{"id": "gen9randombattle-2631802870", "format": "[Gen 9] Random Battle", "players": ["motherlove", "goooze"], "log": "|j|\u203dmotherlove\n|j|\u2606goooze\n|t:|1781441897\n|gametype|singles\n|player|p1|motherlove|preschooler|2192\n|player|p2|goooze|li|2187\n|gen|9\n|tier|[Gen 9] Random Battle\n|rated|\n|rule|Species Clause: Limit one of each Pok\u00e9mon\n|rule|HP Percentage Mod: HP is shown in percentages\n|rule|Sleep Clause Mod: Limit one foe put to sleep\n|rule|Illusion Level Mod: Illusion disguises the Pok\u00e9mon's true level\n|\n|t:|1781441897\n|teamsize|p1|6\n|teamsize|p2|6\n|start\n|switch|p1a: Medicham|Medicham, L86, M|243/243\n|switch|p2a: Ting-Lu|Ting-Lu, L78|370/370\n|-ability|p2a: Ting-Lu|Vessel of Ruin\n|turn|1\n|\n|t:|1781441916\n|switch|p2a: Dachsbun|Dachsbun, L92, F|254/254\n|move|p1a: Medicham|Close Combat|p2a: Dachsbun\n|-resisted|p2a: Dachsbun\n|-damage|p2a: Dachsbun|158/254\n|-unboost|p1a: Medicham|def|1\n|-unboost|p1a: Medicham|spd|1\n|\n|-heal|p2a: Dachsbun|173/254|[from] item: Leftovers\n|upkeep\n|turn|2\n|inactive|Battle timer is ON: inactive players will automatically lose when time's up. (requested by goooze)\n|inactive|motherlove has 120 seconds left.\n|inactive|motherlove has 90 seconds left.\n|\n|t:|1781441980\n|switch|p1a: Amoonguss|Amoonguss, L82, F|321/321\n|move|p2a: Dachsbun|Wish|p2a: Dachsbun\n|\n|-heal|p2a: Dachsbun|188/254|[from] item: Leftovers\n|upkeep\n|turn|3\n|inactive|goooze has 120 seconds left.\n|\n|t:|1781442019\n|move|p2a: Dachsbun|Protect|p2a: Dachsbun\n|-singleturn|p2a: Dachsbun|Protect\n|move|p1a: Amoonguss|Sludge Bomb|p2a: Dachsbun\n|-activate|p2a: Dachsbun|move: Protect\n|\n|-heal|p2a: Dachsbun|254/254|[from] move: Wish|[wisher] Dachsbun\n|upkeep\n|turn|4\n|inactive|goooze has 120 seconds left.\n|\n|t:|1781442038\n|switch|p2a: Moltres|Moltres-Galar, L79|271/271\n|move|p1a: Amoonguss|Sludge Bomb|p2a: Moltres\n|-damage|p2a: Moltres|202/271\n|-status|p2a: Moltres|psn\n|\n|-damage|p2a: Moltres|169/271 psn|[from] psn\n|upkeep\n|turn|5\n|inactive|goooze has 120 seconds left.\n|\n|t:|1781442053\n|move|p2a: Moltres|Hurricane|p1a: Amoonguss|[miss]\n|-miss|p2a: Moltres|p1a: Amoonguss\n|move|p1a: Amoonguss|Clear Smog|p2a: Moltres\n|-damage|p2a: Moltres|132/271 psn\n|-clearboost|p2a: Moltres\n|-ability|p2a: Moltres|Berserk|boost\n|-boost|p2a: Moltres|spa|1\n|\n|-damage|p2a: Moltres|99/271 psn|[from] psn\n|upkeep\n|turn|6\n|inactive|motherlove has 120 seconds left.\n|\n|t:|1781442079\n|switch|p1a: Arcanine|Arcanine, L84, M|288/288\n|-ability|p1a: Arcanine|Intimidate|boost\n|-unboost|p2a: Moltres|atk|1\n|move|p2a: Moltres|Rest|p2a: Moltres\n|-status|p2a: Moltres|slp|[from] move: Rest\n|-heal|p2a: Moltres|271/271 slp|[silent]\n|-enditem|p2a: Moltres|Chesto Berry|[eat]\n|-curestatus|p2a: Moltres|slp|[msg]\n|\n|upkeep\n|turn|7\n|inactive|motherlove has 120 seconds left.\n|inactive|goooze has 120 seconds left.\n|\n|t:|1781442095\n|move|p1a: Arcanine|Flare Blitz|p2a: Moltres\n|-damage|p2a: Moltres|130/271\n|-damage|p1a: Arcanine|241/288|[from] Recoil\n|-ability|p2a: Moltres|Berserk|boost\n|-boost|p2a: Moltres|spa|1\n|move|p2a: Moltres|Fiery Wrath|p1a: Arcanine\n|-damage|p1a: Arcanine|63/288\n|\n|upkeep\n|turn|8\n|inactive|motherlove has 120 seconds left.\n|\n|t:|1781442116\n|switch|p2a: Dachsbun|Dachsbun, L92, F|254/254\n|move|p1a: Arcanine|Flare Blitz|p2a: Dachsbun\n|-ability|p2a: Dachsbun|Well-Baked Body|boost\n|-boost|p2a: Dachsbun|def|2\n|\n|upkeep\n|turn|9\n|\n|t:|1781442134\n|switch|p1a: Amoonguss|Amoonguss, L82, F|321/321\n|move|p2a: Dachsbun|Yawn|p1a: Amoonguss\n|-start|p1a: Amoonguss|move: Yawn|[of] p2a: Dachsbun\n|\n|upkeep\n|turn|10\n|\n|t:|1781442141\n|switch|p1a: Arcanine|Arcanine, L84, M|63/288\n|-ability|p1a: Arcanine|Intimidate|boost\n|-unboost|p2a: Dachsbun|atk|1\n|move|p2a: Dachsbun|Wish|p2a: Dachsbun\n|\n|upkeep\n|turn|11\n|\n|t:|1781442145\n|move|p2a: Dachsbun|Play Rough|p1a: Arcanine\n|-resisted|p1a: Arcanine\n|-damage|p1a: Arcanine|31/288\n|move|p1a: Arcanine|Morning Sun|p1a: Arcanine\n|-heal|p1a: Arcanine|175/288\n|\n|upkeep\n|turn|12\n|inactive|motherlove has 120 seconds left.\n|\n|t:|1781442173\n|switch|p1a: Amoonguss|Amoonguss, L82, F|321/321\n|move|p2a: Dachsbun|Yawn|p1a: Amoonguss\n|-start|p1a: Amoonguss|move: Yawn|[of] p2a: Dachsbun\n|\n|upkeep\n|turn|13\n|\n|t:|1781442185\n|switch|p1a: Solgaleo|Solgaleo, L74|325/325\n|move|p2a: Dachsbun|Wish|p2a: Dachsbun\n|\n|upkeep\n|turn|14\n|\n|t:|1781442210\n|switch|p2a: Moltres|Moltres-Galar, L79|130/271\n|move|p1a: Solgaleo|Sunsteel Strike|p2a: Moltres\n|-damage|p2a: Moltres|19/271\n|\n|-heal|p2a: Moltres|146/271|[from] move: Wish|[wisher] Dachsbun\n|upkeep\n|turn|15\n|inactive|motherlove has 90 seconds left.\n|\n|t:|1781442245\n|switch|p1a: Ogerpon|Ogerpon-Cornerstone, L76, F|247/247\n|move|p2a: Moltres|Nasty Plot|p2a: Moltres\n|-boost|p2a: Moltres|spa|2\n|\n|upkeep\n|turn|16\n|inactive|motherlove has 90 seconds left.\n|inactive|goooze has 120 seconds left.\n|\n|t:|1781442271\n|switch|p2a: Dachsbun|Dachsbun, L92, F|254/254\n|move|p1a: Ogerpon|Ivy Cudgel|p2a: Dachsbun|[anim] Ivy Cudgel Rock\n|-damage|p2a: Dachsbun|161/254\n|\n|-heal|p2a: Dachsbun|176/254|[from] item: Leftovers\n|upkeep\n|turn|17\n|inactive|motherlove has 90 seconds left.\n|\n|t:|1781442284\n|move|p2a: Dachsbun|Wish|p2a: Dachsbun\n|move|p1a: Ogerpon|Swords Dance|p1a: Ogerpon\n|-boost|p1a: Ogerpon|atk|2\n|\n|-heal|p2a: Dachsbun|191/254|[from] item: Leftovers\n|upkeep\n|turn|18\n|\n|t:|1781442292\n|move|p2a: Dachsbun|Yawn|p1a: Ogerpon\n|-start|p1a: Ogerpon|move: Yawn|[of] p2a: Dachsbun\n|move|p1a: Ogerpon|Ivy Cudgel|p2a: Dachsbun|[anim] Ivy Cudgel Rock\n|-damage|p2a: Dachsbun|22/254\n|\n|-heal|p2a: Dachsbun|149/254|[from] move: Wish|[wisher] Dachsbun\n|-heal|p2a: Dachsbun|164/254|[from] item: Leftovers\n|upkeep\n|turn|19\n|inactive|goooze has 120 seconds left.\n|\n|t:|1781442315\n|switch|p2a: Ting-Lu|Ting-Lu, L78|370/370\n|-ability|p2a: Ting-Lu|Vessel of Ruin\n|switch|p1a: Amoonguss|Amoonguss, L82, F|321/321\n|\n|upkeep\n|turn|20\n|\n|t:|1781442325\n|move|p2a: Ting-Lu|Ruination|p1a: Amoonguss\n|-damage|p1a: Amoonguss|161/321\n|move|p1a: Amoonguss|Sludge Bomb|p2a: Ting-Lu\n|-resisted|p2a: Ting-Lu\n|-damage|p2a: Ting-Lu|346/370\n|\n|-heal|p1a: Amoonguss|181/321|[from] item: Leftovers\n|upkeep\n|turn|21\n|\n|t:|1781442334\n|move|p2a: Ting-Lu|Earthquake|p1a: Amoonguss\n|-damage|p1a: Amoonguss|66/321\n|move|p1a: Amoonguss|Giga Drain|p2a: Ting-Lu\n|-supereffective|p2a: Ting-Lu\n|-damage|p2a: Ting-Lu|268/370\n|-heal|p1a: Amoonguss|105/321|[from] drain|[of] p2a: Ting-Lu\n|\n|-heal|p1a: Amoonguss|125/321|[from] item: Leftovers\n|upkeep\n|turn|22\n|\n|t:|1781442352\n|move|p2a: Ting-Lu|Earthquake|p1a: Amoonguss\n|-damage|p1a: Amoonguss|8/321\n|move|p1a: Amoonguss|Spore|p2a: Ting-Lu\n|-status|p2a: Ting-Lu|slp|[from] move: Spore\n|\n|-heal|p1a: Amoonguss|28/321|[from] item: Leftovers\n|upkeep\n|turn|23\n|\n|t:|1781442360\n|switch|p2a: Moltres|Moltres-Galar, L79|146/271\n|move|p1a: Amoonguss|Giga Drain|p2a: Moltres\n|-resisted|p2a: Moltres\n|-damage|p2a: Moltres|120/271\n|-heal|p1a: Amoonguss|41/321|[from] drain|[of] p2a: Moltres\n|-ability|p2a: Moltres|Berserk|boost\n|-boost|p2a: Moltres|spa|1\n|\n|-heal|p1a: Amoonguss|61/321|[from] item: Leftovers\n|upkeep\n|turn|24\n|inactive|motherlove has 90 seconds left.\n|\n|t:|1781442391\n|switch|p1a: Pyroar|Pyroar, L88, F|295/295\n|-ability|p1a: Pyroar|Unnerve\n|move|p2a: Moltres|Hurricane|p1a: Pyroar\n|-damage|p1a: Pyroar|112/295\n|-start|p1a: Pyroar|confusion\n|\n|upkeep\n|turn|25\n|inactive|motherlove has 90 seconds left.\n|inactive|goooze has 120 seconds left.\n|\n|t:|1781442430\n|switch|p2a: Ting-Lu|Ting-Lu, L78|268/370 slp\n|-ability|p2a: Ting-Lu|Vessel of Ruin\n|-activate|p1a: Pyroar|confusion\n|-damage|p1a: Pyroar|91/295|[from] confusion\n|\n|upkeep\n|turn|26\n|inactive|motherlove has 90 seconds left.\n|\n|t:|1781442444\n|switch|p1a: Ogerpon|Ogerpon-Cornerstone, L76, F|247/247\n|cant|p2a: Ting-Lu|slp\n|\n|upkeep\n|turn|27\n|\n|t:|1781442455\n|move|p1a: Ogerpon|Swords Dance|p1a: Ogerpon\n|-boost|p1a: Ogerpon|atk|2\n|cant|p2a: Ting-Lu|slp\n|\n|upkeep\n|turn|28\n|\n|t:|1781442467\n|-terastallize|p2a: Ting-Lu|Poison\n|move|p1a: Ogerpon|Horn Leech|p2a: Ting-Lu\n|-resisted|p2a: Ting-Lu\n|-damage|p2a: Ting-Lu|192/370 slp\n|cant|p2a: Ting-Lu|slp\n|\n|upkeep\n|turn|29\n|inactive|motherlove has 90 seconds left.\n|\n|t:|1781442501\n|move|p1a: Ogerpon|Ivy Cudgel|p2a: Ting-Lu|[anim] Ivy Cudgel Rock\n|-damage|p2a: Ting-Lu|0 fnt\n|faint|p2a: Ting-Lu\n|\n|upkeep\n|\n|t:|1781442515\n|switch|p2a: Barraskewda|Barraskewda, L81, M|231/231\n|turn|30\n|inactive|motherlove has 90 seconds left.\n|\n|t:|1781442531\n|move|p2a: Barraskewda|Flip Turn|p1a: Ogerpon\n|-damage|p1a: Ogerpon|129/247\n|\n|t:|1781442535\n|switch|p2a: Dudunsparce|Dudunsparce, L83, F|343/343|[from] Flip Turn\n|move|p1a: Ogerpon|Horn Leech|p2a: Dudunsparce\n|-damage|p2a: Dudunsparce|153/343\n|-heal|p1a: Ogerpon|224/247|[from] drain|[of] p2a: Dudunsparce\n|\n|-heal|p2a: Dudunsparce|174/343|[from] item: Leftovers\n|upkeep\n|turn|31\n|inactive|motherlove has 90 seconds left.\n|inactive|motherlove has 60 seconds left.\n|inactive|motherlove has 30 seconds left.\n|inactive|motherlove has 20 seconds left.\n|\n|t:|1781442619\n|switch|p2a: Moltres|Moltres-Galar, L79|120/271\n|move|p1a: Ogerpon|Superpower|p2a: Moltres\n|-damage|p2a: Moltres|0 fnt\n|-unboost|p1a: Ogerpon|atk|1\n|-unboost|p1a: Ogerpon|def|1\n|faint|p2a: Moltres\n|\n|upkeep\n|\n|t:|1781442625\n|switch|p2a: Barraskewda|Barraskewda, L81, M|231/231\n|turn|32\n|inactive|motherlove has 30 seconds left.\n|inactive|motherlove has 20 seconds left.\n|inactive|motherlove has 15 seconds left.\n|\n|t:|1781442650\n|switch|p1a: Amoonguss|Amoonguss, L82, F|168/321\n|move|p2a: Barraskewda|Close Combat|p1a: Amoonguss\n|-resisted|p1a: Amoonguss\n|-damage|p1a: Amoonguss|89/321\n|-unboost|p2a: Barraskewda|def|1\n|-unboost|p2a: Barraskewda|spd|1\n|\n|-heal|p1a: Amoonguss|109/321|[from] item: Leftovers\n|upkeep\n|turn|33\n|inactive|motherlove has 25 seconds left this turn.\n|\n|t:|1781442659\n|switch|p2a: Dudunsparce|Dudunsparce, L83, F|174/343\n|move|p1a: Amoonguss|Spore|p2a: Dudunsparce\n|-status|p2a: Dudunsparce|slp|[from] move: Spore\n|\n|-heal|p2a: Dudunsparce|195/343 slp|[from] item: Leftovers\n|-heal|p1a: Amoonguss|129/321|[from] item: Leftovers\n|upkeep\n|turn|34\n|inactive|motherlove has 30 seconds left.\n|inactive|goooze has 120 seconds left.\n|inactive|motherlove has 20 seconds left.\n|\n|t:|1781442676\n|switch|p2a: Haxorus|Haxorus, L77, F|244/244\n|-ability|p2a: Haxorus|Mold Breaker\n|switch|p1a: Medicham|Medicham, L86, M|243/243\n|\n|upkeep\n|turn|35\n|inactive|motherlove has 30 seconds left this turn.\n|inactive|goooze has 120 seconds left.\n|\n|t:|1781442684\n|switch|p2a: Dudunsparce|Dudunsparce, L83, F|195/343 slp\n|move|p1a: Medicham|Close Combat|p2a: Dudunsparce\n|-supereffective|p2a: Dudunsparce\n|-damage|p2a: Dudunsparce|0 fnt\n|-unboost|p1a: Medicham|def|1\n|-unboost|p1a: Medicham|spd|1\n|faint|p2a: Dudunsparce\n|\n|upkeep\n|\n|t:|1781442687\n|switch|p2a: Barraskewda|Barraskewda, L81, M|231/231\n|turn|36\n|inactive|motherlove has 30 seconds left.\n|inactive|motherlove has 20 seconds left.\n|inactive|motherlove has 15 seconds left.\n|inactive|motherlove has 10 seconds left.\n|\n|t:|1781442721\n|move|p2a: Barraskewda|Flip Turn|p1a: Medicham\n|-damage|p1a: Medicham|78/243\n|\n|t:|1781442724\n|switch|p2a: Dachsbun|Dachsbun, L92, F|164/254|[from] Flip Turn\n|move|p1a: Medicham|Close Combat|p2a: Dachsbun\n|-resisted|p2a: Dachsbun\n|-damage|p2a: Dachsbun|54/254\n|-unboost|p1a: Medicham|def|1\n|-unboost|p1a: Medicham|spd|1\n|\n|-heal|p2a: Dachsbun|69/254|[from] item: Leftovers\n|upkeep\n|turn|37\n|inactive|motherlove has 25 seconds left this turn.\n|inactive|motherlove has 20 seconds left.\n|\n|t:|1781442732\n|switch|p1a: Amoonguss|Amoonguss, L82, F|236/321\n|move|p2a: Dachsbun|Wish|p2a: Dachsbun\n|\n|-heal|p2a: Dachsbun|84/254|[from] item: Leftovers\n|-heal|p1a: Amoonguss|256/321|[from] item: Leftovers\n|upkeep\n|turn|38\n|inactive|motherlove has 30 seconds left this turn.\n|\n|t:|1781442738\n|move|p2a: Dachsbun|Protect|p2a: Dachsbun\n|-singleturn|p2a: Dachsbun|Protect\n|move|p1a: Amoonguss|Sludge Bomb|p2a: Dachsbun\n|-activate|p2a: Dachsbun|move: Protect\n|\n|-heal|p2a: Dachsbun|211/254|[from] move: Wish|[wisher] Dachsbun\n|-heal|p2a: Dachsbun|226/254|[from] item: Leftovers\n|-heal|p1a: Amoonguss|276/321|[from] item: Leftovers\n|upkeep\n|turn|39\n|\n|t:|1781442742\n|move|p2a: Dachsbun|Yawn|p1a: Amoonguss\n|-start|p1a: Amoonguss|move: Yawn|[of] p2a: Dachsbun\n|move|p1a: Amoonguss|Sludge Bomb|p2a: Dachsbun\n|-supereffective|p2a: Dachsbun\n|-damage|p2a: Dachsbun|58/254\n|\n|-heal|p2a: Dachsbun|73/254|[from] item: Leftovers\n|-heal|p1a: Amoonguss|296/321|[from] item: Leftovers\n|upkeep\n|turn|40\n|inactive|motherlove has 30 seconds left.\n|\n|t:|1781442771\n|switch|p1a: Arcanine|Arcanine, L84, M|175/288\n|-ability|p1a: Arcanine|Intimidate|boost\n|-unboost|p2a: Dachsbun|atk|1\n|move|p2a: Dachsbun|Wish|p2a: Dachsbun\n|\n|-heal|p2a: Dachsbun|88/254|[from] item: Leftovers\n|upkeep\n|turn|41\n|inactive|motherlove has 30 seconds left.\n|\n|t:|1781442786\n|switch|p2a: Haxorus|Haxorus, L77, F|244/244\n|-ability|p2a: Haxorus|Mold Breaker\n|move|p1a: Arcanine|Morning Sun|p1a: Arcanine\n|-heal|p1a: Arcanine|288/288\n|\n|upkeep\n|turn|42\n|inactive|motherlove has 30 seconds left.\n|inactive|motherlove has 20 seconds left.\n|inactive|motherlove has 15 seconds left.\n|inactive|motherlove has 10 seconds left.\n|inactive|motherlove has 5 seconds left.\n|-message|motherlove lost due to inactivity.\n|\n|win|goooze\n", "inputlog": ">version a8376a258c1d4662feba110a92103f3664a72141\n>start {\"formatid\":\"gen9randombattle\",\"seed\":\"sodium,4d486fd595f6580a55810ea28f382f7e\",\"rated\":\"Rated battle\"}\n>player p1 {\"name\":\"motherlove\",\"avatar\":\"preschooler\",\"rating\":2192,\"seed\":\"sodium,6ca1cfc2fa47d15fb8a33e61ddc0cf7d\"}\n>player p2 {\"name\":\"goooze\",\"avatar\":\"li\",\"rating\":2187,\"seed\":\"sodium,02e669418173fa1e5870259e4d0dbcd2\"}\n>p1 move closecombat\n>p2 switch 2\n>p1 switch 3\n>p2 move wish\n>p1 move sludgebomb\n>p2 move protect\n>p1 move sludgebomb\n>p2 switch 3\n>p1 move clearsmog\n>p2 move hurricane\n>p1 switch 4\n>p2 move rest\n>p1 move flareblitz\n>p2 move fierywrath\n>p1 move flareblitz\n>p2 switch 3\n>p1 switch 4\n>p2 move yawn\n>p1 switch 4\n>p2 move wish\n>p1 move morningsun\n>p2 move playrough\n>p1 switch 4\n>p2 move yawn\n>p1 switch 2\n>p2 move wish\n>p1 move sunsteelstrike\n>p2 switch 3\n>p1 switch 6\n>p2 move nastyplot\n>p1 move ivycudgel\n>p2 switch 3\n>p1 move swordsdance\n>p2 move wish\n>p1 move ivycudgel\n>p2 move yawn\n>p1 switch 2\n>p2 switch 2\n>p1 move sludgebomb\n>p2 move ruination\n>p1 move gigadrain\n>p2 move earthquake\n>p1 move spore\n>p2 move earthquake\n>p1 move gigadrain\n>p2 switch 3\n>p1 switch 5\n>p2 move hurricane\n>p1 move hypervoice\n>p2 switch 3\n>p1 switch 2\n>p2 move earthquake\n>p1 move swordsdance\n>p2 move heavyslam\n>p1 move hornleech\n>p2 move heavyslam terastallize\n>p1 move ivycudgel\n>p2 move heavyslam\n>p2 switch 4\n>p1 move hornleech\n>p2 move flipturn\n>p2 switch 6\n>p1 move superpower\n>p2 switch 3\n>p2 switch 6\n>p1 switch 5\n>p2 move closecombat\n>p1 move spore\n>p2 switch 3\n>p1 switch 3\n>p2 switch 5\n>p1 move closecombat\n>p2 switch 5\n>p2 switch 3\n>p1 move closecombat\n>p2 move flipturn\n>p2 switch 2\n>p1 switch 3\n>p2 move wish\n>p1 move sludgebomb\n>p2 move protect\n>p1 move sludgebomb\n>p2 move yawn\n>p1 switch 4\n>p2 move wish\n>p1 move morningsun\n>p2 switch 5\n>forcelose p1", "uploadtime": 1781441899, "views": 4, "formatid": "gen9randombattle", "rating": null, "private": 0, "password": null}