{"id": "gen9randombattle-2631995334", "format": "[Gen 9] Random Battle", "players": ["pagenfranskane", "Zabalilla"], "log": "|j|\u2606pagenfranskane\n|j|\u2606Zabalilla\n|t:|1781463971\n|gametype|singles\n|player|p1|pagenfranskane|battlegirl|1948\n|player|p2|Zabalilla|101|1961\n|gen|9\n|tier|[Gen 9] Random Battle\n|rated|\n|rule|Species Clause: Limit one of each Pok\u00e9mon\n|rule|HP Percentage Mod: HP is shown in percentages\n|rule|Sleep Clause Mod: Limit one foe put to sleep\n|rule|Illusion Level Mod: Illusion disguises the Pok\u00e9mon's true level\n|\n|t:|1781463971\n|teamsize|p1|6\n|teamsize|p2|6\n|start\n|switch|p1a: Sandslash|Sandslash-Alola, L88, M|275/275\n|switch|p2a: Dewgong|Dewgong, L94, F|322/322\n|turn|1\n|inactive|Battle timer is ON: inactive players will automatically lose when time's up. (requested by Zabalilla)\n|\n|t:|1781463976\n|move|p2a: Dewgong|Hydro Pump|p1a: Sandslash|[miss]\n|-miss|p2a: Dewgong|p1a: Sandslash\n|move|p1a: Sandslash|Knock Off|p2a: Dewgong\n|-damage|p2a: Dewgong|254/322\n|-enditem|p2a: Dewgong|Assault Vest|[from] move: Knock Off|[of] p1a: Sandslash\n|\n|upkeep\n|turn|2\n|\n|t:|1781463980\n|move|p2a: Dewgong|Hydro Pump|p1a: Sandslash\n|-damage|p1a: Sandslash|185/275\n|move|p1a: Sandslash|Rapid Spin|p2a: Dewgong\n|-damage|p2a: Dewgong|217/322\n|-boost|p1a: Sandslash|spe|1\n|\n|upkeep\n|turn|3\n|\n|t:|1781463983\n|move|p1a: Sandslash|Iron Head|p2a: Dewgong\n|-damage|p2a: Dewgong|123/322\n|move|p2a: Dewgong|Knock Off|p1a: Sandslash\n|-damage|p1a: Sandslash|135/275\n|-enditem|p1a: Sandslash|Assault Vest|[from] move: Knock Off|[of] p2a: Dewgong\n|\n|upkeep\n|turn|4\n|\n|t:|1781463987\n|move|p1a: Sandslash|Iron Head|p2a: Dewgong\n|-damage|p2a: Dewgong|33/322\n|move|p2a: Dewgong|Hydro Pump|p1a: Sandslash\n|-damage|p1a: Sandslash|0 fnt\n|faint|p1a: Sandslash\n|\n|upkeep\n|\n|t:|1781463995\n|switch|p1a: Spectrier|Spectrier, L75|274/274\n|turn|5\n|\n|t:|1781464000\n|switch|p2a: Fezandipiti|Fezandipiti, L82, M|278/278\n|move|p1a: Spectrier|Dark Pulse|p2a: Fezandipiti\n|-resisted|p2a: Fezandipiti\n|-damage|p2a: Fezandipiti|247/278\n|-damage|p1a: Spectrier|247/274|[from] item: Life Orb\n|\n|-heal|p2a: Fezandipiti|264/278|[from] item: Leftovers\n|upkeep\n|turn|6\n|\n|t:|1781464006\n|switch|p1a: Orthworm|Orthworm, L88, F|266/266\n|move|p2a: Fezandipiti|Swords Dance|p2a: Fezandipiti\n|-boost|p2a: Fezandipiti|atk|2\n|\n|-heal|p2a: Fezandipiti|278/278|[from] item: Leftovers\n|upkeep\n|turn|7\n|\n|t:|1781464011\n|switch|p2a: Poliwrath|Poliwrath, L88, F|302/302\n|move|p1a: Orthworm|Coil|p1a: Orthworm\n|-boost|p1a: Orthworm|atk|1\n|-boost|p1a: Orthworm|def|1\n|-boost|p1a: Orthworm|accuracy|1\n|\n|upkeep\n|turn|8\n|\n|t:|1781464016\n|move|p2a: Poliwrath|Bulk Up|p2a: Poliwrath\n|-boost|p2a: Poliwrath|atk|1\n|-boost|p2a: Poliwrath|def|1\n|move|p1a: Orthworm|Coil|p1a: Orthworm\n|-boost|p1a: Orthworm|atk|1\n|-boost|p1a: Orthworm|def|1\n|-boost|p1a: Orthworm|accuracy|1\n|\n|upkeep\n|turn|9\n|\n|t:|1781464020\n|move|p2a: Poliwrath|Bulk Up|p2a: Poliwrath\n|-boost|p2a: Poliwrath|atk|1\n|-boost|p2a: Poliwrath|def|1\n|move|p1a: Orthworm|Iron Tail|p2a: Poliwrath\n|-resisted|p2a: Poliwrath\n|-damage|p2a: Poliwrath|257/302\n|\n|-heal|p2a: Poliwrath|275/302|[from] item: Leftovers\n|upkeep\n|turn|10\n|\n|t:|1781464023\n|move|p2a: Poliwrath|Bulk Up|p2a: Poliwrath\n|-boost|p2a: Poliwrath|atk|1\n|-boost|p2a: Poliwrath|def|1\n|move|p1a: Orthworm|Coil|p1a: Orthworm\n|-boost|p1a: Orthworm|atk|1\n|-boost|p1a: Orthworm|def|1\n|-boost|p1a: Orthworm|accuracy|1\n|\n|-heal|p2a: Poliwrath|293/302|[from] item: Leftovers\n|upkeep\n|turn|11\n|\n|t:|1781464026\n|move|p2a: Poliwrath|Bulk Up|p2a: Poliwrath\n|-boost|p2a: Poliwrath|atk|1\n|-boost|p2a: Poliwrath|def|1\n|move|p1a: Orthworm|Body Press|p2a: Poliwrath\n|-damage|p2a: Poliwrath|227/302\n|\n|-heal|p2a: Poliwrath|245/302|[from] item: Leftovers\n|upkeep\n|turn|12\n|\n|t:|1781464028\n|move|p2a: Poliwrath|Bulk Up|p2a: Poliwrath\n|-boost|p2a: Poliwrath|atk|1\n|-boost|p2a: Poliwrath|def|1\n|move|p1a: Orthworm|Coil|p1a: Orthworm\n|-boost|p1a: Orthworm|atk|1\n|-boost|p1a: Orthworm|def|1\n|-boost|p1a: Orthworm|accuracy|1\n|\n|-heal|p2a: Poliwrath|263/302|[from] item: Leftovers\n|upkeep\n|turn|13\n|\n|t:|1781464031\n|move|p2a: Poliwrath|Bulk Up|p2a: Poliwrath\n|-boost|p2a: Poliwrath|atk|1\n|-boost|p2a: Poliwrath|def|1\n|move|p1a: Orthworm|Coil|p1a: Orthworm\n|-boost|p1a: Orthworm|atk|1\n|-boost|p1a: Orthworm|def|1\n|-boost|p1a: Orthworm|accuracy|1\n|\n|-heal|p2a: Poliwrath|281/302|[from] item: Leftovers\n|upkeep\n|turn|14\n|\n|t:|1781464035\n|move|p2a: Poliwrath|Liquidation|p1a: Orthworm\n|-damage|p1a: Orthworm|194/266\n|move|p1a: Orthworm|Coil|p1a: Orthworm\n|-boost|p1a: Orthworm|atk|1\n|-boost|p1a: Orthworm|def|1\n|-boost|p1a: Orthworm|accuracy|1\n|\n|-heal|p2a: Poliwrath|299/302|[from] item: Leftovers\n|upkeep\n|turn|15\n|\n|t:|1781464041\n|move|p2a: Poliwrath|Drain Punch|p1a: Orthworm\n|-supereffective|p1a: Orthworm\n|-damage|p1a: Orthworm|86/266\n|-heal|p2a: Poliwrath|302/302|[from] drain|[of] p1a: Orthworm\n|move|p1a: Orthworm|Iron Tail|p2a: Poliwrath\n|-resisted|p2a: Poliwrath\n|-damage|p2a: Poliwrath|257/302\n|\n|-heal|p2a: Poliwrath|275/302|[from] item: Leftovers\n|upkeep\n|turn|16\n|\n|t:|1781464051\n|-terastallize|p1a: Orthworm|Electric\n|move|p2a: Poliwrath|Drain Punch|p1a: Orthworm\n|-damage|p1a: Orthworm|32/266\n|-heal|p2a: Poliwrath|302/302|[from] drain|[of] p1a: Orthworm\n|move|p1a: Orthworm|Rest|p1a: Orthworm\n|-status|p1a: Orthworm|slp|[from] move: Rest\n|-heal|p1a: Orthworm|266/266 slp|[silent]\n|-enditem|p1a: Orthworm|Chesto Berry|[eat]\n|-curestatus|p1a: Orthworm|slp|[msg]\n|\n|upkeep\n|turn|17\n|\n|t:|1781464054\n|move|p2a: Poliwrath|Liquidation|p1a: Orthworm\n|-damage|p1a: Orthworm|205/266\n|-unboost|p1a: Orthworm|def|1\n|move|p1a: Orthworm|Iron Tail|p2a: Poliwrath\n|-resisted|p2a: Poliwrath\n|-damage|p2a: Poliwrath|252/302\n|\n|-heal|p2a: Poliwrath|270/302|[from] item: Leftovers\n|upkeep\n|turn|18\n|\n|t:|1781464057\n|move|p2a: Poliwrath|Poison Jab|p1a: Orthworm\n|-damage|p1a: Orthworm|157/266\n|-status|p1a: Orthworm|psn\n|move|p1a: Orthworm|Coil|p1a: Orthworm\n|-boost|p1a: Orthworm|atk|0\n|-boost|p1a: Orthworm|def|1\n|-boost|p1a: Orthworm|accuracy|0\n|\n|-heal|p2a: Poliwrath|288/302|[from] item: Leftovers\n|-damage|p1a: Orthworm|124/266 psn|[from] psn\n|upkeep\n|turn|19\n|\n|t:|1781464062\n|move|p2a: Poliwrath|Liquidation|p1a: Orthworm\n|-damage|p1a: Orthworm|63/266 psn\n|-unboost|p1a: Orthworm|def|1\n|move|p1a: Orthworm|Rest|p1a: Orthworm\n|-status|p1a: Orthworm|slp|[from] move: Rest\n|-heal|p1a: Orthworm|266/266 slp|[silent]\n|\n|-heal|p2a: Poliwrath|302/302|[from] item: Leftovers\n|upkeep\n|turn|20\n|\n|t:|1781464067\n|move|p2a: Poliwrath|Liquidation|p1a: Orthworm\n|-damage|p1a: Orthworm|188/266 slp\n|-unboost|p1a: Orthworm|def|1\n|cant|p1a: Orthworm|slp\n|\n|upkeep\n|turn|21\n|\n|t:|1781464070\n|move|p2a: Poliwrath|Liquidation|p1a: Orthworm\n|-crit|p1a: Orthworm\n|-damage|p1a: Orthworm|0 fnt\n|faint|p1a: Orthworm\n|\n|upkeep\n|\n|t:|1781464071\n|switch|p1a: Jolteon|Jolteon, L84, M|246/246\n|turn|22\n|\n|t:|1781464076\n|-terastallize|p2a: Poliwrath|Fighting\n|move|p1a: Jolteon|Volt Switch|p2a: Poliwrath\n|-damage|p2a: Poliwrath|187/302\n|\n|t:|1781464082\n|switch|p1a: Lugia|Lugia, L73|275/275|[from] Volt Switch\n|move|p2a: Poliwrath|Drain Punch|p1a: Lugia\n|-resisted|p1a: Lugia\n|-damage|p1a: Lugia|231/275\n|-heal|p2a: Poliwrath|209/302|[from] drain|[of] p1a: Lugia\n|\n|-heal|p2a: Poliwrath|227/302|[from] item: Leftovers\n|upkeep\n|turn|23\n|\n|t:|1781464086\n|move|p1a: Lugia|Aeroblast|p2a: Poliwrath\n|-supereffective|p2a: Poliwrath\n|-damage|p2a: Poliwrath|75/302\n|move|p2a: Poliwrath|Liquidation|p1a: Lugia\n|-damage|p1a: Lugia|0 fnt\n|faint|p1a: Lugia\n|\n|-heal|p2a: Poliwrath|93/302|[from] item: Leftovers\n|upkeep\n|\n|t:|1781464089\n|switch|p1a: Jolteon|Jolteon, L84, M|246/246\n|turn|24\n|\n|t:|1781464094\n|move|p1a: Jolteon|Thunderbolt|p2a: Poliwrath\n|-damage|p2a: Poliwrath|0 fnt\n|faint|p2a: Poliwrath\n|\n|upkeep\n|\n|t:|1781464097\n|switch|p2a: Dragapult|Dragapult, L77, F|262/262\n|turn|25\n|\n|t:|1781464103\n|move|p1a: Jolteon|Thunderbolt|p2a: Dragapult\n|-resisted|p2a: Dragapult\n|-damage|p2a: Dragapult|169/262\n|-start|p1a: Jolteon|Disable|Thunderbolt|[from] ability: Cursed Body|[of] p2a: Dragapult\n|move|p2a: Dragapult|Dragon Darts|p1a: Jolteon\n|-damage|p1a: Jolteon|173/246\n|-anim|p2a: Dragapult|Dragon Darts|p1a: Jolteon\n|-damage|p1a: Jolteon|109/246\n|\n|upkeep\n|turn|26\n|\n|t:|1781464107\n|switch|p1a: Altaria|Altaria, L89, M|278/278\n|move|p2a: Dragapult|Hex|p1a: Altaria\n|-damage|p1a: Altaria|230/278\n|\n|upkeep\n|turn|27\n|\n|t:|1781464111\n|move|p2a: Dragapult|Dragon Darts|p1a: Altaria\n|-supereffective|p1a: Altaria\n|-damage|p1a: Altaria|126/278\n|-anim|p2a: Dragapult|Dragon Darts|p1a: Altaria\n|-supereffective|p1a: Altaria\n|-damage|p1a: Altaria|18/278\n|move|p1a: Altaria|Dragon Dance|p1a: Altaria\n|-boost|p1a: Altaria|atk|1\n|-boost|p1a: Altaria|spe|1\n|\n|upkeep\n|turn|28\n|\n|t:|1781464117\n|move|p1a: Altaria|Brave Bird|p2a: Dragapult\n|-damage|p2a: Dragapult|0 fnt\n|-start|p1a: Altaria|Disable|Brave Bird|[from] ability: Cursed Body|[of] p2a: Dragapult\n|faint|p2a: Dragapult\n|-damage|p1a: Altaria|0 fnt|[from] Recoil\n|faint|p1a: Altaria\n|\n|upkeep\n|\n|t:|1781464121\n|switch|p2a: Avalugg|Avalugg-Hisui, L90, M|317/317\n|switch|p1a: Jolteon|Jolteon, L84, M|109/246\n|turn|29\n|\n|t:|1781464125\n|move|p1a: Jolteon|Thunderbolt|p2a: Avalugg\n|-damage|p2a: Avalugg|55/317\n|move|p2a: Avalugg|Avalanche|p1a: Jolteon\n|-damage|p1a: Jolteon|0 fnt\n|faint|p1a: Jolteon\n|\n|upkeep\n|\n|t:|1781464127\n|switch|p1a: Spectrier|Spectrier, L75|247/274\n|turn|30\n|\n|t:|1781464130\n|move|p1a: Spectrier|Nasty Plot|p1a: Spectrier\n|-boost|p1a: Spectrier|spa|2\n|move|p2a: Avalugg|Avalanche|p1a: Spectrier\n|-damage|p1a: Spectrier|121/274\n|\n|upkeep\n|turn|31\n|\n|t:|1781464132\n|move|p1a: Spectrier|Shadow Ball|p2a: Avalugg\n|-damage|p2a: Avalugg|0 fnt\n|faint|p2a: Avalugg\n|-ability|p1a: Spectrier|Grim Neigh|boost\n|-boost|p1a: Spectrier|spa|1\n|-damage|p1a: Spectrier|94/274|[from] item: Life Orb\n|\n|upkeep\n|\n|t:|1781464133\n|switch|p2a: Fezandipiti|Fezandipiti, L82, M|278/278\n|turn|32\n|\n|t:|1781464136\n|move|p1a: Spectrier|Shadow Ball|p2a: Fezandipiti\n|-damage|p2a: Fezandipiti|54/278\n|-damage|p1a: Spectrier|67/274|[from] item: Life Orb\n|move|p2a: Fezandipiti|Play Rough|p1a: Spectrier\n|-damage|p1a: Spectrier|0 fnt\n|faint|p1a: Spectrier\n|\n|win|Zabalilla\n", "inputlog": ">version a8376a258c1d4662feba110a92103f3664a72141\n>start {\"formatid\":\"gen9randombattle\",\"seed\":\"sodium,c4d73bb70da9c8607d2c9d7638925b4d\",\"rated\":\"Rated battle\"}\n>player p1 {\"name\":\"pagenfranskane\",\"avatar\":\"battlegirl\",\"rating\":1948,\"seed\":\"sodium,43f11e7d1e4077f26c860e265123c2ce\"}\n>player p2 {\"name\":\"Zabalilla\",\"avatar\":\"101\",\"rating\":1961,\"seed\":\"sodium,20a3cbab48dd9e009f545791a7eae375\"}\n>p1 move knockoff\n>p2 move hydropump\n>p1 move rapidspin\n>p2 move hydropump\n>p1 move ironhead\n>p2 move knockoff\n>p1 move ironhead\n>p2 move hydropump\n>p1 switch 5\n>p1 move darkpulse\n>p2 switch 6\n>p1 switch 4\n>p2 move swordsdance\n>p1 move coil\n>p2 switch 3\n>p1 move coil\n>p2 move bulkup\n>p1 move irontail\n>p2 move bulkup\n>p1 move coil\n>p2 move bulkup\n>p1 move bodypress\n>p2 move bulkup\n>p1 move coil\n>p2 move bulkup\n>p1 move coil\n>p2 move bulkup\n>p1 move coil\n>p2 move liquidation\n>p1 move irontail\n>p2 move drainpunch\n>p1 move rest terastallize\n>p2 move drainpunch\n>p1 move irontail\n>p2 move liquidation\n>p1 move coil\n>p2 move poisonjab\n>p1 move rest\n>p2 move liquidation\n>p1 move irontail\n>p2 move liquidation\n>p1 move coil\n>p2 move liquidation\n>p1 switch 2\n>p1 move voltswitch\n>p2 move drainpunch terastallize\n>p1 switch 6\n>p1 move aeroblast\n>p2 move liquidation\n>p1 switch 6\n>p1 move thunderbolt\n>p2 move liquidation\n>p2 switch 5\n>p1 move thunderbolt\n>p2 move dragondarts\n>p1 switch 3\n>p2 move hex\n>p1 move dragondance\n>p2 move dragondarts\n>p1 move bravebird\n>p2 move dragondarts\n>p1 switch 3\n>p2 switch 2\n>p1 move thunderbolt\n>p2 move avalanche\n>p1 switch 4\n>p1 move nastyplot\n>p2 move avalanche\n>p1 move shadowball\n>p2 move avalanche\n>p2 switch 3\n>p1 move shadowball\n>p2 move playrough", "uploadtime": 1781463973, "views": 4, "formatid": "gen9randombattle", "rating": null, "private": 0, "password": null}