{"id": "gen9randombattle-2631629792", "format": "[Gen 9] Random Battle", "players": ["Chickenadoboy", "Jadasteel"], "log": "|j|\u2606Chickenadoboy\n|j|\u2606Jadasteel\n|t:|1781411497\n|gametype|singles\n|player|p1|Chickenadoboy|266|2073\n|player|p2|Jadasteel|fantina|2008\n|gen|9\n|tier|[Gen 9] Random Battle\n|rated|\n|rule|Species Clause: Limit one of each Pok\u00e9mon\n|rule|HP Percentage Mod: HP is shown in percentages\n|rule|Sleep Clause Mod: Limit one foe put to sleep\n|rule|Illusion Level Mod: Illusion disguises the Pok\u00e9mon's true level\n|\n|t:|1781411497\n|teamsize|p1|6\n|teamsize|p2|6\n|start\n|switch|p1a: Braviary|Braviary, L85, M|309/309\n|switch|p2a: Oranguru|Oranguru, L92, M|315/315\n|turn|1\n|inactive|Battle timer is ON: inactive players will automatically lose when time's up. (requested by Jadasteel)\n|\n|t:|1781411516\n|switch|p2a: Oricorio|Oricorio-Pom-Pom, L82, F|257/257\n|move|p1a: Braviary|Bulk Up|p1a: Braviary\n|-boost|p1a: Braviary|atk|1\n|-boost|p1a: Braviary|def|1\n|\n|upkeep\n|turn|2\n|\n|t:|1781411531\n|switch|p1a: Slaking|Slaking, L84, M|389/389\n|move|p2a: Oricorio|Quiver Dance|p2a: Oricorio\n|-boost|p2a: Oricorio|spa|1\n|-boost|p2a: Oricorio|spd|1\n|-boost|p2a: Oricorio|spe|1\n|\n|upkeep\n|turn|3\n|\n|t:|1781411541\n|move|p2a: Oricorio|Revelation Dance|p1a: Slaking\n|-damage|p1a: Slaking|227/389\n|move|p1a: Slaking|Double-Edge|p2a: Oricorio\n|-damage|p2a: Oricorio|0 fnt\n|faint|p2a: Oricorio\n|-damage|p1a: Slaking|142/389|[from] Recoil\n|\n|upkeep\n|\n|t:|1781411557\n|switch|p2a: Azelf|Azelf, L82|257/257\n|turn|4\n|\n|t:|1781411576\n|switch|p1a: Golduck|Golduck, L90, F|290/290\n|-ability|p1a: Golduck|Cloud Nine\n|move|p2a: Azelf|Stealth Rock|p1a: Golduck\n|-sidestart|p1: Chickenadoboy|move: Stealth Rock\n|\n|upkeep\n|turn|5\n|\n|t:|1781411591\n|switch|p2a: Muk|Muk-Alola, L82, F|306/306\n|move|p1a: Golduck|Hydro Pump|p2a: Muk\n|-damage|p2a: Muk|185/306\n|\n|upkeep\n|turn|6\n|\n|t:|1781411603\n|move|p1a: Golduck|Hydro Pump|p2a: Muk\n|-damage|p2a: Muk|53/306\n|move|p2a: Muk|Knock Off|p1a: Golduck\n|-damage|p1a: Golduck|187/290\n|-enditem|p1a: Golduck|Choice Specs|[from] move: Knock Off|[of] p2a: Muk\n|\n|upkeep\n|turn|7\n|\n|t:|1781411613\n|move|p2a: Muk|Shadow Sneak|p1a: Golduck\n|-damage|p1a: Golduck|156/290\n|move|p1a: Golduck|Ice Beam|p2a: Muk\n|-damage|p2a: Muk|9/306\n|\n|upkeep\n|turn|8\n|\n|t:|1781411620\n|move|p1a: Golduck|Ice Beam|p2a: Muk\n|-damage|p2a: Muk|0 fnt\n|faint|p2a: Muk\n|\n|upkeep\n|\n|t:|1781411628\n|switch|p2a: Azelf|Azelf, L82|257/257\n|turn|9\n|\n|t:|1781411638\n|move|p2a: Azelf|Psychic|p1a: Golduck\n|-crit|p1a: Golduck\n|-damage|p1a: Golduck|0 fnt\n|faint|p1a: Golduck\n|\n|upkeep\n|\n|t:|1781411653\n|switch|p1a: Chien-Pao|Chien-Pao, L72|234/234\n|-ability|p1a: Chien-Pao|Sword of Ruin\n|turn|10\n|\n|t:|1781411667\n|switch|p2a: Sandslash|Sandslash, L89, M|278/278\n|move|p1a: Chien-Pao|Throat Chop|p2a: Sandslash\n|-damage|p2a: Sandslash|205/278\n|-start|p2a: Sandslash|Throat Chop|[silent]\n|\n|upkeep\n|turn|11\n|\n|t:|1781411678\n|switch|p1a: Suicune|Suicune, L82|298/298\n|-damage|p1a: Suicune|261/298|[from] Stealth Rock\n|-ability|p1a: Suicune|Pressure\n|move|p2a: Sandslash|Rapid Spin|p1a: Suicune\n|-damage|p1a: Suicune|230/298\n|-boost|p2a: Sandslash|spe|1\n|\n|-heal|p1a: Suicune|248/298|[from] item: Leftovers\n|-end|p2a: Sandslash|Throat Chop|[silent]\n|upkeep\n|turn|12\n|\n|t:|1781411697\n|switch|p2a: Sinistcha|Sinistcha-Masterpiece, L83|254/254\n|move|p1a: Suicune|Scald|p2a: Sinistcha\n|-resisted|p2a: Sinistcha\n|-crit|p2a: Sinistcha\n|-damage|p2a: Sinistcha|188/254\n|\n|-heal|p1a: Suicune|266/298|[from] item: Leftovers\n|-heal|p2a: Sinistcha|203/254|[from] item: Leftovers\n|upkeep\n|turn|13\n|\n|t:|1781411704\n|switch|p1a: Braviary|Braviary, L85, M|309/309\n|move|p2a: Sinistcha|Strength Sap|p1a: Braviary\n|-unboost|p1a: Braviary|atk|1\n|-ability|p1a: Braviary|Defiant|boost\n|-boost|p1a: Braviary|atk|2\n|-heal|p2a: Sinistcha|254/254\n|\n|upkeep\n|turn|14\n|\n|t:|1781411715\n|switch|p2a: Sandslash|Sandslash, L89, M|205/278\n|move|p1a: Braviary|Brave Bird|p2a: Sandslash\n|-damage|p2a: Sandslash|4/278\n|-damage|p1a: Braviary|243/309|[from] Recoil\n|\n|upkeep\n|turn|15\n|\n|t:|1781411727\n|move|p1a: Braviary|Brave Bird|p2a: Sandslash\n|-damage|p2a: Sandslash|0 fnt\n|faint|p2a: Sandslash\n|-damage|p1a: Braviary|242/309|[from] Recoil\n|\n|upkeep\n|\n|t:|1781411734\n|switch|p2a: Azelf|Azelf, L82|257/257\n|turn|16\n|\n|t:|1781411746\n|move|p2a: Azelf|Psychic|p1a: Braviary\n|-damage|p1a: Braviary|121/309\n|move|p1a: Braviary|Roost|p1a: Braviary\n|-heal|p1a: Braviary|276/309\n|-singleturn|p1a: Braviary|move: Roost\n|\n|upkeep\n|turn|17\n|\n|t:|1781411752\n|move|p2a: Azelf|Encore|p1a: Braviary\n|-start|p1a: Braviary|Encore\n|move|p1a: Braviary|Roost|p1a: Braviary\n|-heal|p1a: Braviary|309/309\n|-singleturn|p1a: Braviary|move: Roost\n|\n|upkeep\n|turn|18\n|\n|t:|1781411758\n|switch|p1a: Slaking|Slaking, L84, M|142/389\n|-damage|p1a: Slaking|94/389|[from] Stealth Rock\n|move|p2a: Azelf|Knock Off|p1a: Slaking\n|-damage|p1a: Slaking|16/389\n|-enditem|p1a: Slaking|Choice Band|[from] move: Knock Off|[of] p2a: Azelf\n|\n|upkeep\n|turn|19\n|\n|t:|1781411763\n|move|p2a: Azelf|Knock Off|p1a: Slaking\n|-damage|p1a: Slaking|0 fnt\n|faint|p1a: Slaking\n|\n|upkeep\n|\n|t:|1781411765\n|switch|p1a: Chien-Pao|Chien-Pao, L72|234/234\n|-ability|p1a: Chien-Pao|Sword of Ruin\n|turn|20\n|\n|t:|1781411785\n|move|p2a: Azelf|Knock Off|p1a: Chien-Pao\n|-resisted|p1a: Chien-Pao\n|-damage|p1a: Chien-Pao|183/234\n|-enditem|p1a: Chien-Pao|Heavy-Duty Boots|[from] move: Knock Off|[of] p2a: Azelf\n|move|p1a: Chien-Pao|Throat Chop|p2a: Azelf\n|-supereffective|p2a: Azelf\n|-damage|p2a: Azelf|23/257\n|-start|p2a: Azelf|Throat Chop|[silent]\n|\n|-heal|p2a: Azelf|39/257|[from] item: Leftovers\n|upkeep\n|turn|21\n|\n|t:|1781411796\n|move|p1a: Chien-Pao|Swords Dance|p1a: Chien-Pao\n|-boost|p1a: Chien-Pao|atk|2\n|move|p2a: Azelf|Encore|p1a: Chien-Pao\n|-start|p1a: Chien-Pao|Encore\n|\n|-heal|p2a: Azelf|55/257|[from] item: Leftovers\n|-end|p2a: Azelf|Throat Chop|[silent]\n|upkeep\n|turn|22\n|\n|t:|1781411803\n|switch|p1a: Suicune|Suicune, L82|266/298\n|-damage|p1a: Suicune|229/298|[from] Stealth Rock\n|-ability|p1a: Suicune|Pressure\n|switch|p2a: Sinistcha|Sinistcha-Masterpiece, L83|254/254\n|\n|-heal|p1a: Suicune|247/298|[from] item: Leftovers\n|upkeep\n|turn|23\n|\n|t:|1781411808\n|switch|p1a: Braviary|Braviary, L85, M|309/309\n|move|p2a: Sinistcha|Calm Mind|p2a: Sinistcha\n|-boost|p2a: Sinistcha|spa|1\n|-boost|p2a: Sinistcha|spd|1\n|\n|upkeep\n|turn|24\n|\n|t:|1781411813\n|-terastallize|p2a: Sinistcha|Steel\n|move|p1a: Braviary|Brave Bird|p2a: Sinistcha\n|-resisted|p2a: Sinistcha\n|-damage|p2a: Sinistcha|182/254\n|-damage|p1a: Braviary|285/309|[from] Recoil\n|move|p2a: Sinistcha|Matcha Gotcha|p1a: Braviary\n|-resisted|p1a: Braviary\n|-damage|p1a: Braviary|202/309\n|-heal|p2a: Sinistcha|224/254|[from] drain|[of] p1a: Braviary\n|\n|-heal|p2a: Sinistcha|239/254|[from] item: Leftovers\n|upkeep\n|turn|25\n|\n|t:|1781411824\n|move|p1a: Braviary|Bulk Up|p1a: Braviary\n|-boost|p1a: Braviary|atk|1\n|-boost|p1a: Braviary|def|1\n|move|p2a: Sinistcha|Matcha Gotcha|p1a: Braviary\n|-resisted|p1a: Braviary\n|-damage|p1a: Braviary|117/309\n|-heal|p2a: Sinistcha|254/254|[from] drain|[of] p1a: Braviary\n|\n|upkeep\n|turn|26\n|\n|t:|1781411828\n|move|p1a: Braviary|Roost|p1a: Braviary\n|-heal|p1a: Braviary|272/309\n|-singleturn|p1a: Braviary|move: Roost\n|move|p2a: Sinistcha|Matcha Gotcha|p1a: Braviary\n|-damage|p1a: Braviary|109/309\n|\n|upkeep\n|turn|27\n|\n|t:|1781411831\n|move|p1a: Braviary|Close Combat|p2a: Sinistcha\n|-supereffective|p2a: Sinistcha\n|-damage|p2a: Sinistcha|0 fnt\n|-unboost|p1a: Braviary|def|1\n|-unboost|p1a: Braviary|spd|1\n|faint|p2a: Sinistcha\n|\n|upkeep\n|\n|t:|1781411842\n|switch|p2a: Azelf|Azelf, L82|55/257\n|turn|28\n|\n|t:|1781411854\n|switch|p1a: Chien-Pao|Chien-Pao, L72|183/234\n|-damage|p1a: Chien-Pao|125/234|[from] Stealth Rock\n|-ability|p1a: Chien-Pao|Sword of Ruin\n|move|p2a: Azelf|Psychic|p1a: Chien-Pao\n|-immune|p1a: Chien-Pao\n|\n|-heal|p2a: Azelf|71/257|[from] item: Leftovers\n|upkeep\n|turn|29\n|\n|t:|1781411860\n|move|p2a: Azelf|Knock Off|p1a: Chien-Pao\n|-resisted|p1a: Chien-Pao\n|-damage|p1a: Chien-Pao|90/234\n|move|p1a: Chien-Pao|Throat Chop|p2a: Azelf\n|-supereffective|p2a: Azelf\n|-damage|p2a: Azelf|0 fnt\n|faint|p2a: Azelf\n|\n|upkeep\n|\n|t:|1781411865\n|switch|p2a: Oranguru|Oranguru, L92, M|315/315\n|turn|30\n|\n|t:|1781411871\n|-terastallize|p1a: Chien-Pao|Dark\n|move|p1a: Chien-Pao|Throat Chop|p2a: Oranguru\n|-supereffective|p2a: Oranguru\n|-damage|p2a: Oranguru|59/315\n|-start|p2a: Oranguru|Throat Chop|[silent]\n|move|p2a: Oranguru|Focus Blast|p1a: Chien-Pao\n|-supereffective|p1a: Chien-Pao\n|-crit|p1a: Chien-Pao\n|-damage|p1a: Chien-Pao|0 fnt\n|faint|p1a: Chien-Pao\n|-damage|p2a: Oranguru|28/315|[from] item: Life Orb\n|\n|upkeep\n|\n|t:|1781411880\n|switch|p1a: Cinderace|Cinderace, L77, F|249/249\n|-damage|p1a: Cinderace|187/249|[from] Stealth Rock\n|turn|31\n|-message|Jadasteel forfeited.\n|\n|win|Chickenadoboy\n", "uploadtime": 1781411499, "views": 3, "formatid": "gen9randombattle", "rating": null, "private": 0, "password": null}