{"id": "gen9randombattle-2631797883", "format": "[Gen 9] Random Battle", "players": ["Mastersatanr", "kormorano"], "log": "|j|\u2606Mastersatanr\n|j|\u2606kormorano\n|t:|1781441188\n|gametype|singles\n|player|p1|Mastersatanr|acetrainer-gen2|1971\n|player|p2|kormorano|102|2049\n|gen|9\n|tier|[Gen 9] Random Battle\n|rated|\n|rule|Species Clause: Limit one of each Pok\u00e9mon\n|rule|HP Percentage Mod: HP is shown in percentages\n|rule|Sleep Clause Mod: Limit one foe put to sleep\n|rule|Illusion Level Mod: Illusion disguises the Pok\u00e9mon's true level\n|\n|t:|1781441188\n|teamsize|p1|6\n|teamsize|p2|6\n|start\n|switch|p1a: Hitmontop|Hitmontop, L88, M|231/231\n|switch|p2a: Iron Leaves|Iron Leaves, L80|275/275\n|turn|1\n|inactive|Battle timer is ON: inactive players will automatically lose when time's up. (requested by kormorano)\n|\n|t:|1781441204\n|move|p2a: Iron Leaves|Psyblade|p1a: Hitmontop\n|-supereffective|p1a: Hitmontop\n|-damage|p1a: Hitmontop|13/231\n|-damage|p2a: Iron Leaves|248/275|[from] item: Life Orb\n|move|p1a: Hitmontop|Triple Axel|p2a: Iron Leaves\n|-supereffective|p2a: Iron Leaves\n|-damage|p2a: Iron Leaves|198/275\n|-supereffective|p2a: Iron Leaves\n|-damage|p2a: Iron Leaves|106/275\n|-supereffective|p2a: Iron Leaves\n|-damage|p2a: Iron Leaves|0 fnt\n|faint|p2a: Iron Leaves\n|-end|p2a: Iron Leaves|Quark Drive|[silent]\n|-hitcount|p2: Iron Leaves|3\n|\n|-heal|p1a: Hitmontop|27/231|[from] item: Leftovers\n|upkeep\n|\n|t:|1781441214\n|switch|p2a: Iron Treads|Iron Treads, L77|265/265\n|turn|2\n|\n|t:|1781441225\n|switch|p1a: Great Tusk|Great Tusk, L77|304/304\n|move|p2a: Iron Treads|Rapid Spin|p1a: Great Tusk\n|-damage|p1a: Great Tusk|277/304\n|-boost|p2a: Iron Treads|spe|1\n|\n|-heal|p1a: Great Tusk|296/304|[from] item: Leftovers\n|upkeep\n|turn|3\n|\n|t:|1781441233\n|-end|p2a: Iron Treads|Quark Drive|[silent]\n|switch|p2a: Noivern|Noivern, L82, M|274/274\n|move|p1a: Great Tusk|Close Combat|p2a: Noivern\n|-resisted|p2a: Noivern\n|-damage|p2a: Noivern|206/274\n|-unboost|p1a: Great Tusk|def|1\n|-unboost|p1a: Great Tusk|spd|1\n|\n|-heal|p1a: Great Tusk|304/304|[from] item: Leftovers\n|upkeep\n|turn|4\n|\n|t:|1781441250\n|-end|p1a: Great Tusk|Protosynthesis|[silent]\n|switch|p1a: Hitmontop|Hitmontop, L88, M|27/231\n|move|p2a: Noivern|Hurricane|p1a: Hitmontop\n|-supereffective|p1a: Hitmontop\n|-damage|p1a: Hitmontop|0 fnt\n|faint|p1a: Hitmontop\n|\n|upkeep\n|\n|t:|1781441254\n|switch|p1a: Zekrom|Zekrom, L71|259/259\n|-ability|p1a: Zekrom|Teravolt\n|turn|5\n|\n|t:|1781441270\n|switch|p2a: Iron Treads|Iron Treads, L77|265/265\n|switch|p1a: Delphox|Delphox, L84, M|263/263\n|\n|upkeep\n|turn|6\n|\n|t:|1781441277\n|-end|p2a: Iron Treads|Quark Drive|[silent]\n|switch|p2a: Vigoroth|Vigoroth, L85, M|275/275\n|move|p1a: Delphox|Psyshock|p2a: Vigoroth\n|-damage|p2a: Vigoroth|178/275\n|\n|upkeep\n|turn|7\n|\n|t:|1781441286\n|switch|p1a: Tropius|Tropius, L91, M|328/328\n|move|p2a: Vigoroth|Slack Off|p2a: Vigoroth\n|-heal|p2a: Vigoroth|275/275\n|\n|upkeep\n|turn|8\n|\n|t:|1781441290\n|move|p2a: Vigoroth|Knock Off|p1a: Tropius\n|-damage|p1a: Tropius|270/328\n|-enditem|p1a: Tropius|Sitrus Berry|[from] move: Knock Off|[of] p2a: Vigoroth\n|move|p1a: Tropius|Substitute|p1a: Tropius\n|-start|p1a: Tropius|Substitute\n|-damage|p1a: Tropius|188/328\n|\n|upkeep\n|turn|9\n|\n|t:|1781441297\n|switch|p2a: Noivern|Noivern, L82, M|206/274\n|move|p1a: Tropius|Leech Seed|p2a: Noivern\n|-start|p2a: Noivern|move: Leech Seed\n|\n|-damage|p2a: Noivern|172/274|[from] Leech Seed|[of] p1a: Tropius\n|-heal|p1a: Tropius|222/328|[silent]\n|upkeep\n|turn|10\n|\n|t:|1781441302\n|move|p1a: Tropius|Protect|p1a: Tropius\n|-singleturn|p1a: Tropius|Protect\n|move|p2a: Noivern|Hurricane|p1a: Tropius\n|-activate|p1a: Tropius|move: Protect\n|\n|-damage|p2a: Noivern|138/274|[from] Leech Seed|[of] p1a: Tropius\n|-heal|p1a: Tropius|256/328|[silent]\n|upkeep\n|turn|11\n|\n|t:|1781441308\n|move|p2a: Noivern|Hurricane|p1a: Tropius\n|-supereffective|p1a: Tropius\n|-damage|p1a: Tropius|0 fnt\n|faint|p1a: Tropius\n|\n|upkeep\n|\n|t:|1781441313\n|switch|p1a: Zekrom|Zekrom, L71|259/259\n|-ability|p1a: Zekrom|Teravolt\n|turn|12\n|\n|t:|1781441319\n|switch|p2a: Iron Treads|Iron Treads, L77|265/265\n|switch|p1a: Great Tusk|Great Tusk, L77|304/304\n|\n|upkeep\n|turn|13\n|\n|t:|1781441322\n|-end|p2a: Iron Treads|Quark Drive|[silent]\n|switch|p2a: Vikavolt|Vikavolt, L83, F|263/263\n|move|p1a: Great Tusk|Bulk Up|p1a: Great Tusk\n|-boost|p1a: Great Tusk|atk|1\n|-boost|p1a: Great Tusk|def|1\n|\n|upkeep\n|turn|14\n|\n|t:|1781441326\n|move|p1a: Great Tusk|Bulk Up|p1a: Great Tusk\n|-boost|p1a: Great Tusk|atk|1\n|-boost|p1a: Great Tusk|def|1\n|move|p2a: Vikavolt|Sticky Web|p1a: Great Tusk\n|-sidestart|p1: Mastersatanr|move: Sticky Web\n|\n|upkeep\n|turn|15\n|\n|t:|1781441331\n|move|p1a: Great Tusk|Stone Edge|p2a: Vikavolt|[miss]\n|-miss|p1a: Great Tusk|p2a: Vikavolt\n|move|p2a: Vikavolt|Bug Buzz|p1a: Great Tusk\n|-resisted|p1a: Great Tusk\n|-damage|p1a: Great Tusk|201/304\n|\n|-heal|p1a: Great Tusk|220/304|[from] item: Leftovers\n|upkeep\n|turn|16\n|\n|t:|1781441333\n|move|p1a: Great Tusk|Stone Edge|p2a: Vikavolt|[miss]\n|-miss|p1a: Great Tusk|p2a: Vikavolt\n|move|p2a: Vikavolt|Bug Buzz|p1a: Great Tusk\n|-resisted|p1a: Great Tusk\n|-damage|p1a: Great Tusk|124/304\n|\n|-heal|p1a: Great Tusk|143/304|[from] item: Leftovers\n|upkeep\n|turn|17\n|\n|t:|1781441335\n|move|p1a: Great Tusk|Stone Edge|p2a: Vikavolt|[miss]\n|-miss|p1a: Great Tusk|p2a: Vikavolt\n|move|p2a: Vikavolt|Bug Buzz|p1a: Great Tusk\n|-resisted|p1a: Great Tusk\n|-damage|p1a: Great Tusk|50/304\n|\n|-heal|p1a: Great Tusk|69/304|[from] item: Leftovers\n|upkeep\n|turn|18\n|c|\u2606Mastersatanr|Hello\n|\n|t:|1781441342\n|move|p1a: Great Tusk|Stone Edge|p2a: Vikavolt\n|-supereffective|p2a: Vikavolt\n|-damage|p2a: Vikavolt|0 fnt\n|faint|p2a: Vikavolt\n|\n|-heal|p1a: Great Tusk|88/304|[from] item: Leftovers\n|upkeep\n|\n|t:|1781441344\n|switch|p2a: Noivern|Noivern, L82, M|138/274\n|turn|19\n|\n|t:|1781441347\n|-terastallize|p1a: Great Tusk|Steel\n|move|p2a: Noivern|Flamethrower|p1a: Great Tusk\n|-supereffective|p1a: Great Tusk\n|-damage|p1a: Great Tusk|0 fnt\n|faint|p1a: Great Tusk\n|-end|p1a: Great Tusk|Protosynthesis|[silent]\n|\n|upkeep\n|\n|t:|1781441356\n|switch|p1a: Delphox|Delphox, L84, M|263/263\n|-activate|p1a: Delphox|move: Sticky Web\n|-unboost|p1a: Delphox|spe|1\n|turn|20\n|\n|t:|1781441362\n|switch|p2a: Vigoroth|Vigoroth, L85, M|275/275\n|move|p1a: Delphox|Psyshock|p2a: Vigoroth\n|-damage|p2a: Vigoroth|178/275\n|\n|upkeep\n|turn|21\n|\n|t:|1781441368\n|switch|p1a: Incineroar|Incineroar, L82, F|290/290\n|-ability|p1a: Incineroar|Intimidate|boost\n|-unboost|p2a: Vigoroth|atk|1\n|move|p2a: Vigoroth|Body Slam|p1a: Incineroar\n|-damage|p1a: Incineroar|235/290\n|\n|upkeep\n|turn|22\n|\n|t:|1781441375\n|move|p2a: Vigoroth|Body Slam|p1a: Incineroar\n|-damage|p1a: Incineroar|181/290\n|move|p1a: Incineroar|Will-O-Wisp|p2a: Vigoroth\n|-status|p2a: Vigoroth|brn\n|\n|-damage|p2a: Vigoroth|161/275 brn|[from] brn\n|upkeep\n|turn|23\n|\n|t:|1781441386\n|move|p2a: Vigoroth|Body Slam|p1a: Incineroar\n|-damage|p1a: Incineroar|154/290\n|move|p1a: Incineroar|Close Combat|p2a: Vigoroth\n|-supereffective|p2a: Vigoroth\n|-damage|p2a: Vigoroth|29/275 brn\n|-unboost|p1a: Incineroar|def|1\n|-unboost|p1a: Incineroar|spd|1\n|\n|-damage|p2a: Vigoroth|12/275 brn|[from] brn\n|upkeep\n|turn|24\n|\n|t:|1781441390\n|move|p2a: Vigoroth|Body Slam|p1a: Incineroar\n|-damage|p1a: Incineroar|116/290\n|-status|p1a: Incineroar|par\n|move|p1a: Incineroar|Knock Off|p2a: Vigoroth\n|-damage|p2a: Vigoroth|0 fnt\n|-enditem|p2a: Vigoroth|Eviolite|[from] move: Knock Off|[of] p1a: Incineroar\n|faint|p2a: Vigoroth\n|\n|upkeep\n|\n|t:|1781441392\n|switch|p2a: Iron Treads|Iron Treads, L77|265/265\n|turn|25\n|\n|t:|1781441399\n|move|p2a: Iron Treads|Earthquake|p1a: Incineroar\n|-supereffective|p1a: Incineroar\n|-damage|p1a: Incineroar|0 fnt\n|faint|p1a: Incineroar\n|\n|upkeep\n|\n|t:|1781441401\n|switch|p1a: Delphox|Delphox, L84, M|263/263\n|-activate|p1a: Delphox|move: Sticky Web\n|-unboost|p1a: Delphox|spe|1\n|turn|26\n|\n|t:|1781441404\n|move|p2a: Iron Treads|Earthquake|p1a: Delphox\n|-supereffective|p1a: Delphox\n|-damage|p1a: Delphox|35/263\n|move|p1a: Delphox|Fire Blast|p2a: Iron Treads\n|-supereffective|p2a: Iron Treads\n|-damage|p2a: Iron Treads|0 fnt\n|faint|p2a: Iron Treads\n|-end|p2a: Iron Treads|Quark Drive|[silent]\n|\n|upkeep\n|\n|t:|1781441411\n|switch|p2a: Minun|Minun, L95, F|268/268\n|turn|27\n|\n|t:|1781441415\n|move|p2a: Minun|Nasty Plot|p2a: Minun\n|-boost|p2a: Minun|spa|2\n|move|p1a: Delphox|Fire Blast|p2a: Minun|[miss]\n|-miss|p1a: Delphox|p2a: Minun\n|\n|upkeep\n|turn|28\n|\n|t:|1781441418\n|move|p2a: Minun|Thunderbolt|p1a: Delphox\n|-damage|p1a: Delphox|0 fnt\n|faint|p1a: Delphox\n|-damage|p2a: Minun|242/268|[from] item: Life Orb\n|\n|upkeep\n|\n|t:|1781441419\n|switch|p1a: Zekrom|Zekrom, L71|259/259\n|-activate|p1a: Zekrom|move: Sticky Web\n|-unboost|p1a: Zekrom|spe|1\n|-ability|p1a: Zekrom|Teravolt\n|turn|29\n|\n|t:|1781441423\n|move|p2a: Minun|Alluring Voice|p1a: Zekrom\n|-supereffective|p1a: Zekrom\n|-damage|p1a: Zekrom|0 fnt\n|faint|p1a: Zekrom\n|-damage|p2a: Minun|216/268|[from] item: Life Orb\n|\n|win|kormorano\n|raw|Mastersatanr's rating: 1971 &rarr; <strong>1955</strong><br />(-16 for losing)\n|raw|kormorano's rating: 2049 &rarr; <strong>2065</strong><br />(+16 for winning)\n", "inputlog": ">version a8376a258c1d4662feba110a92103f3664a72141\n>start {\"formatid\":\"gen9randombattle\",\"seed\":\"sodium,1a145000d4885f297bb03359b0b268c0\",\"rated\":\"Rated battle\"}\n>player p1 {\"name\":\"Mastersatanr\",\"avatar\":\"acetrainer-gen2\",\"rating\":1971,\"seed\":\"sodium,ed39d11191fc4f0c5890c9ace6eac306\"}\n>player p2 {\"name\":\"kormorano\",\"avatar\":\"102\",\"rating\":2049,\"seed\":\"sodium,8ac749a394e3ee3af852a36303e97396\"}\n>p1 move tripleaxel\n>p2 move psyblade\n>p2 switch 2\n>p1 switch 3\n>p2 move rapidspin\n>p1 move closecombat\n>p2 switch 3\n>p1 switch 3\n>p2 move hurricane\n>p1 switch 4\n>p1 switch 5\n>p2 switch 3\n>p1 move psyshock\n>p2 switch 4\n>p1 switch 2\n>p2 move slackoff\n>p1 move substitute\n>p2 move knockoff\n>p1 move leechseed\n>p2 switch 3\n>p1 move protect\n>p2 move hurricane\n>p1 move substitute\n>p2 move hurricane\n>p1 switch 5\n>p1 switch 3\n>p2 switch 4\n>p1 move bulkup\n>p2 switch 6\n>p1 move bulkup\n>p2 move stickyweb\n>p1 move stoneedge\n>p2 move bugbuzz\n>p1 move stoneedge\n>p2 move bugbuzz\n>p1 move stoneedge\n>p2 move bugbuzz\n>chat \u2606Mastersatanr|Hello\n>p1 move stoneedge\n>p2 move bugbuzz\n>p2 switch 4\n>p1 move stoneedge terastallize\n>p2 move flamethrower\n>p1 switch 2\n>p1 move psyshock\n>p2 switch 3\n>p1 switch 6\n>p2 move bodyslam\n>p1 move willowisp\n>p2 move bodyslam\n>p1 move closecombat\n>p2 move bodyslam\n>p1 move knockoff\n>p2 move bodyslam\n>p2 switch 6\n>p1 move flareblitz\n>p2 move earthquake\n>p1 switch 6\n>p1 move fireblast\n>p2 move earthquake\n>p2 switch 5\n>p1 move fireblast\n>p2 move nastyplot\n>p1 move fireblast\n>p2 move thunderbolt\n>p1 switch 3\n>p1 move dragondance\n>p2 move alluringvoice", "uploadtime": 1781441190, "views": 7, "formatid": "gen9randombattle", "rating": 1955, "private": 0, "password": null}