{"id": "gen9randombattle-2631630116", "format": "[Gen 9] Random Battle", "players": ["lalo's pollos", "Marferno"], "log": "|j|\u2606lalo's pollos\n|j|\u2606Marferno\n|t:|1781411547\n|gametype|singles\n|player|p1|lalo's pollos|1|1980\n|player|p2|Marferno|lucas-gen4pt|1919\n|gen|9\n|tier|[Gen 9] Random Battle\n|rated|\n|rule|Species Clause: Limit one of each Pok\u00e9mon\n|rule|HP Percentage Mod: HP is shown in percentages\n|rule|Sleep Clause Mod: Limit one foe put to sleep\n|rule|Illusion Level Mod: Illusion disguises the Pok\u00e9mon's true level\n|\n|t:|1781411547\n|teamsize|p1|6\n|teamsize|p2|6\n|start\n|switch|p1a: Flamigo|Flamigo, L82, M|269/269\n|switch|p2a: Shaymin|Shaymin, L82|298/298\n|turn|1\n|inactive|Battle timer is ON: inactive players will automatically lose when time's up. (requested by Marferno)\n|inactive|lalo's pollos has 120 seconds left.\n|\n|t:|1781411600\n|move|p2a: Shaymin|Air Slash|p1a: Flamigo|[miss]\n|-miss|p2a: Shaymin|p1a: Flamigo\n|move|p1a: Flamigo|Brave Bird|p2a: Shaymin\n|-supereffective|p2a: Shaymin\n|-damage|p2a: Shaymin|0 fnt\n|faint|p2a: Shaymin\n|-damage|p1a: Flamigo|171/269|[from] Recoil\n|-damage|p1a: Flamigo|145/269|[from] item: Life Orb\n|\n|upkeep\n|\n|t:|1781411612\n|switch|p2a: Enamorus|Enamorus, L79, F|247/247\n|turn|2\n|inactive|lalo's pollos has 120 seconds left.\n|\n|t:|1781411663\n|switch|p1a: Golurk|Golurk, L87|297/297\n|move|p2a: Enamorus|Superpower|p1a: Golurk\n|-immune|p1a: Golurk\n|\n|upkeep\n|turn|3\n|\n|t:|1781411674\n|switch|p2a: Piloswine|Piloswine, L85, M|309/309\n|move|p1a: Golurk|Poltergeist|p2a: Piloswine\n|-activate|p2a: Piloswine|move: Poltergeist|Eviolite\n|-damage|p2a: Piloswine|171/309\n|-damage|p1a: Golurk|268/297|[from] item: Life Orb\n|\n|upkeep\n|turn|4\n|\n|t:|1781411683\n|move|p1a: Golurk|Dynamic Punch|p2a: Piloswine\n|-supereffective|p2a: Piloswine\n|-damage|p2a: Piloswine|12/309\n|-start|p2a: Piloswine|confusion\n|-damage|p1a: Golurk|239/297|[from] item: Life Orb\n|-activate|p2a: Piloswine|confusion\n|move|p2a: Piloswine|Stealth Rock|p1a: Golurk\n|-sidestart|p1: lalo's pollos|move: Stealth Rock\n|\n|upkeep\n|turn|5\n|inactive|lalo's pollos has 120 seconds left.\n|\n|t:|1781411690\n|move|p1a: Golurk|Poltergeist|p2a: Piloswine\n|-activate|p2a: Piloswine|move: Poltergeist|Eviolite\n|-damage|p2a: Piloswine|0 fnt\n|faint|p2a: Piloswine\n|-damage|p1a: Golurk|210/297|[from] item: Life Orb\n|\n|upkeep\n|\n|t:|1781411706\n|switch|p2a: Orthworm|Orthworm, L88, F|266/266\n|turn|6\n|\n|t:|1781411719\n|move|p2a: Orthworm|Shed Tail|p2a: Orthworm\n|-start|p2a: Orthworm|Substitute|[from] move: Shed Tail\n|-damage|p2a: Orthworm|133/266\n|\n|t:|1781411721\n|switch|p2a: Enamorus|Enamorus, L79, F|247/247|[from] Shed Tail\n|move|p1a: Golurk|Dynamic Punch|p2a: Enamorus\n|-resisted|p2a: Enamorus\n|-crit|p2a: Enamorus\n|-activate|p2a: Enamorus|move: Substitute|[damage]\n|-damage|p1a: Golurk|181/297|[from] item: Life Orb\n|\n|upkeep\n|turn|7\n|\n|t:|1781411729\n|move|p2a: Enamorus|Play Rough|p1a: Golurk\n|-damage|p1a: Golurk|81/297\n|move|p1a: Golurk|Poltergeist|p2a: Enamorus\n|-activate|p2a: Enamorus|move: Poltergeist|Leftovers\n|-end|p2a: Enamorus|Substitute\n|-damage|p1a: Golurk|52/297|[from] item: Life Orb\n|\n|upkeep\n|turn|8\n|\n|t:|1781411738\n|move|p2a: Enamorus|Play Rough|p1a: Golurk\n|-damage|p1a: Golurk|0 fnt\n|faint|p1a: Golurk\n|\n|upkeep\n|\n|t:|1781411756\n|switch|p1a: Dudunsparce|Dudunsparce, L83, M|343/343\n|-damage|p1a: Dudunsparce|301/343|[from] Stealth Rock\n|turn|9\n|\n|t:|1781411763\n|move|p2a: Enamorus|Substitute|p2a: Enamorus\n|-start|p2a: Enamorus|Substitute\n|-damage|p2a: Enamorus|186/247\n|move|p1a: Dudunsparce|Glare||[still]\n|-fail|p1a: Dudunsparce\n|\n|-heal|p2a: Enamorus|201/247|[from] item: Leftovers\n|-heal|p1a: Dudunsparce|322/343|[from] item: Leftovers\n|upkeep\n|turn|10\n|-message|lalo's pollos forfeited.\n|\n|win|Marferno\n|raw|lalo&apos;s pollos's rating: 1980 &rarr; <strong>1957</strong><br />(-23 for losing)\n|raw|Marferno's rating: 1919 &rarr; <strong>1942</strong><br />(+23 for winning)\n|l|\u2606lalo's pollos\n|player|p1|\n", "inputlog": ">version a8376a258c1d4662feba110a92103f3664a72141\n>start {\"formatid\":\"gen9randombattle\",\"seed\":\"sodium,3cf8d178c6d10eceb86549ca037baa11\",\"rated\":\"Rated battle\"}\n>player p1 {\"name\":\"lalo's pollos\",\"avatar\":\"1\",\"rating\":1980,\"seed\":\"sodium,3d34b018389d06afed88dba01c0db965\"}\n>player p2 {\"name\":\"Marferno\",\"avatar\":\"lucas-gen4pt\",\"rating\":1919,\"seed\":\"sodium,1ac2021ffe3c5aeb3decc798aecde876\"}\n>p1 move bravebird\n>p2 move airslash\n>p2 switch 4\n>p1 switch 5\n>p2 move superpower\n>p1 move poltergeist\n>p2 switch 2\n>p1 move dynamicpunch\n>p2 move stealthrock\n>p1 move poltergeist\n>p2 move roar\n>p2 switch 6\n>p1 move dynamicpunch\n>p2 move shedtail\n>p2 switch 2\n>p1 move poltergeist\n>p2 move playrough\n>p1 move poltergeist\n>p2 move playrough\n>p1 switch 3\n>p1 move glare\n>p2 move substitute\n>forcelose p1", "uploadtime": 1781411549, "views": 6, "formatid": "gen9randombattle", "rating": 1942, "private": 0, "password": null}