{"id": "gen9randombattle-2631728455", "format": "[Gen 9] Random Battle", "players": ["paddyd121", "joa_27"], "log": "|j|\u2606paddyd121\n|j|\u2606joa_27\n|t:|1781429716\n|gametype|singles\n|player|p1|paddyd121|ethan|1919\n|player|p2|joa_27|harlequin|1910\n|gen|9\n|tier|[Gen 9] Random Battle\n|rated|\n|rule|Species Clause: Limit one of each Pok\u00e9mon\n|rule|HP Percentage Mod: HP is shown in percentages\n|rule|Sleep Clause Mod: Limit one foe put to sleep\n|rule|Illusion Level Mod: Illusion disguises the Pok\u00e9mon's true level\n|\n|t:|1781429716\n|teamsize|p1|6\n|teamsize|p2|6\n|start\n|switch|p1a: Iron Valiant|Iron Valiant, L78|244/244\n|switch|p2a: Infernape|Infernape, L82, M|259/259\n|turn|1\n|\n|t:|1781429746\n|-end|p1a: Iron Valiant|Quark Drive|[silent]\n|switch|p1a: Suicune|Suicune, L82|298/298\n|-ability|p1a: Suicune|Pressure\n|move|p2a: Infernape|Flare Blitz|p1a: Suicune\n|-resisted|p1a: Suicune\n|-damage|p1a: Suicune|216/298\n|-damage|p2a: Infernape|232/259|[from] Recoil\n|\n|-heal|p1a: Suicune|234/298|[from] item: Leftovers\n|upkeep\n|turn|2\n|\n|t:|1781429756\n|switch|p2a: Appletun|Appletun, L92, M|352/352\n|move|p1a: Suicune|Substitute|p1a: Suicune\n|-start|p1a: Suicune|Substitute\n|-damage|p1a: Suicune|160/298\n|\n|-heal|p1a: Suicune|178/298|[from] item: Leftovers\n|upkeep\n|turn|3\n|\n|t:|1781429764\n|move|p1a: Suicune|Protect|p1a: Suicune\n|-singleturn|p1a: Suicune|Protect\n|move|p2a: Appletun|Apple Acid|p1a: Suicune\n|-activate|p1a: Suicune|move: Protect\n|\n|-heal|p1a: Suicune|196/298|[from] item: Leftovers\n|upkeep\n|turn|4\n|\n|t:|1781429775\n|move|p1a: Suicune|Scald|p2a: Appletun\n|-resisted|p2a: Appletun\n|-damage|p2a: Appletun|333/352\n|move|p2a: Appletun|Apple Acid|p1a: Suicune\n|-supereffective|p1a: Suicune\n|-end|p1a: Suicune|Substitute\n|\n|-heal|p1a: Suicune|214/298|[from] item: Leftovers\n|-heal|p2a: Appletun|352/352|[from] item: Leftovers\n|upkeep\n|turn|5\n|\n|t:|1781429810\n|move|p1a: Suicune|Protect|p1a: Suicune\n|-singleturn|p1a: Suicune|Protect\n|move|p2a: Appletun|Apple Acid|p1a: Suicune\n|-activate|p1a: Suicune|move: Protect\n|\n|-heal|p1a: Suicune|232/298|[from] item: Leftovers\n|upkeep\n|turn|6\n|\n|t:|1781429823\n|switch|p1a: Giratina|Giratina-Origin, L72|335/335\n|move|p2a: Appletun|Apple Acid|p1a: Giratina\n|-resisted|p1a: Giratina\n|-damage|p1a: Giratina|281/335\n|-unboost|p1a: Giratina|spd|1\n|\n|upkeep\n|turn|7\n|\n|t:|1781429833\n|switch|p1a: Iron Valiant|Iron Valiant, L78|244/244\n|move|p2a: Appletun|Draco Meteor|p1a: Iron Valiant\n|-immune|p1a: Iron Valiant\n|\n|upkeep\n|turn|8\n|\n|t:|1781429841\n|switch|p2a: Talonflame|Talonflame, L83, F|265/265\n|move|p1a: Iron Valiant|Knock Off|p2a: Talonflame\n|-damage|p2a: Talonflame|149/265\n|-enditem|p2a: Talonflame|Heavy-Duty Boots|[from] move: Knock Off|[of] p1a: Iron Valiant\n|-damage|p1a: Iron Valiant|220/244|[from] item: Life Orb\n|\n|upkeep\n|turn|9\n|\n|t:|1781429853\n|-end|p1a: Iron Valiant|Quark Drive|[silent]\n|switch|p1a: Suicune|Suicune, L82|232/298\n|-ability|p1a: Suicune|Pressure\n|move|p2a: Talonflame|Swords Dance|p2a: Talonflame\n|-boost|p2a: Talonflame|atk|2\n|\n|-heal|p1a: Suicune|250/298|[from] item: Leftovers\n|upkeep\n|turn|10\n|\n|t:|1781429860\n|move|p2a: Talonflame|Brave Bird|p1a: Suicune\n|-damage|p1a: Suicune|76/298\n|-damage|p2a: Talonflame|92/265|[from] Recoil\n|move|p1a: Suicune|Scald|p2a: Talonflame\n|-supereffective|p2a: Talonflame\n|-damage|p2a: Talonflame|0 fnt\n|faint|p2a: Talonflame\n|\n|-heal|p1a: Suicune|94/298|[from] item: Leftovers\n|upkeep\n|\n|t:|1781429864\n|switch|p2a: Infernape|Infernape, L82, M|232/259\n|turn|11\n|\n|t:|1781429870\n|move|p1a: Suicune|Protect|p1a: Suicune\n|-singleturn|p1a: Suicune|Protect\n|move|p2a: Infernape|U-turn|p1a: Suicune\n|-activate|p1a: Suicune|move: Protect\n|\n|-heal|p1a: Suicune|112/298|[from] item: Leftovers\n|upkeep\n|turn|12\n|\n|t:|1781429874\n|move|p2a: Infernape|U-turn|p1a: Suicune\n|-damage|p1a: Suicune|47/298\n|\n|t:|1781429895\n|switch|p2a: Swampert|Swampert, L83, M|302/302|[from] U-turn\n|move|p1a: Suicune|Substitute|p1a: Suicune\n|-fail|p1a: Suicune|move: Substitute|[weak]\n|\n|-heal|p1a: Suicune|65/298|[from] item: Leftovers\n|upkeep\n|turn|13\n|\n|t:|1781429904\n|switch|p1a: Espeon|Espeon, L84, F|246/246\n|move|p2a: Swampert|Knock Off|p1a: Espeon\n|-supereffective|p1a: Espeon\n|-damage|p1a: Espeon|54/246\n|-enditem|p1a: Espeon|Life Orb|[from] move: Knock Off|[of] p2a: Swampert\n|\n|upkeep\n|turn|14\n|\n|t:|1781429911\n|move|p1a: Espeon|Psyshock|p2a: Swampert\n|-damage|p2a: Swampert|205/302\n|move|p2a: Swampert|Earthquake|p1a: Espeon\n|-damage|p1a: Espeon|0 fnt\n|faint|p1a: Espeon\n|\n|-heal|p2a: Swampert|223/302|[from] item: Leftovers\n|upkeep\n|\n|t:|1781429917\n|switch|p1a: Giratina|Giratina-Origin, L72|281/335\n|turn|15\n|\n|t:|1781429923\n|move|p1a: Giratina|Poltergeist|p2a: Swampert\n|-activate|p2a: Swampert|move: Poltergeist|Leftovers\n|-damage|p2a: Swampert|108/302\n|move|p2a: Swampert|Ice Beam|p1a: Giratina\n|-supereffective|p1a: Giratina\n|-damage|p1a: Giratina|153/335\n|\n|-heal|p2a: Swampert|126/302|[from] item: Leftovers\n|upkeep\n|turn|16\n|\n|t:|1781429931\n|switch|p2a: Stonjourner|Stonjourner, L91, M|330/330\n|move|p1a: Giratina|Draco Meteor|p2a: Stonjourner\n|-damage|p2a: Stonjourner|27/330\n|-unboost|p1a: Giratina|spa|2\n|\n|upkeep\n|turn|17\n|\n|t:|1781429943\n|move|p1a: Giratina|Shadow Sneak|p2a: Stonjourner\n|-damage|p2a: Stonjourner|0 fnt\n|faint|p2a: Stonjourner\n|\n|upkeep\n|\n|t:|1781429945\n|switch|p2a: Dachsbun|Dachsbun, L92, M|254/254\n|turn|18\n|\n|t:|1781429959\n|switch|p1a: Suicune|Suicune, L82|65/298\n|-ability|p1a: Suicune|Pressure\n|move|p2a: Dachsbun|Wish|p2a: Dachsbun\n|\n|-heal|p1a: Suicune|83/298|[from] item: Leftovers\n|upkeep\n|turn|19\n|\n|t:|1781429966\n|switch|p2a: Swampert|Swampert, L83, M|126/302\n|move|p1a: Suicune|Scald|p2a: Swampert\n|-damage|p2a: Swampert|45/302\n|-status|p2a: Swampert|brn\n|\n|-heal|p2a: Swampert|172/302 brn|[from] move: Wish|[wisher] Dachsbun\n|-heal|p1a: Suicune|101/298|[from] item: Leftovers\n|-heal|p2a: Swampert|190/302 brn|[from] item: Leftovers\n|-damage|p2a: Swampert|172/302 brn|[from] brn\n|upkeep\n|turn|20\n|\n|t:|1781429975\n|move|p1a: Suicune|Substitute|p1a: Suicune\n|-start|p1a: Suicune|Substitute\n|-damage|p1a: Suicune|27/298\n|move|p2a: Swampert|Roar|p1a: Suicune\n|drag|p1a: Iron Valiant|Iron Valiant, L78|220/244\n|\n|-heal|p2a: Swampert|190/302 brn|[from] item: Leftovers\n|-damage|p2a: Swampert|172/302 brn|[from] brn\n|upkeep\n|turn|21\n|\n|t:|1781429982\n|move|p1a: Iron Valiant|Close Combat|p2a: Swampert\n|-damage|p2a: Swampert|3/302 brn\n|-unboost|p1a: Iron Valiant|def|1\n|-unboost|p1a: Iron Valiant|spd|1\n|-damage|p1a: Iron Valiant|196/244|[from] item: Life Orb\n|move|p2a: Swampert|Ice Beam|p1a: Iron Valiant\n|-damage|p1a: Iron Valiant|72/244\n|\n|-heal|p2a: Swampert|21/302 brn|[from] item: Leftovers\n|-damage|p2a: Swampert|3/302 brn|[from] brn\n|upkeep\n|turn|22\n|\n|t:|1781429988\n|-end|p1a: Iron Valiant|Quark Drive|[silent]\n|switch|p1a: Suicune|Suicune, L82|27/298\n|-ability|p1a: Suicune|Pressure\n|move|p2a: Swampert|Ice Beam|p1a: Suicune\n|-resisted|p1a: Suicune\n|-damage|p1a: Suicune|4/298\n|\n|-heal|p1a: Suicune|22/298|[from] item: Leftovers\n|-heal|p2a: Swampert|21/302 brn|[from] item: Leftovers\n|-damage|p2a: Swampert|3/302 brn|[from] brn\n|upkeep\n|turn|23\n|\n|t:|1781429999\n|move|p1a: Suicune|Scald|p2a: Swampert\n|-damage|p2a: Swampert|0 fnt\n|faint|p2a: Swampert\n|\n|-heal|p1a: Suicune|40/298|[from] item: Leftovers\n|upkeep\n|\n|t:|1781430006\n|switch|p2a: Infernape|Infernape, L82, M|232/259\n|turn|24\n|\n|t:|1781430011\n|move|p1a: Suicune|Protect|p1a: Suicune\n|-singleturn|p1a: Suicune|Protect\n|move|p2a: Infernape|U-turn|p1a: Suicune\n|-activate|p1a: Suicune|move: Protect\n|\n|-heal|p1a: Suicune|58/298|[from] item: Leftovers\n|upkeep\n|turn|25\n|\n|t:|1781430020\n|switch|p1a: Iron Valiant|Iron Valiant, L78|72/244\n|move|p2a: Infernape|U-turn|p1a: Iron Valiant\n|-resisted|p1a: Iron Valiant\n|-damage|p1a: Iron Valiant|53/244\n|\n|t:|1781430025\n|switch|p2a: Dachsbun|Dachsbun, L92, M|254/254|[from] U-turn\n|\n|upkeep\n|turn|26\n|\n|t:|1781430030\n|move|p2a: Dachsbun|Wish|p2a: Dachsbun\n|move|p1a: Iron Valiant|Moonblast|p2a: Dachsbun\n|-damage|p2a: Dachsbun|133/254\n|-damage|p1a: Iron Valiant|29/244|[from] item: Life Orb\n|\n|-heal|p2a: Dachsbun|148/254|[from] item: Leftovers\n|upkeep\n|turn|27\n|\n|t:|1781430041\n|move|p2a: Dachsbun|Body Press|p1a: Iron Valiant\n|-resisted|p1a: Iron Valiant\n|-damage|p1a: Iron Valiant|0 fnt\n|faint|p1a: Iron Valiant\n|-end|p1a: Iron Valiant|Quark Drive|[silent]\n|\n|-heal|p2a: Dachsbun|254/254|[from] move: Wish|[wisher] Dachsbun\n|upkeep\n|\n|t:|1781430047\n|switch|p1a: Vaporeon|Vaporeon, L86, M|364/364\n|turn|28\n|\n|t:|1781430053\n|switch|p2a: Appletun|Appletun, L92, M|352/352\n|move|p1a: Vaporeon|Scald|p2a: Appletun\n|-resisted|p2a: Appletun\n|-damage|p2a: Appletun|328/352\n|\n|-heal|p2a: Appletun|350/352|[from] item: Leftovers\n|upkeep\n|turn|29\n|\n|t:|1781430070\n|-terastallize|p1a: Vaporeon|Poison\n|move|p1a: Vaporeon|Scald|p2a: Appletun\n|-resisted|p2a: Appletun\n|-damage|p2a: Appletun|328/352\n|move|p2a: Appletun|Dragon Tail|p1a: Vaporeon\n|-damage|p1a: Vaporeon|280/364\n|drag|p1a: Terrakion|Terrakion, L79|273/273\n|\n|-heal|p2a: Appletun|350/352|[from] item: Leftovers\n|upkeep\n|turn|30\n|\n|t:|1781430108\n|move|p1a: Terrakion|Swords Dance|p1a: Terrakion\n|-boost|p1a: Terrakion|atk|2\n|move|p2a: Appletun|Apple Acid|p1a: Terrakion\n|-supereffective|p1a: Terrakion\n|-damage|p1a: Terrakion|69/273\n|-unboost|p1a: Terrakion|spd|1\n|\n|-heal|p2a: Appletun|352/352|[from] item: Leftovers\n|upkeep\n|turn|31\n|\n|t:|1781430120\n|switch|p2a: Dachsbun|Dachsbun, L92, M|254/254\n|move|p1a: Terrakion|Stone Edge|p2a: Dachsbun\n|-damage|p2a: Dachsbun|23/254\n|-damage|p1a: Terrakion|42/273|[from] item: Life Orb\n|\n|-heal|p2a: Dachsbun|38/254|[from] item: Leftovers\n|upkeep\n|turn|32\n|\n|t:|1781430129\n|move|p2a: Dachsbun|Protect|p2a: Dachsbun\n|-singleturn|p2a: Dachsbun|Protect\n|move|p1a: Terrakion|Earthquake|p2a: Dachsbun\n|-activate|p2a: Dachsbun|move: Protect\n|\n|-heal|p2a: Dachsbun|53/254|[from] item: Leftovers\n|upkeep\n|turn|33\n|\n|t:|1781430136\n|move|p2a: Dachsbun|Body Press|p1a: Terrakion\n|-supereffective|p1a: Terrakion\n|-damage|p1a: Terrakion|0 fnt\n|faint|p1a: Terrakion\n|\n|-heal|p2a: Dachsbun|68/254|[from] item: Leftovers\n|upkeep\n|\n|t:|1781430146\n|switch|p1a: Vaporeon|Vaporeon, L86, M, tera:Poison|280/364\n|turn|34\n|\n|t:|1781430151\n|switch|p2a: Appletun|Appletun, L92, M|352/352\n|move|p1a: Vaporeon|Scald|p2a: Appletun\n|-resisted|p2a: Appletun\n|-damage|p2a: Appletun|326/352\n|\n|-heal|p1a: Vaporeon|302/364|[from] item: Leftovers\n|-heal|p2a: Appletun|348/352|[from] item: Leftovers\n|upkeep\n|turn|35\n|\n|t:|1781430158\n|move|p1a: Vaporeon|Wish|p1a: Vaporeon\n|move|p2a: Appletun|Apple Acid|p1a: Vaporeon\n|-resisted|p1a: Vaporeon\n|-damage|p1a: Vaporeon|257/364\n|-unboost|p1a: Vaporeon|spd|1\n|\n|-heal|p1a: Vaporeon|279/364|[from] item: Leftovers\n|-heal|p2a: Appletun|352/352|[from] item: Leftovers\n|upkeep\n|turn|36\n|\n|t:|1781430163\n|move|p1a: Vaporeon|Scald|p2a: Appletun\n|-resisted|p2a: Appletun\n|-damage|p2a: Appletun|328/352\n|move|p2a: Appletun|Dragon Tail|p1a: Vaporeon\n|-damage|p1a: Vaporeon|183/364\n|drag|p1a: Suicune|Suicune, L82|58/298\n|-ability|p1a: Suicune|Pressure\n|\n|-heal|p1a: Suicune|240/298|[from] move: Wish|[wisher] Vaporeon\n|-heal|p1a: Suicune|258/298|[from] item: Leftovers\n|-heal|p2a: Appletun|350/352|[from] item: Leftovers\n|upkeep\n|turn|37\n|\n|t:|1781430174\n|switch|p1a: Vaporeon|Vaporeon, L86, M, tera:Poison|183/364\n|move|p2a: Appletun|Apple Acid|p1a: Vaporeon\n|-resisted|p1a: Vaporeon\n|-damage|p1a: Vaporeon|138/364\n|-unboost|p1a: Vaporeon|spd|1\n|\n|-heal|p1a: Vaporeon|160/364|[from] item: Leftovers\n|-heal|p2a: Appletun|352/352|[from] item: Leftovers\n|upkeep\n|turn|38\n|\n|t:|1781430182\n|switch|p1a: Suicune|Suicune, L82|258/298\n|-ability|p1a: Suicune|Pressure\n|move|p2a: Appletun|Draco Meteor|p1a: Suicune\n|-damage|p1a: Suicune|123/298\n|-unboost|p2a: Appletun|spa|2\n|\n|-heal|p1a: Suicune|141/298|[from] item: Leftovers\n|upkeep\n|turn|39\n|\n|t:|1781430192\n|switch|p2a: Infernape|Infernape, L82, M|232/259\n|move|p1a: Suicune|Protect||[still]\n|-fail|p1a: Suicune\n|\n|-heal|p1a: Suicune|159/298|[from] item: Leftovers\n|upkeep\n|turn|40\n|\n|t:|1781430197\n|move|p1a: Suicune|Protect|p1a: Suicune\n|-singleturn|p1a: Suicune|Protect\n|move|p2a: Infernape|U-turn|p1a: Suicune\n|-activate|p1a: Suicune|move: Protect\n|\n|-heal|p1a: Suicune|177/298|[from] item: Leftovers\n|upkeep\n|turn|41\n|\n|t:|1781430205\n|move|p2a: Infernape|U-turn|p1a: Suicune\n|-damage|p1a: Suicune|113/298\n|\n|t:|1781430208\n|switch|p2a: Appletun|Appletun, L92, M|352/352|[from] U-turn\n|move|p1a: Suicune|Calm Mind|p1a: Suicune\n|-boost|p1a: Suicune|spa|1\n|-boost|p1a: Suicune|spd|1\n|\n|-heal|p1a: Suicune|131/298|[from] item: Leftovers\n|upkeep\n|turn|42\n|\n|t:|1781430217\n|move|p1a: Suicune|Protect|p1a: Suicune\n|-singleturn|p1a: Suicune|Protect\n|move|p2a: Appletun|Apple Acid|p1a: Suicune\n|-activate|p1a: Suicune|move: Protect\n|\n|-heal|p1a: Suicune|149/298|[from] item: Leftovers\n|upkeep\n|turn|43\n|\n|t:|1781430221\n|move|p1a: Suicune|Scald|p2a: Appletun\n|-resisted|p2a: Appletun\n|-damage|p2a: Appletun|322/352\n|move|p2a: Appletun|Apple Acid|p1a: Suicune\n|-supereffective|p1a: Suicune\n|-damage|p1a: Suicune|39/298\n|-unboost|p1a: Suicune|spd|1\n|\n|-heal|p1a: Suicune|57/298|[from] item: Leftovers\n|-heal|p2a: Appletun|344/352|[from] item: Leftovers\n|upkeep\n|turn|44\n|\n|t:|1781430227\n|switch|p1a: Vaporeon|Vaporeon, L86, M, tera:Poison|160/364\n|move|p2a: Appletun|Dragon Tail|p1a: Vaporeon\n|-damage|p1a: Vaporeon|78/364\n|drag|p1a: Giratina|Giratina-Origin, L72|153/335\n|\n|-heal|p2a: Appletun|352/352|[from] item: Leftovers\n|upkeep\n|turn|45\n|\n|t:|1781430237\n|move|p1a: Giratina|Draco Meteor|p2a: Appletun\n|-supereffective|p2a: Appletun\n|-damage|p2a: Appletun|86/352\n|-unboost|p1a: Giratina|spa|2\n|move|p2a: Appletun|Dragon Tail|p1a: Giratina\n|-supereffective|p1a: Giratina\n|-damage|p1a: Giratina|19/335\n|drag|p1a: Vaporeon|Vaporeon, L86, M, tera:Poison|78/364\n|\n|-heal|p1a: Vaporeon|100/364|[from] item: Leftovers\n|-heal|p2a: Appletun|108/352|[from] item: Leftovers\n|upkeep\n|turn|46\n|\n|t:|1781430245\n|move|p1a: Vaporeon|Wish|p1a: Vaporeon\n|move|p2a: Appletun|Draco Meteor|p1a: Vaporeon|[miss]\n|-miss|p2a: Appletun|p1a: Vaporeon\n|\n|-heal|p1a: Vaporeon|122/364|[from] item: Leftovers\n|-heal|p2a: Appletun|130/352|[from] item: Leftovers\n|upkeep\n|turn|47\n|\n|t:|1781430254\n|move|p1a: Vaporeon|Protect|p1a: Vaporeon\n|-singleturn|p1a: Vaporeon|Protect\n|move|p2a: Appletun|Dragon Tail|p1a: Vaporeon\n|-activate|p1a: Vaporeon|move: Protect\n|\n|-heal|p1a: Vaporeon|304/364|[from] move: Wish|[wisher] Vaporeon\n|-heal|p1a: Vaporeon|326/364|[from] item: Leftovers\n|-heal|p2a: Appletun|152/352|[from] item: Leftovers\n|upkeep\n|turn|48\n|\n|t:|1781430261\n|move|p1a: Vaporeon|Wish|p1a: Vaporeon\n|move|p2a: Appletun|Dragon Tail|p1a: Vaporeon\n|-damage|p1a: Vaporeon|242/364\n|drag|p1a: Giratina|Giratina-Origin, L72|19/335\n|\n|-heal|p2a: Appletun|174/352|[from] item: Leftovers\n|upkeep\n|turn|49\n|\n|t:|1781430270\n|move|p1a: Giratina|Draco Meteor|p2a: Appletun\n|-supereffective|p2a: Appletun\n|-damage|p2a: Appletun|0 fnt\n|-unboost|p1a: Giratina|spa|2\n|faint|p2a: Appletun\n|\n|-heal|p1a: Giratina|201/335|[from] move: Wish|[wisher] Vaporeon\n|upkeep\n|\n|t:|1781430273\n|switch|p2a: Dachsbun|Dachsbun, L92, M|68/254\n|turn|50\n|\n|t:|1781430281\n|switch|p1a: Vaporeon|Vaporeon, L86, M, tera:Poison|242/364\n|move|p2a: Dachsbun|Protect||[still]\n|-fail|p2a: Dachsbun\n|\n|-heal|p2a: Dachsbun|83/254|[from] item: Leftovers\n|-heal|p1a: Vaporeon|264/364|[from] item: Leftovers\n|upkeep\n|turn|51\n|\n|t:|1781430287\n|move|p2a: Dachsbun|Protect|p2a: Dachsbun\n|-singleturn|p2a: Dachsbun|Protect\n|move|p1a: Vaporeon|Wish|p1a: Vaporeon\n|\n|-heal|p2a: Dachsbun|98/254|[from] item: Leftovers\n|-heal|p1a: Vaporeon|286/364|[from] item: Leftovers\n|upkeep\n|turn|52\n|\n|t:|1781430294\n|move|p2a: Dachsbun|Play Rough|p1a: Vaporeon\n|-resisted|p1a: Vaporeon\n|-crit|p1a: Vaporeon\n|-damage|p1a: Vaporeon|187/364\n|move|p1a: Vaporeon|Scald|p2a: Dachsbun\n|-damage|p2a: Dachsbun|2/254\n|\n|-heal|p1a: Vaporeon|364/364|[from] move: Wish|[wisher] Vaporeon\n|-heal|p2a: Dachsbun|17/254|[from] item: Leftovers\n|upkeep\n|turn|53\n|\n|t:|1781430302\n|move|p2a: Dachsbun|Wish|p2a: Dachsbun\n|move|p1a: Vaporeon|Scald|p2a: Dachsbun\n|-damage|p2a: Dachsbun|0 fnt\n|faint|p2a: Dachsbun\n|\n|upkeep\n|\n|t:|1781430303\n|switch|p2a: Infernape|Infernape, L82, M|232/259\n|turn|54\n|\n|t:|1781430312\n|-terastallize|p2a: Infernape|Dark\n|move|p1a: Vaporeon|Protect|p1a: Vaporeon\n|-singleturn|p1a: Vaporeon|Protect\n|move|p2a: Infernape|Knock Off|p1a: Vaporeon\n|-activate|p1a: Vaporeon|move: Protect\n|\n|-heal|p2a: Infernape|259/259|[from] move: Wish|[wisher] Dachsbun\n|upkeep\n|turn|55\n|\n|t:|1781430342\n|move|p2a: Infernape|Knock Off|p1a: Vaporeon\n|-damage|p1a: Vaporeon|153/364\n|-enditem|p1a: Vaporeon|Leftovers|[from] move: Knock Off|[of] p2a: Infernape\n|move|p1a: Vaporeon|Scald|p2a: Infernape\n|-crit|p2a: Infernape\n|-damage|p2a: Infernape|93/259\n|\n|upkeep\n|turn|56\n|\n|t:|1781430351\n|move|p2a: Infernape|Knock Off|p1a: Vaporeon\n|-damage|p1a: Vaporeon|15/364\n|move|p1a: Vaporeon|Scald|p2a: Infernape\n|-damage|p2a: Infernape|0 fnt\n|faint|p2a: Infernape\n|\n|win|paddyd121\n", "uploadtime": 1781429718, "views": 5, "formatid": "gen9randombattle", "rating": null, "private": 0, "password": null}