{"id": "gen9randombattle-2631933885", "format": "[Gen 9] Random Battle", "players": ["Jhon Xina", "schleeby"], "log": "|j|\u2606Jhon Xina\n|j|\u2606schleeby\n|t:|1781457239\n|gametype|singles\n|player|p1|Jhon Xina|1|2052\n|player|p2|schleeby|rosa|2038\n|gen|9\n|tier|[Gen 9] Random Battle\n|rated|\n|rule|Species Clause: Limit one of each Pok\u00e9mon\n|rule|HP Percentage Mod: HP is shown in percentages\n|rule|Sleep Clause Mod: Limit one foe put to sleep\n|rule|Illusion Level Mod: Illusion disguises the Pok\u00e9mon's true level\n|\n|t:|1781457239\n|teamsize|p1|6\n|teamsize|p2|6\n|start\n|switch|p1a: Zapdos|Zapdos-Galar, L77|265/265\n|switch|p2a: Pachirisu|Pachirisu, L96, M|271/271\n|turn|1\n|inactive|Battle timer is ON: inactive players will automatically lose when time's up. (requested by Jhon Xina)\n|\n|t:|1781457251\n|switch|p1a: Sandslash|Sandslash, L89, M|278/278\n|move|p2a: Pachirisu|U-turn|p1a: Sandslash\n|-damage|p1a: Sandslash|247/278\n|\n|t:|1781457258\n|switch|p2a: Iron Bundle|Iron Bundle, L78|215/215|[from] U-turn\n|\n|-heal|p1a: Sandslash|264/278|[from] item: Leftovers\n|upkeep\n|turn|2\n|\n|t:|1781457268\n|switch|p1a: Grafaiai|Grafaiai, L86, M|249/249\n|move|p2a: Iron Bundle|Hydro Pump|p1a: Grafaiai\n|-damage|p1a: Grafaiai|101/249\n|\n|upkeep\n|turn|3\n|\n|t:|1781457278\n|move|p1a: Grafaiai|Parting Shot|p2a: Iron Bundle\n|-unboost|p2a: Iron Bundle|atk|1\n|-unboost|p2a: Iron Bundle|spa|1\n|\n|t:|1781457280\n|switch|p1a: Raging Bolt|Raging Bolt, L78|323/323|[from] Parting Shot\n|move|p2a: Iron Bundle|Hydro Pump|p1a: Raging Bolt\n|-resisted|p1a: Raging Bolt\n|-damage|p1a: Raging Bolt|294/323\n|\n|upkeep\n|turn|4\n|\n|t:|1781457289\n|-end|p2a: Iron Bundle|Quark Drive|[silent]\n|switch|p2a: Pachirisu|Pachirisu, L96, M|271/271\n|move|p1a: Raging Bolt|Draco Meteor|p2a: Pachirisu\n|-damage|p2a: Pachirisu|171/271\n|-unboost|p1a: Raging Bolt|spa|2\n|\n|upkeep\n|turn|5\n|\n|t:|1781457294\n|-end|p1a: Raging Bolt|Protosynthesis|[silent]\n|switch|p1a: Sandslash|Sandslash, L89, M|264/278\n|move|p2a: Pachirisu|U-turn|p1a: Sandslash\n|-damage|p1a: Sandslash|235/278\n|\n|t:|1781457296\n|switch|p2a: Iron Bundle|Iron Bundle, L78|215/215|[from] U-turn\n|\n|-heal|p1a: Sandslash|252/278|[from] item: Leftovers\n|upkeep\n|turn|6\n|\n|t:|1781457303\n|switch|p1a: Grafaiai|Grafaiai, L86, M|101/249\n|move|p2a: Iron Bundle|Ice Beam|p1a: Grafaiai\n|-damage|p1a: Grafaiai|0 fnt\n|faint|p1a: Grafaiai\n|\n|upkeep\n|\n|t:|1781457311\n|switch|p1a: Orthworm|Orthworm, L88, M|266/266\n|turn|7\n|\n|t:|1781457318\n|-end|p2a: Iron Bundle|Quark Drive|[silent]\n|switch|p2a: Pyroar|Pyroar, L88, F|295/295\n|-ability|p2a: Pyroar|Unnerve\n|move|p1a: Orthworm|Stealth Rock|p2a: Pyroar\n|-sidestart|p2: schleeby|move: Stealth Rock\n|\n|upkeep\n|turn|8\n|\n|t:|1781457326\n|switch|p1a: Raging Bolt|Raging Bolt, L78|294/323\n|move|p2a: Pyroar|Fire Blast|p1a: Raging Bolt\n|-resisted|p1a: Raging Bolt\n|-damage|p1a: Raging Bolt|242/323\n|\n|upkeep\n|turn|9\n|\n|t:|1781457333\n|switch|p2a: Meloetta|Meloetta, L82|298/298\n|-damage|p2a: Meloetta|261/298|[from] Stealth Rock\n|move|p1a: Raging Bolt|Draco Meteor|p2a: Meloetta\n|-damage|p2a: Meloetta|144/298\n|-unboost|p1a: Raging Bolt|spa|2\n|\n|-heal|p2a: Meloetta|162/298|[from] item: Leftovers\n|upkeep\n|turn|10\n|\n|t:|1781457343\n|-end|p1a: Raging Bolt|Protosynthesis|[silent]\n|switch|p1a: Orthworm|Orthworm, L88, M|266/266\n|move|p2a: Meloetta|Calm Mind|p2a: Meloetta\n|-boost|p2a: Meloetta|spa|1\n|-boost|p2a: Meloetta|spd|1\n|\n|-heal|p2a: Meloetta|180/298|[from] item: Leftovers\n|upkeep\n|turn|11\n|\n|t:|1781457352\n|switch|p1a: Zapdos|Zapdos-Galar, L77|265/265\n|move|p2a: Meloetta|Focus Blast|p1a: Zapdos\n|-resisted|p1a: Zapdos\n|-damage|p1a: Zapdos|189/265\n|\n|-heal|p2a: Meloetta|198/298|[from] item: Leftovers\n|upkeep\n|turn|12\n|\n|t:|1781457357\n|move|p1a: Zapdos|Knock Off|p2a: Meloetta\n|-supereffective|p2a: Meloetta\n|-damage|p2a: Meloetta|3/298\n|-enditem|p2a: Meloetta|Leftovers|[from] move: Knock Off|[of] p1a: Zapdos\n|-damage|p1a: Zapdos|163/265|[from] item: Life Orb\n|move|p2a: Meloetta|Psyshock|p1a: Zapdos\n|-supereffective|p1a: Zapdos\n|-damage|p1a: Zapdos|0 fnt\n|faint|p1a: Zapdos\n|\n|upkeep\n|\n|t:|1781457373\n|switch|p1a: Raging Bolt|Raging Bolt, L78|242/323\n|turn|13\n|\n|t:|1781457382\n|switch|p2a: Pachirisu|Pachirisu, L96, M|171/271\n|-damage|p2a: Pachirisu|138/271|[from] Stealth Rock\n|move|p1a: Raging Bolt|Thunderclap||[still]\n|-fail|p1a: Raging Bolt\n|\n|upkeep\n|turn|14\n|\n|t:|1781457387\n|-end|p1a: Raging Bolt|Protosynthesis|[silent]\n|switch|p1a: Orthworm|Orthworm, L88, M|266/266\n|move|p2a: Pachirisu|Super Fang|p1a: Orthworm\n|-damage|p1a: Orthworm|133/266\n|\n|-heal|p1a: Orthworm|149/266|[from] item: Leftovers\n|upkeep\n|turn|15\n|\n|t:|1781457392\n|move|p2a: Pachirisu|Nuzzle|p1a: Orthworm\n|-crit|p1a: Orthworm\n|-damage|p1a: Orthworm|131/266\n|-status|p1a: Orthworm|par\n|move|p1a: Orthworm|Spikes|p2a: Pachirisu\n|-sidestart|p2: schleeby|Spikes\n|\n|-heal|p1a: Orthworm|147/266 par|[from] item: Leftovers\n|upkeep\n|turn|16\n|\n|t:|1781457397\n|switch|p1a: Sandslash|Sandslash, L89, M|252/278\n|move|p2a: Pachirisu|Thunderbolt|p1a: Sandslash\n|-immune|p1a: Sandslash\n|\n|-heal|p1a: Sandslash|269/278|[from] item: Leftovers\n|upkeep\n|turn|17\n|\n|t:|1781457403\n|move|p2a: Pachirisu|U-turn|p1a: Sandslash\n|-damage|p1a: Sandslash|238/278\n|\n|t:|1781457406\n|switch|p2a: Meloetta|Meloetta, L82|3/298|[from] U-turn\n|-damage|p2a: Meloetta|0 fnt|[from] Stealth Rock\n|faint|p2a: Meloetta\n|move|p1a: Sandslash|Earthquake|p2: Meloetta|[notarget]\n|-fail|p1a: Sandslash\n|\n|-heal|p1a: Sandslash|255/278|[from] item: Leftovers\n|upkeep\n|\n|t:|1781457408\n|switch|p2a: Iron Bundle|Iron Bundle, L78|215/215\n|turn|18\n|\n|t:|1781457424\n|switch|p1a: Orthworm|Orthworm, L88, M|147/266 par\n|move|p2a: Iron Bundle|Ice Beam|p1a: Orthworm\n|-resisted|p1a: Orthworm\n|-damage|p1a: Orthworm|79/266 par\n|\n|-heal|p1a: Orthworm|95/266 par|[from] item: Leftovers\n|upkeep\n|turn|19\n|\n|t:|1781457432\n|switch|p1a: Raging Bolt|Raging Bolt, L78|242/323\n|move|p2a: Iron Bundle|Hydro Pump|p1a: Raging Bolt\n|-resisted|p1a: Raging Bolt\n|-damage|p1a: Raging Bolt|194/323\n|\n|upkeep\n|turn|20\n|\n|t:|1781457444\n|-terastallize|p2a: Iron Bundle|Ice\n|move|p2a: Iron Bundle|Ice Beam|p1a: Raging Bolt\n|-supereffective|p1a: Raging Bolt\n|-damage|p1a: Raging Bolt|0 fnt\n|faint|p1a: Raging Bolt\n|-end|p1a: Raging Bolt|Protosynthesis|[silent]\n|\n|upkeep\n|\n|t:|1781457451\n|switch|p1a: Darkrai|Darkrai, L77|234/234\n|turn|21\n|\n|t:|1781457456\n|move|p2a: Iron Bundle|Ice Beam|p1a: Darkrai\n|-damage|p1a: Darkrai|84/234\n|move|p1a: Darkrai|Focus Blast|p2a: Iron Bundle|[miss]\n|-miss|p1a: Darkrai|p2a: Iron Bundle\n|\n|upkeep\n|turn|22\n|-message|Jhon Xina forfeited.\n|\n|win|schleeby\n", "uploadtime": 1781457241, "views": 6, "formatid": "gen9randombattle", "rating": null, "private": 0, "password": null}