{"id": "gen9randombattle-2631366401", "format": "[Gen 9] Random Battle", "players": ["RocketBC", "toonnix"], "log": "|j|\u2606RocketBC\n|j|\u2606toonnix\n|t:|1781376229\n|gametype|singles\n|player|p1|RocketBC|2|1188\n|player|p2|toonnix|giovanni|1195\n|gen|9\n|tier|[Gen 9] Random Battle\n|rated|\n|rule|Species Clause: Limit one of each Pok\u00e9mon\n|rule|HP Percentage Mod: HP is shown in percentages\n|rule|Sleep Clause Mod: Limit one foe put to sleep\n|rule|Illusion Level Mod: Illusion disguises the Pok\u00e9mon's true level\n|\n|t:|1781376229\n|teamsize|p1|6\n|teamsize|p2|6\n|start\n|switch|p1a: Magearna|Magearna, L77|250/250\n|switch|p2a: Victreebel|Victreebel, L90, M|290/290\n|turn|1\n|inactive|Battle timer is ON: inactive players will automatically lose when time's up. (requested by toonnix)\n|\n|t:|1781376249\n|move|p2a: Victreebel|Sunny Day|p2a: Victreebel\n|-weather|SunnyDay\n|move|p1a: Magearna|Shift Gear|p1a: Magearna\n|-boost|p1a: Magearna|spe|2\n|-boost|p1a: Magearna|atk|1\n|\n|-weather|SunnyDay|[upkeep]\n|upkeep\n|turn|2\n|inactive|RocketBC has 120 seconds left.\n|\n|t:|1781376281\n|switch|p2a: Exeggutor|Exeggutor-Alola, L89, M|314/314\n|-terastallize|p1a: Magearna|Ground\n|move|p1a: Magearna|Tera Blast|p2a: Exeggutor|[anim] Tera Blast Ground\n|-resisted|p2a: Exeggutor\n|-damage|p2a: Exeggutor|262/314\n|\n|-weather|SunnyDay|[upkeep]\n|upkeep\n|turn|3\n|inactive|RocketBC has 120 seconds left.\n|\n|t:|1781376291\n|move|p1a: Magearna|Fleur Cannon|p2a: Exeggutor\n|-supereffective|p2a: Exeggutor\n|-damage|p2a: Exeggutor|0 fnt\n|-unboost|p1a: Magearna|spa|2\n|faint|p2a: Exeggutor\n|-ability|p1a: Magearna|Soul-Heart|boost\n|-boost|p1a: Magearna|spa|1\n|\n|-weather|SunnyDay|[upkeep]\n|upkeep\n|\n|t:|1781376304\n|switch|p2a: Victreebel|Victreebel, L90, M|290/290\n|turn|4\n|\n|t:|1781376310\n|move|p2a: Victreebel|Power Whip|p1a: Magearna\n|-supereffective|p1a: Magearna\n|-damage|p1a: Magearna|0 fnt\n|faint|p1a: Magearna\n|-damage|p2a: Victreebel|261/290|[from] item: Life Orb\n|\n|-weather|SunnyDay|[upkeep]\n|upkeep\n|inactive|RocketBC has 120 seconds left.\n|\n|t:|1781376328\n|switch|p1a: Infernape|Infernape, L82, F|259/259\n|turn|5\n|\n|t:|1781376335\n|switch|p2a: Wugtrio|Wugtrio, L91, F|212/212\n|move|p1a: Infernape|Flare Blitz|p2a: Wugtrio\n|-resisted|p2a: Wugtrio\n|-damage|p2a: Wugtrio|23/212\n|-ability|p2a: Wugtrio|Gooey\n|-unboost|p1a: Infernape|spe|1\n|-damage|p1a: Infernape|197/259|[from] Recoil\n|\n|-weather|none\n|upkeep\n|turn|6\n|\n|t:|1781376348\n|switch|p1a: Sceptile|Sceptile, L87, M|264/264\n|move|p2a: Wugtrio|Aqua Jet|p1a: Sceptile\n|-resisted|p1a: Sceptile\n|-damage|p1a: Sceptile|217/264\n|\n|upkeep\n|turn|7\n|\n|t:|1781376354\n|switch|p2a: Victreebel|Victreebel, L90, M|261/290\n|move|p1a: Sceptile|Swords Dance|p1a: Sceptile\n|-boost|p1a: Sceptile|atk|2\n|\n|upkeep\n|turn|8\n|\n|t:|1781376362\n|move|p1a: Sceptile|Earthquake|p2a: Victreebel\n|-damage|p2a: Victreebel|66/290\n|-damage|p1a: Sceptile|191/264|[from] item: Life Orb\n|move|p2a: Victreebel|Sludge Wave|p1a: Sceptile\n|-supereffective|p1a: Sceptile\n|-damage|p1a: Sceptile|0 fnt\n|faint|p1a: Sceptile\n|-damage|p2a: Victreebel|37/290|[from] item: Life Orb\n|\n|upkeep\n|\n|t:|1781376367\n|switch|p1a: Infernape|Infernape, L82, F|197/259\n|turn|9\n|\n|t:|1781376383\n|move|p1a: Infernape|Flare Blitz|p2a: Victreebel\n|-supereffective|p2a: Victreebel\n|-damage|p2a: Victreebel|0 fnt\n|faint|p2a: Victreebel\n|-damage|p1a: Infernape|185/259|[from] Recoil\n|\n|upkeep\n|\n|t:|1781376388\n|switch|p2a: Wugtrio|Wugtrio, L91, F|23/212\n|turn|10\n|\n|t:|1781376401\n|switch|p1a: Yanmega|Yanmega, L82, M|275/275\n|move|p2a: Wugtrio|Aqua Jet|p1a: Yanmega\n|-damage|p1a: Yanmega|193/275\n|\n|upkeep\n|turn|11\n|\n|t:|1781376411\n|switch|p2a: Tornadus|Tornadus, L82, M|263/263\n|move|p1a: Yanmega|Giga Drain|p2a: Tornadus\n|-resisted|p2a: Tornadus\n|-damage|p2a: Tornadus|165/263\n|-heal|p1a: Yanmega|242/275|[from] drain|[of] p2a: Tornadus\n|\n|upkeep\n|turn|12\n|\n|t:|1781376422\n|switch|p1a: Infernape|Infernape, L82, F|185/259\n|move|p2a: Tornadus|Bleakwind Storm|p1a: Infernape\n|-supereffective|p1a: Infernape\n|-damage|p1a: Infernape|0 fnt\n|faint|p1a: Infernape\n|\n|upkeep\n|\n|t:|1781376425\n|switch|p1a: Sylveon|Sylveon, L85, F|300/300\n|turn|13\n|\n|t:|1781376437\n|switch|p2a: Wugtrio|Wugtrio, L91, F|23/212\n|move|p1a: Sylveon|Wish|p1a: Sylveon\n|\n|upkeep\n|turn|14\n|\n|t:|1781376449\n|move|p2a: Wugtrio|Throat Chop|p1a: Sylveon\n|-resisted|p1a: Sylveon\n|-damage|p1a: Sylveon|241/300\n|-start|p1a: Sylveon|Throat Chop|[silent]\n|move|p1a: Sylveon|Calm Mind|p1a: Sylveon\n|-boost|p1a: Sylveon|spa|1\n|-boost|p1a: Sylveon|spd|1\n|\n|-heal|p1a: Sylveon|300/300|[from] move: Wish|[wisher] Sylveon\n|upkeep\n|turn|15\n|\n|t:|1781376463\n|switch|p2a: Komala|Komala, L88, F|258/258\n|-ability|p2a: Komala|Comatose\n|move|p1a: Sylveon|Wish|p1a: Sylveon\n|\n|-end|p1a: Sylveon|Throat Chop|[silent]\n|upkeep\n|turn|16\n|\n|t:|1781376488\n|move|p2a: Komala|Earthquake|p1a: Sylveon\n|-damage|p1a: Sylveon|186/300\n|move|p1a: Sylveon|Calm Mind|p1a: Sylveon\n|-boost|p1a: Sylveon|spa|1\n|-boost|p1a: Sylveon|spd|1\n|\n|-heal|p1a: Sylveon|300/300|[from] move: Wish|[wisher] Sylveon\n|upkeep\n|turn|17\n|\n|t:|1781376497\n|move|p2a: Komala|Earthquake|p1a: Sylveon\n|-damage|p1a: Sylveon|191/300\n|move|p1a: Sylveon|Hyper Voice|p2a: Komala\n|-damage|p2a: Komala|99/258\n|\n|-heal|p1a: Sylveon|209/300|[from] item: Leftovers\n|upkeep\n|turn|18\n|\n|t:|1781376514\n|-terastallize|p2a: Komala|Ghost\n|move|p1a: Sylveon|Protect|p1a: Sylveon\n|-singleturn|p1a: Sylveon|Protect\n|move|p2a: Komala|Earthquake|p1a: Sylveon\n|-activate|p1a: Sylveon|move: Protect\n|\n|-heal|p1a: Sylveon|227/300|[from] item: Leftovers\n|upkeep\n|turn|19\n|c|\u2606RocketBC|nice terra\n|\n|t:|1781376524\n|move|p2a: Komala|Body Slam|p1a: Sylveon\n|-damage|p1a: Sylveon|79/300\n|-status|p1a: Sylveon|par\n|move|p1a: Sylveon|Hyper Voice|p2a: Komala\n|-damage|p2a: Komala|0 fnt\n|faint|p2a: Komala\n|\n|-heal|p1a: Sylveon|97/300 par|[from] item: Leftovers\n|upkeep\n|c|\u2606RocketBC|reked\n|inactive|toonnix has 120 seconds left.\n|\n|t:|1781376535\n|switch|p2a: Wugtrio|Wugtrio, L91, F|23/212\n|turn|20\n|\n|t:|1781376541\n|move|p1a: Sylveon|Protect|p1a: Sylveon\n|-singleturn|p1a: Sylveon|Protect\n|move|p2a: Wugtrio|Aqua Jet|p1a: Sylveon\n|-activate|p1a: Sylveon|move: Protect\n|\n|-heal|p1a: Sylveon|115/300 par|[from] item: Leftovers\n|upkeep\n|turn|21\n|\n|t:|1781376549\n|move|p1a: Sylveon|Protect||[still]\n|-fail|p1a: Sylveon\n|move|p2a: Wugtrio|Aqua Jet|p1a: Sylveon\n|-damage|p1a: Sylveon|18/300 par\n|\n|-heal|p1a: Sylveon|36/300 par|[from] item: Leftovers\n|upkeep\n|turn|22\n|\n|t:|1781376556\n|move|p1a: Sylveon|Protect|p1a: Sylveon\n|-singleturn|p1a: Sylveon|Protect\n|move|p2a: Wugtrio|Aqua Jet|p1a: Sylveon\n|-activate|p1a: Sylveon|move: Protect\n|\n|-heal|p1a: Sylveon|54/300 par|[from] item: Leftovers\n|upkeep\n|turn|23\n|\n|t:|1781376563\n|move|p2a: Wugtrio|Aqua Jet|p1a: Sylveon\n|-damage|p1a: Sylveon|0 fnt\n|faint|p1a: Sylveon\n|\n|upkeep\n|\n|t:|1781376566\n|switch|p1a: Yanmega|Yanmega, L82, M|242/275\n|turn|24\n|\n|t:|1781376577\n|move|p2a: Wugtrio|Aqua Jet|p1a: Yanmega\n|-damage|p1a: Yanmega|155/275\n|move|p1a: Yanmega|Giga Drain|p2a: Wugtrio\n|-supereffective|p2a: Wugtrio\n|-damage|p2a: Wugtrio|0 fnt\n|-heal|p1a: Yanmega|167/275|[from] drain|[of] p2a: Wugtrio\n|faint|p2a: Wugtrio\n|\n|upkeep\n|\n|t:|1781376584\n|switch|p2a: Tornadus|Tornadus, L82, M|165/263\n|turn|25\n|\n|t:|1781376588\n|switch|p1a: Arbok|Arbok, L87, F|246/246\n|-ability|p1a: Arbok|Intimidate|boost\n|-unboost|p2a: Tornadus|atk|1\n|-ability|p2a: Tornadus|Defiant|boost\n|-boost|p2a: Tornadus|atk|2\n|move|p2a: Tornadus|Bleakwind Storm|p1a: Arbok\n|-damage|p1a: Arbok|53/246\n|-unboost|p1a: Arbok|spe|1\n|\n|-heal|p1a: Arbok|68/246|[from] item: Leftovers\n|upkeep\n|turn|26\n|\n|t:|1781376602\n|move|p1a: Arbok|Sucker Punch|p2a: Tornadus\n|-damage|p2a: Tornadus|103/263\n|move|p2a: Tornadus|Bleakwind Storm|p1a: Arbok\n|-damage|p1a: Arbok|0 fnt\n|faint|p1a: Arbok\n|\n|upkeep\n|\n|t:|1781376605\n|switch|p1a: Yanmega|Yanmega, L82, M|167/275\n|turn|27\n|\n|t:|1781376612\n|move|p2a: Tornadus|Bleakwind Storm|p1a: Yanmega\n|-supereffective|p1a: Yanmega\n|-damage|p1a: Yanmega|0 fnt\n|faint|p1a: Yanmega\n|\n|win|toonnix\n|raw|RocketBC's rating: 1188 &rarr; <strong>1164</strong><br />(-24 for losing)\n|raw|toonnix's rating: 1195 &rarr; <strong>1219</strong><br />(+24 for winning)\n|l|\u2606RocketBC\n|player|p1|\n", "inputlog": ">version a8376a258c1d4662feba110a92103f3664a72141\n>start {\"formatid\":\"gen9randombattle\",\"seed\":\"sodium,6cb68d0f255e96209312cc80d596378b\",\"rated\":\"Rated battle\"}\n>player p1 {\"name\":\"RocketBC\",\"avatar\":\"2\",\"rating\":1188,\"seed\":\"sodium,c2c30239aca597286f9006a8be6885a9\"}\n>player p2 {\"name\":\"toonnix\",\"avatar\":\"giovanni\",\"rating\":1195,\"seed\":\"sodium,79155ca14230409d8d2af74b98610481\"}\n>p1 move shiftgear\n>p2 move sunnyday\n>p1 move terablast terastallize\n>p2 switch 4\n>p1 move fleurcannon\n>p2 move woodhammer\n>p2 switch 4\n>p1 move terablast\n>p2 move powerwhip\n>p1 switch 3\n>p1 move flareblitz\n>p2 switch 3\n>p1 switch 5\n>p2 move aquajet\n>p1 move swordsdance\n>p2 switch 3\n>p1 move earthquake\n>p2 move sludgewave\n>p1 switch 5\n>p1 move flareblitz\n>p2 move sludgewave\n>p2 switch 3\n>p1 switch 6\n>p2 move aquajet\n>p1 move gigadrain\n>p2 switch 2\n>p1 switch 6\n>p2 move bleakwindstorm\n>p1 switch 4\n>p1 move wish\n>p2 switch 2\n>p1 move calmmind\n>p2 move throatchop\n>p1 move wish\n>p2 switch 5\n>p1 move calmmind\n>p2 move earthquake\n>p1 move hypervoice\n>p2 move earthquake\n>p1 move protect\n>p2 move earthquake terastallize\n>chat \u2606RocketBC|nice terra\n>p1 move hypervoice\n>p2 move bodyslam\n>chat \u2606RocketBC|reked\n>p2 switch 5\n>p1 move protect\n>p2 move aquajet\n>p1 move protect\n>p2 move aquajet\n>p1 move protect\n>p2 move aquajet\n>p1 move hypervoice\n>p2 move aquajet\n>p1 switch 6\n>p1 move gigadrain\n>p2 move aquajet\n>p2 switch 2\n>p1 switch 2\n>p2 move bleakwindstorm\n>p1 move suckerpunch\n>p2 move bleakwindstorm\n>p1 switch 2\n>p1 move bugbuzz\n>p2 move bleakwindstorm", "uploadtime": 1781376621, "views": 13, "formatid": "gen9randombattle", "rating": 1164, "private": 0, "password": null}