{"id": "gen9randombattle-2631732187", "format": "[Gen 9] Random Battle", "players": ["Exenaphiel", "Jadasteel"], "log": "|j|\u2606Exenaphiel\n|j|\u2606Jadasteel\n|t:|1781430383\n|gametype|singles\n|player|p1|Exenaphiel|beni-ninja|1988\n|player|p2|Jadasteel|fantina|2028\n|gen|9\n|tier|[Gen 9] Random Battle\n|rated|\n|rule|Species Clause: Limit one of each Pok\u00e9mon\n|rule|HP Percentage Mod: HP is shown in percentages\n|rule|Sleep Clause Mod: Limit one foe put to sleep\n|rule|Illusion Level Mod: Illusion disguises the Pok\u00e9mon's true level\n|\n|t:|1781430383\n|teamsize|p1|6\n|teamsize|p2|6\n|start\n|switch|p1a: Wigglytuff|Wigglytuff, L96, M|424/424\n|switch|p2a: Vaporeon|Vaporeon, L86, F|364/364\n|turn|1\n|inactive|Battle timer is ON: inactive players will automatically lose when time's up. (requested by Exenaphiel)\n|\n|t:|1781430394\n|switch|p2a: Ting-Lu|Ting-Lu, L78|370/370\n|-ability|p2a: Ting-Lu|Vessel of Ruin\n|move|p1a: Wigglytuff|Thunder Wave|p2a: Ting-Lu\n|-immune|p2a: Ting-Lu\n|\n|upkeep\n|turn|2\n|\n|t:|1781430400\n|move|p1a: Wigglytuff|Knock Off|p2a: Ting-Lu\n|-resisted|p2a: Ting-Lu\n|-damage|p2a: Ting-Lu|341/370\n|-enditem|p2a: Ting-Lu|Leftovers|[from] move: Knock Off|[of] p1a: Wigglytuff\n|move|p2a: Ting-Lu|Spikes|p1a: Wigglytuff\n|-sidestart|p1: Exenaphiel|Spikes\n|\n|upkeep\n|turn|3\n|\n|t:|1781430411\n|move|p1a: Wigglytuff|Alluring Voice|p2a: Ting-Lu\n|-supereffective|p2a: Ting-Lu\n|-damage|p2a: Ting-Lu|159/370\n|move|p2a: Ting-Lu|Spikes|p1a: Wigglytuff\n|-sidestart|p1: Exenaphiel|Spikes\n|\n|upkeep\n|turn|4\n|\n|t:|1781430419\n|switch|p2a: Metagross|Metagross, L79|256/256\n|move|p1a: Wigglytuff|Alluring Voice|p2a: Metagross\n|-resisted|p2a: Metagross\n|-damage|p2a: Metagross|200/256\n|\n|upkeep\n|turn|5\n|\n|t:|1781430425\n|switch|p1a: Orthworm|Orthworm, L88, F|266/266\n|-damage|p1a: Orthworm|222/266|[from] Spikes\n|move|p2a: Metagross|Heavy Slam|p1a: Orthworm\n|-resisted|p1a: Orthworm\n|-damage|p1a: Orthworm|205/266\n|\n|upkeep\n|turn|6\n|\n|t:|1781430430\n|switch|p2a: Ting-Lu|Ting-Lu, L78|159/370\n|-ability|p2a: Ting-Lu|Vessel of Ruin\n|move|p1a: Orthworm|Body Press|p2a: Ting-Lu\n|-supereffective|p2a: Ting-Lu\n|-damage|p2a: Ting-Lu|5/370\n|\n|upkeep\n|turn|7\n|\n|t:|1781430434\n|move|p1a: Orthworm|Body Press|p2a: Ting-Lu\n|-supereffective|p2a: Ting-Lu\n|-damage|p2a: Ting-Lu|0 fnt\n|faint|p2a: Ting-Lu\n|\n|upkeep\n|\n|t:|1781430447\n|switch|p2a: Vaporeon|Vaporeon, L86, F|364/364\n|turn|8\n|\n|t:|1781430454\n|switch|p1a: Wigglytuff|Wigglytuff, L96, M|424/424\n|-damage|p1a: Wigglytuff|354/424|[from] Spikes\n|move|p2a: Vaporeon|Scald|p1a: Wigglytuff\n|-damage|p1a: Wigglytuff|230/424\n|\n|-heal|p1a: Wigglytuff|256/424|[from] item: Leftovers\n|upkeep\n|turn|9\n|\n|t:|1781430463\n|move|p2a: Vaporeon|Flip Turn|p1a: Wigglytuff\n|-damage|p1a: Wigglytuff|181/424\n|\n|t:|1781430465\n|switch|p2a: Iron Thorns|Iron Thorns, L83|302/302|[from] Flip Turn\n|-enditem|p2a: Iron Thorns|Booster Energy\n|-activate|p2a: Iron Thorns|ability: Quark Drive|[fromitem]\n|-start|p2a: Iron Thorns|quarkdriveatk\n|move|p1a: Wigglytuff|Thunder Wave|p2a: Iron Thorns|[miss]\n|-miss|p1a: Wigglytuff|p2a: Iron Thorns\n|\n|-heal|p1a: Wigglytuff|207/424|[from] item: Leftovers\n|upkeep\n|turn|10\n|\n|t:|1781430473\n|move|p2a: Iron Thorns|Dragon Dance|p2a: Iron Thorns\n|-boost|p2a: Iron Thorns|atk|1\n|-boost|p2a: Iron Thorns|spe|1\n|move|p1a: Wigglytuff|Alluring Voice|p2a: Iron Thorns\n|-damage|p2a: Iron Thorns|203/302\n|-start|p2a: Iron Thorns|confusion\n|\n|-heal|p1a: Wigglytuff|233/424|[from] item: Leftovers\n|upkeep\n|turn|11\n|\n|t:|1781430478\n|-activate|p2a: Iron Thorns|confusion\n|move|p2a: Iron Thorns|Wild Charge|p1a: Wigglytuff\n|-damage|p1a: Wigglytuff|0 fnt\n|faint|p1a: Wigglytuff\n|-damage|p2a: Iron Thorns|145/302|[from] Recoil\n|\n|upkeep\n|\n|t:|1781430487\n|switch|p1a: Torterra|Torterra, L78, M|276/276\n|-damage|p1a: Torterra|230/276|[from] Spikes\n|turn|12\n|\n|t:|1781430501\n|-end|p2a: Iron Thorns|Quark Drive|[silent]\n|switch|p2a: Lokix|Lokix, L82, M|251/251\n|move|p1a: Torterra|Shell Smash|p1a: Torterra\n|-unboost|p1a: Torterra|def|1\n|-unboost|p1a: Torterra|spd|1\n|-boost|p1a: Torterra|atk|2\n|-boost|p1a: Torterra|spa|2\n|-boost|p1a: Torterra|spe|2\n|\n|upkeep\n|turn|13\n|\n|t:|1781430508\n|switch|p1a: Orthworm|Orthworm, L88, F|205/266\n|-damage|p1a: Orthworm|161/266|[from] Spikes\n|move|p2a: Lokix|First Impression|p1a: Orthworm\n|-resisted|p1a: Orthworm\n|-damage|p1a: Orthworm|95/266\n|\n|upkeep\n|turn|14\n|\n|t:|1781430514\n|move|p2a: Lokix|Knock Off|p1a: Orthworm\n|-damage|p1a: Orthworm|32/266\n|-enditem|p1a: Orthworm|Chesto Berry|[from] move: Knock Off|[of] p2a: Lokix\n|move|p1a: Orthworm|Rest|p1a: Orthworm\n|-status|p1a: Orthworm|slp|[from] move: Rest\n|-heal|p1a: Orthworm|266/266 slp|[silent]\n|\n|upkeep\n|turn|15\n|\n|t:|1781430522\n|move|p2a: Lokix|U-turn|p1a: Orthworm\n|-resisted|p1a: Orthworm\n|-damage|p1a: Orthworm|208/266 slp\n|\n|t:|1781430530\n|switch|p2a: Vaporeon|Vaporeon, L86, F|364/364|[from] U-turn\n|cant|p1a: Orthworm|slp\n|\n|upkeep\n|turn|16\n|\n|t:|1781430539\n|switch|p1a: Brute Bonnet|Brute Bonnet, L80|309/309\n|-damage|p1a: Brute Bonnet|258/309|[from] Spikes\n|move|p2a: Vaporeon|Scald|p1a: Brute Bonnet\n|-resisted|p1a: Brute Bonnet\n|-damage|p1a: Brute Bonnet|210/309\n|\n|-heal|p1a: Brute Bonnet|229/309|[from] item: Leftovers\n|upkeep\n|turn|17\n|\n|t:|1781430550\n|move|p2a: Vaporeon|Flip Turn|p1a: Brute Bonnet\n|-resisted|p1a: Brute Bonnet\n|-damage|p1a: Brute Bonnet|206/309\n|\n|t:|1781430555\n|switch|p2a: Metagross|Metagross, L79|200/256|[from] Flip Turn\n|move|p1a: Brute Bonnet|Spore|p2a: Metagross\n|-status|p2a: Metagross|slp|[from] move: Spore\n|\n|-heal|p1a: Brute Bonnet|225/309|[from] item: Leftovers\n|upkeep\n|turn|18\n|\n|t:|1781430559\n|switch|p2a: Lokix|Lokix, L82, M|251/251\n|move|p1a: Brute Bonnet|Crunch|p2a: Lokix\n|-resisted|p2a: Lokix\n|-damage|p2a: Lokix|199/251\n|-unboost|p2a: Lokix|def|1\n|\n|-heal|p1a: Brute Bonnet|244/309|[from] item: Leftovers\n|upkeep\n|turn|19\n|\n|t:|1781430565\n|-end|p1a: Brute Bonnet|Protosynthesis|[silent]\n|switch|p1a: Orthworm|Orthworm, L88, F|208/266 slp\n|-damage|p1a: Orthworm|164/266 slp|[from] Spikes\n|move|p2a: Lokix|First Impression|p1a: Orthworm\n|-resisted|p1a: Orthworm\n|-damage|p1a: Orthworm|86/266 slp\n|\n|upkeep\n|turn|20\n|\n|t:|1781430574\n|move|p2a: Lokix|U-turn|p1a: Orthworm\n|-resisted|p1a: Orthworm\n|-damage|p1a: Orthworm|24/266 slp\n|\n|t:|1781430577\n|switch|p2a: Vaporeon|Vaporeon, L86, F|364/364|[from] U-turn\n|cant|p1a: Orthworm|slp\n|\n|upkeep\n|turn|21\n|\n|t:|1781430582\n|-curestatus|p1a: Orthworm|slp|[msg]\n|move|p1a: Orthworm|Body Press|p2a: Vaporeon\n|-damage|p2a: Vaporeon|255/364\n|move|p2a: Vaporeon|Scald|p1a: Orthworm\n|-damage|p1a: Orthworm|0 fnt\n|faint|p1a: Orthworm\n|\n|-heal|p2a: Vaporeon|277/364|[from] item: Leftovers\n|upkeep\n|\n|t:|1781430585\n|switch|p1a: Brute Bonnet|Brute Bonnet, L80|244/309\n|-damage|p1a: Brute Bonnet|193/309|[from] Spikes\n|turn|22\n|\n|t:|1781430592\n|move|p2a: Vaporeon|Scald|p1a: Brute Bonnet\n|-resisted|p1a: Brute Bonnet\n|-damage|p1a: Brute Bonnet|144/309\n|-status|p1a: Brute Bonnet|brn\n|move|p1a: Brute Bonnet|Crunch|p2a: Vaporeon\n|-damage|p2a: Vaporeon|215/364\n|\n|-heal|p2a: Vaporeon|237/364|[from] item: Leftovers\n|-heal|p1a: Brute Bonnet|163/309 brn|[from] item: Leftovers\n|-damage|p1a: Brute Bonnet|144/309 brn|[from] brn\n|upkeep\n|turn|23\n|\n|t:|1781430599\n|move|p2a: Vaporeon|Wish|p2a: Vaporeon\n|move|p1a: Brute Bonnet|Seed Bomb|p2a: Vaporeon\n|-supereffective|p2a: Vaporeon\n|-damage|p2a: Vaporeon|101/364\n|\n|-heal|p2a: Vaporeon|123/364|[from] item: Leftovers\n|-heal|p1a: Brute Bonnet|163/309 brn|[from] item: Leftovers\n|-damage|p1a: Brute Bonnet|144/309 brn|[from] brn\n|upkeep\n|turn|24\n|\n|t:|1781430605\n|move|p2a: Vaporeon|Protect|p2a: Vaporeon\n|-singleturn|p2a: Vaporeon|Protect\n|move|p1a: Brute Bonnet|Seed Bomb|p2a: Vaporeon\n|-activate|p2a: Vaporeon|move: Protect\n|\n|-heal|p2a: Vaporeon|305/364|[from] move: Wish|[wisher] Vaporeon\n|-heal|p2a: Vaporeon|327/364|[from] item: Leftovers\n|-heal|p1a: Brute Bonnet|163/309 brn|[from] item: Leftovers\n|-damage|p1a: Brute Bonnet|144/309 brn|[from] brn\n|upkeep\n|turn|25\n|\n|t:|1781430612\n|move|p2a: Vaporeon|Wish|p2a: Vaporeon\n|move|p1a: Brute Bonnet|Seed Bomb|p2a: Vaporeon\n|-supereffective|p2a: Vaporeon\n|-damage|p2a: Vaporeon|200/364\n|\n|-heal|p2a: Vaporeon|222/364|[from] item: Leftovers\n|-heal|p1a: Brute Bonnet|163/309 brn|[from] item: Leftovers\n|-damage|p1a: Brute Bonnet|144/309 brn|[from] brn\n|upkeep\n|turn|26\n|\n|t:|1781430617\n|move|p2a: Vaporeon|Flip Turn|p1a: Brute Bonnet\n|-resisted|p1a: Brute Bonnet\n|-damage|p1a: Brute Bonnet|121/309 brn\n|\n|t:|1781430621\n|switch|p2a: Lokix|Lokix, L82, M|199/251|[from] Flip Turn\n|move|p1a: Brute Bonnet|Seed Bomb|p2a: Lokix\n|-resisted|p2a: Lokix\n|-damage|p2a: Lokix|172/251\n|\n|-heal|p2a: Lokix|251/251|[from] move: Wish|[wisher] Vaporeon\n|-heal|p1a: Brute Bonnet|140/309 brn|[from] item: Leftovers\n|-damage|p1a: Brute Bonnet|121/309 brn|[from] brn\n|upkeep\n|turn|27\n|\n|t:|1781430625\n|move|p2a: Lokix|First Impression|p1a: Brute Bonnet\n|-supereffective|p1a: Brute Bonnet\n|-damage|p1a: Brute Bonnet|0 fnt\n|faint|p1a: Brute Bonnet\n|-end|p1a: Brute Bonnet|Protosynthesis|[silent]\n|\n|upkeep\n|\n|t:|1781430632\n|switch|p1a: Oinkologne|Oinkologne-F, L92, F|361/361\n|-damage|p1a: Oinkologne|301/361|[from] Spikes\n|turn|28\n|\n|t:|1781430642\n|move|p2a: Lokix|Knock Off|p1a: Oinkologne\n|-damage|p1a: Oinkologne|198/361\n|-enditem|p1a: Oinkologne|Leftovers|[from] move: Knock Off|[of] p2a: Lokix\n|move|p1a: Oinkologne|Curse|p1a: Oinkologne\n|-unboost|p1a: Oinkologne|spe|1\n|-boost|p1a: Oinkologne|atk|1\n|-boost|p1a: Oinkologne|def|1\n|\n|upkeep\n|turn|29\n|\n|t:|1781430650\n|move|p2a: Lokix|U-turn|p1a: Oinkologne\n|-damage|p1a: Oinkologne|138/361\n|\n|t:|1781430653\n|switch|p2a: Vaporeon|Vaporeon, L86, F|222/364|[from] U-turn\n|move|p1a: Oinkologne|Double-Edge|p2a: Vaporeon\n|-damage|p2a: Vaporeon|0 fnt\n|faint|p2a: Vaporeon\n|-damage|p1a: Oinkologne|65/361|[from] Recoil\n|\n|upkeep\n|\n|t:|1781430661\n|switch|p2a: Lokix|Lokix, L82, M|251/251\n|turn|30\n|\n|t:|1781430665\n|move|p2a: Lokix|First Impression|p1a: Oinkologne\n|-damage|p1a: Oinkologne|0 fnt\n|faint|p1a: Oinkologne\n|\n|upkeep\n|\n|t:|1781430667\n|switch|p1a: Ampharos|Ampharos, L88, F|302/302\n|-damage|p1a: Ampharos|252/302|[from] Spikes\n|turn|31\n|\n|t:|1781430677\n|move|p2a: Lokix|Knock Off|p1a: Ampharos\n|-damage|p1a: Ampharos|153/302\n|-status|p2a: Lokix|par|[from] ability: Static|[of] p1a: Ampharos\n|-enditem|p1a: Ampharos|Choice Specs|[from] move: Knock Off|[of] p2a: Lokix\n|move|p1a: Ampharos|Thunderbolt|p2a: Lokix\n|-damage|p2a: Lokix|76/251 par\n|\n|upkeep\n|turn|32\n|\n|t:|1781430686\n|cant|p2a: Lokix|par\n|move|p1a: Ampharos|Thunderbolt|p2a: Lokix\n|-damage|p2a: Lokix|0 fnt\n|faint|p2a: Lokix\n|\n|upkeep\n|\n|t:|1781430698\n|switch|p2a: Iron Thorns|Iron Thorns, L83|145/302\n|turn|33\n|\n|t:|1781430703\n|move|p2a: Iron Thorns|Earthquake|p1a: Ampharos\n|-supereffective|p1a: Ampharos\n|-damage|p1a: Ampharos|0 fnt\n|faint|p1a: Ampharos\n|\n|upkeep\n|\n|t:|1781430708\n|switch|p1a: Torterra|Torterra, L78, M|230/276\n|-damage|p1a: Torterra|184/276|[from] Spikes\n|turn|34\n|\n|t:|1781430713\n|move|p2a: Iron Thorns|Earthquake|p1a: Torterra\n|-resisted|p1a: Torterra\n|-damage|p1a: Torterra|141/276\n|move|p1a: Torterra|Shell Smash|p1a: Torterra\n|-unboost|p1a: Torterra|def|1\n|-unboost|p1a: Torterra|spd|1\n|-boost|p1a: Torterra|atk|2\n|-boost|p1a: Torterra|spa|2\n|-boost|p1a: Torterra|spe|2\n|\n|upkeep\n|turn|35\n|\n|t:|1781430719\n|move|p1a: Torterra|Shell Smash|p1a: Torterra\n|-unboost|p1a: Torterra|def|1\n|-unboost|p1a: Torterra|spd|1\n|-boost|p1a: Torterra|atk|2\n|-boost|p1a: Torterra|spa|2\n|-boost|p1a: Torterra|spe|2\n|move|p2a: Iron Thorns|Earthquake|p1a: Torterra\n|-resisted|p1a: Torterra\n|-damage|p1a: Torterra|50/276\n|\n|upkeep\n|turn|36\n|\n|t:|1781430723\n|move|p1a: Torterra|Bullet Seed|p2a: Iron Thorns\n|-supereffective|p2a: Iron Thorns\n|-damage|p2a: Iron Thorns|0 fnt\n|faint|p2a: Iron Thorns\n|-end|p2a: Iron Thorns|Quark Drive|[silent]\n|-hitcount|p2: Iron Thorns|1\n|\n|upkeep\n|\n|t:|1781430726\n|switch|p2a: Zangoose|Zangoose, L85, F|263/263\n|turn|37\n|\n|t:|1781430732\n|-terastallize|p1a: Torterra|Grass\n|-terastallize|p2a: Zangoose|Normal\n|move|p2a: Zangoose|Quick Attack|p1a: Torterra\n|-damage|p1a: Torterra|0 fnt\n|faint|p1a: Torterra\n|\n|win|Jadasteel\n", "inputlog": ">version a8376a258c1d4662feba110a92103f3664a72141\n>start {\"formatid\":\"gen9randombattle\",\"seed\":\"sodium,595095536f116884d16c08485b2642de\",\"rated\":\"Rated battle\"}\n>player p1 {\"name\":\"Exenaphiel\",\"avatar\":\"beni-ninja\",\"rating\":1988,\"seed\":\"sodium,88b2b6a9a2efa6d0ab5247dca03871b2\"}\n>player p2 {\"name\":\"Jadasteel\",\"avatar\":\"fantina\",\"rating\":2028,\"seed\":\"sodium,c2561f46ca3cee736374bff7f2368821\"}\n>p1 move thunderwave\n>p2 switch 4\n>p1 move knockoff\n>p2 move spikes\n>p1 move alluringvoice\n>p2 move spikes\n>p1 move alluringvoice\n>p2 switch 6\n>p1 switch 6\n>p2 move heavyslam\n>p1 move bodypress\n>p2 switch 6\n>p1 move bodypress\n>p2 move spikes\n>p2 switch 4\n>p1 switch 6\n>p2 move scald\n>p1 move thunderwave\n>p2 move flipturn\n>p2 switch 2\n>p1 move alluringvoice\n>p2 move dragondance\n>p1 move alluringvoice\n>p2 move wildcharge\n>p1 switch 4\n>p1 move shellsmash\n>p2 switch 3\n>p1 switch 6\n>p2 move firstimpression\n>p1 move rest\n>p2 move knockoff\n>p1 move coil\n>p2 move uturn\n>p2 switch 2\n>p1 switch 2\n>p2 move scald\n>p1 move spore\n>p2 move flipturn\n>p2 switch 6\n>p1 move crunch\n>p2 switch 2\n>p1 switch 2\n>p2 move firstimpression\n>p1 move bodypress\n>p2 move uturn\n>p2 switch 6\n>p1 move bodypress\n>p2 move scald\n>p1 switch 2\n>p1 move crunch\n>p2 move scald\n>p1 move seedbomb\n>p2 move wish\n>p1 move seedbomb\n>p2 move protect\n>p1 move seedbomb\n>p2 move wish\n>p1 move seedbomb\n>p2 move flipturn\n>p2 switch 6\n>p1 move crunch\n>p2 move firstimpression\n>p1 switch 3\n>p1 move curse\n>p2 move knockoff\n>p1 move doubleedge\n>p2 move uturn\n>p2 switch 6\n>p2 switch 6\n>p1 move doubleedge\n>p2 move firstimpression\n>p1 switch 5\n>p1 move thunderbolt\n>p2 move knockoff\n>p1 move thunderbolt\n>p2 move suckerpunch\n>p2 switch 3\n>p1 move focusblast\n>p2 move earthquake\n>p1 switch 6\n>p1 move shellsmash\n>p2 move earthquake\n>p1 move shellsmash\n>p2 move earthquake\n>p1 move bulletseed\n>p2 move earthquake\n>p2 switch 5\n>p1 move bulletseed terastallize\n>p2 move quickattack terastallize", "uploadtime": 1781430385, "views": 6, "formatid": "gen9randombattle", "rating": null, "private": 0, "password": null}