{"id": "gen9randombattle-2631893182", "format": "[Gen 9] Random Battle", "players": ["chichi732", "1001001sos"], "log": "|j|\u2606chichi732\n|j|\u26061001001sos\n|t:|1781452815\n|gametype|singles\n|player|p1|chichi732|169|2154\n|player|p2|1001001sos|pokemonranger|2117\n|gen|9\n|tier|[Gen 9] Random Battle\n|rated|\n|rule|Species Clause: Limit one of each Pok\u00e9mon\n|rule|HP Percentage Mod: HP is shown in percentages\n|rule|Sleep Clause Mod: Limit one foe put to sleep\n|rule|Illusion Level Mod: Illusion disguises the Pok\u00e9mon's true level\n|\n|t:|1781452815\n|teamsize|p1|6\n|teamsize|p2|6\n|start\n|switch|p1a: Rotom|Rotom, L88|231/231\n|switch|p2a: Vaporeon|Vaporeon, L86, F|364/364\n|turn|1\n|\n|t:|1781452831\n|switch|p2a: Morpeko|Morpeko, L88, F|245/245\n|move|p1a: Rotom|Thunderbolt|p2a: Morpeko\n|-resisted|p2a: Morpeko\n|-crit|p2a: Morpeko\n|-damage|p2a: Morpeko|123/245\n|-damage|p1a: Rotom|208/231|[from] item: Life Orb\n|\n|-heal|p2a: Morpeko|138/245|[from] item: Leftovers\n|-formechange|p2a: Morpeko|Morpeko-Hangry||[from] ability: Hunger Switch\n|upkeep\n|turn|2\n|inactive|Battle timer is ON: inactive players will automatically lose when time's up. (requested by 1001001sos)\n|\n|t:|1781452865\n|switch|p1a: Magcargo|Magcargo, L95, M|268/268\n|move|p2a: Morpeko|Knock Off|p1a: Magcargo\n|-damage|p1a: Magcargo|186/268\n|-enditem|p1a: Magcargo|Heavy-Duty Boots|[from] move: Knock Off|[of] p2a: Morpeko\n|\n|-heal|p2a: Morpeko|153/245|[from] item: Leftovers\n|-formechange|p2a: Morpeko|Morpeko||[from] ability: Hunger Switch\n|upkeep\n|turn|3\n|\n|t:|1781452873\n|switch|p2a: Whiscash|Whiscash, L88, F|337/337\n|move|p1a: Magcargo|Yawn|p2a: Whiscash\n|-start|p2a: Whiscash|move: Yawn|[of] p1a: Magcargo\n|\n|upkeep\n|turn|4\n|\n|t:|1781452887\n|switch|p2a: Vaporeon|Vaporeon, L86, F|364/364\n|switch|p1a: Sceptile|Sceptile, L87, F|264/264\n|\n|upkeep\n|turn|5\n|\n|t:|1781452891\n|move|p1a: Sceptile|Swords Dance|p1a: Sceptile\n|-boost|p1a: Sceptile|atk|2\n|move|p2a: Vaporeon|Ice Beam|p1a: Sceptile\n|-supereffective|p1a: Sceptile\n|-damage|p1a: Sceptile|130/264\n|\n|upkeep\n|turn|6\n|\n|t:|1781452904\n|switch|p2a: Cobalion|Cobalion, L80|277/277\n|move|p1a: Sceptile|Leaf Blade|p2a: Cobalion\n|-resisted|p2a: Cobalion\n|-damage|p2a: Cobalion|186/277\n|-damage|p1a: Sceptile|104/264|[from] item: Life Orb\n|\n|-heal|p2a: Cobalion|203/277|[from] item: Leftovers\n|upkeep\n|turn|7\n|\n|t:|1781452912\n|switch|p2a: Gliscor|Gliscor, L76, M|239/239\n|move|p1a: Sceptile|Earthquake|p2a: Gliscor\n|-immune|p2a: Gliscor\n|\n|-status|p2a: Gliscor|tox|[from] item: Toxic Orb\n|upkeep\n|turn|8\n|\n|t:|1781452922\n|move|p1a: Sceptile|Leaf Blade|p2a: Gliscor\n|-damage|p2a: Gliscor|32/239 tox\n|-damage|p1a: Sceptile|78/264|[from] item: Life Orb\n|move|p2a: Gliscor|Knock Off|p1a: Sceptile\n|-damage|p1a: Sceptile|11/264\n|-enditem|p1a: Sceptile|Life Orb|[from] move: Knock Off|[of] p2a: Gliscor\n|\n|-heal|p2a: Gliscor|61/239 tox|[from] ability: Poison Heal\n|upkeep\n|turn|9\n|\n|t:|1781452932\n|switch|p2a: Cobalion|Cobalion, L80|203/277\n|move|p1a: Sceptile|Leaf Blade|p2a: Cobalion\n|-resisted|p2a: Cobalion\n|-damage|p2a: Cobalion|104/277\n|\n|-heal|p2a: Cobalion|121/277|[from] item: Leftovers\n|upkeep\n|turn|10\n|\n|t:|1781452941\n|move|p1a: Sceptile|Earthquake|p2a: Cobalion\n|-supereffective|p2a: Cobalion\n|-damage|p2a: Cobalion|0 fnt\n|faint|p2a: Cobalion\n|\n|upkeep\n|\n|t:|1781452943\n|switch|p2a: Alcremie|Alcremie-Mint-Cream, L90, F|263/263\n|turn|11\n|\n|t:|1781452947\n|move|p1a: Sceptile|Leaf Blade|p2a: Alcremie\n|-damage|p2a: Alcremie|0 fnt\n|faint|p2a: Alcremie\n|\n|upkeep\n|\n|t:|1781452957\n|switch|p2a: Whiscash|Whiscash, L88, F|337/337\n|turn|12\n|\n|t:|1781452964\n|switch|p1a: Rotom|Rotom, L88|208/231\n|-terastallize|p2a: Whiscash|Ghost\n|move|p2a: Whiscash|Earthquake|p1a: Rotom\n|-immune|p1a: Rotom|[from] ability: Levitate\n|\n|upkeep\n|turn|13\n|\n|t:|1781452969\n|switch|p2a: Morpeko|Morpeko, L88, F|153/245\n|move|p1a: Rotom|Will-O-Wisp|p2a: Morpeko\n|-status|p2a: Morpeko|brn\n|\n|-heal|p2a: Morpeko|168/245 brn|[from] item: Leftovers\n|-damage|p2a: Morpeko|153/245 brn|[from] brn\n|-formechange|p2a: Morpeko|Morpeko-Hangry||[from] ability: Hunger Switch\n|upkeep\n|turn|14\n|\n|t:|1781452974\n|switch|p1a: Magcargo|Magcargo, L95, M|186/268\n|move|p2a: Morpeko|Aura Wheel|p1a: Magcargo\n|-damage|p1a: Magcargo|138/268\n|-boost|p2a: Morpeko|spe|1\n|\n|-heal|p2a: Morpeko|168/245 brn|[from] item: Leftovers\n|-damage|p2a: Morpeko|153/245 brn|[from] brn\n|-formechange|p2a: Morpeko|Morpeko||[from] ability: Hunger Switch\n|upkeep\n|turn|15\n|\n|t:|1781452982\n|switch|p2a: Whiscash|Whiscash, L88, F, tera:Ghost|337/337\n|move|p1a: Magcargo|Recover|p1a: Magcargo\n|-heal|p1a: Magcargo|268/268\n|\n|upkeep\n|turn|16\n|\n|t:|1781452989\n|switch|p1a: Rotom|Rotom, L88|208/231\n|move|p2a: Whiscash|Spikes|p1a: Rotom\n|-sidestart|p1: chichi732|Spikes\n|\n|upkeep\n|turn|17\n|\n|t:|1781452995\n|switch|p2a: Morpeko|Morpeko, L88, F|153/245 brn\n|move|p1a: Rotom|Shadow Ball|p2a: Morpeko\n|-resisted|p2a: Morpeko\n|-damage|p2a: Morpeko|75/245 brn\n|-damage|p1a: Rotom|185/231|[from] item: Life Orb\n|\n|-heal|p2a: Morpeko|90/245 brn|[from] item: Leftovers\n|-damage|p2a: Morpeko|75/245 brn|[from] brn\n|-formechange|p2a: Morpeko|Morpeko-Hangry||[from] ability: Hunger Switch\n|upkeep\n|turn|18\n|\n|t:|1781452998\n|move|p2a: Morpeko|Aura Wheel|p1a: Rotom\n|-supereffective|p1a: Rotom\n|-damage|p1a: Rotom|52/231\n|-boost|p2a: Morpeko|spe|1\n|move|p1a: Rotom|Shadow Ball|p2a: Morpeko\n|-resisted|p2a: Morpeko\n|-damage|p2a: Morpeko|0 fnt\n|faint|p2a: Morpeko\n|-damage|p1a: Rotom|29/231|[from] item: Life Orb\n|\n|upkeep\n|\n|t:|1781453005\n|switch|p2a: Gliscor|Gliscor, L76, M|61/239 tox\n|turn|19\n|\n|t:|1781453008\n|move|p2a: Gliscor|Protect|p2a: Gliscor\n|-singleturn|p2a: Gliscor|Protect\n|move|p1a: Rotom|Shadow Ball|p2a: Gliscor\n|-activate|p2a: Gliscor|move: Protect\n|\n|-heal|p2a: Gliscor|90/239 tox|[from] ability: Poison Heal\n|upkeep\n|turn|20\n|\n|t:|1781453014\n|switch|p2a: Vaporeon|Vaporeon, L86, F|364/364\n|move|p1a: Rotom|Shadow Ball|p2a: Vaporeon\n|-damage|p2a: Vaporeon|257/364\n|-damage|p1a: Rotom|6/231|[from] item: Life Orb\n|\n|-heal|p2a: Vaporeon|279/364|[from] item: Leftovers\n|upkeep\n|turn|21\n|\n|t:|1781453020\n|move|p2a: Vaporeon|Protect|p2a: Vaporeon\n|-singleturn|p2a: Vaporeon|Protect\n|move|p1a: Rotom|Shadow Ball|p2a: Vaporeon\n|-activate|p2a: Vaporeon|move: Protect\n|\n|-heal|p2a: Vaporeon|301/364|[from] item: Leftovers\n|upkeep\n|turn|22\n|\n|t:|1781453022\n|move|p1a: Rotom|Thunderbolt|p2a: Vaporeon\n|-supereffective|p2a: Vaporeon\n|-damage|p2a: Vaporeon|59/364\n|-damage|p1a: Rotom|0 fnt|[from] item: Life Orb\n|faint|p1a: Rotom\n|move|p2a: Vaporeon|Wish|p2a: Vaporeon\n|\n|-heal|p2a: Vaporeon|81/364|[from] item: Leftovers\n|upkeep\n|\n|t:|1781453030\n|switch|p1a: Hoopa|Hoopa-Unbound, L80|259/259\n|-damage|p1a: Hoopa|227/259|[from] Spikes\n|turn|23\n|\n|t:|1781453043\n|move|p1a: Hoopa|Hyperspace Fury|p2a: Vaporeon\n|-damage|p2a: Vaporeon|0 fnt\n|-unboost|p1a: Hoopa|def|1\n|faint|p2a: Vaporeon\n|\n|upkeep\n|\n|t:|1781453048\n|switch|p2a: Gliscor|Gliscor, L76, M|90/239 tox\n|turn|24\n|\n|t:|1781453049\n|move|p1a: Hoopa|Hyperspace Fury|p2a: Gliscor\n|-damage|p2a: Gliscor|0 fnt\n|-unboost|p1a: Hoopa|def|1\n|faint|p2a: Gliscor\n|\n|upkeep\n|\n|t:|1781453051\n|switch|p2a: Whiscash|Whiscash, L88, F, tera:Ghost|337/337\n|turn|25\n|\n|t:|1781453054\n|switch|p1a: Sceptile|Sceptile, L87, F|11/264\n|-damage|p1a: Sceptile|0 fnt|[from] Spikes\n|faint|p1a: Sceptile\n|move|p2a: Whiscash|Earthquake|p1: Sceptile|[notarget]\n|-fail|p2a: Whiscash\n|\n|upkeep\n|\n|t:|1781453056\n|switch|p1a: Basculin|Basculin, L86, M|261/261\n|-damage|p1a: Basculin|229/261|[from] Spikes\n|turn|26\n|\n|t:|1781453059\n|-terastallize|p1a: Basculin|Water\n|move|p1a: Basculin|Wave Crash|p2a: Whiscash\n|-damage|p2a: Whiscash|47/337\n|-damage|p1a: Basculin|133/261|[from] Recoil\n|move|p2a: Whiscash|Earthquake|p1a: Basculin\n|-damage|p1a: Basculin|16/261\n|\n|-heal|p2a: Whiscash|68/337|[from] item: Leftovers\n|upkeep\n|turn|27\n|\n|t:|1781453061\n|move|p1a: Basculin|Wave Crash|p2a: Whiscash\n|-damage|p2a: Whiscash|0 fnt\n|faint|p2a: Whiscash\n|-damage|p1a: Basculin|0 fnt|[from] Recoil\n|faint|p1a: Basculin\n|\n|win|chichi732\n", "inputlog": ">version a8376a258c1d4662feba110a92103f3664a72141\n>start {\"formatid\":\"gen9randombattle\",\"seed\":\"sodium,747a4861f1661865daf39b333bd17f9f\",\"rated\":\"Rated battle\"}\n>player p1 {\"name\":\"chichi732\",\"avatar\":\"169\",\"rating\":2154,\"seed\":\"sodium,53f94910d70109c62dc0c2cbcf8bee51\"}\n>player p2 {\"name\":\"1001001sos\",\"avatar\":\"pokemonranger\",\"rating\":2117,\"seed\":\"sodium,58145d0243bab4e760da0de5c49dd6a4\"}\n>p1 move thunderbolt\n>p2 switch 4\n>p1 switch 5\n>p2 move knockoff\n>p1 move yawn\n>p2 switch 5\n>p1 switch 3\n>p2 switch 4\n>p1 move swordsdance\n>p2 move icebeam\n>p1 move leafblade\n>p2 switch 2\n>p1 move earthquake\n>p2 switch 6\n>p1 move leafblade\n>p2 move knockoff\n>p1 move leafblade\n>p2 switch 6\n>p1 move earthquake\n>p2 move ironhead\n>p2 switch 3\n>p1 move leafblade\n>p2 move alluringvoice\n>p2 switch 4\n>p1 switch 5\n>p2 move earthquake terastallize\n>p1 move willowisp\n>p2 switch 5\n>p1 switch 3\n>p2 move aurawheel\n>p1 move recover\n>p2 switch 5\n>p1 switch 3\n>p2 move spikes\n>p1 move shadowball\n>p2 switch 5\n>p1 move shadowball\n>p2 move aurawheel\n>p2 switch 6\n>p1 move shadowball\n>p2 move protect\n>p1 move shadowball\n>p2 switch 2\n>p1 move shadowball\n>p2 move protect\n>p1 move thunderbolt\n>p2 move wish\n>p1 switch 4\n>p1 move hyperspacefury\n>p2 move scald\n>p2 switch 2\n>p1 move hyperspacefury\n>p2 move earthquake\n>p2 switch 5\n>p1 switch 5\n>p2 move earthquake\n>p1 switch 6\n>p1 move wavecrash terastallize\n>p2 move earthquake\n>p1 move wavecrash\n>p2 move earthquake", "uploadtime": 1781452816, "views": 4, "formatid": "gen9randombattle", "rating": null, "private": 0, "password": null}