{"id": "gen9randombattle-2631846525", "format": "[Gen 9] Random Battle", "players": ["feyenoorder", "Micael Lopes"], "log": "|j|\u2606feyenoorder\n|j|\u2606Micael Lopes\n|t:|1781447548\n|gametype|singles\n|player|p1|feyenoorder|2|1636\n|player|p2|Micael Lopes|benga|1643\n|gen|9\n|tier|[Gen 9] Random Battle\n|rated|\n|rule|Species Clause: Limit one of each Pok\u00e9mon\n|rule|HP Percentage Mod: HP is shown in percentages\n|rule|Sleep Clause Mod: Limit one foe put to sleep\n|rule|Illusion Level Mod: Illusion disguises the Pok\u00e9mon's true level\n|\n|t:|1781447548\n|teamsize|p1|6\n|teamsize|p2|6\n|start\n|switch|p1a: Meganium|Meganium, L90, F|290/290\n|switch|p2a: Rotom|Rotom, L88|231/231\n|turn|1\n|inactive|Battle timer is ON: inactive players will automatically lose when time's up. (requested by Micael Lopes)\n|inactive|feyenoorder also wants the timer to be on.\n|inactive|feyenoorder has 120 seconds left.\n|\n|t:|1781447585\n|move|p2a: Rotom|Will-O-Wisp|p1a: Meganium\n|-status|p1a: Meganium|brn\n|move|p1a: Meganium|Swords Dance|p1a: Meganium\n|-boost|p1a: Meganium|atk|2\n|\n|-damage|p1a: Meganium|272/290 brn|[from] brn\n|upkeep\n|turn|2\n|\n|t:|1781447594\n|switch|p2a: Vileplume|Vileplume, L85, M|266/266\n|move|p1a: Meganium|Knock Off|p2a: Vileplume\n|-damage|p2a: Vileplume|200/266\n|-enditem|p2a: Vileplume|Leftovers|[from] move: Knock Off|[of] p1a: Meganium\n|\n|-heal|p1a: Meganium|290/290 brn|[from] item: Leftovers\n|-damage|p1a: Meganium|272/290 brn|[from] brn\n|upkeep\n|turn|3\n|\n|t:|1781447610\n|switch|p1a: Munkidori|Munkidori, L79, M|269/269\n|move|p2a: Vileplume|Strength Sap|p1a: Munkidori\n|-unboost|p1a: Munkidori|atk|1\n|-heal|p2a: Vileplume|266/266\n|\n|upkeep\n|turn|4\n|\n|t:|1781447620\n|switch|p2a: Ninetales|Ninetales-Alola, L78, F|242/242\n|-weather|Snowscape|[from] ability: Snow Warning|[of] p2a: Ninetales\n|move|p1a: Munkidori|Sludge Wave|p2a: Ninetales\n|-supereffective|p2a: Ninetales\n|-damage|p2a: Ninetales|0 fnt\n|faint|p2a: Ninetales\n|-damage|p1a: Munkidori|243/269|[from] item: Life Orb\n|\n|-weather|Snowscape|[upkeep]\n|upkeep\n|\n|t:|1781447623\n|switch|p2a: Terrakion|Terrakion, L79|273/273\n|turn|5\n|\n|t:|1781447630\n|switch|p1a: Meganium|Meganium, L90, F|272/290 brn\n|move|p2a: Terrakion|Swords Dance|p2a: Terrakion\n|-boost|p2a: Terrakion|atk|2\n|\n|-weather|Snowscape|[upkeep]\n|-heal|p1a: Meganium|290/290 brn|[from] item: Leftovers\n|-damage|p1a: Meganium|272/290 brn|[from] brn\n|upkeep\n|turn|6\n|\n|t:|1781447636\n|move|p2a: Terrakion|Swords Dance|p2a: Terrakion\n|-boost|p2a: Terrakion|atk|2\n|move|p1a: Meganium|Petal Blizzard|p2a: Terrakion\n|-supereffective|p2a: Terrakion\n|-damage|p2a: Terrakion|171/273\n|\n|-weather|Snowscape|[upkeep]\n|-heal|p1a: Meganium|290/290 brn|[from] item: Leftovers\n|-damage|p1a: Meganium|272/290 brn|[from] brn\n|upkeep\n|turn|7\n|\n|t:|1781447645\n|move|p2a: Terrakion|Close Combat|p1a: Meganium\n|-damage|p1a: Meganium|0 fnt\n|-unboost|p2a: Terrakion|def|1\n|-unboost|p2a: Terrakion|spd|1\n|faint|p1a: Meganium\n|-damage|p2a: Terrakion|144/273|[from] item: Life Orb\n|\n|-weather|Snowscape|[upkeep]\n|upkeep\n|\n|t:|1781447668\n|switch|p1a: Raikou|Raikou, L81|278/278\n|-ability|p1a: Raikou|Pressure\n|turn|8\n|\n|t:|1781447673\n|switch|p2a: Vileplume|Vileplume, L85, M|266/266\n|move|p1a: Raikou|Thunderbolt|p2a: Vileplume\n|-resisted|p2a: Vileplume\n|-damage|p2a: Vileplume|219/266\n|\n|-weather|none\n|upkeep\n|turn|9\n|\n|t:|1781447684\n|switch|p1a: Munkidori|Munkidori, L79, M|243/269\n|move|p2a: Vileplume|Sleep Powder|p1a: Munkidori\n|-status|p1a: Munkidori|slp|[from] move: Sleep Powder\n|\n|upkeep\n|turn|10\n|\n|t:|1781447692\n|switch|p2a: Terapagos|Terapagos, L77, M|265/265\n|-activate|p2a: Terapagos|ability: Tera Shift\n|detailschange|p2a: Terapagos|Terapagos-Terastal, L77, M\n|-heal|p2a: Terapagos|273/273|[silent]\n|cant|p1a: Munkidori|slp\n|\n|upkeep\n|turn|11\n|\n|t:|1781447703\n|switch|p1a: Clodsire|Clodsire, L81, M|343/343\n|move|p2a: Terapagos|Calm Mind|p2a: Terapagos\n|-boost|p2a: Terapagos|spa|1\n|-boost|p2a: Terapagos|spd|1\n|\n|upkeep\n|turn|12\n|\n|t:|1781447720\n|switch|p2a: Vileplume|Vileplume, L85, M|219/266\n|move|p1a: Clodsire|Toxic|p2a: Vileplume\n|-immune|p2a: Vileplume\n|\n|upkeep\n|turn|13\n|\n|t:|1781447725\n|move|p2a: Vileplume|Sludge Bomb|p1a: Clodsire\n|-resisted|p1a: Clodsire\n|-damage|p1a: Clodsire|316/343\n|move|p1a: Clodsire|Earthquake|p2a: Vileplume\n|-damage|p2a: Vileplume|134/266\n|\n|-heal|p1a: Clodsire|337/343|[from] item: Leftovers\n|upkeep\n|turn|14\n|\n|t:|1781447729\n|move|p2a: Vileplume|Strength Sap|p1a: Clodsire\n|-unboost|p1a: Clodsire|atk|1\n|-heal|p2a: Vileplume|266/266\n|move|p1a: Clodsire|Earthquake|p2a: Vileplume\n|-damage|p2a: Vileplume|214/266\n|\n|-heal|p1a: Clodsire|343/343|[from] item: Leftovers\n|upkeep\n|turn|15\n|\n|t:|1781447732\n|switch|p2a: Rotom|Rotom, L88|231/231\n|switch|p1a: Munkidori|Munkidori, L79, M|243/269 slp\n|\n|upkeep\n|turn|16\n|\n|t:|1781447738\n|-curestatus|p1a: Munkidori|slp|[msg]\n|move|p1a: Munkidori|Psyshock|p2a: Rotom\n|-damage|p2a: Rotom|110/231\n|-damage|p1a: Munkidori|217/269|[from] item: Life Orb\n|move|p2a: Rotom|Shadow Ball|p1a: Munkidori\n|-supereffective|p1a: Munkidori\n|-damage|p1a: Munkidori|0 fnt\n|faint|p1a: Munkidori\n|-damage|p2a: Rotom|87/231|[from] item: Life Orb\n|\n|upkeep\n|\n|t:|1781447767\n|switch|p1a: Groudon|Groudon, L72|263/263\n|-weather|SunnyDay|[from] ability: Drought|[of] p1a: Groudon\n|turn|17\n|inactive|feyenoorder has 120 seconds left.\n|\n|t:|1781447787\n|move|p2a: Rotom|Will-O-Wisp|p1a: Groudon|[miss]\n|-miss|p2a: Rotom|p1a: Groudon\n|move|p1a: Groudon|Swords Dance|p1a: Groudon\n|-boost|p1a: Groudon|atk|2\n|\n|-weather|SunnyDay|[upkeep]\n|upkeep\n|turn|18\n|inactive|feyenoorder has 120 seconds left.\n|\n|t:|1781447813\n|-terastallize|p1a: Groudon|Fire\n|move|p2a: Rotom|Will-O-Wisp|p1a: Groudon|[miss]\n|-miss|p2a: Rotom|p1a: Groudon\n|move|p1a: Groudon|Heat Crash|p2a: Rotom\n|-damage|p2a: Rotom|0 fnt\n|faint|p2a: Rotom\n|\n|-weather|SunnyDay|[upkeep]\n|upkeep\n|\n|t:|1781447821\n|switch|p2a: Terrakion|Terrakion, L79|144/273\n|turn|19\n|inactive|feyenoorder has 120 seconds left.\n|\n|t:|1781447836\n|move|p2a: Terrakion|Stone Edge|p1a: Groudon\n|-supereffective|p1a: Groudon\n|-damage|p1a: Groudon|29/263\n|-damage|p2a: Terrakion|117/273|[from] item: Life Orb\n|move|p1a: Groudon|Precipice Blades|p2a: Terrakion\n|-supereffective|p2a: Terrakion\n|-damage|p2a: Terrakion|0 fnt\n|faint|p2a: Terrakion\n|\n|-weather|SunnyDay|[upkeep]\n|-heal|p1a: Groudon|45/263|[from] item: Leftovers\n|upkeep\n|\n|t:|1781447840\n|switch|p2a: Terapagos|Terapagos-Terastal, L77, M|273/273\n|turn|20\n|\n|t:|1781447846\n|move|p2a: Terapagos|Tera Starstorm|p1a: Groudon\n|-damage|p1a: Groudon|0 fnt\n|faint|p1a: Groudon\n|\n|-weather|SunnyDay|[upkeep]\n|upkeep\n|\n|t:|1781447852\n|switch|p1a: Clodsire|Clodsire, L81, M|343/343\n|turn|21\n|\n|t:|1781447866\n|switch|p2a: Vileplume|Vileplume, L85, M|214/266\n|move|p1a: Clodsire|Gunk Shot|p2a: Vileplume\n|-damage|p2a: Vileplume|118/266\n|\n|-weather|none\n|upkeep\n|turn|22\n|\n|t:|1781447873\n|switch|p1a: Raikou|Raikou, L81|278/278\n|-ability|p1a: Raikou|Pressure\n|move|p2a: Vileplume|Strength Sap|p1a: Raikou\n|-unboost|p1a: Raikou|atk|1\n|-heal|p2a: Vileplume|260/266\n|\n|upkeep\n|turn|23\n|\n|t:|1781447877\n|move|p1a: Raikou|Substitute|p1a: Raikou\n|-start|p1a: Raikou|Substitute\n|-damage|p1a: Raikou|209/278\n|move|p2a: Vileplume|Giga Drain|p1a: Raikou\n|-end|p1a: Raikou|Substitute\n|-heal|p2a: Vileplume|266/266|[from] drain|[of] p1a: Raikou\n|\n|-heal|p1a: Raikou|226/278|[from] item: Leftovers\n|upkeep\n|turn|24\n|\n|t:|1781447893\n|move|p1a: Raikou|Calm Mind|p1a: Raikou\n|-boost|p1a: Raikou|spa|1\n|-boost|p1a: Raikou|spd|1\n|move|p2a: Vileplume|Sludge Bomb|p1a: Raikou\n|-damage|p1a: Raikou|153/278\n|\n|-heal|p1a: Raikou|170/278|[from] item: Leftovers\n|upkeep\n|turn|25\n|\n|t:|1781447896\n|move|p1a: Raikou|Substitute|p1a: Raikou\n|-start|p1a: Raikou|Substitute\n|-damage|p1a: Raikou|101/278\n|move|p2a: Vileplume|Sludge Bomb|p1a: Raikou\n|-end|p1a: Raikou|Substitute\n|\n|-heal|p1a: Raikou|118/278|[from] item: Leftovers\n|upkeep\n|turn|26\n|\n|t:|1781447901\n|move|p1a: Raikou|Thunderbolt|p2a: Vileplume\n|-resisted|p2a: Vileplume\n|-damage|p2a: Vileplume|186/266\n|move|p2a: Vileplume|Sludge Bomb|p1a: Raikou\n|-damage|p1a: Raikou|51/278\n|-status|p1a: Raikou|psn\n|\n|-heal|p1a: Raikou|68/278 psn|[from] item: Leftovers\n|-damage|p1a: Raikou|34/278 psn|[from] psn\n|upkeep\n|turn|27\n|\n|t:|1781447905\n|move|p1a: Raikou|Thunderbolt|p2a: Vileplume\n|-resisted|p2a: Vileplume\n|-damage|p2a: Vileplume|114/266\n|move|p2a: Vileplume|Giga Drain|p1a: Raikou\n|-damage|p1a: Raikou|0 fnt\n|-heal|p2a: Vileplume|131/266|[from] drain|[of] p1a: Raikou\n|faint|p1a: Raikou\n|\n|upkeep\n|\n|t:|1781447923\n|switch|p1a: Gyarados|Gyarados, L79, M|280/280\n|turn|28\n|\n|t:|1781447928\n|-terastallize|p2a: Vileplume|Water\n|move|p1a: Gyarados|Temper Flare|p2a: Vileplume\n|-resisted|p2a: Vileplume\n|-damage|p2a: Vileplume|104/266\n|move|p2a: Vileplume|Strength Sap|p1a: Gyarados\n|-unboost|p1a: Gyarados|atk|1\n|-heal|p2a: Vileplume|266/266\n|\n|upkeep\n|turn|29\n|\n|t:|1781447934\n|switch|p1a: Clodsire|Clodsire, L81, M|343/343\n|move|p2a: Vileplume|Sludge Bomb|p1a: Clodsire\n|-resisted|p1a: Clodsire\n|-damage|p1a: Clodsire|319/343\n|\n|-heal|p1a: Clodsire|340/343|[from] item: Leftovers\n|upkeep\n|turn|30\n|\n|t:|1781447939\n|move|p2a: Vileplume|Sleep Powder|p1a: Clodsire\n|-status|p1a: Clodsire|slp|[from] move: Sleep Powder\n|cant|p1a: Clodsire|slp\n|\n|-heal|p1a: Clodsire|343/343 slp|[from] item: Leftovers\n|upkeep\n|turn|31\n|\n|t:|1781447945\n|move|p2a: Vileplume|Giga Drain|p1a: Clodsire\n|-damage|p1a: Clodsire|252/343 slp\n|-curestatus|p1a: Clodsire|slp|[msg]\n|move|p1a: Clodsire|Gunk Shot|p2a: Vileplume\n|-damage|p2a: Vileplume|169/266\n|\n|-heal|p1a: Clodsire|273/343|[from] item: Leftovers\n|upkeep\n|turn|32\n|\n|t:|1781447949\n|move|p2a: Vileplume|Sleep Powder|p1a: Clodsire|[miss]\n|-miss|p2a: Vileplume|p1a: Clodsire\n|move|p1a: Clodsire|Gunk Shot|p2a: Vileplume\n|-damage|p2a: Vileplume|75/266\n|-status|p2a: Vileplume|psn\n|\n|-heal|p1a: Clodsire|294/343|[from] item: Leftovers\n|-damage|p2a: Vileplume|42/266 psn|[from] psn\n|upkeep\n|turn|33\n|c|\u2606Micael Lopes|**__Sexy game.__**\n|\n|t:|1781447963\n|move|p2a: Vileplume|Strength Sap|p1a: Clodsire\n|-unboost|p1a: Clodsire|atk|1\n|-heal|p2a: Vileplume|210/266 psn\n|move|p1a: Clodsire|Earthquake|p2a: Vileplume\n|-damage|p2a: Vileplume|155/266 psn\n|\n|-heal|p1a: Clodsire|315/343|[from] item: Leftovers\n|-damage|p2a: Vileplume|122/266 psn|[from] psn\n|upkeep\n|turn|34\n|\n|t:|1781447971\n|move|p2a: Vileplume|Giga Drain|p1a: Clodsire\n|-damage|p1a: Clodsire|231/343\n|-heal|p2a: Vileplume|164/266 psn|[from] drain|[of] p1a: Clodsire\n|move|p1a: Clodsire|Gunk Shot|p2a: Vileplume\n|-damage|p2a: Vileplume|100/266 psn\n|\n|-heal|p1a: Clodsire|252/343|[from] item: Leftovers\n|-damage|p2a: Vileplume|67/266 psn|[from] psn\n|upkeep\n|turn|35\n|\n|t:|1781447992\n|move|p2a: Vileplume|Strength Sap|p1a: Clodsire\n|-unboost|p1a: Clodsire|atk|1\n|-heal|p2a: Vileplume|179/266 psn\n|move|p1a: Clodsire|Gunk Shot|p2a: Vileplume\n|-damage|p2a: Vileplume|127/266 psn\n|\n|-heal|p1a: Clodsire|273/343|[from] item: Leftovers\n|-damage|p2a: Vileplume|94/266 psn|[from] psn\n|upkeep\n|turn|36\n|\n|t:|1781448010\n|move|p2a: Vileplume|Giga Drain|p1a: Clodsire\n|-damage|p1a: Clodsire|182/343\n|-heal|p2a: Vileplume|140/266 psn|[from] drain|[of] p1a: Clodsire\n|move|p1a: Clodsire|Earthquake|p2a: Vileplume\n|-damage|p2a: Vileplume|100/266 psn\n|\n|-heal|p1a: Clodsire|203/343|[from] item: Leftovers\n|-damage|p2a: Vileplume|67/266 psn|[from] psn\n|upkeep\n|turn|37\n|\n|t:|1781448022\n|move|p2a: Vileplume|Giga Drain|p1a: Clodsire\n|-damage|p1a: Clodsire|124/343\n|-heal|p2a: Vileplume|107/266 psn|[from] drain|[of] p1a: Clodsire\n|move|p1a: Clodsire|Recover|p1a: Clodsire\n|-heal|p1a: Clodsire|296/343\n|\n|-heal|p1a: Clodsire|317/343|[from] item: Leftovers\n|-damage|p2a: Vileplume|74/266 psn|[from] psn\n|upkeep\n|turn|38\n|\n|t:|1781448026\n|move|p2a: Vileplume|Strength Sap|p1a: Clodsire\n|-unboost|p1a: Clodsire|atk|1\n|-heal|p2a: Vileplume|158/266 psn\n|move|p1a: Clodsire|Gunk Shot|p2a: Vileplume\n|-damage|p2a: Vileplume|115/266 psn\n|\n|-heal|p1a: Clodsire|338/343|[from] item: Leftovers\n|-damage|p2a: Vileplume|82/266 psn|[from] psn\n|upkeep\n|turn|39\n|\n|t:|1781448032\n|move|p2a: Vileplume|Sleep Powder|p1a: Clodsire\n|-status|p1a: Clodsire|slp|[from] move: Sleep Powder\n|cant|p1a: Clodsire|slp\n|\n|-heal|p1a: Clodsire|343/343 slp|[from] item: Leftovers\n|-damage|p2a: Vileplume|49/266 psn|[from] psn\n|upkeep\n|turn|40\n|\n|t:|1781448036\n|move|p2a: Vileplume|Giga Drain|p1a: Clodsire\n|-damage|p1a: Clodsire|256/343 slp\n|-heal|p2a: Vileplume|93/266 psn|[from] drain|[of] p1a: Clodsire\n|-curestatus|p1a: Clodsire|slp|[msg]\n|move|p1a: Clodsire|Earthquake|p2a: Vileplume\n|-damage|p2a: Vileplume|60/266 psn\n|\n|-heal|p1a: Clodsire|277/343|[from] item: Leftovers\n|-damage|p2a: Vileplume|27/266 psn|[from] psn\n|upkeep\n|turn|41\n|\n|t:|1781448044\n|move|p2a: Vileplume|Strength Sap|p1a: Clodsire\n|-unboost|p1a: Clodsire|atk|1\n|-heal|p2a: Vileplume|94/266 psn\n|move|p1a: Clodsire|Earthquake|p2a: Vileplume\n|-damage|p2a: Vileplume|67/266 psn\n|\n|-heal|p1a: Clodsire|298/343|[from] item: Leftovers\n|-damage|p2a: Vileplume|34/266 psn|[from] psn\n|upkeep\n|turn|42\n|\n|t:|1781448054\n|move|p2a: Vileplume|Sleep Powder|p1a: Clodsire\n|-status|p1a: Clodsire|slp|[from] move: Sleep Powder\n|cant|p1a: Clodsire|slp\n|\n|-heal|p1a: Clodsire|319/343 slp|[from] item: Leftovers\n|-damage|p2a: Vileplume|1/266 psn|[from] psn\n|upkeep\n|turn|43\n|\n|t:|1781448058\n|move|p2a: Vileplume|Giga Drain|p1a: Clodsire\n|-damage|p1a: Clodsire|237/343 slp\n|-heal|p2a: Vileplume|42/266 psn|[from] drain|[of] p1a: Clodsire\n|-curestatus|p1a: Clodsire|slp|[msg]\n|move|p1a: Clodsire|Earthquake|p2a: Vileplume\n|-damage|p2a: Vileplume|15/266 psn\n|\n|-heal|p1a: Clodsire|258/343|[from] item: Leftovers\n|-damage|p2a: Vileplume|0 fnt|[from] psn\n|faint|p2a: Vileplume\n|upkeep\n|c|\u2606Micael Lopes|This muddafakkah won't stay asleep, huh.\n|\n|t:|1781448076\n|switch|p2a: Terapagos|Terapagos-Terastal, L77, M|273/273\n|turn|44\n|\n|t:|1781448083\n|move|p2a: Terapagos|Tera Starstorm|p1a: Clodsire\n|-damage|p1a: Clodsire|152/343\n|move|p1a: Clodsire|Toxic|p2a: Terapagos\n|-status|p2a: Terapagos|tox\n|\n|-heal|p1a: Clodsire|173/343|[from] item: Leftovers\n|-damage|p2a: Terapagos|256/273 tox|[from] psn\n|upkeep\n|turn|45\n|\n|t:|1781448086\n|move|p2a: Terapagos|Tera Starstorm|p1a: Clodsire\n|-damage|p1a: Clodsire|68/343\n|move|p1a: Clodsire|Recover|p1a: Clodsire\n|-heal|p1a: Clodsire|240/343\n|\n|-heal|p1a: Clodsire|261/343|[from] item: Leftovers\n|-damage|p2a: Terapagos|222/273 tox|[from] psn\n|upkeep\n|turn|46\n|\n|t:|1781448102\n|move|p2a: Terapagos|Calm Mind|p2a: Terapagos\n|-boost|p2a: Terapagos|spa|1\n|-boost|p2a: Terapagos|spd|1\n|move|p1a: Clodsire|Earthquake|p2a: Terapagos\n|-damage|p2a: Terapagos|194/273 tox\n|\n|-heal|p1a: Clodsire|282/343|[from] item: Leftovers\n|-damage|p2a: Terapagos|143/273 tox|[from] psn\n|upkeep\n|turn|47\n|\n|t:|1781448118\n|move|p2a: Terapagos|Tera Starstorm|p1a: Clodsire\n|-damage|p1a: Clodsire|116/343\n|move|p1a: Clodsire|Earthquake|p2a: Terapagos\n|-damage|p2a: Terapagos|116/273 tox\n|\n|-heal|p1a: Clodsire|137/343|[from] item: Leftovers\n|-damage|p2a: Terapagos|48/273 tox|[from] psn\n|upkeep\n|turn|48\n|\n|t:|1781448122\n|move|p2a: Terapagos|Tera Starstorm|p1a: Clodsire\n|-damage|p1a: Clodsire|0 fnt\n|faint|p1a: Clodsire\n|\n|-damage|p2a: Terapagos|0 fnt|[from] psn\n|faint|p2a: Terapagos\n|upkeep\n|\n|t:|1781448124\n|switch|p2a: Pincurchin|Pincurchin, F|258/258\n|switch|p1a: Gyarados|Gyarados, L79, M|280/280\n|-fieldstart|move: Electric Terrain|[from] ability: Electric Surge|[of] p2a: Pincurchin\n|turn|49\n|\n|t:|1781448129\n|move|p1a: Gyarados|Earthquake|p2a: Pincurchin\n|-supereffective|p2a: Pincurchin\n|-damage|p2a: Pincurchin|136/258\n|move|p2a: Pincurchin|Zing Zap|p1a: Gyarados\n|-supereffective|p1a: Gyarados\n|-damage|p1a: Gyarados|0 fnt\n|faint|p1a: Gyarados\n|\n|win|Micael Lopes\n|raw|feyenoorder's rating: 1636 &rarr; <strong>1619</strong><br />(-17 for losing)\n|raw|Micael Lopes's rating: 1684 &rarr; <strong>1701</strong><br />(+17 for winning)\n|c|\u2606Micael Lopes|**__Sexy game.__**\n|l|\u2606feyenoorder\n|player|p1|\n", "inputlog": ">version a8376a258c1d4662feba110a92103f3664a72141\n>start {\"formatid\":\"gen9randombattle\",\"seed\":\"sodium,6a6077f59d19457b404b0a8615b1c87d\",\"rated\":\"Rated battle\"}\n>player p1 {\"name\":\"feyenoorder\",\"avatar\":\"2\",\"rating\":1636,\"seed\":\"sodium,c3e18eb826590ec6878035e0e42d2554\"}\n>player p2 {\"name\":\"Micael Lopes\",\"avatar\":\"benga\",\"rating\":1643,\"seed\":\"sodium,c37f5c9b738c0eaa446e3e6d0ffe87c0\"}\n>p1 move swordsdance\n>p2 move willowisp\n>p1 move knockoff\n>p2 switch 4\n>p1 switch 5\n>p2 move strengthsap\n>p1 move sludgewave\n>p2 switch 5\n>p2 switch 2\n>p1 switch 5\n>p2 move swordsdance\n>p1 move petalblizzard\n>p2 move swordsdance\n>p1 move petalblizzard\n>p2 move closecombat\n>p1 switch 6\n>p1 move thunderbolt\n>p2 switch 5\n>p1 switch 5\n>p2 move sleeppowder\n>p1 move psyshock\n>p2 switch 6\n>p1 switch 2\n>p2 move calmmind\n>p1 move toxic\n>p2 switch 6\n>p1 move earthquake\n>p2 move sludgebomb\n>p1 move earthquake\n>p2 move strengthsap\n>p1 switch 2\n>p2 switch 4\n>p1 move psyshock\n>p2 move shadowball\n>p1 switch 4\n>p1 move swordsdance\n>p2 move willowisp\n>p1 move heatcrash terastallize\n>p2 move willowisp\n>p2 switch 5\n>p1 move precipiceblades\n>p2 move stoneedge\n>p2 switch 6\n>p1 move heatcrash\n>p2 move terastarstorm\n>p1 switch 2\n>p1 move gunkshot\n>p2 switch 4\n>p1 switch 5\n>p2 move strengthsap\n>p1 move substitute\n>p2 move gigadrain\n>p1 move calmmind\n>p2 move sludgebomb\n>p1 move substitute\n>p2 move sludgebomb\n>p1 move thunderbolt\n>p2 move sludgebomb\n>p1 move thunderbolt\n>p2 move gigadrain\n>p1 switch 3\n>p1 move temperflare\n>p2 move strengthsap terastallize\n>p1 switch 5\n>p2 move sludgebomb\n>p1 move gunkshot\n>p2 move sleeppowder\n>p1 move gunkshot\n>p2 move gigadrain\n>p1 move gunkshot\n>p2 move sleeppowder\n>chat \u2606Micael Lopes|**__Sexy game.__**\n>p1 move earthquake\n>p2 move strengthsap\n>p1 move gunkshot\n>p2 move gigadrain\n>p1 move gunkshot\n>p2 move strengthsap\n>p1 move earthquake\n>p2 move gigadrain\n>p1 move recover\n>p2 move gigadrain\n>p1 move gunkshot\n>p2 move strengthsap\n>p1 move gunkshot\n>p2 move sleeppowder\n>p1 move earthquake\n>p2 move gigadrain\n>p1 move earthquake\n>p2 move strengthsap\n>p1 move earthquake\n>p2 move sleeppowder\n>p1 move earthquake\n>p2 move gigadrain\n>chat \u2606Micael Lopes|This muddafakkah won't stay asleep, huh.\n>p2 switch 4\n>p1 move toxic\n>p2 move terastarstorm\n>p1 move recover\n>p2 move terastarstorm\n>p1 move earthquake\n>p2 move calmmind\n>p1 move earthquake\n>p2 move terastarstorm\n>p1 move recover\n>p2 move terastarstorm\n>p1 switch 5\n>p2 switch 3\n>p1 move earthquake\n>p2 move zingzap", "uploadtime": 1781448135, "views": 3, "formatid": "gen9randombattle", "rating": 1619, "private": 0, "password": null}