{"id": "gen9randombattle-2631655597", "format": "[Gen 9] Random Battle", "players": ["darkiway", "monrayhudson"], "log": "|j|\u2606darkiway\n|j|\u2606monrayhudson\n|t:|1781415876\n|gametype|singles\n|player|p1|darkiway|lady|1901\n|player|p2|monrayhudson|blue|1927\n|gen|9\n|tier|[Gen 9] Random Battle\n|rated|\n|rule|Species Clause: Limit one of each Pok\u00e9mon\n|rule|HP Percentage Mod: HP is shown in percentages\n|rule|Sleep Clause Mod: Limit one foe put to sleep\n|rule|Illusion Level Mod: Illusion disguises the Pok\u00e9mon's true level\n|\n|t:|1781415876\n|teamsize|p1|6\n|teamsize|p2|6\n|start\n|switch|p1a: Entei|Entei, L78|307/307\n|switch|p2a: Clefable|Clefable, L83, M|293/293\n|turn|1\n|j| nocomment3\n|\n|t:|1781415895\n|move|p1a: Entei|Flare Blitz|p2a: Clefable\n|-damage|p2a: Clefable|65/293\n|-damage|p1a: Entei|232/307|[from] Recoil\n|move|p2a: Clefable|Thunder Wave|p1a: Entei\n|-status|p1a: Entei|par\n|\n|upkeep\n|turn|2\n|\n|t:|1781415902\n|switch|p2a: Snorlax|Snorlax, L82, F|397/397\n|move|p1a: Entei|Flare Blitz|p2a: Snorlax\n|-damage|p2a: Snorlax|268/397\n|-damage|p1a: Entei|189/307 par|[from] Recoil\n|\n|-heal|p2a: Snorlax|292/397|[from] item: Leftovers\n|upkeep\n|turn|3\n|inactive|Battle timer is ON: inactive players will automatically lose when time's up. (requested by monrayhudson)\n|\n|t:|1781415926\n|switch|p1a: Pawmot|Pawmot, L80, M|243/243\n|move|p2a: Snorlax|Earthquake|p1a: Pawmot\n|-supereffective|p1a: Pawmot\n|-damage|p1a: Pawmot|67/243\n|\n|-heal|p2a: Snorlax|316/397|[from] item: Leftovers\n|upkeep\n|turn|4\n|\n|t:|1781415952\n|switch|p2a: Gallade|Gallade, L80, M|240/240\n|move|p1a: Pawmot|Close Combat|p2a: Gallade\n|-resisted|p2a: Gallade\n|-damage|p2a: Gallade|148/240\n|-unboost|p1a: Pawmot|def|1\n|-unboost|p1a: Pawmot|spd|1\n|\n|upkeep\n|turn|5\n|\n|t:|1781415964\n|switch|p1a: Cresselia|Cresselia, L80, F|323/323\n|move|p2a: Gallade|Psycho Cut|p1a: Cresselia\n|-resisted|p1a: Cresselia\n|-damage|p1a: Cresselia|269/323\n|\n|-heal|p1a: Cresselia|289/323|[from] item: Leftovers\n|upkeep\n|turn|6\n|\n|t:|1781415977\n|switch|p2a: Glalie|Glalie, L96, M|309/309\n|move|p1a: Cresselia|Calm Mind|p1a: Cresselia\n|-boost|p1a: Cresselia|spa|1\n|-boost|p1a: Cresselia|spd|1\n|\n|-heal|p1a: Cresselia|309/323|[from] item: Leftovers\n|upkeep\n|turn|7\n|\n|t:|1781415983\n|move|p2a: Glalie|Taunt|p1a: Cresselia\n|-start|p1a: Cresselia|move: Taunt\n|move|p1a: Cresselia|Psyshock|p2a: Glalie\n|-damage|p2a: Glalie|222/309\n|\n|-heal|p1a: Cresselia|323/323|[from] item: Leftovers\n|upkeep\n|turn|8\n|\n|t:|1781416008\n|move|p2a: Glalie|Spikes|p1a: Cresselia\n|-sidestart|p1: darkiway|Spikes\n|move|p1a: Cresselia|Psyshock|p2a: Glalie\n|-damage|p2a: Glalie|135/309\n|\n|upkeep\n|turn|9\n|\n|t:|1781416021\n|move|p2a: Glalie|Freeze-Dry|p1a: Cresselia\n|-damage|p1a: Cresselia|280/323\n|move|p1a: Cresselia|Psyshock|p2a: Glalie\n|-damage|p2a: Glalie|51/309\n|\n|-heal|p1a: Cresselia|300/323|[from] item: Leftovers\n|-end|p1a: Cresselia|move: Taunt\n|upkeep\n|turn|10\n|\n|t:|1781416027\n|move|p2a: Glalie|Taunt|p1a: Cresselia\n|-start|p1a: Cresselia|move: Taunt\n|move|p1a: Cresselia|Psyshock|p2a: Glalie\n|-damage|p2a: Glalie|0 fnt\n|faint|p2a: Glalie\n|\n|-heal|p1a: Cresselia|320/323|[from] item: Leftovers\n|upkeep\n|\n|t:|1781416038\n|switch|p2a: Snorlax|Snorlax, L82, F|316/397\n|turn|11\n|\n|t:|1781416065\n|move|p1a: Cresselia|Psyshock|p2a: Snorlax\n|-damage|p2a: Snorlax|196/397\n|move|p2a: Snorlax|Body Slam|p1a: Cresselia\n|-damage|p1a: Cresselia|241/323\n|\n|-heal|p1a: Cresselia|261/323|[from] item: Leftovers\n|-heal|p2a: Snorlax|220/397|[from] item: Leftovers\n|upkeep\n|turn|12\n|\n|t:|1781416073\n|move|p1a: Cresselia|Psyshock|p2a: Snorlax\n|-crit|p2a: Snorlax\n|-damage|p2a: Snorlax|45/397\n|move|p2a: Snorlax|Body Slam|p1a: Cresselia\n|-damage|p1a: Cresselia|177/323\n|\n|-heal|p1a: Cresselia|197/323|[from] item: Leftovers\n|-heal|p2a: Snorlax|69/397|[from] item: Leftovers\n|-end|p1a: Cresselia|move: Taunt\n|upkeep\n|turn|13\n|\n|t:|1781416080\n|move|p1a: Cresselia|Psyshock|p2a: Snorlax\n|-damage|p2a: Snorlax|0 fnt\n|faint|p2a: Snorlax\n|\n|-heal|p1a: Cresselia|217/323|[from] item: Leftovers\n|upkeep\n|\n|t:|1781416091\n|switch|p2a: Gallade|Gallade, L80, M|148/240\n|turn|14\n|\n|t:|1781416106\n|-terastallize|p2a: Gallade|Dark\n|-terastallize|p1a: Cresselia|Fairy\n|move|p2a: Gallade|Night Slash|p1a: Cresselia\n|-resisted|p1a: Cresselia\n|-damage|p1a: Cresselia|161/323\n|move|p1a: Cresselia|Moonlight|p1a: Cresselia\n|-heal|p1a: Cresselia|322/323\n|\n|-heal|p1a: Cresselia|323/323|[from] item: Leftovers\n|upkeep\n|turn|15\n|l|\u2606monrayhudson\n|inactive|monrayhudson disconnected and has a minute to reconnect!\n|player|p2|\n|inactive|monrayhudson has 30 seconds to reconnect!\n|inactive|monrayhudson has 20 seconds to reconnect!\n|l| nocomment3\n|inactive|monrayhudson has 15 seconds to reconnect!\n|inactive|monrayhudson has 10 seconds to reconnect!\n|inactive|monrayhudson has 5 seconds to reconnect!\n|-message|monrayhudson lost due to inactivity.\n|\n|win|darkiway\n", "inputlog": ">version a8376a258c1d4662feba110a92103f3664a72141\n>start {\"formatid\":\"gen9randombattle\",\"seed\":\"sodium,eb4b4924b6ee0eafc777e99219203792\",\"rated\":\"Rated battle\"}\n>player p1 {\"name\":\"darkiway\",\"avatar\":\"lady\",\"rating\":1901,\"seed\":\"sodium,e9ac77733ea0284d7aaa2022801244bd\"}\n>player p2 {\"name\":\"monrayhudson\",\"avatar\":\"blue\",\"rating\":1927,\"seed\":\"sodium,28936734e144ba8bf8b4fb6e4e7ed2ac\"}\n>p1 move flareblitz\n>p2 move thunderwave\n>p1 move flareblitz\n>p2 switch 2\n>p1 switch 5\n>p2 move earthquake\n>p1 move closecombat\n>p2 switch 5\n>p1 switch 3\n>p2 move psychocut\n>p1 move calmmind\n>p2 switch 4\n>p1 move psyshock\n>p2 move taunt\n>p1 move psyshock\n>p2 move spikes\n>p1 move psyshock\n>p2 move freezedry\n>p1 move psyshock\n>p2 move taunt\n>p2 switch 5\n>p1 move psyshock\n>p2 move bodyslam\n>p1 move psyshock\n>p2 move bodyslam\n>p1 move psyshock\n>p2 move bodyslam\n>p2 switch 4\n>p1 move moonlight terastallize\n>p2 move nightslash terastallize\n>forcelose p2", "uploadtime": 1781415877, "views": 5, "formatid": "gen9randombattle", "rating": null, "private": 0, "password": null}