{"id": "gen9randombattle-2631668483", "format": "[Gen 9] Random Battle", "players": ["Kiu-Ryu", "719 man"], "log": "|j|\u2606Kiu-Ryu\n|j|\u2606719 man\n|t:|1781418245\n|gametype|singles\n|player|p1|Kiu-Ryu|101|1040\n|player|p2|719 man|volkner|1049\n|gen|9\n|tier|[Gen 9] Random Battle\n|rated|\n|rule|Species Clause: Limit one of each Pok\u00e9mon\n|rule|HP Percentage Mod: HP is shown in percentages\n|rule|Sleep Clause Mod: Limit one foe put to sleep\n|rule|Illusion Level Mod: Illusion disguises the Pok\u00e9mon's true level\n|\n|t:|1781418245\n|teamsize|p1|6\n|teamsize|p2|6\n|start\n|switch|p1a: Typhlosion|Typhlosion-Hisui, L83, M|257/257\n|switch|p2a: Brute Bonnet|Brute Bonnet, L80|309/309\n|turn|1\n|\n|t:|1781418258\n|-terastallize|p2a: Brute Bonnet|Poison\n|move|p1a: Typhlosion|Eruption|p2a: Brute Bonnet\n|-damage|p2a: Brute Bonnet|32/309\n|move|p2a: Brute Bonnet|Spore|p1a: Typhlosion\n|-status|p1a: Typhlosion|slp|[from] move: Spore\n|\n|-heal|p2a: Brute Bonnet|51/309|[from] item: Leftovers\n|upkeep\n|turn|2\n|\n|t:|1781418274\n|switch|p1a: Piloswine|Piloswine, L85, F|309/309\n|-end|p2a: Brute Bonnet|Protosynthesis|[silent]\n|switch|p2a: Gothitelle|Gothitelle, L90, F|272/272\n|\n|upkeep\n|turn|3\n|\n|t:|1781418291\n|move|p2a: Gothitelle|Focus Blast|p1a: Piloswine\n|-supereffective|p1a: Piloswine\n|-damage|p1a: Piloswine|135/309\n|move|p1a: Piloswine|Roar|p2a: Gothitelle\n|drag|p2a: Excadrill|Excadrill, L79, M|303/303\n|-ability|p2a: Excadrill|Mold Breaker\n|\n|upkeep\n|turn|4\n|\n|t:|1781418302\n|switch|p1a: Bellossom|Bellossom, L84, F|263/263\n|move|p2a: Excadrill|Iron Head|p1a: Bellossom\n|-damage|p1a: Bellossom|172/263\n|\n|-heal|p1a: Bellossom|188/263|[from] item: Leftovers\n|upkeep\n|turn|5\n|inactive|Battle timer is ON: inactive players will automatically lose when time's up. (requested by Kiu-Ryu)\n|\n|t:|1781418318\n|move|p2a: Excadrill|Iron Head|p1a: Bellossom\n|-damage|p1a: Bellossom|91/263\n|cant|p1a: Bellossom|flinch\n|\n|-heal|p1a: Bellossom|107/263|[from] item: Leftovers\n|upkeep\n|turn|6\n|\n|t:|1781418335\n|switch|p1a: Sinistcha|Sinistcha-Masterpiece, L83|254/254\n|move|p2a: Excadrill|Iron Head|p1a: Sinistcha\n|-damage|p1a: Sinistcha|169/254\n|\n|-heal|p1a: Sinistcha|184/254|[from] item: Leftovers\n|upkeep\n|turn|7\n|\n|t:|1781418349\n|move|p2a: Excadrill|Iron Head|p1a: Sinistcha\n|-damage|p1a: Sinistcha|102/254\n|move|p1a: Sinistcha|Strength Sap|p2a: Excadrill\n|-unboost|p2a: Excadrill|atk|1\n|-heal|p1a: Sinistcha|254/254\n|\n|upkeep\n|turn|8\n|\n|t:|1781418361\n|switch|p2a: Okidogi|Okidogi, L77, M|262/262\n|move|p1a: Sinistcha|Calm Mind|p1a: Sinistcha\n|-boost|p1a: Sinistcha|spa|1\n|-boost|p1a: Sinistcha|spd|1\n|\n|upkeep\n|turn|9\n|inactive|Kiu-Ryu has 120 seconds left.\n|\n|t:|1781418406\n|-terastallize|p1a: Sinistcha|Steel\n|move|p2a: Okidogi|Knock Off|p1a: Sinistcha\n|-damage|p1a: Sinistcha|185/254\n|-enditem|p1a: Sinistcha|Leftovers|[from] move: Knock Off|[of] p2a: Okidogi\n|move|p1a: Sinistcha|Shadow Ball|p2a: Okidogi\n|-damage|p2a: Okidogi|142/262\n|-unboost|p2a: Okidogi|spd|1\n|\n|upkeep\n|turn|10\n|\n|t:|1781418420\n|move|p2a: Okidogi|Drain Punch|p1a: Sinistcha\n|-supereffective|p1a: Sinistcha\n|-damage|p1a: Sinistcha|41/254\n|-heal|p2a: Okidogi|214/262|[from] drain|[of] p1a: Sinistcha\n|move|p1a: Sinistcha|Matcha Gotcha|p2a: Okidogi\n|-resisted|p2a: Okidogi\n|-damage|p2a: Okidogi|135/262\n|-heal|p1a: Sinistcha|81/254|[from] drain|[of] p2a: Okidogi\n|\n|upkeep\n|turn|11\n|\n|t:|1781418433\n|move|p2a: Okidogi|Drain Punch|p1a: Sinistcha\n|-supereffective|p1a: Sinistcha\n|-damage|p1a: Sinistcha|0 fnt\n|-heal|p2a: Okidogi|176/262|[from] drain|[of] p1a: Sinistcha\n|faint|p1a: Sinistcha\n|\n|upkeep\n|\n|t:|1781418436\n|switch|p1a: Typhlosion|Typhlosion-Hisui, L83, M|257/257 slp\n|turn|12\n|inactive|Kiu-Ryu has 120 seconds left.\n|\n|t:|1781418447\n|cant|p1a: Typhlosion|slp\n|move|p2a: Okidogi|Knock Off|p1a: Typhlosion\n|-supereffective|p1a: Typhlosion\n|-damage|p1a: Typhlosion|91/257 slp\n|-enditem|p1a: Typhlosion|Choice Specs|[from] move: Knock Off|[of] p2a: Okidogi\n|\n|upkeep\n|turn|13\n|\n|t:|1781418459\n|cant|p1a: Typhlosion|slp\n|move|p2a: Okidogi|Knock Off|p1a: Typhlosion\n|-supereffective|p1a: Typhlosion\n|-damage|p1a: Typhlosion|0 fnt\n|faint|p1a: Typhlosion\n|\n|upkeep\n|\n|t:|1781418466\n|switch|p1a: Bellossom|Bellossom, L84, F|107/263\n|turn|14\n|\n|t:|1781418470\n|move|p2a: Okidogi|Gunk Shot|p1a: Bellossom\n|-supereffective|p1a: Bellossom\n|-damage|p1a: Bellossom|0 fnt\n|faint|p1a: Bellossom\n|\n|upkeep\n|\n|t:|1781418474\n|switch|p1a: Piloswine|Piloswine, L85, F|135/309\n|turn|15\n|\n|t:|1781418481\n|move|p2a: Okidogi|Drain Punch|p1a: Piloswine\n|-supereffective|p1a: Piloswine\n|-damage|p1a: Piloswine|15/309\n|-heal|p2a: Okidogi|236/262|[from] drain|[of] p1a: Piloswine\n|move|p1a: Piloswine|Icicle Crash|p2a: Okidogi\n|-damage|p2a: Okidogi|149/262\n|\n|upkeep\n|turn|16\n|\n|t:|1781418490\n|move|p1a: Piloswine|Ice Shard|p2a: Okidogi\n|-damage|p2a: Okidogi|109/262\n|move|p2a: Okidogi|Drain Punch|p1a: Piloswine\n|-supereffective|p1a: Piloswine\n|-damage|p1a: Piloswine|0 fnt\n|-heal|p2a: Okidogi|117/262|[from] drain|[of] p1a: Piloswine\n|faint|p1a: Piloswine\n|\n|upkeep\n|\n|t:|1781418497\n|switch|p1a: Ampharos|Ampharos, L88, M|302/302\n|turn|17\n|\n|t:|1781418505\n|move|p2a: Okidogi|Knock Off|p1a: Ampharos\n|-damage|p1a: Ampharos|236/302\n|-status|p2a: Okidogi|par|[from] ability: Static|[of] p1a: Ampharos\n|-status|p1a: Ampharos|tox|[from] ability: Toxic Chain|[of] p2a: Okidogi\n|-enditem|p1a: Ampharos|Choice Specs|[from] move: Knock Off|[of] p2a: Okidogi\n|move|p1a: Ampharos|Thunderbolt|p2a: Okidogi\n|-damage|p2a: Okidogi|0 fnt\n|faint|p2a: Okidogi\n|\n|-damage|p1a: Ampharos|218/302 tox|[from] psn\n|upkeep\n|-message|Kiu-Ryu forfeited.\n|\n|win|719 man\n|raw|Kiu-Ryu's rating: 1040 &rarr; <strong>1024</strong><br />(-16 for losing)\n|raw|719 man's rating: 1049 &rarr; <strong>1081</strong><br />(+32 for winning)\n|l|\u2606Kiu-Ryu\n|player|p1|\n", "inputlog": ">version a8376a258c1d4662feba110a92103f3664a72141\n>start {\"formatid\":\"gen9randombattle\",\"seed\":\"sodium,8f9bfa35b1c090958a7a3f4008c5766d\",\"rated\":\"Rated battle\"}\n>player p1 {\"name\":\"Kiu-Ryu\",\"avatar\":\"101\",\"rating\":1040,\"seed\":\"sodium,367262c55e6efb0f02881ad9bd466511\"}\n>player p2 {\"name\":\"719 man\",\"avatar\":\"volkner\",\"rating\":1049,\"seed\":\"sodium,fe34b7cdfdb2670625faeccf7d09432b\"}\n>p1 move eruption\n>p2 move spore terastallize\n>p1 switch 6\n>p2 switch 6\n>p1 move roar\n>p2 move focusblast\n>p1 switch 4\n>p2 move ironhead\n>p1 move strengthsap\n>p2 move ironhead\n>p1 switch 3\n>p2 move ironhead\n>p1 move strengthsap\n>p2 move ironhead\n>p1 move calmmind\n>p2 switch 3\n>p1 move shadowball terastallize\n>p2 move knockoff\n>p1 move matchagotcha\n>p2 move drainpunch\n>p1 move strengthsap\n>p2 move drainpunch\n>p1 switch 6\n>p1 move fireblast\n>p2 move knockoff\n>p1 move focusblast\n>p2 move knockoff\n>p1 switch 3\n>p1 move strengthsap\n>p2 move gunkshot\n>p1 switch 4\n>p1 move iciclecrash\n>p2 move drainpunch\n>p1 move iceshard\n>p2 move drainpunch\n>p1 switch 5\n>p1 move thunderbolt\n>p2 move knockoff\n>forcelose p1", "uploadtime": 1781418521, "views": 15, "formatid": "gen9randombattle", "rating": 1024, "private": 0, "password": null}