{"id": "gen9randombattle-2631386898", "format": "[Gen 9] Random Battle", "players": ["Goggyo", "sirrna"], "log": "|j|\u2606Goggyo\n|j|\u203dsirrna\n|t:|1781378590\n|gametype|singles\n|player|p1|Goggyo|169|2027\n|player|p2|sirrna|102|2070\n|gen|9\n|tier|[Gen 9] Random Battle\n|rated|\n|rule|Species Clause: Limit one of each Pok\u00e9mon\n|rule|HP Percentage Mod: HP is shown in percentages\n|rule|Sleep Clause Mod: Limit one foe put to sleep\n|rule|Illusion Level Mod: Illusion disguises the Pok\u00e9mon's true level\n|\n|t:|1781378590\n|teamsize|p1|6\n|teamsize|p2|6\n|start\n|switch|p1a: Ursaring|Ursaring, L84, F|288/288\n|switch|p2a: Mismagius|Mismagius, L86, F|243/243\n|turn|1\n|\n|t:|1781378613\n|switch|p2a: Gothitelle|Gothitelle, L90, F|272/272\n|switch|p1a: Vikavolt|Vikavolt, L83, F|263/263\n|\n|upkeep\n|turn|2\n|\n|t:|1781378621\n|switch|p2a: Cinderace|Cinderace, L77, F|250/250\n|move|p1a: Vikavolt|Bug Buzz|p2a: Cinderace\n|-resisted|p2a: Cinderace\n|-damage|p2a: Cinderace|168/250\n|\n|upkeep\n|turn|3\n|\n|t:|1781378636\n|switch|p1a: Sudowoodo|Sudowoodo, L94, F|284/284\n|move|p2a: Cinderace|Pyro Ball|p1a: Sudowoodo\n|-resisted|p1a: Sudowoodo\n|-damage|p1a: Sudowoodo|237/284\n|\n|upkeep\n|turn|4\n|\n|t:|1781378647\n|move|p2a: Cinderace|U-turn|p1a: Sudowoodo\n|-start|p2a: Cinderace|typechange|Bug|[from] ability: Libero\n|-damage|p1a: Sudowoodo|183/284\n|\n|t:|1781378651\n|switch|p2a: Gothitelle|Gothitelle, L90, F|272/272|[from] U-turn\n|move|p1a: Sudowoodo|Head Smash|p2a: Gothitelle|[miss]\n|-miss|p1a: Sudowoodo|p2a: Gothitelle\n|\n|upkeep\n|turn|5\n|\n|t:|1781378659\n|move|p2a: Gothitelle|Psychic|p1a: Sudowoodo\n|-damage|p1a: Sudowoodo|71/284\n|move|p1a: Sudowoodo|Head Smash|p2a: Gothitelle|[miss]\n|-miss|p1a: Sudowoodo|p2a: Gothitelle\n|\n|upkeep\n|turn|6\n|\n|t:|1781378665\n|move|p2a: Gothitelle|Psychic|p1a: Sudowoodo\n|-damage|p1a: Sudowoodo|0 fnt\n|faint|p1a: Sudowoodo\n|\n|upkeep\n|\n|t:|1781378696\n|switch|p1a: Vikavolt|Vikavolt, L83, F|263/263\n|turn|7\n|\n|t:|1781378707\n|move|p2a: Gothitelle|Psychic|p1a: Vikavolt\n|-damage|p1a: Vikavolt|142/263\n|move|p1a: Vikavolt|Thunderbolt|p2a: Gothitelle\n|-damage|p2a: Gothitelle|161/272\n|\n|upkeep\n|turn|8\n|\n|t:|1781378723\n|move|p2a: Gothitelle|Psychic|p1a: Vikavolt\n|-damage|p1a: Vikavolt|16/263\n|move|p1a: Vikavolt|Bug Buzz|p2a: Gothitelle\n|-supereffective|p2a: Gothitelle\n|-damage|p2a: Gothitelle|0 fnt\n|faint|p2a: Gothitelle\n|\n|upkeep\n|\n|t:|1781378729\n|switch|p2a: Cinderace|Cinderace, L77, F|168/250\n|turn|9\n|\n|t:|1781378734\n|move|p2a: Cinderace|Pyro Ball|p1a: Vikavolt\n|-supereffective|p1a: Vikavolt\n|-damage|p1a: Vikavolt|0 fnt\n|faint|p1a: Vikavolt\n|\n|upkeep\n|\n|t:|1781378758\n|switch|p1a: Bastiodon|Bastiodon, L89, M|252/252\n|turn|10\n|\n|t:|1781378763\n|switch|p1a: Decidueye|Decidueye, L88, F|281/281\n|move|p2a: Cinderace|Will-O-Wisp|p1a: Decidueye\n|-status|p1a: Decidueye|brn\n|\n|-damage|p1a: Decidueye|264/281 brn|[from] brn\n|upkeep\n|turn|11\n|-message|Goggyo forfeited.\n|\n|win|sirrna\n|raw|Goggyo's rating: 2027 &rarr; <strong>2009</strong><br />(-18 for losing)\n|raw|sirrna's rating: 2070 &rarr; <strong>2088</strong><br />(+18 for winning)\n", "inputlog": ">version a8376a258c1d4662feba110a92103f3664a72141\n>start {\"formatid\":\"gen9randombattle\",\"seed\":\"sodium,d7932cb545cf6aafcab14b793dc4cabf\",\"rated\":\"Rated battle\"}\n>player p1 {\"name\":\"Goggyo\",\"avatar\":\"169\",\"rating\":2027,\"seed\":\"sodium,3e258307b4cf9b6b7c092b143b294d74\"}\n>player p2 {\"name\":\"sirrna\",\"avatar\":\"102\",\"rating\":2070,\"seed\":\"sodium,d01253cbe000c66b73283d690456e562\"}\n>p1 switch 2\n>p2 switch 2\n>p1 move bugbuzz\n>p2 switch 4\n>p1 switch 3\n>p2 move pyroball\n>p1 move headsmash\n>p2 move uturn\n>p2 switch 4\n>p1 move headsmash\n>p2 move psychic\n>p1 move headsmash\n>p2 move psychic\n>p1 switch 3\n>p1 move thunderbolt\n>p2 move psychic\n>p1 move bugbuzz\n>p2 move psychic\n>p2 switch 4\n>p1 move thunderbolt\n>p2 move pyroball\n>p1 switch 5\n>p1 switch 4\n>p2 move willowisp\n>forcelose p1", "uploadtime": 1781378593, "views": 8, "formatid": "gen9randombattle", "rating": 2009, "private": 0, "password": null}