{"id": "gen9randombattle-2631805447", "format": "[Gen 9] Random Battle", "players": ["Mastersatanr", "69latrikpelo69"], "log": "|j|\u2606Mastersatanr\n|j|\u260669latrikpelo69\n|t:|1781442260\n|gametype|singles\n|player|p1|Mastersatanr|acetrainer-gen2|1932\n|player|p2|69latrikpelo69|pokemaniac|1990\n|gen|9\n|tier|[Gen 9] Random Battle\n|rated|\n|rule|Species Clause: Limit one of each Pok\u00e9mon\n|rule|HP Percentage Mod: HP is shown in percentages\n|rule|Sleep Clause Mod: Limit one foe put to sleep\n|rule|Illusion Level Mod: Illusion disguises the Pok\u00e9mon's true level\n|\n|t:|1781442260\n|teamsize|p1|6\n|teamsize|p2|6\n|start\n|switch|p1a: Munkidori|Munkidori, L79, M|269/269\n|switch|p2a: Grafaiai|Grafaiai, L86, F|249/249\n|turn|1\n|\n|t:|1781442272\n|move|p2a: Grafaiai|Parting Shot|p1a: Munkidori\n|-unboost|p1a: Munkidori|atk|1\n|-unboost|p1a: Munkidori|spa|1\n|\n|t:|1781442280\n|switch|p2a: Gholdengo|Gholdengo, L77|261/261|[from] Parting Shot\n|move|p1a: Munkidori|Psychic Noise|p2a: Gholdengo\n|-resisted|p2a: Gholdengo\n|-damage|p2a: Gholdengo|231/261\n|-start|p2a: Gholdengo|move: Heal Block\n|\n|upkeep\n|turn|2\n|\n|t:|1781442290\n|move|p1a: Munkidori|U-turn|p2a: Gholdengo\n|-resisted|p2a: Gholdengo\n|-damage|p2a: Gholdengo|225/261\n|\n|t:|1781442293\n|switch|p1a: Indeedee|Indeedee, L84, M|238/238|[from] U-turn\n|-fieldstart|move: Psychic Terrain|[from] ability: Psychic Surge|[of] p1a: Indeedee\n|move|p2a: Gholdengo|Nasty Plot|p2a: Gholdengo\n|-boost|p2a: Gholdengo|spa|2\n|\n|-end|p2a: Gholdengo|move: Heal Block\n|upkeep\n|turn|3\n|\n|t:|1781442304\n|move|p1a: Indeedee|Expanding Force|p2a: Gholdengo\n|-resisted|p2a: Gholdengo\n|-damage|p2a: Gholdengo|98/261\n|-damage|p1a: Indeedee|215/238|[from] item: Life Orb\n|move|p2a: Gholdengo|Make It Rain|p1a: Indeedee\n|-damage|p1a: Indeedee|0 fnt\n|-unboost|p2a: Gholdengo|spa|1\n|faint|p1a: Indeedee\n|\n|-heal|p2a: Gholdengo|114/261|[from] item: Leftovers\n|upkeep\n|\n|t:|1781442316\n|switch|p1a: Magcargo|Magcargo, L95, F|268/268\n|turn|4\n|\n|t:|1781442324\n|move|p2a: Gholdengo|Make It Rain|p1a: Magcargo\n|-damage|p1a: Magcargo|87/268\n|-unboost|p2a: Gholdengo|spa|1\n|move|p1a: Magcargo|Shell Smash|p1a: Magcargo\n|-unboost|p1a: Magcargo|def|1\n|-unboost|p1a: Magcargo|spd|1\n|-boost|p1a: Magcargo|atk|2\n|-boost|p1a: Magcargo|spa|2\n|-boost|p1a: Magcargo|spe|2\n|\n|-heal|p2a: Gholdengo|130/261|[from] item: Leftovers\n|upkeep\n|turn|5\n|inactive|Battle timer is ON: inactive players will automatically lose when time's up. (requested by Mastersatanr)\n|\n|t:|1781442346\n|switch|p2a: Phione|Phione, L91|293/293\n|move|p1a: Magcargo|Earth Power|p2a: Phione\n|-damage|p2a: Phione|129/293\n|\n|-heal|p2a: Phione|147/293|[from] item: Leftovers\n|upkeep\n|turn|6\n|\n|t:|1781442353\n|move|p1a: Magcargo|Power Gem|p2a: Phione\n|-damage|p2a: Phione|0 fnt\n|faint|p2a: Phione\n|\n|-fieldend|move: Psychic Terrain\n|upkeep\n|\n|t:|1781442355\n|switch|p2a: Avalugg|Avalugg, L88, M|310/310\n|turn|7\n|\n|t:|1781442368\n|move|p1a: Magcargo|Power Gem|p2a: Avalugg\n|-supereffective|p2a: Avalugg\n|-ability|p2a: Avalugg|Sturdy\n|-damage|p2a: Avalugg|1/310\n|move|p2a: Avalugg|Body Press|p1a: Magcargo\n|-supereffective|p1a: Magcargo\n|-damage|p1a: Magcargo|0 fnt\n|faint|p1a: Magcargo\n|\n|upkeep\n|\n|t:|1781442385\n|switch|p1a: Munkidori|Munkidori, L79, M|269/269\n|turn|8\n|inactive|69latrikpelo69 has 120 seconds left.\n|\n|t:|1781442425\n|switch|p2a: Gholdengo|Gholdengo, L77|130/261\n|move|p1a: Munkidori|U-turn|p2a: Gholdengo\n|-resisted|p2a: Gholdengo\n|-damage|p2a: Gholdengo|121/261\n|\n|t:|1781442433\n|switch|p1a: Feraligatr|Feraligatr, L79, F|264/264|[from] U-turn\n|\n|-heal|p2a: Gholdengo|137/261|[from] item: Leftovers\n|upkeep\n|turn|9\n|inactive|69latrikpelo69 has 120 seconds left.\n|\n|t:|1781442441\n|move|p2a: Gholdengo|Shadow Ball|p1a: Feraligatr\n|-damage|p1a: Feraligatr|155/264\n|move|p1a: Feraligatr|Dragon Dance|p1a: Feraligatr\n|-boost|p1a: Feraligatr|atk|1\n|-boost|p1a: Feraligatr|spe|1\n|\n|-heal|p2a: Gholdengo|153/261|[from] item: Leftovers\n|upkeep\n|turn|10\n|inactive|69latrikpelo69 has 120 seconds left.\n|\n|t:|1781442456\n|switch|p2a: Avalugg|Avalugg, L88, M|1/310\n|move|p1a: Feraligatr|Liquidation|p2a: Avalugg\n|-damage|p2a: Avalugg|0 fnt\n|faint|p2a: Avalugg\n|\n|upkeep\n|\n|t:|1781442468\n|switch|p2a: Eiscue|Eiscue, L88, M|274/274\n|turn|11\n|\n|t:|1781442473\n|switch|p1a: Vivillon|Vivillon-Monsoon, L83, M|268/268\n|move|p2a: Eiscue|Belly Drum|p2a: Eiscue\n|-damage|p2a: Eiscue|137/274\n|-setboost|p2a: Eiscue|atk|6|[from] move: Belly Drum\n|-enditem|p2a: Eiscue|Sitrus Berry|[eat]\n|-heal|p2a: Eiscue|205/274|[from] item: Sitrus Berry\n|\n|upkeep\n|turn|12\n|\n|t:|1781442479\n|move|p1a: Vivillon|Sleep Powder|p2a: Eiscue\n|-status|p2a: Eiscue|slp|[from] move: Sleep Powder\n|cant|p2a: Eiscue|slp\n|\n|upkeep\n|turn|13\n|\n|t:|1781442483\n|move|p1a: Vivillon|Quiver Dance|p1a: Vivillon\n|-boost|p1a: Vivillon|spa|1\n|-boost|p1a: Vivillon|spd|1\n|-boost|p1a: Vivillon|spe|1\n|cant|p2a: Eiscue|slp\n|\n|upkeep\n|turn|14\n|\n|t:|1781442485\n|move|p1a: Vivillon|Hurricane|p2a: Eiscue\n|-damage|p2a: Eiscue|63/274 slp\n|-curestatus|p2a: Eiscue|slp|[msg]\n|move|p2a: Eiscue|Ice Spinner|p1a: Vivillon\n|-supereffective|p1a: Vivillon\n|-damage|p1a: Vivillon|0 fnt\n|faint|p1a: Vivillon\n|\n|upkeep\n|\n|t:|1781442490\n|switch|p1a: Munkidori|Munkidori, L79, M|269/269\n|turn|15\n|\n|t:|1781442495\n|switch|p2a: Gholdengo|Gholdengo, L77|153/261\n|move|p1a: Munkidori|Psychic Noise|p2a: Gholdengo\n|-resisted|p2a: Gholdengo\n|-damage|p2a: Gholdengo|104/261\n|-start|p2a: Gholdengo|move: Heal Block\n|\n|upkeep\n|turn|16\n|\n|t:|1781442501\n|move|p1a: Munkidori|Psychic Noise|p2a: Gholdengo\n|-resisted|p2a: Gholdengo\n|-damage|p2a: Gholdengo|54/261\n|move|p2a: Gholdengo|Shadow Ball|p1a: Munkidori\n|-supereffective|p1a: Munkidori\n|-damage|p1a: Munkidori|149/269\n|\n|-end|p2a: Gholdengo|move: Heal Block\n|upkeep\n|turn|17\n|\n|t:|1781442513\n|-terastallize|p1a: Munkidori|Dark\n|move|p1a: Munkidori|Psychic Noise|p2a: Gholdengo\n|-resisted|p2a: Gholdengo\n|-damage|p2a: Gholdengo|6/261\n|-start|p2a: Gholdengo|move: Heal Block\n|move|p2a: Gholdengo|Shadow Ball|p1a: Munkidori\n|-resisted|p1a: Munkidori\n|-crit|p1a: Munkidori\n|-damage|p1a: Munkidori|99/269\n|\n|upkeep\n|turn|18\n|\n|t:|1781442521\n|move|p1a: Munkidori|Psychic Noise|p2a: Gholdengo\n|-resisted|p2a: Gholdengo\n|-crit|p2a: Gholdengo\n|-damage|p2a: Gholdengo|0 fnt\n|faint|p2a: Gholdengo\n|\n|upkeep\n|\n|t:|1781442535\n|switch|p2a: Grafaiai|Grafaiai, L86, F|249/249\n|turn|19\n|\n|t:|1781442539\n|move|p2a: Grafaiai|Gunk Shot|p1a: Munkidori|[miss]\n|-miss|p2a: Grafaiai|p1a: Munkidori\n|move|p1a: Munkidori|Psychic Noise|p2a: Grafaiai\n|-supereffective|p2a: Grafaiai\n|-damage|p2a: Grafaiai|39/249\n|-start|p2a: Grafaiai|move: Heal Block\n|\n|upkeep\n|turn|20\n|\n|t:|1781442553\n|switch|p1a: Garganacl|Garganacl, L80, M|291/291\n|move|p2a: Grafaiai|Gunk Shot|p1a: Garganacl\n|-resisted|p1a: Garganacl\n|-damage|p1a: Garganacl|236/291\n|\n|-heal|p1a: Garganacl|254/291|[from] item: Leftovers\n|-end|p2a: Grafaiai|move: Heal Block\n|upkeep\n|turn|21\n|\n|t:|1781442574\n|switch|p2a: Eiscue|Eiscue, L88, M|63/274\n|move|p1a: Garganacl|Salt Cure|p2a: Eiscue\n|-activate|p2a: Eiscue|ability: Ice Face\n|-damage|p2a: Eiscue|63/274\n|-start|p2a: Eiscue|Salt Cure\n|detailschange|p2a: Eiscue|Eiscue-Noice, L88, M\n|\n|-heal|p1a: Garganacl|272/291|[from] item: Leftovers\n|-damage|p2a: Eiscue|29/274|[from] Salt Cure\n|upkeep\n|turn|22\n|\n|t:|1781442586\n|move|p2a: Eiscue|Liquidation|p1a: Garganacl\n|-supereffective|p1a: Garganacl\n|-damage|p1a: Garganacl|176/291\n|move|p1a: Garganacl|Iron Defense|p1a: Garganacl\n|-boost|p1a: Garganacl|def|2\n|\n|-heal|p1a: Garganacl|194/291|[from] item: Leftovers\n|-damage|p2a: Eiscue|0 fnt|[from] Salt Cure\n|faint|p2a: Eiscue\n|upkeep\n|\n|t:|1781442591\n|switch|p2a: Oricorio|Oricorio, L84, F|263/263\n|turn|23\n|\n|t:|1781442597\n|-terastallize|p2a: Oricorio|Ground\n|move|p2a: Oricorio|Quiver Dance|p2a: Oricorio\n|-boost|p2a: Oricorio|spa|1\n|-boost|p2a: Oricorio|spd|1\n|-boost|p2a: Oricorio|spe|1\n|move|p1a: Garganacl|Salt Cure|p2a: Oricorio\n|-resisted|p2a: Oricorio\n|-damage|p2a: Oricorio|241/263\n|-start|p2a: Oricorio|Salt Cure\n|\n|-heal|p1a: Garganacl|212/291|[from] item: Leftovers\n|-damage|p2a: Oricorio|209/263|[from] Salt Cure\n|upkeep\n|turn|24\n|\n|t:|1781442610\n|move|p2a: Oricorio|Revelation Dance|p1a: Garganacl\n|-supereffective|p1a: Garganacl\n|-damage|p1a: Garganacl|0 fnt\n|faint|p1a: Garganacl\n|\n|-damage|p2a: Oricorio|177/263|[from] Salt Cure\n|upkeep\n|\n|t:|1781442615\n|switch|p1a: Feraligatr|Feraligatr, L79, F|155/264\n|turn|25\n|inactive|69latrikpelo69 has 120 seconds left.\n|\n|t:|1781442667\n|move|p2a: Oricorio|Hurricane|p1a: Feraligatr|[miss]\n|-miss|p2a: Oricorio|p1a: Feraligatr\n|move|p1a: Feraligatr|Liquidation|p2a: Oricorio\n|-supereffective|p2a: Oricorio\n|-damage|p2a: Oricorio|0 fnt\n|faint|p2a: Oricorio\n|\n|upkeep\n|-message|69latrikpelo69 forfeited.\n|\n|win|Mastersatanr\n", "inputlog": ">version a8376a258c1d4662feba110a92103f3664a72141\n>start {\"formatid\":\"gen9randombattle\",\"seed\":\"sodium,ec5e8b22a93fcc77aaee4f43288fcdde\",\"rated\":\"Rated battle\"}\n>player p1 {\"name\":\"Mastersatanr\",\"avatar\":\"acetrainer-gen2\",\"rating\":1932,\"seed\":\"sodium,0db34241876ea68277c4e43c67b95ba5\"}\n>player p2 {\"name\":\"69latrikpelo69\",\"avatar\":\"pokemaniac\",\"rating\":1990,\"seed\":\"sodium,d204a15420faa0f86716889fee2b199c\"}\n>p1 move psychicnoise\n>p2 move partingshot\n>p2 switch 3\n>p1 move uturn\n>p2 move nastyplot\n>p1 switch 2\n>p1 move expandingforce\n>p2 move makeitrain\n>p1 switch 4\n>p1 move shellsmash\n>p2 move makeitrain\n>p1 move earthpower\n>p2 switch 6\n>p1 move powergem\n>p2 move scald\n>p2 switch 5\n>p1 move powergem\n>p2 move bodypress\n>p1 switch 2\n>p1 move uturn\n>p2 switch 6\n>p1 switch 3\n>p1 move dragondance\n>p2 move shadowball\n>p1 move liquidation\n>p2 switch 6\n>p2 switch 4\n>p1 switch 6\n>p2 move bellydrum\n>p1 move sleeppowder\n>p2 move icespinner\n>p1 move quiverdance\n>p2 move icespinner\n>p1 move hurricane\n>p2 move icespinner\n>p1 switch 3\n>p1 move psychicnoise\n>p2 switch 6\n>p1 move psychicnoise\n>p2 move shadowball\n>p1 move psychicnoise terastallize\n>p2 move shadowball\n>p1 move psychicnoise\n>p2 move makeitrain\n>p2 switch 3\n>p1 move psychicnoise\n>p2 move gunkshot\n>p1 switch 5\n>p2 move gunkshot\n>p1 move saltcure\n>p2 switch 6\n>p1 move irondefense\n>p2 move liquidation\n>p2 switch 2\n>p1 move saltcure\n>p2 move quiverdance terastallize\n>p1 move bodypress\n>p2 move revelationdance\n>p1 switch 6\n>p1 move liquidation\n>p2 move hurricane\n>forcelose p2", "uploadtime": 1781442262, "views": 5, "formatid": "gen9randombattle", "rating": null, "private": 0, "password": null}