{"id": "gen9randombattle-2631599170", "format": "[Gen 9] Random Battle", "players": ["opokpookpookpo", "kow4la"], "log": "|j|\u2606opokpookpookpo\n|j|\u2606kow4la\n|t:|1781406758\n|gametype|singles\n|player|p1|opokpookpookpo|teamrocket|1046\n|player|p2|kow4la|pokekid|1000\n|gen|9\n|tier|[Gen 9] Random Battle\n|rated|\n|rule|Species Clause: Limit one of each Pok\u00e9mon\n|rule|HP Percentage Mod: HP is shown in percentages\n|rule|Sleep Clause Mod: Limit one foe put to sleep\n|rule|Illusion Level Mod: Illusion disguises the Pok\u00e9mon's true level\n|\n|t:|1781406758\n|teamsize|p1|6\n|teamsize|p2|6\n|start\n|switch|p1a: Quagsire|Quagsire, L84, F|297/297\n|switch|p2a: Dragonite|Dragonite, L74, F|257/257\n|turn|1\n|\n|t:|1781406774\n|move|p2a: Dragonite|Dragon Dance|p2a: Dragonite\n|-boost|p2a: Dragonite|atk|1\n|-boost|p2a: Dragonite|spe|1\n|move|p1a: Quagsire|Toxic|p2a: Dragonite\n|-status|p2a: Dragonite|tox\n|\n|-damage|p2a: Dragonite|241/257 tox|[from] psn\n|upkeep\n|turn|2\n|\n|t:|1781406782\n|move|p2a: Dragonite|Outrage|p1a: Quagsire\n|-damage|p1a: Quagsire|161/297\n|move|p1a: Quagsire|Spikes|p2a: Dragonite\n|-sidestart|p2: kow4la|Spikes\n|\n|-heal|p1a: Quagsire|179/297|[from] item: Leftovers\n|-damage|p2a: Dragonite|209/257 tox|[from] psn\n|upkeep\n|turn|3\n|inactive|Battle timer is ON: inactive players will automatically lose when time's up. (requested by opokpookpookpo)\n|\n|t:|1781406810\n|move|p2a: Dragonite|Outrage|p1a: Quagsire|[from] lockedmove\n|-crit|p1a: Quagsire\n|-damage|p1a: Quagsire|0 fnt\n|faint|p1a: Quagsire\n|\n|-damage|p2a: Dragonite|161/257 tox|[from] psn\n|upkeep\n|\n|t:|1781406824\n|switch|p1a: Sinistcha|Sinistcha, L83|254/254\n|turn|4\n|\n|t:|1781406837\n|move|p2a: Dragonite|Outrage|p1a: Sinistcha|[from] lockedmove\n|-crit|p1a: Sinistcha\n|-damage|p1a: Sinistcha|2/254\n|-start|p2a: Dragonite|confusion|[fatigue]\n|move|p1a: Sinistcha|Strength Sap|p2a: Dragonite\n|-unboost|p2a: Dragonite|atk|1\n|-heal|p1a: Sinistcha|254/254\n|\n|-damage|p2a: Dragonite|97/257 tox|[from] psn\n|upkeep\n|turn|5\n|\n|t:|1781406855\n|-activate|p2a: Dragonite|confusion\n|move|p2a: Dragonite|Iron Head|p1a: Sinistcha\n|-damage|p1a: Sinistcha|208/254\n|move|p1a: Sinistcha|Calm Mind|p1a: Sinistcha\n|-boost|p1a: Sinistcha|spa|1\n|-boost|p1a: Sinistcha|spd|1\n|\n|-heal|p1a: Sinistcha|223/254|[from] item: Leftovers\n|-damage|p2a: Dragonite|17/257 tox|[from] psn\n|upkeep\n|turn|6\n|\n|t:|1781406874\n|switch|p2a: Iron Thorns|Iron Thorns, L83|302/302\n|-damage|p2a: Iron Thorns|265/302|[from] Spikes\n|-enditem|p2a: Iron Thorns|Booster Energy\n|-activate|p2a: Iron Thorns|ability: Quark Drive|[fromitem]\n|-start|p2a: Iron Thorns|quarkdriveatk\n|move|p1a: Sinistcha|Strength Sap|p2a: Iron Thorns\n|-unboost|p2a: Iron Thorns|atk|1\n|-heal|p1a: Sinistcha|254/254\n|\n|upkeep\n|turn|7\n|\n|t:|1781406887\n|move|p2a: Iron Thorns|Dragon Dance|p2a: Iron Thorns\n|-boost|p2a: Iron Thorns|atk|1\n|-boost|p2a: Iron Thorns|spe|1\n|move|p1a: Sinistcha|Calm Mind|p1a: Sinistcha\n|-boost|p1a: Sinistcha|spa|1\n|-boost|p1a: Sinistcha|spd|1\n|\n|upkeep\n|turn|8\n|\n|t:|1781406894\n|move|p2a: Iron Thorns|Stone Edge|p1a: Sinistcha|[miss]\n|-miss|p2a: Iron Thorns|p1a: Sinistcha\n|move|p1a: Sinistcha|Matcha Gotcha|p2a: Iron Thorns\n|-supereffective|p2a: Iron Thorns\n|-damage|p2a: Iron Thorns|0 fnt\n|faint|p2a: Iron Thorns\n|-end|p2a: Iron Thorns|Quark Drive|[silent]\n|\n|upkeep\n|\n|t:|1781406909\n|switch|p2a: Palossand|Palossand, L89, F|296/296\n|-damage|p2a: Palossand|259/296|[from] Spikes\n|turn|9\n|\n|t:|1781406919\n|-terastallize|p2a: Palossand|Poison\n|move|p1a: Sinistcha|Calm Mind|p1a: Sinistcha\n|-boost|p1a: Sinistcha|spa|1\n|-boost|p1a: Sinistcha|spd|1\n|move|p2a: Palossand|Shadow Ball|p1a: Sinistcha\n|-supereffective|p1a: Sinistcha\n|-damage|p1a: Sinistcha|168/254\n|\n|-heal|p1a: Sinistcha|183/254|[from] item: Leftovers\n|-heal|p2a: Palossand|277/296|[from] item: Leftovers\n|upkeep\n|turn|10\n|\n|t:|1781406934\n|move|p1a: Sinistcha|Shadow Ball|p2a: Palossand\n|-damage|p2a: Palossand|6/296\n|-unboost|p2a: Palossand|spd|1\n|move|p2a: Palossand|Shadow Ball|p1a: Sinistcha\n|-supereffective|p1a: Sinistcha\n|-damage|p1a: Sinistcha|99/254\n|\n|-heal|p1a: Sinistcha|114/254|[from] item: Leftovers\n|-heal|p2a: Palossand|24/296|[from] item: Leftovers\n|upkeep\n|turn|11\n|\n|t:|1781406945\n|move|p1a: Sinistcha|Strength Sap|p2a: Palossand\n|-unboost|p2a: Palossand|atk|1\n|-heal|p1a: Sinistcha|252/254\n|move|p2a: Palossand|Shore Up|p2a: Palossand\n|-heal|p2a: Palossand|172/296\n|\n|-heal|p1a: Sinistcha|254/254|[from] item: Leftovers\n|-heal|p2a: Palossand|190/296|[from] item: Leftovers\n|upkeep\n|turn|12\n|\n|t:|1781406954\n|move|p1a: Sinistcha|Shadow Ball|p2a: Palossand\n|-damage|p2a: Palossand|0 fnt\n|faint|p2a: Palossand\n|\n|upkeep\n|\n|t:|1781406970\n|switch|p2a: Wigglytuff|Wigglytuff, L96, M|424/424\n|-damage|p2a: Wigglytuff|371/424|[from] Spikes\n|turn|13\n|\n|t:|1781406978\n|move|p2a: Wigglytuff|Protect|p2a: Wigglytuff\n|-singleturn|p2a: Wigglytuff|Protect\n|move|p1a: Sinistcha|Matcha Gotcha|p2a: Wigglytuff\n|-activate|p2a: Wigglytuff|move: Protect\n|\n|-heal|p2a: Wigglytuff|397/424|[from] item: Leftovers\n|upkeep\n|turn|14\n|\n|t:|1781406988\n|move|p1a: Sinistcha|Matcha Gotcha|p2a: Wigglytuff\n|-damage|p2a: Wigglytuff|72/424\n|move|p2a: Wigglytuff|Thunder Wave|p1a: Sinistcha\n|-status|p1a: Sinistcha|par\n|\n|-heal|p2a: Wigglytuff|98/424|[from] item: Leftovers\n|upkeep\n|turn|15\n|\n|t:|1781407000\n|move|p2a: Wigglytuff|Wish|p2a: Wigglytuff\n|cant|p1a: Sinistcha|par\n|\n|-heal|p2a: Wigglytuff|124/424|[from] item: Leftovers\n|upkeep\n|turn|16\n|\n|t:|1781407015\n|move|p2a: Wigglytuff|Alluring Voice|p1a: Sinistcha\n|-damage|p1a: Sinistcha|206/254 par\n|move|p1a: Sinistcha|Matcha Gotcha|p2a: Wigglytuff\n|-damage|p2a: Wigglytuff|0 fnt\n|-heal|p1a: Sinistcha|254/254 par|[from] drain|[of] p2a: Wigglytuff\n|faint|p2a: Wigglytuff\n|\n|upkeep\n|\n|t:|1781407025\n|switch|p2a: Hariyama|Hariyama, L87, F|392/392\n|-damage|p2a: Hariyama|343/392|[from] Spikes\n|turn|17\n|\n|t:|1781407031\n|move|p2a: Hariyama|Knock Off|p1a: Sinistcha\n|-supereffective|p1a: Sinistcha\n|-damage|p1a: Sinistcha|94/254 par\n|-enditem|p1a: Sinistcha|Leftovers|[from] move: Knock Off|[of] p2a: Hariyama\n|move|p1a: Sinistcha|Matcha Gotcha|p2a: Hariyama\n|-damage|p2a: Hariyama|30/392\n|-heal|p1a: Sinistcha|251/254 par|[from] drain|[of] p2a: Hariyama\n|\n|-status|p2a: Hariyama|brn|[from] item: Flame Orb\n|upkeep\n|turn|18\n|\n|t:|1781407045\n|move|p2a: Hariyama|Knock Off|p1a: Sinistcha\n|-supereffective|p1a: Sinistcha\n|-damage|p1a: Sinistcha|95/254 par\n|cant|p1a: Sinistcha|par\n|\n|-damage|p2a: Hariyama|6/392 brn|[from] brn\n|upkeep\n|turn|19\n|\n|t:|1781407054\n|-terastallize|p1a: Sinistcha|Steel\n|move|p2a: Hariyama|Knock Off|p1a: Sinistcha\n|-damage|p1a: Sinistcha|19/254 par\n|move|p1a: Sinistcha|Strength Sap|p2a: Hariyama\n|-unboost|p2a: Hariyama|atk|1\n|-heal|p1a: Sinistcha|254/254 par\n|\n|-damage|p2a: Hariyama|0 fnt|[from] brn\n|faint|p2a: Hariyama\n|upkeep\n|\n|t:|1781407068\n|switch|p2a: Duraludon|Duraludon, L82, F|249/249\n|-damage|p2a: Duraludon|218/249|[from] Spikes\n|turn|20\n|\n|t:|1781407078\n|move|p2a: Duraludon|Body Press|p1a: Sinistcha\n|-supereffective|p1a: Sinistcha\n|-damage|p1a: Sinistcha|146/254 par\n|move|p1a: Sinistcha|Shadow Ball|p2a: Duraludon\n|-damage|p2a: Duraludon|0 fnt\n|faint|p2a: Duraludon\n|\n|upkeep\n|\n|t:|1781407086\n|switch|p2a: Dragonite|Dragonite, L74, F|17/257 tox\n|turn|21\n|\n|t:|1781407092\n|move|p2a: Dragonite|Earthquake|p1a: Sinistcha\n|-supereffective|p1a: Sinistcha\n|-damage|p1a: Sinistcha|24/254 par\n|move|p1a: Sinistcha|Strength Sap|p2a: Dragonite\n|-unboost|p2a: Dragonite|atk|1\n|-heal|p1a: Sinistcha|254/254 par\n|\n|-damage|p2a: Dragonite|1/257 tox|[from] psn\n|upkeep\n|turn|22\n|\n|t:|1781407104\n|move|p2a: Dragonite|Earthquake|p1a: Sinistcha\n|-supereffective|p1a: Sinistcha\n|-damage|p1a: Sinistcha|164/254 par\n|move|p1a: Sinistcha|Strength Sap|p2a: Dragonite\n|-unboost|p2a: Dragonite|atk|1\n|-heal|p1a: Sinistcha|254/254 par\n|\n|-damage|p2a: Dragonite|0 fnt|[from] psn\n|faint|p2a: Dragonite\n|\n|win|opokpookpookpo\n|raw|opokpookpookpo's rating: 1046 &rarr; <strong>1075</strong><br />(+29 for winning)\n|raw|kow4la's rating: 1000 &rarr; <strong>1000</strong><br />(+0 for losing)\n|l|\u2606kow4la\n|player|p2|\n", "inputlog": ">version a8376a258c1d4662feba110a92103f3664a72141\n>start {\"formatid\":\"gen9randombattle\",\"seed\":\"sodium,cc6e1216243df1786078ed63173d9cc8\",\"rated\":\"Rated battle\"}\n>player p1 {\"name\":\"opokpookpookpo\",\"avatar\":\"teamrocket\",\"rating\":1046,\"seed\":\"sodium,383ddfadd4d329036af1ce0cabb98927\"}\n>player p2 {\"name\":\"kow4la\",\"avatar\":\"pokekid\",\"rating\":1000,\"seed\":\"sodium,67fe8e5f985bc78da5c3987bd0716783\"}\n>p1 move toxic\n>p2 move dragondance\n>p1 move spikes\n>p2 move outrage\n>p1 move recover\n>p2 move outrage\n>p1 switch 4\n>p1 move strengthsap\n>p2 move outrage\n>p1 move calmmind\n>p2 move ironhead\n>p1 move strengthsap\n>p2 switch 6\n>p1 move calmmind\n>p2 move dragondance\n>p1 move matchagotcha\n>p2 move stoneedge\n>p2 switch 3\n>p1 move calmmind\n>p2 move shadowball terastallize\n>p1 move shadowball\n>p2 move shadowball\n>p1 move strengthsap\n>p2 move shoreup\n>p1 move shadowball\n>p2 move shoreup\n>p2 switch 4\n>p1 move matchagotcha\n>p2 move protect\n>p1 move matchagotcha\n>p2 move thunderwave\n>p1 move matchagotcha\n>p2 move wish\n>p1 move matchagotcha\n>p2 move alluringvoice\n>p2 switch 5\n>p1 move matchagotcha\n>p2 move knockoff\n>p1 move matchagotcha\n>p2 move knockoff\n>p1 move strengthsap terastallize\n>p2 move knockoff\n>p2 switch 2\n>p1 move shadowball\n>p2 move bodypress\n>p2 switch 6\n>p1 move strengthsap\n>p2 move earthquake\n>p1 move strengthsap\n>p2 move earthquake", "uploadtime": 1781407119, "views": 4, "formatid": "gen9randombattle", "rating": 1000, "private": 0, "password": null}