{"id": "gen9randombattle-2631586101", "format": "[Gen 9] Random Battle", "players": ["LinkNinjaTC11", "Blendedcats"], "log": "|j|\u2606LinkNinjaTC11\n|j|\u2606Blendedcats\n|t:|1781404923\n|gametype|singles\n|player|p1|LinkNinjaTC11|veteran|1971\n|player|p2|Blendedcats|picnicker|1950\n|gen|9\n|tier|[Gen 9] Random Battle\n|rated|\n|rule|Species Clause: Limit one of each Pok\u00e9mon\n|rule|HP Percentage Mod: HP is shown in percentages\n|rule|Sleep Clause Mod: Limit one foe put to sleep\n|rule|Illusion Level Mod: Illusion disguises the Pok\u00e9mon's true level\n|\n|t:|1781404923\n|teamsize|p1|6\n|teamsize|p2|6\n|start\n|switch|p1a: Rhydon|Rhydon, L85, M|317/317\n|switch|p2a: Iron Boulder|Iron Boulder, L77|265/265\n|turn|1\n|inactive|Battle timer is ON: inactive players will automatically lose when time's up. (requested by LinkNinjaTC11)\n|inactive|Blendedcats also wants the timer to be on.\n|\n|t:|1781404951\n|-end|p2a: Iron Boulder|Quark Drive|[silent]\n|switch|p2a: Heatran|Heatran, L79, F|273/273\n|-item|p2a: Heatran|Air Balloon\n|move|p1a: Rhydon|Stealth Rock|p2a: Heatran\n|-sidestart|p2: Blendedcats|move: Stealth Rock\n|\n|upkeep\n|turn|2\n|\n|t:|1781404959\n|move|p2a: Heatran|Stealth Rock|p1a: Rhydon\n|-sidestart|p1: LinkNinjaTC11|move: Stealth Rock\n|move|p1a: Rhydon|Stone Edge|p2a: Heatran\n|-damage|p2a: Heatran|146/273\n|-enditem|p2a: Heatran|Air Balloon\n|\n|upkeep\n|turn|3\n|\n|t:|1781404963\n|switch|p2a: Sandslash|Sandslash, L89, F|278/278\n|-damage|p2a: Sandslash|261/278|[from] Stealth Rock\n|move|p1a: Rhydon|Earthquake|p2a: Sandslash\n|-damage|p2a: Sandslash|146/278\n|\n|-heal|p2a: Sandslash|163/278|[from] item: Leftovers\n|upkeep\n|turn|4\n|\n|t:|1781404973\n|move|p2a: Sandslash|Rapid Spin|p1a: Rhydon\n|-resisted|p1a: Rhydon\n|-damage|p1a: Rhydon|307/317\n|-boost|p2a: Sandslash|spe|1\n|-sideend|p2: Blendedcats|Stealth Rock|[from] move: Rapid Spin|[of] p2a: Sandslash\n|move|p1a: Rhydon|Earthquake|p2a: Sandslash\n|-damage|p2a: Sandslash|58/278\n|\n|-heal|p2a: Sandslash|75/278|[from] item: Leftovers\n|upkeep\n|turn|5\n|\n|t:|1781404976\n|move|p2a: Sandslash|Earthquake|p1a: Rhydon\n|-supereffective|p1a: Rhydon\n|-damage|p1a: Rhydon|187/317\n|move|p1a: Rhydon|Earthquake|p2a: Sandslash\n|-damage|p2a: Sandslash|0 fnt\n|faint|p2a: Sandslash\n|\n|upkeep\n|\n|t:|1781404979\n|switch|p2a: Rillaboom|Rillaboom, L79, F|288/288\n|-fieldstart|move: Grassy Terrain|[from] ability: Grassy Surge|[of] p2a: Rillaboom\n|turn|6\n|\n|t:|1781404986\n|switch|p1a: Ariados|Ariados, L95, M|287/287\n|move|p2a: Rillaboom|Swords Dance|p2a: Rillaboom\n|-boost|p2a: Rillaboom|atk|2\n|\n|upkeep\n|turn|7\n|\n|t:|1781404992\n|move|p2a: Rillaboom|Knock Off|p1a: Ariados\n|-damage|p1a: Ariados|96/287\n|-enditem|p1a: Ariados|Heavy-Duty Boots|[from] move: Knock Off|[of] p2a: Rillaboom\n|-damage|p2a: Rillaboom|260/288|[from] item: Life Orb\n|move|p1a: Ariados|Megahorn|p2a: Rillaboom\n|-supereffective|p2a: Rillaboom\n|-damage|p2a: Rillaboom|0 fnt\n|faint|p2a: Rillaboom\n|\n|-heal|p1a: Ariados|113/287|[from] Grassy Terrain\n|upkeep\n|\n|t:|1781404998\n|switch|p2a: Heatran|Heatran, L79, F|146/273\n|turn|8\n|\n|t:|1781405014\n|switch|p1a: Rhydon|Rhydon, L85, M|187/317\n|-damage|p1a: Rhydon|168/317|[from] Stealth Rock\n|move|p2a: Heatran|Lava Plume|p1a: Rhydon\n|-resisted|p1a: Rhydon\n|-damage|p1a: Rhydon|117/317\n|\n|-heal|p2a: Heatran|163/273|[from] Grassy Terrain\n|-heal|p1a: Rhydon|136/317|[from] Grassy Terrain\n|upkeep\n|turn|9\n|\n|t:|1781405026\n|move|p2a: Heatran|Earth Power|p1a: Rhydon\n|-supereffective|p1a: Rhydon\n|-damage|p1a: Rhydon|0 fnt\n|faint|p1a: Rhydon\n|\n|-heal|p2a: Heatran|180/273|[from] Grassy Terrain\n|upkeep\n|\n|t:|1781405031\n|switch|p1a: Hitmonlee|Hitmonlee, L85, M|223/223\n|-damage|p1a: Hitmonlee|210/223|[from] Stealth Rock\n|turn|10\n|\n|t:|1781405039\n|switch|p2a: Gengar|Gengar, L81, M|230/230\n|move|p1a: Hitmonlee|High Jump Kick|p2a: Gengar\n|-immune|p2a: Gengar\n|-damage|p1a: Hitmonlee|99/223|[from] highjumpkick\n|\n|-heal|p1a: Hitmonlee|112/223|[from] Grassy Terrain\n|-fieldend|move: Grassy Terrain\n|upkeep\n|turn|11\n|\n|t:|1781405046\n|switch|p1a: Forretress|Forretress, L84, M|263/263\n|-damage|p1a: Forretress|231/263|[from] Stealth Rock\n|move|p2a: Gengar|Shadow Ball|p1a: Forretress\n|-damage|p1a: Forretress|38/263\n|-unboost|p1a: Forretress|spd|1\n|\n|-heal|p1a: Forretress|54/263|[from] item: Leftovers\n|upkeep\n|turn|12\n|\n|t:|1781405049\n|move|p2a: Gengar|Shadow Ball|p1a: Forretress\n|-damage|p1a: Forretress|0 fnt\n|faint|p1a: Forretress\n|\n|upkeep\n|\n|t:|1781405053\n|switch|p1a: Arceus|Arceus-Rock, L74|300/300\n|-damage|p1a: Arceus|263/300|[from] Stealth Rock\n|turn|13\n|\n|t:|1781405058\n|move|p2a: Gengar|Shadow Ball|p1a: Arceus\n|-damage|p1a: Arceus|142/300\n|move|p1a: Arceus|Calm Mind|p1a: Arceus\n|-boost|p1a: Arceus|spa|1\n|-boost|p1a: Arceus|spd|1\n|\n|upkeep\n|turn|14\n|\n|t:|1781405063\n|move|p2a: Gengar|Shadow Ball|p1a: Arceus\n|-damage|p1a: Arceus|46/300\n|move|p1a: Arceus|Calm Mind|p1a: Arceus\n|-boost|p1a: Arceus|spa|1\n|-boost|p1a: Arceus|spd|1\n|\n|upkeep\n|turn|15\n|\n|t:|1781405070\n|move|p2a: Gengar|Shadow Ball|p1a: Arceus\n|-damage|p1a: Arceus|0 fnt\n|faint|p1a: Arceus\n|\n|upkeep\n|\n|t:|1781405072\n|switch|p1a: Minun|Minun, L95, F|268/268\n|-damage|p1a: Minun|235/268|[from] Stealth Rock\n|turn|16\n|\n|t:|1781405074\n|move|p1a: Minun|Thunderbolt|p2a: Gengar\n|-damage|p2a: Gengar|84/230\n|-damage|p1a: Minun|209/268|[from] item: Life Orb\n|move|p2a: Gengar|Shadow Ball|p1a: Minun\n|-damage|p1a: Minun|62/268\n|-unboost|p1a: Minun|spd|1\n|\n|upkeep\n|turn|17\n|\n|t:|1781405078\n|switch|p2a: Heatran|Heatran, L79, F|180/273\n|move|p1a: Minun|Thunderbolt|p2a: Heatran\n|-damage|p2a: Heatran|62/273\n|-damage|p1a: Minun|36/268|[from] item: Life Orb\n|\n|upkeep\n|turn|18\n|\n|t:|1781405080\n|move|p1a: Minun|Thunderbolt|p2a: Heatran\n|-damage|p2a: Heatran|0 fnt\n|faint|p2a: Heatran\n|-damage|p1a: Minun|10/268|[from] item: Life Orb\n|\n|upkeep\n|\n|t:|1781405084\n|switch|p2a: Iron Boulder|Iron Boulder, L77|265/265\n|turn|19\n|\n|t:|1781405086\n|move|p2a: Iron Boulder|Mighty Cleave|p1a: Minun\n|-damage|p1a: Minun|0 fnt\n|faint|p1a: Minun\n|-damage|p2a: Iron Boulder|239/265|[from] item: Life Orb\n|\n|upkeep\n|\n|t:|1781405090\n|switch|p1a: Hitmonlee|Hitmonlee, L85, M|112/223\n|-damage|p1a: Hitmonlee|99/223|[from] Stealth Rock\n|turn|20\n|\n|t:|1781405098\n|move|p1a: Hitmonlee|Knock Off|p2a: Iron Boulder\n|-supereffective|p2a: Iron Boulder\n|-damage|p2a: Iron Boulder|35/265\n|-enditem|p2a: Iron Boulder|Life Orb|[from] move: Knock Off|[of] p1a: Hitmonlee\n|move|p2a: Iron Boulder|Zen Headbutt|p1a: Hitmonlee\n|-supereffective|p1a: Hitmonlee\n|-damage|p1a: Hitmonlee|0 fnt\n|faint|p1a: Hitmonlee\n|\n|upkeep\n|\n|t:|1781405101\n|switch|p1a: Ariados|Ariados, L95, M|113/287\n|-damage|p1a: Ariados|42/287|[from] Stealth Rock\n|turn|21\n|\n|t:|1781405104\n|move|p1a: Ariados|Sucker Punch|p2a: Iron Boulder\n|-supereffective|p2a: Iron Boulder\n|-damage|p2a: Iron Boulder|0 fnt\n|faint|p2a: Iron Boulder\n|-end|p2a: Iron Boulder|Quark Drive|[silent]\n|\n|upkeep\n|\n|t:|1781405106\n|switch|p2a: Kingdra|Kingdra, L84, M|263/263\n|turn|22\n|\n|t:|1781405110\n|-terastallize|p1a: Ariados|Ghost\n|move|p2a: Kingdra|Wave Crash|p1a: Ariados\n|-damage|p1a: Ariados|0 fnt\n|faint|p1a: Ariados\n|-damage|p2a: Kingdra|249/263|[from] Recoil\n|\n|win|Blendedcats\n", "inputlog": ">version a8376a258c1d4662feba110a92103f3664a72141\n>start {\"formatid\":\"gen9randombattle\",\"seed\":\"sodium,288aea610661c9889b464ed822c23dfe\",\"rated\":\"Rated battle\"}\n>player p1 {\"name\":\"LinkNinjaTC11\",\"avatar\":\"veteran\",\"rating\":1971,\"seed\":\"sodium,69a0e6e42ebe6c64a3676f16a38e008a\"}\n>player p2 {\"name\":\"Blendedcats\",\"avatar\":\"picnicker\",\"rating\":1950,\"seed\":\"sodium,f4e0b5d1c297cb179470b689790ad3a2\"}\n>p1 move stealthrock\n>p2 switch 3\n>p1 move stoneedge\n>p2 move stealthrock\n>p1 move earthquake\n>p2 switch 5\n>p1 move earthquake\n>p2 move rapidspin\n>p1 move earthquake\n>p2 move earthquake\n>p2 switch 4\n>p1 switch 6\n>p2 move swordsdance\n>p1 move megahorn\n>p2 move knockoff\n>p2 switch 5\n>p1 switch 6\n>p2 move lavaplume\n>p1 move stealthrock\n>p2 move earthpower\n>p1 switch 5\n>p1 move highjumpkick\n>p2 switch 6\n>p1 switch 3\n>p2 move shadowball\n>p1 move ironhead\n>p2 move shadowball\n>p1 switch 4\n>p1 move calmmind\n>p2 move shadowball\n>p1 move calmmind\n>p2 move shadowball\n>p1 move recover\n>p2 move shadowball\n>p1 switch 2\n>p1 move thunderbolt\n>p2 move shadowball\n>p1 move thunderbolt\n>p2 switch 6\n>p1 move thunderbolt\n>p2 move lavaplume\n>p2 switch 3\n>p1 move thunderbolt\n>p2 move mightycleave\n>p1 switch 3\n>p1 move knockoff\n>p2 move zenheadbutt\n>p1 switch 6\n>p1 move suckerpunch\n>p2 move mightycleave\n>p2 switch 2\n>p1 move megahorn terastallize\n>p2 move wavecrash", "uploadtime": 1781404925, "views": 8, "formatid": "gen9randombattle", "rating": null, "private": 0, "password": null}