{"id": "gen9randombattle-2631724691", "format": "[Gen 9] Random Battle", "players": ["Gin X Tonic", "PCmobile4"], "log": "|j|\u2606Gin X Tonic\n|j|\u2606PCmobile4\n|t:|1781429038\n|gametype|singles\n|player|p1|Gin X Tonic|artist-gen4|1932\n|player|p2|PCmobile4|170|1969\n|gen|9\n|tier|[Gen 9] Random Battle\n|rated|\n|rule|Species Clause: Limit one of each Pok\u00e9mon\n|rule|HP Percentage Mod: HP is shown in percentages\n|rule|Sleep Clause Mod: Limit one foe put to sleep\n|rule|Illusion Level Mod: Illusion disguises the Pok\u00e9mon's true level\n|\n|t:|1781429038\n|teamsize|p1|6\n|teamsize|p2|6\n|start\n|switch|p1a: Blissey|Blissey, L85, F|572/572\n|switch|p2a: Snorlax|Snorlax, L82, M|397/397\n|turn|1\n|inactive|Battle timer is ON: inactive players will automatically lose when time's up. (requested by Gin X Tonic)\n|\n|t:|1781429055\n|switch|p1a: Skarmory|Skarmory, L80, F|235/235\n|move|p2a: Snorlax|Curse|p2a: Snorlax\n|-unboost|p2a: Snorlax|spe|1\n|-boost|p2a: Snorlax|atk|1\n|-boost|p2a: Snorlax|def|1\n|\n|upkeep\n|turn|2\n|\n|t:|1781429071\n|switch|p2a: Oricorio|Oricorio, L84, M|263/263\n|move|p1a: Skarmory|Iron Defense|p1a: Skarmory\n|-boost|p1a: Skarmory|def|2\n|\n|upkeep\n|turn|3\n|\n|t:|1781429080\n|switch|p1a: Blissey|Blissey, L85, F|572/572\n|move|p2a: Oricorio|Revelation Dance|p1a: Blissey\n|-damage|p1a: Blissey|503/572\n|\n|-heal|p1a: Blissey|538/572|[from] item: Leftovers\n|upkeep\n|turn|4\n|\n|t:|1781429101\n|switch|p2a: Spidops|Spidops, L96, M|271/271\n|move|p1a: Blissey|Stealth Rock|p2a: Spidops\n|-sidestart|p2: PCmobile4|move: Stealth Rock\n|\n|-heal|p1a: Blissey|572/572|[from] item: Leftovers\n|upkeep\n|turn|5\n|\n|t:|1781429124\n|switch|p1a: Infernape|Infernape, L82, F|259/259\n|move|p2a: Spidops|Sticky Web|p1a: Infernape\n|-sidestart|p1: Gin X Tonic|move: Sticky Web\n|\n|upkeep\n|turn|6\n|\n|t:|1781429131\n|move|p1a: Infernape|Overheat|p2a: Spidops\n|-supereffective|p2a: Spidops\n|-damage|p2a: Spidops|0 fnt\n|-unboost|p1a: Infernape|spa|2\n|faint|p2a: Spidops\n|-damage|p1a: Infernape|234/259|[from] item: Life Orb\n|\n|upkeep\n|\n|t:|1781429146\n|switch|p2a: Dragalge|Dragalge, L88, M|258/258\n|-damage|p2a: Dragalge|226/258|[from] Stealth Rock\n|turn|7\n|\n|t:|1781429165\n|switch|p1a: Skarmory|Skarmory, L80, F|235/235\n|move|p2a: Dragalge|Toxic Spikes|p1a: Skarmory\n|-sidestart|p1: Gin X Tonic|move: Toxic Spikes\n|\n|-heal|p2a: Dragalge|242/258|[from] item: Leftovers\n|upkeep\n|turn|8\n|\n|t:|1781429174\n|move|p1a: Skarmory|Brave Bird|p2a: Dragalge\n|-damage|p2a: Dragalge|149/258\n|-damage|p1a: Skarmory|204/235|[from] Recoil\n|move|p2a: Dragalge|Focus Blast|p1a: Skarmory\n|-damage|p1a: Skarmory|94/235\n|-unboost|p1a: Skarmory|spd|1\n|\n|-heal|p1a: Skarmory|108/235|[from] item: Leftovers\n|-heal|p2a: Dragalge|165/258|[from] item: Leftovers\n|upkeep\n|turn|9\n|\n|t:|1781429185\n|switch|p1a: Blissey|Blissey, L85, F|572/572\n|-activate|p1a: Blissey|move: Sticky Web\n|-unboost|p1a: Blissey|spe|1\n|-status|p1a: Blissey|psn\n|move|p2a: Dragalge|Focus Blast|p1a: Blissey|[miss]\n|-miss|p2a: Dragalge|p1a: Blissey\n|\n|-heal|p2a: Dragalge|181/258|[from] item: Leftovers\n|-damage|p1a: Blissey|501/572 psn|[from] psn\n|upkeep\n|turn|10\n|\n|t:|1781429207\n|-curestatus|p1a: Blissey|psn|[from] ability: Natural Cure|[silent]\n|switch|p1a: Skarmory|Skarmory, L80, F|108/235\n|move|p2a: Dragalge|Toxic Spikes|p1a: Skarmory\n|-sidestart|p1: Gin X Tonic|move: Toxic Spikes\n|\n|-heal|p1a: Skarmory|122/235|[from] item: Leftovers\n|-heal|p2a: Dragalge|197/258|[from] item: Leftovers\n|upkeep\n|turn|11\n|\n|t:|1781429218\n|switch|p1a: Noctowl|Noctowl, L95, F|344/344\n|move|p2a: Dragalge|Focus Blast|p1a: Noctowl\n|-damage|p1a: Noctowl|264/344\n|\n|-heal|p2a: Dragalge|213/258|[from] item: Leftovers\n|upkeep\n|turn|12\n|\n|t:|1781429224\n|switch|p2a: Snorlax|Snorlax, L82, M|397/397\n|-damage|p2a: Snorlax|348/397|[from] Stealth Rock\n|move|p1a: Noctowl|Defog|p2a: Snorlax\n|-unboost|p2a: Snorlax|evasion|1\n|-sideend|p2: PCmobile4|Stealth Rock|[from] move: Defog|[of] p1a: Noctowl\n|-sideend|p1: Gin X Tonic|Toxic Spikes|[from] move: Defog|[of] p1a: Noctowl\n|-sideend|p1: Gin X Tonic|Sticky Web|[from] move: Defog|[of] p1a: Noctowl\n|\n|-heal|p2a: Snorlax|372/397|[from] item: Leftovers\n|upkeep\n|turn|13\n|\n|t:|1781429238\n|switch|p1a: Conkeldurr|Conkeldurr, L80, F|299/299\n|move|p2a: Snorlax|Curse|p2a: Snorlax\n|-unboost|p2a: Snorlax|spe|1\n|-boost|p2a: Snorlax|atk|1\n|-boost|p2a: Snorlax|def|1\n|\n|-heal|p2a: Snorlax|396/397|[from] item: Leftovers\n|-status|p1a: Conkeldurr|brn|[from] item: Flame Orb\n|upkeep\n|turn|14\n|\n|t:|1781429253\n|-terastallize|p2a: Snorlax|Poison\n|move|p1a: Conkeldurr|Close Combat|p2a: Snorlax\n|-resisted|p2a: Snorlax\n|-damage|p2a: Snorlax|294/397\n|-unboost|p1a: Conkeldurr|def|1\n|-unboost|p1a: Conkeldurr|spd|1\n|move|p2a: Snorlax|Curse|p2a: Snorlax\n|-unboost|p2a: Snorlax|spe|1\n|-boost|p2a: Snorlax|atk|1\n|-boost|p2a: Snorlax|def|1\n|\n|-heal|p2a: Snorlax|318/397|[from] item: Leftovers\n|-damage|p1a: Conkeldurr|281/299 brn|[from] brn\n|upkeep\n|turn|15\n|\n|t:|1781429272\n|switch|p1a: Blissey|Blissey, L85, F|501/572\n|move|p2a: Snorlax|Curse|p2a: Snorlax\n|-unboost|p2a: Snorlax|spe|1\n|-boost|p2a: Snorlax|atk|1\n|-boost|p2a: Snorlax|def|1\n|\n|-heal|p1a: Blissey|536/572|[from] item: Leftovers\n|-heal|p2a: Snorlax|342/397|[from] item: Leftovers\n|upkeep\n|turn|16\n|inactive|PCmobile4 has 120 seconds left.\n|\n|t:|1781429306\n|-terastallize|p1a: Blissey|Ghost\n|move|p1a: Blissey|Thunder Wave|p2a: Snorlax\n|-status|p2a: Snorlax|par\n|move|p2a: Snorlax|Body Slam|p1a: Blissey\n|-immune|p1a: Blissey\n|\n|-heal|p1a: Blissey|571/572|[from] item: Leftovers\n|-heal|p2a: Snorlax|366/397 par|[from] item: Leftovers\n|upkeep\n|turn|17\n|\n|t:|1781429309\n|move|p1a: Blissey|Seismic Toss|p2a: Snorlax\n|-damage|p2a: Snorlax|281/397 par\n|move|p2a: Snorlax|Crunch|p1a: Blissey\n|-supereffective|p1a: Blissey\n|-damage|p1a: Blissey|0 fnt\n|faint|p1a: Blissey\n|\n|-heal|p2a: Snorlax|305/397 par|[from] item: Leftovers\n|upkeep\n|\n|t:|1781429315\n|switch|p1a: Rhyperior|Rhyperior, L82, M|323/323\n|turn|18\n|-message|Gin X Tonic forfeited.\n|\n|win|PCmobile4\n", "inputlog": ">version a8376a258c1d4662feba110a92103f3664a72141\n>start {\"formatid\":\"gen9randombattle\",\"seed\":\"sodium,3a39bc489fd5dac1c184d9239465196b\",\"rated\":\"Rated battle\"}\n>player p1 {\"name\":\"Gin X Tonic\",\"avatar\":\"artist-gen4\",\"rating\":1932,\"seed\":\"sodium,fbda72a47429e0757286b020b86eb2eb\"}\n>player p2 {\"name\":\"PCmobile4\",\"avatar\":\"170\",\"rating\":1969,\"seed\":\"sodium,3d43b7e40ba46facc27c05348d80ecf7\"}\n>p1 switch 5\n>p2 move curse\n>p1 move irondefense\n>p2 switch 5\n>p1 switch 5\n>p2 move revelationdance\n>p1 move stealthrock\n>p2 switch 2\n>p1 switch 3\n>p2 move stickyweb\n>p1 move overheat\n>p2 move circlethrow\n>p2 switch 4\n>p1 switch 5\n>p2 move toxicspikes\n>p1 move bravebird\n>p2 move focusblast\n>p1 switch 3\n>p2 move focusblast\n>p1 switch 3\n>p2 move toxicspikes\n>p1 switch 4\n>p2 move focusblast\n>p1 move defog\n>p2 switch 5\n>p1 switch 6\n>p2 move curse\n>p1 move closecombat\n>p2 move curse terastallize\n>p1 switch 3\n>p2 move curse\n>p1 move thunderwave terastallize\n>p2 move bodyslam\n>p1 move seismictoss\n>p2 move crunch\n>p1 switch 2\n>forcelose p1", "uploadtime": 1781429041, "views": 4, "formatid": "gen9randombattle", "rating": null, "private": 0, "password": null}