{"id": "gen9randombattle-2631860964", "format": "[Gen 9] Random Battle", "players": ["Lunarity123", "rrrpppp"], "log": "|j|\u2606Lunarity123\n|j|\u2606rrrpppp\n|t:|1781449237\n|gametype|singles\n|player|p1|Lunarity123|170|1944\n|player|p2|rrrpppp|169|1994\n|gen|9\n|tier|[Gen 9] Random Battle\n|rated|\n|rule|Species Clause: Limit one of each Pok\u00e9mon\n|rule|HP Percentage Mod: HP is shown in percentages\n|rule|Sleep Clause Mod: Limit one foe put to sleep\n|rule|Illusion Level Mod: Illusion disguises the Pok\u00e9mon's true level\n|\n|t:|1781449237\n|teamsize|p1|6\n|teamsize|p2|6\n|start\n|switch|p1a: Quagsire|Quagsire, L84, F|297/297\n|switch|p2a: Charizard|Charizard, L85, F|271/271\n|turn|1\n|inactive|Battle timer is ON: inactive players will automatically lose when time's up. (requested by Lunarity123)\n|\n|t:|1781449256\n|move|p2a: Charizard|Hurricane|p1a: Quagsire\n|-damage|p1a: Quagsire|120/297\n|-start|p1a: Quagsire|confusion\n|-activate|p1a: Quagsire|confusion\n|move|p1a: Quagsire|Spikes|p2a: Charizard\n|-sidestart|p2: rrrpppp|Spikes\n|\n|-heal|p1a: Quagsire|138/297|[from] item: Leftovers\n|upkeep\n|turn|2\n|\n|t:|1781449269\n|switch|p1a: Magmortar|Magmortar, L88, F|275/275\n|move|p2a: Charizard|Hurricane|p1a: Magmortar|[miss]\n|-miss|p2a: Charizard|p1a: Magmortar\n|\n|upkeep\n|turn|3\n|\n|t:|1781449290\n|move|p2a: Charizard|Earthquake|p1a: Magmortar\n|-supereffective|p1a: Magmortar\n|-damage|p1a: Magmortar|123/275\n|move|p1a: Magmortar|Thunderbolt|p2a: Charizard\n|-supereffective|p2a: Charizard\n|-damage|p2a: Charizard|105/271\n|\n|upkeep\n|turn|4\n|\n|t:|1781449306\n|switch|p1a: Braviary|Braviary, L85, M|309/309\n|move|p2a: Charizard|Earthquake|p1a: Braviary\n|-immune|p1a: Braviary\n|\n|upkeep\n|turn|5\n|\n|t:|1781449315\n|switch|p2a: Dusknoir|Dusknoir, L89, F|225/225\n|-damage|p2a: Dusknoir|197/225|[from] Spikes\n|-item|p1a: Braviary|Heavy-Duty Boots|[from] ability: Frisk|[of] p2a: Dusknoir\n|move|p1a: Braviary|Brave Bird|p2a: Dusknoir\n|-damage|p2a: Dusknoir|92/225\n|-damage|p1a: Braviary|274/309|[from] Recoil\n|\n|upkeep\n|turn|6\n|\n|t:|1781449333\n|switch|p2a: Arcanine|Arcanine-Hisui, L79, F|279/279\n|-damage|p2a: Arcanine|245/279|[from] Spikes\n|move|p1a: Braviary|Brave Bird|p2a: Arcanine\n|-resisted|p2a: Arcanine\n|-damage|p2a: Arcanine|149/279\n|-damage|p1a: Braviary|242/309|[from] Recoil\n|\n|upkeep\n|turn|7\n|\n|t:|1781449349\n|switch|p1a: Magmortar|Magmortar, L88, F|123/275\n|move|p2a: Arcanine|Flare Blitz|p1a: Magmortar\n|-resisted|p1a: Magmortar\n|-damage|p1a: Magmortar|13/275\n|\n|upkeep\n|turn|8\n|\n|t:|1781449379\n|switch|p2a: Dusknoir|Dusknoir, L89, F|92/225\n|-damage|p2a: Dusknoir|64/225|[from] Spikes\n|-item|p1a: Magmortar|Heavy-Duty Boots|[from] ability: Frisk|[of] p2a: Dusknoir\n|move|p1a: Magmortar|Thunderbolt|p2a: Dusknoir\n|-damage|p2a: Dusknoir|3/225\n|\n|upkeep\n|turn|9\n|\n|t:|1781449387\n|switch|p1a: Braviary|Braviary, L85, M|242/309\n|move|p2a: Dusknoir|Shadow Sneak|p1a: Braviary\n|-immune|p1a: Braviary\n|\n|upkeep\n|turn|10\n|\n|t:|1781449398\n|move|p2a: Dusknoir|Shadow Sneak|p1a: Braviary\n|-immune|p1a: Braviary\n|move|p1a: Braviary|Close Combat|p2a: Dusknoir\n|-immune|p2a: Dusknoir\n|\n|upkeep\n|turn|11\n|\n|t:|1781449415\n|switch|p2a: Arcanine|Arcanine-Hisui, L79, F|149/279\n|-damage|p2a: Arcanine|115/279|[from] Spikes\n|move|p1a: Braviary|Roost|p1a: Braviary\n|-heal|p1a: Braviary|309/309\n|-singleturn|p1a: Braviary|move: Roost\n|\n|upkeep\n|turn|12\n|\n|t:|1781449423\n|switch|p1a: Magmortar|Magmortar, L88, F|13/275\n|move|p2a: Arcanine|Head Smash|p1a: Magmortar|[miss]\n|-miss|p2a: Arcanine|p1a: Magmortar\n|\n|upkeep\n|turn|13\n|\n|t:|1781449431\n|switch|p2a: Dusknoir|Dusknoir, L89, F|3/225\n|-damage|p2a: Dusknoir|0 fnt|[from] Spikes\n|faint|p2a: Dusknoir\n|move|p1a: Magmortar|Thunderbolt|p2: Dusknoir|[notarget]\n|-fail|p1a: Magmortar\n|\n|upkeep\n|\n|t:|1781449437\n|switch|p2a: Charizard|Charizard, L85, F|105/271\n|turn|14\n|\n|t:|1781449440\n|move|p2a: Charizard|Flamethrower|p1a: Magmortar\n|-resisted|p1a: Magmortar\n|-damage|p1a: Magmortar|0 fnt\n|faint|p1a: Magmortar\n|\n|upkeep\n|\n|t:|1781449450\n|switch|p1a: Mabosstiff|Mabosstiff, L86, M|278/278\n|turn|15\n|\n|t:|1781449456\n|switch|p2a: Whimsicott|Whimsicott, L84, M|238/238\n|-damage|p2a: Whimsicott|209/238|[from] Spikes\n|move|p1a: Mabosstiff|Crunch|p2a: Whimsicott\n|-resisted|p2a: Whimsicott\n|-damage|p2a: Whimsicott|104/238\n|-unboost|p2a: Whimsicott|def|1\n|\n|-heal|p2a: Whimsicott|118/238|[from] item: Leftovers\n|upkeep\n|turn|16\n|\n|t:|1781449471\n|switch|p1a: Kingambit|Kingambit, L74, F|270/270\n|-activate|p1a: Kingambit|ability: Supreme Overlord\n|-start|p1a: Kingambit|fallen1|[silent]\n|move|p2a: Whimsicott|Leech Seed|p1a: Kingambit\n|-hint|Since gen 7, Dark is immune to Prankster moves.\n|-immune|p1a: Kingambit\n|\n|-heal|p2a: Whimsicott|132/238|[from] item: Leftovers\n|upkeep\n|turn|17\n|\n|t:|1781449479\n|move|p2a: Whimsicott|Substitute|p2a: Whimsicott\n|-start|p2a: Whimsicott|Substitute\n|-damage|p2a: Whimsicott|73/238\n|move|p1a: Kingambit|Kowtow Cleave|p2a: Whimsicott\n|-resisted|p2a: Whimsicott\n|-end|p2a: Whimsicott|Substitute\n|\n|-heal|p2a: Whimsicott|87/238|[from] item: Leftovers\n|upkeep\n|turn|18\n|\n|t:|1781449489\n|move|p2a: Whimsicott|Leech Seed|p1a: Kingambit\n|-hint|Since gen 7, Dark is immune to Prankster moves.\n|-immune|p1a: Kingambit\n|move|p1a: Kingambit|Kowtow Cleave|p2a: Whimsicott\n|-resisted|p2a: Whimsicott\n|-damage|p2a: Whimsicott|3/238\n|\n|-heal|p2a: Whimsicott|17/238|[from] item: Leftovers\n|upkeep\n|turn|19\n|\n|t:|1781449501\n|switch|p2a: Sneasler|Sneasler, L74, F|240/240\n|-damage|p2a: Sneasler|210/240|[from] Spikes\n|move|p1a: Kingambit|Kowtow Cleave|p2a: Sneasler\n|-resisted|p2a: Sneasler\n|-damage|p2a: Sneasler|133/240\n|\n|upkeep\n|turn|20\n|\n|t:|1781449522\n|-end|p1a: Kingambit|fallen1|[silent]\n|switch|p1a: Quagsire|Quagsire, L84, F|138/297\n|move|p2a: Sneasler|U-turn|p1a: Quagsire\n|-damage|p1a: Quagsire|65/297\n|\n|t:|1781449528\n|switch|p2a: Charizard|Charizard, L85, F|105/271|[from] U-turn\n|\n|-heal|p1a: Quagsire|83/297|[from] item: Leftovers\n|upkeep\n|turn|21\n|\n|t:|1781449537\n|move|p2a: Charizard|Flamethrower|p1a: Quagsire\n|-resisted|p1a: Quagsire\n|-crit|p1a: Quagsire\n|-damage|p1a: Quagsire|0 fnt\n|faint|p1a: Quagsire\n|\n|upkeep\n|\n|t:|1781449547\n|switch|p1a: Mabosstiff|Mabosstiff, L86, M|278/278\n|turn|22\n|\n|t:|1781449559\n|switch|p2a: Whimsicott|Whimsicott, L84, M|17/238\n|-damage|p2a: Whimsicott|0 fnt|[from] Spikes\n|faint|p2a: Whimsicott\n|move|p1a: Mabosstiff|Psychic Fangs|p2: Whimsicott|[notarget]\n|-fail|p1a: Mabosstiff\n|\n|upkeep\n|\n|t:|1781449566\n|switch|p2a: Latios|Latios, L78, M|253/253\n|turn|23\n|\n|t:|1781449575\n|switch|p1a: Kingambit|Kingambit, L74, F|270/270\n|-activate|p1a: Kingambit|ability: Supreme Overlord\n|-start|p1a: Kingambit|fallen2|[silent]\n|move|p2a: Latios|Calm Mind|p2a: Latios\n|-boost|p2a: Latios|spa|1\n|-boost|p2a: Latios|spd|1\n|\n|upkeep\n|turn|24\n|\n|t:|1781449585\n|-terastallize|p2a: Latios|Steel\n|move|p2a: Latios|Calm Mind|p2a: Latios\n|-boost|p2a: Latios|spa|1\n|-boost|p2a: Latios|spd|1\n|move|p1a: Kingambit|Swords Dance|p1a: Kingambit\n|-boost|p1a: Kingambit|atk|2\n|\n|upkeep\n|turn|25\n|\n|t:|1781449592\n|move|p2a: Latios|Draco Meteor|p1a: Kingambit\n|-resisted|p1a: Kingambit\n|-damage|p1a: Kingambit|45/270\n|-unboost|p2a: Latios|spa|2\n|move|p1a: Kingambit|Kowtow Cleave|p2a: Latios\n|-damage|p2a: Latios|0 fnt\n|faint|p2a: Latios\n|\n|-heal|p1a: Kingambit|61/270|[from] item: Leftovers\n|upkeep\n|\n|t:|1781449605\n|switch|p2a: Arcanine|Arcanine-Hisui, L79, F|115/279\n|-damage|p2a: Arcanine|81/279|[from] Spikes\n|turn|26\n|\n|t:|1781449617\n|move|p2a: Arcanine|Extreme Speed|p1a: Kingambit\n|-resisted|p1a: Kingambit\n|-damage|p1a: Kingambit|25/270\n|move|p1a: Kingambit|Sucker Punch||[still]\n|-fail|p1a: Kingambit\n|\n|-heal|p1a: Kingambit|41/270|[from] item: Leftovers\n|upkeep\n|turn|27\n|\n|t:|1781449625\n|move|p2a: Arcanine|Extreme Speed|p1a: Kingambit\n|-resisted|p1a: Kingambit\n|-damage|p1a: Kingambit|6/270\n|move|p1a: Kingambit|Kowtow Cleave|p2a: Arcanine\n|-crit|p2a: Arcanine\n|-damage|p2a: Arcanine|0 fnt\n|faint|p2a: Arcanine\n|\n|-heal|p1a: Kingambit|22/270|[from] item: Leftovers\n|upkeep\n|\n|t:|1781449633\n|switch|p2a: Sneasler|Sneasler, L74, F|133/240\n|-damage|p2a: Sneasler|103/240|[from] Spikes\n|turn|28\n|\n|t:|1781449639\n|move|p1a: Kingambit|Sucker Punch|p2a: Sneasler\n|-resisted|p2a: Sneasler\n|-damage|p2a: Sneasler|0 fnt\n|faint|p2a: Sneasler\n|\n|-heal|p1a: Kingambit|38/270|[from] item: Leftovers\n|upkeep\n|\n|t:|1781449645\n|switch|p2a: Charizard|Charizard, L85, F|105/271\n|turn|29\n|\n|t:|1781449649\n|move|p1a: Kingambit|Sucker Punch|p2a: Charizard\n|-damage|p2a: Charizard|0 fnt\n|faint|p2a: Charizard\n|\n|win|Lunarity123\n", "inputlog": ">version a8376a258c1d4662feba110a92103f3664a72141\n>start {\"formatid\":\"gen9randombattle\",\"seed\":\"sodium,08a3f2865f7dba35e7e912627c7f6dea\",\"rated\":\"Rated battle\"}\n>player p1 {\"name\":\"Lunarity123\",\"avatar\":\"170\",\"rating\":1944,\"seed\":\"sodium,a266217fefab7e5f0acf4a72e5e5f188\"}\n>player p2 {\"name\":\"rrrpppp\",\"avatar\":\"169\",\"rating\":1994,\"seed\":\"sodium,3464d915e863eadcdc6919dd205e8884\"}\n>p1 move spikes\n>p2 move hurricane\n>p1 switch 2\n>p2 move hurricane\n>p1 move thunderbolt\n>p2 move earthquake\n>p1 switch 6\n>p2 move earthquake\n>p1 move bravebird\n>p2 switch 3\n>p1 move bravebird\n>p2 switch 2\n>p1 switch 6\n>p2 move flareblitz\n>p1 move thunderbolt\n>p2 switch 2\n>p1 switch 6\n>p2 move shadowsneak\n>p1 move closecombat\n>p2 move shadowsneak\n>p1 move roost\n>p2 switch 2\n>p1 switch 6\n>p2 move headsmash\n>p1 move thunderbolt\n>p2 switch 2\n>p2 switch 3\n>p1 move thunderbolt\n>p2 move flamethrower\n>p1 switch 5\n>p1 move crunch\n>p2 switch 6\n>p1 switch 3\n>p2 move leechseed\n>p1 move kowtowcleave\n>p2 move substitute\n>p1 move kowtowcleave\n>p2 move leechseed\n>p1 move kowtowcleave\n>p2 switch 4\n>p1 switch 2\n>p2 move uturn\n>p2 switch 6\n>p1 move recover\n>p2 move flamethrower\n>p1 switch 3\n>p1 move psychicfangs\n>p2 switch 4\n>p2 switch 5\n>p1 switch 2\n>p2 move calmmind\n>p1 move swordsdance\n>p2 move calmmind terastallize\n>p1 move kowtowcleave\n>p2 move dracometeor\n>p2 switch 2\n>p1 move suckerpunch\n>p2 move extremespeed\n>p1 move kowtowcleave\n>p2 move extremespeed\n>p2 switch 6\n>p1 move suckerpunch\n>p2 move closecombat\n>p2 switch 4\n>p1 move suckerpunch\n>p2 move flamethrower", "uploadtime": 1781449238, "views": 4, "formatid": "gen9randombattle", "rating": null, "private": 0, "password": null}