{"id": "gen9randombattle-2631489810", "format": "[Gen 9] Random Battle", "players": ["equintero75", "Sebas.Hrin"], "log": "|j|\u2606equintero75\n|j|\u203dSebas.Hrin\n|t:|1781391581\n|gametype|singles\n|player|p1|equintero75|102|1033\n|player|p2|Sebas.Hrin|1|1000\n|gen|9\n|tier|[Gen 9] Random Battle\n|rated|\n|rule|Species Clause: Limit one of each Pok\u00e9mon\n|rule|HP Percentage Mod: HP is shown in percentages\n|rule|Sleep Clause Mod: Limit one foe put to sleep\n|rule|Illusion Level Mod: Illusion disguises the Pok\u00e9mon's true level\n|\n|t:|1781391581\n|teamsize|p1|6\n|teamsize|p2|6\n|start\n|switch|p1a: Swanna|Swanna, L89, F|278/278\n|switch|p2a: Thundurus|Thundurus, L80, M|258/258\n|turn|1\n|\n|t:|1781391607\n|switch|p1a: Duraludon|Duraludon, L82, M|249/249\n|move|p2a: Thundurus|Acrobatics|p1a: Duraludon\n|-resisted|p1a: Duraludon\n|-damage|p1a: Duraludon|215/249\n|\n|upkeep\n|turn|2\n|\n|t:|1781391642\n|switch|p2a: Delphox|Delphox, L84, F|263/263\n|move|p1a: Duraludon|Draco Meteor|p2a: Delphox\n|-damage|p2a: Delphox|136/263\n|-unboost|p1a: Duraludon|spa|2\n|\n|upkeep\n|turn|3\n|\n|t:|1781391655\n|move|p2a: Delphox|Fire Blast|p1a: Duraludon\n|-damage|p1a: Duraludon|19/249\n|move|p1a: Duraludon|Thunder Wave|p2a: Delphox\n|-status|p2a: Delphox|par\n|\n|upkeep\n|turn|4\n|\n|t:|1781391669\n|switch|p1a: Swanna|Swanna, L89, F|278/278\n|switch|p2a: Thundurus|Thundurus, L80, M|258/258\n|\n|upkeep\n|turn|5\n|\n|t:|1781391688\n|move|p1a: Swanna|Hydro Pump|p2a: Thundurus\n|-damage|p2a: Thundurus|129/258\n|move|p2a: Thundurus|Thunderbolt|p1a: Swanna\n|-supereffective|p1a: Swanna\n|-damage|p1a: Swanna|0 fnt\n|faint|p1a: Swanna\n|\n|upkeep\n|\n|t:|1781391703\n|switch|p1a: Duraludon|Duraludon, L82, M|19/249\n|turn|6\n|\n|t:|1781391720\n|move|p2a: Thundurus|Grass Knot|p1a: Duraludon\n|-resisted|p1a: Duraludon\n|-damage|p1a: Duraludon|11/249\n|move|p1a: Duraludon|Draco Meteor|p2a: Thundurus\n|-damage|p2a: Thundurus|0 fnt\n|-unboost|p1a: Duraludon|spa|2\n|faint|p2a: Thundurus\n|\n|upkeep\n|\n|t:|1781391729\n|switch|p2a: Delphox|Delphox, L84, F|136/263 par\n|turn|7\n|\n|t:|1781391742\n|switch|p1a: Sandy Shocks|Sandy Shocks, L80|267/267\n|move|p2a: Delphox|Fire Blast|p1a: Sandy Shocks\n|-damage|p1a: Sandy Shocks|48/267\n|\n|-heal|p1a: Sandy Shocks|64/267|[from] item: Leftovers\n|upkeep\n|turn|8\n|\n|t:|1781391771\n|move|p1a: Sandy Shocks|Earth Power|p2a: Delphox\n|-supereffective|p2a: Delphox\n|-damage|p2a: Delphox|0 fnt\n|faint|p2a: Delphox\n|\n|-heal|p1a: Sandy Shocks|80/267|[from] item: Leftovers\n|upkeep\n|\n|t:|1781391782\n|switch|p2a: Conkeldurr|Conkeldurr, L80, F|299/299\n|turn|9\n|\n|t:|1781391806\n|move|p1a: Sandy Shocks|Thunder Wave|p2a: Conkeldurr\n|-status|p2a: Conkeldurr|par\n|move|p2a: Conkeldurr|Close Combat|p1a: Sandy Shocks\n|-damage|p1a: Sandy Shocks|0 fnt\n|-unboost|p2a: Conkeldurr|def|1\n|-unboost|p2a: Conkeldurr|spd|1\n|faint|p1a: Sandy Shocks\n|-end|p1a: Sandy Shocks|Protosynthesis|[silent]\n|\n|upkeep\n|\n|t:|1781391815\n|switch|p1a: Duraludon|Duraludon, L82, M|11/249\n|turn|10\n|\n|t:|1781391822\n|move|p2a: Conkeldurr|Mach Punch|p1a: Duraludon\n|-supereffective|p1a: Duraludon\n|-damage|p1a: Duraludon|0 fnt\n|faint|p1a: Duraludon\n|\n|upkeep\n|\n|t:|1781391831\n|switch|p1a: Zarude|Zarude-Dada, L77|288/288\n|turn|11\n|\n|t:|1781391843\n|move|p1a: Zarude|Swords Dance|p1a: Zarude\n|-boost|p1a: Zarude|atk|2\n|move|p2a: Conkeldurr|Close Combat|p1a: Zarude\n|-supereffective|p1a: Zarude\n|-damage|p1a: Zarude|0 fnt\n|-unboost|p2a: Conkeldurr|def|1\n|-unboost|p2a: Conkeldurr|spd|1\n|faint|p1a: Zarude\n|\n|upkeep\n|\n|t:|1781391852\n|switch|p1a: Rillaboom|Rillaboom, L79, F|288/288\n|-fieldstart|move: Grassy Terrain|[from] ability: Grassy Surge|[of] p1a: Rillaboom\n|turn|12\n|\n|t:|1781391871\n|move|p1a: Rillaboom|High Horsepower|p2a: Conkeldurr\n|-damage|p2a: Conkeldurr|91/299 par\n|cant|p2a: Conkeldurr|par\n|\n|-heal|p2a: Conkeldurr|109/299 par|[from] Grassy Terrain\n|upkeep\n|turn|13\n|\n|t:|1781391886\n|move|p1a: Rillaboom|High Horsepower|p2a: Conkeldurr\n|-damage|p2a: Conkeldurr|0 fnt\n|faint|p2a: Conkeldurr\n|\n|upkeep\n|\n|t:|1781391901\n|switch|p2a: Toucannon|Toucannon, L88, F|284/284\n|turn|14\n|\n|t:|1781391924\n|switch|p1a: Froslass|Froslass, L87, F|263/263\n|-singleturn|p2a: Toucannon|move: Beak Blast\n|move|p2a: Toucannon|Beak Blast|p1a: Froslass\n|-crit|p1a: Froslass\n|-damage|p1a: Froslass|35/263\n|-start|p2a: Toucannon|Disable|Beak Blast|[from] ability: Cursed Body|[of] p1a: Froslass\n|\n|-heal|p1a: Froslass|51/263|[from] Grassy Terrain\n|upkeep\n|turn|15\n|\n|t:|1781391955\n|switch|p2a: Persian|Persian, L92, M|269/269\n|move|p1a: Froslass|Triple Axel|p2a: Persian\n|-damage|p2a: Persian|245/269\n|-damage|p2a: Persian|197/269\n|-damage|p2a: Persian|131/269\n|-hitcount|p2a: Persian|3\n|\n|-heal|p2a: Persian|147/269|[from] Grassy Terrain\n|-heal|p1a: Froslass|67/263|[from] Grassy Terrain\n|upkeep\n|turn|16\n|\n|t:|1781391988\n|switch|p1a: Rillaboom|Rillaboom, L79, F|288/288\n|move|p2a: Persian|Knock Off|p1a: Rillaboom\n|-damage|p1a: Rillaboom|193/288\n|-enditem|p1a: Rillaboom|Choice Band|[from] move: Knock Off|[of] p2a: Persian\n|\n|-heal|p2a: Persian|163/269|[from] Grassy Terrain\n|-heal|p1a: Rillaboom|211/288|[from] Grassy Terrain\n|-fieldend|move: Grassy Terrain\n|upkeep\n|turn|17\n|\n|t:|1781392020\n|switch|p2a: Serperior|Serperior, L79, M|248/248\n|move|p1a: Rillaboom|Wood Hammer|p2a: Serperior\n|-resisted|p2a: Serperior\n|-damage|p2a: Serperior|179/248\n|-damage|p1a: Rillaboom|188/288|[from] Recoil\n|\n|upkeep\n|turn|18\n|\n|t:|1781392036\n|move|p2a: Serperior|Glare|p1a: Rillaboom\n|-status|p1a: Rillaboom|par\n|move|p1a: Rillaboom|U-turn|p2a: Serperior\n|-supereffective|p2a: Serperior\n|-damage|p2a: Serperior|77/248\n|\n|t:|1781392042\n|switch|p1a: Froslass|Froslass, L87, F|67/263|[from] U-turn\n|\n|upkeep\n|turn|19\n|\n|t:|1781392056\n|move|p1a: Froslass|Triple Axel|p2a: Serperior\n|-supereffective|p2a: Serperior\n|-damage|p2a: Serperior|35/248\n|-supereffective|p2a: Serperior\n|-damage|p2a: Serperior|0 fnt\n|faint|p2a: Serperior\n|-hitcount|p2: Serperior|2\n|\n|upkeep\n|\n|t:|1781392076\n|switch|p2a: Persian|Persian, L92, M|163/269\n|turn|20\n|\n|t:|1781392096\n|switch|p1a: Rillaboom|Rillaboom, L79, F|188/288 par\n|-fieldstart|move: Grassy Terrain|[from] ability: Grassy Surge|[of] p1a: Rillaboom\n|move|p2a: Persian|Knock Off|p1a: Rillaboom\n|-damage|p1a: Rillaboom|124/288 par\n|\n|-heal|p2a: Persian|179/269|[from] Grassy Terrain\n|-heal|p1a: Rillaboom|142/288 par|[from] Grassy Terrain\n|upkeep\n|turn|21\n|\n|t:|1781392116\n|switch|p2a: Toucannon|Toucannon, L88, F|284/284\n|move|p1a: Rillaboom|Wood Hammer|p2a: Toucannon\n|-resisted|p2a: Toucannon\n|-damage|p2a: Toucannon|189/284\n|-damage|p1a: Rillaboom|111/288 par|[from] Recoil\n|\n|-heal|p1a: Rillaboom|129/288 par|[from] Grassy Terrain\n|upkeep\n|turn|22\n|\n|t:|1781392149\n|-terastallize|p2a: Toucannon|Steel\n|-singleturn|p2a: Toucannon|move: Beak Blast\n|move|p1a: Rillaboom|U-turn|p2a: Toucannon\n|-resisted|p2a: Toucannon\n|-damage|p2a: Toucannon|162/284\n|\n|t:|1781392154\n|switch|p1a: Froslass|Froslass, L87, F|67/263|[from] U-turn\n|move|p2a: Toucannon|Beak Blast|p1a: Froslass\n|-damage|p1a: Froslass|0 fnt\n|faint|p1a: Froslass\n|\n|-heal|p2a: Toucannon|179/284|[from] Grassy Terrain\n|upkeep\n|\n|t:|1781392162\n|switch|p1a: Rillaboom|Rillaboom, L79, F|129/288 par\n|turn|23\n|\n|t:|1781392174\n|-singleturn|p2a: Toucannon|move: Beak Blast\n|cant|p1a: Rillaboom|par\n|move|p2a: Toucannon|Beak Blast|p1a: Rillaboom\n|-supereffective|p1a: Rillaboom\n|-damage|p1a: Rillaboom|0 fnt\n|faint|p1a: Rillaboom\n|\n|win|Sebas.Hrin\n|raw|equintero75's rating: 1033 &rarr; <strong>1017</strong><br />(-16 for losing)\n|raw|Sebas.Hrin's rating: 1000 &rarr; <strong>1044</strong><br />(+44 for winning)\n|l|\u2606equintero75\n|player|p1|\n", "inputlog": ">version a8376a258c1d4662feba110a92103f3664a72141\n>start {\"formatid\":\"gen9randombattle\",\"seed\":\"sodium,ed64a9c602229c37f17b3af257cb1071\",\"rated\":\"Rated battle\"}\n>player p1 {\"name\":\"equintero75\",\"avatar\":\"102\",\"rating\":1033,\"seed\":\"sodium,914c7bfb185351ff80fa23fb4aa008cd\"}\n>player p2 {\"name\":\"Sebas.Hrin\",\"avatar\":\"1\",\"rating\":1000,\"seed\":\"sodium,40aac095ec9525fb06dfef3c68325346\"}\n>p1 switch 6\n>p2 move acrobatics\n>p1 move dracometeor\n>p2 switch 6\n>p1 move thunderwave\n>p2 move fireblast\n>p1 switch 6\n>p2 switch 6\n>p1 move hydropump\n>p2 move thunderbolt\n>p1 switch 6\n>p1 move dracometeor\n>p2 move grassknot\n>p2 switch 6\n>p1 switch 4\n>p2 move fireblast\n>p1 move earthpower\n>p2 move fireblast\n>p2 switch 4\n>p1 move thunderwave\n>p2 move closecombat\n>p1 switch 4\n>p1 move dracometeor\n>p2 move machpunch\n>p1 switch 2\n>p1 move swordsdance\n>p2 move closecombat\n>p1 switch 3\n>p1 move highhorsepower\n>p2 move facade\n>p1 move highhorsepower\n>p2 move facade\n>p2 switch 3\n>p1 switch 5\n>p2 move beakblast\n>p1 move tripleaxel\n>p2 switch 5\n>p1 switch 5\n>p2 move knockoff\n>p1 move woodhammer\n>p2 switch 2\n>p1 move uturn\n>p2 move glare\n>p1 switch 5\n>p1 move tripleaxel\n>p2 move glare\n>p2 switch 2\n>p1 switch 5\n>p2 move knockoff\n>p1 move woodhammer\n>p2 switch 5\n>p1 move uturn\n>p2 move beakblast terastallize\n>p1 switch 5\n>p1 switch 5\n>p1 move highhorsepower\n>p2 move beakblast", "uploadtime": 1781392193, "views": 11, "formatid": "gen9randombattle", "rating": 1017, "private": 0, "password": null}