{"id": "gen9randombattle-2631967138", "format": "[Gen 9] Random Battle", "players": ["Jacob Levinson", "PrimalRazz"], "log": "|j|\u2606Jacob Levinson\n|j|\u2606PrimalRazz\n|t:|1781460863\n|gametype|singles\n|player|p1|Jacob Levinson|170|2003\n|player|p2|PrimalRazz|scientist|1922\n|gen|9\n|tier|[Gen 9] Random Battle\n|rated|\n|rule|Species Clause: Limit one of each Pok\u00e9mon\n|rule|HP Percentage Mod: HP is shown in percentages\n|rule|Sleep Clause Mod: Limit one foe put to sleep\n|rule|Illusion Level Mod: Illusion disguises the Pok\u00e9mon's true level\n|\n|t:|1781460863\n|teamsize|p1|6\n|teamsize|p2|6\n|start\n|switch|p1a: Reshiram|Reshiram, L76|277/277\n|switch|p2a: Vivillon|Vivillon-Savanna, L83, M|268/268\n|-ability|p1a: Reshiram|Turboblaze\n|turn|1\n|\n|t:|1781460883\n|switch|p2a: Noctowl|Noctowl, L95, F|344/344\n|move|p1a: Reshiram|Blue Flare|p2a: Noctowl\n|-damage|p2a: Noctowl|199/344\n|\n|upkeep\n|turn|2\n|inactive|Battle timer is ON: inactive players will automatically lose when time's up. (requested by PrimalRazz)\n|\n|t:|1781460891\n|switch|p1a: Luxray|Luxray, L88, F|284/284\n|-ability|p1a: Luxray|Intimidate|boost\n|-unboost|p2a: Noctowl|atk|1\n|move|p2a: Noctowl|Roost|p2a: Noctowl\n|-heal|p2a: Noctowl|344/344\n|-singleturn|p2a: Noctowl|move: Roost\n|\n|upkeep\n|turn|3\n|\n|t:|1781460899\n|switch|p2a: Sableye|Sableye, L88, F|231/231\n|move|p1a: Luxray|Volt Switch|p2a: Sableye\n|-damage|p2a: Sableye|137/231\n|\n|t:|1781460913\n|switch|p1a: Reshiram|Reshiram, L76|277/277|[from] Volt Switch\n|-ability|p1a: Reshiram|Turboblaze\n|\n|-heal|p2a: Sableye|151/231|[from] item: Leftovers\n|upkeep\n|turn|4\n|\n|t:|1781460920\n|move|p2a: Sableye|Recover|p2a: Sableye\n|-heal|p2a: Sableye|231/231\n|move|p1a: Reshiram|Blue Flare|p2a: Sableye|[miss]\n|-miss|p1a: Reshiram|p2a: Sableye\n|\n|upkeep\n|turn|5\n|\n|t:|1781460924\n|move|p1a: Reshiram|Blue Flare|p2a: Sableye\n|-damage|p2a: Sableye|48/231\n|-status|p2a: Sableye|brn\n|move|p2a: Sableye|Knock Off|p1a: Reshiram\n|-damage|p1a: Reshiram|234/277\n|-enditem|p1a: Reshiram|Heavy-Duty Boots|[from] move: Knock Off|[of] p2a: Sableye\n|\n|-heal|p2a: Sableye|62/231 brn|[from] item: Leftovers\n|-damage|p2a: Sableye|48/231 brn|[from] brn\n|upkeep\n|turn|6\n|\n|t:|1781460942\n|move|p2a: Sableye|Encore|p1a: Reshiram\n|-start|p1a: Reshiram|Encore\n|move|p1a: Reshiram|Blue Flare|p2a: Sableye\n|-damage|p2a: Sableye|0 fnt\n|faint|p2a: Sableye\n|\n|upkeep\n|\n|t:|1781460950\n|switch|p2a: Noctowl|Noctowl, L95, F|344/344\n|turn|7\n|\n|t:|1781460961\n|switch|p1a: Luxray|Luxray, L88, F|284/284\n|-ability|p1a: Luxray|Intimidate|boost\n|-unboost|p2a: Noctowl|atk|1\n|move|p2a: Noctowl|Hyper Voice|p1a: Luxray\n|-crit|p1a: Luxray\n|-damage|p1a: Luxray|161/284\n|\n|upkeep\n|turn|8\n|\n|t:|1781460973\n|move|p2a: Noctowl|Nasty Plot|p2a: Noctowl\n|-boost|p2a: Noctowl|spa|2\n|move|p1a: Luxray|Wild Charge|p2a: Noctowl\n|-supereffective|p2a: Noctowl\n|-damage|p2a: Noctowl|44/344\n|-damage|p1a: Luxray|86/284|[from] Recoil\n|\n|upkeep\n|turn|9\n|\n|t:|1781460980\n|move|p2a: Noctowl|Roost|p2a: Noctowl\n|-heal|p2a: Noctowl|216/344\n|-singleturn|p2a: Noctowl|move: Roost\n|move|p1a: Luxray|Volt Switch|p2a: Noctowl\n|-damage|p2a: Noctowl|152/344\n|\n|t:|1781460987\n|switch|p1a: Dragapult|Dragapult, L77, F|262/262|[from] Volt Switch\n|\n|upkeep\n|turn|10\n|\n|t:|1781461001\n|move|p1a: Dragapult|Draco Meteor|p2a: Noctowl|[miss]\n|-miss|p1a: Dragapult|p2a: Noctowl\n|move|p2a: Noctowl|Hurricane|p1a: Dragapult\n|-damage|p1a: Dragapult|0 fnt\n|faint|p1a: Dragapult\n|\n|upkeep\n|c|\u2606Jacob Levinson|wtf is this game :sob:\n|\n|t:|1781461018\n|switch|p1a: Necrozma|Necrozma-Dusk-Mane, L69|248/248\n|turn|11\n|\n|t:|1781461025\n|move|p2a: Noctowl|Hyper Voice|p1a: Necrozma\n|-resisted|p1a: Necrozma\n|-damage|p1a: Necrozma|26/248\n|move|p1a: Necrozma|Dragon Dance|p1a: Necrozma\n|-boost|p1a: Necrozma|atk|1\n|-boost|p1a: Necrozma|spe|1\n|\n|upkeep\n|turn|12\n|\n|t:|1781461030\n|move|p1a: Necrozma|Sunsteel Strike|p2a: Noctowl\n|-damage|p2a: Noctowl|0 fnt\n|faint|p2a: Noctowl\n|\n|upkeep\n|inactive|PrimalRazz has 120 seconds left.\n|\n|t:|1781461078\n|switch|p2a: Cinccino|Cinccino, L83, M|260/260\n|turn|13\n|\n|t:|1781461088\n|move|p2a: Cinccino|Bullet Seed|p1a: Necrozma\n|-resisted|p1a: Necrozma\n|-damage|p1a: Necrozma|14/248\n|-resisted|p1a: Necrozma\n|-damage|p1a: Necrozma|2/248\n|-resisted|p1a: Necrozma\n|-damage|p1a: Necrozma|0 fnt\n|faint|p1a: Necrozma\n|-hitcount|p1: Necrozma|3\n|\n|upkeep\n|\n|t:|1781461092\n|switch|p1a: Hariyama|Hariyama, L87, M|392/392\n|turn|14\n|inactive|PrimalRazz has 120 seconds left.\n|\n|t:|1781461100\n|move|p2a: Cinccino|U-turn|p1a: Hariyama\n|-resisted|p1a: Hariyama\n|-damage|p1a: Hariyama|360/392\n|\n|t:|1781461103\n|switch|p2a: Vivillon|Vivillon-Savanna, L83, M|268/268|[from] U-turn\n|move|p1a: Hariyama|Stone Edge|p2a: Vivillon\n|-supereffective|p2a: Vivillon\n|-damage|p2a: Vivillon|0 fnt\n|faint|p2a: Vivillon\n|\n|upkeep\n|inactive|PrimalRazz has 120 seconds left.\n|\n|t:|1781461138\n|switch|p2a: Cinccino|Cinccino, L83, M|260/260\n|turn|15\n|\n|t:|1781461142\n|move|p2a: Cinccino|Tail Slap|p1a: Hariyama\n|-damage|p1a: Hariyama|314/392\n|-damage|p1a: Hariyama|263/392\n|-damage|p1a: Hariyama|212/392\n|-damage|p1a: Hariyama|166/392\n|-hitcount|p1a: Hariyama|4\n|move|p1a: Hariyama|Close Combat|p2a: Cinccino\n|-supereffective|p2a: Cinccino\n|-damage|p2a: Cinccino|0 fnt\n|-unboost|p1a: Hariyama|def|1\n|-unboost|p1a: Hariyama|spd|1\n|faint|p2a: Cinccino\n|\n|upkeep\n|\n|t:|1781461160\n|switch|p2a: Latias|Latias, L79, F|256/256\n|turn|16\n|\n|t:|1781461165\n|move|p2a: Latias|Psyshock|p1a: Hariyama\n|-supereffective|p1a: Hariyama\n|-damage|p1a: Hariyama|0 fnt\n|faint|p1a: Hariyama\n|\n|upkeep\n|\n|t:|1781461174\n|switch|p1a: Luxray|Luxray, L88, F|86/284\n|-ability|p1a: Luxray|Intimidate|boost\n|-unboost|p2a: Latias|atk|1\n|turn|17\n|inactive|PrimalRazz has 120 seconds left.\n|\n|t:|1781461181\n|move|p2a: Latias|Psyshock|p1a: Luxray\n|-damage|p1a: Luxray|0 fnt\n|faint|p1a: Luxray\n|\n|upkeep\n|\n|t:|1781461184\n|switch|p1a: Reshiram|Reshiram, L76|234/277\n|-ability|p1a: Reshiram|Turboblaze\n|turn|18\n|\n|t:|1781461191\n|-terastallize|p1a: Reshiram|Fire\n|move|p2a: Latias|Draco Meteor|p1a: Reshiram\n|-damage|p1a: Reshiram|87/277\n|-unboost|p2a: Latias|spa|2\n|move|p1a: Reshiram|Draco Meteor|p2a: Latias\n|-supereffective|p2a: Latias\n|-damage|p2a: Latias|0 fnt\n|-unboost|p1a: Reshiram|spa|2\n|faint|p2a: Latias\n|\n|upkeep\n|\n|t:|1781461199\n|switch|p2a: Gholdengo|Gholdengo, L77|261/261\n|turn|19\n|\n|t:|1781461207\n|move|p2a: Gholdengo|Shadow Ball|p1a: Reshiram\n|-damage|p1a: Reshiram|9/277\n|move|p1a: Reshiram|Blue Flare|p2a: Gholdengo\n|-supereffective|p2a: Gholdengo\n|-damage|p2a: Gholdengo|45/261\n|\n|upkeep\n|turn|20\n|\n|t:|1781461210\n|move|p2a: Gholdengo|Shadow Ball|p1a: Reshiram\n|-damage|p1a: Reshiram|0 fnt\n|faint|p1a: Reshiram\n|\n|upkeep\n|\n|t:|1781461212\n|switch|p1a: Decidueye|Decidueye-Hisui, L87, M|295/295\n|turn|21\n|\n|t:|1781461215\n|move|p2a: Gholdengo|Shadow Ball|p1a: Decidueye\n|-damage|p1a: Decidueye|216/295\n|-unboost|p1a: Decidueye|spd|1\n|move|p1a: Decidueye|Triple Arrows|p2a: Gholdengo\n|-supereffective|p2a: Gholdengo\n|-damage|p2a: Gholdengo|0 fnt\n|faint|p2a: Gholdengo\n|\n|win|Jacob Levinson\n|raw|Jacob Levinson's rating: 2003 &rarr; <strong>2018</strong><br />(+15 for winning)\n|raw|PrimalRazz's rating: 1922 &rarr; <strong>1907</strong><br />(-15 for losing)\n", "inputlog": ">version a8376a258c1d4662feba110a92103f3664a72141\n>start {\"formatid\":\"gen9randombattle\",\"seed\":\"sodium,a0fc74a8ea49728acfec0fad3c78781b\",\"rated\":\"Rated battle\"}\n>player p1 {\"name\":\"Jacob Levinson\",\"avatar\":\"170\",\"rating\":2003,\"seed\":\"sodium,f8a51da1f183a198b789f33afa93aaaa\"}\n>player p2 {\"name\":\"PrimalRazz\",\"avatar\":\"scientist\",\"rating\":1922,\"seed\":\"sodium,0c85104746e99ab233271717667afc34\"}\n>p1 move blueflare\n>p2 switch 5\n>p1 switch 4\n>p2 move roost\n>p1 move voltswitch\n>p2 switch 2\n>p1 switch 4\n>p1 move blueflare\n>p2 move recover\n>p1 move blueflare\n>p2 move knockoff\n>p1 move blueflare\n>p2 move encore\n>p2 switch 2\n>p1 switch 4\n>p2 move hypervoice\n>p1 move wildcharge\n>p2 move nastyplot\n>p1 move voltswitch\n>p2 move roost\n>p1 switch 2\n>p1 move dracometeor\n>p2 move hurricane\n>chat \u2606Jacob Levinson|wtf is this game :sob:\n>p1 switch 3\n>p1 move dragondance\n>p2 move hypervoice\n>p1 move sunsteelstrike\n>p2 move hypervoice\n>p2 switch 4\n>p1 move sunsteelstrike\n>p2 move bulletseed\n>p1 switch 6\n>p1 move stoneedge\n>p2 move uturn\n>p2 switch 5\n>p2 switch 5\n>p1 move closecombat\n>p2 move tailslap\n>p2 switch 6\n>p1 move knockoff\n>p2 move psyshock\n>p1 switch 2\n>p1 move playrough\n>p2 move psyshock\n>p1 switch 4\n>p1 move dracometeor terastallize\n>p2 move dracometeor\n>p2 switch 3\n>p1 move blueflare\n>p2 move shadowball\n>p1 move earthpower\n>p2 move shadowball\n>p1 switch 5\n>p1 move triplearrows\n>p2 move shadowball", "uploadtime": 1781460865, "views": 6, "formatid": "gen9randombattle", "rating": 1907, "private": 0, "password": null}