{"id": "gen9randombattle-2631455857", "format": "[Gen 9] Random Battle", "players": ["xdxdxd333", "3kzzzzzzzz"], "log": "|j|\u2606xdxdxd333\n|j|\u26063kzzzzzzzz\n|t:|1781386841\n|gametype|singles\n|player|p1|xdxdxd333|1|2131\n|player|p2|3kzzzzzzzz|janitor|2324\n|gen|9\n|tier|[Gen 9] Random Battle\n|rated|\n|rule|Species Clause: Limit one of each Pok\u00e9mon\n|rule|HP Percentage Mod: HP is shown in percentages\n|rule|Sleep Clause Mod: Limit one foe put to sleep\n|rule|Illusion Level Mod: Illusion disguises the Pok\u00e9mon's true level\n|\n|t:|1781386841\n|teamsize|p1|6\n|teamsize|p2|6\n|start\n|switch|p1a: Hitmonlee|Hitmonlee, L85, M|224/224\n|switch|p2a: Rabsca|Rabsca, L91, M|284/284\n|turn|1\n|inactive|Battle timer is ON: inactive players will automatically lose when time's up. (requested by xdxdxd333)\n|\n|t:|1781386868\n|move|p1a: Hitmonlee|Knock Off|p2a: Rabsca\n|-supereffective|p2a: Rabsca\n|-damage|p2a: Rabsca|128/284\n|-enditem|p2a: Rabsca|Heavy-Duty Boots|[from] move: Knock Off|[of] p1a: Hitmonlee\n|move|p2a: Rabsca|Psychic|p1a: Hitmonlee\n|-supereffective|p1a: Hitmonlee\n|-damage|p1a: Hitmonlee|20/224\n|\n|upkeep\n|turn|2\n|\n|t:|1781386873\n|move|p1a: Hitmonlee|Stone Edge|p2a: Rabsca|[miss]\n|-miss|p1a: Hitmonlee|p2a: Rabsca\n|move|p2a: Rabsca|Bug Buzz|p1a: Hitmonlee\n|-resisted|p1a: Hitmonlee\n|-damage|p1a: Hitmonlee|0 fnt\n|faint|p1a: Hitmonlee\n|\n|upkeep\n|\n|t:|1781386893\n|switch|p1a: Rillaboom|Rillaboom, L79, M|288/288\n|-fieldstart|move: Grassy Terrain|[from] ability: Grassy Surge|[of] p1a: Rillaboom\n|turn|3\n|\n|t:|1781386902\n|move|p1a: Rillaboom|Knock Off|p2a: Rabsca\n|-supereffective|p2a: Rabsca\n|-damage|p2a: Rabsca|0 fnt\n|faint|p2a: Rabsca\n|\n|upkeep\n|\n|t:|1781386914\n|switch|p2a: Farigiraf|Farigiraf, L90, F|362/362\n|turn|4\n|\n|t:|1781386922\n|switch|p1a: Palossand|Palossand, L89, M|296/296\n|move|p2a: Farigiraf|Body Slam|p1a: Palossand\n|-immune|p1a: Palossand\n|\n|upkeep\n|turn|5\n|\n|t:|1781386933\n|move|p2a: Farigiraf|Psychic Noise|p1a: Palossand\n|-damage|p1a: Palossand|178/296\n|-start|p1a: Palossand|move: Heal Block\n|move|p1a: Palossand|Stealth Rock|p2a: Farigiraf\n|-sidestart|p2: 3kzzzzzzzz|move: Stealth Rock\n|\n|upkeep\n|turn|6\n|\n|t:|1781386946\n|switch|p1a: Slowbro|Slowbro-Galar, L87, F|307/307\n|move|p2a: Farigiraf|Psychic Noise|p1a: Slowbro\n|-damage|p1a: Slowbro|234/307\n|-start|p1a: Slowbro|move: Heal Block\n|\n|upkeep\n|turn|7\n|\n|t:|1781386958\n|move|p2a: Farigiraf|Body Slam|p1a: Slowbro\n|-damage|p1a: Slowbro|140/307\n|move|p1a: Slowbro|Shell Side Arm|p2a: Farigiraf|[anim] Shell Side Arm Special\n|-damage|p2a: Farigiraf|256/362\n|-hint|Special Shell Side Arm\n|\n|-heal|p2a: Farigiraf|278/362|[from] Grassy Terrain\n|-heal|p2a: Farigiraf|300/362|[from] item: Leftovers\n|-end|p1a: Slowbro|move: Heal Block\n|-fieldend|move: Grassy Terrain\n|upkeep\n|turn|8\n|\n|t:|1781386976\n|switch|p1a: Dedenne|Dedenne, L88, F|261/261\n|move|p2a: Farigiraf|Psychic Noise|p1a: Dedenne\n|-damage|p1a: Dedenne|140/261\n|-start|p1a: Dedenne|move: Heal Block\n|\n|-heal|p2a: Farigiraf|322/362|[from] item: Leftovers\n|upkeep\n|turn|9\n|\n|t:|1781386984\n|move|p1a: Dedenne|Nuzzle|p2a: Farigiraf\n|-damage|p2a: Farigiraf|303/362\n|-status|p2a: Farigiraf|par\n|cant|p2a: Farigiraf|par\n|\n|-heal|p2a: Farigiraf|325/362 par|[from] item: Leftovers\n|-end|p1a: Dedenne|move: Heal Block\n|upkeep\n|turn|10\n|\n|t:|1781387004\n|move|p1a: Dedenne|Super Fang|p2a: Farigiraf|[miss]\n|-miss|p1a: Dedenne|p2a: Farigiraf\n|move|p2a: Farigiraf|Psychic Noise|p1a: Dedenne\n|-damage|p1a: Dedenne|19/261\n|-start|p1a: Dedenne|move: Heal Block\n|\n|-heal|p2a: Farigiraf|347/362 par|[from] item: Leftovers\n|upkeep\n|turn|11\n|j| fred murderer\n|\n|t:|1781387015\n|switch|p1a: Palossand|Palossand, L89, M|178/296\n|move|p2a: Farigiraf|Body Slam|p1a: Palossand\n|-immune|p1a: Palossand\n|\n|-heal|p1a: Palossand|196/296|[from] item: Leftovers\n|-heal|p2a: Farigiraf|362/362 par|[from] item: Leftovers\n|upkeep\n|turn|12\n|\n|t:|1781387024\n|move|p1a: Palossand|Shore Up|p1a: Palossand\n|-heal|p1a: Palossand|296/296\n|move|p2a: Farigiraf|Psychic Noise|p1a: Palossand\n|-damage|p1a: Palossand|187/296\n|-start|p1a: Palossand|move: Heal Block\n|\n|upkeep\n|turn|13\n|\n|t:|1781387034\n|move|p1a: Palossand|Earth Power|p2a: Farigiraf\n|-damage|p2a: Farigiraf|247/362 par\n|move|p2a: Farigiraf|Wish|p2a: Farigiraf\n|\n|-heal|p2a: Farigiraf|269/362 par|[from] item: Leftovers\n|-end|p1a: Palossand|move: Heal Block\n|upkeep\n|turn|14\n|\n|t:|1781387048\n|switch|p2a: Iron Valiant|Iron Valiant, L78|244/244\n|-damage|p2a: Iron Valiant|229/244|[from] Stealth Rock\n|move|p1a: Palossand|Earth Power|p2a: Iron Valiant\n|-damage|p2a: Iron Valiant|67/244\n|\n|-heal|p2a: Iron Valiant|244/244|[from] move: Wish|[wisher] Farigiraf\n|-heal|p1a: Palossand|205/296|[from] item: Leftovers\n|upkeep\n|turn|15\n|l| fred murderer\n|\n|t:|1781387068\n|move|p2a: Iron Valiant|Knock Off|p1a: Palossand\n|-supereffective|p1a: Palossand\n|-damage|p1a: Palossand|39/296\n|-enditem|p1a: Palossand|Leftovers|[from] move: Knock Off|[of] p2a: Iron Valiant\n|-damage|p2a: Iron Valiant|220/244|[from] item: Life Orb\n|move|p1a: Palossand|Shore Up|p1a: Palossand\n|-heal|p1a: Palossand|187/296\n|\n|upkeep\n|turn|16\n|\n|t:|1781387081\n|move|p2a: Iron Valiant|Swords Dance|p2a: Iron Valiant\n|-boost|p2a: Iron Valiant|atk|2\n|move|p1a: Palossand|Earth Power|p2a: Iron Valiant\n|-damage|p2a: Iron Valiant|60/244\n|\n|upkeep\n|turn|17\n|\n|t:|1781387089\n|move|p2a: Iron Valiant|Knock Off|p1a: Palossand\n|-supereffective|p1a: Palossand\n|-damage|p1a: Palossand|0 fnt\n|faint|p1a: Palossand\n|-damage|p2a: Iron Valiant|36/244|[from] item: Life Orb\n|\n|upkeep\n|\n|t:|1781387105\n|switch|p1a: Dedenne|Dedenne, L88, F|19/261\n|-enditem|p1a: Dedenne|Sitrus Berry|[eat]\n|-heal|p1a: Dedenne|84/261|[from] item: Sitrus Berry\n|-heal|p1a: Dedenne|171/261|[from] ability: Cheek Pouch\n|turn|18\n|\n|t:|1781387112\n|-end|p2a: Iron Valiant|Quark Drive|[silent]\n|switch|p2a: Farigiraf|Farigiraf, L90, F|269/362 par\n|-damage|p2a: Farigiraf|224/362 par|[from] Stealth Rock\n|move|p1a: Dedenne|Thunderbolt|p2a: Farigiraf\n|-damage|p2a: Farigiraf|125/362 par\n|\n|-heal|p2a: Farigiraf|147/362 par|[from] item: Leftovers\n|upkeep\n|turn|19\n|\n|t:|1781387116\n|move|p1a: Dedenne|Thunderbolt|p2a: Farigiraf\n|-damage|p2a: Farigiraf|44/362 par\n|move|p2a: Farigiraf|Wish|p2a: Farigiraf\n|\n|-heal|p2a: Farigiraf|66/362 par|[from] item: Leftovers\n|upkeep\n|turn|20\n|\n|t:|1781387121\n|cant|p2a: Farigiraf|par\n|move|p1a: Dedenne|Thunderbolt|p2a: Farigiraf\n|-damage|p2a: Farigiraf|0 fnt\n|faint|p2a: Farigiraf\n|\n|upkeep\n|\n|t:|1781387137\n|switch|p2a: Glimmora|Glimmora, L75, F|248/248\n|-damage|p2a: Glimmora|217/248|[from] Stealth Rock\n|turn|21\n|\n|t:|1781387148\n|move|p1a: Dedenne|Nuzzle|p2a: Glimmora\n|-damage|p2a: Glimmora|199/248\n|-status|p2a: Glimmora|par\n|-activate|p2a: Glimmora|ability: Toxic Debris\n|-sidestart|p1: xdxdxd333|move: Toxic Spikes\n|move|p2a: Glimmora|Sludge Wave|p1a: Dedenne\n|-supereffective|p1a: Dedenne\n|-damage|p1a: Dedenne|0 fnt\n|faint|p1a: Dedenne\n|\n|upkeep\n|\n|t:|1781387151\n|switch|p1a: Slowbro|Slowbro-Galar, L87, F|242/307\n|-sideend|p1: xdxdxd333|move: Toxic Spikes|[of] p1a: Slowbro\n|turn|22\n|\n|t:|1781387159\n|move|p1a: Slowbro|Psychic|p2a: Glimmora\n|-supereffective|p2a: Glimmora\n|-damage|p2a: Glimmora|0 fnt\n|faint|p2a: Glimmora\n|\n|upkeep\n|\n|t:|1781387162\n|switch|p2a: Iron Valiant|Iron Valiant, L78|36/244\n|-damage|p2a: Iron Valiant|21/244|[from] Stealth Rock\n|turn|23\n|\n|t:|1781387177\n|move|p2a: Iron Valiant|Knock Off|p1a: Slowbro\n|-supereffective|p1a: Slowbro\n|-damage|p1a: Slowbro|55/307\n|-enditem|p1a: Slowbro|Assault Vest|[from] move: Knock Off|[of] p2a: Iron Valiant\n|-damage|p2a: Iron Valiant|0 fnt|[from] item: Life Orb\n|faint|p2a: Iron Valiant\n|-end|p2a: Iron Valiant|Quark Drive|[silent]\n|move|p1a: Slowbro|Earthquake|p2: Iron Valiant|[notarget]\n|-fail|p1a: Slowbro\n|\n|upkeep\n|\n|t:|1781387180\n|switch|p2a: Terapagos|Terapagos, L77, F|265/265\n|-activate|p2a: Terapagos|ability: Tera Shift\n|detailschange|p2a: Terapagos|Terapagos-Terastal, L77, F\n|-heal|p2a: Terapagos|273/273|[silent]\n|-damage|p2a: Terapagos|239/273|[from] Stealth Rock\n|turn|24\n|\n|t:|1781387184\n|move|p2a: Terapagos|Dark Pulse|p1a: Slowbro\n|-supereffective|p1a: Slowbro\n|-damage|p1a: Slowbro|0 fnt\n|faint|p1a: Slowbro\n|\n|upkeep\n|\n|t:|1781387194\n|switch|p1a: Rillaboom|Rillaboom, L79, M|288/288\n|-fieldstart|move: Grassy Terrain|[from] ability: Grassy Surge|[of] p1a: Rillaboom\n|turn|25\n|\n|t:|1781387200\n|-terastallize|p1a: Rillaboom|Grass\n|move|p1a: Rillaboom|Wood Hammer|p2a: Terapagos\n|-damage|p2a: Terapagos|0 fnt\n|faint|p2a: Terapagos\n|-damage|p1a: Rillaboom|209/288|[from] Recoil\n|\n|-heal|p1a: Rillaboom|227/288|[from] Grassy Terrain\n|upkeep\n|\n|t:|1781387204\n|switch|p2a: Arceus|Arceus-Fighting, L70|284/284\n|-damage|p2a: Arceus|267/284|[from] Stealth Rock\n|turn|26\n|\n|t:|1781387207\n|-terastallize|p2a: Arceus|Steel\n|move|p2a: Arceus|Iron Defense|p2a: Arceus\n|-boost|p2a: Arceus|def|2\n|move|p1a: Rillaboom|Wood Hammer|p2a: Arceus\n|-resisted|p2a: Arceus\n|-damage|p2a: Arceus|186/284\n|-damage|p1a: Rillaboom|200/288|[from] Recoil\n|\n|-heal|p2a: Arceus|203/284|[from] Grassy Terrain\n|-heal|p1a: Rillaboom|218/288|[from] Grassy Terrain\n|upkeep\n|turn|27\n|\n|t:|1781387211\n|switch|p1a: Sinistcha|Sinistcha, L83|254/254\n|move|p2a: Arceus|Iron Defense|p2a: Arceus\n|-boost|p2a: Arceus|def|2\n|\n|-heal|p2a: Arceus|220/284|[from] Grassy Terrain\n|upkeep\n|turn|28\n|\n|t:|1781387216\n|move|p2a: Arceus|Shadow Ball|p1a: Sinistcha\n|-supereffective|p1a: Sinistcha\n|-damage|p1a: Sinistcha|144/254\n|-unboost|p1a: Sinistcha|spd|1\n|move|p1a: Sinistcha|Calm Mind|p1a: Sinistcha\n|-boost|p1a: Sinistcha|spa|1\n|-boost|p1a: Sinistcha|spd|1\n|\n|-heal|p2a: Arceus|237/284|[from] Grassy Terrain\n|-heal|p1a: Sinistcha|159/254|[from] Grassy Terrain\n|-heal|p1a: Sinistcha|174/254|[from] item: Leftovers\n|upkeep\n|turn|29\n|\n|t:|1781387222\n|move|p2a: Arceus|Shadow Ball|p1a: Sinistcha\n|-supereffective|p1a: Sinistcha\n|-damage|p1a: Sinistcha|66/254\n|move|p1a: Sinistcha|Strength Sap|p2a: Arceus\n|-unboost|p2a: Arceus|atk|1\n|-heal|p1a: Sinistcha|239/254\n|\n|-heal|p2a: Arceus|254/284|[from] Grassy Terrain\n|-heal|p1a: Sinistcha|254/254|[from] Grassy Terrain\n|-fieldend|move: Grassy Terrain\n|upkeep\n|turn|30\n|\n|t:|1781387224\n|move|p2a: Arceus|Shadow Ball|p1a: Sinistcha\n|-supereffective|p1a: Sinistcha\n|-damage|p1a: Sinistcha|158/254\n|move|p1a: Sinistcha|Calm Mind|p1a: Sinistcha\n|-boost|p1a: Sinistcha|spa|1\n|-boost|p1a: Sinistcha|spd|1\n|\n|-heal|p1a: Sinistcha|173/254|[from] item: Leftovers\n|upkeep\n|turn|31\n|\n|t:|1781387228\n|move|p2a: Arceus|Shadow Ball|p1a: Sinistcha\n|-supereffective|p1a: Sinistcha\n|-damage|p1a: Sinistcha|101/254\n|move|p1a: Sinistcha|Calm Mind|p1a: Sinistcha\n|-boost|p1a: Sinistcha|spa|1\n|-boost|p1a: Sinistcha|spd|1\n|\n|-heal|p1a: Sinistcha|116/254|[from] item: Leftovers\n|upkeep\n|turn|32\n|\n|t:|1781387234\n|move|p2a: Arceus|Shadow Ball|p1a: Sinistcha\n|-supereffective|p1a: Sinistcha\n|-damage|p1a: Sinistcha|64/254\n|move|p1a: Sinistcha|Matcha Gotcha|p2a: Arceus\n|-resisted|p2a: Arceus\n|-damage|p2a: Arceus|146/284\n|-heal|p1a: Sinistcha|118/254|[from] drain|[of] p2a: Arceus\n|\n|-heal|p1a: Sinistcha|133/254|[from] item: Leftovers\n|upkeep\n|turn|33\n|\n|t:|1781387238\n|move|p2a: Arceus|Shadow Ball|p1a: Sinistcha\n|-supereffective|p1a: Sinistcha\n|-damage|p1a: Sinistcha|77/254\n|-unboost|p1a: Sinistcha|spd|1\n|move|p1a: Sinistcha|Matcha Gotcha|p2a: Arceus\n|-resisted|p2a: Arceus\n|-damage|p2a: Arceus|33/284\n|-heal|p1a: Sinistcha|134/254|[from] drain|[of] p2a: Arceus\n|-status|p2a: Arceus|brn\n|\n|-heal|p1a: Sinistcha|149/254|[from] item: Leftovers\n|-damage|p2a: Arceus|16/284 brn|[from] brn\n|upkeep\n|turn|34\n|\n|t:|1781387244\n|move|p2a: Arceus|Shadow Ball|p1a: Sinistcha\n|-supereffective|p1a: Sinistcha\n|-crit|p1a: Sinistcha\n|-damage|p1a: Sinistcha|1/254\n|move|p1a: Sinistcha|Shadow Ball|p2a: Arceus\n|-damage|p2a: Arceus|0 fnt\n|faint|p2a: Arceus\n|\n|win|xdxdxd333\n", "inputlog": ">version a8376a258c1d4662feba110a92103f3664a72141\n>start {\"formatid\":\"gen9randombattle\",\"seed\":\"sodium,a4c5d5cbaf715320c76d4f31f2fb5262\",\"rated\":\"Rated battle\"}\n>player p1 {\"name\":\"xdxdxd333\",\"avatar\":\"1\",\"rating\":2131,\"seed\":\"sodium,5e134deec6b7127425336b5218ca3a87\"}\n>player p2 {\"name\":\"3kzzzzzzzz\",\"avatar\":\"janitor\",\"rating\":2324,\"seed\":\"sodium,1b0a57e481d3e78e98a6e108679364a7\"}\n>p1 move knockoff\n>p2 move psychic\n>p1 move stoneedge\n>p2 move bugbuzz\n>p1 switch 2\n>p1 move knockoff\n>p2 move bugbuzz\n>p2 switch 3\n>p1 switch 6\n>p2 move bodyslam\n>p1 move stealthrock\n>p2 move psychicnoise\n>p1 switch 3\n>p2 move psychicnoise\n>p1 move shellsidearm\n>p2 move bodyslam\n>p1 switch 4\n>p2 move psychicnoise\n>p1 move nuzzle\n>p2 move psychicnoise\n>p1 move superfang\n>p2 move psychicnoise\n>p1 switch 3\n>p2 move bodyslam\n>p1 move shoreup\n>p2 move psychicnoise\n>p1 move earthpower\n>p2 move wish\n>p1 move earthpower\n>p2 switch 6\n>p1 move shoreup\n>p2 move knockoff\n>p1 move earthpower\n>p2 move swordsdance\n>p1 move earthpower\n>p2 move knockoff\n>p1 switch 3\n>p1 move thunderbolt\n>p2 switch 6\n>p1 move thunderbolt\n>p2 move wish\n>p1 move thunderbolt\n>p2 move protect\n>p2 switch 5\n>p1 move nuzzle\n>p2 move sludgewave\n>p1 switch 4\n>p1 move psychic\n>p2 move earthpower\n>p2 switch 6\n>p1 move earthquake\n>p2 move knockoff\n>p2 switch 4\n>p1 move shellsidearm\n>p2 move darkpulse\n>p1 switch 6\n>p1 move woodhammer terastallize\n>p2 move rest\n>p2 switch 2\n>p1 move woodhammer\n>p2 move irondefense terastallize\n>p1 switch 5\n>p2 move irondefense\n>p1 move calmmind\n>p2 move shadowball\n>p1 move strengthsap\n>p2 move shadowball\n>p1 move calmmind\n>p2 move shadowball\n>p1 move calmmind\n>p2 move shadowball\n>p1 move matchagotcha\n>p2 move shadowball\n>p1 move matchagotcha\n>p2 move shadowball\n>p1 move shadowball\n>p2 move shadowball", "uploadtime": 1781386842, "views": 9, "formatid": "gen9randombattle", "rating": null, "private": 0, "password": null}