{"id": "gen9randombattle-2631780297", "format": "[Gen 9] Random Battle", "players": ["danmoses", "On my watch"], "log": "|j|\u2606danmoses\n|j|\u2606On my watch\n|t:|1781438544\n|gametype|singles\n|player|p1|danmoses|whitney|1902\n|player|p2|On my watch|caitlin|1953\n|gen|9\n|tier|[Gen 9] Random Battle\n|rated|\n|rule|Species Clause: Limit one of each Pok\u00e9mon\n|rule|HP Percentage Mod: HP is shown in percentages\n|rule|Sleep Clause Mod: Limit one foe put to sleep\n|rule|Illusion Level Mod: Illusion disguises the Pok\u00e9mon's true level\n|\n|t:|1781438544\n|teamsize|p1|6\n|teamsize|p2|6\n|start\n|switch|p1a: Primarina|Primarina, L83, M|268/268\n|switch|p2a: Cloyster|Cloyster, L80, M|211/211\n|turn|1\n|inactive|Battle timer is ON: inactive players will automatically lose when time's up. (requested by danmoses)\n|\n|t:|1781438554\n|switch|p2a: Komala|Komala, L88, F|258/258\n|-ability|p2a: Komala|Comatose\n|move|p1a: Primarina|Psychic|p2a: Komala\n|-damage|p2a: Komala|207/258\n|\n|upkeep\n|turn|2\n|\n|t:|1781438559\n|move|p2a: Komala|Knock Off|p1a: Primarina\n|-resisted|p1a: Primarina\n|-damage|p1a: Primarina|220/268\n|-enditem|p1a: Primarina|Leftovers|[from] move: Knock Off|[of] p2a: Komala\n|move|p1a: Primarina|Calm Mind|p1a: Primarina\n|-boost|p1a: Primarina|spa|1\n|-boost|p1a: Primarina|spd|1\n|\n|upkeep\n|turn|3\n|\n|t:|1781438564\n|move|p2a: Komala|Body Slam|p1a: Primarina\n|-damage|p1a: Primarina|79/268\n|move|p1a: Primarina|Sparkling Aria|p2a: Komala\n|-damage|p2a: Komala|62/258\n|\n|upkeep\n|turn|4\n|\n|t:|1781438571\n|move|p2a: Komala|Body Slam|p1a: Primarina\n|-damage|p1a: Primarina|0 fnt\n|faint|p1a: Primarina\n|\n|upkeep\n|\n|t:|1781438579\n|switch|p1a: Serperior|Serperior, L79, F|248/248\n|turn|5\n|\n|t:|1781438585\n|move|p1a: Serperior|Leaf Storm|p2a: Komala\n|-damage|p2a: Komala|0 fnt\n|-boost|p1a: Serperior|spa|2\n|faint|p2a: Komala\n|-damage|p1a: Serperior|224/248|[from] item: Life Orb\n|\n|upkeep\n|\n|t:|1781438601\n|switch|p2a: Cinderace|Cinderace, L77, M|249/249\n|turn|6\n|\n|t:|1781438612\n|switch|p1a: Gumshoos|Gumshoos, L95, F|321/321\n|move|p2a: Cinderace|Pyro Ball|p1a: Gumshoos\n|-damage|p1a: Gumshoos|185/321\n|\n|upkeep\n|turn|7\n|\n|t:|1781438625\n|move|p2a: Cinderace|High Jump Kick|p1a: Gumshoos\n|-start|p2a: Cinderace|typechange|Fighting|[from] ability: Libero\n|-supereffective|p1a: Gumshoos\n|-damage|p1a: Gumshoos|0 fnt\n|faint|p1a: Gumshoos\n|\n|upkeep\n|\n|t:|1781438634\n|switch|p1a: Sableye|Sableye, L88, M|231/231\n|turn|8\n|\n|t:|1781438656\n|switch|p2a: Misdreavus|Misdreavus, L90, F|254/254\n|move|p1a: Sableye|Encore||[still]\n|-fail|p1a: Sableye\n|\n|upkeep\n|turn|9\n|\n|t:|1781438662\n|move|p2a: Misdreavus|Draining Kiss|p1a: Sableye\n|-supereffective|p1a: Sableye\n|-damage|p1a: Sableye|149/231\n|move|p1a: Sableye|Knock Off|p2a: Misdreavus\n|-supereffective|p2a: Misdreavus\n|-damage|p2a: Misdreavus|86/254\n|-enditem|p2a: Misdreavus|Eviolite|[from] move: Knock Off|[of] p1a: Sableye\n|\n|-heal|p1a: Sableye|163/231|[from] item: Leftovers\n|upkeep\n|turn|10\n|\n|t:|1781438665\n|move|p2a: Misdreavus|Draining Kiss|p1a: Sableye\n|-supereffective|p1a: Sableye\n|-damage|p1a: Sableye|69/231\n|-heal|p2a: Misdreavus|157/254|[from] drain|[of] p1a: Sableye\n|move|p1a: Sableye|Knock Off|p2a: Misdreavus\n|-supereffective|p2a: Misdreavus\n|-damage|p2a: Misdreavus|11/254\n|\n|-heal|p1a: Sableye|83/231|[from] item: Leftovers\n|upkeep\n|turn|11\n|\n|t:|1781438671\n|move|p1a: Sableye|Recover|p1a: Sableye\n|-heal|p1a: Sableye|199/231\n|move|p2a: Misdreavus|Draining Kiss|p1a: Sableye\n|-supereffective|p1a: Sableye\n|-damage|p1a: Sableye|105/231\n|-heal|p2a: Misdreavus|82/254|[from] drain|[of] p1a: Sableye\n|\n|-heal|p1a: Sableye|119/231|[from] item: Leftovers\n|upkeep\n|turn|12\n|\n|t:|1781438680\n|move|p1a: Sableye|Thunder Wave|p2a: Misdreavus\n|-status|p2a: Misdreavus|par\n|move|p2a: Misdreavus|Draining Kiss|p1a: Sableye\n|-supereffective|p1a: Sableye\n|-damage|p1a: Sableye|29/231\n|-heal|p2a: Misdreavus|150/254 par|[from] drain|[of] p1a: Sableye\n|\n|-heal|p1a: Sableye|43/231|[from] item: Leftovers\n|upkeep\n|turn|13\n|\n|t:|1781438684\n|move|p1a: Sableye|Recover|p1a: Sableye\n|-heal|p1a: Sableye|159/231\n|move|p2a: Misdreavus|Draining Kiss|p1a: Sableye\n|-supereffective|p1a: Sableye\n|-damage|p1a: Sableye|71/231\n|-heal|p2a: Misdreavus|216/254 par|[from] drain|[of] p1a: Sableye\n|\n|-heal|p1a: Sableye|85/231|[from] item: Leftovers\n|upkeep\n|turn|14\n|\n|t:|1781438698\n|switch|p1a: Serperior|Serperior, L79, F|224/248\n|cant|p2a: Misdreavus|par\n|\n|upkeep\n|turn|15\n|\n|t:|1781438706\n|switch|p2a: Cinderace|Cinderace, L77, M|249/249\n|move|p1a: Serperior|Glare|p2a: Cinderace\n|-status|p2a: Cinderace|par\n|\n|upkeep\n|turn|16\n|\n|t:|1781438721\n|switch|p1a: Crawdaunt|Crawdaunt, L84, M|243/243\n|move|p2a: Cinderace|Pyro Ball|p1a: Crawdaunt\n|-resisted|p1a: Crawdaunt\n|-damage|p1a: Crawdaunt|178/243\n|\n|upkeep\n|turn|17\n|\n|t:|1781438735\n|switch|p2a: Cloyster|Cloyster, L80, M|211/211\n|move|p1a: Crawdaunt|Crabhammer|p2a: Cloyster\n|-resisted|p2a: Cloyster\n|-damage|p2a: Cloyster|146/211\n|-damage|p1a: Crawdaunt|154/243|[from] item: Life Orb\n|\n|upkeep\n|turn|18\n|\n|t:|1781438756\n|move|p2a: Cloyster|Shell Smash|p2a: Cloyster\n|-unboost|p2a: Cloyster|def|1\n|-unboost|p2a: Cloyster|spd|1\n|-boost|p2a: Cloyster|atk|2\n|-boost|p2a: Cloyster|spa|2\n|-boost|p2a: Cloyster|spe|2\n|-enditem|p2a: Cloyster|White Herb\n|-clearnegativeboost|p2a: Cloyster|[silent]\n|move|p1a: Crawdaunt|Knock Off|p2a: Cloyster\n|-damage|p2a: Cloyster|63/211\n|-damage|p1a: Crawdaunt|130/243|[from] item: Life Orb\n|\n|upkeep\n|turn|19\n|\n|t:|1781438765\n|move|p1a: Crawdaunt|Aqua Jet|p2a: Cloyster\n|-resisted|p2a: Cloyster\n|-damage|p2a: Cloyster|38/211\n|-damage|p1a: Crawdaunt|106/243|[from] item: Life Orb\n|move|p2a: Cloyster|Drill Run|p1a: Crawdaunt\n|-damage|p1a: Crawdaunt|6/243\n|\n|upkeep\n|turn|20\n|\n|t:|1781438772\n|move|p1a: Crawdaunt|Aqua Jet|p2a: Cloyster\n|-resisted|p2a: Cloyster\n|-damage|p2a: Cloyster|11/211\n|-damage|p1a: Crawdaunt|0 fnt|[from] item: Life Orb\n|faint|p1a: Crawdaunt\n|move|p2a: Cloyster|Icicle Spear|p1: Crawdaunt|[notarget]\n|-fail|p2a: Cloyster\n|\n|upkeep\n|\n|t:|1781438787\n|switch|p1a: Sableye|Sableye, L88, M|85/231\n|turn|21\n|\n|t:|1781438792\n|-terastallize|p2a: Cloyster|Ground\n|move|p1a: Sableye|Thunder Wave|p2a: Cloyster\n|-immune|p2a: Cloyster\n|move|p2a: Cloyster|Icicle Spear|p1a: Sableye\n|-damage|p1a: Sableye|36/231\n|-damage|p1a: Sableye|0 fnt\n|faint|p1a: Sableye\n|-hitcount|p1: Sableye|2\n|\n|upkeep\n|\n|t:|1781438810\n|switch|p1a: Torterra|Torterra, L78, F|276/276\n|turn|22\n|\n|t:|1781438812\n|move|p2a: Cloyster|Icicle Spear|p1a: Torterra\n|-supereffective|p1a: Torterra\n|-damage|p1a: Torterra|84/276\n|-supereffective|p1a: Torterra\n|-crit|p1a: Torterra\n|-damage|p1a: Torterra|0 fnt\n|faint|p1a: Torterra\n|-hitcount|p1: Torterra|2\n|\n|upkeep\n|\n|t:|1781438815\n|switch|p1a: Serperior|Serperior, L79, F|224/248\n|turn|23\n|\n|t:|1781438820\n|-terastallize|p1a: Serperior|Grass\n|move|p2a: Cloyster|Icicle Spear|p1a: Serperior\n|-supereffective|p1a: Serperior\n|-damage|p1a: Serperior|122/248\n|-supereffective|p1a: Serperior\n|-damage|p1a: Serperior|26/248\n|-supereffective|p1a: Serperior\n|-damage|p1a: Serperior|0 fnt\n|faint|p1a: Serperior\n|-hitcount|p1: Serperior|3\n|\n|win|On my watch\n", "inputlog": ">version a8376a258c1d4662feba110a92103f3664a72141\n>start {\"formatid\":\"gen9randombattle\",\"seed\":\"sodium,6f426bc289c388b3fbc8fc693f99ef31\",\"rated\":\"Rated battle\"}\n>player p1 {\"name\":\"danmoses\",\"avatar\":\"whitney\",\"rating\":1902,\"seed\":\"sodium,82414f7d96e54dab58bfe6b83134de31\"}\n>player p2 {\"name\":\"On my watch\",\"avatar\":\"caitlin\",\"rating\":1953,\"seed\":\"sodium,a95cb7d8e8316086fd95335bb330f1ff\"}\n>p1 move psychic\n>p2 switch 4\n>p1 move calmmind\n>p2 move knockoff\n>p1 move sparklingaria\n>p2 move bodyslam\n>p1 move drainingkiss\n>p2 move bodyslam\n>p1 switch 4\n>p1 move leafstorm\n>p2 move bodyslam\n>p2 switch 3\n>p1 switch 6\n>p2 move pyroball\n>p1 move doubleedge\n>p2 move highjumpkick\n>p1 switch 3\n>p1 move encore\n>p2 switch 6\n>p1 move knockoff\n>p2 move drainingkiss\n>p1 move knockoff\n>p2 move drainingkiss\n>p1 move recover\n>p2 move drainingkiss\n>p1 move thunderwave\n>p2 move drainingkiss\n>p1 move recover\n>p2 move drainingkiss\n>p1 switch 6\n>p2 move drainingkiss\n>p1 move glare\n>p2 switch 6\n>p1 switch 2\n>p2 move pyroball\n>p1 move crabhammer\n>p2 switch 4\n>p1 move knockoff\n>p2 move shellsmash\n>p1 move aquajet\n>p2 move drillrun\n>p1 move aquajet\n>p2 move iciclespear\n>p1 switch 6\n>p1 move thunderwave\n>p2 move iciclespear terastallize\n>p1 switch 5\n>p1 move bulletseed\n>p2 move iciclespear\n>p1 switch 2\n>p1 move leafstorm terastallize\n>p2 move iciclespear", "uploadtime": 1781438545, "views": 9, "formatid": "gen9randombattle", "rating": null, "private": 0, "password": null}