{"id": "gen9randombattle-2631800642", "format": "[Gen 9] Random Battle", "players": ["centrallimittheory", "ghostsgoghost"], "log": "|j|\u2606centrallimittheory\n|j|\u2606ghostsgoghost\n|t:|1781441586\n|gametype|singles\n|player|p1|centrallimittheory|crasherwake|1978\n|player|p2|ghostsgoghost|volkner|2037\n|gen|9\n|tier|[Gen 9] Random Battle\n|rated|\n|rule|Species Clause: Limit one of each Pok\u00e9mon\n|rule|HP Percentage Mod: HP is shown in percentages\n|rule|Sleep Clause Mod: Limit one foe put to sleep\n|rule|Illusion Level Mod: Illusion disguises the Pok\u00e9mon's true level\n|\n|t:|1781441586\n|teamsize|p1|6\n|teamsize|p2|6\n|start\n|switch|p1a: Blastoise|Blastoise, L80, F|258/258\n|switch|p2a: Swampert|Swampert, L83, F|302/302\n|turn|1\n|inactive|Battle timer is ON: inactive players will automatically lose when time's up. (requested by centrallimittheory)\n|\n|t:|1781441600\n|switch|p1a: Ogerpon|Ogerpon-Cornerstone, L76, F|247/247\n|move|p2a: Swampert|Yawn|p1a: Ogerpon\n|-start|p1a: Ogerpon|move: Yawn|[of] p2a: Swampert\n|\n|upkeep\n|turn|2\n|\n|t:|1781441608\n|switch|p1a: Mandibuzz|Mandibuzz, L85, F|326/326\n|move|p2a: Swampert|Yawn|p1a: Mandibuzz\n|-start|p1a: Mandibuzz|move: Yawn|[of] p2a: Swampert\n|\n|upkeep\n|turn|3\n|\n|t:|1781441612\n|move|p1a: Mandibuzz|U-turn|p2a: Swampert\n|-damage|p2a: Swampert|266/302\n|\n|t:|1781441614\n|switch|p1a: Ogerpon|Ogerpon-Cornerstone, L76, F|247/247|[from] U-turn\n|move|p2a: Swampert|Knock Off|p1a: Ogerpon\n|-damage|p1a: Ogerpon|189/247\n|\n|-heal|p2a: Swampert|284/302|[from] item: Leftovers\n|upkeep\n|turn|4\n|\n|t:|1781441621\n|switch|p2a: Chesnaught|Chesnaught, L84, M|285/285\n|move|p1a: Ogerpon|Ivy Cudgel|p2a: Chesnaught|[anim] Ivy Cudgel Rock\n|-resisted|p2a: Chesnaught\n|-damage|p2a: Chesnaught|238/285\n|\n|-heal|p2a: Chesnaught|255/285|[from] item: Leftovers\n|upkeep\n|turn|5\n|\n|t:|1781441628\n|switch|p1a: Mandibuzz|Mandibuzz, L85, F|326/326\n|move|p2a: Chesnaught|Body Press|p1a: Mandibuzz\n|-damage|p1a: Mandibuzz|233/326\n|\n|-heal|p2a: Chesnaught|272/285|[from] item: Leftovers\n|upkeep\n|turn|6\n|\n|t:|1781441635\n|move|p1a: Mandibuzz|U-turn|p2a: Chesnaught\n|-damage|p2a: Chesnaught|244/285\n|\n|t:|1781441647\n|switch|p1a: Hatterene|Hatterene, L85, F|236/236|[from] U-turn\n|move|p2a: Chesnaught|Iron Defense|p2a: Chesnaught\n|-boost|p2a: Chesnaught|def|2\n|\n|-heal|p2a: Chesnaught|261/285|[from] item: Leftovers\n|upkeep\n|turn|7\n|\n|t:|1781441657\n|switch|p2a: Swampert|Swampert, L83, F|284/302\n|move|p1a: Hatterene|Nuzzle|p2a: Swampert\n|-immune|p2a: Swampert\n|\n|-heal|p2a: Swampert|302/302|[from] item: Leftovers\n|upkeep\n|turn|8\n|\n|t:|1781441667\n|switch|p1a: Ogerpon|Ogerpon-Cornerstone, L76, F|189/247\n|move|p2a: Swampert|Earthquake|p1a: Ogerpon\n|-damage|p1a: Ogerpon|59/247\n|\n|upkeep\n|turn|9\n|\n|t:|1781441674\n|switch|p2a: Chesnaught|Chesnaught, L84, M|261/285\n|move|p1a: Ogerpon|Synthesis|p1a: Ogerpon\n|-heal|p1a: Ogerpon|182/247\n|\n|-heal|p2a: Chesnaught|278/285|[from] item: Leftovers\n|upkeep\n|turn|10\n|inactive|ghostsgoghost has 120 seconds left.\n|\n|t:|1781441720\n|switch|p1a: Hatterene|Hatterene, L85, F|236/236\n|switch|p2a: Weezing|Weezing-Galar, L86, F|252/252\n|\n|upkeep\n|turn|11\n|\n|t:|1781441731\n|switch|p1a: Mandibuzz|Mandibuzz, L85, F|233/326\n|move|p2a: Weezing|Gunk Shot|p1a: Mandibuzz|[miss]\n|-miss|p2a: Weezing|p1a: Mandibuzz\n|\n|upkeep\n|turn|12\n|\n|t:|1781441737\n|move|p1a: Mandibuzz|U-turn|p2a: Weezing\n|-resisted|p2a: Weezing\n|-damage|p2a: Weezing|244/252\n|\n|t:|1781441741\n|switch|p1a: Pikachu|Pikachu-Sinnoh, L93, F|216/216|[from] U-turn\n|move|p2a: Weezing|Strange Steam|p1a: Pikachu\n|-damage|p1a: Pikachu|93/216\n|-start|p1a: Pikachu|confusion\n|\n|-heal|p2a: Weezing|252/252|[from] item: Leftovers\n|upkeep\n|turn|13\n|\n|t:|1781441748\n|-activate|p1a: Pikachu|confusion\n|move|p1a: Pikachu|Knock Off|p2a: Weezing\n|-resisted|p2a: Weezing\n|-crit|p2a: Weezing\n|-damage|p2a: Weezing|185/252\n|-enditem|p2a: Weezing|Leftovers|[from] move: Knock Off|[of] p1a: Pikachu\n|move|p2a: Weezing|Strange Steam|p1a: Pikachu\n|-damage|p1a: Pikachu|0 fnt\n|faint|p1a: Pikachu\n|\n|upkeep\n|\n|t:|1781441753\n|switch|p1a: Veluza|Veluza, L85, M|292/292\n|turn|14\n|\n|t:|1781441757\n|move|p1a: Veluza|Fillet Away|p1a: Veluza\n|-boost|p1a: Veluza|atk|2\n|-boost|p1a: Veluza|spa|2\n|-boost|p1a: Veluza|spe|2\n|-damage|p1a: Veluza|146/292\n|-enditem|p1a: Veluza|Sitrus Berry|[eat]\n|-heal|p1a: Veluza|219/292|[from] item: Sitrus Berry\n|move|p2a: Weezing|Will-O-Wisp|p1a: Veluza\n|-status|p1a: Veluza|brn\n|\n|-damage|p1a: Veluza|201/292 brn|[from] brn\n|upkeep\n|turn|15\n|\n|t:|1781441771\n|switch|p2a: Swampert|Swampert, L83, F|302/302\n|move|p1a: Veluza|Psycho Cut|p2a: Swampert\n|-crit|p2a: Swampert\n|-damage|p2a: Swampert|115/302\n|\n|-heal|p2a: Swampert|133/302|[from] item: Leftovers\n|-damage|p1a: Veluza|183/292 brn|[from] brn\n|upkeep\n|turn|16\n|\n|t:|1781441780\n|move|p1a: Veluza|Aqua Cutter|p2a: Swampert\n|-crit|p2a: Swampert\n|-damage|p2a: Swampert|0 fnt\n|faint|p2a: Swampert\n|\n|-damage|p1a: Veluza|165/292 brn|[from] brn\n|upkeep\n|\n|t:|1781441788\n|switch|p2a: Cramorant|Cramorant, L86, F|261/261\n|turn|17\n|\n|t:|1781441792\n|move|p1a: Veluza|Psycho Cut|p2a: Cramorant\n|-damage|p2a: Cramorant|98/261\n|move|p2a: Cramorant|Brave Bird|p1a: Veluza\n|-damage|p1a: Veluza|27/292 brn\n|-damage|p2a: Cramorant|52/261|[from] Recoil\n|\n|-damage|p1a: Veluza|9/292 brn|[from] brn\n|upkeep\n|turn|18\n|\n|t:|1781441799\n|move|p1a: Veluza|Psycho Cut|p2a: Cramorant\n|-damage|p2a: Cramorant|0 fnt\n|faint|p2a: Cramorant\n|\n|-damage|p1a: Veluza|0 fnt|[from] brn\n|faint|p1a: Veluza\n|upkeep\n|\n|t:|1781441811\n|switch|p2a: Electivire|Electivire, L84, M|263/263\n|switch|p1a: Mandibuzz|Mandibuzz, L85, F|233/326\n|turn|19\n|\n|t:|1781441818\n|move|p2a: Electivire|Bulk Up|p2a: Electivire\n|-boost|p2a: Electivire|atk|1\n|-boost|p2a: Electivire|def|1\n|move|p1a: Mandibuzz|Foul Play|p2a: Electivire\n|-damage|p2a: Electivire|110/263\n|\n|upkeep\n|turn|20\n|\n|t:|1781441823\n|-terastallize|p1a: Mandibuzz|Steel\n|move|p2a: Electivire|Supercell Slam|p1a: Mandibuzz\n|-damage|p1a: Mandibuzz|6/326\n|-damage|p2a: Electivire|84/263|[from] item: Life Orb\n|move|p1a: Mandibuzz|Foul Play|p2a: Electivire\n|-damage|p2a: Electivire|0 fnt\n|faint|p2a: Electivire\n|\n|upkeep\n|\n|t:|1781441828\n|switch|p2a: Mewtwo|Mewtwo, L72|272/272\n|-ability|p2a: Mewtwo|Pressure\n|turn|21\n|\n|t:|1781441832\n|switch|p1a: Hatterene|Hatterene, L85, F|236/236\n|move|p2a: Mewtwo|Dark Pulse|p1a: Hatterene\n|-damage|p1a: Hatterene|191/236\n|-damage|p2a: Mewtwo|245/272|[from] item: Life Orb\n|\n|upkeep\n|turn|22\n|\n|t:|1781441856\n|move|p2a: Mewtwo|Nasty Plot|p2a: Mewtwo\n|-boost|p2a: Mewtwo|spa|2\n|move|p1a: Hatterene|Nuzzle|p2a: Mewtwo\n|-damage|p2a: Mewtwo|229/272\n|-status|p2a: Mewtwo|par\n|\n|upkeep\n|turn|23\n|\n|t:|1781441861\n|cant|p2a: Mewtwo|par\n|move|p1a: Hatterene|Draining Kiss|p2a: Mewtwo\n|-damage|p2a: Mewtwo|150/272 par\n|-heal|p1a: Hatterene|236/236|[from] drain|[of] p2a: Mewtwo\n|\n|upkeep\n|turn|24\n|\n|t:|1781441865\n|cant|p2a: Mewtwo|par\n|move|p1a: Hatterene|Draining Kiss|p2a: Mewtwo\n|-damage|p2a: Mewtwo|68/272 par\n|\n|upkeep\n|turn|25\n|\n|t:|1781441867\n|move|p2a: Mewtwo|Psystrike|p1a: Hatterene\n|-resisted|p1a: Hatterene\n|-damage|p1a: Hatterene|98/236\n|-damage|p2a: Mewtwo|41/272 par|[from] item: Life Orb\n|move|p1a: Hatterene|Draining Kiss|p2a: Mewtwo\n|-damage|p2a: Mewtwo|0 fnt\n|-heal|p1a: Hatterene|129/236|[from] drain|[of] p2a: Mewtwo\n|faint|p2a: Mewtwo\n|\n|upkeep\n|\n|t:|1781441870\n|switch|p2a: Weezing|Weezing-Galar, L86, F|185/252\n|turn|26\n|\n|t:|1781441877\n|switch|p1a: Mandibuzz|Mandibuzz, L85, F, tera:Steel|6/326\n|move|p2a: Weezing|Strange Steam|p1a: Mandibuzz\n|-resisted|p1a: Mandibuzz\n|-damage|p1a: Mandibuzz|0 fnt\n|faint|p1a: Mandibuzz\n|\n|upkeep\n|\n|t:|1781441882\n|switch|p1a: Ogerpon|Ogerpon-Cornerstone, L76, F|182/247\n|turn|27\n|\n|t:|1781441886\n|move|p1a: Ogerpon|Power Whip|p2a: Weezing\n|-resisted|p2a: Weezing\n|-damage|p2a: Weezing|126/252\n|move|p2a: Weezing|Will-O-Wisp|p1a: Ogerpon|[miss]\n|-miss|p2a: Weezing|p1a: Ogerpon\n|\n|upkeep\n|turn|28\n|\n|t:|1781441889\n|move|p1a: Ogerpon|Ivy Cudgel|p2a: Weezing|[anim] Ivy Cudgel Rock\n|-crit|p2a: Weezing\n|-damage|p2a: Weezing|0 fnt\n|faint|p2a: Weezing\n|\n|upkeep\n|\n|t:|1781441896\n|switch|p2a: Chesnaught|Chesnaught, L84, M|278/285\n|turn|29\n|\n|t:|1781441916\n|switch|p1a: Hatterene|Hatterene, L85, F|129/236\n|move|p2a: Chesnaught|Trailblaze|p1a: Hatterene\n|-damage|p1a: Hatterene|69/236\n|-boost|p2a: Chesnaught|spe|1\n|\n|-heal|p2a: Chesnaught|285/285|[from] item: Leftovers\n|upkeep\n|turn|30\n|\n|t:|1781441929\n|-terastallize|p2a: Chesnaught|Steel\n|move|p2a: Chesnaught|Trailblaze|p1a: Hatterene\n|-damage|p1a: Hatterene|12/236\n|-boost|p2a: Chesnaught|spe|1\n|move|p1a: Hatterene|Nuzzle|p2a: Chesnaught\n|-crit|p2a: Chesnaught\n|-damage|p2a: Chesnaught|267/285\n|-status|p2a: Chesnaught|par\n|\n|-heal|p2a: Chesnaught|284/285 par|[from] item: Leftovers\n|upkeep\n|turn|31\n|\n|t:|1781441940\n|move|p2a: Chesnaught|Trailblaze|p1a: Hatterene\n|-damage|p1a: Hatterene|0 fnt\n|-boost|p2a: Chesnaught|spe|1\n|faint|p1a: Hatterene\n|\n|-heal|p2a: Chesnaught|285/285 par|[from] item: Leftovers\n|upkeep\n|\n|t:|1781441943\n|switch|p1a: Blastoise|Blastoise, L80, F|258/258\n|turn|32\n|\n|t:|1781441972\n|move|p2a: Chesnaught|Iron Defense|p2a: Chesnaught\n|-boost|p2a: Chesnaught|def|2\n|move|p1a: Blastoise|Shell Smash|p1a: Blastoise\n|-unboost|p1a: Blastoise|def|1\n|-unboost|p1a: Blastoise|spd|1\n|-boost|p1a: Blastoise|atk|2\n|-boost|p1a: Blastoise|spa|2\n|-boost|p1a: Blastoise|spe|2\n|-enditem|p1a: Blastoise|White Herb\n|-clearnegativeboost|p1a: Blastoise|[silent]\n|\n|upkeep\n|turn|33\n|\n|t:|1781441978\n|move|p1a: Blastoise|Hydro Pump|p2a: Chesnaught\n|-crit|p2a: Chesnaught\n|-damage|p2a: Chesnaught|0 fnt\n|faint|p2a: Chesnaught\n|\n|win|centrallimittheory\n", "inputlog": ">version a8376a258c1d4662feba110a92103f3664a72141\n>start {\"formatid\":\"gen9randombattle\",\"seed\":\"sodium,9550fc4b03b853b1bc62713cbd964d09\",\"rated\":\"Rated battle\"}\n>player p1 {\"name\":\"centrallimittheory\",\"avatar\":\"crasherwake\",\"rating\":1978,\"seed\":\"sodium,3ba3038de1795fe9dd0265d7d1c55a27\"}\n>player p2 {\"name\":\"ghostsgoghost\",\"avatar\":\"volkner\",\"rating\":2037,\"seed\":\"sodium,db6c2fa37b67742141a4bb6f054be696\"}\n>p1 switch 2\n>p2 move yawn\n>p1 switch 4\n>p2 move yawn\n>p1 move uturn\n>p2 move knockoff\n>p1 switch 4\n>p1 move ivycudgel\n>p2 switch 2\n>p1 switch 4\n>p2 move bodypress\n>p1 move uturn\n>p2 move irondefense\n>p1 switch 6\n>p1 move nuzzle\n>p2 switch 2\n>p1 switch 4\n>p2 move earthquake\n>p1 move synthesis\n>p2 switch 2\n>p1 switch 4\n>p2 switch 6\n>p1 switch 6\n>p2 move gunkshot\n>p1 move uturn\n>p2 move strangesteam\n>p1 switch 5\n>p1 move knockoff\n>p2 move strangesteam\n>p1 switch 3\n>p1 move filletaway\n>p2 move willowisp\n>p1 move psychocut\n>p2 switch 2\n>p1 move aquacutter\n>p2 move earthquake\n>p2 switch 5\n>p1 move psychocut\n>p2 move bravebird\n>p1 move psychocut\n>p2 move roost\n>p1 switch 5\n>p2 switch 4\n>p1 move foulplay\n>p2 move bulkup\n>p1 move foulplay terastallize\n>p2 move supercellslam\n>p2 switch 3\n>p1 switch 6\n>p2 move darkpulse\n>p1 move nuzzle\n>p2 move nastyplot\n>p1 move drainingkiss\n>p2 move psystrike\n>p1 move drainingkiss\n>p2 move psystrike\n>p1 move drainingkiss\n>p2 move psystrike\n>p2 switch 2\n>p1 switch 6\n>p2 move strangesteam\n>p1 switch 4\n>p1 move powerwhip\n>p2 move willowisp\n>p1 move ivycudgel\n>p2 move willowisp\n>p2 switch 6\n>p1 switch 6\n>p2 move trailblaze\n>p1 move nuzzle\n>p2 move trailblaze terastallize\n>p1 move mysticalfire\n>p2 move trailblaze\n>p1 switch 2\n>p1 move shellsmash\n>p2 move irondefense\n>p1 move hydropump\n>p2 move bodypress", "uploadtime": 1781441588, "views": 8, "formatid": "gen9randombattle", "rating": null, "private": 0, "password": null}