{"id": "gen9randombattle-2631851408", "format": "[Gen 9] Random Battle", "players": ["RainbowKickr", "ChanceUser"], "log": "|j|\u2606RainbowKickr\n|j|\u2606ChanceUser\n|t:|1781448120\n|gametype|singles\n|player|p1|RainbowKickr|swimmer|1929\n|player|p2|ChanceUser|1|1920\n|gen|9\n|tier|[Gen 9] Random Battle\n|rated|\n|rule|Species Clause: Limit one of each Pok\u00e9mon\n|rule|HP Percentage Mod: HP is shown in percentages\n|rule|Sleep Clause Mod: Limit one foe put to sleep\n|rule|Illusion Level Mod: Illusion disguises the Pok\u00e9mon's true level\n|\n|t:|1781448120\n|teamsize|p1|6\n|teamsize|p2|6\n|start\n|switch|p1a: Dragalge|Dragalge, L88, M|258/258\n|switch|p2a: Toedscruel|Toedscruel, L87, M|281/281\n|turn|1\n|inactive|Battle timer is ON: inactive players will automatically lose when time's up. (requested by ChanceUser)\n|\n|t:|1781448146\n|move|p2a: Toedscruel|Earth Power|p1a: Dragalge\n|-supereffective|p1a: Dragalge\n|-damage|p1a: Dragalge|138/258\n|move|p1a: Dragalge|Sludge Wave|p2a: Toedscruel\n|-damage|p2a: Toedscruel|167/281\n|\n|-heal|p2a: Toedscruel|184/281|[from] item: Leftovers\n|-heal|p1a: Dragalge|154/258|[from] item: Leftovers\n|upkeep\n|turn|2\n|\n|t:|1781448158\n|switch|p2a: Mew|Mew, L82|298/298\n|switch|p1a: Porygon2|Porygon2, L81|270/270\n|-ability|p1a: Porygon2|Download|boost\n|-boost|p1a: Porygon2|spa|1\n|\n|upkeep\n|turn|3\n|\n|t:|1781448165\n|move|p2a: Mew|Psychic|p1a: Porygon2\n|-crit|p1a: Porygon2\n|-damage|p1a: Porygon2|176/270\n|move|p1a: Porygon2|Tri Attack|p2a: Mew\n|-damage|p2a: Mew|186/298\n|\n|-heal|p2a: Mew|204/298|[from] item: Leftovers\n|upkeep\n|turn|4\n|\n|t:|1781448174\n|move|p2a: Mew|Psychic|p1a: Porygon2\n|-damage|p1a: Porygon2|118/270\n|move|p1a: Porygon2|Recover|p1a: Porygon2\n|-heal|p1a: Porygon2|253/270\n|\n|-heal|p2a: Mew|222/298|[from] item: Leftovers\n|upkeep\n|turn|5\n|\n|t:|1781448177\n|move|p2a: Mew|Encore|p1a: Porygon2\n|-start|p1a: Porygon2|Encore\n|move|p1a: Porygon2|Recover|p1a: Porygon2\n|-heal|p1a: Porygon2|270/270\n|\n|-heal|p2a: Mew|240/298|[from] item: Leftovers\n|upkeep\n|turn|6\n|\n|t:|1781448192\n|switch|p1a: Grumpig|Grumpig, L92, F|297/297\n|move|p2a: Mew|U-turn|p1a: Grumpig\n|-supereffective|p1a: Grumpig\n|-damage|p1a: Grumpig|193/297\n|\n|t:|1781448201\n|switch|p2a: Zarude|Zarude-Dada, L77|288/288|[from] U-turn\n|\n|-heal|p1a: Grumpig|211/297|[from] item: Leftovers\n|upkeep\n|turn|7\n|inactive|RainbowKickr has 120 seconds left.\n|\n|t:|1781448234\n|switch|p1a: Glimmora|Glimmora, L75, F|248/248\n|-item|p1a: Glimmora|Air Balloon\n|move|p2a: Zarude|Knock Off|p1a: Glimmora\n|-damage|p1a: Glimmora|92/248\n|-activate|p1a: Glimmora|ability: Toxic Debris\n|-sidestart|p2: ChanceUser|move: Toxic Spikes\n|-enditem|p1a: Glimmora|Air Balloon\n|\n|upkeep\n|turn|8\n|inactive|RainbowKickr has 120 seconds left.\n|\n|t:|1781448254\n|move|p2a: Zarude|Knock Off|p1a: Glimmora\n|-damage|p1a: Glimmora|0 fnt\n|-activate|p1a: Glimmora|ability: Toxic Debris\n|-sidestart|p2: ChanceUser|move: Toxic Spikes\n|faint|p1a: Glimmora\n|\n|upkeep\n|\n|t:|1781448259\n|switch|p1a: Koraidon|Koraidon, L64|235/235\n|-weather|SunnyDay|[from] ability: Orichalcum Pulse|[of] p1a: Koraidon\n|-activate|p1a: Koraidon|Orichalcum Pulse|[source]\n|turn|9\n|\n|t:|1781448266\n|switch|p2a: Phione|Phione, L91|293/293\n|-status|p2a: Phione|tox\n|move|p1a: Koraidon|Scale Shot|p2a: Phione\n|-damage|p2a: Phione|266/293 tox\n|-damage|p2a: Phione|238/293 tox\n|-damage|p2a: Phione|211/293 tox\n|-damage|p2a: Phione|181/293 tox\n|-damage|p2a: Phione|154/293 tox\n|-hitcount|p2a: Phione|5\n|-unboost|p1a: Koraidon|def|1\n|-boost|p1a: Koraidon|spe|1\n|\n|-weather|SunnyDay|[upkeep]\n|-heal|p2a: Phione|172/293 tox|[from] item: Leftovers\n|-damage|p2a: Phione|154/293 tox|[from] psn\n|upkeep\n|turn|10\n|inactive|RainbowKickr has 120 seconds left.\n|\n|t:|1781448309\n|move|p1a: Koraidon|Swords Dance|p1a: Koraidon\n|-boost|p1a: Koraidon|atk|2\n|move|p2a: Phione|Ice Beam|p1a: Koraidon\n|-supereffective|p1a: Koraidon\n|-damage|p1a: Koraidon|75/235\n|\n|-weather|SunnyDay|[upkeep]\n|-heal|p2a: Phione|172/293 tox|[from] item: Leftovers\n|-damage|p2a: Phione|136/293 tox|[from] psn\n|upkeep\n|turn|11\n|\n|t:|1781448315\n|move|p1a: Koraidon|Collision Course|p2a: Phione\n|-damage|p2a: Phione|0 fnt\n|faint|p2a: Phione\n|\n|-weather|SunnyDay|[upkeep]\n|upkeep\n|\n|t:|1781448317\n|switch|p2a: Mew|Mew, L82|240/298\n|-status|p2a: Mew|tox\n|turn|12\n|\n|t:|1781448332\n|move|p1a: Koraidon|Scale Shot|p2a: Mew\n|-damage|p2a: Mew|186/298 tox\n|-damage|p2a: Mew|131/298 tox\n|-damage|p2a: Mew|77/298 tox\n|-damage|p2a: Mew|22/298 tox\n|-hitcount|p2a: Mew|4\n|-unboost|p1a: Koraidon|def|1\n|-boost|p1a: Koraidon|spe|1\n|move|p2a: Mew|Psychic|p1a: Koraidon\n|-supereffective|p1a: Koraidon\n|-damage|p1a: Koraidon|0 fnt\n|faint|p1a: Koraidon\n|\n|-weather|SunnyDay|[upkeep]\n|-heal|p2a: Mew|40/298 tox|[from] item: Leftovers\n|-damage|p2a: Mew|22/298 tox|[from] psn\n|upkeep\n|inactive|RainbowKickr has 90 seconds left.\n|\n|t:|1781448354\n|switch|p1a: Electivire|Electivire, L84, M|263/263\n|turn|13\n|\n|t:|1781448361\n|move|p2a: Mew|U-turn|p1a: Electivire\n|-damage|p1a: Electivire|204/263\n|\n|t:|1781448368\n|switch|p2a: Feraligatr|Feraligatr, L79, F|264/264|[from] U-turn\n|-status|p2a: Feraligatr|tox\n|move|p1a: Electivire|Ice Punch|p2a: Feraligatr\n|-resisted|p2a: Feraligatr\n|-damage|p2a: Feraligatr|221/264 tox\n|-damage|p1a: Electivire|178/263|[from] item: Life Orb\n|\n|-weather|none\n|-damage|p2a: Feraligatr|205/264 tox|[from] psn\n|upkeep\n|turn|14\n|\n|t:|1781448375\n|-terastallize|p2a: Feraligatr|Grass\n|move|p1a: Electivire|Volt Switch|p2a: Feraligatr\n|-resisted|p2a: Feraligatr\n|-damage|p2a: Feraligatr|150/264 tox\n|-damage|p1a: Electivire|152/263|[from] item: Life Orb\n|\n|t:|1781448378\n|switch|p1a: Porygon2|Porygon2, L81|270/270|[from] Volt Switch\n|-ability|p1a: Porygon2|Download|boost\n|-boost|p1a: Porygon2|spa|1\n|move|p2a: Feraligatr|Dragon Dance|p2a: Feraligatr\n|-boost|p2a: Feraligatr|atk|1\n|-boost|p2a: Feraligatr|spe|1\n|\n|-damage|p2a: Feraligatr|118/264 tox|[from] psn\n|upkeep\n|turn|15\n|\n|t:|1781448383\n|move|p2a: Feraligatr|Liquidation|p1a: Porygon2\n|-damage|p1a: Porygon2|122/270\n|move|p1a: Porygon2|Ice Beam|p2a: Feraligatr\n|-supereffective|p2a: Feraligatr\n|-damage|p2a: Feraligatr|0 fnt\n|faint|p2a: Feraligatr\n|\n|upkeep\n|\n|t:|1781448397\n|switch|p2a: Mew|Mew, L82|22/298 tox\n|turn|16\n|\n|t:|1781448403\n|move|p2a: Mew|Psychic|p1a: Porygon2\n|-damage|p1a: Porygon2|59/270\n|move|p1a: Porygon2|Recover|p1a: Porygon2\n|-heal|p1a: Porygon2|194/270\n|\n|-heal|p2a: Mew|40/298 tox|[from] item: Leftovers\n|-damage|p2a: Mew|22/298 tox|[from] psn\n|upkeep\n|turn|17\n|\n|t:|1781448408\n|switch|p1a: Grumpig|Grumpig, L92, F|211/297\n|move|p2a: Mew|U-turn|p1a: Grumpig\n|-supereffective|p1a: Grumpig\n|-damage|p1a: Grumpig|109/297\n|\n|t:|1781448413\n|switch|p2a: Toedscruel|Toedscruel, L87, M|184/281|[from] U-turn\n|-status|p2a: Toedscruel|tox\n|\n|-heal|p2a: Toedscruel|201/281 tox|[from] item: Leftovers\n|-heal|p1a: Grumpig|127/297|[from] item: Leftovers\n|-damage|p2a: Toedscruel|184/281 tox|[from] psn\n|upkeep\n|turn|18\n|\n|t:|1781448421\n|move|p2a: Toedscruel|Rapid Spin|p1a: Grumpig\n|-damage|p1a: Grumpig|91/297\n|-boost|p2a: Toedscruel|spe|1\n|-sideend|p2: ChanceUser|Toxic Spikes|[from] move: Rapid Spin|[of] p2a: Toedscruel\n|move|p1a: Grumpig|Psyshock|p2a: Toedscruel\n|-damage|p2a: Toedscruel|67/281 tox\n|\n|-heal|p2a: Toedscruel|84/281 tox|[from] item: Leftovers\n|-heal|p1a: Grumpig|109/297|[from] item: Leftovers\n|-damage|p2a: Toedscruel|50/281 tox|[from] psn\n|upkeep\n|turn|19\n|\n|t:|1781448431\n|switch|p2a: Mew|Mew, L82|22/298 tox\n|move|p1a: Grumpig|Dazzling Gleam|p2a: Mew\n|-damage|p2a: Mew|0 fnt\n|faint|p2a: Mew\n|\n|-heal|p1a: Grumpig|127/297|[from] item: Leftovers\n|upkeep\n|\n|t:|1781448436\n|switch|p2a: Zarude|Zarude-Dada, L77|288/288\n|turn|20\n|inactive|RainbowKickr has 120 seconds left.\n|\n|t:|1781448474\n|move|p2a: Zarude|Knock Off|p1a: Grumpig\n|-supereffective|p1a: Grumpig\n|-damage|p1a: Grumpig|0 fnt\n|-enditem|p1a: Grumpig|Leftovers|[from] move: Knock Off|[of] p2a: Zarude\n|faint|p1a: Grumpig\n|\n|upkeep\n|\n|t:|1781448483\n|switch|p1a: Dragalge|Dragalge, L88, M|154/258\n|turn|21\n|\n|t:|1781448498\n|move|p2a: Zarude|Knock Off|p1a: Dragalge\n|-damage|p1a: Dragalge|24/258\n|-enditem|p1a: Dragalge|Leftovers|[from] move: Knock Off|[of] p2a: Zarude\n|move|p1a: Dragalge|Sludge Wave|p2a: Zarude\n|-supereffective|p2a: Zarude\n|-damage|p2a: Zarude|8/288\n|-status|p2a: Zarude|psn\n|\n|-damage|p2a: Zarude|0 fnt|[from] psn\n|faint|p2a: Zarude\n|upkeep\n|\n|t:|1781448504\n|switch|p2a: Pikachu|Pikachu-Alola, L93, M|216/216\n|turn|22\n|\n|t:|1781448513\n|move|p2a: Pikachu|Knock Off|p1a: Dragalge\n|-damage|p1a: Dragalge|0 fnt\n|faint|p1a: Dragalge\n|\n|upkeep\n|\n|t:|1781448519\n|switch|p1a: Electivire|Electivire, L84, M|152/263\n|turn|23\n|\n|t:|1781448521\n|move|p2a: Pikachu|Knock Off|p1a: Electivire\n|-damage|p1a: Electivire|5/263\n|-enditem|p1a: Electivire|Life Orb|[from] move: Knock Off|[of] p2a: Pikachu\n|move|p1a: Electivire|Knock Off|p2a: Pikachu\n|-damage|p2a: Pikachu|78/216\n|-enditem|p2a: Pikachu|Light Ball|[from] move: Knock Off|[of] p1a: Electivire\n|\n|upkeep\n|turn|24\n|\n|t:|1781448534\n|move|p2a: Pikachu|Surf|p1a: Electivire\n|-damage|p1a: Electivire|0 fnt\n|faint|p1a: Electivire\n|\n|upkeep\n|\n|t:|1781448535\n|switch|p1a: Porygon2|Porygon2, L81|194/270\n|-ability|p1a: Porygon2|Download|boost\n|-boost|p1a: Porygon2|atk|1\n|turn|25\n|\n|t:|1781448541\n|move|p2a: Pikachu|Volt Tackle|p1a: Porygon2\n|-damage|p1a: Porygon2|127/270\n|-status|p1a: Porygon2|par\n|-damage|p2a: Pikachu|56/216|[from] Recoil\n|cant|p1a: Porygon2|par\n|\n|upkeep\n|turn|26\n|\n|t:|1781448547\n|move|p2a: Pikachu|Knock Off|p1a: Porygon2\n|-damage|p1a: Porygon2|90/270 par\n|-enditem|p1a: Porygon2|Eviolite|[from] move: Knock Off|[of] p2a: Pikachu\n|move|p1a: Porygon2|Recover|p1a: Porygon2\n|-heal|p1a: Porygon2|225/270 par\n|\n|upkeep\n|turn|27\n|\n|t:|1781448558\n|move|p2a: Pikachu|Volt Tackle|p1a: Porygon2\n|-damage|p1a: Porygon2|126/270 par\n|-damage|p2a: Pikachu|23/216|[from] Recoil\n|move|p1a: Porygon2|Recover|p1a: Porygon2\n|-heal|p1a: Porygon2|261/270 par\n|\n|upkeep\n|turn|28\n|\n|t:|1781448572\n|move|p2a: Pikachu|Volt Tackle|p1a: Porygon2\n|-damage|p1a: Porygon2|152/270 par\n|-damage|p2a: Pikachu|0 fnt|[from] Recoil\n|faint|p2a: Pikachu\n|move|p1a: Porygon2|Recover|p1a: Porygon2\n|-heal|p1a: Porygon2|270/270 par\n|\n|upkeep\n|\n|t:|1781448574\n|switch|p2a: Toedscruel|Toedscruel, L87, M|50/281 tox\n|turn|29\n|\n|t:|1781448579\n|move|p2a: Toedscruel|Giga Drain|p1a: Porygon2\n|-damage|p1a: Porygon2|197/270 par\n|-heal|p2a: Toedscruel|87/281 tox|[from] drain|[of] p1a: Porygon2\n|cant|p1a: Porygon2|par\n|\n|-heal|p2a: Toedscruel|104/281 tox|[from] item: Leftovers\n|-damage|p2a: Toedscruel|87/281 tox|[from] psn\n|upkeep\n|turn|30\n|\n|t:|1781448582\n|move|p2a: Toedscruel|Earth Power|p1a: Porygon2\n|-damage|p1a: Porygon2|115/270 par\n|move|p1a: Porygon2|Ice Beam|p2a: Toedscruel\n|-supereffective|p2a: Toedscruel\n|-damage|p2a: Toedscruel|0 fnt\n|faint|p2a: Toedscruel\n|\n|win|RainbowKickr\n", "inputlog": ">version a8376a258c1d4662feba110a92103f3664a72141\n>start {\"formatid\":\"gen9randombattle\",\"seed\":\"sodium,7b7d8a887ecda666c6dbae0fe250428b\",\"rated\":\"Rated battle\"}\n>player p1 {\"name\":\"RainbowKickr\",\"avatar\":\"swimmer\",\"rating\":1929,\"seed\":\"sodium,cb00c4669bda7dc4662c641acb8dba27\"}\n>player p2 {\"name\":\"ChanceUser\",\"avatar\":\"1\",\"rating\":1920,\"seed\":\"sodium,8e36fbaa6b8f7c11ac9edada8043477d\"}\n>p1 move sludgewave\n>p2 move earthpower\n>p1 switch 5\n>p2 switch 4\n>p1 move triattack\n>p2 move psychic\n>p1 move recover\n>p2 move psychic\n>p1 move discharge\n>p2 move encore\n>p1 switch 2\n>p2 move uturn\n>p2 switch 3\n>p1 switch 4\n>p2 move knockoff\n>p1 move sludgewave\n>p2 move knockoff\n>p1 switch 6\n>p1 move scaleshot\n>p2 switch 5\n>p1 move swordsdance\n>p2 move icebeam\n>p1 move collisioncourse\n>p2 move icebeam\n>p2 switch 3\n>p1 move scaleshot\n>p2 move psychic\n>p1 switch 3\n>p1 move icepunch\n>p2 move uturn\n>p2 switch 6\n>p1 move voltswitch\n>p2 move dragondance terastallize\n>p1 switch 2\n>p1 move icebeam\n>p2 move liquidation\n>p2 switch 6\n>p1 move recover\n>p2 move psychic\n>p1 switch 4\n>p2 move uturn\n>p2 switch 4\n>p1 move psyshock\n>p2 move rapidspin\n>p1 move dazzlinggleam\n>p2 switch 4\n>p2 switch 5\n>p1 move dazzlinggleam\n>p2 move knockoff\n>p1 switch 5\n>p1 move sludgewave\n>p2 move knockoff\n>p2 switch 2\n>p1 move sludgewave\n>p2 move knockoff\n>p1 switch 2\n>p1 move knockoff\n>p2 move knockoff\n>p1 move icepunch\n>p2 move surf\n>p1 switch 4\n>p1 move recover\n>p2 move volttackle\n>p1 move recover\n>p2 move knockoff\n>p1 move recover\n>p2 move volttackle\n>p1 move recover\n>p2 move volttackle\n>p2 switch 4\n>p1 move icebeam\n>p2 move gigadrain\n>p1 move icebeam\n>p2 move earthpower", "uploadtime": 1781448124, "views": 4, "formatid": "gen9randombattle", "rating": null, "private": 0, "password": null}