{"id": "gen9randombattle-2631369506", "format": "[Gen 9] Random Battle", "players": ["ColdWaterSteam", "hepooo"], "log": "|j|\u2606ColdWaterSteam\n|j|\u2606hepooo\n|t:|1781376575\n|gametype|singles\n|player|p1|ColdWaterSteam|265|2111\n|player|p2|hepooo|morty|2168\n|gen|9\n|tier|[Gen 9] Random Battle\n|rated|\n|rule|Species Clause: Limit one of each Pok\u00e9mon\n|rule|HP Percentage Mod: HP is shown in percentages\n|rule|Sleep Clause Mod: Limit one foe put to sleep\n|rule|Illusion Level Mod: Illusion disguises the Pok\u00e9mon's true level\n|\n|t:|1781376575\n|teamsize|p1|6\n|teamsize|p2|6\n|start\n|switch|p1a: Rampardos|Rampardos, L90, F|321/321\n|switch|p2a: Cloyster|Cloyster, L80, M|211/211\n|turn|1\n|inactive|Battle timer is ON: inactive players will automatically lose when time's up. (requested by ColdWaterSteam)\n|\n|t:|1781376586\n|move|p2a: Cloyster|Hydro Pump|p1a: Rampardos\n|-supereffective|p1a: Rampardos\n|-damage|p1a: Rampardos|69/321\n|move|p1a: Rampardos|Rock Slide|p2a: Cloyster\n|-supereffective|p2a: Cloyster\n|-damage|p2a: Cloyster|0 fnt\n|faint|p2a: Cloyster\n|\n|upkeep\n|\n|t:|1781376601\n|switch|p2a: Klefki|Klefki, L84, F|233/233\n|turn|2\n|\n|t:|1781376624\n|move|p2a: Klefki|Play Rough|p1a: Rampardos\n|-damage|p1a: Rampardos|0 fnt\n|faint|p1a: Rampardos\n|\n|upkeep\n|\n|t:|1781376633\n|switch|p1a: Donphan|Donphan, L84, M|288/288\n|turn|3\n|\n|t:|1781376644\n|move|p2a: Klefki|Magnet Rise|p2a: Klefki\n|-start|p2a: Klefki|Magnet Rise\n|move|p1a: Donphan|Stealth Rock|p2a: Klefki\n|-sidestart|p2: hepooo|move: Stealth Rock\n|\n|upkeep\n|turn|4\n|\n|t:|1781376661\n|switch|p1a: Hypno|Hypno, L95, M|315/315\n|move|p2a: Klefki|Spikes|p1a: Hypno\n|-sidestart|p1: ColdWaterSteam|Spikes\n|\n|upkeep\n|turn|5\n|\n|t:|1781376681\n|move|p2a: Klefki|Thunder Wave|p1a: Hypno\n|-status|p1a: Hypno|par\n|move|p1a: Hypno|Encore|p2a: Klefki\n|-start|p2a: Klefki|Encore\n|\n|upkeep\n|turn|6\n|\n|t:|1781376688\n|switch|p2a: Araquanid|Araquanid, L82, F|246/246\n|move|p1a: Hypno|Knock Off|p2a: Araquanid\n|-damage|p2a: Araquanid|170/246\n|-enditem|p2a: Araquanid|Heavy-Duty Boots|[from] move: Knock Off|[of] p1a: Hypno\n|\n|upkeep\n|turn|7\n|\n|t:|1781376703\n|move|p2a: Araquanid|Liquidation|p1a: Hypno\n|-damage|p1a: Hypno|167/315 par\n|move|p1a: Hypno|Encore|p2a: Araquanid\n|-start|p2a: Araquanid|Encore\n|\n|-heal|p1a: Hypno|186/315 par|[from] item: Leftovers\n|upkeep\n|turn|8\n|\n|t:|1781376721\n|switch|p1a: Trevenant|Trevenant, L89, F|296/296\n|-damage|p1a: Trevenant|259/296|[from] Spikes\n|move|p2a: Araquanid|Liquidation|p1a: Trevenant\n|-resisted|p1a: Trevenant\n|-damage|p1a: Trevenant|190/296\n|\n|upkeep\n|turn|9\n|\n|t:|1781376730\n|switch|p2a: Klefki|Klefki, L84, F|233/233\n|-damage|p2a: Klefki|219/233|[from] Stealth Rock\n|move|p1a: Trevenant|Toxic|p2a: Klefki\n|-immune|p2a: Klefki\n|\n|-heal|p2a: Klefki|233/233|[from] item: Leftovers\n|upkeep\n|turn|10\n|\n|t:|1781376733\n|move|p2a: Klefki|Spikes|p1a: Trevenant\n|-sidestart|p1: ColdWaterSteam|Spikes\n|move|p1a: Trevenant|Poltergeist|p2a: Klefki\n|-activate|p2a: Klefki|move: Poltergeist|Leftovers\n|-damage|p2a: Klefki|91/233\n|\n|-heal|p2a: Klefki|105/233|[from] item: Leftovers\n|upkeep\n|turn|11\n|\n|t:|1781376739\n|move|p2a: Klefki|Spikes|p1a: Trevenant\n|-sidestart|p1: ColdWaterSteam|Spikes\n|move|p1a: Trevenant|Poltergeist|p2a: Klefki\n|-activate|p2a: Klefki|move: Poltergeist|Leftovers\n|-damage|p2a: Klefki|0 fnt\n|faint|p2a: Klefki\n|\n|upkeep\n|\n|t:|1781376745\n|switch|p2a: Chien-Pao|Chien-Pao, L72|234/234\n|-damage|p2a: Chien-Pao|176/234|[from] Stealth Rock\n|-ability|p2a: Chien-Pao|Sword of Ruin\n|turn|12\n|\n|t:|1781376758\n|switch|p1a: Hypno|Hypno, L95, M|186/315 par\n|-damage|p1a: Hypno|108/315 par|[from] Spikes\n|move|p2a: Chien-Pao|Icicle Crash|p1a: Hypno\n|-damage|p1a: Hypno|0 fnt\n|faint|p1a: Hypno\n|\n|upkeep\n|\n|t:|1781376769\n|switch|p1a: Armarouge|Armarouge, L80, F|267/267\n|-damage|p1a: Armarouge|201/267|[from] Spikes\n|turn|13\n|\n|t:|1781376794\n|switch|p2a: Araquanid|Araquanid, L82, F|170/246\n|-damage|p2a: Araquanid|109/246|[from] Stealth Rock\n|move|p1a: Armarouge|Meteor Beam||[still]\n|-prepare|p1a: Armarouge|Meteor Beam\n|-boost|p1a: Armarouge|spa|1\n|-enditem|p1a: Armarouge|Power Herb\n|-anim|p1a: Armarouge|Meteor Beam|p2a: Araquanid\n|-supereffective|p2a: Araquanid\n|-damage|p2a: Araquanid|0 fnt\n|faint|p2a: Araquanid\n|\n|upkeep\n|\n|t:|1781376807\n|switch|p2a: Chien-Pao|Chien-Pao, L72|176/234\n|-damage|p2a: Chien-Pao|118/234|[from] Stealth Rock\n|-ability|p2a: Chien-Pao|Sword of Ruin\n|turn|14\n|inactive|ColdWaterSteam has 120 seconds left.\n|\n|t:|1781376838\n|-terastallize|p1a: Armarouge|Fire\n|move|p2a: Chien-Pao|Throat Chop|p1a: Armarouge\n|-damage|p1a: Armarouge|66/267\n|-start|p1a: Armarouge|Throat Chop|[silent]\n|-ability|p1a: Armarouge|Weak Armor|boost\n|-unboost|p1a: Armarouge|def|1\n|-boost|p1a: Armarouge|spe|2\n|move|p1a: Armarouge|Armor Cannon|p2a: Chien-Pao\n|-supereffective|p2a: Chien-Pao\n|-damage|p2a: Chien-Pao|0 fnt\n|-unboost|p1a: Armarouge|def|1\n|-unboost|p1a: Armarouge|spd|1\n|faint|p2a: Chien-Pao\n|\n|upkeep\n|inactive|hepooo has 120 seconds left.\n|\n|t:|1781376855\n|switch|p2a: Persian|Persian, L92, M|269/269\n|-damage|p2a: Persian|236/269|[from] Stealth Rock\n|turn|15\n|\n|t:|1781376865\n|-terastallize|p2a: Persian|Normal\n|move|p2a: Persian|Fake Out|p1a: Armarouge\n|-damage|p1a: Armarouge|0 fnt\n|faint|p1a: Armarouge\n|\n|upkeep\n|\n|t:|1781376870\n|switch|p1a: Donphan|Donphan, L84, M|288/288\n|-damage|p1a: Donphan|216/288|[from] Spikes\n|turn|16\n|\n|t:|1781376882\n|move|p2a: Persian|Knock Off|p1a: Donphan\n|-damage|p1a: Donphan|164/288\n|-enditem|p1a: Donphan|Leftovers|[from] move: Knock Off|[of] p2a: Persian\n|move|p1a: Donphan|Rapid Spin|p2a: Persian\n|-damage|p2a: Persian|183/269\n|-boost|p1a: Donphan|spe|1\n|-sideend|p1: ColdWaterSteam|Spikes|[from] move: Rapid Spin|[of] p1a: Donphan\n|\n|upkeep\n|turn|17\n|\n|t:|1781376892\n|move|p2a: Persian|Double-Edge|p1a: Donphan\n|-damage|p1a: Donphan|12/288\n|-damage|p2a: Persian|133/269|[from] Recoil\n|move|p1a: Donphan|Rapid Spin|p2a: Persian\n|-damage|p2a: Persian|82/269\n|-boost|p1a: Donphan|spe|1\n|\n|upkeep\n|turn|18\n|\n|t:|1781376903\n|move|p2a: Persian|Double-Edge|p1a: Donphan\n|-damage|p1a: Donphan|0 fnt\n|faint|p1a: Donphan\n|-damage|p2a: Persian|78/269|[from] Recoil\n|\n|upkeep\n|\n|t:|1781376908\n|switch|p1a: Magearna|Magearna, L77|250/250\n|turn|19\n|\n|t:|1781376912\n|move|p2a: Persian|U-turn|p1a: Magearna\n|-resisted|p1a: Magearna\n|-crit|p1a: Magearna\n|-damage|p1a: Magearna|234/250\n|\n|t:|1781376913\n|switch|p2a: Metagross|Metagross, L79|256/256|[from] U-turn\n|-damage|p2a: Metagross|240/256|[from] Stealth Rock\n|move|p1a: Magearna|Shift Gear|p1a: Magearna\n|-boost|p1a: Magearna|spe|2\n|-boost|p1a: Magearna|atk|1\n|\n|upkeep\n|turn|20\n|\n|t:|1781376927\n|move|p1a: Magearna|Shift Gear|p1a: Magearna\n|-boost|p1a: Magearna|spe|2\n|-boost|p1a: Magearna|atk|1\n|move|p2a: Metagross|Heavy Slam|p1a: Magearna\n|-damage|p1a: Magearna|93/250\n|\n|upkeep\n|turn|21\n|\n|t:|1781376934\n|move|p1a: Magearna|Fleur Cannon|p2a: Metagross\n|-resisted|p2a: Metagross\n|-crit|p2a: Metagross\n|-damage|p2a: Metagross|132/256\n|-unboost|p1a: Magearna|spa|2\n|move|p2a: Metagross|Heavy Slam|p1a: Magearna\n|-damage|p1a: Magearna|0 fnt\n|faint|p1a: Magearna\n|\n|upkeep\n|\n|t:|1781376936\n|switch|p1a: Trevenant|Trevenant, L89, F|190/296\n|turn|22\n|\n|t:|1781376941\n|move|p2a: Metagross|Knock Off|p1a: Trevenant\n|-supereffective|p1a: Trevenant\n|-damage|p1a: Trevenant|36/296\n|-enditem|p1a: Trevenant|Sitrus Berry|[from] move: Knock Off|[of] p2a: Metagross\n|move|p1a: Trevenant|Poltergeist|p2a: Metagross\n|-activate|p2a: Metagross|move: Poltergeist|Weakness Policy\n|-supereffective|p2a: Metagross\n|-damage|p2a: Metagross|0 fnt\n|faint|p2a: Metagross\n|\n|upkeep\n|\n|t:|1781376947\n|switch|p2a: Persian|Persian, L92, M, tera:Normal|78/269\n|-damage|p2a: Persian|45/269|[from] Stealth Rock\n|turn|23\n|\n|t:|1781376949\n|move|p2a: Persian|Knock Off|p1a: Trevenant\n|-supereffective|p1a: Trevenant\n|-damage|p1a: Trevenant|0 fnt\n|faint|p1a: Trevenant\n|\n|win|hepooo\n", "inputlog": ">version a8376a258c1d4662feba110a92103f3664a72141\n>start {\"formatid\":\"gen9randombattle\",\"seed\":\"sodium,69d2be838815a17c96b8a83d35fe9535\",\"rated\":\"Rated battle\"}\n>player p1 {\"name\":\"ColdWaterSteam\",\"avatar\":\"265\",\"rating\":2111,\"seed\":\"sodium,edcbfb1c04d061265c6913c21d5040f8\"}\n>player p2 {\"name\":\"hepooo\",\"avatar\":\"morty\",\"rating\":2168,\"seed\":\"sodium,1a4912197d3fdfd44dfcb44ec2b8ba1e\"}\n>p1 move rockslide\n>p2 move hydropump\n>p2 switch 5\n>p1 move firepunch\n>p2 move playrough\n>p1 switch 2\n>p1 move stealthrock\n>p2 move magnetrise\n>p1 switch 5\n>p2 move spikes\n>p1 move encore\n>p2 move thunderwave\n>p1 move knockoff\n>p2 switch 4\n>p1 move encore\n>p2 move liquidation\n>p1 switch 4\n>p2 move liquidation\n>p1 move toxic\n>p2 switch 4\n>p1 move poltergeist\n>p2 move spikes\n>p1 move poltergeist\n>p2 move spikes\n>p2 switch 2\n>p1 switch 4\n>p2 move iciclecrash\n>p1 switch 3\n>p1 move meteorbeam\n>p2 switch 4\n>p2 switch 4\n>p1 move armorcannon terastallize\n>p2 move throatchop\n>p2 switch 3\n>p1 move armorcannon\n>p2 move fakeout terastallize\n>p1 switch 5\n>p1 move rapidspin\n>p2 move knockoff\n>p1 move rapidspin\n>p2 move doubleedge\n>p1 move earthquake\n>p2 move doubleedge\n>p1 switch 6\n>p1 move shiftgear\n>p2 move uturn\n>p2 switch 6\n>p1 move shiftgear\n>p2 move heavyslam\n>p1 move fleurcannon\n>p2 move heavyslam\n>p1 switch 4\n>p1 move poltergeist\n>p2 move knockoff\n>p2 switch 6\n>p1 move drainpunch\n>p2 move knockoff", "uploadtime": 1781376577, "views": 8, "formatid": "gen9randombattle", "rating": null, "private": 0, "password": null}