{"id": "gen9randombattle-2631612714", "format": "[Gen 9] Random Battle", "players": ["moomoo798", "bonbonbo"], "log": "|j|\u2606moomoo798\n|j|\u2606bonbonbo\n|t:|1781408831\n|gametype|singles\n|player|p1|moomoo798|jasmine|1915\n|player|p2|bonbonbo|170|1979\n|gen|9\n|tier|[Gen 9] Random Battle\n|rated|\n|rule|Species Clause: Limit one of each Pok\u00e9mon\n|rule|HP Percentage Mod: HP is shown in percentages\n|rule|Sleep Clause Mod: Limit one foe put to sleep\n|rule|Illusion Level Mod: Illusion disguises the Pok\u00e9mon's true level\n|\n|t:|1781408831\n|teamsize|p1|6\n|teamsize|p2|6\n|start\n|switch|p1a: Dondozo|Dondozo, L78, M|362/362\n|switch|p2a: Golurk|Golurk, L87|297/297\n|turn|1\n|inactive|Battle timer is ON: inactive players will automatically lose when time's up. (requested by moomoo798)\n|\n|t:|1781408838\n|switch|p2a: Hydrapple|Hydrapple, L83, M|312/312\n|move|p1a: Dondozo|Wave Crash|p2a: Hydrapple\n|-resisted|p2a: Hydrapple\n|-damage|p2a: Hydrapple|288/312\n|-damage|p1a: Dondozo|354/362|[from] Recoil\n|\n|-heal|p1a: Dondozo|362/362|[from] item: Leftovers\n|upkeep\n|turn|2\n|\n|t:|1781408851\n|switch|p1a: Regice|Regice, L88|284/284\n|move|p2a: Hydrapple|Earth Power|p1a: Regice\n|-damage|p1a: Regice|246/284\n|\n|upkeep\n|turn|3\n|\n|t:|1781408863\n|switch|p2a: Stonjourner|Stonjourner, L91, M|330/330\n|move|p1a: Regice|Ice Beam|p2a: Stonjourner\n|-damage|p2a: Stonjourner|74/330\n|\n|upkeep\n|turn|4\n|\n|t:|1781408886\n|switch|p1a: Dondozo|Dondozo, L78, M|362/362\n|move|p2a: Stonjourner|Stealth Rock|p1a: Dondozo\n|-sidestart|p1: moomoo798|move: Stealth Rock\n|\n|upkeep\n|turn|5\n|\n|t:|1781408894\n|switch|p2a: Hydrapple|Hydrapple, L83, M|312/312\n|move|p1a: Dondozo|Wave Crash|p2a: Hydrapple\n|-resisted|p2a: Hydrapple\n|-damage|p2a: Hydrapple|288/312\n|-damage|p1a: Dondozo|354/362|[from] Recoil\n|\n|-heal|p1a: Dondozo|362/362|[from] item: Leftovers\n|upkeep\n|turn|6\n|\n|t:|1781408897\n|switch|p1a: Regice|Regice, L88|246/284\n|move|p2a: Hydrapple|Dragon Tail|p1a: Regice\n|-damage|p1a: Regice|195/284\n|drag|p1a: Incineroar|Incineroar, L82, M|290/290\n|-damage|p1a: Incineroar|218/290|[from] Stealth Rock\n|-ability|p1a: Incineroar|Intimidate|boost\n|-unboost|p2a: Hydrapple|atk|1\n|\n|upkeep\n|turn|7\n|\n|t:|1781408910\n|switch|p2a: Stonjourner|Stonjourner, L91, M|74/330\n|move|p1a: Incineroar|Knock Off|p2a: Stonjourner\n|-damage|p2a: Stonjourner|0 fnt\n|-enditem|p2a: Stonjourner|Life Orb|[from] move: Knock Off|[of] p1a: Incineroar\n|faint|p2a: Stonjourner\n|\n|upkeep\n|\n|t:|1781408913\n|switch|p2a: Great Tusk|Great Tusk, L77|304/304\n|turn|8\n|\n|t:|1781408922\n|move|p2a: Great Tusk|Knock Off|p1a: Incineroar\n|-resisted|p1a: Incineroar\n|-crit|p1a: Incineroar\n|-damage|p1a: Incineroar|164/290\n|-enditem|p1a: Incineroar|Assault Vest|[from] move: Knock Off|[of] p2a: Great Tusk\n|move|p1a: Incineroar|Overheat|p2a: Great Tusk\n|-damage|p2a: Great Tusk|195/304\n|-unboost|p1a: Incineroar|spa|2\n|\n|upkeep\n|turn|9\n|\n|t:|1781408930\n|move|p2a: Great Tusk|Close Combat|p1a: Incineroar\n|-supereffective|p1a: Incineroar\n|-damage|p1a: Incineroar|0 fnt\n|-unboost|p2a: Great Tusk|def|1\n|-unboost|p2a: Great Tusk|spd|1\n|faint|p1a: Incineroar\n|\n|upkeep\n|\n|t:|1781408933\n|switch|p1a: Dondozo|Dondozo, L78, M|362/362\n|-damage|p1a: Dondozo|317/362|[from] Stealth Rock\n|turn|10\n|\n|t:|1781408937\n|switch|p1a: Regice|Regice, L88|195/284\n|move|p2a: Great Tusk|Close Combat|p1a: Regice\n|-supereffective|p1a: Regice\n|-damage|p1a: Regice|0 fnt\n|-unboost|p2a: Great Tusk|def|1\n|-unboost|p2a: Great Tusk|spd|1\n|faint|p1a: Regice\n|\n|upkeep\n|\n|t:|1781408944\n|switch|p1a: Tornadus|Tornadus-Therian, L79, M|254/254\n|-damage|p1a: Tornadus|191/254|[from] Stealth Rock\n|turn|11\n|\n|t:|1781408963\n|move|p1a: Tornadus|Bleakwind Storm|p2a: Great Tusk\n|-supereffective|p2a: Great Tusk\n|-damage|p2a: Great Tusk|0 fnt\n|faint|p2a: Great Tusk\n|-end|p2a: Great Tusk|Protosynthesis|[silent]\n|\n|upkeep\n|\n|t:|1781408971\n|switch|p2a: Necrozma|Necrozma, L80|286/286\n|turn|12\n|inactive|moomoo798 has 120 seconds left.\n|\n|t:|1781409013\n|move|p1a: Tornadus|U-turn|p2a: Necrozma\n|-supereffective|p2a: Necrozma\n|-damage|p2a: Necrozma|219/286\n|-enditem|p2a: Necrozma|Weakness Policy\n|-boost|p2a: Necrozma|atk|2|[from] item: Weakness Policy\n|-boost|p2a: Necrozma|spa|2|[from] item: Weakness Policy\n|\n|t:|1781409015\n|switch|p1a: Dondozo|Dondozo, L78, M|317/362|[from] U-turn\n|-damage|p1a: Dondozo|272/362|[from] Stealth Rock\n|move|p2a: Necrozma|Photon Geyser|p1a: Dondozo\n|-damage|p1a: Dondozo|0 fnt\n|faint|p1a: Dondozo\n|\n|upkeep\n|\n|t:|1781409034\n|switch|p1a: Jirachi|Jirachi, L80|291/291\n|-damage|p1a: Jirachi|273/291|[from] Stealth Rock\n|turn|13\n|\n|t:|1781409038\n|move|p1a: Jirachi|Iron Head|p2a: Necrozma\n|-damage|p2a: Necrozma|149/286\n|cant|p2a: Necrozma|flinch\n|\n|-heal|p1a: Jirachi|291/291|[from] item: Leftovers\n|upkeep\n|turn|14\n|\n|t:|1781409041\n|move|p1a: Jirachi|Iron Head|p2a: Necrozma\n|-damage|p2a: Necrozma|74/286\n|cant|p2a: Necrozma|flinch\n|\n|upkeep\n|turn|15\n|\n|t:|1781409052\n|move|p1a: Jirachi|Iron Head|p2a: Necrozma\n|-damage|p2a: Necrozma|0 fnt\n|faint|p2a: Necrozma\n|\n|upkeep\n|\n|t:|1781409056\n|switch|p2a: Golurk|Golurk, L87|297/297\n|turn|16\n|\n|t:|1781409060\n|move|p1a: Jirachi|Iron Head|p2a: Golurk\n|-damage|p2a: Golurk|221/297\n|move|p2a: Golurk|Poltergeist|p1a: Jirachi\n|-activate|p1a: Jirachi|move: Poltergeist|Leftovers\n|-supereffective|p1a: Jirachi\n|-damage|p1a: Jirachi|0 fnt\n|faint|p1a: Jirachi\n|\n|upkeep\n|\n|t:|1781409073\n|switch|p1a: Dusknoir|Dusknoir, L89, F|225/225\n|-damage|p1a: Dusknoir|197/225|[from] Stealth Rock\n|-item|p2a: Golurk|Choice Band|[from] ability: Frisk|[of] p1a: Dusknoir\n|turn|17\n|\n|t:|1781409079\n|switch|p2a: Hydrapple|Hydrapple, L83, M|312/312\n|-terastallize|p1a: Dusknoir|Fairy\n|move|p1a: Dusknoir|Poltergeist|p2a: Hydrapple\n|-activate|p2a: Hydrapple|move: Poltergeist|Assault Vest\n|-damage|p2a: Hydrapple|192/312\n|\n|-heal|p1a: Dusknoir|211/225|[from] item: Leftovers\n|upkeep\n|turn|18\n|\n|t:|1781409089\n|switch|p1a: Tornadus|Tornadus-Therian, L79, M|254/254\n|-damage|p1a: Tornadus|191/254|[from] Stealth Rock\n|move|p2a: Hydrapple|Earth Power|p1a: Tornadus\n|-immune|p1a: Tornadus\n|\n|upkeep\n|turn|19\n|\n|t:|1781409096\n|move|p1a: Tornadus|Knock Off|p2a: Hydrapple\n|-damage|p2a: Hydrapple|136/312\n|-enditem|p2a: Hydrapple|Assault Vest|[from] move: Knock Off|[of] p1a: Tornadus\n|move|p2a: Hydrapple|Fickle Beam|p1a: Tornadus\n|-damage|p1a: Tornadus|127/254\n|\n|upkeep\n|turn|20\n|\n|t:|1781409105\n|move|p1a: Tornadus|Bleakwind Storm|p2a: Hydrapple\n|-supereffective|p2a: Hydrapple\n|-damage|p2a: Hydrapple|0 fnt\n|faint|p2a: Hydrapple\n|\n|upkeep\n|\n|t:|1781409111\n|switch|p2a: Golurk|Golurk, L87|221/297\n|turn|21\n|\n|t:|1781409130\n|move|p1a: Tornadus|Knock Off|p2a: Golurk\n|-supereffective|p2a: Golurk\n|-damage|p2a: Golurk|99/297\n|-enditem|p2a: Golurk|Choice Band|[from] move: Knock Off|[of] p1a: Tornadus\n|move|p2a: Golurk|Poltergeist|p1a: Tornadus\n|-activate|p1a: Tornadus|move: Poltergeist|Assault Vest\n|-damage|p1a: Tornadus|0 fnt\n|faint|p1a: Tornadus\n|\n|upkeep\n|\n|t:|1781409132\n|switch|p1a: Dusknoir|Dusknoir, L89, F, tera:Fairy|211/225\n|-damage|p1a: Dusknoir|183/225|[from] Stealth Rock\n|turn|22\n|\n|t:|1781409135\n|move|p1a: Dusknoir|Shadow Sneak|p2a: Golurk\n|-supereffective|p2a: Golurk\n|-damage|p2a: Golurk|1/297\n|move|p2a: Golurk|Poltergeist|p1a: Dusknoir\n|-activate|p1a: Dusknoir|move: Poltergeist|Leftovers\n|-damage|p1a: Dusknoir|77/225\n|\n|-heal|p1a: Dusknoir|91/225|[from] item: Leftovers\n|upkeep\n|turn|23\n|\n|t:|1781409138\n|move|p1a: Dusknoir|Shadow Sneak|p2a: Golurk\n|-supereffective|p2a: Golurk\n|-damage|p2a: Golurk|0 fnt\n|faint|p2a: Golurk\n|\n|-heal|p1a: Dusknoir|105/225|[from] item: Leftovers\n|upkeep\n|\n|t:|1781409140\n|switch|p2a: Reuniclus|Reuniclus, L88, F|337/337\n|turn|24\n|\n|t:|1781409151\n|-terastallize|p2a: Reuniclus|Steel\n|move|p1a: Dusknoir|Pain Split|p2a: Reuniclus\n|-sethp|p2a: Reuniclus|221/337|[from] move: Pain Split|[silent]\n|-sethp|p1a: Dusknoir|221/225|[from] move: Pain Split\n|move|p2a: Reuniclus|Psychic|p1a: Dusknoir\n|-damage|p1a: Dusknoir|100/225\n|\n|-heal|p1a: Dusknoir|114/225|[from] item: Leftovers\n|upkeep\n|turn|25\n|\n|t:|1781409157\n|move|p1a: Dusknoir|Poltergeist|p2a: Reuniclus\n|-activate|p2a: Reuniclus|move: Poltergeist|Life Orb\n|-damage|p2a: Reuniclus|71/337\n|move|p2a: Reuniclus|Psychic|p1a: Dusknoir\n|-damage|p1a: Dusknoir|5/225\n|\n|-heal|p1a: Dusknoir|19/225|[from] item: Leftovers\n|upkeep\n|turn|26\n|\n|t:|1781409162\n|move|p1a: Dusknoir|Poltergeist|p2a: Reuniclus\n|-activate|p2a: Reuniclus|move: Poltergeist|Life Orb\n|-damage|p2a: Reuniclus|0 fnt\n|faint|p2a: Reuniclus\n|\n|win|moomoo798\n|raw|moomoo798's rating: 1915 &rarr; <strong>1939</strong><br />(+24 for winning)\n|raw|bonbonbo's rating: 1979 &rarr; <strong>1955</strong><br />(-24 for losing)\n", "inputlog": ">version a8376a258c1d4662feba110a92103f3664a72141\n>start {\"formatid\":\"gen9randombattle\",\"seed\":\"sodium,b54492ae54441f74cfa3dd9cd6b8e635\",\"rated\":\"Rated battle\"}\n>player p1 {\"name\":\"moomoo798\",\"avatar\":\"jasmine\",\"rating\":1915,\"seed\":\"sodium,e74cfd7b897587c10f4731029895ecd7\"}\n>player p2 {\"name\":\"bonbonbo\",\"avatar\":\"170\",\"rating\":1979,\"seed\":\"sodium,d71a454862adc16a0cdca286725187af\"}\n>p1 move wavecrash\n>p2 switch 4\n>p1 switch 5\n>p2 move earthpower\n>p1 move icebeam\n>p2 switch 3\n>p1 switch 5\n>p2 move stealthrock\n>p1 move wavecrash\n>p2 switch 3\n>p1 switch 5\n>p2 move dragontail\n>p1 move knockoff\n>p2 switch 3\n>p2 switch 6\n>p1 move overheat\n>p2 move knockoff\n>p1 move uturn\n>p2 move closecombat\n>p1 switch 5\n>p1 switch 2\n>p2 move closecombat\n>p1 switch 3\n>p1 move bleakwindstorm\n>p2 move knockoff\n>p2 switch 5\n>p1 move uturn\n>p2 move photongeyser\n>p1 switch 2\n>p1 switch 6\n>p1 move ironhead\n>p2 move dragondance\n>p1 move ironhead\n>p2 move dragondance\n>p1 move ironhead\n>p2 move dragondance\n>p2 switch 4\n>p1 move ironhead\n>p2 move poltergeist\n>p1 switch 4\n>p1 move poltergeist terastallize\n>p2 switch 3\n>p1 switch 2\n>p2 move earthpower\n>p1 move knockoff\n>p2 move ficklebeam\n>p1 move bleakwindstorm\n>p2 move ficklebeam\n>p2 switch 3\n>p1 move knockoff\n>p2 move poltergeist\n>p1 switch 2\n>p1 move shadowsneak\n>p2 move poltergeist\n>p1 move shadowsneak\n>p2 move poltergeist\n>p2 switch 2\n>p1 move painsplit\n>p2 move psychic terastallize\n>p1 move poltergeist\n>p2 move psychic\n>p1 move poltergeist\n>p2 move psychic", "uploadtime": 1781408833, "views": 5, "formatid": "gen9randombattle", "rating": 1939, "private": 0, "password": null}