{"id": "gen9randombattle-2631897574", "format": "[Gen 9] Random Battle", "players": ["KlausUnbound", "JAVASB"], "log": "|j|\u2606KlausUnbound\n|j|\u2606JAVASB\n|t:|1781453286\n|gametype|singles\n|player|p1|KlausUnbound|heroine2-conquest|2228\n|player|p2|JAVASB|101|2180\n|gen|9\n|tier|[Gen 9] Random Battle\n|rated|\n|rule|Species Clause: Limit one of each Pok\u00e9mon\n|rule|HP Percentage Mod: HP is shown in percentages\n|rule|Sleep Clause Mod: Limit one foe put to sleep\n|rule|Illusion Level Mod: Illusion disguises the Pok\u00e9mon's true level\n|\n|t:|1781453286\n|teamsize|p1|6\n|teamsize|p2|6\n|start\n|switch|p1a: Conkeldurr|Conkeldurr, L80, F|299/299\n|switch|p2a: Avalugg|Avalugg, L88, F|310/310\n|turn|1\n|inactive|Battle timer is ON: inactive players will automatically lose when time's up. (requested by KlausUnbound)\n|\n|t:|1781453297\n|-terastallize|p2a: Avalugg|Fighting\n|move|p1a: Conkeldurr|Knock Off|p2a: Avalugg\n|-resisted|p2a: Avalugg\n|-damage|p2a: Avalugg|289/310\n|-enditem|p2a: Avalugg|Heavy-Duty Boots|[from] move: Knock Off|[of] p1a: Conkeldurr\n|move|p2a: Avalugg|Body Press|p1a: Conkeldurr\n|-damage|p1a: Conkeldurr|146/299\n|\n|-status|p1a: Conkeldurr|brn|[from] item: Flame Orb\n|upkeep\n|turn|2\n|\n|t:|1781453305\n|move|p1a: Conkeldurr|Facade|p2a: Avalugg\n|-damage|p2a: Avalugg|193/310\n|move|p2a: Avalugg|Avalanche|p1a: Conkeldurr\n|-crit|p1a: Conkeldurr\n|-damage|p1a: Conkeldurr|0 fnt\n|faint|p1a: Conkeldurr\n|\n|upkeep\n|\n|t:|1781453311\n|switch|p1a: Florges|Florges-Yellow, L85, F|271/271\n|turn|3\n|\n|t:|1781453318\n|switch|p2a: Dudunsparce|Dudunsparce, L83, M|343/343\n|move|p1a: Florges|Calm Mind|p1a: Florges\n|-boost|p1a: Florges|spa|1\n|-boost|p1a: Florges|spd|1\n|\n|upkeep\n|turn|4\n|\n|t:|1781453321\n|move|p1a: Florges|Moonblast|p2a: Dudunsparce\n|-damage|p2a: Dudunsparce|132/343\n|move|p2a: Dudunsparce|Toxic|p1a: Florges\n|-status|p1a: Florges|tox\n|\n|-heal|p2a: Dudunsparce|153/343|[from] item: Leftovers\n|-damage|p1a: Florges|255/271 tox|[from] psn\n|upkeep\n|turn|5\n|\n|t:|1781453325\n|switch|p2a: Armarouge|Armarouge, L80, F|267/267\n|move|p1a: Florges|Moonblast|p2a: Armarouge\n|-resisted|p2a: Armarouge\n|-damage|p2a: Armarouge|171/267\n|\n|-heal|p1a: Florges|271/271 tox|[from] item: Leftovers\n|-damage|p1a: Florges|239/271 tox|[from] psn\n|upkeep\n|turn|6\n|\n|t:|1781453331\n|move|p1a: Florges|Moonblast|p2a: Armarouge\n|-resisted|p2a: Armarouge\n|-damage|p2a: Armarouge|65/267\n|-unboost|p2a: Armarouge|spa|1\n|move|p2a: Armarouge|Psyshock|p1a: Florges\n|-damage|p1a: Florges|134/271 tox\n|\n|-heal|p1a: Florges|150/271 tox|[from] item: Leftovers\n|-damage|p1a: Florges|102/271 tox|[from] psn\n|upkeep\n|turn|7\n|\n|t:|1781453335\n|move|p1a: Florges|Moonblast|p2a: Armarouge\n|-resisted|p2a: Armarouge\n|-damage|p2a: Armarouge|0 fnt\n|faint|p2a: Armarouge\n|\n|-heal|p1a: Florges|118/271 tox|[from] item: Leftovers\n|-damage|p1a: Florges|54/271 tox|[from] psn\n|upkeep\n|\n|t:|1781453337\n|switch|p2a: Bombirdier|Bombirdier, L85, F|258/258\n|turn|8\n|\n|t:|1781453340\n|move|p2a: Bombirdier|Knock Off|p1a: Florges\n|-resisted|p1a: Florges\n|-crit|p1a: Florges\n|-damage|p1a: Florges|0 fnt\n|-enditem|p1a: Florges|Leftovers|[from] move: Knock Off|[of] p2a: Bombirdier\n|faint|p1a: Florges\n|\n|upkeep\n|\n|t:|1781453359\n|switch|p1a: Grafaiai|Grafaiai, L86, F|249/249\n|turn|9\n|\n|t:|1781453365\n|move|p1a: Grafaiai|Super Fang|p2a: Bombirdier\n|-damage|p2a: Bombirdier|129/258\n|move|p2a: Bombirdier|Knock Off|p1a: Grafaiai\n|-damage|p1a: Grafaiai|41/249\n|-enditem|p1a: Grafaiai|Assault Vest|[from] move: Knock Off|[of] p2a: Bombirdier\n|\n|upkeep\n|turn|10\n|\n|t:|1781453369\n|move|p1a: Grafaiai|Gunk Shot|p2a: Bombirdier\n|-damage|p2a: Bombirdier|0 fnt\n|faint|p2a: Bombirdier\n|\n|upkeep\n|\n|t:|1781453375\n|switch|p2a: Avalugg|Avalugg, L88, F, tera:Fighting|193/310\n|turn|11\n|\n|t:|1781453380\n|move|p1a: Grafaiai|Super Fang|p2a: Avalugg\n|-damage|p2a: Avalugg|97/310\n|move|p2a: Avalugg|Rapid Spin|p1a: Grafaiai\n|-damage|p1a: Grafaiai|0 fnt\n|-boost|p2a: Avalugg|spe|1\n|faint|p1a: Grafaiai\n|\n|upkeep\n|\n|t:|1781453387\n|switch|p1a: Shaymin|Shaymin, L82|298/298\n|turn|12\n|\n|t:|1781453393\n|move|p1a: Shaymin|Air Slash|p2a: Avalugg|[miss]\n|-miss|p1a: Shaymin|p2a: Avalugg\n|move|p2a: Avalugg|Avalanche|p1a: Shaymin\n|-supereffective|p1a: Shaymin\n|-damage|p1a: Shaymin|140/298\n|\n|-heal|p1a: Shaymin|158/298|[from] item: Leftovers\n|upkeep\n|turn|13\n|\n|t:|1781453399\n|move|p1a: Shaymin|Air Slash|p2a: Avalugg\n|-supereffective|p2a: Avalugg\n|-damage|p2a: Avalugg|0 fnt\n|faint|p2a: Avalugg\n|\n|-heal|p1a: Shaymin|176/298|[from] item: Leftovers\n|upkeep\n|\n|t:|1781453405\n|switch|p2a: Dudunsparce|Dudunsparce, L83, M|153/343\n|turn|14\n|\n|t:|1781453413\n|move|p1a: Shaymin|Air Slash|p2a: Dudunsparce\n|-damage|p2a: Dudunsparce|95/343\n|move|p2a: Dudunsparce|Boomburst|p1a: Shaymin\n|-damage|p1a: Shaymin|50/298\n|\n|-heal|p1a: Shaymin|68/298|[from] item: Leftovers\n|-heal|p2a: Dudunsparce|116/343|[from] item: Leftovers\n|upkeep\n|turn|15\n|\n|t:|1781453417\n|move|p1a: Shaymin|Seed Flare|p2a: Dudunsparce\n|-damage|p2a: Dudunsparce|0 fnt\n|faint|p2a: Dudunsparce\n|\n|-heal|p1a: Shaymin|86/298|[from] item: Leftovers\n|upkeep\n|\n|t:|1781453421\n|switch|p2a: Gurdurr|Gurdurr, L85, M|283/283\n|turn|16\n|\n|t:|1781453425\n|move|p1a: Shaymin|Synthesis|p1a: Shaymin\n|-heal|p1a: Shaymin|235/298\n|move|p2a: Gurdurr|Drain Punch|p1a: Shaymin\n|-damage|p1a: Shaymin|148/298\n|\n|-heal|p1a: Shaymin|166/298|[from] item: Leftovers\n|upkeep\n|turn|17\n|\n|t:|1781453428\n|move|p1a: Shaymin|Synthesis|p1a: Shaymin\n|-heal|p1a: Shaymin|298/298\n|move|p2a: Gurdurr|Bulk Up|p2a: Gurdurr\n|-boost|p2a: Gurdurr|atk|1\n|-boost|p2a: Gurdurr|def|1\n|\n|upkeep\n|turn|18\n|\n|t:|1781453432\n|move|p1a: Shaymin|Seed Flare|p2a: Gurdurr\n|-damage|p2a: Gurdurr|162/283\n|-unboost|p2a: Gurdurr|spd|2\n|move|p2a: Gurdurr|Bulk Up|p2a: Gurdurr\n|-boost|p2a: Gurdurr|atk|1\n|-boost|p2a: Gurdurr|def|1\n|\n|upkeep\n|turn|19\n|\n|t:|1781453435\n|move|p1a: Shaymin|Air Slash|p2a: Gurdurr\n|-supereffective|p2a: Gurdurr\n|-damage|p2a: Gurdurr|0 fnt\n|faint|p2a: Gurdurr\n|\n|upkeep\n|-message|JAVASB forfeited.\n|\n|win|KlausUnbound\n", "inputlog": ">version a8376a258c1d4662feba110a92103f3664a72141\n>start {\"formatid\":\"gen9randombattle\",\"seed\":\"sodium,6c8a779dd0d161fb5107a949fba037dd\",\"rated\":\"Rated battle\"}\n>player p1 {\"name\":\"KlausUnbound\",\"avatar\":\"heroine2-conquest\",\"rating\":2228,\"seed\":\"sodium,73bc4966d23dc82ab2138cbf42a0c2f2\"}\n>player p2 {\"name\":\"JAVASB\",\"avatar\":\"101\",\"rating\":2180,\"seed\":\"sodium,f7e6616917043e03f56b71fffc783ebc\"}\n>p1 move knockoff\n>p2 move bodypress terastallize\n>p1 move facade\n>p2 move avalanche\n>p1 switch 3\n>p1 move calmmind\n>p2 switch 4\n>p1 move moonblast\n>p2 move toxic\n>p1 move moonblast\n>p2 switch 3\n>p1 move moonblast\n>p2 move psyshock\n>p1 move moonblast\n>p2 move psyshock\n>p2 switch 6\n>p1 move synthesis\n>p2 move knockoff\n>p1 switch 5\n>p1 move superfang\n>p2 move knockoff\n>p1 move gunkshot\n>p2 move knockoff\n>p2 switch 4\n>p1 move superfang\n>p2 move rapidspin\n>p1 switch 4\n>p1 move airslash\n>p2 move avalanche\n>p1 move airslash\n>p2 move avalanche\n>p2 switch 3\n>p1 move airslash\n>p2 move boomburst\n>p1 move seedflare\n>p2 move boomburst\n>p2 switch 2\n>p1 move synthesis\n>p2 move drainpunch\n>p1 move synthesis\n>p2 move bulkup\n>p1 move seedflare\n>p2 move bulkup\n>p1 move airslash\n>p2 move drainpunch\n>forcelose p2", "uploadtime": 1781453288, "views": 6, "formatid": "gen9randombattle", "rating": null, "private": 0, "password": null}