{"id": "gen9randombattle-2631679948", "format": "[Gen 9] Random Battle", "players": ["Jadasteel", "i use luck"], "log": "|j|\u2606Jadasteel\n|j|\u2606i use luck\n|t:|1781420399\n|gametype|singles\n|player|p1|Jadasteel|fantina|2108\n|player|p2|i use luck|lucas|2082\n|gen|9\n|tier|[Gen 9] Random Battle\n|rated|\n|rule|Species Clause: Limit one of each Pok\u00e9mon\n|rule|HP Percentage Mod: HP is shown in percentages\n|rule|Sleep Clause Mod: Limit one foe put to sleep\n|rule|Illusion Level Mod: Illusion disguises the Pok\u00e9mon's true level\n|\n|t:|1781420399\n|teamsize|p1|6\n|teamsize|p2|6\n|start\n|switch|p1a: Cinderace|Cinderace, L77, F|249/249\n|switch|p2a: Brambleghast|Brambleghast, L88, F|240/240\n|turn|1\n|inactive|Battle timer is ON: inactive players will automatically lose when time's up. (requested by Jadasteel)\n|\n|t:|1781420415\n|move|p1a: Cinderace|U-turn|p2a: Brambleghast\n|-start|p1a: Cinderace|typechange|Bug|[from] ability: Libero\n|-damage|p2a: Brambleghast|114/240\n|\n|t:|1781420420\n|switch|p1a: Farigiraf|Farigiraf, L90, F|362/362|[from] U-turn\n|move|p2a: Brambleghast|Spikes|p1a: Farigiraf\n|-sidestart|p1: Jadasteel|Spikes\n|\n|-heal|p2a: Brambleghast|129/240|[from] item: Leftovers\n|upkeep\n|turn|2\n|inactive|i use luck has 120 seconds left.\n|\n|t:|1781420454\n|move|p2a: Brambleghast|Spikes|p1a: Farigiraf\n|-sidestart|p1: Jadasteel|Spikes\n|move|p1a: Farigiraf|Psychic Noise|p2a: Brambleghast\n|-damage|p2a: Brambleghast|8/240\n|-start|p2a: Brambleghast|move: Heal Block\n|\n|upkeep\n|turn|3\n|inactive|i use luck has 120 seconds left.\n|\n|t:|1781420480\n|switch|p2a: Vikavolt|Vikavolt, L83, M|263/263\n|move|p1a: Farigiraf|Psychic Noise|p2a: Vikavolt\n|-damage|p2a: Vikavolt|143/263\n|-start|p2a: Vikavolt|move: Heal Block\n|\n|upkeep\n|turn|4\n|\n|t:|1781420498\n|switch|p1a: Latias|Latias, L79, F|256/256\n|move|p2a: Vikavolt|Sticky Web|p1a: Latias\n|-sidestart|p1: Jadasteel|move: Sticky Web\n|\n|-end|p2a: Vikavolt|move: Heal Block\n|upkeep\n|turn|5\n|\n|t:|1781420511\n|switch|p2a: Brambleghast|Brambleghast, L88, F|8/240\n|-terastallize|p1a: Latias|Steel\n|move|p1a: Latias|Calm Mind|p1a: Latias\n|-boost|p1a: Latias|spa|1\n|-boost|p1a: Latias|spd|1\n|\n|-heal|p2a: Brambleghast|23/240|[from] item: Leftovers\n|upkeep\n|turn|6\n|\n|t:|1781420519\n|move|p1a: Latias|Psyshock|p2a: Brambleghast\n|-damage|p2a: Brambleghast|0 fnt\n|faint|p2a: Brambleghast\n|\n|upkeep\n|inactive|i use luck has 90 seconds left.\n|inactive|i use luck has 60 seconds left.\n|\n|t:|1781420584\n|switch|p2a: Armarouge|Armarouge, L80, F|267/267\n|turn|7\n|\n|t:|1781420592\n|switch|p2a: Vikavolt|Vikavolt, L83, M|143/263\n|move|p1a: Latias|Draco Meteor|p2a: Vikavolt\n|-damage|p2a: Vikavolt|0 fnt\n|-unboost|p1a: Latias|spa|2\n|faint|p2a: Vikavolt\n|\n|upkeep\n|\n|t:|1781420599\n|switch|p2a: Armarouge|Armarouge, L80, F|267/267\n|turn|8\n|\n|t:|1781420609\n|move|p1a: Latias|Calm Mind|p1a: Latias\n|-boost|p1a: Latias|spa|1\n|-boost|p1a: Latias|spd|1\n|move|p2a: Armarouge|Meteor Beam||[still]\n|-prepare|p2a: Armarouge|Meteor Beam\n|-boost|p2a: Armarouge|spa|1\n|-enditem|p2a: Armarouge|Power Herb\n|-anim|p2a: Armarouge|Meteor Beam|p1a: Latias\n|-resisted|p1a: Latias\n|-damage|p1a: Latias|230/256\n|\n|upkeep\n|turn|9\n|inactive|i use luck has 60 seconds left.\n|\n|t:|1781420638\n|move|p1a: Latias|Calm Mind|p1a: Latias\n|-boost|p1a: Latias|spa|1\n|-boost|p1a: Latias|spd|1\n|move|p2a: Armarouge|Armor Cannon|p1a: Latias\n|-supereffective|p1a: Latias\n|-damage|p1a: Latias|102/256\n|-unboost|p2a: Armarouge|def|1\n|-unboost|p2a: Armarouge|spd|1\n|\n|upkeep\n|turn|10\n|\n|t:|1781420649\n|move|p1a: Latias|Recover|p1a: Latias\n|-heal|p1a: Latias|230/256\n|move|p2a: Armarouge|Armor Cannon|p1a: Latias\n|-supereffective|p1a: Latias\n|-damage|p1a: Latias|96/256\n|-unboost|p2a: Armarouge|def|1\n|-unboost|p2a: Armarouge|spd|1\n|\n|upkeep\n|turn|11\n|inactive|i use luck has 60 seconds left.\n|\n|t:|1781420656\n|move|p1a: Latias|Draco Meteor|p2a: Armarouge\n|-damage|p2a: Armarouge|0 fnt\n|-unboost|p1a: Latias|spa|2\n|faint|p2a: Armarouge\n|\n|upkeep\n|inactive|i use luck has 60 seconds left.\n|inactive|i use luck has 30 seconds left.\n|inactive|i use luck has 20 seconds left.\n|inactive|i use luck has 15 seconds left.\n|\n|t:|1781420710\n|switch|p2a: Coalossal|Coalossal, L89, F|341/341\n|turn|12\n|inactive|i use luck has 25 seconds left this turn.\n|inactive|i use luck has 20 seconds left.\n|inactive|i use luck has 15 seconds left.\n|\n|t:|1781420723\n|move|p1a: Latias|Recover|p1a: Latias\n|-heal|p1a: Latias|224/256\n|move|p2a: Coalossal|Overheat|p1a: Latias\n|-supereffective|p1a: Latias\n|-damage|p1a: Latias|144/256\n|-unboost|p2a: Coalossal|spa|2\n|\n|upkeep\n|turn|13\n|inactive|i use luck has 25 seconds left this turn.\n|\n|t:|1781420729\n|move|p1a: Latias|Calm Mind|p1a: Latias\n|-boost|p1a: Latias|spa|1\n|-boost|p1a: Latias|spd|1\n|move|p2a: Coalossal|Overheat|p1a: Latias\n|-supereffective|p1a: Latias\n|-damage|p1a: Latias|108/256\n|-unboost|p2a: Coalossal|spa|2\n|\n|upkeep\n|turn|14\n|\n|t:|1781420732\n|move|p1a: Latias|Recover|p1a: Latias\n|-heal|p1a: Latias|236/256\n|move|p2a: Coalossal|Overheat|p1a: Latias\n|-supereffective|p1a: Latias\n|-damage|p1a: Latias|210/256\n|-unboost|p2a: Coalossal|spa|2\n|\n|upkeep\n|turn|15\n|\n|t:|1781420734\n|move|p1a: Latias|Calm Mind|p1a: Latias\n|-boost|p1a: Latias|spa|1\n|-boost|p1a: Latias|spd|1\n|move|p2a: Coalossal|Overheat|p1a: Latias\n|-supereffective|p1a: Latias\n|-damage|p1a: Latias|192/256\n|\n|upkeep\n|turn|16\n|\n|t:|1781420741\n|move|p1a: Latias|Calm Mind|p1a: Latias\n|-boost|p1a: Latias|spa|1\n|-boost|p1a: Latias|spd|1\n|move|p2a: Coalossal|Overheat|p1a: Latias\n|-supereffective|p1a: Latias\n|-damage|p1a: Latias|174/256\n|\n|upkeep\n|turn|17\n|\n|t:|1781420743\n|move|p1a: Latias|Draco Meteor|p2a: Coalossal\n|-damage|p2a: Coalossal|43/341\n|-unboost|p1a: Latias|spa|2\n|move|p2a: Coalossal|Overheat|p1a: Latias\n|-supereffective|p1a: Latias\n|-damage|p1a: Latias|160/256\n|\n|upkeep\n|turn|18\n|\n|t:|1781420747\n|move|p1a: Latias|Psyshock|p2a: Coalossal\n|-damage|p2a: Coalossal|0 fnt\n|faint|p2a: Coalossal\n|\n|upkeep\n|\n|t:|1781420750\n|switch|p2a: Eternatus|Eternatus, L69|308/308\n|-ability|p2a: Eternatus|Pressure\n|turn|19\n|\n|t:|1781420758\n|move|p2a: Eternatus|Flamethrower|p1a: Latias\n|-supereffective|p1a: Latias\n|-damage|p1a: Latias|134/256\n|move|p1a: Latias|Recover|p1a: Latias\n|-heal|p1a: Latias|256/256\n|\n|upkeep\n|turn|20\n|\n|t:|1781420762\n|move|p2a: Eternatus|Flamethrower|p1a: Latias\n|-supereffective|p1a: Latias\n|-damage|p1a: Latias|232/256\n|move|p1a: Latias|Psyshock|p2a: Eternatus\n|-supereffective|p2a: Eternatus\n|-damage|p2a: Eternatus|90/308\n|\n|upkeep\n|turn|21\n|\n|t:|1781420769\n|move|p2a: Eternatus|Flamethrower|p1a: Latias\n|-supereffective|p1a: Latias\n|-damage|p1a: Latias|206/256\n|move|p1a: Latias|Psyshock|p2a: Eternatus\n|-supereffective|p2a: Eternatus\n|-damage|p2a: Eternatus|0 fnt\n|faint|p2a: Eternatus\n|\n|upkeep\n|\n|t:|1781420771\n|switch|p2a: Sandaconda|Sandaconda, L84, M|258/258\n|turn|22\n|\n|t:|1781420777\n|move|p1a: Latias|Calm Mind|p1a: Latias\n|-boost|p1a: Latias|spa|1\n|-boost|p1a: Latias|spd|0\n|move|p2a: Sandaconda|Glare|p1a: Latias\n|-status|p1a: Latias|par\n|\n|upkeep\n|turn|23\n|\n|t:|1781420782\n|move|p2a: Sandaconda|Coil|p2a: Sandaconda\n|-boost|p2a: Sandaconda|atk|1\n|-boost|p2a: Sandaconda|def|1\n|-boost|p2a: Sandaconda|accuracy|1\n|move|p1a: Latias|Calm Mind|p1a: Latias\n|-boost|p1a: Latias|spa|1\n|-boost|p1a: Latias|spd|0\n|\n|upkeep\n|turn|24\n|\n|t:|1781420788\n|move|p2a: Sandaconda|Coil|p2a: Sandaconda\n|-boost|p2a: Sandaconda|atk|1\n|-boost|p2a: Sandaconda|def|1\n|-boost|p2a: Sandaconda|accuracy|1\n|cant|p1a: Latias|par\n|\n|upkeep\n|turn|25\n|\n|t:|1781420790\n|move|p2a: Sandaconda|Stone Edge|p1a: Latias\n|-resisted|p1a: Latias\n|-damage|p1a: Latias|122/256 par\n|move|p1a: Latias|Draco Meteor|p2a: Sandaconda|[miss]\n|-miss|p1a: Latias|p2a: Sandaconda\n|\n|upkeep\n|turn|26\n|\n|t:|1781420795\n|move|p2a: Sandaconda|Stone Edge|p1a: Latias\n|-resisted|p1a: Latias\n|-damage|p1a: Latias|48/256 par\n|move|p1a: Latias|Draco Meteor|p2a: Sandaconda|[miss]\n|-miss|p1a: Latias|p2a: Sandaconda\n|\n|upkeep\n|turn|27\n|\n|t:|1781420799\n|move|p2a: Sandaconda|Stone Edge|p1a: Latias\n|-resisted|p1a: Latias\n|-damage|p1a: Latias|0 fnt\n|faint|p1a: Latias\n|\n|upkeep\n|\n|t:|1781420809\n|switch|p1a: Torterra|Torterra, L78, F|276/276\n|-damage|p1a: Torterra|230/276|[from] Spikes\n|-activate|p1a: Torterra|move: Sticky Web\n|-unboost|p1a: Torterra|spe|1\n|turn|28\n|\n|t:|1781420828\n|move|p2a: Sandaconda|Coil|p2a: Sandaconda\n|-boost|p2a: Sandaconda|atk|1\n|-boost|p2a: Sandaconda|def|1\n|-boost|p2a: Sandaconda|accuracy|1\n|move|p1a: Torterra|Shell Smash|p1a: Torterra\n|-unboost|p1a: Torterra|def|1\n|-unboost|p1a: Torterra|spd|1\n|-boost|p1a: Torterra|atk|2\n|-boost|p1a: Torterra|spa|2\n|-boost|p1a: Torterra|spe|2\n|\n|upkeep\n|turn|29\n|\n|t:|1781420837\n|-terastallize|p2a: Sandaconda|Dragon\n|move|p1a: Torterra|Bullet Seed|p2a: Sandaconda\n|-resisted|p2a: Sandaconda\n|-damage|p2a: Sandaconda|250/258\n|-resisted|p2a: Sandaconda\n|-crit|p2a: Sandaconda\n|-damage|p2a: Sandaconda|222/258\n|-resisted|p2a: Sandaconda\n|-damage|p2a: Sandaconda|213/258\n|-resisted|p2a: Sandaconda\n|-damage|p2a: Sandaconda|205/258\n|-hitcount|p2a: Sandaconda|4\n|move|p2a: Sandaconda|Earthquake|p1a: Torterra\n|-resisted|p1a: Torterra\n|-damage|p1a: Torterra|40/276\n|\n|-heal|p2a: Sandaconda|221/258|[from] item: Leftovers\n|upkeep\n|turn|30\n|\n|t:|1781420853\n|move|p1a: Torterra|Headlong Rush|p2a: Sandaconda\n|-damage|p2a: Sandaconda|146/258\n|-unboost|p1a: Torterra|def|1\n|-unboost|p1a: Torterra|spd|1\n|move|p2a: Sandaconda|Earthquake|p1a: Torterra\n|-resisted|p1a: Torterra\n|-damage|p1a: Torterra|0 fnt\n|faint|p1a: Torterra\n|\n|-heal|p2a: Sandaconda|162/258|[from] item: Leftovers\n|upkeep\n|\n|t:|1781420858\n|switch|p1a: Farigiraf|Farigiraf, L90, F|362/362\n|-damage|p1a: Farigiraf|302/362|[from] Spikes\n|-activate|p1a: Farigiraf|move: Sticky Web\n|-unboost|p1a: Farigiraf|spe|1\n|turn|31\n|\n|t:|1781420862\n|move|p2a: Sandaconda|Earthquake|p1a: Farigiraf\n|-damage|p1a: Farigiraf|0 fnt\n|faint|p1a: Farigiraf\n|\n|-heal|p2a: Sandaconda|178/258|[from] item: Leftovers\n|upkeep\n|c|\u2606i use luck|SWEEEP\n|\n|t:|1781420873\n|switch|p1a: Cinderace|Cinderace, L77, F|249/249\n|-damage|p1a: Cinderace|208/249|[from] Spikes\n|-activate|p1a: Cinderace|move: Sticky Web\n|-unboost|p1a: Cinderace|spe|1\n|turn|32\n|\n|t:|1781420879\n|move|p2a: Sandaconda|Earthquake|p1a: Cinderace\n|-supereffective|p1a: Cinderace\n|-damage|p1a: Cinderace|0 fnt\n|faint|p1a: Cinderace\n|\n|-heal|p2a: Sandaconda|194/258|[from] item: Leftovers\n|upkeep\n|\n|t:|1781420880\n|switch|p1a: Zamazenta|Zamazenta, L71|248/248\n|-damage|p1a: Zamazenta|207/248|[from] Spikes\n|-activate|p1a: Zamazenta|move: Sticky Web\n|-unboost|p1a: Zamazenta|spe|1\n|-ability|p1a: Zamazenta|Dauntless Shield|boost\n|-boost|p1a: Zamazenta|def|1\n|turn|33\n|\n|t:|1781420884\n|move|p2a: Sandaconda|Earthquake|p1a: Zamazenta\n|-damage|p1a: Zamazenta|15/248\n|move|p1a: Zamazenta|Iron Defense|p1a: Zamazenta\n|-boost|p1a: Zamazenta|def|2\n|\n|-heal|p2a: Sandaconda|210/258|[from] item: Leftovers\n|upkeep\n|turn|34\n|\n|t:|1781420887\n|move|p2a: Sandaconda|Earthquake|p1a: Zamazenta\n|-damage|p1a: Zamazenta|0 fnt\n|faint|p1a: Zamazenta\n|\n|-heal|p2a: Sandaconda|226/258|[from] item: Leftovers\n|upkeep\n|c|\u2606i use luck|omg ur so bad\n|l|\u2606Jadasteel\n|inactive|Jadasteel disconnected and has a minute to reconnect!\n|player|p1|\n|j|\u2606Jadasteel\n|inactive|Jadasteel reconnected and has 135 seconds left.\n|player|p1|Jadasteel|fantina|\n|\n|t:|1781420904\n|switch|p1a: Drednaw|Drednaw, L81, F|278/278\n|-damage|p1a: Drednaw|232/278|[from] Spikes\n|-activate|p1a: Drednaw|move: Sticky Web\n|-unboost|p1a: Drednaw|spe|1\n|-enditem|p1a: Drednaw|White Herb\n|-clearnegativeboost|p1a: Drednaw|[silent]\n|turn|35\n|-message|Jadasteel forfeited.\n|\n|win|i use luck\n|raw|Jadasteel's rating: 2108 &rarr; <strong>2087</strong><br />(-21 for losing)\n|raw|i use luck's rating: 2082 &rarr; <strong>2103</strong><br />(+21 for winning)\n|l|\u2606Jadasteel\n|player|p1|\n", "inputlog": ">version a8376a258c1d4662feba110a92103f3664a72141\n>start {\"formatid\":\"gen9randombattle\",\"seed\":\"sodium,7983706ce0ff2d979f599f62a1a9090d\",\"rated\":\"Rated battle\"}\n>player p1 {\"name\":\"Jadasteel\",\"avatar\":\"fantina\",\"rating\":2108,\"seed\":\"sodium,93bef5acc5b623172ebf0594da100f72\"}\n>player p2 {\"name\":\"i use luck\",\"avatar\":\"lucas\",\"rating\":2082,\"seed\":\"sodium,0d84844574a5c042167a2c7489ff7a6f\"}\n>p1 move uturn\n>p2 move spikes\n>p1 switch 4\n>p1 move psychicnoise\n>p2 move spikes\n>p1 move psychicnoise\n>p2 switch 3\n>p1 switch 5\n>p2 move stickyweb\n>p1 move calmmind terastallize\n>p2 switch 3\n>p1 move psyshock\n>p2 move poltergeist\n>p2 switch 6\n>p1 move dracometeor\n>p2 switch 3\n>p2 switch 3\n>p1 move calmmind\n>p2 move meteorbeam\n>p1 move calmmind\n>p2 move armorcannon\n>p1 move recover\n>p2 move armorcannon\n>p1 move dracometeor\n>p2 move armorcannon\n>p2 switch 2\n>p1 move recover\n>p2 move overheat\n>p1 move calmmind\n>p2 move overheat\n>p1 move recover\n>p2 move overheat\n>p1 move calmmind\n>p2 move overheat\n>p1 move calmmind\n>p2 move overheat\n>p1 move dracometeor\n>p2 move overheat\n>p1 move psyshock\n>p2 move overheat\n>p2 switch 5\n>p1 move recover\n>p2 move flamethrower\n>p1 move psyshock\n>p2 move flamethrower\n>p1 move psyshock\n>p2 move flamethrower\n>p2 switch 4\n>p1 move calmmind\n>p2 move glare\n>p1 move calmmind\n>p2 move coil\n>p1 move dracometeor\n>p2 move coil\n>p1 move dracometeor\n>p2 move stoneedge\n>p1 move dracometeor\n>p2 move stoneedge\n>p1 move dracometeor\n>p2 move stoneedge\n>p1 switch 6\n>p1 move shellsmash\n>p2 move coil\n>p1 move bulletseed\n>p2 move earthquake terastallize\n>p1 move headlongrush\n>p2 move earthquake\n>p1 switch 5\n>p1 move psychicnoise\n>p2 move earthquake\n>chat \u2606i use luck|SWEEEP\n>p1 switch 4\n>p1 move highjumpkick\n>p2 move earthquake\n>p1 switch 3\n>p1 move irondefense\n>p2 move earthquake\n>p1 move rest\n>p2 move earthquake\n>chat \u2606i use luck|omg ur so bad\n>p1 switch 2\n>forcelose p1", "uploadtime": 1781420914, "views": 6, "formatid": "gen9randombattle", "rating": 2087, "private": 0, "password": null}