{"id": "gen9randombattle-2631581502", "format": "[Gen 9] Random Battle", "players": ["nardodick", "inversify"], "log": "|badge|p1|bronze|gen9randombattle|100-9\n|uhtml|medal-msg|<div class=\"broadcast-blue\">Curious what those medals under the avatar are? PS now has Ladder Seasons! For more information, check out the <a href=\"https://www.smogon.com/forums/threads/3740067/\">thread on Smogon.</a></div>\n|badge|p2|bronze|gen9randombattle|100-9\n|uhtml|medal-msg|<div class=\"broadcast-blue\">Curious what those medals under the avatar are? PS now has Ladder Seasons! For more information, check out the <a href=\"https://www.smogon.com/forums/threads/3740067/\">thread on Smogon.</a></div>\n|j|\u2606nardodick\n|j|\u2606inversify\n|t:|1781404302\n|gametype|singles\n|player|p1|nardodick|169|2324\n|player|p2|inversify|lana|2360\n|gen|9\n|tier|[Gen 9] Random Battle\n|rated|\n|rule|Species Clause: Limit one of each Pok\u00e9mon\n|rule|HP Percentage Mod: HP is shown in percentages\n|rule|Sleep Clause Mod: Limit one foe put to sleep\n|rule|Illusion Level Mod: Illusion disguises the Pok\u00e9mon's true level\n|\n|t:|1781404302\n|teamsize|p1|6\n|teamsize|p2|6\n|start\n|switch|p1a: Regirock|Regirock, L83|268/268\n|switch|p2a: Swampert|Swampert, L83, M|302/302\n|turn|1\n|inactive|Battle timer is ON: inactive players will automatically lose when time's up. (requested by nardodick)\n|\n|t:|1781404322\n|move|p2a: Swampert|Flip Turn|p1a: Regirock\n|-supereffective|p1a: Regirock\n|-damage|p1a: Regirock|200/268\n|\n|t:|1781404335\n|switch|p2a: Hypno|Hypno, L95, F|315/315|[from] Flip Turn\n|move|p1a: Regirock|Iron Defense|p1a: Regirock\n|-boost|p1a: Regirock|def|2\n|\n|upkeep\n|turn|2\n|inactive|nardodick has 120 seconds left.\n|inactive|nardodick has 90 seconds left.\n|\n|t:|1781404408\n|switch|p1a: Volcarona|Volcarona, L77, F|257/257\n|move|p2a: Hypno|Psychic Noise|p1a: Volcarona\n|-damage|p1a: Volcarona|175/257\n|-start|p1a: Volcarona|move: Heal Block\n|\n|upkeep\n|turn|3\n|\n|t:|1781404414\n|move|p1a: Volcarona|Quiver Dance|p1a: Volcarona\n|-boost|p1a: Volcarona|spa|1\n|-boost|p1a: Volcarona|spd|1\n|-boost|p1a: Volcarona|spe|1\n|move|p2a: Hypno|Toxic|p1a: Volcarona\n|-status|p1a: Volcarona|tox\n|\n|-damage|p1a: Volcarona|159/257 tox|[from] psn\n|-end|p1a: Volcarona|move: Heal Block\n|upkeep\n|turn|4\n|inactive|nardodick has 90 seconds left.\n|\n|t:|1781404428\n|move|p1a: Volcarona|Quiver Dance|p1a: Volcarona\n|-boost|p1a: Volcarona|spa|1\n|-boost|p1a: Volcarona|spd|1\n|-boost|p1a: Volcarona|spe|1\n|move|p2a: Hypno|Psychic Noise|p1a: Volcarona\n|-damage|p1a: Volcarona|116/257 tox\n|-start|p1a: Volcarona|move: Heal Block\n|\n|-damage|p1a: Volcarona|84/257 tox|[from] psn\n|upkeep\n|turn|5\n|\n|t:|1781404437\n|move|p2a: Hypno|Protect|p2a: Hypno\n|-singleturn|p2a: Hypno|Protect\n|move|p1a: Volcarona|Fiery Dance|p2a: Hypno\n|-activate|p2a: Hypno|move: Protect\n|\n|-damage|p1a: Volcarona|36/257 tox|[from] psn\n|-end|p1a: Volcarona|move: Heal Block\n|upkeep\n|turn|6\n|\n|t:|1781404445\n|move|p2a: Hypno|Protect||[still]\n|-fail|p2a: Hypno\n|move|p1a: Volcarona|Giga Drain|p2a: Hypno\n|-damage|p2a: Hypno|227/315\n|-heal|p1a: Volcarona|80/257 tox|[from] drain|[of] p2a: Hypno\n|\n|-heal|p2a: Hypno|246/315|[from] item: Leftovers\n|-damage|p1a: Volcarona|16/257 tox|[from] psn\n|upkeep\n|turn|7\n|\n|t:|1781404454\n|move|p1a: Volcarona|Fiery Dance|p2a: Hypno\n|-damage|p2a: Hypno|120/315\n|-boost|p1a: Volcarona|spa|1\n|move|p2a: Hypno|Toxic|p1a: Volcarona\n|-fail|p1a: Volcarona|tox\n|\n|-heal|p2a: Hypno|139/315|[from] item: Leftovers\n|-damage|p1a: Volcarona|0 fnt|[from] psn\n|faint|p1a: Volcarona\n|upkeep\n|\n|t:|1781404466\n|switch|p1a: Heracross|Heracross, L80, F|259/259\n|turn|8\n|\n|t:|1781404472\n|move|p2a: Hypno|Protect|p2a: Hypno\n|-singleturn|p2a: Hypno|Protect\n|move|p1a: Heracross|Knock Off|p2a: Hypno\n|-activate|p2a: Hypno|move: Protect\n|\n|-heal|p2a: Hypno|158/315|[from] item: Leftovers\n|-status|p1a: Heracross|brn|[from] item: Flame Orb\n|upkeep\n|turn|9\n|\n|t:|1781404479\n|move|p1a: Heracross|Knock Off|p2a: Hypno\n|-supereffective|p2a: Hypno\n|-damage|p2a: Hypno|0 fnt\n|-enditem|p2a: Hypno|Leftovers|[from] move: Knock Off|[of] p1a: Heracross\n|faint|p2a: Hypno\n|\n|-damage|p1a: Heracross|243/259 brn|[from] brn\n|upkeep\n|\n|t:|1781404487\n|switch|p2a: Koraidon|Koraidon, L64|235/235\n|-weather|SunnyDay|[from] ability: Orichalcum Pulse|[of] p2a: Koraidon\n|-activate|p2a: Koraidon|Orichalcum Pulse|[source]\n|turn|10\n|\n|t:|1781404507\n|switch|p1a: Regirock|Regirock, L83|200/268\n|move|p2a: Koraidon|Swords Dance|p2a: Koraidon\n|-boost|p2a: Koraidon|atk|2\n|\n|-weather|SunnyDay|[upkeep]\n|upkeep\n|turn|11\n|\n|t:|1781404511\n|move|p2a: Koraidon|Collision Course|p1a: Regirock\n|-supereffective|p1a: Regirock\n|-damage|p1a: Regirock|0 fnt\n|faint|p1a: Regirock\n|\n|-weather|SunnyDay|[upkeep]\n|upkeep\n|\n|t:|1781404524\n|switch|p1a: Maushold|Maushold-Four, L76|238/238\n|turn|12\n|\n|t:|1781404533\n|switch|p2a: Swampert|Swampert, L83, M|302/302\n|move|p1a: Maushold|Population Bomb|p2a: Swampert\n|-damage|p2a: Swampert|280/302\n|-damage|p2a: Swampert|259/302\n|-damage|p2a: Swampert|235/302\n|-damage|p2a: Swampert|213/302\n|-damage|p2a: Swampert|192/302\n|-damage|p2a: Swampert|171/302\n|-damage|p2a: Swampert|147/302\n|-damage|p2a: Swampert|123/302\n|-damage|p2a: Swampert|99/302\n|-damage|p2a: Swampert|75/302\n|-hitcount|p2a: Swampert|10\n|\n|-weather|SunnyDay|[upkeep]\n|-heal|p2a: Swampert|93/302|[from] item: Leftovers\n|upkeep\n|turn|13\n|\n|t:|1781404537\n|move|p1a: Maushold|Population Bomb|p2a: Swampert\n|-damage|p2a: Swampert|72/302\n|-damage|p2a: Swampert|50/302\n|-damage|p2a: Swampert|28/302\n|-damage|p2a: Swampert|7/302\n|-damage|p2a: Swampert|0 fnt\n|faint|p2a: Swampert\n|-hitcount|p2: Swampert|5\n|\n|-weather|SunnyDay|[upkeep]\n|upkeep\n|\n|t:|1781404548\n|switch|p2a: Tropius|Tropius, L91, M|328/328\n|turn|14\n|\n|t:|1781404556\n|switch|p1a: Kyurem|Kyurem-Black, L71|295/295\n|-ability|p1a: Kyurem|Teravolt\n|move|p2a: Tropius|Dragon Dance|p2a: Tropius\n|-boost|p2a: Tropius|atk|1\n|-boost|p2a: Tropius|spe|1\n|\n|-weather|none\n|upkeep\n|turn|15\n|\n|t:|1781404567\n|move|p2a: Tropius|Dual Wingbeat|p1a: Kyurem\n|-damage|p1a: Kyurem|228/295\n|-damage|p1a: Kyurem|164/295\n|-hitcount|p1a: Kyurem|2\n|move|p1a: Kyurem|Dragon Dance|p1a: Kyurem\n|-boost|p1a: Kyurem|atk|1\n|-boost|p1a: Kyurem|spe|1\n|\n|upkeep\n|turn|16\n|\n|t:|1781404574\n|move|p1a: Kyurem|Icicle Spear|p2a: Tropius\n|-supereffective|p2a: Tropius\n|-damage|p2a: Tropius|144/328\n|-enditem|p2a: Tropius|Sitrus Berry|[eat]\n|-heal|p2a: Tropius|226/328|[from] item: Sitrus Berry\n|-supereffective|p2a: Tropius\n|-damage|p2a: Tropius|42/328\n|-supereffective|p2a: Tropius\n|-damage|p2a: Tropius|0 fnt\n|faint|p2a: Tropius\n|-hitcount|p2: Tropius|3\n|\n|upkeep\n|\n|t:|1781404579\n|switch|p2a: Hitmonlee|Hitmonlee, L85, M|223/223\n|turn|17\n|\n|t:|1781404599\n|move|p2a: Hitmonlee|Mach Punch|p1a: Kyurem\n|-supereffective|p1a: Kyurem\n|-damage|p1a: Kyurem|6/295\n|move|p1a: Kyurem|Icicle Spear|p2a: Hitmonlee\n|-damage|p2a: Hitmonlee|153/223\n|-damage|p2a: Hitmonlee|90/223\n|-damage|p2a: Hitmonlee|27/223\n|-damage|p2a: Hitmonlee|0 fnt\n|faint|p2a: Hitmonlee\n|-hitcount|p2: Hitmonlee|4\n|\n|upkeep\n|\n|t:|1781404613\n|switch|p2a: Koraidon|Koraidon, L64|235/235\n|-weather|SunnyDay|[from] ability: Orichalcum Pulse|[of] p2a: Koraidon\n|-activate|p2a: Koraidon|Orichalcum Pulse|[source]\n|turn|18\n|\n|t:|1781404621\n|-terastallize|p2a: Koraidon|Fire\n|move|p1a: Kyurem|Scale Shot|p2a: Koraidon\n|-damage|p2a: Koraidon|186/235\n|-damage|p2a: Koraidon|135/235\n|-damage|p2a: Koraidon|86/235\n|-damage|p2a: Koraidon|40/235\n|-hitcount|p2a: Koraidon|4\n|-unboost|p1a: Kyurem|def|1\n|-boost|p1a: Kyurem|spe|1\n|move|p2a: Koraidon|Scale Shot|p1a: Kyurem\n|-supereffective|p1a: Kyurem\n|-crit|p1a: Kyurem\n|-damage|p1a: Kyurem|0 fnt\n|faint|p1a: Kyurem\n|-hitcount|p1: Kyurem|1\n|-unboost|p2a: Koraidon|def|1\n|-boost|p2a: Koraidon|spe|1\n|\n|-weather|SunnyDay|[upkeep]\n|upkeep\n|\n|t:|1781404640\n|switch|p1a: Blaziken|Blaziken, L76, F|247/247\n|turn|19\n|\n|t:|1781404645\n|move|p2a: Koraidon|Scale Shot|p1a: Blaziken\n|-damage|p1a: Blaziken|211/247\n|-crit|p1a: Blaziken\n|-damage|p1a: Blaziken|156/247\n|-damage|p1a: Blaziken|116/247\n|-damage|p1a: Blaziken|83/247\n|-damage|p1a: Blaziken|44/247\n|-hitcount|p1a: Blaziken|5\n|-unboost|p2a: Koraidon|def|1\n|-boost|p2a: Koraidon|spe|1\n|move|p1a: Blaziken|Close Combat|p2a: Koraidon\n|-damage|p2a: Koraidon|0 fnt\n|-unboost|p1a: Blaziken|def|1\n|-unboost|p1a: Blaziken|spd|1\n|faint|p2a: Koraidon\n|-damage|p1a: Blaziken|20/247|[from] item: Life Orb\n|\n|-weather|SunnyDay|[upkeep]\n|-ability|p1a: Blaziken|Speed Boost|boost\n|-boost|p1a: Blaziken|spe|1\n|upkeep\n|\n|t:|1781404649\n|switch|p2a: Gyarados|Gyarados, L79, F|280/280\n|turn|20\n|\n|t:|1781404656\n|move|p1a: Blaziken|Flare Blitz|p2a: Gyarados\n|-resisted|p2a: Gyarados\n|-damage|p2a: Gyarados|144/280\n|-damage|p1a: Blaziken|0 fnt|[from] Recoil\n|faint|p1a: Blaziken\n|move|p2a: Gyarados|Dragon Dance|p2a: Gyarados\n|-boost|p2a: Gyarados|atk|1\n|-boost|p2a: Gyarados|spe|1\n|\n|-weather|SunnyDay|[upkeep]\n|upkeep\n|\n|t:|1781404677\n|switch|p1a: Maushold|Maushold-Four, L76|238/238\n|turn|21\n|\n|t:|1781404688\n|move|p2a: Gyarados|Waterfall|p1a: Maushold\n|-damage|p1a: Maushold|142/238\n|cant|p1a: Maushold|flinch\n|\n|-weather|SunnyDay|[upkeep]\n|upkeep\n|turn|22\n|\n|t:|1781404714\n|move|p2a: Gyarados|Earthquake|p1a: Maushold\n|-damage|p1a: Maushold|5/238\n|move|p1a: Maushold|Population Bomb|p2a: Gyarados\n|-damage|p2a: Gyarados|120/280\n|-damage|p2a: Gyarados|93/280\n|-damage|p2a: Gyarados|69/280\n|-damage|p2a: Gyarados|44/280\n|-damage|p2a: Gyarados|20/280\n|-damage|p2a: Gyarados|0 fnt\n|faint|p2a: Gyarados\n|-hitcount|p2: Gyarados|6\n|\n|win|nardodick\n", "inputlog": ">version a8376a258c1d4662feba110a92103f3664a72141\n>start {\"formatid\":\"gen9randombattle\",\"seed\":\"sodium,9f12fa42be2caa22498b5176cc66e3b1\",\"rated\":\"Rated battle\"}\n>player p1 {\"name\":\"nardodick\",\"avatar\":\"169\",\"rating\":2324,\"seed\":\"sodium,0d401364693dcf5c46a75ad6fc1fc5b0\"}\n>player p2 {\"name\":\"inversify\",\"avatar\":\"lana\",\"rating\":2360,\"seed\":\"sodium,51fa9016d9d293da40c1539471793275\"}\n>p1 move irondefense\n>p2 move flipturn\n>p2 switch 6\n>p1 switch 6\n>p2 move psychicnoise\n>p1 move quiverdance\n>p2 move toxic\n>p1 move quiverdance\n>p2 move psychicnoise\n>p1 move fierydance\n>p2 move protect\n>p1 move gigadrain\n>p2 move protect\n>p1 move fierydance\n>p2 move toxic\n>p1 switch 2\n>p1 move knockoff\n>p2 move protect\n>p1 move knockoff\n>p2 move psychicnoise\n>p2 switch 2\n>p1 switch 6\n>p2 move swordsdance\n>p1 move bodypress\n>p2 move collisioncourse\n>p1 switch 3\n>p1 move populationbomb\n>p2 switch 6\n>p1 move populationbomb\n>p2 move yawn\n>p2 switch 4\n>p1 switch 5\n>p2 move dragondance\n>p1 move dragondance\n>p2 move dualwingbeat\n>p1 move iciclespear\n>p2 move dualwingbeat\n>p2 switch 5\n>p1 move iciclespear\n>p2 move machpunch\n>p2 switch 6\n>p1 move scaleshot\n>p2 move scaleshot terastallize\n>p1 switch 4\n>p1 move closecombat\n>p2 move scaleshot\n>p2 switch 3\n>p1 move flareblitz\n>p2 move dragondance\n>p1 switch 5\n>p1 move populationbomb\n>p2 move waterfall\n>p1 move populationbomb\n>p2 move earthquake", "uploadtime": 1781404303, "views": 5, "formatid": "gen9randombattle", "rating": null, "private": 0, "password": null}