{"id": "gen9randombattle-2631925544", "format": "[Gen 9] Random Battle", "players": ["Micael Lopes", "itsthejunjun"], "log": "|j|\u2606Micael Lopes\n|j|\u2606itsthejunjun\n|t:|1781456303\n|gametype|singles\n|player|p1|Micael Lopes|benga|1666\n|player|p2|itsthejunjun|ghetsis-gen5bw|1690\n|gen|9\n|tier|[Gen 9] Random Battle\n|rated|\n|rule|Species Clause: Limit one of each Pok\u00e9mon\n|rule|HP Percentage Mod: HP is shown in percentages\n|rule|Sleep Clause Mod: Limit one foe put to sleep\n|rule|Illusion Level Mod: Illusion disguises the Pok\u00e9mon's true level\n|\n|t:|1781456303\n|teamsize|p1|6\n|teamsize|p2|6\n|start\n|switch|p1a: Sylveon|Sylveon, L85, F|300/300\n|switch|p2a: Brute Bonnet|Brute Bonnet, L80|309/309\n|turn|1\n|inactive|Battle timer is ON: inactive players will automatically lose when time's up. (requested by itsthejunjun)\n|inactive|Micael Lopes also wants the timer to be on.\n|\n|t:|1781456322\n|move|p1a: Sylveon|Hyper Voice|p2a: Brute Bonnet\n|-supereffective|p2a: Brute Bonnet\n|-damage|p2a: Brute Bonnet|73/309\n|move|p2a: Brute Bonnet|Spore|p1a: Sylveon\n|-status|p1a: Sylveon|slp|[from] move: Spore\n|\n|-heal|p2a: Brute Bonnet|92/309|[from] item: Leftovers\n|upkeep\n|turn|2\n|\n|t:|1781456361\n|switch|p1a: Skuntank|Skuntank, L84, F|310/310\n|-end|p2a: Brute Bonnet|Protosynthesis|[silent]\n|switch|p2a: Mesprit|Mesprit, L85|275/275\n|\n|upkeep\n|turn|3\n|inactive|itsthejunjun has 120 seconds left.\n|\n|t:|1781456377\n|switch|p2a: Bisharp|Bisharp, L79, F|232/232\n|move|p1a: Skuntank|Toxic Spikes|p2a: Bisharp\n|-sidestart|p2: itsthejunjun|move: Toxic Spikes\n|\n|upkeep\n|turn|4\n|\n|t:|1781456382\n|move|p1a: Skuntank|Fire Blast|p2a: Bisharp\n|-supereffective|p2a: Bisharp\n|-damage|p2a: Bisharp|86/232\n|-damage|p1a: Skuntank|279/310|[from] item: Life Orb\n|move|p2a: Bisharp|Swords Dance|p2a: Bisharp\n|-boost|p2a: Bisharp|atk|2\n|\n|upkeep\n|turn|5\n|\n|t:|1781456394\n|move|p1a: Skuntank|Toxic Spikes|p2a: Bisharp\n|-sidestart|p2: itsthejunjun|move: Toxic Spikes\n|move|p2a: Bisharp|Iron Head|p1a: Skuntank\n|-damage|p1a: Skuntank|65/310\n|\n|upkeep\n|turn|6\n|\n|t:|1781456406\n|switch|p1a: Garchomp|Garchomp, L74, F|282/282\n|move|p2a: Bisharp|Iron Head|p1a: Garchomp\n|-damage|p1a: Garchomp|71/282\n|-damage|p2a: Bisharp|57/232|[from] ability: Rough Skin|[of] p1a: Garchomp\n|\n|upkeep\n|turn|7\n|\n|t:|1781456418\n|move|p1a: Garchomp|Swords Dance|p1a: Garchomp\n|-boost|p1a: Garchomp|atk|2\n|move|p2a: Bisharp|Iron Head|p1a: Garchomp\n|-damage|p1a: Garchomp|0 fnt\n|-damage|p2a: Bisharp|28/232|[from] ability: Rough Skin|[of] p1a: Garchomp\n|faint|p1a: Garchomp\n|\n|upkeep\n|\n|t:|1781456423\n|switch|p1a: Iron Bundle|Iron Bundle, L78|215/215\n|turn|8\n|\n|t:|1781456427\n|move|p2a: Bisharp|Sucker Punch|p1a: Iron Bundle\n|-damage|p1a: Iron Bundle|67/215\n|move|p1a: Iron Bundle|Ice Beam|p2a: Bisharp\n|-resisted|p2a: Bisharp\n|-damage|p2a: Bisharp|0 fnt\n|faint|p2a: Bisharp\n|\n|upkeep\n|\n|t:|1781456446\n|switch|p2a: Primarina|Primarina, L83, F|268/268\n|-status|p2a: Primarina|tox\n|turn|9\n|\n|t:|1781456456\n|-terastallize|p2a: Primarina|Poison\n|move|p1a: Iron Bundle|Freeze-Dry|p2a: Primarina\n|-damage|p2a: Primarina|199/268 tox\n|move|p2a: Primarina|Draining Kiss|p1a: Iron Bundle\n|-damage|p1a: Iron Bundle|0 fnt\n|-heal|p2a: Primarina|249/268 tox|[from] drain|[of] p1a: Iron Bundle\n|faint|p1a: Iron Bundle\n|-end|p1a: Iron Bundle|Quark Drive|[silent]\n|\n|-heal|p2a: Primarina|265/268 tox|[from] item: Leftovers\n|-damage|p2a: Primarina|249/268 tox|[from] psn\n|upkeep\n|\n|t:|1781456473\n|switch|p1a: Sylveon|Sylveon, L85, F|219/219\n|turn|10\n|\n|t:|1781456480\n|switch|p2a: Mesprit|Mesprit, L85|275/275\n|move|p1a: Sylveon|Bitter Malice|p2a: Mesprit\n|-supereffective|p2a: Mesprit\n|-damage|p2a: Mesprit|111/275\n|-unboost|p2a: Mesprit|atk|1\n|\n|upkeep\n|turn|11\n|\n|t:|1781456490\n|move|p1a: Sylveon|Bitter Malice|p2a: Mesprit\n|-supereffective|p2a: Mesprit\n|-damage|p2a: Mesprit|0 fnt\n|faint|p2a: Mesprit\n|\n|upkeep\n|\n|t:|1781456497\n|switch|p2a: Primarina|Primarina, L83, F, tera:Poison|249/268 tox\n|-sideend|p2: itsthejunjun|move: Toxic Spikes|[of] p2a: Primarina\n|turn|12\n|\n|t:|1781456504\n|move|p1a: Sylveon|Bitter Malice|p2a: Primarina\n|-crit|p2a: Primarina\n|-damage|p2a: Primarina|72/268 tox\n|-unboost|p2a: Primarina|atk|1\n|move|p2a: Primarina|Calm Mind|p2a: Primarina\n|-boost|p2a: Primarina|spa|1\n|-boost|p2a: Primarina|spd|1\n|\n|-heal|p2a: Primarina|88/268 tox|[from] item: Leftovers\n|-damage|p2a: Primarina|72/268 tox|[from] psn\n|upkeep\n|turn|13\n|\n|t:|1781456516\n|move|p1a: Sylveon|Bitter Malice|p2a: Primarina\n|-damage|p2a: Primarina|0 fnt\n|faint|p2a: Primarina\n|\n|upkeep\n|\n|t:|1781456523\n|switch|p2a: Brute Bonnet|Brute Bonnet, L80|92/309\n|turn|14\n|\n|t:|1781456531\n|switch|p1a: Skuntank|Skuntank, L84, F|65/310\n|move|p2a: Brute Bonnet|Sucker Punch||[still]\n|-fail|p2a: Brute Bonnet\n|\n|-heal|p2a: Brute Bonnet|111/309|[from] item: Leftovers\n|upkeep\n|turn|15\n|\n|t:|1781456540\n|move|p1a: Skuntank|Toxic Spikes|p2a: Brute Bonnet\n|-sidestart|p2: itsthejunjun|move: Toxic Spikes\n|move|p2a: Brute Bonnet|Spore|p1a: Skuntank\n|-message|Sleep Clause Mod activated.\n|-hint|Sleep Clause Mod prevents players from putting more than one of their opponent's Pok\u00e9mon to sleep at a time\n|\n|-heal|p2a: Brute Bonnet|130/309|[from] item: Leftovers\n|upkeep\n|turn|16\n|\n|t:|1781456546\n|move|p1a: Skuntank|Toxic Spikes|p2a: Brute Bonnet\n|-sidestart|p2: itsthejunjun|move: Toxic Spikes\n|move|p2a: Brute Bonnet|Close Combat|p1a: Skuntank\n|-damage|p1a: Skuntank|0 fnt\n|-unboost|p2a: Brute Bonnet|def|1\n|-unboost|p2a: Brute Bonnet|spd|1\n|-damage|p2a: Brute Bonnet|53/309|[from] ability: Aftermath|[of] p1a: Skuntank\n|faint|p1a: Skuntank\n|\n|-heal|p2a: Brute Bonnet|72/309|[from] item: Leftovers\n|upkeep\n|\n|t:|1781456555\n|switch|p1a: Sylveon|Sylveon, L85, F|219/219\n|turn|17\n|\n|t:|1781456560\n|switch|p1a: Sylveon|Sylveon, L85, F|300/300 slp\n|move|p2a: Brute Bonnet|Sucker Punch||[still]\n|-fail|p2a: Brute Bonnet\n|\n|-heal|p2a: Brute Bonnet|91/309|[from] item: Leftovers\n|upkeep\n|turn|18\n|\n|t:|1781456567\n|cant|p1a: Sylveon|slp\n|move|p2a: Brute Bonnet|Crunch|p1a: Sylveon\n|-resisted|p1a: Sylveon\n|-damage|p1a: Sylveon|245/300 slp\n|-unboost|p1a: Sylveon|def|1\n|\n|-heal|p1a: Sylveon|263/300 slp|[from] item: Leftovers\n|-heal|p2a: Brute Bonnet|110/309|[from] item: Leftovers\n|upkeep\n|turn|19\n|\n|t:|1781456582\n|cant|p1a: Sylveon|slp\n|move|p2a: Brute Bonnet|Crunch|p1a: Sylveon\n|-resisted|p1a: Sylveon\n|-damage|p1a: Sylveon|172/300 slp\n|\n|-heal|p1a: Sylveon|190/300 slp|[from] item: Leftovers\n|-heal|p2a: Brute Bonnet|129/309|[from] item: Leftovers\n|upkeep\n|turn|20\n|\n|t:|1781456590\n|cant|p1a: Sylveon|slp\n|move|p2a: Brute Bonnet|Crunch|p1a: Sylveon\n|-resisted|p1a: Sylveon\n|-damage|p1a: Sylveon|105/300 slp\n|\n|-heal|p1a: Sylveon|123/300 slp|[from] item: Leftovers\n|-heal|p2a: Brute Bonnet|148/309|[from] item: Leftovers\n|upkeep\n|turn|21\n|\n|t:|1781456604\n|-curestatus|p1a: Sylveon|slp|[msg]\n|move|p1a: Sylveon|Wish|p1a: Sylveon\n|move|p2a: Brute Bonnet|Crunch|p1a: Sylveon\n|-resisted|p1a: Sylveon\n|-damage|p1a: Sylveon|28/300\n|-unboost|p1a: Sylveon|def|1\n|\n|-heal|p1a: Sylveon|46/300|[from] item: Leftovers\n|-heal|p2a: Brute Bonnet|167/309|[from] item: Leftovers\n|upkeep\n|turn|22\n|\n|t:|1781456620\n|-end|p2a: Brute Bonnet|Protosynthesis|[silent]\n|switch|p2a: Articuno|Articuno, L86|295/295\n|-ability|p2a: Articuno|Pressure\n|move|p1a: Sylveon|Protect||[still]\n|-fail|p1a: Sylveon\n|\n|-heal|p1a: Sylveon|196/300|[from] move: Wish|[wisher] Sylveon\n|-heal|p1a: Sylveon|214/300|[from] item: Leftovers\n|upkeep\n|turn|23\n|\n|t:|1781456632\n|move|p1a: Sylveon|Protect|p1a: Sylveon\n|-singleturn|p1a: Sylveon|Protect\n|move|p2a: Articuno|Brave Bird|p1a: Sylveon\n|-activate|p1a: Sylveon|move: Protect\n|\n|-heal|p1a: Sylveon|232/300|[from] item: Leftovers\n|upkeep\n|turn|24\n|\n|t:|1781456641\n|switch|p1a: Regirock|Regirock, L83|268/268\n|move|p2a: Articuno|Brave Bird|p1a: Regirock\n|-resisted|p1a: Regirock\n|-damage|p1a: Regirock|238/268\n|-damage|p2a: Articuno|285/295|[from] Recoil\n|\n|-heal|p1a: Regirock|254/268|[from] item: Leftovers\n|upkeep\n|turn|25\n|\n|t:|1781456651\n|switch|p2a: Brute Bonnet|Brute Bonnet, L80|167/309\n|-status|p2a: Brute Bonnet|tox\n|move|p1a: Regirock|Thunder Wave||[still]\n|-fail|p1a: Regirock\n|\n|-heal|p2a: Brute Bonnet|186/309 tox|[from] item: Leftovers\n|-heal|p1a: Regirock|268/268|[from] item: Leftovers\n|-damage|p2a: Brute Bonnet|167/309 tox|[from] psn\n|upkeep\n|turn|26\n|\n|t:|1781456662\n|move|p2a: Brute Bonnet|Spore|p1a: Regirock\n|-status|p1a: Regirock|slp|[from] move: Spore\n|cant|p1a: Regirock|slp\n|\n|-heal|p2a: Brute Bonnet|186/309 tox|[from] item: Leftovers\n|-damage|p2a: Brute Bonnet|148/309 tox|[from] psn\n|upkeep\n|turn|27\n|\n|t:|1781456670\n|switch|p1a: Sylveon|Sylveon, L85, F|232/300\n|move|p2a: Brute Bonnet|Close Combat|p1a: Sylveon\n|-resisted|p1a: Sylveon\n|-damage|p1a: Sylveon|174/300\n|-unboost|p2a: Brute Bonnet|def|1\n|-unboost|p2a: Brute Bonnet|spd|1\n|\n|-heal|p1a: Sylveon|192/300|[from] item: Leftovers\n|-heal|p2a: Brute Bonnet|167/309 tox|[from] item: Leftovers\n|-damage|p2a: Brute Bonnet|110/309 tox|[from] psn\n|upkeep\n|turn|28\n|inactive|Micael Lopes has 120 seconds left.\n|\n|t:|1781456703\n|move|p1a: Sylveon|Hyper Voice|p2a: Brute Bonnet\n|-supereffective|p2a: Brute Bonnet\n|-damage|p2a: Brute Bonnet|0 fnt\n|faint|p2a: Brute Bonnet\n|-end|p2a: Brute Bonnet|Protosynthesis|[silent]\n|\n|-heal|p1a: Sylveon|210/300|[from] item: Leftovers\n|upkeep\n|\n|t:|1781456718\n|switch|p2a: Pelipper|Pelipper, L86, M|243/243\n|-weather|RainDance|[from] ability: Drizzle|[of] p2a: Pelipper\n|turn|29\n|\n|t:|1781456726\n|move|p1a: Sylveon|Protect|p1a: Sylveon\n|-singleturn|p1a: Sylveon|Protect\n|move|p2a: Pelipper|Hurricane|p1a: Sylveon\n|-activate|p1a: Sylveon|move: Protect\n|\n|-weather|RainDance|[upkeep]\n|-heal|p1a: Sylveon|228/300|[from] item: Leftovers\n|upkeep\n|turn|30\n|\n|t:|1781456734\n|move|p2a: Pelipper|Hurricane|p1a: Sylveon\n|-damage|p1a: Sylveon|96/300\n|move|p1a: Sylveon|Wish|p1a: Sylveon\n|\n|-weather|RainDance|[upkeep]\n|-heal|p1a: Sylveon|114/300|[from] item: Leftovers\n|upkeep\n|turn|31\n|\n|t:|1781456744\n|switch|p2a: Articuno|Articuno, L86|285/295\n|-ability|p2a: Articuno|Pressure\n|move|p1a: Sylveon|Protect||[still]\n|-fail|p1a: Sylveon\n|\n|-weather|RainDance|[upkeep]\n|-heal|p1a: Sylveon|264/300|[from] move: Wish|[wisher] Sylveon\n|-heal|p1a: Sylveon|282/300|[from] item: Leftovers\n|upkeep\n|turn|32\n|\n|t:|1781456755\n|-terastallize|p1a: Sylveon|Steel\n|move|p2a: Articuno|Freeze-Dry|p1a: Sylveon\n|-resisted|p1a: Sylveon\n|-damage|p1a: Sylveon|256/300\n|move|p1a: Sylveon|Calm Mind|p1a: Sylveon\n|-boost|p1a: Sylveon|spa|1\n|-boost|p1a: Sylveon|spd|1\n|\n|-weather|RainDance|[upkeep]\n|-heal|p1a: Sylveon|274/300|[from] item: Leftovers\n|upkeep\n|turn|33\n|\n|t:|1781456766\n|move|p2a: Articuno|Freeze-Dry|p1a: Sylveon\n|-resisted|p1a: Sylveon\n|-damage|p1a: Sylveon|255/300\n|move|p1a: Sylveon|Hyper Voice|p2a: Articuno\n|-damage|p2a: Articuno|146/295\n|\n|-weather|none\n|-heal|p1a: Sylveon|273/300|[from] item: Leftovers\n|upkeep\n|turn|34\n|\n|t:|1781456774\n|move|p2a: Articuno|Freeze-Dry|p1a: Sylveon\n|-resisted|p1a: Sylveon\n|-damage|p1a: Sylveon|254/300\n|move|p1a: Sylveon|Calm Mind|p1a: Sylveon\n|-boost|p1a: Sylveon|spa|1\n|-boost|p1a: Sylveon|spd|1\n|\n|-heal|p1a: Sylveon|272/300|[from] item: Leftovers\n|upkeep\n|turn|35\n|\n|t:|1781456782\n|move|p2a: Articuno|Freeze-Dry|p1a: Sylveon\n|-resisted|p1a: Sylveon\n|-damage|p1a: Sylveon|259/300\n|move|p1a: Sylveon|Hyper Voice|p2a: Articuno\n|-damage|p2a: Articuno|0 fnt\n|faint|p2a: Articuno\n|\n|-heal|p1a: Sylveon|277/300|[from] item: Leftovers\n|upkeep\n|\n|t:|1781456790\n|switch|p2a: Pelipper|Pelipper, L86, M|243/243\n|-weather|RainDance|[from] ability: Drizzle|[of] p2a: Pelipper\n|turn|36\n|\n|t:|1781456797\n|move|p2a: Pelipper|Weather Ball|p1a: Sylveon\n|-damage|p1a: Sylveon|190/300\n|move|p1a: Sylveon|Hyper Voice|p2a: Pelipper\n|-damage|p2a: Pelipper|0 fnt\n|faint|p2a: Pelipper\n|\n|win|Micael Lopes\n|raw|Micael Lopes's rating: 1665 &rarr; <strong>1686</strong><br />(+21 for winning)\n|raw|itsthejunjun's rating: 1690 &rarr; <strong>1669</strong><br />(-21 for losing)\n|c|\u2606Micael Lopes|**__Sexy game.__**\n|c|\u2606itsthejunjun|ggs\n|c|\u2606itsthejunjun|ayo?\n|l|\u2606itsthejunjun\n|player|p2|\n|c|\u2606Micael Lopes|Hey.\n", "inputlog": ">version a8376a258c1d4662feba110a92103f3664a72141\n>start {\"formatid\":\"gen9randombattle\",\"seed\":\"sodium,5b81b74823ea8d3b4479a1ba56ece21f\",\"rated\":\"Rated battle\"}\n>player p1 {\"name\":\"Micael Lopes\",\"avatar\":\"benga\",\"rating\":1666,\"seed\":\"sodium,3f755e48727242e75df8cf11c3484393\"}\n>player p2 {\"name\":\"itsthejunjun\",\"avatar\":\"ghetsis-gen5bw\",\"rating\":1690,\"seed\":\"sodium,8e3a67a00b9e4969a6475582c8f67f42\"}\n>p1 move hypervoice\n>p2 move spore\n>p1 switch 6\n>p2 switch 6\n>p1 move toxicspikes\n>p2 switch 3\n>p1 move fireblast\n>p2 move swordsdance\n>p1 move toxicspikes\n>p2 move ironhead\n>p1 switch 2\n>p2 move ironhead\n>p1 move swordsdance\n>p2 move ironhead\n>p1 switch 3\n>p1 move icebeam\n>p2 move suckerpunch\n>p2 switch 2\n>p1 move freezedry\n>p2 move drainingkiss terastallize\n>p1 switch 4\n>p1 move bittermalice\n>p2 switch 3\n>p1 move bittermalice\n>p2 move knockoff\n>p2 switch 3\n>p1 move bittermalice\n>p2 move calmmind\n>p1 move bittermalice\n>p2 move drainingkiss\n>p2 switch 6\n>p1 switch 2\n>p2 move suckerpunch\n>p1 move toxicspikes\n>p2 move spore\n>p1 move toxicspikes\n>p2 move closecombat\n>p1 switch 2\n>p1 switch 6\n>p2 move suckerpunch\n>p1 move hypervoice\n>p2 move crunch\n>p1 move hypervoice\n>p2 move crunch\n>p1 move hypervoice\n>p2 move crunch\n>p1 move wish\n>p2 move crunch\n>p1 move protect\n>p2 switch 4\n>p1 move protect\n>p2 move bravebird\n>p1 switch 5\n>p2 move bravebird\n>p1 move thunderwave\n>p2 switch 4\n>p1 move irondefense\n>p2 move spore\n>p1 switch 5\n>p2 move closecombat\n>p1 move hypervoice\n>p2 move crunch\n>p2 switch 5\n>p1 move protect\n>p2 move hurricane\n>p1 move wish\n>p2 move hurricane\n>p1 move protect\n>p2 switch 4\n>p1 move calmmind terastallize\n>p2 move freezedry\n>p1 move hypervoice\n>p2 move freezedry\n>p1 move calmmind\n>p2 move freezedry\n>p1 move hypervoice\n>p2 move freezedry\n>p2 switch 4\n>p1 move hypervoice\n>p2 move weatherball", "uploadtime": 1781456821, "views": 3, "formatid": "gen9randombattle", "rating": 1669, "private": 0, "password": null}