{"id": "gen9randombattle-2631891879", "format": "[Gen 9] Random Battle", "players": ["Drop a nickname", "Pachequitos"], "log": "|j|\u2606Drop a nickname\n|j|\u2606Pachequitos\n|t:|1781452677\n|gametype|singles\n|player|p1|Drop a nickname|102|2254\n|player|p2|Pachequitos|1|2192\n|gen|9\n|tier|[Gen 9] Random Battle\n|rated|\n|rule|Species Clause: Limit one of each Pok\u00e9mon\n|rule|HP Percentage Mod: HP is shown in percentages\n|rule|Sleep Clause Mod: Limit one foe put to sleep\n|rule|Illusion Level Mod: Illusion disguises the Pok\u00e9mon's true level\n|\n|t:|1781452677\n|teamsize|p1|6\n|teamsize|p2|6\n|start\n|switch|p1a: Gouging Fire|Gouging Fire, L74|277/277\n|switch|p2a: Arceus|Arceus-Fire, L72|291/291\n|turn|1\n|inactive|Battle timer is ON: inactive players will automatically lose when time's up. (requested by Pachequitos)\n|\n|t:|1781452688\n|-end|p1a: Gouging Fire|Protosynthesis|[silent]\n|switch|p1a: Rhyperior|Rhyperior, L82, F|323/323\n|move|p2a: Arceus|Dragon Dance|p2a: Arceus\n|-boost|p2a: Arceus|atk|1\n|-boost|p2a: Arceus|spe|1\n|\n|upkeep\n|turn|2\n|\n|t:|1781452696\n|switch|p2a: Virizion|Virizion, L82|283/283\n|move|p1a: Rhyperior|Earthquake|p2a: Virizion\n|-resisted|p2a: Virizion\n|-damage|p2a: Virizion|198/283\n|\n|upkeep\n|turn|3\n|\n|t:|1781452705\n|move|p2a: Virizion|Leaf Blade|p1a: Rhyperior\n|-supereffective|p1a: Rhyperior\n|-crit|p1a: Rhyperior\n|-damage|p1a: Rhyperior|0 fnt\n|faint|p1a: Rhyperior\n|-damage|p2a: Virizion|170/283|[from] item: Life Orb\n|\n|upkeep\n|\n|t:|1781452710\n|switch|p1a: Gouging Fire|Gouging Fire, L74|277/277\n|turn|4\n|\n|t:|1781452720\n|move|p2a: Virizion|Close Combat|p1a: Gouging Fire\n|-damage|p1a: Gouging Fire|144/277\n|-unboost|p2a: Virizion|def|1\n|-unboost|p2a: Virizion|spd|1\n|-damage|p2a: Virizion|142/283|[from] item: Life Orb\n|move|p1a: Gouging Fire|Dragon Dance|p1a: Gouging Fire\n|-boost|p1a: Gouging Fire|atk|1\n|-boost|p1a: Gouging Fire|spe|1\n|\n|upkeep\n|turn|5\n|\n|t:|1781452726\n|move|p1a: Gouging Fire|Heat Crash|p2a: Virizion\n|-supereffective|p2a: Virizion\n|-damage|p2a: Virizion|0 fnt\n|faint|p2a: Virizion\n|\n|upkeep\n|\n|t:|1781452728\n|switch|p2a: Arceus|Arceus-Fire, L72|291/291\n|turn|6\n|\n|t:|1781452732\n|move|p1a: Gouging Fire|Outrage|p2a: Arceus\n|-damage|p2a: Arceus|140/291\n|move|p2a: Arceus|Dragon Dance|p2a: Arceus\n|-boost|p2a: Arceus|atk|1\n|-boost|p2a: Arceus|spe|1\n|\n|upkeep\n|turn|7\n|\n|t:|1781452734\n|move|p2a: Arceus|Earthquake|p1a: Gouging Fire\n|-supereffective|p1a: Gouging Fire\n|-damage|p1a: Gouging Fire|0 fnt\n|faint|p1a: Gouging Fire\n|-end|p1a: Gouging Fire|Protosynthesis|[silent]\n|\n|upkeep\n|\n|t:|1781452738\n|switch|p1a: Barraskewda|Barraskewda, L81, F|231/231\n|turn|8\n|\n|t:|1781452749\n|move|p2a: Arceus|Earthquake|p1a: Barraskewda\n|-damage|p1a: Barraskewda|112/231\n|move|p1a: Barraskewda|Flip Turn|p2a: Arceus\n|-supereffective|p2a: Arceus\n|-damage|p2a: Arceus|0 fnt\n|faint|p2a: Arceus\n|\n|t:|1781452753\n|switch|p1a: Glalie|Glalie, L96, F|309/309|[from] Flip Turn\n|\n|upkeep\n|\n|t:|1781452765\n|switch|p2a: Munkidori|Munkidori, L79, M|269/269\n|turn|9\n|\n|t:|1781452768\n|move|p2a: Munkidori|Nasty Plot|p2a: Munkidori\n|-boost|p2a: Munkidori|spa|2\n|move|p1a: Glalie|Earthquake|p2a: Munkidori\n|-supereffective|p2a: Munkidori\n|-damage|p2a: Munkidori|51/269\n|\n|upkeep\n|turn|10\n|\n|t:|1781452770\n|move|p2a: Munkidori|Focus Blast|p1a: Glalie|[miss]\n|-miss|p2a: Munkidori|p1a: Glalie\n|move|p1a: Glalie|Spikes|p2a: Munkidori\n|-sidestart|p2: Pachequitos|Spikes\n|\n|upkeep\n|turn|11\n|\n|t:|1781452775\n|move|p2a: Munkidori|Focus Blast|p1a: Glalie\n|-supereffective|p1a: Glalie\n|-damage|p1a: Glalie|0 fnt\n|faint|p1a: Glalie\n|-damage|p2a: Munkidori|25/269|[from] item: Life Orb\n|\n|upkeep\n|\n|t:|1781452777\n|switch|p1a: Barraskewda|Barraskewda, L81, F|112/231\n|turn|12\n|\n|t:|1781452779\n|move|p1a: Barraskewda|Waterfall|p2a: Munkidori\n|-damage|p2a: Munkidori|0 fnt\n|faint|p2a: Munkidori\n|\n|upkeep\n|\n|t:|1781452781\n|switch|p2a: Groudon|Groudon, L72|263/263\n|-damage|p2a: Groudon|231/263|[from] Spikes\n|-weather|SunnyDay|[from] ability: Drought|[of] p2a: Groudon\n|turn|13\n|\n|t:|1781452783\n|switch|p2a: Mandibuzz|Mandibuzz, L85, F|326/326\n|move|p1a: Barraskewda|Waterfall|p2a: Mandibuzz\n|-damage|p2a: Mandibuzz|266/326\n|\n|-weather|SunnyDay|[upkeep]\n|upkeep\n|turn|14\n|\n|t:|1781452786\n|switch|p1a: Kingambit|Kingambit, L74, F|270/270\n|-activate|p1a: Kingambit|ability: Supreme Overlord\n|-start|p1a: Kingambit|fallen3|[silent]\n|move|p2a: Mandibuzz|Defog|p1a: Kingambit\n|-unboost|p1a: Kingambit|evasion|1\n|-sideend|p2: Pachequitos|Spikes|[from] move: Defog|[of] p2a: Mandibuzz\n|\n|-weather|SunnyDay|[upkeep]\n|upkeep\n|turn|15\n|\n|t:|1781452790\n|switch|p2a: Groudon|Groudon, L72|231/263\n|move|p1a: Kingambit|Swords Dance|p1a: Kingambit\n|-boost|p1a: Kingambit|atk|2\n|\n|-weather|SunnyDay|[upkeep]\n|-heal|p2a: Groudon|247/263|[from] item: Leftovers\n|upkeep\n|turn|16\n|\n|t:|1781452796\n|-terastallize|p2a: Groudon|Fire\n|-terastallize|p1a: Kingambit|Flying\n|move|p2a: Groudon|Heat Crash|p1a: Kingambit\n|-damage|p1a: Kingambit|93/270\n|move|p1a: Kingambit|Swords Dance|p1a: Kingambit\n|-boost|p1a: Kingambit|atk|2\n|\n|-weather|SunnyDay|[upkeep]\n|-heal|p2a: Groudon|263/263|[from] item: Leftovers\n|-heal|p1a: Kingambit|109/270|[from] item: Leftovers\n|upkeep\n|turn|17\n|\n|t:|1781452799\n|move|p1a: Kingambit|Sucker Punch|p2a: Groudon\n|-damage|p2a: Groudon|40/263\n|move|p2a: Groudon|Heat Crash|p1a: Kingambit\n|-damage|p1a: Kingambit|0 fnt\n|faint|p1a: Kingambit\n|-end|p1a: Kingambit|fallen3|[silent]\n|\n|-weather|none\n|-heal|p2a: Groudon|56/263|[from] item: Leftovers\n|upkeep\n|\n|t:|1781452802\n|switch|p1a: Barraskewda|Barraskewda, L81, F|112/231\n|turn|18\n|\n|t:|1781452804\n|switch|p2a: Mandibuzz|Mandibuzz, L85, F|266/326\n|move|p1a: Barraskewda|Waterfall|p2a: Mandibuzz\n|-damage|p2a: Mandibuzz|149/326\n|\n|upkeep\n|turn|19\n|\n|t:|1781452807\n|move|p1a: Barraskewda|Waterfall|p2a: Mandibuzz\n|-damage|p2a: Mandibuzz|29/326\n|cant|p2a: Mandibuzz|flinch\n|\n|upkeep\n|turn|20\n|\n|t:|1781452810\n|move|p1a: Barraskewda|Waterfall|p2a: Mandibuzz\n|-damage|p2a: Mandibuzz|0 fnt\n|faint|p2a: Mandibuzz\n|\n|upkeep\n|\n|t:|1781452811\n|switch|p2a: Cryogonal|Cryogonal, L89|287/287\n|turn|21\n|\n|t:|1781452814\n|move|p1a: Barraskewda|Waterfall|p2a: Cryogonal\n|-damage|p2a: Cryogonal|97/287\n|cant|p2a: Cryogonal|flinch\n|\n|upkeep\n|turn|22\n|\n|t:|1781452816\n|move|p1a: Barraskewda|Waterfall|p2a: Cryogonal\n|-damage|p2a: Cryogonal|0 fnt\n|faint|p2a: Cryogonal\n|\n|upkeep\n|\n|t:|1781452819\n|switch|p2a: Groudon|Groudon, L72, tera:Fire|56/263\n|-weather|SunnyDay|[from] ability: Drought|[of] p2a: Groudon\n|turn|23\n|\n|t:|1781452822\n|move|p1a: Barraskewda|Waterfall|p2a: Groudon\n|-supereffective|p2a: Groudon\n|-damage|p2a: Groudon|0 fnt\n|faint|p2a: Groudon\n|\n|win|Drop a nickname\n", "inputlog": ">version a8376a258c1d4662feba110a92103f3664a72141\n>start {\"formatid\":\"gen9randombattle\",\"seed\":\"sodium,d97f1d16df39b735eeabf6d20443cc6a\",\"rated\":\"Rated battle\"}\n>player p1 {\"name\":\"Drop a nickname\",\"avatar\":\"102\",\"rating\":2254,\"seed\":\"sodium,0b7ded7cd7d40055e3c5efea2035960e\"}\n>player p2 {\"name\":\"Pachequitos\",\"avatar\":\"1\",\"rating\":2192,\"seed\":\"sodium,13e89d59deb8e0cb402e0c89f2aeb3eb\"}\n>p1 switch 3\n>p2 move dragondance\n>p1 move earthquake\n>p2 switch 3\n>p1 move rockpolish\n>p2 move leafblade\n>p1 switch 3\n>p1 move dragondance\n>p2 move closecombat\n>p1 move heatcrash\n>p2 move closecombat\n>p2 switch 3\n>p1 move outrage\n>p2 move dragondance\n>p1 move outrage\n>p2 move earthquake\n>p1 switch 5\n>p1 move flipturn\n>p2 move earthquake\n>p1 switch 2\n>p2 switch 4\n>p1 move earthquake\n>p2 move nastyplot\n>p1 move spikes\n>p2 move focusblast\n>p1 move spikes\n>p2 move focusblast\n>p1 switch 2\n>p1 move waterfall\n>p2 move sludgewave\n>p2 switch 5\n>p1 move waterfall\n>p2 switch 2\n>p1 switch 4\n>p2 move defog\n>p1 move swordsdance\n>p2 switch 2\n>p1 move swordsdance terastallize\n>p2 move heatcrash terastallize\n>p1 move suckerpunch\n>p2 move heatcrash\n>p1 switch 4\n>p1 move waterfall\n>p2 switch 2\n>p1 move waterfall\n>p2 move roost\n>p1 move waterfall\n>p2 move roost\n>p2 switch 6\n>p1 move waterfall\n>p2 move rapidspin\n>p1 move waterfall\n>p2 move rapidspin\n>p2 switch 2\n>p1 move waterfall\n>p2 move precipiceblades", "uploadtime": 1781452678, "views": 7, "formatid": "gen9randombattle", "rating": null, "private": 0, "password": null}