{"id": "gen9randombattle-2631753787", "format": "[Gen 9] Random Battle", "players": ["TwinkleLittleStars", "a rabbit"], "log": "|badge|p2|bronze|gen9randombattle|100-9\n|uhtml|medal-msg|<div class=\"broadcast-blue\">Curious what those medals under the avatar are? PS now has Ladder Seasons! For more information, check out the <a href=\"https://www.smogon.com/forums/threads/3740067/\">thread on Smogon.</a></div>\n|j|\u2606TwinkleLittleStars\n|j|\u2606a rabbit\n|t:|1781434188\n|gametype|singles\n|player|p1|TwinkleLittleStars|alec-anime|2204\n|player|p2|a rabbit|#scl2breakers|2316\n|gen|9\n|tier|[Gen 9] Random Battle\n|rated|\n|rule|Species Clause: Limit one of each Pok\u00e9mon\n|rule|HP Percentage Mod: HP is shown in percentages\n|rule|Sleep Clause Mod: Limit one foe put to sleep\n|rule|Illusion Level Mod: Illusion disguises the Pok\u00e9mon's true level\n|\n|t:|1781434188\n|teamsize|p1|6\n|teamsize|p2|6\n|start\n|switch|p1a: Tentacruel|Tentacruel, L84, M|272/272\n|switch|p2a: Spectrier|Spectrier, L75|274/274\n|turn|1\n|\n|t:|1781434209\n|switch|p2a: Cyclizar|Cyclizar, L83, M|252/252\n|move|p1a: Tentacruel|Knock Off|p2a: Cyclizar\n|-damage|p2a: Cyclizar|181/252\n|-enditem|p2a: Cyclizar|Heavy-Duty Boots|[from] move: Knock Off|[of] p1a: Tentacruel\n|\n|upkeep\n|turn|2\n|\n|t:|1781434216\n|move|p2a: Cyclizar|Knock Off|p1a: Tentacruel\n|-damage|p1a: Tentacruel|182/272\n|-enditem|p1a: Tentacruel|Assault Vest|[from] move: Knock Off|[of] p2a: Cyclizar\n|move|p1a: Tentacruel|Knock Off|p2a: Cyclizar\n|-damage|p2a: Cyclizar|134/252\n|\n|upkeep\n|turn|3\n|\n|t:|1781434231\n|switch|p2a: Iron Hands|Iron Hands, L79|373/373\n|move|p1a: Tentacruel|Sludge Bomb|p2a: Iron Hands\n|-damage|p2a: Iron Hands|300/373\n|-status|p2a: Iron Hands|psn\n|\n|-damage|p2a: Iron Hands|254/373 psn|[from] psn\n|upkeep\n|turn|4\n|\n|t:|1781434237\n|switch|p1a: Sandslash|Sandslash, L89, M|278/278\n|move|p2a: Iron Hands|Volt Switch|p1a: Sandslash\n|-immune|p1a: Sandslash\n|\n|-damage|p2a: Iron Hands|208/373 psn|[from] psn\n|upkeep\n|turn|5\n|\n|t:|1781434244\n|move|p1a: Sandslash|Spikes|p2a: Iron Hands\n|-sidestart|p2: a rabbit|Spikes\n|move|p2a: Iron Hands|Ice Punch|p1a: Sandslash\n|-supereffective|p1a: Sandslash\n|-damage|p1a: Sandslash|170/278\n|\n|-heal|p1a: Sandslash|187/278|[from] item: Leftovers\n|-damage|p2a: Iron Hands|162/373 psn|[from] psn\n|upkeep\n|turn|6\n|\n|t:|1781434249\n|-end|p2a: Iron Hands|Quark Drive|[silent]\n|switch|p2a: Noctowl|Noctowl, L95, F|344/344\n|move|p1a: Sandslash|Earthquake|p2a: Noctowl\n|-immune|p2a: Noctowl\n|\n|-heal|p1a: Sandslash|204/278|[from] item: Leftovers\n|upkeep\n|turn|7\n|\n|t:|1781434254\n|switch|p1a: Dewgong|Dewgong, L94, M|322/322\n|move|p2a: Noctowl|Hurricane|p1a: Dewgong\n|-damage|p1a: Dewgong|205/322\n|\n|upkeep\n|turn|8\n|\n|t:|1781434276\n|move|p2a: Noctowl|Hyper Voice|p1a: Dewgong\n|-damage|p1a: Dewgong|108/322\n|move|p1a: Dewgong|Ice Beam|p2a: Noctowl\n|-supereffective|p2a: Noctowl\n|-damage|p2a: Noctowl|180/344\n|\n|upkeep\n|turn|9\n|\n|t:|1781434281\n|move|p2a: Noctowl|Roost|p2a: Noctowl\n|-heal|p2a: Noctowl|344/344\n|-singleturn|p2a: Noctowl|move: Roost\n|move|p1a: Dewgong|Encore|p2a: Noctowl\n|-start|p2a: Noctowl|Encore\n|\n|upkeep\n|turn|10\n|\n|t:|1781434287\n|switch|p2a: Iron Hands|Iron Hands, L79|162/373 psn\n|-damage|p2a: Iron Hands|116/373 psn|[from] Spikes\n|switch|p1a: Dragapult|Dragapult, L77, F|262/262\n|\n|-damage|p2a: Iron Hands|70/373 psn|[from] psn\n|upkeep\n|turn|11\n|\n|t:|1781434294\n|move|p1a: Dragapult|Dragon Darts|p2a: Iron Hands\n|-crit|p2a: Iron Hands\n|-damage|p2a: Iron Hands|0 fnt\n|faint|p2a: Iron Hands\n|-end|p2a: Iron Hands|Quark Drive|[silent]\n|-damage|p1a: Dragapult|236/262|[from] item: Life Orb\n|\n|upkeep\n|\n|t:|1781434304\n|switch|p2a: Tornadus|Tornadus, L82, M|263/263\n|turn|12\n|\n|t:|1781434314\n|switch|p1a: Dewgong|Dewgong, L94, M|108/322\n|move|p2a: Tornadus|Bleakwind Storm|p1a: Dewgong\n|-damage|p1a: Dewgong|0 fnt\n|faint|p1a: Dewgong\n|\n|upkeep\n|\n|t:|1781434322\n|switch|p1a: Tentacruel|Tentacruel, L84, M|182/272\n|turn|13\n|\n|t:|1781434325\n|move|p2a: Tornadus|Bleakwind Storm|p1a: Tentacruel\n|-damage|p1a: Tentacruel|50/272\n|move|p1a: Tentacruel|Sludge Bomb|p2a: Tornadus\n|-damage|p2a: Tornadus|166/263\n|\n|upkeep\n|turn|14\n|\n|t:|1781434330\n|move|p2a: Tornadus|Bleakwind Storm|p1a: Tentacruel\n|-damage|p1a: Tentacruel|0 fnt\n|faint|p1a: Tentacruel\n|\n|upkeep\n|\n|t:|1781434342\n|switch|p1a: Delphox|Delphox, L84, M|263/263\n|turn|15\n|\n|t:|1781434346\n|move|p2a: Tornadus|Bleakwind Storm|p1a: Delphox\n|-damage|p1a: Delphox|103/263\n|-unboost|p1a: Delphox|spe|1\n|move|p1a: Delphox|Psyshock|p2a: Tornadus\n|-damage|p2a: Tornadus|57/263\n|\n|upkeep\n|turn|16\n|\n|t:|1781434352\n|move|p2a: Tornadus|Bleakwind Storm|p1a: Delphox\n|-damage|p1a: Delphox|0 fnt\n|faint|p1a: Delphox\n|\n|upkeep\n|\n|t:|1781434354\n|switch|p1a: Dragapult|Dragapult, L77, F|236/262\n|turn|17\n|\n|t:|1781434356\n|move|p1a: Dragapult|Dragon Darts|p2a: Tornadus\n|-damage|p2a: Tornadus|0 fnt\n|faint|p2a: Tornadus\n|-damage|p1a: Dragapult|210/262|[from] item: Life Orb\n|\n|upkeep\n|\n|t:|1781434371\n|switch|p2a: Lunala|Lunala, L70|308/308\n|-damage|p2a: Lunala|270/308|[from] Spikes\n|turn|18\n|\n|t:|1781434376\n|switch|p1a: Amoonguss|Amoonguss, L82, M|321/321\n|-terastallize|p2a: Lunala|Fighting\n|move|p2a: Lunala|Moongeist Beam|p1a: Amoonguss\n|-damage|p1a: Amoonguss|219/321\n|\n|-heal|p2a: Lunala|289/308|[from] item: Leftovers\n|upkeep\n|turn|19\n|\n|t:|1781434384\n|switch|p2a: Cyclizar|Cyclizar, L83, M|218/252\n|-damage|p2a: Cyclizar|187/252|[from] Spikes\n|move|p1a: Amoonguss|Toxic|p2a: Cyclizar\n|-status|p2a: Cyclizar|tox\n|\n|-damage|p2a: Cyclizar|172/252 tox|[from] psn\n|upkeep\n|turn|20\n|\n|t:|1781434389\n|move|p2a: Cyclizar|Rapid Spin|p1a: Amoonguss\n|-damage|p1a: Amoonguss|159/321\n|-boost|p2a: Cyclizar|spe|1\n|-damage|p2a: Cyclizar|130/252 tox|[from] item: Rocky Helmet|[of] p1a: Amoonguss\n|-sideend|p2: a rabbit|Spikes|[from] move: Rapid Spin|[of] p2a: Cyclizar\n|move|p1a: Amoonguss|Sludge Bomb|p2a: Cyclizar\n|-damage|p2a: Cyclizar|25/252 tox\n|\n|-damage|p2a: Cyclizar|0 fnt|[from] psn\n|faint|p2a: Cyclizar\n|upkeep\n|\n|t:|1781434410\n|switch|p2a: Spectrier|Spectrier, L75|274/274\n|turn|21\n|\n|t:|1781434416\n|move|p2a: Spectrier|Shadow Ball|p1a: Amoonguss\n|-crit|p1a: Amoonguss\n|-damage|p1a: Amoonguss|0 fnt\n|faint|p1a: Amoonguss\n|-ability|p2a: Spectrier|Grim Neigh|boost\n|-boost|p2a: Spectrier|spa|1\n|-damage|p2a: Spectrier|247/274|[from] item: Life Orb\n|\n|upkeep\n|\n|t:|1781434425\n|switch|p1a: Dragapult|Dragapult, L77, F|210/262\n|turn|22\n|\n|t:|1781434440\n|-terastallize|p1a: Dragapult|Ghost\n|move|p1a: Dragapult|Tera Blast|p2a: Spectrier|[anim] Tera Blast Ghost\n|-supereffective|p2a: Spectrier\n|-damage|p2a: Spectrier|0 fnt\n|faint|p2a: Spectrier\n|-damage|p1a: Dragapult|184/262|[from] item: Life Orb\n|\n|upkeep\n|\n|t:|1781434443\n|switch|p2a: Lunala|Lunala, L70, tera:Fighting|289/308\n|turn|23\n|\n|t:|1781434446\n|switch|p1a: Sandslash|Sandslash, L89, M|204/278\n|move|p2a: Lunala|Moongeist Beam|p1a: Sandslash\n|-damage|p1a: Sandslash|66/278\n|\n|-heal|p2a: Lunala|308/308|[from] item: Leftovers\n|-heal|p1a: Sandslash|83/278|[from] item: Leftovers\n|upkeep\n|turn|24\n|\n|t:|1781434449\n|move|p2a: Lunala|Moongeist Beam|p1a: Sandslash\n|-damage|p1a: Sandslash|0 fnt\n|faint|p1a: Sandslash\n|\n|upkeep\n|\n|t:|1781434451\n|switch|p1a: Dragapult|Dragapult, L77, F, tera:Ghost|184/262\n|turn|25\n|-message|TwinkleLittleStars forfeited.\n|\n|win|a rabbit\n", "inputlog": ">version a8376a258c1d4662feba110a92103f3664a72141\n>start {\"formatid\":\"gen9randombattle\",\"seed\":\"sodium,2ae1fce241096e310614ce8d2e9e4320\",\"rated\":\"Rated battle\"}\n>player p1 {\"name\":\"TwinkleLittleStars\",\"avatar\":\"alec-anime\",\"rating\":2204,\"seed\":\"sodium,0ce93b0ec74ec340e8c2baced6ceae6d\"}\n>player p2 {\"name\":\"a rabbit\",\"avatar\":\"#scl2breakers\",\"rating\":2316,\"seed\":\"sodium,6e628df99862209e56e9bd72330410a4\"}\n>p1 move knockoff\n>p2 switch 2\n>p1 move knockoff\n>p2 move knockoff\n>p1 move sludgebomb\n>p2 switch 6\n>p1 switch 4\n>p2 move voltswitch\n>p1 move spikes\n>p2 move icepunch\n>p1 move earthquake\n>p2 switch 3\n>p1 switch 6\n>p2 move hurricane\n>p1 move icebeam\n>p2 move hypervoice\n>p1 move encore\n>p2 move roost\n>p1 switch 2\n>p2 switch 3\n>p1 move dragondarts\n>p2 move icepunch\n>p2 switch 5\n>p1 switch 2\n>p2 move bleakwindstorm\n>p1 switch 4\n>p1 move sludgebomb\n>p2 move bleakwindstorm\n>p1 move knockoff\n>p2 move bleakwindstorm\n>p1 switch 5\n>p1 move psyshock\n>p2 move bleakwindstorm\n>p1 move psyshock\n>p2 move bleakwindstorm\n>p1 switch 2\n>p1 move dragondarts\n>p2 move bleakwindstorm\n>p2 switch 4\n>p1 switch 3\n>p2 move moongeistbeam terastallize\n>p1 move toxic\n>p2 switch 6\n>p1 move sludgebomb\n>p2 move rapidspin\n>p2 switch 2\n>p1 move spore\n>p2 move shadowball\n>p1 switch 3\n>p1 move terablast terastallize\n>p2 move shadowball\n>p2 switch 6\n>p1 switch 6\n>p2 move moongeistbeam\n>p1 move earthquake\n>p2 move moongeistbeam\n>p1 switch 6\n>forcelose p1", "uploadtime": 1781434191, "views": 5, "formatid": "gen9randombattle", "rating": null, "private": 0, "password": null}