{"id": "gen9randombattle-2631502157", "format": "[Gen 9] Random Battle", "players": ["Undertaker67", "Profschnitzel"], "log": "|j|\u2606Undertaker67\n|j|\u2606Profschnitzel\n|t:|1781393259\n|gametype|singles\n|player|p1|Undertaker67|n|2028\n|player|p2|Profschnitzel|steven|2007\n|gen|9\n|tier|[Gen 9] Random Battle\n|rated|\n|rule|Species Clause: Limit one of each Pok\u00e9mon\n|rule|HP Percentage Mod: HP is shown in percentages\n|rule|Sleep Clause Mod: Limit one foe put to sleep\n|rule|Illusion Level Mod: Illusion disguises the Pok\u00e9mon's true level\n|\n|t:|1781393259\n|teamsize|p1|6\n|teamsize|p2|6\n|start\n|switch|p1a: Iron Hands|Iron Hands, L79|373/373\n|switch|p2a: Sunflora|Sunflora, F|312/312\n|turn|1\n|inactive|Battle timer is ON: inactive players will automatically lose when time's up. (requested by Profschnitzel)\n|\n|t:|1781393286\n|-end|p1a: Iron Hands|Quark Drive|[silent]\n|switch|p1a: Clefable|Clefable, L83, F|293/293\n|move|p2a: Sunflora|Earth Power|p1a: Clefable\n|-damage|p1a: Clefable|177/293\n|-damage|p2a: Sunflora|281/312|[from] item: Life Orb\n|\n|upkeep\n|turn|2\n|\n|t:|1781393295\n|move|p1a: Clefable|Thunder Wave|p2a: Sunflora\n|-status|p2a: Sunflora|par\n|move|p2a: Sunflora|Sunny Day|p2a: Sunflora\n|-weather|SunnyDay\n|\n|-weather|SunnyDay|[upkeep]\n|upkeep\n|turn|3\n|\n|t:|1781393323\n|move|p1a: Clefable|Moonlight|p1a: Clefable\n|-heal|p1a: Clefable|293/293\n|move|p2a: Sunflora|Solar Beam||[still]\n|-prepare|p2a: Sunflora|Solar Beam\n|-anim|p2a: Sunflora|Solar Beam|p1a: Clefable\n|-damage|p1a: Clefable|36/293\n|-damage|p2a: Sunflora|250/312 par|[from] item: Life Orb\n|\n|-weather|SunnyDay|[upkeep]\n|upkeep\n|turn|4\n|\n|t:|1781393334\n|move|p1a: Clefable|Fire Blast|p2a: Sunflora\n|-supereffective|p2a: Sunflora\n|-damage|p2a: Sunflora|11/312 par\n|cant|p2a: Sunflora|par\n|\n|-weather|SunnyDay|[upkeep]\n|upkeep\n|turn|5\n|\n|t:|1781393341\n|move|p1a: Clefable|Moonblast|p2a: Sunflora\n|-damage|p2a: Sunflora|0 fnt\n|faint|p2a: Sunflora\n|\n|-weather|SunnyDay|[upkeep]\n|upkeep\n|\n|t:|1781393359\n|switch|p2a: Breloom|Breloom, L83, M|235/235\n|turn|6\n|inactive|Undertaker67 has 120 seconds left.\n|\n|t:|1781393397\n|move|p2a: Breloom|Spore|p1a: Clefable\n|-status|p1a: Clefable|slp|[from] move: Spore\n|cant|p1a: Clefable|slp\n|\n|-weather|none\n|upkeep\n|turn|7\n|\n|t:|1781393410\n|switch|p1a: Morpeko|Morpeko, L88, F|245/245\n|move|p2a: Breloom|Bullet Seed|p1a: Morpeko\n|-damage|p1a: Morpeko|155/245\n|-damage|p1a: Morpeko|72/245\n|-damage|p1a: Morpeko|0 fnt\n|faint|p1a: Morpeko\n|-hitcount|p1: Morpeko|3\n|-damage|p2a: Breloom|212/235|[from] item: Life Orb\n|\n|upkeep\n|\n|t:|1781393416\n|switch|p1a: Oranguru|Oranguru, L92, F|315/315\n|turn|8\n|\n|t:|1781393431\n|switch|p2a: Deoxys|Deoxys-Attack, L72|191/191\n|-ability|p2a: Deoxys|Pressure\n|move|p1a: Oranguru|Psyshock|p2a: Deoxys\n|-resisted|p2a: Deoxys\n|-damage|p2a: Deoxys|0 fnt\n|faint|p2a: Deoxys\n|\n|upkeep\n|\n|t:|1781393446\n|switch|p2a: Gurdurr|Gurdurr, L85, M|283/283\n|turn|9\n|\n|t:|1781393455\n|-terastallize|p2a: Gurdurr|Steel\n|move|p1a: Oranguru|Psyshock|p2a: Gurdurr\n|-resisted|p2a: Gurdurr\n|-damage|p2a: Gurdurr|235/283\n|move|p2a: Gurdurr|Knock Off|p1a: Oranguru\n|-supereffective|p1a: Oranguru\n|-damage|p1a: Oranguru|171/315\n|-enditem|p1a: Oranguru|Choice Specs|[from] move: Knock Off|[of] p2a: Gurdurr\n|\n|upkeep\n|turn|10\n|\n|t:|1781393462\n|move|p1a: Oranguru|Focus Blast|p2a: Gurdurr|[miss]\n|-miss|p1a: Oranguru|p2a: Gurdurr\n|move|p2a: Gurdurr|Drain Punch|p1a: Oranguru\n|-damage|p1a: Oranguru|90/315\n|-heal|p2a: Gurdurr|276/283|[from] drain|[of] p1a: Oranguru\n|\n|upkeep\n|turn|11\n|\n|t:|1781393469\n|switch|p2a: Golurk|Golurk, L87|297/297\n|move|p1a: Oranguru|Focus Blast|p2a: Golurk\n|-immune|p2a: Golurk\n|\n|upkeep\n|turn|12\n|\n|t:|1781393475\n|move|p1a: Oranguru|Trick|p2a: Golurk\n|-activate|p1a: Oranguru|move: Trick|[of] p2a: Golurk\n|-enditem|p2a: Golurk|Life Orb|[silent]|[from] move: Trick\n|-item|p1a: Oranguru|Life Orb|[from] move: Trick\n|move|p2a: Golurk|Stealth Rock|p1a: Oranguru\n|-sidestart|p1: Undertaker67|move: Stealth Rock\n|\n|upkeep\n|turn|13\n|\n|t:|1781393488\n|switch|p1a: Clefable|Clefable, L83, F|36/293 slp\n|move|p2a: Golurk|Earthquake|p1a: Clefable\n|-damage|p1a: Clefable|0 fnt\n|faint|p1a: Clefable\n|\n|upkeep\n|\n|t:|1781393496\n|switch|p1a: Orthworm|Orthworm, L88, F|266/266\n|-damage|p1a: Orthworm|250/266|[from] Stealth Rock\n|turn|14\n|\n|t:|1781393499\n|move|p1a: Orthworm|Body Press|p2a: Golurk\n|-immune|p2a: Golurk\n|move|p2a: Golurk|Poltergeist|p1a: Orthworm\n|-activate|p1a: Orthworm|move: Poltergeist|Chesto Berry\n|-damage|p1a: Orthworm|160/266\n|\n|upkeep\n|turn|15\n|\n|t:|1781393508\n|move|p1a: Orthworm|Coil|p1a: Orthworm\n|-boost|p1a: Orthworm|atk|1\n|-boost|p1a: Orthworm|def|1\n|-boost|p1a: Orthworm|accuracy|1\n|move|p2a: Golurk|Poltergeist|p1a: Orthworm\n|-activate|p1a: Orthworm|move: Poltergeist|Chesto Berry\n|-damage|p1a: Orthworm|94/266\n|\n|upkeep\n|turn|16\n|\n|t:|1781393516\n|switch|p2a: Seviper|Seviper, L93, F|287/287\n|move|p1a: Orthworm|Coil|p1a: Orthworm\n|-boost|p1a: Orthworm|atk|1\n|-boost|p1a: Orthworm|def|1\n|-boost|p1a: Orthworm|accuracy|1\n|\n|upkeep\n|turn|17\n|\n|t:|1781393542\n|-terastallize|p1a: Orthworm|Fighting\n|move|p2a: Seviper|Switcheroo|p1a: Orthworm\n|-activate|p2a: Seviper|move: Trick|[of] p1a: Orthworm\n|-item|p1a: Orthworm|Choice Scarf|[from] move: Switcheroo\n|-item|p2a: Seviper|Chesto Berry|[from] move: Switcheroo\n|move|p1a: Orthworm|Rest|p1a: Orthworm\n|-status|p1a: Orthworm|slp|[from] move: Rest\n|-heal|p1a: Orthworm|266/266 slp|[silent]\n|\n|upkeep\n|turn|18\n|\n|t:|1781393562\n|switch|p1a: Hippowdon|Hippowdon, L82, F|311/311\n|-damage|p1a: Hippowdon|292/311|[from] Stealth Rock\n|-weather|Sandstorm|[from] ability: Sand Stream|[of] p1a: Hippowdon\n|move|p2a: Seviper|Giga Drain|p1a: Hippowdon\n|-supereffective|p1a: Hippowdon\n|-damage|p1a: Hippowdon|126/311\n|\n|-weather|Sandstorm|[upkeep]\n|-damage|p2a: Seviper|270/287|[from] Sandstorm\n|-heal|p1a: Hippowdon|145/311|[from] item: Leftovers\n|upkeep\n|turn|19\n|c|\u2606Profschnitzel|gg\n|inactive|Undertaker67 has 120 seconds left.\n|c|\u2606Profschnitzel|damn breloom puts in work vs ur team\n|\n|t:|1781393581\n|switch|p1a: Orthworm|Orthworm, L88, F, tera:Fighting|266/266 slp\n|-damage|p1a: Orthworm|250/266 slp|[from] Stealth Rock\n|move|p2a: Seviper|Giga Drain|p1a: Orthworm\n|-damage|p1a: Orthworm|163/266 slp\n|-heal|p2a: Seviper|287/287|[from] drain|[of] p1a: Orthworm\n|\n|-weather|Sandstorm|[upkeep]\n|-damage|p1a: Orthworm|147/266 slp|[from] Sandstorm\n|-damage|p2a: Seviper|270/287|[from] Sandstorm\n|upkeep\n|turn|20\n|\n|t:|1781393589\n|cant|p1a: Orthworm|slp\n|move|p2a: Seviper|Giga Drain|p1a: Orthworm\n|-damage|p1a: Orthworm|56/266 slp\n|-heal|p2a: Seviper|287/287|[from] drain|[of] p1a: Orthworm\n|\n|-weather|Sandstorm|[upkeep]\n|-damage|p1a: Orthworm|40/266 slp|[from] Sandstorm\n|-damage|p2a: Seviper|270/287|[from] Sandstorm\n|upkeep\n|turn|21\n|\n|t:|1781393591\n|cant|p1a: Orthworm|slp\n|move|p2a: Seviper|Giga Drain|p1a: Orthworm\n|-damage|p1a: Orthworm|0 fnt\n|-heal|p2a: Seviper|287/287|[from] drain|[of] p1a: Orthworm\n|faint|p1a: Orthworm\n|\n|-weather|Sandstorm|[upkeep]\n|-damage|p2a: Seviper|270/287|[from] Sandstorm\n|upkeep\n|\n|t:|1781393601\n|switch|p1a: Oranguru|Oranguru, L92, F|90/315\n|-damage|p1a: Oranguru|51/315|[from] Stealth Rock\n|turn|22\n|\n|t:|1781393603\n|move|p2a: Seviper|Earthquake|p1a: Oranguru\n|-crit|p1a: Oranguru\n|-damage|p1a: Oranguru|0 fnt\n|faint|p1a: Oranguru\n|\n|-weather|none\n|upkeep\n|\n|t:|1781393607\n|switch|p1a: Iron Hands|Iron Hands, L79|373/373\n|-damage|p1a: Iron Hands|350/373|[from] Stealth Rock\n|turn|23\n|\n|t:|1781393611\n|move|p2a: Seviper|Earthquake|p1a: Iron Hands\n|-supereffective|p1a: Iron Hands\n|-crit|p1a: Iron Hands\n|-damage|p1a: Iron Hands|102/373\n|move|p1a: Iron Hands|Thunder Punch|p2a: Seviper\n|-damage|p2a: Seviper|161/287\n|\n|upkeep\n|turn|24\n|\n|t:|1781393615\n|move|p2a: Seviper|Earthquake|p1a: Iron Hands\n|-supereffective|p1a: Iron Hands\n|-damage|p1a: Iron Hands|0 fnt\n|faint|p1a: Iron Hands\n|-end|p1a: Iron Hands|Quark Drive|[silent]\n|\n|upkeep\n|\n|t:|1781393616\n|switch|p1a: Hippowdon|Hippowdon, L82, F|145/311\n|-damage|p1a: Hippowdon|126/311|[from] Stealth Rock\n|-weather|Sandstorm|[from] ability: Sand Stream|[of] p1a: Hippowdon\n|turn|25\n|\n|t:|1781393619\n|move|p2a: Seviper|Giga Drain|p1a: Hippowdon\n|-supereffective|p1a: Hippowdon\n|-damage|p1a: Hippowdon|0 fnt\n|-heal|p2a: Seviper|224/287|[from] drain|[of] p1a: Hippowdon\n|faint|p1a: Hippowdon\n|\n|win|Profschnitzel\n", "inputlog": ">version a8376a258c1d4662feba110a92103f3664a72141\n>start {\"formatid\":\"gen9randombattle\",\"seed\":\"sodium,c7447082f9a2f41391ba85aa22426fa3\",\"rated\":\"Rated battle\"}\n>player p1 {\"name\":\"Undertaker67\",\"avatar\":\"n\",\"rating\":2028,\"seed\":\"sodium,dcc8734ee1f0271143aed6160506d11a\"}\n>player p2 {\"name\":\"Profschnitzel\",\"avatar\":\"steven\",\"rating\":2007,\"seed\":\"sodium,12ff9e201d5d461097485daff3e59392\"}\n>p1 switch 5\n>p2 move earthpower\n>p1 move thunderwave\n>p2 move sunnyday\n>p1 move moonlight\n>p2 move solarbeam\n>p1 move fireblast\n>p2 move solarbeam\n>p1 move moonblast\n>p2 move solarbeam\n>p2 switch 2\n>p1 move moonblast\n>p2 move spore\n>p1 switch 6\n>p2 move bulletseed\n>p1 switch 4\n>p1 move psyshock\n>p2 switch 6\n>p2 switch 4\n>p1 move psyshock\n>p2 move knockoff terastallize\n>p1 move focusblast\n>p2 move drainpunch\n>p1 move focusblast\n>p2 switch 5\n>p1 move trick\n>p2 move stealthrock\n>p1 switch 6\n>p2 move earthquake\n>p1 switch 2\n>p1 move bodypress\n>p2 move poltergeist\n>p1 move coil\n>p2 move poltergeist\n>p1 move coil\n>p2 switch 3\n>p1 move rest terastallize\n>p2 move switcheroo\n>p1 switch 3\n>p2 move gigadrain\n>chat \u2606Profschnitzel|gg\n>chat \u2606Profschnitzel|damn breloom puts in work vs ur team\n>p1 switch 3\n>p2 move gigadrain\n>p1 move irontail\n>p2 move gigadrain\n>p1 move irontail\n>p2 move gigadrain\n>p1 switch 6\n>p1 move psyshock\n>p2 move earthquake\n>p1 switch 5\n>p1 move thunderpunch\n>p2 move earthquake\n>p1 move thunderpunch\n>p2 move earthquake\n>p1 switch 3\n>p1 move slackoff\n>p2 move gigadrain", "uploadtime": 1781393261, "views": 6, "formatid": "gen9randombattle", "rating": null, "private": 0, "password": null}