{"id": "gen9randombattle-2631837389", "format": "[Gen 9] Random Battle", "players": ["discodiscogoodgood", "ZannaBianca99"], "log": "|j|\u2606discodiscogoodgood\n|j|\u2606ZannaBianca99\n|t:|1781446430\n|gametype|singles\n|player|p1|discodiscogoodgood|musician|2045\n|player|p2|ZannaBianca99|102|2067\n|gen|9\n|tier|[Gen 9] Random Battle\n|rated|\n|rule|Species Clause: Limit one of each Pok\u00e9mon\n|rule|HP Percentage Mod: HP is shown in percentages\n|rule|Sleep Clause Mod: Limit one foe put to sleep\n|rule|Illusion Level Mod: Illusion disguises the Pok\u00e9mon's true level\n|\n|t:|1781446430\n|teamsize|p1|6\n|teamsize|p2|6\n|start\n|switch|p1a: Greedent|Greedent, L86, F|347/347\n|switch|p2a: Solgaleo|Solgaleo, L74|325/325\n|turn|1\n|\n|t:|1781446459\n|switch|p2a: Arcanine|Arcanine, L84, F|288/288\n|-ability|p2a: Arcanine|Intimidate|boost\n|-unboost|p1a: Greedent|atk|1\n|switch|p1a: Altaria|Altaria, L89, M|278/278\n|\n|upkeep\n|turn|2\n|inactive|Battle timer is ON: inactive players will automatically lose when time's up. (requested by ZannaBianca99)\n|\n|t:|1781446495\n|switch|p2a: Misdreavus|Misdreavus, L90, F|254/254\n|move|p1a: Altaria|Earthquake|p2a: Misdreavus\n|-immune|p2a: Misdreavus|[from] ability: Levitate\n|\n|upkeep\n|turn|3\n|\n|t:|1781446503\n|switch|p1a: Whimsicott|Whimsicott, L84, M|238/238\n|move|p2a: Misdreavus|Will-O-Wisp|p1a: Whimsicott\n|-status|p1a: Whimsicott|brn\n|\n|-damage|p1a: Whimsicott|224/238 brn|[from] brn\n|upkeep\n|turn|4\n|\n|t:|1781446511\n|switch|p2a: Klefki|Klefki, L84, F|233/233\n|move|p1a: Whimsicott|Leech Seed|p2a: Klefki\n|-start|p2a: Klefki|move: Leech Seed\n|\n|-heal|p1a: Whimsicott|238/238 brn|[from] item: Leftovers\n|-damage|p2a: Klefki|204/233|[from] Leech Seed|[of] p1a: Whimsicott\n|-damage|p1a: Whimsicott|224/238 brn|[from] brn\n|upkeep\n|turn|5\n|\n|t:|1781446517\n|move|p1a: Whimsicott|Substitute|p1a: Whimsicott\n|-start|p1a: Whimsicott|Substitute\n|-damage|p1a: Whimsicott|165/238 brn\n|move|p2a: Klefki|Spikes|p1a: Whimsicott\n|-sidestart|p1: discodiscogoodgood|Spikes\n|\n|-heal|p1a: Whimsicott|179/238 brn|[from] item: Leftovers\n|-heal|p2a: Klefki|218/233|[from] item: Leftovers\n|-damage|p2a: Klefki|189/233|[from] Leech Seed|[of] p1a: Whimsicott\n|-heal|p1a: Whimsicott|208/238 brn|[silent]\n|-damage|p1a: Whimsicott|194/238 brn|[from] brn\n|upkeep\n|turn|6\n|\n|t:|1781446526\n|switch|p2a: Solgaleo|Solgaleo, L74|325/325\n|move|p1a: Whimsicott|Moonblast|p2a: Solgaleo\n|-resisted|p2a: Solgaleo\n|-damage|p2a: Solgaleo|278/325\n|\n|-heal|p1a: Whimsicott|208/238 brn|[from] item: Leftovers\n|-damage|p1a: Whimsicott|194/238 brn|[from] brn\n|upkeep\n|turn|7\n|\n|t:|1781446529\n|move|p1a: Whimsicott|Leech Seed|p2a: Solgaleo\n|-start|p2a: Solgaleo|move: Leech Seed\n|move|p2a: Solgaleo|Psychic Fangs|p1a: Whimsicott\n|-end|p1a: Whimsicott|Substitute\n|\n|-heal|p1a: Whimsicott|208/238 brn|[from] item: Leftovers\n|-damage|p2a: Solgaleo|238/325|[from] Leech Seed|[of] p1a: Whimsicott\n|-heal|p1a: Whimsicott|238/238 brn|[silent]\n|-damage|p1a: Whimsicott|224/238 brn|[from] brn\n|upkeep\n|turn|8\n|\n|t:|1781446534\n|move|p1a: Whimsicott|Substitute|p1a: Whimsicott\n|-start|p1a: Whimsicott|Substitute\n|-damage|p1a: Whimsicott|165/238 brn\n|move|p2a: Solgaleo|Teleport|p2a: Solgaleo\n|\n|t:|1781446546\n|switch|p2a: Arcanine|Arcanine, L84, F|288/288|[from] Teleport\n|-ability|p2a: Arcanine|Intimidate|boost\n|-immune|p1a: Whimsicott\n|\n|-heal|p1a: Whimsicott|179/238 brn|[from] item: Leftovers\n|-damage|p1a: Whimsicott|165/238 brn|[from] brn\n|upkeep\n|turn|9\n|\n|t:|1781446565\n|move|p1a: Whimsicott|Leech Seed|p2a: Arcanine\n|-start|p2a: Arcanine|move: Leech Seed\n|move|p2a: Arcanine|Flare Blitz|p1a: Whimsicott\n|-supereffective|p1a: Whimsicott\n|-end|p1a: Whimsicott|Substitute\n|-damage|p2a: Arcanine|269/288|[from] Recoil|[of] p1a: Whimsicott\n|\n|-heal|p1a: Whimsicott|179/238 brn|[from] item: Leftovers\n|-damage|p2a: Arcanine|233/288|[from] Leech Seed|[of] p1a: Whimsicott\n|-heal|p1a: Whimsicott|215/238 brn|[silent]\n|-damage|p1a: Whimsicott|201/238 brn|[from] brn\n|upkeep\n|turn|10\n|\n|t:|1781446571\n|switch|p1a: Altaria|Altaria, L89, M|278/278\n|switch|p2a: Misdreavus|Misdreavus, L90, F|254/254\n|\n|upkeep\n|turn|11\n|\n|t:|1781446580\n|switch|p1a: Umbreon|Umbreon, L84, F|297/297\n|-damage|p1a: Umbreon|260/297|[from] Spikes\n|move|p2a: Misdreavus|Calm Mind|p2a: Misdreavus\n|-boost|p2a: Misdreavus|spa|1\n|-boost|p2a: Misdreavus|spd|1\n|\n|-heal|p1a: Umbreon|278/297|[from] item: Leftovers\n|upkeep\n|turn|12\n|\n|t:|1781446585\n|switch|p2a: Klefki|Klefki, L84, F|189/233\n|move|p1a: Umbreon|Toxic|p2a: Klefki\n|-immune|p2a: Klefki\n|\n|-heal|p2a: Klefki|203/233|[from] item: Leftovers\n|-heal|p1a: Umbreon|296/297|[from] item: Leftovers\n|upkeep\n|turn|13\n|\n|t:|1781446592\n|switch|p1a: Gouging Fire|Gouging Fire, L74|277/277\n|move|p2a: Klefki|Spikes|p1a: Gouging Fire\n|-sidestart|p1: discodiscogoodgood|Spikes\n|\n|-heal|p2a: Klefki|217/233|[from] item: Leftovers\n|upkeep\n|turn|14\n|\n|t:|1781446595\n|move|p2a: Klefki|Thunder Wave|p1a: Gouging Fire\n|-status|p1a: Gouging Fire|par\n|cant|p1a: Gouging Fire|par\n|\n|-heal|p2a: Klefki|231/233|[from] item: Leftovers\n|upkeep\n|turn|15\n|\n|t:|1781446599\n|move|p2a: Klefki|Spikes|p1a: Gouging Fire\n|-sidestart|p1: discodiscogoodgood|Spikes\n|move|p1a: Gouging Fire|Heat Crash|p2a: Klefki\n|-supereffective|p2a: Klefki\n|-damage|p2a: Klefki|15/233\n|\n|-heal|p2a: Klefki|29/233|[from] item: Leftovers\n|upkeep\n|turn|16\n|\n|t:|1781446603\n|move|p2a: Klefki|Foul Play|p1a: Gouging Fire\n|-damage|p1a: Gouging Fire|215/277 par\n|move|p1a: Gouging Fire|Earthquake|p2a: Klefki\n|-supereffective|p2a: Klefki\n|-damage|p2a: Klefki|0 fnt\n|faint|p2a: Klefki\n|\n|upkeep\n|\n|t:|1781446610\n|switch|p2a: Slaking|Slaking, L84, M|389/389\n|turn|17\n|\n|t:|1781446624\n|-end|p1a: Gouging Fire|Protosynthesis|[silent]\n|switch|p1a: Greedent|Greedent, L86, F|347/347\n|-damage|p1a: Greedent|261/347|[from] Spikes\n|move|p2a: Slaking|Double-Edge|p1a: Greedent\n|-damage|p1a: Greedent|0 fnt\n|faint|p1a: Greedent\n|-damage|p2a: Slaking|303/389|[from] Recoil\n|\n|upkeep\n|\n|t:|1781446634\n|switch|p1a: Umbreon|Umbreon, L84, F|296/297\n|-damage|p1a: Umbreon|222/297|[from] Spikes\n|turn|18\n|\n|t:|1781446643\n|switch|p2a: Solgaleo|Solgaleo, L74|238/325\n|move|p1a: Umbreon|Foul Play|p2a: Solgaleo\n|-supereffective|p2a: Solgaleo\n|-damage|p2a: Solgaleo|0 fnt\n|-damage|p1a: Umbreon|173/297|[from] item: Rocky Helmet|[of] p2a: Solgaleo\n|faint|p2a: Solgaleo\n|\n|-heal|p1a: Umbreon|191/297|[from] item: Leftovers\n|upkeep\n|\n|t:|1781446647\n|switch|p2a: Walking Wake|Walking Wake, L79|286/286\n|turn|19\n|\n|t:|1781446652\n|move|p1a: Umbreon|Protect|p1a: Umbreon\n|-singleturn|p1a: Umbreon|Protect\n|move|p2a: Walking Wake|Sunny Day|p2a: Walking Wake\n|-weather|SunnyDay\n|-activate|p2a: Walking Wake|ability: Protosynthesis\n|-start|p2a: Walking Wake|protosynthesisspa\n|\n|-weather|SunnyDay|[upkeep]\n|-heal|p1a: Umbreon|209/297|[from] item: Leftovers\n|upkeep\n|turn|20\n|\n|t:|1781446656\n|switch|p1a: Gouging Fire|Gouging Fire, L74|215/277 par\n|-activate|p1a: Gouging Fire|ability: Protosynthesis\n|-start|p1a: Gouging Fire|protosynthesisdef\n|move|p2a: Walking Wake|Flamethrower|p1a: Gouging Fire\n|-resisted|p1a: Gouging Fire\n|-crit|p1a: Gouging Fire\n|-damage|p1a: Gouging Fire|149/277 par\n|-damage|p2a: Walking Wake|258/286|[from] item: Life Orb\n|\n|-weather|SunnyDay|[upkeep]\n|upkeep\n|turn|21\n|\n|t:|1781446665\n|move|p2a: Walking Wake|Hydro Steam|p1a: Gouging Fire\n|-damage|p1a: Gouging Fire|0 fnt\n|faint|p1a: Gouging Fire\n|-end|p1a: Gouging Fire|Protosynthesis|[silent]\n|-damage|p2a: Walking Wake|230/286|[from] item: Life Orb\n|\n|-weather|SunnyDay|[upkeep]\n|upkeep\n|\n|t:|1781446670\n|switch|p1a: Whimsicott|Whimsicott, L84, M|201/238 brn\n|-damage|p1a: Whimsicott|142/238 brn|[from] Spikes\n|turn|22\n|\n|t:|1781446673\n|-end|p2a: Walking Wake|Protosynthesis|[silent]\n|switch|p2a: Arcanine|Arcanine, L84, F|233/288\n|-ability|p2a: Arcanine|Intimidate|boost\n|-unboost|p1a: Whimsicott|atk|1\n|move|p1a: Whimsicott|Encore||[still]\n|-fail|p1a: Whimsicott\n|\n|-weather|SunnyDay|[upkeep]\n|-heal|p1a: Whimsicott|156/238 brn|[from] item: Leftovers\n|-damage|p1a: Whimsicott|142/238 brn|[from] brn\n|upkeep\n|turn|23\n|\n|t:|1781446681\n|switch|p1a: Altaria|Altaria, L89, M|278/278\n|move|p2a: Arcanine|Flare Blitz|p1a: Altaria\n|-resisted|p1a: Altaria\n|-damage|p1a: Altaria|185/278\n|-damage|p2a: Arcanine|202/288|[from] Recoil\n|\n|-weather|none\n|upkeep\n|turn|24\n|\n|t:|1781446688\n|switch|p2a: Misdreavus|Misdreavus, L90, F|254/254\n|move|p1a: Altaria|Brave Bird|p2a: Misdreavus\n|-damage|p2a: Misdreavus|169/254\n|-damage|p1a: Altaria|157/278|[from] Recoil\n|\n|upkeep\n|turn|25\n|\n|t:|1781446694\n|switch|p1a: Umbreon|Umbreon, L84, F|209/297\n|-damage|p1a: Umbreon|135/297|[from] Spikes\n|move|p2a: Misdreavus|Draining Kiss|p1a: Umbreon\n|-supereffective|p1a: Umbreon\n|-damage|p1a: Umbreon|75/297\n|-heal|p2a: Misdreavus|214/254|[from] drain|[of] p1a: Umbreon\n|\n|-heal|p1a: Umbreon|93/297|[from] item: Leftovers\n|upkeep\n|turn|26\n|\n|t:|1781446707\n|switch|p2a: Slaking|Slaking, L84, M|303/389\n|move|p1a: Umbreon|Wish|p1a: Umbreon\n|\n|-heal|p1a: Umbreon|111/297|[from] item: Leftovers\n|upkeep\n|turn|27\n|\n|t:|1781446713\n|switch|p2a: Walking Wake|Walking Wake, L79|230/286\n|move|p1a: Umbreon|Protect||[still]\n|-fail|p1a: Umbreon\n|\n|-heal|p1a: Umbreon|259/297|[from] move: Wish|[wisher] Umbreon\n|-heal|p1a: Umbreon|277/297|[from] item: Leftovers\n|upkeep\n|turn|28\n|\n|t:|1781446716\n|move|p2a: Walking Wake|Sunny Day|p2a: Walking Wake\n|-weather|SunnyDay\n|-activate|p2a: Walking Wake|ability: Protosynthesis\n|-start|p2a: Walking Wake|protosynthesisspa\n|move|p1a: Umbreon|Toxic|p2a: Walking Wake\n|-status|p2a: Walking Wake|tox\n|\n|-weather|SunnyDay|[upkeep]\n|-heal|p1a: Umbreon|295/297|[from] item: Leftovers\n|-damage|p2a: Walking Wake|213/286 tox|[from] psn\n|upkeep\n|turn|29\n|\n|t:|1781446719\n|move|p1a: Umbreon|Protect|p1a: Umbreon\n|-singleturn|p1a: Umbreon|Protect\n|move|p2a: Walking Wake|Draco Meteor|p1a: Umbreon\n|-activate|p1a: Umbreon|move: Protect\n|\n|-weather|SunnyDay|[upkeep]\n|-heal|p1a: Umbreon|297/297|[from] item: Leftovers\n|-damage|p2a: Walking Wake|179/286 tox|[from] psn\n|upkeep\n|turn|30\n|\n|t:|1781446722\n|move|p2a: Walking Wake|Draco Meteor|p1a: Umbreon\n|-damage|p1a: Umbreon|116/297\n|-unboost|p2a: Walking Wake|spa|2\n|-damage|p2a: Walking Wake|151/286 tox|[from] item: Life Orb\n|move|p1a: Umbreon|Wish|p1a: Umbreon\n|\n|-weather|SunnyDay|[upkeep]\n|-heal|p1a: Umbreon|134/297|[from] item: Leftovers\n|-damage|p2a: Walking Wake|100/286 tox|[from] psn\n|upkeep\n|turn|31\n|\n|t:|1781446727\n|-end|p2a: Walking Wake|Protosynthesis|[silent]\n|switch|p2a: Misdreavus|Misdreavus, L90, F|214/254\n|move|p1a: Umbreon|Protect||[still]\n|-fail|p1a: Umbreon\n|\n|-weather|SunnyDay|[upkeep]\n|-heal|p1a: Umbreon|282/297|[from] move: Wish|[wisher] Umbreon\n|-heal|p1a: Umbreon|297/297|[from] item: Leftovers\n|upkeep\n|turn|32\n|\n|t:|1781446732\n|move|p2a: Misdreavus|Will-O-Wisp|p1a: Umbreon\n|-status|p1a: Umbreon|brn\n|-activate|p1a: Umbreon|ability: Synchronize\n|-status|p2a: Misdreavus|brn\n|move|p1a: Umbreon|Toxic||[still]\n|-fail|p1a: Umbreon\n|\n|-weather|none\n|-damage|p2a: Misdreavus|199/254 brn|[from] brn\n|-damage|p1a: Umbreon|279/297 brn|[from] brn\n|upkeep\n|turn|33\n|\n|t:|1781446740\n|switch|p1a: Whimsicott|Whimsicott, L84, M|142/238 brn\n|-damage|p1a: Whimsicott|83/238 brn|[from] Spikes\n|-terastallize|p2a: Misdreavus|Fairy\n|move|p2a: Misdreavus|Calm Mind|p2a: Misdreavus\n|-boost|p2a: Misdreavus|spa|1\n|-boost|p2a: Misdreavus|spd|1\n|\n|-heal|p1a: Whimsicott|97/238 brn|[from] item: Leftovers\n|-damage|p1a: Whimsicott|83/238 brn|[from] brn\n|-damage|p2a: Misdreavus|184/254 brn|[from] brn\n|upkeep\n|turn|34\n|\n|t:|1781446746\n|move|p1a: Whimsicott|Leech Seed|p2a: Misdreavus\n|-start|p2a: Misdreavus|move: Leech Seed\n|move|p2a: Misdreavus|Draining Kiss|p1a: Whimsicott\n|-damage|p1a: Whimsicott|0 fnt\n|-heal|p2a: Misdreavus|246/254 brn|[from] drain|[of] p1a: Whimsicott\n|faint|p1a: Whimsicott\n|\n|-damage|p2a: Misdreavus|231/254 brn|[from] brn\n|upkeep\n|\n|t:|1781446753\n|switch|p1a: Umbreon|Umbreon, L84, F|279/297 brn\n|-damage|p1a: Umbreon|205/297 brn|[from] Spikes\n|turn|35\n|\n|t:|1781446758\n|switch|p2a: Walking Wake|Walking Wake, L79|100/286 tox\n|-terastallize|p1a: Umbreon|Poison\n|move|p1a: Umbreon|Wish|p1a: Umbreon\n|\n|-heal|p1a: Umbreon|223/297 brn|[from] item: Leftovers\n|-damage|p2a: Walking Wake|83/286 tox|[from] psn\n|-damage|p1a: Umbreon|205/297 brn|[from] brn\n|upkeep\n|turn|36\n|\n|t:|1781446763\n|move|p2a: Walking Wake|Draco Meteor|p1a: Umbreon\n|-damage|p1a: Umbreon|59/297 brn\n|-unboost|p2a: Walking Wake|spa|2\n|-damage|p2a: Walking Wake|55/286 tox|[from] item: Life Orb\n|move|p1a: Umbreon|Foul Play|p2a: Walking Wake\n|-damage|p2a: Walking Wake|23/286 tox\n|\n|-heal|p1a: Umbreon|207/297 brn|[from] move: Wish|[wisher] Umbreon\n|-heal|p1a: Umbreon|225/297 brn|[from] item: Leftovers\n|-damage|p2a: Walking Wake|0 fnt|[from] psn\n|faint|p2a: Walking Wake\n|-end|p2a: Walking Wake|Protosynthesis|[silent]\n|-damage|p1a: Umbreon|207/297 brn|[from] brn\n|upkeep\n|\n|t:|1781446772\n|switch|p2a: Misdreavus|Misdreavus, L90, F, tera:Fairy|231/254 brn\n|turn|37\n|\n|t:|1781446776\n|switch|p1a: Persian|Persian, L92, M|269/269\n|-damage|p1a: Persian|202/269|[from] Spikes\n|move|p2a: Misdreavus|Calm Mind|p2a: Misdreavus\n|-boost|p2a: Misdreavus|spa|1\n|-boost|p2a: Misdreavus|spd|1\n|\n|-damage|p2a: Misdreavus|216/254 brn|[from] brn\n|upkeep\n|turn|38\n|\n|t:|1781446779\n|switch|p2a: Arcanine|Arcanine, L84, F|202/288\n|-ability|p2a: Arcanine|Intimidate|boost\n|-unboost|p1a: Persian|atk|1\n|move|p1a: Persian|Fake Out|p2a: Arcanine\n|-damage|p2a: Arcanine|154/288\n|\n|upkeep\n|turn|39\n|\n|t:|1781446788\n|switch|p2a: Slaking|Slaking, L84, M|303/389\n|move|p1a: Persian|U-turn|p2a: Slaking\n|-damage|p2a: Slaking|273/389\n|\n|t:|1781446792\n|switch|p1a: Umbreon|Umbreon, L84, F, tera:Poison|207/297 brn|[from] U-turn\n|-damage|p1a: Umbreon|133/297 brn|[from] Spikes\n|\n|-heal|p1a: Umbreon|151/297 brn|[from] item: Leftovers\n|-damage|p1a: Umbreon|133/297 brn|[from] brn\n|upkeep\n|turn|40\n|\n|t:|1781446795\n|switch|p2a: Misdreavus|Misdreavus, L90, F, tera:Fairy|216/254 brn\n|move|p1a: Umbreon|Protect||[still]\n|-fail|p1a: Umbreon\n|\n|-heal|p1a: Umbreon|151/297 brn|[from] item: Leftovers\n|-damage|p2a: Misdreavus|201/254 brn|[from] brn\n|-damage|p1a: Umbreon|133/297 brn|[from] brn\n|upkeep\n|turn|41\n|\n|t:|1781446804\n|move|p2a: Misdreavus|Calm Mind|p2a: Misdreavus\n|-boost|p2a: Misdreavus|spa|1\n|-boost|p2a: Misdreavus|spd|1\n|move|p1a: Umbreon|Wish|p1a: Umbreon\n|\n|-heal|p1a: Umbreon|151/297 brn|[from] item: Leftovers\n|-damage|p2a: Misdreavus|186/254 brn|[from] brn\n|-damage|p1a: Umbreon|133/297 brn|[from] brn\n|upkeep\n|turn|42\n|\n|t:|1781446807\n|switch|p1a: Persian|Persian, L92, M|202/269\n|-damage|p1a: Persian|135/269|[from] Spikes\n|move|p2a: Misdreavus|Draining Kiss|p1a: Persian\n|-damage|p1a: Persian|29/269\n|-heal|p2a: Misdreavus|254/254 brn|[from] drain|[of] p1a: Persian\n|\n|-heal|p1a: Persian|177/269|[from] move: Wish|[wisher] Umbreon\n|-damage|p2a: Misdreavus|239/254 brn|[from] brn\n|upkeep\n|turn|43\n|\n|t:|1781446813\n|move|p1a: Persian|Fake Out|p2a: Misdreavus\n|-damage|p2a: Misdreavus|181/254 brn\n|cant|p2a: Misdreavus|flinch\n|\n|-damage|p2a: Misdreavus|166/254 brn|[from] brn\n|upkeep\n|turn|44\n|\n|t:|1781446817\n|move|p1a: Persian|Double-Edge|p2a: Misdreavus\n|-damage|p2a: Misdreavus|51/254 brn\n|-damage|p1a: Persian|139/269|[from] Recoil\n|move|p2a: Misdreavus|Draining Kiss|p1a: Persian\n|-damage|p1a: Persian|30/269\n|-heal|p2a: Misdreavus|133/254 brn|[from] drain|[of] p1a: Persian\n|\n|-damage|p2a: Misdreavus|118/254 brn|[from] brn\n|upkeep\n|turn|45\n|\n|t:|1781446822\n|switch|p2a: Arcanine|Arcanine, L84, F|154/288\n|-ability|p2a: Arcanine|Intimidate|boost\n|-unboost|p1a: Persian|atk|1\n|move|p1a: Persian|Double-Edge|p2a: Arcanine\n|-damage|p2a: Arcanine|49/288\n|-damage|p1a: Persian|0 fnt|[from] Recoil\n|faint|p1a: Persian\n|\n|upkeep\n|\n|t:|1781446825\n|switch|p1a: Altaria|Altaria, L89, M|157/278\n|turn|46\n|\n|t:|1781446830\n|move|p2a: Arcanine|Morning Sun|p2a: Arcanine\n|-heal|p2a: Arcanine|193/288\n|move|p1a: Altaria|Dragon Dance|p1a: Altaria\n|-boost|p1a: Altaria|atk|1\n|-boost|p1a: Altaria|spe|1\n|\n|upkeep\n|turn|47\n|\n|t:|1781446835\n|switch|p2a: Misdreavus|Misdreavus, L90, F, tera:Fairy|118/254 brn\n|move|p1a: Altaria|Earthquake|p2a: Misdreavus\n|-immune|p2a: Misdreavus|[from] ability: Levitate\n|\n|-damage|p2a: Misdreavus|103/254 brn|[from] brn\n|upkeep\n|turn|48\n|\n|t:|1781446838\n|move|p1a: Altaria|Brave Bird|p2a: Misdreavus\n|-damage|p2a: Misdreavus|0 fnt\n|faint|p2a: Misdreavus\n|-damage|p1a: Altaria|123/278|[from] Recoil\n|\n|upkeep\n|\n|t:|1781446840\n|switch|p2a: Slaking|Slaking, L84, M|273/389\n|turn|49\n|\n|t:|1781446844\n|move|p1a: Altaria|Roost|p1a: Altaria\n|-heal|p1a: Altaria|262/278\n|-singleturn|p1a: Altaria|move: Roost\n|move|p2a: Slaking|Double-Edge|p1a: Altaria\n|-damage|p1a: Altaria|0 fnt\n|faint|p1a: Altaria\n|-damage|p2a: Slaking|187/389|[from] Recoil\n|\n|upkeep\n|\n|t:|1781446847\n|switch|p1a: Umbreon|Umbreon, L84, F, tera:Poison|133/297 brn\n|-damage|p1a: Umbreon|59/297 brn|[from] Spikes\n|turn|50\n|\n|t:|1781446849\n|switch|p2a: Arcanine|Arcanine, L84, F|193/288\n|-ability|p2a: Arcanine|Intimidate|boost\n|-unboost|p1a: Umbreon|atk|1\n|move|p1a: Umbreon|Wish|p1a: Umbreon\n|\n|-heal|p1a: Umbreon|77/297 brn|[from] item: Leftovers\n|-damage|p1a: Umbreon|59/297 brn|[from] brn\n|upkeep\n|turn|51\n|\n|t:|1781446853\n|move|p1a: Umbreon|Protect|p1a: Umbreon\n|-singleturn|p1a: Umbreon|Protect\n|move|p2a: Arcanine|Flare Blitz|p1a: Umbreon\n|-activate|p1a: Umbreon|move: Protect\n|\n|-heal|p1a: Umbreon|207/297 brn|[from] move: Wish|[wisher] Umbreon\n|-heal|p1a: Umbreon|225/297 brn|[from] item: Leftovers\n|-damage|p1a: Umbreon|207/297 brn|[from] brn\n|upkeep\n|turn|52\n|\n|t:|1781446859\n|move|p2a: Arcanine|Flare Blitz|p1a: Umbreon\n|-damage|p1a: Umbreon|89/297 brn\n|-damage|p2a: Arcanine|154/288|[from] Recoil\n|move|p1a: Umbreon|Wish|p1a: Umbreon\n|\n|-heal|p1a: Umbreon|107/297 brn|[from] item: Leftovers\n|-damage|p1a: Umbreon|89/297 brn|[from] brn\n|upkeep\n|turn|53\n|l|\u2606ZannaBianca99\n|inactive|ZannaBianca99 disconnected and has a minute to reconnect!\n|player|p2|\n|inactive|ZannaBianca99 has 30 seconds to reconnect!\n|inactive|ZannaBianca99 has 20 seconds to reconnect!\n|inactive|ZannaBianca99 has 15 seconds to reconnect!\n|inactive|ZannaBianca99 has 10 seconds to reconnect!\n|inactive|ZannaBianca99 has 5 seconds to reconnect!\n|-message|ZannaBianca99 lost due to inactivity.\n|\n|win|discodiscogoodgood\n", "inputlog": ">version a8376a258c1d4662feba110a92103f3664a72141\n>start {\"formatid\":\"gen9randombattle\",\"seed\":\"sodium,daac2f5c9724501ddb6edb38b00d70ac\",\"rated\":\"Rated battle\"}\n>player p1 {\"name\":\"discodiscogoodgood\",\"avatar\":\"musician\",\"rating\":2045,\"seed\":\"sodium,0cd1270e45840452ff542aa144cd8f8f\"}\n>player p2 {\"name\":\"ZannaBianca99\",\"avatar\":\"102\",\"rating\":2067,\"seed\":\"sodium,b1a8d6facd5e72502a87225d784491d3\"}\n>p1 switch 6\n>p2 switch 6\n>p1 move earthquake\n>p2 switch 5\n>p1 switch 5\n>p2 move willowisp\n>p1 move leechseed\n>p2 switch 3\n>p1 move substitute\n>p2 move spikes\n>p1 move moonblast\n>p2 switch 6\n>p1 move leechseed\n>p2 move psychicfangs\n>p1 move substitute\n>p2 move teleport\n>p2 switch 5\n>p1 move leechseed\n>p2 move flareblitz\n>p1 switch 5\n>p2 switch 3\n>p1 switch 3\n>p2 move calmmind\n>p1 move toxic\n>p2 switch 6\n>p1 switch 4\n>p2 move spikes\n>p1 move heatcrash\n>p2 move thunderwave\n>p1 move heatcrash\n>p2 move spikes\n>p1 move earthquake\n>p2 move foulplay\n>p2 switch 2\n>p1 switch 6\n>p2 move doubleedge\n>p1 switch 4\n>p1 move foulplay\n>p2 switch 5\n>p2 switch 4\n>p1 move protect\n>p2 move sunnyday\n>p1 switch 6\n>p2 move flamethrower\n>p1 move outrage\n>p2 move hydrosteam\n>p1 switch 5\n>p1 move encore\n>p2 switch 3\n>p1 switch 3\n>p2 move flareblitz\n>p1 move bravebird\n>p2 switch 6\n>p1 switch 6\n>p2 move drainingkiss\n>p1 move wish\n>p2 switch 5\n>p1 move protect\n>p2 switch 3\n>p1 move toxic\n>p2 move sunnyday\n>p1 move protect\n>p2 move dracometeor\n>p1 move wish\n>p2 move dracometeor\n>p1 move protect\n>p2 switch 5\n>p1 move toxic\n>p2 move willowisp\n>p1 switch 3\n>p2 move calmmind terastallize\n>p1 move leechseed\n>p2 move drainingkiss\n>p1 switch 3\n>p1 move wish terastallize\n>p2 switch 5\n>p1 move foulplay\n>p2 move dracometeor\n>p2 switch 5\n>p1 switch 2\n>p2 move calmmind\n>p1 move fakeout\n>p2 switch 6\n>p1 move uturn\n>p2 switch 3\n>p1 switch 2\n>p1 move protect\n>p2 switch 6\n>p1 move wish\n>p2 move calmmind\n>p1 switch 2\n>p2 move drainingkiss\n>p1 move fakeout\n>p2 move drainingkiss\n>p1 move doubleedge\n>p2 move drainingkiss\n>p1 move doubleedge\n>p2 switch 3\n>p1 switch 6\n>p1 move dragondance\n>p2 move morningsun\n>p1 move earthquake\n>p2 switch 3\n>p1 move bravebird\n>p2 move drainingkiss\n>p2 switch 6\n>p1 move roost\n>p2 move doubleedge\n>p1 switch 2\n>p1 move wish\n>p2 switch 3\n>p1 move protect\n>p2 move flareblitz\n>p1 move wish\n>p2 move flareblitz\n>forcelose p2", "uploadtime": 1781446432, "views": 5, "formatid": "gen9randombattle", "rating": null, "private": 0, "password": null, "player_dets": [{"name": "discodiscogoodgood", "avatar": "musician", "rating": 2045, "seed": "sodium,0cd1270e45840452ff542aa144cd8f8f"}, {"name": "ZannaBianca99", "avatar": "102", "rating": 2067, "seed": "sodium,b1a8d6facd5e72502a87225d784491d3"}], "teams_full": [{"Greedent": {"name": "Greedent", "species": "Greedent", "speciesId": "greedent", "gender": "F", "shiny": false, "level": 86, "moves": ["earthquake", "doubleedge", "knockoff", "swordsdance"], "ability": "Cheek Pouch", "evs": {"hp": 85, "atk": 85, "def": 85, "spa": 85, "spd": 85, "spe": 85}, "ivs": {"hp": 31, "atk": 31, "def": 31, "spa": 31, "spd": 31, "spe": 31}, "item": "Sitrus Berry", "teraType": "Ground", "role": "Bulky Setup", "bvs": {"hp": 120, "atk": 95, "def": 95, "spa": 55, "spd": 75, "spe": 20}, "stats": {"hp": 347, "atk": 213, "def": 213, "spa": 144, "spd": 178, "spe": 84}, "types": ["Normal"]}, "Persian": {"name": "Persian", "species": "Persian", "speciesId": "persian", "gender": "M", "shiny": false, "level": 92, "moves": ["uturn", "fakeout", "doubleedge", "knockoff"], "ability": "Technician", "evs": {"hp": 85, "atk": 85, "def": 85, "spa": 85, "spd": 85, "spe": 85}, "ivs": {"hp": 31, "atk": 31, "def": 31, "spa": 31, "spd": 31, "spe": 31}, "item": "Silk Scarf", "teraType": "Normal", "role": "Fast Attacker", "bvs": {"hp": 65, "atk": 70, "def": 60, "spa": 65, "spd": 65, "spe": 115}, "stats": {"hp": 269, "atk": 181, "def": 163, "spa": 172, "spd": 172, "spe": 264}, "types": ["Normal"]}, "Umbreon": {"name": "Umbreon", "species": "Umbreon", "speciesId": "umbreon", "gender": "F", "shiny": false, "level": 84, "moves": ["wish", "toxic", "protect", "foulplay"], "ability": "Synchronize", "evs": {"hp": 85, "atk": 0, "def": 85, "spa": 85, "spd": 85, "spe": 85}, "ivs": {"hp": 31, "atk": 0, "def": 31, "spa": 31, "spd": 31, "spe": 31}, "item": "Leftovers", "teraType": "Poison", "role": "Bulky Support", "bvs": {"hp": 95, "atk": 65, "def": 110, "spa": 60, "spd": 130, "spe": 65}, "stats": {"hp": 297, "atk": 114, "def": 233, "spa": 149, "spd": 267, "spe": 157}, "types": ["Dark"]}, "Gouging Fire": {"name": "Gouging Fire", "species": "Gouging Fire", "speciesId": "gougingfire", "gender": "N", "shiny": false, "level": 74, "moves": ["dragondance", "heatcrash", "outrage", "earthquake"], "ability": "Protosynthesis", "evs": {"hp": 85, "atk": 85, "def": 85, "spa": 85, "spd": 85, "spe": 85}, "ivs": {"hp": 31, "atk": 31, "def": 31, "spa": 31, "spd": 31, "spe": 31}, "item": "Heavy-Duty Boots", "teraType": "Ground", "role": "Setup Sweeper", "bvs": {"hp": 105, "atk": 115, "def": 121, "spa": 65, "spd": 93, "spe": 91}, "stats": {"hp": 277, "atk": 213, "def": 222, "spa": 139, "spd": 181, "spe": 178}, "types": ["Fire", "Dragon"]}, "Whimsicott": {"name": "Whimsicott", "species": "Whimsicott", "speciesId": "whimsicott", "gender": "M", "shiny": false, "level": 84, "moves": ["leechseed", "moonblast", "substitute", "encore"], "ability": "Prankster", "evs": {"hp": 85, "atk": 0, "def": 85, "spa": 85, "spd": 85, "spe": 85}, "ivs": {"hp": 31, "atk": 0, "def": 31, "spa": 31, "spd": 31, "spe": 31}, "item": "Leftovers", "teraType": "Poison", "role": "Bulky Support", "bvs": {"hp": 60, "atk": 67, "def": 85, "spa": 77, "spd": 75, "spe": 116}, "stats": {"hp": 238, "atk": 117, "def": 191, "spa": 178, "spd": 174, "spe": 243}, "types": ["Grass", "Fairy"]}, "Altaria": {"name": "Altaria", "species": "Altaria", "speciesId": "altaria", "gender": "M", "shiny": false, "level": 89, "moves": ["bravebird", "earthquake", "dragondance", "roost"], "ability": "Natural Cure", "evs": {"hp": 85, "atk": 85, "def": 85, "spa": 85, "spd": 85, "spe": 85}, "ivs": {"hp": 31, "atk": 31, "def": 31, "spa": 31, "spd": 31, "spe": 31}, "item": "Heavy-Duty Boots", "teraType": "Ground", "role": "Bulky Setup", "bvs": {"hp": 75, "atk": 70, "def": 90, "spa": 70, "spd": 105, "spe": 80}, "stats": {"hp": 278, "atk": 175, "def": 211, "spa": 175, "spd": 238, "spe": 193}, "types": ["Dragon", "Flying"]}}, {"Solgaleo": {"name": "Solgaleo", "species": "Solgaleo", "speciesId": "solgaleo", "gender": "N", "shiny": false, "level": 74, "moves": ["sunsteelstrike", "morningsun", "teleport", "psychicfangs"], "ability": "Full Metal Body", "evs": {"hp": 85, "atk": 85, "def": 85, "spa": 85, "spd": 85, "spe": 85}, "ivs": {"hp": 31, "atk": 31, "def": 31, "spa": 31, "spd": 31, "spe": 31}, "item": "Rocky Helmet", "teraType": "Water", "role": "Bulky Attacker", "bvs": {"hp": 137, "atk": 137, "def": 107, "spa": 113, "spd": 89, "spe": 97}, "stats": {"hp": 325, "atk": 246, "def": 201, "spa": 210, "spd": 175, "spe": 187}, "types": ["Psychic", "Steel"]}, "Slaking": {"name": "Slaking", "species": "Slaking", "speciesId": "slaking", "gender": "M", "shiny": false, "level": 84, "moves": ["earthquake", "knockoff", "doubleedge", "gigaimpact"], "ability": "Truant", "evs": {"hp": 85, "atk": 85, "def": 85, "spa": 85, "spd": 85, "spe": 85}, "ivs": {"hp": 31, "atk": 31, "def": 31, "spa": 31, "spd": 31, "spe": 31}, "item": "Choice Band", "teraType": "Ghost", "role": "Wallbreaker", "bvs": {"hp": 150, "atk": 160, "def": 100, "spa": 95, "spd": 65, "spe": 100}, "stats": {"hp": 389, "atk": 317, "def": 216, "spa": 208, "spd": 157, "spe": 216}, "types": ["Normal"]}, "Klefki": {"name": "Klefki", "species": "Klefki", "speciesId": "klefki", "gender": "F", "shiny": false, "level": 84, "moves": ["dazzlinggleam", "foulplay", "spikes", "thunderwave"], "ability": "Prankster", "evs": {"hp": 85, "atk": 0, "def": 85, "spa": 85, "spd": 85, "spe": 85}, "ivs": {"hp": 31, "atk": 0, "def": 31, "spa": 31, "spd": 31, "spe": 31}, "item": "Leftovers", "teraType": "Water", "role": "Bulky Attacker", "bvs": {"hp": 57, "atk": 80, "def": 91, "spa": 80, "spd": 87, "spe": 75}, "stats": {"hp": 233, "atk": 139, "def": 201, "spa": 183, "spd": 194, "spe": 174}, "types": ["Steel", "Fairy"]}, "Walking Wake": {"name": "Walking Wake", "species": "Walking Wake", "speciesId": "walkingwake", "gender": "N", "shiny": false, "level": 79, "moves": ["sunnyday", "hydrosteam", "dracometeor", "flamethrower"], "ability": "Protosynthesis", "evs": {"hp": 85, "atk": 0, "def": 85, "spa": 85, "spd": 85, "spe": 85}, "ivs": {"hp": 31, "atk": 0, "def": 31, "spa": 31, "spd": 31, "spe": 31}, "item": "Life Orb", "teraType": "Fire", "role": "Fast Attacker", "bvs": {"hp": 99, "atk": 83, "def": 91, "spa": 125, "spd": 83, "spe": 109}, "stats": {"hp": 286, "atk": 136, "def": 189, "spa": 243, "spd": 177, "spe": 218}, "types": ["Water", "Dragon"]}, "Misdreavus": {"name": "Misdreavus", "species": "Misdreavus", "speciesId": "misdreavus", "gender": "F", "shiny": false, "level": 90, "moves": ["willowisp", "drainingkiss", "shadowball", "calmmind"], "ability": "Levitate", "evs": {"hp": 85, "atk": 0, "def": 85, "spa": 85, "spd": 85, "spe": 85}, "ivs": {"hp": 31, "atk": 0, "def": 31, "spa": 31, "spd": 31, "spe": 31}, "item": "Eviolite", "teraType": "Fairy", "role": "Bulky Setup", "bvs": {"hp": 60, "atk": 60, "def": 60, "spa": 85, "spd": 85, "spe": 85}, "stats": {"hp": 254, "atk": 113, "def": 159, "spa": 204, "spd": 204, "spe": 204}, "types": ["Ghost"]}, "Arcanine": {"name": "Arcanine", "species": "Arcanine", "speciesId": "arcanine", "gender": "F", "shiny": false, "level": 84, "moves": ["morningsun", "closecombat", "flareblitz", "extremespeed"], "ability": "Intimidate", "evs": {"hp": 85, "atk": 85, "def": 85, "spa": 85, "spd": 85, "spe": 85}, "ivs": {"hp": 31, "atk": 31, "def": 31, "spa": 31, "spd": 31, "spe": 31}, "item": "Heavy-Duty Boots", "teraType": "Fighting", "role": "Bulky Attacker", "bvs": {"hp": 90, "atk": 110, "def": 80, "spa": 100, "spd": 80, "spe": 95}, "stats": {"hp": 288, "atk": 233, "def": 183, "spa": 216, "spd": 183, "spe": 208}, "types": ["Fire"]}}]}