{"id": "gen9randombattle-2631601473", "format": "[Gen 9] Random Battle", "players": ["Bace", "randbatsluvr"], "log": "|j|\u2606Bace\n|j|\u2606randbatsluvr\n|t:|1781407113\n|gametype|singles\n|player|p1|Bace|265|1334\n|player|p2|randbatsluvr|265|1296\n|gen|9\n|tier|[Gen 9] Random Battle\n|rated|\n|rule|Species Clause: Limit one of each Pok\u00e9mon\n|rule|HP Percentage Mod: HP is shown in percentages\n|rule|Sleep Clause Mod: Limit one foe put to sleep\n|rule|Illusion Level Mod: Illusion disguises the Pok\u00e9mon's true level\n|\n|t:|1781407113\n|teamsize|p1|6\n|teamsize|p2|6\n|start\n|switch|p1a: Crabominable|Crabominable, L90, F|321/321\n|switch|p2a: Palkia|Palkia-Origin, L72|249/249\n|-ability|p2a: Palkia|Pressure\n|turn|1\n|inactive|Battle timer is ON: inactive players will automatically lose when time's up. (requested by randbatsluvr)\n|\n|t:|1781407123\n|switch|p2a: Gurdurr|Gurdurr, L85, F|283/283\n|move|p1a: Crabominable|Gunk Shot|p2a: Gurdurr\n|-damage|p2a: Gurdurr|148/283\n|-status|p2a: Gurdurr|psn\n|\n|-damage|p2a: Gurdurr|113/283 psn|[from] psn\n|upkeep\n|turn|2\n|\n|t:|1781407135\n|switch|p1a: Cresselia|Cresselia, L80, F|323/323\n|move|p2a: Gurdurr|Mach Punch|p1a: Cresselia\n|-resisted|p1a: Cresselia\n|-damage|p1a: Cresselia|294/323\n|\n|-heal|p1a: Cresselia|314/323|[from] item: Leftovers\n|-damage|p2a: Gurdurr|78/283 psn|[from] psn\n|upkeep\n|turn|3\n|\n|t:|1781407144\n|switch|p2a: Muk|Muk-Alola, L82, F|306/306\n|move|p1a: Cresselia|Psyshock|p2a: Muk\n|-immune|p2a: Muk\n|\n|-heal|p1a: Cresselia|323/323|[from] item: Leftovers\n|upkeep\n|turn|4\n|\n|t:|1781407154\n|switch|p1a: Crabominable|Crabominable, L90, F|321/321\n|move|p2a: Muk|Knock Off|p1a: Crabominable\n|-resisted|p1a: Crabominable\n|-damage|p1a: Crabominable|266/321\n|-status|p1a: Crabominable|psn|[from] ability: Poison Touch|[of] p2a: Muk\n|-enditem|p1a: Crabominable|Choice Band|[from] move: Knock Off|[of] p2a: Muk\n|\n|-damage|p1a: Crabominable|226/321 psn|[from] psn\n|upkeep\n|turn|5\n|\n|t:|1781407158\n|-terastallize|p2a: Muk|Fighting\n|move|p2a: Muk|Drain Punch|p1a: Crabominable\n|-supereffective|p1a: Crabominable\n|-damage|p1a: Crabominable|52/321 psn\n|move|p1a: Crabominable|Gunk Shot|p2a: Muk\n|-damage|p2a: Muk|164/306\n|-status|p2a: Muk|psn\n|\n|-damage|p2a: Muk|126/306 psn|[from] psn\n|-damage|p1a: Crabominable|12/321 psn|[from] psn\n|upkeep\n|turn|6\n|\n|t:|1781407165\n|move|p2a: Muk|Knock Off|p1a: Crabominable\n|-resisted|p1a: Crabominable\n|-damage|p1a: Crabominable|0 fnt\n|faint|p1a: Crabominable\n|\n|-damage|p2a: Muk|88/306 psn|[from] psn\n|upkeep\n|\n|t:|1781407179\n|switch|p1a: Cresselia|Cresselia, L80, F|323/323\n|turn|7\n|\n|t:|1781407182\n|move|p1a: Cresselia|Psyshock|p2a: Muk\n|-supereffective|p2a: Muk\n|-damage|p2a: Muk|0 fnt\n|faint|p2a: Muk\n|\n|upkeep\n|\n|t:|1781407182\n|switch|p2a: Meloetta|Meloetta, L82|298/298\n|turn|8\n|\n|t:|1781407185\n|move|p2a: Meloetta|Hyper Voice|p1a: Cresselia\n|-crit|p1a: Cresselia\n|-damage|p1a: Cresselia|103/323\n|move|p1a: Cresselia|Calm Mind|p1a: Cresselia\n|-boost|p1a: Cresselia|spa|1\n|-boost|p1a: Cresselia|spd|1\n|\n|-heal|p1a: Cresselia|123/323|[from] item: Leftovers\n|upkeep\n|turn|9\n|\n|t:|1781407189\n|move|p2a: Meloetta|Hyper Voice|p1a: Cresselia\n|-damage|p1a: Cresselia|23/323\n|move|p1a: Cresselia|Moonlight|p1a: Cresselia\n|-heal|p1a: Cresselia|184/323\n|\n|-heal|p1a: Cresselia|204/323|[from] item: Leftovers\n|upkeep\n|turn|10\n|\n|t:|1781407196\n|move|p2a: Meloetta|Hyper Voice|p1a: Cresselia\n|-damage|p1a: Cresselia|110/323\n|move|p1a: Cresselia|Moonlight|p1a: Cresselia\n|-heal|p1a: Cresselia|271/323\n|\n|-heal|p1a: Cresselia|291/323|[from] item: Leftovers\n|upkeep\n|turn|11\n|\n|t:|1781407200\n|move|p2a: Meloetta|Hyper Voice|p1a: Cresselia\n|-damage|p1a: Cresselia|197/323\n|move|p1a: Cresselia|Calm Mind|p1a: Cresselia\n|-boost|p1a: Cresselia|spa|1\n|-boost|p1a: Cresselia|spd|1\n|\n|-heal|p1a: Cresselia|217/323|[from] item: Leftovers\n|upkeep\n|turn|12\n|\n|t:|1781407205\n|move|p2a: Meloetta|Hyper Voice|p1a: Cresselia\n|-damage|p1a: Cresselia|148/323\n|move|p1a: Cresselia|Moonlight|p1a: Cresselia\n|-heal|p1a: Cresselia|309/323\n|\n|-heal|p1a: Cresselia|323/323|[from] item: Leftovers\n|upkeep\n|turn|13\n|\n|t:|1781407209\n|move|p2a: Meloetta|Hyper Voice|p1a: Cresselia\n|-crit|p1a: Cresselia\n|-damage|p1a: Cresselia|122/323\n|move|p1a: Cresselia|Calm Mind|p1a: Cresselia\n|-boost|p1a: Cresselia|spa|1\n|-boost|p1a: Cresselia|spd|1\n|\n|-heal|p1a: Cresselia|142/323|[from] item: Leftovers\n|upkeep\n|turn|14\n|\n|t:|1781407212\n|move|p2a: Meloetta|Hyper Voice|p1a: Cresselia\n|-damage|p1a: Cresselia|81/323\n|move|p1a: Cresselia|Moonlight|p1a: Cresselia\n|-heal|p1a: Cresselia|242/323\n|\n|-heal|p1a: Cresselia|262/323|[from] item: Leftovers\n|upkeep\n|turn|15\n|\n|t:|1781407214\n|move|p2a: Meloetta|Hyper Voice|p1a: Cresselia\n|-damage|p1a: Cresselia|210/323\n|move|p1a: Cresselia|Calm Mind|p1a: Cresselia\n|-boost|p1a: Cresselia|spa|1\n|-boost|p1a: Cresselia|spd|1\n|\n|-heal|p1a: Cresselia|230/323|[from] item: Leftovers\n|upkeep\n|turn|16\n|\n|t:|1781407220\n|move|p2a: Meloetta|Hyper Voice|p1a: Cresselia\n|-damage|p1a: Cresselia|178/323\n|move|p1a: Cresselia|Moonlight|p1a: Cresselia\n|-heal|p1a: Cresselia|323/323\n|\n|upkeep\n|turn|17\n|\n|t:|1781407222\n|move|p2a: Meloetta|Hyper Voice|p1a: Cresselia\n|-damage|p1a: Cresselia|275/323\n|move|p1a: Cresselia|Calm Mind|p1a: Cresselia\n|-boost|p1a: Cresselia|spa|1\n|-boost|p1a: Cresselia|spd|1\n|\n|-heal|p1a: Cresselia|295/323|[from] item: Leftovers\n|upkeep\n|turn|18\n|\n|t:|1781407225\n|move|p2a: Meloetta|Hyper Voice|p1a: Cresselia\n|-damage|p1a: Cresselia|252/323\n|move|p1a: Cresselia|Calm Mind|p1a: Cresselia\n|-boost|p1a: Cresselia|spa|1\n|-boost|p1a: Cresselia|spd|1\n|\n|-heal|p1a: Cresselia|272/323|[from] item: Leftovers\n|upkeep\n|turn|19\n|\n|t:|1781407229\n|move|p2a: Meloetta|Hyper Voice|p1a: Cresselia\n|-damage|p1a: Cresselia|236/323\n|move|p1a: Cresselia|Thunderbolt|p2a: Meloetta\n|-damage|p2a: Meloetta|140/298\n|\n|-heal|p1a: Cresselia|256/323|[from] item: Leftovers\n|upkeep\n|turn|20\n|\n|t:|1781407231\n|move|p2a: Meloetta|Hyper Voice|p1a: Cresselia\n|-damage|p1a: Cresselia|223/323\n|move|p1a: Cresselia|Thunderbolt|p2a: Meloetta\n|-damage|p2a: Meloetta|1/298\n|\n|-heal|p1a: Cresselia|243/323|[from] item: Leftovers\n|upkeep\n|turn|21\n|\n|t:|1781407237\n|move|p2a: Meloetta|Hyper Voice|p1a: Cresselia\n|-damage|p1a: Cresselia|210/323\n|move|p1a: Cresselia|Psyshock|p2a: Meloetta\n|-resisted|p2a: Meloetta\n|-damage|p2a: Meloetta|0 fnt\n|faint|p2a: Meloetta\n|\n|-heal|p1a: Cresselia|230/323|[from] item: Leftovers\n|upkeep\n|\n|t:|1781407239\n|switch|p2a: Lapras|Lapras, L87, F|368/368\n|turn|22\n|\n|t:|1781407241\n|move|p1a: Cresselia|Thunderbolt|p2a: Lapras\n|-supereffective|p2a: Lapras\n|-damage|p2a: Lapras|14/368\n|move|p2a: Lapras|Freeze-Dry|p1a: Cresselia\n|-damage|p1a: Cresselia|215/323\n|\n|-heal|p1a: Cresselia|235/323|[from] item: Leftovers\n|upkeep\n|turn|23\n|\n|t:|1781407245\n|move|p1a: Cresselia|Thunderbolt|p2a: Lapras\n|-supereffective|p2a: Lapras\n|-damage|p2a: Lapras|0 fnt\n|faint|p2a: Lapras\n|\n|-heal|p1a: Cresselia|255/323|[from] item: Leftovers\n|upkeep\n|\n|t:|1781407246\n|switch|p2a: Gurdurr|Gurdurr, L85, F|78/283 psn\n|turn|24\n|\n|t:|1781407249\n|move|p1a: Cresselia|Psyshock|p2a: Gurdurr\n|-supereffective|p2a: Gurdurr\n|-damage|p2a: Gurdurr|0 fnt\n|faint|p2a: Gurdurr\n|\n|-heal|p1a: Cresselia|275/323|[from] item: Leftovers\n|upkeep\n|\n|t:|1781407252\n|switch|p2a: Palkia|Palkia-Origin, L72|249/249\n|-ability|p2a: Palkia|Pressure\n|turn|25\n|\n|t:|1781407258\n|move|p2a: Palkia|Fire Blast|p1a: Cresselia\n|-damage|p1a: Cresselia|259/323\n|move|p1a: Cresselia|Thunderbolt|p2a: Palkia\n|-damage|p2a: Palkia|80/249\n|\n|-heal|p1a: Cresselia|279/323|[from] item: Leftovers\n|upkeep\n|turn|26\n|\n|t:|1781407261\n|move|p2a: Palkia|Fire Blast|p1a: Cresselia|[miss]\n|-miss|p2a: Palkia|p1a: Cresselia\n|move|p1a: Cresselia|Thunderbolt|p2a: Palkia\n|-damage|p2a: Palkia|0 fnt\n|faint|p2a: Palkia\n|\n|-heal|p1a: Cresselia|299/323|[from] item: Leftovers\n|upkeep\n|\n|t:|1781407264\n|switch|p2a: Miraidon|Miraidon, L65|238/238\n|-fieldstart|move: Electric Terrain|[from] ability: Hadron Engine|[of] p2a: Miraidon\n|turn|27\n|\n|t:|1781407268\n|move|p2a: Miraidon|Dragon Pulse|p1a: Cresselia\n|-damage|p1a: Cresselia|272/323\n|-damage|p2a: Miraidon|215/238|[from] item: Life Orb\n|move|p1a: Cresselia|Psyshock|p2a: Miraidon\n|-damage|p2a: Miraidon|0 fnt\n|faint|p2a: Miraidon\n|\n|win|Bace\n|raw|Bace's rating: 1334 &rarr; <strong>1354</strong><br />(+20 for winning)\n|raw|randbatsluvr's rating: 1333 &rarr; <strong>1313</strong><br />(-20 for losing)\n|l|\u2606randbatsluvr\n|player|p2|\n", "uploadtime": 1781407275, "views": 3, "formatid": "gen9randombattle", "rating": 1313, "private": 0, "password": null}