{"id": "gen9randombattle-2631740835", "format": "[Gen 9] Random Battle", "players": ["Gaaraks", "It'sOnlyRed?"], "log": "|j|\u2606Gaaraks\n|j|\u2606It'sOnlyRed?\n|t:|1781431945\n|gametype|singles\n|player|p1|Gaaraks|2|2025\n|player|p2|It'sOnlyRed?|blue-gen3|2019\n|gen|9\n|tier|[Gen 9] Random Battle\n|rated|\n|rule|Species Clause: Limit one of each Pok\u00e9mon\n|rule|HP Percentage Mod: HP is shown in percentages\n|rule|Sleep Clause Mod: Limit one foe put to sleep\n|rule|Illusion Level Mod: Illusion disguises the Pok\u00e9mon's true level\n|\n|t:|1781431945\n|teamsize|p1|6\n|teamsize|p2|6\n|start\n|switch|p1a: Seviper|Seviper, L93, M|287/287\n|switch|p2a: Vaporeon|Vaporeon, L86, M|364/364\n|turn|1\n|inactive|Battle timer is ON: inactive players will automatically lose when time's up. (requested by It'sOnlyRed?)\n|\n|t:|1781431958\n|move|p1a: Seviper|Gunk Shot|p2a: Vaporeon\n|-damage|p2a: Vaporeon|103/364\n|-status|p2a: Vaporeon|psn\n|-damage|p1a: Seviper|259/287|[from] item: Life Orb\n|move|p2a: Vaporeon|Flip Turn|p1a: Seviper\n|-damage|p1a: Seviper|204/287\n|\n|t:|1781431961\n|switch|p2a: Mudsdale|Mudsdale, L83, M|302/302|[from] Flip Turn\n|\n|upkeep\n|turn|2\n|\n|t:|1781431976\n|switch|p1a: Granbull|Granbull, L88, M|302/302\n|-ability|p1a: Granbull|Intimidate|boost\n|-unboost|p2a: Mudsdale|atk|1\n|move|p2a: Mudsdale|Roar|p1a: Granbull\n|drag|p1a: Reuniclus|Reuniclus, L88, F|337/337\n|\n|upkeep\n|turn|3\n|\n|t:|1781431996\n|switch|p2a: Iron Leaves|Iron Leaves, L80|275/275\n|move|p1a: Reuniclus|Calm Mind|p1a: Reuniclus\n|-boost|p1a: Reuniclus|spa|1\n|-boost|p1a: Reuniclus|spd|1\n|\n|upkeep\n|turn|4\n|\n|t:|1781432005\n|switch|p1a: Granbull|Granbull, L88, M|302/302\n|-ability|p1a: Granbull|Intimidate|boost\n|-unboost|p2a: Iron Leaves|atk|1\n|move|p2a: Iron Leaves|Leaf Blade|p1a: Granbull\n|-damage|p1a: Granbull|190/302\n|\n|-heal|p1a: Granbull|208/302|[from] item: Leftovers\n|upkeep\n|turn|5\n|\n|t:|1781432015\n|-end|p2a: Iron Leaves|Quark Drive|[silent]\n|switch|p2a: Vaporeon|Vaporeon, L86, M|103/364 psn\n|move|p1a: Granbull|Play Rough|p2a: Vaporeon\n|-damage|p2a: Vaporeon|0 fnt\n|faint|p2a: Vaporeon\n|\n|-heal|p1a: Granbull|226/302|[from] item: Leftovers\n|upkeep\n|\n|t:|1781432021\n|switch|p2a: Sneasler|Sneasler, L74, M|240/240\n|turn|6\n|\n|t:|1781432029\n|move|p2a: Sneasler|Gunk Shot|p1a: Granbull\n|-supereffective|p1a: Granbull\n|-damage|p1a: Granbull|0 fnt\n|faint|p1a: Granbull\n|\n|upkeep\n|\n|t:|1781432033\n|switch|p1a: Seviper|Seviper, L93, M|204/287\n|turn|7\n|inactive|It'sOnlyRed? has 120 seconds left.\n|\n|t:|1781432064\n|switch|p2a: Mudsdale|Mudsdale, L83, M|302/302\n|move|p1a: Seviper|Glare|p2a: Mudsdale\n|-status|p2a: Mudsdale|par\n|\n|upkeep\n|turn|8\n|inactive|It'sOnlyRed? has 120 seconds left.\n|\n|t:|1781432084\n|switch|p1a: Ting-Lu|Ting-Lu, L78|370/370\n|-ability|p1a: Ting-Lu|Vessel of Ruin\n|move|p2a: Mudsdale|Earthquake|p1a: Ting-Lu\n|-damage|p1a: Ting-Lu|261/370\n|\n|-heal|p1a: Ting-Lu|284/370|[from] item: Leftovers\n|upkeep\n|turn|9\n|inactive|It'sOnlyRed? has 120 seconds left.\n|\n|t:|1781432098\n|switch|p2a: Iron Leaves|Iron Leaves, L80|275/275\n|move|p1a: Ting-Lu|Earthquake|p2a: Iron Leaves\n|-resisted|p2a: Iron Leaves\n|-crit|p2a: Iron Leaves\n|-damage|p2a: Iron Leaves|188/275\n|\n|-heal|p1a: Ting-Lu|307/370|[from] item: Leftovers\n|upkeep\n|turn|10\n|\n|t:|1781432103\n|move|p2a: Iron Leaves|Leaf Blade|p1a: Ting-Lu\n|-supereffective|p1a: Ting-Lu\n|-damage|p1a: Ting-Lu|37/370\n|move|p1a: Ting-Lu|Throat Chop|p2a: Iron Leaves\n|-supereffective|p2a: Iron Leaves\n|-damage|p2a: Iron Leaves|18/275\n|-start|p2a: Iron Leaves|Throat Chop|[silent]\n|\n|-heal|p1a: Ting-Lu|60/370|[from] item: Leftovers\n|upkeep\n|turn|11\n|\n|t:|1781432107\n|move|p2a: Iron Leaves|Leaf Blade|p1a: Ting-Lu\n|-supereffective|p1a: Ting-Lu\n|-damage|p1a: Ting-Lu|0 fnt\n|faint|p1a: Ting-Lu\n|\n|-end|p2a: Iron Leaves|Throat Chop|[silent]\n|upkeep\n|\n|t:|1781432110\n|switch|p1a: Cinderace|Cinderace, L77, F|250/250\n|turn|12\n|\n|t:|1781432123\n|-end|p2a: Iron Leaves|Quark Drive|[silent]\n|switch|p2a: Mudsdale|Mudsdale, L83, M|302/302 par\n|move|p1a: Cinderace|Pyro Ball|p2a: Mudsdale\n|-damage|p2a: Mudsdale|199/302 par\n|-ability|p2a: Mudsdale|Stamina|boost\n|-boost|p2a: Mudsdale|def|1\n|\n|-heal|p2a: Mudsdale|217/302 par|[from] item: Leftovers\n|upkeep\n|turn|13\n|\n|t:|1781432134\n|switch|p1a: Reuniclus|Reuniclus, L88, F|337/337\n|move|p2a: Mudsdale|Earthquake|p1a: Reuniclus\n|-damage|p1a: Reuniclus|201/337\n|\n|-heal|p2a: Mudsdale|235/302 par|[from] item: Leftovers\n|upkeep\n|turn|14\n|\n|t:|1781432152\n|switch|p2a: Gardevoir|Gardevoir, L83, M|249/249\n|-ability|p2a: Gardevoir|Magic Guard|Trace|[from] ability: Trace|[of] p1a: Reuniclus\n|move|p1a: Reuniclus|Psyshock|p2a: Gardevoir\n|-resisted|p2a: Gardevoir\n|-damage|p2a: Gardevoir|148/249\n|\n|upkeep\n|turn|15\n|\n|t:|1781432158\n|move|p2a: Gardevoir|Trick|p1a: Reuniclus\n|-activate|p2a: Gardevoir|move: Trick|[of] p1a: Reuniclus\n|-item|p1a: Reuniclus|Choice Scarf|[from] move: Trick\n|-item|p2a: Gardevoir|Life Orb|[from] move: Trick\n|move|p1a: Reuniclus|Psyshock|p2a: Gardevoir\n|-resisted|p2a: Gardevoir\n|-damage|p2a: Gardevoir|76/249\n|\n|upkeep\n|turn|16\n|\n|t:|1781432171\n|switch|p2a: Scyther|Scyther, L82, F|249/249\n|move|p1a: Reuniclus|Psyshock|p2a: Scyther\n|-damage|p2a: Scyther|122/249\n|\n|upkeep\n|turn|17\n|\n|t:|1781432183\n|move|p2a: Scyther|Dual Wingbeat|p1a: Reuniclus\n|-damage|p1a: Reuniclus|129/337\n|-damage|p1a: Reuniclus|60/337\n|-hitcount|p1a: Reuniclus|2\n|move|p1a: Reuniclus|Psyshock|p2a: Scyther\n|-damage|p2a: Scyther|2/249\n|\n|upkeep\n|turn|18\n|\n|t:|1781432188\n|move|p2a: Scyther|Dual Wingbeat|p1a: Reuniclus|[miss]\n|-miss|p2a: Scyther|p1a: Reuniclus\n|move|p1a: Reuniclus|Psyshock|p2a: Scyther\n|-damage|p2a: Scyther|0 fnt\n|faint|p2a: Scyther\n|\n|upkeep\n|\n|t:|1781432215\n|switch|p2a: Sneasler|Sneasler, L74, M|240/240\n|turn|19\n|\n|t:|1781432221\n|move|p2a: Sneasler|Close Combat|p1a: Reuniclus\n|-resisted|p1a: Reuniclus\n|-damage|p1a: Reuniclus|0 fnt\n|-unboost|p2a: Sneasler|def|1\n|-unboost|p2a: Sneasler|spd|1\n|faint|p1a: Reuniclus\n|-enditem|p2a: Sneasler|White Herb\n|-clearnegativeboost|p2a: Sneasler|[silent]\n|\n|upkeep\n|\n|t:|1781432232\n|switch|p1a: Seviper|Seviper, L93, M|204/287\n|turn|20\n|inactive|It'sOnlyRed? has 120 seconds left.\n|\n|t:|1781432270\n|switch|p2a: Mudsdale|Mudsdale, L83, M|235/302 par\n|move|p1a: Seviper|Glare|p2a: Mudsdale\n|-fail|p2a: Mudsdale|par\n|\n|-heal|p2a: Mudsdale|253/302 par|[from] item: Leftovers\n|upkeep\n|turn|21\n|\n|t:|1781432275\n|move|p1a: Seviper|Flamethrower|p2a: Mudsdale\n|-damage|p2a: Mudsdale|148/302 par\n|-ability|p2a: Mudsdale|Stamina|boost\n|-boost|p2a: Mudsdale|def|1\n|-damage|p1a: Seviper|176/287|[from] item: Life Orb\n|move|p2a: Mudsdale|Earthquake|p1a: Seviper\n|-supereffective|p1a: Seviper\n|-damage|p1a: Seviper|0 fnt\n|faint|p1a: Seviper\n|\n|-heal|p2a: Mudsdale|166/302 par|[from] item: Leftovers\n|upkeep\n|\n|t:|1781432279\n|switch|p1a: Pikachu|Pikachu-Partner, L93, F|216/216\n|turn|22\n|inactive|It'sOnlyRed? has 120 seconds left.\n|\n|t:|1781432303\n|-terastallize|p2a: Mudsdale|Steel\n|move|p1a: Pikachu|Surf|p2a: Mudsdale\n|-damage|p2a: Mudsdale|59/302 par\n|-ability|p2a: Mudsdale|Stamina|boost\n|-boost|p2a: Mudsdale|def|1\n|move|p2a: Mudsdale|Earthquake|p1a: Pikachu\n|-supereffective|p1a: Pikachu\n|-damage|p1a: Pikachu|0 fnt\n|faint|p1a: Pikachu\n|\n|-heal|p2a: Mudsdale|77/302 par|[from] item: Leftovers\n|upkeep\n|\n|t:|1781432306\n|switch|p1a: Cinderace|Cinderace, L77, F|250/250\n|turn|23\n|\n|t:|1781432310\n|move|p1a: Cinderace|Pyro Ball|p2a: Mudsdale\n|-supereffective|p2a: Mudsdale\n|-damage|p2a: Mudsdale|0 fnt\n|faint|p2a: Mudsdale\n|\n|upkeep\n|\n|t:|1781432329\n|switch|p2a: Iron Leaves|Iron Leaves, L80|18/275\n|turn|24\n|\n|t:|1781432333\n|move|p1a: Cinderace|U-turn|p2a: Iron Leaves\n|-start|p1a: Cinderace|typechange|Bug|[from] ability: Libero\n|-supereffective|p2a: Iron Leaves\n|-damage|p2a: Iron Leaves|0 fnt\n|faint|p2a: Iron Leaves\n|-end|p2a: Iron Leaves|Quark Drive|[silent]\n|\n|upkeep\n|\n|t:|1781432343\n|switch|p2a: Sneasler|Sneasler, L74, M|240/240\n|turn|25\n|\n|t:|1781432364\n|move|p1a: Cinderace|Will-O-Wisp|p2a: Sneasler\n|-status|p2a: Sneasler|brn\n|move|p2a: Sneasler|Gunk Shot|p1a: Cinderace\n|-crit|p1a: Cinderace\n|-damage|p1a: Cinderace|126/250\n|\n|-damage|p2a: Sneasler|225/240 brn|[from] brn\n|upkeep\n|turn|26\n|\n|t:|1781432378\n|move|p1a: Cinderace|Pyro Ball|p2a: Sneasler\n|-damage|p2a: Sneasler|100/240 brn\n|move|p2a: Sneasler|Acrobatics|p1a: Cinderace\n|-supereffective|p1a: Cinderace\n|-damage|p1a: Cinderace|37/250\n|\n|-damage|p2a: Sneasler|85/240 brn|[from] brn\n|upkeep\n|turn|27\n|\n|t:|1781432390\n|move|p1a: Cinderace|Pyro Ball|p2a: Sneasler\n|-damage|p2a: Sneasler|0 fnt\n|faint|p2a: Sneasler\n|\n|upkeep\n|\n|t:|1781432392\n|switch|p2a: Gardevoir|Gardevoir, L83, M|76/249\n|-ability|p2a: Gardevoir|Libero|Trace|[from] ability: Trace|[of] p1a: Cinderace\n|turn|28\n|\n|t:|1781432396\n|-terastallize|p1a: Cinderace|Grass\n|move|p1a: Cinderace|Pyro Ball|p2a: Gardevoir\n|-damage|p2a: Gardevoir|0 fnt\n|faint|p2a: Gardevoir\n|\n|win|Gaaraks\n", "inputlog": ">version a8376a258c1d4662feba110a92103f3664a72141\n>start {\"formatid\":\"gen9randombattle\",\"seed\":\"sodium,542ad7ad7c86b09cce0b9da5bc036912\",\"rated\":\"Rated battle\"}\n>player p1 {\"name\":\"Gaaraks\",\"avatar\":\"2\",\"rating\":2025,\"seed\":\"sodium,350e1f380adbaae4be0f93f30bc451f2\"}\n>player p2 {\"name\":\"It'sOnlyRed?\",\"avatar\":\"blue-gen3\",\"rating\":2019,\"seed\":\"sodium,2a790f1ea7da13f86f5525fe8ba9570f\"}\n>p1 move gunkshot\n>p2 move flipturn\n>p2 switch 4\n>p1 switch 6\n>p2 move roar\n>p1 move calmmind\n>p2 switch 3\n>p1 switch 4\n>p2 move leafblade\n>p1 move playrough\n>p2 switch 4\n>p2 switch 2\n>p1 move thunderwave\n>p2 move gunkshot\n>p1 switch 6\n>p1 move glare\n>p2 switch 3\n>p1 switch 2\n>p2 move earthquake\n>p1 move earthquake\n>p2 switch 4\n>p1 move throatchop\n>p2 move leafblade\n>p1 move stealthrock\n>p2 move leafblade\n>p1 switch 5\n>p1 move pyroball\n>p2 switch 4\n>p1 switch 4\n>p2 move earthquake\n>p1 move psyshock\n>p2 switch 5\n>p1 move psyshock\n>p2 move trick\n>p1 move psyshock\n>p2 switch 6\n>p1 move psyshock\n>p2 move dualwingbeat\n>p1 move psyshock\n>p2 move dualwingbeat\n>p2 switch 3\n>p1 move psyshock\n>p2 move closecombat\n>p1 switch 2\n>p1 move glare\n>p2 switch 5\n>p1 move flamethrower\n>p2 move earthquake\n>p1 switch 3\n>p1 move surf\n>p2 move earthquake terastallize\n>p1 switch 4\n>p1 move pyroball\n>p2 move earthquake\n>p2 switch 4\n>p1 move uturn\n>p2 move psyblade\n>p2 switch 5\n>p1 move willowisp\n>p2 move gunkshot\n>p1 move pyroball\n>p2 move acrobatics\n>p1 move pyroball\n>p2 move acrobatics\n>p2 switch 6\n>p1 move pyroball terastallize\n>p2 move psyshock", "uploadtime": 1781431946, "views": 13, "formatid": "gen9randombattle", "rating": null, "private": 0, "password": null}