{"id": "gen9randombattle-2631458362", "format": "[Gen 9] Random Battle", "players": ["hi 24-op", "mr012"], "log": "|j|\u2606hi 24-op\n|j|\u2606mr012\n|t:|1781387156\n|gametype|singles\n|player|p1|hi 24-op|170|1826\n|player|p2|mr012|266|1904\n|gen|9\n|tier|[Gen 9] Random Battle\n|rated|\n|rule|Species Clause: Limit one of each Pok\u00e9mon\n|rule|HP Percentage Mod: HP is shown in percentages\n|rule|Sleep Clause Mod: Limit one foe put to sleep\n|rule|Illusion Level Mod: Illusion disguises the Pok\u00e9mon's true level\n|\n|t:|1781387156\n|teamsize|p1|6\n|teamsize|p2|6\n|start\n|switch|p1a: Corviknight|Corviknight, L80, F|288/288\n|switch|p2a: Yanmega|Yanmega, L82, M|275/275\n|turn|1\n|inactive|Battle timer is ON: inactive players will automatically lose when time's up. (requested by mr012)\n|\n|t:|1781387165\n|switch|p2a: Rotom|Rotom-Wash, L82|216/216\n|move|p1a: Corviknight|Body Press|p2a: Rotom\n|-damage|p2a: Rotom|166/216\n|\n|-heal|p2a: Rotom|179/216|[from] item: Leftovers\n|upkeep\n|turn|2\n|\n|t:|1781387192\n|switch|p1a: Iron Leaves|Iron Leaves, L80|275/275\n|move|p2a: Rotom|Thunderbolt|p1a: Iron Leaves\n|-resisted|p1a: Iron Leaves\n|-damage|p1a: Iron Leaves|228/275\n|\n|-heal|p2a: Rotom|192/216|[from] item: Leftovers\n|upkeep\n|turn|3\n|\n|t:|1781387202\n|switch|p2a: Garchomp|Garchomp, L74, M|282/282\n|move|p1a: Iron Leaves|Close Combat|p2a: Garchomp\n|-damage|p2a: Garchomp|121/282\n|-unboost|p1a: Iron Leaves|def|1\n|-unboost|p1a: Iron Leaves|spd|1\n|-damage|p1a: Iron Leaves|194/275|[from] ability: Rough Skin|[of] p2a: Garchomp\n|\n|upkeep\n|turn|4\n|\n|t:|1781387207\n|move|p1a: Iron Leaves|Close Combat|p2a: Garchomp\n|-damage|p2a: Garchomp|0 fnt\n|-unboost|p1a: Iron Leaves|def|1\n|-unboost|p1a: Iron Leaves|spd|1\n|-damage|p1a: Iron Leaves|160/275|[from] ability: Rough Skin|[of] p2a: Garchomp\n|faint|p2a: Garchomp\n|\n|upkeep\n|\n|t:|1781387215\n|switch|p2a: Terrakion|Terrakion, L79|273/273\n|turn|5\n|\n|t:|1781387222\n|-end|p1a: Iron Leaves|Quark Drive|[silent]\n|switch|p1a: Sableye|Sableye, L88, F|231/231\n|move|p2a: Terrakion|Close Combat|p1a: Sableye\n|-immune|p1a: Sableye\n|\n|upkeep\n|turn|6\n|\n|t:|1781387227\n|switch|p2a: Gurdurr|Gurdurr, L85, F|283/283\n|move|p1a: Sableye|Knock Off|p2a: Gurdurr\n|-resisted|p2a: Gurdurr\n|-damage|p2a: Gurdurr|250/283\n|-enditem|p2a: Gurdurr|Eviolite|[from] move: Knock Off|[of] p1a: Sableye\n|\n|upkeep\n|turn|7\n|\n|t:|1781387234\n|move|p1a: Sableye|Will-O-Wisp|p2a: Gurdurr\n|-status|p2a: Gurdurr|brn\n|move|p2a: Gurdurr|Knock Off|p1a: Sableye\n|-damage|p1a: Sableye|110/231\n|-enditem|p1a: Sableye|Leftovers|[from] move: Knock Off|[of] p2a: Gurdurr\n|\n|-damage|p2a: Gurdurr|233/283 brn|[from] brn\n|upkeep\n|turn|8\n|\n|t:|1781387237\n|move|p1a: Sableye|Recover|p1a: Sableye\n|-heal|p1a: Sableye|226/231\n|move|p2a: Gurdurr|Knock Off|p1a: Sableye\n|-damage|p1a: Sableye|143/231\n|\n|-damage|p2a: Gurdurr|216/283 brn|[from] brn\n|upkeep\n|turn|9\n|\n|t:|1781387246\n|switch|p1a: Altaria|Altaria, L89, M|278/278\n|move|p2a: Gurdurr|Bulk Up|p2a: Gurdurr\n|-boost|p2a: Gurdurr|atk|1\n|-boost|p2a: Gurdurr|def|1\n|\n|-damage|p2a: Gurdurr|199/283 brn|[from] brn\n|upkeep\n|turn|10\n|\n|t:|1781387250\n|move|p1a: Altaria|Haze|p1a: Altaria\n|-clearallboost\n|move|p2a: Gurdurr|Knock Off|p1a: Altaria\n|-damage|p1a: Altaria|164/278\n|-enditem|p1a: Altaria|Heavy-Duty Boots|[from] move: Knock Off|[of] p2a: Gurdurr\n|\n|-damage|p2a: Gurdurr|182/283 brn|[from] brn\n|upkeep\n|turn|11\n|\n|t:|1781387254\n|switch|p2a: Perrserker|Perrserker, L89, M|269/269\n|move|p1a: Altaria|Brave Bird|p2a: Perrserker\n|-resisted|p2a: Perrserker\n|-damage|p2a: Perrserker|218/269\n|-damage|p1a: Altaria|147/278|[from] Recoil\n|\n|upkeep\n|turn|12\n|\n|t:|1781387263\n|move|p1a: Altaria|Roost|p1a: Altaria\n|-heal|p1a: Altaria|278/278\n|-singleturn|p1a: Altaria|move: Roost\n|move|p2a: Perrserker|Stealth Rock|p1a: Altaria\n|-sidestart|p1: hi 24-op|move: Stealth Rock\n|\n|upkeep\n|turn|13\n|\n|t:|1781387269\n|move|p1a: Altaria|Earthquake|p2a: Perrserker\n|-supereffective|p2a: Perrserker\n|-damage|p2a: Perrserker|120/269\n|move|p2a: Perrserker|Iron Head|p1a: Altaria\n|-damage|p1a: Altaria|121/278\n|-damage|p2a: Perrserker|94/269|[from] item: Life Orb\n|\n|upkeep\n|turn|14\n|\n|t:|1781387275\n|move|p1a: Altaria|Roost|p1a: Altaria\n|-heal|p1a: Altaria|260/278\n|-singleturn|p1a: Altaria|move: Roost\n|move|p2a: Perrserker|Iron Head|p1a: Altaria\n|-damage|p1a: Altaria|96/278\n|-damage|p2a: Perrserker|68/269|[from] item: Life Orb\n|\n|upkeep\n|turn|15\n|\n|t:|1781387277\n|move|p1a: Altaria|Roost|p1a: Altaria\n|-heal|p1a: Altaria|235/278\n|-singleturn|p1a: Altaria|move: Roost\n|move|p2a: Perrserker|Iron Head|p1a: Altaria\n|-damage|p1a: Altaria|67/278\n|-damage|p2a: Perrserker|42/269|[from] item: Life Orb\n|\n|upkeep\n|turn|16\n|\n|t:|1781387279\n|move|p1a: Altaria|Roost|p1a: Altaria\n|-heal|p1a: Altaria|206/278\n|-singleturn|p1a: Altaria|move: Roost\n|move|p2a: Perrserker|Iron Head|p1a: Altaria\n|-damage|p1a: Altaria|38/278\n|-damage|p2a: Perrserker|16/269|[from] item: Life Orb\n|\n|upkeep\n|turn|17\n|\n|t:|1781387281\n|move|p1a: Altaria|Roost|p1a: Altaria\n|-heal|p1a: Altaria|177/278\n|-singleturn|p1a: Altaria|move: Roost\n|move|p2a: Perrserker|Iron Head|p1a: Altaria\n|-crit|p1a: Altaria\n|-damage|p1a: Altaria|0 fnt\n|faint|p1a: Altaria\n|-damage|p2a: Perrserker|0 fnt|[from] item: Life Orb\n|faint|p2a: Perrserker\n|\n|upkeep\n|\n|t:|1781387289\n|switch|p1a: Zebstrika|Zebstrika, L87, F|272/272\n|switch|p2a: Gurdurr|Gurdurr, L85, F|182/283 brn\n|-damage|p1a: Zebstrika|238/272|[from] Stealth Rock\n|turn|18\n|\n|t:|1781387296\n|move|p1a: Zebstrika|Volt Switch|p2a: Gurdurr\n|-damage|p2a: Gurdurr|40/283 brn\n|-damage|p1a: Zebstrika|211/272|[from] item: Life Orb\n|\n|t:|1781387306\n|switch|p1a: Galvantula|Galvantula, L82, F|249/249|[from] Volt Switch\n|move|p2a: Gurdurr|Knock Off|p1a: Galvantula\n|-damage|p1a: Galvantula|85/249\n|-enditem|p1a: Galvantula|Heavy-Duty Boots|[from] move: Knock Off|[of] p2a: Gurdurr\n|\n|-damage|p2a: Gurdurr|23/283 brn|[from] brn\n|upkeep\n|turn|19\n|\n|t:|1781387316\n|move|p1a: Galvantula|Sticky Web|p2a: Gurdurr\n|-sidestart|p2: mr012|move: Sticky Web\n|move|p2a: Gurdurr|Knock Off|p1a: Galvantula\n|-damage|p1a: Galvantula|0 fnt\n|faint|p1a: Galvantula\n|\n|-damage|p2a: Gurdurr|6/283 brn|[from] brn\n|upkeep\n|\n|t:|1781387324\n|switch|p1a: Iron Leaves|Iron Leaves, L80|160/275\n|-damage|p1a: Iron Leaves|126/275|[from] Stealth Rock\n|turn|20\n|\n|t:|1781387328\n|move|p2a: Gurdurr|Mach Punch|p1a: Iron Leaves\n|-resisted|p1a: Iron Leaves\n|-damage|p1a: Iron Leaves|87/275\n|move|p1a: Iron Leaves|Psyblade|p2a: Gurdurr\n|-supereffective|p2a: Gurdurr\n|-damage|p2a: Gurdurr|0 fnt\n|faint|p2a: Gurdurr\n|\n|upkeep\n|\n|t:|1781387335\n|switch|p2a: Yanmega|Yanmega, L82, M|275/275\n|turn|21\n|\n|t:|1781387339\n|move|p2a: Yanmega|Protect|p2a: Yanmega\n|-singleturn|p2a: Yanmega|Protect\n|move|p1a: Iron Leaves|Psyblade|p2a: Yanmega\n|-activate|p2a: Yanmega|move: Protect\n|\n|-ability|p2a: Yanmega|Speed Boost|boost\n|-boost|p2a: Yanmega|spe|1\n|upkeep\n|turn|22\n|\n|t:|1781387348\n|-end|p1a: Iron Leaves|Quark Drive|[silent]\n|switch|p1a: Corviknight|Corviknight, L80, F|288/288\n|-damage|p1a: Corviknight|252/288|[from] Stealth Rock\n|move|p2a: Yanmega|Bug Buzz|p1a: Corviknight\n|-resisted|p1a: Corviknight\n|-damage|p1a: Corviknight|226/288\n|\n|-ability|p2a: Yanmega|Speed Boost|boost\n|-boost|p2a: Yanmega|spe|1\n|upkeep\n|turn|23\n|\n|t:|1781387361\n|switch|p2a: Rotom|Rotom-Wash, L82|192/216\n|move|p1a: Corviknight|Brave Bird|p2a: Rotom\n|-resisted|p2a: Rotom\n|-damage|p2a: Rotom|147/216\n|-damage|p1a: Corviknight|211/288|[from] Recoil\n|\n|-heal|p2a: Rotom|160/216|[from] item: Leftovers\n|upkeep\n|turn|24\n|\n|t:|1781387368\n|switch|p1a: Zebstrika|Zebstrika, L87, F|211/272\n|-damage|p1a: Zebstrika|177/272|[from] Stealth Rock\n|move|p2a: Rotom|Thunderbolt|p1a: Zebstrika\n|-resisted|p1a: Zebstrika\n|-damage|p1a: Zebstrika|114/272\n|\n|-heal|p2a: Rotom|173/216|[from] item: Leftovers\n|upkeep\n|turn|25\n|\n|t:|1781387373\n|move|p1a: Zebstrika|Supercell Slam|p2a: Rotom\n|-damage|p2a: Rotom|52/216\n|-damage|p1a: Zebstrika|87/272|[from] item: Life Orb\n|move|p2a: Rotom|Hydro Pump|p1a: Zebstrika\n|-damage|p1a: Zebstrika|0 fnt\n|faint|p1a: Zebstrika\n|\n|-heal|p2a: Rotom|65/216|[from] item: Leftovers\n|upkeep\n|\n|t:|1781387379\n|switch|p1a: Iron Leaves|Iron Leaves, L80|87/275\n|-damage|p1a: Iron Leaves|53/275|[from] Stealth Rock\n|turn|26\n|\n|t:|1781387393\n|switch|p2a: Terrakion|Terrakion, L79|273/273\n|-activate|p2a: Terrakion|move: Sticky Web\n|-unboost|p2a: Terrakion|spe|1\n|move|p1a: Iron Leaves|Psyblade|p2a: Terrakion\n|-supereffective|p2a: Terrakion\n|-damage|p2a: Terrakion|0 fnt\n|faint|p2a: Terrakion\n|\n|upkeep\n|\n|t:|1781387396\n|switch|p2a: Yanmega|Yanmega, L82, M|275/275\n|turn|27\n|\n|t:|1781387408\n|-end|p1a: Iron Leaves|Quark Drive|[silent]\n|switch|p1a: Corviknight|Corviknight, L80, F|211/288\n|-damage|p1a: Corviknight|175/288|[from] Stealth Rock\n|move|p2a: Yanmega|Air Slash|p1a: Corviknight\n|-resisted|p1a: Corviknight\n|-damage|p1a: Corviknight|133/288\n|\n|-ability|p2a: Yanmega|Speed Boost|boost\n|-boost|p2a: Yanmega|spe|1\n|upkeep\n|turn|28\n|\n|t:|1781387421\n|switch|p2a: Rotom|Rotom-Wash, L82|65/216\n|move|p1a: Corviknight|Roost|p1a: Corviknight\n|-heal|p1a: Corviknight|277/288\n|-singleturn|p1a: Corviknight|move: Roost\n|\n|-heal|p2a: Rotom|78/216|[from] item: Leftovers\n|upkeep\n|turn|29\n|\n|t:|1781387431\n|-terastallize|p1a: Corviknight|Dragon\n|move|p2a: Rotom|Thunderbolt|p1a: Corviknight\n|-resisted|p1a: Corviknight\n|-damage|p1a: Corviknight|222/288\n|move|p1a: Corviknight|Body Press|p2a: Rotom\n|-damage|p2a: Rotom|28/216\n|\n|-heal|p2a: Rotom|41/216|[from] item: Leftovers\n|upkeep\n|turn|30\n|\n|t:|1781387436\n|move|p2a: Rotom|Pain Split|p1a: Corviknight\n|-sethp|p1a: Corviknight|131/288|[from] move: Pain Split|[silent]\n|-sethp|p2a: Rotom|131/216|[from] move: Pain Split\n|move|p1a: Corviknight|Body Press|p2a: Rotom\n|-damage|p2a: Rotom|85/216\n|\n|-heal|p2a: Rotom|98/216|[from] item: Leftovers\n|upkeep\n|turn|31\n|\n|t:|1781387444\n|move|p2a: Rotom|Will-O-Wisp|p1a: Corviknight\n|-status|p1a: Corviknight|brn\n|move|p1a: Corviknight|Roost|p1a: Corviknight\n|-heal|p1a: Corviknight|275/288 brn\n|\n|-heal|p2a: Rotom|111/216|[from] item: Leftovers\n|-damage|p1a: Corviknight|257/288 brn|[from] brn\n|upkeep\n|turn|32\n|\n|t:|1781387449\n|move|p2a: Rotom|Pain Split|p1a: Corviknight\n|-sethp|p1a: Corviknight|184/288 brn|[from] move: Pain Split|[silent]\n|-sethp|p2a: Rotom|184/216|[from] move: Pain Split\n|move|p1a: Corviknight|Defog|p2a: Rotom\n|-unboost|p2a: Rotom|evasion|1\n|-sideend|p2: mr012|Sticky Web|[from] move: Defog|[of] p1a: Corviknight\n|-sideend|p1: hi 24-op|Stealth Rock|[from] move: Defog|[of] p1a: Corviknight\n|\n|-heal|p2a: Rotom|197/216|[from] item: Leftovers\n|-damage|p1a: Corviknight|166/288 brn|[from] brn\n|upkeep\n|turn|33\n|\n|t:|1781387454\n|move|p2a: Rotom|Thunderbolt|p1a: Corviknight\n|-resisted|p1a: Corviknight\n|-damage|p1a: Corviknight|110/288 brn\n|move|p1a: Corviknight|Roost|p1a: Corviknight\n|-heal|p1a: Corviknight|254/288 brn\n|\n|-heal|p2a: Rotom|210/216|[from] item: Leftovers\n|-damage|p1a: Corviknight|236/288 brn|[from] brn\n|upkeep\n|turn|34\n|\n|t:|1781387458\n|move|p2a: Rotom|Hydro Pump|p1a: Corviknight\n|-resisted|p1a: Corviknight\n|-crit|p1a: Corviknight\n|-damage|p1a: Corviknight|149/288 brn\n|move|p1a: Corviknight|Body Press|p2a: Rotom\n|-damage|p2a: Rotom|186/216\n|\n|-heal|p2a: Rotom|199/216|[from] item: Leftovers\n|-damage|p1a: Corviknight|131/288 brn|[from] brn\n|upkeep\n|turn|35\n|\n|t:|1781387464\n|move|p2a: Rotom|Thunderbolt|p1a: Corviknight\n|-resisted|p1a: Corviknight\n|-damage|p1a: Corviknight|76/288 brn\n|move|p1a: Corviknight|Roost|p1a: Corviknight\n|-heal|p1a: Corviknight|220/288 brn\n|\n|-heal|p2a: Rotom|212/216|[from] item: Leftovers\n|-damage|p1a: Corviknight|202/288 brn|[from] brn\n|upkeep\n|turn|36\n|\n|t:|1781387470\n|move|p2a: Rotom|Thunderbolt|p1a: Corviknight\n|-resisted|p1a: Corviknight\n|-damage|p1a: Corviknight|153/288 brn\n|move|p1a: Corviknight|Roost|p1a: Corviknight\n|-heal|p1a: Corviknight|288/288 brn\n|\n|-heal|p2a: Rotom|216/216|[from] item: Leftovers\n|-damage|p1a: Corviknight|270/288 brn|[from] brn\n|upkeep\n|turn|37\n|\n|t:|1781387472\n|move|p2a: Rotom|Thunderbolt|p1a: Corviknight\n|-resisted|p1a: Corviknight\n|-damage|p1a: Corviknight|214/288 brn\n|move|p1a: Corviknight|Body Press|p2a: Rotom\n|-damage|p2a: Rotom|192/216\n|\n|-heal|p2a: Rotom|205/216|[from] item: Leftovers\n|-damage|p1a: Corviknight|196/288 brn|[from] brn\n|upkeep\n|turn|38\n|\n|t:|1781387475\n|switch|p1a: Sableye|Sableye, L88, F|143/231\n|move|p2a: Rotom|Thunderbolt|p1a: Sableye\n|-damage|p1a: Sableye|26/231\n|\n|-heal|p2a: Rotom|216/216|[from] item: Leftovers\n|upkeep\n|turn|39\n|\n|t:|1781387481\n|move|p1a: Sableye|Recover|p1a: Sableye\n|-heal|p1a: Sableye|142/231\n|move|p2a: Rotom|Thunderbolt|p1a: Sableye\n|-damage|p1a: Sableye|36/231\n|\n|upkeep\n|turn|40\n|\n|t:|1781387505\n|move|p1a: Sableye|Recover|p1a: Sableye\n|-heal|p1a: Sableye|152/231\n|move|p2a: Rotom|Thunderbolt|p1a: Sableye\n|-damage|p1a: Sableye|34/231\n|\n|upkeep\n|turn|41\n|\n|t:|1781387509\n|move|p1a: Sableye|Recover|p1a: Sableye\n|-heal|p1a: Sableye|150/231\n|move|p2a: Rotom|Hydro Pump|p1a: Sableye\n|-damage|p1a: Sableye|2/231\n|\n|upkeep\n|turn|42\n|\n|t:|1781387515\n|move|p1a: Sableye|Encore|p2a: Rotom\n|-start|p2a: Rotom|Encore\n|move|p2a: Rotom|Hydro Pump|p1a: Sableye\n|-damage|p1a: Sableye|0 fnt\n|faint|p1a: Sableye\n|\n|upkeep\n|\n|t:|1781387520\n|switch|p1a: Iron Leaves|Iron Leaves, L80|53/275\n|turn|43\n|\n|t:|1781387525\n|move|p1a: Iron Leaves|Psyblade|p2a: Rotom\n|-damage|p2a: Rotom|95/216\n|move|p2a: Rotom|Hydro Pump|p1a: Iron Leaves|[miss]\n|-miss|p2a: Rotom|p1a: Iron Leaves\n|\n|-heal|p2a: Rotom|108/216|[from] item: Leftovers\n|upkeep\n|turn|44\n|\n|t:|1781387528\n|move|p1a: Iron Leaves|Psyblade|p2a: Rotom\n|-damage|p2a: Rotom|0 fnt\n|faint|p2a: Rotom\n|\n|upkeep\n|\n|t:|1781387530\n|switch|p2a: Yanmega|Yanmega, L82, M|275/275\n|turn|45\n|\n|t:|1781387533\n|move|p2a: Yanmega|Protect|p2a: Yanmega\n|-singleturn|p2a: Yanmega|Protect\n|move|p1a: Iron Leaves|Psyblade|p2a: Yanmega\n|-activate|p2a: Yanmega|move: Protect\n|\n|-ability|p2a: Yanmega|Speed Boost|boost\n|-boost|p2a: Yanmega|spe|1\n|upkeep\n|turn|46\n|\n|t:|1781387541\n|move|p2a: Yanmega|Bug Buzz|p1a: Iron Leaves\n|-supereffective|p1a: Iron Leaves\n|-damage|p1a: Iron Leaves|0 fnt\n|faint|p1a: Iron Leaves\n|-end|p1a: Iron Leaves|Quark Drive|[silent]\n|\n|-ability|p2a: Yanmega|Speed Boost|boost\n|-boost|p2a: Yanmega|spe|1\n|upkeep\n|\n|t:|1781387543\n|switch|p1a: Corviknight|Corviknight, L80, F, tera:Dragon|196/288 brn\n|turn|47\n|c|\u2606mr012|LFG!!!\n|c|\u2606mr012|I OUTPLAYED YOU WITH THE WEAKER TEAM SON\n|inactive|mr012 has 120 seconds left.\n|\n|t:|1781387573\n|-terastallize|p2a: Yanmega|Ground\n|move|p2a: Yanmega|Tera Blast|p1a: Corviknight|[anim] Tera Blast Ground\n|-damage|p1a: Corviknight|90/288 brn\n|move|p1a: Corviknight|Roost|p1a: Corviknight\n|-heal|p1a: Corviknight|234/288 brn\n|\n|-damage|p1a: Corviknight|216/288 brn|[from] brn\n|-ability|p2a: Yanmega|Speed Boost|boost\n|-boost|p2a: Yanmega|spe|1\n|upkeep\n|turn|48\n|\n|t:|1781387593\n|move|p2a: Yanmega|Tera Blast|p1a: Corviknight|[anim] Tera Blast Ground\n|-damage|p1a: Corviknight|120/288 brn\n|move|p1a: Corviknight|Roost|p1a: Corviknight\n|-heal|p1a: Corviknight|264/288 brn\n|\n|-damage|p1a: Corviknight|246/288 brn|[from] brn\n|-ability|p2a: Yanmega|Speed Boost|boost\n|-boost|p2a: Yanmega|spe|1\n|upkeep\n|turn|49\n|\n|t:|1781387596\n|move|p2a: Yanmega|Tera Blast|p1a: Corviknight|[anim] Tera Blast Ground\n|-damage|p1a: Corviknight|138/288 brn\n|move|p1a: Corviknight|Brave Bird|p2a: Yanmega\n|-damage|p2a: Yanmega|221/275\n|-damage|p1a: Corviknight|120/288 brn|[from] Recoil\n|\n|-damage|p1a: Corviknight|102/288 brn|[from] brn\n|-ability|p2a: Yanmega|Speed Boost|boost\n|-boost|p2a: Yanmega|spe|1\n|upkeep\n|turn|50\n|\n|t:|1781387600\n|move|p2a: Yanmega|Tera Blast|p1a: Corviknight|[anim] Tera Blast Ground\n|-damage|p1a: Corviknight|0 fnt\n|faint|p1a: Corviknight\n|\n|win|mr012\n|raw|hi 24-op's rating: 1826 &rarr; <strong>1810</strong><br />(-16 for losing)\n|raw|mr012's rating: 1904 &rarr; <strong>1920</strong><br />(+16 for winning)\n", "inputlog": ">version a8376a258c1d4662feba110a92103f3664a72141\n>start {\"formatid\":\"gen9randombattle\",\"seed\":\"sodium,4da9b7f77f76b5753adb5b217ff47ac7\",\"rated\":\"Rated battle\"}\n>player p1 {\"name\":\"hi 24-op\",\"avatar\":\"170\",\"rating\":1826,\"seed\":\"sodium,5513c29affd78a1460c20c7ecbafaea9\"}\n>player p2 {\"name\":\"mr012\",\"avatar\":\"266\",\"rating\":1904,\"seed\":\"sodium,87ab8928d30b4210b0a3cddfac0b47a2\"}\n>p1 move bodypress\n>p2 switch 5\n>p1 switch 3\n>p2 move thunderbolt\n>p1 move closecombat\n>p2 switch 2\n>p1 move closecombat\n>p2 move scaleshot\n>p2 switch 3\n>p1 switch 2\n>p2 move closecombat\n>p1 move knockoff\n>p2 switch 6\n>p1 move willowisp\n>p2 move knockoff\n>p1 move recover\n>p2 move knockoff\n>p1 switch 5\n>p2 move bulkup\n>p1 move haze\n>p2 move knockoff\n>p1 move bravebird\n>p2 switch 4\n>p1 move roost\n>p2 move stealthrock\n>p1 move earthquake\n>p2 move ironhead\n>p1 move roost\n>p2 move ironhead\n>p1 move roost\n>p2 move ironhead\n>p1 move roost\n>p2 move ironhead\n>p1 move roost\n>p2 move ironhead\n>p1 switch 6\n>p2 switch 4\n>p1 move voltswitch\n>p2 move knockoff\n>p1 switch 4\n>p1 move stickyweb\n>p2 move knockoff\n>p1 switch 2\n>p1 move psyblade\n>p2 move machpunch\n>p2 switch 5\n>p1 move psyblade\n>p2 move protect\n>p1 switch 3\n>p2 move bugbuzz\n>p1 move bravebird\n>p2 switch 2\n>p1 switch 4\n>p2 move thunderbolt\n>p1 move supercellslam\n>p2 move hydropump\n>p1 switch 3\n>p1 move psyblade\n>p2 switch 6\n>p2 switch 2\n>p1 switch 4\n>p2 move airslash\n>p1 move roost\n>p2 switch 6\n>p1 move bodypress terastallize\n>p2 move thunderbolt\n>p1 move bodypress\n>p2 move painsplit\n>p1 move roost\n>p2 move willowisp\n>p1 move defog\n>p2 move painsplit\n>p1 move roost\n>p2 move thunderbolt\n>p1 move bodypress\n>p2 move hydropump\n>p1 move roost\n>p2 move thunderbolt\n>p1 move roost\n>p2 move thunderbolt\n>p1 move bodypress\n>p2 move thunderbolt\n>p1 switch 5\n>p2 move thunderbolt\n>p1 move recover\n>p2 move thunderbolt\n>p1 move recover\n>p2 move thunderbolt\n>p1 move recover\n>p2 move hydropump\n>p1 move encore\n>p2 move thunderbolt\n>p1 switch 4\n>p1 move psyblade\n>p2 move hydropump\n>p1 move psyblade\n>p2 move hydropump\n>p2 switch 6\n>p1 move psyblade\n>p2 move protect\n>p1 move psyblade\n>p2 move bugbuzz\n>p1 switch 5\n>chat \u2606mr012|LFG!!!\n>chat \u2606mr012|I OUTPLAYED YOU WITH THE WEAKER TEAM SON\n>p1 move roost\n>p2 move terablast terastallize\n>p1 move roost\n>p2 move terablast\n>p1 move bravebird\n>p2 move terablast\n>p1 move roost\n>p2 move terablast", "uploadtime": 1781387600, "views": 10, "formatid": "gen9randombattle", "rating": 1810, "private": 0, "password": null, "player_dets": [{"name": "hi 24-op", "avatar": "170", "rating": 1826, "seed": "sodium,5513c29affd78a1460c20c7ecbafaea9"}, {"name": "mr012", "avatar": "266", "rating": 1904, "seed": "sodium,87ab8928d30b4210b0a3cddfac0b47a2"}], "teams_full": [{"Corviknight": {"name": "Corviknight", "species": "Corviknight", "speciesId": "corviknight", "gender": "F", "shiny": false, "level": 80, "moves": ["bodypress", "defog", "bravebird", "roost"], "ability": "Mirror Armor", "evs": {"hp": 85, "atk": 85, "def": 85, "spa": 85, "spd": 85, "spe": 85}, "ivs": {"hp": 31, "atk": 31, "def": 31, "spa": 31, "spd": 31, "spe": 31}, "item": "Rocky Helmet", "teraType": "Dragon", "role": "Bulky Support", "bvs": {"hp": 98, "atk": 87, "def": 105, "spa": 53, "spd": 85, "spe": 67}, "stats": {"hp": 288, "atk": 185, "def": 214, "spa": 131, "spd": 182, "spe": 153}, "types": ["Flying", "Steel"]}, "Sableye": {"name": "Sableye", "species": "Sableye", "speciesId": "sableye", "gender": "F", "shiny": false, "level": 88, "moves": ["knockoff", "encore", "willowisp", "recover"], "ability": "Prankster", "evs": {"hp": 85, "atk": 85, "def": 85, "spa": 85, "spd": 85, "spe": 85}, "ivs": {"hp": 31, "atk": 31, "def": 31, "spa": 31, "spd": 31, "spe": 31}, "item": "Leftovers", "teraType": "Poison", "role": "Bulky Support", "bvs": {"hp": 50, "atk": 75, "def": 75, "spa": 65, "spd": 65, "spe": 50}, "stats": {"hp": 231, "atk": 182, "def": 182, "spa": 165, "spd": 165, "spe": 138}, "types": ["Dark", "Ghost"]}, "Iron Leaves": {"name": "Iron Leaves", "species": "Iron Leaves", "speciesId": "ironleaves", "gender": "N", "shiny": false, "level": 80, "moves": ["leafblade", "psyblade", "closecombat", "megahorn"], "ability": "Quark Drive", "evs": {"hp": 85, "atk": 85, "def": 85, "spa": 85, "spd": 85, "spe": 85}, "ivs": {"hp": 31, "atk": 31, "def": 31, "spa": 31, "spd": 31, "spe": 31}, "item": "Choice Band", "teraType": "Fighting", "role": "Wallbreaker", "bvs": {"hp": 90, "atk": 130, "def": 88, "spa": 70, "spd": 108, "spe": 104}, "stats": {"hp": 275, "atk": 254, "def": 187, "spa": 158, "spd": 219, "spe": 213}, "types": ["Grass", "Psychic"]}, "Galvantula": {"name": "Galvantula", "species": "Galvantula", "speciesId": "galvantula", "gender": "F", "shiny": false, "level": 82, "moves": ["stickyweb", "energyball", "thunder", "bugbuzz"], "ability": "Compound Eyes", "evs": {"hp": 85, "atk": 0, "def": 85, "spa": 85, "spd": 85, "spe": 85}, "ivs": {"hp": 31, "atk": 0, "def": 31, "spa": 31, "spd": 31, "spe": 31}, "item": "Heavy-Duty Boots", "teraType": "Electric", "role": "Fast Support", "bvs": {"hp": 70, "atk": 77, "def": 60, "spa": 97, "spd": 60, "spe": 108}, "stats": {"hp": 249, "atk": 131, "def": 146, "spa": 206, "spd": 146, "spe": 224}, "types": ["Bug", "Electric"]}, "Altaria": {"name": "Altaria", "species": "Altaria", "speciesId": "altaria", "gender": "M", "shiny": false, "level": 89, "moves": ["earthquake", "roost", "haze", "bravebird"], "ability": "Natural Cure", "evs": {"hp": 85, "atk": 85, "def": 85, "spa": 85, "spd": 85, "spe": 85}, "ivs": {"hp": 31, "atk": 31, "def": 31, "spa": 31, "spd": 31, "spe": 31}, "item": "Heavy-Duty Boots", "teraType": "Steel", "role": "Bulky Support", "bvs": {"hp": 75, "atk": 70, "def": 90, "spa": 70, "spd": 105, "spe": 80}, "stats": {"hp": 278, "atk": 175, "def": 211, "spa": 175, "spd": 238, "spe": 193}, "types": ["Dragon", "Flying"]}, "Zebstrika": {"name": "Zebstrika", "species": "Zebstrika", "speciesId": "zebstrika", "gender": "F", "shiny": false, "level": 87, "moves": ["voltswitch", "overheat", "highhorsepower", "supercellslam"], "ability": "Sap Sipper", "evs": {"hp": 85, "atk": 85, "def": 85, "spa": 85, "spd": 85, "spe": 85}, "ivs": {"hp": 31, "atk": 31, "def": 31, "spa": 31, "spd": 31, "spe": 31}, "item": "Life Orb", "teraType": "Ground", "role": "Fast Attacker", "bvs": {"hp": 75, "atk": 100, "def": 63, "spa": 80, "spd": 63, "spe": 116}, "stats": {"hp": 272, "atk": 224, "def": 159, "spa": 189, "spd": 159, "spe": 252}, "types": ["Electric"]}}, {"Yanmega": {"name": "Yanmega", "species": "Yanmega", "speciesId": "yanmega", "gender": "M", "shiny": false, "level": 82, "moves": ["airslash", "protect", "terablast", "bugbuzz"], "ability": "Speed Boost", "evs": {"hp": 85, "atk": 0, "def": 85, "spa": 85, "spd": 85, "spe": 85}, "ivs": {"hp": 31, "atk": 0, "def": 31, "spa": 31, "spd": 31, "spe": 31}, "item": "Heavy-Duty Boots", "teraType": "Ground", "role": "Tera Blast user", "bvs": {"hp": 86, "atk": 76, "def": 86, "spa": 116, "spd": 56, "spe": 95}, "stats": {"hp": 275, "atk": 129, "def": 188, "spa": 237, "spd": 139, "spe": 203}, "types": ["Bug", "Flying"]}, "Garchomp": {"name": "Garchomp", "species": "Garchomp", "speciesId": "garchomp", "gender": "M", "shiny": false, "level": 74, "moves": ["swordsdance", "earthquake", "scaleshot", "ironhead"], "ability": "Rough Skin", "evs": {"hp": 85, "atk": 85, "def": 85, "spa": 85, "spd": 85, "spe": 85}, "ivs": {"hp": 31, "atk": 31, "def": 31, "spa": 31, "spd": 31, "spe": 31}, "item": "Loaded Dice", "teraType": "Steel", "role": "Setup Sweeper", "bvs": {"hp": 108, "atk": 130, "def": 95, "spa": 80, "spd": 85, "spe": 102}, "stats": {"hp": 282, "atk": 235, "def": 184, "spa": 161, "spd": 169, "spe": 194}, "types": ["Dragon", "Ground"]}, "Terrakion": {"name": "Terrakion", "species": "Terrakion", "speciesId": "terrakion", "gender": "N", "shiny": false, "level": 79, "moves": ["earthquake", "quickattack", "stoneedge", "closecombat"], "ability": "Justified", "evs": {"hp": 85, "atk": 85, "def": 85, "spa": 85, "spd": 85, "spe": 85}, "ivs": {"hp": 31, "atk": 31, "def": 31, "spa": 31, "spd": 31, "spe": 31}, "item": "Choice Band", "teraType": "Ground", "role": "Wallbreaker", "bvs": {"hp": 91, "atk": 129, "def": 90, "spa": 72, "spd": 90, "spe": 108}, "stats": {"hp": 273, "atk": 249, "def": 188, "spa": 159, "spd": 188, "spe": 216}, "types": ["Rock", "Fighting"]}, "Perrserker": {"name": "Perrserker", "species": "Perrserker", "speciesId": "perrserker", "gender": "M", "shiny": false, "level": 89, "moves": ["closecombat", "ironhead", "knockoff", "stealthrock"], "ability": "Tough Claws", "evs": {"hp": 85, "atk": 85, "def": 85, "spa": 85, "spd": 85, "spe": 85}, "ivs": {"hp": 31, "atk": 31, "def": 31, "spa": 31, "spd": 31, "spe": 31}, "item": "Life Orb", "teraType": "Fighting", "role": "Fast Attacker", "bvs": {"hp": 70, "atk": 110, "def": 100, "spa": 50, "spd": 60, "spe": 50}, "stats": {"hp": 269, "atk": 247, "def": 229, "spa": 140, "spd": 158, "spe": 140}, "types": ["Steel"]}, "Rotom": {"name": "Rotom", "species": "Rotom-Wash", "speciesId": "rotomwash", "gender": "N", "shiny": false, "level": 82, "moves": ["thunderbolt", "hydropump", "painsplit", "willowisp"], "ability": "Levitate", "evs": {"hp": 85, "atk": 0, "def": 85, "spa": 85, "spd": 85, "spe": 85}, "ivs": {"hp": 31, "atk": 0, "def": 31, "spa": 31, "spd": 31, "spe": 31}, "item": "Leftovers", "teraType": "Electric", "role": "Bulky Attacker", "bvs": {"hp": 50, "atk": 65, "def": 107, "spa": 105, "spd": 107, "spe": 86}, "stats": {"hp": 216, "atk": 111, "def": 223, "spa": 219, "spd": 223, "spe": 188}, "types": ["Electric", "Water"]}, "Gurdurr": {"name": "Gurdurr", "species": "Gurdurr", "speciesId": "gurdurr", "gender": "F", "shiny": false, "level": 85, "moves": ["drainpunch", "knockoff", "machpunch", "bulkup"], "ability": "Guts", "evs": {"hp": 85, "atk": 85, "def": 85, "spa": 85, "spd": 85, "spe": 85}, "ivs": {"hp": 31, "atk": 31, "def": 31, "spa": 31, "spd": 31, "spe": 31}, "item": "Eviolite", "teraType": "Steel", "role": "Bulky Attacker", "bvs": {"hp": 85, "atk": 105, "def": 85, "spa": 40, "spd": 50, "spe": 40}, "stats": {"hp": 283, "atk": 227, "def": 193, "spa": 117, "spd": 134, "spe": 117}, "types": ["Fighting"]}}]}