{"id": "gen9randombattle-2631745261", "format": "[Gen 9] Random Battle", "players": ["suxdddyD", "bomooose"], "log": "|j|\u2606suxdddyD\n|j|\u2606bomooose\n|t:|1781432714\n|gametype|singles\n|player|p1|suxdddyD|2|1587\n|player|p2|bomooose|ethan|1528\n|gen|9\n|tier|[Gen 9] Random Battle\n|rated|\n|rule|Species Clause: Limit one of each Pok\u00e9mon\n|rule|HP Percentage Mod: HP is shown in percentages\n|rule|Sleep Clause Mod: Limit one foe put to sleep\n|rule|Illusion Level Mod: Illusion disguises the Pok\u00e9mon's true level\n|\n|t:|1781432714\n|teamsize|p1|6\n|teamsize|p2|6\n|start\n|switch|p1a: Blissey|Blissey, L85, F|572/572\n|switch|p2a: Hoopa|Hoopa-Unbound, L80|259/259\n|turn|1\n|inactive|Battle timer is ON: inactive players will automatically lose when time's up. (requested by bomooose)\n|\n|t:|1781432726\n|move|p2a: Hoopa|Trick|p1a: Blissey\n|-activate|p2a: Hoopa|move: Trick|[of] p1a: Blissey\n|-item|p1a: Blissey|Choice Scarf|[from] move: Trick\n|-item|p2a: Hoopa|Leftovers|[from] move: Trick\n|move|p1a: Blissey|Thunder Wave|p2a: Hoopa\n|-status|p2a: Hoopa|par\n|\n|upkeep\n|turn|2\n|\n|t:|1781432734\n|switch|p1a: Walking Wake|Walking Wake, L79|286/286\n|move|p2a: Hoopa|Hyperspace Fury|p1a: Walking Wake\n|-damage|p1a: Walking Wake|136/286\n|-unboost|p2a: Hoopa|def|1\n|\n|upkeep\n|turn|3\n|\n|t:|1781432743\n|move|p1a: Walking Wake|Draco Meteor|p2a: Hoopa|[miss]\n|-miss|p1a: Walking Wake|p2a: Hoopa\n|cant|p2a: Hoopa|par\n|\n|upkeep\n|turn|4\n|\n|t:|1781432754\n|move|p1a: Walking Wake|Draco Meteor|p2a: Hoopa|[miss]\n|-miss|p1a: Walking Wake|p2a: Hoopa\n|cant|p2a: Hoopa|par\n|\n|upkeep\n|turn|5\n|\n|t:|1781432762\n|move|p1a: Walking Wake|Draco Meteor|p2a: Hoopa\n|-crit|p2a: Hoopa\n|-damage|p2a: Hoopa|25/259 par\n|-unboost|p1a: Walking Wake|spa|2\n|-damage|p1a: Walking Wake|108/286|[from] item: Life Orb\n|move|p2a: Hoopa|Psychic|p1a: Walking Wake\n|-damage|p1a: Walking Wake|0 fnt\n|faint|p1a: Walking Wake\n|-end|p1a: Walking Wake|Protosynthesis|[silent]\n|\n|-heal|p2a: Hoopa|41/259 par|[from] item: Leftovers\n|upkeep\n|\n|t:|1781432773\n|switch|p1a: Zangoose|Zangoose, L85, F|263/263\n|turn|6\n|\n|t:|1781432778\n|move|p1a: Zangoose|Knock Off|p2a: Hoopa\n|-damage|p2a: Hoopa|0 fnt\n|-enditem|p2a: Hoopa|Leftovers|[from] move: Knock Off|[of] p1a: Zangoose\n|faint|p2a: Hoopa\n|\n|-status|p1a: Zangoose|tox|[from] item: Toxic Orb\n|upkeep\n|\n|t:|1781432794\n|switch|p2a: Ogerpon|Ogerpon, L80, F|259/259\n|turn|7\n|\n|t:|1781432799\n|move|p2a: Ogerpon|Superpower|p1a: Zangoose\n|-supereffective|p1a: Zangoose\n|-damage|p1a: Zangoose|0 fnt\n|-unboost|p2a: Ogerpon|atk|1\n|-unboost|p2a: Ogerpon|def|1\n|faint|p1a: Zangoose\n|-damage|p2a: Ogerpon|234/259|[from] item: Life Orb\n|\n|upkeep\n|\n|t:|1781432804\n|switch|p1a: Reshiram|Reshiram, L76|277/277\n|-ability|p1a: Reshiram|Turboblaze\n|turn|8\n|\n|t:|1781432830\n|switch|p2a: Slowbro|Slowbro, L85, M|300/300\n|move|p1a: Reshiram|Dragon Dance|p1a: Reshiram\n|-boost|p1a: Reshiram|atk|1\n|-boost|p1a: Reshiram|spe|1\n|\n|upkeep\n|turn|9\n|\n|t:|1781432840\n|move|p1a: Reshiram|Dragon Dance|p1a: Reshiram\n|-boost|p1a: Reshiram|atk|1\n|-boost|p1a: Reshiram|spe|1\n|move|p2a: Slowbro|Scald|p1a: Reshiram\n|-damage|p1a: Reshiram|204/277\n|\n|upkeep\n|turn|10\n|\n|t:|1781432847\n|move|p1a: Reshiram|Outrage|p2a: Slowbro\n|-damage|p2a: Slowbro|81/300\n|move|p2a: Slowbro|Scald|p1a: Reshiram\n|-damage|p1a: Reshiram|126/277\n|\n|-heal|p2a: Slowbro|99/300|[from] item: Leftovers\n|upkeep\n|turn|11\n|\n|t:|1781432872\n|switch|p2a: Revavroom|Revavroom, L79, F|256/256\n|move|p1a: Reshiram|Outrage|p2a: Revavroom|[from] lockedmove\n|-resisted|p2a: Revavroom\n|-damage|p2a: Revavroom|136/256\n|-start|p1a: Reshiram|confusion|[fatigue]\n|\n|upkeep\n|turn|12\n|inactive|bomooose has 120 seconds left.\n|\n|t:|1781432887\n|-activate|p1a: Reshiram|confusion\n|move|p1a: Reshiram|Flare Blitz|p2a: Revavroom\n|-supereffective|p2a: Revavroom\n|-damage|p2a: Revavroom|0 fnt\n|faint|p2a: Revavroom\n|-damage|p1a: Reshiram|81/277|[from] Recoil\n|\n|upkeep\n|inactive|bomooose has 120 seconds left.\n|\n|t:|1781432900\n|switch|p2a: Duraludon|Duraludon, L82, M|249/249\n|turn|13\n|inactive|bomooose has 120 seconds left.\n|\n|t:|1781432907\n|-activate|p1a: Reshiram|confusion\n|move|p1a: Reshiram|Outrage|p2a: Duraludon\n|-damage|p2a: Duraludon|105/249\n|move|p2a: Duraludon|Dragon Tail|p1a: Reshiram\n|-supereffective|p1a: Reshiram\n|-damage|p1a: Reshiram|0 fnt\n|faint|p1a: Reshiram\n|\n|upkeep\n|\n|t:|1781432913\n|switch|p1a: Blissey|Blissey, L85, F|572/572\n|turn|14\n|\n|t:|1781432919\n|move|p1a: Blissey|Seismic Toss|p2a: Duraludon\n|-damage|p2a: Duraludon|20/249\n|move|p2a: Duraludon|Body Press|p1a: Blissey\n|-supereffective|p1a: Blissey\n|-damage|p1a: Blissey|236/572\n|\n|upkeep\n|turn|15\n|\n|t:|1781432925\n|move|p1a: Blissey|Seismic Toss|p2a: Duraludon\n|-damage|p2a: Duraludon|0 fnt\n|faint|p2a: Duraludon\n|\n|upkeep\n|\n|t:|1781432937\n|switch|p2a: Ogerpon|Ogerpon, L80, F|234/259\n|turn|16\n|\n|t:|1781432943\n|move|p2a: Ogerpon|Swords Dance|p2a: Ogerpon\n|-boost|p2a: Ogerpon|atk|2\n|move|p1a: Blissey|Seismic Toss|p2a: Ogerpon\n|-damage|p2a: Ogerpon|149/259\n|\n|upkeep\n|turn|17\n|\n|t:|1781432957\n|move|p2a: Ogerpon|Knock Off|p1a: Blissey\n|-damage|p1a: Blissey|0 fnt\n|-enditem|p1a: Blissey|Choice Scarf|[from] move: Knock Off|[of] p2a: Ogerpon\n|faint|p1a: Blissey\n|-damage|p2a: Ogerpon|124/259|[from] item: Life Orb\n|\n|upkeep\n|\n|t:|1781432963\n|switch|p1a: Rillaboom|Rillaboom, L79, M|288/288\n|-fieldstart|move: Grassy Terrain|[from] ability: Grassy Surge|[of] p1a: Rillaboom\n|turn|18\n|\n|t:|1781432978\n|-terastallize|p2a: Ogerpon|Grass\n|detailschange|p2a: Ogerpon|Ogerpon-Teal-Tera, L80, F, tera:Grass\n|-ability|p2a: Ogerpon|Embody Aspect (Teal)|boost\n|-boost|p2a: Ogerpon|spe|1\n|move|p2a: Ogerpon|Ivy Cudgel|p1a: Rillaboom\n|-resisted|p1a: Rillaboom\n|-crit|p1a: Rillaboom\n|-damage|p1a: Rillaboom|0 fnt\n|faint|p1a: Rillaboom\n|-damage|p2a: Ogerpon|99/259|[from] item: Life Orb\n|\n|-heal|p2a: Ogerpon|115/259|[from] Grassy Terrain\n|upkeep\n|-message|suxdddyD forfeited.\n|\n|win|bomooose\n|raw|suxdddyD's rating: 1587 &rarr; <strong>1564</strong><br />(-23 for losing)\n|raw|bomooose's rating: 1528 &rarr; <strong>1551</strong><br />(+23 for winning)\n|l|\u2606suxdddyD\n|player|p1|\n|c|\u2606bomooose|gg\n", "inputlog": ">version a8376a258c1d4662feba110a92103f3664a72141\n>start {\"formatid\":\"gen9randombattle\",\"seed\":\"sodium,5142fca0342247b61acabcd5c21e77b7\",\"rated\":\"Rated battle\"}\n>player p1 {\"name\":\"suxdddyD\",\"avatar\":\"2\",\"rating\":1587,\"seed\":\"sodium,817f704f184e3d5b41aa79e48c153ea8\"}\n>player p2 {\"name\":\"bomooose\",\"avatar\":\"ethan\",\"rating\":1528,\"seed\":\"sodium,8267196cf9925a570ee56595523fcfdf\"}\n>p1 move thunderwave\n>p2 move trick\n>p1 switch 6\n>p2 move hyperspacefury\n>p1 move dracometeor\n>p2 move hyperspacefury\n>p1 move dracometeor\n>p2 move hyperspacefury\n>p1 move dracometeor\n>p2 move psychic\n>p1 switch 2\n>p1 move knockoff\n>p2 move trick\n>p2 switch 6\n>p1 move facade\n>p2 move superpower\n>p1 switch 5\n>p1 move dragondance\n>p2 switch 4\n>p1 move dragondance\n>p2 move scald\n>p1 move outrage\n>p2 move scald\n>p1 move outrage\n>p2 switch 5\n>p1 move flareblitz\n>p2 move shiftgear\n>p2 switch 3\n>p1 move outrage\n>p2 move dragontail\n>p1 switch 6\n>p1 move seismictoss\n>p2 move bodypress\n>p1 move seismictoss\n>p2 move bodypress\n>p2 switch 4\n>p1 move seismictoss\n>p2 move swordsdance\n>p1 move seismictoss\n>p2 move knockoff\n>p1 switch 3\n>p1 move uturn\n>p2 move ivycudgel terastallize\n>forcelose p1", "uploadtime": 1781432995, "views": 6, "formatid": "gen9randombattle", "rating": 1551, "private": 0, "password": null}