{"id": "gen9randombattle-2631425723", "format": "[Gen 9] Random Battle", "players": ["Goggyo", "zegaaagalaaa"], "log": "|j|\u2606Goggyo\n|j|\u2606zegaaagalaaa\n|t:|1781383134\n|gametype|singles\n|player|p1|Goggyo|169|2071\n|player|p2|zegaaagalaaa|266|2114\n|gen|9\n|tier|[Gen 9] Random Battle\n|rated|\n|rule|Species Clause: Limit one of each Pok\u00e9mon\n|rule|HP Percentage Mod: HP is shown in percentages\n|rule|Sleep Clause Mod: Limit one foe put to sleep\n|rule|Illusion Level Mod: Illusion disguises the Pok\u00e9mon's true level\n|\n|t:|1781383134\n|teamsize|p1|6\n|teamsize|p2|6\n|start\n|switch|p1a: Ninetales|Ninetales-Alola, L78, M|242/242\n|switch|p2a: Gardevoir|Gardevoir, L83, M|249/249\n|-ability|p2a: Gardevoir|Snow Warning|Trace|[from] ability: Trace|[of] p1a: Ninetales\n|-weather|Snowscape|[from] ability: Snow Warning|[of] p2a: Gardevoir\n|turn|1\n|inactive|Battle timer is ON: inactive players will automatically lose when time's up. (requested by zegaaagalaaa)\n|\n|t:|1781383155\n|move|p2a: Gardevoir|Moonblast|p1a: Ninetales\n|-damage|p1a: Ninetales|116/242\n|move|p1a: Ninetales|Aurora Veil|p1a: Ninetales\n|-sidestart|p1: Goggyo|move: Aurora Veil\n|\n|-weather|Snowscape|[upkeep]\n|upkeep\n|turn|2\n|\n|t:|1781383163\n|switch|p1a: Talonflame|Talonflame, L83, M|265/265\n|move|p2a: Gardevoir|Moonblast|p1a: Talonflame\n|-resisted|p1a: Talonflame\n|-damage|p1a: Talonflame|229/265\n|\n|-weather|Snowscape|[upkeep]\n|upkeep\n|turn|3\n|inactive|zegaaagalaaa has 120 seconds left.\n|\n|t:|1781383200\n|switch|p2a: Enamorus|Enamorus-Therian, L83, F|259/259\n|move|p1a: Talonflame|Swords Dance|p1a: Talonflame\n|-boost|p1a: Talonflame|atk|2\n|\n|-weather|Snowscape|[upkeep]\n|upkeep\n|turn|4\n|inactive|zegaaagalaaa has 120 seconds left.\n|\n|t:|1781383214\n|move|p1a: Talonflame|Swords Dance|p1a: Talonflame\n|-boost|p1a: Talonflame|atk|2\n|move|p2a: Enamorus|Earth Power|p1a: Talonflame\n|-immune|p1a: Talonflame\n|\n|-weather|Snowscape|[upkeep]\n|upkeep\n|turn|5\n|inactive|zegaaagalaaa has 120 seconds left.\n|\n|t:|1781383225\n|move|p1a: Talonflame|Brave Bird|p2a: Enamorus\n|-damage|p2a: Enamorus|0 fnt\n|faint|p2a: Enamorus\n|-damage|p1a: Talonflame|144/265|[from] Recoil\n|\n|-weather|none\n|upkeep\n|\n|t:|1781383241\n|switch|p2a: Bronzong|Bronzong, L88|261/261\n|turn|6\n|\n|t:|1781383246\n|move|p1a: Talonflame|Flare Blitz|p2a: Bronzong\n|-supereffective|p2a: Bronzong\n|-damage|p2a: Bronzong|0 fnt\n|faint|p2a: Bronzong\n|-damage|p1a: Talonflame|58/265|[from] Recoil\n|\n|upkeep\n|\n|t:|1781383253\n|switch|p2a: Gardevoir|Gardevoir, L83, M|249/249\n|-ability|p2a: Gardevoir|Gale Wings|Trace|[from] ability: Trace|[of] p1a: Talonflame\n|turn|7\n|inactive|zegaaagalaaa has 120 seconds left.\n|\n|t:|1781383260\n|switch|p1a: Malamar|Malamar, L82, F|275/275\n|move|p2a: Gardevoir|Psyshock|p1a: Malamar\n|-immune|p1a: Malamar\n|\n|upkeep\n|turn|8\n|inactive|zegaaagalaaa has 120 seconds left.\n|\n|t:|1781383278\n|switch|p2a: Seviper|Seviper, L93, M|287/287\n|move|p1a: Malamar|Knock Off|p2a: Seviper\n|-damage|p2a: Seviper|185/287\n|-enditem|p2a: Seviper|Life Orb|[from] move: Knock Off|[of] p1a: Malamar\n|\n|-sideend|p1: Goggyo|move: Aurora Veil\n|upkeep\n|turn|9\n|inactive|zegaaagalaaa has 120 seconds left.\n|\n|t:|1781383297\n|switch|p1a: Arceus|Arceus-Ground, L70|284/284\n|move|p2a: Seviper|Glare|p1a: Arceus\n|-status|p1a: Arceus|par\n|\n|upkeep\n|turn|10\n|inactive|zegaaagalaaa has 120 seconds left.\n|\n|t:|1781383306\n|move|p2a: Seviper|Giga Drain|p1a: Arceus\n|-supereffective|p1a: Arceus\n|-damage|p1a: Arceus|154/284 par\n|-heal|p2a: Seviper|250/287|[from] drain|[of] p1a: Arceus\n|move|p1a: Arceus|Earthquake|p2a: Seviper\n|-supereffective|p2a: Seviper\n|-damage|p2a: Seviper|0 fnt\n|faint|p2a: Seviper\n|\n|upkeep\n|inactive|zegaaagalaaa has 120 seconds left.\n|\n|t:|1781383318\n|switch|p2a: Tauros|Tauros-Paldea-Aqua, L81, M|252/252\n|turn|11\n|\n|t:|1781383330\n|move|p2a: Tauros|Bulk Up|p2a: Tauros\n|-boost|p2a: Tauros|atk|1\n|-boost|p2a: Tauros|def|1\n|move|p1a: Arceus|Earthquake|p2a: Tauros\n|-damage|p2a: Tauros|188/252\n|\n|upkeep\n|turn|12\n|\n|t:|1781383342\n|switch|p1a: Talonflame|Talonflame, L83, M|58/265\n|move|p2a: Tauros|Substitute|p2a: Tauros\n|-start|p2a: Tauros|Substitute\n|-damage|p2a: Tauros|125/252\n|-enditem|p2a: Tauros|Sitrus Berry|[eat]\n|-heal|p2a: Tauros|188/252|[from] item: Sitrus Berry\n|\n|upkeep\n|turn|13\n|\n|t:|1781383352\n|move|p1a: Talonflame|Brave Bird|p2a: Tauros\n|-supereffective|p2a: Tauros\n|-end|p2a: Tauros|Substitute\n|-damage|p1a: Talonflame|37/265|[from] Recoil|[of] p2a: Tauros\n|move|p2a: Tauros|Liquidation|p1a: Talonflame\n|-supereffective|p1a: Talonflame\n|-damage|p1a: Talonflame|0 fnt\n|faint|p1a: Talonflame\n|\n|-activate|p2a: Tauros|ability: Cud Chew\n|-enditem|p2a: Tauros|Sitrus Berry|[eat]\n|-heal|p2a: Tauros|251/252|[from] item: Sitrus Berry\n|upkeep\n|\n|t:|1781383363\n|switch|p1a: Ninetales|Ninetales-Alola, L78, M|116/242\n|-weather|Snowscape|[from] ability: Snow Warning|[of] p1a: Ninetales\n|turn|14\n|\n|t:|1781383373\n|-terastallize|p2a: Tauros|Water\n|move|p1a: Ninetales|Aurora Veil|p1a: Ninetales\n|-sidestart|p1: Goggyo|move: Aurora Veil\n|move|p2a: Tauros|Liquidation|p1a: Ninetales\n|-damage|p1a: Ninetales|39/242\n|-unboost|p1a: Ninetales|def|1\n|\n|-weather|Snowscape|[upkeep]\n|upkeep\n|turn|15\n|\n|t:|1781383402\n|switch|p1a: Dragonite|Dragonite, L74, F|257/257\n|switch|p2a: Gardevoir|Gardevoir, L83, M|249/249\n|-ability|p2a: Gardevoir|Multiscale|Trace|[from] ability: Trace|[of] p1a: Dragonite\n|\n|-weather|Snowscape|[upkeep]\n|upkeep\n|turn|16\n|inactive|Goggyo has 120 seconds left.\n|\n|t:|1781383424\n|move|p2a: Gardevoir|Moonblast|p1a: Dragonite\n|-supereffective|p1a: Dragonite\n|-damage|p1a: Dragonite|200/257\n|-unboost|p1a: Dragonite|spa|1\n|move|p1a: Dragonite|Iron Head|p2a: Gardevoir\n|-supereffective|p2a: Gardevoir\n|-damage|p2a: Gardevoir|171/249\n|\n|-weather|Snowscape|[upkeep]\n|upkeep\n|turn|17\n|inactive|Goggyo has 120 seconds left.\n|\n|t:|1781383441\n|move|p2a: Gardevoir|Moonblast|p1a: Dragonite\n|-supereffective|p1a: Dragonite\n|-damage|p1a: Dragonite|74/257\n|-unboost|p1a: Dragonite|spa|1\n|move|p1a: Dragonite|Iron Head|p2a: Gardevoir\n|-supereffective|p2a: Gardevoir\n|-damage|p2a: Gardevoir|15/249\n|\n|-weather|Snowscape|[upkeep]\n|upkeep\n|turn|18\n|\n|t:|1781383452\n|move|p2a: Gardevoir|Moonblast|p1a: Dragonite\n|-supereffective|p1a: Dragonite\n|-damage|p1a: Dragonite|0 fnt\n|faint|p1a: Dragonite\n|\n|-weather|none\n|upkeep\n|\n|t:|1781383463\n|switch|p1a: Malamar|Malamar, L82, F|275/275\n|turn|19\n|\n|t:|1781383473\n|move|p2a: Gardevoir|Moonblast|p1a: Malamar\n|-supereffective|p1a: Malamar\n|-damage|p1a: Malamar|146/275\n|-boost|p1a: Malamar|spa|1\n|move|p1a: Malamar|Superpower|p2a: Gardevoir\n|-resisted|p2a: Gardevoir\n|-crit|p2a: Gardevoir\n|-damage|p2a: Gardevoir|0 fnt\n|-boost|p1a: Malamar|atk|1\n|-boost|p1a: Malamar|def|1\n|faint|p2a: Gardevoir\n|\n|-heal|p1a: Malamar|163/275|[from] item: Leftovers\n|upkeep\n|\n|t:|1781383487\n|switch|p2a: Tauros|Tauros-Paldea-Aqua, L81, M, tera:Water|251/252\n|turn|20\n|\n|t:|1781383492\n|move|p2a: Tauros|Bulk Up|p2a: Tauros\n|-boost|p2a: Tauros|atk|1\n|-boost|p2a: Tauros|def|1\n|move|p1a: Malamar|Superpower|p2a: Tauros\n|-damage|p2a: Tauros|179/252\n|-boost|p1a: Malamar|atk|1\n|-boost|p1a: Malamar|def|1\n|\n|-heal|p1a: Malamar|180/275|[from] item: Leftovers\n|upkeep\n|turn|21\n|\n|t:|1781383503\n|move|p2a: Tauros|Bulk Up|p2a: Tauros\n|-boost|p2a: Tauros|atk|1\n|-boost|p2a: Tauros|def|1\n|move|p1a: Malamar|Superpower|p2a: Tauros\n|-damage|p2a: Tauros|109/252\n|-boost|p1a: Malamar|atk|1\n|-boost|p1a: Malamar|def|1\n|\n|-heal|p1a: Malamar|197/275|[from] item: Leftovers\n|-sideend|p1: Goggyo|move: Aurora Veil\n|upkeep\n|turn|22\n|\n|t:|1781383516\n|move|p2a: Tauros|Liquidation|p1a: Malamar\n|-damage|p1a: Malamar|93/275\n|move|p1a: Malamar|Superpower|p2a: Tauros\n|-damage|p2a: Tauros|24/252\n|-boost|p1a: Malamar|atk|1\n|-boost|p1a: Malamar|def|1\n|\n|-heal|p1a: Malamar|110/275|[from] item: Leftovers\n|upkeep\n|turn|23\n|\n|t:|1781383528\n|move|p2a: Tauros|Bulk Up|p2a: Tauros\n|-boost|p2a: Tauros|atk|1\n|-boost|p2a: Tauros|def|1\n|move|p1a: Malamar|Rest|p1a: Malamar\n|-status|p1a: Malamar|slp|[from] move: Rest\n|-heal|p1a: Malamar|275/275 slp|[silent]\n|\n|upkeep\n|turn|24\n|\n|t:|1781383538\n|move|p2a: Tauros|Liquidation|p1a: Malamar\n|-damage|p1a: Malamar|159/275 slp\n|-boost|p1a: Malamar|def|1\n|cant|p1a: Malamar|slp\n|move|p1a: Malamar|Sleep Talk|p1a: Malamar\n|move|p1a: Malamar|Knock Off|p2a: Tauros|[from] move: Sleep Talk\n|-damage|p2a: Tauros|0 fnt\n|faint|p2a: Tauros\n|\n|-heal|p1a: Malamar|176/275 slp|[from] item: Leftovers\n|upkeep\n|\n|t:|1781383552\n|switch|p2a: Kyurem|Kyurem-White, L73|303/303\n|-ability|p2a: Kyurem|Turboblaze\n|turn|25\n|inactive|zegaaagalaaa has 120 seconds left.\n|\n|t:|1781383583\n|move|p2a: Kyurem|Earth Power|p1a: Malamar\n|-damage|p1a: Malamar|53/275 slp\n|cant|p1a: Malamar|slp\n|move|p1a: Malamar|Sleep Talk|p1a: Malamar\n|move|p1a: Malamar|Knock Off|p2a: Kyurem|[from] move: Sleep Talk\n|-damage|p2a: Kyurem|11/303\n|-enditem|p2a: Kyurem|Choice Specs|[from] move: Knock Off|[of] p1a: Malamar\n|\n|-heal|p1a: Malamar|70/275 slp|[from] item: Leftovers\n|upkeep\n|turn|26\n|inactive|zegaaagalaaa has 120 seconds left.\n|\n|t:|1781383597\n|move|p2a: Kyurem|Fusion Flare|p1a: Malamar\n|-damage|p1a: Malamar|0 fnt\n|faint|p1a: Malamar\n|\n|upkeep\n|\n|t:|1781383600\n|switch|p1a: Ninetales|Ninetales-Alola, L78, M|39/242\n|-weather|Snowscape|[from] ability: Snow Warning|[of] p1a: Ninetales\n|turn|27\n|\n|t:|1781383606\n|move|p1a: Ninetales|Blizzard|p2a: Kyurem\n|-damage|p2a: Kyurem|0 fnt\n|faint|p2a: Kyurem\n|\n|win|Goggyo\n", "inputlog": ">version a8376a258c1d4662feba110a92103f3664a72141\n>start {\"formatid\":\"gen9randombattle\",\"seed\":\"sodium,db0096ed91a2f1bfc5d9cd93a66c7754\",\"rated\":\"Rated battle\"}\n>player p1 {\"name\":\"Goggyo\",\"avatar\":\"169\",\"rating\":2071,\"seed\":\"sodium,3be2c2a5cdc9ef56511ffe78cfe1f1f2\"}\n>player p2 {\"name\":\"zegaaagalaaa\",\"avatar\":\"266\",\"rating\":2114,\"seed\":\"sodium,7f071ceb0411bc7ffcef957de036c901\"}\n>p1 move auroraveil\n>p2 move moonblast\n>p1 switch 4\n>p2 move moonblast\n>p1 move swordsdance\n>p2 switch 4\n>p1 move swordsdance\n>p2 move earthpower\n>p1 move bravebird\n>p2 move moonblast\n>p2 switch 3\n>p1 move flareblitz\n>p2 move irondefense\n>p2 switch 4\n>p1 switch 5\n>p2 move psyshock\n>p1 move knockoff\n>p2 switch 6\n>p1 switch 6\n>p2 move glare\n>p1 move earthquake\n>p2 move gigadrain\n>p2 switch 2\n>p1 move earthquake\n>p2 move bulkup\n>p1 switch 5\n>p2 move substitute\n>p1 move bravebird\n>p2 move liquidation\n>p1 switch 4\n>p1 move auroraveil\n>p2 move liquidation terastallize\n>p1 switch 3\n>p2 switch 6\n>p1 move ironhead\n>p2 move moonblast\n>p1 move ironhead\n>p2 move moonblast\n>p1 move earthquake\n>p2 move moonblast\n>p1 switch 6\n>p1 move superpower\n>p2 move moonblast\n>p2 switch 6\n>p1 move superpower\n>p2 move bulkup\n>p1 move superpower\n>p2 move bulkup\n>p1 move superpower\n>p2 move liquidation\n>p1 move rest\n>p2 move bulkup\n>p1 move sleeptalk\n>p2 move liquidation\n>p2 switch 5\n>p1 move sleeptalk\n>p2 move earthpower\n>p1 move superpower\n>p2 move fusionflare\n>p1 switch 3\n>p1 move blizzard\n>p2 move fusionflare", "uploadtime": 1781383136, "views": 9, "formatid": "gen9randombattle", "rating": null, "private": 0, "password": null}