{"id": "gen9randombattle-2631631346", "format": "[Gen 9] Random Battle", "players": ["TRedden", "yellowyoshi2"], "log": "|j|\u2606TRedden\n|j|\u2606yellowyoshi2\n|t:|1781411747\n|gametype|singles\n|player|p1|TRedden|blue|1651\n|player|p2|yellowyoshi2|fisherman|1628\n|gen|9\n|tier|[Gen 9] Random Battle\n|rated|\n|rule|Species Clause: Limit one of each Pok\u00e9mon\n|rule|HP Percentage Mod: HP is shown in percentages\n|rule|Sleep Clause Mod: Limit one foe put to sleep\n|rule|Illusion Level Mod: Illusion disguises the Pok\u00e9mon's true level\n|\n|t:|1781411747\n|teamsize|p1|6\n|teamsize|p2|6\n|start\n|switch|p1a: Wigglytuff|Wigglytuff, L96, F|424/424\n|switch|p2a: Falinks|Falinks, L84|246/246\n|turn|1\n|inactive|Battle timer is ON: inactive players will automatically lose when time's up. (requested by yellowyoshi2)\n|\n|t:|1781411770\n|switch|p2a: Glimmora|Glimmora, L75, F|248/248\n|move|p1a: Wigglytuff|Thunder Wave|p2a: Glimmora\n|-status|p2a: Glimmora|par\n|\n|upkeep\n|turn|2\n|\n|t:|1781411782\n|switch|p1a: Ting-Lu|Ting-Lu, L78|370/370\n|-ability|p1a: Ting-Lu|Vessel of Ruin\n|cant|p2a: Glimmora|par\n|\n|upkeep\n|turn|3\n|\n|t:|1781411793\n|switch|p2a: Vaporeon|Vaporeon, L86, F|364/364\n|move|p1a: Ting-Lu|Spikes|p2a: Vaporeon\n|-sidestart|p2: yellowyoshi2|Spikes\n|\n|upkeep\n|turn|4\n|\n|t:|1781411807\n|switch|p1a: Misdreavus|Misdreavus, L90, F|254/254\n|move|p2a: Vaporeon|Scald|p1a: Misdreavus\n|-damage|p1a: Misdreavus|191/254\n|-status|p1a: Misdreavus|brn\n|\n|-damage|p1a: Misdreavus|176/254 brn|[from] brn\n|upkeep\n|turn|5\n|\n|t:|1781411815\n|move|p1a: Misdreavus|Calm Mind|p1a: Misdreavus\n|-boost|p1a: Misdreavus|spa|1\n|-boost|p1a: Misdreavus|spd|1\n|move|p2a: Vaporeon|Calm Mind|p2a: Vaporeon\n|-boost|p2a: Vaporeon|spa|1\n|-boost|p2a: Vaporeon|spd|1\n|\n|-damage|p1a: Misdreavus|161/254 brn|[from] brn\n|upkeep\n|turn|6\n|\n|t:|1781411822\n|switch|p1a: Toxapex|Toxapex, L82, F|216/216\n|move|p2a: Vaporeon|Scald|p1a: Toxapex\n|-resisted|p1a: Toxapex\n|-damage|p1a: Toxapex|165/216\n|\n|-heal|p1a: Toxapex|178/216|[from] item: Leftovers\n|upkeep\n|turn|7\n|\n|t:|1781411831\n|switch|p2a: Glimmora|Glimmora, L75, F|248/248 par\n|-damage|p2a: Glimmora|217/248 par|[from] Spikes\n|move|p1a: Toxapex|Haze|p1a: Toxapex\n|-clearallboost\n|\n|-heal|p1a: Toxapex|191/216|[from] item: Leftovers\n|upkeep\n|turn|8\n|\n|t:|1781411841\n|move|p1a: Toxapex|Liquidation|p2a: Glimmora\n|-supereffective|p2a: Glimmora\n|-damage|p2a: Glimmora|85/248 par\n|-activate|p2a: Glimmora|ability: Toxic Debris\n|-sidestart|p1: TRedden|move: Toxic Spikes\n|move|p2a: Glimmora|Mortal Spin|p1a: Toxapex\n|-resisted|p1a: Toxapex\n|-damage|p1a: Toxapex|184/216\n|-sideend|p2: yellowyoshi2|Spikes|[from] move: Mortal Spin|[of] p2a: Glimmora\n|\n|-heal|p1a: Toxapex|197/216|[from] item: Leftovers\n|upkeep\n|turn|9\n|\n|t:|1781411854\n|switch|p2a: Vaporeon|Vaporeon, L86, F|364/364\n|move|p1a: Toxapex|Liquidation|p2a: Vaporeon\n|-immune|p2a: Vaporeon|[from] ability: Water Absorb\n|\n|-heal|p1a: Toxapex|210/216|[from] item: Leftovers\n|upkeep\n|turn|10\n|\n|t:|1781411865\n|switch|p2a: Copperajah|Copperajah, L86, F|349/349\n|move|p1a: Toxapex|Toxic|p2a: Copperajah\n|-immune|p2a: Copperajah\n|\n|-heal|p1a: Toxapex|216/216|[from] item: Leftovers\n|upkeep\n|turn|11\n|\n|t:|1781411881\n|move|p1a: Toxapex|Liquidation|p2a: Copperajah\n|-damage|p2a: Copperajah|274/349\n|-unboost|p2a: Copperajah|def|1\n|move|p2a: Copperajah|Heavy Slam|p1a: Toxapex\n|-resisted|p1a: Toxapex\n|-damage|p1a: Toxapex|136/216\n|\n|-heal|p1a: Toxapex|149/216|[from] item: Leftovers\n|upkeep\n|turn|12\n|\n|t:|1781411892\n|switch|p2a: Vaporeon|Vaporeon, L86, F|364/364\n|move|p1a: Toxapex|Liquidation|p2a: Vaporeon\n|-immune|p2a: Vaporeon|[from] ability: Water Absorb\n|\n|-heal|p1a: Toxapex|162/216|[from] item: Leftovers\n|upkeep\n|turn|13\n|\n|t:|1781411900\n|move|p2a: Vaporeon|Scald|p1a: Toxapex\n|-resisted|p1a: Toxapex\n|-damage|p1a: Toxapex|130/216\n|move|p1a: Toxapex|Liquidation|p2a: Vaporeon\n|-immune|p2a: Vaporeon|[from] ability: Water Absorb\n|\n|-heal|p1a: Toxapex|143/216|[from] item: Leftovers\n|upkeep\n|turn|14\n|\n|t:|1781411907\n|move|p2a: Vaporeon|Scald|p1a: Toxapex\n|-resisted|p1a: Toxapex\n|-damage|p1a: Toxapex|111/216\n|move|p1a: Toxapex|Toxic|p2a: Vaporeon\n|-status|p2a: Vaporeon|tox\n|\n|-heal|p1a: Toxapex|124/216|[from] item: Leftovers\n|-damage|p2a: Vaporeon|342/364 tox|[from] psn\n|upkeep\n|turn|15\n|\n|t:|1781411913\n|switch|p2a: Copperajah|Copperajah, L86, F|274/349\n|move|p1a: Toxapex|Recover|p1a: Toxapex\n|-heal|p1a: Toxapex|216/216\n|\n|upkeep\n|turn|16\n|\n|t:|1781411917\n|move|p1a: Toxapex|Liquidation|p2a: Copperajah\n|-crit|p2a: Copperajah\n|-damage|p2a: Copperajah|157/349\n|move|p2a: Copperajah|Supercell Slam|p1a: Toxapex\n|-supereffective|p1a: Toxapex\n|-damage|p1a: Toxapex|20/216\n|\n|-heal|p1a: Toxapex|33/216|[from] item: Leftovers\n|upkeep\n|turn|17\n|\n|t:|1781411929\n|switch|p1a: Ting-Lu|Ting-Lu, L78|370/370\n|-status|p1a: Ting-Lu|psn\n|-ability|p1a: Ting-Lu|Vessel of Ruin\n|switch|p2a: Vaporeon|Vaporeon, L86, F|342/364 tox\n|\n|-heal|p2a: Vaporeon|364/364 tox|[from] item: Leftovers\n|-damage|p2a: Vaporeon|342/364 tox|[from] psn\n|-damage|p1a: Ting-Lu|324/370 psn|[from] psn\n|upkeep\n|turn|18\n|\n|t:|1781411937\n|switch|p1a: Toxapex|Toxapex, L82, F|105/216\n|-sideend|p1: TRedden|move: Toxic Spikes|[of] p1a: Toxapex\n|move|p2a: Vaporeon|Scald|p1a: Toxapex\n|-resisted|p1a: Toxapex\n|-damage|p1a: Toxapex|73/216\n|-status|p1a: Toxapex|brn\n|\n|-heal|p2a: Vaporeon|364/364 tox|[from] item: Leftovers\n|-heal|p1a: Toxapex|86/216 brn|[from] item: Leftovers\n|-damage|p2a: Vaporeon|320/364 tox|[from] psn\n|-damage|p1a: Toxapex|73/216 brn|[from] brn\n|upkeep\n|turn|19\n|\n|t:|1781411942\n|move|p2a: Vaporeon|Calm Mind|p2a: Vaporeon\n|-boost|p2a: Vaporeon|spa|1\n|-boost|p2a: Vaporeon|spd|1\n|move|p1a: Toxapex|Recover|p1a: Toxapex\n|-heal|p1a: Toxapex|181/216 brn\n|\n|-heal|p2a: Vaporeon|342/364 tox|[from] item: Leftovers\n|-heal|p1a: Toxapex|194/216 brn|[from] item: Leftovers\n|-damage|p2a: Vaporeon|276/364 tox|[from] psn\n|-damage|p1a: Toxapex|181/216 brn|[from] brn\n|upkeep\n|turn|20\n|\n|t:|1781411947\n|move|p2a: Vaporeon|Scald|p1a: Toxapex\n|-resisted|p1a: Toxapex\n|-damage|p1a: Toxapex|128/216 brn\n|move|p1a: Toxapex|Haze|p1a: Toxapex\n|-clearallboost\n|\n|-heal|p2a: Vaporeon|298/364 tox|[from] item: Leftovers\n|-heal|p1a: Toxapex|141/216 brn|[from] item: Leftovers\n|-damage|p2a: Vaporeon|210/364 tox|[from] psn\n|-damage|p1a: Toxapex|128/216 brn|[from] brn\n|upkeep\n|turn|21\n|\n|t:|1781411959\n|switch|p2a: Copperajah|Copperajah, L86, F|157/349\n|switch|p1a: Misdreavus|Misdreavus, L90, F|161/254 brn\n|\n|-damage|p1a: Misdreavus|146/254 brn|[from] brn\n|upkeep\n|turn|22\n|\n|t:|1781411964\n|move|p1a: Misdreavus|Will-O-Wisp|p2a: Copperajah\n|-status|p2a: Copperajah|brn\n|move|p2a: Copperajah|Heavy Slam|p1a: Misdreavus\n|-damage|p1a: Misdreavus|38/254 brn\n|\n|-damage|p1a: Misdreavus|23/254 brn|[from] brn\n|-damage|p2a: Copperajah|136/349 brn|[from] brn\n|upkeep\n|turn|23\n|\n|t:|1781411971\n|move|p1a: Misdreavus|Shadow Ball|p2a: Copperajah\n|-damage|p2a: Copperajah|36/349 brn\n|move|p2a: Copperajah|Heavy Slam|p1a: Misdreavus\n|-damage|p1a: Misdreavus|0 fnt\n|faint|p1a: Misdreavus\n|\n|-damage|p2a: Copperajah|15/349 brn|[from] brn\n|upkeep\n|\n|t:|1781411990\n|switch|p1a: Beartic|Beartic, L91, M|321/321\n|turn|24\n|\n|t:|1781411994\n|-terastallize|p1a: Beartic|Ground\n|move|p1a: Beartic|Snowscape|p1a: Beartic\n|-weather|Snowscape\n|move|p2a: Copperajah|Heavy Slam|p1a: Beartic\n|-damage|p1a: Beartic|204/321\n|\n|-weather|Snowscape|[upkeep]\n|-damage|p2a: Copperajah|0 fnt|[from] brn\n|faint|p2a: Copperajah\n|upkeep\n|\n|t:|1781412013\n|switch|p2a: Glastrier|Glastrier, L86|312/312\n|turn|25\n|\n|t:|1781412023\n|switch|p1a: Toxapex|Toxapex, L82, F|200/216 brn\n|move|p2a: Glastrier|Icicle Crash|p1a: Toxapex\n|-resisted|p1a: Toxapex\n|-damage|p1a: Toxapex|161/216 brn\n|\n|-weather|Snowscape|[upkeep]\n|-heal|p1a: Toxapex|174/216 brn|[from] item: Leftovers\n|-damage|p1a: Toxapex|161/216 brn|[from] brn\n|upkeep\n|turn|26\n|\n|t:|1781412032\n|switch|p2a: Vaporeon|Vaporeon, L86, F|210/364 tox\n|move|p1a: Toxapex|Toxic|p2a: Vaporeon\n|-fail|p2a: Vaporeon|tox\n|\n|-weather|Snowscape|[upkeep]\n|-heal|p2a: Vaporeon|232/364 tox|[from] item: Leftovers\n|-heal|p1a: Toxapex|174/216 brn|[from] item: Leftovers\n|-damage|p2a: Vaporeon|210/364 tox|[from] psn\n|-damage|p1a: Toxapex|161/216 brn|[from] brn\n|upkeep\n|turn|27\n|\n|t:|1781412039\n|switch|p1a: Wigglytuff|Wigglytuff, L96, F|424/424\n|move|p2a: Vaporeon|Wish|p2a: Vaporeon\n|\n|-weather|Snowscape|[upkeep]\n|-heal|p2a: Vaporeon|232/364 tox|[from] item: Leftovers\n|-damage|p2a: Vaporeon|188/364 tox|[from] psn\n|upkeep\n|turn|28\n|\n|t:|1781412046\n|switch|p2a: Glimmora|Glimmora, L75, F|85/248 par\n|move|p1a: Wigglytuff|Knock Off|p2a: Glimmora\n|-damage|p2a: Glimmora|2/248 par\n|-activate|p2a: Glimmora|ability: Toxic Debris\n|-sidestart|p1: TRedden|move: Toxic Spikes\n|-enditem|p2a: Glimmora|Assault Vest|[from] move: Knock Off|[of] p1a: Wigglytuff\n|\n|-weather|none\n|-heal|p2a: Glimmora|184/248 par|[from] move: Wish|[wisher] Vaporeon\n|upkeep\n|turn|29\n|\n|t:|1781412069\n|switch|p1a: Toxapex|Toxapex, L82, F|216/216 brn\n|-sideend|p1: TRedden|move: Toxic Spikes|[of] p1a: Toxapex\n|switch|p2a: Vaporeon|Vaporeon, L86, F|188/364 tox\n|\n|-heal|p2a: Vaporeon|210/364 tox|[from] item: Leftovers\n|-damage|p2a: Vaporeon|188/364 tox|[from] psn\n|-damage|p1a: Toxapex|203/216 brn|[from] brn\n|upkeep\n|turn|30\n|\n|t:|1781412078\n|switch|p1a: Basculegion|Basculegion-F, L83, F|335/335\n|move|p2a: Vaporeon|Wish|p2a: Vaporeon\n|\n|-heal|p2a: Vaporeon|210/364 tox|[from] item: Leftovers\n|-damage|p2a: Vaporeon|166/364 tox|[from] psn\n|upkeep\n|turn|31\n|\n|t:|1781412086\n|move|p1a: Basculegion|Shadow Ball|p2a: Vaporeon\n|-damage|p2a: Vaporeon|20/364 tox\n|move|p2a: Vaporeon|Scald|p1a: Basculegion\n|-resisted|p1a: Basculegion\n|-damage|p1a: Basculegion|284/335\n|\n|-heal|p2a: Vaporeon|202/364 tox|[from] move: Wish|[wisher] Vaporeon\n|-heal|p2a: Vaporeon|224/364 tox|[from] item: Leftovers\n|-damage|p2a: Vaporeon|158/364 tox|[from] psn\n|upkeep\n|turn|32\n|\n|t:|1781412112\n|move|p1a: Basculegion|Shadow Ball|p2a: Vaporeon\n|-damage|p2a: Vaporeon|8/364 tox\n|-unboost|p2a: Vaporeon|spd|1\n|move|p2a: Vaporeon|Scald|p1a: Basculegion\n|-resisted|p1a: Basculegion\n|-damage|p1a: Basculegion|230/335\n|\n|-heal|p2a: Vaporeon|30/364 tox|[from] item: Leftovers\n|-damage|p2a: Vaporeon|0 fnt|[from] psn\n|faint|p2a: Vaporeon\n|upkeep\n|inactive|yellowyoshi2 has 120 seconds left.\n|l|\u2606TRedden\n|inactive|TRedden disconnected and has a minute to reconnect!\n|player|p1|\n|\n|t:|1781412133\n|switch|p2a: Falinks|Falinks, L84|246/246\n|turn|33\n|inactive|TRedden has 30 seconds to reconnect!\n|j|\u2606TRedden\n|inactive|TRedden reconnected and has 120 seconds left.\n|player|p1|TRedden|blue|\n|\n|t:|1781412169\n|switch|p1a: Toxapex|Toxapex, L82, F|216/216 brn\n|move|p2a: Falinks|Knock Off|p1a: Toxapex\n|-damage|p1a: Toxapex|152/216 brn\n|-enditem|p1a: Toxapex|Leftovers|[from] move: Knock Off|[of] p2a: Falinks\n|-damage|p2a: Falinks|222/246|[from] item: Life Orb\n|\n|-damage|p1a: Toxapex|139/216 brn|[from] brn\n|upkeep\n|turn|34\n|inactive|yellowyoshi2 has 120 seconds left.\n|\n|t:|1781412182\n|switch|p2a: Glimmora|Glimmora, L75, F|184/248 par\n|move|p1a: Toxapex|Toxic||[still]\n|-fail|p1a: Toxapex\n|\n|-damage|p1a: Toxapex|126/216 brn|[from] brn\n|upkeep\n|turn|35\n|\n|t:|1781412186\n|move|p1a: Toxapex|Recover|p1a: Toxapex\n|-heal|p1a: Toxapex|216/216 brn\n|cant|p2a: Glimmora|par\n|\n|-damage|p1a: Toxapex|203/216 brn|[from] brn\n|upkeep\n|turn|36\n|\n|t:|1781412195\n|move|p1a: Toxapex|Liquidation|p2a: Glimmora\n|-supereffective|p2a: Glimmora\n|-damage|p2a: Glimmora|120/248 par\n|-unboost|p2a: Glimmora|def|1\n|-activate|p2a: Glimmora|ability: Toxic Debris\n|-sidestart|p1: TRedden|move: Toxic Spikes\n|move|p2a: Glimmora|Earth Power|p1a: Toxapex\n|-supereffective|p1a: Toxapex\n|-damage|p1a: Toxapex|115/216 brn\n|\n|-damage|p1a: Toxapex|102/216 brn|[from] brn\n|upkeep\n|turn|37\n|\n|t:|1781412214\n|switch|p1a: Ting-Lu|Ting-Lu, L78|324/370 psn\n|-ability|p1a: Ting-Lu|Vessel of Ruin\n|switch|p2a: Glastrier|Glastrier, L86|312/312\n|\n|-heal|p1a: Ting-Lu|347/370 psn|[from] item: Leftovers\n|-damage|p1a: Ting-Lu|301/370 psn|[from] psn\n|upkeep\n|turn|38\n|\n|t:|1781412239\n|switch|p1a: Toxapex|Toxapex, L82, F|174/216 brn\n|-sideend|p1: TRedden|move: Toxic Spikes|[of] p1a: Toxapex\n|move|p2a: Glastrier|Icicle Crash|p1a: Toxapex\n|-resisted|p1a: Toxapex\n|-damage|p1a: Toxapex|132/216 brn\n|\n|-damage|p1a: Toxapex|119/216 brn|[from] brn\n|upkeep\n|turn|39\n|inactive|yellowyoshi2 has 120 seconds left.\n|\n|t:|1781412258\n|switch|p2a: Glimmora|Glimmora, L75, F|120/248 par\n|move|p1a: Toxapex|Toxic||[still]\n|-fail|p1a: Toxapex\n|\n|-damage|p1a: Toxapex|106/216 brn|[from] brn\n|upkeep\n|turn|40\n|\n|t:|1781412271\n|switch|p1a: Ting-Lu|Ting-Lu, L78|301/370 psn\n|-ability|p1a: Ting-Lu|Vessel of Ruin\n|move|p2a: Glimmora|Earth Power|p1a: Ting-Lu\n|-damage|p1a: Ting-Lu|245/370 psn\n|\n|-heal|p1a: Ting-Lu|268/370 psn|[from] item: Leftovers\n|-damage|p1a: Ting-Lu|222/370 psn|[from] psn\n|upkeep\n|turn|41\n|\n|t:|1781412284\n|switch|p2a: Falinks|Falinks, L84|222/246\n|move|p1a: Ting-Lu|Earthquake|p2a: Falinks\n|-damage|p2a: Falinks|135/246\n|\n|-heal|p1a: Ting-Lu|245/370 psn|[from] item: Leftovers\n|-damage|p1a: Ting-Lu|199/370 psn|[from] psn\n|upkeep\n|turn|42\n|\n|t:|1781412289\n|switch|p1a: Toxapex|Toxapex, L82, F|178/216 brn\n|move|p2a: Falinks|No Retreat|p2a: Falinks\n|-boost|p2a: Falinks|atk|1\n|-boost|p2a: Falinks|def|1\n|-boost|p2a: Falinks|spa|1\n|-boost|p2a: Falinks|spd|1\n|-boost|p2a: Falinks|spe|1\n|-start|p2a: Falinks|move: No Retreat\n|\n|-damage|p1a: Toxapex|165/216 brn|[from] brn\n|upkeep\n|turn|43\n|\n|t:|1781412299\n|move|p2a: Falinks|Knock Off|p1a: Toxapex\n|-damage|p1a: Toxapex|108/216 brn\n|-damage|p2a: Falinks|111/246|[from] item: Life Orb\n|move|p1a: Toxapex|Haze|p1a: Toxapex\n|-clearallboost\n|\n|-damage|p1a: Toxapex|95/216 brn|[from] brn\n|upkeep\n|turn|44\n|\n|t:|1781412307\n|move|p2a: Falinks|Iron Head|p1a: Toxapex\n|-resisted|p1a: Toxapex\n|-damage|p1a: Toxapex|70/216 brn\n|-damage|p2a: Falinks|87/246|[from] item: Life Orb\n|move|p1a: Toxapex|Recover|p1a: Toxapex\n|-heal|p1a: Toxapex|178/216 brn\n|\n|-damage|p1a: Toxapex|165/216 brn|[from] brn\n|upkeep\n|turn|45\n|-message|yellowyoshi2 forfeited.\n|\n|win|TRedden\n|raw|TRedden's rating: 1651 &rarr; <strong>1670</strong><br />(+19 for winning)\n|raw|yellowyoshi2's rating: 1628 &rarr; <strong>1609</strong><br />(-19 for losing)\n|l|\u2606yellowyoshi2\n|player|p2|\n|l|\u2606TRedden\n|player|p1|\n|j|\u2606TRedden\n|player|p1|TRedden|blue|\n", "inputlog": ">version a8376a258c1d4662feba110a92103f3664a72141\n>start {\"formatid\":\"gen9randombattle\",\"seed\":\"sodium,f9affde1d3bd2c0aaafa4fca93cadc27\",\"rated\":\"Rated battle\"}\n>player p1 {\"name\":\"TRedden\",\"avatar\":\"blue\",\"rating\":1651,\"seed\":\"sodium,c63fdd8d9c487ce1af5802bcfae538b9\"}\n>player p2 {\"name\":\"yellowyoshi2\",\"avatar\":\"fisherman\",\"rating\":1628,\"seed\":\"sodium,95c2b98b658954d4ff983e4504e01775\"}\n>p1 move thunderwave\n>p2 switch 3\n>p1 switch 5\n>p2 move mortalspin\n>p1 move spikes\n>p2 switch 4\n>p1 switch 4\n>p2 move scald\n>p1 move calmmind\n>p2 move calmmind\n>p1 switch 6\n>p2 move scald\n>p1 move haze\n>p2 switch 4\n>p1 move liquidation\n>p2 move mortalspin\n>p1 move liquidation\n>p2 switch 4\n>p1 move toxic\n>p2 switch 6\n>p1 move liquidation\n>p2 move heavyslam\n>p1 move liquidation\n>p2 switch 6\n>p1 move liquidation\n>p2 move scald\n>p1 move toxic\n>p2 move scald\n>p1 move recover\n>p2 switch 6\n>p1 move liquidation\n>p2 move supercellslam\n>p1 switch 4\n>p2 switch 6\n>p1 switch 4\n>p2 move scald\n>p1 move recover\n>p2 move calmmind\n>p1 move haze\n>p2 move scald\n>p1 switch 6\n>p2 switch 6\n>p1 move willowisp\n>p2 move heavyslam\n>p1 move shadowball\n>p2 move heavyslam\n>p1 switch 2\n>p1 move snowscape terastallize\n>p2 move heavyslam\n>p2 switch 5\n>p1 switch 6\n>p2 move iciclecrash\n>p1 move toxic\n>p2 switch 6\n>p1 switch 5\n>p2 move wish\n>p1 move knockoff\n>p2 switch 4\n>p1 switch 5\n>p2 switch 4\n>p1 switch 3\n>p2 move wish\n>p1 move shadowball\n>p2 move scald\n>p1 move shadowball\n>p2 move scald\n>p2 switch 3\n>p1 switch 3\n>p2 move knockoff\n>p1 move toxic\n>p2 switch 4\n>p1 move recover\n>p2 move earthpower\n>p1 move liquidation\n>p2 move earthpower\n>p1 switch 4\n>p2 switch 6\n>p1 switch 4\n>p2 move iciclecrash\n>p1 move toxic\n>p2 switch 6\n>p1 switch 4\n>p2 move earthpower\n>p1 move earthquake\n>p2 switch 4\n>p1 switch 4\n>p2 move noretreat\n>p1 move haze\n>p2 move knockoff\n>p1 move recover\n>p2 move ironhead\n>forcelose p2", "uploadtime": 1781412400, "views": 4, "formatid": "gen9randombattle", "rating": 1609, "private": 0, "password": null, "player_dets": [{"name": "TRedden", "avatar": "blue", "rating": 1651, "seed": "sodium,c63fdd8d9c487ce1af5802bcfae538b9"}, {"name": "yellowyoshi2", "avatar": "fisherman", "rating": 1628, "seed": "sodium,95c2b98b658954d4ff983e4504e01775"}], "teams_full": [{"Wigglytuff": {"name": "Wigglytuff", "species": "Wigglytuff", "speciesId": "wigglytuff", "gender": "F", "shiny": false, "level": 96, "moves": ["knockoff", "thunderwave", "dazzlinggleam", "fireblast"], "ability": "Competitive", "evs": {"hp": 85, "atk": 85, "def": 85, "spa": 85, "spd": 85, "spe": 85}, "ivs": {"hp": 31, "atk": 31, "def": 31, "spa": 31, "spd": 31, "spe": 31}, "item": "Leftovers", "teraType": "Steel", "role": "Bulky Support", "bvs": {"hp": 140, "atk": 70, "def": 45, "spa": 85, "spd": 50, "spe": 45}, "stats": {"hp": 424, "atk": 189, "def": 141, "spa": 218, "spd": 150, "spe": 141}, "types": ["Normal", "Fairy"]}, "Beartic": {"name": "Beartic", "species": "Beartic", "speciesId": "beartic", "gender": "M", "shiny": false, "level": 91, "moves": ["earthquake", "snowscape", "iciclecrash", "closecombat"], "ability": "Slush Rush", "evs": {"hp": 85, "atk": 85, "def": 85, "spa": 85, "spd": 85, "spe": 85}, "ivs": {"hp": 31, "atk": 31, "def": 31, "spa": 31, "spd": 31, "spe": 31}, "item": "Heavy-Duty Boots", "teraType": "Ground", "role": "Wallbreaker", "bvs": {"hp": 95, "atk": 130, "def": 80, "spa": 70, "spd": 80, "spe": 50}, "stats": {"hp": 321, "atk": 288, "def": 197, "spa": 179, "spd": 197, "spe": 143}, "types": ["Ice"]}, "Basculegion": {"name": "Basculegion", "species": "Basculegion-F", "speciesId": "basculegionf", "gender": "F", "shiny": false, "level": 83, "moves": ["hydropump", "flipturn", "icebeam", "shadowball"], "ability": "Adaptability", "evs": {"hp": 85, "atk": 85, "def": 85, "spa": 85, "spd": 85, "spe": 85}, "ivs": {"hp": 31, "atk": 31, "def": 31, "spa": 31, "spd": 31, "spe": 31}, "item": "Choice Specs", "teraType": "Water", "role": "Wallbreaker", "bvs": {"hp": 120, "atk": 92, "def": 65, "spa": 100, "spd": 75, "spe": 78}, "stats": {"hp": 335, "atk": 200, "def": 156, "spa": 214, "spd": 172, "spe": 177}, "types": ["Water", "Ghost"]}, "Misdreavus": {"name": "Misdreavus", "species": "Misdreavus", "speciesId": "misdreavus", "gender": "F", "shiny": false, "level": 90, "moves": ["drainingkiss", "willowisp", "calmmind", "shadowball"], "ability": "Levitate", "evs": {"hp": 85, "atk": 0, "def": 85, "spa": 85, "spd": 85, "spe": 85}, "ivs": {"hp": 31, "atk": 0, "def": 31, "spa": 31, "spd": 31, "spe": 31}, "item": "Eviolite", "teraType": "Fairy", "role": "Bulky Setup", "bvs": {"hp": 60, "atk": 60, "def": 60, "spa": 85, "spd": 85, "spe": 85}, "stats": {"hp": 254, "atk": 113, "def": 159, "spa": 204, "spd": 204, "spe": 204}, "types": ["Ghost"]}, "Ting-Lu": {"name": "Ting-Lu", "species": "Ting-Lu", "speciesId": "tinglu", "gender": "N", "shiny": false, "level": 78, "moves": ["earthquake", "spikes", "stealthrock", "throatchop"], "ability": "Vessel of Ruin", "evs": {"hp": 85, "atk": 85, "def": 85, "spa": 85, "spd": 85, "spe": 85}, "ivs": {"hp": 31, "atk": 31, "def": 31, "spa": 31, "spd": 31, "spe": 31}, "item": "Leftovers", "teraType": "Poison", "role": "Bulky Support", "bvs": {"hp": 155, "atk": 110, "def": 125, "spa": 55, "spd": 80, "spe": 45}, "stats": {"hp": 370, "atk": 217, "def": 240, "spa": 131, "spd": 170, "spe": 115}, "types": ["Dark", "Ground"]}, "Toxapex": {"name": "Toxapex", "species": "Toxapex", "speciesId": "toxapex", "gender": "F", "shiny": false, "level": 82, "moves": ["recover", "haze", "toxic", "liquidation"], "ability": "Regenerator", "evs": {"hp": 85, "atk": 85, "def": 85, "spa": 85, "spd": 85, "spe": 85}, "ivs": {"hp": 31, "atk": 31, "def": 31, "spa": 31, "spd": 31, "spe": 31}, "item": "Leftovers", "teraType": "Steel", "role": "Bulky Support", "bvs": {"hp": 50, "atk": 63, "def": 152, "spa": 53, "spd": 142, "spe": 35}, "stats": {"hp": 216, "atk": 150, "def": 296, "spa": 134, "spd": 280, "spe": 105}, "types": ["Poison", "Water"]}}, {"Falinks": {"name": "Falinks", "species": "Falinks", "speciesId": "falinks", "gender": "N", "shiny": false, "level": 84, "moves": ["closecombat", "ironhead", "knockoff", "noretreat"], "ability": "Defiant", "evs": {"hp": 85, "atk": 85, "def": 85, "spa": 85, "spd": 85, "spe": 85}, "ivs": {"hp": 31, "atk": 31, "def": 31, "spa": 31, "spd": 31, "spe": 31}, "item": "Life Orb", "teraType": "Steel", "role": "Setup Sweeper", "bvs": {"hp": 65, "atk": 100, "def": 100, "spa": 70, "spd": 60, "spe": 75}, "stats": {"hp": 246, "atk": 216, "def": 216, "spa": 166, "spd": 149, "spe": 174}, "types": ["Fighting"]}, "Entei": {"name": "Entei", "species": "Entei", "speciesId": "entei", "gender": "N", "shiny": false, "level": 78, "moves": ["stompingtantrum", "extremespeed", "sacredfire", "flareblitz"], "ability": "Inner Focus", "evs": {"hp": 85, "atk": 85, "def": 85, "spa": 85, "spd": 85, "spe": 85}, "ivs": {"hp": 31, "atk": 31, "def": 31, "spa": 31, "spd": 31, "spe": 31}, "item": "Choice Band", "teraType": "Fire", "role": "Wallbreaker", "bvs": {"hp": 115, "atk": 115, "def": 85, "spa": 90, "spd": 75, "spe": 100}, "stats": {"hp": 307, "atk": 224, "def": 178, "spa": 185, "spd": 162, "spe": 201}, "types": ["Fire"]}, "Glimmora": {"name": "Glimmora", "species": "Glimmora", "speciesId": "glimmora", "gender": "F", "shiny": false, "level": 75, "moves": ["powergem", "sludgewave", "mortalspin", "earthpower"], "ability": "Toxic Debris", "evs": {"hp": 85, "atk": 85, "def": 85, "spa": 85, "spd": 85, "spe": 85}, "ivs": {"hp": 31, "atk": 31, "def": 31, "spa": 31, "spd": 31, "spe": 31}, "item": "Assault Vest", "teraType": "Ground", "role": "Fast Support", "bvs": {"hp": 83, "atk": 55, "def": 90, "spa": 130, "spd": 81, "spe": 86}, "stats": {"hp": 248, "atk": 126, "def": 179, "spa": 239, "spd": 165, "spe": 173}, "types": ["Rock", "Poison"]}, "Vaporeon": {"name": "Vaporeon", "species": "Vaporeon", "speciesId": "vaporeon", "gender": "F", "shiny": false, "level": 86, "moves": ["wish", "protect", "calmmind", "scald"], "ability": "Water Absorb", "evs": {"hp": 85, "atk": 0, "def": 85, "spa": 85, "spd": 85, "spe": 85}, "ivs": {"hp": 31, "atk": 0, "def": 31, "spa": 31, "spd": 31, "spe": 31}, "item": "Leftovers", "teraType": "Poison", "role": "Bulky Setup", "bvs": {"hp": 130, "atk": 65, "def": 60, "spa": 110, "spd": 95, "spe": 65}, "stats": {"hp": 364, "atk": 116, "def": 152, "spa": 238, "spd": 213, "spe": 161}, "types": ["Water"]}, "Glastrier": {"name": "Glastrier", "species": "Glastrier", "speciesId": "glastrier", "gender": "N", "shiny": false, "level": 86, "moves": ["iciclecrash", "closecombat", "heavyslam", "swordsdance"], "ability": "Chilling Neigh", "evs": {"hp": 85, "atk": 85, "def": 85, "spa": 85, "spd": 85, "spe": 85}, "ivs": {"hp": 31, "atk": 31, "def": 31, "spa": 31, "spd": 31, "spe": 31}, "item": "Heavy-Duty Boots", "teraType": "Steel", "role": "Bulky Attacker", "bvs": {"hp": 100, "atk": 145, "def": 130, "spa": 65, "spd": 110, "spe": 30}, "stats": {"hp": 312, "atk": 299, "def": 273, "spa": 161, "spd": 238, "spe": 101}, "types": ["Ice"]}, "Copperajah": {"name": "Copperajah", "species": "Copperajah", "speciesId": "copperajah", "gender": "F", "shiny": false, "level": 86, "moves": ["heatcrash", "heavyslam", "supercellslam", "stoneedge"], "ability": "Heavy Metal", "evs": {"hp": 81, "atk": 85, "def": 85, "spa": 85, "spd": 85, "spe": 85}, "ivs": {"hp": 31, "atk": 31, "def": 31, "spa": 31, "spd": 31, "spe": 31}, "item": "Choice Band", "teraType": "Flying", "role": "Bulky Attacker", "bvs": {"hp": 122, "atk": 130, "def": 69, "spa": 80, "spd": 69, "spe": 30}, "stats": {"hp": 349, "atk": 273, "def": 168, "spa": 187, "spd": 168, "spe": 101}, "types": ["Steel"]}}]}