{"id": "gen9randombattle-2631428173", "format": "[Gen 9] Random Battle", "players": ["MAYBEsebas", "ultipokemast"], "log": "|j|\u2606MAYBEsebas\n|j|\u2606ultipokemast\n|t:|1781383441\n|gametype|singles\n|player|p1|MAYBEsebas|rocketgrunt|2140\n|player|p2|ultipokemast|nessa-masters|2086\n|gen|9\n|tier|[Gen 9] Random Battle\n|rated|\n|rule|Species Clause: Limit one of each Pok\u00e9mon\n|rule|HP Percentage Mod: HP is shown in percentages\n|rule|Sleep Clause Mod: Limit one foe put to sleep\n|rule|Illusion Level Mod: Illusion disguises the Pok\u00e9mon's true level\n|\n|t:|1781383441\n|teamsize|p1|6\n|teamsize|p2|6\n|start\n|switch|p1a: Weavile|Weavile, L79, F|239/239\n|switch|p2a: Scizor|Scizor, L79, F|240/240\n|turn|1\n|inactive|Battle timer is ON: inactive players will automatically lose when time's up. (requested by ultipokemast)\n|\n|t:|1781383469\n|switch|p1a: Sandy Shocks|Sandy Shocks, L80|267/267\n|move|p2a: Scizor|Bug Bite|p1a: Sandy Shocks\n|-damage|p1a: Sandy Shocks|119/267\n|-damage|p2a: Scizor|216/240|[from] item: Life Orb\n|\n|upkeep\n|turn|2\n|\n|t:|1781383480\n|switch|p2a: Mudsdale|Mudsdale, L83, F|302/302\n|move|p1a: Sandy Shocks|Volt Switch|p2a: Mudsdale\n|-immune|p2a: Mudsdale\n|\n|upkeep\n|turn|3\n|\n|t:|1781383499\n|-end|p1a: Sandy Shocks|Protosynthesis|[silent]\n|switch|p1a: Blastoise|Blastoise, L80, F|258/258\n|move|p2a: Mudsdale|Stealth Rock|p1a: Blastoise\n|-sidestart|p1: MAYBEsebas|move: Stealth Rock\n|\n|upkeep\n|turn|4\n|\n|t:|1781383507\n|move|p1a: Blastoise|Shell Smash|p1a: Blastoise\n|-unboost|p1a: Blastoise|def|1\n|-unboost|p1a: Blastoise|spd|1\n|-boost|p1a: Blastoise|atk|2\n|-boost|p1a: Blastoise|spa|2\n|-boost|p1a: Blastoise|spe|2\n|-enditem|p1a: Blastoise|White Herb\n|-clearnegativeboost|p1a: Blastoise|[silent]\n|move|p2a: Mudsdale|Roar|p1a: Blastoise\n|drag|p1a: Basculin|Basculin-Blue-Striped, L86, M|261/261\n|-damage|p1a: Basculin|229/261|[from] Stealth Rock\n|\n|upkeep\n|turn|5\n|\n|t:|1781383524\n|switch|p2a: Orthworm|Orthworm, L88, F|266/266\n|move|p1a: Basculin|Wave Crash|p2a: Orthworm\n|-damage|p2a: Orthworm|98/266\n|-damage|p1a: Basculin|174/261|[from] Recoil\n|\n|upkeep\n|turn|6\n|\n|t:|1781383530\n|move|p1a: Basculin|Wave Crash|p2a: Orthworm\n|-damage|p2a: Orthworm|0 fnt\n|faint|p2a: Orthworm\n|-damage|p1a: Basculin|142/261|[from] Recoil\n|\n|upkeep\n|\n|t:|1781383545\n|switch|p2a: Toucannon|Toucannon, L88, M|284/284\n|turn|7\n|inactive|ultipokemast has 120 seconds left.\n|\n|t:|1781383581\n|switch|p1a: Blastoise|Blastoise, L80, F|258/258\n|-damage|p1a: Blastoise|226/258|[from] Stealth Rock\n|move|p2a: Toucannon|U-turn|p1a: Blastoise\n|-damage|p1a: Blastoise|164/258\n|\n|t:|1781383597\n|switch|p2a: Ampharos|Ampharos, L88, M|302/302|[from] U-turn\n|\n|upkeep\n|turn|8\n|\n|t:|1781383611\n|switch|p1a: Sandy Shocks|Sandy Shocks, L80|119/267\n|move|p2a: Ampharos|Volt Switch|p1a: Sandy Shocks\n|-immune|p1a: Sandy Shocks\n|\n|upkeep\n|turn|9\n|\n|t:|1781383615\n|switch|p2a: Mudsdale|Mudsdale, L83, F|302/302\n|move|p1a: Sandy Shocks|Earth Power|p2a: Mudsdale\n|-damage|p2a: Mudsdale|202/302\n|-ability|p2a: Mudsdale|Stamina|boost\n|-boost|p2a: Mudsdale|def|1\n|\n|-heal|p2a: Mudsdale|220/302|[from] item: Leftovers\n|upkeep\n|turn|10\n|inactive|MAYBEsebas has 120 seconds left.\n|\n|t:|1781383646\n|move|p1a: Sandy Shocks|Earth Power|p2a: Mudsdale\n|-damage|p2a: Mudsdale|106/302\n|-ability|p2a: Mudsdale|Stamina|boost\n|-boost|p2a: Mudsdale|def|1\n|move|p2a: Mudsdale|Earthquake|p1a: Sandy Shocks\n|-supereffective|p1a: Sandy Shocks\n|-damage|p1a: Sandy Shocks|0 fnt\n|faint|p1a: Sandy Shocks\n|-end|p1a: Sandy Shocks|Protosynthesis|[silent]\n|\n|-heal|p2a: Mudsdale|124/302|[from] item: Leftovers\n|upkeep\n|\n|t:|1781383649\n|switch|p1a: Blastoise|Blastoise, L80, F|164/258\n|-damage|p1a: Blastoise|132/258|[from] Stealth Rock\n|turn|11\n|\n|t:|1781383665\n|move|p1a: Blastoise|Hydro Pump|p2a: Mudsdale\n|-supereffective|p2a: Mudsdale\n|-damage|p2a: Mudsdale|0 fnt\n|faint|p2a: Mudsdale\n|\n|upkeep\n|\n|t:|1781383667\n|switch|p2a: Ampharos|Ampharos, L88, M|302/302\n|turn|12\n|\n|t:|1781383673\n|move|p1a: Blastoise|Earthquake|p2a: Ampharos\n|-supereffective|p2a: Ampharos\n|-damage|p2a: Ampharos|184/302\n|move|p2a: Ampharos|Volt Switch|p1a: Blastoise\n|-supereffective|p1a: Blastoise\n|-damage|p1a: Blastoise|0 fnt\n|faint|p1a: Blastoise\n|\n|t:|1781383679\n|switch|p2a: Toucannon|Toucannon, L88, M|284/284|[from] Volt Switch\n|\n|upkeep\n|\n|t:|1781383685\n|switch|p1a: Camerupt|Camerupt, L91, F|275/275\n|-damage|p1a: Camerupt|241/275|[from] Stealth Rock\n|turn|13\n|\n|t:|1781383694\n|-singleturn|p2a: Toucannon|move: Beak Blast\n|move|p1a: Camerupt|Stealth Rock|p2a: Toucannon\n|-sidestart|p2: ultipokemast|move: Stealth Rock\n|move|p2a: Toucannon|Beak Blast|p1a: Camerupt\n|-damage|p1a: Camerupt|103/275\n|\n|-heal|p1a: Camerupt|120/275|[from] item: Leftovers\n|upkeep\n|turn|14\n|\n|t:|1781383699\n|move|p2a: Toucannon|Boomburst|p1a: Camerupt\n|-damage|p1a: Camerupt|0 fnt\n|faint|p1a: Camerupt\n|\n|upkeep\n|\n|t:|1781383719\n|switch|p1a: Weavile|Weavile, L79, F|239/239\n|-damage|p1a: Weavile|180/239|[from] Stealth Rock\n|turn|15\n|\n|t:|1781383740\n|-singleturn|p2a: Toucannon|move: Beak Blast\n|move|p1a: Weavile|Triple Axel|p2a: Toucannon|[miss]\n|-miss|p1a: Weavile|p2a: Toucannon\n|move|p2a: Toucannon|Beak Blast|p1a: Weavile\n|-damage|p1a: Weavile|0 fnt\n|faint|p1a: Weavile\n|\n|upkeep\n|-message|MAYBEsebas forfeited.\n|\n|win|ultipokemast\n", "inputlog": ">version a8376a258c1d4662feba110a92103f3664a72141\n>start {\"formatid\":\"gen9randombattle\",\"seed\":\"sodium,d9a4dcc7ae1c87ee86c3de5a3ef792d1\",\"rated\":\"Rated battle\"}\n>player p1 {\"name\":\"MAYBEsebas\",\"avatar\":\"rocketgrunt\",\"rating\":2140,\"seed\":\"sodium,32e18e5b26f71fd8fe74b434fc0ba7de\"}\n>player p2 {\"name\":\"ultipokemast\",\"avatar\":\"nessa-masters\",\"rating\":2086,\"seed\":\"sodium,f4ad718ac581ae4a4c0f230528fb0807\"}\n>p1 switch 2\n>p2 move bugbite\n>p1 move voltswitch\n>p2 switch 5\n>p1 switch 5\n>p2 move stealthrock\n>p1 move shellsmash\n>p2 move roar\n>p1 move wavecrash\n>p2 switch 2\n>p1 move wavecrash\n>p2 move rest\n>p2 switch 4\n>p1 switch 6\n>p2 move uturn\n>p2 switch 6\n>p1 switch 5\n>p2 move voltswitch\n>p1 move earthpower\n>p2 switch 2\n>p1 move earthpower\n>p2 move earthquake\n>p1 switch 5\n>p1 move hydropump\n>p2 move roar\n>p2 switch 2\n>p1 move earthquake\n>p2 move voltswitch\n>p2 switch 6\n>p1 switch 4\n>p1 move stealthrock\n>p2 move beakblast\n>p1 move willowisp\n>p2 move boomburst\n>p1 switch 2\n>p1 move tripleaxel\n>p2 move beakblast\n>forcelose p1", "uploadtime": 1781383444, "views": 11, "formatid": "gen9randombattle", "rating": null, "private": 0, "password": null}