{"id": "gen9randombattle-2631454101", "format": "[Gen 9] Random Battle", "players": ["F Boogie", "Petilil37"], "log": "|j|\u2606F Boogie\n|j|\u203dPetilil37\n|t:|1781386625\n|gametype|singles\n|player|p1|F Boogie|veteran-gen4|2150\n|player|p2|Petilil37|2|2085\n|gen|9\n|tier|[Gen 9] Random Battle\n|rated|\n|rule|Species Clause: Limit one of each Pok\u00e9mon\n|rule|HP Percentage Mod: HP is shown in percentages\n|rule|Sleep Clause Mod: Limit one foe put to sleep\n|rule|Illusion Level Mod: Illusion disguises the Pok\u00e9mon's true level\n|\n|t:|1781386625\n|teamsize|p1|6\n|teamsize|p2|6\n|start\n|switch|p1a: Fezandipiti|Fezandipiti, L82, M|278/278\n|switch|p2a: Slowking|Slowking-Galar, L85, F|300/300\n|turn|1\n|\n|t:|1781386638\n|switch|p1a: Spidops|Spidops, L96, M|271/271\n|move|p2a: Slowking|Future Sight|p1a: Spidops\n|-start|p2a: Slowking|move: Future Sight\n|\n|upkeep\n|turn|2\n|\n|t:|1781386645\n|switch|p2a: Shaymin|Shaymin-Sky, L73|266/266\n|move|p1a: Spidops|Knock Off|p2a: Shaymin\n|-damage|p2a: Shaymin|80/266\n|-enditem|p2a: Shaymin|Leftovers|[from] move: Knock Off|[of] p1a: Spidops\n|\n|upkeep\n|turn|3\n|\n|t:|1781386661\n|switch|p1a: Gholdengo|Gholdengo, L77|261/261\n|move|p2a: Shaymin|Substitute|p2a: Shaymin\n|-start|p2a: Shaymin|Substitute\n|-damage|p2a: Shaymin|14/266\n|\n|-end|p1a: Gholdengo|move: Future Sight\n|-resisted|p1a: Gholdengo\n|-damage|p1a: Gholdengo|187/261\n|-heal|p1a: Gholdengo|203/261|[from] item: Leftovers\n|upkeep\n|turn|4\n|\n|t:|1781386666\n|move|p2a: Shaymin|Seed Flare|p1a: Gholdengo\n|-resisted|p1a: Gholdengo\n|-damage|p1a: Gholdengo|144/261\n|-unboost|p1a: Gholdengo|spd|2\n|move|p1a: Gholdengo|Shadow Ball|p2a: Shaymin\n|-end|p2a: Shaymin|Substitute\n|\n|-heal|p1a: Gholdengo|160/261|[from] item: Leftovers\n|upkeep\n|turn|5\n|\n|t:|1781386669\n|move|p2a: Shaymin|Seed Flare|p1a: Gholdengo\n|-resisted|p1a: Gholdengo\n|-damage|p1a: Gholdengo|28/261\n|-unboost|p1a: Gholdengo|spd|2\n|move|p1a: Gholdengo|Shadow Ball|p2a: Shaymin\n|-damage|p2a: Shaymin|0 fnt\n|faint|p2a: Shaymin\n|\n|-heal|p1a: Gholdengo|44/261|[from] item: Leftovers\n|upkeep\n|\n|t:|1781386676\n|switch|p2a: Mightyena|Mightyena, L96, M|290/290\n|-ability|p2a: Mightyena|Intimidate|boost\n|-unboost|p1a: Gholdengo|atk|1\n|turn|6\n|\n|t:|1781386681\n|switch|p1a: Fezandipiti|Fezandipiti, L82, M|278/278\n|move|p2a: Mightyena|Throat Chop|p1a: Fezandipiti\n|-resisted|p1a: Fezandipiti\n|-damage|p1a: Fezandipiti|200/278\n|-start|p1a: Fezandipiti|Throat Chop|[silent]\n|\n|-heal|p1a: Fezandipiti|217/278|[from] item: Leftovers\n|upkeep\n|turn|7\n|-message|Petilil37 forfeited.\n|\n|win|F Boogie\n", "inputlog": ">version a8376a258c1d4662feba110a92103f3664a72141\n>start {\"formatid\":\"gen9randombattle\",\"seed\":\"sodium,901cce60c7fa2f2830f19f4fbfe2ebee\",\"rated\":\"Rated battle\"}\n>player p1 {\"name\":\"F Boogie\",\"avatar\":\"veteran-gen4\",\"rating\":2150,\"seed\":\"sodium,c2402dc7453f97e9aaa37967da17e56a\"}\n>player p2 {\"name\":\"Petilil37\",\"avatar\":\"2\",\"rating\":2085,\"seed\":\"sodium,4c2b3bc7df80b315af449c53086c19c4\"}\n>p1 switch 3\n>p2 move futuresight\n>p1 move knockoff\n>p2 switch 2\n>p1 switch 4\n>p2 move substitute\n>p1 move shadowball\n>p2 move seedflare\n>p1 move shadowball\n>p2 move seedflare\n>p2 switch 6\n>p1 switch 3\n>p2 move throatchop\n>forcelose p2", "uploadtime": 1781386627, "views": 6, "formatid": "gen9randombattle", "rating": null, "private": 0, "password": null}