{"id": "gen9randombattle-2631554673", "format": "[Gen 9] Random Battle", "players": ["dreadful_dinosaur", "caracarao"], "log": "|j|\u2606dreadful_dinosaur\n|j|\u2606caracarao\n|t:|1781400610\n|gametype|singles\n|player|p1|dreadful_dinosaur|170|1763\n|player|p2|caracarao|169|1901\n|gen|9\n|tier|[Gen 9] Random Battle\n|rated|\n|rule|Species Clause: Limit one of each Pok\u00e9mon\n|rule|HP Percentage Mod: HP is shown in percentages\n|rule|Sleep Clause Mod: Limit one foe put to sleep\n|rule|Illusion Level Mod: Illusion disguises the Pok\u00e9mon's true level\n|\n|t:|1781400610\n|teamsize|p1|6\n|teamsize|p2|6\n|start\n|switch|p1a: Grimmsnarl|Grimmsnarl, L83, M|293/293\n|switch|p2a: Palossand|Palossand, L89, F|296/296\n|turn|1\n|inactive|Battle timer is ON: inactive players will automatically lose when time's up. (requested by dreadful_dinosaur)\n|\n|t:|1781400620\n|move|p1a: Grimmsnarl|Spirit Break|p2a: Palossand\n|-damage|p2a: Palossand|229/296\n|-unboost|p2a: Palossand|spa|1\n|move|p2a: Palossand|Stealth Rock|p1a: Grimmsnarl\n|-sidestart|p1: dreadful_dinosaur|move: Stealth Rock\n|\n|-heal|p2a: Palossand|247/296|[from] item: Leftovers\n|upkeep\n|turn|2\n|\n|t:|1781400638\n|switch|p1a: Cramorant|Cramorant, L86, F|261/261\n|switch|p2a: Rhydon|Rhydon, L85, M|317/317\n|\n|upkeep\n|turn|3\n|\n|t:|1781400654\n|switch|p2a: Poliwrath|Poliwrath, L88, M|302/302\n|move|p1a: Cramorant|Defog|p2a: Poliwrath\n|-unboost|p2a: Poliwrath|evasion|1\n|-sideend|p1: dreadful_dinosaur|Stealth Rock|[from] move: Defog|[of] p1a: Cramorant\n|\n|upkeep\n|turn|4\n|\n|t:|1781400663\n|switch|p2a: Miraidon|Miraidon, L65|238/238\n|-fieldstart|move: Electric Terrain|[from] ability: Hadron Engine|[of] p2a: Miraidon\n|move|p1a: Cramorant|Brave Bird|p2a: Miraidon\n|-resisted|p2a: Miraidon\n|-damage|p2a: Miraidon|166/238\n|-damage|p1a: Cramorant|237/261|[from] Recoil\n|\n|upkeep\n|turn|5\n|\n|t:|1781400672\n|switch|p1a: Raichu|Raichu, L88, M|249/249\n|move|p2a: Miraidon|Volt Switch|p1a: Raichu\n|-ability|p1a: Raichu|Lightning Rod|boost\n|-boost|p1a: Raichu|spa|1\n|\n|upkeep\n|turn|6\n|\n|t:|1781400683\n|switch|p2a: Poliwrath|Poliwrath, L88, M|302/302\n|move|p1a: Raichu|Surf|p2a: Poliwrath\n|-immune|p2a: Poliwrath|[from] ability: Water Absorb\n|\n|upkeep\n|turn|7\n|\n|t:|1781400693\n|switch|p2a: Miraidon|Miraidon, L65|166/238\n|-activate|p2a: Miraidon|ability: Hadron Engine\n|move|p1a: Raichu|Thunderbolt|p2a: Miraidon\n|-resisted|p2a: Miraidon\n|-damage|p2a: Miraidon|114/238\n|\n|upkeep\n|turn|8\n|\n|t:|1781400701\n|move|p1a: Raichu|Focus Blast|p2a: Miraidon\n|-damage|p2a: Miraidon|0 fnt\n|faint|p2a: Miraidon\n|\n|-fieldend|move: Electric Terrain\n|upkeep\n|\n|t:|1781400707\n|switch|p2a: Necrozma|Necrozma-Dawn-Wings, L76|272/272\n|turn|9\n|\n|t:|1781400710\n|move|p1a: Raichu|Knock Off|p2a: Necrozma\n|-supereffective|p2a: Necrozma\n|-damage|p2a: Necrozma|56/272\n|-enditem|p2a: Necrozma|Life Orb|[from] move: Knock Off|[of] p1a: Raichu\n|move|p2a: Necrozma|Dragon Dance|p2a: Necrozma\n|-boost|p2a: Necrozma|atk|1\n|-boost|p2a: Necrozma|spe|1\n|\n|upkeep\n|turn|10\n|\n|t:|1781400733\n|-terastallize|p2a: Necrozma|Fighting\n|move|p1a: Raichu|Thunderbolt|p2a: Necrozma\n|-damage|p2a: Necrozma|0 fnt\n|faint|p2a: Necrozma\n|\n|upkeep\n|\n|t:|1781400739\n|switch|p2a: Cetitan|Cetitan, L82, F|412/412\n|turn|11\n|\n|t:|1781400744\n|move|p1a: Raichu|Focus Blast|p2a: Cetitan|[miss]\n|-miss|p1a: Raichu|p2a: Cetitan\n|move|p2a: Cetitan|Earthquake|p1a: Raichu\n|-supereffective|p1a: Raichu\n|-damage|p1a: Raichu|63/249\n|\n|upkeep\n|turn|12\n|\n|t:|1781400761\n|move|p2a: Cetitan|Ice Shard|p1a: Raichu\n|-damage|p1a: Raichu|3/249\n|move|p1a: Raichu|Focus Blast|p2a: Cetitan\n|-supereffective|p2a: Cetitan\n|-damage|p2a: Cetitan|10/412\n|-enditem|p2a: Cetitan|Sitrus Berry|[eat]\n|-heal|p2a: Cetitan|113/412|[from] item: Sitrus Berry\n|\n|upkeep\n|turn|13\n|\n|t:|1781400768\n|move|p2a: Cetitan|Ice Shard|p1a: Raichu\n|-damage|p1a: Raichu|0 fnt\n|faint|p1a: Raichu\n|\n|upkeep\n|\n|t:|1781400777\n|switch|p1a: Cramorant|Cramorant, L86, F|237/261\n|turn|14\n|\n|t:|1781400782\n|move|p2a: Cetitan|Ice Shard|p1a: Cramorant\n|-damage|p1a: Cramorant|177/261\n|move|p1a: Cramorant|Brave Bird|p2a: Cetitan\n|-damage|p2a: Cetitan|0 fnt\n|faint|p2a: Cetitan\n|-damage|p1a: Cramorant|140/261|[from] Recoil\n|\n|upkeep\n|\n|t:|1781400800\n|switch|p2a: Poliwrath|Poliwrath, L88, M|302/302\n|turn|15\n|\n|t:|1781400808\n|switch|p2a: Rhydon|Rhydon, L85, M|317/317\n|move|p1a: Cramorant|Brave Bird|p2a: Rhydon\n|-resisted|p2a: Rhydon\n|-damage|p2a: Rhydon|287/317\n|-damage|p1a: Cramorant|130/261|[from] Recoil\n|\n|upkeep\n|turn|16\n|\n|t:|1781400816\n|switch|p2a: Poliwrath|Poliwrath, L88, M|302/302\n|move|p1a: Cramorant|Surf|p2a: Poliwrath\n|-immune|p2a: Poliwrath|[from] ability: Water Absorb\n|\n|upkeep\n|turn|17\n|\n|t:|1781400829\n|switch|p2a: Palossand|Palossand, L89, F|247/296\n|move|p1a: Cramorant|Brave Bird|p2a: Palossand\n|-damage|p2a: Palossand|157/296\n|-damage|p1a: Cramorant|100/261|[from] Recoil\n|\n|-heal|p2a: Palossand|175/296|[from] item: Leftovers\n|upkeep\n|turn|18\n|\n|t:|1781400838\n|move|p1a: Cramorant|Roost|p1a: Cramorant\n|-heal|p1a: Cramorant|231/261\n|-singleturn|p1a: Cramorant|move: Roost\n|move|p2a: Palossand|Shadow Ball|p1a: Cramorant\n|-damage|p1a: Cramorant|137/261\n|-unboost|p1a: Cramorant|spd|1\n|\n|-heal|p2a: Palossand|193/296|[from] item: Leftovers\n|upkeep\n|turn|19\n|\n|t:|1781400848\n|switch|p2a: Poliwrath|Poliwrath, L88, M|302/302\n|move|p1a: Cramorant|Surf|p2a: Poliwrath\n|-immune|p2a: Poliwrath|[from] ability: Water Absorb\n|\n|upkeep\n|turn|20\n|\n|t:|1781400854\n|move|p1a: Cramorant|Brave Bird|p2a: Poliwrath\n|-supereffective|p2a: Poliwrath\n|-damage|p2a: Poliwrath|66/302\n|-damage|p1a: Cramorant|59/261|[from] Recoil\n|move|p2a: Poliwrath|Poison Jab|p1a: Cramorant\n|-damage|p1a: Cramorant|0 fnt\n|faint|p1a: Cramorant\n|\n|-heal|p2a: Poliwrath|84/302|[from] item: Leftovers\n|upkeep\n|\n|t:|1781400862\n|switch|p1a: Hypno|Hypno, L95, M|315/315\n|turn|21\n|\n|t:|1781400867\n|move|p1a: Hypno|Psychic Noise|p2a: Poliwrath\n|-supereffective|p2a: Poliwrath\n|-damage|p2a: Poliwrath|0 fnt\n|faint|p2a: Poliwrath\n|\n|upkeep\n|\n|t:|1781400878\n|switch|p2a: Rhydon|Rhydon, L85, M|287/317\n|turn|22\n|\n|t:|1781400889\n|move|p1a: Hypno|Knock Off|p2a: Rhydon\n|-damage|p2a: Rhydon|251/317\n|-enditem|p2a: Rhydon|Eviolite|[from] move: Knock Off|[of] p1a: Hypno\n|move|p2a: Rhydon|Megahorn|p1a: Hypno|[miss]\n|-miss|p2a: Rhydon|p1a: Hypno\n|\n|upkeep\n|turn|23\n|\n|t:|1781400897\n|switch|p1a: Weezing|Weezing, L88, M|258/258\n|move|p2a: Rhydon|Megahorn|p1a: Weezing\n|-resisted|p1a: Weezing\n|-damage|p1a: Weezing|213/258\n|\n|-heal|p1a: Weezing|229/258|[from] item: Leftovers\n|upkeep\n|turn|24\n|\n|t:|1781400904\n|move|p1a: Weezing|Sludge Bomb|p2a: Rhydon\n|-resisted|p2a: Rhydon\n|-damage|p2a: Rhydon|217/317\n|-status|p2a: Rhydon|psn\n|move|p2a: Rhydon|Swords Dance|p2a: Rhydon\n|-boost|p2a: Rhydon|atk|2\n|\n|-heal|p1a: Weezing|245/258|[from] item: Leftovers\n|-damage|p2a: Rhydon|178/317 psn|[from] psn\n|upkeep\n|turn|25\n|\n|t:|1781400915\n|move|p1a: Weezing|Sludge Bomb|p2a: Rhydon\n|-resisted|p2a: Rhydon\n|-damage|p2a: Rhydon|139/317 psn\n|move|p2a: Rhydon|Stone Edge|p1a: Weezing\n|-crit|p1a: Weezing\n|-damage|p1a: Weezing|0 fnt\n|faint|p1a: Weezing\n|\n|-damage|p2a: Rhydon|100/317 psn|[from] psn\n|upkeep\n|\n|t:|1781400922\n|switch|p1a: Hypno|Hypno, L95, M|315/315\n|turn|26\n|\n|t:|1781400932\n|move|p1a: Hypno|Psychic Noise|p2a: Rhydon\n|-damage|p2a: Rhydon|0 fnt\n|faint|p2a: Rhydon\n|\n|upkeep\n|\n|t:|1781400937\n|switch|p2a: Palossand|Palossand, L89, F|193/296\n|turn|27\n|\n|t:|1781400941\n|move|p1a: Hypno|Knock Off|p2a: Palossand\n|-supereffective|p2a: Palossand\n|-damage|p2a: Palossand|83/296\n|-enditem|p2a: Palossand|Leftovers|[from] move: Knock Off|[of] p1a: Hypno\n|move|p2a: Palossand|Shadow Ball|p1a: Hypno\n|-supereffective|p1a: Hypno\n|-crit|p1a: Hypno\n|-damage|p1a: Hypno|117/315\n|\n|-heal|p1a: Hypno|136/315|[from] item: Leftovers\n|upkeep\n|turn|28\n|\n|t:|1781400952\n|move|p1a: Hypno|Psychic Noise|p2a: Palossand\n|-damage|p2a: Palossand|0 fnt\n|faint|p2a: Palossand\n|\n|win|dreadful_dinosaur\n|raw|dreadful_dinosaur's rating: 1763 &rarr; <strong>1791</strong><br />(+28 for winning)\n|raw|caracarao's rating: 1901 &rarr; <strong>1873</strong><br />(-28 for losing)\n", "inputlog": ">version a8376a258c1d4662feba110a92103f3664a72141\n>start {\"formatid\":\"gen9randombattle\",\"seed\":\"sodium,4c3d84aff905bee4d14c3d99a066fa93\",\"rated\":\"Rated battle\"}\n>player p1 {\"name\":\"dreadful_dinosaur\",\"avatar\":\"170\",\"rating\":1763,\"seed\":\"sodium,2b9188ca6b5f1581c05d46ff3cbd412f\"}\n>player p2 {\"name\":\"caracarao\",\"avatar\":\"169\",\"rating\":1901,\"seed\":\"sodium,2e60b887eee5d6d2bb873cb78cd8754c\"}\n>p1 move spiritbreak\n>p2 move stealthrock\n>p1 switch 3\n>p2 switch 4\n>p1 move defog\n>p2 switch 5\n>p1 move bravebird\n>p2 switch 6\n>p1 switch 6\n>p2 move voltswitch\n>p1 move surf\n>p2 switch 6\n>p1 move thunderbolt\n>p2 switch 6\n>p1 move focusblast\n>p2 move dracometeor\n>p2 switch 3\n>p1 move knockoff\n>p2 move dragondance\n>p1 move thunderbolt\n>p2 move dragondance terastallize\n>p2 switch 2\n>p1 move focusblast\n>p2 move earthquake\n>p1 move focusblast\n>p2 move iceshard\n>p1 move thunderbolt\n>p2 move iceshard\n>p1 switch 6\n>p1 move bravebird\n>p2 move iceshard\n>p2 switch 6\n>p1 move bravebird\n>p2 switch 5\n>p1 move surf\n>p2 switch 5\n>p1 move bravebird\n>p2 switch 4\n>p1 move roost\n>p2 move shadowball\n>p1 move surf\n>p2 switch 4\n>p1 move bravebird\n>p2 move poisonjab\n>p1 switch 2\n>p1 move psychicnoise\n>p2 move liquidation\n>p2 switch 5\n>p1 move knockoff\n>p2 move megahorn\n>p1 switch 4\n>p2 move megahorn\n>p1 move sludgebomb\n>p2 move swordsdance\n>p1 move sludgebomb\n>p2 move stoneedge\n>p1 switch 4\n>p1 move psychicnoise\n>p2 move earthquake\n>p2 switch 4\n>p1 move knockoff\n>p2 move shadowball\n>p1 move psychicnoise\n>p2 move shoreup", "uploadtime": 1781400952, "views": 4, "formatid": "gen9randombattle", "rating": 1791, "private": 0, "password": null}