{"id": "gen9randombattle-2631858206", "format": "[Gen 9] Random Battle", "players": ["EinOrepo", "HunterRoXa"], "log": "|j|\u2606EinOrepo\n|j|\u2606HunterRoXa\n|t:|1781448919\n|gametype|singles\n|player|p1|EinOrepo|proton|1313\n|player|p2|HunterRoXa|170|1342\n|gen|9\n|tier|[Gen 9] Random Battle\n|rated|\n|rule|Species Clause: Limit one of each Pok\u00e9mon\n|rule|HP Percentage Mod: HP is shown in percentages\n|rule|Sleep Clause Mod: Limit one foe put to sleep\n|rule|Illusion Level Mod: Illusion disguises the Pok\u00e9mon's true level\n|\n|t:|1781448919\n|teamsize|p1|6\n|teamsize|p2|6\n|start\n|switch|p1a: Mewtwo|Mewtwo, L72|272/272\n|switch|p2a: Eelektross|Eelektross, L87, M|235/235\n|-ability|p1a: Mewtwo|Unnerve\n|turn|1\n|inactive|Battle timer is ON: inactive players will automatically lose when time's up. (requested by EinOrepo)\n|\n|t:|1781448929\n|move|p1a: Mewtwo|Nasty Plot|p1a: Mewtwo\n|-boost|p1a: Mewtwo|spa|2\n|move|p2a: Eelektross|Dark Pulse|p1a: Mewtwo\n|-supereffective|p1a: Mewtwo\n|-damage|p1a: Mewtwo|0 fnt\n|faint|p1a: Mewtwo\n|\n|upkeep\n|\n|t:|1781448942\n|switch|p1a: Ursaluna|Ursaluna-Bloodmoon, L79, M|308/308\n|turn|2\n|\n|t:|1781448956\n|switch|p2a: Annihilape|Annihilape, L76, F|292/292\n|move|p1a: Ursaluna|Blood Moon|p2a: Annihilape\n|-damage|p2a: Annihilape|114/292\n|\n|-heal|p2a: Annihilape|132/292|[from] item: Leftovers\n|upkeep\n|turn|3\n|inactive|EinOrepo has 120 seconds left.\n|\n|t:|1781448989\n|switch|p1a: Keldeo|Keldeo-Resolute, L79|273/273\n|move|p2a: Annihilape|Bulk Up|p2a: Annihilape\n|-boost|p2a: Annihilape|atk|1\n|-boost|p2a: Annihilape|def|1\n|\n|-heal|p2a: Annihilape|150/292|[from] item: Leftovers\n|upkeep\n|turn|4\n|\n|t:|1781449000\n|move|p1a: Keldeo|Hydro Pump|p2a: Annihilape\n|-damage|p2a: Annihilape|6/292\n|move|p2a: Annihilape|Drain Punch|p1a: Keldeo\n|-damage|p1a: Keldeo|146/273\n|-heal|p2a: Annihilape|70/292|[from] drain|[of] p1a: Keldeo\n|\n|-heal|p1a: Keldeo|163/273|[from] item: Leftovers\n|-heal|p2a: Annihilape|88/292|[from] item: Leftovers\n|upkeep\n|turn|5\n|\n|t:|1781449013\n|switch|p2a: Cacturne|Cacturne, L92, M|278/278\n|move|p1a: Keldeo|Hydro Pump|p2a: Cacturne\n|-immune|p2a: Cacturne|[from] ability: Water Absorb\n|\n|-heal|p1a: Keldeo|180/273|[from] item: Leftovers\n|upkeep\n|turn|6\n|\n|t:|1781449022\n|move|p1a: Keldeo|Substitute|p1a: Keldeo\n|-start|p1a: Keldeo|Substitute\n|-damage|p1a: Keldeo|112/273\n|move|p2a: Cacturne|Knock Off|p1a: Keldeo\n|-resisted|p1a: Keldeo\n|-end|p1a: Keldeo|Substitute\n|-damage|p2a: Cacturne|251/278|[from] item: Life Orb\n|\n|-heal|p1a: Keldeo|129/273|[from] item: Leftovers\n|upkeep\n|turn|7\n|\n|t:|1781449036\n|move|p1a: Keldeo|Secret Sword|p2a: Cacturne\n|-supereffective|p2a: Cacturne\n|-damage|p2a: Cacturne|3/278\n|move|p2a: Cacturne|Knock Off|p1a: Keldeo\n|-resisted|p1a: Keldeo\n|-damage|p1a: Keldeo|38/273\n|-ability|p1a: Keldeo|Justified|boost\n|-boost|p1a: Keldeo|atk|1\n|-enditem|p1a: Keldeo|Leftovers|[from] move: Knock Off|[of] p2a: Cacturne\n|-damage|p2a: Cacturne|0 fnt|[from] item: Life Orb\n|faint|p2a: Cacturne\n|\n|upkeep\n|\n|t:|1781449045\n|switch|p2a: Eelektross|Eelektross, L87, M|235/235\n|turn|8\n|\n|t:|1781449062\n|move|p2a: Eelektross|Sludge Bomb|p1a: Keldeo\n|-damage|p1a: Keldeo|0 fnt\n|faint|p1a: Keldeo\n|\n|upkeep\n|\n|t:|1781449071\n|switch|p1a: Perrserker|Perrserker, L89, M|269/269\n|turn|9\n|\n|t:|1781449081\n|switch|p2a: Annihilape|Annihilape, L76, F|88/292\n|move|p1a: Perrserker|Stealth Rock|p2a: Annihilape\n|-sidestart|p2: HunterRoXa|move: Stealth Rock\n|\n|-heal|p2a: Annihilape|106/292|[from] item: Leftovers\n|upkeep\n|turn|10\n|\n|t:|1781449088\n|move|p2a: Annihilape|Drain Punch|p1a: Perrserker\n|-supereffective|p1a: Perrserker\n|-damage|p1a: Perrserker|131/269\n|-heal|p2a: Annihilape|175/292|[from] drain|[of] p1a: Perrserker\n|move|p1a: Perrserker|Iron Head|p2a: Annihilape\n|-crit|p2a: Annihilape\n|-damage|p2a: Annihilape|0 fnt\n|faint|p2a: Annihilape\n|-damage|p1a: Perrserker|105/269|[from] item: Life Orb\n|\n|upkeep\n|\n|t:|1781449107\n|switch|p2a: Lanturn|Lanturn, L89, M|367/367\n|turn|11\n|\n|t:|1781449117\n|move|p2a: Lanturn|Scald|p1a: Perrserker\n|-damage|p1a: Perrserker|9/269\n|-status|p1a: Perrserker|brn\n|move|p1a: Perrserker|Close Combat|p2a: Lanturn\n|-damage|p2a: Lanturn|254/367\n|-unboost|p1a: Perrserker|def|1\n|-unboost|p1a: Perrserker|spd|1\n|-damage|p1a: Perrserker|0 fnt|[from] item: Life Orb\n|faint|p1a: Perrserker\n|\n|upkeep\n|\n|t:|1781449127\n|switch|p1a: Scovillain|Scovillain, L91, F|266/266\n|turn|12\n|\n|t:|1781449142\n|-terastallize|p2a: Lanturn|Flying\n|move|p1a: Scovillain|Sunny Day|p1a: Scovillain\n|-weather|SunnyDay\n|move|p2a: Lanturn|Thunder Wave|p1a: Scovillain\n|-status|p1a: Scovillain|par\n|\n|-weather|SunnyDay|[upkeep]\n|upkeep\n|turn|13\n|\n|t:|1781449151\n|move|p1a: Scovillain|Fire Blast|p2a: Lanturn\n|-damage|p2a: Lanturn|25/367\n|move|p2a: Lanturn|Scald|p1a: Scovillain\n|-damage|p1a: Scovillain|223/266 par\n|\n|-weather|SunnyDay|[upkeep]\n|upkeep\n|turn|14\n|\n|t:|1781449162\n|move|p1a: Scovillain|Energy Ball|p2a: Lanturn\n|-resisted|p2a: Lanturn\n|-damage|p2a: Lanturn|0 fnt\n|faint|p2a: Lanturn\n|\n|-weather|SunnyDay|[upkeep]\n|upkeep\n|\n|t:|1781449171\n|switch|p2a: Eelektross|Eelektross, L87, M|235/235\n|-damage|p2a: Eelektross|206/235|[from] Stealth Rock\n|turn|15\n|\n|t:|1781449177\n|move|p2a: Eelektross|Sludge Bomb|p1a: Scovillain\n|-supereffective|p1a: Scovillain\n|-damage|p1a: Scovillain|0 fnt\n|faint|p1a: Scovillain\n|\n|-weather|SunnyDay|[upkeep]\n|upkeep\n|\n|t:|1781449186\n|switch|p1a: Ursaluna|Ursaluna-Bloodmoon, L79, M|308/308\n|turn|16\n|\n|t:|1781449195\n|switch|p2a: Meowstic|Meowstic, L89, M|277/277\n|-damage|p2a: Meowstic|243/277|[from] Stealth Rock\n|move|p1a: Ursaluna|Calm Mind|p1a: Ursaluna\n|-boost|p1a: Ursaluna|spa|1\n|-boost|p1a: Ursaluna|spd|1\n|\n|-weather|none\n|upkeep\n|turn|17\n|\n|t:|1781449204\n|move|p2a: Meowstic|Alluring Voice|p1a: Ursaluna\n|-damage|p1a: Ursaluna|254/308\n|move|p1a: Ursaluna|Earth Power|p2a: Meowstic\n|-damage|p2a: Meowstic|89/277\n|\n|-heal|p1a: Ursaluna|273/308|[from] item: Leftovers\n|upkeep\n|turn|18\n|\n|t:|1781449214\n|move|p2a: Meowstic|Light Screen|p2a: Meowstic\n|-sidestart|p2: HunterRoXa|move: Light Screen\n|move|p1a: Ursaluna|Earth Power|p2a: Meowstic\n|-damage|p2a: Meowstic|2/277\n|\n|-heal|p1a: Ursaluna|292/308|[from] item: Leftovers\n|upkeep\n|turn|19\n|\n|t:|1781449221\n|move|p2a: Meowstic|Psychic Noise|p1a: Ursaluna\n|-damage|p1a: Ursaluna|228/308\n|-start|p1a: Ursaluna|move: Heal Block\n|move|p1a: Ursaluna|Calm Mind|p1a: Ursaluna\n|-boost|p1a: Ursaluna|spa|1\n|-boost|p1a: Ursaluna|spd|1\n|\n|upkeep\n|turn|20\n|\n|t:|1781449242\n|move|p2a: Meowstic|Psychic Noise|p1a: Ursaluna\n|-damage|p1a: Ursaluna|179/308\n|move|p1a: Ursaluna|Earth Power|p2a: Meowstic\n|-damage|p2a: Meowstic|0 fnt\n|faint|p2a: Meowstic\n|\n|-end|p1a: Ursaluna|move: Heal Block\n|upkeep\n|\n|t:|1781449252\n|switch|p2a: Eelektross|Eelektross, L87, M|290/290\n|-damage|p2a: Eelektross|254/290|[from] Stealth Rock\n|turn|21\n|\n|t:|1781449257\n|move|p1a: Ursaluna|Moonlight|p1a: Ursaluna\n|-heal|p1a: Ursaluna|308/308\n|move|p2a: Eelektross|Dragon Tail|p1a: Ursaluna\n|-damage|p1a: Ursaluna|266/308\n|drag|p1a: Dewgong|Dewgong, L94, F|322/322\n|\n|upkeep\n|turn|22\n|\n|t:|1781449269\n|move|p1a: Dewgong|Surf|p2a: Eelektross\n|-damage|p2a: Eelektross|223/290\n|move|p2a: Eelektross|Discharge|p1a: Dewgong\n|-supereffective|p1a: Dewgong\n|-damage|p1a: Dewgong|164/322\n|\n|upkeep\n|turn|23\n|\n|t:|1781449278\n|move|p1a: Dewgong|Knock Off|p2a: Eelektross\n|-damage|p2a: Eelektross|150/290\n|-enditem|p2a: Eelektross|Assault Vest|[from] move: Knock Off|[of] p1a: Dewgong\n|move|p2a: Eelektross|Discharge|p1a: Dewgong\n|-supereffective|p1a: Dewgong\n|-damage|p1a: Dewgong|0 fnt\n|faint|p1a: Dewgong\n|\n|upkeep\n|\n|t:|1781449284\n|switch|p1a: Ursaluna|Ursaluna-Bloodmoon, L79, M|266/308\n|turn|24\n|\n|t:|1781449294\n|move|p2a: Eelektross|Knock Off|p1a: Ursaluna\n|-damage|p1a: Ursaluna|197/308\n|-enditem|p1a: Ursaluna|Leftovers|[from] move: Knock Off|[of] p2a: Eelektross\n|move|p1a: Ursaluna|Calm Mind|p1a: Ursaluna\n|-boost|p1a: Ursaluna|spa|1\n|-boost|p1a: Ursaluna|spd|1\n|\n|upkeep\n|turn|25\n|inactive|EinOrepo has 120 seconds left.\n|\n|t:|1781449336\n|move|p2a: Eelektross|U-turn|p1a: Ursaluna\n|-damage|p1a: Ursaluna|144/308\n|\n|t:|1781449339\n|switch|p2a: Eelektross|Eelektross, L87, M|206/235|[from] U-turn\n|-damage|p2a: Eelektross|177/235|[from] Stealth Rock\n|move|p1a: Ursaluna|Calm Mind|p1a: Ursaluna\n|-boost|p1a: Ursaluna|spa|1\n|-boost|p1a: Ursaluna|spd|1\n|\n|-sideend|p2: HunterRoXa|move: Light Screen\n|upkeep\n|turn|26\n|inactive|EinOrepo has 120 seconds left.\n|\n|t:|1781449344\n|move|p2a: Eelektross|Trick|p1a: Ursaluna\n|-activate|p2a: Eelektross|move: Trick|[of] p1a: Ursaluna\n|-item|p1a: Ursaluna|Choice Specs|[from] move: Trick\n|-enditem|p2a: Eelektross|Choice Specs|[silent]|[from] move: Trick\n|move|p1a: Ursaluna|Moonlight|p1a: Ursaluna\n|-heal|p1a: Ursaluna|298/308\n|\n|upkeep\n|turn|27\n|inactive|EinOrepo has 120 seconds left.\n|-message|EinOrepo forfeited.\n|\n|win|HunterRoXa\n|raw|EinOrepo's rating: 1313 &rarr; <strong>1295</strong><br />(-18 for losing)\n|raw|HunterRoXa's rating: 1342 &rarr; <strong>1360</strong><br />(+18 for winning)\n|l|\u2606EinOrepo\n|player|p1|\n", "inputlog": ">version a8376a258c1d4662feba110a92103f3664a72141\n>start {\"formatid\":\"gen9randombattle\",\"seed\":\"sodium,5f5125dc5ad13547dbc4ef9f57542721\",\"rated\":\"Rated battle\"}\n>player p1 {\"name\":\"EinOrepo\",\"avatar\":\"proton\",\"rating\":1313,\"seed\":\"sodium,86ccfc91881373d73f16952ed79ea1dd\"}\n>player p2 {\"name\":\"HunterRoXa\",\"avatar\":\"170\",\"rating\":1342,\"seed\":\"sodium,0b4f42ab11c4ce173b19243be7840a09\"}\n>p1 move nastyplot\n>p2 move darkpulse\n>p1 switch 5\n>p1 move bloodmoon\n>p2 switch 3\n>p1 switch 2\n>p2 move bulkup\n>p1 move hydropump\n>p2 move drainpunch\n>p1 move hydropump\n>p2 switch 4\n>p1 move substitute\n>p2 move knockoff\n>p1 move secretsword\n>p2 move knockoff\n>p2 switch 3\n>p1 move secretsword\n>p2 move sludgebomb\n>p1 switch 6\n>p1 move stealthrock\n>p2 switch 4\n>p1 move ironhead\n>p2 move drainpunch\n>p2 switch 5\n>p1 move closecombat\n>p2 move scald\n>p1 switch 3\n>p1 move sunnyday\n>p2 move thunderwave terastallize\n>p1 move fireblast\n>p2 move scald\n>p1 move energyball\n>p2 move scald\n>p2 switch 4\n>p1 move fireblast\n>p2 move sludgebomb\n>p1 switch 2\n>p1 move calmmind\n>p2 switch 2\n>p1 move earthpower\n>p2 move alluringvoice\n>p1 move earthpower\n>p2 move lightscreen\n>p1 move calmmind\n>p2 move psychicnoise\n>p1 move earthpower\n>p2 move psychicnoise\n>p2 switch 6\n>p1 move moonlight\n>p2 move dragontail\n>p1 move surf\n>p2 move discharge\n>p1 move knockoff\n>p2 move discharge\n>p1 switch 4\n>p1 move calmmind\n>p2 move knockoff\n>p1 move calmmind\n>p2 move uturn\n>p2 switch 2\n>p1 move moonlight\n>p2 move trick\n>forcelose p1", "uploadtime": 1781449369, "views": 4, "formatid": "gen9randombattle", "rating": 1295, "private": 0, "password": null}