{"id": "gen9randombattle-2631397070", "format": "[Gen 9] Random Battle", "players": ["darkiway", "BlondeSasukeUchiha"], "log": "|j|\u2606darkiway\n|j|\u2606BlondeSasukeUchiha\n|t:|1781379748\n|gametype|singles\n|player|p1|darkiway|lady|1926\n|player|p2|BlondeSasukeUchiha|flannery|1909\n|gen|9\n|tier|[Gen 9] Random Battle\n|rated|\n|rule|Species Clause: Limit one of each Pok\u00e9mon\n|rule|HP Percentage Mod: HP is shown in percentages\n|rule|Sleep Clause Mod: Limit one foe put to sleep\n|rule|Illusion Level Mod: Illusion disguises the Pok\u00e9mon's true level\n|\n|t:|1781379748\n|teamsize|p1|6\n|teamsize|p2|6\n|start\n|switch|p1a: Tornadus|Tornadus-Therian, L79, M|254/254\n|switch|p2a: Weezing|Weezing, L88, F|258/258\n|turn|1\n|inactive|Battle timer is ON: inactive players will automatically lose when time's up. (requested by BlondeSasukeUchiha)\n|\n|t:|1781379763\n|move|p1a: Tornadus|Bleakwind Storm|p2a: Weezing\n|-damage|p2a: Weezing|143/258\n|move|p2a: Weezing|Sludge Bomb|p1a: Tornadus\n|-damage|p1a: Tornadus|187/254\n|\n|-heal|p2a: Weezing|159/258|[from] item: Leftovers\n|upkeep\n|turn|2\n|\n|t:|1781379770\n|move|p1a: Tornadus|Knock Off|p2a: Weezing\n|-damage|p2a: Weezing|112/258\n|-enditem|p2a: Weezing|Leftovers|[from] move: Knock Off|[of] p1a: Tornadus\n|move|p2a: Weezing|Pain Split|p1a: Tornadus\n|-sethp|p1a: Tornadus|149/254|[from] move: Pain Split|[silent]\n|-sethp|p2a: Weezing|149/258|[from] move: Pain Split\n|\n|upkeep\n|turn|3\n|\n|t:|1781379784\n|switch|p2a: Toucannon|Toucannon, L88, M|284/284\n|move|p1a: Tornadus|U-turn|p2a: Toucannon\n|-resisted|p2a: Toucannon\n|-damage|p2a: Toucannon|259/284\n|\n|t:|1781379789\n|switch|p1a: Chien-Pao|Chien-Pao, L72|234/234|[from] U-turn\n|-ability|p1a: Chien-Pao|Sword of Ruin\n|\n|upkeep\n|turn|4\n|\n|t:|1781379796\n|switch|p2a: Poliwrath|Poliwrath, L88, M|302/302\n|move|p1a: Chien-Pao|Icicle Crash|p2a: Poliwrath\n|-resisted|p2a: Poliwrath\n|-damage|p2a: Poliwrath|258/302\n|\n|upkeep\n|turn|5\n|\n|t:|1781379802\n|switch|p1a: Virizion|Virizion, L82|283/283\n|move|p2a: Poliwrath|Knock Off|p1a: Virizion\n|-resisted|p1a: Virizion\n|-damage|p1a: Virizion|230/283\n|-ability|p1a: Virizion|Justified|boost\n|-boost|p1a: Virizion|atk|1\n|-enditem|p1a: Virizion|Life Orb|[from] move: Knock Off|[of] p2a: Poliwrath\n|-damage|p2a: Poliwrath|228/302|[from] item: Life Orb\n|\n|upkeep\n|turn|6\n|\n|t:|1781379807\n|switch|p2a: Weezing|Weezing, L88, F|149/258\n|move|p1a: Virizion|Swords Dance|p1a: Virizion\n|-boost|p1a: Virizion|atk|2\n|\n|upkeep\n|turn|7\n|\n|t:|1781379815\n|move|p1a: Virizion|Stone Edge|p2a: Weezing\n|-damage|p2a: Weezing|34/258\n|move|p2a: Weezing|Will-O-Wisp|p1a: Virizion\n|-status|p1a: Virizion|brn\n|\n|-damage|p1a: Virizion|213/283 brn|[from] brn\n|upkeep\n|turn|8\n|\n|t:|1781379825\n|move|p1a: Virizion|Leaf Blade|p2a: Weezing\n|-resisted|p2a: Weezing\n|-damage|p2a: Weezing|0 fnt\n|faint|p2a: Weezing\n|\n|-damage|p1a: Virizion|196/283 brn|[from] brn\n|upkeep\n|\n|t:|1781379849\n|switch|p2a: Mienshao|Mienshao, L83, F|244/244\n|turn|9\n|\n|t:|1781379854\n|move|p1a: Virizion|Close Combat|p2a: Mienshao\n|-damage|p2a: Mienshao|71/244\n|-unboost|p1a: Virizion|def|1\n|-unboost|p1a: Virizion|spd|1\n|move|p2a: Mienshao|Close Combat|p1a: Virizion\n|-damage|p1a: Virizion|0 fnt\n|-unboost|p2a: Mienshao|def|1\n|-unboost|p2a: Mienshao|spd|1\n|faint|p1a: Virizion\n|-damage|p2a: Mienshao|47/244|[from] item: Life Orb\n|\n|upkeep\n|\n|t:|1781379862\n|switch|p1a: Sneasler|Sneasler, L74, M|240/240\n|turn|10\n|\n|t:|1781379874\n|move|p2a: Mienshao|Close Combat|p1a: Sneasler\n|-resisted|p1a: Sneasler\n|-damage|p1a: Sneasler|91/240\n|-unboost|p2a: Mienshao|def|1\n|-unboost|p2a: Mienshao|spd|1\n|-damage|p2a: Mienshao|23/244|[from] item: Life Orb\n|move|p1a: Sneasler|U-turn|p2a: Mienshao\n|-resisted|p2a: Mienshao\n|-damage|p2a: Mienshao|0 fnt\n|faint|p2a: Mienshao\n|\n|t:|1781379894\n|switch|p1a: Tornadus|Tornadus-Therian, L79, M|233/254|[from] U-turn\n|\n|upkeep\n|\n|t:|1781379899\n|switch|p2a: Toucannon|Toucannon, L88, M|259/284\n|turn|11\n|\n|t:|1781379904\n|-singleturn|p2a: Toucannon|move: Beak Blast\n|move|p1a: Tornadus|Bleakwind Storm|p2a: Toucannon\n|-damage|p2a: Toucannon|148/284\n|move|p2a: Toucannon|Beak Blast|p1a: Tornadus\n|-damage|p1a: Tornadus|73/254\n|\n|upkeep\n|turn|12\n|\n|t:|1781379929\n|move|p1a: Tornadus|Bleakwind Storm|p2a: Toucannon\n|-damage|p2a: Toucannon|30/284\n|-unboost|p2a: Toucannon|spe|1\n|move|p2a: Toucannon|Boomburst|p1a: Tornadus\n|-crit|p1a: Tornadus\n|-damage|p1a: Tornadus|0 fnt\n|faint|p1a: Tornadus\n|\n|upkeep\n|\n|t:|1781379935\n|switch|p1a: Sylveon|Sylveon, L85, M|300/300\n|turn|13\n|\n|t:|1781379942\n|-singleturn|p2a: Toucannon|move: Beak Blast\n|move|p1a: Sylveon|Hyper Voice|p2a: Toucannon\n|-damage|p2a: Toucannon|0 fnt\n|faint|p2a: Toucannon\n|\n|upkeep\n|\n|t:|1781379947\n|switch|p2a: Mightyena|Mightyena, L96, M|290/290\n|-ability|p2a: Mightyena|Intimidate|boost\n|-unboost|p1a: Sylveon|atk|1\n|turn|14\n|\n|t:|1781379955\n|-terastallize|p2a: Mightyena|Poison\n|move|p1a: Sylveon|Protect|p1a: Sylveon\n|-singleturn|p1a: Sylveon|Protect\n|move|p2a: Mightyena|Poison Fang|p1a: Sylveon\n|-activate|p1a: Sylveon|move: Protect\n|\n|upkeep\n|turn|15\n|\n|t:|1781379962\n|switch|p1a: Sneasler|Sneasler, L74, M|91/240\n|move|p2a: Mightyena|Poison Fang|p1a: Sneasler\n|-resisted|p1a: Sneasler\n|-damage|p1a: Sneasler|33/240\n|\n|upkeep\n|turn|16\n|\n|t:|1781379970\n|move|p1a: Sneasler|Close Combat|p2a: Mightyena\n|-resisted|p2a: Mightyena\n|-crit|p2a: Mightyena\n|-damage|p2a: Mightyena|140/290\n|-unboost|p1a: Sneasler|def|1\n|-unboost|p1a: Sneasler|spd|1\n|move|p2a: Mightyena|Throat Chop|p1a: Sneasler\n|-resisted|p1a: Sneasler\n|-damage|p1a: Sneasler|0 fnt\n|faint|p1a: Sneasler\n|\n|upkeep\n|\n|t:|1781379978\n|switch|p1a: Chien-Pao|Chien-Pao, L72|234/234\n|-ability|p1a: Chien-Pao|Sword of Ruin\n|turn|17\n|\n|t:|1781379987\n|switch|p2a: Poliwrath|Poliwrath, L88, M|228/302\n|move|p1a: Chien-Pao|Icicle Crash|p2a: Poliwrath\n|-resisted|p2a: Poliwrath\n|-damage|p2a: Poliwrath|182/302\n|\n|upkeep\n|turn|18\n|\n|t:|1781379994\n|switch|p1a: Brambleghast|Brambleghast, L88, M|240/240\n|switch|p2a: Mightyena|Mightyena, L96, M, tera:Poison|140/290\n|-ability|p2a: Mightyena|Intimidate|boost\n|-unboost|p1a: Brambleghast|atk|1\n|\n|upkeep\n|turn|19\n|\n|t:|1781380013\n|switch|p1a: Chien-Pao|Chien-Pao, L72|234/234\n|-ability|p1a: Chien-Pao|Sword of Ruin\n|move|p2a: Mightyena|Throat Chop|p1a: Chien-Pao\n|-resisted|p1a: Chien-Pao\n|-damage|p1a: Chien-Pao|169/234\n|-start|p1a: Chien-Pao|Throat Chop|[silent]\n|\n|upkeep\n|turn|20\n|\n|t:|1781380033\n|switch|p1a: Brambleghast|Brambleghast, L88, M|240/240\n|move|p2a: Mightyena|Poison Fang|p1a: Brambleghast\n|-crit|p1a: Brambleghast\n|-damage|p1a: Brambleghast|119/240\n|\n|-heal|p1a: Brambleghast|134/240|[from] item: Leftovers\n|upkeep\n|turn|21\n|inactive|BlondeSasukeUchiha has 120 seconds left.\n|\n|t:|1781380064\n|switch|p2a: Poliwrath|Poliwrath, L88, M|182/302\n|move|p1a: Brambleghast|Poltergeist|p2a: Poliwrath\n|-activate|p2a: Poliwrath|move: Poltergeist|Life Orb\n|-damage|p2a: Poliwrath|38/302\n|\n|-heal|p1a: Brambleghast|149/240|[from] item: Leftovers\n|upkeep\n|turn|22\n|\n|t:|1781380072\n|move|p1a: Brambleghast|Poltergeist|p2a: Poliwrath\n|-activate|p2a: Poliwrath|move: Poltergeist|Life Orb\n|-damage|p2a: Poliwrath|0 fnt\n|faint|p2a: Poliwrath\n|\n|-heal|p1a: Brambleghast|164/240|[from] item: Leftovers\n|upkeep\n|\n|t:|1781380074\n|switch|p2a: Vikavolt|Vikavolt, L83, M|263/263\n|turn|23\n|\n|t:|1781380081\n|move|p1a: Brambleghast|Leech Seed|p2a: Vikavolt\n|-start|p2a: Vikavolt|move: Leech Seed\n|move|p2a: Vikavolt|Sticky Web|p1a: Brambleghast\n|-sidestart|p1: darkiway|move: Sticky Web\n|\n|-heal|p1a: Brambleghast|179/240|[from] item: Leftovers\n|-damage|p2a: Vikavolt|231/263|[from] Leech Seed|[of] p1a: Brambleghast\n|-heal|p1a: Brambleghast|211/240|[silent]\n|upkeep\n|turn|24\n|\n|t:|1781380088\n|move|p1a: Brambleghast|Poltergeist|p2a: Vikavolt\n|-activate|p2a: Vikavolt|move: Poltergeist|Heavy-Duty Boots\n|-damage|p2a: Vikavolt|75/263\n|move|p2a: Vikavolt|Bug Buzz|p1a: Brambleghast\n|-damage|p1a: Brambleghast|57/240\n|\n|-heal|p1a: Brambleghast|72/240|[from] item: Leftovers\n|-damage|p2a: Vikavolt|43/263|[from] Leech Seed|[of] p1a: Brambleghast\n|-heal|p1a: Brambleghast|104/240|[silent]\n|upkeep\n|turn|25\n|\n|t:|1781380098\n|move|p1a: Brambleghast|Poltergeist|p2a: Vikavolt\n|-activate|p2a: Vikavolt|move: Poltergeist|Heavy-Duty Boots\n|-damage|p2a: Vikavolt|0 fnt\n|faint|p2a: Vikavolt\n|\n|-heal|p1a: Brambleghast|119/240|[from] item: Leftovers\n|upkeep\n|\n|t:|1781380100\n|switch|p2a: Mightyena|Mightyena, L96, M, tera:Poison|140/290\n|-ability|p2a: Mightyena|Intimidate|boost\n|-unboost|p1a: Brambleghast|atk|1\n|turn|26\n|\n|t:|1781380106\n|move|p1a: Brambleghast|Poltergeist|p2a: Mightyena\n|-activate|p2a: Mightyena|move: Poltergeist|Assault Vest\n|-damage|p2a: Mightyena|34/290\n|move|p2a: Mightyena|Throat Chop|p1a: Brambleghast\n|-supereffective|p1a: Brambleghast\n|-damage|p1a: Brambleghast|0 fnt\n|faint|p1a: Brambleghast\n|\n|upkeep\n|\n|t:|1781380110\n|switch|p1a: Chien-Pao|Chien-Pao, L72|169/234\n|-ability|p1a: Chien-Pao|Sword of Ruin\n|turn|27\n|-message|BlondeSasukeUchiha forfeited.\n|\n|win|darkiway\n", "inputlog": ">version a8376a258c1d4662feba110a92103f3664a72141\n>start {\"formatid\":\"gen9randombattle\",\"seed\":\"sodium,9aa71498baebfa0ae18d059da89f1536\",\"rated\":\"Rated battle\"}\n>player p1 {\"name\":\"darkiway\",\"avatar\":\"lady\",\"rating\":1926,\"seed\":\"sodium,30161f9821ee728331ad88fb1514fb44\"}\n>player p2 {\"name\":\"BlondeSasukeUchiha\",\"avatar\":\"flannery\",\"rating\":1909,\"seed\":\"sodium,2fb3776b8b95b2374f38f5d8c92a7011\"}\n>p1 move bleakwindstorm\n>p2 move sludgebomb\n>p1 move knockoff\n>p2 move painsplit\n>p1 move uturn\n>p2 switch 2\n>p1 switch 4\n>p1 move iciclecrash\n>p2 switch 5\n>p1 switch 3\n>p2 move knockoff\n>p1 move swordsdance\n>p2 switch 2\n>p1 move stoneedge\n>p2 move willowisp\n>p1 move leafblade\n>p2 move sludgebomb\n>p2 switch 4\n>p1 move closecombat\n>p2 move closecombat\n>p1 switch 5\n>p1 move uturn\n>p2 move closecombat\n>p1 switch 4\n>p2 switch 5\n>p1 move bleakwindstorm\n>p2 move beakblast\n>p1 move bleakwindstorm\n>p2 move boomburst\n>p1 switch 2\n>p1 move hypervoice\n>p2 move beakblast\n>p2 switch 3\n>p1 move protect\n>p2 move poisonfang terastallize\n>p1 switch 4\n>p2 move poisonfang\n>p1 move closecombat\n>p2 move throatchop\n>p1 switch 3\n>p1 move iciclecrash\n>p2 switch 2\n>p1 switch 6\n>p2 switch 2\n>p1 switch 6\n>p2 move throatchop\n>p1 switch 6\n>p2 move poisonfang\n>p1 move poltergeist\n>p2 switch 2\n>p1 move poltergeist\n>p2 move knockoff\n>p2 switch 6\n>p1 move leechseed\n>p2 move stickyweb\n>p1 move poltergeist\n>p2 move bugbuzz\n>p1 move poltergeist\n>p2 move bugbuzz\n>p2 switch 2\n>p1 move poltergeist\n>p2 move throatchop\n>p1 switch 6\n>forcelose p2", "uploadtime": 1781379749, "views": 7, "formatid": "gen9randombattle", "rating": null, "private": 0, "password": null}