{"id": "gen9randombattle-2631591042", "format": "[Gen 9] Random Battle", "players": ["angsi", "grass1234567"], "log": "|j|\u2606angsi\n|j|\u2606grass1234567\n|t:|1781405601\n|gametype|singles\n|player|p1|angsi|1|1914\n|player|p2|grass1234567|pokemaniac|1968\n|gen|9\n|tier|[Gen 9] Random Battle\n|rated|\n|rule|Species Clause: Limit one of each Pok\u00e9mon\n|rule|HP Percentage Mod: HP is shown in percentages\n|rule|Sleep Clause Mod: Limit one foe put to sleep\n|rule|Illusion Level Mod: Illusion disguises the Pok\u00e9mon's true level\n|\n|t:|1781405601\n|teamsize|p1|6\n|teamsize|p2|6\n|start\n|switch|p1a: Iron Thorns|Iron Thorns, L83|302/302\n|switch|p2a: Delibird|Delibird, F|252/252\n|-item|p1a: Iron Thorns|Air Balloon\n|turn|1\n|inactive|Battle timer is ON: inactive players will automatically lose when time's up. (requested by angsi)\n|\n|t:|1781405633\n|-end|p1a: Iron Thorns|Quark Drive|[silent]\n|switch|p1a: Persian|Persian-Alola, L86, M|252/252\n|-terastallize|p2a: Delibird|Ground\n|move|p2a: Delibird|Ice Spinner|p1a: Persian|[miss]\n|-miss|p2a: Delibird|p1a: Persian\n|\n|upkeep\n|turn|2\n|\n|t:|1781405654\n|switch|p2a: Slowking|Slowking-Galar, L85, M|300/300\n|move|p1a: Persian|Nasty Plot|p1a: Persian\n|-boost|p1a: Persian|spa|2\n|\n|upkeep\n|turn|3\n|\n|t:|1781405662\n|move|p1a: Persian|Dark Pulse|p2a: Slowking\n|-supereffective|p2a: Slowking\n|-damage|p2a: Slowking|102/300\n|-damage|p1a: Persian|227/252|[from] item: Life Orb\n|move|p2a: Slowking|Sludge Bomb|p1a: Persian\n|-damage|p1a: Persian|92/252\n|\n|upkeep\n|turn|4\n|\n|t:|1781405675\n|switch|p2a: Zamazenta|Zamazenta-Crowned, L68|238/238\n|-ability|p2a: Zamazenta|Dauntless Shield|boost\n|-boost|p2a: Zamazenta|def|1\n|move|p1a: Persian|Dark Pulse|p2a: Zamazenta\n|-resisted|p2a: Zamazenta\n|-damage|p2a: Zamazenta|160/238\n|-damage|p1a: Persian|67/252|[from] item: Life Orb\n|\n|upkeep\n|turn|5\n|\n|t:|1781405683\n|move|p1a: Persian|Burning Jealousy|p2a: Zamazenta\n|-supereffective|p2a: Zamazenta\n|-damage|p2a: Zamazenta|0 fnt\n|faint|p2a: Zamazenta\n|-damage|p1a: Persian|42/252|[from] item: Life Orb\n|\n|upkeep\n|inactive|grass1234567 has 120 seconds left.\n|\n|t:|1781405718\n|switch|p2a: Cetitan|Cetitan, L82, F|413/413\n|turn|6\n|\n|t:|1781405723\n|move|p2a: Cetitan|Ice Shard|p1a: Persian\n|-damage|p1a: Persian|6/252\n|-damage|p2a: Cetitan|372/413|[from] item: Life Orb\n|move|p1a: Persian|Dark Pulse|p2a: Cetitan\n|-damage|p2a: Cetitan|121/413\n|-damage|p1a: Persian|0 fnt|[from] item: Life Orb\n|faint|p1a: Persian\n|\n|upkeep\n|\n|t:|1781405732\n|switch|p1a: Scovillain|Scovillain, L91, F|266/266\n|turn|7\n|\n|t:|1781405736\n|switch|p2a: Grumpig|Grumpig, L92, F|297/297\n|move|p1a: Scovillain|Flamethrower|p2a: Grumpig\n|-damage|p2a: Grumpig|245/297\n|\n|-heal|p2a: Grumpig|263/297|[from] item: Leftovers\n|upkeep\n|turn|8\n|\n|t:|1781405748\n|switch|p1a: Rabsca|Rabsca, L91, F|284/284\n|move|p2a: Grumpig|Psychic|p1a: Rabsca\n|-resisted|p1a: Rabsca\n|-damage|p1a: Rabsca|241/284\n|-unboost|p1a: Rabsca|spd|1\n|\n|-heal|p2a: Grumpig|281/297|[from] item: Leftovers\n|upkeep\n|turn|9\n|\n|t:|1781405757\n|move|p2a: Grumpig|Shadow Ball|p1a: Rabsca\n|-supereffective|p1a: Rabsca\n|-damage|p1a: Rabsca|81/284\n|move|p1a: Rabsca|Trick Room|p1a: Rabsca\n|-fieldstart|move: Trick Room|[of] p1a: Rabsca\n|\n|-heal|p2a: Grumpig|297/297|[from] item: Leftovers\n|upkeep\n|turn|10\n|\n|t:|1781405772\n|switch|p2a: Torkoal|Torkoal, L88, M|266/266\n|-weather|SunnyDay|[from] ability: Drought|[of] p2a: Torkoal\n|move|p1a: Rabsca|Revival Blessing|p1a: Rabsca\n|\n|t:|1781405776\n|-heal|p1: Persian|126/252|[from] move: Revival Blessing\n|\n|-weather|SunnyDay|[upkeep]\n|upkeep\n|turn|11\n|\n|t:|1781405781\n|move|p2a: Torkoal|Lava Plume|p1a: Rabsca\n|-supereffective|p1a: Rabsca\n|-damage|p1a: Rabsca|0 fnt\n|faint|p1a: Rabsca\n|\n|-weather|SunnyDay|[upkeep]\n|upkeep\n|\n|t:|1781405786\n|switch|p1a: Iron Thorns|Iron Thorns, L83|302/302\n|-item|p1a: Iron Thorns|Air Balloon\n|turn|12\n|\n|t:|1781405800\n|move|p2a: Torkoal|Lava Plume|p1a: Iron Thorns\n|-resisted|p1a: Iron Thorns\n|-damage|p1a: Iron Thorns|230/302\n|-enditem|p1a: Iron Thorns|Air Balloon\n|move|p1a: Iron Thorns|Stone Edge|p2a: Torkoal\n|-supereffective|p2a: Torkoal\n|-damage|p2a: Torkoal|98/266\n|\n|-weather|SunnyDay|[upkeep]\n|upkeep\n|turn|13\n|\n|t:|1781405808\n|move|p2a: Torkoal|Stealth Rock|p1a: Iron Thorns\n|-sidestart|p1: angsi|move: Stealth Rock\n|move|p1a: Iron Thorns|Stealth Rock|p2a: Torkoal\n|-sidestart|p2: grass1234567|move: Stealth Rock\n|\n|-weather|SunnyDay|[upkeep]\n|-fieldend|move: Trick Room\n|upkeep\n|turn|14\n|\n|t:|1781405820\n|switch|p2a: Delibird|Delibird, F, tera:Ground|252/252\n|move|p1a: Iron Thorns|Stone Edge|p2a: Delibird\n|-resisted|p2a: Delibird\n|-damage|p2a: Delibird|165/252\n|\n|-weather|none\n|upkeep\n|turn|15\n|\n|t:|1781405829\n|move|p2a: Delibird|Spikes|p1a: Iron Thorns\n|-sidestart|p1: angsi|Spikes\n|move|p1a: Iron Thorns|Stone Edge|p2a: Delibird\n|-resisted|p2a: Delibird\n|-damage|p2a: Delibird|69/252\n|\n|upkeep\n|turn|16\n|\n|t:|1781405835\n|move|p2a: Delibird|Drill Run|p1a: Iron Thorns\n|-supereffective|p1a: Iron Thorns\n|-damage|p1a: Iron Thorns|0 fnt\n|faint|p1a: Iron Thorns\n|-end|p1a: Iron Thorns|Quark Drive|[silent]\n|\n|upkeep\n|\n|t:|1781405841\n|switch|p1a: Persian|Persian-Alola, L86, M|126/252\n|-damage|p1a: Persian|95/252|[from] Stealth Rock\n|-damage|p1a: Persian|64/252|[from] Spikes\n|turn|17\n|\n|t:|1781405863\n|switch|p2a: Torkoal|Torkoal, L88, M|98/266\n|-weather|SunnyDay|[from] ability: Drought|[of] p2a: Torkoal\n|move|p1a: Persian|Dark Pulse|p2a: Torkoal\n|-damage|p2a: Torkoal|0 fnt\n|faint|p2a: Torkoal\n|-damage|p1a: Persian|39/252|[from] item: Life Orb\n|\n|-weather|SunnyDay|[upkeep]\n|upkeep\n|inactive|grass1234567 has 120 seconds left.\n|\n|t:|1781405903\n|switch|p2a: Slowking|Slowking-Galar, L85, M|202/300\n|-damage|p2a: Slowking|165/300|[from] Stealth Rock\n|turn|18\n|\n|t:|1781405907\n|move|p1a: Persian|Dark Pulse|p2a: Slowking\n|-supereffective|p2a: Slowking\n|-damage|p2a: Slowking|61/300\n|-damage|p1a: Persian|14/252|[from] item: Life Orb\n|move|p2a: Slowking|Sludge Bomb|p1a: Persian\n|-damage|p1a: Persian|0 fnt\n|faint|p1a: Persian\n|\n|-weather|SunnyDay|[upkeep]\n|upkeep\n|\n|t:|1781405913\n|switch|p1a: Rampardos|Rampardos, L90, F|321/321\n|-damage|p1a: Rampardos|281/321|[from] Stealth Rock\n|-damage|p1a: Rampardos|241/321|[from] Spikes\n|turn|19\n|inactive|grass1234567 has 120 seconds left.\n|\n|t:|1781405925\n|move|p1a: Rampardos|Rock Slide|p2a: Slowking\n|-damage|p2a: Slowking|0 fnt\n|faint|p2a: Slowking\n|\n|-weather|SunnyDay|[upkeep]\n|upkeep\n|\n|t:|1781405932\n|switch|p2a: Grumpig|Grumpig, L92, F|297/297\n|-damage|p2a: Grumpig|260/297|[from] Stealth Rock\n|turn|20\n|\n|t:|1781405935\n|-terastallize|p1a: Rampardos|Psychic\n|move|p2a: Grumpig|Focus Blast|p1a: Rampardos|[miss]\n|-miss|p2a: Grumpig|p1a: Rampardos\n|move|p1a: Rampardos|Rock Slide|p2a: Grumpig\n|-damage|p2a: Grumpig|0 fnt\n|faint|p2a: Grumpig\n|\n|-weather|SunnyDay|[upkeep]\n|upkeep\n|inactive|grass1234567 has 120 seconds left.\n|-message|grass1234567 forfeited.\n|\n|win|angsi\n", "inputlog": ">version a8376a258c1d4662feba110a92103f3664a72141\n>start {\"formatid\":\"gen9randombattle\",\"seed\":\"sodium,a2ed962418a1765c0f4998f4f421d6de\",\"rated\":\"Rated battle\"}\n>player p1 {\"name\":\"angsi\",\"avatar\":\"1\",\"rating\":1914,\"seed\":\"sodium,b47f3e167a35301a0b99d33acd14d1b3\"}\n>player p2 {\"name\":\"grass1234567\",\"avatar\":\"pokemaniac\",\"rating\":1968,\"seed\":\"sodium,7a3b10ac8f0ca4a84d79d60a5c298c29\"}\n>p1 switch 4\n>p2 move icespinner terastallize\n>p1 move nastyplot\n>p2 switch 3\n>p1 move darkpulse\n>p2 move sludgebomb\n>p1 move darkpulse\n>p2 switch 5\n>p1 move burningjealousy\n>p2 move bodypress\n>p2 switch 4\n>p1 move darkpulse\n>p2 move iceshard\n>p1 switch 5\n>p1 move flamethrower\n>p2 switch 6\n>p1 switch 6\n>p2 move psychic\n>p1 move trickroom\n>p2 move shadowball\n>p1 move revivalblessing\n>p2 switch 2\n>p1 switch 5\n>p1 move psychic\n>p2 move lavaplume\n>p1 switch 4\n>p1 move stoneedge\n>p2 move lavaplume\n>p1 move stealthrock\n>p2 move stealthrock\n>p1 move stoneedge\n>p2 switch 3\n>p1 move stoneedge\n>p2 move spikes\n>p1 move stoneedge\n>p2 move drillrun\n>p1 switch 5\n>p1 move darkpulse\n>p2 switch 3\n>p2 switch 5\n>p1 move darkpulse\n>p2 move sludgebomb\n>p1 switch 2\n>p1 move rockslide\n>p2 move psychicnoise\n>p2 switch 2\n>p1 move rockslide terastallize\n>p2 move focusblast\n>forcelose p2", "uploadtime": 1781405603, "views": 4, "formatid": "gen9randombattle", "rating": null, "private": 0, "password": null}