{"id": "gen9randombattle-2631813070", "format": "[Gen 9] Random Battle", "players": ["Med_tex", "anateuh"], "log": "|j|\u2606Med_tex\n|j|\u2606anateuh\n|t:|1781443336\n|gametype|singles\n|player|p1|Med_tex|2|1923\n|player|p2|anateuh|170|1966\n|gen|9\n|tier|[Gen 9] Random Battle\n|rated|\n|rule|Species Clause: Limit one of each Pok\u00e9mon\n|rule|HP Percentage Mod: HP is shown in percentages\n|rule|Sleep Clause Mod: Limit one foe put to sleep\n|rule|Illusion Level Mod: Illusion disguises the Pok\u00e9mon's true level\n|\n|t:|1781443336\n|teamsize|p1|6\n|teamsize|p2|6\n|start\n|switch|p1a: Muk|Muk, L86, F|321/321\n|switch|p2a: Oricorio|Oricorio, L84, M|263/263\n|turn|1\n|inactive|Battle timer is ON: inactive players will automatically lose when time's up. (requested by Med_tex)\n|\n|t:|1781443355\n|switch|p2a: Archaludon|Archaludon, L78, F|268/268\n|move|p1a: Muk|Poison Jab|p2a: Archaludon\n|-immune|p2a: Archaludon\n|\n|upkeep\n|turn|2\n|\n|t:|1781443364\n|move|p2a: Archaludon|Thunder Wave|p1a: Muk|[miss]\n|-miss|p2a: Archaludon|p1a: Muk\n|move|p1a: Muk|Knock Off|p2a: Archaludon\n|-damage|p2a: Archaludon|211/268\n|-ability|p2a: Archaludon|Stamina|boost\n|-boost|p2a: Archaludon|def|1\n|-enditem|p2a: Archaludon|Leftovers|[from] move: Knock Off|[of] p1a: Muk\n|\n|upkeep\n|turn|3\n|\n|t:|1781443385\n|switch|p1a: Golduck|Golduck, L90, F|290/290\n|-ability|p1a: Golduck|Cloud Nine\n|move|p2a: Archaludon|Flash Cannon|p1a: Golduck\n|-resisted|p1a: Golduck\n|-damage|p1a: Golduck|245/290\n|\n|-heal|p1a: Golduck|263/290|[from] item: Leftovers\n|upkeep\n|turn|4\n|\n|t:|1781443389\n|move|p1a: Golduck|Encore|p2a: Archaludon\n|-start|p2a: Archaludon|Encore\n|move|p2a: Archaludon|Flash Cannon|p1a: Golduck\n|-resisted|p1a: Golduck\n|-damage|p1a: Golduck|215/290\n|\n|-heal|p1a: Golduck|233/290|[from] item: Leftovers\n|upkeep\n|turn|5\n|\n|t:|1781443394\n|switch|p2a: Keldeo|Keldeo-Resolute, L79|273/273\n|move|p1a: Golduck|Nasty Plot|p1a: Golduck\n|-boost|p1a: Golduck|spa|2\n|\n|-heal|p1a: Golduck|251/290|[from] item: Leftovers\n|upkeep\n|turn|6\n|\n|t:|1781443403\n|move|p2a: Keldeo|Secret Sword|p1a: Golduck\n|-damage|p1a: Golduck|103/290\n|move|p1a: Golduck|Nasty Plot|p1a: Golduck\n|-boost|p1a: Golduck|spa|2\n|\n|-heal|p1a: Golduck|121/290|[from] item: Leftovers\n|upkeep\n|turn|7\n|\n|t:|1781443417\n|move|p2a: Keldeo|Secret Sword|p1a: Golduck\n|-damage|p1a: Golduck|0 fnt\n|faint|p1a: Golduck\n|\n|upkeep\n|\n|t:|1781443418\n|switch|p1a: Muk|Muk, L86, F|321/321\n|turn|8\n|\n|t:|1781443421\n|switch|p2a: Archaludon|Archaludon, L78, F|211/268\n|move|p1a: Muk|Drain Punch|p2a: Archaludon\n|-supereffective|p2a: Archaludon\n|-damage|p2a: Archaludon|109/268\n|-ability|p2a: Archaludon|Stamina|boost\n|-boost|p2a: Archaludon|def|1\n|\n|upkeep\n|turn|9\n|\n|t:|1781443426\n|move|p2a: Archaludon|Thunder Wave|p1a: Muk\n|-status|p1a: Muk|par\n|cant|p1a: Muk|par\n|\n|upkeep\n|turn|10\n|\n|t:|1781443428\n|move|p2a: Archaludon|Flash Cannon|p1a: Muk\n|-damage|p1a: Muk|264/321 par\n|cant|p1a: Muk|par\n|\n|upkeep\n|turn|11\n|\n|t:|1781443431\n|move|p2a: Archaludon|Flash Cannon|p1a: Muk\n|-damage|p1a: Muk|207/321 par\n|move|p1a: Muk|Drain Punch|p2a: Archaludon\n|-supereffective|p2a: Archaludon\n|-damage|p2a: Archaludon|39/268\n|-heal|p1a: Muk|242/321 par|[from] drain|[of] p2a: Archaludon\n|-ability|p2a: Archaludon|Stamina|boost\n|-boost|p2a: Archaludon|def|1\n|\n|upkeep\n|turn|12\n|\n|t:|1781443434\n|move|p2a: Archaludon|Draco Meteor|p1a: Muk\n|-damage|p1a: Muk|155/321 par\n|-unboost|p2a: Archaludon|spa|2\n|move|p1a: Muk|Drain Punch|p2a: Archaludon\n|-supereffective|p2a: Archaludon\n|-damage|p2a: Archaludon|0 fnt\n|-heal|p1a: Muk|175/321 par|[from] drain|[of] p2a: Archaludon\n|faint|p2a: Archaludon\n|\n|upkeep\n|\n|t:|1781443437\n|switch|p2a: Latias|Latias, L79, F|256/256\n|turn|13\n|\n|t:|1781443444\n|move|p2a: Latias|Calm Mind|p2a: Latias\n|-boost|p2a: Latias|spa|1\n|-boost|p2a: Latias|spd|1\n|cant|p1a: Muk|par\n|\n|upkeep\n|turn|14\n|\n|t:|1781443447\n|move|p2a: Latias|Psyshock|p1a: Muk\n|-supereffective|p1a: Muk\n|-damage|p1a: Muk|0 fnt\n|faint|p1a: Muk\n|\n|upkeep\n|\n|t:|1781443452\n|switch|p1a: Sandslash|Sandslash-Alola, L88, M|275/275\n|turn|15\n|\n|t:|1781443460\n|switch|p2a: Oricorio|Oricorio, L84, M|263/263\n|move|p1a: Sandslash|Rapid Spin|p2a: Oricorio\n|-damage|p2a: Oricorio|218/263\n|-boost|p1a: Sandslash|spe|1\n|\n|upkeep\n|turn|16\n|\n|t:|1781443479\n|-terastallize|p1a: Sandslash|Ground\n|move|p1a: Sandslash|Swords Dance|p1a: Sandslash\n|-boost|p1a: Sandslash|atk|2\n|-activate|p2a: Oricorio|ability: Dancer\n|move|p2a: Oricorio|Swords Dance|p2a: Oricorio|[from] ability: Dancer\n|-boost|p2a: Oricorio|atk|2\n|move|p2a: Oricorio|Revelation Dance|p1a: Sandslash\n|-damage|p1a: Sandslash|167/275\n|\n|-heal|p1a: Sandslash|184/275|[from] item: Leftovers\n|upkeep\n|turn|17\n|\n|t:|1781443486\n|move|p1a: Sandslash|Triple Axel|p2a: Oricorio\n|-crit|p2a: Oricorio\n|-damage|p2a: Oricorio|130/263\n|-hitcount|p2a: Oricorio|1\n|move|p2a: Oricorio|Revelation Dance|p1a: Sandslash\n|-damage|p1a: Sandslash|67/275\n|\n|-heal|p1a: Sandslash|84/275|[from] item: Leftovers\n|upkeep\n|turn|18\n|\n|t:|1781443492\n|move|p1a: Sandslash|Triple Axel|p2a: Oricorio\n|-damage|p2a: Oricorio|69/263\n|-hitcount|p2a: Oricorio|1\n|move|p2a: Oricorio|Revelation Dance|p1a: Sandslash\n|-damage|p1a: Sandslash|0 fnt\n|faint|p1a: Sandslash\n|\n|upkeep\n|c|\u2606Med_tex|what the hell dude\n|c|\u2606anateuh|y sry\n|\n|t:|1781443512\n|switch|p1a: Diancie|Diancie, L82|216/216\n|turn|19\n|\n|t:|1781443521\n|switch|p2a: Greninja|Greninja, L80, M|246/246\n|move|p1a: Diancie|Diamond Storm|p2a: Greninja\n|-damage|p2a: Greninja|108/246\n|\n|upkeep\n|turn|20\n|\n|t:|1781443528\n|move|p2a: Greninja|Hydro Pump|p1a: Diancie\n|-start|p2a: Greninja|typechange|Water|[from] ability: Protean\n|-supereffective|p1a: Diancie\n|-damage|p1a: Diancie|11/216\n|-damage|p2a: Greninja|84/246|[from] item: Life Orb\n|move|p1a: Diancie|Draining Kiss|p2a: Greninja\n|-damage|p2a: Greninja|17/246\n|-heal|p1a: Diancie|61/216|[from] drain|[of] p2a: Greninja\n|\n|-heal|p1a: Diancie|74/216|[from] item: Leftovers\n|upkeep\n|turn|21\n|\n|t:|1781443537\n|move|p2a: Greninja|Hydro Pump|p1a: Diancie\n|-supereffective|p1a: Diancie\n|-damage|p1a: Diancie|0 fnt\n|faint|p1a: Diancie\n|-damage|p2a: Greninja|0 fnt|[from] item: Life Orb\n|faint|p2a: Greninja\n|\n|upkeep\n|\n|t:|1781443543\n|switch|p2a: Keldeo|Keldeo-Resolute, L79|273/273\n|switch|p1a: Azumarill|Azumarill, L82, M|298/298\n|turn|22\n|\n|t:|1781443551\n|move|p2a: Keldeo|Flip Turn|p1a: Azumarill\n|-resisted|p1a: Azumarill\n|-damage|p1a: Azumarill|274/298\n|\n|t:|1781443553\n|switch|p2a: Oricorio|Oricorio, L84, M|69/263|[from] Flip Turn\n|move|p1a: Azumarill|Belly Drum|p1a: Azumarill\n|-damage|p1a: Azumarill|125/298\n|-setboost|p1a: Azumarill|atk|6|[from] move: Belly Drum\n|-enditem|p1a: Azumarill|Sitrus Berry|[eat]\n|-heal|p1a: Azumarill|199/298|[from] item: Sitrus Berry\n|\n|upkeep\n|turn|23\n|\n|t:|1781443557\n|move|p1a: Azumarill|Aqua Jet|p2a: Oricorio\n|-supereffective|p2a: Oricorio\n|-damage|p2a: Oricorio|0 fnt\n|faint|p2a: Oricorio\n|\n|upkeep\n|\n|t:|1781443558\n|switch|p2a: Latias|Latias, L79, F|256/256\n|turn|24\n|\n|t:|1781443564\n|-terastallize|p2a: Latias|Steel\n|move|p2a: Latias|Psyshock|p1a: Azumarill\n|-damage|p1a: Azumarill|87/298\n|move|p1a: Azumarill|Play Rough|p2a: Latias\n|-resisted|p2a: Latias\n|-damage|p2a: Latias|24/256\n|\n|upkeep\n|turn|25\n|\n|t:|1781443569\n|move|p1a: Azumarill|Aqua Jet|p2a: Latias\n|-damage|p2a: Latias|0 fnt\n|faint|p2a: Latias\n|\n|upkeep\n|\n|t:|1781443572\n|switch|p2a: Keldeo|Keldeo-Resolute, L79|273/273\n|turn|26\n|\n|t:|1781443581\n|move|p1a: Azumarill|Aqua Jet|p2a: Keldeo\n|-resisted|p2a: Keldeo\n|-damage|p2a: Keldeo|160/273\n|move|p2a: Keldeo|Hydro Pump|p1a: Azumarill\n|-resisted|p1a: Azumarill\n|-damage|p1a: Azumarill|0 fnt\n|faint|p1a: Azumarill\n|\n|upkeep\n|\n|t:|1781443586\n|switch|p1a: Zapdos|Zapdos-Galar, L77|265/265\n|turn|27\n|\n|t:|1781443590\n|move|p2a: Keldeo|Hydro Pump|p1a: Zapdos\n|-crit|p1a: Zapdos\n|-damage|p1a: Zapdos|0 fnt\n|faint|p1a: Zapdos\n|\n|win|anateuh\n", "inputlog": ">version a8376a258c1d4662feba110a92103f3664a72141\n>start {\"formatid\":\"gen9randombattle\",\"seed\":\"sodium,424bbb52cd5d6ad28435cd0d0200c473\",\"rated\":\"Rated battle\"}\n>player p1 {\"name\":\"Med_tex\",\"avatar\":\"2\",\"rating\":1923,\"seed\":\"sodium,ab7f7056c8ac8dd0f7e2cdb1ea225de0\"}\n>player p2 {\"name\":\"anateuh\",\"avatar\":\"170\",\"rating\":1966,\"seed\":\"sodium,2ecd71fd92fcfef32d4cb8c7fd89d427\"}\n>p1 move poisonjab\n>p2 switch 3\n>p1 move knockoff\n>p2 move thunderwave\n>p1 switch 5\n>p2 move flashcannon\n>p1 move encore\n>p2 move thunderwave\n>p1 move nastyplot\n>p2 switch 5\n>p1 move nastyplot\n>p2 move secretsword\n>p1 move grassknot\n>p2 move secretsword\n>p1 switch 5\n>p1 move drainpunch\n>p2 switch 5\n>p1 move drainpunch\n>p2 move thunderwave\n>p1 move drainpunch\n>p2 move flashcannon\n>p1 move drainpunch\n>p2 move flashcannon\n>p1 move drainpunch\n>p2 move dracometeor\n>p2 switch 6\n>p1 move knockoff\n>p2 move calmmind\n>p1 move knockoff\n>p2 move psyshock\n>p1 switch 3\n>p1 move rapidspin\n>p2 switch 3\n>p1 move swordsdance terastallize\n>p2 move revelationdance\n>p1 move tripleaxel\n>p2 move revelationdance\n>p1 move tripleaxel\n>p2 move revelationdance\n>chat \u2606Med_tex|what the hell dude\n>chat \u2606anateuh|y sry\n>p1 switch 6\n>p1 move diamondstorm\n>p2 switch 4\n>p1 move drainingkiss\n>p2 move hydropump\n>p1 move drainingkiss\n>p2 move hydropump\n>p1 switch 2\n>p2 switch 5\n>p1 move bellydrum\n>p2 move flipturn\n>p2 switch 4\n>p1 move aquajet\n>p2 move hurricane\n>p2 switch 3\n>p1 move playrough\n>p2 move psyshock terastallize\n>p1 move aquajet\n>p2 move psyshock\n>p2 switch 4\n>p1 move aquajet\n>p2 move hydropump\n>p1 switch 4\n>p1 move closecombat\n>p2 move hydropump", "uploadtime": 1781443337, "views": 9, "formatid": "gen9randombattle", "rating": null, "private": 0, "password": null}