{"id": "gen9randombattle-2631884895", "format": "[Gen 9] Random Battle", "players": ["haibaraa", "Atelophobia"], "log": "|j|\u2606haibaraa\n|j|\u2606Atelophobia\n|t:|1781451915\n|gametype|singles\n|player|p1|haibaraa|unknownf|2005\n|player|p2|Atelophobia|1|1955\n|gen|9\n|tier|[Gen 9] Random Battle\n|rated|\n|rule|Species Clause: Limit one of each Pok\u00e9mon\n|rule|HP Percentage Mod: HP is shown in percentages\n|rule|Sleep Clause Mod: Limit one foe put to sleep\n|rule|Illusion Level Mod: Illusion disguises the Pok\u00e9mon's true level\n|\n|t:|1781451915\n|teamsize|p1|6\n|teamsize|p2|6\n|start\n|switch|p1a: Dragalge|Dragalge, L88, M|258/258\n|switch|p2a: Flamigo|Flamigo, L82, F|269/269\n|turn|1\n|\n|t:|1781451923\n|move|p2a: Flamigo|Brave Bird|p1a: Dragalge\n|-damage|p1a: Dragalge|63/258\n|-damage|p2a: Flamigo|205/269|[from] Recoil\n|move|p1a: Dragalge|Sludge Wave|p2a: Flamigo\n|-damage|p2a: Flamigo|0 fnt\n|faint|p2a: Flamigo\n|\n|upkeep\n|\n|t:|1781451936\n|switch|p2a: Toedscruel|Toedscruel, L87, F|281/281\n|turn|2\n|\n|t:|1781451949\n|switch|p1a: Scovillain|Scovillain, L91, M|266/266\n|move|p2a: Toedscruel|Earth Power|p1a: Scovillain\n|-damage|p1a: Scovillain|157/266\n|\n|-heal|p1a: Scovillain|173/266|[from] item: Leftovers\n|upkeep\n|turn|3\n|\n|t:|1781451968\n|switch|p2a: Eternatus|Eternatus, L69|308/308\n|-ability|p2a: Eternatus|Pressure\n|move|p1a: Scovillain|Flamethrower|p2a: Eternatus\n|-resisted|p2a: Eternatus\n|-damage|p2a: Eternatus|243/308\n|\n|-heal|p1a: Scovillain|189/266|[from] item: Leftovers\n|upkeep\n|turn|4\n|\n|t:|1781451975\n|move|p2a: Eternatus|Meteor Beam||[still]\n|-prepare|p2a: Eternatus|Meteor Beam\n|-boost|p2a: Eternatus|spa|1\n|-enditem|p2a: Eternatus|Power Herb\n|-anim|p2a: Eternatus|Meteor Beam|p1a: Scovillain\n|-supereffective|p1a: Scovillain\n|-damage|p1a: Scovillain|0 fnt\n|faint|p1a: Scovillain\n|\n|upkeep\n|\n|t:|1781451980\n|switch|p1a: Slowbro|Slowbro-Galar, L87, F|307/307\n|turn|5\n|\n|t:|1781451984\n|move|p2a: Eternatus|Dynamax Cannon|p1a: Slowbro\n|-damage|p1a: Slowbro|204/307\n|move|p1a: Slowbro|Psychic|p2a: Eternatus\n|-supereffective|p2a: Eternatus\n|-damage|p2a: Eternatus|0 fnt\n|faint|p2a: Eternatus\n|\n|upkeep\n|\n|t:|1781451991\n|switch|p2a: Toedscruel|Toedscruel, L87, F|281/281\n|turn|6\n|\n|t:|1781451994\n|move|p2a: Toedscruel|Earth Power|p1a: Slowbro\n|-supereffective|p1a: Slowbro\n|-damage|p1a: Slowbro|64/307\n|move|p1a: Slowbro|Shell Side Arm|p2a: Toedscruel|[anim] Shell Side Arm Physical\n|-damage|p2a: Toedscruel|161/281\n|-hint|Physical Shell Side Arm\n|-status|p2a: Toedscruel|psn\n|\n|-heal|p2a: Toedscruel|178/281 psn|[from] item: Leftovers\n|-damage|p2a: Toedscruel|143/281 psn|[from] psn\n|upkeep\n|turn|7\n|\n|t:|1781452000\n|switch|p1a: Masquerain|Masquerain, L87, F|264/264\n|-ability|p1a: Masquerain|Intimidate|boost\n|-unboost|p2a: Toedscruel|atk|1\n|move|p2a: Toedscruel|Earth Power|p1a: Masquerain\n|-immune|p1a: Masquerain\n|\n|-heal|p2a: Toedscruel|160/281 psn|[from] item: Leftovers\n|-damage|p2a: Toedscruel|125/281 psn|[from] psn\n|upkeep\n|turn|8\n|\n|t:|1781452005\n|switch|p1a: Slowbro|Slowbro-Galar, L87, F|166/307\n|move|p2a: Toedscruel|Toxic|p1a: Slowbro\n|-immune|p1a: Slowbro\n|\n|-heal|p2a: Toedscruel|142/281 psn|[from] item: Leftovers\n|-damage|p2a: Toedscruel|107/281 psn|[from] psn\n|upkeep\n|turn|9\n|\n|t:|1781452013\n|switch|p2a: Inteleon|Inteleon, L81, F|246/246\n|switch|p1a: Masquerain|Masquerain, L87, F|264/264\n|-ability|p1a: Masquerain|Intimidate|boost\n|-unboost|p2a: Inteleon|atk|1\n|\n|upkeep\n|turn|10\n|\n|t:|1781452026\n|move|p2a: Inteleon|Hydro Pump|p1a: Masquerain|[miss]\n|-miss|p2a: Inteleon|p1a: Masquerain\n|move|p1a: Masquerain|Quiver Dance|p1a: Masquerain\n|-boost|p1a: Masquerain|spa|1\n|-boost|p1a: Masquerain|spd|1\n|-boost|p1a: Masquerain|spe|1\n|\n|upkeep\n|turn|11\n|\n|t:|1781452031\n|move|p1a: Masquerain|Bug Buzz|p2a: Inteleon\n|-damage|p2a: Inteleon|53/246\n|move|p2a: Inteleon|Hydro Pump|p1a: Masquerain\n|-damage|p1a: Masquerain|66/264\n|\n|upkeep\n|turn|12\n|\n|t:|1781452039\n|switch|p2a: Toedscruel|Toedscruel, L87, F|107/281 psn\n|move|p1a: Masquerain|Bug Buzz|p2a: Toedscruel\n|-supereffective|p2a: Toedscruel\n|-damage|p2a: Toedscruel|0 fnt\n|faint|p2a: Toedscruel\n|\n|upkeep\n|\n|t:|1781452042\n|switch|p2a: Annihilape|Annihilape, L76, F|292/292\n|turn|13\n|\n|t:|1781452055\n|-terastallize|p2a: Annihilape|Water\n|move|p1a: Masquerain|Hurricane|p2a: Annihilape\n|-damage|p2a: Annihilape|81/292\n|move|p2a: Annihilape|Rage Fist|p1a: Masquerain\n|-damage|p1a: Masquerain|0 fnt\n|faint|p1a: Masquerain\n|\n|-heal|p2a: Annihilape|99/292|[from] item: Leftovers\n|upkeep\n|\n|t:|1781452062\n|switch|p1a: Porygon-Z|Porygon-Z, L83|277/277\n|turn|14\n|\n|t:|1781452070\n|move|p1a: Porygon-Z|Tera Blast|p2a: Annihilape\n|-damage|p2a: Annihilape|0 fnt\n|faint|p2a: Annihilape\n|-damage|p1a: Porygon-Z|250/277|[from] item: Life Orb\n|\n|upkeep\n|\n|t:|1781452074\n|switch|p2a: Inteleon|Inteleon, L81, F|53/246\n|turn|15\n|\n|t:|1781452080\n|move|p2a: Inteleon|Hydro Pump|p1a: Porygon-Z\n|-damage|p1a: Porygon-Z|0 fnt\n|faint|p1a: Porygon-Z\n|\n|upkeep\n|\n|t:|1781452083\n|switch|p1a: Slowbro|Slowbro-Galar, L87, F|268/307\n|turn|16\n|\n|t:|1781452091\n|move|p2a: Inteleon|Hydro Pump|p1a: Slowbro|[miss]\n|-miss|p2a: Inteleon|p1a: Slowbro\n|move|p1a: Slowbro|Shell Side Arm|p2a: Inteleon|[anim] Shell Side Arm Physical\n|-damage|p2a: Inteleon|0 fnt\n|-hint|Physical Shell Side Arm\n|faint|p2a: Inteleon\n|\n|upkeep\n|\n|t:|1781452098\n|switch|p2a: Mew|Mew, L82|298/298\n|turn|17\n|\n|t:|1781452109\n|move|p2a: Mew|Nasty Plot|p2a: Mew\n|-boost|p2a: Mew|spa|2\n|move|p1a: Slowbro|Shell Side Arm|p2a: Mew|[anim] Shell Side Arm Special\n|-damage|p2a: Mew|207/298\n|-hint|Special Shell Side Arm\n|\n|upkeep\n|turn|18\n|\n|t:|1781452111\n|move|p2a: Mew|Psychic|p1a: Slowbro\n|-damage|p1a: Slowbro|76/307\n|-damage|p2a: Mew|178/298|[from] item: Life Orb\n|move|p1a: Slowbro|Shell Side Arm|p2a: Mew|[anim] Shell Side Arm Physical\n|-damage|p2a: Mew|82/298\n|-hint|Physical Shell Side Arm\n|\n|upkeep\n|turn|19\n|\n|t:|1781452116\n|move|p2a: Mew|Psychic|p1a: Slowbro\n|-crit|p1a: Slowbro\n|-damage|p1a: Slowbro|0 fnt\n|faint|p1a: Slowbro\n|-damage|p2a: Mew|53/298|[from] item: Life Orb\n|\n|upkeep\n|\n|t:|1781452120\n|switch|p1a: Dragalge|Dragalge, L88, M|63/258\n|turn|20\n|\n|t:|1781452142\n|move|p2a: Mew|Psychic|p1a: Dragalge\n|-supereffective|p1a: Dragalge\n|-damage|p1a: Dragalge|0 fnt\n|faint|p1a: Dragalge\n|-damage|p2a: Mew|24/298|[from] item: Life Orb\n|\n|upkeep\n|\n|t:|1781452149\n|switch|p1a: Inteleon|Inteleon, L81, M|246/246\n|turn|21\n|\n|t:|1781452160\n|move|p1a: Inteleon|Scald|p2a: Mew\n|-damage|p2a: Mew|0 fnt\n|faint|p2a: Mew\n|\n|win|haibaraa\n", "inputlog": ">version a8376a258c1d4662feba110a92103f3664a72141\n>start {\"formatid\":\"gen9randombattle\",\"seed\":\"sodium,17a1e1ee7e6c57342cfcfe0acac2e295\",\"rated\":\"Rated battle\"}\n>player p1 {\"name\":\"haibaraa\",\"avatar\":\"unknownf\",\"rating\":2005,\"seed\":\"sodium,4f5d1a7a7003ed969a04619716d99226\"}\n>player p2 {\"name\":\"Atelophobia\",\"avatar\":\"1\",\"rating\":1955,\"seed\":\"sodium,3e904a41e862309da341316cb1d11970\"}\n>p1 move sludgewave\n>p2 move bravebird\n>p2 switch 2\n>p1 switch 2\n>p2 move earthpower\n>p1 move flamethrower\n>p2 switch 3\n>p1 move leechseed\n>p2 move meteorbeam\n>p1 switch 5\n>p1 move psychic\n>p2 move dynamaxcannon\n>p2 switch 3\n>p1 move shellsidearm\n>p2 move earthpower\n>p1 switch 3\n>p2 move earthpower\n>p1 switch 3\n>p2 move toxic\n>p1 switch 3\n>p2 switch 5\n>p1 move quiverdance\n>p2 move hydropump\n>p1 move bugbuzz\n>p2 move hydropump\n>p1 move bugbuzz\n>p2 switch 5\n>p2 switch 4\n>p1 move hurricane\n>p2 move ragefist terastallize\n>p1 switch 4\n>p1 move terablast\n>p2 move drainpunch\n>p2 switch 5\n>p1 move terablast\n>p2 move hydropump\n>p1 switch 3\n>p1 move shellsidearm\n>p2 move hydropump\n>p2 switch 6\n>p1 move shellsidearm\n>p2 move nastyplot\n>p1 move shellsidearm\n>p2 move psychic\n>p1 move shellsidearm\n>p2 move psychic\n>p1 switch 2\n>p1 move flipturn\n>p2 move psychic\n>p1 switch 6\n>p1 move scald\n>p2 move psychic", "uploadtime": 1781451917, "views": 4, "formatid": "gen9randombattle", "rating": null, "private": 0, "password": null}