{"id": "gen9randombattle-2631870140", "format": "[Gen 9] Random Battle", "players": ["dawn505", "kevinnopants"], "log": "|j|\u2606dawn505\n|j|\u2606kevinnopants\n|t:|1781450259\n|gametype|singles\n|player|p1|dawn505|dawn|1940\n|player|p2|kevinnopants|2|1985\n|gen|9\n|tier|[Gen 9] Random Battle\n|rated|\n|rule|Species Clause: Limit one of each Pok\u00e9mon\n|rule|HP Percentage Mod: HP is shown in percentages\n|rule|Sleep Clause Mod: Limit one foe put to sleep\n|rule|Illusion Level Mod: Illusion disguises the Pok\u00e9mon's true level\n|\n|t:|1781450259\n|teamsize|p1|6\n|teamsize|p2|6\n|start\n|switch|p1a: Klawf|Klawf, L90, F|272/272\n|switch|p2a: Primarina|Primarina, L83, M|268/268\n|turn|1\n|\n|t:|1781450271\n|switch|p1a: Chansey|Chansey, L85, F|564/564\n|move|p2a: Primarina|Draining Kiss|p1a: Chansey\n|-damage|p1a: Chansey|528/564\n|\n|upkeep\n|turn|2\n|\n|t:|1781450282\n|switch|p2a: Kleavor|Kleavor, L78, F|237/237\n|move|p1a: Chansey|Stealth Rock|p2a: Kleavor\n|-sidestart|p2: kevinnopants|move: Stealth Rock\n|\n|upkeep\n|turn|3\n|\n|t:|1781450288\n|move|p2a: Kleavor|Stone Axe|p1a: Chansey\n|-damage|p1a: Chansey|270/564\n|-sidestart|p1: dawn505|move: Stealth Rock\n|move|p1a: Chansey|Thunder Wave|p2a: Kleavor\n|-status|p2a: Kleavor|par\n|\n|upkeep\n|turn|4\n|\n|t:|1781450295\n|move|p1a: Chansey|Soft-Boiled|p1a: Chansey\n|-heal|p1a: Chansey|552/564\n|move|p2a: Kleavor|Close Combat|p1a: Chansey\n|-supereffective|p1a: Chansey\n|-damage|p1a: Chansey|136/564\n|-unboost|p2a: Kleavor|def|1\n|-unboost|p2a: Kleavor|spd|1\n|\n|upkeep\n|turn|5\n|\n|t:|1781450306\n|move|p1a: Chansey|Seismic Toss|p2a: Kleavor\n|-damage|p2a: Kleavor|152/237 par\n|move|p2a: Kleavor|X-Scissor|p1a: Chansey\n|-damage|p1a: Chansey|0 fnt\n|faint|p1a: Chansey\n|\n|upkeep\n|\n|t:|1781450324\n|switch|p1a: Magearna|Magearna, L77|250/250\n|-damage|p1a: Magearna|235/250|[from] Stealth Rock\n|turn|6\n|\n|t:|1781450334\n|switch|p2a: Oricorio|Oricorio, L84, M|263/263\n|move|p1a: Magearna|Shift Gear|p1a: Magearna\n|-boost|p1a: Magearna|spe|2\n|-boost|p1a: Magearna|atk|1\n|\n|-heal|p1a: Magearna|250/250|[from] item: Leftovers\n|upkeep\n|turn|7\n|\n|t:|1781450343\n|move|p1a: Magearna|Calm Mind|p1a: Magearna\n|-boost|p1a: Magearna|spa|1\n|-boost|p1a: Magearna|spd|1\n|move|p2a: Oricorio|Quiver Dance|p2a: Oricorio\n|-boost|p2a: Oricorio|spa|1\n|-boost|p2a: Oricorio|spd|1\n|-boost|p2a: Oricorio|spe|1\n|\n|upkeep\n|turn|8\n|\n|t:|1781450350\n|move|p2a: Oricorio|Quiver Dance|p2a: Oricorio\n|-boost|p2a: Oricorio|spa|1\n|-boost|p2a: Oricorio|spd|1\n|-boost|p2a: Oricorio|spe|1\n|move|p1a: Magearna|Calm Mind|p1a: Magearna\n|-boost|p1a: Magearna|spa|1\n|-boost|p1a: Magearna|spd|1\n|\n|upkeep\n|turn|9\n|\n|t:|1781450356\n|move|p2a: Oricorio|Revelation Dance|p1a: Magearna\n|-supereffective|p1a: Magearna\n|-damage|p1a: Magearna|88/250\n|move|p1a: Magearna|Calm Mind|p1a: Magearna\n|-boost|p1a: Magearna|spa|1\n|-boost|p1a: Magearna|spd|1\n|\n|-heal|p1a: Magearna|103/250|[from] item: Leftovers\n|upkeep\n|turn|10\n|\n|t:|1781450367\n|move|p2a: Oricorio|Quiver Dance|p2a: Oricorio\n|-boost|p2a: Oricorio|spa|1\n|-boost|p2a: Oricorio|spd|1\n|-boost|p2a: Oricorio|spe|1\n|move|p1a: Magearna|Fleur Cannon|p2a: Oricorio\n|-resisted|p2a: Oricorio\n|-damage|p2a: Oricorio|173/263\n|-unboost|p1a: Magearna|spa|2\n|\n|-heal|p1a: Magearna|118/250|[from] item: Leftovers\n|upkeep\n|turn|11\n|\n|t:|1781450389\n|move|p2a: Oricorio|Quiver Dance|p2a: Oricorio\n|-boost|p2a: Oricorio|spa|1\n|-boost|p2a: Oricorio|spd|1\n|-boost|p2a: Oricorio|spe|1\n|move|p1a: Magearna|Flash Cannon|p2a: Oricorio\n|-resisted|p2a: Oricorio\n|-damage|p2a: Oricorio|148/263\n|\n|-heal|p1a: Magearna|133/250|[from] item: Leftovers\n|upkeep\n|turn|12\n|\n|t:|1781450398\n|switch|p1a: Iron Hands|Iron Hands, L79|373/373\n|-damage|p1a: Iron Hands|350/373|[from] Stealth Rock\n|move|p2a: Oricorio|Roost|p2a: Oricorio\n|-heal|p2a: Oricorio|263/263\n|-singleturn|p2a: Oricorio|move: Roost\n|\n|upkeep\n|turn|13\n|\n|t:|1781450409\n|-terastallize|p2a: Oricorio|Ground\n|move|p2a: Oricorio|Revelation Dance|p1a: Iron Hands\n|-supereffective|p1a: Iron Hands\n|-crit|p1a: Iron Hands\n|-damage|p1a: Iron Hands|0 fnt\n|faint|p1a: Iron Hands\n|-end|p1a: Iron Hands|Quark Drive|[silent]\n|\n|upkeep\n|\n|t:|1781450427\n|switch|p1a: Drifblim|Drifblim, L86, M|398/398\n|turn|14\n|-message|dawn505 forfeited.\n|\n|win|kevinnopants\n", "inputlog": ">version a8376a258c1d4662feba110a92103f3664a72141\n>start {\"formatid\":\"gen9randombattle\",\"seed\":\"sodium,7d9906642127b54edb827ad85a7ee7f0\",\"rated\":\"Rated battle\"}\n>player p1 {\"name\":\"dawn505\",\"avatar\":\"dawn\",\"rating\":1940,\"seed\":\"sodium,abbbf38ab627a99197419fdccb2cf331\"}\n>player p2 {\"name\":\"kevinnopants\",\"avatar\":\"2\",\"rating\":1985,\"seed\":\"sodium,b1682cd30414d9d7f7a4fbfeec93be96\"}\n>p1 switch 2\n>p2 move drainingkiss\n>p1 move stealthrock\n>p2 switch 4\n>p1 move thunderwave\n>p2 move stoneaxe\n>p1 move softboiled\n>p2 move closecombat\n>p1 move seismictoss\n>p2 move xscissor\n>p1 switch 6\n>p1 move shiftgear\n>p2 switch 2\n>p1 move calmmind\n>p2 move quiverdance\n>p1 move calmmind\n>p2 move quiverdance\n>p1 move calmmind\n>p2 move revelationdance\n>p1 move fleurcannon\n>p2 move quiverdance\n>p1 move flashcannon\n>p2 move quiverdance\n>p1 switch 4\n>p2 move roost\n>p1 move wildcharge\n>p2 move revelationdance terastallize\n>p1 switch 5\n>forcelose p1", "uploadtime": 1781450264, "views": 5, "formatid": "gen9randombattle", "rating": null, "private": 0, "password": null}