{"id": "gen9randombattle-2631523543", "format": "[Gen 9] Random Battle", "players": ["ibiuhiuhiuhihh", "masbahlilganteng"], "log": "|j|\u2606ibiuhiuhiuhihh\n|j|\u2606masbahlilganteng\n|t:|1781396297\n|gametype|singles\n|player|p1|ibiuhiuhiuhihh|1|1914\n|player|p2|masbahlilganteng|hoopster|2053\n|gen|9\n|tier|[Gen 9] Random Battle\n|rated|\n|rule|Species Clause: Limit one of each Pok\u00e9mon\n|rule|HP Percentage Mod: HP is shown in percentages\n|rule|Sleep Clause Mod: Limit one foe put to sleep\n|rule|Illusion Level Mod: Illusion disguises the Pok\u00e9mon's true level\n|\n|t:|1781396297\n|teamsize|p1|6\n|teamsize|p2|6\n|start\n|switch|p1a: Hypno|Hypno, L95, F|315/315\n|switch|p2a: Gengar|Gengar, L81, F|230/230\n|turn|1\n|inactive|Battle timer is ON: inactive players will automatically lose when time's up. (requested by masbahlilganteng)\n|inactive|ibiuhiuhiuhihh also wants the timer to be on.\n|inactive|masbahlilganteng has 120 seconds left.\n|inactive|ibiuhiuhiuhihh has 120 seconds left.\n|inactive|masbahlilganteng has 90 seconds left.\n|\n|t:|1781396384\n|move|p2a: Gengar|Nasty Plot|p2a: Gengar\n|-boost|p2a: Gengar|spa|2\n|move|p1a: Hypno|Knock Off|p2a: Gengar\n|-supereffective|p2a: Gengar\n|-damage|p2a: Gengar|40/230\n|-enditem|p2a: Gengar|Life Orb|[from] move: Knock Off|[of] p1a: Hypno\n|\n|upkeep\n|turn|2\n|\n|t:|1781396396\n|move|p2a: Gengar|Shadow Ball|p1a: Hypno\n|-supereffective|p1a: Hypno\n|-damage|p1a: Hypno|19/315\n|-unboost|p1a: Hypno|spd|1\n|move|p1a: Hypno|Psychic Noise|p2a: Gengar\n|-supereffective|p2a: Gengar\n|-damage|p2a: Gengar|0 fnt\n|faint|p2a: Gengar\n|\n|-heal|p1a: Hypno|38/315|[from] item: Leftovers\n|upkeep\n|\n|t:|1781396412\n|switch|p2a: Dedenne|Dedenne, L88, F|261/261\n|turn|3\n|\n|t:|1781396440\n|move|p2a: Dedenne|Dazzling Gleam|p1a: Hypno\n|-damage|p1a: Hypno|0 fnt\n|faint|p1a: Hypno\n|\n|upkeep\n|\n|t:|1781396449\n|switch|p1a: Orthworm|Orthworm, L88, F|266/266\n|turn|4\n|\n|t:|1781396457\n|move|p2a: Dedenne|Thunderbolt|p1a: Orthworm\n|-damage|p1a: Orthworm|149/266\n|-status|p1a: Orthworm|par\n|cant|p1a: Orthworm|par\n|\n|upkeep\n|turn|5\n|\n|t:|1781396465\n|move|p2a: Dedenne|Thunderbolt|p1a: Orthworm\n|-damage|p1a: Orthworm|20/266 par\n|move|p1a: Orthworm|Iron Tail|p2a: Dedenne|[miss]\n|-miss|p1a: Orthworm|p2a: Dedenne\n|\n|upkeep\n|turn|6\n|\n|t:|1781396470\n|move|p2a: Dedenne|Thunderbolt|p1a: Orthworm\n|-damage|p1a: Orthworm|0 fnt\n|faint|p1a: Orthworm\n|\n|upkeep\n|\n|t:|1781396481\n|switch|p1a: Noctowl|Noctowl, L95, M|344/344\n|turn|7\n|\n|t:|1781396487\n|-terastallize|p1a: Noctowl|Steel\n|move|p2a: Dedenne|Nuzzle|p1a: Noctowl\n|-damage|p1a: Noctowl|322/344\n|-status|p1a: Noctowl|par\n|move|p1a: Noctowl|Nasty Plot|p1a: Noctowl\n|-boost|p1a: Noctowl|spa|2\n|\n|upkeep\n|turn|8\n|\n|t:|1781396511\n|move|p2a: Dedenne|Super Fang|p1a: Noctowl\n|-damage|p1a: Noctowl|161/344 par\n|move|p1a: Noctowl|Hyper Voice|p2a: Dedenne\n|-damage|p2a: Dedenne|11/261\n|-enditem|p2a: Dedenne|Sitrus Berry|[eat]\n|-heal|p2a: Dedenne|76/261|[from] item: Sitrus Berry\n|-heal|p2a: Dedenne|163/261|[from] ability: Cheek Pouch\n|\n|upkeep\n|turn|9\n|\n|t:|1781396523\n|switch|p2a: Rhydon|Rhydon, L85, F|317/317\n|move|p1a: Noctowl|Roost|p1a: Noctowl\n|-heal|p1a: Noctowl|333/344 par\n|\n|upkeep\n|turn|10\n|\n|t:|1781396538\n|switch|p1a: Hawlucha|Hawlucha, L80, F|256/256\n|move|p2a: Rhydon|Earthquake|p1a: Hawlucha\n|-immune|p1a: Hawlucha\n|\n|upkeep\n|turn|11\n|\n|t:|1781396551\n|switch|p1a: Annihilape|Annihilape, L76, F|292/292\n|switch|p2a: Swanna|Swanna, L89, M|278/278\n|\n|upkeep\n|turn|12\n|\n|t:|1781396561\n|switch|p1a: Noctowl|Noctowl, L95, M, tera:Steel|333/344 par\n|move|p2a: Swanna|Brave Bird|p1a: Noctowl\n|-resisted|p1a: Noctowl\n|-damage|p1a: Noctowl|243/344 par\n|-damage|p2a: Swanna|248/278|[from] Recoil\n|\n|upkeep\n|turn|13\n|\n|t:|1781396571\n|switch|p2a: Hariyama|Hariyama, L87, F|392/392\n|move|p1a: Noctowl|Hyper Voice|p2a: Hariyama\n|-damage|p2a: Hariyama|254/392\n|\n|-status|p2a: Hariyama|brn|[from] item: Flame Orb\n|upkeep\n|turn|14\n|\n|t:|1781396591\n|switch|p2a: Dedenne|Dedenne, L88, F|163/261\n|switch|p1a: Annihilape|Annihilape, L76, F|292/292\n|\n|upkeep\n|turn|15\n|\n|t:|1781396602\n|switch|p1a: Noctowl|Noctowl, L95, M, tera:Steel|243/344 par\n|move|p2a: Dedenne|Dazzling Gleam|p1a: Noctowl\n|-resisted|p1a: Noctowl\n|-damage|p1a: Noctowl|210/344 par\n|\n|upkeep\n|turn|16\n|\n|t:|1781396613\n|switch|p2a: Rhydon|Rhydon, L85, F|317/317\n|move|p1a: Noctowl|Hurricane|p2a: Rhydon\n|-resisted|p2a: Rhydon\n|-damage|p2a: Rhydon|161/317\n|-start|p2a: Rhydon|confusion\n|\n|upkeep\n|turn|17\n|inactive|masbahlilganteng has 120 seconds left.\n|inactive|ibiuhiuhiuhihh has 120 seconds left.\n|\n|t:|1781396657\n|switch|p1a: Annihilape|Annihilape, L76, F|292/292\n|-activate|p2a: Rhydon|confusion\n|move|p2a: Rhydon|Stone Edge|p1a: Annihilape\n|-resisted|p1a: Annihilape\n|-damage|p1a: Annihilape|211/292\n|\n|upkeep\n|turn|18\n|\n|t:|1781396668\n|move|p1a: Annihilape|Bulk Up|p1a: Annihilape\n|-boost|p1a: Annihilape|atk|1\n|-boost|p1a: Annihilape|def|1\n|-end|p2a: Rhydon|confusion\n|move|p2a: Rhydon|Earthquake|p1a: Annihilape\n|-crit|p1a: Annihilape\n|-damage|p1a: Annihilape|0 fnt\n|faint|p1a: Annihilape\n|\n|upkeep\n|\n|t:|1781396674\n|switch|p1a: Empoleon|Empoleon, L84, M|278/278\n|turn|19\n|inactive|masbahlilganteng has 120 seconds left.\n|\n|t:|1781396687\n|switch|p2a: Dedenne|Dedenne, L88, F|163/261\n|move|p1a: Empoleon|Surf|p2a: Dedenne\n|-damage|p2a: Dedenne|31/261\n|\n|upkeep\n|turn|20\n|\n|t:|1781396694\n|switch|p1a: Noctowl|Noctowl, L95, M, tera:Steel|210/344 par\n|move|p2a: Dedenne|Thunderbolt|p1a: Noctowl\n|-damage|p1a: Noctowl|131/344 par\n|\n|upkeep\n|turn|21\n|\n|t:|1781396699\n|move|p2a: Dedenne|Thunderbolt|p1a: Noctowl\n|-damage|p1a: Noctowl|53/344 par\n|cant|p1a: Noctowl|par\n|\n|upkeep\n|turn|22\n|\n|t:|1781396703\n|move|p2a: Dedenne|Thunderbolt|p1a: Noctowl\n|-damage|p1a: Noctowl|0 fnt\n|faint|p1a: Noctowl\n|\n|upkeep\n|\n|t:|1781396706\n|switch|p1a: Hawlucha|Hawlucha, L80, F|256/256\n|turn|23\n|\n|t:|1781396718\n|move|p1a: Hawlucha|Brave Bird|p2a: Dedenne\n|-resisted|p2a: Dedenne\n|-damage|p2a: Dedenne|0 fnt\n|faint|p2a: Dedenne\n|-damage|p1a: Hawlucha|246/256|[from] Recoil\n|\n|upkeep\n|\n|t:|1781396722\n|switch|p2a: Hariyama|Hariyama, L87, F|254/392 brn\n|turn|24\n|\n|t:|1781396730\n|move|p2a: Hariyama|Fake Out|p1a: Hawlucha\n|-crit|p1a: Hawlucha\n|-damage|p1a: Hawlucha|147/256\n|cant|p1a: Hawlucha|flinch\n|\n|-damage|p2a: Hariyama|230/392 brn|[from] brn\n|upkeep\n|turn|25\n|\n|t:|1781396734\n|switch|p2a: Swanna|Swanna, L89, M|248/278\n|move|p1a: Hawlucha|Brave Bird|p2a: Swanna\n|-damage|p2a: Swanna|106/278\n|-damage|p1a: Hawlucha|100/256|[from] Recoil\n|\n|upkeep\n|turn|26\n|\n|t:|1781396738\n|move|p1a: Hawlucha|Brave Bird|p2a: Swanna\n|-damage|p2a: Swanna|0 fnt\n|faint|p2a: Swanna\n|-damage|p1a: Hawlucha|65/256|[from] Recoil\n|\n|upkeep\n|\n|t:|1781396742\n|switch|p2a: Hariyama|Hariyama, L87, F|230/392 brn\n|turn|27\n|\n|t:|1781396749\n|move|p2a: Hariyama|Fake Out|p1a: Hawlucha\n|-damage|p1a: Hawlucha|4/256\n|cant|p1a: Hawlucha|flinch\n|\n|-damage|p2a: Hariyama|206/392 brn|[from] brn\n|upkeep\n|turn|28\n|\n|t:|1781396757\n|switch|p1a: Empoleon|Empoleon, L84, M|278/278\n|move|p2a: Hariyama|Close Combat|p1a: Empoleon\n|-supereffective|p1a: Empoleon\n|-damage|p1a: Empoleon|0 fnt\n|-unboost|p2a: Hariyama|def|1\n|-unboost|p2a: Hariyama|spd|1\n|faint|p1a: Empoleon\n|\n|-damage|p2a: Hariyama|182/392 brn|[from] brn\n|upkeep\n|\n|t:|1781396763\n|switch|p1a: Hawlucha|Hawlucha, L80, F|4/256\n|turn|29\n|\n|t:|1781396768\n|switch|p2a: Rhydon|Rhydon, L85, F|161/317\n|move|p1a: Hawlucha|Acrobatics|p2a: Rhydon\n|-resisted|p2a: Rhydon\n|-damage|p2a: Rhydon|147/317\n|\n|upkeep\n|turn|30\n|\n|t:|1781396772\n|move|p1a: Hawlucha|Close Combat|p2a: Rhydon\n|-supereffective|p2a: Rhydon\n|-damage|p2a: Rhydon|37/317\n|-unboost|p1a: Hawlucha|def|1\n|-unboost|p1a: Hawlucha|spd|1\n|-enditem|p1a: Hawlucha|White Herb\n|-clearnegativeboost|p1a: Hawlucha|[silent]\n|move|p2a: Rhydon|Stone Edge|p1a: Hawlucha\n|-damage|p1a: Hawlucha|0 fnt\n|faint|p1a: Hawlucha\n|\n|win|masbahlilganteng\n|raw|ibiuhiuhiuhihh's rating: 1914 &rarr; <strong>1902</strong><br />(-12 for losing)\n|raw|masbahlilganteng's rating: 2053 &rarr; <strong>2065</strong><br />(+12 for winning)\n|l|\u2606ibiuhiuhiuhihh\n|player|p1|\n", "inputlog": ">version a8376a258c1d4662feba110a92103f3664a72141\n>start {\"formatid\":\"gen9randombattle\",\"seed\":\"sodium,333e685a43b94e7bdf306f5ea0e4722e\",\"rated\":\"Rated battle\"}\n>player p1 {\"name\":\"ibiuhiuhiuhihh\",\"avatar\":\"1\",\"rating\":1914,\"seed\":\"sodium,405606297defd979940eaf88c1a61882\"}\n>player p2 {\"name\":\"masbahlilganteng\",\"avatar\":\"hoopster\",\"rating\":2053,\"seed\":\"sodium,4626a83b29154bcc6bfe506470403ad2\"}\n>p1 move knockoff\n>p2 move nastyplot\n>p1 move psychicnoise\n>p2 move shadowball\n>p2 switch 2\n>p1 move psychicnoise\n>p2 move dazzlinggleam\n>p1 switch 6\n>p1 move coil\n>p2 move thunderbolt\n>p1 move irontail\n>p2 move thunderbolt\n>p1 move irontail\n>p2 move thunderbolt\n>p1 switch 3\n>p1 move nastyplot terastallize\n>p2 move nuzzle\n>p1 move hypervoice\n>p2 move superfang\n>p1 move roost\n>p2 switch 3\n>p1 switch 4\n>p2 move earthquake\n>p1 switch 5\n>p2 switch 6\n>p1 switch 4\n>p2 move bravebird\n>p1 move hypervoice\n>p2 switch 5\n>p1 switch 4\n>p2 switch 3\n>p1 switch 4\n>p2 move dazzlinggleam\n>p1 move hurricane\n>p2 switch 6\n>p1 switch 4\n>p2 move stoneedge\n>p1 move bulkup\n>p2 move earthquake\n>p1 switch 2\n>p1 move surf\n>p2 switch 6\n>p1 switch 4\n>p2 move thunderbolt\n>p1 move roost\n>p2 move thunderbolt\n>p1 move roost\n>p2 move thunderbolt\n>p1 switch 5\n>p1 move bravebird\n>p2 move nuzzle\n>p2 switch 3\n>p1 move bravebird\n>p2 move fakeout\n>p1 move bravebird\n>p2 switch 5\n>p1 move bravebird\n>p2 move bravebird\n>p2 switch 5\n>p1 move bravebird\n>p2 move fakeout\n>p1 switch 4\n>p2 move closecombat\n>p1 switch 4\n>p1 move acrobatics\n>p2 switch 6\n>p1 move closecombat\n>p2 move stoneedge", "uploadtime": 1781396299, "views": 10, "formatid": "gen9randombattle", "rating": 1902, "private": 0, "password": null}