{"id": "gen9randombattle-2631513648", "format": "[Gen 9] Random Battle", "players": ["andrewcen117", "Alexspitzcharles"], "log": "|j|\u2606andrewcen117\n|j|\u2606Alexspitzcharles\n|t:|1781394860\n|gametype|singles\n|player|p1|andrewcen117|2|1872\n|player|p2|Alexspitzcharles|170|1878\n|gen|9\n|tier|[Gen 9] Random Battle\n|rated|\n|rule|Species Clause: Limit one of each Pok\u00e9mon\n|rule|HP Percentage Mod: HP is shown in percentages\n|rule|Sleep Clause Mod: Limit one foe put to sleep\n|rule|Illusion Level Mod: Illusion disguises the Pok\u00e9mon's true level\n|\n|t:|1781394860\n|teamsize|p1|6\n|teamsize|p2|6\n|start\n|switch|p1a: Persian|Persian, L92, M|269/269\n|switch|p2a: Dondozo|Dondozo, L78, M|362/362\n|turn|1\n|inactive|Battle timer is ON: inactive players will automatically lose when time's up. (requested by andrewcen117)\n|inactive|andrewcen117 has 120 seconds left.\n|\n|t:|1781394893\n|switch|p2a: Appletun|Appletun, L92, M|352/352\n|move|p1a: Persian|U-turn|p2a: Appletun\n|-supereffective|p2a: Appletun\n|-damage|p2a: Appletun|264/352\n|inactive|andrewcen117 has 120 seconds left.\n|\n|t:|1781394951\n|switch|p1a: Mienshao|Mienshao, L83, M|243/243|[from] U-turn\n|\n|-heal|p2a: Appletun|286/352|[from] item: Leftovers\n|upkeep\n|turn|2\n|\n|t:|1781394975\n|move|p1a: Mienshao|High Jump Kick|p2a: Appletun\n|-damage|p2a: Appletun|0 fnt\n|faint|p2a: Appletun\n|\n|upkeep\n|\n|t:|1781394983\n|switch|p2a: Gurdurr|Gurdurr, L85, M|283/283\n|turn|3\n|\n|t:|1781395006\n|switch|p1a: Chimecho|Chimecho, L93, F|290/290\n|move|p2a: Gurdurr|Knock Off|p1a: Chimecho\n|-supereffective|p1a: Chimecho\n|-damage|p1a: Chimecho|138/290\n|-enditem|p1a: Chimecho|Leftovers|[from] move: Knock Off|[of] p2a: Gurdurr\n|\n|upkeep\n|turn|4\n|\n|t:|1781395019\n|switch|p2a: Ninetales|Ninetales-Alola, L78, F|242/242\n|-weather|Snowscape|[from] ability: Snow Warning|[of] p2a: Ninetales\n|move|p1a: Chimecho|Recover|p1a: Chimecho\n|-heal|p1a: Chimecho|283/290\n|\n|-weather|Snowscape|[upkeep]\n|upkeep\n|turn|5\n|inactive|andrewcen117 has 120 seconds left.\n|\n|t:|1781395050\n|move|p2a: Ninetales|Aurora Veil|p2a: Ninetales\n|-sidestart|p2: Alexspitzcharles|move: Aurora Veil\n|move|p1a: Chimecho|Cosmic Power|p1a: Chimecho\n|-boost|p1a: Chimecho|def|1\n|-boost|p1a: Chimecho|spd|1\n|\n|-weather|Snowscape|[upkeep]\n|upkeep\n|turn|6\n|\n|t:|1781395058\n|move|p2a: Ninetales|Encore|p1a: Chimecho\n|-start|p1a: Chimecho|Encore\n|move|p1a: Chimecho|Cosmic Power|p1a: Chimecho\n|-boost|p1a: Chimecho|def|1\n|-boost|p1a: Chimecho|spd|1\n|\n|-weather|Snowscape|[upkeep]\n|upkeep\n|turn|7\n|\n|t:|1781395062\n|switch|p2a: Milotic|Milotic, L83, M|293/293\n|move|p1a: Chimecho|Cosmic Power|p1a: Chimecho\n|-boost|p1a: Chimecho|def|1\n|-boost|p1a: Chimecho|spd|1\n|\n|-weather|Snowscape|[upkeep]\n|upkeep\n|turn|8\n|\n|t:|1781395066\n|move|p1a: Chimecho|Cosmic Power|p1a: Chimecho\n|-boost|p1a: Chimecho|def|1\n|-boost|p1a: Chimecho|spd|1\n|move|p2a: Milotic|Dragon Tail|p1a: Chimecho\n|-damage|p1a: Chimecho|271/290\n|drag|p1a: Smeargle|Smeargle, L95, F|258/258\n|\n|-weather|none\n|upkeep\n|turn|9\n|\n|t:|1781395072\n|switch|p2a: Blissey|Blissey, L85, F|572/572\n|move|p1a: Smeargle|Spore|p2a: Blissey\n|-status|p2a: Blissey|slp|[from] move: Spore\n|\n|upkeep\n|turn|10\n|\n|t:|1781395083\n|-curestatus|p2a: Blissey|slp|[from] ability: Natural Cure|[silent]\n|switch|p2a: Dondozo|Dondozo, L78, M|362/362\n|move|p1a: Smeargle|Population Bomb|p2a: Dondozo\n|-damage|p2a: Dondozo|355/362\n|-damage|p2a: Dondozo|349/362\n|-damage|p2a: Dondozo|342/362\n|-damage|p2a: Dondozo|335/362\n|-damage|p2a: Dondozo|328/362\n|-damage|p2a: Dondozo|321/362\n|-damage|p2a: Dondozo|314/362\n|-damage|p2a: Dondozo|308/362\n|-crit|p2a: Dondozo\n|-damage|p2a: Dondozo|286/362\n|-damage|p2a: Dondozo|280/362\n|-hitcount|p2a: Dondozo|10\n|\n|-heal|p2a: Dondozo|302/362|[from] item: Leftovers\n|upkeep\n|turn|11\n|\n|t:|1781395091\n|move|p1a: Smeargle|Spore|p2a: Dondozo\n|-status|p2a: Dondozo|slp|[from] move: Spore\n|cant|p2a: Dondozo|slp\n|\n|-heal|p2a: Dondozo|324/362 slp|[from] item: Leftovers\n|upkeep\n|turn|12\n|\n|t:|1781395107\n|switch|p1a: Persian|Persian, L92, M|269/269\n|switch|p2a: Milotic|Milotic, L83, M|293/293\n|\n|-sideend|p2: Alexspitzcharles|move: Aurora Veil\n|upkeep\n|turn|13\n|\n|t:|1781395111\n|move|p1a: Persian|Fake Out|p2a: Milotic\n|-damage|p2a: Milotic|209/293\n|cant|p2a: Milotic|flinch\n|\n|-heal|p2a: Milotic|227/293|[from] item: Leftovers\n|upkeep\n|turn|14\n|\n|t:|1781395114\n|move|p1a: Persian|Knock Off|p2a: Milotic\n|-damage|p2a: Milotic|161/293\n|-enditem|p2a: Milotic|Leftovers|[from] move: Knock Off|[of] p1a: Persian\n|move|p2a: Milotic|Dragon Tail|p1a: Persian\n|-damage|p1a: Persian|236/269\n|drag|p1a: Overqwil|Overqwil, L82, F|274/274\n|-ability|p1a: Overqwil|Intimidate|boost\n|-unboost|p2a: Milotic|atk|1\n|-ability|p2a: Milotic|Competitive|boost\n|-boost|p2a: Milotic|spa|2\n|\n|upkeep\n|turn|15\n|\n|t:|1781395142\n|switch|p1a: Persian|Persian, L92, M|236/269\n|move|p2a: Milotic|Scald|p1a: Persian\n|-damage|p1a: Persian|53/269\n|\n|upkeep\n|turn|16\n|inactive|Alexspitzcharles has 120 seconds left.\n|\n|t:|1781395190\n|move|p1a: Persian|Fake Out|p2a: Milotic\n|-damage|p2a: Milotic|83/293\n|cant|p2a: Milotic|flinch\n|\n|upkeep\n|turn|17\n|\n|t:|1781395197\n|move|p1a: Persian|Double-Edge|p2a: Milotic\n|-damage|p2a: Milotic|0 fnt\n|faint|p2a: Milotic\n|-damage|p1a: Persian|26/269|[from] Recoil\n|\n|upkeep\n|\n|t:|1781395227\n|switch|p2a: Gurdurr|Gurdurr, L85, M|283/283\n|turn|18\n|\n|t:|1781395243\n|switch|p1a: Chimecho|Chimecho, L93, F|271/290\n|move|p2a: Gurdurr|Mach Punch|p1a: Chimecho\n|-resisted|p1a: Chimecho\n|-damage|p1a: Chimecho|248/290\n|\n|upkeep\n|turn|19\n|inactive|Alexspitzcharles has 90 seconds left.\n|\n|t:|1781395261\n|switch|p2a: Ninetales|Ninetales-Alola, L78, F|242/242\n|-weather|Snowscape|[from] ability: Snow Warning|[of] p2a: Ninetales\n|move|p1a: Chimecho|Dazzling Gleam|p2a: Ninetales\n|-crit|p2a: Ninetales\n|-damage|p2a: Ninetales|133/242\n|\n|-weather|Snowscape|[upkeep]\n|upkeep\n|turn|20\n|\n|t:|1781395266\n|move|p2a: Ninetales|Aurora Veil|p2a: Ninetales\n|-sidestart|p2: Alexspitzcharles|move: Aurora Veil\n|move|p1a: Chimecho|Dazzling Gleam|p2a: Ninetales\n|-damage|p2a: Ninetales|102/242\n|\n|-weather|Snowscape|[upkeep]\n|upkeep\n|turn|21\n|\n|t:|1781395291\n|switch|p1a: Persian|Persian, L92, M|26/269\n|move|p2a: Ninetales|Moonblast|p1a: Persian\n|-damage|p1a: Persian|0 fnt\n|faint|p1a: Persian\n|\n|-weather|Snowscape|[upkeep]\n|upkeep\n|\n|t:|1781395299\n|switch|p1a: Overqwil|Overqwil, L82, F|274/274\n|-ability|p1a: Overqwil|Intimidate|boost\n|-unboost|p2a: Ninetales|atk|1\n|turn|22\n|inactive|Alexspitzcharles has 120 seconds left.\n|\n|t:|1781395307\n|switch|p2a: Gurdurr|Gurdurr, L85, M|283/283\n|move|p1a: Overqwil|Gunk Shot|p2a: Gurdurr\n|-crit|p2a: Gurdurr\n|-damage|p2a: Gurdurr|136/283\n|\n|-weather|Snowscape|[upkeep]\n|upkeep\n|turn|23\n|\n|t:|1781395316\n|switch|p1a: Chimecho|Chimecho, L93, F|248/290\n|move|p2a: Gurdurr|Drain Punch|p1a: Chimecho\n|-resisted|p1a: Chimecho\n|-damage|p1a: Chimecho|209/290\n|-heal|p2a: Gurdurr|156/283|[from] drain|[of] p1a: Chimecho\n|\n|-weather|none\n|upkeep\n|turn|24\n|inactive|Alexspitzcharles has 120 seconds left.\n|\n|t:|1781395344\n|switch|p2a: Ninetales|Ninetales-Alola, L78, F|102/242\n|-weather|Snowscape|[from] ability: Snow Warning|[of] p2a: Ninetales\n|move|p1a: Chimecho|Dazzling Gleam|p2a: Ninetales\n|-damage|p2a: Ninetales|67/242\n|\n|-weather|Snowscape|[upkeep]\n|upkeep\n|turn|25\n|inactive|andrewcen117 has 120 seconds left.\n|\n|t:|1781395376\n|switch|p1a: Overqwil|Overqwil, L82, F|274/274\n|-ability|p1a: Overqwil|Intimidate|boost\n|-unboost|p2a: Ninetales|atk|1\n|move|p2a: Ninetales|Blizzard|p1a: Overqwil\n|-damage|p1a: Overqwil|165/274\n|\n|-weather|Snowscape|[upkeep]\n|upkeep\n|turn|26\n|inactive|Alexspitzcharles has 120 seconds left.\n|\n|t:|1781395400\n|move|p2a: Ninetales|Blizzard|p1a: Overqwil\n|-damage|p1a: Overqwil|57/274\n|move|p1a: Overqwil|Gunk Shot|p2a: Ninetales\n|-supereffective|p2a: Ninetales\n|-damage|p2a: Ninetales|0 fnt\n|faint|p2a: Ninetales\n|\n|-weather|Snowscape|[upkeep]\n|upkeep\n|\n|t:|1781395407\n|switch|p2a: Gurdurr|Gurdurr, L85, M|156/283\n|turn|27\n|\n|t:|1781395418\n|move|p2a: Gurdurr|Mach Punch|p1a: Overqwil\n|-damage|p1a: Overqwil|9/274\n|move|p1a: Overqwil|Gunk Shot|p2a: Gurdurr\n|-damage|p2a: Gurdurr|111/283\n|-status|p2a: Gurdurr|psn\n|\n|-weather|Snowscape|[upkeep]\n|-damage|p2a: Gurdurr|76/283 psn|[from] psn\n|-sideend|p2: Alexspitzcharles|move: Aurora Veil\n|upkeep\n|turn|28\n|\n|t:|1781395432\n|move|p2a: Gurdurr|Mach Punch|p1a: Overqwil\n|-damage|p1a: Overqwil|0 fnt\n|faint|p1a: Overqwil\n|\n|-weather|none\n|-damage|p2a: Gurdurr|41/283 psn|[from] psn\n|upkeep\n|\n|t:|1781395436\n|switch|p1a: Chimecho|Chimecho, L93, F|209/290\n|turn|29\n|\n|t:|1781395442\n|move|p1a: Chimecho|Dazzling Gleam|p2a: Gurdurr\n|-supereffective|p2a: Gurdurr\n|-damage|p2a: Gurdurr|0 fnt\n|faint|p2a: Gurdurr\n|\n|upkeep\n|\n|t:|1781395448\n|switch|p2a: Blissey|Blissey, L85, F|572/572\n|turn|30\n|\n|t:|1781395456\n|switch|p1a: Smeargle|Smeargle, L95, F|258/258\n|move|p2a: Blissey|Thunder Wave|p1a: Smeargle\n|-status|p1a: Smeargle|par\n|\n|upkeep\n|turn|31\n|\n|t:|1781395470\n|switch|p1a: Chimecho|Chimecho, L93, F|209/290\n|move|p2a: Blissey|Seismic Toss|p1a: Chimecho\n|-damage|p1a: Chimecho|124/290\n|\n|upkeep\n|turn|32\n|\n|t:|1781395481\n|switch|p1a: Smeargle|Smeargle, L95, F|258/258 par\n|move|p2a: Blissey|Thunder Wave|p1a: Smeargle\n|-fail|p1a: Smeargle|par\n|\n|upkeep\n|turn|33\n|inactive|andrewcen117 has 120 seconds left.\n|\n|t:|1781395525\n|switch|p1a: Chimecho|Chimecho, L93, F|124/290\n|move|p2a: Blissey|Seismic Toss|p1a: Chimecho\n|-damage|p1a: Chimecho|39/290\n|\n|upkeep\n|turn|34\n|\n|t:|1781395541\n|move|p1a: Chimecho|Dazzling Gleam|p2a: Blissey\n|-damage|p2a: Blissey|525/572\n|move|p2a: Blissey|Thunder Wave|p1a: Chimecho\n|-status|p1a: Chimecho|par\n|\n|-heal|p2a: Blissey|560/572|[from] item: Leftovers\n|upkeep\n|turn|35\n|\n|t:|1781395547\n|move|p2a: Blissey|Seismic Toss|p1a: Chimecho\n|-damage|p1a: Chimecho|0 fnt\n|faint|p1a: Chimecho\n|\n|-heal|p2a: Blissey|572/572|[from] item: Leftovers\n|upkeep\n|\n|t:|1781395550\n|switch|p1a: Mienshao|Mienshao, L83, M|243/243\n|turn|36\n|\n|t:|1781395571\n|switch|p1a: Smeargle|Smeargle, L95, F|258/258 par\n|-terastallize|p2a: Blissey|Ghost\n|move|p2a: Blissey|Thunder Wave|p1a: Smeargle\n|-fail|p1a: Smeargle|par\n|\n|upkeep\n|turn|37\n|\n|t:|1781395582\n|move|p2a: Blissey|Seismic Toss|p1a: Smeargle\n|-damage|p1a: Smeargle|173/258 par\n|move|p1a: Smeargle|Shell Smash|p1a: Smeargle\n|-unboost|p1a: Smeargle|def|1\n|-unboost|p1a: Smeargle|spd|1\n|-boost|p1a: Smeargle|atk|2\n|-boost|p1a: Smeargle|spa|2\n|-boost|p1a: Smeargle|spe|2\n|\n|upkeep\n|turn|38\n|\n|t:|1781395606\n|cant|p1a: Smeargle|par\n|move|p2a: Blissey|Seismic Toss|p1a: Smeargle\n|-damage|p1a: Smeargle|88/258 par\n|\n|upkeep\n|turn|39\n|\n|t:|1781395609\n|move|p1a: Smeargle|Power Trip|p2a: Blissey\n|-supereffective|p2a: Blissey\n|-damage|p2a: Blissey|0 fnt\n|faint|p2a: Blissey\n|\n|upkeep\n|\n|t:|1781395612\n|switch|p2a: Dondozo|Dondozo, L78, M|324/362 slp\n|turn|40\n|\n|t:|1781395621\n|cant|p1a: Smeargle|par\n|cant|p2a: Dondozo|slp\n|move|p2a: Dondozo|Sleep Talk|p2a: Dondozo\n|move|p2a: Dondozo|Rest||[from] move: Sleep Talk|[still]\n|-fail|p2a: Dondozo\n|\n|-heal|p2a: Dondozo|346/362 slp|[from] item: Leftovers\n|upkeep\n|turn|41\n|\n|t:|1781395645\n|cant|p1a: Smeargle|par\n|-curestatus|p2a: Dondozo|slp|[msg]\n|move|p2a: Dondozo|Wave Crash|p1a: Smeargle\n|-damage|p1a: Smeargle|0 fnt\n|faint|p1a: Smeargle\n|-damage|p2a: Dondozo|317/362|[from] Recoil\n|\n|-heal|p2a: Dondozo|339/362|[from] item: Leftovers\n|upkeep\n|\n|t:|1781395648\n|switch|p1a: Mienshao|Mienshao, L83, M|243/243\n|turn|42\n|\n|t:|1781395653\n|-terastallize|p1a: Mienshao|Fighting\n|move|p1a: Mienshao|High Jump Kick|p2a: Dondozo\n|-damage|p2a: Dondozo|21/362\n|move|p2a: Dondozo|Curse|p2a: Dondozo\n|-unboost|p2a: Dondozo|spe|1\n|-boost|p2a: Dondozo|atk|1\n|-boost|p2a: Dondozo|def|1\n|\n|-heal|p2a: Dondozo|43/362|[from] item: Leftovers\n|upkeep\n|turn|43\n|\n|t:|1781395659\n|move|p1a: Mienshao|High Jump Kick|p2a: Dondozo\n|-damage|p2a: Dondozo|0 fnt\n|faint|p2a: Dondozo\n|\n|win|andrewcen117\n|raw|andrewcen117's rating: 1872 &rarr; <strong>1891</strong><br />(+19 for winning)\n|raw|Alexspitzcharles's rating: 1854 &rarr; <strong>1835</strong><br />(-19 for losing)\n|l|\u2606Alexspitzcharles\n|player|p2|\n|c|\u2606andrewcen117|gg\n", "inputlog": ">version a8376a258c1d4662feba110a92103f3664a72141\n>start {\"formatid\":\"gen9randombattle\",\"seed\":\"sodium,cdd1e2f907e86f9e8fd366242047df2e\",\"rated\":\"Rated battle\"}\n>player p1 {\"name\":\"andrewcen117\",\"avatar\":\"2\",\"rating\":1872,\"seed\":\"sodium,4eb1dd77e74af8b7421c61dea3b395b6\"}\n>player p2 {\"name\":\"Alexspitzcharles\",\"avatar\":\"170\",\"rating\":1878,\"seed\":\"sodium,cf12f53e42c69b556de80f5a6f4957f9\"}\n>p1 move uturn\n>p2 switch 5\n>p1 switch 6\n>p1 move highjumpkick\n>p2 move leechseed\n>p2 switch 6\n>p1 switch 3\n>p2 move knockoff\n>p1 move recover\n>p2 switch 3\n>p1 move cosmicpower\n>p2 move auroraveil\n>p1 move cosmicpower\n>p2 move encore\n>p1 move cosmicpower\n>p2 switch 4\n>p1 move cosmicpower\n>p2 move dragontail\n>p1 move spore\n>p2 switch 2\n>p1 move populationbomb\n>p2 switch 5\n>p1 move spore\n>p2 move wavecrash\n>p1 switch 6\n>p2 switch 2\n>p1 move fakeout\n>p2 move dragontail\n>p1 move knockoff\n>p2 move dragontail\n>p1 switch 5\n>p2 move scald\n>p1 move fakeout\n>p2 move recover\n>p1 move doubleedge\n>p2 move recover\n>p2 switch 3\n>p1 switch 2\n>p2 move machpunch\n>p1 move dazzlinggleam\n>p2 switch 4\n>p1 move dazzlinggleam\n>p2 move auroraveil\n>p1 switch 2\n>p2 move moonblast\n>p1 switch 5\n>p1 move gunkshot\n>p2 switch 4\n>p1 switch 2\n>p2 move drainpunch\n>p1 move dazzlinggleam\n>p2 switch 4\n>p1 switch 2\n>p2 move blizzard\n>p1 move gunkshot\n>p2 move blizzard\n>p2 switch 4\n>p1 move gunkshot\n>p2 move machpunch\n>p1 move scaleshot\n>p2 move machpunch\n>p1 switch 2\n>p1 move dazzlinggleam\n>p2 move knockoff\n>p2 switch 5\n>p1 switch 6\n>p2 move thunderwave\n>p1 switch 6\n>p2 move seismictoss\n>p1 switch 6\n>p2 move thunderwave\n>p1 switch 6\n>p2 move seismictoss\n>p1 move dazzlinggleam\n>p2 move thunderwave\n>p1 move recover\n>p2 move seismictoss\n>p1 switch 3\n>p1 switch 6\n>p2 move thunderwave terastallize\n>p1 move shellsmash\n>p2 move seismictoss\n>p1 move powertrip\n>p2 move seismictoss\n>p1 move powertrip\n>p2 move seismictoss\n>p2 switch 2\n>p1 move powertrip\n>p2 move sleeptalk\n>p1 move powertrip\n>p2 move wavecrash\n>p1 switch 6\n>p1 move highjumpkick terastallize\n>p2 move curse\n>p1 move highjumpkick\n>p2 move rest", "uploadtime": 1781395673, "views": 5, "formatid": "gen9randombattle", "rating": 1835, "private": 0, "password": null}