{"id": "gen9randombattle-2631956381", "format": "[Gen 9] Random Battle", "players": ["Crinjal", "OshModi"], "log": "|j|\u2606Crinjal\n|j|\u2606OshModi\n|t:|1781459720\n|gametype|singles\n|player|p1|Crinjal|veteran|2036\n|player|p2|OshModi|hilbert|1983\n|gen|9\n|tier|[Gen 9] Random Battle\n|rated|\n|rule|Species Clause: Limit one of each Pok\u00e9mon\n|rule|HP Percentage Mod: HP is shown in percentages\n|rule|Sleep Clause Mod: Limit one foe put to sleep\n|rule|Illusion Level Mod: Illusion disguises the Pok\u00e9mon's true level\n|\n|t:|1781459720\n|teamsize|p1|6\n|teamsize|p2|6\n|start\n|switch|p1a: Necrozma|Necrozma-Dusk-Mane, L69|248/248\n|switch|p2a: Rampardos|Rampardos, L90, F|321/321\n|turn|1\n|inactive|Battle timer is ON: inactive players will automatically lose when time's up. (requested by OshModi)\n|inactive|OshModi has 120 seconds left.\n|\n|t:|1781459769\n|move|p2a: Rampardos|Earthquake|p1a: Necrozma\n|-supereffective|p1a: Necrozma\n|-damage|p1a: Necrozma|82/248\n|-enditem|p1a: Necrozma|Weakness Policy\n|-boost|p1a: Necrozma|atk|2|[from] item: Weakness Policy\n|-boost|p1a: Necrozma|spa|2|[from] item: Weakness Policy\n|move|p1a: Necrozma|Dragon Dance|p1a: Necrozma\n|-boost|p1a: Necrozma|atk|1\n|-boost|p1a: Necrozma|spe|1\n|\n|upkeep\n|turn|2\n|\n|t:|1781459794\n|move|p2a: Rampardos|Earthquake|p1a: Necrozma\n|-supereffective|p1a: Necrozma\n|-damage|p1a: Necrozma|0 fnt\n|faint|p1a: Necrozma\n|\n|upkeep\n|inactive|Crinjal has 120 seconds left.\n|\n|t:|1781459809\n|switch|p1a: Oricorio|Oricorio-Pa'u, L87, F|272/272\n|turn|3\n|\n|t:|1781459814\n|switch|p2a: Gothitelle|Gothitelle, L90, M|272/272\n|move|p1a: Oricorio|Quiver Dance|p1a: Oricorio\n|-boost|p1a: Oricorio|spa|1\n|-boost|p1a: Oricorio|spd|1\n|-boost|p1a: Oricorio|spe|1\n|\n|upkeep\n|turn|4\n|\n|t:|1781459824\n|move|p1a: Oricorio|Quiver Dance|p1a: Oricorio\n|-boost|p1a: Oricorio|spa|1\n|-boost|p1a: Oricorio|spd|1\n|-boost|p1a: Oricorio|spe|1\n|move|p2a: Gothitelle|Trick|p1a: Oricorio\n|-activate|p2a: Gothitelle|move: Trick|[of] p1a: Oricorio\n|-item|p1a: Oricorio|Choice Scarf|[from] move: Trick\n|-item|p2a: Gothitelle|Heavy-Duty Boots|[from] move: Trick\n|\n|upkeep\n|turn|5\n|\n|t:|1781459838\n|move|p1a: Oricorio|Hurricane|p2a: Gothitelle\n|-damage|p2a: Gothitelle|79/272\n|move|p2a: Gothitelle|Dark Pulse|p1a: Oricorio\n|-supereffective|p1a: Oricorio\n|-crit|p1a: Oricorio\n|-damage|p1a: Oricorio|36/272\n|\n|upkeep\n|turn|6\n|\n|t:|1781459852\n|switch|p2a: Regice|Regice, L88|284/284\n|move|p1a: Oricorio|Hurricane|p2a: Regice\n|-damage|p2a: Regice|161/284\n|\n|upkeep\n|turn|7\n|\n|t:|1781459858\n|move|p1a: Oricorio|Hurricane|p2a: Regice\n|-damage|p2a: Regice|47/284\n|move|p2a: Regice|Ice Beam|p1a: Oricorio\n|-supereffective|p1a: Oricorio\n|-damage|p1a: Oricorio|0 fnt\n|faint|p1a: Oricorio\n|\n|upkeep\n|\n|t:|1781459885\n|switch|p1a: Beartic|Beartic, L91, F|321/321\n|turn|8\n|\n|t:|1781459894\n|move|p1a: Beartic|Swords Dance|p1a: Beartic\n|-boost|p1a: Beartic|atk|2\n|move|p2a: Regice|Thunder Wave|p1a: Beartic\n|-status|p1a: Beartic|par\n|\n|upkeep\n|turn|9\n|\n|t:|1781459908\n|move|p2a: Regice|Body Press|p1a: Beartic\n|-supereffective|p1a: Beartic\n|-damage|p1a: Beartic|201/321 par\n|cant|p1a: Beartic|par\n|\n|upkeep\n|turn|10\n|\n|t:|1781459914\n|move|p2a: Regice|Body Press|p1a: Beartic\n|-supereffective|p1a: Beartic\n|-damage|p1a: Beartic|73/321 par\n|cant|p1a: Beartic|par\n|\n|upkeep\n|turn|11\n|-message|Crinjal forfeited.\n|\n|win|OshModi\n", "uploadtime": 1781459722, "views": 3, "formatid": "gen9randombattle", "rating": null, "private": 0, "password": null}