{"id": "gen9randombattle-2631514150", "format": "[Gen 9] Random Battle", "players": ["arnavgupta", "jazenq"], "log": "|j|\u2606arnavgupta\n|j|\u2606jazenq\n|t:|1781394934\n|gametype|singles\n|player|p1|arnavgupta|drayden|2058\n|player|p2|jazenq|1|2098\n|gen|9\n|tier|[Gen 9] Random Battle\n|rated|\n|rule|Species Clause: Limit one of each Pok\u00e9mon\n|rule|HP Percentage Mod: HP is shown in percentages\n|rule|Sleep Clause Mod: Limit one foe put to sleep\n|rule|Illusion Level Mod: Illusion disguises the Pok\u00e9mon's true level\n|\n|t:|1781394934\n|teamsize|p1|6\n|teamsize|p2|6\n|start\n|switch|p1a: Raging Bolt|Raging Bolt, L78|323/323\n|switch|p2a: Weavile|Weavile, L79, F|239/239\n|turn|1\n|inactive|Battle timer is ON: inactive players will automatically lose when time's up. (requested by jazenq)\n|\n|t:|1781394945\n|-end|p1a: Raging Bolt|Protosynthesis|[silent]\n|switch|p1a: Piloswine|Piloswine, L85, M|309/309\n|move|p2a: Weavile|Knock Off|p1a: Piloswine\n|-damage|p1a: Piloswine|200/309\n|-enditem|p1a: Piloswine|Eviolite|[from] move: Knock Off|[of] p2a: Weavile\n|\n|upkeep\n|turn|2\n|\n|t:|1781394968\n|switch|p2a: Iron Valiant|Iron Valiant, L78|244/244\n|move|p1a: Piloswine|Stealth Rock|p2a: Iron Valiant\n|-sidestart|p2: jazenq|move: Stealth Rock\n|\n|upkeep\n|turn|3\n|\n|t:|1781394988\n|move|p2a: Iron Valiant|Close Combat|p1a: Piloswine\n|-supereffective|p1a: Piloswine\n|-damage|p1a: Piloswine|0 fnt\n|-unboost|p2a: Iron Valiant|def|1\n|-unboost|p2a: Iron Valiant|spd|1\n|faint|p1a: Piloswine\n|-damage|p2a: Iron Valiant|220/244|[from] item: Life Orb\n|\n|upkeep\n|\n|t:|1781394991\n|switch|p1a: Zacian|Zacian-Crowned, L64|225/225\n|-ability|p1a: Zacian|Intrepid Sword|boost\n|-boost|p1a: Zacian|atk|1\n|turn|4\n|\n|t:|1781395003\n|move|p1a: Zacian|Behemoth Blade|p2a: Iron Valiant\n|-supereffective|p2a: Iron Valiant\n|-damage|p2a: Iron Valiant|0 fnt\n|faint|p2a: Iron Valiant\n|-end|p2a: Iron Valiant|Quark Drive|[silent]\n|\n|upkeep\n|\n|t:|1781395014\n|switch|p2a: Dusknoir|Dusknoir, L89, F|225/225\n|-damage|p2a: Dusknoir|197/225|[from] Stealth Rock\n|-item|p1a: Zacian|Rusted Sword|[from] ability: Frisk|[of] p2a: Dusknoir\n|turn|5\n|\n|t:|1781395019\n|switch|p1a: Squawkabilly|Squawkabilly-White, L89, F|291/291\n|move|p2a: Dusknoir|Will-O-Wisp|p1a: Squawkabilly\n|-status|p1a: Squawkabilly|brn\n|\n|-heal|p2a: Dusknoir|211/225|[from] item: Leftovers\n|-damage|p1a: Squawkabilly|273/291 brn|[from] brn\n|upkeep\n|turn|6\n|\n|t:|1781395041\n|switch|p2a: Stonjourner|Stonjourner, L91, F|330/330\n|-damage|p2a: Stonjourner|289/330|[from] Stealth Rock\n|move|p1a: Squawkabilly|Brave Bird|p2a: Stonjourner\n|-resisted|p2a: Stonjourner\n|-damage|p2a: Stonjourner|258/330\n|-damage|p1a: Squawkabilly|263/291 brn|[from] Recoil\n|\n|-damage|p1a: Squawkabilly|245/291 brn|[from] brn\n|upkeep\n|turn|7\n|\n|t:|1781395045\n|move|p1a: Squawkabilly|Parting Shot|p2a: Stonjourner\n|-unboost|p2a: Stonjourner|atk|1\n|-unboost|p2a: Stonjourner|spa|1\n|\n|t:|1781395047\n|switch|p1a: Hypno|Hypno, L95, M|315/315|[from] Parting Shot\n|move|p2a: Stonjourner|Stealth Rock|p1a: Hypno\n|-sidestart|p1: arnavgupta|move: Stealth Rock\n|\n|upkeep\n|turn|8\n|\n|t:|1781395059\n|switch|p2a: Dusknoir|Dusknoir, L89, F|211/225\n|-damage|p2a: Dusknoir|183/225|[from] Stealth Rock\n|-item|p1a: Hypno|Leftovers|[from] ability: Frisk|[of] p2a: Dusknoir\n|move|p1a: Hypno|Thunder Wave|p2a: Dusknoir\n|-status|p2a: Dusknoir|par\n|\n|-heal|p2a: Dusknoir|197/225 par|[from] item: Leftovers\n|upkeep\n|turn|9\n|\n|t:|1781395069\n|switch|p2a: Stonjourner|Stonjourner, L91, F|258/330\n|-damage|p2a: Stonjourner|217/330|[from] Stealth Rock\n|move|p1a: Hypno|Knock Off|p2a: Stonjourner\n|-damage|p2a: Stonjourner|172/330\n|-enditem|p2a: Stonjourner|Life Orb|[from] move: Knock Off|[of] p1a: Hypno\n|\n|upkeep\n|turn|10\n|\n|t:|1781395077\n|move|p1a: Hypno|Psychic Noise|p2a: Stonjourner\n|-damage|p2a: Stonjourner|0 fnt\n|faint|p2a: Stonjourner\n|\n|upkeep\n|\n|t:|1781395086\n|switch|p2a: Dusknoir|Dusknoir, L89, F|197/225 par\n|-damage|p2a: Dusknoir|169/225 par|[from] Stealth Rock\n|-item|p1a: Hypno|Leftovers|[from] ability: Frisk|[of] p2a: Dusknoir\n|turn|11\n|\n|t:|1781395095\n|switch|p1a: Squawkabilly|Squawkabilly-White, L89, F|245/291 brn\n|switch|p2a: Weavile|Weavile, L79, F|239/239\n|-damage|p2a: Weavile|180/239|[from] Stealth Rock\n|\n|-damage|p1a: Squawkabilly|227/291 brn|[from] brn\n|upkeep\n|turn|12\n|\n|t:|1781395115\n|-terastallize|p2a: Weavile|Fighting\n|move|p2a: Weavile|Low Kick|p1a: Squawkabilly\n|-damage|p1a: Squawkabilly|182/291 brn\n|move|p1a: Squawkabilly|Brave Bird|p2a: Weavile\n|-supereffective|p2a: Weavile\n|-damage|p2a: Weavile|0 fnt\n|faint|p2a: Weavile\n|-damage|p1a: Squawkabilly|123/291 brn|[from] Recoil\n|\n|-damage|p1a: Squawkabilly|105/291 brn|[from] brn\n|upkeep\n|-message|jazenq forfeited.\n|\n|win|arnavgupta\n", "inputlog": ">version a8376a258c1d4662feba110a92103f3664a72141\n>start {\"formatid\":\"gen9randombattle\",\"seed\":\"sodium,54a1f58991d75753026043d556d2215d\",\"rated\":\"Rated battle\"}\n>player p1 {\"name\":\"arnavgupta\",\"avatar\":\"drayden\",\"rating\":2058,\"seed\":\"sodium,bee92585b8f64e289e5a7c913cfde02a\"}\n>player p2 {\"name\":\"jazenq\",\"avatar\":\"1\",\"rating\":2098,\"seed\":\"sodium,af55d89c9e23199f31cfc07afe07a092\"}\n>p1 switch 4\n>p2 move knockoff\n>p1 move stealthrock\n>p2 switch 2\n>p1 move iciclecrash\n>p2 move closecombat\n>p1 switch 6\n>p1 move behemothblade\n>p2 move encore\n>p2 switch 4\n>p1 switch 2\n>p2 move willowisp\n>p1 move bravebird\n>p2 switch 5\n>p1 move partingshot\n>p2 move stealthrock\n>p1 switch 5\n>p1 move thunderwave\n>p2 switch 5\n>p1 move knockoff\n>p2 switch 5\n>p1 move psychicnoise\n>p2 move stoneedge\n>p2 switch 5\n>p1 switch 5\n>p2 switch 2\n>p1 move bravebird\n>p2 move lowkick terastallize\n>forcelose p2", "uploadtime": 1781394936, "views": 7, "formatid": "gen9randombattle", "rating": null, "private": 0, "password": null}