{"id": "gen9randombattle-2631988034", "format": "[Gen 9] Random Battle", "players": ["Silveriogold", "prajkundi"], "log": "|badge|p2|silver|gen9randombattle|30-9\n|uhtml|medal-msg|<div class=\"broadcast-blue\">Curious what those medals under the avatar are? PS now has Ladder Seasons! For more information, check out the <a href=\"https://www.smogon.com/forums/threads/3740067/\">thread on Smogon.</a></div>\n|j|\u2606Silveriogold\n|j|\u2606prajkundi\n|t:|1781463161\n|gametype|singles\n|player|p1|Silveriogold|265|2166\n|player|p2|prajkundi|red|2238\n|gen|9\n|tier|[Gen 9] Random Battle\n|rated|\n|rule|Species Clause: Limit one of each Pok\u00e9mon\n|rule|HP Percentage Mod: HP is shown in percentages\n|rule|Sleep Clause Mod: Limit one foe put to sleep\n|rule|Illusion Level Mod: Illusion disguises the Pok\u00e9mon's true level\n|\n|t:|1781463161\n|teamsize|p1|6\n|teamsize|p2|6\n|start\n|switch|p1a: Regieleki|Regieleki, L79|256/256\n|switch|p2a: Excadrill|Excadrill, L79, M|303/303\n|-ability|p2a: Excadrill|Mold Breaker\n|turn|1\n|inactive|Battle timer is ON: inactive players will automatically lose when time's up. (requested by prajkundi)\n|\n|t:|1781463175\n|switch|p1a: Hariyama|Hariyama, L87, M|392/392\n|move|p2a: Excadrill|Iron Head|p1a: Hariyama\n|-damage|p1a: Hariyama|278/392\n|\n|upkeep\n|turn|2\n|\n|t:|1781463181\n|switch|p2a: Toxapex|Toxapex, L82, F|216/216\n|move|p1a: Hariyama|Close Combat|p2a: Toxapex\n|-resisted|p2a: Toxapex\n|-damage|p2a: Toxapex|165/216\n|-unboost|p1a: Hariyama|def|1\n|-unboost|p1a: Hariyama|spd|1\n|-damage|p1a: Hariyama|213/392|[from] item: Rocky Helmet|[of] p2a: Toxapex\n|\n|upkeep\n|turn|3\n|\n|t:|1781463198\n|move|p1a: Hariyama|Knock Off|p2a: Toxapex\n|-damage|p2a: Toxapex|112/216\n|-damage|p1a: Hariyama|148/392|[from] item: Rocky Helmet|[of] p2a: Toxapex\n|-enditem|p2a: Toxapex|Rocky Helmet|[from] move: Knock Off|[of] p1a: Hariyama\n|move|p2a: Toxapex|Toxic Spikes|p1a: Hariyama\n|-sidestart|p1: Silveriogold|move: Toxic Spikes\n|\n|upkeep\n|turn|4\n|\n|t:|1781463227\n|switch|p2a: Scyther|Scyther, L82, F|249/249\n|move|p1a: Hariyama|Stone Edge|p2a: Scyther\n|-supereffective|p2a: Scyther\n|-damage|p2a: Scyther|0 fnt\n|faint|p2a: Scyther\n|\n|upkeep\n|\n|t:|1781463238\n|switch|p2a: Excadrill|Excadrill, L79, M|303/303\n|-ability|p2a: Excadrill|Mold Breaker\n|turn|5\n|\n|t:|1781463247\n|switch|p1a: Lumineon|Lumineon, L93, F|279/279\n|move|p2a: Excadrill|Earthquake|p1a: Lumineon\n|-damage|p1a: Lumineon|158/279\n|\n|upkeep\n|turn|6\n|\n|t:|1781463261\n|switch|p2a: Toxapex|Toxapex, L82, F|184/216\n|move|p1a: Lumineon|Hydro Pump|p2a: Toxapex\n|-resisted|p2a: Toxapex\n|-damage|p2a: Toxapex|148/216\n|\n|upkeep\n|turn|7\n|\n|t:|1781463279\n|move|p1a: Lumineon|Ice Beam|p2a: Toxapex\n|-resisted|p2a: Toxapex\n|-damage|p2a: Toxapex|126/216\n|move|p2a: Toxapex|Toxic Spikes|p1a: Lumineon\n|-sidestart|p1: Silveriogold|move: Toxic Spikes\n|\n|upkeep\n|turn|8\n|\n|t:|1781463286\n|move|p1a: Lumineon|Encore|p2a: Toxapex\n|-start|p2a: Toxapex|Encore\n|move|p2a: Toxapex|Toxic Spikes||[still]\n|-fail|p2a: Toxapex\n|\n|upkeep\n|turn|9\n|\n|t:|1781463290\n|switch|p2a: Luvdisc|Luvdisc, M|247/247\n|move|p1a: Lumineon|U-turn|p2a: Luvdisc\n|-damage|p2a: Luvdisc|190/247\n|\n|t:|1781463302\n|switch|p1a: Revavroom|Revavroom, L79, F|256/256|[from] U-turn\n|-sideend|p1: Silveriogold|move: Toxic Spikes|[of] p1a: Revavroom\n|\n|upkeep\n|turn|10\n|\n|t:|1781463315\n|switch|p1a: Lumineon|Lumineon, L93, F|158/279\n|move|p2a: Luvdisc|Surf|p1a: Lumineon\n|-ability|p1a: Lumineon|Storm Drain|boost\n|-boost|p1a: Lumineon|spa|1\n|\n|upkeep\n|turn|11\n|l|\u2606Silveriogold\n|inactive|Silveriogold disconnected and has a minute to reconnect!\n|player|p1|\n|j|\u2606Silveriogold\n|inactive|Silveriogold reconnected and has 140 seconds left.\n|player|p1|Silveriogold|265|\n|\n|t:|1781463337\n|move|p2a: Luvdisc|Substitute|p2a: Luvdisc\n|-start|p2a: Luvdisc|Substitute\n|-damage|p2a: Luvdisc|129/247\n|move|p1a: Lumineon|Ice Beam|p2a: Luvdisc\n|-resisted|p2a: Luvdisc\n|-activate|p2a: Luvdisc|move: Substitute|[damage]\n|\n|upkeep\n|turn|12\n|\n|t:|1781463346\n|move|p2a: Luvdisc|Endeavor|p1a: Lumineon\n|-damage|p1a: Lumineon|129/279\n|move|p1a: Lumineon|Encore|p2a: Luvdisc\n|-start|p2a: Luvdisc|Encore\n|\n|upkeep\n|turn|13\n|\n|t:|1781463350\n|move|p2a: Luvdisc|Endeavor|p1a: Lumineon\n|-immune|p1a: Lumineon\n|move|p1a: Lumineon|Ice Beam|p2a: Luvdisc\n|-resisted|p2a: Luvdisc\n|-end|p2a: Luvdisc|Substitute\n|\n|upkeep\n|turn|14\n|\n|t:|1781463354\n|move|p2a: Luvdisc|Endeavor|p1a: Lumineon\n|-immune|p1a: Lumineon\n|move|p1a: Lumineon|Ice Beam|p2a: Luvdisc\n|-resisted|p2a: Luvdisc\n|-damage|p2a: Luvdisc|83/247\n|\n|upkeep\n|turn|15\n|\n|t:|1781463362\n|move|p2a: Luvdisc|Endeavor|p1a: Lumineon\n|-damage|p1a: Lumineon|83/279\n|move|p1a: Lumineon|Ice Beam|p2a: Luvdisc\n|-resisted|p2a: Luvdisc\n|-damage|p2a: Luvdisc|39/247\n|\n|-end|p2a: Luvdisc|Encore\n|upkeep\n|turn|16\n|\n|t:|1781463380\n|move|p2a: Luvdisc|Endeavor|p1a: Lumineon\n|-damage|p1a: Lumineon|39/279\n|move|p1a: Lumineon|Ice Beam|p2a: Luvdisc\n|-resisted|p2a: Luvdisc\n|-damage|p2a: Luvdisc|0 fnt\n|faint|p2a: Luvdisc\n|\n|upkeep\n|\n|t:|1781463385\n|switch|p2a: Toxapex|Toxapex, L82, F|198/216\n|turn|17\n|\n|t:|1781463395\n|move|p1a: Lumineon|U-turn|p2a: Toxapex\n|-resisted|p2a: Toxapex\n|-damage|p2a: Toxapex|182/216\n|\n|t:|1781463398\n|switch|p1a: Raichu|Raichu-Alola, L87, F|246/246|[from] U-turn\n|move|p2a: Toxapex|Toxic Spikes|p1a: Raichu\n|-sidestart|p1: Silveriogold|move: Toxic Spikes\n|\n|upkeep\n|turn|18\n|\n|t:|1781463411\n|switch|p1a: Revavroom|Revavroom, L79, F|256/256\n|-sideend|p1: Silveriogold|move: Toxic Spikes|[of] p1a: Revavroom\n|move|p2a: Toxapex|Liquidation|p1a: Revavroom\n|-damage|p1a: Revavroom|195/256\n|\n|upkeep\n|turn|19\n|\n|t:|1781463415\n|move|p1a: Revavroom|Shift Gear|p1a: Revavroom\n|-boost|p1a: Revavroom|spe|2\n|-boost|p1a: Revavroom|atk|1\n|move|p2a: Toxapex|Liquidation|p1a: Revavroom\n|-damage|p1a: Revavroom|125/256\n|\n|upkeep\n|turn|20\n|\n|t:|1781463434\n|move|p1a: Revavroom|High Horsepower|p2a: Toxapex\n|-supereffective|p2a: Toxapex\n|-damage|p2a: Toxapex|0 fnt\n|faint|p2a: Toxapex\n|-damage|p1a: Revavroom|100/256|[from] item: Life Orb\n|\n|upkeep\n|\n|t:|1781463453\n|switch|p2a: Falinks|Falinks, L84|246/246\n|turn|21\n|\n|t:|1781463459\n|-terastallize|p2a: Falinks|Steel\n|move|p1a: Revavroom|Gunk Shot|p2a: Falinks\n|-immune|p2a: Falinks\n|move|p2a: Falinks|No Retreat|p2a: Falinks\n|-boost|p2a: Falinks|atk|1\n|-boost|p2a: Falinks|def|1\n|-boost|p2a: Falinks|spa|1\n|-boost|p2a: Falinks|spd|1\n|-boost|p2a: Falinks|spe|1\n|-start|p2a: Falinks|move: No Retreat\n|\n|upkeep\n|turn|22\n|\n|t:|1781463470\n|move|p1a: Revavroom|High Horsepower|p2a: Falinks\n|-supereffective|p2a: Falinks\n|-damage|p2a: Falinks|69/246\n|-damage|p1a: Revavroom|75/256|[from] item: Life Orb\n|move|p2a: Falinks|Close Combat|p1a: Revavroom\n|-damage|p1a: Revavroom|0 fnt\n|-unboost|p2a: Falinks|def|1\n|-unboost|p2a: Falinks|spd|1\n|faint|p1a: Revavroom\n|-damage|p2a: Falinks|45/246|[from] item: Life Orb\n|\n|upkeep\n|\n|t:|1781463478\n|switch|p1a: Regieleki|Regieleki, L79|256/256\n|turn|23\n|\n|t:|1781463481\n|move|p1a: Regieleki|Thunderbolt|p2a: Falinks\n|-damage|p2a: Falinks|0 fnt\n|faint|p2a: Falinks\n|\n|upkeep\n|\n|t:|1781463483\n|switch|p2a: Excadrill|Excadrill, L79, M|303/303\n|-ability|p2a: Excadrill|Mold Breaker\n|turn|24\n|\n|t:|1781463491\n|switch|p1a: Hariyama|Hariyama, L87, M|148/392\n|move|p2a: Excadrill|Rapid Spin|p1a: Hariyama\n|-crit|p1a: Hariyama\n|-damage|p1a: Hariyama|67/392\n|-boost|p2a: Excadrill|spe|1\n|\n|upkeep\n|turn|25\n|\n|t:|1781463499\n|move|p2a: Excadrill|Earthquake|p1a: Hariyama\n|-crit|p1a: Hariyama\n|-damage|p1a: Hariyama|0 fnt\n|faint|p1a: Hariyama\n|\n|upkeep\n|\n|t:|1781463505\n|switch|p1a: Giratina|Giratina, L75|349/349\n|-ability|p1a: Giratina|Pressure\n|turn|26\n|\n|t:|1781463511\n|move|p2a: Excadrill|Swords Dance|p2a: Excadrill\n|-boost|p2a: Excadrill|atk|2\n|move|p1a: Giratina|Dragon Pulse|p2a: Excadrill\n|-resisted|p2a: Excadrill\n|-damage|p2a: Excadrill|251/303\n|\n|-heal|p2a: Excadrill|269/303|[from] item: Leftovers\n|upkeep\n|turn|27\n|\n|t:|1781463524\n|move|p2a: Excadrill|Iron Head|p1a: Giratina\n|-damage|p1a: Giratina|178/349\n|move|p1a: Giratina|Dragon Pulse|p2a: Excadrill\n|-resisted|p2a: Excadrill\n|-damage|p2a: Excadrill|220/303\n|\n|-heal|p2a: Excadrill|238/303|[from] item: Leftovers\n|-heal|p1a: Giratina|199/349|[from] item: Leftovers\n|upkeep\n|turn|28\n|\n|t:|1781463529\n|move|p2a: Excadrill|Earthquake|p1a: Giratina\n|-damage|p1a: Giratina|1/349\n|move|p1a: Giratina|Dragon Pulse|p2a: Excadrill\n|-resisted|p2a: Excadrill\n|-damage|p2a: Excadrill|184/303\n|\n|-heal|p2a: Excadrill|202/303|[from] item: Leftovers\n|-heal|p1a: Giratina|22/349|[from] item: Leftovers\n|upkeep\n|turn|29\n|\n|t:|1781463540\n|move|p2a: Excadrill|Iron Head|p1a: Giratina\n|-damage|p1a: Giratina|0 fnt\n|faint|p1a: Giratina\n|\n|-heal|p2a: Excadrill|220/303|[from] item: Leftovers\n|upkeep\n|\n|t:|1781463542\n|switch|p1a: Regieleki|Regieleki, L79|256/256\n|turn|30\n|\n|t:|1781463545\n|move|p1a: Regieleki|Explosion|p2a: Excadrill\n|-resisted|p2a: Excadrill\n|-damage|p2a: Excadrill|110/303\n|faint|p1a: Regieleki\n|move|p2a: Excadrill|Rapid Spin|p1: Regieleki|[notarget]\n|-fail|p2a: Excadrill\n|\n|-heal|p2a: Excadrill|128/303|[from] item: Leftovers\n|upkeep\n|\n|t:|1781463548\n|switch|p1a: Raichu|Raichu-Alola, L87, F|246/246\n|turn|31\n|\n|t:|1781463553\n|-terastallize|p1a: Raichu|Fairy\n|move|p2a: Excadrill|Earthquake|p1a: Raichu\n|-damage|p1a: Raichu|0 fnt\n|faint|p1a: Raichu\n|\n|-heal|p2a: Excadrill|146/303|[from] item: Leftovers\n|upkeep\n|-message|Silveriogold forfeited.\n|\n|win|prajkundi\n|raw|Silveriogold's rating: 2166 &rarr; <strong>2147</strong><br />(-19 for losing)\n|raw|prajkundi's rating: 2184 &rarr; <strong>2203</strong><br />(+19 for winning)\n", "inputlog": ">version a8376a258c1d4662feba110a92103f3664a72141\n>start {\"formatid\":\"gen9randombattle\",\"seed\":\"sodium,a8a7d09a0ddf9dda39de18bd06df9730\",\"rated\":\"Rated battle\"}\n>player p1 {\"name\":\"Silveriogold\",\"avatar\":\"265\",\"rating\":2166,\"seed\":\"sodium,3dcc573c40c5bfb99f8dc84142635066\"}\n>player p2 {\"name\":\"prajkundi\",\"avatar\":\"red\",\"rating\":2238,\"seed\":\"sodium,505d43a8cb6d62c5a7070ee53b67a79a\"}\n>p1 switch 6\n>p2 move ironhead\n>p1 move closecombat\n>p2 switch 5\n>p1 move knockoff\n>p2 move toxicspikes\n>p1 move stoneedge\n>p2 switch 2\n>p2 switch 5\n>p1 switch 4\n>p2 move earthquake\n>p1 move hydropump\n>p2 switch 2\n>p1 move icebeam\n>p2 move toxicspikes\n>p1 move encore\n>p2 move recover\n>p1 move uturn\n>p2 switch 6\n>p1 switch 3\n>p1 switch 3\n>p2 move surf\n>p1 move icebeam\n>p2 move substitute\n>p1 move encore\n>p2 move endeavor\n>p1 move icebeam\n>p2 move endeavor\n>p1 move icebeam\n>p2 move endeavor\n>p1 move icebeam\n>p2 move endeavor\n>p1 move icebeam\n>p2 move endeavor\n>p2 switch 6\n>p1 move uturn\n>p2 move toxicspikes\n>p1 switch 2\n>p1 switch 3\n>p2 move liquidation\n>p1 move shiftgear\n>p2 move liquidation\n>p1 move highhorsepower\n>p2 move haze\n>p2 switch 3\n>p1 move gunkshot\n>p2 move noretreat terastallize\n>p1 move highhorsepower\n>p2 move closecombat\n>p1 switch 6\n>p1 move thunderbolt\n>p2 move closecombat\n>p2 switch 2\n>p1 switch 4\n>p2 move rapidspin\n>p1 move closecombat\n>p2 move earthquake\n>p1 switch 5\n>p1 move dragonpulse\n>p2 move swordsdance\n>p1 move dragonpulse\n>p2 move ironhead\n>p1 move dragonpulse\n>p2 move earthquake\n>p1 move dragonpulse\n>p2 move ironhead\n>p1 switch 4\n>p1 move explosion\n>p2 move rapidspin\n>p1 switch 3\n>p1 move alluringvoice terastallize\n>p2 move earthquake\n>forcelose p1", "uploadtime": 1781463164, "views": 6, "formatid": "gen9randombattle", "rating": 2147, "private": 0, "password": null}