{"id": "gen9randombattle-2631428024", "format": "[Gen 9] Random Battle", "players": ["sarsagimon", "Astrokid11"], "log": "|j|\u2606sarsagimon\n|j|\u2606Astrokid11\n|t:|1781383421\n|gametype|singles\n|player|p1|sarsagimon|ethan|1909\n|player|p2|Astrokid11|102|1923\n|gen|9\n|tier|[Gen 9] Random Battle\n|rated|\n|rule|Species Clause: Limit one of each Pok\u00e9mon\n|rule|HP Percentage Mod: HP is shown in percentages\n|rule|Sleep Clause Mod: Limit one foe put to sleep\n|rule|Illusion Level Mod: Illusion disguises the Pok\u00e9mon's true level\n|\n|t:|1781383421\n|teamsize|p1|6\n|teamsize|p2|6\n|start\n|switch|p1a: Tentacruel|Tentacruel, L84, F|272/272\n|switch|p2a: Politoed|Politoed, L88, M|302/302\n|-weather|RainDance|[from] ability: Drizzle|[of] p2a: Politoed\n|turn|1\n|inactive|Battle timer is ON: inactive players will automatically lose when time's up. (requested by sarsagimon)\n|c|\u2606sarsagimon|glhf!\n|\n|t:|1781383435\n|move|p1a: Tentacruel|Sludge Bomb|p2a: Politoed\n|-damage|p2a: Politoed|226/302\n|move|p2a: Politoed|Hypnosis|p1a: Tentacruel\n|-status|p1a: Tentacruel|slp|[from] move: Hypnosis\n|\n|-weather|RainDance|[upkeep]\n|upkeep\n|turn|2\n|inactive|Astrokid11 has 120 seconds left.\n|\n|t:|1781383470\n|switch|p2a: Oranguru|Oranguru, L92, M|315/315\n|cant|p1a: Tentacruel|slp\n|\n|-weather|RainDance|[upkeep]\n|upkeep\n|turn|3\n|\n|t:|1781383481\n|cant|p1a: Tentacruel|slp\n|move|p2a: Oranguru|Psyshock|p1a: Tentacruel\n|-supereffective|p1a: Tentacruel\n|-damage|p1a: Tentacruel|0 fnt\n|faint|p1a: Tentacruel\n|-damage|p2a: Oranguru|284/315|[from] item: Life Orb\n|\n|-weather|RainDance|[upkeep]\n|upkeep\n|inactive|sarsagimon has 120 seconds left.\n|\n|t:|1781383518\n|switch|p1a: Chien-Pao|Chien-Pao, L72|234/234\n|-ability|p1a: Chien-Pao|Sword of Ruin\n|turn|4\n|\n|t:|1781383542\n|move|p1a: Chien-Pao|Icicle Crash|p2a: Oranguru\n|-damage|p2a: Oranguru|128/315\n|move|p2a: Oranguru|Focus Blast|p1a: Chien-Pao|[miss]\n|-miss|p2a: Oranguru|p1a: Chien-Pao\n|\n|-weather|RainDance|[upkeep]\n|upkeep\n|turn|5\n|\n|t:|1781383549\n|switch|p2a: Politoed|Politoed, L88, M|226/302\n|move|p1a: Chien-Pao|Icicle Crash|p2a: Politoed\n|-resisted|p2a: Politoed\n|-damage|p2a: Politoed|148/302\n|\n|-weather|none\n|upkeep\n|turn|6\n|inactive|sarsagimon has 120 seconds left.\n|\n|t:|1781383571\n|switch|p1a: Conkeldurr|Conkeldurr, L80, F|299/299\n|move|p2a: Politoed|Rest|p2a: Politoed\n|-status|p2a: Politoed|slp|[from] move: Rest\n|-heal|p2a: Politoed|302/302 slp|[silent]\n|-enditem|p2a: Politoed|Chesto Berry|[eat]\n|-curestatus|p2a: Politoed|slp|[msg]\n|\n|-status|p1a: Conkeldurr|brn|[from] item: Flame Orb\n|upkeep\n|turn|7\n|\n|t:|1781383583\n|move|p2a: Politoed|Hydro Pump|p1a: Conkeldurr|[miss]\n|-miss|p2a: Politoed|p1a: Conkeldurr\n|move|p1a: Conkeldurr|Facade|p2a: Politoed\n|-damage|p2a: Politoed|111/302\n|\n|-damage|p1a: Conkeldurr|281/299 brn|[from] brn\n|upkeep\n|turn|8\n|\n|t:|1781383605\n|move|p1a: Conkeldurr|Mach Punch|p2a: Politoed\n|-damage|p2a: Politoed|26/302\n|move|p2a: Politoed|Hydro Pump|p1a: Conkeldurr\n|-damage|p1a: Conkeldurr|116/299 brn\n|\n|-damage|p1a: Conkeldurr|98/299 brn|[from] brn\n|upkeep\n|turn|9\n|\n|t:|1781383615\n|move|p1a: Conkeldurr|Mach Punch|p2a: Politoed\n|-damage|p2a: Politoed|0 fnt\n|faint|p2a: Politoed\n|\n|-damage|p1a: Conkeldurr|80/299 brn|[from] brn\n|upkeep\n|inactive|Astrokid11 has 120 seconds left.\n|\n|t:|1781383636\n|switch|p2a: Golem|Golem, L87, M|281/281\n|turn|10\n|\n|t:|1781383643\n|move|p1a: Conkeldurr|Mach Punch|p2a: Golem\n|-supereffective|p2a: Golem\n|-damage|p2a: Golem|173/281\n|-enditem|p2a: Golem|Weakness Policy\n|-boost|p2a: Golem|atk|2|[from] item: Weakness Policy\n|-boost|p2a: Golem|spa|2|[from] item: Weakness Policy\n|move|p2a: Golem|Earthquake|p1a: Conkeldurr\n|-damage|p1a: Conkeldurr|0 fnt\n|faint|p1a: Conkeldurr\n|\n|upkeep\n|inactive|sarsagimon has 120 seconds left.\n|\n|t:|1781383671\n|switch|p1a: Rabsca|Rabsca, L91, F|284/284\n|turn|11\n|\n|t:|1781383679\n|move|p1a: Rabsca|Bug Buzz|p2a: Golem\n|-damage|p2a: Golem|22/281\n|move|p2a: Golem|Rock Polish|p2a: Golem\n|-boost|p2a: Golem|spe|2\n|\n|upkeep\n|turn|12\n|\n|t:|1781383699\n|switch|p1a: Drifblim|Drifblim, L86, F|396/396\n|move|p2a: Golem|Stone Edge|p1a: Drifblim\n|-supereffective|p1a: Drifblim\n|-damage|p1a: Drifblim|0 fnt\n|faint|p1a: Drifblim\n|\n|upkeep\n|\n|t:|1781383704\n|switch|p1a: Chien-Pao|Chien-Pao, L72|234/234\n|-ability|p1a: Chien-Pao|Sword of Ruin\n|turn|13\n|\n|t:|1781383714\n|move|p1a: Chien-Pao|Ice Shard|p2a: Golem\n|-supereffective|p2a: Golem\n|-damage|p2a: Golem|0 fnt\n|faint|p2a: Golem\n|\n|upkeep\n|inactive|Astrokid11 has 120 seconds left.\n|\n|t:|1781383754\n|switch|p2a: Oranguru|Oranguru, L92, M|128/315\n|turn|14\n|inactive|sarsagimon has 120 seconds left.\n|\n|t:|1781383768\n|switch|p1a: Iron Valiant|Iron Valiant, L78|244/244\n|move|p2a: Oranguru|Hyper Voice|p1a: Iron Valiant\n|-damage|p1a: Iron Valiant|40/244\n|-damage|p2a: Oranguru|97/315|[from] item: Life Orb\n|\n|upkeep\n|turn|15\n|\n|t:|1781383777\n|move|p1a: Iron Valiant|Knock Off|p2a: Oranguru\n|-supereffective|p2a: Oranguru\n|-damage|p2a: Oranguru|0 fnt\n|-enditem|p2a: Oranguru|Life Orb|[from] move: Knock Off|[of] p1a: Iron Valiant\n|faint|p2a: Oranguru\n|-damage|p1a: Iron Valiant|16/244|[from] item: Life Orb\n|\n|upkeep\n|\n|t:|1781383782\n|switch|p2a: Ditto|Ditto, L87|225/225\n|-transform|p2a: Ditto|p1a: Iron Valiant|[from] ability: Imposter\n|turn|16\n|\n|t:|1781383794\n|move|p2a: Ditto|Knock Off|p1a: Iron Valiant\n|-resisted|p1a: Iron Valiant\n|-damage|p1a: Iron Valiant|0 fnt\n|-enditem|p1a: Iron Valiant|Life Orb|[from] move: Knock Off|[of] p2a: Ditto\n|faint|p1a: Iron Valiant\n|-end|p1a: Iron Valiant|Quark Drive|[silent]\n|\n|upkeep\n|\n|t:|1781383805\n|switch|p1a: Chien-Pao|Chien-Pao, L72|234/234\n|-ability|p1a: Chien-Pao|Sword of Ruin\n|turn|17\n|\n|t:|1781383816\n|-end|p2a: Ditto|Quark Drive|[silent]\n|switch|p2a: Barraskewda|Barraskewda, L81, M|231/231\n|move|p1a: Chien-Pao|Icicle Crash|p2a: Barraskewda\n|-resisted|p2a: Barraskewda\n|-crit|p2a: Barraskewda\n|-damage|p2a: Barraskewda|72/231\n|\n|upkeep\n|turn|18\n|\n|t:|1781383825\n|switch|p1a: Rabsca|Rabsca, L91, F|284/284\n|move|p2a: Barraskewda|Flip Turn|p1a: Rabsca\n|-damage|p1a: Rabsca|187/284\n|\n|t:|1781383833\n|switch|p2a: Ditto|Ditto, L87|225/225|[from] Flip Turn\n|-transform|p2a: Ditto|p1a: Rabsca|[from] ability: Imposter\n|\n|upkeep\n|turn|19\n|\n|t:|1781383844\n|move|p2a: Ditto|Bug Buzz|p1a: Rabsca\n|-supereffective|p1a: Rabsca\n|-damage|p1a: Rabsca|0 fnt\n|faint|p1a: Rabsca\n|\n|upkeep\n|\n|t:|1781383848\n|switch|p1a: Chien-Pao|Chien-Pao, L72|234/234\n|-ability|p1a: Chien-Pao|Sword of Ruin\n|turn|20\n|-message|sarsagimon forfeited.\n|\n|win|Astrokid11\n|raw|sarsagimon's rating: 1909 &rarr; <strong>1890</strong><br />(-19 for losing)\n|raw|Astrokid11's rating: 1923 &rarr; <strong>1942</strong><br />(+19 for winning)\n|l|\u2606sarsagimon\n|player|p1|\n", "inputlog": ">version a8376a258c1d4662feba110a92103f3664a72141\n>start {\"formatid\":\"gen9randombattle\",\"seed\":\"sodium,571520e92f1643d9c452c384ff6b47c7\",\"rated\":\"Rated battle\"}\n>player p1 {\"name\":\"sarsagimon\",\"avatar\":\"ethan\",\"rating\":1909,\"seed\":\"sodium,ed19cec2e5abe33f4fde320ab79f8562\"}\n>player p2 {\"name\":\"Astrokid11\",\"avatar\":\"102\",\"rating\":1923,\"seed\":\"sodium,590b155e21bd7255d25eff7fc20cf207\"}\n>chat \u2606sarsagimon|glhf!\n>p1 move sludgebomb\n>p2 move hypnosis\n>p1 move sludgebomb\n>p2 switch 5\n>p1 move surf\n>p2 move psyshock\n>p1 switch 3\n>p1 move iciclecrash\n>p2 move focusblast\n>p1 move iciclecrash\n>p2 switch 5\n>p1 switch 4\n>p2 move rest\n>p1 move facade\n>p2 move hydropump\n>p1 move machpunch\n>p2 move hydropump\n>p1 move machpunch\n>p2 move hydropump\n>p2 switch 6\n>p1 move machpunch\n>p2 move earthquake\n>p1 switch 6\n>p1 move bugbuzz\n>p2 move rockpolish\n>p1 switch 2\n>p2 move stoneedge\n>p1 switch 4\n>p1 move iceshard\n>p2 move earthquake\n>p2 switch 5\n>p1 switch 5\n>p2 move hypervoice\n>p1 move knockoff\n>p2 move hypervoice\n>p2 switch 2\n>p1 move spiritbreak\n>p2 move knockoff\n>p1 switch 5\n>p1 move iciclecrash\n>p2 switch 4\n>p1 switch 2\n>p2 move flipturn\n>p2 switch 4\n>p1 move bugbuzz\n>p2 move bugbuzz\n>p1 switch 2\n>forcelose p1", "uploadtime": 1781383423, "views": 11, "formatid": "gen9randombattle", "rating": 1890, "private": 0, "password": null}