{"id": "gen9randombattle-2631583310", "format": "[Gen 9] Random Battle", "players": ["xdxboa", "ovni765"], "log": "|j|\u2606xdxboa\n|j|\u2606ovni765\n|t:|1781404541\n|gametype|singles\n|player|p1|xdxboa|2|\n|player|p2|ovni765|266|\n|gen|9\n|tier|[Gen 9] Random Battle\n|rule|Species Clause: Limit one of each Pok\u00e9mon\n|rule|HP Percentage Mod: HP is shown in percentages\n|rule|Sleep Clause Mod: Limit one foe put to sleep\n|rule|Illusion Level Mod: Illusion disguises the Pok\u00e9mon's true level\n|\n|t:|1781404542\n|teamsize|p1|6\n|teamsize|p2|6\n|start\n|switch|p1a: Skeledirge|Skeledirge, L79, F|294/294\n|switch|p2a: Kyogre|Kyogre, L71|259/259\n|-weather|RainDance|[from] ability: Drizzle|[of] p2a: Kyogre\n|turn|1\n|inactive|Battle timer is ON: inactive players will automatically lose when time's up. (requested by ovni765)\n|inactive|xdxboa has 270 seconds left.\n|\n|t:|1781404595\n|switch|p1a: Swanna|Swanna, L89, F|278/278\n|move|p2a: Kyogre|Ice Beam|p1a: Swanna\n|-damage|p1a: Swanna|205/278\n|\n|-weather|RainDance|[upkeep]\n|upkeep\n|turn|2\n|\n|t:|1781404605\n|switch|p2a: Rhydon|Rhydon, L85, M|317/317\n|move|p1a: Swanna|Brave Bird|p2a: Rhydon\n|-resisted|p2a: Rhydon\n|-damage|p2a: Rhydon|286/317\n|-damage|p1a: Swanna|195/278|[from] Recoil\n|\n|-weather|RainDance|[upkeep]\n|upkeep\n|turn|3\n|\n|t:|1781404619\n|move|p1a: Swanna|Roost|p1a: Swanna\n|-heal|p1a: Swanna|278/278\n|-singleturn|p1a: Swanna|move: Roost\n|move|p2a: Rhydon|Stone Edge|p1a: Swanna\n|-damage|p1a: Swanna|109/278\n|\n|-weather|RainDance|[upkeep]\n|upkeep\n|turn|4\n|\n|t:|1781404628\n|move|p1a: Swanna|Roost|p1a: Swanna\n|-heal|p1a: Swanna|248/278\n|-singleturn|p1a: Swanna|move: Roost\n|move|p2a: Rhydon|Stone Edge|p1a: Swanna\n|-damage|p1a: Swanna|89/278\n|\n|-weather|RainDance|[upkeep]\n|upkeep\n|turn|5\n|\n|t:|1781404638\n|move|p1a: Swanna|Roost|p1a: Swanna\n|-heal|p1a: Swanna|228/278\n|-singleturn|p1a: Swanna|move: Roost\n|move|p2a: Rhydon|Stealth Rock|p1a: Swanna\n|-sidestart|p1: xdxboa|move: Stealth Rock\n|\n|-weather|none\n|upkeep\n|turn|6\n|\n|t:|1781404645\n|move|p1a: Swanna|Hydro Pump|p2a: Rhydon|[miss]\n|-miss|p1a: Swanna|p2a: Rhydon\n|move|p2a: Rhydon|Stone Edge|p1a: Swanna\n|-supereffective|p1a: Swanna\n|-crit|p1a: Swanna\n|-damage|p1a: Swanna|0 fnt\n|faint|p1a: Swanna\n|\n|upkeep\n|\n|t:|1781404659\n|switch|p1a: Skeledirge|Skeledirge, L79, F|294/294\n|turn|7\n|\n|t:|1781404666\n|move|p1a: Skeledirge|Will-O-Wisp|p2a: Rhydon\n|-status|p2a: Rhydon|brn\n|move|p2a: Rhydon|Earthquake|p1a: Skeledirge\n|-supereffective|p1a: Skeledirge\n|-damage|p1a: Skeledirge|152/294\n|\n|-damage|p2a: Rhydon|267/317 brn|[from] brn\n|upkeep\n|turn|8\n|\n|t:|1781404680\n|switch|p1a: Floatzel|Floatzel, L86, F|286/286\n|-damage|p1a: Floatzel|251/286|[from] Stealth Rock\n|move|p2a: Rhydon|Earthquake|p1a: Floatzel\n|-damage|p1a: Floatzel|161/286\n|\n|-heal|p1a: Floatzel|178/286|[from] item: Leftovers\n|-damage|p2a: Rhydon|248/317 brn|[from] brn\n|upkeep\n|turn|9\n|\n|t:|1781404691\n|move|p1a: Floatzel|Bulk Up|p1a: Floatzel\n|-boost|p1a: Floatzel|atk|1\n|-boost|p1a: Floatzel|def|1\n|move|p2a: Rhydon|Earthquake|p1a: Floatzel\n|-damage|p1a: Floatzel|113/286\n|\n|-heal|p1a: Floatzel|130/286|[from] item: Leftovers\n|-damage|p2a: Rhydon|229/317 brn|[from] brn\n|upkeep\n|turn|10\n|\n|t:|1781404709\n|switch|p2a: Scrafty|Scrafty, L83, M|244/244\n|-ability|p2a: Scrafty|Intimidate|boost\n|-unboost|p1a: Floatzel|atk|1\n|move|p1a: Floatzel|Bulk Up|p1a: Floatzel\n|-boost|p1a: Floatzel|atk|1\n|-boost|p1a: Floatzel|def|1\n|\n|-heal|p1a: Floatzel|147/286|[from] item: Leftovers\n|upkeep\n|turn|11\n|\n|t:|1781404724\n|move|p1a: Floatzel|Ice Spinner|p2a: Scrafty\n|-damage|p2a: Scrafty|170/244\n|move|p2a: Scrafty|Dragon Dance|p2a: Scrafty\n|-boost|p2a: Scrafty|atk|1\n|-boost|p2a: Scrafty|spe|1\n|\n|-heal|p1a: Floatzel|164/286|[from] item: Leftovers\n|-heal|p2a: Scrafty|185/244|[from] item: Leftovers\n|upkeep\n|turn|12\n|\n|t:|1781404732\n|move|p1a: Floatzel|Wave Crash|p2a: Scrafty\n|-damage|p2a: Scrafty|0 fnt\n|faint|p2a: Scrafty\n|-damage|p1a: Floatzel|103/286|[from] Recoil\n|\n|-heal|p1a: Floatzel|120/286|[from] item: Leftovers\n|upkeep\n|\n|t:|1781404737\n|switch|p2a: Enamorus|Enamorus-Therian, L83, F|259/259\n|turn|13\n|\n|t:|1781404747\n|move|p1a: Floatzel|Ice Spinner|p2a: Enamorus\n|-supereffective|p2a: Enamorus\n|-damage|p2a: Enamorus|111/259\n|-enditem|p2a: Enamorus|Weakness Policy\n|-boost|p2a: Enamorus|atk|2|[from] item: Weakness Policy\n|-boost|p2a: Enamorus|spa|2|[from] item: Weakness Policy\n|move|p2a: Enamorus|Agility|p2a: Enamorus\n|-boost|p2a: Enamorus|spe|2\n|\n|-heal|p1a: Floatzel|137/286|[from] item: Leftovers\n|upkeep\n|turn|14\n|c|\u2606xdxboa|top 5 vali\u00f3 super verga\n|inactive|xdxboa has 270 seconds left.\n|\n|t:|1781404778\n|move|p2a: Enamorus|Moonblast|p1a: Floatzel\n|-damage|p1a: Floatzel|0 fnt\n|faint|p1a: Floatzel\n|\n|upkeep\n|inactive|xdxboa has 270 seconds left.\n|\n|t:|1781404788\n|switch|p1a: Slowbro|Slowbro-Galar, L87, F|307/307\n|-damage|p1a: Slowbro|269/307|[from] Stealth Rock\n|turn|15\n|\n|t:|1781404797\n|move|p2a: Enamorus|Earth Power|p1a: Slowbro\n|-supereffective|p1a: Slowbro\n|-damage|p1a: Slowbro|27/307\n|move|p1a: Slowbro|Shell Side Arm|p2a: Enamorus|[anim] Shell Side Arm Special\n|-supereffective|p2a: Enamorus\n|-damage|p2a: Enamorus|0 fnt\n|-hint|Special Shell Side Arm\n|faint|p2a: Enamorus\n|\n|upkeep\n|c|\u2606xdxboa|DDDDDDDDDDDDDDD\n|c|\u2606xdxboa|XXXXXDDDDDDDDDDX\n|\n|t:|1781404813\n|switch|p2a: Gurdurr|Gurdurr, L85, M|283/283\n|turn|16\n|\n|t:|1781404818\n|move|p2a: Gurdurr|Knock Off|p1a: Slowbro\n|-supereffective|p1a: Slowbro\n|-damage|p1a: Slowbro|0 fnt\n|-enditem|p1a: Slowbro|Assault Vest|[from] move: Knock Off|[of] p2a: Gurdurr\n|faint|p1a: Slowbro\n|\n|upkeep\n|\n|t:|1781404826\n|switch|p1a: Skeledirge|Skeledirge, L79, F|152/294\n|turn|17\n|\n|t:|1781404832\n|move|p1a: Skeledirge|Will-O-Wisp|p2a: Gurdurr\n|-status|p2a: Gurdurr|brn\n|move|p2a: Gurdurr|Knock Off|p1a: Skeledirge\n|-supereffective|p1a: Skeledirge\n|-damage|p1a: Skeledirge|0 fnt\n|-enditem|p1a: Skeledirge|Heavy-Duty Boots|[from] move: Knock Off|[of] p2a: Gurdurr\n|faint|p1a: Skeledirge\n|\n|-damage|p2a: Gurdurr|266/283 brn|[from] brn\n|upkeep\n|c|\u2606xdxboa|soy\n|c|\u2606xdxboa|pendejo\n|c|\u2606xdxboa|quem\u00e9\n|c|\u2606xdxboa|a\n|c|\u2606xdxboa|alguie\n|c|\u2606xdxboa|que\n|c|\u2606xdxboa|tiene\n|c|\u2606xdxboa|agallas\n|c|\u2606xdxboa|XDDDDDDDDDDDDD\n|\n|t:|1781404857\n|switch|p1a: Mudsdale|Mudsdale, L83, M|302/302\n|-damage|p1a: Mudsdale|284/302|[from] Stealth Rock\n|turn|18\n|\n|t:|1781404868\n|move|p2a: Gurdurr|Drain Punch|p1a: Mudsdale\n|-damage|p1a: Mudsdale|166/302\n|-heal|p2a: Gurdurr|283/283 brn|[from] drain|[of] p1a: Mudsdale\n|-ability|p1a: Mudsdale|Stamina|boost\n|-boost|p1a: Mudsdale|def|1\n|move|p1a: Mudsdale|Earthquake|p2a: Gurdurr\n|-damage|p2a: Gurdurr|195/283 brn\n|\n|-heal|p1a: Mudsdale|184/302|[from] item: Leftovers\n|-damage|p2a: Gurdurr|178/283 brn|[from] brn\n|upkeep\n|turn|19\n|inactive|xdxboa has 270 seconds left.\n|\n|t:|1781404895\n|move|p2a: Gurdurr|Knock Off|p1a: Mudsdale\n|-damage|p1a: Mudsdale|114/302\n|-ability|p1a: Mudsdale|Stamina|boost\n|-boost|p1a: Mudsdale|def|1\n|-enditem|p1a: Mudsdale|Leftovers|[from] move: Knock Off|[of] p2a: Gurdurr\n|move|p1a: Mudsdale|Earthquake|p2a: Gurdurr\n|-damage|p2a: Gurdurr|87/283 brn\n|\n|-damage|p2a: Gurdurr|70/283 brn|[from] brn\n|upkeep\n|turn|20\n|inactive|xdxboa has 270 seconds left.\n|\n|t:|1781404913\n|move|p2a: Gurdurr|Defog|p1a: Mudsdale\n|-unboost|p1a: Mudsdale|evasion|1\n|-sideend|p1: xdxboa|Stealth Rock|[from] move: Defog|[of] p2a: Gurdurr\n|move|p1a: Mudsdale|Earthquake|p2a: Gurdurr\n|-damage|p2a: Gurdurr|0 fnt\n|faint|p2a: Gurdurr\n|\n|upkeep\n|\n|t:|1781404919\n|switch|p2a: Kyogre|Kyogre, L71|259/259\n|-weather|RainDance|[from] ability: Drizzle|[of] p2a: Kyogre\n|turn|21\n|\n|t:|1781404928\n|move|p2a: Kyogre|Water Spout|p1a: Mudsdale\n|-supereffective|p1a: Mudsdale\n|-crit|p1a: Mudsdale\n|-damage|p1a: Mudsdale|0 fnt\n|faint|p1a: Mudsdale\n|\n|-weather|RainDance|[upkeep]\n|upkeep\n|\n|t:|1781404930\n|switch|p1a: Dunsparce|Dunsparce, L86, M|312/312\n|turn|22\n|\n|t:|1781404939\n|move|p2a: Kyogre|Water Spout|p1a: Dunsparce\n|-damage|p1a: Dunsparce|96/312\n|move|p1a: Dunsparce|Coil|p1a: Dunsparce\n|-boost|p1a: Dunsparce|atk|1\n|-boost|p1a: Dunsparce|def|1\n|-boost|p1a: Dunsparce|accuracy|1\n|\n|-weather|RainDance|[upkeep]\n|upkeep\n|turn|23\n|\n|t:|1781404948\n|move|p2a: Kyogre|Water Spout|p1a: Dunsparce\n|-damage|p1a: Dunsparce|0 fnt\n|faint|p1a: Dunsparce\n|\n|win|ovni765\n|l|\u2606xdxboa\n|player|p1|\n", "inputlog": ">version a8376a258c1d4662feba110a92103f3664a72141\n>start {\"formatid\":\"gen9randombattle\",\"seed\":\"sodium,a8df50b3a00c221628da9f2e0dc5b8a1\"}\n>player p1 {\"name\":\"xdxboa\",\"avatar\":\"2\",\"rating\":0,\"seed\":\"sodium,01ea1e94352797d5f562aad55b49cb0f\"}\n>player p2 {\"name\":\"ovni765\",\"avatar\":\"266\",\"rating\":0,\"seed\":\"sodium,dbef565d5b536335be75fc95c2a12619\"}\n>p1 switch 3\n>p2 move icebeam\n>p1 move bravebird\n>p2 switch 2\n>p1 move roost\n>p2 move stoneedge\n>p1 move roost\n>p2 move stoneedge\n>p1 move roost\n>p2 move stealthrock\n>p1 move hydropump\n>p2 move stoneedge\n>p1 switch 3\n>p1 move willowisp\n>p2 move earthquake\n>p1 switch 5\n>p2 move earthquake\n>p1 move bulkup\n>p2 move earthquake\n>p1 move bulkup\n>p2 switch 6\n>p1 move icespinner\n>p2 move dragondance\n>p1 move wavecrash\n>p2 move poisonjab\n>p2 switch 5\n>p1 move icespinner\n>p2 move agility\n>chat \u2606xdxboa|top 5 vali\u00f3 super verga\n>p1 move icespinner\n>p2 move moonblast\n>p1 switch 2\n>p1 move shellsidearm\n>p2 move earthpower\n>chat \u2606xdxboa|DDDDDDDDDDDDDDD\n>chat \u2606xdxboa|XXXXXDDDDDDDDDDX\n>p2 switch 4\n>p1 move psychic\n>p2 move knockoff\n>p1 switch 5\n>p1 move willowisp\n>p2 move knockoff\n>chat \u2606xdxboa|soy\n>chat \u2606xdxboa|pendejo\n>chat \u2606xdxboa|quem\u00e9\n>chat \u2606xdxboa|a\n>chat \u2606xdxboa|alguie\n>chat \u2606xdxboa|que\n>chat \u2606xdxboa|tiene\n>chat \u2606xdxboa|agallas\n>chat \u2606xdxboa|XDDDDDDDDDDDDD\n>p1 switch 6\n>p1 move earthquake\n>p2 move drainpunch\n>p1 move earthquake\n>p2 move knockoff\n>p1 move earthquake\n>p2 move defog\n>p2 switch 2\n>p1 move earthquake\n>p2 move waterspout\n>p1 switch 4\n>p1 move coil\n>p2 move waterspout\n>p1 move roost\n>p2 move waterspout", "uploadtime": 1781405461, "views": 3, "formatid": "gen9randombattle", "rating": null, "private": 0, "password": null}