{"id": "gen9randombattle-2631937474", "format": "[Gen 9] Random Battle", "players": ["YouShallNotPas", "good pork"], "log": "|j|\u2606YouShallNotPas\n|j|\u2606good pork\n|t:|1781457638\n|gametype|singles\n|player|p1|YouShallNotPas|101|1911\n|player|p2|good pork|ghetsis-gen5bw|2088\n|gen|9\n|tier|[Gen 9] Random Battle\n|rated|\n|rule|Species Clause: Limit one of each Pok\u00e9mon\n|rule|HP Percentage Mod: HP is shown in percentages\n|rule|Sleep Clause Mod: Limit one foe put to sleep\n|rule|Illusion Level Mod: Illusion disguises the Pok\u00e9mon's true level\n|\n|t:|1781457639\n|teamsize|p1|6\n|teamsize|p2|6\n|start\n|switch|p1a: Luxray|Luxray, L88, M|284/284\n|switch|p2a: Weezing|Weezing-Galar, L86, F|252/252\n|-ability|p1a: Luxray|Intimidate|boost\n|-unboost|p2a: Weezing|atk|1\n|turn|1\n|\n|t:|1781457653\n|move|p1a: Luxray|Volt Switch|p2a: Weezing\n|-damage|p2a: Weezing|164/252\n|\n|t:|1781457656\n|switch|p1a: Probopass|Probopass, L91, M|257/257|[from] Volt Switch\n|move|p2a: Weezing|Gunk Shot|p1a: Probopass\n|-immune|p1a: Probopass\n|\n|-heal|p2a: Weezing|179/252|[from] item: Leftovers\n|upkeep\n|turn|2\n|\n|t:|1781457665\n|switch|p2a: Spidops|Spidops, L96, F|271/271\n|move|p1a: Probopass|Thunder Wave|p2a: Spidops\n|-status|p2a: Spidops|par\n|\n|upkeep\n|turn|3\n|\n|t:|1781457685\n|move|p1a: Probopass|Power Gem|p2a: Spidops\n|-supereffective|p2a: Spidops\n|-damage|p2a: Spidops|133/271 par\n|cant|p2a: Spidops|par\n|\n|upkeep\n|turn|4\n|\n|t:|1781457734\n|switch|p2a: Weezing|Weezing-Galar, L86, F|179/252\n|move|p1a: Probopass|Power Gem|p2a: Weezing\n|-damage|p2a: Weezing|91/252\n|\n|-heal|p2a: Weezing|106/252|[from] item: Leftovers\n|upkeep\n|turn|5\n|\n|t:|1781457740\n|move|p2a: Weezing|Pain Split|p1a: Probopass\n|-sethp|p1a: Probopass|181/257|[from] move: Pain Split|[silent]\n|-sethp|p2a: Weezing|181/252|[from] move: Pain Split\n|move|p1a: Probopass|Thunder Wave|p2a: Weezing|[miss]\n|-miss|p1a: Probopass|p2a: Weezing\n|\n|-heal|p2a: Weezing|196/252|[from] item: Leftovers\n|-heal|p1a: Probopass|197/257|[from] item: Leftovers\n|upkeep\n|turn|6\n|\n|t:|1781457755\n|switch|p2a: Spidops|Spidops, L96, F|133/271 par\n|move|p1a: Probopass|Thunder Wave|p2a: Spidops\n|-fail|p2a: Spidops|par\n|\n|-heal|p1a: Probopass|213/257|[from] item: Leftovers\n|upkeep\n|turn|7\n|\n|t:|1781457766\n|switch|p2a: Weezing|Weezing-Galar, L86, F|196/252\n|move|p1a: Probopass|Power Gem|p2a: Weezing\n|-damage|p2a: Weezing|105/252\n|\n|-heal|p2a: Weezing|120/252|[from] item: Leftovers\n|-heal|p1a: Probopass|229/257|[from] item: Leftovers\n|upkeep\n|turn|8\n|\n|t:|1781457773\n|switch|p2a: Electivire|Electivire, L84, F|263/263\n|move|p1a: Probopass|Thunder Wave|p2a: Electivire\n|-ability|p2a: Electivire|Motor Drive|boost\n|-boost|p2a: Electivire|spe|1\n|\n|-heal|p1a: Probopass|245/257|[from] item: Leftovers\n|upkeep\n|turn|9\n|\n|t:|1781457790\n|-terastallize|p1a: Probopass|Fighting\n|move|p2a: Electivire|Volt Switch|p1a: Probopass\n|-damage|p1a: Probopass|187/257\n|-damage|p2a: Electivire|237/263|[from] item: Life Orb\n|\n|t:|1781457807\n|switch|p2a: Weezing|Weezing-Galar, L86, F|120/252|[from] Volt Switch\n|move|p1a: Probopass|Iron Defense|p1a: Probopass\n|-boost|p1a: Probopass|def|2\n|\n|-heal|p2a: Weezing|135/252|[from] item: Leftovers\n|-heal|p1a: Probopass|203/257|[from] item: Leftovers\n|upkeep\n|turn|10\n|\n|t:|1781457816\n|move|p2a: Weezing|Strange Steam|p1a: Probopass\n|-supereffective|p1a: Probopass\n|-crit|p1a: Probopass\n|-damage|p1a: Probopass|35/257\n|move|p1a: Probopass|Thunder Wave|p2a: Weezing\n|-status|p2a: Weezing|par\n|\n|-heal|p1a: Probopass|51/257|[from] item: Leftovers\n|-heal|p2a: Weezing|150/252 par|[from] item: Leftovers\n|upkeep\n|turn|11\n|\n|t:|1781457825\n|move|p1a: Probopass|Power Gem|p2a: Weezing\n|-damage|p2a: Weezing|60/252 par\n|move|p2a: Weezing|Strange Steam|p1a: Probopass\n|-supereffective|p1a: Probopass\n|-damage|p1a: Probopass|0 fnt\n|faint|p1a: Probopass\n|\n|-heal|p2a: Weezing|75/252 par|[from] item: Leftovers\n|upkeep\n|\n|t:|1781457848\n|switch|p1a: Sneasler|Sneasler, L74, M|240/240\n|turn|12\n|\n|t:|1781457855\n|move|p1a: Sneasler|Swords Dance|p1a: Sneasler\n|-boost|p1a: Sneasler|atk|2\n|move|p2a: Weezing|Strange Steam|p1a: Sneasler\n|-damage|p1a: Sneasler|132/240\n|\n|-heal|p2a: Weezing|90/252 par|[from] item: Leftovers\n|upkeep\n|turn|13\n|\n|t:|1781457863\n|move|p1a: Sneasler|Dire Claw|p2a: Weezing\n|-damage|p2a: Weezing|0 fnt\n|faint|p2a: Weezing\n|\n|upkeep\n|\n|t:|1781457884\n|switch|p2a: Ditto|Ditto, L87|225/225\n|-transform|p2a: Ditto|p1a: Sneasler|[from] ability: Imposter\n|turn|14\n|\n|t:|1781457895\n|move|p2a: Ditto|Close Combat|p1a: Sneasler\n|-resisted|p1a: Sneasler\n|-damage|p1a: Sneasler|0 fnt\n|-unboost|p2a: Ditto|def|1\n|-unboost|p2a: Ditto|spd|1\n|faint|p1a: Sneasler\n|\n|upkeep\n|\n|t:|1781457915\n|switch|p1a: Alcremie|Alcremie-Matcha-Cream, L90, F|263/263\n|turn|15\n|\n|t:|1781457921\n|switch|p2a: Spidops|Spidops, L96, F|133/271 par\n|move|p1a: Alcremie|Psyshock|p2a: Spidops\n|-crit|p2a: Spidops\n|-damage|p2a: Spidops|42/271 par\n|\n|upkeep\n|turn|16\n|\n|t:|1781457927\n|move|p1a: Alcremie|Psyshock|p2a: Spidops\n|-damage|p2a: Spidops|0 fnt\n|faint|p2a: Spidops\n|\n|upkeep\n|\n|t:|1781457931\n|switch|p2a: Garganacl|Garganacl, L80, F|291/291\n|turn|17\n|\n|t:|1781457947\n|move|p1a: Alcremie|Calm Mind|p1a: Alcremie\n|-boost|p1a: Alcremie|spa|1\n|-boost|p1a: Alcremie|spd|1\n|move|p2a: Garganacl|Salt Cure|p1a: Alcremie\n|-damage|p1a: Alcremie|218/263\n|-start|p1a: Alcremie|Salt Cure\n|\n|-heal|p1a: Alcremie|234/263|[from] item: Leftovers\n|-damage|p1a: Alcremie|202/263|[from] Salt Cure\n|upkeep\n|turn|18\n|\n|t:|1781457962\n|move|p1a: Alcremie|Alluring Voice|p2a: Garganacl\n|-damage|p2a: Garganacl|125/291\n|move|p2a: Garganacl|Salt Cure|p1a: Alcremie\n|-damage|p1a: Alcremie|162/263\n|\n|-heal|p1a: Alcremie|178/263|[from] item: Leftovers\n|-heal|p2a: Garganacl|143/291|[from] item: Leftovers\n|-damage|p1a: Alcremie|146/263|[from] Salt Cure\n|upkeep\n|turn|19\n|\n|t:|1781457970\n|move|p2a: Garganacl|Protect|p2a: Garganacl\n|-singleturn|p2a: Garganacl|Protect\n|move|p1a: Alcremie|Alluring Voice|p2a: Garganacl\n|-activate|p2a: Garganacl|move: Protect\n|\n|-heal|p1a: Alcremie|162/263|[from] item: Leftovers\n|-heal|p2a: Garganacl|161/291|[from] item: Leftovers\n|-damage|p1a: Alcremie|130/263|[from] Salt Cure\n|upkeep\n|turn|20\n|\n|t:|1781457978\n|move|p1a: Alcremie|Alluring Voice|p2a: Garganacl\n|-damage|p2a: Garganacl|0 fnt\n|faint|p2a: Garganacl\n|\n|-heal|p1a: Alcremie|146/263|[from] item: Leftovers\n|-damage|p1a: Alcremie|114/263|[from] Salt Cure\n|upkeep\n|\n|t:|1781457982\n|switch|p2a: Electivire|Electivire, L84, F|237/263\n|turn|21\n|\n|t:|1781458000\n|switch|p1a: Lilligant|Lilligant-Hisui, L79, F|240/240\n|move|p2a: Electivire|Supercell Slam|p1a: Lilligant\n|-resisted|p1a: Lilligant\n|-damage|p1a: Lilligant|150/240\n|-damage|p2a: Electivire|211/263|[from] item: Life Orb\n|\n|upkeep\n|turn|22\n|\n|t:|1781458012\n|move|p1a: Lilligant|Sleep Powder|p2a: Electivire\n|-status|p2a: Electivire|slp|[from] move: Sleep Powder\n|cant|p2a: Electivire|slp\n|\n|upkeep\n|turn|23\n|\n|t:|1781458023\n|move|p1a: Lilligant|Close Combat|p2a: Electivire\n|-damage|p2a: Electivire|0 fnt\n|-unboost|p1a: Lilligant|def|1\n|-unboost|p1a: Lilligant|spd|1\n|faint|p2a: Electivire\n|\n|upkeep\n|\n|t:|1781458027\n|switch|p2a: Ditto|Ditto, L87|225/225\n|-transform|p2a: Ditto|p1a: Lilligant|[from] ability: Imposter\n|turn|24\n|\n|t:|1781458038\n|switch|p1a: Luxray|Luxray, L88, M|284/284\n|-ability|p1a: Luxray|Intimidate|boost\n|-unboost|p2a: Ditto|atk|1\n|move|p2a: Ditto|Close Combat|p1a: Luxray|[miss]\n|-miss|p2a: Ditto|p1a: Luxray\n|\n|upkeep\n|turn|25\n|\n|t:|1781458051\n|switch|p2a: Cacturne|Cacturne, L92, M|278/278\n|move|p1a: Luxray|Play Rough|p2a: Cacturne\n|-supereffective|p2a: Cacturne\n|-damage|p2a: Cacturne|80/278\n|\n|upkeep\n|turn|26\n|-message|good pork forfeited.\n|\n|win|YouShallNotPas\n", "inputlog": ">version a8376a258c1d4662feba110a92103f3664a72141\n>start {\"formatid\":\"gen9randombattle\",\"seed\":\"sodium,b41638e98224f4c29f47acc0aca864c1\",\"rated\":\"Rated battle\"}\n>player p1 {\"name\":\"YouShallNotPas\",\"avatar\":\"101\",\"rating\":1911,\"seed\":\"sodium,6c2c7333778b5e5fbd1784a4e4326d86\"}\n>player p2 {\"name\":\"good pork\",\"avatar\":\"ghetsis-gen5bw\",\"rating\":2088,\"seed\":\"sodium,5413e795c964b0a8c6d065c1bb1c3c5a\"}\n>p1 move voltswitch\n>p2 move gunkshot\n>p1 switch 5\n>p1 move thunderwave\n>p2 switch 6\n>p1 move powergem\n>p2 move circlethrow\n>p1 move powergem\n>p2 switch 6\n>p1 move thunderwave\n>p2 move painsplit\n>p1 move thunderwave\n>p2 switch 6\n>p1 move powergem\n>p2 switch 6\n>p1 move thunderwave\n>p2 switch 5\n>p1 move irondefense terastallize\n>p2 move voltswitch\n>p2 switch 5\n>p1 move thunderwave\n>p2 move strangesteam\n>p1 move powergem\n>p2 move strangesteam\n>p1 switch 2\n>p1 move swordsdance\n>p2 move strangesteam\n>p1 move direclaw\n>p2 move strangesteam\n>p2 switch 2\n>p1 move closecombat\n>p2 move closecombat\n>p1 switch 3\n>p1 move psyshock\n>p2 switch 6\n>p1 move psyshock\n>p2 move circlethrow\n>p2 switch 4\n>p1 move calmmind\n>p2 move saltcure\n>p1 move alluringvoice\n>p2 move saltcure\n>p1 move alluringvoice\n>p2 move protect\n>p1 move alluringvoice\n>p2 move recover\n>p2 switch 5\n>p1 switch 4\n>p2 move supercellslam\n>p1 move sleeppowder\n>p2 move icepunch\n>p1 move closecombat\n>p2 move icepunch\n>p2 switch 6\n>p1 switch 5\n>p2 move closecombat\n>p1 move playrough\n>p2 switch 3\n>forcelose p2", "uploadtime": 1781457642, "views": 5, "formatid": "gen9randombattle", "rating": null, "private": 0, "password": null}