{"id": "gen9randombattle-2631591729", "format": "[Gen 9] Random Battle", "players": ["dnzin11", "dasgadsg32tgasdg"], "log": "|j|\u2606dnzin11\n|j|\u2606dasgadsg32tgasdg\n|t:|1781405696\n|gametype|singles\n|player|p1|dnzin11|169|1013\n|player|p2|dasgadsg32tgasdg|101|1040\n|gen|9\n|tier|[Gen 9] Random Battle\n|rated|\n|rule|Species Clause: Limit one of each Pok\u00e9mon\n|rule|HP Percentage Mod: HP is shown in percentages\n|rule|Sleep Clause Mod: Limit one foe put to sleep\n|rule|Illusion Level Mod: Illusion disguises the Pok\u00e9mon's true level\n|\n|t:|1781405696\n|teamsize|p1|6\n|teamsize|p2|6\n|start\n|switch|p1a: Chien-Pao|Chien-Pao, L72|234/234\n|switch|p2a: Golem|Golem-Alola, L93, M|300/300\n|-ability|p1a: Chien-Pao|Sword of Ruin\n|turn|1\n|\n|t:|1781405707\n|move|p1a: Chien-Pao|Sacred Sword|p2a: Golem\n|-supereffective|p2a: Golem\n|-damage|p2a: Golem|146/300\n|move|p2a: Golem|Stone Edge|p1a: Chien-Pao\n|-supereffective|p1a: Chien-Pao\n|-damage|p1a: Chien-Pao|0 fnt\n|faint|p1a: Chien-Pao\n|\n|upkeep\n|\n|t:|1781405721\n|switch|p1a: Scovillain|Scovillain, L91, F|266/266\n|turn|2\n|\n|t:|1781405730\n|switch|p2a: Glalie|Glalie, L96, F|309/309\n|move|p1a: Scovillain|Energy Ball|p2a: Glalie\n|-damage|p2a: Glalie|191/309\n|\n|upkeep\n|turn|3\n|\n|t:|1781405749\n|move|p2a: Glalie|Spikes|p1a: Scovillain\n|-sidestart|p1: dnzin11|Spikes\n|move|p1a: Scovillain|Fire Blast|p2a: Glalie\n|-supereffective|p2a: Glalie\n|-damage|p2a: Glalie|0 fnt\n|faint|p2a: Glalie\n|\n|upkeep\n|\n|t:|1781405764\n|switch|p2a: Cresselia|Cresselia, L80, F|323/323\n|turn|4\n|\n|t:|1781405769\n|move|p1a: Scovillain|Sunny Day|p1a: Scovillain\n|-weather|SunnyDay\n|move|p2a: Cresselia|Calm Mind|p2a: Cresselia\n|-boost|p2a: Cresselia|spa|1\n|-boost|p2a: Cresselia|spd|1\n|\n|-weather|SunnyDay|[upkeep]\n|upkeep\n|turn|5\n|\n|t:|1781405786\n|move|p1a: Scovillain|Fire Blast|p2a: Cresselia\n|-damage|p2a: Cresselia|196/323\n|move|p2a: Cresselia|Calm Mind|p2a: Cresselia\n|-boost|p2a: Cresselia|spa|1\n|-boost|p2a: Cresselia|spd|1\n|\n|-weather|SunnyDay|[upkeep]\n|-heal|p2a: Cresselia|216/323|[from] item: Leftovers\n|upkeep\n|turn|6\n|\n|t:|1781405798\n|move|p1a: Scovillain|Fire Blast|p2a: Cresselia\n|-damage|p2a: Cresselia|125/323\n|move|p2a: Cresselia|Calm Mind|p2a: Cresselia\n|-boost|p2a: Cresselia|spa|1\n|-boost|p2a: Cresselia|spd|1\n|\n|-weather|SunnyDay|[upkeep]\n|-heal|p2a: Cresselia|145/323|[from] item: Leftovers\n|upkeep\n|turn|7\n|\n|t:|1781405807\n|move|p1a: Scovillain|Energy Ball|p2a: Cresselia\n|-damage|p2a: Cresselia|108/323\n|move|p2a: Cresselia|Moonlight|p2a: Cresselia\n|-heal|p2a: Cresselia|323/323\n|\n|-weather|SunnyDay|[upkeep]\n|upkeep\n|turn|8\n|\n|t:|1781405824\n|move|p1a: Scovillain|Stomping Tantrum|p2a: Cresselia\n|-immune|p2a: Cresselia|[from] ability: Levitate\n|move|p2a: Cresselia|Psyshock|p1a: Scovillain\n|-damage|p1a: Scovillain|97/266\n|\n|-weather|none\n|upkeep\n|turn|9\n|\n|t:|1781405837\n|move|p1a: Scovillain|Fire Blast|p2a: Cresselia\n|-damage|p2a: Cresselia|269/323\n|move|p2a: Cresselia|Calm Mind|p2a: Cresselia\n|-boost|p2a: Cresselia|spa|1\n|-boost|p2a: Cresselia|spd|1\n|\n|-heal|p2a: Cresselia|289/323|[from] item: Leftovers\n|upkeep\n|turn|10\n|\n|t:|1781405846\n|move|p1a: Scovillain|Sunny Day|p1a: Scovillain\n|-weather|SunnyDay\n|move|p2a: Cresselia|Calm Mind|p2a: Cresselia\n|-boost|p2a: Cresselia|spa|1\n|-boost|p2a: Cresselia|spd|1\n|\n|-weather|SunnyDay|[upkeep]\n|-heal|p2a: Cresselia|309/323|[from] item: Leftovers\n|upkeep\n|turn|11\n|\n|t:|1781405857\n|move|p1a: Scovillain|Fire Blast|p2a: Cresselia\n|-damage|p2a: Cresselia|258/323\n|move|p2a: Cresselia|Calm Mind|p2a: Cresselia\n|-boost|p2a: Cresselia|spa|1\n|-boost|p2a: Cresselia|spd|1\n|\n|-weather|SunnyDay|[upkeep]\n|-heal|p2a: Cresselia|278/323|[from] item: Leftovers\n|upkeep\n|turn|12\n|\n|t:|1781405878\n|move|p1a: Scovillain|Fire Blast|p2a: Cresselia\n|-damage|p2a: Cresselia|229/323\n|move|p2a: Cresselia|Moonlight|p2a: Cresselia\n|-heal|p2a: Cresselia|323/323\n|\n|-weather|SunnyDay|[upkeep]\n|upkeep\n|turn|13\n|\n|t:|1781405887\n|move|p1a: Scovillain|Fire Blast|p2a: Cresselia\n|-damage|p2a: Cresselia|278/323\n|move|p2a: Cresselia|Psyshock|p1a: Scovillain\n|-damage|p1a: Scovillain|0 fnt\n|faint|p1a: Scovillain\n|\n|-weather|SunnyDay|[upkeep]\n|-heal|p2a: Cresselia|298/323|[from] item: Leftovers\n|upkeep\n|\n|t:|1781405899\n|switch|p1a: Forretress|Forretress, L84, F|263/263\n|-damage|p1a: Forretress|231/263|[from] Spikes\n|turn|14\n|\n|t:|1781405906\n|move|p2a: Cresselia|Moonblast|p1a: Forretress\n|-resisted|p1a: Forretress\n|-damage|p1a: Forretress|88/263\n|move|p1a: Forretress|Thunder Wave|p2a: Cresselia\n|-status|p2a: Cresselia|par\n|\n|-weather|none\n|-heal|p1a: Forretress|104/263|[from] item: Leftovers\n|-heal|p2a: Cresselia|318/323 par|[from] item: Leftovers\n|upkeep\n|turn|15\n|\n|t:|1781405917\n|move|p1a: Forretress|Iron Head|p2a: Cresselia\n|-damage|p2a: Cresselia|240/323 par\n|move|p2a: Cresselia|Moonblast|p1a: Forretress\n|-resisted|p1a: Forretress\n|-damage|p1a: Forretress|0 fnt\n|faint|p1a: Forretress\n|\n|-heal|p2a: Cresselia|260/323 par|[from] item: Leftovers\n|upkeep\n|\n|t:|1781405940\n|switch|p1a: Florges|Florges, L85, F|271/271\n|-damage|p1a: Florges|238/271|[from] Spikes\n|turn|16\n|\n|t:|1781405945\n|move|p1a: Florges|Wish|p1a: Florges\n|move|p2a: Cresselia|Psyshock|p1a: Florges\n|-damage|p1a: Florges|0 fnt\n|faint|p1a: Florges\n|\n|-heal|p2a: Cresselia|280/323 par|[from] item: Leftovers\n|upkeep\n|\n|t:|1781405963\n|switch|p1a: Flygon|Flygon, L82, M|265/265\n|turn|17\n|\n|t:|1781405967\n|move|p1a: Flygon|Dragon Dance|p1a: Flygon\n|-boost|p1a: Flygon|atk|1\n|-boost|p1a: Flygon|spe|1\n|move|p2a: Cresselia|Moonblast|p1a: Flygon\n|-supereffective|p1a: Flygon\n|-damage|p1a: Flygon|0 fnt\n|faint|p1a: Flygon\n|\n|-heal|p2a: Cresselia|300/323 par|[from] item: Leftovers\n|upkeep\n|-message|dnzin11 forfeited.\n|\n|win|dasgadsg32tgasdg\n|raw|dnzin11's rating: 1013 &rarr; <strong>1002</strong><br />(-11 for losing)\n|raw|dasgadsg32tgasdg's rating: 1040 &rarr; <strong>1071</strong><br />(+31 for winning)\n|l|\u2606dnzin11\n|player|p1|\n", "inputlog": ">version a8376a258c1d4662feba110a92103f3664a72141\n>start {\"formatid\":\"gen9randombattle\",\"seed\":\"sodium,3d548ce5628e9e207e03f46d91152d06\",\"rated\":\"Rated battle\"}\n>player p1 {\"name\":\"dnzin11\",\"avatar\":\"169\",\"rating\":1013,\"seed\":\"sodium,71d1874d001c1fe6f2992e6f7b538ee4\"}\n>player p2 {\"name\":\"dasgadsg32tgasdg\",\"avatar\":\"101\",\"rating\":1040,\"seed\":\"sodium,ce448487bb9d5eebb0f9197510e74deb\"}\n>p1 move sacredsword\n>p2 move stoneedge\n>p1 switch 2\n>p1 move energyball\n>p2 switch 3\n>p1 move fireblast\n>p2 move spikes\n>p2 switch 5\n>p1 move sunnyday\n>p2 move calmmind\n>p1 move fireblast\n>p2 move calmmind\n>p1 move fireblast\n>p2 move calmmind\n>p1 move energyball\n>p2 move moonlight\n>p1 move stompingtantrum\n>p2 move psyshock\n>p1 move fireblast\n>p2 move calmmind\n>p1 move sunnyday\n>p2 move calmmind\n>p1 move fireblast\n>p2 move calmmind\n>p1 move fireblast\n>p2 move moonlight\n>p1 move fireblast\n>p2 move psyshock\n>p1 switch 4\n>p1 move thunderwave\n>p2 move moonblast\n>p1 move ironhead\n>p2 move moonblast\n>p1 switch 5\n>p1 move wish\n>p2 move psyshock\n>p1 switch 6\n>p1 move dragondance\n>p2 move moonblast\n>forcelose p1", "uploadtime": 1781405999, "views": 4, "formatid": "gen9randombattle", "rating": 1002, "private": 0, "password": null}