{"id": "gen9randombattle-2631431745", "format": "[Gen 9] Random Battle", "players": ["JayCroc", "Z10101"], "log": "|j|\u2606JayCroc\n|j|\u2606Z10101\n|t:|1781383882\n|gametype|singles\n|player|p1|JayCroc|ivor|2001\n|player|p2|Z10101|266|2048\n|gen|9\n|tier|[Gen 9] Random Battle\n|rated|\n|rule|Species Clause: Limit one of each Pok\u00e9mon\n|rule|HP Percentage Mod: HP is shown in percentages\n|rule|Sleep Clause Mod: Limit one foe put to sleep\n|rule|Illusion Level Mod: Illusion disguises the Pok\u00e9mon's true level\n|\n|t:|1781383882\n|teamsize|p1|6\n|teamsize|p2|6\n|start\n|switch|p1a: Sunflora|Sunflora, F|312/312\n|switch|p2a: Umbreon|Umbreon, L84, F|297/297\n|turn|1\n|inactive|Battle timer is ON: inactive players will automatically lose when time's up. (requested by Z10101)\n|\n|t:|1781383888\n|move|p2a: Umbreon|Toxic|p1a: Sunflora\n|-status|p1a: Sunflora|tox\n|move|p1a: Sunflora|Weather Ball|p2a: Umbreon\n|-damage|p2a: Umbreon|241/297\n|-damage|p1a: Sunflora|281/312 tox|[from] item: Life Orb\n|\n|-heal|p2a: Umbreon|259/297|[from] item: Leftovers\n|-damage|p1a: Sunflora|262/312 tox|[from] psn\n|upkeep\n|turn|2\n|\n|t:|1781383898\n|switch|p1a: Okidogi|Okidogi, L77, M|262/262\n|move|p2a: Umbreon|Wish|p2a: Umbreon\n|\n|-heal|p2a: Umbreon|277/297|[from] item: Leftovers\n|upkeep\n|turn|3\n|\n|t:|1781383904\n|switch|p2a: Metagross|Metagross, L79|256/256\n|move|p1a: Okidogi|Knock Off|p2a: Metagross\n|-supereffective|p2a: Metagross\n|-damage|p2a: Metagross|154/256\n|-enditem|p2a: Metagross|Weakness Policy\n|-boost|p2a: Metagross|atk|2|[from] item: Weakness Policy\n|-boost|p2a: Metagross|spa|2|[from] item: Weakness Policy\n|\n|-heal|p2a: Metagross|256/256|[from] move: Wish|[wisher] Umbreon\n|upkeep\n|turn|4\n|\n|t:|1781383917\n|move|p1a: Okidogi|Bulk Up|p1a: Okidogi\n|-boost|p1a: Okidogi|atk|1\n|-boost|p1a: Okidogi|def|1\n|move|p2a: Metagross|Agility|p2a: Metagross\n|-boost|p2a: Metagross|spe|2\n|\n|upkeep\n|turn|5\n|\n|t:|1781383924\n|-terastallize|p1a: Okidogi|Dark\n|move|p2a: Metagross|Heavy Slam|p1a: Okidogi\n|-damage|p1a: Okidogi|93/262\n|move|p1a: Okidogi|Knock Off|p2a: Metagross\n|-supereffective|p2a: Metagross\n|-damage|p2a: Metagross|92/256\n|\n|-heal|p1a: Okidogi|109/262|[from] item: Leftovers\n|upkeep\n|turn|6\n|\n|t:|1781383937\n|switch|p1a: Sunflora|Sunflora, F|262/312 tox\n|move|p2a: Metagross|Heavy Slam|p1a: Sunflora\n|-damage|p1a: Sunflora|0 fnt\n|faint|p1a: Sunflora\n|\n|upkeep\n|\n|t:|1781383943\n|switch|p1a: Meganium|Meganium, L90, F|290/290\n|turn|7\n|\n|t:|1781383952\n|move|p2a: Metagross|Heavy Slam|p1a: Meganium\n|-damage|p1a: Meganium|49/290\n|move|p1a: Meganium|Encore|p2a: Metagross\n|-start|p2a: Metagross|Encore\n|\n|-heal|p1a: Meganium|67/290|[from] item: Leftovers\n|upkeep\n|turn|8\n|\n|t:|1781383959\n|move|p2a: Metagross|Heavy Slam|p1a: Meganium\n|-damage|p1a: Meganium|0 fnt\n|faint|p1a: Meganium\n|\n|upkeep\n|\n|t:|1781383963\n|switch|p1a: Reshiram|Reshiram, L76|277/277\n|-ability|p1a: Reshiram|Turboblaze\n|turn|9\n|\n|t:|1781383967\n|move|p2a: Metagross|Heavy Slam|p1a: Reshiram\n|-resisted|p1a: Reshiram\n|-damage|p1a: Reshiram|231/277\n|move|p1a: Reshiram|Earth Power|p2a: Metagross\n|-supereffective|p2a: Metagross\n|-crit|p2a: Metagross\n|-damage|p2a: Metagross|0 fnt\n|faint|p2a: Metagross\n|\n|upkeep\n|\n|t:|1781383974\n|switch|p2a: Umbreon|Umbreon, L84, F|277/297\n|turn|10\n|\n|t:|1781383978\n|switch|p1a: Okidogi|Okidogi, L77, M, tera:Dark|109/262\n|move|p2a: Umbreon|Toxic|p1a: Okidogi\n|-status|p1a: Okidogi|tox\n|\n|-heal|p1a: Okidogi|125/262 tox|[from] item: Leftovers\n|-heal|p2a: Umbreon|295/297|[from] item: Leftovers\n|-damage|p1a: Okidogi|109/262 tox|[from] psn\n|upkeep\n|turn|11\n|\n|t:|1781383986\n|move|p1a: Okidogi|Bulk Up|p1a: Okidogi\n|-boost|p1a: Okidogi|atk|1\n|-boost|p1a: Okidogi|def|1\n|move|p2a: Umbreon|Wish|p2a: Umbreon\n|\n|-heal|p1a: Okidogi|125/262 tox|[from] item: Leftovers\n|-heal|p2a: Umbreon|297/297|[from] item: Leftovers\n|-damage|p1a: Okidogi|93/262 tox|[from] psn\n|upkeep\n|turn|12\n|\n|t:|1781383993\n|switch|p2a: Volcarona|Volcarona, L77, F|257/257\n|move|p1a: Okidogi|Knock Off|p2a: Volcarona\n|-damage|p2a: Volcarona|46/257\n|-status|p2a: Volcarona|tox|[from] ability: Toxic Chain|[of] p1a: Okidogi\n|-enditem|p2a: Volcarona|Heavy-Duty Boots|[from] move: Knock Off|[of] p1a: Okidogi\n|\n|-heal|p2a: Volcarona|194/257 tox|[from] move: Wish|[wisher] Umbreon\n|-heal|p1a: Okidogi|109/262 tox|[from] item: Leftovers\n|-damage|p2a: Volcarona|178/257 tox|[from] psn\n|-damage|p1a: Okidogi|61/262 tox|[from] psn\n|upkeep\n|turn|13\n|\n|t:|1781384005\n|switch|p1a: Reshiram|Reshiram, L76|231/277\n|-ability|p1a: Reshiram|Turboblaze\n|move|p2a: Volcarona|Fiery Dance|p1a: Reshiram\n|-resisted|p1a: Reshiram\n|-damage|p1a: Reshiram|212/277\n|-boost|p2a: Volcarona|spa|1\n|\n|-damage|p2a: Volcarona|146/257 tox|[from] psn\n|upkeep\n|turn|14\n|\n|t:|1781384015\n|move|p2a: Volcarona|Tera Blast|p1a: Reshiram\n|-damage|p1a: Reshiram|125/277\n|move|p1a: Reshiram|Dragon Tail|p2a: Volcarona\n|-damage|p2a: Volcarona|62/257 tox\n|drag|p2a: Cinderace|Cinderace, L77, M|249/249\n|\n|upkeep\n|turn|15\n|\n|t:|1781384022\n|move|p2a: Cinderace|U-turn|p1a: Reshiram\n|-start|p2a: Cinderace|typechange|Bug|[from] ability: Libero\n|-resisted|p1a: Reshiram\n|-damage|p1a: Reshiram|74/277\n|\n|t:|1781384026\n|switch|p2a: Volcarona|Volcarona, L77, F|62/257 tox|[from] U-turn\n|move|p1a: Reshiram|Draco Meteor|p2a: Volcarona\n|-damage|p2a: Volcarona|0 fnt\n|-unboost|p1a: Reshiram|spa|2\n|faint|p2a: Volcarona\n|\n|upkeep\n|\n|t:|1781384031\n|switch|p2a: Umbreon|Umbreon, L84, F|297/297\n|turn|16\n|\n|t:|1781384036\n|switch|p1a: Okidogi|Okidogi, L77, M, tera:Dark|61/262 tox\n|move|p2a: Umbreon|Wish|p2a: Umbreon\n|\n|-heal|p1a: Okidogi|77/262 tox|[from] item: Leftovers\n|-damage|p1a: Okidogi|61/262 tox|[from] psn\n|upkeep\n|turn|17\n|\n|t:|1781384042\n|switch|p2a: Cinderace|Cinderace, L77, M|249/249\n|move|p1a: Okidogi|Knock Off|p2a: Cinderace\n|-damage|p2a: Cinderace|114/249\n|-status|p2a: Cinderace|tox|[from] ability: Toxic Chain|[of] p1a: Okidogi\n|-enditem|p2a: Cinderace|Choice Band|[from] move: Knock Off|[of] p1a: Okidogi\n|\n|-heal|p2a: Cinderace|249/249 tox|[from] move: Wish|[wisher] Umbreon\n|-heal|p1a: Okidogi|77/262 tox|[from] item: Leftovers\n|-damage|p2a: Cinderace|234/249 tox|[from] psn\n|-damage|p1a: Okidogi|45/262 tox|[from] psn\n|upkeep\n|turn|18\n|\n|t:|1781384054\n|switch|p1a: Reshiram|Reshiram, L76|74/277\n|-ability|p1a: Reshiram|Turboblaze\n|move|p2a: Cinderace|U-turn|p1a: Reshiram\n|-start|p2a: Cinderace|typechange|Bug|[from] ability: Libero\n|-resisted|p1a: Reshiram\n|-crit|p1a: Reshiram\n|-damage|p1a: Reshiram|20/277\n|\n|t:|1781384057\n|switch|p2a: Umbreon|Umbreon, L84, F|297/297|[from] U-turn\n|\n|upkeep\n|turn|19\n|\n|t:|1781384065\n|move|p2a: Umbreon|Wish|p2a: Umbreon\n|move|p1a: Reshiram|Dragon Tail|p2a: Umbreon\n|-damage|p2a: Umbreon|248/297\n|drag|p2a: Blissey|Blissey, L85, F|572/572\n|\n|upkeep\n|turn|20\n|\n|t:|1781384076\n|move|p2a: Blissey|Seismic Toss|p1a: Reshiram\n|-damage|p1a: Reshiram|0 fnt\n|faint|p1a: Reshiram\n|\n|upkeep\n|\n|t:|1781384080\n|switch|p1a: Okidogi|Okidogi, L77, M, tera:Dark|45/262 tox\n|turn|21\n|\n|t:|1781384083\n|switch|p2a: Cinderace|Cinderace, L77, M|234/249 tox\n|move|p1a: Okidogi|Drain Punch|p2a: Cinderace\n|-damage|p2a: Cinderace|131/249 tox\n|-heal|p1a: Okidogi|97/262 tox|[from] drain|[of] p2a: Cinderace\n|\n|-heal|p1a: Okidogi|113/262 tox|[from] item: Leftovers\n|-damage|p2a: Cinderace|116/249 tox|[from] psn\n|-damage|p1a: Okidogi|97/262 tox|[from] psn\n|upkeep\n|turn|22\n|\n|t:|1781384097\n|switch|p1a: Dragapult|Dragapult, L77, M|262/262\n|move|p2a: Cinderace|High Jump Kick|p1a: Dragapult\n|-start|p2a: Cinderace|typechange|Fighting|[from] ability: Libero\n|-immune|p1a: Dragapult\n|-damage|p2a: Cinderace|0 fnt|[from] highjumpkick\n|faint|p2a: Cinderace\n|\n|upkeep\n|\n|t:|1781384101\n|switch|p2a: Umbreon|Umbreon, L84, F|248/297\n|turn|23\n|\n|t:|1781384109\n|switch|p1a: Okidogi|Okidogi, L77, M, tera:Dark|97/262 tox\n|move|p2a: Umbreon|Foul Play|p1a: Okidogi\n|-resisted|p1a: Okidogi\n|-damage|p1a: Okidogi|44/262 tox\n|\n|-heal|p1a: Okidogi|60/262 tox|[from] item: Leftovers\n|-heal|p2a: Umbreon|266/297|[from] item: Leftovers\n|-damage|p1a: Okidogi|44/262 tox|[from] psn\n|upkeep\n|turn|24\n|\n|t:|1781384118\n|move|p2a: Umbreon|Protect|p2a: Umbreon\n|-singleturn|p2a: Umbreon|Protect\n|move|p1a: Okidogi|Knock Off|p2a: Umbreon\n|-activate|p2a: Umbreon|move: Protect\n|\n|-heal|p1a: Okidogi|60/262 tox|[from] item: Leftovers\n|-heal|p2a: Umbreon|284/297|[from] item: Leftovers\n|-damage|p1a: Okidogi|28/262 tox|[from] psn\n|upkeep\n|turn|25\n|\n|t:|1781384125\n|switch|p2a: Jolteon|Jolteon, L84, F|246/246\n|move|p1a: Okidogi|Knock Off|p2a: Jolteon\n|-damage|p2a: Jolteon|98/246\n|-status|p2a: Jolteon|tox|[from] ability: Toxic Chain|[of] p1a: Okidogi\n|-enditem|p2a: Jolteon|Life Orb|[from] move: Knock Off|[of] p1a: Okidogi\n|\n|-heal|p1a: Okidogi|44/262 tox|[from] item: Leftovers\n|-damage|p2a: Jolteon|83/246 tox|[from] psn\n|-damage|p1a: Okidogi|0 fnt|[from] psn\n|faint|p1a: Okidogi\n|upkeep\n|\n|t:|1781384147\n|switch|p1a: Flutter Mane|Flutter Mane, L74|203/203\n|turn|26\n|\n|t:|1781384153\n|move|p2a: Jolteon|Shadow Ball|p1a: Flutter Mane\n|-supereffective|p1a: Flutter Mane\n|-damage|p1a: Flutter Mane|97/203\n|-unboost|p1a: Flutter Mane|spd|1\n|move|p1a: Flutter Mane|Calm Mind|p1a: Flutter Mane\n|-boost|p1a: Flutter Mane|spa|1\n|-boost|p1a: Flutter Mane|spd|1\n|\n|-damage|p2a: Jolteon|53/246 tox|[from] psn\n|upkeep\n|turn|27\n|\n|t:|1781384162\n|move|p2a: Jolteon|Shadow Ball|p1a: Flutter Mane\n|-supereffective|p1a: Flutter Mane\n|-damage|p1a: Flutter Mane|0 fnt\n|faint|p1a: Flutter Mane\n|-end|p1a: Flutter Mane|Protosynthesis|[silent]\n|\n|-damage|p2a: Jolteon|8/246 tox|[from] psn\n|upkeep\n|\n|t:|1781384168\n|switch|p1a: Dragapult|Dragapult, L77, M|262/262\n|turn|28\n|\n|t:|1781384173\n|move|p2a: Jolteon|Shadow Ball|p1a: Dragapult\n|-supereffective|p1a: Dragapult\n|-damage|p1a: Dragapult|116/262\n|move|p1a: Dragapult|Dragon Dance|p1a: Dragapult\n|-boost|p1a: Dragapult|atk|1\n|-boost|p1a: Dragapult|spe|1\n|\n|-damage|p2a: Jolteon|0 fnt|[from] psn\n|faint|p2a: Jolteon\n|upkeep\n|\n|t:|1781384177\n|switch|p2a: Umbreon|Umbreon, L84, F|284/297\n|turn|29\n|-message|JayCroc forfeited.\n|\n|win|Z10101\n", "inputlog": ">version a8376a258c1d4662feba110a92103f3664a72141\n>start {\"formatid\":\"gen9randombattle\",\"seed\":\"sodium,0029d20fd96d503a7a5f50b6150d63e4\",\"rated\":\"Rated battle\"}\n>player p1 {\"name\":\"JayCroc\",\"avatar\":\"ivor\",\"rating\":2001,\"seed\":\"sodium,679c53a4f6d2fbe5c48f32e42b1670bb\"}\n>player p2 {\"name\":\"Z10101\",\"avatar\":\"266\",\"rating\":2048,\"seed\":\"sodium,75522109144f17fa5b026577673a48e4\"}\n>p1 move weatherball\n>p2 move toxic\n>p1 switch 4\n>p2 move wish\n>p1 move knockoff\n>p2 switch 6\n>p1 move bulkup\n>p2 move agility\n>p1 move knockoff terastallize\n>p2 move heavyslam\n>p1 switch 4\n>p2 move heavyslam\n>p1 switch 3\n>p1 move encore\n>p2 move heavyslam\n>p1 move synthesis\n>p2 move heavyslam\n>p1 switch 6\n>p1 move earthpower\n>p2 move heavyslam\n>p2 switch 6\n>p1 switch 4\n>p2 move toxic\n>p1 move bulkup\n>p2 move wish\n>p1 move knockoff\n>p2 switch 3\n>p1 switch 4\n>p2 move fierydance\n>p1 move dragontail\n>p2 move terablast\n>p1 move dracometeor\n>p2 move uturn\n>p2 switch 4\n>p2 switch 3\n>p1 switch 4\n>p2 move wish\n>p1 move knockoff\n>p2 switch 4\n>p1 switch 4\n>p2 move uturn\n>p2 switch 4\n>p1 move dragontail\n>p2 move wish\n>p1 move dragontail\n>p2 move seismictoss\n>p1 switch 4\n>p1 move drainpunch\n>p2 switch 4\n>p1 switch 2\n>p2 move highjumpkick\n>p2 switch 2\n>p1 switch 2\n>p2 move foulplay\n>p1 move knockoff\n>p2 move protect\n>p1 move knockoff\n>p2 switch 5\n>p1 switch 5\n>p1 move calmmind\n>p2 move shadowball\n>p1 move moonblast\n>p2 move shadowball\n>p1 switch 2\n>p1 move dragondance\n>p2 move shadowball\n>p2 switch 5\n>forcelose p1", "uploadtime": 1781383884, "views": 11, "formatid": "gen9randombattle", "rating": null, "private": 0, "password": null}