{"id": "gen9randombattle-2631529376", "format": "[Gen 9] Random Battle", "players": ["Dooopsdiiips", "masbahlilganteng"], "log": "|j|\u2606Dooopsdiiips\n|j|\u2606masbahlilganteng\n|t:|1781397115\n|gametype|singles\n|player|p1|Dooopsdiiips|265|2103\n|player|p2|masbahlilganteng|hoopster|2080\n|gen|9\n|tier|[Gen 9] Random Battle\n|rated|\n|rule|Species Clause: Limit one of each Pok\u00e9mon\n|rule|HP Percentage Mod: HP is shown in percentages\n|rule|Sleep Clause Mod: Limit one foe put to sleep\n|rule|Illusion Level Mod: Illusion disguises the Pok\u00e9mon's true level\n|\n|t:|1781397115\n|teamsize|p1|6\n|teamsize|p2|6\n|start\n|switch|p1a: Haxorus|Haxorus, L77, F|244/244\n|switch|p2a: Espathra|Espathra, L80, F|283/283\n|-ability|p1a: Haxorus|Mold Breaker\n|turn|1\n|inactive|Battle timer is ON: inactive players will automatically lose when time's up. (requested by masbahlilganteng)\n|inactive|masbahlilganteng has 120 seconds left.\n|inactive|masbahlilganteng has 90 seconds left.\n|inactive|masbahlilganteng has 60 seconds left.\n|inactive|masbahlilganteng has 30 seconds left.\n|\n|t:|1781397237\n|move|p2a: Espathra|Calm Mind|p2a: Espathra\n|-boost|p2a: Espathra|spa|1\n|-boost|p2a: Espathra|spd|1\n|move|p1a: Haxorus|Scale Shot|p2a: Espathra\n|-damage|p2a: Espathra|241/283\n|-damage|p2a: Espathra|196/283\n|-crit|p2a: Espathra\n|-damage|p2a: Espathra|133/283\n|-damage|p2a: Espathra|87/283\n|-damage|p2a: Espathra|41/283\n|-hitcount|p2a: Espathra|5\n|-unboost|p1a: Haxorus|def|1\n|-boost|p1a: Haxorus|spe|1\n|\n|-heal|p2a: Espathra|58/283|[from] item: Leftovers\n|-ability|p2a: Espathra|Speed Boost|boost\n|-boost|p2a: Espathra|spe|1\n|upkeep\n|turn|2\n|inactive|masbahlilganteng has 90 seconds left.\n|\n|t:|1781397256\n|move|p2a: Espathra|Dazzling Gleam|p1a: Haxorus\n|-supereffective|p1a: Haxorus\n|-damage|p1a: Haxorus|44/244\n|move|p1a: Haxorus|Scale Shot|p2a: Espathra\n|-damage|p2a: Espathra|15/283\n|-damage|p2a: Espathra|0 fnt\n|faint|p2a: Espathra\n|-hitcount|p2: Espathra|2\n|-unboost|p1a: Haxorus|def|1\n|-boost|p1a: Haxorus|spe|1\n|\n|upkeep\n|\n|t:|1781397267\n|switch|p2a: Flareon|Flareon, L90, M|263/263\n|turn|3\n|\n|t:|1781397283\n|move|p2a: Flareon|Quick Attack|p1a: Haxorus\n|-crit|p1a: Haxorus\n|-damage|p1a: Haxorus|0 fnt\n|faint|p1a: Haxorus\n|\n|-status|p2a: Flareon|tox|[from] item: Toxic Orb\n|upkeep\n|inactive|Dooopsdiiips has 120 seconds left.\n|\n|t:|1781397304\n|switch|p1a: Komala|Komala, L88, F|258/258\n|-ability|p1a: Komala|Comatose\n|turn|4\n|\n|t:|1781397315\n|move|p2a: Flareon|Facade|p1a: Komala\n|-damage|p1a: Komala|18/258\n|move|p1a: Komala|Earthquake|p2a: Flareon\n|-supereffective|p2a: Flareon\n|-damage|p2a: Flareon|29/263 tox\n|\n|-damage|p2a: Flareon|13/263 tox|[from] psn\n|upkeep\n|turn|5\n|\n|t:|1781397326\n|move|p2a: Flareon|Trailblaze|p1a: Komala\n|-damage|p1a: Komala|0 fnt\n|-boost|p2a: Flareon|spe|1\n|faint|p1a: Komala\n|\n|-damage|p2a: Flareon|0 fnt|[from] psn\n|faint|p2a: Flareon\n|upkeep\n|inactive|Dooopsdiiips has 120 seconds left.\n|\n|t:|1781397340\n|switch|p2a: Squawkabilly|Squawkabilly-White, L89, F|291/291\n|switch|p1a: Archaludon|Archaludon, L78, F|268/268\n|turn|6\n|inactive|Dooopsdiiips has 120 seconds left.\n|inactive|masbahlilganteng has 90 seconds left.\n|\n|t:|1781397359\n|switch|p2a: Gogoat|Gogoat, L88, F|360/360\n|move|p1a: Archaludon|Thunderbolt|p2a: Gogoat\n|-resisted|p2a: Gogoat\n|-damage|p2a: Gogoat|326/360\n|\n|-heal|p2a: Gogoat|348/360|[from] item: Leftovers\n|upkeep\n|turn|7\n|inactive|Dooopsdiiips has 120 seconds left.\n|\n|t:|1781397387\n|move|p1a: Archaludon|Draco Meteor|p2a: Gogoat\n|-damage|p2a: Gogoat|197/360\n|-unboost|p1a: Archaludon|spa|2\n|move|p2a: Gogoat|Earthquake|p1a: Archaludon\n|-supereffective|p1a: Archaludon\n|-damage|p1a: Archaludon|144/268\n|-ability|p1a: Archaludon|Stamina|boost\n|-boost|p1a: Archaludon|def|1\n|\n|-heal|p2a: Gogoat|219/360|[from] item: Leftovers\n|upkeep\n|turn|8\n|\n|t:|1781397397\n|move|p1a: Archaludon|Body Press|p2a: Gogoat\n|-damage|p2a: Gogoat|107/360\n|move|p2a: Gogoat|Milk Drink|p2a: Gogoat\n|-heal|p2a: Gogoat|287/360\n|\n|-heal|p2a: Gogoat|309/360|[from] item: Leftovers\n|upkeep\n|turn|9\n|\n|t:|1781397408\n|switch|p1a: Lunala|Lunala, L70|308/308\n|move|p2a: Gogoat|Bulk Up|p2a: Gogoat\n|-boost|p2a: Gogoat|atk|1\n|-boost|p2a: Gogoat|def|1\n|\n|-heal|p2a: Gogoat|331/360|[from] item: Leftovers\n|upkeep\n|turn|10\n|\n|t:|1781397418\n|move|p1a: Lunala|Calm Mind|p1a: Lunala\n|-boost|p1a: Lunala|spa|1\n|-boost|p1a: Lunala|spd|1\n|move|p2a: Gogoat|Horn Leech|p1a: Lunala\n|-damage|p1a: Lunala|233/308\n|-heal|p2a: Gogoat|360/360|[from] drain|[of] p1a: Lunala\n|\n|-heal|p1a: Lunala|252/308|[from] item: Leftovers\n|upkeep\n|turn|11\n|inactive|masbahlilganteng has 120 seconds left.\n|\n|t:|1781397437\n|move|p1a: Lunala|Moonlight|p1a: Lunala\n|-heal|p1a: Lunala|308/308\n|move|p2a: Gogoat|Horn Leech|p1a: Lunala\n|-damage|p1a: Lunala|227/308\n|\n|-heal|p1a: Lunala|246/308|[from] item: Leftovers\n|upkeep\n|turn|12\n|inactive|masbahlilganteng has 120 seconds left.\n|\n|t:|1781397457\n|move|p1a: Lunala|Moongeist Beam|p2a: Gogoat\n|-damage|p2a: Gogoat|198/360\n|move|p2a: Gogoat|Horn Leech|p1a: Lunala\n|-crit|p1a: Lunala\n|-damage|p1a: Lunala|15/308\n|-heal|p2a: Gogoat|314/360|[from] drain|[of] p1a: Lunala\n|\n|-heal|p1a: Lunala|34/308|[from] item: Leftovers\n|-heal|p2a: Gogoat|336/360|[from] item: Leftovers\n|upkeep\n|turn|13\n|\n|t:|1781397467\n|move|p1a: Lunala|Moonlight|p1a: Lunala\n|-heal|p1a: Lunala|188/308\n|move|p2a: Gogoat|Horn Leech|p1a: Lunala\n|-damage|p1a: Lunala|19/308\n|-heal|p2a: Gogoat|360/360|[from] drain|[of] p1a: Lunala\n|\n|-heal|p1a: Lunala|38/308|[from] item: Leftovers\n|upkeep\n|turn|14\n|\n|t:|1781397475\n|move|p1a: Lunala|Moongeist Beam|p2a: Gogoat\n|-damage|p2a: Gogoat|210/360\n|move|p2a: Gogoat|Bulk Up|p2a: Gogoat\n|-boost|p2a: Gogoat|atk|1\n|-boost|p2a: Gogoat|def|1\n|\n|-heal|p1a: Lunala|57/308|[from] item: Leftovers\n|-heal|p2a: Gogoat|232/360|[from] item: Leftovers\n|upkeep\n|turn|15\n|inactive|Dooopsdiiips has 120 seconds left.\n|\n|t:|1781397483\n|move|p1a: Lunala|Moongeist Beam|p2a: Gogoat\n|-damage|p2a: Gogoat|81/360\n|move|p2a: Gogoat|Milk Drink|p2a: Gogoat\n|-heal|p2a: Gogoat|261/360\n|\n|-heal|p1a: Lunala|76/308|[from] item: Leftovers\n|-heal|p2a: Gogoat|283/360|[from] item: Leftovers\n|upkeep\n|turn|16\n|\n|t:|1781397489\n|move|p1a: Lunala|Moongeist Beam|p2a: Gogoat\n|-damage|p2a: Gogoat|135/360\n|move|p2a: Gogoat|Horn Leech|p1a: Lunala\n|-damage|p1a: Lunala|0 fnt\n|-heal|p2a: Gogoat|173/360|[from] drain|[of] p1a: Lunala\n|faint|p1a: Lunala\n|\n|-heal|p2a: Gogoat|195/360|[from] item: Leftovers\n|upkeep\n|inactive|Dooopsdiiips has 120 seconds left.\n|\n|t:|1781397526\n|switch|p1a: Porygon2|Porygon2, L81|270/270\n|-ability|p1a: Porygon2|Download|boost\n|-boost|p1a: Porygon2|spa|1\n|turn|17\n|\n|t:|1781397535\n|move|p2a: Gogoat|Horn Leech|p1a: Porygon2\n|-damage|p1a: Porygon2|147/270\n|-heal|p2a: Gogoat|257/360|[from] drain|[of] p1a: Porygon2\n|move|p1a: Porygon2|Thunder Wave|p2a: Gogoat\n|-status|p2a: Gogoat|par\n|\n|-heal|p2a: Gogoat|279/360 par|[from] item: Leftovers\n|upkeep\n|turn|18\n|\n|t:|1781397551\n|move|p1a: Porygon2|Tera Blast|p2a: Gogoat\n|-damage|p2a: Gogoat|147/360 par\n|move|p2a: Gogoat|Horn Leech|p1a: Porygon2\n|-damage|p1a: Porygon2|20/270\n|-heal|p2a: Gogoat|211/360 par|[from] drain|[of] p1a: Porygon2\n|\n|-heal|p2a: Gogoat|233/360 par|[from] item: Leftovers\n|upkeep\n|turn|19\n|\n|t:|1781397560\n|move|p1a: Porygon2|Recover|p1a: Porygon2\n|-heal|p1a: Porygon2|155/270\n|move|p2a: Gogoat|Horn Leech|p1a: Porygon2\n|-damage|p1a: Porygon2|28/270\n|-heal|p2a: Gogoat|297/360 par|[from] drain|[of] p1a: Porygon2\n|\n|-heal|p2a: Gogoat|319/360 par|[from] item: Leftovers\n|upkeep\n|turn|20\n|\n|t:|1781397566\n|move|p1a: Porygon2|Recover|p1a: Porygon2\n|-heal|p1a: Porygon2|163/270\n|move|p2a: Gogoat|Horn Leech|p1a: Porygon2\n|-damage|p1a: Porygon2|31/270\n|-heal|p2a: Gogoat|360/360 par|[from] drain|[of] p1a: Porygon2\n|\n|upkeep\n|turn|21\n|\n|t:|1781397570\n|move|p1a: Porygon2|Recover|p1a: Porygon2\n|-heal|p1a: Porygon2|166/270\n|move|p2a: Gogoat|Bulk Up|p2a: Gogoat\n|-boost|p2a: Gogoat|atk|1\n|-boost|p2a: Gogoat|def|1\n|\n|upkeep\n|turn|22\n|\n|t:|1781397575\n|move|p1a: Porygon2|Tera Blast|p2a: Gogoat\n|-damage|p2a: Gogoat|240/360 par\n|cant|p2a: Gogoat|par\n|\n|-heal|p2a: Gogoat|262/360 par|[from] item: Leftovers\n|upkeep\n|turn|23\n|\n|t:|1781397579\n|move|p1a: Porygon2|Tera Blast|p2a: Gogoat\n|-damage|p2a: Gogoat|142/360 par\n|move|p2a: Gogoat|Horn Leech|p1a: Porygon2\n|-damage|p1a: Porygon2|1/270\n|-heal|p2a: Gogoat|225/360 par|[from] drain|[of] p1a: Porygon2\n|\n|-heal|p2a: Gogoat|247/360 par|[from] item: Leftovers\n|upkeep\n|turn|24\n|\n|t:|1781397602\n|move|p1a: Porygon2|Tera Blast|p2a: Gogoat\n|-damage|p2a: Gogoat|129/360 par\n|move|p2a: Gogoat|Horn Leech|p1a: Porygon2\n|-damage|p1a: Porygon2|0 fnt\n|-heal|p2a: Gogoat|130/360 par|[from] drain|[of] p1a: Porygon2\n|faint|p1a: Porygon2\n|\n|-heal|p2a: Gogoat|152/360 par|[from] item: Leftovers\n|upkeep\n|\n|t:|1781397607\n|switch|p1a: Archaludon|Archaludon, L78, F|144/268\n|turn|25\n|\n|t:|1781397612\n|move|p1a: Archaludon|Draco Meteor|p2a: Gogoat\n|-damage|p2a: Gogoat|0 fnt\n|-unboost|p1a: Archaludon|spa|2\n|faint|p2a: Gogoat\n|\n|upkeep\n|\n|t:|1781397615\n|switch|p2a: Hitmonlee|Hitmonlee, L85, M|223/223\n|turn|26\n|\n|t:|1781397643\n|switch|p1a: Zacian|Zacian, L69|241/241\n|-ability|p1a: Zacian|Intrepid Sword|boost\n|-boost|p1a: Zacian|atk|1\n|move|p2a: Hitmonlee|High Jump Kick|p1a: Zacian\n|-resisted|p1a: Zacian\n|-damage|p1a: Zacian|88/241\n|\n|upkeep\n|turn|27\n|\n|t:|1781397666\n|switch|p2a: Squawkabilly|Squawkabilly-White, L89, F|291/291\n|move|p1a: Zacian|Play Rough|p2a: Squawkabilly\n|-damage|p2a: Squawkabilly|65/291\n|\n|upkeep\n|turn|28\n|\n|t:|1781397679\n|move|p1a: Zacian|Play Rough|p2a: Squawkabilly\n|-damage|p2a: Squawkabilly|0 fnt\n|faint|p2a: Squawkabilly\n|\n|upkeep\n|\n|t:|1781397682\n|switch|p2a: Raging Bolt|Raging Bolt, L78|323/323\n|turn|29\n|inactive|Dooopsdiiips has 120 seconds left.\n|inactive|masbahlilganteng has 120 seconds left.\n|\n|t:|1781397713\n|-terastallize|p2a: Raging Bolt|Electric\n|move|p1a: Zacian|Play Rough|p2a: Raging Bolt\n|-damage|p2a: Raging Bolt|130/323\n|move|p2a: Raging Bolt|Discharge|p1a: Zacian\n|-damage|p1a: Zacian|0 fnt\n|faint|p1a: Zacian\n|\n|upkeep\n|\n|t:|1781397716\n|switch|p1a: Archaludon|Archaludon, L78, F|144/268\n|turn|30\n|inactive|Dooopsdiiips has 120 seconds left.\n|\n|t:|1781397729\n|move|p2a: Raging Bolt|Thunderclap|p1a: Archaludon\n|-resisted|p1a: Archaludon\n|-damage|p1a: Archaludon|95/268\n|-ability|p1a: Archaludon|Stamina|boost\n|-boost|p1a: Archaludon|def|1\n|move|p1a: Archaludon|Draco Meteor|p2a: Raging Bolt\n|-damage|p2a: Raging Bolt|27/323\n|-unboost|p1a: Archaludon|spa|2\n|\n|upkeep\n|turn|31\n|inactive|Dooopsdiiips has 120 seconds left.\n|\n|t:|1781397748\n|move|p2a: Raging Bolt|Thunderclap|p1a: Archaludon\n|-resisted|p1a: Archaludon\n|-damage|p1a: Archaludon|46/268\n|-ability|p1a: Archaludon|Stamina|boost\n|-boost|p1a: Archaludon|def|1\n|move|p1a: Archaludon|Draco Meteor|p2a: Raging Bolt\n|-damage|p2a: Raging Bolt|0 fnt\n|-unboost|p1a: Archaludon|spa|2\n|faint|p2a: Raging Bolt\n|-end|p2a: Raging Bolt|Protosynthesis|[silent]\n|\n|upkeep\n|\n|t:|1781397751\n|switch|p2a: Hitmonlee|Hitmonlee, L85, M|223/223\n|turn|32\n|\n|t:|1781397753\n|-terastallize|p1a: Archaludon|Fighting\n|move|p2a: Hitmonlee|High Jump Kick|p1a: Archaludon\n|-damage|p1a: Archaludon|0 fnt\n|faint|p1a: Archaludon\n|\n|win|masbahlilganteng\n|raw|Dooopsdiiips's rating: 2103 &rarr; <strong>2082</strong><br />(-21 for losing)\n|raw|masbahlilganteng's rating: 2080 &rarr; <strong>2101</strong><br />(+21 for winning)\n|l|\u2606Dooopsdiiips\n|player|p1|\n", "inputlog": ">version a8376a258c1d4662feba110a92103f3664a72141\n>start {\"formatid\":\"gen9randombattle\",\"seed\":\"sodium,e670dad830d71db886102eaa52a58661\",\"rated\":\"Rated battle\"}\n>player p1 {\"name\":\"Dooopsdiiips\",\"avatar\":\"265\",\"rating\":2103,\"seed\":\"sodium,b1227a3c17ea80b646d77f057eb64033\"}\n>player p2 {\"name\":\"masbahlilganteng\",\"avatar\":\"hoopster\",\"rating\":2080,\"seed\":\"sodium,6fdf464e9a5044637cf5b1138c3085f2\"}\n>p1 move scaleshot\n>p2 move calmmind\n>p1 move scaleshot\n>p2 move dazzlinggleam\n>p2 switch 3\n>p1 move earthquake\n>p2 move quickattack\n>p1 switch 2\n>p1 move earthquake\n>p2 move facade\n>p1 move rapidspin\n>p2 move trailblaze\n>p1 switch 5\n>p2 switch 6\n>p1 move thunderbolt\n>p2 switch 5\n>p1 move dracometeor\n>p2 move earthquake\n>p1 move bodypress\n>p2 move milkdrink\n>p1 switch 3\n>p2 move bulkup\n>p1 move calmmind\n>p2 move hornleech\n>p1 move moonlight\n>p2 move hornleech\n>p1 move moongeistbeam\n>p2 move hornleech\n>p1 move moonlight\n>p2 move hornleech\n>p1 move moongeistbeam\n>p2 move bulkup\n>p1 move moongeistbeam\n>p2 move milkdrink\n>p1 move moongeistbeam\n>p2 move hornleech\n>p1 switch 4\n>p1 move thunderwave\n>p2 move hornleech\n>p1 move terablast\n>p2 move hornleech\n>p1 move recover\n>p2 move hornleech\n>p1 move recover\n>p2 move hornleech\n>p1 move recover\n>p2 move bulkup\n>p1 move terablast\n>p2 move hornleech\n>p1 move terablast\n>p2 move hornleech\n>p1 move terablast\n>p2 move hornleech\n>p1 switch 3\n>p1 move dracometeor\n>p2 move milkdrink\n>p2 switch 2\n>p1 switch 6\n>p2 move highjumpkick\n>p1 move playrough\n>p2 switch 5\n>p1 move playrough\n>p2 move bravebird\n>p2 switch 4\n>p1 move playrough\n>p2 move discharge terastallize\n>p1 switch 6\n>p1 move dracometeor\n>p2 move thunderclap\n>p1 move dracometeor\n>p2 move thunderclap\n>p2 switch 5\n>p1 move bodypress terastallize\n>p2 move highjumpkick", "uploadtime": 1781397117, "views": 7, "formatid": "gen9randombattle", "rating": 2082, "private": 0, "password": null}