{"id": "gen9randombattle-2632016575", "format": "[Gen 9] Random Battle", "players": ["WhatEver2102", "duskwolf64"], "log": "|j|\u2606WhatEver2102\n|j|\u2606duskwolf64\n|t:|1781466304\n|gametype|singles\n|player|p1|WhatEver2102|juan|1966\n|player|p2|duskwolf64|hilbert|2039\n|gen|9\n|tier|[Gen 9] Random Battle\n|rated|\n|rule|Species Clause: Limit one of each Pok\u00e9mon\n|rule|HP Percentage Mod: HP is shown in percentages\n|rule|Sleep Clause Mod: Limit one foe put to sleep\n|rule|Illusion Level Mod: Illusion disguises the Pok\u00e9mon's true level\n|\n|t:|1781466304\n|teamsize|p1|6\n|teamsize|p2|6\n|start\n|switch|p1a: Klefki|Klefki, L84, F|233/233\n|switch|p2a: Crabominable|Crabominable, L90, M|321/321\n|turn|1\n|inactive|Battle timer is ON: inactive players will automatically lose when time's up. (requested by WhatEver2102)\n|inactive|duskwolf64 has 120 seconds left.\n|inactive|duskwolf64 has 90 seconds left.\n|\n|t:|1781466384\n|move|p1a: Klefki|Magnet Rise|p1a: Klefki\n|-start|p1a: Klefki|Magnet Rise\n|move|p2a: Crabominable|Drain Punch|p1a: Klefki\n|-damage|p1a: Klefki|83/233\n|\n|-heal|p1a: Klefki|97/233|[from] item: Leftovers\n|upkeep\n|turn|2\n|\n|t:|1781466400\n|switch|p1a: Sylveon|Sylveon, L85, F|300/300\n|move|p2a: Crabominable|Drain Punch|p1a: Sylveon\n|-resisted|p1a: Sylveon\n|-damage|p1a: Sylveon|219/300\n|\n|-heal|p1a: Sylveon|237/300|[from] item: Leftovers\n|upkeep\n|turn|3\n|inactive|duskwolf64 has 120 seconds left.\n|\n|t:|1781466454\n|move|p1a: Sylveon|Wish|p1a: Sylveon\n|move|p2a: Crabominable|Ice Hammer|p1a: Sylveon\n|-damage|p1a: Sylveon|20/300\n|-unboost|p2a: Crabominable|spe|1\n|\n|-heal|p1a: Sylveon|38/300|[from] item: Leftovers\n|upkeep\n|turn|4\n|\n|t:|1781466471\n|move|p1a: Sylveon|Protect|p1a: Sylveon\n|-singleturn|p1a: Sylveon|Protect\n|move|p2a: Crabominable|Drain Punch|p1a: Sylveon\n|-activate|p1a: Sylveon|move: Protect\n|\n|-heal|p1a: Sylveon|188/300|[from] move: Wish|[wisher] Sylveon\n|-heal|p1a: Sylveon|206/300|[from] item: Leftovers\n|upkeep\n|turn|5\n|\n|t:|1781466478\n|move|p1a: Sylveon|Hyper Voice|p2a: Crabominable\n|-supereffective|p2a: Crabominable\n|-damage|p2a: Crabominable|123/321\n|move|p2a: Crabominable|Ice Hammer|p1a: Sylveon\n|-damage|p1a: Sylveon|0 fnt\n|-unboost|p2a: Crabominable|spe|1\n|faint|p1a: Sylveon\n|\n|upkeep\n|\n|t:|1781466482\n|switch|p1a: Klefki|Klefki, L84, F|97/233\n|turn|6\n|\n|t:|1781466487\n|move|p1a: Klefki|Play Rough|p2a: Crabominable\n|-supereffective|p2a: Crabominable\n|-damage|p2a: Crabominable|0 fnt\n|faint|p2a: Crabominable\n|\n|-heal|p1a: Klefki|111/233|[from] item: Leftovers\n|upkeep\n|inactive|duskwolf64 has 120 seconds left.\n|\n|t:|1781466499\n|switch|p2a: Wyrdeer|Wyrdeer, L87, M|321/321\n|-ability|p2a: Wyrdeer|Intimidate|boost\n|-unboost|p1a: Klefki|atk|1\n|turn|7\n|\n|t:|1781466525\n|switch|p1a: Mightyena|Mightyena, L96, M|290/290\n|-ability|p1a: Mightyena|Intimidate|boost\n|-unboost|p2a: Wyrdeer|atk|1\n|move|p2a: Wyrdeer|Psychic Noise|p1a: Mightyena\n|-immune|p1a: Mightyena\n|\n|upkeep\n|turn|8\n|\n|t:|1781466530\n|move|p1a: Mightyena|Crunch|p2a: Wyrdeer\n|-supereffective|p2a: Wyrdeer\n|-damage|p2a: Wyrdeer|0 fnt\n|faint|p2a: Wyrdeer\n|\n|upkeep\n|\n|t:|1781466535\n|switch|p2a: Inteleon|Inteleon, L81, F|246/246\n|turn|9\n|\n|t:|1781466540\n|-terastallize|p2a: Inteleon|Water\n|move|p2a: Inteleon|Hydro Pump|p1a: Mightyena\n|-damage|p1a: Mightyena|0 fnt\n|faint|p1a: Mightyena\n|\n|upkeep\n|\n|t:|1781466548\n|switch|p1a: Milotic|Milotic, L83, F|293/293\n|turn|10\n|inactive|duskwolf64 has 120 seconds left.\n|inactive|duskwolf64 has 90 seconds left.\n|\n|t:|1781466622\n|switch|p2a: Barraskewda|Barraskewda, L81, M|231/231\n|move|p1a: Milotic|Scald|p2a: Barraskewda\n|-resisted|p2a: Barraskewda\n|-damage|p2a: Barraskewda|166/231\n|\n|upkeep\n|turn|11\n|\n|t:|1781466641\n|move|p2a: Barraskewda|Close Combat|p1a: Milotic\n|-damage|p1a: Milotic|144/293\n|-unboost|p2a: Barraskewda|def|1\n|-unboost|p2a: Barraskewda|spd|1\n|move|p1a: Milotic|Scald|p2a: Barraskewda\n|-resisted|p2a: Barraskewda\n|-damage|p2a: Barraskewda|71/231\n|\n|-heal|p1a: Milotic|162/293|[from] item: Leftovers\n|upkeep\n|turn|12\n|\n|t:|1781466652\n|move|p2a: Barraskewda|Close Combat|p1a: Milotic\n|-damage|p1a: Milotic|0 fnt\n|-unboost|p2a: Barraskewda|def|1\n|-unboost|p2a: Barraskewda|spd|1\n|faint|p1a: Milotic\n|\n|upkeep\n|\n|t:|1781466658\n|switch|p1a: Flygon|Flygon, L82, M|265/265\n|turn|13\n|inactive|duskwolf64 has 90 seconds left.\n|\n|t:|1781466701\n|move|p1a: Flygon|Outrage|p2a: Barraskewda\n|-damage|p2a: Barraskewda|0 fnt\n|faint|p2a: Barraskewda\n|\n|upkeep\n|\n|t:|1781466708\n|switch|p2a: Inteleon|Inteleon, L81, F, tera:Water|246/246\n|turn|14\n|\n|t:|1781466717\n|move|p1a: Flygon|Outrage|p2a: Inteleon|[from] lockedmove\n|-damage|p2a: Inteleon|81/246\n|-start|p1a: Flygon|confusion|[fatigue]\n|move|p2a: Inteleon|Ice Beam|p1a: Flygon\n|-supereffective|p1a: Flygon\n|-damage|p1a: Flygon|0 fnt\n|faint|p1a: Flygon\n|\n|upkeep\n|\n|t:|1781466721\n|switch|p1a: Klefki|Klefki, L84, F|111/233\n|turn|15\n|inactive|duskwolf64 has 90 seconds left.\n|\n|t:|1781466726\n|switch|p2a: Giratina|Giratina, L75|349/349\n|-ability|p2a: Giratina|Pressure\n|move|p1a: Klefki|Thunder Wave|p2a: Giratina\n|-status|p2a: Giratina|par\n|\n|-heal|p1a: Klefki|125/233|[from] item: Leftovers\n|upkeep\n|turn|16\n|\n|t:|1781466733\n|move|p1a: Klefki|Play Rough|p2a: Giratina|[miss]\n|-miss|p1a: Klefki|p2a: Giratina\n|move|p2a: Giratina|Will-O-Wisp|p1a: Klefki\n|-status|p1a: Klefki|brn\n|\n|-heal|p1a: Klefki|139/233 brn|[from] item: Leftovers\n|-damage|p1a: Klefki|125/233 brn|[from] brn\n|upkeep\n|turn|17\n|inactive|duskwolf64 has 90 seconds left.\n|\n|t:|1781466764\n|move|p1a: Klefki|Spikes|p2a: Giratina\n|-sidestart|p2: duskwolf64|Spikes\n|cant|p2a: Giratina|par\n|\n|-heal|p1a: Klefki|139/233 brn|[from] item: Leftovers\n|-damage|p1a: Klefki|125/233 brn|[from] brn\n|upkeep\n|turn|18\n|\n|t:|1781466793\n|move|p1a: Klefki|Play Rough|p2a: Giratina\n|-supereffective|p2a: Giratina\n|-damage|p2a: Giratina|277/349 par\n|move|p2a: Giratina|Shadow Ball|p1a: Klefki\n|-damage|p1a: Klefki|50/233 brn\n|\n|-heal|p1a: Klefki|64/233 brn|[from] item: Leftovers\n|-heal|p2a: Giratina|298/349 par|[from] item: Leftovers\n|-damage|p1a: Klefki|50/233 brn|[from] brn\n|upkeep\n|turn|19\n|inactive|duskwolf64 has 90 seconds left.\n|\n|t:|1781466805\n|move|p1a: Klefki|Spikes|p2a: Giratina\n|-sidestart|p2: duskwolf64|Spikes\n|move|p2a: Giratina|Rest|p2a: Giratina\n|-status|p2a: Giratina|slp|[from] move: Rest\n|-heal|p2a: Giratina|349/349 slp|[silent]\n|\n|-heal|p1a: Klefki|64/233 brn|[from] item: Leftovers\n|-damage|p1a: Klefki|50/233 brn|[from] brn\n|upkeep\n|turn|20\n|\n|t:|1781466808\n|move|p1a: Klefki|Spikes|p2a: Giratina\n|-sidestart|p2: duskwolf64|Spikes\n|cant|p2a: Giratina|slp\n|move|p2a: Giratina|Sleep Talk|p2a: Giratina\n|move|p2a: Giratina|Shadow Ball|p1a: Klefki|[from] move: Sleep Talk\n|-damage|p1a: Klefki|0 fnt\n|faint|p1a: Klefki\n|\n|upkeep\n|\n|t:|1781466811\n|switch|p1a: Ogerpon|Ogerpon-Cornerstone, L76, F|247/247\n|turn|21\n|\n|t:|1781466822\n|-terastallize|p1a: Ogerpon|Rock\n|detailschange|p1a: Ogerpon|Ogerpon-Cornerstone-Tera, L76, F, tera:Rock\n|-ability|p1a: Ogerpon|Embody Aspect (Cornerstone)|boost\n|-boost|p1a: Ogerpon|def|1\n|move|p1a: Ogerpon|Swords Dance|p1a: Ogerpon\n|-boost|p1a: Ogerpon|atk|2\n|cant|p2a: Giratina|slp\n|move|p2a: Giratina|Sleep Talk|p2a: Giratina\n|move|p2a: Giratina|Will-O-Wisp|p1a: Ogerpon|[from] move: Sleep Talk\n|-status|p1a: Ogerpon|brn\n|\n|-damage|p1a: Ogerpon|232/247 brn|[from] brn\n|upkeep\n|turn|22\n|\n|t:|1781466827\n|move|p1a: Ogerpon|Swords Dance|p1a: Ogerpon\n|-boost|p1a: Ogerpon|atk|2\n|-curestatus|p2a: Giratina|slp|[msg]\n|move|p2a: Giratina|Shadow Ball|p1a: Ogerpon\n|-damage|p1a: Ogerpon|163/247 brn\n|\n|-damage|p1a: Ogerpon|148/247 brn|[from] brn\n|upkeep\n|turn|23\n|\n|t:|1781466830\n|move|p1a: Ogerpon|Ivy Cudgel|p2a: Giratina|[anim] Ivy Cudgel Rock\n|-damage|p2a: Giratina|151/349\n|move|p2a: Giratina|Shadow Ball|p1a: Ogerpon\n|-damage|p1a: Ogerpon|73/247 brn\n|\n|-heal|p2a: Giratina|172/349|[from] item: Leftovers\n|-damage|p1a: Ogerpon|58/247 brn|[from] brn\n|upkeep\n|turn|24\n|\n|t:|1781466844\n|move|p1a: Ogerpon|Ivy Cudgel|p2a: Giratina|[anim] Ivy Cudgel Rock\n|-damage|p2a: Giratina|0 fnt\n|faint|p2a: Giratina\n|\n|-damage|p1a: Ogerpon|43/247 brn|[from] brn\n|upkeep\n|\n|t:|1781466847\n|switch|p2a: Inteleon|Inteleon, L81, F, tera:Water|81/246\n|-damage|p2a: Inteleon|20/246|[from] Spikes\n|turn|25\n|c|\u2606duskwolf64|gg\n|\n|t:|1781466861\n|move|p2a: Inteleon|Scald|p1a: Ogerpon\n|-supereffective|p1a: Ogerpon\n|-damage|p1a: Ogerpon|0 fnt\n|faint|p1a: Ogerpon\n|detailschange|p1: Ogerpon|Ogerpon-Cornerstone, L76, F|[silent]\n|\n|win|duskwolf64\n", "inputlog": ">version a8376a258c1d4662feba110a92103f3664a72141\n>start {\"formatid\":\"gen9randombattle\",\"seed\":\"sodium,16f7ce50a4be1a97e9552c637f0c2ad9\",\"rated\":\"Rated battle\"}\n>player p1 {\"name\":\"WhatEver2102\",\"avatar\":\"juan\",\"rating\":1966,\"seed\":\"sodium,dffc098573b230f4f15c38798865d47c\"}\n>player p2 {\"name\":\"duskwolf64\",\"avatar\":\"hilbert\",\"rating\":2039,\"seed\":\"sodium,60d08d74eacb184f645c767f3580ac29\"}\n>p1 move magnetrise\n>p2 move drainpunch\n>p1 switch 2\n>p2 move drainpunch\n>p1 move wish\n>p2 move icehammer\n>p1 move protect\n>p2 move drainpunch\n>p1 move hypervoice\n>p2 move icehammer\n>p1 switch 2\n>p1 move playrough\n>p2 move drainpunch\n>p2 switch 3\n>p1 switch 5\n>p2 move psychicnoise\n>p1 move crunch\n>p2 move bodyslam\n>p2 switch 2\n>p1 move crunch\n>p2 move hydropump terastallize\n>p1 switch 3\n>p1 move scald\n>p2 switch 5\n>p1 move scald\n>p2 move closecombat\n>p1 move recover\n>p2 move closecombat\n>p1 switch 4\n>p1 move outrage\n>p2 move closecombat\n>p2 switch 5\n>p1 move outrage\n>p2 move icebeam\n>p1 switch 5\n>p1 move thunderwave\n>p2 switch 6\n>p1 move playrough\n>p2 move willowisp\n>p1 move spikes\n>p2 move rest\n>p1 move playrough\n>p2 move shadowball\n>p1 move spikes\n>p2 move rest\n>p1 move spikes\n>p2 move sleeptalk\n>p1 switch 6\n>p1 move swordsdance terastallize\n>p2 move sleeptalk\n>p1 move swordsdance\n>p2 move shadowball\n>p1 move ivycudgel\n>p2 move shadowball\n>p1 move ivycudgel\n>p2 move shadowball\n>p2 switch 6\n>chat \u2606duskwolf64|gg\n>p1 move ivycudgel\n>p2 move scald", "uploadtime": 1781466306, "views": 7, "formatid": "gen9randombattle", "rating": null, "private": 0, "password": null}