{"id": "gen9randombattle-2631927449", "format": "[Gen 9] Random Battle", "players": ["marper8", "orenado8"], "log": "|j|\u2606marper8\n|j|\u2606orenado8\n|t:|1781456515\n|gametype|singles\n|player|p1|marper8|265|2142\n|player|p2|orenado8|palmer|2102\n|gen|9\n|tier|[Gen 9] Random Battle\n|rated|\n|rule|Species Clause: Limit one of each Pok\u00e9mon\n|rule|HP Percentage Mod: HP is shown in percentages\n|rule|Sleep Clause Mod: Limit one foe put to sleep\n|rule|Illusion Level Mod: Illusion disguises the Pok\u00e9mon's true level\n|\n|t:|1781456515\n|teamsize|p1|6\n|teamsize|p2|6\n|start\n|switch|p1a: Girafarig|Girafarig, L89, M|269/269\n|switch|p2a: Staraptor|Staraptor, L79, F|263/263\n|turn|1\n|inactive|Battle timer is ON: inactive players will automatically lose when time's up. (requested by marper8)\n|\n|t:|1781456529\n|switch|p1a: Coalossal|Coalossal, L89, F|341/341\n|move|p2a: Staraptor|U-turn|p1a: Coalossal\n|-resisted|p1a: Coalossal\n|-crit|p1a: Coalossal\n|-damage|p1a: Coalossal|310/341\n|\n|t:|1781456536\n|switch|p2a: Quagsire|Quagsire, L84, F|297/297|[from] U-turn\n|\n|upkeep\n|turn|2\n|\n|t:|1781456543\n|switch|p1a: Bellossom|Bellossom, L84, M|263/263\n|move|p2a: Quagsire|Spikes|p1a: Bellossom\n|-sidestart|p1: marper8|Spikes\n|\n|upkeep\n|turn|3\n|\n|t:|1781456550\n|switch|p2a: Altaria|Altaria, L89, M|278/278\n|move|p1a: Bellossom|Giga Drain|p2a: Altaria\n|-resisted|p2a: Altaria\n|-damage|p2a: Altaria|264/278\n|\n|upkeep\n|turn|4\n|\n|t:|1781456565\n|switch|p2a: Staraptor|Staraptor, L79, F|263/263\n|switch|p1a: Girafarig|Girafarig, L89, M|269/269\n|-damage|p1a: Girafarig|236/269|[from] Spikes\n|\n|upkeep\n|turn|5\n|\n|t:|1781456569\n|move|p2a: Staraptor|U-turn|p1a: Girafarig\n|-supereffective|p1a: Girafarig\n|-damage|p1a: Girafarig|156/269\n|\n|t:|1781456584\n|switch|p2a: Altaria|Altaria, L89, M|264/278|[from] U-turn\n|move|p1a: Girafarig|Hyper Voice|p2a: Altaria\n|-damage|p2a: Altaria|180/278\n|\n|upkeep\n|turn|6\n|\n|t:|1781456591\n|move|p1a: Girafarig|Hyper Voice|p2a: Altaria\n|-damage|p2a: Altaria|102/278\n|move|p2a: Altaria|Roost|p2a: Altaria\n|-heal|p2a: Altaria|241/278\n|-singleturn|p2a: Altaria|move: Roost\n|\n|upkeep\n|turn|7\n|\n|t:|1781456596\n|move|p1a: Girafarig|Nasty Plot|p1a: Girafarig\n|-boost|p1a: Girafarig|spa|2\n|move|p2a: Altaria|Brave Bird|p1a: Girafarig\n|-damage|p1a: Girafarig|65/269\n|-damage|p2a: Altaria|211/278|[from] Recoil\n|\n|upkeep\n|turn|8\n|\n|t:|1781456602\n|move|p1a: Girafarig|Hyper Voice|p2a: Altaria\n|-damage|p2a: Altaria|31/278\n|move|p2a: Altaria|Brave Bird|p1a: Girafarig\n|-damage|p1a: Girafarig|0 fnt\n|faint|p1a: Girafarig\n|-damage|p2a: Altaria|10/278|[from] Recoil\n|\n|upkeep\n|\n|t:|1781456614\n|switch|p1a: Coalossal|Coalossal, L89, F|310/341\n|turn|9\n|\n|t:|1781456622\n|move|p2a: Altaria|Roost|p2a: Altaria\n|-heal|p2a: Altaria|149/278\n|-singleturn|p2a: Altaria|move: Roost\n|move|p1a: Coalossal|Rapid Spin|p2a: Altaria\n|-damage|p2a: Altaria|117/278\n|-boost|p1a: Coalossal|spe|1\n|-sideend|p1: marper8|Spikes|[from] move: Rapid Spin|[of] p1a: Coalossal\n|\n|upkeep\n|turn|10\n|\n|t:|1781456628\n|move|p2a: Altaria|Roost|p2a: Altaria\n|-heal|p2a: Altaria|256/278\n|-singleturn|p2a: Altaria|move: Roost\n|move|p1a: Coalossal|Stone Edge|p2a: Altaria\n|-crit|p2a: Altaria\n|-damage|p2a: Altaria|121/278\n|\n|upkeep\n|turn|11\n|\n|t:|1781456634\n|switch|p2a: Quagsire|Quagsire, L84, F|297/297\n|move|p1a: Coalossal|Will-O-Wisp|p2a: Quagsire\n|-status|p2a: Quagsire|brn\n|\n|-damage|p2a: Quagsire|279/297 brn|[from] brn\n|upkeep\n|turn|12\n|\n|t:|1781456638\n|switch|p1a: Frosmoth|Frosmoth, L82, F|249/249\n|move|p2a: Quagsire|Toxic|p1a: Frosmoth|[miss]\n|-miss|p2a: Quagsire|p1a: Frosmoth\n|\n|-heal|p2a: Quagsire|297/297 brn|[from] item: Leftovers\n|-damage|p2a: Quagsire|279/297 brn|[from] brn\n|upkeep\n|turn|13\n|\n|t:|1781456661\n|switch|p2a: Staraptor|Staraptor, L79, F|263/263\n|move|p1a: Frosmoth|Giga Drain|p2a: Staraptor\n|-resisted|p2a: Staraptor\n|-damage|p2a: Staraptor|217/263\n|\n|upkeep\n|turn|14\n|\n|t:|1781456672\n|switch|p1a: Coalossal|Coalossal, L89, F|310/341\n|move|p2a: Staraptor|U-turn|p1a: Coalossal\n|-resisted|p1a: Coalossal\n|-crit|p1a: Coalossal\n|-damage|p1a: Coalossal|281/341\n|\n|t:|1781456675\n|switch|p2a: Quagsire|Quagsire, L84, F|279/297 brn|[from] U-turn\n|\n|-heal|p2a: Quagsire|297/297 brn|[from] item: Leftovers\n|-damage|p2a: Quagsire|279/297 brn|[from] brn\n|upkeep\n|turn|15\n|\n|t:|1781456680\n|switch|p1a: Frosmoth|Frosmoth, L82, F|249/249\n|move|p2a: Quagsire|Toxic|p1a: Frosmoth\n|-status|p1a: Frosmoth|tox\n|\n|-heal|p2a: Quagsire|297/297 brn|[from] item: Leftovers\n|-damage|p1a: Frosmoth|234/249 tox|[from] psn\n|-damage|p2a: Quagsire|279/297 brn|[from] brn\n|upkeep\n|turn|16\n|\n|t:|1781456693\n|switch|p2a: Espathra|Espathra, L80, F|283/283\n|move|p1a: Frosmoth|Quiver Dance|p1a: Frosmoth\n|-boost|p1a: Frosmoth|spa|1\n|-boost|p1a: Frosmoth|spd|1\n|-boost|p1a: Frosmoth|spe|1\n|\n|-damage|p1a: Frosmoth|204/249 tox|[from] psn\n|upkeep\n|turn|17\n|inactive|orenado8 has 120 seconds left.\n|\n|t:|1781456731\n|switch|p2a: Staraptor|Staraptor, L79, F|217/263\n|move|p1a: Frosmoth|Ice Beam|p2a: Staraptor\n|-supereffective|p2a: Staraptor\n|-damage|p2a: Staraptor|0 fnt\n|faint|p2a: Staraptor\n|\n|-damage|p1a: Frosmoth|159/249 tox|[from] psn\n|upkeep\n|\n|t:|1781456738\n|switch|p2a: Espathra|Espathra, L80, F|283/283\n|turn|18\n|\n|t:|1781456741\n|move|p1a: Frosmoth|Ice Beam|p2a: Espathra\n|-damage|p2a: Espathra|40/283\n|-status|p2a: Espathra|frz\n|cant|p2a: Espathra|frz\n|\n|-heal|p2a: Espathra|57/283 frz|[from] item: Leftovers\n|-damage|p1a: Frosmoth|99/249 tox|[from] psn\n|-ability|p2a: Espathra|Speed Boost|boost\n|-boost|p2a: Espathra|spe|1\n|upkeep\n|turn|19\n|inactive|orenado8 has 120 seconds left.\n|\n|t:|1781456758\n|cant|p2a: Espathra|frz\n|move|p1a: Frosmoth|Giga Drain|p2a: Espathra\n|-damage|p2a: Espathra|0 fnt\n|-heal|p1a: Frosmoth|128/249 tox|[from] drain|[of] p2a: Espathra\n|faint|p2a: Espathra\n|\n|-damage|p1a: Frosmoth|53/249 tox|[from] psn\n|upkeep\n|inactive|orenado8 has 120 seconds left.\n|inactive|orenado8 has 90 seconds left.\n|\n|t:|1781456804\n|switch|p2a: Glalie|Glalie, L96, F|309/309\n|turn|20\n|\n|t:|1781456817\n|switch|p2a: Altaria|Altaria, L89, M|121/278\n|move|p1a: Frosmoth|Giga Drain|p2a: Altaria\n|-resisted|p2a: Altaria\n|-damage|p2a: Altaria|102/278\n|-heal|p1a: Frosmoth|63/249 tox|[from] drain|[of] p2a: Altaria\n|\n|-damage|p1a: Frosmoth|0 fnt|[from] psn\n|faint|p1a: Frosmoth\n|upkeep\n|\n|t:|1781456823\n|switch|p1a: Coalossal|Coalossal, L89, F|281/341\n|turn|21\n|inactive|orenado8 has 90 seconds left.\n|\n|t:|1781456833\n|switch|p2a: Quagsire|Quagsire, L84, F|279/297 brn\n|move|p1a: Coalossal|Stone Edge|p2a: Quagsire\n|-resisted|p2a: Quagsire\n|-damage|p2a: Quagsire|225/297 brn\n|\n|-heal|p2a: Quagsire|243/297 brn|[from] item: Leftovers\n|-damage|p2a: Quagsire|225/297 brn|[from] brn\n|upkeep\n|turn|22\n|\n|t:|1781456836\n|switch|p1a: Urshifu|Urshifu-Rapid-Strike, L75, F|274/274\n|move|p2a: Quagsire|Toxic|p1a: Urshifu\n|-status|p1a: Urshifu|tox\n|\n|-heal|p2a: Quagsire|243/297 brn|[from] item: Leftovers\n|-damage|p1a: Urshifu|257/274 tox|[from] psn\n|-damage|p2a: Quagsire|225/297 brn|[from] brn\n|upkeep\n|turn|23\n|\n|t:|1781456847\n|move|p1a: Urshifu|Surging Strikes|p2a: Quagsire\n|-crit|p2a: Quagsire\n|-damage|p2a: Quagsire|162/297 brn\n|-crit|p2a: Quagsire\n|-damage|p2a: Quagsire|99/297 brn\n|-crit|p2a: Quagsire\n|-damage|p2a: Quagsire|32/297 brn\n|-hitcount|p2a: Quagsire|3\n|move|p2a: Quagsire|Recover|p2a: Quagsire\n|-heal|p2a: Quagsire|181/297 brn\n|\n|-heal|p2a: Quagsire|199/297 brn|[from] item: Leftovers\n|-damage|p1a: Urshifu|223/274 tox|[from] psn\n|-damage|p2a: Quagsire|181/297 brn|[from] brn\n|upkeep\n|turn|24\n|inactive|orenado8 has 90 seconds left.\n|\n|t:|1781456868\n|switch|p2a: Altaria|Altaria, L89, M|102/278\n|move|p1a: Urshifu|Surging Strikes|p2a: Altaria\n|-resisted|p2a: Altaria\n|-crit|p2a: Altaria\n|-damage|p2a: Altaria|72/278\n|-resisted|p2a: Altaria\n|-crit|p2a: Altaria\n|-damage|p2a: Altaria|45/278\n|-resisted|p2a: Altaria\n|-crit|p2a: Altaria\n|-damage|p2a: Altaria|17/278\n|-hitcount|p2a: Altaria|3\n|\n|-damage|p1a: Urshifu|172/274 tox|[from] psn\n|upkeep\n|turn|25\n|\n|t:|1781456874\n|move|p2a: Altaria|Roost|p2a: Altaria\n|-heal|p2a: Altaria|156/278\n|-singleturn|p2a: Altaria|move: Roost\n|move|p1a: Urshifu|Surging Strikes|p2a: Altaria\n|-resisted|p2a: Altaria\n|-crit|p2a: Altaria\n|-damage|p2a: Altaria|126/278\n|-resisted|p2a: Altaria\n|-crit|p2a: Altaria\n|-damage|p2a: Altaria|99/278\n|-resisted|p2a: Altaria\n|-crit|p2a: Altaria\n|-damage|p2a: Altaria|69/278\n|-hitcount|p2a: Altaria|3\n|\n|-damage|p1a: Urshifu|104/274 tox|[from] psn\n|upkeep\n|turn|26\n|\n|t:|1781456877\n|switch|p1a: Coalossal|Coalossal, L89, F|281/341\n|move|p2a: Altaria|Roost|p2a: Altaria\n|-heal|p2a: Altaria|208/278\n|-singleturn|p2a: Altaria|move: Roost\n|\n|upkeep\n|turn|27\n|\n|t:|1781456883\n|switch|p2a: Quagsire|Quagsire, L84, F|181/297 brn\n|switch|p1a: Bellossom|Bellossom, L84, M|263/263\n|\n|-heal|p2a: Quagsire|199/297 brn|[from] item: Leftovers\n|-damage|p2a: Quagsire|181/297 brn|[from] brn\n|upkeep\n|turn|28\n|\n|t:|1781456893\n|switch|p2a: Altaria|Altaria, L89, M|208/278\n|move|p1a: Bellossom|Quiver Dance|p1a: Bellossom\n|-boost|p1a: Bellossom|spa|1\n|-boost|p1a: Bellossom|spd|1\n|-boost|p1a: Bellossom|spe|1\n|\n|upkeep\n|turn|29\n|\n|t:|1781456899\n|move|p1a: Bellossom|Quiver Dance|p1a: Bellossom\n|-boost|p1a: Bellossom|spa|1\n|-boost|p1a: Bellossom|spd|1\n|-boost|p1a: Bellossom|spe|1\n|move|p2a: Altaria|Haze|p2a: Altaria\n|-clearallboost\n|\n|upkeep\n|turn|30\n|\n|t:|1781456905\n|move|p2a: Altaria|Brave Bird|p1a: Bellossom\n|-supereffective|p1a: Bellossom\n|-damage|p1a: Bellossom|53/263\n|-damage|p2a: Altaria|139/278|[from] Recoil\n|move|p1a: Bellossom|Quiver Dance|p1a: Bellossom\n|-boost|p1a: Bellossom|spa|1\n|-boost|p1a: Bellossom|spd|1\n|-boost|p1a: Bellossom|spe|1\n|\n|-heal|p1a: Bellossom|69/263|[from] item: Leftovers\n|upkeep\n|turn|31\n|inactive|orenado8 has 120 seconds left.\n|\n|t:|1781456922\n|move|p1a: Bellossom|Moonblast|p2a: Altaria\n|-supereffective|p2a: Altaria\n|-damage|p2a: Altaria|0 fnt\n|faint|p2a: Altaria\n|\n|-heal|p1a: Bellossom|85/263|[from] item: Leftovers\n|upkeep\n|\n|t:|1781456925\n|switch|p2a: Eternatus|Eternatus, L69|308/308\n|-ability|p2a: Eternatus|Pressure\n|turn|32\n|\n|t:|1781456937\n|switch|p1a: Coalossal|Coalossal, L89, F|281/341\n|move|p2a: Eternatus|Sludge Bomb|p1a: Coalossal\n|-resisted|p1a: Coalossal\n|-crit|p1a: Coalossal\n|-damage|p1a: Coalossal|218/341\n|-status|p1a: Coalossal|psn\n|\n|-damage|p1a: Coalossal|176/341 psn|[from] psn\n|upkeep\n|turn|33\n|\n|t:|1781456944\n|move|p2a: Eternatus|Meteor Beam||[still]\n|-prepare|p2a: Eternatus|Meteor Beam\n|-boost|p2a: Eternatus|spa|1\n|-enditem|p2a: Eternatus|Power Herb\n|-anim|p2a: Eternatus|Meteor Beam|p1a: Coalossal\n|-supereffective|p1a: Coalossal\n|-damage|p1a: Coalossal|0 fnt\n|faint|p1a: Coalossal\n|\n|upkeep\n|\n|t:|1781456946\n|switch|p1a: Skeledirge|Skeledirge, L79, M|294/294\n|turn|34\n|\n|t:|1781456958\n|move|p2a: Eternatus|Meteor Beam||[still]\n|-prepare|p2a: Eternatus|Meteor Beam\n|-boost|p2a: Eternatus|spa|1\n|move|p1a: Skeledirge|Torch Song|p2a: Eternatus\n|-resisted|p2a: Eternatus\n|-damage|p2a: Eternatus|259/308\n|-boost|p1a: Skeledirge|spa|1\n|\n|upkeep\n|turn|35\n|\n|t:|1781456972\n|move|p2a: Eternatus|Meteor Beam|p1a: Skeledirge|[from] lockedmove\n|-supereffective|p1a: Skeledirge\n|-damage|p1a: Skeledirge|114/294\n|move|p1a: Skeledirge|Flame Charge|p2a: Eternatus\n|-resisted|p2a: Eternatus\n|-damage|p2a: Eternatus|238/308\n|-boost|p1a: Skeledirge|spe|1\n|\n|upkeep\n|turn|36\n|\n|t:|1781456994\n|switch|p2a: Quagsire|Quagsire, L84, F|181/297 brn\n|move|p1a: Skeledirge|Slack Off|p1a: Skeledirge\n|-heal|p1a: Skeledirge|261/294\n|\n|-heal|p2a: Quagsire|199/297 brn|[from] item: Leftovers\n|-damage|p2a: Quagsire|181/297 brn|[from] brn\n|upkeep\n|turn|37\n|\n|t:|1781457005\n|move|p1a: Skeledirge|Shadow Ball|p2a: Quagsire\n|-damage|p2a: Quagsire|70/297 brn\n|move|p2a: Quagsire|Recover|p2a: Quagsire\n|-heal|p2a: Quagsire|219/297 brn\n|\n|-heal|p2a: Quagsire|237/297 brn|[from] item: Leftovers\n|-damage|p2a: Quagsire|219/297 brn|[from] brn\n|upkeep\n|turn|38\n|\n|t:|1781457009\n|move|p1a: Skeledirge|Shadow Ball|p2a: Quagsire\n|-damage|p2a: Quagsire|114/297 brn\n|move|p2a: Quagsire|Toxic|p1a: Skeledirge\n|-status|p1a: Skeledirge|tox\n|\n|-heal|p2a: Quagsire|132/297 brn|[from] item: Leftovers\n|-damage|p1a: Skeledirge|243/294 tox|[from] psn\n|-damage|p2a: Quagsire|114/297 brn|[from] brn\n|upkeep\n|turn|39\n|\n|t:|1781457014\n|move|p1a: Skeledirge|Shadow Ball|p2a: Quagsire\n|-damage|p2a: Quagsire|9/297 brn\n|move|p2a: Quagsire|Recover|p2a: Quagsire\n|-heal|p2a: Quagsire|158/297 brn\n|\n|-heal|p2a: Quagsire|176/297 brn|[from] item: Leftovers\n|-damage|p1a: Skeledirge|207/294 tox|[from] psn\n|-damage|p2a: Quagsire|158/297 brn|[from] brn\n|upkeep\n|turn|40\n|\n|t:|1781457020\n|switch|p1a: Bellossom|Bellossom, L84, M|85/263\n|move|p2a: Quagsire|Recover|p2a: Quagsire\n|-heal|p2a: Quagsire|297/297 brn\n|\n|-heal|p1a: Bellossom|101/263|[from] item: Leftovers\n|-damage|p2a: Quagsire|279/297 brn|[from] brn\n|upkeep\n|turn|41\n|\n|t:|1781457033\n|-terastallize|p2a: Quagsire|Fairy\n|move|p1a: Bellossom|Quiver Dance|p1a: Bellossom\n|-boost|p1a: Bellossom|spa|1\n|-boost|p1a: Bellossom|spd|1\n|-boost|p1a: Bellossom|spe|1\n|move|p2a: Quagsire|Toxic|p1a: Bellossom\n|-status|p1a: Bellossom|tox\n|\n|-heal|p1a: Bellossom|117/263 tox|[from] item: Leftovers\n|-heal|p2a: Quagsire|297/297 brn|[from] item: Leftovers\n|-damage|p1a: Bellossom|101/263 tox|[from] psn\n|-damage|p2a: Quagsire|279/297 brn|[from] brn\n|upkeep\n|turn|42\n|\n|t:|1781457041\n|switch|p2a: Glalie|Glalie, L96, F|309/309\n|move|p1a: Bellossom|Giga Drain|p2a: Glalie\n|-damage|p2a: Glalie|206/309\n|-heal|p1a: Bellossom|153/263 tox|[from] drain|[of] p2a: Glalie\n|\n|-heal|p1a: Bellossom|169/263 tox|[from] item: Leftovers\n|-damage|p1a: Bellossom|137/263 tox|[from] psn\n|upkeep\n|turn|43\n|\n|t:|1781457051\n|move|p2a: Glalie|Freeze-Dry|p1a: Bellossom\n|-supereffective|p1a: Bellossom\n|-damage|p1a: Bellossom|41/263 tox\n|move|p1a: Bellossom|Giga Drain|p2a: Glalie\n|-damage|p2a: Glalie|107/309\n|-heal|p1a: Bellossom|91/263 tox|[from] drain|[of] p2a: Glalie\n|\n|-heal|p1a: Bellossom|107/263 tox|[from] item: Leftovers\n|-damage|p1a: Bellossom|59/263 tox|[from] psn\n|upkeep\n|turn|44\n|\n|t:|1781457056\n|move|p2a: Glalie|Freeze-Dry|p1a: Bellossom\n|-supereffective|p1a: Bellossom\n|-damage|p1a: Bellossom|0 fnt\n|faint|p1a: Bellossom\n|\n|upkeep\n|\n|t:|1781457058\n|switch|p1a: Skeledirge|Skeledirge, L79, M|207/294 tox\n|turn|45\n|\n|t:|1781457061\n|move|p2a: Glalie|Earthquake|p1a: Skeledirge\n|-supereffective|p1a: Skeledirge\n|-damage|p1a: Skeledirge|45/294 tox\n|move|p1a: Skeledirge|Torch Song|p2a: Glalie\n|-supereffective|p2a: Glalie\n|-damage|p2a: Glalie|0 fnt\n|-boost|p1a: Skeledirge|spa|1\n|faint|p2a: Glalie\n|\n|-damage|p1a: Skeledirge|27/294 tox|[from] psn\n|upkeep\n|-message|marper8 forfeited.\n|\n|win|orenado8\n", "inputlog": ">version a8376a258c1d4662feba110a92103f3664a72141\n>start {\"formatid\":\"gen9randombattle\",\"seed\":\"sodium,c3557b6b0e1aa08db537a31f24c5dca7\",\"rated\":\"Rated battle\"}\n>player p1 {\"name\":\"marper8\",\"avatar\":\"265\",\"rating\":2142,\"seed\":\"sodium,7d632d417d4fd753bcd7e19a6c9ab11c\"}\n>player p2 {\"name\":\"orenado8\",\"avatar\":\"palmer\",\"rating\":2102,\"seed\":\"sodium,7dc5304129589ff8587589a05eb36654\"}\n>p1 switch 5\n>p2 move uturn\n>p2 switch 6\n>p1 switch 6\n>p2 move spikes\n>p1 move gigadrain\n>p2 switch 4\n>p1 switch 5\n>p2 switch 6\n>p1 move hypervoice\n>p2 move uturn\n>p2 switch 6\n>p1 move hypervoice\n>p2 move roost\n>p1 move nastyplot\n>p2 move bravebird\n>p1 move hypervoice\n>p2 move bravebird\n>p1 switch 6\n>p1 move rapidspin\n>p2 move roost\n>p1 move stoneedge\n>p2 move roost\n>p1 move willowisp\n>p2 switch 4\n>p1 switch 2\n>p2 move toxic\n>p1 move gigadrain\n>p2 switch 6\n>p1 switch 2\n>p2 move uturn\n>p2 switch 6\n>p1 switch 2\n>p2 move toxic\n>p1 move quiverdance\n>p2 switch 3\n>p1 move icebeam\n>p2 switch 6\n>p2 switch 6\n>p1 move icebeam\n>p2 move calmmind\n>p1 move gigadrain\n>p2 move dazzlinggleam\n>p2 switch 2\n>p1 move gigadrain\n>p2 switch 4\n>p1 switch 2\n>p1 move stoneedge\n>p2 switch 3\n>p1 switch 4\n>p2 move toxic\n>p1 move surgingstrikes\n>p2 move recover\n>p1 move surgingstrikes\n>p2 switch 3\n>p1 move surgingstrikes\n>p2 move roost\n>p1 switch 4\n>p2 move roost\n>p1 switch 5\n>p2 switch 3\n>p1 move quiverdance\n>p2 switch 3\n>p1 move quiverdance\n>p2 move haze\n>p1 move quiverdance\n>p2 move bravebird\n>p1 move moonblast\n>p2 move haze\n>p2 switch 5\n>p1 switch 5\n>p2 move sludgebomb\n>p1 move willowisp\n>p2 move meteorbeam\n>p1 switch 3\n>p1 move torchsong\n>p2 move meteorbeam\n>p1 move flamecharge\n>p2 move meteorbeam\n>p1 move slackoff\n>p2 switch 3\n>p1 move shadowball\n>p2 move recover\n>p1 move shadowball\n>p2 move toxic\n>p1 move shadowball\n>p2 move recover\n>p1 switch 5\n>p2 move recover\n>p1 move quiverdance\n>p2 move toxic terastallize\n>p1 move gigadrain\n>p2 switch 4\n>p1 move gigadrain\n>p2 move freezedry\n>p1 move gigadrain\n>p2 move freezedry\n>p1 switch 5\n>p1 move torchsong\n>p2 move earthquake\n>forcelose p1", "uploadtime": 1781456517, "views": 6, "formatid": "gen9randombattle", "rating": null, "private": 0, "password": null}