{"id": "gen9randombattle-2631576523", "format": "[Gen 9] Random Battle", "players": ["Kool Kiddo", "Aeeeaplyuu"], "log": "|j|\u2606Kool Kiddo\n|j|\u2606Aeeeaplyuu\n|t:|1781403594\n|gametype|singles\n|player|p1|Kool Kiddo|hilbert|2056\n|player|p2|Aeeeaplyuu|265|2040\n|gen|9\n|tier|[Gen 9] Random Battle\n|rated|\n|rule|Species Clause: Limit one of each Pok\u00e9mon\n|rule|HP Percentage Mod: HP is shown in percentages\n|rule|Sleep Clause Mod: Limit one foe put to sleep\n|rule|Illusion Level Mod: Illusion disguises the Pok\u00e9mon's true level\n|\n|t:|1781403594\n|teamsize|p1|6\n|teamsize|p2|6\n|start\n|switch|p1a: Clawitzer|Clawitzer, L87, F|265/265\n|switch|p2a: Zebstrika|Zebstrika, L87, M|272/272\n|turn|1\n|inactive|Battle timer is ON: inactive players will automatically lose when time's up. (requested by Kool Kiddo)\n|\n|t:|1781403612\n|move|p2a: Zebstrika|Volt Switch|p1a: Clawitzer\n|-supereffective|p1a: Clawitzer\n|-damage|p1a: Clawitzer|156/265\n|-damage|p2a: Zebstrika|245/272|[from] item: Life Orb\n|\n|t:|1781403621\n|switch|p2a: Noctowl|Noctowl, L95, M|344/344|[from] Volt Switch\n|move|p1a: Clawitzer|Water Pulse|p2a: Noctowl\n|-damage|p2a: Noctowl|251/344\n|-start|p2a: Noctowl|confusion\n|\n|upkeep\n|turn|2\n|\n|t:|1781403626\n|-activate|p2a: Noctowl|confusion\n|-damage|p2a: Noctowl|232/344|[from] confusion\n|move|p1a: Clawitzer|U-turn|p2a: Noctowl\n|-resisted|p2a: Noctowl\n|-damage|p2a: Noctowl|203/344\n|\n|t:|1781403630\n|switch|p1a: Chien-Pao|Chien-Pao, L72|234/234|[from] U-turn\n|-ability|p1a: Chien-Pao|Sword of Ruin\n|\n|upkeep\n|turn|3\n|\n|t:|1781403636\n|move|p1a: Chien-Pao|Icicle Crash|p2a: Noctowl\n|-supereffective|p2a: Noctowl\n|-damage|p2a: Noctowl|0 fnt\n|faint|p2a: Noctowl\n|\n|upkeep\n|\n|t:|1781403640\n|switch|p2a: Zebstrika|Zebstrika, L87, M|245/272\n|turn|4\n|\n|t:|1781403643\n|switch|p1a: Clawitzer|Clawitzer, L87, F|156/265\n|move|p2a: Zebstrika|Overheat|p1a: Clawitzer\n|-resisted|p1a: Clawitzer\n|-damage|p1a: Clawitzer|120/265\n|-unboost|p2a: Zebstrika|spa|2\n|-damage|p2a: Zebstrika|218/272|[from] item: Life Orb\n|\n|upkeep\n|turn|5\n|\n|t:|1781403651\n|move|p2a: Zebstrika|Supercell Slam|p1a: Clawitzer\n|-supereffective|p1a: Clawitzer\n|-damage|p1a: Clawitzer|0 fnt\n|faint|p1a: Clawitzer\n|-damage|p2a: Zebstrika|191/272|[from] item: Life Orb\n|\n|upkeep\n|\n|t:|1781403653\n|switch|p1a: Metagross|Metagross, L79|256/256\n|turn|6\n|\n|t:|1781403658\n|move|p2a: Zebstrika|Volt Switch|p1a: Metagross\n|-damage|p1a: Metagross|212/256\n|-damage|p2a: Zebstrika|164/272|[from] item: Life Orb\n|\n|t:|1781403661\n|switch|p2a: Hypno|Hypno, L95, F|315/315|[from] Volt Switch\n|move|p1a: Metagross|Psychic Fangs|p2a: Hypno\n|-resisted|p2a: Hypno\n|-damage|p2a: Hypno|233/315\n|\n|-heal|p2a: Hypno|252/315|[from] item: Leftovers\n|upkeep\n|turn|7\n|\n|t:|1781403667\n|move|p2a: Hypno|Thunder Wave|p1a: Metagross\n|-status|p1a: Metagross|par\n|cant|p1a: Metagross|par\n|\n|-heal|p2a: Hypno|271/315|[from] item: Leftovers\n|upkeep\n|turn|8\n|\n|t:|1781403670\n|switch|p1a: Yanmega|Yanmega, L82, F|275/275\n|move|p2a: Hypno|Knock Off|p1a: Yanmega\n|-damage|p1a: Yanmega|203/275\n|-enditem|p1a: Yanmega|Heavy-Duty Boots|[from] move: Knock Off|[of] p2a: Hypno\n|\n|-heal|p2a: Hypno|290/315|[from] item: Leftovers\n|upkeep\n|turn|9\n|\n|t:|1781403675\n|switch|p1a: Metagross|Metagross, L79|212/256 par\n|move|p2a: Hypno|Thunder Wave|p1a: Metagross\n|-fail|p1a: Metagross|par\n|\n|-heal|p2a: Hypno|309/315|[from] item: Leftovers\n|upkeep\n|turn|10\n|\n|t:|1781403677\n|move|p2a: Hypno|Knock Off|p1a: Metagross\n|-supereffective|p1a: Metagross\n|-crit|p1a: Metagross\n|-damage|p1a: Metagross|30/256 par\n|-enditem|p1a: Metagross|Choice Band|[from] move: Knock Off|[of] p2a: Hypno\n|move|p1a: Metagross|Heavy Slam|p2a: Hypno\n|-damage|p2a: Hypno|143/315\n|\n|-heal|p2a: Hypno|162/315|[from] item: Leftovers\n|upkeep\n|turn|11\n|\n|t:|1781403680\n|move|p1a: Metagross|Bullet Punch|p2a: Hypno\n|-damage|p2a: Hypno|110/315\n|move|p2a: Hypno|Knock Off|p1a: Metagross\n|-supereffective|p1a: Metagross\n|-damage|p1a: Metagross|0 fnt\n|faint|p1a: Metagross\n|\n|-heal|p2a: Hypno|129/315|[from] item: Leftovers\n|upkeep\n|\n|t:|1781403684\n|switch|p1a: Chien-Pao|Chien-Pao, L72|234/234\n|-ability|p1a: Chien-Pao|Sword of Ruin\n|turn|12\n|\n|t:|1781403689\n|switch|p2a: Tauros|Tauros-Paldea-Aqua, L81, M|254/254\n|-ability|p2a: Tauros|Intimidate|boost\n|-unboost|p1a: Chien-Pao|atk|1\n|move|p1a: Chien-Pao|Throat Chop|p2a: Tauros\n|-resisted|p2a: Tauros\n|-damage|p2a: Tauros|207/254\n|-start|p2a: Tauros|Throat Chop|[silent]\n|\n|upkeep\n|turn|13\n|\n|t:|1781403693\n|switch|p1a: Yanmega|Yanmega, L82, F|203/275\n|move|p2a: Tauros|Liquidation|p1a: Yanmega\n|-damage|p1a: Yanmega|69/275\n|-damage|p2a: Tauros|182/254|[from] item: Life Orb\n|\n|-end|p2a: Tauros|Throat Chop|[silent]\n|upkeep\n|turn|14\n|\n|t:|1781403700\n|move|p2a: Tauros|Aqua Jet|p1a: Yanmega\n|-damage|p1a: Yanmega|7/275\n|-damage|p2a: Tauros|157/254|[from] item: Life Orb\n|move|p1a: Yanmega|Air Slash|p2a: Tauros\n|-supereffective|p2a: Tauros\n|-damage|p2a: Tauros|0 fnt\n|faint|p2a: Tauros\n|\n|-ability|p1a: Yanmega|Speed Boost|boost\n|-boost|p1a: Yanmega|spe|1\n|upkeep\n|\n|t:|1781403707\n|switch|p2a: Zebstrika|Zebstrika, L87, M|164/272\n|turn|15\n|\n|t:|1781403709\n|move|p1a: Yanmega|Protect|p1a: Yanmega\n|-singleturn|p1a: Yanmega|Protect\n|move|p2a: Zebstrika|Overheat|p1a: Yanmega\n|-activate|p1a: Yanmega|move: Protect\n|\n|-ability|p1a: Yanmega|Speed Boost|boost\n|-boost|p1a: Yanmega|spe|1\n|upkeep\n|turn|16\n|\n|t:|1781403713\n|move|p1a: Yanmega|Bug Buzz|p2a: Zebstrika\n|-damage|p2a: Zebstrika|31/272\n|move|p2a: Zebstrika|Volt Switch|p1a: Yanmega\n|-supereffective|p1a: Yanmega\n|-damage|p1a: Yanmega|0 fnt\n|faint|p1a: Yanmega\n|-damage|p2a: Zebstrika|4/272|[from] item: Life Orb\n|\n|t:|1781403717\n|switch|p2a: Hypno|Hypno, L95, F|129/315|[from] Volt Switch\n|\n|-heal|p2a: Hypno|148/315|[from] item: Leftovers\n|upkeep\n|\n|t:|1781403720\n|switch|p1a: Chien-Pao|Chien-Pao, L72|234/234\n|-ability|p1a: Chien-Pao|Sword of Ruin\n|turn|17\n|\n|t:|1781403725\n|move|p1a: Chien-Pao|Throat Chop|p2a: Hypno\n|-supereffective|p2a: Hypno\n|-damage|p2a: Hypno|0 fnt\n|faint|p2a: Hypno\n|\n|upkeep\n|\n|t:|1781403733\n|switch|p2a: Zebstrika|Zebstrika, L87, M|4/272\n|turn|18\n|\n|t:|1781403738\n|switch|p1a: Alcremie|Alcremie-Mint-Cream, L90, F|263/263\n|move|p2a: Zebstrika|Overheat|p1a: Alcremie\n|-damage|p1a: Alcremie|188/263\n|-unboost|p2a: Zebstrika|spa|2\n|-damage|p2a: Zebstrika|0 fnt|[from] item: Life Orb\n|faint|p2a: Zebstrika\n|\n|-heal|p1a: Alcremie|204/263|[from] item: Leftovers\n|upkeep\n|\n|t:|1781403746\n|switch|p2a: Lilligant|Lilligant-Hisui, L79, F|240/240\n|turn|19\n|\n|t:|1781403750\n|-terastallize|p2a: Lilligant|Steel\n|move|p2a: Lilligant|Victory Dance|p2a: Lilligant\n|-boost|p2a: Lilligant|atk|1\n|-boost|p2a: Lilligant|def|1\n|-boost|p2a: Lilligant|spe|1\n|move|p1a: Alcremie|Alluring Voice|p2a: Lilligant\n|-resisted|p2a: Lilligant\n|-damage|p2a: Lilligant|180/240\n|-start|p2a: Lilligant|confusion\n|\n|-heal|p1a: Alcremie|220/263|[from] item: Leftovers\n|upkeep\n|turn|20\n|\n|t:|1781403754\n|-activate|p2a: Lilligant|confusion\n|-damage|p2a: Lilligant|147/240|[from] confusion\n|move|p1a: Alcremie|Alluring Voice|p2a: Lilligant\n|-resisted|p2a: Lilligant\n|-damage|p2a: Lilligant|84/240\n|\n|-heal|p1a: Alcremie|236/263|[from] item: Leftovers\n|upkeep\n|turn|21\n|\n|t:|1781403757\n|-activate|p2a: Lilligant|confusion\n|-damage|p2a: Lilligant|54/240|[from] confusion\n|move|p1a: Alcremie|Alluring Voice|p2a: Lilligant\n|-resisted|p2a: Lilligant\n|-damage|p2a: Lilligant|0 fnt\n|faint|p2a: Lilligant\n|\n|-heal|p1a: Alcremie|252/263|[from] item: Leftovers\n|upkeep\n|l|\u2606Aeeeaplyuu\n|inactive|Aeeeaplyuu disconnected and has a minute to reconnect!\n|player|p2|\n|c|\u2606Kool Kiddo|rip\n|inactive|Aeeeaplyuu has 30 seconds to reconnect!\n|inactive|Aeeeaplyuu has 20 seconds to reconnect!\n|inactive|Aeeeaplyuu has 15 seconds to reconnect!\n|inactive|Aeeeaplyuu has 10 seconds to reconnect!\n|inactive|Aeeeaplyuu has 5 seconds to reconnect!\n|-message|Aeeeaplyuu lost due to inactivity.\n|\n|win|Kool Kiddo\n", "inputlog": ">version a8376a258c1d4662feba110a92103f3664a72141\n>start {\"formatid\":\"gen9randombattle\",\"seed\":\"sodium,db6828b4f4ce6731532475d94d2ff963\",\"rated\":\"Rated battle\"}\n>player p1 {\"name\":\"Kool Kiddo\",\"avatar\":\"hilbert\",\"rating\":2056,\"seed\":\"sodium,f380c3b095e199c280cdcfb707bd5e8d\"}\n>player p2 {\"name\":\"Aeeeaplyuu\",\"avatar\":\"265\",\"rating\":2040,\"seed\":\"sodium,c6a0e9eda4be5aebff31cb1e07d1cdc1\"}\n>p1 move waterpulse\n>p2 move voltswitch\n>p2 switch 5\n>p1 move uturn\n>p2 move hypervoice\n>p1 switch 6\n>p1 move iciclecrash\n>p2 move hypervoice\n>p2 switch 5\n>p1 switch 6\n>p2 move overheat\n>p1 move waterpulse\n>p2 move supercellslam\n>p1 switch 5\n>p1 move psychicfangs\n>p2 move voltswitch\n>p2 switch 6\n>p1 move psychicfangs\n>p2 move thunderwave\n>p1 switch 2\n>p2 move knockoff\n>p1 switch 2\n>p2 move thunderwave\n>p1 move heavyslam\n>p2 move knockoff\n>p1 move bulletpunch\n>p2 move knockoff\n>p1 switch 6\n>p1 move throatchop\n>p2 switch 3\n>p1 switch 2\n>p2 move liquidation\n>p1 move airslash\n>p2 move aquajet\n>p2 switch 6\n>p1 move protect\n>p2 move overheat\n>p1 move bugbuzz\n>p2 move voltswitch\n>p2 switch 3\n>p1 switch 2\n>p1 move throatchop\n>p2 move thunderwave\n>p2 switch 3\n>p1 switch 4\n>p2 move overheat\n>p2 switch 2\n>p1 move alluringvoice\n>p2 move victorydance terastallize\n>p1 move alluringvoice\n>p2 move leafblade\n>p1 move alluringvoice\n>p2 move leafblade\n>chat \u2606Kool Kiddo|rip\n>forcelose p2", "uploadtime": 1781403596, "views": 6, "formatid": "gen9randombattle", "rating": null, "private": 0, "password": null}