{"id": "gen9randombattle-2631623255", "format": "[Gen 9] Random Battle", "players": ["WhatEver2102", "Kierstens BF"], "log": "|j|\u2606WhatEver2102\n|j|\u2606Kierstens BF\n|t:|1781410461\n|gametype|singles\n|player|p1|WhatEver2102|juan|2040\n|player|p2|Kierstens BF|169|1964\n|gen|9\n|tier|[Gen 9] Random Battle\n|rated|\n|rule|Species Clause: Limit one of each Pok\u00e9mon\n|rule|HP Percentage Mod: HP is shown in percentages\n|rule|Sleep Clause Mod: Limit one foe put to sleep\n|rule|Illusion Level Mod: Illusion disguises the Pok\u00e9mon's true level\n|\n|t:|1781410461\n|teamsize|p1|6\n|teamsize|p2|6\n|start\n|switch|p1a: Blaziken|Blaziken, L76, F|247/247\n|switch|p2a: Cyclizar|Cyclizar, L83, M|252/252\n|turn|1\n|\n|t:|1781410473\n|move|p2a: Cyclizar|Shed Tail|p2a: Cyclizar\n|-start|p2a: Cyclizar|Substitute|[from] move: Shed Tail\n|-damage|p2a: Cyclizar|126/252\n|\n|t:|1781410475\n|switch|p2a: Charizard|Charizard, L85, F|271/271|[from] Shed Tail\n|move|p1a: Blaziken|Close Combat|p2a: Charizard\n|-resisted|p2a: Charizard\n|-end|p2a: Charizard|Substitute\n|-unboost|p1a: Blaziken|def|1\n|-unboost|p1a: Blaziken|spd|1\n|-damage|p1a: Blaziken|223/247|[from] item: Life Orb\n|\n|-ability|p1a: Blaziken|Speed Boost|boost\n|-boost|p1a: Blaziken|spe|1\n|upkeep\n|turn|2\n|\n|t:|1781410483\n|move|p1a: Blaziken|Stone Edge|p2a: Charizard\n|-supereffective|p2a: Charizard\n|-damage|p2a: Charizard|0 fnt\n|faint|p2a: Charizard\n|-damage|p1a: Blaziken|199/247|[from] item: Life Orb\n|\n|-ability|p1a: Blaziken|Speed Boost|boost\n|-boost|p1a: Blaziken|spe|1\n|upkeep\n|\n|t:|1781410499\n|switch|p2a: Koraidon|Koraidon, L64|235/235\n|-weather|SunnyDay|[from] ability: Orichalcum Pulse|[of] p2a: Koraidon\n|-activate|p2a: Koraidon|Orichalcum Pulse|[source]\n|turn|3\n|\n|t:|1781410509\n|switch|p1a: Qwilfish|Qwilfish-Hisui, L83, M|244/244\n|-ability|p1a: Qwilfish|Intimidate|boost\n|-unboost|p2a: Koraidon|atk|1\n|move|p2a: Koraidon|Collision Course|p1a: Qwilfish\n|-damage|p1a: Qwilfish|195/244\n|\n|-weather|SunnyDay|[upkeep]\n|upkeep\n|turn|4\n|\n|t:|1781410517\n|switch|p2a: Avalugg|Avalugg-Hisui, L90, F|317/317\n|move|p1a: Qwilfish|Gunk Shot|p2a: Avalugg\n|-resisted|p2a: Avalugg\n|-damage|p2a: Avalugg|286/317\n|-status|p2a: Avalugg|psn\n|\n|-weather|SunnyDay|[upkeep]\n|-damage|p2a: Avalugg|247/317 psn|[from] psn\n|upkeep\n|turn|5\n|\n|t:|1781410531\n|move|p1a: Qwilfish|Taunt|p2a: Avalugg\n|-start|p2a: Avalugg|move: Taunt\n|move|p2a: Avalugg|Stone Edge|p1a: Qwilfish\n|-damage|p1a: Qwilfish|84/244\n|\n|-weather|SunnyDay|[upkeep]\n|-damage|p2a: Avalugg|208/317 psn|[from] psn\n|upkeep\n|turn|6\n|\n|t:|1781410540\n|switch|p1a: Ampharos|Ampharos, L88, F|302/302\n|move|p2a: Avalugg|Stone Edge|p1a: Ampharos\n|-damage|p1a: Ampharos|155/302\n|\n|-weather|SunnyDay|[upkeep]\n|-damage|p2a: Avalugg|169/317 psn|[from] psn\n|upkeep\n|turn|7\n|\n|t:|1781410545\n|move|p1a: Ampharos|Thunderbolt|p2a: Avalugg\n|-damage|p2a: Avalugg|0 fnt\n|faint|p2a: Avalugg\n|\n|-weather|none\n|upkeep\n|\n|t:|1781410552\n|switch|p2a: Koraidon|Koraidon, L64|235/235\n|-weather|SunnyDay|[from] ability: Orichalcum Pulse|[of] p2a: Koraidon\n|-activate|p2a: Koraidon|Orichalcum Pulse|[source]\n|turn|8\n|\n|t:|1781410556\n|switch|p1a: Qwilfish|Qwilfish-Hisui, L83, M|84/244\n|-ability|p1a: Qwilfish|Intimidate|boost\n|-unboost|p2a: Koraidon|atk|1\n|move|p2a: Koraidon|Swords Dance|p2a: Koraidon\n|-boost|p2a: Koraidon|atk|2\n|\n|-weather|SunnyDay|[upkeep]\n|upkeep\n|turn|9\n|\n|t:|1781410561\n|move|p2a: Koraidon|Scale Shot|p1a: Qwilfish|[miss]\n|-miss|p2a: Koraidon|p1a: Qwilfish\n|move|p1a: Qwilfish|Gunk Shot|p2a: Koraidon|[miss]\n|-miss|p1a: Qwilfish|p2a: Koraidon\n|\n|-weather|SunnyDay|[upkeep]\n|upkeep\n|turn|10\n|\n|t:|1781410571\n|switch|p1a: Ampharos|Ampharos, L88, F|155/302\n|move|p2a: Koraidon|Scale Shot|p1a: Ampharos\n|-damage|p1a: Ampharos|116/302\n|-damage|p1a: Ampharos|76/302\n|-damage|p1a: Ampharos|37/302\n|-damage|p1a: Ampharos|0 fnt\n|faint|p1a: Ampharos\n|-hitcount|p1: Ampharos|4\n|-unboost|p2a: Koraidon|def|1\n|-boost|p2a: Koraidon|spe|1\n|\n|-weather|SunnyDay|[upkeep]\n|upkeep\n|\n|t:|1781410573\n|switch|p1a: Qwilfish|Qwilfish-Hisui, L83, M|84/244\n|-ability|p1a: Qwilfish|Intimidate|boost\n|-unboost|p2a: Koraidon|atk|1\n|turn|11\n|\n|t:|1781410587\n|move|p2a: Koraidon|Scale Shot|p1a: Qwilfish\n|-damage|p1a: Qwilfish|65/244\n|-damage|p1a: Qwilfish|43/244\n|-damage|p1a: Qwilfish|22/244\n|-damage|p1a: Qwilfish|1/244\n|-hitcount|p1a: Qwilfish|4\n|-unboost|p2a: Koraidon|def|1\n|-boost|p2a: Koraidon|spe|1\n|move|p1a: Qwilfish|Gunk Shot|p2a: Koraidon\n|-damage|p2a: Koraidon|0 fnt\n|faint|p2a: Koraidon\n|\n|-weather|SunnyDay|[upkeep]\n|upkeep\n|\n|t:|1781410595\n|switch|p2a: Cyclizar|Cyclizar, L83, M|210/252\n|turn|12\n|\n|t:|1781410601\n|move|p2a: Cyclizar|Rapid Spin|p1a: Qwilfish\n|-damage|p1a: Qwilfish|0 fnt\n|-boost|p2a: Cyclizar|spe|1\n|faint|p1a: Qwilfish\n|\n|-weather|none\n|upkeep\n|\n|t:|1781410605\n|switch|p1a: Kricketune|Kricketune, L99, F|312/312\n|turn|13\n|\n|t:|1781410613\n|move|p2a: Cyclizar|Shed Tail|p2a: Cyclizar\n|-start|p2a: Cyclizar|Substitute|[from] move: Shed Tail\n|-damage|p2a: Cyclizar|84/252\n|\n|t:|1781410615\n|switch|p2a: Cramorant|Cramorant, L86, M|261/261|[from] Shed Tail\n|move|p1a: Kricketune|Pounce|p2a: Cramorant\n|-resisted|p2a: Cramorant\n|-activate|p2a: Cramorant|move: Substitute|[damage]\n|\n|upkeep\n|turn|14\n|\n|t:|1781410626\n|move|p2a: Cramorant|Surf|p1a: Kricketune\n|-formechange|p2a: Cramorant|Cramorant-Gulping|\n|-damage|p1a: Kricketune|198/312\n|move|p1a: Kricketune|Knock Off|p2a: Cramorant\n|-end|p2a: Cramorant|Substitute\n|\n|upkeep\n|turn|15\n|\n|t:|1781410640\n|move|p2a: Cramorant|Brave Bird|p1a: Kricketune\n|-supereffective|p1a: Kricketune\n|-crit|p1a: Kricketune\n|-damage|p1a: Kricketune|0 fnt\n|faint|p1a: Kricketune\n|-damage|p2a: Cramorant|196/261|[from] Recoil\n|\n|upkeep\n|\n|t:|1781410648\n|switch|p1a: Salamence|Salamence, L77, M|273/273\n|turn|16\n|\n|t:|1781410660\n|-terastallize|p1a: Salamence|Steel\n|move|p1a: Salamence|Dragon Dance|p1a: Salamence\n|-boost|p1a: Salamence|atk|1\n|-boost|p1a: Salamence|spe|1\n|move|p2a: Cramorant|Brave Bird|p1a: Salamence\n|-resisted|p1a: Salamence\n|-damage|p1a: Salamence|206/273\n|-damage|p2a: Cramorant|174/261|[from] Recoil\n|\n|upkeep\n|turn|17\n|\n|t:|1781410668\n|move|p1a: Salamence|Dragon Dance|p1a: Salamence\n|-boost|p1a: Salamence|atk|1\n|-boost|p1a: Salamence|spe|1\n|move|p2a: Cramorant|Surf|p1a: Salamence\n|-damage|p1a: Salamence|107/273\n|\n|upkeep\n|turn|18\n|\n|t:|1781410672\n|move|p1a: Salamence|Roost|p1a: Salamence\n|-heal|p1a: Salamence|244/273\n|move|p2a: Cramorant|Surf|p1a: Salamence\n|-damage|p1a: Salamence|139/273\n|\n|upkeep\n|turn|19\n|\n|t:|1781410678\n|move|p1a: Salamence|Dual Wingbeat|p2a: Cramorant\n|-damage|p2a: Cramorant|38/261\n|-damage|p1a: Salamence|71/273|[from] ability: Gulp Missile|[of] p2a: Cramorant\n|-unboost|p1a: Salamence|def|1\n|-formechange|p2a: Cramorant|Cramorant|\n|-damage|p2a: Cramorant|0 fnt\n|faint|p2a: Cramorant\n|-ability|p1a: Salamence|Moxie|boost\n|-boost|p1a: Salamence|atk|1\n|-hitcount|p2: Cramorant|2\n|\n|upkeep\n|\n|t:|1781410687\n|switch|p2a: Rillaboom|Rillaboom, L79, F|288/288\n|-fieldstart|move: Grassy Terrain|[from] ability: Grassy Surge|[of] p2a: Rillaboom\n|turn|20\n|\n|t:|1781410694\n|-terastallize|p2a: Rillaboom|Grass\n|move|p2a: Rillaboom|Grassy Glide|p1a: Salamence\n|-resisted|p1a: Salamence\n|-damage|p1a: Salamence|0 fnt\n|faint|p1a: Salamence\n|\n|upkeep\n|\n|t:|1781410706\n|switch|p1a: Exeggutor|Exeggutor, L89, M|312/312\n|turn|21\n|\n|t:|1781410709\n|switch|p2a: Cyclizar|Cyclizar, L83, M|168/252\n|move|p1a: Exeggutor|Substitute|p1a: Exeggutor\n|-start|p1a: Exeggutor|Substitute\n|-damage|p1a: Exeggutor|234/312\n|\n|-heal|p2a: Cyclizar|183/252|[from] Grassy Terrain\n|-heal|p1a: Exeggutor|253/312|[from] Grassy Terrain\n|upkeep\n|turn|22\n|\n|t:|1781410718\n|move|p2a: Cyclizar|Draco Meteor|p1a: Exeggutor\n|-end|p1a: Exeggutor|Substitute\n|-unboost|p2a: Cyclizar|spa|2\n|move|p1a: Exeggutor|Psychic Noise|p2a: Cyclizar\n|-damage|p2a: Cyclizar|36/252\n|-start|p2a: Cyclizar|move: Heal Block\n|\n|-heal|p1a: Exeggutor|272/312|[from] Grassy Terrain\n|upkeep\n|turn|23\n|\n|t:|1781410730\n|move|p2a: Cyclizar|Taunt|p1a: Exeggutor\n|-start|p1a: Exeggutor|move: Taunt\n|move|p1a: Exeggutor|Psychic Noise|p2a: Cyclizar\n|-damage|p2a: Cyclizar|0 fnt\n|faint|p2a: Cyclizar\n|\n|-heal|p1a: Exeggutor|291/312|[from] Grassy Terrain\n|upkeep\n|\n|t:|1781410736\n|switch|p2a: Rillaboom|Rillaboom, L79, F, tera:Grass|288/288\n|turn|24\n|\n|t:|1781410739\n|move|p2a: Rillaboom|U-turn|p1a: Exeggutor\n|-supereffective|p1a: Exeggutor\n|-damage|p1a: Exeggutor|3/312\n|-enditem|p1a: Exeggutor|Sitrus Berry|[eat]\n|-heal|p1a: Exeggutor|81/312|[from] item: Sitrus Berry\n|move|p1a: Exeggutor|Psychic Noise|p2a: Rillaboom\n|-damage|p2a: Rillaboom|141/288\n|-start|p2a: Rillaboom|move: Heal Block\n|\n|-heal|p1a: Exeggutor|100/312|[from] Grassy Terrain\n|-fieldend|move: Grassy Terrain\n|upkeep\n|turn|25\n|-message|Kierstens BF forfeited.\n|\n|win|WhatEver2102\n", "inputlog": ">version a8376a258c1d4662feba110a92103f3664a72141\n>start {\"formatid\":\"gen9randombattle\",\"seed\":\"sodium,46a8fb1c0f9d87d1cdd2ace9c45a2027\",\"rated\":\"Rated battle\"}\n>player p1 {\"name\":\"WhatEver2102\",\"avatar\":\"juan\",\"rating\":2040,\"seed\":\"sodium,6d942c6f337d1fa37ad3cf0214c5890d\"}\n>player p2 {\"name\":\"Kierstens BF\",\"avatar\":\"169\",\"rating\":1964,\"seed\":\"sodium,72d9542c95969d653828840bc7bcfc68\"}\n>p1 move closecombat\n>p2 move shedtail\n>p2 switch 4\n>p1 move stoneedge\n>p2 move earthquake\n>p2 switch 3\n>p1 switch 5\n>p2 move collisioncourse\n>p1 move gunkshot\n>p2 switch 2\n>p1 move taunt\n>p2 move stoneedge\n>p1 switch 6\n>p2 move stoneedge\n>p1 move thunderbolt\n>p2 move avalanche\n>p2 switch 2\n>p1 switch 6\n>p2 move swordsdance\n>p1 move gunkshot\n>p2 move scaleshot\n>p1 switch 6\n>p2 move scaleshot\n>p1 switch 6\n>p1 move gunkshot\n>p2 move scaleshot\n>p2 switch 4\n>p1 move crunch\n>p2 move rapidspin\n>p1 switch 2\n>p1 move pounce\n>p2 move shedtail\n>p2 switch 6\n>p1 move knockoff\n>p2 move surf\n>p1 move pounce\n>p2 move bravebird\n>p1 switch 3\n>p1 move dragondance terastallize\n>p2 move bravebird\n>p1 move dragondance\n>p2 move surf\n>p1 move roost\n>p2 move surf\n>p1 move dualwingbeat\n>p2 move surf\n>p2 switch 5\n>p1 move dualwingbeat\n>p2 move grassyglide terastallize\n>p1 switch 4\n>p1 move substitute\n>p2 switch 6\n>p1 move psychicnoise\n>p2 move dracometeor\n>p1 move psychicnoise\n>p2 move taunt\n>p2 switch 6\n>p1 move psychicnoise\n>p2 move uturn\n>forcelose p2", "uploadtime": 1781410463, "views": 5, "formatid": "gen9randombattle", "rating": null, "private": 0, "password": null}