{"id": "gen9randombattle-2631969227", "format": "[Gen 9] Random Battle", "players": ["OverthereStair", "Unknown Warrior"], "log": "|j|\u2606OverthereStair\n|j|\u2606Unknown Warrior\n|t:|1781461103\n|gametype|singles\n|player|p1|OverthereStair|hilda|2006\n|player|p2|Unknown Warrior|2|1962\n|gen|9\n|tier|[Gen 9] Random Battle\n|rated|\n|rule|Species Clause: Limit one of each Pok\u00e9mon\n|rule|HP Percentage Mod: HP is shown in percentages\n|rule|Sleep Clause Mod: Limit one foe put to sleep\n|rule|Illusion Level Mod: Illusion disguises the Pok\u00e9mon's true level\n|\n|t:|1781461103\n|teamsize|p1|6\n|teamsize|p2|6\n|start\n|switch|p1a: Gallade|Gallade, L80, M|240/240\n|switch|p2a: Cinderace|Cinderace, L77, M|249/249\n|turn|1\n|inactive|Battle timer is ON: inactive players will automatically lose when time's up. (requested by OverthereStair)\n|\n|t:|1781461119\n|move|p2a: Cinderace|U-turn|p1a: Gallade\n|-start|p2a: Cinderace|typechange|Bug|[from] ability: Libero\n|-damage|p1a: Gallade|108/240\n|\n|t:|1781461124\n|switch|p2a: Talonflame|Talonflame, L83, M|265/265|[from] U-turn\n|move|p1a: Gallade|Sacred Sword|p2a: Talonflame\n|-resisted|p2a: Talonflame\n|-damage|p2a: Talonflame|136/265\n|-status|p1a: Gallade|brn|[from] ability: Flame Body|[of] p2a: Talonflame\n|-damage|p1a: Gallade|84/240 brn|[from] item: Life Orb\n|\n|-damage|p1a: Gallade|69/240 brn|[from] brn\n|upkeep\n|turn|2\n|\n|t:|1781461132\n|move|p2a: Talonflame|Roost|p2a: Talonflame\n|-heal|p2a: Talonflame|265/265\n|-singleturn|p2a: Talonflame|move: Roost\n|move|p1a: Gallade|Psycho Cut|p2a: Talonflame\n|-damage|p2a: Talonflame|166/265\n|-damage|p1a: Gallade|45/240 brn|[from] item: Life Orb\n|\n|-damage|p1a: Gallade|30/240 brn|[from] brn\n|upkeep\n|turn|3\n|\n|t:|1781461142\n|move|p2a: Talonflame|Brave Bird|p1a: Gallade\n|-supereffective|p1a: Gallade\n|-damage|p1a: Gallade|0 fnt\n|faint|p1a: Gallade\n|-damage|p2a: Talonflame|156/265|[from] Recoil\n|\n|upkeep\n|\n|t:|1781461147\n|switch|p1a: Avalugg|Avalugg-Hisui, L90, M|317/317\n|turn|4\n|\n|t:|1781461150\n|move|p2a: Talonflame|Will-O-Wisp|p1a: Avalugg\n|-status|p1a: Avalugg|brn\n|move|p1a: Avalugg|Stone Edge|p2a: Talonflame\n|-supereffective|p2a: Talonflame\n|-damage|p2a: Talonflame|0 fnt\n|faint|p2a: Talonflame\n|\n|-damage|p1a: Avalugg|298/317 brn|[from] brn\n|upkeep\n|\n|t:|1781461157\n|switch|p2a: Grumpig|Grumpig, L92, F|297/297\n|turn|5\n|\n|t:|1781461160\n|switch|p1a: Honchkrow|Honchkrow, L86, F|312/312\n|move|p2a: Grumpig|Nasty Plot|p2a: Grumpig\n|-boost|p2a: Grumpig|spa|2\n|\n|upkeep\n|turn|6\n|\n|t:|1781461167\n|-terastallize|p2a: Grumpig|Fighting\n|move|p2a: Grumpig|Focus Blast|p1a: Honchkrow\n|-damage|p1a: Honchkrow|0 fnt\n|faint|p1a: Honchkrow\n|\n|upkeep\n|\n|t:|1781461170\n|switch|p1a: Zacian|Zacian, L69|241/241\n|-ability|p1a: Zacian|Intrepid Sword|boost\n|-boost|p1a: Zacian|atk|1\n|turn|7\n|\n|t:|1781461183\n|move|p1a: Zacian|Play Rough|p2a: Grumpig\n|-supereffective|p2a: Grumpig\n|-damage|p2a: Grumpig|0 fnt\n|faint|p2a: Grumpig\n|-damage|p1a: Zacian|217/241|[from] item: Life Orb\n|\n|upkeep\n|\n|t:|1781461190\n|switch|p2a: Cinderace|Cinderace, L77, M|249/249\n|turn|8\n|\n|t:|1781461197\n|switch|p1a: Avalugg|Avalugg-Hisui, L90, M|298/317 brn\n|move|p2a: Cinderace|Pyro Ball|p1a: Avalugg\n|-damage|p1a: Avalugg|208/317 brn\n|\n|-damage|p1a: Avalugg|189/317 brn|[from] brn\n|upkeep\n|turn|9\n|\n|t:|1781461207\n|switch|p2a: Dragalge|Dragalge, L88, F|258/258\n|move|p1a: Avalugg|Recover|p1a: Avalugg\n|-heal|p1a: Avalugg|317/317 brn\n|\n|-damage|p1a: Avalugg|298/317 brn|[from] brn\n|upkeep\n|turn|10\n|\n|t:|1781461213\n|switch|p1a: Cetitan|Cetitan, L82, M|413/413\n|move|p2a: Dragalge|Focus Blast|p1a: Cetitan|[miss]\n|-miss|p2a: Dragalge|p1a: Cetitan\n|\n|upkeep\n|turn|11\n|\n|t:|1781461216\n|move|p1a: Cetitan|Icicle Crash|p2a: Dragalge\n|-supereffective|p2a: Dragalge\n|-crit|p2a: Dragalge\n|-damage|p2a: Dragalge|0 fnt\n|faint|p2a: Dragalge\n|\n|upkeep\n|\n|t:|1781461219\n|switch|p2a: Koraidon|Koraidon, L64|235/235\n|-weather|SunnyDay|[from] ability: Orichalcum Pulse|[of] p2a: Koraidon\n|-activate|p2a: Koraidon|Orichalcum Pulse|[source]\n|turn|12\n|\n|t:|1781461228\n|move|p1a: Cetitan|Ice Shard|p2a: Koraidon\n|-supereffective|p2a: Koraidon\n|-damage|p2a: Koraidon|110/235\n|-damage|p1a: Cetitan|372/413|[from] item: Life Orb\n|move|p2a: Koraidon|Swords Dance|p2a: Koraidon\n|-boost|p2a: Koraidon|atk|2\n|\n|-weather|SunnyDay|[upkeep]\n|upkeep\n|turn|13\n|\n|t:|1781461232\n|switch|p2a: Cinderace|Cinderace, L77, M|249/249\n|move|p1a: Cetitan|Ice Shard|p2a: Cinderace\n|-resisted|p2a: Cinderace\n|-damage|p2a: Cinderace|214/249\n|-damage|p1a: Cetitan|331/413|[from] item: Life Orb\n|\n|-weather|SunnyDay|[upkeep]\n|upkeep\n|turn|14\n|\n|t:|1781461234\n|switch|p1a: Avalugg|Avalugg-Hisui, L90, M|298/317 brn\n|move|p2a: Cinderace|Pyro Ball|p1a: Avalugg\n|-damage|p1a: Avalugg|157/317 brn\n|\n|-weather|SunnyDay|[upkeep]\n|-damage|p1a: Avalugg|138/317 brn|[from] brn\n|upkeep\n|turn|15\n|\n|t:|1781461239\n|move|p2a: Cinderace|Pyro Ball|p1a: Avalugg\n|-damage|p1a: Avalugg|0 fnt\n|faint|p1a: Avalugg\n|\n|-weather|SunnyDay|[upkeep]\n|upkeep\n|\n|t:|1781461242\n|switch|p1a: Zacian|Zacian, L69|217/241\n|turn|16\n|\n|t:|1781461246\n|move|p1a: Zacian|Close Combat|p2a: Cinderace\n|-damage|p2a: Cinderace|105/249\n|-unboost|p1a: Zacian|def|1\n|-unboost|p1a: Zacian|spd|1\n|-damage|p1a: Zacian|193/241|[from] item: Life Orb\n|move|p2a: Cinderace|Pyro Ball|p1a: Zacian\n|-damage|p1a: Zacian|0 fnt\n|faint|p1a: Zacian\n|\n|-weather|none\n|upkeep\n|\n|t:|1781461252\n|switch|p1a: Cetitan|Cetitan, L82, M|331/413\n|turn|17\n|\n|t:|1781461257\n|-terastallize|p1a: Cetitan|Water\n|move|p2a: Cinderace|Pyro Ball|p1a: Cetitan\n|-resisted|p1a: Cetitan\n|-damage|p1a: Cetitan|223/413\n|move|p1a: Cetitan|Liquidation|p2a: Cinderace\n|-supereffective|p2a: Cinderace\n|-damage|p2a: Cinderace|0 fnt\n|faint|p2a: Cinderace\n|\n|upkeep\n|\n|t:|1781461259\n|switch|p2a: Iron Jugulis|Iron Jugulis, L77|271/271\n|turn|18\n|\n|t:|1781461264\n|switch|p1a: Bronzong|Bronzong, L88|261/261\n|move|p2a: Iron Jugulis|Meteor Beam||[still]\n|-prepare|p2a: Iron Jugulis|Meteor Beam\n|-boost|p2a: Iron Jugulis|spa|1\n|-enditem|p2a: Iron Jugulis|Power Herb\n|-anim|p2a: Iron Jugulis|Meteor Beam|p1a: Bronzong\n|-resisted|p1a: Bronzong\n|-damage|p1a: Bronzong|211/261\n|\n|-heal|p1a: Bronzong|227/261|[from] item: Leftovers\n|upkeep\n|turn|19\n|\n|t:|1781461267\n|move|p2a: Iron Jugulis|Dark Pulse|p1a: Bronzong\n|-supereffective|p1a: Bronzong\n|-damage|p1a: Bronzong|35/261\n|move|p1a: Bronzong|Body Press|p2a: Iron Jugulis\n|-damage|p2a: Iron Jugulis|196/271\n|\n|-heal|p1a: Bronzong|51/261|[from] item: Leftovers\n|upkeep\n|turn|20\n|\n|t:|1781461270\n|move|p2a: Iron Jugulis|Dark Pulse|p1a: Bronzong\n|-supereffective|p1a: Bronzong\n|-damage|p1a: Bronzong|0 fnt\n|faint|p1a: Bronzong\n|\n|upkeep\n|\n|t:|1781461272\n|switch|p1a: Cetitan|Cetitan, L82, M, tera:Water|223/413\n|turn|21\n|\n|t:|1781461274\n|move|p2a: Iron Jugulis|Dark Pulse|p1a: Cetitan\n|-damage|p1a: Cetitan|42/413\n|move|p1a: Cetitan|Icicle Crash|p2a: Iron Jugulis\n|-supereffective|p2a: Iron Jugulis\n|-damage|p2a: Iron Jugulis|0 fnt\n|faint|p2a: Iron Jugulis\n|-end|p2a: Iron Jugulis|Quark Drive|[silent]\n|\n|upkeep\n|\n|t:|1781461278\n|switch|p2a: Koraidon|Koraidon, L64|110/235\n|-weather|SunnyDay|[from] ability: Orichalcum Pulse|[of] p2a: Koraidon\n|-activate|p2a: Koraidon|Orichalcum Pulse|[source]\n|turn|22\n|\n|t:|1781461280\n|move|p1a: Cetitan|Ice Shard|p2a: Koraidon\n|-supereffective|p2a: Koraidon\n|-damage|p2a: Koraidon|0 fnt\n|faint|p2a: Koraidon\n|-damage|p1a: Cetitan|1/413|[from] item: Life Orb\n|\n|win|OverthereStair\n", "uploadtime": 1781461105, "views": 3, "formatid": "gen9randombattle", "rating": null, "private": 0, "password": null}