{"id": "gen9randombattle-2631704328", "format": "[Gen 9] Random Battle", "players": ["dh2v", "leppy33"], "log": "|j|\u2606dh2v\n|j|\u2606leppy33\n|t:|1781425198\n|gametype|singles\n|player|p1|dh2v|veteranf|1519\n|player|p2|leppy33|whitney|1551\n|gen|9\n|tier|[Gen 9] Random Battle\n|rated|\n|rule|Species Clause: Limit one of each Pok\u00e9mon\n|rule|HP Percentage Mod: HP is shown in percentages\n|rule|Sleep Clause Mod: Limit one foe put to sleep\n|rule|Illusion Level Mod: Illusion disguises the Pok\u00e9mon's true level\n|\n|t:|1781425198\n|teamsize|p1|6\n|teamsize|p2|6\n|start\n|switch|p1a: Noctowl|Noctowl, L95, M|344/344\n|switch|p2a: Squawkabilly|Squawkabilly-White, L89, F|291/291\n|turn|1\n|inactive|Battle timer is ON: inactive players will automatically lose when time's up. (requested by leppy33)\n|\n|t:|1781425214\n|switch|p1a: Mudsdale|Mudsdale, L83, F|302/302\n|move|p2a: Squawkabilly|Brave Bird|p1a: Mudsdale\n|-damage|p1a: Mudsdale|5/302\n|-ability|p1a: Mudsdale|Stamina|boost\n|-boost|p1a: Mudsdale|def|1\n|-damage|p2a: Squawkabilly|193/291|[from] Recoil\n|\n|-heal|p1a: Mudsdale|23/302|[from] item: Leftovers\n|upkeep\n|turn|2\n|\n|t:|1781425220\n|move|p2a: Squawkabilly|Brave Bird|p1a: Mudsdale\n|-damage|p1a: Mudsdale|0 fnt\n|faint|p1a: Mudsdale\n|-damage|p2a: Squawkabilly|185/291|[from] Recoil\n|\n|upkeep\n|\n|t:|1781425224\n|switch|p1a: Pikachu|Pikachu-Original, L93, F|216/216\n|turn|3\n|\n|t:|1781425231\n|switch|p2a: Kilowattrel|Kilowattrel, L83, M|252/252\n|move|p1a: Pikachu|Volt Tackle|p2a: Kilowattrel\n|-immune|p2a: Kilowattrel|[from] ability: Volt Absorb\n|\n|upkeep\n|turn|4\n|\n|t:|1781425240\n|move|p2a: Kilowattrel|U-turn|p1a: Pikachu\n|-damage|p1a: Pikachu|156/216\n|\n|t:|1781425242\n|switch|p2a: Regieleki|Regieleki, L79|256/256|[from] U-turn\n|move|p1a: Pikachu|Knock Off|p2a: Regieleki\n|-damage|p2a: Regieleki|79/256\n|-enditem|p2a: Regieleki|Magnet|[from] move: Knock Off|[of] p1a: Pikachu\n|\n|upkeep\n|turn|5\n|\n|t:|1781425253\n|switch|p2a: Kilowattrel|Kilowattrel, L83, M|252/252\n|move|p1a: Pikachu|Knock Off|p2a: Kilowattrel\n|-damage|p2a: Kilowattrel|96/252\n|-enditem|p2a: Kilowattrel|Heavy-Duty Boots|[from] move: Knock Off|[of] p1a: Pikachu\n|\n|upkeep\n|turn|6\n|\n|t:|1781425258\n|move|p2a: Kilowattrel|Roost|p2a: Kilowattrel\n|-heal|p2a: Kilowattrel|222/252\n|-singleturn|p2a: Kilowattrel|move: Roost\n|move|p1a: Pikachu|Knock Off|p2a: Kilowattrel\n|-damage|p2a: Kilowattrel|124/252\n|\n|upkeep\n|turn|7\n|\n|t:|1781425261\n|move|p2a: Kilowattrel|Roost|p2a: Kilowattrel\n|-heal|p2a: Kilowattrel|250/252\n|-singleturn|p2a: Kilowattrel|move: Roost\n|move|p1a: Pikachu|Play Rough|p2a: Kilowattrel\n|-damage|p2a: Kilowattrel|114/252\n|\n|upkeep\n|turn|8\n|\n|t:|1781425268\n|move|p2a: Kilowattrel|Hurricane|p1a: Pikachu|[miss]\n|-miss|p2a: Kilowattrel|p1a: Pikachu\n|move|p1a: Pikachu|Play Rough|p2a: Kilowattrel\n|-damage|p2a: Kilowattrel|0 fnt\n|faint|p2a: Kilowattrel\n|\n|upkeep\n|\n|t:|1781425274\n|switch|p2a: Duraludon|Duraludon, L82, F|249/249\n|turn|9\n|\n|t:|1781425283\n|switch|p1a: Noctowl|Noctowl, L95, M|344/344\n|move|p2a: Duraludon|Draco Meteor|p1a: Noctowl\n|-damage|p1a: Noctowl|226/344\n|-unboost|p2a: Duraludon|spa|2\n|\n|upkeep\n|turn|10\n|\n|t:|1781425287\n|move|p1a: Noctowl|Calm Mind|p1a: Noctowl\n|-boost|p1a: Noctowl|spa|1\n|-boost|p1a: Noctowl|spd|1\n|move|p2a: Duraludon|Thunder Wave|p1a: Noctowl\n|-status|p1a: Noctowl|par\n|\n|upkeep\n|turn|11\n|\n|t:|1781425291\n|move|p2a: Duraludon|Body Press|p1a: Noctowl\n|-damage|p1a: Noctowl|149/344 par\n|move|p1a: Noctowl|Roost|p1a: Noctowl\n|-heal|p1a: Noctowl|321/344 par\n|-singleturn|p1a: Noctowl|move: Roost\n|\n|upkeep\n|turn|12\n|\n|t:|1781425295\n|switch|p2a: Regieleki|Regieleki, L79|79/256\n|move|p1a: Noctowl|Calm Mind|p1a: Noctowl\n|-boost|p1a: Noctowl|spa|1\n|-boost|p1a: Noctowl|spd|1\n|\n|upkeep\n|turn|13\n|\n|t:|1781425300\n|move|p2a: Regieleki|Thunderbolt|p1a: Noctowl\n|-supereffective|p1a: Noctowl\n|-damage|p1a: Noctowl|229/344 par\n|move|p1a: Noctowl|Hyper Voice|p2a: Regieleki\n|-damage|p2a: Regieleki|0 fnt\n|faint|p2a: Regieleki\n|\n|upkeep\n|\n|t:|1781425314\n|switch|p2a: Squawkabilly|Squawkabilly-White, L89, F|185/291\n|turn|14\n|\n|t:|1781425320\n|-terastallize|p2a: Squawkabilly|Normal\n|move|p2a: Squawkabilly|Double-Edge|p1a: Noctowl|[miss]\n|-miss|p2a: Squawkabilly|p1a: Noctowl\n|cant|p1a: Noctowl|par\n|\n|upkeep\n|turn|15\n|\n|t:|1781425325\n|move|p2a: Squawkabilly|Double-Edge|p1a: Noctowl|[miss]\n|-miss|p2a: Squawkabilly|p1a: Noctowl\n|move|p1a: Noctowl|Hyper Voice|p2a: Squawkabilly\n|-damage|p2a: Squawkabilly|0 fnt\n|faint|p2a: Squawkabilly\n|\n|upkeep\n|\n|t:|1781425331\n|switch|p2a: Floatzel|Floatzel, L86, M|286/286\n|turn|16\n|\n|t:|1781425334\n|move|p2a: Floatzel|Ice Spinner|p1a: Noctowl\n|-supereffective|p1a: Noctowl\n|-damage|p1a: Noctowl|53/344 par\n|move|p1a: Noctowl|Hyper Voice|p2a: Floatzel\n|-damage|p2a: Floatzel|0 fnt\n|faint|p2a: Floatzel\n|\n|upkeep\n|\n|t:|1781425337\n|switch|p2a: Duraludon|Duraludon, L82, F|249/249\n|turn|17\n|\n|t:|1781425339\n|move|p2a: Duraludon|Body Press|p1a: Noctowl\n|-damage|p1a: Noctowl|0 fnt\n|faint|p1a: Noctowl\n|\n|upkeep\n|\n|t:|1781425346\n|switch|p1a: Infernape|Infernape, L82, F|259/259\n|turn|18\n|\n|t:|1781425350\n|move|p1a: Infernape|Close Combat|p2a: Duraludon\n|-supereffective|p2a: Duraludon\n|-damage|p2a: Duraludon|67/249\n|-unboost|p1a: Infernape|def|1\n|-unboost|p1a: Infernape|spd|1\n|-damage|p1a: Infernape|234/259|[from] item: Life Orb\n|move|p2a: Duraludon|Thunder Wave|p1a: Infernape\n|-status|p1a: Infernape|par\n|\n|upkeep\n|turn|19\n|\n|t:|1781425354\n|move|p1a: Infernape|Mach Punch|p2a: Duraludon\n|-supereffective|p2a: Duraludon\n|-damage|p2a: Duraludon|5/249\n|-damage|p1a: Infernape|209/259 par|[from] item: Life Orb\n|move|p2a: Duraludon|Draco Meteor|p1a: Infernape\n|-damage|p1a: Infernape|0 fnt\n|-unboost|p2a: Duraludon|spa|2\n|faint|p1a: Infernape\n|\n|upkeep\n|\n|t:|1781425358\n|switch|p1a: Pikachu|Pikachu-Original, L93, F|156/216\n|turn|20\n|\n|t:|1781425360\n|move|p1a: Pikachu|Knock Off|p2a: Duraludon\n|-crit|p2a: Duraludon\n|-damage|p2a: Duraludon|0 fnt\n|-enditem|p2a: Duraludon|Eviolite|[from] move: Knock Off|[of] p1a: Pikachu\n|faint|p2a: Duraludon\n|\n|upkeep\n|\n|t:|1781425362\n|switch|p2a: Kyurem|Kyurem-White, L73|303/303\n|-ability|p2a: Kyurem|Turboblaze\n|turn|21\n|\n|t:|1781425366\n|move|p2a: Kyurem|Earth Power|p1a: Pikachu\n|-supereffective|p1a: Pikachu\n|-damage|p1a: Pikachu|0 fnt\n|faint|p1a: Pikachu\n|\n|upkeep\n|\n|t:|1781425368\n|switch|p1a: Moltres|Moltres-Galar, L79|271/271\n|turn|22\n|\n|t:|1781425371\n|move|p2a: Kyurem|Earth Power|p1a: Moltres\n|-immune|p1a: Moltres\n|move|p1a: Moltres|Agility|p1a: Moltres\n|-boost|p1a: Moltres|spe|2\n|\n|upkeep\n|turn|23\n|\n|t:|1781425373\n|move|p1a: Moltres|Nasty Plot|p1a: Moltres\n|-boost|p1a: Moltres|spa|2\n|move|p2a: Kyurem|Earth Power|p1a: Moltres\n|-immune|p1a: Moltres\n|\n|upkeep\n|turn|24\n|\n|t:|1781425375\n|move|p1a: Moltres|Nasty Plot|p1a: Moltres\n|-boost|p1a: Moltres|spa|2\n|move|p2a: Kyurem|Earth Power|p1a: Moltres\n|-immune|p1a: Moltres\n|\n|upkeep\n|turn|25\n|\n|t:|1781425376\n|move|p1a: Moltres|Agility|p1a: Moltres\n|-boost|p1a: Moltres|spe|2\n|move|p2a: Kyurem|Earth Power|p1a: Moltres\n|-immune|p1a: Moltres\n|\n|upkeep\n|turn|26\n|\n|t:|1781425377\n|move|p1a: Moltres|Agility|p1a: Moltres\n|-boost|p1a: Moltres|spe|2\n|move|p2a: Kyurem|Earth Power|p1a: Moltres\n|-immune|p1a: Moltres\n|\n|upkeep\n|turn|27\n|\n|t:|1781425378\n|move|p1a: Moltres|Nasty Plot|p1a: Moltres\n|-boost|p1a: Moltres|spa|2\n|move|p2a: Kyurem|Earth Power|p1a: Moltres\n|-immune|p1a: Moltres\n|\n|upkeep\n|turn|28\n|\n|t:|1781425380\n|move|p1a: Moltres|Fiery Wrath|p2a: Kyurem\n|-damage|p2a: Kyurem|0 fnt\n|faint|p2a: Kyurem\n|\n|win|dh2v\n|raw|dh2v's rating: 1519 &rarr; <strong>1541</strong><br />(+22 for winning)\n|raw|leppy33's rating: 1551 &rarr; <strong>1529</strong><br />(-22 for losing)\n|l|\u2606leppy33\n|player|p2|\n", "inputlog": ">version a8376a258c1d4662feba110a92103f3664a72141\n>start {\"formatid\":\"gen9randombattle\",\"seed\":\"sodium,dc2d7fe78265271d26474ba306b44af9\",\"rated\":\"Rated battle\"}\n>player p1 {\"name\":\"dh2v\",\"avatar\":\"veteranf\",\"rating\":1519,\"seed\":\"sodium,96a3e1adad517aa0832a8539c92fa4f3\"}\n>player p2 {\"name\":\"leppy33\",\"avatar\":\"whitney\",\"rating\":1551,\"seed\":\"sodium,3fa0becbe0e86380387595d094e20b44\"}\n>p1 switch 3\n>p2 move bravebird\n>p1 move stealthrock\n>p2 move bravebird\n>p1 switch 6\n>p1 move volttackle\n>p2 switch 6\n>p1 move knockoff\n>p2 move uturn\n>p2 switch 4\n>p1 move knockoff\n>p2 switch 4\n>p1 move knockoff\n>p2 move roost\n>p1 move playrough\n>p2 move roost\n>p1 move playrough\n>p2 move hurricane\n>p2 switch 5\n>p1 switch 3\n>p2 move dracometeor\n>p1 move calmmind\n>p2 move thunderwave\n>p1 move roost\n>p2 move bodypress\n>p1 move calmmind\n>p2 switch 4\n>p1 move hypervoice\n>p2 move thunderbolt\n>p2 switch 6\n>p1 move hypervoice\n>p2 move doubleedge terastallize\n>p1 move hypervoice\n>p2 move doubleedge\n>p2 switch 2\n>p1 move hypervoice\n>p2 move icespinner\n>p2 switch 4\n>p1 move hypervoice\n>p2 move bodypress\n>p1 switch 5\n>p1 move closecombat\n>p2 move thunderwave\n>p1 move machpunch\n>p2 move dracometeor\n>p1 switch 3\n>p1 move knockoff\n>p2 move bodypress\n>p2 switch 3\n>p1 move knockoff\n>p2 move earthpower\n>p1 switch 2\n>p1 move agility\n>p2 move earthpower\n>p1 move nastyplot\n>p2 move earthpower\n>p1 move nastyplot\n>p2 move earthpower\n>p1 move agility\n>p2 move earthpower\n>p1 move agility\n>p2 move earthpower\n>p1 move nastyplot\n>p2 move earthpower\n>p1 move fierywrath\n>p2 move earthpower", "uploadtime": 1781425387, "views": 3, "formatid": "gen9randombattle", "rating": 1529, "private": 0, "password": null}