{"id": "gen9randombattle-2631559778", "format": "[Gen 9] Random Battle", "players": ["Magikarpitalism", "Bigoleg"], "log": "|j|\u2606Magikarpitalism\n|j|\u2606Bigoleg\n|t:|1781401333\n|gametype|singles\n|player|p1|Magikarpitalism|steven|2169\n|player|p2|Bigoleg|169|2135\n|gen|9\n|tier|[Gen 9] Random Battle\n|rated|\n|rule|Species Clause: Limit one of each Pok\u00e9mon\n|rule|HP Percentage Mod: HP is shown in percentages\n|rule|Sleep Clause Mod: Limit one foe put to sleep\n|rule|Illusion Level Mod: Illusion disguises the Pok\u00e9mon's true level\n|\n|t:|1781401333\n|teamsize|p1|6\n|teamsize|p2|6\n|start\n|switch|p1a: Sandslash|Sandslash, L89, M|278/278\n|switch|p2a: Meowstic|Meowstic-F, L89, F|277/277\n|turn|1\n|inactive|Battle timer is ON: inactive players will automatically lose when time's up. (requested by Bigoleg)\n|\n|t:|1781401356\n|move|p2a: Meowstic|Nasty Plot|p2a: Meowstic\n|-boost|p2a: Meowstic|spa|2\n|move|p1a: Sandslash|Earthquake|p2a: Meowstic\n|-damage|p2a: Meowstic|156/277\n|\n|upkeep\n|turn|2\n|\n|t:|1781401362\n|switch|p1a: Ting-Lu|Ting-Lu, L78|370/370\n|-ability|p1a: Ting-Lu|Vessel of Ruin\n|move|p2a: Meowstic|Psychic|p1a: Ting-Lu\n|-immune|p1a: Ting-Lu\n|\n|upkeep\n|turn|3\n|\n|t:|1781401380\n|move|p2a: Meowstic|Alluring Voice|p1a: Ting-Lu\n|-supereffective|p1a: Ting-Lu\n|-damage|p1a: Ting-Lu|136/370\n|-damage|p2a: Meowstic|129/277|[from] item: Life Orb\n|move|p1a: Ting-Lu|Payback|p2a: Meowstic\n|-supereffective|p2a: Meowstic\n|-damage|p2a: Meowstic|0 fnt\n|faint|p2a: Meowstic\n|\n|-heal|p1a: Ting-Lu|159/370|[from] item: Leftovers\n|upkeep\n|\n|t:|1781401387\n|switch|p2a: Lapras|Lapras, L87, F|368/368\n|turn|4\n|\n|t:|1781401398\n|switch|p1a: Hariyama|Hariyama, L87, M|392/392\n|move|p2a: Lapras|Sparkling Aria|p1a: Hariyama\n|-damage|p1a: Hariyama|271/392\n|\n|-status|p1a: Hariyama|brn|[from] item: Flame Orb\n|upkeep\n|turn|5\n|\n|t:|1781401404\n|move|p2a: Lapras|Sparkling Aria|p1a: Hariyama\n|-damage|p1a: Hariyama|144/392 brn\n|-curestatus|p1a: Hariyama|brn|[msg]\n|move|p1a: Hariyama|Knock Off|p2a: Lapras\n|-damage|p2a: Lapras|275/368\n|-enditem|p2a: Lapras|Heavy-Duty Boots|[from] move: Knock Off|[of] p1a: Hariyama\n|\n|-status|p1a: Hariyama|brn|[from] item: Flame Orb\n|upkeep\n|turn|6\n|\n|t:|1781401410\n|switch|p1a: Primarina|Primarina, L83, M|268/268\n|move|p2a: Lapras|Sparkling Aria|p1a: Primarina\n|-resisted|p1a: Primarina\n|-damage|p1a: Primarina|233/268\n|\n|-heal|p1a: Primarina|249/268|[from] item: Leftovers\n|upkeep\n|turn|7\n|\n|t:|1781401413\n|move|p2a: Lapras|Freeze-Dry|p1a: Primarina\n|-supereffective|p1a: Primarina\n|-damage|p1a: Primarina|139/268\n|move|p1a: Primarina|Calm Mind|p1a: Primarina\n|-boost|p1a: Primarina|spa|1\n|-boost|p1a: Primarina|spd|1\n|\n|-heal|p1a: Primarina|155/268|[from] item: Leftovers\n|upkeep\n|turn|8\n|\n|t:|1781401416\n|move|p2a: Lapras|Freeze-Dry|p1a: Primarina\n|-supereffective|p1a: Primarina\n|-damage|p1a: Primarina|77/268\n|-status|p1a: Primarina|frz\n|cant|p1a: Primarina|frz\n|\n|-heal|p1a: Primarina|93/268 frz|[from] item: Leftovers\n|upkeep\n|turn|9\n|inactive|Magikarpitalism has 120 seconds left.\n|l|\u2606Bigoleg\n|inactive|Bigoleg disconnected and has a minute to reconnect!\n|player|p2|\n|j|\u2606Bigoleg\n|inactive|Bigoleg reconnected.\n|player|p2|Bigoleg|169|\n|inactive|Magikarpitalism has 90 seconds left.\n|inactive|Magikarpitalism has 60 seconds left.\n|\n|t:|1781401524\n|move|p2a: Lapras|Freeze-Dry|p1a: Primarina\n|-supereffective|p1a: Primarina\n|-crit|p1a: Primarina\n|-damage|p1a: Primarina|0 fnt\n|faint|p1a: Primarina\n|\n|upkeep\n|\n|t:|1781401528\n|switch|p1a: Hariyama|Hariyama, L87, M|144/392 brn\n|turn|10\n|\n|t:|1781401533\n|move|p2a: Lapras|Sparkling Aria|p1a: Hariyama\n|-damage|p1a: Hariyama|26/392 brn\n|-curestatus|p1a: Hariyama|brn|[msg]\n|move|p1a: Hariyama|Close Combat|p2a: Lapras\n|-supereffective|p2a: Lapras\n|-damage|p2a: Lapras|0 fnt\n|-unboost|p1a: Hariyama|def|1\n|-unboost|p1a: Hariyama|spd|1\n|faint|p2a: Lapras\n|\n|-status|p1a: Hariyama|brn|[from] item: Flame Orb\n|upkeep\n|\n|t:|1781401538\n|switch|p2a: Luxray|Luxray, L88, M|283/283\n|turn|11\n|inactive|Magikarpitalism has 60 seconds left.\n|\n|t:|1781401556\n|move|p2a: Luxray|Trailblaze|p1a: Hariyama\n|-damage|p1a: Hariyama|0 fnt\n|-boost|p2a: Luxray|spe|1\n|faint|p1a: Hariyama\n|\n|-status|p2a: Luxray|brn|[from] item: Flame Orb\n|upkeep\n|\n|t:|1781401558\n|switch|p1a: Sandslash|Sandslash, L89, M|278/278\n|turn|12\n|\n|t:|1781401566\n|-terastallize|p2a: Luxray|Normal\n|move|p2a: Luxray|Facade|p1a: Sandslash\n|-damage|p1a: Sandslash|49/278\n|move|p1a: Sandslash|Earthquake|p2a: Luxray\n|-damage|p2a: Luxray|150/283 brn\n|\n|-heal|p1a: Sandslash|66/278|[from] item: Leftovers\n|-damage|p2a: Luxray|133/283 brn|[from] brn\n|upkeep\n|turn|13\n|\n|t:|1781401586\n|switch|p1a: Misdreavus|Misdreavus, L90, F|254/254\n|move|p2a: Luxray|Trailblaze|p1a: Misdreavus\n|-damage|p1a: Misdreavus|194/254\n|-boost|p2a: Luxray|spe|1\n|\n|-damage|p2a: Luxray|116/283 brn|[from] brn\n|upkeep\n|turn|14\n|\n|t:|1781401600\n|switch|p1a: Sandslash|Sandslash, L89, M|66/278\n|move|p2a: Luxray|Throat Chop|p1a: Sandslash\n|-damage|p1a: Sandslash|0 fnt\n|faint|p1a: Sandslash\n|\n|-damage|p2a: Luxray|99/283 brn|[from] brn\n|upkeep\n|inactive|Magikarpitalism has 60 seconds left.\n|\n|t:|1781401625\n|switch|p1a: Misdreavus|Misdreavus, L90, F|194/254\n|turn|15\n|\n|t:|1781401629\n|-terastallize|p1a: Misdreavus|Fairy\n|move|p2a: Luxray|Throat Chop|p1a: Misdreavus\n|-resisted|p1a: Misdreavus\n|-damage|p1a: Misdreavus|152/254\n|-start|p1a: Misdreavus|Throat Chop|[silent]\n|move|p1a: Misdreavus|Draining Kiss|p2a: Luxray\n|-damage|p2a: Luxray|26/283 brn\n|-heal|p1a: Misdreavus|207/254|[from] drain|[of] p2a: Luxray\n|\n|-damage|p2a: Luxray|9/283 brn|[from] brn\n|upkeep\n|turn|16\n|\n|t:|1781401635\n|switch|p1a: Ting-Lu|Ting-Lu, L78|159/370\n|-ability|p1a: Ting-Lu|Vessel of Ruin\n|move|p2a: Luxray|Facade|p1a: Ting-Lu\n|-damage|p1a: Ting-Lu|0 fnt\n|faint|p1a: Ting-Lu\n|\n|-damage|p2a: Luxray|0 fnt|[from] brn\n|faint|p2a: Luxray\n|upkeep\n|\n|t:|1781401644\n|switch|p2a: Weezing|Weezing-Galar, L86, F|252/252\n|switch|p1a: Misdreavus|Misdreavus, L90, F, tera:Fairy|207/254\n|turn|17\n|\n|t:|1781401662\n|move|p1a: Misdreavus|Will-O-Wisp|p2a: Weezing\n|-status|p2a: Weezing|brn\n|move|p2a: Weezing|Gunk Shot|p1a: Misdreavus\n|-supereffective|p1a: Misdreavus\n|-damage|p1a: Misdreavus|95/254\n|\n|-damage|p2a: Weezing|237/252 brn|[from] brn\n|upkeep\n|turn|18\n|\n|t:|1781401667\n|move|p1a: Misdreavus|Shadow Ball|p2a: Weezing\n|-damage|p2a: Weezing|135/252 brn\n|move|p2a: Weezing|Gunk Shot|p1a: Misdreavus\n|-supereffective|p1a: Misdreavus\n|-damage|p1a: Misdreavus|0 fnt\n|faint|p1a: Misdreavus\n|\n|-heal|p2a: Weezing|150/252 brn|[from] item: Leftovers\n|-damage|p2a: Weezing|135/252 brn|[from] brn\n|upkeep\n|\n|t:|1781401685\n|switch|p1a: Thundurus|Thundurus-Therian, L80, M|258/258\n|turn|19\n|\n|t:|1781401690\n|move|p1a: Thundurus|Nasty Plot|p1a: Thundurus\n|-boost|p1a: Thundurus|spa|2\n|move|p2a: Weezing|Strange Steam|p1a: Thundurus\n|-damage|p1a: Thundurus|164/258\n|\n|-heal|p2a: Weezing|150/252 brn|[from] item: Leftovers\n|-damage|p2a: Weezing|135/252 brn|[from] brn\n|upkeep\n|turn|20\n|\n|t:|1781401703\n|move|p1a: Thundurus|Thunderbolt|p2a: Weezing\n|-damage|p2a: Weezing|0 fnt\n|faint|p2a: Weezing\n|\n|upkeep\n|inactive|Bigoleg has 120 seconds left.\n|\n|t:|1781401740\n|switch|p2a: Camerupt|Camerupt, L91, M|275/275\n|turn|21\n|inactive|Magikarpitalism has 90 seconds left.\n|\n|t:|1781401774\n|move|p1a: Thundurus|Focus Blast|p2a: Camerupt|[miss]\n|-miss|p1a: Thundurus|p2a: Camerupt\n|move|p2a: Camerupt|Overheat|p1a: Thundurus\n|-damage|p1a: Thundurus|0 fnt\n|-unboost|p2a: Camerupt|spa|2\n|faint|p1a: Thundurus\n|\n|win|Bigoleg\n", "inputlog": ">version a8376a258c1d4662feba110a92103f3664a72141\n>start {\"formatid\":\"gen9randombattle\",\"seed\":\"sodium,beda966c9e8b36cb6db63d65d721f9dd\",\"rated\":\"Rated battle\"}\n>player p1 {\"name\":\"Magikarpitalism\",\"avatar\":\"steven\",\"rating\":2169,\"seed\":\"sodium,57be640a72c3373747235d5be445fa25\"}\n>player p2 {\"name\":\"Bigoleg\",\"avatar\":\"169\",\"rating\":2135,\"seed\":\"sodium,12191b0fd8af4cf472db3f57c29da0a6\"}\n>p1 move earthquake\n>p2 move nastyplot\n>p1 switch 4\n>p2 move psychic\n>p1 move payback\n>p2 move alluringvoice\n>p2 switch 6\n>p1 switch 6\n>p2 move sparklingaria\n>p1 move knockoff\n>p2 move sparklingaria\n>p1 switch 5\n>p2 move sparklingaria\n>p1 move calmmind\n>p2 move freezedry\n>p1 move drainingkiss\n>p2 move freezedry\n>p1 move drainingkiss\n>p2 move freezedry\n>p1 switch 5\n>p1 move closecombat\n>p2 move sparklingaria\n>p2 switch 3\n>p1 move closecombat\n>p2 move trailblaze\n>p1 switch 4\n>p1 move earthquake\n>p2 move facade terastallize\n>p1 switch 2\n>p2 move trailblaze\n>p1 switch 2\n>p2 move throatchop\n>p1 switch 2\n>p1 move drainingkiss terastallize\n>p2 move throatchop\n>p1 switch 6\n>p2 move facade\n>p1 switch 6\n>p2 switch 5\n>p1 move willowisp\n>p2 move gunkshot\n>p1 move shadowball\n>p2 move gunkshot\n>p1 switch 3\n>p1 move nastyplot\n>p2 move strangesteam\n>p1 move thunderbolt\n>p2 move strangesteam\n>p2 switch 2\n>p1 move focusblast\n>p2 move overheat", "uploadtime": 1781401335, "views": 5, "formatid": "gen9randombattle", "rating": null, "private": 0, "password": null}