{"id": "gen9randombattle-2631412299", "format": "[Gen 9] Random Battle", "players": ["motam8", "opik8"], "log": "|j|\u2606motam8\n|j|\u2606opik8\n|t:|1781381531\n|gametype|singles\n|player|p1|motam8|265|1876\n|player|p2|opik8|colress|1977\n|gen|9\n|tier|[Gen 9] Random Battle\n|rated|\n|rule|Species Clause: Limit one of each Pok\u00e9mon\n|rule|HP Percentage Mod: HP is shown in percentages\n|rule|Sleep Clause Mod: Limit one foe put to sleep\n|rule|Illusion Level Mod: Illusion disguises the Pok\u00e9mon's true level\n|\n|t:|1781381531\n|teamsize|p1|6\n|teamsize|p2|6\n|start\n|switch|p1a: Drifblim|Drifblim, L86, M|396/396\n|switch|p2a: Arboliva|Arboliva, L91, F|290/290\n|turn|1\n|inactive|Battle timer is ON: inactive players will automatically lose when time's up. (requested by motam8)\n|\n|t:|1781381542\n|switch|p2a: Garganacl|Garganacl, L80, F|291/291\n|move|p1a: Drifblim|Calm Mind|p1a: Drifblim\n|-boost|p1a: Drifblim|spa|1\n|-boost|p1a: Drifblim|spd|1\n|\n|upkeep\n|turn|2\n|\n|t:|1781381552\n|move|p1a: Drifblim|Shadow Ball|p2a: Garganacl\n|-damage|p2a: Garganacl|221/291\n|move|p2a: Garganacl|Salt Cure|p1a: Drifblim\n|-supereffective|p1a: Drifblim\n|-damage|p1a: Drifblim|280/396\n|-start|p1a: Drifblim|Salt Cure\n|\n|-heal|p2a: Garganacl|239/291|[from] item: Leftovers\n|-damage|p1a: Drifblim|231/396|[from] Salt Cure\n|upkeep\n|turn|3\n|\n|t:|1781381563\n|move|p1a: Drifblim|Strength Sap|p2a: Garganacl\n|-unboost|p2a: Garganacl|atk|1\n|-heal|p1a: Drifblim|396/396\n|move|p2a: Garganacl|Stealth Rock|p1a: Drifblim\n|-sidestart|p1: motam8|move: Stealth Rock\n|\n|-heal|p2a: Garganacl|257/291|[from] item: Leftovers\n|-damage|p1a: Drifblim|347/396|[from] Salt Cure\n|upkeep\n|turn|4\n|\n|t:|1781381573\n|move|p1a: Drifblim|Calm Mind|p1a: Drifblim\n|-boost|p1a: Drifblim|spa|1\n|-boost|p1a: Drifblim|spd|1\n|move|p2a: Garganacl|Salt Cure|p1a: Drifblim\n|-supereffective|p1a: Drifblim\n|-damage|p1a: Drifblim|257/396\n|\n|-heal|p2a: Garganacl|275/291|[from] item: Leftovers\n|-damage|p1a: Drifblim|208/396|[from] Salt Cure\n|upkeep\n|turn|5\n|\n|t:|1781381591\n|move|p1a: Drifblim|Calm Mind|p1a: Drifblim\n|-boost|p1a: Drifblim|spa|1\n|-boost|p1a: Drifblim|spd|1\n|move|p2a: Garganacl|Salt Cure|p1a: Drifblim\n|-supereffective|p1a: Drifblim\n|-damage|p1a: Drifblim|124/396\n|-enditem|p1a: Drifblim|Sitrus Berry|[eat]\n|-heal|p1a: Drifblim|223/396|[from] item: Sitrus Berry\n|\n|-heal|p2a: Garganacl|291/291|[from] item: Leftovers\n|-damage|p1a: Drifblim|174/396|[from] Salt Cure\n|upkeep\n|turn|6\n|\n|t:|1781381603\n|move|p1a: Drifblim|Strength Sap|p2a: Garganacl\n|-unboost|p2a: Garganacl|atk|1\n|-heal|p1a: Drifblim|311/396\n|move|p2a: Garganacl|Salt Cure|p1a: Drifblim\n|-supereffective|p1a: Drifblim\n|-damage|p1a: Drifblim|251/396\n|\n|-damage|p1a: Drifblim|202/396|[from] Salt Cure\n|upkeep\n|turn|7\n|\n|t:|1781381613\n|move|p1a: Drifblim|Shadow Ball|p2a: Garganacl\n|-damage|p2a: Garganacl|188/291\n|move|p2a: Garganacl|Salt Cure|p1a: Drifblim\n|-supereffective|p1a: Drifblim\n|-damage|p1a: Drifblim|142/396\n|\n|-heal|p2a: Garganacl|206/291|[from] item: Leftovers\n|-damage|p1a: Drifblim|93/396|[from] Salt Cure\n|upkeep\n|turn|8\n|\n|t:|1781381623\n|move|p1a: Drifblim|Strength Sap|p2a: Garganacl\n|-unboost|p2a: Garganacl|atk|1\n|-heal|p1a: Drifblim|196/396\n|move|p2a: Garganacl|Recover|p2a: Garganacl\n|-heal|p2a: Garganacl|291/291\n|\n|-damage|p1a: Drifblim|147/396|[from] Salt Cure\n|upkeep\n|turn|9\n|\n|t:|1781381636\n|move|p1a: Drifblim|Shadow Ball|p2a: Garganacl\n|-damage|p2a: Garganacl|189/291\n|move|p2a: Garganacl|Salt Cure|p1a: Drifblim\n|-supereffective|p1a: Drifblim\n|-damage|p1a: Drifblim|99/396\n|\n|-heal|p2a: Garganacl|207/291|[from] item: Leftovers\n|-damage|p1a: Drifblim|50/396|[from] Salt Cure\n|upkeep\n|turn|10\n|\n|t:|1781381646\n|move|p1a: Drifblim|Shadow Ball|p2a: Garganacl\n|-damage|p2a: Garganacl|98/291\n|move|p2a: Garganacl|Recover|p2a: Garganacl\n|-heal|p2a: Garganacl|244/291\n|\n|-heal|p2a: Garganacl|262/291|[from] item: Leftovers\n|-damage|p1a: Drifblim|1/396|[from] Salt Cure\n|upkeep\n|turn|11\n|\n|t:|1781381656\n|move|p2a: Garganacl|Protect|p2a: Garganacl\n|-singleturn|p2a: Garganacl|Protect\n|move|p1a: Drifblim|Strength Sap|p2a: Garganacl\n|-activate|p2a: Garganacl|move: Protect\n|\n|-heal|p2a: Garganacl|280/291|[from] item: Leftovers\n|-damage|p1a: Drifblim|0 fnt|[from] Salt Cure\n|faint|p1a: Drifblim\n|upkeep\n|\n|t:|1781381667\n|switch|p1a: Suicune|Suicune, L82|298/298\n|-damage|p1a: Suicune|261/298|[from] Stealth Rock\n|-ability|p1a: Suicune|Pressure\n|turn|12\n|-message|motam8 forfeited.\n|\n|win|opik8\n|raw|motam8's rating: 1876 &rarr; <strong>1862</strong><br />(-14 for losing)\n|raw|opik8's rating: 1977 &rarr; <strong>1991</strong><br />(+14 for winning)\n", "inputlog": ">version a8376a258c1d4662feba110a92103f3664a72141\n>start {\"formatid\":\"gen9randombattle\",\"seed\":\"sodium,74a1d90b150749aa30d92a4ffacca40e\",\"rated\":\"Rated battle\"}\n>player p1 {\"name\":\"motam8\",\"avatar\":\"265\",\"rating\":1876,\"seed\":\"sodium,d4ff85145558b85fc2bfc4310671edf0\"}\n>player p2 {\"name\":\"opik8\",\"avatar\":\"colress\",\"rating\":1977,\"seed\":\"sodium,42202e993f47d15b0fbc2683826e8da1\"}\n>p1 move calmmind\n>p2 switch 3\n>p1 move shadowball\n>p2 move saltcure\n>p1 move strengthsap\n>p2 move stealthrock\n>p1 move calmmind\n>p2 move saltcure\n>p1 move calmmind\n>p2 move saltcure\n>p1 move strengthsap\n>p2 move saltcure\n>p1 move shadowball\n>p2 move saltcure\n>p1 move strengthsap\n>p2 move recover\n>p1 move shadowball\n>p2 move saltcure\n>p1 move shadowball\n>p2 move recover\n>p1 move strengthsap\n>p2 move protect\n>p1 switch 5\n>forcelose p1", "uploadtime": 1781381671, "views": 9, "formatid": "gen9randombattle", "rating": 1862, "private": 0, "password": null}