{"id": "gen9randombattle-2631427574", "format": "[Gen 9] Random Battle", "players": ["Pokeoke", "II Armando II"], "log": "|j|\u2606Pokeoke\n|j|\u2606II Armando II\n|t:|1781383361\n|gametype|singles\n|player|p1|Pokeoke|101|2062\n|player|p2|II Armando II|hilbert|2129\n|gen|9\n|tier|[Gen 9] Random Battle\n|rated|\n|rule|Species Clause: Limit one of each Pok\u00e9mon\n|rule|HP Percentage Mod: HP is shown in percentages\n|rule|Sleep Clause Mod: Limit one foe put to sleep\n|rule|Illusion Level Mod: Illusion disguises the Pok\u00e9mon's true level\n|\n|t:|1781383361\n|teamsize|p1|6\n|teamsize|p2|6\n|start\n|switch|p1a: Zarude|Zarude, L77|288/288\n|switch|p2a: Kingambit|Kingambit, L74, M|270/270\n|turn|1\n|inactive|Battle timer is ON: inactive players will automatically lose when time's up. (requested by Pokeoke)\n|\n|t:|1781383391\n|-end|p2a: Kingambit|fallenundefined|[silent]\n|switch|p2a: Vespiquen|Vespiquen, L99, F|299/299\n|-ability|p2a: Vespiquen|Pressure\n|move|p1a: Zarude|Close Combat|p2a: Vespiquen\n|-resisted|p2a: Vespiquen\n|-damage|p2a: Vespiquen|276/299\n|-unboost|p1a: Zarude|def|1\n|-unboost|p1a: Zarude|spd|1\n|\n|upkeep\n|turn|2\n|\n|t:|1781383403\n|switch|p1a: Terrakion|Terrakion, L79|273/273\n|move|p2a: Vespiquen|Spikes|p1a: Terrakion\n|-sidestart|p1: Pokeoke|Spikes\n|\n|upkeep\n|turn|3\n|\n|t:|1781383423\n|move|p1a: Terrakion|Stone Edge|p2a: Vespiquen\n|-supereffective|p2a: Vespiquen\n|-crit|p2a: Vespiquen\n|-damage|p2a: Vespiquen|0 fnt\n|faint|p2a: Vespiquen\n|-damage|p1a: Terrakion|246/273|[from] item: Life Orb\n|\n|upkeep\n|\n|t:|1781383429\n|switch|p2a: Walking Wake|Walking Wake, L79|286/286\n|turn|4\n|\n|t:|1781383436\n|switch|p1a: Lugia|Lugia, L73|275/275\n|move|p2a: Walking Wake|Sunny Day|p2a: Walking Wake\n|-weather|SunnyDay\n|-activate|p2a: Walking Wake|ability: Protosynthesis\n|-start|p2a: Walking Wake|protosynthesisspa\n|\n|-weather|SunnyDay|[upkeep]\n|upkeep\n|turn|5\n|\n|t:|1781383441\n|move|p2a: Walking Wake|Hydro Steam|p1a: Lugia\n|-damage|p1a: Lugia|191/275\n|-damage|p2a: Walking Wake|258/286|[from] item: Life Orb\n|move|p1a: Lugia|Recover|p1a: Lugia\n|-heal|p1a: Lugia|275/275\n|\n|-weather|SunnyDay|[upkeep]\n|upkeep\n|turn|6\n|\n|t:|1781383448\n|-end|p2a: Walking Wake|Protosynthesis|[silent]\n|switch|p2a: Tinkaton|Tinkaton, L82, F|274/274\n|-ability|p2a: Tinkaton|Mold Breaker\n|move|p1a: Lugia|Calm Mind|p1a: Lugia\n|-boost|p1a: Lugia|spa|1\n|-boost|p1a: Lugia|spd|1\n|\n|-weather|SunnyDay|[upkeep]\n|upkeep\n|turn|7\n|\n|t:|1781383454\n|move|p1a: Lugia|Earth Power|p2a: Tinkaton\n|-supereffective|p2a: Tinkaton\n|-damage|p2a: Tinkaton|152/274\n|-unboost|p2a: Tinkaton|spd|1\n|move|p2a: Tinkaton|Stealth Rock|p1a: Lugia\n|-sidestart|p1: Pokeoke|move: Stealth Rock\n|\n|-weather|SunnyDay|[upkeep]\n|-heal|p2a: Tinkaton|169/274|[from] item: Leftovers\n|upkeep\n|turn|8\n|\n|t:|1781383458\n|move|p1a: Lugia|Earth Power|p2a: Tinkaton\n|-supereffective|p2a: Tinkaton\n|-damage|p2a: Tinkaton|0 fnt\n|faint|p2a: Tinkaton\n|\n|-weather|none\n|upkeep\n|\n|t:|1781383467\n|switch|p2a: Kingambit|Kingambit, L74, M|270/270\n|-activate|p2a: Kingambit|ability: Supreme Overlord\n|-start|p2a: Kingambit|fallen2|[silent]\n|turn|9\n|\n|t:|1781383477\n|-terastallize|p2a: Kingambit|Dark\n|move|p1a: Lugia|Earth Power|p2a: Kingambit\n|-damage|p2a: Kingambit|193/270\n|move|p2a: Kingambit|Kowtow Cleave|p1a: Lugia\n|-supereffective|p1a: Lugia\n|-damage|p1a: Lugia|141/275\n|\n|-heal|p2a: Kingambit|209/270|[from] item: Leftovers\n|upkeep\n|turn|10\n|\n|t:|1781383483\n|move|p1a: Lugia|Recover|p1a: Lugia\n|-heal|p1a: Lugia|275/275\n|move|p2a: Kingambit|Swords Dance|p2a: Kingambit\n|-boost|p2a: Kingambit|atk|2\n|\n|-heal|p2a: Kingambit|225/270|[from] item: Leftovers\n|upkeep\n|turn|11\n|\n|t:|1781383485\n|move|p1a: Lugia|Aeroblast|p2a: Kingambit\n|-crit|p2a: Kingambit\n|-damage|p2a: Kingambit|32/270\n|move|p2a: Kingambit|Kowtow Cleave|p1a: Lugia\n|-supereffective|p1a: Lugia\n|-damage|p1a: Lugia|27/275\n|\n|-heal|p2a: Kingambit|48/270|[from] item: Leftovers\n|upkeep\n|turn|12\n|\n|t:|1781383488\n|move|p1a: Lugia|Aeroblast|p2a: Kingambit\n|-damage|p2a: Kingambit|0 fnt\n|faint|p2a: Kingambit\n|-end|p2a: Kingambit|fallen2|[silent]\n|\n|upkeep\n|-message|II Armando II forfeited.\n|\n|win|Pokeoke\n|raw|Pokeoke's rating: 2062 &rarr; <strong>2086</strong><br />(+24 for winning)\n|raw|II Armando II's rating: 2129 &rarr; <strong>2105</strong><br />(-24 for losing)\n", "inputlog": ">version a8376a258c1d4662feba110a92103f3664a72141\n>start {\"formatid\":\"gen9randombattle\",\"seed\":\"sodium,4b38f23e8787e86c5da597fc2db9d506\",\"rated\":\"Rated battle\"}\n>player p1 {\"name\":\"Pokeoke\",\"avatar\":\"101\",\"rating\":2062,\"seed\":\"sodium,90593a7e73278e6cebad3a161df41774\"}\n>player p2 {\"name\":\"II Armando II\",\"avatar\":\"hilbert\",\"rating\":2129,\"seed\":\"sodium,b70b69040308fee635e933861bb6f241\"}\n>p1 move closecombat\n>p2 switch 4\n>p1 switch 5\n>p2 move spikes\n>p1 move stoneedge\n>p2 move toxic\n>p2 switch 2\n>p1 switch 4\n>p2 move sunnyday\n>p1 move recover\n>p2 move hydrosteam\n>p1 move calmmind\n>p2 switch 6\n>p1 move earthpower\n>p2 move stealthrock\n>p1 move earthpower\n>p2 move knockoff\n>p2 switch 4\n>p1 move earthpower\n>p2 move kowtowcleave terastallize\n>p1 move recover\n>p2 move swordsdance\n>p1 move aeroblast\n>p2 move kowtowcleave\n>p1 move aeroblast\n>p2 move kowtowcleave\n>forcelose p2", "uploadtime": 1781383363, "views": 11, "formatid": "gen9randombattle", "rating": 2086, "private": 0, "password": null}