{"id": "gen9randombattle-2631844962", "format": "[Gen 9] Random Battle", "players": ["iseeY0shi", "Ivar57"], "log": "|j|\u2606iseeY0shi\n|j|\u2606Ivar57\n|t:|1781447356\n|gametype|singles\n|player|p1|iseeY0shi|2|2195\n|player|p2|Ivar57|#omclihearttakers|2285\n|gen|9\n|tier|[Gen 9] Random Battle\n|rated|\n|rule|Species Clause: Limit one of each Pok\u00e9mon\n|rule|HP Percentage Mod: HP is shown in percentages\n|rule|Sleep Clause Mod: Limit one foe put to sleep\n|rule|Illusion Level Mod: Illusion disguises the Pok\u00e9mon's true level\n|\n|t:|1781447356\n|teamsize|p1|6\n|teamsize|p2|6\n|start\n|switch|p1a: Ogerpon|Ogerpon-Hearthflame, L74, F|239/239\n|switch|p2a: Chansey|Chansey, L85, F|564/564\n|-ability|p1a: Ogerpon|Mold Breaker\n|turn|1\n|inactive|Battle timer is ON: inactive players will automatically lose when time's up. (requested by iseeY0shi)\n|\n|t:|1781447388\n|switch|p1a: Piloswine|Piloswine, L85, M|309/309\n|move|p2a: Chansey|Thunder Wave|p1a: Piloswine\n|-immune|p1a: Piloswine\n|\n|upkeep\n|turn|2\n|\n|t:|1781447393\n|move|p2a: Chansey|Stealth Rock|p1a: Piloswine\n|-sidestart|p1: iseeY0shi|move: Stealth Rock\n|move|p1a: Piloswine|Stealth Rock|p2a: Chansey\n|-sidestart|p2: Ivar57|move: Stealth Rock\n|\n|upkeep\n|turn|3\n|inactive|Ivar57 has 120 seconds left.\n|\n|t:|1781447431\n|move|p1a: Piloswine|Icicle Crash|p2a: Chansey\n|-damage|p2a: Chansey|356/564\n|move|p2a: Chansey|Seismic Toss|p1a: Piloswine\n|-damage|p1a: Piloswine|224/309\n|\n|upkeep\n|turn|4\n|inactive|Ivar57 has 120 seconds left.\n|\n|t:|1781447437\n|move|p1a: Piloswine|Earthquake|p2a: Chansey\n|-damage|p2a: Chansey|113/564\n|move|p2a: Chansey|Soft-Boiled|p2a: Chansey\n|-heal|p2a: Chansey|395/564\n|\n|upkeep\n|turn|5\n|\n|t:|1781447446\n|move|p1a: Piloswine|Earthquake|p2a: Chansey\n|-damage|p2a: Chansey|121/564\n|move|p2a: Chansey|Soft-Boiled|p2a: Chansey\n|-heal|p2a: Chansey|403/564\n|\n|upkeep\n|turn|6\n|\n|t:|1781447450\n|move|p1a: Piloswine|Earthquake|p2a: Chansey\n|-damage|p2a: Chansey|151/564\n|move|p2a: Chansey|Soft-Boiled|p2a: Chansey\n|-heal|p2a: Chansey|433/564\n|\n|upkeep\n|turn|7\n|\n|t:|1781447455\n|move|p1a: Piloswine|Earthquake|p2a: Chansey\n|-crit|p2a: Chansey\n|-damage|p2a: Chansey|73/564\n|move|p2a: Chansey|Soft-Boiled|p2a: Chansey\n|-heal|p2a: Chansey|355/564\n|\n|upkeep\n|turn|8\n|\n|t:|1781447461\n|move|p2a: Chansey|Soft-Boiled|p2a: Chansey\n|-heal|p2a: Chansey|564/564\n|move|p1a: Piloswine|Earthquake|p2a: Chansey\n|-damage|p2a: Chansey|287/564\n|\n|upkeep\n|turn|9\n|\n|t:|1781447466\n|move|p2a: Chansey|Soft-Boiled|p2a: Chansey\n|-heal|p2a: Chansey|564/564\n|move|p1a: Piloswine|Earthquake|p2a: Chansey\n|-damage|p2a: Chansey|302/564\n|\n|upkeep\n|turn|10\n|\n|t:|1781447468\n|move|p1a: Piloswine|Earthquake|p2a: Chansey\n|-damage|p2a: Chansey|50/564\n|move|p2a: Chansey|Seismic Toss|p1a: Piloswine\n|-damage|p1a: Piloswine|139/309\n|\n|upkeep\n|turn|11\n|\n|t:|1781447473\n|move|p1a: Piloswine|Ice Shard|p2a: Chansey\n|-damage|p2a: Chansey|0 fnt\n|faint|p2a: Chansey\n|\n|upkeep\n|\n|t:|1781447477\n|switch|p2a: Barraskewda|Barraskewda, L81, F|231/231\n|-damage|p2a: Barraskewda|203/231|[from] Stealth Rock\n|turn|12\n|\n|t:|1781447481\n|switch|p1a: Dewgong|Dewgong, L94, F|322/322\n|move|p2a: Barraskewda|Flip Turn|p1a: Dewgong\n|-resisted|p1a: Dewgong\n|-damage|p1a: Dewgong|268/322\n|\n|t:|1781447488\n|switch|p2a: Okidogi|Okidogi, L77, M|262/262|[from] Flip Turn\n|-damage|p2a: Okidogi|246/262|[from] Stealth Rock\n|\n|upkeep\n|turn|13\n|\n|t:|1781447497\n|move|p1a: Dewgong|Surf|p2a: Okidogi\n|-damage|p2a: Okidogi|170/262\n|move|p2a: Okidogi|Knock Off|p1a: Dewgong\n|-damage|p1a: Dewgong|205/322\n|-enditem|p1a: Dewgong|Heavy-Duty Boots|[from] move: Knock Off|[of] p2a: Okidogi\n|\n|upkeep\n|turn|14\n|\n|t:|1781447504\n|move|p1a: Dewgong|Encore|p2a: Okidogi\n|-start|p2a: Okidogi|Encore\n|move|p2a: Okidogi|Knock Off|p1a: Dewgong\n|-damage|p1a: Dewgong|160/322\n|-status|p1a: Dewgong|tox|[from] ability: Toxic Chain|[of] p2a: Okidogi\n|\n|-damage|p1a: Dewgong|140/322 tox|[from] psn\n|upkeep\n|turn|15\n|inactive|Ivar57 has 120 seconds left.\n|\n|t:|1781447544\n|move|p1a: Dewgong|Ice Beam|p2a: Okidogi\n|-damage|p2a: Okidogi|106/262\n|move|p2a: Okidogi|Knock Off|p1a: Dewgong\n|-damage|p1a: Dewgong|89/322 tox\n|\n|-damage|p1a: Dewgong|49/322 tox|[from] psn\n|upkeep\n|turn|16\n|\n|t:|1781447553\n|move|p1a: Dewgong|Ice Beam|p2a: Okidogi\n|-damage|p2a: Okidogi|36/262\n|move|p2a: Okidogi|Knock Off|p1a: Dewgong\n|-damage|p1a: Dewgong|1/322 tox\n|\n|-damage|p1a: Dewgong|0 fnt|[from] psn\n|faint|p1a: Dewgong\n|-end|p2a: Okidogi|Encore\n|upkeep\n|\n|t:|1781447576\n|switch|p1a: Piloswine|Piloswine, L85, M|139/309\n|-damage|p1a: Piloswine|101/309|[from] Stealth Rock\n|turn|17\n|inactive|Ivar57 has 120 seconds left.\n|\n|t:|1781447595\n|move|p1a: Piloswine|Ice Shard|p2a: Okidogi\n|-damage|p2a: Okidogi|0 fnt\n|faint|p2a: Okidogi\n|\n|upkeep\n|\n|t:|1781447598\n|switch|p2a: Barraskewda|Barraskewda, L81, F|203/231\n|-damage|p2a: Barraskewda|175/231|[from] Stealth Rock\n|turn|18\n|\n|t:|1781447602\n|move|p2a: Barraskewda|Flip Turn|p1a: Piloswine\n|-supereffective|p1a: Piloswine\n|-damage|p1a: Piloswine|0 fnt\n|faint|p1a: Piloswine\n|\n|t:|1781447608\n|switch|p2a: Articuno|Articuno-Galar, L84|288/288|[from] Flip Turn\n|\n|upkeep\n|\n|t:|1781447613\n|switch|p1a: Banette|Banette, L93, F|270/270\n|-damage|p1a: Banette|237/270|[from] Stealth Rock\n|turn|19\n|\n|t:|1781447623\n|switch|p2a: Piloswine|Piloswine, L85, M|309/309\n|-damage|p2a: Piloswine|271/309|[from] Stealth Rock\n|move|p1a: Banette|Poltergeist|p2a: Piloswine\n|-activate|p2a: Piloswine|move: Poltergeist|Eviolite\n|-damage|p2a: Piloswine|127/309\n|-damage|p1a: Banette|210/270|[from] item: Life Orb\n|\n|upkeep\n|turn|20\n|\n|t:|1781447632\n|move|p2a: Piloswine|Ice Shard|p1a: Banette\n|-damage|p1a: Banette|162/270\n|move|p1a: Banette|Poltergeist|p2a: Piloswine\n|-activate|p2a: Piloswine|move: Poltergeist|Eviolite\n|-damage|p2a: Piloswine|0 fnt\n|faint|p2a: Piloswine\n|-damage|p1a: Banette|135/270|[from] item: Life Orb\n|\n|upkeep\n|\n|t:|1781447645\n|switch|p2a: Barraskewda|Barraskewda, L81, F|175/231\n|-damage|p2a: Barraskewda|147/231|[from] Stealth Rock\n|turn|21\n|\n|t:|1781447650\n|move|p1a: Banette|Shadow Sneak|p2a: Barraskewda\n|-damage|p2a: Barraskewda|38/231\n|-damage|p1a: Banette|108/270|[from] item: Life Orb\n|move|p2a: Barraskewda|Waterfall|p1a: Banette\n|-damage|p1a: Banette|0 fnt\n|faint|p1a: Banette\n|\n|upkeep\n|\n|t:|1781447657\n|switch|p1a: Electrode|Electrode, L92|260/260\n|-damage|p1a: Electrode|228/260|[from] Stealth Rock\n|turn|22\n|\n|t:|1781447662\n|move|p1a: Electrode|Thunderbolt|p2a: Barraskewda\n|-supereffective|p2a: Barraskewda\n|-damage|p2a: Barraskewda|0 fnt\n|faint|p2a: Barraskewda\n|\n|-heal|p1a: Electrode|244/260|[from] item: Leftovers\n|upkeep\n|\n|t:|1781447669\n|switch|p2a: Articuno|Articuno-Galar, L84|288/288\n|turn|23\n|\n|t:|1781447684\n|-terastallize|p2a: Articuno|Steel\n|move|p1a: Electrode|Thunder Wave|p2a: Articuno\n|-status|p2a: Articuno|par\n|move|p2a: Articuno|Freezing Glare|p1a: Electrode\n|-damage|p1a: Electrode|139/260\n|\n|-heal|p1a: Electrode|155/260|[from] item: Leftovers\n|upkeep\n|turn|24\n|\n|t:|1781447693\n|move|p1a: Electrode|Taunt|p2a: Articuno\n|-start|p2a: Articuno|move: Taunt\n|cant|p2a: Articuno|par\n|\n|-heal|p1a: Electrode|171/260|[from] item: Leftovers\n|upkeep\n|turn|25\n|\n|t:|1781447698\n|switch|p1a: Delphox|Delphox, L84, M|263/263\n|move|p2a: Articuno|Freezing Glare|p1a: Delphox\n|-resisted|p1a: Delphox\n|-damage|p1a: Delphox|206/263\n|\n|upkeep\n|turn|26\n|\n|t:|1781447705\n|switch|p2a: Iron Bundle|Iron Bundle, L78|215/215\n|-damage|p2a: Iron Bundle|162/215|[from] Stealth Rock\n|move|p1a: Delphox|Nasty Plot|p1a: Delphox\n|-boost|p1a: Delphox|spa|2\n|\n|upkeep\n|turn|27\n|\n|t:|1781447714\n|move|p2a: Iron Bundle|Hydro Pump|p1a: Delphox\n|-supereffective|p1a: Delphox\n|-crit|p1a: Delphox\n|-damage|p1a: Delphox|0 fnt\n|faint|p1a: Delphox\n|\n|upkeep\n|\n|t:|1781447715\n|switch|p1a: Electrode|Electrode, L92|171/260\n|-damage|p1a: Electrode|139/260|[from] Stealth Rock\n|turn|28\n|\n|t:|1781447719\n|-end|p2a: Iron Bundle|Quark Drive|[silent]\n|switch|p2a: Articuno|Articuno-Galar, L84, tera:Steel|288/288 par\n|-terastallize|p1a: Electrode|Electric\n|move|p1a: Electrode|Thunderbolt|p2a: Articuno\n|-damage|p2a: Articuno|178/288 par\n|\n|-heal|p1a: Electrode|155/260|[from] item: Leftovers\n|upkeep\n|turn|29\n|\n|t:|1781447723\n|move|p1a: Electrode|Thunderbolt|p2a: Articuno\n|-damage|p2a: Articuno|64/288 par\n|cant|p2a: Articuno|par\n|\n|-heal|p1a: Electrode|171/260|[from] item: Leftovers\n|upkeep\n|turn|30\n|-message|Ivar57 forfeited.\n|\n|win|iseeY0shi\n", "inputlog": ">version a8376a258c1d4662feba110a92103f3664a72141\n>start {\"formatid\":\"gen9randombattle\",\"seed\":\"sodium,484c3dc594e7480717ac54b8e377a4e2\",\"rated\":\"Rated battle\"}\n>player p1 {\"name\":\"iseeY0shi\",\"avatar\":\"2\",\"rating\":2195,\"seed\":\"sodium,a6782469f056d68456ee28cfe86a83da\"}\n>player p2 {\"name\":\"Ivar57\",\"avatar\":\"#omclihearttakers\",\"rating\":2285,\"seed\":\"sodium,35e6a74d10568cfe4ff4e5c1d7ceb43c\"}\n>p1 switch 2\n>p2 move thunderwave\n>p1 move stealthrock\n>p2 move stealthrock\n>p1 move iciclecrash\n>p2 move seismictoss\n>p1 move earthquake\n>p2 move softboiled\n>p1 move earthquake\n>p2 move softboiled\n>p1 move earthquake\n>p2 move softboiled\n>p1 move earthquake\n>p2 move softboiled\n>p1 move earthquake\n>p2 move softboiled\n>p1 move earthquake\n>p2 move softboiled\n>p1 move earthquake\n>p2 move seismictoss\n>p1 move iceshard\n>p2 move seismictoss\n>p2 switch 5\n>p1 switch 4\n>p2 move flipturn\n>p2 switch 2\n>p1 move surf\n>p2 move knockoff\n>p1 move encore\n>p2 move drainpunch\n>p1 move icebeam\n>p2 move knockoff\n>p1 move icebeam\n>p2 move knockoff\n>p1 switch 4\n>p1 move iceshard\n>p2 move drainpunch\n>p2 switch 2\n>p1 move earthquake\n>p2 move flipturn\n>p2 switch 6\n>p1 switch 6\n>p1 move poltergeist\n>p2 switch 3\n>p1 move poltergeist\n>p2 move iceshard\n>p2 switch 6\n>p1 move shadowsneak\n>p2 move waterfall\n>p1 switch 5\n>p1 move thunderbolt\n>p2 move waterfall\n>p2 switch 3\n>p1 move thunderwave\n>p2 move freezingglare terastallize\n>p1 move taunt\n>p2 move freezingglare\n>p1 switch 3\n>p2 move freezingglare\n>p1 move nastyplot\n>p2 switch 4\n>p1 move fireblast\n>p2 move hydropump\n>p1 switch 3\n>p1 move thunderbolt terastallize\n>p2 switch 4\n>p1 move thunderbolt\n>p2 move freezingglare\n>forcelose p2", "uploadtime": 1781447357, "views": 4, "formatid": "gen9randombattle", "rating": null, "private": 0, "password": null}