{"id": "gen9randombattle-2631438353", "format": "[Gen 9] Random Battle", "players": ["moritzvb", "nocomment3"], "log": "|j|\u2606moritzvb\n|j|\u2606nocomment3\n|t:|1781384689\n|gametype|singles\n|player|p1|moritzvb|ariana|2183\n|player|p2|nocomment3|2|2122\n|gen|9\n|tier|[Gen 9] Random Battle\n|rated|\n|rule|Species Clause: Limit one of each Pok\u00e9mon\n|rule|HP Percentage Mod: HP is shown in percentages\n|rule|Sleep Clause Mod: Limit one foe put to sleep\n|rule|Illusion Level Mod: Illusion disguises the Pok\u00e9mon's true level\n|\n|t:|1781384689\n|teamsize|p1|6\n|teamsize|p2|6\n|start\n|switch|p1a: Gyarados|Gyarados, L79, F|280/280\n|switch|p2a: Pawmot|Pawmot, L80, M|243/243\n|turn|1\n|\n|t:|1781384704\n|switch|p2a: Leavanny|Leavanny, L86, F|269/269\n|switch|p1a: Piloswine|Piloswine, L85, M|309/309\n|\n|upkeep\n|turn|2\n|\n|t:|1781384710\n|move|p2a: Leavanny|Knock Off|p1a: Piloswine\n|-damage|p1a: Piloswine|252/309\n|-enditem|p1a: Piloswine|Eviolite|[from] move: Knock Off|[of] p2a: Leavanny\n|move|p1a: Piloswine|Stealth Rock|p2a: Leavanny\n|-sidestart|p2: nocomment3|move: Stealth Rock\n|\n|upkeep\n|turn|3\n|\n|t:|1781384719\n|move|p2a: Leavanny|Bullet Seed|p1a: Piloswine\n|-supereffective|p1a: Piloswine\n|-damage|p1a: Piloswine|186/309\n|-supereffective|p1a: Piloswine\n|-damage|p1a: Piloswine|126/309\n|-supereffective|p1a: Piloswine\n|-damage|p1a: Piloswine|64/309\n|-supereffective|p1a: Piloswine\n|-damage|p1a: Piloswine|2/309\n|-supereffective|p1a: Piloswine\n|-crit|p1a: Piloswine\n|-damage|p1a: Piloswine|0 fnt\n|faint|p1a: Piloswine\n|-hitcount|p1: Piloswine|5\n|\n|upkeep\n|\n|t:|1781384733\n|switch|p1a: Frosmoth|Frosmoth, L82, M|249/249\n|turn|4\n|\n|t:|1781384744\n|move|p2a: Leavanny|Knock Off|p1a: Frosmoth\n|-damage|p1a: Frosmoth|153/249\n|-enditem|p1a: Frosmoth|Heavy-Duty Boots|[from] move: Knock Off|[of] p2a: Leavanny\n|move|p1a: Frosmoth|Quiver Dance|p1a: Frosmoth\n|-boost|p1a: Frosmoth|spa|1\n|-boost|p1a: Frosmoth|spd|1\n|-boost|p1a: Frosmoth|spe|1\n|\n|upkeep\n|turn|5\n|\n|t:|1781384750\n|move|p1a: Frosmoth|Ice Beam|p2a: Leavanny\n|-supereffective|p2a: Leavanny\n|-damage|p2a: Leavanny|0 fnt\n|faint|p2a: Leavanny\n|\n|upkeep\n|\n|t:|1781384752\n|switch|p2a: Dragapult|Dragapult, L77, M|262/262\n|-damage|p2a: Dragapult|230/262|[from] Stealth Rock\n|turn|6\n|\n|t:|1781384759\n|-terastallize|p1a: Frosmoth|Water\n|move|p2a: Dragapult|Dragon Darts|p1a: Frosmoth\n|-damage|p1a: Frosmoth|58/249\n|-anim|p2a: Dragapult|Dragon Darts|p1a: Frosmoth\n|-damage|p1a: Frosmoth|0 fnt\n|faint|p1a: Frosmoth\n|-damage|p2a: Dragapult|204/262|[from] item: Life Orb\n|\n|upkeep\n|\n|t:|1781384769\n|switch|p1a: Garganacl|Garganacl, L80, M|291/291\n|turn|7\n|\n|t:|1781384785\n|move|p2a: Dragapult|Dragon Darts|p1a: Garganacl\n|-damage|p1a: Garganacl|240/291\n|-anim|p2a: Dragapult|Dragon Darts|p1a: Garganacl\n|-damage|p1a: Garganacl|184/291\n|-damage|p2a: Dragapult|178/262|[from] item: Life Orb\n|move|p1a: Garganacl|Salt Cure|p2a: Dragapult\n|-damage|p2a: Dragapult|127/262\n|-start|p2a: Dragapult|Salt Cure\n|\n|-heal|p1a: Garganacl|202/291|[from] item: Leftovers\n|-damage|p2a: Dragapult|95/262|[from] Salt Cure\n|upkeep\n|turn|8\n|\n|t:|1781384792\n|move|p2a: Dragapult|Dragon Dance|p2a: Dragapult\n|-boost|p2a: Dragapult|atk|1\n|-boost|p2a: Dragapult|spe|1\n|move|p1a: Garganacl|Iron Defense|p1a: Garganacl\n|-boost|p1a: Garganacl|def|2\n|\n|-heal|p1a: Garganacl|220/291|[from] item: Leftovers\n|-damage|p2a: Dragapult|63/262|[from] Salt Cure\n|upkeep\n|turn|9\n|\n|t:|1781384809\n|move|p2a: Dragapult|Dragon Darts|p1a: Garganacl\n|-damage|p1a: Garganacl|180/291\n|-anim|p2a: Dragapult|Dragon Darts|p1a: Garganacl\n|-crit|p1a: Garganacl\n|-damage|p1a: Garganacl|63/291\n|-damage|p2a: Dragapult|37/262|[from] item: Life Orb\n|move|p1a: Garganacl|Recover|p1a: Garganacl\n|-heal|p1a: Garganacl|209/291\n|\n|-heal|p1a: Garganacl|227/291|[from] item: Leftovers\n|-damage|p2a: Dragapult|5/262|[from] Salt Cure\n|upkeep\n|turn|10\n|\n|t:|1781384816\n|move|p2a: Dragapult|Dragon Darts|p1a: Garganacl\n|-damage|p1a: Garganacl|188/291\n|-anim|p2a: Dragapult|Dragon Darts|p1a: Garganacl\n|-damage|p1a: Garganacl|145/291\n|-damage|p2a: Dragapult|0 fnt|[from] item: Life Orb\n|faint|p2a: Dragapult\n|move|p1a: Garganacl|Iron Defense|p1a: Garganacl\n|-boost|p1a: Garganacl|def|2\n|\n|-heal|p1a: Garganacl|163/291|[from] item: Leftovers\n|upkeep\n|\n|t:|1781384819\n|switch|p2a: Misdreavus|Misdreavus, L90, M|254/254\n|-damage|p2a: Misdreavus|223/254|[from] Stealth Rock\n|turn|11\n|\n|t:|1781384824\n|move|p2a: Misdreavus|Calm Mind|p2a: Misdreavus\n|-boost|p2a: Misdreavus|spa|1\n|-boost|p2a: Misdreavus|spd|1\n|move|p1a: Garganacl|Salt Cure|p2a: Misdreavus\n|-damage|p2a: Misdreavus|187/254\n|-start|p2a: Misdreavus|Salt Cure\n|\n|-heal|p1a: Garganacl|181/291|[from] item: Leftovers\n|-damage|p2a: Misdreavus|156/254|[from] Salt Cure\n|upkeep\n|turn|12\n|\n|t:|1781384827\n|move|p2a: Misdreavus|Calm Mind|p2a: Misdreavus\n|-boost|p2a: Misdreavus|spa|1\n|-boost|p2a: Misdreavus|spd|1\n|move|p1a: Garganacl|Recover|p1a: Garganacl\n|-heal|p1a: Garganacl|291/291\n|\n|-damage|p2a: Misdreavus|125/254|[from] Salt Cure\n|upkeep\n|turn|13\n|\n|t:|1781384832\n|move|p2a: Misdreavus|Calm Mind|p2a: Misdreavus\n|-boost|p2a: Misdreavus|spa|1\n|-boost|p2a: Misdreavus|spd|1\n|move|p1a: Garganacl|Salt Cure|p2a: Misdreavus\n|-damage|p2a: Misdreavus|91/254\n|\n|-damage|p2a: Misdreavus|60/254|[from] Salt Cure\n|upkeep\n|turn|14\n|\n|t:|1781384836\n|-terastallize|p2a: Misdreavus|Fairy\n|move|p2a: Misdreavus|Draining Kiss|p1a: Garganacl\n|-damage|p1a: Garganacl|123/291\n|-heal|p2a: Misdreavus|186/254|[from] drain|[of] p1a: Garganacl\n|move|p1a: Garganacl|Recover|p1a: Garganacl\n|-heal|p1a: Garganacl|269/291\n|\n|-heal|p1a: Garganacl|287/291|[from] item: Leftovers\n|-damage|p2a: Misdreavus|155/254|[from] Salt Cure\n|upkeep\n|turn|15\n|\n|t:|1781384843\n|move|p2a: Misdreavus|Draining Kiss|p1a: Garganacl\n|-damage|p1a: Garganacl|101/291\n|-heal|p2a: Misdreavus|254/254|[from] drain|[of] p1a: Garganacl\n|move|p1a: Garganacl|Body Press|p2a: Misdreavus\n|-resisted|p2a: Misdreavus\n|-damage|p2a: Misdreavus|177/254\n|\n|-heal|p1a: Garganacl|119/291|[from] item: Leftovers\n|-damage|p2a: Misdreavus|146/254|[from] Salt Cure\n|upkeep\n|turn|16\n|\n|t:|1781384853\n|move|p2a: Misdreavus|Draining Kiss|p1a: Garganacl\n|-damage|p1a: Garganacl|0 fnt\n|-heal|p2a: Misdreavus|235/254|[from] drain|[of] p1a: Garganacl\n|faint|p1a: Garganacl\n|\n|-damage|p2a: Misdreavus|204/254|[from] Salt Cure\n|upkeep\n|\n|t:|1781384867\n|switch|p1a: Deoxys|Deoxys-Defense, L84|221/221\n|-ability|p1a: Deoxys|Pressure\n|turn|17\n|\n|t:|1781384870\n|move|p2a: Misdreavus|Shadow Ball|p1a: Deoxys\n|-supereffective|p1a: Deoxys\n|-damage|p1a: Deoxys|0 fnt\n|faint|p1a: Deoxys\n|\n|-damage|p2a: Misdreavus|173/254|[from] Salt Cure\n|upkeep\n|-message|moritzvb forfeited.\n|\n|win|nocomment3\n|raw|moritzvb's rating: 2183 &rarr; <strong>2160</strong><br />(-23 for losing)\n|raw|nocomment3's rating: 2122 &rarr; <strong>2145</strong><br />(+23 for winning)\n", "inputlog": ">version a8376a258c1d4662feba110a92103f3664a72141\n>start {\"formatid\":\"gen9randombattle\",\"seed\":\"sodium,688b1194041005b680cfdb1c2010f1b4\",\"rated\":\"Rated battle\"}\n>player p1 {\"name\":\"moritzvb\",\"avatar\":\"ariana\",\"rating\":2183,\"seed\":\"sodium,7af9f98c28cf314b99c90eded552baa6\"}\n>player p2 {\"name\":\"nocomment3\",\"avatar\":\"2\",\"rating\":2122,\"seed\":\"sodium,229cca6e3277029f2b28eb2a05c7787d\"}\n>p1 switch 4\n>p2 switch 3\n>p1 move stealthrock\n>p2 move knockoff\n>p1 move iciclecrash\n>p2 move bulletseed\n>p1 switch 2\n>p1 move quiverdance\n>p2 move knockoff\n>p1 move icebeam\n>p2 move knockoff\n>p2 switch 6\n>p1 move quiverdance terastallize\n>p2 move dragondarts\n>p1 switch 6\n>p1 move saltcure\n>p2 move dragondarts\n>p1 move irondefense\n>p2 move dragondance\n>p1 move recover\n>p2 move dragondarts\n>p1 move irondefense\n>p2 move dragondarts\n>p2 switch 5\n>p1 move saltcure\n>p2 move calmmind\n>p1 move recover\n>p2 move calmmind\n>p1 move saltcure\n>p2 move calmmind\n>p1 move recover\n>p2 move drainingkiss terastallize\n>p1 move bodypress\n>p2 move drainingkiss\n>p1 move recover\n>p2 move drainingkiss\n>p1 switch 3\n>p1 move nightshade\n>p2 move shadowball\n>forcelose p1", "uploadtime": 1781384692, "views": 12, "formatid": "gen9randombattle", "rating": 2145, "private": 0, "password": null}