{"id": "gen9randombattle-2631598823", "format": "[Gen 9] Random Battle", "players": ["Dezurom", "trackfire"], "log": "|j|\u2606Dezurom\n|j|\u2606trackfire\n|t:|1781406708\n|gametype|singles\n|player|p1|Dezurom|steven|1650\n|player|p2|trackfire|102|1666\n|gen|9\n|tier|[Gen 9] Random Battle\n|rated|\n|rule|Species Clause: Limit one of each Pok\u00e9mon\n|rule|HP Percentage Mod: HP is shown in percentages\n|rule|Sleep Clause Mod: Limit one foe put to sleep\n|rule|Illusion Level Mod: Illusion disguises the Pok\u00e9mon's true level\n|\n|t:|1781406708\n|teamsize|p1|6\n|teamsize|p2|6\n|start\n|switch|p1a: Typhlosion|Typhlosion, L84, F|267/267\n|switch|p2a: Hydrapple|Hydrapple, L83, F|312/312\n|turn|1\n|inactive|Battle timer is ON: inactive players will automatically lose when time's up. (requested by trackfire)\n|\n|t:|1781406719\n|move|p1a: Typhlosion|Eruption|p2a: Hydrapple\n|-damage|p2a: Hydrapple|42/312\n|move|p2a: Hydrapple|Earth Power|p1a: Typhlosion\n|-supereffective|p1a: Typhlosion\n|-damage|p1a: Typhlosion|37/267\n|\n|upkeep\n|turn|2\n|\n|t:|1781406732\n|switch|p1a: Leavanny|Leavanny, L86, M|269/269\n|switch|p2a: Raikou|Raikou, L81|278/278\n|-ability|p2a: Raikou|Pressure\n|\n|upkeep\n|turn|3\n|\n|t:|1781406751\n|move|p2a: Raikou|Volt Switch|p1a: Leavanny\n|-resisted|p1a: Leavanny\n|-damage|p1a: Leavanny|209/269\n|\n|t:|1781406758\n|switch|p2a: Toucannon|Toucannon, L88, F|284/284|[from] Volt Switch\n|move|p1a: Leavanny|Sticky Web|p2a: Toucannon\n|-sidestart|p2: trackfire|move: Sticky Web\n|\n|upkeep\n|turn|4\n|\n|t:|1781406772\n|-singleturn|p2a: Toucannon|move: Beak Blast\n|move|p1a: Leavanny|Knock Off|p2a: Toucannon\n|-damage|p2a: Toucannon|205/284\n|-status|p1a: Leavanny|brn\n|-enditem|p2a: Toucannon|Heavy-Duty Boots|[from] move: Knock Off|[of] p1a: Leavanny\n|move|p2a: Toucannon|Beak Blast|p1a: Leavanny\n|-supereffective|p1a: Leavanny\n|-damage|p1a: Leavanny|0 fnt\n|faint|p1a: Leavanny\n|\n|upkeep\n|\n|t:|1781406784\n|switch|p1a: Azelf|Azelf, L82|257/257\n|turn|5\n|\n|t:|1781406804\n|switch|p2a: Qwilfish|Qwilfish-Hisui, L83, F|244/244\n|-activate|p2a: Qwilfish|move: Sticky Web\n|-unboost|p2a: Qwilfish|spe|1\n|-ability|p2a: Qwilfish|Intimidate|boost\n|-unboost|p1a: Azelf|atk|1\n|move|p1a: Azelf|Stealth Rock|p2a: Qwilfish\n|-sidestart|p2: trackfire|move: Stealth Rock\n|\n|upkeep\n|turn|6\n|\n|t:|1781406815\n|switch|p1a: Phione|Phione, L91|293/293\n|move|p2a: Qwilfish|Toxic Spikes|p1a: Phione\n|-sidestart|p1: Dezurom|move: Toxic Spikes\n|\n|upkeep\n|turn|7\n|\n|t:|1781406836\n|switch|p2a: Rabsca|Rabsca, L91, F|284/284\n|move|p1a: Phione|Take Heart|p1a: Phione\n|-boost|p1a: Phione|spa|1\n|-boost|p1a: Phione|spd|1\n|\n|upkeep\n|turn|8\n|\n|t:|1781406843\n|move|p1a: Phione|Scald|p2a: Rabsca\n|-damage|p2a: Rabsca|185/284\n|-status|p2a: Rabsca|brn\n|-activate|p2a: Rabsca|ability: Synchronize\n|-status|p1a: Phione|brn\n|move|p2a: Rabsca|Trick Room|p2a: Rabsca\n|-fieldstart|move: Trick Room|[of] p2a: Rabsca\n|\n|-damage|p2a: Rabsca|168/284 brn|[from] brn\n|-damage|p1a: Phione|275/293 brn|[from] brn\n|upkeep\n|turn|9\n|\n|t:|1781406852\n|move|p2a: Rabsca|Bug Buzz|p1a: Phione\n|-damage|p1a: Phione|194/293 brn\n|move|p1a: Phione|Take Heart|p1a: Phione\n|-boost|p1a: Phione|spa|1\n|-boost|p1a: Phione|spd|1\n|-curestatus|p1a: Phione|brn|[msg]\n|\n|-heal|p1a: Phione|212/293|[from] item: Leftovers\n|-damage|p2a: Rabsca|151/284 brn|[from] brn\n|upkeep\n|turn|10\n|\n|t:|1781406857\n|move|p2a: Rabsca|Psychic|p1a: Phione\n|-damage|p1a: Phione|149/293\n|-unboost|p1a: Phione|spd|1\n|move|p1a: Phione|Take Heart|p1a: Phione\n|-boost|p1a: Phione|spa|1\n|-boost|p1a: Phione|spd|1\n|\n|-heal|p1a: Phione|167/293|[from] item: Leftovers\n|-damage|p2a: Rabsca|134/284 brn|[from] brn\n|upkeep\n|turn|11\n|\n|t:|1781406860\n|move|p2a: Rabsca|Bug Buzz|p1a: Phione\n|-damage|p1a: Phione|101/293\n|move|p1a: Phione|Rest|p1a: Phione\n|-status|p1a: Phione|slp|[from] move: Rest\n|-heal|p1a: Phione|293/293 slp|[silent]\n|\n|-damage|p2a: Rabsca|117/284 brn|[from] brn\n|upkeep\n|turn|12\n|\n|t:|1781406864\n|move|p2a: Rabsca|Bug Buzz|p1a: Phione\n|-damage|p1a: Phione|229/293 slp\n|cant|p1a: Phione|slp\n|move|p1a: Phione|Sleep Talk|p1a: Phione\n|move|p1a: Phione|Scald|p2a: Rabsca|[from] move: Sleep Talk\n|-damage|p2a: Rabsca|0 fnt\n|faint|p2a: Rabsca\n|\n|-heal|p1a: Phione|247/293 slp|[from] item: Leftovers\n|-fieldend|move: Trick Room\n|upkeep\n|\n|t:|1781406878\n|switch|p2a: Qwilfish|Qwilfish-Hisui, L83, F|244/244\n|-activate|p2a: Qwilfish|move: Sticky Web\n|-unboost|p2a: Qwilfish|spe|1\n|-damage|p2a: Qwilfish|214/244|[from] Stealth Rock\n|-ability|p2a: Qwilfish|Intimidate|boost\n|-unboost|p1a: Phione|atk|1\n|turn|13\n|\n|t:|1781406885\n|cant|p1a: Phione|slp\n|move|p1a: Phione|Sleep Talk|p1a: Phione\n|move|p1a: Phione|Take Heart|p1a: Phione|[from] move: Sleep Talk\n|-boost|p1a: Phione|spa|1\n|-boost|p1a: Phione|spd|1\n|-curestatus|p1a: Phione|slp|[msg]\n|move|p2a: Qwilfish|Gunk Shot|p1a: Phione\n|-damage|p1a: Phione|133/293\n|\n|-heal|p1a: Phione|151/293|[from] item: Leftovers\n|upkeep\n|turn|14\n|\n|t:|1781406897\n|move|p1a: Phione|Scald|p2a: Qwilfish\n|-damage|p2a: Qwilfish|0 fnt\n|faint|p2a: Qwilfish\n|\n|-heal|p1a: Phione|169/293|[from] item: Leftovers\n|upkeep\n|-message|trackfire forfeited.\n|\n|win|Dezurom\n|raw|Dezurom's rating: 1650 &rarr; <strong>1671</strong><br />(+21 for winning)\n|raw|trackfire's rating: 1666 &rarr; <strong>1645</strong><br />(-21 for losing)\n|l|\u2606trackfire\n|player|p2|\n", "uploadtime": 1781406923, "views": 3, "formatid": "gen9randombattle", "rating": 1645, "private": 0, "password": null}