{"id": "gen9randombattle-2631853243", "format": "[Gen 9] Random Battle", "players": ["LenaEgg", "cityman16"], "log": "|j|\u2606LenaEgg\n|j|\u2606cityman16\n|t:|1781448335\n|gametype|singles\n|player|p1|LenaEgg|brawly|1624\n|player|p2|cityman16|chuck|1649\n|gen|9\n|tier|[Gen 9] Random Battle\n|rated|\n|rule|Species Clause: Limit one of each Pok\u00e9mon\n|rule|HP Percentage Mod: HP is shown in percentages\n|rule|Sleep Clause Mod: Limit one foe put to sleep\n|rule|Illusion Level Mod: Illusion disguises the Pok\u00e9mon's true level\n|\n|t:|1781448335\n|teamsize|p1|6\n|teamsize|p2|6\n|start\n|switch|p1a: Furret|Furret, L94, M|312/312\n|switch|p2a: Flapple|Flapple, L88, F|266/266\n|-item|p2a: Flapple|Wide Lens|[from] ability: Frisk|[of] p1a: Furret\n|turn|1\n|\n|t:|1781448343\n|switch|p2a: Avalugg|Avalugg, L88, M|310/310\n|move|p1a: Furret|U-turn|p2a: Avalugg\n|-damage|p2a: Avalugg|267/310\n|\n|t:|1781448359\n|switch|p1a: Ampharos|Ampharos, L88, F|302/302|[from] U-turn\n|\n|upkeep\n|turn|2\n|\n|t:|1781448367\n|switch|p2a: Donphan|Donphan, L84, F|288/288\n|move|p1a: Ampharos|Volt Switch|p2a: Donphan\n|-immune|p2a: Donphan\n|\n|upkeep\n|turn|3\n|\n|t:|1781448372\n|switch|p1a: Poliwrath|Poliwrath, L88, F|302/302\n|move|p2a: Donphan|Stealth Rock|p1a: Poliwrath\n|-sidestart|p1: LenaEgg|move: Stealth Rock\n|\n|upkeep\n|turn|4\n|\n|t:|1781448383\n|switch|p2a: Flapple|Flapple, L88, F|266/266\n|move|p1a: Poliwrath|Knock Off|p2a: Flapple\n|-damage|p2a: Flapple|185/266\n|-enditem|p2a: Flapple|Wide Lens|[from] move: Knock Off|[of] p1a: Poliwrath\n|\n|upkeep\n|turn|5\n|\n|t:|1781448408\n|switch|p1a: Appletun|Appletun, L92, F|352/352\n|-damage|p1a: Appletun|308/352|[from] Stealth Rock\n|move|p2a: Flapple|Grav Apple|p1a: Appletun\n|-resisted|p1a: Appletun\n|-damage|p1a: Appletun|269/352\n|-unboost|p1a: Appletun|def|1\n|\n|-heal|p1a: Appletun|291/352|[from] item: Leftovers\n|upkeep\n|turn|6\n|\n|t:|1781448421\n|switch|p2a: Iron Crown|Iron Crown, L78|268/268\n|move|p1a: Appletun|Draco Meteor|p2a: Iron Crown\n|-resisted|p2a: Iron Crown\n|-damage|p2a: Iron Crown|194/268\n|-unboost|p1a: Appletun|spa|2\n|\n|-heal|p2a: Iron Crown|210/268|[from] item: Leftovers\n|-heal|p1a: Appletun|313/352|[from] item: Leftovers\n|upkeep\n|turn|7\n|\n|t:|1781448429\n|move|p2a: Iron Crown|Calm Mind|p2a: Iron Crown\n|-boost|p2a: Iron Crown|spa|1\n|-boost|p2a: Iron Crown|spd|1\n|move|p1a: Appletun|Leech Seed|p2a: Iron Crown\n|-start|p2a: Iron Crown|move: Leech Seed\n|\n|-heal|p2a: Iron Crown|226/268|[from] item: Leftovers\n|-heal|p1a: Appletun|335/352|[from] item: Leftovers\n|-damage|p2a: Iron Crown|193/268|[from] Leech Seed|[of] p1a: Appletun\n|-heal|p1a: Appletun|352/352|[silent]\n|upkeep\n|turn|8\n|\n|t:|1781448441\n|switch|p1a: Cramorant|Cramorant, L86, M|261/261\n|move|p2a: Iron Crown|Tachyon Cutter|p1a: Cramorant\n|-resisted|p1a: Cramorant\n|-damage|p1a: Cramorant|222/261\n|-resisted|p1a: Cramorant\n|-damage|p1a: Cramorant|186/261\n|-hitcount|p1a: Cramorant|2\n|\n|-heal|p2a: Iron Crown|209/268|[from] item: Leftovers\n|-damage|p2a: Iron Crown|176/268|[from] Leech Seed|[of] p1a: Cramorant\n|-heal|p1a: Cramorant|219/261|[silent]\n|upkeep\n|turn|9\n|\n|t:|1781448454\n|move|p2a: Iron Crown|Psyshock|p1a: Cramorant\n|-damage|p1a: Cramorant|32/261\n|move|p1a: Cramorant|Defog|p2a: Iron Crown\n|-unboost|p2a: Iron Crown|evasion|1\n|-sideend|p1: LenaEgg|Stealth Rock|[from] move: Defog|[of] p1a: Cramorant\n|\n|-heal|p2a: Iron Crown|192/268|[from] item: Leftovers\n|-damage|p2a: Iron Crown|159/268|[from] Leech Seed|[of] p1a: Cramorant\n|-heal|p1a: Cramorant|65/261|[silent]\n|upkeep\n|turn|10\n|\n|t:|1781448473\n|switch|p1a: Appletun|Appletun, L92, F|352/352\n|move|p2a: Iron Crown|Psyshock|p1a: Appletun\n|-damage|p1a: Appletun|228/352\n|\n|-heal|p2a: Iron Crown|175/268|[from] item: Leftovers\n|-heal|p1a: Appletun|250/352|[from] item: Leftovers\n|-damage|p2a: Iron Crown|142/268|[from] Leech Seed|[of] p1a: Appletun\n|-heal|p1a: Appletun|283/352|[silent]\n|upkeep\n|turn|11\n|\n|t:|1781448485\n|move|p2a: Iron Crown|Tachyon Cutter|p1a: Appletun\n|-damage|p1a: Appletun|201/352\n|-damage|p1a: Appletun|125/352\n|-hitcount|p1a: Appletun|2\n|move|p1a: Appletun|Apple Acid|p2a: Iron Crown\n|-resisted|p2a: Iron Crown\n|-damage|p2a: Iron Crown|109/268\n|-unboost|p2a: Iron Crown|spd|1\n|\n|-heal|p2a: Iron Crown|125/268|[from] item: Leftovers\n|-heal|p1a: Appletun|147/352|[from] item: Leftovers\n|-damage|p2a: Iron Crown|92/268|[from] Leech Seed|[of] p1a: Appletun\n|-heal|p1a: Appletun|180/352|[silent]\n|upkeep\n|turn|12\n|\n|t:|1781448495\n|move|p2a: Iron Crown|Psyshock|p1a: Appletun\n|-damage|p1a: Appletun|62/352\n|move|p1a: Appletun|Recover|p1a: Appletun\n|-heal|p1a: Appletun|238/352\n|\n|-heal|p2a: Iron Crown|108/268|[from] item: Leftovers\n|-heal|p1a: Appletun|260/352|[from] item: Leftovers\n|-damage|p2a: Iron Crown|75/268|[from] Leech Seed|[of] p1a: Appletun\n|-heal|p1a: Appletun|293/352|[silent]\n|upkeep\n|turn|13\n|\n|t:|1781448504\n|-end|p2a: Iron Crown|Quark Drive|[silent]\n|switch|p2a: Salazzle|Salazzle, L83, F|249/249\n|move|p1a: Appletun|Draco Meteor|p2a: Salazzle\n|-damage|p2a: Salazzle|15/249\n|-unboost|p1a: Appletun|spa|2\n|\n|-heal|p1a: Appletun|315/352|[from] item: Leftovers\n|upkeep\n|turn|14\n|\n|t:|1781448518\n|switch|p1a: Ampharos|Ampharos, L88, F|302/302\n|move|p2a: Salazzle|Sludge Wave|p1a: Ampharos\n|-damage|p1a: Ampharos|232/302\n|\n|upkeep\n|turn|15\n|\n|t:|1781448523\n|switch|p2a: Donphan|Donphan, L84, F|288/288\n|move|p1a: Ampharos|Dragon Tail|p2a: Donphan\n|-damage|p2a: Donphan|256/288\n|drag|p2a: Iron Crown|Iron Crown, L78|75/268\n|\n|-heal|p2a: Iron Crown|91/268|[from] item: Leftovers\n|upkeep\n|turn|16\n|\n|t:|1781448536\n|-end|p2a: Iron Crown|Quark Drive|[silent]\n|switch|p2a: Donphan|Donphan, L84, F|256/288\n|move|p1a: Ampharos|Thunderbolt|p2a: Donphan\n|-immune|p2a: Donphan\n|\n|-heal|p2a: Donphan|274/288|[from] item: Leftovers\n|upkeep\n|turn|17\n|\n|t:|1781448539\n|switch|p1a: Cramorant|Cramorant, L86, M|65/261\n|move|p2a: Donphan|Stealth Rock|p1a: Cramorant\n|-sidestart|p1: LenaEgg|move: Stealth Rock\n|\n|-heal|p2a: Donphan|288/288|[from] item: Leftovers\n|upkeep\n|turn|18\n|\n|t:|1781448543\n|move|p1a: Cramorant|Roost|p1a: Cramorant\n|-heal|p1a: Cramorant|196/261\n|-singleturn|p1a: Cramorant|move: Roost\n|move|p2a: Donphan|Knock Off|p1a: Cramorant\n|-damage|p1a: Cramorant|89/261\n|-enditem|p1a: Cramorant|Heavy-Duty Boots|[from] move: Knock Off|[of] p2a: Donphan\n|\n|upkeep\n|turn|19\n|\n|t:|1781448553\n|move|p2a: Donphan|Ice Shard|p1a: Cramorant\n|-damage|p1a: Cramorant|43/261\n|move|p1a: Cramorant|Defog|p2a: Donphan\n|-unboost|p2a: Donphan|evasion|1\n|-sideend|p1: LenaEgg|Stealth Rock|[from] move: Defog|[of] p1a: Cramorant\n|\n|upkeep\n|turn|20\n|\n|t:|1781448565\n|switch|p1a: Poliwrath|Poliwrath, L88, F|302/302\n|move|p2a: Donphan|Stealth Rock|p1a: Poliwrath\n|-sidestart|p1: LenaEgg|move: Stealth Rock\n|\n|upkeep\n|turn|21\n|\n|t:|1781448590\n|switch|p2a: Flapple|Flapple, L88, F|185/266\n|move|p1a: Poliwrath|Circle Throw|p2a: Flapple\n|-damage|p2a: Flapple|115/266\n|drag|p2a: Rillaboom|Rillaboom, L79, F|288/288\n|-fieldstart|move: Grassy Terrain|[from] ability: Grassy Surge|[of] p2a: Rillaboom\n|\n|upkeep\n|turn|22\n|\n|t:|1781448602\n|switch|p1a: Appletun|Appletun, L92, F|315/352\n|-damage|p1a: Appletun|271/352|[from] Stealth Rock\n|move|p2a: Rillaboom|Swords Dance|p2a: Rillaboom\n|-boost|p2a: Rillaboom|atk|2\n|\n|-heal|p1a: Appletun|293/352|[from] Grassy Terrain\n|-heal|p1a: Appletun|315/352|[from] item: Leftovers\n|upkeep\n|turn|23\n|\n|t:|1781448615\n|move|p2a: Rillaboom|Knock Off|p1a: Appletun\n|-damage|p1a: Appletun|116/352\n|-enditem|p1a: Appletun|Leftovers|[from] move: Knock Off|[of] p2a: Rillaboom\n|-damage|p2a: Rillaboom|260/288|[from] item: Life Orb\n|move|p1a: Appletun|Apple Acid|p2a: Rillaboom\n|-resisted|p2a: Rillaboom\n|-damage|p2a: Rillaboom|176/288\n|-unboost|p2a: Rillaboom|spd|1\n|\n|-heal|p2a: Rillaboom|194/288|[from] Grassy Terrain\n|-heal|p1a: Appletun|138/352|[from] Grassy Terrain\n|upkeep\n|turn|24\n|\n|t:|1781448624\n|move|p2a: Rillaboom|Knock Off|p1a: Appletun\n|-damage|p1a: Appletun|9/352\n|-damage|p2a: Rillaboom|166/288|[from] item: Life Orb\n|move|p1a: Appletun|Recover|p1a: Appletun\n|-heal|p1a: Appletun|185/352\n|\n|-heal|p2a: Rillaboom|184/288|[from] Grassy Terrain\n|-heal|p1a: Appletun|207/352|[from] Grassy Terrain\n|upkeep\n|turn|25\n|\n|t:|1781448647\n|move|p2a: Rillaboom|Swords Dance|p2a: Rillaboom\n|-boost|p2a: Rillaboom|atk|2\n|move|p1a: Appletun|Apple Acid|p2a: Rillaboom\n|-resisted|p2a: Rillaboom\n|-damage|p2a: Rillaboom|58/288\n|-unboost|p2a: Rillaboom|spd|1\n|\n|-heal|p2a: Rillaboom|76/288|[from] Grassy Terrain\n|-heal|p1a: Appletun|229/352|[from] Grassy Terrain\n|-fieldend|move: Grassy Terrain\n|upkeep\n|turn|26\n|\n|t:|1781448666\n|move|p2a: Rillaboom|Knock Off|p1a: Appletun\n|-damage|p1a: Appletun|51/352\n|-damage|p2a: Rillaboom|48/288|[from] item: Life Orb\n|move|p1a: Appletun|Apple Acid|p2a: Rillaboom\n|-resisted|p2a: Rillaboom\n|-damage|p2a: Rillaboom|0 fnt\n|faint|p2a: Rillaboom\n|\n|upkeep\n|\n|t:|1781448674\n|switch|p2a: Salazzle|Salazzle, L83, F|15/249\n|turn|27\n|\n|t:|1781448678\n|move|p2a: Salazzle|Sludge Wave|p1a: Appletun\n|-supereffective|p1a: Appletun\n|-damage|p1a: Appletun|0 fnt\n|faint|p1a: Appletun\n|\n|upkeep\n|\n|t:|1781448689\n|switch|p1a: Dugtrio|Dugtrio, L84, F|196/196\n|-damage|p1a: Dugtrio|184/196|[from] Stealth Rock\n|turn|28\n|\n|t:|1781448697\n|move|p1a: Dugtrio|Earthquake|p2a: Salazzle\n|-supereffective|p2a: Salazzle\n|-damage|p2a: Salazzle|0 fnt\n|faint|p2a: Salazzle\n|\n|upkeep\n|\n|t:|1781448702\n|switch|p2a: Avalugg|Avalugg, L88, M|267/310\n|turn|29\n|\n|t:|1781448711\n|switch|p1a: Ampharos|Ampharos, L88, F|232/302\n|-damage|p1a: Ampharos|195/302|[from] Stealth Rock\n|move|p2a: Avalugg|Avalanche|p1a: Ampharos\n|-damage|p1a: Ampharos|117/302\n|-status|p2a: Avalugg|par|[from] ability: Static|[of] p1a: Ampharos\n|\n|upkeep\n|turn|30\n|\n|t:|1781448720\n|switch|p2a: Flapple|Flapple, L88, F|115/266\n|move|p1a: Ampharos|Dazzling Gleam|p2a: Flapple\n|-supereffective|p2a: Flapple\n|-damage|p2a: Flapple|0 fnt\n|faint|p2a: Flapple\n|\n|upkeep\n|\n|t:|1781448723\n|switch|p2a: Donphan|Donphan, L84, F|288/288\n|turn|31\n|\n|t:|1781448730\n|move|p1a: Ampharos|Dazzling Gleam|p2a: Donphan\n|-damage|p2a: Donphan|186/288\n|move|p2a: Donphan|Earthquake|p1a: Ampharos\n|-supereffective|p1a: Ampharos\n|-damage|p1a: Ampharos|0 fnt\n|faint|p1a: Ampharos\n|\n|-heal|p2a: Donphan|204/288|[from] item: Leftovers\n|upkeep\n|\n|t:|1781448753\n|switch|p1a: Furret|Furret, L94, M|312/312\n|-damage|p1a: Furret|273/312|[from] Stealth Rock\n|-item|p2a: Donphan|Leftovers|[from] ability: Frisk|[of] p1a: Furret\n|turn|32\n|\n|t:|1781448760\n|move|p1a: Furret|Trick|p2a: Donphan\n|-activate|p1a: Furret|move: Trick|[of] p2a: Donphan\n|-item|p2a: Donphan|Choice Band|[from] move: Trick\n|-item|p1a: Furret|Leftovers|[from] move: Trick\n|move|p2a: Donphan|Earthquake|p1a: Furret\n|-damage|p1a: Furret|74/312\n|\n|-heal|p1a: Furret|93/312|[from] item: Leftovers\n|upkeep\n|turn|33\n|\n|t:|1781448766\n|move|p1a: Furret|U-turn|p2a: Donphan\n|-damage|p2a: Donphan|163/288\n|\n|t:|1781448768\n|switch|p1a: Cramorant|Cramorant, L86, M|43/261|[from] U-turn\n|-damage|p1a: Cramorant|0 fnt|[from] Stealth Rock\n|faint|p1a: Cramorant\n|move|p2a: Donphan|Earthquake|p1: Cramorant|[notarget]\n|-fail|p2a: Donphan\n|\n|upkeep\n|\n|t:|1781448777\n|switch|p1a: Poliwrath|Poliwrath, L88, F|302/302\n|-damage|p1a: Poliwrath|284/302|[from] Stealth Rock\n|turn|34\n|\n|t:|1781448785\n|switch|p2a: Avalugg|Avalugg, L88, M|267/310 par\n|move|p1a: Poliwrath|Liquidation|p2a: Avalugg\n|-damage|p2a: Avalugg|210/310 par\n|\n|upkeep\n|turn|35\n|-message|LenaEgg forfeited.\n|\n|win|cityman16\n|raw|LenaEgg's rating: 1624 &rarr; <strong>1605</strong><br />(-19 for losing)\n|raw|cityman16's rating: 1649 &rarr; <strong>1668</strong><br />(+19 for winning)\n|l|\u2606LenaEgg\n|player|p1|\n", "uploadtime": 1781448794, "views": 5, "formatid": "gen9randombattle", "rating": 1605, "private": 0, "password": null}