{"id": "gen9randombattle-2631915489", "format": "[Gen 9] Random Battle", "players": ["aceguy123", "cosmic_dark"], "log": "|badge|p2|bronze|gen9randombattle|100-9\n|uhtml|medal-msg|<div class=\"broadcast-blue\">Curious what those medals under the avatar are? PS now has Ladder Seasons! For more information, check out the <a href=\"https://www.smogon.com/forums/threads/3740067/\">thread on Smogon.</a></div>\n|j|\u2606aceguy123\n|j|\u2606cosmic_dark\n|t:|1781455211\n|gametype|singles\n|player|p1|aceguy123|firebreather|2250\n|player|p2|cosmic_dark|hilda-wonderlauncher|2294\n|gen|9\n|tier|[Gen 9] Random Battle\n|rated|\n|rule|Species Clause: Limit one of each Pok\u00e9mon\n|rule|HP Percentage Mod: HP is shown in percentages\n|rule|Sleep Clause Mod: Limit one foe put to sleep\n|rule|Illusion Level Mod: Illusion disguises the Pok\u00e9mon's true level\n|\n|t:|1781455211\n|teamsize|p1|6\n|teamsize|p2|6\n|start\n|switch|p1a: Luvdisc|Luvdisc, F|247/247\n|switch|p2a: Armarouge|Armarouge, L80, F|267/267\n|turn|1\n|inactive|Battle timer is ON: inactive players will automatically lose when time's up. (requested by cosmic_dark)\n|\n|t:|1781455226\n|switch|p2a: Kricketune|Kricketune, L99, F|312/312\n|move|p1a: Luvdisc|Substitute|p1a: Luvdisc\n|-start|p1a: Luvdisc|Substitute\n|-damage|p1a: Luvdisc|186/247\n|\n|upkeep\n|turn|2\n|\n|t:|1781455230\n|move|p1a: Luvdisc|Surf|p2a: Kricketune\n|-damage|p2a: Kricketune|212/312\n|move|p2a: Kricketune|Sticky Web|p1a: Luvdisc\n|-sidestart|p1: aceguy123|move: Sticky Web\n|\n|upkeep\n|turn|3\n|\n|t:|1781455233\n|move|p1a: Luvdisc|Surf|p2a: Kricketune\n|-damage|p2a: Kricketune|113/312\n|move|p2a: Kricketune|Pounce|p1a: Luvdisc\n|-end|p1a: Luvdisc|Substitute\n|\n|upkeep\n|turn|4\n|\n|t:|1781455260\n|move|p1a: Luvdisc|Flip Turn|p2a: Kricketune\n|-damage|p2a: Kricketune|62/312\n|\n|t:|1781455261\n|switch|p1a: Honchkrow|Honchkrow, L86, F|312/312|[from] Flip Turn\n|move|p2a: Kricketune|Taunt|p1a: Honchkrow\n|-start|p1a: Honchkrow|move: Taunt\n|\n|upkeep\n|turn|5\n|\n|t:|1781455268\n|move|p2a: Kricketune|Pounce|p1a: Honchkrow\n|-damage|p1a: Honchkrow|177/312\n|-unboost|p1a: Honchkrow|spe|1\n|move|p1a: Honchkrow|Brave Bird|p2a: Kricketune\n|-supereffective|p2a: Kricketune\n|-damage|p2a: Kricketune|0 fnt\n|faint|p2a: Kricketune\n|-ability|p1a: Honchkrow|Moxie|boost\n|-boost|p1a: Honchkrow|atk|1\n|-damage|p1a: Honchkrow|157/312|[from] Recoil\n|\n|upkeep\n|\n|t:|1781455274\n|switch|p2a: Zebstrika|Zebstrika, L87, M|272/272\n|turn|6\n|\n|t:|1781455299\n|move|p1a: Honchkrow|Sucker Punch|p2a: Zebstrika\n|-damage|p2a: Zebstrika|103/272\n|move|p2a: Zebstrika|Volt Switch|p1a: Honchkrow\n|-supereffective|p1a: Honchkrow\n|-damage|p1a: Honchkrow|0 fnt\n|faint|p1a: Honchkrow\n|-damage|p2a: Zebstrika|76/272|[from] item: Life Orb\n|\n|t:|1781455319\n|switch|p2a: Armarouge|Armarouge, L80, F|267/267|[from] Volt Switch\n|\n|upkeep\n|inactive|aceguy123 has 120 seconds left.\n|\n|t:|1781455343\n|switch|p1a: Tatsugiri|Tatsugiri, L87, F|260/260\n|turn|7\n|\n|t:|1781455348\n|move|p1a: Tatsugiri|Rapid Spin|p2a: Armarouge\n|-damage|p2a: Armarouge|245/267\n|-boost|p1a: Tatsugiri|spe|1\n|-ability|p2a: Armarouge|Weak Armor|boost\n|-unboost|p2a: Armarouge|def|1\n|-boost|p2a: Armarouge|spe|2\n|-sideend|p1: aceguy123|Sticky Web|[from] move: Rapid Spin|[of] p1a: Tatsugiri\n|move|p2a: Armarouge|Psyshock|p1a: Tatsugiri\n|-damage|p1a: Tatsugiri|91/260\n|\n|upkeep\n|turn|8\n|\n|t:|1781455351\n|move|p2a: Armarouge|Psyshock|p1a: Tatsugiri\n|-damage|p1a: Tatsugiri|0 fnt\n|faint|p1a: Tatsugiri\n|\n|upkeep\n|\n|t:|1781455356\n|switch|p1a: Gardevoir|Gardevoir, L83, F|249/249\n|-ability|p1a: Gardevoir|Weak Armor|Trace|[from] ability: Trace|[of] p2a: Armarouge\n|turn|9\n|\n|t:|1781455359\n|-terastallize|p2a: Armarouge|Psychic\n|move|p2a: Armarouge|Psyshock|p1a: Gardevoir\n|-resisted|p1a: Gardevoir\n|-damage|p1a: Gardevoir|136/249\n|move|p1a: Gardevoir|Moonblast|p2a: Armarouge\n|-damage|p2a: Armarouge|101/267\n|\n|upkeep\n|turn|10\n|\n|t:|1781455364\n|move|p2a: Armarouge|Psyshock|p1a: Gardevoir\n|-resisted|p1a: Gardevoir\n|-damage|p1a: Gardevoir|23/249\n|move|p1a: Gardevoir|Moonblast|p2a: Armarouge\n|-damage|p2a: Armarouge|0 fnt\n|faint|p2a: Armarouge\n|\n|upkeep\n|\n|t:|1781455378\n|switch|p2a: Zebstrika|Zebstrika, L87, M|76/272\n|turn|11\n|\n|t:|1781455382\n|move|p1a: Gardevoir|Moonblast|p2a: Zebstrika\n|-damage|p2a: Zebstrika|0 fnt\n|faint|p2a: Zebstrika\n|\n|upkeep\n|\n|t:|1781455386\n|switch|p2a: Slowking|Slowking, L88, F|310/310\n|turn|12\n|\n|t:|1781455389\n|switch|p1a: Chansey|Chansey, L85, F|564/564\n|move|p2a: Slowking|Scald|p1a: Chansey\n|-damage|p1a: Chansey|504/564\n|-status|p1a: Chansey|brn\n|\n|-damage|p1a: Chansey|469/564 brn|[from] brn\n|upkeep\n|turn|13\n|\n|t:|1781455392\n|switch|p2a: Sandaconda|Sandaconda, L84, F|258/258\n|move|p1a: Chansey|Stealth Rock|p2a: Sandaconda\n|-sidestart|p2: cosmic_dark|move: Stealth Rock\n|\n|-damage|p1a: Chansey|434/564 brn|[from] brn\n|upkeep\n|turn|14\n|\n|t:|1781455398\n|-curestatus|p1a: Chansey|brn|[from] ability: Natural Cure|[silent]\n|switch|p1a: Luvdisc|Luvdisc, F|186/247\n|move|p2a: Sandaconda|Glare|p1a: Luvdisc\n|-status|p1a: Luvdisc|par\n|\n|upkeep\n|turn|15\n|\n|t:|1781455404\n|move|p2a: Sandaconda|Stealth Rock|p1a: Luvdisc\n|-sidestart|p1: aceguy123|move: Stealth Rock\n|move|p1a: Luvdisc|Substitute|p1a: Luvdisc\n|-start|p1a: Luvdisc|Substitute\n|-damage|p1a: Luvdisc|125/247 par\n|\n|upkeep\n|turn|16\n|\n|t:|1781455408\n|switch|p2a: Slowking|Slowking, L88, F|310/310\n|-damage|p2a: Slowking|272/310|[from] Stealth Rock\n|move|p1a: Luvdisc|Endeavor|p2a: Slowking\n|-damage|p2a: Slowking|125/310\n|\n|-heal|p2a: Slowking|144/310|[from] item: Leftovers\n|upkeep\n|turn|17\n|\n|t:|1781455411\n|move|p1a: Luvdisc|Flip Turn|p2a: Slowking\n|-resisted|p2a: Slowking\n|-damage|p2a: Slowking|123/310\n|\n|t:|1781455414\n|switch|p1a: Sawsbuck|Sawsbuck, L88, M|284/284|[from] Flip Turn\n|-damage|p1a: Sawsbuck|249/284|[from] Stealth Rock\n|move|p2a: Slowking|Slack Off|p2a: Slowking\n|-heal|p2a: Slowking|278/310\n|\n|-heal|p2a: Slowking|297/310|[from] item: Leftovers\n|upkeep\n|turn|18\n|\n|t:|1781455419\n|move|p1a: Sawsbuck|Swords Dance|p1a: Sawsbuck\n|-boost|p1a: Sawsbuck|atk|2\n|move|p2a: Slowking|Thunder Wave|p1a: Sawsbuck\n|-status|p1a: Sawsbuck|par\n|\n|-heal|p2a: Slowking|310/310|[from] item: Leftovers\n|upkeep\n|turn|19\n|\n|t:|1781455421\n|switch|p2a: Staraptor|Staraptor, L79, M|263/263\n|-damage|p2a: Staraptor|198/263|[from] Stealth Rock\n|move|p1a: Sawsbuck|Horn Leech|p2a: Staraptor\n|-resisted|p2a: Staraptor\n|-damage|p2a: Staraptor|42/263\n|-heal|p1a: Sawsbuck|284/284 par|[from] drain|[of] p2a: Staraptor\n|-damage|p1a: Sawsbuck|256/284 par|[from] item: Life Orb\n|\n|upkeep\n|turn|20\n|\n|t:|1781455433\n|switch|p1a: Luvdisc|Luvdisc, F|125/247 par\n|move|p2a: Staraptor|Close Combat|p1a: Luvdisc\n|-damage|p1a: Luvdisc|0 fnt\n|-unboost|p2a: Staraptor|def|1\n|-unboost|p2a: Staraptor|spd|1\n|faint|p1a: Luvdisc\n|\n|upkeep\n|-message|aceguy123 forfeited.\n|\n|win|cosmic_dark\n", "inputlog": ">version a8376a258c1d4662feba110a92103f3664a72141\n>start {\"formatid\":\"gen9randombattle\",\"seed\":\"sodium,b42dfab9b6f1cf5ca7624faa5152684e\",\"rated\":\"Rated battle\"}\n>player p1 {\"name\":\"aceguy123\",\"avatar\":\"firebreather\",\"rating\":2250,\"seed\":\"sodium,7bb1eeef571497bae323986cf64bb165\"}\n>player p2 {\"name\":\"cosmic_dark\",\"avatar\":\"hilda-wonderlauncher\",\"rating\":2294,\"seed\":\"sodium,39026c668386624ddc2f571dd4b408f7\"}\n>p1 move substitute\n>p2 switch 2\n>p1 move surf\n>p2 move stickyweb\n>p1 move surf\n>p2 move pounce\n>p1 move flipturn\n>p2 move taunt\n>p1 switch 3\n>p1 move bravebird\n>p2 move pounce\n>p2 switch 4\n>p1 move suckerpunch\n>p2 move voltswitch\n>p2 switch 2\n>p1 switch 5\n>p1 move rapidspin\n>p2 move psyshock\n>p1 move surf\n>p2 move psyshock\n>p1 switch 6\n>p1 move moonblast\n>p2 move psyshock terastallize\n>p1 move moonblast\n>p2 move psyshock\n>p2 switch 2\n>p1 move moonblast\n>p2 move highhorsepower\n>p2 switch 3\n>p1 switch 4\n>p2 move scald\n>p1 move stealthrock\n>p2 switch 6\n>p1 switch 3\n>p2 move glare\n>p1 move substitute\n>p2 move stealthrock\n>p1 move endeavor\n>p2 switch 6\n>p1 move flipturn\n>p2 move slackoff\n>p1 switch 2\n>p1 move swordsdance\n>p2 move thunderwave\n>p1 move hornleech\n>p2 switch 5\n>p1 switch 2\n>p2 move closecombat\n>forcelose p1", "uploadtime": 1781455214, "views": 4, "formatid": "gen9randombattle", "rating": null, "private": 0, "password": null}