{"id": "gen9randombattle-2631702749", "format": "[Gen 9] Random Battle", "players": ["i got the giraffe", "pavan2205"], "log": "|j|\u2606i got the giraffe\n|j|\u2606pavan2205\n|t:|1781424894\n|gametype|singles\n|player|p1|i got the giraffe|unknown|\n|player|p2|pavan2205|n|\n|gen|9\n|tier|[Gen 9] Random Battle\n|rule|Species Clause: Limit one of each Pok\u00e9mon\n|rule|HP Percentage Mod: HP is shown in percentages\n|rule|Sleep Clause Mod: Limit one foe put to sleep\n|rule|Illusion Level Mod: Illusion disguises the Pok\u00e9mon's true level\n|\n|t:|1781424894\n|teamsize|p1|6\n|teamsize|p2|6\n|start\n|switch|p1a: Gardevoir|Gardevoir, L83, F|249/249\n|switch|p2a: Alcremie|Alcremie-Lemon-Cream, L90, F|263/263\n|-ability|p1a: Gardevoir|Aroma Veil|Trace|[from] ability: Trace|[of] p2a: Alcremie\n|turn|1\n|inactive|Battle timer is ON: inactive players will automatically lose when time's up. (requested by pavan2205)\n|\n|t:|1781424906\n|move|p1a: Gardevoir|Trick|p2a: Alcremie\n|-activate|p1a: Gardevoir|move: Trick|[of] p2a: Alcremie\n|-item|p2a: Alcremie|Choice Scarf|[from] move: Trick\n|-item|p1a: Gardevoir|Leftovers|[from] move: Trick\n|move|p2a: Alcremie|Calm Mind|p2a: Alcremie\n|-boost|p2a: Alcremie|spa|1\n|-boost|p2a: Alcremie|spd|1\n|\n|upkeep\n|turn|2\n|c|\u2606i got the giraffe|WAHAHAHAHAHAHAHAHA\n|\n|t:|1781424922\n|move|p2a: Alcremie|Calm Mind|p2a: Alcremie\n|-boost|p2a: Alcremie|spa|1\n|-boost|p2a: Alcremie|spd|1\n|move|p1a: Gardevoir|Psychic|p2a: Alcremie\n|-damage|p2a: Alcremie|224/263\n|\n|upkeep\n|turn|3\n|c|\u2606pavan2205|what happened\n|c|\u2606i got the giraffe|I GOT THE GIRAFFE\n|inactive|i got the giraffe has 270 seconds left.\n|c|\u2606pavan2205|i get to see giraffe\n|c|\u2606i got the giraffe|but 0 counters\n|c|\u2606i got the giraffe|faaaaaaaaaaaaaaaaaaaaaaaaaaaaaaaaaaaaaaaaaaah\n|c|\u2606pavan2205|oohh noo\n|inactive|i got the giraffe has 240 seconds left.\n|\n|t:|1781424984\n|switch|p2a: Spidops|Spidops, L96, M|271/271\n|move|p1a: Gardevoir|Moonblast|p2a: Spidops\n|-crit|p2a: Spidops\n|-damage|p2a: Spidops|111/271\n|-unboost|p2a: Spidops|spa|1\n|\n|upkeep\n|turn|4\n|c|\u2606i got the giraffe|phew\n|inactive|i got the giraffe has 240 seconds left.\n|\n|t:|1781424993\n|move|p1a: Gardevoir|Moonblast|p2a: Spidops\n|-damage|p2a: Spidops|3/271\n|move|p2a: Spidops|Toxic Spikes|p1a: Gardevoir\n|-sidestart|p1: i got the giraffe|move: Toxic Spikes\n|\n|upkeep\n|turn|5\n|inactive|i got the giraffe has 240 seconds left.\n|\n|t:|1781425007\n|move|p1a: Gardevoir|Moonblast|p2a: Spidops\n|-crit|p2a: Spidops\n|-damage|p2a: Spidops|0 fnt\n|faint|p2a: Spidops\n|\n|upkeep\n|c|\u2606i got the giraffe|O7 bru\n|\n|t:|1781425025\n|switch|p2a: Glalie|Glalie, L96, M|309/309\n|turn|6\n|c|\u2606i got the giraffe|NO MOODY\n|\n|t:|1781425036\n|move|p2a: Glalie|Spikes|p1a: Gardevoir\n|-sidestart|p1: i got the giraffe|Spikes\n|move|p1a: Gardevoir|Focus Blast|p2a: Glalie\n|-supereffective|p2a: Glalie\n|-damage|p2a: Glalie|129/309\n|-unboost|p2a: Glalie|spd|1\n|\n|upkeep\n|turn|7\n|c|\u2606i got the giraffe|DIE\n|\n|t:|1781425044\n|-terastallize|p2a: Glalie|Ghost\n|move|p2a: Glalie|Spikes|p1a: Gardevoir\n|-sidestart|p1: i got the giraffe|Spikes\n|move|p1a: Gardevoir|Moonblast|p2a: Glalie\n|-damage|p2a: Glalie|0 fnt\n|faint|p2a: Glalie\n|\n|upkeep\n|\n|t:|1781425057\n|switch|p2a: Krookodile|Krookodile, L79, F|280/280\n|-ability|p2a: Krookodile|Intimidate|boost\n|-unboost|p1a: Gardevoir|atk|1\n|turn|8\n|c|\u2606pavan2205|im dying\n|c|\u2606i got the giraffe|EVERY TIME\n|c|\u2606i got the giraffe|I HAVE RAPID SPIN\n|c|\u2606i got the giraffe|BUT NOW\n|inactive|i got the giraffe has 240 seconds left.\n|c|\u2606i got the giraffe|THE 1 TME\n|c|\u2606i got the giraffe|OMG\n|\n|t:|1781425089\n|move|p2a: Krookodile|Gunk Shot|p1a: Gardevoir\n|-supereffective|p1a: Gardevoir\n|-damage|p1a: Gardevoir|45/249\n|move|p1a: Gardevoir|Moonblast|p2a: Krookodile\n|-supereffective|p2a: Krookodile\n|-damage|p2a: Krookodile|0 fnt\n|faint|p2a: Krookodile\n|\n|-heal|p1a: Gardevoir|60/249|[from] item: Leftovers\n|upkeep\n|c|\u2606pavan2205|ohhhhhhhhhhhhhhhhhhhhh\n|c|\u2606i got the giraffe|NEVE\n|\n|t:|1781425095\n|switch|p2a: Rotom|Rotom, L88|231/231\n|turn|9\n|c|\u2606i got the giraffe|AGAIN\n|c|\u2606i got the giraffe|USE\n|c|\u2606i got the giraffe|SPIKES\n|c|\u2606i got the giraffe|ON\n|c|\u2606i got the giraffe|ME\n|inactive|i got the giraffe has 240 seconds left.\n|\n|t:|1781425105\n|move|p2a: Rotom|Shadow Ball|p1a: Gardevoir\n|-supereffective|p1a: Gardevoir\n|-damage|p1a: Gardevoir|0 fnt\n|faint|p1a: Gardevoir\n|-damage|p2a: Rotom|208/231|[from] item: Life Orb\n|\n|upkeep\n|inactive|i got the giraffe has 240 seconds left.\n|c|\u2606pavan2205|I WILL\n|\n|t:|1781425112\n|switch|p1a: Flygon|Flygon, L82, M|265/265\n|turn|10\n|inactive|i got the giraffe has 240 seconds left.\n|c|\u2606i got the giraffe|that was close\n|c|\u2606pavan2205|yeah\n|c|\u2606i got the giraffe|almost earthquaked\n|\n|t:|1781425137\n|move|p1a: Flygon|Outrage|p2a: Rotom\n|-damage|p2a: Rotom|88/231\n|move|p2a: Rotom|Will-O-Wisp|p1a: Flygon\n|-status|p1a: Flygon|brn\n|\n|-damage|p1a: Flygon|249/265 brn|[from] brn\n|upkeep\n|turn|11\n|\n|t:|1781425145\n|move|p1a: Flygon|Outrage|p2a: Rotom|[from] lockedmove\n|-damage|p2a: Rotom|28/231\n|move|p2a: Rotom|Shadow Ball|p1a: Flygon\n|-damage|p1a: Flygon|113/265 brn\n|-damage|p2a: Rotom|5/231|[from] item: Life Orb\n|\n|-damage|p1a: Flygon|97/265 brn|[from] brn\n|upkeep\n|turn|12\n|\n|t:|1781425154\n|move|p1a: Flygon|Outrage|p2a: Rotom|[from] lockedmove\n|-damage|p2a: Rotom|0 fnt\n|faint|p2a: Rotom\n|-start|p1a: Flygon|confusion|[fatigue]\n|\n|-damage|p1a: Flygon|81/265 brn|[from] brn\n|upkeep\n|c|\u2606pavan2205|get confused\n|\n|t:|1781425161\n|switch|p2a: Articuno|Articuno, L86|295/295\n|-ability|p2a: Articuno|Pressure\n|turn|13\n|c|\u2606i got the giraffe|AAAAH\n|\n|t:|1781425169\n|-activate|p1a: Flygon|confusion\n|move|p1a: Flygon|Outrage|p2a: Articuno\n|-damage|p2a: Articuno|239/295\n|move|p2a: Articuno|Freeze-Dry|p1a: Flygon\n|-supereffective|p1a: Flygon\n|-damage|p1a: Flygon|0 fnt\n|faint|p1a: Flygon\n|\n|upkeep\n|inactive|i got the giraffe has 240 seconds left.\n|\n|t:|1781425183\n|switch|p1a: Lapras|Lapras, L87, M|368/368\n|turn|14\n|\n|t:|1781425192\n|move|p2a: Articuno|Freeze-Dry|p1a: Lapras\n|-damage|p1a: Lapras|302/368\n|move|p1a: Lapras|Rest|p1a: Lapras\n|-status|p1a: Lapras|slp|[from] move: Rest\n|-heal|p1a: Lapras|368/368 slp|[silent]\n|\n|upkeep\n|turn|15\n|\n|t:|1781425201\n|switch|p2a: Alcremie|Alcremie-Lemon-Cream, L90, F|224/263\n|cant|p1a: Lapras|slp\n|move|p1a: Lapras|Sleep Talk|p1a: Lapras\n|move|p1a: Lapras|Sparkling Aria|p2a: Alcremie|[from] move: Sleep Talk\n|-damage|p2a: Alcremie|158/263\n|\n|upkeep\n|turn|16\n|\n|t:|1781425210\n|move|p2a: Alcremie|Calm Mind|p2a: Alcremie\n|-boost|p2a: Alcremie|spa|1\n|-boost|p2a: Alcremie|spd|1\n|cant|p1a: Lapras|slp\n|move|p1a: Lapras|Sleep Talk|p1a: Lapras\n|move|p1a: Lapras|Rest||[from] move: Sleep Talk|[still]\n|-fail|p1a: Lapras\n|\n|upkeep\n|turn|17\n|c|\u2606i got the giraffe|u have choice scarf\n|c|\u2606pavan2205|damn i forgot\n|\n|t:|1781425226\n|switch|p2a: Articuno|Articuno, L86|239/295\n|-ability|p2a: Articuno|Pressure\n|-curestatus|p1a: Lapras|slp|[msg]\n|move|p1a: Lapras|Freeze-Dry|p2a: Articuno\n|-damage|p2a: Articuno|184/295\n|\n|upkeep\n|turn|18\n|c|\u2606i got the giraffe|FREEZE\n|\n|t:|1781425241\n|move|p2a: Articuno|Brave Bird|p1a: Lapras\n|-damage|p1a: Lapras|242/368\n|-damage|p2a: Articuno|142/295|[from] Recoil\n|move|p1a: Lapras|Freeze-Dry|p2a: Articuno\n|-damage|p2a: Articuno|90/295\n|\n|upkeep\n|turn|19\n|\n|t:|1781425249\n|-terastallize|p1a: Lapras|Ground\n|move|p2a: Articuno|Roost|p2a: Articuno\n|-heal|p2a: Articuno|238/295\n|-singleturn|p2a: Articuno|move: Roost\n|move|p1a: Lapras|Freeze-Dry|p2a: Articuno\n|-resisted|p2a: Articuno\n|-damage|p2a: Articuno|214/295\n|\n|upkeep\n|turn|20\n|\n|t:|1781425258\n|move|p2a: Articuno|Freeze-Dry|p1a: Lapras\n|-supereffective|p1a: Lapras\n|-damage|p1a: Lapras|102/368\n|move|p1a: Lapras|Freeze-Dry|p2a: Articuno\n|-damage|p2a: Articuno|163/295\n|\n|upkeep\n|turn|21\n|\n|t:|1781425264\n|move|p2a: Articuno|Freeze-Dry|p1a: Lapras\n|-supereffective|p1a: Lapras\n|-damage|p1a: Lapras|0 fnt\n|faint|p1a: Lapras\n|\n|upkeep\n|c|\u2606i got the giraffe|freeze\n|\n|t:|1781425270\n|switch|p1a: Farigiraf|Farigiraf, L90, F|362/362\n|-status|p1a: Farigiraf|psn\n|-damage|p1a: Farigiraf|302/362 psn|[from] Spikes\n|turn|22\n|c|\u2606i got the giraffe|giraffe\n|inactive|i got the giraffe has 270 seconds left.\n|c|\u2606i got the giraffe|KILL HIM I DARE U\n|c|\u2606pavan2205|finally\n|\n|t:|1781425285\n|move|p2a: Articuno|U-turn|p1a: Farigiraf\n|-supereffective|p1a: Farigiraf\n|-damage|p1a: Farigiraf|202/362 psn\n|\n|t:|1781425289\n|switch|p2a: Alcremie|Alcremie-Lemon-Cream, L90, F|158/263|[from] U-turn\n|move|p1a: Farigiraf|Psychic Noise|p2a: Alcremie\n|-damage|p2a: Alcremie|86/263\n|-block|p2a: Alcremie|ability: Aroma Veil|[of] p2a: Alcremie\n|\n|-heal|p1a: Farigiraf|224/362 psn|[from] item: Leftovers\n|-damage|p1a: Farigiraf|179/362 psn|[from] psn\n|upkeep\n|turn|23\n|inactive|i got the giraffe has 270 seconds left.\n|\n|t:|1781425304\n|move|p2a: Alcremie|Alluring Voice|p1a: Farigiraf\n|-damage|p1a: Farigiraf|56/362 psn\n|move|p1a: Farigiraf|Wish|p1a: Farigiraf\n|\n|-heal|p1a: Farigiraf|78/362 psn|[from] item: Leftovers\n|-damage|p1a: Farigiraf|33/362 psn|[from] psn\n|upkeep\n|turn|24\n|inactive|i got the giraffe has 270 seconds left.\n|\n|t:|1781425311\n|move|p1a: Farigiraf|Protect|p1a: Farigiraf\n|-singleturn|p1a: Farigiraf|Protect\n|move|p2a: Alcremie|Alluring Voice|p1a: Farigiraf\n|-activate|p1a: Farigiraf|move: Protect\n|\n|-heal|p1a: Farigiraf|214/362 psn|[from] move: Wish|[wisher] Farigiraf\n|-heal|p1a: Farigiraf|236/362 psn|[from] item: Leftovers\n|-damage|p1a: Farigiraf|191/362 psn|[from] psn\n|upkeep\n|turn|25\n|inactive|i got the giraffe has 270 seconds left.\n|\n|t:|1781425323\n|move|p2a: Alcremie|Alluring Voice|p1a: Farigiraf\n|-damage|p1a: Farigiraf|65/362 psn\n|move|p1a: Farigiraf|Wish|p1a: Farigiraf\n|\n|-heal|p1a: Farigiraf|87/362 psn|[from] item: Leftovers\n|-damage|p1a: Farigiraf|42/362 psn|[from] psn\n|upkeep\n|turn|26\n|\n|t:|1781425332\n|move|p1a: Farigiraf|Protect|p1a: Farigiraf\n|-singleturn|p1a: Farigiraf|Protect\n|move|p2a: Alcremie|Alluring Voice|p1a: Farigiraf\n|-activate|p1a: Farigiraf|move: Protect\n|\n|-heal|p1a: Farigiraf|223/362 psn|[from] move: Wish|[wisher] Farigiraf\n|-heal|p1a: Farigiraf|245/362 psn|[from] item: Leftovers\n|-damage|p1a: Farigiraf|200/362 psn|[from] psn\n|upkeep\n|turn|27\n|\n|t:|1781425343\n|move|p2a: Alcremie|Alluring Voice|p1a: Farigiraf\n|-damage|p1a: Farigiraf|76/362 psn\n|move|p1a: Farigiraf|Wish|p1a: Farigiraf\n|\n|-heal|p1a: Farigiraf|98/362 psn|[from] item: Leftovers\n|-damage|p1a: Farigiraf|53/362 psn|[from] psn\n|upkeep\n|turn|28\n|\n|t:|1781425350\n|move|p2a: Alcremie|Alluring Voice|p1a: Farigiraf\n|-damage|p1a: Farigiraf|0 fnt\n|faint|p1a: Farigiraf\n|\n|upkeep\n|c|\u2606pavan2205|giraffe gone\n|\n|t:|1781425361\n|switch|p1a: Dachsbun|Dachsbun, L92, F|254/254\n|-status|p1a: Dachsbun|psn\n|-damage|p1a: Dachsbun|212/254 psn|[from] Spikes\n|turn|29\n|c|\u2606i got the giraffe|:(\n|\n|t:|1781425368\n|move|p2a: Alcremie|Alluring Voice|p1a: Dachsbun\n|-damage|p1a: Dachsbun|107/254 psn\n|move|p1a: Dachsbun|Play Rough|p2a: Alcremie\n|-damage|p2a: Alcremie|0 fnt\n|faint|p2a: Alcremie\n|\n|-heal|p1a: Dachsbun|122/254 psn|[from] item: Leftovers\n|-damage|p1a: Dachsbun|91/254 psn|[from] psn\n|upkeep\n|\n|t:|1781425373\n|switch|p2a: Articuno|Articuno, L86|163/295\n|-ability|p2a: Articuno|Pressure\n|turn|30\n|\n|t:|1781425384\n|move|p1a: Dachsbun|Protect|p1a: Dachsbun\n|-singleturn|p1a: Dachsbun|Protect\n|move|p2a: Articuno|Freeze-Dry|p1a: Dachsbun\n|-activate|p1a: Dachsbun|move: Protect\n|\n|-heal|p1a: Dachsbun|106/254 psn|[from] item: Leftovers\n|-damage|p1a: Dachsbun|75/254 psn|[from] psn\n|upkeep\n|turn|31\n|\n|t:|1781425392\n|move|p1a: Dachsbun|Wish|p1a: Dachsbun\n|move|p2a: Articuno|Freeze-Dry|p1a: Dachsbun\n|-damage|p1a: Dachsbun|0 fnt\n|faint|p1a: Dachsbun\n|\n|upkeep\n|\n|t:|1781425398\n|switch|p1a: Clawitzer|Clawitzer, L87, M|265/265\n|-status|p1a: Clawitzer|psn\n|-damage|p1a: Clawitzer|221/265 psn|[from] Spikes\n|turn|32\n|c|\u2606i got the giraffe|plz mercy\n|c|\u2606i got the giraffe|just 1 move\n|c|\u2606pavan2205|i dont think ill make it\n|\n|t:|1781425423\n|move|p2a: Articuno|Freeze-Dry|p1a: Clawitzer\n|-supereffective|p1a: Clawitzer\n|-damage|p1a: Clawitzer|125/265 psn\n|move|p1a: Clawitzer|Dragon Pulse|p2a: Articuno\n|-damage|p2a: Articuno|75/295\n|\n|-heal|p1a: Clawitzer|252/265 psn|[from] move: Wish|[wisher] Dachsbun\n|-damage|p1a: Clawitzer|219/265 psn|[from] psn\n|upkeep\n|turn|33\n|\n|t:|1781425439\n|move|p2a: Articuno|Roost|p2a: Articuno\n|-heal|p2a: Articuno|223/295\n|-singleturn|p2a: Articuno|move: Roost\n|move|p1a: Clawitzer|Dragon Pulse|p2a: Articuno\n|-damage|p2a: Articuno|136/295\n|\n|-damage|p1a: Clawitzer|186/265 psn|[from] psn\n|upkeep\n|turn|34\n|c|\u2606i got the giraffe|i said mercy\n|\n|t:|1781425451\n|move|p2a: Articuno|Roost|p2a: Articuno\n|-heal|p2a: Articuno|284/295\n|-singleturn|p2a: Articuno|move: Roost\n|move|p1a: Clawitzer|Water Pulse|p2a: Articuno\n|-damage|p2a: Articuno|188/295\n|\n|-damage|p1a: Clawitzer|153/265 psn|[from] psn\n|upkeep\n|turn|35\n|\n|t:|1781425459\n|move|p2a: Articuno|Freeze-Dry|p1a: Clawitzer\n|-supereffective|p1a: Clawitzer\n|-damage|p1a: Clawitzer|49/265 psn\n|move|p1a: Clawitzer|Water Pulse|p2a: Articuno\n|-damage|p2a: Articuno|98/295\n|\n|-damage|p1a: Clawitzer|16/265 psn|[from] psn\n|upkeep\n|turn|36\n|c|\u2606i got the giraffe|u are a stupid lucker who alsways gets spikeds qwefh ioifwlkwdoif odf woifd\n|inactive|i got the giraffe has 270 seconds left.\n|\n|t:|1781425480\n|move|p2a: Articuno|Roost|p2a: Articuno\n|-heal|p2a: Articuno|246/295\n|-singleturn|p2a: Articuno|move: Roost\n|move|p1a: Clawitzer|Water Pulse|p2a: Articuno\n|-damage|p2a: Articuno|152/295\n|\n|-damage|p1a: Clawitzer|0 fnt|[from] psn\n|faint|p1a: Clawitzer\n|\n|win|pavan2205\n|c|\u2606pavan2205|haha\n|l|\u2606i got the giraffe\n|player|p1|\n|c|\u2606pavan2205|gg\n", "inputlog": ">version a8376a258c1d4662feba110a92103f3664a72141\n>start {\"formatid\":\"gen9randombattle\",\"seed\":\"sodium,dac7423875de1658a5db3be93c105519\"}\n>player p1 {\"name\":\"i got the giraffe\",\"avatar\":\"unknown\",\"rating\":0,\"seed\":\"sodium,3dfbb27ceb3e29dca3501180fd03141c\"}\n>player p2 {\"name\":\"pavan2205\",\"avatar\":\"n\",\"rating\":0,\"seed\":\"sodium,daa358a69b714d073c20139416312aa3\"}\n>p1 move trick\n>p2 move calmmind\n>chat \u2606i got the giraffe|WAHAHAHAHAHAHAHAHA\n>p1 move psychic\n>p2 move calmmind\n>chat \u2606pavan2205|what happened\n>chat \u2606i got the giraffe|I GOT THE GIRAFFE\n>chat \u2606pavan2205|i get to see giraffe\n>chat \u2606i got the giraffe|but 0 counters\n>chat \u2606i got the giraffe|faaaaaaaaaaaaaaaaaaaaaaaaaaaaaaaaaaaaaaaaaaah\n>chat \u2606pavan2205|oohh noo\n>p1 move moonblast\n>p2 switch 2\n>chat \u2606i got the giraffe|phew\n>p1 move moonblast\n>p2 move toxicspikes\n>p1 move moonblast\n>p2 move stickyweb\n>chat \u2606i got the giraffe|O7 bru\n>p2 switch 4\n>chat \u2606i got the giraffe|NO MOODY\n>p1 move focusblast\n>p2 move spikes\n>chat \u2606i got the giraffe|DIE\n>p1 move moonblast\n>p2 move spikes terastallize\n>p2 switch 5\n>chat \u2606pavan2205|im dying\n>chat \u2606i got the giraffe|EVERY TIME\n>chat \u2606i got the giraffe|I HAVE RAPID SPIN\n>chat \u2606i got the giraffe|BUT NOW\n>chat \u2606i got the giraffe|THE 1 TME\n>chat \u2606i got the giraffe|OMG\n>p1 move moonblast\n>p2 move gunkshot\n>chat \u2606pavan2205|ohhhhhhhhhhhhhhhhhhhhh\n>chat \u2606i got the giraffe|NEVE\n>p2 switch 6\n>chat \u2606i got the giraffe|AGAIN\n>chat \u2606i got the giraffe|USE\n>chat \u2606i got the giraffe|SPIKES\n>chat \u2606i got the giraffe|ON\n>chat \u2606i got the giraffe|ME\n>p1 move moonblast\n>p2 move shadowball\n>chat \u2606pavan2205|I WILL\n>p1 switch 5\n>chat \u2606i got the giraffe|that was close\n>chat \u2606pavan2205|yeah\n>chat \u2606i got the giraffe|almost earthquaked\n>p1 move outrage\n>p2 move willowisp\n>p1 move outrage\n>p2 move shadowball\n>p1 move outrage\n>p2 move shadowball\n>chat \u2606pavan2205|get confused\n>p2 switch 3\n>chat \u2606i got the giraffe|AAAAH\n>p1 move outrage\n>p2 move freezedry\n>p1 switch 4\n>p1 move rest\n>p2 move freezedry\n>p1 move sleeptalk\n>p2 switch 2\n>p1 move sleeptalk\n>p2 move calmmind\n>chat \u2606i got the giraffe|u have choice scarf\n>chat \u2606pavan2205|damn i forgot\n>p1 move freezedry\n>p2 switch 2\n>chat \u2606i got the giraffe|FREEZE\n>p1 move freezedry\n>p2 move bravebird\n>p1 move freezedry terastallize\n>p2 move roost\n>p1 move freezedry\n>p2 move freezedry\n>p1 move freezedry\n>p2 move freezedry\n>chat \u2606i got the giraffe|freeze\n>p1 switch 3\n>chat \u2606i got the giraffe|giraffe\n>chat \u2606i got the giraffe|KILL HIM I DARE U\n>chat \u2606pavan2205|finally\n>p1 move psychicnoise\n>p2 move uturn\n>p2 switch 2\n>p1 move wish\n>p2 move alluringvoice\n>p1 move protect\n>p2 move alluringvoice\n>p1 move wish\n>p2 move alluringvoice\n>p1 move protect\n>p2 move alluringvoice\n>p1 move wish\n>p2 move alluringvoice\n>p1 move bodyslam\n>p2 move alluringvoice\n>chat \u2606pavan2205|giraffe gone\n>p1 switch 2\n>chat \u2606i got the giraffe|:(\n>p1 move playrough\n>p2 move alluringvoice\n>p2 switch 2\n>p1 move protect\n>p2 move freezedry\n>p1 move wish\n>p2 move freezedry\n>p1 switch 6\n>chat \u2606i got the giraffe|plz mercy\n>chat \u2606i got the giraffe|just 1 move\n>chat \u2606pavan2205|i dont think ill make it\n>p1 move dragonpulse\n>p2 move freezedry\n>p1 move dragonpulse\n>p2 move roost\n>chat \u2606i got the giraffe|i said mercy\n>p1 move waterpulse\n>p2 move roost\n>p1 move waterpulse\n>p2 move freezedry\n>chat \u2606i got the giraffe|u are a stupid lucker who alsways gets spikeds qwefh ioifwlkwdoif odf woifd\n>p1 move waterpulse\n>p2 move roost", "uploadtime": 1781425491, "views": 11, "formatid": "gen9randombattle", "rating": null, "private": 0, "password": null}