{"id": "gen9randombattle-2631450246", "format": "[Gen 9] Random Battle", "players": ["Alexander Babits", "changry"], "log": "|j|\u203dAlexander Babits\n|j|\u2606changry\n|t:|1781386144\n|gametype|singles\n|player|p1|Alexander Babits|265|2015\n|player|p2|changry|266|2042\n|gen|9\n|tier|[Gen 9] Random Battle\n|rated|\n|rule|Species Clause: Limit one of each Pok\u00e9mon\n|rule|HP Percentage Mod: HP is shown in percentages\n|rule|Sleep Clause Mod: Limit one foe put to sleep\n|rule|Illusion Level Mod: Illusion disguises the Pok\u00e9mon's true level\n|\n|t:|1781386144\n|teamsize|p1|6\n|teamsize|p2|6\n|start\n|switch|p1a: Garganacl|Garganacl, L80, F|291/291\n|switch|p2a: Hydrapple|Hydrapple, L83, M|312/312\n|turn|1\n|inactive|Battle timer is ON: inactive players will automatically lose when time's up. (requested by Alexander Babits)\n|inactive|changry has 120 seconds left.\n|inactive|changry has 90 seconds left.\n|inactive|changry has 60 seconds left.\n|\n|t:|1781386261\n|switch|p1a: Illumise|Illumise, L91, F|266/266\n|move|p2a: Hydrapple|Fickle Beam|p1a: Illumise|[anim] Fickle Beam All Out\n|-activate|p2a: Hydrapple|move: Fickle Beam\n|-damage|p1a: Illumise|71/266\n|\n|upkeep\n|turn|2\n|\n|t:|1781386280\n|move|p1a: Illumise|Roost|p1a: Illumise\n|-heal|p1a: Illumise|204/266\n|-singleturn|p1a: Illumise|move: Roost\n|move|p2a: Hydrapple|Fickle Beam|p1a: Illumise\n|-damage|p1a: Illumise|116/266\n|\n|upkeep\n|turn|3\n|\n|t:|1781386290\n|move|p1a: Illumise|Roost|p1a: Illumise\n|-heal|p1a: Illumise|249/266\n|-singleturn|p1a: Illumise|move: Roost\n|move|p2a: Hydrapple|Fickle Beam|p1a: Illumise\n|-damage|p1a: Illumise|158/266\n|\n|upkeep\n|turn|4\n|\n|t:|1781386299\n|move|p1a: Illumise|Thunder Wave|p2a: Hydrapple\n|-status|p2a: Hydrapple|par\n|cant|p2a: Hydrapple|par\n|\n|upkeep\n|turn|5\n|inactive|changry has 120 seconds left.\n|\n|t:|1781386305\n|move|p1a: Illumise|Bug Buzz|p2a: Hydrapple\n|-supereffective|p2a: Hydrapple\n|-crit|p2a: Hydrapple\n|-damage|p2a: Hydrapple|120/312 par\n|move|p2a: Hydrapple|Fickle Beam|p1a: Illumise\n|-damage|p1a: Illumise|58/266\n|\n|upkeep\n|turn|6\n|inactive|changry has 120 seconds left.\n|\n|t:|1781386316\n|switch|p2a: Iron Jugulis|Iron Jugulis, L77|271/271\n|move|p1a: Illumise|Roost|p1a: Illumise\n|-heal|p1a: Illumise|191/266\n|-singleturn|p1a: Illumise|move: Roost\n|\n|upkeep\n|turn|7\n|inactive|changry has 120 seconds left.\n|\n|t:|1781386330\n|switch|p1a: Tyranitar|Tyranitar, L78, F|284/284\n|-weather|Sandstorm|[from] ability: Sand Stream|[of] p1a: Tyranitar\n|move|p2a: Iron Jugulis|Meteor Beam||[still]\n|-prepare|p2a: Iron Jugulis|Meteor Beam\n|-boost|p2a: Iron Jugulis|spa|1\n|-enditem|p2a: Iron Jugulis|Power Herb\n|-anim|p2a: Iron Jugulis|Meteor Beam|p1a: Tyranitar\n|-damage|p1a: Tyranitar|229/284\n|\n|-weather|Sandstorm|[upkeep]\n|-damage|p2a: Iron Jugulis|255/271|[from] Sandstorm\n|upkeep\n|turn|8\n|inactive|changry has 120 seconds left.\n|\n|t:|1781386360\n|-terastallize|p2a: Iron Jugulis|Ground\n|move|p2a: Iron Jugulis|Earth Power|p1a: Tyranitar\n|-supereffective|p1a: Tyranitar\n|-damage|p1a: Tyranitar|109/284\n|move|p1a: Tyranitar|Stone Edge|p2a: Iron Jugulis|[miss]\n|-miss|p1a: Tyranitar|p2a: Iron Jugulis\n|\n|-weather|Sandstorm|[upkeep]\n|upkeep\n|turn|9\n|\n|t:|1781386380\n|switch|p1a: Illumise|Illumise, L91, F|191/266\n|move|p2a: Iron Jugulis|Meteor Beam||[still]\n|-prepare|p2a: Iron Jugulis|Meteor Beam\n|-boost|p2a: Iron Jugulis|spa|1\n|\n|-weather|Sandstorm|[upkeep]\n|-damage|p1a: Illumise|175/266|[from] Sandstorm\n|upkeep\n|turn|10\n|\n|t:|1781386392\n|move|p1a: Illumise|Encore|p2a: Iron Jugulis\n|-start|p2a: Iron Jugulis|Encore\n|move|p2a: Iron Jugulis|Meteor Beam|p1a: Illumise|[from] lockedmove\n|-supereffective|p1a: Illumise\n|-crit|p1a: Illumise\n|-damage|p1a: Illumise|0 fnt\n|faint|p1a: Illumise\n|\n|-weather|Sandstorm|[upkeep]\n|upkeep\n|\n|t:|1781386393\n|switch|p1a: Glaceon|Glaceon, L94, F|275/275\n|turn|11\n|\n|t:|1781386418\n|-end|p2a: Iron Jugulis|Quark Drive|[silent]\n|switch|p2a: Scizor|Scizor, L79, M|240/240\n|move|p1a: Glaceon|Freeze-Dry|p2a: Scizor\n|-resisted|p2a: Scizor\n|-damage|p2a: Scizor|173/240\n|\n|-weather|none\n|upkeep\n|turn|12\n|inactive|changry has 90 seconds left.\n|inactive|changry has 60 seconds left.\n|\n|t:|1781386469\n|switch|p1a: Lanturn|Lanturn, L89, F|367/367\n|move|p2a: Scizor|Close Combat|p1a: Lanturn\n|-damage|p1a: Lanturn|172/367\n|-unboost|p2a: Scizor|def|1\n|-unboost|p2a: Scizor|spd|1\n|\n|-heal|p1a: Lanturn|194/367|[from] item: Leftovers\n|upkeep\n|turn|13\n|inactive|changry has 60 seconds left.\n|\n|t:|1781386488\n|switch|p2a: Reuniclus|Reuniclus, L88, M|337/337\n|move|p1a: Lanturn|Ice Beam|p2a: Reuniclus\n|-damage|p2a: Reuniclus|276/337\n|\n|-heal|p1a: Lanturn|216/367|[from] item: Leftovers\n|upkeep\n|turn|14\n|\n|t:|1781386504\n|switch|p1a: Tyranitar|Tyranitar, L78, F|109/284\n|-weather|Sandstorm|[from] ability: Sand Stream|[of] p1a: Tyranitar\n|move|p2a: Reuniclus|Focus Blast|p1a: Tyranitar\n|-supereffective|p1a: Tyranitar\n|-damage|p1a: Tyranitar|0 fnt\n|faint|p1a: Tyranitar\n|\n|-weather|Sandstorm|[upkeep]\n|upkeep\n|\n|t:|1781386508\n|switch|p1a: Gallade|Gallade, L80, M|240/240\n|turn|15\n|inactive|changry has 60 seconds left.\n|inactive|Alexander Babits has 120 seconds left.\n|\n|t:|1781386535\n|-terastallize|p1a: Gallade|Dark\n|move|p1a: Gallade|Agility|p1a: Gallade\n|-boost|p1a: Gallade|spe|2\n|move|p2a: Reuniclus|Psyshock|p1a: Gallade\n|-immune|p1a: Gallade\n|\n|-weather|Sandstorm|[upkeep]\n|-damage|p1a: Gallade|225/240|[from] Sandstorm\n|upkeep\n|turn|16\n|inactive|changry has 60 seconds left.\n|\n|t:|1781386557\n|move|p1a: Gallade|Night Slash|p2a: Reuniclus\n|-supereffective|p2a: Reuniclus\n|-damage|p2a: Reuniclus|0 fnt\n|faint|p2a: Reuniclus\n|-damage|p1a: Gallade|201/240|[from] item: Life Orb\n|\n|-weather|Sandstorm|[upkeep]\n|-damage|p1a: Gallade|186/240|[from] Sandstorm\n|upkeep\n|\n|t:|1781386564\n|switch|p2a: Iron Jugulis|Iron Jugulis, L77, tera:Ground|255/271\n|turn|17\n|inactive|Alexander Babits has 120 seconds left.\n|\n|t:|1781386592\n|move|p1a: Gallade|Psycho Cut|p2a: Iron Jugulis\n|-damage|p2a: Iron Jugulis|74/271\n|-damage|p1a: Gallade|162/240|[from] item: Life Orb\n|move|p2a: Iron Jugulis|Earth Power|p1a: Gallade\n|-damage|p1a: Gallade|83/240\n|-unboost|p1a: Gallade|spd|1\n|\n|-weather|Sandstorm|[upkeep]\n|-damage|p1a: Gallade|68/240|[from] Sandstorm\n|upkeep\n|turn|18\n|inactive|changry has 30 seconds left.\n|inactive|changry has 20 seconds left.\n|inactive|changry has 15 seconds left.\n|inactive|changry has 10 seconds left.\n|\n|t:|1781386635\n|move|p1a: Gallade|Sacred Sword|p2a: Iron Jugulis\n|-damage|p2a: Iron Jugulis|0 fnt\n|faint|p2a: Iron Jugulis\n|-end|p2a: Iron Jugulis|Quark Drive|[silent]\n|-damage|p1a: Gallade|44/240|[from] item: Life Orb\n|\n|-weather|none\n|upkeep\n|inactive|changry has 15 seconds left this turn.\n|inactive|changry has 10 seconds left.\n|\n|t:|1781386641\n|switch|p2a: Scizor|Scizor, L79, M|173/240\n|turn|19\n|inactive|changry has 20 seconds left this turn.\n|\n|t:|1781386651\n|move|p2a: Scizor|Bullet Punch|p1a: Gallade\n|-damage|p1a: Gallade|0 fnt\n|faint|p1a: Gallade\n|\n|upkeep\n|inactive|Alexander Babits has 120 seconds left.\n|\n|t:|1781386669\n|switch|p1a: Lanturn|Lanturn, L89, F|216/367\n|turn|20\n|inactive|changry has 30 seconds left.\n|\n|t:|1781386678\n|switch|p2a: Kyurem|Kyurem, L77|319/319\n|-ability|p2a: Kyurem|Pressure\n|move|p1a: Lanturn|Scald|p2a: Kyurem\n|-resisted|p2a: Kyurem\n|-crit|p2a: Kyurem\n|-damage|p2a: Kyurem|251/319\n|-status|p2a: Kyurem|brn\n|\n|-heal|p1a: Lanturn|238/367|[from] item: Leftovers\n|-damage|p2a: Kyurem|232/319 brn|[from] brn\n|upkeep\n|turn|21\n|inactive|changry has 30 seconds left.\n|\n|t:|1781386693\n|switch|p1a: Glaceon|Glaceon, L94, F|275/275\n|move|p2a: Kyurem|Earth Power|p1a: Glaceon\n|-damage|p1a: Glaceon|196/275\n|\n|-damage|p2a: Kyurem|213/319 brn|[from] brn\n|upkeep\n|turn|22\n|inactive|changry has 30 seconds left.\n|\n|t:|1781386702\n|move|p2a: Kyurem|Earth Power|p1a: Glaceon\n|-damage|p1a: Glaceon|113/275\n|move|p1a: Glaceon|Wish|p1a: Glaceon\n|\n|-damage|p2a: Kyurem|194/319 brn|[from] brn\n|upkeep\n|turn|23\n|\n|t:|1781386712\n|move|p1a: Glaceon|Protect|p1a: Glaceon\n|-singleturn|p1a: Glaceon|Protect\n|move|p2a: Kyurem|Earth Power|p1a: Glaceon\n|-activate|p1a: Glaceon|move: Protect\n|\n|-heal|p1a: Glaceon|250/275|[from] move: Wish|[wisher] Glaceon\n|-damage|p2a: Kyurem|175/319 brn|[from] brn\n|upkeep\n|turn|24\n|\n|t:|1781386720\n|move|p2a: Kyurem|Earth Power|p1a: Glaceon\n|-crit|p1a: Glaceon\n|-damage|p1a: Glaceon|118/275\n|move|p1a: Glaceon|Calm Mind|p1a: Glaceon\n|-boost|p1a: Glaceon|spa|1\n|-boost|p1a: Glaceon|spd|1\n|\n|-damage|p2a: Kyurem|156/319 brn|[from] brn\n|upkeep\n|turn|25\n|\n|t:|1781386729\n|switch|p2a: Scizor|Scizor, L79, M|173/240\n|move|p1a: Glaceon|Wish|p1a: Glaceon\n|\n|upkeep\n|turn|26\n|\n|t:|1781386735\n|move|p1a: Glaceon|Protect|p1a: Glaceon\n|-singleturn|p1a: Glaceon|Protect\n|move|p2a: Scizor|Close Combat|p1a: Glaceon\n|-activate|p1a: Glaceon|move: Protect\n|\n|-heal|p1a: Glaceon|255/275|[from] move: Wish|[wisher] Glaceon\n|upkeep\n|turn|27\n|\n|t:|1781386754\n|move|p1a: Glaceon|Wish|p1a: Glaceon\n|move|p2a: Scizor|Close Combat|p1a: Glaceon\n|-supereffective|p1a: Glaceon\n|-crit|p1a: Glaceon\n|-damage|p1a: Glaceon|0 fnt\n|-unboost|p2a: Scizor|def|1\n|-unboost|p2a: Scizor|spd|1\n|faint|p1a: Glaceon\n|\n|upkeep\n|\n|t:|1781386765\n|switch|p1a: Lanturn|Lanturn, L89, F|238/367\n|turn|28\n|inactive|changry has 60 seconds left.\n|\n|t:|1781386783\n|switch|p2a: Kyurem|Kyurem, L77|156/319 brn\n|-ability|p2a: Kyurem|Pressure\n|move|p1a: Lanturn|Scald|p2a: Kyurem\n|-resisted|p2a: Kyurem\n|-damage|p2a: Kyurem|115/319 brn\n|\n|-heal|p1a: Lanturn|367/367|[from] move: Wish|[wisher] Glaceon\n|-damage|p2a: Kyurem|96/319 brn|[from] brn\n|upkeep\n|turn|29\n|inactive|changry has 60 seconds left.\n|\n|t:|1781386795\n|move|p2a: Kyurem|Earth Power|p1a: Lanturn\n|-supereffective|p1a: Lanturn\n|-damage|p1a: Lanturn|145/367\n|move|p1a: Lanturn|Ice Beam|p2a: Kyurem\n|-damage|p2a: Kyurem|34/319 brn\n|\n|-heal|p1a: Lanturn|167/367|[from] item: Leftovers\n|-damage|p2a: Kyurem|15/319 brn|[from] brn\n|upkeep\n|turn|30\n|inactive|changry has 60 seconds left.\n|\n|t:|1781386805\n|move|p2a: Kyurem|Earth Power|p1a: Lanturn\n|-supereffective|p1a: Lanturn\n|-damage|p1a: Lanturn|0 fnt\n|faint|p1a: Lanturn\n|\n|-damage|p2a: Kyurem|0 fnt|[from] brn\n|faint|p2a: Kyurem\n|upkeep\n|inactive|changry has 60 seconds left.\n|\n|t:|1781386816\n|switch|p2a: Brambleghast|Brambleghast, L88, F|240/240\n|switch|p1a: Garganacl|Garganacl, L80, F|291/291\n|turn|31\n|\n|t:|1781386824\n|move|p2a: Brambleghast|Leech Seed|p1a: Garganacl\n|-start|p1a: Garganacl|move: Leech Seed\n|move|p1a: Garganacl|Salt Cure|p2a: Brambleghast\n|-damage|p2a: Brambleghast|192/240\n|-start|p2a: Brambleghast|Salt Cure\n|\n|-heal|p2a: Brambleghast|207/240|[from] item: Leftovers\n|-damage|p1a: Garganacl|255/291|[from] Leech Seed|[of] p2a: Brambleghast\n|-heal|p2a: Brambleghast|240/240|[silent]\n|-damage|p2a: Brambleghast|210/240|[from] Salt Cure\n|upkeep\n|turn|32\n|-message|Alexander Babits forfeited.\n|\n|win|changry\n", "inputlog": ">version a8376a258c1d4662feba110a92103f3664a72141\n>start {\"formatid\":\"gen9randombattle\",\"seed\":\"sodium,2c50f8b7138d1f11b43efa578db65c94\",\"rated\":\"Rated battle\"}\n>player p1 {\"name\":\"Alexander Babits\",\"avatar\":\"265\",\"rating\":2015,\"seed\":\"sodium,cf063299a081dc86360439dfa91d19a1\"}\n>player p2 {\"name\":\"changry\",\"avatar\":\"266\",\"rating\":2042,\"seed\":\"sodium,4ead6b02c97089b38a1e53de38f36e17\"}\n>p1 switch 5\n>p2 move ficklebeam\n>p1 move roost\n>p2 move ficklebeam\n>p1 move roost\n>p2 move ficklebeam\n>p1 move thunderwave\n>p2 move ficklebeam\n>p1 move bugbuzz\n>p2 move ficklebeam\n>p1 move roost\n>p2 switch 2\n>p1 switch 3\n>p2 move meteorbeam\n>p1 move stoneedge\n>p2 move earthpower terastallize\n>p1 switch 3\n>p2 move meteorbeam\n>p1 move encore\n>p2 move meteorbeam\n>p1 switch 6\n>p1 move freezedry\n>p2 switch 6\n>p1 switch 2\n>p2 move closecombat\n>p1 move icebeam\n>p2 switch 4\n>p1 switch 3\n>p2 move focusblast\n>p1 switch 4\n>p1 move agility terastallize\n>p2 move psyshock\n>p1 move nightslash\n>p2 move focusblast\n>p2 switch 6\n>p1 move psychocut\n>p2 move earthpower\n>p1 move sacredsword\n>p2 move earthpower\n>p2 switch 4\n>p1 move sacredsword\n>p2 move bulletpunch\n>p1 switch 3\n>p1 move scald\n>p2 switch 5\n>p1 switch 2\n>p2 move earthpower\n>p1 move wish\n>p2 move earthpower\n>p1 move protect\n>p2 move earthpower\n>p1 move calmmind\n>p2 move earthpower\n>p1 move wish\n>p2 switch 5\n>p1 move protect\n>p2 move closecombat\n>p1 move wish\n>p2 move closecombat\n>p1 switch 2\n>p1 move scald\n>p2 switch 5\n>p1 move icebeam\n>p2 move earthpower\n>p1 move icebeam\n>p2 move earthpower\n>p1 switch 5\n>p2 switch 3\n>p1 move saltcure\n>p2 move leechseed\n>forcelose p1", "uploadtime": 1781386146, "views": 10, "formatid": "gen9randombattle", "rating": null, "private": 0, "password": null}