{"id": "gen9randombattle-2631557937", "format": "[Gen 9] Random Battle", "players": ["JerryAlex", "schleeby"], "log": "|j|\u2606JerryAlex\n|j|\u2606schleeby\n|t:|1781401068\n|gametype|singles\n|player|p1|JerryAlex|aaron|2007\n|player|p2|schleeby|rosa|1999\n|gen|9\n|tier|[Gen 9] Random Battle\n|rated|\n|rule|Species Clause: Limit one of each Pok\u00e9mon\n|rule|HP Percentage Mod: HP is shown in percentages\n|rule|Sleep Clause Mod: Limit one foe put to sleep\n|rule|Illusion Level Mod: Illusion disguises the Pok\u00e9mon's true level\n|\n|t:|1781401068\n|teamsize|p1|6\n|teamsize|p2|6\n|start\n|switch|p1a: Lapras|Lapras, L87, M|367/367\n|switch|p2a: Palossand|Palossand, L89, F|296/296\n|turn|1\n|inactive|Battle timer is ON: inactive players will automatically lose when time's up. (requested by JerryAlex)\n|\n|t:|1781401083\n|switch|p2a: Granbull|Granbull, L88, F|302/302\n|-ability|p2a: Granbull|Intimidate|boost\n|-unboost|p1a: Lapras|atk|1\n|move|p1a: Lapras|Dragon Dance|p1a: Lapras\n|-boost|p1a: Lapras|atk|1\n|-boost|p1a: Lapras|spe|1\n|\n|upkeep\n|turn|2\n|\n|t:|1781401091\n|switch|p1a: Zebstrika|Zebstrika, L87, M|272/272\n|move|p2a: Granbull|Thunder Wave|p1a: Zebstrika\n|-immune|p1a: Zebstrika\n|\n|upkeep\n|turn|3\n|\n|t:|1781401099\n|move|p1a: Zebstrika|Volt Switch|p2a: Granbull\n|-damage|p2a: Granbull|197/302\n|-damage|p1a: Zebstrika|245/272|[from] item: Life Orb\n|\n|t:|1781401111\n|switch|p1a: Mesprit|Mesprit, L85|275/275|[from] Volt Switch\n|move|p2a: Granbull|Earthquake|p1a: Mesprit\n|-immune|p1a: Mesprit|[from] ability: Levitate\n|\n|-heal|p2a: Granbull|215/302|[from] item: Leftovers\n|upkeep\n|turn|4\n|\n|t:|1781401124\n|switch|p2a: Trevenant|Trevenant, L89, F|296/296\n|move|p1a: Mesprit|U-turn|p2a: Trevenant\n|-damage|p2a: Trevenant|233/296\n|\n|t:|1781401129\n|switch|p1a: Ninetales|Ninetales-Alola, L78, M|242/242|[from] U-turn\n|-weather|Snowscape|[from] ability: Snow Warning|[of] p1a: Ninetales\n|\n|-weather|Snowscape|[upkeep]\n|upkeep\n|turn|5\n|\n|t:|1781401136\n|move|p1a: Ninetales|Blizzard|p2a: Trevenant\n|-supereffective|p2a: Trevenant\n|-crit|p2a: Trevenant\n|-damage|p2a: Trevenant|0 fnt\n|faint|p2a: Trevenant\n|\n|-weather|Snowscape|[upkeep]\n|upkeep\n|\n|t:|1781401141\n|switch|p2a: Magmortar|Magmortar, L88, F|275/275\n|turn|6\n|\n|t:|1781401152\n|switch|p1a: Whiscash|Whiscash, L88, M|337/337\n|move|p2a: Magmortar|Fire Blast|p1a: Whiscash|[miss]\n|-miss|p2a: Magmortar|p1a: Whiscash\n|\n|-weather|Snowscape|[upkeep]\n|upkeep\n|turn|7\n|\n|t:|1781401158\n|switch|p2a: Ogerpon|Ogerpon-Wellspring, L76, F|247/247\n|move|p1a: Whiscash|Dragon Dance|p1a: Whiscash\n|-boost|p1a: Whiscash|atk|1\n|-boost|p1a: Whiscash|spe|1\n|\n|-weather|Snowscape|[upkeep]\n|upkeep\n|turn|8\n|\n|t:|1781401167\n|switch|p1a: Mesprit|Mesprit, L85|275/275\n|move|p2a: Ogerpon|Horn Leech|p1a: Mesprit\n|-damage|p1a: Mesprit|200/275\n|\n|-weather|none\n|-heal|p1a: Mesprit|217/275|[from] item: Leftovers\n|upkeep\n|turn|9\n|\n|t:|1781401175\n|switch|p2a: Mudsdale|Mudsdale, L83, F|302/302\n|move|p1a: Mesprit|Thunder Wave|p2a: Mudsdale\n|-immune|p2a: Mudsdale\n|\n|-heal|p1a: Mesprit|234/275|[from] item: Leftovers\n|upkeep\n|turn|10\n|\n|t:|1781401184\n|move|p1a: Mesprit|Psychic Noise|p2a: Mudsdale\n|-damage|p2a: Mudsdale|209/302\n|-start|p2a: Mudsdale|move: Heal Block\n|-ability|p2a: Mudsdale|Stamina|boost\n|-boost|p2a: Mudsdale|def|1\n|move|p2a: Mudsdale|Heavy Slam|p1a: Mesprit\n|-damage|p1a: Mesprit|152/275\n|\n|-heal|p1a: Mesprit|169/275|[from] item: Leftovers\n|upkeep\n|turn|11\n|\n|t:|1781401203\n|move|p1a: Mesprit|Psychic Noise|p2a: Mudsdale\n|-damage|p2a: Mudsdale|115/302\n|-ability|p2a: Mudsdale|Stamina|boost\n|-boost|p2a: Mudsdale|def|1\n|move|p2a: Mudsdale|Heavy Slam|p1a: Mesprit\n|-damage|p1a: Mesprit|74/275\n|\n|-heal|p1a: Mesprit|91/275|[from] item: Leftovers\n|-end|p2a: Mudsdale|move: Heal Block\n|upkeep\n|turn|12\n|\n|t:|1781401223\n|move|p1a: Mesprit|Psychic Noise|p2a: Mudsdale\n|-crit|p2a: Mudsdale\n|-damage|p2a: Mudsdale|0 fnt\n|faint|p2a: Mudsdale\n|\n|-heal|p1a: Mesprit|108/275|[from] item: Leftovers\n|upkeep\n|\n|t:|1781401232\n|switch|p2a: Ogerpon|Ogerpon-Wellspring, L76, F|247/247\n|turn|13\n|\n|t:|1781401236\n|move|p2a: Ogerpon|Knock Off|p1a: Mesprit\n|-supereffective|p1a: Mesprit\n|-damage|p1a: Mesprit|0 fnt\n|-enditem|p1a: Mesprit|Leftovers|[from] move: Knock Off|[of] p2a: Ogerpon\n|faint|p1a: Mesprit\n|\n|upkeep\n|inactive|JerryAlex has 120 seconds left.\n|\n|t:|1781401272\n|switch|p1a: Zebstrika|Zebstrika, L87, M|245/272\n|turn|14\n|\n|t:|1781401279\n|switch|p2a: Palossand|Palossand, L89, F|296/296\n|move|p1a: Zebstrika|Overheat|p2a: Palossand\n|-damage|p2a: Palossand|171/296\n|-unboost|p1a: Zebstrika|spa|2\n|-damage|p1a: Zebstrika|218/272|[from] item: Life Orb\n|\n|-heal|p2a: Palossand|189/296|[from] item: Leftovers\n|upkeep\n|turn|15\n|\n|t:|1781401292\n|switch|p1a: Ninetales|Ninetales-Alola, L78, M|242/242\n|-weather|Snowscape|[from] ability: Snow Warning|[of] p1a: Ninetales\n|move|p2a: Palossand|Stealth Rock|p1a: Ninetales\n|-sidestart|p1: JerryAlex|move: Stealth Rock\n|\n|-weather|Snowscape|[upkeep]\n|-heal|p2a: Palossand|207/296|[from] item: Leftovers\n|upkeep\n|turn|16\n|\n|t:|1781401304\n|switch|p2a: Magmortar|Magmortar, L88, F|275/275\n|move|p1a: Ninetales|Aurora Veil|p1a: Ninetales\n|-sidestart|p1: JerryAlex|move: Aurora Veil\n|\n|-weather|Snowscape|[upkeep]\n|upkeep\n|turn|17\n|inactive|JerryAlex has 120 seconds left.\n|\n|t:|1781401331\n|switch|p1a: Whiscash|Whiscash, L88, M|337/337\n|-damage|p1a: Whiscash|316/337|[from] Stealth Rock\n|move|p2a: Magmortar|Knock Off|p1a: Whiscash\n|-crit|p1a: Whiscash\n|-damage|p1a: Whiscash|186/337\n|-enditem|p1a: Whiscash|Life Orb|[from] move: Knock Off|[of] p2a: Magmortar\n|\n|-weather|Snowscape|[upkeep]\n|upkeep\n|turn|18\n|\n|t:|1781401342\n|switch|p2a: Ogerpon|Ogerpon-Wellspring, L76, F|247/247\n|move|p1a: Whiscash|Stone Edge|p2a: Ogerpon|[miss]\n|-miss|p1a: Whiscash|p2a: Ogerpon\n|\n|-weather|Snowscape|[upkeep]\n|upkeep\n|turn|19\n|inactive|JerryAlex has 120 seconds left.\n|\n|t:|1781401364\n|switch|p1a: Ninetales|Ninetales-Alola, L78, M|242/242\n|-damage|p1a: Ninetales|182/242|[from] Stealth Rock\n|move|p2a: Ogerpon|Horn Leech|p1a: Ninetales\n|-damage|p1a: Ninetales|143/242\n|\n|-weather|none\n|upkeep\n|turn|20\n|\n|t:|1781401372\n|switch|p2a: Magmortar|Magmortar, L88, F|275/275\n|move|p1a: Ninetales|Moonblast|p2a: Magmortar\n|-resisted|p2a: Magmortar\n|-damage|p2a: Magmortar|242/275\n|\n|upkeep\n|turn|21\n|\n|t:|1781401380\n|move|p1a: Ninetales|Moonblast|p2a: Magmortar\n|-resisted|p2a: Magmortar\n|-damage|p2a: Magmortar|209/275\n|move|p2a: Magmortar|Knock Off|p1a: Ninetales\n|-resisted|p1a: Ninetales\n|-damage|p1a: Ninetales|123/242\n|-enditem|p1a: Ninetales|Light Clay|[from] move: Knock Off|[of] p2a: Magmortar\n|\n|upkeep\n|turn|22\n|\n|t:|1781401386\n|move|p1a: Ninetales|Encore|p2a: Magmortar\n|-start|p2a: Magmortar|Encore\n|move|p2a: Magmortar|Knock Off|p1a: Ninetales\n|-resisted|p1a: Ninetales\n|-damage|p1a: Ninetales|107/242\n|\n|upkeep\n|turn|23\n|\n|t:|1781401392\n|switch|p2a: Granbull|Granbull, L88, F|215/302\n|-ability|p2a: Granbull|Intimidate|boost\n|-unboost|p1a: Ninetales|atk|1\n|move|p1a: Ninetales|Moonblast|p2a: Granbull\n|-damage|p2a: Granbull|115/302\n|\n|-heal|p2a: Granbull|133/302|[from] item: Leftovers\n|-sideend|p1: JerryAlex|move: Aurora Veil\n|upkeep\n|turn|24\n|\n|t:|1781401396\n|switch|p2a: Magmortar|Magmortar, L88, F|209/275\n|move|p1a: Ninetales|Moonblast|p2a: Magmortar\n|-resisted|p2a: Magmortar\n|-damage|p2a: Magmortar|176/275\n|-unboost|p2a: Magmortar|spa|1\n|\n|upkeep\n|turn|25\n|\n|t:|1781401401\n|switch|p1a: Whiscash|Whiscash, L88, M|186/337\n|-damage|p1a: Whiscash|165/337|[from] Stealth Rock\n|move|p2a: Magmortar|Fire Blast|p1a: Whiscash|[miss]\n|-miss|p2a: Magmortar|p1a: Whiscash\n|\n|upkeep\n|turn|26\n|\n|t:|1781401408\n|switch|p2a: Ogerpon|Ogerpon-Wellspring, L76, F|247/247\n|switch|p1a: Ninetales|Ninetales-Alola, L78, M|107/242\n|-damage|p1a: Ninetales|47/242|[from] Stealth Rock\n|-weather|Snowscape|[from] ability: Snow Warning|[of] p1a: Ninetales\n|\n|-weather|Snowscape|[upkeep]\n|upkeep\n|turn|27\n|\n|t:|1781401418\n|move|p1a: Ninetales|Aurora Veil|p1a: Ninetales\n|-sidestart|p1: JerryAlex|move: Aurora Veil\n|move|p2a: Ogerpon|Horn Leech|p1a: Ninetales\n|-damage|p1a: Ninetales|8/242\n|\n|-weather|Snowscape|[upkeep]\n|upkeep\n|turn|28\n|\n|t:|1781401426\n|switch|p2a: Granbull|Granbull, L88, F|133/302\n|-ability|p2a: Granbull|Intimidate|boost\n|-unboost|p1a: Ninetales|atk|1\n|move|p1a: Ninetales|Encore||[still]\n|-fail|p1a: Ninetales\n|\n|-weather|Snowscape|[upkeep]\n|-heal|p2a: Granbull|151/302|[from] item: Leftovers\n|upkeep\n|turn|29\n|\n|t:|1781401436\n|move|p1a: Ninetales|Blizzard|p2a: Granbull\n|-damage|p2a: Granbull|40/302\n|move|p2a: Granbull|Roar|p1a: Ninetales\n|drag|p1a: Lapras|Lapras, L87, M|367/367\n|-damage|p1a: Lapras|276/367|[from] Stealth Rock\n|\n|-weather|Snowscape|[upkeep]\n|-heal|p2a: Granbull|58/302|[from] item: Leftovers\n|upkeep\n|turn|30\n|\n|t:|1781401454\n|-terastallize|p1a: Lapras|Ground\n|move|p1a: Lapras|Dragon Dance|p1a: Lapras\n|-boost|p1a: Lapras|atk|1\n|-boost|p1a: Lapras|spe|1\n|move|p2a: Granbull|Roar|p1a: Lapras\n|drag|p1a: Excadrill|Excadrill, L79, F|303/303\n|-damage|p1a: Excadrill|294/303|[from] Stealth Rock\n|-ability|p1a: Excadrill|Mold Breaker\n|\n|-weather|none\n|-heal|p2a: Granbull|76/302|[from] item: Leftovers\n|upkeep\n|turn|31\n|\n|t:|1781401463\n|switch|p2a: Palossand|Palossand, L89, F|207/296\n|move|p1a: Excadrill|Rapid Spin|p2a: Palossand\n|-immune|p2a: Palossand\n|\n|-heal|p2a: Palossand|225/296|[from] item: Leftovers\n|-sideend|p1: JerryAlex|move: Aurora Veil\n|upkeep\n|turn|32\n|\n|t:|1781401469\n|switch|p1a: Whiscash|Whiscash, L88, M|165/337\n|-damage|p1a: Whiscash|144/337|[from] Stealth Rock\n|move|p2a: Palossand|Earth Power|p1a: Whiscash\n|-damage|p1a: Whiscash|27/337\n|\n|-heal|p2a: Palossand|243/296|[from] item: Leftovers\n|upkeep\n|turn|33\n|\n|t:|1781401473\n|switch|p2a: Ogerpon|Ogerpon-Wellspring, L76, F|247/247\n|move|p1a: Whiscash|Earthquake|p2a: Ogerpon\n|-resisted|p2a: Ogerpon\n|-damage|p2a: Ogerpon|191/247\n|\n|upkeep\n|turn|34\n|\n|t:|1781401477\n|move|p2a: Ogerpon|Horn Leech|p1a: Whiscash\n|-supereffective|p1a: Whiscash\n|-damage|p1a: Whiscash|0 fnt\n|-heal|p2a: Ogerpon|205/247|[from] drain|[of] p1a: Whiscash\n|faint|p1a: Whiscash\n|\n|upkeep\n|\n|t:|1781401483\n|switch|p1a: Zebstrika|Zebstrika, L87, M|218/272\n|-damage|p1a: Zebstrika|184/272|[from] Stealth Rock\n|turn|35\n|\n|t:|1781401489\n|switch|p2a: Granbull|Granbull, L88, F|76/302\n|-ability|p2a: Granbull|Intimidate|boost\n|-unboost|p1a: Zebstrika|atk|1\n|move|p1a: Zebstrika|Overheat|p2a: Granbull\n|-damage|p2a: Granbull|0 fnt\n|-unboost|p1a: Zebstrika|spa|2\n|faint|p2a: Granbull\n|-damage|p1a: Zebstrika|157/272|[from] item: Life Orb\n|\n|upkeep\n|\n|t:|1781401496\n|switch|p2a: Ogerpon|Ogerpon-Wellspring, L76, F|205/247\n|turn|36\n|\n|t:|1781401504\n|move|p1a: Zebstrika|Supercell Slam|p2a: Ogerpon\n|-damage|p2a: Ogerpon|80/247\n|-damage|p1a: Zebstrika|130/272|[from] item: Life Orb\n|move|p2a: Ogerpon|Horn Leech|p1a: Zebstrika\n|-ability|p1a: Zebstrika|Sap Sipper|boost\n|-boost|p1a: Zebstrika|atk|1\n|\n|upkeep\n|turn|37\n|\n|t:|1781401512\n|switch|p2a: Palossand|Palossand, L89, F|243/296\n|move|p1a: Zebstrika|Volt Switch|p2a: Palossand\n|-immune|p2a: Palossand\n|\n|-heal|p2a: Palossand|261/296|[from] item: Leftovers\n|upkeep\n|turn|38\n|\n|t:|1781401519\n|switch|p1a: Ninetales|Ninetales-Alola, L78, M|8/242\n|-damage|p1a: Ninetales|0 fnt|[from] Stealth Rock\n|faint|p1a: Ninetales\n|switch|p2a: Ogerpon|Ogerpon-Wellspring, L76, F|80/247\n|\n|upkeep\n|\n|t:|1781401522\n|switch|p1a: Lapras|Lapras, L87, M, tera:Ground|276/367\n|-damage|p1a: Lapras|254/367|[from] Stealth Rock\n|turn|39\n|\n|t:|1781401531\n|switch|p1a: Zebstrika|Zebstrika, L87, M|130/272\n|-damage|p1a: Zebstrika|96/272|[from] Stealth Rock\n|move|p2a: Ogerpon|Horn Leech|p1a: Zebstrika\n|-ability|p1a: Zebstrika|Sap Sipper|boost\n|-boost|p1a: Zebstrika|atk|1\n|\n|upkeep\n|turn|40\n|\n|t:|1781401539\n|switch|p2a: Magmortar|Magmortar, L88, F|176/275\n|move|p1a: Zebstrika|Overheat|p2a: Magmortar|[miss]\n|-miss|p1a: Zebstrika|p2a: Magmortar\n|\n|upkeep\n|turn|41\n|\n|t:|1781401546\n|switch|p2a: Palossand|Palossand, L89, F|261/296\n|move|p1a: Zebstrika|Supercell Slam|p2a: Palossand\n|-immune|p2a: Palossand\n|-damage|p1a: Zebstrika|0 fnt|[from] supercellslam\n|faint|p1a: Zebstrika\n|\n|-heal|p2a: Palossand|279/296|[from] item: Leftovers\n|upkeep\n|\n|t:|1781401557\n|switch|p1a: Lapras|Lapras, L87, M, tera:Ground|254/367\n|-damage|p1a: Lapras|232/367|[from] Stealth Rock\n|turn|42\n|\n|t:|1781401566\n|-terastallize|p2a: Palossand|Water\n|move|p1a: Lapras|Dragon Dance|p1a: Lapras\n|-boost|p1a: Lapras|atk|1\n|-boost|p1a: Lapras|spe|1\n|move|p2a: Palossand|Earth Power|p1a: Lapras\n|-damage|p1a: Lapras|126/367\n|\n|-heal|p2a: Palossand|296/296|[from] item: Leftovers\n|upkeep\n|turn|43\n|\n|t:|1781401572\n|move|p1a: Lapras|Earthquake|p2a: Palossand\n|-damage|p2a: Palossand|173/296\n|move|p2a: Palossand|Earth Power|p1a: Lapras\n|-damage|p1a: Lapras|23/367\n|\n|-heal|p2a: Palossand|191/296|[from] item: Leftovers\n|upkeep\n|turn|44\n|\n|t:|1781401575\n|move|p1a: Lapras|Earthquake|p2a: Palossand\n|-damage|p2a: Palossand|77/296\n|move|p2a: Palossand|Earth Power|p1a: Lapras\n|-damage|p1a: Lapras|0 fnt\n|faint|p1a: Lapras\n|\n|-heal|p2a: Palossand|95/296|[from] item: Leftovers\n|upkeep\n|\n|t:|1781401582\n|switch|p1a: Excadrill|Excadrill, L79, F|294/303\n|-damage|p1a: Excadrill|285/303|[from] Stealth Rock\n|-ability|p1a: Excadrill|Mold Breaker\n|turn|45\n|\n|t:|1781401584\n|move|p1a: Excadrill|Rapid Spin|p2a: Palossand\n|-damage|p2a: Palossand|62/296\n|-boost|p1a: Excadrill|spe|1\n|-sideend|p1: JerryAlex|Stealth Rock|[from] move: Rapid Spin|[of] p1a: Excadrill\n|move|p2a: Palossand|Shore Up|p2a: Palossand\n|-heal|p2a: Palossand|210/296\n|\n|-heal|p2a: Palossand|228/296|[from] item: Leftovers\n|upkeep\n|turn|46\n|\n|t:|1781401590\n|move|p1a: Excadrill|Earthquake|p2a: Palossand\n|-damage|p2a: Palossand|125/296\n|move|p2a: Palossand|Earth Power|p1a: Excadrill\n|-supereffective|p1a: Excadrill\n|-damage|p1a: Excadrill|91/303\n|\n|-heal|p2a: Palossand|143/296|[from] item: Leftovers\n|upkeep\n|turn|47\n|\n|t:|1781401592\n|move|p1a: Excadrill|Earthquake|p2a: Palossand\n|-damage|p2a: Palossand|43/296\n|move|p2a: Palossand|Earth Power|p1a: Excadrill\n|-supereffective|p1a: Excadrill\n|-damage|p1a: Excadrill|0 fnt\n|faint|p1a: Excadrill\n|\n|win|schleeby\n|raw|JerryAlex's rating: 2007 &rarr; <strong>1987</strong><br />(-20 for losing)\n|raw|schleeby's rating: 1999 &rarr; <strong>2019</strong><br />(+20 for winning)\n", "uploadtime": 1781401069, "views": 3, "formatid": "gen9randombattle", "rating": 1987, "private": 0, "password": null}