{"id": "gen9randombattle-2632004714", "format": "[Gen 9] Random Battle", "players": ["Saaskin", "bluffmepls"], "log": "|j|\u2606Saaskin\n|j|\u2606bluffmepls\n|t:|1781465002\n|gametype|singles\n|player|p1|Saaskin|169|2069\n|player|p2|bluffmepls|169|2050\n|gen|9\n|tier|[Gen 9] Random Battle\n|rated|\n|rule|Species Clause: Limit one of each Pok\u00e9mon\n|rule|HP Percentage Mod: HP is shown in percentages\n|rule|Sleep Clause Mod: Limit one foe put to sleep\n|rule|Illusion Level Mod: Illusion disguises the Pok\u00e9mon's true level\n|\n|t:|1781465002\n|teamsize|p1|6\n|teamsize|p2|6\n|start\n|switch|p1a: Breloom|Breloom, L83, F|235/235\n|switch|p2a: Venomoth|Venomoth, L84, M|255/255\n|turn|1\n|inactive|Battle timer is ON: inactive players will automatically lose when time's up. (requested by bluffmepls)\n|inactive|Saaskin also wants the timer to be on.\n|\n|t:|1781465012\n|switch|p1a: Slowking|Slowking-Galar, L85, M|300/300\n|move|p2a: Venomoth|Sludge Wave|p1a: Slowking\n|-resisted|p1a: Slowking\n|-damage|p1a: Slowking|250/300\n|\n|upkeep\n|turn|2\n|\n|t:|1781465017\n|move|p2a: Venomoth|Sleep Powder|p1a: Slowking|[miss]\n|-miss|p2a: Venomoth|p1a: Slowking\n|move|p1a: Slowking|Psychic Noise|p2a: Venomoth\n|-supereffective|p2a: Venomoth\n|-damage|p2a: Venomoth|39/255\n|-start|p2a: Venomoth|move: Heal Block\n|\n|upkeep\n|turn|3\n|\n|t:|1781465023\n|switch|p1a: Breloom|Breloom, L83, F|235/235\n|move|p2a: Venomoth|Sleep Powder|p1a: Breloom\n|-immune|p1a: Breloom\n|\n|-end|p2a: Venomoth|move: Heal Block\n|upkeep\n|turn|4\n|\n|t:|1781465027\n|move|p1a: Breloom|Mach Punch|p2a: Venomoth\n|-resisted|p2a: Venomoth\n|-damage|p2a: Venomoth|8/255\n|-damage|p1a: Breloom|212/235|[from] item: Life Orb\n|move|p2a: Venomoth|Sludge Wave|p1a: Breloom\n|-supereffective|p1a: Breloom\n|-damage|p1a: Breloom|0 fnt\n|faint|p1a: Breloom\n|\n|upkeep\n|\n|t:|1781465031\n|switch|p1a: Calyrex|Calyrex-Shadow, L64|235/235\n|-ability|p1a: Calyrex|As One\n|-ability|p1a: Calyrex|Unnerve\n|turn|5\n|\n|t:|1781465039\n|switch|p2a: Muk|Muk, L86, M|321/321\n|move|p1a: Calyrex|Psyshock|p2a: Muk\n|-supereffective|p2a: Muk\n|-damage|p2a: Muk|108/321\n|-damage|p1a: Calyrex|212/235|[from] item: Life Orb\n|\n|upkeep\n|turn|6\n|\n|t:|1781465046\n|switch|p2a: Venomoth|Venomoth, L84, M|8/255\n|move|p1a: Calyrex|Psyshock|p2a: Venomoth\n|-supereffective|p2a: Venomoth\n|-damage|p2a: Venomoth|0 fnt\n|faint|p2a: Venomoth\n|-ability|p1a: Calyrex|Grim Neigh|boost\n|-boost|p1a: Calyrex|spa|1\n|-damage|p1a: Calyrex|189/235|[from] item: Life Orb\n|\n|upkeep\n|\n|t:|1781465055\n|switch|p2a: Milotic|Milotic, L83, F|293/293\n|turn|7\n|\n|t:|1781465060\n|move|p1a: Calyrex|Psyshock|p2a: Milotic\n|-damage|p2a: Milotic|121/293\n|-damage|p1a: Calyrex|166/235|[from] item: Life Orb\n|move|p2a: Milotic|Dragon Tail|p1a: Calyrex\n|-crit|p1a: Calyrex\n|-damage|p1a: Calyrex|104/235\n|drag|p1a: Pelipper|Pelipper, L86, F|243/243\n|-weather|RainDance|[from] ability: Drizzle|[of] p1a: Pelipper\n|\n|-weather|RainDance|[upkeep]\n|-heal|p2a: Milotic|139/293|[from] item: Leftovers\n|upkeep\n|turn|8\n|\n|t:|1781465073\n|move|p2a: Milotic|Recover|p2a: Milotic\n|-heal|p2a: Milotic|286/293\n|move|p1a: Pelipper|Hurricane|p2a: Milotic\n|-damage|p2a: Milotic|184/293\n|\n|-weather|RainDance|[upkeep]\n|-heal|p2a: Milotic|202/293|[from] item: Leftovers\n|upkeep\n|turn|9\n|\n|t:|1781465077\n|move|p2a: Milotic|Ice Beam|p1a: Pelipper\n|-damage|p1a: Pelipper|171/243\n|move|p1a: Pelipper|U-turn|p2a: Milotic\n|-damage|p2a: Milotic|162/293\n|\n|t:|1781465082\n|switch|p1a: Slowking|Slowking-Galar, L85, M|300/300|[from] U-turn\n|\n|-weather|RainDance|[upkeep]\n|-heal|p2a: Milotic|180/293|[from] item: Leftovers\n|upkeep\n|turn|10\n|\n|t:|1781465085\n|move|p2a: Milotic|Scald|p1a: Slowking\n|-damage|p1a: Slowking|230/300\n|move|p1a: Slowking|Psychic Noise|p2a: Milotic\n|-damage|p2a: Milotic|111/293\n|-start|p2a: Milotic|move: Heal Block\n|\n|-weather|RainDance|[upkeep]\n|upkeep\n|turn|11\n|\n|t:|1781465091\n|move|p2a: Milotic|Scald|p1a: Slowking\n|-damage|p1a: Slowking|161/300\n|move|p1a: Slowking|Sludge Bomb|p2a: Milotic\n|-damage|p2a: Milotic|23/293\n|\n|-weather|none\n|-end|p2a: Milotic|move: Heal Block\n|upkeep\n|turn|12\n|\n|t:|1781465096\n|move|p2a: Milotic|Recover|p2a: Milotic\n|-heal|p2a: Milotic|170/293\n|move|p1a: Slowking|Sludge Bomb|p2a: Milotic\n|-damage|p2a: Milotic|86/293\n|-status|p2a: Milotic|psn\n|\n|-heal|p2a: Milotic|104/293 psn|[from] item: Leftovers\n|-damage|p2a: Milotic|68/293 psn|[from] psn\n|upkeep\n|turn|13\n|\n|t:|1781465099\n|move|p2a: Milotic|Recover|p2a: Milotic\n|-heal|p2a: Milotic|215/293 psn\n|move|p1a: Slowking|Psychic Noise|p2a: Milotic\n|-damage|p2a: Milotic|148/293 psn\n|-start|p2a: Milotic|move: Heal Block\n|\n|-damage|p2a: Milotic|112/293 psn|[from] psn\n|upkeep\n|turn|14\n|\n|t:|1781465104\n|move|p2a: Milotic|Scald|p1a: Slowking\n|-damage|p1a: Slowking|118/300\n|move|p1a: Slowking|Psychic Noise|p2a: Milotic\n|-damage|p2a: Milotic|36/293 psn\n|\n|-damage|p2a: Milotic|0 fnt|[from] psn\n|faint|p2a: Milotic\n|upkeep\n|\n|t:|1781465110\n|switch|p2a: Muk|Muk, L86, M|108/321\n|turn|15\n|\n|t:|1781465114\n|switch|p1a: Pelipper|Pelipper, L86, F|171/243\n|-weather|RainDance|[from] ability: Drizzle|[of] p1a: Pelipper\n|move|p2a: Muk|Knock Off|p1a: Pelipper\n|-damage|p1a: Pelipper|109/243\n|-enditem|p1a: Pelipper|Heavy-Duty Boots|[from] move: Knock Off|[of] p2a: Muk\n|\n|-weather|RainDance|[upkeep]\n|upkeep\n|turn|16\n|\n|t:|1781465123\n|move|p2a: Muk|Shadow Sneak|p1a: Pelipper\n|-damage|p1a: Pelipper|78/243\n|move|p1a: Pelipper|Surf|p2a: Muk\n|-damage|p2a: Muk|26/321\n|\n|-weather|RainDance|[upkeep]\n|upkeep\n|turn|17\n|\n|t:|1781465128\n|move|p2a: Muk|Shadow Sneak|p1a: Pelipper\n|-damage|p1a: Pelipper|49/243\n|move|p1a: Pelipper|Surf|p2a: Muk\n|-damage|p2a: Muk|0 fnt\n|faint|p2a: Muk\n|\n|-weather|RainDance|[upkeep]\n|upkeep\n|\n|t:|1781465130\n|switch|p2a: Lugia|Lugia, L73|275/275\n|turn|18\n|\n|t:|1781465135\n|move|p2a: Lugia|Calm Mind|p2a: Lugia\n|-boost|p2a: Lugia|spa|1\n|-boost|p2a: Lugia|spd|1\n|move|p1a: Pelipper|U-turn|p2a: Lugia\n|-damage|p2a: Lugia|262/275\n|\n|t:|1781465138\n|switch|p1a: Slowking|Slowking-Galar, L85, M|218/300|[from] U-turn\n|\n|-weather|RainDance|[upkeep]\n|upkeep\n|turn|19\n|\n|t:|1781465148\n|move|p2a: Lugia|Calm Mind|p2a: Lugia\n|-boost|p2a: Lugia|spa|1\n|-boost|p2a: Lugia|spd|1\n|move|p1a: Slowking|Sludge Bomb|p2a: Lugia\n|-damage|p2a: Lugia|222/275\n|-status|p2a: Lugia|psn\n|\n|-weather|none\n|-damage|p2a: Lugia|188/275 psn|[from] psn\n|upkeep\n|turn|20\n|\n|t:|1781465151\n|move|p2a: Lugia|Aeroblast|p1a: Slowking\n|-damage|p1a: Slowking|139/300\n|move|p1a: Slowking|Psychic Noise|p2a: Lugia\n|-resisted|p2a: Lugia\n|-damage|p2a: Lugia|172/275 psn\n|-start|p2a: Lugia|move: Heal Block\n|\n|-damage|p2a: Lugia|138/275 psn|[from] psn\n|upkeep\n|turn|21\n|\n|t:|1781465162\n|move|p2a: Lugia|Psychic Noise|p1a: Slowking\n|-damage|p1a: Slowking|69/300\n|-start|p1a: Slowking|move: Heal Block\n|move|p1a: Slowking|Psychic Noise|p2a: Lugia\n|-resisted|p2a: Lugia\n|-damage|p2a: Lugia|122/275 psn\n|\n|-damage|p2a: Lugia|88/275 psn|[from] psn\n|-end|p2a: Lugia|move: Heal Block\n|upkeep\n|turn|22\n|\n|t:|1781465166\n|switch|p1a: Calyrex|Calyrex-Shadow, L64|104/235\n|-ability|p1a: Calyrex|As One\n|-ability|p1a: Calyrex|Unnerve\n|move|p2a: Lugia|Recover|p2a: Lugia\n|-heal|p2a: Lugia|226/275 psn\n|\n|-damage|p2a: Lugia|192/275 psn|[from] psn\n|upkeep\n|turn|23\n|\n|t:|1781465172\n|-terastallize|p1a: Calyrex|Ghost\n|move|p1a: Calyrex|Astral Barrage|p2a: Lugia\n|-supereffective|p2a: Lugia\n|-damage|p2a: Lugia|52/275 psn\n|-damage|p1a: Calyrex|81/235|[from] item: Life Orb\n|move|p2a: Lugia|Aeroblast|p1a: Calyrex\n|-crit|p1a: Calyrex\n|-damage|p1a: Calyrex|0 fnt\n|faint|p1a: Calyrex\n|\n|-damage|p2a: Lugia|18/275 psn|[from] psn\n|upkeep\n|\n|t:|1781465179\n|switch|p1a: Ribombee|Ribombee, L83, M|235/235\n|turn|24\n|\n|t:|1781465183\n|move|p1a: Ribombee|Moonblast|p2a: Lugia\n|-damage|p2a: Lugia|0 fnt\n|faint|p2a: Lugia\n|\n|upkeep\n|\n|t:|1781465185\n|switch|p2a: Magnezone|Magnezone, L85|258/258\n|turn|25\n|\n|t:|1781465193\n|move|p1a: Ribombee|Sticky Web|p2a: Magnezone\n|-sidestart|p2: bluffmepls|move: Sticky Web\n|move|p2a: Magnezone|Flash Cannon|p1a: Ribombee\n|-supereffective|p1a: Ribombee\n|-damage|p1a: Ribombee|0 fnt\n|faint|p1a: Ribombee\n|\n|upkeep\n|\n|t:|1781465202\n|switch|p1a: Slowking|Slowking-Galar, L85, M|169/300\n|turn|26\n|\n|t:|1781465206\n|move|p2a: Magnezone|Thunderbolt|p1a: Slowking\n|-damage|p1a: Slowking|105/300\n|move|p1a: Slowking|Fire Blast|p2a: Magnezone\n|-supereffective|p2a: Magnezone\n|-damage|p2a: Magnezone|100/258\n|\n|-heal|p2a: Magnezone|116/258|[from] item: Leftovers\n|upkeep\n|turn|27\n|\n|t:|1781465211\n|switch|p2a: Altaria|Altaria, L89, M|278/278\n|switch|p1a: Pelipper|Pelipper, L86, F|49/243\n|-weather|RainDance|[from] ability: Drizzle|[of] p1a: Pelipper\n|\n|-weather|RainDance|[upkeep]\n|upkeep\n|turn|28\n|\n|t:|1781465222\n|move|p2a: Altaria|Dragon Dance|p2a: Altaria\n|-boost|p2a: Altaria|atk|1\n|-boost|p2a: Altaria|spe|1\n|move|p1a: Pelipper|Hurricane|p2a: Altaria\n|-damage|p2a: Altaria|173/278\n|\n|-weather|RainDance|[upkeep]\n|upkeep\n|turn|29\n|\n|t:|1781465227\n|move|p2a: Altaria|Brave Bird|p1a: Pelipper\n|-damage|p1a: Pelipper|0 fnt\n|faint|p1a: Pelipper\n|-damage|p2a: Altaria|157/278|[from] Recoil\n|\n|-weather|RainDance|[upkeep]\n|upkeep\n|\n|t:|1781465229\n|switch|p1a: Clawitzer|Clawitzer, L87, M|265/265\n|turn|30\n|\n|t:|1781465242\n|-terastallize|p2a: Altaria|Steel\n|move|p2a: Altaria|Roost|p2a: Altaria\n|-heal|p2a: Altaria|278/278\n|move|p1a: Clawitzer|Water Pulse|p2a: Altaria\n|-damage|p2a: Altaria|68/278\n|\n|-weather|RainDance|[upkeep]\n|upkeep\n|turn|31\n|\n|t:|1781465251\n|move|p2a: Altaria|Brave Bird|p1a: Clawitzer\n|-damage|p1a: Clawitzer|100/265\n|-damage|p2a: Altaria|14/278|[from] Recoil\n|move|p1a: Clawitzer|Water Pulse|p2a: Altaria\n|-damage|p2a: Altaria|0 fnt\n|faint|p2a: Altaria\n|\n|-weather|none\n|upkeep\n|\n|t:|1781465254\n|switch|p2a: Magnezone|Magnezone, L85|116/258\n|-activate|p2a: Magnezone|move: Sticky Web\n|-unboost|p2a: Magnezone|spe|1\n|turn|32\n|\n|t:|1781465256\n|move|p1a: Clawitzer|Water Pulse|p2a: Magnezone\n|-damage|p2a: Magnezone|0 fnt\n|faint|p2a: Magnezone\n|\n|win|Saaskin\n|raw|Saaskin's rating: 2069 &rarr; <strong>2088</strong><br />(+19 for winning)\n|raw|bluffmepls's rating: 2050 &rarr; <strong>2031</strong><br />(-19 for losing)\n|l|\u2606bluffmepls\n|player|p2|\n", "uploadtime": 1781465004, "views": 7, "formatid": "gen9randombattle", "rating": 2031, "private": 0, "password": null}