{"id": "gen9randombattle-2631542341", "format": "[Gen 9] Random Battle", "players": ["Ryemikyu", "Addddlleyy"], "log": "|j|\u2606Ryemikyu\n|j|\u2606Addddlleyy\n|t:|1781398904\n|gametype|singles\n|player|p1|Ryemikyu|acerola|2082\n|player|p2|Addddlleyy|swimmer|2014\n|gen|9\n|tier|[Gen 9] Random Battle\n|rated|\n|rule|Species Clause: Limit one of each Pok\u00e9mon\n|rule|HP Percentage Mod: HP is shown in percentages\n|rule|Sleep Clause Mod: Limit one foe put to sleep\n|rule|Illusion Level Mod: Illusion disguises the Pok\u00e9mon's true level\n|\n|t:|1781398904\n|teamsize|p1|6\n|teamsize|p2|6\n|start\n|switch|p1a: Breloom|Breloom, L83, M|235/235\n|switch|p2a: Stonjourner|Stonjourner, L91, F|330/330\n|turn|1\n|inactive|Battle timer is ON: inactive players will automatically lose when time's up. (requested by Addddlleyy)\n|\n|t:|1781398921\n|move|p2a: Stonjourner|Heat Crash|p1a: Breloom\n|-supereffective|p1a: Breloom\n|-damage|p1a: Breloom|0 fnt\n|faint|p1a: Breloom\n|-damage|p2a: Stonjourner|297/330|[from] item: Life Orb\n|\n|upkeep\n|\n|t:|1781398926\n|switch|p1a: Ogerpon|Ogerpon, L80, F|259/259\n|turn|2\n|\n|t:|1781398938\n|switch|p2a: Froslass|Froslass, L87, F|263/263\n|move|p1a: Ogerpon|Ivy Cudgel|p2a: Froslass\n|-damage|p2a: Froslass|88/263\n|-damage|p1a: Ogerpon|234/259|[from] item: Life Orb\n|\n|upkeep\n|turn|3\n|\n|t:|1781398949\n|switch|p1a: Piloswine|Piloswine, L85, F|309/309\n|move|p2a: Froslass|Spikes|p1a: Piloswine\n|-sidestart|p1: Ryemikyu|Spikes\n|\n|upkeep\n|turn|4\n|\n|t:|1781398954\n|move|p2a: Froslass|Taunt|p1a: Piloswine\n|-start|p1a: Piloswine|move: Taunt\n|cant|p1a: Piloswine|move: Taunt|Stealth Rock\n|\n|upkeep\n|turn|5\n|\n|t:|1781398959\n|switch|p2a: Rillaboom|Rillaboom, L79, F|288/288\n|-fieldstart|move: Grassy Terrain|[from] ability: Grassy Surge|[of] p2a: Rillaboom\n|move|p1a: Piloswine|Earthquake|p2a: Rillaboom\n|-resisted|p2a: Rillaboom\n|-damage|p2a: Rillaboom|257/288\n|\n|-heal|p2a: Rillaboom|275/288|[from] Grassy Terrain\n|upkeep\n|turn|6\n|\n|t:|1781398970\n|switch|p1a: Ogerpon|Ogerpon, L80, F|234/259\n|-damage|p1a: Ogerpon|202/259|[from] Spikes\n|move|p2a: Rillaboom|Wood Hammer|p1a: Ogerpon\n|-resisted|p1a: Ogerpon\n|-damage|p1a: Ogerpon|60/259\n|-damage|p2a: Rillaboom|228/288|[from] Recoil\n|\n|-heal|p1a: Ogerpon|76/259|[from] Grassy Terrain\n|-heal|p2a: Rillaboom|246/288|[from] Grassy Terrain\n|upkeep\n|turn|7\n|\n|t:|1781398977\n|move|p1a: Ogerpon|Ivy Cudgel|p2a: Rillaboom\n|-resisted|p2a: Rillaboom\n|-damage|p2a: Rillaboom|145/288\n|-damage|p1a: Ogerpon|51/259|[from] item: Life Orb\n|move|p2a: Rillaboom|Wood Hammer|p1a: Ogerpon\n|-resisted|p1a: Ogerpon\n|-damage|p1a: Ogerpon|0 fnt\n|faint|p1a: Ogerpon\n|-damage|p2a: Rillaboom|128/288|[from] Recoil\n|\n|-heal|p2a: Rillaboom|146/288|[from] Grassy Terrain\n|upkeep\n|\n|t:|1781398984\n|switch|p1a: Falinks|Falinks, L84|246/246\n|-damage|p1a: Falinks|216/246|[from] Spikes\n|turn|8\n|\n|t:|1781398991\n|move|p2a: Rillaboom|Wood Hammer|p1a: Falinks\n|-damage|p1a: Falinks|0 fnt\n|faint|p1a: Falinks\n|-damage|p2a: Rillaboom|75/288|[from] Recoil\n|\n|-heal|p2a: Rillaboom|93/288|[from] Grassy Terrain\n|upkeep\n|-message|Ryemikyu forfeited.\n|\n|win|Addddlleyy\n", "inputlog": ">version a8376a258c1d4662feba110a92103f3664a72141\n>start {\"formatid\":\"gen9randombattle\",\"seed\":\"sodium,92f7ee8b6f9e93846101bc1f6f8600e9\",\"rated\":\"Rated battle\"}\n>player p1 {\"name\":\"Ryemikyu\",\"avatar\":\"acerola\",\"rating\":2082,\"seed\":\"sodium,f694d436377a1f488f1dfc38d2908578\"}\n>player p2 {\"name\":\"Addddlleyy\",\"avatar\":\"swimmer\",\"rating\":2014,\"seed\":\"sodium,f54f0d72f366331b223e544f5d1a15f7\"}\n>p1 move bulletseed\n>p2 move heatcrash\n>p1 switch 3\n>p1 move ivycudgel\n>p2 switch 2\n>p1 switch 2\n>p2 move spikes\n>p1 move stealthrock\n>p2 move taunt\n>p1 move earthquake\n>p2 switch 3\n>p1 switch 2\n>p2 move woodhammer\n>p1 move ivycudgel\n>p2 move woodhammer\n>p1 switch 5\n>p1 move noretreat\n>p2 move woodhammer\n>forcelose p1", "uploadtime": 1781398905, "views": 4, "formatid": "gen9randombattle", "rating": null, "private": 0, "password": null}