{"id": "gen9randombattle-2631814369", "format": "[Gen 9] Random Battle", "players": ["PlumeFGC", "cool859"], "log": "|j|\u2606PlumeFGC\n|j|\u2606cool859\n|t:|1781443518\n|gametype|singles\n|player|p1|PlumeFGC|pokemonbreederf-gen4|1488\n|player|p2|cool859|dawn|1469\n|gen|9\n|tier|[Gen 9] Random Battle\n|rated|\n|rule|Species Clause: Limit one of each Pok\u00e9mon\n|rule|HP Percentage Mod: HP is shown in percentages\n|rule|Sleep Clause Mod: Limit one foe put to sleep\n|rule|Illusion Level Mod: Illusion disguises the Pok\u00e9mon's true level\n|\n|t:|1781443518\n|teamsize|p1|6\n|teamsize|p2|6\n|start\n|switch|p1a: Rillaboom|Rillaboom, L79, M|288/288\n|switch|p2a: Scizor|Scizor, L79, F|240/240\n|-fieldstart|move: Grassy Terrain|[from] ability: Grassy Surge|[of] p1a: Rillaboom\n|turn|1\n|\n|t:|1781443532\n|move|p1a: Rillaboom|U-turn|p2a: Scizor\n|-resisted|p2a: Scizor\n|-damage|p2a: Scizor|203/240\n|\n|t:|1781443535\n|switch|p1a: Gouging Fire|Gouging Fire, L74|277/277|[from] U-turn\n|move|p2a: Scizor|Knock Off|p1a: Gouging Fire\n|-damage|p1a: Gouging Fire|208/277\n|-enditem|p1a: Gouging Fire|Heavy-Duty Boots|[from] move: Knock Off|[of] p2a: Scizor\n|\n|-heal|p1a: Gouging Fire|225/277|[from] Grassy Terrain\n|-heal|p2a: Scizor|218/240|[from] Grassy Terrain\n|-heal|p2a: Scizor|233/240|[from] item: Leftovers\n|upkeep\n|turn|2\n|inactive|Battle timer is ON: inactive players will automatically lose when time's up. (requested by cool859)\n|\n|t:|1781443552\n|switch|p2a: Vaporeon|Vaporeon, L86, F|364/364\n|move|p1a: Gouging Fire|Heat Crash|p2a: Vaporeon\n|-resisted|p2a: Vaporeon\n|-damage|p2a: Vaporeon|289/364\n|\n|-heal|p1a: Gouging Fire|242/277|[from] Grassy Terrain\n|-heal|p2a: Vaporeon|311/364|[from] Grassy Terrain\n|-heal|p2a: Vaporeon|333/364|[from] item: Leftovers\n|upkeep\n|turn|3\n|\n|t:|1781443563\n|-end|p1a: Gouging Fire|Protosynthesis|[silent]\n|switch|p1a: Comfey|Comfey, L85, F|225/225\n|move|p2a: Vaporeon|Scald|p1a: Comfey\n|-damage|p1a: Comfey|137/225\n|\n|-heal|p1a: Comfey|151/225|[from] Grassy Terrain\n|-heal|p1a: Comfey|165/225|[from] item: Leftovers\n|-heal|p2a: Vaporeon|355/364|[from] Grassy Terrain\n|-heal|p2a: Vaporeon|364/364|[from] item: Leftovers\n|upkeep\n|turn|4\n|\n|t:|1781443577\n|switch|p2a: Iron Moth|Iron Moth, L78|253/253\n|move|p1a: Comfey|Taunt|p2a: Iron Moth\n|-start|p2a: Iron Moth|move: Taunt\n|\n|-heal|p1a: Comfey|179/225|[from] Grassy Terrain\n|-heal|p1a: Comfey|193/225|[from] item: Leftovers\n|upkeep\n|turn|5\n|\n|t:|1781443595\n|switch|p1a: Mienshao|Mienshao, L83, M|244/244\n|move|p2a: Iron Moth|Sludge Wave|p1a: Mienshao\n|-damage|p1a: Mienshao|96/244\n|\n|-heal|p1a: Mienshao|111/244|[from] Grassy Terrain\n|-fieldend|move: Grassy Terrain\n|upkeep\n|turn|6\n|\n|t:|1781443610\n|move|p1a: Mienshao|Fake Out|p2a: Iron Moth\n|-damage|p2a: Iron Moth|208/253\n|cant|p2a: Iron Moth|flinch\n|\n|-end|p2a: Iron Moth|move: Taunt\n|upkeep\n|turn|7\n|\n|t:|1781443624\n|-end|p2a: Iron Moth|Quark Drive|[silent]\n|switch|p2a: Scizor|Scizor, L79, F|233/240\n|move|p1a: Mienshao|Knock Off|p2a: Scizor\n|-damage|p2a: Scizor|153/240\n|-enditem|p2a: Scizor|Leftovers|[from] move: Knock Off|[of] p1a: Mienshao\n|\n|upkeep\n|turn|8\n|\n|t:|1781443638\n|move|p2a: Scizor|Bullet Punch|p1a: Mienshao\n|-damage|p1a: Mienshao|18/244\n|move|p1a: Mienshao|Close Combat|p2a: Scizor\n|-damage|p2a: Scizor|3/240\n|-unboost|p1a: Mienshao|def|1\n|-unboost|p1a: Mienshao|spd|1\n|\n|upkeep\n|turn|9\n|\n|t:|1781443653\n|switch|p1a: Rillaboom|Rillaboom, L79, M|288/288\n|-fieldstart|move: Grassy Terrain|[from] ability: Grassy Surge|[of] p1a: Rillaboom\n|move|p2a: Scizor|Bullet Punch|p1a: Rillaboom\n|-damage|p1a: Rillaboom|212/288\n|\n|-heal|p1a: Rillaboom|230/288|[from] Grassy Terrain\n|-heal|p2a: Scizor|18/240|[from] Grassy Terrain\n|upkeep\n|turn|10\n|\n|t:|1781443664\n|switch|p2a: Vigoroth|Vigoroth, L85, M|275/275\n|move|p1a: Rillaboom|High Horsepower|p2a: Vigoroth\n|-damage|p2a: Vigoroth|197/275\n|\n|-heal|p2a: Vigoroth|214/275|[from] Grassy Terrain\n|-heal|p1a: Rillaboom|248/288|[from] Grassy Terrain\n|upkeep\n|turn|11\n|\n|t:|1781443677\n|switch|p1a: Luvdisc|Luvdisc, F|247/247\n|move|p2a: Vigoroth|Body Slam|p1a: Luvdisc\n|-damage|p1a: Luvdisc|154/247\n|\n|-heal|p1a: Luvdisc|169/247|[from] Grassy Terrain\n|-heal|p2a: Vigoroth|231/275|[from] Grassy Terrain\n|upkeep\n|turn|12\n|\n|t:|1781443691\n|switch|p1a: Rillaboom|Rillaboom, L79, M|248/288\n|switch|p2a: Vaporeon|Vaporeon, L86, F|364/364\n|\n|-heal|p1a: Rillaboom|266/288|[from] Grassy Terrain\n|upkeep\n|turn|13\n|\n|t:|1781443703\n|move|p2a: Vaporeon|Protect|p2a: Vaporeon\n|-singleturn|p2a: Vaporeon|Protect\n|move|p1a: Rillaboom|U-turn|p2a: Vaporeon\n|-activate|p2a: Vaporeon|move: Protect\n|\n|-heal|p1a: Rillaboom|284/288|[from] Grassy Terrain\n|-fieldend|move: Grassy Terrain\n|upkeep\n|turn|14\n|\n|t:|1781443724\n|move|p1a: Rillaboom|U-turn|p2a: Vaporeon\n|-damage|p2a: Vaporeon|268/364\n|\n|t:|1781443728\n|switch|p1a: Comfey|Comfey, L85, F|193/225|[from] U-turn\n|move|p2a: Vaporeon|Wish|p2a: Vaporeon\n|\n|-heal|p1a: Comfey|207/225|[from] item: Leftovers\n|-heal|p2a: Vaporeon|290/364|[from] item: Leftovers\n|upkeep\n|turn|15\n|\n|t:|1781443738\n|switch|p2a: Iron Moth|Iron Moth, L78|208/253\n|-terastallize|p1a: Comfey|Ground\n|move|p1a: Comfey|Tera Blast|p2a: Iron Moth|[anim] Tera Blast Ground\n|-supereffective|p2a: Iron Moth\n|-damage|p2a: Iron Moth|0 fnt\n|faint|p2a: Iron Moth\n|-end|p2a: Iron Moth|Quark Drive|[silent]\n|\n|-heal|p1a: Comfey|221/225|[from] item: Leftovers\n|upkeep\n|\n|t:|1781443744\n|switch|p2a: Vaporeon|Vaporeon, L86, F|290/364\n|turn|16\n|\n|t:|1781443750\n|move|p1a: Comfey|Taunt|p2a: Vaporeon\n|-start|p2a: Vaporeon|move: Taunt\n|move|p2a: Vaporeon|Scald|p1a: Comfey\n|-supereffective|p1a: Comfey\n|-damage|p1a: Comfey|59/225\n|\n|-heal|p1a: Comfey|73/225|[from] item: Leftovers\n|-heal|p2a: Vaporeon|312/364|[from] item: Leftovers\n|upkeep\n|turn|17\n|\n|t:|1781443759\n|switch|p1a: Rillaboom|Rillaboom, L79, M|284/288\n|-fieldstart|move: Grassy Terrain|[from] ability: Grassy Surge|[of] p1a: Rillaboom\n|move|p2a: Vaporeon|Scald|p1a: Rillaboom\n|-resisted|p1a: Rillaboom\n|-damage|p1a: Rillaboom|221/288\n|\n|-heal|p1a: Rillaboom|239/288|[from] Grassy Terrain\n|-heal|p2a: Vaporeon|334/364|[from] Grassy Terrain\n|-heal|p2a: Vaporeon|356/364|[from] item: Leftovers\n|upkeep\n|turn|18\n|\n|t:|1781443771\n|move|p1a: Rillaboom|U-turn|p2a: Vaporeon\n|-damage|p2a: Vaporeon|259/364\n|\n|t:|1781443774\n|switch|p1a: Luvdisc|Luvdisc, F|169/247|[from] U-turn\n|move|p2a: Vaporeon|Scald|p1a: Luvdisc\n|-resisted|p1a: Luvdisc\n|-damage|p1a: Luvdisc|119/247\n|-status|p1a: Luvdisc|brn\n|\n|-heal|p1a: Luvdisc|134/247 brn|[from] Grassy Terrain\n|-heal|p2a: Vaporeon|281/364|[from] Grassy Terrain\n|-heal|p2a: Vaporeon|303/364|[from] item: Leftovers\n|-damage|p1a: Luvdisc|119/247 brn|[from] brn\n|-end|p2a: Vaporeon|move: Taunt\n|upkeep\n|turn|19\n|\n|t:|1781443787\n|move|p1a: Luvdisc|Endeavor|p2a: Vaporeon\n|-damage|p2a: Vaporeon|119/364\n|move|p2a: Vaporeon|Wish|p2a: Vaporeon\n|\n|-heal|p1a: Luvdisc|134/247 brn|[from] Grassy Terrain\n|-heal|p2a: Vaporeon|141/364|[from] Grassy Terrain\n|-heal|p2a: Vaporeon|163/364|[from] item: Leftovers\n|-damage|p1a: Luvdisc|119/247 brn|[from] brn\n|upkeep\n|turn|20\n|inactive|cool859 has 120 seconds left.\n|\n|t:|1781443822\n|switch|p2a: Scizor|Scizor, L79, F|18/240\n|move|p1a: Luvdisc|Substitute|p1a: Luvdisc\n|-start|p1a: Luvdisc|Substitute\n|-damage|p1a: Luvdisc|58/247 brn\n|\n|-heal|p2a: Scizor|200/240|[from] move: Wish|[wisher] Vaporeon\n|-heal|p1a: Luvdisc|73/247 brn|[from] Grassy Terrain\n|-heal|p2a: Scizor|215/240|[from] Grassy Terrain\n|-damage|p1a: Luvdisc|58/247 brn|[from] brn\n|upkeep\n|turn|21\n|inactive|cool859 has 120 seconds left.\n|\n|t:|1781443834\n|switch|p2a: Vaporeon|Vaporeon, L86, F|163/364\n|move|p1a: Luvdisc|Endeavor|p2a: Vaporeon\n|-damage|p2a: Vaporeon|58/364\n|\n|-heal|p1a: Luvdisc|73/247 brn|[from] Grassy Terrain\n|-heal|p2a: Vaporeon|80/364|[from] Grassy Terrain\n|-heal|p2a: Vaporeon|102/364|[from] item: Leftovers\n|-damage|p1a: Luvdisc|58/247 brn|[from] brn\n|-fieldend|move: Grassy Terrain\n|upkeep\n|turn|22\n|\n|t:|1781443845\n|switch|p1a: Rillaboom|Rillaboom, L79, M|239/288\n|-fieldstart|move: Grassy Terrain|[from] ability: Grassy Surge|[of] p1a: Rillaboom\n|move|p2a: Vaporeon|Wish|p2a: Vaporeon\n|\n|-heal|p1a: Rillaboom|257/288|[from] Grassy Terrain\n|-heal|p2a: Vaporeon|124/364|[from] Grassy Terrain\n|-heal|p2a: Vaporeon|146/364|[from] item: Leftovers\n|upkeep\n|turn|23\n|\n|t:|1781443860\n|switch|p1a: Comfey|Comfey, L85, F, tera:Ground|73/225\n|switch|p2a: Scizor|Scizor, L79, F|215/240\n|\n|-heal|p2a: Scizor|240/240|[from] move: Wish|[wisher] Vaporeon\n|-heal|p1a: Comfey|87/225|[from] Grassy Terrain\n|-heal|p1a: Comfey|101/225|[from] item: Leftovers\n|upkeep\n|turn|24\n|\n|t:|1781443870\n|switch|p1a: Gouging Fire|Gouging Fire, L74|242/277\n|move|p2a: Scizor|Knock Off|p1a: Gouging Fire\n|-damage|p1a: Gouging Fire|195/277\n|\n|-heal|p1a: Gouging Fire|212/277|[from] Grassy Terrain\n|upkeep\n|turn|25\n|inactive|cool859 has 120 seconds left.\n|inactive|cool859 has 90 seconds left.\n|inactive|cool859 has 60 seconds left.\n|\n|t:|1781443960\n|switch|p2a: Vigoroth|Vigoroth, L85, M|231/275\n|move|p1a: Gouging Fire|Dragon Dance|p1a: Gouging Fire\n|-boost|p1a: Gouging Fire|atk|1\n|-boost|p1a: Gouging Fire|spe|1\n|\n|-heal|p1a: Gouging Fire|229/277|[from] Grassy Terrain\n|-heal|p2a: Vigoroth|248/275|[from] Grassy Terrain\n|upkeep\n|turn|26\n|\n|t:|1781443969\n|move|p1a: Gouging Fire|Heat Crash|p2a: Vigoroth\n|-damage|p2a: Vigoroth|127/275\n|move|p2a: Vigoroth|Body Slam|p1a: Gouging Fire\n|-damage|p1a: Gouging Fire|153/277\n|\n|-heal|p1a: Gouging Fire|170/277|[from] Grassy Terrain\n|-heal|p2a: Vigoroth|144/275|[from] Grassy Terrain\n|-fieldend|move: Grassy Terrain\n|upkeep\n|turn|27\n|inactive|cool859 has 60 seconds left.\n|inactive|cool859 has 30 seconds left.\n|inactive|cool859 has 20 seconds left.\n|inactive|cool859 has 15 seconds left.\n|\n|t:|1781444039\n|-end|p1a: Gouging Fire|Protosynthesis|[silent]\n|switch|p1a: Luvdisc|Luvdisc, F|58/247 brn\n|move|p2a: Vigoroth|Slack Off|p2a: Vigoroth\n|-heal|p2a: Vigoroth|275/275\n|\n|-damage|p1a: Luvdisc|43/247 brn|[from] brn\n|upkeep\n|turn|28\n|inactive|cool859 has 25 seconds left this turn.\n|\n|t:|1781444050\n|switch|p2a: Vaporeon|Vaporeon, L86, F|146/364\n|move|p1a: Luvdisc|Endeavor|p2a: Vaporeon\n|-damage|p2a: Vaporeon|43/364\n|\n|-heal|p2a: Vaporeon|65/364|[from] item: Leftovers\n|-damage|p1a: Luvdisc|28/247 brn|[from] brn\n|upkeep\n|turn|29\n|inactive|cool859 has 30 seconds left.\n|inactive|cool859 has 20 seconds left.\n|inactive|cool859 has 15 seconds left.\n|\n|t:|1781444070\n|switch|p1a: Mienshao|Mienshao, L83, M|99/244\n|move|p2a: Vaporeon|Wish|p2a: Vaporeon\n|\n|-heal|p2a: Vaporeon|87/364|[from] item: Leftovers\n|upkeep\n|turn|30\n|inactive|cool859 has 25 seconds left this turn.\n|\n|t:|1781444078\n|switch|p1a: Rillaboom|Rillaboom, L79, M|257/288\n|-fieldstart|move: Grassy Terrain|[from] ability: Grassy Surge|[of] p1a: Rillaboom\n|move|p2a: Vaporeon|Protect||[still]\n|-fail|p2a: Vaporeon\n|\n|-heal|p2a: Vaporeon|269/364|[from] move: Wish|[wisher] Vaporeon\n|-heal|p1a: Rillaboom|275/288|[from] Grassy Terrain\n|-heal|p2a: Vaporeon|291/364|[from] Grassy Terrain\n|-heal|p2a: Vaporeon|313/364|[from] item: Leftovers\n|upkeep\n|turn|31\n|inactive|cool859 has 30 seconds left.\n|\n|t:|1781444091\n|switch|p1a: Gouging Fire|Gouging Fire, L74|170/277\n|switch|p2a: Scizor|Scizor, L79, F|240/240\n|\n|-heal|p1a: Gouging Fire|187/277|[from] Grassy Terrain\n|upkeep\n|turn|32\n|inactive|cool859 has 30 seconds left.\n|inactive|cool859 has 20 seconds left.\n|inactive|cool859 has 15 seconds left.\n|\n|t:|1781444112\n|switch|p2a: Vigoroth|Vigoroth, L85, M|275/275\n|move|p1a: Gouging Fire|Dragon Dance|p1a: Gouging Fire\n|-boost|p1a: Gouging Fire|atk|1\n|-boost|p1a: Gouging Fire|spe|1\n|\n|-heal|p1a: Gouging Fire|204/277|[from] Grassy Terrain\n|upkeep\n|turn|33\n|inactive|cool859 has 25 seconds left this turn.\n|\n|t:|1781444119\n|move|p1a: Gouging Fire|Outrage|p2a: Vigoroth\n|-damage|p2a: Vigoroth|146/275\n|move|p2a: Vigoroth|Bulk Up|p2a: Vigoroth\n|-boost|p2a: Vigoroth|atk|1\n|-boost|p2a: Vigoroth|def|1\n|\n|-heal|p1a: Gouging Fire|221/277|[from] Grassy Terrain\n|-heal|p2a: Vigoroth|163/275|[from] Grassy Terrain\n|upkeep\n|turn|34\n|inactive|cool859 has 30 seconds left.\n|\n|t:|1781444129\n|move|p1a: Gouging Fire|Outrage|p2a: Vigoroth|[from] lockedmove\n|-damage|p2a: Vigoroth|79/275\n|-start|p1a: Gouging Fire|confusion|[fatigue]\n|move|p2a: Vigoroth|Body Slam|p1a: Gouging Fire\n|-damage|p1a: Gouging Fire|118/277\n|\n|-heal|p1a: Gouging Fire|135/277|[from] Grassy Terrain\n|-heal|p2a: Vigoroth|96/275|[from] Grassy Terrain\n|-fieldend|move: Grassy Terrain\n|upkeep\n|turn|35\n|\n|t:|1781444143\n|-activate|p1a: Gouging Fire|confusion\n|move|p1a: Gouging Fire|Heat Crash|p2a: Vigoroth\n|-damage|p2a: Vigoroth|15/275\n|move|p2a: Vigoroth|Slack Off|p2a: Vigoroth\n|-heal|p2a: Vigoroth|153/275\n|\n|upkeep\n|turn|36\n|\n|t:|1781444156\n|-end|p1a: Gouging Fire|Protosynthesis|[silent]\n|switch|p1a: Luvdisc|Luvdisc, F|28/247 brn\n|move|p2a: Vigoroth|Slack Off|p2a: Vigoroth\n|-heal|p2a: Vigoroth|275/275\n|\n|-damage|p1a: Luvdisc|13/247 brn|[from] brn\n|upkeep\n|turn|37\n|\n|t:|1781444167\n|move|p1a: Luvdisc|Endeavor|p2a: Vigoroth\n|-damage|p2a: Vigoroth|13/275\n|move|p2a: Vigoroth|Slack Off|p2a: Vigoroth\n|-heal|p2a: Vigoroth|151/275\n|\n|-damage|p1a: Luvdisc|0 fnt|[from] brn\n|faint|p1a: Luvdisc\n|upkeep\n|\n|t:|1781444175\n|switch|p1a: Mienshao|Mienshao, L83, M|180/244\n|turn|38\n|inactive|cool859 has 60 seconds left.\n|inactive|cool859 has 30 seconds left.\n|inactive|cool859 has 20 seconds left.\n|inactive|cool859 has 15 seconds left.\n|inactive|cool859 has 10 seconds left.\n|inactive|cool859 has 5 seconds left.\n|\n|t:|1781444236\n|move|p1a: Mienshao|Close Combat|p2a: Vigoroth\n|-supereffective|p2a: Vigoroth\n|-damage|p2a: Vigoroth|13/275\n|-unboost|p1a: Mienshao|def|1\n|-unboost|p1a: Mienshao|spd|1\n|move|p2a: Vigoroth|Body Slam|p1a: Mienshao\n|-damage|p1a: Mienshao|0 fnt\n|faint|p1a: Mienshao\n|\n|upkeep\n|c|\u2606cool859|sry about that\n|\n|t:|1781444252\n|switch|p1a: Rillaboom|Rillaboom, L79, M|275/288\n|-fieldstart|move: Grassy Terrain|[from] ability: Grassy Surge|[of] p1a: Rillaboom\n|turn|39\n|inactive|cool859 has 20 seconds left this turn.\n|c|\u2606cool859|didnt mean to stall\n|inactive|cool859 has 15 seconds left.\n|\n|t:|1781444260\n|move|p1a: Rillaboom|Grassy Glide|p2a: Vigoroth\n|-damage|p2a: Vigoroth|0 fnt\n|faint|p2a: Vigoroth\n|\n|-heal|p1a: Rillaboom|288/288|[from] Grassy Terrain\n|upkeep\n|inactive|cool859 has 20 seconds left this turn.\n|\n|t:|1781444262\n|switch|p2a: Scizor|Scizor, L79, F|240/240\n|turn|40\n|inactive|cool859 has 30 seconds left this turn.\n|c|\u2606PlumeFGC|Hey it's part of the game\n|c|\u2606PlumeFGC|No worries\n|\n|t:|1781444272\n|switch|p1a: Comfey|Comfey, L85, F, tera:Ground|101/225\n|move|p2a: Scizor|Bullet Punch|p1a: Comfey\n|-damage|p1a: Comfey|37/225\n|\n|-heal|p1a: Comfey|51/225|[from] Grassy Terrain\n|-heal|p1a: Comfey|65/225|[from] item: Leftovers\n|upkeep\n|turn|41\n|\n|t:|1781444283\n|move|p1a: Comfey|Draining Kiss|p2a: Scizor\n|-resisted|p2a: Scizor\n|-damage|p2a: Scizor|210/240\n|-heal|p1a: Comfey|88/225|[from] drain|[of] p2a: Scizor\n|move|p2a: Scizor|Close Combat|p1a: Comfey\n|-damage|p1a: Comfey|3/225\n|-unboost|p2a: Scizor|def|1\n|-unboost|p2a: Scizor|spd|1\n|\n|-heal|p1a: Comfey|17/225|[from] Grassy Terrain\n|-heal|p1a: Comfey|31/225|[from] item: Leftovers\n|-heal|p2a: Scizor|225/240|[from] Grassy Terrain\n|upkeep\n|turn|42\n|\n|t:|1781444295\n|move|p1a: Comfey|Draining Kiss|p2a: Scizor\n|-resisted|p2a: Scizor\n|-damage|p2a: Scizor|183/240\n|-heal|p1a: Comfey|63/225|[from] drain|[of] p2a: Scizor\n|move|p2a: Scizor|Bullet Punch|p1a: Comfey\n|-damage|p1a: Comfey|0 fnt\n|faint|p1a: Comfey\n|\n|-heal|p2a: Scizor|198/240|[from] Grassy Terrain\n|upkeep\n|\n|t:|1781444306\n|switch|p1a: Medicham|Medicham, L86, M|243/243\n|turn|43\n|\n|t:|1781444323\n|move|p2a: Scizor|Bullet Punch|p1a: Medicham\n|-damage|p1a: Medicham|170/243\n|move|p1a: Medicham|Close Combat|p2a: Scizor\n|-damage|p2a: Scizor|0 fnt\n|-unboost|p1a: Medicham|def|1\n|-unboost|p1a: Medicham|spd|1\n|faint|p2a: Scizor\n|\n|-heal|p1a: Medicham|185/243|[from] Grassy Terrain\n|-fieldend|move: Grassy Terrain\n|upkeep\n|\n|t:|1781444335\n|switch|p2a: Mewtwo|Mewtwo, L72|272/272\n|-ability|p2a: Mewtwo|Pressure\n|turn|44\n|\n|t:|1781444345\n|switch|p1a: Gouging Fire|Gouging Fire, L74|135/277\n|move|p2a: Mewtwo|Psystrike|p1a: Gouging Fire\n|-damage|p1a: Gouging Fire|5/277\n|-damage|p2a: Mewtwo|245/272|[from] item: Life Orb\n|\n|upkeep\n|turn|45\n|\n|t:|1781444356\n|switch|p2a: Vaporeon|Vaporeon, L86, F|313/364\n|move|p1a: Gouging Fire|Heat Crash|p2a: Vaporeon\n|-resisted|p2a: Vaporeon\n|-damage|p2a: Vaporeon|237/364\n|\n|-heal|p2a: Vaporeon|259/364|[from] item: Leftovers\n|upkeep\n|turn|46\n|\n|t:|1781444366\n|move|p1a: Gouging Fire|Outrage|p2a: Vaporeon\n|-damage|p2a: Vaporeon|100/364\n|move|p2a: Vaporeon|Scald|p1a: Gouging Fire\n|-damage|p1a: Gouging Fire|0 fnt\n|faint|p1a: Gouging Fire\n|-end|p1a: Gouging Fire|Protosynthesis|[silent]\n|\n|-heal|p2a: Vaporeon|122/364|[from] item: Leftovers\n|upkeep\n|\n|t:|1781444390\n|switch|p1a: Medicham|Medicham, L86, M|185/243\n|turn|47\n|\n|t:|1781444395\n|move|p2a: Vaporeon|Protect|p2a: Vaporeon\n|-singleturn|p2a: Vaporeon|Protect\n|move|p1a: Medicham|Trick|p2a: Vaporeon\n|-activate|p2a: Vaporeon|move: Protect\n|\n|-heal|p2a: Vaporeon|144/364|[from] item: Leftovers\n|upkeep\n|turn|48\n|\n|t:|1781444407\n|switch|p1a: Rillaboom|Rillaboom, L79, M|288/288\n|-fieldstart|move: Grassy Terrain|[from] ability: Grassy Surge|[of] p1a: Rillaboom\n|move|p2a: Vaporeon|Scald|p1a: Rillaboom\n|-resisted|p1a: Rillaboom\n|-damage|p1a: Rillaboom|230/288\n|-status|p1a: Rillaboom|brn\n|\n|-heal|p1a: Rillaboom|248/288 brn|[from] Grassy Terrain\n|-heal|p2a: Vaporeon|166/364|[from] Grassy Terrain\n|-heal|p2a: Vaporeon|188/364|[from] item: Leftovers\n|-damage|p1a: Rillaboom|230/288 brn|[from] brn\n|upkeep\n|turn|49\n|\n|t:|1781444420\n|move|p1a: Rillaboom|Wood Hammer|p2a: Vaporeon\n|-supereffective|p2a: Vaporeon\n|-damage|p2a: Vaporeon|0 fnt\n|faint|p2a: Vaporeon\n|-damage|p1a: Rillaboom|168/288 brn|[from] Recoil\n|\n|-heal|p1a: Rillaboom|186/288 brn|[from] Grassy Terrain\n|-damage|p1a: Rillaboom|168/288 brn|[from] brn\n|upkeep\n|\n|t:|1781444424\n|switch|p2a: Mewtwo|Mewtwo, L72|245/272\n|-ability|p2a: Mewtwo|Pressure\n|turn|50\n|\n|t:|1781444431\n|move|p2a: Mewtwo|Fire Blast|p1a: Rillaboom\n|-supereffective|p1a: Rillaboom\n|-damage|p1a: Rillaboom|0 fnt\n|faint|p1a: Rillaboom\n|-damage|p2a: Mewtwo|218/272|[from] item: Life Orb\n|\n|-heal|p2a: Mewtwo|235/272|[from] Grassy Terrain\n|upkeep\n|\n|t:|1781444441\n|switch|p1a: Medicham|Medicham, L86, M|185/243\n|turn|51\n|\n|t:|1781444456\n|move|p1a: Medicham|Bullet Punch|p2a: Mewtwo\n|-damage|p2a: Mewtwo|157/272\n|move|p2a: Mewtwo|Psystrike|p1a: Medicham\n|-damage|p1a: Medicham|16/243\n|-damage|p2a: Mewtwo|130/272|[from] item: Life Orb\n|\n|-heal|p2a: Mewtwo|147/272|[from] Grassy Terrain\n|-heal|p1a: Medicham|31/243|[from] Grassy Terrain\n|upkeep\n|turn|52\n|c|\u2606cool859|gg wp\n|\n|t:|1781444466\n|move|p1a: Medicham|Bullet Punch|p2a: Mewtwo\n|-damage|p2a: Mewtwo|70/272\n|move|p2a: Mewtwo|Psystrike|p1a: Medicham\n|-damage|p1a: Medicham|0 fnt\n|faint|p1a: Medicham\n|-damage|p2a: Mewtwo|43/272|[from] item: Life Orb\n|\n|win|cool859\n|raw|PlumeFGC's rating: 1488 &rarr; <strong>1467</strong><br />(-21 for losing)\n|raw|cool859's rating: 1469 &rarr; <strong>1490</strong><br />(+21 for winning)\n", "inputlog": ">version a8376a258c1d4662feba110a92103f3664a72141\n>start {\"formatid\":\"gen9randombattle\",\"seed\":\"sodium,53cf0cfb53189dc89c3e6cb5d6bd79a7\",\"rated\":\"Rated battle\"}\n>player p1 {\"name\":\"PlumeFGC\",\"avatar\":\"pokemonbreederf-gen4\",\"rating\":1488,\"seed\":\"sodium,34fe6f9dc7e8f0bb1bec26894325cdd5\"}\n>player p2 {\"name\":\"cool859\",\"avatar\":\"dawn\",\"rating\":1469,\"seed\":\"sodium,43f0fec19116fcc743aa218d3d52547d\"}\n>p1 move uturn\n>p2 move knockoff\n>p1 switch 3\n>p1 move heatcrash\n>p2 switch 5\n>p1 switch 6\n>p2 move scald\n>p1 move taunt\n>p2 switch 4\n>p1 switch 2\n>p2 move sludgewave\n>p1 move fakeout\n>p2 move sludgewave\n>p1 move knockoff\n>p2 switch 5\n>p1 move closecombat\n>p2 move bulletpunch\n>p1 switch 3\n>p2 move bulletpunch\n>p1 move highhorsepower\n>p2 switch 2\n>p1 switch 4\n>p2 move bodyslam\n>p1 switch 4\n>p2 switch 4\n>p1 move uturn\n>p2 move protect\n>p1 move uturn\n>p2 move wish\n>p1 switch 2\n>p1 move terablast terastallize\n>p2 switch 5\n>p2 switch 5\n>p1 move taunt\n>p2 move scald\n>p1 switch 2\n>p2 move scald\n>p1 move uturn\n>p2 move scald\n>p1 switch 4\n>p1 move endeavor\n>p2 move wish\n>p1 move substitute\n>p2 switch 2\n>p1 move endeavor\n>p2 switch 2\n>p1 switch 4\n>p2 move wish\n>p1 switch 2\n>p2 switch 2\n>p1 switch 6\n>p2 move knockoff\n>p1 move dragondance\n>p2 switch 4\n>p1 move heatcrash\n>p2 move bodyslam\n>p1 switch 4\n>p2 move slackoff\n>p1 move endeavor\n>p2 switch 2\n>p1 switch 3\n>p2 move wish\n>p1 switch 2\n>p2 move protect\n>p1 switch 4\n>p2 switch 4\n>p1 move dragondance\n>p2 switch 2\n>p1 move outrage\n>p2 move bulkup\n>p1 move outrage\n>p2 move bodyslam\n>p1 move heatcrash\n>p2 move slackoff\n>p1 switch 3\n>p2 move slackoff\n>p1 move endeavor\n>p2 move slackoff\n>p1 switch 2\n>p1 move closecombat\n>p2 move bodyslam\n>chat \u2606cool859|sry about that\n>p1 switch 4\n>chat \u2606cool859|didnt mean to stall\n>p1 move grassyglide\n>p2 move slackoff\n>p2 switch 2\n>chat \u2606PlumeFGC|Hey it's part of the game \n>chat \u2606PlumeFGC|No worries\n>p1 switch 6\n>p2 move bulletpunch\n>p1 move drainingkiss\n>p2 move closecombat\n>p1 move drainingkiss\n>p2 move bulletpunch\n>p1 switch 5\n>p1 move closecombat\n>p2 move bulletpunch\n>p2 switch 6\n>p1 switch 3\n>p2 move psystrike\n>p1 move heatcrash\n>p2 switch 4\n>p1 move outrage\n>p2 move scald\n>p1 switch 3\n>p1 move trick\n>p2 move protect\n>p1 switch 6\n>p2 move scald\n>p1 move woodhammer\n>p2 move wish\n>p2 switch 4\n>p1 move woodhammer\n>p2 move fireblast\n>p1 switch 6\n>p1 move bulletpunch\n>p2 move psystrike\n>chat \u2606cool859|gg wp\n>p1 move bulletpunch\n>p2 move psystrike", "uploadtime": 1781444466, "views": 6, "formatid": "gen9randombattle", "rating": 1467, "private": 0, "password": null, "player_dets": [{"name": "PlumeFGC", "avatar": "pokemonbreederf-gen4", "rating": 1488, "seed": "sodium,34fe6f9dc7e8f0bb1bec26894325cdd5"}, {"name": "cool859", "avatar": "dawn", "rating": 1469, "seed": "sodium,43f0fec19116fcc743aa218d3d52547d"}], "teams_full": [{"Rillaboom": {"name": "Rillaboom", "species": "Rillaboom", "speciesId": "rillaboom", "gender": "M", "shiny": false, "level": 79, "moves": ["uturn", "woodhammer", "grassyglide", "highhorsepower"], "ability": "Grassy Surge", "evs": {"hp": 85, "atk": 85, "def": 85, "spa": 85, "spd": 85, "spe": 85}, "ivs": {"hp": 31, "atk": 31, "def": 31, "spa": 31, "spd": 31, "spe": 31}, "item": "Choice Band", "teraType": "Grass", "role": "Fast Attacker", "bvs": {"hp": 100, "atk": 125, "def": 90, "spa": 60, "spd": 70, "spe": 85}, "stats": {"hp": 288, "atk": 243, "def": 188, "spa": 140, "spd": 156, "spe": 180}}, "Mienshao": {"name": "Mienshao", "species": "Mienshao", "speciesId": "mienshao", "gender": "M", "shiny": false, "level": 83, "moves": ["closecombat", "knockoff", "fakeout", "uturn"], "ability": "Regenerator", "evs": {"hp": 85, "atk": 85, "def": 85, "spa": 85, "spd": 85, "spe": 85}, "ivs": {"hp": 31, "atk": 31, "def": 31, "spa": 31, "spd": 31, "spe": 31}, "item": "Assault Vest", "teraType": "Dark", "role": "AV Pivot", "bvs": {"hp": 65, "atk": 125, "def": 60, "spa": 95, "spd": 60, "spe": 105}, "stats": {"hp": 244, "atk": 255, "def": 147, "spa": 205, "spd": 147, "spe": 222}}, "Gouging Fire": {"name": "Gouging Fire", "species": "Gouging Fire", "speciesId": "gougingfire", "gender": "N", "shiny": false, "level": 74, "moves": ["outrage", "heatcrash", "earthquake", "dragondance"], "ability": "Protosynthesis", "evs": {"hp": 85, "atk": 85, "def": 85, "spa": 85, "spd": 85, "spe": 85}, "ivs": {"hp": 31, "atk": 31, "def": 31, "spa": 31, "spd": 31, "spe": 31}, "item": "Heavy-Duty Boots", "teraType": "Ground", "role": "Setup Sweeper", "bvs": {"hp": 105, "atk": 115, "def": 121, "spa": 65, "spd": 93, "spe": 91}, "stats": {"hp": 277, "atk": 213, "def": 222, "spa": 139, "spd": 181, "spe": 178}}, "Luvdisc": {"name": "Luvdisc", "species": "Luvdisc", "speciesId": "luvdisc", "gender": "F", "shiny": false, "level": 100, "moves": ["endeavor", "surf", "substitute", "flipturn"], "ability": "Swift Swim", "evs": {"hp": 81, "atk": 85, "def": 85, "spa": 85, "spd": 85, "spe": 85}, "ivs": {"hp": 31, "atk": 31, "def": 31, "spa": 31, "spd": 31, "spe": 31}, "item": "Heavy-Duty Boots", "teraType": "Ground", "role": "Fast Support", "bvs": {"hp": 43, "atk": 30, "def": 55, "spa": 40, "spd": 65, "spe": 97}, "stats": {"hp": 247, "atk": 117, "def": 167, "spa": 137, "spd": 187, "spe": 251}}, "Medicham": {"name": "Medicham", "species": "Medicham", "speciesId": "medicham", "gender": "M", "shiny": false, "level": 86, "moves": ["bulletpunch", "closecombat", "zenheadbutt", "trick"], "ability": "Pure Power", "evs": {"hp": 85, "atk": 85, "def": 85, "spa": 85, "spd": 85, "spe": 85}, "ivs": {"hp": 31, "atk": 31, "def": 31, "spa": 31, "spd": 31, "spe": 31}, "item": "Choice Band", "teraType": "Fighting", "role": "Fast Attacker", "bvs": {"hp": 60, "atk": 60, "def": 75, "spa": 60, "spd": 75, "spe": 80}, "stats": {"hp": 243, "atk": 152, "def": 178, "spa": 152, "spd": 178, "spe": 187}}, "Comfey": {"name": "Comfey", "species": "Comfey", "speciesId": "comfey", "gender": "F", "shiny": false, "level": 85, "moves": ["calmmind", "drainingkiss", "terablast", "taunt"], "ability": "Triage", "evs": {"hp": 85, "atk": 0, "def": 85, "spa": 85, "spd": 85, "spe": 85}, "ivs": {"hp": 31, "atk": 0, "def": 31, "spa": 31, "spd": 31, "spe": 31}, "item": "Leftovers", "teraType": "Ground", "role": "Tera Blast user", "bvs": {"hp": 51, "atk": 52, "def": 90, "spa": 82, "spd": 110, "spe": 100}, "stats": {"hp": 225, "atk": 93, "def": 202, "spa": 188, "spd": 236, "spe": 219}}}, {"Scizor": {"name": "Scizor", "species": "Scizor", "speciesId": "scizor", "gender": "F", "shiny": false, "level": 79, "moves": ["closecombat", "defog", "knockoff", "bulletpunch"], "ability": "Technician", "evs": {"hp": 85, "atk": 85, "def": 85, "spa": 85, "spd": 85, "spe": 85}, "ivs": {"hp": 31, "atk": 31, "def": 31, "spa": 31, "spd": 31, "spe": 31}, "item": "Leftovers", "teraType": "Steel", "role": "Bulky Support", "bvs": {"hp": 70, "atk": 130, "def": 100, "spa": 55, "spd": 80, "spe": 65}, "stats": {"hp": 240, "atk": 251, "def": 204, "spa": 132, "spd": 172, "spe": 148}}, "Vigoroth": {"name": "Vigoroth", "species": "Vigoroth", "speciesId": "vigoroth", "gender": "M", "shiny": false, "level": 85, "moves": ["earthquake", "bodyslam", "slackoff", "bulkup"], "ability": "Vital Spirit", "evs": {"hp": 85, "atk": 85, "def": 85, "spa": 85, "spd": 85, "spe": 85}, "ivs": {"hp": 31, "atk": 31, "def": 31, "spa": 31, "spd": 31, "spe": 31}, "item": "Eviolite", "teraType": "Ground", "role": "Bulky Attacker", "bvs": {"hp": 80, "atk": 80, "def": 80, "spa": 55, "spd": 55, "spe": 90}, "stats": {"hp": 275, "atk": 185, "def": 185, "spa": 142, "spd": 142, "spe": 202}}, "Kingdra": {"name": "Kingdra", "species": "Kingdra", "speciesId": "kingdra", "gender": "F", "shiny": false, "level": 84, "moves": ["raindance", "dracometeor", "hurricane", "wavecrash"], "ability": "Swift Swim", "evs": {"hp": 85, "atk": 85, "def": 85, "spa": 85, "spd": 85, "spe": 85}, "ivs": {"hp": 31, "atk": 31, "def": 31, "spa": 31, "spd": 31, "spe": 31}, "item": "Life Orb", "teraType": "Water", "role": "Fast Attacker", "bvs": {"hp": 75, "atk": 95, "def": 95, "spa": 95, "spd": 95, "spe": 85}, "stats": {"hp": 263, "atk": 208, "def": 208, "spa": 208, "spd": 208, "spe": 191}}, "Iron Moth": {"name": "Iron Moth", "species": "Iron Moth", "speciesId": "ironmoth", "gender": "N", "shiny": false, "level": 78, "moves": ["uturn", "fierydance", "sludgewave", "energyball"], "ability": "Quark Drive", "evs": {"hp": 85, "atk": 85, "def": 85, "spa": 85, "spd": 85, "spe": 85}, "ivs": {"hp": 31, "atk": 31, "def": 31, "spa": 31, "spd": 31, "spe": 31}, "item": "Choice Specs", "teraType": "Grass", "role": "Fast Attacker", "bvs": {"hp": 80, "atk": 70, "def": 60, "spa": 140, "spd": 110, "spe": 110}, "stats": {"hp": 253, "atk": 154, "def": 139, "spa": 263, "spd": 217, "spe": 217}}, "Vaporeon": {"name": "Vaporeon", "species": "Vaporeon", "speciesId": "vaporeon", "gender": "F", "shiny": false, "level": 86, "moves": ["protect", "scald", "wish", "haze"], "ability": "Water Absorb", "evs": {"hp": 85, "atk": 0, "def": 85, "spa": 85, "spd": 85, "spe": 85}, "ivs": {"hp": 31, "atk": 0, "def": 31, "spa": 31, "spd": 31, "spe": 31}, "item": "Leftovers", "teraType": "Ghost", "role": "Bulky Attacker", "bvs": {"hp": 130, "atk": 65, "def": 60, "spa": 110, "spd": 95, "spe": 65}, "stats": {"hp": 364, "atk": 116, "def": 152, "spa": 238, "spd": 213, "spe": 161}}, "Mewtwo": {"name": "Mewtwo", "species": "Mewtwo", "speciesId": "mewtwo", "gender": "N", "shiny": false, "level": 72, "moves": ["aurasphere", "nastyplot", "psystrike", "fireblast"], "ability": "Pressure", "evs": {"hp": 85, "atk": 0, "def": 85, "spa": 85, "spd": 85, "spe": 85}, "ivs": {"hp": 31, "atk": 0, "def": 31, "spa": 31, "spd": 31, "spe": 31}, "item": "Life Orb", "teraType": "Fire", "role": "Setup Sweeper", "bvs": {"hp": 106, "atk": 110, "def": 90, "spa": 154, "spd": 90, "spe": 130}, "stats": {"hp": 272, "atk": 163, "def": 172, "spa": 264, "spd": 172, "spe": 229}}}]}