{"id": "gen9randombattle-2631373298", "format": "[Gen 9] Random Battle", "players": ["Arxz", "qwertytestteam"], "log": "|j|\u2606Arxz\n|j|\u2606qwertytestteam\n|t:|1781377004\n|gametype|singles\n|player|p1|Arxz|hoopster|2031\n|player|p2|qwertytestteam|red|2115\n|gen|9\n|tier|[Gen 9] Random Battle\n|rated|\n|rule|Species Clause: Limit one of each Pok\u00e9mon\n|rule|HP Percentage Mod: HP is shown in percentages\n|rule|Sleep Clause Mod: Limit one foe put to sleep\n|rule|Illusion Level Mod: Illusion disguises the Pok\u00e9mon's true level\n|\n|t:|1781377004\n|teamsize|p1|6\n|teamsize|p2|6\n|start\n|switch|p1a: Sylveon|Sylveon, L85, M|300/300\n|switch|p2a: Sawsbuck|Sawsbuck-Autumn, L88, M|284/284\n|turn|1\n|inactive|Battle timer is ON: inactive players will automatically lose when time's up. (requested by Arxz)\n|\n|t:|1781377038\n|move|p2a: Sawsbuck|Swords Dance|p2a: Sawsbuck\n|-boost|p2a: Sawsbuck|atk|2\n|move|p1a: Sylveon|Hyper Voice|p2a: Sawsbuck\n|-damage|p2a: Sawsbuck|133/284\n|\n|upkeep\n|turn|2\n|\n|t:|1781377052\n|move|p2a: Sawsbuck|Horn Leech|p1a: Sylveon\n|-damage|p1a: Sylveon|0 fnt\n|-heal|p2a: Sawsbuck|283/284|[from] drain|[of] p1a: Sylveon\n|faint|p1a: Sylveon\n|-damage|p2a: Sawsbuck|255/284|[from] item: Life Orb\n|\n|upkeep\n|\n|t:|1781377055\n|switch|p1a: Deoxys|Deoxys, L74|196/196\n|-ability|p1a: Deoxys|Pressure\n|turn|3\n|\n|t:|1781377062\n|-terastallize|p2a: Sawsbuck|Ground\n|move|p1a: Deoxys|Superpower|p2a: Sawsbuck\n|-crit|p2a: Sawsbuck\n|-damage|p2a: Sawsbuck|43/284\n|-unboost|p1a: Deoxys|atk|1\n|-unboost|p1a: Deoxys|def|1\n|-damage|p1a: Deoxys|177/196|[from] item: Life Orb\n|move|p2a: Sawsbuck|Horn Leech|p1a: Deoxys\n|-damage|p1a: Deoxys|0 fnt\n|-heal|p2a: Sawsbuck|132/284|[from] drain|[of] p1a: Deoxys\n|faint|p1a: Deoxys\n|-damage|p2a: Sawsbuck|104/284|[from] item: Life Orb\n|\n|upkeep\n|\n|t:|1781377073\n|switch|p1a: Regice|Regice, L88|284/284\n|turn|4\n|\n|t:|1781377080\n|move|p2a: Sawsbuck|Double-Edge|p1a: Regice\n|-damage|p1a: Regice|0 fnt\n|faint|p1a: Regice\n|-damage|p2a: Sawsbuck|10/284|[from] Recoil\n|-damage|p2a: Sawsbuck|0 fnt|[from] item: Life Orb\n|faint|p2a: Sawsbuck\n|\n|upkeep\n|\n|t:|1781377090\n|switch|p2a: Latios|Latios, L78, M|253/253\n|switch|p1a: Houndoom|Houndoom, L87, F|272/272\n|turn|5\n|\n|t:|1781377100\n|move|p2a: Latios|Flip Turn|p1a: Houndoom\n|-supereffective|p1a: Houndoom\n|-damage|p1a: Houndoom|170/272\n|\n|t:|1781377105\n|switch|p2a: Hitmonchan|Hitmonchan, L87, M|229/229|[from] Flip Turn\n|move|p1a: Houndoom|Nasty Plot|p1a: Houndoom\n|-boost|p1a: Houndoom|spa|2\n|\n|upkeep\n|turn|6\n|\n|t:|1781377113\n|move|p1a: Houndoom|Fire Blast|p2a: Hitmonchan\n|-damage|p2a: Hitmonchan|16/229\n|move|p2a: Hitmonchan|Drain Punch|p1a: Houndoom\n|-supereffective|p1a: Houndoom\n|-damage|p1a: Houndoom|0 fnt\n|-heal|p2a: Hitmonchan|101/229|[from] drain|[of] p1a: Houndoom\n|faint|p1a: Houndoom\n|-damage|p2a: Hitmonchan|79/229|[from] item: Life Orb\n|\n|upkeep\n|-message|Arxz forfeited.\n|\n|win|qwertytestteam\n", "inputlog": ">version a8376a258c1d4662feba110a92103f3664a72141\n>start {\"formatid\":\"gen9randombattle\",\"seed\":\"sodium,ac07f89f11e5f6b46635608723dc1773\",\"rated\":\"Rated battle\"}\n>player p1 {\"name\":\"Arxz\",\"avatar\":\"hoopster\",\"rating\":2031,\"seed\":\"sodium,1a31e2d0afa7e34b5603638212f0168c\"}\n>player p2 {\"name\":\"qwertytestteam\",\"avatar\":\"red\",\"rating\":2115,\"seed\":\"sodium,921d0f6f7276b39dc938151938de3cb2\"}\n>p1 move hypervoice\n>p2 move swordsdance\n>p1 move hypervoice\n>p2 move hornleech\n>p1 switch 4\n>p1 move superpower\n>p2 move hornleech terastallize\n>p1 switch 5\n>p1 move icebeam\n>p2 move doubleedge\n>p1 switch 2\n>p2 switch 4\n>p1 move nastyplot\n>p2 move flipturn\n>p2 switch 2\n>p1 move fireblast\n>p2 move drainpunch\n>forcelose p1", "uploadtime": 1781377006, "views": 8, "formatid": "gen9randombattle", "rating": null, "private": 0, "password": null}