{"id": "gen9randombattle-2631744731", "format": "[Gen 9] Random Battle", "players": ["houdas", "luckynumone"], "log": "|j|\u2606houdas\n|j|\u2606luckynumone\n|t:|1781432625\n|gametype|singles\n|player|p1|houdas|alder|1858\n|player|p2|luckynumone|youngster-gen4dp|1930\n|gen|9\n|tier|[Gen 9] Random Battle\n|rated|\n|rule|Species Clause: Limit one of each Pok\u00e9mon\n|rule|HP Percentage Mod: HP is shown in percentages\n|rule|Sleep Clause Mod: Limit one foe put to sleep\n|rule|Illusion Level Mod: Illusion disguises the Pok\u00e9mon's true level\n|\n|t:|1781432625\n|teamsize|p1|6\n|teamsize|p2|6\n|start\n|switch|p1a: Moltres|Moltres, L81|278/278\n|switch|p2a: Masquerain|Masquerain, L87, F|264/264\n|-ability|p2a: Masquerain|Intimidate|boost\n|-unboost|p1a: Moltres|atk|1\n|turn|1\n|inactive|Battle timer is ON: inactive players will automatically lose when time's up. (requested by luckynumone)\n|\n|t:|1781432659\n|switch|p2a: Pachirisu|Pachirisu, L96, F|271/271\n|move|p1a: Moltres|Fire Blast|p2a: Pachirisu|[miss]\n|-miss|p1a: Moltres|p2a: Pachirisu\n|\n|upkeep\n|turn|2\n|\n|t:|1781432671\n|switch|p1a: Mudsdale|Mudsdale, L83, M|302/302\n|move|p2a: Pachirisu|Nuzzle|p1a: Mudsdale\n|-immune|p1a: Mudsdale\n|\n|upkeep\n|turn|3\n|\n|t:|1781432679\n|switch|p2a: Masquerain|Masquerain, L87, F|264/264\n|-ability|p2a: Masquerain|Intimidate|boost\n|-unboost|p1a: Mudsdale|atk|1\n|move|p1a: Mudsdale|Stone Edge|p2a: Masquerain|[miss]\n|-miss|p1a: Mudsdale|p2a: Masquerain\n|\n|upkeep\n|turn|4\n|\n|t:|1781432688\n|move|p2a: Masquerain|Sticky Web|p1a: Mudsdale\n|-sidestart|p1: houdas|move: Sticky Web\n|move|p1a: Mudsdale|Stone Edge|p2a: Masquerain\n|-supereffective|p2a: Masquerain\n|-damage|p2a: Masquerain|4/264\n|\n|upkeep\n|turn|5\n|\n|t:|1781432693\n|move|p2a: Masquerain|Hydro Pump|p1a: Mudsdale\n|-supereffective|p1a: Mudsdale\n|-damage|p1a: Mudsdale|140/302\n|-ability|p1a: Mudsdale|Stamina|boost\n|-boost|p1a: Mudsdale|def|1\n|move|p1a: Mudsdale|Heavy Slam|p2a: Masquerain\n|-damage|p2a: Masquerain|0 fnt\n|faint|p2a: Masquerain\n|\n|-heal|p1a: Mudsdale|158/302|[from] item: Leftovers\n|upkeep\n|\n|t:|1781432706\n|switch|p2a: Pelipper|Pelipper, L86, M|243/243\n|-weather|RainDance|[from] ability: Drizzle|[of] p2a: Pelipper\n|turn|6\n|\n|t:|1781432717\n|move|p2a: Pelipper|Hydro Pump|p1a: Mudsdale\n|-supereffective|p1a: Mudsdale\n|-damage|p1a: Mudsdale|0 fnt\n|faint|p1a: Mudsdale\n|\n|-weather|RainDance|[upkeep]\n|upkeep\n|\n|t:|1781432733\n|switch|p1a: Slaking|Slaking, L84, F|389/389\n|-activate|p1a: Slaking|move: Sticky Web\n|-unboost|p1a: Slaking|spe|1\n|turn|7\n|\n|t:|1781432752\n|switch|p2a: Bastiodon|Bastiodon, L89, F|252/252\n|move|p1a: Slaking|Double-Edge|p2a: Bastiodon\n|-resisted|p2a: Bastiodon\n|-damage|p2a: Bastiodon|226/252\n|-damage|p1a: Slaking|380/389|[from] Recoil\n|\n|-weather|RainDance|[upkeep]\n|upkeep\n|turn|8\n|\n|t:|1781432769\n|switch|p1a: Appletun|Appletun, L92, M|352/352\n|-activate|p1a: Appletun|move: Sticky Web\n|-unboost|p1a: Appletun|spe|1\n|switch|p2a: Pachirisu|Pachirisu, L96, F|271/271\n|\n|-weather|RainDance|[upkeep]\n|upkeep\n|turn|9\n|\n|t:|1781432779\n|move|p2a: Pachirisu|Nuzzle|p1a: Appletun\n|-resisted|p1a: Appletun\n|-crit|p1a: Appletun\n|-damage|p1a: Appletun|346/352\n|-status|p1a: Appletun|par\n|cant|p1a: Appletun|par\n|\n|-weather|RainDance|[upkeep]\n|-heal|p1a: Appletun|352/352 par|[from] item: Leftovers\n|upkeep\n|turn|10\n|\n|t:|1781432797\n|move|p2a: Pachirisu|Super Fang|p1a: Appletun\n|-damage|p1a: Appletun|176/352 par\n|move|p1a: Appletun|Apple Acid|p2a: Pachirisu\n|-damage|p2a: Pachirisu|208/271\n|-unboost|p2a: Pachirisu|spd|1\n|\n|-weather|none\n|-heal|p1a: Appletun|198/352 par|[from] item: Leftovers\n|upkeep\n|turn|11\n|\n|t:|1781432807\n|move|p2a: Pachirisu|U-turn|p1a: Appletun\n|-supereffective|p1a: Appletun\n|-damage|p1a: Appletun|126/352 par\n|\n|t:|1781432811\n|switch|p2a: Pelipper|Pelipper, L86, M|243/243|[from] U-turn\n|-weather|RainDance|[from] ability: Drizzle|[of] p2a: Pelipper\n|cant|p1a: Appletun|par\n|\n|-weather|RainDance|[upkeep]\n|-heal|p1a: Appletun|148/352 par|[from] item: Leftovers\n|upkeep\n|turn|12\n|\n|t:|1781432823\n|switch|p1a: Perrserker|Perrserker, L89, M|269/269\n|-activate|p1a: Perrserker|move: Sticky Web\n|-unboost|p1a: Perrserker|spe|1\n|move|p2a: Pelipper|Hurricane|p1a: Perrserker\n|-resisted|p1a: Perrserker\n|-damage|p1a: Perrserker|201/269\n|-start|p1a: Perrserker|confusion\n|\n|-weather|RainDance|[upkeep]\n|upkeep\n|turn|13\n|\n|t:|1781432834\n|move|p2a: Pelipper|Hydro Pump|p1a: Perrserker\n|-damage|p1a: Perrserker|0 fnt\n|faint|p1a: Perrserker\n|\n|-weather|RainDance|[upkeep]\n|upkeep\n|\n|t:|1781432851\n|switch|p1a: Slaking|Slaking, L84, F|380/389\n|-activate|p1a: Slaking|move: Sticky Web\n|-unboost|p1a: Slaking|spe|1\n|turn|14\n|\n|t:|1781432860\n|move|p1a: Slaking|Double-Edge|p2a: Pelipper\n|-damage|p2a: Pelipper|72/243\n|-damage|p1a: Slaking|324/389|[from] Recoil\n|move|p2a: Pelipper|Knock Off|p1a: Slaking\n|-damage|p1a: Slaking|285/389\n|-enditem|p1a: Slaking|Choice Scarf|[from] move: Knock Off|[of] p2a: Pelipper\n|\n|-weather|RainDance|[upkeep]\n|upkeep\n|turn|15\n|\n|t:|1781432875\n|move|p2a: Pelipper|Roost|p2a: Pelipper\n|-heal|p2a: Pelipper|194/243\n|-singleturn|p2a: Pelipper|move: Roost\n|cant|p1a: Slaking|ability: Truant\n|\n|-weather|none\n|upkeep\n|turn|16\n|\n|t:|1781432892\n|move|p2a: Pelipper|Hydro Pump|p1a: Slaking\n|-damage|p1a: Slaking|140/389\n|move|p1a: Slaking|Double-Edge|p2a: Pelipper\n|-damage|p2a: Pelipper|17/243\n|-damage|p1a: Slaking|82/389|[from] Recoil\n|\n|upkeep\n|turn|17\n|\n|t:|1781432901\n|switch|p1a: Appletun|Appletun, L92, M|148/352 par\n|-activate|p1a: Appletun|move: Sticky Web\n|-unboost|p1a: Appletun|spe|1\n|move|p2a: Pelipper|Roost|p2a: Pelipper\n|-heal|p2a: Pelipper|139/243\n|-singleturn|p2a: Pelipper|move: Roost\n|\n|-heal|p1a: Appletun|170/352 par|[from] item: Leftovers\n|upkeep\n|turn|18\n|\n|t:|1781432917\n|move|p2a: Pelipper|Knock Off|p1a: Appletun\n|-damage|p1a: Appletun|123/352 par\n|-enditem|p1a: Appletun|Leftovers|[from] move: Knock Off|[of] p2a: Pelipper\n|cant|p1a: Appletun|par\n|\n|upkeep\n|turn|19\n|\n|t:|1781432924\n|move|p2a: Pelipper|Hurricane|p1a: Appletun\n|-supereffective|p1a: Appletun\n|-damage|p1a: Appletun|0 fnt\n|faint|p1a: Appletun\n|\n|upkeep\n|\n|t:|1781432933\n|switch|p1a: Moltres|Moltres, L81|278/278\n|turn|20\n|\n|t:|1781432947\n|switch|p2a: Slowbro|Slowbro-Galar, L87, F|307/307\n|move|p1a: Moltres|Brave Bird|p2a: Slowbro\n|-damage|p2a: Slowbro|199/307\n|-damage|p1a: Moltres|242/278|[from] Recoil\n|\n|upkeep\n|turn|21\n|\n|t:|1781432958\n|switch|p1a: Slaking|Slaking, L84, F|82/389\n|-activate|p1a: Slaking|move: Sticky Web\n|-unboost|p1a: Slaking|spe|1\n|move|p2a: Slowbro|Surf|p1a: Slaking\n|-damage|p1a: Slaking|0 fnt\n|faint|p1a: Slaking\n|\n|upkeep\n|\n|t:|1781432962\n|switch|p1a: Jirachi|Jirachi, L80|291/291\n|-activate|p1a: Jirachi|move: Sticky Web\n|-unboost|p1a: Jirachi|spe|1\n|turn|22\n|\n|t:|1781432973\n|move|p1a: Jirachi|Body Slam|p2a: Slowbro\n|-damage|p2a: Slowbro|143/307\n|-status|p2a: Slowbro|par\n|move|p2a: Slowbro|Earthquake|p1a: Jirachi\n|-supereffective|p1a: Jirachi\n|-damage|p1a: Jirachi|145/291\n|\n|upkeep\n|turn|23\n|\n|t:|1781432988\n|switch|p2a: Bastiodon|Bastiodon, L89, F|226/252\n|move|p1a: Jirachi|Iron Head|p2a: Bastiodon\n|-damage|p2a: Bastiodon|183/252\n|\n|upkeep\n|turn|24\n|\n|t:|1781432995\n|move|p1a: Jirachi|Body Slam|p2a: Bastiodon\n|-resisted|p2a: Bastiodon\n|-damage|p2a: Bastiodon|175/252\n|-status|p2a: Bastiodon|par\n|move|p2a: Bastiodon|Iron Defense|p2a: Bastiodon\n|-boost|p2a: Bastiodon|def|2\n|\n|upkeep\n|turn|25\n|\n|t:|1781433002\n|move|p1a: Jirachi|Drain Punch|p2a: Bastiodon\n|-supereffective|p2a: Bastiodon\n|-damage|p2a: Bastiodon|115/252 par\n|-heal|p1a: Jirachi|175/291|[from] drain|[of] p2a: Bastiodon\n|move|p2a: Bastiodon|Iron Defense|p2a: Bastiodon\n|-boost|p2a: Bastiodon|def|2\n|\n|upkeep\n|turn|26\n|\n|t:|1781433015\n|move|p1a: Jirachi|Drain Punch|p2a: Bastiodon\n|-supereffective|p2a: Bastiodon\n|-damage|p2a: Bastiodon|71/252 par\n|-heal|p1a: Jirachi|197/291|[from] drain|[of] p2a: Bastiodon\n|cant|p2a: Bastiodon|par\n|\n|upkeep\n|turn|27\n|\n|t:|1781433022\n|move|p1a: Jirachi|Drain Punch|p2a: Bastiodon\n|-supereffective|p2a: Bastiodon\n|-damage|p2a: Bastiodon|27/252 par\n|-heal|p1a: Jirachi|219/291|[from] drain|[of] p2a: Bastiodon\n|move|p2a: Bastiodon|Rest|p2a: Bastiodon\n|-status|p2a: Bastiodon|slp|[from] move: Rest\n|-heal|p2a: Bastiodon|252/252 slp|[silent]\n|-enditem|p2a: Bastiodon|Chesto Berry|[eat]\n|-curestatus|p2a: Bastiodon|slp|[msg]\n|\n|upkeep\n|turn|28\n|\n|t:|1781433033\n|move|p1a: Jirachi|Body Slam|p2a: Bastiodon\n|-resisted|p2a: Bastiodon\n|-damage|p2a: Bastiodon|250/252\n|-status|p2a: Bastiodon|par\n|cant|p2a: Bastiodon|par\n|\n|upkeep\n|turn|29\n|\n|t:|1781433039\n|move|p1a: Jirachi|Drain Punch|p2a: Bastiodon\n|-supereffective|p2a: Bastiodon\n|-damage|p2a: Bastiodon|210/252 par\n|-heal|p1a: Jirachi|239/291|[from] drain|[of] p2a: Bastiodon\n|cant|p2a: Bastiodon|par\n|\n|upkeep\n|turn|30\n|\n|t:|1781433046\n|move|p1a: Jirachi|Iron Head|p2a: Bastiodon\n|-damage|p2a: Bastiodon|194/252 par\n|cant|p2a: Bastiodon|par\n|\n|upkeep\n|turn|31\n|\n|t:|1781433051\n|move|p1a: Jirachi|Iron Head|p2a: Bastiodon\n|-damage|p2a: Bastiodon|179/252 par\n|cant|p2a: Bastiodon|flinch\n|\n|upkeep\n|turn|32\n|\n|t:|1781433057\n|move|p1a: Jirachi|Iron Head|p2a: Bastiodon\n|-damage|p2a: Bastiodon|164/252 par\n|cant|p2a: Bastiodon|flinch\n|\n|upkeep\n|turn|33\n|\n|t:|1781433065\n|move|p1a: Jirachi|Iron Head|p2a: Bastiodon\n|-damage|p2a: Bastiodon|148/252 par\n|cant|p2a: Bastiodon|flinch\n|\n|upkeep\n|turn|34\n|\n|t:|1781433070\n|move|p1a: Jirachi|Iron Head|p2a: Bastiodon\n|-damage|p2a: Bastiodon|132/252 par\n|cant|p2a: Bastiodon|flinch\n|\n|upkeep\n|turn|35\n|\n|t:|1781433077\n|switch|p2a: Pachirisu|Pachirisu, L96, F|208/271\n|move|p1a: Jirachi|Iron Head|p2a: Pachirisu\n|-resisted|p2a: Pachirisu\n|-damage|p2a: Pachirisu|169/271\n|\n|upkeep\n|turn|36\n|\n|t:|1781433089\n|move|p2a: Pachirisu|Nuzzle|p1a: Jirachi\n|-damage|p1a: Jirachi|223/291\n|-status|p1a: Jirachi|par\n|move|p1a: Jirachi|Drain Punch|p2a: Pachirisu\n|-damage|p2a: Pachirisu|120/271\n|-heal|p1a: Jirachi|248/291 par|[from] drain|[of] p2a: Pachirisu\n|\n|upkeep\n|turn|37\n|\n|t:|1781433105\n|move|p2a: Pachirisu|U-turn|p1a: Jirachi\n|-damage|p1a: Jirachi|209/291 par\n|\n|t:|1781433108\n|switch|p2a: Bastiodon|Bastiodon, L89, F|132/252 par|[from] U-turn\n|cant|p1a: Jirachi|par\n|\n|upkeep\n|turn|38\n|\n|t:|1781433115\n|cant|p1a: Jirachi|par\n|move|p2a: Bastiodon|Rest|p2a: Bastiodon\n|-status|p2a: Bastiodon|slp|[from] move: Rest\n|-heal|p2a: Bastiodon|252/252 slp|[silent]\n|\n|upkeep\n|turn|39\n|\n|t:|1781433123\n|switch|p2a: Pelipper|Pelipper, L86, M|139/243\n|-weather|RainDance|[from] ability: Drizzle|[of] p2a: Pelipper\n|cant|p1a: Jirachi|par\n|\n|-weather|RainDance|[upkeep]\n|upkeep\n|turn|40\n|\n|t:|1781433139\n|move|p2a: Pelipper|Knock Off|p1a: Jirachi\n|-supereffective|p1a: Jirachi\n|-damage|p1a: Jirachi|119/291 par\n|-enditem|p1a: Jirachi|Assault Vest|[from] move: Knock Off|[of] p2a: Pelipper\n|move|p1a: Jirachi|Body Slam|p2a: Pelipper\n|-damage|p2a: Pelipper|91/243\n|-status|p2a: Pelipper|par\n|\n|-weather|RainDance|[upkeep]\n|upkeep\n|turn|41\n|\n|t:|1781433151\n|move|p2a: Pelipper|Hydro Pump|p1a: Jirachi\n|-damage|p1a: Jirachi|0 fnt\n|faint|p1a: Jirachi\n|\n|-weather|RainDance|[upkeep]\n|upkeep\n|\n|t:|1781433154\n|switch|p1a: Moltres|Moltres, L81|242/278\n|turn|42\n|\n|t:|1781433159\n|move|p1a: Moltres|Brave Bird|p2a: Pelipper\n|-damage|p2a: Pelipper|0 fnt\n|faint|p2a: Pelipper\n|-damage|p1a: Moltres|212/278|[from] Recoil\n|\n|-weather|RainDance|[upkeep]\n|upkeep\n|\n|t:|1781433169\n|switch|p2a: Cetitan|Cetitan, L82, F|413/413\n|turn|43\n|\n|t:|1781433183\n|-terastallize|p2a: Cetitan|Water\n|move|p1a: Moltres|Fire Blast|p2a: Cetitan|[miss]\n|-miss|p1a: Moltres|p2a: Cetitan\n|move|p2a: Cetitan|Liquidation|p1a: Moltres\n|-supereffective|p1a: Moltres\n|-damage|p1a: Moltres|0 fnt\n|faint|p1a: Moltres\n|\n|win|luckynumone\n|raw|houdas's rating: 1858 &rarr; <strong>1842</strong><br />(-16 for losing)\n|raw|luckynumone's rating: 1930 &rarr; <strong>1946</strong><br />(+16 for winning)\n", "inputlog": ">version a8376a258c1d4662feba110a92103f3664a72141\n>start {\"formatid\":\"gen9randombattle\",\"seed\":\"sodium,124186eac6fbfbe2618589363210ef35\",\"rated\":\"Rated battle\"}\n>player p1 {\"name\":\"houdas\",\"avatar\":\"alder\",\"rating\":1858,\"seed\":\"sodium,8d4f514e7177199ded688afe114f3e83\"}\n>player p2 {\"name\":\"luckynumone\",\"avatar\":\"youngster-gen4dp\",\"rating\":1930,\"seed\":\"sodium,6a51baa77bff5c96d8b66867bd0770d2\"}\n>p1 move fireblast\n>p2 switch 2\n>p1 switch 6\n>p2 move nuzzle\n>p1 move stoneedge\n>p2 switch 2\n>p1 move stoneedge\n>p2 move stickyweb\n>p1 move heavyslam\n>p2 move hydropump\n>p2 switch 5\n>p1 move stoneedge\n>p2 move hydropump\n>p1 switch 2\n>p1 move doubleedge\n>p2 switch 4\n>p1 switch 3\n>p2 switch 2\n>p1 move appleacid\n>p2 move nuzzle\n>p1 move appleacid\n>p2 move superfang\n>p1 move recover\n>p2 move uturn\n>p2 switch 4\n>p1 switch 4\n>p2 move hurricane\n>p1 move stealthrock\n>p2 move hydropump\n>p1 switch 3\n>p1 move doubleedge\n>p2 move knockoff\n>p1 move knockoff\n>p2 move roost\n>p1 move doubleedge\n>p2 move hydropump\n>p1 switch 4\n>p2 move roost\n>p1 move recover\n>p2 move knockoff\n>p1 move recover\n>p2 move hurricane\n>p1 switch 6\n>p1 move bravebird\n>p2 switch 3\n>p1 switch 4\n>p2 move surf\n>p1 switch 5\n>p1 move bodyslam\n>p2 move earthquake\n>p1 move ironhead\n>p2 switch 2\n>p1 move bodyslam\n>p2 move irondefense\n>p1 move drainpunch\n>p2 move irondefense\n>p1 move drainpunch\n>p2 move rest\n>p1 move drainpunch\n>p2 move rest\n>p1 move bodyslam\n>p2 move bodypress\n>p1 move drainpunch\n>p2 move bodypress\n>p1 move ironhead\n>p2 move bodypress\n>p1 move ironhead\n>p2 move bodypress\n>p1 move ironhead\n>p2 move bodypress\n>p1 move ironhead\n>p2 move bodypress\n>p1 move ironhead\n>p2 move bodypress\n>p1 move ironhead\n>p2 switch 4\n>p1 move drainpunch\n>p2 move nuzzle\n>p1 move drainpunch\n>p2 move uturn\n>p2 switch 4\n>p1 move ironhead\n>p2 move rest\n>p1 move drainpunch\n>p2 switch 3\n>p1 move bodyslam\n>p2 move knockoff\n>p1 move bodyslam\n>p2 move hydropump\n>p1 switch 4\n>p1 move bravebird\n>p2 move hydropump\n>p2 switch 6\n>p1 move fireblast\n>p2 move liquidation terastallize", "uploadtime": 1781433194, "views": 5, "formatid": "gen9randombattle", "rating": 1842, "private": 0, "password": null}