{"id": "gen9randombattle-2631382583", "format": "[Gen 9] Random Battle", "players": ["anateuh", "laundry bias"], "log": "|j|\u2606anateuh\n|j|\u2606laundry bias\n|t:|1781378091\n|gametype|singles\n|player|p1|anateuh|2|1953\n|player|p2|laundry bias|101|1997\n|gen|9\n|tier|[Gen 9] Random Battle\n|rated|\n|rule|Species Clause: Limit one of each Pok\u00e9mon\n|rule|HP Percentage Mod: HP is shown in percentages\n|rule|Sleep Clause Mod: Limit one foe put to sleep\n|rule|Illusion Level Mod: Illusion disguises the Pok\u00e9mon's true level\n|\n|t:|1781378091\n|teamsize|p1|6\n|teamsize|p2|6\n|start\n|switch|p1a: Deoxys|Deoxys-Defense, L84|221/221\n|switch|p2a: Toxtricity|Toxtricity, L82, F|257/257\n|-ability|p1a: Deoxys|Pressure\n|turn|1\n|\n|t:|1781378122\n|move|p2a: Toxtricity|Volt Switch|p1a: Deoxys\n|-damage|p1a: Deoxys|173/221\n|\n|t:|1781378130\n|switch|p2a: Ceruledge|Ceruledge, L78, F|245/245|[from] Volt Switch\n|move|p1a: Deoxys|Cosmic Power|p1a: Deoxys\n|-boost|p1a: Deoxys|def|1\n|-boost|p1a: Deoxys|spd|1\n|\n|-heal|p1a: Deoxys|186/221|[from] item: Leftovers\n|upkeep\n|turn|2\n|inactive|Battle timer is ON: inactive players will automatically lose when time's up. (requested by laundry bias)\n|\n|t:|1781378150\n|switch|p1a: Spiritomb|Spiritomb, L89, F|234/234\n|move|p2a: Ceruledge|Swords Dance|p2a: Ceruledge\n|-boost|p2a: Ceruledge|atk|2\n|\n|upkeep\n|turn|3\n|inactive|laundry bias has 120 seconds left.\n|\n|t:|1781378191\n|switch|p2a: Girafarig|Girafarig, L89, M|269/269\n|move|p1a: Spiritomb|Foul Play|p2a: Girafarig\n|-supereffective|p2a: Girafarig\n|-damage|p2a: Girafarig|89/269\n|\n|upkeep\n|turn|4\n|\n|t:|1781378201\n|switch|p1a: Solgaleo|Solgaleo, L74|325/325\n|move|p2a: Girafarig|Thunderbolt|p1a: Solgaleo\n|-damage|p1a: Solgaleo|253/325\n|\n|upkeep\n|turn|5\n|inactive|laundry bias has 120 seconds left.\n|\n|t:|1781378207\n|switch|p2a: Phione|Phione, L91|293/293\n|move|p1a: Solgaleo|Flame Charge|p2a: Phione\n|-resisted|p2a: Phione\n|-damage|p2a: Phione|275/293\n|-boost|p1a: Solgaleo|spe|1\n|\n|-heal|p2a: Phione|293/293|[from] item: Leftovers\n|upkeep\n|turn|6\n|\n|t:|1781378218\n|move|p1a: Solgaleo|Knock Off|p2a: Phione\n|-damage|p2a: Phione|227/293\n|-enditem|p2a: Phione|Leftovers|[from] move: Knock Off|[of] p1a: Solgaleo\n|move|p2a: Phione|Take Heart|p2a: Phione\n|-boost|p2a: Phione|spa|1\n|-boost|p2a: Phione|spd|1\n|\n|upkeep\n|turn|7\n|\n|t:|1781378229\n|switch|p1a: Deoxys|Deoxys-Defense, L84|186/221\n|-ability|p1a: Deoxys|Pressure\n|move|p2a: Phione|Scald|p1a: Deoxys\n|-damage|p1a: Deoxys|102/221\n|\n|-heal|p1a: Deoxys|115/221|[from] item: Leftovers\n|upkeep\n|turn|8\n|\n|t:|1781378234\n|move|p1a: Deoxys|Cosmic Power|p1a: Deoxys\n|-boost|p1a: Deoxys|def|1\n|-boost|p1a: Deoxys|spd|1\n|move|p2a: Phione|Scald|p1a: Deoxys\n|-damage|p1a: Deoxys|61/221\n|\n|-heal|p1a: Deoxys|74/221|[from] item: Leftovers\n|upkeep\n|turn|9\n|\n|t:|1781378240\n|move|p1a: Deoxys|Recover|p1a: Deoxys\n|-heal|p1a: Deoxys|185/221\n|move|p2a: Phione|Scald|p1a: Deoxys\n|-damage|p1a: Deoxys|136/221\n|\n|-heal|p1a: Deoxys|149/221|[from] item: Leftovers\n|upkeep\n|turn|10\n|\n|t:|1781378243\n|switch|p2a: Ceruledge|Ceruledge, L78, F|245/245\n|move|p1a: Deoxys|Cosmic Power|p1a: Deoxys\n|-boost|p1a: Deoxys|def|1\n|-boost|p1a: Deoxys|spd|1\n|\n|-heal|p1a: Deoxys|162/221|[from] item: Leftovers\n|upkeep\n|turn|11\n|\n|t:|1781378250\n|switch|p1a: Spiritomb|Spiritomb, L89, F|234/234\n|move|p2a: Ceruledge|Swords Dance|p2a: Ceruledge\n|-boost|p2a: Ceruledge|atk|2\n|\n|upkeep\n|turn|12\n|\n|t:|1781378266\n|switch|p2a: Girafarig|Girafarig, L89, M|89/269\n|move|p1a: Spiritomb|Foul Play|p2a: Girafarig\n|-supereffective|p2a: Girafarig\n|-damage|p2a: Girafarig|0 fnt\n|faint|p2a: Girafarig\n|\n|upkeep\n|\n|t:|1781378271\n|switch|p2a: Phione|Phione, L91|227/293\n|turn|13\n|\n|t:|1781378273\n|switch|p1a: Deoxys|Deoxys-Defense, L84|162/221\n|-ability|p1a: Deoxys|Pressure\n|move|p2a: Phione|Scald|p1a: Deoxys\n|-damage|p1a: Deoxys|111/221\n|\n|-heal|p1a: Deoxys|124/221|[from] item: Leftovers\n|upkeep\n|turn|14\n|\n|t:|1781378284\n|switch|p2a: Ceruledge|Ceruledge, L78, F|245/245\n|move|p1a: Deoxys|Recover|p1a: Deoxys\n|-heal|p1a: Deoxys|221/221\n|\n|upkeep\n|turn|15\n|\n|t:|1781378291\n|switch|p1a: Solgaleo|Solgaleo, L74|253/325\n|move|p2a: Ceruledge|Poltergeist|p1a: Solgaleo|[miss]\n|-miss|p2a: Ceruledge|p1a: Solgaleo\n|\n|upkeep\n|turn|16\n|\n|t:|1781378306\n|switch|p2a: Phione|Phione, L91|227/293\n|move|p1a: Solgaleo|Knock Off|p2a: Phione\n|-damage|p2a: Phione|180/293\n|\n|upkeep\n|turn|17\n|\n|t:|1781378311\n|switch|p1a: Deoxys|Deoxys-Defense, L84|221/221\n|-ability|p1a: Deoxys|Pressure\n|move|p2a: Phione|Scald|p1a: Deoxys\n|-damage|p1a: Deoxys|166/221\n|\n|-heal|p1a: Deoxys|179/221|[from] item: Leftovers\n|upkeep\n|turn|18\n|\n|t:|1781378322\n|switch|p1a: Kyogre|Kyogre, L71|259/259\n|-weather|RainDance|[from] ability: Drizzle|[of] p1a: Kyogre\n|move|p2a: Phione|Scald|p1a: Kyogre\n|-resisted|p1a: Kyogre\n|-damage|p1a: Kyogre|204/259\n|\n|-weather|RainDance|[upkeep]\n|upkeep\n|turn|19\n|\n|t:|1781378328\n|switch|p2a: Toxtricity|Toxtricity, L82, F|257/257\n|move|p1a: Kyogre|Thunder|p2a: Toxtricity\n|-resisted|p2a: Toxtricity\n|-damage|p2a: Toxtricity|210/257\n|\n|-weather|RainDance|[upkeep]\n|upkeep\n|turn|20\n|\n|t:|1781378335\n|switch|p1a: Solgaleo|Solgaleo, L74|253/325\n|move|p2a: Toxtricity|Volt Switch|p1a: Solgaleo\n|-damage|p1a: Solgaleo|162/325\n|\n|t:|1781378340\n|switch|p2a: Phione|Phione, L91|180/293|[from] Volt Switch\n|\n|-weather|RainDance|[upkeep]\n|upkeep\n|turn|21\n|\n|t:|1781378349\n|switch|p1a: Deoxys|Deoxys-Defense, L84|179/221\n|-ability|p1a: Deoxys|Pressure\n|move|p2a: Phione|Take Heart|p2a: Phione\n|-boost|p2a: Phione|spa|1\n|-boost|p2a: Phione|spd|1\n|\n|-weather|RainDance|[upkeep]\n|-heal|p1a: Deoxys|192/221|[from] item: Leftovers\n|upkeep\n|turn|22\n|\n|t:|1781378353\n|move|p1a: Deoxys|Cosmic Power|p1a: Deoxys\n|-boost|p1a: Deoxys|def|1\n|-boost|p1a: Deoxys|spd|1\n|move|p2a: Phione|Scald|p1a: Deoxys\n|-damage|p1a: Deoxys|119/221\n|\n|-weather|none\n|-heal|p1a: Deoxys|132/221|[from] item: Leftovers\n|upkeep\n|turn|23\n|\n|t:|1781378365\n|switch|p2a: Ceruledge|Ceruledge, L78, F|245/245\n|move|p1a: Deoxys|Cosmic Power|p1a: Deoxys\n|-boost|p1a: Deoxys|def|1\n|-boost|p1a: Deoxys|spd|1\n|\n|-heal|p1a: Deoxys|145/221|[from] item: Leftovers\n|upkeep\n|turn|24\n|\n|t:|1781378371\n|move|p1a: Deoxys|Stored Power|p2a: Ceruledge\n|-crit|p2a: Ceruledge\n|-damage|p2a: Ceruledge|124/245\n|move|p2a: Ceruledge|Poltergeist|p1a: Deoxys\n|-activate|p1a: Deoxys|move: Poltergeist|Leftovers\n|-supereffective|p1a: Deoxys\n|-damage|p1a: Deoxys|73/221\n|\n|-heal|p1a: Deoxys|86/221|[from] item: Leftovers\n|upkeep\n|turn|25\n|\n|t:|1781378380\n|switch|p2a: Mew|Mew, L82|298/298\n|move|p1a: Deoxys|Recover|p1a: Deoxys\n|-heal|p1a: Deoxys|197/221\n|\n|-heal|p1a: Deoxys|210/221|[from] item: Leftovers\n|upkeep\n|turn|26\n|\n|t:|1781378387\n|switch|p1a: Solgaleo|Solgaleo, L74|162/325\n|move|p2a: Mew|Swords Dance|p2a: Mew\n|-boost|p2a: Mew|atk|2\n|\n|upkeep\n|turn|27\n|\n|t:|1781378393\n|move|p2a: Mew|Close Combat|p1a: Solgaleo\n|-damage|p1a: Solgaleo|0 fnt\n|-unboost|p2a: Mew|def|1\n|-unboost|p2a: Mew|spd|1\n|faint|p1a: Solgaleo\n|-damage|p2a: Mew|269/298|[from] item: Life Orb\n|\n|upkeep\n|\n|t:|1781378415\n|switch|p1a: Spiritomb|Spiritomb, L89, F|234/234\n|turn|28\n|\n|t:|1781378434\n|switch|p2a: Flareon|Flareon, L90, M|263/263\n|move|p1a: Spiritomb|Foul Play|p2a: Flareon\n|-damage|p2a: Flareon|0 fnt\n|faint|p2a: Flareon\n|\n|upkeep\n|\n|t:|1781378439\n|switch|p2a: Phione|Phione, L91|180/293\n|turn|29\n|\n|t:|1781378443\n|switch|p2a: Toxtricity|Toxtricity, L82, F|210/257\n|switch|p1a: Deoxys|Deoxys-Defense, L84|210/221\n|-ability|p1a: Deoxys|Pressure\n|\n|-heal|p1a: Deoxys|221/221|[from] item: Leftovers\n|upkeep\n|turn|30\n|\n|t:|1781378451\n|move|p2a: Toxtricity|Volt Switch|p1a: Deoxys\n|-damage|p1a: Deoxys|167/221\n|\n|t:|1781378455\n|switch|p2a: Mew|Mew, L82|269/298|[from] Volt Switch\n|move|p1a: Deoxys|Cosmic Power|p1a: Deoxys\n|-boost|p1a: Deoxys|def|1\n|-boost|p1a: Deoxys|spd|1\n|\n|-heal|p1a: Deoxys|180/221|[from] item: Leftovers\n|upkeep\n|turn|31\n|\n|t:|1781378460\n|switch|p2a: Toxtricity|Toxtricity, L82, F|210/257\n|switch|p1a: Spiritomb|Spiritomb, L89, F|234/234\n|\n|upkeep\n|turn|32\n|\n|t:|1781378471\n|move|p1a: Spiritomb|Sucker Punch|p2a: Toxtricity\n|-damage|p2a: Toxtricity|71/257\n|move|p2a: Toxtricity|Volt Switch|p1a: Spiritomb\n|-damage|p1a: Spiritomb|168/234\n|\n|t:|1781378475\n|switch|p2a: Phione|Phione, L91|180/293|[from] Volt Switch\n|\n|upkeep\n|turn|33\n|\n|t:|1781378482\n|switch|p2a: Toxtricity|Toxtricity, L82, F|71/257\n|switch|p1a: Deoxys|Deoxys-Defense, L84|180/221\n|-ability|p1a: Deoxys|Pressure\n|\n|-heal|p1a: Deoxys|193/221|[from] item: Leftovers\n|upkeep\n|turn|34\n|\n|t:|1781378486\n|move|p2a: Toxtricity|Volt Switch|p1a: Deoxys\n|-damage|p1a: Deoxys|142/221\n|\n|t:|1781378491\n|switch|p2a: Mew|Mew, L82|269/298|[from] Volt Switch\n|move|p1a: Deoxys|Cosmic Power|p1a: Deoxys\n|-boost|p1a: Deoxys|def|1\n|-boost|p1a: Deoxys|spd|1\n|\n|-heal|p1a: Deoxys|155/221|[from] item: Leftovers\n|upkeep\n|turn|35\n|\n|t:|1781378494\n|switch|p1a: Spiritomb|Spiritomb, L89, F|168/234\n|move|p2a: Mew|Swords Dance|p2a: Mew\n|-boost|p2a: Mew|atk|2\n|\n|upkeep\n|turn|36\n|\n|t:|1781378502\n|switch|p2a: Phione|Phione, L91|180/293\n|move|p1a: Spiritomb|Foul Play|p2a: Phione\n|-damage|p2a: Phione|74/293\n|\n|upkeep\n|turn|37\n|\n|t:|1781378509\n|switch|p1a: Deoxys|Deoxys-Defense, L84|155/221\n|-ability|p1a: Deoxys|Pressure\n|move|p2a: Phione|Rest|p2a: Phione\n|-status|p2a: Phione|slp|[from] move: Rest\n|-heal|p2a: Phione|293/293 slp|[silent]\n|\n|-heal|p1a: Deoxys|168/221|[from] item: Leftovers\n|upkeep\n|turn|38\n|\n|t:|1781378515\n|switch|p2a: Mew|Mew, L82|269/298\n|move|p1a: Deoxys|Cosmic Power|p1a: Deoxys\n|-boost|p1a: Deoxys|def|1\n|-boost|p1a: Deoxys|spd|1\n|\n|-heal|p1a: Deoxys|181/221|[from] item: Leftovers\n|upkeep\n|turn|39\n|\n|t:|1781378519\n|move|p2a: Mew|Swords Dance|p2a: Mew\n|-boost|p2a: Mew|atk|2\n|move|p1a: Deoxys|Night Shade|p2a: Mew\n|-damage|p2a: Mew|185/298\n|\n|-heal|p1a: Deoxys|194/221|[from] item: Leftovers\n|upkeep\n|turn|40\n|\n|t:|1781378524\n|switch|p1a: Flareon|Flareon, L90, F|263/263\n|move|p2a: Mew|Leech Life|p1a: Flareon\n|-resisted|p1a: Flareon\n|-damage|p1a: Flareon|172/263\n|-heal|p2a: Mew|231/298|[from] drain|[of] p1a: Flareon\n|-damage|p2a: Mew|202/298|[from] item: Life Orb\n|\n|-status|p1a: Flareon|tox|[from] item: Toxic Orb\n|upkeep\n|turn|41\n|\n|t:|1781378533\n|switch|p1a: Spiritomb|Spiritomb, L89, F|168/234\n|move|p2a: Mew|Psychic Fangs|p1a: Spiritomb\n|-immune|p1a: Spiritomb\n|\n|upkeep\n|turn|42\n|\n|t:|1781378537\n|switch|p2a: Phione|Phione, L91|293/293 slp\n|move|p1a: Spiritomb|Foul Play|p2a: Phione\n|-damage|p2a: Phione|182/293 slp\n|\n|upkeep\n|turn|43\n|\n|t:|1781378540\n|cant|p2a: Phione|slp\n|move|p2a: Phione|Sleep Talk|p2a: Phione\n|move|p2a: Phione|Take Heart|p2a: Phione|[from] move: Sleep Talk\n|-boost|p2a: Phione|spa|1\n|-boost|p2a: Phione|spd|1\n|-curestatus|p2a: Phione|slp|[msg]\n|move|p1a: Spiritomb|Foul Play|p2a: Phione\n|-damage|p2a: Phione|67/293\n|\n|upkeep\n|turn|44\n|\n|t:|1781378545\n|switch|p1a: Deoxys|Deoxys-Defense, L84|194/221\n|-ability|p1a: Deoxys|Pressure\n|move|p2a: Phione|Rest|p2a: Phione\n|-status|p2a: Phione|slp|[from] move: Rest\n|-heal|p2a: Phione|293/293 slp|[silent]\n|\n|-heal|p1a: Deoxys|207/221|[from] item: Leftovers\n|upkeep\n|turn|45\n|\n|t:|1781378552\n|move|p1a: Deoxys|Night Shade|p2a: Phione\n|-damage|p2a: Phione|209/293 slp\n|cant|p2a: Phione|slp\n|move|p2a: Phione|Sleep Talk|p2a: Phione\n|move|p2a: Phione|Rest||[from] move: Sleep Talk|[still]\n|-fail|p2a: Phione\n|\n|-heal|p1a: Deoxys|220/221|[from] item: Leftovers\n|upkeep\n|turn|46\n|\n|t:|1781378560\n|switch|p2a: Ceruledge|Ceruledge, L78, F|124/245\n|move|p1a: Deoxys|Cosmic Power|p1a: Deoxys\n|-boost|p1a: Deoxys|def|1\n|-boost|p1a: Deoxys|spd|1\n|\n|-heal|p1a: Deoxys|221/221|[from] item: Leftovers\n|upkeep\n|turn|47\n|\n|t:|1781378565\n|move|p1a: Deoxys|Cosmic Power|p1a: Deoxys\n|-boost|p1a: Deoxys|def|1\n|-boost|p1a: Deoxys|spd|1\n|move|p2a: Ceruledge|Poltergeist|p1a: Deoxys|[miss]\n|-miss|p2a: Ceruledge|p1a: Deoxys\n|\n|upkeep\n|turn|48\n|\n|t:|1781378571\n|move|p1a: Deoxys|Cosmic Power|p1a: Deoxys\n|-boost|p1a: Deoxys|def|1\n|-boost|p1a: Deoxys|spd|1\n|move|p2a: Ceruledge|Poltergeist|p1a: Deoxys\n|-activate|p1a: Deoxys|move: Poltergeist|Leftovers\n|-supereffective|p1a: Deoxys\n|-damage|p1a: Deoxys|153/221\n|\n|-heal|p1a: Deoxys|166/221|[from] item: Leftovers\n|upkeep\n|turn|49\n|\n|t:|1781378575\n|switch|p2a: Mew|Mew, L82|202/298\n|move|p1a: Deoxys|Cosmic Power|p1a: Deoxys\n|-boost|p1a: Deoxys|def|1\n|-boost|p1a: Deoxys|spd|1\n|\n|-heal|p1a: Deoxys|179/221|[from] item: Leftovers\n|upkeep\n|turn|50\n|\n|t:|1781378579\n|move|p2a: Mew|Swords Dance|p2a: Mew\n|-boost|p2a: Mew|atk|2\n|move|p1a: Deoxys|Night Shade|p2a: Mew\n|-damage|p2a: Mew|118/298\n|\n|-heal|p1a: Deoxys|192/221|[from] item: Leftovers\n|upkeep\n|turn|51\n|\n|t:|1781378588\n|move|p2a: Mew|Swords Dance|p2a: Mew\n|-boost|p2a: Mew|atk|2\n|move|p1a: Deoxys|Night Shade|p2a: Mew\n|-damage|p2a: Mew|34/298\n|\n|-heal|p1a: Deoxys|205/221|[from] item: Leftovers\n|upkeep\n|turn|52\n|\n|t:|1781378591\n|switch|p1a: Flareon|Flareon, L90, F|172/263 tox\n|move|p2a: Mew|Leech Life|p1a: Flareon\n|-resisted|p1a: Flareon\n|-damage|p1a: Flareon|33/263 tox\n|-heal|p2a: Mew|104/298|[from] drain|[of] p1a: Flareon\n|-damage|p2a: Mew|75/298|[from] item: Life Orb\n|\n|-damage|p1a: Flareon|17/263 tox|[from] psn\n|upkeep\n|turn|53\n|\n|t:|1781378601\n|switch|p2a: Ceruledge|Ceruledge, L78, F|124/245\n|move|p1a: Flareon|Facade|p2a: Ceruledge\n|-immune|p2a: Ceruledge\n|\n|-damage|p1a: Flareon|0 fnt|[from] psn\n|faint|p1a: Flareon\n|upkeep\n|\n|t:|1781378610\n|switch|p1a: Kyogre|Kyogre, L71|204/259\n|-weather|RainDance|[from] ability: Drizzle|[of] p1a: Kyogre\n|turn|54\n|\n|t:|1781378624\n|move|p2a: Ceruledge|Shadow Sneak|p1a: Kyogre\n|-damage|p1a: Kyogre|146/259\n|move|p1a: Kyogre|Water Spout|p2a: Ceruledge\n|-supereffective|p2a: Ceruledge\n|-damage|p2a: Ceruledge|0 fnt\n|faint|p2a: Ceruledge\n|\n|-weather|RainDance|[upkeep]\n|upkeep\n|\n|t:|1781378628\n|switch|p2a: Phione|Phione, L91|209/293 slp\n|turn|55\n|\n|t:|1781378632\n|switch|p1a: Deoxys|Deoxys-Defense, L84|205/221\n|-ability|p1a: Deoxys|Pressure\n|cant|p2a: Phione|slp\n|move|p2a: Phione|Sleep Talk|p2a: Phione\n|move|p2a: Phione|Take Heart|p2a: Phione|[from] move: Sleep Talk\n|-boost|p2a: Phione|spa|1\n|-boost|p2a: Phione|spd|1\n|-curestatus|p2a: Phione|slp|[msg]\n|\n|-weather|RainDance|[upkeep]\n|-heal|p1a: Deoxys|218/221|[from] item: Leftovers\n|upkeep\n|turn|56\n|\n|t:|1781378643\n|move|p1a: Deoxys|Cosmic Power|p1a: Deoxys\n|-boost|p1a: Deoxys|def|1\n|-boost|p1a: Deoxys|spd|1\n|move|p2a: Phione|Scald|p1a: Deoxys\n|-damage|p1a: Deoxys|139/221\n|-status|p1a: Deoxys|brn\n|\n|-weather|RainDance|[upkeep]\n|-heal|p1a: Deoxys|152/221 brn|[from] item: Leftovers\n|-damage|p1a: Deoxys|139/221 brn|[from] brn\n|upkeep\n|turn|57\n|\n|t:|1781378647\n|move|p1a: Deoxys|Cosmic Power|p1a: Deoxys\n|-boost|p1a: Deoxys|def|1\n|-boost|p1a: Deoxys|spd|1\n|move|p2a: Phione|Take Heart|p2a: Phione\n|-boost|p2a: Phione|spa|1\n|-boost|p2a: Phione|spd|1\n|\n|-weather|RainDance|[upkeep]\n|-heal|p1a: Deoxys|152/221 brn|[from] item: Leftovers\n|-damage|p1a: Deoxys|139/221 brn|[from] brn\n|upkeep\n|turn|58\n|\n|t:|1781378654\n|move|p1a: Deoxys|Cosmic Power|p1a: Deoxys\n|-boost|p1a: Deoxys|def|1\n|-boost|p1a: Deoxys|spd|1\n|move|p2a: Phione|Take Heart|p2a: Phione\n|-boost|p2a: Phione|spa|1\n|-boost|p2a: Phione|spd|1\n|\n|-weather|none\n|-heal|p1a: Deoxys|152/221 brn|[from] item: Leftovers\n|-damage|p1a: Deoxys|139/221 brn|[from] brn\n|upkeep\n|turn|59\n|\n|t:|1781378656\n|move|p1a: Deoxys|Night Shade|p2a: Phione\n|-damage|p2a: Phione|125/293\n|move|p2a: Phione|Take Heart|p2a: Phione\n|-boost|p2a: Phione|spa|1\n|-boost|p2a: Phione|spd|1\n|\n|-heal|p1a: Deoxys|152/221 brn|[from] item: Leftovers\n|-damage|p1a: Deoxys|139/221 brn|[from] brn\n|upkeep\n|turn|60\n|\n|t:|1781378660\n|move|p1a: Deoxys|Night Shade|p2a: Phione\n|-damage|p2a: Phione|41/293\n|move|p2a: Phione|Take Heart|p2a: Phione\n|-boost|p2a: Phione|spa|1\n|-boost|p2a: Phione|spd|1\n|\n|-heal|p1a: Deoxys|152/221 brn|[from] item: Leftovers\n|-damage|p1a: Deoxys|139/221 brn|[from] brn\n|upkeep\n|turn|61\n|\n|t:|1781378664\n|move|p1a: Deoxys|Night Shade|p2a: Phione\n|-damage|p2a: Phione|0 fnt\n|faint|p2a: Phione\n|\n|-heal|p1a: Deoxys|152/221 brn|[from] item: Leftovers\n|-damage|p1a: Deoxys|139/221 brn|[from] brn\n|upkeep\n|-message|laundry bias forfeited.\n|\n|win|anateuh\n", "inputlog": ">version a8376a258c1d4662feba110a92103f3664a72141\n>start {\"formatid\":\"gen9randombattle\",\"seed\":\"sodium,8de93b90939bd9f31381f8d6c5caae4f\",\"rated\":\"Rated battle\"}\n>player p1 {\"name\":\"anateuh\",\"avatar\":\"2\",\"rating\":1953,\"seed\":\"sodium,8761855c53e51e448db3180320dd3103\"}\n>player p2 {\"name\":\"laundry bias\",\"avatar\":\"101\",\"rating\":1997,\"seed\":\"sodium,81cfc77a451d4c50519b65dff3fd7c2e\"}\n>p1 move cosmicpower\n>p2 move voltswitch\n>p2 switch 3\n>p1 switch 6\n>p2 move swordsdance\n>p1 move foulplay\n>p2 switch 6\n>p1 switch 3\n>p2 move thunderbolt\n>p1 move flamecharge\n>p2 switch 5\n>p1 move knockoff\n>p2 move takeheart\n>p1 switch 6\n>p2 move scald\n>p1 move cosmicpower\n>p2 move scald\n>p1 move recover\n>p2 move scald\n>p1 move cosmicpower\n>p2 switch 6\n>p1 switch 3\n>p2 move swordsdance\n>p1 move foulplay\n>p2 switch 5\n>p2 switch 6\n>p1 switch 3\n>p2 move scald\n>p1 move recover\n>p2 switch 5\n>p1 switch 6\n>p2 move poltergeist\n>p1 move knockoff\n>p2 switch 5\n>p1 switch 6\n>p2 move scald\n>p1 switch 2\n>p2 move scald\n>p1 move thunder\n>p2 switch 3\n>p1 switch 6\n>p2 move voltswitch\n>p2 switch 3\n>p1 switch 2\n>p2 move takeheart\n>p1 move cosmicpower\n>p2 move scald\n>p1 move cosmicpower\n>p2 switch 5\n>p1 move storedpower\n>p2 move poltergeist\n>p1 move recover\n>p2 switch 2\n>p1 switch 2\n>p2 move swordsdance\n>p1 move knockoff\n>p2 move closecombat\n>p1 switch 3\n>p1 move foulplay\n>p2 switch 4\n>p2 switch 5\n>p1 switch 2\n>p2 switch 3\n>p1 move cosmicpower\n>p2 move voltswitch\n>p2 switch 4\n>p1 switch 2\n>p2 switch 4\n>p1 move suckerpunch\n>p2 move voltswitch\n>p2 switch 3\n>p1 switch 2\n>p2 switch 3\n>p1 move cosmicpower\n>p2 move voltswitch\n>p2 switch 4\n>p1 switch 2\n>p2 move swordsdance\n>p1 move foulplay\n>p2 switch 3\n>p1 switch 2\n>p2 move rest\n>p1 move cosmicpower\n>p2 switch 3\n>p1 move nightshade\n>p2 move swordsdance\n>p1 switch 4\n>p2 move leechlife\n>p1 switch 2\n>p2 move psychicfangs\n>p1 move foulplay\n>p2 switch 3\n>p1 move foulplay\n>p2 move sleeptalk\n>p1 switch 4\n>p2 move rest\n>p1 move nightshade\n>p2 move sleeptalk\n>p1 move cosmicpower\n>p2 switch 2\n>p1 move cosmicpower\n>p2 move poltergeist\n>p1 move cosmicpower\n>p2 move poltergeist\n>p1 move cosmicpower\n>p2 switch 3\n>p1 move nightshade\n>p2 move swordsdance\n>p1 move nightshade\n>p2 move swordsdance\n>p1 switch 2\n>p2 move leechlife\n>p1 move facade\n>p2 switch 3\n>p1 switch 6\n>p1 move waterspout\n>p2 move shadowsneak\n>p2 switch 2\n>p1 switch 2\n>p2 move sleeptalk\n>p1 move cosmicpower\n>p2 move scald\n>p1 move cosmicpower\n>p2 move takeheart\n>p1 move cosmicpower\n>p2 move takeheart\n>p1 move nightshade\n>p2 move takeheart\n>p1 move nightshade\n>p2 move takeheart\n>p1 move nightshade\n>p2 move takeheart\n>forcelose p2", "uploadtime": 1781378093, "views": 8, "formatid": "gen9randombattle", "rating": null, "private": 0, "password": null, "player_dets": [{"name": "anateuh", "avatar": "2", "rating": 1953, "seed": "sodium,8761855c53e51e448db3180320dd3103"}, {"name": "laundry bias", "avatar": "101", "rating": 1997, "seed": "sodium,81cfc77a451d4c50519b65dff3fd7c2e"}], "teams_full": [{"Deoxys": {"name": "Deoxys", "species": "Deoxys-Defense", "speciesId": "deoxysdefense", "gender": "N", "shiny": false, "level": 84, "moves": ["nightshade", "storedpower", "cosmicpower", "recover"], "ability": "Pressure", "evs": {"hp": 85, "atk": 0, "def": 85, "spa": 85, "spd": 85, "spe": 85}, "ivs": {"hp": 31, "atk": 0, "def": 31, "spa": 31, "spd": 31, "spe": 31}, "item": "Leftovers", "teraType": "Steel", "role": "Bulky Setup", "bvs": {"hp": 50, "atk": 70, "def": 160, "spa": 70, "spd": 160, "spe": 90}, "stats": {"hp": 221, "atk": 122, "def": 317, "spa": 166, "spd": 317, "spe": 199}}, "Kyogre": {"name": "Kyogre", "species": "Kyogre", "speciesId": "kyogre", "gender": "N", "shiny": false, "level": 71, "moves": ["thunder", "originpulse", "icebeam", "waterspout"], "ability": "Drizzle", "evs": {"hp": 85, "atk": 0, "def": 85, "spa": 85, "spd": 85, "spe": 85}, "ivs": {"hp": 31, "atk": 0, "def": 31, "spa": 31, "spd": 31, "spe": 31}, "item": "Choice Scarf", "teraType": "Water", "role": "Fast Attacker", "bvs": {"hp": 100, "atk": 100, "def": 90, "spa": 150, "spd": 140, "spe": 90}, "stats": {"hp": 259, "atk": 147, "def": 169, "spa": 254, "spd": 240, "spe": 169}}, "Solgaleo": {"name": "Solgaleo", "species": "Solgaleo", "speciesId": "solgaleo", "gender": "N", "shiny": false, "level": 74, "moves": ["flamecharge", "closecombat", "knockoff", "sunsteelstrike"], "ability": "Full Metal Body", "evs": {"hp": 85, "atk": 85, "def": 85, "spa": 85, "spd": 85, "spe": 85}, "ivs": {"hp": 31, "atk": 31, "def": 31, "spa": 31, "spd": 31, "spe": 31}, "item": "Weakness Policy", "teraType": "Fighting", "role": "Bulky Setup", "bvs": {"hp": 137, "atk": 137, "def": 107, "spa": 113, "spd": 89, "spe": 97}, "stats": {"hp": 325, "atk": 246, "def": 201, "spa": 210, "spd": 175, "spe": 187}}, "Flareon": {"name": "Flareon", "species": "Flareon", "speciesId": "flareon", "gender": "F", "shiny": false, "level": 90, "moves": ["willowisp", "flareblitz", "trailblaze", "facade"], "ability": "Guts", "evs": {"hp": 85, "atk": 85, "def": 85, "spa": 85, "spd": 85, "spe": 85}, "ivs": {"hp": 31, "atk": 31, "def": 31, "spa": 31, "spd": 31, "spe": 31}, "item": "Toxic Orb", "teraType": "Normal", "role": "Setup Sweeper", "bvs": {"hp": 65, "atk": 130, "def": 60, "spa": 95, "spd": 110, "spe": 65}, "stats": {"hp": 263, "atk": 285, "def": 159, "spa": 222, "spd": 249, "spe": 168}}, "Dragapult": {"name": "Dragapult", "species": "Dragapult", "speciesId": "dragapult", "gender": "M", "shiny": false, "level": 77, "moves": ["dragondance", "dragondarts", "fireblast", "terablast"], "ability": "Clear Body", "evs": {"hp": 85, "atk": 85, "def": 85, "spa": 85, "spd": 85, "spe": 85}, "ivs": {"hp": 31, "atk": 31, "def": 31, "spa": 31, "spd": 31, "spe": 31}, "item": "Life Orb", "teraType": "Ghost", "role": "Tera Blast user", "bvs": {"hp": 88, "atk": 120, "def": 75, "spa": 100, "spd": 75, "spe": 142}, "stats": {"hp": 262, "atk": 229, "def": 160, "spa": 199, "spd": 160, "spe": 263}}, "Spiritomb": {"name": "Spiritomb", "species": "Spiritomb", "speciesId": "spiritomb", "gender": "F", "shiny": false, "level": 89, "moves": ["suckerpunch", "poltergeist", "foulplay", "shadowsneak"], "ability": "Infiltrator", "evs": {"hp": 85, "atk": 85, "def": 85, "spa": 85, "spd": 85, "spe": 85}, "ivs": {"hp": 31, "atk": 31, "def": 31, "spa": 31, "spd": 31, "spe": 31}, "item": "Choice Band", "teraType": "Poison", "role": "Bulky Support", "bvs": {"hp": 50, "atk": 92, "def": 108, "spa": 92, "spd": 108, "spe": 35}, "stats": {"hp": 234, "atk": 215, "def": 243, "spa": 215, "spd": 243, "spe": 113}}}, {"Toxtricity": {"name": "Toxtricity", "species": "Toxtricity", "speciesId": "toxtricity", "gender": "F", "shiny": false, "level": 82, "moves": ["voltswitch", "boomburst", "overdrive", "sludgewave"], "ability": "Punk Rock", "evs": {"hp": 85, "atk": 0, "def": 85, "spa": 85, "spd": 85, "spe": 85}, "ivs": {"hp": 31, "atk": 0, "def": 31, "spa": 31, "spd": 31, "spe": 31}, "item": "Choice Scarf", "teraType": "Normal", "role": "Fast Attacker", "bvs": {"hp": 75, "atk": 98, "def": 70, "spa": 114, "spd": 70, "spe": 75}, "stats": {"hp": 257, "atk": 165, "def": 162, "spa": 234, "spd": 162, "spe": 170}}, "Mew": {"name": "Mew", "species": "Mew", "speciesId": "mew", "gender": "N", "shiny": false, "level": 82, "moves": ["closecombat", "swordsdance", "psychicfangs", "leechlife"], "ability": "Synchronize", "evs": {"hp": 85, "atk": 85, "def": 85, "spa": 85, "spd": 85, "spe": 85}, "ivs": {"hp": 31, "atk": 31, "def": 31, "spa": 31, "spd": 31, "spe": 31}, "item": "Life Orb", "teraType": "Fighting", "role": "Setup Sweeper", "bvs": {"hp": 100, "atk": 100, "def": 100, "spa": 100, "spd": 100, "spe": 100}, "stats": {"hp": 298, "atk": 211, "def": 211, "spa": 211, "spd": 211, "spe": 211}}, "Ceruledge": {"name": "Ceruledge", "species": "Ceruledge", "speciesId": "ceruledge", "gender": "F", "shiny": false, "level": 78, "moves": ["bitterblade", "poltergeist", "swordsdance", "shadowsneak"], "ability": "Weak Armor", "evs": {"hp": 85, "atk": 85, "def": 85, "spa": 85, "spd": 85, "spe": 85}, "ivs": {"hp": 31, "atk": 31, "def": 31, "spa": 31, "spd": 31, "spe": 31}, "item": "Heavy-Duty Boots", "teraType": "Fire", "role": "Setup Sweeper", "bvs": {"hp": 75, "atk": 125, "def": 80, "spa": 60, "spd": 100, "spe": 85}, "stats": {"hp": 245, "atk": 240, "def": 170, "spa": 139, "spd": 201, "spe": 178}}, "Flareon": {"name": "Flareon", "species": "Flareon", "speciesId": "flareon", "gender": "M", "shiny": false, "level": 90, "moves": ["quickattack", "trailblaze", "facade", "flareblitz"], "ability": "Guts", "evs": {"hp": 85, "atk": 85, "def": 85, "spa": 85, "spd": 85, "spe": 85}, "ivs": {"hp": 31, "atk": 31, "def": 31, "spa": 31, "spd": 31, "spe": 31}, "item": "Toxic Orb", "teraType": "Normal", "role": "Setup Sweeper", "bvs": {"hp": 65, "atk": 130, "def": 60, "spa": 95, "spd": 110, "spe": 65}, "stats": {"hp": 263, "atk": 285, "def": 159, "spa": 222, "spd": 249, "spe": 168}}, "Phione": {"name": "Phione", "species": "Phione", "speciesId": "phione", "gender": "N", "shiny": false, "level": 91, "moves": ["rest", "takeheart", "scald", "sleeptalk"], "ability": "Hydration", "evs": {"hp": 85, "atk": 0, "def": 85, "spa": 85, "spd": 85, "spe": 85}, "ivs": {"hp": 31, "atk": 0, "def": 31, "spa": 31, "spd": 31, "spe": 31}, "item": "Leftovers", "teraType": "Steel", "role": "Bulky Setup", "bvs": {"hp": 80, "atk": 80, "def": 80, "spa": 80, "spd": 80, "spe": 80}, "stats": {"hp": 293, "atk": 150, "def": 197, "spa": 197, "spd": 197, "spe": 197}}, "Girafarig": {"name": "Girafarig", "species": "Girafarig", "speciesId": "girafarig", "gender": "M", "shiny": false, "level": 89, "moves": ["hypervoice", "thunderbolt", "psyshock", "nastyplot"], "ability": "Sap Sipper", "evs": {"hp": 85, "atk": 0, "def": 85, "spa": 85, "spd": 85, "spe": 85}, "ivs": {"hp": 31, "atk": 0, "def": 31, "spa": 31, "spd": 31, "spe": 31}, "item": "Eviolite", "teraType": "Normal", "role": "Fast Bulky Setup", "bvs": {"hp": 70, "atk": 80, "def": 65, "spa": 90, "spd": 65, "spe": 85}, "stats": {"hp": 269, "atk": 147, "def": 166, "spa": 211, "spd": 166, "spe": 202}}}]}