{"id": "gen9randombattle-2631958524", "format": "[Gen 9] Random Battle", "players": ["DEVILICEMIN", "KnightsOfNi"], "log": "|j|\u2606DEVILICEMIN\n|j|\u2606KnightsOfNi\n|t:|1781459947\n|gametype|singles\n|player|p1|DEVILICEMIN|265|2053\n|player|p2|KnightsOfNi|plasmagrunt-gen5bw|2270\n|gen|9\n|tier|[Gen 9] Random Battle\n|rated|\n|rule|Species Clause: Limit one of each Pok\u00e9mon\n|rule|HP Percentage Mod: HP is shown in percentages\n|rule|Sleep Clause Mod: Limit one foe put to sleep\n|rule|Illusion Level Mod: Illusion disguises the Pok\u00e9mon's true level\n|\n|t:|1781459947\n|teamsize|p1|6\n|teamsize|p2|6\n|start\n|switch|p1a: Glimmora|Glimmora, L75, M|248/248\n|switch|p2a: Spiritomb|Spiritomb, L89, F|234/234\n|turn|1\n|inactive|Battle timer is ON: inactive players will automatically lose when time's up. (requested by KnightsOfNi)\n|\n|t:|1781459958\n|move|p1a: Glimmora|Meteor Beam||[still]\n|-prepare|p1a: Glimmora|Meteor Beam\n|-boost|p1a: Glimmora|spa|1\n|-enditem|p1a: Glimmora|Power Herb\n|-anim|p1a: Glimmora|Meteor Beam|p2a: Spiritomb\n|-damage|p2a: Spiritomb|80/234\n|move|p2a: Spiritomb|Poltergeist||[still]\n|-fail|p2a: Spiritomb\n|\n|-heal|p2a: Spiritomb|94/234|[from] item: Leftovers\n|upkeep\n|turn|2\n|\n|t:|1781459969\n|switch|p2a: Orthworm|Orthworm, L88, M|266/266\n|move|p1a: Glimmora|Sludge Wave|p2a: Orthworm\n|-immune|p2a: Orthworm\n|\n|upkeep\n|turn|3\n|\n|t:|1781459975\n|move|p1a: Glimmora|Energy Ball|p2a: Orthworm\n|-resisted|p2a: Orthworm\n|-damage|p2a: Orthworm|200/266\n|move|p2a: Orthworm|Heavy Slam|p1a: Glimmora\n|-supereffective|p1a: Glimmora\n|-crit|p1a: Glimmora\n|-damage|p1a: Glimmora|0 fnt\n|-activate|p1a: Glimmora|ability: Toxic Debris\n|-sidestart|p2: KnightsOfNi|move: Toxic Spikes\n|faint|p1a: Glimmora\n|\n|-heal|p2a: Orthworm|216/266|[from] item: Leftovers\n|upkeep\n|\n|t:|1781459980\n|switch|p1a: Chi-Yu|Chi-Yu, L77|211/211\n|-ability|p1a: Chi-Yu|Beads of Ruin\n|turn|4\n|\n|t:|1781459987\n|switch|p2a: Qwilfish|Qwilfish, L86, F|252/252\n|-sideend|p2: KnightsOfNi|move: Toxic Spikes|[of] p2a: Qwilfish\n|-ability|p2a: Qwilfish|Intimidate|boost\n|-unboost|p1a: Chi-Yu|atk|1\n|move|p1a: Chi-Yu|Fire Blast|p2a: Qwilfish\n|-resisted|p2a: Qwilfish\n|-damage|p2a: Qwilfish|141/252\n|\n|upkeep\n|turn|5\n|\n|t:|1781460002\n|move|p1a: Chi-Yu|Psychic|p2a: Qwilfish\n|-supereffective|p2a: Qwilfish\n|-damage|p2a: Qwilfish|0 fnt\n|faint|p2a: Qwilfish\n|\n|upkeep\n|\n|t:|1781460013\n|switch|p2a: Pachirisu|Pachirisu, L96, M|271/271\n|turn|6\n|\n|t:|1781460017\n|switch|p1a: Kilowattrel|Kilowattrel, L83, F|252/252\n|move|p2a: Pachirisu|Discharge|p1a: Kilowattrel\n|-immune|p1a: Kilowattrel|[from] ability: Volt Absorb\n|\n|upkeep\n|turn|7\n|inactive|KnightsOfNi has 120 seconds left.\n|\n|t:|1781460055\n|move|p1a: Kilowattrel|Hurricane|p2a: Pachirisu|[miss]\n|-miss|p1a: Kilowattrel|p2a: Pachirisu\n|move|p2a: Pachirisu|Super Fang|p1a: Kilowattrel|[miss]\n|-miss|p2a: Pachirisu|p1a: Kilowattrel\n|\n|upkeep\n|turn|8\n|inactive|KnightsOfNi has 120 seconds left.\n|\n|t:|1781460068\n|move|p1a: Kilowattrel|U-turn|p2a: Pachirisu\n|-damage|p2a: Pachirisu|230/271\n|\n|t:|1781460074\n|switch|p1a: Oinkologne|Oinkologne-F, L92, F|361/361|[from] U-turn\n|move|p2a: Pachirisu|Super Fang|p1a: Oinkologne\n|-damage|p1a: Oinkologne|181/361\n|\n|-heal|p1a: Oinkologne|203/361|[from] item: Leftovers\n|upkeep\n|turn|9\n|\n|t:|1781460081\n|move|p2a: Pachirisu|U-turn|p1a: Oinkologne\n|-damage|p1a: Oinkologne|161/361\n|\n|t:|1781460085\n|switch|p2a: Orthworm|Orthworm, L88, M|216/266|[from] U-turn\n|move|p1a: Oinkologne|Lash Out|p2a: Orthworm\n|-damage|p2a: Orthworm|178/266\n|\n|-heal|p1a: Oinkologne|183/361|[from] item: Leftovers\n|-heal|p2a: Orthworm|194/266|[from] item: Leftovers\n|upkeep\n|turn|10\n|\n|t:|1781460092\n|switch|p1a: Kilowattrel|Kilowattrel, L83, F|252/252\n|move|p2a: Orthworm|Body Press|p1a: Kilowattrel\n|-resisted|p1a: Kilowattrel\n|-damage|p1a: Kilowattrel|194/252\n|\n|-heal|p2a: Orthworm|210/266|[from] item: Leftovers\n|upkeep\n|turn|11\n|\n|t:|1781460096\n|switch|p2a: Pachirisu|Pachirisu, L96, M|230/271\n|move|p1a: Kilowattrel|Hurricane|p2a: Pachirisu\n|-resisted|p2a: Pachirisu\n|-damage|p2a: Pachirisu|182/271\n|-start|p2a: Pachirisu|confusion\n|\n|upkeep\n|turn|12\n|\n|t:|1781460104\n|move|p1a: Kilowattrel|U-turn|p2a: Pachirisu\n|-damage|p2a: Pachirisu|143/271\n|\n|t:|1781460107\n|switch|p1a: Oinkologne|Oinkologne-F, L92, F|183/361|[from] U-turn\n|-activate|p2a: Pachirisu|confusion\n|move|p2a: Pachirisu|Super Fang|p1a: Oinkologne|[miss]\n|-miss|p2a: Pachirisu|p1a: Oinkologne\n|\n|-heal|p1a: Oinkologne|205/361|[from] item: Leftovers\n|upkeep\n|turn|13\n|\n|t:|1781460111\n|-activate|p2a: Pachirisu|confusion\n|move|p2a: Pachirisu|U-turn|p1a: Oinkologne\n|-damage|p1a: Oinkologne|161/361\n|\n|t:|1781460113\n|switch|p2a: Orthworm|Orthworm, L88, M|210/266|[from] U-turn\n|move|p1a: Oinkologne|Lash Out|p2a: Orthworm\n|-damage|p2a: Orthworm|171/266\n|\n|-heal|p1a: Oinkologne|183/361|[from] item: Leftovers\n|-heal|p2a: Orthworm|187/266|[from] item: Leftovers\n|upkeep\n|turn|14\n|\n|t:|1781460118\n|switch|p1a: Kilowattrel|Kilowattrel, L83, F|194/252\n|move|p2a: Orthworm|Body Press|p1a: Kilowattrel\n|-resisted|p1a: Kilowattrel\n|-damage|p1a: Kilowattrel|142/252\n|\n|-heal|p2a: Orthworm|203/266|[from] item: Leftovers\n|upkeep\n|turn|15\n|\n|t:|1781460121\n|switch|p2a: Pachirisu|Pachirisu, L96, M|143/271\n|move|p1a: Kilowattrel|Hurricane|p2a: Pachirisu\n|-resisted|p2a: Pachirisu\n|-damage|p2a: Pachirisu|89/271\n|\n|upkeep\n|turn|16\n|\n|t:|1781460131\n|move|p1a: Kilowattrel|Hurricane|p2a: Pachirisu\n|-resisted|p2a: Pachirisu\n|-damage|p2a: Pachirisu|41/271\n|move|p2a: Pachirisu|U-turn|p1a: Kilowattrel\n|-resisted|p1a: Kilowattrel\n|-damage|p1a: Kilowattrel|116/252\n|\n|t:|1781460139\n|switch|p2a: Spiritomb|Spiritomb, L89, F|94/234|[from] U-turn\n|\n|-heal|p2a: Spiritomb|108/234|[from] item: Leftovers\n|upkeep\n|turn|17\n|\n|t:|1781460142\n|move|p1a: Kilowattrel|U-turn|p2a: Spiritomb\n|-damage|p2a: Spiritomb|78/234\n|\n|t:|1781460145\n|switch|p1a: Oinkologne|Oinkologne-F, L92, F|183/361|[from] U-turn\n|move|p2a: Spiritomb|Toxic|p1a: Oinkologne\n|-status|p1a: Oinkologne|tox\n|\n|-heal|p1a: Oinkologne|205/361 tox|[from] item: Leftovers\n|-heal|p2a: Spiritomb|92/234|[from] item: Leftovers\n|-damage|p1a: Oinkologne|183/361 tox|[from] psn\n|upkeep\n|turn|18\n|\n|t:|1781460151\n|switch|p2a: Orthworm|Orthworm, L88, M|203/266\n|move|p1a: Oinkologne|Lash Out|p2a: Orthworm\n|-crit|p2a: Orthworm\n|-damage|p2a: Orthworm|146/266\n|\n|-heal|p1a: Oinkologne|205/361 tox|[from] item: Leftovers\n|-heal|p2a: Orthworm|162/266|[from] item: Leftovers\n|-damage|p1a: Oinkologne|161/361 tox|[from] psn\n|upkeep\n|turn|19\n|\n|t:|1781460162\n|switch|p1a: Kilowattrel|Kilowattrel, L83, F|116/252\n|move|p2a: Orthworm|Body Press|p1a: Kilowattrel\n|-resisted|p1a: Kilowattrel\n|-damage|p1a: Kilowattrel|63/252\n|\n|-heal|p2a: Orthworm|178/266|[from] item: Leftovers\n|upkeep\n|turn|20\n|\n|t:|1781460181\n|switch|p2a: Spiritomb|Spiritomb, L89, F|92/234\n|move|p1a: Kilowattrel|Roost|p1a: Kilowattrel\n|-heal|p1a: Kilowattrel|189/252\n|-singleturn|p1a: Kilowattrel|move: Roost\n|\n|-heal|p2a: Spiritomb|106/234|[from] item: Leftovers\n|upkeep\n|turn|21\n|\n|t:|1781460188\n|move|p1a: Kilowattrel|U-turn|p2a: Spiritomb\n|-damage|p2a: Spiritomb|75/234\n|\n|t:|1781460191\n|switch|p1a: Oinkologne|Oinkologne-F, L92, F|161/361 tox|[from] U-turn\n|move|p2a: Spiritomb|Poltergeist|p1a: Oinkologne\n|-immune|p1a: Oinkologne\n|\n|-heal|p1a: Oinkologne|183/361 tox|[from] item: Leftovers\n|-heal|p2a: Spiritomb|89/234|[from] item: Leftovers\n|-damage|p1a: Oinkologne|161/361 tox|[from] psn\n|upkeep\n|turn|22\n|\n|t:|1781460198\n|switch|p2a: Orthworm|Orthworm, L88, M|178/266\n|move|p1a: Oinkologne|Lash Out|p2a: Orthworm\n|-damage|p2a: Orthworm|136/266\n|\n|-heal|p1a: Oinkologne|183/361 tox|[from] item: Leftovers\n|-heal|p2a: Orthworm|152/266|[from] item: Leftovers\n|-damage|p1a: Oinkologne|139/361 tox|[from] psn\n|upkeep\n|turn|23\n|\n|t:|1781460209\n|switch|p1a: Kilowattrel|Kilowattrel, L83, F|189/252\n|move|p2a: Orthworm|Body Press|p1a: Kilowattrel\n|-resisted|p1a: Kilowattrel\n|-damage|p1a: Kilowattrel|132/252\n|\n|-heal|p2a: Orthworm|168/266|[from] item: Leftovers\n|upkeep\n|turn|24\n|\n|t:|1781460218\n|switch|p2a: Pachirisu|Pachirisu, L96, M|41/271\n|move|p1a: Kilowattrel|Hurricane|p2a: Pachirisu\n|-resisted|p2a: Pachirisu\n|-damage|p2a: Pachirisu|0 fnt\n|faint|p2a: Pachirisu\n|\n|upkeep\n|\n|t:|1781460227\n|switch|p2a: Spiritomb|Spiritomb, L89, F|89/234\n|turn|25\n|\n|t:|1781460229\n|move|p1a: Kilowattrel|U-turn|p2a: Spiritomb\n|-damage|p2a: Spiritomb|56/234\n|\n|t:|1781460231\n|switch|p1a: Oinkologne|Oinkologne-F, L92, F|139/361 tox|[from] U-turn\n|move|p2a: Spiritomb|Foul Play|p1a: Oinkologne\n|-damage|p1a: Oinkologne|30/361 tox\n|\n|-heal|p1a: Oinkologne|52/361 tox|[from] item: Leftovers\n|-heal|p2a: Spiritomb|70/234|[from] item: Leftovers\n|-damage|p1a: Oinkologne|30/361 tox|[from] psn\n|upkeep\n|turn|26\n|\n|t:|1781460236\n|move|p2a: Spiritomb|Sucker Punch|p1a: Oinkologne\n|-damage|p1a: Oinkologne|0 fnt\n|faint|p1a: Oinkologne\n|\n|-heal|p2a: Spiritomb|84/234|[from] item: Leftovers\n|upkeep\n|\n|t:|1781460239\n|switch|p1a: Chi-Yu|Chi-Yu, L77|211/211\n|-ability|p1a: Chi-Yu|Beads of Ruin\n|turn|27\n|\n|t:|1781460248\n|move|p1a: Chi-Yu|Dark Pulse|p2a: Spiritomb\n|-damage|p2a: Spiritomb|0 fnt\n|faint|p2a: Spiritomb\n|\n|upkeep\n|\n|t:|1781460265\n|switch|p2a: Yanmega|Yanmega, L82, M|275/275\n|turn|28\n|\n|t:|1781460270\n|move|p2a: Yanmega|Protect|p2a: Yanmega\n|-singleturn|p2a: Yanmega|Protect\n|move|p1a: Chi-Yu|Fire Blast|p2a: Yanmega\n|-activate|p2a: Yanmega|move: Protect\n|\n|-ability|p2a: Yanmega|Speed Boost|boost\n|-boost|p2a: Yanmega|spe|1\n|upkeep\n|turn|29\n|\n|t:|1781460277\n|switch|p1a: Porygon2|Porygon2, L81|270/270\n|-ability|p1a: Porygon2|Download|boost\n|-boost|p1a: Porygon2|spa|1\n|move|p2a: Yanmega|Air Slash|p1a: Porygon2\n|-damage|p1a: Porygon2|218/270\n|\n|-ability|p2a: Yanmega|Speed Boost|boost\n|-boost|p2a: Yanmega|spe|1\n|upkeep\n|turn|30\n|\n|t:|1781460284\n|move|p2a: Yanmega|Bug Buzz|p1a: Porygon2\n|-damage|p1a: Porygon2|145/270\n|move|p1a: Porygon2|Discharge|p2a: Yanmega\n|-supereffective|p2a: Yanmega\n|-damage|p2a: Yanmega|49/275\n|\n|-ability|p2a: Yanmega|Speed Boost|boost\n|-boost|p2a: Yanmega|spe|1\n|upkeep\n|turn|31\n|\n|t:|1781460290\n|move|p2a: Yanmega|Air Slash|p1a: Porygon2\n|-damage|p1a: Porygon2|88/270\n|move|p1a: Porygon2|Recover|p1a: Porygon2\n|-heal|p1a: Porygon2|223/270\n|\n|-ability|p2a: Yanmega|Speed Boost|boost\n|-boost|p2a: Yanmega|spe|1\n|upkeep\n|turn|32\n|\n|t:|1781460296\n|move|p2a: Yanmega|Air Slash|p1a: Porygon2\n|-damage|p1a: Porygon2|169/270\n|move|p1a: Porygon2|Tri Attack|p2a: Yanmega\n|-damage|p2a: Yanmega|0 fnt\n|faint|p2a: Yanmega\n|\n|upkeep\n|\n|t:|1781460307\n|switch|p2a: Orthworm|Orthworm, L88, M|168/266\n|turn|33\n|\n|t:|1781460310\n|switch|p1a: Kilowattrel|Kilowattrel, L83, F|132/252\n|move|p2a: Orthworm|Body Press|p1a: Kilowattrel\n|-resisted|p1a: Kilowattrel\n|-damage|p1a: Kilowattrel|74/252\n|\n|-heal|p2a: Orthworm|184/266|[from] item: Leftovers\n|upkeep\n|turn|34\n|\n|t:|1781460315\n|move|p1a: Kilowattrel|Thunderbolt|p2a: Orthworm\n|-damage|p2a: Orthworm|46/266\n|move|p2a: Orthworm|Shed Tail|p2a: Orthworm\n|-fail|p2a: Orthworm|move: Shed Tail|[weak]\n|\n|-heal|p2a: Orthworm|62/266|[from] item: Leftovers\n|upkeep\n|turn|35\n|\n|t:|1781460318\n|move|p1a: Kilowattrel|Thunderbolt|p2a: Orthworm\n|-damage|p2a: Orthworm|0 fnt\n|faint|p2a: Orthworm\n|\n|upkeep\n|\n|t:|1781460319\n|switch|p2a: Gogoat|Gogoat, L88, M|360/360\n|turn|36\n|\n|t:|1781460326\n|move|p1a: Kilowattrel|Hurricane|p2a: Gogoat\n|-supereffective|p2a: Gogoat\n|-damage|p2a: Gogoat|118/360\n|-start|p2a: Gogoat|confusion\n|-activate|p2a: Gogoat|confusion\n|move|p2a: Gogoat|Bulk Up|p2a: Gogoat\n|-boost|p2a: Gogoat|atk|1\n|-boost|p2a: Gogoat|def|1\n|\n|-heal|p2a: Gogoat|140/360|[from] item: Leftovers\n|upkeep\n|turn|37\n|\n|t:|1781460330\n|-terastallize|p2a: Gogoat|Water\n|move|p1a: Kilowattrel|Hurricane|p2a: Gogoat\n|-damage|p2a: Gogoat|22/360\n|-activate|p2a: Gogoat|confusion\n|move|p2a: Gogoat|Horn Leech|p1a: Kilowattrel\n|-resisted|p1a: Kilowattrel\n|-damage|p1a: Kilowattrel|0 fnt\n|-heal|p2a: Gogoat|59/360|[from] drain|[of] p1a: Kilowattrel\n|faint|p1a: Kilowattrel\n|\n|-heal|p2a: Gogoat|81/360|[from] item: Leftovers\n|upkeep\n|\n|t:|1781460335\n|switch|p1a: Chi-Yu|Chi-Yu, L77|211/211\n|-ability|p1a: Chi-Yu|Beads of Ruin\n|turn|38\n|-message|KnightsOfNi forfeited.\n|\n|win|DEVILICEMIN\n", "inputlog": ">version a8376a258c1d4662feba110a92103f3664a72141\n>start {\"formatid\":\"gen9randombattle\",\"seed\":\"sodium,0af25ab1993ce593bfa6cc3d02e4dfb0\",\"rated\":\"Rated battle\"}\n>player p1 {\"name\":\"DEVILICEMIN\",\"avatar\":\"265\",\"rating\":2053,\"seed\":\"sodium,b2ab59579863ee71c5deb583bb207dbe\"}\n>player p2 {\"name\":\"KnightsOfNi\",\"avatar\":\"plasmagrunt-gen5bw\",\"rating\":2270,\"seed\":\"sodium,791ba2a3e0c0a97486726e4b949c839c\"}\n>p1 move meteorbeam\n>p2 move poltergeist\n>p1 move sludgewave\n>p2 switch 2\n>p1 move energyball\n>p2 move heavyslam\n>p1 switch 4\n>p1 move fireblast\n>p2 switch 6\n>p1 move psychic\n>p2 move flipturn\n>p2 switch 3\n>p1 switch 2\n>p2 move discharge\n>p1 move hurricane\n>p2 move superfang\n>p1 move uturn\n>p2 move superfang\n>p1 switch 3\n>p1 move lashout\n>p2 move uturn\n>p2 switch 6\n>p1 switch 3\n>p2 move bodypress\n>p1 move hurricane\n>p2 switch 6\n>p1 move uturn\n>p2 move superfang\n>p1 switch 3\n>p1 move lashout\n>p2 move uturn\n>p2 switch 6\n>p1 switch 3\n>p2 move bodypress\n>p1 move hurricane\n>p2 switch 6\n>p1 move hurricane\n>p2 move uturn\n>p2 switch 2\n>p1 move uturn\n>p2 move toxic\n>p1 switch 3\n>p1 move lashout\n>p2 switch 6\n>p1 switch 3\n>p2 move bodypress\n>p1 move roost\n>p2 switch 6\n>p1 move uturn\n>p2 move poltergeist\n>p1 switch 3\n>p1 move lashout\n>p2 switch 6\n>p1 switch 3\n>p2 move bodypress\n>p1 move hurricane\n>p2 switch 2\n>p2 switch 6\n>p1 move uturn\n>p2 move foulplay\n>p1 switch 3\n>p1 move lashout\n>p2 move suckerpunch\n>p1 switch 2\n>p1 move darkpulse\n>p2 move poltergeist\n>p2 switch 4\n>p1 move fireblast\n>p2 move protect\n>p1 switch 6\n>p2 move airslash\n>p1 move discharge\n>p2 move bugbuzz\n>p1 move recover\n>p2 move airslash\n>p1 move triattack\n>p2 move airslash\n>p2 switch 2\n>p1 switch 3\n>p2 move bodypress\n>p1 move thunderbolt\n>p2 move shedtail\n>p1 move thunderbolt\n>p2 move bodypress\n>p2 switch 5\n>p1 move hurricane\n>p2 move bulkup\n>p1 move hurricane\n>p2 move hornleech terastallize\n>p1 switch 6\n>forcelose p2", "uploadtime": 1781459949, "views": 6, "formatid": "gen9randombattle", "rating": null, "private": 0, "password": null}