{"id": "gen9randombattle-2631437752", "format": "[Gen 9] Random Battle", "players": ["gangsta spongebob", "Goonelajtis"], "log": "|j|\u2606gangsta spongebob\n|j|\u2606Goonelajtis\n|t:|1781384619\n|gametype|singles\n|player|p1|gangsta spongebob|265|1961\n|player|p2|Goonelajtis|pokemaniac|1982\n|gen|9\n|tier|[Gen 9] Random Battle\n|rated|\n|rule|Species Clause: Limit one of each Pok\u00e9mon\n|rule|HP Percentage Mod: HP is shown in percentages\n|rule|Sleep Clause Mod: Limit one foe put to sleep\n|rule|Illusion Level Mod: Illusion disguises the Pok\u00e9mon's true level\n|\n|t:|1781384619\n|teamsize|p1|6\n|teamsize|p2|6\n|start\n|switch|p1a: Glastrier|Glastrier, L86|312/312\n|switch|p2a: Mimikyu|Mimikyu, L79, M|216/216\n|turn|1\n|\n|t:|1781384633\n|switch|p2a: Sandaconda|Sandaconda, L84, M|258/258\n|move|p1a: Glastrier|Heavy Slam|p2a: Sandaconda\n|-damage|p2a: Sandaconda|167/258\n|\n|upkeep\n|turn|2\n|\n|t:|1781384654\n|move|p2a: Sandaconda|Rock Blast|p1a: Glastrier\n|-supereffective|p1a: Glastrier\n|-damage|p1a: Glastrier|284/312\n|-supereffective|p1a: Glastrier\n|-damage|p1a: Glastrier|254/312\n|-supereffective|p1a: Glastrier\n|-damage|p1a: Glastrier|224/312\n|-supereffective|p1a: Glastrier\n|-damage|p1a: Glastrier|192/312\n|-hitcount|p1a: Glastrier|4\n|move|p1a: Glastrier|Icicle Crash|p2a: Sandaconda\n|-supereffective|p2a: Sandaconda\n|-damage|p2a: Sandaconda|0 fnt\n|faint|p2a: Sandaconda\n|-ability|p1a: Glastrier|Chilling Neigh|boost\n|-boost|p1a: Glastrier|atk|1\n|\n|upkeep\n|\n|t:|1781384659\n|switch|p2a: Gallade|Gallade, L80, M|240/240\n|turn|3\n|\n|t:|1781384679\n|switch|p1a: Mew|Mew, L82|298/298\n|move|p2a: Gallade|Sacred Sword|p1a: Mew\n|-resisted|p1a: Mew\n|-damage|p1a: Mew|201/298\n|-damage|p2a: Gallade|216/240|[from] item: Life Orb\n|\n|upkeep\n|turn|4\n|\n|t:|1781384685\n|move|p1a: Mew|Psychic Fangs|p2a: Gallade\n|-damage|p2a: Gallade|59/240\n|-damage|p1a: Mew|172/298|[from] item: Life Orb\n|move|p2a: Gallade|Night Slash|p1a: Mew\n|-supereffective|p1a: Mew\n|-damage|p1a: Mew|0 fnt\n|faint|p1a: Mew\n|-damage|p2a: Gallade|35/240|[from] item: Life Orb\n|\n|upkeep\n|\n|t:|1781384689\n|switch|p1a: Jirachi|Jirachi, L80|291/291\n|turn|5\n|\n|t:|1781384694\n|switch|p2a: Sableye|Sableye, L88, F|231/231\n|move|p1a: Jirachi|Iron Head|p2a: Sableye\n|-damage|p2a: Sableye|144/231\n|\n|-heal|p2a: Sableye|158/231|[from] item: Leftovers\n|upkeep\n|turn|6\n|\n|t:|1781384718\n|switch|p1a: Lanturn|Lanturn, L89, M|367/367\n|move|p2a: Sableye|Will-O-Wisp|p1a: Lanturn\n|-status|p1a: Lanturn|brn\n|\n|-heal|p2a: Sableye|172/231|[from] item: Leftovers\n|-damage|p1a: Lanturn|345/367 brn|[from] brn\n|upkeep\n|turn|7\n|\n|t:|1781384724\n|move|p1a: Lanturn|Scald|p2a: Sableye\n|-damage|p2a: Sableye|78/231\n|-status|p2a: Sableye|brn\n|move|p2a: Sableye|Knock Off|p1a: Lanturn\n|-damage|p1a: Lanturn|291/367 brn\n|-enditem|p1a: Lanturn|Leftovers|[from] move: Knock Off|[of] p2a: Sableye\n|\n|-heal|p2a: Sableye|92/231 brn|[from] item: Leftovers\n|-damage|p1a: Lanturn|269/367 brn|[from] brn\n|-damage|p2a: Sableye|78/231 brn|[from] brn\n|upkeep\n|turn|8\n|\n|t:|1781384737\n|move|p2a: Sableye|Encore|p1a: Lanturn\n|-start|p1a: Lanturn|Encore\n|move|p1a: Lanturn|Scald|p2a: Sableye\n|-damage|p2a: Sableye|0 fnt\n|faint|p2a: Sableye\n|\n|-damage|p1a: Lanturn|247/367 brn|[from] brn\n|upkeep\n|\n|t:|1781384739\n|switch|p2a: Hydrapple|Hydrapple, L83, F|312/312\n|turn|9\n|\n|t:|1781384745\n|switch|p1a: Glastrier|Glastrier, L86|192/312\n|move|p2a: Hydrapple|Earth Power|p1a: Glastrier\n|-damage|p1a: Glastrier|106/312\n|\n|upkeep\n|turn|10\n|\n|t:|1781384761\n|switch|p2a: Mimikyu|Mimikyu, L79, M|216/216\n|move|p1a: Glastrier|Icicle Crash|p2a: Mimikyu\n|-activate|p2a: Mimikyu|ability: Disguise\n|-damage|p2a: Mimikyu|216/216\n|detailschange|p2a: Mimikyu|Mimikyu-Busted, L79, M\n|-damage|p2a: Mimikyu|189/216|[from] pokemon: Mimikyu-Busted\n|\n|upkeep\n|turn|11\n|\n|t:|1781384772\n|move|p2a: Mimikyu|Play Rough|p1a: Glastrier|[miss]\n|-miss|p2a: Mimikyu|p1a: Glastrier\n|move|p1a: Glastrier|Heavy Slam|p2a: Mimikyu\n|-supereffective|p2a: Mimikyu\n|-damage|p2a: Mimikyu|0 fnt\n|faint|p2a: Mimikyu\n|-ability|p1a: Glastrier|Chilling Neigh|boost\n|-boost|p1a: Glastrier|atk|1\n|\n|upkeep\n|\n|t:|1781384778\n|switch|p2a: Gallade|Gallade, L80, M|35/240\n|turn|12\n|\n|t:|1781384784\n|move|p2a: Gallade|Sacred Sword|p1a: Glastrier\n|-supereffective|p1a: Glastrier\n|-damage|p1a: Glastrier|0 fnt\n|faint|p1a: Glastrier\n|-damage|p2a: Gallade|11/240|[from] item: Life Orb\n|\n|upkeep\n|\n|t:|1781384787\n|switch|p1a: Jirachi|Jirachi, L80|291/291\n|turn|13\n|\n|t:|1781384789\n|move|p1a: Jirachi|Body Slam|p2a: Gallade\n|-damage|p2a: Gallade|0 fnt\n|faint|p2a: Gallade\n|\n|upkeep\n|\n|t:|1781384793\n|switch|p2a: Hydrapple|Hydrapple, L83, F|312/312\n|turn|14\n|\n|t:|1781384796\n|move|p1a: Jirachi|Body Slam|p2a: Hydrapple\n|-damage|p2a: Hydrapple|264/312\n|move|p2a: Hydrapple|Earth Power|p1a: Jirachi\n|-supereffective|p1a: Jirachi\n|-damage|p1a: Jirachi|95/291\n|\n|-heal|p1a: Jirachi|113/291|[from] item: Leftovers\n|upkeep\n|turn|15\n|\n|t:|1781384802\n|move|p1a: Jirachi|Protect|p1a: Jirachi\n|-singleturn|p1a: Jirachi|Protect\n|move|p2a: Hydrapple|Earth Power|p1a: Jirachi\n|-activate|p1a: Jirachi|move: Protect\n|\n|-heal|p1a: Jirachi|131/291|[from] item: Leftovers\n|upkeep\n|turn|16\n|\n|t:|1781384805\n|move|p1a: Jirachi|Iron Head|p2a: Hydrapple\n|-damage|p2a: Hydrapple|198/312\n|cant|p2a: Hydrapple|flinch\n|\n|-heal|p1a: Jirachi|149/291|[from] item: Leftovers\n|upkeep\n|turn|17\n|\n|t:|1781384809\n|move|p1a: Jirachi|Protect|p1a: Jirachi\n|-singleturn|p1a: Jirachi|Protect\n|move|p2a: Hydrapple|Earth Power|p1a: Jirachi\n|-activate|p1a: Jirachi|move: Protect\n|\n|-heal|p1a: Jirachi|167/291|[from] item: Leftovers\n|upkeep\n|turn|18\n|\n|t:|1781384812\n|move|p1a: Jirachi|Iron Head|p2a: Hydrapple\n|-damage|p2a: Hydrapple|131/312\n|move|p2a: Hydrapple|Earth Power|p1a: Jirachi\n|-supereffective|p1a: Jirachi\n|-damage|p1a: Jirachi|0 fnt\n|faint|p1a: Jirachi\n|\n|upkeep\n|\n|t:|1781384817\n|switch|p1a: Lanturn|Lanturn, L89, M|247/367 brn\n|turn|19\n|\n|t:|1781384830\n|-terastallize|p2a: Hydrapple|Steel\n|move|p1a: Lanturn|Ice Beam|p2a: Hydrapple\n|-resisted|p2a: Hydrapple\n|-damage|p2a: Hydrapple|98/312\n|move|p2a: Hydrapple|Earth Power|p1a: Lanturn\n|-supereffective|p1a: Lanturn\n|-damage|p1a: Lanturn|33/367 brn\n|\n|-damage|p1a: Lanturn|11/367 brn|[from] brn\n|upkeep\n|turn|20\n|\n|t:|1781384844\n|move|p1a: Lanturn|Scald|p2a: Hydrapple\n|-damage|p2a: Hydrapple|16/312\n|move|p2a: Hydrapple|Earth Power|p1a: Lanturn\n|-supereffective|p1a: Lanturn\n|-damage|p1a: Lanturn|0 fnt\n|faint|p1a: Lanturn\n|\n|upkeep\n|\n|t:|1781384846\n|switch|p1a: Zebstrika|Zebstrika, L87, F|272/272\n|turn|21\n|\n|t:|1781384848\n|move|p1a: Zebstrika|High Horsepower|p2a: Hydrapple\n|-supereffective|p2a: Hydrapple\n|-damage|p2a: Hydrapple|0 fnt\n|faint|p2a: Hydrapple\n|-damage|p1a: Zebstrika|245/272|[from] item: Life Orb\n|\n|upkeep\n|\n|t:|1781384850\n|switch|p2a: Venomoth|Venomoth, L84, M|255/255\n|turn|22\n|\n|t:|1781384857\n|move|p1a: Zebstrika|Overheat|p2a: Venomoth\n|-supereffective|p2a: Venomoth\n|-damage|p2a: Venomoth|26/255\n|-unboost|p1a: Zebstrika|spa|2\n|-damage|p1a: Zebstrika|218/272|[from] item: Life Orb\n|move|p2a: Venomoth|Quiver Dance|p2a: Venomoth\n|-boost|p2a: Venomoth|spa|1\n|-boost|p2a: Venomoth|spd|1\n|-boost|p2a: Venomoth|spe|1\n|\n|upkeep\n|turn|23\n|\n|t:|1781384866\n|move|p2a: Venomoth|Sludge Wave|p1a: Zebstrika\n|-damage|p1a: Zebstrika|53/272\n|move|p1a: Zebstrika|Volt Switch|p2a: Venomoth\n|-damage|p2a: Venomoth|0 fnt\n|faint|p2a: Venomoth\n|-damage|p1a: Zebstrika|26/272|[from] item: Life Orb\n|\n|win|gangsta spongebob\n", "inputlog": ">version a8376a258c1d4662feba110a92103f3664a72141\n>start {\"formatid\":\"gen9randombattle\",\"seed\":\"sodium,494d3d2f9ceb5bcb18af053a209432d1\",\"rated\":\"Rated battle\"}\n>player p1 {\"name\":\"gangsta spongebob\",\"avatar\":\"265\",\"rating\":1961,\"seed\":\"sodium,db60e89ff49a8f1fb6b0b95d604e59bc\"}\n>player p2 {\"name\":\"Goonelajtis\",\"avatar\":\"pokemaniac\",\"rating\":1982,\"seed\":\"sodium,36cf1ff212237f7e3fe515b9b0c2c79c\"}\n>p1 move heavyslam\n>p2 switch 5\n>p1 move iciclecrash\n>p2 move rockblast\n>p2 switch 2\n>p1 switch 6\n>p2 move sacredsword\n>p1 move psychicfangs\n>p2 move nightslash\n>p1 switch 5\n>p1 move ironhead\n>p2 switch 4\n>p1 switch 4\n>p2 move willowisp\n>p1 move scald\n>p2 move knockoff\n>p1 move thunderbolt\n>p2 move encore\n>p2 switch 6\n>p1 switch 6\n>p2 move earthpower\n>p1 move iciclecrash\n>p2 switch 5\n>p1 move heavyslam\n>p2 move playrough\n>p2 switch 4\n>p1 move iciclecrash\n>p2 move sacredsword\n>p1 switch 4\n>p1 move bodyslam\n>p2 move nightslash\n>p2 switch 5\n>p1 move bodyslam\n>p2 move earthpower\n>p1 move protect\n>p2 move earthpower\n>p1 move ironhead\n>p2 move earthpower\n>p1 move protect\n>p2 move earthpower\n>p1 move ironhead\n>p2 move earthpower\n>p1 switch 6\n>p1 move icebeam\n>p2 move earthpower terastallize\n>p1 move scald\n>p2 move earthpower\n>p1 switch 3\n>p1 move highhorsepower\n>p2 move earthpower\n>p2 switch 3\n>p1 move overheat\n>p2 move quiverdance\n>p1 move voltswitch\n>p2 move sludgewave", "uploadtime": 1781384621, "views": 10, "formatid": "gen9randombattle", "rating": null, "private": 0, "password": null}