{"id": "gen9randombattle-2631377439", "format": "[Gen 9] Random Battle", "players": ["bluesun000", "rongus"], "log": "|j|\u2606bluesun000\n|j|\u2606rongus\n|t:|1781377482\n|gametype|singles\n|player|p1|bluesun000|palmer|1947\n|player|p2|rongus|2|1926\n|gen|9\n|tier|[Gen 9] Random Battle\n|rated|\n|rule|Species Clause: Limit one of each Pok\u00e9mon\n|rule|HP Percentage Mod: HP is shown in percentages\n|rule|Sleep Clause Mod: Limit one foe put to sleep\n|rule|Illusion Level Mod: Illusion disguises the Pok\u00e9mon's true level\n|\n|t:|1781377482\n|teamsize|p1|6\n|teamsize|p2|6\n|start\n|switch|p1a: Gyarados|Gyarados, L79, M|280/280\n|switch|p2a: Politoed|Politoed, L88, M|302/302\n|-ability|p1a: Gyarados|Intimidate|boost\n|-unboost|p2a: Politoed|atk|1\n|-weather|RainDance|[from] ability: Drizzle|[of] p2a: Politoed\n|turn|1\n|inactive|Battle timer is ON: inactive players will automatically lose when time's up. (requested by rongus)\n|inactive|bluesun000 also wants the timer to be on.\n|\n|t:|1781377508\n|switch|p2a: Bronzong|Bronzong, L88|261/261\n|move|p1a: Gyarados|Dragon Dance|p1a: Gyarados\n|-boost|p1a: Gyarados|atk|1\n|-boost|p1a: Gyarados|spe|1\n|\n|-weather|RainDance|[upkeep]\n|upkeep\n|turn|2\n|\n|t:|1781377524\n|move|p1a: Gyarados|Waterfall|p2a: Bronzong\n|-damage|p2a: Bronzong|111/261\n|move|p2a: Bronzong|Iron Defense|p2a: Bronzong\n|-boost|p2a: Bronzong|def|2\n|\n|-weather|RainDance|[upkeep]\n|upkeep\n|turn|3\n|\n|t:|1781377532\n|move|p1a: Gyarados|Dragon Dance|p1a: Gyarados\n|-boost|p1a: Gyarados|atk|1\n|-boost|p1a: Gyarados|spe|1\n|move|p2a: Bronzong|Rest|p2a: Bronzong\n|-status|p2a: Bronzong|slp|[from] move: Rest\n|-heal|p2a: Bronzong|261/261 slp|[silent]\n|-enditem|p2a: Bronzong|Chesto Berry|[eat]\n|-curestatus|p2a: Bronzong|slp|[msg]\n|\n|-weather|RainDance|[upkeep]\n|upkeep\n|turn|4\n|\n|t:|1781377537\n|move|p1a: Gyarados|Waterfall|p2a: Bronzong\n|-damage|p2a: Bronzong|156/261\n|cant|p2a: Bronzong|flinch\n|\n|-weather|RainDance|[upkeep]\n|upkeep\n|turn|5\n|\n|t:|1781377543\n|move|p1a: Gyarados|Waterfall|p2a: Bronzong\n|-damage|p2a: Bronzong|39/261\n|cant|p2a: Bronzong|flinch\n|\n|-weather|none\n|upkeep\n|turn|6\n|c|\u2606rongus|wow\n|c|\u2606rongus|nicel uck\n|\n|t:|1781377549\n|move|p1a: Gyarados|Waterfall|p2a: Bronzong\n|-damage|p2a: Bronzong|0 fnt\n|faint|p2a: Bronzong\n|\n|upkeep\n|c|\u2606bluesun000|:)\n|\n|t:|1781377555\n|switch|p2a: Cacturne|Cacturne, L92, F|278/278\n|turn|7\n|c|\u2606rongus|insane starting matchup\n|\n|t:|1781377567\n|move|p1a: Gyarados|Stone Edge|p2a: Cacturne\n|-damage|p2a: Cacturne|98/278\n|move|p2a: Cacturne|Knock Off|p1a: Gyarados\n|-damage|p1a: Gyarados|62/280\n|-enditem|p1a: Gyarados|Heavy-Duty Boots|[from] move: Knock Off|[of] p2a: Cacturne\n|-damage|p2a: Cacturne|71/278|[from] item: Life Orb\n|\n|upkeep\n|turn|8\n|c|\u2606rongus|and double flinch\n|\n|t:|1781377577\n|move|p2a: Cacturne|Sucker Punch||[still]\n|-fail|p2a: Cacturne\n|move|p1a: Gyarados|Dragon Dance|p1a: Gyarados\n|-boost|p1a: Gyarados|atk|1\n|-boost|p1a: Gyarados|spe|1\n|\n|upkeep\n|turn|9\n|\n|t:|1781377587\n|move|p2a: Cacturne|Sucker Punch|p1a: Gyarados\n|-damage|p1a: Gyarados|0 fnt\n|faint|p1a: Gyarados\n|-damage|p2a: Cacturne|44/278|[from] item: Life Orb\n|\n|upkeep\n|\n|t:|1781377595\n|switch|p1a: Whimsicott|Whimsicott, L84, F|238/238\n|turn|10\n|\n|t:|1781377603\n|switch|p2a: Vespiquen|Vespiquen, L99, F|299/299\n|-ability|p2a: Vespiquen|Pressure\n|move|p1a: Whimsicott|Moonblast|p2a: Vespiquen\n|-damage|p2a: Vespiquen|241/299\n|-unboost|p2a: Vespiquen|spa|1\n|\n|upkeep\n|turn|11\n|\n|t:|1781377612\n|move|p1a: Whimsicott|Stun Spore|p2a: Vespiquen\n|-status|p2a: Vespiquen|par\n|move|p2a: Vespiquen|Toxic Spikes|p1a: Whimsicott\n|-sidestart|p1: bluesun000|move: Toxic Spikes\n|\n|upkeep\n|turn|12\n|\n|t:|1781377620\n|move|p1a: Whimsicott|U-turn|p2a: Vespiquen\n|-resisted|p2a: Vespiquen\n|-damage|p2a: Vespiquen|228/299 par\n|\n|t:|1781377649\n|switch|p1a: Ho-Oh|Ho-Oh, L71|268/268|[from] U-turn\n|move|p2a: Vespiquen|Hurricane|p1a: Ho-Oh|[miss]\n|-miss|p2a: Vespiquen|p1a: Ho-Oh\n|\n|upkeep\n|turn|13\n|\n|t:|1781377664\n|switch|p2a: Politoed|Politoed, L88, M|302/302\n|-weather|RainDance|[from] ability: Drizzle|[of] p2a: Politoed\n|move|p1a: Ho-Oh|Brave Bird|p2a: Politoed\n|-damage|p2a: Politoed|175/302\n|-damage|p1a: Ho-Oh|226/268|[from] Recoil\n|\n|-weather|RainDance|[upkeep]\n|upkeep\n|turn|14\n|inactive|bluesun000 has 120 seconds left.\n|\n|t:|1781377685\n|switch|p1a: Meganium|Meganium, L90, F|290/290\n|-status|p1a: Meganium|psn\n|move|p2a: Politoed|Weather Ball|p1a: Meganium\n|-resisted|p1a: Meganium\n|-damage|p1a: Meganium|188/290 psn\n|\n|-weather|RainDance|[upkeep]\n|-heal|p1a: Meganium|206/290 psn|[from] item: Leftovers\n|-damage|p1a: Meganium|170/290 psn|[from] psn\n|upkeep\n|turn|15\n|inactive|bluesun000 has 120 seconds left.\n|\n|t:|1781377706\n|switch|p2a: Cacturne|Cacturne, L92, F|44/278\n|move|p1a: Meganium|Knock Off|p2a: Cacturne\n|-resisted|p2a: Cacturne\n|-damage|p2a: Cacturne|3/278\n|-enditem|p2a: Cacturne|Life Orb|[from] move: Knock Off|[of] p1a: Meganium\n|\n|-weather|RainDance|[upkeep]\n|-heal|p1a: Meganium|188/290 psn|[from] item: Leftovers\n|-damage|p1a: Meganium|152/290 psn|[from] psn\n|upkeep\n|turn|16\n|\n|t:|1781377715\n|move|p1a: Meganium|Synthesis|p1a: Meganium\n|-heal|p1a: Meganium|224/290 psn\n|move|p2a: Cacturne|Knock Off|p1a: Meganium\n|-damage|p1a: Meganium|100/290 psn\n|-enditem|p1a: Meganium|Leftovers|[from] move: Knock Off|[of] p2a: Cacturne\n|\n|-weather|RainDance|[upkeep]\n|-damage|p1a: Meganium|64/290 psn|[from] psn\n|upkeep\n|turn|17\n|\n|t:|1781377724\n|switch|p2a: Vespiquen|Vespiquen, L99, F|228/299 par\n|-ability|p2a: Vespiquen|Pressure\n|move|p1a: Meganium|Synthesis|p1a: Meganium\n|-heal|p1a: Meganium|136/290 psn\n|\n|-weather|none\n|-damage|p1a: Meganium|100/290 psn|[from] psn\n|upkeep\n|turn|18\n|inactive|bluesun000 has 120 seconds left.\n|inactive|bluesun000 has 90 seconds left.\n|\n|t:|1781377772\n|move|p1a: Meganium|Synthesis|p1a: Meganium\n|-heal|p1a: Meganium|245/290 psn\n|move|p2a: Vespiquen|Toxic Spikes|p1a: Meganium\n|-sidestart|p1: bluesun000|move: Toxic Spikes\n|\n|-damage|p1a: Meganium|209/290 psn|[from] psn\n|upkeep\n|turn|19\n|inactive|bluesun000 has 60 seconds left.\n|\n|t:|1781377810\n|-terastallize|p1a: Meganium|Poison\n|move|p1a: Meganium|Knock Off|p2a: Vespiquen\n|-damage|p2a: Vespiquen|179/299 par\n|-enditem|p2a: Vespiquen|Heavy-Duty Boots|[from] move: Knock Off|[of] p1a: Meganium\n|cant|p2a: Vespiquen|par\n|\n|-damage|p1a: Meganium|173/290 psn|[from] psn\n|upkeep\n|turn|20\n|\n|t:|1781377814\n|switch|p1a: Ho-Oh|Ho-Oh, L71|268/268\n|move|p2a: Vespiquen|Hurricane|p1a: Ho-Oh\n|-damage|p1a: Ho-Oh|160/268\n|\n|upkeep\n|turn|21\n|\n|t:|1781377822\n|move|p1a: Ho-Oh|Brave Bird|p2a: Vespiquen\n|-supereffective|p2a: Vespiquen\n|-damage|p2a: Vespiquen|0 fnt\n|faint|p2a: Vespiquen\n|-damage|p1a: Ho-Oh|101/268|[from] Recoil\n|\n|upkeep\n|\n|t:|1781377826\n|switch|p2a: Politoed|Politoed, L88, M|175/302\n|-weather|RainDance|[from] ability: Drizzle|[of] p2a: Politoed\n|turn|22\n|\n|t:|1781377829\n|switch|p1a: Meganium|Meganium, L90, F, tera:Poison|173/290 psn\n|-sideend|p1: bluesun000|move: Toxic Spikes|[of] p1a: Meganium\n|move|p2a: Politoed|Weather Ball|p1a: Meganium\n|-damage|p1a: Meganium|0 fnt\n|faint|p1a: Meganium\n|\n|-weather|RainDance|[upkeep]\n|upkeep\n|\n|t:|1781377835\n|switch|p1a: Whimsicott|Whimsicott, L84, F|238/238\n|turn|23\n|inactive|bluesun000 has 90 seconds left.\n|\n|t:|1781377844\n|switch|p2a: Cacturne|Cacturne, L92, F|3/278\n|move|p1a: Whimsicott|Moonblast|p2a: Cacturne\n|-supereffective|p2a: Cacturne\n|-damage|p2a: Cacturne|0 fnt\n|faint|p2a: Cacturne\n|\n|-weather|RainDance|[upkeep]\n|upkeep\n|\n|t:|1781377848\n|switch|p2a: Ambipom|Ambipom, L84, M|263/263\n|turn|24\n|inactive|bluesun000 has 90 seconds left.\n|\n|t:|1781377887\n|switch|p1a: Ho-Oh|Ho-Oh, L71|190/268\n|move|p2a: Ambipom|Fake Out|p1a: Ho-Oh\n|-damage|p1a: Ho-Oh|102/268\n|\n|-weather|RainDance|[upkeep]\n|upkeep\n|turn|25\n|\n|t:|1781377894\n|move|p2a: Ambipom|Double-Edge|p1a: Ho-Oh\n|-damage|p1a: Ho-Oh|0 fnt\n|faint|p1a: Ho-Oh\n|-damage|p2a: Ambipom|229/263|[from] Recoil\n|\n|-weather|RainDance|[upkeep]\n|upkeep\n|\n|t:|1781377899\n|switch|p1a: Barraskewda|Barraskewda, L81, M|231/231\n|turn|26\n|inactive|bluesun000 has 90 seconds left.\n|\n|t:|1781377905\n|switch|p2a: Politoed|Politoed, L88, M|175/302\n|move|p1a: Barraskewda|Waterfall|p2a: Politoed\n|-resisted|p2a: Politoed\n|-damage|p2a: Politoed|67/302\n|\n|-weather|none\n|upkeep\n|turn|27\n|\n|t:|1781377915\n|move|p1a: Barraskewda|Waterfall|p2a: Politoed\n|-resisted|p2a: Politoed\n|-damage|p2a: Politoed|0 fnt\n|faint|p2a: Politoed\n|\n|upkeep\n|\n|t:|1781377918\n|switch|p2a: Flamigo|Flamigo, L82, F|269/269\n|turn|28\n|\n|t:|1781377925\n|move|p2a: Flamigo|Brave Bird|p1a: Barraskewda\n|-damage|p1a: Barraskewda|38/231\n|-damage|p2a: Flamigo|205/269|[from] Recoil\n|move|p1a: Barraskewda|Waterfall|p2a: Flamigo\n|-damage|p2a: Flamigo|40/269\n|\n|upkeep\n|turn|29\n|\n|t:|1781377930\n|move|p2a: Flamigo|Brave Bird|p1a: Barraskewda\n|-damage|p1a: Barraskewda|0 fnt\n|faint|p1a: Barraskewda\n|-damage|p2a: Flamigo|27/269|[from] Recoil\n|\n|upkeep\n|\n|t:|1781377933\n|switch|p1a: Whimsicott|Whimsicott, L84, F|238/238\n|turn|30\n|inactive|bluesun000 has 120 seconds left.\n|\n|t:|1781377950\n|move|p1a: Whimsicott|Stun Spore|p2a: Flamigo|[miss]\n|-miss|p1a: Whimsicott|p2a: Flamigo\n|move|p2a: Flamigo|Brave Bird|p1a: Whimsicott\n|-supereffective|p1a: Whimsicott\n|-damage|p1a: Whimsicott|0 fnt\n|faint|p1a: Whimsicott\n|-damage|p2a: Flamigo|0 fnt|[from] Recoil\n|faint|p2a: Flamigo\n|\n|upkeep\n|\n|t:|1781377953\n|switch|p1a: Passimian|Passimian, L83, F|302/302\n|switch|p2a: Ambipom|Ambipom, L84, M|229/263\n|turn|31\n|\n|t:|1781377958\n|-terastallize|p2a: Ambipom|Normal\n|move|p2a: Ambipom|Fake Out|p1a: Passimian\n|-damage|p1a: Passimian|202/302\n|cant|p1a: Passimian|flinch\n|\n|-heal|p1a: Passimian|220/302|[from] item: Leftovers\n|upkeep\n|turn|32\n|\n|t:|1781377962\n|move|p2a: Ambipom|Double-Edge|p1a: Passimian\n|-damage|p1a: Passimian|22/302\n|-damage|p2a: Ambipom|164/263|[from] Recoil\n|move|p1a: Passimian|Drain Punch|p2a: Ambipom\n|-supereffective|p2a: Ambipom\n|-damage|p2a: Ambipom|0 fnt\n|-heal|p1a: Passimian|104/302|[from] drain|[of] p2a: Ambipom\n|faint|p2a: Ambipom\n|\n|win|bluesun000\n", "inputlog": ">version a8376a258c1d4662feba110a92103f3664a72141\n>start {\"formatid\":\"gen9randombattle\",\"seed\":\"sodium,9eac33b676b63126417a575cb24b6578\",\"rated\":\"Rated battle\"}\n>player p1 {\"name\":\"bluesun000\",\"avatar\":\"palmer\",\"rating\":1947,\"seed\":\"sodium,9a9ae07b6c42ba6a6378166aa46fdfda\"}\n>player p2 {\"name\":\"rongus\",\"avatar\":\"2\",\"rating\":1926,\"seed\":\"sodium,46c148945ec308ccd2472ec8f3574493\"}\n>p1 move dragondance\n>p2 switch 2\n>p1 move waterfall\n>p2 move irondefense\n>p1 move dragondance\n>p2 move rest\n>p1 move waterfall\n>p2 move irondefense\n>p1 move waterfall\n>p2 move psychicnoise\n>chat \u2606rongus|wow\n>chat \u2606rongus|nicel uck\n>p1 move waterfall\n>p2 move psychicnoise\n>chat \u2606bluesun000|:)\n>p2 switch 4\n>chat \u2606rongus|insane starting matchup\n>p1 move stoneedge\n>p2 move knockoff\n>chat \u2606rongus|and double flinch\n>p1 move dragondance\n>p2 move suckerpunch\n>p1 move stoneedge\n>p2 move suckerpunch\n>p1 switch 6\n>p1 move moonblast\n>p2 switch 3\n>p1 move stunspore\n>p2 move toxicspikes\n>p1 move uturn\n>p2 move hurricane\n>p1 switch 3\n>p1 move bravebird\n>p2 switch 2\n>p1 switch 2\n>p2 move weatherball\n>p1 move knockoff\n>p2 switch 3\n>p1 move synthesis\n>p2 move knockoff\n>p1 move synthesis\n>p2 switch 2\n>p1 move synthesis\n>p2 move toxicspikes\n>p1 move knockoff terastallize\n>p2 move hurricane\n>p1 switch 2\n>p2 move hurricane\n>p1 move bravebird\n>p2 move spikes\n>p2 switch 3\n>p1 switch 2\n>p2 move weatherball\n>p1 switch 3\n>p1 move moonblast\n>p2 switch 2\n>p2 switch 6\n>p1 switch 2\n>p2 move fakeout\n>p1 move sacredfire\n>p2 move doubleedge\n>p1 switch 5\n>p1 move waterfall\n>p2 switch 2\n>p1 move waterfall\n>p2 move icebeam\n>p2 switch 5\n>p1 move waterfall\n>p2 move bravebird\n>p1 move waterfall\n>p2 move bravebird\n>p1 switch 2\n>p1 move stunspore\n>p2 move bravebird\n>p1 switch 4\n>p2 switch 2\n>p1 move drainpunch\n>p2 move fakeout terastallize\n>p1 move drainpunch\n>p2 move doubleedge", "uploadtime": 1781377485, "views": 8, "formatid": "gen9randombattle", "rating": null, "private": 0, "password": null}