{"id": "gen9randombattle-2631767877", "format": "[Gen 9] Random Battle", "players": ["Jaydystroyer", "Rosalina>lucas"], "log": "|j|\u2606Jaydystroyer\n|j|\u2606Rosalina>lucas\n|t:|1781436555\n|gametype|singles\n|player|p1|Jaydystroyer|102|1051\n|player|p2|Rosalina>lucas|1|1049\n|gen|9\n|tier|[Gen 9] Random Battle\n|rated|\n|rule|Species Clause: Limit one of each Pok\u00e9mon\n|rule|HP Percentage Mod: HP is shown in percentages\n|rule|Sleep Clause Mod: Limit one foe put to sleep\n|rule|Illusion Level Mod: Illusion disguises the Pok\u00e9mon's true level\n|\n|t:|1781436555\n|teamsize|p1|6\n|teamsize|p2|6\n|start\n|switch|p1a: Delibird|Delibird, F|252/252\n|switch|p2a: Furret|Furret, L94, M|312/312\n|-item|p1a: Delibird|Heavy-Duty Boots|[from] ability: Frisk|[of] p2a: Furret\n|turn|1\n|\n|t:|1781436571\n|move|p2a: Furret|Trick|p1a: Delibird\n|-activate|p2a: Furret|move: Trick|[of] p1a: Delibird\n|-item|p1a: Delibird|Choice Band|[from] move: Trick\n|-item|p2a: Furret|Heavy-Duty Boots|[from] move: Trick\n|move|p1a: Delibird|Brave Bird|p2a: Furret\n|-damage|p2a: Furret|11/312\n|-damage|p1a: Delibird|153/252|[from] Recoil\n|\n|upkeep\n|turn|2\n|\n|t:|1781436586\n|switch|p2a: Avalugg|Avalugg-Hisui, L90, F|317/317\n|move|p1a: Delibird|Brave Bird|p2a: Avalugg\n|-resisted|p2a: Avalugg\n|-damage|p2a: Avalugg|251/317\n|-damage|p1a: Delibird|131/252|[from] Recoil\n|\n|upkeep\n|turn|3\n|\n|t:|1781436600\n|switch|p1a: Furret|Furret, L94, M|312/312\n|-item|p2a: Avalugg|Heavy-Duty Boots|[from] ability: Frisk|[of] p1a: Furret\n|move|p2a: Avalugg|Avalanche|p1a: Furret\n|-damage|p1a: Furret|201/312\n|\n|upkeep\n|turn|4\n|\n|t:|1781436615\n|move|p1a: Furret|Knock Off|p2a: Avalugg\n|-damage|p2a: Avalugg|193/317\n|-enditem|p2a: Avalugg|Heavy-Duty Boots|[from] move: Knock Off|[of] p1a: Furret\n|move|p2a: Avalugg|Stone Edge|p1a: Furret\n|-crit|p1a: Furret\n|-damage|p1a: Furret|0 fnt\n|faint|p1a: Furret\n|\n|upkeep\n|\n|t:|1781436623\n|switch|p1a: Camerupt|Camerupt, L91, F|275/275\n|turn|5\n|\n|t:|1781436637\n|move|p1a: Camerupt|Earthquake|p2a: Avalugg\n|-supereffective|p2a: Avalugg\n|-damage|p2a: Avalugg|65/317\n|move|p2a: Avalugg|Avalanche|p1a: Camerupt\n|-damage|p1a: Camerupt|82/275\n|\n|-heal|p1a: Camerupt|99/275|[from] item: Leftovers\n|upkeep\n|turn|6\n|\n|t:|1781436652\n|move|p1a: Camerupt|Earthquake|p2a: Avalugg\n|-supereffective|p2a: Avalugg\n|-damage|p2a: Avalugg|0 fnt\n|faint|p2a: Avalugg\n|\n|-heal|p1a: Camerupt|116/275|[from] item: Leftovers\n|upkeep\n|\n|t:|1781436663\n|switch|p2a: Talonflame|Talonflame, L83, F|265/265\n|turn|7\n|\n|t:|1781436670\n|move|p2a: Talonflame|Brave Bird|p1a: Camerupt\n|-damage|p1a: Camerupt|2/275\n|-damage|p2a: Talonflame|227/265|[from] Recoil\n|move|p1a: Camerupt|Stealth Rock|p2a: Talonflame\n|-sidestart|p2: Rosalina>lucas|move: Stealth Rock\n|\n|-heal|p1a: Camerupt|19/275|[from] item: Leftovers\n|upkeep\n|turn|8\n|\n|t:|1781436678\n|move|p2a: Talonflame|Brave Bird|p1a: Camerupt\n|-damage|p1a: Camerupt|0 fnt\n|faint|p1a: Camerupt\n|-damage|p2a: Talonflame|221/265|[from] Recoil\n|\n|upkeep\n|\n|t:|1781436683\n|switch|p1a: Delibird|Delibird, F|131/252\n|turn|9\n|\n|t:|1781436693\n|move|p2a: Talonflame|Overheat|p1a: Delibird\n|-supereffective|p1a: Delibird\n|-damage|p1a: Delibird|0 fnt\n|-unboost|p2a: Talonflame|spa|2\n|faint|p1a: Delibird\n|\n|upkeep\n|\n|t:|1781436703\n|switch|p1a: Drednaw|Drednaw, L81, M|278/278\n|turn|10\n|\n|t:|1781436715\n|move|p2a: Talonflame|Defog|p1a: Drednaw\n|-unboost|p1a: Drednaw|evasion|1\n|-sideend|p2: Rosalina>lucas|Stealth Rock|[from] move: Defog|[of] p2a: Talonflame\n|-enditem|p1a: Drednaw|White Herb\n|-clearnegativeboost|p1a: Drednaw|[silent]\n|move|p1a: Drednaw|Stone Edge|p2a: Talonflame\n|-supereffective|p2a: Talonflame\n|-damage|p2a: Talonflame|0 fnt\n|faint|p2a: Talonflame\n|\n|upkeep\n|\n|t:|1781436723\n|switch|p2a: Furret|Furret, L94, M|11/312\n|turn|11\n|\n|t:|1781436753\n|move|p2a: Furret|Double-Edge|p1a: Drednaw\n|-resisted|p1a: Drednaw\n|-damage|p1a: Drednaw|207/278\n|-damage|p2a: Furret|0 fnt|[from] Recoil\n|faint|p2a: Furret\n|move|p1a: Drednaw|Liquidation|p2: Furret|[notarget]\n|-fail|p1a: Drednaw\n|\n|upkeep\n|\n|t:|1781436758\n|switch|p2a: Amoonguss|Amoonguss, L82, F|321/321\n|turn|12\n|\n|t:|1781436767\n|move|p1a: Drednaw|Shell Smash|p1a: Drednaw\n|-unboost|p1a: Drednaw|def|1\n|-unboost|p1a: Drednaw|spd|1\n|-boost|p1a: Drednaw|atk|2\n|-boost|p1a: Drednaw|spa|2\n|-boost|p1a: Drednaw|spe|2\n|move|p2a: Amoonguss|Stomping Tantrum|p1a: Drednaw\n|-supereffective|p1a: Drednaw\n|-damage|p1a: Drednaw|63/278\n|\n|upkeep\n|turn|13\n|\n|t:|1781436786\n|move|p1a: Drednaw|Crunch|p2a: Amoonguss\n|-damage|p2a: Amoonguss|85/321\n|-damage|p1a: Drednaw|17/278|[from] item: Rocky Helmet|[of] p2a: Amoonguss\n|move|p2a: Amoonguss|Giga Drain|p1a: Drednaw\n|-supereffective|p1a: Drednaw\n|-damage|p1a: Drednaw|0 fnt\n|-heal|p2a: Amoonguss|94/321|[from] drain|[of] p1a: Drednaw\n|faint|p1a: Drednaw\n|\n|upkeep\n|\n|t:|1781436800\n|switch|p1a: Seviper|Seviper, L93, F|287/287\n|turn|14\n|\n|t:|1781436808\n|switch|p2a: Vikavolt|Vikavolt, L83, M|263/263\n|move|p1a: Seviper|Flamethrower|p2a: Vikavolt\n|-supereffective|p2a: Vikavolt\n|-damage|p2a: Vikavolt|24/263\n|-damage|p1a: Seviper|259/287|[from] item: Life Orb\n|\n|upkeep\n|turn|15\n|\n|t:|1781436823\n|move|p1a: Seviper|Flamethrower|p2a: Vikavolt\n|-supereffective|p2a: Vikavolt\n|-damage|p2a: Vikavolt|0 fnt\n|faint|p2a: Vikavolt\n|-damage|p1a: Seviper|231/287|[from] item: Life Orb\n|\n|upkeep\n|\n|t:|1781436830\n|switch|p2a: Amoonguss|Amoonguss, L82, F|201/321\n|turn|16\n|\n|t:|1781436834\n|move|p1a: Seviper|Flamethrower|p2a: Amoonguss\n|-supereffective|p2a: Amoonguss\n|-damage|p2a: Amoonguss|0 fnt\n|faint|p2a: Amoonguss\n|-damage|p1a: Seviper|203/287|[from] item: Life Orb\n|\n|upkeep\n|\n|t:|1781436838\n|switch|p2a: Virizion|Virizion, L82|283/283\n|turn|17\n|\n|t:|1781436860\n|-terastallize|p2a: Virizion|Rock\n|move|p2a: Virizion|Swords Dance|p2a: Virizion\n|-boost|p2a: Virizion|atk|2\n|move|p1a: Seviper|Gunk Shot|p2a: Virizion|[miss]\n|-miss|p1a: Seviper|p2a: Virizion\n|\n|upkeep\n|turn|18\n|\n|t:|1781436874\n|move|p2a: Virizion|Stone Edge|p1a: Seviper\n|-damage|p1a: Seviper|0 fnt\n|faint|p1a: Seviper\n|-damage|p2a: Virizion|255/283|[from] item: Life Orb\n|\n|upkeep\n|\n|t:|1781436879\n|switch|p1a: Regigigas|Regigigas, L84|322/322\n|-start|p1a: Regigigas|ability: Slow Start\n|turn|19\n|\n|t:|1781436891\n|move|p1a: Regigigas|Protect|p1a: Regigigas\n|-singleturn|p1a: Regigigas|Protect\n|move|p2a: Virizion|Leaf Blade|p1a: Regigigas\n|-activate|p1a: Regigigas|move: Protect\n|\n|upkeep\n|turn|20\n|\n|t:|1781436901\n|-terastallize|p1a: Regigigas|Poison\n|move|p2a: Virizion|Leaf Blade|p1a: Regigigas\n|-resisted|p1a: Regigigas\n|-damage|p1a: Regigigas|228/322\n|-damage|p2a: Virizion|227/283|[from] item: Life Orb\n|move|p1a: Regigigas|Knock Off|p2a: Virizion\n|-damage|p2a: Virizion|164/283\n|-ability|p2a: Virizion|Justified|boost\n|-boost|p2a: Virizion|atk|1\n|-enditem|p2a: Virizion|Life Orb|[from] move: Knock Off|[of] p1a: Regigigas\n|\n|-heal|p1a: Regigigas|248/322|[from] item: Leftovers\n|upkeep\n|turn|21\n|\n|t:|1781436925\n|move|p2a: Virizion|Stone Edge|p1a: Regigigas\n|-crit|p1a: Regigigas\n|-damage|p1a: Regigigas|0 fnt\n|faint|p1a: Regigigas\n|-end|p1a: Regigigas|Slow Start|[silent]\n|\n|win|Rosalina>lucas\n|raw|Jaydystroyer's rating: 1051 &rarr; <strong>1033</strong><br />(-18 for losing)\n|raw|Rosalina&gt;lucas's rating: 1049 &rarr; <strong>1082</strong><br />(+33 for winning)\n|l|\u2606Jaydystroyer\n|player|p1|\n", "inputlog": ">version a8376a258c1d4662feba110a92103f3664a72141\n>start {\"formatid\":\"gen9randombattle\",\"seed\":\"sodium,fb920ef490102e4c6ce3b0314d8a7712\",\"rated\":\"Rated battle\"}\n>player p1 {\"name\":\"Jaydystroyer\",\"avatar\":\"102\",\"rating\":1051,\"seed\":\"sodium,29c6c4b4a8919bfb0dc731002e7369e9\"}\n>player p2 {\"name\":\"Rosalina>lucas\",\"avatar\":\"1\",\"rating\":1049,\"seed\":\"sodium,27b376cec63745376479c8af21099d86\"}\n>p1 move bravebird\n>p2 move trick\n>p1 move bravebird\n>p2 switch 2\n>p1 switch 3\n>p2 move avalanche\n>p1 move knockoff\n>p2 move stoneedge\n>p1 switch 4\n>p1 move earthquake\n>p2 move avalanche\n>p1 move earthquake\n>p2 move recover\n>p2 switch 6\n>p1 move stealthrock\n>p2 move bravebird\n>p1 move roar\n>p2 move bravebird\n>p1 switch 3\n>p1 move bravebird\n>p2 move overheat\n>p1 switch 5\n>p1 move stoneedge\n>p2 move defog\n>p2 switch 2\n>p1 move liquidation\n>p2 move doubleedge\n>p2 switch 5\n>p1 move shellsmash\n>p2 move stompingtantrum\n>p1 move crunch\n>p2 move gigadrain\n>p1 switch 2\n>p1 move flamethrower\n>p2 switch 4\n>p1 move flamethrower\n>p2 move stickyweb\n>p2 switch 4\n>p1 move flamethrower\n>p2 move stompingtantrum\n>p2 switch 3\n>p1 move gunkshot\n>p2 move swordsdance terastallize\n>p1 move glare\n>p2 move stoneedge\n>p1 switch 6\n>p1 move protect\n>p2 move leafblade\n>p1 move knockoff terastallize\n>p2 move leafblade\n>p1 move substitute\n>p2 move stoneedge", "uploadtime": 1781436931, "views": 13, "formatid": "gen9randombattle", "rating": 1033, "private": 0, "password": null}