{"id": "gen9randombattle-2631708723", "format": "[Gen 9] Random Battle", "players": ["endallbeallball", "Infamous20111"], "log": "|j|\u2606endallbeallball\n|j|\u2606Infamous20111\n|t:|1781426027\n|gametype|singles\n|player|p1|endallbeallball|medium|2092\n|player|p2|Infamous20111|266|2178\n|gen|9\n|tier|[Gen 9] Random Battle\n|rated|\n|rule|Species Clause: Limit one of each Pok\u00e9mon\n|rule|HP Percentage Mod: HP is shown in percentages\n|rule|Sleep Clause Mod: Limit one foe put to sleep\n|rule|Illusion Level Mod: Illusion disguises the Pok\u00e9mon's true level\n|\n|t:|1781426027\n|teamsize|p1|6\n|teamsize|p2|6\n|start\n|switch|p1a: Magnezone|Magnezone, L85|258/258\n|switch|p2a: Gliscor|Gliscor, L76, M|239/239\n|turn|1\n|inactive|Battle timer is ON: inactive players will automatically lose when time's up. (requested by Infamous20111)\n|inactive|endallbeallball has 120 seconds left.\n|inactive|endallbeallball has 90 seconds left.\n|\n|t:|1781426091\n|switch|p1a: Arceus|Arceus-Flying, L69|279/279\n|move|p2a: Gliscor|Knock Off|p1a: Arceus\n|-damage|p1a: Arceus|243/279\n|\n|-status|p2a: Gliscor|tox|[from] item: Toxic Orb\n|upkeep\n|turn|2\n|\n|t:|1781426097\n|switch|p1a: Scizor|Scizor, L79, M|240/240\n|move|p2a: Gliscor|Toxic|p1a: Scizor\n|-immune|p1a: Scizor\n|\n|upkeep\n|turn|3\n|\n|t:|1781426112\n|move|p2a: Gliscor|Earthquake|p1a: Scizor\n|-damage|p1a: Scizor|153/240\n|move|p1a: Scizor|Swords Dance|p1a: Scizor\n|-boost|p1a: Scizor|atk|2\n|\n|upkeep\n|turn|4\n|\n|t:|1781426118\n|move|p1a: Scizor|Bullet Punch|p2a: Gliscor\n|-damage|p2a: Gliscor|86/239 tox\n|-damage|p1a: Scizor|129/240|[from] item: Life Orb\n|move|p2a: Gliscor|Earthquake|p1a: Scizor\n|-damage|p1a: Scizor|42/240\n|\n|-heal|p2a: Gliscor|115/239 tox|[from] ability: Poison Heal\n|upkeep\n|turn|5\n|\n|t:|1781426122\n|switch|p2a: Golduck|Golduck, L90, M|290/290\n|-ability|p2a: Golduck|Cloud Nine\n|move|p1a: Scizor|Bullet Punch|p2a: Golduck\n|-resisted|p2a: Golduck\n|-damage|p2a: Golduck|200/290\n|-damage|p1a: Scizor|18/240|[from] item: Life Orb\n|\n|-heal|p2a: Golduck|218/290|[from] item: Leftovers\n|upkeep\n|turn|6\n|\n|t:|1781426133\n|move|p2a: Golduck|Ice Beam|p1a: Scizor\n|-resisted|p1a: Scizor\n|-damage|p1a: Scizor|0 fnt\n|faint|p1a: Scizor\n|\n|-heal|p2a: Golduck|236/290|[from] item: Leftovers\n|upkeep\n|\n|t:|1781426140\n|switch|p1a: Magnezone|Magnezone, L85|258/258\n|turn|7\n|\n|t:|1781426146\n|move|p2a: Golduck|Nasty Plot|p2a: Golduck\n|-boost|p2a: Golduck|spa|2\n|move|p1a: Magnezone|Flash Cannon|p2a: Golduck\n|-resisted|p2a: Golduck\n|-damage|p2a: Golduck|183/290\n|\n|-heal|p2a: Golduck|201/290|[from] item: Leftovers\n|upkeep\n|turn|8\n|\n|t:|1781426152\n|switch|p2a: Gliscor|Gliscor, L76, M|115/239 tox\n|move|p1a: Magnezone|Discharge|p2a: Gliscor\n|-immune|p2a: Gliscor\n|\n|-heal|p2a: Gliscor|144/239 tox|[from] ability: Poison Heal\n|upkeep\n|turn|9\n|\n|t:|1781426161\n|switch|p1a: Breloom|Breloom, L83, M|235/235\n|move|p2a: Gliscor|Toxic|p1a: Breloom\n|-status|p1a: Breloom|tox\n|\n|-heal|p2a: Gliscor|173/239 tox|[from] ability: Poison Heal\n|-damage|p1a: Breloom|221/235 tox|[from] psn\n|upkeep\n|turn|10\n|\n|t:|1781426181\n|move|p2a: Gliscor|Knock Off|p1a: Breloom\n|-resisted|p1a: Breloom\n|-damage|p1a: Breloom|188/235 tox\n|-enditem|p1a: Breloom|Life Orb|[from] move: Knock Off|[of] p2a: Gliscor\n|move|p1a: Breloom|Bullet Seed|p2a: Gliscor\n|-damage|p2a: Gliscor|128/239 tox\n|-damage|p2a: Gliscor|86/239 tox\n|-hitcount|p2a: Gliscor|2\n|\n|-heal|p2a: Gliscor|115/239 tox|[from] ability: Poison Heal\n|-damage|p1a: Breloom|160/235 tox|[from] psn\n|upkeep\n|turn|11\n|\n|t:|1781426190\n|move|p2a: Gliscor|Protect|p2a: Gliscor\n|-singleturn|p2a: Gliscor|Protect\n|move|p1a: Breloom|Swords Dance|p1a: Breloom\n|-boost|p1a: Breloom|atk|2\n|\n|-heal|p2a: Gliscor|144/239 tox|[from] ability: Poison Heal\n|-damage|p1a: Breloom|118/235 tox|[from] psn\n|upkeep\n|turn|12\n|\n|t:|1781426203\n|move|p2a: Gliscor|Protect||[still]\n|-fail|p2a: Gliscor\n|move|p1a: Breloom|Bullet Seed|p2a: Gliscor\n|-damage|p2a: Gliscor|63/239 tox\n|-damage|p2a: Gliscor|0 fnt\n|faint|p2a: Gliscor\n|-hitcount|p2: Gliscor|2\n|\n|-damage|p1a: Breloom|62/235 tox|[from] psn\n|upkeep\n|\n|t:|1781426212\n|switch|p2a: Golduck|Golduck, L90, M|201/290\n|-ability|p2a: Golduck|Cloud Nine\n|turn|13\n|\n|t:|1781426215\n|move|p1a: Breloom|Mach Punch|p2a: Golduck\n|-damage|p2a: Golduck|38/290\n|move|p2a: Golduck|Ice Beam|p1a: Breloom\n|-supereffective|p1a: Breloom\n|-damage|p1a: Breloom|0 fnt\n|faint|p1a: Breloom\n|\n|-heal|p2a: Golduck|56/290|[from] item: Leftovers\n|upkeep\n|\n|t:|1781426225\n|switch|p1a: Arceus|Arceus-Flying, L69|243/279\n|turn|14\n|\n|t:|1781426230\n|move|p1a: Arceus|Calm Mind|p1a: Arceus\n|-boost|p1a: Arceus|spa|1\n|-boost|p1a: Arceus|spd|1\n|move|p2a: Golduck|Ice Beam|p1a: Arceus\n|-supereffective|p1a: Arceus\n|-damage|p1a: Arceus|151/279\n|\n|-heal|p2a: Golduck|74/290|[from] item: Leftovers\n|upkeep\n|turn|15\n|\n|t:|1781426236\n|switch|p2a: Revavroom|Revavroom, L79, F|256/256\n|move|p1a: Arceus|Judgment|p2a: Revavroom\n|-resisted|p2a: Revavroom\n|-damage|p2a: Revavroom|158/256\n|\n|upkeep\n|turn|16\n|\n|t:|1781426241\n|move|p1a: Arceus|Earth Power|p2a: Revavroom\n|-supereffective|p2a: Revavroom\n|-damage|p2a: Revavroom|0 fnt\n|faint|p2a: Revavroom\n|\n|upkeep\n|\n|t:|1781426249\n|switch|p2a: Terrakion|Terrakion, L79|273/273\n|turn|17\n|\n|t:|1781426257\n|switch|p2a: Golduck|Golduck, L90, M|74/290\n|-ability|p2a: Golduck|Cloud Nine\n|switch|p1a: Oricorio|Oricorio-Sensu, L85, M|266/266\n|\n|-heal|p2a: Golduck|92/290|[from] item: Leftovers\n|upkeep\n|turn|18\n|\n|t:|1781426263\n|move|p1a: Oricorio|Quiver Dance|p1a: Oricorio\n|-boost|p1a: Oricorio|spa|1\n|-boost|p1a: Oricorio|spd|1\n|-boost|p1a: Oricorio|spe|1\n|move|p2a: Golduck|Ice Beam|p1a: Oricorio\n|-supereffective|p1a: Oricorio\n|-damage|p1a: Oricorio|150/266\n|\n|-heal|p2a: Golduck|110/290|[from] item: Leftovers\n|upkeep\n|turn|19\n|\n|t:|1781426267\n|move|p1a: Oricorio|Roost|p1a: Oricorio\n|-heal|p1a: Oricorio|266/266\n|-singleturn|p1a: Oricorio|move: Roost\n|move|p2a: Golduck|Ice Beam|p1a: Oricorio\n|-damage|p1a: Oricorio|206/266\n|\n|-heal|p2a: Golduck|128/290|[from] item: Leftovers\n|upkeep\n|turn|20\n|\n|t:|1781426275\n|switch|p2a: Hitmontop|Hitmontop, L88, M|231/231\n|move|p1a: Oricorio|Quiver Dance|p1a: Oricorio\n|-boost|p1a: Oricorio|spa|1\n|-boost|p1a: Oricorio|spd|1\n|-boost|p1a: Oricorio|spe|1\n|\n|upkeep\n|turn|21\n|\n|t:|1781426280\n|-terastallize|p2a: Hitmontop|Ice\n|move|p1a: Oricorio|Hurricane|p2a: Hitmontop\n|-damage|p2a: Hitmontop|32/231\n|move|p2a: Hitmontop|Triple Axel|p1a: Oricorio\n|-supereffective|p1a: Oricorio\n|-damage|p1a: Oricorio|116/266\n|-supereffective|p1a: Oricorio\n|-crit|p1a: Oricorio\n|-damage|p1a: Oricorio|0 fnt\n|faint|p1a: Oricorio\n|-hitcount|p1: Oricorio|2\n|\n|-heal|p2a: Hitmontop|46/231|[from] item: Leftovers\n|upkeep\n|\n|t:|1781426286\n|switch|p1a: Arceus|Arceus-Flying, L69|151/279\n|turn|22\n|\n|t:|1781426290\n|move|p1a: Arceus|Judgment|p2a: Hitmontop\n|-damage|p2a: Hitmontop|0 fnt\n|faint|p2a: Hitmontop\n|\n|upkeep\n|\n|t:|1781426302\n|switch|p2a: Terrakion|Terrakion, L79|273/273\n|turn|23\n|\n|t:|1781426305\n|switch|p1a: Magnezone|Magnezone, L85|258/258\n|move|p2a: Terrakion|Swords Dance|p2a: Terrakion\n|-boost|p2a: Terrakion|atk|2\n|\n|upkeep\n|turn|24\n|\n|t:|1781426311\n|-terastallize|p1a: Magnezone|Flying\n|move|p2a: Terrakion|Earthquake|p1a: Magnezone\n|-immune|p1a: Magnezone\n|move|p1a: Magnezone|Flash Cannon|p2a: Terrakion\n|-supereffective|p2a: Terrakion\n|-damage|p2a: Terrakion|37/273\n|\n|upkeep\n|turn|25\n|\n|t:|1781426317\n|move|p2a: Terrakion|Stone Edge|p1a: Magnezone\n|-supereffective|p1a: Magnezone\n|-damage|p1a: Magnezone|0 fnt\n|faint|p1a: Magnezone\n|-damage|p2a: Terrakion|10/273|[from] item: Life Orb\n|\n|upkeep\n|\n|t:|1781426321\n|switch|p1a: Magmortar|Magmortar, L88, M|275/275\n|turn|26\n|\n|t:|1781426324\n|move|p2a: Terrakion|Earthquake|p1a: Magmortar\n|-supereffective|p1a: Magmortar\n|-damage|p1a: Magmortar|0 fnt\n|faint|p1a: Magmortar\n|-damage|p2a: Terrakion|0 fnt|[from] item: Life Orb\n|faint|p2a: Terrakion\n|\n|upkeep\n|\n|t:|1781426330\n|switch|p2a: Walking Wake|Walking Wake, L79|286/286\n|switch|p1a: Arceus|Arceus-Flying, L69|151/279\n|turn|27\n|\n|t:|1781426334\n|move|p2a: Walking Wake|Sunny Day|p2a: Walking Wake\n|-weather|SunnyDay\n|-activate|p2a: Walking Wake|ability: Protosynthesis\n|-start|p2a: Walking Wake|protosynthesisspa\n|move|p1a: Arceus|Recover|p1a: Arceus\n|-heal|p1a: Arceus|279/279\n|\n|-weather|SunnyDay|[upkeep]\n|upkeep\n|turn|28\n|\n|t:|1781426337\n|move|p2a: Walking Wake|Hydro Steam|p1a: Arceus\n|-damage|p1a: Arceus|44/279\n|-damage|p2a: Walking Wake|258/286|[from] item: Life Orb\n|move|p1a: Arceus|Calm Mind|p1a: Arceus\n|-boost|p1a: Arceus|spa|1\n|-boost|p1a: Arceus|spd|1\n|\n|-weather|SunnyDay|[upkeep]\n|upkeep\n|turn|29\n|j| Poi890\n|\n|t:|1781426340\n|move|p2a: Walking Wake|Hydro Steam|p1a: Arceus\n|-damage|p1a: Arceus|0 fnt\n|faint|p1a: Arceus\n|-damage|p2a: Walking Wake|230/286|[from] item: Life Orb\n|\n|win|Infamous20111\n", "inputlog": ">version a8376a258c1d4662feba110a92103f3664a72141\n>start {\"formatid\":\"gen9randombattle\",\"seed\":\"sodium,37724ce40ece0c4606b2e511549b9f0a\",\"rated\":\"Rated battle\"}\n>player p1 {\"name\":\"endallbeallball\",\"avatar\":\"medium\",\"rating\":2092,\"seed\":\"sodium,8dc628b166de9abacd7dcfe34cfc0153\"}\n>player p2 {\"name\":\"Infamous20111\",\"avatar\":\"266\",\"rating\":2178,\"seed\":\"sodium,e16f0b86efe5b9ccb02d3526efcc8aef\"}\n>p1 switch 4\n>p2 move knockoff\n>p1 switch 2\n>p2 move toxic\n>p1 move swordsdance\n>p2 move earthquake\n>p1 move bulletpunch\n>p2 move earthquake\n>p1 move bulletpunch\n>p2 switch 5\n>p1 move bugbite\n>p2 move icebeam\n>p1 switch 4\n>p1 move flashcannon\n>p2 move nastyplot\n>p1 move discharge\n>p2 switch 5\n>p1 switch 3\n>p2 move toxic\n>p1 move bulletseed\n>p2 move knockoff\n>p1 move swordsdance\n>p2 move protect\n>p1 move bulletseed\n>p2 move protect\n>p2 switch 5\n>p1 move machpunch\n>p2 move icebeam\n>p1 switch 2\n>p1 move calmmind\n>p2 move icebeam\n>p1 move judgment\n>p2 switch 4\n>p1 move earthpower\n>p2 move shiftgear\n>p2 switch 2\n>p1 switch 6\n>p2 switch 4\n>p1 move quiverdance\n>p2 move icebeam\n>p1 move roost\n>p2 move icebeam\n>p1 move quiverdance\n>p2 switch 3\n>p1 move hurricane\n>p2 move tripleaxel terastallize\n>p1 switch 6\n>p1 move judgment\n>p2 move rapidspin\n>p2 switch 4\n>p1 switch 3\n>p2 move swordsdance\n>p1 move flashcannon terastallize\n>p2 move earthquake\n>p1 move voltswitch\n>p2 move stoneedge\n>p1 switch 5\n>p1 move knockoff\n>p2 move earthquake\n>p1 switch 3\n>p2 switch 6\n>p1 move recover\n>p2 move sunnyday\n>p1 move calmmind\n>p2 move hydrosteam\n>p1 move recover\n>p2 move hydrosteam", "uploadtime": 1781426029, "views": 7, "formatid": "gen9randombattle", "rating": null, "private": 0, "password": null}