{"id": "gen9randombattle-2631527345", "format": "[Gen 9] Random Battle", "players": ["Sup1c37", "Kill Potential"], "log": "|j|\u2606Sup1c37\n|j|\u2606Kill Potential\n|t:|1781396829\n|gametype|singles\n|player|p1|Sup1c37|pokemaniac|1915\n|player|p2|Kill Potential|mars|1939\n|gen|9\n|tier|[Gen 9] Random Battle\n|rated|\n|rule|Species Clause: Limit one of each Pok\u00e9mon\n|rule|HP Percentage Mod: HP is shown in percentages\n|rule|Sleep Clause Mod: Limit one foe put to sleep\n|rule|Illusion Level Mod: Illusion disguises the Pok\u00e9mon's true level\n|\n|t:|1781396829\n|teamsize|p1|6\n|teamsize|p2|6\n|start\n|switch|p1a: Urshifu|Urshifu-Rapid-Strike, L75, M|274/274\n|switch|p2a: Stonjourner|Stonjourner, L91, F|330/330\n|turn|1\n|inactive|Battle timer is ON: inactive players will automatically lose when time's up. (requested by Sup1c37)\n|\n|t:|1781396857\n|switch|p2a: Rillaboom|Rillaboom, L79, F|288/288\n|-fieldstart|move: Grassy Terrain|[from] ability: Grassy Surge|[of] p2a: Rillaboom\n|move|p1a: Urshifu|U-turn|p2a: Rillaboom\n|-supereffective|p2a: Rillaboom\n|-crit|p2a: Rillaboom\n|-damage|p2a: Rillaboom|126/288\n|\n|t:|1781396874\n|switch|p1a: Arbok|Arbok, L87, F|246/246|[from] U-turn\n|-ability|p1a: Arbok|Intimidate|boost\n|-unboost|p2a: Rillaboom|atk|1\n|\n|-heal|p2a: Rillaboom|144/288|[from] Grassy Terrain\n|upkeep\n|turn|2\n|\n|t:|1781396889\n|switch|p2a: Archaludon|Archaludon, L78, F|268/268\n|move|p1a: Arbok|Coil|p1a: Arbok\n|-boost|p1a: Arbok|atk|1\n|-boost|p1a: Arbok|def|1\n|-boost|p1a: Arbok|accuracy|1\n|\n|upkeep\n|turn|3\n|\n|t:|1781396897\n|move|p1a: Arbok|Coil|p1a: Arbok\n|-boost|p1a: Arbok|atk|1\n|-boost|p1a: Arbok|def|1\n|-boost|p1a: Arbok|accuracy|1\n|move|p2a: Archaludon|Swords Dance|p2a: Archaludon\n|-boost|p2a: Archaludon|atk|2\n|\n|upkeep\n|turn|4\n|\n|t:|1781396902\n|move|p1a: Arbok|Coil|p1a: Arbok\n|-boost|p1a: Arbok|atk|1\n|-boost|p1a: Arbok|def|1\n|-boost|p1a: Arbok|accuracy|1\n|move|p2a: Archaludon|Swords Dance|p2a: Archaludon\n|-boost|p2a: Archaludon|atk|2\n|\n|upkeep\n|turn|5\n|\n|t:|1781396912\n|move|p1a: Arbok|Earthquake|p2a: Archaludon\n|-supereffective|p2a: Archaludon\n|-crit|p2a: Archaludon\n|-damage|p2a: Archaludon|64/268\n|-ability|p2a: Archaludon|Stamina|boost\n|-boost|p2a: Archaludon|def|1\n|move|p2a: Archaludon|Earthquake|p1a: Arbok\n|-supereffective|p1a: Arbok\n|-damage|p1a: Arbok|154/246\n|\n|-heal|p1a: Arbok|169/246|[from] Grassy Terrain\n|-heal|p1a: Arbok|184/246|[from] item: Leftovers\n|-heal|p2a: Archaludon|80/268|[from] Grassy Terrain\n|-fieldend|move: Grassy Terrain\n|upkeep\n|turn|6\n|\n|t:|1781396934\n|-terastallize|p2a: Archaludon|Ground\n|move|p1a: Arbok|Earthquake|p2a: Archaludon\n|-damage|p2a: Archaludon|0 fnt\n|faint|p2a: Archaludon\n|\n|-heal|p1a: Arbok|199/246|[from] item: Leftovers\n|upkeep\n|inactive|Kill Potential has 120 seconds left.\n|c|\u2606Kill Potential|k\n|c|\u2606Kill Potential|y\n|-message|Kill Potential forfeited.\n|\n|win|Sup1c37\n", "inputlog": ">version a8376a258c1d4662feba110a92103f3664a72141\n>start {\"formatid\":\"gen9randombattle\",\"seed\":\"sodium,328bb3cf306dd028e3dc570ee92d4696\",\"rated\":\"Rated battle\"}\n>player p1 {\"name\":\"Sup1c37\",\"avatar\":\"pokemaniac\",\"rating\":1915,\"seed\":\"sodium,715d22097c0503bd86724009a1cba306\"}\n>player p2 {\"name\":\"Kill Potential\",\"avatar\":\"mars\",\"rating\":1939,\"seed\":\"sodium,bc5fd53a0a562061136b479c8625a25c\"}\n>p1 move uturn\n>p2 switch 4\n>p1 switch 4\n>p1 move coil\n>p2 switch 6\n>p1 move coil\n>p2 move swordsdance\n>p1 move coil\n>p2 move swordsdance\n>p1 move earthquake\n>p2 move earthquake\n>p1 move earthquake\n>p2 move earthquake terastallize\n>chat \u2606Kill Potential|k \n>chat \u2606Kill Potential|y\n>forcelose p2", "uploadtime": 1781396831, "views": 6, "formatid": "gen9randombattle", "rating": null, "private": 0, "password": null}