{"id": "gen9randombattle-2631903882", "format": "[Gen 9] Random Battle", "players": ["overgrowsceptile13", "bed burglar"], "log": "|j|\u2606overgrowsceptile13\n|j|\u2606bed burglar\n|t:|1781453967\n|gametype|singles\n|player|p1|overgrowsceptile13|lucas|1989\n|player|p2|bed burglar|2|1999\n|gen|9\n|tier|[Gen 9] Random Battle\n|rated|\n|rule|Species Clause: Limit one of each Pok\u00e9mon\n|rule|HP Percentage Mod: HP is shown in percentages\n|rule|Sleep Clause Mod: Limit one foe put to sleep\n|rule|Illusion Level Mod: Illusion disguises the Pok\u00e9mon's true level\n|\n|t:|1781453967\n|teamsize|p1|6\n|teamsize|p2|6\n|start\n|switch|p1a: Jolteon|Jolteon, L84, F|246/246\n|switch|p2a: Leavanny|Leavanny, L86, M|269/269\n|turn|1\n|inactive|Battle timer is ON: inactive players will automatically lose when time's up. (requested by bed burglar)\n|\n|t:|1781453974\n|switch|p1a: Fezandipiti|Fezandipiti, L82, M|278/278\n|move|p2a: Leavanny|Sticky Web|p1a: Fezandipiti\n|-sidestart|p1: overgrowsceptile13|move: Sticky Web\n|\n|upkeep\n|turn|2\n|\n|t:|1781453981\n|switch|p2a: Clodsire|Clodsire, L81, M|343/343\n|move|p1a: Fezandipiti|Gunk Shot|p2a: Clodsire\n|-resisted|p2a: Clodsire\n|-damage|p2a: Clodsire|303/343\n|\n|-heal|p2a: Clodsire|324/343|[from] item: Leftovers\n|upkeep\n|turn|3\n|\n|t:|1781453991\n|move|p1a: Fezandipiti|U-turn|p2a: Clodsire\n|-resisted|p2a: Clodsire\n|-damage|p2a: Clodsire|294/343\n|\n|t:|1781453993\n|switch|p1a: Uxie|Uxie, L83|260/260|[from] U-turn\n|move|p2a: Clodsire|Earthquake|p1a: Uxie\n|-immune|p1a: Uxie|[from] ability: Levitate\n|\n|-heal|p2a: Clodsire|315/343|[from] item: Leftovers\n|upkeep\n|turn|4\n|\n|t:|1781453998\n|switch|p2a: Leavanny|Leavanny, L86, M|269/269\n|move|p1a: Uxie|Stealth Rock|p2a: Leavanny\n|-sidestart|p2: bed burglar|move: Stealth Rock\n|\n|upkeep\n|turn|5\n|\n|t:|1781454011\n|move|p2a: Leavanny|Knock Off|p1a: Uxie\n|-supereffective|p1a: Uxie\n|-damage|p1a: Uxie|150/260\n|-enditem|p1a: Uxie|Leftovers|[from] move: Knock Off|[of] p2a: Leavanny\n|move|p1a: Uxie|U-turn|p2a: Leavanny\n|-supereffective|p2a: Leavanny\n|-damage|p2a: Leavanny|189/269\n|\n|t:|1781454015\n|switch|p1a: Fezandipiti|Fezandipiti, L82, M|278/278|[from] U-turn\n|-activate|p1a: Fezandipiti|move: Sticky Web\n|-unboost|p1a: Fezandipiti|spe|1\n|\n|upkeep\n|turn|6\n|\n|t:|1781454018\n|switch|p2a: Clodsire|Clodsire, L81, M|315/343\n|-damage|p2a: Clodsire|294/343|[from] Stealth Rock\n|move|p1a: Fezandipiti|U-turn|p2a: Clodsire\n|-resisted|p2a: Clodsire\n|-damage|p2a: Clodsire|264/343\n|\n|t:|1781454026\n|switch|p1a: Uxie|Uxie, L83|150/260|[from] U-turn\n|\n|-heal|p2a: Clodsire|285/343|[from] item: Leftovers\n|upkeep\n|turn|7\n|\n|t:|1781454030\n|switch|p2a: Zapdos|Zapdos, L78|268/268\n|move|p1a: Uxie|Psychic Noise|p2a: Zapdos\n|-damage|p2a: Zapdos|198/268\n|-start|p2a: Zapdos|move: Heal Block\n|\n|upkeep\n|turn|8\n|\n|t:|1781454034\n|move|p1a: Uxie|U-turn|p2a: Zapdos\n|-resisted|p2a: Zapdos\n|-damage|p2a: Zapdos|176/268\n|\n|t:|1781454035\n|switch|p1a: Jolteon|Jolteon, L84, F|246/246|[from] U-turn\n|-activate|p1a: Jolteon|move: Sticky Web\n|-unboost|p1a: Jolteon|spe|1\n|move|p2a: Zapdos|Discharge|p1a: Jolteon\n|-immune|p1a: Jolteon|[from] ability: Volt Absorb\n|\n|-end|p2a: Zapdos|move: Heal Block\n|upkeep\n|turn|9\n|\n|t:|1781454039\n|switch|p2a: Clodsire|Clodsire, L81, M|285/343\n|-damage|p2a: Clodsire|264/343|[from] Stealth Rock\n|move|p1a: Jolteon|Calm Mind|p1a: Jolteon\n|-boost|p1a: Jolteon|spa|1\n|-boost|p1a: Jolteon|spd|1\n|\n|-heal|p2a: Clodsire|285/343|[from] item: Leftovers\n|upkeep\n|turn|10\n|\n|t:|1781454049\n|switch|p1a: Uxie|Uxie, L83|150/260\n|move|p2a: Clodsire|Poison Jab|p1a: Uxie\n|-damage|p1a: Uxie|102/260\n|-status|p1a: Uxie|psn\n|\n|-heal|p2a: Clodsire|306/343|[from] item: Leftovers\n|-damage|p1a: Uxie|70/260 psn|[from] psn\n|upkeep\n|turn|11\n|\n|t:|1781454055\n|switch|p2a: Zapdos|Zapdos, L78|176/268\n|move|p1a: Uxie|U-turn|p2a: Zapdos\n|-resisted|p2a: Zapdos\n|-damage|p2a: Zapdos|154/268\n|\n|t:|1781454059\n|switch|p1a: Jolteon|Jolteon, L84, F|246/246|[from] U-turn\n|-activate|p1a: Jolteon|move: Sticky Web\n|-unboost|p1a: Jolteon|spe|1\n|\n|upkeep\n|turn|12\n|\n|t:|1781454061\n|switch|p2a: Clodsire|Clodsire, L81, M|306/343\n|-damage|p2a: Clodsire|285/343|[from] Stealth Rock\n|-terastallize|p1a: Jolteon|Ice\n|move|p1a: Jolteon|Tera Blast|p2a: Clodsire|[anim] Tera Blast Ice\n|-supereffective|p2a: Clodsire\n|-damage|p2a: Clodsire|97/343\n|\n|-heal|p2a: Clodsire|118/343|[from] item: Leftovers\n|upkeep\n|turn|13\n|\n|t:|1781454071\n|switch|p2a: Leavanny|Leavanny, L86, M|189/269\n|-damage|p2a: Leavanny|122/269|[from] Stealth Rock\n|move|p1a: Jolteon|Tera Blast|p2a: Leavanny|[anim] Tera Blast Ice\n|-supereffective|p2a: Leavanny\n|-damage|p2a: Leavanny|0 fnt\n|faint|p2a: Leavanny\n|\n|upkeep\n|\n|t:|1781454073\n|switch|p2a: Emboar|Emboar, L84, M|322/322\n|-damage|p2a: Emboar|282/322|[from] Stealth Rock\n|turn|14\n|\n|t:|1781454084\n|switch|p1a: Uxie|Uxie, L83|70/260 psn\n|move|p2a: Emboar|Trailblaze|p1a: Uxie\n|-damage|p1a: Uxie|37/260 psn\n|-boost|p2a: Emboar|spe|1\n|\n|-heal|p2a: Emboar|302/322|[from] item: Leftovers\n|-damage|p1a: Uxie|5/260 psn|[from] psn\n|upkeep\n|turn|15\n|\n|t:|1781454086\n|move|p2a: Emboar|Trailblaze|p1a: Uxie\n|-damage|p1a: Uxie|0 fnt\n|-boost|p2a: Emboar|spe|1\n|faint|p1a: Uxie\n|\n|-heal|p2a: Emboar|322/322|[from] item: Leftovers\n|upkeep\n|\n|t:|1781454090\n|switch|p1a: Fezandipiti|Fezandipiti, L82, M|278/278\n|-activate|p1a: Fezandipiti|move: Sticky Web\n|-unboost|p1a: Fezandipiti|spe|1\n|turn|16\n|\n|t:|1781454094\n|move|p2a: Emboar|Bulk Up|p2a: Emboar\n|-boost|p2a: Emboar|atk|1\n|-boost|p2a: Emboar|def|1\n|move|p1a: Fezandipiti|U-turn|p2a: Emboar\n|-resisted|p2a: Emboar\n|-damage|p2a: Emboar|313/322\n|-status|p2a: Emboar|tox|[from] ability: Toxic Chain|[of] p1a: Fezandipiti\n|\n|t:|1781454099\n|switch|p1a: Sylveon|Sylveon, L85, M|300/300|[from] U-turn\n|-activate|p1a: Sylveon|move: Sticky Web\n|-unboost|p1a: Sylveon|spe|1\n|\n|-heal|p2a: Emboar|322/322 tox|[from] item: Leftovers\n|-damage|p2a: Emboar|302/322 tox|[from] psn\n|upkeep\n|turn|17\n|\n|t:|1781454103\n|move|p1a: Sylveon|Protect|p1a: Sylveon\n|-singleturn|p1a: Sylveon|Protect\n|move|p2a: Emboar|Flare Blitz|p1a: Sylveon\n|-activate|p1a: Sylveon|move: Protect\n|\n|-heal|p2a: Emboar|322/322 tox|[from] item: Leftovers\n|-damage|p2a: Emboar|282/322 tox|[from] psn\n|upkeep\n|turn|18\n|\n|t:|1781454105\n|move|p2a: Emboar|Flare Blitz|p1a: Sylveon\n|-damage|p1a: Sylveon|0 fnt\n|faint|p1a: Sylveon\n|-damage|p2a: Emboar|183/322 tox|[from] Recoil\n|\n|-heal|p2a: Emboar|203/322 tox|[from] item: Leftovers\n|-damage|p2a: Emboar|143/322 tox|[from] psn\n|upkeep\n|\n|t:|1781454109\n|switch|p1a: Golem|Golem-Alola, L93, M|300/300\n|-activate|p1a: Golem|move: Sticky Web\n|-unboost|p1a: Golem|spe|1\n|turn|19\n|\n|t:|1781454112\n|move|p2a: Emboar|Drain Punch|p1a: Golem\n|-supereffective|p1a: Golem\n|-damage|p1a: Golem|118/300\n|-heal|p2a: Emboar|234/322 tox|[from] drain|[of] p1a: Golem\n|move|p1a: Golem|Earthquake|p2a: Emboar\n|-supereffective|p2a: Emboar\n|-damage|p2a: Emboar|0 fnt\n|faint|p2a: Emboar\n|\n|upkeep\n|\n|t:|1781454132\n|switch|p2a: Politoed|Politoed, L88, F|302/302\n|-damage|p2a: Politoed|265/302|[from] Stealth Rock\n|-weather|RainDance|[from] ability: Drizzle|[of] p2a: Politoed\n|turn|20\n|\n|t:|1781454136\n|move|p2a: Politoed|Weather Ball|p1a: Golem\n|-supereffective|p1a: Golem\n|-damage|p1a: Golem|0 fnt\n|faint|p1a: Golem\n|\n|-weather|RainDance|[upkeep]\n|upkeep\n|\n|t:|1781454138\n|switch|p1a: Jolteon|Jolteon, L84, F, tera:Ice|246/246\n|-activate|p1a: Jolteon|move: Sticky Web\n|-unboost|p1a: Jolteon|spe|1\n|turn|21\n|\n|t:|1781454140\n|move|p1a: Jolteon|Thunderbolt|p2a: Politoed\n|-supereffective|p2a: Politoed\n|-damage|p2a: Politoed|91/302\n|move|p2a: Politoed|Weather Ball|p1a: Jolteon\n|-damage|p1a: Jolteon|17/246\n|\n|-weather|RainDance|[upkeep]\n|-heal|p1a: Jolteon|32/246|[from] item: Leftovers\n|upkeep\n|turn|22\n|\n|t:|1781454148\n|move|p1a: Jolteon|Thunderbolt|p2a: Politoed\n|-supereffective|p2a: Politoed\n|-damage|p2a: Politoed|0 fnt\n|faint|p2a: Politoed\n|\n|-weather|RainDance|[upkeep]\n|-heal|p1a: Jolteon|47/246|[from] item: Leftovers\n|upkeep\n|\n|t:|1781454150\n|switch|p2a: Zapdos|Zapdos, L78|154/268\n|turn|23\n|\n|t:|1781454157\n|switch|p1a: Fezandipiti|Fezandipiti, L82, M|278/278\n|-activate|p1a: Fezandipiti|move: Sticky Web\n|-unboost|p1a: Fezandipiti|spe|1\n|move|p2a: Zapdos|Hurricane|p1a: Fezandipiti\n|-damage|p1a: Fezandipiti|187/278\n|\n|-weather|RainDance|[upkeep]\n|-heal|p1a: Fezandipiti|204/278|[from] item: Leftovers\n|upkeep\n|turn|24\n|\n|t:|1781454165\n|switch|p2a: Clodsire|Clodsire, L81, M|118/343\n|-damage|p2a: Clodsire|97/343|[from] Stealth Rock\n|move|p1a: Fezandipiti|U-turn|p2a: Clodsire\n|-resisted|p2a: Clodsire\n|-damage|p2a: Clodsire|69/343\n|\n|t:|1781454171\n|switch|p1a: Jolteon|Jolteon, L84, F, tera:Ice|47/246|[from] U-turn\n|-activate|p1a: Jolteon|move: Sticky Web\n|-unboost|p1a: Jolteon|spe|1\n|\n|-weather|none\n|-heal|p1a: Jolteon|62/246|[from] item: Leftovers\n|-heal|p2a: Clodsire|90/343|[from] item: Leftovers\n|upkeep\n|turn|25\n|\n|t:|1781454175\n|move|p1a: Jolteon|Tera Blast|p2a: Clodsire|[anim] Tera Blast Ice\n|-supereffective|p2a: Clodsire\n|-damage|p2a: Clodsire|0 fnt\n|faint|p2a: Clodsire\n|\n|-heal|p1a: Jolteon|77/246|[from] item: Leftovers\n|upkeep\n|\n|t:|1781454176\n|switch|p2a: Zapdos|Zapdos, L78|154/268\n|turn|26\n|\n|t:|1781454179\n|move|p2a: Zapdos|Hurricane|p1a: Jolteon\n|-damage|p1a: Jolteon|0 fnt\n|faint|p1a: Jolteon\n|\n|upkeep\n|\n|t:|1781454181\n|switch|p1a: Fezandipiti|Fezandipiti, L82, M|204/278\n|-activate|p1a: Fezandipiti|move: Sticky Web\n|-unboost|p1a: Fezandipiti|spe|1\n|turn|27\n|\n|t:|1781454184\n|move|p2a: Zapdos|Discharge|p1a: Fezandipiti\n|-damage|p1a: Fezandipiti|126/278\n|-status|p1a: Fezandipiti|par\n|move|p1a: Fezandipiti|Gunk Shot|p2a: Zapdos\n|-damage|p2a: Zapdos|19/268\n|-status|p2a: Zapdos|psn\n|\n|-heal|p1a: Fezandipiti|143/278 par|[from] item: Leftovers\n|-damage|p2a: Zapdos|0 fnt|[from] psn\n|faint|p2a: Zapdos\n|upkeep\n|\n|t:|1781454186\n|switch|p2a: Cloyster|Cloyster, L80, M|211/211\n|-damage|p2a: Cloyster|159/211|[from] Stealth Rock\n|turn|28\n|\n|t:|1781454193\n|move|p2a: Cloyster|Shell Smash|p2a: Cloyster\n|-unboost|p2a: Cloyster|def|1\n|-unboost|p2a: Cloyster|spd|1\n|-boost|p2a: Cloyster|atk|2\n|-boost|p2a: Cloyster|spa|2\n|-boost|p2a: Cloyster|spe|2\n|-enditem|p2a: Cloyster|White Herb\n|-clearnegativeboost|p2a: Cloyster|[silent]\n|move|p1a: Fezandipiti|Moonblast|p2a: Cloyster\n|-damage|p2a: Cloyster|36/211\n|-unboost|p2a: Cloyster|spa|1\n|\n|-heal|p1a: Fezandipiti|160/278 par|[from] item: Leftovers\n|upkeep\n|turn|29\n|\n|t:|1781454195\n|move|p2a: Cloyster|Icicle Spear|p1a: Fezandipiti\n|-damage|p1a: Fezandipiti|105/278 par\n|-damage|p1a: Fezandipiti|54/278 par\n|-damage|p1a: Fezandipiti|6/278 par\n|-damage|p1a: Fezandipiti|0 fnt\n|faint|p1a: Fezandipiti\n|-hitcount|p1: Fezandipiti|4\n|\n|upkeep\n|\n|t:|1781454197\n|switch|p1a: Meowscarada|Meowscarada, L78, M|247/247\n|-activate|p1a: Meowscarada|move: Sticky Web\n|-unboost|p1a: Meowscarada|spe|1\n|turn|30\n|\n|t:|1781454200\n|move|p2a: Cloyster|Icicle Spear|p1a: Meowscarada\n|-supereffective|p1a: Meowscarada\n|-damage|p1a: Meowscarada|125/247\n|-supereffective|p1a: Meowscarada\n|-damage|p1a: Meowscarada|11/247\n|-supereffective|p1a: Meowscarada\n|-damage|p1a: Meowscarada|0 fnt\n|faint|p1a: Meowscarada\n|-hitcount|p1: Meowscarada|3\n|\n|win|bed burglar\n", "inputlog": ">version a8376a258c1d4662feba110a92103f3664a72141\n>start {\"formatid\":\"gen9randombattle\",\"seed\":\"sodium,c21f70fedb3ee8f592164639f4906a9e\",\"rated\":\"Rated battle\"}\n>player p1 {\"name\":\"overgrowsceptile13\",\"avatar\":\"lucas\",\"rating\":1989,\"seed\":\"sodium,ee8ac8c3044712cbcd7e4cb36f5cb54e\"}\n>player p2 {\"name\":\"bed burglar\",\"avatar\":\"2\",\"rating\":1999,\"seed\":\"sodium,453fb245f92bd038a8ac4fa5c62e06a1\"}\n>p1 switch 5\n>p2 move stickyweb\n>p1 move gunkshot\n>p2 switch 6\n>p1 move uturn\n>p2 move earthquake\n>p1 switch 2\n>p1 move stealthrock\n>p2 switch 6\n>p1 move uturn\n>p2 move knockoff\n>p1 switch 2\n>p1 move uturn\n>p2 switch 6\n>p1 switch 2\n>p1 move psychicnoise\n>p2 switch 3\n>p1 move uturn\n>p2 move discharge\n>p1 switch 5\n>p1 move calmmind\n>p2 switch 3\n>p1 switch 5\n>p2 move poisonjab\n>p1 move uturn\n>p2 switch 3\n>p1 switch 5\n>p1 move terablast terastallize\n>p2 switch 3\n>p1 move terablast\n>p2 switch 6\n>p2 switch 2\n>p1 switch 5\n>p2 move trailblaze\n>p1 move psychicnoise\n>p2 move trailblaze\n>p1 switch 2\n>p1 move uturn\n>p2 move bulkup\n>p1 switch 4\n>p1 move protect\n>p2 move flareblitz\n>p1 move hypervoice\n>p2 move flareblitz\n>p1 switch 3\n>p1 move earthquake\n>p2 move drainpunch\n>p2 switch 4\n>p1 move earthquake\n>p2 move weatherball\n>p1 switch 5\n>p1 move thunderbolt\n>p2 move weatherball\n>p1 move thunderbolt\n>p2 move weatherball\n>p2 switch 3\n>p1 switch 4\n>p2 move hurricane\n>p1 move uturn\n>p2 switch 6\n>p1 switch 4\n>p1 move terablast\n>p2 move recover\n>p2 switch 6\n>p1 move terablast\n>p2 move hurricane\n>p1 switch 4\n>p1 move gunkshot\n>p2 move discharge\n>p2 switch 5\n>p1 move moonblast\n>p2 move shellsmash\n>p1 move moonblast\n>p2 move iciclespear\n>p1 switch 6\n>p1 move flowertrick\n>p2 move iciclespear", "uploadtime": 1781453968, "views": 4, "formatid": "gen9randombattle", "rating": null, "private": 0, "password": null}