{"id": "gen9randombattle-2631556494", "format": "[Gen 9] Random Battle", "players": ["zednedz", "RaynSSB"], "log": "|j|\u2606zednedz\n|j|\u2606RaynSSB\n|t:|1781400870\n|gametype|singles\n|player|p1|zednedz|rosa|1459\n|player|p2|RaynSSB|elesa|1441\n|gen|9\n|tier|[Gen 9] Random Battle\n|rated|\n|rule|Species Clause: Limit one of each Pok\u00e9mon\n|rule|HP Percentage Mod: HP is shown in percentages\n|rule|Sleep Clause Mod: Limit one foe put to sleep\n|rule|Illusion Level Mod: Illusion disguises the Pok\u00e9mon's true level\n|\n|t:|1781400870\n|teamsize|p1|6\n|teamsize|p2|6\n|start\n|switch|p1a: Noivern|Noivern, L82, M|274/274\n|switch|p2a: Pincurchin|Pincurchin, M|258/258\n|-fieldstart|move: Electric Terrain|[from] ability: Electric Surge|[of] p2a: Pincurchin\n|turn|1\n|inactive|Battle timer is ON: inactive players will automatically lose when time's up. (requested by RaynSSB)\n|\n|t:|1781400882\n|move|p1a: Noivern|Draco Meteor|p2a: Pincurchin\n|-damage|p2a: Pincurchin|135/258\n|-unboost|p1a: Noivern|spa|2\n|move|p2a: Pincurchin|Discharge|p1a: Noivern\n|-damage|p1a: Noivern|120/274\n|\n|-heal|p2a: Pincurchin|151/258|[from] item: Leftovers\n|upkeep\n|turn|2\n|\n|t:|1781400890\n|switch|p1a: Okidogi|Okidogi, L77, M|262/262\n|move|p2a: Pincurchin|Recover|p2a: Pincurchin\n|-heal|p2a: Pincurchin|258/258\n|\n|upkeep\n|turn|3\n|\n|t:|1781400898\n|move|p1a: Okidogi|Bulk Up|p1a: Okidogi\n|-boost|p1a: Okidogi|atk|1\n|-boost|p1a: Okidogi|def|1\n|move|p2a: Pincurchin|Discharge|p1a: Okidogi\n|-damage|p1a: Okidogi|105/262\n|\n|-heal|p1a: Okidogi|121/262|[from] item: Leftovers\n|upkeep\n|turn|4\n|\n|t:|1781400907\n|move|p1a: Okidogi|Drain Punch|p2a: Pincurchin\n|-damage|p2a: Pincurchin|167/258\n|-heal|p1a: Okidogi|167/262|[from] drain|[of] p2a: Pincurchin\n|move|p2a: Pincurchin|Discharge|p1a: Okidogi\n|-damage|p1a: Okidogi|1/262\n|\n|-heal|p1a: Okidogi|17/262|[from] item: Leftovers\n|-heal|p2a: Pincurchin|183/258|[from] item: Leftovers\n|upkeep\n|turn|5\n|\n|t:|1781400917\n|move|p1a: Okidogi|Drain Punch|p2a: Pincurchin\n|-damage|p2a: Pincurchin|78/258\n|-heal|p1a: Okidogi|70/262|[from] drain|[of] p2a: Pincurchin\n|move|p2a: Pincurchin|Discharge|p1a: Okidogi\n|-damage|p1a: Okidogi|0 fnt\n|faint|p1a: Okidogi\n|\n|-heal|p2a: Pincurchin|94/258|[from] item: Leftovers\n|-fieldend|move: Electric Terrain\n|upkeep\n|\n|t:|1781400934\n|switch|p1a: Noivern|Noivern, L82, M|120/274\n|turn|6\n|\n|t:|1781400939\n|switch|p2a: Scream Tail|Scream Tail, L84|330/330\n|move|p1a: Noivern|Flamethrower|p2a: Scream Tail\n|-damage|p2a: Scream Tail|281/330\n|\n|-heal|p2a: Scream Tail|301/330|[from] item: Leftovers\n|upkeep\n|turn|7\n|\n|t:|1781400956\n|switch|p1a: Clefable|Clefable, L83, F|293/293\n|move|p2a: Scream Tail|Wish|p2a: Scream Tail\n|\n|-heal|p2a: Scream Tail|321/330|[from] item: Leftovers\n|upkeep\n|turn|8\n|\n|t:|1781400962\n|-end|p2a: Scream Tail|Protosynthesis|[silent]\n|switch|p2a: Qwilfish|Qwilfish-Hisui, L83, M|244/244\n|-ability|p2a: Qwilfish|Intimidate|boost\n|-unboost|p1a: Clefable|atk|1\n|move|p1a: Clefable|Thunder Wave|p2a: Qwilfish\n|-status|p2a: Qwilfish|par\n|\n|upkeep\n|turn|9\n|\n|t:|1781400971\n|move|p1a: Clefable|Knock Off|p2a: Qwilfish\n|-resisted|p2a: Qwilfish\n|-damage|p2a: Qwilfish|231/244 par\n|-enditem|p2a: Qwilfish|Eviolite|[from] move: Knock Off|[of] p1a: Clefable\n|move|p2a: Qwilfish|Taunt|p1a: Clefable\n|-start|p1a: Clefable|move: Taunt\n|\n|upkeep\n|turn|10\n|\n|t:|1781400990\n|switch|p1a: Enamorus|Enamorus, L79, F|247/247\n|move|p2a: Qwilfish|Gunk Shot|p1a: Enamorus\n|-supereffective|p1a: Enamorus\n|-damage|p1a: Enamorus|0 fnt\n|faint|p1a: Enamorus\n|\n|upkeep\n|\n|t:|1781400997\n|switch|p1a: Grafaiai|Grafaiai, L86, F|249/249\n|turn|11\n|\n|t:|1781401026\n|move|p1a: Grafaiai|Encore|p2a: Qwilfish\n|-hint|Since gen 7, Dark is immune to Prankster moves.\n|-immune|p2a: Qwilfish\n|move|p2a: Qwilfish|Spikes|p1a: Grafaiai\n|-sidestart|p1: zednedz|Spikes\n|\n|upkeep\n|turn|12\n|\n|t:|1781401031\n|move|p1a: Grafaiai|Parting Shot|p2a: Qwilfish\n|-hint|Since gen 7, Dark is immune to Prankster moves.\n|-immune|p2a: Qwilfish\n|cant|p2a: Qwilfish|par\n|\n|upkeep\n|turn|13\n|\n|t:|1781401034\n|move|p1a: Grafaiai|Knock Off|p2a: Qwilfish\n|-resisted|p2a: Qwilfish\n|-crit|p2a: Qwilfish\n|-damage|p2a: Qwilfish|192/244 par\n|move|p2a: Qwilfish|Spikes|p1a: Grafaiai\n|-sidestart|p1: zednedz|Spikes\n|\n|upkeep\n|turn|14\n|\n|t:|1781401043\n|switch|p1a: Noivern|Noivern, L82, M|120/274\n|move|p2a: Qwilfish|Spikes|p1a: Noivern\n|-sidestart|p1: zednedz|Spikes\n|\n|upkeep\n|turn|15\n|\n|t:|1781401050\n|switch|p2a: Scream Tail|Scream Tail, L84|321/330\n|move|p1a: Noivern|Hurricane|p2a: Scream Tail|[miss]\n|-miss|p1a: Noivern|p2a: Scream Tail\n|\n|-heal|p2a: Scream Tail|330/330|[from] item: Leftovers\n|upkeep\n|turn|16\n|\n|t:|1781401062\n|move|p1a: Noivern|Hurricane|p2a: Scream Tail\n|-damage|p2a: Scream Tail|234/330\n|move|p2a: Scream Tail|Play Rough|p1a: Noivern\n|-supereffective|p1a: Noivern\n|-damage|p1a: Noivern|0 fnt\n|faint|p1a: Noivern\n|\n|-heal|p2a: Scream Tail|254/330|[from] item: Leftovers\n|upkeep\n|\n|t:|1781401071\n|switch|p1a: Kyurem|Kyurem-White, L73|303/303\n|-damage|p1a: Kyurem|228/303|[from] Spikes\n|-ability|p1a: Kyurem|Turboblaze\n|turn|17\n|\n|t:|1781401079\n|move|p1a: Kyurem|Freeze-Dry|p2a: Scream Tail\n|-damage|p2a: Scream Tail|178/330\n|move|p2a: Scream Tail|Play Rough|p1a: Kyurem\n|-supereffective|p1a: Kyurem\n|-damage|p1a: Kyurem|64/303\n|\n|-heal|p2a: Scream Tail|198/330|[from] item: Leftovers\n|upkeep\n|turn|18\n|\n|t:|1781401084\n|move|p1a: Kyurem|Freeze-Dry|p2a: Scream Tail\n|-damage|p2a: Scream Tail|123/330\n|move|p2a: Scream Tail|Play Rough|p1a: Kyurem\n|-supereffective|p1a: Kyurem\n|-damage|p1a: Kyurem|0 fnt\n|faint|p1a: Kyurem\n|\n|-heal|p2a: Scream Tail|143/330|[from] item: Leftovers\n|upkeep\n|\n|t:|1781401090\n|switch|p1a: Grafaiai|Grafaiai, L86, F|249/249\n|turn|19\n|\n|t:|1781401093\n|-end|p2a: Scream Tail|Protosynthesis|[silent]\n|switch|p2a: Qwilfish|Qwilfish-Hisui, L83, M|192/244 par\n|-ability|p2a: Qwilfish|Intimidate|boost\n|-unboost|p1a: Grafaiai|atk|1\n|move|p1a: Grafaiai|Gunk Shot|p2a: Qwilfish\n|-resisted|p2a: Qwilfish\n|-damage|p2a: Qwilfish|147/244 par\n|\n|upkeep\n|turn|20\n|-message|zednedz forfeited.\n|\n|win|RaynSSB\n|raw|zednedz's rating: 1459 &rarr; <strong>1438</strong><br />(-21 for losing)\n|raw|RaynSSB's rating: 1441 &rarr; <strong>1462</strong><br />(+21 for winning)\n|l|\u2606zednedz\n|player|p1|\n", "uploadtime": 1781401104, "views": 2, "formatid": "gen9randombattle", "rating": 1438, "private": 0, "password": null}