{"id": "gen9randombattle-2631979746", "format": "[Gen 9] Random Battle", "players": ["moenke", "i'm_new_so_be_cool"], "log": "|badge|p2|bronze|gen9ubers|100-9\n|uhtml|medal-msg|<div class=\"broadcast-blue\">Curious what those medals under the avatar are? PS now has Ladder Seasons! For more information, check out the <a href=\"https://www.smogon.com/forums/threads/3740067/\">thread on Smogon.</a></div>\n|j|\u2606moenke\n|j|\u2606i'm_new_so_be_cool\n|t:|1781462254\n|gametype|singles\n|player|p1|moenke|169|2115\n|player|p2|i'm_new_so_be_cool|miku-ice|2111\n|gen|9\n|tier|[Gen 9] Random Battle\n|rated|\n|rule|Species Clause: Limit one of each Pok\u00e9mon\n|rule|HP Percentage Mod: HP is shown in percentages\n|rule|Sleep Clause Mod: Limit one foe put to sleep\n|rule|Illusion Level Mod: Illusion disguises the Pok\u00e9mon's true level\n|\n|t:|1781462254\n|teamsize|p1|6\n|teamsize|p2|6\n|start\n|switch|p1a: Feraligatr|Feraligatr, L79, F|264/264\n|switch|p2a: Magcargo|Magcargo, L95, F|268/268\n|turn|1\n|inactive|Battle timer is ON: inactive players will automatically lose when time's up. (requested by moenke)\n|\n|t:|1781462297\n|switch|p2a: Greedent|Greedent, L86, F|347/347\n|move|p1a: Feraligatr|Dragon Dance|p1a: Feraligatr\n|-boost|p1a: Feraligatr|atk|1\n|-boost|p1a: Feraligatr|spe|1\n|\n|upkeep\n|turn|2\n|\n|t:|1781462313\n|move|p1a: Feraligatr|Dragon Dance|p1a: Feraligatr\n|-boost|p1a: Feraligatr|atk|1\n|-boost|p1a: Feraligatr|spe|1\n|move|p2a: Greedent|Knock Off|p1a: Feraligatr\n|-damage|p1a: Feraligatr|198/264\n|-enditem|p1a: Feraligatr|Life Orb|[from] move: Knock Off|[of] p2a: Greedent\n|\n|upkeep\n|turn|3\n|\n|t:|1781462316\n|move|p1a: Feraligatr|Dragon Dance|p1a: Feraligatr\n|-boost|p1a: Feraligatr|atk|1\n|-boost|p1a: Feraligatr|spe|1\n|move|p2a: Greedent|Swords Dance|p2a: Greedent\n|-boost|p2a: Greedent|atk|2\n|\n|upkeep\n|turn|4\n|\n|t:|1781462321\n|move|p1a: Feraligatr|Liquidation|p2a: Greedent\n|-damage|p2a: Greedent|76/347\n|-enditem|p2a: Greedent|Sitrus Berry|[eat]\n|-heal|p2a: Greedent|162/347|[from] item: Sitrus Berry\n|-heal|p2a: Greedent|277/347|[from] ability: Cheek Pouch\n|move|p2a: Greedent|Double-Edge|p1a: Feraligatr\n|-damage|p1a: Feraligatr|0 fnt\n|faint|p1a: Feraligatr\n|-damage|p2a: Greedent|212/347|[from] Recoil\n|\n|upkeep\n|\n|t:|1781462328\n|switch|p1a: Staraptor|Staraptor, L79, F|263/263\n|turn|5\n|\n|t:|1781462356\n|switch|p2a: Dachsbun|Dachsbun, L92, F|254/254\n|move|p1a: Staraptor|Close Combat|p2a: Dachsbun\n|-resisted|p2a: Dachsbun\n|-damage|p2a: Dachsbun|205/254\n|-unboost|p1a: Staraptor|def|1\n|-unboost|p1a: Staraptor|spd|1\n|\n|-heal|p2a: Dachsbun|220/254|[from] item: Leftovers\n|upkeep\n|turn|6\n|\n|t:|1781462363\n|switch|p1a: Volcarona|Volcarona, L77, M|257/257\n|move|p2a: Dachsbun|Wish|p2a: Dachsbun\n|\n|-heal|p2a: Dachsbun|235/254|[from] item: Leftovers\n|upkeep\n|turn|7\n|inactive|i'm_new_so_be_cool has 120 seconds left.\n|\n|t:|1781462407\n|switch|p2a: Magcargo|Magcargo, L95, F|268/268\n|move|p1a: Volcarona|Quiver Dance|p1a: Volcarona\n|-boost|p1a: Volcarona|spa|1\n|-boost|p1a: Volcarona|spd|1\n|-boost|p1a: Volcarona|spe|1\n|\n|upkeep\n|turn|8\n|\n|t:|1781462421\n|-terastallize|p1a: Volcarona|Water\n|move|p1a: Volcarona|Tera Blast|p2a: Magcargo|[anim] Tera Blast Water\n|-supereffective|p2a: Magcargo\n|-damage|p2a: Magcargo|0 fnt\n|faint|p2a: Magcargo\n|\n|upkeep\n|inactive|i'm_new_so_be_cool has 90 seconds left.\n|inactive|i'm_new_so_be_cool has 60 seconds left.\n|inactive|i'm_new_so_be_cool has 30 seconds left.\n|inactive|i'm_new_so_be_cool has 20 seconds left.\n|\n|t:|1781462511\n|switch|p2a: Greedent|Greedent, L86, F|212/347\n|turn|9\n|inactive|i'm_new_so_be_cool has 30 seconds left this turn.\n|\n|t:|1781462525\n|move|p1a: Volcarona|Fire Blast|p2a: Greedent\n|-damage|p2a: Greedent|0 fnt\n|faint|p2a: Greedent\n|\n|upkeep\n|inactive|i'm_new_so_be_cool has 30 seconds left.\n|inactive|i'm_new_so_be_cool has 20 seconds left.\n|inactive|i'm_new_so_be_cool has 15 seconds left.\n|\n|t:|1781462546\n|switch|p2a: Roaring Moon|Roaring Moon, L72|270/270\n|turn|10\n|inactive|i'm_new_so_be_cool has 25 seconds left this turn.\n|inactive|i'm_new_so_be_cool has 20 seconds left.\n|\n|t:|1781462555\n|-terastallize|p2a: Roaring Moon|Dark\n|move|p1a: Volcarona|Fire Blast|p2a: Roaring Moon\n|-damage|p2a: Roaring Moon|74/270\n|-status|p2a: Roaring Moon|brn\n|move|p2a: Roaring Moon|Knock Off|p1a: Volcarona\n|-damage|p1a: Volcarona|124/257\n|-enditem|p1a: Volcarona|Heavy-Duty Boots|[from] move: Knock Off|[of] p2a: Roaring Moon\n|\n|-damage|p2a: Roaring Moon|58/270 brn|[from] brn\n|upkeep\n|turn|11\n|inactive|i'm_new_so_be_cool has 30 seconds left this turn.\n|inactive|i'm_new_so_be_cool has 20 seconds left.\n|inactive|i'm_new_so_be_cool has 15 seconds left.\n|inactive|i'm_new_so_be_cool has 10 seconds left.\n|\n|t:|1781462580\n|move|p1a: Volcarona|Quiver Dance|p1a: Volcarona\n|-boost|p1a: Volcarona|spa|1\n|-boost|p1a: Volcarona|spd|1\n|-boost|p1a: Volcarona|spe|1\n|move|p2a: Roaring Moon|Knock Off|p1a: Volcarona\n|-damage|p1a: Volcarona|29/257\n|\n|-damage|p2a: Roaring Moon|42/270 brn|[from] brn\n|upkeep\n|turn|12\n|inactive|i'm_new_so_be_cool has 20 seconds left this turn.\n|inactive|i'm_new_so_be_cool has 15 seconds left.\n|\n|t:|1781462588\n|move|p1a: Volcarona|Giga Drain|p2a: Roaring Moon\n|-damage|p2a: Roaring Moon|0 fnt\n|-heal|p1a: Volcarona|50/257|[from] drain|[of] p2a: Roaring Moon\n|faint|p2a: Roaring Moon\n|-end|p2a: Roaring Moon|Protosynthesis|[silent]\n|\n|upkeep\n|inactive|i'm_new_so_be_cool has 20 seconds left this turn.\n|\n|t:|1781462591\n|switch|p2a: Dachsbun|Dachsbun, L92, F|235/254\n|turn|13\n|inactive|i'm_new_so_be_cool has 30 seconds left this turn.\n|\n|t:|1781462594\n|move|p1a: Volcarona|Giga Drain|p2a: Dachsbun\n|-damage|p2a: Dachsbun|132/254\n|-heal|p1a: Volcarona|102/257|[from] drain|[of] p2a: Dachsbun\n|move|p2a: Dachsbun|Play Rough|p1a: Volcarona\n|-crit|p1a: Volcarona\n|-damage|p1a: Volcarona|0 fnt\n|-status|p2a: Dachsbun|brn|[from] ability: Flame Body|[of] p1a: Volcarona\n|faint|p1a: Volcarona\n|\n|-heal|p2a: Dachsbun|147/254 brn|[from] item: Leftovers\n|-damage|p2a: Dachsbun|132/254 brn|[from] brn\n|upkeep\n|\n|t:|1781462607\n|switch|p1a: Banette|Banette, L93, M|270/270\n|turn|14\n|inactive|i'm_new_so_be_cool has 30 seconds left.\n|inactive|i'm_new_so_be_cool has 20 seconds left.\n|\n|t:|1781462634\n|switch|p2a: Suicune|Suicune, L82|298/298\n|-ability|p2a: Suicune|Pressure\n|move|p1a: Banette|Swords Dance|p1a: Banette\n|-boost|p1a: Banette|atk|2\n|\n|upkeep\n|turn|15\n|inactive|i'm_new_so_be_cool has 30 seconds left this turn.\n|inactive|i'm_new_so_be_cool has 20 seconds left.\n|\n|t:|1781462647\n|move|p1a: Banette|Shadow Sneak|p2a: Suicune\n|-damage|p2a: Suicune|158/298\n|-damage|p1a: Banette|243/270|[from] item: Life Orb\n|move|p2a: Suicune|Substitute|p2a: Suicune\n|-start|p2a: Suicune|Substitute\n|-damage|p2a: Suicune|84/298\n|\n|-heal|p2a: Suicune|102/298|[from] item: Leftovers\n|upkeep\n|turn|16\n|inactive|i'm_new_so_be_cool has 30 seconds left this turn.\n|\n|t:|1781462651\n|move|p1a: Banette|Shadow Sneak|p2a: Suicune\n|-end|p2a: Suicune|Substitute\n|-damage|p1a: Banette|216/270|[from] item: Life Orb\n|move|p2a: Suicune|Scald|p1a: Banette\n|-damage|p1a: Banette|128/270\n|\n|-heal|p2a: Suicune|120/298|[from] item: Leftovers\n|upkeep\n|turn|17\n|\n|t:|1781462656\n|move|p2a: Suicune|Protect|p2a: Suicune\n|-singleturn|p2a: Suicune|Protect\n|move|p1a: Banette|Shadow Sneak|p2a: Suicune\n|-activate|p2a: Suicune|move: Protect\n|\n|-heal|p2a: Suicune|138/298|[from] item: Leftovers\n|upkeep\n|turn|18\n|\n|t:|1781462659\n|move|p1a: Banette|Shadow Sneak|p2a: Suicune\n|-damage|p2a: Suicune|4/298\n|-damage|p1a: Banette|101/270|[from] item: Life Orb\n|move|p2a: Suicune|Scald|p1a: Banette\n|-damage|p1a: Banette|17/270\n|\n|-heal|p2a: Suicune|22/298|[from] item: Leftovers\n|upkeep\n|turn|19\n|\n|t:|1781462683\n|move|p1a: Banette|Shadow Sneak|p2a: Suicune\n|-damage|p2a: Suicune|0 fnt\n|faint|p2a: Suicune\n|-damage|p1a: Banette|0 fnt|[from] item: Life Orb\n|faint|p1a: Banette\n|\n|upkeep\n|\n|t:|1781462695\n|switch|p2a: Dachsbun|Dachsbun, L92, F|132/254 brn\n|switch|p1a: Staraptor|Staraptor, L79, F|263/263\n|turn|20\n|\n|t:|1781462701\n|move|p2a: Dachsbun|Protect|p2a: Dachsbun\n|-singleturn|p2a: Dachsbun|Protect\n|move|p1a: Staraptor|Brave Bird|p2a: Dachsbun\n|-activate|p2a: Dachsbun|move: Protect\n|\n|-heal|p2a: Dachsbun|147/254 brn|[from] item: Leftovers\n|-damage|p2a: Dachsbun|132/254 brn|[from] brn\n|upkeep\n|turn|21\n|\n|t:|1781462707\n|switch|p2a: Corviknight|Corviknight, L80, F|288/288\n|move|p1a: Staraptor|Brave Bird|p2a: Corviknight\n|-resisted|p2a: Corviknight\n|-damage|p2a: Corviknight|176/288\n|-damage|p1a: Staraptor|220/263|[from] item: Rocky Helmet|[of] p2a: Corviknight\n|-damage|p1a: Staraptor|183/263|[from] Recoil\n|\n|upkeep\n|turn|22\n|inactive|i'm_new_so_be_cool has 60 seconds left.\n|\n|t:|1781462713\n|switch|p1a: Dudunsparce|Dudunsparce, L83, F|343/343\n|move|p2a: Corviknight|Roost|p2a: Corviknight\n|-heal|p2a: Corviknight|288/288\n|-singleturn|p2a: Corviknight|move: Roost\n|\n|upkeep\n|turn|23\n|\n|t:|1781462721\n|move|p2a: Corviknight|U-turn|p1a: Dudunsparce\n|-damage|p1a: Dudunsparce|298/343\n|inactive|i'm_new_so_be_cool has 60 seconds left.\n|\n|t:|1781462739\n|switch|p2a: Dachsbun|Dachsbun, L92, F|132/254 brn|[from] U-turn\n|move|p1a: Dudunsparce|Headbutt|p2a: Dachsbun\n|-damage|p2a: Dachsbun|75/254 brn\n|\n|-heal|p2a: Dachsbun|90/254 brn|[from] item: Leftovers\n|-heal|p1a: Dudunsparce|319/343|[from] item: Leftovers\n|-damage|p2a: Dachsbun|75/254 brn|[from] brn\n|upkeep\n|turn|24\n|inactive|i'm_new_so_be_cool has 60 seconds left.\n|\n|t:|1781462770\n|move|p2a: Dachsbun|Wish|p2a: Dachsbun\n|move|p1a: Dudunsparce|Headbutt|p2a: Dachsbun\n|-damage|p2a: Dachsbun|17/254 brn\n|\n|-heal|p2a: Dachsbun|32/254 brn|[from] item: Leftovers\n|-heal|p1a: Dudunsparce|340/343|[from] item: Leftovers\n|-damage|p2a: Dachsbun|17/254 brn|[from] brn\n|upkeep\n|turn|25\n|\n|t:|1781462774\n|switch|p1a: Decidueye|Decidueye, L88, F|281/281\n|move|p2a: Dachsbun|Protect||[still]\n|-fail|p2a: Dachsbun\n|\n|-heal|p2a: Dachsbun|144/254 brn|[from] move: Wish|[wisher] Dachsbun\n|-heal|p2a: Dachsbun|159/254 brn|[from] item: Leftovers\n|-damage|p2a: Dachsbun|144/254 brn|[from] brn\n|upkeep\n|turn|26\n|\n|t:|1781462781\n|move|p2a: Dachsbun|Wish|p2a: Dachsbun\n|move|p1a: Decidueye|Swords Dance|p1a: Decidueye\n|-boost|p1a: Decidueye|atk|2\n|\n|-heal|p2a: Dachsbun|159/254 brn|[from] item: Leftovers\n|-damage|p2a: Dachsbun|144/254 brn|[from] brn\n|upkeep\n|turn|27\n|inactive|i'm_new_so_be_cool has 60 seconds left.\n|inactive|i'm_new_so_be_cool has 30 seconds left.\n|inactive|i'm_new_so_be_cool has 20 seconds left.\n|inactive|i'm_new_so_be_cool has 15 seconds left.\n|inactive|i'm_new_so_be_cool has 10 seconds left.\n|inactive|i'm_new_so_be_cool has 5 seconds left.\n|\n|t:|1781462842\n|move|p2a: Dachsbun|Play Rough|p1a: Decidueye|[miss]\n|-miss|p2a: Dachsbun|p1a: Decidueye\n|move|p1a: Decidueye|Swords Dance|p1a: Decidueye\n|-boost|p1a: Decidueye|atk|2\n|\n|-heal|p2a: Dachsbun|254/254 brn|[from] move: Wish|[wisher] Dachsbun\n|-damage|p2a: Dachsbun|239/254 brn|[from] brn\n|upkeep\n|turn|28\n|inactive|i'm_new_so_be_cool has 15 seconds left this turn.\n|inactive|i'm_new_so_be_cool has 10 seconds left.\n|inactive|i'm_new_so_be_cool has 5 seconds left.\n|\n|t:|1781462852\n|move|p2a: Dachsbun|Play Rough|p1a: Decidueye\n|-damage|p1a: Decidueye|231/281\n|move|p1a: Decidueye|Poltergeist|p2a: Dachsbun\n|-activate|p2a: Dachsbun|move: Poltergeist|Leftovers\n|-damage|p2a: Dachsbun|0 fnt\n|faint|p2a: Dachsbun\n|-damage|p1a: Decidueye|203/281|[from] item: Life Orb\n|\n|upkeep\n|inactive|i'm_new_so_be_cool has 10 seconds left this turn.\n|\n|t:|1781462855\n|switch|p2a: Corviknight|Corviknight, L80, F|288/288\n|turn|29\n|inactive|i'm_new_so_be_cool has 20 seconds left this turn.\n|\n|t:|1781462873\n|move|p1a: Decidueye|Shadow Sneak|p2a: Corviknight\n|-damage|p2a: Corviknight|101/288\n|-damage|p1a: Decidueye|157/281|[from] item: Rocky Helmet|[of] p2a: Corviknight\n|-damage|p1a: Decidueye|129/281|[from] item: Life Orb\n|move|p2a: Corviknight|Brave Bird|p1a: Decidueye\n|-supereffective|p1a: Decidueye\n|-damage|p1a: Decidueye|0 fnt\n|faint|p1a: Decidueye\n|-damage|p2a: Corviknight|58/288|[from] Recoil\n|\n|upkeep\n|\n|t:|1781462878\n|switch|p1a: Staraptor|Staraptor, L79, F|183/263\n|turn|30\n|inactive|i'm_new_so_be_cool has 30 seconds left.\n|\n|t:|1781462905\n|move|p1a: Staraptor|Brave Bird|p2a: Corviknight\n|-resisted|p2a: Corviknight\n|-damage|p2a: Corviknight|0 fnt\n|-damage|p1a: Staraptor|140/263|[from] item: Rocky Helmet|[of] p2a: Corviknight\n|faint|p2a: Corviknight\n|-damage|p1a: Staraptor|121/263|[from] Recoil\n|\n|win|moenke\n", "inputlog": ">version a8376a258c1d4662feba110a92103f3664a72141\n>start {\"formatid\":\"gen9randombattle\",\"seed\":\"sodium,2fbd40ffdafec6f33c77b4385711e4c1\",\"rated\":\"Rated battle\"}\n>player p1 {\"name\":\"moenke\",\"avatar\":\"169\",\"rating\":2115,\"seed\":\"sodium,831eb88d5c043ef909fc96643fef5aa2\"}\n>player p2 {\"name\":\"i'm_new_so_be_cool\",\"avatar\":\"miku-ice\",\"rating\":2111,\"seed\":\"sodium,5b57406ecb7ea0cc0d82190a9e7fe295\"}\n>p1 move dragondance\n>p2 switch 4\n>p1 move dragondance\n>p2 move knockoff\n>p1 move dragondance\n>p2 move swordsdance\n>p1 move liquidation\n>p2 move doubleedge\n>p1 switch 3\n>p1 move closecombat\n>p2 switch 6\n>p1 switch 6\n>p2 move wish\n>p1 move quiverdance\n>p2 switch 4\n>p1 move terablast terastallize\n>p2 move powergem\n>p2 switch 6\n>p1 move fireblast\n>p2 move doubleedge\n>p2 switch 3\n>p1 move fireblast\n>p2 move knockoff terastallize\n>p1 move quiverdance\n>p2 move knockoff\n>p1 move gigadrain\n>p2 move knockoff\n>p2 switch 4\n>p1 move gigadrain\n>p2 move playrough\n>p1 switch 4\n>p1 move swordsdance\n>p2 switch 2\n>p1 move shadowsneak\n>p2 move substitute\n>p1 move shadowsneak\n>p2 move scald\n>p1 move shadowsneak\n>p2 move protect\n>p1 move shadowsneak\n>p2 move scald\n>p1 move shadowsneak\n>p2 move scald\n>p1 switch 6\n>p2 switch 2\n>p1 move bravebird\n>p2 move protect\n>p1 move bravebird\n>p2 switch 5\n>p1 switch 5\n>p2 move roost\n>p1 move headbutt\n>p2 move uturn\n>p2 switch 5\n>p1 move headbutt\n>p2 move wish\n>p1 switch 2\n>p2 move protect\n>p1 move swordsdance\n>p2 move wish\n>p1 move swordsdance\n>p2 move playrough\n>p1 move poltergeist\n>p2 move playrough\n>p2 switch 5\n>p1 move shadowsneak\n>p2 move bravebird\n>p1 switch 5\n>p1 move bravebird\n>p2 move roost", "uploadtime": 1781462256, "views": 6, "formatid": "gen9randombattle", "rating": null, "private": 0, "password": null}