{"id": "gen9randombattle-2631864670", "format": "[Gen 9] Random Battle", "players": ["imover923", "moritzvb"], "log": "|j|\u2606imover923\n|j|\u2606moritzvb\n|t:|1781449653\n|gametype|singles\n|player|p1|imover923|266|1994\n|player|p2|moritzvb|roark|2066\n|gen|9\n|tier|[Gen 9] Random Battle\n|rated|\n|rule|Species Clause: Limit one of each Pok\u00e9mon\n|rule|HP Percentage Mod: HP is shown in percentages\n|rule|Sleep Clause Mod: Limit one foe put to sleep\n|rule|Illusion Level Mod: Illusion disguises the Pok\u00e9mon's true level\n|\n|t:|1781449653\n|teamsize|p1|6\n|teamsize|p2|6\n|start\n|switch|p1a: Squawkabilly|Squawkabilly-White, L89, M|291/291\n|switch|p2a: Slowbro|Slowbro, L85, M|300/300\n|turn|1\n|\n|t:|1781449672\n|switch|p2a: Skarmory|Skarmory, L80, F|235/235\n|move|p1a: Squawkabilly|Parting Shot|p2a: Skarmory\n|-unboost|p2a: Skarmory|atk|1\n|-unboost|p2a: Skarmory|spa|1\n|\n|t:|1781449678\n|switch|p1a: Porygon-Z|Porygon-Z, L83|277/277|[from] Parting Shot\n|-ability|p1a: Porygon-Z|Download|boost\n|-boost|p1a: Porygon-Z|spa|1\n|\n|upkeep\n|turn|2\n|\n|t:|1781449691\n|switch|p2a: Illumise|Illumise, L91, F|266/266\n|move|p1a: Porygon-Z|Thunderbolt|p2a: Illumise\n|-damage|p2a: Illumise|142/266\n|-status|p2a: Illumise|par\n|\n|upkeep\n|turn|3\n|\n|t:|1781449698\n|switch|p1a: Mudsdale|Mudsdale, L83, M|302/302\n|move|p2a: Illumise|Thunder Wave|p1a: Mudsdale\n|-immune|p1a: Mudsdale\n|\n|upkeep\n|turn|4\n|\n|t:|1781449704\n|switch|p2a: Slowbro|Slowbro, L85, M|300/300\n|move|p1a: Mudsdale|Stealth Rock|p2a: Slowbro\n|-sidestart|p2: moritzvb|move: Stealth Rock\n|\n|upkeep\n|turn|5\n|\n|t:|1781449714\n|switch|p1a: Porygon-Z|Porygon-Z, L83|277/277\n|-ability|p1a: Porygon-Z|Download|boost\n|-boost|p1a: Porygon-Z|spa|1\n|move|p2a: Slowbro|Scald|p1a: Porygon-Z\n|-damage|p1a: Porygon-Z|166/277\n|\n|upkeep\n|turn|6\n|\n|t:|1781449723\n|switch|p2a: Zarude|Zarude, L77|288/288\n|-damage|p2a: Zarude|252/288|[from] Stealth Rock\n|move|p1a: Porygon-Z|Tri Attack|p2a: Zarude\n|-damage|p2a: Zarude|78/288\n|\n|-heal|p2a: Zarude|96/288|[from] item: Leftovers\n|upkeep\n|turn|7\n|\n|t:|1781449731\n|move|p1a: Porygon-Z|Tri Attack|p2a: Zarude\n|-damage|p2a: Zarude|0 fnt\n|faint|p2a: Zarude\n|\n|upkeep\n|\n|t:|1781449736\n|switch|p2a: Gengar|Gengar, L81, F|230/230\n|-damage|p2a: Gengar|202/230|[from] Stealth Rock\n|turn|8\n|\n|t:|1781449762\n|switch|p1a: Flamigo|Flamigo, L82, F|269/269\n|move|p2a: Gengar|Nasty Plot|p2a: Gengar\n|-boost|p2a: Gengar|spa|2\n|\n|upkeep\n|turn|9\n|\n|t:|1781449770\n|move|p1a: Flamigo|Brave Bird|p2a: Gengar\n|-damage|p2a: Gengar|31/230\n|-damage|p1a: Flamigo|213/269|[from] Recoil\n|move|p2a: Gengar|Sludge Wave|p1a: Flamigo\n|-damage|p1a: Flamigo|0 fnt\n|faint|p1a: Flamigo\n|-damage|p2a: Gengar|8/230|[from] item: Life Orb\n|\n|upkeep\n|\n|t:|1781449786\n|switch|p1a: Houndstone|Houndstone, L86, F|264/264\n|turn|10\n|\n|t:|1781449789\n|move|p1a: Houndstone|Shadow Sneak|p2a: Gengar\n|-supereffective|p2a: Gengar\n|-damage|p2a: Gengar|0 fnt\n|faint|p2a: Gengar\n|\n|upkeep\n|\n|t:|1781449797\n|switch|p2a: Girafarig|Girafarig, L89, M|269/269\n|-damage|p2a: Girafarig|236/269|[from] Stealth Rock\n|turn|11\n|\n|t:|1781449839\n|switch|p1a: Mudsdale|Mudsdale, L83, M|302/302\n|move|p2a: Girafarig|Nasty Plot|p2a: Girafarig\n|-boost|p2a: Girafarig|spa|2\n|\n|upkeep\n|turn|12\n|\n|t:|1781449849\n|move|p2a: Girafarig|Hyper Voice|p1a: Mudsdale\n|-damage|p1a: Mudsdale|100/302\n|-ability|p1a: Mudsdale|Stamina|boost\n|-boost|p1a: Mudsdale|def|1\n|move|p1a: Mudsdale|Earthquake|p2a: Girafarig\n|-damage|p2a: Girafarig|142/269\n|\n|-heal|p1a: Mudsdale|118/302|[from] item: Leftovers\n|upkeep\n|turn|13\n|\n|t:|1781449857\n|move|p2a: Girafarig|Hyper Voice|p1a: Mudsdale\n|-damage|p1a: Mudsdale|0 fnt\n|faint|p1a: Mudsdale\n|\n|upkeep\n|\n|t:|1781449869\n|switch|p1a: Squawkabilly|Squawkabilly-White, L89, M|291/291\n|turn|14\n|\n|t:|1781449882\n|switch|p2a: Skarmory|Skarmory, L80, F|235/235\n|-damage|p2a: Skarmory|206/235|[from] Stealth Rock\n|move|p1a: Squawkabilly|Brave Bird|p2a: Skarmory\n|-resisted|p2a: Skarmory\n|-damage|p2a: Skarmory|134/235\n|-damage|p1a: Squawkabilly|267/291|[from] Recoil\n|\n|-heal|p2a: Skarmory|148/235|[from] item: Leftovers\n|upkeep\n|turn|15\n|\n|t:|1781449893\n|move|p1a: Squawkabilly|Parting Shot|p2a: Skarmory\n|-unboost|p2a: Skarmory|atk|1\n|-unboost|p2a: Skarmory|spa|1\n|\n|t:|1781449898\n|switch|p1a: Porygon-Z|Porygon-Z, L83|166/277|[from] Parting Shot\n|-ability|p1a: Porygon-Z|Download|boost\n|-boost|p1a: Porygon-Z|spa|1\n|move|p2a: Skarmory|Body Press|p1a: Porygon-Z\n|-supereffective|p1a: Porygon-Z\n|-damage|p1a: Porygon-Z|0 fnt\n|faint|p1a: Porygon-Z\n|\n|-heal|p2a: Skarmory|162/235|[from] item: Leftovers\n|upkeep\n|\n|t:|1781449903\n|switch|p1a: Houndstone|Houndstone, L86, F|264/264\n|turn|16\n|\n|t:|1781449907\n|switch|p2a: Illumise|Illumise, L91, F|142/266 par\n|move|p1a: Houndstone|Will-O-Wisp||[still]\n|-fail|p1a: Houndstone\n|\n|upkeep\n|turn|17\n|\n|t:|1781449913\n|switch|p1a: Squawkabilly|Squawkabilly-White, L89, M|267/291\n|cant|p2a: Illumise|par\n|\n|upkeep\n|turn|18\n|\n|t:|1781449924\n|cant|p2a: Illumise|par\n|move|p1a: Squawkabilly|Brave Bird|p2a: Illumise\n|-supereffective|p2a: Illumise\n|-damage|p2a: Illumise|0 fnt\n|faint|p2a: Illumise\n|-damage|p1a: Squawkabilly|220/291|[from] Recoil\n|\n|upkeep\n|\n|t:|1781449932\n|switch|p2a: Skarmory|Skarmory, L80, F|162/235\n|-damage|p2a: Skarmory|133/235|[from] Stealth Rock\n|turn|19\n|\n|t:|1781449936\n|move|p1a: Squawkabilly|Parting Shot|p2a: Skarmory\n|-unboost|p2a: Skarmory|atk|1\n|-unboost|p2a: Skarmory|spa|1\n|\n|t:|1781449938\n|switch|p1a: Houndstone|Houndstone, L86, F|264/264|[from] Parting Shot\n|move|p2a: Skarmory|Roost|p2a: Skarmory\n|-heal|p2a: Skarmory|235/235\n|-singleturn|p2a: Skarmory|move: Roost\n|\n|upkeep\n|turn|20\n|\n|t:|1781449947\n|switch|p2a: Slowbro|Slowbro, L85, M|300/300\n|-damage|p2a: Slowbro|263/300|[from] Stealth Rock\n|move|p1a: Houndstone|Will-O-Wisp|p2a: Slowbro|[miss]\n|-miss|p1a: Houndstone|p2a: Slowbro\n|\n|-heal|p2a: Slowbro|281/300|[from] item: Leftovers\n|upkeep\n|turn|21\n|\n|t:|1781449952\n|move|p1a: Houndstone|Poltergeist|p2a: Slowbro\n|-activate|p2a: Slowbro|move: Poltergeist|Leftovers\n|-supereffective|p2a: Slowbro\n|-damage|p2a: Slowbro|89/300\n|move|p2a: Slowbro|Scald|p1a: Houndstone\n|-damage|p1a: Houndstone|185/264\n|\n|-heal|p1a: Houndstone|201/264|[from] item: Leftovers\n|-heal|p2a: Slowbro|107/300|[from] item: Leftovers\n|upkeep\n|turn|22\n|\n|t:|1781449959\n|switch|p2a: Girafarig|Girafarig, L89, M|142/269\n|-damage|p2a: Girafarig|109/269|[from] Stealth Rock\n|move|p1a: Houndstone|Will-O-Wisp|p2a: Girafarig\n|-status|p2a: Girafarig|brn\n|\n|-heal|p1a: Houndstone|217/264|[from] item: Leftovers\n|-damage|p2a: Girafarig|93/269 brn|[from] brn\n|upkeep\n|turn|23\n|\n|t:|1781449978\n|move|p2a: Girafarig|Psyshock|p1a: Houndstone\n|-damage|p1a: Houndstone|135/264\n|move|p1a: Houndstone|Body Press|p2a: Girafarig\n|-damage|p2a: Girafarig|48/269 brn\n|\n|-heal|p1a: Houndstone|151/264|[from] item: Leftovers\n|-damage|p2a: Girafarig|32/269 brn|[from] brn\n|upkeep\n|turn|24\n|\n|t:|1781449982\n|move|p2a: Girafarig|Psyshock|p1a: Houndstone\n|-damage|p1a: Houndstone|76/264\n|move|p1a: Houndstone|Body Press|p2a: Girafarig\n|-damage|p2a: Girafarig|0 fnt\n|faint|p2a: Girafarig\n|\n|-heal|p1a: Houndstone|92/264|[from] item: Leftovers\n|upkeep\n|\n|t:|1781449987\n|switch|p2a: Slowbro|Slowbro, L85, M|207/300\n|-damage|p2a: Slowbro|170/300|[from] Stealth Rock\n|turn|25\n|\n|t:|1781449994\n|move|p1a: Houndstone|Poltergeist|p2a: Slowbro\n|-activate|p2a: Slowbro|move: Poltergeist|Leftovers\n|-supereffective|p2a: Slowbro\n|-damage|p2a: Slowbro|0 fnt\n|faint|p2a: Slowbro\n|\n|-heal|p1a: Houndstone|108/264|[from] item: Leftovers\n|upkeep\n|\n|t:|1781449999\n|switch|p2a: Skarmory|Skarmory, L80, F|235/235\n|-damage|p2a: Skarmory|206/235|[from] Stealth Rock\n|turn|26\n|\n|t:|1781450002\n|move|p1a: Houndstone|Will-O-Wisp|p2a: Skarmory|[miss]\n|-miss|p1a: Houndstone|p2a: Skarmory\n|move|p2a: Skarmory|Brave Bird|p1a: Houndstone\n|-damage|p1a: Houndstone|60/264\n|-damage|p2a: Skarmory|190/235|[from] Recoil\n|\n|-heal|p1a: Houndstone|76/264|[from] item: Leftovers\n|-heal|p2a: Skarmory|204/235|[from] item: Leftovers\n|upkeep\n|turn|27\n|\n|t:|1781450005\n|move|p1a: Houndstone|Will-O-Wisp|p2a: Skarmory\n|-status|p2a: Skarmory|brn\n|move|p2a: Skarmory|Brave Bird|p1a: Houndstone\n|-damage|p1a: Houndstone|53/264\n|-damage|p2a: Skarmory|196/235 brn|[from] Recoil\n|\n|-heal|p1a: Houndstone|69/264|[from] item: Leftovers\n|-heal|p2a: Skarmory|210/235 brn|[from] item: Leftovers\n|-damage|p2a: Skarmory|196/235 brn|[from] brn\n|upkeep\n|turn|28\n|-message|moritzvb forfeited.\n|\n|win|imover923\n", "inputlog": ">version a8376a258c1d4662feba110a92103f3664a72141\n>start {\"formatid\":\"gen9randombattle\",\"seed\":\"sodium,28fda86fa322d32d8ebc2cae9e289d4d\",\"rated\":\"Rated battle\"}\n>player p1 {\"name\":\"imover923\",\"avatar\":\"266\",\"rating\":1994,\"seed\":\"sodium,2e803832776f6b4d4131c05688cad055\"}\n>player p2 {\"name\":\"moritzvb\",\"avatar\":\"roark\",\"rating\":2066,\"seed\":\"sodium,485022130f680094077e79eb9d7a6e77\"}\n>p1 move partingshot\n>p2 switch 4\n>p1 switch 2\n>p1 move thunderbolt\n>p2 switch 3\n>p1 switch 4\n>p2 move thunderwave\n>p1 move stealthrock\n>p2 switch 4\n>p1 switch 4\n>p2 move scald\n>p1 move triattack\n>p2 switch 5\n>p1 move triattack\n>p2 move powerwhip\n>p2 switch 6\n>p1 switch 6\n>p2 move nastyplot\n>p1 move bravebird\n>p2 move sludgewave\n>p1 switch 3\n>p1 move shadowsneak\n>p2 move shadowball\n>p2 switch 2\n>p1 switch 4\n>p2 move nastyplot\n>p1 move earthquake\n>p2 move hypervoice\n>p1 move stoneedge\n>p2 move hypervoice\n>p1 switch 2\n>p1 move bravebird\n>p2 switch 3\n>p1 move partingshot\n>p2 move bodypress\n>p1 switch 6\n>p1 switch 4\n>p1 move willowisp\n>p2 switch 4\n>p1 switch 6\n>p2 move thunderwave\n>p1 move bravebird\n>p2 move thunderwave\n>p2 switch 4\n>p1 move partingshot\n>p2 move roost\n>p1 switch 6\n>p1 move willowisp\n>p2 switch 5\n>p1 move poltergeist\n>p2 move scald\n>p1 move willowisp\n>p2 switch 3\n>p1 move bodypress\n>p2 move psyshock\n>p1 move bodypress\n>p2 move psyshock\n>p2 switch 3\n>p1 move poltergeist\n>p2 move scald\n>p2 switch 5\n>p1 move willowisp\n>p2 move bravebird\n>p1 move willowisp\n>p2 move bravebird\n>forcelose p2", "uploadtime": 1781449655, "views": 5, "formatid": "gen9randombattle", "rating": null, "private": 0, "password": null}