{"id": "gen9randombattle-2631917367", "format": "[Gen 9] Random Battle", "players": ["shifty1234", "Crowbuddy"], "log": "|j|\u2606shifty1234\n|j|\u2606Crowbuddy\n|t:|1781455414\n|gametype|singles\n|player|p1|shifty1234|n|1928\n|player|p2|Crowbuddy|giovanni|1952\n|gen|9\n|tier|[Gen 9] Random Battle\n|rated|\n|rule|Species Clause: Limit one of each Pok\u00e9mon\n|rule|HP Percentage Mod: HP is shown in percentages\n|rule|Sleep Clause Mod: Limit one foe put to sleep\n|rule|Illusion Level Mod: Illusion disguises the Pok\u00e9mon's true level\n|\n|t:|1781455414\n|teamsize|p1|6\n|teamsize|p2|6\n|start\n|switch|p1a: Palossand|Palossand, L89, M|296/296\n|switch|p2a: Eternatus|Eternatus, L69|308/308\n|-ability|p2a: Eternatus|Pressure\n|turn|1\n|inactive|Battle timer is ON: inactive players will automatically lose when time's up. (requested by Crowbuddy)\n|inactive|Crowbuddy has 120 seconds left.\n|\n|t:|1781455462\n|switch|p2a: Espeon|Espeon, L84, M|246/246\n|move|p1a: Palossand|Stealth Rock|p2a: Espeon\n|move|p2a: Espeon|Stealth Rock|p1a: Palossand|[from] ability: Magic Bounce\n|-sidestart|p1: shifty1234|move: Stealth Rock\n|\n|upkeep\n|turn|2\n|\n|t:|1781455470\n|move|p2a: Espeon|Calm Mind|p2a: Espeon\n|-boost|p2a: Espeon|spa|1\n|-boost|p2a: Espeon|spd|1\n|move|p1a: Palossand|Shadow Ball|p2a: Espeon\n|-supereffective|p2a: Espeon\n|-damage|p2a: Espeon|114/246\n|\n|upkeep\n|turn|3\n|\n|t:|1781455478\n|move|p2a: Espeon|Shadow Ball|p1a: Palossand\n|-supereffective|p1a: Palossand\n|-damage|p1a: Palossand|7/296\n|-damage|p2a: Espeon|90/246|[from] item: Life Orb\n|move|p1a: Palossand|Shadow Ball|p2a: Espeon\n|-supereffective|p2a: Espeon\n|-damage|p2a: Espeon|0 fnt\n|faint|p2a: Espeon\n|\n|-heal|p1a: Palossand|25/296|[from] item: Leftovers\n|upkeep\n|\n|t:|1781455484\n|switch|p2a: Flareon|Flareon, L90, M|263/263\n|turn|4\n|\n|t:|1781455491\n|move|p2a: Flareon|Trailblaze|p1a: Palossand\n|-supereffective|p1a: Palossand\n|-damage|p1a: Palossand|0 fnt\n|-boost|p2a: Flareon|spe|1\n|faint|p1a: Palossand\n|\n|-status|p2a: Flareon|tox|[from] item: Toxic Orb\n|upkeep\n|\n|t:|1781455508\n|switch|p1a: Porygon2|Porygon2, L81|270/270\n|-damage|p1a: Porygon2|237/270|[from] Stealth Rock\n|-ability|p1a: Porygon2|Download|boost\n|-boost|p1a: Porygon2|atk|1\n|turn|5\n|\n|t:|1781455522\n|move|p2a: Flareon|Flare Blitz|p1a: Porygon2\n|-damage|p1a: Porygon2|39/270\n|-damage|p2a: Flareon|198/263 tox|[from] Recoil\n|move|p1a: Porygon2|Recover|p1a: Porygon2\n|-heal|p1a: Porygon2|174/270\n|\n|-damage|p2a: Flareon|182/263 tox|[from] psn\n|upkeep\n|turn|6\n|\n|t:|1781455527\n|move|p2a: Flareon|Flare Blitz|p1a: Porygon2\n|-damage|p1a: Porygon2|0 fnt\n|faint|p1a: Porygon2\n|-damage|p2a: Flareon|125/263 tox|[from] Recoil\n|\n|-damage|p2a: Flareon|93/263 tox|[from] psn\n|upkeep\n|\n|t:|1781455533\n|switch|p1a: Scream Tail|Scream Tail, L84|330/330\n|-damage|p1a: Scream Tail|289/330|[from] Stealth Rock\n|turn|7\n|\n|t:|1781455541\n|move|p2a: Flareon|Flare Blitz|p1a: Scream Tail\n|-damage|p1a: Scream Tail|15/330\n|-damage|p2a: Flareon|3/263 tox|[from] Recoil\n|move|p1a: Scream Tail|Wish|p1a: Scream Tail\n|\n|-heal|p1a: Scream Tail|35/330|[from] item: Leftovers\n|-damage|p2a: Flareon|0 fnt|[from] psn\n|faint|p2a: Flareon\n|upkeep\n|\n|t:|1781455552\n|switch|p2a: Sandy Shocks|Sandy Shocks, L80|267/267\n|turn|8\n|\n|t:|1781455558\n|move|p1a: Scream Tail|Protect|p1a: Scream Tail\n|-singleturn|p1a: Scream Tail|Protect\n|move|p2a: Sandy Shocks|Thunderbolt|p1a: Scream Tail\n|-activate|p1a: Scream Tail|move: Protect\n|\n|-heal|p1a: Scream Tail|200/330|[from] move: Wish|[wisher] Scream Tail\n|-heal|p1a: Scream Tail|220/330|[from] item: Leftovers\n|upkeep\n|turn|9\n|\n|t:|1781455564\n|move|p1a: Scream Tail|Wish|p1a: Scream Tail\n|move|p2a: Sandy Shocks|Thunder Wave|p1a: Scream Tail\n|-status|p1a: Scream Tail|par\n|\n|-heal|p1a: Scream Tail|240/330 par|[from] item: Leftovers\n|upkeep\n|turn|10\n|\n|t:|1781455574\n|-end|p1a: Scream Tail|Protosynthesis|[silent]\n|switch|p1a: Sceptile|Sceptile, L87, M|264/264\n|-damage|p1a: Sceptile|231/264|[from] Stealth Rock\n|move|p2a: Sandy Shocks|Thunderbolt|p1a: Sceptile\n|-resisted|p1a: Sceptile\n|-damage|p1a: Sceptile|182/264\n|\n|-heal|p1a: Sceptile|264/264|[from] move: Wish|[wisher] Scream Tail\n|upkeep\n|turn|11\n|\n|t:|1781455578\n|move|p1a: Sceptile|Swords Dance|p1a: Sceptile\n|-boost|p1a: Sceptile|atk|2\n|move|p2a: Sandy Shocks|Thunder Wave|p1a: Sceptile\n|-status|p1a: Sceptile|par\n|\n|upkeep\n|turn|12\n|\n|t:|1781455585\n|move|p2a: Sandy Shocks|Volt Switch|p1a: Sceptile\n|-resisted|p1a: Sceptile\n|-damage|p1a: Sceptile|221/264 par\n|\n|t:|1781455587\n|-end|p2a: Sandy Shocks|Protosynthesis|[silent]\n|switch|p2a: Eternatus|Eternatus, L69|308/308|[from] Volt Switch\n|-ability|p2a: Eternatus|Pressure\n|move|p1a: Sceptile|Earthquake|p2a: Eternatus\n|-supereffective|p2a: Eternatus\n|-damage|p2a: Eternatus|0 fnt\n|faint|p2a: Eternatus\n|-damage|p1a: Sceptile|195/264 par|[from] item: Life Orb\n|\n|upkeep\n|\n|t:|1781455590\n|switch|p2a: Cresselia|Cresselia, L80, F|323/323\n|turn|13\n|\n|t:|1781455597\n|move|p2a: Cresselia|Calm Mind|p2a: Cresselia\n|-boost|p2a: Cresselia|spa|1\n|-boost|p2a: Cresselia|spd|1\n|move|p1a: Sceptile|Leaf Blade|p2a: Cresselia\n|-damage|p2a: Cresselia|103/323\n|-damage|p1a: Sceptile|169/264 par|[from] item: Life Orb\n|\n|-heal|p2a: Cresselia|123/323|[from] item: Leftovers\n|upkeep\n|turn|14\n|\n|t:|1781455615\n|move|p2a: Cresselia|Moonlight|p2a: Cresselia\n|-heal|p2a: Cresselia|284/323\n|move|p1a: Sceptile|Leaf Blade|p2a: Cresselia\n|-damage|p2a: Cresselia|66/323\n|-damage|p1a: Sceptile|143/264 par|[from] item: Life Orb\n|\n|-heal|p2a: Cresselia|86/323|[from] item: Leftovers\n|upkeep\n|turn|15\n|\n|t:|1781455618\n|move|p2a: Cresselia|Moonlight|p2a: Cresselia\n|-heal|p2a: Cresselia|247/323\n|cant|p1a: Sceptile|par\n|\n|-heal|p2a: Cresselia|267/323|[from] item: Leftovers\n|upkeep\n|turn|16\n|\n|t:|1781455631\n|move|p2a: Cresselia|Calm Mind|p2a: Cresselia\n|-boost|p2a: Cresselia|spa|1\n|-boost|p2a: Cresselia|spd|1\n|move|p1a: Sceptile|Leaf Blade|p2a: Cresselia\n|-damage|p2a: Cresselia|60/323\n|-damage|p1a: Sceptile|117/264 par|[from] item: Life Orb\n|\n|-heal|p2a: Cresselia|80/323|[from] item: Leftovers\n|upkeep\n|turn|17\n|\n|t:|1781455636\n|move|p2a: Cresselia|Moonlight|p2a: Cresselia\n|-heal|p2a: Cresselia|241/323\n|move|p1a: Sceptile|Leaf Blade|p2a: Cresselia\n|-damage|p2a: Cresselia|14/323\n|-damage|p1a: Sceptile|91/264 par|[from] item: Life Orb\n|\n|-heal|p2a: Cresselia|34/323|[from] item: Leftovers\n|upkeep\n|turn|18\n|\n|t:|1781455642\n|move|p2a: Cresselia|Psyshock|p1a: Sceptile\n|-damage|p1a: Sceptile|0 fnt\n|faint|p1a: Sceptile\n|\n|-heal|p2a: Cresselia|54/323|[from] item: Leftovers\n|upkeep\n|\n|t:|1781455649\n|switch|p1a: Miraidon|Miraidon, L65|238/238\n|-damage|p1a: Miraidon|209/238|[from] Stealth Rock\n|-fieldstart|move: Electric Terrain|[from] ability: Hadron Engine|[of] p1a: Miraidon\n|turn|19\n|\n|t:|1781455659\n|-terastallize|p2a: Cresselia|Fairy\n|move|p1a: Miraidon|Draco Meteor|p2a: Cresselia\n|-immune|p2a: Cresselia\n|move|p2a: Cresselia|Moonlight|p2a: Cresselia\n|-heal|p2a: Cresselia|215/323\n|\n|-heal|p2a: Cresselia|235/323|[from] item: Leftovers\n|upkeep\n|turn|20\n|\n|t:|1781455668\n|switch|p1a: Scream Tail|Scream Tail, L84|240/330 par\n|-damage|p1a: Scream Tail|199/330 par|[from] Stealth Rock\n|move|p2a: Cresselia|Calm Mind|p2a: Cresselia\n|-boost|p2a: Cresselia|spa|1\n|-boost|p2a: Cresselia|spd|1\n|\n|-heal|p2a: Cresselia|255/323|[from] item: Leftovers\n|-heal|p1a: Scream Tail|219/330 par|[from] item: Leftovers\n|upkeep\n|turn|21\n|\n|t:|1781455674\n|move|p2a: Cresselia|Moonblast|p1a: Scream Tail\n|-damage|p1a: Scream Tail|60/330 par\n|-unboost|p1a: Scream Tail|spa|1\n|move|p1a: Scream Tail|Thunder Wave|p2a: Cresselia\n|-status|p2a: Cresselia|par\n|\n|-heal|p1a: Scream Tail|80/330 par|[from] item: Leftovers\n|-heal|p2a: Cresselia|275/323 par|[from] item: Leftovers\n|upkeep\n|turn|22\n|\n|t:|1781455686\n|move|p1a: Scream Tail|Protect|p1a: Scream Tail\n|-singleturn|p1a: Scream Tail|Protect\n|move|p2a: Cresselia|Moonblast|p1a: Scream Tail\n|-activate|p1a: Scream Tail|move: Protect\n|\n|-heal|p1a: Scream Tail|100/330 par|[from] item: Leftovers\n|-heal|p2a: Cresselia|295/323 par|[from] item: Leftovers\n|upkeep\n|turn|23\n|\n|t:|1781455690\n|move|p1a: Scream Tail|Wish|p1a: Scream Tail\n|cant|p2a: Cresselia|par\n|\n|-heal|p1a: Scream Tail|120/330 par|[from] item: Leftovers\n|-heal|p2a: Cresselia|315/323 par|[from] item: Leftovers\n|-fieldend|move: Electric Terrain\n|upkeep\n|turn|24\n|\n|t:|1781455703\n|move|p1a: Scream Tail|Protect|p1a: Scream Tail\n|-singleturn|p1a: Scream Tail|Protect\n|cant|p2a: Cresselia|par\n|\n|-heal|p1a: Scream Tail|285/330 par|[from] move: Wish|[wisher] Scream Tail\n|-heal|p1a: Scream Tail|305/330 par|[from] item: Leftovers\n|-heal|p2a: Cresselia|323/323 par|[from] item: Leftovers\n|upkeep\n|turn|25\n|\n|t:|1781455707\n|move|p1a: Scream Tail|Wish|p1a: Scream Tail\n|move|p2a: Cresselia|Calm Mind|p2a: Cresselia\n|-boost|p2a: Cresselia|spa|1\n|-boost|p2a: Cresselia|spd|1\n|\n|-heal|p1a: Scream Tail|325/330 par|[from] item: Leftovers\n|upkeep\n|turn|26\n|\n|t:|1781455709\n|move|p1a: Scream Tail|Dazzling Gleam|p2a: Cresselia\n|-damage|p2a: Cresselia|311/323 par\n|cant|p2a: Cresselia|par\n|\n|-heal|p1a: Scream Tail|330/330 par|[from] move: Wish|[wisher] Scream Tail\n|-heal|p2a: Cresselia|323/323 par|[from] item: Leftovers\n|upkeep\n|turn|27\n|\n|t:|1781455714\n|move|p1a: Scream Tail|Dazzling Gleam|p2a: Cresselia\n|-damage|p2a: Cresselia|310/323 par\n|move|p2a: Cresselia|Calm Mind|p2a: Cresselia\n|-boost|p2a: Cresselia|spa|1\n|-boost|p2a: Cresselia|spd|1\n|\n|-heal|p2a: Cresselia|323/323 par|[from] item: Leftovers\n|upkeep\n|turn|28\n|\n|t:|1781455717\n|move|p1a: Scream Tail|Dazzling Gleam|p2a: Cresselia\n|-damage|p2a: Cresselia|311/323 par\n|move|p2a: Cresselia|Moonblast|p1a: Scream Tail\n|-damage|p1a: Scream Tail|105/330 par\n|-unboost|p1a: Scream Tail|spa|1\n|\n|-heal|p1a: Scream Tail|125/330 par|[from] item: Leftovers\n|-heal|p2a: Cresselia|323/323 par|[from] item: Leftovers\n|upkeep\n|turn|29\n|\n|t:|1781455729\n|cant|p1a: Scream Tail|par\n|cant|p2a: Cresselia|par\n|\n|-heal|p1a: Scream Tail|145/330 par|[from] item: Leftovers\n|upkeep\n|turn|30\n|\n|t:|1781455737\n|cant|p1a: Scream Tail|par\n|move|p2a: Cresselia|Moonblast|p1a: Scream Tail\n|-damage|p1a: Scream Tail|0 fnt\n|faint|p1a: Scream Tail\n|-end|p1a: Scream Tail|Protosynthesis|[silent]\n|\n|upkeep\n|\n|t:|1781455740\n|switch|p1a: Miraidon|Miraidon, L65|209/238\n|-damage|p1a: Miraidon|180/238|[from] Stealth Rock\n|-fieldstart|move: Electric Terrain|[from] ability: Hadron Engine|[of] p1a: Miraidon\n|turn|31\n|\n|t:|1781455746\n|-terastallize|p1a: Miraidon|Electric\n|move|p1a: Miraidon|Electro Drift|p2a: Cresselia\n|-damage|p2a: Cresselia|253/323 par\n|move|p2a: Cresselia|Moonblast|p1a: Miraidon\n|-damage|p1a: Miraidon|0 fnt\n|faint|p1a: Miraidon\n|\n|-heal|p2a: Cresselia|273/323 par|[from] item: Leftovers\n|upkeep\n|\n|t:|1781455750\n|switch|p1a: Ninetales|Ninetales, L85, M|263/263\n|-weather|SunnyDay|[from] ability: Drought|[of] p1a: Ninetales\n|turn|32\n|\n|t:|1781455763\n|move|p1a: Ninetales|Fire Blast|p2a: Cresselia\n|-damage|p2a: Cresselia|234/323 par\n|move|p2a: Cresselia|Psyshock|p1a: Ninetales\n|-damage|p1a: Ninetales|20/263\n|\n|-weather|SunnyDay|[upkeep]\n|-heal|p2a: Cresselia|254/323 par|[from] item: Leftovers\n|upkeep\n|turn|33\n|\n|t:|1781455767\n|move|p1a: Ninetales|Fire Blast|p2a: Cresselia\n|-damage|p2a: Cresselia|215/323 par\n|cant|p2a: Cresselia|par\n|\n|-weather|SunnyDay|[upkeep]\n|-heal|p2a: Cresselia|235/323 par|[from] item: Leftovers\n|upkeep\n|turn|34\n|\n|t:|1781455775\n|move|p1a: Ninetales|Fire Blast|p2a: Cresselia\n|-damage|p2a: Cresselia|196/323 par\n|cant|p2a: Cresselia|par\n|\n|-weather|SunnyDay|[upkeep]\n|-heal|p2a: Cresselia|216/323 par|[from] item: Leftovers\n|upkeep\n|turn|35\n|\n|t:|1781455779\n|move|p1a: Ninetales|Fire Blast|p2a: Cresselia\n|-damage|p2a: Cresselia|177/323 par\n|move|p2a: Cresselia|Psyshock|p1a: Ninetales\n|-damage|p1a: Ninetales|0 fnt\n|faint|p1a: Ninetales\n|\n|win|Crowbuddy\n", "uploadtime": 1781455415, "views": 4, "formatid": "gen9randombattle", "rating": null, "private": 0, "password": null}