{"id": "gen9randombattle-2631639426", "format": "[Gen 9] Random Battle", "players": ["gen3333333", "MakotoV7"], "log": "|j|\u2606gen3333333\n|j|\u2606MakotoV7\n|t:|1781413070\n|gametype|singles\n|player|p1|gen3333333|265|1996\n|player|p2|MakotoV7|steven|2141\n|gen|9\n|tier|[Gen 9] Random Battle\n|rated|\n|rule|Species Clause: Limit one of each Pok\u00e9mon\n|rule|HP Percentage Mod: HP is shown in percentages\n|rule|Sleep Clause Mod: Limit one foe put to sleep\n|rule|Illusion Level Mod: Illusion disguises the Pok\u00e9mon's true level\n|\n|t:|1781413070\n|teamsize|p1|6\n|teamsize|p2|6\n|start\n|switch|p1a: Pyroar|Pyroar, L88, F|295/295\n|switch|p2a: Fezandipiti|Fezandipiti, L82, M|278/278\n|-ability|p1a: Pyroar|Unnerve\n|turn|1\n|inactive|Battle timer is ON: inactive players will automatically lose when time's up. (requested by MakotoV7)\n|\n|t:|1781413098\n|switch|p1a: Sudowoodo|Sudowoodo, L94, M|284/284\n|switch|p2a: Chansey|Chansey, L85, F|564/564\n|\n|upkeep\n|turn|2\n|\n|t:|1781413104\n|switch|p2a: Dialga|Dialga, L73|266/266\n|-ability|p2a: Dialga|Pressure\n|move|p1a: Sudowoodo|Stealth Rock|p2a: Dialga\n|-sidestart|p2: MakotoV7|move: Stealth Rock\n|\n|upkeep\n|turn|3\n|\n|t:|1781413111\n|switch|p1a: Pyroar|Pyroar, L88, F|295/295\n|-ability|p1a: Pyroar|Unnerve\n|move|p2a: Dialga|Stealth Rock|p1a: Pyroar\n|-sidestart|p1: gen3333333|move: Stealth Rock\n|\n|upkeep\n|turn|4\n|\n|t:|1781413119\n|move|p1a: Pyroar|Work Up|p1a: Pyroar\n|-boost|p1a: Pyroar|atk|1\n|-boost|p1a: Pyroar|spa|1\n|move|p2a: Dialga|Thunder Wave|p1a: Pyroar\n|-status|p1a: Pyroar|par\n|\n|upkeep\n|turn|5\n|\n|t:|1781413123\n|switch|p2a: Chansey|Chansey, L85, F|564/564\n|-damage|p2a: Chansey|494/564|[from] Stealth Rock\n|move|p1a: Pyroar|Fire Blast|p2a: Chansey\n|-damage|p2a: Chansey|365/564\n|\n|upkeep\n|turn|6\n|\n|t:|1781413133\n|switch|p1a: Sudowoodo|Sudowoodo, L94, M|284/284\n|-damage|p1a: Sudowoodo|249/284|[from] Stealth Rock\n|move|p2a: Chansey|Seismic Toss|p1a: Sudowoodo\n|-damage|p1a: Sudowoodo|164/284\n|\n|-heal|p1a: Sudowoodo|181/284|[from] item: Leftovers\n|upkeep\n|turn|7\n|\n|t:|1781413138\n|switch|p2a: Dialga|Dialga, L73|266/266\n|-damage|p2a: Dialga|250/266|[from] Stealth Rock\n|-ability|p2a: Dialga|Pressure\n|move|p1a: Sudowoodo|Head Smash|p2a: Dialga\n|-resisted|p2a: Dialga\n|-damage|p2a: Dialga|164/266\n|\n|-heal|p2a: Dialga|180/266|[from] item: Leftovers\n|-heal|p1a: Sudowoodo|198/284|[from] item: Leftovers\n|upkeep\n|turn|8\n|\n|t:|1781413149\n|switch|p1a: Pyroar|Pyroar, L88, F|295/295 par\n|-ability|p1a: Pyroar|Unnerve\n|move|p2a: Dialga|Heavy Slam|p1a: Pyroar\n|-resisted|p1a: Pyroar\n|-damage|p1a: Pyroar|230/295 par\n|\n|-heal|p2a: Dialga|196/266|[from] item: Leftovers\n|upkeep\n|turn|9\n|\n|t:|1781413153\n|move|p2a: Dialga|Draco Meteor|p1a: Pyroar\n|-damage|p1a: Pyroar|49/295 par\n|-unboost|p2a: Dialga|spa|2\n|move|p1a: Pyroar|Fire Blast|p2a: Dialga|[miss]\n|-miss|p1a: Pyroar|p2a: Dialga\n|\n|-heal|p2a: Dialga|212/266|[from] item: Leftovers\n|upkeep\n|turn|10\n|\n|t:|1781413159\n|move|p2a: Dialga|Heavy Slam|p1a: Pyroar\n|-resisted|p1a: Pyroar\n|-damage|p1a: Pyroar|0 fnt\n|faint|p1a: Pyroar\n|\n|-heal|p2a: Dialga|228/266|[from] item: Leftovers\n|upkeep\n|\n|t:|1781413165\n|switch|p1a: Malamar|Malamar, L82, M|275/275\n|-damage|p1a: Malamar|241/275|[from] Stealth Rock\n|turn|11\n|\n|t:|1781413171\n|move|p2a: Dialga|Thunder Wave|p1a: Malamar\n|-status|p1a: Malamar|par\n|move|p1a: Malamar|Superpower|p2a: Dialga\n|-supereffective|p2a: Dialga\n|-damage|p2a: Dialga|88/266\n|-boost|p1a: Malamar|atk|1\n|-boost|p1a: Malamar|def|1\n|\n|-heal|p2a: Dialga|104/266|[from] item: Leftovers\n|upkeep\n|turn|12\n|\n|t:|1781413182\n|switch|p2a: Fezandipiti|Fezandipiti, L82, M|278/278\n|-damage|p2a: Fezandipiti|244/278|[from] Stealth Rock\n|move|p1a: Malamar|Superpower|p2a: Fezandipiti\n|-resisted|p2a: Fezandipiti\n|-damage|p2a: Fezandipiti|212/278\n|-boost|p1a: Malamar|atk|1\n|-boost|p1a: Malamar|def|1\n|\n|-heal|p2a: Fezandipiti|229/278|[from] item: Leftovers\n|upkeep\n|turn|13\n|\n|t:|1781413192\n|move|p2a: Fezandipiti|Swords Dance|p2a: Fezandipiti\n|-boost|p2a: Fezandipiti|atk|2\n|move|p1a: Malamar|Rest|p1a: Malamar\n|-status|p1a: Malamar|slp|[from] move: Rest\n|-heal|p1a: Malamar|275/275 slp|[silent]\n|-enditem|p1a: Malamar|Chesto Berry|[eat]\n|-curestatus|p1a: Malamar|slp|[msg]\n|\n|-heal|p2a: Fezandipiti|246/278|[from] item: Leftovers\n|upkeep\n|turn|14\n|\n|t:|1781413197\n|move|p2a: Fezandipiti|Play Rough|p1a: Malamar\n|-supereffective|p1a: Malamar\n|-damage|p1a: Malamar|93/275\n|-status|p1a: Malamar|tox|[from] ability: Toxic Chain|[of] p2a: Fezandipiti\n|move|p1a: Malamar|Psycho Cut|p2a: Fezandipiti\n|-supereffective|p2a: Fezandipiti\n|-damage|p2a: Fezandipiti|0 fnt\n|faint|p2a: Fezandipiti\n|\n|-damage|p1a: Malamar|76/275 tox|[from] psn\n|upkeep\n|\n|t:|1781413210\n|switch|p2a: Dialga|Dialga, L73|104/266\n|-damage|p2a: Dialga|88/266|[from] Stealth Rock\n|-ability|p2a: Dialga|Pressure\n|turn|15\n|\n|t:|1781413217\n|move|p2a: Dialga|Draco Meteor|p1a: Malamar\n|-damage|p1a: Malamar|0 fnt\n|-unboost|p2a: Dialga|spa|2\n|faint|p1a: Malamar\n|\n|-heal|p2a: Dialga|104/266|[from] item: Leftovers\n|upkeep\n|\n|t:|1781413222\n|switch|p1a: Stonjourner|Stonjourner, L91, F|330/330\n|-damage|p1a: Stonjourner|289/330|[from] Stealth Rock\n|turn|16\n|\n|t:|1781413228\n|switch|p2a: Skarmory|Skarmory, L80, F|235/235\n|-damage|p2a: Skarmory|206/235|[from] Stealth Rock\n|move|p1a: Stonjourner|Earthquake|p2a: Skarmory\n|-immune|p2a: Skarmory\n|\n|-heal|p2a: Skarmory|220/235|[from] item: Leftovers\n|upkeep\n|turn|17\n|\n|t:|1781413237\n|-terastallize|p2a: Skarmory|Fighting\n|move|p1a: Stonjourner|Heat Crash|p2a: Skarmory\n|-damage|p2a: Skarmory|104/235\n|-damage|p1a: Stonjourner|256/330|[from] item: Life Orb\n|move|p2a: Skarmory|Iron Defense|p2a: Skarmory\n|-boost|p2a: Skarmory|def|2\n|\n|-heal|p2a: Skarmory|118/235|[from] item: Leftovers\n|upkeep\n|turn|18\n|\n|t:|1781413245\n|switch|p1a: Oricorio|Oricorio-Pa'u, L87, F|272/272\n|move|p2a: Skarmory|Roost|p2a: Skarmory\n|-heal|p2a: Skarmory|235/235\n|\n|upkeep\n|turn|19\n|\n|t:|1781413251\n|move|p1a: Oricorio|Quiver Dance|p1a: Oricorio\n|-boost|p1a: Oricorio|spa|1\n|-boost|p1a: Oricorio|spd|1\n|-boost|p1a: Oricorio|spe|1\n|move|p2a: Skarmory|Brave Bird|p1a: Oricorio\n|-damage|p1a: Oricorio|163/272\n|-damage|p2a: Skarmory|199/235|[from] Recoil\n|\n|-heal|p2a: Skarmory|213/235|[from] item: Leftovers\n|upkeep\n|turn|20\n|\n|t:|1781413254\n|switch|p2a: Chansey|Chansey, L85, F|365/564\n|-damage|p2a: Chansey|295/564|[from] Stealth Rock\n|move|p1a: Oricorio|Revelation Dance|p2a: Chansey\n|-damage|p2a: Chansey|211/564\n|\n|upkeep\n|turn|21\n|\n|t:|1781413261\n|switch|p1a: Sudowoodo|Sudowoodo, L94, M|198/284\n|-damage|p1a: Sudowoodo|163/284|[from] Stealth Rock\n|move|p2a: Chansey|Thunder Wave|p1a: Sudowoodo\n|-status|p1a: Sudowoodo|par\n|\n|-heal|p1a: Sudowoodo|180/284 par|[from] item: Leftovers\n|upkeep\n|turn|22\n|\n|t:|1781413265\n|switch|p2a: Dialga|Dialga, L73|104/266\n|-damage|p2a: Dialga|88/266|[from] Stealth Rock\n|-ability|p2a: Dialga|Pressure\n|move|p1a: Sudowoodo|Head Smash|p2a: Dialga\n|-resisted|p2a: Dialga\n|-damage|p2a: Dialga|0 fnt\n|faint|p2a: Dialga\n|\n|-heal|p1a: Sudowoodo|197/284 par|[from] item: Leftovers\n|upkeep\n|\n|t:|1781413277\n|switch|p2a: Mienshao|Mienshao, L83, F|244/244\n|-damage|p2a: Mienshao|229/244|[from] Stealth Rock\n|turn|23\n|\n|t:|1781413284\n|move|p1a: Sudowoodo|Sucker Punch|p2a: Mienshao\n|-resisted|p2a: Mienshao\n|-damage|p2a: Mienshao|189/244\n|move|p2a: Mienshao|Close Combat|p1a: Sudowoodo\n|-supereffective|p1a: Sudowoodo\n|-damage|p1a: Sudowoodo|0 fnt\n|-unboost|p2a: Mienshao|def|1\n|-unboost|p2a: Mienshao|spd|1\n|faint|p1a: Sudowoodo\n|-damage|p2a: Mienshao|165/244|[from] item: Life Orb\n|\n|upkeep\n|\n|t:|1781413291\n|switch|p1a: Haxorus|Haxorus, L77, M|244/244\n|-damage|p1a: Haxorus|214/244|[from] Stealth Rock\n|-ability|p1a: Haxorus|Mold Breaker\n|turn|24\n|\n|t:|1781413295\n|move|p2a: Mienshao|Close Combat|p1a: Haxorus\n|-damage|p1a: Haxorus|15/244\n|-unboost|p2a: Mienshao|def|1\n|-unboost|p2a: Mienshao|spd|1\n|-damage|p2a: Mienshao|141/244|[from] item: Life Orb\n|move|p1a: Haxorus|Scale Shot|p2a: Mienshao\n|-damage|p2a: Mienshao|57/244\n|-damage|p2a: Mienshao|0 fnt\n|faint|p2a: Mienshao\n|-hitcount|p2: Mienshao|2\n|-unboost|p1a: Haxorus|def|1\n|-boost|p1a: Haxorus|spe|1\n|\n|upkeep\n|\n|t:|1781413301\n|switch|p2a: Skarmory|Skarmory, L80, F, tera:Fighting|213/235\n|-damage|p2a: Skarmory|199/235|[from] Stealth Rock\n|turn|25\n|\n|t:|1781413317\n|move|p1a: Haxorus|Scale Shot|p2a: Skarmory\n|-damage|p2a: Skarmory|177/235\n|-damage|p2a: Skarmory|153/235\n|-damage|p2a: Skarmory|129/235\n|-damage|p2a: Skarmory|107/235\n|-damage|p2a: Skarmory|85/235\n|-hitcount|p2a: Skarmory|5\n|-unboost|p1a: Haxorus|def|1\n|-boost|p1a: Haxorus|spe|1\n|move|p2a: Skarmory|Body Press|p1a: Haxorus\n|-damage|p1a: Haxorus|0 fnt\n|faint|p1a: Haxorus\n|\n|-heal|p2a: Skarmory|99/235|[from] item: Leftovers\n|upkeep\n|\n|t:|1781413320\n|switch|p1a: Oricorio|Oricorio-Pa'u, L87, F|163/272\n|turn|26\n|\n|t:|1781413327\n|switch|p1a: Stonjourner|Stonjourner, L91, F|256/330\n|-damage|p1a: Stonjourner|215/330|[from] Stealth Rock\n|move|p2a: Skarmory|Brave Bird|p1a: Stonjourner\n|-resisted|p1a: Stonjourner\n|-damage|p1a: Stonjourner|181/330\n|-damage|p2a: Skarmory|88/235|[from] Recoil\n|\n|-heal|p2a: Skarmory|102/235|[from] item: Leftovers\n|upkeep\n|turn|27\n|\n|t:|1781413334\n|move|p1a: Stonjourner|Heat Crash|p2a: Skarmory\n|-damage|p2a: Skarmory|0 fnt\n|faint|p2a: Skarmory\n|-damage|p1a: Stonjourner|148/330|[from] item: Life Orb\n|\n|upkeep\n|\n|t:|1781413338\n|switch|p2a: Iron Jugulis|Iron Jugulis, L77|271/271\n|-damage|p2a: Iron Jugulis|204/271|[from] Stealth Rock\n|turn|28\n|\n|t:|1781413348\n|move|p2a: Iron Jugulis|Dark Pulse|p1a: Stonjourner\n|-damage|p1a: Stonjourner|0 fnt\n|faint|p1a: Stonjourner\n|\n|upkeep\n|\n|t:|1781413351\n|switch|p1a: Oricorio|Oricorio-Pa'u, L87, F|163/272\n|turn|29\n|\n|t:|1781413355\n|-terastallize|p1a: Oricorio|Ground\n|move|p1a: Oricorio|Quiver Dance|p1a: Oricorio\n|-boost|p1a: Oricorio|spa|1\n|-boost|p1a: Oricorio|spd|1\n|-boost|p1a: Oricorio|spe|1\n|move|p2a: Iron Jugulis|Meteor Beam||[still]\n|-prepare|p2a: Iron Jugulis|Meteor Beam\n|-boost|p2a: Iron Jugulis|spa|1\n|-enditem|p2a: Iron Jugulis|Power Herb\n|-anim|p2a: Iron Jugulis|Meteor Beam|p1a: Oricorio\n|-resisted|p1a: Oricorio\n|-damage|p1a: Oricorio|111/272\n|\n|upkeep\n|turn|30\n|\n|t:|1781413361\n|move|p1a: Oricorio|Roost|p1a: Oricorio\n|-heal|p1a: Oricorio|247/272\n|move|p2a: Iron Jugulis|Dark Pulse|p1a: Oricorio\n|-damage|p1a: Oricorio|154/272\n|\n|upkeep\n|turn|31\n|\n|t:|1781413364\n|move|p1a: Oricorio|Quiver Dance|p1a: Oricorio\n|-boost|p1a: Oricorio|spa|1\n|-boost|p1a: Oricorio|spd|1\n|-boost|p1a: Oricorio|spe|1\n|move|p2a: Iron Jugulis|Hurricane|p1a: Oricorio\n|-damage|p1a: Oricorio|49/272\n|\n|upkeep\n|turn|32\n|\n|t:|1781413368\n|move|p1a: Oricorio|Roost|p1a: Oricorio\n|-heal|p1a: Oricorio|185/272\n|move|p2a: Iron Jugulis|Hurricane|p1a: Oricorio\n|-damage|p1a: Oricorio|82/272\n|-start|p1a: Oricorio|confusion\n|\n|upkeep\n|turn|33\n|\n|t:|1781413371\n|-activate|p1a: Oricorio|confusion\n|move|p1a: Oricorio|Roost|p1a: Oricorio\n|-heal|p1a: Oricorio|218/272\n|move|p2a: Iron Jugulis|Hurricane|p1a: Oricorio\n|-crit|p1a: Oricorio\n|-damage|p1a: Oricorio|0 fnt\n|faint|p1a: Oricorio\n|\n|win|MakotoV7\n", "inputlog": ">version a8376a258c1d4662feba110a92103f3664a72141\n>start {\"formatid\":\"gen9randombattle\",\"seed\":\"sodium,12ff4c26ff5de2987ed63017b2d2c1ee\",\"rated\":\"Rated battle\"}\n>player p1 {\"name\":\"gen3333333\",\"avatar\":\"265\",\"rating\":1996,\"seed\":\"sodium,c4401fa70b8f7af59027b9ec93103e57\"}\n>player p2 {\"name\":\"MakotoV7\",\"avatar\":\"steven\",\"rating\":2141,\"seed\":\"sodium,a12443064ca246fb3a6f0b1ca5f9b8fb\"}\n>p1 switch 2\n>p2 switch 2\n>p1 move stealthrock\n>p2 switch 4\n>p1 switch 2\n>p2 move stealthrock\n>p1 move workup\n>p2 move thunderwave\n>p1 move fireblast\n>p2 switch 4\n>p1 switch 2\n>p2 move seismictoss\n>p1 move headsmash\n>p2 switch 4\n>p1 switch 2\n>p2 move heavyslam\n>p1 move fireblast\n>p2 move dracometeor\n>p1 move fireblast\n>p2 move heavyslam\n>p1 switch 6\n>p1 move superpower\n>p2 move thunderwave\n>p1 move superpower\n>p2 switch 2\n>p1 move rest\n>p2 move swordsdance\n>p1 move psychocut\n>p2 move playrough\n>p2 switch 2\n>p1 move rest\n>p2 move dracometeor\n>p1 switch 3\n>p1 move earthquake\n>p2 switch 5\n>p1 move heatcrash\n>p2 move irondefense terastallize\n>p1 switch 4\n>p2 move roost\n>p1 move quiverdance\n>p2 move bravebird\n>p1 move revelationdance\n>p2 switch 4\n>p1 switch 2\n>p2 move thunderwave\n>p1 move headsmash\n>p2 switch 5\n>p2 switch 6\n>p1 move suckerpunch\n>p2 move closecombat\n>p1 switch 5\n>p1 move scaleshot\n>p2 move closecombat\n>p2 switch 4\n>p1 move scaleshot\n>p2 move bodypress\n>p1 switch 2\n>p1 switch 4\n>p2 move bravebird\n>p1 move heatcrash\n>p2 move roost\n>p2 switch 3\n>p1 move stoneedge\n>p2 move darkpulse\n>p1 switch 4\n>p1 move quiverdance terastallize\n>p2 move meteorbeam\n>p1 move roost\n>p2 move darkpulse\n>p1 move quiverdance\n>p2 move hurricane\n>p1 move roost\n>p2 move hurricane\n>p1 move roost\n>p2 move hurricane", "uploadtime": 1781413073, "views": 4, "formatid": "gen9randombattle", "rating": null, "private": 0, "password": null}