{"id": "gen9randombattle-2631851736", "format": "[Gen 9] Random Battle", "players": ["joebidenfan1245", "Starfacto"], "log": "|j|\u203djoebidenfan1245\n|j|\u2606Starfacto\n|t:|1781448159\n|gametype|singles\n|player|p1|joebidenfan1245|265|2027\n|player|p2|Starfacto|boarder|2044\n|gen|9\n|tier|[Gen 9] Random Battle\n|rated|\n|rule|Species Clause: Limit one of each Pok\u00e9mon\n|rule|HP Percentage Mod: HP is shown in percentages\n|rule|Sleep Clause Mod: Limit one foe put to sleep\n|rule|Illusion Level Mod: Illusion disguises the Pok\u00e9mon's true level\n|\n|t:|1781448159\n|teamsize|p1|6\n|teamsize|p2|6\n|start\n|switch|p1a: Persian|Persian-Alola, L86, F|252/252\n|switch|p2a: Porygon-Z|Porygon-Z, L83|277/277\n|-ability|p2a: Porygon-Z|Download|boost\n|-boost|p2a: Porygon-Z|atk|1\n|turn|1\n|\n|t:|1781448188\n|move|p1a: Persian|Thunder Wave|p2a: Porygon-Z\n|-status|p2a: Porygon-Z|par\n|move|p2a: Porygon-Z|Nasty Plot|p2a: Porygon-Z\n|-boost|p2a: Porygon-Z|spa|2\n|\n|upkeep\n|turn|2\n|inactive|Battle timer is ON: inactive players will automatically lose when time's up. (requested by joebidenfan1245)\n|\n|t:|1781448214\n|move|p1a: Persian|Parting Shot|p2a: Porygon-Z\n|-unboost|p2a: Porygon-Z|atk|1\n|-unboost|p2a: Porygon-Z|spa|1\n|\n|t:|1781448229\n|switch|p1a: Comfey|Comfey, L85, M|225/225|[from] Parting Shot\n|move|p2a: Porygon-Z|Tri Attack|p1a: Comfey\n|-damage|p1a: Comfey|34/225\n|-status|p1a: Comfey|par\n|-damage|p2a: Porygon-Z|250/277 par|[from] item: Life Orb\n|\n|-heal|p1a: Comfey|48/225 par|[from] item: Leftovers\n|upkeep\n|turn|3\n|\n|t:|1781448244\n|move|p1a: Comfey|Draining Kiss|p2a: Porygon-Z\n|-damage|p2a: Porygon-Z|196/277 par\n|-heal|p1a: Comfey|89/225 par|[from] drain|[of] p2a: Porygon-Z\n|cant|p2a: Porygon-Z|par\n|\n|-heal|p1a: Comfey|103/225 par|[from] item: Leftovers\n|upkeep\n|turn|4\n|\n|t:|1781448261\n|switch|p1a: Drifblim|Drifblim, L86, F|396/396\n|move|p2a: Porygon-Z|Tri Attack|p1a: Drifblim\n|-immune|p1a: Drifblim\n|\n|upkeep\n|turn|5\n|\n|t:|1781448271\n|switch|p1a: Toedscruel|Toedscruel, L87, F|281/281\n|move|p2a: Porygon-Z|Thunderbolt|p1a: Toedscruel\n|-immune|p1a: Toedscruel\n|\n|upkeep\n|turn|6\n|\n|t:|1781448283\n|switch|p2a: Volbeat|Volbeat, L90, M|263/263\n|move|p1a: Toedscruel|Leaf Storm|p2a: Volbeat\n|-resisted|p2a: Volbeat\n|-damage|p2a: Volbeat|202/263\n|-unboost|p1a: Toedscruel|spa|2\n|\n|upkeep\n|turn|7\n|\n|t:|1781448291\n|switch|p1a: Comfey|Comfey, L85, M|103/225 par\n|move|p2a: Volbeat|U-turn|p1a: Comfey\n|-resisted|p1a: Comfey\n|-damage|p1a: Comfey|67/225 par\n|\n|t:|1781448296\n|switch|p2a: Magnezone|Magnezone, L85|258/258|[from] U-turn\n|\n|-heal|p1a: Comfey|81/225 par|[from] item: Leftovers\n|upkeep\n|turn|8\n|\n|t:|1781448304\n|switch|p1a: Toedscruel|Toedscruel, L87, F|281/281\n|move|p2a: Magnezone|Volt Switch|p1a: Toedscruel\n|-immune|p1a: Toedscruel\n|\n|upkeep\n|turn|9\n|\n|t:|1781448311\n|switch|p2a: Volbeat|Volbeat, L90, M|202/263\n|move|p1a: Toedscruel|Spore|p2a: Volbeat\n|-status|p2a: Volbeat|slp|[from] move: Spore\n|\n|upkeep\n|turn|10\n|\n|t:|1781448332\n|switch|p2a: Ho-Oh|Ho-Oh, L71|268/268\n|move|p1a: Toedscruel|Earth Power|p2a: Ho-Oh\n|-immune|p2a: Ho-Oh\n|\n|upkeep\n|turn|11\n|\n|t:|1781448345\n|switch|p1a: Persian|Persian-Alola, L86, F|252/252\n|move|p2a: Ho-Oh|Sacred Fire|p1a: Persian\n|-damage|p1a: Persian|194/252\n|\n|upkeep\n|turn|12\n|\n|t:|1781448353\n|switch|p2a: Ting-Lu|Ting-Lu, L78|370/370\n|-ability|p2a: Ting-Lu|Vessel of Ruin\n|move|p1a: Persian|Parting Shot|p2a: Ting-Lu\n|-unboost|p2a: Ting-Lu|atk|1\n|-unboost|p2a: Ting-Lu|spa|1\n|\n|t:|1781448364\n|switch|p1a: Grimmsnarl|Grimmsnarl, L83, M|293/293|[from] Parting Shot\n|\n|upkeep\n|turn|13\n|\n|t:|1781448376\n|move|p1a: Grimmsnarl|Spirit Break|p2a: Ting-Lu\n|-supereffective|p2a: Ting-Lu\n|-damage|p2a: Ting-Lu|218/370\n|-unboost|p2a: Ting-Lu|spa|1\n|move|p2a: Ting-Lu|Ruination|p1a: Grimmsnarl\n|-damage|p1a: Grimmsnarl|147/293\n|\n|-heal|p1a: Grimmsnarl|165/293|[from] item: Leftovers\n|upkeep\n|turn|14\n|\n|t:|1781448386\n|switch|p2a: Magnezone|Magnezone, L85|258/258\n|move|p1a: Grimmsnarl|Spirit Break|p2a: Magnezone\n|-resisted|p2a: Magnezone\n|-damage|p2a: Magnezone|221/258\n|-unboost|p2a: Magnezone|spa|1\n|\n|-heal|p1a: Grimmsnarl|183/293|[from] item: Leftovers\n|upkeep\n|turn|15\n|\n|t:|1781448392\n|move|p1a: Grimmsnarl|Parting Shot|p2a: Magnezone\n|-unboost|p2a: Magnezone|atk|1\n|-unboost|p2a: Magnezone|spa|1\n|\n|t:|1781448395\n|switch|p1a: Toedscruel|Toedscruel, L87, F|281/281|[from] Parting Shot\n|move|p2a: Magnezone|Body Press|p1a: Toedscruel\n|-damage|p1a: Toedscruel|182/281\n|\n|-heal|p1a: Toedscruel|199/281|[from] item: Leftovers\n|upkeep\n|turn|16\n|\n|t:|1781448404\n|switch|p2a: Ho-Oh|Ho-Oh, L71|268/268\n|move|p1a: Toedscruel|Leaf Storm|p2a: Ho-Oh\n|-resisted|p2a: Ho-Oh\n|-damage|p2a: Ho-Oh|246/268\n|-unboost|p1a: Toedscruel|spa|2\n|\n|-heal|p1a: Toedscruel|216/281|[from] item: Leftovers\n|upkeep\n|turn|17\n|\n|t:|1781448410\n|switch|p1a: Persian|Persian-Alola, L86, F|194/252\n|move|p2a: Ho-Oh|Sacred Fire|p1a: Persian\n|-damage|p1a: Persian|133/252\n|-status|p1a: Persian|brn\n|\n|-damage|p1a: Persian|118/252 brn|[from] brn\n|upkeep\n|turn|18\n|\n|t:|1781448419\n|move|p1a: Persian|Parting Shot|p2a: Ho-Oh\n|-unboost|p2a: Ho-Oh|atk|1\n|-unboost|p2a: Ho-Oh|spa|1\n|\n|t:|1781448426\n|switch|p1a: Drifblim|Drifblim, L86, F|396/396|[from] Parting Shot\n|move|p2a: Ho-Oh|Sacred Fire|p1a: Drifblim\n|-damage|p1a: Drifblim|302/396\n|\n|upkeep\n|turn|19\n|\n|t:|1781448439\n|switch|p2a: Ting-Lu|Ting-Lu, L78|218/370\n|-ability|p2a: Ting-Lu|Vessel of Ruin\n|move|p1a: Drifblim|Calm Mind|p1a: Drifblim\n|-boost|p1a: Drifblim|spa|1\n|-boost|p1a: Drifblim|spd|1\n|\n|upkeep\n|turn|20\n|\n|t:|1781448445\n|move|p1a: Drifblim|Strength Sap|p2a: Ting-Lu\n|-unboost|p2a: Ting-Lu|atk|1\n|-heal|p1a: Drifblim|396/396\n|move|p2a: Ting-Lu|Payback|p1a: Drifblim\n|-supereffective|p1a: Drifblim\n|-damage|p1a: Drifblim|196/396\n|-enditem|p1a: Drifblim|Sitrus Berry|[eat]\n|-heal|p1a: Drifblim|295/396|[from] item: Sitrus Berry\n|\n|upkeep\n|turn|21\n|\n|t:|1781448455\n|switch|p2a: Seviper|Seviper, L93, M|287/287\n|move|p1a: Drifblim|Strength Sap|p2a: Seviper\n|-unboost|p2a: Seviper|atk|1\n|-heal|p1a: Drifblim|396/396\n|\n|upkeep\n|turn|22\n|\n|t:|1781448462\n|move|p1a: Drifblim|Air Slash|p2a: Seviper\n|-damage|p2a: Seviper|151/287\n|move|p2a: Seviper|Knock Off|p1a: Drifblim\n|-supereffective|p1a: Drifblim\n|-damage|p1a: Drifblim|250/396\n|-damage|p2a: Seviper|123/287|[from] item: Life Orb\n|\n|upkeep\n|turn|23\n|\n|t:|1781448472\n|move|p1a: Drifblim|Air Slash|p2a: Seviper\n|-damage|p2a: Seviper|0 fnt\n|faint|p2a: Seviper\n|\n|upkeep\n|\n|t:|1781448475\n|switch|p2a: Ho-Oh|Ho-Oh, L71|268/268\n|turn|24\n|\n|t:|1781448478\n|move|p1a: Drifblim|Strength Sap|p2a: Ho-Oh\n|-unboost|p2a: Ho-Oh|atk|1\n|-heal|p1a: Drifblim|396/396\n|move|p2a: Ho-Oh|Sacred Fire|p1a: Drifblim\n|-damage|p1a: Drifblim|287/396\n|\n|upkeep\n|turn|25\n|\n|t:|1781448484\n|move|p1a: Drifblim|Air Slash|p2a: Ho-Oh\n|-damage|p2a: Ho-Oh|175/268\n|cant|p2a: Ho-Oh|flinch\n|\n|upkeep\n|turn|26\n|\n|t:|1781448490\n|move|p1a: Drifblim|Shadow Ball|p2a: Ho-Oh\n|-damage|p2a: Ho-Oh|82/268\n|-unboost|p2a: Ho-Oh|spd|1\n|move|p2a: Ho-Oh|Sacred Fire|p1a: Drifblim\n|-damage|p1a: Drifblim|190/396\n|\n|upkeep\n|turn|27\n|\n|t:|1781448497\n|switch|p2a: Magnezone|Magnezone, L85|221/258\n|move|p1a: Drifblim|Strength Sap|p2a: Magnezone\n|-unboost|p2a: Magnezone|atk|1\n|-heal|p1a: Drifblim|314/396\n|\n|upkeep\n|turn|28\n|\n|t:|1781448509\n|move|p1a: Drifblim|Calm Mind|p1a: Drifblim\n|-boost|p1a: Drifblim|spa|1\n|-boost|p1a: Drifblim|spd|1\n|move|p2a: Magnezone|Volt Switch|p1a: Drifblim\n|-supereffective|p1a: Drifblim\n|-damage|p1a: Drifblim|134/396\n|\n|t:|1781448512\n|switch|p2a: Ho-Oh|Ho-Oh, L71|171/268|[from] Volt Switch\n|\n|upkeep\n|turn|29\n|\n|t:|1781448515\n|move|p1a: Drifblim|Strength Sap|p2a: Ho-Oh\n|-unboost|p2a: Ho-Oh|atk|1\n|-heal|p1a: Drifblim|360/396\n|move|p2a: Ho-Oh|Sacred Fire|p1a: Drifblim\n|-damage|p1a: Drifblim|263/396\n|\n|upkeep\n|turn|30\n|\n|t:|1781448520\n|move|p1a: Drifblim|Shadow Ball|p2a: Ho-Oh\n|-damage|p2a: Ho-Oh|33/268\n|move|p2a: Ho-Oh|Sacred Fire|p1a: Drifblim\n|-damage|p1a: Drifblim|154/396\n|-status|p1a: Drifblim|brn\n|\n|-damage|p1a: Drifblim|130/396 brn|[from] brn\n|upkeep\n|turn|31\n|\n|t:|1781448524\n|switch|p2a: Magnezone|Magnezone, L85|221/258\n|move|p1a: Drifblim|Shadow Ball|p2a: Magnezone\n|-damage|p2a: Magnezone|68/258\n|\n|-damage|p1a: Drifblim|106/396 brn|[from] brn\n|upkeep\n|turn|32\n|\n|t:|1781448538\n|move|p1a: Drifblim|Shadow Ball|p2a: Magnezone\n|-damage|p2a: Magnezone|0 fnt\n|faint|p2a: Magnezone\n|\n|-damage|p1a: Drifblim|82/396 brn|[from] brn\n|upkeep\n|\n|t:|1781448543\n|switch|p2a: Porygon-Z|Porygon-Z, L83|196/277 par\n|-ability|p2a: Porygon-Z|Download|boost\n|-boost|p2a: Porygon-Z|atk|1\n|turn|33\n|\n|t:|1781448550\n|move|p1a: Drifblim|Strength Sap|p2a: Porygon-Z\n|-unboost|p2a: Porygon-Z|atk|1\n|-heal|p1a: Drifblim|287/396 brn\n|move|p2a: Porygon-Z|Thunderbolt|p1a: Drifblim\n|-supereffective|p1a: Drifblim\n|-damage|p1a: Drifblim|149/396 brn\n|-damage|p2a: Porygon-Z|169/277 par|[from] item: Life Orb\n|\n|-damage|p1a: Drifblim|125/396 brn|[from] brn\n|upkeep\n|turn|34\n|\n|t:|1781448558\n|move|p1a: Drifblim|Air Slash|p2a: Porygon-Z\n|-damage|p2a: Porygon-Z|0 fnt\n|faint|p2a: Porygon-Z\n|\n|-damage|p1a: Drifblim|101/396 brn|[from] brn\n|upkeep\n|\n|t:|1781448561\n|switch|p2a: Ting-Lu|Ting-Lu, L78|218/370\n|-ability|p2a: Ting-Lu|Vessel of Ruin\n|turn|35\n|\n|t:|1781448572\n|move|p1a: Drifblim|Air Slash|p2a: Ting-Lu\n|-damage|p2a: Ting-Lu|124/370\n|cant|p2a: Ting-Lu|flinch\n|\n|-damage|p1a: Drifblim|77/396 brn|[from] brn\n|upkeep\n|turn|36\n|\n|t:|1781448582\n|-terastallize|p1a: Drifblim|Dark\n|move|p1a: Drifblim|Strength Sap|p2a: Ting-Lu\n|-unboost|p2a: Ting-Lu|atk|1\n|-heal|p1a: Drifblim|294/396 brn\n|move|p2a: Ting-Lu|Payback|p1a: Drifblim\n|-resisted|p1a: Drifblim\n|-damage|p1a: Drifblim|238/396 brn\n|\n|-damage|p1a: Drifblim|214/396 brn|[from] brn\n|upkeep\n|turn|37\n|-message|Starfacto forfeited.\n|\n|win|joebidenfan1245\n", "inputlog": ">version a8376a258c1d4662feba110a92103f3664a72141\n>start {\"formatid\":\"gen9randombattle\",\"seed\":\"sodium,925b7b7d3001bcbfb22d872bb913ba9a\",\"rated\":\"Rated battle\"}\n>player p1 {\"name\":\"joebidenfan1245\",\"avatar\":\"265\",\"rating\":2027,\"seed\":\"sodium,6006089294db00ab37f8de7e7aee6ae2\"}\n>player p2 {\"name\":\"Starfacto\",\"avatar\":\"boarder\",\"rating\":2044,\"seed\":\"sodium,5c351cd2c915d4bbe5c34f72e2b695b0\"}\n>p1 move thunderwave\n>p2 move nastyplot\n>p1 move partingshot\n>p2 move triattack\n>p1 switch 5\n>p1 move drainingkiss\n>p2 move triattack\n>p1 switch 2\n>p2 move triattack\n>p1 switch 6\n>p2 move thunderbolt\n>p1 move leafstorm\n>p2 switch 5\n>p1 switch 2\n>p2 move uturn\n>p2 switch 6\n>p1 switch 2\n>p2 move voltswitch\n>p1 move spore\n>p2 switch 6\n>p1 move earthpower\n>p2 switch 4\n>p1 switch 5\n>p2 move sacredfire\n>p1 move partingshot\n>p2 switch 3\n>p1 switch 3\n>p1 move spiritbreak\n>p2 move ruination\n>p1 move spiritbreak\n>p2 switch 6\n>p1 move partingshot\n>p2 move bodypress\n>p1 switch 5\n>p1 move leafstorm\n>p2 switch 3\n>p1 switch 3\n>p2 move sacredfire\n>p1 move partingshot\n>p2 move sacredfire\n>p1 switch 6\n>p1 move calmmind\n>p2 switch 6\n>p1 move strengthsap\n>p2 move payback\n>p1 move strengthsap\n>p2 switch 2\n>p1 move airslash\n>p2 move knockoff\n>p1 move airslash\n>p2 move gunkshot\n>p2 switch 6\n>p1 move strengthsap\n>p2 move sacredfire\n>p1 move airslash\n>p2 move sacredfire\n>p1 move shadowball\n>p2 move sacredfire\n>p1 move strengthsap\n>p2 switch 3\n>p1 move calmmind\n>p2 move voltswitch\n>p2 switch 3\n>p1 move strengthsap\n>p2 move sacredfire\n>p1 move shadowball\n>p2 move sacredfire\n>p1 move shadowball\n>p2 switch 3\n>p1 move shadowball\n>p2 move voltswitch\n>p2 switch 5\n>p1 move strengthsap\n>p2 move thunderbolt\n>p1 move airslash\n>p2 move thunderbolt\n>p2 switch 2\n>p1 move airslash\n>p2 move payback\n>p1 move strengthsap terastallize\n>p2 move payback\n>forcelose p2", "uploadtime": 1781448161, "views": 4, "formatid": "gen9randombattle", "rating": null, "private": 0, "password": null}