{"id": "gen9randombattle-2632013347", "format": "[Gen 9] Random Battle", "players": ["pagenfranskane", "fimmm"], "log": "|j|\u2606pagenfranskane\n|j|\u2606fimmm\n|t:|1781465942\n|gametype|singles\n|player|p1|pagenfranskane|battlegirl|1962\n|player|p2|fimmm|caitlin|1965\n|gen|9\n|tier|[Gen 9] Random Battle\n|rated|\n|rule|Species Clause: Limit one of each Pok\u00e9mon\n|rule|HP Percentage Mod: HP is shown in percentages\n|rule|Sleep Clause Mod: Limit one foe put to sleep\n|rule|Illusion Level Mod: Illusion disguises the Pok\u00e9mon's true level\n|\n|t:|1781465942\n|teamsize|p1|6\n|teamsize|p2|6\n|start\n|switch|p1a: Drifblim|Drifblim, L86, M|396/396\n|switch|p2a: Gothitelle|Gothitelle, L90, M|272/272\n|turn|1\n|inactive|Battle timer is ON: inactive players will automatically lose when time's up. (requested by fimmm)\n|\n|t:|1781465964\n|switch|p2a: Mightyena|Mightyena, L96, M|290/290\n|-ability|p2a: Mightyena|Intimidate|boost\n|-unboost|p1a: Drifblim|atk|1\n|switch|p1a: Meowstic|Meowstic, L89, M|277/277\n|\n|upkeep\n|turn|2\n|\n|t:|1781465972\n|move|p1a: Meowstic|Reflect|p1a: Meowstic\n|-sidestart|p1: pagenfranskane|Reflect\n|move|p2a: Mightyena|Throat Chop|p1a: Meowstic\n|-supereffective|p1a: Meowstic\n|-damage|p1a: Meowstic|162/277\n|-start|p1a: Meowstic|Throat Chop|[silent]\n|\n|upkeep\n|turn|3\n|\n|t:|1781465977\n|switch|p1a: Excadrill|Excadrill, L79, F|303/303\n|-ability|p1a: Excadrill|Mold Breaker\n|move|p2a: Mightyena|Throat Chop|p1a: Excadrill\n|-damage|p1a: Excadrill|237/303\n|-start|p1a: Excadrill|Throat Chop|[silent]\n|\n|upkeep\n|turn|4\n|\n|t:|1781465984\n|move|p2a: Mightyena|Super Fang|p1a: Excadrill\n|-damage|p1a: Excadrill|119/303\n|move|p1a: Excadrill|Rapid Spin|p2a: Mightyena\n|-damage|p2a: Mightyena|247/290\n|-boost|p1a: Excadrill|spe|1\n|\n|-end|p1a: Excadrill|Throat Chop|[silent]\n|upkeep\n|turn|5\n|\n|t:|1781465990\n|move|p1a: Excadrill|Iron Head|p2a: Mightyena\n|-damage|p2a: Mightyena|153/290\n|move|p2a: Mightyena|Throat Chop|p1a: Excadrill\n|-damage|p1a: Excadrill|48/303\n|-start|p1a: Excadrill|Throat Chop|[silent]\n|\n|upkeep\n|turn|6\n|\n|t:|1781465994\n|move|p1a: Excadrill|Earthquake|p2a: Mightyena\n|-damage|p2a: Mightyena|17/290\n|move|p2a: Mightyena|Throat Chop|p1a: Excadrill\n|-damage|p1a: Excadrill|0 fnt\n|faint|p1a: Excadrill\n|\n|upkeep\n|\n|t:|1781466009\n|switch|p1a: Regidrago|Regidrago, L77|435/435\n|turn|7\n|\n|t:|1781466012\n|move|p1a: Regidrago|Dragon Energy|p2a: Mightyena\n|-damage|p2a: Mightyena|0 fnt\n|faint|p2a: Mightyena\n|\n|upkeep\n|\n|t:|1781466027\n|switch|p2a: Hitmonchan|Hitmonchan, L87, M|229/229\n|turn|8\n|\n|t:|1781466039\n|move|p1a: Regidrago|Dragon Energy|p2a: Hitmonchan\n|-damage|p2a: Hitmonchan|115/229\n|move|p2a: Hitmonchan|Knock Off|p1a: Regidrago\n|-damage|p1a: Regidrago|377/435\n|-enditem|p1a: Regidrago|Choice Scarf|[from] move: Knock Off|[of] p2a: Hitmonchan\n|\n|upkeep\n|turn|9\n|\n|t:|1781466045\n|move|p2a: Hitmonchan|Drain Punch|p1a: Regidrago\n|-damage|p1a: Regidrago|294/435\n|-heal|p2a: Hitmonchan|157/229|[from] drain|[of] p1a: Regidrago\n|move|p1a: Regidrago|Draco Meteor|p2a: Hitmonchan\n|-damage|p2a: Hitmonchan|60/229\n|-unboost|p1a: Regidrago|spa|2\n|\n|-sideend|p1: pagenfranskane|Reflect\n|upkeep\n|turn|10\n|\n|t:|1781466048\n|move|p2a: Hitmonchan|Drain Punch|p1a: Regidrago\n|-damage|p1a: Regidrago|107/435\n|-heal|p2a: Hitmonchan|154/229|[from] drain|[of] p1a: Regidrago\n|move|p1a: Regidrago|Outrage|p2a: Hitmonchan\n|-damage|p2a: Hitmonchan|0 fnt\n|faint|p2a: Hitmonchan\n|\n|upkeep\n|\n|t:|1781466065\n|switch|p2a: Abomasnow|Abomasnow, L84, M|287/287\n|-weather|Snowscape|[from] ability: Snow Warning|[of] p2a: Abomasnow\n|turn|11\n|\n|t:|1781466068\n|move|p2a: Abomasnow|Ice Shard|p1a: Regidrago\n|-supereffective|p1a: Regidrago\n|-damage|p1a: Regidrago|0 fnt\n|faint|p1a: Regidrago\n|\n|-weather|Snowscape|[upkeep]\n|upkeep\n|\n|t:|1781466073\n|switch|p1a: Meowstic|Meowstic, L89, M|162/277\n|turn|12\n|\n|t:|1781466077\n|move|p1a: Meowstic|Thunder Wave|p2a: Abomasnow\n|-status|p2a: Abomasnow|par\n|move|p2a: Abomasnow|Aurora Veil|p2a: Abomasnow\n|-sidestart|p2: fimmm|move: Aurora Veil\n|\n|-weather|Snowscape|[upkeep]\n|upkeep\n|turn|13\n|\n|t:|1781466083\n|switch|p2a: Blaziken|Blaziken, L76, M|247/247\n|move|p1a: Meowstic|Light Screen|p1a: Meowstic\n|-sidestart|p1: pagenfranskane|move: Light Screen\n|\n|-weather|Snowscape|[upkeep]\n|upkeep\n|turn|14\n|\n|t:|1781466087\n|-terastallize|p2a: Blaziken|Dark\n|move|p1a: Meowstic|Reflect|p1a: Meowstic\n|-sidestart|p1: pagenfranskane|Reflect\n|move|p2a: Blaziken|Swords Dance|p2a: Blaziken\n|-boost|p2a: Blaziken|atk|2\n|\n|-weather|Snowscape|[upkeep]\n|-ability|p2a: Blaziken|Speed Boost|boost\n|-boost|p2a: Blaziken|spe|1\n|upkeep\n|turn|15\n|\n|t:|1781466093\n|switch|p1a: Iron Boulder|Iron Boulder, L77|265/265\n|move|p2a: Blaziken|Swords Dance|p2a: Blaziken\n|-boost|p2a: Blaziken|atk|2\n|\n|-weather|none\n|-ability|p2a: Blaziken|Speed Boost|boost\n|-boost|p2a: Blaziken|spe|1\n|upkeep\n|turn|16\n|inactive|fimmm has 120 seconds left.\n|\n|t:|1781466124\n|-terastallize|p1a: Iron Boulder|Fighting\n|move|p2a: Blaziken|Close Combat|p1a: Iron Boulder\n|-damage|p1a: Iron Boulder|0 fnt\n|-unboost|p2a: Blaziken|def|1\n|-unboost|p2a: Blaziken|spd|1\n|faint|p1a: Iron Boulder\n|-end|p1a: Iron Boulder|Quark Drive|[silent]\n|-damage|p2a: Blaziken|223/247|[from] item: Life Orb\n|\n|-ability|p2a: Blaziken|Speed Boost|boost\n|-boost|p2a: Blaziken|spe|1\n|upkeep\n|\n|t:|1781466138\n|switch|p1a: Drifblim|Drifblim, L86, M|396/396\n|turn|17\n|\n|t:|1781466143\n|move|p2a: Blaziken|Knock Off|p1a: Drifblim\n|-supereffective|p1a: Drifblim\n|-damage|p1a: Drifblim|0 fnt\n|-enditem|p1a: Drifblim|Sitrus Berry|[from] move: Knock Off|[of] p2a: Blaziken\n|faint|p1a: Drifblim\n|-damage|p2a: Blaziken|199/247|[from] item: Life Orb\n|\n|-ability|p2a: Blaziken|Speed Boost|boost\n|-boost|p2a: Blaziken|spe|1\n|upkeep\n|\n|t:|1781466145\n|switch|p1a: Cloyster|Cloyster, L80, F|211/211\n|turn|18\n|\n|t:|1781466149\n|move|p2a: Blaziken|Close Combat|p1a: Cloyster\n|-supereffective|p1a: Cloyster\n|-damage|p1a: Cloyster|0 fnt\n|-unboost|p2a: Blaziken|def|1\n|-unboost|p2a: Blaziken|spd|1\n|faint|p1a: Cloyster\n|-damage|p2a: Blaziken|175/247|[from] item: Life Orb\n|\n|-ability|p2a: Blaziken|Speed Boost|boost\n|-boost|p2a: Blaziken|spe|1\n|upkeep\n|-message|pagenfranskane forfeited.\n|\n|win|fimmm\n", "inputlog": ">version a8376a258c1d4662feba110a92103f3664a72141\n>start {\"formatid\":\"gen9randombattle\",\"seed\":\"sodium,9b80cb5f6357dcad83fd998f0165a6c8\",\"rated\":\"Rated battle\"}\n>player p1 {\"name\":\"pagenfranskane\",\"avatar\":\"battlegirl\",\"rating\":1962,\"seed\":\"sodium,e8bcb6a439d17c4c2eda2e39cfdbbc7a\"}\n>player p2 {\"name\":\"fimmm\",\"avatar\":\"caitlin\",\"rating\":1965,\"seed\":\"sodium,f28ac55480da24eda9a46f0e447f55b6\"}\n>p1 switch 4\n>p2 switch 3\n>p1 move reflect\n>p2 move throatchop\n>p1 switch 5\n>p2 move throatchop\n>p1 move rapidspin\n>p2 move superfang\n>p1 move ironhead\n>p2 move throatchop\n>p1 move earthquake\n>p2 move throatchop\n>p1 switch 6\n>p1 move dragonenergy\n>p2 move superfang\n>p2 switch 6\n>p1 move dragonenergy\n>p2 move knockoff\n>p1 move dracometeor\n>p2 move drainpunch\n>p1 move outrage\n>p2 move drainpunch\n>p2 switch 2\n>p1 move outrage\n>p2 move iceshard\n>p1 switch 5\n>p1 move thunderwave\n>p2 move auroraveil\n>p1 move lightscreen\n>p2 switch 5\n>p1 move reflect\n>p2 move swordsdance terastallize\n>p1 switch 2\n>p2 move swordsdance\n>p1 move closecombat terastallize\n>p2 move closecombat\n>p1 switch 4\n>p1 move airslash\n>p2 move knockoff\n>p1 switch 3\n>p1 move iciclespear\n>p2 move closecombat\n>forcelose p1", "uploadtime": 1781465945, "views": 3, "formatid": "gen9randombattle", "rating": null, "private": 0, "password": null}