{"id": "gen9randombattle-2631870181", "format": "[Gen 9] Random Battle", "players": ["bobforte22", "hiccup10"], "log": "|j|\u2606bobforte22\n|j|\u2606hiccup10\n|t:|1781450263\n|gametype|singles\n|player|p1|bobforte22|1|1450\n|player|p2|hiccup10|101|1470\n|gen|9\n|tier|[Gen 9] Random Battle\n|rated|\n|rule|Species Clause: Limit one of each Pok\u00e9mon\n|rule|HP Percentage Mod: HP is shown in percentages\n|rule|Sleep Clause Mod: Limit one foe put to sleep\n|rule|Illusion Level Mod: Illusion disguises the Pok\u00e9mon's true level\n|\n|t:|1781450263\n|teamsize|p1|6\n|teamsize|p2|6\n|start\n|switch|p1a: Lugia|Lugia, L73|275/275\n|switch|p2a: Chien-Pao|Chien-Pao, L72|234/234\n|-ability|p2a: Chien-Pao|Sword of Ruin\n|turn|1\n|inactive|Battle timer is ON: inactive players will automatically lose when time's up. (requested by hiccup10)\n|inactive|bobforte22 also wants the timer to be on.\n|\n|t:|1781450279\n|-terastallize|p1a: Lugia|Steel\n|move|p2a: Chien-Pao|Throat Chop|p1a: Lugia\n|-damage|p1a: Lugia|218/275\n|-start|p1a: Lugia|Throat Chop|[silent]\n|move|p1a: Lugia|Aeroblast|p2a: Chien-Pao\n|-damage|p2a: Chien-Pao|126/234\n|\n|upkeep\n|turn|2\n|\n|t:|1781450292\n|switch|p2a: Gengar|Gengar, L81, F|230/230\n|switch|p1a: Tauros|Tauros-Paldea-Combat, L82, M|257/257\n|-ability|p1a: Tauros|Intimidate|boost\n|-unboost|p2a: Gengar|atk|1\n|\n|upkeep\n|turn|3\n|\n|t:|1781450313\n|switch|p2a: Toucannon|Toucannon, L88, F|284/284\n|move|p1a: Tauros|Throat Chop|p2a: Toucannon\n|-damage|p2a: Toucannon|184/284\n|-start|p2a: Toucannon|Throat Chop|[silent]\n|\n|upkeep\n|turn|4\n|\n|t:|1781450320\n|switch|p1a: Crabominable|Crabominable, L90, M|321/321\n|-singleturn|p2a: Toucannon|move: Beak Blast\n|move|p2a: Toucannon|Beak Blast|p1a: Crabominable\n|-supereffective|p1a: Crabominable\n|-damage|p1a: Crabominable|55/321\n|\n|-end|p2a: Toucannon|Throat Chop|[silent]\n|upkeep\n|turn|5\n|\n|t:|1781450331\n|move|p2a: Toucannon|Bullet Seed|p1a: Crabominable\n|-damage|p1a: Crabominable|31/321\n|-damage|p1a: Crabominable|7/321\n|-damage|p1a: Crabominable|0 fnt\n|faint|p1a: Crabominable\n|-hitcount|p1: Crabominable|3\n|\n|upkeep\n|\n|t:|1781450335\n|switch|p1a: Dragonite|Dragonite, L74, F|257/257\n|turn|6\n|\n|t:|1781450344\n|move|p1a: Dragonite|Dragon Dance|p1a: Dragonite\n|-boost|p1a: Dragonite|atk|1\n|-boost|p1a: Dragonite|spe|1\n|move|p2a: Toucannon|Roost|p2a: Toucannon\n|-heal|p2a: Toucannon|284/284\n|-singleturn|p2a: Toucannon|move: Roost\n|\n|upkeep\n|turn|7\n|\n|t:|1781450351\n|-singleturn|p2a: Toucannon|move: Beak Blast\n|move|p1a: Dragonite|Outrage|p2a: Toucannon\n|-damage|p2a: Toucannon|61/284\n|-status|p1a: Dragonite|brn\n|move|p2a: Toucannon|Beak Blast|p1a: Dragonite\n|-damage|p1a: Dragonite|186/257 brn\n|\n|-damage|p1a: Dragonite|170/257 brn|[from] brn\n|upkeep\n|turn|8\n|\n|t:|1781450362\n|move|p1a: Dragonite|Outrage|p2a: Toucannon|[from] lockedmove\n|-damage|p2a: Toucannon|0 fnt\n|faint|p2a: Toucannon\n|-start|p1a: Dragonite|confusion|[fatigue]\n|\n|-damage|p1a: Dragonite|154/257 brn|[from] brn\n|upkeep\n|\n|t:|1781450375\n|switch|p2a: Chien-Pao|Chien-Pao, L72|126/234\n|-ability|p2a: Chien-Pao|Sword of Ruin\n|turn|9\n|\n|t:|1781450383\n|move|p2a: Chien-Pao|Ice Shard|p1a: Dragonite\n|-supereffective|p1a: Dragonite\n|-damage|p1a: Dragonite|0 fnt\n|faint|p1a: Dragonite\n|\n|upkeep\n|\n|t:|1781450386\n|switch|p1a: Tauros|Tauros-Paldea-Combat, L82, M|257/257\n|-ability|p1a: Tauros|Intimidate|boost\n|-unboost|p2a: Chien-Pao|atk|1\n|turn|10\n|\n|t:|1781450406\n|switch|p2a: Klefki|Klefki, L84, F|233/233\n|move|p1a: Tauros|Throat Chop|p2a: Klefki\n|-resisted|p2a: Klefki\n|-damage|p2a: Klefki|194/233\n|-start|p2a: Klefki|Throat Chop|[silent]\n|\n|-heal|p2a: Klefki|208/233|[from] item: Leftovers\n|upkeep\n|turn|11\n|\n|t:|1781450414\n|switch|p1a: Galvantula|Galvantula, L82, F|249/249\n|move|p2a: Klefki|Thunder Wave|p1a: Galvantula\n|-immune|p1a: Galvantula\n|\n|-heal|p2a: Klefki|222/233|[from] item: Leftovers\n|-end|p2a: Klefki|Throat Chop|[silent]\n|upkeep\n|turn|12\n|\n|t:|1781450425\n|move|p1a: Galvantula|Sticky Web|p2a: Klefki\n|-sidestart|p2: hiccup10|move: Sticky Web\n|move|p2a: Klefki|Foul Play|p1a: Galvantula\n|-damage|p1a: Galvantula|193/249\n|\n|-heal|p2a: Klefki|233/233|[from] item: Leftovers\n|upkeep\n|turn|13\n|\n|t:|1781450435\n|move|p2a: Klefki|Spikes|p1a: Galvantula\n|-sidestart|p1: bobforte22|Spikes\n|move|p1a: Galvantula|Thunder|p2a: Klefki\n|-damage|p2a: Klefki|119/233\n|\n|-heal|p2a: Klefki|133/233|[from] item: Leftovers\n|upkeep\n|turn|14\n|\n|t:|1781450442\n|move|p1a: Galvantula|Thunder|p2a: Klefki\n|-damage|p2a: Klefki|19/233\n|move|p2a: Klefki|Dazzling Gleam|p1a: Galvantula\n|-crit|p1a: Galvantula\n|-damage|p1a: Galvantula|40/249\n|\n|-heal|p2a: Klefki|33/233|[from] item: Leftovers\n|upkeep\n|turn|15\n|\n|t:|1781450453\n|move|p1a: Galvantula|Bug Buzz|p2a: Klefki\n|-resisted|p2a: Klefki\n|-damage|p2a: Klefki|10/233\n|move|p2a: Klefki|Foul Play|p1a: Galvantula\n|-damage|p1a: Galvantula|0 fnt\n|faint|p1a: Galvantula\n|\n|-heal|p2a: Klefki|24/233|[from] item: Leftovers\n|upkeep\n|\n|t:|1781450460\n|switch|p1a: Palossand|Palossand, L89, F|296/296\n|-damage|p1a: Palossand|259/296|[from] Spikes\n|turn|16\n|\n|t:|1781450474\n|move|p2a: Klefki|Foul Play|p1a: Palossand\n|-supereffective|p1a: Palossand\n|-damage|p1a: Palossand|181/296\n|move|p1a: Palossand|Shadow Ball|p2a: Klefki\n|-damage|p2a: Klefki|0 fnt\n|faint|p2a: Klefki\n|\n|-heal|p1a: Palossand|199/296|[from] item: Leftovers\n|upkeep\n|\n|t:|1781450493\n|switch|p2a: Chien-Pao|Chien-Pao, L72|126/234\n|-activate|p2a: Chien-Pao|move: Sticky Web\n|-unboost|p2a: Chien-Pao|spe|1\n|-ability|p2a: Chien-Pao|Sword of Ruin\n|turn|17\n|\n|t:|1781450505\n|move|p2a: Chien-Pao|Icicle Crash|p1a: Palossand\n|-supereffective|p1a: Palossand\n|-damage|p1a: Palossand|0 fnt\n|faint|p1a: Palossand\n|\n|upkeep\n|\n|t:|1781450522\n|switch|p1a: Lugia|Lugia, L73, tera:Steel|218/275\n|turn|18\n|\n|t:|1781450531\n|switch|p2a: Gengar|Gengar, L81, F|230/230\n|-activate|p2a: Gengar|move: Sticky Web\n|-unboost|p2a: Gengar|spe|1\n|move|p1a: Lugia|Calm Mind|p1a: Lugia\n|-boost|p1a: Lugia|spa|1\n|-boost|p1a: Lugia|spd|1\n|\n|upkeep\n|turn|19\n|\n|t:|1781450543\n|move|p1a: Lugia|Psychic Noise|p2a: Gengar\n|-supereffective|p2a: Gengar\n|-damage|p2a: Gengar|14/230\n|-start|p2a: Gengar|move: Heal Block\n|move|p2a: Gengar|Trick|p1a: Lugia\n|-activate|p2a: Gengar|move: Trick|[of] p1a: Lugia\n|-item|p1a: Lugia|Choice Specs|[from] move: Trick\n|-item|p2a: Gengar|Heavy-Duty Boots|[from] move: Trick\n|\n|upkeep\n|turn|20\n|\n|t:|1781450563\n|move|p1a: Lugia|Aeroblast|p2a: Gengar\n|-crit|p2a: Gengar\n|-damage|p2a: Gengar|0 fnt\n|faint|p2a: Gengar\n|\n|upkeep\n|\n|t:|1781450578\n|switch|p2a: Chien-Pao|Chien-Pao, L72|126/234\n|-activate|p2a: Chien-Pao|move: Sticky Web\n|-unboost|p2a: Chien-Pao|spe|1\n|-ability|p2a: Chien-Pao|Sword of Ruin\n|turn|21\n|\n|t:|1781450583\n|move|p1a: Lugia|Aeroblast|p2a: Chien-Pao\n|-damage|p2a: Chien-Pao|0 fnt\n|faint|p2a: Chien-Pao\n|\n|upkeep\n|\n|t:|1781450598\n|switch|p2a: Wyrdeer|Wyrdeer, L87, F|321/321\n|-activate|p2a: Wyrdeer|move: Sticky Web\n|-unboost|p2a: Wyrdeer|spe|1\n|-ability|p2a: Wyrdeer|Intimidate|boost\n|-unboost|p1a: Lugia|atk|1\n|turn|22\n|\n|t:|1781450611\n|move|p1a: Lugia|Aeroblast|p2a: Wyrdeer\n|-damage|p2a: Wyrdeer|120/321\n|move|p2a: Wyrdeer|Earthquake|p1a: Lugia\n|-supereffective|p1a: Lugia\n|-damage|p1a: Lugia|84/275\n|\n|-heal|p2a: Wyrdeer|140/321|[from] item: Leftovers\n|upkeep\n|turn|23\n|\n|t:|1781450626\n|move|p1a: Lugia|Aeroblast|p2a: Wyrdeer\n|-crit|p2a: Wyrdeer\n|-damage|p2a: Wyrdeer|0 fnt\n|faint|p2a: Wyrdeer\n|\n|upkeep\n|\n|t:|1781450630\n|switch|p2a: Frosmoth|Frosmoth, L82, M|249/249\n|turn|24\n|\n|t:|1781450638\n|-terastallize|p2a: Frosmoth|Ground\n|move|p1a: Lugia|Aeroblast|p2a: Frosmoth\n|-damage|p2a: Frosmoth|165/249\n|move|p2a: Frosmoth|Quiver Dance|p2a: Frosmoth\n|-boost|p2a: Frosmoth|spa|1\n|-boost|p2a: Frosmoth|spd|1\n|-boost|p2a: Frosmoth|spe|1\n|\n|upkeep\n|turn|25\n|\n|t:|1781450648\n|move|p2a: Frosmoth|Tera Blast|p1a: Lugia|[anim] Tera Blast Ground\n|-supereffective|p1a: Lugia\n|-damage|p1a: Lugia|0 fnt\n|faint|p1a: Lugia\n|\n|upkeep\n|\n|t:|1781450651\n|switch|p1a: Tauros|Tauros-Paldea-Combat, L82, M|257/257\n|-damage|p1a: Tauros|225/257|[from] Spikes\n|-ability|p1a: Tauros|Intimidate|boost\n|-unboost|p2a: Frosmoth|atk|1\n|turn|26\n|\n|t:|1781450660\n|move|p2a: Frosmoth|Tera Blast|p1a: Tauros|[anim] Tera Blast Ground\n|-damage|p1a: Tauros|42/257\n|move|p1a: Tauros|Close Combat|p2a: Frosmoth\n|-damage|p2a: Frosmoth|0 fnt\n|-unboost|p1a: Tauros|def|1\n|-unboost|p1a: Tauros|spd|1\n|faint|p2a: Frosmoth\n|\n|win|bobforte22\n|raw|bobforte22's rating: 1450 &rarr; <strong>1471</strong><br />(+21 for winning)\n|raw|hiccup10's rating: 1470 &rarr; <strong>1449</strong><br />(-21 for losing)\n", "inputlog": ">version a8376a258c1d4662feba110a92103f3664a72141\n>start {\"formatid\":\"gen9randombattle\",\"seed\":\"sodium,8bce4715240aa869f7b2c442a1573817\",\"rated\":\"Rated battle\"}\n>player p1 {\"name\":\"bobforte22\",\"avatar\":\"1\",\"rating\":1450,\"seed\":\"sodium,61074f096ffae3e9a2815a73fbc1ed13\"}\n>player p2 {\"name\":\"hiccup10\",\"avatar\":\"101\",\"rating\":1470,\"seed\":\"sodium,3db3cbb90701e867005b2a73faaa142f\"}\n>p1 move aeroblast terastallize\n>p2 move throatchop\n>p1 switch 3\n>p2 switch 2\n>p1 move throatchop\n>p2 switch 5\n>p1 switch 2\n>p2 move beakblast\n>p1 move icehammer\n>p2 move bulletseed\n>p1 switch 4\n>p1 move dragondance\n>p2 move roost\n>p1 move outrage\n>p2 move beakblast\n>p1 move outrage\n>p2 move roost\n>p2 switch 2\n>p1 move outrage\n>p2 move iceshard\n>p1 switch 2\n>p1 move throatchop\n>p2 switch 3\n>p1 switch 6\n>p2 move thunderwave\n>p1 move stickyweb\n>p2 move foulplay\n>p1 move thunder\n>p2 move spikes\n>p1 move thunder\n>p2 move dazzlinggleam\n>p1 move bugbuzz\n>p2 move foulplay\n>p1 switch 5\n>p1 move shadowball\n>p2 move foulplay\n>p2 switch 3\n>p1 move earthpower\n>p2 move iciclecrash\n>p1 switch 3\n>p1 move calmmind\n>p2 switch 5\n>p1 move psychicnoise\n>p2 move trick\n>p1 move aeroblast\n>p2 move focusblast\n>p2 switch 5\n>p1 move aeroblast\n>p2 move sacredsword\n>p2 switch 6\n>p1 move aeroblast\n>p2 move earthquake\n>p1 move aeroblast\n>p2 move earthquake\n>p2 switch 4\n>p1 move aeroblast\n>p2 move quiverdance terastallize\n>p1 move aeroblast\n>p2 move terablast\n>p1 switch 6\n>p1 move closecombat\n>p2 move terablast", "uploadtime": 1781450662, "views": 3, "formatid": "gen9randombattle", "rating": 1449, "private": 0, "password": null}