{"id": "gen9randombattle-2631709594", "format": "[Gen 9] Random Battle", "players": ["LV2DT", "stonecold truecel"], "log": "|j|\u2606LV2DT\n|j|\u2606stonecold truecel\n|t:|1781426186\n|gametype|singles\n|player|p1|LV2DT|102|1851\n|player|p2|stonecold truecel|unknown|1916\n|gen|9\n|tier|[Gen 9] Random Battle\n|rated|\n|rule|Species Clause: Limit one of each Pok\u00e9mon\n|rule|HP Percentage Mod: HP is shown in percentages\n|rule|Sleep Clause Mod: Limit one foe put to sleep\n|rule|Illusion Level Mod: Illusion disguises the Pok\u00e9mon's true level\n|\n|t:|1781426186\n|teamsize|p1|6\n|teamsize|p2|6\n|start\n|switch|p1a: Milotic|Milotic, L83, M|293/293\n|switch|p2a: Ursaring|Ursaring, L84, F|288/288\n|turn|1\n|inactive|Battle timer is ON: inactive players will automatically lose when time's up. (requested by stonecold truecel)\n|\n|t:|1781426194\n|move|p2a: Ursaring|Body Slam|p1a: Milotic\n|-damage|p1a: Milotic|158/293\n|move|p1a: Milotic|Dragon Tail|p2a: Ursaring\n|-damage|p2a: Ursaring|266/288\n|drag|p2a: Farigiraf|Farigiraf, L90, F|362/362\n|\n|-heal|p1a: Milotic|176/293|[from] item: Leftovers\n|upkeep\n|turn|2\n|\n|t:|1781426208\n|move|p1a: Milotic|Recover|p1a: Milotic\n|-heal|p1a: Milotic|293/293\n|move|p2a: Farigiraf|Wish|p2a: Farigiraf\n|\n|upkeep\n|turn|3\n|\n|t:|1781426213\n|move|p2a: Farigiraf|Body Slam|p1a: Milotic\n|-damage|p1a: Milotic|193/293\n|move|p1a: Milotic|Dragon Tail|p2a: Farigiraf\n|-damage|p2a: Farigiraf|328/362\n|drag|p2a: Ursaring|Ursaring, L84, F|266/288\n|\n|-heal|p2a: Ursaring|288/288|[from] move: Wish|[wisher] Farigiraf\n|-heal|p1a: Milotic|211/293|[from] item: Leftovers\n|upkeep\n|turn|4\n|\n|t:|1781426219\n|switch|p1a: Drifblim|Drifblim, L86, M|396/396\n|move|p2a: Ursaring|Body Slam|p1a: Drifblim\n|-immune|p1a: Drifblim\n|\n|upkeep\n|turn|5\n|\n|t:|1781426248\n|switch|p2a: Raikou|Raikou, L81|278/278\n|-ability|p2a: Raikou|Pressure\n|move|p1a: Drifblim|Calm Mind|p1a: Drifblim\n|-boost|p1a: Drifblim|spa|1\n|-boost|p1a: Drifblim|spd|1\n|\n|upkeep\n|turn|6\n|\n|t:|1781426254\n|move|p2a: Raikou|Calm Mind|p2a: Raikou\n|-boost|p2a: Raikou|spa|1\n|-boost|p2a: Raikou|spd|1\n|move|p1a: Drifblim|Calm Mind|p1a: Drifblim\n|-boost|p1a: Drifblim|spa|1\n|-boost|p1a: Drifblim|spd|1\n|\n|upkeep\n|turn|7\n|\n|t:|1781426258\n|move|p2a: Raikou|Calm Mind|p2a: Raikou\n|-boost|p2a: Raikou|spa|1\n|-boost|p2a: Raikou|spd|1\n|move|p1a: Drifblim|Calm Mind|p1a: Drifblim\n|-boost|p1a: Drifblim|spa|1\n|-boost|p1a: Drifblim|spd|1\n|\n|upkeep\n|turn|8\n|\n|t:|1781426260\n|move|p2a: Raikou|Calm Mind|p2a: Raikou\n|-boost|p2a: Raikou|spa|1\n|-boost|p2a: Raikou|spd|1\n|move|p1a: Drifblim|Calm Mind|p1a: Drifblim\n|-boost|p1a: Drifblim|spa|1\n|-boost|p1a: Drifblim|spd|1\n|\n|upkeep\n|turn|9\n|\n|t:|1781426263\n|move|p2a: Raikou|Calm Mind|p2a: Raikou\n|-boost|p2a: Raikou|spa|1\n|-boost|p2a: Raikou|spd|1\n|move|p1a: Drifblim|Calm Mind|p1a: Drifblim\n|-boost|p1a: Drifblim|spa|1\n|-boost|p1a: Drifblim|spd|1\n|\n|upkeep\n|turn|10\n|\n|t:|1781426265\n|move|p2a: Raikou|Calm Mind|p2a: Raikou\n|-boost|p2a: Raikou|spa|1\n|-boost|p2a: Raikou|spd|1\n|move|p1a: Drifblim|Calm Mind|p1a: Drifblim\n|-boost|p1a: Drifblim|spa|1\n|-boost|p1a: Drifblim|spd|1\n|\n|upkeep\n|turn|11\n|\n|t:|1781426267\n|move|p2a: Raikou|Calm Mind|p2a: Raikou\n|-boost|p2a: Raikou|spa|1\n|-boost|p2a: Raikou|spd|1\n|move|p1a: Drifblim|Shadow Ball|p2a: Raikou\n|-damage|p2a: Raikou|194/278\n|\n|-heal|p2a: Raikou|211/278|[from] item: Leftovers\n|upkeep\n|turn|12\n|\n|t:|1781426272\n|-terastallize|p1a: Drifblim|Dark\n|move|p2a: Raikou|Thunderbolt|p1a: Drifblim\n|-damage|p1a: Drifblim|246/396\n|move|p1a: Drifblim|Shadow Ball|p2a: Raikou\n|-damage|p2a: Raikou|133/278\n|-unboost|p2a: Raikou|spd|1\n|\n|-heal|p2a: Raikou|150/278|[from] item: Leftovers\n|upkeep\n|turn|13\n|\n|t:|1781426277\n|move|p2a: Raikou|Thunderbolt|p1a: Drifblim\n|-damage|p1a: Drifblim|117/396\n|-enditem|p1a: Drifblim|Sitrus Berry|[eat]\n|-heal|p1a: Drifblim|216/396|[from] item: Sitrus Berry\n|move|p1a: Drifblim|Shadow Ball|p2a: Raikou\n|-damage|p2a: Raikou|65/278\n|\n|-heal|p2a: Raikou|82/278|[from] item: Leftovers\n|upkeep\n|turn|14\n|\n|t:|1781426281\n|move|p1a: Drifblim|Shadow Ball|p2a: Raikou\n|-crit|p2a: Raikou\n|-damage|p2a: Raikou|0 fnt\n|faint|p2a: Raikou\n|\n|upkeep\n|\n|t:|1781426283\n|switch|p2a: Mandibuzz|Mandibuzz, L85, F|326/326\n|turn|15\n|\n|t:|1781426289\n|move|p1a: Drifblim|Air Slash|p2a: Mandibuzz\n|-damage|p2a: Mandibuzz|35/326\n|move|p2a: Mandibuzz|Toxic|p1a: Drifblim\n|-status|p1a: Drifblim|tox\n|\n|-damage|p1a: Drifblim|192/396 tox|[from] psn\n|upkeep\n|turn|16\n|\n|t:|1781426294\n|move|p1a: Drifblim|Shadow Ball|p2a: Mandibuzz\n|-resisted|p2a: Mandibuzz\n|-damage|p2a: Mandibuzz|0 fnt\n|faint|p2a: Mandibuzz\n|\n|-damage|p1a: Drifblim|144/396 tox|[from] psn\n|upkeep\n|\n|t:|1781426297\n|switch|p2a: Meowstic|Meowstic, L89, M|277/277\n|turn|17\n|\n|t:|1781426301\n|switch|p2a: Farigiraf|Farigiraf, L90, F|328/362\n|move|p1a: Drifblim|Shadow Ball|p2a: Farigiraf\n|-immune|p2a: Farigiraf\n|\n|-heal|p2a: Farigiraf|350/362|[from] item: Leftovers\n|-damage|p1a: Drifblim|72/396 tox|[from] psn\n|upkeep\n|turn|18\n|\n|t:|1781426305\n|move|p2a: Farigiraf|Protect|p2a: Farigiraf\n|-singleturn|p2a: Farigiraf|Protect\n|move|p1a: Drifblim|Air Slash|p2a: Farigiraf\n|-activate|p2a: Farigiraf|move: Protect\n|\n|-heal|p2a: Farigiraf|362/362|[from] item: Leftovers\n|-damage|p1a: Drifblim|0 fnt|[from] psn\n|faint|p1a: Drifblim\n|upkeep\n|\n|t:|1781426315\n|switch|p1a: Venusaur|Venusaur, L84, M|272/272\n|turn|19\n|\n|t:|1781426323\n|move|p1a: Venusaur|Toxic|p2a: Farigiraf\n|-status|p2a: Farigiraf|tox\n|move|p2a: Farigiraf|Psychic Noise|p1a: Venusaur\n|-supereffective|p1a: Venusaur\n|-damage|p1a: Venusaur|74/272\n|-start|p1a: Venusaur|move: Heal Block\n|\n|-damage|p2a: Farigiraf|340/362 tox|[from] psn\n|upkeep\n|turn|20\n|\n|t:|1781426326\n|move|p1a: Venusaur|Knock Off|p2a: Farigiraf\n|-supereffective|p2a: Farigiraf\n|-damage|p2a: Farigiraf|196/362 tox\n|-enditem|p2a: Farigiraf|Leftovers|[from] move: Knock Off|[of] p1a: Venusaur\n|move|p2a: Farigiraf|Body Slam|p1a: Venusaur\n|-damage|p1a: Venusaur|0 fnt\n|faint|p1a: Venusaur\n|\n|-damage|p2a: Farigiraf|152/362 tox|[from] psn\n|upkeep\n|\n|t:|1781426334\n|switch|p1a: Gholdengo|Gholdengo, L77|261/261\n|turn|21\n|\n|t:|1781426340\n|move|p1a: Gholdengo|Nasty Plot|p1a: Gholdengo\n|-boost|p1a: Gholdengo|spa|2\n|move|p2a: Farigiraf|Wish|p2a: Farigiraf\n|\n|-damage|p2a: Farigiraf|86/362 tox|[from] psn\n|upkeep\n|turn|22\n|\n|t:|1781426348\n|switch|p2a: Amoonguss|Amoonguss, L82, F|321/321\n|move|p1a: Gholdengo|Shadow Ball|p2a: Amoonguss\n|-damage|p2a: Amoonguss|122/321\n|\n|-heal|p2a: Amoonguss|303/321|[from] move: Wish|[wisher] Farigiraf\n|upkeep\n|turn|23\n|\n|t:|1781426355\n|switch|p2a: Farigiraf|Farigiraf, L90, F|86/362 tox\n|move|p1a: Gholdengo|Make It Rain|p2a: Farigiraf\n|-crit|p2a: Farigiraf\n|-damage|p2a: Farigiraf|0 fnt\n|-unboost|p1a: Gholdengo|spa|1\n|faint|p2a: Farigiraf\n|\n|upkeep\n|\n|t:|1781426358\n|switch|p2a: Ursaring|Ursaring, L84, F|288/288\n|turn|24\n|\n|t:|1781426361\n|move|p1a: Gholdengo|Nasty Plot|p1a: Gholdengo\n|-boost|p1a: Gholdengo|spa|2\n|move|p2a: Ursaring|Earthquake|p1a: Gholdengo\n|-supereffective|p1a: Gholdengo\n|-damage|p1a: Gholdengo|73/261\n|\n|-heal|p1a: Gholdengo|89/261|[from] item: Leftovers\n|upkeep\n|turn|25\n|\n|t:|1781426364\n|move|p1a: Gholdengo|Make It Rain|p2a: Ursaring\n|-damage|p2a: Ursaring|23/288\n|-unboost|p1a: Gholdengo|spa|1\n|move|p2a: Ursaring|Earthquake|p1a: Gholdengo\n|-supereffective|p1a: Gholdengo\n|-damage|p1a: Gholdengo|0 fnt\n|faint|p1a: Gholdengo\n|\n|upkeep\n|\n|t:|1781426371\n|switch|p1a: Milotic|Milotic, L83, M|211/293\n|turn|26\n|\n|t:|1781426377\n|move|p1a: Milotic|Ice Beam|p2a: Ursaring\n|-damage|p2a: Ursaring|0 fnt\n|faint|p2a: Ursaring\n|\n|-heal|p1a: Milotic|229/293|[from] item: Leftovers\n|upkeep\n|\n|t:|1781426380\n|switch|p2a: Meowstic|Meowstic, L89, M|277/277\n|turn|27\n|\n|t:|1781426388\n|move|p2a: Meowstic|Yawn|p1a: Milotic\n|-start|p1a: Milotic|move: Yawn|[of] p2a: Meowstic\n|move|p1a: Milotic|Scald|p2a: Meowstic\n|-damage|p2a: Meowstic|198/277\n|\n|-heal|p1a: Milotic|247/293|[from] item: Leftovers\n|upkeep\n|turn|28\n|\n|t:|1781426392\n|switch|p1a: Bisharp|Bisharp, L79, F|232/232\n|move|p2a: Meowstic|Light Screen|p2a: Meowstic\n|-sidestart|p2: stonecold truecel|move: Light Screen\n|\n|upkeep\n|turn|29\n|\n|t:|1781426399\n|move|p2a: Meowstic|Reflect|p2a: Meowstic\n|-sidestart|p2: stonecold truecel|Reflect\n|move|p1a: Bisharp|Swords Dance|p1a: Bisharp\n|-boost|p1a: Bisharp|atk|2\n|\n|upkeep\n|turn|30\n|\n|t:|1781426403\n|switch|p2a: Amoonguss|Amoonguss, L82, F|321/321\n|move|p1a: Bisharp|Swords Dance|p1a: Bisharp\n|-boost|p1a: Bisharp|atk|2\n|\n|upkeep\n|turn|31\n|\n|t:|1781426410\n|move|p1a: Bisharp|Iron Head|p2a: Amoonguss\n|-damage|p2a: Amoonguss|162/321\n|-damage|p1a: Bisharp|194/232|[from] item: Rocky Helmet|[of] p2a: Amoonguss\n|cant|p2a: Amoonguss|flinch\n|\n|upkeep\n|turn|32\n|l|\u2606stonecold truecel\n|inactive|stonecold truecel disconnected and has a minute to reconnect!\n|player|p2|\n|inactive|stonecold truecel has 30 seconds to reconnect!\n|inactive|stonecold truecel has 20 seconds to reconnect!\n|inactive|stonecold truecel has 15 seconds to reconnect!\n|inactive|stonecold truecel has 10 seconds to reconnect!\n|inactive|stonecold truecel has 5 seconds to reconnect!\n|-message|stonecold truecel lost due to inactivity.\n|\n|win|LV2DT\n|raw|LV2DT's rating: 1851 &rarr; <strong>1875</strong><br />(+24 for winning)\n|raw|stonecold truecel's rating: 1916 &rarr; <strong>1892</strong><br />(-24 for losing)\n", "inputlog": ">version a8376a258c1d4662feba110a92103f3664a72141\n>start {\"formatid\":\"gen9randombattle\",\"seed\":\"sodium,4ddb6f94df5eecde58ffd91330ed79a4\",\"rated\":\"Rated battle\"}\n>player p1 {\"name\":\"LV2DT\",\"avatar\":\"102\",\"rating\":1851,\"seed\":\"sodium,92add39edc384f0a61041058d67f14bc\"}\n>player p2 {\"name\":\"stonecold truecel\",\"avatar\":\"unknown\",\"rating\":1916,\"seed\":\"sodium,647e1a92b7926c602bb7ea66989b649e\"}\n>p1 move dragontail\n>p2 move bodyslam\n>p1 move recover\n>p2 move wish\n>p1 move dragontail\n>p2 move bodyslam\n>p1 switch 4\n>p2 move bodyslam\n>p1 move calmmind\n>p2 switch 3\n>p1 move calmmind\n>p2 move calmmind\n>p1 move calmmind\n>p2 move calmmind\n>p1 move calmmind\n>p2 move calmmind\n>p1 move calmmind\n>p2 move calmmind\n>p1 move calmmind\n>p2 move calmmind\n>p1 move shadowball\n>p2 move calmmind\n>p1 move shadowball terastallize\n>p2 move thunderbolt\n>p1 move shadowball\n>p2 move thunderbolt\n>p1 move shadowball\n>p2 move thunderbolt\n>p2 switch 6\n>p1 move airslash\n>p2 move toxic\n>p1 move shadowball\n>p2 move roost\n>p2 switch 4\n>p1 move shadowball\n>p2 switch 2\n>p1 move airslash\n>p2 move protect\n>p1 switch 5\n>p1 move toxic\n>p2 move psychicnoise\n>p1 move knockoff\n>p2 move bodyslam\n>p1 switch 6\n>p1 move nastyplot\n>p2 move wish\n>p1 move shadowball\n>p2 switch 5\n>p1 move makeitrain\n>p2 switch 5\n>p2 switch 3\n>p1 move nastyplot\n>p2 move earthquake\n>p1 move makeitrain\n>p2 move earthquake\n>p1 switch 4\n>p1 move icebeam\n>p2 move rest\n>p2 switch 2\n>p1 move scald\n>p2 move yawn\n>p1 switch 2\n>p2 move lightscreen\n>p1 move swordsdance\n>p2 move reflect\n>p1 move swordsdance\n>p2 switch 5\n>p1 move ironhead\n>p2 move clearsmog\n>forcelose p2", "uploadtime": 1781426480, "views": 5, "formatid": "gen9randombattle", "rating": 1875, "private": 0, "password": null}