{"id": "gen9randombattle-2631749251", "format": "[Gen 9] Random Battle", "players": ["JayClaw", "Etjx"], "log": "|j|\u2606JayClaw\n|j|\u2606Etjx@!\n|t:|1781433410\n|gametype|singles\n|player|p1|JayClaw|red|2074\n|player|p2|Etjx|policeman-gen4|2089\n|gen|9\n|tier|[Gen 9] Random Battle\n|rated|\n|rule|Species Clause: Limit one of each Pok\u00e9mon\n|rule|HP Percentage Mod: HP is shown in percentages\n|rule|Sleep Clause Mod: Limit one foe put to sleep\n|rule|Illusion Level Mod: Illusion disguises the Pok\u00e9mon's true level\n|\n|t:|1781433410\n|teamsize|p1|6\n|teamsize|p2|6\n|start\n|switch|p1a: Basculegion|Basculegion, L80, M|323/323\n|switch|p2a: Grafaiai|Grafaiai, L86, F|249/249\n|turn|1\n|inactive|Battle timer is ON: inactive players will automatically lose when time's up. (requested by Etjx)\n|inactive|Etjx has 120 seconds left.\n|\n|t:|1781433445\n|switch|p1a: Snorlax|Snorlax, L82, F|397/397\n|move|p2a: Grafaiai|Knock Off|p1a: Snorlax\n|-damage|p1a: Snorlax|302/397\n|-enditem|p1a: Snorlax|Leftovers|[from] move: Knock Off|[of] p2a: Grafaiai\n|\n|upkeep\n|turn|2\n|\n|t:|1781433474\n|move|p2a: Grafaiai|Gunk Shot|p1a: Snorlax\n|-damage|p1a: Snorlax|149/397\n|move|p1a: Snorlax|Body Slam|p2a: Grafaiai\n|-crit|p2a: Grafaiai\n|-damage|p2a: Grafaiai|74/249\n|-status|p2a: Grafaiai|par\n|\n|upkeep\n|turn|3\n|\n|t:|1781433494\n|move|p2a: Grafaiai|Gunk Shot|p1a: Snorlax\n|-damage|p1a: Snorlax|0 fnt\n|faint|p1a: Snorlax\n|\n|upkeep\n|inactive|JayClaw has 120 seconds left.\n|\n|t:|1781433519\n|switch|p1a: Basculegion|Basculegion, L80, M|323/323\n|turn|4\n|\n|t:|1781433525\n|move|p1a: Basculegion|Aqua Jet|p2a: Grafaiai\n|-damage|p2a: Grafaiai|6/249 par\n|cant|p2a: Grafaiai|par\n|\n|upkeep\n|turn|5\n|\n|t:|1781433530\n|move|p1a: Basculegion|Aqua Jet|p2a: Grafaiai\n|-damage|p2a: Grafaiai|0 fnt\n|faint|p2a: Grafaiai\n|\n|upkeep\n|\n|t:|1781433539\n|switch|p2a: Bruxish|Bruxish, L85, F|254/254\n|turn|6\n|l|\u2606Etjx\n|inactive|Etjx disconnected and has a minute to reconnect!\n|player|p2|\n|inactive|JayClaw has 120 seconds left.\n|\n|t:|1781433565\n|switch|p1a: Gurdurr|Gurdurr, L85, M|283/283\n|move|p2a: Bruxish|Crunch|p1a: Gurdurr\n|-resisted|p1a: Gurdurr\n|-damage|p1a: Gurdurr|238/283\n|\n|upkeep\n|turn|7\n|j|\u2606Etjx@!\n|inactive|Etjx reconnected and has 150 seconds left.\n|player|p2|Etjx|policeman-gen4|\n|inactive|JayClaw has 120 seconds left.\n|\n|t:|1781433579\n|switch|p2a: Muk|Muk, L86, F|321/321\n|move|p1a: Gurdurr|Knock Off|p2a: Muk\n|-damage|p2a: Muk|232/321\n|-enditem|p2a: Muk|Leftovers|[from] move: Knock Off|[of] p1a: Gurdurr\n|\n|upkeep\n|turn|8\n|\n|t:|1781433586\n|switch|p1a: Salamence|Salamence, L77, F|273/273\n|-ability|p1a: Salamence|Intimidate|boost\n|-unboost|p2a: Muk|atk|1\n|move|p2a: Muk|Knock Off|p1a: Salamence\n|-damage|p1a: Salamence|214/273\n|-enditem|p1a: Salamence|Heavy-Duty Boots|[from] move: Knock Off|[of] p2a: Muk\n|\n|upkeep\n|turn|9\n|\n|t:|1781433594\n|move|p1a: Salamence|Dragon Dance|p1a: Salamence\n|-boost|p1a: Salamence|atk|1\n|-boost|p1a: Salamence|spe|1\n|move|p2a: Muk|Gunk Shot|p1a: Salamence\n|-crit|p1a: Salamence\n|-damage|p1a: Salamence|0 fnt\n|faint|p1a: Salamence\n|\n|upkeep\n|inactive|JayClaw has 120 seconds left.\n|inactive|JayClaw has 90 seconds left.\n|\n|t:|1781433643\n|switch|p1a: Basculegion|Basculegion, L80, M|323/323\n|turn|10\n|\n|t:|1781433666\n|move|p1a: Basculegion|Flip Turn|p2a: Muk\n|-damage|p2a: Muk|126/321\n|inactive|JayClaw has 90 seconds left.\n|\n|t:|1781433681\n|switch|p1a: Gurdurr|Gurdurr, L85, M|238/283|[from] Flip Turn\n|move|p2a: Muk|Knock Off|p1a: Gurdurr\n|-resisted|p1a: Gurdurr\n|-damage|p1a: Gurdurr|222/283\n|-enditem|p1a: Gurdurr|Eviolite|[from] move: Knock Off|[of] p2a: Muk\n|\n|upkeep\n|turn|11\n|\n|t:|1781433702\n|move|p2a: Muk|Knock Off|p1a: Gurdurr\n|-resisted|p1a: Gurdurr\n|-damage|p1a: Gurdurr|204/283\n|-status|p1a: Gurdurr|psn|[from] ability: Poison Touch|[of] p2a: Muk\n|move|p1a: Gurdurr|Bulk Up|p1a: Gurdurr\n|-boost|p1a: Gurdurr|atk|1\n|-boost|p1a: Gurdurr|def|1\n|\n|-damage|p1a: Gurdurr|169/283 psn|[from] psn\n|upkeep\n|turn|12\n|\n|t:|1781433715\n|move|p2a: Muk|Haze|p2a: Muk\n|-clearallboost\n|move|p1a: Gurdurr|Drain Punch|p2a: Muk\n|-resisted|p2a: Muk\n|-damage|p2a: Muk|57/321\n|-heal|p1a: Gurdurr|204/283 psn|[from] drain|[of] p2a: Muk\n|\n|-damage|p1a: Gurdurr|169/283 psn|[from] psn\n|upkeep\n|turn|13\n|\n|t:|1781433720\n|move|p2a: Muk|Gunk Shot|p1a: Gurdurr\n|-damage|p1a: Gurdurr|21/283 psn\n|move|p1a: Gurdurr|Drain Punch|p2a: Muk\n|-resisted|p2a: Muk\n|-damage|p2a: Muk|0 fnt\n|-heal|p1a: Gurdurr|50/283 psn|[from] drain|[of] p2a: Muk\n|faint|p2a: Muk\n|\n|-damage|p1a: Gurdurr|15/283 psn|[from] psn\n|upkeep\n|\n|t:|1781433736\n|switch|p2a: Bruxish|Bruxish, L85, F|254/254\n|turn|14\n|\n|t:|1781433745\n|move|p1a: Gurdurr|Mach Punch|p2a: Bruxish\n|-resisted|p2a: Bruxish\n|-damage|p2a: Bruxish|213/254\n|move|p2a: Bruxish|Crunch|p1a: Gurdurr\n|-resisted|p1a: Gurdurr\n|-damage|p1a: Gurdurr|0 fnt\n|faint|p1a: Gurdurr\n|\n|upkeep\n|\n|t:|1781433748\n|switch|p1a: Dedenne|Dedenne, L88, F|261/261\n|turn|15\n|\n|t:|1781433759\n|switch|p2a: Whiscash|Whiscash, L88, M|337/337\n|move|p1a: Dedenne|U-turn|p2a: Whiscash\n|-damage|p2a: Whiscash|297/337\n|\n|t:|1781433766\n|switch|p1a: Basculegion|Basculegion, L80, M|323/323|[from] U-turn\n|\n|upkeep\n|turn|16\n|\n|t:|1781433778\n|move|p1a: Basculegion|Wave Crash|p2a: Whiscash\n|-damage|p2a: Whiscash|89/337\n|-damage|p1a: Basculegion|254/323|[from] Recoil\n|move|p2a: Whiscash|Dragon Dance|p2a: Whiscash\n|-boost|p2a: Whiscash|atk|1\n|-boost|p2a: Whiscash|spe|1\n|\n|upkeep\n|turn|17\n|\n|t:|1781433785\n|move|p1a: Basculegion|Aqua Jet|p2a: Whiscash\n|-damage|p2a: Whiscash|21/337\n|move|p2a: Whiscash|Earthquake|p1a: Basculegion\n|-damage|p1a: Basculegion|4/323\n|-damage|p2a: Whiscash|0 fnt|[from] item: Life Orb\n|faint|p2a: Whiscash\n|\n|upkeep\n|\n|t:|1781433795\n|switch|p2a: Hitmonlee|Hitmonlee, L85, M|223/223\n|turn|18\n|\n|t:|1781433802\n|move|p1a: Basculegion|Aqua Jet|p2a: Hitmonlee\n|-damage|p2a: Hitmonlee|133/223\n|move|p2a: Hitmonlee|Poison Jab|p1a: Basculegion\n|-resisted|p1a: Basculegion\n|-damage|p1a: Basculegion|0 fnt\n|faint|p1a: Basculegion\n|\n|upkeep\n|\n|t:|1781433813\n|switch|p1a: Dedenne|Dedenne, L88, F|261/261\n|turn|19\n|\n|t:|1781433825\n|move|p2a: Hitmonlee|Poison Jab|p1a: Dedenne\n|-supereffective|p1a: Dedenne\n|-damage|p1a: Dedenne|83/261\n|-enditem|p1a: Dedenne|Sitrus Berry|[eat]\n|-heal|p1a: Dedenne|148/261|[from] item: Sitrus Berry\n|-heal|p1a: Dedenne|235/261|[from] ability: Cheek Pouch\n|move|p1a: Dedenne|Nuzzle|p2a: Hitmonlee\n|-damage|p2a: Hitmonlee|111/223\n|-status|p2a: Hitmonlee|par\n|\n|upkeep\n|turn|20\n|\n|t:|1781433834\n|move|p1a: Dedenne|Dazzling Gleam|p2a: Hitmonlee\n|-supereffective|p2a: Hitmonlee\n|-damage|p2a: Hitmonlee|0 fnt\n|faint|p2a: Hitmonlee\n|\n|upkeep\n|\n|t:|1781433840\n|switch|p2a: Bruxish|Bruxish, L85, F|213/254\n|turn|21\n|\n|t:|1781433851\n|-terastallize|p2a: Bruxish|Dark\n|move|p1a: Dedenne|Nuzzle|p2a: Bruxish\n|-damage|p2a: Bruxish|194/254\n|-status|p2a: Bruxish|par\n|move|p2a: Bruxish|Psychic Fangs|p1a: Dedenne\n|-damage|p1a: Dedenne|0 fnt\n|faint|p1a: Dedenne\n|\n|upkeep\n|\n|t:|1781433859\n|switch|p1a: Lunala|Lunala, L70|308/308\n|turn|22\n|\n|t:|1781433864\n|switch|p2a: Staraptor|Staraptor, L79, F|263/263\n|move|p1a: Lunala|Calm Mind|p1a: Lunala\n|-boost|p1a: Lunala|spa|1\n|-boost|p1a: Lunala|spd|1\n|\n|upkeep\n|turn|23\n|\n|t:|1781433874\n|move|p2a: Staraptor|Brave Bird|p1a: Lunala\n|-damage|p1a: Lunala|178/308\n|-damage|p2a: Staraptor|220/263|[from] Recoil\n|move|p1a: Lunala|Moonlight|p1a: Lunala\n|-heal|p1a: Lunala|308/308\n|\n|upkeep\n|turn|24\n|\n|t:|1781433890\n|move|p2a: Staraptor|Brave Bird|p1a: Lunala\n|-damage|p1a: Lunala|169/308\n|-damage|p2a: Staraptor|174/263|[from] Recoil\n|move|p1a: Lunala|Moonlight|p1a: Lunala\n|-heal|p1a: Lunala|308/308\n|\n|upkeep\n|turn|25\n|\n|t:|1781433894\n|move|p2a: Staraptor|Brave Bird|p1a: Lunala\n|-damage|p1a: Lunala|164/308\n|-damage|p2a: Staraptor|126/263|[from] Recoil\n|move|p1a: Lunala|Moonlight|p1a: Lunala\n|-heal|p1a: Lunala|308/308\n|\n|upkeep\n|turn|26\n|\n|t:|1781433903\n|switch|p2a: Bruxish|Bruxish, L85, F, tera:Dark|194/254 par\n|move|p1a: Lunala|Moonlight|p1a: Lunala\n|-fail|p1a: Lunala|heal\n|\n|upkeep\n|turn|27\n|\n|t:|1781433917\n|-terastallize|p1a: Lunala|Dark\n|move|p1a: Lunala|Calm Mind|p1a: Lunala\n|-boost|p1a: Lunala|spa|1\n|-boost|p1a: Lunala|spd|1\n|move|p2a: Bruxish|Crunch|p1a: Lunala\n|-resisted|p1a: Lunala\n|-damage|p1a: Lunala|244/308\n|\n|-heal|p1a: Lunala|263/308|[from] item: Leftovers\n|upkeep\n|turn|28\n|\n|t:|1781433934\n|switch|p2a: Staraptor|Staraptor, L79, F|126/263\n|move|p1a: Lunala|Calm Mind|p1a: Lunala\n|-boost|p1a: Lunala|spa|1\n|-boost|p1a: Lunala|spd|1\n|\n|-heal|p1a: Lunala|282/308|[from] item: Leftovers\n|upkeep\n|turn|29\n|\n|t:|1781433941\n|move|p2a: Staraptor|Close Combat|p1a: Lunala\n|-supereffective|p1a: Lunala\n|-damage|p1a: Lunala|0 fnt\n|-unboost|p2a: Staraptor|def|1\n|-unboost|p2a: Staraptor|spd|1\n|faint|p1a: Lunala\n|\n|win|Etjx\n", "inputlog": ">version a8376a258c1d4662feba110a92103f3664a72141\n>start {\"formatid\":\"gen9randombattle\",\"seed\":\"sodium,3d111af257439384d0aec84fa8d1a4d3\",\"rated\":\"Rated battle\"}\n>player p1 {\"name\":\"JayClaw\",\"avatar\":\"red\",\"rating\":2074,\"seed\":\"sodium,3ea09a768e6b9287d3c3ccd9956142cd\"}\n>player p2 {\"name\":\"Etjx\",\"avatar\":\"policeman-gen4\",\"rating\":2089,\"seed\":\"sodium,22df8985519e915efb94c641c68ff982\"}\n>p1 switch 5\n>p2 move knockoff\n>p1 move bodyslam\n>p2 move gunkshot\n>p1 move rest\n>p2 move gunkshot\n>p1 switch 5\n>p1 move aquajet\n>p2 move knockoff\n>p1 move aquajet\n>p2 move knockoff\n>p2 switch 3\n>p1 switch 2\n>p2 move crunch\n>p1 move knockoff\n>p2 switch 5\n>p1 switch 3\n>p2 move knockoff\n>p1 move dragondance\n>p2 move gunkshot\n>p1 switch 2\n>p1 move flipturn\n>p2 move knockoff\n>p1 switch 3\n>p1 move bulkup\n>p2 move knockoff\n>p1 move drainpunch\n>p2 move haze\n>p1 move drainpunch\n>p2 move gunkshot\n>p2 switch 5\n>p1 move machpunch\n>p2 move crunch\n>p1 switch 6\n>p1 move uturn\n>p2 switch 6\n>p1 switch 3\n>p1 move wavecrash\n>p2 move dragondance\n>p1 move aquajet\n>p2 move earthquake\n>p2 switch 2\n>p1 move aquajet\n>p2 move poisonjab\n>p1 switch 3\n>p1 move nuzzle\n>p2 move poisonjab\n>p1 move dazzlinggleam\n>p2 move poisonjab\n>p2 switch 6\n>p1 move nuzzle\n>p2 move psychicfangs terastallize\n>p1 switch 4\n>p1 move calmmind\n>p2 switch 4\n>p1 move moonlight\n>p2 move bravebird\n>p1 move moonlight\n>p2 move bravebird\n>p1 move moonlight\n>p2 move bravebird\n>p1 move moonlight\n>p2 switch 4\n>p1 move calmmind terastallize\n>p2 move crunch\n>p1 move calmmind\n>p2 switch 4\n>p1 move psyshock\n>p2 move closecombat", "uploadtime": 1781433411, "views": 5, "formatid": "gen9randombattle", "rating": null, "private": 0, "password": null}