{"id": "gen9randombattle-2631904731", "format": "[Gen 9] Random Battle", "players": ["blufferfish2009", "MMF6G"], "log": "|j|\u2606blufferfish2009\n|j|\u2606MMF6G\n|t:|1781454060\n|gametype|singles\n|player|p1|blufferfish2009|iris-gen5bw2|1976\n|player|p2|MMF6G|veteran|2037\n|gen|9\n|tier|[Gen 9] Random Battle\n|rated|\n|rule|Species Clause: Limit one of each Pok\u00e9mon\n|rule|HP Percentage Mod: HP is shown in percentages\n|rule|Sleep Clause Mod: Limit one foe put to sleep\n|rule|Illusion Level Mod: Illusion disguises the Pok\u00e9mon's true level\n|\n|t:|1781454060\n|teamsize|p1|6\n|teamsize|p2|6\n|start\n|switch|p1a: Tauros|Tauros-Paldea-Blaze, L81, M|254/254\n|switch|p2a: Komala|Komala, L88, M|258/258\n|-ability|p1a: Tauros|Intimidate|boost\n|-unboost|p2a: Komala|atk|1\n|-ability|p2a: Komala|Comatose\n|turn|1\n|inactive|Battle timer is ON: inactive players will automatically lose when time's up. (requested by MMF6G)\n|\n|t:|1781454066\n|switch|p2a: Granbull|Granbull, L88, F|302/302\n|-ability|p2a: Granbull|Intimidate|boost\n|-unboost|p1a: Tauros|atk|1\n|move|p1a: Tauros|Close Combat|p2a: Granbull\n|-resisted|p2a: Granbull\n|-damage|p2a: Granbull|237/302\n|-unboost|p1a: Tauros|def|1\n|-unboost|p1a: Tauros|spd|1\n|\n|-heal|p2a: Granbull|255/302|[from] item: Leftovers\n|upkeep\n|turn|2\n|\n|t:|1781454070\n|switch|p1a: Dragalge|Dragalge, L88, F|258/258\n|move|p2a: Granbull|Thunder Wave|p1a: Dragalge\n|-status|p1a: Dragalge|par\n|\n|-heal|p2a: Granbull|273/302|[from] item: Leftovers\n|upkeep\n|turn|3\n|\n|t:|1781454078\n|switch|p2a: Komala|Komala, L88, M|258/258\n|-ability|p2a: Komala|Comatose\n|move|p1a: Dragalge|Sludge Wave|p2a: Komala\n|-damage|p2a: Komala|124/258\n|\n|upkeep\n|turn|4\n|\n|t:|1781454087\n|switch|p1a: Ho-Oh|Ho-Oh, L71|268/268\n|move|p2a: Komala|Knock Off|p1a: Ho-Oh\n|-damage|p1a: Ho-Oh|171/268\n|-enditem|p1a: Ho-Oh|Heavy-Duty Boots|[from] move: Knock Off|[of] p2a: Komala\n|\n|upkeep\n|turn|5\n|\n|t:|1781454095\n|switch|p2a: Granbull|Granbull, L88, F|273/302\n|-ability|p2a: Granbull|Intimidate|boost\n|-unboost|p1a: Ho-Oh|atk|1\n|move|p1a: Ho-Oh|Brave Bird|p2a: Granbull\n|-damage|p2a: Granbull|188/302\n|-damage|p1a: Ho-Oh|143/268|[from] Recoil\n|\n|-heal|p2a: Granbull|206/302|[from] item: Leftovers\n|upkeep\n|turn|6\n|\n|t:|1781454102\n|move|p1a: Ho-Oh|Sacred Fire|p2a: Granbull\n|-damage|p2a: Granbull|136/302\n|-status|p2a: Granbull|brn\n|move|p2a: Granbull|Thunder Wave|p1a: Ho-Oh\n|-status|p1a: Ho-Oh|par\n|\n|-heal|p2a: Granbull|154/302 brn|[from] item: Leftovers\n|-damage|p2a: Granbull|136/302 brn|[from] brn\n|upkeep\n|turn|7\n|\n|t:|1781454108\n|move|p2a: Granbull|Play Rough|p1a: Ho-Oh\n|-resisted|p1a: Ho-Oh\n|-damage|p1a: Ho-Oh|110/268 par\n|move|p1a: Ho-Oh|Recover|p1a: Ho-Oh\n|-heal|p1a: Ho-Oh|244/268 par\n|\n|-heal|p2a: Granbull|154/302 brn|[from] item: Leftovers\n|-damage|p2a: Granbull|136/302 brn|[from] brn\n|upkeep\n|turn|8\n|inactive|blufferfish2009 has 120 seconds left.\n|\n|t:|1781454144\n|switch|p2a: Komala|Komala, L88, M|124/258\n|-ability|p2a: Komala|Comatose\n|move|p1a: Ho-Oh|Brave Bird|p2a: Komala\n|-damage|p2a: Komala|25/258\n|-damage|p1a: Ho-Oh|211/268 par|[from] Recoil\n|\n|upkeep\n|turn|9\n|\n|t:|1781454164\n|move|p2a: Komala|Body Slam|p1a: Ho-Oh\n|-damage|p1a: Ho-Oh|85/268 par\n|move|p1a: Ho-Oh|Earthquake|p2a: Komala\n|-damage|p2a: Komala|0 fnt\n|faint|p2a: Komala\n|\n|upkeep\n|inactive|MMF6G has 120 seconds left.\n|\n|t:|1781454200\n|switch|p2a: Bruxish|Bruxish, L85, M|254/254\n|turn|10\n|\n|t:|1781454209\n|move|p2a: Bruxish|Psychic Fangs|p1a: Ho-Oh\n|-damage|p1a: Ho-Oh|0 fnt\n|faint|p1a: Ho-Oh\n|-damage|p2a: Bruxish|229/254|[from] item: Life Orb\n|\n|upkeep\n|\n|t:|1781454212\n|switch|p1a: Espathra|Espathra, L80, F|283/283\n|turn|11\n|\n|t:|1781454216\n|switch|p2a: Granbull|Granbull, L88, F|136/302 brn\n|-ability|p2a: Granbull|Intimidate|boost\n|-unboost|p1a: Espathra|atk|1\n|move|p1a: Espathra|U-turn|p2a: Granbull\n|-resisted|p2a: Granbull\n|-damage|p2a: Granbull|125/302 brn\n|\n|t:|1781454233\n|switch|p1a: Tauros|Tauros-Paldea-Blaze, L81, M|254/254|[from] U-turn\n|-ability|p1a: Tauros|Intimidate|boost\n|-unboost|p2a: Granbull|atk|1\n|\n|-heal|p2a: Granbull|143/302 brn|[from] item: Leftovers\n|-damage|p2a: Granbull|125/302 brn|[from] brn\n|upkeep\n|turn|12\n|\n|t:|1781454237\n|switch|p2a: Arbok|Arbok, L87, F|246/246\n|-ability|p2a: Arbok|Intimidate|boost\n|-unboost|p1a: Tauros|atk|1\n|move|p1a: Tauros|Flare Blitz|p2a: Arbok\n|-damage|p2a: Arbok|86/246\n|-damage|p1a: Tauros|201/254|[from] Recoil\n|\n|-heal|p2a: Arbok|101/246|[from] item: Leftovers\n|upkeep\n|turn|13\n|\n|t:|1781454240\n|switch|p2a: Granbull|Granbull, L88, F|125/302 brn\n|-ability|p2a: Granbull|Intimidate|boost\n|-unboost|p1a: Tauros|atk|1\n|move|p1a: Tauros|Flare Blitz|p2a: Granbull\n|-damage|p2a: Granbull|26/302 brn\n|-damage|p1a: Tauros|168/254|[from] Recoil\n|\n|-heal|p2a: Granbull|44/302 brn|[from] item: Leftovers\n|-damage|p2a: Granbull|26/302 brn|[from] brn\n|upkeep\n|turn|14\n|\n|t:|1781454243\n|move|p1a: Tauros|Flare Blitz|p2a: Granbull\n|-damage|p2a: Granbull|0 fnt\n|faint|p2a: Granbull\n|-damage|p1a: Tauros|159/254|[from] Recoil\n|\n|upkeep\n|\n|t:|1781454251\n|switch|p2a: Arbok|Arbok, L87, F|101/246\n|-ability|p2a: Arbok|Intimidate|boost\n|-unboost|p1a: Tauros|atk|1\n|turn|15\n|\n|t:|1781454268\n|move|p1a: Tauros|Flare Blitz|p2a: Arbok\n|-damage|p2a: Arbok|17/246\n|-damage|p1a: Tauros|131/254|[from] Recoil\n|move|p2a: Arbok|Trailblaze|p1a: Tauros\n|-resisted|p1a: Tauros\n|-damage|p1a: Tauros|114/254\n|-boost|p2a: Arbok|spe|1\n|\n|-heal|p2a: Arbok|32/246|[from] item: Leftovers\n|upkeep\n|turn|16\n|inactive|blufferfish2009 has 120 seconds left.\n|\n|t:|1781454302\n|switch|p1a: Dragalge|Dragalge, L88, F|258/258 par\n|move|p2a: Arbok|Earthquake|p1a: Dragalge\n|-supereffective|p1a: Dragalge\n|-damage|p1a: Dragalge|116/258 par\n|\n|-heal|p2a: Arbok|47/246|[from] item: Leftovers\n|upkeep\n|turn|17\n|inactive|MMF6G has 120 seconds left.\n|\n|t:|1781454348\n|switch|p1a: Cryogonal|Cryogonal, L89|287/287\n|move|p2a: Arbok|Earthquake|p1a: Cryogonal\n|-immune|p1a: Cryogonal|[from] ability: Levitate\n|\n|-heal|p2a: Arbok|62/246|[from] item: Leftovers\n|upkeep\n|turn|18\n|inactive|blufferfish2009 has 120 seconds left.\n|\n|t:|1781454366\n|move|p2a: Arbok|Gunk Shot|p1a: Cryogonal|[miss]\n|-miss|p2a: Arbok|p1a: Cryogonal\n|move|p1a: Cryogonal|Ice Beam|p2a: Arbok\n|-damage|p2a: Arbok|0 fnt\n|faint|p2a: Arbok\n|\n|upkeep\n|\n|t:|1781454379\n|switch|p2a: Bruxish|Bruxish, L85, M|229/254\n|turn|19\n|\n|t:|1781454393\n|-terastallize|p1a: Cryogonal|Electric\n|move|p1a: Cryogonal|Recover||[still]\n|-fail|p1a: Cryogonal|heal\n|move|p2a: Bruxish|Psychic Fangs|p1a: Cryogonal\n|-damage|p1a: Cryogonal|1/287\n|-damage|p2a: Bruxish|204/254|[from] item: Life Orb\n|\n|upkeep\n|turn|20\n|\n|t:|1781454398\n|switch|p2a: Hatterene|Hatterene, L85, F|236/236\n|move|p1a: Cryogonal|Tera Blast|p2a: Hatterene|[anim] Tera Blast Electric\n|-damage|p2a: Hatterene|178/236\n|\n|upkeep\n|turn|21\n|\n|t:|1781454400\n|move|p1a: Cryogonal|Recover|p1a: Cryogonal\n|-heal|p1a: Cryogonal|145/287\n|move|p2a: Hatterene|Draining Kiss|p1a: Cryogonal\n|-damage|p1a: Cryogonal|93/287\n|-heal|p2a: Hatterene|217/236|[from] drain|[of] p1a: Cryogonal\n|\n|upkeep\n|turn|22\n|\n|t:|1781454419\n|move|p1a: Cryogonal|Recover|p1a: Cryogonal\n|-heal|p1a: Cryogonal|237/287\n|move|p2a: Hatterene|Mystical Fire|p1a: Cryogonal\n|-damage|p1a: Cryogonal|190/287\n|-unboost|p1a: Cryogonal|spa|1\n|\n|upkeep\n|turn|23\n|\n|t:|1781454424\n|move|p1a: Cryogonal|Ice Beam|p2a: Hatterene\n|-damage|p2a: Hatterene|180/236\n|move|p2a: Hatterene|Mystical Fire|p1a: Cryogonal\n|-damage|p1a: Cryogonal|143/287\n|-unboost|p1a: Cryogonal|spa|1\n|\n|upkeep\n|turn|24\n|\n|t:|1781454432\n|move|p1a: Cryogonal|Recover|p1a: Cryogonal\n|-heal|p1a: Cryogonal|287/287\n|move|p2a: Hatterene|Mystical Fire|p1a: Cryogonal\n|-damage|p1a: Cryogonal|239/287\n|-unboost|p1a: Cryogonal|spa|1\n|\n|upkeep\n|turn|25\n|\n|t:|1781454441\n|switch|p1a: Dragalge|Dragalge, L88, F|116/258 par\n|move|p2a: Hatterene|Nuzzle|p1a: Dragalge\n|-resisted|p1a: Dragalge\n|-damage|p1a: Dragalge|110/258 par\n|\n|upkeep\n|turn|26\n|\n|t:|1781454445\n|move|p2a: Hatterene|Psychic|p1a: Dragalge\n|-supereffective|p1a: Dragalge\n|-damage|p1a: Dragalge|0 fnt\n|faint|p1a: Dragalge\n|\n|upkeep\n|\n|t:|1781454448\n|switch|p1a: Flapple|Flapple, L88, M|266/266\n|turn|27\n|\n|t:|1781454454\n|move|p1a: Flapple|Grav Apple|p2a: Hatterene\n|-damage|p2a: Hatterene|45/236\n|-unboost|p2a: Hatterene|def|1\n|move|p2a: Hatterene|Draining Kiss|p1a: Flapple\n|-supereffective|p1a: Flapple\n|-damage|p1a: Flapple|98/266\n|-heal|p2a: Hatterene|171/236|[from] drain|[of] p1a: Flapple\n|\n|upkeep\n|turn|28\n|\n|t:|1781454466\n|-terastallize|p2a: Hatterene|Steel\n|move|p1a: Flapple|Grav Apple|p2a: Hatterene|[miss]\n|-miss|p1a: Flapple|p2a: Hatterene\n|move|p2a: Hatterene|Draining Kiss|p1a: Flapple\n|-supereffective|p1a: Flapple\n|-damage|p1a: Flapple|0 fnt\n|-heal|p2a: Hatterene|236/236|[from] drain|[of] p1a: Flapple\n|faint|p1a: Flapple\n|\n|upkeep\n|\n|t:|1781454468\n|switch|p1a: Tauros|Tauros-Paldea-Blaze, L81, M|114/254\n|-ability|p1a: Tauros|Intimidate|boost\n|-unboost|p2a: Hatterene|atk|1\n|turn|29\n|\n|t:|1781454472\n|move|p1a: Tauros|Close Combat|p2a: Hatterene\n|-supereffective|p2a: Hatterene\n|-damage|p2a: Hatterene|0 fnt\n|-unboost|p1a: Tauros|def|1\n|-unboost|p1a: Tauros|spd|1\n|faint|p2a: Hatterene\n|\n|upkeep\n|\n|t:|1781454476\n|switch|p2a: Bruxish|Bruxish, L85, M|204/254\n|turn|30\n|\n|t:|1781454500\n|move|p1a: Tauros|Close Combat|p2a: Bruxish\n|-resisted|p2a: Bruxish\n|-damage|p2a: Bruxish|97/254\n|-unboost|p1a: Tauros|def|1\n|-unboost|p1a: Tauros|spd|1\n|move|p2a: Bruxish|Wave Crash|p1a: Tauros\n|-supereffective|p1a: Tauros\n|-crit|p1a: Tauros\n|-damage|p1a: Tauros|0 fnt\n|faint|p1a: Tauros\n|-damage|p2a: Bruxish|59/254|[from] Recoil\n|-damage|p2a: Bruxish|34/254|[from] item: Life Orb\n|\n|upkeep\n|\n|t:|1781454502\n|switch|p1a: Espathra|Espathra, L80, F|283/283\n|turn|31\n|\n|t:|1781454507\n|move|p1a: Espathra|Lumina Crash|p2a: Bruxish\n|-resisted|p2a: Bruxish\n|-damage|p2a: Bruxish|0 fnt\n|faint|p2a: Bruxish\n|\n|-ability|p1a: Espathra|Speed Boost|boost\n|-boost|p1a: Espathra|spe|1\n|upkeep\n|\n|t:|1781454508\n|switch|p2a: Haxorus|Haxorus, L77, M|244/244\n|-ability|p2a: Haxorus|Mold Breaker\n|turn|32\n|\n|t:|1781454512\n|move|p1a: Espathra|Lumina Crash|p2a: Haxorus\n|-damage|p2a: Haxorus|87/244\n|-unboost|p2a: Haxorus|spd|2\n|move|p2a: Haxorus|Dragon Dance|p2a: Haxorus\n|-boost|p2a: Haxorus|atk|1\n|-boost|p2a: Haxorus|spe|1\n|\n|-ability|p1a: Espathra|Speed Boost|boost\n|-boost|p1a: Espathra|spe|1\n|upkeep\n|turn|33\n|\n|t:|1781454514\n|move|p1a: Espathra|Lumina Crash|p2a: Haxorus\n|-damage|p2a: Haxorus|0 fnt\n|faint|p2a: Haxorus\n|\n|win|blufferfish2009\n", "inputlog": ">version a8376a258c1d4662feba110a92103f3664a72141\n>start {\"formatid\":\"gen9randombattle\",\"seed\":\"sodium,572f1326c2eba8085cc25f9c7c46c5bd\",\"rated\":\"Rated battle\"}\n>player p1 {\"name\":\"blufferfish2009\",\"avatar\":\"iris-gen5bw2\",\"rating\":1976,\"seed\":\"sodium,510268c62aa6a7e93f825f40cfefac29\"}\n>player p2 {\"name\":\"MMF6G\",\"avatar\":\"veteran\",\"rating\":2037,\"seed\":\"sodium,27206eb7ed3f751786771b8495af191d\"}\n>p1 move closecombat\n>p2 switch 3\n>p1 switch 5\n>p2 move thunderwave\n>p1 move sludgewave\n>p2 switch 3\n>p1 switch 2\n>p2 move knockoff\n>p1 move bravebird\n>p2 switch 3\n>p1 move sacredfire\n>p2 move thunderwave\n>p1 move recover\n>p2 move playrough\n>p1 move bravebird\n>p2 switch 3\n>p1 move earthquake\n>p2 move bodyslam\n>p2 switch 6\n>p1 move sacredfire\n>p2 move psychicfangs\n>p1 switch 4\n>p1 move uturn\n>p2 switch 3\n>p1 switch 5\n>p1 move flareblitz\n>p2 switch 2\n>p1 move flareblitz\n>p2 switch 2\n>p1 move flareblitz\n>p2 move thunderwave\n>p2 switch 2\n>p1 move flareblitz\n>p2 move trailblaze\n>p1 switch 2\n>p2 move earthquake\n>p1 switch 6\n>p2 move earthquake\n>p1 move icebeam\n>p2 move gunkshot\n>p2 switch 3\n>p1 move recover terastallize\n>p2 move psychicfangs\n>p1 move terablast\n>p2 switch 5\n>p1 move recover\n>p2 move drainingkiss\n>p1 move recover\n>p2 move mysticalfire\n>p1 move icebeam\n>p2 move mysticalfire\n>p1 move recover\n>p2 move mysticalfire\n>p1 switch 6\n>p2 move nuzzle\n>p1 move sludgewave\n>p2 move psychic\n>p1 switch 3\n>p1 move gravapple\n>p2 move drainingkiss\n>p1 move gravapple\n>p2 move drainingkiss terastallize\n>p1 switch 2\n>p1 move closecombat\n>p2 move drainingkiss\n>p2 switch 5\n>p1 move closecombat\n>p2 move wavecrash\n>p1 switch 5\n>p1 move luminacrash\n>p2 move wavecrash\n>p2 switch 4\n>p1 move luminacrash\n>p2 move dragondance\n>p1 move luminacrash\n>p2 move outrage", "uploadtime": 1781454061, "views": 4, "formatid": "gen9randombattle", "rating": null, "private": 0, "password": null}