{"id": "gen9randombattle-2631386597", "format": "[Gen 9] Random Battle", "players": ["dadwing", "KnuckleTesting"], "log": "|j|\u2606dadwing\n|j|\u2606KnuckleTesting\n|t:|1781378556\n|gametype|singles\n|player|p1|dadwing|gambler|1202\n|player|p2|KnuckleTesting|169|1145\n|gen|9\n|tier|[Gen 9] Random Battle\n|rated|\n|rule|Species Clause: Limit one of each Pok\u00e9mon\n|rule|HP Percentage Mod: HP is shown in percentages\n|rule|Sleep Clause Mod: Limit one foe put to sleep\n|rule|Illusion Level Mod: Illusion disguises the Pok\u00e9mon's true level\n|\n|t:|1781378556\n|teamsize|p1|6\n|teamsize|p2|6\n|start\n|switch|p1a: Volbeat|Volbeat, L90, M|263/263\n|switch|p2a: Moltres|Moltres-Galar, L79|271/271\n|turn|1\n|inactive|Battle timer is ON: inactive players will automatically lose when time's up. (requested by KnuckleTesting)\n|\n|t:|1781378578\n|switch|p2a: Porygon2|Porygon2, L81|270/270\n|-ability|p2a: Porygon2|Download|boost\n|-boost|p2a: Porygon2|atk|1\n|move|p1a: Volbeat|Thunder Wave|p2a: Porygon2|[miss]\n|-miss|p1a: Volbeat|p2a: Porygon2\n|\n|upkeep\n|turn|2\n|\n|t:|1781378596\n|switch|p2a: Chansey|Chansey, L85, F|564/564\n|move|p1a: Volbeat|Encore||[still]\n|-fail|p1a: Volbeat\n|\n|upkeep\n|turn|3\n|\n|t:|1781378605\n|switch|p2a: Moltres|Moltres-Galar, L79|271/271\n|move|p1a: Volbeat|Thunder Wave|p2a: Moltres\n|-hint|Since gen 7, Dark is immune to Prankster moves.\n|-immune|p2a: Moltres\n|\n|upkeep\n|turn|4\n|\n|t:|1781378611\n|move|p1a: Volbeat|U-turn|p2a: Moltres\n|-damage|p2a: Moltres|198/271\n|\n|t:|1781378614\n|switch|p1a: Lapras|Lapras, L87, F|367/367|[from] U-turn\n|move|p2a: Moltres|Agility|p2a: Moltres\n|-boost|p2a: Moltres|spe|2\n|\n|upkeep\n|turn|5\n|\n|t:|1781378631\n|move|p2a: Moltres|Nasty Plot|p2a: Moltres\n|-boost|p2a: Moltres|spa|2\n|move|p1a: Lapras|Ice Beam|p2a: Moltres\n|-supereffective|p2a: Moltres\n|-damage|p2a: Moltres|0 fnt\n|faint|p2a: Moltres\n|\n|upkeep\n|\n|t:|1781378643\n|switch|p2a: Chansey|Chansey, L85, F|564/564\n|turn|6\n|\n|t:|1781378647\n|move|p1a: Lapras|Ice Beam|p2a: Chansey\n|-damage|p2a: Chansey|485/564\n|move|p2a: Chansey|Stealth Rock|p1a: Lapras\n|-sidestart|p1: dadwing|move: Stealth Rock\n|\n|upkeep\n|turn|7\n|\n|t:|1781378672\n|switch|p1a: Okidogi|Okidogi, L77, M|262/262\n|-damage|p1a: Okidogi|246/262|[from] Stealth Rock\n|move|p2a: Chansey|Thunder Wave|p1a: Okidogi\n|-status|p1a: Okidogi|par\n|\n|-heal|p1a: Okidogi|262/262 par|[from] item: Leftovers\n|upkeep\n|turn|8\n|\n|t:|1781378679\n|switch|p2a: Salazzle|Salazzle, L83, F|249/249\n|move|p1a: Okidogi|Bulk Up|p1a: Okidogi\n|-boost|p1a: Okidogi|atk|1\n|-boost|p1a: Okidogi|def|1\n|\n|upkeep\n|turn|9\n|\n|t:|1781378689\n|move|p2a: Salazzle|Nasty Plot|p2a: Salazzle\n|-boost|p2a: Salazzle|spa|2\n|move|p1a: Okidogi|Knock Off|p2a: Salazzle\n|-damage|p2a: Salazzle|98/249\n|-enditem|p2a: Salazzle|Heavy-Duty Boots|[from] move: Knock Off|[of] p1a: Okidogi\n|\n|upkeep\n|turn|10\n|\n|t:|1781378696\n|move|p2a: Salazzle|Fire Blast|p1a: Okidogi\n|-damage|p1a: Okidogi|0 fnt\n|faint|p1a: Okidogi\n|\n|upkeep\n|\n|t:|1781378702\n|switch|p1a: Lapras|Lapras, L87, F|367/367\n|-damage|p1a: Lapras|276/367|[from] Stealth Rock\n|turn|11\n|\n|t:|1781378708\n|move|p2a: Salazzle|Sludge Wave|p1a: Lapras\n|-damage|p1a: Lapras|92/367\n|move|p1a: Lapras|Hydro Pump|p2a: Salazzle|[miss]\n|-miss|p1a: Lapras|p2a: Salazzle\n|\n|upkeep\n|turn|12\n|\n|t:|1781378717\n|move|p2a: Salazzle|Sludge Wave|p1a: Lapras\n|-damage|p1a: Lapras|0 fnt\n|faint|p1a: Lapras\n|\n|upkeep\n|\n|t:|1781378724\n|switch|p1a: Volbeat|Volbeat, L90, M|263/263\n|turn|13\n|inactive|KnuckleTesting has 120 seconds left.\n|inactive|KnuckleTesting has 90 seconds left.\n|inactive|KnuckleTesting has 60 seconds left.\n|\n|t:|1781378822\n|-terastallize|p1a: Volbeat|Steel\n|move|p1a: Volbeat|Encore|p2a: Salazzle\n|-start|p2a: Salazzle|Encore\n|move|p2a: Salazzle|Sludge Wave|p1a: Volbeat\n|-immune|p1a: Volbeat\n|\n|upkeep\n|turn|14\n|inactive|KnuckleTesting has 60 seconds left.\n|\n|t:|1781378836\n|switch|p2a: Chansey|Chansey, L85, F|485/564\n|move|p1a: Volbeat|Thunder Wave|p2a: Chansey\n|-status|p2a: Chansey|par\n|\n|upkeep\n|turn|15\n|inactive|KnuckleTesting has 60 seconds left.\n|inactive|dadwing has 120 seconds left.\n|\n|t:|1781378873\n|move|p1a: Volbeat|U-turn|p2a: Chansey\n|-damage|p2a: Chansey|335/564 par\n|\n|t:|1781378876\n|switch|p1a: Mandibuzz|Mandibuzz, L85, F|326/326|[from] U-turn\n|move|p2a: Chansey|Seismic Toss|p1a: Mandibuzz\n|-damage|p1a: Mandibuzz|241/326\n|\n|upkeep\n|turn|16\n|inactive|dadwing has 120 seconds left.\n|\n|t:|1781378902\n|-curestatus|p2a: Chansey|par|[from] ability: Natural Cure|[silent]\n|switch|p2a: Salazzle|Salazzle, L83, F|98/249\n|move|p1a: Mandibuzz|Foul Play|p2a: Salazzle\n|-damage|p2a: Salazzle|22/249\n|\n|upkeep\n|turn|17\n|\n|t:|1781378913\n|move|p2a: Salazzle|Fire Blast|p1a: Mandibuzz\n|-damage|p1a: Mandibuzz|114/326\n|move|p1a: Mandibuzz|Brave Bird|p2a: Salazzle\n|-damage|p2a: Salazzle|0 fnt\n|faint|p2a: Salazzle\n|-damage|p1a: Mandibuzz|107/326|[from] Recoil\n|\n|upkeep\n|inactive|KnuckleTesting has 60 seconds left.\n|\n|t:|1781378945\n|switch|p2a: Raging Bolt|Raging Bolt, L78|323/323\n|-enditem|p2a: Raging Bolt|Booster Energy\n|-activate|p2a: Raging Bolt|ability: Protosynthesis|[fromitem]\n|-start|p2a: Raging Bolt|protosynthesisspa\n|turn|18\n|\n|t:|1781378954\n|move|p1a: Mandibuzz|Roost|p1a: Mandibuzz\n|-heal|p1a: Mandibuzz|270/326\n|-singleturn|p1a: Mandibuzz|move: Roost\n|move|p2a: Raging Bolt|Thunderbolt|p1a: Mandibuzz\n|-damage|p1a: Mandibuzz|125/326\n|\n|upkeep\n|turn|19\n|inactive|dadwing has 120 seconds left.\n|\n|t:|1781378976\n|move|p1a: Mandibuzz|Roost|p1a: Mandibuzz\n|-heal|p1a: Mandibuzz|288/326\n|-singleturn|p1a: Mandibuzz|move: Roost\n|move|p2a: Raging Bolt|Calm Mind|p2a: Raging Bolt\n|-boost|p2a: Raging Bolt|spa|1\n|-boost|p2a: Raging Bolt|spd|1\n|\n|upkeep\n|turn|20\n|\n|t:|1781378987\n|move|p1a: Mandibuzz|Defog|p2a: Raging Bolt\n|-unboost|p2a: Raging Bolt|evasion|1\n|-sideend|p1: dadwing|Stealth Rock|[from] move: Defog|[of] p1a: Mandibuzz\n|move|p2a: Raging Bolt|Thunderbolt|p1a: Mandibuzz\n|-supereffective|p1a: Mandibuzz\n|-damage|p1a: Mandibuzz|0 fnt\n|faint|p1a: Mandibuzz\n|\n|upkeep\n|\n|t:|1781378995\n|switch|p1a: Zacian|Zacian, L69|241/241\n|-ability|p1a: Zacian|Intrepid Sword|boost\n|-boost|p1a: Zacian|atk|1\n|turn|21\n|\n|t:|1781379008\n|move|p1a: Zacian|Play Rough|p2a: Raging Bolt\n|-supereffective|p2a: Raging Bolt\n|-damage|p2a: Raging Bolt|8/323\n|-damage|p1a: Zacian|217/241|[from] item: Life Orb\n|move|p2a: Raging Bolt|Thunderbolt|p1a: Zacian\n|-damage|p1a: Zacian|1/241\n|\n|upkeep\n|turn|22\n|inactive|dadwing has 120 seconds left.\n|inactive|dadwing has 90 seconds left.\n|\n|t:|1781379047\n|move|p2a: Raging Bolt|Thunderclap|p1a: Zacian\n|-damage|p1a: Zacian|0 fnt\n|faint|p1a: Zacian\n|\n|upkeep\n|\n|t:|1781379051\n|switch|p1a: Volbeat|Volbeat, L90, M, tera:Steel|263/263\n|turn|23\n|\n|t:|1781379056\n|move|p1a: Volbeat|U-turn|p2a: Raging Bolt\n|-damage|p2a: Raging Bolt|0 fnt\n|faint|p2a: Raging Bolt\n|-end|p2a: Raging Bolt|Protosynthesis|[silent]\n|\n|t:|1781379059\n|switch|p1a: Alomomola|Alomomola, L87, M|429/429|[from] U-turn\n|\n|upkeep\n|inactive|KnuckleTesting has 90 seconds left.\n|\n|t:|1781379069\n|switch|p2a: Brambleghast|Brambleghast, L88, M|240/240\n|turn|24\n|inactive|dadwing has 120 seconds left.\n|\n|t:|1781379089\n|move|p1a: Alomomola|Protect|p1a: Alomomola\n|-singleturn|p1a: Alomomola|Protect\n|move|p2a: Brambleghast|Substitute|p2a: Brambleghast\n|-start|p2a: Brambleghast|Substitute\n|-damage|p2a: Brambleghast|180/240\n|\n|-heal|p2a: Brambleghast|195/240|[from] item: Leftovers\n|upkeep\n|turn|25\n|\n|t:|1781379097\n|switch|p1a: Volbeat|Volbeat, L90, M, tera:Steel|263/263\n|move|p2a: Brambleghast|Leech Seed|p1a: Volbeat\n|-start|p1a: Volbeat|move: Leech Seed\n|\n|-heal|p2a: Brambleghast|210/240|[from] item: Leftovers\n|-damage|p1a: Volbeat|231/263|[from] Leech Seed|[of] p2a: Brambleghast\n|-heal|p2a: Brambleghast|240/240|[silent]\n|upkeep\n|turn|26\n|\n|t:|1781379106\n|move|p1a: Volbeat|Encore|p2a: Brambleghast\n|-start|p2a: Brambleghast|Encore\n|move|p2a: Brambleghast|Leech Seed||[still]\n|-fail|p2a: Brambleghast\n|\n|-damage|p1a: Volbeat|199/263|[from] Leech Seed|[of] p2a: Brambleghast\n|upkeep\n|turn|27\n|inactive|dadwing has 120 seconds left.\n|\n|t:|1781379126\n|move|p2a: Brambleghast|Leech Seed||[still]\n|-fail|p2a: Brambleghast\n|move|p1a: Volbeat|U-turn|p2a: Brambleghast\n|-end|p2a: Brambleghast|Substitute\n|\n|t:|1781379131\n|switch|p1a: Alomomola|Alomomola, L87, M|429/429|[from] U-turn\n|\n|upkeep\n|turn|28\n|\n|t:|1781379137\n|move|p2a: Brambleghast|Leech Seed|p1a: Alomomola\n|-start|p1a: Alomomola|move: Leech Seed\n|move|p1a: Alomomola|Wish|p1a: Alomomola\n|\n|-damage|p1a: Alomomola|376/429|[from] Leech Seed|[of] p2a: Brambleghast\n|-end|p2a: Brambleghast|Encore\n|upkeep\n|turn|29\n|\n|t:|1781379146\n|switch|p1a: Volbeat|Volbeat, L90, M, tera:Steel|199/263\n|move|p2a: Brambleghast|Power Whip|p1a: Volbeat|[miss]\n|-miss|p2a: Brambleghast|p1a: Volbeat\n|\n|-heal|p1a: Volbeat|263/263|[from] move: Wish|[wisher] Alomomola\n|upkeep\n|turn|30\n|inactive|dadwing has 120 seconds left.\n|\n|t:|1781379158\n|move|p1a: Volbeat|Encore|p2a: Brambleghast\n|-start|p2a: Brambleghast|Encore\n|move|p2a: Brambleghast|Power Whip|p1a: Volbeat\n|-resisted|p1a: Volbeat\n|-damage|p1a: Volbeat|182/263\n|\n|upkeep\n|turn|31\n|inactive|dadwing has 120 seconds left.\n|\n|t:|1781379164\n|move|p2a: Brambleghast|Power Whip|p1a: Volbeat\n|-resisted|p1a: Volbeat\n|-damage|p1a: Volbeat|99/263\n|move|p1a: Volbeat|U-turn|p2a: Brambleghast\n|-damage|p2a: Brambleghast|162/240\n|inactive|dadwing has 120 seconds left.\n|\n|t:|1781379170\n|switch|p1a: Alomomola|Alomomola, L87, M|429/429|[from] U-turn\n|\n|-heal|p2a: Brambleghast|177/240|[from] item: Leftovers\n|upkeep\n|turn|32\n|\n|t:|1781379178\n|move|p2a: Brambleghast|Power Whip|p1a: Alomomola\n|-supereffective|p1a: Alomomola\n|-damage|p1a: Alomomola|93/429\n|move|p1a: Alomomola|Wish|p1a: Alomomola\n|\n|-heal|p2a: Brambleghast|192/240|[from] item: Leftovers\n|-end|p2a: Brambleghast|Encore\n|upkeep\n|turn|33\n|inactive|dadwing has 120 seconds left.\n|\n|t:|1781379198\n|move|p2a: Brambleghast|Poltergeist|p1a: Alomomola|[miss]\n|-miss|p2a: Brambleghast|p1a: Alomomola\n|move|p1a: Alomomola|Wish||[still]\n|-fail|p1a: Alomomola\n|\n|-heal|p1a: Alomomola|307/429|[from] move: Wish|[wisher] Alomomola\n|-heal|p2a: Brambleghast|207/240|[from] item: Leftovers\n|upkeep\n|turn|34\n|inactive|dadwing has 120 seconds left.\n|\n|t:|1781379211\n|move|p2a: Brambleghast|Power Whip|p1a: Alomomola\n|-supereffective|p1a: Alomomola\n|-damage|p1a: Alomomola|0 fnt\n|faint|p1a: Alomomola\n|\n|-heal|p2a: Brambleghast|222/240|[from] item: Leftovers\n|upkeep\n|inactive|dadwing has 120 seconds left.\n|inactive|dadwing has 90 seconds left.\n|c|\u2606KnuckleTesting|Classless timerstall. Nice\n|\n|t:|1781379264\n|switch|p1a: Volbeat|Volbeat, L90, M, tera:Steel|99/263\n|turn|35\n|c|\u2606dadwing|no sorry\n|\n|t:|1781379272\n|switch|p2a: Chansey|Chansey, L85, F|335/564\n|move|p1a: Volbeat|U-turn|p2a: Chansey\n|-damage|p2a: Chansey|179/564\n|\n|upkeep\n|turn|36\n|\n|t:|1781379281\n|move|p1a: Volbeat|Roost|p1a: Volbeat\n|-heal|p1a: Volbeat|231/263\n|move|p2a: Chansey|Seismic Toss|p1a: Volbeat\n|-damage|p1a: Volbeat|146/263\n|\n|upkeep\n|turn|37\n|inactive|dadwing has 90 seconds left.\n|\n|t:|1781379286\n|move|p1a: Volbeat|Roost|p1a: Volbeat\n|-heal|p1a: Volbeat|263/263\n|move|p2a: Chansey|Thunder Wave|p1a: Volbeat\n|-status|p1a: Volbeat|par\n|\n|upkeep\n|turn|38\n|\n|t:|1781379295\n|move|p1a: Volbeat|Encore|p2a: Chansey\n|-start|p2a: Chansey|Encore\n|move|p2a: Chansey|Thunder Wave|p1a: Volbeat\n|-fail|p1a: Volbeat|par\n|\n|upkeep\n|turn|39\n|\n|t:|1781379302\n|switch|p2a: Porygon2|Porygon2, L81|270/270\n|-ability|p2a: Porygon2|Download|boost\n|-boost|p2a: Porygon2|atk|1\n|move|p1a: Volbeat|U-turn|p2a: Porygon2\n|-damage|p2a: Porygon2|227/270\n|\n|upkeep\n|turn|40\n|\n|t:|1781379313\n|move|p1a: Volbeat|Thunder Wave|p2a: Porygon2\n|-status|p2a: Porygon2|par\n|move|p2a: Porygon2|Ice Beam|p1a: Volbeat\n|-resisted|p1a: Volbeat\n|-damage|p1a: Volbeat|231/263 par\n|\n|upkeep\n|turn|41\n|\n|t:|1781379321\n|cant|p1a: Volbeat|par\n|cant|p2a: Porygon2|par\n|\n|upkeep\n|turn|42\n|\n|t:|1781379325\n|cant|p1a: Volbeat|par\n|move|p2a: Porygon2|Discharge|p1a: Volbeat\n|-damage|p1a: Volbeat|178/263 par\n|\n|upkeep\n|turn|43\n|\n|t:|1781379330\n|move|p1a: Volbeat|U-turn|p2a: Porygon2\n|-damage|p2a: Porygon2|178/270 par\n|cant|p2a: Porygon2|par\n|\n|upkeep\n|turn|44\n|\n|t:|1781379334\n|move|p1a: Volbeat|U-turn|p2a: Porygon2\n|-damage|p2a: Porygon2|127/270 par\n|move|p2a: Porygon2|Discharge|p1a: Volbeat\n|-damage|p1a: Volbeat|126/263 par\n|\n|upkeep\n|turn|45\n|\n|t:|1781379341\n|cant|p1a: Volbeat|par\n|move|p2a: Porygon2|Discharge|p1a: Volbeat\n|-damage|p1a: Volbeat|74/263 par\n|\n|upkeep\n|turn|46\n|\n|t:|1781379346\n|cant|p1a: Volbeat|par\n|move|p2a: Porygon2|Discharge|p1a: Volbeat\n|-damage|p1a: Volbeat|22/263 par\n|\n|upkeep\n|turn|47\n|\n|t:|1781379351\n|move|p1a: Volbeat|Roost|p1a: Volbeat\n|-heal|p1a: Volbeat|154/263 par\n|move|p2a: Porygon2|Discharge|p1a: Volbeat\n|-damage|p1a: Volbeat|104/263 par\n|\n|upkeep\n|turn|48\n|c|\u2606KnuckleTesting|Bro\n|c|\u2606dadwing|i know\n|c|\u2606dadwing|3 times\n|c|\u2606KnuckleTesting|Can you Just forfeit\n|c|\u2606dadwing|no\n|inactive|KnuckleTesting has 120 seconds left.\n|c|\u2606KnuckleTesting|You loose this 100% lol\n|c|\u2606dadwing|dk\n|c|\u2606KnuckleTesting|You are literally wasting our time\n|inactive|KnuckleTesting has 90 seconds left.\n|\n|t:|1781379414\n|move|p1a: Volbeat|Roost|p1a: Volbeat\n|-heal|p1a: Volbeat|236/263 par\n|move|p2a: Porygon2|Discharge|p1a: Volbeat\n|-damage|p1a: Volbeat|178/263 par\n|\n|upkeep\n|turn|49\n|c|\u2606dadwing|forfeit then\n|\n|t:|1781379422\n|move|p1a: Volbeat|U-turn|p2a: Porygon2\n|-damage|p2a: Porygon2|79/270 par\n|move|p2a: Porygon2|Recover|p2a: Porygon2\n|-heal|p2a: Porygon2|214/270 par\n|\n|upkeep\n|turn|50\n|c|\u2606KnuckleTesting|Im winning\n|c|\u2606KnuckleTesting|You are being a Bad loser\n|\n|t:|1781379438\n|switch|p2a: Brambleghast|Brambleghast, L88, M|222/240\n|cant|p1a: Volbeat|par\n|\n|-heal|p2a: Brambleghast|237/240|[from] item: Leftovers\n|upkeep\n|turn|51\n|\n|t:|1781379446\n|move|p2a: Brambleghast|Leech Seed|p1a: Volbeat\n|-start|p1a: Volbeat|move: Leech Seed\n|move|p1a: Volbeat|U-turn|p2a: Brambleghast\n|-damage|p2a: Brambleghast|162/240\n|\n|-heal|p2a: Brambleghast|177/240|[from] item: Leftovers\n|-damage|p1a: Volbeat|146/263 par|[from] Leech Seed|[of] p2a: Brambleghast\n|-heal|p2a: Brambleghast|209/240|[silent]\n|upkeep\n|turn|52\n|c|\u2606KnuckleTesting|But oh Well. Im gonna Stretch your fate then. Enyoj.\n|\n|t:|1781379465\n|switch|p2a: Chansey|Chansey, L85, F|179/564\n|move|p1a: Volbeat|U-turn|p2a: Chansey\n|-damage|p2a: Chansey|16/564\n|\n|-damage|p1a: Volbeat|114/263 par|[from] Leech Seed|[of] p2a: Chansey\n|-heal|p2a: Chansey|48/564|[silent]\n|upkeep\n|turn|53\n|c|\u2606dadwing|then play smthing else\n|\n|t:|1781379474\n|move|p2a: Chansey|Soft-Boiled|p2a: Chansey\n|-heal|p2a: Chansey|330/564\n|cant|p1a: Volbeat|par\n|\n|-damage|p1a: Volbeat|82/263 par|[from] Leech Seed|[of] p2a: Chansey\n|-heal|p2a: Chansey|362/564|[silent]\n|upkeep\n|turn|54\n|\n|t:|1781379481\n|move|p1a: Volbeat|Roost|p1a: Volbeat\n|-heal|p1a: Volbeat|214/263 par\n|move|p2a: Chansey|Stealth Rock|p1a: Volbeat\n|-sidestart|p1: dadwing|move: Stealth Rock\n|\n|-damage|p1a: Volbeat|182/263 par|[from] Leech Seed|[of] p2a: Chansey\n|-heal|p2a: Chansey|394/564|[silent]\n|upkeep\n|turn|55\n|\n|t:|1781379487\n|move|p1a: Volbeat|Roost|p1a: Volbeat\n|-heal|p1a: Volbeat|263/263 par\n|move|p2a: Chansey|Stealth Rock||[still]\n|-fail|p2a: Chansey\n|\n|-damage|p1a: Volbeat|231/263 par|[from] Leech Seed|[of] p2a: Chansey\n|-heal|p2a: Chansey|426/564|[silent]\n|upkeep\n|turn|56\n|inactive|KnuckleTesting has 120 seconds left.\n|c|\u2606KnuckleTesting|Bro you are being disresprectful\n|c|\u2606KnuckleTesting|This is so unnecessary\n|\n|t:|1781379519\n|move|p1a: Volbeat|Encore|p2a: Chansey\n|-start|p2a: Chansey|Encore\n|move|p2a: Chansey|Stealth Rock||[still]\n|-fail|p2a: Chansey\n|\n|-damage|p1a: Volbeat|199/263 par|[from] Leech Seed|[of] p2a: Chansey\n|-heal|p2a: Chansey|458/564|[silent]\n|upkeep\n|turn|57\n|c|\u2606dadwing|me?\n|c|\u2606dadwing|really?\n|c|\u2606KnuckleTesting|Explai\n|c|\u2606KnuckleTesting|Explain\n|c|\u2606KnuckleTesting|Why Not forfeit\n|\n|t:|1781379536\n|switch|p2a: Porygon2|Porygon2, L81|214/270 par\n|-ability|p2a: Porygon2|Download|boost\n|-boost|p2a: Porygon2|atk|1\n|move|p1a: Volbeat|U-turn|p2a: Porygon2\n|-damage|p2a: Porygon2|165/270 par\n|\n|-damage|p1a: Volbeat|167/263 par|[from] Leech Seed|[of] p2a: Porygon2\n|-heal|p2a: Porygon2|197/270 par|[silent]\n|upkeep\n|turn|58\n|c|\u2606dadwing|omg just shtp\n|\n|t:|1781379552\n|move|p1a: Volbeat|U-turn|p2a: Porygon2\n|-damage|p2a: Porygon2|148/270 par\n|cant|p2a: Porygon2|par\n|\n|-damage|p1a: Volbeat|135/263 par|[from] Leech Seed|[of] p2a: Porygon2\n|-heal|p2a: Porygon2|180/270 par|[silent]\n|upkeep\n|turn|59\n|inactive|KnuckleTesting has 120 seconds left.\n|c|\u2606KnuckleTesting|You are causing this\n|c|\u2606KnuckleTesting|Hope your parents are proud\n|\n|t:|1781379575\n|cant|p1a: Volbeat|par\n|move|p2a: Porygon2|Recover|p2a: Porygon2\n|-heal|p2a: Porygon2|270/270 par\n|\n|-damage|p1a: Volbeat|103/263 par|[from] Leech Seed|[of] p2a: Porygon2\n|upkeep\n|turn|60\n|inactive|dadwing has 120 seconds left.\n|inactive|dadwing has 90 seconds left.\n|\n|t:|1781379636\n|switch|p2a: Chansey|Chansey, L85, F|458/564\n|move|p1a: Volbeat|Roost|p1a: Volbeat\n|-heal|p1a: Volbeat|235/263 par\n|\n|-damage|p1a: Volbeat|203/263 par|[from] Leech Seed|[of] p2a: Chansey\n|-heal|p2a: Chansey|490/564|[silent]\n|upkeep\n|turn|61\n|c|\u2606KnuckleTesting|cya loser\n|inactive|KnuckleTesting has 120 seconds left.\n|\n|t:|1781379646\n|move|p2a: Chansey|Thunder Wave|p1a: Volbeat\n|-fail|p1a: Volbeat|par\n|move|p1a: Volbeat|U-turn|p2a: Chansey\n|-damage|p2a: Chansey|327/564\n|\n|-damage|p1a: Volbeat|171/263 par|[from] Leech Seed|[of] p2a: Chansey\n|-heal|p2a: Chansey|359/564|[silent]\n|upkeep\n|turn|62\n|inactive|dadwing has 90 seconds left.\n|\n|t:|1781379653\n|move|p1a: Volbeat|Encore|p2a: Chansey\n|-start|p2a: Chansey|Encore\n|move|p2a: Chansey|Thunder Wave|p1a: Volbeat\n|-fail|p1a: Volbeat|par\n|\n|-damage|p1a: Volbeat|139/263 par|[from] Leech Seed|[of] p2a: Chansey\n|-heal|p2a: Chansey|391/564|[silent]\n|upkeep\n|turn|63\n|\n|t:|1781379660\n|switch|p2a: Porygon2|Porygon2, L81|270/270 par\n|-ability|p2a: Porygon2|Download|boost\n|-boost|p2a: Porygon2|atk|1\n|move|p1a: Volbeat|U-turn|p2a: Porygon2\n|-damage|p2a: Porygon2|222/270 par\n|\n|-damage|p1a: Volbeat|107/263 par|[from] Leech Seed|[of] p2a: Porygon2\n|-heal|p2a: Porygon2|254/270 par|[silent]\n|upkeep\n|turn|64\n|inactive|dadwing has 90 seconds left.\n|\n|t:|1781379676\n|switch|p2a: Chansey|Chansey, L85, F|391/564\n|move|p1a: Volbeat|U-turn|p2a: Chansey\n|-crit|p2a: Chansey\n|-damage|p2a: Chansey|130/564\n|\n|-damage|p1a: Volbeat|75/263 par|[from] Leech Seed|[of] p2a: Chansey\n|-heal|p2a: Chansey|162/564|[silent]\n|upkeep\n|turn|65\n|\n|t:|1781379683\n|move|p1a: Volbeat|Roost|p1a: Volbeat\n|-heal|p1a: Volbeat|207/263 par\n|move|p2a: Chansey|Soft-Boiled|p2a: Chansey\n|-heal|p2a: Chansey|444/564\n|\n|-damage|p1a: Volbeat|175/263 par|[from] Leech Seed|[of] p2a: Chansey\n|-heal|p2a: Chansey|476/564|[silent]\n|upkeep\n|turn|66\n|\n|t:|1781379690\n|switch|p2a: Porygon2|Porygon2, L81|254/270 par\n|-ability|p2a: Porygon2|Download|boost\n|-boost|p2a: Porygon2|atk|1\n|move|p1a: Volbeat|U-turn|p2a: Porygon2\n|-damage|p2a: Porygon2|206/270 par\n|\n|-damage|p1a: Volbeat|143/263 par|[from] Leech Seed|[of] p2a: Porygon2\n|-heal|p2a: Porygon2|238/270 par|[silent]\n|upkeep\n|turn|67\n|c|\u2606KnuckleTesting|Leechseed win hahaha\n|c|\u2606KnuckleTesting|Loser\n|\n|t:|1781379708\n|switch|p2a: Chansey|Chansey, L85, F|476/564\n|move|p1a: Volbeat|U-turn|p2a: Chansey\n|-damage|p2a: Chansey|323/564\n|\n|-damage|p1a: Volbeat|111/263 par|[from] Leech Seed|[of] p2a: Chansey\n|-heal|p2a: Chansey|355/564|[silent]\n|upkeep\n|turn|68\n|\n|t:|1781379715\n|move|p2a: Chansey|Soft-Boiled|p2a: Chansey\n|-heal|p2a: Chansey|564/564\n|move|p1a: Volbeat|U-turn|p2a: Chansey\n|-damage|p2a: Chansey|410/564\n|\n|-damage|p1a: Volbeat|79/263 par|[from] Leech Seed|[of] p2a: Chansey\n|-heal|p2a: Chansey|442/564|[silent]\n|upkeep\n|turn|69\n|c|\u2606KnuckleTesting|Maybe this teaches you a Lea\n|inactive|KnuckleTesting has 120 seconds left.\n|c|\u2606KnuckleTesting|Lesson to Just give Up and save everyone time, If its a clear loss\n|\n|t:|1781379751\n|move|p2a: Chansey|Soft-Boiled|p2a: Chansey\n|-heal|p2a: Chansey|564/564\n|move|p1a: Volbeat|U-turn|p2a: Chansey\n|-damage|p2a: Chansey|398/564\n|\n|-damage|p1a: Volbeat|47/263 par|[from] Leech Seed|[of] p2a: Chansey\n|-heal|p2a: Chansey|430/564|[silent]\n|upkeep\n|turn|70\n|\n|t:|1781379761\n|move|p2a: Chansey|Soft-Boiled|p2a: Chansey\n|-heal|p2a: Chansey|564/564\n|move|p1a: Volbeat|U-turn|p2a: Chansey\n|-damage|p2a: Chansey|410/564\n|\n|-damage|p1a: Volbeat|15/263 par|[from] Leech Seed|[of] p2a: Chansey\n|-heal|p2a: Chansey|442/564|[silent]\n|upkeep\n|turn|71\n|c|\u2606KnuckleTesting|Hope you had fun in this, loser\n|\n|t:|1781379772\n|move|p2a: Chansey|Soft-Boiled|p2a: Chansey\n|-heal|p2a: Chansey|564/564\n|cant|p1a: Volbeat|par\n|\n|-damage|p1a: Volbeat|0 fnt|[from] Leech Seed|[of] p2a: Chansey\n|faint|p1a: Volbeat\n|\n|win|KnuckleTesting\n", "inputlog": ">version a8376a258c1d4662feba110a92103f3664a72141\n>start {\"formatid\":\"gen9randombattle\",\"seed\":\"sodium,0340c99d2c4f47ad8a976b2b62118bdb\",\"rated\":\"Rated battle\"}\n>player p1 {\"name\":\"dadwing\",\"avatar\":\"gambler\",\"rating\":1202,\"seed\":\"sodium,6aee38182b6fa1586849aecdb0c3b525\"}\n>player p2 {\"name\":\"KnuckleTesting\",\"avatar\":\"169\",\"rating\":1145,\"seed\":\"sodium,1f37f60083cc562a20ac6a65d06c677c\"}\n>p1 move thunderwave\n>p2 switch 4\n>p1 move encore\n>p2 switch 6\n>p1 move thunderwave\n>p2 switch 4\n>p1 move uturn\n>p2 move agility\n>p1 switch 3\n>p1 move icebeam\n>p2 move nastyplot\n>p2 switch 4\n>p1 move icebeam\n>p2 move stealthrock\n>p1 switch 4\n>p2 move thunderwave\n>p1 move bulkup\n>p2 switch 2\n>p1 move knockoff\n>p2 move nastyplot\n>p1 move knockoff\n>p2 move fireblast\n>p1 switch 4\n>p1 move hydropump\n>p2 move sludgewave\n>p1 move hydropump\n>p2 move sludgewave\n>p1 switch 3\n>p1 move encore terastallize\n>p2 move sludgewave\n>p1 move thunderwave\n>p2 switch 2\n>p1 move uturn\n>p2 move seismictoss\n>p1 switch 5\n>p1 move foulplay\n>p2 switch 2\n>p1 move bravebird\n>p2 move fireblast\n>p2 switch 5\n>p1 move roost\n>p2 move thunderbolt\n>p1 move roost\n>p2 move calmmind\n>p1 move defog\n>p2 move thunderbolt\n>p1 switch 6\n>p1 move playrough\n>p2 move thunderbolt\n>p1 move playrough\n>p2 move thunderclap\n>p1 switch 5\n>p1 move uturn\n>p2 move thunderbolt\n>p1 switch 2\n>p2 switch 3\n>p1 move protect\n>p2 move substitute\n>p1 switch 2\n>p2 move leechseed\n>p1 move encore\n>p2 move poltergeist\n>p1 move uturn\n>p2 move leechseed\n>p1 switch 2\n>p1 move wish\n>p2 move leechseed\n>p1 switch 2\n>p2 move powerwhip\n>p1 move encore\n>p2 move poltergeist\n>p1 move uturn\n>p2 move powerwhip\n>p1 switch 2\n>p1 move wish\n>p2 move powerwhip\n>p1 move wish\n>p2 move poltergeist\n>p1 move wish\n>p2 move powerwhip\n>chat \u2606KnuckleTesting|Classless timerstall. Nice\n>p1 switch 2\n>chat \u2606dadwing|no sorry\n>p1 move uturn\n>p2 switch 2\n>p1 move roost\n>p2 move seismictoss\n>p1 move roost\n>p2 move thunderwave\n>p1 move encore\n>p2 move seismictoss\n>p1 move uturn\n>p2 switch 6\n>p1 move thunderwave\n>p2 move icebeam\n>p1 move uturn\n>p2 move discharge\n>p1 move uturn\n>p2 move discharge\n>p1 move uturn\n>p2 move discharge\n>p1 move uturn\n>p2 move discharge\n>p1 move roost\n>p2 move discharge\n>p1 move roost\n>p2 move discharge\n>p1 move roost\n>p2 move discharge\n>chat \u2606KnuckleTesting|Bro\n>chat \u2606dadwing|i know\n>chat \u2606dadwing|3 times\n>chat \u2606KnuckleTesting|Can you Just forfeit\n>chat \u2606dadwing|no\n>chat \u2606KnuckleTesting|You loose this 100% lol\n>chat \u2606dadwing|dk\n>chat \u2606KnuckleTesting|You are literally wasting our time\n>p1 move roost\n>p2 move discharge\n>chat \u2606dadwing|forfeit then\n>p1 move uturn\n>p2 move recover\n>chat \u2606KnuckleTesting|Im winning\n>chat \u2606KnuckleTesting|You are being a Bad loser\n>p1 move uturn\n>p2 switch 2\n>p1 move uturn\n>p2 move leechseed\n>chat \u2606KnuckleTesting|But oh Well. Im gonna Stretch your fate then. Enyoj.\n>p1 move uturn\n>p2 switch 6\n>chat \u2606dadwing|then play smthing else\n>p1 move uturn\n>p2 move softboiled\n>p1 move roost\n>p2 move stealthrock\n>p1 move roost\n>p2 move stealthrock\n>chat \u2606KnuckleTesting|Bro you are being disresprectful \n>chat \u2606KnuckleTesting|This is so unnecessary\n>p1 move encore\n>p2 move stealthrock\n>chat \u2606dadwing|me?\n>chat \u2606dadwing|really?\n>chat \u2606KnuckleTesting|Explai \n>chat \u2606KnuckleTesting|Explain\n>chat \u2606KnuckleTesting|Why Not forfeit\n>p1 move uturn\n>p2 switch 2\n>chat \u2606dadwing|omg just shtp\n>p1 move uturn\n>p2 move triattack\n>chat \u2606KnuckleTesting|You are causing this\n>chat \u2606KnuckleTesting|Hope your parents are proud\n>p1 move roost\n>p2 move recover\n>p1 move roost\n>p2 switch 2\n>chat \u2606KnuckleTesting|cya loser\n>p1 move uturn\n>p2 move thunderwave\n>p1 move encore\n>p2 move softboiled\n>p1 move uturn\n>p2 switch 2\n>p1 move uturn\n>p2 switch 2\n>p1 move roost\n>p2 move softboiled\n>p1 move uturn\n>p2 switch 2\n>chat \u2606KnuckleTesting|Leechseed win hahaha\n>chat \u2606KnuckleTesting|Loser\n>p1 move uturn\n>p2 switch 2\n>p1 move uturn\n>p2 move softboiled\n>chat \u2606KnuckleTesting|Maybe this teaches you a Lea\n>chat \u2606KnuckleTesting|Lesson to Just give Up and save everyone time, If its a clear loss\n>p1 move uturn\n>p2 move softboiled\n>p1 move uturn\n>p2 move softboiled\n>chat \u2606KnuckleTesting|Hope you had fun in this, loser\n>p1 move uturn\n>p2 move softboiled", "uploadtime": 1781379628, "views": 13, "formatid": "gen9randombattle", "rating": null, "private": 0, "password": null}