{"id": "gen9randombattle-2631707265", "format": "[Gen 9] Random Battle", "players": ["coolx1", "yuwan23221"], "log": "|j|\u2606coolx1\n|j|\u2606yuwan23221\n|t:|1781425756\n|gametype|singles\n|player|p1|coolx1|2|2013\n|player|p2|yuwan23221|170|2087\n|gen|9\n|tier|[Gen 9] Random Battle\n|rated|\n|rule|Species Clause: Limit one of each Pok\u00e9mon\n|rule|HP Percentage Mod: HP is shown in percentages\n|rule|Sleep Clause Mod: Limit one foe put to sleep\n|rule|Illusion Level Mod: Illusion disguises the Pok\u00e9mon's true level\n|\n|t:|1781425756\n|teamsize|p1|6\n|teamsize|p2|6\n|start\n|switch|p1a: Cinderace|Cinderace, L77, M|249/249\n|switch|p2a: Rampardos|Rampardos, L90, F|321/321\n|turn|1\n|inactive|Battle timer is ON: inactive players will automatically lose when time's up. (requested by yuwan23221)\n|\n|t:|1781425773\n|switch|p2a: Granbull|Granbull, L88, M|302/302\n|-ability|p2a: Granbull|Intimidate|boost\n|-unboost|p1a: Cinderace|atk|1\n|move|p1a: Cinderace|High Jump Kick|p2a: Granbull\n|-start|p1a: Cinderace|typechange|Fighting|[from] ability: Libero\n|-resisted|p2a: Granbull\n|-damage|p2a: Granbull|227/302\n|\n|-heal|p2a: Granbull|245/302|[from] item: Leftovers\n|upkeep\n|turn|2\n|\n|t:|1781425784\n|switch|p1a: Porygon2|Porygon2, L81|270/270\n|-ability|p1a: Porygon2|Download|boost\n|-boost|p1a: Porygon2|spa|1\n|move|p2a: Granbull|Thunder Wave|p1a: Porygon2\n|-status|p1a: Porygon2|par\n|\n|-heal|p2a: Granbull|263/302|[from] item: Leftovers\n|upkeep\n|turn|3\n|\n|t:|1781425802\n|switch|p2a: Ninetales|Ninetales-Alola, L78, F|242/242\n|-weather|Snowscape|[from] ability: Snow Warning|[of] p2a: Ninetales\n|move|p1a: Porygon2|Thunder Wave|p2a: Ninetales\n|-status|p2a: Ninetales|par\n|\n|-weather|Snowscape|[upkeep]\n|upkeep\n|turn|4\n|\n|t:|1781425812\n|move|p2a: Ninetales|Aurora Veil|p2a: Ninetales\n|-sidestart|p2: yuwan23221|move: Aurora Veil\n|move|p1a: Porygon2|Tera Blast|p2a: Ninetales\n|-damage|p2a: Ninetales|181/242 par\n|\n|-weather|Snowscape|[upkeep]\n|upkeep\n|turn|5\n|\n|t:|1781425819\n|move|p2a: Ninetales|Blizzard|p1a: Porygon2\n|-damage|p1a: Porygon2|216/270 par\n|move|p1a: Porygon2|Tera Blast|p2a: Ninetales\n|-damage|p2a: Ninetales|116/242 par\n|\n|-weather|Snowscape|[upkeep]\n|upkeep\n|turn|6\n|\n|t:|1781425825\n|cant|p2a: Ninetales|par\n|cant|p1a: Porygon2|par\n|\n|-weather|Snowscape|[upkeep]\n|upkeep\n|turn|7\n|\n|t:|1781425831\n|move|p2a: Ninetales|Blizzard|p1a: Porygon2\n|-damage|p1a: Porygon2|152/270 par\n|move|p1a: Porygon2|Tera Blast|p2a: Ninetales\n|-damage|p2a: Ninetales|52/242 par\n|\n|-weather|none\n|upkeep\n|turn|8\n|\n|t:|1781425836\n|move|p2a: Ninetales|Moonblast|p1a: Porygon2\n|-damage|p1a: Porygon2|103/270 par\n|-unboost|p1a: Porygon2|spa|1\n|move|p1a: Porygon2|Recover|p1a: Porygon2\n|-heal|p1a: Porygon2|238/270 par\n|\n|upkeep\n|turn|9\n|\n|t:|1781425848\n|move|p2a: Ninetales|Moonblast|p1a: Porygon2\n|-damage|p1a: Porygon2|189/270 par\n|-unboost|p1a: Porygon2|spa|1\n|cant|p1a: Porygon2|par\n|\n|upkeep\n|turn|10\n|\n|t:|1781425856\n|switch|p1a: Cinderace|Cinderace, L77, M|249/249\n|move|p2a: Ninetales|Moonblast|p1a: Cinderace\n|-resisted|p1a: Cinderace\n|-damage|p1a: Cinderace|200/249\n|\n|upkeep\n|turn|11\n|\n|t:|1781425862\n|move|p1a: Cinderace|Pyro Ball|p2a: Ninetales\n|-supereffective|p2a: Ninetales\n|-damage|p2a: Ninetales|0 fnt\n|faint|p2a: Ninetales\n|\n|-sideend|p2: yuwan23221|move: Aurora Veil\n|upkeep\n|\n|t:|1781425865\n|switch|p2a: Mienshao|Mienshao, L83, M|244/244\n|turn|12\n|\n|t:|1781425869\n|move|p2a: Mienshao|Fake Out|p1a: Cinderace\n|-damage|p1a: Cinderace|154/249\n|cant|p1a: Cinderace|flinch\n|\n|upkeep\n|turn|13\n|\n|t:|1781425877\n|switch|p2a: Granbull|Granbull, L88, M|263/302\n|-ability|p2a: Granbull|Intimidate|boost\n|-unboost|p1a: Cinderace|atk|1\n|move|p1a: Cinderace|Pyro Ball|p2a: Granbull\n|-damage|p2a: Granbull|133/302\n|\n|-heal|p2a: Granbull|151/302|[from] item: Leftovers\n|upkeep\n|turn|14\n|\n|t:|1781425886\n|switch|p1a: Porygon2|Porygon2, L81|189/270 par\n|-ability|p1a: Porygon2|Download|boost\n|-boost|p1a: Porygon2|spa|1\n|move|p2a: Granbull|Play Rough|p1a: Porygon2\n|-damage|p1a: Porygon2|104/270 par\n|\n|-heal|p2a: Granbull|169/302|[from] item: Leftovers\n|upkeep\n|turn|15\n|\n|t:|1781425893\n|move|p2a: Granbull|Play Rough|p1a: Porygon2\n|-damage|p1a: Porygon2|26/270 par\n|move|p1a: Porygon2|Recover|p1a: Porygon2\n|-heal|p1a: Porygon2|161/270 par\n|\n|-heal|p2a: Granbull|187/302|[from] item: Leftovers\n|upkeep\n|turn|16\n|\n|t:|1781425897\n|move|p2a: Granbull|Play Rough|p1a: Porygon2\n|-damage|p1a: Porygon2|82/270 par\n|move|p1a: Porygon2|Recover|p1a: Porygon2\n|-heal|p1a: Porygon2|217/270 par\n|\n|-heal|p2a: Granbull|205/302|[from] item: Leftovers\n|upkeep\n|turn|17\n|\n|t:|1781425903\n|move|p2a: Granbull|Play Rough|p1a: Porygon2|[miss]\n|-miss|p2a: Granbull|p1a: Porygon2\n|move|p1a: Porygon2|Tera Blast|p2a: Granbull\n|-damage|p2a: Granbull|54/302\n|\n|-heal|p2a: Granbull|72/302|[from] item: Leftovers\n|upkeep\n|turn|18\n|\n|t:|1781425906\n|move|p2a: Granbull|Play Rough|p1a: Porygon2\n|-damage|p1a: Porygon2|124/270 par\n|move|p1a: Porygon2|Tera Blast|p2a: Granbull\n|-damage|p2a: Granbull|0 fnt\n|faint|p2a: Granbull\n|\n|upkeep\n|\n|t:|1781425910\n|switch|p2a: Mienshao|Mienshao, L83, M|244/244\n|turn|19\n|\n|t:|1781425933\n|move|p2a: Mienshao|Close Combat|p1a: Porygon2\n|-supereffective|p1a: Porygon2\n|-damage|p1a: Porygon2|0 fnt\n|-unboost|p2a: Mienshao|def|1\n|-unboost|p2a: Mienshao|spd|1\n|faint|p1a: Porygon2\n|\n|upkeep\n|\n|t:|1781425935\n|switch|p1a: Cinderace|Cinderace, L77, M|154/249\n|turn|20\n|\n|t:|1781425944\n|move|p1a: Cinderace|High Jump Kick|p2a: Mienshao\n|-start|p1a: Cinderace|typechange|Fighting|[from] ability: Libero\n|-damage|p2a: Mienshao|0 fnt\n|faint|p2a: Mienshao\n|\n|upkeep\n|l|\u2606yuwan23221\n|inactive|yuwan23221 disconnected and has a minute to reconnect!\n|player|p2|\n|l|\u2606coolx1\n|inactive|coolx1 disconnected and has a minute to reconnect!\n|player|p1|\n|j|\u2606coolx1\n|inactive|coolx1 reconnected.\n|player|p1|coolx1|2|\n|j|\u2606yuwan23221\n|inactive|yuwan23221 reconnected and has 110 seconds left.\n|player|p2|yuwan23221|170|\n|\n|t:|1781425991\n|switch|p2a: Scyther|Scyther, L82, M|249/249\n|turn|21\n|\n|t:|1781426005\n|switch|p1a: Regirock|Regirock, L83|268/268\n|move|p2a: Scyther|Swords Dance|p2a: Scyther\n|-boost|p2a: Scyther|atk|2\n|\n|upkeep\n|turn|22\n|inactive|yuwan23221 has 120 seconds left.\n|\n|t:|1781426014\n|move|p2a: Scyther|Close Combat|p1a: Regirock\n|-supereffective|p1a: Regirock\n|-damage|p1a: Regirock|70/268\n|-unboost|p2a: Scyther|def|1\n|-unboost|p2a: Scyther|spd|1\n|move|p1a: Regirock|Thunder Wave|p2a: Scyther\n|-status|p2a: Scyther|par\n|\n|-heal|p1a: Regirock|86/268|[from] item: Leftovers\n|upkeep\n|turn|23\n|\n|t:|1781426027\n|move|p1a: Regirock|Stone Edge|p2a: Scyther\n|-supereffective|p2a: Scyther\n|-crit|p2a: Scyther\n|-damage|p2a: Scyther|0 fnt\n|faint|p2a: Scyther\n|\n|-heal|p1a: Regirock|102/268|[from] item: Leftovers\n|upkeep\n|\n|t:|1781426029\n|switch|p2a: Rampardos|Rampardos, L90, F|321/321\n|turn|24\n|\n|t:|1781426038\n|move|p2a: Rampardos|Earthquake|p1a: Regirock\n|-supereffective|p1a: Regirock\n|-damage|p1a: Regirock|0 fnt\n|faint|p1a: Regirock\n|-damage|p2a: Rampardos|289/321|[from] item: Life Orb\n|\n|upkeep\n|\n|t:|1781426047\n|switch|p1a: Tatsugiri|Tatsugiri, L87, F|260/260\n|turn|25\n|\n|t:|1781426065\n|switch|p2a: Mandibuzz|Mandibuzz, L85, F|326/326\n|move|p1a: Tatsugiri|Draco Meteor|p2a: Mandibuzz\n|-damage|p2a: Mandibuzz|175/326\n|-unboost|p1a: Tatsugiri|spa|2\n|\n|upkeep\n|turn|26\n|\n|t:|1781426071\n|move|p1a: Tatsugiri|Nasty Plot|p1a: Tatsugiri\n|-boost|p1a: Tatsugiri|spa|2\n|move|p2a: Mandibuzz|Toxic|p1a: Tatsugiri|[miss]\n|-miss|p2a: Mandibuzz|p1a: Tatsugiri\n|\n|upkeep\n|turn|27\n|\n|t:|1781426081\n|move|p1a: Tatsugiri|Nasty Plot|p1a: Tatsugiri\n|-boost|p1a: Tatsugiri|spa|2\n|move|p2a: Mandibuzz|Roost|p2a: Mandibuzz\n|-heal|p2a: Mandibuzz|326/326\n|-singleturn|p2a: Mandibuzz|move: Roost\n|\n|upkeep\n|turn|28\n|\n|t:|1781426084\n|move|p1a: Tatsugiri|Hydro Pump|p2a: Mandibuzz|[miss]\n|-miss|p1a: Tatsugiri|p2a: Mandibuzz\n|move|p2a: Mandibuzz|Toxic|p1a: Tatsugiri\n|-status|p1a: Tatsugiri|tox\n|\n|-damage|p1a: Tatsugiri|244/260 tox|[from] psn\n|upkeep\n|turn|29\n|\n|t:|1781426090\n|move|p1a: Tatsugiri|Hydro Pump|p2a: Mandibuzz\n|-damage|p2a: Mandibuzz|58/326\n|move|p2a: Mandibuzz|Roost|p2a: Mandibuzz\n|-heal|p2a: Mandibuzz|221/326\n|-singleturn|p2a: Mandibuzz|move: Roost\n|\n|-damage|p1a: Tatsugiri|212/260 tox|[from] psn\n|upkeep\n|turn|30\n|\n|t:|1781426098\n|move|p1a: Tatsugiri|Nasty Plot|p1a: Tatsugiri\n|-boost|p1a: Tatsugiri|spa|2\n|move|p2a: Mandibuzz|Roost|p2a: Mandibuzz\n|-heal|p2a: Mandibuzz|326/326\n|-singleturn|p2a: Mandibuzz|move: Roost\n|\n|-damage|p1a: Tatsugiri|164/260 tox|[from] psn\n|upkeep\n|turn|31\n|\n|t:|1781426100\n|move|p1a: Tatsugiri|Draco Meteor|p2a: Mandibuzz\n|-damage|p2a: Mandibuzz|0 fnt\n|-unboost|p1a: Tatsugiri|spa|2\n|faint|p2a: Mandibuzz\n|\n|-damage|p1a: Tatsugiri|100/260 tox|[from] psn\n|upkeep\n|-message|yuwan23221 forfeited.\n|\n|win|coolx1\n", "inputlog": ">version a8376a258c1d4662feba110a92103f3664a72141\n>start {\"formatid\":\"gen9randombattle\",\"seed\":\"sodium,b993f4600fc5515ad30867abc51b23df\",\"rated\":\"Rated battle\"}\n>player p1 {\"name\":\"coolx1\",\"avatar\":\"2\",\"rating\":2013,\"seed\":\"sodium,2950be5b4bbc16c022622f461b5bdc70\"}\n>player p2 {\"name\":\"yuwan23221\",\"avatar\":\"170\",\"rating\":2087,\"seed\":\"sodium,029df6a2747b75efd5540536c51baabd\"}\n>p1 move highjumpkick\n>p2 switch 2\n>p1 switch 5\n>p2 move thunderwave\n>p1 move thunderwave\n>p2 switch 5\n>p1 move terablast\n>p2 move auroraveil\n>p1 move terablast\n>p2 move blizzard\n>p1 move thunderwave\n>p2 move blizzard\n>p1 move terablast\n>p2 move blizzard\n>p1 move recover\n>p2 move moonblast\n>p1 move terablast\n>p2 move moonblast\n>p1 switch 5\n>p2 move moonblast\n>p1 move pyroball\n>p2 move encore\n>p2 switch 4\n>p1 move pyroball\n>p2 move fakeout\n>p1 move pyroball\n>p2 switch 5\n>p1 switch 5\n>p2 move playrough\n>p1 move recover\n>p2 move playrough\n>p1 move recover\n>p2 move playrough\n>p1 move terablast\n>p2 move playrough\n>p1 move terablast\n>p2 move playrough\n>p2 switch 5\n>p1 move thunderwave\n>p2 move closecombat\n>p1 switch 5\n>p1 move highjumpkick\n>p2 move closecombat\n>p2 switch 3\n>p1 switch 3\n>p2 move swordsdance\n>p1 move thunderwave\n>p2 move closecombat\n>p1 move stoneedge\n>p2 move closecombat\n>p2 switch 2\n>p1 move thunderwave\n>p2 move earthquake\n>p1 switch 4\n>p1 move dracometeor\n>p2 switch 6\n>p1 move nastyplot\n>p2 move toxic\n>p1 move nastyplot\n>p2 move roost\n>p1 move hydropump\n>p2 move toxic\n>p1 move hydropump\n>p2 move roost\n>p1 move nastyplot\n>p2 move roost\n>p1 move dracometeor\n>p2 move foulplay\n>forcelose p2", "uploadtime": 1781425758, "views": 4, "formatid": "gen9randombattle", "rating": null, "private": 0, "password": null}