{"id": "gen9randombattle-2631490505", "format": "[Gen 9] Random Battle", "players": ["Ggstarmie", "whatisnexthuh"], "log": "|j|\u2606Ggstarmie\n|j|\u2606whatisnexthuh\n|t:|1781391671\n|gametype|singles\n|player|p1|Ggstarmie|2|2099\n|player|p2|whatisnexthuh|aromalady|2153\n|gen|9\n|tier|[Gen 9] Random Battle\n|rated|\n|rule|Species Clause: Limit one of each Pok\u00e9mon\n|rule|HP Percentage Mod: HP is shown in percentages\n|rule|Sleep Clause Mod: Limit one foe put to sleep\n|rule|Illusion Level Mod: Illusion disguises the Pok\u00e9mon's true level\n|\n|t:|1781391671\n|teamsize|p1|6\n|teamsize|p2|6\n|start\n|switch|p1a: Gallade|Gallade, L80, M|240/240\n|switch|p2a: Blissey|Blissey, L85, F|572/572\n|turn|1\n|\n|t:|1781391694\n|switch|p2a: Mismagius|Mismagius, L86, F|243/243\n|move|p1a: Gallade|Sacred Sword|p2a: Mismagius\n|-immune|p2a: Mismagius\n|\n|upkeep\n|turn|2\n|\n|t:|1781391710\n|switch|p1a: Tinkaton|Tinkaton, L82, F|274/274\n|-ability|p1a: Tinkaton|Mold Breaker\n|move|p2a: Mismagius|Dazzling Gleam|p1a: Tinkaton\n|-resisted|p1a: Tinkaton\n|-damage|p1a: Tinkaton|228/274\n|\n|-heal|p1a: Tinkaton|245/274|[from] item: Leftovers\n|upkeep\n|turn|3\n|\n|t:|1781391719\n|switch|p2a: Scovillain|Scovillain, L91, F|266/266\n|move|p1a: Tinkaton|Swords Dance|p1a: Tinkaton\n|-boost|p1a: Tinkaton|atk|2\n|\n|-heal|p1a: Tinkaton|262/274|[from] item: Leftovers\n|upkeep\n|turn|4\n|\n|t:|1781391725\n|move|p1a: Tinkaton|Gigaton Hammer|p2a: Scovillain\n|-resisted|p2a: Scovillain\n|-damage|p2a: Scovillain|121/266\n|move|p2a: Scovillain|Flamethrower|p1a: Tinkaton\n|-supereffective|p1a: Tinkaton\n|-damage|p1a: Tinkaton|32/274\n|\n|-heal|p1a: Tinkaton|49/274|[from] item: Leftovers\n|-heal|p2a: Scovillain|137/266|[from] item: Leftovers\n|upkeep\n|turn|5\n|\n|t:|1781391732\n|switch|p1a: Entei|Entei, L78|307/307\n|move|p2a: Scovillain|Flamethrower|p1a: Entei\n|-resisted|p1a: Entei\n|-damage|p1a: Entei|235/307\n|\n|-heal|p2a: Scovillain|153/266|[from] item: Leftovers\n|upkeep\n|turn|6\n|\n|t:|1781391739\n|move|p2a: Scovillain|Protect|p2a: Scovillain\n|-singleturn|p2a: Scovillain|Protect\n|move|p1a: Entei|Flare Blitz|p2a: Scovillain\n|-activate|p2a: Scovillain|move: Protect\n|\n|-heal|p2a: Scovillain|169/266|[from] item: Leftovers\n|upkeep\n|turn|7\n|\n|t:|1781391743\n|switch|p2a: Lumineon|Lumineon, L93, F|279/279\n|move|p1a: Entei|Flare Blitz|p2a: Lumineon\n|-resisted|p2a: Lumineon\n|-damage|p2a: Lumineon|180/279\n|-damage|p1a: Entei|202/307|[from] Recoil\n|\n|upkeep\n|turn|8\n|\n|t:|1781391756\n|switch|p1a: Tinkaton|Tinkaton, L82, F|49/274\n|-ability|p1a: Tinkaton|Mold Breaker\n|move|p2a: Lumineon|Hydro Pump|p1a: Tinkaton\n|-damage|p1a: Tinkaton|0 fnt\n|faint|p1a: Tinkaton\n|\n|upkeep\n|\n|t:|1781391771\n|switch|p1a: Blastoise|Blastoise, L80, F|258/258\n|turn|9\n|\n|t:|1781391784\n|move|p2a: Lumineon|U-turn|p1a: Blastoise\n|-damage|p1a: Blastoise|211/258\n|\n|t:|1781391785\n|switch|p2a: Whimsicott|Whimsicott, L84, F|238/238|[from] U-turn\n|move|p1a: Blastoise|Shell Smash|p1a: Blastoise\n|-unboost|p1a: Blastoise|def|1\n|-unboost|p1a: Blastoise|spd|1\n|-boost|p1a: Blastoise|atk|2\n|-boost|p1a: Blastoise|spa|2\n|-boost|p1a: Blastoise|spe|2\n|-enditem|p1a: Blastoise|White Herb\n|-clearnegativeboost|p1a: Blastoise|[silent]\n|\n|upkeep\n|turn|10\n|\n|t:|1781391790\n|switch|p1a: Gengar|Gengar, L81, F|230/230\n|move|p2a: Whimsicott|Stun Spore|p1a: Gengar\n|-status|p1a: Gengar|par\n|\n|upkeep\n|turn|11\n|\n|t:|1781391795\n|switch|p2a: Blissey|Blissey, L85, F|572/572\n|move|p1a: Gengar|Toxic Spikes|p2a: Blissey\n|-sidestart|p2: whatisnexthuh|move: Toxic Spikes\n|\n|upkeep\n|turn|12\n|\n|t:|1781391807\n|move|p2a: Blissey|Stealth Rock|p1a: Gengar\n|-sidestart|p1: Ggstarmie|move: Stealth Rock\n|cant|p1a: Gengar|par\n|\n|upkeep\n|turn|13\n|\n|t:|1781391811\n|switch|p2a: Mismagius|Mismagius, L86, F|243/243\n|move|p1a: Gengar|Shadow Ball|p2a: Mismagius\n|-supereffective|p2a: Mismagius\n|-damage|p2a: Mismagius|6/243\n|-unboost|p2a: Mismagius|spd|1\n|-damage|p1a: Gengar|207/230 par|[from] item: Life Orb\n|\n|upkeep\n|turn|14\n|\n|t:|1781391847\n|move|p2a: Mismagius|Shadow Ball|p1a: Gengar\n|-supereffective|p1a: Gengar\n|-damage|p1a: Gengar|0 fnt\n|faint|p1a: Gengar\n|\n|upkeep\n|\n|t:|1781391854\n|switch|p1a: Blastoise|Blastoise, L80, F|211/258\n|-damage|p1a: Blastoise|179/258|[from] Stealth Rock\n|turn|15\n|\n|t:|1781391901\n|switch|p2a: Blissey|Blissey, L85, F|572/572\n|-status|p2a: Blissey|psn\n|switch|p1a: Gallade|Gallade, L80, M|240/240\n|-damage|p1a: Gallade|225/240|[from] Stealth Rock\n|\n|-damage|p2a: Blissey|501/572 psn|[from] psn\n|upkeep\n|turn|16\n|\n|t:|1781391907\n|move|p1a: Gallade|Psycho Cut|p2a: Blissey\n|-damage|p2a: Blissey|0 fnt\n|faint|p2a: Blissey\n|-damage|p1a: Gallade|201/240|[from] item: Life Orb\n|\n|upkeep\n|\n|t:|1781391948\n|switch|p2a: Mismagius|Mismagius, L86, F|6/243\n|turn|17\n|\n|t:|1781391957\n|-terastallize|p1a: Gallade|Dark\n|move|p2a: Mismagius|Shadow Ball|p1a: Gallade\n|-resisted|p1a: Gallade\n|-damage|p1a: Gallade|141/240\n|move|p1a: Gallade|Night Slash|p2a: Mismagius\n|-supereffective|p2a: Mismagius\n|-damage|p2a: Mismagius|0 fnt\n|faint|p2a: Mismagius\n|-damage|p1a: Gallade|117/240|[from] item: Life Orb\n|\n|upkeep\n|\n|t:|1781391982\n|switch|p2a: Lumineon|Lumineon, L93, F|180/279\n|turn|18\n|\n|t:|1781391986\n|move|p2a: Lumineon|U-turn|p1a: Gallade\n|-supereffective|p1a: Gallade\n|-damage|p1a: Gallade|1/240\n|\n|t:|1781391993\n|switch|p2a: Scovillain|Scovillain, L91, F|169/266|[from] U-turn\n|-status|p2a: Scovillain|psn\n|move|p1a: Gallade|Night Slash|p2a: Scovillain\n|-crit|p2a: Scovillain\n|-damage|p2a: Scovillain|0 fnt\n|faint|p2a: Scovillain\n|-damage|p1a: Gallade|0 fnt|[from] item: Life Orb\n|faint|p1a: Gallade\n|\n|upkeep\n|\n|t:|1781392003\n|switch|p2a: Lumineon|Lumineon, L93, F|180/279\n|switch|p1a: Blastoise|Blastoise, L80, F|179/258\n|-damage|p1a: Blastoise|147/258|[from] Stealth Rock\n|turn|19\n|\n|t:|1781392009\n|move|p2a: Lumineon|Hydro Pump|p1a: Blastoise\n|-resisted|p1a: Blastoise\n|-damage|p1a: Blastoise|97/258\n|move|p1a: Blastoise|Ice Beam|p2a: Lumineon\n|-resisted|p2a: Lumineon\n|-damage|p2a: Lumineon|157/279\n|\n|upkeep\n|turn|20\n|\n|t:|1781392012\n|move|p2a: Lumineon|Encore|p1a: Blastoise\n|-start|p1a: Blastoise|Encore\n|move|p1a: Blastoise|Ice Beam|p2a: Lumineon\n|-resisted|p2a: Lumineon\n|-damage|p2a: Lumineon|134/279\n|\n|upkeep\n|turn|21\n|\n|t:|1781392015\n|move|p2a: Lumineon|Hydro Pump|p1a: Blastoise\n|-resisted|p1a: Blastoise\n|-damage|p1a: Blastoise|46/258\n|move|p1a: Blastoise|Ice Beam|p2a: Lumineon\n|-resisted|p2a: Lumineon\n|-damage|p2a: Lumineon|110/279\n|\n|upkeep\n|turn|22\n|\n|t:|1781392019\n|move|p2a: Lumineon|Ice Beam|p1a: Blastoise\n|-resisted|p1a: Blastoise\n|-damage|p1a: Blastoise|18/258\n|move|p1a: Blastoise|Ice Beam|p2a: Lumineon\n|-resisted|p2a: Lumineon\n|-damage|p2a: Lumineon|83/279\n|\n|-end|p1a: Blastoise|Encore\n|upkeep\n|turn|23\n|\n|t:|1781392022\n|move|p2a: Lumineon|Ice Beam|p1a: Blastoise\n|-resisted|p1a: Blastoise\n|-damage|p1a: Blastoise|0 fnt\n|faint|p1a: Blastoise\n|\n|upkeep\n|\n|t:|1781392026\n|switch|p1a: Entei|Entei, L78|202/307\n|-damage|p1a: Entei|126/307|[from] Stealth Rock\n|turn|24\n|\n|t:|1781392029\n|-terastallize|p2a: Lumineon|Steel\n|move|p1a: Entei|Extreme Speed|p2a: Lumineon\n|-resisted|p2a: Lumineon\n|-damage|p2a: Lumineon|37/279\n|move|p2a: Lumineon|Hydro Pump|p1a: Entei\n|-supereffective|p1a: Entei\n|-damage|p1a: Entei|0 fnt\n|faint|p1a: Entei\n|\n|upkeep\n|\n|t:|1781392031\n|switch|p1a: Lugia|Lugia, L73|275/275\n|turn|25\n|\n|t:|1781392040\n|move|p2a: Lumineon|Ice Beam|p1a: Lugia\n|-supereffective|p1a: Lugia\n|-damage|p1a: Lugia|233/275\n|move|p1a: Lugia|Psychic Noise|p2a: Lumineon\n|-resisted|p2a: Lumineon\n|-damage|p2a: Lumineon|10/279\n|-start|p2a: Lumineon|move: Heal Block\n|\n|upkeep\n|turn|26\n|\n|t:|1781392053\n|move|p2a: Lumineon|Ice Beam|p1a: Lugia\n|-supereffective|p1a: Lugia\n|-damage|p1a: Lugia|147/275\n|move|p1a: Lugia|Aeroblast|p2a: Lumineon\n|-resisted|p2a: Lumineon\n|-crit|p2a: Lumineon\n|-damage|p2a: Lumineon|0 fnt\n|faint|p2a: Lumineon\n|\n|upkeep\n|\n|t:|1781392056\n|switch|p2a: Whimsicott|Whimsicott, L84, F|238/238\n|-status|p2a: Whimsicott|psn\n|turn|27\n|\n|t:|1781392061\n|move|p2a: Whimsicott|Stun Spore|p1a: Lugia|[miss]\n|-miss|p2a: Whimsicott|p1a: Lugia\n|move|p1a: Lugia|Aeroblast|p2a: Whimsicott\n|-supereffective|p2a: Whimsicott\n|-damage|p2a: Whimsicott|46/238 psn\n|\n|-heal|p2a: Whimsicott|60/238 psn|[from] item: Leftovers\n|-damage|p2a: Whimsicott|31/238 psn|[from] psn\n|upkeep\n|turn|28\n|\n|t:|1781392065\n|move|p2a: Whimsicott|Encore|p1a: Lugia\n|-start|p1a: Lugia|Encore\n|move|p1a: Lugia|Aeroblast|p2a: Whimsicott\n|-supereffective|p2a: Whimsicott\n|-damage|p2a: Whimsicott|0 fnt\n|faint|p2a: Whimsicott\n|\n|upkeep\n|\n|t:|1781392066\n|switch|p2a: Baxcalibur|Baxcalibur, L75, M|295/295\n|-status|p2a: Baxcalibur|psn\n|turn|29\n|\n|t:|1781392069\n|move|p1a: Lugia|Aeroblast|p2a: Baxcalibur\n|-damage|p2a: Baxcalibur|202/295 psn\n|move|p2a: Baxcalibur|Glaive Rush|p1a: Lugia\n|-damage|p1a: Lugia|0 fnt\n|-singlemove|p2a: Baxcalibur|Glaive Rush|[silent]\n|faint|p1a: Lugia\n|\n|win|whatisnexthuh\n", "inputlog": ">version a8376a258c1d4662feba110a92103f3664a72141\n>start {\"formatid\":\"gen9randombattle\",\"seed\":\"sodium,067257c5a61f376c8a77cef6e0c2b070\",\"rated\":\"Rated battle\"}\n>player p1 {\"name\":\"Ggstarmie\",\"avatar\":\"2\",\"rating\":2099,\"seed\":\"sodium,4a326e4d437ff642fed24e9951357042\"}\n>player p2 {\"name\":\"whatisnexthuh\",\"avatar\":\"aromalady\",\"rating\":2153,\"seed\":\"sodium,9fbd679d07b831cb7e7274faf2733344\"}\n>p1 move sacredsword\n>p2 switch 6\n>p1 switch 2\n>p2 move dazzlinggleam\n>p1 move swordsdance\n>p2 switch 4\n>p1 move gigatonhammer\n>p2 move flamethrower\n>p1 switch 3\n>p2 move flamethrower\n>p1 move flareblitz\n>p2 move protect\n>p1 move flareblitz\n>p2 switch 5\n>p1 switch 3\n>p2 move hydropump\n>p1 switch 5\n>p1 move shellsmash\n>p2 move uturn\n>p2 switch 2\n>p1 switch 4\n>p2 move stunspore\n>p1 move toxicspikes\n>p2 switch 6\n>p1 move shadowball\n>p2 move stealthrock\n>p1 move shadowball\n>p2 switch 4\n>p1 move shadowball\n>p2 move shadowball\n>p1 switch 4\n>p1 switch 2\n>p2 switch 4\n>p1 move psychocut\n>p2 move thunderwave\n>p2 switch 4\n>p1 move nightslash terastallize\n>p2 move shadowball\n>p2 switch 2\n>p1 move nightslash\n>p2 move uturn\n>p2 switch 5\n>p1 switch 2\n>p2 switch 5\n>p1 move icebeam\n>p2 move hydropump\n>p1 move earthquake\n>p2 move encore\n>p1 move icebeam\n>p2 move hydropump\n>p1 move icebeam\n>p2 move icebeam\n>p1 move icebeam\n>p2 move icebeam\n>p1 switch 3\n>p1 move extremespeed\n>p2 move hydropump terastallize\n>p1 switch 6\n>p1 move psychicnoise\n>p2 move icebeam\n>p1 move aeroblast\n>p2 move icebeam\n>p2 switch 6\n>p1 move aeroblast\n>p2 move stunspore\n>p1 move recover\n>p2 move encore\n>p2 switch 3\n>p1 move aeroblast\n>p2 move glaiverush", "uploadtime": 1781391674, "views": 4, "formatid": "gen9randombattle", "rating": null, "private": 0, "password": null}