{"id": "gen9randombattle-2631754370", "format": "[Gen 9] Random Battle", "players": ["Flappell Roan", "reela"], "log": "|j|\u2606Flappell Roan\n|j|\u2606reela\n|t:|1781434283\n|gametype|singles\n|player|p1|Flappell Roan|skyla|1987\n|player|p2|reela|101|2068\n|gen|9\n|tier|[Gen 9] Random Battle\n|rated|\n|rule|Species Clause: Limit one of each Pok\u00e9mon\n|rule|HP Percentage Mod: HP is shown in percentages\n|rule|Sleep Clause Mod: Limit one foe put to sleep\n|rule|Illusion Level Mod: Illusion disguises the Pok\u00e9mon's true level\n|\n|t:|1781434283\n|teamsize|p1|6\n|teamsize|p2|6\n|start\n|switch|p1a: Tatsugiri|Tatsugiri, L87, M|260/260\n|switch|p2a: Gallade|Gallade, L80, M|240/240\n|turn|1\n|inactive|Battle timer is ON: inactive players will automatically lose when time's up. (requested by Flappell Roan)\n|\n|t:|1781434301\n|switch|p1a: Ditto|Ditto, L87|225/225\n|-transform|p1a: Ditto|p2a: Gallade|[from] ability: Imposter\n|move|p2a: Gallade|Sacred Sword|p1a: Ditto\n|-resisted|p1a: Ditto\n|-damage|p1a: Ditto|99/225\n|-damage|p2a: Gallade|216/240|[from] item: Life Orb\n|\n|upkeep\n|turn|2\n|inactive|reela has 120 seconds left.\n|\n|t:|1781434345\n|move|p1a: Ditto|Psycho Cut|p2a: Gallade\n|-damage|p2a: Gallade|47/240\n|move|p2a: Gallade|Psycho Cut|p1a: Ditto\n|-damage|p1a: Ditto|0 fnt\n|faint|p1a: Ditto\n|-damage|p2a: Gallade|23/240|[from] item: Life Orb\n|\n|upkeep\n|\n|t:|1781434356\n|switch|p1a: Articuno|Articuno, L86|295/295\n|-ability|p1a: Articuno|Pressure\n|turn|3\n|inactive|reela has 120 seconds left.\n|\n|t:|1781434375\n|move|p1a: Articuno|Freeze-Dry|p2a: Gallade\n|-damage|p2a: Gallade|0 fnt\n|faint|p2a: Gallade\n|\n|upkeep\n|\n|t:|1781434379\n|switch|p2a: Coalossal|Coalossal, L89, M|341/341\n|turn|4\n|\n|t:|1781434388\n|move|p1a: Articuno|U-turn|p2a: Coalossal\n|-resisted|p2a: Coalossal\n|-damage|p2a: Coalossal|323/341\n|-status|p1a: Articuno|brn|[from] ability: Flame Body|[of] p2a: Coalossal\n|\n|t:|1781434395\n|switch|p1a: Grimmsnarl|Grimmsnarl, L83, M|293/293|[from] U-turn\n|move|p2a: Coalossal|Stone Edge|p1a: Grimmsnarl\n|-damage|p1a: Grimmsnarl|175/293\n|\n|upkeep\n|turn|5\n|inactive|reela has 120 seconds left.\n|\n|t:|1781434435\n|move|p1a: Grimmsnarl|Reflect|p1a: Grimmsnarl\n|-sidestart|p1: Flappell Roan|Reflect\n|move|p2a: Coalossal|Overheat|p1a: Grimmsnarl\n|-damage|p1a: Grimmsnarl|24/293\n|-unboost|p2a: Coalossal|spa|2\n|\n|upkeep\n|turn|6\n|\n|t:|1781434442\n|move|p1a: Grimmsnarl|Parting Shot|p2a: Coalossal\n|-unboost|p2a: Coalossal|atk|1\n|-unboost|p2a: Coalossal|spa|1\n|\n|t:|1781434445\n|switch|p1a: Tatsugiri|Tatsugiri, L87, M|260/260|[from] Parting Shot\n|move|p2a: Coalossal|Will-O-Wisp|p1a: Tatsugiri\n|-status|p1a: Tatsugiri|brn\n|\n|-damage|p1a: Tatsugiri|244/260 brn|[from] brn\n|upkeep\n|turn|7\n|inactive|reela has 120 seconds left.\n|\n|t:|1781434455\n|switch|p2a: Frosmoth|Frosmoth, L82, M|249/249\n|move|p1a: Tatsugiri|Nasty Plot|p1a: Tatsugiri\n|-boost|p1a: Tatsugiri|spa|2\n|\n|-damage|p1a: Tatsugiri|228/260 brn|[from] brn\n|upkeep\n|turn|8\n|\n|t:|1781434466\n|switch|p1a: Rhyperior|Rhyperior, L82, F|323/323\n|move|p2a: Frosmoth|Quiver Dance|p2a: Frosmoth\n|-boost|p2a: Frosmoth|spa|1\n|-boost|p2a: Frosmoth|spd|1\n|-boost|p2a: Frosmoth|spe|1\n|\n|upkeep\n|turn|9\n|\n|t:|1781434475\n|move|p2a: Frosmoth|Giga Drain|p1a: Rhyperior\n|-supereffective|p1a: Rhyperior\n|-damage|p1a: Rhyperior|56/323\n|move|p1a: Rhyperior|Stone Edge|p2a: Frosmoth\n|-supereffective|p2a: Frosmoth\n|-damage|p2a: Frosmoth|0 fnt\n|faint|p2a: Frosmoth\n|\n|upkeep\n|inactive|reela has 120 seconds left.\n|\n|t:|1781434491\n|switch|p2a: Regidrago|Regidrago, L77|435/435\n|turn|10\n|\n|t:|1781434495\n|move|p2a: Regidrago|Draco Meteor|p1a: Rhyperior\n|-damage|p1a: Rhyperior|0 fnt\n|-unboost|p2a: Regidrago|spa|2\n|faint|p1a: Rhyperior\n|\n|upkeep\n|\n|t:|1781434502\n|switch|p1a: Grimmsnarl|Grimmsnarl, L83, M|24/293\n|turn|11\n|\n|t:|1781434507\n|move|p1a: Grimmsnarl|Light Screen|p1a: Grimmsnarl\n|-sidestart|p1: Flappell Roan|move: Light Screen\n|move|p2a: Regidrago|Earthquake|p1a: Grimmsnarl\n|-damage|p1a: Grimmsnarl|0 fnt\n|faint|p1a: Grimmsnarl\n|\n|upkeep\n|\n|t:|1781434515\n|switch|p1a: Articuno|Articuno, L86|295/295 brn\n|-ability|p1a: Articuno|Pressure\n|turn|12\n|\n|t:|1781434521\n|switch|p2a: Coalossal|Coalossal, L89, M|323/341\n|move|p1a: Articuno|U-turn|p2a: Coalossal\n|-resisted|p2a: Coalossal\n|-damage|p2a: Coalossal|314/341\n|\n|t:|1781434526\n|switch|p1a: Tatsugiri|Tatsugiri, L87, M|228/260 brn|[from] U-turn\n|\n|-damage|p1a: Tatsugiri|212/260 brn|[from] brn\n|-sideend|p1: Flappell Roan|Reflect\n|upkeep\n|turn|13\n|\n|t:|1781434535\n|move|p1a: Tatsugiri|Nasty Plot|p1a: Tatsugiri\n|-boost|p1a: Tatsugiri|spa|2\n|move|p2a: Coalossal|Stone Edge|p1a: Tatsugiri\n|-damage|p1a: Tatsugiri|74/260 brn\n|\n|-damage|p1a: Tatsugiri|58/260 brn|[from] brn\n|upkeep\n|turn|14\n|\n|t:|1781434544\n|switch|p2a: Mimikyu|Mimikyu, L79, F|216/216\n|move|p1a: Tatsugiri|Surf|p2a: Mimikyu\n|-activate|p2a: Mimikyu|ability: Disguise\n|-damage|p2a: Mimikyu|216/216\n|detailschange|p2a: Mimikyu|Mimikyu-Busted, L79, F\n|-damage|p2a: Mimikyu|189/216|[from] pokemon: Mimikyu-Busted\n|\n|-damage|p1a: Tatsugiri|42/260 brn|[from] brn\n|upkeep\n|turn|15\n|\n|t:|1781434558\n|move|p2a: Mimikyu|Drain Punch|p1a: Tatsugiri\n|-damage|p1a: Tatsugiri|0 fnt\n|-heal|p2a: Mimikyu|210/216|[from] drain|[of] p1a: Tatsugiri\n|faint|p1a: Tatsugiri\n|-damage|p2a: Mimikyu|189/216|[from] item: Life Orb\n|\n|upkeep\n|\n|t:|1781434568\n|switch|p1a: Toedscruel|Toedscruel, L87, F|281/281\n|turn|16\n|\n|t:|1781434575\n|move|p2a: Mimikyu|Play Rough|p1a: Toedscruel\n|-damage|p1a: Toedscruel|145/281\n|-damage|p2a: Mimikyu|168/216|[from] item: Life Orb\n|move|p1a: Toedscruel|Spore|p2a: Mimikyu\n|-status|p2a: Mimikyu|slp|[from] move: Spore\n|\n|-heal|p1a: Toedscruel|162/281|[from] item: Leftovers\n|upkeep\n|turn|17\n|\n|t:|1781434589\n|move|p1a: Toedscruel|Earth Power|p2a: Mimikyu\n|-damage|p2a: Mimikyu|86/216 slp\n|cant|p2a: Mimikyu|slp\n|\n|-heal|p1a: Toedscruel|179/281|[from] item: Leftovers\n|upkeep\n|turn|18\n|\n|t:|1781434597\n|cant|p2a: Mimikyu|slp\n|move|p1a: Toedscruel|Earth Power|p2a: Mimikyu\n|-damage|p2a: Mimikyu|7/216 slp\n|\n|-heal|p1a: Toedscruel|196/281|[from] item: Leftovers\n|-sideend|p1: Flappell Roan|move: Light Screen\n|upkeep\n|turn|19\n|\n|t:|1781434605\n|cant|p2a: Mimikyu|slp\n|move|p1a: Toedscruel|Earth Power|p2a: Mimikyu\n|-damage|p2a: Mimikyu|0 fnt\n|faint|p2a: Mimikyu\n|\n|-heal|p1a: Toedscruel|213/281|[from] item: Leftovers\n|upkeep\n|\n|t:|1781434608\n|switch|p2a: Tyranitar|Tyranitar, L78, F|284/284\n|-weather|Sandstorm|[from] ability: Sand Stream|[of] p2a: Tyranitar\n|turn|20\n|\n|t:|1781434617\n|move|p2a: Tyranitar|Knock Off|p1a: Toedscruel\n|-damage|p1a: Toedscruel|71/281\n|-enditem|p1a: Toedscruel|Leftovers|[from] move: Knock Off|[of] p2a: Tyranitar\n|move|p1a: Toedscruel|Spore|p2a: Tyranitar\n|-status|p2a: Tyranitar|slp|[from] move: Spore\n|\n|-weather|Sandstorm|[upkeep]\n|upkeep\n|turn|21\n|\n|t:|1781434627\n|move|p1a: Toedscruel|Knock Off|p2a: Tyranitar\n|-resisted|p2a: Tyranitar\n|-damage|p2a: Tyranitar|259/284 slp\n|-enditem|p2a: Tyranitar|Leftovers|[from] move: Knock Off|[of] p1a: Toedscruel\n|cant|p2a: Tyranitar|slp\n|\n|-weather|Sandstorm|[upkeep]\n|upkeep\n|turn|22\n|\n|t:|1781434635\n|move|p1a: Toedscruel|Leaf Storm|p2a: Tyranitar\n|-supereffective|p2a: Tyranitar\n|-damage|p2a: Tyranitar|103/284 slp\n|-unboost|p1a: Toedscruel|spa|2\n|cant|p2a: Tyranitar|slp\n|\n|-weather|Sandstorm|[upkeep]\n|upkeep\n|turn|23\n|-message|Flappell Roan forfeited.\n|\n|win|reela\n", "inputlog": ">version a8376a258c1d4662feba110a92103f3664a72141\n>start {\"formatid\":\"gen9randombattle\",\"seed\":\"sodium,272ab3f5d3cc66c7d648af7d7f5c3148\",\"rated\":\"Rated battle\"}\n>player p1 {\"name\":\"Flappell Roan\",\"avatar\":\"skyla\",\"rating\":1987,\"seed\":\"sodium,3925df59d4d1c308cd216f0e55df726c\"}\n>player p2 {\"name\":\"reela\",\"avatar\":\"101\",\"rating\":2068,\"seed\":\"sodium,a062e0eccd6450888ad33ed38536be81\"}\n>p1 switch 3\n>p2 move sacredsword\n>p1 move psychocut\n>p2 move psychocut\n>p1 switch 5\n>p1 move freezedry\n>p2 move sacredsword\n>p2 switch 5\n>p1 move uturn\n>p2 move stoneedge\n>p1 switch 4\n>p1 move reflect\n>p2 move overheat\n>p1 move partingshot\n>p2 move willowisp\n>p1 switch 3\n>p1 move nastyplot\n>p2 switch 6\n>p1 switch 2\n>p2 move quiverdance\n>p1 move stoneedge\n>p2 move gigadrain\n>p2 switch 4\n>p1 move icepunch\n>p2 move dracometeor\n>p1 switch 3\n>p1 move lightscreen\n>p2 move earthquake\n>p1 switch 4\n>p1 move uturn\n>p2 switch 6\n>p1 switch 2\n>p1 move nastyplot\n>p2 move stoneedge\n>p1 move surf\n>p2 switch 3\n>p1 move surf\n>p2 move drainpunch\n>p1 switch 6\n>p1 move spore\n>p2 move playrough\n>p1 move earthpower\n>p2 move playrough\n>p1 move earthpower\n>p2 move shadowsneak\n>p1 move earthpower\n>p2 move shadowsneak\n>p2 switch 2\n>p1 move spore\n>p2 move knockoff\n>p1 move knockoff\n>p2 move knockoff\n>p1 move leafstorm\n>p2 move knockoff\n>forcelose p1", "uploadtime": 1781434285, "views": 4, "formatid": "gen9randombattle", "rating": null, "private": 0, "password": null}