{"id": "gen9randombattle-2631830834", "format": "[Gen 9] Random Battle", "players": ["MakotoV7", "MiracleEggy"], "log": "|j|\u2606MakotoV7\n|j|\u203dMiracleEggy\n|t:|1781445641\n|gametype|singles\n|player|p1|MakotoV7|steven|2131\n|player|p2|MiracleEggy|soliera|2082\n|gen|9\n|tier|[Gen 9] Random Battle\n|rated|\n|rule|Species Clause: Limit one of each Pok\u00e9mon\n|rule|HP Percentage Mod: HP is shown in percentages\n|rule|Sleep Clause Mod: Limit one foe put to sleep\n|rule|Illusion Level Mod: Illusion disguises the Pok\u00e9mon's true level\n|\n|t:|1781445641\n|teamsize|p1|6\n|teamsize|p2|6\n|start\n|switch|p1a: Plusle|Plusle, L95, F|268/268\n|switch|p2a: Arcanine|Arcanine-Hisui, L79, F|279/279\n|turn|1\n|inactive|Battle timer is ON: inactive players will automatically lose when time's up. (requested by MiracleEggy)\n|\n|t:|1781445666\n|move|p1a: Plusle|Thunderbolt|p2a: Arcanine\n|-damage|p2a: Arcanine|107/279\n|-damage|p1a: Plusle|242/268|[from] item: Life Orb\n|move|p2a: Arcanine|Flare Blitz|p1a: Plusle\n|-damage|p1a: Plusle|0 fnt\n|faint|p1a: Plusle\n|\n|upkeep\n|\n|t:|1781445674\n|switch|p1a: Politoed|Politoed, L88, M|302/302\n|-weather|RainDance|[from] ability: Drizzle|[of] p1a: Politoed\n|turn|2\n|\n|t:|1781445684\n|switch|p2a: Tsareena|Tsareena, L87, F|267/267\n|move|p1a: Politoed|Hypnosis|p2a: Tsareena\n|-status|p2a: Tsareena|slp|[from] move: Hypnosis\n|\n|-weather|RainDance|[upkeep]\n|upkeep\n|turn|3\n|\n|t:|1781445699\n|switch|p2a: Feraligatr|Feraligatr, L79, M|264/264\n|switch|p1a: Cramorant|Cramorant, L86, F|261/261\n|\n|-weather|RainDance|[upkeep]\n|upkeep\n|turn|4\n|\n|t:|1781445713\n|switch|p2a: Registeel|Registeel, L81|262/262\n|move|p1a: Cramorant|Surf|p2a: Registeel\n|-formechange|p1a: Cramorant|Cramorant-Gulping|\n|-damage|p2a: Registeel|178/262\n|\n|-weather|RainDance|[upkeep]\n|-heal|p2a: Registeel|194/262|[from] item: Leftovers\n|upkeep\n|turn|5\n|\n|t:|1781445728\n|-terastallize|p1a: Cramorant|Ground\n|move|p1a: Cramorant|Surf|p2a: Registeel\n|-damage|p2a: Registeel|98/262\n|move|p2a: Registeel|Thunder Wave|p1a: Cramorant\n|-immune|p1a: Cramorant\n|\n|-weather|RainDance|[upkeep]\n|-heal|p2a: Registeel|114/262|[from] item: Leftovers\n|upkeep\n|turn|6\n|\n|t:|1781445740\n|move|p1a: Cramorant|Surf|p2a: Registeel\n|-damage|p2a: Registeel|17/262\n|move|p2a: Registeel|Stealth Rock|p1a: Cramorant\n|-sidestart|p1: MakotoV7|move: Stealth Rock\n|\n|-weather|none\n|-heal|p2a: Registeel|33/262|[from] item: Leftovers\n|upkeep\n|turn|7\n|\n|t:|1781445742\n|move|p1a: Cramorant|Surf|p2a: Registeel\n|-damage|p2a: Registeel|0 fnt\n|faint|p2a: Registeel\n|\n|upkeep\n|\n|t:|1781445751\n|switch|p2a: Feraligatr|Feraligatr, L79, M|264/264\n|turn|8\n|\n|t:|1781445753\n|move|p1a: Cramorant|Defog|p2a: Feraligatr\n|-unboost|p2a: Feraligatr|evasion|1\n|-sideend|p1: MakotoV7|Stealth Rock|[from] move: Defog|[of] p1a: Cramorant\n|move|p2a: Feraligatr|Dragon Dance|p2a: Feraligatr\n|-boost|p2a: Feraligatr|atk|1\n|-boost|p2a: Feraligatr|spe|1\n|\n|upkeep\n|turn|9\n|\n|t:|1781445765\n|move|p2a: Feraligatr|Dragon Dance|p2a: Feraligatr\n|-boost|p2a: Feraligatr|atk|1\n|-boost|p2a: Feraligatr|spe|1\n|move|p1a: Cramorant|Brave Bird|p2a: Feraligatr\n|-damage|p2a: Feraligatr|140/264\n|-damage|p1a: Cramorant|220/261|[from] Recoil\n|\n|upkeep\n|turn|10\n|\n|t:|1781445772\n|move|p2a: Feraligatr|Liquidation|p1a: Cramorant\n|-supereffective|p1a: Cramorant\n|-damage|p1a: Cramorant|0 fnt\n|-damage|p2a: Feraligatr|74/264|[from] ability: Gulp Missile|[of] p1a: Cramorant\n|-unboost|p2a: Feraligatr|def|1\n|-formechange|p1a: Cramorant|Cramorant|\n|faint|p1a: Cramorant\n|\n|upkeep\n|\n|t:|1781445784\n|switch|p1a: Politoed|Politoed, L88, M|302/302\n|-weather|RainDance|[from] ability: Drizzle|[of] p1a: Politoed\n|turn|11\n|inactive|MiracleEggy has 120 seconds left.\n|\n|t:|1781445824\n|-terastallize|p2a: Feraligatr|Dark\n|move|p2a: Feraligatr|Crunch|p1a: Politoed\n|-damage|p1a: Politoed|21/302\n|move|p1a: Politoed|Ice Beam|p2a: Feraligatr\n|-damage|p2a: Feraligatr|5/264\n|\n|-weather|RainDance|[upkeep]\n|-heal|p1a: Politoed|39/302|[from] item: Leftovers\n|upkeep\n|turn|12\n|\n|t:|1781445834\n|move|p2a: Feraligatr|Crunch|p1a: Politoed\n|-damage|p1a: Politoed|0 fnt\n|faint|p1a: Politoed\n|\n|-weather|RainDance|[upkeep]\n|upkeep\n|\n|t:|1781445837\n|switch|p1a: Conkeldurr|Conkeldurr, L80, F|299/299\n|turn|13\n|\n|t:|1781445844\n|move|p1a: Conkeldurr|Mach Punch|p2a: Feraligatr\n|-supereffective|p2a: Feraligatr\n|-damage|p2a: Feraligatr|0 fnt\n|faint|p2a: Feraligatr\n|\n|-weather|RainDance|[upkeep]\n|-status|p1a: Conkeldurr|brn|[from] item: Flame Orb\n|upkeep\n|inactive|MiracleEggy has 120 seconds left.\n|\n|t:|1781445865\n|switch|p2a: Sandaconda|Sandaconda, L84, M|258/258\n|turn|14\n|\n|t:|1781445870\n|move|p2a: Sandaconda|Coil|p2a: Sandaconda\n|-boost|p2a: Sandaconda|atk|1\n|-boost|p2a: Sandaconda|def|1\n|-boost|p2a: Sandaconda|accuracy|1\n|move|p1a: Conkeldurr|Knock Off|p2a: Sandaconda\n|-damage|p2a: Sandaconda|187/258\n|-enditem|p2a: Sandaconda|Leftovers|[from] move: Knock Off|[of] p1a: Conkeldurr\n|\n|-weather|RainDance|[upkeep]\n|-damage|p1a: Conkeldurr|281/299 brn|[from] brn\n|upkeep\n|turn|15\n|\n|t:|1781445877\n|move|p2a: Sandaconda|Coil|p2a: Sandaconda\n|-boost|p2a: Sandaconda|atk|1\n|-boost|p2a: Sandaconda|def|1\n|-boost|p2a: Sandaconda|accuracy|1\n|move|p1a: Conkeldurr|Close Combat|p2a: Sandaconda\n|-damage|p2a: Sandaconda|94/258\n|-unboost|p1a: Conkeldurr|def|1\n|-unboost|p1a: Conkeldurr|spd|1\n|\n|-weather|none\n|-damage|p1a: Conkeldurr|263/299 brn|[from] brn\n|upkeep\n|turn|16\n|\n|t:|1781445879\n|move|p2a: Sandaconda|Earthquake|p1a: Conkeldurr\n|-damage|p1a: Conkeldurr|0 fnt\n|faint|p1a: Conkeldurr\n|\n|upkeep\n|\n|t:|1781445882\n|switch|p1a: Leafeon|Leafeon, L88, F|258/258\n|turn|17\n|\n|t:|1781445887\n|move|p1a: Leafeon|Leaf Blade|p2a: Sandaconda\n|-supereffective|p2a: Sandaconda\n|-damage|p2a: Sandaconda|0 fnt\n|faint|p2a: Sandaconda\n|-damage|p1a: Leafeon|233/258|[from] item: Life Orb\n|\n|upkeep\n|\n|t:|1781445895\n|switch|p2a: Tsareena|Tsareena, L87, F|267/267 slp\n|turn|18\n|\n|t:|1781445899\n|switch|p1a: Flareon|Flareon, L90, F|263/263\n|cant|p2a: Tsareena|slp\n|\n|-status|p1a: Flareon|tox|[from] item: Toxic Orb\n|upkeep\n|turn|19\n|\n|t:|1781445903\n|switch|p2a: Quagsire|Quagsire, L84, M|297/297\n|move|p1a: Flareon|Trailblaze|p2a: Quagsire\n|-supereffective|p2a: Quagsire\n|-damage|p2a: Quagsire|0 fnt\n|-boost|p1a: Flareon|spe|1\n|faint|p2a: Quagsire\n|\n|-damage|p1a: Flareon|247/263 tox|[from] psn\n|upkeep\n|\n|t:|1781445906\n|switch|p2a: Tsareena|Tsareena, L87, F|267/267 slp\n|turn|20\n|-message|MiracleEggy forfeited.\n|\n|win|MakotoV7\n", "uploadtime": 1781445642, "views": 3, "formatid": "gen9randombattle", "rating": null, "private": 0, "password": null}