{"id": "gen9randombattle-2631569051", "format": "[Gen 9] Random Battle", "players": ["buzbee2000", "Bigoleg"], "log": "|j|\u2606buzbee2000\n|j|\u2606Bigoleg\n|t:|1781402583\n|gametype|singles\n|player|p1|buzbee2000|266|1996\n|player|p2|Bigoleg|169|2139\n|gen|9\n|tier|[Gen 9] Random Battle\n|rated|\n|rule|Species Clause: Limit one of each Pok\u00e9mon\n|rule|HP Percentage Mod: HP is shown in percentages\n|rule|Sleep Clause Mod: Limit one foe put to sleep\n|rule|Illusion Level Mod: Illusion disguises the Pok\u00e9mon's true level\n|\n|t:|1781402583\n|teamsize|p1|6\n|teamsize|p2|6\n|start\n|switch|p1a: Flareon|Flareon, L90, M|263/263\n|switch|p2a: Cramorant|Cramorant, L86, M|261/261\n|turn|1\n|\n|t:|1781402603\n|switch|p1a: Raikou|Raikou, L81|278/278\n|-ability|p1a: Raikou|Pressure\n|move|p2a: Cramorant|Surf|p1a: Raikou\n|-formechange|p2a: Cramorant|Cramorant-Gulping|\n|-crit|p1a: Raikou\n|-damage|p1a: Raikou|139/278\n|\n|-heal|p1a: Raikou|156/278|[from] item: Leftovers\n|upkeep\n|turn|2\n|\n|t:|1781402613\n|move|p1a: Raikou|Substitute|p1a: Raikou\n|-start|p1a: Raikou|Substitute\n|-damage|p1a: Raikou|87/278\n|move|p2a: Cramorant|Surf|p1a: Raikou\n|-crit|p1a: Raikou\n|-end|p1a: Raikou|Substitute\n|\n|-heal|p1a: Raikou|104/278|[from] item: Leftovers\n|upkeep\n|turn|3\n|\n|t:|1781402622\n|move|p1a: Raikou|Thunderbolt|p2a: Cramorant\n|-supereffective|p2a: Cramorant\n|-damage|p2a: Cramorant|0 fnt\n|-damage|p1a: Raikou|35/278|[from] ability: Gulp Missile|[of] p2a: Cramorant\n|-unboost|p1a: Raikou|def|1\n|-formechange|p2a: Cramorant|Cramorant|\n|faint|p2a: Cramorant\n|\n|-heal|p1a: Raikou|52/278|[from] item: Leftovers\n|upkeep\n|\n|t:|1781402624\n|switch|p2a: Maushold|Maushold-Four, L76|238/238\n|turn|4\n|\n|t:|1781402636\n|switch|p1a: Excadrill|Excadrill, L79, M|303/303\n|-ability|p1a: Excadrill|Mold Breaker\n|move|p2a: Maushold|Tidy Up|p2a: Maushold\n|-boost|p2a: Maushold|atk|1\n|-boost|p2a: Maushold|spe|1\n|\n|upkeep\n|turn|5\n|\n|t:|1781402643\n|move|p2a: Maushold|Population Bomb|p1a: Excadrill\n|-resisted|p1a: Excadrill\n|-damage|p1a: Excadrill|281/303\n|-resisted|p1a: Excadrill\n|-damage|p1a: Excadrill|258/303\n|-resisted|p1a: Excadrill\n|-damage|p1a: Excadrill|236/303\n|-resisted|p1a: Excadrill\n|-damage|p1a: Excadrill|212/303\n|-resisted|p1a: Excadrill\n|-damage|p1a: Excadrill|191/303\n|-resisted|p1a: Excadrill\n|-damage|p1a: Excadrill|166/303\n|-resisted|p1a: Excadrill\n|-crit|p1a: Excadrill\n|-damage|p1a: Excadrill|130/303\n|-resisted|p1a: Excadrill\n|-damage|p1a: Excadrill|109/303\n|-resisted|p1a: Excadrill\n|-damage|p1a: Excadrill|84/303\n|-resisted|p1a: Excadrill\n|-damage|p1a: Excadrill|62/303\n|-hitcount|p1a: Excadrill|10\n|move|p1a: Excadrill|Earthquake|p2a: Maushold\n|-damage|p2a: Maushold|93/238\n|\n|-heal|p1a: Excadrill|80/303|[from] item: Leftovers\n|upkeep\n|turn|6\n|inactive|Battle timer is ON: inactive players will automatically lose when time's up. (requested by Bigoleg)\n|\n|t:|1781402653\n|move|p2a: Maushold|Population Bomb|p1a: Excadrill\n|-resisted|p1a: Excadrill\n|-crit|p1a: Excadrill\n|-damage|p1a: Excadrill|46/303\n|-resisted|p1a: Excadrill\n|-damage|p1a: Excadrill|23/303\n|-resisted|p1a: Excadrill\n|-damage|p1a: Excadrill|2/303\n|-resisted|p1a: Excadrill\n|-damage|p1a: Excadrill|0 fnt\n|faint|p1a: Excadrill\n|-hitcount|p1: Excadrill|4\n|\n|upkeep\n|\n|t:|1781402659\n|switch|p1a: Dondozo|Dondozo, L78, M|362/362\n|turn|7\n|\n|t:|1781402662\n|move|p2a: Maushold|Population Bomb|p1a: Dondozo\n|-damage|p1a: Dondozo|343/362\n|-damage|p1a: Dondozo|325/362\n|-damage|p1a: Dondozo|306/362\n|-damage|p1a: Dondozo|287/362\n|-damage|p1a: Dondozo|266/362\n|-damage|p1a: Dondozo|245/362\n|-damage|p1a: Dondozo|226/362\n|-damage|p1a: Dondozo|205/362\n|-damage|p1a: Dondozo|184/362\n|-damage|p1a: Dondozo|165/362\n|-hitcount|p1a: Dondozo|10\n|move|p1a: Dondozo|Wave Crash|p2a: Maushold\n|-damage|p2a: Maushold|0 fnt\n|faint|p2a: Maushold\n|-damage|p1a: Dondozo|134/362|[from] Recoil\n|\n|-heal|p1a: Dondozo|156/362|[from] item: Leftovers\n|upkeep\n|\n|t:|1781402675\n|switch|p2a: Hoopa|Hoopa-Unbound, L80|259/259\n|turn|8\n|\n|t:|1781402684\n|switch|p1a: Scrafty|Scrafty, L83, M|244/244\n|-ability|p1a: Scrafty|Intimidate|boost\n|-unboost|p2a: Hoopa|atk|1\n|move|p2a: Hoopa|Psychic|p1a: Scrafty\n|-immune|p1a: Scrafty\n|\n|upkeep\n|turn|9\n|\n|t:|1781402690\n|move|p2a: Hoopa|Focus Blast|p1a: Scrafty\n|-supereffective|p1a: Scrafty\n|-damage|p1a: Scrafty|54/244\n|move|p1a: Scrafty|Dragon Dance|p1a: Scrafty\n|-boost|p1a: Scrafty|atk|1\n|-boost|p1a: Scrafty|spe|1\n|\n|-heal|p1a: Scrafty|69/244|[from] item: Leftovers\n|upkeep\n|turn|10\n|\n|t:|1781402698\n|-terastallize|p1a: Scrafty|Poison\n|move|p1a: Scrafty|Drain Punch|p2a: Hoopa\n|-damage|p2a: Hoopa|102/259\n|-heal|p1a: Scrafty|148/244|[from] drain|[of] p2a: Hoopa\n|move|p2a: Hoopa|Focus Blast|p1a: Scrafty|[miss]\n|-miss|p2a: Hoopa|p1a: Scrafty\n|\n|-heal|p1a: Scrafty|163/244|[from] item: Leftovers\n|upkeep\n|turn|11\n|\n|t:|1781402706\n|-terastallize|p2a: Hoopa|Poison\n|move|p1a: Scrafty|Drain Punch|p2a: Hoopa\n|-resisted|p2a: Hoopa\n|-damage|p2a: Hoopa|31/259\n|-heal|p1a: Scrafty|199/244|[from] drain|[of] p2a: Hoopa\n|move|p2a: Hoopa|Psychic|p1a: Scrafty\n|-supereffective|p1a: Scrafty\n|-damage|p1a: Scrafty|0 fnt\n|faint|p1a: Scrafty\n|\n|upkeep\n|\n|t:|1781402711\n|switch|p1a: Raikou|Raikou, L81|52/278\n|-ability|p1a: Raikou|Pressure\n|turn|12\n|\n|t:|1781402713\n|move|p1a: Raikou|Thunderbolt|p2a: Hoopa\n|-damage|p2a: Hoopa|0 fnt\n|faint|p2a: Hoopa\n|\n|-heal|p1a: Raikou|69/278|[from] item: Leftovers\n|upkeep\n|\n|t:|1781402717\n|switch|p2a: Mienshao|Mienshao, L83, F|244/244\n|turn|13\n|\n|t:|1781402720\n|move|p2a: Mienshao|Fake Out|p1a: Raikou\n|-damage|p1a: Raikou|27/278\n|cant|p1a: Raikou|flinch\n|\n|-heal|p1a: Raikou|44/278|[from] item: Leftovers\n|upkeep\n|turn|14\n|\n|t:|1781402723\n|move|p1a: Raikou|Thunderbolt|p2a: Mienshao\n|-damage|p2a: Mienshao|154/244\n|move|p2a: Mienshao|U-turn|p1a: Raikou\n|-damage|p1a: Raikou|0 fnt\n|faint|p1a: Raikou\n|\n|t:|1781402734\n|switch|p2a: Tornadus|Tornadus, L82, M|263/263|[from] U-turn\n|\n|upkeep\n|\n|t:|1781402739\n|switch|p1a: Flareon|Flareon, L90, M|263/263\n|turn|15\n|\n|t:|1781402743\n|move|p2a: Tornadus|Bleakwind Storm|p1a: Flareon\n|-damage|p1a: Flareon|116/263\n|move|p1a: Flareon|Trailblaze|p2a: Tornadus\n|-resisted|p2a: Tornadus\n|-damage|p2a: Tornadus|230/263\n|-boost|p1a: Flareon|spe|1\n|\n|-status|p1a: Flareon|tox|[from] item: Toxic Orb\n|upkeep\n|turn|16\n|\n|t:|1781402749\n|move|p1a: Flareon|Facade|p2a: Tornadus\n|-damage|p2a: Tornadus|0 fnt\n|faint|p2a: Tornadus\n|\n|-damage|p1a: Flareon|100/263 tox|[from] psn\n|upkeep\n|\n|t:|1781402751\n|switch|p2a: Mienshao|Mienshao, L83, F|235/244\n|turn|17\n|\n|t:|1781402771\n|move|p2a: Mienshao|Fake Out|p1a: Flareon\n|-damage|p1a: Flareon|59/263 tox\n|cant|p1a: Flareon|flinch\n|\n|-damage|p1a: Flareon|27/263 tox|[from] psn\n|upkeep\n|turn|18\n|\n|t:|1781402775\n|move|p1a: Flareon|Flare Blitz|p2a: Mienshao\n|-damage|p2a: Mienshao|0 fnt\n|faint|p2a: Mienshao\n|-damage|p1a: Flareon|0 fnt|[from] Recoil\n|faint|p1a: Flareon\n|\n|upkeep\n|\n|t:|1781402779\n|switch|p2a: Venomoth|Venomoth, L84, M|255/255\n|switch|p1a: Enamorus|Enamorus, L79, F|247/247\n|turn|19\n|\n|t:|1781402786\n|move|p1a: Enamorus|Taunt|p2a: Venomoth\n|-start|p2a: Venomoth|move: Taunt\n|cant|p2a: Venomoth|move: Taunt|Quiver Dance\n|\n|upkeep\n|turn|20\n|\n|t:|1781402788\n|move|p1a: Enamorus|Zen Headbutt|p2a: Venomoth\n|-supereffective|p2a: Venomoth\n|-damage|p2a: Venomoth|115/255\n|move|p2a: Venomoth|Sludge Wave|p1a: Enamorus\n|-supereffective|p1a: Enamorus\n|-damage|p1a: Enamorus|31/247\n|\n|upkeep\n|turn|21\n|\n|t:|1781402793\n|move|p1a: Enamorus|Zen Headbutt|p2a: Venomoth\n|-supereffective|p2a: Venomoth\n|-damage|p2a: Venomoth|0 fnt\n|faint|p2a: Venomoth\n|\n|win|buzbee2000\n", "inputlog": ">version a8376a258c1d4662feba110a92103f3664a72141\n>start {\"formatid\":\"gen9randombattle\",\"seed\":\"sodium,ca416b244848a953b4edd9f55f884c9d\",\"rated\":\"Rated battle\"}\n>player p1 {\"name\":\"buzbee2000\",\"avatar\":\"266\",\"rating\":1996,\"seed\":\"sodium,9f1716f4c4c9700b1536ac60d687328a\"}\n>player p2 {\"name\":\"Bigoleg\",\"avatar\":\"169\",\"rating\":2139,\"seed\":\"sodium,b1ead77e4531ba61c91104c6e66e1e2b\"}\n>p1 switch 3\n>p2 move surf\n>p1 move substitute\n>p2 move surf\n>p1 move thunderbolt\n>p2 move surf\n>p2 switch 5\n>p1 switch 4\n>p2 move tidyup\n>p1 move earthquake\n>p2 move populationbomb\n>p1 move earthquake\n>p2 move populationbomb\n>p1 switch 6\n>p1 move wavecrash\n>p2 move populationbomb\n>p2 switch 2\n>p1 switch 2\n>p2 move psychic\n>p1 move dragondance\n>p2 move focusblast\n>p1 move drainpunch terastallize\n>p2 move focusblast\n>p1 move drainpunch\n>p2 move psychic terastallize\n>p1 switch 4\n>p1 move thunderbolt\n>p2 move psychic\n>p2 switch 6\n>p1 move thunderbolt\n>p2 move fakeout\n>p1 move thunderbolt\n>p2 move uturn\n>p2 switch 3\n>p1 switch 3\n>p1 move trailblaze\n>p2 move bleakwindstorm\n>p1 move facade\n>p2 move bleakwindstorm\n>p2 switch 3\n>p1 move flareblitz\n>p2 move fakeout\n>p1 move flareblitz\n>p2 move uturn\n>p1 switch 5\n>p2 switch 4\n>p1 move taunt\n>p2 move quiverdance\n>p1 move zenheadbutt\n>p2 move sludgewave\n>p1 move zenheadbutt\n>p2 move sludgewave", "uploadtime": 1781402585, "views": 4, "formatid": "gen9randombattle", "rating": null, "private": 0, "password": null}