{"id": "gen9randombattle-2631531731", "format": "[Gen 9] Random Battle", "players": ["Emily Montes", "OGKUSHONDECK"], "log": "|j|\u2606Emily Montes\n|j|\u2606OGKUSHONDECK\n|t:|1781397439\n|gametype|singles\n|player|p1|Emily Montes|pokekid|1929\n|player|p2|OGKUSHONDECK|biker-gen1rb|2069\n|gen|9\n|tier|[Gen 9] Random Battle\n|rated|\n|rule|Species Clause: Limit one of each Pok\u00e9mon\n|rule|HP Percentage Mod: HP is shown in percentages\n|rule|Sleep Clause Mod: Limit one foe put to sleep\n|rule|Illusion Level Mod: Illusion disguises the Pok\u00e9mon's true level\n|\n|t:|1781397439\n|teamsize|p1|6\n|teamsize|p2|6\n|start\n|switch|p1a: Dunsparce|Dunsparce, L86, F|312/312\n|switch|p2a: Mimikyu|Mimikyu, L79, F|216/216\n|turn|1\n|inactive|Battle timer is ON: inactive players will automatically lose when time's up. (requested by Emily Montes)\n|\n|t:|1781397472\n|move|p2a: Mimikyu|Swords Dance|p2a: Mimikyu\n|-boost|p2a: Mimikyu|atk|2\n|move|p1a: Dunsparce|Coil|p1a: Dunsparce\n|-boost|p1a: Dunsparce|atk|1\n|-boost|p1a: Dunsparce|def|1\n|-boost|p1a: Dunsparce|accuracy|1\n|\n|upkeep\n|turn|2\n|\n|t:|1781397479\n|move|p2a: Mimikyu|Swords Dance|p2a: Mimikyu\n|-boost|p2a: Mimikyu|atk|2\n|move|p1a: Dunsparce|Earthquake|p2a: Mimikyu\n|-activate|p2a: Mimikyu|ability: Disguise\n|-damage|p2a: Mimikyu|216/216\n|detailschange|p2a: Mimikyu|Mimikyu-Busted, L79, F\n|-damage|p2a: Mimikyu|189/216|[from] pokemon: Mimikyu-Busted\n|\n|upkeep\n|turn|3\n|\n|t:|1781397499\n|move|p2a: Mimikyu|Drain Punch|p1a: Dunsparce\n|-supereffective|p1a: Dunsparce\n|-damage|p1a: Dunsparce|138/312\n|-heal|p2a: Mimikyu|216/216|[from] drain|[of] p1a: Dunsparce\n|-damage|p2a: Mimikyu|195/216|[from] item: Life Orb\n|move|p1a: Dunsparce|Earthquake|p2a: Mimikyu\n|-damage|p2a: Mimikyu|98/216\n|\n|upkeep\n|turn|4\n|\n|t:|1781397506\n|switch|p1a: Skeledirge|Skeledirge, L79, M|294/294\n|move|p2a: Mimikyu|Drain Punch|p1a: Skeledirge\n|-immune|p1a: Skeledirge\n|\n|upkeep\n|turn|5\n|\n|t:|1781397518\n|switch|p2a: Farigiraf|Farigiraf, L90, F|219/219\n|switch|p1a: Indeedee|Indeedee-F, L90, F|272/272\n|-fieldstart|move: Psychic Terrain|[from] ability: Psychic Surge|[of] p1a: Indeedee\n|\n|upkeep\n|turn|6\n|\n|t:|1781397546\n|switch|p1a: Bronzong|Bronzong, L88|261/261\n|switch|p2a: Mimikyu|Mimikyu-Busted, L79, F|98/216\n|\n|upkeep\n|turn|7\n|\n|t:|1781397553\n|switch|p2a: Emboar|Emboar, L84, M|322/322\n|move|p1a: Bronzong|Iron Head|p2a: Emboar\n|-resisted|p2a: Emboar\n|-damage|p2a: Emboar|265/322\n|\n|-heal|p2a: Emboar|285/322|[from] item: Leftovers\n|upkeep\n|turn|8\n|\n|t:|1781397567\n|-terastallize|p1a: Bronzong|Fighting\n|move|p2a: Emboar|Flare Blitz|p1a: Bronzong\n|-damage|p1a: Bronzong|123/261\n|-damage|p2a: Emboar|239/322|[from] Recoil\n|move|p1a: Bronzong|Iron Defense|p1a: Bronzong\n|-boost|p1a: Bronzong|def|2\n|\n|-heal|p2a: Emboar|259/322|[from] item: Leftovers\n|-heal|p1a: Bronzong|139/261|[from] item: Leftovers\n|upkeep\n|turn|9\n|\n|t:|1781397584\n|move|p2a: Emboar|Flare Blitz|p1a: Bronzong\n|-damage|p1a: Bronzong|73/261\n|-damage|p2a: Emboar|237/322|[from] Recoil\n|move|p1a: Bronzong|Body Press|p2a: Emboar\n|-damage|p2a: Emboar|0 fnt\n|faint|p2a: Emboar\n|\n|-heal|p1a: Bronzong|89/261|[from] item: Leftovers\n|-fieldend|move: Psychic Terrain\n|upkeep\n|\n|t:|1781397588\n|switch|p2a: Farigiraf|Farigiraf, L90, F|219/219\n|turn|10\n|\n|t:|1781397599\n|switch|p1a: Archaludon|Archaludon, L78, F|268/268\n|move|p2a: Farigiraf|Hyper Voice|p1a: Archaludon\n|-resisted|p1a: Archaludon\n|-damage|p1a: Archaludon|206/268\n|-ability|p1a: Archaludon|Stamina|boost\n|-boost|p1a: Archaludon|def|1\n|-damage|p2a: Farigiraf|198/219|[from] item: Life Orb\n|\n|upkeep\n|turn|11\n|\n|t:|1781397607\n|move|p2a: Farigiraf|Focus Blast|p1a: Archaludon|[miss]\n|-miss|p2a: Farigiraf|p1a: Archaludon\n|move|p1a: Archaludon|Flash Cannon|p2a: Farigiraf\n|-damage|p2a: Farigiraf|78/219\n|replace|p2a: Zoroark|Zoroark-Hisui, L80, F\n|-end|p2a: Zoroark|Illusion\n|-hint|Illusion Level Mod is active, so this Pok\u00e9mon's true level was hidden.\n|\n|upkeep\n|turn|12\n|\n|t:|1781397627\n|switch|p1a: Indeedee|Indeedee-F, L90, F|272/272\n|-fieldstart|move: Psychic Terrain|[from] ability: Psychic Surge|[of] p1a: Indeedee\n|move|p2a: Zoroark|Focus Blast|p1a: Indeedee|[miss]\n|-miss|p2a: Zoroark|p1a: Indeedee\n|\n|upkeep\n|turn|13\n|\n|t:|1781397636\n|switch|p2a: Farigiraf|Farigiraf, L90, F|362/362\n|move|p1a: Indeedee|Psyshock|p2a: Farigiraf\n|-resisted|p2a: Farigiraf\n|-damage|p2a: Farigiraf|293/362\n|\n|-heal|p2a: Farigiraf|315/362|[from] item: Leftovers\n|upkeep\n|turn|14\n|\n|t:|1781397651\n|switch|p1a: Archaludon|Archaludon, L78, F|206/268\n|move|p2a: Farigiraf|Wish|p2a: Farigiraf\n|\n|-heal|p2a: Farigiraf|337/362|[from] item: Leftovers\n|upkeep\n|turn|15\n|\n|t:|1781397663\n|move|p1a: Archaludon|Flash Cannon|p2a: Farigiraf\n|-damage|p2a: Farigiraf|241/362\n|move|p2a: Farigiraf|Psychic Noise|p1a: Archaludon\n|-resisted|p1a: Archaludon\n|-damage|p1a: Archaludon|148/268\n|-start|p1a: Archaludon|move: Heal Block\n|-ability|p1a: Archaludon|Stamina|boost\n|-boost|p1a: Archaludon|def|1\n|\n|-heal|p2a: Farigiraf|362/362|[from] move: Wish|[wisher] Farigiraf\n|upkeep\n|turn|16\n|\n|t:|1781397670\n|move|p1a: Archaludon|Flash Cannon|p2a: Farigiraf\n|-damage|p2a: Farigiraf|269/362\n|move|p2a: Farigiraf|Wish|p2a: Farigiraf\n|\n|-heal|p2a: Farigiraf|291/362|[from] item: Leftovers\n|-end|p1a: Archaludon|move: Heal Block\n|-fieldend|move: Psychic Terrain\n|upkeep\n|turn|17\n|\n|t:|1781397693\n|move|p2a: Farigiraf|Protect|p2a: Farigiraf\n|-singleturn|p2a: Farigiraf|Protect\n|move|p1a: Archaludon|Flash Cannon|p2a: Farigiraf\n|-activate|p2a: Farigiraf|move: Protect\n|\n|-heal|p2a: Farigiraf|362/362|[from] move: Wish|[wisher] Farigiraf\n|upkeep\n|turn|18\n|\n|t:|1781397695\n|switch|p2a: Mimikyu|Mimikyu-Busted, L79, F|98/216\n|move|p1a: Archaludon|Flash Cannon|p2a: Mimikyu\n|-supereffective|p2a: Mimikyu\n|-damage|p2a: Mimikyu|0 fnt\n|faint|p2a: Mimikyu\n|\n|upkeep\n|\n|t:|1781397697\n|switch|p2a: Bellossom|Bellossom, L84, M|78/219\n|turn|19\n|\n|t:|1781397704\n|move|p2a: Bellossom|Focus Blast|p1a: Archaludon\n|-supereffective|p1a: Archaludon\n|-damage|p1a: Archaludon|0 fnt\n|faint|p1a: Archaludon\n|-damage|p2a: Bellossom|57/219|[from] item: Life Orb\n|\n|upkeep\n|\n|t:|1781397709\n|switch|p1a: Indeedee|Indeedee-F, L90, F|272/272\n|-fieldstart|move: Psychic Terrain|[from] ability: Psychic Surge|[of] p1a: Indeedee\n|turn|20\n|\n|t:|1781397721\n|switch|p2a: Farigiraf|Farigiraf, L90, F|362/362\n|move|p1a: Indeedee|Psyshock|p2a: Farigiraf\n|-resisted|p2a: Farigiraf\n|-damage|p2a: Farigiraf|297/362\n|\n|-heal|p2a: Farigiraf|319/362|[from] item: Leftovers\n|upkeep\n|turn|21\n|\n|t:|1781397736\n|switch|p1a: Dunsparce|Dunsparce, L86, F|138/312\n|move|p2a: Farigiraf|Wish|p2a: Farigiraf\n|\n|-heal|p2a: Farigiraf|341/362|[from] item: Leftovers\n|upkeep\n|turn|22\n|\n|t:|1781397744\n|move|p2a: Farigiraf|Psychic Noise|p1a: Dunsparce\n|-crit|p1a: Dunsparce\n|-damage|p1a: Dunsparce|0 fnt\n|faint|p1a: Dunsparce\n|\n|-heal|p2a: Farigiraf|362/362|[from] move: Wish|[wisher] Farigiraf\n|upkeep\n|\n|t:|1781397757\n|switch|p1a: Volcarona|Volcarona, L77, M|257/257\n|turn|23\n|\n|t:|1781397767\n|move|p1a: Volcarona|Quiver Dance|p1a: Volcarona\n|-boost|p1a: Volcarona|spa|1\n|-boost|p1a: Volcarona|spd|1\n|-boost|p1a: Volcarona|spe|1\n|move|p2a: Farigiraf|Psychic Noise|p1a: Volcarona\n|-crit|p1a: Volcarona\n|-damage|p1a: Volcarona|64/257\n|-start|p1a: Volcarona|move: Heal Block\n|\n|upkeep\n|turn|24\n|\n|t:|1781397770\n|move|p1a: Volcarona|Bug Buzz|p2a: Farigiraf\n|-supereffective|p2a: Farigiraf\n|-damage|p2a: Farigiraf|0 fnt\n|faint|p2a: Farigiraf\n|\n|-end|p1a: Volcarona|move: Heal Block\n|-fieldend|move: Psychic Terrain\n|upkeep\n|\n|t:|1781397785\n|switch|p2a: Chien-Pao|Chien-Pao, L72|234/234\n|-ability|p2a: Chien-Pao|Sword of Ruin\n|turn|25\n|\n|t:|1781397808\n|-terastallize|p2a: Chien-Pao|Fighting\n|move|p1a: Volcarona|Fire Blast|p2a: Chien-Pao\n|-damage|p2a: Chien-Pao|0 fnt\n|faint|p2a: Chien-Pao\n|\n|upkeep\n|-message|OGKUSHONDECK forfeited.\n|\n|win|Emily Montes\n", "inputlog": ">version a8376a258c1d4662feba110a92103f3664a72141\n>start {\"formatid\":\"gen9randombattle\",\"seed\":\"sodium,edb4865a05384a554905649a3c25057c\",\"rated\":\"Rated battle\"}\n>player p1 {\"name\":\"Emily Montes\",\"avatar\":\"pokekid\",\"rating\":1929,\"seed\":\"sodium,a74b20f9b1a1ea68bd67f63c87bdb701\"}\n>player p2 {\"name\":\"OGKUSHONDECK\",\"avatar\":\"biker-gen1rb\",\"rating\":2069,\"seed\":\"sodium,d23d07d1b4500a10ff8e874a7ef9e733\"}\n>p1 move coil\n>p2 move swordsdance\n>p1 move earthquake\n>p2 move swordsdance\n>p1 move earthquake\n>p2 move drainpunch\n>p1 switch 4\n>p2 move drainpunch\n>p1 switch 3\n>p2 switch 4\n>p1 switch 2\n>p2 switch 4\n>p1 move ironhead\n>p2 switch 2\n>p1 move irondefense terastallize\n>p2 move flareblitz\n>p1 move bodypress\n>p2 move flareblitz\n>p2 switch 4\n>p1 switch 6\n>p2 move hypervoice\n>p1 move flashcannon\n>p2 move focusblast\n>p1 switch 2\n>p2 move focusblast\n>p1 move psyshock\n>p2 switch 6\n>p1 switch 2\n>p2 move wish\n>p1 move flashcannon\n>p2 move psychicnoise\n>p1 move flashcannon\n>p2 move wish\n>p1 move flashcannon\n>p2 move protect\n>p1 move flashcannon\n>p2 switch 2\n>p2 switch 6\n>p1 move dracometeor\n>p2 move focusblast\n>p1 switch 2\n>p1 move psyshock\n>p2 switch 2\n>p1 switch 4\n>p2 move wish\n>p1 move earthquake\n>p2 move psychicnoise\n>p1 switch 5\n>p1 move quiverdance\n>p2 move psychicnoise\n>p1 move bugbuzz\n>p2 move bodyslam\n>p2 switch 3\n>p1 move fireblast\n>p2 move iciclecrash terastallize\n>forcelose p2", "uploadtime": 1781397440, "views": 8, "formatid": "gen9randombattle", "rating": null, "private": 0, "password": null}