{"id": "gen9randombattle-2631507346", "format": "[Gen 9] Random Battle", "players": ["II Armando II", "renz3554"], "log": "|j|\u2606II Armando II\n|j|\u2606renz3554\n|t:|1781393978\n|gametype|singles\n|player|p1|II Armando II|hilbert|2105\n|player|p2|renz3554|169|2083\n|gen|9\n|tier|[Gen 9] Random Battle\n|rated|\n|rule|Species Clause: Limit one of each Pok\u00e9mon\n|rule|HP Percentage Mod: HP is shown in percentages\n|rule|Sleep Clause Mod: Limit one foe put to sleep\n|rule|Illusion Level Mod: Illusion disguises the Pok\u00e9mon's true level\n|\n|t:|1781393978\n|teamsize|p1|6\n|teamsize|p2|6\n|start\n|switch|p1a: Bronzong|Bronzong, L88|261/261\n|switch|p2a: Indeedee|Indeedee-F, L90, F|272/272\n|-fieldstart|move: Psychic Terrain|[from] ability: Psychic Surge|[of] p2a: Indeedee\n|turn|1\n|inactive|Battle timer is ON: inactive players will automatically lose when time's up. (requested by renz3554)\n|\n|t:|1781393997\n|switch|p2a: Slither Wing|Slither Wing, L81|270/270\n|move|p1a: Bronzong|Iron Head|p2a: Slither Wing\n|-damage|p2a: Slither Wing|164/270\n|\n|upkeep\n|turn|2\n|\n|t:|1781394004\n|switch|p1a: Swanna|Swanna, L89, F|278/278\n|move|p2a: Slither Wing|U-turn|p1a: Swanna\n|-resisted|p1a: Swanna\n|-damage|p1a: Swanna|224/278\n|\n|t:|1781394016\n|-end|p2a: Slither Wing|Protosynthesis|[silent]\n|switch|p2a: Terapagos|Terapagos, L77, F|265/265|[from] U-turn\n|-activate|p2a: Terapagos|ability: Tera Shift\n|detailschange|p2a: Terapagos|Terapagos-Terastal, L77, F\n|-heal|p2a: Terapagos|273/273|[silent]\n|\n|upkeep\n|turn|3\n|\n|t:|1781394026\n|switch|p1a: Eternatus|Eternatus, L69|308/308\n|-ability|p1a: Eternatus|Pressure\n|move|p2a: Terapagos|Calm Mind|p2a: Terapagos\n|-boost|p2a: Terapagos|spa|1\n|-boost|p2a: Terapagos|spd|1\n|\n|upkeep\n|turn|4\n|\n|t:|1781394049\n|move|p1a: Eternatus|Toxic|p2a: Terapagos\n|-status|p2a: Terapagos|tox\n|move|p2a: Terapagos|Calm Mind|p2a: Terapagos\n|-boost|p2a: Terapagos|spa|1\n|-boost|p2a: Terapagos|spd|1\n|\n|-damage|p2a: Terapagos|256/273 tox|[from] psn\n|upkeep\n|turn|5\n|\n|t:|1781394061\n|move|p1a: Eternatus|Dynamax Cannon|p2a: Terapagos\n|-damage|p2a: Terapagos|211/273 tox\n|move|p2a: Terapagos|Tera Starstorm|p1a: Eternatus\n|-damage|p1a: Eternatus|43/308\n|\n|-heal|p1a: Eternatus|62/308|[from] item: Leftovers\n|-damage|p2a: Terapagos|177/273 tox|[from] psn\n|-fieldend|move: Psychic Terrain\n|upkeep\n|turn|6\n|\n|t:|1781394069\n|move|p1a: Eternatus|Recover|p1a: Eternatus\n|-heal|p1a: Eternatus|216/308\n|move|p2a: Terapagos|Rest|p2a: Terapagos\n|-status|p2a: Terapagos|slp|[from] move: Rest\n|-heal|p2a: Terapagos|273/273 slp|[silent]\n|-enditem|p2a: Terapagos|Chesto Berry|[eat]\n|-curestatus|p2a: Terapagos|slp|[msg]\n|\n|-heal|p1a: Eternatus|235/308|[from] item: Leftovers\n|upkeep\n|turn|7\n|\n|t:|1781394072\n|move|p1a: Eternatus|Toxic|p2a: Terapagos\n|-status|p2a: Terapagos|tox\n|move|p2a: Terapagos|Tera Starstorm|p1a: Eternatus\n|-damage|p1a: Eternatus|0 fnt\n|faint|p1a: Eternatus\n|\n|-damage|p2a: Terapagos|256/273 tox|[from] psn\n|upkeep\n|\n|t:|1781394080\n|switch|p1a: Swanna|Swanna, L89, F|224/278\n|turn|8\n|\n|t:|1781394084\n|move|p1a: Swanna|Roost|p1a: Swanna\n|-heal|p1a: Swanna|278/278\n|-singleturn|p1a: Swanna|move: Roost\n|move|p2a: Terapagos|Tera Starstorm|p1a: Swanna\n|-damage|p1a: Swanna|0 fnt\n|faint|p1a: Swanna\n|\n|-damage|p2a: Terapagos|222/273 tox|[from] psn\n|upkeep\n|\n|t:|1781394090\n|switch|p1a: Bronzong|Bronzong, L88|261/261\n|turn|9\n|\n|t:|1781394095\n|move|p2a: Terapagos|Dark Pulse|p1a: Bronzong\n|-supereffective|p1a: Bronzong\n|-damage|p1a: Bronzong|95/261\n|move|p1a: Bronzong|Iron Head|p2a: Terapagos\n|-damage|p2a: Terapagos|146/273 tox\n|\n|-heal|p1a: Bronzong|111/261|[from] item: Leftovers\n|-damage|p2a: Terapagos|95/273 tox|[from] psn\n|upkeep\n|turn|10\n|\n|t:|1781394102\n|move|p2a: Terapagos|Tera Starstorm|p1a: Bronzong\n|-resisted|p1a: Bronzong\n|-damage|p1a: Bronzong|22/261\n|move|p1a: Bronzong|Iron Head|p2a: Terapagos\n|-damage|p2a: Terapagos|20/273 tox\n|\n|-heal|p1a: Bronzong|38/261|[from] item: Leftovers\n|-damage|p2a: Terapagos|0 fnt|[from] psn\n|faint|p2a: Terapagos\n|upkeep\n|\n|t:|1781394110\n|switch|p2a: Slither Wing|Slither Wing, L81|164/270\n|turn|11\n|\n|t:|1781394119\n|move|p2a: Slither Wing|U-turn|p1a: Bronzong\n|-damage|p1a: Bronzong|0 fnt\n|faint|p1a: Bronzong\n|\n|t:|1781394143\n|-end|p2a: Slither Wing|Protosynthesis|[silent]\n|switch|p2a: Indeedee|Indeedee-F, L90, F|272/272|[from] U-turn\n|-fieldstart|move: Psychic Terrain|[from] ability: Psychic Surge|[of] p2a: Indeedee\n|\n|upkeep\n|\n|t:|1781394162\n|switch|p1a: Magearna|Magearna-Original, L77|250/250\n|turn|12\n|\n|t:|1781394186\n|switch|p2a: Heatran|Heatran, L79, M|273/273\n|-item|p2a: Heatran|Air Balloon\n|move|p1a: Magearna|Shift Gear|p1a: Magearna\n|-boost|p1a: Magearna|spe|2\n|-boost|p1a: Magearna|atk|1\n|\n|upkeep\n|turn|13\n|\n|t:|1781394205\n|switch|p1a: Rabsca|Rabsca, L91, F|284/284\n|move|p2a: Heatran|Heavy Slam|p1a: Rabsca\n|-damage|p1a: Rabsca|184/284\n|\n|upkeep\n|turn|14\n|\n|t:|1781394209\n|move|p2a: Heatran|Magma Storm|p1a: Rabsca\n|-supereffective|p1a: Rabsca\n|-damage|p1a: Rabsca|2/284\n|-activate|p1a: Rabsca|move: Magma Storm|[of] p2a: Heatran\n|move|p1a: Rabsca|Revival Blessing|p1a: Rabsca\n|\n|t:|1781394214\n|-heal|p1: Swanna|139/278|[from] move: Revival Blessing\n|\n|-damage|p1a: Rabsca|0 fnt|[from] move: Magma Storm|[partiallytrapped]\n|faint|p1a: Rabsca\n|upkeep\n|\n|t:|1781394216\n|switch|p1a: Swanna|Swanna, L89, F|139/278\n|turn|15\n|\n|t:|1781394234\n|switch|p2a: Hippowdon|Hippowdon, L82, M|311/311\n|-weather|Sandstorm|[from] ability: Sand Stream|[of] p2a: Hippowdon\n|move|p1a: Swanna|Roost|p1a: Swanna\n|-heal|p1a: Swanna|278/278\n|-singleturn|p1a: Swanna|move: Roost\n|\n|-weather|Sandstorm|[upkeep]\n|-damage|p1a: Swanna|261/278|[from] Sandstorm\n|-fieldend|move: Psychic Terrain\n|upkeep\n|turn|16\n|\n|t:|1781394240\n|move|p1a: Swanna|Hydro Pump|p2a: Hippowdon\n|-supereffective|p2a: Hippowdon\n|-damage|p2a: Hippowdon|21/311\n|move|p2a: Hippowdon|Stone Edge|p1a: Swanna|[miss]\n|-miss|p2a: Hippowdon|p1a: Swanna\n|\n|-weather|Sandstorm|[upkeep]\n|-damage|p1a: Swanna|244/278|[from] Sandstorm\n|-heal|p2a: Hippowdon|40/311|[from] item: Leftovers\n|upkeep\n|turn|17\n|\n|t:|1781394244\n|move|p1a: Swanna|Brave Bird|p2a: Hippowdon\n|-damage|p2a: Hippowdon|0 fnt\n|faint|p2a: Hippowdon\n|-damage|p1a: Swanna|231/278|[from] Recoil\n|\n|-weather|Sandstorm|[upkeep]\n|-damage|p1a: Swanna|214/278|[from] Sandstorm\n|upkeep\n|\n|t:|1781394246\n|switch|p2a: Indeedee|Indeedee-F, L90, F|272/272\n|-fieldstart|move: Psychic Terrain|[from] ability: Psychic Surge|[of] p2a: Indeedee\n|turn|18\n|\n|t:|1781394252\n|switch|p1a: Magearna|Magearna-Original, L77|250/250\n|move|p2a: Indeedee|Psychic|p1a: Magearna\n|-resisted|p1a: Magearna\n|-damage|p1a: Magearna|187/250\n|\n|-weather|Sandstorm|[upkeep]\n|-damage|p2a: Indeedee|255/272|[from] Sandstorm\n|-heal|p1a: Magearna|202/250|[from] item: Leftovers\n|upkeep\n|turn|19\n|\n|t:|1781394257\n|switch|p2a: Heatran|Heatran, L79, M|273/273\n|-item|p2a: Heatran|Air Balloon\n|move|p1a: Magearna|Flash Cannon|p2a: Heatran\n|-resisted|p2a: Heatran\n|-damage|p2a: Heatran|254/273\n|-enditem|p2a: Heatran|Air Balloon\n|\n|-weather|none\n|-heal|p1a: Magearna|217/250|[from] item: Leftovers\n|upkeep\n|turn|20\n|\n|t:|1781394260\n|switch|p1a: Swanna|Swanna, L89, F|214/278\n|move|p2a: Heatran|Magma Storm|p1a: Swanna\n|-resisted|p1a: Swanna\n|-damage|p1a: Swanna|145/278\n|-activate|p1a: Swanna|move: Magma Storm|[of] p2a: Heatran\n|\n|-damage|p1a: Swanna|111/278|[from] move: Magma Storm|[partiallytrapped]\n|upkeep\n|turn|21\n|\n|t:|1781394265\n|move|p1a: Swanna|Roost|p1a: Swanna\n|-heal|p1a: Swanna|250/278\n|-singleturn|p1a: Swanna|move: Roost\n|move|p2a: Heatran|Heavy Slam|p1a: Swanna\n|-resisted|p1a: Swanna\n|-damage|p1a: Swanna|189/278\n|\n|-damage|p1a: Swanna|155/278|[from] move: Magma Storm|[partiallytrapped]\n|upkeep\n|turn|22\n|\n|t:|1781394269\n|switch|p2a: Indeedee|Indeedee-F, L90, F|255/272\n|move|p1a: Swanna|Hydro Pump|p2a: Indeedee\n|-damage|p2a: Indeedee|155/272\n|\n|-end|p1a: Swanna|Magma Storm|[partiallytrapped]|[silent]\n|-fieldend|move: Psychic Terrain\n|upkeep\n|turn|23\n|\n|t:|1781394273\n|move|p2a: Indeedee|Psychic|p1a: Swanna\n|-damage|p1a: Swanna|16/278\n|move|p1a: Swanna|Roost|p1a: Swanna\n|-heal|p1a: Swanna|155/278\n|-singleturn|p1a: Swanna|move: Roost\n|\n|upkeep\n|turn|24\n|\n|t:|1781394276\n|switch|p1a: Magearna|Magearna-Original, L77|217/250\n|move|p2a: Indeedee|Psychic|p1a: Magearna\n|-resisted|p1a: Magearna\n|-damage|p1a: Magearna|173/250\n|\n|-heal|p1a: Magearna|188/250|[from] item: Leftovers\n|upkeep\n|turn|25\n|\n|t:|1781394287\n|move|p2a: Indeedee|Psychic|p1a: Magearna\n|-resisted|p1a: Magearna\n|-damage|p1a: Magearna|136/250\n|move|p1a: Magearna|Flash Cannon|p2a: Indeedee\n|-damage|p2a: Indeedee|77/272\n|\n|-heal|p1a: Magearna|151/250|[from] item: Leftovers\n|upkeep\n|turn|26\n|\n|t:|1781394291\n|switch|p2a: Heatran|Heatran, L79, M|254/273\n|move|p1a: Magearna|Flash Cannon|p2a: Heatran\n|-resisted|p2a: Heatran\n|-damage|p2a: Heatran|232/273\n|\n|-heal|p1a: Magearna|166/250|[from] item: Leftovers\n|upkeep\n|turn|27\n|\n|t:|1781394296\n|switch|p1a: Swanna|Swanna, L89, F|155/278\n|move|p2a: Heatran|Magma Storm|p1a: Swanna\n|-resisted|p1a: Swanna\n|-damage|p1a: Swanna|81/278\n|-activate|p1a: Swanna|move: Magma Storm|[of] p2a: Heatran\n|\n|-damage|p1a: Swanna|47/278|[from] move: Magma Storm|[partiallytrapped]\n|upkeep\n|turn|28\n|\n|t:|1781394303\n|switch|p2a: Indeedee|Indeedee-F, L90, F|77/272\n|-fieldstart|move: Psychic Terrain|[from] ability: Psychic Surge|[of] p2a: Indeedee\n|move|p1a: Swanna|Roost|p1a: Swanna\n|-heal|p1a: Swanna|186/278\n|-singleturn|p1a: Swanna|move: Roost\n|\n|-end|p1a: Swanna|Magma Storm|[partiallytrapped]|[silent]\n|upkeep\n|turn|29\n|\n|t:|1781394309\n|switch|p1a: Magearna|Magearna-Original, L77|166/250\n|move|p2a: Indeedee|Psychic|p1a: Magearna\n|-resisted|p1a: Magearna\n|-damage|p1a: Magearna|104/250\n|\n|-heal|p1a: Magearna|119/250|[from] item: Leftovers\n|upkeep\n|turn|30\n|\n|t:|1781394315\n|switch|p2a: Heatran|Heatran, L79, M|232/273\n|switch|p1a: Swanna|Swanna, L89, F|186/278\n|\n|upkeep\n|turn|31\n|\n|t:|1781394319\n|switch|p2a: Slither Wing|Slither Wing, L81|164/270\n|move|p1a: Swanna|Hydro Pump|p2a: Slither Wing\n|-damage|p2a: Slither Wing|58/270\n|\n|upkeep\n|turn|32\n|\n|t:|1781394324\n|move|p1a: Swanna|Brave Bird|p2a: Slither Wing\n|-supereffective|p2a: Slither Wing\n|-crit|p2a: Slither Wing\n|-damage|p2a: Slither Wing|0 fnt\n|faint|p2a: Slither Wing\n|-end|p2a: Slither Wing|Protosynthesis|[silent]\n|-damage|p1a: Swanna|167/278|[from] Recoil\n|\n|-fieldend|move: Psychic Terrain\n|upkeep\n|\n|t:|1781394326\n|switch|p2a: Indeedee|Indeedee-F, L90, F|77/272\n|-fieldstart|move: Psychic Terrain|[from] ability: Psychic Surge|[of] p2a: Indeedee\n|turn|33\n|\n|t:|1781394328\n|switch|p1a: Magearna|Magearna-Original, L77|119/250\n|move|p2a: Indeedee|Psychic|p1a: Magearna\n|-resisted|p1a: Magearna\n|-damage|p1a: Magearna|56/250\n|\n|-heal|p1a: Magearna|71/250|[from] item: Leftovers\n|upkeep\n|turn|34\n|\n|t:|1781394332\n|move|p2a: Indeedee|Psychic|p1a: Magearna\n|-resisted|p1a: Magearna\n|-damage|p1a: Magearna|6/250\n|move|p1a: Magearna|Flash Cannon|p2a: Indeedee\n|-damage|p2a: Indeedee|5/272\n|\n|-heal|p1a: Magearna|21/250|[from] item: Leftovers\n|upkeep\n|turn|35\n|\n|t:|1781394336\n|move|p2a: Indeedee|Psychic|p1a: Magearna\n|-resisted|p1a: Magearna\n|-damage|p1a: Magearna|0 fnt\n|faint|p1a: Magearna\n|\n|upkeep\n|\n|t:|1781394343\n|switch|p1a: Kommo-o|Kommo-o, L78, M|245/245\n|turn|36\n|\n|t:|1781394349\n|-terastallize|p1a: Kommo-o|Steel\n|move|p2a: Indeedee|Psychic|p1a: Kommo-o\n|-resisted|p1a: Kommo-o\n|-damage|p1a: Kommo-o|179/245\n|move|p1a: Kommo-o|Scale Shot|p2a: Indeedee\n|-damage|p2a: Indeedee|0 fnt\n|faint|p2a: Indeedee\n|-hitcount|p2: Indeedee|1\n|-unboost|p1a: Kommo-o|def|1\n|-boost|p1a: Kommo-o|spe|1\n|\n|upkeep\n|\n|t:|1781394351\n|switch|p2a: Heatran|Heatran, L79, M|232/273\n|turn|37\n|\n|t:|1781394357\n|switch|p1a: Swanna|Swanna, L89, F|167/278\n|move|p2a: Heatran|Magma Storm|p1a: Swanna\n|-resisted|p1a: Swanna\n|-damage|p1a: Swanna|95/278\n|-activate|p1a: Swanna|move: Magma Storm|[of] p2a: Heatran\n|\n|-damage|p1a: Swanna|61/278|[from] move: Magma Storm|[partiallytrapped]\n|-fieldend|move: Psychic Terrain\n|upkeep\n|turn|38\n|\n|t:|1781394361\n|move|p1a: Swanna|Roost|p1a: Swanna\n|-heal|p1a: Swanna|200/278\n|-singleturn|p1a: Swanna|move: Roost\n|move|p2a: Heatran|Stealth Rock|p1a: Swanna\n|-sidestart|p1: II Armando II|move: Stealth Rock\n|\n|-damage|p1a: Swanna|166/278|[from] move: Magma Storm|[partiallytrapped]\n|upkeep\n|turn|39\n|\n|t:|1781394366\n|move|p1a: Swanna|Hydro Pump|p2a: Heatran\n|-supereffective|p2a: Heatran\n|-crit|p2a: Heatran\n|-damage|p2a: Heatran|0 fnt\n|faint|p2a: Heatran\n|\n|-end|p1a: Swanna|Magma Storm|[partiallytrapped]|[silent]\n|upkeep\n|\n|t:|1781394368\n|switch|p2a: Volcarona|Volcarona, L77, M|257/257\n|turn|40\n|\n|t:|1781394373\n|-terastallize|p2a: Volcarona|Fire\n|move|p1a: Swanna|Brave Bird|p2a: Volcarona\n|-damage|p2a: Volcarona|95/257\n|-status|p1a: Swanna|brn|[from] ability: Flame Body|[of] p2a: Volcarona\n|-damage|p1a: Swanna|113/278 brn|[from] Recoil\n|move|p2a: Volcarona|Quiver Dance|p2a: Volcarona\n|-boost|p2a: Volcarona|spa|1\n|-boost|p2a: Volcarona|spd|1\n|-boost|p2a: Volcarona|spe|1\n|\n|-damage|p1a: Swanna|96/278 brn|[from] brn\n|upkeep\n|turn|41\n|\n|t:|1781394381\n|move|p2a: Volcarona|Giga Drain|p1a: Swanna\n|-damage|p1a: Swanna|0 fnt\n|-heal|p2a: Volcarona|143/257|[from] drain|[of] p1a: Swanna\n|faint|p1a: Swanna\n|\n|upkeep\n|-message|II Armando II forfeited.\n|\n|win|renz3554\n", "inputlog": ">version a8376a258c1d4662feba110a92103f3664a72141\n>start {\"formatid\":\"gen9randombattle\",\"seed\":\"sodium,e5ea44ddccf9295415ffa594118dd277\",\"rated\":\"Rated battle\"}\n>player p1 {\"name\":\"II Armando II\",\"avatar\":\"hilbert\",\"rating\":2105,\"seed\":\"sodium,1ab1b366369331474af7b8acfaf5880b\"}\n>player p2 {\"name\":\"renz3554\",\"avatar\":\"169\",\"rating\":2083,\"seed\":\"sodium,9000d75c4b3aca13d7162c0c6fec9bd5\"}\n>p1 move ironhead\n>p2 switch 4\n>p1 switch 4\n>p2 move uturn\n>p2 switch 5\n>p1 switch 5\n>p2 move calmmind\n>p1 move toxic\n>p2 move calmmind\n>p1 move dynamaxcannon\n>p2 move terastarstorm\n>p1 move recover\n>p2 move rest\n>p1 move toxic\n>p2 move terastarstorm\n>p1 switch 5\n>p1 move roost\n>p2 move terastarstorm\n>p1 switch 4\n>p1 move ironhead\n>p2 move darkpulse\n>p1 move ironhead\n>p2 move terastarstorm\n>p2 switch 5\n>p1 move hypnosis\n>p2 move uturn\n>p2 switch 4\n>p1 switch 6\n>p1 move shiftgear\n>p2 switch 6\n>p1 switch 3\n>p2 move heavyslam\n>p1 move revivalblessing\n>p2 move magmastorm\n>p1 switch 4\n>p1 switch 4\n>p1 move roost\n>p2 switch 3\n>p1 move hydropump\n>p2 move stoneedge\n>p1 move bravebird\n>p2 move stoneedge\n>p2 switch 6\n>p1 switch 3\n>p2 move psychic\n>p1 move flashcannon\n>p2 switch 3\n>p1 switch 3\n>p2 move magmastorm\n>p1 move roost\n>p2 move heavyslam\n>p1 move hydropump\n>p2 switch 3\n>p1 move roost\n>p2 move psychic\n>p1 switch 3\n>p2 move psychic\n>p1 move flashcannon\n>p2 move psychic\n>p1 move flashcannon\n>p2 switch 3\n>p1 switch 3\n>p2 move magmastorm\n>p1 move roost\n>p2 switch 3\n>p1 switch 3\n>p2 move psychic\n>p1 switch 3\n>p2 switch 3\n>p1 move hydropump\n>p2 switch 4\n>p1 move bravebird\n>p2 move willowisp\n>p2 switch 3\n>p1 switch 3\n>p2 move psychic\n>p1 move flashcannon\n>p2 move psychic\n>p1 move flashcannon\n>p2 move psychic\n>p1 switch 2\n>p1 move scaleshot terastallize\n>p2 move psychic\n>p2 switch 4\n>p1 switch 3\n>p2 move magmastorm\n>p1 move roost\n>p2 move stealthrock\n>p1 move hydropump\n>p2 move heavyslam\n>p2 switch 2\n>p1 move bravebird\n>p2 move quiverdance terastallize\n>p1 move bravebird\n>p2 move gigadrain\n>forcelose p1", "uploadtime": 1781393980, "views": 4, "formatid": "gen9randombattle", "rating": null, "private": 0, "password": null, "player_dets": [{"name": "II Armando II", "avatar": "hilbert", "rating": 2105, "seed": "sodium,1ab1b366369331474af7b8acfaf5880b"}, {"name": "renz3554", "avatar": "169", "rating": 2083, "seed": "sodium,9000d75c4b3aca13d7162c0c6fec9bd5"}], "teams_full": [{"Bronzong": {"name": "Bronzong", "species": "Bronzong", "speciesId": "bronzong", "gender": "N", "shiny": false, "level": 88, "moves": ["psychic", "ironhead", "earthquake", "hypnosis"], "ability": "Levitate", "evs": {"hp": 85, "atk": 85, "def": 85, "spa": 85, "spd": 85, "spe": 85}, "ivs": {"hp": 31, "atk": 31, "def": 31, "spa": 31, "spd": 31, "spe": 31}, "item": "Leftovers", "teraType": "Water", "role": "Bulky Support", "bvs": {"hp": 67, "atk": 89, "def": 116, "spa": 79, "spd": 116, "spe": 33}, "stats": {"hp": 261, "atk": 207, "def": 254, "spa": 189, "spd": 254, "spe": 108}}, "Kommo-o": {"name": "Kommo-o", "species": "Kommo-o", "speciesId": "kommoo", "gender": "M", "shiny": false, "level": 78, "moves": ["scaleshot", "ironhead", "swordsdance", "closecombat"], "ability": "Soundproof", "evs": {"hp": 85, "atk": 85, "def": 85, "spa": 85, "spd": 85, "spe": 85}, "ivs": {"hp": 31, "atk": 31, "def": 31, "spa": 31, "spd": 31, "spe": 31}, "item": "Loaded Dice", "teraType": "Steel", "role": "Setup Sweeper", "bvs": {"hp": 75, "atk": 110, "def": 125, "spa": 100, "spd": 105, "spe": 85}, "stats": {"hp": 245, "atk": 217, "def": 240, "spa": 201, "spd": 209, "spe": 178}}, "Rabsca": {"name": "Rabsca", "species": "Rabsca", "speciesId": "rabsca", "gender": "F", "shiny": false, "level": 91, "moves": ["bugbuzz", "revivalblessing", "earthpower", "psychic"], "ability": "Synchronize", "evs": {"hp": 85, "atk": 0, "def": 85, "spa": 85, "spd": 85, "spe": 85}, "ivs": {"hp": 31, "atk": 0, "def": 31, "spa": 31, "spd": 31, "spe": 31}, "item": "Heavy-Duty Boots", "teraType": "Steel", "role": "Wallbreaker", "bvs": {"hp": 75, "atk": 50, "def": 85, "spa": 115, "spd": 100, "spe": 45}, "stats": {"hp": 284, "atk": 96, "def": 207, "spa": 261, "spd": 234, "spe": 134}}, "Swanna": {"name": "Swanna", "species": "Swanna", "speciesId": "swanna", "gender": "F", "shiny": false, "level": 89, "moves": ["defog", "bravebird", "roost", "hydropump"], "ability": "Hydration", "evs": {"hp": 85, "atk": 85, "def": 85, "spa": 85, "spd": 85, "spe": 85}, "ivs": {"hp": 31, "atk": 31, "def": 31, "spa": 31, "spd": 31, "spe": 31}, "item": "Heavy-Duty Boots", "teraType": "Ground", "role": "Bulky Support", "bvs": {"hp": 75, "atk": 87, "def": 63, "spa": 87, "spd": 63, "spe": 98}, "stats": {"hp": 278, "atk": 206, "def": 163, "spa": 206, "spd": 163, "spe": 225}}, "Eternatus": {"name": "Eternatus", "species": "Eternatus", "speciesId": "eternatus", "gender": "N", "shiny": false, "level": 69, "moves": ["dynamaxcannon", "flamethrower", "recover", "toxic"], "ability": "Pressure", "evs": {"hp": 85, "atk": 0, "def": 85, "spa": 85, "spd": 85, "spe": 85}, "ivs": {"hp": 31, "atk": 0, "def": 31, "spa": 31, "spd": 31, "spe": 31}, "item": "Leftovers", "teraType": "Dragon", "role": "Bulky Support", "bvs": {"hp": 140, "atk": 85, "def": 95, "spa": 145, "spd": 95, "spe": 130}, "stats": {"hp": 308, "atk": 122, "def": 171, "spa": 240, "spd": 171, "spe": 220}}, "Magearna": {"name": "Magearna", "species": "Magearna-Original", "speciesId": "magearna", "gender": "N", "shiny": false, "level": 77, "moves": ["flashcannon", "calmmind", "shiftgear", "fleurcannon"], "ability": "Soul-Heart", "evs": {"hp": 85, "atk": 0, "def": 85, "spa": 85, "spd": 85, "spe": 85}, "ivs": {"hp": 31, "atk": 0, "def": 31, "spa": 31, "spd": 31, "spe": 31}, "item": "Leftovers", "teraType": "Water", "role": "Bulky Setup", "bvs": {"hp": 80, "atk": 95, "def": 115, "spa": 130, "spd": 115, "spe": 65}, "stats": {"hp": 250, "atk": 151, "def": 222, "spa": 245, "spd": 222, "spe": 145}}}, {"Indeedee": {"name": "Indeedee", "species": "Indeedee-F", "speciesId": "indeedeef", "gender": "F", "shiny": false, "level": 90, "moves": ["dazzlinggleam", "psychic", "hypervoice", "healingwish"], "ability": "Psychic Surge", "evs": {"hp": 85, "atk": 0, "def": 85, "spa": 85, "spd": 85, "spe": 85}, "ivs": {"hp": 31, "atk": 0, "def": 31, "spa": 31, "spd": 31, "spe": 31}, "item": "Choice Scarf", "teraType": "Fairy", "role": "Fast Attacker", "bvs": {"hp": 70, "atk": 55, "def": 65, "spa": 95, "spd": 105, "spe": 85}, "stats": {"hp": 272, "atk": 104, "def": 168, "spa": 222, "spd": 240, "spe": 204}}, "Volcarona": {"name": "Volcarona", "species": "Volcarona", "speciesId": "volcarona", "gender": "M", "shiny": false, "level": 77, "moves": ["bugbuzz", "gigadrain", "fierydance", "quiverdance"], "ability": "Flame Body", "evs": {"hp": 85, "atk": 0, "def": 85, "spa": 85, "spd": 85, "spe": 85}, "ivs": {"hp": 31, "atk": 0, "def": 31, "spa": 31, "spd": 31, "spe": 31}, "item": "Heavy-Duty Boots", "teraType": "Fire", "role": "Fast Bulky Setup", "bvs": {"hp": 85, "atk": 60, "def": 65, "spa": 135, "spd": 105, "spe": 100}, "stats": {"hp": 257, "atk": 97, "def": 145, "spa": 252, "spd": 206, "spe": 199}}, "Hippowdon": {"name": "Hippowdon", "species": "Hippowdon", "speciesId": "hippowdon", "gender": "M", "shiny": false, "level": 82, "moves": ["curse", "earthquake", "slackoff", "stoneedge"], "ability": "Sand Stream", "evs": {"hp": 85, "atk": 85, "def": 85, "spa": 85, "spd": 85, "spe": 85}, "ivs": {"hp": 31, "atk": 31, "def": 31, "spa": 31, "spd": 31, "spe": 31}, "item": "Leftovers", "teraType": "Rock", "role": "Bulky Setup", "bvs": {"hp": 108, "atk": 112, "def": 118, "spa": 68, "spd": 72, "spe": 47}, "stats": {"hp": 311, "atk": 231, "def": 241, "spa": 159, "spd": 165, "spe": 124}}, "Slither Wing": {"name": "Slither Wing", "species": "Slither Wing", "speciesId": "slitherwing", "gender": "N", "shiny": false, "level": 81, "moves": ["uturn", "closecombat", "morningsun", "willowisp"], "ability": "Protosynthesis", "evs": {"hp": 85, "atk": 85, "def": 85, "spa": 85, "spd": 85, "spe": 85}, "ivs": {"hp": 31, "atk": 31, "def": 31, "spa": 31, "spd": 31, "spe": 31}, "item": "Heavy-Duty Boots", "teraType": "Fire", "role": "Fast Support", "bvs": {"hp": 85, "atk": 135, "def": 79, "spa": 85, "spd": 105, "spe": 81}, "stats": {"hp": 270, "atk": 265, "def": 175, "spa": 184, "spd": 217, "spe": 178}}, "Terapagos": {"name": "Terapagos", "species": "Terapagos", "speciesId": "terapagos", "gender": "F", "shiny": false, "level": 77, "moves": ["darkpulse", "calmmind", "rest", "terastarstorm"], "ability": "Tera Shift", "evs": {"hp": 85, "atk": 0, "def": 85, "spa": 85, "spd": 85, "spe": 85}, "ivs": {"hp": 31, "atk": 0, "def": 31, "spa": 31, "spd": 31, "spe": 31}, "item": "Chesto Berry", "teraType": "Stellar", "role": "Setup Sweeper", "bvs": {"hp": 90, "atk": 65, "def": 85, "spa": 65, "spd": 85, "spe": 60}, "stats": {"hp": 265, "atk": 105, "def": 175, "spa": 145, "spd": 175, "spe": 137}}, "Heatran": {"name": "Heatran", "species": "Heatran", "speciesId": "heatran", "gender": "M", "shiny": false, "level": 79, "moves": ["magmastorm", "stealthrock", "earthpower", "heavyslam"], "ability": "Flash Fire", "evs": {"hp": 85, "atk": 85, "def": 85, "spa": 85, "spd": 85, "spe": 85}, "ivs": {"hp": 31, "atk": 31, "def": 31, "spa": 31, "spd": 31, "spe": 31}, "item": "Air Balloon", "teraType": "Flying", "role": "Bulky Support", "bvs": {"hp": 91, "atk": 90, "def": 106, "spa": 130, "spd": 106, "spe": 77}, "stats": {"hp": 273, "atk": 188, "def": 213, "spa": 251, "spd": 213, "spe": 167}}}]}