{"id": "gen9randombattle-2631628972", "format": "[Gen 9] Random Battle", "players": ["Ze Memerr", "WhatEver2102"], "log": "|j|\u2606Ze Memerr\n|j|\u2606WhatEver2102\n|t:|1781411363\n|gametype|singles\n|player|p1|Ze Memerr|2|1959\n|player|p2|WhatEver2102|juan|2022\n|gen|9\n|tier|[Gen 9] Random Battle\n|rated|\n|rule|Species Clause: Limit one of each Pok\u00e9mon\n|rule|HP Percentage Mod: HP is shown in percentages\n|rule|Sleep Clause Mod: Limit one foe put to sleep\n|rule|Illusion Level Mod: Illusion disguises the Pok\u00e9mon's true level\n|\n|t:|1781411363\n|teamsize|p1|6\n|teamsize|p2|6\n|start\n|switch|p1a: Gothitelle|Gothitelle, L90, M|272/272\n|switch|p2a: Arboliva|Arboliva, L91, F|290/290\n|turn|1\n|inactive|Battle timer is ON: inactive players will automatically lose when time's up. (requested by Ze Memerr)\n|\n|t:|1781411381\n|move|p1a: Gothitelle|Trick|p2a: Arboliva\n|-activate|p1a: Gothitelle|move: Trick|[of] p2a: Arboliva\n|-item|p2a: Arboliva|Choice Scarf|[from] move: Trick\n|-item|p1a: Gothitelle|Leftovers|[from] move: Trick\n|move|p2a: Arboliva|Energy Ball|p1a: Gothitelle\n|-damage|p1a: Gothitelle|161/272\n|\n|-heal|p1a: Gothitelle|178/272|[from] item: Leftovers\n|upkeep\n|turn|2\n|\n|t:|1781411399\n|switch|p1a: Fezandipiti|Fezandipiti, L82, M|278/278\n|move|p2a: Arboliva|Energy Ball|p1a: Fezandipiti\n|-resisted|p1a: Fezandipiti\n|-damage|p1a: Fezandipiti|224/278\n|-unboost|p1a: Fezandipiti|spd|1\n|\n|-heal|p1a: Fezandipiti|241/278|[from] item: Leftovers\n|upkeep\n|turn|3\n|\n|t:|1781411407\n|switch|p2a: Sudowoodo|Sudowoodo, L94, F|284/284\n|move|p1a: Fezandipiti|Beat Up|p2a: Sudowoodo\n|-damage|p2a: Sudowoodo|277/284\n|-damage|p2a: Sudowoodo|268/284\n|-damage|p2a: Sudowoodo|263/284\n|-status|p2a: Sudowoodo|tox|[from] ability: Toxic Chain|[of] p1a: Fezandipiti\n|-damage|p2a: Sudowoodo|255/284 tox\n|-damage|p2a: Sudowoodo|248/284 tox\n|-crit|p2a: Sudowoodo\n|-damage|p2a: Sudowoodo|234/284 tox\n|-hitcount|p2a: Sudowoodo|6\n|\n|-heal|p1a: Fezandipiti|258/278|[from] item: Leftovers\n|-damage|p2a: Sudowoodo|217/284 tox|[from] psn\n|upkeep\n|turn|4\n|\n|t:|1781411433\n|switch|p1a: Tauros|Tauros-Paldea-Blaze, L81, M|254/254\n|-ability|p1a: Tauros|Intimidate|boost\n|-unboost|p2a: Sudowoodo|atk|1\n|move|p2a: Sudowoodo|Head Smash|p1a: Tauros\n|-damage|p1a: Tauros|76/254\n|\n|-damage|p2a: Sudowoodo|183/284 tox|[from] psn\n|upkeep\n|turn|5\n|\n|t:|1781411445\n|move|p1a: Tauros|Close Combat|p2a: Sudowoodo\n|-supereffective|p2a: Sudowoodo\n|-damage|p2a: Sudowoodo|0 fnt\n|-unboost|p1a: Tauros|def|1\n|-unboost|p1a: Tauros|spd|1\n|faint|p2a: Sudowoodo\n|\n|upkeep\n|\n|t:|1781411450\n|switch|p2a: Basculin|Basculin-Blue-Striped, L86, M|261/261\n|turn|6\n|\n|t:|1781411460\n|switch|p1a: Gothitelle|Gothitelle, L90, M|178/272\n|move|p2a: Basculin|Flip Turn|p1a: Gothitelle\n|-damage|p1a: Gothitelle|68/272\n|\n|t:|1781411485\n|switch|p2a: Poliwrath|Poliwrath, L88, F|302/302|[from] Flip Turn\n|\n|-heal|p1a: Gothitelle|85/272|[from] item: Leftovers\n|upkeep\n|turn|7\n|\n|t:|1781411496\n|switch|p1a: Fezandipiti|Fezandipiti, L82, M|258/278\n|move|p2a: Poliwrath|Knock Off|p1a: Fezandipiti\n|-resisted|p1a: Fezandipiti\n|-damage|p1a: Fezandipiti|206/278\n|-enditem|p1a: Fezandipiti|Leftovers|[from] move: Knock Off|[of] p2a: Poliwrath\n|-damage|p2a: Poliwrath|272/302|[from] item: Life Orb\n|\n|upkeep\n|turn|8\n|\n|t:|1781411517\n|move|p1a: Fezandipiti|Moonblast|p2a: Poliwrath\n|-supereffective|p2a: Poliwrath\n|-damage|p2a: Poliwrath|132/302\n|move|p2a: Poliwrath|Rain Dance|p2a: Poliwrath\n|-weather|RainDance\n|\n|-weather|RainDance|[upkeep]\n|upkeep\n|turn|9\n|\n|t:|1781411524\n|switch|p1a: Koraidon|Koraidon, L64|235/235\n|-weather|SunnyDay|[from] ability: Orichalcum Pulse|[of] p1a: Koraidon\n|-activate|p1a: Koraidon|Orichalcum Pulse|[source]\n|move|p2a: Poliwrath|Liquidation|p1a: Koraidon\n|-resisted|p1a: Koraidon\n|-damage|p1a: Koraidon|204/235\n|-damage|p2a: Poliwrath|102/302|[from] item: Life Orb\n|\n|-weather|SunnyDay|[upkeep]\n|upkeep\n|turn|10\n|\n|t:|1781411536\n|switch|p2a: Emboar|Emboar, L84, F|322/322\n|move|p1a: Koraidon|Close Combat|p2a: Emboar\n|-damage|p2a: Emboar|96/322\n|-unboost|p1a: Koraidon|def|1\n|-unboost|p1a: Koraidon|spd|1\n|\n|-weather|SunnyDay|[upkeep]\n|upkeep\n|turn|11\n|\n|t:|1781411551\n|switch|p1a: Torkoal|Torkoal, L88, F|266/266\n|move|p2a: Emboar|Close Combat|p1a: Torkoal\n|-damage|p1a: Torkoal|155/266\n|-unboost|p2a: Emboar|def|1\n|-unboost|p2a: Emboar|spd|1\n|\n|-weather|SunnyDay|[upkeep]\n|upkeep\n|turn|12\n|inactive|WhatEver2102 has 120 seconds left.\n|\n|t:|1781411597\n|move|p2a: Emboar|Knock Off|p1a: Torkoal\n|-damage|p1a: Torkoal|102/266\n|-enditem|p1a: Torkoal|Heavy-Duty Boots|[from] move: Knock Off|[of] p2a: Emboar\n|move|p1a: Torkoal|Stealth Rock|p2a: Emboar\n|-sidestart|p2: WhatEver2102|move: Stealth Rock\n|\n|-weather|SunnyDay|[upkeep]\n|upkeep\n|turn|13\n|\n|t:|1781411611\n|switch|p1a: Tauros|Tauros-Paldea-Blaze, L81, M|76/254\n|-ability|p1a: Tauros|Intimidate|boost\n|-unboost|p2a: Emboar|atk|1\n|move|p2a: Emboar|Close Combat|p1a: Tauros\n|-damage|p1a: Tauros|0 fnt\n|-unboost|p2a: Emboar|def|1\n|-unboost|p2a: Emboar|spd|1\n|faint|p1a: Tauros\n|\n|-weather|none\n|upkeep\n|\n|t:|1781411621\n|switch|p1a: Gothitelle|Gothitelle, L90, M|85/272\n|turn|14\n|\n|t:|1781411628\n|move|p1a: Gothitelle|Psychic|p2a: Emboar\n|-supereffective|p2a: Emboar\n|-damage|p2a: Emboar|0 fnt\n|faint|p2a: Emboar\n|\n|-heal|p1a: Gothitelle|102/272|[from] item: Leftovers\n|upkeep\n|\n|t:|1781411633\n|switch|p2a: Poliwrath|Poliwrath, L88, F|102/302\n|-damage|p2a: Poliwrath|84/302|[from] Stealth Rock\n|turn|15\n|\n|t:|1781411656\n|move|p2a: Poliwrath|Knock Off|p1a: Gothitelle\n|-supereffective|p1a: Gothitelle\n|-damage|p1a: Gothitelle|0 fnt\n|-enditem|p1a: Gothitelle|Leftovers|[from] move: Knock Off|[of] p2a: Poliwrath\n|faint|p1a: Gothitelle\n|-damage|p2a: Poliwrath|54/302|[from] item: Life Orb\n|\n|upkeep\n|\n|t:|1781411670\n|switch|p1a: Fezandipiti|Fezandipiti, L82, M|206/278\n|turn|16\n|\n|t:|1781411674\n|move|p1a: Fezandipiti|Moonblast|p2a: Poliwrath\n|-supereffective|p2a: Poliwrath\n|-damage|p2a: Poliwrath|0 fnt\n|faint|p2a: Poliwrath\n|\n|upkeep\n|\n|t:|1781411682\n|switch|p2a: Arboliva|Arboliva, L91, F|290/290\n|-damage|p2a: Arboliva|254/290|[from] Stealth Rock\n|turn|17\n|\n|t:|1781411689\n|move|p1a: Fezandipiti|Beat Up|p2a: Arboliva\n|-damage|p2a: Arboliva|245/290\n|-fieldstart|move: Grassy Terrain|[from] ability: Seed Sower|[of] p2a: Arboliva\n|-damage|p2a: Arboliva|236/290\n|-damage|p2a: Arboliva|225/290\n|-damage|p2a: Arboliva|213/290\n|-hitcount|p2a: Arboliva|4\n|move|p2a: Arboliva|Earth Power|p1a: Fezandipiti\n|-supereffective|p1a: Fezandipiti\n|-damage|p1a: Fezandipiti|58/278\n|\n|-heal|p1a: Fezandipiti|75/278|[from] Grassy Terrain\n|-heal|p2a: Arboliva|231/290|[from] Grassy Terrain\n|upkeep\n|turn|18\n|\n|t:|1781411705\n|move|p1a: Fezandipiti|Gunk Shot|p2a: Arboliva\n|-supereffective|p2a: Arboliva\n|-damage|p2a: Arboliva|25/290\n|-status|p2a: Arboliva|tox|[from] ability: Toxic Chain|[of] p1a: Fezandipiti\n|move|p2a: Arboliva|Earth Power|p1a: Fezandipiti\n|-supereffective|p1a: Fezandipiti\n|-damage|p1a: Fezandipiti|0 fnt\n|faint|p1a: Fezandipiti\n|\n|-heal|p2a: Arboliva|43/290 tox|[from] Grassy Terrain\n|-damage|p2a: Arboliva|25/290 tox|[from] psn\n|upkeep\n|\n|t:|1781411712\n|switch|p1a: Koraidon|Koraidon, L64|204/235\n|-weather|SunnyDay|[from] ability: Orichalcum Pulse|[of] p1a: Koraidon\n|-activate|p1a: Koraidon|Orichalcum Pulse|[source]\n|turn|19\n|\n|t:|1781411715\n|move|p1a: Koraidon|U-turn|p2a: Arboliva\n|-supereffective|p2a: Arboliva\n|-damage|p2a: Arboliva|0 fnt\n|faint|p2a: Arboliva\n|\n|t:|1781411722\n|switch|p1a: Torkoal|Torkoal, L88, F|102/266|[from] U-turn\n|\n|-weather|SunnyDay|[upkeep]\n|-heal|p1a: Torkoal|118/266|[from] Grassy Terrain\n|upkeep\n|\n|t:|1781411728\n|switch|p2a: Basculin|Basculin-Blue-Striped, L86, M|261/261\n|-damage|p2a: Basculin|229/261|[from] Stealth Rock\n|turn|20\n|\n|t:|1781411733\n|move|p2a: Basculin|Wave Crash|p1a: Torkoal\n|-supereffective|p1a: Torkoal\n|-damage|p1a: Torkoal|0 fnt\n|faint|p1a: Torkoal\n|-damage|p2a: Basculin|190/261|[from] Recoil\n|\n|-weather|SunnyDay|[upkeep]\n|-heal|p2a: Basculin|206/261|[from] Grassy Terrain\n|upkeep\n|\n|t:|1781411747\n|switch|p1a: Deoxys|Deoxys, L74|196/196\n|-ability|p1a: Deoxys|Pressure\n|turn|21\n|\n|t:|1781411753\n|move|p1a: Deoxys|Psycho Boost|p2a: Basculin\n|-damage|p2a: Basculin|0 fnt\n|-unboost|p1a: Deoxys|spa|2\n|faint|p2a: Basculin\n|-damage|p1a: Deoxys|177/196|[from] item: Life Orb\n|\n|-weather|SunnyDay|[upkeep]\n|-heal|p1a: Deoxys|189/196|[from] Grassy Terrain\n|-fieldend|move: Grassy Terrain\n|upkeep\n|\n|t:|1781411757\n|switch|p2a: Electivire|Electivire, L84, M|263/263\n|-damage|p2a: Electivire|231/263|[from] Stealth Rock\n|turn|22\n|\n|t:|1781411771\n|move|p1a: Deoxys|Knock Off|p2a: Electivire\n|-damage|p2a: Electivire|109/263\n|-enditem|p2a: Electivire|Life Orb|[from] move: Knock Off|[of] p1a: Deoxys\n|-damage|p1a: Deoxys|170/196|[from] item: Life Orb\n|move|p2a: Electivire|Bulk Up|p2a: Electivire\n|-boost|p2a: Electivire|atk|1\n|-boost|p2a: Electivire|def|1\n|\n|-weather|SunnyDay|[upkeep]\n|upkeep\n|turn|23\n|\n|t:|1781411781\n|switch|p1a: Koraidon|Koraidon, L64|204/235\n|-activate|p1a: Koraidon|ability: Orichalcum Pulse\n|move|p2a: Electivire|Earthquake|p1a: Koraidon\n|-damage|p1a: Koraidon|58/235\n|\n|-weather|none\n|upkeep\n|turn|24\n|\n|t:|1781411793\n|move|p1a: Koraidon|Outrage|p2a: Electivire\n|-damage|p2a: Electivire|0 fnt\n|faint|p2a: Electivire\n|\n|win|Ze Memerr\n", "inputlog": ">version a8376a258c1d4662feba110a92103f3664a72141\n>start {\"formatid\":\"gen9randombattle\",\"seed\":\"sodium,6470d0c8d132b51b940bac3639643046\",\"rated\":\"Rated battle\"}\n>player p1 {\"name\":\"Ze Memerr\",\"avatar\":\"2\",\"rating\":1959,\"seed\":\"sodium,91e16603a9bb93c70dd346b65e5c76d3\"}\n>player p2 {\"name\":\"WhatEver2102\",\"avatar\":\"juan\",\"rating\":2022,\"seed\":\"sodium,46acce98fcaa4aa87cd68119504afb51\"}\n>p1 move trick\n>p2 move energyball\n>p1 switch 3\n>p2 move energyball\n>p1 move beatup\n>p2 switch 3\n>p1 switch 4\n>p2 move headsmash\n>p1 move closecombat\n>p2 move headsmash\n>p2 switch 2\n>p1 switch 3\n>p2 move flipturn\n>p2 switch 4\n>p1 switch 4\n>p2 move knockoff\n>p1 move moonblast\n>p2 move raindance\n>p1 switch 2\n>p2 move liquidation\n>p1 move closecombat\n>p2 switch 6\n>p1 switch 5\n>p2 move closecombat\n>p1 move stealthrock\n>p2 move knockoff\n>p1 switch 3\n>p2 move closecombat\n>p1 switch 4\n>p1 move psychic\n>p2 move knockoff\n>p2 switch 6\n>p1 move psychic\n>p2 move knockoff\n>p1 switch 2\n>p1 move moonblast\n>p2 move liquidation\n>p2 switch 3\n>p1 move beatup\n>p2 move earthpower\n>p1 move gunkshot\n>p2 move earthpower\n>p1 switch 5\n>p1 move uturn\n>p2 move earthpower\n>p1 switch 3\n>p2 switch 4\n>p1 move solarbeam\n>p2 move wavecrash\n>p1 switch 6\n>p1 move psychoboost\n>p2 move wavecrash\n>p2 switch 5\n>p1 move knockoff\n>p2 move bulkup\n>p1 switch 3\n>p2 move earthquake\n>p1 move outrage\n>p2 move earthquake", "uploadtime": 1781411365, "views": 6, "formatid": "gen9randombattle", "rating": null, "private": 0, "password": null}