{"id": "gen9randombattle-2631550004", "format": "[Gen 9] Random Battle", "players": ["Ferrothornxd", "magikarprevengingg"], "log": "|j|\u2606Ferrothornxd\n|j|\u2606magikarprevengingg\n|t:|1781399971\n|gametype|singles\n|player|p1|Ferrothornxd|2|1449\n|player|p2|magikarprevengingg|266|1455\n|gen|9\n|tier|[Gen 9] Random Battle\n|rated|\n|rule|Species Clause: Limit one of each Pok\u00e9mon\n|rule|HP Percentage Mod: HP is shown in percentages\n|rule|Sleep Clause Mod: Limit one foe put to sleep\n|rule|Illusion Level Mod: Illusion disguises the Pok\u00e9mon's true level\n|\n|t:|1781399971\n|teamsize|p1|6\n|teamsize|p2|6\n|start\n|switch|p1a: Registeel|Registeel, L81|262/262\n|switch|p2a: Typhlosion|Typhlosion, L84, M|267/267\n|turn|1\n|inactive|Battle timer is ON: inactive players will automatically lose when time's up. (requested by magikarprevengingg)\n|l|\u2606Ferrothornxd\n|inactive|Ferrothornxd disconnected and has a minute to reconnect!\n|player|p1|\n|j|\u2606Ferrothornxd\n|inactive|Ferrothornxd reconnected and has 120 seconds left.\n|player|p1|Ferrothornxd|2|\n|\n|t:|1781400019\n|move|p2a: Typhlosion|Eruption|p1a: Registeel\n|-supereffective|p1a: Registeel\n|-damage|p1a: Registeel|0 fnt\n|faint|p1a: Registeel\n|\n|upkeep\n|\n|t:|1781400033\n|switch|p1a: Sandy Shocks|Sandy Shocks, L80|267/267\n|turn|2\n|\n|t:|1781400045\n|move|p2a: Typhlosion|Eruption|p1a: Sandy Shocks\n|-damage|p1a: Sandy Shocks|0 fnt\n|faint|p1a: Sandy Shocks\n|-end|p1a: Sandy Shocks|Protosynthesis|[silent]\n|\n|upkeep\n|\n|t:|1781400049\n|switch|p1a: Oinkologne|Oinkologne, L92, M|352/352\n|turn|3\n|\n|t:|1781400062\n|-terastallize|p2a: Typhlosion|Fire\n|move|p2a: Typhlosion|Eruption|p1a: Oinkologne\n|-damage|p1a: Oinkologne|194/352\n|move|p1a: Oinkologne|Body Slam|p2a: Typhlosion\n|-damage|p2a: Typhlosion|143/267\n|\n|-heal|p1a: Oinkologne|216/352|[from] item: Leftovers\n|upkeep\n|turn|4\n|\n|t:|1781400073\n|switch|p2a: Carbink|Carbink, L90|236/236\n|move|p1a: Oinkologne|Curse|p1a: Oinkologne\n|-unboost|p1a: Oinkologne|spe|1\n|-boost|p1a: Oinkologne|atk|1\n|-boost|p1a: Oinkologne|def|1\n|\n|-heal|p1a: Oinkologne|238/352|[from] item: Leftovers\n|upkeep\n|turn|5\n|\n|t:|1781400085\n|move|p2a: Carbink|Iron Defense|p2a: Carbink\n|-boost|p2a: Carbink|def|2\n|move|p1a: Oinkologne|High Horsepower|p2a: Carbink\n|-supereffective|p2a: Carbink\n|-damage|p2a: Carbink|160/236\n|\n|-heal|p2a: Carbink|174/236|[from] item: Leftovers\n|-heal|p1a: Oinkologne|260/352|[from] item: Leftovers\n|upkeep\n|turn|6\n|\n|t:|1781400098\n|-terastallize|p1a: Oinkologne|Ground\n|move|p2a: Carbink|Body Press|p1a: Oinkologne\n|-damage|p1a: Oinkologne|129/352\n|move|p1a: Oinkologne|Curse|p1a: Oinkologne\n|-unboost|p1a: Oinkologne|spe|1\n|-boost|p1a: Oinkologne|atk|1\n|-boost|p1a: Oinkologne|def|1\n|\n|-heal|p2a: Carbink|188/236|[from] item: Leftovers\n|-heal|p1a: Oinkologne|151/352|[from] item: Leftovers\n|upkeep\n|turn|7\n|\n|t:|1781400109\n|switch|p2a: Hydreigon|Hydreigon, L79, M|275/275\n|move|p1a: Oinkologne|High Horsepower|p2a: Hydreigon\n|-immune|p2a: Hydreigon|[from] ability: Levitate\n|\n|-heal|p1a: Oinkologne|173/352|[from] item: Leftovers\n|upkeep\n|turn|8\n|\n|t:|1781400121\n|move|p2a: Hydreigon|Draco Meteor|p1a: Oinkologne\n|-damage|p1a: Oinkologne|0 fnt\n|-unboost|p2a: Hydreigon|spa|2\n|faint|p1a: Oinkologne\n|\n|upkeep\n|\n|t:|1781400127\n|switch|p1a: Scream Tail|Scream Tail, L84|330/330\n|turn|9\n|\n|t:|1781400139\n|switch|p2a: Carbink|Carbink, L90|188/236\n|move|p1a: Scream Tail|Dazzling Gleam|p2a: Carbink\n|-damage|p2a: Carbink|151/236\n|\n|-heal|p2a: Carbink|165/236|[from] item: Leftovers\n|upkeep\n|turn|10\n|\n|t:|1781400151\n|move|p1a: Scream Tail|Thunder Wave|p2a: Carbink\n|-status|p2a: Carbink|par\n|cant|p2a: Carbink|par\n|\n|-heal|p2a: Carbink|179/236 par|[from] item: Leftovers\n|upkeep\n|turn|11\n|inactive|Ferrothornxd has 120 seconds left.\n|\n|t:|1781400185\n|move|p1a: Scream Tail|Dazzling Gleam|p2a: Carbink\n|-damage|p2a: Carbink|142/236 par\n|cant|p2a: Carbink|par\n|\n|-heal|p2a: Carbink|156/236 par|[from] item: Leftovers\n|upkeep\n|turn|12\n|\n|t:|1781400197\n|switch|p2a: Typhlosion|Typhlosion, L84, M, tera:Fire|143/267\n|move|p1a: Scream Tail|Wish|p1a: Scream Tail\n|\n|upkeep\n|turn|13\n|\n|t:|1781400209\n|move|p1a: Scream Tail|Thunder Wave|p2a: Typhlosion\n|-status|p2a: Typhlosion|par\n|move|p2a: Typhlosion|Fire Blast|p1a: Scream Tail\n|-damage|p1a: Scream Tail|114/330\n|-status|p1a: Scream Tail|brn\n|\n|-heal|p1a: Scream Tail|279/330 brn|[from] move: Wish|[wisher] Scream Tail\n|-heal|p1a: Scream Tail|299/330 brn|[from] item: Leftovers\n|-damage|p1a: Scream Tail|279/330 brn|[from] brn\n|upkeep\n|turn|14\n|\n|t:|1781400220\n|move|p1a: Scream Tail|Wish|p1a: Scream Tail\n|move|p2a: Typhlosion|Fire Blast|p1a: Scream Tail|[miss]\n|-miss|p2a: Typhlosion|p1a: Scream Tail\n|\n|-heal|p1a: Scream Tail|299/330 brn|[from] item: Leftovers\n|-damage|p1a: Scream Tail|279/330 brn|[from] brn\n|upkeep\n|turn|15\n|\n|t:|1781400232\n|move|p1a: Scream Tail|Dazzling Gleam|p2a: Typhlosion\n|-resisted|p2a: Typhlosion\n|-crit|p2a: Typhlosion\n|-damage|p2a: Typhlosion|92/267 par\n|cant|p2a: Typhlosion|par\n|\n|-heal|p1a: Scream Tail|330/330 brn|[from] move: Wish|[wisher] Scream Tail\n|-damage|p1a: Scream Tail|310/330 brn|[from] brn\n|upkeep\n|turn|16\n|\n|t:|1781400243\n|move|p1a: Scream Tail|Protect|p1a: Scream Tail\n|-singleturn|p1a: Scream Tail|Protect\n|move|p2a: Typhlosion|Fire Blast|p1a: Scream Tail\n|-activate|p1a: Scream Tail|move: Protect\n|\n|-heal|p1a: Scream Tail|330/330 brn|[from] item: Leftovers\n|-damage|p1a: Scream Tail|310/330 brn|[from] brn\n|upkeep\n|turn|17\n|\n|t:|1781400255\n|switch|p2a: Maushold|Maushold-Four, L76|238/238\n|move|p1a: Scream Tail|Dazzling Gleam|p2a: Maushold\n|-crit|p2a: Maushold\n|-damage|p2a: Maushold|112/238\n|\n|-heal|p1a: Scream Tail|330/330 brn|[from] item: Leftovers\n|-damage|p1a: Scream Tail|310/330 brn|[from] brn\n|upkeep\n|turn|18\n|\n|t:|1781400267\n|switch|p2a: Carbink|Carbink, L90|156/236 par\n|move|p1a: Scream Tail|Thunder Wave|p2a: Carbink\n|-fail|p2a: Carbink|par\n|\n|-heal|p1a: Scream Tail|330/330 brn|[from] item: Leftovers\n|-heal|p2a: Carbink|170/236 par|[from] item: Leftovers\n|-damage|p1a: Scream Tail|310/330 brn|[from] brn\n|upkeep\n|turn|19\n|\n|t:|1781400279\n|-end|p1a: Scream Tail|Protosynthesis|[silent]\n|switch|p1a: Gogoat|Gogoat, L88, M|360/360\n|move|p2a: Carbink|Moonblast|p1a: Gogoat\n|-damage|p1a: Gogoat|279/360\n|-unboost|p1a: Gogoat|spa|1\n|\n|-heal|p1a: Gogoat|301/360|[from] item: Leftovers\n|-heal|p2a: Carbink|184/236 par|[from] item: Leftovers\n|upkeep\n|turn|20\n|\n|t:|1781400292\n|switch|p2a: Walking Wake|Walking Wake, L79|286/286\n|move|p1a: Gogoat|Bulk Up|p1a: Gogoat\n|-boost|p1a: Gogoat|atk|1\n|-boost|p1a: Gogoat|def|1\n|\n|-heal|p1a: Gogoat|323/360|[from] item: Leftovers\n|upkeep\n|turn|21\n|\n|t:|1781400303\n|move|p2a: Walking Wake|Flamethrower|p1a: Gogoat\n|-supereffective|p1a: Gogoat\n|-damage|p1a: Gogoat|107/360\n|move|p1a: Gogoat|Horn Leech|p2a: Walking Wake\n|-damage|p2a: Walking Wake|153/286\n|-heal|p1a: Gogoat|174/360|[from] drain|[of] p2a: Walking Wake\n|\n|-heal|p1a: Gogoat|196/360|[from] item: Leftovers\n|upkeep\n|turn|22\n|\n|t:|1781400315\n|switch|p1a: Scream Tail|Scream Tail, L84|310/330 brn\n|move|p2a: Walking Wake|Flamethrower|p1a: Scream Tail\n|-damage|p1a: Scream Tail|233/330 brn\n|\n|-heal|p1a: Scream Tail|253/330 brn|[from] item: Leftovers\n|-damage|p1a: Scream Tail|233/330 brn|[from] brn\n|upkeep\n|turn|23\n|\n|t:|1781400327\n|-end|p2a: Walking Wake|Protosynthesis|[silent]\n|switch|p2a: Typhlosion|Typhlosion, L84, M, tera:Fire|92/267 par\n|move|p1a: Scream Tail|Wish|p1a: Scream Tail\n|\n|-heal|p1a: Scream Tail|253/330 brn|[from] item: Leftovers\n|-damage|p1a: Scream Tail|233/330 brn|[from] brn\n|upkeep\n|turn|24\n|\n|t:|1781400339\n|move|p1a: Scream Tail|Dazzling Gleam|p2a: Typhlosion\n|-resisted|p2a: Typhlosion\n|-damage|p2a: Typhlosion|62/267 par\n|move|p2a: Typhlosion|Fire Blast|p1a: Scream Tail\n|-damage|p1a: Scream Tail|0 fnt\n|faint|p1a: Scream Tail\n|-end|p1a: Scream Tail|Protosynthesis|[silent]\n|\n|upkeep\n|\n|t:|1781400346\n|switch|p1a: Kyurem|Kyurem-Black, L71|295/295\n|-ability|p1a: Kyurem|Teravolt\n|turn|25\n|\n|t:|1781400358\n|move|p1a: Kyurem|Dragon Dance|p1a: Kyurem\n|-boost|p1a: Kyurem|atk|1\n|-boost|p1a: Kyurem|spe|1\n|cant|p2a: Typhlosion|par\n|\n|upkeep\n|turn|26\n|\n|t:|1781400373\n|move|p1a: Kyurem|Icicle Spear|p2a: Typhlosion\n|-resisted|p2a: Typhlosion\n|-damage|p2a: Typhlosion|39/267 par\n|-resisted|p2a: Typhlosion\n|-crit|p2a: Typhlosion\n|-damage|p2a: Typhlosion|0 fnt\n|faint|p2a: Typhlosion\n|-hitcount|p2: Typhlosion|2\n|\n|upkeep\n|\n|t:|1781400385\n|switch|p2a: Tyranitar|Tyranitar, L78, F|284/284\n|-weather|Sandstorm|[from] ability: Sand Stream|[of] p2a: Tyranitar\n|turn|27\n|\n|t:|1781400397\n|switch|p1a: Gogoat|Gogoat, L88, M|196/360\n|move|p2a: Tyranitar|Stone Edge|p1a: Gogoat|[miss]\n|-miss|p2a: Tyranitar|p1a: Gogoat\n|\n|-weather|Sandstorm|[upkeep]\n|-damage|p1a: Gogoat|174/360|[from] Sandstorm\n|-heal|p1a: Gogoat|196/360|[from] item: Leftovers\n|upkeep\n|turn|28\n|\n|t:|1781400409\n|switch|p2a: Walking Wake|Walking Wake, L79|153/286\n|move|p1a: Gogoat|Horn Leech|p2a: Walking Wake\n|-damage|p2a: Walking Wake|59/286\n|-heal|p1a: Gogoat|243/360|[from] drain|[of] p2a: Walking Wake\n|\n|-weather|Sandstorm|[upkeep]\n|-damage|p2a: Walking Wake|42/286|[from] Sandstorm\n|-damage|p1a: Gogoat|221/360|[from] Sandstorm\n|-heal|p1a: Gogoat|243/360|[from] item: Leftovers\n|upkeep\n|turn|29\n|\n|t:|1781400422\n|move|p2a: Walking Wake|Flamethrower|p1a: Gogoat\n|-supereffective|p1a: Gogoat\n|-damage|p1a: Gogoat|23/360\n|move|p1a: Gogoat|Horn Leech|p2a: Walking Wake\n|-damage|p2a: Walking Wake|0 fnt\n|-heal|p1a: Gogoat|44/360|[from] drain|[of] p2a: Walking Wake\n|faint|p2a: Walking Wake\n|-end|p2a: Walking Wake|Protosynthesis|[silent]\n|\n|-weather|Sandstorm|[upkeep]\n|-damage|p1a: Gogoat|22/360|[from] Sandstorm\n|-heal|p1a: Gogoat|44/360|[from] item: Leftovers\n|upkeep\n|\n|t:|1781400434\n|switch|p2a: Hydreigon|Hydreigon, L79, M|275/275\n|turn|30\n|\n|t:|1781400445\n|move|p2a: Hydreigon|U-turn|p1a: Gogoat\n|-supereffective|p1a: Gogoat\n|-damage|p1a: Gogoat|0 fnt\n|faint|p1a: Gogoat\n|-message|Ferrothornxd forfeited.\n|\n|win|magikarprevengingg\n|raw|Ferrothornxd's rating: 1449 &rarr; <strong>1429</strong><br />(-20 for losing)\n|raw|magikarprevengingg's rating: 1455 &rarr; <strong>1475</strong><br />(+20 for winning)\n", "inputlog": ">version a8376a258c1d4662feba110a92103f3664a72141\n>start {\"formatid\":\"gen9randombattle\",\"seed\":\"sodium,98a0eee904e14e83427b087402bc07ed\",\"rated\":\"Rated battle\"}\n>player p1 {\"name\":\"Ferrothornxd\",\"avatar\":\"2\",\"rating\":1449,\"seed\":\"sodium,4da9bb86e74f891ce160d4e7739ad6a9\"}\n>player p2 {\"name\":\"magikarprevengingg\",\"avatar\":\"266\",\"rating\":1455,\"seed\":\"sodium,51ac2dd394f4e76abfd3b1b9dbea153e\"}\n>p1 move bodypress\n>p2 move eruption\n>p1 switch 2\n>p1 move thunderbolt\n>p2 move eruption\n>p1 switch 3\n>p1 move bodyslam\n>p2 move eruption terastallize\n>p1 move curse\n>p2 switch 4\n>p1 move highhorsepower\n>p2 move irondefense\n>p1 move curse terastallize\n>p2 move bodypress\n>p1 move highhorsepower\n>p2 switch 2\n>p1 move bodyslam\n>p2 move dracometeor\n>p1 switch 6\n>p1 move dazzlinggleam\n>p2 switch 2\n>p1 move thunderwave\n>p2 move rockpolish\n>p1 move dazzlinggleam\n>p2 move rockpolish\n>p1 move wish\n>p2 switch 4\n>p1 move thunderwave\n>p2 move fireblast\n>p1 move wish\n>p2 move fireblast\n>p1 move dazzlinggleam\n>p2 move fireblast\n>p1 move protect\n>p2 move fireblast\n>p1 move dazzlinggleam\n>p2 switch 6\n>p1 move thunderwave\n>p2 switch 4\n>p1 switch 5\n>p2 move moonblast\n>p1 move bulkup\n>p2 switch 5\n>p1 move hornleech\n>p2 move flamethrower\n>p1 switch 5\n>p2 move flamethrower\n>p1 move wish\n>p2 switch 6\n>p1 move dazzlinggleam\n>p2 move fireblast\n>p1 switch 4\n>p1 move dragondance\n>p2 move fireblast\n>p1 move iciclespear\n>p2 move fireblast\n>p2 switch 3\n>p1 switch 5\n>p2 move stoneedge\n>p1 move hornleech\n>p2 switch 6\n>p1 move hornleech\n>p2 move flamethrower\n>p2 switch 2\n>p1 move milkdrink\n>p2 move uturn\n>forcelose p1", "uploadtime": 1781400452, "views": 3, "formatid": "gen9randombattle", "rating": 1429, "private": 0, "password": null}