{"id": "gen9randombattle-2631893576", "format": "[Gen 9] Random Battle", "players": ["Naide7", "crustlemuscle"], "log": "|j|\u2606Naide7\n|j|\u2606crustlemuscle\n|t:|1781452858\n|gametype|singles\n|player|p1|Naide7|iris|1958\n|player|p2|crustlemuscle|169|1906\n|gen|9\n|tier|[Gen 9] Random Battle\n|rated|\n|rule|Species Clause: Limit one of each Pok\u00e9mon\n|rule|HP Percentage Mod: HP is shown in percentages\n|rule|Sleep Clause Mod: Limit one foe put to sleep\n|rule|Illusion Level Mod: Illusion disguises the Pok\u00e9mon's true level\n|\n|t:|1781452858\n|teamsize|p1|6\n|teamsize|p2|6\n|start\n|switch|p1a: Plusle|Plusle, L95, F|268/268\n|switch|p2a: Cobalion|Cobalion, L80|277/277\n|turn|1\n|\n|t:|1781452865\n|move|p1a: Plusle|Thunderbolt|p2a: Cobalion\n|-damage|p2a: Cobalion|89/277\n|-damage|p1a: Plusle|242/268|[from] item: Life Orb\n|move|p2a: Cobalion|Body Press|p1a: Plusle\n|-damage|p1a: Plusle|89/268\n|\n|-heal|p2a: Cobalion|106/277|[from] item: Leftovers\n|upkeep\n|turn|2\n|\n|t:|1781452874\n|switch|p2a: Ditto|Ditto, L87|225/225\n|-transform|p2a: Ditto|p1a: Plusle|[from] ability: Imposter\n|move|p1a: Plusle|Thunderbolt|p2a: Ditto\n|-ability|p2a: Ditto|Lightning Rod|boost\n|-boost|p2a: Ditto|spa|1\n|\n|upkeep\n|turn|3\n|\n|t:|1781452882\n|switch|p1a: Skarmory|Skarmory, L80, F|235/235\n|move|p2a: Ditto|Alluring Voice|p1a: Skarmory\n|-resisted|p1a: Skarmory\n|-damage|p1a: Skarmory|183/235\n|\n|upkeep\n|turn|4\n|\n|t:|1781452891\n|switch|p2a: Moltres|Moltres, L81|278/278\n|move|p1a: Skarmory|Spikes|p2a: Moltres\n|-sidestart|p2: crustlemuscle|Spikes\n|\n|upkeep\n|turn|5\n|\n|t:|1781452897\n|switch|p1a: Rhydon|Rhydon, L85, F|317/317\n|move|p2a: Moltres|Fire Blast|p1a: Rhydon\n|-resisted|p1a: Rhydon\n|-damage|p1a: Rhydon|250/317\n|\n|upkeep\n|turn|6\n|\n|t:|1781452906\n|switch|p2a: Cobalion|Cobalion, L80|106/277\n|-damage|p2a: Cobalion|72/277|[from] Spikes\n|move|p1a: Rhydon|Stone Edge|p2a: Cobalion\n|-resisted|p2a: Cobalion\n|-damage|p2a: Cobalion|45/277\n|\n|-heal|p2a: Cobalion|62/277|[from] item: Leftovers\n|upkeep\n|turn|7\n|\n|t:|1781452919\n|switch|p1a: Skarmory|Skarmory, L80, F|183/235\n|move|p2a: Cobalion|Iron Head|p1a: Skarmory\n|-resisted|p1a: Skarmory\n|-damage|p1a: Skarmory|156/235\n|-damage|p2a: Cobalion|16/277|[from] item: Rocky Helmet|[of] p1a: Skarmory\n|\n|-heal|p2a: Cobalion|33/277|[from] item: Leftovers\n|upkeep\n|turn|8\n|\n|t:|1781452928\n|move|p2a: Cobalion|Volt Switch|p1a: Skarmory\n|-supereffective|p1a: Skarmory\n|-damage|p1a: Skarmory|44/235\n|\n|t:|1781452937\n|switch|p2a: Moltres|Moltres, L81|278/278|[from] Volt Switch\n|move|p1a: Skarmory|Spikes|p2a: Moltres\n|-sidestart|p2: crustlemuscle|Spikes\n|\n|upkeep\n|turn|9\n|\n|t:|1781452951\n|switch|p1a: Rhydon|Rhydon, L85, F|250/317\n|move|p2a: Moltres|Fire Blast|p1a: Rhydon\n|-resisted|p1a: Rhydon\n|-damage|p1a: Rhydon|178/317\n|\n|upkeep\n|turn|10\n|\n|t:|1781452997\n|switch|p2a: Cobalion|Cobalion, L80|33/277\n|-damage|p2a: Cobalion|0 fnt|[from] Spikes\n|faint|p2a: Cobalion\n|move|p1a: Rhydon|Stone Edge|p2: Cobalion|[notarget]\n|-fail|p1a: Rhydon\n|\n|upkeep\n|\n|t:|1781453014\n|switch|p2a: Kingdra|Kingdra, L84, F|263/263\n|-damage|p2a: Kingdra|220/263|[from] Spikes\n|turn|11\n|\n|t:|1781453026\n|move|p2a: Kingdra|Dragon Dance|p2a: Kingdra\n|-boost|p2a: Kingdra|atk|1\n|-boost|p2a: Kingdra|spe|1\n|move|p1a: Rhydon|Earthquake|p2a: Kingdra\n|-damage|p2a: Kingdra|100/263\n|\n|upkeep\n|turn|12\n|\n|t:|1781453038\n|-terastallize|p1a: Rhydon|Fairy\n|move|p2a: Kingdra|Waterfall|p1a: Rhydon\n|-damage|p1a: Rhydon|115/317\n|move|p1a: Rhydon|Earthquake|p2a: Kingdra\n|-damage|p2a: Kingdra|0 fnt\n|faint|p2a: Kingdra\n|\n|upkeep\n|\n|t:|1781453061\n|switch|p2a: Deoxys|Deoxys-Defense, L84|221/221\n|-damage|p2a: Deoxys|185/221|[from] Spikes\n|-ability|p2a: Deoxys|Pressure\n|turn|13\n|\n|t:|1781453070\n|move|p2a: Deoxys|Cosmic Power|p2a: Deoxys\n|-boost|p2a: Deoxys|def|1\n|-boost|p2a: Deoxys|spd|1\n|move|p1a: Rhydon|Megahorn|p2a: Deoxys\n|-supereffective|p2a: Deoxys\n|-damage|p2a: Deoxys|93/221\n|\n|-heal|p2a: Deoxys|106/221|[from] item: Leftovers\n|upkeep\n|turn|14\n|\n|t:|1781453080\n|move|p2a: Deoxys|Night Shade|p1a: Rhydon\n|-damage|p1a: Rhydon|31/317\n|move|p1a: Rhydon|Swords Dance|p1a: Rhydon\n|-boost|p1a: Rhydon|atk|2\n|\n|-heal|p2a: Deoxys|119/221|[from] item: Leftovers\n|upkeep\n|turn|15\n|\n|t:|1781453088\n|move|p2a: Deoxys|Night Shade|p1a: Rhydon\n|-damage|p1a: Rhydon|0 fnt\n|faint|p1a: Rhydon\n|\n|-heal|p2a: Deoxys|132/221|[from] item: Leftovers\n|upkeep\n|\n|t:|1781453094\n|switch|p1a: Dodrio|Dodrio, L85, M|241/241\n|turn|16\n|\n|t:|1781453104\n|-terastallize|p2a: Deoxys|Steel\n|move|p1a: Dodrio|Swords Dance|p1a: Dodrio\n|-boost|p1a: Dodrio|atk|2\n|move|p2a: Deoxys|Cosmic Power|p2a: Deoxys\n|-boost|p2a: Deoxys|def|1\n|-boost|p2a: Deoxys|spd|1\n|\n|-heal|p2a: Deoxys|145/221|[from] item: Leftovers\n|upkeep\n|turn|17\n|\n|t:|1781453112\n|move|p1a: Dodrio|Knock Off|p2a: Deoxys\n|-damage|p2a: Deoxys|93/221\n|-enditem|p2a: Deoxys|Leftovers|[from] move: Knock Off|[of] p1a: Dodrio\n|move|p2a: Deoxys|Recover|p2a: Deoxys\n|-heal|p2a: Deoxys|204/221\n|\n|upkeep\n|turn|18\n|\n|t:|1781453126\n|switch|p1a: Plusle|Plusle, L95, F|89/268\n|move|p2a: Deoxys|Stored Power|p1a: Plusle\n|-damage|p1a: Plusle|7/268\n|\n|upkeep\n|turn|19\n|\n|t:|1781453132\n|move|p1a: Plusle|Thunderbolt|p2a: Deoxys\n|-damage|p2a: Deoxys|156/221\n|-damage|p1a: Plusle|0 fnt|[from] item: Life Orb\n|faint|p1a: Plusle\n|move|p2a: Deoxys|Cosmic Power|p2a: Deoxys\n|-boost|p2a: Deoxys|def|1\n|-boost|p2a: Deoxys|spd|1\n|\n|upkeep\n|\n|t:|1781453145\n|switch|p1a: Polteageist|Polteageist, L78|222/222\n|turn|20\n|\n|t:|1781453149\n|move|p2a: Deoxys|Stored Power|p1a: Polteageist\n|-damage|p1a: Polteageist|125/222\n|-start|p2a: Deoxys|Disable|Stored Power|[from] ability: Cursed Body|[of] p1a: Polteageist\n|move|p1a: Polteageist|Shell Smash|p1a: Polteageist\n|-unboost|p1a: Polteageist|def|1\n|-unboost|p1a: Polteageist|spd|1\n|-boost|p1a: Polteageist|atk|2\n|-boost|p1a: Polteageist|spa|2\n|-boost|p1a: Polteageist|spe|2\n|-enditem|p1a: Polteageist|White Herb\n|-clearnegativeboost|p1a: Polteageist|[silent]\n|\n|upkeep\n|turn|21\n|\n|t:|1781453160\n|move|p1a: Polteageist|Shadow Ball|p2a: Deoxys\n|-damage|p2a: Deoxys|105/221\n|move|p2a: Deoxys|Recover|p2a: Deoxys\n|-heal|p2a: Deoxys|216/221\n|\n|upkeep\n|turn|22\n|\n|t:|1781453166\n|move|p1a: Polteageist|Shadow Ball|p2a: Deoxys\n|-damage|p2a: Deoxys|168/221\n|move|p2a: Deoxys|Night Shade|p1a: Polteageist\n|-damage|p1a: Polteageist|41/222\n|\n|upkeep\n|turn|23\n|\n|t:|1781453174\n|move|p1a: Polteageist|Shadow Ball|p2a: Deoxys\n|-damage|p2a: Deoxys|122/221\n|move|p2a: Deoxys|Night Shade|p1a: Polteageist\n|-damage|p1a: Polteageist|0 fnt\n|faint|p1a: Polteageist\n|\n|-end|p2a: Deoxys|Disable\n|upkeep\n|\n|t:|1781453180\n|switch|p1a: Ambipom|Ambipom, L84, M|263/263\n|turn|24\n|\n|t:|1781453186\n|move|p1a: Ambipom|Low Kick|p2a: Deoxys\n|-supereffective|p2a: Deoxys\n|-damage|p2a: Deoxys|76/221\n|move|p2a: Deoxys|Recover|p2a: Deoxys\n|-heal|p2a: Deoxys|187/221\n|\n|upkeep\n|turn|25\n|\n|t:|1781453196\n|move|p1a: Ambipom|Low Kick|p2a: Deoxys\n|-supereffective|p2a: Deoxys\n|-damage|p2a: Deoxys|147/221\n|move|p2a: Deoxys|Stored Power|p1a: Ambipom\n|-damage|p1a: Ambipom|118/263\n|\n|upkeep\n|turn|26\n|-message|Naide7 forfeited.\n|\n|win|crustlemuscle\n", "inputlog": ">version a8376a258c1d4662feba110a92103f3664a72141\n>start {\"formatid\":\"gen9randombattle\",\"seed\":\"sodium,9b810b4db05702a680ae63b72eaf01e0\",\"rated\":\"Rated battle\"}\n>player p1 {\"name\":\"Naide7\",\"avatar\":\"iris\",\"rating\":1958,\"seed\":\"sodium,c3bbb5224cf526db92afb32758f2a62d\"}\n>player p2 {\"name\":\"crustlemuscle\",\"avatar\":\"169\",\"rating\":1906,\"seed\":\"sodium,89ef70ddf70ac029a03045f90e819e49\"}\n>p1 move thunderbolt\n>p2 move bodypress\n>p1 move thunderbolt\n>p2 switch 4\n>p1 switch 3\n>p2 move alluringvoice\n>p1 move spikes\n>p2 switch 3\n>p1 switch 4\n>p2 move fireblast\n>p1 move stoneedge\n>p2 switch 4\n>p1 switch 4\n>p2 move ironhead\n>p1 move spikes\n>p2 move voltswitch\n>p2 switch 4\n>p1 switch 4\n>p2 move fireblast\n>p1 move stoneedge\n>p2 switch 4\n>p2 switch 6\n>p1 move earthquake\n>p2 move dragondance\n>p1 move earthquake terastallize\n>p2 move waterfall\n>p2 switch 5\n>p1 move megahorn\n>p2 move cosmicpower\n>p1 move swordsdance\n>p2 move nightshade\n>p1 move megahorn\n>p2 move nightshade\n>p1 switch 2\n>p1 move swordsdance\n>p2 move cosmicpower terastallize\n>p1 move knockoff\n>p2 move recover\n>p1 switch 3\n>p2 move storedpower\n>p1 move thunderbolt\n>p2 move cosmicpower\n>p1 switch 6\n>p1 move shellsmash\n>p2 move storedpower\n>p1 move shadowball\n>p2 move recover\n>p1 move shadowball\n>p2 move nightshade\n>p1 move shadowball\n>p2 move nightshade\n>p1 switch 5\n>p1 move lowkick\n>p2 move recover\n>p1 move lowkick\n>p2 move storedpower\n>forcelose p1", "uploadtime": 1781452860, "views": 4, "formatid": "gen9randombattle", "rating": null, "private": 0, "password": null}