{"id": "gen9randombattle-2632015358", "format": "[Gen 9] Random Battle", "players": ["pagenfranskane", "Aurrem173"], "log": "|j|\u2606pagenfranskane\n|j|\u2606Aurrem173\n|t:|1781466168\n|gametype|singles\n|player|p1|pagenfranskane|battlegirl|1942\n|player|p2|Aurrem173|veteranf|2017\n|gen|9\n|tier|[Gen 9] Random Battle\n|rated|\n|rule|Species Clause: Limit one of each Pok\u00e9mon\n|rule|HP Percentage Mod: HP is shown in percentages\n|rule|Sleep Clause Mod: Limit one foe put to sleep\n|rule|Illusion Level Mod: Illusion disguises the Pok\u00e9mon's true level\n|\n|t:|1781466168\n|teamsize|p1|6\n|teamsize|p2|6\n|start\n|switch|p1a: Blissey|Blissey, L85, F|572/572\n|switch|p2a: Electivire|Electivire, L84, F|263/263\n|turn|1\n|inactive|Battle timer is ON: inactive players will automatically lose when time's up. (requested by Aurrem173)\n|\n|t:|1781466176\n|move|p2a: Electivire|Supercell Slam|p1a: Blissey\n|-damage|p1a: Blissey|53/572\n|-damage|p2a: Electivire|237/263|[from] item: Life Orb\n|move|p1a: Blissey|Stealth Rock|p2a: Electivire\n|-sidestart|p2: Aurrem173|move: Stealth Rock\n|\n|-heal|p1a: Blissey|88/572|[from] item: Leftovers\n|upkeep\n|turn|2\n|\n|t:|1781466184\n|switch|p1a: Zekrom|Zekrom, L71|259/259\n|-ability|p1a: Zekrom|Teravolt\n|move|p2a: Electivire|Earthquake|p1a: Zekrom\n|-supereffective|p1a: Zekrom\n|-damage|p1a: Zekrom|61/259\n|-damage|p2a: Electivire|211/263|[from] item: Life Orb\n|\n|-heal|p1a: Zekrom|77/259|[from] item: Leftovers\n|upkeep\n|turn|3\n|\n|t:|1781466201\n|move|p2a: Electivire|Earthquake|p1a: Zekrom\n|-supereffective|p1a: Zekrom\n|-damage|p1a: Zekrom|0 fnt\n|faint|p1a: Zekrom\n|-damage|p2a: Electivire|185/263|[from] item: Life Orb\n|\n|upkeep\n|\n|t:|1781466212\n|switch|p1a: Grumpig|Grumpig, L92, F|297/297\n|turn|4\n|\n|t:|1781466217\n|move|p1a: Grumpig|Psyshock|p2a: Electivire\n|-damage|p2a: Electivire|65/263\n|move|p2a: Electivire|Volt Switch|p1a: Grumpig\n|-damage|p1a: Grumpig|222/297\n|-damage|p2a: Electivire|39/263|[from] item: Life Orb\n|\n|t:|1781466222\n|switch|p2a: Swampert|Swampert, L83, F|302/302|[from] Volt Switch\n|-damage|p2a: Swampert|284/302|[from] Stealth Rock\n|\n|-heal|p2a: Swampert|302/302|[from] item: Leftovers\n|upkeep\n|turn|5\n|\n|t:|1781466227\n|move|p1a: Grumpig|Psyshock|p2a: Swampert\n|-damage|p2a: Swampert|209/302\n|move|p2a: Swampert|Stealth Rock|p1a: Grumpig\n|-sidestart|p1: pagenfranskane|move: Stealth Rock\n|\n|-heal|p2a: Swampert|227/302|[from] item: Leftovers\n|upkeep\n|turn|6\n|\n|t:|1781466234\n|move|p1a: Grumpig|Psyshock|p2a: Swampert\n|-damage|p2a: Swampert|134/302\n|move|p2a: Swampert|Knock Off|p1a: Grumpig\n|-supereffective|p1a: Grumpig\n|-damage|p1a: Grumpig|60/297\n|-enditem|p1a: Grumpig|Choice Scarf|[from] move: Knock Off|[of] p2a: Swampert\n|\n|-heal|p2a: Swampert|152/302|[from] item: Leftovers\n|upkeep\n|turn|7\n|\n|t:|1781466241\n|move|p1a: Grumpig|Trick|p2a: Swampert\n|-activate|p1a: Grumpig|move: Trick|[of] p2a: Swampert\n|-enditem|p2a: Swampert|Leftovers|[silent]|[from] move: Trick\n|-item|p1a: Grumpig|Leftovers|[from] move: Trick\n|move|p2a: Swampert|Earthquake|p1a: Grumpig\n|-damage|p1a: Grumpig|0 fnt\n|faint|p1a: Grumpig\n|\n|upkeep\n|\n|t:|1781466245\n|switch|p1a: Alomomola|Alomomola, L87, F|429/429\n|-damage|p1a: Alomomola|376/429|[from] Stealth Rock\n|turn|8\n|\n|t:|1781466249\n|move|p1a: Alomomola|Scald|p2a: Swampert\n|-damage|p2a: Swampert|101/302\n|move|p2a: Swampert|Knock Off|p1a: Alomomola\n|-damage|p1a: Alomomola|303/429\n|-enditem|p1a: Alomomola|Leftovers|[from] move: Knock Off|[of] p2a: Swampert\n|\n|upkeep\n|turn|9\n|\n|t:|1781466260\n|move|p1a: Alomomola|Wish|p1a: Alomomola\n|move|p2a: Swampert|Earthquake|p1a: Alomomola\n|-damage|p1a: Alomomola|177/429\n|\n|upkeep\n|turn|10\n|\n|t:|1781466264\n|move|p1a: Alomomola|Scald|p2a: Swampert\n|-damage|p2a: Swampert|50/302\n|-status|p2a: Swampert|brn\n|move|p2a: Swampert|Flip Turn|p1a: Alomomola\n|-resisted|p1a: Alomomola\n|-damage|p1a: Alomomola|149/429\n|\n|t:|1781466269\n|switch|p2a: Farigiraf|Farigiraf, L90, M|362/362|[from] Flip Turn\n|-damage|p2a: Farigiraf|317/362|[from] Stealth Rock\n|\n|-heal|p1a: Alomomola|363/429|[from] move: Wish|[wisher] Alomomola\n|-heal|p2a: Farigiraf|339/362|[from] item: Leftovers\n|upkeep\n|turn|11\n|\n|t:|1781466279\n|move|p1a: Alomomola|Wish|p1a: Alomomola\n|move|p2a: Farigiraf|Wish|p2a: Farigiraf\n|\n|-heal|p2a: Farigiraf|361/362|[from] item: Leftovers\n|upkeep\n|turn|12\n|\n|t:|1781466287\n|move|p2a: Farigiraf|Protect|p2a: Farigiraf\n|-singleturn|p2a: Farigiraf|Protect\n|move|p1a: Alomomola|Scald|p2a: Farigiraf\n|-activate|p2a: Farigiraf|move: Protect\n|\n|-heal|p1a: Alomomola|429/429|[from] move: Wish|[wisher] Alomomola\n|-heal|p2a: Farigiraf|362/362|[from] move: Wish|[wisher] Farigiraf\n|upkeep\n|turn|13\n|\n|t:|1781466291\n|move|p1a: Alomomola|Flip Turn|p2a: Farigiraf\n|-damage|p2a: Farigiraf|305/362\n|\n|t:|1781466294\n|switch|p1a: Lucario|Lucario, L84, M|255/255|[from] Flip Turn\n|-damage|p1a: Lucario|248/255|[from] Stealth Rock\n|move|p2a: Farigiraf|Psychic Noise|p1a: Lucario\n|-damage|p1a: Lucario|128/255\n|-start|p1a: Lucario|move: Heal Block\n|\n|-heal|p2a: Farigiraf|327/362|[from] item: Leftovers\n|upkeep\n|turn|14\n|\n|t:|1781466304\n|move|p1a: Lucario|Swords Dance|p1a: Lucario\n|-boost|p1a: Lucario|atk|2\n|move|p2a: Farigiraf|Psychic Noise|p1a: Lucario\n|-damage|p1a: Lucario|10/255\n|\n|-heal|p2a: Farigiraf|349/362|[from] item: Leftovers\n|-end|p1a: Lucario|move: Heal Block\n|upkeep\n|turn|15\n|\n|t:|1781466309\n|switch|p2a: Swampert|Swampert, L83, F|50/302 brn\n|-damage|p2a: Swampert|32/302 brn|[from] Stealth Rock\n|move|p1a: Lucario|Close Combat|p2a: Swampert\n|-damage|p2a: Swampert|0 fnt\n|-unboost|p1a: Lucario|def|1\n|-unboost|p1a: Lucario|spd|1\n|faint|p2a: Swampert\n|-damage|p1a: Lucario|0 fnt|[from] item: Life Orb\n|faint|p1a: Lucario\n|\n|upkeep\n|\n|t:|1781466321\n|switch|p1a: Alomomola|Alomomola, L87, F|429/429\n|switch|p2a: Farigiraf|Farigiraf, L90, M|349/362\n|-damage|p1a: Alomomola|376/429|[from] Stealth Rock\n|-damage|p2a: Farigiraf|304/362|[from] Stealth Rock\n|turn|16\n|\n|t:|1781466324\n|move|p1a: Alomomola|Scald|p2a: Farigiraf\n|-damage|p2a: Farigiraf|249/362\n|move|p2a: Farigiraf|Psychic Noise|p1a: Alomomola\n|-damage|p1a: Alomomola|228/429\n|-start|p1a: Alomomola|move: Heal Block\n|\n|-heal|p2a: Farigiraf|271/362|[from] item: Leftovers\n|upkeep\n|turn|17\n|\n|t:|1781466328\n|move|p1a: Alomomola|Protect|p1a: Alomomola\n|-singleturn|p1a: Alomomola|Protect\n|move|p2a: Farigiraf|Wish|p2a: Farigiraf\n|\n|-heal|p2a: Farigiraf|293/362|[from] item: Leftovers\n|-end|p1a: Alomomola|move: Heal Block\n|upkeep\n|turn|18\n|\n|t:|1781466332\n|move|p1a: Alomomola|Scald|p2a: Farigiraf\n|-damage|p2a: Farigiraf|241/362\n|move|p2a: Farigiraf|Psychic Noise|p1a: Alomomola\n|-damage|p1a: Alomomola|78/429\n|-start|p1a: Alomomola|move: Heal Block\n|\n|-heal|p2a: Farigiraf|362/362|[from] move: Wish|[wisher] Farigiraf\n|upkeep\n|turn|19\n|\n|t:|1781466336\n|move|p1a: Alomomola|Scald|p2a: Farigiraf\n|-damage|p2a: Farigiraf|302/362\n|move|p2a: Farigiraf|Psychic Noise|p1a: Alomomola\n|-damage|p1a: Alomomola|0 fnt\n|faint|p1a: Alomomola\n|\n|-heal|p2a: Farigiraf|324/362|[from] item: Leftovers\n|upkeep\n|\n|t:|1781466338\n|switch|p1a: Suicune|Suicune, L82|298/298\n|-damage|p1a: Suicune|261/298|[from] Stealth Rock\n|-ability|p1a: Suicune|Pressure\n|turn|20\n|\n|t:|1781466345\n|switch|p2a: Electivire|Electivire, L84, F|39/263\n|-damage|p2a: Electivire|7/263|[from] Stealth Rock\n|move|p1a: Suicune|Substitute|p1a: Suicune\n|-start|p1a: Suicune|Substitute\n|-damage|p1a: Suicune|187/298\n|\n|-heal|p1a: Suicune|205/298|[from] item: Leftovers\n|upkeep\n|turn|21\n|\n|t:|1781466349\n|move|p2a: Electivire|Supercell Slam|p1a: Suicune\n|-supereffective|p1a: Suicune\n|-end|p1a: Suicune|Substitute\n|-damage|p2a: Electivire|0 fnt|[from] item: Life Orb\n|faint|p2a: Electivire\n|move|p1a: Suicune|Calm Mind|p1a: Suicune\n|-boost|p1a: Suicune|spa|1\n|-boost|p1a: Suicune|spd|1\n|\n|-heal|p1a: Suicune|223/298|[from] item: Leftovers\n|upkeep\n|\n|t:|1781466357\n|switch|p2a: Espathra|Espathra, L80, M|283/283\n|-damage|p2a: Espathra|248/283|[from] Stealth Rock\n|turn|22\n|\n|t:|1781466362\n|move|p2a: Espathra|Calm Mind|p2a: Espathra\n|-boost|p2a: Espathra|spa|1\n|-boost|p2a: Espathra|spd|1\n|move|p1a: Suicune|Calm Mind|p1a: Suicune\n|-boost|p1a: Suicune|spa|1\n|-boost|p1a: Suicune|spd|1\n|\n|-heal|p2a: Espathra|265/283|[from] item: Leftovers\n|-heal|p1a: Suicune|241/298|[from] item: Leftovers\n|-ability|p2a: Espathra|Speed Boost|boost\n|-boost|p2a: Espathra|spe|1\n|upkeep\n|turn|23\n|\n|t:|1781466366\n|move|p2a: Espathra|Calm Mind|p2a: Espathra\n|-boost|p2a: Espathra|spa|1\n|-boost|p2a: Espathra|spd|1\n|move|p1a: Suicune|Scald|p2a: Espathra\n|-damage|p2a: Espathra|162/283\n|\n|-heal|p2a: Espathra|179/283|[from] item: Leftovers\n|-heal|p1a: Suicune|259/298|[from] item: Leftovers\n|-ability|p2a: Espathra|Speed Boost|boost\n|-boost|p2a: Espathra|spe|1\n|upkeep\n|turn|24\n|\n|t:|1781466376\n|move|p2a: Espathra|Calm Mind|p2a: Espathra\n|-boost|p2a: Espathra|spa|1\n|-boost|p2a: Espathra|spd|1\n|move|p1a: Suicune|Scald|p2a: Espathra\n|-damage|p2a: Espathra|94/283\n|-status|p2a: Espathra|brn\n|\n|-heal|p2a: Espathra|111/283 brn|[from] item: Leftovers\n|-heal|p1a: Suicune|277/298|[from] item: Leftovers\n|-damage|p2a: Espathra|94/283 brn|[from] brn\n|-ability|p2a: Espathra|Speed Boost|boost\n|-boost|p2a: Espathra|spe|1\n|upkeep\n|turn|25\n|\n|t:|1781466381\n|-terastallize|p1a: Suicune|Steel\n|move|p2a: Espathra|Roost|p2a: Espathra\n|-heal|p2a: Espathra|236/283 brn\n|-singleturn|p2a: Espathra|move: Roost\n|move|p1a: Suicune|Calm Mind|p1a: Suicune\n|-boost|p1a: Suicune|spa|1\n|-boost|p1a: Suicune|spd|1\n|\n|-heal|p2a: Espathra|253/283 brn|[from] item: Leftovers\n|-heal|p1a: Suicune|295/298|[from] item: Leftovers\n|-damage|p2a: Espathra|236/283 brn|[from] brn\n|-ability|p2a: Espathra|Speed Boost|boost\n|-boost|p2a: Espathra|spe|1\n|upkeep\n|turn|26\n|\n|t:|1781466386\n|move|p2a: Espathra|Stored Power|p1a: Suicune\n|-resisted|p1a: Suicune\n|-damage|p1a: Suicune|205/298\n|move|p1a: Suicune|Scald|p2a: Espathra\n|-damage|p2a: Espathra|131/283 brn\n|\n|-heal|p2a: Espathra|148/283 brn|[from] item: Leftovers\n|-heal|p1a: Suicune|223/298|[from] item: Leftovers\n|-damage|p2a: Espathra|131/283 brn|[from] brn\n|-ability|p2a: Espathra|Speed Boost|boost\n|-boost|p2a: Espathra|spe|1\n|upkeep\n|turn|27\n|\n|t:|1781466390\n|move|p2a: Espathra|Calm Mind|p2a: Espathra\n|-boost|p2a: Espathra|spa|1\n|-boost|p2a: Espathra|spd|1\n|move|p1a: Suicune|Calm Mind|p1a: Suicune\n|-boost|p1a: Suicune|spa|1\n|-boost|p1a: Suicune|spd|1\n|\n|-heal|p2a: Espathra|148/283 brn|[from] item: Leftovers\n|-heal|p1a: Suicune|241/298|[from] item: Leftovers\n|-damage|p2a: Espathra|131/283 brn|[from] brn\n|-ability|p2a: Espathra|Speed Boost|boost\n|-boost|p2a: Espathra|spe|1\n|upkeep\n|turn|28\n|\n|t:|1781466393\n|move|p2a: Espathra|Calm Mind|p2a: Espathra\n|-boost|p2a: Espathra|spa|1\n|-boost|p2a: Espathra|spd|1\n|move|p1a: Suicune|Scald|p2a: Espathra\n|-damage|p2a: Espathra|44/283 brn\n|\n|-heal|p2a: Espathra|61/283 brn|[from] item: Leftovers\n|-heal|p1a: Suicune|259/298|[from] item: Leftovers\n|-damage|p2a: Espathra|44/283 brn|[from] brn\n|upkeep\n|turn|29\n|\n|t:|1781466396\n|move|p2a: Espathra|Roost|p2a: Espathra\n|-heal|p2a: Espathra|186/283 brn\n|-singleturn|p2a: Espathra|move: Roost\n|move|p1a: Suicune|Calm Mind|p1a: Suicune\n|-boost|p1a: Suicune|spa|1\n|-boost|p1a: Suicune|spd|1\n|\n|-heal|p2a: Espathra|203/283 brn|[from] item: Leftovers\n|-heal|p1a: Suicune|277/298|[from] item: Leftovers\n|-damage|p2a: Espathra|186/283 brn|[from] brn\n|upkeep\n|turn|30\n|\n|t:|1781466399\n|move|p2a: Espathra|Calm Mind|p2a: Espathra\n|-boost|p2a: Espathra|spa|1\n|-boost|p2a: Espathra|spd|1\n|move|p1a: Suicune|Calm Mind|p1a: Suicune\n|-boost|p1a: Suicune|spa|1\n|-boost|p1a: Suicune|spd|1\n|\n|-heal|p2a: Espathra|203/283 brn|[from] item: Leftovers\n|-heal|p1a: Suicune|295/298|[from] item: Leftovers\n|-damage|p2a: Espathra|186/283 brn|[from] brn\n|upkeep\n|turn|31\n|\n|t:|1781466401\n|move|p2a: Espathra|Stored Power|p1a: Suicune\n|-resisted|p1a: Suicune\n|-crit|p1a: Suicune\n|-damage|p1a: Suicune|0 fnt\n|faint|p1a: Suicune\n|\n|-heal|p2a: Espathra|203/283 brn|[from] item: Leftovers\n|-damage|p2a: Espathra|186/283 brn|[from] brn\n|upkeep\n|-message|pagenfranskane forfeited.\n|\n|win|Aurrem173\n", "inputlog": ">version a8376a258c1d4662feba110a92103f3664a72141\n>start {\"formatid\":\"gen9randombattle\",\"seed\":\"sodium,46ff7cbb28f16ac286d2e68be1b7cba8\",\"rated\":\"Rated battle\"}\n>player p1 {\"name\":\"pagenfranskane\",\"avatar\":\"battlegirl\",\"rating\":1942,\"seed\":\"sodium,4d2c80aa5b399c37a2cd068bcb22325a\"}\n>player p2 {\"name\":\"Aurrem173\",\"avatar\":\"veteranf\",\"rating\":2017,\"seed\":\"sodium,f8bc7473ee95659af0464908f580fb13\"}\n>p1 move stealthrock\n>p2 move supercellslam\n>p1 switch 4\n>p2 move earthquake\n>p1 move outrage\n>p2 move earthquake\n>p1 switch 6\n>p1 move psyshock\n>p2 move voltswitch\n>p2 switch 6\n>p1 move psyshock\n>p2 move stealthrock\n>p1 move psyshock\n>p2 move knockoff\n>p1 move trick\n>p2 move earthquake\n>p1 switch 2\n>p1 move scald\n>p2 move knockoff\n>p1 move wish\n>p2 move earthquake\n>p1 move scald\n>p2 move flipturn\n>p2 switch 2\n>p1 move wish\n>p2 move wish\n>p1 move scald\n>p2 move protect\n>p1 move flipturn\n>p2 move psychicnoise\n>p1 switch 3\n>p1 move swordsdance\n>p2 move psychicnoise\n>p1 move closecombat\n>p2 switch 2\n>p1 switch 3\n>p2 switch 2\n>p1 move scald\n>p2 move psychicnoise\n>p1 move protect\n>p2 move wish\n>p1 move scald\n>p2 move psychicnoise\n>p1 move scald\n>p2 move psychicnoise\n>p1 switch 5\n>p1 move substitute\n>p2 switch 6\n>p1 move calmmind\n>p2 move supercellslam\n>p2 switch 4\n>p1 move calmmind\n>p2 move calmmind\n>p1 move scald\n>p2 move calmmind\n>p1 move scald\n>p2 move calmmind\n>p1 move calmmind terastallize\n>p2 move roost\n>p1 move scald\n>p2 move storedpower\n>p1 move calmmind\n>p2 move calmmind\n>p1 move scald\n>p2 move calmmind\n>p1 move calmmind\n>p2 move roost\n>p1 move calmmind\n>p2 move calmmind\n>p1 move scald\n>p2 move storedpower\n>forcelose p1", "uploadtime": 1781466169, "views": 3, "formatid": "gen9randombattle", "rating": null, "private": 0, "password": null}