{"id": "gen9randombattle-2631680496", "format": "[Gen 9] Random Battle", "players": ["123lfy", "SkillIssueDxD"], "log": "|j|\u2606123lfy\n|j|\u2606SkillIssueDxD\n|t:|1781420505\n|gametype|singles\n|player|p1|123lfy|1|1265\n|player|p2|SkillIssueDxD|266|1292\n|gen|9\n|tier|[Gen 9] Random Battle\n|rated|\n|rule|Species Clause: Limit one of each Pok\u00e9mon\n|rule|HP Percentage Mod: HP is shown in percentages\n|rule|Sleep Clause Mod: Limit one foe put to sleep\n|rule|Illusion Level Mod: Illusion disguises the Pok\u00e9mon's true level\n|\n|t:|1781420505\n|teamsize|p1|6\n|teamsize|p2|6\n|start\n|switch|p1a: Regice|Regice, L88|284/284\n|switch|p2a: Wo-Chien|Wo-Chien, L83|277/277\n|-ability|p2a: Wo-Chien|Tablets of Ruin\n|turn|1\n|inactive|Battle timer is ON: inactive players will automatically lose when time's up. (requested by 123lfy)\n|\n|t:|1781420525\n|move|p2a: Wo-Chien|Protect|p2a: Wo-Chien\n|-singleturn|p2a: Wo-Chien|Protect\n|move|p1a: Regice|Ice Beam|p2a: Wo-Chien\n|-activate|p2a: Wo-Chien|move: Protect\n|\n|upkeep\n|turn|2\n|\n|t:|1781420544\n|move|p2a: Wo-Chien|Leech Seed|p1a: Regice\n|-start|p1a: Regice|move: Leech Seed\n|move|p1a: Regice|Ice Beam|p2a: Wo-Chien\n|-supereffective|p2a: Wo-Chien\n|-damage|p2a: Wo-Chien|125/277\n|\n|-heal|p2a: Wo-Chien|142/277|[from] item: Leftovers\n|-damage|p1a: Regice|249/284|[from] Leech Seed|[of] p2a: Wo-Chien\n|-heal|p2a: Wo-Chien|177/277|[silent]\n|upkeep\n|turn|3\n|\n|t:|1781420551\n|move|p2a: Wo-Chien|Protect|p2a: Wo-Chien\n|-singleturn|p2a: Wo-Chien|Protect\n|move|p1a: Regice|Ice Beam|p2a: Wo-Chien\n|-activate|p2a: Wo-Chien|move: Protect\n|\n|-heal|p2a: Wo-Chien|194/277|[from] item: Leftovers\n|-damage|p1a: Regice|214/284|[from] Leech Seed|[of] p2a: Wo-Chien\n|-heal|p2a: Wo-Chien|229/277|[silent]\n|upkeep\n|turn|4\n|\n|t:|1781420570\n|switch|p2a: Luvdisc|Luvdisc, M|247/247\n|move|p1a: Regice|Ice Beam|p2a: Luvdisc\n|-resisted|p2a: Luvdisc\n|-damage|p2a: Luvdisc|187/247\n|\n|-damage|p1a: Regice|179/284|[from] Leech Seed|[of] p2a: Luvdisc\n|-heal|p2a: Luvdisc|222/247|[silent]\n|upkeep\n|turn|5\n|\n|t:|1781420576\n|move|p2a: Luvdisc|Substitute|p2a: Luvdisc\n|-start|p2a: Luvdisc|Substitute\n|-damage|p2a: Luvdisc|161/247\n|move|p1a: Regice|Thunder Wave||[still]\n|-fail|p1a: Regice\n|\n|-damage|p1a: Regice|144/284|[from] Leech Seed|[of] p2a: Luvdisc\n|-heal|p2a: Luvdisc|196/247|[silent]\n|upkeep\n|turn|6\n|\n|t:|1781420581\n|move|p2a: Luvdisc|Endeavor|p1a: Regice\n|-immune|p1a: Regice\n|move|p1a: Regice|Thunderbolt|p2a: Luvdisc\n|-supereffective|p2a: Luvdisc\n|-end|p2a: Luvdisc|Substitute\n|\n|-damage|p1a: Regice|109/284|[from] Leech Seed|[of] p2a: Luvdisc\n|-heal|p2a: Luvdisc|231/247|[silent]\n|upkeep\n|turn|7\n|\n|t:|1781420593\n|switch|p2a: Zebstrika|Zebstrika, L87, F|272/272\n|move|p1a: Regice|Thunderbolt|p2a: Zebstrika\n|-resisted|p2a: Zebstrika\n|-damage|p2a: Zebstrika|227/272\n|\n|-damage|p1a: Regice|74/284|[from] Leech Seed|[of] p2a: Zebstrika\n|-heal|p2a: Zebstrika|262/272|[silent]\n|upkeep\n|turn|8\n|\n|t:|1781420603\n|move|p2a: Zebstrika|Volt Switch|p1a: Regice\n|-damage|p1a: Regice|30/284\n|-damage|p2a: Zebstrika|235/272|[from] item: Life Orb\n|\n|t:|1781420608\n|switch|p2a: Luvdisc|Luvdisc, M|231/247|[from] Volt Switch\n|move|p1a: Regice|Body Press|p2a: Luvdisc\n|-damage|p2a: Luvdisc|161/247\n|\n|-damage|p1a: Regice|0 fnt|[from] Leech Seed|[of] p2a: Luvdisc\n|-heal|p2a: Luvdisc|191/247|[silent]\n|faint|p1a: Regice\n|upkeep\n|\n|t:|1781420615\n|switch|p1a: Leavanny|Leavanny, L86, M|269/269\n|turn|9\n|\n|t:|1781420621\n|switch|p2a: Wo-Chien|Wo-Chien, L83|229/277\n|-ability|p2a: Wo-Chien|Tablets of Ruin\n|move|p1a: Leavanny|Sticky Web|p2a: Wo-Chien\n|-sidestart|p2: SkillIssueDxD|move: Sticky Web\n|\n|-heal|p2a: Wo-Chien|246/277|[from] item: Leftovers\n|upkeep\n|turn|10\n|\n|t:|1781420630\n|move|p2a: Wo-Chien|Protect|p2a: Wo-Chien\n|-singleturn|p2a: Wo-Chien|Protect\n|move|p1a: Leavanny|Lunge|p2a: Wo-Chien\n|-activate|p2a: Wo-Chien|move: Protect\n|\n|-heal|p2a: Wo-Chien|263/277|[from] item: Leftovers\n|upkeep\n|turn|11\n|\n|t:|1781420643\n|switch|p2a: Luvdisc|Luvdisc, M|191/247\n|move|p1a: Leavanny|Lunge|p2a: Luvdisc\n|-damage|p2a: Luvdisc|77/247\n|-unboost|p2a: Luvdisc|atk|1\n|\n|upkeep\n|turn|12\n|\n|t:|1781420655\n|move|p2a: Luvdisc|Whirlpool|p1a: Leavanny\n|-resisted|p1a: Leavanny\n|-damage|p1a: Leavanny|252/269\n|-activate|p1a: Leavanny|move: Whirlpool|[of] p2a: Luvdisc\n|move|p1a: Leavanny|Leaf Blade|p2a: Luvdisc\n|-supereffective|p2a: Luvdisc\n|-damage|p2a: Luvdisc|0 fnt\n|faint|p2a: Luvdisc\n|\n|-end|p1a: Leavanny|Whirlpool|[partiallytrapped]|[silent]\n|upkeep\n|\n|t:|1781420672\n|switch|p2a: Yanmega|Yanmega, L82, M|275/275\n|turn|13\n|\n|t:|1781420691\n|move|p1a: Leavanny|Knock Off|p2a: Yanmega\n|-damage|p2a: Yanmega|202/275\n|-enditem|p2a: Yanmega|Choice Specs|[from] move: Knock Off|[of] p1a: Leavanny\n|move|p2a: Yanmega|Bug Buzz|p1a: Leavanny\n|-supereffective|p1a: Leavanny\n|-damage|p1a: Leavanny|28/269\n|\n|upkeep\n|turn|14\n|\n|t:|1781420707\n|move|p1a: Leavanny|Lunge|p2a: Yanmega\n|-resisted|p2a: Yanmega\n|-damage|p2a: Yanmega|132/275\n|-unboost|p2a: Yanmega|atk|1\n|move|p2a: Yanmega|Bug Buzz|p1a: Leavanny\n|-supereffective|p1a: Leavanny\n|-damage|p1a: Leavanny|0 fnt\n|faint|p1a: Leavanny\n|\n|upkeep\n|\n|t:|1781420721\n|switch|p1a: Walking Wake|Walking Wake, L79|286/286\n|turn|15\n|\n|t:|1781420732\n|switch|p2a: Wo-Chien|Wo-Chien, L83|263/277\n|-activate|p2a: Wo-Chien|move: Sticky Web\n|-unboost|p2a: Wo-Chien|spe|1\n|-ability|p2a: Wo-Chien|Tablets of Ruin\n|move|p1a: Walking Wake|Sunny Day|p1a: Walking Wake\n|-weather|SunnyDay\n|-activate|p1a: Walking Wake|ability: Protosynthesis\n|-start|p1a: Walking Wake|protosynthesisspa\n|\n|-weather|SunnyDay|[upkeep]\n|-heal|p2a: Wo-Chien|277/277|[from] item: Leftovers\n|upkeep\n|turn|16\n|inactive|123lfy has 120 seconds left.\n|\n|t:|1781420759\n|move|p1a: Walking Wake|Flamethrower|p2a: Wo-Chien\n|-supereffective|p2a: Wo-Chien\n|-damage|p2a: Wo-Chien|33/277\n|-damage|p1a: Walking Wake|258/286|[from] item: Life Orb\n|move|p2a: Wo-Chien|Stun Spore|p1a: Walking Wake\n|-status|p1a: Walking Wake|par\n|\n|-weather|SunnyDay|[upkeep]\n|-heal|p2a: Wo-Chien|50/277|[from] item: Leftovers\n|upkeep\n|turn|17\n|\n|t:|1781420774\n|switch|p2a: Snorlax|Snorlax, L82, F|397/397\n|-activate|p2a: Snorlax|move: Sticky Web\n|-unboost|p2a: Snorlax|spe|1\n|move|p1a: Walking Wake|Flamethrower|p2a: Snorlax\n|-damage|p2a: Snorlax|322/397\n|-damage|p1a: Walking Wake|230/286 par|[from] item: Life Orb\n|\n|-weather|SunnyDay|[upkeep]\n|upkeep\n|turn|18\n|\n|t:|1781420783\n|move|p1a: Walking Wake|Hydro Steam|p2a: Snorlax\n|-damage|p2a: Snorlax|131/397\n|-damage|p1a: Walking Wake|202/286 par|[from] item: Life Orb\n|move|p2a: Snorlax|Body Slam|p1a: Walking Wake\n|-damage|p1a: Walking Wake|106/286 par\n|\n|-weather|SunnyDay|[upkeep]\n|upkeep\n|turn|19\n|\n|t:|1781420794\n|move|p1a: Walking Wake|Hydro Steam|p2a: Snorlax\n|-damage|p2a: Snorlax|0 fnt\n|faint|p2a: Snorlax\n|-damage|p1a: Walking Wake|78/286 par|[from] item: Life Orb\n|\n|-weather|none\n|-end|p1a: Walking Wake|Protosynthesis\n|upkeep\n|inactive|SkillIssueDxD has 120 seconds left.\n|\n|t:|1781420827\n|switch|p2a: Tauros|Tauros-Paldea-Aqua, L81, M|254/254\n|-activate|p2a: Tauros|move: Sticky Web\n|-unboost|p2a: Tauros|spe|1\n|-ability|p2a: Tauros|Intimidate|boost\n|-unboost|p1a: Walking Wake|atk|1\n|turn|20\n|inactive|SkillIssueDxD has 120 seconds left.\n|inactive|SkillIssueDxD has 90 seconds left.\n|\n|t:|1781420872\n|move|p2a: Tauros|Close Combat|p1a: Walking Wake\n|-damage|p1a: Walking Wake|0 fnt\n|-unboost|p2a: Tauros|def|1\n|-unboost|p2a: Tauros|spd|1\n|faint|p1a: Walking Wake\n|-end|p1a: Walking Wake|Protosynthesis|[silent]\n|-damage|p2a: Tauros|229/254|[from] item: Life Orb\n|\n|upkeep\n|\n|t:|1781420895\n|switch|p1a: Seviper|Seviper, L93, M|287/287\n|turn|21\n|inactive|SkillIssueDxD has 90 seconds left.\n|\n|t:|1781420916\n|switch|p2a: Yanmega|Yanmega, L82, M|132/275\n|move|p1a: Seviper|Giga Drain|p2a: Yanmega\n|-resisted|p2a: Yanmega\n|-damage|p2a: Yanmega|103/275\n|-damage|p1a: Seviper|259/287|[from] item: Life Orb\n|\n|upkeep\n|turn|22\n|\n|t:|1781420925\n|move|p2a: Yanmega|Air Slash|p1a: Seviper|[miss]\n|-miss|p2a: Yanmega|p1a: Seviper\n|move|p1a: Seviper|Flamethrower|p2a: Yanmega\n|-supereffective|p2a: Yanmega\n|-damage|p2a: Yanmega|0 fnt\n|faint|p2a: Yanmega\n|-damage|p1a: Seviper|231/287|[from] item: Life Orb\n|\n|upkeep\n|\n|t:|1781420946\n|switch|p2a: Zebstrika|Zebstrika, L87, F|235/272\n|-activate|p2a: Zebstrika|move: Sticky Web\n|-unboost|p2a: Zebstrika|spe|1\n|turn|23\n|\n|t:|1781420957\n|-terastallize|p2a: Zebstrika|Ground\n|move|p1a: Seviper|Earthquake|p2a: Zebstrika\n|-damage|p2a: Zebstrika|102/272\n|-damage|p1a: Seviper|203/287|[from] item: Life Orb\n|move|p2a: Zebstrika|High Horsepower|p1a: Seviper\n|-supereffective|p1a: Seviper\n|-damage|p1a: Seviper|0 fnt\n|faint|p1a: Seviper\n|-damage|p2a: Zebstrika|75/272|[from] item: Life Orb\n|\n|upkeep\n|\n|t:|1781420962\n|switch|p1a: Beartic|Beartic, L91, M|321/321\n|turn|24\n|\n|t:|1781420967\n|move|p2a: Zebstrika|Overheat|p1a: Beartic\n|-supereffective|p1a: Beartic\n|-damage|p1a: Beartic|116/321\n|-unboost|p2a: Zebstrika|spa|2\n|-damage|p2a: Zebstrika|48/272|[from] item: Life Orb\n|move|p1a: Beartic|Swords Dance|p1a: Beartic\n|-boost|p1a: Beartic|atk|2\n|\n|upkeep\n|turn|25\n|\n|t:|1781420984\n|move|p1a: Beartic|Aqua Jet|p2a: Zebstrika\n|-supereffective|p2a: Zebstrika\n|-damage|p2a: Zebstrika|0 fnt\n|faint|p2a: Zebstrika\n|\n|upkeep\n|\n|t:|1781420989\n|switch|p2a: Tauros|Tauros-Paldea-Aqua, L81, M|229/254\n|-activate|p2a: Tauros|move: Sticky Web\n|-unboost|p2a: Tauros|spe|1\n|-ability|p2a: Tauros|Intimidate|boost\n|-unboost|p1a: Beartic|atk|1\n|turn|26\n|\n|t:|1781421000\n|move|p1a: Beartic|Close Combat|p2a: Tauros\n|-damage|p2a: Tauros|63/254\n|-unboost|p1a: Beartic|def|1\n|-unboost|p1a: Beartic|spd|1\n|move|p2a: Tauros|Bulk Up|p2a: Tauros\n|-boost|p2a: Tauros|atk|1\n|-boost|p2a: Tauros|def|1\n|\n|upkeep\n|turn|27\n|inactive|SkillIssueDxD has 90 seconds left.\n|\n|t:|1781421006\n|move|p2a: Tauros|Aqua Jet|p1a: Beartic\n|-damage|p1a: Beartic|0 fnt\n|faint|p1a: Beartic\n|-damage|p2a: Tauros|38/254|[from] item: Life Orb\n|\n|upkeep\n|\n|t:|1781421030\n|switch|p1a: Porygon2|Porygon2, L81|270/270\n|-ability|p1a: Porygon2|Download|boost\n|-boost|p1a: Porygon2|spa|1\n|turn|28\n|inactive|SkillIssueDxD has 90 seconds left.\n|inactive|123lfy has 120 seconds left.\n|\n|t:|1781421056\n|move|p1a: Porygon2|Shadow Ball|p2a: Tauros\n|-damage|p2a: Tauros|0 fnt\n|faint|p2a: Tauros\n|\n|upkeep\n|\n|t:|1781421059\n|switch|p2a: Wo-Chien|Wo-Chien, L83|50/277\n|-activate|p2a: Wo-Chien|move: Sticky Web\n|-unboost|p2a: Wo-Chien|spe|1\n|-ability|p2a: Wo-Chien|Tablets of Ruin\n|turn|29\n|inactive|123lfy has 120 seconds left.\n|\n|t:|1781421089\n|-terastallize|p1a: Porygon2|Fighting\n|move|p2a: Wo-Chien|Protect|p2a: Wo-Chien\n|-singleturn|p2a: Wo-Chien|Protect\n|move|p1a: Porygon2|Tera Blast|p2a: Wo-Chien|[anim] Tera Blast Fighting\n|-activate|p2a: Wo-Chien|move: Protect\n|\n|-heal|p2a: Wo-Chien|67/277|[from] item: Leftovers\n|upkeep\n|turn|30\n|\n|t:|1781421097\n|move|p1a: Porygon2|Tera Blast|p2a: Wo-Chien|[anim] Tera Blast Fighting\n|-supereffective|p2a: Wo-Chien\n|-damage|p2a: Wo-Chien|0 fnt\n|faint|p2a: Wo-Chien\n|\n|win|123lfy\n|raw|123lfy's rating: 1265 &rarr; <strong>1292</strong><br />(+27 for winning)\n|raw|SkillIssueDxD's rating: 1292 &rarr; <strong>1265</strong><br />(-27 for losing)\n|l|\u2606SkillIssueDxD\n|player|p2|\n", "inputlog": ">version a8376a258c1d4662feba110a92103f3664a72141\n>start {\"formatid\":\"gen9randombattle\",\"seed\":\"sodium,2c68cb3417cece3f2399599645bfe8b8\",\"rated\":\"Rated battle\"}\n>player p1 {\"name\":\"123lfy\",\"avatar\":\"1\",\"rating\":1265,\"seed\":\"sodium,322d3126f75eb1a3d3cd69a0cde65762\"}\n>player p2 {\"name\":\"SkillIssueDxD\",\"avatar\":\"266\",\"rating\":1292,\"seed\":\"sodium,c0eb5f45ded55ddc5b857cf7e698a7f5\"}\n>p1 move icebeam\n>p2 move protect\n>p1 move icebeam\n>p2 move leechseed\n>p1 move icebeam\n>p2 move protect\n>p1 move icebeam\n>p2 switch 4\n>p1 move thunderwave\n>p2 move substitute\n>p1 move thunderbolt\n>p2 move endeavor\n>p1 move thunderbolt\n>p2 switch 5\n>p1 move bodypress\n>p2 move voltswitch\n>p2 switch 5\n>p1 switch 4\n>p1 move stickyweb\n>p2 switch 4\n>p1 move lunge\n>p2 move protect\n>p1 move lunge\n>p2 switch 4\n>p1 move leafblade\n>p2 move whirlpool\n>p2 switch 3\n>p1 move knockoff\n>p2 move bugbuzz\n>p1 move lunge\n>p2 move bugbuzz\n>p1 switch 6\n>p1 move sunnyday\n>p2 switch 4\n>p1 move flamethrower\n>p2 move stunspore\n>p1 move flamethrower\n>p2 switch 6\n>p1 move hydrosteam\n>p2 move bodyslam\n>p1 move hydrosteam\n>p2 move bodyslam\n>p2 switch 2\n>p1 move dracometeor\n>p2 move closecombat\n>p1 switch 5\n>p1 move gigadrain\n>p2 switch 4\n>p1 move flamethrower\n>p2 move airslash\n>p2 switch 5\n>p1 move earthquake\n>p2 move highhorsepower terastallize\n>p1 switch 3\n>p1 move swordsdance\n>p2 move overheat\n>p1 move aquajet\n>p2 move supercellslam\n>p2 switch 4\n>p1 move closecombat\n>p2 move bulkup\n>p1 move closecombat\n>p2 move aquajet\n>p1 switch 2\n>p1 move shadowball\n>p2 move liquidation\n>p2 switch 6\n>p1 move terablast terastallize\n>p2 move protect\n>p1 move terablast\n>p2 move leechseed", "uploadtime": 1781421117, "views": 4, "formatid": "gen9randombattle", "rating": 1265, "private": 0, "password": null}