{"id": "gen9randombattle-2631412873", "format": "[Gen 9] Random Battle", "players": ["grafitigreifer", "Astrokid11"], "log": "|j|\u2606grafitigreifer\n|j|\u2606Astrokid11\n|t:|1781381600\n|gametype|singles\n|player|p1|grafitigreifer|hanbei-conquest|1981\n|player|p2|Astrokid11|102|1969\n|gen|9\n|tier|[Gen 9] Random Battle\n|rated|\n|rule|Species Clause: Limit one of each Pok\u00e9mon\n|rule|HP Percentage Mod: HP is shown in percentages\n|rule|Sleep Clause Mod: Limit one foe put to sleep\n|rule|Illusion Level Mod: Illusion disguises the Pok\u00e9mon's true level\n|\n|t:|1781381600\n|teamsize|p1|6\n|teamsize|p2|6\n|start\n|switch|p1a: Jolteon|Jolteon, L84, M|246/246\n|switch|p2a: Garchomp|Garchomp, L74, F|282/282\n|turn|1\n|inactive|Battle timer is ON: inactive players will automatically lose when time's up. (requested by Astrokid11)\n|\n|t:|1781381609\n|switch|p1a: Misdreavus|Misdreavus, L90, M|254/254\n|move|p2a: Garchomp|Earthquake|p1a: Misdreavus\n|-immune|p1a: Misdreavus|[from] ability: Levitate\n|\n|upkeep\n|turn|2\n|\n|t:|1781381622\n|switch|p2a: Wigglytuff|Wigglytuff, L96, F|424/424\n|move|p1a: Misdreavus|Will-O-Wisp|p2a: Wigglytuff\n|-status|p2a: Wigglytuff|brn\n|\n|-damage|p2a: Wigglytuff|398/424 brn|[from] brn\n|upkeep\n|turn|3\n|\n|t:|1781381635\n|switch|p1a: Meloetta|Meloetta, L82|298/298\n|move|p2a: Wigglytuff|Knock Off|p1a: Meloetta\n|-supereffective|p1a: Meloetta\n|-damage|p1a: Meloetta|216/298\n|-enditem|p1a: Meloetta|Life Orb|[from] move: Knock Off|[of] p2a: Wigglytuff\n|\n|-heal|p2a: Wigglytuff|424/424 brn|[from] item: Leftovers\n|-damage|p2a: Wigglytuff|398/424 brn|[from] brn\n|upkeep\n|turn|4\n|\n|t:|1781381641\n|move|p1a: Meloetta|Relic Song|p2a: Wigglytuff\n|-damage|p2a: Wigglytuff|265/424 brn\n|-formechange|p1a: Meloetta|Meloetta-Pirouette|[msg]\n|move|p2a: Wigglytuff|Thunder Wave|p1a: Meloetta\n|-status|p1a: Meloetta|par\n|\n|-heal|p2a: Wigglytuff|291/424 brn|[from] item: Leftovers\n|-damage|p2a: Wigglytuff|265/424 brn|[from] brn\n|upkeep\n|turn|5\n|\n|t:|1781381656\n|move|p2a: Wigglytuff|Dazzling Gleam|p1a: Meloetta\n|-supereffective|p1a: Meloetta\n|-damage|p1a: Meloetta|0 fnt\n|faint|p1a: Meloetta\n|\n|-heal|p2a: Wigglytuff|291/424 brn|[from] item: Leftovers\n|-damage|p2a: Wigglytuff|265/424 brn|[from] brn\n|upkeep\n|\n|t:|1781381660\n|switch|p1a: Lucario|Lucario, L84, F|255/255\n|turn|6\n|\n|t:|1781381673\n|switch|p2a: Ludicolo|Ludicolo, L90, F|290/290\n|move|p1a: Lucario|Flash Cannon|p2a: Ludicolo\n|-resisted|p2a: Ludicolo\n|-damage|p2a: Ludicolo|235/290\n|-damage|p1a: Lucario|230/255|[from] item: Life Orb\n|\n|upkeep\n|turn|7\n|\n|t:|1781381683\n|switch|p1a: Misdreavus|Misdreavus, L90, M|254/254\n|move|p2a: Ludicolo|Hydro Pump|p1a: Misdreavus\n|-damage|p1a: Misdreavus|122/254\n|\n|upkeep\n|turn|8\n|\n|t:|1781381689\n|move|p1a: Misdreavus|Draining Kiss|p2a: Ludicolo\n|-damage|p2a: Ludicolo|205/290\n|-heal|p1a: Misdreavus|145/254|[from] drain|[of] p2a: Ludicolo\n|move|p2a: Ludicolo|Hydro Pump|p1a: Misdreavus|[miss]\n|-miss|p2a: Ludicolo|p1a: Misdreavus\n|\n|upkeep\n|turn|9\n|\n|t:|1781381696\n|move|p1a: Misdreavus|Calm Mind|p1a: Misdreavus\n|-boost|p1a: Misdreavus|spa|1\n|-boost|p1a: Misdreavus|spd|1\n|move|p2a: Ludicolo|Hydro Pump|p1a: Misdreavus\n|-damage|p1a: Misdreavus|66/254\n|\n|upkeep\n|turn|10\n|\n|t:|1781381705\n|move|p1a: Misdreavus|Shadow Ball|p2a: Ludicolo\n|-damage|p2a: Ludicolo|91/290\n|move|p2a: Ludicolo|Hydro Pump|p1a: Misdreavus\n|-damage|p1a: Misdreavus|0 fnt\n|faint|p1a: Misdreavus\n|\n|upkeep\n|\n|t:|1781381711\n|switch|p1a: Jolteon|Jolteon, L84, M|246/246\n|turn|11\n|\n|t:|1781381719\n|switch|p2a: Garchomp|Garchomp, L74, F|282/282\n|move|p1a: Jolteon|Calm Mind|p1a: Jolteon\n|-boost|p1a: Jolteon|spa|1\n|-boost|p1a: Jolteon|spd|1\n|\n|upkeep\n|turn|12\n|\n|t:|1781381725\n|-terastallize|p1a: Jolteon|Ice\n|move|p1a: Jolteon|Tera Blast|p2a: Garchomp|[anim] Tera Blast Ice\n|-supereffective|p2a: Garchomp\n|-damage|p2a: Garchomp|0 fnt\n|faint|p2a: Garchomp\n|\n|upkeep\n|\n|t:|1781381734\n|switch|p2a: Kleavor|Kleavor, L78, F|237/237\n|turn|13\n|\n|t:|1781381752\n|switch|p1a: Lucario|Lucario, L84, F|230/255\n|move|p2a: Kleavor|Stone Axe|p1a: Lucario\n|-resisted|p1a: Lucario\n|-damage|p1a: Lucario|197/255\n|-sidestart|p1: grafitigreifer|move: Stealth Rock\n|\n|upkeep\n|turn|14\n|\n|t:|1781381770\n|switch|p2a: Ludicolo|Ludicolo, L90, F|91/290\n|move|p1a: Lucario|Flash Cannon|p2a: Ludicolo\n|-resisted|p2a: Ludicolo\n|-damage|p2a: Ludicolo|42/290\n|-damage|p1a: Lucario|172/255|[from] item: Life Orb\n|\n|upkeep\n|turn|15\n|\n|t:|1781381776\n|move|p1a: Lucario|Vacuum Wave|p2a: Ludicolo\n|-damage|p2a: Ludicolo|0 fnt\n|faint|p2a: Ludicolo\n|-damage|p1a: Lucario|147/255|[from] item: Life Orb\n|\n|upkeep\n|\n|t:|1781381779\n|switch|p2a: Brute Bonnet|Brute Bonnet, L80|309/309\n|turn|16\n|\n|t:|1781381786\n|move|p1a: Lucario|Focus Blast|p2a: Brute Bonnet|[miss]\n|-miss|p1a: Lucario|p2a: Brute Bonnet\n|move|p2a: Brute Bonnet|Spore|p1a: Lucario\n|-status|p1a: Lucario|slp|[from] move: Spore\n|\n|upkeep\n|turn|17\n|\n|t:|1781381792\n|-end|p2a: Brute Bonnet|Protosynthesis|[silent]\n|switch|p2a: Kleavor|Kleavor, L78, F|237/237\n|cant|p1a: Lucario|slp\n|\n|upkeep\n|turn|18\n|\n|t:|1781381798\n|cant|p1a: Lucario|slp\n|move|p2a: Kleavor|Close Combat|p1a: Lucario\n|-supereffective|p1a: Lucario\n|-damage|p1a: Lucario|0 fnt\n|-unboost|p2a: Kleavor|def|1\n|-unboost|p2a: Kleavor|spd|1\n|faint|p1a: Lucario\n|\n|upkeep\n|\n|t:|1781381801\n|switch|p1a: Gengar|Gengar, L81, F|230/230\n|-damage|p1a: Gengar|202/230|[from] Stealth Rock\n|turn|19\n|\n|t:|1781381812\n|switch|p2a: Wigglytuff|Wigglytuff, L96, F|265/424 brn\n|move|p1a: Gengar|Focus Blast|p2a: Wigglytuff\n|-damage|p2a: Wigglytuff|108/424 brn\n|-damage|p1a: Gengar|179/230|[from] item: Life Orb\n|\n|-heal|p2a: Wigglytuff|134/424 brn|[from] item: Leftovers\n|-damage|p2a: Wigglytuff|108/424 brn|[from] brn\n|upkeep\n|turn|20\n|\n|t:|1781381822\n|move|p1a: Gengar|Sludge Wave|p2a: Wigglytuff\n|-supereffective|p2a: Wigglytuff\n|-damage|p2a: Wigglytuff|0 fnt\n|faint|p2a: Wigglytuff\n|-damage|p1a: Gengar|156/230|[from] item: Life Orb\n|\n|upkeep\n|\n|t:|1781381836\n|switch|p2a: Brute Bonnet|Brute Bonnet, L80|309/309\n|turn|21\n|\n|t:|1781381841\n|move|p2a: Brute Bonnet|Sucker Punch||[still]\n|-fail|p2a: Brute Bonnet\n|move|p1a: Gengar|Encore|p2a: Brute Bonnet\n|-start|p2a: Brute Bonnet|Encore\n|\n|upkeep\n|turn|22\n|\n|t:|1781381846\n|switch|p1a: Jolteon|Jolteon, L84, M, tera:Ice|246/246\n|-damage|p1a: Jolteon|185/246|[from] Stealth Rock\n|move|p2a: Brute Bonnet|Sucker Punch||[still]\n|-fail|p2a: Brute Bonnet\n|\n|-heal|p1a: Jolteon|200/246|[from] item: Leftovers\n|upkeep\n|turn|23\n|\n|t:|1781381848\n|-end|p2a: Brute Bonnet|Protosynthesis|[silent]\n|switch|p2a: Zangoose|Zangoose, L85, F|263/263\n|move|p1a: Jolteon|Substitute|p1a: Jolteon\n|-start|p1a: Jolteon|Substitute\n|-damage|p1a: Jolteon|139/246\n|\n|-heal|p1a: Jolteon|154/246|[from] item: Leftovers\n|-status|p2a: Zangoose|tox|[from] item: Toxic Orb\n|upkeep\n|turn|24\n|\n|t:|1781381853\n|move|p1a: Jolteon|Thunderbolt|p2a: Zangoose\n|-damage|p2a: Zangoose|116/263 tox\n|move|p2a: Zangoose|Facade|p1a: Jolteon\n|-end|p1a: Jolteon|Substitute\n|\n|-heal|p1a: Jolteon|169/246|[from] item: Leftovers\n|-damage|p2a: Zangoose|100/263 tox|[from] psn\n|upkeep\n|turn|25\n|\n|t:|1781381859\n|move|p1a: Jolteon|Tera Blast|p2a: Zangoose|[anim] Tera Blast Ice\n|-damage|p2a: Zangoose|0 fnt\n|faint|p2a: Zangoose\n|\n|-heal|p1a: Jolteon|184/246|[from] item: Leftovers\n|upkeep\n|\n|t:|1781381861\n|switch|p2a: Kleavor|Kleavor, L78, F|237/237\n|turn|26\n|\n|t:|1781381873\n|move|p1a: Jolteon|Substitute|p1a: Jolteon\n|-start|p1a: Jolteon|Substitute\n|-damage|p1a: Jolteon|123/246\n|move|p2a: Kleavor|Stone Axe|p1a: Jolteon\n|-supereffective|p1a: Jolteon\n|-end|p1a: Jolteon|Substitute\n|\n|-heal|p1a: Jolteon|138/246|[from] item: Leftovers\n|upkeep\n|turn|27\n|\n|t:|1781381876\n|move|p1a: Jolteon|Substitute|p1a: Jolteon\n|-start|p1a: Jolteon|Substitute\n|-damage|p1a: Jolteon|77/246\n|move|p2a: Kleavor|Stone Axe|p1a: Jolteon\n|-supereffective|p1a: Jolteon\n|-end|p1a: Jolteon|Substitute\n|\n|-heal|p1a: Jolteon|92/246|[from] item: Leftovers\n|upkeep\n|turn|28\n|\n|t:|1781381878\n|move|p1a: Jolteon|Substitute|p1a: Jolteon\n|-start|p1a: Jolteon|Substitute\n|-damage|p1a: Jolteon|31/246\n|move|p2a: Kleavor|X-Scissor|p1a: Jolteon\n|-end|p1a: Jolteon|Substitute\n|\n|-heal|p1a: Jolteon|46/246|[from] item: Leftovers\n|upkeep\n|turn|29\n|\n|t:|1781381881\n|move|p1a: Jolteon|Thunderbolt|p2a: Kleavor\n|-damage|p2a: Kleavor|92/237\n|-status|p2a: Kleavor|par\n|move|p2a: Kleavor|X-Scissor|p1a: Jolteon\n|-damage|p1a: Jolteon|0 fnt\n|faint|p1a: Jolteon\n|\n|upkeep\n|\n|t:|1781381892\n|switch|p1a: Gengar|Gengar, L81, F|156/230\n|-damage|p1a: Gengar|128/230|[from] Stealth Rock\n|turn|30\n|\n|t:|1781381896\n|move|p1a: Gengar|Sludge Wave|p2a: Kleavor\n|-resisted|p2a: Kleavor\n|-damage|p2a: Kleavor|0 fnt\n|faint|p2a: Kleavor\n|-damage|p1a: Gengar|105/230|[from] item: Life Orb\n|\n|upkeep\n|\n|t:|1781381899\n|switch|p2a: Brute Bonnet|Brute Bonnet, L80|309/309\n|turn|31\n|\n|t:|1781381906\n|move|p1a: Gengar|Sludge Wave|p2a: Brute Bonnet\n|-supereffective|p2a: Brute Bonnet\n|-damage|p2a: Brute Bonnet|2/309\n|-damage|p1a: Gengar|82/230|[from] item: Life Orb\n|move|p2a: Brute Bonnet|Crunch|p1a: Gengar\n|-supereffective|p1a: Gengar\n|-damage|p1a: Gengar|0 fnt\n|-start|p2a: Brute Bonnet|Disable|Crunch|[from] ability: Cursed Body|[of] p1a: Gengar\n|faint|p1a: Gengar\n|\n|-heal|p2a: Brute Bonnet|21/309|[from] item: Leftovers\n|upkeep\n|\n|t:|1781381909\n|switch|p1a: Volcarona|Volcarona, L77, F|257/257\n|turn|32\n|\n|t:|1781381912\n|move|p1a: Volcarona|Bug Buzz|p2a: Brute Bonnet\n|-supereffective|p2a: Brute Bonnet\n|-damage|p2a: Brute Bonnet|0 fnt\n|faint|p2a: Brute Bonnet\n|-end|p2a: Brute Bonnet|Protosynthesis|[silent]\n|\n|win|grafitigreifer\n", "inputlog": ">version a8376a258c1d4662feba110a92103f3664a72141\n>start {\"formatid\":\"gen9randombattle\",\"seed\":\"sodium,20764105b9450b73f5e7c50e0f2fac52\",\"rated\":\"Rated battle\"}\n>player p1 {\"name\":\"grafitigreifer\",\"avatar\":\"hanbei-conquest\",\"rating\":1981,\"seed\":\"sodium,72743720675fe066e1e06e9d5b6fb30b\"}\n>player p2 {\"name\":\"Astrokid11\",\"avatar\":\"102\",\"rating\":1969,\"seed\":\"sodium,955b5abf1569b5927596456beb90cdec\"}\n>p1 switch 3\n>p2 move earthquake\n>p1 move willowisp\n>p2 switch 3\n>p1 switch 5\n>p2 move knockoff\n>p1 move relicsong\n>p2 move thunderwave\n>p1 move closecombat\n>p2 move dazzlinggleam\n>p1 switch 4\n>p1 move flashcannon\n>p2 switch 5\n>p1 switch 5\n>p2 move hydropump\n>p1 move drainingkiss\n>p2 move hydropump\n>p1 move calmmind\n>p2 move hydropump\n>p1 move shadowball\n>p2 move hydropump\n>p1 switch 3\n>p1 move calmmind\n>p2 switch 3\n>p1 move terablast terastallize\n>p2 move scaleshot\n>p2 switch 4\n>p1 switch 5\n>p2 move stoneaxe\n>p1 move flashcannon\n>p2 switch 3\n>p1 move vacuumwave\n>p2 move gigadrain\n>p2 switch 6\n>p1 move focusblast\n>p2 move spore\n>p1 move focusblast\n>p2 switch 3\n>p1 move flashcannon\n>p2 move closecombat\n>p1 switch 6\n>p1 move focusblast\n>p2 switch 5\n>p1 move sludgewave\n>p2 move thunderwave\n>p2 switch 3\n>p1 move encore\n>p2 move suckerpunch\n>p1 switch 5\n>p2 move suckerpunch\n>p1 move substitute\n>p2 switch 2\n>p1 move thunderbolt\n>p2 move facade\n>p1 move terablast\n>p2 move knockoff\n>p2 switch 5\n>p1 move substitute\n>p2 move stoneaxe\n>p1 move substitute\n>p2 move stoneaxe\n>p1 move substitute\n>p2 move xscissor\n>p1 move thunderbolt\n>p2 move xscissor\n>p1 switch 5\n>p1 move sludgewave\n>p2 move stoneaxe\n>p2 switch 2\n>p1 move sludgewave\n>p2 move crunch\n>p1 switch 2\n>p1 move bugbuzz\n>p2 move spore", "uploadtime": 1781381602, "views": 10, "formatid": "gen9randombattle", "rating": null, "private": 0, "password": null}