{"id": "gen9randombattle-2632020115", "format": "[Gen 9] Random Battle", "players": ["Royher", "Mitchel531"], "log": "|j|\u2606Royher\n|j|\u2606Mitchel531\n|t:|1781466695\n|gametype|singles\n|player|p1|Royher|zinzolin|2084\n|player|p2|Mitchel531|266|2060\n|gen|9\n|tier|[Gen 9] Random Battle\n|rated|\n|rule|Species Clause: Limit one of each Pok\u00e9mon\n|rule|HP Percentage Mod: HP is shown in percentages\n|rule|Sleep Clause Mod: Limit one foe put to sleep\n|rule|Illusion Level Mod: Illusion disguises the Pok\u00e9mon's true level\n|\n|t:|1781466695\n|teamsize|p1|6\n|teamsize|p2|6\n|start\n|switch|p1a: Qwilfish|Qwilfish, L86, F|252/252\n|switch|p2a: Arbok|Arbok, L87, M|246/246\n|-ability|p1a: Qwilfish|Intimidate|boost\n|-unboost|p2a: Arbok|atk|1\n|-ability|p2a: Arbok|Intimidate|boost\n|-unboost|p1a: Qwilfish|atk|1\n|turn|1\n|inactive|Battle timer is ON: inactive players will automatically lose when time's up. (requested by Royher)\n|\n|t:|1781466713\n|move|p1a: Qwilfish|Flip Turn|p2a: Arbok\n|-damage|p2a: Arbok|195/246\n|\n|t:|1781466725\n|switch|p1a: Dunsparce|Dunsparce, L86, M|312/312|[from] Flip Turn\n|move|p2a: Arbok|Coil|p2a: Arbok\n|-boost|p2a: Arbok|atk|1\n|-boost|p2a: Arbok|def|1\n|-boost|p2a: Arbok|accuracy|1\n|\n|-heal|p2a: Arbok|210/246|[from] item: Leftovers\n|upkeep\n|turn|2\n|\n|t:|1781466739\n|move|p2a: Arbok|Coil|p2a: Arbok\n|-boost|p2a: Arbok|atk|1\n|-boost|p2a: Arbok|def|1\n|-boost|p2a: Arbok|accuracy|1\n|move|p1a: Dunsparce|Body Slam|p2a: Arbok\n|-damage|p2a: Arbok|168/246\n|-status|p2a: Arbok|par\n|\n|-heal|p2a: Arbok|183/246 par|[from] item: Leftovers\n|upkeep\n|turn|3\n|j| gjdjsjd111\n|\n|t:|1781466748\n|move|p1a: Dunsparce|Coil|p1a: Dunsparce\n|-boost|p1a: Dunsparce|atk|1\n|-boost|p1a: Dunsparce|def|1\n|-boost|p1a: Dunsparce|accuracy|1\n|move|p2a: Arbok|Gunk Shot|p1a: Dunsparce\n|-damage|p1a: Dunsparce|209/312\n|\n|-heal|p2a: Arbok|198/246 par|[from] item: Leftovers\n|upkeep\n|turn|4\n|\n|t:|1781466755\n|move|p1a: Dunsparce|Coil|p1a: Dunsparce\n|-boost|p1a: Dunsparce|atk|1\n|-boost|p1a: Dunsparce|def|1\n|-boost|p1a: Dunsparce|accuracy|1\n|cant|p2a: Arbok|par\n|\n|-heal|p2a: Arbok|213/246 par|[from] item: Leftovers\n|upkeep\n|turn|5\n|\n|t:|1781466761\n|move|p1a: Dunsparce|Coil|p1a: Dunsparce\n|-boost|p1a: Dunsparce|atk|1\n|-boost|p1a: Dunsparce|def|1\n|-boost|p1a: Dunsparce|accuracy|1\n|move|p2a: Arbok|Gunk Shot|p1a: Dunsparce\n|-damage|p1a: Dunsparce|149/312\n|\n|-heal|p2a: Arbok|228/246 par|[from] item: Leftovers\n|upkeep\n|turn|6\n|\n|t:|1781466783\n|switch|p2a: Hypno|Hypno, L95, M|315/315\n|move|p1a: Dunsparce|Earthquake|p2a: Hypno\n|-damage|p2a: Hypno|170/315\n|\n|-heal|p2a: Hypno|189/315|[from] item: Leftovers\n|upkeep\n|turn|7\n|\n|t:|1781466799\n|move|p2a: Hypno|Encore|p1a: Dunsparce\n|-start|p1a: Dunsparce|Encore\n|move|p1a: Dunsparce|Earthquake|p2a: Hypno\n|-damage|p2a: Hypno|33/315\n|\n|-heal|p2a: Hypno|52/315|[from] item: Leftovers\n|upkeep\n|turn|8\n|\n|t:|1781466801\n|switch|p2a: Oricorio|Oricorio-Pa'u, L87, M|272/272\n|move|p1a: Dunsparce|Earthquake|p2a: Oricorio\n|-immune|p2a: Oricorio\n|\n|upkeep\n|turn|9\n|\n|t:|1781466812\n|switch|p1a: Lunala|Lunala, L70|308/308\n|move|p2a: Oricorio|Quiver Dance|p2a: Oricorio\n|-boost|p2a: Oricorio|spa|1\n|-boost|p2a: Oricorio|spd|1\n|-boost|p2a: Oricorio|spe|1\n|\n|upkeep\n|turn|10\n|\n|t:|1781466823\n|move|p2a: Oricorio|Quiver Dance|p2a: Oricorio\n|-boost|p2a: Oricorio|spa|1\n|-boost|p2a: Oricorio|spd|1\n|-boost|p2a: Oricorio|spe|1\n|move|p1a: Lunala|Calm Mind|p1a: Lunala\n|-boost|p1a: Lunala|spa|1\n|-boost|p1a: Lunala|spd|1\n|\n|upkeep\n|turn|11\n|\n|t:|1781466828\n|move|p2a: Oricorio|Hurricane|p1a: Lunala\n|-damage|p1a: Lunala|219/308\n|-start|p1a: Lunala|confusion\n|-activate|p1a: Lunala|confusion\n|move|p1a: Lunala|Calm Mind|p1a: Lunala\n|-boost|p1a: Lunala|spa|1\n|-boost|p1a: Lunala|spd|1\n|\n|-heal|p1a: Lunala|238/308|[from] item: Leftovers\n|upkeep\n|turn|12\n|\n|t:|1781466833\n|move|p2a: Oricorio|Hurricane|p1a: Lunala\n|-damage|p1a: Lunala|106/308\n|-activate|p1a: Lunala|confusion\n|move|p1a: Lunala|Moongeist Beam|p2a: Oricorio\n|-supereffective|p2a: Oricorio\n|-damage|p2a: Oricorio|54/272\n|\n|-heal|p1a: Lunala|125/308|[from] item: Leftovers\n|upkeep\n|turn|13\n|\n|t:|1781466840\n|move|p2a: Oricorio|Hurricane|p1a: Lunala\n|-damage|p1a: Lunala|0 fnt\n|faint|p1a: Lunala\n|\n|upkeep\n|\n|t:|1781466848\n|switch|p1a: Lanturn|Lanturn, L89, M|367/367\n|turn|14\n|\n|t:|1781466854\n|move|p2a: Oricorio|Revelation Dance|p1a: Lanturn\n|-damage|p1a: Lanturn|147/367\n|move|p1a: Lanturn|Thunder Wave|p2a: Oricorio\n|-status|p2a: Oricorio|par\n|\n|-heal|p1a: Lanturn|169/367|[from] item: Leftovers\n|upkeep\n|turn|15\n|\n|t:|1781466862\n|cant|p2a: Oricorio|par\n|move|p1a: Lanturn|Thunderbolt|p2a: Oricorio\n|-supereffective|p2a: Oricorio\n|-damage|p2a: Oricorio|0 fnt\n|faint|p2a: Oricorio\n|\n|-heal|p1a: Lanturn|191/367|[from] item: Leftovers\n|upkeep\n|\n|t:|1781466874\n|switch|p2a: Hypno|Hypno, L95, M|52/315\n|turn|16\n|\n|t:|1781466879\n|move|p2a: Hypno|Psychic Noise|p1a: Lanturn\n|-damage|p1a: Lanturn|110/367\n|-start|p1a: Lanturn|move: Heal Block\n|move|p1a: Lanturn|Thunderbolt|p2a: Hypno\n|-damage|p2a: Hypno|0 fnt\n|faint|p2a: Hypno\n|\n|upkeep\n|\n|t:|1781466894\n|switch|p2a: Salamence|Salamence, L77, F|273/273\n|turn|17\n|\n|t:|1781466902\n|move|p2a: Salamence|Outrage|p1a: Lanturn\n|-damage|p1a: Lanturn|0 fnt\n|faint|p1a: Lanturn\n|-ability|p2a: Salamence|Moxie|boost\n|-boost|p2a: Salamence|atk|1\n|\n|upkeep\n|\n|t:|1781466905\n|switch|p1a: Qwilfish|Qwilfish, L86, F|252/252\n|-ability|p1a: Qwilfish|Intimidate|boost\n|-unboost|p2a: Salamence|atk|1\n|turn|18\n|\n|t:|1781466911\n|move|p2a: Salamence|Outrage|p1a: Qwilfish|[from] lockedmove\n|-damage|p1a: Qwilfish|107/252\n|move|p1a: Qwilfish|Toxic|p2a: Salamence\n|-status|p2a: Salamence|tox\n|\n|-damage|p2a: Salamence|256/273 tox|[from] psn\n|upkeep\n|turn|19\n|\n|t:|1781466923\n|switch|p1a: Victreebel|Victreebel, L90, F|290/290\n|move|p2a: Salamence|Outrage|p1a: Victreebel|[from] lockedmove\n|-damage|p1a: Victreebel|133/290\n|-start|p2a: Salamence|confusion|[fatigue]\n|\n|-damage|p2a: Salamence|222/273 tox|[from] psn\n|upkeep\n|turn|20\n|\n|t:|1781466929\n|switch|p1a: Qwilfish|Qwilfish, L86, F|107/252\n|-ability|p1a: Qwilfish|Intimidate|boost\n|-unboost|p2a: Salamence|atk|1\n|-activate|p2a: Salamence|confusion\n|move|p2a: Salamence|Dual Wingbeat|p1a: Qwilfish\n|-damage|p1a: Qwilfish|73/252\n|-damage|p1a: Qwilfish|39/252\n|-hitcount|p1a: Qwilfish|2\n|\n|-damage|p2a: Salamence|171/273 tox|[from] psn\n|upkeep\n|turn|21\n|\n|t:|1781466936\n|-activate|p2a: Salamence|confusion\n|move|p2a: Salamence|Dual Wingbeat|p1a: Qwilfish\n|-damage|p1a: Qwilfish|9/252\n|-damage|p1a: Qwilfish|0 fnt\n|faint|p1a: Qwilfish\n|-ability|p2a: Salamence|Moxie|boost\n|-boost|p2a: Salamence|atk|1\n|-hitcount|p1: Qwilfish|2\n|\n|-damage|p2a: Salamence|103/273 tox|[from] psn\n|upkeep\n|\n|t:|1781466939\n|switch|p1a: Dunsparce|Dunsparce, L86, M|149/312\n|turn|22\n|\n|t:|1781466943\n|-end|p2a: Salamence|confusion\n|move|p2a: Salamence|Outrage|p1a: Dunsparce\n|-damage|p1a: Dunsparce|43/312\n|move|p1a: Dunsparce|Roost|p1a: Dunsparce\n|-heal|p1a: Dunsparce|199/312\n|-singleturn|p1a: Dunsparce|move: Roost\n|\n|-damage|p2a: Salamence|18/273 tox|[from] psn\n|upkeep\n|turn|23\n|\n|t:|1781466950\n|move|p2a: Salamence|Outrage|p1a: Dunsparce|[from] lockedmove\n|-damage|p1a: Dunsparce|90/312\n|-start|p2a: Salamence|confusion|[fatigue]\n|move|p1a: Dunsparce|Roost|p1a: Dunsparce\n|-heal|p1a: Dunsparce|246/312\n|-singleturn|p1a: Dunsparce|move: Roost\n|\n|-damage|p2a: Salamence|0 fnt|[from] psn\n|faint|p2a: Salamence\n|upkeep\n|\n|t:|1781466958\n|switch|p2a: Cinderace|Cinderace, L77, M|249/249\n|turn|24\n|\n|t:|1781466963\n|-terastallize|p1a: Dunsparce|Ghost\n|move|p2a: Cinderace|High Jump Kick|p1a: Dunsparce\n|-start|p2a: Cinderace|typechange|Fighting|[from] ability: Libero\n|-immune|p1a: Dunsparce\n|-damage|p2a: Cinderace|125/249|[from] highjumpkick\n|move|p1a: Dunsparce|Body Slam|p2a: Cinderace\n|-damage|p2a: Cinderace|32/249\n|\n|upkeep\n|turn|25\n|\n|t:|1781466973\n|switch|p2a: Arbok|Arbok, L87, M|228/246 par\n|-ability|p2a: Arbok|Intimidate|boost\n|-unboost|p1a: Dunsparce|atk|1\n|move|p1a: Dunsparce|Coil|p1a: Dunsparce\n|-boost|p1a: Dunsparce|atk|1\n|-boost|p1a: Dunsparce|def|1\n|-boost|p1a: Dunsparce|accuracy|1\n|\n|-heal|p2a: Arbok|243/246 par|[from] item: Leftovers\n|upkeep\n|turn|26\n|\n|t:|1781466981\n|move|p1a: Dunsparce|Coil|p1a: Dunsparce\n|-boost|p1a: Dunsparce|atk|1\n|-boost|p1a: Dunsparce|def|1\n|-boost|p1a: Dunsparce|accuracy|1\n|cant|p2a: Arbok|par\n|\n|-heal|p2a: Arbok|246/246 par|[from] item: Leftovers\n|upkeep\n|turn|27\n|\n|t:|1781466985\n|move|p1a: Dunsparce|Coil|p1a: Dunsparce\n|-boost|p1a: Dunsparce|atk|1\n|-boost|p1a: Dunsparce|def|1\n|-boost|p1a: Dunsparce|accuracy|1\n|move|p2a: Arbok|Coil|p2a: Arbok\n|-boost|p2a: Arbok|atk|1\n|-boost|p2a: Arbok|def|1\n|-boost|p2a: Arbok|accuracy|1\n|\n|upkeep\n|turn|28\n|\n|t:|1781466990\n|move|p2a: Arbok|Sucker Punch||[still]\n|-fail|p2a: Arbok\n|move|p1a: Dunsparce|Coil|p1a: Dunsparce\n|-boost|p1a: Dunsparce|atk|1\n|-boost|p1a: Dunsparce|def|1\n|-boost|p1a: Dunsparce|accuracy|1\n|\n|upkeep\n|turn|29\n|\n|t:|1781466994\n|move|p1a: Dunsparce|Earthquake|p2a: Arbok\n|-supereffective|p2a: Arbok\n|-damage|p2a: Arbok|8/246 par\n|cant|p2a: Arbok|par\n|\n|-heal|p2a: Arbok|23/246 par|[from] item: Leftovers\n|upkeep\n|turn|30\n|l| gjdjsjd111\n|\n|t:|1781467001\n|move|p1a: Dunsparce|Coil|p1a: Dunsparce\n|-boost|p1a: Dunsparce|atk|1\n|-boost|p1a: Dunsparce|def|1\n|-boost|p1a: Dunsparce|accuracy|1\n|move|p2a: Arbok|Gunk Shot|p1a: Dunsparce\n|-resisted|p1a: Dunsparce\n|-damage|p1a: Dunsparce|224/312\n|-status|p1a: Dunsparce|psn\n|\n|-heal|p2a: Arbok|38/246 par|[from] item: Leftovers\n|-damage|p1a: Dunsparce|185/312 psn|[from] psn\n|upkeep\n|turn|31\n|\n|t:|1781467008\n|cant|p2a: Arbok|par\n|move|p1a: Dunsparce|Coil|p1a: Dunsparce\n|-boost|p1a: Dunsparce|atk|1\n|-boost|p1a: Dunsparce|def|1\n|-boost|p1a: Dunsparce|accuracy|1\n|\n|-heal|p2a: Arbok|53/246 par|[from] item: Leftovers\n|-damage|p1a: Dunsparce|146/312 psn|[from] psn\n|upkeep\n|turn|32\n|\n|t:|1781467013\n|move|p2a: Arbok|Sucker Punch||[still]\n|-fail|p2a: Arbok\n|move|p1a: Dunsparce|Roost|p1a: Dunsparce\n|-heal|p1a: Dunsparce|302/312 psn\n|\n|-heal|p2a: Arbok|68/246 par|[from] item: Leftovers\n|-damage|p1a: Dunsparce|263/312 psn|[from] psn\n|upkeep\n|turn|33\n|\n|t:|1781467016\n|move|p2a: Arbok|Sucker Punch|p1a: Dunsparce\n|-supereffective|p1a: Dunsparce\n|-damage|p1a: Dunsparce|231/312 psn\n|move|p1a: Dunsparce|Body Slam|p2a: Arbok\n|-damage|p2a: Arbok|0 fnt\n|faint|p2a: Arbok\n|\n|-damage|p1a: Dunsparce|192/312 psn|[from] psn\n|upkeep\n|\n|t:|1781467022\n|switch|p2a: Gumshoos|Gumshoos, L95, M|321/321\n|turn|34\n|\n|t:|1781467026\n|move|p2a: Gumshoos|Knock Off|p1a: Dunsparce\n|-supereffective|p1a: Dunsparce\n|-damage|p1a: Dunsparce|136/312 psn\n|-enditem|p1a: Dunsparce|Eviolite|[from] move: Knock Off|[of] p2a: Gumshoos\n|move|p1a: Dunsparce|Body Slam|p2a: Gumshoos\n|-damage|p2a: Gumshoos|0 fnt\n|faint|p2a: Gumshoos\n|\n|-damage|p1a: Dunsparce|97/312 psn|[from] psn\n|upkeep\n|\n|t:|1781467032\n|switch|p2a: Cinderace|Cinderace, L77, M|32/249\n|turn|35\n|\n|t:|1781467037\n|move|p2a: Cinderace|Pyro Ball|p1a: Dunsparce\n|-damage|p1a: Dunsparce|60/312 psn\n|move|p1a: Dunsparce|Body Slam|p2a: Cinderace\n|-damage|p2a: Cinderace|0 fnt\n|faint|p2a: Cinderace\n|\n|win|Royher\n", "inputlog": ">version a8376a258c1d4662feba110a92103f3664a72141\n>start {\"formatid\":\"gen9randombattle\",\"seed\":\"sodium,276bc9e35bd7307cf6ca5535e2b42e15\",\"rated\":\"Rated battle\"}\n>player p1 {\"name\":\"Royher\",\"avatar\":\"zinzolin\",\"rating\":2084,\"seed\":\"sodium,73ac2572a1f372296f53df93ff309e61\"}\n>player p2 {\"name\":\"Mitchel531\",\"avatar\":\"266\",\"rating\":2060,\"seed\":\"sodium,da90c68e508e5bb3fc8fa4e98508b91a\"}\n>p1 move flipturn\n>p2 move coil\n>p1 switch 2\n>p1 move bodyslam\n>p2 move coil\n>p1 move coil\n>p2 move gunkshot\n>p1 move coil\n>p2 move gunkshot\n>p1 move coil\n>p2 move gunkshot\n>p1 move earthquake\n>p2 switch 2\n>p1 move bodyslam\n>p2 move encore\n>p1 move earthquake\n>p2 switch 3\n>p1 switch 3\n>p2 move quiverdance\n>p1 move calmmind\n>p2 move quiverdance\n>p1 move calmmind\n>p2 move hurricane\n>p1 move moongeistbeam\n>p2 move hurricane\n>p1 move moonlight\n>p2 move hurricane\n>p1 switch 4\n>p1 move thunderwave\n>p2 move revelationdance\n>p1 move thunderbolt\n>p2 move revelationdance\n>p2 switch 3\n>p1 move thunderbolt\n>p2 move psychicnoise\n>p2 switch 4\n>p1 move icebeam\n>p2 move outrage\n>p1 switch 2\n>p1 move toxic\n>p2 move outrage\n>p1 switch 5\n>p2 move outrage\n>p1 switch 5\n>p2 move dualwingbeat\n>p1 move painsplit\n>p2 move dualwingbeat\n>p1 switch 3\n>p1 move roost\n>p2 move outrage\n>p1 move roost\n>p2 move outrage\n>p2 switch 6\n>p1 move bodyslam terastallize\n>p2 move highjumpkick\n>p1 move coil\n>p2 switch 2\n>p1 move coil\n>p2 move coil\n>p1 move coil\n>p2 move coil\n>p1 move coil\n>p2 move suckerpunch\n>p1 move earthquake\n>p2 move coil\n>p1 move coil\n>p2 move gunkshot\n>p1 move coil\n>p2 move suckerpunch\n>p1 move roost\n>p2 move suckerpunch\n>p1 move bodyslam\n>p2 move suckerpunch\n>p2 switch 5\n>p1 move bodyslam\n>p2 move knockoff\n>p2 switch 2\n>p1 move bodyslam\n>p2 move pyroball", "uploadtime": 1781466699, "views": 5, "formatid": "gen9randombattle", "rating": null, "private": 0, "password": null}