{"id": "gen9randombattle-2631476361", "format": "[Gen 9] Random Battle", "players": ["Green Calf", "The Goomy"], "log": "|j|\u2606Green Calf\n|j|\u2606The Goomy\n|t:|1781389648\n|gametype|singles\n|player|p1|Green Calf|266|1920\n|player|p2|The Goomy|preschooler|1928\n|gen|9\n|tier|[Gen 9] Random Battle\n|rated|\n|rule|Species Clause: Limit one of each Pok\u00e9mon\n|rule|HP Percentage Mod: HP is shown in percentages\n|rule|Sleep Clause Mod: Limit one foe put to sleep\n|rule|Illusion Level Mod: Illusion disguises the Pok\u00e9mon's true level\n|\n|t:|1781389648\n|teamsize|p1|6\n|teamsize|p2|6\n|start\n|switch|p1a: Frosmoth|Frosmoth, L82, M|249/249\n|switch|p2a: Pincurchin|Pincurchin, F|258/258\n|-fieldstart|move: Electric Terrain|[from] ability: Electric Surge|[of] p2a: Pincurchin\n|turn|1\n|\n|t:|1781389675\n|switch|p1a: Umbreon|Umbreon, L84, F|297/297\n|move|p2a: Pincurchin|Zing Zap|p1a: Umbreon\n|-damage|p1a: Umbreon|155/297\n|\n|-heal|p1a: Umbreon|173/297|[from] item: Leftovers\n|upkeep\n|turn|2\n|\n|t:|1781389690\n|switch|p2a: Zacian|Zacian, L69|241/241\n|-ability|p2a: Zacian|Intrepid Sword|boost\n|-boost|p2a: Zacian|atk|1\n|move|p1a: Umbreon|Protect||[still]\n|-fail|p1a: Umbreon\n|\n|-heal|p1a: Umbreon|191/297|[from] item: Leftovers\n|upkeep\n|turn|3\n|\n|t:|1781389694\n|switch|p1a: Overqwil|Overqwil, L82, F|274/274\n|-ability|p1a: Overqwil|Intimidate|boost\n|-unboost|p2a: Zacian|atk|1\n|move|p2a: Zacian|Play Rough|p1a: Overqwil\n|-damage|p1a: Overqwil|156/274\n|\n|upkeep\n|turn|4\n|\n|t:|1781389698\n|switch|p2a: Quagsire|Quagsire, L84, F|297/297\n|move|p1a: Overqwil|Gunk Shot|p2a: Quagsire|[miss]\n|-miss|p1a: Overqwil|p2a: Quagsire\n|\n|upkeep\n|turn|5\n|\n|t:|1781389733\n|switch|p1a: Gumshoos|Gumshoos, L95, F|321/321\n|move|p2a: Quagsire|Spikes|p1a: Gumshoos\n|-sidestart|p1: Green Calf|Spikes\n|\n|-fieldend|move: Electric Terrain\n|upkeep\n|turn|6\n|\n|t:|1781389743\n|switch|p2a: Annihilape|Annihilape, L76, F|292/292\n|move|p1a: Gumshoos|Double-Edge|p2a: Annihilape\n|-immune|p2a: Annihilape\n|\n|upkeep\n|turn|7\n|\n|t:|1781389753\n|switch|p1a: Overqwil|Overqwil, L82, F|156/274\n|-damage|p1a: Overqwil|122/274|[from] Spikes\n|-ability|p1a: Overqwil|Intimidate|boost\n|-unboost|p2a: Annihilape|atk|1\n|-ability|p2a: Annihilape|Defiant|boost\n|-boost|p2a: Annihilape|atk|2\n|move|p2a: Annihilape|Drain Punch|p1a: Overqwil\n|-damage|p1a: Overqwil|19/274\n|\n|upkeep\n|turn|8\n|\n|t:|1781389766\n|switch|p2a: Zacian|Zacian, L69|241/241\n|move|p1a: Overqwil|Crunch|p2a: Zacian\n|-resisted|p2a: Zacian\n|-damage|p2a: Zacian|183/241\n|-unboost|p2a: Zacian|def|1\n|-damage|p1a: Overqwil|0 fnt|[from] item: Life Orb\n|faint|p1a: Overqwil\n|\n|upkeep\n|\n|t:|1781389788\n|switch|p1a: Magearna|Magearna-Original, L77|250/250\n|-damage|p1a: Magearna|219/250|[from] Spikes\n|turn|9\n|\n|t:|1781389797\n|move|p2a: Zacian|Close Combat|p1a: Magearna\n|-damage|p1a: Magearna|132/250\n|-unboost|p2a: Zacian|def|1\n|-unboost|p2a: Zacian|spd|1\n|move|p1a: Magearna|Flash Cannon|p2a: Zacian\n|-supereffective|p2a: Zacian\n|-damage|p2a: Zacian|0 fnt\n|faint|p2a: Zacian\n|-ability|p1a: Magearna|Soul-Heart|boost\n|-boost|p1a: Magearna|spa|1\n|\n|-heal|p1a: Magearna|147/250|[from] item: Leftovers\n|upkeep\n|\n|t:|1781389799\n|switch|p2a: Incineroar|Incineroar, L82, F|290/290\n|-ability|p2a: Incineroar|Intimidate|boost\n|-unboost|p1a: Magearna|atk|1\n|turn|10\n|\n|t:|1781389820\n|-terastallize|p1a: Magearna|Water\n|move|p2a: Incineroar|Flare Blitz|p1a: Magearna\n|-resisted|p1a: Magearna\n|-damage|p1a: Magearna|84/250\n|-damage|p2a: Incineroar|269/290|[from] Recoil\n|move|p1a: Magearna|Pain Split|p2a: Incineroar\n|-sethp|p2a: Incineroar|176/290|[from] move: Pain Split|[silent]\n|-sethp|p1a: Magearna|176/250|[from] move: Pain Split\n|\n|-heal|p1a: Magearna|191/250|[from] item: Leftovers\n|upkeep\n|turn|11\n|\n|t:|1781389826\n|move|p2a: Incineroar|Knock Off|p1a: Magearna\n|-damage|p1a: Magearna|95/250\n|-enditem|p1a: Magearna|Leftovers|[from] move: Knock Off|[of] p2a: Incineroar\n|move|p1a: Magearna|Aura Sphere|p2a: Incineroar\n|-supereffective|p2a: Incineroar\n|-damage|p2a: Incineroar|0 fnt\n|faint|p2a: Incineroar\n|-ability|p1a: Magearna|Soul-Heart|boost\n|-boost|p1a: Magearna|spa|1\n|\n|upkeep\n|\n|t:|1781389833\n|switch|p2a: Decidueye|Decidueye-Hisui, L87, M|295/295\n|turn|12\n|\n|t:|1781389841\n|move|p2a: Decidueye|Leaf Blade|p1a: Magearna\n|-supereffective|p1a: Magearna\n|-damage|p1a: Magearna|0 fnt\n|faint|p1a: Magearna\n|\n|upkeep\n|\n|t:|1781389844\n|switch|p1a: Raichu|Raichu-Alola, L87, F|246/246\n|-damage|p1a: Raichu|216/246|[from] Spikes\n|turn|13\n|\n|t:|1781389856\n|move|p1a: Raichu|Psyshock|p2a: Decidueye\n|-supereffective|p2a: Decidueye\n|-damage|p2a: Decidueye|25/295\n|move|p2a: Decidueye|U-turn|p1a: Raichu\n|-supereffective|p1a: Raichu\n|-damage|p1a: Raichu|56/246\n|\n|t:|1781389860\n|switch|p2a: Quagsire|Quagsire, L84, F|297/297|[from] U-turn\n|\n|upkeep\n|turn|14\n|\n|t:|1781389881\n|switch|p1a: Gumshoos|Gumshoos, L95, F|321/321\n|-damage|p1a: Gumshoos|281/321|[from] Spikes\n|move|p2a: Quagsire|Earthquake|p1a: Gumshoos\n|-damage|p1a: Gumshoos|170/321\n|\n|upkeep\n|turn|15\n|\n|t:|1781389890\n|switch|p2a: Decidueye|Decidueye-Hisui, L87, M|25/295\n|move|p1a: Gumshoos|Knock Off|p2a: Decidueye\n|-resisted|p2a: Decidueye\n|-damage|p2a: Decidueye|0 fnt\n|-enditem|p2a: Decidueye|Leftovers|[from] move: Knock Off|[of] p1a: Gumshoos\n|faint|p2a: Decidueye\n|\n|upkeep\n|\n|t:|1781389894\n|switch|p2a: Annihilape|Annihilape, L76, F|292/292\n|turn|16\n|\n|t:|1781389899\n|switch|p1a: Umbreon|Umbreon, L84, F|191/297\n|-damage|p1a: Umbreon|154/297|[from] Spikes\n|move|p2a: Annihilape|Bulk Up|p2a: Annihilape\n|-boost|p2a: Annihilape|atk|1\n|-boost|p2a: Annihilape|def|1\n|\n|-heal|p1a: Umbreon|172/297|[from] item: Leftovers\n|upkeep\n|turn|17\n|\n|t:|1781389913\n|move|p2a: Annihilape|Taunt|p1a: Umbreon\n|-start|p1a: Umbreon|move: Taunt\n|cant|p1a: Umbreon|move: Taunt|Toxic\n|\n|-heal|p1a: Umbreon|190/297|[from] item: Leftovers\n|upkeep\n|turn|18\n|\n|t:|1781389919\n|move|p2a: Annihilape|Bulk Up|p2a: Annihilape\n|-boost|p2a: Annihilape|atk|1\n|-boost|p2a: Annihilape|def|1\n|move|p1a: Umbreon|Foul Play|p2a: Annihilape\n|-damage|p2a: Annihilape|169/292\n|\n|-heal|p2a: Annihilape|187/292|[from] item: Leftovers\n|-heal|p1a: Umbreon|208/297|[from] item: Leftovers\n|upkeep\n|turn|19\n|\n|t:|1781389921\n|move|p2a: Annihilape|Drain Punch|p1a: Umbreon\n|-supereffective|p1a: Umbreon\n|-damage|p1a: Umbreon|0 fnt\n|-heal|p2a: Annihilape|291/292|[from] drain|[of] p1a: Umbreon\n|faint|p1a: Umbreon\n|\n|-heal|p2a: Annihilape|292/292|[from] item: Leftovers\n|upkeep\n|\n|t:|1781389925\n|switch|p1a: Raichu|Raichu-Alola, L87, F|56/246\n|-damage|p1a: Raichu|26/246|[from] Spikes\n|turn|20\n|\n|t:|1781389930\n|move|p1a: Raichu|Alluring Voice|p2a: Annihilape\n|-supereffective|p2a: Annihilape\n|-damage|p2a: Annihilape|112/292\n|move|p2a: Annihilape|Drain Punch|p1a: Raichu\n|-resisted|p1a: Raichu\n|-damage|p1a: Raichu|0 fnt\n|-heal|p2a: Annihilape|125/292|[from] drain|[of] p1a: Raichu\n|faint|p1a: Raichu\n|\n|-heal|p2a: Annihilape|143/292|[from] item: Leftovers\n|upkeep\n|-message|Green Calf forfeited.\n|\n|win|The Goomy\n", "inputlog": ">version a8376a258c1d4662feba110a92103f3664a72141\n>start {\"formatid\":\"gen9randombattle\",\"seed\":\"sodium,24af90a932b5afd1ea7669db5c28056d\",\"rated\":\"Rated battle\"}\n>player p1 {\"name\":\"Green Calf\",\"avatar\":\"266\",\"rating\":1920,\"seed\":\"sodium,55151a41cf5a32bdef9e7f55cd6dda06\"}\n>player p2 {\"name\":\"The Goomy\",\"avatar\":\"preschooler\",\"rating\":1928,\"seed\":\"sodium,67a7a1e3b8985d00701ba6511e50d02d\"}\n>p1 switch 3\n>p2 move zingzap\n>p1 move protect\n>p2 switch 3\n>p1 switch 2\n>p2 move playrough\n>p1 move gunkshot\n>p2 switch 2\n>p1 switch 5\n>p2 move spikes\n>p1 move doubleedge\n>p2 switch 5\n>p1 switch 5\n>p2 move drainpunch\n>p1 move crunch\n>p2 switch 2\n>p1 switch 4\n>p1 move flashcannon\n>p2 move closecombat\n>p2 switch 4\n>p1 move painsplit terastallize\n>p2 move flareblitz\n>p1 move aurasphere\n>p2 move knockoff\n>p2 switch 6\n>p1 move fleurcannon\n>p2 move leafblade\n>p1 switch 6\n>p1 move psyshock\n>p2 move uturn\n>p2 switch 5\n>p1 switch 5\n>p2 move earthquake\n>p1 move knockoff\n>p2 switch 5\n>p2 switch 2\n>p1 switch 2\n>p2 move bulkup\n>p1 move toxic\n>p2 move taunt\n>p1 move foulplay\n>p2 move bulkup\n>p1 move foulplay\n>p2 move drainpunch\n>p1 switch 5\n>p1 move alluringvoice\n>p2 move drainpunch\n>forcelose p1", "uploadtime": 1781389650, "views": 4, "formatid": "gen9randombattle", "rating": null, "private": 0, "password": null}