{"id": "gen9randombattle-2631843066", "format": "[Gen 9] Random Battle", "players": ["PTSree", "TandemUnicycle"], "log": "|j|\u2606PTSree\n|j|\u2606TandemUnicycle\n|t:|1781447124\n|gametype|singles\n|player|p1|PTSree|1|1982\n|player|p2|TandemUnicycle|grimsley|1920\n|gen|9\n|tier|[Gen 9] Random Battle\n|rated|\n|rule|Species Clause: Limit one of each Pok\u00e9mon\n|rule|HP Percentage Mod: HP is shown in percentages\n|rule|Sleep Clause Mod: Limit one foe put to sleep\n|rule|Illusion Level Mod: Illusion disguises the Pok\u00e9mon's true level\n|\n|t:|1781447124\n|teamsize|p1|6\n|teamsize|p2|6\n|start\n|switch|p1a: Scyther|Scyther, L82, M|249/249\n|switch|p2a: Cobalion|Cobalion, L80|277/277\n|turn|1\n|inactive|Battle timer is ON: inactive players will automatically lose when time's up. (requested by PTSree)\n|\n|t:|1781447143\n|switch|p1a: Gliscor|Gliscor, L76, F|239/239\n|move|p2a: Cobalion|Calm Mind|p2a: Cobalion\n|-boost|p2a: Cobalion|spa|1\n|-boost|p2a: Cobalion|spd|1\n|\n|-status|p1a: Gliscor|tox|[from] item: Toxic Orb\n|upkeep\n|turn|2\n|\n|t:|1781447164\n|switch|p1a: Ceruledge|Ceruledge, L78, M|245/245\n|move|p2a: Cobalion|Flash Cannon|p1a: Ceruledge\n|-resisted|p1a: Ceruledge\n|-damage|p1a: Ceruledge|195/245\n|\n|upkeep\n|turn|3\n|\n|t:|1781447175\n|switch|p2a: Regirock|Regirock, L83|268/268\n|move|p1a: Ceruledge|Bitter Blade|p2a: Regirock\n|-resisted|p2a: Regirock\n|-damage|p2a: Regirock|244/268\n|-heal|p1a: Ceruledge|207/245|[from] drain|[of] p2a: Regirock\n|\n|upkeep\n|turn|4\n|\n|t:|1781447193\n|switch|p1a: Gliscor|Gliscor, L76, F|239/239 tox\n|move|p2a: Regirock|Iron Defense|p2a: Regirock\n|-boost|p2a: Regirock|def|2\n|\n|upkeep\n|turn|5\n|\n|t:|1781447203\n|move|p1a: Gliscor|Knock Off|p2a: Regirock\n|-damage|p2a: Regirock|229/268\n|-enditem|p2a: Regirock|Chesto Berry|[from] move: Knock Off|[of] p1a: Gliscor\n|move|p2a: Regirock|Iron Defense|p2a: Regirock\n|-boost|p2a: Regirock|def|2\n|\n|upkeep\n|turn|6\n|\n|t:|1781447232\n|move|p1a: Gliscor|Toxic Spikes|p2a: Regirock\n|-sidestart|p2: TandemUnicycle|move: Toxic Spikes\n|move|p2a: Regirock|Iron Defense|p2a: Regirock\n|-boost|p2a: Regirock|def|2\n|\n|upkeep\n|turn|7\n|inactive|PTSree has 120 seconds left.\n|\n|t:|1781447248\n|switch|p1a: Florges|Florges, L85, F|271/271\n|move|p2a: Regirock|Body Press|p1a: Florges\n|-resisted|p1a: Florges\n|-damage|p1a: Florges|19/271\n|\n|-heal|p1a: Florges|35/271|[from] item: Leftovers\n|upkeep\n|turn|8\n|\n|t:|1781447258\n|move|p1a: Florges|Moonblast|p2a: Regirock\n|-damage|p2a: Regirock|124/268\n|move|p2a: Regirock|Body Press|p1a: Florges\n|-resisted|p1a: Florges\n|-damage|p1a: Florges|0 fnt\n|faint|p1a: Florges\n|\n|upkeep\n|inactive|PTSree has 120 seconds left.\n|\n|t:|1781447279\n|switch|p1a: Zamazenta|Zamazenta-Crowned, L68|238/238\n|-ability|p1a: Zamazenta|Dauntless Shield|boost\n|-boost|p1a: Zamazenta|def|1\n|turn|9\n|inactive|PTSree has 120 seconds left.\n|\n|t:|1781447288\n|-terastallize|p1a: Zamazenta|Ghost\n|-terastallize|p2a: Regirock|Fighting\n|move|p1a: Zamazenta|Iron Defense|p1a: Zamazenta\n|-boost|p1a: Zamazenta|def|2\n|move|p2a: Regirock|Body Press|p1a: Zamazenta\n|-immune|p1a: Zamazenta\n|\n|upkeep\n|turn|10\n|inactive|PTSree has 120 seconds left.\n|\n|t:|1781447303\n|move|p1a: Zamazenta|Body Press|p2a: Regirock\n|-damage|p2a: Regirock|99/268\n|move|p2a: Regirock|Stone Edge|p1a: Zamazenta\n|-damage|p1a: Zamazenta|199/238\n|\n|upkeep\n|turn|11\n|\n|t:|1781447312\n|move|p1a: Zamazenta|Iron Defense|p1a: Zamazenta\n|-boost|p1a: Zamazenta|def|2\n|move|p2a: Regirock|Rest|p2a: Regirock\n|-status|p2a: Regirock|slp|[from] move: Rest\n|-heal|p2a: Regirock|268/268 slp|[silent]\n|\n|upkeep\n|turn|12\n|\n|t:|1781447316\n|move|p1a: Zamazenta|Iron Defense|p1a: Zamazenta\n|-boost|p1a: Zamazenta|def|1\n|cant|p2a: Regirock|slp\n|\n|upkeep\n|turn|13\n|\n|t:|1781447324\n|move|p1a: Zamazenta|Body Press|p2a: Regirock\n|-damage|p2a: Regirock|228/268 slp\n|cant|p2a: Regirock|slp\n|\n|upkeep\n|turn|14\n|\n|t:|1781447330\n|move|p1a: Zamazenta|Heavy Slam|p2a: Regirock\n|-crit|p2a: Regirock\n|-damage|p2a: Regirock|171/268 slp\n|-curestatus|p2a: Regirock|slp|[msg]\n|move|p2a: Regirock|Stone Edge|p1a: Zamazenta\n|-damage|p1a: Zamazenta|174/238\n|\n|upkeep\n|turn|15\n|\n|t:|1781447338\n|move|p1a: Zamazenta|Heavy Slam|p2a: Regirock\n|-damage|p2a: Regirock|161/268\n|move|p2a: Regirock|Stone Edge|p1a: Zamazenta\n|-damage|p1a: Zamazenta|149/238\n|\n|upkeep\n|turn|16\n|\n|t:|1781447344\n|move|p1a: Zamazenta|Body Press|p2a: Regirock\n|-damage|p2a: Regirock|116/268\n|move|p2a: Regirock|Stone Edge|p1a: Zamazenta\n|-damage|p1a: Zamazenta|124/238\n|\n|upkeep\n|turn|17\n|\n|t:|1781447355\n|move|p1a: Zamazenta|Body Press|p2a: Regirock\n|-damage|p2a: Regirock|77/268\n|move|p2a: Regirock|Rest|p2a: Regirock\n|-status|p2a: Regirock|slp|[from] move: Rest\n|-heal|p2a: Regirock|268/268 slp|[silent]\n|\n|upkeep\n|turn|18\n|\n|t:|1781447361\n|move|p1a: Zamazenta|Body Press|p2a: Regirock\n|-damage|p2a: Regirock|229/268 slp\n|cant|p2a: Regirock|slp\n|\n|upkeep\n|turn|19\n|\n|t:|1781447366\n|move|p1a: Zamazenta|Heavy Slam|p2a: Regirock\n|-damage|p2a: Regirock|219/268 slp\n|cant|p2a: Regirock|slp\n|\n|upkeep\n|turn|20\n|\n|t:|1781447371\n|move|p1a: Zamazenta|Heavy Slam|p2a: Regirock\n|-damage|p2a: Regirock|209/268 slp\n|-curestatus|p2a: Regirock|slp|[msg]\n|move|p2a: Regirock|Stone Edge|p1a: Zamazenta\n|-crit|p1a: Zamazenta\n|-damage|p1a: Zamazenta|0 fnt\n|faint|p1a: Zamazenta\n|\n|upkeep\n|-message|PTSree forfeited.\n|\n|win|TandemUnicycle\n", "inputlog": ">version a8376a258c1d4662feba110a92103f3664a72141\n>start {\"formatid\":\"gen9randombattle\",\"seed\":\"sodium,caf3b93dfa912ce1fa48e078266b460f\",\"rated\":\"Rated battle\"}\n>player p1 {\"name\":\"PTSree\",\"avatar\":\"1\",\"rating\":1982,\"seed\":\"sodium,3009ae0f731ed3e6a5d5731c22861e6c\"}\n>player p2 {\"name\":\"TandemUnicycle\",\"avatar\":\"grimsley\",\"rating\":1920,\"seed\":\"sodium,ec79e011365906e9debd2cbdb577ef35\"}\n>p1 switch 6\n>p2 move calmmind\n>p1 switch 4\n>p2 move flashcannon\n>p1 move bitterblade\n>p2 switch 6\n>p1 switch 4\n>p2 move irondefense\n>p1 move knockoff\n>p2 move irondefense\n>p1 move toxicspikes\n>p2 move irondefense\n>p1 switch 5\n>p2 move bodypress\n>p1 move moonblast\n>p2 move bodypress\n>p1 switch 2\n>p1 move irondefense terastallize\n>p2 move bodypress terastallize\n>p1 move bodypress\n>p2 move stoneedge\n>p1 move irondefense\n>p2 move rest\n>p1 move irondefense\n>p2 move stoneedge\n>p1 move bodypress\n>p2 move stoneedge\n>p1 move heavyslam\n>p2 move stoneedge\n>p1 move heavyslam\n>p2 move stoneedge\n>p1 move bodypress\n>p2 move stoneedge\n>p1 move bodypress\n>p2 move rest\n>p1 move bodypress\n>p2 move stoneedge\n>p1 move heavyslam\n>p2 move stoneedge\n>p1 move heavyslam\n>p2 move stoneedge\n>forcelose p1", "uploadtime": 1781447126, "views": 8, "formatid": "gen9randombattle", "rating": null, "private": 0, "password": null}