{"id": "gen9randombattle-2631369343", "format": "[Gen 9] Random Battle", "players": ["Chicken347", "cococem"], "log": "|j|\u2606Chicken347\n|j|\u2606cococem\n|t:|1781376557\n|gametype|singles\n|player|p1|Chicken347|266|1999\n|player|p2|cococem|hilbert-wonderlauncher|2068\n|gen|9\n|tier|[Gen 9] Random Battle\n|rated|\n|rule|Species Clause: Limit one of each Pok\u00e9mon\n|rule|HP Percentage Mod: HP is shown in percentages\n|rule|Sleep Clause Mod: Limit one foe put to sleep\n|rule|Illusion Level Mod: Illusion disguises the Pok\u00e9mon's true level\n|\n|t:|1781376557\n|teamsize|p1|6\n|teamsize|p2|6\n|start\n|switch|p1a: Munkidori|Munkidori, L79, M|269/269\n|switch|p2a: Donphan|Donphan, L84, F|288/288\n|turn|1\n|\n|t:|1781376571\n|move|p1a: Munkidori|U-turn|p2a: Donphan\n|-damage|p2a: Donphan|257/288\n|\n|t:|1781376578\n|switch|p1a: Bombirdier|Bombirdier, L85, F|258/258|[from] U-turn\n|move|p2a: Donphan|Stealth Rock|p1a: Bombirdier\n|-sidestart|p1: Chicken347|move: Stealth Rock\n|\n|-heal|p2a: Donphan|275/288|[from] item: Leftovers\n|upkeep\n|turn|2\n|\n|t:|1781376586\n|move|p2a: Donphan|Ice Shard|p1a: Bombirdier\n|-supereffective|p1a: Bombirdier\n|-damage|p1a: Bombirdier|194/258\n|move|p1a: Bombirdier|U-turn|p2a: Donphan\n|-damage|p2a: Donphan|231/288\n|\n|t:|1781376595\n|switch|p1a: Tatsugiri|Tatsugiri, L87, M|260/260|[from] U-turn\n|\n|-heal|p2a: Donphan|249/288|[from] item: Leftovers\n|upkeep\n|turn|3\n|\n|t:|1781376599\n|move|p1a: Tatsugiri|Rapid Spin|p2a: Donphan\n|-damage|p2a: Donphan|231/288\n|-boost|p1a: Tatsugiri|spe|1\n|-sideend|p1: Chicken347|Stealth Rock|[from] move: Rapid Spin|[of] p1a: Tatsugiri\n|move|p2a: Donphan|Earthquake|p1a: Tatsugiri\n|-damage|p1a: Tatsugiri|88/260\n|\n|-heal|p2a: Donphan|249/288|[from] item: Leftovers\n|upkeep\n|turn|4\n|\n|t:|1781376602\n|switch|p2a: Illumise|Illumise, L91, F|266/266\n|move|p1a: Tatsugiri|Surf|p2a: Illumise\n|-damage|p2a: Illumise|158/266\n|\n|upkeep\n|turn|5\n|\n|t:|1781376609\n|move|p1a: Tatsugiri|Draco Meteor|p2a: Illumise\n|-damage|p2a: Illumise|0 fnt\n|-unboost|p1a: Tatsugiri|spa|2\n|faint|p2a: Illumise\n|\n|upkeep\n|\n|t:|1781376614\n|switch|p2a: Scovillain|Scovillain, L91, F|266/266\n|turn|6\n|\n|t:|1781376627\n|switch|p1a: Munkidori|Munkidori, L79, M|269/269\n|move|p2a: Scovillain|Sunny Day|p2a: Scovillain\n|-weather|SunnyDay\n|\n|-weather|SunnyDay|[upkeep]\n|upkeep\n|turn|7\n|\n|t:|1781376634\n|switch|p2a: Donphan|Donphan, L84, F|249/288\n|move|p1a: Munkidori|Sludge Wave|p2a: Donphan\n|-resisted|p2a: Donphan\n|-damage|p2a: Donphan|135/288\n|\n|-weather|SunnyDay|[upkeep]\n|-heal|p2a: Donphan|153/288|[from] item: Leftovers\n|upkeep\n|turn|8\n|\n|t:|1781376659\n|switch|p1a: Toucannon|Toucannon, L88, F|284/284\n|move|p2a: Donphan|Earthquake|p1a: Toucannon\n|-immune|p1a: Toucannon\n|\n|-weather|SunnyDay|[upkeep]\n|-heal|p2a: Donphan|171/288|[from] item: Leftovers\n|upkeep\n|turn|9\n|\n|t:|1781376668\n|move|p1a: Toucannon|Boomburst|p2a: Donphan\n|-damage|p2a: Donphan|6/288\n|move|p2a: Donphan|Stealth Rock|p1a: Toucannon\n|-sidestart|p1: Chicken347|move: Stealth Rock\n|\n|-weather|SunnyDay|[upkeep]\n|-heal|p2a: Donphan|24/288|[from] item: Leftovers\n|upkeep\n|turn|10\n|\n|t:|1781376672\n|move|p2a: Donphan|Ice Shard|p1a: Toucannon\n|-supereffective|p1a: Toucannon\n|-damage|p1a: Toucannon|204/284\n|move|p1a: Toucannon|Boomburst|p2a: Donphan\n|-damage|p2a: Donphan|0 fnt\n|faint|p2a: Donphan\n|\n|-weather|none\n|upkeep\n|\n|t:|1781376674\n|switch|p2a: Minun|Minun, L95, F|268/268\n|turn|11\n|\n|t:|1781376680\n|move|p2a: Minun|Nasty Plot|p2a: Minun\n|-boost|p2a: Minun|spa|2\n|move|p1a: Toucannon|Boomburst|p2a: Minun\n|-damage|p2a: Minun|151/268\n|\n|upkeep\n|turn|12\n|\n|t:|1781376693\n|move|p2a: Minun|Thunderbolt|p1a: Toucannon\n|-supereffective|p1a: Toucannon\n|-damage|p1a: Toucannon|0 fnt\n|faint|p1a: Toucannon\n|-damage|p2a: Minun|125/268|[from] item: Life Orb\n|\n|upkeep\n|\n|t:|1781376709\n|switch|p1a: Bombirdier|Bombirdier, L85, F|194/258\n|-damage|p1a: Bombirdier|130/258|[from] Stealth Rock\n|turn|13\n|\n|t:|1781376716\n|move|p1a: Bombirdier|Knock Off|p2a: Minun\n|-damage|p2a: Minun|0 fnt\n|-enditem|p2a: Minun|Life Orb|[from] move: Knock Off|[of] p1a: Bombirdier\n|faint|p2a: Minun\n|\n|upkeep\n|\n|t:|1781376717\n|switch|p2a: Electrode|Electrode-Hisui, L87|246/246\n|turn|14\n|\n|t:|1781376731\n|move|p2a: Electrode|Thunderbolt|p1a: Bombirdier\n|-supereffective|p1a: Bombirdier\n|-damage|p1a: Bombirdier|0 fnt\n|faint|p1a: Bombirdier\n|-damage|p2a: Electrode|222/246|[from] item: Life Orb\n|\n|upkeep\n|\n|t:|1781376734\n|switch|p1a: Flapple|Flapple, L88, F|266/266\n|-damage|p1a: Flapple|233/266|[from] Stealth Rock\n|turn|15\n|\n|t:|1781376746\n|move|p2a: Electrode|Thunder Wave|p1a: Flapple\n|-status|p1a: Flapple|par\n|move|p1a: Flapple|U-turn|p2a: Electrode|[miss]\n|-miss|p1a: Flapple|p2a: Electrode\n|\n|upkeep\n|turn|16\n|\n|t:|1781376751\n|move|p2a: Electrode|Volt Switch|p1a: Flapple\n|-resisted|p1a: Flapple\n|-damage|p1a: Flapple|208/266 par\n|-damage|p2a: Electrode|198/246|[from] item: Life Orb\n|\n|t:|1781376752\n|switch|p2a: Scovillain|Scovillain, L91, F|266/266|[from] Volt Switch\n|move|p1a: Flapple|U-turn|p2a: Scovillain\n|-crit|p2a: Scovillain\n|-damage|p2a: Scovillain|21/266\n|\n|t:|1781376760\n|switch|p1a: Tatsugiri|Tatsugiri, L87, M|88/260|[from] U-turn\n|\n|upkeep\n|turn|17\n|\n|t:|1781376763\n|switch|p2a: Electrode|Electrode-Hisui, L87|198/246\n|move|p1a: Tatsugiri|Rapid Spin|p2a: Electrode\n|-damage|p2a: Electrode|173/246\n|-boost|p1a: Tatsugiri|spe|1\n|-sideend|p1: Chicken347|Stealth Rock|[from] move: Rapid Spin|[of] p1a: Tatsugiri\n|\n|upkeep\n|turn|18\n|\n|t:|1781376782\n|move|p2a: Electrode|Volt Switch|p1a: Tatsugiri\n|-damage|p1a: Tatsugiri|10/260\n|-damage|p2a: Electrode|149/246|[from] item: Life Orb\n|\n|t:|1781376791\n|switch|p2a: Scovillain|Scovillain, L91, F|21/266|[from] Volt Switch\n|move|p1a: Tatsugiri|Draco Meteor|p2a: Scovillain\n|-damage|p2a: Scovillain|0 fnt\n|-unboost|p1a: Tatsugiri|spa|2\n|faint|p2a: Scovillain\n|\n|upkeep\n|\n|t:|1781376793\n|switch|p2a: Haxorus|Haxorus, L77, F|244/244\n|-ability|p2a: Haxorus|Mold Breaker\n|turn|19\n|\n|t:|1781376806\n|-terastallize|p2a: Haxorus|Steel\n|move|p1a: Tatsugiri|Draco Meteor|p2a: Haxorus\n|-resisted|p2a: Haxorus\n|-damage|p2a: Haxorus|185/244\n|-unboost|p1a: Tatsugiri|spa|2\n|move|p2a: Haxorus|Dragon Dance|p2a: Haxorus\n|-boost|p2a: Haxorus|atk|1\n|-boost|p2a: Haxorus|spe|1\n|\n|upkeep\n|turn|20\n|\n|t:|1781376817\n|switch|p1a: Munkidori|Munkidori, L79, M|269/269\n|move|p2a: Haxorus|Earthquake|p1a: Munkidori\n|-supereffective|p1a: Munkidori\n|-damage|p1a: Munkidori|0 fnt\n|faint|p1a: Munkidori\n|\n|upkeep\n|\n|t:|1781376829\n|switch|p1a: Reuniclus|Reuniclus, L88, M|337/337\n|turn|21\n|\n|t:|1781376832\n|-terastallize|p1a: Reuniclus|Steel\n|move|p2a: Haxorus|Iron Head|p1a: Reuniclus\n|-resisted|p1a: Reuniclus\n|-crit|p1a: Reuniclus\n|-damage|p1a: Reuniclus|208/337\n|move|p1a: Reuniclus|Focus Blast|p2a: Haxorus\n|-supereffective|p2a: Haxorus\n|-damage|p2a: Haxorus|0 fnt\n|faint|p2a: Haxorus\n|\n|upkeep\n|\n|t:|1781376834\n|switch|p2a: Electrode|Electrode-Hisui, L87|149/246\n|turn|22\n|-message|cococem forfeited.\n|\n|win|Chicken347\n|raw|Chicken347's rating: 1999 &rarr; <strong>2024</strong><br />(+25 for winning)\n|raw|cococem's rating: 2090 &rarr; <strong>2065</strong><br />(-25 for losing)\n", "inputlog": ">version a8376a258c1d4662feba110a92103f3664a72141\n>start {\"formatid\":\"gen9randombattle\",\"seed\":\"sodium,feeef54cb5a4c6218ba548bdb2fa5de8\",\"rated\":\"Rated battle\"}\n>player p1 {\"name\":\"Chicken347\",\"avatar\":\"266\",\"rating\":1999,\"seed\":\"sodium,01a60b44be91519574f1d15c9bdcde65\"}\n>player p2 {\"name\":\"cococem\",\"avatar\":\"hilbert-wonderlauncher\",\"rating\":2068,\"seed\":\"sodium,5c4bbfdac790d59f275bf36f0c7ba16f\"}\n>p1 move uturn\n>p2 move stealthrock\n>p1 switch 2\n>p1 move uturn\n>p2 move iceshard\n>p1 switch 6\n>p1 move rapidspin\n>p2 move earthquake\n>p1 move surf\n>p2 switch 5\n>p1 move dracometeor\n>p2 move bugbuzz\n>p2 switch 3\n>p1 switch 2\n>p2 move sunnyday\n>p1 move sludgewave\n>p2 switch 5\n>p1 switch 3\n>p2 move earthquake\n>p1 move boomburst\n>p2 move stealthrock\n>p1 move boomburst\n>p2 move iceshard\n>p2 switch 4\n>p1 move boomburst\n>p2 move nastyplot\n>p1 move boomburst\n>p2 move thunderbolt\n>p1 switch 6\n>p1 move knockoff\n>p2 move thunderbolt\n>p2 switch 6\n>p1 move knockoff\n>p2 move thunderbolt\n>p1 switch 5\n>p1 move uturn\n>p2 move thunderwave\n>p1 move uturn\n>p2 move voltswitch\n>p2 switch 5\n>p1 switch 2\n>p1 move rapidspin\n>p2 switch 5\n>p1 move dracometeor\n>p2 move voltswitch\n>p2 switch 5\n>p2 switch 2\n>p1 move dracometeor\n>p2 move dragondance terastallize\n>p1 switch 3\n>p2 move earthquake\n>p1 switch 4\n>p1 move focusblast terastallize\n>p2 move ironhead\n>p2 switch 5\n>forcelose p2", "uploadtime": 1781376559, "views": 10, "formatid": "gen9randombattle", "rating": 2024, "private": 0, "password": null}