{"id": "gen9randombattle-2631406913", "format": "[Gen 9] Random Battle", "players": ["marper8", "BlueRay_04"], "log": "|j|\u2606marper8\n|j|\u2606BlueRay_04\n|t:|1781380890\n|gametype|singles\n|player|p1|marper8|102|2205\n|player|p2|BlueRay_04|bianca|2145\n|gen|9\n|tier|[Gen 9] Random Battle\n|rated|\n|rule|Species Clause: Limit one of each Pok\u00e9mon\n|rule|HP Percentage Mod: HP is shown in percentages\n|rule|Sleep Clause Mod: Limit one foe put to sleep\n|rule|Illusion Level Mod: Illusion disguises the Pok\u00e9mon's true level\n|\n|t:|1781380890\n|teamsize|p1|6\n|teamsize|p2|6\n|start\n|switch|p1a: Meganium|Meganium, L90, F|290/290\n|switch|p2a: Snorlax|Snorlax, L82, M|397/397\n|turn|1\n|inactive|Battle timer is ON: inactive players will automatically lose when time's up. (requested by BlueRay_04)\n|j| Old Vandal Boi\n|\n|t:|1781380910\n|switch|p2a: Honchkrow|Honchkrow, L86, F|312/312\n|move|p1a: Meganium|Knock Off|p2a: Honchkrow\n|-resisted|p2a: Honchkrow\n|-damage|p2a: Honchkrow|259/312\n|-enditem|p2a: Honchkrow|Heavy-Duty Boots|[from] move: Knock Off|[of] p1a: Meganium\n|\n|upkeep\n|turn|2\n|\n|t:|1781380916\n|switch|p1a: Duraludon|Duraludon, L82, F|249/249\n|move|p2a: Honchkrow|U-turn|p1a: Duraludon\n|-resisted|p1a: Duraludon\n|-crit|p1a: Duraludon\n|-damage|p1a: Duraludon|225/249\n|inactive|BlueRay_04 has 120 seconds left.\n|\n|t:|1781380949\n|switch|p2a: Exeggutor|Exeggutor-Alola, L89, F|314/314|[from] U-turn\n|\n|upkeep\n|turn|3\n|\n|t:|1781380953\n|move|p1a: Duraludon|Draco Meteor|p2a: Exeggutor\n|-supereffective|p2a: Exeggutor\n|-damage|p2a: Exeggutor|0 fnt\n|-unboost|p1a: Duraludon|spa|2\n|faint|p2a: Exeggutor\n|\n|upkeep\n|\n|t:|1781380956\n|switch|p2a: Rhyperior|Rhyperior, L82, F|323/323\n|turn|4\n|\n|t:|1781380963\n|switch|p1a: Meganium|Meganium, L90, F|290/290\n|move|p2a: Rhyperior|Megahorn|p1a: Meganium\n|-supereffective|p1a: Meganium\n|-damage|p1a: Meganium|102/290\n|\n|-heal|p1a: Meganium|120/290|[from] item: Leftovers\n|upkeep\n|turn|5\n|\n|t:|1781380969\n|switch|p2a: Honchkrow|Honchkrow, L86, F|259/312\n|move|p1a: Meganium|Synthesis|p1a: Meganium\n|-heal|p1a: Meganium|265/290\n|\n|-heal|p1a: Meganium|283/290|[from] item: Leftovers\n|upkeep\n|turn|6\n|\n|t:|1781380974\n|switch|p1a: Duraludon|Duraludon, L82, F|225/249\n|move|p2a: Honchkrow|Heat Wave|p1a: Duraludon\n|-damage|p1a: Duraludon|142/249\n|\n|upkeep\n|turn|7\n|\n|t:|1781380983\n|move|p1a: Duraludon|Draco Meteor|p2a: Honchkrow\n|-damage|p2a: Honchkrow|43/312\n|-unboost|p1a: Duraludon|spa|2\n|move|p2a: Honchkrow|U-turn|p1a: Duraludon\n|-resisted|p1a: Duraludon\n|-damage|p1a: Duraludon|124/249\n|\n|t:|1781380993\n|switch|p2a: Rhyperior|Rhyperior, L82, F|323/323|[from] U-turn\n|\n|upkeep\n|turn|8\n|\n|t:|1781380998\n|move|p2a: Rhyperior|Megahorn|p1a: Duraludon\n|-resisted|p1a: Duraludon\n|-damage|p1a: Duraludon|93/249\n|move|p1a: Duraludon|Dragon Tail|p2a: Rhyperior|[miss]\n|-miss|p1a: Duraludon|p2a: Rhyperior\n|\n|upkeep\n|turn|9\n|\n|t:|1781381003\n|move|p2a: Rhyperior|Megahorn|p1a: Duraludon\n|-resisted|p1a: Duraludon\n|-damage|p1a: Duraludon|66/249\n|move|p1a: Duraludon|Dragon Tail|p2a: Rhyperior\n|-damage|p2a: Rhyperior|280/323\n|drag|p2a: Banette|Banette, L93, F|270/270\n|\n|upkeep\n|turn|10\n|\n|t:|1781381006\n|move|p2a: Banette|Poltergeist|p1a: Duraludon\n|-activate|p1a: Duraludon|move: Poltergeist|Eviolite\n|-damage|p1a: Duraludon|0 fnt\n|faint|p1a: Duraludon\n|-damage|p2a: Banette|243/270|[from] item: Life Orb\n|\n|upkeep\n|\n|t:|1781381009\n|switch|p1a: Meganium|Meganium, L90, F|283/290\n|turn|11\n|\n|t:|1781381012\n|move|p1a: Meganium|Knock Off|p2a: Banette\n|-supereffective|p2a: Banette\n|-damage|p2a: Banette|71/270\n|-enditem|p2a: Banette|Life Orb|[from] move: Knock Off|[of] p1a: Meganium\n|move|p2a: Banette|Gunk Shot|p1a: Meganium\n|-supereffective|p1a: Meganium\n|-damage|p1a: Meganium|83/290\n|\n|-heal|p1a: Meganium|101/290|[from] item: Leftovers\n|upkeep\n|turn|12\n|\n|t:|1781381017\n|move|p2a: Banette|Shadow Sneak|p1a: Meganium\n|-damage|p1a: Meganium|47/290\n|move|p1a: Meganium|Synthesis|p1a: Meganium\n|-heal|p1a: Meganium|192/290\n|\n|-heal|p1a: Meganium|210/290|[from] item: Leftovers\n|upkeep\n|turn|13\n|\n|t:|1781381022\n|move|p1a: Meganium|Energy Ball|p2a: Banette\n|-damage|p2a: Banette|0 fnt\n|faint|p2a: Banette\n|\n|-heal|p1a: Meganium|228/290|[from] item: Leftovers\n|upkeep\n|\n|t:|1781381025\n|switch|p2a: Snorlax|Snorlax, L82, M|397/397\n|turn|14\n|\n|t:|1781381028\n|move|p1a: Meganium|Knock Off|p2a: Snorlax\n|-damage|p2a: Snorlax|300/397\n|-enditem|p2a: Snorlax|Leftovers|[from] move: Knock Off|[of] p1a: Meganium\n|move|p2a: Snorlax|Curse|p2a: Snorlax\n|-unboost|p2a: Snorlax|spe|1\n|-boost|p2a: Snorlax|atk|1\n|-boost|p2a: Snorlax|def|1\n|\n|-heal|p1a: Meganium|246/290|[from] item: Leftovers\n|upkeep\n|turn|15\n|\n|t:|1781381031\n|move|p1a: Meganium|Encore|p2a: Snorlax\n|-start|p2a: Snorlax|Encore\n|move|p2a: Snorlax|Curse|p2a: Snorlax\n|-unboost|p2a: Snorlax|spe|1\n|-boost|p2a: Snorlax|atk|1\n|-boost|p2a: Snorlax|def|1\n|\n|-heal|p1a: Meganium|264/290|[from] item: Leftovers\n|upkeep\n|turn|16\n|\n|t:|1781381035\n|switch|p2a: Honchkrow|Honchkrow, L86, F|43/312\n|move|p1a: Meganium|Energy Ball|p2a: Honchkrow\n|-resisted|p2a: Honchkrow\n|-damage|p2a: Honchkrow|0 fnt\n|faint|p2a: Honchkrow\n|\n|-heal|p1a: Meganium|282/290|[from] item: Leftovers\n|upkeep\n|\n|t:|1781381036\n|switch|p2a: Snorlax|Snorlax, L82, M|300/397\n|turn|17\n|\n|t:|1781381042\n|move|p1a: Meganium|Energy Ball|p2a: Snorlax\n|-damage|p2a: Snorlax|210/397\n|-unboost|p2a: Snorlax|spd|1\n|move|p2a: Snorlax|Body Slam|p1a: Meganium\n|-damage|p1a: Meganium|197/290\n|\n|-heal|p1a: Meganium|215/290|[from] item: Leftovers\n|upkeep\n|turn|18\n|\n|t:|1781381049\n|move|p1a: Meganium|Energy Ball|p2a: Snorlax\n|-damage|p2a: Snorlax|80/397\n|move|p2a: Snorlax|Body Slam|p1a: Meganium\n|-damage|p1a: Meganium|127/290\n|-status|p1a: Meganium|par\n|\n|-heal|p1a: Meganium|145/290 par|[from] item: Leftovers\n|upkeep\n|turn|19\n|\n|t:|1781381056\n|switch|p2a: Rhyperior|Rhyperior, L82, F|280/323\n|move|p1a: Meganium|Energy Ball|p2a: Rhyperior\n|-supereffective|p2a: Rhyperior\n|-damage|p2a: Rhyperior|0 fnt\n|faint|p2a: Rhyperior\n|\n|-heal|p1a: Meganium|163/290 par|[from] item: Leftovers\n|upkeep\n|\n|t:|1781381057\n|switch|p2a: Snorlax|Snorlax, L82, M|80/397\n|turn|20\n|\n|t:|1781381064\n|switch|p1a: Tinkaton|Tinkaton, L82, F|274/274\n|-ability|p1a: Tinkaton|Mold Breaker\n|move|p2a: Snorlax|Rest|p2a: Snorlax\n|-status|p2a: Snorlax|slp|[from] move: Rest\n|-heal|p2a: Snorlax|397/397 slp|[silent]\n|\n|upkeep\n|turn|21\n|\n|t:|1781381068\n|switch|p2a: Keldeo|Keldeo-Resolute, L79|273/273\n|move|p1a: Tinkaton|Play Rough|p2a: Keldeo\n|-supereffective|p2a: Keldeo\n|-crit|p2a: Keldeo\n|-damage|p2a: Keldeo|43/273\n|\n|upkeep\n|turn|22\n|\n|t:|1781381074\n|move|p2a: Keldeo|Hydro Pump|p1a: Tinkaton\n|-damage|p1a: Tinkaton|159/274\n|move|p1a: Tinkaton|Gigaton Hammer|p2a: Keldeo\n|-resisted|p2a: Keldeo\n|-damage|p2a: Keldeo|0 fnt\n|faint|p2a: Keldeo\n|\n|-heal|p1a: Tinkaton|176/274|[from] item: Leftovers\n|upkeep\n|\n|t:|1781381076\n|switch|p2a: Snorlax|Snorlax, L82, M|397/397 slp\n|turn|23\n|\n|t:|1781381086\n|move|p1a: Tinkaton|Play Rough|p2a: Snorlax\n|-damage|p2a: Snorlax|306/397 slp\n|-unboost|p2a: Snorlax|atk|1\n|cant|p2a: Snorlax|slp\n|move|p2a: Snorlax|Sleep Talk|p2a: Snorlax\n|move|p2a: Snorlax|Body Slam|p1a: Tinkaton|[from] move: Sleep Talk\n|-resisted|p1a: Tinkaton\n|-damage|p1a: Tinkaton|140/274\n|\n|-heal|p1a: Tinkaton|157/274|[from] item: Leftovers\n|upkeep\n|turn|24\n|\n|t:|1781381095\n|move|p1a: Tinkaton|Play Rough|p2a: Snorlax\n|-damage|p2a: Snorlax|207/397 slp\n|cant|p2a: Snorlax|slp\n|move|p2a: Snorlax|Sleep Talk|p2a: Snorlax\n|move|p2a: Snorlax|Rest||[from] move: Sleep Talk|[still]\n|-fail|p2a: Snorlax\n|\n|-heal|p1a: Tinkaton|174/274|[from] item: Leftovers\n|upkeep\n|turn|25\n|\n|t:|1781381108\n|move|p1a: Tinkaton|Gigaton Hammer|p2a: Snorlax\n|-damage|p2a: Snorlax|39/397 slp\n|-curestatus|p2a: Snorlax|slp|[msg]\n|move|p2a: Snorlax|Rest|p2a: Snorlax\n|-status|p2a: Snorlax|slp|[from] move: Rest\n|-heal|p2a: Snorlax|397/397 slp|[silent]\n|\n|-heal|p1a: Tinkaton|191/274|[from] item: Leftovers\n|upkeep\n|turn|26\n|\n|t:|1781381111\n|switch|p1a: Kyurem|Kyurem-Black, L71|295/295\n|-ability|p1a: Kyurem|Teravolt\n|cant|p2a: Snorlax|slp\n|move|p2a: Snorlax|Sleep Talk|p2a: Snorlax\n|move|p2a: Snorlax|Curse|p2a: Snorlax|[from] move: Sleep Talk\n|-unboost|p2a: Snorlax|spe|1\n|-boost|p2a: Snorlax|atk|1\n|-boost|p2a: Snorlax|def|1\n|\n|upkeep\n|turn|27\n|\n|t:|1781381118\n|move|p1a: Kyurem|Dragon Dance|p1a: Kyurem\n|-boost|p1a: Kyurem|atk|1\n|-boost|p1a: Kyurem|spe|1\n|cant|p2a: Snorlax|slp\n|move|p2a: Snorlax|Sleep Talk|p2a: Snorlax\n|move|p2a: Snorlax|Rest||[from] move: Sleep Talk|[still]\n|-fail|p2a: Snorlax\n|\n|upkeep\n|turn|28\n|\n|t:|1781381126\n|move|p1a: Kyurem|Dragon Dance|p1a: Kyurem\n|-boost|p1a: Kyurem|atk|1\n|-boost|p1a: Kyurem|spe|1\n|-curestatus|p2a: Snorlax|slp|[msg]\n|move|p2a: Snorlax|Body Slam|p1a: Kyurem\n|-damage|p1a: Kyurem|193/295\n|\n|upkeep\n|turn|29\n|\n|t:|1781381134\n|move|p1a: Kyurem|Scale Shot|p2a: Snorlax\n|-damage|p2a: Snorlax|348/397\n|-damage|p2a: Snorlax|291/397\n|-damage|p2a: Snorlax|243/397\n|-damage|p2a: Snorlax|195/397\n|-damage|p2a: Snorlax|141/397\n|-hitcount|p2a: Snorlax|5\n|-unboost|p1a: Kyurem|def|1\n|-boost|p1a: Kyurem|spe|1\n|move|p2a: Snorlax|Body Slam|p1a: Kyurem\n|-damage|p1a: Kyurem|36/295\n|\n|upkeep\n|turn|30\n|\n|t:|1781381138\n|move|p1a: Kyurem|Scale Shot|p2a: Snorlax\n|-damage|p2a: Snorlax|90/397\n|-damage|p2a: Snorlax|39/397\n|-damage|p2a: Snorlax|0 fnt\n|faint|p2a: Snorlax\n|-hitcount|p2: Snorlax|3\n|\n|win|marper8\n", "inputlog": ">version a8376a258c1d4662feba110a92103f3664a72141\n>start {\"formatid\":\"gen9randombattle\",\"seed\":\"sodium,309a268ca3bde4acf46db359923e97fd\",\"rated\":\"Rated battle\"}\n>player p1 {\"name\":\"marper8\",\"avatar\":\"102\",\"rating\":2205,\"seed\":\"sodium,b713dc226f6965e619d17cb137d50510\"}\n>player p2 {\"name\":\"BlueRay_04\",\"avatar\":\"bianca\",\"rating\":2145,\"seed\":\"sodium,e77df35afd727c7f471f013812a85698\"}\n>p1 move knockoff\n>p2 switch 4\n>p1 switch 4\n>p2 move uturn\n>p2 switch 3\n>p1 move dracometeor\n>p2 move dracometeor\n>p2 switch 5\n>p1 switch 4\n>p2 move megahorn\n>p1 move synthesis\n>p2 switch 3\n>p1 switch 4\n>p2 move heatwave\n>p1 move dracometeor\n>p2 move uturn\n>p2 switch 3\n>p1 move dragontail\n>p2 move megahorn\n>p1 move dragontail\n>p2 move megahorn\n>p1 move dragontail\n>p2 move poltergeist\n>p1 switch 4\n>p1 move knockoff\n>p2 move gunkshot\n>p1 move synthesis\n>p2 move shadowsneak\n>p1 move energyball\n>p2 move gunkshot\n>p2 switch 4\n>p1 move knockoff\n>p2 move curse\n>p1 move encore\n>p2 move bodyslam\n>p1 move energyball\n>p2 switch 3\n>p2 switch 3\n>p1 move energyball\n>p2 move bodyslam\n>p1 move energyball\n>p2 move bodyslam\n>p1 move energyball\n>p2 switch 6\n>p2 switch 6\n>p1 switch 5\n>p2 move rest\n>p1 move playrough\n>p2 switch 2\n>p1 move gigatonhammer\n>p2 move hydropump\n>p2 switch 2\n>p1 move playrough\n>p2 move sleeptalk\n>p1 move playrough\n>p2 move sleeptalk\n>p1 move gigatonhammer\n>p2 move rest\n>p1 switch 3\n>p2 move sleeptalk\n>p1 move dragondance\n>p2 move sleeptalk\n>p1 move dragondance\n>p2 move bodyslam\n>p1 move scaleshot\n>p2 move bodyslam\n>p1 move scaleshot\n>p2 move bodyslam", "uploadtime": 1781380892, "views": 9, "formatid": "gen9randombattle", "rating": null, "private": 0, "password": null}