{"id": "gen9randombattle-2631902065", "format": "[Gen 9] Random Battle", "players": ["chichi732", "scampy789"], "log": "|j|\u2606chichi732\n|j|\u2606scampy789\n|t:|1781453770\n|gametype|singles\n|player|p1|chichi732|169|2196\n|player|p2|scampy789|170|2125\n|gen|9\n|tier|[Gen 9] Random Battle\n|rated|\n|rule|Species Clause: Limit one of each Pok\u00e9mon\n|rule|HP Percentage Mod: HP is shown in percentages\n|rule|Sleep Clause Mod: Limit one foe put to sleep\n|rule|Illusion Level Mod: Illusion disguises the Pok\u00e9mon's true level\n|\n|t:|1781453770\n|teamsize|p1|6\n|teamsize|p2|6\n|start\n|switch|p1a: Scovillain|Scovillain, L91, M|266/266\n|switch|p2a: Sneasler|Sneasler, L74, F|240/240\n|turn|1\n|inactive|Battle timer is ON: inactive players will automatically lose when time's up. (requested by scampy789)\n|\n|t:|1781453779\n|switch|p1a: Garchomp|Garchomp, L74, M|282/282\n|move|p2a: Sneasler|Dire Claw|p1a: Garchomp\n|-resisted|p1a: Garchomp\n|-damage|p1a: Garchomp|210/282\n|-damage|p2a: Sneasler|210/240|[from] ability: Rough Skin|[of] p1a: Garchomp\n|-status|p1a: Garchomp|psn|[from] ability: Poison Touch|[of] p2a: Sneasler\n|\n|-damage|p1a: Garchomp|175/282 psn|[from] psn\n|upkeep\n|turn|2\n|\n|t:|1781453792\n|switch|p2a: Weavile|Weavile, L79, M|239/239\n|move|p1a: Garchomp|Scale Shot|p2a: Weavile\n|-damage|p2a: Weavile|205/239\n|-damage|p2a: Weavile|169/239\n|-damage|p2a: Weavile|133/239\n|-damage|p2a: Weavile|96/239\n|-damage|p2a: Weavile|59/239\n|-hitcount|p2a: Weavile|5\n|-unboost|p1a: Garchomp|def|1\n|-boost|p1a: Garchomp|spe|1\n|\n|-damage|p1a: Garchomp|140/282 psn|[from] psn\n|upkeep\n|turn|3\n|\n|t:|1781453808\n|switch|p1a: Poliwrath|Poliwrath, L88, F|302/302\n|move|p2a: Weavile|Ice Shard|p1a: Poliwrath\n|-resisted|p1a: Poliwrath\n|-damage|p1a: Poliwrath|273/302\n|\n|upkeep\n|turn|4\n|\n|t:|1781453831\n|switch|p2a: Sceptile|Sceptile, L87, F|264/264\n|move|p1a: Poliwrath|Rain Dance|p1a: Poliwrath\n|-weather|RainDance\n|\n|-weather|RainDance|[upkeep]\n|upkeep\n|turn|5\n|inactive|chichi732 has 120 seconds left.\n|inactive|chichi732 has 90 seconds left.\n|\n|t:|1781453892\n|-terastallize|p1a: Poliwrath|Fighting\n|move|p1a: Poliwrath|Close Combat|p2a: Sceptile\n|-damage|p2a: Sceptile|0 fnt\n|-unboost|p1a: Poliwrath|def|1\n|-unboost|p1a: Poliwrath|spd|1\n|faint|p2a: Sceptile\n|-damage|p1a: Poliwrath|243/302|[from] item: Life Orb\n|\n|-weather|RainDance|[upkeep]\n|upkeep\n|\n|t:|1781453903\n|switch|p2a: Golem|Golem, L87, M|281/281\n|turn|6\n|\n|t:|1781453911\n|switch|p1a: Meganium|Meganium, L90, F|290/290\n|move|p2a: Golem|Earthquake|p1a: Meganium\n|-resisted|p1a: Meganium\n|-damage|p1a: Meganium|229/290\n|\n|-weather|RainDance|[upkeep]\n|-heal|p1a: Meganium|247/290|[from] item: Leftovers\n|upkeep\n|turn|7\n|\n|t:|1781453921\n|switch|p2a: Sneasler|Sneasler, L74, F|210/240\n|move|p1a: Meganium|Knock Off|p2a: Sneasler\n|-resisted|p2a: Sneasler\n|-damage|p2a: Sneasler|160/240\n|-enditem|p2a: Sneasler|Choice Band|[from] move: Knock Off|[of] p1a: Meganium\n|\n|-weather|RainDance|[upkeep]\n|-heal|p1a: Meganium|265/290|[from] item: Leftovers\n|upkeep\n|turn|8\n|\n|t:|1781453932\n|switch|p1a: Garchomp|Garchomp, L74, M|140/282 psn\n|move|p2a: Sneasler|Dire Claw|p1a: Garchomp\n|-resisted|p1a: Garchomp\n|-damage|p1a: Garchomp|97/282 psn\n|-damage|p2a: Sneasler|130/240|[from] ability: Rough Skin|[of] p1a: Garchomp\n|\n|-weather|none\n|-damage|p1a: Garchomp|62/282 psn|[from] psn\n|upkeep\n|turn|9\n|\n|t:|1781453938\n|move|p2a: Sneasler|Close Combat|p1a: Garchomp\n|-damage|p1a: Garchomp|0 fnt\n|-unboost|p2a: Sneasler|def|1\n|-unboost|p2a: Sneasler|spd|1\n|-damage|p2a: Sneasler|100/240|[from] ability: Rough Skin|[of] p1a: Garchomp\n|faint|p1a: Garchomp\n|\n|upkeep\n|inactive|chichi732 has 120 seconds left.\n|\n|t:|1781453955\n|switch|p1a: Iron Hands|Iron Hands, L79|373/373\n|turn|10\n|\n|t:|1781453974\n|move|p2a: Sneasler|Dire Claw|p1a: Iron Hands\n|-damage|p1a: Iron Hands|291/373\n|move|p1a: Iron Hands|Heavy Slam|p2a: Sneasler\n|-damage|p2a: Sneasler|0 fnt\n|faint|p2a: Sneasler\n|\n|upkeep\n|inactive|scampy789 has 120 seconds left.\n|\n|t:|1781453996\n|switch|p2a: Sylveon|Sylveon, L85, F|300/300\n|turn|11\n|\n|t:|1781454006\n|-end|p1a: Iron Hands|Quark Drive|[silent]\n|switch|p1a: Scovillain|Scovillain, L91, M|266/266\n|move|p2a: Sylveon|Hyper Voice|p1a: Scovillain\n|-resisted|p1a: Scovillain\n|-damage|p1a: Scovillain|188/266\n|\n|-heal|p1a: Scovillain|204/266|[from] item: Leftovers\n|upkeep\n|turn|12\n|inactive|scampy789 has 120 seconds left.\n|\n|t:|1781454030\n|switch|p2a: Weavile|Weavile, L79, M|59/239\n|move|p1a: Scovillain|Leech Seed|p2a: Weavile\n|-start|p2a: Weavile|move: Leech Seed\n|\n|-heal|p1a: Scovillain|220/266|[from] item: Leftovers\n|-damage|p2a: Weavile|30/239|[from] Leech Seed|[of] p1a: Scovillain\n|-heal|p1a: Scovillain|249/266|[silent]\n|upkeep\n|turn|13\n|inactive|scampy789 has 120 seconds left.\n|\n|t:|1781454040\n|move|p1a: Scovillain|Protect|p1a: Scovillain\n|-singleturn|p1a: Scovillain|Protect\n|move|p2a: Weavile|Triple Axel|p1a: Scovillain\n|-activate|p1a: Scovillain|move: Protect\n|\n|-heal|p1a: Scovillain|265/266|[from] item: Leftovers\n|-damage|p2a: Weavile|1/239|[from] Leech Seed|[of] p1a: Scovillain\n|-heal|p1a: Scovillain|266/266|[silent]\n|upkeep\n|turn|14\n|\n|t:|1781454056\n|move|p2a: Weavile|Triple Axel|p1a: Scovillain\n|-damage|p1a: Scovillain|227/266\n|-hitcount|p1a: Scovillain|1\n|move|p1a: Scovillain|Flamethrower|p2a: Weavile\n|-supereffective|p2a: Weavile\n|-damage|p2a: Weavile|0 fnt\n|faint|p2a: Weavile\n|\n|-heal|p1a: Scovillain|243/266|[from] item: Leftovers\n|upkeep\n|inactive|scampy789 has 120 seconds left.\n|\n|t:|1781454066\n|switch|p2a: Miraidon|Miraidon, L65|238/238\n|-fieldstart|move: Electric Terrain|[from] ability: Hadron Engine|[of] p2a: Miraidon\n|turn|15\n|\n|t:|1781454072\n|switch|p1a: Meganium|Meganium, L90, F|265/290\n|move|p2a: Miraidon|Draco Meteor|p1a: Meganium\n|-damage|p1a: Meganium|66/290\n|-unboost|p2a: Miraidon|spa|2\n|\n|-heal|p1a: Meganium|84/290|[from] item: Leftovers\n|upkeep\n|turn|16\n|\n|t:|1781454081\n|move|p2a: Miraidon|Draco Meteor|p1a: Meganium\n|-damage|p1a: Meganium|0 fnt\n|-unboost|p2a: Miraidon|spa|2\n|faint|p1a: Meganium\n|\n|upkeep\n|\n|t:|1781454084\n|switch|p1a: Poliwrath|Poliwrath, L88, F, tera:Fighting|243/302\n|turn|17\n|\n|t:|1781454092\n|switch|p2a: Golem|Golem, L87, M|281/281\n|move|p1a: Poliwrath|Rain Dance|p1a: Poliwrath\n|-weather|RainDance\n|\n|-weather|RainDance|[upkeep]\n|upkeep\n|turn|18\n|\n|t:|1781454120\n|move|p1a: Poliwrath|Liquidation|p2a: Golem\n|-supereffective|p2a: Golem\n|-ability|p2a: Golem|Sturdy\n|-damage|p2a: Golem|1/281\n|-enditem|p2a: Golem|Weakness Policy\n|-boost|p2a: Golem|atk|2|[from] item: Weakness Policy\n|-boost|p2a: Golem|spa|2|[from] item: Weakness Policy\n|-damage|p1a: Poliwrath|213/302|[from] item: Life Orb\n|move|p2a: Golem|Explosion|p1a: Poliwrath\n|-crit|p1a: Poliwrath\n|-damage|p1a: Poliwrath|0 fnt\n|faint|p2a: Golem\n|faint|p1a: Poliwrath\n|\n|-weather|RainDance|[upkeep]\n|upkeep\n|\n|t:|1781454132\n|switch|p1a: Iron Hands|Iron Hands, L79|291/373\n|switch|p2a: Miraidon|Miraidon, L65|238/238\n|-activate|p2a: Miraidon|ability: Hadron Engine\n|-activate|p1a: Iron Hands|ability: Quark Drive\n|-start|p1a: Iron Hands|quarkdriveatk\n|turn|19\n|\n|t:|1781454145\n|move|p2a: Miraidon|Draco Meteor|p1a: Iron Hands\n|-damage|p1a: Iron Hands|110/373\n|-unboost|p2a: Miraidon|spa|2\n|move|p1a: Iron Hands|Close Combat|p2a: Miraidon\n|-damage|p2a: Miraidon|0 fnt\n|-unboost|p1a: Iron Hands|def|1\n|-unboost|p1a: Iron Hands|spd|1\n|faint|p2a: Miraidon\n|\n|-weather|RainDance|[upkeep]\n|-fieldend|move: Electric Terrain\n|-end|p1a: Iron Hands|Quark Drive\n|upkeep\n|\n|t:|1781454152\n|switch|p2a: Sylveon|Sylveon, L85, F|300/300\n|turn|20\n|\n|t:|1781454157\n|move|p2a: Sylveon|Hyper Voice|p1a: Iron Hands\n|-supereffective|p1a: Iron Hands\n|-damage|p1a: Iron Hands|0 fnt\n|faint|p1a: Iron Hands\n|-end|p1a: Iron Hands|Quark Drive|[silent]\n|\n|-weather|RainDance|[upkeep]\n|upkeep\n|\n|t:|1781454160\n|switch|p1a: Scovillain|Scovillain, L91, M|243/266\n|turn|21\n|\n|t:|1781454164\n|move|p1a: Scovillain|Leech Seed|p2a: Sylveon\n|-start|p2a: Sylveon|move: Leech Seed\n|move|p2a: Sylveon|Calm Mind|p2a: Sylveon\n|-boost|p2a: Sylveon|spa|1\n|-boost|p2a: Sylveon|spd|1\n|\n|-weather|none\n|-heal|p1a: Scovillain|259/266|[from] item: Leftovers\n|-damage|p2a: Sylveon|263/300|[from] Leech Seed|[of] p1a: Scovillain\n|-heal|p1a: Scovillain|266/266|[silent]\n|upkeep\n|turn|22\n|\n|t:|1781454169\n|switch|p1a: Squawkabilly|Squawkabilly, L85, F|278/278\n|move|p2a: Sylveon|Calm Mind|p2a: Sylveon\n|-boost|p2a: Sylveon|spa|1\n|-boost|p2a: Sylveon|spd|1\n|\n|-heal|p2a: Sylveon|281/300|[from] item: Leftovers\n|-damage|p2a: Sylveon|244/300|[from] Leech Seed|[of] p1a: Squawkabilly\n|-status|p1a: Squawkabilly|brn|[from] item: Flame Orb\n|upkeep\n|turn|23\n|\n|t:|1781454177\n|-terastallize|p2a: Sylveon|Steel\n|move|p1a: Squawkabilly|Facade|p2a: Sylveon\n|-resisted|p2a: Sylveon\n|-damage|p2a: Sylveon|103/300\n|move|p2a: Sylveon|Hyper Voice|p1a: Squawkabilly\n|-damage|p1a: Squawkabilly|0 fnt\n|faint|p1a: Squawkabilly\n|\n|-heal|p2a: Sylveon|121/300|[from] item: Leftovers\n|upkeep\n|\n|t:|1781454183\n|switch|p1a: Scovillain|Scovillain, L91, M|266/266\n|turn|24\n|\n|t:|1781454195\n|move|p1a: Scovillain|Flamethrower|p2a: Sylveon\n|-supereffective|p2a: Sylveon\n|-damage|p2a: Sylveon|37/300\n|move|p2a: Sylveon|Hyper Voice|p1a: Scovillain\n|-resisted|p1a: Scovillain\n|-damage|p1a: Scovillain|110/266\n|\n|-heal|p1a: Scovillain|126/266|[from] item: Leftovers\n|-heal|p2a: Sylveon|55/300|[from] item: Leftovers\n|-damage|p2a: Sylveon|18/300|[from] Leech Seed|[of] p1a: Scovillain\n|-heal|p1a: Scovillain|163/266|[silent]\n|upkeep\n|turn|25\n|\n|t:|1781454208\n|move|p1a: Scovillain|Flamethrower|p2a: Sylveon\n|-supereffective|p2a: Sylveon\n|-damage|p2a: Sylveon|0 fnt\n|faint|p2a: Sylveon\n|\n|win|chichi732\n", "inputlog": ">version a8376a258c1d4662feba110a92103f3664a72141\n>start {\"formatid\":\"gen9randombattle\",\"seed\":\"sodium,2099c69e55653aefb5286cc8a6246008\",\"rated\":\"Rated battle\"}\n>player p1 {\"name\":\"chichi732\",\"avatar\":\"169\",\"rating\":2196,\"seed\":\"sodium,8febb4ce0d4dc96bd7874f900fd603d0\"}\n>player p2 {\"name\":\"scampy789\",\"avatar\":\"170\",\"rating\":2125,\"seed\":\"sodium,81367a3295d047d6df54060a0300aa5f\"}\n>p1 switch 6\n>p2 move direclaw\n>p1 move scaleshot\n>p2 switch 4\n>p1 switch 3\n>p2 move iceshard\n>p1 move raindance\n>p2 switch 5\n>p1 move closecombat terastallize\n>p2 move gigadrain\n>p2 switch 3\n>p1 switch 2\n>p2 move earthquake\n>p1 move knockoff\n>p2 switch 4\n>p1 switch 3\n>p2 move direclaw\n>p1 move earthquake\n>p2 move closecombat\n>p1 switch 5\n>p1 move heavyslam\n>p2 move direclaw\n>p2 switch 6\n>p1 switch 6\n>p2 move hypervoice\n>p1 move leechseed\n>p2 switch 5\n>p1 move protect\n>p2 move tripleaxel\n>p1 move flamethrower\n>p2 move tripleaxel\n>p2 switch 2\n>p1 switch 3\n>p2 move dracometeor\n>p1 move synthesis\n>p2 move dracometeor\n>p1 switch 2\n>p1 move raindance\n>p2 switch 4\n>p1 move liquidation\n>p2 move explosion\n>p1 switch 6\n>p2 switch 4\n>p1 move closecombat\n>p2 move dracometeor\n>p2 switch 5\n>p1 move voltswitch\n>p2 move hypervoice\n>p1 switch 3\n>p1 move leechseed\n>p2 move calmmind\n>p1 switch 4\n>p2 move calmmind\n>p1 move facade\n>p2 move hypervoice terastallize\n>p1 switch 4\n>p1 move flamethrower\n>p2 move hypervoice\n>p1 move flamethrower\n>p2 move hypervoice", "uploadtime": 1781453773, "views": 7, "formatid": "gen9randombattle", "rating": null, "private": 0, "password": null}