{"id": "gen9randombattle-2631750848", "format": "[Gen 9] Random Battle", "players": ["tttttttttyyygggg", "1v1saregood"], "log": "|j|\u2606tttttttttyyygggg\n|j|\u26061v1saregood\n|t:|1781433686\n|gametype|singles\n|player|p1|tttttttttyyygggg|101|1928\n|player|p2|1v1saregood|preschooler|1941\n|gen|9\n|tier|[Gen 9] Random Battle\n|rated|\n|rule|Species Clause: Limit one of each Pok\u00e9mon\n|rule|HP Percentage Mod: HP is shown in percentages\n|rule|Sleep Clause Mod: Limit one foe put to sleep\n|rule|Illusion Level Mod: Illusion disguises the Pok\u00e9mon's true level\n|\n|t:|1781433686\n|teamsize|p1|6\n|teamsize|p2|6\n|start\n|switch|p1a: Azelf|Azelf, L82|257/257\n|switch|p2a: Gliscor|Gliscor, L76, F|239/239\n|turn|1\n|inactive|Battle timer is ON: inactive players will automatically lose when time's up. (requested by 1v1saregood)\n|inactive|tttttttttyyygggg also wants the timer to be on.\n|inactive|1v1saregood has 120 seconds left.\n|\n|t:|1781433717\n|move|p2a: Gliscor|Protect|p2a: Gliscor\n|-singleturn|p2a: Gliscor|Protect\n|move|p1a: Azelf|Knock Off|p2a: Gliscor\n|-activate|p2a: Gliscor|move: Protect\n|\n|-status|p2a: Gliscor|tox|[from] item: Toxic Orb\n|upkeep\n|turn|2\n|inactive|tttttttttyyygggg has 120 seconds left.\n|inactive|1v1saregood has 120 seconds left.\n|\n|t:|1781433754\n|switch|p1a: Ariados|Ariados, L95, F|287/287\n|move|p2a: Gliscor|Knock Off|p1a: Ariados\n|-damage|p1a: Ariados|231/287\n|-enditem|p1a: Ariados|Heavy-Duty Boots|[from] move: Knock Off|[of] p2a: Gliscor\n|\n|upkeep\n|turn|3\n|inactive|1v1saregood has 120 seconds left.\n|\n|t:|1781433761\n|switch|p2a: Iron Treads|Iron Treads, L77|265/265\n|move|p1a: Ariados|Sticky Web|p2a: Iron Treads\n|-sidestart|p2: 1v1saregood|move: Sticky Web\n|\n|upkeep\n|turn|4\n|\n|t:|1781433775\n|switch|p1a: Latios|Latios, L78, M|253/253\n|move|p2a: Iron Treads|Stealth Rock|p1a: Latios\n|-sidestart|p1: tttttttttyyygggg|move: Stealth Rock\n|\n|upkeep\n|turn|5\n|inactive|tttttttttyyygggg has 120 seconds left.\n|inactive|1v1saregood has 120 seconds left.\n|\n|t:|1781433801\n|move|p1a: Latios|Luster Purge|p2a: Iron Treads\n|-resisted|p2a: Iron Treads\n|-damage|p2a: Iron Treads|165/265\n|move|p2a: Iron Treads|Rapid Spin|p1a: Latios\n|-damage|p1a: Latios|218/253\n|-boost|p2a: Iron Treads|spe|1\n|-sideend|p2: 1v1saregood|Sticky Web|[from] move: Rapid Spin|[of] p2a: Iron Treads\n|\n|-heal|p2a: Iron Treads|181/265|[from] item: Leftovers\n|upkeep\n|turn|6\n|\n|t:|1781433809\n|move|p2a: Iron Treads|Iron Head|p1a: Latios\n|-damage|p1a: Latios|131/253\n|cant|p1a: Latios|flinch\n|\n|-heal|p2a: Iron Treads|197/265|[from] item: Leftovers\n|upkeep\n|turn|7\n|\n|t:|1781433819\n|switch|p1a: Ariados|Ariados, L95, F|231/287\n|-damage|p1a: Ariados|160/287|[from] Stealth Rock\n|move|p2a: Iron Treads|Iron Head|p1a: Ariados\n|-damage|p1a: Ariados|82/287\n|\n|-heal|p2a: Iron Treads|213/265|[from] item: Leftovers\n|upkeep\n|turn|8\n|\n|t:|1781433823\n|move|p2a: Iron Treads|Earthquake|p1a: Ariados\n|-damage|p1a: Ariados|0 fnt\n|faint|p1a: Ariados\n|\n|-heal|p2a: Iron Treads|229/265|[from] item: Leftovers\n|upkeep\n|\n|t:|1781433830\n|switch|p1a: Cinccino|Cinccino, L83, F|260/260\n|-damage|p1a: Cinccino|228/260|[from] Stealth Rock\n|turn|9\n|\n|t:|1781433837\n|move|p2a: Iron Treads|Earthquake|p1a: Cinccino\n|-damage|p1a: Cinccino|96/260\n|move|p1a: Cinccino|Triple Axel|p2a: Iron Treads\n|-damage|p2a: Iron Treads|211/265\n|-damage|p2a: Iron Treads|176/265\n|-damage|p2a: Iron Treads|121/265\n|-hitcount|p2a: Iron Treads|3\n|\n|-heal|p2a: Iron Treads|137/265|[from] item: Leftovers\n|upkeep\n|turn|10\n|-message|tttttttttyyygggg forfeited.\n|\n|win|1v1saregood\n", "inputlog": ">version a8376a258c1d4662feba110a92103f3664a72141\n>start {\"formatid\":\"gen9randombattle\",\"seed\":\"sodium,e5b6f4a3c91b2e32d502f6ce503372e6\",\"rated\":\"Rated battle\"}\n>player p1 {\"name\":\"tttttttttyyygggg\",\"avatar\":\"101\",\"rating\":1928,\"seed\":\"sodium,83b27c698be84f8111b9c7a1d1287289\"}\n>player p2 {\"name\":\"1v1saregood\",\"avatar\":\"preschooler\",\"rating\":1941,\"seed\":\"sodium,e45ea3a8c63dd4dfa62f97f7738eb8a5\"}\n>p1 move knockoff\n>p2 move protect\n>p1 switch 6\n>p2 move knockoff\n>p1 move stickyweb\n>p2 switch 3\n>p1 switch 5\n>p2 move stealthrock\n>p1 move lusterpurge\n>p2 move rapidspin\n>p1 move lusterpurge\n>p2 move ironhead\n>p1 switch 5\n>p2 move ironhead\n>p1 move stickyweb\n>p2 move earthquake\n>p1 switch 2\n>p1 move tripleaxel\n>p2 move earthquake\n>forcelose p1", "uploadtime": 1781433688, "views": 5, "formatid": "gen9randombattle", "rating": null, "private": 0, "password": null}