{"id": "gen9randombattle-2631541589", "format": "[Gen 9] Random Battle", "players": ["Lunar Sloth", "rongus"], "log": "|j|\u2606Lunar Sloth\n|j|\u2606rongus\n|t:|1781398801\n|gametype|singles\n|player|p1|Lunar Sloth|jupiter|1972\n|player|p2|rongus|2|1929\n|gen|9\n|tier|[Gen 9] Random Battle\n|rated|\n|rule|Species Clause: Limit one of each Pok\u00e9mon\n|rule|HP Percentage Mod: HP is shown in percentages\n|rule|Sleep Clause Mod: Limit one foe put to sleep\n|rule|Illusion Level Mod: Illusion disguises the Pok\u00e9mon's true level\n|\n|t:|1781398801\n|teamsize|p1|6\n|teamsize|p2|6\n|start\n|switch|p1a: Noivern|Noivern, L82, M|274/274\n|switch|p2a: Zarude|Zarude-Dada, L77|288/288\n|turn|1\n|inactive|Battle timer is ON: inactive players will automatically lose when time's up. (requested by rongus)\n|inactive|Lunar Sloth has 120 seconds left.\n|\n|t:|1781398847\n|move|p2a: Zarude|Knock Off|p1a: Noivern\n|-damage|p1a: Noivern|162/274\n|-enditem|p1a: Noivern|Heavy-Duty Boots|[from] move: Knock Off|[of] p2a: Zarude\n|move|p1a: Noivern|Hurricane|p2a: Zarude|[miss]\n|-miss|p1a: Noivern|p2a: Zarude\n|\n|upkeep\n|turn|2\n|\n|t:|1781398859\n|switch|p2a: Minun|Minun, L95, F|268/268\n|move|p1a: Noivern|Roost|p1a: Noivern\n|-heal|p1a: Noivern|274/274\n|-singleturn|p1a: Noivern|move: Roost\n|\n|upkeep\n|turn|3\n|\n|t:|1781398864\n|switch|p1a: Arboliva|Arboliva, L91, F|288/288\n|move|p2a: Minun|Alluring Voice|p1a: Arboliva\n|-damage|p1a: Arboliva|227/288\n|-damage|p2a: Minun|242/268|[from] item: Life Orb\n|\n|upkeep\n|turn|4\n|\n|t:|1781398871\n|switch|p2a: Zarude|Zarude-Dada, L77|288/288\n|move|p1a: Arboliva|Hyper Voice|p2a: Zarude\n|-damage|p2a: Zarude|159/288\n|\n|upkeep\n|turn|5\n|\n|t:|1781398876\n|switch|p1a: Noivern|Noivern, L82, M|274/274\n|move|p2a: Zarude|U-turn|p1a: Noivern\n|-resisted|p1a: Noivern\n|-damage|p1a: Noivern|249/274\n|\n|t:|1781398884\n|switch|p2a: Glastrier|Glastrier, L86|311/311|[from] U-turn\n|\n|upkeep\n|turn|6\n|\n|t:|1781398891\n|switch|p1a: Quagsire|Quagsire, L84, M|297/297\n|move|p2a: Glastrier|Icicle Crash|p1a: Quagsire\n|-damage|p1a: Quagsire|93/297\n|\n|-heal|p1a: Quagsire|111/297|[from] item: Leftovers\n|upkeep\n|turn|7\n|\n|t:|1781398905\n|-terastallize|p1a: Quagsire|Steel\n|move|p1a: Quagsire|Recover|p1a: Quagsire\n|-heal|p1a: Quagsire|260/297\n|move|p2a: Glastrier|Icicle Crash|p1a: Quagsire\n|-resisted|p1a: Quagsire\n|-damage|p1a: Quagsire|163/297\n|\n|-heal|p1a: Quagsire|181/297|[from] item: Leftovers\n|upkeep\n|turn|8\n|\n|t:|1781398910\n|switch|p2a: Zarude|Zarude-Dada, L77|159/288\n|move|p1a: Quagsire|Toxic|p2a: Zarude\n|-status|p2a: Zarude|tox\n|\n|-heal|p1a: Quagsire|199/297|[from] item: Leftovers\n|-damage|p2a: Zarude|141/288 tox|[from] psn\n|upkeep\n|turn|9\n|\n|t:|1781398915\n|switch|p1a: Noivern|Noivern, L82, M|249/274\n|move|p2a: Zarude|Close Combat|p1a: Noivern\n|-resisted|p1a: Noivern\n|-damage|p1a: Noivern|204/274\n|-unboost|p2a: Zarude|def|1\n|-unboost|p2a: Zarude|spd|1\n|\n|-damage|p2a: Zarude|105/288 tox|[from] psn\n|upkeep\n|turn|10\n|\n|t:|1781398919\n|switch|p2a: Minun|Minun, L95, F|242/268\n|move|p1a: Noivern|Flamethrower|p2a: Minun\n|-damage|p2a: Minun|191/268\n|\n|upkeep\n|turn|11\n|\n|t:|1781398923\n|switch|p1a: Arboliva|Arboliva, L91, F|227/288\n|move|p2a: Minun|Thunderbolt|p1a: Arboliva\n|-resisted|p1a: Arboliva\n|-crit|p1a: Arboliva\n|-damage|p1a: Arboliva|154/288\n|-damage|p2a: Minun|165/268|[from] item: Life Orb\n|\n|upkeep\n|turn|12\n|\n|t:|1781398929\n|switch|p2a: Zarude|Zarude-Dada, L77|105/288 tox\n|move|p1a: Arboliva|Substitute|p1a: Arboliva\n|-start|p1a: Arboliva|Substitute\n|-damage|p1a: Arboliva|82/288\n|-enditem|p1a: Arboliva|Sitrus Berry|[eat]\n|-heal|p1a: Arboliva|154/288|[from] item: Sitrus Berry\n|\n|-damage|p2a: Zarude|87/288 tox|[from] psn\n|-item|p1a: Arboliva|Sitrus Berry|[from] ability: Harvest\n|upkeep\n|turn|13\n|\n|t:|1781398933\n|move|p1a: Arboliva|Protect|p1a: Arboliva\n|-singleturn|p1a: Arboliva|Protect\n|move|p2a: Zarude|U-turn|p1a: Arboliva\n|-activate|p1a: Arboliva|move: Protect\n|\n|-damage|p2a: Zarude|51/288 tox|[from] psn\n|upkeep\n|turn|14\n|\n|t:|1781398938\n|move|p2a: Zarude|U-turn|p1a: Arboliva\n|-supereffective|p1a: Arboliva\n|-end|p1a: Arboliva|Substitute\n|\n|t:|1781398950\n|switch|p2a: Rotom|Rotom-Mow, L87|229/229|[from] U-turn\n|move|p1a: Arboliva|Substitute|p1a: Arboliva\n|-start|p1a: Arboliva|Substitute\n|-damage|p1a: Arboliva|82/288\n|-enditem|p1a: Arboliva|Sitrus Berry|[eat]\n|-heal|p1a: Arboliva|154/288|[from] item: Sitrus Berry\n|\n|upkeep\n|turn|15\n|\n|t:|1781398954\n|move|p1a: Arboliva|Protect|p1a: Arboliva\n|-singleturn|p1a: Arboliva|Protect\n|move|p2a: Rotom|Thunderbolt|p1a: Arboliva\n|-activate|p1a: Arboliva|move: Protect\n|\n|-item|p1a: Arboliva|Sitrus Berry|[from] ability: Harvest\n|upkeep\n|turn|16\n|\n|t:|1781398959\n|move|p2a: Rotom|Thunderbolt|p1a: Arboliva\n|-resisted|p1a: Arboliva\n|-activate|p1a: Arboliva|move: Substitute|[damage]\n|move|p1a: Arboliva|Hyper Voice|p2a: Rotom\n|-damage|p2a: Rotom|124/229\n|\n|-heal|p2a: Rotom|138/229|[from] item: Leftovers\n|upkeep\n|turn|17\n|\n|t:|1781398965\n|move|p2a: Rotom|Thunderbolt|p1a: Arboliva\n|-resisted|p1a: Arboliva\n|-end|p1a: Arboliva|Substitute\n|move|p1a: Arboliva|Substitute|p1a: Arboliva\n|-start|p1a: Arboliva|Substitute\n|-damage|p1a: Arboliva|82/288\n|-enditem|p1a: Arboliva|Sitrus Berry|[eat]\n|-heal|p1a: Arboliva|154/288|[from] item: Sitrus Berry\n|\n|-heal|p2a: Rotom|152/229|[from] item: Leftovers\n|upkeep\n|turn|18\n|\n|t:|1781398970\n|switch|p2a: Glastrier|Glastrier, L86|311/311\n|move|p1a: Arboliva|Hyper Voice|p2a: Glastrier\n|-damage|p2a: Glastrier|197/311\n|\n|-item|p1a: Arboliva|Sitrus Berry|[from] ability: Harvest\n|upkeep\n|turn|19\n|\n|t:|1781398974\n|move|p1a: Arboliva|Hyper Voice|p2a: Glastrier\n|-damage|p2a: Glastrier|79/311\n|move|p2a: Glastrier|Icicle Crash|p1a: Arboliva\n|-supereffective|p1a: Arboliva\n|-end|p1a: Arboliva|Substitute\n|\n|upkeep\n|turn|20\n|\n|t:|1781398986\n|move|p1a: Arboliva|Substitute|p1a: Arboliva\n|-start|p1a: Arboliva|Substitute\n|-damage|p1a: Arboliva|82/288\n|-enditem|p1a: Arboliva|Sitrus Berry|[eat]\n|-heal|p1a: Arboliva|154/288|[from] item: Sitrus Berry\n|move|p2a: Glastrier|Icicle Crash|p1a: Arboliva\n|-supereffective|p1a: Arboliva\n|-end|p1a: Arboliva|Substitute\n|\n|upkeep\n|turn|21\n|\n|t:|1781398999\n|move|p1a: Arboliva|Hyper Voice|p2a: Glastrier\n|-damage|p2a: Glastrier|0 fnt\n|faint|p2a: Glastrier\n|\n|upkeep\n|\n|t:|1781399004\n|switch|p2a: Zarude|Zarude-Dada, L77|51/288 tox\n|turn|22\n|\n|t:|1781399009\n|move|p1a: Arboliva|Protect|p1a: Arboliva\n|-singleturn|p1a: Arboliva|Protect\n|move|p2a: Zarude|U-turn|p1a: Arboliva\n|-activate|p1a: Arboliva|move: Protect\n|\n|-damage|p2a: Zarude|33/288 tox|[from] psn\n|-item|p1a: Arboliva|Sitrus Berry|[from] ability: Harvest\n|upkeep\n|turn|23\n|\n|t:|1781399021\n|switch|p1a: Noivern|Noivern, L82, M|204/274\n|move|p2a: Zarude|U-turn|p1a: Noivern\n|-resisted|p1a: Noivern\n|-damage|p1a: Noivern|175/274\n|\n|t:|1781399025\n|switch|p2a: Minun|Minun, L95, F|165/268|[from] U-turn\n|\n|upkeep\n|turn|24\n|\n|t:|1781399036\n|switch|p1a: Arboliva|Arboliva, L91, F|154/288\n|move|p2a: Minun|Nasty Plot|p2a: Minun\n|-boost|p2a: Minun|spa|2\n|\n|upkeep\n|turn|25\n|\n|t:|1781399044\n|switch|p1a: Minun|Minun, L95, F|268/268\n|move|p2a: Minun|Nasty Plot|p2a: Minun\n|-boost|p2a: Minun|spa|2\n|\n|upkeep\n|turn|26\n|\n|t:|1781399051\n|move|p2a: Minun|Alluring Voice|p1a: Minun\n|-damage|p1a: Minun|59/268\n|-damage|p2a: Minun|139/268|[from] item: Life Orb\n|move|p1a: Minun|Encore|p2a: Minun\n|-start|p2a: Minun|Encore\n|\n|upkeep\n|turn|27\n|\n|t:|1781399055\n|move|p1a: Minun|Grass Knot|p2a: Minun\n|-crit|p2a: Minun\n|-damage|p2a: Minun|112/268\n|-damage|p1a: Minun|33/268|[from] item: Life Orb\n|move|p2a: Minun|Alluring Voice|p1a: Minun\n|-crit|p1a: Minun\n|-damage|p1a: Minun|0 fnt\n|faint|p1a: Minun\n|-damage|p2a: Minun|86/268|[from] item: Life Orb\n|\n|upkeep\n|\n|t:|1781399057\n|switch|p1a: Quagsire|Quagsire, L84, M, tera:Steel|199/297\n|turn|28\n|\n|t:|1781399067\n|switch|p2a: Conkeldurr|Conkeldurr, L80, M|299/299\n|move|p1a: Quagsire|Spikes|p2a: Conkeldurr\n|-sidestart|p2: rongus|Spikes\n|\n|-heal|p1a: Quagsire|217/297|[from] item: Leftovers\n|-status|p2a: Conkeldurr|brn|[from] item: Flame Orb\n|upkeep\n|turn|29\n|\n|t:|1781399078\n|switch|p1a: Mudsdale|Mudsdale, L83, F|302/302\n|move|p2a: Conkeldurr|Close Combat|p1a: Mudsdale\n|-damage|p1a: Mudsdale|97/302\n|-unboost|p2a: Conkeldurr|def|1\n|-unboost|p2a: Conkeldurr|spd|1\n|-ability|p1a: Mudsdale|Stamina|boost\n|-boost|p1a: Mudsdale|def|1\n|\n|-heal|p1a: Mudsdale|115/302|[from] item: Leftovers\n|-damage|p2a: Conkeldurr|281/299 brn|[from] brn\n|upkeep\n|turn|30\n|\n|t:|1781399085\n|move|p2a: Conkeldurr|Close Combat|p1a: Mudsdale\n|-damage|p1a: Mudsdale|0 fnt\n|-unboost|p2a: Conkeldurr|def|1\n|-unboost|p2a: Conkeldurr|spd|1\n|faint|p1a: Mudsdale\n|\n|-damage|p2a: Conkeldurr|263/299 brn|[from] brn\n|upkeep\n|\n|t:|1781399088\n|switch|p1a: Sylveon|Sylveon, L85, F|300/300\n|turn|31\n|\n|t:|1781399096\n|switch|p2a: Zarude|Zarude-Dada, L77|33/288 tox\n|-damage|p2a: Zarude|0 fnt|[from] Spikes\n|faint|p2a: Zarude\n|move|p1a: Sylveon|Hyper Voice|p2: Zarude|[notarget]\n|-fail|p1a: Sylveon\n|\n|upkeep\n|inactive|rongus has 120 seconds left.\n|inactive|rongus has 90 seconds left.\n|inactive|rongus has 60 seconds left.\n|inactive|rongus has 30 seconds left.\n|inactive|rongus has 20 seconds left.\n|inactive|rongus has 15 seconds left.\n|inactive|rongus has 10 seconds left.\n|inactive|rongus has 5 seconds left.\n|-message|rongus lost due to inactivity.\n|\n|win|Lunar Sloth\n", "inputlog": ">version a8376a258c1d4662feba110a92103f3664a72141\n>start {\"formatid\":\"gen9randombattle\",\"seed\":\"sodium,0b09b2ef0c53016a4a498c2b0b6ba1ec\",\"rated\":\"Rated battle\"}\n>player p1 {\"name\":\"Lunar Sloth\",\"avatar\":\"jupiter\",\"rating\":1972,\"seed\":\"sodium,3098dc0c3cc8993af69df4607e8fe3e4\"}\n>player p2 {\"name\":\"rongus\",\"avatar\":\"2\",\"rating\":1929,\"seed\":\"sodium,fbaf3f025334e69787d349db94e9c8e3\"}\n>p1 move hurricane\n>p2 move knockoff\n>p1 move roost\n>p2 switch 3\n>p1 switch 2\n>p2 move alluringvoice\n>p1 move hypervoice\n>p2 switch 3\n>p1 switch 2\n>p2 move uturn\n>p2 switch 4\n>p1 switch 4\n>p2 move iciclecrash\n>p1 move recover terastallize\n>p2 move iciclecrash\n>p1 move toxic\n>p2 switch 4\n>p1 switch 4\n>p2 move closecombat\n>p1 move flamethrower\n>p2 switch 3\n>p1 switch 2\n>p2 move thunderbolt\n>p1 move substitute\n>p2 switch 3\n>p1 move protect\n>p2 move uturn\n>p1 move substitute\n>p2 move uturn\n>p2 switch 6\n>p1 move protect\n>p2 move thunderbolt\n>p1 move hypervoice\n>p2 move thunderbolt\n>p1 move substitute\n>p2 move thunderbolt\n>p1 move hypervoice\n>p2 switch 4\n>p1 move hypervoice\n>p2 move iciclecrash\n>p1 move substitute\n>p2 move iciclecrash\n>p1 move hypervoice\n>p2 move iciclecrash\n>p2 switch 6\n>p1 move protect\n>p2 move uturn\n>p1 switch 2\n>p2 move uturn\n>p2 switch 3\n>p1 switch 2\n>p2 move nastyplot\n>p1 switch 6\n>p2 move nastyplot\n>p1 move encore\n>p2 move alluringvoice\n>p1 move grassknot\n>p2 move alluringvoice\n>p1 switch 4\n>p1 move spikes\n>p2 switch 5\n>p1 switch 3\n>p2 move closecombat\n>p1 move earthquake\n>p2 move closecombat\n>p1 switch 5\n>p1 move hypervoice\n>p2 switch 3\n>forcelose p2", "uploadtime": 1781398802, "views": 4, "formatid": "gen9randombattle", "rating": null, "private": 0, "password": null}