{"id": "gen9randombattle-2631754097", "format": "[Gen 9] Random Battle", "players": ["FantasyWind", "castiel123"], "log": "|j|\u203dFantasyWind\n|j|\u2606castiel123\n|t:|1781434236\n|gametype|singles\n|player|p1|FantasyWind|rosa|1955\n|player|p2|castiel123|265|1924\n|gen|9\n|tier|[Gen 9] Random Battle\n|rated|\n|rule|Species Clause: Limit one of each Pok\u00e9mon\n|rule|HP Percentage Mod: HP is shown in percentages\n|rule|Sleep Clause Mod: Limit one foe put to sleep\n|rule|Illusion Level Mod: Illusion disguises the Pok\u00e9mon's true level\n|\n|t:|1781434236\n|teamsize|p1|6\n|teamsize|p2|6\n|start\n|switch|p1a: Haxorus|Haxorus, L77, F|244/244\n|switch|p2a: Dialga|Dialga-Origin, L73|266/266\n|-ability|p1a: Haxorus|Mold Breaker\n|-ability|p2a: Dialga|Pressure\n|turn|1\n|inactive|Battle timer is ON: inactive players will automatically lose when time's up. (requested by FantasyWind)\n|\n|t:|1781434250\n|switch|p1a: Primarina|Primarina, L83, M|268/268\n|move|p2a: Dialga|Draco Meteor|p1a: Primarina\n|-immune|p1a: Primarina\n|\n|upkeep\n|turn|2\n|\n|t:|1781434265\n|switch|p2a: Pincurchin|Pincurchin, F|258/258\n|-fieldstart|move: Electric Terrain|[from] ability: Electric Surge|[of] p2a: Pincurchin\n|move|p1a: Primarina|Draining Kiss|p2a: Pincurchin\n|-damage|p2a: Pincurchin|206/258\n|\n|-heal|p2a: Pincurchin|222/258|[from] item: Leftovers\n|upkeep\n|turn|3\n|\n|t:|1781434271\n|switch|p1a: Eternatus|Eternatus, L69|308/308\n|-ability|p1a: Eternatus|Pressure\n|move|p2a: Pincurchin|Toxic Spikes|p1a: Eternatus\n|-sidestart|p1: FantasyWind|move: Toxic Spikes\n|\n|-heal|p2a: Pincurchin|238/258|[from] item: Leftovers\n|upkeep\n|turn|4\n|\n|t:|1781434280\n|move|p1a: Eternatus|Toxic Spikes|p2a: Pincurchin\n|-sidestart|p2: castiel123|move: Toxic Spikes\n|move|p2a: Pincurchin|Thunderbolt|p1a: Eternatus\n|-resisted|p1a: Eternatus\n|-damage|p1a: Eternatus|219/308\n|\n|-heal|p1a: Eternatus|238/308|[from] item: Leftovers\n|-heal|p2a: Pincurchin|254/258|[from] item: Leftovers\n|upkeep\n|turn|5\n|\n|t:|1781434289\n|switch|p2a: Oricorio|Oricorio, L84, F|263/263\n|move|p1a: Eternatus|Toxic Spikes|p2a: Oricorio\n|-sidestart|p2: castiel123|move: Toxic Spikes\n|\n|-heal|p1a: Eternatus|257/308|[from] item: Leftovers\n|upkeep\n|turn|6\n|\n|t:|1781434301\n|switch|p1a: Scream Tail|Scream Tail, L84|330/330\n|-status|p1a: Scream Tail|psn\n|move|p2a: Oricorio|Quiver Dance|p2a: Oricorio\n|-boost|p2a: Oricorio|spa|1\n|-boost|p2a: Oricorio|spd|1\n|-boost|p2a: Oricorio|spe|1\n|\n|-damage|p1a: Scream Tail|289/330 psn|[from] psn\n|-fieldend|move: Electric Terrain\n|upkeep\n|turn|7\n|\n|t:|1781434310\n|move|p2a: Oricorio|Quiver Dance|p2a: Oricorio\n|-boost|p2a: Oricorio|spa|1\n|-boost|p2a: Oricorio|spd|1\n|-boost|p2a: Oricorio|spe|1\n|move|p1a: Scream Tail|Thunder Wave|p2a: Oricorio\n|-status|p2a: Oricorio|par\n|\n|-heal|p1a: Scream Tail|309/330 psn|[from] item: Leftovers\n|-damage|p1a: Scream Tail|268/330 psn|[from] psn\n|upkeep\n|turn|8\n|\n|t:|1781434315\n|move|p1a: Scream Tail|Play Rough|p2a: Oricorio\n|-resisted|p2a: Oricorio\n|-damage|p2a: Oricorio|219/263 par\n|move|p2a: Oricorio|Quiver Dance|p2a: Oricorio\n|-boost|p2a: Oricorio|spa|1\n|-boost|p2a: Oricorio|spd|1\n|-boost|p2a: Oricorio|spe|1\n|\n|-heal|p1a: Scream Tail|288/330 psn|[from] item: Leftovers\n|-damage|p1a: Scream Tail|247/330 psn|[from] psn\n|upkeep\n|turn|9\n|\n|t:|1781434322\n|move|p2a: Oricorio|Hurricane|p1a: Scream Tail|[miss]\n|-miss|p2a: Oricorio|p1a: Scream Tail\n|move|p1a: Scream Tail|Wish|p1a: Scream Tail\n|\n|-heal|p1a: Scream Tail|267/330 psn|[from] item: Leftovers\n|-damage|p1a: Scream Tail|226/330 psn|[from] psn\n|upkeep\n|turn|10\n|\n|t:|1781434328\n|-end|p1a: Scream Tail|Protosynthesis|[silent]\n|switch|p1a: Golem|Golem, L87, F|281/281\n|-status|p1a: Golem|psn\n|move|p2a: Oricorio|Hurricane|p1a: Golem\n|-resisted|p1a: Golem\n|-damage|p1a: Golem|109/281 psn\n|\n|-heal|p1a: Golem|274/281 psn|[from] move: Wish|[wisher] Scream Tail\n|-damage|p1a: Golem|239/281 psn|[from] psn\n|upkeep\n|turn|11\n|\n|t:|1781434333\n|-terastallize|p2a: Oricorio|Ground\n|move|p2a: Oricorio|Revelation Dance|p1a: Golem\n|-supereffective|p1a: Golem\n|-damage|p1a: Golem|0 fnt\n|faint|p1a: Golem\n|\n|upkeep\n|\n|t:|1781434336\n|switch|p1a: Primarina|Primarina, L83, M|268/268\n|-status|p1a: Primarina|psn\n|turn|12\n|\n|t:|1781434340\n|move|p2a: Oricorio|Hurricane|p1a: Primarina|[miss]\n|-miss|p2a: Oricorio|p1a: Primarina\n|move|p1a: Primarina|Calm Mind|p1a: Primarina\n|-boost|p1a: Primarina|spa|1\n|-boost|p1a: Primarina|spd|1\n|\n|-damage|p1a: Primarina|235/268 psn|[from] psn\n|upkeep\n|turn|13\n|\n|t:|1781434342\n|cant|p2a: Oricorio|par\n|move|p1a: Primarina|Calm Mind|p1a: Primarina\n|-boost|p1a: Primarina|spa|1\n|-boost|p1a: Primarina|spd|1\n|\n|-heal|p1a: Primarina|251/268 psn|[from] item: Leftovers\n|-damage|p1a: Primarina|218/268 psn|[from] psn\n|upkeep\n|turn|14\n|\n|t:|1781434345\n|move|p2a: Oricorio|Hurricane|p1a: Primarina\n|-damage|p1a: Primarina|92/268 psn\n|move|p1a: Primarina|Calm Mind|p1a: Primarina\n|-boost|p1a: Primarina|spa|1\n|-boost|p1a: Primarina|spd|1\n|\n|-heal|p1a: Primarina|108/268 psn|[from] item: Leftovers\n|-damage|p1a: Primarina|75/268 psn|[from] psn\n|upkeep\n|turn|15\n|\n|t:|1781434348\n|move|p2a: Oricorio|Hurricane|p1a: Primarina\n|-damage|p1a: Primarina|0 fnt\n|faint|p1a: Primarina\n|\n|upkeep\n|-message|FantasyWind forfeited.\n|\n|win|castiel123\n", "inputlog": ">version a8376a258c1d4662feba110a92103f3664a72141\n>start {\"formatid\":\"gen9randombattle\",\"seed\":\"sodium,d2d991abdf27d1650450ecedf3d9f207\",\"rated\":\"Rated battle\"}\n>player p1 {\"name\":\"FantasyWind\",\"avatar\":\"rosa\",\"rating\":1955,\"seed\":\"sodium,138e010a6fd9032c43892f07b04224a0\"}\n>player p2 {\"name\":\"castiel123\",\"avatar\":\"265\",\"rating\":1924,\"seed\":\"sodium,5614f92539170d2e42a27c07ea819ae8\"}\n>p1 switch 6\n>p2 move dracometeor\n>p1 move drainingkiss\n>p2 switch 6\n>p1 switch 3\n>p2 move toxicspikes\n>p1 move toxicspikes\n>p2 move thunderbolt\n>p1 move toxicspikes\n>p2 switch 2\n>p1 switch 5\n>p2 move quiverdance\n>p1 move thunderwave\n>p2 move quiverdance\n>p1 move playrough\n>p2 move quiverdance\n>p1 move wish\n>p2 move hurricane\n>p1 switch 4\n>p2 move hurricane\n>p1 move stoneedge\n>p2 move revelationdance terastallize\n>p1 switch 3\n>p1 move calmmind\n>p2 move hurricane\n>p1 move calmmind\n>p2 move hurricane\n>p1 move calmmind\n>p2 move hurricane\n>p1 move sparklingaria\n>p2 move hurricane\n>forcelose p1", "uploadtime": 1781434238, "views": 4, "formatid": "gen9randombattle", "rating": null, "private": 0, "password": null}