{"id": "gen9randombattle-2631579783", "format": "[Gen 9] Random Battle", "players": ["latias999999999", "Lujay7"], "log": "|j|\u2606latias999999999\n|j|\u2606Lujay7\n|t:|1781404056\n|gametype|singles\n|player|p1|latias999999999|gardenia|2114\n|player|p2|Lujay7|101|2064\n|gen|9\n|tier|[Gen 9] Random Battle\n|rated|\n|rule|Species Clause: Limit one of each Pok\u00e9mon\n|rule|HP Percentage Mod: HP is shown in percentages\n|rule|Sleep Clause Mod: Limit one foe put to sleep\n|rule|Illusion Level Mod: Illusion disguises the Pok\u00e9mon's true level\n|\n|t:|1781404056\n|teamsize|p1|6\n|teamsize|p2|6\n|start\n|switch|p1a: Umbreon|Umbreon, L84, F|297/297\n|switch|p2a: Leafeon|Leafeon, L88, M|258/258\n|turn|1\n|inactive|Battle timer is ON: inactive players will automatically lose when time's up. (requested by Lujay7)\n|inactive|latias999999999 has 120 seconds left.\n|\n|t:|1781404097\n|move|p2a: Leafeon|Substitute|p2a: Leafeon\n|-start|p2a: Leafeon|Substitute\n|-damage|p2a: Leafeon|194/258\n|move|p1a: Umbreon|Toxic||[still]\n|-fail|p1a: Umbreon\n|\n|-heal|p2a: Leafeon|210/258|[from] item: Leftovers\n|upkeep\n|turn|2\n|\n|t:|1781404118\n|move|p2a: Leafeon|Knock Off|p1a: Umbreon\n|-resisted|p1a: Umbreon\n|-damage|p1a: Umbreon|259/297\n|-enditem|p1a: Umbreon|Leftovers|[from] move: Knock Off|[of] p2a: Leafeon\n|move|p1a: Umbreon|Foul Play|p2a: Leafeon\n|-end|p2a: Leafeon|Substitute\n|\n|-heal|p2a: Leafeon|226/258|[from] item: Leftovers\n|upkeep\n|turn|3\n|inactive|Lujay7 has 120 seconds left.\n|\n|t:|1781404167\n|move|p2a: Leafeon|Leaf Blade|p1a: Umbreon\n|-damage|p1a: Umbreon|160/297\n|move|p1a: Umbreon|Foul Play|p2a: Leafeon\n|-damage|p2a: Leafeon|147/258\n|\n|-heal|p2a: Leafeon|163/258|[from] item: Leftovers\n|upkeep\n|turn|4\n|\n|t:|1781404173\n|move|p2a: Leafeon|Leaf Blade|p1a: Umbreon\n|-damage|p1a: Umbreon|57/297\n|move|p1a: Umbreon|Wish|p1a: Umbreon\n|\n|-heal|p2a: Leafeon|179/258|[from] item: Leftovers\n|upkeep\n|turn|5\n|\n|t:|1781404181\n|move|p2a: Leafeon|Leaf Blade|p1a: Umbreon\n|-damage|p1a: Umbreon|0 fnt\n|faint|p1a: Umbreon\n|\n|-heal|p2a: Leafeon|195/258|[from] item: Leftovers\n|upkeep\n|\n|t:|1781404187\n|switch|p1a: Arbok|Arbok, L87, F|246/246\n|-ability|p1a: Arbok|Intimidate|boost\n|-unboost|p2a: Leafeon|atk|1\n|turn|6\n|inactive|Lujay7 has 90 seconds left.\n|\n|t:|1781404230\n|switch|p2a: Drifblim|Drifblim, L86, M|398/398\n|move|p1a: Arbok|Coil|p1a: Arbok\n|-boost|p1a: Arbok|atk|1\n|-boost|p1a: Arbok|def|1\n|-boost|p1a: Arbok|accuracy|1\n|\n|upkeep\n|turn|7\n|\n|t:|1781404257\n|move|p1a: Arbok|Coil|p1a: Arbok\n|-boost|p1a: Arbok|atk|1\n|-boost|p1a: Arbok|def|1\n|-boost|p1a: Arbok|accuracy|1\n|move|p2a: Drifblim|Strength Sap|p1a: Arbok\n|-unboost|p1a: Arbok|atk|1\n|\n|upkeep\n|turn|8\n|inactive|Lujay7 has 90 seconds left.\n|inactive|Lujay7 has 60 seconds left.\n|\n|t:|1781404299\n|move|p1a: Arbok|Coil|p1a: Arbok\n|-boost|p1a: Arbok|atk|1\n|-boost|p1a: Arbok|def|1\n|-boost|p1a: Arbok|accuracy|1\n|move|p2a: Drifblim|Strength Sap|p1a: Arbok\n|-unboost|p1a: Arbok|atk|1\n|\n|upkeep\n|turn|9\n|\n|t:|1781404304\n|move|p1a: Arbok|Coil|p1a: Arbok\n|-boost|p1a: Arbok|atk|1\n|-boost|p1a: Arbok|def|1\n|-boost|p1a: Arbok|accuracy|1\n|move|p2a: Drifblim|Shadow Ball|p1a: Arbok\n|-damage|p1a: Arbok|164/246\n|\n|-heal|p1a: Arbok|179/246|[from] item: Leftovers\n|upkeep\n|turn|10\n|\n|t:|1781404308\n|move|p1a: Arbok|Gunk Shot|p2a: Drifblim\n|-resisted|p2a: Drifblim\n|-damage|p2a: Drifblim|203/398\n|move|p2a: Drifblim|Strength Sap|p1a: Arbok\n|-unboost|p1a: Arbok|atk|1\n|-heal|p2a: Drifblim|398/398\n|\n|-heal|p1a: Arbok|194/246|[from] item: Leftovers\n|upkeep\n|turn|11\n|\n|t:|1781404311\n|move|p1a: Arbok|Coil|p1a: Arbok\n|-boost|p1a: Arbok|atk|1\n|-boost|p1a: Arbok|def|1\n|-boost|p1a: Arbok|accuracy|1\n|move|p2a: Drifblim|Shadow Ball|p1a: Arbok\n|-damage|p1a: Arbok|110/246\n|-unboost|p1a: Arbok|spd|1\n|\n|-heal|p1a: Arbok|125/246|[from] item: Leftovers\n|upkeep\n|turn|12\n|\n|t:|1781404314\n|move|p1a: Arbok|Sucker Punch||[still]\n|-fail|p1a: Arbok\n|move|p2a: Drifblim|Strength Sap|p1a: Arbok\n|-unboost|p1a: Arbok|atk|1\n|\n|-heal|p1a: Arbok|140/246|[from] item: Leftovers\n|upkeep\n|turn|13\n|\n|t:|1781404317\n|move|p1a: Arbok|Gunk Shot|p2a: Drifblim\n|-resisted|p2a: Drifblim\n|-damage|p2a: Drifblim|254/398\n|-status|p2a: Drifblim|psn\n|move|p2a: Drifblim|Shadow Ball|p1a: Arbok\n|-damage|p1a: Arbok|16/246\n|\n|-heal|p1a: Arbok|31/246|[from] item: Leftovers\n|-damage|p2a: Drifblim|205/398 psn|[from] psn\n|upkeep\n|turn|14\n|\n|t:|1781404323\n|move|p1a: Arbok|Gunk Shot|p2a: Drifblim\n|-resisted|p2a: Drifblim\n|-damage|p2a: Drifblim|63/398 psn\n|move|p2a: Drifblim|Shadow Ball|p1a: Arbok\n|-damage|p1a: Arbok|0 fnt\n|faint|p1a: Arbok\n|\n|-damage|p2a: Drifblim|14/398 psn|[from] psn\n|upkeep\n|\n|t:|1781404334\n|switch|p1a: Ting-Lu|Ting-Lu, L78|370/370\n|-ability|p1a: Ting-Lu|Vessel of Ruin\n|turn|15\n|inactive|Lujay7 has 120 seconds left.\n|\n|t:|1781404351\n|switch|p2a: Gastrodon|Gastrodon, L86, M|331/331\n|move|p1a: Ting-Lu|Stealth Rock|p2a: Gastrodon\n|-sidestart|p2: Lujay7|move: Stealth Rock\n|\n|upkeep\n|turn|16\n|\n|t:|1781404371\n|switch|p1a: Dusknoir|Dusknoir, L89, M|225/225\n|-item|p2a: Gastrodon|Leftovers|[from] ability: Frisk|[of] p1a: Dusknoir\n|move|p2a: Gastrodon|Stealth Rock|p1a: Dusknoir\n|-sidestart|p1: latias999999999|move: Stealth Rock\n|\n|upkeep\n|turn|17\n|\n|t:|1781404377\n|switch|p2a: Drifblim|Drifblim, L86, M|14/398 psn\n|move|p1a: Dusknoir|Substitute|p1a: Dusknoir\n|-start|p1a: Dusknoir|Substitute\n|-damage|p1a: Dusknoir|169/225\n|\n|-heal|p1a: Dusknoir|183/225|[from] item: Leftovers\n|-damage|p2a: Drifblim|0 fnt|[from] psn\n|faint|p2a: Drifblim\n|upkeep\n|\n|t:|1781404383\n|switch|p2a: Dragapult|Dragapult, L77, F|262/262\n|-damage|p2a: Dragapult|230/262|[from] Stealth Rock\n|turn|18\n|\n|t:|1781404388\n|-terastallize|p2a: Dragapult|Ghost\n|move|p2a: Dragapult|Shadow Ball|p1a: Dusknoir\n|-supereffective|p1a: Dusknoir\n|-damage|p1a: Dusknoir|0 fnt\n|faint|p1a: Dusknoir\n|\n|upkeep\n|\n|t:|1781404393\n|switch|p1a: Ting-Lu|Ting-Lu, L78|370/370\n|-damage|p1a: Ting-Lu|347/370|[from] Stealth Rock\n|-ability|p1a: Ting-Lu|Vessel of Ruin\n|turn|19\n|\n|t:|1781404397\n|switch|p2a: Gastrodon|Gastrodon, L86, M|331/331\n|-damage|p2a: Gastrodon|311/331|[from] Stealth Rock\n|switch|p1a: Manaphy|Manaphy, L78|284/284\n|-damage|p1a: Manaphy|249/284|[from] Stealth Rock\n|\n|-heal|p1a: Manaphy|266/284|[from] item: Leftovers\n|-heal|p2a: Gastrodon|331/331|[from] item: Leftovers\n|upkeep\n|turn|20\n|\n|t:|1781404424\n|switch|p2a: Ambipom|Ambipom, L84, M|263/263\n|-damage|p2a: Ambipom|231/263|[from] Stealth Rock\n|move|p1a: Manaphy|Tail Glow|p1a: Manaphy\n|-boost|p1a: Manaphy|spa|3\n|\n|-heal|p1a: Manaphy|283/284|[from] item: Leftovers\n|upkeep\n|turn|21\n|\n|t:|1781404431\n|move|p2a: Ambipom|Double-Edge|p1a: Manaphy\n|-damage|p1a: Manaphy|103/284\n|-damage|p2a: Ambipom|172/263|[from] Recoil\n|move|p1a: Manaphy|Surf|p2a: Ambipom\n|-damage|p2a: Ambipom|0 fnt\n|faint|p2a: Ambipom\n|\n|-heal|p1a: Manaphy|120/284|[from] item: Leftovers\n|upkeep\n|\n|t:|1781404445\n|switch|p2a: Greedent|Greedent, L86, M|347/347\n|-damage|p2a: Greedent|304/347|[from] Stealth Rock\n|turn|22\n|\n|t:|1781404453\n|-terastallize|p1a: Manaphy|Water\n|move|p1a: Manaphy|Surf|p2a: Greedent\n|-damage|p2a: Greedent|14/347\n|-enditem|p2a: Greedent|Sitrus Berry|[eat]\n|-heal|p2a: Greedent|100/347|[from] item: Sitrus Berry\n|-heal|p2a: Greedent|215/347|[from] ability: Cheek Pouch\n|move|p2a: Greedent|Body Slam|p1a: Manaphy\n|-damage|p1a: Manaphy|24/284\n|\n|-heal|p1a: Manaphy|41/284|[from] item: Leftovers\n|upkeep\n|turn|23\n|\n|t:|1781404470\n|move|p1a: Manaphy|Surf|p2a: Greedent\n|-damage|p2a: Greedent|0 fnt\n|faint|p2a: Greedent\n|\n|-heal|p1a: Manaphy|58/284|[from] item: Leftovers\n|upkeep\n|\n|t:|1781404472\n|switch|p2a: Leafeon|Leafeon, L88, M|195/258\n|-damage|p2a: Leafeon|163/258|[from] Stealth Rock\n|turn|24\n|\n|t:|1781404475\n|switch|p1a: Infernape|Infernape, L82, F|259/259\n|-damage|p1a: Infernape|227/259|[from] Stealth Rock\n|move|p2a: Leafeon|Leaf Blade|p1a: Infernape\n|-resisted|p1a: Infernape\n|-damage|p1a: Infernape|154/259\n|\n|-heal|p2a: Leafeon|179/258|[from] item: Leftovers\n|upkeep\n|turn|25\n|\n|t:|1781404481\n|switch|p2a: Gastrodon|Gastrodon, L86, M|331/331\n|-damage|p2a: Gastrodon|311/331|[from] Stealth Rock\n|move|p1a: Infernape|Flare Blitz|p2a: Gastrodon\n|-resisted|p2a: Gastrodon\n|-damage|p2a: Gastrodon|242/331\n|-damage|p1a: Infernape|131/259|[from] Recoil\n|\n|-heal|p2a: Gastrodon|262/331|[from] item: Leftovers\n|upkeep\n|turn|26\n|\n|t:|1781404486\n|switch|p1a: Ting-Lu|Ting-Lu, L78|347/370\n|-damage|p1a: Ting-Lu|324/370|[from] Stealth Rock\n|-ability|p1a: Ting-Lu|Vessel of Ruin\n|move|p2a: Gastrodon|Earthquake|p1a: Ting-Lu\n|-crit|p1a: Ting-Lu\n|-damage|p1a: Ting-Lu|201/370\n|\n|-heal|p2a: Gastrodon|282/331|[from] item: Leftovers\n|-heal|p1a: Ting-Lu|224/370|[from] item: Leftovers\n|upkeep\n|turn|27\n|\n|t:|1781404491\n|move|p2a: Gastrodon|Earthquake|p1a: Ting-Lu\n|-damage|p1a: Ting-Lu|146/370\n|move|p1a: Ting-Lu|Payback|p2a: Gastrodon\n|-damage|p2a: Gastrodon|159/331\n|\n|-heal|p2a: Gastrodon|179/331|[from] item: Leftovers\n|-heal|p1a: Ting-Lu|169/370|[from] item: Leftovers\n|upkeep\n|turn|28\n|\n|t:|1781404496\n|switch|p1a: Manaphy|Manaphy, L78, tera:Water|58/284\n|-damage|p1a: Manaphy|23/284|[from] Stealth Rock\n|move|p2a: Gastrodon|Earthquake|p1a: Manaphy\n|-damage|p1a: Manaphy|0 fnt\n|faint|p1a: Manaphy\n|\n|-heal|p2a: Gastrodon|199/331|[from] item: Leftovers\n|upkeep\n|-message|latias999999999 forfeited.\n|\n|win|Lujay7\n", "inputlog": ">version a8376a258c1d4662feba110a92103f3664a72141\n>start {\"formatid\":\"gen9randombattle\",\"seed\":\"sodium,9350116500d1bb7cc945628edfcdb566\",\"rated\":\"Rated battle\"}\n>player p1 {\"name\":\"latias999999999\",\"avatar\":\"gardenia\",\"rating\":2114,\"seed\":\"sodium,7b1109542e248d6351e9facae9b90594\"}\n>player p2 {\"name\":\"Lujay7\",\"avatar\":\"101\",\"rating\":2064,\"seed\":\"sodium,b937d4ee45f89798d4d68851225bba5a\"}\n>p1 move toxic\n>p2 move substitute\n>p1 move foulplay\n>p2 move knockoff\n>p1 move foulplay\n>p2 move leafblade\n>p1 move wish\n>p2 move leafblade\n>p1 move foulplay\n>p2 move leafblade\n>p1 switch 5\n>p1 move coil\n>p2 switch 5\n>p1 move coil\n>p2 move strengthsap\n>p1 move coil\n>p2 move strengthsap\n>p1 move coil\n>p2 move shadowball\n>p1 move gunkshot\n>p2 move strengthsap\n>p1 move coil\n>p2 move shadowball\n>p1 move suckerpunch\n>p2 move strengthsap\n>p1 move gunkshot\n>p2 move shadowball\n>p1 move gunkshot\n>p2 move shadowball\n>p1 switch 6\n>p1 move stealthrock\n>p2 switch 4\n>p1 switch 2\n>p2 move stealthrock\n>p1 move substitute\n>p2 switch 4\n>p2 switch 3\n>p1 move poltergeist\n>p2 move shadowball terastallize\n>p1 switch 2\n>p1 switch 3\n>p2 switch 4\n>p1 move tailglow\n>p2 switch 2\n>p1 move surf\n>p2 move doubleedge\n>p2 switch 6\n>p1 move surf terastallize\n>p2 move bodyslam\n>p1 move surf\n>p2 move bodyslam\n>p2 switch 5\n>p1 switch 4\n>p2 move leafblade\n>p1 move flareblitz\n>p2 switch 2\n>p1 switch 3\n>p2 move earthquake\n>p1 move payback\n>p2 move earthquake\n>p1 switch 4\n>p2 move earthquake\n>forcelose p1", "uploadtime": 1781404058, "views": 5, "formatid": "gen9randombattle", "rating": null, "private": 0, "password": null}