{"id": "gen9randombattle-2631943740", "format": "[Gen 9] Random Battle", "players": ["antibeato", "Geno New Age Thief"], "log": "|j|\u2606antibeato\n|j|\u2606Geno New Age Thief\n|t:|1781458336\n|gametype|singles\n|player|p1|antibeato|170|1991\n|player|p2|Geno New Age Thief|102|1989\n|gen|9\n|tier|[Gen 9] Random Battle\n|rated|\n|rule|Species Clause: Limit one of each Pok\u00e9mon\n|rule|HP Percentage Mod: HP is shown in percentages\n|rule|Sleep Clause Mod: Limit one foe put to sleep\n|rule|Illusion Level Mod: Illusion disguises the Pok\u00e9mon's true level\n|\n|t:|1781458336\n|teamsize|p1|6\n|teamsize|p2|6\n|start\n|switch|p1a: Ampharos|Ampharos, L88, F|302/302\n|switch|p2a: Ogerpon|Ogerpon, L80, F|219/219\n|turn|1\n|inactive|Battle timer is ON: inactive players will automatically lose when time's up. (requested by antibeato)\n|\n|t:|1781458344\n|switch|p2a: Ampharos|Ampharos, L88, F|302/302\n|move|p1a: Ampharos|Agility|p1a: Ampharos\n|-boost|p1a: Ampharos|spe|2\n|\n|upkeep\n|turn|2\n|\n|t:|1781458351\n|move|p1a: Ampharos|Dazzling Gleam|p2a: Ampharos\n|-damage|p2a: Ampharos|246/302\n|-damage|p1a: Ampharos|272/302|[from] item: Life Orb\n|move|p2a: Ampharos|Dragon Tail|p1a: Ampharos|[miss]\n|-miss|p2a: Ampharos|p1a: Ampharos\n|\n|upkeep\n|turn|3\n|\n|t:|1781458359\n|move|p1a: Ampharos|Focus Blast|p2a: Ampharos\n|-damage|p2a: Ampharos|164/302\n|-damage|p1a: Ampharos|242/302|[from] item: Life Orb\n|move|p2a: Ampharos|Dragon Tail|p1a: Ampharos\n|-damage|p1a: Ampharos|205/302\n|drag|p1a: Greedent|Greedent, L86, F|347/347\n|\n|upkeep\n|turn|4\n|\n|t:|1781458373\n|move|p2a: Ampharos|Volt Switch|p1a: Greedent\n|-damage|p1a: Greedent|241/347\n|\n|t:|1781458377\n|switch|p2a: Weezing|Weezing, L88, M|258/258|[from] Volt Switch\n|move|p1a: Greedent|Earthquake|p2a: Weezing\n|-immune|p2a: Weezing|[from] ability: Levitate\n|\n|upkeep\n|turn|5\n|\n|t:|1781458381\n|move|p2a: Weezing|Will-O-Wisp|p1a: Greedent\n|-status|p1a: Greedent|brn\n|move|p1a: Greedent|Body Slam|p2a: Weezing\n|-damage|p2a: Weezing|223/258\n|\n|-heal|p2a: Weezing|239/258|[from] item: Leftovers\n|-damage|p1a: Greedent|220/347 brn|[from] brn\n|upkeep\n|turn|6\n|\n|t:|1781458390\n|move|p2a: Weezing|Sludge Bomb|p1a: Greedent\n|-damage|p1a: Greedent|112/347 brn\n|-enditem|p1a: Greedent|Sitrus Berry|[eat]\n|-heal|p1a: Greedent|198/347 brn|[from] item: Sitrus Berry\n|-heal|p1a: Greedent|313/347 brn|[from] ability: Cheek Pouch\n|move|p1a: Greedent|Knock Off|p2a: Weezing\n|-damage|p2a: Weezing|215/258\n|-enditem|p2a: Weezing|Leftovers|[from] move: Knock Off|[of] p1a: Greedent\n|\n|-damage|p1a: Greedent|292/347 brn|[from] brn\n|upkeep\n|turn|7\n|\n|t:|1781458396\n|move|p2a: Weezing|Sludge Bomb|p1a: Greedent\n|-damage|p1a: Greedent|192/347 brn\n|move|p1a: Greedent|Body Slam|p2a: Weezing\n|-damage|p2a: Weezing|180/258\n|\n|-damage|p1a: Greedent|171/347 brn|[from] brn\n|upkeep\n|turn|8\n|\n|t:|1781458400\n|move|p2a: Weezing|Sludge Bomb|p1a: Greedent\n|-damage|p1a: Greedent|66/347 brn\n|move|p1a: Greedent|Body Slam|p2a: Weezing\n|-damage|p2a: Weezing|146/258\n|-status|p2a: Weezing|par\n|\n|-damage|p1a: Greedent|45/347 brn|[from] brn\n|upkeep\n|turn|9\n|\n|t:|1781458404\n|move|p1a: Greedent|Body Slam|p2a: Weezing\n|-damage|p2a: Weezing|110/258 par\n|move|p2a: Weezing|Sludge Bomb|p1a: Greedent\n|-damage|p1a: Greedent|0 fnt\n|faint|p1a: Greedent\n|\n|upkeep\n|\n|t:|1781458412\n|switch|p1a: Meowstic|Meowstic-F, L89, F|277/277\n|turn|10\n|\n|t:|1781458419\n|switch|p2a: Ampharos|Ampharos, L88, F|164/302\n|move|p1a: Meowstic|Nasty Plot|p1a: Meowstic\n|-boost|p1a: Meowstic|spa|2\n|\n|upkeep\n|turn|11\n|\n|t:|1781458423\n|move|p1a: Meowstic|Psyshock|p2a: Ampharos\n|-damage|p2a: Ampharos|0 fnt\n|faint|p2a: Ampharos\n|-damage|p1a: Meowstic|250/277|[from] item: Life Orb\n|\n|upkeep\n|\n|t:|1781458432\n|switch|p2a: Ogerpon|Ogerpon, L80, F|259/259\n|turn|12\n|\n|t:|1781458437\n|move|p1a: Meowstic|Psyshock|p2a: Ogerpon\n|-damage|p2a: Ogerpon|21/259\n|-damage|p1a: Meowstic|223/277|[from] item: Life Orb\n|move|p2a: Ogerpon|Knock Off|p1a: Meowstic\n|-supereffective|p1a: Meowstic\n|-damage|p1a: Meowstic|25/277\n|-enditem|p1a: Meowstic|Life Orb|[from] move: Knock Off|[of] p2a: Ogerpon\n|-damage|p2a: Ogerpon|0 fnt|[from] item: Life Orb\n|faint|p2a: Ogerpon\n|\n|upkeep\n|\n|t:|1781458445\n|switch|p2a: Sandslash|Sandslash-Alola, L88, M|275/275\n|turn|13\n|\n|t:|1781458452\n|move|p1a: Meowstic|Thunderbolt|p2a: Sandslash\n|-damage|p2a: Sandslash|117/275\n|-status|p2a: Sandslash|par\n|move|p2a: Sandslash|Rapid Spin|p1a: Meowstic\n|-damage|p1a: Meowstic|0 fnt\n|-boost|p2a: Sandslash|spe|1\n|faint|p1a: Meowstic\n|\n|-heal|p2a: Sandslash|134/275 par|[from] item: Leftovers\n|upkeep\n|\n|t:|1781458460\n|switch|p1a: Ampharos|Ampharos, L88, F|205/302\n|turn|14\n|\n|t:|1781458465\n|move|p1a: Ampharos|Thunderbolt|p2a: Sandslash\n|-damage|p2a: Sandslash|0 fnt\n|faint|p2a: Sandslash\n|-damage|p1a: Ampharos|175/302|[from] item: Life Orb\n|\n|upkeep\n|\n|t:|1781458474\n|switch|p2a: Ursaring|Ursaring, L84, F|288/288\n|turn|15\n|\n|t:|1781458478\n|move|p1a: Ampharos|Focus Blast|p2a: Ursaring\n|-supereffective|p2a: Ursaring\n|-damage|p2a: Ursaring|0 fnt\n|faint|p2a: Ursaring\n|-damage|p1a: Ampharos|145/302|[from] item: Life Orb\n|\n|upkeep\n|\n|t:|1781458482\n|switch|p2a: Weezing|Weezing, L88, M|110/258 par\n|turn|16\n|\n|t:|1781458485\n|move|p1a: Ampharos|Thunderbolt|p2a: Weezing\n|-damage|p2a: Weezing|0 fnt\n|faint|p2a: Weezing\n|-damage|p1a: Ampharos|115/302|[from] item: Life Orb\n|\n|upkeep\n|\n|t:|1781458487\n|switch|p2a: Zoroark|Zoroark-Hisui, L80, M|219/219\n|turn|17\n|\n|t:|1781458494\n|move|p2a: Zoroark|Poltergeist|p1a: Ampharos\n|-activate|p1a: Ampharos|move: Poltergeist|Life Orb\n|-damage|p1a: Ampharos|0 fnt\n|faint|p1a: Ampharos\n|-damage|p2a: Zoroark|198/219|[from] item: Life Orb\n|\n|upkeep\n|\n|t:|1781458504\n|switch|p1a: Venusaur|Venusaur, L84, F|272/272\n|turn|18\n|\n|t:|1781458508\n|move|p2a: Zoroark|Poltergeist|p1a: Venusaur\n|-activate|p1a: Venusaur|move: Poltergeist|Leftovers\n|-damage|p1a: Venusaur|124/272\n|-damage|p2a: Zoroark|177/219|[from] item: Life Orb\n|move|p1a: Venusaur|Energy Ball|p2a: Zoroark\n|-damage|p2a: Zoroark|54/219\n|\n|-heal|p1a: Venusaur|141/272|[from] item: Leftovers\n|upkeep\n|turn|19\n|\n|t:|1781458512\n|move|p2a: Zoroark|Hyper Voice|p1a: Venusaur\n|-damage|p1a: Venusaur|16/272\n|-damage|p2a: Zoroark|33/219|[from] item: Life Orb\n|move|p1a: Venusaur|Energy Ball|p2a: Zoroark\n|-damage|p2a: Zoroark|0 fnt\n|faint|p2a: Zoroark\n|\n|win|antibeato\n", "inputlog": ">version a8376a258c1d4662feba110a92103f3664a72141\n>start {\"formatid\":\"gen9randombattle\",\"seed\":\"sodium,9a38438ac5e677914d9682088076d4d2\",\"rated\":\"Rated battle\"}\n>player p1 {\"name\":\"antibeato\",\"avatar\":\"170\",\"rating\":1991,\"seed\":\"sodium,f5abceef1fe41970578d430b525d198d\"}\n>player p2 {\"name\":\"Geno New Age Thief\",\"avatar\":\"102\",\"rating\":1989,\"seed\":\"sodium,ad768e96f75479fef0f7cd7ccefbb1d0\"}\n>p1 move agility\n>p2 switch 4\n>p1 move dazzlinggleam\n>p2 move dragontail\n>p1 move focusblast\n>p2 move dragontail\n>p1 move earthquake\n>p2 move voltswitch\n>p2 switch 3\n>p1 move bodyslam\n>p2 move willowisp\n>p1 move knockoff\n>p2 move sludgebomb\n>p1 move bodyslam\n>p2 move sludgebomb\n>p1 move bodyslam\n>p2 move sludgebomb\n>p1 move bodyslam\n>p2 move sludgebomb\n>p1 switch 3\n>p1 move nastyplot\n>p2 switch 3\n>p1 move psyshock\n>p2 move dragontail\n>p2 switch 6\n>p1 move psyshock\n>p2 move knockoff\n>p2 switch 5\n>p1 move thunderbolt\n>p2 move rapidspin\n>p1 switch 5\n>p1 move thunderbolt\n>p2 move earthquake\n>p2 switch 2\n>p1 move focusblast\n>p2 move swordsdance\n>p2 switch 3\n>p1 move thunderbolt\n>p2 move sludgebomb\n>p2 switch 4\n>p1 move thunderbolt\n>p2 move poltergeist\n>p1 switch 2\n>p1 move energyball\n>p2 move poltergeist\n>p1 move energyball\n>p2 move hypervoice", "uploadtime": 1781458337, "views": 4, "formatid": "gen9randombattle", "rating": null, "private": 0, "password": null}