{"id": "gen9randombattle-2631524798", "format": "[Gen 9] Random Battle", "players": ["IchabodRb", "nocomment3"], "log": "|j|\u2606IchabodRb\n|j|\u2606nocomment3\n|t:|1781396474\n|gametype|singles\n|player|p1|IchabodRb|101|2058\n|player|p2|nocomment3|2|2156\n|gen|9\n|tier|[Gen 9] Random Battle\n|rated|\n|rule|Species Clause: Limit one of each Pok\u00e9mon\n|rule|HP Percentage Mod: HP is shown in percentages\n|rule|Sleep Clause Mod: Limit one foe put to sleep\n|rule|Illusion Level Mod: Illusion disguises the Pok\u00e9mon's true level\n|\n|t:|1781396475\n|teamsize|p1|6\n|teamsize|p2|6\n|start\n|switch|p1a: Houndoom|Houndoom, L87, F|272/272\n|switch|p2a: Vigoroth|Vigoroth, L85, F|275/275\n|turn|1\n|\n|t:|1781396490\n|move|p1a: Houndoom|Nasty Plot|p1a: Houndoom\n|-boost|p1a: Houndoom|spa|2\n|move|p2a: Vigoroth|Earthquake|p1a: Houndoom\n|-supereffective|p1a: Houndoom\n|-damage|p1a: Houndoom|76/272\n|\n|upkeep\n|turn|2\n|\n|t:|1781396506\n|move|p1a: Houndoom|Fire Blast|p2a: Vigoroth\n|-damage|p2a: Vigoroth|29/275\n|move|p2a: Vigoroth|Body Slam|p1a: Houndoom\n|-damage|p1a: Houndoom|0 fnt\n|faint|p1a: Houndoom\n|\n|upkeep\n|\n|t:|1781396516\n|switch|p1a: Sinistcha|Sinistcha-Masterpiece, L83|254/254\n|turn|3\n|\n|t:|1781396523\n|switch|p2a: Muk|Muk-Alola, L82, M|306/306\n|move|p1a: Sinistcha|Calm Mind|p1a: Sinistcha\n|-boost|p1a: Sinistcha|spa|1\n|-boost|p1a: Sinistcha|spd|1\n|\n|upkeep\n|turn|4\n|\n|t:|1781396531\n|switch|p1a: Muk|Muk-Alola, L82, M|306/306\n|move|p2a: Muk|Knock Off|p1a: Muk\n|-resisted|p1a: Muk\n|-damage|p1a: Muk|249/306\n|-enditem|p1a: Muk|Assault Vest|[from] move: Knock Off|[of] p2a: Muk\n|\n|upkeep\n|turn|5\n|\n|t:|1781396539\n|move|p1a: Muk|Knock Off|p2a: Muk\n|-resisted|p2a: Muk\n|-damage|p2a: Muk|249/306\n|-enditem|p2a: Muk|Assault Vest|[from] move: Knock Off|[of] p1a: Muk\n|move|p2a: Muk|Drain Punch|p1a: Muk\n|-damage|p1a: Muk|183/306\n|-heal|p2a: Muk|282/306|[from] drain|[of] p1a: Muk\n|\n|upkeep\n|turn|6\n|\n|t:|1781396549\n|switch|p2a: Toxicroak|Toxicroak, L84, M|277/277\n|move|p1a: Muk|Drain Punch|p2a: Toxicroak\n|-resisted|p2a: Toxicroak\n|-damage|p2a: Toxicroak|246/277\n|-heal|p1a: Muk|199/306|[from] drain|[of] p2a: Toxicroak\n|\n|upkeep\n|turn|7\n|\n|t:|1781396565\n|move|p2a: Toxicroak|Close Combat|p1a: Muk\n|-crit|p1a: Muk\n|-damage|p1a: Muk|0 fnt\n|-unboost|p2a: Toxicroak|def|1\n|-unboost|p2a: Toxicroak|spd|1\n|faint|p1a: Muk\n|\n|upkeep\n|\n|t:|1781396572\n|switch|p1a: Sinistcha|Sinistcha-Masterpiece, L83|254/254\n|turn|8\n|\n|t:|1781396578\n|switch|p2a: Vigoroth|Vigoroth, L85, F|29/275\n|switch|p1a: Stonjourner|Stonjourner, L91, M|330/330\n|\n|upkeep\n|turn|9\n|\n|t:|1781396586\n|move|p2a: Vigoroth|Body Slam|p1a: Stonjourner\n|-resisted|p1a: Stonjourner\n|-damage|p1a: Stonjourner|306/330\n|move|p1a: Stonjourner|Rock Polish|p1a: Stonjourner\n|-boost|p1a: Stonjourner|spe|2\n|\n|upkeep\n|turn|10\n|\n|t:|1781396593\n|move|p1a: Stonjourner|Earthquake|p2a: Vigoroth\n|-damage|p2a: Vigoroth|0 fnt\n|faint|p2a: Vigoroth\n|-damage|p1a: Stonjourner|273/330|[from] item: Life Orb\n|\n|upkeep\n|\n|t:|1781396600\n|switch|p2a: Reuniclus|Reuniclus, L88, M|337/337\n|turn|11\n|\n|t:|1781396605\n|switch|p1a: Milotic|Milotic, L83, F|293/293\n|move|p2a: Reuniclus|Focus Blast|p1a: Milotic\n|-damage|p1a: Milotic|186/293\n|\n|-heal|p1a: Milotic|204/293|[from] item: Leftovers\n|upkeep\n|turn|12\n|\n|t:|1781396615\n|move|p1a: Milotic|Ice Beam|p2a: Reuniclus\n|-damage|p2a: Reuniclus|273/337\n|move|p2a: Reuniclus|Calm Mind|p2a: Reuniclus\n|-boost|p2a: Reuniclus|spa|1\n|-boost|p2a: Reuniclus|spd|1\n|\n|-heal|p1a: Milotic|222/293|[from] item: Leftovers\n|upkeep\n|turn|13\n|j| random0person__\n|\n|t:|1781396624\n|move|p2a: Reuniclus|Psyshock|p1a: Milotic\n|-damage|p1a: Milotic|0 fnt\n|faint|p1a: Milotic\n|\n|upkeep\n|\n|t:|1781396632\n|switch|p1a: Arboliva|Arboliva, L91, M|288/288\n|turn|14\n|\n|t:|1781396637\n|move|p1a: Arboliva|Substitute|p1a: Arboliva\n|-start|p1a: Arboliva|Substitute\n|-damage|p1a: Arboliva|216/288\n|move|p2a: Reuniclus|Focus Blast|p1a: Arboliva|[miss]\n|-miss|p2a: Reuniclus|p1a: Arboliva\n|\n|upkeep\n|turn|15\n|\n|t:|1781396644\n|move|p1a: Arboliva|Hyper Voice|p2a: Reuniclus\n|-damage|p2a: Reuniclus|188/337\n|move|p2a: Reuniclus|Psyshock|p1a: Arboliva\n|-end|p1a: Arboliva|Substitute\n|\n|upkeep\n|turn|16\n|\n|t:|1781396653\n|move|p1a: Arboliva|Hyper Voice|p2a: Reuniclus\n|-damage|p2a: Reuniclus|94/337\n|move|p2a: Reuniclus|Recover|p2a: Reuniclus\n|-heal|p2a: Reuniclus|263/337\n|\n|upkeep\n|turn|17\n|-message|IchabodRb forfeited.\n|\n|win|nocomment3\n", "inputlog": ">version a8376a258c1d4662feba110a92103f3664a72141\n>start {\"formatid\":\"gen9randombattle\",\"seed\":\"sodium,cc90f05ff228aeefeb70c1c35699494f\",\"rated\":\"Rated battle\"}\n>player p1 {\"name\":\"IchabodRb\",\"avatar\":\"101\",\"rating\":2058,\"seed\":\"sodium,12f4e65592a73a2411aa766f2f6d607d\"}\n>player p2 {\"name\":\"nocomment3\",\"avatar\":\"2\",\"rating\":2156,\"seed\":\"sodium,9e2a4543a7571317570ac7e17cc20c23\"}\n>p1 move nastyplot\n>p2 move earthquake\n>p1 move fireblast\n>p2 move bodyslam\n>p1 switch 4\n>p1 move calmmind\n>p2 switch 3\n>p1 switch 3\n>p2 move knockoff\n>p1 move knockoff\n>p2 move drainpunch\n>p1 move drainpunch\n>p2 switch 5\n>p1 move knockoff\n>p2 move closecombat\n>p1 switch 3\n>p1 switch 5\n>p2 switch 3\n>p1 move rockpolish\n>p2 move bodyslam\n>p1 move earthquake\n>p2 move earthquake\n>p2 switch 6\n>p1 switch 6\n>p2 move focusblast\n>p1 move icebeam\n>p2 move calmmind\n>p1 move dragontail\n>p2 move psyshock\n>p1 switch 2\n>p1 move substitute\n>p2 move focusblast\n>p1 move hypervoice\n>p2 move psyshock\n>p1 move hypervoice\n>p2 move recover\n>forcelose p1", "uploadtime": 1781396477, "views": 8, "formatid": "gen9randombattle", "rating": null, "private": 0, "password": null}