{"id": "gen9randombattle-2631806277", "format": "[Gen 9] Random Battle", "players": ["imover923", "enaser17"], "log": "|j|\u2606imover923\n|j|\u2606enaser17\n|t:|1781442379\n|gametype|singles\n|player|p1|imover923|266|1862\n|player|p2|enaser17|skyla|1953\n|gen|9\n|tier|[Gen 9] Random Battle\n|rated|\n|rule|Species Clause: Limit one of each Pok\u00e9mon\n|rule|HP Percentage Mod: HP is shown in percentages\n|rule|Sleep Clause Mod: Limit one foe put to sleep\n|rule|Illusion Level Mod: Illusion disguises the Pok\u00e9mon's true level\n|\n|t:|1781442379\n|teamsize|p1|6\n|teamsize|p2|6\n|start\n|switch|p1a: Raikou|Raikou, L81|278/278\n|switch|p2a: Bruxish|Bruxish, L85, M|254/254\n|-ability|p1a: Raikou|Pressure\n|turn|1\n|\n|t:|1781442390\n|switch|p2a: Hippowdon|Hippowdon, L82, F|311/311\n|-weather|Sandstorm|[from] ability: Sand Stream|[of] p2a: Hippowdon\n|move|p1a: Raikou|Thunderbolt|p2a: Hippowdon\n|-immune|p2a: Hippowdon\n|\n|-weather|Sandstorm|[upkeep]\n|-damage|p1a: Raikou|261/278|[from] Sandstorm\n|-heal|p1a: Raikou|278/278|[from] item: Leftovers\n|upkeep\n|turn|2\n|\n|t:|1781442402\n|move|p1a: Raikou|Scald|p2a: Hippowdon\n|-supereffective|p2a: Hippowdon\n|-damage|p2a: Hippowdon|167/311\n|-status|p2a: Hippowdon|brn\n|move|p2a: Hippowdon|Whirlwind|p1a: Raikou\n|drag|p1a: Toucannon|Toucannon, L88, M|284/284\n|\n|-weather|Sandstorm|[upkeep]\n|-damage|p1a: Toucannon|267/284|[from] Sandstorm\n|-heal|p2a: Hippowdon|186/311 brn|[from] item: Leftovers\n|-damage|p2a: Hippowdon|167/311 brn|[from] brn\n|upkeep\n|turn|3\n|\n|t:|1781442411\n|switch|p2a: Magcargo|Magcargo, L95, F|268/268\n|move|p1a: Toucannon|Boomburst|p2a: Magcargo\n|-resisted|p2a: Magcargo\n|-damage|p2a: Magcargo|225/268\n|\n|-weather|Sandstorm|[upkeep]\n|-damage|p1a: Toucannon|250/284|[from] Sandstorm\n|upkeep\n|turn|4\n|\n|t:|1781442418\n|switch|p1a: Poliwrath|Poliwrath, L88, F|302/302\n|move|p2a: Magcargo|Power Gem|p1a: Poliwrath\n|-resisted|p1a: Poliwrath\n|-damage|p1a: Poliwrath|252/302\n|\n|-weather|Sandstorm|[upkeep]\n|-damage|p1a: Poliwrath|234/302|[from] Sandstorm\n|upkeep\n|turn|5\n|\n|t:|1781442424\n|switch|p2a: Bruxish|Bruxish, L85, M|254/254\n|move|p1a: Poliwrath|Rain Dance|p1a: Poliwrath\n|-weather|RainDance\n|\n|-weather|RainDance|[upkeep]\n|upkeep\n|turn|6\n|\n|t:|1781442430\n|move|p1a: Poliwrath|Knock Off|p2a: Bruxish\n|-supereffective|p2a: Bruxish\n|-damage|p2a: Bruxish|12/254\n|-enditem|p2a: Bruxish|Choice Scarf|[from] move: Knock Off|[of] p1a: Poliwrath\n|-damage|p1a: Poliwrath|204/302|[from] item: Life Orb\n|move|p2a: Bruxish|Psychic Fangs|p1a: Poliwrath\n|-supereffective|p1a: Poliwrath\n|-damage|p1a: Poliwrath|0 fnt\n|faint|p1a: Poliwrath\n|\n|-weather|RainDance|[upkeep]\n|upkeep\n|\n|t:|1781442437\n|switch|p1a: Scream Tail|Scream Tail, L84|330/330\n|turn|7\n|\n|t:|1781442445\n|-end|p1a: Scream Tail|Protosynthesis|[silent]\n|switch|p1a: Venusaur|Venusaur, L84, M|272/272\n|move|p2a: Bruxish|Wave Crash|p1a: Venusaur\n|-resisted|p1a: Venusaur\n|-damage|p1a: Venusaur|169/272\n|-damage|p2a: Bruxish|0 fnt|[from] Recoil\n|faint|p2a: Bruxish\n|\n|-weather|RainDance|[upkeep]\n|-heal|p1a: Venusaur|186/272|[from] item: Leftovers\n|upkeep\n|\n|t:|1781442464\n|switch|p2a: Porygon-Z|Porygon-Z, L83|277/277\n|turn|8\n|\n|t:|1781442483\n|switch|p1a: Sudowoodo|Sudowoodo, L94, F|284/284\n|move|p2a: Porygon-Z|Tri Attack|p1a: Sudowoodo\n|-resisted|p1a: Sudowoodo\n|-damage|p1a: Sudowoodo|203/284\n|\n|-weather|RainDance|[upkeep]\n|upkeep\n|turn|9\n|\n|t:|1781442488\n|switch|p2a: Hippowdon|Hippowdon, L82, F|167/311 brn\n|-weather|Sandstorm|[from] ability: Sand Stream|[of] p2a: Hippowdon\n|move|p1a: Sudowoodo|Wood Hammer|p2a: Hippowdon\n|-supereffective|p2a: Hippowdon\n|-damage|p2a: Hippowdon|0 fnt\n|faint|p2a: Hippowdon\n|\n|-weather|Sandstorm|[upkeep]\n|upkeep\n|\n|t:|1781442499\n|switch|p2a: Magcargo|Magcargo, L95, F|225/268\n|turn|10\n|\n|t:|1781442509\n|switch|p1a: Raikou|Raikou, L81|278/278\n|-ability|p1a: Raikou|Pressure\n|move|p2a: Magcargo|Earth Power|p1a: Raikou\n|-supereffective|p1a: Raikou\n|-damage|p1a: Raikou|130/278\n|-unboost|p1a: Raikou|spd|1\n|\n|-weather|Sandstorm|[upkeep]\n|-damage|p1a: Raikou|113/278|[from] Sandstorm\n|-heal|p1a: Raikou|130/278|[from] item: Leftovers\n|upkeep\n|turn|11\n|\n|t:|1781442513\n|move|p1a: Raikou|Scald|p2a: Magcargo\n|-supereffective|p2a: Magcargo\n|-damage|p2a: Magcargo|73/268\n|move|p2a: Magcargo|Shell Smash|p2a: Magcargo\n|-unboost|p2a: Magcargo|def|1\n|-unboost|p2a: Magcargo|spd|1\n|-boost|p2a: Magcargo|atk|2\n|-boost|p2a: Magcargo|spa|2\n|-boost|p2a: Magcargo|spe|2\n|\n|-weather|Sandstorm|[upkeep]\n|-damage|p1a: Raikou|113/278|[from] Sandstorm\n|-heal|p1a: Raikou|130/278|[from] item: Leftovers\n|upkeep\n|turn|12\n|c|\u2606enaser17|im not faster lol\n|\n|t:|1781442527\n|move|p1a: Raikou|Thunderbolt|p2a: Magcargo\n|-damage|p2a: Magcargo|0 fnt\n|faint|p2a: Magcargo\n|\n|-weather|Sandstorm|[upkeep]\n|-damage|p1a: Raikou|113/278|[from] Sandstorm\n|-heal|p1a: Raikou|130/278|[from] item: Leftovers\n|upkeep\n|\n|t:|1781442531\n|switch|p2a: Porygon-Z|Porygon-Z, L83|277/277\n|turn|13\n|c|\u2606imover923|i no your not\n|c|\u2606enaser17|hes not a speedy horse\n|c|\u2606imover923|hes a slug.\n|c|\u2606enaser17|hes a horse\n|c|\u2606enaser17|just slow\n|c|\u2606imover923|im giong to report you\n|c|\u2606enaser17|hes part of the horse council\n|c|\u2606enaser17|respect him\n|c|\u2606imover923|you ahev been reported officially\n|\n|t:|1781442617\n|move|p2a: Porygon-Z|Tri Attack|p1a: Raikou\n|-damage|p1a: Raikou|0 fnt\n|faint|p1a: Raikou\n|\n|-weather|none\n|upkeep\n|\n|t:|1781442621\n|switch|p1a: Sudowoodo|Sudowoodo, L94, F|203/284\n|turn|14\n|\n|t:|1781442626\n|switch|p2a: Magmortar|Magmortar, L88, F|275/275\n|move|p1a: Sudowoodo|Head Smash|p2a: Magmortar\n|-supereffective|p2a: Magmortar\n|-damage|p2a: Magmortar|0 fnt\n|faint|p2a: Magmortar\n|\n|upkeep\n|\n|t:|1781442627\n|switch|p2a: Iron Bundle|Iron Bundle, L78|215/215\n|turn|15\n|\n|t:|1781442635\n|switch|p1a: Scream Tail|Scream Tail, L84|330/330\n|move|p2a: Iron Bundle|Hydro Pump|p1a: Scream Tail\n|-damage|p1a: Scream Tail|230/330\n|\n|-heal|p1a: Scream Tail|250/330|[from] item: Leftovers\n|upkeep\n|turn|16\n|\n|t:|1781442642\n|-end|p2a: Iron Bundle|Quark Drive|[silent]\n|switch|p2a: Porygon-Z|Porygon-Z, L83|277/277\n|move|p1a: Scream Tail|Thunder Wave|p2a: Porygon-Z\n|-status|p2a: Porygon-Z|par\n|\n|-heal|p1a: Scream Tail|270/330|[from] item: Leftovers\n|upkeep\n|turn|17\n|\n|t:|1781442647\n|move|p1a: Scream Tail|Protect|p1a: Scream Tail\n|-singleturn|p1a: Scream Tail|Protect\n|move|p2a: Porygon-Z|Tri Attack|p1a: Scream Tail\n|-activate|p1a: Scream Tail|move: Protect\n|\n|-heal|p1a: Scream Tail|290/330|[from] item: Leftovers\n|upkeep\n|turn|18\n|\n|t:|1781442656\n|-end|p1a: Scream Tail|Protosynthesis|[silent]\n|switch|p1a: Sudowoodo|Sudowoodo, L94, F|203/284\n|move|p2a: Porygon-Z|Tri Attack|p1a: Sudowoodo\n|-resisted|p1a: Sudowoodo\n|-damage|p1a: Sudowoodo|116/284\n|\n|upkeep\n|turn|19\n|\n|t:|1781442670\n|cant|p2a: Porygon-Z|par\n|move|p1a: Sudowoodo|Head Smash|p2a: Porygon-Z\n|-damage|p2a: Porygon-Z|0 fnt\n|faint|p2a: Porygon-Z\n|\n|upkeep\n|\n|t:|1781442672\n|switch|p2a: Iron Bundle|Iron Bundle, L78|215/215\n|turn|20\n|\n|t:|1781442678\n|-terastallize|p2a: Iron Bundle|Ice\n|move|p2a: Iron Bundle|Ice Beam|p1a: Sudowoodo\n|-damage|p1a: Sudowoodo|0 fnt\n|faint|p1a: Sudowoodo\n|\n|upkeep\n|\n|t:|1781442686\n|switch|p1a: Scream Tail|Scream Tail, L84|290/330\n|turn|21\n|\n|t:|1781442689\n|move|p2a: Iron Bundle|Ice Beam|p1a: Scream Tail\n|-damage|p1a: Scream Tail|188/330\n|move|p1a: Scream Tail|Thunder Wave|p2a: Iron Bundle|[miss]\n|-miss|p1a: Scream Tail|p2a: Iron Bundle\n|\n|-heal|p1a: Scream Tail|208/330|[from] item: Leftovers\n|upkeep\n|turn|22\n|\n|t:|1781442694\n|move|p2a: Iron Bundle|Ice Beam|p1a: Scream Tail\n|-damage|p1a: Scream Tail|88/330\n|move|p1a: Scream Tail|Thunder Wave|p2a: Iron Bundle\n|-status|p2a: Iron Bundle|par\n|\n|-heal|p1a: Scream Tail|108/330|[from] item: Leftovers\n|upkeep\n|turn|23\n|\n|t:|1781442698\n|move|p1a: Scream Tail|Protect|p1a: Scream Tail\n|-singleturn|p1a: Scream Tail|Protect\n|move|p2a: Iron Bundle|Ice Beam|p1a: Scream Tail\n|-activate|p1a: Scream Tail|move: Protect\n|\n|-heal|p1a: Scream Tail|128/330|[from] item: Leftovers\n|upkeep\n|turn|24\n|\n|t:|1781442710\n|move|p1a: Scream Tail|Wish|p1a: Scream Tail\n|move|p2a: Iron Bundle|Encore|p1a: Scream Tail\n|-start|p1a: Scream Tail|Encore\n|\n|-heal|p1a: Scream Tail|148/330|[from] item: Leftovers\n|upkeep\n|turn|25\n|\n|t:|1781442714\n|move|p1a: Scream Tail|Wish||[still]\n|-fail|p1a: Scream Tail\n|move|p2a: Iron Bundle|Ice Beam|p1a: Scream Tail\n|-damage|p1a: Scream Tail|32/330\n|\n|-heal|p1a: Scream Tail|197/330|[from] move: Wish|[wisher] Scream Tail\n|-heal|p1a: Scream Tail|217/330|[from] item: Leftovers\n|upkeep\n|turn|26\n|\n|t:|1781442721\n|move|p1a: Scream Tail|Wish|p1a: Scream Tail\n|cant|p2a: Iron Bundle|par\n|\n|-heal|p1a: Scream Tail|237/330|[from] item: Leftovers\n|upkeep\n|turn|27\n|-message|enaser17 forfeited.\n|\n|win|imover923\n", "inputlog": ">version a8376a258c1d4662feba110a92103f3664a72141\n>start {\"formatid\":\"gen9randombattle\",\"seed\":\"sodium,0d96a11eb48113003af4ca49bfdcb1a4\",\"rated\":\"Rated battle\"}\n>player p1 {\"name\":\"imover923\",\"avatar\":\"266\",\"rating\":1862,\"seed\":\"sodium,a79217236c944d8ac24ac0e1448096e3\"}\n>player p2 {\"name\":\"enaser17\",\"avatar\":\"skyla\",\"rating\":1953,\"seed\":\"sodium,c585330fe19a941f9c2744e3dbfaad8d\"}\n>p1 move thunderbolt\n>p2 switch 6\n>p1 move scald\n>p2 move whirlwind\n>p1 move boomburst\n>p2 switch 5\n>p1 switch 2\n>p2 move powergem\n>p1 move raindance\n>p2 switch 6\n>p1 move knockoff\n>p2 move psychicfangs\n>p1 switch 3\n>p1 switch 6\n>p2 move wavecrash\n>p2 switch 3\n>p1 switch 5\n>p2 move triattack\n>p1 move woodhammer\n>p2 switch 5\n>p2 switch 6\n>p1 switch 4\n>p2 move earthpower\n>p1 move scald\n>p2 move shellsmash\n>chat \u2606enaser17|im not faster lol\n>p1 move thunderbolt\n>p2 move earthpower\n>p2 switch 5\n>chat \u2606imover923|i no your not\n>chat \u2606enaser17|hes not a speedy horse\n>chat \u2606imover923|hes a slug.\n>chat \u2606enaser17|hes a horse\n>chat \u2606enaser17|just slow\n>chat \u2606imover923|im giong to report you \n>chat \u2606enaser17|hes part of the horse council\n>chat \u2606enaser17|respect him\n>chat \u2606imover923|you ahev been reported officially\n>p1 move thunderbolt\n>p2 move triattack\n>p1 switch 4\n>p1 move headsmash\n>p2 switch 2\n>p2 switch 4\n>p1 switch 6\n>p2 move hydropump\n>p1 move thunderwave\n>p2 switch 2\n>p1 move protect\n>p2 move triattack\n>p1 switch 6\n>p2 move triattack\n>p1 move headsmash\n>p2 move triattack\n>p2 switch 2\n>p1 move headsmash\n>p2 move icebeam terastallize\n>p1 switch 6\n>p1 move thunderwave\n>p2 move icebeam\n>p1 move thunderwave\n>p2 move icebeam\n>p1 move protect\n>p2 move icebeam\n>p1 move wish\n>p2 move encore\n>p1 move wish\n>p2 move icebeam\n>p1 move wish\n>p2 move icebeam\n>forcelose p2", "uploadtime": 1781442605, "views": 4, "formatid": "gen9randombattle", "rating": null, "private": 0, "password": null}