{"id": "gen9randombattle-2631779661", "format": "[Gen 9] Random Battle", "players": ["megajynx101", "grass1234567"], "log": "|j|\u2606megajynx101\n|j|\u2606grass1234567\n|t:|1781438442\n|gametype|singles\n|player|p1|megajynx101|blackbelt-gen4dp|2141\n|player|p2|grass1234567|pokemaniac|2071\n|gen|9\n|tier|[Gen 9] Random Battle\n|rated|\n|rule|Species Clause: Limit one of each Pok\u00e9mon\n|rule|HP Percentage Mod: HP is shown in percentages\n|rule|Sleep Clause Mod: Limit one foe put to sleep\n|rule|Illusion Level Mod: Illusion disguises the Pok\u00e9mon's true level\n|\n|t:|1781438442\n|teamsize|p1|6\n|teamsize|p2|6\n|start\n|switch|p1a: Miraidon|Miraidon, L65|238/238\n|switch|p2a: Porygon-Z|Porygon-Z, L83|277/277\n|-fieldstart|move: Electric Terrain|[from] ability: Hadron Engine|[of] p1a: Miraidon\n|turn|1\n|\n|t:|1781438469\n|move|p1a: Miraidon|Volt Switch|p2a: Porygon-Z\n|-damage|p2a: Porygon-Z|99/277\n|\n|t:|1781438475\n|switch|p1a: Dipplin|Dipplin, L88, F|284/284|[from] Volt Switch\n|move|p2a: Porygon-Z|Tera Blast|p1a: Dipplin\n|-damage|p1a: Dipplin|157/284\n|-damage|p2a: Porygon-Z|72/277|[from] item: Life Orb\n|\n|upkeep\n|turn|2\n|inactive|Battle timer is ON: inactive players will automatically lose when time's up. (requested by megajynx101)\n|\n|t:|1781438490\n|switch|p2a: Tentacruel|Tentacruel, L84, F|272/272\n|move|p1a: Dipplin|Giga Drain|p2a: Tentacruel\n|-damage|p2a: Tentacruel|200/272\n|-damage|p1a: Dipplin|121/284|[from] ability: Liquid Ooze|[of] p2a: Tentacruel\n|\n|-heal|p2a: Tentacruel|217/272|[from] item: Leftovers\n|upkeep\n|turn|3\n|\n|t:|1781438501\n|move|p2a: Tentacruel|Toxic|p1a: Dipplin\n|-status|p1a: Dipplin|tox\n|move|p1a: Dipplin|Recover|p1a: Dipplin\n|-heal|p1a: Dipplin|263/284 tox\n|\n|-heal|p2a: Tentacruel|234/272|[from] item: Leftovers\n|-damage|p1a: Dipplin|246/284 tox|[from] psn\n|upkeep\n|turn|4\n|\n|t:|1781438525\n|switch|p1a: Iron Jugulis|Iron Jugulis, L77|271/271\n|-activate|p1a: Iron Jugulis|ability: Quark Drive\n|-start|p1a: Iron Jugulis|quarkdrivespa\n|move|p2a: Tentacruel|Flip Turn|p1a: Iron Jugulis\n|-damage|p1a: Iron Jugulis|211/271\n|\n|t:|1781438536\n|switch|p2a: Azumarill|Azumarill, L82, M|298/298|[from] Flip Turn\n|\n|upkeep\n|turn|5\n|\n|t:|1781438544\n|move|p1a: Iron Jugulis|Hurricane|p2a: Azumarill\n|-damage|p2a: Azumarill|61/298\n|move|p2a: Azumarill|Play Rough|p1a: Iron Jugulis\n|-supereffective|p1a: Iron Jugulis\n|-damage|p1a: Iron Jugulis|0 fnt\n|faint|p1a: Iron Jugulis\n|-end|p1a: Iron Jugulis|Quark Drive|[silent]\n|\n|-fieldend|move: Electric Terrain\n|upkeep\n|\n|t:|1781438564\n|switch|p1a: Miraidon|Miraidon, L65|238/238\n|-fieldstart|move: Electric Terrain|[from] ability: Hadron Engine|[of] p1a: Miraidon\n|turn|6\n|\n|t:|1781438582\n|switch|p2a: Cacturne|Cacturne, L92, M|278/278\n|move|p1a: Miraidon|Volt Switch|p2a: Cacturne\n|-resisted|p2a: Cacturne\n|-damage|p2a: Cacturne|185/278\n|\n|t:|1781438594\n|switch|p1a: Venomoth|Venomoth, L84, M|255/255|[from] Volt Switch\n|\n|upkeep\n|turn|7\n|\n|t:|1781438606\n|-terastallize|p2a: Cacturne|Poison\n|move|p1a: Venomoth|Bug Buzz|p2a: Cacturne\n|-resisted|p2a: Cacturne\n|-damage|p2a: Cacturne|73/278\n|move|p2a: Cacturne|Knock Off|p1a: Venomoth\n|-damage|p1a: Venomoth|35/255\n|-enditem|p1a: Venomoth|Heavy-Duty Boots|[from] move: Knock Off|[of] p2a: Cacturne\n|-damage|p2a: Cacturne|46/278|[from] item: Life Orb\n|\n|upkeep\n|turn|8\n|\n|t:|1781438626\n|move|p2a: Cacturne|Sucker Punch|p1a: Venomoth\n|-damage|p1a: Venomoth|0 fnt\n|faint|p1a: Venomoth\n|-damage|p2a: Cacturne|19/278|[from] item: Life Orb\n|\n|upkeep\n|\n|t:|1781438632\n|switch|p1a: Dipplin|Dipplin, L88, F|246/284 tox\n|turn|9\n|\n|t:|1781438645\n|switch|p2a: Azumarill|Azumarill, L82, M|61/298\n|move|p1a: Dipplin|Recover|p1a: Dipplin\n|-heal|p1a: Dipplin|284/284 tox\n|\n|-damage|p1a: Dipplin|267/284 tox|[from] psn\n|upkeep\n|turn|10\n|\n|t:|1781438656\n|switch|p2a: Tentacruel|Tentacruel, L84, F|234/272\n|switch|p1a: Chimecho|Chimecho, L93, F|290/290\n|\n|-heal|p2a: Tentacruel|251/272|[from] item: Leftovers\n|-fieldend|move: Electric Terrain\n|upkeep\n|turn|11\n|\n|t:|1781438672\n|-terastallize|p1a: Chimecho|Steel\n|move|p2a: Tentacruel|Flip Turn|p1a: Chimecho\n|-damage|p1a: Chimecho|242/290\n|\n|t:|1781438680\n|switch|p2a: Incineroar|Incineroar, L82, M|290/290|[from] Flip Turn\n|-ability|p2a: Incineroar|Intimidate|boost\n|-unboost|p1a: Chimecho|atk|1\n|move|p1a: Chimecho|Cosmic Power|p1a: Chimecho\n|-boost|p1a: Chimecho|def|1\n|-boost|p1a: Chimecho|spd|1\n|\n|-heal|p1a: Chimecho|260/290|[from] item: Leftovers\n|upkeep\n|turn|12\n|\n|t:|1781438701\n|move|p1a: Chimecho|Cosmic Power|p1a: Chimecho\n|-boost|p1a: Chimecho|def|1\n|-boost|p1a: Chimecho|spd|1\n|move|p2a: Incineroar|Trailblaze|p1a: Chimecho\n|-resisted|p1a: Chimecho\n|-damage|p1a: Chimecho|251/290\n|-boost|p2a: Incineroar|spe|1\n|\n|-heal|p1a: Chimecho|269/290|[from] item: Leftovers\n|upkeep\n|turn|13\n|\n|t:|1781438712\n|move|p2a: Incineroar|Swords Dance|p2a: Incineroar\n|-boost|p2a: Incineroar|atk|2\n|move|p1a: Chimecho|Cosmic Power|p1a: Chimecho\n|-boost|p1a: Chimecho|def|1\n|-boost|p1a: Chimecho|spd|1\n|\n|-heal|p1a: Chimecho|287/290|[from] item: Leftovers\n|upkeep\n|turn|14\n|\n|t:|1781438723\n|move|p2a: Incineroar|Swords Dance|p2a: Incineroar\n|-boost|p2a: Incineroar|atk|2\n|move|p1a: Chimecho|Dazzling Gleam|p2a: Incineroar\n|-damage|p2a: Incineroar|225/290\n|\n|-heal|p1a: Chimecho|290/290|[from] item: Leftovers\n|upkeep\n|turn|15\n|j| afdasfafafdsaf\n|l| afdasfafafdsaf\n|\n|t:|1781438731\n|move|p2a: Incineroar|Swords Dance|p2a: Incineroar\n|-boost|p2a: Incineroar|atk|2\n|move|p1a: Chimecho|Dazzling Gleam|p2a: Incineroar\n|-damage|p2a: Incineroar|158/290\n|\n|upkeep\n|turn|16\n|inactive|grass1234567 has 120 seconds left.\n|\n|t:|1781438763\n|move|p2a: Incineroar|Knock Off|p1a: Chimecho\n|-damage|p1a: Chimecho|115/290\n|-enditem|p1a: Chimecho|Leftovers|[from] move: Knock Off|[of] p2a: Incineroar\n|move|p1a: Chimecho|Dazzling Gleam|p2a: Incineroar\n|-damage|p2a: Incineroar|86/290\n|\n|upkeep\n|turn|17\n|\n|t:|1781438774\n|move|p2a: Incineroar|Knock Off|p1a: Chimecho\n|-damage|p1a: Chimecho|6/290\n|move|p1a: Chimecho|Recover|p1a: Chimecho\n|-heal|p1a: Chimecho|151/290\n|\n|upkeep\n|turn|18\n|\n|t:|1781438779\n|move|p2a: Incineroar|Flare Blitz|p1a: Chimecho\n|-supereffective|p1a: Chimecho\n|-damage|p1a: Chimecho|0 fnt\n|faint|p1a: Chimecho\n|-damage|p2a: Incineroar|36/290|[from] Recoil\n|\n|upkeep\n|inactive|megajynx101 has 120 seconds left.\n|\n|t:|1781438806\n|switch|p1a: Pikachu|Pikachu-Unova, L93, M|216/216\n|turn|19\n|\n|t:|1781438824\n|move|p1a: Pikachu|Surf|p2a: Incineroar\n|-supereffective|p2a: Incineroar\n|-damage|p2a: Incineroar|0 fnt\n|faint|p2a: Incineroar\n|\n|upkeep\n|inactive|grass1234567 has 120 seconds left.\n|\n|t:|1781438839\n|switch|p2a: Hitmontop|Hitmontop, L88, M|231/231\n|turn|20\n|\n|t:|1781438847\n|move|p1a: Pikachu|Volt Switch|p2a: Hitmontop\n|-damage|p2a: Hitmontop|137/231\n|\n|t:|1781438849\n|switch|p1a: Dipplin|Dipplin, L88, F|267/284 tox|[from] Volt Switch\n|move|p2a: Hitmontop|Rapid Spin|p1a: Dipplin\n|-damage|p1a: Dipplin|235/284 tox\n|-boost|p2a: Hitmontop|spe|1\n|\n|-heal|p2a: Hitmontop|151/231|[from] item: Leftovers\n|-damage|p1a: Dipplin|218/284 tox|[from] psn\n|upkeep\n|turn|21\n|\n|t:|1781438863\n|move|p2a: Hitmontop|Bulk Up|p2a: Hitmontop\n|-boost|p2a: Hitmontop|atk|1\n|-boost|p2a: Hitmontop|def|1\n|move|p1a: Dipplin|Dragon Tail|p2a: Hitmontop\n|-damage|p2a: Hitmontop|115/231\n|drag|p2a: Cacturne|Cacturne, L92, M, tera:Poison|19/278\n|\n|-damage|p1a: Dipplin|184/284 tox|[from] psn\n|upkeep\n|turn|22\n|\n|t:|1781438886\n|switch|p2a: Tentacruel|Tentacruel, L84, F|251/272\n|move|p1a: Dipplin|Recover|p1a: Dipplin\n|-heal|p1a: Dipplin|284/284 tox\n|\n|-heal|p2a: Tentacruel|268/272|[from] item: Leftovers\n|-damage|p1a: Dipplin|233/284 tox|[from] psn\n|upkeep\n|turn|23\n|inactive|grass1234567 has 120 seconds left.\n|\n|t:|1781438906\n|move|p2a: Tentacruel|Flip Turn|p1a: Dipplin\n|-resisted|p1a: Dipplin\n|-damage|p1a: Dipplin|227/284 tox\n|\n|t:|1781438911\n|switch|p2a: Hitmontop|Hitmontop, L88, M|115/231|[from] Flip Turn\n|move|p1a: Dipplin|Dragon Pulse|p2a: Hitmontop\n|-damage|p2a: Hitmontop|34/231\n|\n|-heal|p2a: Hitmontop|48/231|[from] item: Leftovers\n|-damage|p1a: Dipplin|159/284 tox|[from] psn\n|upkeep\n|turn|24\n|inactive|grass1234567 has 120 seconds left.\n|\n|t:|1781438926\n|move|p2a: Hitmontop|Triple Axel|p1a: Dipplin|[miss]\n|-miss|p2a: Hitmontop|p1a: Dipplin\n|move|p1a: Dipplin|Giga Drain|p2a: Hitmontop\n|-damage|p2a: Hitmontop|0 fnt\n|-heal|p1a: Dipplin|183/284 tox|[from] drain|[of] p2a: Hitmontop\n|faint|p2a: Hitmontop\n|\n|-damage|p1a: Dipplin|98/284 tox|[from] psn\n|upkeep\n|inactive|grass1234567 has 120 seconds left.\n|\n|t:|1781438939\n|switch|p2a: Porygon-Z|Porygon-Z, L83|72/277\n|turn|25\n|\n|t:|1781438943\n|move|p2a: Porygon-Z|Tera Blast|p1a: Dipplin\n|-crit|p1a: Dipplin\n|-damage|p1a: Dipplin|0 fnt\n|faint|p1a: Dipplin\n|-damage|p2a: Porygon-Z|45/277|[from] item: Life Orb\n|\n|upkeep\n|\n|t:|1781438950\n|switch|p1a: Miraidon|Miraidon, L65|238/238\n|-fieldstart|move: Electric Terrain|[from] ability: Hadron Engine|[of] p1a: Miraidon\n|turn|26\n|\n|t:|1781438955\n|move|p1a: Miraidon|Volt Switch|p2a: Porygon-Z\n|-damage|p2a: Porygon-Z|0 fnt\n|faint|p2a: Porygon-Z\n|\n|t:|1781438960\n|switch|p1a: Pikachu|Pikachu-Unova, L93, M|216/216|[from] Volt Switch\n|\n|upkeep\n|\n|t:|1781438977\n|switch|p2a: Azumarill|Azumarill, L82, M|61/298\n|turn|27\n|\n|t:|1781438984\n|move|p2a: Azumarill|Aqua Jet|p1a: Pikachu\n|-damage|p1a: Pikachu|90/216\n|move|p1a: Pikachu|Volt Tackle|p2a: Azumarill\n|-supereffective|p2a: Azumarill\n|-damage|p2a: Azumarill|0 fnt\n|faint|p2a: Azumarill\n|-damage|p1a: Pikachu|70/216|[from] Recoil\n|\n|upkeep\n|\n|t:|1781438992\n|switch|p2a: Cacturne|Cacturne, L92, M, tera:Poison|19/278\n|turn|28\n|\n|t:|1781438998\n|move|p2a: Cacturne|Sucker Punch|p1a: Pikachu\n|-damage|p1a: Pikachu|0 fnt\n|faint|p1a: Pikachu\n|-damage|p2a: Cacturne|0 fnt|[from] item: Life Orb\n|faint|p2a: Cacturne\n|\n|upkeep\n|\n|t:|1781439005\n|switch|p1a: Miraidon|Miraidon, L65|238/238\n|switch|p2a: Tentacruel|Tentacruel, L84, F|268/272\n|-activate|p1a: Miraidon|ability: Hadron Engine\n|turn|29\n|\n|t:|1781439012\n|move|p2a: Tentacruel|Sludge Bomb|p1a: Miraidon\n|-damage|p1a: Miraidon|154/238\n|move|p1a: Miraidon|Electro Drift|p2a: Tentacruel\n|-supereffective|p2a: Tentacruel\n|-damage|p2a: Tentacruel|0 fnt\n|faint|p2a: Tentacruel\n|\n|win|megajynx101\n", "inputlog": ">version a8376a258c1d4662feba110a92103f3664a72141\n>start {\"formatid\":\"gen9randombattle\",\"seed\":\"sodium,c491817aa34f00ea5e8ed72d68a0d77b\",\"rated\":\"Rated battle\"}\n>player p1 {\"name\":\"megajynx101\",\"avatar\":\"blackbelt-gen4dp\",\"rating\":2141,\"seed\":\"sodium,1ffa4ae67280f3a83b3183ee4a48bdd4\"}\n>player p2 {\"name\":\"grass1234567\",\"avatar\":\"pokemaniac\",\"rating\":2071,\"seed\":\"sodium,f0c83f96bbf0152d43cccb46cb6e28fa\"}\n>p1 move voltswitch\n>p2 move terablast\n>p1 switch 2\n>p1 move gigadrain\n>p2 switch 3\n>p1 move recover\n>p2 move toxic\n>p1 switch 4\n>p2 move flipturn\n>p2 switch 5\n>p1 move hurricane\n>p2 move playrough\n>p1 switch 2\n>p1 move voltswitch\n>p2 switch 6\n>p1 switch 5\n>p1 move bugbuzz\n>p2 move knockoff terastallize\n>p1 move bugbuzz\n>p2 move suckerpunch\n>p1 switch 4\n>p1 move recover\n>p2 switch 6\n>p1 switch 3\n>p2 switch 5\n>p1 move cosmicpower terastallize\n>p2 move flipturn\n>p2 switch 4\n>p1 move cosmicpower\n>p2 move trailblaze\n>p1 move cosmicpower\n>p2 move swordsdance\n>p1 move dazzlinggleam\n>p2 move swordsdance\n>p1 move dazzlinggleam\n>p2 move swordsdance\n>p1 move dazzlinggleam\n>p2 move knockoff\n>p1 move recover\n>p2 move knockoff\n>p1 move recover\n>p2 move flareblitz\n>p1 switch 6\n>p1 move surf\n>p2 move flareblitz\n>p2 switch 2\n>p1 move voltswitch\n>p2 move rapidspin\n>p1 switch 3\n>p1 move dragontail\n>p2 move bulkup\n>p1 move recover\n>p2 switch 4\n>p1 move dragonpulse\n>p2 move flipturn\n>p2 switch 6\n>p1 move gigadrain\n>p2 move tripleaxel\n>p2 switch 3\n>p1 move gigadrain\n>p2 move terablast\n>p1 switch 5\n>p1 move voltswitch\n>p2 move agility\n>p1 switch 3\n>p2 switch 5\n>p1 move volttackle\n>p2 move aquajet\n>p2 switch 4\n>p1 move volttackle\n>p2 move suckerpunch\n>p1 switch 3\n>p2 switch 6\n>p1 move electrodrift\n>p2 move sludgebomb", "uploadtime": 1781438444, "views": 6, "formatid": "gen9randombattle", "rating": null, "private": 0, "password": null}