{"id": "gen9randombattle-2631836960", "format": "[Gen 9] Random Battle", "players": ["fick runk", "dr necrotizer"], "log": "|j|\u2606fick runk\n|j|\u2606dr necrotizer\n|t:|1781446378\n|gametype|singles\n|player|p1|fick runk|parasollady|2068\n|player|p2|dr necrotizer|102|2038\n|gen|9\n|tier|[Gen 9] Random Battle\n|rated|\n|rule|Species Clause: Limit one of each Pok\u00e9mon\n|rule|HP Percentage Mod: HP is shown in percentages\n|rule|Sleep Clause Mod: Limit one foe put to sleep\n|rule|Illusion Level Mod: Illusion disguises the Pok\u00e9mon's true level\n|\n|t:|1781446378\n|teamsize|p1|6\n|teamsize|p2|6\n|start\n|switch|p1a: Minun|Minun, L95, M|268/268\n|switch|p2a: Luxray|Luxray, L88, M|284/284\n|-ability|p2a: Luxray|Intimidate|boost\n|-unboost|p1a: Minun|atk|1\n|turn|1\n|inactive|Battle timer is ON: inactive players will automatically lose when time's up. (requested by fick runk)\n|\n|t:|1781446394\n|switch|p1a: Iron Leaves|Iron Leaves, L80|275/275\n|move|p2a: Luxray|Play Rough|p1a: Iron Leaves\n|-damage|p1a: Iron Leaves|191/275\n|\n|upkeep\n|turn|2\n|\n|t:|1781446411\n|switch|p2a: Pyroar|Pyroar, L88, M|295/295\n|-ability|p2a: Pyroar|Unnerve\n|move|p1a: Iron Leaves|Leaf Blade|p2a: Pyroar\n|-resisted|p2a: Pyroar\n|-damage|p2a: Pyroar|204/295\n|\n|upkeep\n|turn|3\n|\n|t:|1781446419\n|-end|p1a: Iron Leaves|Quark Drive|[silent]\n|switch|p1a: Swampert|Swampert, L83, M|302/302\n|move|p2a: Pyroar|Fire Blast|p1a: Swampert\n|-resisted|p1a: Swampert\n|-damage|p1a: Swampert|233/302\n|-status|p1a: Swampert|brn\n|\n|-heal|p1a: Swampert|251/302 brn|[from] item: Leftovers\n|-damage|p1a: Swampert|233/302 brn|[from] brn\n|upkeep\n|turn|4\n|\n|t:|1781446426\n|move|p2a: Pyroar|Taunt|p1a: Swampert\n|-start|p1a: Swampert|move: Taunt\n|move|p1a: Swampert|Earthquake|p2a: Pyroar\n|-supereffective|p2a: Pyroar\n|-damage|p2a: Pyroar|83/295\n|\n|-heal|p1a: Swampert|251/302 brn|[from] item: Leftovers\n|-damage|p1a: Swampert|233/302 brn|[from] brn\n|upkeep\n|turn|5\n|inactive|dr necrotizer has 120 seconds left.\n|\n|t:|1781446463\n|switch|p2a: Sandaconda|Sandaconda, L84, F|258/258\n|move|p1a: Swampert|Earthquake|p2a: Sandaconda\n|-damage|p2a: Sandaconda|214/258\n|\n|-heal|p1a: Swampert|251/302 brn|[from] item: Leftovers\n|-damage|p1a: Swampert|233/302 brn|[from] brn\n|upkeep\n|turn|6\n|inactive|dr necrotizer has 120 seconds left.\n|\n|t:|1781446470\n|move|p2a: Sandaconda|Coil|p2a: Sandaconda\n|-boost|p2a: Sandaconda|atk|1\n|-boost|p2a: Sandaconda|def|1\n|-boost|p2a: Sandaconda|accuracy|1\n|move|p1a: Swampert|Knock Off|p2a: Sandaconda\n|-damage|p2a: Sandaconda|195/258\n|-enditem|p2a: Sandaconda|Loaded Dice|[from] move: Knock Off|[of] p1a: Swampert\n|\n|-heal|p1a: Swampert|251/302 brn|[from] item: Leftovers\n|-damage|p1a: Swampert|233/302 brn|[from] brn\n|-end|p1a: Swampert|move: Taunt\n|upkeep\n|turn|7\n|\n|t:|1781446482\n|move|p2a: Sandaconda|Earthquake|p1a: Swampert\n|-damage|p1a: Swampert|77/302 brn\n|move|p1a: Swampert|Yawn|p2a: Sandaconda\n|-start|p2a: Sandaconda|move: Yawn|[of] p1a: Swampert\n|\n|-heal|p1a: Swampert|95/302 brn|[from] item: Leftovers\n|-damage|p1a: Swampert|77/302 brn|[from] brn\n|upkeep\n|turn|8\n|\n|t:|1781446488\n|move|p2a: Sandaconda|Scale Shot|p1a: Swampert\n|-damage|p1a: Swampert|46/302 brn\n|-damage|p1a: Swampert|14/302 brn\n|-damage|p1a: Swampert|0 fnt\n|faint|p1a: Swampert\n|-hitcount|p1: Swampert|3\n|-unboost|p2a: Sandaconda|def|1\n|-boost|p2a: Sandaconda|spe|1\n|\n|-end|p2a: Sandaconda|move: Yawn|[silent]\n|-status|p2a: Sandaconda|slp\n|upkeep\n|\n|t:|1781446499\n|switch|p1a: Iron Leaves|Iron Leaves, L80|191/275\n|turn|9\n|\n|t:|1781446504\n|-terastallize|p2a: Sandaconda|Dragon\n|cant|p2a: Sandaconda|slp\n|move|p1a: Iron Leaves|Leaf Blade|p2a: Sandaconda\n|-resisted|p2a: Sandaconda\n|-damage|p2a: Sandaconda|131/258 slp\n|\n|upkeep\n|turn|10\n|\n|t:|1781446510\n|-curestatus|p2a: Sandaconda|slp|[msg]\n|move|p2a: Sandaconda|Scale Shot|p1a: Iron Leaves\n|-damage|p1a: Iron Leaves|146/275\n|-damage|p1a: Iron Leaves|98/275\n|-damage|p1a: Iron Leaves|55/275\n|-hitcount|p1a: Iron Leaves|3\n|-unboost|p2a: Sandaconda|def|1\n|-boost|p2a: Sandaconda|spe|1\n|move|p1a: Iron Leaves|Leaf Blade|p2a: Sandaconda\n|-resisted|p2a: Sandaconda\n|-damage|p2a: Sandaconda|41/258\n|\n|upkeep\n|turn|11\n|\n|t:|1781446520\n|move|p2a: Sandaconda|Rock Blast|p1a: Iron Leaves\n|-damage|p1a: Iron Leaves|25/275\n|-damage|p1a: Iron Leaves|0 fnt\n|faint|p1a: Iron Leaves\n|-end|p1a: Iron Leaves|Quark Drive|[silent]\n|-hitcount|p1: Iron Leaves|2\n|\n|upkeep\n|\n|t:|1781446525\n|switch|p1a: Honchkrow|Honchkrow, L86, F|312/312\n|turn|12\n|\n|t:|1781446528\n|move|p1a: Honchkrow|Sucker Punch||[still]\n|-fail|p1a: Honchkrow\n|move|p2a: Sandaconda|Coil|p2a: Sandaconda\n|-boost|p2a: Sandaconda|atk|1\n|-boost|p2a: Sandaconda|def|1\n|-boost|p2a: Sandaconda|accuracy|1\n|\n|upkeep\n|turn|13\n|\n|t:|1781446531\n|move|p1a: Honchkrow|Sucker Punch|p2a: Sandaconda\n|-damage|p2a: Sandaconda|0 fnt\n|faint|p2a: Sandaconda\n|-ability|p1a: Honchkrow|Moxie|boost\n|-boost|p1a: Honchkrow|atk|1\n|\n|upkeep\n|\n|t:|1781446536\n|switch|p2a: Pawmot|Pawmot, L80, M|243/243\n|turn|14\n|\n|t:|1781446544\n|move|p2a: Pawmot|Double Shock|p1a: Honchkrow\n|-supereffective|p1a: Honchkrow\n|-damage|p1a: Honchkrow|0 fnt\n|-start|p2a: Pawmot|typechange|???/Fighting|[from] move: Double Shock\n|faint|p1a: Honchkrow\n|-damage|p2a: Pawmot|219/243|[from] item: Life Orb\n|\n|upkeep\n|\n|t:|1781446549\n|switch|p1a: Minun|Minun, L95, M|268/268\n|turn|15\n|\n|t:|1781446552\n|switch|p2a: Luxray|Luxray, L88, M|284/284\n|-ability|p2a: Luxray|Intimidate|boost\n|-unboost|p1a: Minun|atk|1\n|move|p1a: Minun|Nasty Plot|p1a: Minun\n|-boost|p1a: Minun|spa|2\n|\n|upkeep\n|turn|16\n|\n|t:|1781446557\n|move|p1a: Minun|Alluring Voice|p2a: Luxray\n|-damage|p2a: Luxray|180/284\n|-damage|p1a: Minun|242/268|[from] item: Life Orb\n|move|p2a: Luxray|Play Rough|p1a: Minun\n|-damage|p1a: Minun|124/268\n|\n|upkeep\n|turn|17\n|\n|t:|1781446563\n|move|p1a: Minun|Alluring Voice|p2a: Luxray\n|-damage|p2a: Luxray|73/284\n|-damage|p1a: Minun|98/268|[from] item: Life Orb\n|move|p2a: Luxray|Throat Chop|p1a: Minun\n|-damage|p1a: Minun|0 fnt\n|faint|p1a: Minun\n|\n|upkeep\n|\n|t:|1781446569\n|switch|p1a: Eiscue|Eiscue, L88, F|274/274\n|turn|18\n|\n|t:|1781446572\n|move|p2a: Luxray|Volt Switch|p1a: Eiscue\n|-damage|p1a: Eiscue|196/274\n|\n|t:|1781446576\n|switch|p2a: Pyroar|Pyroar, L88, M|83/295|[from] Volt Switch\n|-ability|p2a: Pyroar|Unnerve\n|move|p1a: Eiscue|Belly Drum|p1a: Eiscue\n|-damage|p1a: Eiscue|59/274\n|-setboost|p1a: Eiscue|atk|6|[from] move: Belly Drum\n|\n|upkeep\n|turn|19\n|\n|t:|1781446579\n|move|p2a: Pyroar|Fire Blast|p1a: Eiscue\n|-supereffective|p1a: Eiscue\n|-damage|p1a: Eiscue|0 fnt\n|faint|p1a: Eiscue\n|\n|upkeep\n|\n|t:|1781446580\n|switch|p1a: Kingdra|Kingdra, L84, M|263/263\n|turn|20\n|\n|t:|1781446584\n|move|p2a: Pyroar|Taunt|p1a: Kingdra\n|-start|p1a: Kingdra|move: Taunt\n|cant|p1a: Kingdra|move: Taunt|Rain Dance\n|\n|upkeep\n|turn|21\n|\n|t:|1781446589\n|move|p2a: Pyroar|Will-O-Wisp|p1a: Kingdra\n|-status|p1a: Kingdra|brn\n|move|p1a: Kingdra|Wave Crash|p2a: Pyroar\n|-supereffective|p2a: Pyroar\n|-damage|p2a: Pyroar|0 fnt\n|faint|p2a: Pyroar\n|-damage|p1a: Kingdra|236/263 brn|[from] Recoil\n|-damage|p1a: Kingdra|210/263 brn|[from] item: Life Orb\n|\n|-damage|p1a: Kingdra|194/263 brn|[from] brn\n|upkeep\n|\n|t:|1781446595\n|switch|p2a: Luxray|Luxray, L88, M|73/284\n|-ability|p2a: Luxray|Intimidate|boost\n|-unboost|p1a: Kingdra|atk|1\n|turn|22\n|-message|fick runk forfeited.\n|\n|win|dr necrotizer\n", "inputlog": ">version a8376a258c1d4662feba110a92103f3664a72141\n>start {\"formatid\":\"gen9randombattle\",\"seed\":\"sodium,a97832488a04efcadb06b03c99903953\",\"rated\":\"Rated battle\"}\n>player p1 {\"name\":\"fick runk\",\"avatar\":\"parasollady\",\"rating\":2068,\"seed\":\"sodium,017bb240724eb005e3c3c6e0332ce7e9\"}\n>player p2 {\"name\":\"dr necrotizer\",\"avatar\":\"102\",\"rating\":2038,\"seed\":\"sodium,ca68c34bd01921d294ee4c4bb7e5a950\"}\n>p1 switch 6\n>p2 move playrough\n>p1 move leafblade\n>p2 switch 3\n>p1 switch 4\n>p2 move fireblast\n>p1 move earthquake\n>p2 move taunt\n>p1 move earthquake\n>p2 switch 2\n>p1 move knockoff\n>p2 move coil\n>p1 move yawn\n>p2 move earthquake\n>p1 move icebeam\n>p2 move scaleshot\n>p1 switch 4\n>p1 move leafblade\n>p2 move coil terastallize\n>p1 move leafblade\n>p2 move scaleshot\n>p1 move leafblade\n>p2 move rockblast\n>p1 switch 2\n>p1 move suckerpunch\n>p2 move coil\n>p1 move suckerpunch\n>p2 move rockblast\n>p2 switch 4\n>p1 move bravebird\n>p2 move doubleshock\n>p1 switch 6\n>p1 move nastyplot\n>p2 switch 3\n>p1 move alluringvoice\n>p2 move playrough\n>p1 move alluringvoice\n>p2 move throatchop\n>p1 switch 5\n>p1 move bellydrum\n>p2 move voltswitch\n>p2 switch 2\n>p1 move liquidation\n>p2 move fireblast\n>p1 switch 3\n>p1 move raindance\n>p2 move taunt\n>p1 move wavecrash\n>p2 move willowisp\n>p2 switch 2\n>forcelose p1", "uploadtime": 1781446380, "views": 5, "formatid": "gen9randombattle", "rating": null, "private": 0, "password": null}