{"id": "gen9randombattle-2631948455", "format": "[Gen 9] Random Battle", "players": ["Miminette999", "Ferrii09"], "log": "|j|\u2606Miminette999\n|j|\u2606Ferrii09\n|t:|1781458857\n|gametype|singles\n|player|p1|Miminette999|steven|1204\n|player|p2|Ferrii09|lucas|1157\n|gen|9\n|tier|[Gen 9] Random Battle\n|rated|\n|rule|Species Clause: Limit one of each Pok\u00e9mon\n|rule|HP Percentage Mod: HP is shown in percentages\n|rule|Sleep Clause Mod: Limit one foe put to sleep\n|rule|Illusion Level Mod: Illusion disguises the Pok\u00e9mon's true level\n|\n|t:|1781458857\n|teamsize|p1|6\n|teamsize|p2|6\n|start\n|switch|p1a: Appletun|Appletun, L92, M|352/352\n|switch|p2a: Flareon|Flareon, L90, F|263/263\n|turn|1\n|inactive|Battle timer is ON: inactive players will automatically lose when time's up. (requested by Miminette999)\n|\n|t:|1781458874\n|move|p2a: Flareon|Will-O-Wisp|p1a: Appletun\n|-status|p1a: Appletun|brn\n|move|p1a: Appletun|Leech Seed|p2a: Flareon\n|-start|p2a: Flareon|move: Leech Seed\n|\n|-damage|p2a: Flareon|231/263|[from] Leech Seed|[of] p1a: Appletun\n|-damage|p1a: Appletun|330/352 brn|[from] brn\n|-status|p2a: Flareon|tox|[from] item: Toxic Orb\n|upkeep\n|turn|2\n|\n|t:|1781458895\n|move|p2a: Flareon|Facade|p1a: Appletun\n|-damage|p1a: Appletun|129/352 brn\n|move|p1a: Appletun|Draco Meteor|p2a: Flareon|[miss]\n|-miss|p1a: Appletun|p2a: Flareon\n|\n|-heal|p1a: Appletun|151/352 brn|[from] item: Leftovers\n|-damage|p2a: Flareon|199/263 tox|[from] Leech Seed|[of] p1a: Appletun\n|-heal|p1a: Appletun|183/352 brn|[silent]\n|-damage|p2a: Flareon|183/263 tox|[from] psn\n|-damage|p1a: Appletun|161/352 brn|[from] brn\n|upkeep\n|turn|3\n|c|\u2606Ferrii09|JAJAJ\n|\n|t:|1781458908\n|move|p2a: Flareon|Facade|p1a: Appletun\n|-damage|p1a: Appletun|0 fnt\n|faint|p1a: Appletun\n|\n|-damage|p2a: Flareon|151/263 tox|[from] psn\n|upkeep\n|\n|t:|1781458921\n|switch|p1a: Suicune|Suicune, L82|298/298\n|-ability|p1a: Suicune|Pressure\n|turn|4\n|inactive|Ferrii09 has 120 seconds left.\n|c|\u2606Miminette999|Appletun no pudo aguantar\n|\n|t:|1781458955\n|move|p1a: Suicune|Substitute|p1a: Suicune\n|-start|p1a: Suicune|Substitute\n|-damage|p1a: Suicune|224/298\n|move|p2a: Flareon|Will-O-Wisp||[still]\n|-fail|p2a: Flareon\n|\n|-heal|p1a: Suicune|242/298|[from] item: Leftovers\n|-damage|p2a: Flareon|119/263 tox|[from] Leech Seed|[of] p1a: Suicune\n|-heal|p1a: Suicune|274/298|[silent]\n|-damage|p2a: Flareon|71/263 tox|[from] psn\n|upkeep\n|turn|5\n|\n|t:|1781458965\n|move|p1a: Suicune|Calm Mind|p1a: Suicune\n|-boost|p1a: Suicune|spa|1\n|-boost|p1a: Suicune|spd|1\n|move|p2a: Flareon|Will-O-Wisp||[still]\n|-fail|p2a: Flareon\n|\n|-heal|p1a: Suicune|292/298|[from] item: Leftovers\n|-damage|p2a: Flareon|39/263 tox|[from] Leech Seed|[of] p1a: Suicune\n|-heal|p1a: Suicune|298/298|[silent]\n|-damage|p2a: Flareon|0 fnt|[from] psn\n|faint|p2a: Flareon\n|upkeep\n|inactive|Ferrii09 has 120 seconds left.\n|\n|t:|1781458979\n|switch|p2a: Maushold|Maushold-Four, L76|238/238\n|turn|6\n|inactive|Ferrii09 has 120 seconds left.\n|\n|t:|1781459013\n|move|p2a: Maushold|Tidy Up|p2a: Maushold\n|-end|p1a: Suicune|Substitute\n|-activate|p2a: Maushold|move: Tidy Up\n|-boost|p2a: Maushold|atk|1\n|-boost|p2a: Maushold|spe|1\n|move|p1a: Suicune|Calm Mind|p1a: Suicune\n|-boost|p1a: Suicune|spa|1\n|-boost|p1a: Suicune|spd|1\n|\n|upkeep\n|turn|7\n|\n|t:|1781459023\n|move|p2a: Maushold|Population Bomb|p1a: Suicune\n|-damage|p1a: Suicune|270/298\n|-damage|p1a: Suicune|242/298\n|-damage|p1a: Suicune|217/298\n|-damage|p1a: Suicune|189/298\n|-damage|p1a: Suicune|161/298\n|-damage|p1a: Suicune|130/298\n|-damage|p1a: Suicune|102/298\n|-damage|p1a: Suicune|74/298\n|-crit|p1a: Suicune\n|-damage|p1a: Suicune|32/298\n|-damage|p1a: Suicune|2/298\n|-hitcount|p1a: Suicune|10\n|move|p1a: Suicune|Scald|p2a: Maushold\n|-damage|p2a: Maushold|55/238\n|\n|-heal|p1a: Suicune|20/298|[from] item: Leftovers\n|upkeep\n|turn|8\n|c|\u2606Miminette999|QUE LE HICISTE A SUICUNE JAJAJAJA\n|\n|t:|1781459051\n|move|p1a: Suicune|Protect|p1a: Suicune\n|-singleturn|p1a: Suicune|Protect\n|move|p2a: Maushold|Population Bomb|p1a: Suicune\n|-activate|p1a: Suicune|move: Protect\n|\n|-heal|p1a: Suicune|38/298|[from] item: Leftovers\n|upkeep\n|turn|9\n|c|\u2606Ferrii09|JAJJA\n|inactive|Miminette999 has 120 seconds left.\n|inactive|Ferrii09 has 90 seconds left.\n|\n|t:|1781459070\n|move|p2a: Maushold|Population Bomb|p1a: Suicune\n|-damage|p1a: Suicune|8/298\n|-damage|p1a: Suicune|0 fnt\n|faint|p1a: Suicune\n|-hitcount|p1: Suicune|2\n|\n|upkeep\n|inactive|Miminette999 has 120 seconds left.\n|\n|t:|1781459082\n|switch|p1a: Gumshoos|Gumshoos, L95, F|321/321\n|turn|10\n|inactive|Miminette999 has 120 seconds left.\n|c|\u2606Ferrii09|es un ataque que pega 10 vece y tengo el ataque subido\n|\n|t:|1781459096\n|move|p2a: Maushold|Population Bomb|p1a: Gumshoos\n|-crit|p1a: Gumshoos\n|-damage|p1a: Gumshoos|263/321\n|-damage|p1a: Gumshoos|224/321\n|-damage|p1a: Gumshoos|182/321\n|-damage|p1a: Gumshoos|146/321\n|-damage|p1a: Gumshoos|110/321\n|-damage|p1a: Gumshoos|71/321\n|-damage|p1a: Gumshoos|34/321\n|-damage|p1a: Gumshoos|0 fnt\n|faint|p1a: Gumshoos\n|-hitcount|p1: Gumshoos|8\n|\n|upkeep\n|c|\u2606Ferrii09|na moristw\n|c|\u2606Miminette999|maushold meta\n|c|\u2606Ferrii09|si\n|\n|t:|1781459122\n|switch|p1a: Reshiram|Reshiram, L76|277/277\n|-ability|p1a: Reshiram|Turboblaze\n|turn|11\n|inactive|Miminette999 has 90 seconds left.\n|\n|t:|1781459140\n|move|p2a: Maushold|Population Bomb|p1a: Reshiram\n|-damage|p1a: Reshiram|244/277\n|-damage|p1a: Reshiram|210/277\n|-damage|p1a: Reshiram|176/277\n|-damage|p1a: Reshiram|143/277\n|-damage|p1a: Reshiram|106/277\n|-damage|p1a: Reshiram|75/277\n|-damage|p1a: Reshiram|44/277\n|-damage|p1a: Reshiram|8/277\n|-damage|p1a: Reshiram|0 fnt\n|faint|p1a: Reshiram\n|-hitcount|p1: Reshiram|9\n|\n|upkeep\n|inactive|Miminette999 has 90 seconds left.\n|c|\u2606Ferrii09|xd\n|c|\u2606Miminette999|JAJAJAJA\n|\n|t:|1781459157\n|switch|p1a: Rillaboom|Rillaboom, L79, F|288/288\n|-fieldstart|move: Grassy Terrain|[from] ability: Grassy Surge|[of] p1a: Rillaboom\n|turn|12\n|c|\u2606Ferrii09|debiste haber hecho eso hace rato\n|c|\u2606Ferrii09|pq tienes grassy slide (me imagino)\n|inactive|Ferrii09 has 90 seconds left.\n|c|\u2606Miminette999|ni idea q es\n|c|\u2606Miminette999|aahh sisi si tengo\n|c|\u2606Miminette999|:P\n|c|\u2606Miminette999|Tiembla\n|\n|t:|1781459202\n|switch|p2a: Scizor|Scizor, L79, M|240/240\n|move|p1a: Rillaboom|Grassy Glide|p2a: Scizor\n|-resisted|p2a: Scizor\n|-damage|p2a: Scizor|215/240\n|-damage|p1a: Rillaboom|260/288|[from] item: Life Orb\n|\n|-heal|p1a: Rillaboom|278/288|[from] Grassy Terrain\n|-heal|p2a: Scizor|230/240|[from] Grassy Terrain\n|-heal|p2a: Scizor|240/240|[from] item: Leftovers\n|upkeep\n|turn|13\n|c|\u2606Miminette999|voy a matar a la rata esta ahora\n|n|\u203dMiminette999|miminette999\n|c|~|/log Miminette999 was locked from talking by Artemis. (\u2606Miminette999: voy a matar a la rata esta ahora)\n|c|~|/raw <small>This action was done automatically. Want to learn more about the AI? <a href=\"https://www.smogon.com/forums/threads/3570628/#post-9056769\">Visit the information thread</a>.</small>\n|c|\u2606Ferrii09|te silenciaron xd\n|inactive|Ferrii09 has 60 seconds left.\n|\n|t:|1781459234\n|switch|p1a: Masquerain|Masquerain, L87, M|264/264\n|-ability|p1a: Masquerain|Intimidate|boost\n|-unboost|p2a: Scizor|atk|1\n|move|p2a: Scizor|U-turn|p1a: Masquerain\n|-resisted|p1a: Masquerain\n|-damage|p1a: Masquerain|231/264\n|inactive|Ferrii09 has 60 seconds left.\n|inactive|Ferrii09 has 30 seconds left.\n|\n|t:|1781459269\n|switch|p2a: Ditto|Ditto, L87|225/225|[from] U-turn\n|-transform|p2a: Ditto|p1a: Masquerain|[from] ability: Imposter\n|-ability|p2a: Ditto|Intimidate|boost\n|-unboost|p1a: Masquerain|atk|1\n|\n|upkeep\n|turn|14\n|inactive|Ferrii09 has 30 seconds left.\n|inactive|Ferrii09 has 20 seconds left.\n|inactive|Miminette999 has 60 seconds left.\n|\n|t:|1781459294\n|move|p2a: Ditto|Hurricane|p1a: Masquerain\n|-supereffective|p1a: Masquerain\n|-damage|p1a: Masquerain|0 fnt\n|faint|p1a: Masquerain\n|\n|upkeep\n|inactive|Miminette999 has 60 seconds left.\n|\n|t:|1781459300\n|switch|p1a: Rillaboom|Rillaboom, L79, F|278/288\n|turn|15\n|inactive|Ferrii09 has 30 seconds left.\n|inactive|Miminette999 has 60 seconds left.\n|\n|t:|1781459312\n|move|p1a: Rillaboom|Grassy Glide|p2a: Ditto\n|-resisted|p2a: Ditto\n|-damage|p2a: Ditto|194/225\n|-damage|p1a: Rillaboom|250/288|[from] item: Life Orb\n|move|p2a: Ditto|Hurricane|p1a: Rillaboom\n|-supereffective|p1a: Rillaboom\n|-damage|p1a: Rillaboom|0 fnt\n|faint|p1a: Rillaboom\n|\n|win|Ferrii09\n", "inputlog": ">version a8376a258c1d4662feba110a92103f3664a72141\n>start {\"formatid\":\"gen9randombattle\",\"seed\":\"sodium,b652b1c9beef5a1c1806769977fb651b\",\"rated\":\"Rated battle\"}\n>player p1 {\"name\":\"Miminette999\",\"avatar\":\"steven\",\"rating\":1204,\"seed\":\"sodium,3eb4e405c6cf9038a1367c79076a5281\"}\n>player p2 {\"name\":\"Ferrii09\",\"avatar\":\"lucas\",\"rating\":1157,\"seed\":\"sodium,ba776219a27786d19f9cd19342f1d473\"}\n>p1 move leechseed\n>p2 move willowisp\n>p1 move dracometeor\n>p2 move facade\n>chat \u2606Ferrii09|JAJAJ\n>p1 move recover\n>p2 move facade\n>p1 switch 6\n>chat \u2606Miminette999|Appletun no pudo aguantar \n>p1 move substitute\n>p2 move willowisp\n>p1 move calmmind\n>p2 move willowisp\n>p2 switch 5\n>p1 move calmmind\n>p2 move tidyup\n>p1 move scald\n>p2 move populationbomb\n>chat \u2606Miminette999|QUE LE HICISTE A SUICUNE JAJAJAJA\n>p1 move protect\n>p2 move populationbomb\n>chat \u2606Ferrii09|JAJJA\n>p1 move scald\n>p2 move populationbomb\n>p1 switch 4\n>chat \u2606Ferrii09|es un ataque que pega 10 vece y tengo el ataque subido\n>p1 move uturn\n>p2 move populationbomb\n>chat \u2606Ferrii09|na moristw\n>chat \u2606Miminette999|maushold meta\n>chat \u2606Ferrii09|si\n>p1 switch 5\n>p1 move earthpower\n>p2 move populationbomb\n>chat \u2606Ferrii09|xd\n>chat \u2606Miminette999|JAJAJAJA\n>p1 switch 3\n>chat \u2606Ferrii09|debiste haber hecho eso hace rato\n>chat \u2606Ferrii09|pq tienes grassy slide (me imagino)\n>chat \u2606Miminette999|ni idea q es\n>chat \u2606Miminette999|aahh sisi si tengo\n>chat \u2606Miminette999|:P\n>chat \u2606Miminette999|Tiembla\n>p1 move grassyglide\n>p2 switch 2\n>chat \u2606Miminette999|voy a matar a la rata esta ahora\n>chat \u2606Ferrii09|te silenciaron xd\n>p1 switch 2\n>p2 move uturn\n>p2 switch 4\n>p1 move hurricane\n>p2 move hurricane\n>p1 switch 2\n>p1 move grassyglide\n>p2 move hurricane", "uploadtime": 1781459204, "views": 3, "formatid": "gen9randombattle", "rating": null, "private": 0, "password": null}