{"id": "gen9randombattle-2631411502", "format": "[Gen 9] Random Battle", "players": ["Chicken347", "Coopman35"], "log": "|j|\u2606Chicken347\n|j|\u2606Coopman35\n|t:|1781381436\n|gametype|singles\n|player|p1|Chicken347|266|1989\n|player|p2|Coopman35|bruno|1948\n|gen|9\n|tier|[Gen 9] Random Battle\n|rated|\n|rule|Species Clause: Limit one of each Pok\u00e9mon\n|rule|HP Percentage Mod: HP is shown in percentages\n|rule|Sleep Clause Mod: Limit one foe put to sleep\n|rule|Illusion Level Mod: Illusion disguises the Pok\u00e9mon's true level\n|\n|t:|1781381436\n|teamsize|p1|6\n|teamsize|p2|6\n|start\n|switch|p1a: Terrakion|Terrakion, L79|273/273\n|switch|p2a: Hoopa|Hoopa, L85|275/275\n|turn|1\n|j| sierraa\n|\n|t:|1781381446\n|switch|p1a: Grimmsnarl|Grimmsnarl, L83, M|293/293\n|move|p2a: Hoopa|Psyshock|p1a: Grimmsnarl\n|-immune|p1a: Grimmsnarl\n|\n|upkeep\n|turn|2\n|\n|t:|1781381451\n|switch|p2a: Ho-Oh|Ho-Oh, L71|268/268\n|move|p1a: Grimmsnarl|Parting Shot|p2a: Ho-Oh\n|-unboost|p2a: Ho-Oh|atk|1\n|-unboost|p2a: Ho-Oh|spa|1\n|\n|t:|1781381461\n|switch|p1a: Terrakion|Terrakion, L79|273/273|[from] Parting Shot\n|\n|upkeep\n|turn|3\n|\n|t:|1781381464\n|switch|p2a: Hoopa|Hoopa, L85|275/275\n|move|p1a: Terrakion|Stone Edge|p2a: Hoopa\n|-damage|p2a: Hoopa|49/275\n|\n|upkeep\n|turn|4\n|\n|t:|1781381477\n|switch|p1a: Dialga|Dialga, L73|266/266\n|-ability|p1a: Dialga|Pressure\n|move|p2a: Hoopa|Trick|p1a: Dialga\n|-activate|p2a: Hoopa|move: Trick|[of] p1a: Dialga\n|-item|p1a: Dialga|Choice Scarf|[from] move: Trick\n|-item|p2a: Hoopa|Leftovers|[from] move: Trick\n|\n|-heal|p2a: Hoopa|66/275|[from] item: Leftovers\n|upkeep\n|turn|5\n|\n|t:|1781381494\n|switch|p2a: Ho-Oh|Ho-Oh, L71|268/268\n|move|p1a: Dialga|Stealth Rock|p2a: Ho-Oh\n|-sidestart|p2: Coopman35|move: Stealth Rock\n|\n|upkeep\n|turn|6\n|\n|t:|1781381502\n|switch|p1a: Primarina|Primarina, L83, M|268/268\n|move|p2a: Ho-Oh|Sacred Fire|p1a: Primarina\n|-resisted|p1a: Primarina\n|-damage|p1a: Primarina|208/268\n|-status|p1a: Primarina|brn\n|\n|-damage|p1a: Primarina|192/268 brn|[from] brn\n|upkeep\n|turn|7\n|\n|t:|1781381509\n|switch|p2a: Arboliva|Arboliva, L91, M|288/288\n|-damage|p2a: Arboliva|252/288|[from] Stealth Rock\n|move|p1a: Primarina|Flip Turn|p2a: Arboliva\n|-resisted|p2a: Arboliva\n|-damage|p2a: Arboliva|240/288\n|\n|t:|1781381538\n|switch|p1a: Gallade|Gallade, L80, M|240/240|[from] Flip Turn\n|\n|upkeep\n|turn|8\n|\n|t:|1781381546\n|move|p1a: Gallade|Sacred Sword|p2a: Arboliva\n|-supereffective|p2a: Arboliva\n|-crit|p2a: Arboliva\n|-damage|p2a: Arboliva|0 fnt\n|faint|p2a: Arboliva\n|-damage|p1a: Gallade|216/240|[from] item: Life Orb\n|\n|upkeep\n|\n|t:|1781381552\n|switch|p2a: Dachsbun|Dachsbun, L92, F|254/254\n|-damage|p2a: Dachsbun|223/254|[from] Stealth Rock\n|turn|9\n|\n|t:|1781381577\n|switch|p1a: Dialga|Dialga, L73|266/266\n|-ability|p1a: Dialga|Pressure\n|move|p2a: Dachsbun|Play Rough|p1a: Dialga\n|-damage|p1a: Dialga|179/266\n|\n|-heal|p2a: Dachsbun|238/254|[from] item: Leftovers\n|upkeep\n|turn|10\n|\n|t:|1781381583\n|switch|p1a: Primarina|Primarina, L83, M|192/268 brn\n|move|p2a: Dachsbun|Protect||[still]\n|-fail|p2a: Dachsbun\n|\n|-heal|p2a: Dachsbun|253/254|[from] item: Leftovers\n|-damage|p1a: Primarina|176/268 brn|[from] brn\n|upkeep\n|turn|11\n|\n|t:|1781381598\n|move|p2a: Dachsbun|Play Rough|p1a: Primarina\n|-damage|p1a: Primarina|68/268 brn\n|move|p1a: Primarina|Hydro Pump|p2a: Dachsbun\n|-damage|p2a: Dachsbun|0 fnt\n|faint|p2a: Dachsbun\n|\n|-damage|p1a: Primarina|52/268 brn|[from] brn\n|upkeep\n|\n|t:|1781381606\n|switch|p2a: Dragalge|Dragalge, L88, M|258/258\n|-damage|p2a: Dragalge|226/258|[from] Stealth Rock\n|turn|12\n|\n|t:|1781381609\n|move|p1a: Primarina|Hydro Pump|p2a: Dragalge\n|-resisted|p2a: Dragalge\n|-damage|p2a: Dragalge|118/258\n|move|p2a: Dragalge|Toxic||[still]\n|-fail|p2a: Dragalge\n|\n|-heal|p2a: Dragalge|134/258|[from] item: Leftovers\n|-damage|p1a: Primarina|36/268 brn|[from] brn\n|upkeep\n|turn|13\n|\n|t:|1781381617\n|move|p1a: Primarina|Hydro Pump|p2a: Dragalge|[miss]\n|-miss|p1a: Primarina|p2a: Dragalge\n|move|p2a: Dragalge|Sludge Wave|p1a: Primarina\n|-supereffective|p1a: Primarina\n|-damage|p1a: Primarina|0 fnt\n|faint|p1a: Primarina\n|\n|-heal|p2a: Dragalge|150/258|[from] item: Leftovers\n|upkeep\n|\n|t:|1781381629\n|switch|p1a: Grimmsnarl|Grimmsnarl, L83, M|293/293\n|turn|14\n|\n|t:|1781381633\n|move|p1a: Grimmsnarl|Parting Shot|p2a: Dragalge\n|-unboost|p2a: Dragalge|atk|1\n|-unboost|p2a: Dragalge|spa|1\n|\n|t:|1781381637\n|switch|p1a: Dialga|Dialga, L73|179/266|[from] Parting Shot\n|-ability|p1a: Dialga|Pressure\n|move|p2a: Dragalge|Focus Blast|p1a: Dialga\n|-supereffective|p1a: Dialga\n|-damage|p1a: Dialga|49/266\n|\n|-heal|p2a: Dragalge|166/258|[from] item: Leftovers\n|upkeep\n|turn|15\n|\n|t:|1781381644\n|move|p1a: Dialga|Draco Meteor|p2a: Dragalge\n|-supereffective|p2a: Dragalge\n|-damage|p2a: Dragalge|0 fnt\n|-unboost|p1a: Dialga|spa|2\n|faint|p2a: Dragalge\n|\n|upkeep\n|\n|t:|1781381648\n|switch|p2a: Ho-Oh|Ho-Oh, L71|268/268\n|turn|16\n|\n|t:|1781381655\n|move|p1a: Dialga|Draco Meteor|p2a: Ho-Oh|[miss]\n|-miss|p1a: Dialga|p2a: Ho-Oh\n|move|p2a: Ho-Oh|Earthquake|p1a: Dialga\n|-supereffective|p1a: Dialga\n|-damage|p1a: Dialga|0 fnt\n|faint|p1a: Dialga\n|\n|upkeep\n|\n|t:|1781381663\n|switch|p1a: Grimmsnarl|Grimmsnarl, L83, M|293/293\n|turn|17\n|\n|t:|1781381668\n|move|p1a: Grimmsnarl|Thunder Wave|p2a: Ho-Oh\n|-status|p2a: Ho-Oh|par\n|move|p2a: Ho-Oh|Sacred Fire|p1a: Grimmsnarl\n|-damage|p1a: Grimmsnarl|161/293\n|\n|-heal|p1a: Grimmsnarl|179/293|[from] item: Leftovers\n|upkeep\n|turn|18\n|\n|t:|1781381689\n|move|p1a: Grimmsnarl|Sucker Punch|p2a: Ho-Oh\n|-damage|p2a: Ho-Oh|160/268 par\n|cant|p2a: Ho-Oh|par\n|\n|-heal|p1a: Grimmsnarl|197/293|[from] item: Leftovers\n|upkeep\n|turn|19\n|\n|t:|1781381697\n|move|p1a: Grimmsnarl|Spirit Break|p2a: Ho-Oh\n|-resisted|p2a: Ho-Oh\n|-damage|p2a: Ho-Oh|105/268 par\n|-unboost|p2a: Ho-Oh|spa|1\n|cant|p2a: Ho-Oh|par\n|\n|-heal|p1a: Grimmsnarl|215/293|[from] item: Leftovers\n|upkeep\n|turn|20\n|\n|t:|1781381705\n|move|p1a: Grimmsnarl|Spirit Break|p2a: Ho-Oh\n|-resisted|p2a: Ho-Oh\n|-damage|p2a: Ho-Oh|47/268 par\n|-unboost|p2a: Ho-Oh|spa|1\n|move|p2a: Ho-Oh|Recover|p2a: Ho-Oh\n|-heal|p2a: Ho-Oh|181/268 par\n|\n|-heal|p1a: Grimmsnarl|233/293|[from] item: Leftovers\n|upkeep\n|turn|21\n|\n|t:|1781381710\n|move|p1a: Grimmsnarl|Spirit Break|p2a: Ho-Oh\n|-resisted|p2a: Ho-Oh\n|-damage|p2a: Ho-Oh|127/268 par\n|-unboost|p2a: Ho-Oh|spa|1\n|move|p2a: Ho-Oh|Sacred Fire|p1a: Grimmsnarl\n|-damage|p1a: Grimmsnarl|115/293\n|\n|-heal|p1a: Grimmsnarl|133/293|[from] item: Leftovers\n|upkeep\n|turn|22\n|\n|t:|1781381723\n|move|p1a: Grimmsnarl|Parting Shot|p2a: Ho-Oh\n|-unboost|p2a: Ho-Oh|atk|1\n|-unboost|p2a: Ho-Oh|spa|1\n|\n|t:|1781381731\n|switch|p1a: Gallade|Gallade, L80, M|216/240|[from] Parting Shot\n|move|p2a: Ho-Oh|Recover|p2a: Ho-Oh\n|-heal|p2a: Ho-Oh|261/268 par\n|\n|upkeep\n|turn|23\n|\n|t:|1781381735\n|move|p1a: Gallade|Psycho Cut|p2a: Ho-Oh\n|-damage|p2a: Ho-Oh|70/268 par\n|-damage|p1a: Gallade|192/240|[from] item: Life Orb\n|move|p2a: Ho-Oh|Brave Bird|p1a: Gallade\n|-supereffective|p1a: Gallade\n|-damage|p1a: Gallade|0 fnt\n|faint|p1a: Gallade\n|-damage|p2a: Ho-Oh|7/268 par|[from] Recoil\n|\n|upkeep\n|\n|t:|1781381739\n|switch|p1a: Grimmsnarl|Grimmsnarl, L83, M|133/293\n|turn|24\n|\n|t:|1781381743\n|switch|p2a: Hoopa|Hoopa, L85|66/275\n|-damage|p2a: Hoopa|32/275|[from] Stealth Rock\n|move|p1a: Grimmsnarl|Spirit Break|p2a: Hoopa\n|-damage|p2a: Hoopa|0 fnt\n|faint|p2a: Hoopa\n|\n|-heal|p1a: Grimmsnarl|151/293|[from] item: Leftovers\n|upkeep\n|\n|t:|1781381746\n|switch|p2a: Ho-Oh|Ho-Oh, L71|96/268 par\n|turn|25\n|\n|t:|1781381756\n|move|p1a: Grimmsnarl|Spirit Break|p2a: Ho-Oh\n|-resisted|p2a: Ho-Oh\n|-damage|p2a: Ho-Oh|44/268 par\n|-unboost|p2a: Ho-Oh|spa|1\n|move|p2a: Ho-Oh|Sacred Fire|p1a: Grimmsnarl\n|-damage|p1a: Grimmsnarl|30/293\n|-status|p1a: Grimmsnarl|brn\n|\n|-heal|p1a: Grimmsnarl|48/293 brn|[from] item: Leftovers\n|-damage|p1a: Grimmsnarl|30/293 brn|[from] brn\n|upkeep\n|turn|26\n|\n|t:|1781381769\n|move|p1a: Grimmsnarl|Parting Shot|p2a: Ho-Oh\n|-unboost|p2a: Ho-Oh|atk|1\n|-unboost|p2a: Ho-Oh|spa|1\n|\n|t:|1781381771\n|switch|p1a: Bronzong|Bronzong, L88|261/261|[from] Parting Shot\n|cant|p2a: Ho-Oh|par\n|\n|upkeep\n|turn|27\n|\n|t:|1781381782\n|move|p1a: Bronzong|Psychic Noise|p2a: Ho-Oh\n|-damage|p2a: Ho-Oh|0 fnt\n|faint|p2a: Ho-Oh\n|\n|upkeep\n|\n|t:|1781381784\n|switch|p2a: Delphox|Delphox, L84, M|263/263\n|turn|28\n|\n|t:|1781381789\n|-terastallize|p2a: Delphox|Fire\n|move|p2a: Delphox|Fire Blast|p1a: Bronzong\n|-supereffective|p1a: Bronzong\n|-crit|p1a: Bronzong\n|-damage|p1a: Bronzong|0 fnt\n|faint|p1a: Bronzong\n|\n|upkeep\n|\n|t:|1781381797\n|switch|p1a: Grimmsnarl|Grimmsnarl, L83, M|30/293 brn\n|turn|29\n|\n|t:|1781381801\n|move|p1a: Grimmsnarl|Thunder Wave|p2a: Delphox\n|-status|p2a: Delphox|par\n|move|p2a: Delphox|Fire Blast|p1a: Grimmsnarl\n|-damage|p1a: Grimmsnarl|0 fnt\n|faint|p1a: Grimmsnarl\n|\n|upkeep\n|\n|t:|1781381807\n|switch|p1a: Terrakion|Terrakion, L79|273/273\n|turn|30\n|\n|t:|1781381810\n|-terastallize|p1a: Terrakion|Ground\n|move|p1a: Terrakion|Earthquake|p2a: Delphox\n|-supereffective|p2a: Delphox\n|-damage|p2a: Delphox|0 fnt\n|faint|p2a: Delphox\n|\n|win|Chicken347\n", "inputlog": ">version a8376a258c1d4662feba110a92103f3664a72141\n>start {\"formatid\":\"gen9randombattle\",\"seed\":\"sodium,722277db7445e20a7913c46a66f1571e\",\"rated\":\"Rated battle\"}\n>player p1 {\"name\":\"Chicken347\",\"avatar\":\"266\",\"rating\":1989,\"seed\":\"sodium,2e7613332000f1d8c224a3f16da82e0d\"}\n>player p2 {\"name\":\"Coopman35\",\"avatar\":\"bruno\",\"rating\":1948,\"seed\":\"sodium,9fc8bea22c58fb397594ccaf970271b9\"}\n>p1 switch 2\n>p2 move psyshock\n>p1 move partingshot\n>p2 switch 3\n>p1 switch 2\n>p1 move stoneedge\n>p2 switch 3\n>p1 switch 4\n>p2 move trick\n>p1 move stealthrock\n>p2 switch 3\n>p1 switch 6\n>p2 move sacredfire\n>p1 move flipturn\n>p2 switch 5\n>p1 switch 3\n>p1 move sacredsword\n>p2 move leechseed\n>p2 switch 2\n>p1 switch 6\n>p2 move playrough\n>p1 switch 3\n>p2 move protect\n>p1 move hydropump\n>p2 move playrough\n>p2 switch 6\n>p1 move hydropump\n>p2 move toxic\n>p1 move hydropump\n>p2 move sludgewave\n>p1 switch 2\n>p1 move partingshot\n>p2 move focusblast\n>p1 switch 3\n>p1 move dracometeor\n>p2 move focusblast\n>p2 switch 5\n>p1 move dracometeor\n>p2 move earthquake\n>p1 switch 3\n>p1 move thunderwave\n>p2 move sacredfire\n>p1 move suckerpunch\n>p2 move sacredfire\n>p1 move spiritbreak\n>p2 move sacredfire\n>p1 move spiritbreak\n>p2 move recover\n>p1 move spiritbreak\n>p2 move sacredfire\n>p1 move partingshot\n>p2 move recover\n>p1 switch 6\n>p1 move psychocut\n>p2 move bravebird\n>p1 switch 6\n>p1 move spiritbreak\n>p2 switch 3\n>p2 switch 3\n>p1 move spiritbreak\n>p2 move sacredfire\n>p1 move partingshot\n>p2 move recover\n>p1 switch 5\n>p1 move psychicnoise\n>p2 move sacredfire\n>p2 switch 4\n>p1 move psychicnoise\n>p2 move fireblast terastallize\n>p1 switch 5\n>p1 move thunderwave\n>p2 move fireblast\n>p1 switch 4\n>p1 move earthquake terastallize\n>p2 move psyshock", "uploadtime": 1781381438, "views": 9, "formatid": "gen9randombattle", "rating": null, "private": 0, "password": null}