{"id": "gen9randombattle-2631732242", "format": "[Gen 9] Random Battle", "players": ["JeanPaulPot", "Crysys1"], "log": "|j|\u2606JeanPaulPot\n|j|\u2606Crysys1\n|t:|1781430390\n|gametype|singles\n|player|p1|JeanPaulPot|infielder|2054\n|player|p2|Crysys1|265|2103\n|gen|9\n|tier|[Gen 9] Random Battle\n|rated|\n|rule|Species Clause: Limit one of each Pok\u00e9mon\n|rule|HP Percentage Mod: HP is shown in percentages\n|rule|Sleep Clause Mod: Limit one foe put to sleep\n|rule|Illusion Level Mod: Illusion disguises the Pok\u00e9mon's true level\n|\n|t:|1781430390\n|teamsize|p1|6\n|teamsize|p2|6\n|start\n|switch|p1a: Torkoal|Torkoal, L88, M|266/266\n|switch|p2a: Reuniclus|Reuniclus, L88, F|337/337\n|-weather|SunnyDay|[from] ability: Drought|[of] p1a: Torkoal\n|turn|1\n|inactive|Battle timer is ON: inactive players will automatically lose when time's up. (requested by Crysys1)\n|\n|t:|1781430449\n|switch|p1a: Iron Boulder|Iron Boulder, L77|265/265\n|-enditem|p1a: Iron Boulder|Booster Energy\n|-activate|p1a: Iron Boulder|ability: Quark Drive|[fromitem]\n|-start|p1a: Iron Boulder|quarkdrivespe\n|move|p2a: Reuniclus|Calm Mind|p2a: Reuniclus\n|-boost|p2a: Reuniclus|spa|1\n|-boost|p2a: Reuniclus|spd|1\n|\n|-weather|SunnyDay|[upkeep]\n|upkeep\n|turn|2\n|\n|t:|1781430462\n|move|p1a: Iron Boulder|Swords Dance|p1a: Iron Boulder\n|-boost|p1a: Iron Boulder|atk|2\n|move|p2a: Reuniclus|Psyshock|p1a: Iron Boulder\n|-resisted|p1a: Iron Boulder\n|-damage|p1a: Iron Boulder|143/265\n|\n|-weather|SunnyDay|[upkeep]\n|upkeep\n|turn|3\n|\n|t:|1781430487\n|move|p1a: Iron Boulder|Mighty Cleave|p2a: Reuniclus\n|-damage|p2a: Reuniclus|121/337\n|move|p2a: Reuniclus|Focus Blast|p1a: Iron Boulder\n|-damage|p1a: Iron Boulder|0 fnt\n|faint|p1a: Iron Boulder\n|-end|p1a: Iron Boulder|Quark Drive|[silent]\n|\n|-weather|SunnyDay|[upkeep]\n|upkeep\n|\n|t:|1781430507\n|switch|p1a: Giratina|Giratina-Origin, L72|335/335\n|turn|4\n|\n|t:|1781430515\n|switch|p2a: Zarude|Zarude-Dada, L77|288/288\n|move|p1a: Giratina|Poltergeist|p2a: Zarude\n|-activate|p2a: Zarude|move: Poltergeist|Choice Band\n|-resisted|p2a: Zarude\n|-damage|p2a: Zarude|234/288\n|\n|-weather|SunnyDay|[upkeep]\n|upkeep\n|turn|5\n|\n|t:|1781430528\n|switch|p1a: Torkoal|Torkoal, L88, M|266/266\n|move|p2a: Zarude|U-turn|p1a: Torkoal\n|-resisted|p1a: Torkoal\n|-damage|p1a: Torkoal|240/266\n|\n|t:|1781430532\n|switch|p2a: Reuniclus|Reuniclus, L88, F|121/337|[from] U-turn\n|\n|-weather|none\n|upkeep\n|turn|6\n|inactive|JeanPaulPot has 120 seconds left.\n|\n|t:|1781430574\n|switch|p1a: Terapagos|Terapagos, L77, M|265/265\n|-activate|p1a: Terapagos|ability: Tera Shift\n|detailschange|p1a: Terapagos|Terapagos-Terastal, L77, M\n|-heal|p1a: Terapagos|273/273|[silent]\n|move|p2a: Reuniclus|Recover|p2a: Reuniclus\n|-heal|p2a: Reuniclus|290/337\n|\n|upkeep\n|turn|7\n|\n|t:|1781430579\n|move|p1a: Terapagos|Calm Mind|p1a: Terapagos\n|-boost|p1a: Terapagos|spa|1\n|-boost|p1a: Terapagos|spd|1\n|move|p2a: Reuniclus|Calm Mind|p2a: Reuniclus\n|-boost|p2a: Reuniclus|spa|1\n|-boost|p2a: Reuniclus|spd|1\n|\n|upkeep\n|turn|8\n|\n|t:|1781430586\n|move|p1a: Terapagos|Calm Mind|p1a: Terapagos\n|-boost|p1a: Terapagos|spa|1\n|-boost|p1a: Terapagos|spd|1\n|move|p2a: Reuniclus|Calm Mind|p2a: Reuniclus\n|-boost|p2a: Reuniclus|spa|1\n|-boost|p2a: Reuniclus|spd|1\n|\n|upkeep\n|turn|9\n|\n|t:|1781430591\n|move|p1a: Terapagos|Dark Pulse|p2a: Reuniclus\n|-supereffective|p2a: Reuniclus\n|-damage|p2a: Reuniclus|194/337\n|move|p2a: Reuniclus|Psyshock|p1a: Terapagos\n|-activate|p1a: Terapagos|ability: Tera Shell\n|-resisted|p1a: Terapagos\n|-damage|p1a: Terapagos|148/273\n|\n|upkeep\n|turn|10\n|\n|t:|1781430599\n|move|p1a: Terapagos|Dark Pulse|p2a: Reuniclus\n|-supereffective|p2a: Reuniclus\n|-damage|p2a: Reuniclus|98/337\n|cant|p2a: Reuniclus|flinch\n|\n|upkeep\n|turn|11\n|\n|t:|1781430606\n|move|p1a: Terapagos|Tera Starstorm|p2a: Reuniclus\n|-damage|p2a: Reuniclus|0 fnt\n|faint|p2a: Reuniclus\n|\n|upkeep\n|\n|t:|1781430626\n|switch|p2a: Zarude|Zarude-Dada, L77|234/288\n|turn|12\n|\n|t:|1781430638\n|switch|p1a: Torkoal|Torkoal, L88, M|240/266\n|-weather|SunnyDay|[from] ability: Drought|[of] p1a: Torkoal\n|move|p2a: Zarude|Knock Off|p1a: Torkoal\n|-damage|p1a: Torkoal|131/266\n|-enditem|p1a: Torkoal|Heavy-Duty Boots|[from] move: Knock Off|[of] p2a: Zarude\n|\n|-weather|SunnyDay|[upkeep]\n|upkeep\n|turn|13\n|\n|t:|1781430655\n|switch|p2a: Greninja|Greninja, L80, M|246/246\n|move|p1a: Torkoal|Fire Blast|p2a: Greninja\n|-resisted|p2a: Greninja\n|-damage|p2a: Greninja|132/246\n|\n|-weather|SunnyDay|[upkeep]\n|upkeep\n|turn|14\n|inactive|Crysys1 has 120 seconds left.\n|\n|t:|1781430713\n|switch|p1a: Lapras|Lapras, L87, F|368/368\n|move|p2a: Greninja|Hydro Pump|p1a: Lapras\n|-start|p2a: Greninja|typechange|Water|[from] ability: Protean\n|-immune|p1a: Lapras|[from] ability: Water Absorb\n|\n|-weather|SunnyDay|[upkeep]\n|upkeep\n|turn|15\n|inactive|JeanPaulPot has 120 seconds left.\n|\n|t:|1781430754\n|switch|p2a: Magearna|Magearna, L77|250/250\n|move|p1a: Lapras|Freeze-Dry|p2a: Magearna\n|-resisted|p2a: Magearna\n|-damage|p2a: Magearna|219/250\n|\n|-weather|SunnyDay|[upkeep]\n|-heal|p2a: Magearna|234/250|[from] item: Leftovers\n|upkeep\n|turn|16\n|inactive|JeanPaulPot has 90 seconds left.\n|\n|t:|1781430782\n|switch|p1a: Torkoal|Torkoal, L88, M|131/266\n|move|p2a: Magearna|Flash Cannon|p1a: Torkoal\n|-resisted|p1a: Torkoal\n|-damage|p1a: Torkoal|79/266\n|\n|-weather|none\n|-heal|p2a: Magearna|249/250|[from] item: Leftovers\n|upkeep\n|turn|17\n|inactive|JeanPaulPot has 90 seconds left.\n|\n|t:|1781430799\n|move|p2a: Magearna|Fleur Cannon|p1a: Torkoal|[miss]\n|-miss|p2a: Magearna|p1a: Torkoal\n|move|p1a: Torkoal|Earthquake|p2a: Magearna\n|-supereffective|p2a: Magearna\n|-damage|p2a: Magearna|113/250\n|\n|-heal|p2a: Magearna|128/250|[from] item: Leftovers\n|upkeep\n|turn|18\n|\n|t:|1781430815\n|move|p2a: Magearna|Fleur Cannon|p1a: Torkoal\n|-resisted|p1a: Torkoal\n|-damage|p1a: Torkoal|0 fnt\n|-unboost|p2a: Magearna|spa|2\n|faint|p1a: Torkoal\n|-ability|p2a: Magearna|Soul-Heart|boost\n|-boost|p2a: Magearna|spa|1\n|\n|-heal|p2a: Magearna|143/250|[from] item: Leftovers\n|upkeep\n|inactive|JeanPaulPot has 60 seconds left.\n|\n|t:|1781430855\n|switch|p1a: Wugtrio|Wugtrio, L91, M|212/212\n|turn|19\n|inactive|Crysys1 has 120 seconds left.\n|inactive|JeanPaulPot has 30 seconds left.\n|inactive|Crysys1 has 90 seconds left.\n|inactive|JeanPaulPot has 20 seconds left.\n|inactive|JeanPaulPot has 15 seconds left.\n|inactive|JeanPaulPot has 10 seconds left.\n|\n|t:|1781430906\n|switch|p1a: Giratina|Giratina-Origin, L72|335/335\n|switch|p2a: Zarude|Zarude-Dada, L77|234/288\n|\n|upkeep\n|turn|20\n|inactive|JeanPaulPot has 20 seconds left this turn.\n|inactive|JeanPaulPot has 15 seconds left.\n|\n|t:|1781430914\n|-terastallize|p1a: Giratina|Steel\n|move|p2a: Zarude|Knock Off|p1a: Giratina\n|-damage|p1a: Giratina|221/335\n|move|p1a: Giratina|Draco Meteor|p2a: Zarude\n|-damage|p2a: Zarude|81/288\n|-unboost|p1a: Giratina|spa|2\n|\n|upkeep\n|turn|21\n|inactive|JeanPaulPot has 25 seconds left this turn.\n|inactive|JeanPaulPot has 20 seconds left.\n|inactive|Crysys1 has 90 seconds left.\n|inactive|JeanPaulPot has 15 seconds left.\n|inactive|JeanPaulPot has 10 seconds left.\n|\n|t:|1781430933\n|switch|p2a: Greninja|Greninja, L80, M|132/246\n|move|p1a: Giratina|Will-O-Wisp|p2a: Greninja|[miss]\n|-miss|p1a: Giratina|p2a: Greninja\n|\n|upkeep\n|turn|22\n|inactive|JeanPaulPot has 20 seconds left this turn.\n|inactive|JeanPaulPot has 15 seconds left.\n|inactive|Crysys1 has 90 seconds left.\n|inactive|JeanPaulPot has 10 seconds left.\n|\n|t:|1781430947\n|switch|p1a: Lapras|Lapras, L87, F|368/368\n|move|p2a: Greninja|Spikes|p1a: Lapras\n|-start|p2a: Greninja|typechange|Ground|[from] ability: Protean\n|-sidestart|p1: JeanPaulPot|Spikes\n|\n|upkeep\n|turn|23\n|inactive|JeanPaulPot has 20 seconds left this turn.\n|inactive|JeanPaulPot has 15 seconds left.\n|inactive|JeanPaulPot has 10 seconds left.\n|\n|t:|1781430959\n|switch|p2a: Magearna|Magearna, L77|143/250\n|move|p1a: Lapras|Sparkling Aria|p2a: Magearna\n|-damage|p2a: Magearna|68/250\n|\n|-heal|p2a: Magearna|83/250|[from] item: Leftovers\n|upkeep\n|turn|24\n|inactive|JeanPaulPot has 20 seconds left this turn.\n|\n|t:|1781430973\n|switch|p2a: Zarude|Zarude-Dada, L77|81/288\n|move|p1a: Lapras|Sparkling Aria|p2a: Zarude\n|-resisted|p2a: Zarude\n|-damage|p2a: Zarude|30/288\n|\n|upkeep\n|turn|25\n|inactive|JeanPaulPot has 30 seconds left this turn.\n|\n|t:|1781430978\n|switch|p1a: Giratina|Giratina-Origin, L72, tera:Steel|221/335\n|move|p2a: Zarude|Close Combat|p1a: Giratina\n|-supereffective|p1a: Giratina\n|-damage|p1a: Giratina|0 fnt\n|-unboost|p2a: Zarude|def|1\n|-unboost|p2a: Zarude|spd|1\n|faint|p1a: Giratina\n|\n|upkeep\n|inactive|JeanPaulPot has 30 seconds left this turn.\n|inactive|JeanPaulPot has 20 seconds left.\n|\n|t:|1781430990\n|switch|p1a: Wugtrio|Wugtrio, L91, M|212/212\n|-damage|p1a: Wugtrio|186/212|[from] Spikes\n|turn|26\n|inactive|JeanPaulPot has 30 seconds left this turn.\n|inactive|JeanPaulPot has 20 seconds left.\n|inactive|JeanPaulPot has 15 seconds left.\n|inactive|Crysys1 has 90 seconds left.\n|\n|t:|1781431025\n|switch|p2a: Magearna|Magearna, L77|83/250\n|move|p1a: Wugtrio|Liquidation|p2a: Magearna\n|-damage|p2a: Magearna|0 fnt\n|faint|p2a: Magearna\n|\n|upkeep\n|\n|t:|1781431039\n|switch|p2a: Greninja|Greninja, L80, M|132/246\n|turn|27\n|inactive|JeanPaulPot has 30 seconds left this turn.\n|inactive|JeanPaulPot has 20 seconds left.\n|inactive|JeanPaulPot has 15 seconds left.\n|\n|t:|1781431058\n|move|p1a: Wugtrio|Liquidation|p2a: Greninja\n|-resisted|p2a: Greninja\n|-damage|p2a: Greninja|31/246\n|move|p2a: Greninja|Gunk Shot|p1a: Wugtrio\n|-start|p2a: Greninja|typechange|Poison|[from] ability: Protean\n|-damage|p1a: Wugtrio|0 fnt\n|faint|p1a: Wugtrio\n|-damage|p2a: Greninja|7/246|[from] item: Life Orb\n|\n|upkeep\n|inactive|JeanPaulPot has 20 seconds left this turn.\n|inactive|JeanPaulPot has 15 seconds left.\n|\n|t:|1781431068\n|switch|p1a: Terapagos|Terapagos-Terastal, L77, M|148/273\n|-damage|p1a: Terapagos|114/273|[from] Spikes\n|turn|28\n|inactive|JeanPaulPot has 25 seconds left this turn.\n|inactive|JeanPaulPot has 20 seconds left.\n|\n|t:|1781431077\n|move|p2a: Greninja|Gunk Shot|p1a: Terapagos\n|-damage|p1a: Terapagos|0 fnt\n|faint|p1a: Terapagos\n|-damage|p2a: Greninja|0 fnt|[from] item: Life Orb\n|faint|p2a: Greninja\n|\n|upkeep\n|inactive|JeanPaulPot has 25 seconds left this turn.\n|-message|JeanPaulPot forfeited.\n|\n|win|Crysys1\n", "inputlog": ">version a8376a258c1d4662feba110a92103f3664a72141\n>start {\"formatid\":\"gen9randombattle\",\"seed\":\"sodium,9f856861ebd5430d08f04eb7660f356b\",\"rated\":\"Rated battle\"}\n>player p1 {\"name\":\"JeanPaulPot\",\"avatar\":\"infielder\",\"rating\":2054,\"seed\":\"sodium,f1bc76c53cf2e233cef9d32c4347215e\"}\n>player p2 {\"name\":\"Crysys1\",\"avatar\":\"265\",\"rating\":2103,\"seed\":\"sodium,f0c86a533b0d848fa7d3d5fb9eda4626\"}\n>p1 switch 6\n>p2 move calmmind\n>p1 move swordsdance\n>p2 move psyshock\n>p1 move mightycleave\n>p2 move focusblast\n>p1 switch 2\n>p1 move poltergeist\n>p2 switch 5\n>p1 switch 6\n>p2 move uturn\n>p2 switch 5\n>p1 switch 5\n>p2 move recover\n>p1 move calmmind\n>p2 move calmmind\n>p1 move calmmind\n>p2 move calmmind\n>p1 move darkpulse\n>p2 move psyshock\n>p1 move darkpulse\n>p2 move recover\n>p1 move terastarstorm\n>p2 move recover\n>p2 switch 5\n>p1 switch 5\n>p2 move knockoff\n>p1 move fireblast\n>p2 switch 2\n>p1 switch 3\n>p2 move hydropump\n>p1 move freezedry\n>p2 switch 4\n>p1 switch 3\n>p2 move flashcannon\n>p1 move earthquake\n>p2 move fleurcannon\n>p1 move fireblast\n>p2 move fleurcannon\n>p1 switch 4\n>p1 switch 6\n>p2 switch 2\n>p1 move dracometeor terastallize\n>p2 move knockoff\n>p1 move willowisp\n>p2 switch 4\n>p1 switch 3\n>p2 move spikes\n>p1 move sparklingaria\n>p2 switch 2\n>p1 move sparklingaria\n>p2 switch 4\n>p1 switch 3\n>p2 move closecombat\n>p1 switch 6\n>p1 move liquidation\n>p2 switch 4\n>p2 switch 2\n>p1 move liquidation\n>p2 move gunkshot\n>p1 switch 5\n>p1 move rest\n>p2 move gunkshot\n>forcelose p1", "uploadtime": 1781430392, "views": 7, "formatid": "gen9randombattle", "rating": null, "private": 0, "password": null}