{"id": "gen9randombattle-2631637385", "format": "[Gen 9] Random Battle", "players": ["Jadasteel", "Lujay7"], "log": "|j|\u2606Jadasteel\n|j|\u2606Lujay7\n|t:|1781412737\n|gametype|singles\n|player|p1|Jadasteel|fantina|1994\n|player|p2|Lujay7|2|1967\n|gen|9\n|tier|[Gen 9] Random Battle\n|rated|\n|rule|Species Clause: Limit one of each Pok\u00e9mon\n|rule|HP Percentage Mod: HP is shown in percentages\n|rule|Sleep Clause Mod: Limit one foe put to sleep\n|rule|Illusion Level Mod: Illusion disguises the Pok\u00e9mon's true level\n|\n|t:|1781412737\n|teamsize|p1|6\n|teamsize|p2|6\n|start\n|switch|p1a: Klawf|Klawf, L90, M|272/272\n|switch|p2a: Gyarados|Gyarados, L79, M|280/280\n|-ability|p2a: Gyarados|Intimidate|boost\n|-unboost|p1a: Klawf|atk|1\n|turn|1\n|inactive|Battle timer is ON: inactive players will automatically lose when time's up. (requested by Jadasteel)\n|\n|t:|1781412763\n|switch|p2a: Weezing|Weezing-Galar, L86, M|252/252\n|-terastallize|p1a: Klawf|Water\n|move|p1a: Klawf|Stone Edge|p2a: Weezing\n|-damage|p2a: Weezing|174/252\n|-damage|p1a: Klawf|245/272|[from] item: Life Orb\n|\n|-heal|p2a: Weezing|189/252|[from] item: Leftovers\n|upkeep\n|turn|2\n|inactive|Lujay7 has 120 seconds left.\n|\n|t:|1781412800\n|move|p1a: Klawf|Stealth Rock|p2a: Weezing\n|-sidestart|p2: Lujay7|move: Stealth Rock\n|move|p2a: Weezing|Strange Steam|p1a: Klawf\n|-damage|p1a: Klawf|118/272\n|-start|p1a: Klawf|confusion\n|\n|-heal|p2a: Weezing|204/252|[from] item: Leftovers\n|upkeep\n|turn|3\n|\n|t:|1781412814\n|switch|p1a: Spectrier|Spectrier, L75|274/274\n|move|p2a: Weezing|Defog|p1a: Spectrier\n|-unboost|p1a: Spectrier|evasion|1\n|-sideend|p2: Lujay7|Stealth Rock|[from] move: Defog|[of] p2a: Weezing\n|\n|-heal|p2a: Weezing|219/252|[from] item: Leftovers\n|upkeep\n|turn|4\n|inactive|Lujay7 has 120 seconds left.\n|inactive|Lujay7 has 90 seconds left.\n|inactive|Lujay7 has 60 seconds left.\n|\n|t:|1781412907\n|move|p1a: Spectrier|Substitute|p1a: Spectrier\n|-start|p1a: Spectrier|Substitute\n|-damage|p1a: Spectrier|206/274\n|move|p2a: Weezing|Strange Steam|p1a: Spectrier\n|-end|p1a: Spectrier|Substitute\n|\n|-heal|p1a: Spectrier|223/274|[from] item: Leftovers\n|-heal|p2a: Weezing|234/252|[from] item: Leftovers\n|upkeep\n|turn|5\n|\n|t:|1781412918\n|move|p1a: Spectrier|Nasty Plot|p1a: Spectrier\n|-boost|p1a: Spectrier|spa|2\n|move|p2a: Weezing|Strange Steam|p1a: Spectrier\n|-damage|p1a: Spectrier|117/274\n|\n|-heal|p1a: Spectrier|134/274|[from] item: Leftovers\n|-heal|p2a: Weezing|249/252|[from] item: Leftovers\n|upkeep\n|turn|6\n|inactive|Lujay7 has 60 seconds left.\n|\n|t:|1781412932\n|move|p1a: Spectrier|Shadow Ball|p2a: Weezing\n|-damage|p2a: Weezing|11/252\n|move|p2a: Weezing|Strange Steam|p1a: Spectrier\n|-damage|p1a: Spectrier|22/274\n|\n|-heal|p1a: Spectrier|39/274|[from] item: Leftovers\n|-heal|p2a: Weezing|26/252|[from] item: Leftovers\n|upkeep\n|turn|7\n|\n|t:|1781412941\n|move|p1a: Spectrier|Tera Blast|p2a: Weezing\n|-damage|p2a: Weezing|0 fnt\n|faint|p2a: Weezing\n|-ability|p1a: Spectrier|Grim Neigh|boost\n|-boost|p1a: Spectrier|spa|1\n|\n|-heal|p1a: Spectrier|56/274|[from] item: Leftovers\n|upkeep\n|\n|t:|1781412946\n|switch|p2a: Regidrago|Regidrago, L77|435/435\n|turn|8\n|\n|t:|1781412955\n|switch|p1a: Ribombee|Ribombee, L83, F|235/235\n|move|p2a: Regidrago|Dragon Energy|p1a: Ribombee\n|-immune|p1a: Ribombee\n|\n|upkeep\n|turn|9\n|\n|t:|1781412971\n|switch|p2a: Gouging Fire|Gouging Fire, L74|277/277\n|move|p1a: Ribombee|Stun Spore|p2a: Gouging Fire\n|-status|p2a: Gouging Fire|par\n|\n|upkeep\n|turn|10\n|\n|t:|1781412980\n|move|p1a: Ribombee|Sticky Web|p2a: Gouging Fire\n|-sidestart|p2: Lujay7|move: Sticky Web\n|move|p2a: Gouging Fire|Heat Crash|p1a: Ribombee\n|-supereffective|p1a: Ribombee\n|-damage|p1a: Ribombee|0 fnt\n|faint|p1a: Ribombee\n|\n|upkeep\n|\n|t:|1781412986\n|switch|p1a: Klawf|Klawf, L90, M, tera:Water|208/272\n|turn|11\n|inactive|Lujay7 has 90 seconds left.\n|\n|t:|1781412998\n|move|p1a: Klawf|Stealth Rock|p2a: Gouging Fire\n|-sidestart|p2: Lujay7|move: Stealth Rock\n|move|p2a: Gouging Fire|Outrage|p1a: Klawf\n|-damage|p1a: Klawf|114/272\n|\n|upkeep\n|turn|12\n|\n|t:|1781413004\n|move|p1a: Klawf|Stone Edge|p2a: Gouging Fire|[miss]\n|-miss|p1a: Klawf|p2a: Gouging Fire\n|move|p2a: Gouging Fire|Outrage|p1a: Klawf|[from] lockedmove\n|-damage|p1a: Klawf|29/272\n|\n|upkeep\n|turn|13\n|\n|t:|1781413009\n|move|p1a: Klawf|Stone Edge|p2a: Gouging Fire\n|-supereffective|p2a: Gouging Fire\n|-damage|p2a: Gouging Fire|4/277 par\n|-damage|p1a: Klawf|2/272|[from] item: Life Orb\n|move|p2a: Gouging Fire|Outrage|p1a: Klawf|[from] lockedmove\n|-crit|p1a: Klawf\n|-damage|p1a: Klawf|0 fnt\n|faint|p1a: Klawf\n|-start|p2a: Gouging Fire|confusion|[fatigue]\n|\n|upkeep\n|\n|t:|1781413016\n|switch|p1a: Spectrier|Spectrier, L75|56/274\n|turn|14\n|\n|t:|1781413022\n|move|p1a: Spectrier|Shadow Ball|p2a: Gouging Fire\n|-damage|p2a: Gouging Fire|0 fnt\n|faint|p2a: Gouging Fire\n|-end|p2a: Gouging Fire|Protosynthesis|[silent]\n|-ability|p1a: Spectrier|Grim Neigh|boost\n|-boost|p1a: Spectrier|spa|1\n|\n|-heal|p1a: Spectrier|73/274|[from] item: Leftovers\n|upkeep\n|\n|t:|1781413024\n|switch|p2a: Thundurus|Thundurus-Therian, L80, M|258/258\n|-damage|p2a: Thundurus|194/258|[from] Stealth Rock\n|turn|15\n|\n|t:|1781413036\n|move|p2a: Thundurus|Thunderbolt|p1a: Spectrier\n|-damage|p1a: Spectrier|0 fnt\n|faint|p1a: Spectrier\n|\n|upkeep\n|\n|t:|1781413041\n|switch|p1a: Breloom|Breloom, L83, F|235/235\n|turn|16\n|\n|t:|1781413050\n|switch|p2a: Regidrago|Regidrago, L77|435/435\n|-activate|p2a: Regidrago|move: Sticky Web\n|-unboost|p2a: Regidrago|spe|1\n|-damage|p2a: Regidrago|381/435|[from] Stealth Rock\n|move|p1a: Breloom|Rock Tomb|p2a: Regidrago\n|-damage|p2a: Regidrago|230/435\n|-unboost|p2a: Regidrago|spe|1\n|-damage|p1a: Breloom|212/235|[from] item: Life Orb\n|\n|upkeep\n|turn|17\n|\n|t:|1781413061\n|move|p1a: Breloom|Spore|p2a: Regidrago\n|-status|p2a: Regidrago|slp|[from] move: Spore\n|cant|p2a: Regidrago|slp\n|\n|upkeep\n|turn|18\n|\n|t:|1781413065\n|switch|p2a: Gyarados|Gyarados, L79, M|280/280\n|-ability|p2a: Gyarados|Intimidate|boost\n|-unboost|p1a: Breloom|atk|1\n|move|p1a: Breloom|Rock Tomb|p2a: Gyarados\n|-supereffective|p2a: Gyarados\n|-damage|p2a: Gyarados|124/280\n|-unboost|p2a: Gyarados|spe|1\n|-damage|p1a: Breloom|189/235|[from] item: Life Orb\n|\n|upkeep\n|turn|19\n|\n|t:|1781413081\n|switch|p2a: Thundurus|Thundurus-Therian, L80, M|194/258\n|-damage|p2a: Thundurus|130/258|[from] Stealth Rock\n|move|p1a: Breloom|Bullet Seed|p2a: Thundurus\n|-resisted|p2a: Thundurus\n|-damage|p2a: Thundurus|105/258\n|-resisted|p2a: Thundurus\n|-damage|p2a: Thundurus|78/258\n|-resisted|p2a: Thundurus\n|-damage|p2a: Thundurus|55/258\n|-hitcount|p2a: Thundurus|3\n|-damage|p1a: Breloom|166/235|[from] item: Life Orb\n|\n|upkeep\n|turn|20\n|\n|t:|1781413104\n|switch|p1a: Persian|Persian, L92, M|269/269\n|move|p2a: Thundurus|Sludge Wave|p1a: Persian\n|-damage|p1a: Persian|175/269\n|\n|upkeep\n|turn|21\n|\n|t:|1781413126\n|move|p1a: Persian|Fake Out|p2a: Thundurus\n|-damage|p2a: Thundurus|0 fnt\n|faint|p2a: Thundurus\n|\n|upkeep\n|\n|t:|1781413132\n|switch|p2a: Gyarados|Gyarados, L79, M|124/280\n|-ability|p2a: Gyarados|Intimidate|boost\n|-unboost|p1a: Persian|atk|1\n|turn|22\n|\n|t:|1781413143\n|switch|p2a: Regidrago|Regidrago, L77|230/435 slp\n|-activate|p2a: Regidrago|move: Sticky Web\n|-unboost|p2a: Regidrago|spe|1\n|-damage|p2a: Regidrago|176/435 slp|[from] Stealth Rock\n|move|p1a: Persian|Double-Edge|p2a: Regidrago\n|-crit|p2a: Regidrago\n|-damage|p2a: Regidrago|0 fnt\n|faint|p2a: Regidrago\n|-damage|p1a: Persian|117/269|[from] Recoil\n|\n|upkeep\n|inactive|Lujay7 has 120 seconds left.\n|\n|t:|1781413165\n|switch|p2a: Gyarados|Gyarados, L79, M|124/280\n|-ability|p2a: Gyarados|Intimidate|boost\n|-unboost|p1a: Persian|atk|1\n|turn|23\n|\n|t:|1781413175\n|move|p1a: Persian|U-turn|p2a: Gyarados\n|-resisted|p2a: Gyarados\n|-damage|p2a: Gyarados|110/280\n|\n|t:|1781413177\n|switch|p1a: Breloom|Breloom, L83, F|166/235|[from] U-turn\n|move|p2a: Gyarados|Waterfall|p1a: Breloom\n|-resisted|p1a: Breloom\n|-damage|p1a: Breloom|118/235\n|\n|upkeep\n|turn|24\n|\n|t:|1781413187\n|move|p1a: Breloom|Mach Punch|p2a: Gyarados\n|-resisted|p2a: Gyarados\n|-damage|p2a: Gyarados|48/280\n|-damage|p1a: Breloom|95/235|[from] item: Life Orb\n|move|p2a: Gyarados|Temper Flare|p1a: Breloom\n|-supereffective|p1a: Breloom\n|-damage|p1a: Breloom|0 fnt\n|faint|p1a: Breloom\n|\n|upkeep\n|\n|t:|1781413194\n|switch|p1a: Persian|Persian, L92, M|117/269\n|turn|25\n|\n|t:|1781413207\n|move|p1a: Persian|Fake Out|p2a: Gyarados\n|-damage|p2a: Gyarados|0 fnt\n|faint|p2a: Gyarados\n|\n|upkeep\n|\n|t:|1781413209\n|switch|p2a: Meowscarada|Meowscarada, L78, F|247/247\n|turn|26\n|\n|t:|1781413216\n|-terastallize|p2a: Meowscarada|Grass\n|move|p1a: Persian|U-turn|p2a: Meowscarada\n|-supereffective|p2a: Meowscarada\n|-damage|p2a: Meowscarada|119/247\n|\n|t:|1781413220\n|switch|p1a: Baxcalibur|Baxcalibur, L75, M|296/296|[from] U-turn\n|move|p2a: Meowscarada|Flower Trick|p1a: Baxcalibur\n|-resisted|p1a: Baxcalibur\n|-crit|p1a: Baxcalibur\n|-damage|p1a: Baxcalibur|211/296\n|\n|upkeep\n|turn|27\n|\n|t:|1781413245\n|move|p2a: Meowscarada|Knock Off|p1a: Baxcalibur\n|-damage|p1a: Baxcalibur|111/296\n|-enditem|p1a: Baxcalibur|Heavy-Duty Boots|[from] move: Knock Off|[of] p2a: Meowscarada\n|move|p1a: Baxcalibur|Glaive Rush|p2a: Meowscarada\n|-damage|p2a: Meowscarada|0 fnt\n|-singlemove|p1a: Baxcalibur|Glaive Rush|[silent]\n|faint|p2a: Meowscarada\n|\n|win|Jadasteel\n", "inputlog": ">version a8376a258c1d4662feba110a92103f3664a72141\n>start {\"formatid\":\"gen9randombattle\",\"seed\":\"sodium,ce2e7fc15d25f7416924dfc855db765c\",\"rated\":\"Rated battle\"}\n>player p1 {\"name\":\"Jadasteel\",\"avatar\":\"fantina\",\"rating\":1994,\"seed\":\"sodium,c9445a522c3cb740fe39f288698e1629\"}\n>player p2 {\"name\":\"Lujay7\",\"avatar\":\"2\",\"rating\":1967,\"seed\":\"sodium,3364a56fa5d5095d5c493daf301a1b30\"}\n>p1 move stoneedge terastallize\n>p2 switch 5\n>p1 move stealthrock\n>p2 move strangesteam\n>p1 switch 4\n>p2 move defog\n>p1 move substitute\n>p2 move strangesteam\n>p1 move nastyplot\n>p2 move strangesteam\n>p1 move shadowball\n>p2 move strangesteam\n>p1 move terablast\n>p2 move strangesteam\n>p2 switch 3\n>p1 switch 5\n>p2 move dragonenergy\n>p1 move stunspore\n>p2 switch 2\n>p1 move stickyweb\n>p2 move heatcrash\n>p1 switch 4\n>p1 move stealthrock\n>p2 move outrage\n>p1 move stoneedge\n>p2 move outrage\n>p1 move stoneedge\n>p2 move outrage\n>p1 switch 5\n>p1 move shadowball\n>p2 move outrage\n>p2 switch 4\n>p1 move shadowball\n>p2 move thunderbolt\n>p1 switch 6\n>p1 move rocktomb\n>p2 switch 2\n>p1 move spore\n>p2 move dracometeor\n>p1 move rocktomb\n>p2 switch 5\n>p1 move bulletseed\n>p2 switch 2\n>p1 switch 2\n>p2 move sludgewave\n>p1 move fakeout\n>p2 move sludgewave\n>p2 switch 2\n>p1 move doubleedge\n>p2 switch 5\n>p2 switch 5\n>p1 move uturn\n>p2 move waterfall\n>p1 switch 2\n>p1 move machpunch\n>p2 move temperflare\n>p1 switch 2\n>p1 move fakeout\n>p2 move waterfall\n>p2 switch 6\n>p1 move uturn\n>p2 move flowertrick terastallize\n>p1 switch 3\n>p1 move glaiverush\n>p2 move knockoff", "uploadtime": 1781412738, "views": 5, "formatid": "gen9randombattle", "rating": null, "private": 0, "password": null}