{"id": "gen9randombattle-2631390264", "format": "[Gen 9] Random Battle", "players": ["TheeSalesman", "muiballer"], "log": "|j|\u2606TheeSalesman\n|j|\u2606muiballer\n|t:|1781378981\n|gametype|singles\n|player|p1|TheeSalesman|clerk|2107\n|player|p2|muiballer|101|2053\n|gen|9\n|tier|[Gen 9] Random Battle\n|rated|\n|rule|Species Clause: Limit one of each Pok\u00e9mon\n|rule|HP Percentage Mod: HP is shown in percentages\n|rule|Sleep Clause Mod: Limit one foe put to sleep\n|rule|Illusion Level Mod: Illusion disguises the Pok\u00e9mon's true level\n|\n|t:|1781378981\n|teamsize|p1|6\n|teamsize|p2|6\n|start\n|switch|p1a: Rotom|Rotom-Fan, L86|226/226\n|switch|p2a: Magnezone|Magnezone, L85|258/258\n|turn|1\n|inactive|Battle timer is ON: inactive players will automatically lose when time's up. (requested by TheeSalesman)\n|\n|t:|1781378998\n|move|p1a: Rotom|Will-O-Wisp|p2a: Magnezone\n|-status|p2a: Magnezone|brn\n|move|p2a: Magnezone|Thunderbolt|p1a: Rotom\n|-damage|p1a: Rotom|126/226\n|\n|-damage|p2a: Magnezone|242/258 brn|[from] brn\n|upkeep\n|turn|2\n|inactive|muiballer has 120 seconds left.\n|\n|t:|1781379034\n|switch|p1a: Scovillain|Scovillain, L91, M|266/266\n|move|p2a: Magnezone|Iron Defense|p2a: Magnezone\n|-boost|p2a: Magnezone|def|2\n|\n|-heal|p2a: Magnezone|258/258 brn|[from] item: Leftovers\n|-damage|p2a: Magnezone|242/258 brn|[from] brn\n|upkeep\n|turn|3\n|inactive|muiballer has 120 seconds left.\n|\n|t:|1781379041\n|switch|p2a: Ditto|Ditto, L87|225/225\n|-transform|p2a: Ditto|p1a: Scovillain|[from] ability: Imposter\n|move|p1a: Scovillain|Overheat|p2a: Ditto\n|-damage|p2a: Ditto|14/225\n|-unboost|p1a: Scovillain|spa|2\n|\n|upkeep\n|turn|4\n|c|\u2606muiballer|oops\n|\n|t:|1781379051\n|move|p1a: Scovillain|Overheat|p2a: Ditto\n|-damage|p2a: Ditto|0 fnt\n|-unboost|p1a: Scovillain|spa|2\n|faint|p2a: Ditto\n|\n|upkeep\n|\n|t:|1781379058\n|switch|p2a: Mienshao|Mienshao, L83, M|244/244\n|turn|5\n|\n|t:|1781379064\n|switch|p1a: Rotom|Rotom-Fan, L86|126/226\n|move|p2a: Mienshao|Swords Dance|p2a: Mienshao\n|-boost|p2a: Mienshao|atk|2\n|\n|upkeep\n|turn|6\n|\n|t:|1781379069\n|move|p2a: Mienshao|Knock Off|p1a: Rotom\n|-damage|p1a: Rotom|0 fnt\n|-enditem|p1a: Rotom|Heavy-Duty Boots|[from] move: Knock Off|[of] p2a: Mienshao\n|faint|p1a: Rotom\n|-damage|p2a: Mienshao|220/244|[from] item: Life Orb\n|\n|upkeep\n|\n|t:|1781379076\n|switch|p1a: Scovillain|Scovillain, L91, M|266/266\n|turn|7\n|\n|t:|1781379086\n|switch|p2a: Magnezone|Magnezone, L85|242/258 brn\n|move|p1a: Scovillain|Overheat|p2a: Magnezone\n|-supereffective|p2a: Magnezone\n|-damage|p2a: Magnezone|0 fnt\n|-unboost|p1a: Scovillain|spa|2\n|faint|p2a: Magnezone\n|\n|upkeep\n|\n|t:|1781379093\n|switch|p2a: Mienshao|Mienshao, L83, M|244/244\n|turn|8\n|\n|t:|1781379095\n|switch|p1a: Wyrdeer|Wyrdeer, L87, M|321/321\n|-ability|p1a: Wyrdeer|Intimidate|boost\n|-unboost|p2a: Mienshao|atk|1\n|move|p2a: Mienshao|Swords Dance|p2a: Mienshao\n|-boost|p2a: Mienshao|atk|2\n|\n|upkeep\n|turn|9\n|\n|t:|1781379103\n|move|p2a: Mienshao|Knock Off|p1a: Wyrdeer\n|-supereffective|p1a: Wyrdeer\n|-damage|p1a: Wyrdeer|0 fnt\n|-enditem|p1a: Wyrdeer|Assault Vest|[from] move: Knock Off|[of] p2a: Mienshao\n|faint|p1a: Wyrdeer\n|-damage|p2a: Mienshao|220/244|[from] item: Life Orb\n|\n|upkeep\n|\n|t:|1781379124\n|switch|p1a: Scovillain|Scovillain, L91, M|266/266\n|turn|10\n|\n|t:|1781379144\n|switch|p2a: Sableye|Sableye, L88, F|231/231\n|move|p1a: Scovillain|Overheat|p2a: Sableye\n|-damage|p2a: Sableye|23/231\n|-unboost|p1a: Scovillain|spa|2\n|\n|-heal|p2a: Sableye|37/231|[from] item: Leftovers\n|upkeep\n|turn|11\n|\n|t:|1781379153\n|switch|p1a: Glalie|Glalie, L96, F|309/309\n|move|p2a: Sableye|Thunder Wave|p1a: Glalie\n|-status|p1a: Glalie|par\n|\n|-heal|p2a: Sableye|51/231|[from] item: Leftovers\n|upkeep\n|turn|12\n|\n|t:|1781379157\n|move|p2a: Sableye|Recover|p2a: Sableye\n|-heal|p2a: Sableye|167/231\n|cant|p1a: Glalie|par\n|\n|-heal|p2a: Sableye|181/231|[from] item: Leftovers\n|upkeep\n|turn|13\n|\n|t:|1781379163\n|switch|p2a: Mienshao|Mienshao, L83, M|244/244\n|move|p1a: Glalie|Spikes|p2a: Mienshao\n|-sidestart|p2: muiballer|Spikes\n|\n|upkeep\n|turn|14\n|\n|t:|1781379170\n|move|p2a: Mienshao|Close Combat|p1a: Glalie\n|-supereffective|p1a: Glalie\n|-damage|p1a: Glalie|0 fnt\n|-unboost|p2a: Mienshao|def|1\n|-unboost|p2a: Mienshao|spd|1\n|faint|p1a: Glalie\n|-damage|p2a: Mienshao|220/244|[from] item: Life Orb\n|\n|upkeep\n|\n|t:|1781379172\n|switch|p1a: Scovillain|Scovillain, L91, M|266/266\n|turn|15\n|\n|t:|1781379182\n|switch|p2a: Sableye|Sableye, L88, F|181/231\n|-damage|p2a: Sableye|153/231|[from] Spikes\n|-terastallize|p1a: Scovillain|Grass\n|move|p1a: Scovillain|Energy Ball|p2a: Sableye\n|-damage|p2a: Sableye|0 fnt\n|faint|p2a: Sableye\n|\n|upkeep\n|\n|t:|1781379194\n|switch|p2a: Electivire|Electivire, L84, F|263/263\n|-damage|p2a: Electivire|231/263|[from] Spikes\n|turn|16\n|\n|t:|1781379201\n|switch|p1a: Probopass|Probopass, L91, M|257/257\n|move|p2a: Electivire|Ice Punch|p1a: Probopass\n|-resisted|p1a: Probopass\n|-damage|p1a: Probopass|236/257\n|\n|upkeep\n|turn|17\n|\n|t:|1781379210\n|switch|p2a: Mienshao|Mienshao, L83, M|244/244\n|-damage|p2a: Mienshao|214/244|[from] Spikes\n|switch|p1a: Scovillain|Scovillain, L91, M, tera:Grass|266/266\n|\n|upkeep\n|turn|18\n|\n|t:|1781379221\n|move|p1a: Scovillain|Leaf Storm|p2a: Mienshao\n|-damage|p2a: Mienshao|0 fnt\n|-unboost|p1a: Scovillain|spa|2\n|faint|p2a: Mienshao\n|\n|upkeep\n|\n|t:|1781379222\n|switch|p2a: Electivire|Electivire, L84, F|231/263\n|-damage|p2a: Electivire|199/263|[from] Spikes\n|turn|19\n|\n|t:|1781379232\n|switch|p1a: Calyrex|Calyrex, L93|337/337\n|-ability|p1a: Calyrex|Unnerve\n|move|p2a: Electivire|Knock Off|p1a: Calyrex\n|-supereffective|p1a: Calyrex\n|-damage|p1a: Calyrex|189/337\n|-enditem|p1a: Calyrex|Leftovers|[from] move: Knock Off|[of] p2a: Electivire\n|\n|upkeep\n|turn|20\n|\n|t:|1781379238\n|switch|p2a: Deoxys|Deoxys, L74|196/196\n|-damage|p2a: Deoxys|172/196|[from] Spikes\n|-ability|p2a: Deoxys|Pressure\n|move|p1a: Calyrex|Psyshock|p2a: Deoxys\n|-resisted|p2a: Deoxys\n|-damage|p2a: Deoxys|96/196\n|\n|upkeep\n|turn|21\n|\n|t:|1781379262\n|-terastallize|p2a: Deoxys|Dark\n|move|p2a: Deoxys|Knock Off|p1a: Calyrex\n|-supereffective|p1a: Calyrex\n|-damage|p1a: Calyrex|2/337\n|-damage|p2a: Deoxys|77/196|[from] item: Life Orb\n|move|p1a: Calyrex|Psyshock|p2a: Deoxys\n|-immune|p2a: Deoxys\n|\n|upkeep\n|turn|22\n|\n|t:|1781379267\n|move|p2a: Deoxys|Knock Off|p1a: Calyrex\n|-supereffective|p1a: Calyrex\n|-damage|p1a: Calyrex|0 fnt\n|faint|p1a: Calyrex\n|-damage|p2a: Deoxys|58/196|[from] item: Life Orb\n|\n|upkeep\n|\n|t:|1781379271\n|switch|p1a: Scovillain|Scovillain, L91, M, tera:Grass|266/266\n|turn|23\n|\n|t:|1781379273\n|move|p1a: Scovillain|Energy Ball|p2a: Deoxys\n|-damage|p2a: Deoxys|0 fnt\n|faint|p2a: Deoxys\n|\n|upkeep\n|\n|t:|1781379274\n|switch|p2a: Electivire|Electivire, L84, F|199/263\n|-damage|p2a: Electivire|167/263|[from] Spikes\n|turn|24\n|\n|t:|1781379280\n|switch|p1a: Probopass|Probopass, L91, M|236/257\n|move|p2a: Electivire|Ice Punch|p1a: Probopass\n|-resisted|p1a: Probopass\n|-damage|p1a: Probopass|215/257\n|\n|upkeep\n|turn|25\n|-message|muiballer forfeited.\n|\n|win|TheeSalesman\n", "inputlog": ">version a8376a258c1d4662feba110a92103f3664a72141\n>start {\"formatid\":\"gen9randombattle\",\"seed\":\"sodium,250a56ee9d1fbcbcedc9d1af35054252\",\"rated\":\"Rated battle\"}\n>player p1 {\"name\":\"TheeSalesman\",\"avatar\":\"clerk\",\"rating\":2107,\"seed\":\"sodium,7a7be379a4fedb1b24837c8b1468c7d3\"}\n>player p2 {\"name\":\"muiballer\",\"avatar\":\"101\",\"rating\":2053,\"seed\":\"sodium,48dee92d6add7532d3bb6b62f60598ad\"}\n>p1 move willowisp\n>p2 move thunderbolt\n>p1 switch 3\n>p2 move irondefense\n>p1 move overheat\n>p2 switch 3\n>chat \u2606muiballer|oops\n>p1 move overheat\n>p2 move overheat\n>p2 switch 6\n>p1 switch 3\n>p2 move swordsdance\n>p1 move airslash\n>p2 move knockoff\n>p1 switch 3\n>p1 move overheat\n>p2 switch 3\n>p2 switch 3\n>p1 switch 5\n>p2 move swordsdance\n>p1 move psychicnoise\n>p2 move knockoff\n>p1 switch 5\n>p1 move overheat\n>p2 switch 2\n>p1 switch 6\n>p2 move thunderwave\n>p1 move spikes\n>p2 move recover\n>p1 move spikes\n>p2 switch 2\n>p1 move spikes\n>p2 move closecombat\n>p1 switch 6\n>p1 move energyball terastallize\n>p2 switch 2\n>p2 switch 5\n>p1 switch 2\n>p2 move icepunch\n>p1 switch 2\n>p2 switch 2\n>p1 move leafstorm\n>p2 move closecombat\n>p2 switch 2\n>p1 switch 4\n>p2 move knockoff\n>p1 move psyshock\n>p2 switch 4\n>p1 move psyshock\n>p2 move knockoff terastallize\n>p1 move bodypress\n>p2 move knockoff\n>p1 switch 4\n>p1 move energyball\n>p2 move knockoff\n>p2 switch 4\n>p1 switch 2\n>p2 move icepunch\n>forcelose p2", "uploadtime": 1781378983, "views": 7, "formatid": "gen9randombattle", "rating": null, "private": 0, "password": null}