{"id": "gen9randombattle-2631616300", "format": "[Gen 9] Random Battle", "players": ["bed burglar", "Rocki2603"], "log": "|j|\u2606bed burglar\n|j|\u2606Rocki2603\n|t:|1781409376\n|gametype|singles\n|player|p1|bed burglar|170|1932\n|player|p2|Rocki2603|169|1920\n|gen|9\n|tier|[Gen 9] Random Battle\n|rated|\n|rule|Species Clause: Limit one of each Pok\u00e9mon\n|rule|HP Percentage Mod: HP is shown in percentages\n|rule|Sleep Clause Mod: Limit one foe put to sleep\n|rule|Illusion Level Mod: Illusion disguises the Pok\u00e9mon's true level\n|\n|t:|1781409376\n|teamsize|p1|6\n|teamsize|p2|6\n|start\n|switch|p1a: Avalugg|Avalugg, L88, M|310/310\n|switch|p2a: Grumpig|Grumpig, L92, M|297/297\n|turn|1\n|inactive|Battle timer is ON: inactive players will automatically lose when time's up. (requested by Rocki2603)\n|\n|t:|1781409407\n|switch|p1a: Staraptor|Staraptor, L79, F|263/263\n|move|p2a: Grumpig|Nasty Plot|p2a: Grumpig\n|-boost|p2a: Grumpig|spa|2\n|\n|upkeep\n|turn|2\n|\n|t:|1781409433\n|move|p1a: Staraptor|Brave Bird|p2a: Grumpig\n|-damage|p2a: Grumpig|15/297\n|-damage|p1a: Staraptor|170/263|[from] Recoil\n|move|p2a: Grumpig|Psychic|p1a: Staraptor\n|-damage|p1a: Staraptor|0 fnt\n|faint|p1a: Staraptor\n|\n|-heal|p2a: Grumpig|33/297|[from] item: Leftovers\n|upkeep\n|\n|t:|1781409443\n|switch|p1a: Mewtwo|Mewtwo, L72|272/272\n|-ability|p1a: Mewtwo|Pressure\n|turn|3\n|\n|t:|1781409454\n|move|p1a: Mewtwo|Psystrike|p2a: Grumpig\n|-resisted|p2a: Grumpig\n|-damage|p2a: Grumpig|0 fnt\n|faint|p2a: Grumpig\n|-damage|p1a: Mewtwo|245/272|[from] item: Life Orb\n|\n|upkeep\n|inactive|Rocki2603 has 120 seconds left.\n|\n|t:|1781409474\n|switch|p2a: Ambipom|Ambipom, L84, F|263/263\n|turn|4\n|\n|t:|1781409479\n|switch|p1a: Weezing|Weezing, L88, F|258/258\n|move|p2a: Ambipom|Fake Out|p1a: Weezing\n|-damage|p1a: Weezing|198/258\n|\n|-heal|p1a: Weezing|214/258|[from] item: Leftovers\n|upkeep\n|turn|5\n|\n|t:|1781409493\n|switch|p2a: Eelektross|Eelektross, L87, F|290/290\n|move|p1a: Weezing|Will-O-Wisp|p2a: Eelektross\n|-status|p2a: Eelektross|brn\n|\n|-heal|p1a: Weezing|230/258|[from] item: Leftovers\n|-damage|p2a: Eelektross|272/290 brn|[from] brn\n|upkeep\n|turn|6\n|\n|t:|1781409504\n|switch|p1a: Vileplume|Vileplume, L85, F|266/266\n|move|p2a: Eelektross|Coil|p2a: Eelektross\n|-boost|p2a: Eelektross|atk|1\n|-boost|p2a: Eelektross|def|1\n|-boost|p2a: Eelektross|accuracy|1\n|\n|-heal|p2a: Eelektross|290/290 brn|[from] item: Leftovers\n|-damage|p2a: Eelektross|272/290 brn|[from] brn\n|upkeep\n|turn|7\n|\n|t:|1781409522\n|switch|p2a: Cryogonal|Cryogonal, L89|287/287\n|move|p1a: Vileplume|Sludge Bomb|p2a: Cryogonal\n|-damage|p2a: Cryogonal|212/287\n|\n|upkeep\n|turn|8\n|\n|t:|1781409528\n|switch|p1a: Avalugg|Avalugg, L88, M|310/310\n|move|p2a: Cryogonal|Freeze-Dry|p1a: Avalugg\n|-resisted|p1a: Avalugg\n|-damage|p1a: Avalugg|250/310\n|\n|upkeep\n|turn|9\n|\n|t:|1781409532\n|switch|p2a: Eelektross|Eelektross, L87, F|272/290 brn\n|move|p1a: Avalugg|Body Press|p2a: Eelektross\n|-damage|p2a: Eelektross|158/290 brn\n|\n|-heal|p2a: Eelektross|176/290 brn|[from] item: Leftovers\n|-damage|p2a: Eelektross|158/290 brn|[from] brn\n|upkeep\n|turn|10\n|\n|t:|1781409538\n|switch|p1a: Vileplume|Vileplume, L85, F|266/266\n|move|p2a: Eelektross|Drain Punch|p1a: Vileplume\n|-resisted|p1a: Vileplume\n|-damage|p1a: Vileplume|251/266\n|-heal|p2a: Eelektross|166/290 brn|[from] drain|[of] p1a: Vileplume\n|\n|-heal|p2a: Eelektross|184/290 brn|[from] item: Leftovers\n|-heal|p1a: Vileplume|266/266|[from] item: Leftovers\n|-damage|p2a: Eelektross|166/290 brn|[from] brn\n|upkeep\n|turn|11\n|\n|t:|1781409544\n|move|p2a: Eelektross|Fire Punch|p1a: Vileplume\n|-supereffective|p1a: Vileplume\n|-damage|p1a: Vileplume|199/266\n|-status|p1a: Vileplume|brn\n|move|p1a: Vileplume|Sludge Bomb|p2a: Eelektross\n|-damage|p2a: Eelektross|51/290 brn\n|\n|-heal|p2a: Eelektross|69/290 brn|[from] item: Leftovers\n|-heal|p1a: Vileplume|215/266 brn|[from] item: Leftovers\n|-damage|p2a: Eelektross|51/290 brn|[from] brn\n|-damage|p1a: Vileplume|199/266 brn|[from] brn\n|upkeep\n|turn|12\n|\n|t:|1781409550\n|move|p2a: Eelektross|Fire Punch|p1a: Vileplume\n|-supereffective|p1a: Vileplume\n|-damage|p1a: Vileplume|138/266 brn\n|move|p1a: Vileplume|Giga Drain|p2a: Eelektross\n|-damage|p2a: Eelektross|0 fnt\n|-heal|p1a: Vileplume|164/266 brn|[from] drain|[of] p2a: Eelektross\n|faint|p2a: Eelektross\n|\n|-heal|p1a: Vileplume|180/266 brn|[from] item: Leftovers\n|-damage|p1a: Vileplume|164/266 brn|[from] brn\n|upkeep\n|\n|t:|1781409555\n|switch|p2a: Cryogonal|Cryogonal, L89|212/287\n|turn|13\n|\n|t:|1781409559\n|switch|p1a: Avalugg|Avalugg, L88, M|250/310\n|move|p2a: Cryogonal|Freeze-Dry|p1a: Avalugg\n|-resisted|p1a: Avalugg\n|-damage|p1a: Avalugg|193/310\n|\n|upkeep\n|turn|14\n|\n|t:|1781409565\n|switch|p2a: Luvdisc|Luvdisc, F|247/247\n|move|p1a: Avalugg|Body Press|p2a: Luvdisc\n|-damage|p2a: Luvdisc|134/247\n|\n|upkeep\n|turn|15\n|\n|t:|1781409572\n|move|p2a: Luvdisc|Surf|p1a: Avalugg\n|-damage|p1a: Avalugg|76/310\n|move|p1a: Avalugg|Rapid Spin|p2a: Luvdisc\n|-damage|p2a: Luvdisc|84/247\n|-boost|p1a: Avalugg|spe|1\n|\n|upkeep\n|turn|16\n|\n|t:|1781409579\n|switch|p1a: Vileplume|Vileplume, L85, F|164/266 brn\n|move|p2a: Luvdisc|Surf|p1a: Vileplume\n|-resisted|p1a: Vileplume\n|-damage|p1a: Vileplume|130/266 brn\n|\n|-heal|p1a: Vileplume|146/266 brn|[from] item: Leftovers\n|-damage|p1a: Vileplume|130/266 brn|[from] brn\n|upkeep\n|turn|17\n|\n|t:|1781409585\n|move|p2a: Luvdisc|Flip Turn|p1a: Vileplume\n|-resisted|p1a: Vileplume\n|-damage|p1a: Vileplume|109/266 brn\n|\n|t:|1781409587\n|switch|p2a: Cryogonal|Cryogonal, L89|212/287|[from] Flip Turn\n|move|p1a: Vileplume|Giga Drain|p2a: Cryogonal\n|-damage|p2a: Cryogonal|149/287\n|-heal|p1a: Vileplume|141/266 brn|[from] drain|[of] p2a: Cryogonal\n|\n|-heal|p1a: Vileplume|157/266 brn|[from] item: Leftovers\n|-damage|p1a: Vileplume|141/266 brn|[from] brn\n|upkeep\n|turn|18\n|\n|t:|1781409592\n|switch|p1a: Avalugg|Avalugg, L88, M|76/310\n|move|p2a: Cryogonal|Freeze-Dry|p1a: Avalugg\n|-resisted|p1a: Avalugg\n|-damage|p1a: Avalugg|16/310\n|\n|upkeep\n|turn|19\n|\n|t:|1781409596\n|move|p2a: Cryogonal|Freeze-Dry|p1a: Avalugg\n|-resisted|p1a: Avalugg\n|-damage|p1a: Avalugg|0 fnt\n|faint|p1a: Avalugg\n|\n|upkeep\n|\n|t:|1781409602\n|switch|p1a: Mewtwo|Mewtwo, L72|245/272\n|-ability|p1a: Mewtwo|Pressure\n|turn|20\n|\n|t:|1781409615\n|move|p2a: Cryogonal|Freeze-Dry|p1a: Mewtwo\n|-damage|p1a: Mewtwo|151/272\n|move|p1a: Mewtwo|Psystrike|p2a: Cryogonal\n|-damage|p2a: Cryogonal|0 fnt\n|faint|p2a: Cryogonal\n|-damage|p1a: Mewtwo|124/272|[from] item: Life Orb\n|\n|upkeep\n|\n|t:|1781409624\n|switch|p2a: Ambipom|Ambipom, L84, F|263/263\n|turn|21\n|\n|t:|1781409629\n|switch|p1a: Weezing|Weezing, L88, F|230/258\n|move|p2a: Ambipom|Knock Off|p1a: Weezing\n|-damage|p1a: Weezing|177/258\n|-enditem|p1a: Weezing|Leftovers|[from] move: Knock Off|[of] p2a: Ambipom\n|\n|upkeep\n|turn|22\n|\n|t:|1781409635\n|switch|p2a: Luvdisc|Luvdisc, F|84/247\n|move|p1a: Weezing|Gunk Shot|p2a: Luvdisc\n|-damage|p2a: Luvdisc|0 fnt\n|faint|p2a: Luvdisc\n|\n|upkeep\n|\n|t:|1781409655\n|switch|p2a: Ambipom|Ambipom, L84, F|263/263\n|turn|23\n|\n|t:|1781409659\n|-terastallize|p2a: Ambipom|Normal\n|move|p2a: Ambipom|Fake Out|p1a: Weezing\n|-damage|p1a: Weezing|95/258\n|cant|p1a: Weezing|flinch\n|\n|upkeep\n|turn|24\n|\n|t:|1781409668\n|move|p2a: Ambipom|Double-Edge|p1a: Weezing\n|-damage|p1a: Weezing|0 fnt\n|faint|p1a: Weezing\n|-damage|p2a: Ambipom|232/263|[from] Recoil\n|\n|upkeep\n|\n|t:|1781409673\n|switch|p1a: Dragonite|Dragonite, L74, M|257/257\n|turn|25\n|inactive|Rocki2603 has 120 seconds left.\n|\n|t:|1781409710\n|-terastallize|p1a: Dragonite|Steel\n|move|p2a: Ambipom|Double-Edge|p1a: Dragonite\n|-resisted|p1a: Dragonite\n|-damage|p1a: Dragonite|200/257\n|-damage|p2a: Ambipom|213/263|[from] Recoil\n|move|p1a: Dragonite|Dragon Dance|p1a: Dragonite\n|-boost|p1a: Dragonite|atk|1\n|-boost|p1a: Dragonite|spe|1\n|\n|upkeep\n|turn|26\n|inactive|Rocki2603 has 120 seconds left.\n|\n|t:|1781409730\n|switch|p2a: Dragapult|Dragapult, L77, F|262/262\n|move|p1a: Dragonite|Outrage|p2a: Dragapult\n|-supereffective|p2a: Dragapult\n|-damage|p2a: Dragapult|0 fnt\n|faint|p2a: Dragapult\n|\n|upkeep\n|\n|t:|1781409736\n|switch|p2a: Ambipom|Ambipom, L84, F, tera:Normal|213/263\n|turn|27\n|inactive|Rocki2603 has 120 seconds left.\n|\n|t:|1781409742\n|move|p2a: Ambipom|Fake Out|p1a: Dragonite\n|-resisted|p1a: Dragonite\n|-damage|p1a: Dragonite|139/257\n|cant|p1a: Dragonite|flinch\n|\n|upkeep\n|turn|28\n|\n|t:|1781409746\n|move|p2a: Ambipom|Low Kick|p1a: Dragonite\n|-supereffective|p1a: Dragonite\n|-damage|p1a: Dragonite|0 fnt\n|faint|p1a: Dragonite\n|\n|upkeep\n|\n|t:|1781409749\n|switch|p1a: Vileplume|Vileplume, L85, F|141/266 brn\n|turn|29\n|\n|t:|1781409754\n|move|p2a: Ambipom|Double-Edge|p1a: Vileplume\n|-damage|p1a: Vileplume|0 fnt\n|-status|p2a: Ambipom|slp|[from] ability: Effect Spore|[of] p1a: Vileplume\n|faint|p1a: Vileplume\n|-damage|p2a: Ambipom|166/263 slp|[from] Recoil\n|\n|upkeep\n|\n|t:|1781409756\n|switch|p1a: Mewtwo|Mewtwo, L72|124/272\n|-ability|p1a: Mewtwo|Pressure\n|turn|30\n|c|\u2606Rocki2603|faak\n|c|\u2606Rocki2603|never lose to effect spore\n|c|\u2606Rocki2603|!data effect spore\n|c|\u2606Rocki2603|/raw <ul class=\"utilichart\"><li class=\"result\"><span class=\"col namecol\"><a href=\"https://dex.pokemonshowdown.com/abilities/effectspore\">Effect Spore</a></span> <span class=\"col abilitydesccol\">30% chance of poison/paralysis/sleep on others making contact with this Pokemon.</span> </li><li style=\"clear:both\"></li></ul>\n\n|\n|t:|1781409784\n|cant|p2a: Ambipom|slp\n|move|p1a: Mewtwo|Psystrike|p2a: Ambipom\n|-crit|p2a: Ambipom\n|-damage|p2a: Ambipom|0 fnt\n|faint|p2a: Ambipom\n|-damage|p1a: Mewtwo|97/272|[from] item: Life Orb\n|\n|win|bed burglar\n", "inputlog": ">version a8376a258c1d4662feba110a92103f3664a72141\n>start {\"formatid\":\"gen9randombattle\",\"seed\":\"sodium,597713aa7859065f52ffb4ffb23e5ad7\",\"rated\":\"Rated battle\"}\n>player p1 {\"name\":\"bed burglar\",\"avatar\":\"170\",\"rating\":1932,\"seed\":\"sodium,74c96eee03b2ffc7df69eb38852d662f\"}\n>player p2 {\"name\":\"Rocki2603\",\"avatar\":\"169\",\"rating\":1920,\"seed\":\"sodium,60ca2a1213072c7a56d1b7f345698f7d\"}\n>p1 switch 3\n>p2 move nastyplot\n>p1 move bravebird\n>p2 move psychic\n>p1 switch 5\n>p1 move psystrike\n>p2 move shadowball\n>p2 switch 3\n>p1 switch 4\n>p2 move fakeout\n>p1 move willowisp\n>p2 switch 2\n>p1 switch 6\n>p2 move coil\n>p1 move sludgebomb\n>p2 switch 6\n>p1 switch 3\n>p2 move freezedry\n>p1 move bodypress\n>p2 switch 6\n>p1 switch 3\n>p2 move drainpunch\n>p1 move sludgebomb\n>p2 move firepunch\n>p1 move gigadrain\n>p2 move firepunch\n>p2 switch 6\n>p1 switch 3\n>p2 move freezedry\n>p1 move bodypress\n>p2 switch 5\n>p1 move rapidspin\n>p2 move surf\n>p1 switch 3\n>p2 move surf\n>p1 move gigadrain\n>p2 move flipturn\n>p2 switch 5\n>p1 switch 3\n>p2 move freezedry\n>p1 move recover\n>p2 move freezedry\n>p1 switch 4\n>p1 move psystrike\n>p2 move freezedry\n>p2 switch 2\n>p1 switch 6\n>p2 move knockoff\n>p1 move gunkshot\n>p2 switch 5\n>p2 switch 5\n>p1 move painsplit\n>p2 move fakeout terastallize\n>p1 move painsplit\n>p2 move doubleedge\n>p1 switch 2\n>p1 move dragondance terastallize\n>p2 move doubleedge\n>p1 move outrage\n>p2 switch 4\n>p2 switch 4\n>p1 move outrage\n>p2 move fakeout\n>p1 move outrage\n>p2 move lowkick\n>p1 switch 3\n>p1 move strengthsap\n>p2 move doubleedge\n>p1 switch 6\n>chat \u2606Rocki2603|faak\n>chat \u2606Rocki2603|never lose to effect spore\n>chat \u2606Rocki2603|!data effect spore\n>p1 move psystrike\n>p2 move doubleedge", "uploadtime": 1781409378, "views": 6, "formatid": "gen9randombattle", "rating": null, "private": 0, "password": null}