{"id": "gen9randombattle-2631744670", "format": "[Gen 9] Random Battle", "players": ["Tuki VN", "floofzykitten"], "log": "|j|\u2606Tuki VN\n|j|\u2606floofzykitten\n|t:|1781432615\n|gametype|singles\n|player|p1|Tuki VN|lance-gen1rb|2006\n|player|p2|floofzykitten|265|2128\n|gen|9\n|tier|[Gen 9] Random Battle\n|rated|\n|rule|Species Clause: Limit one of each Pok\u00e9mon\n|rule|HP Percentage Mod: HP is shown in percentages\n|rule|Sleep Clause Mod: Limit one foe put to sleep\n|rule|Illusion Level Mod: Illusion disguises the Pok\u00e9mon's true level\n|\n|t:|1781432615\n|teamsize|p1|6\n|teamsize|p2|6\n|start\n|switch|p1a: Milotic|Milotic, L83, F|293/293\n|switch|p2a: Lugia|Lugia, L73|275/275\n|turn|1\n|\n|t:|1781432630\n|switch|p2a: Ludicolo|Ludicolo, L90, F|290/290\n|move|p1a: Milotic|Scald|p2a: Ludicolo\n|-resisted|p2a: Ludicolo\n|-damage|p2a: Ludicolo|272/290\n|-status|p2a: Ludicolo|brn\n|\n|-damage|p2a: Ludicolo|254/290 brn|[from] brn\n|upkeep\n|turn|2\n|\n|t:|1781432637\n|switch|p1a: Zapdos|Zapdos, L78|268/268\n|move|p2a: Ludicolo|Rain Dance|p2a: Ludicolo\n|-weather|RainDance\n|\n|-weather|RainDance|[upkeep]\n|-damage|p2a: Ludicolo|236/290 brn|[from] brn\n|upkeep\n|turn|3\n|\n|t:|1781432643\n|move|p2a: Ludicolo|Hydro Pump|p1a: Zapdos\n|-damage|p1a: Zapdos|5/268\n|-damage|p2a: Ludicolo|207/290 brn|[from] item: Life Orb\n|move|p1a: Zapdos|Hurricane|p2a: Ludicolo\n|-supereffective|p2a: Ludicolo\n|-damage|p2a: Ludicolo|3/290 brn\n|\n|-weather|RainDance|[upkeep]\n|-damage|p2a: Ludicolo|0 fnt|[from] brn\n|faint|p2a: Ludicolo\n|upkeep\n|\n|t:|1781432653\n|switch|p2a: Shiftry|Shiftry, L89, F|305/305\n|turn|4\n|\n|t:|1781432658\n|move|p1a: Zapdos|Roost|p1a: Zapdos\n|-heal|p1a: Zapdos|139/268\n|-singleturn|p1a: Zapdos|move: Roost\n|move|p2a: Shiftry|Tailwind|p2a: Shiftry\n|-sidestart|p2: floofzykitten|move: Tailwind\n|-ability|p2a: Shiftry|Wind Rider|boost\n|-boost|p2a: Shiftry|atk|1\n|\n|-weather|RainDance|[upkeep]\n|upkeep\n|turn|5\n|\n|t:|1781432664\n|move|p2a: Shiftry|Knock Off|p1a: Zapdos\n|-damage|p1a: Zapdos|0 fnt\n|-enditem|p1a: Zapdos|Heavy-Duty Boots|[from] move: Knock Off|[of] p2a: Shiftry\n|faint|p1a: Zapdos\n|-damage|p2a: Shiftry|275/305|[from] item: Life Orb\n|\n|-weather|RainDance|[upkeep]\n|upkeep\n|\n|t:|1781432670\n|switch|p1a: Koraidon|Koraidon, L64|235/235\n|-weather|SunnyDay|[from] ability: Orichalcum Pulse|[of] p1a: Koraidon\n|-activate|p1a: Koraidon|Orichalcum Pulse|[source]\n|turn|6\n|inactive|Battle timer is ON: inactive players will automatically lose when time's up. (requested by floofzykitten)\n|\n|t:|1781432676\n|-terastallize|p2a: Shiftry|Fighting\n|move|p2a: Shiftry|Low Kick|p1a: Koraidon\n|-damage|p1a: Koraidon|0 fnt\n|faint|p1a: Koraidon\n|-damage|p2a: Shiftry|245/305|[from] item: Life Orb\n|\n|-weather|SunnyDay|[upkeep]\n|upkeep\n|\n|t:|1781432682\n|switch|p1a: Wigglytuff|Wigglytuff, L96, M|424/424\n|turn|7\n|\n|t:|1781432694\n|switch|p2a: Ceruledge|Ceruledge, L78, F|245/245\n|move|p1a: Wigglytuff|Alluring Voice|p2a: Ceruledge\n|-resisted|p2a: Ceruledge\n|-damage|p2a: Ceruledge|194/245\n|\n|-weather|SunnyDay|[upkeep]\n|-sideend|p2: floofzykitten|move: Tailwind\n|upkeep\n|turn|8\n|\n|t:|1781432700\n|move|p2a: Ceruledge|Swords Dance|p2a: Ceruledge\n|-boost|p2a: Ceruledge|atk|2\n|move|p1a: Wigglytuff|Thunder Wave|p2a: Ceruledge\n|-status|p2a: Ceruledge|par\n|\n|-weather|SunnyDay|[upkeep]\n|upkeep\n|turn|9\n|\n|t:|1781432707\n|switch|p1a: Carbink|Carbink, L90|236/236\n|move|p2a: Ceruledge|Bitter Blade|p1a: Carbink\n|-resisted|p1a: Carbink\n|-damage|p1a: Carbink|143/236\n|-heal|p2a: Ceruledge|241/245 par|[from] drain|[of] p1a: Carbink\n|\n|-weather|SunnyDay|[upkeep]\n|-heal|p1a: Carbink|157/236|[from] item: Leftovers\n|upkeep\n|turn|10\n|\n|t:|1781432712\n|move|p1a: Carbink|Iron Defense|p1a: Carbink\n|-boost|p1a: Carbink|def|2\n|move|p2a: Ceruledge|Poltergeist|p1a: Carbink\n|-activate|p1a: Carbink|move: Poltergeist|Leftovers\n|-damage|p1a: Carbink|82/236\n|\n|-weather|none\n|-heal|p1a: Carbink|96/236|[from] item: Leftovers\n|upkeep\n|turn|11\n|\n|t:|1781432719\n|switch|p2a: Armarouge|Armarouge, L80, M|267/267\n|move|p1a: Carbink|Iron Defense|p1a: Carbink\n|-boost|p1a: Carbink|def|2\n|\n|-heal|p1a: Carbink|110/236|[from] item: Leftovers\n|upkeep\n|turn|12\n|\n|t:|1781432731\n|move|p2a: Armarouge|Energy Ball|p1a: Carbink\n|-supereffective|p1a: Carbink\n|-damage|p1a: Carbink|0 fnt\n|faint|p1a: Carbink\n|\n|upkeep\n|\n|t:|1781432734\n|switch|p1a: Wigglytuff|Wigglytuff, L96, M|424/424\n|turn|13\n|\n|t:|1781432740\n|switch|p2a: Ceruledge|Ceruledge, L78, F|241/245 par\n|move|p1a: Wigglytuff|Knock Off|p2a: Ceruledge\n|-supereffective|p2a: Ceruledge\n|-damage|p2a: Ceruledge|77/245 par\n|-ability|p2a: Ceruledge|Weak Armor|boost\n|-unboost|p2a: Ceruledge|def|1\n|-boost|p2a: Ceruledge|spe|2\n|-enditem|p2a: Ceruledge|Heavy-Duty Boots|[from] move: Knock Off|[of] p1a: Wigglytuff\n|\n|upkeep\n|turn|14\n|\n|t:|1781432745\n|move|p2a: Ceruledge|Bitter Blade|p1a: Wigglytuff\n|-damage|p1a: Wigglytuff|289/424\n|-heal|p2a: Ceruledge|145/245 par|[from] drain|[of] p1a: Wigglytuff\n|move|p1a: Wigglytuff|Knock Off|p2a: Ceruledge\n|-supereffective|p2a: Ceruledge\n|-damage|p2a: Ceruledge|0 fnt\n|faint|p2a: Ceruledge\n|\n|-heal|p1a: Wigglytuff|315/424|[from] item: Leftovers\n|upkeep\n|\n|t:|1781432765\n|switch|p2a: Armarouge|Armarouge, L80, M|267/267\n|turn|15\n|\n|t:|1781432768\n|switch|p1a: Milotic|Milotic, L83, F|293/293\n|move|p2a: Armarouge|Armor Cannon|p1a: Milotic\n|-resisted|p1a: Milotic\n|-damage|p1a: Milotic|206/293\n|-unboost|p2a: Armarouge|def|1\n|-unboost|p2a: Armarouge|spd|1\n|\n|-heal|p1a: Milotic|224/293|[from] item: Leftovers\n|upkeep\n|turn|16\n|\n|t:|1781432774\n|switch|p2a: Shiftry|Shiftry, L89, F, tera:Fighting|245/305\n|move|p1a: Milotic|Scald|p2a: Shiftry\n|-damage|p2a: Shiftry|145/305\n|-status|p2a: Shiftry|brn\n|\n|-heal|p1a: Milotic|242/293|[from] item: Leftovers\n|-damage|p2a: Shiftry|126/305 brn|[from] brn\n|upkeep\n|turn|17\n|\n|t:|1781432780\n|switch|p1a: Wigglytuff|Wigglytuff, L96, M|315/424\n|move|p2a: Shiftry|Knock Off|p1a: Wigglytuff\n|-resisted|p1a: Wigglytuff\n|-damage|p1a: Wigglytuff|259/424\n|-enditem|p1a: Wigglytuff|Leftovers|[from] move: Knock Off|[of] p2a: Shiftry\n|-damage|p2a: Shiftry|96/305 brn|[from] item: Life Orb\n|\n|-damage|p2a: Shiftry|77/305 brn|[from] brn\n|upkeep\n|turn|18\n|\n|t:|1781432784\n|move|p2a: Shiftry|Tailwind|p2a: Shiftry\n|-sidestart|p2: floofzykitten|move: Tailwind\n|-ability|p2a: Shiftry|Wind Rider|boost\n|-boost|p2a: Shiftry|atk|1\n|move|p1a: Wigglytuff|Alluring Voice|p2a: Shiftry\n|-supereffective|p2a: Shiftry\n|-damage|p2a: Shiftry|0 fnt\n|faint|p2a: Shiftry\n|\n|upkeep\n|\n|t:|1781432801\n|switch|p2a: Lugia|Lugia, L73|275/275\n|turn|19\n|\n|t:|1781432804\n|move|p2a: Lugia|Calm Mind|p2a: Lugia\n|-boost|p2a: Lugia|spa|1\n|-boost|p2a: Lugia|spd|1\n|move|p1a: Wigglytuff|Alluring Voice|p2a: Lugia\n|-damage|p2a: Lugia|251/275\n|-start|p2a: Lugia|confusion\n|\n|upkeep\n|turn|20\n|\n|t:|1781432810\n|-activate|p2a: Lugia|confusion\n|move|p2a: Lugia|Calm Mind|p2a: Lugia\n|-boost|p2a: Lugia|spa|1\n|-boost|p2a: Lugia|spd|1\n|move|p1a: Wigglytuff|Thunder Wave|p2a: Lugia\n|-status|p2a: Lugia|par\n|\n|upkeep\n|turn|21\n|\n|t:|1781432813\n|-activate|p2a: Lugia|confusion\n|move|p2a: Lugia|Aeroblast|p1a: Wigglytuff\n|-damage|p1a: Wigglytuff|73/424\n|move|p1a: Wigglytuff|Knock Off|p2a: Lugia\n|-supereffective|p2a: Lugia\n|-damage|p2a: Lugia|137/275 par\n|-enditem|p2a: Lugia|Heavy-Duty Boots|[from] move: Knock Off|[of] p1a: Wigglytuff\n|\n|-sideend|p2: floofzykitten|move: Tailwind\n|upkeep\n|turn|22\n|\n|t:|1781432820\n|move|p1a: Wigglytuff|Knock Off|p2a: Lugia\n|-supereffective|p2a: Lugia\n|-damage|p2a: Lugia|57/275 par\n|-activate|p2a: Lugia|confusion\n|move|p2a: Lugia|Aeroblast|p1a: Wigglytuff\n|-crit|p1a: Wigglytuff\n|-damage|p1a: Wigglytuff|0 fnt\n|faint|p1a: Wigglytuff\n|\n|upkeep\n|\n|t:|1781432824\n|switch|p1a: Milotic|Milotic, L83, F|242/293\n|turn|23\n|\n|t:|1781432827\n|move|p1a: Milotic|Haze|p1a: Milotic\n|-clearallboost\n|-activate|p2a: Lugia|confusion\n|move|p2a: Lugia|Recover|p2a: Lugia\n|-heal|p2a: Lugia|195/275 par\n|\n|-heal|p1a: Milotic|260/293|[from] item: Leftovers\n|upkeep\n|turn|24\n|\n|t:|1781432832\n|move|p1a: Milotic|Ice Beam|p2a: Lugia\n|-supereffective|p2a: Lugia\n|-damage|p2a: Lugia|97/275 par\n|-end|p2a: Lugia|confusion\n|cant|p2a: Lugia|par\n|\n|-heal|p1a: Milotic|278/293|[from] item: Leftovers\n|upkeep\n|turn|25\n|\n|t:|1781432837\n|move|p1a: Milotic|Ice Beam|p2a: Lugia\n|-supereffective|p2a: Lugia\n|-damage|p2a: Lugia|3/275 par\n|move|p2a: Lugia|Recover|p2a: Lugia\n|-heal|p2a: Lugia|141/275 par\n|\n|-heal|p1a: Milotic|293/293|[from] item: Leftovers\n|upkeep\n|turn|26\n|\n|t:|1781432843\n|move|p1a: Milotic|Ice Beam|p2a: Lugia\n|-supereffective|p2a: Lugia\n|-damage|p2a: Lugia|53/275 par\n|move|p2a: Lugia|Recover|p2a: Lugia\n|-heal|p2a: Lugia|191/275 par\n|\n|upkeep\n|turn|27\n|\n|t:|1781432847\n|switch|p2a: Armarouge|Armarouge, L80, M|267/267\n|move|p1a: Milotic|Ice Beam|p2a: Armarouge\n|-resisted|p2a: Armarouge\n|-damage|p2a: Armarouge|232/267\n|\n|upkeep\n|turn|28\n|\n|t:|1781432855\n|move|p1a: Milotic|Scald|p2a: Armarouge\n|-supereffective|p2a: Armarouge\n|-damage|p2a: Armarouge|52/267\n|move|p2a: Armarouge|Energy Ball|p1a: Milotic\n|-supereffective|p1a: Milotic\n|-damage|p1a: Milotic|115/293\n|\n|-heal|p1a: Milotic|133/293|[from] item: Leftovers\n|upkeep\n|turn|29\n|\n|t:|1781432860\n|move|p1a: Milotic|Scald|p2a: Armarouge\n|-supereffective|p2a: Armarouge\n|-damage|p2a: Armarouge|0 fnt\n|faint|p2a: Armarouge\n|\n|-heal|p1a: Milotic|151/293|[from] item: Leftovers\n|upkeep\n|\n|t:|1781432866\n|switch|p2a: Hawlucha|Hawlucha, L80, M|256/256\n|turn|30\n|\n|t:|1781432870\n|move|p2a: Hawlucha|Swords Dance|p2a: Hawlucha\n|-boost|p2a: Hawlucha|atk|2\n|move|p1a: Milotic|Haze|p1a: Milotic\n|-clearallboost\n|\n|-heal|p1a: Milotic|169/293|[from] item: Leftovers\n|upkeep\n|turn|31\n|\n|t:|1781432876\n|move|p2a: Hawlucha|Encore|p1a: Milotic\n|-start|p1a: Milotic|Encore\n|move|p1a: Milotic|Haze|p1a: Milotic\n|-clearallboost\n|\n|-heal|p1a: Milotic|187/293|[from] item: Leftovers\n|upkeep\n|turn|32\n|\n|t:|1781432880\n|move|p2a: Hawlucha|Close Combat|p1a: Milotic\n|-damage|p1a: Milotic|75/293\n|-unboost|p2a: Hawlucha|def|1\n|-unboost|p2a: Hawlucha|spd|1\n|-enditem|p2a: Hawlucha|White Herb\n|-clearnegativeboost|p2a: Hawlucha|[silent]\n|move|p1a: Milotic|Haze|p1a: Milotic\n|-clearallboost\n|\n|-heal|p1a: Milotic|93/293|[from] item: Leftovers\n|upkeep\n|turn|33\n|\n|t:|1781432886\n|move|p2a: Hawlucha|Close Combat|p1a: Milotic\n|-damage|p1a: Milotic|0 fnt\n|-unboost|p2a: Hawlucha|def|1\n|-unboost|p2a: Hawlucha|spd|1\n|faint|p1a: Milotic\n|\n|upkeep\n|\n|t:|1781432888\n|switch|p1a: Porygon-Z|Porygon-Z, L83|277/277\n|turn|34\n|\n|t:|1781432897\n|switch|p2a: Lugia|Lugia, L73|191/275 par\n|-terastallize|p1a: Porygon-Z|Electric\n|move|p1a: Porygon-Z|Thunderbolt|p2a: Lugia\n|-supereffective|p2a: Lugia\n|-damage|p2a: Lugia|0 fnt\n|faint|p2a: Lugia\n|\n|upkeep\n|\n|t:|1781432901\n|switch|p2a: Hawlucha|Hawlucha, L80, M|256/256\n|turn|35\n|\n|t:|1781432907\n|move|p1a: Porygon-Z|Thunderbolt|p2a: Hawlucha\n|-supereffective|p2a: Hawlucha\n|-damage|p2a: Hawlucha|0 fnt\n|faint|p2a: Hawlucha\n|\n|win|Tuki VN\n|raw|Tuki VN's rating: 2006 &rarr; <strong>2033</strong><br />(+27 for winning)\n|raw|floofzykitten's rating: 2128 &rarr; <strong>2101</strong><br />(-27 for losing)\n", "inputlog": ">version a8376a258c1d4662feba110a92103f3664a72141\n>start {\"formatid\":\"gen9randombattle\",\"seed\":\"sodium,6de5cb2008a02a0324329ce99bd9391a\",\"rated\":\"Rated battle\"}\n>player p1 {\"name\":\"Tuki VN\",\"avatar\":\"lance-gen1rb\",\"rating\":2006,\"seed\":\"sodium,dac953118413d9b1a4bfb493371325ea\"}\n>player p2 {\"name\":\"floofzykitten\",\"avatar\":\"265\",\"rating\":2128,\"seed\":\"sodium,bc1a94dba25b40a9959453ef52b96c4f\"}\n>p1 move scald\n>p2 switch 5\n>p1 switch 2\n>p2 move raindance\n>p1 move hurricane\n>p2 move hydropump\n>p2 switch 3\n>p1 move roost\n>p2 move tailwind\n>p1 move uturn\n>p2 move knockoff\n>p1 switch 6\n>p1 move uturn\n>p2 move lowkick terastallize\n>p1 switch 3\n>p1 move alluringvoice\n>p2 switch 6\n>p1 move thunderwave\n>p2 move swordsdance\n>p1 switch 4\n>p2 move bitterblade\n>p1 move irondefense\n>p2 move poltergeist\n>p1 move irondefense\n>p2 switch 2\n>p1 move bodypress\n>p2 move energyball\n>p1 switch 4\n>p1 move knockoff\n>p2 switch 2\n>p1 move knockoff\n>p2 move bitterblade\n>p2 switch 2\n>p1 switch 2\n>p2 move armorcannon\n>p1 move scald\n>p2 switch 6\n>p1 switch 2\n>p2 move knockoff\n>p1 move alluringvoice\n>p2 move tailwind\n>p2 switch 5\n>p1 move alluringvoice\n>p2 move calmmind\n>p1 move thunderwave\n>p2 move calmmind\n>p1 move knockoff\n>p2 move aeroblast\n>p1 move knockoff\n>p2 move aeroblast\n>p1 switch 2\n>p1 move haze\n>p2 move recover\n>p1 move icebeam\n>p2 move recover\n>p1 move icebeam\n>p2 move recover\n>p1 move icebeam\n>p2 move recover\n>p1 move icebeam\n>p2 switch 6\n>p1 move scald\n>p2 move energyball\n>p1 move scald\n>p2 move energyball\n>p2 switch 4\n>p1 move haze\n>p2 move swordsdance\n>p1 move scald\n>p2 move encore\n>p1 move haze\n>p2 move closecombat\n>p1 move haze\n>p2 move closecombat\n>p1 switch 5\n>p1 move thunderbolt terastallize\n>p2 switch 6\n>p2 switch 6\n>p1 move thunderbolt\n>p2 move closecombat", "uploadtime": 1781432617, "views": 5, "formatid": "gen9randombattle", "rating": 2033, "private": 0, "password": null}