{"id": "gen9randombattle-2631421729", "format": "[Gen 9] Random Battle", "players": ["YOYILANG2", "xSmurferino"], "log": "|j|\u2606YOYILANG2\n|j|\u2606xSmurferino\n|t:|1781382661\n|gametype|singles\n|player|p1|YOYILANG2|1|1989\n|player|p2|xSmurferino|169|1929\n|gen|9\n|tier|[Gen 9] Random Battle\n|rated|\n|rule|Species Clause: Limit one of each Pok\u00e9mon\n|rule|HP Percentage Mod: HP is shown in percentages\n|rule|Sleep Clause Mod: Limit one foe put to sleep\n|rule|Illusion Level Mod: Illusion disguises the Pok\u00e9mon's true level\n|\n|t:|1781382661\n|teamsize|p1|6\n|teamsize|p2|6\n|start\n|switch|p1a: Landorus|Landorus-Therian, L76, M|260/260\n|switch|p2a: Swanna|Swanna, L89, F|278/278\n|-ability|p1a: Landorus|Intimidate|boost\n|-unboost|p2a: Swanna|atk|1\n|turn|1\n|inactive|Battle timer is ON: inactive players will automatically lose when time's up. (requested by xSmurferino)\n|\n|t:|1781382672\n|switch|p1a: Manaphy|Manaphy, L78|284/284\n|move|p2a: Swanna|Hydro Pump|p1a: Manaphy|[miss]\n|-miss|p2a: Swanna|p1a: Manaphy\n|\n|upkeep\n|turn|2\n|\n|t:|1781382678\n|move|p2a: Swanna|Brave Bird|p1a: Manaphy\n|-damage|p1a: Manaphy|200/284\n|-damage|p2a: Swanna|250/278|[from] Recoil\n|move|p1a: Manaphy|Tail Glow|p1a: Manaphy\n|-boost|p1a: Manaphy|spa|3\n|\n|-heal|p1a: Manaphy|217/284|[from] item: Leftovers\n|upkeep\n|turn|3\n|\n|t:|1781382691\n|move|p2a: Swanna|Brave Bird|p1a: Manaphy\n|-damage|p1a: Manaphy|138/284\n|-damage|p2a: Swanna|224/278|[from] Recoil\n|move|p1a: Manaphy|Energy Ball|p2a: Swanna\n|-damage|p2a: Swanna|64/278\n|\n|-heal|p1a: Manaphy|155/284|[from] item: Leftovers\n|upkeep\n|turn|4\n|\n|t:|1781382696\n|switch|p2a: Slowking|Slowking-Galar, L85, F|300/300\n|move|p1a: Manaphy|Surf|p2a: Slowking\n|-damage|p2a: Slowking|182/300\n|\n|-heal|p1a: Manaphy|172/284|[from] item: Leftovers\n|upkeep\n|turn|5\n|\n|t:|1781382701\n|move|p1a: Manaphy|Surf|p2a: Slowking\n|-damage|p2a: Slowking|68/300\n|move|p2a: Slowking|Psychic Noise|p1a: Manaphy\n|-damage|p1a: Manaphy|90/284\n|-start|p1a: Manaphy|move: Heal Block\n|\n|upkeep\n|turn|6\n|\n|t:|1781382707\n|switch|p2a: Leafeon|Leafeon, L88, M|258/258\n|move|p1a: Manaphy|Surf|p2a: Leafeon\n|-resisted|p2a: Leafeon\n|-damage|p2a: Leafeon|123/258\n|\n|-heal|p2a: Leafeon|139/258|[from] item: Leftovers\n|-end|p1a: Manaphy|move: Heal Block\n|upkeep\n|turn|7\n|\n|t:|1781382712\n|switch|p1a: Venusaur|Venusaur, L84, F|272/272\n|move|p2a: Leafeon|Leaf Blade|p1a: Venusaur\n|-resisted|p1a: Venusaur\n|-damage|p1a: Venusaur|242/272\n|\n|-heal|p2a: Leafeon|155/258|[from] item: Leftovers\n|-heal|p1a: Venusaur|259/272|[from] item: Leftovers\n|upkeep\n|turn|8\n|\n|t:|1781382715\n|move|p2a: Leafeon|Knock Off|p1a: Venusaur\n|-damage|p1a: Venusaur|164/272\n|-enditem|p1a: Venusaur|Leftovers|[from] move: Knock Off|[of] p2a: Leafeon\n|move|p1a: Venusaur|Sludge Bomb|p2a: Leafeon\n|-supereffective|p2a: Leafeon\n|-damage|p2a: Leafeon|0 fnt\n|faint|p2a: Leafeon\n|\n|upkeep\n|\n|t:|1781382732\n|switch|p2a: Gallade|Gallade, L80, M|240/240\n|turn|9\n|\n|t:|1781382741\n|switch|p1a: Iron Crown|Iron Crown, L78|268/268\n|move|p2a: Gallade|Psycho Cut|p1a: Iron Crown\n|-resisted|p1a: Iron Crown\n|-damage|p1a: Iron Crown|229/268\n|-damage|p2a: Gallade|216/240|[from] item: Life Orb\n|\n|-heal|p1a: Iron Crown|245/268|[from] item: Leftovers\n|upkeep\n|turn|10\n|\n|t:|1781382748\n|move|p1a: Iron Crown|Calm Mind|p1a: Iron Crown\n|-boost|p1a: Iron Crown|spa|1\n|-boost|p1a: Iron Crown|spd|1\n|move|p2a: Gallade|Night Slash|p1a: Iron Crown\n|-supereffective|p1a: Iron Crown\n|-damage|p1a: Iron Crown|42/268\n|-damage|p2a: Gallade|192/240|[from] item: Life Orb\n|\n|-heal|p1a: Iron Crown|58/268|[from] item: Leftovers\n|upkeep\n|turn|11\n|\n|t:|1781382755\n|switch|p2a: Slowking|Slowking-Galar, L85, F|168/300\n|move|p1a: Iron Crown|Psyshock|p2a: Slowking\n|-damage|p2a: Slowking|23/300\n|\n|-heal|p1a: Iron Crown|74/268|[from] item: Leftovers\n|upkeep\n|turn|12\n|\n|t:|1781382763\n|move|p1a: Iron Crown|Tachyon Cutter|p2a: Slowking\n|-damage|p2a: Slowking|0 fnt\n|faint|p2a: Slowking\n|-hitcount|p2: Slowking|1\n|\n|-heal|p1a: Iron Crown|90/268|[from] item: Leftovers\n|upkeep\n|\n|t:|1781382768\n|switch|p2a: Tauros|Tauros, L82, M|257/257\n|turn|13\n|\n|t:|1781382774\n|move|p2a: Tauros|Throat Chop|p1a: Iron Crown\n|-supereffective|p1a: Iron Crown\n|-damage|p1a: Iron Crown|0 fnt\n|faint|p1a: Iron Crown\n|-end|p1a: Iron Crown|Quark Drive|[silent]\n|\n|upkeep\n|\n|t:|1781382779\n|switch|p1a: Landorus|Landorus-Therian, L76, M|260/260\n|-ability|p1a: Landorus|Intimidate|boost\n|-unboost|p2a: Tauros|atk|1\n|turn|14\n|\n|t:|1781382785\n|switch|p2a: Swanna|Swanna, L89, F|64/278\n|move|p1a: Landorus|Stone Edge|p2a: Swanna\n|-supereffective|p2a: Swanna\n|-damage|p2a: Swanna|0 fnt\n|faint|p2a: Swanna\n|\n|upkeep\n|\n|t:|1781382796\n|switch|p2a: Terapagos|Terapagos, L77, F|265/265\n|-activate|p2a: Terapagos|ability: Tera Shift\n|detailschange|p2a: Terapagos|Terapagos-Terastal, L77, F\n|-heal|p2a: Terapagos|273/273|[silent]\n|turn|15\n|\n|t:|1781382799\n|move|p1a: Landorus|Taunt|p2a: Terapagos\n|-start|p2a: Terapagos|move: Taunt\n|cant|p2a: Terapagos|move: Taunt|Calm Mind\n|\n|upkeep\n|turn|16\n|-message|xSmurferino forfeited.\n|\n|win|YOYILANG2\n", "inputlog": ">version a8376a258c1d4662feba110a92103f3664a72141\n>start {\"formatid\":\"gen9randombattle\",\"seed\":\"sodium,d9655171e1fc3fed86040d4e4546bb94\",\"rated\":\"Rated battle\"}\n>player p1 {\"name\":\"YOYILANG2\",\"avatar\":\"1\",\"rating\":1989,\"seed\":\"sodium,ae002372d8d61fc34b0cdb5af82475ef\"}\n>player p2 {\"name\":\"xSmurferino\",\"avatar\":\"169\",\"rating\":1929,\"seed\":\"sodium,55f493ad723cabf15d1f6f577522a072\"}\n>p1 switch 3\n>p2 move hydropump\n>p1 move tailglow\n>p2 move bravebird\n>p1 move energyball\n>p2 move bravebird\n>p1 move surf\n>p2 switch 2\n>p1 move surf\n>p2 move psychicnoise\n>p1 move surf\n>p2 switch 5\n>p1 switch 2\n>p2 move leafblade\n>p1 move sludgebomb\n>p2 move knockoff\n>p2 switch 6\n>p1 switch 6\n>p2 move psychocut\n>p1 move calmmind\n>p2 move nightslash\n>p1 move psyshock\n>p2 switch 5\n>p1 move tachyoncutter\n>p2 move surf\n>p2 switch 3\n>p1 move focusblast\n>p2 move throatchop\n>p1 switch 3\n>p1 move stoneedge\n>p2 switch 2\n>p2 switch 4\n>p1 move taunt\n>p2 move calmmind\n>forcelose p2", "uploadtime": 1781382664, "views": 13, "formatid": "gen9randombattle", "rating": null, "private": 0, "password": null}