{"id": "gen9randombattle-2631680618", "format": "[Gen 9] Random Battle", "players": ["kingmagikarps", "TryOrDie"], "log": "|j|\u2606kingmagikarps\n|j|\u2606TryOrDie\n|t:|1781420529\n|gametype|singles\n|player|p1|kingmagikarps|102|2063\n|player|p2|TryOrDie|265|2028\n|gen|9\n|tier|[Gen 9] Random Battle\n|rated|\n|rule|Species Clause: Limit one of each Pok\u00e9mon\n|rule|HP Percentage Mod: HP is shown in percentages\n|rule|Sleep Clause Mod: Limit one foe put to sleep\n|rule|Illusion Level Mod: Illusion disguises the Pok\u00e9mon's true level\n|\n|t:|1781420529\n|teamsize|p1|6\n|teamsize|p2|6\n|start\n|switch|p1a: Lucario|Lucario, L84, F|255/255\n|switch|p2a: Staraptor|Staraptor, L79, M|263/263\n|turn|1\n|inactive|Battle timer is ON: inactive players will automatically lose when time's up. (requested by kingmagikarps)\n|inactive|kingmagikarps has 120 seconds left.\n|inactive|TryOrDie has 120 seconds left.\n|inactive|kingmagikarps has 90 seconds left.\n|inactive|TryOrDie has 90 seconds left.\n|inactive|TryOrDie has 60 seconds left.\n|\n|t:|1781420621\n|switch|p1a: Cetitan|Cetitan, L82, M|412/412\n|move|p2a: Staraptor|Close Combat|p1a: Cetitan\n|-supereffective|p1a: Cetitan\n|-damage|p1a: Cetitan|68/412\n|-unboost|p2a: Staraptor|def|1\n|-unboost|p2a: Staraptor|spd|1\n|-enditem|p1a: Cetitan|Sitrus Berry|[eat]\n|-heal|p1a: Cetitan|171/412|[from] item: Sitrus Berry\n|\n|upkeep\n|turn|2\n|\n|t:|1781420627\n|move|p1a: Cetitan|Ice Shard|p2a: Staraptor\n|-supereffective|p2a: Staraptor\n|-damage|p2a: Staraptor|101/263\n|move|p2a: Staraptor|Close Combat|p1a: Cetitan\n|-supereffective|p1a: Cetitan\n|-damage|p1a: Cetitan|0 fnt\n|-unboost|p2a: Staraptor|def|1\n|-unboost|p2a: Staraptor|spd|1\n|faint|p1a: Cetitan\n|\n|upkeep\n|\n|t:|1781420638\n|switch|p1a: Polteageist|Polteageist-Antique, L78|222/222\n|turn|3\n|inactive|TryOrDie has 120 seconds left.\n|\n|t:|1781420670\n|switch|p2a: Donphan|Donphan, L84, M|288/288\n|move|p1a: Polteageist|Shell Smash|p1a: Polteageist\n|-unboost|p1a: Polteageist|def|1\n|-unboost|p1a: Polteageist|spd|1\n|-boost|p1a: Polteageist|atk|2\n|-boost|p1a: Polteageist|spa|2\n|-boost|p1a: Polteageist|spe|2\n|-enditem|p1a: Polteageist|White Herb\n|-clearnegativeboost|p1a: Polteageist|[silent]\n|\n|upkeep\n|turn|4\n|inactive|TryOrDie has 120 seconds left.\n|\n|t:|1781420696\n|move|p1a: Polteageist|Shadow Ball|p2a: Donphan\n|-damage|p2a: Donphan|105/288\n|move|p2a: Donphan|Earthquake|p1a: Polteageist\n|-damage|p1a: Polteageist|56/222\n|\n|upkeep\n|turn|5\n|\n|t:|1781420702\n|move|p2a: Donphan|Ice Shard|p1a: Polteageist\n|-damage|p1a: Polteageist|14/222\n|move|p1a: Polteageist|Strength Sap|p2a: Donphan\n|-unboost|p2a: Donphan|atk|1\n|-heal|p1a: Polteageist|222/222\n|\n|upkeep\n|turn|6\n|\n|t:|1781420707\n|move|p2a: Donphan|Ice Shard|p1a: Polteageist\n|-damage|p1a: Polteageist|191/222\n|move|p1a: Polteageist|Shadow Ball|p2a: Donphan\n|-damage|p2a: Donphan|0 fnt\n|faint|p2a: Donphan\n|\n|upkeep\n|\n|t:|1781420713\n|switch|p2a: Glastrier|Glastrier, L86|312/312\n|turn|7\n|\n|t:|1781420725\n|-terastallize|p2a: Glastrier|Steel\n|move|p1a: Polteageist|Strength Sap|p2a: Glastrier\n|-unboost|p2a: Glastrier|atk|1\n|-heal|p1a: Polteageist|222/222\n|move|p2a: Glastrier|Heavy Slam|p1a: Polteageist\n|-damage|p1a: Polteageist|65/222\n|\n|upkeep\n|turn|8\n|\n|t:|1781420733\n|move|p1a: Polteageist|Strength Sap|p2a: Glastrier\n|-unboost|p2a: Glastrier|atk|1\n|-heal|p1a: Polteageist|222/222\n|move|p2a: Glastrier|Heavy Slam|p1a: Polteageist\n|-damage|p1a: Polteageist|101/222\n|\n|upkeep\n|turn|9\n|\n|t:|1781420739\n|move|p1a: Polteageist|Strength Sap|p2a: Glastrier\n|-unboost|p2a: Glastrier|atk|1\n|-heal|p1a: Polteageist|222/222\n|move|p2a: Glastrier|Swords Dance|p2a: Glastrier\n|-boost|p2a: Glastrier|atk|2\n|\n|upkeep\n|turn|10\n|\n|t:|1781420746\n|move|p1a: Polteageist|Shadow Ball|p2a: Glastrier\n|-damage|p2a: Glastrier|144/312\n|move|p2a: Glastrier|Heavy Slam|p1a: Polteageist\n|-damage|p1a: Polteageist|57/222\n|\n|upkeep\n|turn|11\n|\n|t:|1781420752\n|move|p1a: Polteageist|Shadow Ball|p2a: Glastrier\n|-damage|p2a: Glastrier|0 fnt\n|faint|p2a: Glastrier\n|\n|upkeep\n|\n|t:|1781420760\n|switch|p2a: Alomomola|Alomomola, L87, M|429/429\n|turn|12\n|\n|t:|1781420765\n|move|p1a: Polteageist|Strength Sap|p2a: Alomomola\n|-unboost|p2a: Alomomola|atk|1\n|-heal|p1a: Polteageist|222/222\n|move|p2a: Alomomola|Scald|p1a: Polteageist\n|-damage|p1a: Polteageist|176/222\n|\n|upkeep\n|turn|13\n|\n|t:|1781420772\n|move|p1a: Polteageist|Shadow Ball|p2a: Alomomola\n|-damage|p2a: Alomomola|138/429\n|move|p2a: Alomomola|Scald|p1a: Polteageist\n|-damage|p1a: Polteageist|131/222\n|-status|p1a: Polteageist|brn\n|\n|-damage|p1a: Polteageist|118/222 brn|[from] brn\n|upkeep\n|turn|14\n|\n|t:|1781420779\n|switch|p2a: Staraptor|Staraptor, L79, M|101/263\n|move|p1a: Polteageist|Stored Power|p2a: Staraptor\n|-damage|p2a: Staraptor|0 fnt\n|faint|p2a: Staraptor\n|\n|-damage|p1a: Polteageist|105/222 brn|[from] brn\n|upkeep\n|\n|t:|1781420787\n|switch|p2a: Mew|Mew, L82|298/298\n|turn|15\n|\n|t:|1781420795\n|move|p1a: Polteageist|Strength Sap|p2a: Mew\n|-unboost|p2a: Mew|atk|1\n|-heal|p1a: Polteageist|222/222 brn\n|move|p2a: Mew|Knock Off|p1a: Polteageist\n|-supereffective|p1a: Polteageist\n|-damage|p1a: Polteageist|123/222 brn\n|-start|p2a: Mew|Disable|Knock Off|[from] ability: Cursed Body|[of] p1a: Polteageist\n|-damage|p2a: Mew|269/298|[from] item: Life Orb\n|\n|-damage|p1a: Polteageist|110/222 brn|[from] brn\n|upkeep\n|turn|16\n|\n|t:|1781420802\n|move|p1a: Polteageist|Shadow Ball|p2a: Mew\n|-supereffective|p2a: Mew\n|-damage|p2a: Mew|0 fnt\n|faint|p2a: Mew\n|\n|-damage|p1a: Polteageist|97/222 brn|[from] brn\n|upkeep\n|-message|TryOrDie forfeited.\n|\n|win|kingmagikarps\n|raw|kingmagikarps's rating: 2063 &rarr; <strong>2080</strong><br />(+17 for winning)\n|raw|TryOrDie's rating: 2016 &rarr; <strong>1999</strong><br />(-17 for losing)\n", "inputlog": ">version a8376a258c1d4662feba110a92103f3664a72141\n>start {\"formatid\":\"gen9randombattle\",\"seed\":\"sodium,87752262c5d83981b65d90a9cb9ec39a\",\"rated\":\"Rated battle\"}\n>player p1 {\"name\":\"kingmagikarps\",\"avatar\":\"102\",\"rating\":2063,\"seed\":\"sodium,f2f0186d7af677fa4fa446b8efaf9c31\"}\n>player p2 {\"name\":\"TryOrDie\",\"avatar\":\"265\",\"rating\":2028,\"seed\":\"sodium,5326fbb65f5891963749367746d547cd\"}\n>p1 switch 2\n>p2 move closecombat\n>p1 move iceshard\n>p2 move closecombat\n>p1 switch 3\n>p1 move shellsmash\n>p2 switch 3\n>p1 move shadowball\n>p2 move earthquake\n>p1 move strengthsap\n>p2 move iceshard\n>p1 move shadowball\n>p2 move iceshard\n>p2 switch 4\n>p1 move strengthsap\n>p2 move heavyslam terastallize\n>p1 move strengthsap\n>p2 move heavyslam\n>p1 move strengthsap\n>p2 move swordsdance\n>p1 move shadowball\n>p2 move heavyslam\n>p1 move shadowball\n>p2 move heavyslam\n>p2 switch 6\n>p1 move strengthsap\n>p2 move scald\n>p1 move shadowball\n>p2 move scald\n>p1 move storedpower\n>p2 switch 3\n>p2 switch 5\n>p1 move strengthsap\n>p2 move knockoff\n>p1 move shadowball\n>p2 move psychicfangs\n>forcelose p2", "uploadtime": 1781420806, "views": 7, "formatid": "gen9randombattle", "rating": 1999, "private": 0, "password": null}