{"id": "gen9randombattle-2631444910", "format": "[Gen 9] Random Battle", "players": ["ultramouzer", "JayCroc"], "log": "|j|\u2606ultramouzer\n|j|\u2606JayCroc\n|t:|1781385495\n|gametype|singles\n|player|p1|ultramouzer|hilda|2037\n|player|p2|JayCroc|ivor|2007\n|gen|9\n|tier|[Gen 9] Random Battle\n|rated|\n|rule|Species Clause: Limit one of each Pok\u00e9mon\n|rule|HP Percentage Mod: HP is shown in percentages\n|rule|Sleep Clause Mod: Limit one foe put to sleep\n|rule|Illusion Level Mod: Illusion disguises the Pok\u00e9mon's true level\n|\n|t:|1781385495\n|teamsize|p1|6\n|teamsize|p2|6\n|start\n|switch|p1a: Chimecho|Chimecho, L93, F|290/290\n|switch|p2a: Darkrai|Darkrai, L77|234/234\n|turn|1\n|inactive|Battle timer is ON: inactive players will automatically lose when time's up. (requested by ultramouzer)\n|\n|t:|1781385511\n|switch|p1a: Skuntank|Skuntank, L84, F|310/310\n|move|p2a: Darkrai|Substitute|p2a: Darkrai\n|-start|p2a: Darkrai|Substitute\n|-damage|p2a: Darkrai|176/234\n|\n|-heal|p2a: Darkrai|190/234|[from] item: Leftovers\n|upkeep\n|turn|2\n|\n|t:|1781385518\n|move|p2a: Darkrai|Nasty Plot|p2a: Darkrai\n|-boost|p2a: Darkrai|spa|2\n|move|p1a: Skuntank|Toxic Spikes|p2a: Darkrai\n|-sidestart|p2: JayCroc|move: Toxic Spikes\n|\n|-heal|p2a: Darkrai|204/234|[from] item: Leftovers\n|upkeep\n|turn|3\n|\n|t:|1781385525\n|move|p2a: Darkrai|Dark Pulse|p1a: Skuntank\n|-resisted|p1a: Skuntank\n|-damage|p1a: Skuntank|192/310\n|move|p1a: Skuntank|Gunk Shot|p2a: Darkrai|[miss]\n|-miss|p1a: Skuntank|p2a: Darkrai\n|\n|-heal|p2a: Darkrai|218/234|[from] item: Leftovers\n|upkeep\n|turn|4\n|\n|t:|1781385532\n|move|p2a: Darkrai|Dark Pulse|p1a: Skuntank\n|-resisted|p1a: Skuntank\n|-damage|p1a: Skuntank|68/310\n|cant|p1a: Skuntank|flinch\n|\n|-heal|p2a: Darkrai|232/234|[from] item: Leftovers\n|upkeep\n|turn|5\n|\n|t:|1781385539\n|move|p1a: Skuntank|Sucker Punch|p2a: Darkrai\n|-resisted|p2a: Darkrai\n|-activate|p2a: Darkrai|move: Substitute|[damage]\n|-damage|p1a: Skuntank|37/310|[from] item: Life Orb\n|move|p2a: Darkrai|Dark Pulse|p1a: Skuntank\n|-resisted|p1a: Skuntank\n|-crit|p1a: Skuntank\n|-damage|p1a: Skuntank|0 fnt\n|faint|p1a: Skuntank\n|\n|-heal|p2a: Darkrai|234/234|[from] item: Leftovers\n|upkeep\n|\n|t:|1781385550\n|switch|p1a: Mightyena|Mightyena, L96, F|290/290\n|-ability|p1a: Mightyena|Intimidate|boost\n|-immune|p2a: Darkrai\n|turn|6\n|\n|t:|1781385554\n|move|p2a: Darkrai|Sludge Bomb|p1a: Mightyena\n|-damage|p1a: Mightyena|137/290\n|move|p1a: Mightyena|Poison Fang|p2a: Darkrai\n|-end|p2a: Darkrai|Substitute\n|\n|-heal|p1a: Mightyena|155/290|[from] item: Leftovers\n|upkeep\n|turn|7\n|\n|t:|1781385563\n|move|p2a: Darkrai|Substitute|p2a: Darkrai\n|-start|p2a: Darkrai|Substitute\n|-damage|p2a: Darkrai|176/234\n|move|p1a: Mightyena|Poison Fang|p2a: Darkrai\n|-activate|p2a: Darkrai|move: Substitute|[damage]\n|\n|-heal|p2a: Darkrai|190/234|[from] item: Leftovers\n|-heal|p1a: Mightyena|173/290|[from] item: Leftovers\n|upkeep\n|turn|8\n|\n|t:|1781385570\n|move|p1a: Mightyena|Sucker Punch|p2a: Darkrai\n|-resisted|p2a: Darkrai\n|-end|p2a: Darkrai|Substitute\n|move|p2a: Darkrai|Sludge Bomb|p1a: Mightyena\n|-damage|p1a: Mightyena|5/290\n|-status|p1a: Mightyena|psn\n|\n|-heal|p2a: Darkrai|204/234|[from] item: Leftovers\n|-heal|p1a: Mightyena|23/290 psn|[from] item: Leftovers\n|-damage|p1a: Mightyena|0 fnt|[from] psn\n|faint|p1a: Mightyena\n|upkeep\n|\n|t:|1781385575\n|switch|p1a: Tauros|Tauros-Paldea-Aqua, L81, M|252/252\n|turn|9\n|\n|t:|1781385584\n|-terastallize|p2a: Darkrai|Poison\n|move|p2a: Darkrai|Sludge Bomb|p1a: Tauros\n|-damage|p1a: Tauros|20/252\n|-status|p1a: Tauros|psn\n|-enditem|p1a: Tauros|Sitrus Berry|[eat]\n|-heal|p1a: Tauros|83/252 psn|[from] item: Sitrus Berry\n|move|p1a: Tauros|Close Combat|p2a: Darkrai\n|-resisted|p2a: Darkrai\n|-damage|p2a: Darkrai|129/234\n|-unboost|p1a: Tauros|def|1\n|-unboost|p1a: Tauros|spd|1\n|\n|-heal|p2a: Darkrai|143/234|[from] item: Leftovers\n|-damage|p1a: Tauros|52/252 psn|[from] psn\n|upkeep\n|turn|10\n|\n|t:|1781385597\n|move|p2a: Darkrai|Sludge Bomb|p1a: Tauros\n|-damage|p1a: Tauros|0 fnt\n|faint|p1a: Tauros\n|\n|-heal|p2a: Darkrai|157/234|[from] item: Leftovers\n|upkeep\n|\n|t:|1781385612\n|switch|p1a: Suicune|Suicune, L82|298/298\n|-ability|p1a: Suicune|Pressure\n|turn|11\n|\n|t:|1781385616\n|-terastallize|p1a: Suicune|Steel\n|move|p2a: Darkrai|Dark Pulse|p1a: Suicune\n|-damage|p1a: Suicune|144/298\n|move|p1a: Suicune|Calm Mind|p1a: Suicune\n|-boost|p1a: Suicune|spa|1\n|-boost|p1a: Suicune|spd|1\n|\n|-heal|p2a: Darkrai|171/234|[from] item: Leftovers\n|-heal|p1a: Suicune|162/298|[from] item: Leftovers\n|upkeep\n|turn|12\n|\n|t:|1781385627\n|move|p1a: Suicune|Protect|p1a: Suicune\n|-singleturn|p1a: Suicune|Protect\n|move|p2a: Darkrai|Dark Pulse|p1a: Suicune\n|-activate|p1a: Suicune|move: Protect\n|\n|-heal|p2a: Darkrai|185/234|[from] item: Leftovers\n|-heal|p1a: Suicune|180/298|[from] item: Leftovers\n|upkeep\n|turn|13\n|\n|t:|1781385634\n|move|p2a: Darkrai|Dark Pulse|p1a: Suicune\n|-damage|p1a: Suicune|74/298\n|move|p1a: Suicune|Scald|p2a: Darkrai\n|-damage|p2a: Darkrai|56/234\n|\n|-heal|p2a: Darkrai|70/234|[from] item: Leftovers\n|-heal|p1a: Suicune|92/298|[from] item: Leftovers\n|upkeep\n|turn|14\n|\n|t:|1781385644\n|move|p2a: Darkrai|Dark Pulse|p1a: Suicune\n|-damage|p1a: Suicune|0 fnt\n|faint|p1a: Suicune\n|\n|-heal|p2a: Darkrai|84/234|[from] item: Leftovers\n|upkeep\n|\n|t:|1781385647\n|switch|p1a: Venomoth|Venomoth, L84, M|255/255\n|turn|15\n|\n|t:|1781385651\n|move|p2a: Darkrai|Dark Pulse|p1a: Venomoth\n|-damage|p1a: Venomoth|65/255\n|move|p1a: Venomoth|Quiver Dance|p1a: Venomoth\n|-boost|p1a: Venomoth|spa|1\n|-boost|p1a: Venomoth|spd|1\n|-boost|p1a: Venomoth|spe|1\n|\n|-heal|p2a: Darkrai|98/234|[from] item: Leftovers\n|upkeep\n|turn|16\n|\n|t:|1781385659\n|move|p1a: Venomoth|Sludge Wave|p2a: Darkrai\n|-resisted|p2a: Darkrai\n|-damage|p2a: Darkrai|0 fnt\n|faint|p2a: Darkrai\n|\n|upkeep\n|\n|t:|1781385673\n|switch|p2a: Fezandipiti|Fezandipiti, L82, M|278/278\n|-sideend|p2: JayCroc|move: Toxic Spikes|[of] p2a: Fezandipiti\n|turn|17\n|\n|t:|1781385677\n|switch|p2a: Bisharp|Bisharp, L79, F|232/232\n|move|p1a: Venomoth|Sleep Powder|p2a: Bisharp\n|-status|p2a: Bisharp|slp|[from] move: Sleep Powder\n|\n|upkeep\n|turn|18\n|\n|t:|1781385686\n|switch|p2a: Meloetta|Meloetta, L82|298/298\n|move|p1a: Venomoth|Quiver Dance|p1a: Venomoth\n|-boost|p1a: Venomoth|spa|1\n|-boost|p1a: Venomoth|spd|1\n|-boost|p1a: Venomoth|spe|1\n|\n|upkeep\n|turn|19\n|\n|t:|1781385692\n|move|p1a: Venomoth|Bug Buzz|p2a: Meloetta\n|-supereffective|p2a: Meloetta\n|-damage|p2a: Meloetta|4/298\n|move|p2a: Meloetta|Psyshock|p1a: Venomoth\n|-supereffective|p1a: Venomoth\n|-damage|p1a: Venomoth|0 fnt\n|faint|p1a: Venomoth\n|\n|-heal|p2a: Meloetta|22/298|[from] item: Leftovers\n|upkeep\n|\n|t:|1781385702\n|switch|p1a: Chimecho|Chimecho, L93, F|290/290\n|turn|20\n|\n|t:|1781385711\n|move|p2a: Meloetta|Calm Mind|p2a: Meloetta\n|-boost|p2a: Meloetta|spa|1\n|-boost|p2a: Meloetta|spd|1\n|move|p1a: Chimecho|Calm Mind|p1a: Chimecho\n|-boost|p1a: Chimecho|spa|1\n|-boost|p1a: Chimecho|spd|1\n|\n|-heal|p2a: Meloetta|40/298|[from] item: Leftovers\n|upkeep\n|turn|21\n|\n|t:|1781385719\n|move|p2a: Meloetta|Hyper Voice|p1a: Chimecho\n|-damage|p1a: Chimecho|193/290\n|move|p1a: Chimecho|Dazzling Gleam|p2a: Meloetta\n|-damage|p2a: Meloetta|0 fnt\n|faint|p2a: Meloetta\n|\n|-heal|p1a: Chimecho|211/290|[from] item: Leftovers\n|upkeep\n|\n|t:|1781385727\n|switch|p2a: Fezandipiti|Fezandipiti, L82, M|278/278\n|turn|22\n|\n|t:|1781385731\n|move|p2a: Fezandipiti|Gunk Shot|p1a: Chimecho\n|-damage|p1a: Chimecho|109/290\n|move|p1a: Chimecho|Psychic Noise|p2a: Fezandipiti\n|-supereffective|p2a: Fezandipiti\n|-damage|p2a: Fezandipiti|50/278\n|-start|p2a: Fezandipiti|move: Heal Block\n|\n|-heal|p1a: Chimecho|127/290|[from] item: Leftovers\n|upkeep\n|turn|23\n|\n|t:|1781385740\n|move|p2a: Fezandipiti|Gunk Shot|p1a: Chimecho\n|-crit|p1a: Chimecho\n|-damage|p1a: Chimecho|0 fnt\n|faint|p1a: Chimecho\n|\n|win|JayCroc\n", "inputlog": ">version a8376a258c1d4662feba110a92103f3664a72141\n>start {\"formatid\":\"gen9randombattle\",\"seed\":\"sodium,33693f579c00c18be359d6f31ffdd9a7\",\"rated\":\"Rated battle\"}\n>player p1 {\"name\":\"ultramouzer\",\"avatar\":\"hilda\",\"rating\":2037,\"seed\":\"sodium,6968ae33593049ec21d7303d504c5db2\"}\n>player p2 {\"name\":\"JayCroc\",\"avatar\":\"ivor\",\"rating\":2007,\"seed\":\"sodium,f19acc47646f70fb79c5226bbd53a6cb\"}\n>p1 switch 3\n>p2 move substitute\n>p1 move toxicspikes\n>p2 move nastyplot\n>p1 move gunkshot\n>p2 move darkpulse\n>p1 move knockoff\n>p2 move darkpulse\n>p1 move suckerpunch\n>p2 move darkpulse\n>p1 switch 6\n>p1 move poisonfang\n>p2 move sludgebomb\n>p1 move poisonfang\n>p2 move substitute\n>p1 move suckerpunch\n>p2 move sludgebomb\n>p1 switch 2\n>p1 move closecombat\n>p2 move sludgebomb terastallize\n>p1 move liquidation\n>p2 move sludgebomb\n>p1 switch 4\n>p1 move calmmind terastallize\n>p2 move darkpulse\n>p1 move protect\n>p2 move darkpulse\n>p1 move scald\n>p2 move darkpulse\n>p1 move scald\n>p2 move darkpulse\n>p1 switch 5\n>p1 move quiverdance\n>p2 move darkpulse\n>p1 move sludgewave\n>p2 move darkpulse\n>p2 switch 6\n>p1 move sleeppowder\n>p2 switch 2\n>p1 move quiverdance\n>p2 switch 3\n>p1 move bugbuzz\n>p2 move psyshock\n>p1 switch 3\n>p1 move calmmind\n>p2 move calmmind\n>p1 move dazzlinggleam\n>p2 move hypervoice\n>p2 switch 2\n>p1 move psychicnoise\n>p2 move gunkshot\n>p1 move recover\n>p2 move gunkshot", "uploadtime": 1781385497, "views": 9, "formatid": "gen9randombattle", "rating": null, "private": 0, "password": null}