{"id": "gen9randombattle-2631447274", "format": "[Gen 9] Random Battle", "players": ["Dooopsdiiips", "nocomment3"], "log": "|j|\u2606Dooopsdiiips\n|j|\u2606nocomment3\n|t:|1781385776\n|gametype|singles\n|player|p1|Dooopsdiiips|265|2135\n|player|p2|nocomment3|2|2113\n|gen|9\n|tier|[Gen 9] Random Battle\n|rated|\n|rule|Species Clause: Limit one of each Pok\u00e9mon\n|rule|HP Percentage Mod: HP is shown in percentages\n|rule|Sleep Clause Mod: Limit one foe put to sleep\n|rule|Illusion Level Mod: Illusion disguises the Pok\u00e9mon's true level\n|\n|t:|1781385776\n|teamsize|p1|6\n|teamsize|p2|6\n|start\n|switch|p1a: Iron Valiant|Iron Valiant, L78|244/244\n|switch|p2a: Cacturne|Cacturne, L92, F|278/278\n|turn|1\n|\n|t:|1781385799\n|switch|p2a: Dragalge|Dragalge, L88, F|258/258\n|move|p1a: Iron Valiant|Close Combat|p2a: Dragalge\n|-resisted|p2a: Dragalge\n|-damage|p2a: Dragalge|167/258\n|-unboost|p1a: Iron Valiant|def|1\n|-unboost|p1a: Iron Valiant|spd|1\n|-damage|p1a: Iron Valiant|220/244|[from] item: Life Orb\n|\n|upkeep\n|turn|2\n|\n|t:|1781385819\n|-end|p1a: Iron Valiant|Quark Drive|[silent]\n|switch|p1a: Heatran|Heatran, L79, F|273/273\n|-item|p1a: Heatran|Air Balloon\n|move|p2a: Dragalge|Flip Turn|p1a: Heatran\n|-supereffective|p1a: Heatran\n|-crit|p1a: Heatran\n|-damage|p1a: Heatran|171/273\n|-enditem|p1a: Heatran|Air Balloon\n|\n|t:|1781385828\n|switch|p2a: Weavile|Weavile, L79, M|240/240|[from] Flip Turn\n|\n|upkeep\n|turn|3\n|\n|t:|1781385836\n|switch|p1a: Okidogi|Okidogi, L77, M|262/262\n|move|p2a: Weavile|Low Kick|p1a: Okidogi\n|-resisted|p1a: Okidogi\n|-crit|p1a: Okidogi\n|-damage|p1a: Okidogi|226/262\n|\n|-heal|p1a: Okidogi|242/262|[from] item: Leftovers\n|upkeep\n|turn|4\n|\n|t:|1781385843\n|switch|p2a: Dragalge|Dragalge, L88, F|167/258\n|move|p1a: Okidogi|Knock Off|p2a: Dragalge\n|-damage|p2a: Dragalge|95/258\n|-enditem|p2a: Dragalge|Choice Specs|[from] move: Knock Off|[of] p1a: Okidogi\n|\n|-heal|p1a: Okidogi|258/262|[from] item: Leftovers\n|upkeep\n|turn|5\n|\n|t:|1781385854\n|switch|p1a: Heatran|Heatran, L79, F|171/273\n|move|p2a: Dragalge|Flip Turn|p1a: Heatran\n|-supereffective|p1a: Heatran\n|-damage|p1a: Heatran|97/273\n|\n|t:|1781385858\n|switch|p2a: Weavile|Weavile, L79, M|240/240|[from] Flip Turn\n|\n|upkeep\n|turn|6\n|\n|t:|1781385868\n|move|p2a: Weavile|Swords Dance|p2a: Weavile\n|-boost|p2a: Weavile|atk|2\n|move|p1a: Heatran|Heavy Slam|p2a: Weavile\n|-supereffective|p2a: Weavile\n|-damage|p2a: Weavile|0 fnt\n|faint|p2a: Weavile\n|\n|upkeep\n|\n|t:|1781385877\n|switch|p2a: Dragalge|Dragalge, L88, F|95/258\n|turn|7\n|\n|t:|1781385891\n|move|p1a: Heatran|Heavy Slam|p2a: Dragalge\n|-damage|p2a: Dragalge|1/258\n|move|p2a: Dragalge|Flip Turn|p1a: Heatran\n|-supereffective|p1a: Heatran\n|-damage|p1a: Heatran|31/273\n|\n|t:|1781385897\n|switch|p2a: Delibird|Delibird, F|252/252|[from] Flip Turn\n|\n|upkeep\n|turn|8\n|\n|t:|1781385907\n|move|p2a: Delibird|Brave Bird|p1a: Heatran\n|-resisted|p1a: Heatran\n|-damage|p1a: Heatran|0 fnt\n|faint|p1a: Heatran\n|-damage|p2a: Delibird|242/252|[from] Recoil\n|\n|upkeep\n|\n|t:|1781385939\n|switch|p1a: Jolteon|Jolteon, L84, F|246/246\n|turn|9\n|\n|t:|1781385943\n|switch|p2a: Dragalge|Dragalge, L88, F|1/258\n|move|p1a: Jolteon|Thunderbolt|p2a: Dragalge\n|-resisted|p2a: Dragalge\n|-damage|p2a: Dragalge|0 fnt\n|faint|p2a: Dragalge\n|-damage|p1a: Jolteon|222/246|[from] item: Life Orb\n|\n|upkeep\n|\n|t:|1781385952\n|switch|p2a: Cacturne|Cacturne, L92, F|278/278\n|turn|10\n|\n|t:|1781385962\n|switch|p1a: Okidogi|Okidogi, L77, M|258/262\n|move|p2a: Cacturne|Spikes|p1a: Okidogi\n|-sidestart|p1: Dooopsdiiips|Spikes\n|\n|-heal|p1a: Okidogi|262/262|[from] item: Leftovers\n|upkeep\n|turn|11\n|\n|t:|1781385969\n|switch|p2a: Delibird|Delibird, F|242/252\n|move|p1a: Okidogi|Bulk Up|p1a: Okidogi\n|-boost|p1a: Okidogi|atk|1\n|-boost|p1a: Okidogi|def|1\n|\n|upkeep\n|turn|12\n|\n|t:|1781385972\n|move|p2a: Delibird|Brave Bird|p1a: Okidogi\n|-supereffective|p1a: Okidogi\n|-damage|p1a: Okidogi|106/262\n|-damage|p2a: Delibird|191/252|[from] Recoil\n|move|p1a: Okidogi|Drain Punch|p2a: Delibird\n|-damage|p2a: Delibird|19/252\n|-heal|p1a: Okidogi|192/262|[from] drain|[of] p2a: Delibird\n|\n|-heal|p1a: Okidogi|208/262|[from] item: Leftovers\n|upkeep\n|turn|13\n|\n|t:|1781385987\n|switch|p1a: Jolteon|Jolteon, L84, F|222/246\n|-damage|p1a: Jolteon|192/246|[from] Spikes\n|move|p2a: Delibird|Brave Bird|p1a: Jolteon\n|-resisted|p1a: Jolteon\n|-damage|p1a: Jolteon|111/246\n|-damage|p2a: Delibird|0 fnt|[from] Recoil\n|faint|p2a: Delibird\n|\n|upkeep\n|-message|nocomment3 forfeited.\n|\n|win|Dooopsdiiips\n", "inputlog": ">version a8376a258c1d4662feba110a92103f3664a72141\n>start {\"formatid\":\"gen9randombattle\",\"seed\":\"sodium,250fa6f511cf745ad87522331477f3ce\",\"rated\":\"Rated battle\"}\n>player p1 {\"name\":\"Dooopsdiiips\",\"avatar\":\"265\",\"rating\":2135,\"seed\":\"sodium,6eeabae89bd97be39c4fc6f934910b89\"}\n>player p2 {\"name\":\"nocomment3\",\"avatar\":\"2\",\"rating\":2113,\"seed\":\"sodium,b8873e5869d569719e1e598db39d8fe4\"}\n>p1 move closecombat\n>p2 switch 5\n>p1 switch 5\n>p2 move flipturn\n>p2 switch 3\n>p1 switch 4\n>p2 move lowkick\n>p1 move knockoff\n>p2 switch 3\n>p1 switch 4\n>p2 move flipturn\n>p2 switch 3\n>p1 move heavyslam\n>p2 move swordsdance\n>p2 switch 3\n>p1 move heavyslam\n>p2 move flipturn\n>p2 switch 4\n>p1 move heavyslam\n>p2 move bravebird\n>p1 switch 2\n>p1 move thunderbolt\n>p2 switch 4\n>p2 switch 5\n>p1 switch 4\n>p2 move spikes\n>p1 move bulkup\n>p2 switch 4\n>p1 move drainpunch\n>p2 move bravebird\n>p1 switch 4\n>p2 move bravebird\n>forcelose p2", "uploadtime": 1781385778, "views": 10, "formatid": "gen9randombattle", "rating": null, "private": 0, "password": null}