{"id": "gen9randombattle-2631453154", "format": "[Gen 9] Random Battle", "players": ["hudsonrain", "feraligatr08"], "log": "|j|\u2606hudsonrain\n|j|\u2606feraligatr08\n|t:|1781386511\n|gametype|singles\n|player|p1|hudsonrain|266|2077\n|player|p2|feraligatr08|colress|2120\n|gen|9\n|tier|[Gen 9] Random Battle\n|rated|\n|rule|Species Clause: Limit one of each Pok\u00e9mon\n|rule|HP Percentage Mod: HP is shown in percentages\n|rule|Sleep Clause Mod: Limit one foe put to sleep\n|rule|Illusion Level Mod: Illusion disguises the Pok\u00e9mon's true level\n|\n|t:|1781386511\n|teamsize|p1|6\n|teamsize|p2|6\n|start\n|switch|p1a: Spidops|Spidops, L96, M|271/271\n|switch|p2a: Medicham|Medicham, L86, M|243/243\n|turn|1\n|\n|t:|1781386518\n|move|p2a: Medicham|Zen Headbutt|p1a: Spidops\n|-damage|p1a: Spidops|166/271\n|cant|p1a: Spidops|flinch\n|\n|upkeep\n|turn|2\n|inactive|Battle timer is ON: inactive players will automatically lose when time's up. (requested by hudsonrain)\n|\n|t:|1781386533\n|move|p2a: Medicham|Zen Headbutt|p1a: Spidops|[miss]\n|-miss|p2a: Medicham|p1a: Spidops\n|move|p1a: Spidops|Sticky Web|p2a: Medicham\n|-sidestart|p2: feraligatr08|move: Sticky Web\n|\n|upkeep\n|turn|3\n|\n|t:|1781386536\n|switch|p1a: Bisharp|Bisharp, L79, F|232/232\n|move|p2a: Medicham|Zen Headbutt|p1a: Bisharp\n|-immune|p1a: Bisharp\n|\n|upkeep\n|turn|4\n|\n|t:|1781386547\n|switch|p2a: Avalugg|Avalugg, L88, M|310/310\n|move|p1a: Bisharp|Stealth Rock|p2a: Avalugg\n|-sidestart|p2: feraligatr08|move: Stealth Rock\n|\n|upkeep\n|turn|5\n|\n|t:|1781386550\n|switch|p1a: Gengar|Gengar, L81, M|230/230\n|move|p2a: Avalugg|Rapid Spin|p1a: Gengar\n|-immune|p1a: Gengar\n|\n|upkeep\n|turn|6\n|\n|t:|1781386554\n|switch|p2a: Farigiraf|Farigiraf, L90, M|362/362\n|-activate|p2a: Farigiraf|move: Sticky Web\n|-unboost|p2a: Farigiraf|spe|1\n|-damage|p2a: Farigiraf|317/362|[from] Stealth Rock\n|move|p1a: Gengar|Shadow Ball|p2a: Farigiraf\n|-immune|p2a: Farigiraf\n|\n|-heal|p2a: Farigiraf|339/362|[from] item: Leftovers\n|upkeep\n|turn|7\n|\n|t:|1781386562\n|switch|p1a: Bisharp|Bisharp, L79, F|232/232\n|move|p2a: Farigiraf|Wish|p2a: Farigiraf\n|\n|-heal|p2a: Farigiraf|361/362|[from] item: Leftovers\n|upkeep\n|turn|8\n|\n|t:|1781386592\n|switch|p1a: Volcarona|Volcarona, L77, M|257/257\n|switch|p2a: Avalugg|Avalugg, L88, M|310/310\n|\n|upkeep\n|turn|9\n|\n|t:|1781386604\n|move|p1a: Volcarona|Fire Blast|p2a: Avalugg|[miss]\n|-miss|p1a: Volcarona|p2a: Avalugg\n|move|p2a: Avalugg|Rapid Spin|p1a: Volcarona\n|-damage|p1a: Volcarona|200/257\n|-boost|p2a: Avalugg|spe|1\n|-sideend|p2: feraligatr08|Stealth Rock|[from] move: Rapid Spin|[of] p2a: Avalugg\n|-sideend|p2: feraligatr08|Sticky Web|[from] move: Rapid Spin|[of] p2a: Avalugg\n|\n|upkeep\n|turn|10\n|\n|t:|1781386615\n|switch|p2a: Quaquaval|Quaquaval, L79, F|264/264\n|move|p1a: Volcarona|Quiver Dance|p1a: Volcarona\n|-boost|p1a: Volcarona|spa|1\n|-boost|p1a: Volcarona|spd|1\n|-boost|p1a: Volcarona|spe|1\n|\n|upkeep\n|turn|11\n|\n|t:|1781386631\n|-terastallize|p1a: Volcarona|Grass\n|move|p1a: Volcarona|Giga Drain|p2a: Quaquaval\n|-supereffective|p2a: Quaquaval\n|-damage|p2a: Quaquaval|0 fnt\n|-heal|p1a: Volcarona|257/257|[from] drain|[of] p2a: Quaquaval\n|faint|p2a: Quaquaval\n|\n|upkeep\n|inactive|feraligatr08 has 120 seconds left.\n|\n|t:|1781386658\n|switch|p2a: Dusknoir|Dusknoir, L89, F|225/225\n|-item|p1a: Volcarona|Heavy-Duty Boots|[from] ability: Frisk|[of] p2a: Dusknoir\n|turn|12\n|\n|t:|1781386662\n|move|p1a: Volcarona|Fire Blast|p2a: Dusknoir\n|-damage|p2a: Dusknoir|89/225\n|move|p2a: Dusknoir|Leech Life|p1a: Volcarona\n|-supereffective|p1a: Volcarona\n|-damage|p1a: Volcarona|0 fnt\n|-heal|p2a: Dusknoir|218/225|[from] drain|[of] p1a: Volcarona\n|faint|p1a: Volcarona\n|\n|upkeep\n|\n|t:|1781386682\n|switch|p1a: Crabominable|Crabominable, L90, F|321/321\n|turn|13\n|\n|t:|1781386698\n|switch|p2a: Medicham|Medicham, L86, M|243/243\n|move|p1a: Crabominable|Knock Off|p2a: Medicham\n|-damage|p2a: Medicham|133/243\n|-enditem|p2a: Medicham|Choice Scarf|[from] move: Knock Off|[of] p1a: Crabominable\n|\n|upkeep\n|turn|14\n|\n|t:|1781386711\n|move|p2a: Medicham|Close Combat|p1a: Crabominable\n|-supereffective|p1a: Crabominable\n|-damage|p1a: Crabominable|0 fnt\n|-unboost|p2a: Medicham|def|1\n|-unboost|p2a: Medicham|spd|1\n|faint|p1a: Crabominable\n|\n|upkeep\n|\n|t:|1781386721\n|switch|p1a: Deoxys|Deoxys-Attack, L72|191/191\n|-ability|p1a: Deoxys|Pressure\n|turn|15\n|\n|t:|1781386740\n|move|p1a: Deoxys|Knock Off|p2a: Medicham\n|-damage|p2a: Medicham|16/243\n|-damage|p1a: Deoxys|172/191|[from] item: Life Orb\n|move|p2a: Medicham|Ice Punch|p1a: Deoxys\n|-damage|p1a: Deoxys|0 fnt\n|faint|p1a: Deoxys\n|\n|upkeep\n|inactive|hudsonrain has 120 seconds left.\n|inactive|hudsonrain has 90 seconds left.\n|inactive|hudsonrain has 60 seconds left.\n|inactive|hudsonrain has 30 seconds left.\n|inactive|hudsonrain has 20 seconds left.\n|inactive|hudsonrain has 15 seconds left.\n|inactive|hudsonrain has 10 seconds left.\n|inactive|hudsonrain has 5 seconds left.\n|-message|hudsonrain lost due to inactivity.\n|\n|win|feraligatr08\n", "inputlog": ">version a8376a258c1d4662feba110a92103f3664a72141\n>start {\"formatid\":\"gen9randombattle\",\"seed\":\"sodium,e74f383b40f3fa77889f3a5def6cf90c\",\"rated\":\"Rated battle\"}\n>player p1 {\"name\":\"hudsonrain\",\"avatar\":\"266\",\"rating\":2077,\"seed\":\"sodium,bb4aa96a314d6c199d2fd330f5abaab0\"}\n>player p2 {\"name\":\"feraligatr08\",\"avatar\":\"colress\",\"rating\":2120,\"seed\":\"sodium,24ed57038289accfd7b5e7ec03a0e336\"}\n>p1 move stickyweb\n>p2 move zenheadbutt\n>p1 move stickyweb\n>p2 move zenheadbutt\n>p1 switch 3\n>p2 move zenheadbutt\n>p1 move stealthrock\n>p2 switch 4\n>p1 switch 5\n>p2 move rapidspin\n>p1 move shadowball\n>p2 switch 6\n>p1 switch 5\n>p2 move wish\n>p1 switch 2\n>p2 switch 6\n>p1 move fireblast\n>p2 move rapidspin\n>p1 move quiverdance\n>p2 switch 5\n>p1 move gigadrain terastallize\n>p2 move aquastep\n>p2 switch 2\n>p1 move fireblast\n>p2 move leechlife\n>p1 switch 6\n>p1 move knockoff\n>p2 switch 4\n>p1 move icehammer\n>p2 move closecombat\n>p1 switch 4\n>p1 move knockoff\n>p2 move icepunch\n>forcelose p1", "uploadtime": 1781386513, "views": 6, "formatid": "gen9randombattle", "rating": null, "private": 0, "password": null}