{"id": "gen9randombattle-2631770683", "format": "[Gen 9] Random Battle", "players": ["dc inversion", "ChadInteleonUser"], "log": "|j|\u2606dc inversion\n|j|\u2606ChadInteleonUser\n|t:|1781437011\n|gametype|singles\n|player|p1|dc inversion|265|2171\n|player|p2|ChadInteleonUser|wallace|2172\n|gen|9\n|tier|[Gen 9] Random Battle\n|rated|\n|rule|Species Clause: Limit one of each Pok\u00e9mon\n|rule|HP Percentage Mod: HP is shown in percentages\n|rule|Sleep Clause Mod: Limit one foe put to sleep\n|rule|Illusion Level Mod: Illusion disguises the Pok\u00e9mon's true level\n|\n|t:|1781437011\n|teamsize|p1|6\n|teamsize|p2|6\n|start\n|switch|p1a: Cloyster|Cloyster, L80, F|211/211\n|switch|p2a: Milotic|Milotic, L83, M|293/293\n|turn|1\n|inactive|Battle timer is ON: inactive players will automatically lose when time's up. (requested by ChadInteleonUser)\n|\n|t:|1781437028\n|switch|p1a: Araquanid|Araquanid, L82, F|246/246\n|move|p2a: Milotic|Scald|p1a: Araquanid\n|-resisted|p1a: Araquanid\n|-damage|p1a: Araquanid|213/246\n|\n|upkeep\n|turn|2\n|j| DikkeBende\n|\n|t:|1781437038\n|switch|p2a: Swanna|Swanna, L89, F|278/278\n|move|p1a: Araquanid|Sticky Web|p2a: Swanna\n|-sidestart|p2: ChadInteleonUser|move: Sticky Web\n|\n|upkeep\n|turn|3\n|\n|t:|1781437045\n|switch|p1a: Klefki|Klefki, L84, M|233/233\n|move|p2a: Swanna|Brave Bird|p1a: Klefki\n|-resisted|p1a: Klefki\n|-damage|p1a: Klefki|164/233\n|-damage|p2a: Swanna|255/278|[from] Recoil\n|\n|-heal|p1a: Klefki|178/233|[from] item: Leftovers\n|upkeep\n|turn|4\n|\n|t:|1781437051\n|switch|p2a: Donphan|Donphan, L84, F|288/288\n|-activate|p2a: Donphan|move: Sticky Web\n|-unboost|p2a: Donphan|spe|1\n|move|p1a: Klefki|Thunder Wave|p2a: Donphan\n|-immune|p2a: Donphan\n|\n|-heal|p1a: Klefki|192/233|[from] item: Leftovers\n|upkeep\n|turn|5\n|\n|t:|1781437060\n|switch|p1a: Zarude|Zarude, L77|288/288\n|move|p2a: Donphan|Earthquake|p1a: Zarude\n|-resisted|p1a: Zarude\n|-damage|p1a: Zarude|230/288\n|\n|-heal|p1a: Zarude|248/288|[from] item: Leftovers\n|upkeep\n|turn|6\n|\n|t:|1781437068\n|switch|p2a: Houndoom|Houndoom, L87, F|272/272\n|move|p1a: Zarude|Power Whip|p2a: Houndoom\n|-resisted|p2a: Houndoom\n|-damage|p2a: Houndoom|182/272\n|\n|-heal|p1a: Zarude|266/288|[from] item: Leftovers\n|upkeep\n|turn|7\n|\n|t:|1781437083\n|switch|p1a: Araquanid|Araquanid, L82, F|213/246\n|move|p2a: Houndoom|Fire Blast|p1a: Araquanid\n|-damage|p1a: Araquanid|162/246\n|\n|upkeep\n|turn|8\n|\n|t:|1781437093\n|switch|p2a: Swanna|Swanna, L89, F|255/278\n|move|p1a: Araquanid|Liquidation|p2a: Swanna\n|-resisted|p2a: Swanna\n|-damage|p2a: Swanna|177/278\n|\n|upkeep\n|turn|9\n|\n|t:|1781437099\n|switch|p1a: Klefki|Klefki, L84, M|192/233\n|move|p2a: Swanna|Hydro Pump|p1a: Klefki\n|-damage|p1a: Klefki|72/233\n|\n|-heal|p1a: Klefki|86/233|[from] item: Leftovers\n|upkeep\n|turn|10\n|\n|t:|1781437109\n|switch|p2a: Donphan|Donphan, L84, F|288/288\n|-activate|p2a: Donphan|move: Sticky Web\n|-unboost|p2a: Donphan|spe|1\n|move|p1a: Klefki|Dazzling Gleam|p2a: Donphan\n|-damage|p2a: Donphan|183/288\n|\n|-heal|p1a: Klefki|100/233|[from] item: Leftovers\n|-heal|p2a: Donphan|201/288|[from] item: Leftovers\n|upkeep\n|turn|11\n|\n|t:|1781437124\n|switch|p1a: Zarude|Zarude, L77|266/288\n|move|p2a: Donphan|Stealth Rock|p1a: Zarude\n|-sidestart|p1: dc inversion|move: Stealth Rock\n|\n|-heal|p1a: Zarude|284/288|[from] item: Leftovers\n|-heal|p2a: Donphan|219/288|[from] item: Leftovers\n|upkeep\n|turn|12\n|\n|t:|1781437130\n|switch|p2a: Forretress|Forretress, L84, F|263/263\n|-activate|p2a: Forretress|move: Sticky Web\n|-unboost|p2a: Forretress|spe|1\n|move|p1a: Zarude|Knock Off|p2a: Forretress\n|-damage|p2a: Forretress|196/263\n|-enditem|p2a: Forretress|Leftovers|[from] move: Knock Off|[of] p1a: Zarude\n|\n|-heal|p1a: Zarude|288/288|[from] item: Leftovers\n|upkeep\n|turn|13\n|\n|t:|1781437145\n|switch|p1a: Ninetales|Ninetales, L85, M|263/263\n|-weather|SunnyDay|[from] ability: Drought|[of] p1a: Ninetales\n|move|p2a: Forretress|Rapid Spin|p1a: Ninetales\n|-damage|p1a: Ninetales|227/263\n|-boost|p2a: Forretress|spe|1\n|-sideend|p2: ChadInteleonUser|Sticky Web|[from] move: Rapid Spin|[of] p2a: Forretress\n|\n|-weather|SunnyDay|[upkeep]\n|upkeep\n|turn|14\n|\n|t:|1781437149\n|switch|p2a: Houndoom|Houndoom, L87, F|182/272\n|move|p1a: Ninetales|Nasty Plot|p1a: Ninetales\n|-boost|p1a: Ninetales|spa|2\n|\n|-weather|SunnyDay|[upkeep]\n|upkeep\n|turn|15\n|\n|t:|1781437157\n|switch|p2a: Swanna|Swanna, L89, F|177/278\n|move|p1a: Ninetales|Scorching Sands|p2a: Swanna\n|-immune|p2a: Swanna\n|\n|-weather|SunnyDay|[upkeep]\n|upkeep\n|turn|16\n|\n|t:|1781437162\n|switch|p2a: Houndoom|Houndoom, L87, F|182/272\n|move|p1a: Ninetales|Solar Beam||[still]\n|-prepare|p1a: Ninetales|Solar Beam\n|-anim|p1a: Ninetales|Solar Beam|p2a: Houndoom\n|-resisted|p2a: Houndoom\n|-damage|p2a: Houndoom|109/272\n|\n|-weather|SunnyDay|[upkeep]\n|upkeep\n|turn|17\n|\n|t:|1781437170\n|switch|p2a: Swanna|Swanna, L89, F|177/278\n|move|p1a: Ninetales|Scorching Sands|p2a: Swanna\n|-immune|p2a: Swanna\n|\n|-weather|none\n|upkeep\n|turn|18\n|\n|t:|1781437174\n|switch|p1a: Araquanid|Araquanid, L82, F|162/246\n|move|p2a: Swanna|Hydro Pump|p1a: Araquanid\n|-resisted|p1a: Araquanid\n|-damage|p1a: Araquanid|118/246\n|\n|upkeep\n|turn|19\n|\n|t:|1781437179\n|switch|p1a: Klefki|Klefki, L84, M|100/233\n|-damage|p1a: Klefki|86/233|[from] Stealth Rock\n|move|p2a: Swanna|Brave Bird|p1a: Klefki\n|-resisted|p1a: Klefki\n|-damage|p1a: Klefki|20/233\n|-damage|p2a: Swanna|155/278|[from] Recoil\n|\n|-heal|p1a: Klefki|34/233|[from] item: Leftovers\n|upkeep\n|turn|20\n|\n|t:|1781437185\n|switch|p2a: Donphan|Donphan, L84, F|219/288\n|move|p1a: Klefki|Spikes|p2a: Donphan\n|-sidestart|p2: ChadInteleonUser|Spikes\n|\n|-heal|p1a: Klefki|48/233|[from] item: Leftovers\n|-heal|p2a: Donphan|237/288|[from] item: Leftovers\n|upkeep\n|turn|21\n|\n|t:|1781437195\n|switch|p1a: Hippowdon|Hippowdon, L82, F|311/311\n|-damage|p1a: Hippowdon|292/311|[from] Stealth Rock\n|-weather|Sandstorm|[from] ability: Sand Stream|[of] p1a: Hippowdon\n|move|p2a: Donphan|Earthquake|p1a: Hippowdon\n|-damage|p1a: Hippowdon|184/311\n|\n|-weather|Sandstorm|[upkeep]\n|-heal|p2a: Donphan|255/288|[from] item: Leftovers\n|upkeep\n|turn|22\n|\n|t:|1781437202\n|move|p2a: Donphan|Earthquake|p1a: Hippowdon\n|-damage|p1a: Hippowdon|87/311\n|move|p1a: Hippowdon|Earthquake|p2a: Donphan\n|-damage|p2a: Donphan|171/288\n|\n|-weather|Sandstorm|[upkeep]\n|-heal|p2a: Donphan|189/288|[from] item: Leftovers\n|upkeep\n|turn|23\n|\n|t:|1781437207\n|move|p2a: Donphan|Ice Spinner|p1a: Hippowdon\n|-supereffective|p1a: Hippowdon\n|-damage|p1a: Hippowdon|0 fnt\n|-damage|p2a: Donphan|141/288|[from] item: Rocky Helmet|[of] p1a: Hippowdon\n|faint|p1a: Hippowdon\n|\n|-weather|Sandstorm|[upkeep]\n|-heal|p2a: Donphan|159/288|[from] item: Leftovers\n|upkeep\n|\n|t:|1781437217\n|switch|p1a: Ninetales|Ninetales, L85, M|227/263\n|-weather|SunnyDay|[from] ability: Drought|[of] p1a: Ninetales\n|turn|24\n|\n|t:|1781437223\n|switch|p2a: Swanna|Swanna, L89, F|155/278\n|move|p1a: Ninetales|Solar Beam||[still]\n|-prepare|p1a: Ninetales|Solar Beam\n|-anim|p1a: Ninetales|Solar Beam|p2a: Swanna\n|-damage|p2a: Swanna|63/278\n|\n|-weather|SunnyDay|[upkeep]\n|upkeep\n|turn|25\n|\n|t:|1781437233\n|switch|p2a: Houndoom|Houndoom, L87, F|109/272\n|move|p1a: Ninetales|Solar Beam||[still]\n|-prepare|p1a: Ninetales|Solar Beam\n|-anim|p1a: Ninetales|Solar Beam|p2a: Houndoom\n|-resisted|p2a: Houndoom\n|-damage|p2a: Houndoom|70/272\n|\n|-weather|SunnyDay|[upkeep]\n|upkeep\n|turn|26\n|\n|t:|1781437239\n|move|p1a: Ninetales|Scorching Sands|p2a: Houndoom\n|-supereffective|p2a: Houndoom\n|-damage|p2a: Houndoom|0 fnt\n|faint|p2a: Houndoom\n|\n|-weather|SunnyDay|[upkeep]\n|upkeep\n|\n|t:|1781437245\n|switch|p2a: Swanna|Swanna, L89, F|63/278\n|turn|27\n|\n|t:|1781437252\n|move|p2a: Swanna|Brave Bird|p1a: Ninetales\n|-damage|p1a: Ninetales|94/263\n|-damage|p2a: Swanna|19/278|[from] Recoil\n|move|p1a: Ninetales|Solar Beam||[still]\n|-prepare|p1a: Ninetales|Solar Beam\n|-anim|p1a: Ninetales|Solar Beam|p2a: Swanna\n|-damage|p2a: Swanna|0 fnt\n|faint|p2a: Swanna\n|\n|-weather|SunnyDay|[upkeep]\n|upkeep\n|\n|t:|1781437257\n|switch|p2a: Regigigas|Regigigas, L84|322/322\n|-damage|p2a: Regigigas|282/322|[from] Spikes\n|-start|p2a: Regigigas|ability: Slow Start\n|turn|28\n|\n|t:|1781437263\n|switch|p1a: Klefki|Klefki, L84, M|48/233\n|-damage|p1a: Klefki|34/233|[from] Stealth Rock\n|move|p2a: Regigigas|Body Slam|p1a: Klefki\n|-resisted|p1a: Klefki\n|-damage|p1a: Klefki|0 fnt\n|faint|p1a: Klefki\n|\n|-weather|none\n|-heal|p2a: Regigigas|302/322|[from] item: Leftovers\n|upkeep\n|\n|t:|1781437281\n|switch|p1a: Zarude|Zarude, L77|288/288\n|-damage|p1a: Zarude|252/288|[from] Stealth Rock\n|turn|29\n|\n|t:|1781437286\n|switch|p2a: Forretress|Forretress, L84, F|196/263\n|-damage|p2a: Forretress|164/263|[from] Spikes\n|move|p1a: Zarude|Knock Off|p2a: Forretress\n|-damage|p2a: Forretress|118/263\n|\n|-heal|p1a: Zarude|270/288|[from] item: Leftovers\n|upkeep\n|turn|30\n|j| 07l\u4e2d\u56fd\u5927\u5988\n|\n|t:|1781437292\n|move|p1a: Zarude|Swords Dance|p1a: Zarude\n|-boost|p1a: Zarude|atk|2\n|move|p2a: Forretress|Body Press|p1a: Zarude\n|-supereffective|p1a: Zarude\n|-damage|p1a: Zarude|122/288\n|\n|-heal|p1a: Zarude|140/288|[from] item: Leftovers\n|upkeep\n|turn|31\n|\n|t:|1781437309\n|move|p1a: Zarude|Knock Off|p2a: Forretress\n|-damage|p2a: Forretress|28/263\n|move|p2a: Forretress|Body Press|p1a: Zarude\n|-supereffective|p1a: Zarude\n|-damage|p1a: Zarude|0 fnt\n|faint|p1a: Zarude\n|\n|upkeep\n|\n|t:|1781437319\n|switch|p1a: Araquanid|Araquanid, L82, F|118/246\n|turn|32\n|\n|t:|1781437327\n|move|p1a: Araquanid|Liquidation|p2a: Forretress\n|-damage|p2a: Forretress|0 fnt\n|faint|p2a: Forretress\n|\n|upkeep\n|\n|t:|1781437330\n|switch|p2a: Milotic|Milotic, L83, M|293/293\n|-damage|p2a: Milotic|257/293|[from] Spikes\n|turn|33\n|\n|t:|1781437336\n|move|p2a: Milotic|Scald|p1a: Araquanid\n|-resisted|p1a: Araquanid\n|-damage|p1a: Araquanid|87/246\n|move|p1a: Araquanid|Sticky Web|p2a: Milotic\n|-sidestart|p2: ChadInteleonUser|move: Sticky Web\n|\n|-heal|p2a: Milotic|275/293|[from] item: Leftovers\n|upkeep\n|turn|34\n|\n|t:|1781437339\n|move|p2a: Milotic|Scald|p1a: Araquanid\n|-resisted|p1a: Araquanid\n|-damage|p1a: Araquanid|53/246\n|move|p1a: Araquanid|Mirror Coat|p2a: Milotic\n|-damage|p2a: Milotic|207/293\n|\n|-heal|p2a: Milotic|225/293|[from] item: Leftovers\n|upkeep\n|turn|35\n|\n|t:|1781437342\n|move|p2a: Milotic|Scald|p1a: Araquanid\n|-resisted|p1a: Araquanid\n|-damage|p1a: Araquanid|21/246\n|move|p1a: Araquanid|Leech Life|p2a: Milotic\n|-damage|p2a: Milotic|156/293\n|-heal|p1a: Araquanid|56/246|[from] drain|[of] p2a: Milotic\n|\n|-heal|p2a: Milotic|174/293|[from] item: Leftovers\n|upkeep\n|turn|36\n|\n|t:|1781437346\n|move|p2a: Milotic|Scald|p1a: Araquanid\n|-resisted|p1a: Araquanid\n|-damage|p1a: Araquanid|22/246\n|move|p1a: Araquanid|Leech Life|p2a: Milotic\n|-damage|p2a: Milotic|107/293\n|-heal|p1a: Araquanid|56/246|[from] drain|[of] p2a: Milotic\n|\n|-heal|p2a: Milotic|125/293|[from] item: Leftovers\n|upkeep\n|turn|37\n|\n|t:|1781437348\n|move|p2a: Milotic|Recover|p2a: Milotic\n|-heal|p2a: Milotic|272/293\n|move|p1a: Araquanid|Leech Life|p2a: Milotic\n|-damage|p2a: Milotic|205/293\n|-heal|p1a: Araquanid|90/246|[from] drain|[of] p2a: Milotic\n|\n|-heal|p2a: Milotic|223/293|[from] item: Leftovers\n|upkeep\n|turn|38\n|\n|t:|1781437352\n|switch|p2a: Regigigas|Regigigas, L84|302/322\n|-damage|p2a: Regigigas|262/322|[from] Spikes\n|-activate|p2a: Regigigas|move: Sticky Web\n|-unboost|p2a: Regigigas|spe|1\n|-start|p2a: Regigigas|ability: Slow Start\n|move|p1a: Araquanid|Leech Life|p2a: Regigigas\n|-damage|p2a: Regigigas|211/322\n|-heal|p1a: Araquanid|116/246|[from] drain|[of] p2a: Regigigas\n|\n|-heal|p2a: Regigigas|231/322|[from] item: Leftovers\n|upkeep\n|turn|39\n|\n|t:|1781437365\n|-terastallize|p1a: Araquanid|Water\n|move|p1a: Araquanid|Liquidation|p2a: Regigigas\n|-damage|p2a: Regigigas|93/322\n|move|p2a: Regigigas|Body Slam|p1a: Araquanid\n|-damage|p1a: Araquanid|50/246\n|-status|p1a: Araquanid|par\n|\n|-heal|p2a: Regigigas|113/322|[from] item: Leftovers\n|upkeep\n|turn|40\n|\n|t:|1781437374\n|move|p2a: Regigigas|Substitute|p2a: Regigigas\n|-start|p2a: Regigigas|Substitute\n|-damage|p2a: Regigigas|33/322\n|move|p1a: Araquanid|Liquidation|p2a: Regigigas\n|-end|p2a: Regigigas|Substitute\n|\n|-heal|p2a: Regigigas|53/322|[from] item: Leftovers\n|upkeep\n|turn|41\n|\n|t:|1781437377\n|move|p2a: Regigigas|Protect|p2a: Regigigas\n|-singleturn|p2a: Regigigas|Protect\n|move|p1a: Araquanid|Liquidation|p2a: Regigigas\n|-activate|p2a: Regigigas|move: Protect\n|\n|-heal|p2a: Regigigas|73/322|[from] item: Leftovers\n|upkeep\n|turn|42\n|\n|t:|1781437380\n|move|p2a: Regigigas|Body Slam|p1a: Araquanid\n|-damage|p1a: Araquanid|0 fnt\n|faint|p1a: Araquanid\n|\n|-heal|p2a: Regigigas|93/322|[from] item: Leftovers\n|upkeep\n|\n|t:|1781437389\n|switch|p1a: Ninetales|Ninetales, L85, M|94/263\n|-weather|SunnyDay|[from] ability: Drought|[of] p1a: Ninetales\n|turn|43\n|\n|t:|1781437395\n|move|p1a: Ninetales|Fire Blast|p2a: Regigigas\n|-damage|p2a: Regigigas|0 fnt\n|faint|p2a: Regigigas\n|-end|p2a: Regigigas|Slow Start|[silent]\n|\n|-weather|SunnyDay|[upkeep]\n|upkeep\n|\n|t:|1781437398\n|switch|p2a: Milotic|Milotic, L83, M|223/293\n|-damage|p2a: Milotic|187/293|[from] Spikes\n|-activate|p2a: Milotic|move: Sticky Web\n|-unboost|p2a: Milotic|spe|1\n|-ability|p2a: Milotic|Competitive|boost\n|-boost|p2a: Milotic|spa|2\n|turn|44\n|\n|t:|1781437404\n|move|p1a: Ninetales|Solar Beam||[still]\n|-prepare|p1a: Ninetales|Solar Beam\n|-anim|p1a: Ninetales|Solar Beam|p2a: Milotic\n|-supereffective|p2a: Milotic\n|-damage|p2a: Milotic|75/293\n|move|p2a: Milotic|Scald|p1a: Ninetales\n|-supereffective|p1a: Ninetales\n|-damage|p1a: Ninetales|0 fnt\n|faint|p1a: Ninetales\n|\n|-weather|SunnyDay|[upkeep]\n|-heal|p2a: Milotic|93/293|[from] item: Leftovers\n|upkeep\n|\n|t:|1781437408\n|switch|p1a: Cloyster|Cloyster, L80, F|211/211\n|-damage|p1a: Cloyster|159/211|[from] Stealth Rock\n|turn|45\n|\n|t:|1781437412\n|move|p1a: Cloyster|Rock Blast|p2a: Milotic\n|-damage|p2a: Milotic|76/293\n|-damage|p2a: Milotic|58/293\n|-damage|p2a: Milotic|41/293\n|-damage|p2a: Milotic|24/293\n|-damage|p2a: Milotic|7/293\n|-hitcount|p2a: Milotic|5\n|move|p2a: Milotic|Recover|p2a: Milotic\n|-heal|p2a: Milotic|154/293\n|\n|-weather|SunnyDay|[upkeep]\n|-heal|p2a: Milotic|172/293|[from] item: Leftovers\n|upkeep\n|turn|46\n|\n|t:|1781437419\n|move|p1a: Cloyster|Shell Smash|p1a: Cloyster\n|-unboost|p1a: Cloyster|def|1\n|-unboost|p1a: Cloyster|spd|1\n|-boost|p1a: Cloyster|atk|2\n|-boost|p1a: Cloyster|spa|2\n|-boost|p1a: Cloyster|spe|2\n|-enditem|p1a: Cloyster|White Herb\n|-clearnegativeboost|p1a: Cloyster|[silent]\n|move|p2a: Milotic|Recover|p2a: Milotic\n|-heal|p2a: Milotic|293/293\n|\n|-weather|SunnyDay|[upkeep]\n|upkeep\n|turn|47\n|\n|t:|1781437423\n|move|p1a: Cloyster|Rock Blast|p2a: Milotic\n|-damage|p2a: Milotic|260/293\n|-damage|p2a: Milotic|226/293\n|-damage|p2a: Milotic|191/293\n|-crit|p2a: Milotic\n|-damage|p2a: Milotic|140/293\n|-damage|p2a: Milotic|104/293\n|-hitcount|p2a: Milotic|5\n|move|p2a: Milotic|Haze|p2a: Milotic\n|-clearallboost\n|\n|-weather|none\n|-heal|p2a: Milotic|122/293|[from] item: Leftovers\n|upkeep\n|turn|48\n|\n|t:|1781437431\n|move|p2a: Milotic|Recover|p2a: Milotic\n|-heal|p2a: Milotic|269/293\n|move|p1a: Cloyster|Shell Smash|p1a: Cloyster\n|-unboost|p1a: Cloyster|def|1\n|-unboost|p1a: Cloyster|spd|1\n|-boost|p1a: Cloyster|atk|2\n|-boost|p1a: Cloyster|spa|2\n|-boost|p1a: Cloyster|spe|2\n|\n|-heal|p2a: Milotic|287/293|[from] item: Leftovers\n|upkeep\n|turn|49\n|\n|t:|1781437438\n|move|p1a: Cloyster|Rock Blast|p2a: Milotic\n|-damage|p2a: Milotic|252/293\n|-damage|p2a: Milotic|215/293\n|-crit|p2a: Milotic\n|-damage|p2a: Milotic|157/293\n|-damage|p2a: Milotic|123/293\n|-damage|p2a: Milotic|90/293\n|-hitcount|p2a: Milotic|5\n|move|p2a: Milotic|Haze|p2a: Milotic\n|-clearallboost\n|\n|-heal|p2a: Milotic|108/293|[from] item: Leftovers\n|upkeep\n|turn|50\n|\n|t:|1781437445\n|move|p2a: Milotic|Recover|p2a: Milotic\n|-heal|p2a: Milotic|255/293\n|move|p1a: Cloyster|Shell Smash|p1a: Cloyster\n|-unboost|p1a: Cloyster|def|1\n|-unboost|p1a: Cloyster|spd|1\n|-boost|p1a: Cloyster|atk|2\n|-boost|p1a: Cloyster|spa|2\n|-boost|p1a: Cloyster|spe|2\n|\n|-heal|p2a: Milotic|273/293|[from] item: Leftovers\n|upkeep\n|turn|51\n|\n|t:|1781437457\n|move|p1a: Cloyster|Rock Blast|p2a: Milotic\n|-damage|p2a: Milotic|239/293\n|-damage|p2a: Milotic|202/293\n|-damage|p2a: Milotic|165/293\n|-damage|p2a: Milotic|132/293\n|-damage|p2a: Milotic|96/293\n|-hitcount|p2a: Milotic|5\n|move|p2a: Milotic|Haze|p2a: Milotic\n|-clearallboost\n|\n|-heal|p2a: Milotic|114/293|[from] item: Leftovers\n|upkeep\n|turn|52\n|\n|t:|1781437464\n|move|p2a: Milotic|Recover|p2a: Milotic\n|-heal|p2a: Milotic|261/293\n|move|p1a: Cloyster|Shell Smash|p1a: Cloyster\n|-unboost|p1a: Cloyster|def|1\n|-unboost|p1a: Cloyster|spd|1\n|-boost|p1a: Cloyster|atk|2\n|-boost|p1a: Cloyster|spa|2\n|-boost|p1a: Cloyster|spe|2\n|\n|-heal|p2a: Milotic|279/293|[from] item: Leftovers\n|upkeep\n|turn|53\n|\n|t:|1781437468\n|move|p1a: Cloyster|Rock Blast|p2a: Milotic\n|-damage|p2a: Milotic|243/293\n|-damage|p2a: Milotic|209/293\n|-damage|p2a: Milotic|172/293\n|-damage|p2a: Milotic|133/293\n|-damage|p2a: Milotic|100/293\n|-hitcount|p2a: Milotic|5\n|move|p2a: Milotic|Scald|p1a: Cloyster\n|-resisted|p1a: Cloyster\n|-damage|p1a: Cloyster|48/211\n|-status|p1a: Cloyster|brn\n|\n|-heal|p2a: Milotic|118/293|[from] item: Leftovers\n|-damage|p1a: Cloyster|35/211 brn|[from] brn\n|upkeep\n|turn|54\n|c|\u2606ChadInteleonUser|gg\n|\n|t:|1781437478\n|move|p1a: Cloyster|Hydro Pump|p2a: Milotic|[miss]\n|-miss|p1a: Cloyster|p2a: Milotic\n|move|p2a: Milotic|Recover|p2a: Milotic\n|-heal|p2a: Milotic|265/293\n|\n|-heal|p2a: Milotic|283/293|[from] item: Leftovers\n|-damage|p1a: Cloyster|22/211 brn|[from] brn\n|upkeep\n|turn|55\n|-message|dc inversion forfeited.\n|\n|win|ChadInteleonUser\n", "inputlog": ">version a8376a258c1d4662feba110a92103f3664a72141\n>start {\"formatid\":\"gen9randombattle\",\"seed\":\"sodium,c4e9d140ef680ccfee45353d804e886d\",\"rated\":\"Rated battle\"}\n>player p1 {\"name\":\"dc inversion\",\"avatar\":\"265\",\"rating\":2171,\"seed\":\"sodium,5d06b978baa2115aeb86fb06ec2b44db\"}\n>player p2 {\"name\":\"ChadInteleonUser\",\"avatar\":\"wallace\",\"rating\":2172,\"seed\":\"sodium,3318174668763752d6b7ed8b4e7cff41\"}\n>p1 switch 6\n>p2 move scald\n>p1 move stickyweb\n>p2 switch 2\n>p1 switch 3\n>p2 move bravebird\n>p1 move thunderwave\n>p2 switch 3\n>p1 switch 2\n>p2 move earthquake\n>p1 move powerwhip\n>p2 switch 5\n>p1 switch 3\n>p2 move fireblast\n>p1 move liquidation\n>p2 switch 3\n>p1 switch 2\n>p2 move hydropump\n>p1 move dazzlinggleam\n>p2 switch 5\n>p1 switch 3\n>p2 move stealthrock\n>p1 move knockoff\n>p2 switch 4\n>p1 switch 5\n>p2 move rapidspin\n>p1 move nastyplot\n>p2 switch 3\n>p1 move scorchingsands\n>p2 switch 5\n>p1 move solarbeam\n>p2 switch 5\n>p1 move scorchingsands\n>p2 switch 5\n>p1 switch 2\n>p2 move hydropump\n>p1 switch 3\n>p2 move bravebird\n>p1 move spikes\n>p2 switch 4\n>p1 switch 4\n>p2 move earthquake\n>p1 move earthquake\n>p2 move earthquake\n>p1 move slackoff\n>p2 move icespinner\n>p1 switch 2\n>p1 move solarbeam\n>p2 switch 4\n>p1 move solarbeam\n>p2 switch 5\n>p1 move scorchingsands\n>p2 move darkpulse\n>p2 switch 5\n>p1 move solarbeam\n>p2 move bravebird\n>p2 switch 6\n>p1 switch 4\n>p2 move bodyslam\n>p1 switch 5\n>p1 move knockoff\n>p2 switch 3\n>p1 move swordsdance\n>p2 move bodypress\n>p1 move knockoff\n>p2 move bodypress\n>p1 switch 3\n>p1 move liquidation\n>p2 move spikes\n>p2 switch 2\n>p1 move stickyweb\n>p2 move scald\n>p1 move mirrorcoat\n>p2 move scald\n>p1 move leechlife\n>p2 move scald\n>p1 move leechlife\n>p2 move scald\n>p1 move leechlife\n>p2 move recover\n>p1 move leechlife\n>p2 switch 3\n>p1 move liquidation terastallize\n>p2 move bodyslam\n>p1 move liquidation\n>p2 move substitute\n>p1 move liquidation\n>p2 move protect\n>p1 move liquidation\n>p2 move bodyslam\n>p1 switch 4\n>p1 move fireblast\n>p2 move bodyslam\n>p2 switch 3\n>p1 move solarbeam\n>p2 move scald\n>p1 switch 6\n>p1 move rockblast\n>p2 move recover\n>p1 move shellsmash\n>p2 move recover\n>p1 move rockblast\n>p2 move haze\n>p1 move shellsmash\n>p2 move recover\n>p1 move rockblast\n>p2 move haze\n>p1 move shellsmash\n>p2 move recover\n>p1 move rockblast\n>p2 move haze\n>p1 move shellsmash\n>p2 move recover\n>p1 move rockblast\n>p2 move scald\n>chat \u2606ChadInteleonUser|gg\n>p1 move hydropump\n>p2 move recover\n>forcelose p1", "uploadtime": 1781437012, "views": 8, "formatid": "gen9randombattle", "rating": null, "private": 0, "password": null, "player_dets": [{"name": "dc inversion", "avatar": "265", "rating": 2171, "seed": "sodium,5d06b978baa2115aeb86fb06ec2b44db"}, {"name": "ChadInteleonUser", "avatar": "wallace", "rating": 2172, "seed": "sodium,3318174668763752d6b7ed8b4e7cff41"}], "teams_full": [{"Cloyster": {"name": "Cloyster", "species": "Cloyster", "speciesId": "cloyster", "gender": "F", "shiny": false, "level": 80, "moves": ["rockblast", "iciclespear", "shellsmash", "hydropump"], "ability": "Skill Link", "evs": {"hp": 85, "atk": 85, "def": 85, "spa": 85, "spd": 85, "spe": 85}, "ivs": {"hp": 31, "atk": 31, "def": 31, "spa": 31, "spd": 31, "spe": 31}, "item": "White Herb", "teraType": "Ice", "role": "Setup Sweeper", "bvs": {"hp": 50, "atk": 95, "def": 180, "spa": 85, "spd": 45, "spe": 70}, "stats": {"hp": 211, "atk": 198, "def": 334, "spa": 182, "spd": 118, "spe": 158}}, "Zarude": {"name": "Zarude", "species": "Zarude", "speciesId": "zarude", "gender": "N", "shiny": false, "level": 77, "moves": ["powerwhip", "knockoff", "synthesis", "swordsdance"], "ability": "Leaf Guard", "evs": {"hp": 85, "atk": 85, "def": 85, "spa": 85, "spd": 85, "spe": 85}, "ivs": {"hp": 31, "atk": 31, "def": 31, "spa": 31, "spd": 31, "spe": 31}, "item": "Leftovers", "teraType": "Dark", "role": "Fast Bulky Setup", "bvs": {"hp": 105, "atk": 120, "def": 105, "spa": 70, "spd": 95, "spe": 105}, "stats": {"hp": 288, "atk": 229, "def": 206, "spa": 152, "spd": 191, "spe": 206}}, "Klefki": {"name": "Klefki", "species": "Klefki", "speciesId": "klefki", "gender": "M", "shiny": false, "level": 84, "moves": ["foulplay", "dazzlinggleam", "thunderwave", "spikes"], "ability": "Prankster", "evs": {"hp": 85, "atk": 0, "def": 85, "spa": 85, "spd": 85, "spe": 85}, "ivs": {"hp": 31, "atk": 0, "def": 31, "spa": 31, "spd": 31, "spe": 31}, "item": "Leftovers", "teraType": "Water", "role": "Bulky Attacker", "bvs": {"hp": 57, "atk": 80, "def": 91, "spa": 80, "spd": 87, "spe": 75}, "stats": {"hp": 233, "atk": 139, "def": 201, "spa": 183, "spd": 194, "spe": 174}}, "Hippowdon": {"name": "Hippowdon", "species": "Hippowdon", "speciesId": "hippowdon", "gender": "F", "shiny": false, "level": 82, "moves": ["earthquake", "stealthrock", "whirlwind", "slackoff"], "ability": "Sand Stream", "evs": {"hp": 85, "atk": 85, "def": 85, "spa": 85, "spd": 85, "spe": 85}, "ivs": {"hp": 31, "atk": 31, "def": 31, "spa": 31, "spd": 31, "spe": 31}, "item": "Rocky Helmet", "teraType": "Rock", "role": "Bulky Support", "bvs": {"hp": 108, "atk": 112, "def": 118, "spa": 68, "spd": 72, "spe": 47}, "stats": {"hp": 311, "atk": 231, "def": 241, "spa": 159, "spd": 165, "spe": 124}}, "Ninetales": {"name": "Ninetales", "species": "Ninetales", "speciesId": "ninetales", "gender": "M", "shiny": false, "level": 85, "moves": ["solarbeam", "scorchingsands", "fireblast", "nastyplot"], "ability": "Drought", "evs": {"hp": 85, "atk": 0, "def": 85, "spa": 85, "spd": 85, "spe": 85}, "ivs": {"hp": 31, "atk": 0, "def": 31, "spa": 31, "spd": 31, "spe": 31}, "item": "Heavy-Duty Boots", "teraType": "Fire", "role": "Setup Sweeper", "bvs": {"hp": 73, "atk": 76, "def": 75, "spa": 81, "spd": 100, "spe": 100}, "stats": {"hp": 263, "atk": 134, "def": 176, "spa": 186, "spd": 219, "spe": 219}}, "Araquanid": {"name": "Araquanid", "species": "Araquanid", "speciesId": "araquanid", "gender": "F", "shiny": false, "level": 82, "moves": ["stickyweb", "mirrorcoat", "leechlife", "liquidation"], "ability": "Water Bubble", "evs": {"hp": 85, "atk": 85, "def": 85, "spa": 85, "spd": 85, "spe": 85}, "ivs": {"hp": 31, "atk": 31, "def": 31, "spa": 31, "spd": 31, "spe": 31}, "item": "Heavy-Duty Boots", "teraType": "Water", "role": "Bulky Attacker", "bvs": {"hp": 68, "atk": 70, "def": 92, "spa": 50, "spd": 132, "spe": 42}, "stats": {"hp": 246, "atk": 162, "def": 198, "spa": 129, "spd": 264, "spe": 116}}}, {"Milotic": {"name": "Milotic", "species": "Milotic", "speciesId": "milotic", "gender": "M", "shiny": false, "level": 83, "moves": ["icebeam", "recover", "haze", "scald"], "ability": "Competitive", "evs": {"hp": 85, "atk": 0, "def": 85, "spa": 85, "spd": 85, "spe": 85}, "ivs": {"hp": 31, "atk": 0, "def": 31, "spa": 31, "spd": 31, "spe": 31}, "item": "Leftovers", "teraType": "Dragon", "role": "Bulky Attacker", "bvs": {"hp": 95, "atk": 60, "def": 79, "spa": 100, "spd": 125, "spe": 81}, "stats": {"hp": 293, "atk": 104, "def": 179, "spa": 214, "spd": 255, "spe": 182}}, "Swanna": {"name": "Swanna", "species": "Swanna", "speciesId": "swanna", "gender": "F", "shiny": false, "level": 89, "moves": ["hydropump", "bravebird", "roost", "defog"], "ability": "Hydration", "evs": {"hp": 85, "atk": 85, "def": 85, "spa": 85, "spd": 85, "spe": 85}, "ivs": {"hp": 31, "atk": 31, "def": 31, "spa": 31, "spd": 31, "spe": 31}, "item": "Heavy-Duty Boots", "teraType": "Ground", "role": "Bulky Support", "bvs": {"hp": 75, "atk": 87, "def": 63, "spa": 87, "spd": 63, "spe": 98}, "stats": {"hp": 278, "atk": 206, "def": 163, "spa": 206, "spd": 163, "spe": 225}}, "Donphan": {"name": "Donphan", "species": "Donphan", "speciesId": "donphan", "gender": "F", "shiny": false, "level": 84, "moves": ["stealthrock", "earthquake", "iceshard", "icespinner"], "ability": "Sturdy", "evs": {"hp": 85, "atk": 85, "def": 85, "spa": 85, "spd": 85, "spe": 85}, "ivs": {"hp": 31, "atk": 31, "def": 31, "spa": 31, "spd": 31, "spe": 31}, "item": "Leftovers", "teraType": "Steel", "role": "Bulky Support", "bvs": {"hp": 90, "atk": 120, "def": 120, "spa": 60, "spd": 60, "spe": 50}, "stats": {"hp": 288, "atk": 250, "def": 250, "spa": 149, "spd": 149, "spe": 132}}, "Forretress": {"name": "Forretress", "species": "Forretress", "speciesId": "forretress", "gender": "F", "shiny": false, "level": 84, "moves": ["ironhead", "spikes", "bodypress", "rapidspin"], "ability": "Sturdy", "evs": {"hp": 85, "atk": 85, "def": 85, "spa": 85, "spd": 85, "spe": 85}, "ivs": {"hp": 31, "atk": 31, "def": 31, "spa": 31, "spd": 31, "spe": 31}, "item": "Leftovers", "teraType": "Fighting", "role": "Bulky Attacker", "bvs": {"hp": 75, "atk": 90, "def": 140, "spa": 60, "spd": 60, "spe": 40}, "stats": {"hp": 263, "atk": 199, "def": 283, "spa": 149, "spd": 149, "spe": 115}}, "Houndoom": {"name": "Houndoom", "species": "Houndoom", "speciesId": "houndoom", "gender": "F", "shiny": false, "level": 87, "moves": ["darkpulse", "nastyplot", "fireblast", "sludgebomb"], "ability": "Flash Fire", "evs": {"hp": 85, "atk": 0, "def": 85, "spa": 85, "spd": 85, "spe": 85}, "ivs": {"hp": 31, "atk": 0, "def": 31, "spa": 31, "spd": 31, "spe": 31}, "item": "Heavy-Duty Boots", "teraType": "Fire", "role": "Fast Attacker", "bvs": {"hp": 75, "atk": 90, "def": 50, "spa": 110, "spd": 80, "spe": 95}, "stats": {"hp": 272, "atk": 161, "def": 137, "spa": 241, "spd": 189, "spe": 215}}, "Regigigas": {"name": "Regigigas", "species": "Regigigas", "speciesId": "regigigas", "gender": "N", "shiny": false, "level": 84, "moves": ["substitute", "knockoff", "bodyslam", "protect"], "ability": "Slow Start", "evs": {"hp": 85, "atk": 85, "def": 85, "spa": 85, "spd": 85, "spe": 85}, "ivs": {"hp": 31, "atk": 31, "def": 31, "spa": 31, "spd": 31, "spe": 31}, "item": "Leftovers", "teraType": "Poison", "role": "Bulky Attacker", "bvs": {"hp": 110, "atk": 160, "def": 110, "spa": 80, "spd": 110, "spe": 100}, "stats": {"hp": 322, "atk": 317, "def": 233, "spa": 183, "spd": 233, "spe": 216}}}]}