{"id": "gen9randombattle-2631547361", "format": "[Gen 9] Random Battle", "players": ["David07xd", "adri4n10"], "log": "|j|\u2606David07xd\n|j|\u2606adri4n10\n|t:|1781399603\n|gametype|singles\n|player|p1|David07xd|266|\n|player|p2|adri4n10|volkner|\n|gen|9\n|tier|[Gen 9] Random Battle\n|rule|Species Clause: Limit one of each Pok\u00e9mon\n|rule|HP Percentage Mod: HP is shown in percentages\n|rule|Sleep Clause Mod: Limit one foe put to sleep\n|rule|Illusion Level Mod: Illusion disguises the Pok\u00e9mon's true level\n|\n|t:|1781399603\n|teamsize|p1|6\n|teamsize|p2|6\n|start\n|switch|p1a: Electrode|Electrode-Hisui, L87|246/246\n|switch|p2a: Regieleki|Regieleki, L79|256/256\n|turn|1\n|l|\u2606David07xd\n|player|p1|\n|j|\u2606David07xd\n|player|p1|David07xd|266|\n|l|\u2606David07xd\n|player|p1|\n|c|\u2606adri4n10|e\n|j|\u2606David07xd\n|player|p1|David07xd|266|\n|\n|t:|1781399654\n|move|p2a: Regieleki|Volt Switch|p1a: Electrode\n|-resisted|p1a: Electrode\n|-damage|p1a: Electrode|219/246\n|j| yuiluna\n|\n|t:|1781399668\n|switch|p2a: Mesprit|Mesprit, L85|275/275|[from] Volt Switch\n|move|p1a: Electrode|Leaf Storm|p2a: Mesprit\n|-damage|p2a: Mesprit|131/275\n|-unboost|p1a: Electrode|spa|2\n|-damage|p1a: Electrode|195/246|[from] item: Life Orb\n|\n|-heal|p2a: Mesprit|148/275|[from] item: Leftovers\n|upkeep\n|turn|2\n|\n|t:|1781399706\n|move|p1a: Electrode|Taunt|p2a: Mesprit\n|-start|p2a: Mesprit|move: Taunt\n|move|p2a: Mesprit|U-turn|p1a: Electrode\n|-supereffective|p1a: Electrode\n|-damage|p1a: Electrode|71/246\n|\n|t:|1781399717\n|switch|p2a: Regieleki|Regieleki, L79|256/256|[from] U-turn\n|\n|upkeep\n|turn|3\n|\n|t:|1781399726\n|move|p2a: Regieleki|Volt Switch|p1a: Electrode\n|-resisted|p1a: Electrode\n|-damage|p1a: Electrode|46/246\n|\n|t:|1781399734\n|switch|p2a: Mesprit|Mesprit, L85|148/275|[from] Volt Switch\n|move|p1a: Electrode|Leaf Storm|p2a: Mesprit\n|-damage|p2a: Mesprit|74/275\n|-unboost|p1a: Electrode|spa|2\n|-damage|p1a: Electrode|22/246|[from] item: Life Orb\n|\n|-heal|p2a: Mesprit|91/275|[from] item: Leftovers\n|upkeep\n|turn|4\n|\n|t:|1781399751\n|move|p1a: Electrode|Thunderbolt|p2a: Mesprit\n|-damage|p2a: Mesprit|59/275\n|-damage|p1a: Electrode|0 fnt|[from] item: Life Orb\n|faint|p1a: Electrode\n|move|p2a: Mesprit|U-turn|p1: Electrode|[notarget]\n|-fail|p2a: Mesprit\n|\n|-heal|p2a: Mesprit|76/275|[from] item: Leftovers\n|upkeep\n|\n|t:|1781399766\n|switch|p1a: Tauros|Tauros-Paldea-Blaze, L81, M|254/254\n|-ability|p1a: Tauros|Intimidate|boost\n|-unboost|p2a: Mesprit|atk|1\n|turn|5\n|\n|t:|1781399772\n|move|p1a: Tauros|Flare Blitz|p2a: Mesprit\n|-damage|p2a: Mesprit|0 fnt\n|faint|p2a: Mesprit\n|-damage|p1a: Tauros|229/254|[from] Recoil\n|\n|upkeep\n|\n|t:|1781399784\n|switch|p2a: Torkoal|Torkoal, L88, F|266/266\n|-weather|SunnyDay|[from] ability: Drought|[of] p2a: Torkoal\n|turn|6\n|\n|t:|1781399793\n|switch|p1a: Empoleon|Empoleon, L84, M|278/278\n|move|p2a: Torkoal|Yawn|p1a: Empoleon\n|-start|p1a: Empoleon|move: Yawn|[of] p2a: Torkoal\n|\n|-weather|SunnyDay|[upkeep]\n|upkeep\n|turn|7\n|\n|t:|1781399805\n|switch|p1a: Vivillon|Vivillon-Continental, L83, F|268/268\n|move|p2a: Torkoal|Stealth Rock|p1a: Vivillon\n|-sidestart|p1: David07xd|move: Stealth Rock\n|\n|-weather|SunnyDay|[upkeep]\n|upkeep\n|turn|8\n|\n|t:|1781399814\n|move|p1a: Vivillon|Sleep Powder|p2a: Torkoal\n|-status|p2a: Torkoal|slp|[from] move: Sleep Powder\n|cant|p2a: Torkoal|slp\n|\n|-weather|SunnyDay|[upkeep]\n|upkeep\n|turn|9\n|\n|t:|1781399821\n|move|p1a: Vivillon|Quiver Dance|p1a: Vivillon\n|-boost|p1a: Vivillon|spa|1\n|-boost|p1a: Vivillon|spd|1\n|-boost|p1a: Vivillon|spe|1\n|-curestatus|p2a: Torkoal|slp|[msg]\n|move|p2a: Torkoal|Lava Plume|p1a: Vivillon\n|-supereffective|p1a: Vivillon\n|-damage|p1a: Vivillon|10/268\n|\n|-weather|SunnyDay|[upkeep]\n|upkeep\n|turn|10\n|\n|t:|1781399832\n|move|p1a: Vivillon|Hurricane|p2a: Torkoal|[miss]\n|-miss|p1a: Vivillon|p2a: Torkoal\n|move|p2a: Torkoal|Lava Plume|p1a: Vivillon\n|-supereffective|p1a: Vivillon\n|-damage|p1a: Vivillon|0 fnt\n|faint|p1a: Vivillon\n|\n|-weather|none\n|upkeep\n|\n|t:|1781399842\n|switch|p1a: Empoleon|Empoleon, L84, M|278/278\n|-damage|p1a: Empoleon|261/278|[from] Stealth Rock\n|turn|11\n|\n|t:|1781399855\n|-terastallize|p2a: Torkoal|Grass\n|move|p1a: Empoleon|Surf|p2a: Torkoal\n|-resisted|p2a: Torkoal\n|-damage|p2a: Torkoal|203/266\n|move|p2a: Torkoal|Yawn|p1a: Empoleon\n|-start|p1a: Empoleon|move: Yawn|[of] p2a: Torkoal\n|\n|-heal|p1a: Empoleon|278/278|[from] item: Leftovers\n|upkeep\n|turn|12\n|\n|t:|1781399872\n|switch|p1a: Tauros|Tauros-Paldea-Blaze, L81, M|229/254\n|-damage|p1a: Tauros|198/254|[from] Stealth Rock\n|-ability|p1a: Tauros|Intimidate|boost\n|-unboost|p2a: Torkoal|atk|1\n|switch|p2a: Pincurchin|Pincurchin, M|258/258\n|-fieldstart|move: Electric Terrain|[from] ability: Electric Surge|[of] p2a: Pincurchin\n|\n|upkeep\n|turn|13\n|\n|t:|1781399883\n|move|p1a: Tauros|Stone Edge|p2a: Pincurchin\n|-damage|p2a: Pincurchin|174/258\n|move|p2a: Pincurchin|Curse|p2a: Pincurchin\n|-unboost|p2a: Pincurchin|spe|1\n|-boost|p2a: Pincurchin|atk|1\n|-boost|p2a: Pincurchin|def|1\n|\n|-heal|p2a: Pincurchin|190/258|[from] item: Leftovers\n|upkeep\n|turn|14\n|\n|t:|1781399897\n|move|p1a: Tauros|Stone Edge|p2a: Pincurchin\n|-damage|p2a: Pincurchin|134/258\n|move|p2a: Pincurchin|Recover|p2a: Pincurchin\n|-heal|p2a: Pincurchin|258/258\n|\n|upkeep\n|turn|15\n|\n|t:|1781399905\n|switch|p1a: Revavroom|Revavroom, L79, F|256/256\n|-damage|p1a: Revavroom|240/256|[from] Stealth Rock\n|move|p2a: Pincurchin|Liquidation|p1a: Revavroom\n|-damage|p1a: Revavroom|100/256\n|\n|upkeep\n|turn|16\n|\n|t:|1781399913\n|-terastallize|p1a: Revavroom|Ground\n|move|p1a: Revavroom|High Horsepower|p2a: Pincurchin|[miss]\n|-miss|p1a: Revavroom|p2a: Pincurchin\n|move|p2a: Pincurchin|Zing Zap|p1a: Revavroom\n|-immune|p1a: Revavroom\n|\n|-fieldend|move: Electric Terrain\n|upkeep\n|turn|17\n|\n|t:|1781399923\n|move|p1a: Revavroom|High Horsepower|p2a: Pincurchin\n|-supereffective|p2a: Pincurchin\n|-damage|p2a: Pincurchin|110/258\n|-damage|p1a: Revavroom|75/256|[from] item: Life Orb\n|move|p2a: Pincurchin|Liquidation|p1a: Revavroom\n|-supereffective|p1a: Revavroom\n|-damage|p1a: Revavroom|0 fnt\n|faint|p1a: Revavroom\n|\n|-heal|p2a: Pincurchin|126/258|[from] item: Leftovers\n|upkeep\n|\n|t:|1781399934\n|switch|p1a: Enamorus|Enamorus, L79, F|247/247\n|-damage|p1a: Enamorus|186/247|[from] Stealth Rock\n|turn|18\n|\n|t:|1781399941\n|move|p1a: Enamorus|Zen Headbutt|p2a: Pincurchin\n|-damage|p2a: Pincurchin|96/258\n|move|p2a: Pincurchin|Zing Zap|p1a: Enamorus\n|-supereffective|p1a: Enamorus\n|-damage|p1a: Enamorus|0 fnt\n|faint|p1a: Enamorus\n|\n|-heal|p2a: Pincurchin|112/258|[from] item: Leftovers\n|upkeep\n|\n|t:|1781399951\n|switch|p1a: Empoleon|Empoleon, L84, M|278/278\n|-damage|p1a: Empoleon|261/278|[from] Stealth Rock\n|turn|19\n|\n|t:|1781399956\n|move|p1a: Empoleon|Surf|p2a: Pincurchin\n|-damage|p2a: Pincurchin|16/258\n|move|p2a: Pincurchin|Recover|p2a: Pincurchin\n|-heal|p2a: Pincurchin|145/258\n|\n|-heal|p1a: Empoleon|278/278|[from] item: Leftovers\n|-heal|p2a: Pincurchin|161/258|[from] item: Leftovers\n|upkeep\n|turn|20\n|\n|t:|1781399964\n|move|p1a: Empoleon|Yawn|p2a: Pincurchin\n|-start|p2a: Pincurchin|move: Yawn|[of] p1a: Empoleon\n|move|p2a: Pincurchin|Zing Zap|p1a: Empoleon\n|-supereffective|p1a: Empoleon\n|-damage|p1a: Empoleon|0 fnt\n|faint|p1a: Empoleon\n|\n|-heal|p2a: Pincurchin|177/258|[from] item: Leftovers\n|upkeep\n|\n|t:|1781399976\n|switch|p1a: Tauros|Tauros-Paldea-Blaze, L81, M|198/254\n|-damage|p1a: Tauros|167/254|[from] Stealth Rock\n|-ability|p1a: Tauros|Intimidate|boost\n|-unboost|p2a: Pincurchin|atk|1\n|turn|21\n|\n|t:|1781399987\n|move|p1a: Tauros|Close Combat|p2a: Pincurchin\n|-damage|p2a: Pincurchin|75/258\n|-unboost|p1a: Tauros|def|1\n|-unboost|p1a: Tauros|spd|1\n|move|p2a: Pincurchin|Liquidation|p1a: Tauros\n|-supereffective|p1a: Tauros\n|-damage|p1a: Tauros|0 fnt\n|faint|p1a: Tauros\n|\n|win|adri4n10\n", "inputlog": ">version a8376a258c1d4662feba110a92103f3664a72141\n>start {\"formatid\":\"gen9randombattle\",\"seed\":\"sodium,f7674564340a6b3cbefff5a8abc12e55\"}\n>player p1 {\"name\":\"David07xd\",\"avatar\":\"266\",\"rating\":0,\"seed\":\"sodium,88f8bcb2b74196112b88a147bb911f78\"}\n>player p2 {\"name\":\"adri4n10\",\"avatar\":\"volkner\",\"rating\":0,\"seed\":\"sodium,6efff25f94736d7b0fc6fd3476f33d14\"}\n>chat \u2606adri4n10|e\n>p1 move leafstorm\n>p2 move voltswitch\n>p2 switch 5\n>p1 move taunt\n>p2 move uturn\n>p2 switch 5\n>p1 move leafstorm\n>p2 move voltswitch\n>p2 switch 5\n>p1 move thunderbolt\n>p2 move uturn\n>p1 switch 6\n>p1 move flareblitz\n>p2 move psychicnoise\n>p2 switch 2\n>p1 switch 2\n>p2 move yawn\n>p1 switch 4\n>p2 move stealthrock\n>p1 move sleeppowder\n>p2 move lavaplume\n>p1 move quiverdance\n>p2 move lavaplume\n>p1 move hurricane\n>p2 move lavaplume\n>p1 switch 4\n>p1 move surf\n>p2 move yawn terastallize\n>p1 switch 2\n>p2 switch 3\n>p1 move stoneedge\n>p2 move curse\n>p1 move stoneedge\n>p2 move recover\n>p1 switch 3\n>p2 move liquidation\n>p1 move highhorsepower terastallize\n>p2 move zingzap\n>p1 move highhorsepower\n>p2 move liquidation\n>p1 switch 5\n>p1 move zenheadbutt\n>p2 move zingzap\n>p1 switch 2\n>p1 move surf\n>p2 move recover\n>p1 move yawn\n>p2 move zingzap\n>p1 switch 3\n>p1 move closecombat\n>p2 move liquidation", "uploadtime": 1781400001, "views": 6, "formatid": "gen9randombattle", "rating": null, "private": 0, "password": null}