{"id": "gen9randombattle-2631888513", "format": "[Gen 9] Random Battle", "players": ["kormorano", "wout0706"], "log": "|j|\u2606kormorano\n|j|\u2606wout0706\n|t:|1781452313\n|gametype|singles\n|player|p1|kormorano|102|2000\n|player|p2|wout0706|1|1980\n|gen|9\n|tier|[Gen 9] Random Battle\n|rated|\n|rule|Species Clause: Limit one of each Pok\u00e9mon\n|rule|HP Percentage Mod: HP is shown in percentages\n|rule|Sleep Clause Mod: Limit one foe put to sleep\n|rule|Illusion Level Mod: Illusion disguises the Pok\u00e9mon's true level\n|\n|t:|1781452313\n|teamsize|p1|6\n|teamsize|p2|6\n|start\n|switch|p1a: Rayquaza|Rayquaza, L72|270/270\n|switch|p2a: Hatterene|Hatterene, L85, F|236/236\n|-ability|p1a: Rayquaza|Air Lock\n|turn|1\n|inactive|Battle timer is ON: inactive players will automatically lose when time's up. (requested by kormorano)\n|\n|t:|1781452324\n|move|p1a: Rayquaza|U-turn|p2a: Hatterene\n|-damage|p2a: Hatterene|161/236\n|\n|t:|1781452331\n|switch|p1a: Raikou|Raikou, L81|278/278|[from] U-turn\n|-ability|p1a: Raikou|Pressure\n|move|p2a: Hatterene|Nuzzle|p1a: Raikou\n|-resisted|p1a: Raikou\n|-damage|p1a: Raikou|269/278\n|\n|-heal|p1a: Raikou|278/278|[from] item: Leftovers\n|upkeep\n|turn|2\n|\n|t:|1781452348\n|move|p1a: Raikou|Calm Mind|p1a: Raikou\n|-boost|p1a: Raikou|spa|1\n|-boost|p1a: Raikou|spd|1\n|move|p2a: Hatterene|Psychic|p1a: Raikou\n|-damage|p1a: Raikou|202/278\n|\n|-heal|p1a: Raikou|219/278|[from] item: Leftovers\n|upkeep\n|turn|3\n|\n|t:|1781452363\n|switch|p2a: Conkeldurr|Conkeldurr, L80, M|299/299\n|move|p1a: Raikou|Thunderbolt|p2a: Conkeldurr\n|-damage|p2a: Conkeldurr|83/299\n|\n|-heal|p1a: Raikou|236/278|[from] item: Leftovers\n|-status|p2a: Conkeldurr|brn|[from] item: Flame Orb\n|upkeep\n|turn|4\n|\n|t:|1781452378\n|move|p2a: Conkeldurr|Mach Punch|p1a: Raikou\n|-damage|p1a: Raikou|143/278\n|move|p1a: Raikou|Thunderbolt|p2a: Conkeldurr\n|-damage|p2a: Conkeldurr|0 fnt\n|faint|p2a: Conkeldurr\n|\n|-heal|p1a: Raikou|160/278|[from] item: Leftovers\n|upkeep\n|\n|t:|1781452384\n|switch|p2a: Slaking|Slaking, L84, M|389/389\n|turn|5\n|\n|t:|1781452387\n|switch|p1a: Palossand|Palossand, L89, M|296/296\n|move|p2a: Slaking|Earthquake|p1a: Palossand\n|-damage|p1a: Palossand|169/296\n|\n|-heal|p1a: Palossand|187/296|[from] item: Leftovers\n|upkeep\n|turn|6\n|\n|t:|1781452395\n|switch|p2a: Comfey|Comfey, L85, F|225/225\n|move|p1a: Palossand|Shadow Ball|p2a: Comfey\n|-damage|p2a: Comfey|150/225\n|\n|-heal|p2a: Comfey|164/225|[from] item: Leftovers\n|-heal|p1a: Palossand|205/296|[from] item: Leftovers\n|upkeep\n|turn|7\n|\n|t:|1781452399\n|move|p2a: Comfey|Calm Mind|p2a: Comfey\n|-boost|p2a: Comfey|spa|1\n|-boost|p2a: Comfey|spd|1\n|move|p1a: Palossand|Sludge Bomb|p2a: Comfey\n|-supereffective|p2a: Comfey\n|-damage|p2a: Comfey|78/225\n|-status|p2a: Comfey|psn\n|\n|-heal|p2a: Comfey|92/225 psn|[from] item: Leftovers\n|-heal|p1a: Palossand|223/296|[from] item: Leftovers\n|-damage|p2a: Comfey|64/225 psn|[from] psn\n|upkeep\n|turn|8\n|\n|t:|1781452415\n|switch|p1a: Raikou|Raikou, L81|160/278\n|-ability|p1a: Raikou|Pressure\n|move|p2a: Comfey|Giga Drain|p1a: Raikou\n|-damage|p1a: Raikou|94/278\n|-heal|p2a: Comfey|97/225 psn|[from] drain|[of] p1a: Raikou\n|\n|-heal|p1a: Raikou|111/278|[from] item: Leftovers\n|-heal|p2a: Comfey|111/225 psn|[from] item: Leftovers\n|-damage|p2a: Comfey|83/225 psn|[from] psn\n|upkeep\n|turn|9\n|\n|t:|1781452420\n|move|p2a: Comfey|Draining Kiss|p1a: Raikou\n|-damage|p1a: Raikou|45/278\n|-heal|p2a: Comfey|133/225 psn|[from] drain|[of] p1a: Raikou\n|move|p1a: Raikou|Thunderbolt|p2a: Comfey\n|-damage|p2a: Comfey|79/225 psn\n|\n|-heal|p1a: Raikou|62/278|[from] item: Leftovers\n|-heal|p2a: Comfey|93/225 psn|[from] item: Leftovers\n|-damage|p2a: Comfey|65/225 psn|[from] psn\n|upkeep\n|turn|10\n|\n|t:|1781452425\n|move|p2a: Comfey|Draining Kiss|p1a: Raikou\n|-damage|p1a: Raikou|0 fnt\n|-heal|p2a: Comfey|112/225 psn|[from] drain|[of] p1a: Raikou\n|faint|p1a: Raikou\n|\n|-heal|p2a: Comfey|126/225 psn|[from] item: Leftovers\n|-damage|p2a: Comfey|98/225 psn|[from] psn\n|upkeep\n|\n|t:|1781452434\n|switch|p1a: Rayquaza|Rayquaza, L72|270/270\n|-ability|p1a: Rayquaza|Air Lock\n|turn|11\n|\n|t:|1781452439\n|-terastallize|p1a: Rayquaza|Normal\n|move|p2a: Comfey|Draining Kiss|p1a: Rayquaza\n|-damage|p1a: Rayquaza|182/270\n|-heal|p2a: Comfey|164/225 psn|[from] drain|[of] p1a: Rayquaza\n|move|p1a: Rayquaza|Extreme Speed|p2a: Comfey\n|-damage|p2a: Comfey|37/225 psn\n|\n|-heal|p2a: Comfey|51/225 psn|[from] item: Leftovers\n|-damage|p2a: Comfey|23/225 psn|[from] psn\n|upkeep\n|turn|12\n|\n|t:|1781452452\n|move|p2a: Comfey|Draining Kiss|p1a: Rayquaza\n|-damage|p1a: Rayquaza|101/270\n|-heal|p2a: Comfey|84/225 psn|[from] drain|[of] p1a: Rayquaza\n|move|p1a: Rayquaza|Extreme Speed|p2a: Comfey\n|-damage|p2a: Comfey|0 fnt\n|faint|p2a: Comfey\n|\n|upkeep\n|\n|t:|1781452456\n|switch|p2a: Palossand|Palossand, L89, M|296/296\n|turn|13\n|\n|t:|1781452458\n|switch|p1a: Mightyena|Mightyena, L96, M|290/290\n|-ability|p1a: Mightyena|Intimidate|boost\n|-unboost|p2a: Palossand|atk|1\n|move|p2a: Palossand|Shadow Ball|p1a: Mightyena\n|-resisted|p1a: Mightyena\n|-damage|p1a: Mightyena|232/290\n|\n|upkeep\n|turn|14\n|\n|t:|1781452463\n|switch|p2a: Slaking|Slaking, L84, M|389/389\n|move|p1a: Mightyena|Crunch|p2a: Slaking\n|-damage|p2a: Slaking|260/389\n|\n|upkeep\n|turn|15\n|\n|t:|1781452472\n|switch|p1a: Sandslash|Sandslash, L89, F|278/278\n|move|p2a: Slaking|Knock Off|p1a: Sandslash\n|-damage|p1a: Sandslash|156/278\n|-enditem|p1a: Sandslash|Leftovers|[from] move: Knock Off|[of] p2a: Slaking\n|\n|upkeep\n|turn|16\n|\n|t:|1781452487\n|switch|p2a: Palossand|Palossand, L89, M|296/296\n|move|p1a: Sandslash|Spikes|p2a: Palossand\n|-sidestart|p2: wout0706|Spikes\n|\n|upkeep\n|turn|17\n|\n|t:|1781452490\n|move|p1a: Sandslash|Knock Off|p2a: Palossand\n|-supereffective|p2a: Palossand\n|-damage|p2a: Palossand|170/296\n|-enditem|p2a: Palossand|Leftovers|[from] move: Knock Off|[of] p1a: Sandslash\n|move|p2a: Palossand|Shadow Ball|p1a: Sandslash\n|-crit|p1a: Sandslash\n|-damage|p1a: Sandslash|0 fnt\n|faint|p1a: Sandslash\n|\n|upkeep\n|\n|t:|1781452494\n|switch|p1a: Mightyena|Mightyena, L96, M|232/290\n|-ability|p1a: Mightyena|Intimidate|boost\n|-unboost|p2a: Palossand|atk|1\n|turn|18\n|\n|t:|1781452505\n|move|p1a: Mightyena|Crunch|p2a: Palossand\n|-supereffective|p2a: Palossand\n|-damage|p2a: Palossand|0 fnt\n|faint|p2a: Palossand\n|\n|upkeep\n|\n|t:|1781452508\n|switch|p2a: Hatterene|Hatterene, L85, F|161/236\n|-damage|p2a: Hatterene|132/236|[from] Spikes\n|turn|19\n|\n|t:|1781452511\n|move|p1a: Mightyena|Crunch|p2a: Hatterene\n|-damage|p2a: Hatterene|0 fnt\n|faint|p2a: Hatterene\n|\n|upkeep\n|\n|t:|1781452515\n|switch|p2a: Slaking|Slaking, L84, M|260/389\n|-damage|p2a: Slaking|212/389|[from] Spikes\n|turn|20\n|\n|t:|1781452525\n|switch|p1a: Palossand|Palossand, L89, M|223/296\n|move|p2a: Slaking|Earthquake|p1a: Palossand\n|-crit|p1a: Palossand\n|-damage|p1a: Palossand|46/296\n|\n|-heal|p1a: Palossand|64/296|[from] item: Leftovers\n|upkeep\n|turn|21\n|\n|t:|1781452529\n|cant|p2a: Slaking|ability: Truant\n|move|p1a: Palossand|Shore Up|p1a: Palossand\n|-heal|p1a: Palossand|212/296\n|\n|-heal|p1a: Palossand|230/296|[from] item: Leftovers\n|upkeep\n|turn|22\n|\n|t:|1781452535\n|switch|p2a: Rabsca|Rabsca, L91, M|284/284\n|move|p1a: Palossand|Earth Power|p2a: Rabsca\n|-resisted|p2a: Rabsca\n|-damage|p2a: Rabsca|240/284\n|\n|-heal|p1a: Palossand|248/296|[from] item: Leftovers\n|upkeep\n|turn|23\n|\n|t:|1781452544\n|move|p1a: Palossand|Shadow Ball|p2a: Rabsca\n|-supereffective|p2a: Rabsca\n|-damage|p2a: Rabsca|66/284\n|move|p2a: Rabsca|Revival Blessing|p2a: Rabsca\n|\n|t:|1781452551\n|-heal|p2: Comfey|112/225|[from] move: Revival Blessing\n|\n|-heal|p1a: Palossand|266/296|[from] item: Leftovers\n|upkeep\n|turn|24\n|\n|t:|1781452557\n|move|p1a: Palossand|Shadow Ball|p2a: Rabsca\n|-supereffective|p2a: Rabsca\n|-damage|p2a: Rabsca|0 fnt\n|faint|p2a: Rabsca\n|\n|-heal|p1a: Palossand|284/296|[from] item: Leftovers\n|upkeep\n|\n|t:|1781452560\n|switch|p2a: Comfey|Comfey, L85, F|112/225\n|-damage|p2a: Comfey|84/225|[from] Spikes\n|turn|25\n|\n|t:|1781452570\n|switch|p1a: Mightyena|Mightyena, L96, M|232/290\n|-ability|p1a: Mightyena|Intimidate|boost\n|-unboost|p2a: Comfey|atk|1\n|-terastallize|p2a: Comfey|Ground\n|move|p2a: Comfey|Calm Mind|p2a: Comfey\n|-boost|p2a: Comfey|spa|1\n|-boost|p2a: Comfey|spd|1\n|\n|-heal|p2a: Comfey|98/225|[from] item: Leftovers\n|upkeep\n|turn|26\n|\n|t:|1781452575\n|move|p2a: Comfey|Draining Kiss|p1a: Mightyena\n|-supereffective|p1a: Mightyena\n|-damage|p1a: Mightyena|56/290\n|-heal|p2a: Comfey|225/225|[from] drain|[of] p1a: Mightyena\n|move|p1a: Mightyena|Crunch|p2a: Comfey\n|-damage|p2a: Comfey|72/225\n|\n|-heal|p2a: Comfey|86/225|[from] item: Leftovers\n|upkeep\n|turn|27\n|\n|t:|1781452582\n|move|p2a: Comfey|Draining Kiss|p1a: Mightyena\n|-supereffective|p1a: Mightyena\n|-damage|p1a: Mightyena|0 fnt\n|-heal|p2a: Comfey|128/225|[from] drain|[of] p1a: Mightyena\n|faint|p1a: Mightyena\n|\n|-heal|p2a: Comfey|142/225|[from] item: Leftovers\n|upkeep\n|\n|t:|1781452584\n|switch|p1a: Rayquaza|Rayquaza, L72, tera:Normal|101/270\n|-ability|p1a: Rayquaza|Air Lock\n|turn|28\n|\n|t:|1781452594\n|move|p2a: Comfey|Draining Kiss|p1a: Rayquaza\n|-damage|p1a: Rayquaza|19/270\n|-heal|p2a: Comfey|204/225|[from] drain|[of] p1a: Rayquaza\n|move|p1a: Rayquaza|Dragon Ascent|p2a: Comfey\n|-crit|p2a: Comfey\n|-damage|p2a: Comfey|0 fnt\n|-unboost|p1a: Rayquaza|def|1\n|-unboost|p1a: Rayquaza|spd|1\n|faint|p2a: Comfey\n|\n|upkeep\n|\n|t:|1781452600\n|switch|p2a: Slaking|Slaking, L84, M|212/389\n|-damage|p2a: Slaking|164/389|[from] Spikes\n|turn|29\n|\n|t:|1781452605\n|move|p2a: Slaking|Knock Off|p1a: Rayquaza\n|-damage|p1a: Rayquaza|0 fnt\n|-enditem|p1a: Rayquaza|Choice Band|[from] move: Knock Off|[of] p2a: Slaking\n|faint|p1a: Rayquaza\n|\n|upkeep\n|\n|t:|1781452607\n|switch|p1a: Palossand|Palossand, L89, M|284/296\n|turn|30\n|\n|t:|1781452614\n|cant|p2a: Slaking|ability: Truant\n|move|p1a: Palossand|Earth Power|p2a: Slaking\n|-damage|p2a: Slaking|35/389\n|\n|-heal|p1a: Palossand|296/296|[from] item: Leftovers\n|upkeep\n|turn|31\n|\n|t:|1781452617\n|move|p2a: Slaking|Knock Off|p1a: Palossand\n|-supereffective|p1a: Palossand\n|-damage|p1a: Palossand|40/296\n|-enditem|p1a: Palossand|Leftovers|[from] move: Knock Off|[of] p2a: Slaking\n|move|p1a: Palossand|Earth Power|p2a: Slaking\n|-damage|p2a: Slaking|0 fnt\n|faint|p2a: Slaking\n|\n|win|kormorano\n", "uploadtime": 1781452315, "views": 7, "formatid": "gen9randombattle", "rating": null, "private": 0, "password": null}