{"id": "gen9randombattle-2631402972", "format": "[Gen 9] Random Battle", "players": ["hepooo", "haxion"], "log": "|j|\u2606hepooo\n|j|\u2606haxion\n|t:|1781380433\n|gametype|singles\n|player|p1|hepooo|morty|2222\n|player|p2|haxion|preschooler|2193\n|gen|9\n|tier|[Gen 9] Random Battle\n|rated|\n|rule|Species Clause: Limit one of each Pok\u00e9mon\n|rule|HP Percentage Mod: HP is shown in percentages\n|rule|Sleep Clause Mod: Limit one foe put to sleep\n|rule|Illusion Level Mod: Illusion disguises the Pok\u00e9mon's true level\n|\n|t:|1781380433\n|teamsize|p1|6\n|teamsize|p2|6\n|start\n|switch|p1a: Miraidon|Miraidon, L65|238/238\n|switch|p2a: Scizor|Scizor, L79, F|240/240\n|-fieldstart|move: Electric Terrain|[from] ability: Hadron Engine|[of] p1a: Miraidon\n|turn|1\n|inactive|Battle timer is ON: inactive players will automatically lose when time's up. (requested by haxion)\n|\n|t:|1781380454\n|switch|p2a: Dragalge|Dragalge, L88, F|258/258\n|move|p1a: Miraidon|Electro Drift|p2a: Dragalge\n|-resisted|p2a: Dragalge\n|-damage|p2a: Dragalge|181/258\n|-damage|p1a: Miraidon|215/238|[from] item: Life Orb\n|\n|-heal|p2a: Dragalge|197/258|[from] item: Leftovers\n|upkeep\n|turn|2\n|\n|t:|1781380480\n|switch|p1a: Empoleon|Empoleon, L84, M|278/278\n|switch|p2a: Toxapex|Toxapex, L82, F|216/216\n|\n|upkeep\n|turn|3\n|inactive|hepooo has 120 seconds left.\n|\n|t:|1781380502\n|switch|p1a: Electivire|Electivire, L84, F|263/263\n|move|p2a: Toxapex|Toxic Spikes|p1a: Electivire\n|-sidestart|p1: hepooo|move: Toxic Spikes\n|\n|upkeep\n|turn|4\n|\n|t:|1781380507\n|switch|p2a: Archaludon|Archaludon, L78, M|268/268\n|move|p1a: Electivire|Bulk Up|p1a: Electivire\n|-boost|p1a: Electivire|atk|1\n|-boost|p1a: Electivire|def|1\n|\n|upkeep\n|turn|5\n|\n|t:|1781380515\n|move|p1a: Electivire|Bulk Up|p1a: Electivire\n|-boost|p1a: Electivire|atk|1\n|-boost|p1a: Electivire|def|1\n|move|p2a: Archaludon|Draco Meteor|p1a: Electivire\n|-damage|p1a: Electivire|122/263\n|-unboost|p2a: Archaludon|spa|2\n|\n|-fieldend|move: Electric Terrain\n|upkeep\n|turn|6\n|\n|t:|1781380518\n|move|p1a: Electivire|Bulk Up|p1a: Electivire\n|-boost|p1a: Electivire|atk|1\n|-boost|p1a: Electivire|def|1\n|move|p2a: Archaludon|Draco Meteor|p1a: Electivire\n|-damage|p1a: Electivire|43/263\n|-unboost|p2a: Archaludon|spa|2\n|\n|upkeep\n|turn|7\n|inactive|haxion has 120 seconds left.\n|\n|t:|1781380562\n|switch|p2a: Scizor|Scizor, L79, F|240/240\n|move|p1a: Electivire|Earthquake|p2a: Scizor\n|-damage|p2a: Scizor|0 fnt\n|faint|p2a: Scizor\n|-damage|p1a: Electivire|17/263|[from] item: Life Orb\n|\n|upkeep\n|\n|t:|1781380564\n|switch|p2a: Espeon|Espeon, L84, M|246/246\n|turn|8\n|inactive|haxion has 120 seconds left.\n|\n|t:|1781380583\n|move|p2a: Espeon|Alluring Voice|p1a: Electivire\n|-damage|p1a: Electivire|0 fnt\n|faint|p1a: Electivire\n|-damage|p2a: Espeon|222/246|[from] item: Life Orb\n|\n|upkeep\n|\n|t:|1781380600\n|switch|p1a: Slowbro|Slowbro, L85, F|300/300\n|-status|p1a: Slowbro|psn\n|turn|9\n|inactive|haxion has 120 seconds left.\n|\n|t:|1781380616\n|move|p2a: Espeon|Calm Mind|p2a: Espeon\n|-boost|p2a: Espeon|spa|1\n|-boost|p2a: Espeon|spd|1\n|move|p1a: Slowbro|Scald|p2a: Espeon\n|-damage|p2a: Espeon|159/246\n|\n|-damage|p1a: Slowbro|263/300 psn|[from] psn\n|upkeep\n|turn|10\n|\n|t:|1781380633\n|switch|p1a: Empoleon|Empoleon, L84, M|278/278\n|move|p2a: Espeon|Calm Mind|p2a: Espeon\n|-boost|p2a: Espeon|spa|1\n|-boost|p2a: Espeon|spd|1\n|\n|upkeep\n|turn|11\n|\n|t:|1781380641\n|move|p2a: Espeon|Psyshock|p1a: Empoleon\n|-resisted|p1a: Empoleon\n|-damage|p1a: Empoleon|149/278\n|-damage|p2a: Espeon|135/246|[from] item: Life Orb\n|move|p1a: Empoleon|Flip Turn|p2a: Espeon\n|-damage|p2a: Espeon|53/246\n|\n|t:|1781380659\n|switch|p1a: Slowbro|Slowbro, L85, F|300/300 psn|[from] Flip Turn\n|\n|-damage|p1a: Slowbro|263/300 psn|[from] psn\n|upkeep\n|turn|12\n|\n|t:|1781380663\n|move|p2a: Espeon|Morning Sun|p2a: Espeon\n|-heal|p2a: Espeon|176/246\n|move|p1a: Slowbro|Scald|p2a: Espeon\n|-damage|p2a: Espeon|133/246\n|\n|-damage|p1a: Slowbro|226/300 psn|[from] psn\n|upkeep\n|turn|13\n|\n|t:|1781380675\n|switch|p1a: Empoleon|Empoleon, L84, M|149/278\n|move|p2a: Espeon|Calm Mind|p2a: Espeon\n|-boost|p2a: Espeon|spa|1\n|-boost|p2a: Espeon|spd|1\n|\n|-heal|p1a: Empoleon|166/278|[from] item: Leftovers\n|upkeep\n|turn|14\n|\n|t:|1781380678\n|move|p2a: Espeon|Psyshock|p1a: Empoleon\n|-resisted|p1a: Empoleon\n|-damage|p1a: Empoleon|0 fnt\n|faint|p1a: Empoleon\n|-damage|p2a: Espeon|109/246|[from] item: Life Orb\n|\n|upkeep\n|\n|t:|1781380687\n|switch|p1a: Falinks|Falinks, L84|246/246\n|-status|p1a: Falinks|psn\n|turn|15\n|\n|t:|1781380715\n|-terastallize|p1a: Falinks|Steel\n|move|p2a: Espeon|Morning Sun|p2a: Espeon\n|-heal|p2a: Espeon|232/246\n|move|p1a: Falinks|No Retreat|p1a: Falinks\n|-boost|p1a: Falinks|atk|1\n|-boost|p1a: Falinks|def|1\n|-boost|p1a: Falinks|spa|1\n|-boost|p1a: Falinks|spd|1\n|-boost|p1a: Falinks|spe|1\n|-start|p1a: Falinks|move: No Retreat\n|\n|-damage|p1a: Falinks|216/246 psn|[from] psn\n|upkeep\n|turn|16\n|l|\u2606hepooo\n|inactive|hepooo disconnected and has a minute to reconnect!\n|player|p1|\n|inactive|hepooo has 30 seconds to reconnect!\n|inactive|hepooo has 20 seconds to reconnect!\n|inactive|hepooo has 15 seconds to reconnect!\n|inactive|hepooo has 10 seconds to reconnect!\n|inactive|hepooo has 5 seconds to reconnect!\n|-message|hepooo lost due to inactivity.\n|\n|win|haxion\n", "inputlog": ">version a8376a258c1d4662feba110a92103f3664a72141\n>start {\"formatid\":\"gen9randombattle\",\"seed\":\"sodium,74633ea0f168db7836a027060cbf8b52\",\"rated\":\"Rated battle\"}\n>player p1 {\"name\":\"hepooo\",\"avatar\":\"morty\",\"rating\":2222,\"seed\":\"sodium,f7ddc183d4be584969cc4e8024ef8e0b\"}\n>player p2 {\"name\":\"haxion\",\"avatar\":\"preschooler\",\"rating\":2193,\"seed\":\"sodium,2282573d6b39f2bcd6a226def9a825f8\"}\n>p1 move electrodrift\n>p2 switch 5\n>p1 switch 6\n>p2 switch 3\n>p1 switch 3\n>p2 move toxicspikes\n>p1 move bulkup\n>p2 switch 6\n>p1 move bulkup\n>p2 move dracometeor\n>p1 move bulkup\n>p2 move dracometeor\n>p1 move earthquake\n>p2 switch 5\n>p2 switch 2\n>p1 move supercellslam\n>p2 move alluringvoice\n>p1 switch 2\n>p1 move scald\n>p2 move calmmind\n>p1 switch 3\n>p2 move calmmind\n>p1 move flipturn\n>p2 move psyshock\n>p1 switch 3\n>p1 move scald\n>p2 move morningsun\n>p1 switch 3\n>p2 move calmmind\n>p1 move roar\n>p2 move psyshock\n>p1 switch 5\n>p1 move noretreat terastallize\n>p2 move morningsun\n>forcelose p1", "uploadtime": 1781380436, "views": 10, "formatid": "gen9randombattle", "rating": null, "private": 0, "password": null}