{"id": "gen9randombattle-2631611954", "format": "[Gen 9] Random Battle", "players": ["stone douchebag", "recebill"], "log": "|j|\u2606stone douchebag\n|j|\u2606recebill\n|t:|1781408721\n|gametype|singles\n|player|p1|stone douchebag|266|1952\n|player|p2|recebill|266|1909\n|gen|9\n|tier|[Gen 9] Random Battle\n|rated|\n|rule|Species Clause: Limit one of each Pok\u00e9mon\n|rule|HP Percentage Mod: HP is shown in percentages\n|rule|Sleep Clause Mod: Limit one foe put to sleep\n|rule|Illusion Level Mod: Illusion disguises the Pok\u00e9mon's true level\n|\n|t:|1781408721\n|teamsize|p1|6\n|teamsize|p2|6\n|start\n|switch|p1a: Diancie|Diancie, L82|216/216\n|switch|p2a: Piloswine|Piloswine, L85, M|309/309\n|turn|1\n|inactive|Battle timer is ON: inactive players will automatically lose when time's up. (requested by recebill)\n|\n|t:|1781408753\n|switch|p1a: Chimecho|Chimecho, L93, F|290/290\n|move|p2a: Piloswine|Earthquake|p1a: Chimecho\n|-immune|p1a: Chimecho|[from] ability: Levitate\n|\n|upkeep\n|turn|2\n|\n|t:|1781408760\n|move|p1a: Chimecho|Encore|p2a: Piloswine\n|-start|p2a: Piloswine|Encore\n|move|p2a: Piloswine|Earthquake|p1a: Chimecho\n|-immune|p1a: Chimecho|[from] ability: Levitate\n|\n|upkeep\n|turn|3\n|\n|t:|1781408769\n|switch|p2a: Goodra|Goodra, L85, M|292/292\n|move|p1a: Chimecho|Thunder Wave|p2a: Goodra\n|-status|p2a: Goodra|par\n|\n|upkeep\n|turn|4\n|\n|t:|1781408776\n|switch|p1a: Diancie|Diancie, L82|216/216\n|cant|p2a: Goodra|par\n|\n|upkeep\n|turn|5\n|\n|t:|1781408785\n|move|p1a: Diancie|Diamond Storm|p2a: Goodra\n|-damage|p2a: Goodra|163/292 par\n|move|p2a: Goodra|Scald|p1a: Diancie\n|-supereffective|p1a: Diancie\n|-crit|p1a: Diancie\n|-damage|p1a: Diancie|122/216\n|\n|upkeep\n|turn|6\n|\n|t:|1781408794\n|move|p1a: Diancie|Moonblast|p2a: Goodra\n|-supereffective|p2a: Goodra\n|-damage|p2a: Goodra|71/292 par\n|move|p2a: Goodra|Scald|p1a: Diancie\n|-supereffective|p1a: Diancie\n|-damage|p1a: Diancie|68/216\n|\n|upkeep\n|turn|7\n|\n|t:|1781408801\n|move|p1a: Diancie|Diamond Storm|p2a: Goodra\n|-damage|p2a: Goodra|0 fnt\n|-boost|p1a: Diancie|def|2\n|faint|p2a: Goodra\n|\n|upkeep\n|\n|t:|1781408815\n|switch|p2a: Quaquaval|Quaquaval, L79, M|264/264\n|turn|8\n|\n|t:|1781408821\n|move|p2a: Quaquaval|Aqua Step|p1a: Diancie\n|-supereffective|p1a: Diancie\n|-damage|p1a: Diancie|0 fnt\n|-boost|p2a: Quaquaval|spe|1\n|faint|p1a: Diancie\n|-ability|p2a: Quaquaval|Moxie|boost\n|-boost|p2a: Quaquaval|atk|1\n|-damage|p2a: Quaquaval|238/264|[from] item: Life Orb\n|\n|upkeep\n|\n|t:|1781408835\n|switch|p1a: Suicune|Suicune, L82|298/298\n|-ability|p1a: Suicune|Pressure\n|turn|9\n|\n|t:|1781408849\n|move|p2a: Quaquaval|Swords Dance|p2a: Quaquaval\n|-boost|p2a: Quaquaval|atk|2\n|move|p1a: Suicune|Substitute|p1a: Suicune\n|-start|p1a: Suicune|Substitute\n|-damage|p1a: Suicune|224/298\n|\n|-heal|p1a: Suicune|242/298|[from] item: Leftovers\n|upkeep\n|turn|10\n|\n|t:|1781408871\n|move|p2a: Quaquaval|Aqua Step|p1a: Suicune\n|-resisted|p1a: Suicune\n|-end|p1a: Suicune|Substitute\n|-boost|p2a: Quaquaval|spe|1\n|-damage|p2a: Quaquaval|212/264|[from] item: Life Orb\n|move|p1a: Suicune|Scald|p2a: Quaquaval\n|-resisted|p2a: Quaquaval\n|-damage|p2a: Quaquaval|168/264\n|\n|-heal|p1a: Suicune|260/298|[from] item: Leftovers\n|upkeep\n|turn|11\n|\n|t:|1781408882\n|move|p2a: Quaquaval|Close Combat|p1a: Suicune\n|-damage|p1a: Suicune|0 fnt\n|-unboost|p2a: Quaquaval|def|1\n|-unboost|p2a: Quaquaval|spd|1\n|faint|p1a: Suicune\n|-ability|p2a: Quaquaval|Moxie|boost\n|-boost|p2a: Quaquaval|atk|1\n|-damage|p2a: Quaquaval|142/264|[from] item: Life Orb\n|\n|upkeep\n|\n|t:|1781408898\n|switch|p1a: Conkeldurr|Conkeldurr, L80, F|299/299\n|turn|12\n|\n|t:|1781408921\n|move|p1a: Conkeldurr|Mach Punch|p2a: Quaquaval\n|-damage|p2a: Quaquaval|54/264\n|move|p2a: Quaquaval|Aqua Step|p1a: Conkeldurr\n|-damage|p1a: Conkeldurr|0 fnt\n|-boost|p2a: Quaquaval|spe|1\n|faint|p1a: Conkeldurr\n|-ability|p2a: Quaquaval|Moxie|boost\n|-boost|p2a: Quaquaval|atk|1\n|-damage|p2a: Quaquaval|28/264|[from] item: Life Orb\n|\n|upkeep\n|\n|t:|1781408937\n|switch|p1a: Chimecho|Chimecho, L93, F|290/290\n|turn|13\n|\n|t:|1781408941\n|move|p2a: Quaquaval|Aqua Step|p1a: Chimecho\n|-damage|p1a: Chimecho|0 fnt\n|-boost|p2a: Quaquaval|spe|1\n|faint|p1a: Chimecho\n|-ability|p2a: Quaquaval|Moxie|boost\n|-boost|p2a: Quaquaval|atk|1\n|-damage|p2a: Quaquaval|2/264|[from] item: Life Orb\n|\n|upkeep\n|\n|t:|1781408949\n|switch|p1a: Pyroar|Pyroar, L88, M|295/295\n|-ability|p1a: Pyroar|Unnerve\n|turn|14\n|\n|t:|1781408952\n|move|p2a: Quaquaval|Aqua Step|p1a: Pyroar\n|-supereffective|p1a: Pyroar\n|-damage|p1a: Pyroar|0 fnt\n|-boost|p2a: Quaquaval|spe|1\n|faint|p1a: Pyroar\n|-damage|p2a: Quaquaval|0 fnt|[from] item: Life Orb\n|faint|p2a: Quaquaval\n|\n|upkeep\n|\n|t:|1781408961\n|switch|p1a: Electivire|Electivire, L84, M|263/263\n|switch|p2a: Fezandipiti|Fezandipiti, L82, M|278/278\n|turn|15\n|\n|t:|1781408967\n|move|p2a: Fezandipiti|Moonblast|p1a: Electivire\n|-damage|p1a: Electivire|191/263\n|move|p1a: Electivire|Bulk Up|p1a: Electivire\n|-boost|p1a: Electivire|atk|1\n|-boost|p1a: Electivire|def|1\n|\n|upkeep\n|turn|16\n|\n|t:|1781408976\n|move|p2a: Fezandipiti|Moonblast|p1a: Electivire\n|-damage|p1a: Electivire|112/263\n|move|p1a: Electivire|Bulk Up|p1a: Electivire\n|-boost|p1a: Electivire|atk|1\n|-boost|p1a: Electivire|def|1\n|\n|upkeep\n|turn|17\n|\n|t:|1781408979\n|move|p2a: Fezandipiti|Moonblast|p1a: Electivire\n|-damage|p1a: Electivire|36/263\n|move|p1a: Electivire|Earthquake|p2a: Fezandipiti\n|-supereffective|p2a: Fezandipiti\n|-damage|p2a: Fezandipiti|0 fnt\n|faint|p2a: Fezandipiti\n|-damage|p1a: Electivire|10/263|[from] item: Life Orb\n|\n|upkeep\n|\n|t:|1781408982\n|switch|p2a: Ariados|Ariados, L95, M|287/287\n|turn|18\n|-message|stone douchebag forfeited.\n|\n|win|recebill\n", "inputlog": ">version a8376a258c1d4662feba110a92103f3664a72141\n>start {\"formatid\":\"gen9randombattle\",\"seed\":\"sodium,e8e6f7f9ecf458f3a3a5a1b43b423cf5\",\"rated\":\"Rated battle\"}\n>player p1 {\"name\":\"stone douchebag\",\"avatar\":\"266\",\"rating\":1952,\"seed\":\"sodium,aeb2299444c901a751ed765c1c52dbc9\"}\n>player p2 {\"name\":\"recebill\",\"avatar\":\"266\",\"rating\":1909,\"seed\":\"sodium,c31d02360ba588047afaa5db50852de4\"}\n>p1 switch 3\n>p2 move earthquake\n>p1 move encore\n>p2 move roar\n>p1 move thunderwave\n>p2 switch 6\n>p1 switch 3\n>p2 move knockoff\n>p1 move diamondstorm\n>p2 move scald\n>p1 move moonblast\n>p2 move scald\n>p1 move diamondstorm\n>p2 move scald\n>p2 switch 3\n>p1 move moonblast\n>p2 move aquastep\n>p1 switch 5\n>p1 move substitute\n>p2 move swordsdance\n>p1 move scald\n>p2 move aquastep\n>p1 move scald\n>p2 move closecombat\n>p1 switch 6\n>p1 move machpunch\n>p2 move aquastep\n>p1 switch 3\n>p1 move recover\n>p2 move aquastep\n>p1 switch 2\n>p1 move willowisp\n>p2 move aquastep\n>p1 switch 4\n>p2 switch 2\n>p1 move bulkup\n>p2 move moonblast\n>p1 move bulkup\n>p2 move moonblast\n>p1 move earthquake\n>p2 move moonblast\n>p2 switch 4\n>forcelose p1", "uploadtime": 1781408723, "views": 5, "formatid": "gen9randombattle", "rating": null, "private": 0, "password": null}