{"id": "gen9randombattle-2631741085", "format": "[Gen 9] Random Battle", "players": ["Tuki VN", "pagenfranskane"], "log": "|j|\u2606Tuki VN\n|j|\u2606pagenfranskane\n|t:|1781431992\n|gametype|singles\n|player|p1|Tuki VN|lance-gen1rb|2010\n|player|p2|pagenfranskane|battlegirl|1926\n|gen|9\n|tier|[Gen 9] Random Battle\n|rated|\n|rule|Species Clause: Limit one of each Pok\u00e9mon\n|rule|HP Percentage Mod: HP is shown in percentages\n|rule|Sleep Clause Mod: Limit one foe put to sleep\n|rule|Illusion Level Mod: Illusion disguises the Pok\u00e9mon's true level\n|\n|t:|1781431992\n|teamsize|p1|6\n|teamsize|p2|6\n|start\n|switch|p1a: Banette|Banette, L93, F|270/270\n|switch|p2a: Iron Treads|Iron Treads, L77|265/265\n|turn|1\n|inactive|Battle timer is ON: inactive players will automatically lose when time's up. (requested by pagenfranskane)\n|\n|t:|1781432009\n|move|p2a: Iron Treads|Knock Off|p1a: Banette\n|-supereffective|p1a: Banette\n|-damage|p1a: Banette|112/270\n|-enditem|p1a: Banette|Life Orb|[from] move: Knock Off|[of] p2a: Iron Treads\n|move|p1a: Banette|Poltergeist|p2a: Iron Treads\n|-activate|p2a: Iron Treads|move: Poltergeist|Assault Vest\n|-damage|p2a: Iron Treads|112/265\n|\n|upkeep\n|turn|2\n|\n|t:|1781432014\n|move|p2a: Iron Treads|Iron Head|p1a: Banette\n|-damage|p1a: Banette|28/270\n|move|p1a: Banette|Poltergeist|p2a: Iron Treads|[miss]\n|-miss|p1a: Banette|p2a: Iron Treads\n|\n|upkeep\n|turn|3\n|\n|t:|1781432020\n|move|p1a: Banette|Shadow Sneak|p2a: Iron Treads\n|-damage|p2a: Iron Treads|63/265\n|move|p2a: Iron Treads|Iron Head|p1a: Banette\n|-crit|p1a: Banette\n|-damage|p1a: Banette|0 fnt\n|faint|p1a: Banette\n|\n|upkeep\n|\n|t:|1781432035\n|switch|p1a: Ursaluna|Ursaluna-Bloodmoon, L79, M|308/308\n|turn|4\n|\n|t:|1781432042\n|move|p2a: Iron Treads|Knock Off|p1a: Ursaluna\n|-damage|p1a: Ursaluna|252/308\n|-enditem|p1a: Ursaluna|Leftovers|[from] move: Knock Off|[of] p2a: Iron Treads\n|move|p1a: Ursaluna|Calm Mind|p1a: Ursaluna\n|-boost|p1a: Ursaluna|spa|1\n|-boost|p1a: Ursaluna|spd|1\n|\n|upkeep\n|turn|5\n|\n|t:|1781432046\n|move|p2a: Iron Treads|Iron Head|p1a: Ursaluna\n|-damage|p1a: Ursaluna|188/308\n|cant|p1a: Ursaluna|flinch\n|\n|upkeep\n|turn|6\n|\n|t:|1781432055\n|move|p2a: Iron Treads|Earthquake|p1a: Ursaluna\n|-damage|p1a: Ursaluna|107/308\n|move|p1a: Ursaluna|Moonlight|p1a: Ursaluna\n|-heal|p1a: Ursaluna|261/308\n|\n|upkeep\n|turn|7\n|\n|t:|1781432059\n|move|p2a: Iron Treads|Earthquake|p1a: Ursaluna\n|-damage|p1a: Ursaluna|174/308\n|move|p1a: Ursaluna|Calm Mind|p1a: Ursaluna\n|-boost|p1a: Ursaluna|spa|1\n|-boost|p1a: Ursaluna|spd|1\n|\n|upkeep\n|turn|8\n|\n|t:|1781432063\n|move|p2a: Iron Treads|Earthquake|p1a: Ursaluna\n|-damage|p1a: Ursaluna|93/308\n|move|p1a: Ursaluna|Moonlight|p1a: Ursaluna\n|-heal|p1a: Ursaluna|247/308\n|\n|upkeep\n|turn|9\n|\n|t:|1781432066\n|move|p2a: Iron Treads|Earthquake|p1a: Ursaluna\n|-damage|p1a: Ursaluna|163/308\n|move|p1a: Ursaluna|Calm Mind|p1a: Ursaluna\n|-boost|p1a: Ursaluna|spa|1\n|-boost|p1a: Ursaluna|spd|1\n|\n|upkeep\n|turn|10\n|\n|t:|1781432069\n|move|p2a: Iron Treads|Iron Head|p1a: Ursaluna\n|-damage|p1a: Ursaluna|102/308\n|move|p1a: Ursaluna|Moonlight|p1a: Ursaluna\n|-heal|p1a: Ursaluna|256/308\n|\n|upkeep\n|turn|11\n|\n|t:|1781432074\n|move|p1a: Ursaluna|Vacuum Wave|p2a: Iron Treads\n|-supereffective|p2a: Iron Treads\n|-damage|p2a: Iron Treads|0 fnt\n|faint|p2a: Iron Treads\n|-end|p2a: Iron Treads|Quark Drive|[silent]\n|\n|upkeep\n|\n|t:|1781432081\n|switch|p2a: Great Tusk|Great Tusk, L77|304/304\n|-enditem|p2a: Great Tusk|Booster Energy\n|-activate|p2a: Great Tusk|ability: Protosynthesis|[fromitem]\n|-start|p2a: Great Tusk|protosynthesisatk\n|turn|12\n|\n|t:|1781432091\n|switch|p1a: Arbok|Arbok, L87, F|246/246\n|-ability|p1a: Arbok|Intimidate|boost\n|-unboost|p2a: Great Tusk|atk|1\n|move|p2a: Great Tusk|Close Combat|p1a: Arbok\n|-resisted|p1a: Arbok\n|-damage|p1a: Arbok|174/246\n|-unboost|p2a: Great Tusk|def|1\n|-unboost|p2a: Great Tusk|spd|1\n|\n|upkeep\n|turn|13\n|\n|t:|1781432107\n|move|p1a: Arbok|Earthquake|p2a: Great Tusk\n|-damage|p2a: Great Tusk|192/304\n|-damage|p1a: Arbok|150/246|[from] item: Life Orb\n|move|p2a: Great Tusk|Earthquake|p1a: Arbok\n|-supereffective|p1a: Arbok\n|-damage|p1a: Arbok|0 fnt\n|faint|p1a: Arbok\n|\n|upkeep\n|\n|t:|1781432124\n|switch|p1a: Regigigas|Regigigas, L84|322/322\n|-start|p1a: Regigigas|ability: Slow Start\n|turn|14\n|\n|t:|1781432129\n|move|p2a: Great Tusk|Close Combat|p1a: Regigigas\n|-supereffective|p1a: Regigigas\n|-damage|p1a: Regigigas|122/322\n|-unboost|p2a: Great Tusk|def|1\n|-unboost|p2a: Great Tusk|spd|1\n|move|p1a: Regigigas|Body Slam|p2a: Great Tusk\n|-damage|p2a: Great Tusk|78/304\n|\n|-heal|p1a: Regigigas|142/322|[from] item: Leftovers\n|upkeep\n|turn|15\n|\n|t:|1781432138\n|-terastallize|p1a: Regigigas|Ghost\n|move|p2a: Great Tusk|Earthquake|p1a: Regigigas\n|-damage|p1a: Regigigas|60/322\n|move|p1a: Regigigas|Rest|p1a: Regigigas\n|-status|p1a: Regigigas|slp|[from] move: Rest\n|-heal|p1a: Regigigas|322/322 slp|[silent]\n|\n|upkeep\n|turn|16\n|\n|t:|1781432145\n|-end|p2a: Great Tusk|Protosynthesis|[silent]\n|switch|p2a: Luxray|Luxray, L88, F|284/284\n|-ability|p2a: Luxray|Intimidate|boost\n|-unboost|p1a: Regigigas|atk|1\n|cant|p1a: Regigigas|slp\n|move|p1a: Regigigas|Sleep Talk|p1a: Regigigas\n|move|p1a: Regigigas|Body Slam|p2a: Luxray|[from] move: Sleep Talk\n|-damage|p2a: Luxray|235/284\n|\n|upkeep\n|turn|17\n|\n|t:|1781432154\n|move|p2a: Luxray|Volt Switch|p1a: Regigigas\n|-damage|p1a: Regigigas|252/322 slp\n|\n|t:|1781432159\n|switch|p2a: Great Tusk|Great Tusk, L77|78/304|[from] Volt Switch\n|cant|p1a: Regigigas|slp\n|move|p1a: Regigigas|Sleep Talk|p1a: Regigigas\n|move|p1a: Regigigas|Body Slam|p2a: Great Tusk|[from] move: Sleep Talk\n|-damage|p2a: Great Tusk|41/304\n|-status|p2a: Great Tusk|par\n|\n|-heal|p1a: Regigigas|272/322 slp|[from] item: Leftovers\n|upkeep\n|turn|18\n|\n|t:|1781432170\n|-end|p2a: Great Tusk|Protosynthesis|[silent]\n|switch|p2a: Luxray|Luxray, L88, F|235/284\n|-ability|p2a: Luxray|Intimidate|boost\n|-unboost|p1a: Regigigas|atk|1\n|-curestatus|p1a: Regigigas|slp|[msg]\n|move|p1a: Regigigas|Body Slam|p2a: Luxray\n|-damage|p2a: Luxray|201/284\n|\n|-heal|p1a: Regigigas|292/322|[from] item: Leftovers\n|-end|p1a: Regigigas|Slow Start\n|upkeep\n|turn|19\n|\n|t:|1781432174\n|move|p1a: Regigigas|Knock Off|p2a: Luxray\n|-damage|p2a: Luxray|145/284\n|-enditem|p2a: Luxray|Assault Vest|[from] move: Knock Off|[of] p1a: Regigigas\n|move|p2a: Luxray|Throat Chop|p1a: Regigigas\n|-supereffective|p1a: Regigigas\n|-damage|p1a: Regigigas|176/322\n|-start|p1a: Regigigas|Throat Chop|[silent]\n|\n|-heal|p1a: Regigigas|196/322|[from] item: Leftovers\n|upkeep\n|turn|20\n|\n|t:|1781432184\n|move|p1a: Regigigas|Body Slam|p2a: Luxray\n|-damage|p2a: Luxray|69/284\n|move|p2a: Luxray|Throat Chop|p1a: Regigigas\n|-supereffective|p1a: Regigigas\n|-damage|p1a: Regigigas|62/322\n|\n|-heal|p1a: Regigigas|82/322|[from] item: Leftovers\n|-end|p1a: Regigigas|Throat Chop|[silent]\n|upkeep\n|turn|21\n|\n|t:|1781432188\n|move|p1a: Regigigas|Rest|p1a: Regigigas\n|-status|p1a: Regigigas|slp|[from] move: Rest\n|-heal|p1a: Regigigas|322/322 slp|[silent]\n|move|p2a: Luxray|Wild Charge|p1a: Regigigas\n|-damage|p1a: Regigigas|217/322 slp\n|-damage|p2a: Luxray|43/284|[from] Recoil\n|\n|-heal|p1a: Regigigas|237/322 slp|[from] item: Leftovers\n|upkeep\n|turn|22\n|\n|t:|1781432190\n|cant|p1a: Regigigas|slp\n|move|p1a: Regigigas|Sleep Talk|p1a: Regigigas\n|move|p1a: Regigigas|Rest||[from] move: Sleep Talk|[still]\n|-fail|p1a: Regigigas\n|move|p2a: Luxray|Throat Chop|p1a: Regigigas\n|-supereffective|p1a: Regigigas\n|-damage|p1a: Regigigas|123/322 slp\n|-start|p1a: Regigigas|Throat Chop|[silent]\n|\n|-heal|p1a: Regigigas|143/322 slp|[from] item: Leftovers\n|upkeep\n|turn|23\n|\n|t:|1781432195\n|cant|p1a: Regigigas|slp\n|move|p1a: Regigigas|Sleep Talk|p1a: Regigigas\n|move|p1a: Regigigas|Rest||[from] move: Sleep Talk|[still]\n|-fail|p1a: Regigigas\n|move|p2a: Luxray|Throat Chop|p1a: Regigigas\n|-supereffective|p1a: Regigigas\n|-damage|p1a: Regigigas|25/322 slp\n|\n|-heal|p1a: Regigigas|45/322 slp|[from] item: Leftovers\n|-end|p1a: Regigigas|Throat Chop|[silent]\n|upkeep\n|turn|24\n|\n|t:|1781432198\n|-curestatus|p1a: Regigigas|slp|[msg]\n|move|p1a: Regigigas|Rest|p1a: Regigigas\n|-status|p1a: Regigigas|slp|[from] move: Rest\n|-heal|p1a: Regigigas|322/322 slp|[silent]\n|move|p2a: Luxray|Throat Chop|p1a: Regigigas\n|-supereffective|p1a: Regigigas\n|-damage|p1a: Regigigas|192/322 slp\n|-start|p1a: Regigigas|Throat Chop|[silent]\n|\n|-heal|p1a: Regigigas|212/322 slp|[from] item: Leftovers\n|upkeep\n|turn|25\n|\n|t:|1781432200\n|cant|p1a: Regigigas|slp\n|move|p1a: Regigigas|Sleep Talk|p1a: Regigigas\n|move|p1a: Regigigas|Body Slam|p2a: Luxray|[from] move: Sleep Talk\n|-damage|p2a: Luxray|0 fnt\n|faint|p2a: Luxray\n|\n|-heal|p1a: Regigigas|232/322 slp|[from] item: Leftovers\n|-end|p1a: Regigigas|Throat Chop|[silent]\n|upkeep\n|\n|t:|1781432203\n|switch|p2a: Kingdra|Kingdra, L84, M|263/263\n|turn|26\n|\n|t:|1781432206\n|cant|p1a: Regigigas|slp\n|move|p1a: Regigigas|Sleep Talk|p1a: Regigigas\n|move|p1a: Regigigas|Rest||[from] move: Sleep Talk|[still]\n|-fail|p1a: Regigigas\n|move|p2a: Kingdra|Rain Dance|p2a: Kingdra\n|-weather|RainDance\n|\n|-weather|RainDance|[upkeep]\n|-heal|p1a: Regigigas|252/322 slp|[from] item: Leftovers\n|upkeep\n|turn|27\n|\n|t:|1781432214\n|move|p2a: Kingdra|Wave Crash|p1a: Regigigas\n|-damage|p1a: Regigigas|40/322 slp\n|-damage|p2a: Kingdra|193/263|[from] Recoil\n|-damage|p2a: Kingdra|167/263|[from] item: Life Orb\n|-curestatus|p1a: Regigigas|slp|[msg]\n|move|p1a: Regigigas|Knock Off|p2a: Kingdra\n|-damage|p2a: Kingdra|120/263\n|-enditem|p2a: Kingdra|Life Orb|[from] move: Knock Off|[of] p1a: Regigigas\n|\n|-weather|RainDance|[upkeep]\n|-heal|p1a: Regigigas|60/322|[from] item: Leftovers\n|upkeep\n|turn|28\n|\n|t:|1781432219\n|move|p2a: Kingdra|Wave Crash|p1a: Regigigas\n|-damage|p1a: Regigigas|0 fnt\n|faint|p1a: Regigigas\n|-end|p1a: Regigigas|Slow Start|[silent]\n|-damage|p2a: Kingdra|100/263|[from] Recoil\n|\n|-weather|RainDance|[upkeep]\n|upkeep\n|\n|t:|1781432222\n|switch|p1a: Bellibolt|Bellibolt, L84, F|320/320\n|turn|29\n|\n|t:|1781432227\n|move|p2a: Kingdra|Wave Crash|p1a: Bellibolt\n|-damage|p1a: Bellibolt|128/320\n|-start|p1a: Bellibolt|Charge|Wave Crash|[from] ability: Electromorphosis\n|-damage|p2a: Kingdra|37/263|[from] Recoil\n|move|p1a: Bellibolt|Thunderbolt|p2a: Kingdra\n|-damage|p2a: Kingdra|0 fnt\n|faint|p2a: Kingdra\n|-end|p1a: Bellibolt|Charge|[silent]\n|\n|-weather|RainDance|[upkeep]\n|-heal|p1a: Bellibolt|148/320|[from] item: Leftovers\n|upkeep\n|\n|t:|1781432232\n|switch|p2a: Blastoise|Blastoise, L80, F|258/258\n|turn|30\n|\n|t:|1781432239\n|-terastallize|p2a: Blastoise|Ground\n|move|p2a: Blastoise|Shell Smash|p2a: Blastoise\n|-unboost|p2a: Blastoise|def|1\n|-unboost|p2a: Blastoise|spd|1\n|-boost|p2a: Blastoise|atk|2\n|-boost|p2a: Blastoise|spa|2\n|-boost|p2a: Blastoise|spe|2\n|-enditem|p2a: Blastoise|White Herb\n|-clearnegativeboost|p2a: Blastoise|[silent]\n|move|p1a: Bellibolt|Toxic|p2a: Blastoise\n|-status|p2a: Blastoise|tox\n|\n|-weather|none\n|-heal|p1a: Bellibolt|168/320|[from] item: Leftovers\n|-damage|p2a: Blastoise|242/258 tox|[from] psn\n|upkeep\n|turn|31\n|\n|t:|1781432244\n|move|p2a: Blastoise|Earthquake|p1a: Bellibolt\n|-supereffective|p1a: Bellibolt\n|-damage|p1a: Bellibolt|0 fnt\n|faint|p1a: Bellibolt\n|\n|-damage|p2a: Blastoise|210/258 tox|[from] psn\n|upkeep\n|\n|t:|1781432248\n|switch|p1a: Ursaluna|Ursaluna-Bloodmoon, L79, M|256/308\n|turn|32\n|\n|t:|1781432252\n|move|p2a: Blastoise|Ice Beam|p1a: Ursaluna\n|-supereffective|p1a: Ursaluna\n|-damage|p1a: Ursaluna|0 fnt\n|faint|p1a: Ursaluna\n|\n|-damage|p2a: Blastoise|162/258 tox|[from] psn\n|upkeep\n|\n|t:|1781432256\n|switch|p1a: Excadrill|Excadrill, L79, M|303/303\n|-ability|p1a: Excadrill|Mold Breaker\n|turn|33\n|\n|t:|1781432260\n|move|p2a: Blastoise|Earthquake|p1a: Excadrill\n|-supereffective|p1a: Excadrill\n|-damage|p1a: Excadrill|0 fnt\n|faint|p1a: Excadrill\n|\n|win|pagenfranskane\n", "inputlog": ">version a8376a258c1d4662feba110a92103f3664a72141\n>start {\"formatid\":\"gen9randombattle\",\"seed\":\"sodium,ceb522ee45b01d06900df89dd8255d66\",\"rated\":\"Rated battle\"}\n>player p1 {\"name\":\"Tuki VN\",\"avatar\":\"lance-gen1rb\",\"rating\":2010,\"seed\":\"sodium,2b5067f0fc0afaf4fc69affc2ce207d1\"}\n>player p2 {\"name\":\"pagenfranskane\",\"avatar\":\"battlegirl\",\"rating\":1926,\"seed\":\"sodium,d57e6ec7df52cdbd8c16ca22d9d70365\"}\n>p1 move poltergeist\n>p2 move knockoff\n>p1 move poltergeist\n>p2 move ironhead\n>p1 move shadowsneak\n>p2 move ironhead\n>p1 switch 4\n>p1 move calmmind\n>p2 move knockoff\n>p1 move calmmind\n>p2 move ironhead\n>p1 move moonlight\n>p2 move earthquake\n>p1 move calmmind\n>p2 move earthquake\n>p1 move moonlight\n>p2 move earthquake\n>p1 move calmmind\n>p2 move earthquake\n>p1 move moonlight\n>p2 move ironhead\n>p1 move vacuumwave\n>p2 move ironhead\n>p2 switch 5\n>p1 switch 3\n>p2 move closecombat\n>p1 move earthquake\n>p2 move earthquake\n>p1 switch 6\n>p1 move bodyslam\n>p2 move closecombat\n>p1 move rest terastallize\n>p2 move earthquake\n>p1 move sleeptalk\n>p2 switch 2\n>p1 move sleeptalk\n>p2 move voltswitch\n>p2 switch 2\n>p1 move bodyslam\n>p2 switch 2\n>p1 move knockoff\n>p2 move throatchop\n>p1 move bodyslam\n>p2 move throatchop\n>p1 move rest\n>p2 move wildcharge\n>p1 move sleeptalk\n>p2 move throatchop\n>p1 move sleeptalk\n>p2 move throatchop\n>p1 move rest\n>p2 move throatchop\n>p1 move sleeptalk\n>p2 move throatchop\n>p2 switch 6\n>p1 move sleeptalk\n>p2 move raindance\n>p1 move knockoff\n>p2 move wavecrash\n>p1 move rest\n>p2 move wavecrash\n>p1 switch 5\n>p1 move thunderbolt\n>p2 move wavecrash\n>p2 switch 3\n>p1 move toxic\n>p2 move shellsmash terastallize\n>p1 move muddywater\n>p2 move earthquake\n>p1 switch 3\n>p1 move bloodmoon\n>p2 move icebeam\n>p1 switch 2\n>p1 move earthquake\n>p2 move earthquake", "uploadtime": 1781431994, "views": 6, "formatid": "gen9randombattle", "rating": null, "private": 0, "password": null}