{"id": "gen9randombattle-2631496764", "format": "[Gen 9] Random Battle", "players": ["reqn", "Profschnitzel"], "log": "|j|\u2606reqn\n|j|\u2606Profschnitzel\n|t:|1781392490\n|gametype|singles\n|player|p1|reqn|preschooler|1989\n|player|p2|Profschnitzel|steven|1987\n|gen|9\n|tier|[Gen 9] Random Battle\n|rated|\n|rule|Species Clause: Limit one of each Pok\u00e9mon\n|rule|HP Percentage Mod: HP is shown in percentages\n|rule|Sleep Clause Mod: Limit one foe put to sleep\n|rule|Illusion Level Mod: Illusion disguises the Pok\u00e9mon's true level\n|\n|t:|1781392490\n|teamsize|p1|6\n|teamsize|p2|6\n|start\n|switch|p1a: Scream Tail|Scream Tail, L84|330/330\n|switch|p2a: Eternatus|Eternatus, L69|308/308\n|-ability|p2a: Eternatus|Pressure\n|turn|1\n|inactive|Battle timer is ON: inactive players will automatically lose when time's up. (requested by Profschnitzel)\n|\n|t:|1781392514\n|-end|p1a: Scream Tail|Protosynthesis|[silent]\n|switch|p1a: Dragalge|Dragalge, L88, M|258/258\n|move|p2a: Eternatus|Sludge Bomb|p1a: Dragalge\n|-resisted|p1a: Dragalge\n|-damage|p1a: Dragalge|234/258\n|\n|upkeep\n|turn|2\n|\n|t:|1781392538\n|switch|p2a: Ninetales|Ninetales-Alola, L78, F|242/242\n|-weather|Snowscape|[from] ability: Snow Warning|[of] p2a: Ninetales\n|move|p1a: Dragalge|Dragon Tail|p2a: Ninetales\n|-immune|p2a: Ninetales\n|\n|-weather|Snowscape|[upkeep]\n|upkeep\n|turn|3\n|\n|t:|1781392547\n|move|p2a: Ninetales|Aurora Veil|p2a: Ninetales\n|-sidestart|p2: Profschnitzel|move: Aurora Veil\n|move|p1a: Dragalge|Sludge Wave|p2a: Ninetales\n|-supereffective|p2a: Ninetales\n|-crit|p2a: Ninetales\n|-damage|p2a: Ninetales|0 fnt\n|faint|p2a: Ninetales\n|\n|-weather|Snowscape|[upkeep]\n|upkeep\n|\n|t:|1781392562\n|switch|p2a: Torkoal|Torkoal, L88, M|266/266\n|-weather|SunnyDay|[from] ability: Drought|[of] p2a: Torkoal\n|turn|4\n|inactive|reqn has 120 seconds left.\n|\n|t:|1781392599\n|switch|p1a: Scream Tail|Scream Tail, L84|330/330\n|-activate|p1a: Scream Tail|ability: Protosynthesis\n|-start|p1a: Scream Tail|protosynthesisspd\n|move|p2a: Torkoal|Yawn|p1a: Scream Tail\n|-start|p1a: Scream Tail|move: Yawn|[of] p2a: Torkoal\n|\n|-weather|SunnyDay|[upkeep]\n|upkeep\n|turn|5\n|inactive|reqn has 120 seconds left.\n|\n|t:|1781392616\n|-end|p1a: Scream Tail|Protosynthesis|[silent]\n|switch|p1a: Dragalge|Dragalge, L88, M|234/258\n|move|p2a: Torkoal|Yawn|p1a: Dragalge\n|-start|p1a: Dragalge|move: Yawn|[of] p2a: Torkoal\n|\n|-weather|SunnyDay|[upkeep]\n|upkeep\n|turn|6\n|\n|t:|1781392622\n|switch|p1a: Scream Tail|Scream Tail, L84|330/330\n|-activate|p1a: Scream Tail|ability: Protosynthesis\n|-start|p1a: Scream Tail|protosynthesisspd\n|switch|p2a: Eternatus|Eternatus, L69|308/308\n|-ability|p2a: Eternatus|Pressure\n|\n|-weather|SunnyDay|[upkeep]\n|upkeep\n|turn|7\n|inactive|reqn has 120 seconds left.\n|\n|t:|1781392649\n|-end|p1a: Scream Tail|Protosynthesis|[silent]\n|switch|p1a: Dragalge|Dragalge, L88, M|234/258\n|move|p2a: Eternatus|Meteor Beam||[still]\n|-prepare|p2a: Eternatus|Meteor Beam\n|-boost|p2a: Eternatus|spa|1\n|-enditem|p2a: Eternatus|Power Herb\n|-anim|p2a: Eternatus|Meteor Beam|p1a: Dragalge|[miss]\n|-miss|p2a: Eternatus|p1a: Dragalge\n|\n|-weather|SunnyDay|[upkeep]\n|upkeep\n|turn|8\n|\n|t:|1781392659\n|move|p2a: Eternatus|Dynamax Cannon|p1a: Dragalge\n|-supereffective|p1a: Dragalge\n|-damage|p1a: Dragalge|78/258\n|move|p1a: Dragalge|Dragon Tail|p2a: Eternatus|[miss]\n|-miss|p1a: Dragalge|p2a: Eternatus\n|\n|-weather|none\n|upkeep\n|turn|9\n|\n|t:|1781392666\n|move|p2a: Eternatus|Sludge Bomb|p1a: Dragalge\n|-resisted|p1a: Dragalge\n|-damage|p1a: Dragalge|45/258\n|move|p1a: Dragalge|Dragon Tail|p2a: Eternatus\n|-supereffective|p2a: Eternatus\n|-damage|p2a: Eternatus|216/308\n|drag|p2a: Rotom|Rotom-Heat, L83|219/219\n|\n|upkeep\n|turn|10\n|\n|t:|1781392686\n|move|p2a: Rotom|Discharge|p1a: Dragalge\n|-resisted|p1a: Dragalge\n|-damage|p1a: Dragalge|24/258\n|move|p1a: Dragalge|Dragon Tail|p2a: Rotom\n|-damage|p2a: Rotom|186/219\n|drag|p2a: Eternatus|Eternatus, L69|216/308\n|-ability|p2a: Eternatus|Pressure\n|\n|-sideend|p2: Profschnitzel|move: Aurora Veil\n|upkeep\n|turn|11\n|\n|t:|1781392695\n|move|p2a: Eternatus|Dynamax Cannon|p1a: Dragalge\n|-supereffective|p1a: Dragalge\n|-damage|p1a: Dragalge|0 fnt\n|faint|p1a: Dragalge\n|\n|upkeep\n|\n|t:|1781392701\n|switch|p1a: Girafarig|Girafarig, L89, F|269/269\n|turn|12\n|\n|t:|1781392709\n|switch|p2a: Torkoal|Torkoal, L88, M|266/266\n|-weather|SunnyDay|[from] ability: Drought|[of] p2a: Torkoal\n|move|p1a: Girafarig|Nasty Plot|p1a: Girafarig\n|-boost|p1a: Girafarig|spa|2\n|\n|-weather|SunnyDay|[upkeep]\n|upkeep\n|turn|13\n|inactive|reqn has 120 seconds left.\n|\n|t:|1781392716\n|move|p1a: Girafarig|Hyper Voice|p2a: Torkoal\n|-damage|p2a: Torkoal|38/266\n|move|p2a: Torkoal|Yawn|p1a: Girafarig\n|-start|p1a: Girafarig|move: Yawn|[of] p2a: Torkoal\n|\n|-weather|SunnyDay|[upkeep]\n|upkeep\n|turn|14\n|\n|t:|1781392721\n|switch|p1a: Scream Tail|Scream Tail, L84|330/330\n|-activate|p1a: Scream Tail|ability: Protosynthesis\n|-start|p1a: Scream Tail|protosynthesisspd\n|move|p2a: Torkoal|Yawn|p1a: Scream Tail\n|-start|p1a: Scream Tail|move: Yawn|[of] p2a: Torkoal\n|\n|-weather|SunnyDay|[upkeep]\n|upkeep\n|turn|15\n|\n|t:|1781392731\n|move|p1a: Scream Tail|Wish|p1a: Scream Tail\n|move|p2a: Torkoal|Yawn||[still]\n|-fail|p2a: Torkoal\n|\n|-weather|SunnyDay|[upkeep]\n|-end|p1a: Scream Tail|move: Yawn|[silent]\n|-status|p1a: Scream Tail|slp\n|upkeep\n|turn|16\n|\n|t:|1781392740\n|switch|p2a: Slaking|Slaking, L84, F|389/389\n|cant|p1a: Scream Tail|slp\n|\n|-weather|none\n|-end|p1a: Scream Tail|Protosynthesis\n|upkeep\n|turn|17\n|\n|t:|1781392756\n|cant|p1a: Scream Tail|slp\n|move|p2a: Slaking|Knock Off|p1a: Scream Tail\n|-damage|p1a: Scream Tail|233/330 slp\n|-enditem|p1a: Scream Tail|Leftovers|[from] move: Knock Off|[of] p2a: Slaking\n|\n|upkeep\n|turn|18\n|\n|t:|1781392764\n|switch|p2a: Torkoal|Torkoal, L88, M|38/266\n|-weather|SunnyDay|[from] ability: Drought|[of] p2a: Torkoal\n|-activate|p1a: Scream Tail|ability: Protosynthesis\n|-start|p1a: Scream Tail|protosynthesisspd\n|cant|p1a: Scream Tail|slp\n|\n|-weather|SunnyDay|[upkeep]\n|upkeep\n|turn|19\n|\n|t:|1781392773\n|-curestatus|p1a: Scream Tail|slp|[msg]\n|move|p1a: Scream Tail|Wish|p1a: Scream Tail\n|move|p2a: Torkoal|Yawn|p1a: Scream Tail\n|-start|p1a: Scream Tail|move: Yawn|[of] p2a: Torkoal\n|\n|-weather|SunnyDay|[upkeep]\n|upkeep\n|turn|20\n|\n|t:|1781392782\n|move|p1a: Scream Tail|Thunder Wave|p2a: Torkoal\n|-status|p2a: Torkoal|par\n|move|p2a: Torkoal|Lava Plume|p1a: Scream Tail\n|-damage|p1a: Scream Tail|152/330\n|\n|-weather|SunnyDay|[upkeep]\n|-heal|p1a: Scream Tail|317/330|[from] move: Wish|[wisher] Scream Tail\n|-end|p1a: Scream Tail|move: Yawn|[silent]\n|-status|p1a: Scream Tail|slp\n|upkeep\n|turn|21\n|\n|t:|1781392788\n|switch|p2a: Dragapult|Dragapult, L77, F|262/262\n|cant|p1a: Scream Tail|slp\n|\n|-weather|SunnyDay|[upkeep]\n|upkeep\n|turn|22\n|\n|t:|1781392801\n|move|p2a: Dragapult|Dragon Dance|p2a: Dragapult\n|-boost|p2a: Dragapult|atk|1\n|-boost|p2a: Dragapult|spe|1\n|-curestatus|p1a: Scream Tail|slp|[msg]\n|move|p1a: Scream Tail|Wish|p1a: Scream Tail\n|\n|-weather|none\n|-end|p1a: Scream Tail|Protosynthesis\n|upkeep\n|turn|23\n|\n|t:|1781392808\n|-terastallize|p2a: Dragapult|Ghost\n|move|p2a: Dragapult|Tera Blast|p1a: Scream Tail|[anim] Tera Blast Ghost\n|-supereffective|p1a: Scream Tail\n|-damage|p1a: Scream Tail|0 fnt\n|faint|p1a: Scream Tail\n|-end|p1a: Scream Tail|Protosynthesis|[silent]\n|-damage|p2a: Dragapult|236/262|[from] item: Life Orb\n|\n|upkeep\n|\n|t:|1781392823\n|switch|p1a: Sunflora|Sunflora, M|312/312\n|turn|24\n|\n|t:|1781392834\n|move|p2a: Dragapult|Dragon Darts|p1a: Sunflora\n|-damage|p1a: Sunflora|183/312\n|-anim|p2a: Dragapult|Dragon Darts|p1a: Sunflora\n|-damage|p1a: Sunflora|58/312\n|-damage|p2a: Dragapult|210/262|[from] item: Life Orb\n|move|p1a: Sunflora|Earth Power|p2a: Dragapult\n|-damage|p2a: Dragapult|48/262\n|-damage|p1a: Sunflora|27/312|[from] item: Life Orb\n|\n|upkeep\n|turn|25\n|\n|t:|1781392840\n|move|p2a: Dragapult|Dragon Darts|p1a: Sunflora\n|-damage|p1a: Sunflora|0 fnt\n|faint|p1a: Sunflora\n|-damage|p2a: Dragapult|22/262|[from] item: Life Orb\n|\n|upkeep\n|\n|t:|1781392849\n|switch|p1a: Arceus|Arceus-Grass, L73|296/296\n|turn|26\n|\n|t:|1781392859\n|move|p2a: Dragapult|Dragon Darts|p1a: Arceus\n|-damage|p1a: Arceus|205/296\n|-anim|p2a: Dragapult|Dragon Darts|p1a: Arceus\n|-damage|p1a: Arceus|118/296\n|-damage|p2a: Dragapult|0 fnt|[from] item: Life Orb\n|faint|p2a: Dragapult\n|move|p1a: Arceus|Calm Mind|p1a: Arceus\n|-boost|p1a: Arceus|spa|1\n|-boost|p1a: Arceus|spd|1\n|\n|upkeep\n|\n|t:|1781392866\n|switch|p2a: Slaking|Slaking, L84, F|389/389\n|turn|27\n|\n|t:|1781392871\n|move|p2a: Slaking|Double-Edge|p1a: Arceus\n|-damage|p1a: Arceus|0 fnt\n|faint|p1a: Arceus\n|-damage|p2a: Slaking|350/389|[from] Recoil\n|\n|upkeep\n|\n|t:|1781392876\n|switch|p1a: Girafarig|Girafarig, L89, F|269/269\n|turn|28\n|\n|t:|1781392879\n|switch|p2a: Torkoal|Torkoal, L88, M|38/266 par\n|-weather|SunnyDay|[from] ability: Drought|[of] p2a: Torkoal\n|move|p1a: Girafarig|Nasty Plot|p1a: Girafarig\n|-boost|p1a: Girafarig|spa|2\n|\n|-weather|SunnyDay|[upkeep]\n|upkeep\n|turn|29\n|\n|t:|1781392885\n|move|p1a: Girafarig|Hyper Voice|p2a: Torkoal\n|-damage|p2a: Torkoal|0 fnt\n|faint|p2a: Torkoal\n|\n|-weather|SunnyDay|[upkeep]\n|upkeep\n|\n|t:|1781392887\n|switch|p2a: Slaking|Slaking, L84, F|350/389\n|turn|30\n|\n|t:|1781392896\n|move|p2a: Slaking|Knock Off|p1a: Girafarig\n|-supereffective|p1a: Girafarig\n|-damage|p1a: Girafarig|111/269\n|-enditem|p1a: Girafarig|Eviolite|[from] move: Knock Off|[of] p2a: Slaking\n|move|p1a: Girafarig|Hyper Voice|p2a: Slaking\n|-damage|p2a: Slaking|112/389\n|\n|-weather|SunnyDay|[upkeep]\n|upkeep\n|turn|31\n|\n|t:|1781392904\n|switch|p2a: Eternatus|Eternatus, L69|216/308\n|-ability|p2a: Eternatus|Pressure\n|move|p1a: Girafarig|Hyper Voice|p2a: Eternatus\n|-damage|p2a: Eternatus|0 fnt\n|faint|p2a: Eternatus\n|\n|-weather|SunnyDay|[upkeep]\n|upkeep\n|\n|t:|1781392910\n|switch|p2a: Slaking|Slaking, L84, F|112/389\n|turn|32\n|\n|t:|1781392918\n|move|p2a: Slaking|Double-Edge|p1a: Girafarig\n|-damage|p1a: Girafarig|0 fnt\n|faint|p1a: Girafarig\n|-damage|p2a: Slaking|75/389|[from] Recoil\n|\n|-weather|none\n|upkeep\n|\n|t:|1781392921\n|switch|p1a: Cinderace|Cinderace, L77, M|249/249\n|turn|33\n|c|\u2606Profschnitzel|gg if i land later\n|c|\u2606Profschnitzel|gg either way haha\n|\n|t:|1781392949\n|switch|p2a: Rotom|Rotom-Heat, L83|186/219\n|move|p1a: Cinderace|High Jump Kick|p2a: Rotom\n|-start|p1a: Cinderace|typechange|Fighting|[from] ability: Libero\n|-damage|p2a: Rotom|0 fnt\n|faint|p2a: Rotom\n|\n|upkeep\n|\n|t:|1781392955\n|switch|p2a: Slaking|Slaking, L84, F|75/389\n|turn|34\n|\n|t:|1781392978\n|move|p2a: Slaking|Giga Impact|p1a: Cinderace\n|-damage|p1a: Cinderace|0 fnt\n|-mustrecharge|p2a: Slaking\n|faint|p1a: Cinderace\n|\n|win|Profschnitzel\n", "inputlog": ">version a8376a258c1d4662feba110a92103f3664a72141\n>start {\"formatid\":\"gen9randombattle\",\"seed\":\"sodium,535214fca190164556d6849142c09b24\",\"rated\":\"Rated battle\"}\n>player p1 {\"name\":\"reqn\",\"avatar\":\"preschooler\",\"rating\":1989,\"seed\":\"sodium,fe14fd78fdc39bb6c8c1dc1a68062b0c\"}\n>player p2 {\"name\":\"Profschnitzel\",\"avatar\":\"steven\",\"rating\":1987,\"seed\":\"sodium,1bc61684d0c6b51de67988da66d2726d\"}\n>p1 switch 5\n>p2 move sludgebomb\n>p1 move dragontail\n>p2 switch 3\n>p1 move sludgewave\n>p2 move auroraveil\n>p2 switch 6\n>p1 switch 5\n>p2 move yawn\n>p1 switch 5\n>p2 move yawn\n>p1 switch 5\n>p2 switch 3\n>p1 switch 5\n>p2 move meteorbeam\n>p1 move dragontail\n>p2 move dynamaxcannon\n>p1 move dragontail\n>p2 move sludgebomb\n>p1 move dragontail\n>p2 move discharge\n>p1 move dracometeor\n>p2 move dynamaxcannon\n>p1 switch 2\n>p1 move nastyplot\n>p2 switch 3\n>p1 move hypervoice\n>p2 move yawn\n>p1 switch 5\n>p2 move yawn\n>p1 move wish\n>p2 move yawn\n>p1 move playrough\n>p2 switch 5\n>p1 move protect\n>p2 move knockoff\n>p1 move thunderwave\n>p2 switch 5\n>p1 move wish\n>p2 move yawn\n>p1 move thunderwave\n>p2 move lavaplume\n>p1 move playrough\n>p2 switch 4\n>p1 move wish\n>p2 move dragondance\n>p1 move thunderwave\n>p2 move terablast terastallize\n>p1 switch 4\n>p1 move earthpower\n>p2 move dragondarts\n>p1 move earthpower\n>p2 move dragondarts\n>p1 switch 3\n>p1 move calmmind\n>p2 move dragondarts\n>p2 switch 5\n>p1 move judgment\n>p2 move doubleedge\n>p1 switch 5\n>p1 move nastyplot\n>p2 switch 4\n>p1 move hypervoice\n>p2 move yawn\n>p2 switch 4\n>p1 move hypervoice\n>p2 move knockoff\n>p1 move hypervoice\n>p2 switch 3\n>p2 switch 3\n>p1 move psyshock\n>p2 move doubleedge\n>p1 switch 6\n>chat \u2606Profschnitzel|gg if i land later\n>chat \u2606Profschnitzel|gg either way haha\n>p1 move highjumpkick\n>p2 switch 2\n>p2 switch 2\n>p1 move highjumpkick\n>p2 move gigaimpact", "uploadtime": 1781392492, "views": 4, "formatid": "gen9randombattle", "rating": null, "private": 0, "password": null}