{"id": "gen9randombattle-2631556427", "format": "[Gen 9] Random Battle", "players": ["AdvancedWelfare", "RINKITO"], "log": "|j|\u2606AdvancedWelfare\n|j|\u2606RINKITO\n|t:|1781400858\n|gametype|singles\n|player|p1|AdvancedWelfare|ghetsis|1929\n|player|p2|RINKITO|caitlin|1905\n|gen|9\n|tier|[Gen 9] Random Battle\n|rated|\n|rule|Species Clause: Limit one of each Pok\u00e9mon\n|rule|HP Percentage Mod: HP is shown in percentages\n|rule|Sleep Clause Mod: Limit one foe put to sleep\n|rule|Illusion Level Mod: Illusion disguises the Pok\u00e9mon's true level\n|\n|t:|1781400858\n|teamsize|p1|6\n|teamsize|p2|6\n|start\n|switch|p1a: Spectrier|Spectrier, L75|274/274\n|switch|p2a: Greninja|Greninja, L80, M|246/246\n|turn|1\n|\n|t:|1781400872\n|switch|p1a: Morpeko|Morpeko, L88, F|245/245\n|move|p2a: Greninja|Spikes|p1a: Morpeko\n|-start|p2a: Greninja|typechange|Ground|[from] ability: Protean\n|-sidestart|p1: AdvancedWelfare|Spikes\n|\n|-formechange|p1a: Morpeko|Morpeko-Hangry||[from] ability: Hunger Switch\n|upkeep\n|turn|2\n|\n|t:|1781400895\n|switch|p2a: Groudon|Groudon, L72|263/263\n|-weather|SunnyDay|[from] ability: Drought|[of] p2a: Groudon\n|move|p1a: Morpeko|Aura Wheel|p2a: Groudon\n|-damage|p2a: Groudon|169/263\n|-boost|p1a: Morpeko|spe|1\n|\n|-weather|SunnyDay|[upkeep]\n|-heal|p2a: Groudon|185/263|[from] item: Leftovers\n|-formechange|p1a: Morpeko|Morpeko||[from] ability: Hunger Switch\n|upkeep\n|turn|3\n|\n|t:|1781400907\n|switch|p1a: Heatran|Heatran, L79, M|273/273\n|-item|p1a: Heatran|Air Balloon\n|move|p2a: Groudon|Precipice Blades|p1a: Heatran\n|-immune|p1a: Heatran\n|\n|-weather|SunnyDay|[upkeep]\n|-heal|p2a: Groudon|201/263|[from] item: Leftovers\n|upkeep\n|turn|4\n|\n|t:|1781400925\n|switch|p2a: Greninja|Greninja, L80, M|246/246\n|move|p1a: Heatran|Magma Storm|p2a: Greninja\n|-resisted|p2a: Greninja\n|-damage|p2a: Greninja|140/246\n|-activate|p2a: Greninja|move: Magma Storm|[of] p1a: Heatran\n|\n|-weather|SunnyDay|[upkeep]\n|-damage|p2a: Greninja|110/246|[from] move: Magma Storm|[partiallytrapped]\n|upkeep\n|turn|5\n|\n|t:|1781400937\n|move|p2a: Greninja|Hydro Pump|p1a: Heatran\n|-start|p2a: Greninja|typechange|Water|[from] ability: Protean\n|-supereffective|p1a: Heatran\n|-damage|p1a: Heatran|148/273\n|-enditem|p1a: Heatran|Air Balloon\n|-damage|p2a: Greninja|86/246|[from] item: Life Orb\n|move|p1a: Heatran|Magma Storm|p2a: Greninja\n|-resisted|p2a: Greninja\n|-crit|p2a: Greninja\n|-damage|p2a: Greninja|0 fnt\n|faint|p2a: Greninja\n|\n|-weather|SunnyDay|[upkeep]\n|upkeep\n|\n|t:|1781400956\n|switch|p2a: Groudon|Groudon, L72|201/263\n|turn|6\n|\n|t:|1781400962\n|switch|p1a: Dodrio|Dodrio, L85, M|241/241\n|move|p2a: Groudon|Precipice Blades|p1a: Dodrio\n|-immune|p1a: Dodrio\n|\n|-weather|none\n|-heal|p2a: Groudon|217/263|[from] item: Leftovers\n|upkeep\n|turn|7\n|\n|t:|1781400973\n|switch|p2a: Forretress|Forretress, L84, M|263/263\n|move|p1a: Dodrio|Brave Bird|p2a: Forretress\n|-damage|p2a: Forretress|124/263\n|-damage|p1a: Dodrio|195/241|[from] Recoil\n|\n|-heal|p2a: Forretress|140/263|[from] item: Leftovers\n|upkeep\n|turn|8\n|\n|t:|1781400984\n|move|p1a: Dodrio|Brave Bird|p2a: Forretress\n|-damage|p2a: Forretress|0 fnt\n|faint|p2a: Forretress\n|-damage|p1a: Dodrio|149/241|[from] Recoil\n|\n|upkeep\n|\n|t:|1781401002\n|switch|p2a: Minun|Minun, L95, M|268/268\n|turn|9\n|\n|t:|1781401013\n|move|p1a: Dodrio|Brave Bird|p2a: Minun\n|-resisted|p2a: Minun\n|-damage|p2a: Minun|123/268\n|-damage|p1a: Dodrio|101/241|[from] Recoil\n|move|p2a: Minun|Nasty Plot|p2a: Minun\n|-boost|p2a: Minun|spa|2\n|\n|upkeep\n|turn|10\n|\n|t:|1781401030\n|move|p1a: Dodrio|Brave Bird|p2a: Minun\n|-resisted|p2a: Minun\n|-damage|p2a: Minun|0 fnt\n|faint|p2a: Minun\n|-damage|p1a: Dodrio|60/241|[from] Recoil\n|\n|upkeep\n|\n|t:|1781401035\n|switch|p2a: Lokix|Lokix, L82, F|251/251\n|turn|11\n|\n|t:|1781401041\n|switch|p1a: Heatran|Heatran, L79, M|148/273\n|-damage|p1a: Heatran|114/273|[from] Spikes\n|move|p2a: Lokix|First Impression|p1a: Heatran\n|-resisted|p1a: Heatran\n|-damage|p1a: Heatran|66/273\n|\n|upkeep\n|turn|12\n|\n|t:|1781401050\n|move|p2a: Lokix|Knock Off|p1a: Heatran\n|-damage|p1a: Heatran|8/273\n|move|p1a: Heatran|Magma Storm|p2a: Lokix\n|-supereffective|p2a: Lokix\n|-damage|p2a: Lokix|0 fnt\n|faint|p2a: Lokix\n|\n|upkeep\n|\n|t:|1781401055\n|switch|p2a: Conkeldurr|Conkeldurr, L80, F|299/299\n|turn|13\n|\n|t:|1781401061\n|move|p1a: Heatran|Magma Storm|p2a: Conkeldurr|[miss]\n|-miss|p1a: Heatran|p2a: Conkeldurr\n|move|p2a: Conkeldurr|Knock Off|p1a: Heatran\n|-damage|p1a: Heatran|0 fnt\n|faint|p1a: Heatran\n|\n|-status|p2a: Conkeldurr|brn|[from] item: Flame Orb\n|upkeep\n|\n|t:|1781401066\n|switch|p1a: Mimikyu|Mimikyu, L79, F|216/216\n|-damage|p1a: Mimikyu|189/216|[from] Spikes\n|turn|14\n|\n|t:|1781401071\n|move|p1a: Mimikyu|Swords Dance|p1a: Mimikyu\n|-boost|p1a: Mimikyu|atk|2\n|move|p2a: Conkeldurr|Knock Off|p1a: Mimikyu\n|-activate|p1a: Mimikyu|ability: Disguise\n|-damage|p1a: Mimikyu|189/216\n|-enditem|p1a: Mimikyu|Life Orb|[from] move: Knock Off|[of] p2a: Conkeldurr\n|detailschange|p1a: Mimikyu|Mimikyu-Busted, L79, F\n|-damage|p1a: Mimikyu|162/216|[from] pokemon: Mimikyu-Busted\n|\n|-damage|p2a: Conkeldurr|281/299 brn|[from] brn\n|upkeep\n|turn|15\n|\n|t:|1781401085\n|-terastallize|p2a: Conkeldurr|Normal\n|move|p1a: Mimikyu|Play Rough|p2a: Conkeldurr\n|-crit|p2a: Conkeldurr\n|-damage|p2a: Conkeldurr|35/299 brn\n|move|p2a: Conkeldurr|Knock Off|p1a: Mimikyu\n|-damage|p1a: Mimikyu|71/216\n|\n|-damage|p2a: Conkeldurr|17/299 brn|[from] brn\n|upkeep\n|turn|16\n|-message|RINKITO forfeited.\n|\n|win|AdvancedWelfare\n", "inputlog": ">version a8376a258c1d4662feba110a92103f3664a72141\n>start {\"formatid\":\"gen9randombattle\",\"seed\":\"sodium,fc72a95ba16994ef064341e0559206cc\",\"rated\":\"Rated battle\"}\n>player p1 {\"name\":\"AdvancedWelfare\",\"avatar\":\"ghetsis\",\"rating\":1929,\"seed\":\"sodium,18118d070467fd0b9316cdb528a81f09\"}\n>player p2 {\"name\":\"RINKITO\",\"avatar\":\"caitlin\",\"rating\":1905,\"seed\":\"sodium,febeb661b65947fb32ce0bddf3690d33\"}\n>p1 switch 3\n>p2 move spikes\n>p1 move aurawheel\n>p2 switch 6\n>p1 switch 6\n>p2 move precipiceblades\n>p1 move magmastorm\n>p2 switch 6\n>p1 move magmastorm\n>p2 move hydropump\n>p2 switch 6\n>p1 switch 2\n>p2 move precipiceblades\n>p1 move bravebird\n>p2 switch 3\n>p1 move bravebird\n>p2 move toxicspikes\n>p2 switch 2\n>p1 move bravebird\n>p2 move nastyplot\n>p1 move bravebird\n>p2 move thunderbolt\n>p2 switch 5\n>p1 switch 2\n>p2 move firstimpression\n>p1 move magmastorm\n>p2 move knockoff\n>p2 switch 4\n>p1 move magmastorm\n>p2 move knockoff\n>p1 switch 4\n>p1 move swordsdance\n>p2 move knockoff\n>p1 move playrough\n>p2 move knockoff terastallize\n>forcelose p2", "uploadtime": 1781400860, "views": 6, "formatid": "gen9randombattle", "rating": null, "private": 0, "password": null}