{"id": "gen9randombattle-2631410967", "format": "[Gen 9] Random Battle", "players": ["555v55", "JayCroc"], "log": "|j|\u2606555v55\n|j|\u2606JayCroc\n|t:|1781381372\n|gametype|singles\n|player|p1|555v55|iris|2062\n|player|p2|JayCroc|ivor|2121\n|gen|9\n|tier|[Gen 9] Random Battle\n|rated|\n|rule|Species Clause: Limit one of each Pok\u00e9mon\n|rule|HP Percentage Mod: HP is shown in percentages\n|rule|Sleep Clause Mod: Limit one foe put to sleep\n|rule|Illusion Level Mod: Illusion disguises the Pok\u00e9mon's true level\n|\n|t:|1781381372\n|teamsize|p1|6\n|teamsize|p2|6\n|start\n|switch|p1a: Articuno|Articuno-Galar, L84|288/288\n|switch|p2a: Florges|Florges-Orange, L85, F|271/271\n|turn|1\n|\n|t:|1781381389\n|switch|p1a: Vileplume|Vileplume, L85, M|266/266\n|move|p2a: Florges|Calm Mind|p2a: Florges\n|-boost|p2a: Florges|spa|1\n|-boost|p2a: Florges|spd|1\n|\n|upkeep\n|turn|2\n|\n|t:|1781381405\n|switch|p2a: Donphan|Donphan, L84, F|288/288\n|move|p1a: Vileplume|Sleep Powder|p2a: Donphan\n|-status|p2a: Donphan|slp|[from] move: Sleep Powder\n|\n|upkeep\n|turn|3\n|inactive|Battle timer is ON: inactive players will automatically lose when time's up. (requested by 555v55)\n|\n|t:|1781381413\n|switch|p2a: Uxie|Uxie, L83|260/260\n|move|p1a: Vileplume|Strength Sap|p2a: Uxie\n|-unboost|p2a: Uxie|atk|1\n|\n|upkeep\n|turn|4\n|\n|t:|1781381418\n|switch|p1a: Klefki|Klefki, L84, F|233/233\n|move|p2a: Uxie|Knock Off|p1a: Klefki\n|-resisted|p1a: Klefki\n|-damage|p1a: Klefki|216/233\n|-enditem|p1a: Klefki|Leftovers|[from] move: Knock Off|[of] p2a: Uxie\n|\n|upkeep\n|turn|5\n|\n|t:|1781381428\n|switch|p2a: Donphan|Donphan, L84, F|288/288 slp\n|move|p1a: Klefki|Spikes|p2a: Donphan\n|-sidestart|p2: JayCroc|Spikes\n|\n|upkeep\n|turn|6\n|\n|t:|1781381437\n|switch|p1a: Vileplume|Vileplume, L85, M|266/266\n|cant|p2a: Donphan|slp\n|\n|upkeep\n|turn|7\n|\n|t:|1781381442\n|move|p1a: Vileplume|Giga Drain|p2a: Donphan\n|-supereffective|p2a: Donphan\n|-damage|p2a: Donphan|124/288 slp\n|cant|p2a: Donphan|slp\n|\n|upkeep\n|turn|8\n|\n|t:|1781381448\n|switch|p2a: Uxie|Uxie, L83|260/260\n|move|p1a: Vileplume|Giga Drain|p2a: Uxie\n|-damage|p2a: Uxie|187/260\n|\n|-heal|p2a: Uxie|203/260|[from] item: Leftovers\n|upkeep\n|turn|9\n|\n|t:|1781381455\n|switch|p1a: Klefki|Klefki, L84, F|216/233\n|move|p2a: Uxie|Stealth Rock|p1a: Klefki\n|-sidestart|p1: 555v55|move: Stealth Rock\n|\n|-heal|p2a: Uxie|219/260|[from] item: Leftovers\n|upkeep\n|turn|10\n|\n|t:|1781381463\n|switch|p2a: Donphan|Donphan, L84, F|124/288 slp\n|-damage|p2a: Donphan|88/288 slp|[from] Spikes\n|move|p1a: Klefki|Spikes|p2a: Donphan\n|-sidestart|p2: JayCroc|Spikes\n|\n|upkeep\n|turn|11\n|\n|t:|1781381469\n|switch|p1a: Spectrier|Spectrier, L75|274/274\n|-damage|p1a: Spectrier|240/274|[from] Stealth Rock\n|cant|p2a: Donphan|slp\n|\n|-heal|p1a: Spectrier|257/274|[from] item: Leftovers\n|upkeep\n|turn|12\n|\n|t:|1781381480\n|switch|p2a: Brute Bonnet|Brute Bonnet, L80|309/309\n|-damage|p2a: Brute Bonnet|258/309|[from] Spikes\n|move|p1a: Spectrier|Shadow Ball|p2a: Brute Bonnet\n|-resisted|p2a: Brute Bonnet\n|-damage|p2a: Brute Bonnet|213/309\n|-unboost|p2a: Brute Bonnet|spd|1\n|\n|-heal|p1a: Spectrier|274/274|[from] item: Leftovers\n|-heal|p2a: Brute Bonnet|232/309|[from] item: Leftovers\n|upkeep\n|turn|13\n|\n|t:|1781381491\n|switch|p1a: Vileplume|Vileplume, L85, M|266/266\n|-damage|p1a: Vileplume|233/266|[from] Stealth Rock\n|move|p2a: Brute Bonnet|Crunch|p1a: Vileplume\n|-damage|p1a: Vileplume|131/266\n|-unboost|p1a: Vileplume|def|1\n|\n|-heal|p2a: Brute Bonnet|251/309|[from] item: Leftovers\n|-heal|p1a: Vileplume|147/266|[from] item: Leftovers\n|upkeep\n|turn|14\n|\n|t:|1781381502\n|switch|p1a: Klefki|Klefki, L84, F|216/233\n|-damage|p1a: Klefki|202/233|[from] Stealth Rock\n|move|p2a: Brute Bonnet|Crunch|p1a: Klefki\n|-resisted|p1a: Klefki\n|-damage|p1a: Klefki|155/233\n|\n|-heal|p2a: Brute Bonnet|270/309|[from] item: Leftovers\n|upkeep\n|turn|15\n|\n|t:|1781381512\n|move|p1a: Klefki|Spikes|p2a: Brute Bonnet\n|-sidestart|p2: JayCroc|Spikes\n|move|p2a: Brute Bonnet|Spore|p1a: Klefki\n|-status|p1a: Klefki|slp|[from] move: Spore\n|\n|-heal|p2a: Brute Bonnet|289/309|[from] item: Leftovers\n|upkeep\n|turn|16\n|\n|t:|1781381520\n|switch|p1a: Vileplume|Vileplume, L85, M|147/266\n|-damage|p1a: Vileplume|114/266|[from] Stealth Rock\n|move|p2a: Brute Bonnet|Crunch|p1a: Vileplume\n|-damage|p1a: Vileplume|18/266\n|\n|-heal|p2a: Brute Bonnet|308/309|[from] item: Leftovers\n|-heal|p1a: Vileplume|34/266|[from] item: Leftovers\n|upkeep\n|turn|17\n|\n|t:|1781381528\n|move|p1a: Vileplume|Strength Sap|p2a: Brute Bonnet\n|-unboost|p2a: Brute Bonnet|atk|1\n|-heal|p1a: Vileplume|266/266\n|move|p2a: Brute Bonnet|Crunch|p1a: Vileplume\n|-damage|p1a: Vileplume|194/266\n|\n|-heal|p2a: Brute Bonnet|309/309|[from] item: Leftovers\n|-heal|p1a: Vileplume|210/266|[from] item: Leftovers\n|upkeep\n|turn|18\n|\n|t:|1781381537\n|-end|p2a: Brute Bonnet|Protosynthesis|[silent]\n|switch|p2a: Uxie|Uxie, L83|219/260\n|move|p1a: Vileplume|Sludge Bomb|p2a: Uxie\n|-crit|p2a: Uxie\n|-damage|p2a: Uxie|98/260\n|\n|-heal|p2a: Uxie|114/260|[from] item: Leftovers\n|-heal|p1a: Vileplume|226/266|[from] item: Leftovers\n|upkeep\n|turn|19\n|\n|t:|1781381547\n|switch|p1a: Klefki|Klefki, L84, F|155/233 slp\n|-damage|p1a: Klefki|141/233 slp|[from] Stealth Rock\n|move|p2a: Uxie|Psychic Noise|p1a: Klefki\n|-resisted|p1a: Klefki\n|-damage|p1a: Klefki|109/233 slp\n|-start|p1a: Klefki|move: Heal Block\n|\n|-heal|p2a: Uxie|130/260|[from] item: Leftovers\n|upkeep\n|turn|20\n|\n|t:|1781381561\n|switch|p2a: Florges|Florges-Orange, L85, F|271/271\n|-damage|p2a: Florges|204/271|[from] Spikes\n|switch|p1a: Vileplume|Vileplume, L85, M|226/266\n|-damage|p1a: Vileplume|193/266|[from] Stealth Rock\n|\n|-heal|p2a: Florges|220/271|[from] item: Leftovers\n|-heal|p1a: Vileplume|209/266|[from] item: Leftovers\n|upkeep\n|turn|21\n|\n|t:|1781381571\n|-terastallize|p2a: Florges|Steel\n|move|p2a: Florges|Wish|p2a: Florges\n|move|p1a: Vileplume|Sludge Bomb|p2a: Florges\n|-immune|p2a: Florges\n|\n|-heal|p2a: Florges|236/271|[from] item: Leftovers\n|-heal|p1a: Vileplume|225/266|[from] item: Leftovers\n|upkeep\n|turn|22\n|\n|t:|1781381589\n|move|p2a: Florges|Calm Mind|p2a: Florges\n|-boost|p2a: Florges|spa|1\n|-boost|p2a: Florges|spd|1\n|move|p1a: Vileplume|Giga Drain|p2a: Florges\n|-resisted|p2a: Florges\n|-damage|p2a: Florges|217/271\n|-heal|p1a: Vileplume|235/266|[from] drain|[of] p2a: Florges\n|\n|-heal|p2a: Florges|271/271|[from] move: Wish|[wisher] Florges\n|-heal|p1a: Vileplume|251/266|[from] item: Leftovers\n|upkeep\n|turn|23\n|\n|t:|1781381599\n|switch|p1a: Furret|Furret, L94, F|312/312\n|-damage|p1a: Furret|273/312|[from] Stealth Rock\n|-item|p2a: Florges|Leftovers|[from] ability: Frisk|[of] p1a: Furret\n|move|p2a: Florges|Moonblast|p1a: Furret\n|-damage|p1a: Furret|44/312\n|\n|upkeep\n|turn|24\n|\n|t:|1781381610\n|switch|p2a: Hariyama|Hariyama, L87, M|392/392\n|-damage|p2a: Hariyama|294/392|[from] Spikes\n|move|p1a: Furret|Trick|p2a: Hariyama\n|-activate|p1a: Furret|move: Trick|[of] p2a: Hariyama\n|-item|p2a: Hariyama|Choice Band|[from] move: Trick\n|-item|p1a: Furret|Flame Orb|[from] move: Trick\n|\n|-status|p1a: Furret|brn|[from] item: Flame Orb\n|upkeep\n|turn|25\n|\n|t:|1781381618\n|move|p1a: Furret|Double-Edge|p2a: Hariyama\n|-damage|p2a: Hariyama|212/392\n|-damage|p1a: Furret|17/312 brn|[from] Recoil\n|move|p2a: Hariyama|Knock Off|p1a: Furret\n|-damage|p1a: Furret|0 fnt\n|-enditem|p1a: Furret|Flame Orb|[from] move: Knock Off|[of] p2a: Hariyama\n|faint|p1a: Furret\n|\n|upkeep\n|\n|t:|1781381646\n|switch|p1a: Iron Boulder|Iron Boulder, L77|265/265\n|-damage|p1a: Iron Boulder|232/265|[from] Stealth Rock\n|turn|26\n|\n|t:|1781381650\n|-terastallize|p1a: Iron Boulder|Fighting\n|move|p1a: Iron Boulder|Swords Dance|p1a: Iron Boulder\n|-boost|p1a: Iron Boulder|atk|2\n|move|p2a: Hariyama|Knock Off|p1a: Iron Boulder\n|-resisted|p1a: Iron Boulder\n|-damage|p1a: Iron Boulder|158/265\n|-enditem|p1a: Iron Boulder|Life Orb|[from] move: Knock Off|[of] p2a: Hariyama\n|\n|upkeep\n|turn|27\n|\n|t:|1781381657\n|move|p1a: Iron Boulder|Zen Headbutt|p2a: Hariyama\n|-supereffective|p2a: Hariyama\n|-damage|p2a: Hariyama|0 fnt\n|faint|p2a: Hariyama\n|\n|upkeep\n|\n|t:|1781381661\n|switch|p2a: Barraskewda|Barraskewda, L81, F|231/231\n|-damage|p2a: Barraskewda|174/231|[from] Spikes\n|turn|28\n|\n|t:|1781381668\n|-end|p1a: Iron Boulder|Quark Drive|[silent]\n|switch|p1a: Klefki|Klefki, L84, F|109/233 slp\n|-damage|p1a: Klefki|95/233 slp|[from] Stealth Rock\n|move|p2a: Barraskewda|Flip Turn|p1a: Klefki\n|-damage|p1a: Klefki|0 fnt\n|faint|p1a: Klefki\n|\n|t:|1781381674\n|switch|p2a: Uxie|Uxie, L83|130/260|[from] Flip Turn\n|\n|-heal|p2a: Uxie|146/260|[from] item: Leftovers\n|upkeep\n|\n|t:|1781381680\n|switch|p1a: Spectrier|Spectrier, L75|274/274\n|-damage|p1a: Spectrier|240/274|[from] Stealth Rock\n|turn|29\n|\n|t:|1781381687\n|move|p1a: Spectrier|Shadow Ball|p2a: Uxie\n|-supereffective|p2a: Uxie\n|-damage|p2a: Uxie|0 fnt\n|faint|p2a: Uxie\n|-ability|p1a: Spectrier|Grim Neigh|boost\n|-boost|p1a: Spectrier|spa|1\n|\n|-heal|p1a: Spectrier|257/274|[from] item: Leftovers\n|upkeep\n|\n|t:|1781381695\n|switch|p2a: Barraskewda|Barraskewda, L81, F|174/231\n|-damage|p2a: Barraskewda|117/231|[from] Spikes\n|turn|30\n|\n|t:|1781381703\n|switch|p1a: Articuno|Articuno-Galar, L84|288/288\n|move|p2a: Barraskewda|Flip Turn|p1a: Articuno\n|-damage|p1a: Articuno|185/288\n|\n|t:|1781381708\n|switch|p2a: Florges|Florges-Orange, L85, F, tera:Steel|271/271|[from] Flip Turn\n|-damage|p2a: Florges|204/271|[from] Spikes\n|\n|-heal|p2a: Florges|220/271|[from] item: Leftovers\n|upkeep\n|turn|31\n|\n|t:|1781381735\n|switch|p1a: Spectrier|Spectrier, L75|257/274\n|-damage|p1a: Spectrier|223/274|[from] Stealth Rock\n|move|p2a: Florges|Moonblast|p1a: Spectrier\n|-damage|p1a: Spectrier|85/274\n|\n|-heal|p1a: Spectrier|102/274|[from] item: Leftovers\n|-heal|p2a: Florges|236/271|[from] item: Leftovers\n|upkeep\n|turn|32\n|\n|t:|1781381743\n|move|p1a: Spectrier|Shadow Ball|p2a: Florges\n|-damage|p2a: Florges|173/271\n|move|p2a: Florges|Moonblast|p1a: Spectrier\n|-damage|p1a: Spectrier|0 fnt\n|faint|p1a: Spectrier\n|\n|-heal|p2a: Florges|189/271|[from] item: Leftovers\n|upkeep\n|\n|t:|1781381751\n|switch|p1a: Iron Boulder|Iron Boulder, L77, tera:Fighting|158/265\n|-damage|p1a: Iron Boulder|142/265|[from] Stealth Rock\n|turn|33\n|\n|t:|1781381758\n|switch|p2a: Donphan|Donphan, L84, F|88/288 slp\n|-damage|p2a: Donphan|16/288 slp|[from] Spikes\n|move|p1a: Iron Boulder|Close Combat|p2a: Donphan\n|-damage|p2a: Donphan|0 fnt\n|-unboost|p1a: Iron Boulder|def|1\n|-unboost|p1a: Iron Boulder|spd|1\n|faint|p2a: Donphan\n|\n|upkeep\n|\n|t:|1781381767\n|switch|p2a: Barraskewda|Barraskewda, L81, F|117/231\n|-damage|p2a: Barraskewda|60/231|[from] Spikes\n|turn|34\n|\n|t:|1781381773\n|-end|p1a: Iron Boulder|Quark Drive|[silent]\n|switch|p1a: Articuno|Articuno-Galar, L84|185/288\n|move|p2a: Barraskewda|Flip Turn|p1a: Articuno\n|-damage|p1a: Articuno|73/288\n|\n|t:|1781381783\n|switch|p2a: Florges|Florges-Orange, L85, F, tera:Steel|189/271|[from] Flip Turn\n|-damage|p2a: Florges|122/271|[from] Spikes\n|\n|-heal|p2a: Florges|138/271|[from] item: Leftovers\n|upkeep\n|turn|35\n|\n|t:|1781381788\n|switch|p1a: Vileplume|Vileplume, L85, M|251/266\n|-damage|p1a: Vileplume|218/266|[from] Stealth Rock\n|move|p2a: Florges|Moonblast|p1a: Vileplume\n|-resisted|p1a: Vileplume\n|-damage|p1a: Vileplume|161/266\n|-unboost|p1a: Vileplume|spa|1\n|\n|-heal|p2a: Florges|154/271|[from] item: Leftovers\n|-heal|p1a: Vileplume|177/266|[from] item: Leftovers\n|upkeep\n|turn|36\n|\n|t:|1781381800\n|move|p2a: Florges|Protect|p2a: Florges\n|-singleturn|p2a: Florges|Protect\n|move|p1a: Vileplume|Strength Sap|p2a: Florges\n|-activate|p2a: Florges|move: Protect\n|\n|-heal|p2a: Florges|170/271|[from] item: Leftovers\n|-heal|p1a: Vileplume|193/266|[from] item: Leftovers\n|upkeep\n|turn|37\n|\n|t:|1781381809\n|move|p2a: Florges|Wish|p2a: Florges\n|move|p1a: Vileplume|Strength Sap|p2a: Florges\n|-unboost|p2a: Florges|atk|1\n|-heal|p1a: Vileplume|266/266\n|\n|-heal|p2a: Florges|186/271|[from] item: Leftovers\n|upkeep\n|turn|38\n|\n|t:|1781381818\n|move|p2a: Florges|Calm Mind|p2a: Florges\n|-boost|p2a: Florges|spa|1\n|-boost|p2a: Florges|spd|1\n|move|p1a: Vileplume|Sludge Bomb|p2a: Florges\n|-immune|p2a: Florges\n|\n|-heal|p2a: Florges|271/271|[from] move: Wish|[wisher] Florges\n|upkeep\n|turn|39\n|\n|t:|1781381825\n|move|p2a: Florges|Protect|p2a: Florges\n|-singleturn|p2a: Florges|Protect\n|move|p1a: Vileplume|Sleep Powder|p2a: Florges\n|-activate|p2a: Florges|move: Protect\n|\n|upkeep\n|turn|40\n|\n|t:|1781381831\n|move|p2a: Florges|Moonblast|p1a: Vileplume\n|-resisted|p1a: Vileplume\n|-damage|p1a: Vileplume|188/266\n|move|p1a: Vileplume|Sleep Powder|p2a: Florges|[miss]\n|-miss|p1a: Vileplume|p2a: Florges\n|\n|-heal|p1a: Vileplume|204/266|[from] item: Leftovers\n|upkeep\n|turn|41\n|\n|t:|1781381846\n|move|p2a: Florges|Moonblast|p1a: Vileplume\n|-resisted|p1a: Vileplume\n|-damage|p1a: Vileplume|123/266\n|-unboost|p1a: Vileplume|spa|1\n|move|p1a: Vileplume|Sleep Powder|p2a: Florges|[miss]\n|-miss|p1a: Vileplume|p2a: Florges\n|\n|-heal|p1a: Vileplume|139/266|[from] item: Leftovers\n|upkeep\n|turn|42\n|\n|t:|1781381855\n|move|p2a: Florges|Moonblast|p1a: Vileplume\n|-resisted|p1a: Vileplume\n|-damage|p1a: Vileplume|49/266\n|move|p1a: Vileplume|Sleep Powder|p2a: Florges\n|-status|p2a: Florges|slp|[from] move: Sleep Powder\n|\n|-heal|p1a: Vileplume|65/266|[from] item: Leftovers\n|upkeep\n|turn|43\n|\n|t:|1781381863\n|switch|p1a: Iron Boulder|Iron Boulder, L77, tera:Fighting|142/265\n|-damage|p1a: Iron Boulder|126/265|[from] Stealth Rock\n|cant|p2a: Florges|slp\n|\n|upkeep\n|turn|44\n|\n|t:|1781381868\n|move|p1a: Iron Boulder|Close Combat|p2a: Florges\n|-supereffective|p2a: Florges\n|-damage|p2a: Florges|0 fnt\n|-unboost|p1a: Iron Boulder|def|1\n|-unboost|p1a: Iron Boulder|spd|1\n|faint|p2a: Florges\n|\n|upkeep\n|\n|t:|1781381875\n|switch|p2a: Barraskewda|Barraskewda, L81, F|60/231\n|-damage|p2a: Barraskewda|3/231|[from] Spikes\n|turn|45\n|\n|t:|1781381893\n|-end|p1a: Iron Boulder|Quark Drive|[silent]\n|switch|p1a: Articuno|Articuno-Galar, L84|73/288\n|move|p2a: Barraskewda|Waterfall|p1a: Articuno\n|-damage|p1a: Articuno|0 fnt\n|faint|p1a: Articuno\n|\n|upkeep\n|\n|t:|1781381899\n|switch|p1a: Vileplume|Vileplume, L85, M|65/266\n|-damage|p1a: Vileplume|32/266|[from] Stealth Rock\n|turn|46\n|\n|t:|1781381903\n|move|p2a: Barraskewda|Waterfall|p1a: Vileplume\n|-resisted|p1a: Vileplume\n|-damage|p1a: Vileplume|0 fnt\n|faint|p1a: Vileplume\n|\n|upkeep\n|\n|t:|1781381908\n|switch|p1a: Iron Boulder|Iron Boulder, L77, tera:Fighting|126/265\n|-damage|p1a: Iron Boulder|110/265|[from] Stealth Rock\n|turn|47\n|\n|t:|1781381911\n|move|p2a: Barraskewda|Waterfall|p1a: Iron Boulder\n|-damage|p1a: Iron Boulder|0 fnt\n|faint|p1a: Iron Boulder\n|-end|p1a: Iron Boulder|Quark Drive|[silent]\n|\n|win|JayCroc\n", "inputlog": ">version a8376a258c1d4662feba110a92103f3664a72141\n>start {\"formatid\":\"gen9randombattle\",\"seed\":\"sodium,f34b03e8db6134dc7f0c51f78ad1e8a1\",\"rated\":\"Rated battle\"}\n>player p1 {\"name\":\"555v55\",\"avatar\":\"iris\",\"rating\":2062,\"seed\":\"sodium,63e06605e403c2d5aa8e530e5d0a8e08\"}\n>player p2 {\"name\":\"JayCroc\",\"avatar\":\"ivor\",\"rating\":2121,\"seed\":\"sodium,0c5eb88f5877e165e90ceefb77f1a30e\"}\n>p1 switch 6\n>p2 move calmmind\n>p1 move sleeppowder\n>p2 switch 5\n>p1 move strengthsap\n>p2 switch 4\n>p1 switch 2\n>p2 move knockoff\n>p1 move spikes\n>p2 switch 4\n>p1 switch 2\n>p2 move rapidspin\n>p1 move gigadrain\n>p2 move rapidspin\n>p1 move gigadrain\n>p2 switch 4\n>p1 switch 2\n>p2 move stealthrock\n>p1 move spikes\n>p2 switch 4\n>p1 switch 4\n>p2 move rapidspin\n>p1 move shadowball\n>p2 switch 3\n>p1 switch 2\n>p2 move crunch\n>p1 switch 4\n>p2 move crunch\n>p1 move spikes\n>p2 move spore\n>p1 switch 4\n>p2 move crunch\n>p1 move strengthsap\n>p2 move crunch\n>p1 move sludgebomb\n>p2 switch 4\n>p1 switch 4\n>p2 move psychicnoise\n>p1 switch 4\n>p2 switch 5\n>p1 move sludgebomb\n>p2 move wish terastallize\n>p1 move gigadrain\n>p2 move calmmind\n>p1 switch 5\n>p2 move moonblast\n>p1 move trick\n>p2 switch 6\n>p1 move doubleedge\n>p2 move knockoff\n>p1 switch 3\n>p1 move swordsdance terastallize\n>p2 move knockoff\n>p1 move zenheadbutt\n>p2 move knockoff\n>p2 switch 2\n>p1 switch 4\n>p2 move flipturn\n>p2 switch 5\n>p1 switch 2\n>p1 move shadowball\n>p2 move knockoff\n>p2 switch 5\n>p1 switch 6\n>p2 move flipturn\n>p2 switch 6\n>p1 switch 6\n>p2 move moonblast\n>p1 move shadowball\n>p2 move moonblast\n>p1 switch 4\n>p1 move closecombat\n>p2 switch 3\n>p2 switch 6\n>p1 switch 6\n>p2 move flipturn\n>p2 switch 3\n>p1 switch 5\n>p2 move moonblast\n>p1 move strengthsap\n>p2 move protect\n>p1 move strengthsap\n>p2 move wish\n>p1 move sludgebomb\n>p2 move calmmind\n>p1 move sleeppowder\n>p2 move protect\n>p1 move sleeppowder\n>p2 move moonblast\n>p1 move sleeppowder\n>p2 move moonblast\n>p1 move sleeppowder\n>p2 move moonblast\n>p1 switch 6\n>p2 move moonblast\n>p1 move closecombat\n>p2 move moonblast\n>p2 switch 3\n>p1 switch 5\n>p2 move waterfall\n>p1 switch 6\n>p1 move gigadrain\n>p2 move waterfall\n>p1 switch 5\n>p1 move closecombat\n>p2 move waterfall", "uploadtime": 1781381375, "views": 10, "formatid": "gen9randombattle", "rating": null, "private": 0, "password": null, "player_dets": [{"name": "555v55", "avatar": "iris", "rating": 2062, "seed": "sodium,63e06605e403c2d5aa8e530e5d0a8e08"}, {"name": "JayCroc", "avatar": "ivor", "rating": 2121, "seed": "sodium,0c5eb88f5877e165e90ceefb77f1a30e"}], "teams_full": [{"Articuno": {"name": "Articuno", "species": "Articuno-Galar", "speciesId": "articunogalar", "gender": "N", "shiny": false, "level": 84, "moves": ["calmmind", "hurricane", "recover", "freezingglare"], "ability": "Competitive", "evs": {"hp": 85, "atk": 0, "def": 85, "spa": 85, "spd": 85, "spe": 85}, "ivs": {"hp": 31, "atk": 0, "def": 31, "spa": 31, "spd": 31, "spe": 31}, "item": "Heavy-Duty Boots", "teraType": "Steel", "role": "Fast Bulky Setup", "bvs": {"hp": 90, "atk": 85, "def": 85, "spa": 125, "spd": 100, "spe": 95}, "stats": {"hp": 288, "atk": 147, "def": 191, "spa": 258, "spd": 216, "spe": 208}}, "Klefki": {"name": "Klefki", "species": "Klefki", "speciesId": "klefki", "gender": "F", "shiny": false, "level": 84, "moves": ["thunderwave", "spikes", "playrough", "magnetrise"], "ability": "Prankster", "evs": {"hp": 85, "atk": 85, "def": 85, "spa": 85, "spd": 85, "spe": 85}, "ivs": {"hp": 31, "atk": 31, "def": 31, "spa": 31, "spd": 31, "spe": 31}, "item": "Leftovers", "teraType": "Water", "role": "Bulky Support", "bvs": {"hp": 57, "atk": 80, "def": 91, "spa": 80, "spd": 87, "spe": 75}, "stats": {"hp": 233, "atk": 183, "def": 201, "spa": 183, "spd": 194, "spe": 174}}, "Iron Boulder": {"name": "Iron Boulder", "species": "Iron Boulder", "speciesId": "ironboulder", "gender": "N", "shiny": false, "level": 77, "moves": ["closecombat", "swordsdance", "mightycleave", "zenheadbutt"], "ability": "Quark Drive", "evs": {"hp": 85, "atk": 85, "def": 85, "spa": 85, "spd": 85, "spe": 85}, "ivs": {"hp": 31, "atk": 31, "def": 31, "spa": 31, "spd": 31, "spe": 31}, "item": "Life Orb", "teraType": "Fighting", "role": "Setup Sweeper", "bvs": {"hp": 90, "atk": 120, "def": 80, "spa": 68, "spd": 108, "spe": 124}, "stats": {"hp": 265, "atk": 229, "def": 168, "spa": 149, "spd": 211, "spe": 236}}, "Spectrier": {"name": "Spectrier", "species": "Spectrier", "speciesId": "spectrier", "gender": "N", "shiny": false, "level": 75, "moves": ["shadowball", "substitute", "nastyplot", "drainingkiss"], "ability": "Grim Neigh", "evs": {"hp": 85, "atk": 0, "def": 85, "spa": 85, "spd": 85, "spe": 85}, "ivs": {"hp": 31, "atk": 0, "def": 31, "spa": 31, "spd": 31, "spe": 31}, "item": "Leftovers", "teraType": "Fairy", "role": "Setup Sweeper", "bvs": {"hp": 100, "atk": 65, "def": 60, "spa": 145, "spd": 80, "spe": 130}, "stats": {"hp": 274, "atk": 102, "def": 134, "spa": 261, "spd": 164, "spe": 239}}, "Furret": {"name": "Furret", "species": "Furret", "speciesId": "furret", "gender": "F", "shiny": false, "level": 94, "moves": ["trick", "doubleedge", "knockoff", "uturn"], "ability": "Frisk", "evs": {"hp": 85, "atk": 85, "def": 85, "spa": 85, "spd": 85, "spe": 85}, "ivs": {"hp": 31, "atk": 31, "def": 31, "spa": 31, "spd": 31, "spe": 31}, "item": "Choice Band", "teraType": "Ghost", "role": "Wallbreaker", "bvs": {"hp": 85, "atk": 76, "def": 64, "spa": 45, "spd": 55, "spe": 90}, "stats": {"hp": 312, "atk": 196, "def": 174, "spa": 138, "spd": 157, "spe": 223}}, "Vileplume": {"name": "Vileplume", "species": "Vileplume", "speciesId": "vileplume", "gender": "M", "shiny": false, "level": 85, "moves": ["sludgebomb", "sleeppowder", "gigadrain", "strengthsap"], "ability": "Effect Spore", "evs": {"hp": 85, "atk": 0, "def": 85, "spa": 85, "spd": 85, "spe": 85}, "ivs": {"hp": 31, "atk": 0, "def": 31, "spa": 31, "spd": 31, "spe": 31}, "item": "Leftovers", "teraType": "Water", "role": "Bulky Attacker", "bvs": {"hp": 75, "atk": 80, "def": 85, "spa": 110, "spd": 90, "spe": 50}, "stats": {"hp": 266, "atk": 141, "def": 193, "spa": 236, "spd": 202, "spe": 134}}}, {"Florges": {"name": "Florges", "species": "Florges-Orange", "speciesId": "florges", "gender": "F", "shiny": false, "level": 85, "moves": ["protect", "wish", "calmmind", "moonblast"], "ability": "Flower Veil", "evs": {"hp": 85, "atk": 0, "def": 85, "spa": 85, "spd": 85, "spe": 85}, "ivs": {"hp": 31, "atk": 0, "def": 31, "spa": 31, "spd": 31, "spe": 31}, "item": "Leftovers", "teraType": "Steel", "role": "Bulky Setup", "bvs": {"hp": 78, "atk": 65, "def": 68, "spa": 112, "spd": 154, "spe": 75}, "stats": {"hp": 271, "atk": 115, "def": 164, "spa": 239, "spd": 311, "spe": 176}}, "Barraskewda": {"name": "Barraskewda", "species": "Barraskewda", "speciesId": "barraskewda", "gender": "F", "shiny": false, "level": 81, "moves": ["flipturn", "closecombat", "waterfall", "throatchop"], "ability": "Swift Swim", "evs": {"hp": 85, "atk": 85, "def": 85, "spa": 85, "spd": 85, "spe": 85}, "ivs": {"hp": 31, "atk": 31, "def": 31, "spa": 31, "spd": 31, "spe": 31}, "item": "Choice Band", "teraType": "Water", "role": "Wallbreaker", "bvs": {"hp": 61, "atk": 123, "def": 60, "spa": 60, "spd": 50, "spe": 136}, "stats": {"hp": 231, "atk": 246, "def": 144, "spa": 144, "spd": 128, "spe": 267}}, "Brute Bonnet": {"name": "Brute Bonnet", "species": "Brute Bonnet", "speciesId": "brutebonnet", "gender": "N", "shiny": false, "level": 80, "moves": ["closecombat", "crunch", "spore", "suckerpunch"], "ability": "Protosynthesis", "evs": {"hp": 85, "atk": 85, "def": 85, "spa": 85, "spd": 85, "spe": 85}, "ivs": {"hp": 31, "atk": 31, "def": 31, "spa": 31, "spd": 31, "spe": 31}, "item": "Leftovers", "teraType": "Fighting", "role": "Bulky Attacker", "bvs": {"hp": 111, "atk": 127, "def": 99, "spa": 79, "spd": 99, "spe": 55}, "stats": {"hp": 309, "atk": 249, "def": 205, "spa": 173, "spd": 205, "spe": 134}}, "Uxie": {"name": "Uxie", "species": "Uxie", "speciesId": "uxie", "gender": "N", "shiny": false, "level": 83, "moves": ["stealthrock", "yawn", "psychicnoise", "knockoff"], "ability": "Levitate", "evs": {"hp": 85, "atk": 85, "def": 85, "spa": 85, "spd": 85, "spe": 85}, "ivs": {"hp": 31, "atk": 31, "def": 31, "spa": 31, "spd": 31, "spe": 31}, "item": "Leftovers", "teraType": "Steel", "role": "Bulky Support", "bvs": {"hp": 75, "atk": 75, "def": 130, "spa": 75, "spd": 130, "spe": 95}, "stats": {"hp": 260, "atk": 172, "def": 263, "spa": 172, "spd": 263, "spe": 205}}, "Donphan": {"name": "Donphan", "species": "Donphan", "speciesId": "donphan", "gender": "F", "shiny": false, "level": 84, "moves": ["earthquake", "iceshard", "rapidspin", "knockoff"], "ability": "Sturdy", "evs": {"hp": 85, "atk": 85, "def": 85, "spa": 85, "spd": 85, "spe": 85}, "ivs": {"hp": 31, "atk": 31, "def": 31, "spa": 31, "spd": 31, "spe": 31}, "item": "Assault Vest", "teraType": "Water", "role": "Bulky Support", "bvs": {"hp": 90, "atk": 120, "def": 120, "spa": 60, "spd": 60, "spe": 50}, "stats": {"hp": 288, "atk": 250, "def": 250, "spa": 149, "spd": 149, "spe": 132}}, "Hariyama": {"name": "Hariyama", "species": "Hariyama", "speciesId": "hariyama", "gender": "M", "shiny": false, "level": 87, "moves": ["closecombat", "knockoff", "facade", "headlongrush"], "ability": "Guts", "evs": {"hp": 85, "atk": 85, "def": 85, "spa": 85, "spd": 85, "spe": 85}, "ivs": {"hp": 31, "atk": 31, "def": 31, "spa": 31, "spd": 31, "spe": 31}, "item": "Flame Orb", "teraType": "Normal", "role": "Wallbreaker", "bvs": {"hp": 144, "atk": 120, "def": 60, "spa": 40, "spd": 60, "spe": 50}, "stats": {"hp": 392, "atk": 259, "def": 154, "spa": 119, "spd": 154, "spe": 137}}}]}