{"id": "gen9randombattle-2631583931", "format": "[Gen 9] Random Battle", "players": ["KingWhacka", "Mandodragon"], "log": "|j|\u2606KingWhacka\n|j|\u2606Mandodragon\n|t:|1781404629\n|gametype|singles\n|player|p1|KingWhacka|byron|1927\n|player|p2|Mandodragon|hiker|1963\n|gen|9\n|tier|[Gen 9] Random Battle\n|rated|\n|rule|Species Clause: Limit one of each Pok\u00e9mon\n|rule|HP Percentage Mod: HP is shown in percentages\n|rule|Sleep Clause Mod: Limit one foe put to sleep\n|rule|Illusion Level Mod: Illusion disguises the Pok\u00e9mon's true level\n|\n|t:|1781404629\n|teamsize|p1|6\n|teamsize|p2|6\n|start\n|switch|p1a: Iron Moth|Iron Moth, L78|253/253\n|switch|p2a: Floatzel|Floatzel, L86, F|286/286\n|turn|1\n|inactive|Battle timer is ON: inactive players will automatically lose when time's up. (requested by Mandodragon)\n|inactive|KingWhacka also wants the timer to be on.\n|\n|t:|1781404640\n|-end|p1a: Iron Moth|Quark Drive|[silent]\n|switch|p1a: Ampharos|Ampharos, L88, M|302/302\n|move|p2a: Floatzel|Bulk Up|p2a: Floatzel\n|-boost|p2a: Floatzel|atk|1\n|-boost|p2a: Floatzel|def|1\n|\n|upkeep\n|turn|2\n|\n|t:|1781404648\n|switch|p2a: Swampert|Swampert, L83, M|302/302\n|move|p1a: Ampharos|Volt Switch|p2a: Swampert\n|-immune|p2a: Swampert\n|\n|upkeep\n|turn|3\n|inactive|Mandodragon has 120 seconds left.\n|\n|t:|1781404684\n|switch|p1a: Gallade|Gallade, L80, M|240/240\n|move|p2a: Swampert|Yawn|p1a: Gallade\n|-start|p1a: Gallade|move: Yawn|[of] p2a: Swampert\n|\n|upkeep\n|turn|4\n|inactive|Mandodragon has 120 seconds left.\n|\n|t:|1781404696\n|switch|p1a: Gardevoir|Gardevoir, L83, F|249/249\n|-ability|p1a: Gardevoir|Torrent|Trace|[from] ability: Trace|[of] p2a: Swampert\n|move|p2a: Swampert|Earthquake|p1a: Gardevoir\n|-damage|p1a: Gardevoir|111/249\n|\n|upkeep\n|turn|5\n|inactive|Mandodragon has 120 seconds left.\n|\n|t:|1781404710\n|switch|p2a: Swalot|Swalot, L90, M|326/326\n|move|p1a: Gardevoir|Healing Wish|p1a: Gardevoir\n|faint|p1a: Gardevoir\n|\n|upkeep\n|\n|t:|1781404718\n|switch|p1a: Gallade|Gallade, L80, M|240/240\n|turn|6\n|\n|t:|1781404730\n|-terastallize|p2a: Swalot|Dark\n|move|p1a: Gallade|Psycho Cut|p2a: Swalot\n|-immune|p2a: Swalot\n|move|p2a: Swalot|Thunder Wave|p1a: Gallade\n|-status|p1a: Gallade|par\n|\n|upkeep\n|turn|7\n|\n|t:|1781404739\n|switch|p1a: Ampharos|Ampharos, L88, M|302/302\n|move|p2a: Swalot|Earthquake|p1a: Ampharos\n|-supereffective|p1a: Ampharos\n|-damage|p1a: Ampharos|174/302\n|\n|upkeep\n|turn|8\n|\n|t:|1781404745\n|switch|p2a: Swampert|Swampert, L83, M|302/302\n|move|p1a: Ampharos|Focus Blast|p2a: Swampert\n|-damage|p2a: Swampert|189/302\n|\n|-heal|p2a: Swampert|207/302|[from] item: Leftovers\n|upkeep\n|turn|9\n|inactive|Mandodragon has 120 seconds left.\n|\n|t:|1781404797\n|move|p1a: Ampharos|Dazzling Gleam|p2a: Swampert\n|-damage|p2a: Swampert|138/302\n|move|p2a: Swampert|Earthquake|p1a: Ampharos\n|-supereffective|p1a: Ampharos\n|-damage|p1a: Ampharos|0 fnt\n|faint|p1a: Ampharos\n|\n|-heal|p2a: Swampert|156/302|[from] item: Leftovers\n|upkeep\n|\n|t:|1781404806\n|switch|p1a: Raichu|Raichu, L88, M|249/249\n|turn|10\n|\n|t:|1781404812\n|switch|p2a: Tropius|Tropius, L91, F|328/328\n|move|p1a: Raichu|Grass Knot|p2a: Tropius\n|-resisted|p2a: Tropius\n|-damage|p2a: Tropius|307/328\n|-damage|p1a: Raichu|225/249|[from] item: Life Orb\n|\n|upkeep\n|turn|11\n|\n|t:|1781404824\n|switch|p1a: Iron Moth|Iron Moth, L78|253/253\n|move|p2a: Tropius|Substitute|p2a: Tropius\n|-start|p2a: Tropius|Substitute\n|-damage|p2a: Tropius|225/328\n|\n|upkeep\n|turn|12\n|\n|t:|1781404832\n|move|p1a: Iron Moth|Fiery Dance|p2a: Tropius\n|-supereffective|p2a: Tropius\n|-end|p2a: Tropius|Substitute\n|move|p2a: Tropius|Leech Seed|p1a: Iron Moth\n|-start|p1a: Iron Moth|move: Leech Seed\n|\n|-damage|p1a: Iron Moth|222/253|[from] Leech Seed|[of] p2a: Tropius\n|-heal|p2a: Tropius|256/328|[silent]\n|upkeep\n|turn|13\n|inactive|Mandodragon has 90 seconds left.\n|\n|t:|1781404877\n|move|p2a: Tropius|Protect|p2a: Tropius\n|-singleturn|p2a: Tropius|Protect\n|move|p1a: Iron Moth|Toxic Spikes|p2a: Tropius\n|-sidestart|p2: Mandodragon|move: Toxic Spikes\n|\n|-damage|p1a: Iron Moth|191/253|[from] Leech Seed|[of] p2a: Tropius\n|-heal|p2a: Tropius|287/328|[silent]\n|upkeep\n|turn|14\n|\n|t:|1781404890\n|switch|p2a: Swalot|Swalot, L90, M, tera:Dark|326/326\n|-status|p2a: Swalot|psn\n|move|p1a: Iron Moth|Fiery Dance|p2a: Swalot\n|-damage|p2a: Swalot|232/326 psn\n|-boost|p1a: Iron Moth|spa|1\n|\n|-heal|p2a: Swalot|252/326 psn|[from] item: Leftovers\n|-damage|p1a: Iron Moth|160/253|[from] Leech Seed|[of] p2a: Swalot\n|-heal|p2a: Swalot|283/326 psn|[silent]\n|-damage|p2a: Swalot|243/326 psn|[from] psn\n|upkeep\n|turn|15\n|\n|t:|1781404918\n|move|p1a: Iron Moth|Sludge Wave|p2a: Swalot\n|-damage|p2a: Swalot|77/326 psn\n|move|p2a: Swalot|Earthquake|p1a: Iron Moth\n|-supereffective|p1a: Iron Moth\n|-damage|p1a: Iron Moth|0 fnt\n|faint|p1a: Iron Moth\n|-end|p1a: Iron Moth|Quark Drive|[silent]\n|\n|-heal|p2a: Swalot|97/326 psn|[from] item: Leftovers\n|-damage|p2a: Swalot|57/326 psn|[from] psn\n|upkeep\n|\n|t:|1781404924\n|switch|p1a: Gallade|Gallade, L80, M|240/240 par\n|-heal|p1a: Gallade|240/240|[from] move: Healing Wish\n|turn|16\n|\n|t:|1781404953\n|move|p1a: Gallade|Sacred Sword|p2a: Swalot\n|-supereffective|p2a: Swalot\n|-damage|p2a: Swalot|0 fnt\n|faint|p2a: Swalot\n|\n|upkeep\n|inactive|Mandodragon has 60 seconds left.\n|inactive|Mandodragon has 30 seconds left.\n|\n|t:|1781405001\n|switch|p2a: Tropius|Tropius, L91, F|287/328\n|turn|17\n|\n|t:|1781405009\n|switch|p1a: Volcarona|Volcarona, L77, M|257/257\n|move|p2a: Tropius|Air Slash|p1a: Volcarona\n|-supereffective|p1a: Volcarona\n|-damage|p1a: Volcarona|125/257\n|\n|upkeep\n|turn|18\n|\n|t:|1781405020\n|move|p1a: Volcarona|Quiver Dance|p1a: Volcarona\n|-boost|p1a: Volcarona|spa|1\n|-boost|p1a: Volcarona|spd|1\n|-boost|p1a: Volcarona|spe|1\n|move|p2a: Tropius|Air Slash|p1a: Volcarona\n|-supereffective|p1a: Volcarona\n|-damage|p1a: Volcarona|27/257\n|\n|upkeep\n|turn|19\n|\n|t:|1781405030\n|move|p1a: Volcarona|Morning Sun|p1a: Volcarona\n|-heal|p1a: Volcarona|155/257\n|move|p2a: Tropius|Leech Seed|p1a: Volcarona\n|-start|p1a: Volcarona|move: Leech Seed\n|\n|-damage|p1a: Volcarona|123/257|[from] Leech Seed|[of] p2a: Tropius\n|-heal|p2a: Tropius|319/328|[silent]\n|upkeep\n|turn|20\n|\n|t:|1781405036\n|move|p1a: Volcarona|Quiver Dance|p1a: Volcarona\n|-boost|p1a: Volcarona|spa|1\n|-boost|p1a: Volcarona|spd|1\n|-boost|p1a: Volcarona|spe|1\n|move|p2a: Tropius|Air Slash|p1a: Volcarona\n|-supereffective|p1a: Volcarona\n|-damage|p1a: Volcarona|45/257\n|\n|-damage|p1a: Volcarona|13/257|[from] Leech Seed|[of] p2a: Tropius\n|-heal|p2a: Tropius|328/328|[silent]\n|upkeep\n|turn|21\n|\n|t:|1781405045\n|move|p1a: Volcarona|Morning Sun|p1a: Volcarona\n|-heal|p1a: Volcarona|141/257\n|move|p2a: Tropius|Air Slash|p1a: Volcarona\n|-supereffective|p1a: Volcarona\n|-damage|p1a: Volcarona|69/257\n|\n|-damage|p1a: Volcarona|37/257|[from] Leech Seed|[of] p2a: Tropius\n|upkeep\n|turn|22\n|\n|t:|1781405054\n|-terastallize|p1a: Volcarona|Fire\n|move|p1a: Volcarona|Morning Sun|p1a: Volcarona\n|-heal|p1a: Volcarona|165/257\n|move|p2a: Tropius|Air Slash|p1a: Volcarona\n|-damage|p1a: Volcarona|126/257\n|\n|-damage|p1a: Volcarona|94/257|[from] Leech Seed|[of] p2a: Tropius\n|upkeep\n|turn|23\n|inactive|Mandodragon has 60 seconds left.\n|\n|t:|1781405069\n|move|p1a: Volcarona|Quiver Dance|p1a: Volcarona\n|-boost|p1a: Volcarona|spa|1\n|-boost|p1a: Volcarona|spd|1\n|-boost|p1a: Volcarona|spe|1\n|move|p2a: Tropius|Air Slash|p1a: Volcarona\n|-damage|p1a: Volcarona|64/257\n|\n|-damage|p1a: Volcarona|32/257|[from] Leech Seed|[of] p2a: Tropius\n|upkeep\n|turn|24\n|inactive|Mandodragon has 60 seconds left.\n|\n|t:|1781405076\n|switch|p2a: Florges|Florges-Blue, L85, F|271/271\n|-status|p2a: Florges|psn\n|move|p1a: Volcarona|Morning Sun|p1a: Volcarona\n|-heal|p1a: Volcarona|160/257\n|\n|-damage|p1a: Volcarona|128/257|[from] Leech Seed|[of] p2a: Florges\n|-damage|p2a: Florges|238/271 psn|[from] psn\n|upkeep\n|turn|25\n|inactive|Mandodragon has 60 seconds left.\n|\n|t:|1781405096\n|move|p1a: Volcarona|Quiver Dance|p1a: Volcarona\n|-boost|p1a: Volcarona|spa|1\n|-boost|p1a: Volcarona|spd|1\n|-boost|p1a: Volcarona|spe|1\n|move|p2a: Florges|Wish|p2a: Florges\n|\n|-heal|p2a: Florges|254/271 psn|[from] item: Leftovers\n|-damage|p1a: Volcarona|96/257|[from] Leech Seed|[of] p2a: Florges\n|-heal|p2a: Florges|271/271 psn|[silent]\n|-damage|p2a: Florges|238/271 psn|[from] psn\n|upkeep\n|turn|26\n|inactive|Mandodragon has 60 seconds left.\n|\n|t:|1781405107\n|move|p1a: Volcarona|Fire Blast|p2a: Florges\n|-damage|p2a: Florges|0 fnt\n|faint|p2a: Florges\n|\n|upkeep\n|inactive|Mandodragon has 60 seconds left.\n|\n|t:|1781405113\n|switch|p2a: Swampert|Swampert, L83, M|156/302\n|-status|p2a: Swampert|psn\n|turn|27\n|\n|t:|1781405119\n|move|p1a: Volcarona|Bug Buzz|p2a: Swampert\n|-damage|p2a: Swampert|0 fnt\n|faint|p2a: Swampert\n|\n|upkeep\n|\n|t:|1781405125\n|switch|p2a: Annihilape|Annihilape, L76, F|292/292\n|-status|p2a: Annihilape|psn\n|turn|28\n|\n|t:|1781405132\n|move|p1a: Volcarona|Fire Blast|p2a: Annihilape\n|-damage|p2a: Annihilape|0 fnt\n|faint|p2a: Annihilape\n|\n|upkeep\n|c|\u2606Mandodragon|Gg\n|-message|Mandodragon forfeited.\n|\n|win|KingWhacka\n", "uploadtime": 1781404631, "views": 5, "formatid": "gen9randombattle", "rating": null, "private": 0, "password": null}