{"id": "gen9randombattle-2631368445", "format": "[Gen 9] Random Battle", "players": ["Goundas05", "bluffmepls"], "log": "|j|\u2606Goundas05\n|j|\u2606bluffmepls\n|t:|1781376456\n|gametype|singles\n|player|p1|Goundas05|cynthia|2159\n|player|p2|bluffmepls|170|2180\n|gen|9\n|tier|[Gen 9] Random Battle\n|rated|\n|rule|Species Clause: Limit one of each Pok\u00e9mon\n|rule|HP Percentage Mod: HP is shown in percentages\n|rule|Sleep Clause Mod: Limit one foe put to sleep\n|rule|Illusion Level Mod: Illusion disguises the Pok\u00e9mon's true level\n|\n|t:|1781376456\n|teamsize|p1|6\n|teamsize|p2|6\n|start\n|switch|p1a: Hypno|Hypno, L95, M|315/315\n|switch|p2a: Pawmot|Pawmot, L80, F|243/243\n|turn|1\n|inactive|Battle timer is ON: inactive players will automatically lose when time's up. (requested by bluffmepls)\n|inactive|Goundas05 also wants the timer to be on.\n|\n|t:|1781376469\n|switch|p2a: Blissey|Blissey, L85, F|572/572\n|move|p1a: Hypno|Psychic Noise|p2a: Blissey\n|-damage|p2a: Blissey|512/572\n|-start|p2a: Blissey|move: Heal Block\n|\n|upkeep\n|turn|2\n|\n|t:|1781376477\n|move|p1a: Hypno|Knock Off|p2a: Blissey\n|-damage|p2a: Blissey|305/572\n|-enditem|p2a: Blissey|Leftovers|[from] move: Knock Off|[of] p1a: Hypno\n|move|p2a: Blissey|Thunder Wave|p1a: Hypno\n|-status|p1a: Hypno|par\n|\n|-end|p2a: Blissey|move: Heal Block\n|upkeep\n|turn|3\n|\n|t:|1781376485\n|move|p2a: Blissey|Soft-Boiled|p2a: Blissey\n|-heal|p2a: Blissey|572/572\n|cant|p1a: Hypno|par\n|\n|upkeep\n|turn|4\n|\n|t:|1781376488\n|move|p2a: Blissey|Seismic Toss|p1a: Hypno\n|-damage|p1a: Hypno|230/315 par\n|move|p1a: Hypno|Encore|p2a: Blissey\n|-start|p2a: Blissey|Encore\n|\n|-heal|p1a: Hypno|249/315 par|[from] item: Leftovers\n|upkeep\n|turn|5\n|\n|t:|1781376491\n|move|p2a: Blissey|Seismic Toss|p1a: Hypno\n|-damage|p1a: Hypno|164/315 par\n|move|p1a: Hypno|Toxic|p2a: Blissey|[miss]\n|-miss|p1a: Hypno|p2a: Blissey\n|\n|-heal|p1a: Hypno|183/315 par|[from] item: Leftovers\n|upkeep\n|turn|6\n|\n|t:|1781376495\n|move|p2a: Blissey|Seismic Toss|p1a: Hypno\n|-damage|p1a: Hypno|98/315 par\n|move|p1a: Hypno|Toxic|p2a: Blissey\n|-status|p2a: Blissey|tox\n|\n|-heal|p1a: Hypno|117/315 par|[from] item: Leftovers\n|-damage|p2a: Blissey|537/572 tox|[from] psn\n|upkeep\n|turn|7\n|\n|t:|1781376499\n|move|p2a: Blissey|Seismic Toss|p1a: Hypno\n|-damage|p1a: Hypno|32/315 par\n|move|p1a: Hypno|Psychic Noise|p2a: Blissey\n|-damage|p2a: Blissey|480/572 tox\n|-start|p2a: Blissey|move: Heal Block\n|\n|-heal|p1a: Hypno|51/315 par|[from] item: Leftovers\n|-damage|p2a: Blissey|410/572 tox|[from] psn\n|-end|p2a: Blissey|Encore\n|upkeep\n|turn|8\n|\n|t:|1781376509\n|move|p2a: Blissey|Seismic Toss|p1a: Hypno\n|-damage|p1a: Hypno|0 fnt\n|faint|p1a: Hypno\n|\n|-damage|p2a: Blissey|305/572 tox|[from] psn\n|-end|p2a: Blissey|move: Heal Block\n|upkeep\n|\n|t:|1781376520\n|switch|p1a: Flareon|Flareon, L90, M|263/263\n|turn|9\n|\n|t:|1781376526\n|move|p1a: Flareon|Flare Blitz|p2a: Blissey\n|-damage|p2a: Blissey|0 fnt\n|faint|p2a: Blissey\n|-damage|p1a: Flareon|162/263|[from] Recoil\n|\n|-status|p1a: Flareon|tox|[from] item: Toxic Orb\n|upkeep\n|\n|t:|1781376529\n|switch|p2a: Wugtrio|Wugtrio, L91, M|212/212\n|turn|10\n|\n|t:|1781376533\n|switch|p1a: Alomomola|Alomomola, L87, F|429/429\n|move|p2a: Wugtrio|Liquidation|p1a: Alomomola\n|-resisted|p1a: Alomomola\n|-damage|p1a: Alomomola|351/429\n|\n|upkeep\n|turn|11\n|\n|t:|1781376544\n|move|p2a: Wugtrio|Liquidation|p1a: Alomomola\n|-resisted|p1a: Alomomola\n|-damage|p1a: Alomomola|264/429\n|move|p1a: Alomomola|Wish|p1a: Alomomola\n|\n|upkeep\n|turn|12\n|\n|t:|1781376549\n|switch|p2a: Tropius|Tropius, L91, F|328/328\n|move|p1a: Alomomola|Scald|p2a: Tropius\n|-resisted|p2a: Tropius\n|-damage|p2a: Tropius|305/328\n|\n|-heal|p1a: Alomomola|429/429|[from] move: Wish|[wisher] Alomomola\n|upkeep\n|turn|13\n|\n|t:|1781376554\n|move|p1a: Alomomola|Flip Turn|p2a: Tropius\n|-resisted|p2a: Tropius\n|-damage|p2a: Tropius|277/328\n|\n|t:|1781376556\n|switch|p1a: Coalossal|Coalossal, L89, F|341/341|[from] Flip Turn\n|move|p2a: Tropius|Dragon Dance|p2a: Tropius\n|-boost|p2a: Tropius|atk|1\n|-boost|p2a: Tropius|spe|1\n|\n|upkeep\n|turn|14\n|\n|t:|1781376566\n|-terastallize|p2a: Tropius|Ground\n|move|p2a: Tropius|Earthquake|p1a: Coalossal\n|-supereffective|p1a: Coalossal\n|-damage|p1a: Coalossal|0 fnt\n|faint|p1a: Coalossal\n|\n|upkeep\n|\n|t:|1781376570\n|switch|p1a: Alomomola|Alomomola, L87, F|429/429\n|turn|15\n|\n|t:|1781376573\n|move|p2a: Tropius|Leaf Blade|p1a: Alomomola\n|-supereffective|p1a: Alomomola\n|-damage|p1a: Alomomola|157/429\n|move|p1a: Alomomola|Scald|p2a: Tropius\n|-supereffective|p2a: Tropius\n|-damage|p2a: Tropius|187/328\n|\n|upkeep\n|turn|16\n|\n|t:|1781376580\n|switch|p1a: Masquerain|Masquerain, L87, M|264/264\n|-ability|p1a: Masquerain|Intimidate|boost\n|-unboost|p2a: Tropius|atk|1\n|move|p2a: Tropius|Dragon Dance|p2a: Tropius\n|-boost|p2a: Tropius|atk|1\n|-boost|p2a: Tropius|spe|1\n|\n|upkeep\n|turn|17\n|\n|t:|1781376587\n|move|p2a: Tropius|Dual Wingbeat|p1a: Masquerain\n|-supereffective|p1a: Masquerain\n|-damage|p1a: Masquerain|126/264\n|-supereffective|p1a: Masquerain\n|-damage|p1a: Masquerain|0 fnt\n|faint|p1a: Masquerain\n|-hitcount|p1: Masquerain|2\n|\n|upkeep\n|\n|t:|1781376589\n|switch|p1a: Alomomola|Alomomola, L87, F|300/429\n|turn|18\n|\n|t:|1781376594\n|move|p2a: Tropius|Leaf Blade|p1a: Alomomola\n|-supereffective|p1a: Alomomola\n|-damage|p1a: Alomomola|54/429\n|move|p1a: Alomomola|Scald|p2a: Tropius\n|-supereffective|p2a: Tropius\n|-damage|p2a: Tropius|95/328\n|-enditem|p2a: Tropius|Sitrus Berry|[eat]\n|-heal|p2a: Tropius|177/328|[from] item: Sitrus Berry\n|\n|-item|p2a: Tropius|Sitrus Berry|[from] ability: Harvest\n|upkeep\n|turn|19\n|\n|t:|1781376600\n|move|p2a: Tropius|Earthquake|p1a: Alomomola\n|-damage|p1a: Alomomola|0 fnt\n|faint|p1a: Alomomola\n|\n|upkeep\n|\n|t:|1781376603\n|switch|p1a: Drednaw|Drednaw, L81, M|278/278\n|turn|20\n|\n|t:|1781376611\n|-terastallize|p1a: Drednaw|Water\n|move|p2a: Tropius|Dragon Dance|p2a: Tropius\n|-boost|p2a: Tropius|atk|1\n|-boost|p2a: Tropius|spe|1\n|move|p1a: Drednaw|Shell Smash|p1a: Drednaw\n|-unboost|p1a: Drednaw|def|1\n|-unboost|p1a: Drednaw|spd|1\n|-boost|p1a: Drednaw|atk|2\n|-boost|p1a: Drednaw|spa|2\n|-boost|p1a: Drednaw|spe|2\n|-enditem|p1a: Drednaw|White Herb\n|-clearnegativeboost|p1a: Drednaw|[silent]\n|\n|upkeep\n|turn|21\n|\n|t:|1781376614\n|move|p2a: Tropius|Leaf Blade|p1a: Drednaw\n|-supereffective|p1a: Drednaw\n|-damage|p1a: Drednaw|0 fnt\n|faint|p1a: Drednaw\n|\n|upkeep\n|-message|Goundas05 forfeited.\n|\n|win|bluffmepls\n", "inputlog": ">version a8376a258c1d4662feba110a92103f3664a72141\n>start {\"formatid\":\"gen9randombattle\",\"seed\":\"sodium,1d55c68852ded244440d2f7df3575a06\",\"rated\":\"Rated battle\"}\n>player p1 {\"name\":\"Goundas05\",\"avatar\":\"cynthia\",\"rating\":2159,\"seed\":\"sodium,e210e40fcf9f9977848789eae0442590\"}\n>player p2 {\"name\":\"bluffmepls\",\"avatar\":\"170\",\"rating\":2180,\"seed\":\"sodium,f3ea01c38bdd2b61834fd139cda4aca7\"}\n>p1 move psychicnoise\n>p2 switch 2\n>p1 move knockoff\n>p2 move thunderwave\n>p1 move encore\n>p2 move softboiled\n>p1 move encore\n>p2 move seismictoss\n>p1 move toxic\n>p2 move seismictoss\n>p1 move toxic\n>p2 move seismictoss\n>p1 move psychicnoise\n>p2 move seismictoss\n>p1 move encore\n>p2 move seismictoss\n>p1 switch 6\n>p1 move flareblitz\n>p2 move thunderwave\n>p2 switch 4\n>p1 switch 5\n>p2 move liquidation\n>p1 move wish\n>p2 move liquidation\n>p1 move scald\n>p2 switch 6\n>p1 move flipturn\n>p2 move dragondance\n>p1 switch 3\n>p1 move stealthrock\n>p2 move earthquake terastallize\n>p1 switch 3\n>p1 move scald\n>p2 move leafblade\n>p1 switch 4\n>p2 move dragondance\n>p1 move quiverdance\n>p2 move dualwingbeat\n>p1 switch 4\n>p1 move scald\n>p2 move leafblade\n>p1 move scald\n>p2 move earthquake\n>p1 switch 2\n>p1 move shellsmash terastallize\n>p2 move dragondance\n>p1 move liquidation\n>p2 move leafblade\n>forcelose p1", "uploadtime": 1781376457, "views": 8, "formatid": "gen9randombattle", "rating": null, "private": 0, "password": null}