{"id": "gen9randombattle-2631984307", "format": "[Gen 9] Random Battle", "players": ["smasher04", "aceguy123"], "log": "|j|\u2606smasher04\n|j|\u2606aceguy123\n|t:|1781462756\n|gametype|singles\n|player|p1|smasher04|twins-gen4|2089\n|player|p2|aceguy123|firebreather|2239\n|gen|9\n|tier|[Gen 9] Random Battle\n|rated|\n|rule|Species Clause: Limit one of each Pok\u00e9mon\n|rule|HP Percentage Mod: HP is shown in percentages\n|rule|Sleep Clause Mod: Limit one foe put to sleep\n|rule|Illusion Level Mod: Illusion disguises the Pok\u00e9mon's true level\n|\n|t:|1781462756\n|teamsize|p1|6\n|teamsize|p2|6\n|start\n|switch|p1a: Flamigo|Flamigo, L82, M|269/269\n|switch|p2a: Medicham|Medicham, L86, F|243/243\n|turn|1\n|inactive|Battle timer is ON: inactive players will automatically lose when time's up. (requested by aceguy123)\n|\n|t:|1781462772\n|move|p1a: Flamigo|U-turn|p2a: Medicham\n|-damage|p2a: Medicham|186/243\n|\n|t:|1781462779\n|switch|p1a: Noctowl|Noctowl, L95, M|344/344|[from] U-turn\n|move|p2a: Medicham|Zen Headbutt|p1a: Noctowl\n|-damage|p1a: Noctowl|175/344\n|\n|upkeep\n|turn|2\n|\n|t:|1781462786\n|switch|p1a: Flamigo|Flamigo, L82, M|269/269\n|move|p2a: Medicham|Zen Headbutt|p1a: Flamigo\n|-supereffective|p1a: Flamigo\n|-crit|p1a: Flamigo\n|-damage|p1a: Flamigo|0 fnt\n|faint|p1a: Flamigo\n|\n|upkeep\n|\n|t:|1781462801\n|switch|p1a: Drednaw|Drednaw, L81, F|278/278\n|turn|3\n|\n|t:|1781462811\n|move|p2a: Medicham|Zen Headbutt|p1a: Drednaw\n|-damage|p1a: Drednaw|142/278\n|move|p1a: Drednaw|Shell Smash|p1a: Drednaw\n|-unboost|p1a: Drednaw|def|1\n|-unboost|p1a: Drednaw|spd|1\n|-boost|p1a: Drednaw|atk|2\n|-boost|p1a: Drednaw|spa|2\n|-boost|p1a: Drednaw|spe|2\n|-enditem|p1a: Drednaw|White Herb\n|-clearnegativeboost|p1a: Drednaw|[silent]\n|\n|upkeep\n|turn|4\n|\n|t:|1781462826\n|switch|p2a: Exeggutor|Exeggutor, L89, F|312/312\n|move|p1a: Drednaw|Liquidation|p2a: Exeggutor\n|-resisted|p2a: Exeggutor\n|-damage|p2a: Exeggutor|225/312\n|\n|upkeep\n|turn|5\n|\n|t:|1781462832\n|move|p1a: Drednaw|Crunch|p2a: Exeggutor\n|-supereffective|p2a: Exeggutor\n|-damage|p2a: Exeggutor|0 fnt\n|faint|p2a: Exeggutor\n|\n|upkeep\n|\n|t:|1781462836\n|switch|p2a: Hariyama|Hariyama, L87, F|392/392\n|turn|6\n|\n|t:|1781462847\n|switch|p1a: Conkeldurr|Conkeldurr, L80, M|299/299\n|move|p2a: Hariyama|Fake Out|p1a: Conkeldurr\n|-damage|p1a: Conkeldurr|263/299\n|\n|-status|p2a: Hariyama|brn|[from] item: Flame Orb\n|-status|p1a: Conkeldurr|brn|[from] item: Flame Orb\n|upkeep\n|turn|7\n|\n|t:|1781462851\n|move|p2a: Hariyama|Close Combat|p1a: Conkeldurr\n|-damage|p1a: Conkeldurr|46/299 brn\n|-unboost|p2a: Hariyama|def|1\n|-unboost|p2a: Hariyama|spd|1\n|move|p1a: Conkeldurr|Close Combat|p2a: Hariyama\n|-crit|p2a: Hariyama\n|-damage|p2a: Hariyama|0 fnt\n|-unboost|p1a: Conkeldurr|def|1\n|-unboost|p1a: Conkeldurr|spd|1\n|faint|p2a: Hariyama\n|\n|-damage|p1a: Conkeldurr|28/299 brn|[from] brn\n|upkeep\n|\n|t:|1781462857\n|switch|p2a: Medicham|Medicham, L86, F|186/243\n|turn|8\n|\n|t:|1781462861\n|move|p1a: Conkeldurr|Mach Punch|p2a: Medicham\n|-resisted|p2a: Medicham\n|-damage|p2a: Medicham|141/243\n|move|p2a: Medicham|Close Combat|p1a: Conkeldurr\n|-damage|p1a: Conkeldurr|0 fnt\n|-unboost|p2a: Medicham|def|1\n|-unboost|p2a: Medicham|spd|1\n|faint|p1a: Conkeldurr\n|\n|upkeep\n|\n|t:|1781462868\n|switch|p1a: Pyroar|Pyroar, L88, M|295/295\n|-ability|p1a: Pyroar|Unnerve\n|turn|9\n|\n|t:|1781462898\n|switch|p2a: Flygon|Flygon, L82, F|265/265\n|move|p1a: Pyroar|Work Up|p1a: Pyroar\n|-boost|p1a: Pyroar|atk|1\n|-boost|p1a: Pyroar|spa|1\n|\n|upkeep\n|turn|10\n|\n|t:|1781462910\n|move|p2a: Flygon|Earthquake|p1a: Pyroar\n|-supereffective|p1a: Pyroar\n|-damage|p1a: Pyroar|77/295\n|move|p1a: Pyroar|Will-O-Wisp|p2a: Flygon\n|-status|p2a: Flygon|brn\n|\n|-damage|p2a: Flygon|249/265 brn|[from] brn\n|upkeep\n|turn|11\n|\n|t:|1781462926\n|switch|p2a: Excadrill|Excadrill, L79, M|303/303\n|-ability|p2a: Excadrill|Mold Breaker\n|switch|p1a: Noctowl|Noctowl, L95, M|175/344\n|\n|upkeep\n|turn|12\n|\n|t:|1781462932\n|move|p1a: Noctowl|Hurricane|p2a: Excadrill\n|-resisted|p2a: Excadrill\n|-damage|p2a: Excadrill|131/303\n|move|p2a: Excadrill|Rapid Spin|p1a: Noctowl\n|-damage|p1a: Noctowl|124/344\n|-boost|p2a: Excadrill|spe|1\n|\n|-heal|p2a: Excadrill|149/303|[from] item: Leftovers\n|upkeep\n|turn|13\n|\n|t:|1781462950\n|move|p2a: Excadrill|Iron Head|p1a: Noctowl\n|-damage|p1a: Noctowl|0 fnt\n|faint|p1a: Noctowl\n|\n|-heal|p2a: Excadrill|167/303|[from] item: Leftovers\n|upkeep\n|\n|t:|1781462953\n|switch|p1a: Magcargo|Magcargo, L95, M|268/268\n|turn|14\n|\n|t:|1781462962\n|-terastallize|p1a: Magcargo|Dragon\n|move|p2a: Excadrill|Swords Dance|p2a: Excadrill\n|-boost|p2a: Excadrill|atk|2\n|move|p1a: Magcargo|Shell Smash|p1a: Magcargo\n|-unboost|p1a: Magcargo|def|1\n|-unboost|p1a: Magcargo|spd|1\n|-boost|p1a: Magcargo|atk|2\n|-boost|p1a: Magcargo|spa|2\n|-boost|p1a: Magcargo|spe|2\n|\n|-heal|p2a: Excadrill|185/303|[from] item: Leftovers\n|upkeep\n|turn|15\n|inactive|aceguy123 has 120 seconds left.\n|\n|t:|1781463001\n|-terastallize|p2a: Excadrill|Ground\n|move|p2a: Excadrill|Earthquake|p1a: Magcargo\n|-damage|p1a: Magcargo|0 fnt\n|faint|p1a: Magcargo\n|\n|-heal|p2a: Excadrill|203/303|[from] item: Leftovers\n|upkeep\n|-message|smasher04 forfeited.\n|\n|win|aceguy123\n", "inputlog": ">version a8376a258c1d4662feba110a92103f3664a72141\n>start {\"formatid\":\"gen9randombattle\",\"seed\":\"sodium,f8e5d8fdd7a6172a7df5bd0b7e274100\",\"rated\":\"Rated battle\"}\n>player p1 {\"name\":\"smasher04\",\"avatar\":\"twins-gen4\",\"rating\":2089,\"seed\":\"sodium,07a70d45b16a2bda54ba59e41bc7c28d\"}\n>player p2 {\"name\":\"aceguy123\",\"avatar\":\"firebreather\",\"rating\":2239,\"seed\":\"sodium,e773cfd1a29d0b7cbfa309724c4173ea\"}\n>p1 move uturn\n>p2 move zenheadbutt\n>p1 switch 4\n>p1 switch 4\n>p2 move zenheadbutt\n>p1 switch 3\n>p1 move shellsmash\n>p2 move zenheadbutt\n>p1 move liquidation\n>p2 switch 2\n>p1 move crunch\n>p2 move psychic\n>p2 switch 5\n>p1 switch 2\n>p2 move fakeout\n>p1 move closecombat\n>p2 move closecombat\n>p2 switch 2\n>p1 move machpunch\n>p2 move closecombat\n>p1 switch 5\n>p1 move workup\n>p2 switch 4\n>p1 move willowisp\n>p2 move earthquake\n>p1 switch 4\n>p2 switch 3\n>p1 move hurricane\n>p2 move rapidspin\n>p1 move hurricane\n>p2 move ironhead\n>p1 switch 6\n>p1 move shellsmash terastallize\n>p2 move swordsdance\n>p1 move shellsmash\n>p2 move earthquake terastallize\n>forcelose p1", "uploadtime": 1781462758, "views": 5, "formatid": "gen9randombattle", "rating": null, "private": 0, "password": null}