{"id": "gen9randombattle-2631928950", "format": "[Gen 9] Random Battle", "players": ["beanburrito1017", "schleeby"], "log": "|j|\u2606beanburrito1017\n|j|\u2606schleeby\n|t:|1781456683\n|gametype|singles\n|player|p1|beanburrito1017|265|2021\n|player|p2|schleeby|rosa|2039\n|gen|9\n|tier|[Gen 9] Random Battle\n|rated|\n|rule|Species Clause: Limit one of each Pok\u00e9mon\n|rule|HP Percentage Mod: HP is shown in percentages\n|rule|Sleep Clause Mod: Limit one foe put to sleep\n|rule|Illusion Level Mod: Illusion disguises the Pok\u00e9mon's true level\n|\n|t:|1781456683\n|teamsize|p1|6\n|teamsize|p2|6\n|start\n|switch|p1a: Magearna|Magearna, L77|250/250\n|switch|p2a: Arceus|Arceus-Ground, L70|284/284\n|turn|1\n|inactive|Battle timer is ON: inactive players will automatically lose when time's up. (requested by beanburrito1017)\n|\n|t:|1781456696\n|move|p2a: Arceus|Earthquake|p1a: Magearna\n|-supereffective|p1a: Magearna\n|-damage|p1a: Magearna|50/250\n|-enditem|p1a: Magearna|Weakness Policy\n|-boost|p1a: Magearna|atk|2|[from] item: Weakness Policy\n|-boost|p1a: Magearna|spa|2|[from] item: Weakness Policy\n|move|p1a: Magearna|Shift Gear|p1a: Magearna\n|-boost|p1a: Magearna|spe|2\n|-boost|p1a: Magearna|atk|1\n|\n|upkeep\n|turn|2\n|\n|t:|1781456705\n|switch|p2a: Toxapex|Toxapex, L82, M|216/216\n|move|p1a: Magearna|Fleur Cannon|p2a: Toxapex\n|-resisted|p2a: Toxapex\n|-damage|p2a: Toxapex|110/216\n|-unboost|p1a: Magearna|spa|2\n|\n|upkeep\n|turn|3\n|\n|t:|1781456712\n|-terastallize|p1a: Magearna|Ground\n|move|p1a: Magearna|Tera Blast|p2a: Toxapex|[anim] Tera Blast Ground\n|-supereffective|p2a: Toxapex\n|-damage|p2a: Toxapex|0 fnt\n|faint|p2a: Toxapex\n|-ability|p1a: Magearna|Soul-Heart|boost\n|-boost|p1a: Magearna|spa|1\n|\n|upkeep\n|\n|t:|1781456719\n|switch|p2a: Arceus|Arceus-Ground, L70|284/284\n|turn|4\n|\n|t:|1781456726\n|move|p1a: Magearna|Iron Head|p2a: Arceus\n|-damage|p2a: Arceus|130/284\n|cant|p2a: Arceus|flinch\n|\n|upkeep\n|turn|5\n|\n|t:|1781456732\n|-terastallize|p2a: Arceus|Steel\n|move|p1a: Magearna|Iron Head|p2a: Arceus\n|-resisted|p2a: Arceus\n|-damage|p2a: Arceus|46/284\n|cant|p2a: Arceus|flinch\n|\n|upkeep\n|turn|6\n|-message|schleeby forfeited.\n|\n|win|beanburrito1017\n", "uploadtime": 1781456684, "views": 3, "formatid": "gen9randombattle", "rating": null, "private": 0, "password": null}