{"id": "gen9randombattle-2631370502", "format": "[Gen 9] Random Battle", "players": ["Micael Lopes", "Sebobo86"], "log": "|j|\u2606Micael Lopes\n|j|\u2606Sebobo86\n|t:|1781376691\n|gametype|singles\n|player|p1|Micael Lopes|benga|1541\n|player|p2|Sebobo86|drayden|1554\n|gen|9\n|tier|[Gen 9] Random Battle\n|rated|\n|rule|Species Clause: Limit one of each Pok\u00e9mon\n|rule|HP Percentage Mod: HP is shown in percentages\n|rule|Sleep Clause Mod: Limit one foe put to sleep\n|rule|Illusion Level Mod: Illusion disguises the Pok\u00e9mon's true level\n|\n|t:|1781376691\n|teamsize|p1|6\n|teamsize|p2|6\n|start\n|switch|p1a: Oranguru|Oranguru, L92, M|315/315\n|switch|p2a: Oinkologne|Oinkologne, L92, M|352/352\n|turn|1\n|inactive|Battle timer is ON: inactive players will automatically lose when time's up. (requested by Micael Lopes)\n|\n|t:|1781376715\n|move|p2a: Oinkologne|Lash Out|p1a: Oranguru\n|-supereffective|p1a: Oranguru\n|-damage|p1a: Oranguru|177/315\n|move|p1a: Oranguru|Nasty Plot|p1a: Oranguru\n|-boost|p1a: Oranguru|spa|2\n|\n|upkeep\n|turn|2\n|\n|t:|1781376725\n|move|p2a: Oinkologne|Lash Out|p1a: Oranguru\n|-supereffective|p1a: Oranguru\n|-damage|p1a: Oranguru|57/315\n|move|p1a: Oranguru|Focus Blast|p2a: Oinkologne\n|-supereffective|p2a: Oinkologne\n|-damage|p2a: Oinkologne|0 fnt\n|faint|p2a: Oinkologne\n|-damage|p1a: Oranguru|26/315|[from] item: Life Orb\n|\n|upkeep\n|\n|t:|1781376737\n|switch|p2a: Blaziken|Blaziken, L76, M|247/247\n|turn|3\n|\n|t:|1781376766\n|switch|p1a: Drifblim|Drifblim, L86, M|396/396\n|move|p2a: Blaziken|Knock Off|p1a: Drifblim\n|-supereffective|p1a: Drifblim\n|-damage|p1a: Drifblim|141/396\n|-enditem|p1a: Drifblim|Sitrus Berry|[from] move: Knock Off|[of] p2a: Blaziken\n|-damage|p2a: Blaziken|223/247|[from] item: Life Orb\n|\n|-ability|p2a: Blaziken|Speed Boost|boost\n|-boost|p2a: Blaziken|spe|1\n|upkeep\n|turn|4\n|\n|t:|1781376788\n|switch|p2a: Revavroom|Revavroom, L79, M|256/256\n|move|p1a: Drifblim|Strength Sap|p2a: Revavroom\n|-unboost|p2a: Revavroom|atk|1\n|-heal|p1a: Drifblim|375/396\n|\n|upkeep\n|turn|5\n|\n|t:|1781376807\n|move|p1a: Drifblim|Calm Mind|p1a: Drifblim\n|-boost|p1a: Drifblim|spa|1\n|-boost|p1a: Drifblim|spd|1\n|move|p2a: Revavroom|Shift Gear|p2a: Revavroom\n|-boost|p2a: Revavroom|spe|2\n|-boost|p2a: Revavroom|atk|1\n|\n|upkeep\n|turn|6\n|\n|t:|1781376819\n|move|p2a: Revavroom|Shift Gear|p2a: Revavroom\n|-boost|p2a: Revavroom|spe|2\n|-boost|p2a: Revavroom|atk|1\n|move|p1a: Drifblim|Calm Mind|p1a: Drifblim\n|-boost|p1a: Drifblim|spa|1\n|-boost|p1a: Drifblim|spd|1\n|\n|upkeep\n|turn|7\n|\n|t:|1781376845\n|-terastallize|p1a: Drifblim|Steel\n|move|p2a: Revavroom|Shift Gear|p2a: Revavroom\n|-boost|p2a: Revavroom|spe|2\n|-boost|p2a: Revavroom|atk|1\n|move|p1a: Drifblim|Strength Sap|p2a: Revavroom\n|-unboost|p2a: Revavroom|atk|1\n|-heal|p1a: Drifblim|396/396\n|\n|upkeep\n|turn|8\n|\n|t:|1781376857\n|move|p2a: Revavroom|High Horsepower|p1a: Drifblim\n|-supereffective|p1a: Drifblim\n|-damage|p1a: Drifblim|0 fnt\n|faint|p1a: Drifblim\n|-damage|p2a: Revavroom|231/256|[from] item: Life Orb\n|\n|upkeep\n|inactive|Micael Lopes has 120 seconds left.\n|\n|t:|1781376878\n|switch|p1a: Slowking|Slowking, L88, F|310/310\n|turn|9\n|\n|t:|1781376887\n|move|p2a: Revavroom|Gunk Shot|p1a: Slowking\n|-damage|p1a: Slowking|36/310\n|-status|p1a: Slowking|psn\n|-damage|p2a: Revavroom|206/256|[from] item: Life Orb\n|move|p1a: Slowking|Scald|p2a: Revavroom\n|-damage|p2a: Revavroom|77/256\n|\n|-damage|p1a: Slowking|0 fnt|[from] psn\n|faint|p1a: Slowking\n|upkeep\n|inactive|Micael Lopes has 120 seconds left.\n|\n|t:|1781376921\n|switch|p1a: Altaria|Altaria, L89, M|278/278\n|turn|10\n|\n|t:|1781376928\n|move|p2a: Revavroom|Gunk Shot|p1a: Altaria|[miss]\n|-miss|p2a: Revavroom|p1a: Altaria\n|move|p1a: Altaria|Earthquake|p2a: Revavroom\n|-supereffective|p2a: Revavroom\n|-damage|p2a: Revavroom|0 fnt\n|faint|p2a: Revavroom\n|\n|upkeep\n|\n|t:|1781376944\n|switch|p2a: Swanna|Swanna, L89, F|278/278\n|turn|11\n|\n|t:|1781376951\n|move|p2a: Swanna|Brave Bird|p1a: Altaria\n|-damage|p1a: Altaria|160/278\n|-damage|p2a: Swanna|239/278|[from] Recoil\n|move|p1a: Altaria|Dragon Dance|p1a: Altaria\n|-boost|p1a: Altaria|atk|1\n|-boost|p1a: Altaria|spe|1\n|\n|upkeep\n|turn|12\n|\n|t:|1781376959\n|move|p1a: Altaria|Dragon Dance|p1a: Altaria\n|-boost|p1a: Altaria|atk|1\n|-boost|p1a: Altaria|spe|1\n|move|p2a: Swanna|Brave Bird|p1a: Altaria\n|-damage|p1a: Altaria|37/278\n|-damage|p2a: Swanna|198/278|[from] Recoil\n|\n|upkeep\n|turn|13\n|\n|t:|1781376972\n|move|p1a: Altaria|Roost|p1a: Altaria\n|-heal|p1a: Altaria|176/278\n|-singleturn|p1a: Altaria|move: Roost\n|move|p2a: Swanna|Brave Bird|p1a: Altaria\n|-damage|p1a: Altaria|61/278\n|-damage|p2a: Swanna|160/278|[from] Recoil\n|\n|upkeep\n|turn|14\n|\n|t:|1781376981\n|move|p1a: Altaria|Roost|p1a: Altaria\n|-heal|p1a: Altaria|200/278\n|-singleturn|p1a: Altaria|move: Roost\n|move|p2a: Swanna|Brave Bird|p1a: Altaria\n|-damage|p1a: Altaria|82/278\n|-damage|p2a: Swanna|121/278|[from] Recoil\n|\n|upkeep\n|turn|15\n|\n|t:|1781376991\n|move|p1a: Altaria|Roost|p1a: Altaria\n|-heal|p1a: Altaria|221/278\n|-singleturn|p1a: Altaria|move: Roost\n|move|p2a: Swanna|Roost|p2a: Swanna\n|-heal|p2a: Swanna|260/278\n|-singleturn|p2a: Swanna|move: Roost\n|\n|upkeep\n|turn|16\n|\n|t:|1781376999\n|move|p1a: Altaria|Dragon Dance|p1a: Altaria\n|-boost|p1a: Altaria|atk|1\n|-boost|p1a: Altaria|spe|1\n|move|p2a: Swanna|Brave Bird|p1a: Altaria\n|-damage|p1a: Altaria|89/278\n|-damage|p2a: Swanna|216/278|[from] Recoil\n|\n|upkeep\n|turn|17\n|\n|t:|1781377009\n|move|p1a: Altaria|Roost|p1a: Altaria\n|-heal|p1a: Altaria|228/278\n|-singleturn|p1a: Altaria|move: Roost\n|move|p2a: Swanna|Brave Bird|p1a: Altaria\n|-damage|p1a: Altaria|99/278\n|-damage|p2a: Swanna|173/278|[from] Recoil\n|\n|upkeep\n|turn|18\n|\n|t:|1781377016\n|move|p1a: Altaria|Roost|p1a: Altaria\n|-heal|p1a: Altaria|238/278\n|-singleturn|p1a: Altaria|move: Roost\n|move|p2a: Swanna|Brave Bird|p1a: Altaria\n|-damage|p1a: Altaria|108/278\n|-damage|p2a: Swanna|130/278|[from] Recoil\n|\n|upkeep\n|turn|19\n|\n|t:|1781377026\n|move|p1a: Altaria|Roost|p1a: Altaria\n|-heal|p1a: Altaria|247/278\n|-singleturn|p1a: Altaria|move: Roost\n|move|p2a: Swanna|Roost|p2a: Swanna\n|-heal|p2a: Swanna|269/278\n|-singleturn|p2a: Swanna|move: Roost\n|\n|upkeep\n|turn|20\n|\n|t:|1781377034\n|move|p1a: Altaria|Dragon Dance|p1a: Altaria\n|-boost|p1a: Altaria|atk|1\n|-boost|p1a: Altaria|spe|1\n|move|p2a: Swanna|Brave Bird|p1a: Altaria\n|-damage|p1a: Altaria|135/278\n|-damage|p2a: Swanna|232/278|[from] Recoil\n|\n|upkeep\n|turn|21\n|\n|t:|1781377041\n|move|p1a: Altaria|Roost|p1a: Altaria\n|-heal|p1a: Altaria|274/278\n|-singleturn|p1a: Altaria|move: Roost\n|move|p2a: Swanna|Brave Bird|p1a: Altaria\n|-damage|p1a: Altaria|154/278\n|-damage|p2a: Swanna|192/278|[from] Recoil\n|\n|upkeep\n|turn|22\n|\n|t:|1781377048\n|move|p1a: Altaria|Brave Bird|p2a: Swanna\n|-damage|p2a: Swanna|0 fnt\n|faint|p2a: Swanna\n|-damage|p1a: Altaria|91/278|[from] Recoil\n|\n|upkeep\n|\n|t:|1781377056\n|switch|p2a: Tentacruel|Tentacruel, L84, F|272/272\n|turn|23\n|\n|t:|1781377070\n|-terastallize|p2a: Tentacruel|Grass\n|move|p1a: Altaria|Earthquake|p2a: Tentacruel\n|-resisted|p2a: Tentacruel\n|-damage|p2a: Tentacruel|167/272\n|move|p2a: Tentacruel|Haze|p2a: Tentacruel\n|-clearallboost\n|\n|-heal|p2a: Tentacruel|184/272|[from] item: Leftovers\n|upkeep\n|turn|24\n|\n|t:|1781377079\n|move|p2a: Tentacruel|Sludge Bomb|p1a: Altaria\n|-damage|p1a: Altaria|25/278\n|move|p1a: Altaria|Dragon Dance|p1a: Altaria\n|-boost|p1a: Altaria|atk|1\n|-boost|p1a: Altaria|spe|1\n|\n|-heal|p2a: Tentacruel|201/272|[from] item: Leftovers\n|upkeep\n|turn|25\n|\n|t:|1781377087\n|move|p1a: Altaria|Roost|p1a: Altaria\n|-heal|p1a: Altaria|164/278\n|-singleturn|p1a: Altaria|move: Roost\n|move|p2a: Tentacruel|Sludge Bomb|p1a: Altaria\n|-damage|p1a: Altaria|100/278\n|-status|p1a: Altaria|psn\n|\n|-heal|p2a: Tentacruel|218/272|[from] item: Leftovers\n|-damage|p1a: Altaria|66/278 psn|[from] psn\n|upkeep\n|turn|26\n|\n|t:|1781377096\n|move|p1a: Altaria|Brave Bird|p2a: Tentacruel\n|-supereffective|p2a: Tentacruel\n|-damage|p2a: Tentacruel|0 fnt\n|faint|p2a: Tentacruel\n|-damage|p1a: Altaria|0 fnt|[from] Recoil\n|faint|p1a: Altaria\n|\n|upkeep\n|\n|t:|1781377103\n|switch|p2a: Blaziken|Blaziken, L76, M|223/247\n|switch|p1a: Toxtricity|Toxtricity, L82, F|257/257\n|turn|27\n|\n|t:|1781377114\n|move|p1a: Toxtricity|Boomburst|p2a: Blaziken\n|-damage|p2a: Blaziken|0 fnt\n|faint|p2a: Blaziken\n|\n|upkeep\n|-message|Sebobo86 forfeited.\n|\n|win|Micael Lopes\n|raw|Micael Lopes's rating: 1545 &rarr; <strong>1566</strong><br />(+21 for winning)\n|raw|Sebobo86's rating: 1554 &rarr; <strong>1533</strong><br />(-21 for losing)\n|l|\u2606Sebobo86\n|player|p2|\n|c|\u2606Micael Lopes|**__Sexy game.__**\n", "inputlog": ">version a8376a258c1d4662feba110a92103f3664a72141\n>start {\"formatid\":\"gen9randombattle\",\"seed\":\"sodium,06d63f912c06f2222bc8af492405456c\",\"rated\":\"Rated battle\"}\n>player p1 {\"name\":\"Micael Lopes\",\"avatar\":\"benga\",\"rating\":1541,\"seed\":\"sodium,61e87c048248c39c57effbffd3dddc86\"}\n>player p2 {\"name\":\"Sebobo86\",\"avatar\":\"drayden\",\"rating\":1554,\"seed\":\"sodium,37667e030c89a192aac32e294d390eb4\"}\n>p1 move nastyplot\n>p2 move lashout\n>p1 move focusblast\n>p2 move lashout\n>p2 switch 4\n>p1 switch 2\n>p2 move knockoff\n>p1 move strengthsap\n>p2 switch 2\n>p1 move calmmind\n>p2 move shiftgear\n>p1 move calmmind\n>p2 move shiftgear\n>p1 move strengthsap terastallize\n>p2 move shiftgear\n>p1 move strengthsap\n>p2 move highhorsepower\n>p1 switch 5\n>p1 move scald\n>p2 move gunkshot\n>p1 switch 4\n>p1 move earthquake\n>p2 move gunkshot\n>p2 switch 6\n>p1 move dragondance\n>p2 move bravebird\n>p1 move dragondance\n>p2 move bravebird\n>p1 move roost\n>p2 move bravebird\n>p1 move roost\n>p2 move bravebird\n>p1 move roost\n>p2 move roost\n>p1 move dragondance\n>p2 move bravebird\n>p1 move roost\n>p2 move bravebird\n>p1 move roost\n>p2 move bravebird\n>p1 move roost\n>p2 move roost\n>p1 move dragondance\n>p2 move bravebird\n>p1 move roost\n>p2 move bravebird\n>p1 move bravebird\n>p2 move bravebird\n>p2 switch 5\n>p1 move earthquake\n>p2 move haze terastallize\n>p1 move dragondance\n>p2 move sludgebomb\n>p1 move roost\n>p2 move sludgebomb\n>p1 move bravebird\n>p2 move sludgebomb\n>p1 switch 6\n>p2 switch 2\n>p1 move boomburst\n>p2 move knockoff\n>forcelose p2", "uploadtime": 1781377130, "views": 8, "formatid": "gen9randombattle", "rating": 1533, "private": 0, "password": null}