{"id": "gen9randombattle-2631473621", "format": "[Gen 9] Random Battle", "players": ["green8Bit", "soumatou_story"], "log": "|j|\u2606green8Bit\n|j|\u2606soumatou_story\n|t:|1781389252\n|gametype|singles\n|player|p1|green8Bit|266|2052\n|player|p2|soumatou_story|parasollady|2311\n|gen|9\n|tier|[Gen 9] Random Battle\n|rated|\n|rule|Species Clause: Limit one of each Pok\u00e9mon\n|rule|HP Percentage Mod: HP is shown in percentages\n|rule|Sleep Clause Mod: Limit one foe put to sleep\n|rule|Illusion Level Mod: Illusion disguises the Pok\u00e9mon's true level\n|\n|t:|1781389252\n|teamsize|p1|6\n|teamsize|p2|6\n|start\n|switch|p1a: Magearna|Magearna-Original, L77|250/250\n|switch|p2a: Dialga|Dialga-Origin, L73|266/266\n|-ability|p2a: Dialga|Pressure\n|turn|1\n|inactive|Battle timer is ON: inactive players will automatically lose when time's up. (requested by soumatou_story)\n|\n|t:|1781389324\n|move|p2a: Dialga|Stealth Rock|p1a: Magearna\n|-sidestart|p1: green8Bit|move: Stealth Rock\n|move|p1a: Magearna|Thunder Wave|p2a: Dialga\n|-status|p2a: Dialga|par\n|\n|upkeep\n|turn|2\n|\n|t:|1781389353\n|move|p1a: Magearna|Volt Switch|p2a: Dialga\n|-resisted|p2a: Dialga\n|-damage|p2a: Dialga|244/266 par\n|\n|t:|1781389359\n|switch|p1a: Quagsire|Quagsire, L84, M|297/297|[from] Volt Switch\n|-damage|p1a: Quagsire|279/297|[from] Stealth Rock\n|move|p2a: Dialga|Thunder Wave|p1a: Quagsire\n|-immune|p1a: Quagsire\n|\n|-heal|p1a: Quagsire|297/297|[from] item: Leftovers\n|upkeep\n|turn|3\n|inactive|soumatou_story has 120 seconds left.\n|\n|t:|1781389382\n|switch|p2a: Sunflora|Sunflora, M|312/312\n|move|p1a: Quagsire|Earthquake|p2a: Sunflora\n|-resisted|p2a: Sunflora\n|-damage|p2a: Sunflora|252/312\n|\n|upkeep\n|turn|4\n|inactive|soumatou_story has 120 seconds left.\n|inactive|green8Bit has 120 seconds left.\n|\n|t:|1781389419\n|switch|p1a: Iron Jugulis|Iron Jugulis, L77|271/271\n|-damage|p1a: Iron Jugulis|204/271|[from] Stealth Rock\n|move|p2a: Sunflora|Sunny Day|p2a: Sunflora\n|-weather|SunnyDay\n|\n|-weather|SunnyDay|[upkeep]\n|upkeep\n|turn|5\n|inactive|soumatou_story has 90 seconds left.\n|inactive|soumatou_story has 60 seconds left.\n|\n|t:|1781389483\n|move|p2a: Sunflora|Weather Ball|p1a: Iron Jugulis\n|-damage|p1a: Iron Jugulis|0 fnt\n|faint|p1a: Iron Jugulis\n|-end|p1a: Iron Jugulis|Quark Drive|[silent]\n|-damage|p2a: Sunflora|221/312|[from] item: Life Orb\n|\n|-weather|SunnyDay|[upkeep]\n|upkeep\n|\n|t:|1781389489\n|switch|p1a: Swalot|Swalot, L90, F|326/326\n|-damage|p1a: Swalot|286/326|[from] Stealth Rock\n|turn|6\n|\n|t:|1781389510\n|switch|p2a: Tentacruel|Tentacruel, L84, M|272/272\n|move|p1a: Swalot|Thunder Wave|p2a: Tentacruel\n|-status|p2a: Tentacruel|par\n|\n|-weather|SunnyDay|[upkeep]\n|-heal|p1a: Swalot|306/326|[from] item: Leftovers\n|upkeep\n|turn|7\n|\n|t:|1781389520\n|move|p1a: Swalot|Earthquake|p2a: Tentacruel\n|-supereffective|p2a: Tentacruel\n|-damage|p2a: Tentacruel|104/272 par\n|cant|p2a: Tentacruel|par\n|\n|-weather|SunnyDay|[upkeep]\n|-heal|p1a: Swalot|326/326|[from] item: Leftovers\n|upkeep\n|turn|8\n|\n|t:|1781389528\n|switch|p2a: Beartic|Beartic, L91, F|321/321\n|move|p1a: Swalot|Earthquake|p2a: Beartic\n|-damage|p2a: Beartic|252/321\n|\n|-weather|none\n|upkeep\n|turn|9\n|inactive|green8Bit has 120 seconds left.\n|inactive|soumatou_story has 60 seconds left.\n|inactive|green8Bit has 90 seconds left.\n|\n|t:|1781389569\n|move|p1a: Swalot|Sludge Bomb|p2a: Beartic\n|-damage|p2a: Beartic|162/321\n|move|p2a: Beartic|Swords Dance|p2a: Beartic\n|-boost|p2a: Beartic|atk|2\n|\n|upkeep\n|turn|10\n|inactive|green8Bit has 90 seconds left.\n|inactive|soumatou_story has 60 seconds left.\n|\n|t:|1781389602\n|move|p1a: Swalot|Sludge Bomb|p2a: Beartic\n|-crit|p2a: Beartic\n|-damage|p2a: Beartic|38/321\n|move|p2a: Beartic|Snowscape|p2a: Beartic\n|-weather|Snowscape\n|\n|-weather|Snowscape|[upkeep]\n|upkeep\n|turn|11\n|inactive|green8Bit has 60 seconds left.\n|\n|t:|1781389618\n|move|p2a: Beartic|Icicle Crash|p1a: Swalot\n|-damage|p1a: Swalot|68/326\n|cant|p1a: Swalot|flinch\n|\n|-weather|Snowscape|[upkeep]\n|-heal|p1a: Swalot|88/326|[from] item: Leftovers\n|upkeep\n|turn|12\n|\n|t:|1781389624\n|move|p2a: Beartic|Icicle Crash|p1a: Swalot\n|-damage|p1a: Swalot|0 fnt\n|faint|p1a: Swalot\n|\n|-weather|Snowscape|[upkeep]\n|upkeep\n|\n|t:|1781389627\n|switch|p1a: Quagsire|Quagsire, L84, M|297/297\n|-damage|p1a: Quagsire|279/297|[from] Stealth Rock\n|turn|13\n|\n|t:|1781389634\n|move|p2a: Beartic|Icicle Crash|p1a: Quagsire|[miss]\n|-miss|p2a: Beartic|p1a: Quagsire\n|move|p1a: Quagsire|Ice Beam|p2a: Beartic\n|-resisted|p2a: Beartic\n|-crit|p2a: Beartic\n|-damage|p2a: Beartic|2/321\n|\n|-weather|Snowscape|[upkeep]\n|-heal|p1a: Quagsire|297/297|[from] item: Leftovers\n|upkeep\n|turn|14\n|\n|t:|1781389645\n|move|p2a: Beartic|Icicle Crash|p1a: Quagsire\n|-damage|p1a: Quagsire|168/297\n|move|p1a: Quagsire|Recover|p1a: Quagsire\n|-heal|p1a: Quagsire|297/297\n|\n|-weather|none\n|upkeep\n|turn|15\n|\n|t:|1781389649\n|move|p2a: Beartic|Icicle Crash|p1a: Quagsire\n|-damage|p1a: Quagsire|170/297\n|move|p1a: Quagsire|Earthquake|p2a: Beartic\n|-damage|p2a: Beartic|0 fnt\n|faint|p2a: Beartic\n|\n|-heal|p1a: Quagsire|188/297|[from] item: Leftovers\n|upkeep\n|\n|t:|1781389655\n|switch|p2a: Barraskewda|Barraskewda, L81, M|231/231\n|turn|16\n|j| Lesterly\n|inactive|soumatou_story has 90 seconds left.\n|\n|t:|1781389691\n|-terastallize|p2a: Barraskewda|Water\n|move|p2a: Barraskewda|Waterfall|p1a: Quagsire\n|-damage|p1a: Quagsire|8/297\n|move|p1a: Quagsire|Recover|p1a: Quagsire\n|-heal|p1a: Quagsire|157/297\n|\n|-heal|p1a: Quagsire|175/297|[from] item: Leftovers\n|upkeep\n|turn|17\n|inactive|green8Bit has 90 seconds left.\n|inactive|green8Bit has 60 seconds left.\n|\n|t:|1781389745\n|move|p2a: Barraskewda|Waterfall|p1a: Quagsire\n|-damage|p1a: Quagsire|0 fnt\n|faint|p1a: Quagsire\n|\n|upkeep\n|\n|t:|1781389763\n|switch|p1a: Magearna|Magearna-Original, L77|250/250\n|-damage|p1a: Magearna|235/250|[from] Stealth Rock\n|turn|18\n|\n|t:|1781389784\n|switch|p2a: Tentacruel|Tentacruel, L84, M|104/272 par\n|move|p1a: Magearna|Volt Switch|p2a: Tentacruel\n|-supereffective|p2a: Tentacruel\n|-damage|p2a: Tentacruel|50/272 par\n|inactive|green8Bit has 30 seconds left.\n|\n|t:|1781389803\n|switch|p1a: Polteageist|Polteageist-Antique, L78|222/222|[from] Volt Switch\n|-damage|p1a: Polteageist|195/222|[from] Stealth Rock\n|\n|upkeep\n|turn|19\n|inactive|green8Bit has 30 seconds left.\n|\n|t:|1781389810\n|move|p1a: Polteageist|Shell Smash|p1a: Polteageist\n|-unboost|p1a: Polteageist|def|1\n|-unboost|p1a: Polteageist|spd|1\n|-boost|p1a: Polteageist|atk|2\n|-boost|p1a: Polteageist|spa|2\n|-boost|p1a: Polteageist|spe|2\n|-enditem|p1a: Polteageist|White Herb\n|-clearnegativeboost|p1a: Polteageist|[silent]\n|move|p2a: Tentacruel|Sludge Bomb|p1a: Polteageist\n|-resisted|p1a: Polteageist\n|-damage|p1a: Polteageist|156/222\n|-start|p2a: Tentacruel|Disable|Sludge Bomb|[from] ability: Cursed Body|[of] p1a: Polteageist\n|\n|upkeep\n|turn|20\n|inactive|green8Bit has 30 seconds left.\n|\n|t:|1781389824\n|move|p1a: Polteageist|Shadow Ball|p2a: Tentacruel\n|-damage|p2a: Tentacruel|0 fnt\n|faint|p2a: Tentacruel\n|\n|upkeep\n|\n|t:|1781389825\n|switch|p2a: Clefable|Clefable, L83, M|293/293\n|turn|21\n|inactive|green8Bit has 30 seconds left.\n|inactive|green8Bit has 20 seconds left.\n|inactive|green8Bit has 15 seconds left.\n|inactive|green8Bit has 10 seconds left.\n|\n|t:|1781389863\n|move|p1a: Polteageist|Shadow Ball|p2a: Clefable\n|-damage|p2a: Clefable|203/293\n|move|p2a: Clefable|Moonblast|p1a: Polteageist\n|-damage|p1a: Polteageist|71/222\n|-start|p2a: Clefable|Disable|Moonblast|[from] ability: Cursed Body|[of] p1a: Polteageist\n|\n|-heal|p2a: Clefable|221/293|[from] item: Leftovers\n|upkeep\n|turn|22\n|inactive|green8Bit has 20 seconds left this turn.\n|inactive|green8Bit has 15 seconds left.\n|inactive|green8Bit has 10 seconds left.\n|\n|t:|1781389879\n|move|p1a: Polteageist|Strength Sap|p2a: Clefable\n|-unboost|p2a: Clefable|atk|1\n|-heal|p1a: Polteageist|192/222\n|move|p2a: Clefable|Moonlight|p2a: Clefable\n|-heal|p2a: Clefable|293/293\n|\n|upkeep\n|turn|23\n|inactive|green8Bit has 20 seconds left this turn.\n|inactive|green8Bit has 15 seconds left.\n|\n|t:|1781389886\n|move|p1a: Polteageist|Shadow Ball|p2a: Clefable\n|-damage|p2a: Clefable|194/293\n|move|p2a: Clefable|Calm Mind|p2a: Clefable\n|-boost|p2a: Clefable|spa|1\n|-boost|p2a: Clefable|spd|1\n|\n|-heal|p2a: Clefable|212/293|[from] item: Leftovers\n|upkeep\n|turn|24\n|inactive|green8Bit has 25 seconds left this turn.\n|inactive|green8Bit has 20 seconds left.\n|\n|t:|1781389894\n|move|p1a: Polteageist|Shell Smash|p1a: Polteageist\n|-unboost|p1a: Polteageist|def|1\n|-unboost|p1a: Polteageist|spd|1\n|-boost|p1a: Polteageist|atk|2\n|-boost|p1a: Polteageist|spa|2\n|-boost|p1a: Polteageist|spe|2\n|move|p2a: Clefable|Moonlight|p2a: Clefable\n|-heal|p2a: Clefable|293/293\n|\n|-end|p2a: Clefable|Disable\n|upkeep\n|turn|25\n|inactive|green8Bit has 30 seconds left this turn.\n|\n|t:|1781389897\n|move|p1a: Polteageist|Shadow Ball|p2a: Clefable\n|-damage|p2a: Clefable|233/293\n|-unboost|p2a: Clefable|spd|1\n|move|p2a: Clefable|Calm Mind|p2a: Clefable\n|-boost|p2a: Clefable|spa|1\n|-boost|p2a: Clefable|spd|1\n|\n|-heal|p2a: Clefable|251/293|[from] item: Leftovers\n|upkeep\n|turn|26\n|\n|t:|1781389901\n|move|p1a: Polteageist|Shadow Ball|p2a: Clefable\n|-damage|p2a: Clefable|193/293\n|move|p2a: Clefable|Calm Mind|p2a: Clefable\n|-boost|p2a: Clefable|spa|1\n|-boost|p2a: Clefable|spd|1\n|\n|-heal|p2a: Clefable|211/293|[from] item: Leftovers\n|upkeep\n|turn|27\n|\n|t:|1781389905\n|switch|p1a: Arceus|Arceus-Ground, L70|284/284\n|-damage|p1a: Arceus|267/284|[from] Stealth Rock\n|move|p2a: Clefable|Moonlight|p2a: Clefable\n|-heal|p2a: Clefable|293/293\n|\n|upkeep\n|turn|28\n|\n|t:|1781389913\n|move|p1a: Arceus|Extreme Speed|p2a: Clefable\n|-damage|p2a: Clefable|242/293\n|move|p2a: Clefable|Moonlight|p2a: Clefable\n|-heal|p2a: Clefable|293/293\n|\n|upkeep\n|turn|29\n|\n|t:|1781389919\n|move|p1a: Arceus|Earthquake|p2a: Clefable\n|-damage|p2a: Clefable|157/293\n|move|p2a: Clefable|Moonblast|p1a: Arceus\n|-damage|p1a: Arceus|51/284\n|\n|-heal|p2a: Clefable|175/293|[from] item: Leftovers\n|upkeep\n|turn|30\n|\n|t:|1781389928\n|move|p1a: Arceus|Earthquake|p2a: Clefable\n|-crit|p2a: Clefable\n|-damage|p2a: Clefable|0 fnt\n|faint|p2a: Clefable\n|\n|upkeep\n|\n|t:|1781389932\n|switch|p2a: Barraskewda|Barraskewda, L81, M, tera:Water|231/231\n|turn|31\n|\n|t:|1781389946\n|move|p1a: Arceus|Extreme Speed|p2a: Barraskewda\n|-damage|p2a: Barraskewda|162/231\n|move|p2a: Barraskewda|Waterfall|p1a: Arceus\n|-supereffective|p1a: Arceus\n|-damage|p1a: Arceus|0 fnt\n|faint|p1a: Arceus\n|\n|upkeep\n|\n|t:|1781389950\n|switch|p1a: Magearna|Magearna-Original, L77|235/250\n|-damage|p1a: Magearna|220/250|[from] Stealth Rock\n|turn|32\n|inactive|green8Bit has 90 seconds left.\n|\n|t:|1781389961\n|switch|p2a: Dialga|Dialga-Origin, L73|244/266 par\n|-ability|p2a: Dialga|Pressure\n|move|p1a: Magearna|Volt Switch|p2a: Dialga\n|-resisted|p2a: Dialga\n|-damage|p2a: Dialga|218/266 par\n|\n|t:|1781389967\n|switch|p1a: Polteageist|Polteageist-Antique, L78|192/222|[from] Volt Switch\n|-damage|p1a: Polteageist|165/222|[from] Stealth Rock\n|\n|upkeep\n|turn|33\n|inactive|green8Bit has 90 seconds left.\n|\n|t:|1781389979\n|move|p1a: Polteageist|Shell Smash|p1a: Polteageist\n|-unboost|p1a: Polteageist|def|1\n|-unboost|p1a: Polteageist|spd|1\n|-boost|p1a: Polteageist|atk|2\n|-boost|p1a: Polteageist|spa|2\n|-boost|p1a: Polteageist|spe|2\n|move|p2a: Dialga|Thunder Wave|p1a: Polteageist\n|-status|p1a: Polteageist|par\n|\n|upkeep\n|turn|34\n|inactive|green8Bit has 90 seconds left.\n|\n|t:|1781389991\n|move|p1a: Polteageist|Shell Smash|p1a: Polteageist\n|-unboost|p1a: Polteageist|def|1\n|-unboost|p1a: Polteageist|spd|1\n|-boost|p1a: Polteageist|atk|2\n|-boost|p1a: Polteageist|spa|2\n|-boost|p1a: Polteageist|spe|2\n|move|p2a: Dialga|Draco Meteor|p1a: Polteageist\n|-damage|p1a: Polteageist|0 fnt\n|-unboost|p2a: Dialga|spa|2\n|faint|p1a: Polteageist\n|\n|upkeep\n|\n|t:|1781389993\n|switch|p1a: Magearna|Magearna-Original, L77|220/250\n|-damage|p1a: Magearna|205/250|[from] Stealth Rock\n|turn|35\n|inactive|green8Bit has 90 seconds left.\n|\n|t:|1781390007\n|-terastallize|p1a: Magearna|Water\n|move|p1a: Magearna|Fleur Cannon|p2a: Dialga\n|-crit|p2a: Dialga\n|-damage|p2a: Dialga|5/266 par\n|-unboost|p1a: Magearna|spa|2\n|cant|p2a: Dialga|par\n|\n|-heal|p1a: Magearna|220/250|[from] item: Leftovers\n|upkeep\n|turn|36\n|l| Lesterly\n|j| Lesterly\n|\n|t:|1781390017\n|move|p1a: Magearna|Flash Cannon|p2a: Dialga\n|-resisted|p2a: Dialga\n|-damage|p2a: Dialga|0 fnt\n|faint|p2a: Dialga\n|-ability|p1a: Magearna|Soul-Heart|boost\n|-boost|p1a: Magearna|spa|1\n|\n|-heal|p1a: Magearna|235/250|[from] item: Leftovers\n|upkeep\n|\n|t:|1781390018\n|switch|p2a: Sunflora|Sunflora, M|221/312\n|turn|37\n|\n|t:|1781390021\n|move|p1a: Magearna|Thunder Wave|p2a: Sunflora|[miss]\n|-miss|p1a: Magearna|p2a: Sunflora\n|move|p2a: Sunflora|Sunny Day|p2a: Sunflora\n|-weather|SunnyDay\n|\n|-weather|SunnyDay|[upkeep]\n|-heal|p1a: Magearna|250/250|[from] item: Leftovers\n|upkeep\n|turn|38\n|\n|t:|1781390024\n|move|p2a: Sunflora|Solar Beam||[still]\n|-prepare|p2a: Sunflora|Solar Beam\n|-anim|p2a: Sunflora|Solar Beam|p1a: Magearna\n|-supereffective|p1a: Magearna\n|-damage|p1a: Magearna|0 fnt\n|faint|p1a: Magearna\n|-damage|p2a: Sunflora|190/312|[from] item: Life Orb\n|\n|win|soumatou_story\n", "inputlog": ">version a8376a258c1d4662feba110a92103f3664a72141\n>start {\"formatid\":\"gen9randombattle\",\"seed\":\"sodium,e3a0ef8718292121ea7648f9977dcb1e\",\"rated\":\"Rated battle\"}\n>player p1 {\"name\":\"green8Bit\",\"avatar\":\"266\",\"rating\":2052,\"seed\":\"sodium,f699b526a7cd055b32203761c7a3bea6\"}\n>player p2 {\"name\":\"soumatou_story\",\"avatar\":\"parasollady\",\"rating\":2311,\"seed\":\"sodium,72d07aff573043e5a7fbfc656e690791\"}\n>p1 move thunderwave\n>p2 move stealthrock\n>p1 move voltswitch\n>p2 move thunderwave\n>p1 switch 6\n>p1 move earthquake\n>p2 switch 6\n>p1 switch 5\n>p2 move sunnyday\n>p1 move fireblast\n>p2 move weatherball\n>p1 switch 2\n>p1 move thunderwave\n>p2 switch 5\n>p1 move earthquake\n>p2 move knockoff\n>p1 move earthquake\n>p2 switch 2\n>p1 move sludgebomb\n>p2 move swordsdance\n>p1 move sludgebomb\n>p2 move snowscape\n>p1 move knockoff\n>p2 move iciclecrash\n>p1 move knockoff\n>p2 move iciclecrash\n>p1 switch 5\n>p1 move icebeam\n>p2 move iciclecrash\n>p1 move recover\n>p2 move iciclecrash\n>p1 move earthquake\n>p2 move iciclecrash\n>p2 switch 4\n>p1 move recover\n>p2 move waterfall terastallize\n>p1 move earthquake\n>p2 move waterfall\n>p1 switch 6\n>p1 move voltswitch\n>p2 switch 2\n>p1 switch 3\n>p1 move shellsmash\n>p2 move sludgebomb\n>p1 move shadowball\n>p2 move knockoff\n>p2 switch 3\n>p1 move shadowball\n>p2 move moonblast\n>p1 move strengthsap\n>p2 move moonlight\n>p1 move shadowball\n>p2 move calmmind\n>p1 move shellsmash\n>p2 move moonlight\n>p1 move shadowball\n>p2 move calmmind\n>p1 move shadowball\n>p2 move calmmind\n>p1 switch 4\n>p2 move moonlight\n>p1 move extremespeed\n>p2 move moonlight\n>p1 move earthquake\n>p2 move moonblast\n>p1 move earthquake\n>p2 move moonlight\n>p2 switch 2\n>p1 move extremespeed\n>p2 move waterfall\n>p1 switch 3\n>p1 move voltswitch\n>p2 switch 6\n>p1 switch 4\n>p1 move shellsmash\n>p2 move thunderwave\n>p1 move shellsmash\n>p2 move dracometeor\n>p1 switch 4\n>p1 move fleurcannon terastallize\n>p2 move thunderwave\n>p1 move flashcannon\n>p2 move thunderwave\n>p2 switch 5\n>p1 move thunderwave\n>p2 move sunnyday\n>p1 move thunderwave\n>p2 move solarbeam", "uploadtime": 1781389254, "views": 5, "formatid": "gen9randombattle", "rating": null, "private": 0, "password": null}