{"id": "gen9randombattle-2631596765", "format": "[Gen 9] Random Battle", "players": ["catavieve", "goinforasmoke"], "log": "|j|\u2606catavieve\n|j|\u2606goinforasmoke\n|t:|1781406412\n|gametype|singles\n|player|p1|catavieve|palmer|2030\n|player|p2|goinforasmoke|acetrainer-gen6xy|2021\n|gen|9\n|tier|[Gen 9] Random Battle\n|rated|\n|rule|Species Clause: Limit one of each Pok\u00e9mon\n|rule|HP Percentage Mod: HP is shown in percentages\n|rule|Sleep Clause Mod: Limit one foe put to sleep\n|rule|Illusion Level Mod: Illusion disguises the Pok\u00e9mon's true level\n|\n|t:|1781406412\n|teamsize|p1|6\n|teamsize|p2|6\n|start\n|switch|p1a: Chandelure|Chandelure, L83, F|235/235\n|switch|p2a: Hitmonlee|Hitmonlee, L85, M|223/223\n|turn|1\n|inactive|Battle timer is ON: inactive players will automatically lose when time's up. (requested by goinforasmoke)\n|\n|t:|1781406434\n|move|p2a: Hitmonlee|Knock Off|p1a: Chandelure\n|-supereffective|p1a: Chandelure\n|-damage|p1a: Chandelure|0 fnt\n|-enditem|p1a: Chandelure|Heavy-Duty Boots|[from] move: Knock Off|[of] p2a: Hitmonlee\n|faint|p1a: Chandelure\n|\n|upkeep\n|\n|t:|1781406438\n|switch|p1a: Whimsicott|Whimsicott, L84, M|238/238\n|turn|2\n|\n|t:|1781406462\n|switch|p2a: Weezing|Weezing-Galar, L86, F|252/252\n|move|p1a: Whimsicott|Substitute|p1a: Whimsicott\n|-start|p1a: Whimsicott|Substitute\n|-damage|p1a: Whimsicott|179/238\n|\n|-heal|p1a: Whimsicott|193/238|[from] item: Leftovers\n|upkeep\n|turn|3\n|\n|t:|1781406466\n|move|p1a: Whimsicott|Leech Seed|p2a: Weezing\n|-start|p2a: Weezing|move: Leech Seed\n|move|p2a: Weezing|Strange Steam|p1a: Whimsicott\n|-end|p1a: Whimsicott|Substitute\n|\n|-heal|p1a: Whimsicott|207/238|[from] item: Leftovers\n|-damage|p2a: Weezing|221/252|[from] Leech Seed|[of] p1a: Whimsicott\n|-heal|p1a: Whimsicott|238/238|[silent]\n|upkeep\n|turn|4\n|\n|t:|1781406471\n|switch|p2a: Indeedee|Indeedee, L84, M|238/238\n|-fieldstart|move: Psychic Terrain|[from] ability: Psychic Surge|[of] p2a: Indeedee\n|move|p1a: Whimsicott|Substitute|p1a: Whimsicott\n|-start|p1a: Whimsicott|Substitute\n|-damage|p1a: Whimsicott|179/238\n|\n|-heal|p1a: Whimsicott|193/238|[from] item: Leftovers\n|upkeep\n|turn|5\n|\n|t:|1781406475\n|move|p1a: Whimsicott|Moonblast|p2a: Indeedee\n|-damage|p2a: Indeedee|163/238\n|move|p2a: Indeedee|Hyper Voice|p1a: Whimsicott\n|-damage|p1a: Whimsicott|55/238\n|-damage|p2a: Indeedee|140/238|[from] item: Life Orb\n|\n|-heal|p1a: Whimsicott|69/238|[from] item: Leftovers\n|upkeep\n|turn|6\n|\n|t:|1781406482\n|switch|p1a: Sinistcha|Sinistcha, L83|254/254\n|move|p2a: Indeedee|Hyper Voice|p1a: Sinistcha\n|-immune|p1a: Sinistcha\n|\n|upkeep\n|turn|7\n|\n|t:|1781406494\n|move|p2a: Indeedee|Expanding Force|p1a: Sinistcha\n|-damage|p1a: Sinistcha|16/254\n|-damage|p2a: Indeedee|117/238|[from] item: Life Orb\n|move|p1a: Sinistcha|Calm Mind|p1a: Sinistcha\n|-boost|p1a: Sinistcha|spa|1\n|-boost|p1a: Sinistcha|spd|1\n|\n|-heal|p1a: Sinistcha|31/254|[from] item: Leftovers\n|upkeep\n|turn|8\n|\n|t:|1781406503\n|move|p2a: Indeedee|Expanding Force|p1a: Sinistcha\n|-damage|p1a: Sinistcha|0 fnt\n|faint|p1a: Sinistcha\n|-damage|p2a: Indeedee|94/238|[from] item: Life Orb\n|\n|-fieldend|move: Psychic Terrain\n|upkeep\n|\n|t:|1781406507\n|switch|p1a: Volcarona|Volcarona, L77, F|257/257\n|turn|9\n|\n|t:|1781406514\n|switch|p2a: Dewgong|Dewgong, L94, M|322/322\n|move|p1a: Volcarona|Quiver Dance|p1a: Volcarona\n|-boost|p1a: Volcarona|spa|1\n|-boost|p1a: Volcarona|spd|1\n|-boost|p1a: Volcarona|spe|1\n|\n|upkeep\n|turn|10\n|\n|t:|1781406525\n|move|p1a: Volcarona|Bug Buzz|p2a: Dewgong\n|-damage|p2a: Dewgong|229/322\n|-unboost|p2a: Dewgong|spd|1\n|move|p2a: Dewgong|Surf|p1a: Volcarona\n|-supereffective|p1a: Volcarona\n|-crit|p1a: Volcarona\n|-damage|p1a: Volcarona|0 fnt\n|faint|p1a: Volcarona\n|\n|upkeep\n|-message|catavieve forfeited.\n|\n|win|goinforasmoke\n", "inputlog": ">version a8376a258c1d4662feba110a92103f3664a72141\n>start {\"formatid\":\"gen9randombattle\",\"seed\":\"sodium,2cb9d1362e33ce6a501ba9f72fc6a62b\",\"rated\":\"Rated battle\"}\n>player p1 {\"name\":\"catavieve\",\"avatar\":\"palmer\",\"rating\":2030,\"seed\":\"sodium,48f0d972b751f39f8792a2ba17fb5045\"}\n>player p2 {\"name\":\"goinforasmoke\",\"avatar\":\"acetrainer-gen6xy\",\"rating\":2021,\"seed\":\"sodium,a8dffcaa8c3d7b97c9def485440b7239\"}\n>p1 move willowisp\n>p2 move knockoff\n>p1 switch 4\n>p1 move substitute\n>p2 switch 6\n>p1 move leechseed\n>p2 move strangesteam\n>p1 move substitute\n>p2 switch 4\n>p1 move moonblast\n>p2 move hypervoice\n>p1 switch 3\n>p2 move hypervoice\n>p1 move calmmind\n>p2 move expandingforce\n>p1 move matchagotcha\n>p2 move expandingforce\n>p1 switch 6\n>p1 move quiverdance\n>p2 switch 2\n>p1 move bugbuzz\n>p2 move surf\n>forcelose p1", "uploadtime": 1781406413, "views": 9, "formatid": "gen9randombattle", "rating": null, "private": 0, "password": null}