{"id": "gen9randombattle-2631405085", "format": "[Gen 9] Random Battle", "players": ["bustardkeith", "frostpkmn"], "log": "|j|\u2606bustardkeith\n|j|\u2606frostpkmn\n|t:|1781380672\n|gametype|singles\n|player|p1|bustardkeith|1|1952\n|player|p2|frostpkmn|ruinmaniac-gen3rs|2002\n|gen|9\n|tier|[Gen 9] Random Battle\n|rated|\n|rule|Species Clause: Limit one of each Pok\u00e9mon\n|rule|HP Percentage Mod: HP is shown in percentages\n|rule|Sleep Clause Mod: Limit one foe put to sleep\n|rule|Illusion Level Mod: Illusion disguises the Pok\u00e9mon's true level\n|\n|t:|1781380672\n|teamsize|p1|6\n|teamsize|p2|6\n|start\n|switch|p1a: Whiscash|Whiscash, L88, F|337/337\n|switch|p2a: Luxray|Luxray, L88, F|283/283\n|turn|1\n|inactive|Battle timer is ON: inactive players will automatically lose when time's up. (requested by frostpkmn)\n|\n|t:|1781380685\n|move|p2a: Luxray|Trailblaze|p1a: Whiscash\n|-supereffective|p1a: Whiscash\n|-damage|p1a: Whiscash|145/337\n|-boost|p2a: Luxray|spe|1\n|move|p1a: Whiscash|Earthquake|p2a: Luxray\n|-supereffective|p2a: Luxray\n|-damage|p2a: Luxray|0 fnt\n|faint|p2a: Luxray\n|-damage|p1a: Whiscash|112/337|[from] item: Life Orb\n|\n|upkeep\n|\n|t:|1781380707\n|switch|p2a: Swanna|Swanna, L89, F|278/278\n|turn|2\n|\n|t:|1781380719\n|move|p2a: Swanna|Brave Bird|p1a: Whiscash\n|-damage|p1a: Whiscash|0 fnt\n|faint|p1a: Whiscash\n|-damage|p2a: Swanna|241/278|[from] Recoil\n|\n|upkeep\n|\n|t:|1781380731\n|switch|p1a: Florges|Florges-Blue, L85, F|271/271\n|turn|3\n|\n|t:|1781380739\n|move|p2a: Swanna|Brave Bird|p1a: Florges\n|-damage|p1a: Florges|118/271\n|-damage|p2a: Swanna|191/278|[from] Recoil\n|move|p1a: Florges|Moonblast|p2a: Swanna\n|-damage|p2a: Swanna|55/278\n|\n|-heal|p1a: Florges|134/271|[from] item: Leftovers\n|upkeep\n|turn|4\n|\n|t:|1781380749\n|switch|p1a: Grumpig|Grumpig, L92, F|297/297\n|move|p2a: Swanna|Brave Bird|p1a: Grumpig\n|-damage|p1a: Grumpig|150/297\n|-damage|p2a: Swanna|6/278|[from] Recoil\n|\n|upkeep\n|turn|5\n|\n|t:|1781380759\n|switch|p2a: Sylveon|Sylveon, L85, F|300/300\n|move|p1a: Grumpig|Psychic|p2a: Sylveon\n|-damage|p2a: Sylveon|218/300\n|\n|-heal|p2a: Sylveon|236/300|[from] item: Leftovers\n|upkeep\n|turn|6\n|inactive|frostpkmn has 120 seconds left.\n|\n|t:|1781380790\n|switch|p1a: Ceruledge|Ceruledge, L78, F|245/245\n|move|p2a: Sylveon|Hyper Voice|p1a: Ceruledge\n|-resisted|p1a: Ceruledge\n|-damage|p1a: Ceruledge|185/245\n|\n|-heal|p2a: Sylveon|254/300|[from] item: Leftovers\n|upkeep\n|turn|7\n|inactive|frostpkmn has 120 seconds left.\n|\n|t:|1781380801\n|switch|p2a: Koraidon|Koraidon, L64|235/235\n|-weather|SunnyDay|[from] ability: Orichalcum Pulse|[of] p2a: Koraidon\n|-activate|p2a: Koraidon|Orichalcum Pulse|[source]\n|move|p1a: Ceruledge|Bitter Blade|p2a: Koraidon\n|-resisted|p2a: Koraidon\n|-damage|p2a: Koraidon|156/235\n|-heal|p1a: Ceruledge|225/245|[from] drain|[of] p2a: Koraidon\n|\n|-weather|SunnyDay|[upkeep]\n|upkeep\n|turn|8\n|inactive|bustardkeith has 120 seconds left.\n|\n|t:|1781380826\n|switch|p1a: Florges|Florges-Blue, L85, F|134/271\n|move|p2a: Koraidon|Scale Shot|p1a: Florges\n|-immune|p1a: Florges\n|\n|-weather|SunnyDay|[upkeep]\n|-heal|p1a: Florges|150/271|[from] item: Leftovers\n|upkeep\n|turn|9\n|inactive|bustardkeith has 120 seconds left.\n|\n|t:|1781380837\n|switch|p1a: Alomomola|Alomomola, L87, F|429/429\n|move|p2a: Koraidon|Flare Blitz|p1a: Alomomola\n|-resisted|p1a: Alomomola\n|-damage|p1a: Alomomola|358/429\n|-damage|p2a: Koraidon|117/235|[from] item: Rocky Helmet|[of] p1a: Alomomola\n|-damage|p2a: Koraidon|94/235|[from] Recoil\n|\n|-weather|SunnyDay|[upkeep]\n|upkeep\n|turn|10\n|\n|t:|1781380845\n|switch|p2a: Volcanion|Volcanion, L79|255/255\n|move|p1a: Alomomola|Flip Turn|p2a: Volcanion\n|-immune|p2a: Volcanion|[from] ability: Water Absorb\n|\n|-weather|SunnyDay|[upkeep]\n|upkeep\n|turn|11\n|\n|t:|1781380854\n|move|p1a: Alomomola|Wish|p1a: Alomomola\n|move|p2a: Volcanion|Flame Charge|p1a: Alomomola\n|-resisted|p1a: Alomomola\n|-damage|p1a: Alomomola|314/429\n|-boost|p2a: Volcanion|spe|1\n|-damage|p2a: Volcanion|213/255|[from] item: Rocky Helmet|[of] p1a: Alomomola\n|\n|-weather|none\n|upkeep\n|turn|12\n|\n|t:|1781380861\n|switch|p1a: Florges|Florges-Blue, L85, F|150/271\n|move|p2a: Volcanion|Flame Charge|p1a: Florges\n|-damage|p1a: Florges|84/271\n|-boost|p2a: Volcanion|spe|1\n|\n|-heal|p1a: Florges|271/271|[from] move: Wish|[wisher] Alomomola\n|upkeep\n|turn|13\n|\n|t:|1781380869\n|switch|p2a: Koraidon|Koraidon, L64|94/235\n|-weather|SunnyDay|[from] ability: Orichalcum Pulse|[of] p2a: Koraidon\n|-activate|p2a: Koraidon|Orichalcum Pulse|[source]\n|move|p1a: Florges|Calm Mind|p1a: Florges\n|-boost|p1a: Florges|spa|1\n|-boost|p1a: Florges|spd|1\n|\n|-weather|SunnyDay|[upkeep]\n|upkeep\n|turn|14\n|\n|t:|1781380885\n|-terastallize|p2a: Koraidon|Fire\n|move|p2a: Koraidon|Flare Blitz|p1a: Florges\n|-damage|p1a: Florges|24/271\n|-damage|p2a: Koraidon|12/235|[from] Recoil\n|move|p1a: Florges|Wish|p1a: Florges\n|\n|-weather|SunnyDay|[upkeep]\n|-heal|p1a: Florges|40/271|[from] item: Leftovers\n|upkeep\n|turn|15\n|inactive|frostpkmn has 120 seconds left.\n|\n|t:|1781380911\n|switch|p2a: Volcanion|Volcanion, L79|213/255\n|move|p1a: Florges|Moonblast|p2a: Volcanion\n|-resisted|p2a: Volcanion\n|-damage|p2a: Volcanion|153/255\n|-unboost|p2a: Volcanion|spa|1\n|\n|-weather|SunnyDay|[upkeep]\n|-heal|p1a: Florges|175/271|[from] move: Wish|[wisher] Florges\n|-heal|p1a: Florges|191/271|[from] item: Leftovers\n|upkeep\n|turn|16\n|-message|frostpkmn forfeited.\n|\n|win|bustardkeith\n", "uploadtime": 1781380674, "views": 6, "formatid": "gen9randombattle", "rating": null, "private": 0, "password": null}