{"id": "gen9randombattle-2631651322", "format": "[Gen 9] Random Battle", "players": ["vickty", "grass1234567"], "log": "|j|\u2606vickty\n|j|\u2606grass1234567\n|t:|1781415117\n|gametype|singles\n|player|p1|vickty|170|2049\n|player|p2|grass1234567|pokemaniac|2053\n|gen|9\n|tier|[Gen 9] Random Battle\n|rated|\n|rule|Species Clause: Limit one of each Pok\u00e9mon\n|rule|HP Percentage Mod: HP is shown in percentages\n|rule|Sleep Clause Mod: Limit one foe put to sleep\n|rule|Illusion Level Mod: Illusion disguises the Pok\u00e9mon's true level\n|\n|t:|1781415117\n|teamsize|p1|6\n|teamsize|p2|6\n|start\n|switch|p1a: Chansey|Chansey, L85, F|564/564\n|switch|p2a: Basculegion|Basculegion-F, L83, F|335/335\n|turn|1\n|inactive|Battle timer is ON: inactive players will automatically lose when time's up. (requested by vickty)\n|\n|t:|1781415127\n|switch|p1a: Luxray|Luxray, L88, F|283/283\n|move|p2a: Basculegion|Flip Turn|p1a: Luxray\n|-damage|p1a: Luxray|191/283\n|\n|t:|1781415139\n|switch|p2a: Sandy Shocks|Sandy Shocks, L80|267/267|[from] Flip Turn\n|\n|-status|p1a: Luxray|brn|[from] item: Flame Orb\n|upkeep\n|turn|2\n|\n|t:|1781415163\n|-terastallize|p1a: Luxray|Normal\n|move|p2a: Sandy Shocks|Stealth Rock|p1a: Luxray\n|-sidestart|p1: vickty|move: Stealth Rock\n|move|p1a: Luxray|Trailblaze|p2a: Sandy Shocks\n|-supereffective|p2a: Sandy Shocks\n|-damage|p2a: Sandy Shocks|133/267\n|-boost|p1a: Luxray|spe|1\n|\n|-heal|p2a: Sandy Shocks|149/267|[from] item: Leftovers\n|-damage|p1a: Luxray|174/283 brn|[from] brn\n|upkeep\n|turn|3\n|\n|t:|1781415174\n|-end|p2a: Sandy Shocks|Protosynthesis|[silent]\n|switch|p2a: Garganacl|Garganacl, L80, F|291/291\n|move|p1a: Luxray|Facade|p2a: Garganacl\n|-resisted|p2a: Garganacl\n|-damage|p2a: Garganacl|180/291\n|\n|-heal|p2a: Garganacl|198/291|[from] item: Leftovers\n|-damage|p1a: Luxray|157/283 brn|[from] brn\n|upkeep\n|turn|4\n|\n|t:|1781415184\n|move|p1a: Luxray|Supercell Slam|p2a: Garganacl\n|-damage|p2a: Garganacl|35/291\n|move|p2a: Garganacl|Recover|p2a: Garganacl\n|-heal|p2a: Garganacl|181/291\n|\n|-heal|p2a: Garganacl|199/291|[from] item: Leftovers\n|-damage|p1a: Luxray|140/283 brn|[from] brn\n|upkeep\n|turn|5\n|\n|t:|1781415200\n|move|p1a: Luxray|Trailblaze|p2a: Garganacl\n|-supereffective|p2a: Garganacl\n|-damage|p2a: Garganacl|101/291\n|-boost|p1a: Luxray|spe|1\n|move|p2a: Garganacl|Recover|p2a: Garganacl\n|-heal|p2a: Garganacl|247/291\n|\n|-heal|p2a: Garganacl|265/291|[from] item: Leftovers\n|-damage|p1a: Luxray|123/283 brn|[from] brn\n|upkeep\n|turn|6\n|\n|t:|1781415210\n|switch|p1a: Scrafty|Scrafty, L83, M|244/244\n|-damage|p1a: Scrafty|229/244|[from] Stealth Rock\n|switch|p2a: Sandy Shocks|Sandy Shocks, L80|149/267\n|\n|-heal|p2a: Sandy Shocks|165/267|[from] item: Leftovers\n|-heal|p1a: Scrafty|244/244|[from] item: Leftovers\n|upkeep\n|turn|7\n|inactive|grass1234567 has 120 seconds left.\n|\n|t:|1781415236\n|move|p2a: Sandy Shocks|Earth Power|p1a: Scrafty\n|-damage|p1a: Scrafty|154/244\n|move|p1a: Scrafty|Bulk Up|p1a: Scrafty\n|-boost|p1a: Scrafty|atk|1\n|-boost|p1a: Scrafty|def|1\n|\n|-heal|p2a: Sandy Shocks|181/267|[from] item: Leftovers\n|-heal|p1a: Scrafty|169/244|[from] item: Leftovers\n|upkeep\n|turn|8\n|inactive|grass1234567 has 120 seconds left.\n|\n|t:|1781415245\n|-end|p2a: Sandy Shocks|Protosynthesis|[silent]\n|switch|p2a: Basculegion|Basculegion-F, L83, F|335/335\n|move|p1a: Scrafty|Drain Punch|p2a: Basculegion\n|-immune|p2a: Basculegion\n|\n|-heal|p1a: Scrafty|184/244|[from] item: Leftovers\n|upkeep\n|turn|9\n|\n|t:|1781415253\n|-terastallize|p2a: Basculegion|Water\n|move|p2a: Basculegion|Hydro Pump|p1a: Scrafty|[miss]\n|-miss|p2a: Basculegion|p1a: Scrafty\n|move|p1a: Scrafty|Knock Off|p2a: Basculegion\n|-damage|p2a: Basculegion|149/335\n|-enditem|p2a: Basculegion|Assault Vest|[from] move: Knock Off|[of] p1a: Scrafty\n|\n|-heal|p1a: Scrafty|199/244|[from] item: Leftovers\n|upkeep\n|turn|10\n|\n|t:|1781415266\n|move|p2a: Basculegion|Hydro Pump|p1a: Scrafty\n|-damage|p1a: Scrafty|51/244\n|move|p1a: Scrafty|Drain Punch|p2a: Basculegion\n|-damage|p2a: Basculegion|19/335\n|-heal|p1a: Scrafty|116/244|[from] drain|[of] p2a: Basculegion\n|\n|-heal|p1a: Scrafty|131/244|[from] item: Leftovers\n|upkeep\n|turn|11\n|\n|t:|1781415275\n|switch|p1a: Chansey|Chansey, L85, F|564/564\n|-damage|p1a: Chansey|494/564|[from] Stealth Rock\n|move|p2a: Basculegion|Hydro Pump|p1a: Chansey\n|-damage|p1a: Chansey|393/564\n|\n|upkeep\n|turn|12\n|\n|t:|1781415282\n|move|p2a: Basculegion|Flip Turn|p1a: Chansey\n|-damage|p1a: Chansey|179/564\n|inactive|grass1234567 has 120 seconds left.\n|\n|t:|1781415307\n|switch|p2a: Garganacl|Garganacl, L80, F|265/291|[from] Flip Turn\n|move|p1a: Chansey|Stealth Rock|p2a: Garganacl\n|-sidestart|p2: grass1234567|move: Stealth Rock\n|\n|-heal|p2a: Garganacl|283/291|[from] item: Leftovers\n|upkeep\n|turn|13\n|inactive|grass1234567 has 120 seconds left.\n|\n|t:|1781415321\n|switch|p1a: Rabsca|Rabsca, L91, M|284/284\n|move|p2a: Garganacl|Salt Cure|p1a: Rabsca\n|-supereffective|p1a: Rabsca\n|-damage|p1a: Rabsca|206/284\n|-start|p1a: Rabsca|Salt Cure\n|\n|-heal|p2a: Garganacl|291/291|[from] item: Leftovers\n|-damage|p1a: Rabsca|171/284|[from] Salt Cure\n|upkeep\n|turn|14\n|inactive|grass1234567 has 120 seconds left.\n|\n|t:|1781415335\n|switch|p1a: Scrafty|Scrafty, L83, M|131/244\n|-damage|p1a: Scrafty|116/244|[from] Stealth Rock\n|switch|p2a: Illumise|Illumise, L91, F|266/266\n|\n|-heal|p1a: Scrafty|131/244|[from] item: Leftovers\n|upkeep\n|turn|15\n|inactive|grass1234567 has 120 seconds left.\n|\n|t:|1781415349\n|switch|p2a: Garganacl|Garganacl, L80, F|291/291\n|-damage|p2a: Garganacl|255/291|[from] Stealth Rock\n|move|p1a: Scrafty|Bulk Up|p1a: Scrafty\n|-boost|p1a: Scrafty|atk|1\n|-boost|p1a: Scrafty|def|1\n|\n|-heal|p1a: Scrafty|146/244|[from] item: Leftovers\n|-heal|p2a: Garganacl|273/291|[from] item: Leftovers\n|upkeep\n|turn|16\n|\n|t:|1781415359\n|move|p1a: Scrafty|Drain Punch|p2a: Garganacl\n|-supereffective|p2a: Garganacl\n|-damage|p2a: Garganacl|117/291\n|-heal|p1a: Scrafty|224/244|[from] drain|[of] p2a: Garganacl\n|move|p2a: Garganacl|Salt Cure|p1a: Scrafty\n|-resisted|p1a: Scrafty\n|-damage|p1a: Scrafty|213/244\n|-start|p1a: Scrafty|Salt Cure\n|\n|-heal|p1a: Scrafty|228/244|[from] item: Leftovers\n|-heal|p2a: Garganacl|135/291|[from] item: Leftovers\n|-damage|p1a: Scrafty|198/244|[from] Salt Cure\n|upkeep\n|turn|17\n|\n|t:|1781415370\n|switch|p2a: Basculegion|Basculegion-F, L83, F, tera:Water|19/335\n|-damage|p2a: Basculegion|0 fnt|[from] Stealth Rock\n|faint|p2a: Basculegion\n|move|p1a: Scrafty|Drain Punch|p2: Basculegion|[notarget]\n|-fail|p1a: Scrafty\n|\n|-heal|p1a: Scrafty|213/244|[from] item: Leftovers\n|-damage|p1a: Scrafty|183/244|[from] Salt Cure\n|upkeep\n|inactive|grass1234567 has 120 seconds left.\n|\n|t:|1781415382\n|switch|p2a: Illumise|Illumise, L91, F|266/266\n|turn|18\n|\n|t:|1781415395\n|move|p2a: Illumise|Bug Buzz|p1a: Scrafty\n|-damage|p1a: Scrafty|102/244\n|move|p1a: Scrafty|Knock Off|p2a: Illumise\n|-damage|p2a: Illumise|116/266\n|-enditem|p2a: Illumise|Heavy-Duty Boots|[from] move: Knock Off|[of] p1a: Scrafty\n|\n|-heal|p1a: Scrafty|117/244|[from] item: Leftovers\n|-damage|p1a: Scrafty|87/244|[from] Salt Cure\n|upkeep\n|turn|19\n|\n|t:|1781415406\n|move|p2a: Illumise|Bug Buzz|p1a: Scrafty\n|-damage|p1a: Scrafty|18/244\n|-unboost|p1a: Scrafty|spd|1\n|move|p1a: Scrafty|Rest|p1a: Scrafty\n|-status|p1a: Scrafty|slp|[from] move: Rest\n|-heal|p1a: Scrafty|244/244 slp|[silent]\n|\n|-damage|p1a: Scrafty|214/244 slp|[from] Salt Cure\n|upkeep\n|turn|20\n|inactive|vickty has 120 seconds left.\n|\n|t:|1781415462\n|move|p2a: Illumise|Roost|p2a: Illumise\n|-heal|p2a: Illumise|249/266\n|-singleturn|p2a: Illumise|move: Roost\n|cant|p1a: Scrafty|slp\n|\n|-heal|p1a: Scrafty|229/244 slp|[from] item: Leftovers\n|-damage|p1a: Scrafty|199/244 slp|[from] Salt Cure\n|upkeep\n|turn|21\n|\n|t:|1781415469\n|switch|p1a: Chansey|Chansey, L85, F|179/564\n|-damage|p1a: Chansey|109/564|[from] Stealth Rock\n|move|p2a: Illumise|Bug Buzz|p1a: Chansey\n|-damage|p1a: Chansey|57/564\n|\n|upkeep\n|turn|22\n|inactive|grass1234567 has 120 seconds left.\n|\n|t:|1781415505\n|switch|p2a: Cresselia|Cresselia, L80, F|323/323\n|-damage|p2a: Cresselia|283/323|[from] Stealth Rock\n|move|p1a: Chansey|Soft-Boiled|p1a: Chansey\n|-heal|p1a: Chansey|339/564\n|\n|-heal|p2a: Cresselia|303/323|[from] item: Leftovers\n|upkeep\n|turn|23\n|inactive|grass1234567 has 120 seconds left.\n|\n|t:|1781415513\n|switch|p2a: Garganacl|Garganacl, L80, F|135/291\n|-damage|p2a: Garganacl|99/291|[from] Stealth Rock\n|move|p1a: Chansey|Thunder Wave|p2a: Garganacl\n|-immune|p2a: Garganacl|[from] ability: Purifying Salt\n|\n|-heal|p2a: Garganacl|117/291|[from] item: Leftovers\n|upkeep\n|turn|24\n|\n|t:|1781415522\n|move|p1a: Chansey|Seismic Toss|p2a: Garganacl\n|-damage|p2a: Garganacl|32/291\n|move|p2a: Garganacl|Recover|p2a: Garganacl\n|-heal|p2a: Garganacl|178/291\n|\n|-heal|p2a: Garganacl|196/291|[from] item: Leftovers\n|upkeep\n|turn|25\n|\n|t:|1781415529\n|switch|p1a: Scrafty|Scrafty, L83, M|199/244 slp\n|-damage|p1a: Scrafty|184/244 slp|[from] Stealth Rock\n|move|p2a: Garganacl|Salt Cure|p1a: Scrafty\n|-resisted|p1a: Scrafty\n|-damage|p1a: Scrafty|166/244 slp\n|-start|p1a: Scrafty|Salt Cure\n|\n|-activate|p1a: Scrafty|ability: Shed Skin\n|-curestatus|p1a: Scrafty|slp|[msg]\n|-heal|p1a: Scrafty|181/244|[from] item: Leftovers\n|-heal|p2a: Garganacl|214/291|[from] item: Leftovers\n|-damage|p1a: Scrafty|151/244|[from] Salt Cure\n|upkeep\n|turn|26\n|inactive|vickty has 120 seconds left.\n|inactive|grass1234567 has 120 seconds left.\n|\n|t:|1781415572\n|switch|p1a: Chansey|Chansey, L85, F|339/564\n|-damage|p1a: Chansey|269/564|[from] Stealth Rock\n|move|p2a: Garganacl|Iron Defense|p2a: Garganacl\n|-boost|p2a: Garganacl|def|2\n|\n|-heal|p2a: Garganacl|232/291|[from] item: Leftovers\n|upkeep\n|turn|27\n|\n|t:|1781415580\n|move|p1a: Chansey|Seismic Toss|p2a: Garganacl\n|-damage|p2a: Garganacl|147/291\n|move|p2a: Garganacl|Salt Cure|p1a: Chansey\n|-damage|p1a: Chansey|176/564\n|-start|p1a: Chansey|Salt Cure\n|\n|-heal|p2a: Garganacl|165/291|[from] item: Leftovers\n|-damage|p1a: Chansey|106/564|[from] Salt Cure\n|upkeep\n|turn|28\n|\n|t:|1781415592\n|switch|p1a: Scrafty|Scrafty, L83, M|151/244\n|-damage|p1a: Scrafty|136/244|[from] Stealth Rock\n|move|p2a: Garganacl|Salt Cure|p1a: Scrafty\n|-resisted|p1a: Scrafty\n|-damage|p1a: Scrafty|120/244\n|-start|p1a: Scrafty|Salt Cure\n|\n|-heal|p1a: Scrafty|135/244|[from] item: Leftovers\n|-heal|p2a: Garganacl|183/291|[from] item: Leftovers\n|-damage|p1a: Scrafty|105/244|[from] Salt Cure\n|upkeep\n|turn|29\n|inactive|vickty has 120 seconds left.\n|\n|t:|1781415621\n|move|p1a: Scrafty|Drain Punch|p2a: Garganacl\n|-supereffective|p2a: Garganacl\n|-damage|p2a: Garganacl|121/291\n|-heal|p1a: Scrafty|136/244|[from] drain|[of] p2a: Garganacl\n|move|p2a: Garganacl|Body Press|p1a: Scrafty\n|-supereffective|p1a: Scrafty\n|-damage|p1a: Scrafty|0 fnt\n|faint|p1a: Scrafty\n|\n|-heal|p2a: Garganacl|139/291|[from] item: Leftovers\n|upkeep\n|\n|t:|1781415623\n|switch|p1a: Miraidon|Miraidon, L65|238/238\n|-damage|p1a: Miraidon|209/238|[from] Stealth Rock\n|-fieldstart|move: Electric Terrain|[from] ability: Hadron Engine|[of] p1a: Miraidon\n|turn|30\n|inactive|grass1234567 has 120 seconds left.\n|\n|t:|1781415654\n|switch|p2a: Illumise|Illumise, L91, F|249/266\n|-damage|p2a: Illumise|183/266|[from] Stealth Rock\n|move|p1a: Miraidon|Draco Meteor|p2a: Illumise\n|-crit|p2a: Illumise\n|-damage|p2a: Illumise|0 fnt\n|-unboost|p1a: Miraidon|spa|2\n|faint|p2a: Illumise\n|-damage|p1a: Miraidon|186/238|[from] item: Life Orb\n|\n|upkeep\n|inactive|grass1234567 has 90 seconds left.\n|\n|t:|1781415689\n|switch|p2a: Girafarig|Girafarig, L89, M|269/269\n|-damage|p2a: Girafarig|236/269|[from] Stealth Rock\n|turn|31\n|\n|t:|1781415693\n|switch|p1a: Vigoroth|Vigoroth, L85, M|275/275\n|-damage|p1a: Vigoroth|241/275|[from] Stealth Rock\n|move|p2a: Girafarig|Nasty Plot|p2a: Girafarig\n|-boost|p2a: Girafarig|spa|2\n|\n|upkeep\n|turn|32\n|\n|t:|1781415703\n|move|p2a: Girafarig|Thunderbolt|p1a: Vigoroth\n|-damage|p1a: Vigoroth|82/275\n|-status|p1a: Vigoroth|par\n|move|p1a: Vigoroth|Body Slam|p2a: Girafarig\n|-damage|p2a: Girafarig|176/269\n|\n|upkeep\n|turn|33\n|\n|t:|1781415710\n|move|p2a: Girafarig|Psychic|p1a: Vigoroth\n|-damage|p1a: Vigoroth|0 fnt\n|faint|p1a: Vigoroth\n|\n|upkeep\n|\n|t:|1781415714\n|switch|p1a: Rabsca|Rabsca, L91, M|171/284\n|turn|34\n|\n|t:|1781415719\n|move|p2a: Girafarig|Thunderbolt|p1a: Rabsca\n|-damage|p1a: Rabsca|31/284\n|move|p1a: Rabsca|Bug Buzz|p2a: Girafarig\n|-supereffective|p2a: Girafarig\n|-damage|p2a: Girafarig|0 fnt\n|faint|p2a: Girafarig\n|\n|-fieldend|move: Electric Terrain\n|upkeep\n|inactive|grass1234567 has 120 seconds left.\n|inactive|grass1234567 has 90 seconds left.\n|\n|t:|1781415756\n|switch|p2a: Cresselia|Cresselia, L80, F|303/323\n|-damage|p2a: Cresselia|263/323|[from] Stealth Rock\n|turn|35\n|\n|t:|1781415765\n|move|p2a: Cresselia|Thunderbolt|p1a: Rabsca\n|-damage|p1a: Rabsca|0 fnt\n|faint|p1a: Rabsca\n|\n|-heal|p2a: Cresselia|283/323|[from] item: Leftovers\n|upkeep\n|\n|t:|1781415769\n|switch|p1a: Miraidon|Miraidon, L65|186/238\n|-damage|p1a: Miraidon|157/238|[from] Stealth Rock\n|-fieldstart|move: Electric Terrain|[from] ability: Hadron Engine|[of] p1a: Miraidon\n|turn|36\n|\n|t:|1781415776\n|move|p1a: Miraidon|Calm Mind|p1a: Miraidon\n|-boost|p1a: Miraidon|spa|1\n|-boost|p1a: Miraidon|spd|1\n|move|p2a: Cresselia|Calm Mind|p2a: Cresselia\n|-boost|p2a: Cresselia|spa|1\n|-boost|p2a: Cresselia|spd|1\n|\n|-heal|p2a: Cresselia|303/323|[from] item: Leftovers\n|upkeep\n|turn|37\n|\n|t:|1781415789\n|move|p1a: Miraidon|Electro Drift|p2a: Cresselia\n|-damage|p2a: Cresselia|138/323\n|-damage|p1a: Miraidon|134/238|[from] item: Life Orb\n|move|p2a: Cresselia|Psyshock|p1a: Miraidon\n|-damage|p1a: Miraidon|28/238\n|\n|-heal|p2a: Cresselia|158/323|[from] item: Leftovers\n|upkeep\n|turn|38\n|inactive|grass1234567 has 120 seconds left.\n|\n|t:|1781415801\n|switch|p2a: Sandy Shocks|Sandy Shocks, L80|181/267\n|-damage|p2a: Sandy Shocks|165/267|[from] Stealth Rock\n|move|p1a: Miraidon|Electro Drift|p2a: Sandy Shocks\n|-immune|p2a: Sandy Shocks\n|\n|-heal|p2a: Sandy Shocks|181/267|[from] item: Leftovers\n|upkeep\n|turn|39\n|inactive|grass1234567 has 120 seconds left.\n|\n|t:|1781415816\n|move|p1a: Miraidon|Dragon Pulse|p2a: Sandy Shocks\n|-damage|p2a: Sandy Shocks|0 fnt\n|faint|p2a: Sandy Shocks\n|-end|p2a: Sandy Shocks|Protosynthesis|[silent]\n|-damage|p1a: Miraidon|5/238|[from] item: Life Orb\n|\n|upkeep\n|inactive|grass1234567 has 90 seconds left.\n|\n|t:|1781415870\n|switch|p2a: Garganacl|Garganacl, L80, F|139/291\n|-damage|p2a: Garganacl|103/291|[from] Stealth Rock\n|turn|40\n|\n|t:|1781415877\n|move|p1a: Miraidon|Electro Drift|p2a: Garganacl\n|-damage|p2a: Garganacl|0 fnt\n|faint|p2a: Garganacl\n|-damage|p1a: Miraidon|0 fnt|[from] item: Life Orb\n|faint|p1a: Miraidon\n|\n|-fieldend|move: Electric Terrain\n|upkeep\n|\n|t:|1781415884\n|switch|p1a: Chansey|Chansey, L85, F|106/564\n|switch|p2a: Cresselia|Cresselia, L80, F|158/323\n|-damage|p2a: Cresselia|118/323|[from] Stealth Rock\n|-damage|p1a: Chansey|36/564|[from] Stealth Rock\n|turn|41\n|\n|t:|1781415890\n|move|p2a: Cresselia|Psyshock|p1a: Chansey\n|-damage|p1a: Chansey|0 fnt\n|faint|p1a: Chansey\n|\n|-heal|p2a: Cresselia|138/323|[from] item: Leftovers\n|upkeep\n|\n|t:|1781415892\n|switch|p1a: Luxray|Luxray, L88, F, tera:Normal|123/283 brn\n|-damage|p1a: Luxray|88/283 brn|[from] Stealth Rock\n|turn|42\n|inactive|grass1234567 has 90 seconds left.\n|\n|t:|1781415906\n|move|p2a: Cresselia|Moonlight|p2a: Cresselia\n|-heal|p2a: Cresselia|299/323\n|move|p1a: Luxray|Trailblaze|p2a: Cresselia\n|-damage|p2a: Cresselia|241/323\n|-boost|p1a: Luxray|spe|1\n|\n|-heal|p2a: Cresselia|261/323|[from] item: Leftovers\n|-damage|p1a: Luxray|71/283 brn|[from] brn\n|upkeep\n|turn|43\n|\n|t:|1781415916\n|move|p1a: Luxray|Facade|p2a: Cresselia\n|-damage|p2a: Cresselia|0 fnt\n|faint|p2a: Cresselia\n|\n|win|vickty\n|raw|vickty's rating: 2049 &rarr; <strong>2069</strong><br />(+20 for winning)\n|raw|grass1234567's rating: 2053 &rarr; <strong>2033</strong><br />(-20 for losing)\n", "inputlog": ">version a8376a258c1d4662feba110a92103f3664a72141\n>start {\"formatid\":\"gen9randombattle\",\"seed\":\"sodium,1463fee7e0200296e8d512c0287cee6c\",\"rated\":\"Rated battle\"}\n>player p1 {\"name\":\"vickty\",\"avatar\":\"170\",\"rating\":2049,\"seed\":\"sodium,1b876354bc2c3ae3fce7235dd3373690\"}\n>player p2 {\"name\":\"grass1234567\",\"avatar\":\"pokemaniac\",\"rating\":2053,\"seed\":\"sodium,fab42c5323268289b65ffd4b40ef4e59\"}\n>p1 switch 4\n>p2 move flipturn\n>p2 switch 2\n>p1 move trailblaze terastallize\n>p2 move stealthrock\n>p1 move facade\n>p2 switch 3\n>p1 move supercellslam\n>p2 move recover\n>p1 move trailblaze\n>p2 move recover\n>p1 switch 3\n>p2 switch 3\n>p1 move bulkup\n>p2 move earthpower\n>p1 move drainpunch\n>p2 switch 2\n>p1 move knockoff\n>p2 move hydropump terastallize\n>p1 move drainpunch\n>p2 move hydropump\n>p1 switch 4\n>p2 move hydropump\n>p1 move stealthrock\n>p2 move flipturn\n>p2 switch 3\n>p1 switch 2\n>p2 move saltcure\n>p1 switch 4\n>p2 switch 5\n>p1 move bulkup\n>p2 switch 5\n>p1 move drainpunch\n>p2 move saltcure\n>p1 move drainpunch\n>p2 switch 3\n>p2 switch 5\n>p1 move knockoff\n>p2 move bugbuzz\n>p1 move rest\n>p2 move bugbuzz\n>p1 move knockoff\n>p2 move roost\n>p1 switch 2\n>p2 move bugbuzz\n>p1 move softboiled\n>p2 switch 4\n>p1 move thunderwave\n>p2 switch 3\n>p1 move seismictoss\n>p2 move recover\n>p1 switch 2\n>p2 move saltcure\n>p1 switch 2\n>p2 move irondefense\n>p1 move seismictoss\n>p2 move saltcure\n>p1 switch 2\n>p2 move saltcure\n>p1 move drainpunch\n>p2 move bodypress\n>p1 switch 6\n>p1 move dracometeor\n>p2 switch 4\n>p2 switch 6\n>p1 switch 5\n>p2 move nastyplot\n>p1 move bodyslam\n>p2 move thunderbolt\n>p1 move bodyslam\n>p2 move psychic\n>p1 switch 4\n>p1 move bugbuzz\n>p2 move thunderbolt\n>p2 switch 3\n>p1 move revivalblessing\n>p2 move thunderbolt\n>p1 switch 5\n>p1 move calmmind\n>p2 move calmmind\n>p1 move electrodrift\n>p2 move psyshock\n>p1 move electrodrift\n>p2 switch 2\n>p1 move dragonpulse\n>p2 move earthpower\n>p2 switch 4\n>p1 move electrodrift\n>p2 move saltcure\n>p1 switch 2\n>p2 switch 2\n>p1 move thunderwave\n>p2 move psyshock\n>p1 switch 3\n>p1 move trailblaze\n>p2 move moonlight\n>p1 move facade\n>p2 move psyshock", "uploadtime": 1781415119, "views": 8, "formatid": "gen9randombattle", "rating": 2033, "private": 0, "password": null}