{"id": "gen9randombattle-2631936579", "format": "[Gen 9] Random Battle", "players": ["Zoofer Gaming", "foolalmighty"], "log": "|j|\u2606Zoofer Gaming\n|j|\u2606foolalmighty\n|t:|1781457537\n|gametype|singles\n|player|p1|Zoofer Gaming|hiker-gen4|1077\n|player|p2|foolalmighty|unknown|1102\n|gen|9\n|tier|[Gen 9] Random Battle\n|rated|\n|rule|Species Clause: Limit one of each Pok\u00e9mon\n|rule|HP Percentage Mod: HP is shown in percentages\n|rule|Sleep Clause Mod: Limit one foe put to sleep\n|rule|Illusion Level Mod: Illusion disguises the Pok\u00e9mon's true level\n|\n|t:|1781457537\n|teamsize|p1|6\n|teamsize|p2|6\n|start\n|switch|p1a: Toxapex|Toxapex, L82, M|216/216\n|switch|p2a: Squawkabilly|Squawkabilly, L85, F|278/278\n|turn|1\n|\n|t:|1781457554\n|move|p2a: Squawkabilly|Facade|p1a: Toxapex\n|-damage|p1a: Toxapex|159/216\n|move|p1a: Toxapex|Toxic Spikes|p2a: Squawkabilly\n|-sidestart|p2: foolalmighty|move: Toxic Spikes\n|\n|-heal|p1a: Toxapex|172/216|[from] item: Leftovers\n|-status|p2a: Squawkabilly|brn|[from] item: Flame Orb\n|upkeep\n|turn|2\n|\n|t:|1781457559\n|move|p2a: Squawkabilly|Facade|p1a: Toxapex\n|-damage|p1a: Toxapex|16/216\n|move|p1a: Toxapex|Toxic Spikes|p2a: Squawkabilly\n|-sidestart|p2: foolalmighty|move: Toxic Spikes\n|\n|-heal|p1a: Toxapex|29/216|[from] item: Leftovers\n|-damage|p2a: Squawkabilly|261/278 brn|[from] brn\n|upkeep\n|turn|3\n|\n|t:|1781457572\n|move|p2a: Squawkabilly|Quick Attack|p1a: Toxapex\n|-damage|p1a: Toxapex|0 fnt\n|faint|p1a: Toxapex\n|\n|-damage|p2a: Squawkabilly|244/278 brn|[from] brn\n|upkeep\n|\n|t:|1781457584\n|switch|p1a: Barraskewda|Barraskewda, L81, F|231/231\n|turn|4\n|\n|t:|1781457591\n|move|p1a: Barraskewda|Flip Turn|p2a: Squawkabilly\n|-damage|p2a: Squawkabilly|81/278 brn\n|\n|t:|1781457596\n|switch|p1a: Oranguru|Oranguru, L92, M|315/315|[from] Flip Turn\n|move|p2a: Squawkabilly|Facade|p1a: Oranguru\n|-damage|p1a: Oranguru|87/315\n|\n|-heal|p1a: Oranguru|106/315|[from] item: Leftovers\n|-damage|p2a: Squawkabilly|64/278 brn|[from] brn\n|upkeep\n|turn|5\n|\n|t:|1781457606\n|move|p2a: Squawkabilly|Facade|p1a: Oranguru\n|-damage|p1a: Oranguru|0 fnt\n|faint|p1a: Oranguru\n|\n|-damage|p2a: Squawkabilly|47/278 brn|[from] brn\n|upkeep\n|\n|t:|1781457612\n|switch|p1a: Barraskewda|Barraskewda, L81, F|231/231\n|turn|6\n|\n|t:|1781457620\n|move|p2a: Squawkabilly|Quick Attack|p1a: Barraskewda\n|-damage|p1a: Barraskewda|140/231\n|move|p1a: Barraskewda|Throat Chop|p2a: Squawkabilly\n|-damage|p2a: Squawkabilly|0 fnt\n|faint|p2a: Squawkabilly\n|\n|upkeep\n|\n|t:|1781457637\n|switch|p2a: Oricorio|Oricorio-Sensu, L85, M|266/266\n|turn|7\n|\n|t:|1781457652\n|move|p1a: Barraskewda|Throat Chop|p2a: Oricorio\n|-supereffective|p2a: Oricorio\n|-damage|p2a: Oricorio|58/266\n|-start|p2a: Oricorio|Throat Chop|[silent]\n|move|p2a: Oricorio|Quiver Dance|p2a: Oricorio\n|-boost|p2a: Oricorio|spa|1\n|-boost|p2a: Oricorio|spd|1\n|-boost|p2a: Oricorio|spe|1\n|\n|upkeep\n|turn|8\n|\n|t:|1781457662\n|move|p2a: Oricorio|Revelation Dance|p1a: Barraskewda\n|-damage|p1a: Barraskewda|0 fnt\n|faint|p1a: Barraskewda\n|\n|-end|p2a: Oricorio|Throat Chop|[silent]\n|upkeep\n|\n|t:|1781457673\n|switch|p1a: Miraidon|Miraidon, L65|238/238\n|-fieldstart|move: Electric Terrain|[from] ability: Hadron Engine|[of] p1a: Miraidon\n|turn|9\n|\n|t:|1781457685\n|move|p2a: Oricorio|Roost|p2a: Oricorio\n|-heal|p2a: Oricorio|191/266\n|-singleturn|p2a: Oricorio|move: Roost\n|move|p1a: Miraidon|Electro Drift|p2a: Oricorio\n|-damage|p2a: Oricorio|10/266\n|\n|upkeep\n|turn|10\n|\n|t:|1781457702\n|move|p2a: Oricorio|Revelation Dance|p1a: Miraidon\n|-damage|p1a: Miraidon|93/238\n|move|p1a: Miraidon|Electro Drift|p2a: Oricorio\n|-supereffective|p2a: Oricorio\n|-damage|p2a: Oricorio|0 fnt\n|faint|p2a: Oricorio\n|\n|upkeep\n|\n|t:|1781457709\n|switch|p2a: Seviper|Seviper, L93, F|287/287\n|-sideend|p2: foolalmighty|move: Toxic Spikes|[of] p2a: Seviper\n|turn|11\n|l|\u2606Zoofer Gaming\n|player|p1|\n|inactive|Battle timer is ON: inactive players will automatically lose when time's up. (requested by foolalmighty)\n|j|\u2606Zoofer Gaming\n|inactive|Zoofer Gaming reconnected and has 150 seconds left.\n|player|p1|Zoofer Gaming|hiker-gen4|\n|\n|t:|1781457782\n|move|p2a: Seviper|Earthquake|p1a: Miraidon\n|-supereffective|p1a: Miraidon\n|-damage|p1a: Miraidon|0 fnt\n|faint|p1a: Miraidon\n|\n|upkeep\n|\n|t:|1781457796\n|switch|p1a: Reuniclus|Reuniclus, L88, F|337/337\n|turn|12\n|\n|t:|1781457811\n|move|p2a: Seviper|Earthquake|p1a: Reuniclus\n|-damage|p1a: Reuniclus|233/337\n|move|p1a: Reuniclus|Psychic|p2a: Seviper\n|-supereffective|p2a: Seviper\n|-damage|p2a: Seviper|0 fnt\n|faint|p2a: Seviper\n|\n|upkeep\n|\n|t:|1781457827\n|switch|p2a: Bellibolt|Bellibolt, L84, M|320/320\n|turn|13\n|\n|t:|1781457845\n|move|p2a: Bellibolt|Thunderbolt|p1a: Reuniclus\n|-damage|p1a: Reuniclus|104/337\n|move|p1a: Reuniclus|Calm Mind|p1a: Reuniclus\n|-boost|p1a: Reuniclus|spa|1\n|-boost|p1a: Reuniclus|spd|1\n|\n|-fieldend|move: Electric Terrain\n|upkeep\n|turn|14\n|\n|t:|1781457854\n|move|p2a: Bellibolt|Thunderbolt|p1a: Reuniclus\n|-damage|p1a: Reuniclus|38/337\n|move|p1a: Reuniclus|Recover|p1a: Reuniclus\n|-heal|p1a: Reuniclus|207/337\n|\n|upkeep\n|turn|15\n|\n|t:|1781457877\n|move|p2a: Bellibolt|Volt Switch|p1a: Reuniclus\n|-crit|p1a: Reuniclus\n|-damage|p1a: Reuniclus|93/337\n|\n|t:|1781457880\n|switch|p2a: Golduck|Golduck, L90, M|290/290|[from] Volt Switch\n|-ability|p2a: Golduck|Cloud Nine\n|move|p1a: Reuniclus|Calm Mind|p1a: Reuniclus\n|-boost|p1a: Reuniclus|spa|1\n|-boost|p1a: Reuniclus|spd|1\n|\n|upkeep\n|turn|16\n|\n|t:|1781457895\n|-terastallize|p2a: Golduck|Water\n|move|p2a: Golduck|Hydro Pump|p1a: Reuniclus\n|-damage|p1a: Reuniclus|0 fnt\n|faint|p1a: Reuniclus\n|-damage|p2a: Golduck|261/290|[from] item: Life Orb\n|\n|upkeep\n|\n|t:|1781457900\n|switch|p1a: Grafaiai|Grafaiai, L86, F|249/249\n|turn|17\n|\n|t:|1781457912\n|move|p1a: Grafaiai|Super Fang|p2a: Golduck\n|-damage|p2a: Golduck|131/290\n|move|p2a: Golduck|Hydro Pump|p1a: Grafaiai|[miss]\n|-miss|p2a: Golduck|p1a: Grafaiai\n|\n|upkeep\n|turn|18\n|\n|t:|1781457925\n|move|p1a: Grafaiai|Gunk Shot|p2a: Golduck\n|-damage|p2a: Golduck|0 fnt\n|faint|p2a: Golduck\n|\n|upkeep\n|\n|t:|1781457929\n|switch|p2a: Fezandipiti|Fezandipiti, L82, M|278/278\n|turn|19\n|\n|t:|1781457939\n|move|p1a: Grafaiai|Gunk Shot|p2a: Fezandipiti\n|-damage|p2a: Fezandipiti|131/278\n|move|p2a: Fezandipiti|Swords Dance|p2a: Fezandipiti\n|-boost|p2a: Fezandipiti|atk|2\n|\n|-heal|p2a: Fezandipiti|148/278|[from] item: Leftovers\n|upkeep\n|turn|20\n|\n|t:|1781457952\n|move|p1a: Grafaiai|Gunk Shot|p2a: Fezandipiti\n|-damage|p2a: Fezandipiti|13/278\n|move|p2a: Fezandipiti|Tera Blast|p1a: Grafaiai\n|-damage|p1a: Grafaiai|215/249\n|\n|-heal|p2a: Fezandipiti|30/278|[from] item: Leftovers\n|upkeep\n|turn|21\n|\n|t:|1781457969\n|move|p1a: Grafaiai|Gunk Shot|p2a: Fezandipiti\n|-damage|p2a: Fezandipiti|0 fnt\n|faint|p2a: Fezandipiti\n|\n|upkeep\n|\n|t:|1781457971\n|switch|p2a: Bellibolt|Bellibolt, L84, M|320/320\n|turn|22\n|\n|t:|1781457977\n|move|p1a: Grafaiai|Gunk Shot|p2a: Bellibolt|[miss]\n|-miss|p1a: Grafaiai|p2a: Bellibolt\n|move|p2a: Bellibolt|Thunderbolt|p1a: Grafaiai\n|-damage|p1a: Grafaiai|134/249\n|\n|upkeep\n|turn|23\n|\n|t:|1781457987\n|move|p1a: Grafaiai|Gunk Shot|p2a: Bellibolt\n|-crit|p2a: Bellibolt\n|-damage|p2a: Bellibolt|133/320\n|-start|p2a: Bellibolt|Charge|Gunk Shot|[from] ability: Electromorphosis\n|move|p2a: Bellibolt|Muddy Water|p1a: Grafaiai\n|-damage|p1a: Grafaiai|86/249\n|\n|-heal|p2a: Bellibolt|153/320|[from] item: Leftovers\n|upkeep\n|turn|24\n|\n|t:|1781457999\n|move|p1a: Grafaiai|Gunk Shot|p2a: Bellibolt\n|-damage|p2a: Bellibolt|18/320\n|-start|p2a: Bellibolt|Charge|Gunk Shot|[from] ability: Electromorphosis\n|move|p2a: Bellibolt|Thunderbolt|p1a: Grafaiai\n|-damage|p1a: Grafaiai|0 fnt\n|faint|p1a: Grafaiai\n|-end|p2a: Bellibolt|Charge|[silent]\n|\n|win|foolalmighty\n|raw|Zoofer Gaming's rating: 1077 &rarr; <strong>1057</strong><br />(-20 for losing)\n|raw|foolalmighty's rating: 1102 &rarr; <strong>1125</strong><br />(+23 for winning)\n|l|\u2606Zoofer Gaming\n|player|p1|\n|c|\u2606foolalmighty|gg\n", "inputlog": ">version a8376a258c1d4662feba110a92103f3664a72141\n>start {\"formatid\":\"gen9randombattle\",\"seed\":\"sodium,9119aca83db5be3dac16f8ee661bbb9d\",\"rated\":\"Rated battle\"}\n>player p1 {\"name\":\"Zoofer Gaming\",\"avatar\":\"hiker-gen4\",\"rating\":1077,\"seed\":\"sodium,799c35277ee04b0adfe7554b79a5725b\"}\n>player p2 {\"name\":\"foolalmighty\",\"avatar\":\"unknown\",\"rating\":1102,\"seed\":\"sodium,17b9077411462d2759d5f7cd7d7f7b36\"}\n>p1 move toxicspikes\n>p2 move facade\n>p1 move toxicspikes\n>p2 move facade\n>p1 move liquidation\n>p2 move quickattack\n>p1 switch 4\n>p1 move flipturn\n>p2 move facade\n>p1 switch 6\n>p1 move thunderbolt\n>p2 move facade\n>p1 switch 6\n>p1 move throatchop\n>p2 move quickattack\n>p2 switch 4\n>p1 move throatchop\n>p2 move quiverdance\n>p1 move throatchop\n>p2 move revelationdance\n>p1 switch 5\n>p1 move electrodrift\n>p2 move roost\n>p1 move electrodrift\n>p2 move revelationdance\n>p2 switch 3\n>p1 move electrodrift\n>p2 move earthquake\n>p1 switch 2\n>p1 move psychic\n>p2 move earthquake\n>p2 switch 5\n>p1 move calmmind\n>p2 move thunderbolt\n>p1 move recover\n>p2 move thunderbolt\n>p1 move calmmind\n>p2 move voltswitch\n>p2 switch 6\n>p1 move recover\n>p2 move hydropump terastallize\n>p1 switch 3\n>p1 move superfang\n>p2 move hydropump\n>p1 move gunkshot\n>p2 move hydropump\n>p2 switch 2\n>p1 move gunkshot\n>p2 move swordsdance\n>p1 move gunkshot\n>p2 move terablast\n>p1 move gunkshot\n>p2 move gunkshot\n>p2 switch 6\n>p1 move gunkshot\n>p2 move thunderbolt\n>p1 move gunkshot\n>p2 move muddywater\n>p1 move gunkshot\n>p2 move thunderbolt", "uploadtime": 1781458016, "views": 4, "formatid": "gen9randombattle", "rating": 1057, "private": 0, "password": null}