{"id": "gen9randombattle-2631711615", "format": "[Gen 9] Random Battle", "players": ["iseeY0shi", "Matuidi14"], "log": "|j|\u2606iseeY0shi\n|j|\u2606Matuidi14\n|t:|1781426584\n|gametype|singles\n|player|p1|iseeY0shi|1|2173\n|player|p2|Matuidi14|clown|2201\n|gen|9\n|tier|[Gen 9] Random Battle\n|rated|\n|rule|Species Clause: Limit one of each Pok\u00e9mon\n|rule|HP Percentage Mod: HP is shown in percentages\n|rule|Sleep Clause Mod: Limit one foe put to sleep\n|rule|Illusion Level Mod: Illusion disguises the Pok\u00e9mon's true level\n|\n|t:|1781426585\n|teamsize|p1|6\n|teamsize|p2|6\n|start\n|switch|p1a: Bellossom|Bellossom, L84, F|263/263\n|switch|p2a: Vigoroth|Vigoroth, L85, M|275/275\n|turn|1\n|inactive|Battle timer is ON: inactive players will automatically lose when time's up. (requested by iseeY0shi)\n|\n|t:|1781426612\n|move|p2a: Vigoroth|Body Slam|p1a: Bellossom\n|-damage|p1a: Bellossom|184/263\n|move|p1a: Bellossom|Quiver Dance|p1a: Bellossom\n|-boost|p1a: Bellossom|spa|1\n|-boost|p1a: Bellossom|spd|1\n|-boost|p1a: Bellossom|spe|1\n|\n|-heal|p1a: Bellossom|200/263|[from] item: Leftovers\n|upkeep\n|turn|2\n|\n|t:|1781426616\n|move|p2a: Vigoroth|Body Slam|p1a: Bellossom\n|-damage|p1a: Bellossom|122/263\n|move|p1a: Bellossom|Quiver Dance|p1a: Bellossom\n|-boost|p1a: Bellossom|spa|1\n|-boost|p1a: Bellossom|spd|1\n|-boost|p1a: Bellossom|spe|1\n|\n|-heal|p1a: Bellossom|138/263|[from] item: Leftovers\n|upkeep\n|turn|3\n|\n|t:|1781426635\n|move|p1a: Bellossom|Giga Drain|p2a: Vigoroth\n|-damage|p2a: Vigoroth|128/275\n|-heal|p1a: Bellossom|212/263|[from] drain|[of] p2a: Vigoroth\n|move|p2a: Vigoroth|Body Slam|p1a: Bellossom\n|-damage|p1a: Bellossom|128/263\n|-status|p1a: Bellossom|par\n|\n|-heal|p1a: Bellossom|144/263 par|[from] item: Leftovers\n|upkeep\n|turn|4\n|\n|t:|1781426642\n|move|p2a: Vigoroth|Body Slam|p1a: Bellossom\n|-damage|p1a: Bellossom|74/263 par\n|move|p1a: Bellossom|Giga Drain|p2a: Vigoroth\n|-damage|p2a: Vigoroth|0 fnt\n|-heal|p1a: Bellossom|138/263 par|[from] drain|[of] p2a: Vigoroth\n|faint|p2a: Vigoroth\n|\n|-heal|p1a: Bellossom|154/263 par|[from] item: Leftovers\n|upkeep\n|\n|t:|1781426650\n|switch|p2a: Meowstic|Meowstic-F, L89, F|277/277\n|turn|5\n|\n|t:|1781426657\n|move|p2a: Meowstic|Nasty Plot|p2a: Meowstic\n|-boost|p2a: Meowstic|spa|2\n|move|p1a: Bellossom|Giga Drain|p2a: Meowstic\n|-damage|p2a: Meowstic|135/277\n|-heal|p1a: Bellossom|225/263 par|[from] drain|[of] p2a: Meowstic\n|\n|-heal|p1a: Bellossom|241/263 par|[from] item: Leftovers\n|upkeep\n|turn|6\n|\n|t:|1781426676\n|move|p2a: Meowstic|Psyshock|p1a: Bellossom\n|-damage|p1a: Bellossom|34/263 par\n|-damage|p2a: Meowstic|108/277|[from] item: Life Orb\n|move|p1a: Bellossom|Giga Drain|p2a: Meowstic\n|-damage|p2a: Meowstic|0 fnt\n|-heal|p1a: Bellossom|88/263 par|[from] drain|[of] p2a: Meowstic\n|faint|p2a: Meowstic\n|\n|-heal|p1a: Bellossom|104/263 par|[from] item: Leftovers\n|upkeep\n|\n|t:|1781426680\n|switch|p2a: Chandelure|Chandelure, L83, M|235/235\n|turn|7\n|\n|t:|1781426689\n|switch|p1a: Bruxish|Bruxish, L85, M|254/254\n|move|p2a: Chandelure|Calm Mind|p2a: Chandelure\n|-boost|p2a: Chandelure|spa|1\n|-boost|p2a: Chandelure|spd|1\n|\n|upkeep\n|turn|8\n|\n|t:|1781426702\n|switch|p2a: Gastrodon|Gastrodon-East, L86, F|331/331\n|move|p1a: Bruxish|Wave Crash|p2a: Gastrodon\n|-ability|p2a: Gastrodon|Storm Drain|boost\n|-boost|p2a: Gastrodon|spa|1\n|\n|upkeep\n|turn|9\n|\n|t:|1781426707\n|switch|p1a: Bellossom|Bellossom, L84, F|104/263 par\n|move|p2a: Gastrodon|Clear Smog|p1a: Bellossom\n|-supereffective|p1a: Bellossom\n|-damage|p1a: Bellossom|4/263 par\n|-clearboost|p1a: Bellossom\n|\n|-heal|p1a: Bellossom|20/263 par|[from] item: Leftovers\n|upkeep\n|turn|10\n|\n|t:|1781426710\n|move|p2a: Gastrodon|Earthquake|p1a: Bellossom\n|-resisted|p1a: Bellossom\n|-damage|p1a: Bellossom|0 fnt\n|faint|p1a: Bellossom\n|\n|upkeep\n|\n|t:|1781426715\n|switch|p1a: Breloom|Breloom, L83, M|235/235\n|turn|11\n|\n|t:|1781426729\n|-terastallize|p2a: Gastrodon|Poison\n|move|p1a: Breloom|Spore|p2a: Gastrodon\n|-status|p2a: Gastrodon|slp|[from] move: Spore\n|cant|p2a: Gastrodon|slp\n|\n|upkeep\n|turn|12\n|\n|t:|1781426733\n|switch|p1a: Bruxish|Bruxish, L85, M|254/254\n|cant|p2a: Gastrodon|slp\n|\n|upkeep\n|turn|13\n|\n|t:|1781426737\n|move|p1a: Bruxish|Psychic Fangs|p2a: Gastrodon\n|-supereffective|p2a: Gastrodon\n|-damage|p2a: Gastrodon|0 fnt\n|faint|p2a: Gastrodon\n|-damage|p1a: Bruxish|229/254|[from] item: Life Orb\n|\n|upkeep\n|\n|t:|1781426743\n|switch|p2a: Spectrier|Spectrier, L75|274/274\n|turn|14\n|\n|t:|1781426752\n|-terastallize|p1a: Bruxish|Dark\n|move|p2a: Spectrier|Substitute|p2a: Spectrier\n|-start|p2a: Spectrier|Substitute\n|-damage|p2a: Spectrier|206/274\n|move|p1a: Bruxish|Crunch|p2a: Spectrier\n|-supereffective|p2a: Spectrier\n|-end|p2a: Spectrier|Substitute\n|-damage|p1a: Bruxish|204/254|[from] item: Life Orb\n|\n|-heal|p2a: Spectrier|223/274|[from] item: Leftovers\n|upkeep\n|turn|15\n|\n|t:|1781426762\n|move|p2a: Spectrier|Substitute|p2a: Spectrier\n|-start|p2a: Spectrier|Substitute\n|-damage|p2a: Spectrier|155/274\n|move|p1a: Bruxish|Crunch|p2a: Spectrier\n|-supereffective|p2a: Spectrier\n|-end|p2a: Spectrier|Substitute\n|-damage|p1a: Bruxish|179/254|[from] item: Life Orb\n|\n|-heal|p2a: Spectrier|172/274|[from] item: Leftovers\n|upkeep\n|turn|16\n|\n|t:|1781426768\n|move|p2a: Spectrier|Substitute|p2a: Spectrier\n|-start|p2a: Spectrier|Substitute\n|-damage|p2a: Spectrier|104/274\n|move|p1a: Bruxish|Crunch|p2a: Spectrier\n|-supereffective|p2a: Spectrier\n|-end|p2a: Spectrier|Substitute\n|-damage|p1a: Bruxish|154/254|[from] item: Life Orb\n|\n|-heal|p2a: Spectrier|121/274|[from] item: Leftovers\n|upkeep\n|turn|17\n|\n|t:|1781426786\n|move|p2a: Spectrier|Substitute|p2a: Spectrier\n|-start|p2a: Spectrier|Substitute\n|-damage|p2a: Spectrier|53/274\n|move|p1a: Bruxish|Psychic Fangs|p2a: Spectrier\n|-end|p2a: Spectrier|Substitute\n|-damage|p1a: Bruxish|129/254|[from] item: Life Orb\n|\n|-heal|p2a: Spectrier|70/274|[from] item: Leftovers\n|upkeep\n|turn|18\n|\n|t:|1781426790\n|switch|p1a: Copperajah|Copperajah, L86, M|350/350\n|move|p2a: Spectrier|Draining Kiss|p1a: Copperajah\n|-resisted|p1a: Copperajah\n|-damage|p1a: Copperajah|325/350\n|-heal|p2a: Spectrier|89/274|[from] drain|[of] p1a: Copperajah\n|\n|-heal|p2a: Spectrier|106/274|[from] item: Leftovers\n|upkeep\n|turn|19\n|\n|t:|1781426800\n|switch|p2a: Chandelure|Chandelure, L83, M|235/235\n|move|p1a: Copperajah|Earthquake|p2a: Chandelure\n|-supereffective|p2a: Chandelure\n|-damage|p2a: Chandelure|0 fnt\n|faint|p2a: Chandelure\n|\n|upkeep\n|\n|t:|1781426807\n|switch|p2a: Oricorio|Oricorio-Pom-Pom, L82, M|257/257\n|turn|20\n|\n|t:|1781426815\n|switch|p1a: Baxcalibur|Baxcalibur, L75, F|295/295\n|move|p2a: Oricorio|Quiver Dance|p2a: Oricorio\n|-boost|p2a: Oricorio|spa|1\n|-boost|p2a: Oricorio|spd|1\n|-boost|p2a: Oricorio|spe|1\n|\n|upkeep\n|turn|21\n|\n|t:|1781426820\n|move|p2a: Oricorio|Hurricane|p1a: Baxcalibur\n|-damage|p1a: Baxcalibur|114/295\n|move|p1a: Baxcalibur|Icicle Spear|p2a: Oricorio\n|-supereffective|p2a: Oricorio\n|-damage|p2a: Oricorio|183/257\n|-supereffective|p2a: Oricorio\n|-crit|p2a: Oricorio\n|-damage|p2a: Oricorio|69/257\n|-supereffective|p2a: Oricorio\n|-damage|p2a: Oricorio|0 fnt\n|faint|p2a: Oricorio\n|-hitcount|p2: Oricorio|3\n|\n|upkeep\n|-message|Matuidi14 forfeited.\n|\n|win|iseeY0shi\n|raw|iseeY0shi's rating: 2173 &rarr; <strong>2195</strong><br />(+22 for winning)\n|raw|Matuidi14's rating: 2201 &rarr; <strong>2179</strong><br />(-22 for losing)\n", "inputlog": ">version a8376a258c1d4662feba110a92103f3664a72141\n>start {\"formatid\":\"gen9randombattle\",\"seed\":\"sodium,f9861cf07b0ef331904d3f8a271a563b\",\"rated\":\"Rated battle\"}\n>player p1 {\"name\":\"iseeY0shi\",\"avatar\":\"1\",\"rating\":2173,\"seed\":\"sodium,6fd76178b7e37313aa5b3f2308e978b6\"}\n>player p2 {\"name\":\"Matuidi14\",\"avatar\":\"clown\",\"rating\":2201,\"seed\":\"sodium,c128fb565108d98e1f28e4df5638aee8\"}\n>p1 move quiverdance\n>p2 move bodyslam\n>p1 move quiverdance\n>p2 move bodyslam\n>p1 move gigadrain\n>p2 move bodyslam\n>p1 move gigadrain\n>p2 move bodyslam\n>p2 switch 6\n>p1 move gigadrain\n>p2 move nastyplot\n>p1 move gigadrain\n>p2 move psyshock\n>p2 switch 5\n>p1 switch 6\n>p2 move calmmind\n>p1 move wavecrash\n>p2 switch 2\n>p1 switch 6\n>p2 move clearsmog\n>p1 move strengthsap\n>p2 move earthquake\n>p1 switch 3\n>p1 move spore\n>p2 move clearsmog terastallize\n>p1 switch 6\n>p2 move clearsmog\n>p1 move psychicfangs\n>p2 move clearsmog\n>p2 switch 4\n>p1 move crunch terastallize\n>p2 move substitute\n>p1 move crunch\n>p2 move substitute\n>p1 move crunch\n>p2 move substitute\n>p1 move psychicfangs\n>p2 move substitute\n>p1 switch 2\n>p2 move drainingkiss\n>p1 move earthquake\n>p2 switch 2\n>p2 switch 3\n>p1 switch 5\n>p2 move quiverdance\n>p1 move iciclespear\n>p2 move hurricane\n>forcelose p2", "uploadtime": 1781426587, "views": 6, "formatid": "gen9randombattle", "rating": 2179, "private": 0, "password": null}