{"id": "gen9randombattle-2631390217", "format": "[Gen 9] Random Battle", "players": ["DungBeetleEnjoyer", "ViPa"], "log": "|badge|p2|bronze|gen9randombattle|100-9\n|uhtml|medal-msg|<div class=\"broadcast-blue\">Curious what those medals under the avatar are? PS now has Ladder Seasons! For more information, check out the <a href=\"https://www.smogon.com/forums/threads/3740067/\">thread on Smogon.</a></div>\n|j|\u2606DungBeetleEnjoyer\n|j|\u2606ViPa\n|t:|1781378975\n|gametype|singles\n|player|p1|DungBeetleEnjoyer|swimmer-gen4|2049\n|player|p2|ViPa|guitarist|2266\n|gen|9\n|tier|[Gen 9] Random Battle\n|rated|\n|rule|Species Clause: Limit one of each Pok\u00e9mon\n|rule|HP Percentage Mod: HP is shown in percentages\n|rule|Sleep Clause Mod: Limit one foe put to sleep\n|rule|Illusion Level Mod: Illusion disguises the Pok\u00e9mon's true level\n|\n|t:|1781378975\n|teamsize|p1|6\n|teamsize|p2|6\n|start\n|switch|p1a: Arbok|Arbok, L87, M|246/246\n|switch|p2a: Piloswine|Piloswine, L85, F|309/309\n|-ability|p1a: Arbok|Intimidate|boost\n|-unboost|p2a: Piloswine|atk|1\n|turn|1\n|\n|t:|1781378986\n|move|p1a: Arbok|Toxic Spikes|p2a: Piloswine\n|-sidestart|p2: ViPa|move: Toxic Spikes\n|move|p2a: Piloswine|Stealth Rock|p1a: Arbok\n|-sidestart|p1: DungBeetleEnjoyer|move: Stealth Rock\n|\n|upkeep\n|turn|2\n|inactive|Battle timer is ON: inactive players will automatically lose when time's up. (requested by DungBeetleEnjoyer)\n|\n|t:|1781379012\n|switch|p1a: Volbeat|Volbeat, L90, M|263/263\n|move|p2a: Piloswine|Earthquake|p1a: Volbeat\n|-resisted|p1a: Volbeat\n|-crit|p1a: Volbeat\n|-damage|p1a: Volbeat|179/263\n|\n|upkeep\n|turn|3\n|\n|t:|1781379020\n|switch|p2a: Scizor|Scizor, L79, F|240/240\n|move|p1a: Volbeat|Lunge|p2a: Scizor\n|-resisted|p2a: Scizor\n|-damage|p2a: Scizor|201/240\n|-unboost|p2a: Scizor|atk|1\n|\n|upkeep\n|turn|4\n|\n|t:|1781379027\n|move|p1a: Volbeat|Thunder Wave|p2a: Scizor\n|-status|p2a: Scizor|par\n|move|p2a: Scizor|Knock Off|p1a: Volbeat\n|-damage|p1a: Volbeat|114/263\n|-enditem|p1a: Volbeat|Heavy-Duty Boots|[from] move: Knock Off|[of] p2a: Scizor\n|-damage|p2a: Scizor|177/240 par|[from] item: Life Orb\n|\n|upkeep\n|turn|5\n|\n|t:|1781379039\n|move|p1a: Volbeat|Roost|p1a: Volbeat\n|-heal|p1a: Volbeat|246/263\n|-singleturn|p1a: Volbeat|move: Roost\n|move|p2a: Scizor|Swords Dance|p2a: Scizor\n|-boost|p2a: Scizor|atk|2\n|\n|upkeep\n|turn|6\n|\n|t:|1781379041\n|move|p1a: Volbeat|Lunge|p2a: Scizor\n|-resisted|p2a: Scizor\n|-damage|p2a: Scizor|136/240 par\n|-unboost|p2a: Scizor|atk|1\n|move|p2a: Scizor|Swords Dance|p2a: Scizor\n|-boost|p2a: Scizor|atk|2\n|\n|upkeep\n|turn|7\n|\n|t:|1781379044\n|move|p1a: Volbeat|Encore|p2a: Scizor\n|-start|p2a: Scizor|Encore\n|move|p2a: Scizor|Swords Dance|p2a: Scizor\n|-boost|p2a: Scizor|atk|2\n|\n|upkeep\n|turn|8\n|\n|t:|1781379046\n|move|p1a: Volbeat|Lunge|p2a: Scizor\n|-resisted|p2a: Scizor\n|-damage|p2a: Scizor|96/240 par\n|-unboost|p2a: Scizor|atk|1\n|move|p2a: Scizor|Swords Dance|p2a: Scizor\n|-boost|p2a: Scizor|atk|2\n|\n|upkeep\n|turn|9\n|\n|t:|1781379050\n|switch|p2a: Piloswine|Piloswine, L85, F|309/309\n|-status|p2a: Piloswine|psn\n|move|p1a: Volbeat|Lunge|p2a: Piloswine\n|-damage|p2a: Piloswine|255/309 psn\n|-unboost|p2a: Piloswine|atk|1\n|\n|-damage|p2a: Piloswine|217/309 psn|[from] psn\n|upkeep\n|turn|10\n|\n|t:|1781379057\n|move|p1a: Volbeat|Lunge|p2a: Piloswine\n|-damage|p2a: Piloswine|160/309 psn\n|-unboost|p2a: Piloswine|atk|1\n|move|p2a: Piloswine|Icicle Crash|p1a: Volbeat\n|-damage|p1a: Volbeat|195/263\n|\n|-damage|p2a: Piloswine|122/309 psn|[from] psn\n|upkeep\n|turn|11\n|\n|t:|1781379064\n|move|p1a: Volbeat|Lunge|p2a: Piloswine\n|-damage|p2a: Piloswine|68/309 psn\n|-unboost|p2a: Piloswine|atk|1\n|move|p2a: Piloswine|Icicle Crash|p1a: Volbeat\n|-damage|p1a: Volbeat|150/263\n|\n|-damage|p2a: Piloswine|30/309 psn|[from] psn\n|upkeep\n|turn|12\n|\n|t:|1781379068\n|move|p1a: Volbeat|Roost|p1a: Volbeat\n|-heal|p1a: Volbeat|263/263\n|-singleturn|p1a: Volbeat|move: Roost\n|move|p2a: Piloswine|Ice Shard|p1a: Volbeat\n|-damage|p1a: Volbeat|245/263\n|\n|-damage|p2a: Piloswine|0 fnt|[from] psn\n|faint|p2a: Piloswine\n|upkeep\n|\n|t:|1781379070\n|switch|p2a: Zangoose|Zangoose, L85, F|263/263\n|-status|p2a: Zangoose|psn\n|turn|13\n|\n|t:|1781379075\n|move|p1a: Volbeat|Lunge|p2a: Zangoose\n|-damage|p2a: Zangoose|155/263 psn\n|-unboost|p2a: Zangoose|atk|1\n|move|p2a: Zangoose|Facade|p1a: Volbeat\n|-damage|p1a: Volbeat|56/263\n|\n|-damage|p2a: Zangoose|123/263 psn|[from] psn\n|upkeep\n|turn|14\n|\n|t:|1781379097\n|move|p1a: Volbeat|Roost|p1a: Volbeat\n|-heal|p1a: Volbeat|188/263\n|-singleturn|p1a: Volbeat|move: Roost\n|move|p2a: Zangoose|Facade|p1a: Volbeat\n|-damage|p1a: Volbeat|11/263\n|\n|-damage|p2a: Zangoose|91/263 psn|[from] psn\n|upkeep\n|turn|15\n|\n|t:|1781379102\n|move|p2a: Zangoose|Quick Attack|p1a: Volbeat\n|-damage|p1a: Volbeat|0 fnt\n|faint|p1a: Volbeat\n|\n|-damage|p2a: Zangoose|59/263 psn|[from] psn\n|upkeep\n|\n|t:|1781379109\n|switch|p1a: Arbok|Arbok, L87, M|246/246\n|-damage|p1a: Arbok|216/246|[from] Stealth Rock\n|-ability|p1a: Arbok|Intimidate|boost\n|-unboost|p2a: Zangoose|atk|1\n|turn|16\n|\n|t:|1781379113\n|switch|p2a: Scizor|Scizor, L79, F|96/240 par\n|move|p1a: Arbok|Earthquake|p2a: Scizor\n|-damage|p2a: Scizor|23/240 par\n|\n|upkeep\n|turn|17\n|\n|t:|1781379119\n|move|p2a: Scizor|Bullet Punch|p1a: Arbok\n|-damage|p1a: Arbok|111/246\n|-damage|p2a: Scizor|0 fnt|[from] item: Life Orb\n|faint|p2a: Scizor\n|move|p1a: Arbok|Earthquake|p2: Scizor|[notarget]\n|-fail|p1a: Arbok\n|\n|upkeep\n|\n|t:|1781379125\n|switch|p2a: Zangoose|Zangoose, L85, F|59/263 psn\n|turn|18\n|\n|t:|1781379128\n|move|p1a: Arbok|Sucker Punch|p2a: Zangoose\n|-damage|p2a: Zangoose|0 fnt\n|faint|p2a: Zangoose\n|\n|upkeep\n|\n|t:|1781379138\n|switch|p2a: Misdreavus|Misdreavus, L90, M|254/254\n|turn|19\n|\n|t:|1781379150\n|switch|p1a: Fezandipiti|Fezandipiti, L82, M|278/278\n|-damage|p1a: Fezandipiti|244/278|[from] Stealth Rock\n|move|p2a: Misdreavus|Will-O-Wisp|p1a: Fezandipiti\n|-status|p1a: Fezandipiti|brn\n|\n|-heal|p1a: Fezandipiti|261/278 brn|[from] item: Leftovers\n|-damage|p1a: Fezandipiti|244/278 brn|[from] brn\n|upkeep\n|turn|20\n|\n|t:|1781379166\n|switch|p2a: Lumineon|Lumineon, L93, M|279/279\n|move|p1a: Fezandipiti|Beat Up|p2a: Lumineon\n|-damage|p2a: Lumineon|274/279\n|-status|p2a: Lumineon|tox|[from] ability: Toxic Chain|[of] p1a: Fezandipiti\n|-damage|p2a: Lumineon|269/279 tox\n|-damage|p2a: Lumineon|264/279 tox\n|-damage|p2a: Lumineon|261/279 tox\n|-damage|p2a: Lumineon|257/279 tox\n|-hitcount|p2a: Lumineon|5\n|\n|-heal|p1a: Fezandipiti|261/278 brn|[from] item: Leftovers\n|-damage|p2a: Lumineon|240/279 tox|[from] psn\n|-damage|p1a: Fezandipiti|244/278 brn|[from] brn\n|upkeep\n|turn|21\n|\n|t:|1781379174\n|move|p2a: Lumineon|Hydro Pump|p1a: Fezandipiti\n|-crit|p1a: Fezandipiti\n|-damage|p1a: Fezandipiti|103/278 brn\n|move|p1a: Fezandipiti|Roost|p1a: Fezandipiti\n|-heal|p1a: Fezandipiti|242/278 brn\n|-singleturn|p1a: Fezandipiti|move: Roost\n|\n|-heal|p1a: Fezandipiti|259/278 brn|[from] item: Leftovers\n|-damage|p2a: Lumineon|206/279 tox|[from] psn\n|-damage|p1a: Fezandipiti|242/278 brn|[from] brn\n|upkeep\n|turn|22\n|\n|t:|1781379180\n|move|p2a: Lumineon|Encore|p1a: Fezandipiti\n|-start|p1a: Fezandipiti|Encore\n|move|p1a: Fezandipiti|Roost|p1a: Fezandipiti\n|-heal|p1a: Fezandipiti|278/278 brn\n|-singleturn|p1a: Fezandipiti|move: Roost\n|\n|-damage|p2a: Lumineon|155/279 tox|[from] psn\n|-damage|p1a: Fezandipiti|261/278 brn|[from] brn\n|upkeep\n|turn|23\n|\n|t:|1781379183\n|move|p2a: Lumineon|U-turn|p1a: Fezandipiti\n|-resisted|p1a: Fezandipiti\n|-damage|p1a: Fezandipiti|248/278 brn\n|\n|t:|1781379186\n|switch|p2a: Eiscue|Eiscue, L88, M|274/274|[from] U-turn\n|-status|p2a: Eiscue|psn\n|move|p1a: Fezandipiti|Roost|p1a: Fezandipiti\n|-heal|p1a: Fezandipiti|278/278 brn\n|-singleturn|p1a: Fezandipiti|move: Roost\n|\n|-damage|p2a: Eiscue|240/274 psn|[from] psn\n|-damage|p1a: Fezandipiti|261/278 brn|[from] brn\n|upkeep\n|turn|24\n|\n|t:|1781379190\n|move|p1a: Fezandipiti|Roost|p1a: Fezandipiti\n|-heal|p1a: Fezandipiti|278/278 brn\n|-singleturn|p1a: Fezandipiti|move: Roost\n|move|p2a: Eiscue|Belly Drum|p2a: Eiscue\n|-damage|p2a: Eiscue|103/274 psn\n|-setboost|p2a: Eiscue|atk|6|[from] move: Belly Drum\n|-enditem|p2a: Eiscue|Sitrus Berry|[eat]\n|-heal|p2a: Eiscue|171/274 psn|[from] item: Sitrus Berry\n|\n|-damage|p2a: Eiscue|137/274 psn|[from] psn\n|-damage|p1a: Fezandipiti|261/278 brn|[from] brn\n|-end|p1a: Fezandipiti|Encore\n|upkeep\n|turn|25\n|\n|t:|1781379204\n|switch|p1a: Arbok|Arbok, L87, M|111/246\n|-damage|p1a: Arbok|81/246|[from] Stealth Rock\n|-ability|p1a: Arbok|Intimidate|boost\n|-unboost|p2a: Eiscue|atk|1\n|move|p2a: Eiscue|Zen Headbutt|p1a: Arbok\n|-supereffective|p1a: Arbok\n|-damage|p1a: Arbok|0 fnt\n|faint|p1a: Arbok\n|\n|-damage|p2a: Eiscue|103/274 psn|[from] psn\n|upkeep\n|\n|t:|1781379216\n|switch|p1a: Gardevoir|Gardevoir, L83, F|249/249\n|-damage|p1a: Gardevoir|218/249|[from] Stealth Rock\n|turn|26\n|\n|t:|1781379224\n|move|p1a: Gardevoir|Moonblast|p2a: Eiscue\n|-damage|p2a: Eiscue|0 fnt\n|faint|p2a: Eiscue\n|\n|upkeep\n|\n|t:|1781379227\n|switch|p2a: Misdreavus|Misdreavus, L90, M|254/254\n|-ability|p1a: Gardevoir|Levitate|Trace|[from] ability: Trace|[of] p2a: Misdreavus\n|turn|27\n|\n|t:|1781379242\n|switch|p1a: Fezandipiti|Fezandipiti, L82, M|261/278 brn\n|-damage|p1a: Fezandipiti|227/278 brn|[from] Stealth Rock\n|move|p2a: Misdreavus|Calm Mind|p2a: Misdreavus\n|-boost|p2a: Misdreavus|spa|1\n|-boost|p2a: Misdreavus|spd|1\n|\n|-heal|p1a: Fezandipiti|244/278 brn|[from] item: Leftovers\n|-damage|p1a: Fezandipiti|227/278 brn|[from] brn\n|upkeep\n|turn|28\n|\n|t:|1781379254\n|move|p1a: Fezandipiti|Beat Up|p2a: Misdreavus\n|-supereffective|p2a: Misdreavus\n|-damage|p2a: Misdreavus|246/254\n|-supereffective|p2a: Misdreavus\n|-crit|p2a: Misdreavus\n|-damage|p2a: Misdreavus|233/254\n|-supereffective|p2a: Misdreavus\n|-damage|p2a: Misdreavus|226/254\n|-supereffective|p2a: Misdreavus\n|-damage|p2a: Misdreavus|219/254\n|-hitcount|p2a: Misdreavus|4\n|move|p2a: Misdreavus|Calm Mind|p2a: Misdreavus\n|-boost|p2a: Misdreavus|spa|1\n|-boost|p2a: Misdreavus|spd|1\n|\n|-heal|p1a: Fezandipiti|244/278 brn|[from] item: Leftovers\n|-damage|p1a: Fezandipiti|227/278 brn|[from] brn\n|upkeep\n|turn|29\n|\n|t:|1781379265\n|move|p1a: Fezandipiti|Beat Up|p2a: Misdreavus\n|-supereffective|p2a: Misdreavus\n|-damage|p2a: Misdreavus|212/254\n|-status|p2a: Misdreavus|tox|[from] ability: Toxic Chain|[of] p1a: Fezandipiti\n|-supereffective|p2a: Misdreavus\n|-damage|p2a: Misdreavus|203/254 tox\n|-supereffective|p2a: Misdreavus\n|-damage|p2a: Misdreavus|196/254 tox\n|-supereffective|p2a: Misdreavus\n|-damage|p2a: Misdreavus|189/254 tox\n|-hitcount|p2a: Misdreavus|4\n|move|p2a: Misdreavus|Shadow Ball|p1a: Fezandipiti\n|-damage|p1a: Fezandipiti|80/278 brn\n|\n|-heal|p1a: Fezandipiti|97/278 brn|[from] item: Leftovers\n|-damage|p2a: Misdreavus|174/254 tox|[from] psn\n|-damage|p1a: Fezandipiti|80/278 brn|[from] brn\n|upkeep\n|turn|30\n|\n|t:|1781379273\n|move|p1a: Fezandipiti|Roost|p1a: Fezandipiti\n|-heal|p1a: Fezandipiti|219/278 brn\n|-singleturn|p1a: Fezandipiti|move: Roost\n|move|p2a: Misdreavus|Shadow Ball|p1a: Fezandipiti\n|-damage|p1a: Fezandipiti|89/278 brn\n|\n|-heal|p1a: Fezandipiti|106/278 brn|[from] item: Leftovers\n|-damage|p2a: Misdreavus|144/254 tox|[from] psn\n|-damage|p1a: Fezandipiti|89/278 brn|[from] brn\n|upkeep\n|turn|31\n|\n|t:|1781379277\n|move|p1a: Fezandipiti|Roost|p1a: Fezandipiti\n|-heal|p1a: Fezandipiti|228/278 brn\n|-singleturn|p1a: Fezandipiti|move: Roost\n|move|p2a: Misdreavus|Calm Mind|p2a: Misdreavus\n|-boost|p2a: Misdreavus|spa|1\n|-boost|p2a: Misdreavus|spd|1\n|\n|-heal|p1a: Fezandipiti|245/278 brn|[from] item: Leftovers\n|-damage|p2a: Misdreavus|99/254 tox|[from] psn\n|-damage|p1a: Fezandipiti|228/278 brn|[from] brn\n|upkeep\n|turn|32\n|\n|t:|1781379287\n|move|p1a: Fezandipiti|Moonblast|p2a: Misdreavus\n|-damage|p2a: Misdreavus|80/254 tox\n|move|p2a: Misdreavus|Shadow Ball|p1a: Fezandipiti\n|-damage|p1a: Fezandipiti|53/278 brn\n|\n|-heal|p1a: Fezandipiti|70/278 brn|[from] item: Leftovers\n|-damage|p2a: Misdreavus|20/254 tox|[from] psn\n|-damage|p1a: Fezandipiti|53/278 brn|[from] brn\n|upkeep\n|turn|33\n|\n|t:|1781379293\n|move|p1a: Fezandipiti|Moonblast|p2a: Misdreavus\n|-damage|p2a: Misdreavus|1/254 tox\n|-unboost|p2a: Misdreavus|spa|1\n|move|p2a: Misdreavus|Shadow Ball|p1a: Fezandipiti\n|-damage|p1a: Fezandipiti|0 fnt\n|faint|p1a: Fezandipiti\n|\n|-damage|p2a: Misdreavus|0 fnt|[from] psn\n|faint|p2a: Misdreavus\n|upkeep\n|\n|t:|1781379303\n|switch|p1a: Gardevoir|Gardevoir, L83, F|218/249\n|switch|p2a: Lumineon|Lumineon, L93, M|155/279 tox\n|-damage|p1a: Gardevoir|187/249|[from] Stealth Rock\n|-ability|p1a: Gardevoir|Storm Drain|Trace|[from] ability: Trace|[of] p2a: Lumineon\n|turn|34\n|\n|t:|1781379308\n|move|p1a: Gardevoir|Moonblast|p2a: Lumineon\n|-damage|p2a: Lumineon|35/279 tox\n|move|p2a: Lumineon|Ice Beam|p1a: Gardevoir\n|-damage|p1a: Gardevoir|136/249\n|-status|p1a: Gardevoir|frz\n|\n|-damage|p2a: Lumineon|18/279 tox|[from] psn\n|upkeep\n|turn|35\n|\n|t:|1781379314\n|cant|p1a: Gardevoir|frz\n|move|p2a: Lumineon|U-turn|p1a: Gardevoir\n|-damage|p1a: Gardevoir|77/249 frz\n|\n|-damage|p2a: Lumineon|0 fnt|[from] psn\n|faint|p2a: Lumineon\n|\n|win|DungBeetleEnjoyer\n", "uploadtime": 1781378977, "views": 6, "formatid": "gen9randombattle", "rating": null, "private": 0, "password": null}