{"id": "gen9randombattle-2631370825", "format": "[Gen 9] Random Battle", "players": ["Goggyo", "Cygnus11235"], "log": "|j|\u2606Goggyo\n|j|\u2606Cygnus11235\n|t:|1781376729\n|gametype|singles\n|player|p1|Goggyo|169|2023\n|player|p2|Cygnus11235|101|2065\n|gen|9\n|tier|[Gen 9] Random Battle\n|rated|\n|rule|Species Clause: Limit one of each Pok\u00e9mon\n|rule|HP Percentage Mod: HP is shown in percentages\n|rule|Sleep Clause Mod: Limit one foe put to sleep\n|rule|Illusion Level Mod: Illusion disguises the Pok\u00e9mon's true level\n|\n|t:|1781376729\n|teamsize|p1|6\n|teamsize|p2|6\n|start\n|switch|p1a: Moltres|Moltres, L81|278/278\n|switch|p2a: Vespiquen|Vespiquen, L99, F|299/299\n|-ability|p2a: Vespiquen|Pressure\n|turn|1\n|\n|t:|1781376741\n|move|p1a: Moltres|Fire Blast|p2a: Vespiquen\n|-supereffective|p2a: Vespiquen\n|-damage|p2a: Vespiquen|83/299\n|move|p2a: Vespiquen|Toxic|p1a: Moltres\n|-status|p1a: Moltres|tox\n|\n|-damage|p1a: Moltres|261/278 tox|[from] psn\n|upkeep\n|turn|2\n|\n|t:|1781376747\n|switch|p2a: Samurott|Samurott-Hisui, L77, F|265/265\n|move|p1a: Moltres|Brave Bird|p2a: Samurott\n|-damage|p2a: Samurott|124/265\n|-damage|p1a: Moltres|214/278 tox|[from] Recoil\n|\n|-damage|p1a: Moltres|180/278 tox|[from] psn\n|upkeep\n|turn|3\n|\n|t:|1781376751\n|move|p2a: Samurott|Sucker Punch|p1a: Moltres\n|-damage|p1a: Moltres|81/278 tox\n|-status|p2a: Samurott|brn|[from] ability: Flame Body|[of] p1a: Moltres\n|move|p1a: Moltres|Brave Bird|p2a: Samurott\n|-damage|p2a: Samurott|0 fnt\n|faint|p2a: Samurott\n|-damage|p1a: Moltres|40/278 tox|[from] Recoil\n|\n|-damage|p1a: Moltres|0 fnt|[from] psn\n|faint|p1a: Moltres\n|upkeep\n|\n|t:|1781376762\n|switch|p1a: Fezandipiti|Fezandipiti, L82, M|278/278\n|switch|p2a: Decidueye|Decidueye-Hisui, L87, M|295/295\n|turn|4\n|\n|t:|1781376772\n|switch|p2a: Vespiquen|Vespiquen, L99, F|83/299\n|-ability|p2a: Vespiquen|Pressure\n|move|p1a: Fezandipiti|Moonblast|p2a: Vespiquen\n|-damage|p2a: Vespiquen|23/299\n|\n|upkeep\n|turn|5\n|\n|t:|1781376779\n|move|p1a: Fezandipiti|Moonblast|p2a: Vespiquen\n|-damage|p2a: Vespiquen|0 fnt\n|faint|p2a: Vespiquen\n|\n|upkeep\n|\n|t:|1781376783\n|switch|p2a: Furret|Furret, L94, M|312/312\n|-item|p1a: Fezandipiti|Leftovers|[from] ability: Frisk|[of] p2a: Furret\n|turn|6\n|\n|t:|1781376792\n|move|p2a: Furret|Tidy Up|p2a: Furret\n|-boost|p2a: Furret|atk|1\n|-boost|p2a: Furret|spe|1\n|move|p1a: Fezandipiti|U-turn|p2a: Furret\n|-damage|p2a: Furret|257/312\n|-status|p2a: Furret|tox|[from] ability: Toxic Chain|[of] p1a: Fezandipiti\n|\n|t:|1781376799\n|switch|p1a: Bellossom|Bellossom, L84, M|263/263|[from] U-turn\n|\n|-damage|p2a: Furret|238/312 tox|[from] psn\n|upkeep\n|turn|7\n|\n|t:|1781376810\n|switch|p2a: Blaziken|Blaziken, L76, M|247/247\n|move|p1a: Bellossom|Strength Sap|p2a: Blaziken\n|-unboost|p2a: Blaziken|atk|1\n|\n|upkeep\n|turn|8\n|\n|t:|1781376829\n|move|p2a: Blaziken|Swords Dance|p2a: Blaziken\n|-boost|p2a: Blaziken|atk|2\n|move|p1a: Bellossom|Moonblast|p2a: Blaziken\n|-damage|p2a: Blaziken|158/247\n|\n|-ability|p2a: Blaziken|Speed Boost|boost\n|-boost|p2a: Blaziken|spe|1\n|upkeep\n|turn|9\n|\n|t:|1781376846\n|move|p2a: Blaziken|Flare Blitz|p1a: Bellossom\n|-supereffective|p1a: Bellossom\n|-damage|p1a: Bellossom|0 fnt\n|faint|p1a: Bellossom\n|-damage|p2a: Blaziken|71/247|[from] Recoil\n|-damage|p2a: Blaziken|47/247|[from] item: Life Orb\n|\n|-ability|p2a: Blaziken|Speed Boost|boost\n|-boost|p2a: Blaziken|spe|1\n|upkeep\n|\n|t:|1781376861\n|switch|p1a: Fezandipiti|Fezandipiti, L82, M|278/278\n|turn|10\n|\n|t:|1781376865\n|move|p2a: Blaziken|Flare Blitz|p1a: Fezandipiti\n|-damage|p1a: Fezandipiti|36/278\n|-status|p1a: Fezandipiti|brn\n|-damage|p2a: Blaziken|0 fnt|[from] Recoil\n|faint|p2a: Blaziken\n|move|p1a: Fezandipiti|Moonblast|p2: Blaziken|[notarget]\n|-fail|p1a: Fezandipiti\n|\n|-heal|p1a: Fezandipiti|53/278 brn|[from] item: Leftovers\n|-damage|p1a: Fezandipiti|36/278 brn|[from] brn\n|upkeep\n|\n|t:|1781376872\n|switch|p2a: Furret|Furret, L94, M|238/312 tox\n|-item|p1a: Fezandipiti|Leftovers|[from] ability: Frisk|[of] p2a: Furret\n|turn|11\n|\n|t:|1781376880\n|move|p2a: Furret|Double-Edge|p1a: Fezandipiti\n|-damage|p1a: Fezandipiti|0 fnt\n|faint|p1a: Fezandipiti\n|-damage|p2a: Furret|226/312 tox|[from] Recoil\n|-damage|p2a: Furret|195/312 tox|[from] item: Life Orb\n|\n|-damage|p2a: Furret|176/312 tox|[from] psn\n|upkeep\n|\n|t:|1781376884\n|switch|p1a: Spidops|Spidops, L96, F|271/271\n|turn|12\n|\n|t:|1781376912\n|move|p2a: Furret|Double-Edge|p1a: Spidops\n|-damage|p1a: Spidops|118/271\n|-damage|p2a: Furret|126/312 tox|[from] Recoil\n|-damage|p2a: Furret|95/312 tox|[from] item: Life Orb\n|move|p1a: Spidops|Knock Off|p2a: Furret\n|-damage|p2a: Furret|16/312 tox\n|-enditem|p2a: Furret|Life Orb|[from] move: Knock Off|[of] p1a: Spidops\n|\n|-damage|p2a: Furret|0 fnt|[from] psn\n|faint|p2a: Furret\n|upkeep\n|\n|t:|1781376918\n|switch|p2a: Staraptor|Staraptor, L79, M|263/263\n|turn|13\n|\n|t:|1781376923\n|move|p2a: Staraptor|Brave Bird|p1a: Spidops\n|-supereffective|p1a: Spidops\n|-damage|p1a: Spidops|0 fnt\n|faint|p1a: Spidops\n|-damage|p2a: Staraptor|224/263|[from] Recoil\n|\n|upkeep\n|\n|t:|1781376937\n|switch|p1a: Revavroom|Revavroom, L79, M|256/256\n|turn|14\n|\n|t:|1781376943\n|switch|p2a: Decidueye|Decidueye-Hisui, L87, M|295/295\n|move|p1a: Revavroom|Shift Gear|p1a: Revavroom\n|-boost|p1a: Revavroom|spe|2\n|-boost|p1a: Revavroom|atk|1\n|\n|upkeep\n|turn|15\n|\n|t:|1781376951\n|-terastallize|p2a: Decidueye|Steel\n|move|p1a: Revavroom|Iron Head|p2a: Decidueye\n|-resisted|p2a: Decidueye\n|-damage|p2a: Decidueye|201/295\n|-damage|p1a: Revavroom|231/256|[from] item: Life Orb\n|move|p2a: Decidueye|Triple Arrows|p1a: Revavroom\n|-damage|p1a: Revavroom|119/256\n|\n|-heal|p2a: Decidueye|219/295|[from] item: Leftovers\n|upkeep\n|turn|16\n|\n|t:|1781376963\n|switch|p2a: Staraptor|Staraptor, L79, M|224/263\n|move|p1a: Revavroom|High Horsepower|p2a: Staraptor\n|-immune|p2a: Staraptor\n|\n|upkeep\n|turn|17\n|\n|t:|1781376973\n|move|p1a: Revavroom|Gunk Shot|p2a: Staraptor\n|-damage|p2a: Staraptor|0 fnt\n|faint|p2a: Staraptor\n|-damage|p1a: Revavroom|94/256|[from] item: Life Orb\n|\n|upkeep\n|\n|t:|1781376975\n|switch|p2a: Decidueye|Decidueye-Hisui, L87, M, tera:Steel|219/295\n|turn|18\n|\n|t:|1781376978\n|move|p1a: Revavroom|High Horsepower|p2a: Decidueye\n|-supereffective|p2a: Decidueye\n|-damage|p2a: Decidueye|0 fnt\n|faint|p2a: Decidueye\n|-damage|p1a: Revavroom|69/256|[from] item: Life Orb\n|\n|win|Goggyo\n", "uploadtime": 1781376732, "views": 6, "formatid": "gen9randombattle", "rating": null, "private": 0, "password": null}