{"id": "gen9randombattle-2631487635", "format": "[Gen 9] Random Battle", "players": ["Kool Kiddo", "RainbowRoxy890"], "log": "|j|\u2606Kool Kiddo\n|j|\u2606RainbowRoxy890\n|t:|1781391308\n|gametype|singles\n|player|p1|Kool Kiddo|hilbert|2074\n|player|p2|RainbowRoxy890|102|2104\n|gen|9\n|tier|[Gen 9] Random Battle\n|rated|\n|rule|Species Clause: Limit one of each Pok\u00e9mon\n|rule|HP Percentage Mod: HP is shown in percentages\n|rule|Sleep Clause Mod: Limit one foe put to sleep\n|rule|Illusion Level Mod: Illusion disguises the Pok\u00e9mon's true level\n|\n|t:|1781391308\n|teamsize|p1|6\n|teamsize|p2|6\n|start\n|switch|p1a: Mismagius|Mismagius, L86, M|243/243\n|switch|p2a: Hitmontop|Hitmontop, L88, M|231/231\n|-ability|p2a: Hitmontop|Intimidate|boost\n|-unboost|p1a: Mismagius|atk|1\n|turn|1\n|inactive|Battle timer is ON: inactive players will automatically lose when time's up. (requested by RainbowRoxy890)\n|inactive|Kool Kiddo also wants the timer to be on.\n|\n|t:|1781391319\n|switch|p2a: Tsareena|Tsareena, L87, F|267/267\n|move|p1a: Mismagius|Nasty Plot|p1a: Mismagius\n|-boost|p1a: Mismagius|spa|2\n|\n|upkeep\n|turn|2\n|\n|t:|1781391324\n|move|p1a: Mismagius|Substitute|p1a: Mismagius\n|-start|p1a: Mismagius|Substitute\n|-damage|p1a: Mismagius|183/243\n|move|p2a: Tsareena|Knock Off|p1a: Mismagius\n|-supereffective|p1a: Mismagius\n|-end|p1a: Mismagius|Substitute\n|\n|-heal|p1a: Mismagius|198/243|[from] item: Leftovers\n|upkeep\n|turn|3\n|\n|t:|1781391332\n|switch|p1a: Copperajah|Copperajah, L86, M|349/349\n|move|p2a: Tsareena|Knock Off|p1a: Copperajah\n|-damage|p1a: Copperajah|206/349\n|-enditem|p1a: Copperajah|Choice Band|[from] move: Knock Off|[of] p2a: Tsareena\n|\n|upkeep\n|turn|4\n|\n|t:|1781391337\n|switch|p2a: Hitmontop|Hitmontop, L88, M|231/231\n|-ability|p2a: Hitmontop|Intimidate|boost\n|-unboost|p1a: Copperajah|atk|1\n|move|p1a: Copperajah|Heat Crash|p2a: Hitmontop\n|-damage|p2a: Hitmontop|162/231\n|\n|upkeep\n|turn|5\n|\n|t:|1781391345\n|move|p2a: Hitmontop|Stone Edge|p1a: Copperajah|[miss]\n|-miss|p2a: Hitmontop|p1a: Copperajah\n|move|p1a: Copperajah|Heavy Slam|p2a: Hitmontop\n|-damage|p2a: Hitmontop|65/231\n|\n|upkeep\n|turn|6\n|\n|t:|1781391349\n|move|p2a: Hitmontop|Earthquake|p1a: Copperajah\n|-supereffective|p1a: Copperajah\n|-damage|p1a: Copperajah|18/349\n|move|p1a: Copperajah|Heavy Slam|p2a: Hitmontop\n|-crit|p2a: Hitmontop\n|-damage|p2a: Hitmontop|0 fnt\n|faint|p2a: Hitmontop\n|\n|upkeep\n|\n|t:|1781391357\n|switch|p2a: Smeargle|Smeargle, L95, M|258/258\n|turn|7\n|\n|t:|1781391361\n|move|p2a: Smeargle|Ceaseless Edge|p1a: Copperajah\n|-damage|p1a: Copperajah|0 fnt\n|-sidestart|p1: Kool Kiddo|Spikes\n|faint|p1a: Copperajah\n|\n|upkeep\n|\n|t:|1781391371\n|switch|p1a: Ariados|Ariados, L95, M|287/287\n|turn|8\n|\n|t:|1781391376\n|move|p2a: Smeargle|Spore|p1a: Ariados\n|-status|p1a: Ariados|slp|[from] move: Spore\n|cant|p1a: Ariados|slp\n|\n|upkeep\n|turn|9\n|\n|t:|1781391382\n|move|p2a: Smeargle|Sticky Web|p1a: Ariados\n|-sidestart|p1: Kool Kiddo|move: Sticky Web\n|cant|p1a: Ariados|slp\n|\n|upkeep\n|turn|10\n|\n|t:|1781391385\n|move|p2a: Smeargle|Ceaseless Edge|p1a: Ariados\n|-damage|p1a: Ariados|264/287 slp\n|-sidestart|p1: Kool Kiddo|Spikes\n|-curestatus|p1a: Ariados|slp|[msg]\n|move|p1a: Ariados|Sticky Web|p2a: Smeargle\n|-sidestart|p2: RainbowRoxy890|move: Sticky Web\n|\n|upkeep\n|turn|11\n|\n|t:|1781391389\n|move|p2a: Smeargle|Spore|p1a: Ariados\n|-status|p1a: Ariados|slp|[from] move: Spore\n|cant|p1a: Ariados|slp\n|\n|upkeep\n|turn|12\n|\n|t:|1781391393\n|move|p2a: Smeargle|Ceaseless Edge|p1a: Ariados\n|-damage|p1a: Ariados|240/287 slp\n|-sidestart|p1: Kool Kiddo|Spikes\n|-curestatus|p1a: Ariados|slp|[msg]\n|move|p1a: Ariados|Poison Jab|p2a: Smeargle\n|-damage|p2a: Smeargle|75/258\n|-status|p2a: Smeargle|psn\n|\n|-damage|p2a: Smeargle|43/258 psn|[from] psn\n|upkeep\n|turn|13\n|\n|t:|1781391398\n|move|p2a: Smeargle|Spore|p1a: Ariados\n|-status|p1a: Ariados|slp|[from] move: Spore\n|cant|p1a: Ariados|slp\n|\n|-damage|p2a: Smeargle|11/258 psn|[from] psn\n|upkeep\n|turn|14\n|\n|t:|1781391401\n|-curestatus|p1a: Ariados|slp|[msg]\n|move|p1a: Ariados|Poison Jab|p2a: Smeargle\n|-damage|p2a: Smeargle|0 fnt\n|faint|p2a: Smeargle\n|\n|upkeep\n|\n|t:|1781391408\n|switch|p2a: Oricorio|Oricorio-Pa'u, L87, F|272/272\n|turn|15\n|\n|t:|1781391422\n|move|p2a: Oricorio|Hurricane|p1a: Ariados\n|-supereffective|p1a: Ariados\n|-damage|p1a: Ariados|0 fnt\n|faint|p1a: Ariados\n|\n|upkeep\n|\n|t:|1781391426\n|switch|p1a: Oinkologne|Oinkologne-F, L92, F|361/361\n|-damage|p1a: Oinkologne|271/361|[from] Spikes\n|-activate|p1a: Oinkologne|move: Sticky Web\n|-unboost|p1a: Oinkologne|spe|1\n|turn|16\n|\n|t:|1781391446\n|switch|p2a: Hitmonchan|Hitmonchan, L87, M|229/229\n|-activate|p2a: Hitmonchan|move: Sticky Web\n|-unboost|p2a: Hitmonchan|spe|1\n|move|p1a: Oinkologne|Body Slam|p2a: Hitmonchan\n|-damage|p2a: Hitmonchan|118/229\n|-status|p2a: Hitmonchan|par\n|\n|-heal|p1a: Oinkologne|293/361|[from] item: Leftovers\n|-heal|p2a: Hitmonchan|132/229 par|[from] item: Leftovers\n|upkeep\n|turn|17\n|\n|t:|1781391455\n|switch|p1a: Fezandipiti|Fezandipiti, L82, M|278/278\n|-damage|p1a: Fezandipiti|209/278|[from] Spikes\n|-activate|p1a: Fezandipiti|move: Sticky Web\n|-unboost|p1a: Fezandipiti|spe|1\n|move|p2a: Hitmonchan|Bulk Up|p2a: Hitmonchan\n|-boost|p2a: Hitmonchan|atk|1\n|-boost|p2a: Hitmonchan|def|1\n|\n|-heal|p1a: Fezandipiti|226/278|[from] item: Leftovers\n|-heal|p2a: Hitmonchan|146/229 par|[from] item: Leftovers\n|upkeep\n|turn|18\n|\n|t:|1781391466\n|move|p1a: Fezandipiti|Swords Dance|p1a: Fezandipiti\n|-boost|p1a: Fezandipiti|atk|2\n|move|p2a: Hitmonchan|Poison Jab|p1a: Fezandipiti\n|-damage|p1a: Fezandipiti|125/278\n|\n|-heal|p1a: Fezandipiti|142/278|[from] item: Leftovers\n|-heal|p2a: Hitmonchan|160/229 par|[from] item: Leftovers\n|upkeep\n|turn|19\n|\n|t:|1781391472\n|move|p1a: Fezandipiti|Play Rough|p2a: Hitmonchan\n|-supereffective|p2a: Hitmonchan\n|-damage|p2a: Hitmonchan|0 fnt\n|faint|p2a: Hitmonchan\n|\n|-heal|p1a: Fezandipiti|159/278|[from] item: Leftovers\n|upkeep\n|\n|t:|1781391475\n|switch|p2a: Oricorio|Oricorio-Pa'u, L87, F|272/272\n|turn|20\n|\n|t:|1781391480\n|move|p2a: Oricorio|Revelation Dance|p1a: Fezandipiti\n|-supereffective|p1a: Fezandipiti\n|-damage|p1a: Fezandipiti|0 fnt\n|faint|p1a: Fezandipiti\n|\n|upkeep\n|\n|t:|1781391484\n|switch|p1a: Dunsparce|Dunsparce, L86, F|312/312\n|-damage|p1a: Dunsparce|234/312|[from] Spikes\n|-activate|p1a: Dunsparce|move: Sticky Web\n|-unboost|p1a: Dunsparce|spe|1\n|turn|21\n|\n|t:|1781391489\n|switch|p2a: Uxie|Uxie, L83|260/260\n|move|p1a: Dunsparce|Body Slam|p2a: Uxie\n|-damage|p2a: Uxie|202/260\n|\n|-heal|p2a: Uxie|218/260|[from] item: Leftovers\n|upkeep\n|turn|22\n|\n|t:|1781391496\n|move|p2a: Uxie|Thunder Wave|p1a: Dunsparce\n|-status|p1a: Dunsparce|par\n|move|p1a: Dunsparce|Body Slam|p2a: Uxie\n|-damage|p2a: Uxie|163/260\n|-status|p2a: Uxie|par\n|\n|-heal|p2a: Uxie|179/260 par|[from] item: Leftovers\n|upkeep\n|turn|23\n|\n|t:|1781391500\n|move|p2a: Uxie|Knock Off|p1a: Dunsparce\n|-damage|p1a: Dunsparce|188/312 par\n|-enditem|p1a: Dunsparce|Eviolite|[from] move: Knock Off|[of] p2a: Uxie\n|move|p1a: Dunsparce|Coil|p1a: Dunsparce\n|-boost|p1a: Dunsparce|atk|1\n|-boost|p1a: Dunsparce|def|1\n|-boost|p1a: Dunsparce|accuracy|1\n|\n|-heal|p2a: Uxie|195/260 par|[from] item: Leftovers\n|upkeep\n|turn|24\n|\n|t:|1781391504\n|move|p2a: Uxie|Psychic Noise|p1a: Dunsparce\n|-damage|p1a: Dunsparce|107/312 par\n|-start|p1a: Dunsparce|move: Heal Block\n|cant|p1a: Dunsparce|move: Heal Block|Roost\n|\n|-heal|p2a: Uxie|211/260 par|[from] item: Leftovers\n|upkeep\n|turn|25\n|\n|t:|1781391510\n|move|p2a: Uxie|Psychic Noise|p1a: Dunsparce\n|-damage|p1a: Dunsparce|31/312 par\n|move|p1a: Dunsparce|Body Slam|p2a: Uxie\n|-damage|p2a: Uxie|127/260 par\n|\n|-heal|p2a: Uxie|143/260 par|[from] item: Leftovers\n|-end|p1a: Dunsparce|move: Heal Block\n|upkeep\n|turn|26\n|\n|t:|1781391514\n|move|p2a: Uxie|Psychic Noise|p1a: Dunsparce\n|-damage|p1a: Dunsparce|0 fnt\n|faint|p1a: Dunsparce\n|\n|-heal|p2a: Uxie|159/260 par|[from] item: Leftovers\n|upkeep\n|\n|t:|1781391516\n|switch|p1a: Mismagius|Mismagius, L86, M|198/243\n|turn|27\n|\n|t:|1781391520\n|-terastallize|p1a: Mismagius|Electric\n|move|p1a: Mismagius|Nasty Plot|p1a: Mismagius\n|-boost|p1a: Mismagius|spa|2\n|move|p2a: Uxie|Knock Off|p1a: Mismagius\n|-damage|p1a: Mismagius|131/243\n|-enditem|p1a: Mismagius|Leftovers|[from] move: Knock Off|[of] p2a: Uxie\n|\n|-heal|p2a: Uxie|175/260 par|[from] item: Leftovers\n|upkeep\n|turn|28\n|\n|t:|1781391528\n|move|p1a: Mismagius|Shadow Ball|p2a: Uxie\n|-supereffective|p2a: Uxie\n|-damage|p2a: Uxie|0 fnt\n|faint|p2a: Uxie\n|\n|upkeep\n|\n|t:|1781391531\n|switch|p2a: Tsareena|Tsareena, L87, F|267/267\n|-activate|p2a: Tsareena|move: Sticky Web\n|-unboost|p2a: Tsareena|spe|1\n|turn|29\n|\n|t:|1781391540\n|move|p1a: Mismagius|Shadow Ball|p2a: Tsareena\n|-crit|p2a: Tsareena\n|-damage|p2a: Tsareena|26/267\n|-unboost|p2a: Tsareena|spd|1\n|move|p2a: Tsareena|Power Whip|p1a: Mismagius\n|-damage|p1a: Mismagius|0 fnt\n|faint|p1a: Mismagius\n|\n|upkeep\n|\n|t:|1781391543\n|switch|p1a: Oinkologne|Oinkologne-F, L92, F|293/361\n|-damage|p1a: Oinkologne|203/361|[from] Spikes\n|-activate|p1a: Oinkologne|move: Sticky Web\n|-unboost|p1a: Oinkologne|spe|1\n|turn|30\n|\n|t:|1781391554\n|move|p2a: Tsareena|Power Whip|p1a: Oinkologne\n|-damage|p1a: Oinkologne|0 fnt\n|faint|p1a: Oinkologne\n|\n|win|RainbowRoxy890\n", "inputlog": ">version a8376a258c1d4662feba110a92103f3664a72141\n>start {\"formatid\":\"gen9randombattle\",\"seed\":\"sodium,fbd7dcf820aa263908b1dfac15ab02f0\",\"rated\":\"Rated battle\"}\n>player p1 {\"name\":\"Kool Kiddo\",\"avatar\":\"hilbert\",\"rating\":2074,\"seed\":\"sodium,9fb1fb4eadcbf8e9b4d098ddda0fa1a9\"}\n>player p2 {\"name\":\"RainbowRoxy890\",\"avatar\":\"102\",\"rating\":2104,\"seed\":\"sodium,14572b89a04576e5b9032aa98e0c20bc\"}\n>p1 move nastyplot\n>p2 switch 4\n>p1 move substitute\n>p2 move knockoff\n>p1 switch 5\n>p2 move knockoff\n>p1 move heatcrash\n>p2 switch 4\n>p1 move heavyslam\n>p2 move stoneedge\n>p1 move heavyslam\n>p2 move earthquake\n>p2 switch 5\n>p1 move heavyslam\n>p2 move ceaselessedge\n>p1 switch 3\n>p1 move stickyweb\n>p2 move spore\n>p1 move stickyweb\n>p2 move stickyweb\n>p1 move stickyweb\n>p2 move ceaselessedge\n>p1 move poisonjab\n>p2 move spore\n>p1 move poisonjab\n>p2 move ceaselessedge\n>p1 move poisonjab\n>p2 move spore\n>p1 move poisonjab\n>p2 move whirlwind\n>p2 switch 3\n>p1 move poisonjab\n>p2 move hurricane\n>p1 switch 6\n>p1 move bodyslam\n>p2 switch 2\n>p1 switch 2\n>p2 move bulkup\n>p1 move swordsdance\n>p2 move poisonjab\n>p1 move playrough\n>p2 move poisonjab\n>p2 switch 2\n>p1 move gunkshot\n>p2 move revelationdance\n>p1 switch 4\n>p1 move bodyslam\n>p2 switch 6\n>p1 move bodyslam\n>p2 move thunderwave\n>p1 move coil\n>p2 move knockoff\n>p1 move roost\n>p2 move psychicnoise\n>p1 move bodyslam\n>p2 move psychicnoise\n>p1 move roost\n>p2 move psychicnoise\n>p1 switch 5\n>p1 move nastyplot terastallize\n>p2 move knockoff\n>p1 move shadowball\n>p2 move uturn\n>p2 switch 4\n>p1 move shadowball\n>p2 move powerwhip\n>p1 switch 2\n>p1 move curse\n>p2 move powerwhip", "uploadtime": 1781391310, "views": 6, "formatid": "gen9randombattle", "rating": null, "private": 0, "password": null}