{"id": "gen9randombattle-2631643600", "format": "[Gen 9] Random Battle", "players": ["cheese900", "ibra32123"], "log": "|j|\u2606cheese900\n|j|\u2606ibra32123\n|t:|1781413775\n|gametype|singles\n|player|p1|cheese900|firebreather|1165\n|player|p2|ibra32123|265|1161\n|gen|9\n|tier|[Gen 9] Random Battle\n|rated|\n|rule|Species Clause: Limit one of each Pok\u00e9mon\n|rule|HP Percentage Mod: HP is shown in percentages\n|rule|Sleep Clause Mod: Limit one foe put to sleep\n|rule|Illusion Level Mod: Illusion disguises the Pok\u00e9mon's true level\n|\n|t:|1781413775\n|teamsize|p1|6\n|teamsize|p2|6\n|start\n|switch|p1a: Mesprit|Mesprit, L85|275/275\n|switch|p2a: Meloetta|Meloetta, L82|298/298\n|turn|1\n|\n|t:|1781413790\n|move|p2a: Meloetta|Knock Off|p1a: Mesprit\n|-supereffective|p1a: Mesprit\n|-damage|p1a: Mesprit|140/275\n|-enditem|p1a: Mesprit|Assault Vest|[from] move: Knock Off|[of] p2a: Meloetta\n|-damage|p2a: Meloetta|269/298|[from] item: Life Orb\n|move|p1a: Mesprit|Knock Off|p2a: Meloetta\n|-supereffective|p2a: Meloetta\n|-damage|p2a: Meloetta|93/298\n|-enditem|p2a: Meloetta|Life Orb|[from] move: Knock Off|[of] p1a: Mesprit\n|\n|upkeep\n|turn|2\n|\n|t:|1781413810\n|switch|p2a: Mabosstiff|Mabosstiff, L86, M|278/278\n|move|p1a: Mesprit|Knock Off|p2a: Mabosstiff\n|-resisted|p2a: Mabosstiff\n|-damage|p2a: Mabosstiff|239/278\n|-enditem|p2a: Mabosstiff|Choice Band|[from] move: Knock Off|[of] p1a: Mesprit\n|\n|upkeep\n|turn|3\n|\n|t:|1781413831\n|switch|p1a: Ariados|Ariados, L95, F|287/287\n|move|p2a: Mabosstiff|Play Rough|p1a: Ariados\n|-resisted|p1a: Ariados\n|-damage|p1a: Ariados|198/287\n|\n|upkeep\n|turn|4\n|\n|t:|1781413841\n|move|p2a: Mabosstiff|Psychic Fangs|p1a: Ariados\n|-supereffective|p1a: Ariados\n|-damage|p1a: Ariados|46/287\n|move|p1a: Ariados|Megahorn|p2a: Mabosstiff\n|-supereffective|p2a: Mabosstiff\n|-damage|p2a: Mabosstiff|0 fnt\n|faint|p2a: Mabosstiff\n|\n|upkeep\n|\n|t:|1781413857\n|switch|p2a: Lumineon|Lumineon, L93, F|279/279\n|turn|5\n|\n|t:|1781413884\n|switch|p1a: Bellibolt|Bellibolt, L84, M|320/320\n|move|p2a: Lumineon|Ice Beam|p1a: Bellibolt\n|-damage|p1a: Bellibolt|252/320\n|-start|p1a: Bellibolt|Charge|Ice Beam|[from] ability: Electromorphosis\n|\n|-heal|p1a: Bellibolt|272/320|[from] item: Leftovers\n|upkeep\n|turn|6\n|\n|t:|1781413903\n|switch|p2a: Hydrapple|Hydrapple, L83, M|312/312\n|move|p1a: Bellibolt|Thunderbolt|p2a: Hydrapple\n|-resisted|p2a: Hydrapple\n|-damage|p2a: Hydrapple|263/312\n|-end|p1a: Bellibolt|Charge|[silent]\n|\n|-heal|p1a: Bellibolt|292/320|[from] item: Leftovers\n|-heal|p2a: Hydrapple|282/312|[from] item: Leftovers\n|upkeep\n|turn|7\n|\n|t:|1781413919\n|move|p1a: Bellibolt|Volt Switch|p2a: Hydrapple\n|-resisted|p2a: Hydrapple\n|-damage|p2a: Hydrapple|260/312\n|inactive|Battle timer is ON: inactive players will automatically lose when time's up. (requested by ibra32123)\n|\n|t:|1781413924\n|switch|p1a: Ariados|Ariados, L95, F|46/287|[from] Volt Switch\n|move|p2a: Hydrapple|Nasty Plot|p2a: Hydrapple\n|-boost|p2a: Hydrapple|spa|2\n|\n|-heal|p2a: Hydrapple|279/312|[from] item: Leftovers\n|upkeep\n|turn|8\n|\n|t:|1781413939\n|move|p1a: Ariados|Sticky Web|p2a: Hydrapple\n|-sidestart|p2: ibra32123|move: Sticky Web\n|move|p2a: Hydrapple|Fickle Beam|p1a: Ariados\n|-damage|p1a: Ariados|0 fnt\n|faint|p1a: Ariados\n|\n|-heal|p2a: Hydrapple|298/312|[from] item: Leftovers\n|upkeep\n|\n|t:|1781413946\n|switch|p1a: Coalossal|Coalossal, L89, M|341/341\n|turn|9\n|\n|t:|1781413956\n|move|p2a: Hydrapple|Nasty Plot|p2a: Hydrapple\n|-boost|p2a: Hydrapple|spa|2\n|move|p1a: Coalossal|Flamethrower|p2a: Hydrapple\n|-damage|p2a: Hydrapple|190/312\n|\n|-heal|p2a: Hydrapple|209/312|[from] item: Leftovers\n|upkeep\n|turn|10\n|\n|t:|1781413969\n|move|p2a: Hydrapple|Giga Drain|p1a: Coalossal\n|-damage|p1a: Coalossal|100/341\n|-heal|p2a: Hydrapple|312/312|[from] drain|[of] p1a: Coalossal\n|move|p1a: Coalossal|Stealth Rock|p2a: Hydrapple\n|-sidestart|p2: ibra32123|move: Stealth Rock\n|\n|upkeep\n|turn|11\n|\n|t:|1781413979\n|move|p2a: Hydrapple|Nasty Plot|p2a: Hydrapple\n|-boost|p2a: Hydrapple|spa|2\n|move|p1a: Coalossal|Flamethrower|p2a: Hydrapple\n|-damage|p2a: Hydrapple|213/312\n|\n|-heal|p2a: Hydrapple|232/312|[from] item: Leftovers\n|upkeep\n|turn|12\n|\n|t:|1781413990\n|move|p2a: Hydrapple|Giga Drain|p1a: Coalossal\n|-damage|p1a: Coalossal|0 fnt\n|-heal|p2a: Hydrapple|282/312|[from] drain|[of] p1a: Coalossal\n|faint|p1a: Coalossal\n|\n|-heal|p2a: Hydrapple|301/312|[from] item: Leftovers\n|upkeep\n|\n|t:|1781414015\n|switch|p1a: Lanturn|Lanturn, L89, F|367/367\n|turn|13\n|\n|t:|1781414023\n|move|p1a: Lanturn|Thunder Wave|p2a: Hydrapple\n|-status|p2a: Hydrapple|par\n|move|p2a: Hydrapple|Giga Drain|p1a: Lanturn\n|-supereffective|p1a: Lanturn\n|-damage|p1a: Lanturn|0 fnt\n|-heal|p2a: Hydrapple|312/312 par|[from] drain|[of] p1a: Lanturn\n|faint|p1a: Lanturn\n|\n|upkeep\n|\n|t:|1781414034\n|switch|p1a: Mesprit|Mesprit, L85|140/275\n|turn|14\n|\n|t:|1781414043\n|move|p1a: Mesprit|Psychic Noise|p2a: Hydrapple\n|-damage|p2a: Hydrapple|215/312 par\n|-start|p2a: Hydrapple|move: Heal Block\n|cant|p2a: Hydrapple|move: Heal Block|Giga Drain\n|\n|upkeep\n|turn|15\n|\n|t:|1781414052\n|move|p1a: Mesprit|Drain Punch|p2a: Hydrapple\n|-damage|p2a: Hydrapple|166/312 par\n|-heal|p1a: Mesprit|165/275|[from] drain|[of] p2a: Hydrapple\n|move|p2a: Hydrapple|Fickle Beam|p1a: Mesprit\n|-damage|p1a: Mesprit|0 fnt\n|faint|p1a: Mesprit\n|\n|-end|p2a: Hydrapple|move: Heal Block\n|upkeep\n|\n|t:|1781414062\n|switch|p1a: Poliwrath|Poliwrath, L88, M|302/302\n|turn|16\n|\n|t:|1781414077\n|-terastallize|p1a: Poliwrath|Dark\n|move|p1a: Poliwrath|Knock Off|p2a: Hydrapple\n|-damage|p2a: Hydrapple|37/312 par\n|-enditem|p2a: Hydrapple|Leftovers|[from] move: Knock Off|[of] p1a: Poliwrath\n|-damage|p1a: Poliwrath|272/302|[from] item: Life Orb\n|move|p2a: Hydrapple|Giga Drain|p1a: Poliwrath\n|-damage|p1a: Poliwrath|0 fnt\n|-heal|p2a: Hydrapple|173/312 par|[from] drain|[of] p1a: Poliwrath\n|faint|p1a: Poliwrath\n|\n|upkeep\n|\n|t:|1781414087\n|switch|p1a: Bellibolt|Bellibolt, L84, M|292/320\n|turn|17\n|\n|t:|1781414094\n|move|p1a: Bellibolt|Thunderbolt|p2a: Hydrapple\n|-resisted|p2a: Hydrapple\n|-damage|p2a: Hydrapple|148/312 par\n|move|p2a: Hydrapple|Giga Drain|p1a: Bellibolt\n|-damage|p1a: Bellibolt|0 fnt\n|-heal|p2a: Hydrapple|294/312 par|[from] drain|[of] p1a: Bellibolt\n|faint|p1a: Bellibolt\n|\n|win|ibra32123\n|raw|cheese900's rating: 1165 &rarr; <strong>1140</strong><br />(-25 for losing)\n|raw|ibra32123's rating: 1161 &rarr; <strong>1186</strong><br />(+25 for winning)\n|l|\u2606cheese900\n|player|p1|\n", "inputlog": ">version a8376a258c1d4662feba110a92103f3664a72141\n>start {\"formatid\":\"gen9randombattle\",\"seed\":\"sodium,bfe781caff3bdf553e706681c4638298\",\"rated\":\"Rated battle\"}\n>player p1 {\"name\":\"cheese900\",\"avatar\":\"firebreather\",\"rating\":1165,\"seed\":\"sodium,e1df2bdef52fb6eb0161fe612b20169c\"}\n>player p2 {\"name\":\"ibra32123\",\"avatar\":\"265\",\"rating\":1161,\"seed\":\"sodium,a7936a3236e871e0713177b62e0731cb\"}\n>p1 move knockoff\n>p2 move knockoff\n>p1 move knockoff\n>p2 switch 6\n>p1 switch 5\n>p2 move playrough\n>p1 move megahorn\n>p2 move psychicfangs\n>p2 switch 4\n>p1 switch 4\n>p2 move icebeam\n>p1 move thunderbolt\n>p2 switch 2\n>p1 move voltswitch\n>p2 move nastyplot\n>p1 switch 4\n>p1 move stickyweb\n>p2 move ficklebeam\n>p1 switch 6\n>p1 move flamethrower\n>p2 move nastyplot\n>p1 move stealthrock\n>p2 move gigadrain\n>p1 move flamethrower\n>p2 move nastyplot\n>p1 move stoneedge\n>p2 move gigadrain\n>p1 switch 2\n>p1 move thunderwave\n>p2 move gigadrain\n>p1 switch 5\n>p1 move psychicnoise\n>p2 move gigadrain\n>p1 move drainpunch\n>p2 move ficklebeam\n>p1 switch 3\n>p1 move knockoff terastallize\n>p2 move gigadrain\n>p1 switch 4\n>p1 move thunderbolt\n>p2 move gigadrain", "uploadtime": 1781414112, "views": 3, "formatid": "gen9randombattle", "rating": 1140, "private": 0, "password": null}