{"id": "gen9randombattle-2631496769", "format": "[Gen 9] Random Battle", "players": ["eonemora", "Komplete-Rando"], "log": "|j|\u2606eonemora\n|j|\u2606Komplete-Rando\n|t:|1781392491\n|gametype|singles\n|player|p1|eonemora|cynthia|1193\n|player|p2|Komplete-Rando|102|1200\n|gen|9\n|tier|[Gen 9] Random Battle\n|rated|\n|rule|Species Clause: Limit one of each Pok\u00e9mon\n|rule|HP Percentage Mod: HP is shown in percentages\n|rule|Sleep Clause Mod: Limit one foe put to sleep\n|rule|Illusion Level Mod: Illusion disguises the Pok\u00e9mon's true level\n|\n|t:|1781392491\n|teamsize|p1|6\n|teamsize|p2|6\n|start\n|switch|p1a: Walking Wake|Walking Wake, L79|286/286\n|switch|p2a: Cryogonal|Cryogonal, L89|287/287\n|turn|1\n|inactive|Battle timer is ON: inactive players will automatically lose when time's up. (requested by Komplete-Rando)\n|inactive|Komplete-Rando has 120 seconds left.\n|\n|t:|1781392537\n|-terastallize|p1a: Walking Wake|Fire\n|move|p2a: Cryogonal|Rapid Spin|p1a: Walking Wake\n|-damage|p1a: Walking Wake|260/286\n|-boost|p2a: Cryogonal|spe|1\n|move|p1a: Walking Wake|Flamethrower|p2a: Cryogonal\n|-supereffective|p2a: Cryogonal\n|-damage|p2a: Cryogonal|105/287\n|-status|p2a: Cryogonal|brn\n|-damage|p1a: Walking Wake|232/286|[from] item: Life Orb\n|\n|-damage|p2a: Cryogonal|88/287 brn|[from] brn\n|upkeep\n|turn|2\n|inactive|Komplete-Rando has 120 seconds left.\n|inactive|Komplete-Rando has 90 seconds left.\n|\n|t:|1781392599\n|-end|p1a: Walking Wake|Protosynthesis|[silent]\n|switch|p1a: Glaceon|Glaceon, L94, M|275/275\n|move|p2a: Cryogonal|Tera Blast|p1a: Glaceon\n|-damage|p1a: Glaceon|220/275\n|\n|-damage|p2a: Cryogonal|71/287 brn|[from] brn\n|upkeep\n|turn|3\n|inactive|Komplete-Rando has 90 seconds left.\n|\n|t:|1781392611\n|move|p2a: Cryogonal|Tera Blast|p1a: Glaceon\n|-damage|p1a: Glaceon|162/275\n|move|p1a: Glaceon|Calm Mind|p1a: Glaceon\n|-boost|p1a: Glaceon|spa|1\n|-boost|p1a: Glaceon|spd|1\n|\n|-damage|p2a: Cryogonal|54/287 brn|[from] brn\n|upkeep\n|turn|4\n|inactive|Komplete-Rando has 90 seconds left.\n|\n|t:|1781392626\n|switch|p2a: Chandelure|Chandelure, L83, M|235/235\n|move|p1a: Glaceon|Wish|p1a: Glaceon\n|\n|upkeep\n|turn|5\n|inactive|Komplete-Rando has 90 seconds left.\n|\n|t:|1781392638\n|switch|p1a: Walking Wake|Walking Wake, L79, tera:Fire|232/286\n|move|p2a: Chandelure|Trick|p1a: Walking Wake\n|-activate|p2a: Chandelure|move: Trick|[of] p1a: Walking Wake\n|-item|p1a: Walking Wake|Choice Scarf|[from] move: Trick\n|-item|p2a: Chandelure|Life Orb|[from] move: Trick\n|\n|-heal|p1a: Walking Wake|286/286|[from] move: Wish|[wisher] Glaceon\n|upkeep\n|turn|6\n|inactive|Komplete-Rando has 90 seconds left.\n|\n|t:|1781392663\n|switch|p2a: Feraligatr|Feraligatr, L79, M|264/264\n|move|p1a: Walking Wake|Hydro Steam|p2a: Feraligatr\n|-resisted|p2a: Feraligatr\n|-damage|p2a: Feraligatr|217/264\n|\n|upkeep\n|turn|7\n|\n|t:|1781392683\n|-end|p1a: Walking Wake|Protosynthesis|[silent]\n|switch|p1a: Abomasnow|Abomasnow, L84, F|287/287\n|-weather|Snowscape|[from] ability: Snow Warning|[of] p1a: Abomasnow\n|move|p2a: Feraligatr|Dragon Dance|p2a: Feraligatr\n|-boost|p2a: Feraligatr|atk|1\n|-boost|p2a: Feraligatr|spe|1\n|\n|-weather|Snowscape|[upkeep]\n|upkeep\n|turn|8\n|\n|t:|1781392699\n|switch|p2a: Dragalge|Dragalge, L88, M|258/258\n|move|p1a: Abomasnow|Aurora Veil|p1a: Abomasnow\n|-sidestart|p1: eonemora|move: Aurora Veil\n|\n|-weather|Snowscape|[upkeep]\n|upkeep\n|turn|9\n|inactive|Komplete-Rando has 60 seconds left.\n|\n|t:|1781392726\n|move|p1a: Abomasnow|Blizzard|p2a: Dragalge\n|-supereffective|p2a: Dragalge\n|-damage|p2a: Dragalge|78/258\n|move|p2a: Dragalge|Sludge Wave|p1a: Abomasnow\n|-supereffective|p1a: Abomasnow\n|-damage|p1a: Abomasnow|45/287\n|\n|-weather|Snowscape|[upkeep]\n|upkeep\n|turn|10\n|\n|t:|1781392744\n|switch|p2a: Chandelure|Chandelure, L83, M|235/235\n|move|p1a: Abomasnow|Blizzard|p2a: Chandelure\n|-resisted|p2a: Chandelure\n|-damage|p2a: Chandelure|183/235\n|\n|-weather|Snowscape|[upkeep]\n|upkeep\n|turn|11\n|\n|t:|1781392758\n|move|p2a: Chandelure|Shadow Ball|p1a: Abomasnow\n|-damage|p1a: Abomasnow|0 fnt\n|faint|p1a: Abomasnow\n|-damage|p2a: Chandelure|160/235|[from] item: Life Orb\n|\n|-weather|none\n|upkeep\n|\n|t:|1781392768\n|switch|p1a: Bisharp|Bisharp, L79, F|232/232\n|turn|12\n|\n|t:|1781392782\n|move|p2a: Chandelure|Fire Blast|p1a: Bisharp\n|-supereffective|p1a: Bisharp\n|-damage|p1a: Bisharp|71/232\n|-damage|p2a: Chandelure|137/235|[from] item: Life Orb\n|move|p1a: Bisharp|Swords Dance|p1a: Bisharp\n|-boost|p1a: Bisharp|atk|2\n|\n|upkeep\n|turn|13\n|\n|t:|1781392792\n|move|p1a: Bisharp|Sucker Punch|p2a: Chandelure\n|-supereffective|p2a: Chandelure\n|-damage|p2a: Chandelure|0 fnt\n|faint|p2a: Chandelure\n|\n|upkeep\n|inactive|Komplete-Rando has 30 seconds left.\n|\n|t:|1781392825\n|switch|p2a: Salamence|Salamence, L77, F|273/273\n|-ability|p2a: Salamence|Intimidate|boost\n|-unboost|p1a: Bisharp|atk|1\n|-ability|p1a: Bisharp|Defiant|boost\n|-boost|p1a: Bisharp|atk|2\n|turn|14\n|inactive|Komplete-Rando has 30 seconds left.\n|inactive|Komplete-Rando has 20 seconds left.\n|inactive|Komplete-Rando has 15 seconds left.\n|\n|t:|1781392847\n|move|p2a: Salamence|Outrage|p1a: Bisharp\n|-resisted|p1a: Bisharp\n|-damage|p1a: Bisharp|50/232\n|move|p1a: Bisharp|Iron Head|p2a: Salamence\n|-damage|p2a: Salamence|15/273\n|\n|upkeep\n|turn|15\n|inactive|Komplete-Rando has 25 seconds left this turn.\n|inactive|Komplete-Rando has 20 seconds left.\n|\n|t:|1781392854\n|move|p1a: Bisharp|Sucker Punch|p2a: Salamence\n|-damage|p2a: Salamence|0 fnt\n|faint|p2a: Salamence\n|\n|-sideend|p1: eonemora|move: Aurora Veil\n|upkeep\n|inactive|Komplete-Rando has 25 seconds left this turn.\n|inactive|Komplete-Rando has 20 seconds left.\n|\n|t:|1781392862\n|switch|p2a: Overqwil|Overqwil, L82, M|274/274\n|-ability|p2a: Overqwil|Intimidate|boost\n|-unboost|p1a: Bisharp|atk|1\n|-ability|p1a: Bisharp|Defiant|boost\n|-boost|p1a: Bisharp|atk|2\n|turn|16\n|inactive|Komplete-Rando has 30 seconds left this turn.\n|inactive|Komplete-Rando has 20 seconds left.\n|inactive|Komplete-Rando has 15 seconds left.\n|inactive|Komplete-Rando has 10 seconds left.\n|\n|t:|1781392883\n|move|p1a: Bisharp|Sucker Punch|p2a: Overqwil\n|-resisted|p2a: Overqwil\n|-damage|p2a: Overqwil|152/274\n|move|p2a: Overqwil|Scale Shot|p1a: Bisharp\n|-resisted|p1a: Bisharp\n|-damage|p1a: Bisharp|43/232\n|-resisted|p1a: Bisharp\n|-damage|p1a: Bisharp|36/232\n|-resisted|p1a: Bisharp\n|-damage|p1a: Bisharp|30/232\n|-resisted|p1a: Bisharp\n|-damage|p1a: Bisharp|23/232\n|-hitcount|p1a: Bisharp|4\n|-unboost|p2a: Overqwil|def|1\n|-boost|p2a: Overqwil|spe|1\n|\n|upkeep\n|turn|17\n|inactive|Komplete-Rando has 20 seconds left this turn.\n|inactive|Komplete-Rando has 15 seconds left.\n|inactive|Komplete-Rando has 10 seconds left.\n|\n|t:|1781392897\n|move|p1a: Bisharp|Sucker Punch|p2a: Overqwil\n|-resisted|p2a: Overqwil\n|-damage|p2a: Overqwil|0 fnt\n|faint|p2a: Overqwil\n|\n|upkeep\n|inactive|Komplete-Rando has 15 seconds left this turn.\n|inactive|Komplete-Rando has 10 seconds left.\n|\n|t:|1781392904\n|switch|p2a: Feraligatr|Feraligatr, L79, M|217/264\n|turn|18\n|inactive|Komplete-Rando has 20 seconds left this turn.\n|inactive|Komplete-Rando has 15 seconds left.\n|\n|t:|1781392913\n|move|p1a: Bisharp|Sucker Punch|p2a: Feraligatr\n|-damage|p2a: Feraligatr|0 fnt\n|faint|p2a: Feraligatr\n|\n|upkeep\n|inactive|Komplete-Rando has 20 seconds left this turn.\n|inactive|Komplete-Rando has 15 seconds left.\n|-message|Komplete-Rando forfeited.\n|\n|win|eonemora\n|raw|eonemora's rating: 1218 &rarr; <strong>1242</strong><br />(+24 for winning)\n|raw|Komplete-Rando's rating: 1200 &rarr; <strong>1176</strong><br />(-24 for losing)\n|l|\u2606Komplete-Rando\n|player|p2|\n", "inputlog": ">version a8376a258c1d4662feba110a92103f3664a72141\n>start {\"formatid\":\"gen9randombattle\",\"seed\":\"sodium,7636a3695249d97fc351677537346acf\",\"rated\":\"Rated battle\"}\n>player p1 {\"name\":\"eonemora\",\"avatar\":\"cynthia\",\"rating\":1193,\"seed\":\"sodium,b9ae81c506a3f8b0fca8099d3f68c98f\"}\n>player p2 {\"name\":\"Komplete-Rando\",\"avatar\":\"102\",\"rating\":1200,\"seed\":\"sodium,ce25140e578f3fc886ace2ecb44a4a81\"}\n>p1 move flamethrower terastallize\n>p2 move rapidspin\n>p1 switch 4\n>p2 move terablast\n>p1 move calmmind\n>p2 move terablast\n>p1 move wish\n>p2 switch 2\n>p1 switch 4\n>p2 move trick\n>p1 move hydrosteam\n>p2 switch 4\n>p1 switch 5\n>p2 move dragondance\n>p1 move auroraveil\n>p2 switch 3\n>p1 move blizzard\n>p2 move sludgewave\n>p1 move blizzard\n>p2 switch 4\n>p1 move earthquake\n>p2 move shadowball\n>p1 switch 6\n>p1 move swordsdance\n>p2 move fireblast\n>p1 move suckerpunch\n>p2 move fireblast\n>p2 switch 6\n>p1 move ironhead\n>p2 move outrage\n>p1 move suckerpunch\n>p2 move outrage\n>p2 switch 5\n>p1 move suckerpunch\n>p2 move scaleshot\n>p1 move suckerpunch\n>p2 move scaleshot\n>p2 switch 3\n>p1 move suckerpunch\n>p2 move liquidation\n>forcelose p2", "uploadtime": 1781392930, "views": 6, "formatid": "gen9randombattle", "rating": 1176, "private": 0, "password": null}