{"id": "gen9randombattle-2631928347", "format": "[Gen 9] Random Battle", "players": ["Pitt2022", "Lazzazzala"], "log": "|j|\u2606Pitt2022\n|j|\u2606Lazzazzala\n|t:|1781456616\n|gametype|singles\n|player|p1|Pitt2022|gentleman-gen4|1901\n|player|p2|Lazzazzala|1|2005\n|gen|9\n|tier|[Gen 9] Random Battle\n|rated|\n|rule|Species Clause: Limit one of each Pok\u00e9mon\n|rule|HP Percentage Mod: HP is shown in percentages\n|rule|Sleep Clause Mod: Limit one foe put to sleep\n|rule|Illusion Level Mod: Illusion disguises the Pok\u00e9mon's true level\n|\n|t:|1781456616\n|teamsize|p1|6\n|teamsize|p2|6\n|start\n|switch|p1a: Kricketune|Kricketune, L99, M|311/311\n|switch|p2a: Blissey|Blissey, L85, F|572/572\n|turn|1\n|inactive|Battle timer is ON: inactive players will automatically lose when time's up. (requested by Lazzazzala)\n|\n|t:|1781456630\n|switch|p2a: Articuno|Articuno, L86|295/295\n|-ability|p2a: Articuno|Pressure\n|move|p1a: Kricketune|Taunt|p2a: Articuno\n|-start|p2a: Articuno|move: Taunt\n|\n|upkeep\n|turn|2\n|\n|t:|1781456647\n|switch|p1a: Sudowoodo|Sudowoodo, L94, M|284/284\n|move|p2a: Articuno|Brave Bird|p1a: Sudowoodo\n|-resisted|p1a: Sudowoodo\n|-damage|p1a: Sudowoodo|242/284\n|-damage|p2a: Articuno|281/295|[from] Recoil\n|\n|-heal|p1a: Sudowoodo|259/284|[from] item: Leftovers\n|upkeep\n|turn|3\n|\n|t:|1781456657\n|switch|p2a: Zacian|Zacian-Crowned, L64|225/225\n|-ability|p2a: Zacian|Intrepid Sword|boost\n|-boost|p2a: Zacian|atk|1\n|move|p1a: Sudowoodo|Head Smash|p2a: Zacian\n|-resisted|p2a: Zacian\n|-damage|p2a: Zacian|123/225\n|\n|-heal|p1a: Sudowoodo|276/284|[from] item: Leftovers\n|upkeep\n|turn|4\n|\n|t:|1781456682\n|switch|p1a: Zamazenta|Zamazenta-Crowned, L68|238/238\n|-ability|p1a: Zamazenta|Dauntless Shield|boost\n|-boost|p1a: Zamazenta|def|1\n|move|p2a: Zacian|Behemoth Blade|p1a: Zamazenta\n|-resisted|p1a: Zamazenta\n|-damage|p1a: Zamazenta|202/238\n|\n|upkeep\n|turn|5\n|\n|t:|1781456703\n|move|p2a: Zacian|Close Combat|p1a: Zamazenta\n|-supereffective|p1a: Zamazenta\n|-damage|p1a: Zamazenta|80/238\n|-unboost|p2a: Zacian|def|1\n|-unboost|p2a: Zacian|spd|1\n|move|p1a: Zamazenta|Iron Defense|p1a: Zamazenta\n|-boost|p1a: Zamazenta|def|2\n|\n|upkeep\n|turn|6\n|\n|t:|1781456723\n|-terastallize|p1a: Zamazenta|Fighting\n|move|p2a: Zacian|Close Combat|p1a: Zamazenta\n|-damage|p1a: Zamazenta|46/238\n|-unboost|p2a: Zacian|def|1\n|-unboost|p2a: Zacian|spd|1\n|move|p1a: Zamazenta|Body Press|p2a: Zacian\n|-damage|p2a: Zacian|0 fnt\n|faint|p2a: Zacian\n|\n|upkeep\n|inactive|Lazzazzala has 120 seconds left.\n|\n|t:|1781456736\n|switch|p2a: Vikavolt|Vikavolt, L83, F|263/263\n|turn|7\n|inactive|Lazzazzala has 120 seconds left.\n|\n|t:|1781456746\n|move|p1a: Zamazenta|Body Press|p2a: Vikavolt\n|-resisted|p2a: Vikavolt\n|-damage|p2a: Vikavolt|137/263\n|move|p2a: Vikavolt|Volt Switch|p1a: Zamazenta\n|-damage|p1a: Zamazenta|0 fnt\n|faint|p1a: Zamazenta\n|\n|t:|1781456749\n|switch|p2a: Clawitzer|Clawitzer, L87, M|265/265|[from] Volt Switch\n|\n|upkeep\n|\n|t:|1781456775\n|switch|p1a: Oranguru|Oranguru, L92, M|315/315\n|turn|8\n|\n|t:|1781456782\n|move|p1a: Oranguru|Psyshock|p2a: Clawitzer\n|-damage|p2a: Clawitzer|138/265\n|move|p2a: Clawitzer|U-turn|p1a: Oranguru\n|-supereffective|p1a: Oranguru\n|-damage|p1a: Oranguru|233/315\n|\n|t:|1781456785\n|switch|p2a: Vikavolt|Vikavolt, L83, F|137/263|[from] U-turn\n|\n|upkeep\n|turn|9\n|\n|t:|1781456794\n|move|p1a: Oranguru|Psyshock|p2a: Vikavolt\n|-damage|p2a: Vikavolt|0 fnt\n|faint|p2a: Vikavolt\n|\n|upkeep\n|\n|t:|1781456798\n|switch|p2a: Articuno|Articuno, L86|281/295\n|-ability|p2a: Articuno|Pressure\n|turn|10\n|\n|t:|1781456804\n|switch|p1a: Sudowoodo|Sudowoodo, L94, M|276/284\n|move|p2a: Articuno|Brave Bird|p1a: Sudowoodo\n|-resisted|p1a: Sudowoodo\n|-damage|p1a: Sudowoodo|236/284\n|-damage|p2a: Articuno|268/295|[from] Recoil\n|\n|-heal|p1a: Sudowoodo|253/284|[from] item: Leftovers\n|upkeep\n|turn|11\n|\n|t:|1781456817\n|move|p2a: Articuno|Freeze-Dry|p1a: Sudowoodo\n|-damage|p1a: Sudowoodo|175/284\n|move|p1a: Sudowoodo|Head Smash|p2a: Articuno\n|-supereffective|p2a: Articuno\n|-damage|p2a: Articuno|0 fnt\n|faint|p2a: Articuno\n|\n|-heal|p1a: Sudowoodo|192/284|[from] item: Leftovers\n|upkeep\n|\n|t:|1781456821\n|switch|p2a: Dondozo|Dondozo, L78, M|362/362\n|turn|12\n|\n|t:|1781456849\n|switch|p1a: Oranguru|Oranguru, L92, M|233/315\n|move|p2a: Dondozo|Curse|p2a: Dondozo\n|-unboost|p2a: Dondozo|spe|1\n|-boost|p2a: Dondozo|atk|1\n|-boost|p2a: Dondozo|def|1\n|\n|upkeep\n|turn|13\n|\n|t:|1781456857\n|switch|p2a: Blissey|Blissey, L85, F|572/572\n|move|p1a: Oranguru|Trick|p2a: Blissey\n|-activate|p1a: Oranguru|move: Trick|[of] p2a: Blissey\n|-item|p2a: Blissey|Choice Specs|[from] move: Trick\n|-item|p1a: Oranguru|Leftovers|[from] move: Trick\n|\n|-heal|p1a: Oranguru|252/315|[from] item: Leftovers\n|upkeep\n|turn|14\n|\n|t:|1781456870\n|switch|p1a: Torterra|Torterra, L78, F|276/276\n|move|p2a: Blissey|Thunder Wave|p1a: Torterra\n|-immune|p1a: Torterra\n|\n|upkeep\n|turn|15\n|\n|t:|1781456877\n|switch|p2a: Dondozo|Dondozo, L78, M|362/362\n|move|p1a: Torterra|Shell Smash|p1a: Torterra\n|-unboost|p1a: Torterra|def|1\n|-unboost|p1a: Torterra|spd|1\n|-boost|p1a: Torterra|atk|2\n|-boost|p1a: Torterra|spa|2\n|-boost|p1a: Torterra|spe|2\n|\n|upkeep\n|turn|16\n|\n|t:|1781456885\n|-terastallize|p2a: Dondozo|Fairy\n|move|p1a: Torterra|Bullet Seed|p2a: Dondozo\n|-damage|p2a: Dondozo|338/362\n|-damage|p2a: Dondozo|316/362\n|-damage|p2a: Dondozo|295/362\n|-damage|p2a: Dondozo|271/362\n|-damage|p2a: Dondozo|249/362\n|-hitcount|p2a: Dondozo|5\n|move|p2a: Dondozo|Curse|p2a: Dondozo\n|-unboost|p2a: Dondozo|spe|1\n|-boost|p2a: Dondozo|atk|1\n|-boost|p2a: Dondozo|def|1\n|\n|-heal|p2a: Dondozo|271/362|[from] item: Leftovers\n|upkeep\n|turn|17\n|\n|t:|1781456905\n|switch|p1a: Kricketune|Kricketune, L99, M|311/311\n|move|p2a: Dondozo|Curse|p2a: Dondozo\n|-unboost|p2a: Dondozo|spe|1\n|-boost|p2a: Dondozo|atk|1\n|-boost|p2a: Dondozo|def|1\n|\n|-heal|p2a: Dondozo|293/362|[from] item: Leftovers\n|upkeep\n|turn|18\n|\n|t:|1781456916\n|move|p1a: Kricketune|Taunt|p2a: Dondozo\n|-start|p2a: Dondozo|move: Taunt\n|move|p2a: Dondozo|Wave Crash|p1a: Kricketune\n|-damage|p1a: Kricketune|49/311\n|-damage|p2a: Dondozo|207/362|[from] Recoil\n|\n|-heal|p2a: Dondozo|229/362|[from] item: Leftovers\n|upkeep\n|turn|19\n|\n|t:|1781456925\n|move|p1a: Kricketune|Knock Off|p2a: Dondozo\n|-resisted|p2a: Dondozo\n|-damage|p2a: Dondozo|209/362\n|-enditem|p2a: Dondozo|Leftovers|[from] move: Knock Off|[of] p1a: Kricketune\n|move|p2a: Dondozo|Wave Crash|p1a: Kricketune\n|-damage|p1a: Kricketune|0 fnt\n|faint|p1a: Kricketune\n|-damage|p2a: Dondozo|193/362|[from] Recoil\n|\n|upkeep\n|\n|t:|1781456933\n|switch|p1a: Oranguru|Oranguru, L92, M|252/315\n|turn|20\n|\n|t:|1781456939\n|switch|p2a: Blissey|Blissey, L85, F|572/572\n|move|p1a: Oranguru|Hyper Voice|p2a: Blissey\n|-damage|p2a: Blissey|502/572\n|\n|-heal|p1a: Oranguru|271/315|[from] item: Leftovers\n|upkeep\n|turn|21\n|\n|t:|1781456950\n|switch|p1a: Torterra|Torterra, L78, F|276/276\n|move|p2a: Blissey|Seismic Toss|p1a: Torterra\n|-damage|p1a: Torterra|191/276\n|\n|upkeep\n|turn|22\n|\n|t:|1781456959\n|move|p2a: Blissey|Seismic Toss|p1a: Torterra\n|-damage|p1a: Torterra|106/276\n|move|p1a: Torterra|Headlong Rush|p2a: Blissey\n|-damage|p2a: Blissey|148/572\n|-unboost|p1a: Torterra|def|1\n|-unboost|p1a: Torterra|spd|1\n|\n|upkeep\n|turn|23\n|\n|t:|1781456969\n|switch|p1a: Luvdisc|Luvdisc, M|247/247\n|move|p2a: Blissey|Seismic Toss|p1a: Luvdisc\n|-damage|p1a: Luvdisc|162/247\n|\n|upkeep\n|turn|24\n|\n|t:|1781456985\n|move|p1a: Luvdisc|Flip Turn|p2a: Blissey\n|-damage|p2a: Blissey|28/572\n|\n|t:|1781456992\n|switch|p1a: Sudowoodo|Sudowoodo, L94, M|192/284|[from] Flip Turn\n|move|p2a: Blissey|Seismic Toss|p1a: Sudowoodo\n|-damage|p1a: Sudowoodo|107/284\n|\n|-heal|p1a: Sudowoodo|124/284|[from] item: Leftovers\n|upkeep\n|turn|25\n|\n|t:|1781457004\n|move|p2a: Blissey|Seismic Toss|p1a: Sudowoodo\n|-damage|p1a: Sudowoodo|39/284\n|move|p1a: Sudowoodo|Wood Hammer|p2a: Blissey\n|-damage|p2a: Blissey|0 fnt\n|faint|p2a: Blissey\n|\n|-heal|p1a: Sudowoodo|56/284|[from] item: Leftovers\n|upkeep\n|\n|t:|1781457007\n|switch|p2a: Clawitzer|Clawitzer, L87, M|138/265\n|turn|26\n|\n|t:|1781457014\n|move|p2a: Clawitzer|Water Pulse|p1a: Sudowoodo\n|-supereffective|p1a: Sudowoodo\n|-damage|p1a: Sudowoodo|0 fnt\n|faint|p1a: Sudowoodo\n|\n|upkeep\n|\n|t:|1781457019\n|switch|p1a: Oranguru|Oranguru, L92, M|271/315\n|turn|27\n|\n|t:|1781457025\n|move|p1a: Oranguru|Thunderbolt|p2a: Clawitzer\n|-supereffective|p2a: Clawitzer\n|-damage|p2a: Clawitzer|46/265\n|move|p2a: Clawitzer|U-turn|p1a: Oranguru\n|-supereffective|p1a: Oranguru\n|-damage|p1a: Oranguru|187/315\n|\n|t:|1781457028\n|switch|p2a: Dondozo|Dondozo, L78, M, tera:Fairy|193/362|[from] U-turn\n|\n|-heal|p1a: Oranguru|206/315|[from] item: Leftovers\n|upkeep\n|turn|28\n|\n|t:|1781457035\n|move|p1a: Oranguru|Hyper Voice|p2a: Dondozo\n|-damage|p2a: Dondozo|42/362\n|move|p2a: Dondozo|Rest|p2a: Dondozo\n|-status|p2a: Dondozo|slp|[from] move: Rest\n|-heal|p2a: Dondozo|362/362 slp|[silent]\n|\n|-heal|p1a: Oranguru|225/315|[from] item: Leftovers\n|upkeep\n|turn|29\n|\n|t:|1781457044\n|move|p1a: Oranguru|Hyper Voice|p2a: Dondozo\n|-damage|p2a: Dondozo|212/362 slp\n|cant|p2a: Dondozo|slp\n|move|p2a: Dondozo|Sleep Talk|p2a: Dondozo\n|move|p2a: Dondozo|Wave Crash|p1a: Oranguru|[from] move: Sleep Talk\n|-damage|p1a: Oranguru|111/315\n|-damage|p2a: Dondozo|174/362 slp|[from] Recoil\n|\n|-heal|p1a: Oranguru|130/315|[from] item: Leftovers\n|upkeep\n|turn|30\n|\n|t:|1781457057\n|move|p1a: Oranguru|Hyper Voice|p2a: Dondozo\n|-damage|p2a: Dondozo|26/362 slp\n|cant|p2a: Dondozo|slp\n|\n|-heal|p1a: Oranguru|149/315|[from] item: Leftovers\n|upkeep\n|turn|31\n|-message|Lazzazzala forfeited.\n|\n|win|Pitt2022\n", "inputlog": ">version a8376a258c1d4662feba110a92103f3664a72141\n>start {\"formatid\":\"gen9randombattle\",\"seed\":\"sodium,63842eb7c90eb0409555f23b10e28aeb\",\"rated\":\"Rated battle\"}\n>player p1 {\"name\":\"Pitt2022\",\"avatar\":\"gentleman-gen4\",\"rating\":1901,\"seed\":\"sodium,a671939000a9cd8ccda782bfe2548aef\"}\n>player p2 {\"name\":\"Lazzazzala\",\"avatar\":\"1\",\"rating\":2005,\"seed\":\"sodium,26ff98432e137ec3d371363fe67b6cf3\"}\n>p1 move taunt\n>p2 switch 2\n>p1 switch 4\n>p2 move bravebird\n>p1 move headsmash\n>p2 switch 3\n>p1 switch 2\n>p2 move behemothblade\n>p1 move irondefense\n>p2 move closecombat\n>p1 move bodypress terastallize\n>p2 move closecombat\n>p2 switch 6\n>p1 move bodypress\n>p2 move voltswitch\n>p2 switch 4\n>p1 switch 6\n>p1 move psyshock\n>p2 move uturn\n>p2 switch 4\n>p1 move psyshock\n>p2 move bugbuzz\n>p2 switch 3\n>p1 switch 2\n>p2 move bravebird\n>p1 move headsmash\n>p2 move freezedry\n>p2 switch 5\n>p1 switch 2\n>p2 move curse\n>p1 move trick\n>p2 switch 2\n>p1 switch 3\n>p2 move thunderwave\n>p1 move shellsmash\n>p2 switch 2\n>p1 move bulletseed\n>p2 move curse terastallize\n>p1 switch 4\n>p2 move curse\n>p1 move taunt\n>p2 move wavecrash\n>p1 move knockoff\n>p2 move wavecrash\n>p1 switch 3\n>p1 move hypervoice\n>p2 switch 2\n>p1 switch 4\n>p2 move seismictoss\n>p1 move headlongrush\n>p2 move seismictoss\n>p1 switch 5\n>p2 move seismictoss\n>p1 move flipturn\n>p2 move seismictoss\n>p1 switch 2\n>p1 move woodhammer\n>p2 move seismictoss\n>p2 switch 4\n>p1 move woodhammer\n>p2 move waterpulse\n>p1 switch 4\n>p1 move thunderbolt\n>p2 move uturn\n>p2 switch 2\n>p1 move hypervoice\n>p2 move rest\n>p1 move hypervoice\n>p2 move sleeptalk\n>p1 move hypervoice\n>p2 move rest\n>forcelose p2", "uploadtime": 1781456618, "views": 4, "formatid": "gen9randombattle", "rating": null, "private": 0, "password": null}