{"id": "gen9randombattle-2631549987", "format": "[Gen 9] Random Battle", "players": ["adalgoudil", "xdxdxd333"], "log": "|j|\u2606adalgoudil\n|j|\u2606xdxdxd333\n|t:|1781399968\n|gametype|singles\n|player|p1|adalgoudil|2|2157\n|player|p2|xdxdxd333|102|2115\n|gen|9\n|tier|[Gen 9] Random Battle\n|rated|\n|rule|Species Clause: Limit one of each Pok\u00e9mon\n|rule|HP Percentage Mod: HP is shown in percentages\n|rule|Sleep Clause Mod: Limit one foe put to sleep\n|rule|Illusion Level Mod: Illusion disguises the Pok\u00e9mon's true level\n|\n|t:|1781399968\n|teamsize|p1|6\n|teamsize|p2|6\n|start\n|switch|p1a: Rillaboom|Rillaboom, L79, F|288/288\n|switch|p2a: Salamence|Salamence, L77, F|273/273\n|-ability|p2a: Salamence|Intimidate|boost\n|-unboost|p1a: Rillaboom|atk|1\n|-fieldstart|move: Grassy Terrain|[from] ability: Grassy Surge|[of] p1a: Rillaboom\n|turn|1\n|inactive|Battle timer is ON: inactive players will automatically lose when time's up. (requested by xdxdxd333)\n|\n|t:|1781399989\n|switch|p1a: Pachirisu|Pachirisu, L96, F|271/271\n|move|p2a: Salamence|Dual Wingbeat|p1a: Pachirisu\n|-resisted|p1a: Pachirisu\n|-damage|p1a: Pachirisu|248/271\n|-resisted|p1a: Pachirisu\n|-damage|p1a: Pachirisu|224/271\n|-hitcount|p1a: Pachirisu|2\n|\n|-heal|p1a: Pachirisu|240/271|[from] Grassy Terrain\n|upkeep\n|turn|2\n|\n|t:|1781399998\n|switch|p2a: Diancie|Diancie, L82|216/216\n|move|p1a: Pachirisu|Super Fang|p2a: Diancie\n|-damage|p2a: Diancie|108/216\n|\n|-heal|p1a: Pachirisu|256/271|[from] Grassy Terrain\n|-heal|p2a: Diancie|121/216|[from] Grassy Terrain\n|-heal|p2a: Diancie|134/216|[from] item: Leftovers\n|upkeep\n|turn|3\n|\n|t:|1781400025\n|move|p1a: Pachirisu|U-turn|p2a: Diancie\n|-resisted|p2a: Diancie\n|-damage|p2a: Diancie|122/216\n|\n|t:|1781400029\n|switch|p1a: Annihilape|Annihilape, L76, F|292/292|[from] U-turn\n|move|p2a: Diancie|Diamond Storm|p1a: Annihilape\n|-resisted|p1a: Annihilape\n|-damage|p1a: Annihilape|229/292\n|-boost|p2a: Diancie|def|2\n|\n|-heal|p1a: Annihilape|247/292|[from] Grassy Terrain\n|-heal|p2a: Diancie|135/216|[from] Grassy Terrain\n|-heal|p2a: Diancie|148/216|[from] item: Leftovers\n|upkeep\n|turn|4\n|\n|t:|1781400042\n|move|p1a: Annihilape|Bulk Up|p1a: Annihilape\n|-boost|p1a: Annihilape|atk|1\n|-boost|p1a: Annihilape|def|1\n|move|p2a: Diancie|Calm Mind|p2a: Diancie\n|-boost|p2a: Diancie|spa|1\n|-boost|p2a: Diancie|spd|1\n|\n|-heal|p1a: Annihilape|265/292|[from] Grassy Terrain\n|-heal|p2a: Diancie|161/216|[from] Grassy Terrain\n|-heal|p2a: Diancie|174/216|[from] item: Leftovers\n|upkeep\n|turn|5\n|\n|t:|1781400049\n|move|p1a: Annihilape|Drain Punch|p2a: Diancie\n|-damage|p2a: Diancie|132/216\n|-heal|p1a: Annihilape|286/292|[from] drain|[of] p2a: Diancie\n|move|p2a: Diancie|Draining Kiss|p1a: Annihilape\n|-supereffective|p1a: Annihilape\n|-damage|p1a: Annihilape|110/292\n|-heal|p2a: Diancie|216/216|[from] drain|[of] p1a: Annihilape\n|\n|-heal|p1a: Annihilape|128/292|[from] Grassy Terrain\n|-fieldend|move: Grassy Terrain\n|upkeep\n|turn|6\n|\n|t:|1781400062\n|-terastallize|p1a: Annihilape|Water\n|move|p1a: Annihilape|Rest|p1a: Annihilape\n|-status|p1a: Annihilape|slp|[from] move: Rest\n|-heal|p1a: Annihilape|292/292 slp|[silent]\n|-enditem|p1a: Annihilape|Chesto Berry|[eat]\n|-curestatus|p1a: Annihilape|slp|[msg]\n|move|p2a: Diancie|Calm Mind|p2a: Diancie\n|-boost|p2a: Diancie|spa|1\n|-boost|p2a: Diancie|spd|1\n|\n|upkeep\n|turn|7\n|inactive|xdxdxd333 has 120 seconds left.\n|\n|t:|1781400103\n|move|p1a: Annihilape|Rage Fist|p2a: Diancie\n|-damage|p2a: Diancie|138/216\n|move|p2a: Diancie|Calm Mind|p2a: Diancie\n|-boost|p2a: Diancie|spa|1\n|-boost|p2a: Diancie|spd|1\n|\n|-heal|p2a: Diancie|151/216|[from] item: Leftovers\n|upkeep\n|turn|8\n|\n|t:|1781400112\n|move|p1a: Annihilape|Rage Fist|p2a: Diancie\n|-damage|p2a: Diancie|75/216\n|move|p2a: Diancie|Draining Kiss|p1a: Annihilape\n|-damage|p1a: Annihilape|159/292\n|-heal|p2a: Diancie|175/216|[from] drain|[of] p1a: Annihilape\n|\n|-heal|p2a: Diancie|188/216|[from] item: Leftovers\n|upkeep\n|turn|9\n|inactive|xdxdxd333 has 120 seconds left.\n|\n|t:|1781400122\n|-terastallize|p2a: Diancie|Fairy\n|move|p1a: Annihilape|Rage Fist|p2a: Diancie\n|-damage|p2a: Diancie|83/216\n|move|p2a: Diancie|Draining Kiss|p1a: Annihilape\n|-damage|p1a: Annihilape|0 fnt\n|-heal|p2a: Diancie|202/216|[from] drain|[of] p1a: Annihilape\n|faint|p1a: Annihilape\n|\n|-heal|p2a: Diancie|215/216|[from] item: Leftovers\n|upkeep\n|\n|t:|1781400131\n|switch|p1a: Pachirisu|Pachirisu, L96, F|256/271\n|turn|10\n|\n|t:|1781400134\n|move|p1a: Pachirisu|Discharge|p2a: Diancie\n|-damage|p2a: Diancie|196/216\n|-status|p2a: Diancie|par\n|move|p2a: Diancie|Earth Power|p1a: Pachirisu\n|-supereffective|p1a: Pachirisu\n|-damage|p1a: Pachirisu|6/271\n|\n|-heal|p2a: Diancie|209/216 par|[from] item: Leftovers\n|upkeep\n|turn|11\n|\n|t:|1781400140\n|move|p1a: Pachirisu|Encore|p2a: Diancie\n|-start|p2a: Diancie|Encore\n|move|p2a: Diancie|Earth Power|p1a: Pachirisu\n|-supereffective|p1a: Pachirisu\n|-damage|p1a: Pachirisu|0 fnt\n|faint|p1a: Pachirisu\n|\n|-heal|p2a: Diancie|216/216 par|[from] item: Leftovers\n|upkeep\n|\n|t:|1781400142\n|switch|p1a: Dodrio|Dodrio, L85, M|241/241\n|turn|12\n|\n|t:|1781400148\n|switch|p2a: Salamence|Salamence, L77, F|273/273\n|-ability|p2a: Salamence|Intimidate|boost\n|-unboost|p1a: Dodrio|atk|1\n|move|p1a: Dodrio|Swords Dance|p1a: Dodrio\n|-boost|p1a: Dodrio|atk|2\n|\n|upkeep\n|turn|13\n|\n|t:|1781400157\n|move|p1a: Dodrio|Brave Bird|p2a: Salamence\n|-damage|p2a: Salamence|9/273\n|-damage|p1a: Dodrio|154/241|[from] Recoil\n|move|p2a: Salamence|Dragon Dance|p2a: Salamence\n|-boost|p2a: Salamence|atk|1\n|-boost|p2a: Salamence|spe|1\n|\n|upkeep\n|turn|14\n|\n|t:|1781400161\n|switch|p1a: Arcanine|Arcanine, L84, F|288/288\n|-ability|p1a: Arcanine|Intimidate|boost\n|-unboost|p2a: Salamence|atk|1\n|move|p2a: Salamence|Dual Wingbeat|p1a: Arcanine\n|-damage|p1a: Arcanine|240/288\n|-damage|p1a: Arcanine|192/288\n|-hitcount|p1a: Arcanine|2\n|\n|upkeep\n|turn|15\n|\n|t:|1781400169\n|move|p1a: Arcanine|Extreme Speed|p2a: Salamence\n|-damage|p2a: Salamence|0 fnt\n|faint|p2a: Salamence\n|\n|upkeep\n|\n|t:|1781400174\n|switch|p2a: Primarina|Primarina, L83, M|268/268\n|turn|16\n|\n|t:|1781400199\n|switch|p1a: Rillaboom|Rillaboom, L79, F|288/288\n|-fieldstart|move: Grassy Terrain|[from] ability: Grassy Surge|[of] p1a: Rillaboom\n|switch|p2a: Salazzle|Salazzle, L83, F|249/249\n|\n|upkeep\n|turn|17\n|\n|t:|1781400207\n|move|p2a: Salazzle|Substitute|p2a: Salazzle\n|-start|p2a: Salazzle|Substitute\n|-damage|p2a: Salazzle|187/249\n|move|p1a: Rillaboom|High Horsepower|p2a: Salazzle\n|-supereffective|p2a: Salazzle\n|-end|p2a: Salazzle|Substitute\n|\n|-heal|p2a: Salazzle|202/249|[from] Grassy Terrain\n|-heal|p2a: Salazzle|217/249|[from] item: Leftovers\n|upkeep\n|turn|18\n|\n|t:|1781400215\n|move|p2a: Salazzle|Protect|p2a: Salazzle\n|-singleturn|p2a: Salazzle|Protect\n|move|p1a: Rillaboom|High Horsepower|p2a: Salazzle\n|-activate|p2a: Salazzle|move: Protect\n|\n|-heal|p2a: Salazzle|232/249|[from] Grassy Terrain\n|-heal|p2a: Salazzle|247/249|[from] item: Leftovers\n|upkeep\n|turn|19\n|\n|t:|1781400226\n|switch|p2a: Latias|Latias, L79, F|256/256\n|move|p1a: Rillaboom|High Horsepower|p2a: Latias\n|-immune|p2a: Latias|[from] ability: Levitate\n|\n|upkeep\n|turn|20\n|\n|t:|1781400234\n|switch|p1a: Vigoroth|Vigoroth, L85, M|275/275\n|move|p2a: Latias|Draco Meteor|p1a: Vigoroth\n|-damage|p1a: Vigoroth|136/275\n|-unboost|p2a: Latias|spa|2\n|\n|-heal|p1a: Vigoroth|153/275|[from] Grassy Terrain\n|-fieldend|move: Grassy Terrain\n|upkeep\n|turn|21\n|\n|t:|1781400245\n|switch|p2a: Salazzle|Salazzle, L83, F|247/249\n|move|p1a: Vigoroth|Knock Off|p2a: Salazzle\n|-damage|p2a: Salazzle|158/249\n|-enditem|p2a: Salazzle|Leftovers|[from] move: Knock Off|[of] p1a: Vigoroth\n|\n|upkeep\n|turn|22\n|\n|t:|1781400253\n|move|p2a: Salazzle|Toxic|p1a: Vigoroth\n|-status|p1a: Vigoroth|tox\n|move|p1a: Vigoroth|Body Slam|p2a: Salazzle\n|-damage|p2a: Salazzle|58/249\n|\n|-damage|p1a: Vigoroth|136/275 tox|[from] psn\n|upkeep\n|turn|23\n|\n|t:|1781400260\n|move|p2a: Salazzle|Protect|p2a: Salazzle\n|-singleturn|p2a: Salazzle|Protect\n|move|p1a: Vigoroth|Body Slam|p2a: Salazzle\n|-activate|p2a: Salazzle|move: Protect\n|\n|-damage|p1a: Vigoroth|102/275 tox|[from] psn\n|upkeep\n|turn|24\n|\n|t:|1781400266\n|switch|p2a: Diancie|Diancie, L82, tera:Fairy|216/216 par\n|move|p1a: Vigoroth|Body Slam|p2a: Diancie\n|-damage|p2a: Diancie|159/216 par\n|\n|-heal|p2a: Diancie|172/216 par|[from] item: Leftovers\n|-damage|p1a: Vigoroth|51/275 tox|[from] psn\n|upkeep\n|turn|25\n|\n|t:|1781400277\n|switch|p2a: Salazzle|Salazzle, L83, F|58/249\n|move|p1a: Vigoroth|Knock Off|p2a: Salazzle\n|-damage|p2a: Salazzle|0 fnt\n|faint|p2a: Salazzle\n|\n|-damage|p1a: Vigoroth|0 fnt|[from] psn\n|faint|p1a: Vigoroth\n|upkeep\n|\n|t:|1781400290\n|switch|p2a: Diancie|Diancie, L82, tera:Fairy|172/216 par\n|switch|p1a: Rillaboom|Rillaboom, L79, F|288/288\n|-fieldstart|move: Grassy Terrain|[from] ability: Grassy Surge|[of] p1a: Rillaboom\n|turn|26\n|\n|t:|1781400297\n|move|p1a: Rillaboom|Wood Hammer|p2a: Diancie\n|-damage|p2a: Diancie|1/216 par\n|-damage|p1a: Rillaboom|232/288|[from] Recoil\n|move|p2a: Diancie|Draining Kiss|p1a: Rillaboom\n|-damage|p1a: Rillaboom|132/288\n|-heal|p2a: Diancie|76/216 par|[from] drain|[of] p1a: Rillaboom\n|\n|-heal|p1a: Rillaboom|150/288|[from] Grassy Terrain\n|-heal|p2a: Diancie|89/216 par|[from] Grassy Terrain\n|-heal|p2a: Diancie|102/216 par|[from] item: Leftovers\n|upkeep\n|turn|27\n|\n|t:|1781400304\n|move|p1a: Rillaboom|Wood Hammer|p2a: Diancie\n|-damage|p2a: Diancie|0 fnt\n|faint|p2a: Diancie\n|-damage|p1a: Rillaboom|116/288|[from] Recoil\n|\n|-heal|p1a: Rillaboom|134/288|[from] Grassy Terrain\n|upkeep\n|\n|t:|1781400307\n|switch|p2a: Lilligant|Lilligant-Hisui, L79, F|240/240\n|turn|28\n|\n|t:|1781400314\n|switch|p1a: Arcanine|Arcanine, L84, F|192/288\n|-ability|p1a: Arcanine|Intimidate|boost\n|-unboost|p2a: Lilligant|atk|1\n|move|p2a: Lilligant|Victory Dance|p2a: Lilligant\n|-boost|p2a: Lilligant|atk|1\n|-boost|p2a: Lilligant|def|1\n|-boost|p2a: Lilligant|spe|1\n|\n|-heal|p1a: Arcanine|210/288|[from] Grassy Terrain\n|upkeep\n|turn|29\n|\n|t:|1781400319\n|move|p2a: Lilligant|Close Combat|p1a: Arcanine\n|-damage|p1a: Arcanine|0 fnt\n|-unboost|p2a: Lilligant|def|1\n|-unboost|p2a: Lilligant|spd|1\n|faint|p1a: Arcanine\n|-damage|p2a: Lilligant|216/240|[from] item: Life Orb\n|\n|-heal|p2a: Lilligant|231/240|[from] Grassy Terrain\n|upkeep\n|\n|t:|1781400323\n|switch|p1a: Dodrio|Dodrio, L85, M|154/241\n|turn|30\n|\n|t:|1781400327\n|move|p2a: Lilligant|Ice Spinner|p1a: Dodrio\n|-supereffective|p1a: Dodrio\n|-damage|p1a: Dodrio|0 fnt\n|-fieldend|move: Grassy Terrain\n|faint|p1a: Dodrio\n|-damage|p2a: Lilligant|207/240|[from] item: Life Orb\n|\n|upkeep\n|\n|t:|1781400329\n|switch|p1a: Rillaboom|Rillaboom, L79, F|134/288\n|-fieldstart|move: Grassy Terrain|[from] ability: Grassy Surge|[of] p1a: Rillaboom\n|turn|31\n|\n|t:|1781400333\n|move|p1a: Rillaboom|Grassy Glide|p2a: Lilligant\n|-resisted|p2a: Lilligant\n|-damage|p2a: Lilligant|136/240\n|move|p2a: Lilligant|Ice Spinner|p1a: Rillaboom|[miss]\n|-miss|p2a: Lilligant|p1a: Rillaboom\n|\n|-heal|p2a: Lilligant|151/240|[from] Grassy Terrain\n|-heal|p1a: Rillaboom|152/288|[from] Grassy Terrain\n|upkeep\n|turn|32\n|\n|t:|1781400336\n|move|p1a: Rillaboom|Grassy Glide|p2a: Lilligant\n|-resisted|p2a: Lilligant\n|-damage|p2a: Lilligant|73/240\n|move|p2a: Lilligant|Ice Spinner|p1a: Rillaboom|[miss]\n|-miss|p2a: Lilligant|p1a: Rillaboom\n|\n|-heal|p2a: Lilligant|88/240|[from] Grassy Terrain\n|-heal|p1a: Rillaboom|170/288|[from] Grassy Terrain\n|upkeep\n|turn|33\n|\n|t:|1781400338\n|move|p1a: Rillaboom|Grassy Glide|p2a: Lilligant\n|-resisted|p2a: Lilligant\n|-damage|p2a: Lilligant|16/240\n|move|p2a: Lilligant|Ice Spinner|p1a: Rillaboom|[miss]\n|-miss|p2a: Lilligant|p1a: Rillaboom\n|\n|-heal|p2a: Lilligant|31/240|[from] Grassy Terrain\n|-heal|p1a: Rillaboom|188/288|[from] Grassy Terrain\n|upkeep\n|turn|34\n|\n|t:|1781400345\n|move|p1a: Rillaboom|Grassy Glide|p2a: Lilligant\n|-resisted|p2a: Lilligant\n|-damage|p2a: Lilligant|0 fnt\n|faint|p2a: Lilligant\n|\n|-heal|p1a: Rillaboom|206/288|[from] Grassy Terrain\n|upkeep\n|\n|t:|1781400347\n|switch|p2a: Latias|Latias, L79, F|256/256\n|turn|35\n|\n|t:|1781400351\n|move|p1a: Rillaboom|Grassy Glide|p2a: Latias\n|-resisted|p2a: Latias\n|-damage|p2a: Latias|195/256\n|move|p2a: Latias|Calm Mind|p2a: Latias\n|-boost|p2a: Latias|spa|1\n|-boost|p2a: Latias|spd|1\n|\n|-heal|p1a: Rillaboom|224/288|[from] Grassy Terrain\n|-fieldend|move: Grassy Terrain\n|upkeep\n|turn|36\n|\n|t:|1781400354\n|move|p2a: Latias|Calm Mind|p2a: Latias\n|-boost|p2a: Latias|spa|1\n|-boost|p2a: Latias|spd|1\n|move|p1a: Rillaboom|Grassy Glide|p2a: Latias\n|-resisted|p2a: Latias\n|-damage|p2a: Latias|143/256\n|\n|upkeep\n|turn|37\n|\n|t:|1781400357\n|move|p2a: Latias|Recover|p2a: Latias\n|-heal|p2a: Latias|256/256\n|move|p1a: Rillaboom|Grassy Glide|p2a: Latias\n|-resisted|p2a: Latias\n|-damage|p2a: Latias|211/256\n|\n|upkeep\n|turn|38\n|\n|t:|1781400359\n|move|p2a: Latias|Calm Mind|p2a: Latias\n|-boost|p2a: Latias|spa|1\n|-boost|p2a: Latias|spd|1\n|move|p1a: Rillaboom|Grassy Glide|p2a: Latias\n|-resisted|p2a: Latias\n|-damage|p2a: Latias|162/256\n|\n|upkeep\n|turn|39\n|\n|t:|1781400360\n|move|p2a: Latias|Psyshock|p1a: Rillaboom\n|-damage|p1a: Rillaboom|0 fnt\n|faint|p1a: Rillaboom\n|\n|win|xdxdxd333\n", "inputlog": ">version a8376a258c1d4662feba110a92103f3664a72141\n>start {\"formatid\":\"gen9randombattle\",\"seed\":\"sodium,b26b68541bb414f7b9f7addd9e30b8a2\",\"rated\":\"Rated battle\"}\n>player p1 {\"name\":\"adalgoudil\",\"avatar\":\"2\",\"rating\":2157,\"seed\":\"sodium,9f2fe29d41a12bf5f3d4c7e896accec6\"}\n>player p2 {\"name\":\"xdxdxd333\",\"avatar\":\"102\",\"rating\":2115,\"seed\":\"sodium,e59bc705e13d1faeafe7439fc1f2a7a7\"}\n>p1 switch 5\n>p2 move dualwingbeat\n>p1 move superfang\n>p2 switch 6\n>p1 move uturn\n>p2 move diamondstorm\n>p1 switch 6\n>p1 move bulkup\n>p2 move calmmind\n>p1 move drainpunch\n>p2 move drainingkiss\n>p1 move rest terastallize\n>p2 move calmmind\n>p1 move ragefist\n>p2 move calmmind\n>p1 move ragefist\n>p2 move drainingkiss\n>p1 move ragefist\n>p2 move drainingkiss terastallize\n>p1 switch 6\n>p1 move discharge\n>p2 move earthpower\n>p1 move encore\n>p2 move drainingkiss\n>p1 switch 3\n>p1 move swordsdance\n>p2 switch 6\n>p1 move bravebird\n>p2 move dragondance\n>p1 switch 4\n>p2 move dualwingbeat\n>p1 move extremespeed\n>p2 move outrage\n>p2 switch 5\n>p1 switch 5\n>p2 switch 4\n>p1 move highhorsepower\n>p2 move substitute\n>p1 move highhorsepower\n>p2 move protect\n>p1 move highhorsepower\n>p2 switch 3\n>p1 switch 2\n>p2 move dracometeor\n>p1 move knockoff\n>p2 switch 3\n>p1 move bodyslam\n>p2 move toxic\n>p1 move bodyslam\n>p2 move protect\n>p1 move bodyslam\n>p2 switch 6\n>p1 move knockoff\n>p2 switch 6\n>p1 switch 2\n>p2 switch 6\n>p1 move woodhammer\n>p2 move drainingkiss\n>p1 move woodhammer\n>p2 move drainingkiss\n>p2 switch 2\n>p1 switch 5\n>p2 move victorydance\n>p1 move roar\n>p2 move closecombat\n>p1 switch 4\n>p1 move bravebird\n>p2 move icespinner\n>p1 switch 5\n>p1 move grassyglide\n>p2 move icespinner\n>p1 move grassyglide\n>p2 move icespinner\n>p1 move grassyglide\n>p2 move icespinner\n>p1 move grassyglide\n>p2 move icespinner\n>p2 switch 3\n>p1 move grassyglide\n>p2 move calmmind\n>p1 move grassyglide\n>p2 move calmmind\n>p1 move grassyglide\n>p2 move recover\n>p1 move grassyglide\n>p2 move calmmind\n>p1 move grassyglide\n>p2 move psyshock", "uploadtime": 1781399970, "views": 5, "formatid": "gen9randombattle", "rating": null, "private": 0, "password": null, "player_dets": [{"name": "adalgoudil", "avatar": "2", "rating": 2157, "seed": "sodium,9f2fe29d41a12bf5f3d4c7e896accec6"}, {"name": "xdxdxd333", "avatar": "102", "rating": 2115, "seed": "sodium,e59bc705e13d1faeafe7439fc1f2a7a7"}], "teams_full": [{"Rillaboom": {"name": "Rillaboom", "species": "Rillaboom", "speciesId": "rillaboom", "gender": "F", "shiny": false, "level": 79, "moves": ["grassyglide", "uturn", "woodhammer", "highhorsepower"], "ability": "Grassy Surge", "evs": {"hp": 85, "atk": 85, "def": 85, "spa": 85, "spd": 85, "spe": 85}, "ivs": {"hp": 31, "atk": 31, "def": 31, "spa": 31, "spd": 31, "spe": 31}, "item": "Choice Band", "teraType": "Grass", "role": "Fast Attacker", "bvs": {"hp": 100, "atk": 125, "def": 90, "spa": 60, "spd": 70, "spe": 85}, "stats": {"hp": 288, "atk": 243, "def": 188, "spa": 140, "spd": 156, "spe": 180}}, "Vigoroth": {"name": "Vigoroth", "species": "Vigoroth", "speciesId": "vigoroth", "gender": "M", "shiny": false, "level": 85, "moves": ["bulkup", "bodyslam", "slackoff", "knockoff"], "ability": "Vital Spirit", "evs": {"hp": 85, "atk": 85, "def": 85, "spa": 85, "spd": 85, "spe": 85}, "ivs": {"hp": 31, "atk": 31, "def": 31, "spa": 31, "spd": 31, "spe": 31}, "item": "Eviolite", "teraType": "Ghost", "role": "Bulky Setup", "bvs": {"hp": 80, "atk": 80, "def": 80, "spa": 55, "spd": 55, "spe": 90}, "stats": {"hp": 275, "atk": 185, "def": 185, "spa": 142, "spd": 142, "spe": 202}}, "Dodrio": {"name": "Dodrio", "species": "Dodrio", "speciesId": "dodrio", "gender": "M", "shiny": false, "level": 85, "moves": ["swordsdance", "knockoff", "bravebird", "drillrun"], "ability": "Early Bird", "evs": {"hp": 85, "atk": 85, "def": 85, "spa": 85, "spd": 85, "spe": 85}, "ivs": {"hp": 31, "atk": 31, "def": 31, "spa": 31, "spd": 31, "spe": 31}, "item": "Heavy-Duty Boots", "teraType": "Flying", "role": "Setup Sweeper", "bvs": {"hp": 60, "atk": 110, "def": 70, "spa": 60, "spd": 60, "spe": 110}, "stats": {"hp": 241, "atk": 236, "def": 168, "spa": 151, "spd": 151, "spe": 236}}, "Arcanine": {"name": "Arcanine", "species": "Arcanine", "speciesId": "arcanine", "gender": "F", "shiny": false, "level": 84, "moves": ["roar", "extremespeed", "morningsun", "flareblitz"], "ability": "Intimidate", "evs": {"hp": 85, "atk": 85, "def": 85, "spa": 85, "spd": 85, "spe": 85}, "ivs": {"hp": 31, "atk": 31, "def": 31, "spa": 31, "spd": 31, "spe": 31}, "item": "Heavy-Duty Boots", "teraType": "Normal", "role": "Bulky Attacker", "bvs": {"hp": 90, "atk": 110, "def": 80, "spa": 100, "spd": 80, "spe": 95}, "stats": {"hp": 288, "atk": 233, "def": 183, "spa": 216, "spd": 183, "spe": 208}}, "Pachirisu": {"name": "Pachirisu", "species": "Pachirisu", "speciesId": "pachirisu", "gender": "F", "shiny": false, "level": 96, "moves": ["encore", "uturn", "discharge", "superfang"], "ability": "Volt Absorb", "evs": {"hp": 85, "atk": 85, "def": 85, "spa": 85, "spd": 85, "spe": 85}, "ivs": {"hp": 31, "atk": 31, "def": 31, "spa": 31, "spd": 31, "spe": 31}, "item": "Heavy-Duty Boots", "teraType": "Flying", "role": "Fast Support", "bvs": {"hp": 60, "atk": 45, "def": 70, "spa": 45, "spd": 90, "spe": 95}, "stats": {"hp": 271, "atk": 141, "def": 189, "spa": 141, "spd": 227, "spe": 237}}, "Annihilape": {"name": "Annihilape", "species": "Annihilape", "speciesId": "annihilape", "gender": "F", "shiny": false, "level": 76, "moves": ["drainpunch", "rest", "ragefist", "bulkup"], "ability": "Defiant", "evs": {"hp": 85, "atk": 85, "def": 85, "spa": 85, "spd": 85, "spe": 85}, "ivs": {"hp": 31, "atk": 31, "def": 31, "spa": 31, "spd": 31, "spe": 31}, "item": "Chesto Berry", "teraType": "Water", "role": "Bulky Setup", "bvs": {"hp": 110, "atk": 115, "def": 80, "spa": 50, "spd": 90, "spe": 90}, "stats": {"hp": 292, "atk": 219, "def": 166, "spa": 120, "spd": 181, "spe": 181}}}, {"Salamence": {"name": "Salamence", "species": "Salamence", "speciesId": "salamence", "gender": "F", "shiny": false, "level": 77, "moves": ["dragondance", "outrage", "roost", "dualwingbeat"], "ability": "Intimidate", "evs": {"hp": 85, "atk": 85, "def": 85, "spa": 85, "spd": 85, "spe": 85}, "ivs": {"hp": 31, "atk": 31, "def": 31, "spa": 31, "spd": 31, "spe": 31}, "item": "Heavy-Duty Boots", "teraType": "Steel", "role": "Setup Sweeper", "bvs": {"hp": 95, "atk": 135, "def": 80, "spa": 110, "spd": 80, "spe": 100}, "stats": {"hp": 273, "atk": 252, "def": 168, "spa": 214, "spd": 168, "spe": 199}}, "Lilligant": {"name": "Lilligant", "species": "Lilligant-Hisui", "speciesId": "lilliganthisui", "gender": "F", "shiny": false, "level": 79, "moves": ["victorydance", "closecombat", "icespinner", "leafblade"], "ability": "Hustle", "evs": {"hp": 85, "atk": 85, "def": 85, "spa": 85, "spd": 85, "spe": 85}, "ivs": {"hp": 31, "atk": 31, "def": 31, "spa": 31, "spd": 31, "spe": 31}, "item": "Life Orb", "teraType": "Steel", "role": "Setup Sweeper", "bvs": {"hp": 70, "atk": 105, "def": 75, "spa": 50, "spd": 75, "spe": 105}, "stats": {"hp": 240, "atk": 211, "def": 164, "spa": 125, "spd": 164, "spe": 211}}, "Latias": {"name": "Latias", "species": "Latias", "speciesId": "latias", "gender": "F", "shiny": false, "level": 79, "moves": ["psyshock", "calmmind", "dracometeor", "recover"], "ability": "Levitate", "evs": {"hp": 85, "atk": 0, "def": 85, "spa": 85, "spd": 85, "spe": 85}, "ivs": {"hp": 31, "atk": 0, "def": 31, "spa": 31, "spd": 31, "spe": 31}, "item": "Soul Dew", "teraType": "Steel", "role": "Fast Bulky Setup", "bvs": {"hp": 80, "atk": 80, "def": 90, "spa": 110, "spd": 130, "spe": 110}, "stats": {"hp": 256, "atk": 131, "def": 188, "spa": 219, "spd": 251, "spe": 219}}, "Salazzle": {"name": "Salazzle", "species": "Salazzle", "speciesId": "salazzle", "gender": "F", "shiny": false, "level": 83, "moves": ["toxic", "protect", "flamethrower", "substitute"], "ability": "Corrosion", "evs": {"hp": 85, "atk": 0, "def": 85, "spa": 85, "spd": 85, "spe": 85}, "ivs": {"hp": 31, "atk": 0, "def": 31, "spa": 31, "spd": 31, "spe": 31}, "item": "Leftovers", "teraType": "Flying", "role": "Fast Support", "bvs": {"hp": 68, "atk": 64, "def": 60, "spa": 111, "spd": 60, "spe": 117}, "stats": {"hp": 249, "atk": 111, "def": 147, "spa": 232, "spd": 147, "spe": 242}}, "Primarina": {"name": "Primarina", "species": "Primarina", "speciesId": "primarina", "gender": "M", "shiny": false, "level": 83, "moves": ["calmmind", "psychicnoise", "moonblast", "drainingkiss"], "ability": "Liquid Voice", "evs": {"hp": 85, "atk": 0, "def": 85, "spa": 85, "spd": 85, "spe": 85}, "ivs": {"hp": 31, "atk": 0, "def": 31, "spa": 31, "spd": 31, "spe": 31}, "item": "Leftovers", "teraType": "Steel", "role": "Bulky Setup", "bvs": {"hp": 80, "atk": 74, "def": 74, "spa": 126, "spd": 116, "spe": 60}, "stats": {"hp": 268, "atk": 127, "def": 171, "spa": 257, "spd": 240, "spe": 147}}, "Diancie": {"name": "Diancie", "species": "Diancie", "speciesId": "diancie", "gender": "N", "shiny": false, "level": 82, "moves": ["earthpower", "diamondstorm", "calmmind", "drainingkiss"], "ability": "Clear Body", "evs": {"hp": 85, "atk": 85, "def": 85, "spa": 85, "spd": 85, "spe": 85}, "ivs": {"hp": 31, "atk": 31, "def": 31, "spa": 31, "spd": 31, "spe": 31}, "item": "Leftovers", "teraType": "Fairy", "role": "Bulky Setup", "bvs": {"hp": 50, "atk": 100, "def": 150, "spa": 100, "spd": 150, "spe": 50}, "stats": {"hp": 216, "atk": 211, "def": 293, "spa": 211, "spd": 293, "spe": 129}}}]}