{"id": "gen9randombattle-2631710170", "format": "[Gen 9] Random Battle", "players": ["Jrgtest", "duedoggos"], "log": "|j|\u2606Jrgtest\n|j|\u2606duedoggos\n|t:|1781426304\n|gametype|singles\n|player|p1|Jrgtest|266|1484\n|player|p2|duedoggos|clown|1482\n|gen|9\n|tier|[Gen 9] Random Battle\n|rated|\n|rule|Species Clause: Limit one of each Pok\u00e9mon\n|rule|HP Percentage Mod: HP is shown in percentages\n|rule|Sleep Clause Mod: Limit one foe put to sleep\n|rule|Illusion Level Mod: Illusion disguises the Pok\u00e9mon's true level\n|\n|t:|1781426304\n|teamsize|p1|6\n|teamsize|p2|6\n|start\n|switch|p1a: Iron Valiant|Iron Valiant, L78|244/244\n|switch|p2a: Suicune|Suicune, L82|298/298\n|-ability|p2a: Suicune|Pressure\n|turn|1\n|inactive|Battle timer is ON: inactive players will automatically lose when time's up. (requested by Jrgtest)\n|\n|t:|1781426331\n|-end|p1a: Iron Valiant|Quark Drive|[silent]\n|switch|p1a: Vaporeon|Vaporeon, L86, F|364/364\n|move|p2a: Suicune|Scald|p1a: Vaporeon\n|-immune|p1a: Vaporeon|[from] ability: Water Absorb\n|\n|upkeep\n|turn|2\n|\n|t:|1781426347\n|switch|p2a: Blissey|Blissey, L85, F|572/572\n|move|p1a: Vaporeon|Calm Mind|p1a: Vaporeon\n|-boost|p1a: Vaporeon|spa|1\n|-boost|p1a: Vaporeon|spd|1\n|\n|upkeep\n|turn|3\n|\n|t:|1781426369\n|move|p1a: Vaporeon|Scald|p2a: Blissey\n|-damage|p2a: Blissey|464/572\n|move|p2a: Blissey|Thunder Wave|p1a: Vaporeon\n|-status|p1a: Vaporeon|par\n|\n|-heal|p2a: Blissey|499/572|[from] item: Leftovers\n|upkeep\n|turn|4\n|\n|t:|1781426376\n|move|p2a: Blissey|Seismic Toss|p1a: Vaporeon\n|-damage|p1a: Vaporeon|279/364 par\n|move|p1a: Vaporeon|Scald|p2a: Blissey\n|-damage|p2a: Blissey|397/572\n|\n|-heal|p2a: Blissey|432/572|[from] item: Leftovers\n|-heal|p1a: Vaporeon|301/364 par|[from] item: Leftovers\n|upkeep\n|turn|5\n|\n|t:|1781426383\n|move|p2a: Blissey|Seismic Toss|p1a: Vaporeon\n|-damage|p1a: Vaporeon|216/364 par\n|move|p1a: Vaporeon|Wish|p1a: Vaporeon\n|\n|-heal|p2a: Blissey|467/572|[from] item: Leftovers\n|-heal|p1a: Vaporeon|238/364 par|[from] item: Leftovers\n|upkeep\n|turn|6\n|\n|t:|1781426390\n|move|p2a: Blissey|Seismic Toss|p1a: Vaporeon\n|-damage|p1a: Vaporeon|153/364 par\n|move|p1a: Vaporeon|Calm Mind|p1a: Vaporeon\n|-boost|p1a: Vaporeon|spa|1\n|-boost|p1a: Vaporeon|spd|1\n|\n|-heal|p1a: Vaporeon|335/364 par|[from] move: Wish|[wisher] Vaporeon\n|-heal|p2a: Blissey|502/572|[from] item: Leftovers\n|-heal|p1a: Vaporeon|357/364 par|[from] item: Leftovers\n|upkeep\n|turn|7\n|\n|t:|1781426399\n|move|p2a: Blissey|Seismic Toss|p1a: Vaporeon\n|-damage|p1a: Vaporeon|272/364 par\n|move|p1a: Vaporeon|Calm Mind|p1a: Vaporeon\n|-boost|p1a: Vaporeon|spa|1\n|-boost|p1a: Vaporeon|spd|1\n|\n|-heal|p2a: Blissey|537/572|[from] item: Leftovers\n|-heal|p1a: Vaporeon|294/364 par|[from] item: Leftovers\n|upkeep\n|turn|8\n|\n|t:|1781426409\n|move|p2a: Blissey|Seismic Toss|p1a: Vaporeon\n|-damage|p1a: Vaporeon|209/364 par\n|move|p1a: Vaporeon|Wish|p1a: Vaporeon\n|\n|-heal|p2a: Blissey|572/572|[from] item: Leftovers\n|-heal|p1a: Vaporeon|231/364 par|[from] item: Leftovers\n|upkeep\n|turn|9\n|\n|t:|1781426426\n|move|p2a: Blissey|Seismic Toss|p1a: Vaporeon\n|-damage|p1a: Vaporeon|146/364 par\n|move|p1a: Vaporeon|Scald|p2a: Blissey\n|-damage|p2a: Blissey|410/572\n|-status|p2a: Blissey|brn\n|\n|-heal|p1a: Vaporeon|328/364 par|[from] move: Wish|[wisher] Vaporeon\n|-heal|p2a: Blissey|445/572 brn|[from] item: Leftovers\n|-heal|p1a: Vaporeon|350/364 par|[from] item: Leftovers\n|-damage|p2a: Blissey|410/572 brn|[from] brn\n|upkeep\n|turn|10\n|\n|t:|1781426437\n|-curestatus|p2a: Blissey|brn|[from] ability: Natural Cure|[silent]\n|switch|p2a: Sneasler|Sneasler, L74, M|240/240\n|move|p1a: Vaporeon|Calm Mind|p1a: Vaporeon\n|-boost|p1a: Vaporeon|spa|1\n|-boost|p1a: Vaporeon|spd|1\n|\n|-heal|p1a: Vaporeon|364/364 par|[from] item: Leftovers\n|upkeep\n|turn|11\n|\n|t:|1781426446\n|move|p2a: Sneasler|Close Combat|p1a: Vaporeon\n|-damage|p1a: Vaporeon|133/364 par\n|-unboost|p2a: Sneasler|def|1\n|-unboost|p2a: Sneasler|spd|1\n|cant|p1a: Vaporeon|par\n|\n|-heal|p1a: Vaporeon|155/364 par|[from] item: Leftovers\n|upkeep\n|turn|12\n|\n|t:|1781426454\n|move|p1a: Vaporeon|Protect|p1a: Vaporeon\n|-singleturn|p1a: Vaporeon|Protect\n|move|p2a: Sneasler|Close Combat|p1a: Vaporeon\n|-activate|p1a: Vaporeon|move: Protect\n|\n|-heal|p1a: Vaporeon|177/364 par|[from] item: Leftovers\n|upkeep\n|turn|13\n|\n|t:|1781426465\n|switch|p1a: Yanmega|Yanmega, L82, M|275/275\n|move|p2a: Sneasler|Close Combat|p1a: Yanmega\n|-resisted|p1a: Yanmega\n|-damage|p1a: Yanmega|224/275\n|-unboost|p2a: Sneasler|def|1\n|-unboost|p2a: Sneasler|spd|1\n|\n|upkeep\n|turn|14\n|l|\u2606Jrgtest\n|inactive|Jrgtest disconnected and has a minute to reconnect!\n|player|p1|\n|\n|t:|1781426488\n|switch|p2a: Ampharos|Ampharos, L88, F|302/302\n|move|p1a: Yanmega|Air Slash|p2a: Ampharos\n|-resisted|p2a: Ampharos\n|-damage|p2a: Ampharos|264/302\n|\n|-ability|p1a: Yanmega|Speed Boost|boost\n|-boost|p1a: Yanmega|spe|1\n|upkeep\n|turn|15\n|j|\u2606Jrgtest\n|inactive|Jrgtest reconnected and has 145 seconds left.\n|player|p1|Jrgtest|266|\n|\n|t:|1781426504\n|-terastallize|p1a: Yanmega|Ground\n|move|p1a: Yanmega|Tera Blast|p2a: Ampharos|[anim] Tera Blast Ground\n|-supereffective|p2a: Ampharos\n|-damage|p2a: Ampharos|90/302\n|move|p2a: Ampharos|Thunderbolt|p1a: Yanmega\n|-immune|p1a: Yanmega\n|\n|-ability|p1a: Yanmega|Speed Boost|boost\n|-boost|p1a: Yanmega|spe|1\n|upkeep\n|turn|16\n|\n|t:|1781426515\n|switch|p2a: Salamence|Salamence, L77, M|273/273\n|move|p1a: Yanmega|Tera Blast|p2a: Salamence|[anim] Tera Blast Ground\n|-immune|p2a: Salamence\n|\n|-ability|p1a: Yanmega|Speed Boost|boost\n|-boost|p1a: Yanmega|spe|1\n|upkeep\n|turn|17\n|\n|t:|1781426523\n|move|p1a: Yanmega|Air Slash|p2a: Salamence\n|-damage|p2a: Salamence|180/273\n|move|p2a: Salamence|Dragon Dance|p2a: Salamence\n|-boost|p2a: Salamence|atk|1\n|-boost|p2a: Salamence|spe|1\n|\n|-ability|p1a: Yanmega|Speed Boost|boost\n|-boost|p1a: Yanmega|spe|1\n|upkeep\n|turn|18\n|\n|t:|1781426528\n|move|p1a: Yanmega|Air Slash|p2a: Salamence\n|-damage|p2a: Salamence|80/273\n|move|p2a: Salamence|Dual Wingbeat|p1a: Yanmega\n|-damage|p1a: Yanmega|151/275\n|-damage|p1a: Yanmega|78/275\n|-hitcount|p1a: Yanmega|2\n|\n|-ability|p1a: Yanmega|Speed Boost|boost\n|-boost|p1a: Yanmega|spe|1\n|upkeep\n|turn|19\n|\n|t:|1781426545\n|move|p1a: Yanmega|Air Slash|p2a: Salamence\n|-damage|p2a: Salamence|0 fnt\n|faint|p2a: Salamence\n|\n|-ability|p1a: Yanmega|Speed Boost|boost\n|-boost|p1a: Yanmega|spe|1\n|upkeep\n|\n|t:|1781426560\n|switch|p2a: Blissey|Blissey, L85, F|410/572\n|turn|20\n|\n|t:|1781426567\n|move|p1a: Yanmega|Air Slash|p2a: Blissey\n|-damage|p2a: Blissey|343/572\n|cant|p2a: Blissey|flinch\n|\n|-heal|p2a: Blissey|378/572|[from] item: Leftovers\n|upkeep\n|turn|21\n|\n|t:|1781426572\n|move|p1a: Yanmega|Air Slash|p2a: Blissey\n|-damage|p2a: Blissey|314/572\n|move|p2a: Blissey|Seismic Toss|p1a: Yanmega\n|-damage|p1a: Yanmega|0 fnt\n|faint|p1a: Yanmega\n|\n|-heal|p2a: Blissey|349/572|[from] item: Leftovers\n|upkeep\n|\n|t:|1781426578\n|switch|p1a: Vaporeon|Vaporeon, L86, F|177/364 par\n|turn|22\n|\n|t:|1781426581\n|switch|p2a: Ampharos|Ampharos, L88, F|90/302\n|move|p1a: Vaporeon|Protect||[still]\n|-fail|p1a: Vaporeon\n|\n|-heal|p1a: Vaporeon|199/364 par|[from] item: Leftovers\n|upkeep\n|turn|23\n|\n|t:|1781426594\n|move|p1a: Vaporeon|Protect|p1a: Vaporeon\n|-singleturn|p1a: Vaporeon|Protect\n|move|p2a: Ampharos|Volt Switch|p1a: Vaporeon\n|-activate|p1a: Vaporeon|move: Protect\n|\n|-heal|p1a: Vaporeon|221/364 par|[from] item: Leftovers\n|upkeep\n|turn|24\n|\n|t:|1781426600\n|switch|p1a: Florges|Florges-Blue, L85, F|271/271\n|move|p2a: Ampharos|Volt Switch|p1a: Florges\n|-damage|p1a: Florges|180/271\n|\n|t:|1781426607\n|switch|p2a: Sneasler|Sneasler, L74, M|240/240|[from] Volt Switch\n|\n|-heal|p1a: Florges|196/271|[from] item: Leftovers\n|upkeep\n|turn|25\n|\n|t:|1781426615\n|move|p2a: Sneasler|Dire Claw|p1a: Florges\n|-supereffective|p1a: Florges\n|-damage|p1a: Florges|0 fnt\n|faint|p1a: Florges\n|\n|upkeep\n|\n|t:|1781426631\n|switch|p1a: Calyrex|Calyrex-Ice, L72|263/263\n|-ability|p1a: Calyrex|As One\n|-ability|p1a: Calyrex|Unnerve\n|turn|26\n|\n|t:|1781426660\n|move|p2a: Sneasler|Dire Claw|p1a: Calyrex\n|-damage|p1a: Calyrex|164/263\n|-status|p1a: Calyrex|psn|[from] ability: Poison Touch|[of] p2a: Sneasler\n|move|p1a: Calyrex|Trick Room|p1a: Calyrex\n|-fieldstart|move: Trick Room|[of] p1a: Calyrex\n|\n|-damage|p1a: Calyrex|132/263 psn|[from] psn\n|upkeep\n|turn|27\n|inactive|duedoggos has 120 seconds left.\n|\n|t:|1781426683\n|switch|p2a: Ampharos|Ampharos, L88, F|90/302\n|move|p1a: Calyrex|High Horsepower|p2a: Ampharos\n|-supereffective|p2a: Ampharos\n|-damage|p2a: Ampharos|0 fnt\n|faint|p2a: Ampharos\n|-ability|p1a: Calyrex|Chilling Neigh|boost\n|-boost|p1a: Calyrex|atk|1\n|\n|-damage|p1a: Calyrex|100/263 psn|[from] psn\n|upkeep\n|\n|t:|1781426696\n|switch|p2a: Suicune|Suicune, L82|298/298\n|-ability|p2a: Suicune|Pressure\n|turn|28\n|\n|t:|1781426705\n|move|p1a: Calyrex|Close Combat|p2a: Suicune\n|-damage|p2a: Suicune|176/298\n|-unboost|p1a: Calyrex|def|1\n|-unboost|p1a: Calyrex|spd|1\n|move|p2a: Suicune|Scald|p1a: Calyrex\n|-damage|p1a: Calyrex|3/263 psn\n|\n|-heal|p2a: Suicune|194/298|[from] item: Leftovers\n|-damage|p1a: Calyrex|0 fnt|[from] psn\n|faint|p1a: Calyrex\n|upkeep\n|\n|t:|1781426709\n|switch|p1a: Vaporeon|Vaporeon, L86, F|221/364 par\n|turn|29\n|\n|t:|1781426717\n|switch|p2a: Sneasler|Sneasler, L74, M|240/240\n|move|p1a: Vaporeon|Wish|p1a: Vaporeon\n|\n|-heal|p1a: Vaporeon|243/364 par|[from] item: Leftovers\n|upkeep\n|turn|30\n|\n|t:|1781426729\n|cant|p1a: Vaporeon|par\n|move|p2a: Sneasler|Dire Claw|p1a: Vaporeon\n|-crit|p1a: Vaporeon\n|-damage|p1a: Vaporeon|23/364 par\n|\n|-heal|p1a: Vaporeon|205/364 par|[from] move: Wish|[wisher] Vaporeon\n|-heal|p1a: Vaporeon|227/364 par|[from] item: Leftovers\n|-fieldend|move: Trick Room\n|upkeep\n|turn|31\n|\n|t:|1781426736\n|move|p1a: Vaporeon|Protect|p1a: Vaporeon\n|-singleturn|p1a: Vaporeon|Protect\n|move|p2a: Sneasler|Dire Claw|p1a: Vaporeon\n|-activate|p1a: Vaporeon|move: Protect\n|\n|-heal|p1a: Vaporeon|249/364 par|[from] item: Leftovers\n|upkeep\n|turn|32\n|\n|t:|1781426741\n|move|p2a: Sneasler|Dire Claw|p1a: Vaporeon\n|-damage|p1a: Vaporeon|84/364 par\n|move|p1a: Vaporeon|Wish|p1a: Vaporeon\n|\n|-heal|p1a: Vaporeon|106/364 par|[from] item: Leftovers\n|upkeep\n|turn|33\n|\n|t:|1781426747\n|move|p1a: Vaporeon|Protect|p1a: Vaporeon\n|-singleturn|p1a: Vaporeon|Protect\n|move|p2a: Sneasler|Dire Claw|p1a: Vaporeon\n|-activate|p1a: Vaporeon|move: Protect\n|\n|-heal|p1a: Vaporeon|288/364 par|[from] move: Wish|[wisher] Vaporeon\n|-heal|p1a: Vaporeon|310/364 par|[from] item: Leftovers\n|upkeep\n|turn|34\n|\n|t:|1781426759\n|move|p2a: Sneasler|Dire Claw|p1a: Vaporeon\n|-damage|p1a: Vaporeon|136/364 par\n|move|p1a: Vaporeon|Scald|p2a: Sneasler\n|-damage|p2a: Sneasler|128/240\n|\n|-heal|p1a: Vaporeon|158/364 par|[from] item: Leftovers\n|upkeep\n|turn|35\n|\n|t:|1781426766\n|cant|p1a: Vaporeon|par\n|move|p2a: Sneasler|Dire Claw|p1a: Vaporeon\n|-crit|p1a: Vaporeon\n|-damage|p1a: Vaporeon|0 fnt\n|faint|p1a: Vaporeon\n|\n|upkeep\n|\n|t:|1781426768\n|switch|p1a: Iron Valiant|Iron Valiant, L78|244/244\n|turn|36\n|\n|t:|1781426785\n|switch|p2a: Blissey|Blissey, L85, F|349/572\n|move|p1a: Iron Valiant|Psychic|p2a: Blissey\n|-damage|p2a: Blissey|292/572\n|-damage|p1a: Iron Valiant|220/244|[from] item: Life Orb\n|\n|-heal|p2a: Blissey|327/572|[from] item: Leftovers\n|upkeep\n|turn|37\n|\n|t:|1781426790\n|move|p1a: Iron Valiant|Close Combat|p2a: Blissey\n|-supereffective|p2a: Blissey\n|-damage|p2a: Blissey|0 fnt\n|-unboost|p1a: Iron Valiant|def|1\n|-unboost|p1a: Iron Valiant|spd|1\n|faint|p2a: Blissey\n|-damage|p1a: Iron Valiant|196/244|[from] item: Life Orb\n|\n|upkeep\n|\n|t:|1781426796\n|switch|p2a: Hitmonchan|Hitmonchan, L87, M|229/229\n|turn|38\n|\n|t:|1781426814\n|-terastallize|p2a: Hitmonchan|Dark\n|move|p1a: Iron Valiant|Moonblast|p2a: Hitmonchan\n|-supereffective|p2a: Hitmonchan\n|-crit|p2a: Hitmonchan\n|-damage|p2a: Hitmonchan|0 fnt\n|faint|p2a: Hitmonchan\n|-damage|p1a: Iron Valiant|172/244|[from] item: Life Orb\n|\n|upkeep\n|\n|t:|1781426819\n|switch|p2a: Suicune|Suicune, L82|194/298\n|-ability|p2a: Suicune|Pressure\n|turn|39\n|\n|t:|1781426835\n|move|p1a: Iron Valiant|Close Combat|p2a: Suicune\n|-damage|p2a: Suicune|52/298\n|-unboost|p1a: Iron Valiant|def|1\n|-unboost|p1a: Iron Valiant|spd|1\n|-damage|p1a: Iron Valiant|148/244|[from] item: Life Orb\n|move|p2a: Suicune|Scald|p1a: Iron Valiant\n|-damage|p1a: Iron Valiant|0 fnt\n|faint|p1a: Iron Valiant\n|-end|p1a: Iron Valiant|Quark Drive|[silent]\n|\n|-heal|p2a: Suicune|70/298|[from] item: Leftovers\n|upkeep\n|\n|t:|1781426849\n|switch|p1a: Basculin|Basculin-Blue-Striped, L86, F|261/261\n|turn|40\n|\n|t:|1781426861\n|move|p1a: Basculin|Aqua Jet|p2a: Suicune\n|-resisted|p2a: Suicune\n|-damage|p2a: Suicune|33/298\n|move|p2a: Suicune|Rest|p2a: Suicune\n|-status|p2a: Suicune|slp|[from] move: Rest\n|-heal|p2a: Suicune|298/298 slp|[silent]\n|\n|upkeep\n|turn|41\n|l|\u2606Jrgtest\n|inactive|Jrgtest disconnected and has a minute to reconnect!\n|player|p1|\n|c|\u2606duedoggos|you fucking fool\n|inactive|Jrgtest has 30 seconds to reconnect!\n|inactive|Jrgtest has 20 seconds to reconnect!\n|inactive|Jrgtest has 15 seconds to reconnect!\n|inactive|Jrgtest has 10 seconds to reconnect!\n|inactive|Jrgtest has 5 seconds to reconnect!\n|-message|Jrgtest lost due to inactivity.\n|\n|win|duedoggos\n", "inputlog": ">version a8376a258c1d4662feba110a92103f3664a72141\n>start {\"formatid\":\"gen9randombattle\",\"seed\":\"sodium,ad98438dab5983630a96af0e0d4b3b2e\",\"rated\":\"Rated battle\"}\n>player p1 {\"name\":\"Jrgtest\",\"avatar\":\"266\",\"rating\":1484,\"seed\":\"sodium,5c6b441366c35e0d664cc6a9f18a583e\"}\n>player p2 {\"name\":\"duedoggos\",\"avatar\":\"clown\",\"rating\":1482,\"seed\":\"sodium,9a28443afa164c5a3338c1ae0bf6f468\"}\n>p1 switch 3\n>p2 move scald\n>p1 move calmmind\n>p2 switch 6\n>p1 move scald\n>p2 move thunderwave\n>p1 move scald\n>p2 move seismictoss\n>p1 move wish\n>p2 move seismictoss\n>p1 move calmmind\n>p2 move seismictoss\n>p1 move calmmind\n>p2 move seismictoss\n>p1 move wish\n>p2 move seismictoss\n>p1 move scald\n>p2 move seismictoss\n>p1 move calmmind\n>p2 switch 3\n>p1 move scald\n>p2 move closecombat\n>p1 move protect\n>p2 move closecombat\n>p1 switch 6\n>p2 move closecombat\n>p1 move airslash\n>p2 switch 2\n>p1 move terablast terastallize\n>p2 move thunderbolt\n>p1 move terablast\n>p2 switch 5\n>p1 move airslash\n>p2 move dragondance\n>p1 move airslash\n>p2 move dualwingbeat\n>p1 move airslash\n>p2 move dualwingbeat\n>p2 switch 3\n>p1 move airslash\n>p2 move seismictoss\n>p1 move airslash\n>p2 move seismictoss\n>p1 switch 6\n>p1 move protect\n>p2 switch 5\n>p1 move protect\n>p2 move voltswitch\n>p1 switch 2\n>p2 move voltswitch\n>p2 switch 2\n>p1 move moonblast\n>p2 move direclaw\n>p1 switch 4\n>p1 move trickroom\n>p2 move direclaw\n>p1 move highhorsepower\n>p2 switch 2\n>p2 switch 6\n>p1 move closecombat\n>p2 move scald\n>p1 switch 2\n>p1 move wish\n>p2 switch 2\n>p1 move protect\n>p2 move direclaw\n>p1 move protect\n>p2 move direclaw\n>p1 move wish\n>p2 move direclaw\n>p1 move protect\n>p2 move direclaw\n>p1 move scald\n>p2 move direclaw\n>p1 move protect\n>p2 move direclaw\n>p1 switch 3\n>p1 move psychic\n>p2 switch 5\n>p1 move closecombat\n>p2 move thunderwave\n>p2 switch 4\n>p1 move moonblast\n>p2 move rapidspin terastallize\n>p2 switch 2\n>p1 move closecombat\n>p2 move scald\n>p1 switch 5\n>p1 move aquajet\n>p2 move rest\n>chat \u2606duedoggos|you fucking fool\n>forcelose p1", "uploadtime": 1781426885, "views": 3, "formatid": "gen9randombattle", "rating": null, "private": 0, "password": null}