{"id": "gen9randombattle-2631751206", "format": "[Gen 9] Random Battle", "players": ["Zibabu", "Trikeanu"], "log": "|j|\u2606Zibabu\n|j|\u2606Trikeanu\n|t:|1781433745\n|gametype|singles\n|player|p1|Zibabu|101|1934\n|player|p2|Trikeanu|169|2001\n|gen|9\n|tier|[Gen 9] Random Battle\n|rated|\n|rule|Species Clause: Limit one of each Pok\u00e9mon\n|rule|HP Percentage Mod: HP is shown in percentages\n|rule|Sleep Clause Mod: Limit one foe put to sleep\n|rule|Illusion Level Mod: Illusion disguises the Pok\u00e9mon's true level\n|\n|t:|1781433745\n|teamsize|p1|6\n|teamsize|p2|6\n|start\n|switch|p1a: Altaria|Altaria, L89, M|278/278\n|switch|p2a: Arceus|Arceus-Ghost, L69|280/280\n|turn|1\n|inactive|Battle timer is ON: inactive players will automatically lose when time's up. (requested by Zibabu)\n|inactive|Trikeanu also wants the timer to be on.\n|\n|t:|1781433755\n|move|p2a: Arceus|Judgment|p1a: Altaria\n|-damage|p1a: Altaria|193/278\n|move|p1a: Altaria|Dragon Dance|p1a: Altaria\n|-boost|p1a: Altaria|atk|1\n|-boost|p1a: Altaria|spe|1\n|\n|upkeep\n|turn|2\n|\n|t:|1781433759\n|move|p1a: Altaria|Brave Bird|p2a: Arceus\n|-damage|p2a: Arceus|129/280\n|-damage|p1a: Altaria|143/278|[from] Recoil\n|move|p2a: Arceus|Will-O-Wisp|p1a: Altaria\n|-status|p1a: Altaria|brn\n|\n|-damage|p1a: Altaria|126/278 brn|[from] brn\n|upkeep\n|turn|3\n|\n|t:|1781433768\n|-curestatus|p1a: Altaria|brn|[from] ability: Natural Cure|[silent]\n|switch|p1a: Iron Jugulis|Iron Jugulis, L77|271/271\n|move|p2a: Arceus|Recover|p2a: Arceus\n|-heal|p2a: Arceus|269/280\n|\n|upkeep\n|turn|4\n|\n|t:|1781433775\n|switch|p2a: Clefable|Clefable, L83, M|293/293\n|move|p1a: Iron Jugulis|Dark Pulse|p2a: Clefable\n|-resisted|p2a: Clefable\n|-damage|p2a: Clefable|247/293\n|\n|-heal|p2a: Clefable|265/293|[from] item: Leftovers\n|upkeep\n|turn|5\n|\n|t:|1781433786\n|-end|p1a: Iron Jugulis|Quark Drive|[silent]\n|switch|p1a: Arboliva|Arboliva, L91, M|290/290\n|move|p2a: Clefable|Stealth Rock|p1a: Arboliva\n|-sidestart|p1: Zibabu|move: Stealth Rock\n|\n|-heal|p2a: Clefable|283/293|[from] item: Leftovers\n|upkeep\n|turn|6\n|\n|t:|1781433794\n|move|p2a: Clefable|Fire Blast|p1a: Arboliva\n|-supereffective|p1a: Arboliva\n|-damage|p1a: Arboliva|166/290\n|-fieldstart|move: Grassy Terrain|[from] ability: Seed Sower|[of] p1a: Arboliva\n|move|p1a: Arboliva|Energy Ball|p2a: Clefable\n|-damage|p2a: Clefable|102/293\n|-unboost|p2a: Clefable|spd|1\n|\n|-heal|p2a: Clefable|120/293|[from] Grassy Terrain\n|-heal|p2a: Clefable|138/293|[from] item: Leftovers\n|-heal|p1a: Arboliva|184/290|[from] Grassy Terrain\n|-heal|p1a: Arboliva|202/290|[from] item: Leftovers\n|upkeep\n|turn|7\n|\n|t:|1781433807\n|switch|p2a: Toxicroak|Toxicroak, L84, M|277/277\n|move|p1a: Arboliva|Hyper Voice|p2a: Toxicroak\n|-damage|p2a: Toxicroak|120/277\n|\n|-heal|p2a: Toxicroak|137/277|[from] Grassy Terrain\n|-heal|p1a: Arboliva|220/290|[from] Grassy Terrain\n|-heal|p1a: Arboliva|238/290|[from] item: Leftovers\n|upkeep\n|turn|8\n|\n|t:|1781433817\n|switch|p1a: Altaria|Altaria, L89, M|126/278\n|move|p2a: Toxicroak|Close Combat|p1a: Altaria\n|-resisted|p1a: Altaria\n|-damage|p1a: Altaria|40/278\n|-unboost|p2a: Toxicroak|def|1\n|-unboost|p2a: Toxicroak|spd|1\n|\n|-heal|p2a: Toxicroak|154/277|[from] Grassy Terrain\n|upkeep\n|turn|9\n|\n|t:|1781433825\n|switch|p2a: Clefable|Clefable, L83, M|138/293\n|move|p1a: Altaria|Roost|p1a: Altaria\n|-heal|p1a: Altaria|179/278\n|-singleturn|p1a: Altaria|move: Roost\n|\n|-heal|p1a: Altaria|196/278|[from] Grassy Terrain\n|-heal|p2a: Clefable|156/293|[from] Grassy Terrain\n|-heal|p2a: Clefable|174/293|[from] item: Leftovers\n|upkeep\n|turn|10\n|\n|t:|1781433832\n|switch|p1a: Arboliva|Arboliva, L91, M|238/290\n|-damage|p1a: Arboliva|202/290|[from] Stealth Rock\n|move|p2a: Clefable|Moonblast|p1a: Arboliva\n|-crit|p1a: Arboliva\n|-damage|p1a: Arboliva|79/290\n|-unboost|p1a: Arboliva|spa|1\n|\n|-heal|p2a: Clefable|192/293|[from] Grassy Terrain\n|-heal|p2a: Clefable|210/293|[from] item: Leftovers\n|-heal|p1a: Arboliva|97/290|[from] Grassy Terrain\n|-heal|p1a: Arboliva|115/290|[from] item: Leftovers\n|-fieldend|move: Grassy Terrain\n|upkeep\n|turn|11\n|\n|t:|1781433838\n|move|p2a: Clefable|Fire Blast|p1a: Arboliva\n|-supereffective|p1a: Arboliva\n|-damage|p1a: Arboliva|1/290\n|-fieldstart|move: Grassy Terrain|[from] ability: Seed Sower|[of] p1a: Arboliva\n|move|p1a: Arboliva|Strength Sap|p2a: Clefable\n|-unboost|p2a: Clefable|atk|1\n|-heal|p1a: Arboliva|122/290\n|\n|-heal|p2a: Clefable|228/293|[from] Grassy Terrain\n|-heal|p2a: Clefable|246/293|[from] item: Leftovers\n|-heal|p1a: Arboliva|140/290|[from] Grassy Terrain\n|-heal|p1a: Arboliva|158/290|[from] item: Leftovers\n|upkeep\n|turn|12\n|\n|t:|1781433853\n|move|p2a: Clefable|Moonblast|p1a: Arboliva\n|-damage|p1a: Arboliva|86/290\n|move|p1a: Arboliva|Energy Ball|p2a: Clefable\n|-damage|p2a: Clefable|68/293\n|\n|-heal|p2a: Clefable|86/293|[from] Grassy Terrain\n|-heal|p2a: Clefable|104/293|[from] item: Leftovers\n|-heal|p1a: Arboliva|104/290|[from] Grassy Terrain\n|-heal|p1a: Arboliva|122/290|[from] item: Leftovers\n|upkeep\n|turn|13\n|\n|t:|1781433869\n|move|p2a: Clefable|Fire Blast|p1a: Arboliva|[miss]\n|-miss|p2a: Clefable|p1a: Arboliva\n|move|p1a: Arboliva|Energy Ball|p2a: Clefable\n|-damage|p2a: Clefable|0 fnt\n|faint|p2a: Clefable\n|\n|-heal|p1a: Arboliva|140/290|[from] Grassy Terrain\n|-heal|p1a: Arboliva|158/290|[from] item: Leftovers\n|upkeep\n|\n|t:|1781433872\n|switch|p2a: Toxicroak|Toxicroak, L84, M|154/277\n|turn|14\n|\n|t:|1781433875\n|move|p2a: Toxicroak|Gunk Shot|p1a: Arboliva\n|-supereffective|p1a: Arboliva\n|-damage|p1a: Arboliva|0 fnt\n|faint|p1a: Arboliva\n|\n|-heal|p2a: Toxicroak|171/277|[from] Grassy Terrain\n|upkeep\n|\n|t:|1781433881\n|switch|p1a: Iron Jugulis|Iron Jugulis, L77|271/271\n|-damage|p1a: Iron Jugulis|204/271|[from] Stealth Rock\n|turn|15\n|\n|t:|1781433891\n|move|p1a: Iron Jugulis|Earth Power|p2a: Toxicroak\n|-supereffective|p2a: Toxicroak\n|-crit|p2a: Toxicroak\n|-damage|p2a: Toxicroak|0 fnt\n|faint|p2a: Toxicroak\n|\n|-fieldend|move: Grassy Terrain\n|upkeep\n|\n|t:|1781433902\n|switch|p2a: Blastoise|Blastoise, L80, F|258/258\n|turn|16\n|\n|t:|1781433908\n|move|p1a: Iron Jugulis|Dark Pulse|p2a: Blastoise\n|-damage|p2a: Blastoise|176/258\n|cant|p2a: Blastoise|flinch\n|\n|upkeep\n|turn|17\n|\n|t:|1781433915\n|move|p1a: Iron Jugulis|Dark Pulse|p2a: Blastoise\n|-damage|p2a: Blastoise|103/258\n|move|p2a: Blastoise|Shell Smash|p2a: Blastoise\n|-unboost|p2a: Blastoise|def|1\n|-unboost|p2a: Blastoise|spd|1\n|-boost|p2a: Blastoise|atk|2\n|-boost|p2a: Blastoise|spa|2\n|-boost|p2a: Blastoise|spe|2\n|-enditem|p2a: Blastoise|White Herb\n|-clearnegativeboost|p2a: Blastoise|[silent]\n|\n|upkeep\n|turn|18\n|\n|t:|1781433925\n|-end|p1a: Iron Jugulis|Quark Drive|[silent]\n|switch|p1a: Altaria|Altaria, L89, M|196/278\n|move|p2a: Blastoise|Ice Beam|p1a: Altaria\n|-supereffective|p1a: Altaria\n|-damage|p1a: Altaria|0 fnt\n|faint|p1a: Altaria\n|\n|upkeep\n|\n|t:|1781433928\n|switch|p1a: Okidogi|Okidogi, L77, M|262/262\n|-damage|p1a: Okidogi|246/262|[from] Stealth Rock\n|turn|19\n|\n|t:|1781433935\n|move|p2a: Blastoise|Earthquake|p1a: Okidogi\n|-supereffective|p1a: Okidogi\n|-damage|p1a: Okidogi|42/262\n|move|p1a: Okidogi|Gunk Shot|p2a: Blastoise\n|-damage|p2a: Blastoise|0 fnt\n|faint|p2a: Blastoise\n|\n|upkeep\n|\n|t:|1781433957\n|switch|p2a: Arceus|Arceus-Ghost, L69|269/280\n|turn|20\n|\n|t:|1781433961\n|move|p2a: Arceus|Judgment|p1a: Okidogi\n|-damage|p1a: Okidogi|0 fnt\n|faint|p1a: Okidogi\n|\n|upkeep\n|\n|t:|1781433964\n|switch|p1a: Iron Jugulis|Iron Jugulis, L77|204/271\n|-damage|p1a: Iron Jugulis|137/271|[from] Stealth Rock\n|turn|21\n|\n|t:|1781433969\n|move|p1a: Iron Jugulis|Meteor Beam||[still]\n|-prepare|p1a: Iron Jugulis|Meteor Beam\n|-boost|p1a: Iron Jugulis|spa|1\n|-enditem|p1a: Iron Jugulis|Power Herb\n|-anim|p1a: Iron Jugulis|Meteor Beam|p2a: Arceus|[miss]\n|-miss|p1a: Iron Jugulis|p2a: Arceus\n|move|p2a: Arceus|Focus Blast|p1a: Iron Jugulis\n|-damage|p1a: Iron Jugulis|60/271\n|\n|upkeep\n|turn|22\n|\n|t:|1781433990\n|move|p1a: Iron Jugulis|Dark Pulse|p2a: Arceus\n|-supereffective|p2a: Arceus\n|-damage|p2a: Arceus|47/280\n|cant|p2a: Arceus|flinch\n|\n|upkeep\n|turn|23\n|\n|t:|1781433995\n|move|p1a: Iron Jugulis|Dark Pulse|p2a: Arceus\n|-supereffective|p2a: Arceus\n|-damage|p2a: Arceus|0 fnt\n|faint|p2a: Arceus\n|\n|upkeep\n|\n|t:|1781433998\n|switch|p2a: Greninja|Greninja, L80, M|246/246\n|turn|24\n|\n|t:|1781434004\n|move|p2a: Greninja|U-turn|p1a: Iron Jugulis\n|-start|p2a: Greninja|typechange|Bug|[from] ability: Protean\n|-damage|p1a: Iron Jugulis|0 fnt\n|faint|p1a: Iron Jugulis\n|-end|p1a: Iron Jugulis|Quark Drive|[silent]\n|-damage|p2a: Greninja|222/246|[from] item: Life Orb\n|\n|t:|1781434009\n|switch|p2a: Maushold|Maushold, L76|238/238|[from] U-turn\n|\n|upkeep\n|\n|t:|1781434020\n|switch|p1a: Polteageist|Polteageist-Antique, L78|222/222\n|-damage|p1a: Polteageist|195/222|[from] Stealth Rock\n|turn|25\n|\n|t:|1781434029\n|move|p2a: Maushold|Tidy Up|p2a: Maushold\n|-sideend|p1: Zibabu|Stealth Rock\n|-activate|p2a: Maushold|move: Tidy Up\n|-boost|p2a: Maushold|atk|1\n|-boost|p2a: Maushold|spe|1\n|move|p1a: Polteageist|Shell Smash|p1a: Polteageist\n|-unboost|p1a: Polteageist|def|1\n|-unboost|p1a: Polteageist|spd|1\n|-boost|p1a: Polteageist|atk|2\n|-boost|p1a: Polteageist|spa|2\n|-boost|p1a: Polteageist|spe|2\n|-enditem|p1a: Polteageist|White Herb\n|-clearnegativeboost|p1a: Polteageist|[silent]\n|\n|upkeep\n|turn|26\n|\n|t:|1781434038\n|-terastallize|p1a: Polteageist|Fighting\n|move|p2a: Maushold|Encore|p1a: Polteageist\n|-start|p1a: Polteageist|Encore\n|move|p1a: Polteageist|Shell Smash|p1a: Polteageist\n|-unboost|p1a: Polteageist|def|1\n|-unboost|p1a: Polteageist|spd|1\n|-boost|p1a: Polteageist|atk|2\n|-boost|p1a: Polteageist|spa|2\n|-boost|p1a: Polteageist|spe|2\n|\n|upkeep\n|turn|27\n|\n|t:|1781434045\n|move|p1a: Polteageist|Shell Smash|p1a: Polteageist\n|-unboost|p1a: Polteageist|def|1\n|-unboost|p1a: Polteageist|spd|1\n|-boost|p1a: Polteageist|atk|2\n|-boost|p1a: Polteageist|spa|2\n|-boost|p1a: Polteageist|spe|2\n|move|p2a: Maushold|Tidy Up|p2a: Maushold\n|-boost|p2a: Maushold|atk|1\n|-boost|p2a: Maushold|spe|1\n|\n|upkeep\n|turn|28\n|\n|t:|1781434048\n|move|p1a: Polteageist|Shell Smash|p1a: Polteageist\n|-unboost|p1a: Polteageist|def|1\n|-unboost|p1a: Polteageist|spd|1\n|-boost|p1a: Polteageist|atk|0\n|-boost|p1a: Polteageist|spa|0\n|-boost|p1a: Polteageist|spe|0\n|move|p2a: Maushold|Population Bomb|p1a: Polteageist\n|-damage|p1a: Polteageist|54/222\n|-start|p2a: Maushold|Disable|Population Bomb|[from] ability: Cursed Body|[of] p1a: Polteageist\n|-damage|p1a: Polteageist|0 fnt\n|faint|p1a: Polteageist\n|-hitcount|p1: Polteageist|2\n|\n|upkeep\n|-message|Zibabu forfeited.\n|\n|win|Trikeanu\n", "inputlog": ">version a8376a258c1d4662feba110a92103f3664a72141\n>start {\"formatid\":\"gen9randombattle\",\"seed\":\"sodium,d178f3fd6c42d4bf7bb46cf5cf2f6b0a\",\"rated\":\"Rated battle\"}\n>player p1 {\"name\":\"Zibabu\",\"avatar\":\"101\",\"rating\":1934,\"seed\":\"sodium,b5d129647eb0917ca3d35e0bfca0164f\"}\n>player p2 {\"name\":\"Trikeanu\",\"avatar\":\"169\",\"rating\":2001,\"seed\":\"sodium,543427d21e3e10e8dd08f070b3924fb2\"}\n>p1 move dragondance\n>p2 move judgment\n>p1 move bravebird\n>p2 move willowisp\n>p1 switch 5\n>p2 move recover\n>p1 move darkpulse\n>p2 switch 5\n>p1 switch 3\n>p2 move stealthrock\n>p1 move energyball\n>p2 move fireblast\n>p1 move hypervoice\n>p2 switch 4\n>p1 switch 5\n>p2 move closecombat\n>p1 move roost\n>p2 switch 4\n>p1 switch 5\n>p2 move moonblast\n>p1 move strengthsap\n>p2 move fireblast\n>p1 move energyball\n>p2 move moonblast\n>p1 move energyball\n>p2 move fireblast\n>p2 switch 4\n>p1 move strengthsap\n>p2 move gunkshot\n>p1 switch 3\n>p1 move earthpower\n>p2 move gunkshot\n>p2 switch 2\n>p1 move darkpulse\n>p2 move shellsmash\n>p1 move darkpulse\n>p2 move shellsmash\n>p1 switch 5\n>p2 move icebeam\n>p1 switch 2\n>p1 move gunkshot\n>p2 move earthquake\n>p2 switch 5\n>p1 move knockoff\n>p2 move judgment\n>p1 switch 5\n>p1 move meteorbeam\n>p2 move focusblast\n>p1 move darkpulse\n>p2 move focusblast\n>p1 move darkpulse\n>p2 move judgment\n>p2 switch 6\n>p1 move earthpower\n>p2 move uturn\n>p2 switch 3\n>p1 switch 6\n>p1 move shellsmash\n>p2 move tidyup\n>p1 move terablast terastallize\n>p2 move encore\n>p1 move shellsmash\n>p2 move tidyup\n>p1 move shellsmash\n>p2 move populationbomb\n>forcelose p1", "uploadtime": 1781433747, "views": 5, "formatid": "gen9randombattle", "rating": null, "private": 0, "password": null}