{"id": "gen9randombattle-2631511180", "format": "[Gen 9] Random Battle", "players": ["kailerv", "manitodemano"], "log": "|j|\u2606kailerv\n|j|\u2606manitodemano\n|t:|1781394516\n|gametype|singles\n|player|p1|kailerv|hilbert-wonderlauncher|1123\n|player|p2|manitodemano|266|1110\n|gen|9\n|tier|[Gen 9] Random Battle\n|rated|\n|rule|Species Clause: Limit one of each Pok\u00e9mon\n|rule|HP Percentage Mod: HP is shown in percentages\n|rule|Sleep Clause Mod: Limit one foe put to sleep\n|rule|Illusion Level Mod: Illusion disguises the Pok\u00e9mon's true level\n|\n|t:|1781394516\n|teamsize|p1|6\n|teamsize|p2|6\n|start\n|switch|p1a: Leafeon|Leafeon, L88, M|258/258\n|switch|p2a: Dodrio|Dodrio, L85, F|241/241\n|turn|1\n|\n|t:|1781394532\n|switch|p1a: Orthworm|Orthworm, L88, F|266/266\n|move|p2a: Dodrio|Swords Dance|p2a: Dodrio\n|-boost|p2a: Dodrio|atk|2\n|\n|upkeep\n|turn|2\n|\n|t:|1781394554\n|move|p2a: Dodrio|Drill Run|p1a: Orthworm\n|-immune|p1a: Orthworm|[from] ability: Earth Eater\n|move|p1a: Orthworm|Coil|p1a: Orthworm\n|-boost|p1a: Orthworm|atk|1\n|-boost|p1a: Orthworm|def|1\n|-boost|p1a: Orthworm|accuracy|1\n|\n|upkeep\n|turn|3\n|\n|t:|1781394618\n|move|p2a: Dodrio|Swords Dance|p2a: Dodrio\n|-boost|p2a: Dodrio|atk|2\n|move|p1a: Orthworm|Iron Tail|p2a: Dodrio\n|-damage|p2a: Dodrio|66/241\n|-unboost|p2a: Dodrio|def|1\n|\n|upkeep\n|turn|4\n|\n|t:|1781394638\n|move|p2a: Dodrio|Double-Edge|p1a: Orthworm\n|-resisted|p1a: Orthworm\n|-damage|p1a: Orthworm|181/266\n|-damage|p2a: Dodrio|38/241|[from] Recoil\n|move|p1a: Orthworm|Iron Tail|p2a: Dodrio\n|-damage|p2a: Dodrio|0 fnt\n|faint|p2a: Dodrio\n|\n|upkeep\n|\n|t:|1781394658\n|switch|p2a: Houndstone|Houndstone, L86, F|264/264\n|turn|5\n|\n|t:|1781394665\n|-terastallize|p2a: Houndstone|Fighting\n|move|p2a: Houndstone|Body Press|p1a: Orthworm\n|-supereffective|p1a: Orthworm\n|-damage|p1a: Orthworm|101/266\n|move|p1a: Orthworm|Coil|p1a: Orthworm\n|-boost|p1a: Orthworm|atk|1\n|-boost|p1a: Orthworm|def|1\n|-boost|p1a: Orthworm|accuracy|1\n|\n|upkeep\n|turn|6\n|\n|t:|1781394677\n|move|p2a: Houndstone|Body Press|p1a: Orthworm\n|-supereffective|p1a: Orthworm\n|-damage|p1a: Orthworm|39/266\n|move|p1a: Orthworm|Iron Tail|p2a: Houndstone\n|-crit|p2a: Houndstone\n|-damage|p2a: Houndstone|117/264\n|\n|-heal|p2a: Houndstone|133/264|[from] item: Leftovers\n|upkeep\n|turn|7\n|\n|t:|1781394687\n|move|p2a: Houndstone|Body Press|p1a: Orthworm\n|-supereffective|p1a: Orthworm\n|-damage|p1a: Orthworm|0 fnt\n|faint|p1a: Orthworm\n|\n|-heal|p2a: Houndstone|149/264|[from] item: Leftovers\n|upkeep\n|\n|t:|1781394695\n|switch|p1a: Chesnaught|Chesnaught, L84, F|285/285\n|turn|8\n|\n|t:|1781394705\n|move|p2a: Houndstone|Rest|p2a: Houndstone\n|-status|p2a: Houndstone|slp|[from] move: Rest\n|-heal|p2a: Houndstone|264/264 slp|[silent]\n|move|p1a: Chesnaught|Synthesis|p1a: Chesnaught\n|-fail|p1a: Chesnaught|heal\n|\n|upkeep\n|turn|9\n|\n|t:|1781394714\n|cant|p2a: Houndstone|slp\n|move|p2a: Houndstone|Sleep Talk|p2a: Houndstone\n|move|p2a: Houndstone|Body Press|p1a: Chesnaught|[from] move: Sleep Talk\n|-crit|p1a: Chesnaught\n|-damage|p1a: Chesnaught|183/285\n|move|p1a: Chesnaught|Iron Defense|p1a: Chesnaught\n|-boost|p1a: Chesnaught|def|2\n|\n|-heal|p1a: Chesnaught|200/285|[from] item: Leftovers\n|upkeep\n|turn|10\n|\n|t:|1781394730\n|cant|p2a: Houndstone|slp\n|move|p2a: Houndstone|Sleep Talk|p2a: Houndstone\n|move|p2a: Houndstone|Rest||[from] move: Sleep Talk|[still]\n|-fail|p2a: Houndstone\n|move|p1a: Chesnaught|Iron Defense|p1a: Chesnaught\n|-boost|p1a: Chesnaught|def|2\n|\n|-heal|p1a: Chesnaught|217/285|[from] item: Leftovers\n|upkeep\n|turn|11\n|\n|t:|1781394742\n|-curestatus|p2a: Houndstone|slp|[msg]\n|move|p2a: Houndstone|Sleep Talk||[still]\n|-fail|p2a: Houndstone\n|move|p1a: Chesnaught|Iron Defense|p1a: Chesnaught\n|-boost|p1a: Chesnaught|def|2\n|\n|-heal|p1a: Chesnaught|234/285|[from] item: Leftovers\n|upkeep\n|turn|12\n|\n|t:|1781394757\n|move|p2a: Houndstone|Poltergeist|p1a: Chesnaught|[miss]\n|-miss|p2a: Houndstone|p1a: Chesnaught\n|move|p1a: Chesnaught|Trailblaze|p2a: Houndstone\n|-damage|p2a: Houndstone|237/264\n|-boost|p1a: Chesnaught|spe|1\n|\n|-heal|p1a: Chesnaught|251/285|[from] item: Leftovers\n|-heal|p2a: Houndstone|253/264|[from] item: Leftovers\n|upkeep\n|turn|13\n|\n|t:|1781394769\n|move|p1a: Chesnaught|Body Press|p2a: Houndstone\n|-damage|p2a: Houndstone|83/264\n|move|p2a: Houndstone|Poltergeist|p1a: Chesnaught\n|-activate|p1a: Chesnaught|move: Poltergeist|Leftovers\n|-damage|p1a: Chesnaught|226/285\n|\n|-heal|p1a: Chesnaught|243/285|[from] item: Leftovers\n|-heal|p2a: Houndstone|99/264|[from] item: Leftovers\n|upkeep\n|turn|14\n|\n|t:|1781394780\n|move|p1a: Chesnaught|Body Press|p2a: Houndstone\n|-damage|p2a: Houndstone|0 fnt\n|faint|p2a: Houndstone\n|\n|-heal|p1a: Chesnaught|260/285|[from] item: Leftovers\n|upkeep\n|\n|t:|1781394800\n|switch|p2a: Snorlax|Snorlax, L82, F|397/397\n|turn|15\n|\n|t:|1781394808\n|move|p1a: Chesnaught|Body Press|p2a: Snorlax\n|-supereffective|p2a: Snorlax\n|-damage|p2a: Snorlax|0 fnt\n|faint|p2a: Snorlax\n|\n|-heal|p1a: Chesnaught|277/285|[from] item: Leftovers\n|upkeep\n|\n|t:|1781394816\n|switch|p2a: Golurk|Golurk, L87|297/297\n|turn|16\n|\n|t:|1781394832\n|move|p1a: Chesnaught|Trailblaze|p2a: Golurk\n|-supereffective|p2a: Golurk\n|-damage|p2a: Golurk|187/297\n|-boost|p1a: Chesnaught|spe|1\n|move|p2a: Golurk|Earthquake|p1a: Chesnaught\n|-resisted|p1a: Chesnaught\n|-crit|p1a: Chesnaught\n|-damage|p1a: Chesnaught|183/285\n|-damage|p2a: Golurk|158/297|[from] item: Life Orb\n|\n|-heal|p1a: Chesnaught|200/285|[from] item: Leftovers\n|upkeep\n|turn|17\n|\n|t:|1781394846\n|move|p1a: Chesnaught|Iron Defense|p1a: Chesnaught\n|-boost|p1a: Chesnaught|def|0\n|move|p2a: Golurk|Earthquake|p1a: Chesnaught\n|-resisted|p1a: Chesnaught\n|-damage|p1a: Chesnaught|184/285\n|-damage|p2a: Golurk|129/297|[from] item: Life Orb\n|\n|-heal|p1a: Chesnaught|201/285|[from] item: Leftovers\n|upkeep\n|turn|18\n|\n|t:|1781394864\n|move|p1a: Chesnaught|Trailblaze|p2a: Golurk\n|-supereffective|p2a: Golurk\n|-damage|p2a: Golurk|19/297\n|-boost|p1a: Chesnaught|spe|1\n|move|p2a: Golurk|Stealth Rock|p1a: Chesnaught\n|-sidestart|p1: kailerv|move: Stealth Rock\n|\n|-heal|p1a: Chesnaught|218/285|[from] item: Leftovers\n|upkeep\n|turn|19\n|\n|t:|1781394875\n|move|p1a: Chesnaught|Synthesis|p1a: Chesnaught\n|-heal|p1a: Chesnaught|285/285\n|move|p2a: Golurk|Earthquake|p1a: Chesnaught\n|-resisted|p1a: Chesnaught\n|-damage|p1a: Chesnaught|269/285\n|-damage|p2a: Golurk|0 fnt|[from] item: Life Orb\n|faint|p2a: Golurk\n|\n|-heal|p1a: Chesnaught|285/285|[from] item: Leftovers\n|upkeep\n|\n|t:|1781394888\n|switch|p2a: Keldeo|Keldeo-Resolute, L79|273/273\n|turn|20\n|\n|t:|1781394896\n|move|p1a: Chesnaught|Body Press|p2a: Keldeo\n|-damage|p2a: Keldeo|0 fnt\n|faint|p2a: Keldeo\n|\n|upkeep\n|\n|t:|1781394902\n|switch|p2a: Drednaw|Drednaw, L81, M|278/278\n|turn|21\n|\n|t:|1781394911\n|move|p1a: Chesnaught|Trailblaze|p2a: Drednaw\n|-supereffective|p2a: Drednaw\n|-damage|p2a: Drednaw|62/278\n|-boost|p1a: Chesnaught|spe|1\n|move|p2a: Drednaw|Earthquake|p1a: Chesnaught\n|-resisted|p1a: Chesnaught\n|-damage|p1a: Chesnaught|277/285\n|\n|-heal|p1a: Chesnaught|285/285|[from] item: Leftovers\n|upkeep\n|turn|22\n|\n|t:|1781394925\n|move|p1a: Chesnaught|Trailblaze|p2a: Drednaw\n|-supereffective|p2a: Drednaw\n|-damage|p2a: Drednaw|0 fnt\n|-boost|p1a: Chesnaught|spe|1\n|faint|p2a: Drednaw\n|\n|win|kailerv\n|raw|kailerv's rating: 1123 &rarr; <strong>1147</strong><br />(+24 for winning)\n|raw|manitodemano's rating: 1110 &rarr; <strong>1086</strong><br />(-24 for losing)\n|l|\u2606manitodemano\n|player|p2|\n", "uploadtime": 1781394939, "views": 16, "formatid": "gen9randombattle", "rating": 1086, "private": 0, "password": null}