{"id": "gen9randombattle-2631706636", "format": "[Gen 9] Random Battle", "players": ["scampy789", "zegaaagalaaa"], "log": "|j|\u2606scampy789\n|j|\u2606zegaaagalaaa\n|t:|1781425639\n|gametype|singles\n|player|p1|scampy789|2|2094\n|player|p2|zegaaagalaaa|169|2154\n|gen|9\n|tier|[Gen 9] Random Battle\n|rated|\n|rule|Species Clause: Limit one of each Pok\u00e9mon\n|rule|HP Percentage Mod: HP is shown in percentages\n|rule|Sleep Clause Mod: Limit one foe put to sleep\n|rule|Illusion Level Mod: Illusion disguises the Pok\u00e9mon's true level\n|\n|t:|1781425639\n|teamsize|p1|6\n|teamsize|p2|6\n|start\n|switch|p1a: Heracross|Heracross, L80, M|259/259\n|switch|p2a: Politoed|Politoed, L88, F|302/302\n|-weather|RainDance|[from] ability: Drizzle|[of] p2a: Politoed\n|turn|1\n|inactive|Battle timer is ON: inactive players will automatically lose when time's up. (requested by scampy789)\n|inactive|scampy789 has 120 seconds left.\n|\n|t:|1781425687\n|move|p1a: Heracross|Knock Off|p2a: Politoed\n|-damage|p2a: Politoed|213/302\n|-enditem|p2a: Politoed|Choice Specs|[from] move: Knock Off|[of] p1a: Heracross\n|move|p2a: Politoed|Weather Ball|p1a: Heracross\n|-damage|p1a: Heracross|93/259\n|\n|-weather|RainDance|[upkeep]\n|upkeep\n|turn|2\n|\n|t:|1781425698\n|switch|p1a: Basculegion|Basculegion-F, L83, F|335/335\n|move|p2a: Politoed|Weather Ball|p1a: Basculegion\n|-resisted|p1a: Basculegion\n|-damage|p1a: Basculegion|238/335\n|\n|-weather|RainDance|[upkeep]\n|upkeep\n|turn|3\n|\n|t:|1781425716\n|move|p1a: Basculegion|Hydro Pump|p2a: Politoed|[miss]\n|-miss|p1a: Basculegion|p2a: Politoed\n|move|p2a: Politoed|Weather Ball|p1a: Basculegion\n|-resisted|p1a: Basculegion\n|-damage|p1a: Basculegion|138/335\n|\n|-weather|RainDance|[upkeep]\n|upkeep\n|turn|4\n|\n|t:|1781425726\n|move|p1a: Basculegion|Hydro Pump|p2a: Politoed\n|-resisted|p2a: Politoed\n|-damage|p2a: Politoed|49/302\n|move|p2a: Politoed|Weather Ball|p1a: Basculegion\n|-resisted|p1a: Basculegion\n|-damage|p1a: Basculegion|45/335\n|\n|-weather|RainDance|[upkeep]\n|upkeep\n|turn|5\n|\n|t:|1781425736\n|move|p1a: Basculegion|Hydro Pump|p2a: Politoed\n|-resisted|p2a: Politoed\n|-damage|p2a: Politoed|0 fnt\n|faint|p2a: Politoed\n|\n|-weather|none\n|upkeep\n|\n|t:|1781425745\n|switch|p2a: Cramorant|Cramorant, L86, F|261/261\n|turn|6\n|\n|t:|1781425773\n|switch|p1a: Palafin|Palafin, L77, M|281/281\n|move|p2a: Cramorant|Surf|p1a: Palafin\n|-formechange|p2a: Cramorant|Cramorant-Gulping|\n|-resisted|p1a: Palafin\n|-crit|p1a: Palafin\n|-damage|p1a: Palafin|188/281\n|\n|-heal|p1a: Palafin|205/281|[from] item: Leftovers\n|upkeep\n|turn|7\n|\n|t:|1781425786\n|detailschange|p1a: Palafin|Palafin-Hero, L77, M\n|switch|p1a: Basculegion|Basculegion-F, L83, F|45/335\n|move|p2a: Cramorant|Surf|p1a: Basculegion\n|-resisted|p1a: Basculegion\n|-damage|p1a: Basculegion|0 fnt\n|faint|p1a: Basculegion\n|\n|upkeep\n|\n|t:|1781425794\n|switch|p1a: Deoxys|Deoxys, L74|196/196\n|-ability|p1a: Deoxys|Pressure\n|turn|8\n|\n|t:|1781425805\n|move|p1a: Deoxys|Psycho Boost|p2a: Cramorant\n|-damage|p2a: Cramorant|66/261\n|-unboost|p1a: Deoxys|spa|2\n|-damage|p1a: Deoxys|147/196|[from] ability: Gulp Missile|[of] p2a: Cramorant\n|-unboost|p1a: Deoxys|def|1\n|-formechange|p2a: Cramorant|Cramorant|\n|-damage|p1a: Deoxys|128/196|[from] item: Life Orb\n|move|p2a: Cramorant|Brave Bird|p1a: Deoxys\n|-damage|p1a: Deoxys|0 fnt\n|faint|p1a: Deoxys\n|-damage|p2a: Cramorant|24/261|[from] Recoil\n|\n|upkeep\n|inactive|scampy789 has 120 seconds left.\n|\n|t:|1781425820\n|switch|p1a: Heracross|Heracross, L80, M|93/259\n|turn|9\n|\n|t:|1781425832\n|switch|p2a: Magmortar|Magmortar, L88, F|275/275\n|move|p1a: Heracross|Close Combat|p2a: Magmortar\n|-damage|p2a: Magmortar|104/275\n|-unboost|p1a: Heracross|def|1\n|-unboost|p1a: Heracross|spd|1\n|\n|upkeep\n|turn|10\n|\n|t:|1781425847\n|switch|p2a: Tropius|Tropius, L91, F|328/328\n|move|p1a: Heracross|Close Combat|p2a: Tropius\n|-resisted|p2a: Tropius\n|-damage|p2a: Tropius|256/328\n|-unboost|p1a: Heracross|def|1\n|-unboost|p1a: Heracross|spd|1\n|\n|upkeep\n|turn|11\n|\n|t:|1781425858\n|switch|p1a: Alcremie|Alcremie-Ruby-Swirl, L90, F|263/263\n|move|p2a: Tropius|Leech Seed|p1a: Alcremie\n|-start|p1a: Alcremie|move: Leech Seed\n|\n|-damage|p1a: Alcremie|231/263|[from] Leech Seed|[of] p2a: Tropius\n|-heal|p2a: Tropius|288/328|[silent]\n|upkeep\n|turn|12\n|\n|t:|1781425873\n|switch|p2a: Cramorant|Cramorant, L86, F|24/261\n|move|p1a: Alcremie|Alluring Voice|p2a: Cramorant\n|-damage|p2a: Cramorant|0 fnt\n|faint|p2a: Cramorant\n|\n|-heal|p1a: Alcremie|247/263|[from] item: Leftovers\n|upkeep\n|\n|t:|1781425889\n|switch|p2a: Grumpig|Grumpig, L92, M|297/297\n|turn|13\n|inactive|scampy789 has 120 seconds left.\n|\n|t:|1781425924\n|switch|p1a: Palafin|Palafin-Hero, L77, M|205/281\n|-activate|p1a: Palafin|ability: Zero to Hero\n|move|p2a: Grumpig|Nasty Plot|p2a: Grumpig\n|-boost|p2a: Grumpig|spa|2\n|\n|-heal|p1a: Palafin|222/281|[from] item: Leftovers\n|upkeep\n|turn|14\n|\n|t:|1781425946\n|move|p2a: Grumpig|Psychic|p1a: Palafin\n|-damage|p1a: Palafin|0 fnt\n|faint|p1a: Palafin\n|\n|upkeep\n|inactive|scampy789 has 90 seconds left.\n|\n|t:|1781425959\n|switch|p1a: Heracross|Heracross, L80, M|93/259\n|turn|15\n|\n|t:|1781425966\n|move|p1a: Heracross|Megahorn|p2a: Grumpig\n|-supereffective|p2a: Grumpig\n|-damage|p2a: Grumpig|0 fnt\n|faint|p2a: Grumpig\n|-ability|p1a: Heracross|Moxie|boost\n|-boost|p1a: Heracross|atk|1\n|\n|upkeep\n|\n|t:|1781425974\n|switch|p2a: Magmortar|Magmortar, L88, F|104/275\n|turn|16\n|inactive|scampy789 has 90 seconds left.\n|\n|t:|1781425998\n|switch|p1a: Alcremie|Alcremie-Ruby-Swirl, L90, F|247/263\n|move|p2a: Magmortar|Fire Blast|p1a: Alcremie\n|-damage|p1a: Alcremie|130/263\n|\n|-heal|p1a: Alcremie|146/263|[from] item: Leftovers\n|upkeep\n|turn|17\n|inactive|scampy789 has 90 seconds left.\n|\n|t:|1781426011\n|move|p2a: Magmortar|Fire Blast|p1a: Alcremie|[miss]\n|-miss|p2a: Magmortar|p1a: Alcremie\n|move|p1a: Alcremie|Recover|p1a: Alcremie\n|-heal|p1a: Alcremie|263/263\n|\n|upkeep\n|turn|18\n|\n|t:|1781426021\n|switch|p2a: Tropius|Tropius, L91, F|288/328\n|move|p1a: Alcremie|Tera Blast|p2a: Tropius\n|-damage|p2a: Tropius|216/328\n|\n|upkeep\n|turn|19\n|\n|t:|1781426029\n|move|p1a: Alcremie|Alluring Voice|p2a: Tropius\n|-damage|p2a: Tropius|107/328\n|-enditem|p2a: Tropius|Sitrus Berry|[eat]\n|-heal|p2a: Tropius|189/328|[from] item: Sitrus Berry\n|move|p2a: Tropius|Leech Seed|p1a: Alcremie\n|-start|p1a: Alcremie|move: Leech Seed\n|\n|-damage|p1a: Alcremie|231/263|[from] Leech Seed|[of] p2a: Tropius\n|-heal|p2a: Tropius|221/328|[silent]\n|upkeep\n|turn|20\n|inactive|scampy789 has 90 seconds left.\n|\n|t:|1781426051\n|move|p1a: Alcremie|Calm Mind|p1a: Alcremie\n|-boost|p1a: Alcremie|spa|1\n|-boost|p1a: Alcremie|spd|1\n|move|p2a: Tropius|Air Slash|p1a: Alcremie\n|-damage|p1a: Alcremie|192/263\n|\n|-heal|p1a: Alcremie|208/263|[from] item: Leftovers\n|-damage|p1a: Alcremie|176/263|[from] Leech Seed|[of] p2a: Tropius\n|-heal|p2a: Tropius|253/328|[silent]\n|-item|p2a: Tropius|Sitrus Berry|[from] ability: Harvest\n|upkeep\n|turn|21\n|inactive|scampy789 has 90 seconds left.\n|\n|t:|1781426066\n|switch|p2a: Magmortar|Magmortar, L88, F|104/275\n|move|p1a: Alcremie|Calm Mind|p1a: Alcremie\n|-boost|p1a: Alcremie|spa|1\n|-boost|p1a: Alcremie|spd|1\n|\n|-heal|p1a: Alcremie|192/263|[from] item: Leftovers\n|-damage|p1a: Alcremie|160/263|[from] Leech Seed|[of] p2a: Magmortar\n|-heal|p2a: Magmortar|136/275|[silent]\n|upkeep\n|turn|22\n|\n|t:|1781426078\n|move|p2a: Magmortar|Earthquake|p1a: Alcremie\n|-damage|p1a: Alcremie|84/263\n|move|p1a: Alcremie|Tera Blast|p2a: Magmortar\n|-damage|p2a: Magmortar|10/275\n|\n|-heal|p1a: Alcremie|100/263|[from] item: Leftovers\n|-damage|p1a: Alcremie|68/263|[from] Leech Seed|[of] p2a: Magmortar\n|-heal|p2a: Magmortar|42/275|[silent]\n|upkeep\n|turn|23\n|\n|t:|1781426090\n|switch|p1a: Heracross|Heracross, L80, M|93/259\n|move|p2a: Magmortar|Earthquake|p1a: Heracross\n|-resisted|p1a: Heracross\n|-damage|p1a: Heracross|52/259\n|\n|upkeep\n|turn|24\n|\n|t:|1781426101\n|move|p1a: Heracross|Stone Edge|p2a: Magmortar|[miss]\n|-miss|p1a: Heracross|p2a: Magmortar\n|move|p2a: Magmortar|Thunderbolt|p1a: Heracross\n|-damage|p1a: Heracross|0 fnt\n|faint|p1a: Heracross\n|\n|upkeep\n|\n|t:|1781426105\n|switch|p1a: Koraidon|Koraidon, L64|235/235\n|-weather|SunnyDay|[from] ability: Orichalcum Pulse|[of] p1a: Koraidon\n|-activate|p1a: Koraidon|Orichalcum Pulse|[source]\n|turn|25\n|\n|t:|1781426116\n|-terastallize|p1a: Koraidon|Fire\n|move|p1a: Koraidon|Flare Blitz|p2a: Magmortar\n|-resisted|p2a: Magmortar\n|-damage|p2a: Magmortar|0 fnt\n|faint|p2a: Magmortar\n|-damage|p1a: Koraidon|221/235|[from] Recoil\n|\n|-weather|SunnyDay|[upkeep]\n|upkeep\n|\n|t:|1781426131\n|switch|p2a: Sinistcha|Sinistcha-Masterpiece, L83|254/254\n|turn|26\n|inactive|scampy789 has 120 seconds left.\n|\n|t:|1781426144\n|move|p1a: Koraidon|Swords Dance|p1a: Koraidon\n|-boost|p1a: Koraidon|atk|2\n|move|p2a: Sinistcha|Strength Sap|p1a: Koraidon\n|-unboost|p1a: Koraidon|atk|1\n|\n|-weather|SunnyDay|[upkeep]\n|upkeep\n|turn|27\n|inactive|scampy789 has 120 seconds left.\n|\n|t:|1781426153\n|move|p1a: Koraidon|Swords Dance|p1a: Koraidon\n|-boost|p1a: Koraidon|atk|2\n|move|p2a: Sinistcha|Shadow Ball|p1a: Koraidon\n|-damage|p1a: Koraidon|103/235\n|\n|-weather|SunnyDay|[upkeep]\n|upkeep\n|turn|28\n|inactive|scampy789 has 120 seconds left.\n|\n|t:|1781426163\n|move|p1a: Koraidon|Scale Shot|p2a: Sinistcha\n|-damage|p2a: Sinistcha|188/254\n|-damage|p2a: Sinistcha|122/254\n|-damage|p2a: Sinistcha|64/254\n|-damage|p2a: Sinistcha|4/254\n|-hitcount|p2a: Sinistcha|4\n|-unboost|p1a: Koraidon|def|1\n|-boost|p1a: Koraidon|spe|1\n|move|p2a: Sinistcha|Shadow Ball|p1a: Koraidon\n|-damage|p1a: Koraidon|0 fnt\n|faint|p1a: Koraidon\n|\n|-weather|SunnyDay|[upkeep]\n|-heal|p2a: Sinistcha|19/254|[from] item: Leftovers\n|upkeep\n|inactive|scampy789 has 120 seconds left.\n|\n|t:|1781426180\n|switch|p1a: Alcremie|Alcremie-Ruby-Swirl, L90, F|68/263\n|turn|29\n|\n|t:|1781426188\n|move|p1a: Alcremie|Alluring Voice|p2a: Sinistcha\n|-damage|p2a: Sinistcha|0 fnt\n|faint|p2a: Sinistcha\n|\n|-weather|none\n|-heal|p1a: Alcremie|84/263|[from] item: Leftovers\n|upkeep\n|\n|t:|1781426196\n|switch|p2a: Tropius|Tropius, L91, F|253/328\n|turn|30\n|\n|t:|1781426201\n|move|p1a: Alcremie|Calm Mind|p1a: Alcremie\n|-boost|p1a: Alcremie|spa|1\n|-boost|p1a: Alcremie|spd|1\n|move|p2a: Tropius|Leech Seed|p1a: Alcremie\n|-start|p1a: Alcremie|move: Leech Seed\n|\n|-heal|p1a: Alcremie|100/263|[from] item: Leftovers\n|-damage|p1a: Alcremie|68/263|[from] Leech Seed|[of] p2a: Tropius\n|-heal|p2a: Tropius|285/328|[silent]\n|upkeep\n|turn|31\n|\n|t:|1781426213\n|move|p1a: Alcremie|Recover|p1a: Alcremie\n|-heal|p1a: Alcremie|200/263\n|move|p2a: Tropius|Air Slash|p1a: Alcremie\n|-damage|p1a: Alcremie|161/263\n|\n|-heal|p1a: Alcremie|177/263|[from] item: Leftovers\n|-damage|p1a: Alcremie|145/263|[from] Leech Seed|[of] p2a: Tropius\n|-heal|p2a: Tropius|317/328|[silent]\n|upkeep\n|turn|32\n|\n|t:|1781426225\n|move|p1a: Alcremie|Calm Mind|p1a: Alcremie\n|-boost|p1a: Alcremie|spa|1\n|-boost|p1a: Alcremie|spd|1\n|move|p2a: Tropius|Air Slash|p1a: Alcremie\n|-damage|p1a: Alcremie|115/263\n|\n|-heal|p1a: Alcremie|131/263|[from] item: Leftovers\n|-damage|p1a: Alcremie|99/263|[from] Leech Seed|[of] p2a: Tropius\n|-heal|p2a: Tropius|328/328|[silent]\n|upkeep\n|turn|33\n|\n|t:|1781426237\n|-terastallize|p2a: Tropius|Steel\n|move|p1a: Alcremie|Calm Mind|p1a: Alcremie\n|-boost|p1a: Alcremie|spa|1\n|-boost|p1a: Alcremie|spd|1\n|move|p2a: Tropius|Air Slash|p1a: Alcremie\n|-damage|p1a: Alcremie|75/263\n|\n|-heal|p1a: Alcremie|91/263|[from] item: Leftovers\n|-damage|p1a: Alcremie|59/263|[from] Leech Seed|[of] p2a: Tropius\n|upkeep\n|turn|34\n|\n|t:|1781426249\n|move|p1a: Alcremie|Recover|p1a: Alcremie\n|-heal|p1a: Alcremie|191/263\n|move|p2a: Tropius|Air Slash|p1a: Alcremie\n|-damage|p1a: Alcremie|167/263\n|\n|-heal|p1a: Alcremie|183/263|[from] item: Leftovers\n|-damage|p1a: Alcremie|151/263|[from] Leech Seed|[of] p2a: Tropius\n|upkeep\n|turn|35\n|\n|t:|1781426264\n|move|p1a: Alcremie|Calm Mind|p1a: Alcremie\n|-boost|p1a: Alcremie|spa|1\n|-boost|p1a: Alcremie|spd|1\n|move|p2a: Tropius|Substitute|p2a: Tropius\n|-start|p2a: Tropius|Substitute\n|-damage|p2a: Tropius|246/328\n|\n|-heal|p1a: Alcremie|167/263|[from] item: Leftovers\n|-damage|p1a: Alcremie|135/263|[from] Leech Seed|[of] p2a: Tropius\n|-heal|p2a: Tropius|278/328|[silent]\n|upkeep\n|turn|36\n|\n|t:|1781426275\n|move|p2a: Tropius|Protect|p2a: Tropius\n|-singleturn|p2a: Tropius|Protect\n|move|p1a: Alcremie|Calm Mind|p1a: Alcremie\n|-boost|p1a: Alcremie|spa|1\n|-boost|p1a: Alcremie|spd|1\n|\n|-heal|p1a: Alcremie|151/263|[from] item: Leftovers\n|-damage|p1a: Alcremie|119/263|[from] Leech Seed|[of] p2a: Tropius\n|-heal|p2a: Tropius|310/328|[silent]\n|upkeep\n|turn|37\n|\n|t:|1781426287\n|move|p1a: Alcremie|Calm Mind|p1a: Alcremie\n|-boost|p1a: Alcremie|spa|1\n|-boost|p1a: Alcremie|spd|1\n|move|p2a: Tropius|Air Slash|p1a: Alcremie\n|-damage|p1a: Alcremie|104/263\n|\n|-heal|p1a: Alcremie|120/263|[from] item: Leftovers\n|-damage|p1a: Alcremie|88/263|[from] Leech Seed|[of] p2a: Tropius\n|-heal|p2a: Tropius|328/328|[silent]\n|upkeep\n|turn|38\n|\n|t:|1781426298\n|move|p1a: Alcremie|Recover|p1a: Alcremie\n|-heal|p1a: Alcremie|220/263\n|move|p2a: Tropius|Air Slash|p1a: Alcremie\n|-damage|p1a: Alcremie|205/263\n|\n|-heal|p1a: Alcremie|221/263|[from] item: Leftovers\n|-damage|p1a: Alcremie|189/263|[from] Leech Seed|[of] p2a: Tropius\n|upkeep\n|turn|39\n|\n|t:|1781426310\n|move|p1a: Alcremie|Tera Blast|p2a: Tropius\n|-resisted|p2a: Tropius\n|-end|p2a: Tropius|Substitute\n|move|p2a: Tropius|Air Slash|p1a: Alcremie\n|-damage|p1a: Alcremie|176/263\n|\n|-heal|p1a: Alcremie|192/263|[from] item: Leftovers\n|-damage|p1a: Alcremie|160/263|[from] Leech Seed|[of] p2a: Tropius\n|upkeep\n|turn|40\n|\n|t:|1781426335\n|move|p1a: Alcremie|Tera Blast|p2a: Tropius\n|-resisted|p2a: Tropius\n|-damage|p2a: Tropius|198/328\n|move|p2a: Tropius|Air Slash|p1a: Alcremie\n|-damage|p1a: Alcremie|147/263\n|\n|-heal|p1a: Alcremie|163/263|[from] item: Leftovers\n|-damage|p1a: Alcremie|131/263|[from] Leech Seed|[of] p2a: Tropius\n|-heal|p2a: Tropius|230/328|[silent]\n|upkeep\n|turn|41\n|\n|t:|1781426347\n|move|p2a: Tropius|Protect|p2a: Tropius\n|-singleturn|p2a: Tropius|Protect\n|move|p1a: Alcremie|Alluring Voice|p2a: Tropius\n|-activate|p2a: Tropius|move: Protect\n|\n|-heal|p1a: Alcremie|147/263|[from] item: Leftovers\n|-damage|p1a: Alcremie|115/263|[from] Leech Seed|[of] p2a: Tropius\n|-heal|p2a: Tropius|262/328|[silent]\n|upkeep\n|turn|42\n|\n|t:|1781426357\n|move|p1a: Alcremie|Alluring Voice|p2a: Tropius\n|-resisted|p2a: Tropius\n|-damage|p2a: Tropius|52/328\n|-enditem|p2a: Tropius|Sitrus Berry|[eat]\n|-heal|p2a: Tropius|134/328|[from] item: Sitrus Berry\n|move|p2a: Tropius|Air Slash|p1a: Alcremie\n|-damage|p1a: Alcremie|100/263\n|\n|-heal|p1a: Alcremie|116/263|[from] item: Leftovers\n|-damage|p1a: Alcremie|84/263|[from] Leech Seed|[of] p2a: Tropius\n|-heal|p2a: Tropius|166/328|[silent]\n|upkeep\n|turn|43\n|\n|t:|1781426370\n|move|p2a: Tropius|Protect|p2a: Tropius\n|-singleturn|p2a: Tropius|Protect\n|move|p1a: Alcremie|Alluring Voice|p2a: Tropius\n|-activate|p2a: Tropius|move: Protect\n|\n|-heal|p1a: Alcremie|100/263|[from] item: Leftovers\n|-damage|p1a: Alcremie|68/263|[from] Leech Seed|[of] p2a: Tropius\n|-heal|p2a: Tropius|198/328|[silent]\n|upkeep\n|turn|44\n|\n|t:|1781426380\n|move|p2a: Tropius|Protect|p2a: Tropius\n|-singleturn|p2a: Tropius|Protect\n|move|p1a: Alcremie|Alluring Voice|p2a: Tropius\n|-activate|p2a: Tropius|move: Protect\n|\n|-heal|p1a: Alcremie|84/263|[from] item: Leftovers\n|-damage|p1a: Alcremie|52/263|[from] Leech Seed|[of] p2a: Tropius\n|-heal|p2a: Tropius|230/328|[silent]\n|upkeep\n|turn|45\n|\n|t:|1781426390\n|move|p1a: Alcremie|Alluring Voice|p2a: Tropius\n|-resisted|p2a: Tropius\n|-damage|p2a: Tropius|24/328\n|move|p2a: Tropius|Air Slash|p1a: Alcremie\n|-damage|p1a: Alcremie|39/263\n|\n|-heal|p1a: Alcremie|55/263|[from] item: Leftovers\n|-damage|p1a: Alcremie|23/263|[from] Leech Seed|[of] p2a: Tropius\n|-heal|p2a: Tropius|56/328|[silent]\n|-item|p2a: Tropius|Sitrus Berry|[from] ability: Harvest\n|upkeep\n|-enditem|p2a: Tropius|Sitrus Berry|[eat]\n|-heal|p2a: Tropius|138/328|[from] item: Sitrus Berry\n|turn|46\n|\n|t:|1781426406\n|move|p2a: Tropius|Protect|p2a: Tropius\n|-singleturn|p2a: Tropius|Protect\n|move|p1a: Alcremie|Recover|p1a: Alcremie\n|-heal|p1a: Alcremie|155/263\n|\n|-heal|p1a: Alcremie|171/263|[from] item: Leftovers\n|-damage|p1a: Alcremie|139/263|[from] Leech Seed|[of] p2a: Tropius\n|-heal|p2a: Tropius|170/328|[silent]\n|upkeep\n|turn|47\n|\n|t:|1781426417\n|move|p2a: Tropius|Protect|p2a: Tropius\n|-singleturn|p2a: Tropius|Protect\n|move|p1a: Alcremie|Tera Blast|p2a: Tropius\n|-activate|p2a: Tropius|move: Protect\n|\n|-heal|p1a: Alcremie|155/263|[from] item: Leftovers\n|-damage|p1a: Alcremie|123/263|[from] Leech Seed|[of] p2a: Tropius\n|-heal|p2a: Tropius|202/328|[silent]\n|-item|p2a: Tropius|Sitrus Berry|[from] ability: Harvest\n|upkeep\n|turn|48\n|\n|t:|1781426430\n|move|p1a: Alcremie|Alluring Voice|p2a: Tropius\n|-resisted|p2a: Tropius\n|-damage|p2a: Tropius|0 fnt\n|faint|p2a: Tropius\n|\n|win|scampy789\n", "inputlog": ">version a8376a258c1d4662feba110a92103f3664a72141\n>start {\"formatid\":\"gen9randombattle\",\"seed\":\"sodium,f20b1c045dd0657c19a91028aedc36e6\",\"rated\":\"Rated battle\"}\n>player p1 {\"name\":\"scampy789\",\"avatar\":\"2\",\"rating\":2094,\"seed\":\"sodium,784ec5aa9fef198146fbfd779b424cca\"}\n>player p2 {\"name\":\"zegaaagalaaa\",\"avatar\":\"169\",\"rating\":2154,\"seed\":\"sodium,a19b99f0dfb43ffc3199c81e18142129\"}\n>p1 move knockoff\n>p2 move weatherball\n>p1 switch 2\n>p2 move weatherball\n>p1 move hydropump\n>p2 move weatherball\n>p1 move hydropump\n>p2 move weatherball\n>p1 move hydropump\n>p2 move weatherball\n>p2 switch 2\n>p1 switch 4\n>p2 move surf\n>p1 switch 4\n>p2 move surf\n>p1 switch 6\n>p1 move psychoboost\n>p2 move bravebird\n>p1 switch 2\n>p1 move closecombat\n>p2 switch 3\n>p1 move closecombat\n>p2 switch 4\n>p1 switch 5\n>p2 move leechseed\n>p1 move alluringvoice\n>p2 switch 3\n>p2 switch 6\n>p1 switch 4\n>p2 move nastyplot\n>p1 move wavecrash\n>p2 move psychic\n>p1 switch 5\n>p1 move megahorn\n>p2 move psychic\n>p2 switch 4\n>p1 switch 4\n>p2 move fireblast\n>p1 move recover\n>p2 move fireblast\n>p1 move terablast\n>p2 switch 3\n>p1 move alluringvoice\n>p2 move leechseed\n>p1 move calmmind\n>p2 move airslash\n>p1 move calmmind\n>p2 switch 3\n>p1 move terablast\n>p2 move earthquake\n>p1 switch 4\n>p2 move earthquake\n>p1 move stoneedge\n>p2 move thunderbolt\n>p1 switch 3\n>p1 move flareblitz terastallize\n>p2 move earthquake\n>p2 switch 5\n>p1 move swordsdance\n>p2 move strengthsap\n>p1 move swordsdance\n>p2 move shadowball\n>p1 move scaleshot\n>p2 move shadowball\n>p1 switch 4\n>p1 move alluringvoice\n>p2 move matchagotcha\n>p2 switch 3\n>p1 move calmmind\n>p2 move leechseed\n>p1 move recover\n>p2 move airslash\n>p1 move calmmind\n>p2 move airslash\n>p1 move calmmind\n>p2 move airslash terastallize\n>p1 move recover\n>p2 move airslash\n>p1 move calmmind\n>p2 move substitute\n>p1 move calmmind\n>p2 move protect\n>p1 move calmmind\n>p2 move airslash\n>p1 move recover\n>p2 move airslash\n>p1 move terablast\n>p2 move airslash\n>p1 move terablast\n>p2 move airslash\n>p1 move alluringvoice\n>p2 move protect\n>p1 move alluringvoice\n>p2 move airslash\n>p1 move alluringvoice\n>p2 move protect\n>p1 move alluringvoice\n>p2 move protect\n>p1 move alluringvoice\n>p2 move airslash\n>p1 move recover\n>p2 move protect\n>p1 move terablast\n>p2 move protect\n>p1 move alluringvoice\n>p2 move airslash", "uploadtime": 1781425641, "views": 4, "formatid": "gen9randombattle", "rating": null, "private": 0, "password": null, "player_dets": [{"name": "scampy789", "avatar": "2", "rating": 2094, "seed": "sodium,784ec5aa9fef198146fbfd779b424cca"}, {"name": "zegaaagalaaa", "avatar": "169", "rating": 2154, "seed": "sodium,a19b99f0dfb43ffc3199c81e18142129"}], "teams_full": [{"Heracross": {"name": "Heracross", "species": "Heracross", "speciesId": "heracross", "gender": "M", "shiny": false, "level": 80, "moves": ["knockoff", "closecombat", "megahorn", "stoneedge"], "ability": "Moxie", "evs": {"hp": 85, "atk": 85, "def": 85, "spa": 85, "spd": 85, "spe": 85}, "ivs": {"hp": 31, "atk": 31, "def": 31, "spa": 31, "spd": 31, "spe": 31}, "item": "Choice Scarf", "teraType": "Bug", "role": "Fast Attacker", "bvs": {"hp": 80, "atk": 125, "def": 75, "spa": 40, "spd": 95, "spe": 85}, "stats": {"hp": 259, "atk": 246, "def": 166, "spa": 110, "spd": 198, "spe": 182}, "types": ["Bug", "Fighting"]}, "Basculegion": {"name": "Basculegion", "species": "Basculegion-F", "speciesId": "basculegionf", "gender": "F", "shiny": false, "level": 83, "moves": ["icebeam", "shadowball", "hydropump", "flipturn"], "ability": "Adaptability", "evs": {"hp": 85, "atk": 85, "def": 85, "spa": 85, "spd": 85, "spe": 85}, "ivs": {"hp": 31, "atk": 31, "def": 31, "spa": 31, "spd": 31, "spe": 31}, "item": "Choice Specs", "teraType": "Water", "role": "Wallbreaker", "bvs": {"hp": 120, "atk": 92, "def": 65, "spa": 100, "spd": 75, "spe": 78}, "stats": {"hp": 335, "atk": 200, "def": 156, "spa": 214, "spd": 172, "spe": 177}, "types": ["Water", "Ghost"]}, "Koraidon": {"name": "Koraidon", "species": "Koraidon", "speciesId": "koraidon", "gender": "N", "shiny": false, "level": 64, "moves": ["collisioncourse", "flareblitz", "swordsdance", "scaleshot"], "ability": "Orichalcum Pulse", "evs": {"hp": 85, "atk": 85, "def": 85, "spa": 85, "spd": 85, "spe": 85}, "ivs": {"hp": 31, "atk": 31, "def": 31, "spa": 31, "spd": 31, "spe": 31}, "item": "Loaded Dice", "teraType": "Fire", "role": "Setup Sweeper", "bvs": {"hp": 100, "atk": 135, "def": 115, "spa": 85, "spd": 100, "spe": 135}, "stats": {"hp": 235, "atk": 211, "def": 185, "spa": 147, "spd": 166, "spe": 211}, "types": ["Fighting", "Dragon"]}, "Palafin": {"name": "Palafin", "species": "Palafin", "speciesId": "palafin", "gender": "M", "shiny": false, "level": 77, "moves": ["wavecrash", "jetpunch", "bulkup", "drainpunch"], "ability": "Zero to Hero", "evs": {"hp": 85, "atk": 85, "def": 85, "spa": 85, "spd": 85, "spe": 85}, "ivs": {"hp": 31, "atk": 31, "def": 31, "spa": 31, "spd": 31, "spe": 31}, "item": "Leftovers", "teraType": "Steel", "role": "Bulky Setup", "bvs": {"hp": 100, "atk": 70, "def": 72, "spa": 53, "spd": 62, "spe": 100}, "stats": {"hp": 281, "atk": 152, "def": 155, "spa": 126, "spd": 140, "spe": 199}, "types": ["Water"]}, "Alcremie": {"name": "Alcremie", "species": "Alcremie-Ruby-Swirl", "speciesId": "alcremie", "gender": "F", "shiny": false, "level": 90, "moves": ["alluringvoice", "recover", "terablast", "calmmind"], "ability": "Aroma Veil", "evs": {"hp": 85, "atk": 0, "def": 85, "spa": 85, "spd": 85, "spe": 85}, "ivs": {"hp": 31, "atk": 0, "def": 31, "spa": 31, "spd": 31, "spe": 31}, "item": "Leftovers", "teraType": "Ground", "role": "Tera Blast user", "bvs": {"hp": 65, "atk": 60, "def": 75, "spa": 110, "spd": 121, "spe": 64}, "stats": {"hp": 263, "atk": 113, "def": 186, "spa": 249, "spd": 269, "spe": 167}, "types": ["Fairy"]}, "Deoxys": {"name": "Deoxys", "species": "Deoxys", "speciesId": "deoxys", "gender": "N", "shiny": false, "level": 74, "moves": ["superpower", "psychoboost", "knockoff", "extremespeed"], "ability": "Pressure", "evs": {"hp": 85, "atk": 85, "def": 85, "spa": 85, "spd": 85, "spe": 85}, "ivs": {"hp": 31, "atk": 31, "def": 31, "spa": 31, "spd": 31, "spe": 31}, "item": "Life Orb", "teraType": "Fighting", "role": "Fast Attacker", "bvs": {"hp": 50, "atk": 150, "def": 50, "spa": 150, "spd": 50, "spe": 150}, "stats": {"hp": 196, "atk": 265, "def": 117, "spa": 265, "spd": 117, "spe": 265}, "types": ["Psychic"]}}, {"Politoed": {"name": "Politoed", "species": "Politoed", "speciesId": "politoed", "gender": "F", "shiny": false, "level": 88, "moves": ["focusblast", "hydropump", "icebeam", "weatherball"], "ability": "Drizzle", "evs": {"hp": 85, "atk": 0, "def": 85, "spa": 85, "spd": 85, "spe": 85}, "ivs": {"hp": 31, "atk": 0, "def": 31, "spa": 31, "spd": 31, "spe": 31}, "item": "Choice Specs", "teraType": "Water", "role": "Fast Attacker", "bvs": {"hp": 90, "atk": 75, "def": 75, "spa": 90, "spd": 100, "spe": 70}, "stats": {"hp": 302, "atk": 137, "def": 182, "spa": 209, "spd": 226, "spe": 173}, "types": ["Water"]}, "Cramorant": {"name": "Cramorant", "species": "Cramorant", "speciesId": "cramorant", "gender": "F", "shiny": false, "level": 86, "moves": ["bravebird", "defog", "roost", "surf"], "ability": "Gulp Missile", "evs": {"hp": 85, "atk": 85, "def": 85, "spa": 85, "spd": 85, "spe": 85}, "ivs": {"hp": 31, "atk": 31, "def": 31, "spa": 31, "spd": 31, "spe": 31}, "item": "Heavy-Duty Boots", "teraType": "Ground", "role": "Bulky Support", "bvs": {"hp": 70, "atk": 85, "def": 55, "spa": 85, "spd": 95, "spe": 85}, "stats": {"hp": 261, "atk": 195, "def": 144, "spa": 195, "spd": 213, "spe": 195}, "types": ["Flying", "Water"]}, "Magmortar": {"name": "Magmortar", "species": "Magmortar", "speciesId": "magmortar", "gender": "F", "shiny": false, "level": 88, "moves": ["fireblast", "focusblast", "thunderbolt", "earthquake"], "ability": "Flame Body", "evs": {"hp": 85, "atk": 85, "def": 85, "spa": 85, "spd": 85, "spe": 85}, "ivs": {"hp": 31, "atk": 31, "def": 31, "spa": 31, "spd": 31, "spe": 31}, "item": "Heavy-Duty Boots", "teraType": "Electric", "role": "Fast Attacker", "bvs": {"hp": 75, "atk": 95, "def": 67, "spa": 125, "spd": 95, "spe": 83}, "stats": {"hp": 275, "atk": 217, "def": 168, "spa": 270, "spd": 217, "spe": 196}, "types": ["Fire"]}, "Tropius": {"name": "Tropius", "species": "Tropius", "speciesId": "tropius", "gender": "F", "shiny": false, "level": 91, "moves": ["leechseed", "protect", "airslash", "substitute"], "ability": "Harvest", "evs": {"hp": 85, "atk": 0, "def": 85, "spa": 85, "spd": 85, "spe": 85}, "ivs": {"hp": 31, "atk": 0, "def": 31, "spa": 31, "spd": 31, "spe": 31}, "item": "Sitrus Berry", "teraType": "Steel", "role": "Bulky Support", "bvs": {"hp": 99, "atk": 68, "def": 83, "spa": 72, "spd": 87, "spe": 51}, "stats": {"hp": 328, "atk": 128, "def": 203, "spa": 183, "spd": 210, "spe": 145}, "types": ["Grass", "Flying"]}, "Sinistcha": {"name": "Sinistcha", "species": "Sinistcha-Masterpiece", "speciesId": "sinistcha", "gender": "N", "shiny": false, "level": 83, "moves": ["shadowball", "strengthsap", "matchagotcha", "calmmind"], "ability": "Heatproof", "evs": {"hp": 85, "atk": 0, "def": 85, "spa": 85, "spd": 85, "spe": 85}, "ivs": {"hp": 31, "atk": 0, "def": 31, "spa": 31, "spd": 31, "spe": 31}, "item": "Leftovers", "teraType": "Steel", "role": "Bulky Setup", "bvs": {"hp": 71, "atk": 60, "def": 106, "spa": 121, "spd": 80, "spe": 70}, "stats": {"hp": 254, "atk": 104, "def": 224, "spa": 249, "spd": 180, "spe": 164}, "types": ["Grass", "Ghost"]}, "Grumpig": {"name": "Grumpig", "species": "Grumpig", "speciesId": "grumpig", "gender": "M", "shiny": false, "level": 92, "moves": ["psychic", "nastyplot", "shadowball", "focusblast"], "ability": "Thick Fat", "evs": {"hp": 85, "atk": 0, "def": 85, "spa": 85, "spd": 85, "spe": 85}, "ivs": {"hp": 31, "atk": 0, "def": 31, "spa": 31, "spd": 31, "spe": 31}, "item": "Leftovers", "teraType": "Fighting", "role": "Bulky Setup", "bvs": {"hp": 80, "atk": 45, "def": 65, "spa": 90, "spd": 110, "spe": 80}, "stats": {"hp": 297, "atk": 87, "def": 172, "spa": 218, "spd": 255, "spe": 200}, "types": ["Psychic"]}}]}