{"id": "gen9randombattle-2631703187", "format": "[Gen 9] Random Battle", "players": ["Saaskin", "Arsenal0394"], "log": "|j|\u2606Saaskin\n|j|\u203dArsenal0394\n|t:|1781424982\n|gametype|singles\n|player|p1|Saaskin|265|2028\n|player|p2|Arsenal0394|102|1949\n|gen|9\n|tier|[Gen 9] Random Battle\n|rated|\n|rule|Species Clause: Limit one of each Pok\u00e9mon\n|rule|HP Percentage Mod: HP is shown in percentages\n|rule|Sleep Clause Mod: Limit one foe put to sleep\n|rule|Illusion Level Mod: Illusion disguises the Pok\u00e9mon's true level\n|\n|t:|1781424982\n|teamsize|p1|6\n|teamsize|p2|6\n|start\n|switch|p1a: Toedscruel|Toedscruel, L87, M|281/281\n|switch|p2a: Talonflame|Talonflame, L83, F|265/265\n|turn|1\n|inactive|Battle timer is ON: inactive players will automatically lose when time's up. (requested by Saaskin)\n|inactive|Arsenal0394 has 120 seconds left.\n|\n|t:|1781425033\n|switch|p1a: Glimmora|Glimmora, L75, F|248/248\n|move|p2a: Talonflame|Swords Dance|p2a: Talonflame\n|-boost|p2a: Talonflame|atk|2\n|\n|upkeep\n|turn|2\n|\n|t:|1781425046\n|switch|p1a: Toedscruel|Toedscruel, L87, M|281/281\n|-terastallize|p2a: Talonflame|Ground\n|move|p2a: Talonflame|Tera Blast|p1a: Toedscruel|[anim] Tera Blast Ground\n|-resisted|p1a: Toedscruel\n|-damage|p1a: Toedscruel|191/281\n|\n|upkeep\n|turn|3\n|\n|t:|1781425053\n|-terastallize|p1a: Toedscruel|Water\n|move|p2a: Talonflame|Flare Blitz|p1a: Toedscruel\n|-resisted|p1a: Toedscruel\n|-damage|p1a: Toedscruel|65/281\n|-damage|p2a: Talonflame|223/265|[from] Recoil\n|move|p1a: Toedscruel|Giga Drain|p2a: Talonflame\n|-supereffective|p2a: Talonflame\n|-damage|p2a: Talonflame|43/265\n|-heal|p1a: Toedscruel|155/281|[from] drain|[of] p2a: Talonflame\n|\n|upkeep\n|turn|4\n|\n|t:|1781425061\n|switch|p1a: Glimmora|Glimmora, L75, F|248/248\n|move|p2a: Talonflame|Brave Bird|p1a: Glimmora\n|-resisted|p1a: Glimmora\n|-damage|p1a: Glimmora|131/248\n|-activate|p1a: Glimmora|ability: Toxic Debris\n|-sidestart|p2: Arsenal0394|move: Toxic Spikes\n|-damage|p2a: Talonflame|4/265|[from] Recoil\n|\n|upkeep\n|turn|5\n|\n|t:|1781425075\n|move|p2a: Talonflame|Tera Blast|p1a: Glimmora|[anim] Tera Blast Ground\n|-supereffective|p1a: Glimmora\n|-damage|p1a: Glimmora|0 fnt\n|-activate|p1a: Glimmora|ability: Toxic Debris\n|-sidestart|p2: Arsenal0394|move: Toxic Spikes\n|faint|p1a: Glimmora\n|\n|upkeep\n|\n|t:|1781425080\n|switch|p1a: Zangoose|Zangoose, L85, F|263/263\n|turn|6\n|\n|t:|1781425088\n|switch|p2a: Iron Valiant|Iron Valiant, L78|244/244\n|-status|p2a: Iron Valiant|tox\n|move|p1a: Zangoose|Swords Dance|p1a: Zangoose\n|-boost|p1a: Zangoose|atk|2\n|\n|-damage|p2a: Iron Valiant|229/244 tox|[from] psn\n|-status|p1a: Zangoose|tox|[from] item: Toxic Orb\n|upkeep\n|turn|7\n|\n|t:|1781425094\n|switch|p1a: Chandelure|Chandelure, L83, M|235/235\n|move|p2a: Iron Valiant|Close Combat|p1a: Chandelure\n|-immune|p1a: Chandelure\n|\n|-damage|p2a: Iron Valiant|199/244 tox|[from] psn\n|upkeep\n|turn|8\n|\n|t:|1781425110\n|move|p1a: Chandelure|Fire Blast|p2a: Iron Valiant\n|-damage|p2a: Iron Valiant|0 fnt\n|faint|p2a: Iron Valiant\n|-end|p2a: Iron Valiant|Quark Drive|[silent]\n|\n|upkeep\n|\n|t:|1781425118\n|switch|p2a: Comfey|Comfey, L85, M|225/225\n|-status|p2a: Comfey|tox\n|turn|9\n|\n|t:|1781425123\n|switch|p1a: Zangoose|Zangoose, L85, F|263/263 tox\n|switch|p2a: Dondozo|Dondozo, L78, F|362/362\n|-status|p2a: Dondozo|tox\n|\n|-damage|p1a: Zangoose|247/263 tox|[from] psn\n|-damage|p2a: Dondozo|340/362 tox|[from] psn\n|upkeep\n|turn|10\n|\n|t:|1781425130\n|switch|p1a: Toedscruel|Toedscruel, L87, M, tera:Water|155/281\n|move|p2a: Dondozo|Wave Crash|p1a: Toedscruel\n|-resisted|p1a: Toedscruel\n|-damage|p1a: Toedscruel|86/281\n|-damage|p2a: Dondozo|317/362 tox|[from] Recoil\n|\n|-heal|p2a: Dondozo|339/362 tox|[from] item: Leftovers\n|-damage|p2a: Dondozo|295/362 tox|[from] psn\n|upkeep\n|turn|11\n|\n|t:|1781425137\n|switch|p2a: Talonflame|Talonflame, L83, F, tera:Ground|4/265\n|move|p1a: Toedscruel|Giga Drain|p2a: Talonflame\n|-supereffective|p2a: Talonflame\n|-damage|p2a: Talonflame|0 fnt\n|-heal|p1a: Toedscruel|88/281|[from] drain|[of] p2a: Talonflame\n|faint|p2a: Talonflame\n|\n|upkeep\n|\n|t:|1781425140\n|switch|p2a: Arceus|Arceus-Electric, L70|284/284\n|-status|p2a: Arceus|tox\n|turn|12\n|\n|t:|1781425148\n|switch|p1a: Whiscash|Whiscash, L88, M|337/337\n|move|p2a: Arceus|Judgment|p1a: Whiscash\n|-immune|p1a: Whiscash\n|\n|-damage|p2a: Arceus|267/284 tox|[from] psn\n|upkeep\n|turn|13\n|-message|Arsenal0394 forfeited.\n|\n|win|Saaskin\n|raw|Saaskin's rating: 2028 &rarr; <strong>2044</strong><br />(+16 for winning)\n|raw|Arsenal0394's rating: 1949 &rarr; <strong>1933</strong><br />(-16 for losing)\n|l|\u203dArsenal0394\n|player|p2|\n", "inputlog": ">version a8376a258c1d4662feba110a92103f3664a72141\n>start {\"formatid\":\"gen9randombattle\",\"seed\":\"sodium,b88138a4858ff5760813132d3a698fa8\",\"rated\":\"Rated battle\"}\n>player p1 {\"name\":\"Saaskin\",\"avatar\":\"265\",\"rating\":2028,\"seed\":\"sodium,a8de4ee20869318bc47de5791701bba2\"}\n>player p2 {\"name\":\"Arsenal0394\",\"avatar\":\"102\",\"rating\":1949,\"seed\":\"sodium,d144cd942ea5f07b9688ea0208ee9912\"}\n>p1 switch 3\n>p2 move swordsdance\n>p1 switch 3\n>p2 move terablast terastallize\n>p1 move gigadrain terastallize\n>p2 move flareblitz\n>p1 switch 3\n>p2 move bravebird\n>p1 move earthpower\n>p2 move terablast\n>p1 switch 5\n>p1 move swordsdance\n>p2 switch 3\n>p1 switch 4\n>p2 move closecombat\n>p1 move fireblast\n>p2 move psychic\n>p2 switch 4\n>p1 switch 4\n>p2 switch 6\n>p1 switch 3\n>p2 move wavecrash\n>p1 move gigadrain\n>p2 switch 3\n>p2 switch 2\n>p1 switch 2\n>p2 move judgment\n>forcelose p2", "uploadtime": 1781425160, "views": 6, "formatid": "gen9randombattle", "rating": 1933, "private": 0, "password": null}