{"id": "gen9randombattle-2631513266", "format": "[Gen 9] Random Battle", "players": ["JhuniorCq", "davo2544"], "log": "|j|\u2606JhuniorCq\n|j|\u2606davo2544\n|t:|1781394803\n|gametype|singles\n|player|p1|JhuniorCq|2|2011\n|player|p2|davo2544|marley|2138\n|gen|9\n|tier|[Gen 9] Random Battle\n|rated|\n|rule|Species Clause: Limit one of each Pok\u00e9mon\n|rule|HP Percentage Mod: HP is shown in percentages\n|rule|Sleep Clause Mod: Limit one foe put to sleep\n|rule|Illusion Level Mod: Illusion disguises the Pok\u00e9mon's true level\n|\n|t:|1781394803\n|teamsize|p1|6\n|teamsize|p2|6\n|start\n|switch|p1a: Grimmsnarl|Grimmsnarl, L83, M|293/293\n|switch|p2a: Goodra|Goodra, L85, M|292/292\n|turn|1\n|inactive|Battle timer is ON: inactive players will automatically lose when time's up. (requested by JhuniorCq)\n|\n|t:|1781394818\n|switch|p2a: Arboliva|Arboliva, L91, M|288/288\n|move|p1a: Grimmsnarl|Parting Shot|p2a: Arboliva\n|-unboost|p2a: Arboliva|atk|1\n|-unboost|p2a: Arboliva|spa|1\n|\n|t:|1781394840\n|switch|p1a: Tentacruel|Tentacruel, L84, M|272/272|[from] Parting Shot\n|\n|upkeep\n|turn|2\n|\n|t:|1781394853\n|switch|p2a: Solgaleo|Solgaleo, L74|325/325\n|move|p1a: Tentacruel|Flip Turn|p2a: Solgaleo\n|-damage|p2a: Solgaleo|276/325\n|-damage|p1a: Tentacruel|227/272|[from] item: Rocky Helmet|[of] p2a: Solgaleo\n|\n|t:|1781394872\n|switch|p1a: Victreebel|Victreebel, L90, M|290/290|[from] Flip Turn\n|\n|upkeep\n|turn|3\n|\n|t:|1781394900\n|switch|p2a: Goodra|Goodra, L85, M|292/292\n|move|p1a: Victreebel|Sunny Day|p1a: Victreebel\n|-weather|SunnyDay\n|\n|-weather|SunnyDay|[upkeep]\n|upkeep\n|turn|4\n|\n|t:|1781394917\n|switch|p1a: Tentacruel|Tentacruel, L84, M|227/272\n|move|p2a: Goodra|Draco Meteor|p1a: Tentacruel\n|-damage|p1a: Tentacruel|149/272\n|-unboost|p2a: Goodra|spa|2\n|\n|-weather|SunnyDay|[upkeep]\n|upkeep\n|turn|5\n|\n|t:|1781394925\n|switch|p1a: Gliscor|Gliscor, L76, F|239/239\n|move|p2a: Goodra|Earthquake|p1a: Gliscor\n|-immune|p1a: Gliscor\n|\n|-weather|SunnyDay|[upkeep]\n|-status|p1a: Gliscor|tox|[from] item: Toxic Orb\n|upkeep\n|turn|6\n|\n|t:|1781394931\n|switch|p2a: Iron Bundle|Iron Bundle, L78|215/215\n|move|p1a: Gliscor|Earthquake|p2a: Iron Bundle\n|-damage|p2a: Iron Bundle|139/215\n|\n|-weather|SunnyDay|[upkeep]\n|upkeep\n|turn|7\n|\n|t:|1781394939\n|switch|p1a: Ampharos|Ampharos, L88, F|302/302\n|move|p2a: Iron Bundle|Freeze-Dry|p1a: Ampharos\n|-damage|p1a: Ampharos|227/302\n|\n|-weather|none\n|upkeep\n|turn|8\n|\n|t:|1781394952\n|-end|p2a: Iron Bundle|Quark Drive|[silent]\n|switch|p2a: Goodra|Goodra, L85, M|292/292\n|move|p1a: Ampharos|Volt Switch|p2a: Goodra\n|-resisted|p2a: Goodra\n|-damage|p2a: Goodra|262/292\n|\n|t:|1781394956\n|switch|p1a: Grimmsnarl|Grimmsnarl, L83, M|293/293|[from] Volt Switch\n|\n|upkeep\n|turn|9\n|\n|t:|1781394979\n|switch|p2a: Solgaleo|Solgaleo, L74|276/325\n|move|p1a: Grimmsnarl|Spirit Break|p2a: Solgaleo\n|-resisted|p2a: Solgaleo\n|-damage|p2a: Solgaleo|233/325\n|-damage|p1a: Grimmsnarl|245/293|[from] item: Rocky Helmet|[of] p2a: Solgaleo\n|\n|upkeep\n|turn|10\n|inactive|JhuniorCq has 120 seconds left.\n|\n|t:|1781395024\n|switch|p1a: Gliscor|Gliscor, L76, F|239/239 tox\n|move|p2a: Solgaleo|Sunsteel Strike|p1a: Gliscor\n|-damage|p1a: Gliscor|146/239 tox\n|\n|-heal|p1a: Gliscor|175/239 tox|[from] ability: Poison Heal\n|upkeep\n|turn|11\n|\n|t:|1781395031\n|switch|p2a: Goodra|Goodra, L85, M|262/292\n|move|p1a: Gliscor|Substitute|p1a: Gliscor\n|-start|p1a: Gliscor|Substitute\n|-damage|p1a: Gliscor|116/239 tox\n|\n|-heal|p1a: Gliscor|145/239 tox|[from] ability: Poison Heal\n|upkeep\n|turn|12\n|\n|t:|1781395034\n|move|p1a: Gliscor|Protect|p1a: Gliscor\n|-singleturn|p1a: Gliscor|Protect\n|move|p2a: Goodra|Scald|p1a: Gliscor\n|-activate|p1a: Gliscor|move: Protect\n|\n|-heal|p1a: Gliscor|174/239 tox|[from] ability: Poison Heal\n|upkeep\n|turn|13\n|\n|t:|1781395037\n|move|p1a: Gliscor|Toxic|p2a: Goodra\n|-status|p2a: Goodra|tox\n|move|p2a: Goodra|Scald|p1a: Gliscor\n|-supereffective|p1a: Gliscor\n|-end|p1a: Gliscor|Substitute\n|\n|-heal|p1a: Gliscor|203/239 tox|[from] ability: Poison Heal\n|-damage|p2a: Goodra|244/292 tox|[from] psn\n|upkeep\n|turn|14\n|\n|t:|1781395047\n|switch|p2a: Iron Bundle|Iron Bundle, L78|139/215\n|move|p1a: Gliscor|Substitute|p1a: Gliscor\n|-start|p1a: Gliscor|Substitute\n|-damage|p1a: Gliscor|144/239 tox\n|\n|-heal|p1a: Gliscor|173/239 tox|[from] ability: Poison Heal\n|upkeep\n|turn|15\n|\n|t:|1781395061\n|move|p1a: Gliscor|Protect|p1a: Gliscor\n|-singleturn|p1a: Gliscor|Protect\n|move|p2a: Iron Bundle|Encore|p1a: Gliscor\n|-activate|p1a: Gliscor|move: Protect\n|\n|-heal|p1a: Gliscor|202/239 tox|[from] ability: Poison Heal\n|upkeep\n|turn|16\n|\n|t:|1781395067\n|switch|p1a: Ampharos|Ampharos, L88, F|227/302\n|move|p2a: Iron Bundle|Freeze-Dry|p1a: Ampharos\n|-damage|p1a: Ampharos|158/302\n|\n|upkeep\n|turn|17\n|\n|t:|1781395073\n|-end|p2a: Iron Bundle|Quark Drive|[silent]\n|switch|p2a: Goodra|Goodra, L85, M|244/292 tox\n|move|p1a: Ampharos|Volt Switch|p2a: Goodra\n|-resisted|p2a: Goodra\n|-damage|p2a: Goodra|212/292 tox\n|\n|t:|1781395076\n|switch|p1a: Gliscor|Gliscor, L76, F|202/239 tox|[from] Volt Switch\n|\n|-heal|p1a: Gliscor|231/239 tox|[from] ability: Poison Heal\n|-damage|p2a: Goodra|194/292 tox|[from] psn\n|upkeep\n|turn|18\n|\n|t:|1781395080\n|move|p1a: Gliscor|Earthquake|p2a: Goodra\n|-damage|p2a: Goodra|101/292 tox\n|move|p2a: Goodra|Draco Meteor|p1a: Gliscor\n|-damage|p1a: Gliscor|20/239 tox\n|-unboost|p2a: Goodra|spa|2\n|\n|-heal|p1a: Gliscor|49/239 tox|[from] ability: Poison Heal\n|-damage|p2a: Goodra|65/292 tox|[from] psn\n|upkeep\n|turn|19\n|\n|t:|1781395084\n|switch|p2a: Iron Bundle|Iron Bundle, L78|139/215\n|move|p1a: Gliscor|Earthquake|p2a: Iron Bundle\n|-damage|p2a: Iron Bundle|63/215\n|\n|-heal|p1a: Gliscor|78/239 tox|[from] ability: Poison Heal\n|upkeep\n|turn|20\n|\n|t:|1781395088\n|move|p1a: Gliscor|Protect|p1a: Gliscor\n|-singleturn|p1a: Gliscor|Protect\n|move|p2a: Iron Bundle|Hydro Pump|p1a: Gliscor\n|-activate|p1a: Gliscor|move: Protect\n|\n|-heal|p1a: Gliscor|107/239 tox|[from] ability: Poison Heal\n|upkeep\n|turn|21\n|\n|t:|1781395091\n|switch|p1a: Ampharos|Ampharos, L88, F|158/302\n|move|p2a: Iron Bundle|Freeze-Dry|p1a: Ampharos\n|-damage|p1a: Ampharos|79/302\n|\n|upkeep\n|turn|22\n|\n|t:|1781395099\n|move|p2a: Iron Bundle|Hydro Pump|p1a: Ampharos\n|-damage|p1a: Ampharos|0 fnt\n|faint|p1a: Ampharos\n|\n|upkeep\n|\n|t:|1781395102\n|switch|p1a: Grimmsnarl|Grimmsnarl, L83, M|245/293\n|turn|23\n|\n|t:|1781395107\n|-end|p2a: Iron Bundle|Quark Drive|[silent]\n|switch|p2a: Solgaleo|Solgaleo, L74|233/325\n|move|p1a: Grimmsnarl|Light Screen|p1a: Grimmsnarl\n|-sidestart|p1: JhuniorCq|move: Light Screen\n|\n|upkeep\n|turn|24\n|\n|t:|1781395116\n|switch|p2a: Arboliva|Arboliva, L91, M|288/288\n|move|p1a: Grimmsnarl|Reflect|p1a: Grimmsnarl\n|-sidestart|p1: JhuniorCq|Reflect\n|\n|upkeep\n|turn|25\n|\n|t:|1781395121\n|move|p1a: Grimmsnarl|Parting Shot|p2a: Arboliva\n|-unboost|p2a: Arboliva|atk|1\n|-unboost|p2a: Arboliva|spa|1\n|\n|t:|1781395125\n|switch|p1a: Tentacruel|Tentacruel, L84, M|149/272|[from] Parting Shot\n|move|p2a: Arboliva|Substitute|p2a: Arboliva\n|-start|p2a: Arboliva|Substitute\n|-damage|p2a: Arboliva|216/288\n|\n|upkeep\n|turn|26\n|\n|t:|1781395128\n|move|p2a: Arboliva|Protect|p2a: Arboliva\n|-singleturn|p2a: Arboliva|Protect\n|move|p1a: Tentacruel|Sludge Bomb|p2a: Arboliva\n|-activate|p2a: Arboliva|move: Protect\n|\n|upkeep\n|turn|27\n|\n|t:|1781395130\n|move|p1a: Tentacruel|Sludge Bomb|p2a: Arboliva\n|-supereffective|p2a: Arboliva\n|-end|p2a: Arboliva|Substitute\n|move|p2a: Arboliva|Hyper Voice|p1a: Tentacruel\n|-damage|p1a: Tentacruel|127/272\n|\n|upkeep\n|turn|28\n|\n|t:|1781395134\n|switch|p2a: Solgaleo|Solgaleo, L74|233/325\n|move|p1a: Tentacruel|Surf|p2a: Solgaleo\n|-damage|p2a: Solgaleo|136/325\n|\n|upkeep\n|turn|29\n|\n|t:|1781395137\n|move|p1a: Tentacruel|Surf|p2a: Solgaleo\n|-damage|p2a: Solgaleo|49/325\n|move|p2a: Solgaleo|Morning Sun|p2a: Solgaleo\n|-heal|p2a: Solgaleo|211/325\n|\n|upkeep\n|turn|30\n|\n|t:|1781395142\n|switch|p1a: Victreebel|Victreebel, L90, M|290/290\n|move|p2a: Solgaleo|Morning Sun|p2a: Solgaleo\n|-heal|p2a: Solgaleo|325/325\n|\n|-sideend|p1: JhuniorCq|move: Light Screen\n|upkeep\n|turn|31\n|\n|t:|1781395149\n|move|p1a: Victreebel|Sunny Day|p1a: Victreebel\n|-weather|SunnyDay\n|move|p2a: Solgaleo|Roar|p1a: Victreebel\n|drag|p1a: Tentacruel|Tentacruel, L84, M|127/272\n|\n|-weather|SunnyDay|[upkeep]\n|-sideend|p1: JhuniorCq|Reflect\n|upkeep\n|turn|32\n|\n|t:|1781395158\n|switch|p1a: Palkia|Palkia, L75|259/259\n|-ability|p1a: Palkia|Pressure\n|move|p2a: Solgaleo|Earthquake|p1a: Palkia\n|-damage|p1a: Palkia|182/259\n|\n|-weather|SunnyDay|[upkeep]\n|upkeep\n|turn|33\n|\n|t:|1781395161\n|switch|p2a: Goodra|Goodra, L85, M|65/292 tox\n|move|p1a: Palkia|Fire Blast|p2a: Goodra\n|-resisted|p2a: Goodra\n|-damage|p2a: Goodra|18/292 tox\n|\n|-weather|SunnyDay|[upkeep]\n|-damage|p2a: Goodra|0 fnt|[from] psn\n|faint|p2a: Goodra\n|upkeep\n|\n|t:|1781395177\n|switch|p2a: Solgaleo|Solgaleo, L74|325/325\n|turn|34\n|\n|t:|1781395180\n|move|p1a: Palkia|Fire Blast|p2a: Solgaleo|[miss]\n|-miss|p1a: Palkia|p2a: Solgaleo\n|move|p2a: Solgaleo|Morning Sun|p2a: Solgaleo\n|-fail|p2a: Solgaleo|heal\n|\n|-weather|SunnyDay|[upkeep]\n|upkeep\n|turn|35\n|\n|t:|1781395186\n|move|p1a: Palkia|Fire Blast|p2a: Solgaleo\n|-supereffective|p2a: Solgaleo\n|-damage|p2a: Solgaleo|0 fnt\n|faint|p2a: Solgaleo\n|\n|-weather|none\n|upkeep\n|\n|t:|1781395188\n|switch|p2a: Iron Bundle|Iron Bundle, L78|63/215\n|turn|36\n|c|\u2606davo2544|surely\n|c|\u2606davo2544|plwSE\n|\n|t:|1781395203\n|switch|p1a: Tentacruel|Tentacruel, L84, M|127/272\n|move|p2a: Iron Bundle|Freeze-Dry|p1a: Tentacruel\n|-supereffective|p1a: Tentacruel\n|-damage|p1a: Tentacruel|49/272\n|\n|upkeep\n|turn|37\n|\n|t:|1781395210\n|move|p2a: Iron Bundle|Freeze-Dry|p1a: Tentacruel\n|-supereffective|p1a: Tentacruel\n|-damage|p1a: Tentacruel|0 fnt\n|faint|p1a: Tentacruel\n|\n|upkeep\n|\n|t:|1781395214\n|switch|p1a: Grimmsnarl|Grimmsnarl, L83, M|245/293\n|turn|38\n|\n|t:|1781395236\n|-end|p2a: Iron Bundle|Quark Drive|[silent]\n|switch|p2a: Arboliva|Arboliva, L91, M|216/288\n|move|p1a: Grimmsnarl|Light Screen|p1a: Grimmsnarl\n|-sidestart|p1: JhuniorCq|move: Light Screen\n|\n|upkeep\n|turn|39\n|\n|t:|1781395241\n|move|p1a: Grimmsnarl|Spirit Break|p2a: Arboliva\n|-damage|p2a: Arboliva|129/288\n|-unboost|p2a: Arboliva|spa|1\n|-enditem|p2a: Arboliva|Sitrus Berry|[eat]\n|-heal|p2a: Arboliva|201/288|[from] item: Sitrus Berry\n|move|p2a: Arboliva|Substitute|p2a: Arboliva\n|-start|p2a: Arboliva|Substitute\n|-damage|p2a: Arboliva|129/288\n|\n|-item|p2a: Arboliva|Sitrus Berry|[from] ability: Harvest\n|upkeep\n|-enditem|p2a: Arboliva|Sitrus Berry|[eat]\n|-heal|p2a: Arboliva|201/288|[from] item: Sitrus Berry\n|turn|40\n|\n|t:|1781395254\n|move|p1a: Grimmsnarl|Parting Shot|p2a: Arboliva\n|-unboost|p2a: Arboliva|atk|1\n|-unboost|p2a: Arboliva|spa|1\n|\n|t:|1781395258\n|switch|p1a: Victreebel|Victreebel, L90, M|290/290|[from] Parting Shot\n|move|p2a: Arboliva|Leech Seed|p1a: Victreebel\n|-immune|p1a: Victreebel\n|\n|-item|p2a: Arboliva|Sitrus Berry|[from] ability: Harvest\n|upkeep\n|turn|41\n|\n|t:|1781395262\n|move|p1a: Victreebel|Sludge Wave|p2a: Arboliva\n|-supereffective|p2a: Arboliva\n|-end|p2a: Arboliva|Substitute\n|-damage|p1a: Victreebel|261/290|[from] item: Life Orb\n|move|p2a: Arboliva|Hyper Voice|p1a: Victreebel\n|-damage|p1a: Victreebel|222/290\n|\n|upkeep\n|turn|42\n|\n|t:|1781395272\n|switch|p2a: Hawlucha|Hawlucha, L80, M|256/256\n|move|p1a: Victreebel|Sunny Day|p1a: Victreebel\n|-weather|SunnyDay\n|\n|-weather|SunnyDay|[upkeep]\n|upkeep\n|turn|43\n|\n|t:|1781395284\n|move|p1a: Victreebel|Weather Ball|p2a: Hawlucha\n|-damage|p2a: Hawlucha|47/256\n|-damage|p1a: Victreebel|193/290|[from] item: Life Orb\n|move|p2a: Hawlucha|Brave Bird|p1a: Victreebel\n|-supereffective|p1a: Victreebel\n|-crit|p1a: Victreebel\n|-damage|p1a: Victreebel|0 fnt\n|faint|p1a: Victreebel\n|-damage|p2a: Hawlucha|0 fnt|[from] Recoil\n|faint|p2a: Hawlucha\n|\n|-weather|SunnyDay|[upkeep]\n|upkeep\n|\n|t:|1781395292\n|switch|p2a: Arboliva|Arboliva, L91, M|201/288\n|switch|p1a: Grimmsnarl|Grimmsnarl, L83, M|245/293\n|turn|44\n|\n|t:|1781395295\n|move|p1a: Grimmsnarl|Spirit Break|p2a: Arboliva\n|-damage|p2a: Arboliva|108/288\n|-unboost|p2a: Arboliva|spa|1\n|-enditem|p2a: Arboliva|Sitrus Berry|[eat]\n|-heal|p2a: Arboliva|180/288|[from] item: Sitrus Berry\n|move|p2a: Arboliva|Substitute|p2a: Arboliva\n|-start|p2a: Arboliva|Substitute\n|-damage|p2a: Arboliva|108/288\n|\n|-weather|SunnyDay|[upkeep]\n|-item|p2a: Arboliva|Sitrus Berry|[from] ability: Harvest\n|upkeep\n|-enditem|p2a: Arboliva|Sitrus Berry|[eat]\n|-heal|p2a: Arboliva|180/288|[from] item: Sitrus Berry\n|turn|45\n|\n|t:|1781395301\n|move|p1a: Grimmsnarl|Spirit Break|p2a: Arboliva\n|-end|p2a: Arboliva|Substitute\n|move|p2a: Arboliva|Leech Seed|p1a: Grimmsnarl\n|-start|p1a: Grimmsnarl|move: Leech Seed\n|\n|-weather|SunnyDay|[upkeep]\n|-damage|p1a: Grimmsnarl|209/293|[from] Leech Seed|[of] p2a: Arboliva\n|-heal|p2a: Arboliva|216/288|[silent]\n|-sideend|p1: JhuniorCq|move: Light Screen\n|-item|p2a: Arboliva|Sitrus Berry|[from] ability: Harvest\n|upkeep\n|turn|46\n|\n|t:|1781395309\n|move|p1a: Grimmsnarl|Light Screen|p1a: Grimmsnarl\n|-sidestart|p1: JhuniorCq|move: Light Screen\n|move|p2a: Arboliva|Substitute|p2a: Arboliva\n|-start|p2a: Arboliva|Substitute\n|-damage|p2a: Arboliva|144/288\n|-enditem|p2a: Arboliva|Sitrus Berry|[eat]\n|-heal|p2a: Arboliva|216/288|[from] item: Sitrus Berry\n|\n|-weather|none\n|-damage|p1a: Grimmsnarl|173/293|[from] Leech Seed|[of] p2a: Arboliva\n|-heal|p2a: Arboliva|252/288|[silent]\n|upkeep\n|turn|47\n|\n|t:|1781395312\n|switch|p1a: Palkia|Palkia, L75|182/259\n|-ability|p1a: Palkia|Pressure\n|move|p2a: Arboliva|Leech Seed|p1a: Palkia\n|-start|p1a: Palkia|move: Leech Seed\n|\n|-damage|p1a: Palkia|150/259|[from] Leech Seed|[of] p2a: Arboliva\n|-heal|p2a: Arboliva|284/288|[silent]\n|-item|p2a: Arboliva|Sitrus Berry|[from] ability: Harvest\n|upkeep\n|turn|48\n|\n|t:|1781395315\n|switch|p1a: Grimmsnarl|Grimmsnarl, L83, M|173/293\n|move|p2a: Arboliva|Protect||[still]\n|-fail|p2a: Arboliva\n|\n|upkeep\n|turn|49\n|\n|t:|1781395318\n|move|p2a: Arboliva|Protect|p2a: Arboliva\n|-singleturn|p2a: Arboliva|Protect\n|move|p1a: Grimmsnarl|Parting Shot|p2a: Arboliva\n|-activate|p2a: Arboliva|move: Protect\n|\n|upkeep\n|turn|50\n|\n|t:|1781395321\n|move|p1a: Grimmsnarl|Spirit Break|p2a: Arboliva\n|-end|p2a: Arboliva|Substitute\n|move|p2a: Arboliva|Leech Seed|p1a: Grimmsnarl\n|-start|p1a: Grimmsnarl|move: Leech Seed\n|\n|-damage|p1a: Grimmsnarl|137/293|[from] Leech Seed|[of] p2a: Arboliva\n|-heal|p2a: Arboliva|288/288|[silent]\n|upkeep\n|turn|51\n|\n|t:|1781395323\n|move|p2a: Arboliva|Protect|p2a: Arboliva\n|-singleturn|p2a: Arboliva|Protect\n|move|p1a: Grimmsnarl|Parting Shot|p2a: Arboliva\n|-activate|p2a: Arboliva|move: Protect\n|\n|-damage|p1a: Grimmsnarl|101/293|[from] Leech Seed|[of] p2a: Arboliva\n|upkeep\n|turn|52\n|\n|t:|1781395326\n|move|p1a: Grimmsnarl|Parting Shot|p2a: Arboliva\n|-unboost|p2a: Arboliva|atk|1\n|-unboost|p2a: Arboliva|spa|1\n|\n|t:|1781395332\n|switch|p1a: Palkia|Palkia, L75|150/259|[from] Parting Shot\n|-ability|p1a: Palkia|Pressure\n|move|p2a: Arboliva|Substitute|p2a: Arboliva\n|-start|p2a: Arboliva|Substitute\n|-damage|p2a: Arboliva|216/288\n|\n|upkeep\n|turn|53\n|\n|t:|1781395335\n|switch|p1a: Grimmsnarl|Grimmsnarl, L83, M|101/293\n|move|p2a: Arboliva|Protect||[still]\n|-fail|p2a: Arboliva\n|\n|-sideend|p1: JhuniorCq|move: Light Screen\n|upkeep\n|turn|54\n|\n|t:|1781395344\n|move|p1a: Grimmsnarl|Spirit Break|p2a: Arboliva\n|-end|p2a: Arboliva|Substitute\n|move|p2a: Arboliva|Hyper Voice|p1a: Grimmsnarl\n|-damage|p1a: Grimmsnarl|29/293\n|\n|upkeep\n|turn|55\n|\n|t:|1781395348\n|move|p1a: Grimmsnarl|Spirit Break|p2a: Arboliva\n|-damage|p2a: Arboliva|137/288\n|-unboost|p2a: Arboliva|spa|1\n|-enditem|p2a: Arboliva|Sitrus Berry|[eat]\n|-heal|p2a: Arboliva|209/288|[from] item: Sitrus Berry\n|move|p2a: Arboliva|Hyper Voice|p1a: Grimmsnarl\n|-damage|p1a: Grimmsnarl|0 fnt\n|faint|p1a: Grimmsnarl\n|\n|upkeep\n|\n|t:|1781395351\n|switch|p1a: Gliscor|Gliscor, L76, F|107/239 tox\n|turn|56\n|\n|t:|1781395356\n|move|p1a: Gliscor|Toxic|p2a: Arboliva\n|-status|p2a: Arboliva|tox\n|move|p2a: Arboliva|Leech Seed|p1a: Gliscor\n|-start|p1a: Gliscor|move: Leech Seed\n|\n|-damage|p1a: Gliscor|78/239 tox|[from] Leech Seed|[of] p2a: Arboliva\n|-heal|p2a: Arboliva|238/288 tox|[silent]\n|-heal|p1a: Gliscor|107/239 tox|[from] ability: Poison Heal\n|-damage|p2a: Arboliva|220/288 tox|[from] psn\n|upkeep\n|turn|57\n|\n|t:|1781395368\n|switch|p1a: Palkia|Palkia, L75|150/259\n|-ability|p1a: Palkia|Pressure\n|switch|p2a: Iron Bundle|Iron Bundle, L78|63/215\n|\n|upkeep\n|turn|58\n|\n|t:|1781395376\n|-terastallize|p1a: Palkia|Dragon\n|move|p2a: Iron Bundle|Freeze-Dry|p1a: Palkia\n|-supereffective|p1a: Palkia\n|-damage|p1a: Palkia|12/259\n|move|p1a: Palkia|Spacial Rend|p2a: Iron Bundle\n|-damage|p2a: Iron Bundle|0 fnt\n|faint|p2a: Iron Bundle\n|-end|p2a: Iron Bundle|Quark Drive|[silent]\n|\n|upkeep\n|\n|t:|1781395382\n|switch|p2a: Chien-Pao|Chien-Pao, L72|234/234\n|-ability|p2a: Chien-Pao|Sword of Ruin\n|turn|59\n|\n|t:|1781395386\n|move|p2a: Chien-Pao|Throat Chop|p1a: Palkia\n|-damage|p1a: Palkia|0 fnt\n|faint|p1a: Palkia\n|\n|upkeep\n|\n|t:|1781395387\n|switch|p1a: Gliscor|Gliscor, L76, F|107/239 tox\n|turn|60\n|\n|t:|1781395401\n|move|p2a: Chien-Pao|Icicle Crash|p1a: Gliscor\n|-supereffective|p1a: Gliscor\n|-damage|p1a: Gliscor|0 fnt\n|faint|p1a: Gliscor\n|\n|win|davo2544\n|raw|JhuniorCq's rating: 2011 &rarr; <strong>1998</strong><br />(-13 for losing)\n|raw|davo2544's rating: 2138 &rarr; <strong>2151</strong><br />(+13 for winning)\n", "inputlog": ">version a8376a258c1d4662feba110a92103f3664a72141\n>start {\"formatid\":\"gen9randombattle\",\"seed\":\"sodium,3cbf4059591593c9d370a88e173c5953\",\"rated\":\"Rated battle\"}\n>player p1 {\"name\":\"JhuniorCq\",\"avatar\":\"2\",\"rating\":2011,\"seed\":\"sodium,22757033bbceb4a3053dc545f7579b0f\"}\n>player p2 {\"name\":\"davo2544\",\"avatar\":\"marley\",\"rating\":2138,\"seed\":\"sodium,32929b736833ade3a1307fa803b9241a\"}\n>p1 move partingshot\n>p2 switch 2\n>p1 switch 2\n>p1 move flipturn\n>p2 switch 3\n>p1 switch 5\n>p1 move sunnyday\n>p2 switch 2\n>p1 switch 5\n>p2 move dracometeor\n>p1 switch 6\n>p2 move earthquake\n>p1 move earthquake\n>p2 switch 5\n>p1 switch 3\n>p2 move freezedry\n>p1 move voltswitch\n>p2 switch 5\n>p1 switch 2\n>p1 move spiritbreak\n>p2 switch 2\n>p1 switch 3\n>p2 move sunsteelstrike\n>p1 move substitute\n>p2 switch 2\n>p1 move protect\n>p2 move scald\n>p1 move toxic\n>p2 move scald\n>p1 move substitute\n>p2 switch 5\n>p1 move protect\n>p2 move encore\n>p1 switch 2\n>p2 move freezedry\n>p1 move voltswitch\n>p2 switch 5\n>p1 switch 2\n>p1 move earthquake\n>p2 move dracometeor\n>p1 move earthquake\n>p2 switch 5\n>p1 move protect\n>p2 move hydropump\n>p1 switch 2\n>p2 move freezedry\n>p1 move voltswitch\n>p2 move hydropump\n>p1 switch 3\n>p1 move lightscreen\n>p2 switch 2\n>p1 move reflect\n>p2 switch 3\n>p1 move partingshot\n>p2 move substitute\n>p1 switch 6\n>p1 move sludgebomb\n>p2 move protect\n>p1 move sludgebomb\n>p2 move hypervoice\n>p1 move surf\n>p2 switch 3\n>p1 move surf\n>p2 move morningsun\n>p1 switch 5\n>p2 move morningsun\n>p1 move sunnyday\n>p2 move roar\n>p1 switch 4\n>p2 move earthquake\n>p1 move fireblast\n>p2 switch 5\n>p2 switch 5\n>p1 move fireblast\n>p2 move morningsun\n>p1 move fireblast\n>p2 move earthquake\n>p2 switch 2\n>chat \u2606davo2544|surely\n>chat \u2606davo2544|plwSE\n>p1 switch 4\n>p2 move freezedry\n>p1 move sludgebomb\n>p2 move freezedry\n>p1 switch 6\n>p1 move lightscreen\n>p2 switch 3\n>p1 move spiritbreak\n>p2 move substitute\n>p1 move partingshot\n>p2 move leechseed\n>p1 switch 5\n>p1 move sludgewave\n>p2 move hypervoice\n>p1 move sunnyday\n>p2 switch 6\n>p1 move weatherball\n>p2 move bravebird\n>p1 switch 5\n>p2 switch 6\n>p1 move spiritbreak\n>p2 move substitute\n>p1 move spiritbreak\n>p2 move leechseed\n>p1 move lightscreen\n>p2 move substitute\n>p1 switch 4\n>p2 move leechseed\n>p1 switch 4\n>p2 move protect\n>p1 move partingshot\n>p2 move protect\n>p1 move spiritbreak\n>p2 move leechseed\n>p1 move partingshot\n>p2 move protect\n>p1 move partingshot\n>p2 move substitute\n>p1 switch 4\n>p1 switch 4\n>p2 move protect\n>p1 move spiritbreak\n>p2 move hypervoice\n>p1 move spiritbreak\n>p2 move hypervoice\n>p1 switch 2\n>p1 move toxic\n>p2 move leechseed\n>p1 switch 4\n>p2 switch 3\n>p1 move spacialrend terastallize\n>p2 move freezedry\n>p2 switch 4\n>p1 move spacialrend\n>p2 move throatchop\n>p1 switch 4\n>p1 move earthquake\n>p2 move iciclecrash", "uploadtime": 1781394805, "views": 7, "formatid": "gen9randombattle", "rating": 1998, "private": 0, "password": null, "player_dets": [{"name": "JhuniorCq", "avatar": "2", "rating": 2011, "seed": "sodium,22757033bbceb4a3053dc545f7579b0f"}, {"name": "davo2544", "avatar": "marley", "rating": 2138, "seed": "sodium,32929b736833ade3a1307fa803b9241a"}], "teams_full": [{"Grimmsnarl": {"name": "Grimmsnarl", "species": "Grimmsnarl", "speciesId": "grimmsnarl", "gender": "M", "shiny": false, "level": 83, "moves": ["reflect", "spiritbreak", "partingshot", "lightscreen"], "ability": "Prankster", "evs": {"hp": 85, "atk": 85, "def": 85, "spa": 85, "spd": 85, "spe": 85}, "ivs": {"hp": 31, "atk": 31, "def": 31, "spa": 31, "spd": 31, "spe": 31}, "item": "Light Clay", "teraType": "Poison", "role": "Bulky Support", "bvs": {"hp": 95, "atk": 120, "def": 65, "spa": 95, "spd": 75, "spe": 60}, "stats": {"hp": 293, "atk": 247, "def": 156, "spa": 205, "spd": 172, "spe": 147}, "types": ["Dark", "Fairy"]}, "Tentacruel": {"name": "Tentacruel", "species": "Tentacruel", "speciesId": "tentacruel", "gender": "M", "shiny": false, "level": 84, "moves": ["surf", "sludgebomb", "rapidspin", "flipturn"], "ability": "Liquid Ooze", "evs": {"hp": 85, "atk": 85, "def": 85, "spa": 85, "spd": 85, "spe": 85}, "ivs": {"hp": 31, "atk": 31, "def": 31, "spa": 31, "spd": 31, "spe": 31}, "item": "Assault Vest", "teraType": "Flying", "role": "Bulky Support", "bvs": {"hp": 80, "atk": 70, "def": 65, "spa": 80, "spd": 120, "spe": 100}, "stats": {"hp": 272, "atk": 166, "def": 157, "spa": 183, "spd": 250, "spe": 216}, "types": ["Water", "Poison"]}, "Ampharos": {"name": "Ampharos", "species": "Ampharos", "speciesId": "ampharos", "gender": "F", "shiny": false, "level": 88, "moves": ["dazzlinggleam", "thunderbolt", "voltswitch", "focusblast"], "ability": "Static", "evs": {"hp": 85, "atk": 0, "def": 85, "spa": 85, "spd": 85, "spe": 85}, "ivs": {"hp": 31, "atk": 0, "def": 31, "spa": 31, "spd": 31, "spe": 31}, "item": "Choice Specs", "teraType": "Fairy", "role": "Wallbreaker", "bvs": {"hp": 90, "atk": 75, "def": 85, "spa": 115, "spd": 90, "spe": 55}, "stats": {"hp": 302, "atk": 137, "def": 200, "spa": 253, "spd": 209, "spe": 147}, "types": ["Electric"]}, "Palkia": {"name": "Palkia", "species": "Palkia", "speciesId": "palkia", "gender": "N", "shiny": false, "level": 75, "moves": ["fireblast", "spacialrend", "dracometeor", "hydropump"], "ability": "Pressure", "evs": {"hp": 85, "atk": 0, "def": 85, "spa": 85, "spd": 85, "spe": 85}, "ivs": {"hp": 31, "atk": 0, "def": 31, "spa": 31, "spd": 31, "spe": 31}, "item": "Choice Specs", "teraType": "Dragon", "role": "Fast Attacker", "bvs": {"hp": 90, "atk": 120, "def": 100, "spa": 150, "spd": 120, "spe": 100}, "stats": {"hp": 259, "atk": 185, "def": 194, "spa": 269, "spd": 224, "spe": 194}, "types": ["Water", "Dragon"]}, "Victreebel": {"name": "Victreebel", "species": "Victreebel", "speciesId": "victreebel", "gender": "M", "shiny": false, "level": 90, "moves": ["powerwhip", "sludgewave", "weatherball", "sunnyday"], "ability": "Chlorophyll", "evs": {"hp": 85, "atk": 85, "def": 85, "spa": 85, "spd": 85, "spe": 85}, "ivs": {"hp": 31, "atk": 31, "def": 31, "spa": 31, "spd": 31, "spe": 31}, "item": "Life Orb", "teraType": "Fire", "role": "Fast Attacker", "bvs": {"hp": 80, "atk": 105, "def": 65, "spa": 100, "spd": 70, "spe": 70}, "stats": {"hp": 290, "atk": 240, "def": 168, "spa": 231, "spd": 177, "spe": 177}, "types": ["Grass", "Poison"]}, "Gliscor": {"name": "Gliscor", "species": "Gliscor", "speciesId": "gliscor", "gender": "F", "shiny": false, "level": 76, "moves": ["earthquake", "protect", "substitute", "toxic"], "ability": "Poison Heal", "evs": {"hp": 85, "atk": 85, "def": 85, "spa": 85, "spd": 85, "spe": 85}, "ivs": {"hp": 31, "atk": 31, "def": 31, "spa": 31, "spd": 31, "spe": 31}, "item": "Toxic Orb", "teraType": "Water", "role": "Fast Support", "bvs": {"hp": 75, "atk": 95, "def": 125, "spa": 45, "spd": 75, "spe": 95}, "stats": {"hp": 239, "atk": 188, "def": 234, "spa": 112, "spd": 158, "spe": 188}, "types": ["Ground", "Flying"]}}, {"Goodra": {"name": "Goodra", "species": "Goodra", "speciesId": "goodra", "gender": "M", "shiny": false, "level": 85, "moves": ["powerwhip", "earthquake", "dracometeor", "scald"], "ability": "Sap Sipper", "evs": {"hp": 85, "atk": 85, "def": 85, "spa": 85, "spd": 85, "spe": 85}, "ivs": {"hp": 31, "atk": 31, "def": 31, "spa": 31, "spd": 31, "spe": 31}, "item": "Assault Vest", "teraType": "Grass", "role": "AV Pivot", "bvs": {"hp": 90, "atk": 100, "def": 70, "spa": 110, "spd": 150, "spe": 80}, "stats": {"hp": 292, "atk": 219, "def": 168, "spa": 236, "spd": 304, "spe": 185}, "types": ["Dragon"]}, "Arboliva": {"name": "Arboliva", "species": "Arboliva", "speciesId": "arboliva", "gender": "M", "shiny": false, "level": 91, "moves": ["protect", "hypervoice", "leechseed", "substitute"], "ability": "Harvest", "evs": {"hp": 77, "atk": 0, "def": 85, "spa": 85, "spd": 85, "spe": 85}, "ivs": {"hp": 31, "atk": 0, "def": 31, "spa": 31, "spd": 31, "spe": 31}, "item": "Sitrus Berry", "teraType": "Water", "role": "Bulky Support", "bvs": {"hp": 78, "atk": 69, "def": 90, "spa": 125, "spd": 109, "spe": 39}, "stats": {"hp": 288, "atk": 130, "def": 216, "spa": 279, "spd": 250, "spe": 123}, "types": ["Grass", "Normal"]}, "Solgaleo": {"name": "Solgaleo", "species": "Solgaleo", "speciesId": "solgaleo", "gender": "N", "shiny": false, "level": 74, "moves": ["morningsun", "earthquake", "sunsteelstrike", "roar"], "ability": "Full Metal Body", "evs": {"hp": 85, "atk": 85, "def": 85, "spa": 85, "spd": 85, "spe": 85}, "ivs": {"hp": 31, "atk": 31, "def": 31, "spa": 31, "spd": 31, "spe": 31}, "item": "Rocky Helmet", "teraType": "Water", "role": "Bulky Attacker", "bvs": {"hp": 137, "atk": 137, "def": 107, "spa": 113, "spd": 89, "spe": 97}, "stats": {"hp": 325, "atk": 246, "def": 201, "spa": 210, "spd": 175, "spe": 187}, "types": ["Psychic", "Steel"]}, "Chien-Pao": {"name": "Chien-Pao", "species": "Chien-Pao", "speciesId": "chienpao", "gender": "N", "shiny": false, "level": 72, "moves": ["iciclecrash", "sacredsword", "swordsdance", "throatchop"], "ability": "Sword of Ruin", "evs": {"hp": 85, "atk": 85, "def": 85, "spa": 85, "spd": 85, "spe": 85}, "ivs": {"hp": 31, "atk": 31, "def": 31, "spa": 31, "spd": 31, "spe": 31}, "item": "Heavy-Duty Boots", "teraType": "Fighting", "role": "Setup Sweeper", "bvs": {"hp": 80, "atk": 120, "def": 80, "spa": 90, "spd": 65, "spe": 135}, "stats": {"hp": 234, "atk": 215, "def": 157, "spa": 172, "spd": 136, "spe": 236}, "types": ["Dark", "Ice"]}, "Iron Bundle": {"name": "Iron Bundle", "species": "Iron Bundle", "speciesId": "ironbundle", "gender": "N", "shiny": false, "level": 78, "moves": ["encore", "hydropump", "flipturn", "freezedry"], "ability": "Quark Drive", "evs": {"hp": 85, "atk": 85, "def": 85, "spa": 85, "spd": 85, "spe": 85}, "ivs": {"hp": 31, "atk": 31, "def": 31, "spa": 31, "spd": 31, "spe": 31}, "item": "Heavy-Duty Boots", "teraType": "Water", "role": "Fast Attacker", "bvs": {"hp": 56, "atk": 80, "def": 114, "spa": 124, "spd": 60, "spe": 136}, "stats": {"hp": 215, "atk": 170, "def": 223, "spa": 239, "spd": 139, "spe": 257}, "types": ["Ice", "Water"]}, "Hawlucha": {"name": "Hawlucha", "species": "Hawlucha", "speciesId": "hawlucha", "gender": "M", "shiny": false, "level": 80, "moves": ["closecombat", "bravebird", "stoneedge", "swordsdance"], "ability": "Unburden", "evs": {"hp": 85, "atk": 85, "def": 85, "spa": 85, "spd": 85, "spe": 85}, "ivs": {"hp": 31, "atk": 31, "def": 31, "spa": 31, "spd": 31, "spe": 31}, "item": "White Herb", "teraType": "Fighting", "role": "Setup Sweeper", "bvs": {"hp": 78, "atk": 92, "def": 75, "spa": 74, "spd": 63, "spe": 118}, "stats": {"hp": 256, "atk": 193, "def": 166, "spa": 165, "spd": 147, "spe": 235}, "types": ["Fighting", "Flying"]}}]}