{"id": "gen9randombattle-2631516123", "format": "[Gen 9] Random Battle", "players": ["lectruist6", "dontcheeseme"], "log": "|j|\u203dlectruist6\n|j|\u2606dontcheeseme\n|t:|1781395236\n|gametype|singles\n|player|p1|lectruist6|gardenia|1460\n|player|p2|dontcheeseme|waiter-gen4|1430\n|gen|9\n|tier|[Gen 9] Random Battle\n|rated|\n|rule|Species Clause: Limit one of each Pok\u00e9mon\n|rule|HP Percentage Mod: HP is shown in percentages\n|rule|Sleep Clause Mod: Limit one foe put to sleep\n|rule|Illusion Level Mod: Illusion disguises the Pok\u00e9mon's true level\n|\n|t:|1781395236\n|teamsize|p1|6\n|teamsize|p2|6\n|start\n|switch|p1a: Swanna|Swanna, L89, F|278/278\n|switch|p2a: Ceruledge|Ceruledge, L78, M|245/245\n|turn|1\n|inactive|Battle timer is ON: inactive players will automatically lose when time's up. (requested by dontcheeseme)\n|\n|t:|1781395258\n|switch|p2a: Hippowdon|Hippowdon, L82, F|311/311\n|-weather|Sandstorm|[from] ability: Sand Stream|[of] p2a: Hippowdon\n|move|p1a: Swanna|Brave Bird|p2a: Hippowdon\n|-damage|p2a: Hippowdon|199/311\n|-damage|p1a: Swanna|241/278|[from] Recoil\n|\n|-weather|Sandstorm|[upkeep]\n|-damage|p1a: Swanna|224/278|[from] Sandstorm\n|-heal|p2a: Hippowdon|218/311|[from] item: Leftovers\n|upkeep\n|turn|2\n|\n|t:|1781395269\n|move|p1a: Swanna|Hydro Pump|p2a: Hippowdon\n|-supereffective|p2a: Hippowdon\n|-damage|p2a: Hippowdon|0 fnt\n|faint|p2a: Hippowdon\n|\n|-weather|Sandstorm|[upkeep]\n|-damage|p1a: Swanna|207/278|[from] Sandstorm\n|upkeep\n|\n|t:|1781395275\n|switch|p2a: Grafaiai|Grafaiai, L86, M|249/249\n|turn|3\n|\n|t:|1781395281\n|switch|p1a: Registeel|Registeel, L81|262/262\n|move|p2a: Grafaiai|Gunk Shot|p1a: Registeel\n|-immune|p1a: Registeel\n|\n|-weather|Sandstorm|[upkeep]\n|-damage|p2a: Grafaiai|234/249|[from] Sandstorm\n|upkeep\n|turn|4\n|\n|t:|1781395290\n|switch|p2a: Ursaluna|Ursaluna-Bloodmoon, L79, M|308/308\n|move|p1a: Registeel|Iron Defense|p1a: Registeel\n|-boost|p1a: Registeel|def|2\n|\n|-weather|Sandstorm|[upkeep]\n|upkeep\n|turn|5\n|\n|t:|1781395297\n|move|p2a: Ursaluna|Calm Mind|p2a: Ursaluna\n|-boost|p2a: Ursaluna|spa|1\n|-boost|p2a: Ursaluna|spd|1\n|move|p1a: Registeel|Body Press|p2a: Ursaluna\n|-supereffective|p2a: Ursaluna\n|-damage|p2a: Ursaluna|36/308\n|\n|-weather|none\n|-heal|p2a: Ursaluna|55/308|[from] item: Leftovers\n|upkeep\n|turn|6\n|\n|t:|1781395306\n|move|p2a: Ursaluna|Earth Power|p1a: Registeel\n|-supereffective|p1a: Registeel\n|-damage|p1a: Registeel|50/262\n|move|p1a: Registeel|Body Press|p2a: Ursaluna\n|-supereffective|p2a: Ursaluna\n|-damage|p2a: Ursaluna|0 fnt\n|faint|p2a: Ursaluna\n|\n|upkeep\n|\n|t:|1781395312\n|switch|p2a: Ceruledge|Ceruledge, L78, M|245/245\n|turn|7\n|\n|t:|1781395327\n|switch|p1a: Swanna|Swanna, L89, F|207/278\n|move|p2a: Ceruledge|Bitter Blade|p1a: Swanna\n|-resisted|p1a: Swanna\n|-damage|p1a: Swanna|141/278\n|\n|upkeep\n|turn|8\n|\n|t:|1781395333\n|move|p1a: Swanna|Roost|p1a: Swanna\n|-heal|p1a: Swanna|278/278\n|-singleturn|p1a: Swanna|move: Roost\n|move|p2a: Ceruledge|Poltergeist|p1a: Swanna\n|-activate|p1a: Swanna|move: Poltergeist|Heavy-Duty Boots\n|-damage|p1a: Swanna|131/278\n|\n|upkeep\n|turn|9\n|\n|t:|1781395342\n|switch|p2a: Vileplume|Vileplume, L85, M|266/266\n|move|p1a: Swanna|Hydro Pump|p2a: Vileplume\n|-resisted|p2a: Vileplume\n|-damage|p2a: Vileplume|209/266\n|\n|-heal|p2a: Vileplume|225/266|[from] item: Leftovers\n|upkeep\n|turn|10\n|\n|t:|1781395356\n|switch|p1a: Regigigas|Regigigas, L84|322/322\n|-start|p1a: Regigigas|ability: Slow Start\n|-terastallize|p2a: Vileplume|Water\n|move|p2a: Vileplume|Strength Sap|p1a: Regigigas\n|-unboost|p1a: Regigigas|atk|1\n|-heal|p2a: Vileplume|266/266\n|\n|upkeep\n|turn|11\n|\n|t:|1781395368\n|move|p2a: Vileplume|Sleep Powder|p1a: Regigigas\n|-status|p1a: Regigigas|slp|[from] move: Sleep Powder\n|cant|p1a: Regigigas|slp\n|\n|upkeep\n|turn|12\n|\n|t:|1781395374\n|move|p2a: Vileplume|Sludge Bomb|p1a: Regigigas\n|-damage|p1a: Regigigas|229/322 slp\n|-curestatus|p1a: Regigigas|slp|[msg]\n|move|p1a: Regigigas|Sleep Talk||[still]\n|-fail|p1a: Regigigas\n|\n|-heal|p1a: Regigigas|249/322|[from] item: Leftovers\n|upkeep\n|turn|13\n|\n|t:|1781395381\n|move|p2a: Vileplume|Sludge Bomb|p1a: Regigigas\n|-crit|p1a: Regigigas\n|-damage|p1a: Regigigas|105/322\n|move|p1a: Regigigas|Knock Off|p2a: Vileplume\n|-damage|p2a: Vileplume|230/266\n|-enditem|p2a: Vileplume|Leftovers|[from] move: Knock Off|[of] p1a: Regigigas\n|\n|-heal|p1a: Regigigas|125/322|[from] item: Leftovers\n|upkeep\n|turn|14\n|\n|t:|1781395390\n|move|p2a: Vileplume|Sludge Bomb|p1a: Regigigas\n|-damage|p1a: Regigigas|29/322\n|-status|p1a: Regigigas|psn\n|move|p1a: Regigigas|Rest|p1a: Regigigas\n|-status|p1a: Regigigas|slp|[from] move: Rest\n|-heal|p1a: Regigigas|322/322 slp|[silent]\n|\n|upkeep\n|turn|15\n|\n|t:|1781395398\n|move|p2a: Vileplume|Strength Sap|p1a: Regigigas\n|-unboost|p1a: Regigigas|atk|1\n|-heal|p2a: Vileplume|266/266\n|cant|p1a: Regigigas|slp\n|move|p1a: Regigigas|Sleep Talk|p1a: Regigigas\n|move|p1a: Regigigas|Body Slam|p2a: Vileplume|[from] move: Sleep Talk\n|-damage|p2a: Vileplume|230/266\n|\n|-end|p1a: Regigigas|Slow Start\n|upkeep\n|turn|16\n|\n|t:|1781395409\n|cant|p1a: Regigigas|slp\n|move|p1a: Regigigas|Sleep Talk|p1a: Regigigas\n|move|p1a: Regigigas|Body Slam|p2a: Vileplume|[from] move: Sleep Talk\n|-damage|p2a: Vileplume|157/266\n|move|p2a: Vileplume|Strength Sap|p1a: Regigigas\n|-unboost|p1a: Regigigas|atk|1\n|-heal|p2a: Vileplume|266/266\n|\n|upkeep\n|turn|17\n|\n|t:|1781395420\n|-curestatus|p1a: Regigigas|slp|[msg]\n|move|p1a: Regigigas|Body Slam|p2a: Vileplume\n|-damage|p2a: Vileplume|208/266\n|-status|p2a: Vileplume|par\n|move|p2a: Vileplume|Giga Drain|p1a: Regigigas\n|-damage|p1a: Regigigas|252/322\n|-heal|p2a: Vileplume|243/266 par|[from] drain|[of] p1a: Regigigas\n|\n|-heal|p1a: Regigigas|272/322|[from] item: Leftovers\n|upkeep\n|turn|18\n|\n|t:|1781395432\n|move|p1a: Regigigas|Body Slam|p2a: Vileplume\n|-damage|p2a: Vileplume|186/266 par\n|-status|p1a: Regigigas|psn|[from] ability: Effect Spore|[of] p2a: Vileplume\n|move|p2a: Vileplume|Sleep Powder||[still]\n|-fail|p2a: Vileplume\n|\n|-heal|p1a: Regigigas|292/322 psn|[from] item: Leftovers\n|-damage|p1a: Regigigas|252/322 psn|[from] psn\n|upkeep\n|turn|19\n|\n|t:|1781395441\n|move|p1a: Regigigas|Rest|p1a: Regigigas\n|-status|p1a: Regigigas|slp|[from] move: Rest\n|-heal|p1a: Regigigas|322/322 slp|[silent]\n|move|p2a: Vileplume|Giga Drain|p1a: Regigigas\n|-damage|p1a: Regigigas|246/322 slp\n|-heal|p2a: Vileplume|224/266 par|[from] drain|[of] p1a: Regigigas\n|\n|-heal|p1a: Regigigas|266/322 slp|[from] item: Leftovers\n|upkeep\n|turn|20\n|\n|t:|1781395450\n|cant|p1a: Regigigas|slp\n|move|p1a: Regigigas|Sleep Talk|p1a: Regigigas\n|move|p1a: Regigigas|Knock Off|p2a: Vileplume|[from] move: Sleep Talk\n|-damage|p2a: Vileplume|198/266 par\n|move|p2a: Vileplume|Giga Drain|p1a: Regigigas\n|-damage|p1a: Regigigas|187/322 slp\n|-heal|p2a: Vileplume|238/266 par|[from] drain|[of] p1a: Regigigas\n|\n|-heal|p1a: Regigigas|207/322 slp|[from] item: Leftovers\n|upkeep\n|turn|21\n|\n|t:|1781395460\n|cant|p1a: Regigigas|slp\n|move|p1a: Regigigas|Sleep Talk|p1a: Regigigas\n|move|p1a: Regigigas|Knock Off|p2a: Vileplume|[from] move: Sleep Talk\n|-damage|p2a: Vileplume|212/266 par\n|move|p2a: Vileplume|Sludge Bomb|p1a: Regigigas\n|-damage|p1a: Regigigas|122/322 slp\n|\n|-heal|p1a: Regigigas|142/322 slp|[from] item: Leftovers\n|upkeep\n|turn|22\n|\n|t:|1781395470\n|-curestatus|p1a: Regigigas|slp|[msg]\n|move|p1a: Regigigas|Rest|p1a: Regigigas\n|-status|p1a: Regigigas|slp|[from] move: Rest\n|-heal|p1a: Regigigas|322/322 slp|[silent]\n|move|p2a: Vileplume|Sludge Bomb|p1a: Regigigas\n|-damage|p1a: Regigigas|231/322 slp\n|\n|-heal|p1a: Regigigas|251/322 slp|[from] item: Leftovers\n|upkeep\n|turn|23\n|\n|t:|1781395483\n|switch|p1a: Registeel|Registeel, L81|50/262\n|switch|p2a: Grafaiai|Grafaiai, L86, M|234/249\n|\n|upkeep\n|turn|24\n|\n|t:|1781395489\n|move|p2a: Grafaiai|Knock Off|p1a: Registeel\n|-damage|p1a: Registeel|0 fnt\n|-enditem|p1a: Registeel|Chesto Berry|[from] move: Knock Off|[of] p2a: Grafaiai\n|faint|p1a: Registeel\n|\n|upkeep\n|\n|t:|1781395498\n|switch|p1a: Golem|Golem, L87, M|281/281\n|turn|25\n|\n|t:|1781395503\n|move|p2a: Grafaiai|Parting Shot|p1a: Golem\n|-unboost|p1a: Golem|atk|1\n|-unboost|p1a: Golem|spa|1\n|\n|t:|1781395508\n|switch|p2a: Vileplume|Vileplume, L85, M, tera:Water|212/266 par|[from] Parting Shot\n|move|p1a: Golem|Earthquake|p2a: Vileplume\n|-damage|p2a: Vileplume|115/266 par\n|\n|upkeep\n|turn|26\n|\n|t:|1781395516\n|switch|p1a: Volcarona|Volcarona, L77, M|257/257\n|cant|p2a: Vileplume|par\n|\n|upkeep\n|turn|27\n|\n|t:|1781395521\n|move|p1a: Volcarona|Giga Drain|p2a: Vileplume\n|-supereffective|p2a: Vileplume\n|-crit|p2a: Vileplume\n|-damage|p2a: Vileplume|0 fnt\n|faint|p2a: Vileplume\n|\n|upkeep\n|\n|t:|1781395527\n|switch|p2a: Grafaiai|Grafaiai, L86, M|234/249\n|turn|28\n|\n|t:|1781395538\n|switch|p1a: Regigigas|Regigigas, L84|251/322 slp\n|-start|p1a: Regigigas|ability: Slow Start\n|move|p2a: Grafaiai|Knock Off|p1a: Regigigas\n|-damage|p1a: Regigigas|189/322 slp\n|-enditem|p1a: Regigigas|Leftovers|[from] move: Knock Off|[of] p2a: Grafaiai\n|\n|upkeep\n|turn|29\n|\n|t:|1781395546\n|move|p2a: Grafaiai|Parting Shot|p1a: Regigigas\n|-unboost|p1a: Regigigas|atk|1\n|-unboost|p1a: Regigigas|spa|1\n|\n|t:|1781395549\n|switch|p2a: Ceruledge|Ceruledge, L78, M|245/245|[from] Parting Shot\n|cant|p1a: Regigigas|slp\n|move|p1a: Regigigas|Sleep Talk|p1a: Regigigas\n|move|p1a: Regigigas|Knock Off|p2a: Ceruledge|[from] move: Sleep Talk\n|-supereffective|p2a: Ceruledge\n|-damage|p2a: Ceruledge|171/245\n|-ability|p2a: Ceruledge|Weak Armor|boost\n|-unboost|p2a: Ceruledge|def|1\n|-boost|p2a: Ceruledge|spe|2\n|-enditem|p2a: Ceruledge|Heavy-Duty Boots|[from] move: Knock Off|[of] p1a: Regigigas\n|\n|upkeep\n|turn|30\n|\n|t:|1781395563\n|switch|p1a: Golem|Golem, L87, M|281/281\n|move|p2a: Ceruledge|Swords Dance|p2a: Ceruledge\n|-boost|p2a: Ceruledge|atk|2\n|\n|upkeep\n|turn|31\n|\n|t:|1781395574\n|move|p2a: Ceruledge|Poltergeist|p1a: Golem\n|-activate|p1a: Golem|move: Poltergeist|Custap Berry\n|-damage|p1a: Golem|115/281\n|move|p1a: Golem|Earthquake|p2a: Ceruledge\n|-supereffective|p2a: Ceruledge\n|-damage|p2a: Ceruledge|0 fnt\n|faint|p2a: Ceruledge\n|\n|upkeep\n|\n|t:|1781395580\n|switch|p2a: Grafaiai|Grafaiai, L86, M|234/249\n|turn|32\n|\n|t:|1781395586\n|switch|p1a: Regigigas|Regigigas, L84|189/322 slp\n|-start|p1a: Regigigas|ability: Slow Start\n|move|p2a: Grafaiai|Parting Shot|p1a: Regigigas\n|-unboost|p1a: Regigigas|atk|1\n|-unboost|p1a: Regigigas|spa|1\n|\n|t:|1781395589\n|switch|p2a: Glastrier|Glastrier, L86|312/312|[from] Parting Shot\n|\n|upkeep\n|turn|33\n|\n|t:|1781395597\n|switch|p1a: Volcarona|Volcarona, L77, M|257/257\n|move|p2a: Glastrier|Swords Dance|p2a: Glastrier\n|-boost|p2a: Glastrier|atk|2\n|\n|upkeep\n|turn|34\n|\n|t:|1781395603\n|move|p1a: Volcarona|Fiery Dance|p2a: Glastrier\n|-supereffective|p2a: Glastrier\n|-damage|p2a: Glastrier|166/312\n|-boost|p1a: Volcarona|spa|1\n|move|p2a: Glastrier|High Horsepower|p1a: Volcarona\n|-damage|p1a: Volcarona|0 fnt\n|-status|p2a: Glastrier|brn|[from] ability: Flame Body|[of] p1a: Volcarona\n|faint|p1a: Volcarona\n|-ability|p2a: Glastrier|Chilling Neigh|boost\n|-boost|p2a: Glastrier|atk|1\n|\n|-damage|p2a: Glastrier|147/312 brn|[from] brn\n|upkeep\n|\n|t:|1781395629\n|switch|p1a: Swanna|Swanna, L89, F|131/278\n|turn|35\n|\n|t:|1781395633\n|move|p1a: Swanna|Brave Bird|p2a: Glastrier\n|-damage|p2a: Glastrier|56/312 brn\n|-damage|p1a: Swanna|101/278|[from] Recoil\n|move|p2a: Glastrier|Icicle Crash|p1a: Swanna\n|-damage|p1a: Swanna|0 fnt\n|faint|p1a: Swanna\n|-ability|p2a: Glastrier|Chilling Neigh|boost\n|-boost|p2a: Glastrier|atk|1\n|\n|-damage|p2a: Glastrier|37/312 brn|[from] brn\n|upkeep\n|inactive|lectruist6 has 120 seconds left.\n|\n|t:|1781395663\n|switch|p1a: Golem|Golem, L87, M|115/281\n|turn|36\n|\n|t:|1781395668\n|move|p1a: Golem|Earthquake|p2a: Glastrier\n|-damage|p2a: Glastrier|0 fnt\n|faint|p2a: Glastrier\n|\n|upkeep\n|\n|t:|1781395670\n|switch|p2a: Grafaiai|Grafaiai, L86, M|234/249\n|turn|37\n|\n|t:|1781395675\n|move|p2a: Grafaiai|Knock Off|p1a: Golem\n|-damage|p1a: Golem|68/281\n|-enditem|p1a: Golem|Custap Berry|[from] move: Knock Off|[of] p2a: Grafaiai\n|move|p1a: Golem|Earthquake|p2a: Grafaiai\n|-supereffective|p2a: Grafaiai\n|-damage|p2a: Grafaiai|0 fnt\n|faint|p2a: Grafaiai\n|\n|win|lectruist6\n|raw|lectruist6's rating: 1460 &rarr; <strong>1478</strong><br />(+18 for winning)\n|raw|dontcheeseme's rating: 1430 &rarr; <strong>1412</strong><br />(-18 for losing)\n|l|\u2606dontcheeseme\n|player|p2|\n", "inputlog": ">version a8376a258c1d4662feba110a92103f3664a72141\n>start {\"formatid\":\"gen9randombattle\",\"seed\":\"sodium,eec4130e760010e438ae9d039e1c223e\",\"rated\":\"Rated battle\"}\n>player p1 {\"name\":\"lectruist6\",\"avatar\":\"gardenia\",\"rating\":1460,\"seed\":\"sodium,bf8f7384e408ee74c7fcd617aca67fe0\"}\n>player p2 {\"name\":\"dontcheeseme\",\"avatar\":\"waiter-gen4\",\"rating\":1430,\"seed\":\"sodium,2b4c7bfc631f2af70e834b0ac79207c2\"}\n>p1 move bravebird\n>p2 switch 3\n>p1 move hydropump\n>p2 move stoneedge\n>p2 switch 2\n>p1 switch 6\n>p2 move gunkshot\n>p1 move irondefense\n>p2 switch 5\n>p1 move bodypress\n>p2 move calmmind\n>p1 move bodypress\n>p2 move earthpower\n>p2 switch 3\n>p1 switch 6\n>p2 move bitterblade\n>p1 move roost\n>p2 move poltergeist\n>p1 move hydropump\n>p2 switch 6\n>p1 switch 2\n>p2 move strengthsap terastallize\n>p1 move knockoff\n>p2 move sleeppowder\n>p1 move sleeptalk\n>p2 move sludgebomb\n>p1 move knockoff\n>p2 move sludgebomb\n>p1 move rest\n>p2 move sludgebomb\n>p1 move sleeptalk\n>p2 move strengthsap\n>p1 move sleeptalk\n>p2 move strengthsap\n>p1 move bodyslam\n>p2 move gigadrain\n>p1 move bodyslam\n>p2 move sleeppowder\n>p1 move rest\n>p2 move gigadrain\n>p1 move sleeptalk\n>p2 move gigadrain\n>p1 move sleeptalk\n>p2 move sludgebomb\n>p1 move rest\n>p2 move sludgebomb\n>p1 switch 6\n>p2 switch 5\n>p1 move rest\n>p2 move knockoff\n>p1 switch 3\n>p1 move earthquake\n>p2 move partingshot\n>p2 switch 5\n>p1 switch 5\n>p2 move gigadrain\n>p1 move gigadrain\n>p2 move sleeppowder\n>p2 switch 5\n>p1 switch 6\n>p2 move knockoff\n>p1 move sleeptalk\n>p2 move partingshot\n>p2 switch 6\n>p1 switch 5\n>p2 move swordsdance\n>p1 move earthquake\n>p2 move poltergeist\n>p2 switch 6\n>p1 switch 5\n>p2 move partingshot\n>p2 switch 4\n>p1 switch 6\n>p2 move swordsdance\n>p1 move fierydance\n>p2 move highhorsepower\n>p1 switch 2\n>p1 move bravebird\n>p2 move iciclecrash\n>p1 switch 5\n>p1 move earthquake\n>p2 move closecombat\n>p2 switch 4\n>p1 move earthquake\n>p2 move knockoff", "uploadtime": 1781395685, "views": 5, "formatid": "gen9randombattle", "rating": 1412, "private": 0, "password": null}