{"id": "gen9randombattle-2631741109", "format": "[Gen 9] Random Battle", "players": ["green8Bit", "rayray9"], "log": "|j|\u2606green8Bit\n|j|\u2606rayray9\n|t:|1781431997\n|gametype|singles\n|player|p1|green8Bit|102|2071\n|player|p2|rayray9|102|2039\n|gen|9\n|tier|[Gen 9] Random Battle\n|rated|\n|rule|Species Clause: Limit one of each Pok\u00e9mon\n|rule|HP Percentage Mod: HP is shown in percentages\n|rule|Sleep Clause Mod: Limit one foe put to sleep\n|rule|Illusion Level Mod: Illusion disguises the Pok\u00e9mon's true level\n|\n|t:|1781431997\n|teamsize|p1|6\n|teamsize|p2|6\n|start\n|switch|p1a: Minior|Minior-Yellow, L79|224/224\n|switch|p2a: Rayquaza|Rayquaza, L72|270/270\n|-ability|p2a: Rayquaza|Air Lock\n|-formechange|p1a: Minior|Minior-Meteor||[from] ability: Shields Down\n|turn|1\n|inactive|Battle timer is ON: inactive players will automatically lose when time's up. (requested by rayray9)\n|\n|t:|1781432058\n|switch|p2a: Registeel|Registeel, L81|262/262\n|move|p1a: Minior|Shell Smash|p1a: Minior\n|-unboost|p1a: Minior|def|1\n|-unboost|p1a: Minior|spd|1\n|-boost|p1a: Minior|atk|2\n|-boost|p1a: Minior|spa|2\n|-boost|p1a: Minior|spe|2\n|-enditem|p1a: Minior|White Herb\n|-clearnegativeboost|p1a: Minior|[silent]\n|\n|upkeep\n|turn|2\n|inactive|green8Bit has 120 seconds left.\n|\n|t:|1781432090\n|move|p1a: Minior|Earthquake|p2a: Registeel\n|-supereffective|p2a: Registeel\n|-damage|p2a: Registeel|144/262\n|move|p2a: Registeel|Iron Defense|p2a: Registeel\n|-boost|p2a: Registeel|def|2\n|\n|upkeep\n|turn|3\n|inactive|green8Bit has 120 seconds left.\n|\n|t:|1781432111\n|switch|p1a: Kyogre|Kyogre, L71|259/259\n|-weather|RainDance|[from] ability: Drizzle|[of] p1a: Kyogre\n|move|p2a: Registeel|Iron Defense|p2a: Registeel\n|-boost|p2a: Registeel|def|2\n|\n|-weather|RainDance|[upkeep]\n|upkeep\n|turn|4\n|\n|t:|1781432119\n|switch|p2a: Rayquaza|Rayquaza, L72|270/270\n|-ability|p2a: Rayquaza|Air Lock\n|move|p1a: Kyogre|Water Spout|p2a: Rayquaza\n|-resisted|p2a: Rayquaza\n|-damage|p2a: Rayquaza|180/270\n|\n|-weather|RainDance|[upkeep]\n|upkeep\n|turn|5\n|inactive|green8Bit has 120 seconds left.\n|inactive|green8Bit has 90 seconds left.\n|inactive|rayray9 has 120 seconds left.\n|\n|t:|1781432189\n|switch|p1a: Iron Treads|Iron Treads, L77|265/265\n|move|p2a: Rayquaza|Dragon Ascent|p1a: Iron Treads\n|-resisted|p1a: Iron Treads\n|-damage|p1a: Iron Treads|203/265\n|-unboost|p2a: Rayquaza|def|1\n|-unboost|p2a: Rayquaza|spd|1\n|\n|-weather|RainDance|[upkeep]\n|upkeep\n|turn|6\n|inactive|rayray9 has 120 seconds left.\n|\n|t:|1781432206\n|switch|p2a: Serperior|Serperior, L79, M|248/248\n|move|p1a: Iron Treads|Knock Off|p2a: Serperior\n|-damage|p2a: Serperior|187/248\n|-enditem|p2a: Serperior|Leftovers|[from] move: Knock Off|[of] p1a: Iron Treads\n|\n|-weather|RainDance|[upkeep]\n|upkeep\n|turn|7\n|inactive|green8Bit has 60 seconds left.\n|\n|t:|1781432248\n|move|p2a: Serperior|Substitute|p2a: Serperior\n|-start|p2a: Serperior|Substitute\n|-damage|p2a: Serperior|125/248\n|move|p1a: Iron Treads|Rapid Spin|p2a: Serperior\n|-activate|p2a: Serperior|move: Substitute|[damage]\n|-boost|p1a: Iron Treads|spe|1\n|\n|-weather|none\n|upkeep\n|turn|8\n|inactive|rayray9 has 120 seconds left.\n|\n|t:|1781432254\n|move|p1a: Iron Treads|Iron Head|p2a: Serperior\n|-end|p2a: Serperior|Substitute\n|move|p2a: Serperior|Leaf Storm|p1a: Iron Treads\n|-damage|p1a: Iron Treads|115/265\n|-boost|p2a: Serperior|spa|2\n|\n|upkeep\n|turn|9\n|\n|t:|1781432260\n|move|p1a: Iron Treads|Iron Head|p2a: Serperior\n|-damage|p2a: Serperior|46/248\n|cant|p2a: Serperior|flinch\n|\n|upkeep\n|turn|10\n|\n|t:|1781432265\n|move|p1a: Iron Treads|Iron Head|p2a: Serperior\n|-damage|p2a: Serperior|0 fnt\n|faint|p2a: Serperior\n|\n|upkeep\n|\n|t:|1781432271\n|switch|p2a: Zapdos|Zapdos-Galar, L77|265/265\n|turn|11\n|inactive|green8Bit has 60 seconds left.\n|\n|t:|1781432308\n|move|p1a: Iron Treads|Knock Off|p2a: Zapdos\n|-resisted|p2a: Zapdos\n|-damage|p2a: Zapdos|232/265\n|-enditem|p2a: Zapdos|Choice Band|[from] move: Knock Off|[of] p1a: Iron Treads\n|move|p2a: Zapdos|Close Combat|p1a: Iron Treads\n|-supereffective|p1a: Iron Treads\n|-damage|p1a: Iron Treads|0 fnt\n|-unboost|p2a: Zapdos|def|1\n|-unboost|p2a: Zapdos|spd|1\n|faint|p1a: Iron Treads\n|-end|p1a: Iron Treads|Quark Drive|[silent]\n|\n|upkeep\n|inactive|green8Bit has 30 seconds left.\n|\n|t:|1781432330\n|switch|p1a: Kyogre|Kyogre, L71|259/259\n|-weather|RainDance|[from] ability: Drizzle|[of] p1a: Kyogre\n|turn|12\n|\n|t:|1781432334\n|move|p1a: Kyogre|Water Spout|p2a: Zapdos\n|-damage|p2a: Zapdos|0 fnt\n|faint|p2a: Zapdos\n|\n|-weather|RainDance|[upkeep]\n|upkeep\n|\n|t:|1781432337\n|switch|p2a: Rayquaza|Rayquaza, L72|180/270\n|-ability|p2a: Rayquaza|Air Lock\n|turn|13\n|inactive|green8Bit has 30 seconds left.\n|inactive|green8Bit has 20 seconds left.\n|inactive|green8Bit has 15 seconds left.\n|inactive|green8Bit has 10 seconds left.\n|\n|t:|1781432383\n|switch|p1a: Glalie|Glalie, L96, F|309/309\n|move|p2a: Rayquaza|Swords Dance|p2a: Rayquaza\n|-boost|p2a: Rayquaza|atk|2\n|\n|-weather|RainDance|[upkeep]\n|upkeep\n|turn|14\n|inactive|green8Bit has 20 seconds left this turn.\n|inactive|green8Bit has 15 seconds left.\n|\n|t:|1781432391\n|-terastallize|p2a: Rayquaza|Normal\n|move|p1a: Glalie|Freeze-Dry|p2a: Rayquaza\n|-damage|p2a: Rayquaza|81/270\n|move|p2a: Rayquaza|Swords Dance|p2a: Rayquaza\n|-boost|p2a: Rayquaza|atk|2\n|\n|-weather|RainDance|[upkeep]\n|upkeep\n|turn|15\n|inactive|green8Bit has 25 seconds left this turn.\n|inactive|green8Bit has 20 seconds left.\n|inactive|green8Bit has 15 seconds left.\n|\n|t:|1781432404\n|move|p2a: Rayquaza|Extreme Speed|p1a: Glalie\n|-damage|p1a: Glalie|39/309\n|move|p1a: Glalie|Freeze-Dry|p2a: Rayquaza\n|-damage|p2a: Rayquaza|0 fnt\n|faint|p2a: Rayquaza\n|\n|-weather|RainDance|[upkeep]\n|upkeep\n|\n|t:|1781432412\n|switch|p2a: Solgaleo|Solgaleo, L74|325/325\n|turn|16\n|inactive|green8Bit has 30 seconds left this turn.\n|inactive|green8Bit has 20 seconds left.\n|inactive|green8Bit has 15 seconds left.\n|inactive|green8Bit has 10 seconds left.\n|\n|t:|1781432436\n|move|p1a: Glalie|Spikes|p2a: Solgaleo\n|-sidestart|p2: rayray9|Spikes\n|move|p2a: Solgaleo|Flame Charge|p1a: Glalie\n|-supereffective|p1a: Glalie\n|-damage|p1a: Glalie|3/309\n|-boost|p2a: Solgaleo|spe|1\n|\n|-weather|none\n|upkeep\n|turn|17\n|inactive|green8Bit has 20 seconds left this turn.\n|inactive|green8Bit has 15 seconds left.\n|\n|t:|1781432446\n|move|p2a: Solgaleo|Flame Charge|p1a: Glalie\n|-supereffective|p1a: Glalie\n|-damage|p1a: Glalie|0 fnt\n|-boost|p2a: Solgaleo|spe|1\n|faint|p1a: Glalie\n|\n|upkeep\n|inactive|green8Bit has 20 seconds left this turn.\n|inactive|green8Bit has 15 seconds left.\n|\n|t:|1781432451\n|switch|p1a: Dachsbun|Dachsbun, L92, F|254/254\n|turn|18\n|inactive|green8Bit has 25 seconds left this turn.\n|\n|t:|1781432455\n|move|p2a: Solgaleo|Sunsteel Strike|p1a: Dachsbun\n|-supereffective|p1a: Dachsbun\n|-damage|p1a: Dachsbun|90/254\n|move|p1a: Dachsbun|Yawn|p2a: Solgaleo\n|-start|p2a: Solgaleo|move: Yawn|[of] p1a: Dachsbun\n|\n|-heal|p1a: Dachsbun|105/254|[from] item: Leftovers\n|upkeep\n|turn|19\n|inactive|green8Bit has 30 seconds left.\n|\n|t:|1781432469\n|switch|p2a: Registeel|Registeel, L81|144/262\n|-damage|p2a: Registeel|112/262|[from] Spikes\n|move|p1a: Dachsbun|Wish|p1a: Dachsbun\n|\n|-heal|p1a: Dachsbun|120/254|[from] item: Leftovers\n|upkeep\n|turn|20\n|inactive|green8Bit has 30 seconds left.\n|inactive|green8Bit has 20 seconds left.\n|inactive|green8Bit has 15 seconds left.\n|inactive|green8Bit has 10 seconds left.\n|\n|t:|1781432500\n|switch|p1a: Kyogre|Kyogre, L71|259/259\n|-weather|RainDance|[from] ability: Drizzle|[of] p1a: Kyogre\n|move|p2a: Registeel|Iron Defense|p2a: Registeel\n|-boost|p2a: Registeel|def|2\n|\n|-weather|RainDance|[upkeep]\n|upkeep\n|turn|21\n|inactive|green8Bit has 20 seconds left this turn.\n|inactive|green8Bit has 15 seconds left.\n|\n|t:|1781432506\n|move|p1a: Kyogre|Water Spout|p2a: Registeel\n|-damage|p2a: Registeel|0 fnt\n|faint|p2a: Registeel\n|\n|-weather|RainDance|[upkeep]\n|upkeep\n|\n|t:|1781432518\n|switch|p2a: Terrakion|Terrakion, L79|273/273\n|-damage|p2a: Terrakion|239/273|[from] Spikes\n|turn|22\n|inactive|green8Bit has 30 seconds left this turn.\n|inactive|green8Bit has 20 seconds left.\n|-message|rayray9 forfeited.\n|\n|win|green8Bit\n", "inputlog": ">version a8376a258c1d4662feba110a92103f3664a72141\n>start {\"formatid\":\"gen9randombattle\",\"seed\":\"sodium,2173f980bb821607c7d2fdb2825830f2\",\"rated\":\"Rated battle\"}\n>player p1 {\"name\":\"green8Bit\",\"avatar\":\"102\",\"rating\":2071,\"seed\":\"sodium,6b336af5025ab6509955d11fbf067781\"}\n>player p2 {\"name\":\"rayray9\",\"avatar\":\"102\",\"rating\":2039,\"seed\":\"sodium,a276bfaf520cd432913d14639867ac50\"}\n>p1 move shellsmash\n>p2 switch 4\n>p1 move earthquake\n>p2 move irondefense\n>p1 switch 2\n>p2 move irondefense\n>p1 move waterspout\n>p2 switch 4\n>p1 switch 3\n>p2 move dragonascent\n>p1 move knockoff\n>p2 switch 6\n>p1 move rapidspin\n>p2 move substitute\n>p1 move ironhead\n>p2 move leafstorm\n>p1 move ironhead\n>p2 move leafstorm\n>p1 move ironhead\n>p2 move leafstorm\n>p2 switch 2\n>p1 move knockoff\n>p2 move closecombat\n>p1 switch 3\n>p1 move waterspout\n>p2 move closecombat\n>p2 switch 6\n>p1 switch 5\n>p2 move swordsdance\n>p1 move freezedry\n>p2 move swordsdance terastallize\n>p1 move freezedry\n>p2 move extremespeed\n>p2 switch 5\n>p1 move spikes\n>p2 move flamecharge\n>p1 move spikes\n>p2 move flamecharge\n>p1 switch 6\n>p1 move yawn\n>p2 move sunsteelstrike\n>p1 move wish\n>p2 switch 4\n>p1 switch 5\n>p2 move irondefense\n>p1 move waterspout\n>p2 move rest\n>p2 switch 3\n>forcelose p2", "uploadtime": 1781431998, "views": 8, "formatid": "gen9randombattle", "rating": null, "private": 0, "password": null}