{"id": "gen9randombattle-2631887796", "format": "[Gen 9] Random Battle", "players": ["PrimalRazz", "bimiuchiratnhieu"], "log": "|j|\u2606PrimalRazz\n|j|\u2606bimiuchiratnhieu\n|t:|1781452233\n|gametype|singles\n|player|p1|PrimalRazz|scientist|1917\n|player|p2|bimiuchiratnhieu|hilda|1957\n|gen|9\n|tier|[Gen 9] Random Battle\n|rated|\n|rule|Species Clause: Limit one of each Pok\u00e9mon\n|rule|HP Percentage Mod: HP is shown in percentages\n|rule|Sleep Clause Mod: Limit one foe put to sleep\n|rule|Illusion Level Mod: Illusion disguises the Pok\u00e9mon's true level\n|\n|t:|1781452233\n|teamsize|p1|6\n|teamsize|p2|6\n|start\n|switch|p1a: Tropius|Tropius, L91, F|328/328\n|switch|p2a: Garchomp|Garchomp, L74, F|282/282\n|turn|1\n|inactive|Battle timer is ON: inactive players will automatically lose when time's up. (requested by bimiuchiratnhieu)\n|\n|t:|1781452250\n|switch|p1a: Scream Tail|Scream Tail, L84|330/330\n|move|p2a: Garchomp|Swords Dance|p2a: Garchomp\n|-boost|p2a: Garchomp|atk|2\n|\n|upkeep\n|turn|2\n|\n|t:|1781452257\n|move|p1a: Scream Tail|Encore|p2a: Garchomp\n|-start|p2a: Garchomp|Encore\n|move|p2a: Garchomp|Swords Dance|p2a: Garchomp\n|-boost|p2a: Garchomp|atk|2\n|\n|upkeep\n|turn|3\n|\n|t:|1781452261\n|switch|p2a: Hypno|Hypno, L95, F|315/315\n|move|p1a: Scream Tail|Dazzling Gleam|p2a: Hypno\n|-damage|p2a: Hypno|273/315\n|\n|-heal|p2a: Hypno|292/315|[from] item: Leftovers\n|upkeep\n|turn|4\n|\n|t:|1781452272\n|-end|p1a: Scream Tail|Protosynthesis|[silent]\n|switch|p1a: Bruxish|Bruxish, L85, F|254/254\n|move|p2a: Hypno|Toxic|p1a: Bruxish\n|-status|p1a: Bruxish|tox\n|\n|-heal|p2a: Hypno|311/315|[from] item: Leftovers\n|-damage|p1a: Bruxish|239/254 tox|[from] psn\n|upkeep\n|turn|5\n|\n|t:|1781452288\n|move|p2a: Hypno|Protect|p2a: Hypno\n|-singleturn|p2a: Hypno|Protect\n|move|p1a: Bruxish|Crunch|p2a: Hypno\n|-activate|p2a: Hypno|move: Protect\n|\n|-heal|p2a: Hypno|315/315|[from] item: Leftovers\n|-damage|p1a: Bruxish|209/254 tox|[from] psn\n|upkeep\n|turn|6\n|\n|t:|1781452293\n|switch|p2a: Grimmsnarl|Grimmsnarl, L83, M|293/293\n|move|p1a: Bruxish|Crunch|p2a: Grimmsnarl\n|-resisted|p2a: Grimmsnarl\n|-damage|p2a: Grimmsnarl|247/293\n|\n|-heal|p2a: Grimmsnarl|265/293|[from] item: Leftovers\n|-damage|p1a: Bruxish|164/254 tox|[from] psn\n|upkeep\n|turn|7\n|\n|t:|1781452302\n|switch|p1a: Groudon|Groudon, L72|263/263\n|-weather|SunnyDay|[from] ability: Drought|[of] p1a: Groudon\n|move|p2a: Grimmsnarl|Spirit Break|p1a: Groudon\n|-damage|p1a: Groudon|184/263\n|-unboost|p1a: Groudon|spa|1\n|\n|-weather|SunnyDay|[upkeep]\n|-heal|p1a: Groudon|200/263|[from] item: Leftovers\n|-heal|p2a: Grimmsnarl|283/293|[from] item: Leftovers\n|upkeep\n|turn|8\n|inactive|bimiuchiratnhieu has 120 seconds left.\n|\n|t:|1781452338\n|move|p2a: Grimmsnarl|Parting Shot|p1a: Groudon\n|-unboost|p1a: Groudon|atk|1\n|-unboost|p1a: Groudon|spa|1\n|\n|t:|1781452342\n|switch|p2a: Hypno|Hypno, L95, F|315/315|[from] Parting Shot\n|move|p1a: Groudon|Spikes|p2a: Hypno\n|-sidestart|p2: bimiuchiratnhieu|Spikes\n|\n|-weather|SunnyDay|[upkeep]\n|-heal|p1a: Groudon|216/263|[from] item: Leftovers\n|upkeep\n|turn|9\n|\n|t:|1781452359\n|move|p2a: Hypno|Toxic|p1a: Groudon\n|-status|p1a: Groudon|tox\n|move|p1a: Groudon|Spikes|p2a: Hypno\n|-sidestart|p2: bimiuchiratnhieu|Spikes\n|\n|-weather|SunnyDay|[upkeep]\n|-heal|p1a: Groudon|232/263 tox|[from] item: Leftovers\n|-damage|p1a: Groudon|216/263 tox|[from] psn\n|upkeep\n|turn|10\n|\n|t:|1781452372\n|switch|p2a: Noctowl|Noctowl, L95, F|344/344\n|move|p1a: Groudon|Spikes|p2a: Noctowl\n|-sidestart|p2: bimiuchiratnhieu|Spikes\n|\n|-weather|SunnyDay|[upkeep]\n|-heal|p1a: Groudon|232/263 tox|[from] item: Leftovers\n|-damage|p1a: Groudon|200/263 tox|[from] psn\n|upkeep\n|turn|11\n|\n|t:|1781452379\n|switch|p1a: Bruxish|Bruxish, L85, F|164/254 tox\n|move|p2a: Noctowl|Defog|p1a: Bruxish\n|-unboost|p1a: Bruxish|evasion|1\n|-sideend|p2: bimiuchiratnhieu|Spikes|[from] move: Defog|[of] p2a: Noctowl\n|\n|-weather|none\n|-damage|p1a: Bruxish|149/254 tox|[from] psn\n|upkeep\n|turn|12\n|inactive|bimiuchiratnhieu has 120 seconds left.\n|\n|t:|1781452415\n|move|p1a: Bruxish|Wave Crash|p2a: Noctowl\n|-damage|p2a: Noctowl|46/344\n|-damage|p1a: Bruxish|51/254 tox|[from] Recoil\n|move|p2a: Noctowl|Hyper Voice|p1a: Bruxish\n|-damage|p1a: Bruxish|0 fnt\n|faint|p1a: Bruxish\n|\n|upkeep\n|inactive|PrimalRazz has 120 seconds left.\n|\n|t:|1781452452\n|switch|p1a: Plusle|Plusle, L95, M|268/268\n|turn|13\n|inactive|bimiuchiratnhieu has 120 seconds left.\n|\n|t:|1781452464\n|switch|p2a: Grimmsnarl|Grimmsnarl, L83, M|283/293\n|move|p1a: Plusle|Nasty Plot|p1a: Plusle\n|-boost|p1a: Plusle|spa|2\n|\n|-heal|p2a: Grimmsnarl|293/293|[from] item: Leftovers\n|upkeep\n|turn|14\n|inactive|bimiuchiratnhieu has 120 seconds left.\n|\n|t:|1781452470\n|move|p1a: Plusle|Thunderbolt|p2a: Grimmsnarl\n|-damage|p2a: Grimmsnarl|0 fnt\n|faint|p2a: Grimmsnarl\n|-damage|p1a: Plusle|242/268|[from] item: Life Orb\n|\n|upkeep\n|\n|t:|1781452473\n|switch|p2a: Hypno|Hypno, L95, F|315/315\n|turn|15\n|\n|t:|1781452481\n|switch|p1a: Groudon|Groudon, L72|200/263 tox\n|-weather|SunnyDay|[from] ability: Drought|[of] p1a: Groudon\n|move|p2a: Hypno|Toxic|p1a: Groudon\n|-fail|p1a: Groudon|tox\n|\n|-weather|SunnyDay|[upkeep]\n|-heal|p1a: Groudon|216/263 tox|[from] item: Leftovers\n|-damage|p1a: Groudon|200/263 tox|[from] psn\n|upkeep\n|turn|16\n|\n|t:|1781452490\n|move|p2a: Hypno|Psychic Noise|p1a: Groudon\n|-damage|p1a: Groudon|107/263 tox\n|-start|p1a: Groudon|move: Heal Block\n|move|p1a: Groudon|Heat Crash|p2a: Hypno\n|-damage|p2a: Hypno|175/315\n|\n|-weather|SunnyDay|[upkeep]\n|-heal|p2a: Hypno|194/315|[from] item: Leftovers\n|-damage|p1a: Groudon|75/263 tox|[from] psn\n|upkeep\n|turn|17\n|\n|t:|1781452493\n|move|p2a: Hypno|Protect|p2a: Hypno\n|-singleturn|p2a: Hypno|Protect\n|move|p1a: Groudon|Spikes|p2a: Hypno\n|-sidestart|p2: bimiuchiratnhieu|Spikes\n|\n|-weather|SunnyDay|[upkeep]\n|-heal|p2a: Hypno|213/315|[from] item: Leftovers\n|-damage|p1a: Groudon|27/263 tox|[from] psn\n|-end|p1a: Groudon|move: Heal Block\n|upkeep\n|turn|18\n|\n|t:|1781452497\n|move|p2a: Hypno|Psychic Noise|p1a: Groudon\n|-damage|p1a: Groudon|0 fnt\n|faint|p1a: Groudon\n|\n|-weather|SunnyDay|[upkeep]\n|-heal|p2a: Hypno|232/315|[from] item: Leftovers\n|upkeep\n|\n|t:|1781452507\n|switch|p1a: Scream Tail|Scream Tail, L84|330/330\n|-activate|p1a: Scream Tail|ability: Protosynthesis\n|-start|p1a: Scream Tail|protosynthesisspd\n|turn|19\n|\n|t:|1781452520\n|move|p2a: Hypno|Protect|p2a: Hypno\n|-singleturn|p2a: Hypno|Protect\n|move|p1a: Scream Tail|Encore|p2a: Hypno\n|-activate|p2a: Hypno|move: Protect\n|\n|-weather|none\n|-end|p1a: Scream Tail|Protosynthesis\n|-heal|p2a: Hypno|251/315|[from] item: Leftovers\n|upkeep\n|turn|20\n|\n|t:|1781452530\n|switch|p2a: Banette|Banette, L93, M|270/270\n|-damage|p2a: Banette|237/270|[from] Spikes\n|move|p1a: Scream Tail|Encore||[still]\n|-fail|p1a: Scream Tail\n|\n|upkeep\n|turn|21\n|\n|t:|1781452557\n|move|p1a: Scream Tail|Dazzling Gleam|p2a: Banette\n|-damage|p2a: Banette|158/270\n|move|p2a: Banette|Poltergeist|p1a: Scream Tail\n|-activate|p1a: Scream Tail|move: Poltergeist|Leftovers\n|-supereffective|p1a: Scream Tail\n|-crit|p1a: Scream Tail\n|-damage|p1a: Scream Tail|0 fnt\n|faint|p1a: Scream Tail\n|-end|p1a: Scream Tail|Protosynthesis|[silent]\n|-damage|p2a: Banette|131/270|[from] item: Life Orb\n|\n|upkeep\n|\n|t:|1781452566\n|switch|p1a: Plusle|Plusle, L95, M|242/268\n|turn|22\n|\n|t:|1781452578\n|switch|p2a: Noctowl|Noctowl, L95, F|46/344\n|move|p1a: Plusle|Thunderbolt|p2a: Noctowl\n|-supereffective|p2a: Noctowl\n|-damage|p2a: Noctowl|0 fnt\n|faint|p2a: Noctowl\n|-damage|p1a: Plusle|216/268|[from] item: Life Orb\n|\n|upkeep\n|\n|t:|1781452580\n|switch|p2a: Hypno|Hypno, L95, F|251/315\n|-damage|p2a: Hypno|212/315|[from] Spikes\n|turn|23\n|\n|t:|1781452584\n|move|p1a: Plusle|Nasty Plot|p1a: Plusle\n|-boost|p1a: Plusle|spa|2\n|move|p2a: Hypno|Toxic|p1a: Plusle\n|-status|p1a: Plusle|tox\n|\n|-heal|p2a: Hypno|231/315|[from] item: Leftovers\n|-damage|p1a: Plusle|200/268 tox|[from] psn\n|upkeep\n|turn|24\n|\n|t:|1781452602\n|move|p1a: Plusle|Thunderbolt|p2a: Hypno\n|-damage|p2a: Hypno|43/315\n|-damage|p1a: Plusle|174/268 tox|[from] item: Life Orb\n|move|p2a: Hypno|Psychic Noise|p1a: Plusle\n|-damage|p1a: Plusle|90/268 tox\n|-start|p1a: Plusle|move: Heal Block\n|\n|-heal|p2a: Hypno|62/315|[from] item: Leftovers\n|-damage|p1a: Plusle|58/268 tox|[from] psn\n|upkeep\n|turn|25\n|\n|t:|1781452613\n|move|p2a: Hypno|Protect|p2a: Hypno\n|-singleturn|p2a: Hypno|Protect\n|move|p1a: Plusle|Thunderbolt|p2a: Hypno\n|-activate|p2a: Hypno|move: Protect\n|\n|-heal|p2a: Hypno|81/315|[from] item: Leftovers\n|-damage|p1a: Plusle|10/268 tox|[from] psn\n|-end|p1a: Plusle|move: Heal Block\n|upkeep\n|turn|26\n|\n|t:|1781452625\n|move|p1a: Plusle|Grass Knot|p2a: Hypno\n|-damage|p2a: Hypno|0 fnt\n|faint|p2a: Hypno\n|-damage|p1a: Plusle|0 fnt|[from] item: Life Orb\n|faint|p1a: Plusle\n|\n|upkeep\n|\n|t:|1781452637\n|switch|p1a: Tropius|Tropius, L91, F|328/328\n|switch|p2a: Banette|Banette, L93, M|131/270\n|-damage|p2a: Banette|98/270|[from] Spikes\n|turn|27\n|\n|t:|1781452643\n|move|p2a: Banette|Thunder Wave|p1a: Tropius\n|-status|p1a: Tropius|par\n|move|p1a: Tropius|Dual Wingbeat|p2a: Banette\n|-damage|p2a: Banette|55/270\n|-crit|p2a: Banette\n|-damage|p2a: Banette|0 fnt\n|-start|p1a: Tropius|Disable|Dual Wingbeat|[from] ability: Cursed Body|[of] p2a: Banette\n|faint|p2a: Banette\n|-hitcount|p2: Banette|2\n|\n|upkeep\n|\n|t:|1781452654\n|switch|p2a: Garchomp|Garchomp, L74, F|282/282\n|-damage|p2a: Garchomp|247/282|[from] Spikes\n|turn|28\n|\n|t:|1781452658\n|switch|p1a: Serperior|Serperior, L79, F|248/248\n|move|p2a: Garchomp|Swords Dance|p2a: Garchomp\n|-boost|p2a: Garchomp|atk|2\n|\n|upkeep\n|turn|29\n|\n|t:|1781452681\n|-terastallize|p1a: Serperior|Grass\n|move|p1a: Serperior|Leaf Storm|p2a: Garchomp\n|-damage|p2a: Garchomp|89/282\n|-boost|p1a: Serperior|spa|2\n|move|p2a: Garchomp|Scale Shot|p1a: Serperior\n|-damage|p1a: Serperior|193/248\n|-damage|p1a: Serperior|136/248\n|-damage|p1a: Serperior|87/248\n|-damage|p1a: Serperior|33/248\n|-crit|p1a: Serperior\n|-damage|p1a: Serperior|0 fnt\n|faint|p1a: Serperior\n|-hitcount|p1: Serperior|5\n|-unboost|p2a: Garchomp|def|1\n|-boost|p2a: Garchomp|spe|1\n|\n|upkeep\n|\n|t:|1781452685\n|switch|p1a: Tropius|Tropius, L91, F|328/328 par\n|turn|30\n|c|\u2606PrimalRazz|gg\n|-message|PrimalRazz forfeited.\n|\n|win|bimiuchiratnhieu\n", "uploadtime": 1781452235, "views": 7, "formatid": "gen9randombattle", "rating": null, "private": 0, "password": null}