{"id": "gen9randombattle-2631844033", "format": "[Gen 9] Random Battle", "players": ["shuckletheshuckle", "mundigsters"], "log": "|j|\u2606shuckletheshuckle\n|j|\u2606mundigsters\n|t:|1781447243\n|gametype|singles\n|player|p1|shuckletheshuckle|102|1979\n|player|p2|mundigsters|2|1987\n|gen|9\n|tier|[Gen 9] Random Battle\n|rated|\n|rule|Species Clause: Limit one of each Pok\u00e9mon\n|rule|HP Percentage Mod: HP is shown in percentages\n|rule|Sleep Clause Mod: Limit one foe put to sleep\n|rule|Illusion Level Mod: Illusion disguises the Pok\u00e9mon's true level\n|\n|t:|1781447243\n|teamsize|p1|6\n|teamsize|p2|6\n|start\n|switch|p1a: Appletun|Appletun, L92, F|352/352\n|switch|p2a: Quaquaval|Quaquaval, L79, F|264/264\n|turn|1\n|inactive|Battle timer is ON: inactive players will automatically lose when time's up. (requested by mundigsters)\n|\n|t:|1781447254\n|switch|p2a: Scizor|Scizor, L79, F|240/240\n|switch|p1a: Wugtrio|Wugtrio, L91, F|212/212\n|\n|upkeep\n|turn|2\n|\n|t:|1781447257\n|move|p1a: Wugtrio|Liquidation|p2a: Scizor\n|-damage|p2a: Scizor|87/240\n|move|p2a: Scizor|Bug Bite|p1a: Wugtrio\n|-crit|p1a: Wugtrio\n|-damage|p1a: Wugtrio|0 fnt\n|-ability|p1a: Wugtrio|Gooey\n|-unboost|p2a: Scizor|spe|1\n|faint|p1a: Wugtrio\n|-damage|p2a: Scizor|63/240|[from] item: Life Orb\n|\n|upkeep\n|\n|t:|1781447266\n|switch|p1a: Thundurus|Thundurus, L80, M|258/258\n|turn|3\n|\n|t:|1781447271\n|switch|p2a: Sandaconda|Sandaconda, L84, F|258/258\n|move|p1a: Thundurus|Thunderbolt|p2a: Sandaconda\n|-immune|p2a: Sandaconda\n|\n|upkeep\n|turn|4\n|\n|t:|1781447281\n|move|p1a: Thundurus|U-turn|p2a: Sandaconda\n|-damage|p2a: Sandaconda|219/258\n|\n|t:|1781447283\n|switch|p1a: Appletun|Appletun, L92, F|352/352|[from] U-turn\n|move|p2a: Sandaconda|Coil|p2a: Sandaconda\n|-boost|p2a: Sandaconda|atk|1\n|-boost|p2a: Sandaconda|def|1\n|-boost|p2a: Sandaconda|accuracy|1\n|\n|-heal|p2a: Sandaconda|235/258|[from] item: Leftovers\n|upkeep\n|turn|5\n|\n|t:|1781447290\n|move|p2a: Sandaconda|Stone Edge|p1a: Appletun\n|-damage|p1a: Appletun|242/352\n|move|p1a: Appletun|Leech Seed|p2a: Sandaconda\n|-start|p2a: Sandaconda|move: Leech Seed\n|\n|-heal|p2a: Sandaconda|251/258|[from] item: Leftovers\n|-heal|p1a: Appletun|264/352|[from] item: Leftovers\n|-damage|p2a: Sandaconda|219/258|[from] Leech Seed|[of] p1a: Appletun\n|-heal|p1a: Appletun|296/352|[silent]\n|upkeep\n|turn|6\n|\n|t:|1781447293\n|switch|p2a: Scizor|Scizor, L79, F|63/240\n|move|p1a: Appletun|Apple Acid|p2a: Scizor\n|-resisted|p2a: Scizor\n|-damage|p2a: Scizor|35/240\n|-unboost|p2a: Scizor|spd|1\n|\n|-heal|p1a: Appletun|318/352|[from] item: Leftovers\n|upkeep\n|turn|7\n|\n|t:|1781447296\n|switch|p1a: Thundurus|Thundurus, L80, M|258/258\n|move|p2a: Scizor|Bug Bite|p1a: Thundurus\n|-resisted|p1a: Thundurus\n|-damage|p1a: Thundurus|170/258\n|-damage|p2a: Scizor|11/240|[from] item: Life Orb\n|\n|upkeep\n|turn|8\n|\n|t:|1781447306\n|switch|p2a: Sandaconda|Sandaconda, L84, F|219/258\n|move|p1a: Thundurus|U-turn|p2a: Sandaconda\n|-damage|p2a: Sandaconda|180/258\n|\n|t:|1781447308\n|switch|p1a: Appletun|Appletun, L92, F|318/352|[from] U-turn\n|\n|-heal|p2a: Sandaconda|196/258|[from] item: Leftovers\n|-heal|p1a: Appletun|340/352|[from] item: Leftovers\n|upkeep\n|turn|9\n|\n|t:|1781447312\n|switch|p2a: Heracross|Heracross, L80, M|259/259\n|move|p1a: Appletun|Apple Acid|p2a: Heracross\n|-resisted|p2a: Heracross\n|-damage|p2a: Heracross|205/259\n|-unboost|p2a: Heracross|spd|1\n|\n|-heal|p1a: Appletun|352/352|[from] item: Leftovers\n|-status|p2a: Heracross|brn|[from] item: Flame Orb\n|upkeep\n|turn|10\n|\n|t:|1781447320\n|move|p2a: Heracross|Trailblaze|p1a: Appletun\n|-resisted|p1a: Appletun\n|-damage|p1a: Appletun|338/352\n|-boost|p2a: Heracross|spe|1\n|move|p1a: Appletun|Dragon Pulse|p2a: Heracross\n|-damage|p2a: Heracross|36/259 brn\n|\n|-heal|p1a: Appletun|352/352|[from] item: Leftovers\n|-damage|p2a: Heracross|20/259 brn|[from] brn\n|upkeep\n|turn|11\n|\n|t:|1781447334\n|move|p2a: Heracross|Facade|p1a: Appletun\n|-damage|p1a: Appletun|191/352\n|move|p1a: Appletun|Leech Seed|p2a: Heracross\n|-start|p2a: Heracross|move: Leech Seed\n|\n|-heal|p1a: Appletun|213/352|[from] item: Leftovers\n|-damage|p2a: Heracross|0 fnt|[from] Leech Seed|[of] p1a: Appletun\n|-heal|p1a: Appletun|233/352|[silent]\n|faint|p2a: Heracross\n|upkeep\n|\n|t:|1781447340\n|switch|p2a: Scizor|Scizor, L79, F|11/240\n|turn|12\n|\n|t:|1781447344\n|switch|p1a: Thundurus|Thundurus, L80, M|170/258\n|move|p2a: Scizor|Knock Off|p1a: Thundurus\n|-damage|p1a: Thundurus|87/258\n|-damage|p2a: Scizor|0 fnt|[from] item: Life Orb\n|faint|p2a: Scizor\n|\n|upkeep\n|\n|t:|1781447349\n|switch|p2a: Ambipom|Ambipom, L84, F|263/263\n|turn|13\n|\n|t:|1781447356\n|switch|p1a: Regirock|Regirock, L83|268/268\n|move|p2a: Ambipom|Triple Axel|p1a: Regirock\n|-damage|p1a: Regirock|250/268\n|-damage|p1a: Regirock|216/268\n|-damage|p1a: Regirock|167/268\n|-hitcount|p1a: Regirock|3\n|\n|upkeep\n|turn|14\n|\n|t:|1781447367\n|switch|p2a: Sandaconda|Sandaconda, L84, F|196/258\n|move|p1a: Regirock|Body Press|p2a: Sandaconda\n|-damage|p2a: Sandaconda|113/258\n|\n|-heal|p2a: Sandaconda|129/258|[from] item: Leftovers\n|upkeep\n|turn|15\n|\n|t:|1781447372\n|switch|p1a: Appletun|Appletun, L92, F|233/352\n|move|p2a: Sandaconda|Coil|p2a: Sandaconda\n|-boost|p2a: Sandaconda|atk|1\n|-boost|p2a: Sandaconda|def|1\n|-boost|p2a: Sandaconda|accuracy|1\n|\n|-heal|p2a: Sandaconda|145/258|[from] item: Leftovers\n|-heal|p1a: Appletun|255/352|[from] item: Leftovers\n|upkeep\n|turn|16\n|\n|t:|1781447378\n|move|p2a: Sandaconda|Stone Edge|p1a: Appletun\n|-damage|p1a: Appletun|134/352\n|move|p1a: Appletun|Apple Acid|p2a: Sandaconda\n|-supereffective|p2a: Sandaconda\n|-damage|p2a: Sandaconda|0 fnt\n|faint|p2a: Sandaconda\n|\n|-heal|p1a: Appletun|156/352|[from] item: Leftovers\n|upkeep\n|\n|t:|1781447383\n|switch|p2a: Tornadus|Tornadus, L82, M|263/263\n|turn|17\n|\n|t:|1781447390\n|switch|p1a: Regirock|Regirock, L83|167/268\n|move|p2a: Tornadus|U-turn|p1a: Regirock\n|-damage|p1a: Regirock|140/268\n|\n|t:|1781447393\n|switch|p2a: Quaquaval|Quaquaval, L79, F|264/264|[from] U-turn\n|\n|upkeep\n|turn|18\n|\n|t:|1781447401\n|switch|p1a: Appletun|Appletun, L92, F|156/352\n|move|p2a: Quaquaval|Aqua Step|p1a: Appletun\n|-resisted|p1a: Appletun\n|-damage|p1a: Appletun|136/352\n|-boost|p2a: Quaquaval|spe|1\n|\n|-heal|p1a: Appletun|158/352|[from] item: Leftovers\n|upkeep\n|turn|19\n|\n|t:|1781447414\n|move|p2a: Quaquaval|Swords Dance|p2a: Quaquaval\n|-boost|p2a: Quaquaval|atk|2\n|move|p1a: Appletun|Recover|p1a: Appletun\n|-heal|p1a: Appletun|334/352\n|\n|-heal|p1a: Appletun|352/352|[from] item: Leftovers\n|upkeep\n|turn|20\n|\n|t:|1781447419\n|-terastallize|p2a: Quaquaval|Steel\n|move|p2a: Quaquaval|Close Combat|p1a: Appletun\n|-damage|p1a: Appletun|85/352\n|-unboost|p2a: Quaquaval|def|1\n|-unboost|p2a: Quaquaval|spd|1\n|move|p1a: Appletun|Apple Acid|p2a: Quaquaval\n|-resisted|p2a: Quaquaval\n|-damage|p2a: Quaquaval|180/264\n|-unboost|p2a: Quaquaval|spd|1\n|\n|-heal|p2a: Quaquaval|196/264|[from] item: Leftovers\n|-heal|p1a: Appletun|107/352|[from] item: Leftovers\n|upkeep\n|turn|21\n|\n|t:|1781447425\n|move|p2a: Quaquaval|Close Combat|p1a: Appletun\n|-damage|p1a: Appletun|0 fnt\n|-unboost|p2a: Quaquaval|def|1\n|-unboost|p2a: Quaquaval|spd|1\n|faint|p1a: Appletun\n|-ability|p2a: Quaquaval|Moxie|boost\n|-boost|p2a: Quaquaval|atk|1\n|\n|-heal|p2a: Quaquaval|212/264|[from] item: Leftovers\n|upkeep\n|\n|t:|1781447429\n|switch|p1a: Annihilape|Annihilape, L76, F|292/292\n|turn|22\n|\n|t:|1781447438\n|move|p2a: Quaquaval|Aqua Step|p1a: Annihilape\n|-damage|p1a: Annihilape|22/292\n|-boost|p2a: Quaquaval|spe|1\n|move|p1a: Annihilape|Drain Punch|p2a: Quaquaval\n|-supereffective|p2a: Quaquaval\n|-damage|p2a: Quaquaval|0 fnt\n|-heal|p1a: Annihilape|128/292|[from] drain|[of] p2a: Quaquaval\n|faint|p2a: Quaquaval\n|\n|-heal|p1a: Annihilape|146/292|[from] item: Leftovers\n|upkeep\n|\n|t:|1781447448\n|switch|p2a: Tornadus|Tornadus, L82, M|263/263\n|turn|23\n|\n|t:|1781447453\n|switch|p1a: Thundurus|Thundurus, L80, M|87/258\n|move|p2a: Tornadus|Bleakwind Storm|p1a: Thundurus|[miss]\n|-miss|p2a: Tornadus|p1a: Thundurus\n|\n|upkeep\n|turn|24\n|\n|t:|1781447458\n|move|p2a: Tornadus|Bleakwind Storm|p1a: Thundurus|[miss]\n|-miss|p2a: Tornadus|p1a: Thundurus\n|move|p1a: Thundurus|Thunderbolt|p2a: Tornadus\n|-supereffective|p2a: Tornadus\n|-damage|p2a: Tornadus|29/263\n|\n|upkeep\n|turn|25\n|\n|t:|1781447460\n|move|p2a: Tornadus|Bleakwind Storm|p1a: Thundurus\n|-resisted|p1a: Thundurus\n|-damage|p1a: Thundurus|0 fnt\n|faint|p1a: Thundurus\n|\n|upkeep\n|\n|t:|1781447466\n|switch|p1a: Regirock|Regirock, L83|140/268\n|turn|26\n|\n|t:|1781447468\n|-terastallize|p1a: Regirock|Fighting\n|move|p2a: Tornadus|Bleakwind Storm|p1a: Regirock\n|-supereffective|p1a: Regirock\n|-damage|p1a: Regirock|0 fnt\n|faint|p1a: Regirock\n|\n|upkeep\n|\n|t:|1781447472\n|switch|p1a: Minior|Minior-Violet, L79|224/224\n|-formechange|p1a: Minior|Minior-Meteor||[from] ability: Shields Down\n|turn|27\n|\n|t:|1781447475\n|move|p2a: Tornadus|Bleakwind Storm|p1a: Minior\n|-resisted|p1a: Minior\n|-damage|p1a: Minior|140/224\n|move|p1a: Minior|Shell Smash|p1a: Minior\n|-unboost|p1a: Minior|def|1\n|-unboost|p1a: Minior|spd|1\n|-boost|p1a: Minior|atk|2\n|-boost|p1a: Minior|spa|2\n|-boost|p1a: Minior|spe|2\n|-enditem|p1a: Minior|White Herb\n|-clearnegativeboost|p1a: Minior|[silent]\n|\n|upkeep\n|turn|28\n|\n|t:|1781447479\n|move|p1a: Minior|Power Gem|p2a: Tornadus\n|-supereffective|p2a: Tornadus\n|-damage|p2a: Tornadus|0 fnt\n|faint|p2a: Tornadus\n|\n|upkeep\n|\n|t:|1781447481\n|switch|p2a: Ambipom|Ambipom, L84, F|263/263\n|turn|29\n|\n|t:|1781447488\n|move|p1a: Minior|Acrobatics|p2a: Ambipom\n|-damage|p2a: Ambipom|85/263\n|move|p2a: Ambipom|Triple Axel|p1a: Minior\n|-supereffective|p1a: Minior\n|-damage|p1a: Minior|82/224\n|-supereffective|p1a: Minior\n|-damage|p1a: Minior|0 fnt\n|faint|p1a: Minior\n|-hitcount|p1: Minior|2\n|\n|upkeep\n|\n|t:|1781447490\n|switch|p1a: Annihilape|Annihilape, L76, F|146/292\n|turn|30\n|\n|t:|1781447497\n|move|p2a: Ambipom|Triple Axel|p1a: Annihilape\n|-damage|p1a: Annihilape|110/292\n|-damage|p1a: Annihilape|40/292\n|-damage|p1a: Annihilape|0 fnt\n|faint|p1a: Annihilape\n|-hitcount|p1: Annihilape|3\n|\n|win|mundigsters\n", "inputlog": ">version a8376a258c1d4662feba110a92103f3664a72141\n>start {\"formatid\":\"gen9randombattle\",\"seed\":\"sodium,48eced0ce1c7b598539490b466c68de8\",\"rated\":\"Rated battle\"}\n>player p1 {\"name\":\"shuckletheshuckle\",\"avatar\":\"102\",\"rating\":1979,\"seed\":\"sodium,192d50d5d11b96667d79037697cbb124\"}\n>player p2 {\"name\":\"mundigsters\",\"avatar\":\"2\",\"rating\":1987,\"seed\":\"sodium,a4ce1e7218cf3adec4e1b6ad2de2b841\"}\n>p1 switch 5\n>p2 switch 4\n>p1 move liquidation\n>p2 move bugbite\n>p1 switch 4\n>p1 move thunderbolt\n>p2 switch 5\n>p1 move uturn\n>p2 move coil\n>p1 switch 5\n>p1 move leechseed\n>p2 move stoneedge\n>p1 move appleacid\n>p2 switch 5\n>p1 switch 5\n>p2 move bugbite\n>p1 move uturn\n>p2 switch 5\n>p1 switch 5\n>p1 move appleacid\n>p2 switch 3\n>p1 move dragonpulse\n>p2 move trailblaze\n>p1 move leechseed\n>p2 move facade\n>p2 switch 5\n>p1 switch 5\n>p2 move knockoff\n>p2 switch 2\n>p1 switch 6\n>p2 move tripleaxel\n>p1 move bodypress\n>p2 switch 3\n>p1 switch 5\n>p2 move coil\n>p1 move appleacid\n>p2 move stoneedge\n>p2 switch 6\n>p1 switch 5\n>p2 move uturn\n>p2 switch 4\n>p1 switch 5\n>p2 move aquastep\n>p1 move recover\n>p2 move swordsdance\n>p1 move appleacid\n>p2 move closecombat terastallize\n>p1 move appleacid\n>p2 move closecombat\n>p1 switch 2\n>p1 move drainpunch\n>p2 move aquastep\n>p2 switch 4\n>p1 switch 6\n>p2 move bleakwindstorm\n>p1 move thunderbolt\n>p2 move bleakwindstorm\n>p1 move thunderbolt\n>p2 move bleakwindstorm\n>p1 switch 5\n>p1 move bodypress terastallize\n>p2 move bleakwindstorm\n>p1 switch 3\n>p1 move shellsmash\n>p2 move bleakwindstorm\n>p1 move powergem\n>p2 move bleakwindstorm\n>p2 switch 3\n>p1 move acrobatics\n>p2 move tripleaxel\n>p1 switch 6\n>p1 move drainpunch\n>p2 move tripleaxel", "uploadtime": 1781447245, "views": 4, "formatid": "gen9randombattle", "rating": null, "private": 0, "password": null}