{"id": "gen9randombattle-2632000091", "format": "[Gen 9] Random Battle", "players": ["Fa1RoxtoR356", "xm98002"], "log": "|j|\u2606Fa1RoxtoR356\n|j|\u2606xm98002\n|t:|1781464495\n|gametype|singles\n|player|p1|Fa1RoxtoR356|2|1066\n|player|p2|xm98002|idol|1087\n|gen|9\n|tier|[Gen 9] Random Battle\n|rated|\n|rule|Species Clause: Limit one of each Pok\u00e9mon\n|rule|HP Percentage Mod: HP is shown in percentages\n|rule|Sleep Clause Mod: Limit one foe put to sleep\n|rule|Illusion Level Mod: Illusion disguises the Pok\u00e9mon's true level\n|\n|t:|1781464495\n|teamsize|p1|6\n|teamsize|p2|6\n|start\n|switch|p1a: Bellibolt|Bellibolt, L84, M|320/320\n|switch|p2a: Sawsbuck|Sawsbuck-Autumn, L88, M|284/284\n|turn|1\n|\n|t:|1781464507\n|move|p2a: Sawsbuck|High Horsepower|p1a: Bellibolt\n|-supereffective|p1a: Bellibolt\n|-damage|p1a: Bellibolt|128/320\n|-start|p1a: Bellibolt|Charge|High Horsepower|[from] ability: Electromorphosis\n|-damage|p2a: Sawsbuck|256/284|[from] item: Life Orb\n|move|p1a: Bellibolt|Volt Switch|p2a: Sawsbuck\n|-resisted|p2a: Sawsbuck\n|-damage|p2a: Sawsbuck|164/284\n|-end|p1a: Bellibolt|Charge|[silent]\n|\n|t:|1781464524\n|switch|p1a: Venomoth|Venomoth, L84, M|255/255|[from] Volt Switch\n|\n|upkeep\n|turn|2\n|\n|t:|1781464538\n|move|p2a: Sawsbuck|Swords Dance|p2a: Sawsbuck\n|-boost|p2a: Sawsbuck|atk|2\n|move|p1a: Venomoth|Quiver Dance|p1a: Venomoth\n|-boost|p1a: Venomoth|spa|1\n|-boost|p1a: Venomoth|spd|1\n|-boost|p1a: Venomoth|spe|1\n|\n|upkeep\n|turn|3\n|\n|t:|1781464556\n|move|p1a: Venomoth|Quiver Dance|p1a: Venomoth\n|-boost|p1a: Venomoth|spa|1\n|-boost|p1a: Venomoth|spd|1\n|-boost|p1a: Venomoth|spe|1\n|move|p2a: Sawsbuck|High Horsepower|p1a: Venomoth\n|-damage|p1a: Venomoth|0 fnt\n|faint|p1a: Venomoth\n|-damage|p2a: Sawsbuck|136/284|[from] item: Life Orb\n|\n|upkeep\n|\n|t:|1781464563\n|switch|p1a: Flamigo|Flamigo, L82, F|269/269\n|turn|4\n|\n|t:|1781464573\n|move|p2a: Sawsbuck|Headbutt|p1a: Flamigo\n|-damage|p1a: Flamigo|22/269\n|-damage|p2a: Sawsbuck|108/284|[from] item: Life Orb\n|move|p1a: Flamigo|Brave Bird|p2a: Sawsbuck\n|-supereffective|p2a: Sawsbuck\n|-damage|p2a: Sawsbuck|0 fnt\n|faint|p2a: Sawsbuck\n|-damage|p1a: Flamigo|0 fnt|[from] Recoil\n|faint|p1a: Flamigo\n|\n|upkeep\n|\n|t:|1781464590\n|switch|p2a: Vikavolt|Vikavolt, L83, M|263/263\n|switch|p1a: Bellibolt|Bellibolt, L84, M|128/320\n|turn|5\n|\n|t:|1781464600\n|move|p1a: Bellibolt|Volt Switch|p2a: Vikavolt\n|-resisted|p2a: Vikavolt\n|-damage|p2a: Vikavolt|218/263\n|\n|t:|1781464603\n|switch|p1a: Sandaconda|Sandaconda, L84, F|258/258|[from] Volt Switch\n|move|p2a: Vikavolt|Bug Buzz|p1a: Sandaconda\n|-damage|p1a: Sandaconda|102/258\n|\n|upkeep\n|turn|6\n|\n|t:|1781464624\n|switch|p2a: Enamorus|Enamorus-Therian, L83, F|259/259\n|move|p1a: Sandaconda|Rock Blast|p2a: Enamorus\n|-supereffective|p2a: Enamorus\n|-damage|p2a: Enamorus|223/259\n|-enditem|p2a: Enamorus|Weakness Policy\n|-boost|p2a: Enamorus|atk|2|[from] item: Weakness Policy\n|-boost|p2a: Enamorus|spa|2|[from] item: Weakness Policy\n|-supereffective|p2a: Enamorus\n|-damage|p2a: Enamorus|187/259\n|-supereffective|p2a: Enamorus\n|-damage|p2a: Enamorus|153/259\n|-supereffective|p2a: Enamorus\n|-damage|p2a: Enamorus|117/259\n|-supereffective|p2a: Enamorus\n|-crit|p2a: Enamorus\n|-damage|p2a: Enamorus|63/259\n|-hitcount|p2a: Enamorus|5\n|\n|upkeep\n|turn|7\n|\n|t:|1781464647\n|-terastallize|p2a: Enamorus|Ground\n|move|p1a: Sandaconda|Rock Blast|p2a: Enamorus\n|-resisted|p2a: Enamorus\n|-damage|p2a: Enamorus|54/259\n|-resisted|p2a: Enamorus\n|-damage|p2a: Enamorus|45/259\n|-resisted|p2a: Enamorus\n|-damage|p2a: Enamorus|36/259\n|-resisted|p2a: Enamorus\n|-damage|p2a: Enamorus|28/259\n|-resisted|p2a: Enamorus\n|-damage|p2a: Enamorus|20/259\n|-hitcount|p2a: Enamorus|5\n|move|p2a: Enamorus|Earth Power|p1a: Sandaconda\n|-damage|p1a: Sandaconda|0 fnt\n|faint|p1a: Sandaconda\n|\n|upkeep\n|\n|t:|1781464655\n|switch|p1a: Bellibolt|Bellibolt, L84, M|128/320\n|turn|8\n|\n|t:|1781464669\n|move|p2a: Enamorus|Earth Power|p1a: Bellibolt\n|-supereffective|p1a: Bellibolt\n|-damage|p1a: Bellibolt|0 fnt\n|faint|p1a: Bellibolt\n|\n|upkeep\n|\n|t:|1781464672\n|switch|p1a: Chandelure|Chandelure, L83, F|235/235\n|turn|9\n|\n|t:|1781464693\n|move|p1a: Chandelure|Calm Mind|p1a: Chandelure\n|-boost|p1a: Chandelure|spa|1\n|-boost|p1a: Chandelure|spd|1\n|move|p2a: Enamorus|Earth Power|p1a: Chandelure\n|-supereffective|p1a: Chandelure\n|-damage|p1a: Chandelure|0 fnt\n|faint|p1a: Chandelure\n|\n|upkeep\n|\n|t:|1781464696\n|switch|p1a: Espeon|Espeon, L84, M|246/246\n|turn|10\n|\n|t:|1781464712\n|move|p1a: Espeon|Shadow Ball|p2a: Enamorus\n|-damage|p2a: Enamorus|0 fnt\n|faint|p2a: Enamorus\n|\n|upkeep\n|l|\u2606Fa1RoxtoR356\n|player|p1|\n|\n|t:|1781464724\n|switch|p2a: Vikavolt|Vikavolt, L83, M|218/263\n|turn|11\n|inactive|Battle timer is ON: inactive players will automatically lose when time's up. (requested by xm98002)\n|inactive|Fa1RoxtoR356 has 30 seconds to reconnect!\n|inactive|Fa1RoxtoR356 has 20 seconds to reconnect!\n|inactive|Fa1RoxtoR356 has 15 seconds to reconnect!\n|inactive|Fa1RoxtoR356 has 10 seconds to reconnect!\n|inactive|Fa1RoxtoR356 has 5 seconds to reconnect!\n|-message|Fa1RoxtoR356 lost due to inactivity.\n|\n|win|xm98002\n|raw|Fa1RoxtoR356's rating: 1066 &rarr; <strong>1047</strong><br />(-19 for losing)\n|raw|xm98002's rating: 1087 &rarr; <strong>1112</strong><br />(+25 for winning)\n", "uploadtime": 1781464861, "views": 2, "formatid": "gen9randombattle", "rating": 1047, "private": 0, "password": null}