{"id": "gen9randombattle-2631925950", "format": "[Gen 9] Random Battle", "players": ["Alexander Babits", "64stadiumannouncer"], "log": "|j|\u203dAlexander Babits\n|j|\u260664stadiumannouncer\n|t:|1781456348\n|gametype|singles\n|player|p1|Alexander Babits|2|2102\n|player|p2|64stadiumannouncer|1|2141\n|gen|9\n|tier|[Gen 9] Random Battle\n|rated|\n|rule|Species Clause: Limit one of each Pok\u00e9mon\n|rule|HP Percentage Mod: HP is shown in percentages\n|rule|Sleep Clause Mod: Limit one foe put to sleep\n|rule|Illusion Level Mod: Illusion disguises the Pok\u00e9mon's true level\n|\n|t:|1781456348\n|teamsize|p1|6\n|teamsize|p2|6\n|start\n|switch|p1a: Mandibuzz|Mandibuzz, L85, F|326/326\n|switch|p2a: Golem|Golem-Alola, L93, F|300/300\n|turn|1\n|inactive|Battle timer is ON: inactive players will automatically lose when time's up. (requested by 64stadiumannouncer)\n|j| firered27\n|\n|t:|1781456418\n|switch|p2a: Gliscor|Gliscor, L76, F|239/239\n|move|p1a: Mandibuzz|U-turn|p2a: Gliscor\n|-resisted|p2a: Gliscor\n|-damage|p2a: Gliscor|223/239\n|inactive|Alexander Babits has 120 seconds left.\n|\n|t:|1781456453\n|switch|p1a: Iron Treads|Iron Treads, L77|265/265|[from] U-turn\n|\n|-status|p2a: Gliscor|tox|[from] item: Toxic Orb\n|upkeep\n|turn|2\n|\n|t:|1781456460\n|move|p1a: Iron Treads|Iron Head|p2a: Gliscor\n|-damage|p2a: Gliscor|151/239 tox\n|move|p2a: Gliscor|Earthquake|p1a: Iron Treads\n|-supereffective|p1a: Iron Treads\n|-damage|p1a: Iron Treads|121/265\n|\n|-heal|p2a: Gliscor|180/239 tox|[from] ability: Poison Heal\n|upkeep\n|turn|3\n|c|\u260664stadiumannouncer|LOOKS LIKE A BAD POKEMON CHOICE!\n|inactive|Alexander Babits has 120 seconds left.\n|\n|t:|1781456501\n|-end|p1a: Iron Treads|Quark Drive|[silent]\n|switch|p1a: Tropius|Tropius, L91, M|328/328\n|move|p2a: Gliscor|Earthquake|p1a: Tropius\n|-immune|p1a: Tropius\n|\n|-heal|p2a: Gliscor|209/239 tox|[from] ability: Poison Heal\n|upkeep\n|turn|4\n|\n|t:|1781456514\n|move|p2a: Gliscor|Substitute|p2a: Gliscor\n|-start|p2a: Gliscor|Substitute\n|-damage|p2a: Gliscor|150/239 tox\n|move|p1a: Tropius|Dragon Dance|p1a: Tropius\n|-boost|p1a: Tropius|atk|1\n|-boost|p1a: Tropius|spe|1\n|\n|-heal|p2a: Gliscor|179/239 tox|[from] ability: Poison Heal\n|upkeep\n|turn|5\n|inactive|Alexander Babits has 120 seconds left.\n|\n|t:|1781456529\n|move|p1a: Tropius|Dragon Dance|p1a: Tropius\n|-boost|p1a: Tropius|atk|1\n|-boost|p1a: Tropius|spe|1\n|move|p2a: Gliscor|Earthquake|p1a: Tropius\n|-immune|p1a: Tropius\n|\n|-heal|p2a: Gliscor|208/239 tox|[from] ability: Poison Heal\n|upkeep\n|turn|6\n|\n|t:|1781456536\n|move|p1a: Tropius|Dual Wingbeat|p2a: Gliscor\n|-end|p2a: Gliscor|Substitute\n|-damage|p2a: Gliscor|141/239 tox\n|-hitcount|p2a: Gliscor|2\n|move|p2a: Gliscor|Toxic|p1a: Tropius|[miss]\n|-miss|p2a: Gliscor|p1a: Tropius\n|\n|-heal|p2a: Gliscor|170/239 tox|[from] ability: Poison Heal\n|upkeep\n|turn|7\n|\n|t:|1781456547\n|move|p1a: Tropius|Dual Wingbeat|p2a: Gliscor\n|-damage|p2a: Gliscor|101/239 tox\n|-damage|p2a: Gliscor|38/239 tox\n|-hitcount|p2a: Gliscor|2\n|move|p2a: Gliscor|Toxic|p1a: Tropius\n|-status|p1a: Tropius|tox\n|\n|-damage|p1a: Tropius|308/328 tox|[from] psn\n|-heal|p2a: Gliscor|67/239 tox|[from] ability: Poison Heal\n|upkeep\n|turn|8\n|\n|t:|1781456556\n|move|p2a: Gliscor|Protect|p2a: Gliscor\n|-singleturn|p2a: Gliscor|Protect\n|move|p1a: Tropius|Dragon Dance|p1a: Tropius\n|-boost|p1a: Tropius|atk|1\n|-boost|p1a: Tropius|spe|1\n|\n|-damage|p1a: Tropius|268/328 tox|[from] psn\n|-heal|p2a: Gliscor|96/239 tox|[from] ability: Poison Heal\n|upkeep\n|turn|9\n|\n|t:|1781456568\n|switch|p2a: Skarmory|Skarmory, L80, M|235/235\n|move|p1a: Tropius|Dual Wingbeat|p2a: Skarmory|[miss]\n|-miss|p1a: Tropius|p2a: Skarmory\n|\n|-damage|p1a: Tropius|208/328 tox|[from] psn\n|upkeep\n|turn|10\n|inactive|Alexander Babits has 120 seconds left.\n|c|\u260664stadiumannouncer|THEY'RE STARING EACH OTHER DOWN!\n|inactive|Alexander Babits has 90 seconds left.\n|\n|t:|1781456634\n|switch|p1a: Iron Treads|Iron Treads, L77|121/265\n|move|p2a: Skarmory|Iron Defense|p2a: Skarmory\n|-boost|p2a: Skarmory|def|2\n|\n|upkeep\n|turn|11\n|inactive|Alexander Babits has 90 seconds left.\n|\n|t:|1781456644\n|move|p1a: Iron Treads|Volt Switch|p2a: Skarmory\n|-supereffective|p2a: Skarmory\n|-damage|p2a: Skarmory|153/235\n|inactive|Alexander Babits has 90 seconds left.\n|\n|t:|1781456658\n|-end|p1a: Iron Treads|Quark Drive|[silent]\n|switch|p1a: Spidops|Spidops, L96, F|271/271|[from] Volt Switch\n|move|p2a: Skarmory|Iron Defense|p2a: Skarmory\n|-boost|p2a: Skarmory|def|2\n|\n|-heal|p2a: Skarmory|167/235|[from] item: Leftovers\n|upkeep\n|turn|12\n|inactive|Alexander Babits has 90 seconds left.\n|\n|t:|1781456667\n|move|p2a: Skarmory|Brave Bird|p1a: Spidops\n|-supereffective|p1a: Spidops\n|-damage|p1a: Spidops|95/271\n|-damage|p2a: Skarmory|109/235|[from] Recoil\n|move|p1a: Spidops|Circle Throw|p2a: Skarmory|[miss]\n|-miss|p1a: Spidops|p2a: Skarmory\n|\n|-heal|p2a: Skarmory|123/235|[from] item: Leftovers\n|upkeep\n|turn|13\n|\n|t:|1781456683\n|move|p2a: Skarmory|Roost|p2a: Skarmory\n|-heal|p2a: Skarmory|235/235\n|-singleturn|p2a: Skarmory|move: Roost\n|move|p1a: Spidops|Circle Throw|p2a: Skarmory\n|-supereffective|p2a: Skarmory\n|-damage|p2a: Skarmory|209/235\n|drag|p2a: Zekrom|Zekrom, L71|259/259\n|-ability|p2a: Zekrom|Teravolt\n|\n|upkeep\n|turn|14\n|inactive|Alexander Babits has 90 seconds left.\n|\n|t:|1781456702\n|switch|p2a: Skarmory|Skarmory, L80, M|209/235\n|move|p1a: Spidops|Circle Throw|p2a: Skarmory\n|-damage|p2a: Skarmory|135/235\n|drag|p2a: Gliscor|Gliscor, L76, F|96/239 tox\n|\n|-heal|p2a: Gliscor|125/239 tox|[from] ability: Poison Heal\n|upkeep\n|turn|15\n|\n|t:|1781456715\n|move|p2a: Gliscor|Toxic|p1a: Spidops\n|-status|p1a: Spidops|tox\n|move|p1a: Spidops|Sticky Web|p2a: Gliscor\n|-sidestart|p2: 64stadiumannouncer|move: Sticky Web\n|\n|-heal|p2a: Gliscor|154/239 tox|[from] ability: Poison Heal\n|-damage|p1a: Spidops|79/271 tox|[from] psn\n|upkeep\n|turn|16\n|inactive|Alexander Babits has 90 seconds left.\n|c|\u260664stadiumannouncer|THEY'RE JUST TRADING WARNING BLOWS!\n|\n|t:|1781456750\n|move|p2a: Gliscor|Substitute|p2a: Gliscor\n|-start|p2a: Gliscor|Substitute\n|-damage|p2a: Gliscor|95/239 tox\n|move|p1a: Spidops|Knock Off|p2a: Gliscor\n|-end|p2a: Gliscor|Substitute\n|\n|-heal|p2a: Gliscor|124/239 tox|[from] ability: Poison Heal\n|-damage|p1a: Spidops|47/271 tox|[from] psn\n|upkeep\n|turn|17\n|\n|t:|1781456760\n|move|p2a: Gliscor|Protect|p2a: Gliscor\n|-singleturn|p2a: Gliscor|Protect\n|move|p1a: Spidops|Knock Off|p2a: Gliscor\n|-activate|p2a: Gliscor|move: Protect\n|\n|-heal|p2a: Gliscor|153/239 tox|[from] ability: Poison Heal\n|-damage|p1a: Spidops|0 fnt|[from] psn\n|faint|p1a: Spidops\n|upkeep\n|inactive|Alexander Babits has 60 seconds left.\n|c|\u260664stadiumannouncer|WHAT'S THE MATTER, TRAINER!?\n|\n|t:|1781456807\n|switch|p1a: Polteageist|Polteageist-Antique, L78|222/222\n|turn|18\n|\n|t:|1781456817\n|move|p2a: Gliscor|Toxic|p1a: Polteageist\n|-status|p1a: Polteageist|tox\n|move|p1a: Polteageist|Shell Smash|p1a: Polteageist\n|-unboost|p1a: Polteageist|def|1\n|-unboost|p1a: Polteageist|spd|1\n|-boost|p1a: Polteageist|atk|2\n|-boost|p1a: Polteageist|spa|2\n|-boost|p1a: Polteageist|spe|2\n|-enditem|p1a: Polteageist|White Herb\n|-clearnegativeboost|p1a: Polteageist|[silent]\n|\n|-damage|p1a: Polteageist|209/222 tox|[from] psn\n|-heal|p2a: Gliscor|182/239 tox|[from] ability: Poison Heal\n|upkeep\n|turn|19\n|\n|t:|1781456828\n|move|p2a: Gliscor|Protect|p2a: Gliscor\n|-singleturn|p2a: Gliscor|Protect\n|move|p1a: Polteageist|Shadow Ball|p2a: Gliscor\n|-activate|p2a: Gliscor|move: Protect\n|\n|-damage|p1a: Polteageist|183/222 tox|[from] psn\n|-heal|p2a: Gliscor|211/239 tox|[from] ability: Poison Heal\n|upkeep\n|turn|20\n|\n|t:|1781456852\n|switch|p2a: Slither Wing|Slither Wing, L81|270/270\n|-activate|p2a: Slither Wing|move: Sticky Web\n|-unboost|p2a: Slither Wing|spe|1\n|move|p1a: Polteageist|Stored Power|p2a: Slither Wing\n|-supereffective|p2a: Slither Wing\n|-damage|p2a: Slither Wing|0 fnt\n|faint|p2a: Slither Wing\n|-end|p2a: Slither Wing|Protosynthesis|[silent]\n|\n|-damage|p1a: Polteageist|144/222 tox|[from] psn\n|upkeep\n|c|\u260664stadiumannouncer|WOW! IT'S A ONE HIT WONDER!\n|inactive|64stadiumannouncer has 120 seconds left.\n|\n|t:|1781456881\n|switch|p2a: Zekrom|Zekrom, L71|259/259\n|-activate|p2a: Zekrom|move: Sticky Web\n|-unboost|p2a: Zekrom|spe|1\n|-ability|p2a: Zekrom|Teravolt\n|turn|21\n|inactive|Alexander Babits has 60 seconds left.\n|\n|t:|1781456914\n|move|p1a: Polteageist|Stored Power|p2a: Zekrom\n|-damage|p2a: Zekrom|22/259\n|move|p2a: Zekrom|Bolt Strike|p1a: Polteageist\n|-crit|p1a: Polteageist\n|-damage|p1a: Polteageist|0 fnt\n|faint|p1a: Polteageist\n|\n|-heal|p2a: Zekrom|38/259|[from] item: Leftovers\n|upkeep\n|\n|t:|1781456918\n|switch|p1a: Ting-Lu|Ting-Lu, L78|370/370\n|-ability|p1a: Ting-Lu|Vessel of Ruin\n|turn|22\n|c|\u260664stadiumannouncer|IT HUNG ON BY THE SKIN OF IT'S TEETH!\n|inactive|64stadiumannouncer has 120 seconds left.\n|\n|t:|1781456936\n|switch|p2a: Great Tusk|Great Tusk, L77|304/304\n|-activate|p2a: Great Tusk|move: Sticky Web\n|-unboost|p2a: Great Tusk|spe|1\n|move|p1a: Ting-Lu|Throat Chop|p2a: Great Tusk\n|-resisted|p2a: Great Tusk\n|-damage|p2a: Great Tusk|269/304\n|-start|p2a: Great Tusk|Throat Chop|[silent]\n|\n|upkeep\n|turn|23\n|inactive|64stadiumannouncer has 120 seconds left.\n|inactive|Alexander Babits has 30 seconds left.\n|\n|t:|1781456962\n|switch|p1a: Tropius|Tropius, L91, M|208/328 tox\n|move|p2a: Great Tusk|Rapid Spin|p1a: Tropius\n|-damage|p1a: Tropius|174/328 tox\n|-boost|p2a: Great Tusk|spe|1\n|-sideend|p2: 64stadiumannouncer|Sticky Web|[from] move: Rapid Spin|[of] p2a: Great Tusk\n|\n|-damage|p1a: Tropius|154/328 tox|[from] psn\n|-end|p2a: Great Tusk|Throat Chop|[silent]\n|upkeep\n|-enditem|p1a: Tropius|Sitrus Berry|[eat]\n|-heal|p1a: Tropius|236/328 tox|[from] item: Sitrus Berry\n|turn|24\n|inactive|Alexander Babits has 30 seconds left.\n|inactive|64stadiumannouncer has 120 seconds left.\n|\n|t:|1781456979\n|move|p2a: Great Tusk|Stone Edge|p1a: Tropius\n|-supereffective|p1a: Tropius\n|-damage|p1a: Tropius|82/328 tox\n|move|p1a: Tropius|Dragon Dance|p1a: Tropius\n|-boost|p1a: Tropius|atk|1\n|-boost|p1a: Tropius|spe|1\n|\n|-damage|p1a: Tropius|42/328 tox|[from] psn\n|-item|p1a: Tropius|Sitrus Berry|[from] ability: Harvest\n|upkeep\n|-enditem|p1a: Tropius|Sitrus Berry|[eat]\n|-heal|p1a: Tropius|124/328 tox|[from] item: Sitrus Berry\n|turn|25\n|inactive|64stadiumannouncer has 120 seconds left.\n|inactive|Alexander Babits has 30 seconds left.\n|\n|t:|1781456999\n|-end|p2a: Great Tusk|Protosynthesis|[silent]\n|switch|p2a: Zekrom|Zekrom, L71|38/259\n|-ability|p2a: Zekrom|Teravolt\n|move|p1a: Tropius|Synthesis|p1a: Tropius\n|-heal|p1a: Tropius|288/328 tox\n|\n|-heal|p2a: Zekrom|54/259|[from] item: Leftovers\n|-damage|p1a: Tropius|228/328 tox|[from] psn\n|-item|p1a: Tropius|Sitrus Berry|[from] ability: Harvest\n|upkeep\n|turn|26\n|inactive|Alexander Babits has 30 seconds left.\n|inactive|64stadiumannouncer has 120 seconds left.\n|\n|t:|1781457010\n|switch|p2a: Skarmory|Skarmory, L80, M|135/235\n|move|p1a: Tropius|Earthquake|p2a: Skarmory\n|-immune|p2a: Skarmory\n|\n|-heal|p2a: Skarmory|149/235|[from] item: Leftovers\n|-damage|p1a: Tropius|148/328 tox|[from] psn\n|upkeep\n|-enditem|p1a: Tropius|Sitrus Berry|[eat]\n|-heal|p1a: Tropius|230/328 tox|[from] item: Sitrus Berry\n|turn|27\n|inactive|64stadiumannouncer has 120 seconds left.\n|inactive|Alexander Babits has 30 seconds left.\n|l| firered27\n|\n|t:|1781457022\n|switch|p1a: Iron Treads|Iron Treads, L77|121/265\n|move|p2a: Skarmory|Roost|p2a: Skarmory\n|-heal|p2a: Skarmory|235/235\n|-singleturn|p2a: Skarmory|move: Roost\n|\n|upkeep\n|turn|28\n|inactive|64stadiumannouncer has 120 seconds left.\n|\n|t:|1781457030\n|move|p1a: Iron Treads|Knock Off|p2a: Skarmory\n|-damage|p2a: Skarmory|192/235\n|-enditem|p2a: Skarmory|Leftovers|[from] move: Knock Off|[of] p1a: Iron Treads\n|move|p2a: Skarmory|Iron Defense|p2a: Skarmory\n|-boost|p2a: Skarmory|def|2\n|\n|upkeep\n|turn|29\n|\n|t:|1781457036\n|move|p1a: Iron Treads|Volt Switch|p2a: Skarmory\n|-supereffective|p2a: Skarmory\n|-damage|p2a: Skarmory|104/235\n|c|\u260664stadiumannouncer|THE REMAINING POKEMON COUNT IS 5 TO 4!\n|inactive|Alexander Babits has 30 seconds left.\n|\n|t:|1781457065\n|-end|p1a: Iron Treads|Quark Drive|[silent]\n|switch|p1a: Ting-Lu|Ting-Lu, L78|370/370|[from] Volt Switch\n|-ability|p1a: Ting-Lu|Vessel of Ruin\n|move|p2a: Skarmory|Roost|p2a: Skarmory\n|-heal|p2a: Skarmory|222/235\n|-singleturn|p2a: Skarmory|move: Roost\n|\n|upkeep\n|turn|30\n|inactive|Alexander Babits has 30 seconds left.\n|\n|t:|1781457078\n|move|p2a: Skarmory|Body Press|p1a: Ting-Lu\n|-supereffective|p1a: Ting-Lu\n|-damage|p1a: Ting-Lu|158/370\n|move|p1a: Ting-Lu|Whirlwind|p2a: Skarmory\n|drag|p2a: Zekrom|Zekrom, L71|54/259\n|-ability|p2a: Zekrom|Teravolt\n|\n|-heal|p2a: Zekrom|70/259|[from] item: Leftovers\n|-heal|p1a: Ting-Lu|181/370|[from] item: Leftovers\n|upkeep\n|turn|31\n|inactive|Alexander Babits has 30 seconds left.\n|\n|t:|1781457089\n|switch|p2a: Skarmory|Skarmory, L80, M|222/235\n|move|p1a: Ting-Lu|Throat Chop|p2a: Skarmory\n|-damage|p2a: Skarmory|167/235\n|-start|p2a: Skarmory|Throat Chop|[silent]\n|\n|-heal|p1a: Ting-Lu|204/370|[from] item: Leftovers\n|upkeep\n|turn|32\n|\n|t:|1781457096\n|move|p2a: Skarmory|Body Press|p1a: Ting-Lu\n|-supereffective|p1a: Ting-Lu\n|-damage|p1a: Ting-Lu|96/370\n|move|p1a: Ting-Lu|Whirlwind|p2a: Skarmory\n|drag|p2a: Gliscor|Gliscor, L76, F|211/239 tox\n|\n|-heal|p1a: Ting-Lu|119/370|[from] item: Leftovers\n|-heal|p2a: Gliscor|239/239 tox|[from] ability: Poison Heal\n|upkeep\n|turn|33\n|\n|t:|1781457109\n|move|p2a: Gliscor|Earthquake|p1a: Ting-Lu\n|-damage|p1a: Ting-Lu|44/370\n|move|p1a: Ting-Lu|Throat Chop|p2a: Gliscor\n|-damage|p2a: Gliscor|175/239 tox\n|-start|p2a: Gliscor|Throat Chop|[silent]\n|\n|-heal|p1a: Ting-Lu|67/370|[from] item: Leftovers\n|-heal|p2a: Gliscor|204/239 tox|[from] ability: Poison Heal\n|upkeep\n|turn|34\n|inactive|Alexander Babits has 30 seconds left.\n|inactive|Alexander Babits has 20 seconds left.\n|inactive|Alexander Babits has 15 seconds left.\n|\n|t:|1781457154\n|move|p2a: Gliscor|Earthquake|p1a: Ting-Lu\n|-damage|p1a: Ting-Lu|0 fnt\n|faint|p1a: Ting-Lu\n|\n|-heal|p2a: Gliscor|233/239 tox|[from] ability: Poison Heal\n|-end|p2a: Gliscor|Throat Chop|[silent]\n|upkeep\n|inactive|Alexander Babits has 20 seconds left this turn.\n|inactive|Alexander Babits has 15 seconds left.\n|\n|t:|1781457162\n|switch|p1a: Mandibuzz|Mandibuzz, L85, F|326/326\n|turn|35\n|inactive|Alexander Babits has 25 seconds left this turn.\n|\n|t:|1781457171\n|move|p2a: Gliscor|Toxic|p1a: Mandibuzz\n|-status|p1a: Mandibuzz|tox\n|move|p1a: Mandibuzz|Foul Play|p2a: Gliscor\n|-damage|p2a: Gliscor|151/239 tox\n|\n|-heal|p2a: Gliscor|180/239 tox|[from] ability: Poison Heal\n|-damage|p1a: Mandibuzz|306/326 tox|[from] psn\n|upkeep\n|turn|36\n|-message|Alexander Babits forfeited.\n|\n|win|64stadiumannouncer\n", "inputlog": ">version a8376a258c1d4662feba110a92103f3664a72141\n>start {\"formatid\":\"gen9randombattle\",\"seed\":\"sodium,6d796e154c4446ed4714a10e34657a41\",\"rated\":\"Rated battle\"}\n>player p1 {\"name\":\"Alexander Babits\",\"avatar\":\"2\",\"rating\":2102,\"seed\":\"sodium,4194dbc1a3bc82346487f293257ad6c9\"}\n>player p2 {\"name\":\"64stadiumannouncer\",\"avatar\":\"1\",\"rating\":2141,\"seed\":\"sodium,358b69ab632a7780b1b2283c0a1e45cd\"}\n>p1 move uturn\n>p2 switch 4\n>p1 switch 4\n>p1 move ironhead\n>p2 move earthquake\n>chat \u260664stadiumannouncer|LOOKS LIKE A BAD POKEMON CHOICE!\n>p1 switch 3\n>p2 move earthquake\n>p1 move dragondance\n>p2 move substitute\n>p1 move dragondance\n>p2 move earthquake\n>p1 move dualwingbeat\n>p2 move toxic\n>p1 move dualwingbeat\n>p2 move toxic\n>p1 move dragondance\n>p2 move protect\n>p1 move dualwingbeat\n>p2 switch 2\n>chat \u260664stadiumannouncer|THEY'RE STARING EACH OTHER DOWN!\n>p1 switch 3\n>p2 move irondefense\n>p1 move voltswitch\n>p2 move irondefense\n>p1 switch 5\n>p1 move circlethrow\n>p2 move bravebird\n>p1 move circlethrow\n>p2 move roost\n>p1 move circlethrow\n>p2 switch 5\n>p1 move stickyweb\n>p2 move toxic\n>chat \u260664stadiumannouncer|THEY'RE JUST TRADING WARNING BLOWS!\n>p1 move knockoff\n>p2 move substitute\n>p1 move knockoff\n>p2 move protect\n>chat \u260664stadiumannouncer|WHAT'S THE MATTER, TRAINER!?\n>p1 switch 6\n>p1 move shellsmash\n>p2 move toxic\n>p1 move shadowball\n>p2 move protect\n>p1 move storedpower\n>p2 switch 6\n>chat \u260664stadiumannouncer|WOW! IT'S A ONE HIT WONDER!\n>p2 switch 5\n>p1 move storedpower\n>p2 move boltstrike\n>p1 switch 2\n>chat \u260664stadiumannouncer|IT HUNG ON BY THE SKIN OF IT'S TEETH!\n>p1 move throatchop\n>p2 switch 3\n>p1 switch 3\n>p2 move rapidspin\n>p1 move dragondance\n>p2 move stoneedge\n>p1 move synthesis\n>p2 switch 3\n>p1 move earthquake\n>p2 switch 2\n>p1 switch 5\n>p2 move roost\n>p1 move knockoff\n>p2 move irondefense\n>p1 move voltswitch\n>p2 move roost\n>chat \u260664stadiumannouncer|THE REMAINING POKEMON COUNT IS 5 TO 4!\n>p1 switch 3\n>p1 move whirlwind\n>p2 move bodypress\n>p1 move throatchop\n>p2 switch 2\n>p1 move whirlwind\n>p2 move bodypress\n>p1 move throatchop\n>p2 move earthquake\n>p1 move throatchop\n>p2 move earthquake\n>p1 switch 4\n>p1 move foulplay\n>p2 move toxic\n>forcelose p1", "uploadtime": 1781456350, "views": 6, "formatid": "gen9randombattle", "rating": null, "private": 0, "password": null}