{"id": "gen9randombattle-2631856752", "format": "[Gen 9] Random Battle", "players": ["Micael Lopes", "Mrtrashcan28"], "log": "|j|\u2606Micael Lopes\n|j|\u2606Mrtrashcan28\n|t:|1781448745\n|gametype|singles\n|player|p1|Micael Lopes|benga|1760\n|player|p2|Mrtrashcan28|bellepa|1737\n|gen|9\n|tier|[Gen 9] Random Battle\n|rated|\n|rule|Species Clause: Limit one of each Pok\u00e9mon\n|rule|HP Percentage Mod: HP is shown in percentages\n|rule|Sleep Clause Mod: Limit one foe put to sleep\n|rule|Illusion Level Mod: Illusion disguises the Pok\u00e9mon's true level\n|\n|t:|1781448745\n|teamsize|p1|6\n|teamsize|p2|6\n|start\n|switch|p1a: Cinderace|Cinderace, L77, M|250/250\n|switch|p2a: Comfey|Comfey, L85, F|225/225\n|turn|1\n|inactive|Battle timer is ON: inactive players will automatically lose when time's up. (requested by Mrtrashcan28)\n|inactive|Micael Lopes also wants the timer to be on.\n|\n|t:|1781448767\n|switch|p2a: Flygon|Flygon, L82, M|265/265\n|move|p1a: Cinderace|Will-O-Wisp|p2a: Flygon\n|-status|p2a: Flygon|brn\n|\n|-damage|p2a: Flygon|249/265 brn|[from] brn\n|upkeep\n|turn|2\n|\n|t:|1781448779\n|move|p2a: Flygon|U-turn|p1a: Cinderace\n|-resisted|p1a: Cinderace\n|-crit|p1a: Cinderace\n|-damage|p1a: Cinderace|229/250\n|\n|t:|1781448786\n|switch|p2a: Comfey|Comfey, L85, F|225/225|[from] U-turn\n|move|p1a: Cinderace|U-turn|p2a: Comfey\n|-start|p1a: Cinderace|typechange|Bug|[from] ability: Libero\n|-resisted|p2a: Comfey\n|-damage|p2a: Comfey|191/225\n|\n|t:|1781448794\n|switch|p1a: Chansey|Chansey, L85, F|564/564|[from] U-turn\n|\n|-heal|p2a: Comfey|205/225|[from] item: Leftovers\n|upkeep\n|turn|3\n|\n|t:|1781448798\n|switch|p2a: Flygon|Flygon, L82, M|249/265 brn\n|move|p1a: Chansey|Seismic Toss|p2a: Flygon\n|-damage|p2a: Flygon|164/265 brn\n|\n|-damage|p2a: Flygon|148/265 brn|[from] brn\n|upkeep\n|turn|4\n|\n|t:|1781448804\n|move|p2a: Flygon|Earthquake|p1a: Chansey\n|-damage|p1a: Chansey|446/564\n|move|p1a: Chansey|Seismic Toss|p2a: Flygon\n|-damage|p2a: Flygon|63/265 brn\n|\n|-damage|p2a: Flygon|47/265 brn|[from] brn\n|upkeep\n|turn|5\n|\n|t:|1781448812\n|move|p2a: Flygon|Earthquake|p1a: Chansey\n|-damage|p1a: Chansey|320/564\n|move|p1a: Chansey|Seismic Toss|p2a: Flygon\n|-damage|p2a: Flygon|0 fnt\n|faint|p2a: Flygon\n|\n|upkeep\n|\n|t:|1781448818\n|switch|p2a: Mamoswine|Mamoswine, L81, F|311/311\n|turn|6\n|\n|t:|1781448830\n|switch|p1a: Farigiraf|Farigiraf, L90, M|362/362\n|move|p2a: Mamoswine|Earthquake|p1a: Farigiraf\n|-damage|p1a: Farigiraf|157/362\n|\n|-heal|p1a: Farigiraf|179/362|[from] item: Leftovers\n|upkeep\n|turn|7\n|\n|t:|1781448836\n|move|p1a: Farigiraf|Protect|p1a: Farigiraf\n|-singleturn|p1a: Farigiraf|Protect\n|move|p2a: Mamoswine|Earthquake|p1a: Farigiraf\n|-activate|p1a: Farigiraf|move: Protect\n|\n|-heal|p1a: Farigiraf|201/362|[from] item: Leftovers\n|upkeep\n|turn|8\n|\n|t:|1781448845\n|switch|p1a: Ho-Oh|Ho-Oh, L71|268/268\n|move|p2a: Mamoswine|Earthquake|p1a: Ho-Oh\n|-immune|p1a: Ho-Oh\n|\n|upkeep\n|turn|9\n|\n|t:|1781448852\n|switch|p2a: Armarouge|Armarouge, L80, F|267/267\n|move|p1a: Ho-Oh|Sacred Fire|p2a: Armarouge\n|-resisted|p2a: Armarouge\n|-damage|p2a: Armarouge|222/267\n|-ability|p2a: Armarouge|Weak Armor|boost\n|-unboost|p2a: Armarouge|def|1\n|-boost|p2a: Armarouge|spe|2\n|\n|upkeep\n|turn|10\n|\n|t:|1781448866\n|-terastallize|p1a: Ho-Oh|Steel\n|move|p2a: Armarouge|Psyshock|p1a: Ho-Oh\n|-resisted|p1a: Ho-Oh\n|-damage|p1a: Ho-Oh|186/268\n|move|p1a: Ho-Oh|Earthquake|p2a: Armarouge\n|-supereffective|p2a: Armarouge\n|-damage|p2a: Armarouge|40/267\n|-ability|p2a: Armarouge|Weak Armor|boost\n|-unboost|p2a: Armarouge|def|1\n|-boost|p2a: Armarouge|spe|2\n|\n|upkeep\n|turn|11\n|\n|t:|1781448877\n|switch|p2a: Delibird|Delibird, F|252/252\n|move|p1a: Ho-Oh|Sacred Fire|p2a: Delibird\n|-supereffective|p2a: Delibird\n|-damage|p2a: Delibird|0 fnt\n|faint|p2a: Delibird\n|\n|upkeep\n|\n|t:|1781448888\n|switch|p2a: Mamoswine|Mamoswine, L81, F|311/311\n|turn|12\n|\n|t:|1781448903\n|switch|p1a: Groudon|Groudon, L72|263/263\n|-weather|SunnyDay|[from] ability: Drought|[of] p1a: Groudon\n|move|p2a: Mamoswine|Earthquake|p1a: Groudon\n|-damage|p1a: Groudon|116/263\n|\n|-weather|SunnyDay|[upkeep]\n|-heal|p1a: Groudon|132/263|[from] item: Leftovers\n|upkeep\n|turn|13\n|\n|t:|1781448910\n|move|p2a: Mamoswine|Earthquake|p1a: Groudon\n|-damage|p1a: Groudon|0 fnt\n|faint|p1a: Groudon\n|\n|-weather|SunnyDay|[upkeep]\n|upkeep\n|\n|t:|1781448920\n|switch|p1a: Cinderace|Cinderace, L77, M|229/250\n|turn|14\n|\n|t:|1781448925\n|move|p1a: Cinderace|Will-O-Wisp|p2a: Mamoswine\n|-status|p2a: Mamoswine|brn\n|move|p2a: Mamoswine|Earthquake|p1a: Cinderace\n|-supereffective|p1a: Cinderace\n|-damage|p1a: Cinderace|3/250\n|\n|-weather|SunnyDay|[upkeep]\n|-damage|p2a: Mamoswine|292/311 brn|[from] brn\n|upkeep\n|turn|15\n|\n|t:|1781448931\n|move|p1a: Cinderace|U-turn|p2a: Mamoswine\n|-start|p1a: Cinderace|typechange|Bug|[from] ability: Libero\n|-damage|p2a: Mamoswine|207/311 brn\n|\n|t:|1781448940\n|switch|p1a: Clefable|Clefable, L83, M|293/293|[from] U-turn\n|move|p2a: Mamoswine|Earthquake|p1a: Clefable\n|-damage|p1a: Clefable|191/293\n|\n|-weather|SunnyDay|[upkeep]\n|-heal|p1a: Clefable|209/293|[from] item: Leftovers\n|-damage|p2a: Mamoswine|188/311 brn|[from] brn\n|upkeep\n|turn|16\n|\n|t:|1781448949\n|switch|p2a: Armarouge|Armarouge, L80, F|40/267\n|move|p1a: Clefable|Fire Blast|p2a: Armarouge\n|-resisted|p2a: Armarouge\n|-damage|p2a: Armarouge|0 fnt\n|faint|p2a: Armarouge\n|\n|-weather|none\n|-heal|p1a: Clefable|227/293|[from] item: Leftovers\n|upkeep\n|\n|t:|1781448955\n|switch|p2a: Comfey|Comfey, L85, F|205/225\n|turn|17\n|\n|t:|1781448959\n|switch|p1a: Chansey|Chansey, L85, F|320/564\n|move|p2a: Comfey|Calm Mind|p2a: Comfey\n|-boost|p2a: Comfey|spa|1\n|-boost|p2a: Comfey|spd|1\n|\n|-heal|p2a: Comfey|219/225|[from] item: Leftovers\n|upkeep\n|turn|18\n|\n|t:|1781448965\n|-terastallize|p2a: Comfey|Ground\n|move|p2a: Comfey|Calm Mind|p2a: Comfey\n|-boost|p2a: Comfey|spa|1\n|-boost|p2a: Comfey|spd|1\n|move|p1a: Chansey|Thunder Wave|p2a: Comfey\n|-immune|p2a: Comfey\n|\n|-heal|p2a: Comfey|225/225|[from] item: Leftovers\n|upkeep\n|turn|19\n|\n|t:|1781448976\n|switch|p1a: Clefable|Clefable, L83, M|227/293\n|move|p2a: Comfey|Calm Mind|p2a: Comfey\n|-boost|p2a: Comfey|spa|1\n|-boost|p2a: Comfey|spd|1\n|\n|-heal|p1a: Clefable|245/293|[from] item: Leftovers\n|upkeep\n|turn|20\n|\n|t:|1781448984\n|move|p2a: Comfey|Tera Blast|p1a: Clefable|[anim] Tera Blast Ground\n|-damage|p1a: Clefable|166/293\n|move|p1a: Clefable|Calm Mind|p1a: Clefable\n|-boost|p1a: Clefable|spa|1\n|-boost|p1a: Clefable|spd|1\n|\n|-heal|p1a: Clefable|184/293|[from] item: Leftovers\n|upkeep\n|turn|21\n|\n|t:|1781448989\n|switch|p2a: Mamoswine|Mamoswine, L81, F|188/311 brn\n|move|p1a: Clefable|Moonlight|p1a: Clefable\n|-heal|p1a: Clefable|293/293\n|\n|-damage|p2a: Mamoswine|169/311 brn|[from] brn\n|upkeep\n|turn|22\n|\n|t:|1781448997\n|move|p2a: Mamoswine|Earthquake|p1a: Clefable\n|-crit|p1a: Clefable\n|-damage|p1a: Clefable|134/293\n|move|p1a: Clefable|Moonblast|p2a: Mamoswine\n|-damage|p2a: Mamoswine|0 fnt\n|faint|p2a: Mamoswine\n|\n|-heal|p1a: Clefable|152/293|[from] item: Leftovers\n|upkeep\n|\n|t:|1781449003\n|switch|p2a: Kyogre|Kyogre, L71|259/259\n|-weather|RainDance|[from] ability: Drizzle|[of] p2a: Kyogre\n|turn|23\n|\n|t:|1781449016\n|switch|p1a: Chansey|Chansey, L85, F|320/564\n|move|p2a: Kyogre|Water Spout|p1a: Chansey\n|-damage|p1a: Chansey|190/564\n|\n|-weather|RainDance|[upkeep]\n|upkeep\n|turn|24\n|\n|t:|1781449025\n|switch|p2a: Comfey|Comfey, L85, F, tera:Ground|225/225\n|move|p1a: Chansey|Soft-Boiled|p1a: Chansey\n|-heal|p1a: Chansey|472/564\n|\n|-weather|RainDance|[upkeep]\n|upkeep\n|turn|25\n|\n|t:|1781449035\n|switch|p1a: Farigiraf|Farigiraf, L90, M|201/362\n|move|p2a: Comfey|Tera Blast|p1a: Farigiraf|[anim] Tera Blast Ground\n|-damage|p1a: Farigiraf|119/362\n|\n|-weather|RainDance|[upkeep]\n|-heal|p1a: Farigiraf|141/362|[from] item: Leftovers\n|upkeep\n|turn|26\n|\n|t:|1781449049\n|move|p2a: Comfey|Calm Mind|p2a: Comfey\n|-boost|p2a: Comfey|spa|1\n|-boost|p2a: Comfey|spd|1\n|move|p1a: Farigiraf|Wish|p1a: Farigiraf\n|\n|-weather|RainDance|[upkeep]\n|-heal|p1a: Farigiraf|163/362|[from] item: Leftovers\n|upkeep\n|turn|27\n|\n|t:|1781449062\n|switch|p1a: Clefable|Clefable, L83, M|152/293\n|move|p2a: Comfey|Tera Blast|p1a: Clefable|[anim] Tera Blast Ground\n|-damage|p1a: Clefable|79/293\n|\n|-weather|none\n|-heal|p1a: Clefable|260/293|[from] move: Wish|[wisher] Farigiraf\n|-heal|p1a: Clefable|278/293|[from] item: Leftovers\n|upkeep\n|turn|28\n|\n|t:|1781449079\n|move|p2a: Comfey|Tera Blast|p1a: Clefable|[anim] Tera Blast Ground\n|-damage|p1a: Clefable|196/293\n|move|p1a: Clefable|Moonblast|p2a: Comfey\n|-damage|p2a: Comfey|138/225\n|-unboost|p2a: Comfey|spa|1\n|\n|-heal|p2a: Comfey|152/225|[from] item: Leftovers\n|-heal|p1a: Clefable|214/293|[from] item: Leftovers\n|upkeep\n|turn|29\n|\n|t:|1781449093\n|switch|p2a: Kyogre|Kyogre, L71|259/259\n|-weather|RainDance|[from] ability: Drizzle|[of] p2a: Kyogre\n|move|p1a: Clefable|Moonblast|p2a: Kyogre\n|-damage|p2a: Kyogre|181/259\n|-unboost|p2a: Kyogre|spa|1\n|\n|-weather|RainDance|[upkeep]\n|-heal|p1a: Clefable|232/293|[from] item: Leftovers\n|upkeep\n|turn|30\n|\n|t:|1781449101\n|move|p2a: Kyogre|Ice Beam|p1a: Clefable\n|-damage|p1a: Clefable|169/293\n|move|p1a: Clefable|Calm Mind|p1a: Clefable\n|-boost|p1a: Clefable|spa|1\n|-boost|p1a: Clefable|spd|1\n|\n|-weather|RainDance|[upkeep]\n|-heal|p1a: Clefable|187/293|[from] item: Leftovers\n|upkeep\n|turn|31\n|c|\u2606Micael Lopes|**__Sexy game.__**\n|\n|t:|1781449106\n|move|p2a: Kyogre|Ice Beam|p1a: Clefable\n|-damage|p1a: Clefable|146/293\n|move|p1a: Clefable|Moonblast|p2a: Kyogre\n|-damage|p2a: Kyogre|55/259\n|\n|-weather|RainDance|[upkeep]\n|-heal|p1a: Clefable|164/293|[from] item: Leftovers\n|upkeep\n|turn|32\n|\n|t:|1781449109\n|move|p2a: Kyogre|Ice Beam|p1a: Clefable\n|-damage|p1a: Clefable|117/293\n|move|p1a: Clefable|Calm Mind|p1a: Clefable\n|-boost|p1a: Clefable|spa|1\n|-boost|p1a: Clefable|spd|1\n|\n|-weather|RainDance|[upkeep]\n|-heal|p1a: Clefable|135/293|[from] item: Leftovers\n|upkeep\n|turn|33\n|\n|t:|1781449112\n|move|p2a: Kyogre|Ice Beam|p1a: Clefable\n|-damage|p1a: Clefable|102/293\n|move|p1a: Clefable|Moonlight|p1a: Clefable\n|-heal|p1a: Clefable|175/293\n|\n|-weather|none\n|-heal|p1a: Clefable|193/293|[from] item: Leftovers\n|upkeep\n|turn|34\n|\n|t:|1781449116\n|move|p2a: Kyogre|Ice Beam|p1a: Clefable\n|-damage|p1a: Clefable|162/293\n|move|p1a: Clefable|Moonblast|p2a: Kyogre\n|-damage|p2a: Kyogre|0 fnt\n|faint|p2a: Kyogre\n|\n|-heal|p1a: Clefable|180/293|[from] item: Leftovers\n|upkeep\n|\n|t:|1781449119\n|switch|p2a: Comfey|Comfey, L85, F, tera:Ground|152/225\n|turn|35\n|\n|t:|1781449122\n|move|p2a: Comfey|Draining Kiss|p1a: Clefable\n|-damage|p1a: Clefable|155/293\n|-heal|p2a: Comfey|171/225|[from] drain|[of] p1a: Clefable\n|move|p1a: Clefable|Moonblast|p2a: Comfey\n|-damage|p2a: Comfey|21/225\n|\n|-heal|p2a: Comfey|35/225|[from] item: Leftovers\n|-heal|p1a: Clefable|173/293|[from] item: Leftovers\n|upkeep\n|turn|36\n|\n|t:|1781449125\n|move|p2a: Comfey|Draining Kiss|p1a: Clefable\n|-damage|p1a: Clefable|145/293\n|-heal|p2a: Comfey|56/225|[from] drain|[of] p1a: Clefable\n|move|p1a: Clefable|Moonblast|p2a: Comfey\n|-damage|p2a: Comfey|0 fnt\n|faint|p2a: Comfey\n|\n|win|Micael Lopes\n|raw|Micael Lopes's rating: 1778 &rarr; <strong>1796</strong><br />(+18 for winning)\n|raw|Mrtrashcan28's rating: 1737 &rarr; <strong>1719</strong><br />(-18 for losing)\n|c|\u2606Micael Lopes|**__Sexy game.__**\n|l|\u2606Mrtrashcan28\n|player|p2|\n", "inputlog": ">version a8376a258c1d4662feba110a92103f3664a72141\n>start {\"formatid\":\"gen9randombattle\",\"seed\":\"sodium,55216a7cf6e7484c64be793aa59e259e\",\"rated\":\"Rated battle\"}\n>player p1 {\"name\":\"Micael Lopes\",\"avatar\":\"benga\",\"rating\":1760,\"seed\":\"sodium,153da0ebbf6a966344aef91e917180e0\"}\n>player p2 {\"name\":\"Mrtrashcan28\",\"avatar\":\"bellepa\",\"rating\":1737,\"seed\":\"sodium,5378581227a447603db283c753832cfa\"}\n>p1 move willowisp\n>p2 switch 3\n>p1 move uturn\n>p2 move uturn\n>p2 switch 3\n>p1 switch 6\n>p1 move seismictoss\n>p2 switch 3\n>p1 move seismictoss\n>p2 move earthquake\n>p1 move seismictoss\n>p2 move earthquake\n>p2 switch 2\n>p1 switch 4\n>p2 move earthquake\n>p1 move protect\n>p2 move earthquake\n>p1 switch 2\n>p2 move earthquake\n>p1 move sacredfire\n>p2 switch 6\n>p1 move earthquake terastallize\n>p2 move psyshock\n>p1 move sacredfire\n>p2 switch 5\n>p2 switch 6\n>p1 switch 5\n>p2 move earthquake\n>p1 move heatcrash\n>p2 move earthquake\n>p1 switch 6\n>p1 move willowisp\n>p2 move earthquake\n>p1 move uturn\n>p2 move earthquake\n>p1 switch 3\n>p1 move fireblast\n>p2 switch 5\n>p2 switch 3\n>p1 switch 4\n>p2 move calmmind\n>p1 move thunderwave\n>p2 move calmmind terastallize\n>p1 switch 4\n>p2 move calmmind\n>p1 move calmmind\n>p2 move terablast\n>p1 move moonlight\n>p2 switch 5\n>p1 move moonblast\n>p2 move earthquake\n>p2 switch 4\n>p1 switch 4\n>p2 move waterspout\n>p1 move softboiled\n>p2 switch 5\n>p1 switch 2\n>p2 move terablast\n>p1 move wish\n>p2 move calmmind\n>p1 switch 4\n>p2 move terablast\n>p1 move moonblast\n>p2 move terablast\n>p1 move moonblast\n>p2 switch 5\n>p1 move calmmind\n>p2 move icebeam\n>chat \u2606Micael Lopes|**__Sexy game.__**\n>p1 move moonblast\n>p2 move icebeam\n>p1 move calmmind\n>p2 move icebeam\n>p1 move moonlight\n>p2 move icebeam\n>p1 move moonblast\n>p2 move icebeam\n>p2 switch 5\n>p1 move moonblast\n>p2 move drainingkiss\n>p1 move moonblast\n>p2 move drainingkiss", "uploadtime": 1781449129, "views": 5, "formatid": "gen9randombattle", "rating": 1719, "private": 0, "password": null}