{"id": "gen9randombattle-2631642410", "format": "[Gen 9] Random Battle", "players": ["dumbidiotgirl", "whitetigerx248"], "log": "|j|\u2606dumbidiotgirl\n|j|\u2606whitetigerx248\n|t:|1781413568\n|gametype|singles\n|player|p1|dumbidiotgirl|wicke|1279\n|player|p2|whitetigerx248|102|1302\n|gen|9\n|tier|[Gen 9] Random Battle\n|rated|\n|rule|Species Clause: Limit one of each Pok\u00e9mon\n|rule|HP Percentage Mod: HP is shown in percentages\n|rule|Sleep Clause Mod: Limit one foe put to sleep\n|rule|Illusion Level Mod: Illusion disguises the Pok\u00e9mon's true level\n|\n|t:|1781413568\n|teamsize|p1|6\n|teamsize|p2|6\n|start\n|switch|p1a: Vikavolt|Vikavolt, L83, M|263/263\n|switch|p2a: Conkeldurr|Conkeldurr, L80, M|299/299\n|turn|1\n|\n|t:|1781413582\n|move|p1a: Vikavolt|Sticky Web|p2a: Conkeldurr\n|-sidestart|p2: whitetigerx248|move: Sticky Web\n|move|p2a: Conkeldurr|Knock Off|p1a: Vikavolt\n|-damage|p1a: Vikavolt|178/263\n|-enditem|p1a: Vikavolt|Heavy-Duty Boots|[from] move: Knock Off|[of] p2a: Conkeldurr\n|\n|-status|p2a: Conkeldurr|brn|[from] item: Flame Orb\n|upkeep\n|turn|2\n|\n|t:|1781413593\n|move|p1a: Vikavolt|Thunderbolt|p2a: Conkeldurr\n|-damage|p2a: Conkeldurr|140/299 brn\n|move|p2a: Conkeldurr|Facade|p1a: Vikavolt\n|-damage|p1a: Vikavolt|1/263\n|\n|-damage|p2a: Conkeldurr|122/299 brn|[from] brn\n|upkeep\n|turn|3\n|\n|t:|1781413628\n|move|p2a: Conkeldurr|Mach Punch|p1a: Vikavolt\n|-resisted|p1a: Vikavolt\n|-damage|p1a: Vikavolt|0 fnt\n|faint|p1a: Vikavolt\n|\n|-damage|p2a: Conkeldurr|104/299 brn|[from] brn\n|upkeep\n|inactive|Battle timer is ON: inactive players will automatically lose when time's up. (requested by dumbidiotgirl)\n|\n|t:|1781413632\n|switch|p1a: Basculin|Basculin, L86, F|261/261\n|turn|4\n|\n|t:|1781413644\n|move|p1a: Basculin|Aqua Jet|p2a: Conkeldurr\n|-damage|p2a: Conkeldurr|20/299 brn\n|move|p2a: Conkeldurr|Mach Punch|p1a: Basculin\n|-damage|p1a: Basculin|171/261\n|\n|-damage|p2a: Conkeldurr|2/299 brn|[from] brn\n|upkeep\n|turn|5\n|\n|t:|1781413664\n|switch|p2a: Floatzel|Floatzel, L86, M|286/286\n|-activate|p2a: Floatzel|move: Sticky Web\n|-unboost|p2a: Floatzel|spe|1\n|move|p1a: Basculin|Aqua Jet|p2a: Floatzel\n|-resisted|p2a: Floatzel\n|-damage|p2a: Floatzel|231/286\n|\n|-heal|p2a: Floatzel|248/286|[from] item: Leftovers\n|upkeep\n|turn|6\n|inactive|whitetigerx248 has 120 seconds left.\n|\n|t:|1781413710\n|switch|p1a: Dunsparce|Dunsparce, L86, F|312/312\n|move|p2a: Floatzel|Bulk Up|p2a: Floatzel\n|-boost|p2a: Floatzel|atk|1\n|-boost|p2a: Floatzel|def|1\n|\n|-heal|p2a: Floatzel|265/286|[from] item: Leftovers\n|upkeep\n|turn|7\n|\n|t:|1781413724\n|move|p2a: Floatzel|Bulk Up|p2a: Floatzel\n|-boost|p2a: Floatzel|atk|1\n|-boost|p2a: Floatzel|def|1\n|move|p1a: Dunsparce|Coil|p1a: Dunsparce\n|-boost|p1a: Dunsparce|atk|1\n|-boost|p1a: Dunsparce|def|1\n|-boost|p1a: Dunsparce|accuracy|1\n|\n|-heal|p2a: Floatzel|282/286|[from] item: Leftovers\n|upkeep\n|turn|8\n|\n|t:|1781413733\n|move|p2a: Floatzel|Bulk Up|p2a: Floatzel\n|-boost|p2a: Floatzel|atk|1\n|-boost|p2a: Floatzel|def|1\n|move|p1a: Dunsparce|Coil|p1a: Dunsparce\n|-boost|p1a: Dunsparce|atk|1\n|-boost|p1a: Dunsparce|def|1\n|-boost|p1a: Dunsparce|accuracy|1\n|\n|-heal|p2a: Floatzel|286/286|[from] item: Leftovers\n|upkeep\n|turn|9\n|\n|t:|1781413750\n|move|p2a: Floatzel|Wave Crash|p1a: Dunsparce\n|-damage|p1a: Dunsparce|174/312\n|-damage|p2a: Floatzel|240/286|[from] Recoil\n|move|p1a: Dunsparce|Coil|p1a: Dunsparce\n|-boost|p1a: Dunsparce|atk|1\n|-boost|p1a: Dunsparce|def|1\n|-boost|p1a: Dunsparce|accuracy|1\n|\n|-heal|p2a: Floatzel|257/286|[from] item: Leftovers\n|upkeep\n|turn|10\n|\n|t:|1781413760\n|move|p2a: Floatzel|Wave Crash|p1a: Dunsparce\n|-damage|p1a: Dunsparce|74/312\n|-damage|p2a: Floatzel|224/286|[from] Recoil\n|move|p1a: Dunsparce|Coil|p1a: Dunsparce\n|-boost|p1a: Dunsparce|atk|1\n|-boost|p1a: Dunsparce|def|1\n|-boost|p1a: Dunsparce|accuracy|1\n|\n|-heal|p2a: Floatzel|241/286|[from] item: Leftovers\n|upkeep\n|turn|11\n|\n|t:|1781413771\n|move|p2a: Floatzel|Wave Crash|p1a: Dunsparce\n|-damage|p1a: Dunsparce|0 fnt\n|faint|p1a: Dunsparce\n|-damage|p2a: Floatzel|217/286|[from] Recoil\n|\n|-heal|p2a: Floatzel|234/286|[from] item: Leftovers\n|upkeep\n|\n|t:|1781413775\n|switch|p1a: Bruxish|Bruxish, L85, M|254/254\n|turn|12\n|\n|t:|1781413795\n|move|p1a: Bruxish|Psychic Fangs|p2a: Floatzel\n|-damage|p2a: Floatzel|159/286\n|move|p2a: Floatzel|Wave Crash|p1a: Bruxish\n|-resisted|p1a: Bruxish\n|-damage|p1a: Bruxish|36/254\n|-damage|p2a: Floatzel|87/286|[from] Recoil\n|\n|-heal|p2a: Floatzel|104/286|[from] item: Leftovers\n|upkeep\n|turn|13\n|\n|t:|1781413806\n|move|p1a: Bruxish|Psychic Fangs|p2a: Floatzel\n|-damage|p2a: Floatzel|26/286\n|move|p2a: Floatzel|Ice Spinner|p1a: Bruxish\n|-resisted|p1a: Bruxish\n|-damage|p1a: Bruxish|0 fnt\n|faint|p1a: Bruxish\n|\n|-heal|p2a: Floatzel|43/286|[from] item: Leftovers\n|upkeep\n|\n|t:|1781413816\n|switch|p1a: Basculin|Basculin, L86, F|171/261\n|turn|14\n|\n|t:|1781413822\n|-terastallize|p1a: Basculin|Water\n|move|p1a: Basculin|Wave Crash|p2a: Floatzel\n|-resisted|p2a: Floatzel\n|-crit|p2a: Floatzel\n|-damage|p2a: Floatzel|0 fnt\n|faint|p2a: Floatzel\n|-damage|p1a: Basculin|157/261|[from] Recoil\n|\n|upkeep\n|inactive|whitetigerx248 has 90 seconds left.\n|\n|t:|1781413842\n|switch|p2a: Slowbro|Slowbro, L85, F|300/300\n|-activate|p2a: Slowbro|move: Sticky Web\n|-unboost|p2a: Slowbro|spe|1\n|turn|15\n|\n|t:|1781413850\n|switch|p1a: Hatterene|Hatterene, L85, F|236/236\n|move|p2a: Slowbro|Iron Defense|p2a: Slowbro\n|-boost|p2a: Slowbro|def|2\n|\n|upkeep\n|turn|16\n|inactive|whitetigerx248 has 90 seconds left.\n|\n|t:|1781413868\n|move|p1a: Hatterene|Mystical Fire|p2a: Slowbro\n|-resisted|p2a: Slowbro\n|-damage|p2a: Slowbro|260/300\n|-unboost|p2a: Slowbro|spa|1\n|move|p2a: Slowbro|Scald|p1a: Hatterene\n|-damage|p1a: Hatterene|200/236\n|-status|p1a: Hatterene|brn\n|\n|-heal|p2a: Slowbro|278/300|[from] item: Leftovers\n|-damage|p1a: Hatterene|186/236 brn|[from] brn\n|upkeep\n|turn|17\n|inactive|whitetigerx248 has 90 seconds left.\n|\n|t:|1781413883\n|move|p1a: Hatterene|Draining Kiss|p2a: Slowbro\n|-damage|p2a: Slowbro|206/300\n|-heal|p1a: Hatterene|236/236 brn|[from] drain|[of] p2a: Slowbro\n|move|p2a: Slowbro|Iron Defense|p2a: Slowbro\n|-boost|p2a: Slowbro|def|2\n|\n|-heal|p2a: Slowbro|224/300|[from] item: Leftovers\n|-damage|p1a: Hatterene|222/236 brn|[from] brn\n|upkeep\n|turn|18\n|inactive|whitetigerx248 has 90 seconds left.\n|\n|t:|1781413917\n|switch|p2a: Bellossom|Bellossom, L84, M|263/263\n|-activate|p2a: Bellossom|move: Sticky Web\n|-unboost|p2a: Bellossom|spe|1\n|move|p1a: Hatterene|Draining Kiss|p2a: Bellossom\n|-damage|p2a: Bellossom|199/263\n|-heal|p1a: Hatterene|236/236 brn|[from] drain|[of] p2a: Bellossom\n|\n|-heal|p2a: Bellossom|215/263|[from] item: Leftovers\n|-damage|p1a: Hatterene|222/236 brn|[from] brn\n|upkeep\n|turn|19\n|\n|t:|1781413935\n|move|p1a: Hatterene|Nuzzle|p2a: Bellossom\n|-resisted|p2a: Bellossom\n|-damage|p2a: Bellossom|212/263\n|-status|p2a: Bellossom|par\n|cant|p2a: Bellossom|par\n|\n|-heal|p2a: Bellossom|228/263 par|[from] item: Leftovers\n|-damage|p1a: Hatterene|208/236 brn|[from] brn\n|upkeep\n|turn|20\n|inactive|whitetigerx248 has 60 seconds left.\n|\n|t:|1781413957\n|-terastallize|p2a: Bellossom|Fairy\n|move|p1a: Hatterene|Mystical Fire|p2a: Bellossom\n|-damage|p2a: Bellossom|164/263 par\n|-unboost|p2a: Bellossom|spa|1\n|move|p2a: Bellossom|Quiver Dance|p2a: Bellossom\n|-boost|p2a: Bellossom|spa|1\n|-boost|p2a: Bellossom|spd|1\n|-boost|p2a: Bellossom|spe|1\n|\n|-heal|p2a: Bellossom|180/263 par|[from] item: Leftovers\n|-damage|p1a: Hatterene|194/236 brn|[from] brn\n|upkeep\n|turn|21\n|inactive|whitetigerx248 has 60 seconds left.\n|\n|t:|1781413970\n|move|p1a: Hatterene|Mystical Fire|p2a: Bellossom\n|-damage|p2a: Bellossom|139/263 par\n|-unboost|p2a: Bellossom|spa|1\n|move|p2a: Bellossom|Quiver Dance|p2a: Bellossom\n|-boost|p2a: Bellossom|spa|1\n|-boost|p2a: Bellossom|spd|1\n|-boost|p2a: Bellossom|spe|1\n|\n|-heal|p2a: Bellossom|155/263 par|[from] item: Leftovers\n|-damage|p1a: Hatterene|180/236 brn|[from] brn\n|upkeep\n|turn|22\n|inactive|whitetigerx248 has 60 seconds left.\n|\n|t:|1781413987\n|switch|p1a: Golem|Golem-Alola, L93, F|300/300\n|move|p2a: Bellossom|Giga Drain|p1a: Golem\n|-supereffective|p1a: Golem\n|-damage|p1a: Golem|144/300\n|-heal|p2a: Bellossom|233/263 par|[from] drain|[of] p1a: Golem\n|\n|-heal|p2a: Bellossom|249/263 par|[from] item: Leftovers\n|upkeep\n|turn|23\n|\n|t:|1781414003\n|move|p1a: Golem|Double-Edge|p2a: Bellossom\n|-damage|p2a: Bellossom|0 fnt\n|faint|p2a: Bellossom\n|-damage|p1a: Golem|62/300|[from] Recoil\n|-damage|p1a: Golem|32/300|[from] item: Life Orb\n|\n|upkeep\n|\n|t:|1781414019\n|switch|p2a: Conkeldurr|Conkeldurr, L80, M|2/299 brn\n|-activate|p2a: Conkeldurr|move: Sticky Web\n|-unboost|p2a: Conkeldurr|spe|1\n|turn|24\n|\n|t:|1781414034\n|switch|p1a: Hatterene|Hatterene, L85, F|180/236 brn\n|move|p2a: Conkeldurr|Mach Punch|p1a: Hatterene\n|-resisted|p1a: Hatterene\n|-damage|p1a: Hatterene|163/236 brn\n|\n|-damage|p1a: Hatterene|149/236 brn|[from] brn\n|-damage|p2a: Conkeldurr|0 fnt|[from] brn\n|faint|p2a: Conkeldurr\n|upkeep\n|inactive|whitetigerx248 has 30 seconds left.\n|inactive|whitetigerx248 has 20 seconds left.\n|\n|t:|1781414060\n|switch|p2a: Reuniclus|Reuniclus, L88, F|337/337\n|-activate|p2a: Reuniclus|move: Sticky Web\n|-unboost|p2a: Reuniclus|spe|1\n|turn|25\n|inactive|whitetigerx248 has 30 seconds left this turn.\n|inactive|whitetigerx248 has 20 seconds left.\n|\n|t:|1781414073\n|move|p1a: Hatterene|Mystical Fire|p2a: Reuniclus\n|-damage|p2a: Reuniclus|266/337\n|-unboost|p2a: Reuniclus|spa|1\n|move|p2a: Reuniclus|Recover|p2a: Reuniclus\n|-heal|p2a: Reuniclus|337/337\n|\n|-damage|p1a: Hatterene|135/236 brn|[from] brn\n|upkeep\n|turn|26\n|inactive|whitetigerx248 has 30 seconds left this turn.\n|inactive|whitetigerx248 has 20 seconds left.\n|\n|t:|1781414085\n|move|p1a: Hatterene|Mystical Fire|p2a: Reuniclus\n|-damage|p2a: Reuniclus|266/337\n|-unboost|p2a: Reuniclus|spa|1\n|move|p2a: Reuniclus|Calm Mind|p2a: Reuniclus\n|-boost|p2a: Reuniclus|spa|1\n|-boost|p2a: Reuniclus|spd|1\n|\n|-damage|p1a: Hatterene|121/236 brn|[from] brn\n|upkeep\n|turn|27\n|inactive|whitetigerx248 has 30 seconds left this turn.\n|\n|t:|1781414095\n|switch|p1a: Basculin|Basculin, L86, F, tera:Water|157/261\n|move|p2a: Reuniclus|Calm Mind|p2a: Reuniclus\n|-boost|p2a: Reuniclus|spa|1\n|-boost|p2a: Reuniclus|spd|1\n|\n|upkeep\n|turn|28\n|inactive|whitetigerx248 has 30 seconds left.\n|\n|t:|1781414105\n|move|p1a: Basculin|Wave Crash|p2a: Reuniclus\n|-damage|p2a: Reuniclus|0 fnt\n|faint|p2a: Reuniclus\n|-damage|p1a: Basculin|69/261|[from] Recoil\n|\n|upkeep\n|inactive|whitetigerx248 has 30 seconds left.\n|\n|t:|1781414114\n|switch|p2a: Slowbro|Slowbro, L85, F|300/300\n|-activate|p2a: Slowbro|move: Sticky Web\n|-unboost|p2a: Slowbro|spe|1\n|turn|29\n|\n|t:|1781414123\n|switch|p1a: Hatterene|Hatterene, L85, F|121/236 brn\n|move|p2a: Slowbro|Iron Defense|p2a: Slowbro\n|-boost|p2a: Slowbro|def|2\n|\n|-damage|p1a: Hatterene|107/236 brn|[from] brn\n|upkeep\n|turn|30\n|inactive|whitetigerx248 has 30 seconds left.\n|\n|t:|1781414138\n|move|p1a: Hatterene|Nuzzle|p2a: Slowbro\n|-supereffective|p2a: Slowbro\n|-damage|p2a: Slowbro|294/300\n|-status|p2a: Slowbro|par\n|move|p2a: Slowbro|Scald|p1a: Hatterene\n|-damage|p1a: Hatterene|52/236 brn\n|\n|-heal|p2a: Slowbro|300/300 par|[from] item: Leftovers\n|-damage|p1a: Hatterene|38/236 brn|[from] brn\n|upkeep\n|turn|31\n|inactive|whitetigerx248 has 30 seconds left.\n|\n|t:|1781414155\n|move|p1a: Hatterene|Mystical Fire|p2a: Slowbro\n|-resisted|p2a: Slowbro\n|-damage|p2a: Slowbro|261/300 par\n|-unboost|p2a: Slowbro|spa|1\n|cant|p2a: Slowbro|par\n|\n|-heal|p2a: Slowbro|279/300 par|[from] item: Leftovers\n|-damage|p1a: Hatterene|24/236 brn|[from] brn\n|upkeep\n|turn|32\n|inactive|whitetigerx248 has 30 seconds left.\n|\n|t:|1781414170\n|move|p1a: Hatterene|Draining Kiss|p2a: Slowbro\n|-damage|p2a: Slowbro|195/300 par\n|-heal|p1a: Hatterene|87/236 brn|[from] drain|[of] p2a: Slowbro\n|move|p2a: Slowbro|Iron Defense|p2a: Slowbro\n|-boost|p2a: Slowbro|def|2\n|\n|-heal|p2a: Slowbro|213/300 par|[from] item: Leftovers\n|-damage|p1a: Hatterene|73/236 brn|[from] brn\n|upkeep\n|turn|33\n|inactive|whitetigerx248 has 30 seconds left.\n|\n|t:|1781414181\n|move|p1a: Hatterene|Draining Kiss|p2a: Slowbro\n|-damage|p2a: Slowbro|141/300 par\n|-heal|p1a: Hatterene|127/236 brn|[from] drain|[of] p2a: Slowbro\n|move|p2a: Slowbro|Scald|p1a: Hatterene\n|-damage|p1a: Hatterene|93/236 brn\n|\n|-heal|p2a: Slowbro|159/300 par|[from] item: Leftovers\n|-damage|p1a: Hatterene|79/236 brn|[from] brn\n|upkeep\n|turn|34\n|inactive|whitetigerx248 has 30 seconds left.\n|\n|t:|1781414193\n|move|p1a: Hatterene|Draining Kiss|p2a: Slowbro\n|-damage|p2a: Slowbro|86/300 par\n|-heal|p1a: Hatterene|134/236 brn|[from] drain|[of] p2a: Slowbro\n|move|p2a: Slowbro|Slack Off|p2a: Slowbro\n|-heal|p2a: Slowbro|236/300 par\n|\n|-heal|p2a: Slowbro|254/300 par|[from] item: Leftovers\n|-damage|p1a: Hatterene|120/236 brn|[from] brn\n|upkeep\n|turn|35\n|inactive|whitetigerx248 has 30 seconds left.\n|\n|t:|1781414203\n|move|p1a: Hatterene|Mystical Fire|p2a: Slowbro\n|-resisted|p2a: Slowbro\n|-damage|p2a: Slowbro|215/300 par\n|-unboost|p2a: Slowbro|spa|1\n|move|p2a: Slowbro|Scald|p1a: Hatterene\n|-damage|p1a: Hatterene|93/236 brn\n|\n|-heal|p2a: Slowbro|233/300 par|[from] item: Leftovers\n|-damage|p1a: Hatterene|79/236 brn|[from] brn\n|upkeep\n|turn|36\n|inactive|whitetigerx248 has 30 seconds left.\n|\n|t:|1781414215\n|move|p1a: Hatterene|Draining Kiss|p2a: Slowbro\n|-damage|p2a: Slowbro|160/300 par\n|-heal|p1a: Hatterene|134/236 brn|[from] drain|[of] p2a: Slowbro\n|cant|p2a: Slowbro|par\n|\n|-heal|p2a: Slowbro|178/300 par|[from] item: Leftovers\n|-damage|p1a: Hatterene|120/236 brn|[from] brn\n|upkeep\n|turn|37\n|inactive|whitetigerx248 has 30 seconds left.\n|\n|t:|1781414228\n|move|p1a: Hatterene|Draining Kiss|p2a: Slowbro\n|-damage|p2a: Slowbro|96/300 par\n|-heal|p1a: Hatterene|182/236 brn|[from] drain|[of] p2a: Slowbro\n|move|p2a: Slowbro|Slack Off|p2a: Slowbro\n|-heal|p2a: Slowbro|246/300 par\n|\n|-heal|p2a: Slowbro|264/300 par|[from] item: Leftovers\n|-damage|p1a: Hatterene|168/236 brn|[from] brn\n|upkeep\n|turn|38\n|inactive|whitetigerx248 has 30 seconds left.\n|\n|t:|1781414239\n|move|p1a: Hatterene|Draining Kiss|p2a: Slowbro\n|-damage|p2a: Slowbro|180/300 par\n|-heal|p1a: Hatterene|231/236 brn|[from] drain|[of] p2a: Slowbro\n|move|p2a: Slowbro|Scald|p1a: Hatterene\n|-damage|p1a: Hatterene|204/236 brn\n|\n|-heal|p2a: Slowbro|198/300 par|[from] item: Leftovers\n|-damage|p1a: Hatterene|190/236 brn|[from] brn\n|upkeep\n|turn|39\n|inactive|whitetigerx248 has 30 seconds left.\n|\n|t:|1781414250\n|move|p1a: Hatterene|Draining Kiss|p2a: Slowbro\n|-damage|p2a: Slowbro|117/300 par\n|-heal|p1a: Hatterene|236/236 brn|[from] drain|[of] p2a: Slowbro\n|move|p2a: Slowbro|Scald|p1a: Hatterene\n|-damage|p1a: Hatterene|211/236 brn\n|\n|-heal|p2a: Slowbro|135/300 par|[from] item: Leftovers\n|-damage|p1a: Hatterene|197/236 brn|[from] brn\n|upkeep\n|turn|40\n|inactive|whitetigerx248 has 30 seconds left.\n|\n|t:|1781414266\n|move|p1a: Hatterene|Draining Kiss|p2a: Slowbro\n|-damage|p2a: Slowbro|62/300 par\n|-heal|p1a: Hatterene|236/236 brn|[from] drain|[of] p2a: Slowbro\n|move|p2a: Slowbro|Slack Off|p2a: Slowbro\n|-heal|p2a: Slowbro|212/300 par\n|\n|-heal|p2a: Slowbro|230/300 par|[from] item: Leftovers\n|-damage|p1a: Hatterene|222/236 brn|[from] brn\n|upkeep\n|turn|41\n|inactive|whitetigerx248 has 30 seconds left.\n|\n|t:|1781414279\n|move|p1a: Hatterene|Draining Kiss|p2a: Slowbro\n|-damage|p2a: Slowbro|158/300 par\n|-heal|p1a: Hatterene|236/236 brn|[from] drain|[of] p2a: Slowbro\n|move|p2a: Slowbro|Scald|p1a: Hatterene\n|-crit|p1a: Hatterene\n|-damage|p1a: Hatterene|163/236 brn\n|\n|-heal|p2a: Slowbro|176/300 par|[from] item: Leftovers\n|-damage|p1a: Hatterene|149/236 brn|[from] brn\n|upkeep\n|turn|42\n|inactive|whitetigerx248 has 30 seconds left.\n|\n|t:|1781414290\n|move|p1a: Hatterene|Psychic|p2a: Slowbro\n|-resisted|p2a: Slowbro\n|-damage|p2a: Slowbro|104/300 par\n|move|p2a: Slowbro|Slack Off|p2a: Slowbro\n|-heal|p2a: Slowbro|254/300 par\n|\n|-heal|p2a: Slowbro|272/300 par|[from] item: Leftovers\n|-damage|p1a: Hatterene|135/236 brn|[from] brn\n|upkeep\n|turn|43\n|inactive|whitetigerx248 has 30 seconds left.\n|\n|t:|1781414306\n|move|p1a: Hatterene|Psychic|p2a: Slowbro\n|-resisted|p2a: Slowbro\n|-damage|p2a: Slowbro|205/300 par\n|move|p2a: Slowbro|Scald|p1a: Hatterene\n|-damage|p1a: Hatterene|107/236 brn\n|\n|-heal|p2a: Slowbro|223/300 par|[from] item: Leftovers\n|-damage|p1a: Hatterene|93/236 brn|[from] brn\n|upkeep\n|turn|44\n|inactive|whitetigerx248 has 30 seconds left.\n|\n|t:|1781414318\n|move|p1a: Hatterene|Draining Kiss|p2a: Slowbro\n|-damage|p2a: Slowbro|145/300 par\n|-heal|p1a: Hatterene|152/236 brn|[from] drain|[of] p2a: Slowbro\n|move|p2a: Slowbro|Scald|p1a: Hatterene\n|-damage|p1a: Hatterene|127/236 brn\n|\n|-heal|p2a: Slowbro|163/300 par|[from] item: Leftovers\n|-damage|p1a: Hatterene|113/236 brn|[from] brn\n|upkeep\n|turn|45\n|inactive|whitetigerx248 has 30 seconds left.\n|\n|t:|1781414330\n|move|p1a: Hatterene|Draining Kiss|p2a: Slowbro\n|-damage|p2a: Slowbro|87/300 par\n|-heal|p1a: Hatterene|170/236 brn|[from] drain|[of] p2a: Slowbro\n|cant|p2a: Slowbro|par\n|\n|-heal|p2a: Slowbro|105/300 par|[from] item: Leftovers\n|-damage|p1a: Hatterene|156/236 brn|[from] brn\n|upkeep\n|turn|46\n|inactive|whitetigerx248 has 30 seconds left.\n|\n|t:|1781414339\n|move|p1a: Hatterene|Draining Kiss|p2a: Slowbro\n|-damage|p2a: Slowbro|29/300 par\n|-heal|p1a: Hatterene|213/236 brn|[from] drain|[of] p2a: Slowbro\n|move|p2a: Slowbro|Slack Off|p2a: Slowbro\n|-heal|p2a: Slowbro|179/300 par\n|\n|-heal|p2a: Slowbro|197/300 par|[from] item: Leftovers\n|-damage|p1a: Hatterene|199/236 brn|[from] brn\n|upkeep\n|turn|47\n|inactive|whitetigerx248 has 30 seconds left.\n|\n|t:|1781414349\n|move|p1a: Hatterene|Mystical Fire|p2a: Slowbro\n|-resisted|p2a: Slowbro\n|-damage|p2a: Slowbro|161/300 par\n|-unboost|p2a: Slowbro|spa|1\n|move|p2a: Slowbro|Slack Off|p2a: Slowbro\n|-heal|p2a: Slowbro|300/300 par\n|\n|-damage|p1a: Hatterene|185/236 brn|[from] brn\n|upkeep\n|turn|48\n|inactive|whitetigerx248 has 30 seconds left.\n|\n|t:|1781414364\n|move|p1a: Hatterene|Mystical Fire|p2a: Slowbro\n|-resisted|p2a: Slowbro\n|-damage|p2a: Slowbro|262/300 par\n|-unboost|p2a: Slowbro|spa|1\n|move|p2a: Slowbro|Body Press|p1a: Hatterene\n|-resisted|p1a: Hatterene\n|-damage|p1a: Hatterene|142/236 brn\n|\n|-heal|p2a: Slowbro|280/300 par|[from] item: Leftovers\n|-damage|p1a: Hatterene|128/236 brn|[from] brn\n|upkeep\n|turn|49\n|inactive|whitetigerx248 has 30 seconds left.\n|\n|t:|1781414383\n|move|p1a: Hatterene|Draining Kiss|p2a: Slowbro\n|-damage|p2a: Slowbro|205/300 par\n|-heal|p1a: Hatterene|184/236 brn|[from] drain|[of] p2a: Slowbro\n|move|p2a: Slowbro|Iron Defense|p2a: Slowbro\n|-boost|p2a: Slowbro|def|2\n|\n|-heal|p2a: Slowbro|223/300 par|[from] item: Leftovers\n|-damage|p1a: Hatterene|170/236 brn|[from] brn\n|upkeep\n|turn|50\n|inactive|whitetigerx248 has 30 seconds left.\n|inactive|dumbidiotgirl has 120 seconds left.\n|\n|t:|1781414423\n|move|p1a: Hatterene|Mystical Fire|p2a: Slowbro\n|-resisted|p2a: Slowbro\n|-damage|p2a: Slowbro|182/300 par\n|-unboost|p2a: Slowbro|spa|1\n|move|p2a: Slowbro|Body Press|p1a: Hatterene\n|-resisted|p1a: Hatterene\n|-damage|p1a: Hatterene|107/236 brn\n|\n|-heal|p2a: Slowbro|200/300 par|[from] item: Leftovers\n|-damage|p1a: Hatterene|93/236 brn|[from] brn\n|upkeep\n|turn|51\n|inactive|whitetigerx248 has 30 seconds left.\n|\n|t:|1781414436\n|move|p1a: Hatterene|Draining Kiss|p2a: Slowbro\n|-damage|p2a: Slowbro|127/300 par\n|-heal|p1a: Hatterene|148/236 brn|[from] drain|[of] p2a: Slowbro\n|cant|p2a: Slowbro|par\n|\n|-heal|p2a: Slowbro|145/300 par|[from] item: Leftovers\n|-damage|p1a: Hatterene|134/236 brn|[from] brn\n|upkeep\n|turn|52\n|inactive|dumbidiotgirl has 120 seconds left.\n|inactive|whitetigerx248 has 30 seconds left.\n|\n|t:|1781414457\n|move|p1a: Hatterene|Psychic|p2a: Slowbro\n|-resisted|p2a: Slowbro\n|-damage|p2a: Slowbro|76/300 par\n|cant|p2a: Slowbro|par\n|\n|-heal|p2a: Slowbro|94/300 par|[from] item: Leftovers\n|-damage|p1a: Hatterene|120/236 brn|[from] brn\n|upkeep\n|turn|53\n|\n|t:|1781414466\n|move|p1a: Hatterene|Psychic|p2a: Slowbro\n|-resisted|p2a: Slowbro\n|-damage|p2a: Slowbro|25/300 par\n|cant|p2a: Slowbro|par\n|\n|-heal|p2a: Slowbro|43/300 par|[from] item: Leftovers\n|-damage|p1a: Hatterene|106/236 brn|[from] brn\n|upkeep\n|turn|54\n|c|\u2606whitetigerx248|man\n|inactive|whitetigerx248 has 30 seconds left.\n|c|\u2606whitetigerx248|the paralysis got me st the worst 3 turns\n|inactive|whitetigerx248 has 20 seconds left.\n|inactive|whitetigerx248 has 15 seconds left.\n|\n|t:|1781414497\n|move|p1a: Hatterene|Psychic|p2a: Slowbro\n|-resisted|p2a: Slowbro\n|-damage|p2a: Slowbro|0 fnt\n|faint|p2a: Slowbro\n|\n|-damage|p1a: Hatterene|92/236 brn|[from] brn\n|upkeep\n|inactive|whitetigerx248 has 20 seconds left this turn.\n|inactive|whitetigerx248 has 15 seconds left.\n|\n|t:|1781414504\n|switch|p2a: Flamigo|Flamigo, L82, M|269/269\n|turn|55\n|inactive|whitetigerx248 has 25 seconds left this turn.\n|inactive|whitetigerx248 has 20 seconds left.\n|inactive|whitetigerx248 has 15 seconds left.\n|inactive|whitetigerx248 has 10 seconds left.\n|\n|t:|1781414521\n|move|p2a: Flamigo|Throat Chop|p1a: Hatterene\n|-damage|p1a: Hatterene|32/236 brn\n|-start|p1a: Hatterene|Throat Chop|[silent]\n|move|p1a: Hatterene|Psychic|p2a: Flamigo\n|-supereffective|p2a: Flamigo\n|-crit|p2a: Flamigo\n|-damage|p2a: Flamigo|0 fnt\n|faint|p2a: Flamigo\n|\n|win|dumbidiotgirl\n|raw|dumbidiotgirl's rating: 1279 &rarr; <strong>1306</strong><br />(+27 for winning)\n|raw|whitetigerx248's rating: 1302 &rarr; <strong>1281</strong><br />(-21 for losing)\n", "inputlog": ">version a8376a258c1d4662feba110a92103f3664a72141\n>start {\"formatid\":\"gen9randombattle\",\"seed\":\"sodium,f64453b64d6b7625ca2a188c1fcac80d\",\"rated\":\"Rated battle\"}\n>player p1 {\"name\":\"dumbidiotgirl\",\"avatar\":\"wicke\",\"rating\":1279,\"seed\":\"sodium,58c503f62ffd5dbcbd8c7d818636e9e0\"}\n>player p2 {\"name\":\"whitetigerx248\",\"avatar\":\"102\",\"rating\":1302,\"seed\":\"sodium,e83e56f6171197ccee250afe28f30eec\"}\n>p1 move stickyweb\n>p2 move knockoff\n>p1 move thunderbolt\n>p2 move facade\n>p1 move thunderbolt\n>p2 move machpunch\n>p1 switch 5\n>p1 move aquajet\n>p2 move machpunch\n>p1 move aquajet\n>p2 switch 6\n>p1 switch 3\n>p2 move bulkup\n>p1 move coil\n>p2 move bulkup\n>p1 move coil\n>p2 move bulkup\n>p1 move coil\n>p2 move wavecrash\n>p1 move coil\n>p2 move wavecrash\n>p1 move roost\n>p2 move wavecrash\n>p1 switch 4\n>p1 move psychicfangs\n>p2 move wavecrash\n>p1 move psychicfangs\n>p2 move icespinner\n>p1 switch 3\n>p1 move wavecrash terastallize\n>p2 move wavecrash\n>p2 switch 4\n>p1 switch 6\n>p2 move irondefense\n>p1 move mysticalfire\n>p2 move scald\n>p1 move drainingkiss\n>p2 move irondefense\n>p1 move drainingkiss\n>p2 switch 5\n>p1 move nuzzle\n>p2 move quiverdance\n>p1 move mysticalfire\n>p2 move quiverdance terastallize\n>p1 move mysticalfire\n>p2 move quiverdance\n>p1 switch 2\n>p2 move gigadrain\n>p1 move doubleedge\n>p2 move gigadrain\n>p2 switch 6\n>p1 switch 2\n>p2 move machpunch\n>p2 switch 2\n>p1 move mysticalfire\n>p2 move recover\n>p1 move mysticalfire\n>p2 move calmmind\n>p1 switch 6\n>p2 move calmmind\n>p1 move wavecrash\n>p2 move psyshock\n>p2 switch 5\n>p1 switch 6\n>p2 move irondefense\n>p1 move nuzzle\n>p2 move scald\n>p1 move mysticalfire\n>p2 move irondefense\n>p1 move drainingkiss\n>p2 move irondefense\n>p1 move drainingkiss\n>p2 move scald\n>p1 move drainingkiss\n>p2 move slackoff\n>p1 move mysticalfire\n>p2 move scald\n>p1 move drainingkiss\n>p2 move scald\n>p1 move drainingkiss\n>p2 move slackoff\n>p1 move drainingkiss\n>p2 move scald\n>p1 move drainingkiss\n>p2 move scald\n>p1 move drainingkiss\n>p2 move slackoff\n>p1 move drainingkiss\n>p2 move scald\n>p1 move psychic\n>p2 move slackoff\n>p1 move psychic\n>p2 move scald\n>p1 move drainingkiss\n>p2 move scald\n>p1 move drainingkiss\n>p2 move slackoff\n>p1 move drainingkiss\n>p2 move slackoff\n>p1 move mysticalfire\n>p2 move slackoff\n>p1 move mysticalfire\n>p2 move bodypress\n>p1 move drainingkiss\n>p2 move irondefense\n>p1 move mysticalfire\n>p2 move bodypress\n>p1 move drainingkiss\n>p2 move bodypress\n>p1 move psychic\n>p2 move slackoff\n>p1 move psychic\n>p2 move slackoff\n>chat \u2606whitetigerx248|man\n>chat \u2606whitetigerx248|the paralysis got me st the worst 3 turns\n>p1 move psychic\n>p2 move slackoff\n>p2 switch 3\n>p1 move psychic\n>p2 move throatchop", "uploadtime": 1781414526, "views": 4, "formatid": "gen9randombattle", "rating": 1281, "private": 0, "password": null}