{"id": "gen9randombattle-2631730929", "format": "[Gen 9] Random Battle", "players": ["HighTierAngel", "LowTierTenshi"], "log": "|j|\u2606HighTierAngel\n|j|\u2606LowTierTenshi\n|t:|1781430155\n|gametype|singles\n|player|p1|HighTierAngel|cynthia-masters4|\n|player|p2|LowTierTenshi|beauty-gen4dp|\n|gen|9\n|tier|[Gen 9] Random Battle\n|rule|Species Clause: Limit one of each Pok\u00e9mon\n|rule|HP Percentage Mod: HP is shown in percentages\n|rule|Sleep Clause Mod: Limit one foe put to sleep\n|rule|Illusion Level Mod: Illusion disguises the Pok\u00e9mon's true level\n|\n|t:|1781430155\n|teamsize|p1|6\n|teamsize|p2|6\n|start\n|switch|p1a: Goodra|Goodra-Hisui, L82, M|265/265\n|switch|p2a: Meganium|Meganium, L90, F|290/290\n|turn|1\n|c|\u2606HighTierAngel|Hellooo\n|\n|t:|1781430277\n|move|p2a: Meganium|Knock Off|p1a: Goodra\n|-damage|p1a: Goodra|198/265\n|-enditem|p1a: Goodra|Assault Vest|[from] move: Knock Off|[of] p2a: Meganium\n|move|p1a: Goodra|Dragon Tail|p2a: Meganium|[miss]\n|-miss|p1a: Goodra|p2a: Meganium\n|\n|upkeep\n|turn|2\n|\n|t:|1781430289\n|move|p2a: Meganium|Knock Off|p1a: Goodra\n|-damage|p1a: Goodra|157/265\n|move|p1a: Goodra|Heavy Slam|p2a: Meganium\n|-damage|p2a: Meganium|223/290\n|\n|-heal|p2a: Meganium|241/290|[from] item: Leftovers\n|upkeep\n|turn|3\n|\n|t:|1781430319\n|move|p2a: Meganium|Leech Seed|p1a: Goodra\n|-ability|p1a: Goodra|Sap Sipper|boost\n|-boost|p1a: Goodra|atk|1\n|move|p1a: Goodra|Draco Meteor|p2a: Meganium\n|-damage|p2a: Meganium|108/290\n|-unboost|p1a: Goodra|spa|2\n|\n|-heal|p2a: Meganium|126/290|[from] item: Leftovers\n|upkeep\n|turn|4\n|c|\u2606HighTierAngel|!dt sap sipper\n|c|\u2606HighTierAngel|/raw <ul class=\"utilichart\"><li class=\"result\"><span class=\"col namecol\"><a href=\"https://dex.pokemonshowdown.com/abilities/sapsipper\">Sap Sipper</a></span> <span class=\"col abilitydesccol\">This Pokemon's Attack is raised 1 stage if hit by a Grass move; Grass immunity.</span> </li><li style=\"clear:both\"></li></ul>\n|c|\u2606HighTierAngel|/raw <font size=\"1\"><font color=\"#686868\">Gen:</font> 5&nbsp;|&ThickSpace;&#10003; Ignored by Mold Breaker</font>\n\n|c|\u2606HighTierAngel|Goodra ability\n|\n|t:|1781430369\n|move|p2a: Meganium|Energy Ball|p1a: Goodra\n|-ability|p1a: Goodra|Sap Sipper|boost\n|-boost|p1a: Goodra|atk|1\n|move|p1a: Goodra|Heavy Slam|p2a: Meganium\n|-damage|p2a: Meganium|0 fnt\n|faint|p2a: Meganium\n|\n|upkeep\n|\n|t:|1781430380\n|switch|p2a: Rhyperior|Rhyperior, L82, F|323/323\n|turn|5\n|\n|t:|1781430386\n|move|p1a: Goodra|Heavy Slam|p2a: Rhyperior\n|-supereffective|p2a: Rhyperior\n|-damage|p2a: Rhyperior|236/323\n|move|p2a: Rhyperior|Stone Edge|p1a: Goodra|[miss]\n|-miss|p2a: Rhyperior|p1a: Goodra\n|\n|upkeep\n|turn|6\n|\n|t:|1781430396\n|switch|p1a: Passimian|Passimian, L83, M|302/302\n|move|p2a: Rhyperior|Earthquake|p1a: Passimian\n|-damage|p1a: Passimian|175/302\n|\n|-heal|p1a: Passimian|193/302|[from] item: Leftovers\n|upkeep\n|turn|7\n|\n|t:|1781430411\n|switch|p2a: Skeledirge|Skeledirge, L79, M|294/294\n|move|p1a: Passimian|Drain Punch|p2a: Skeledirge\n|-immune|p2a: Skeledirge\n|\n|-heal|p1a: Passimian|211/302|[from] item: Leftovers\n|upkeep\n|turn|8\n|c|\u2606HighTierAngel|WWWW\n|c|\u2606HighTierAngel|crazy predict\n|c|\u2606HighTierAngel|Ghost types immune to fighting\n|\n|t:|1781430438\n|move|p1a: Passimian|Knock Off|p2a: Skeledirge\n|-supereffective|p2a: Skeledirge\n|-damage|p2a: Skeledirge|128/294\n|-enditem|p2a: Skeledirge|Heavy-Duty Boots|[from] move: Knock Off|[of] p1a: Passimian\n|move|p2a: Skeledirge|Torch Song|p1a: Passimian\n|-damage|p1a: Passimian|97/302\n|-boost|p2a: Skeledirge|spa|1\n|\n|-heal|p1a: Passimian|115/302|[from] item: Leftovers\n|upkeep\n|turn|9\n|\n|t:|1781430456\n|move|p1a: Passimian|Knock Off|p2a: Skeledirge\n|-supereffective|p2a: Skeledirge\n|-damage|p2a: Skeledirge|18/294\n|move|p2a: Skeledirge|Will-O-Wisp|p1a: Passimian\n|-status|p1a: Passimian|brn\n|\n|-heal|p1a: Passimian|133/302 brn|[from] item: Leftovers\n|-damage|p1a: Passimian|115/302 brn|[from] brn\n|upkeep\n|turn|10\n|\n|t:|1781430470\n|switch|p2a: Rhyperior|Rhyperior, L82, F|236/323\n|move|p1a: Passimian|Knock Off|p2a: Rhyperior\n|-damage|p2a: Rhyperior|207/323\n|-enditem|p2a: Rhyperior|Assault Vest|[from] move: Knock Off|[of] p1a: Passimian\n|\n|-heal|p1a: Passimian|133/302 brn|[from] item: Leftovers\n|-damage|p1a: Passimian|115/302 brn|[from] brn\n|upkeep\n|turn|11\n|\n|t:|1781430486\n|move|p1a: Passimian|Bulk Up|p1a: Passimian\n|-boost|p1a: Passimian|atk|1\n|-boost|p1a: Passimian|def|1\n|move|p2a: Rhyperior|Dragon Tail|p1a: Passimian\n|-damage|p1a: Passimian|75/302 brn\n|drag|p1a: Chi-Yu|Chi-Yu, L77|211/211\n|-ability|p1a: Chi-Yu|Beads of Ruin\n|\n|upkeep\n|turn|12\n|\n|t:|1781430504\n|move|p1a: Chi-Yu|Dark Pulse|p2a: Rhyperior\n|-damage|p2a: Rhyperior|38/323\n|move|p2a: Rhyperior|Stone Edge|p1a: Chi-Yu\n|-supereffective|p1a: Chi-Yu\n|-damage|p1a: Chi-Yu|0 fnt\n|faint|p1a: Chi-Yu\n|\n|upkeep\n|c|\u2606HighTierAngel|rip\n|\n|t:|1781430520\n|switch|p1a: Passimian|Passimian, L83, M|75/302 brn\n|turn|13\n|\n|t:|1781430529\n|move|p1a: Passimian|Drain Punch|p2a: Rhyperior\n|-supereffective|p2a: Rhyperior\n|-damage|p2a: Rhyperior|0 fnt\n|-heal|p1a: Passimian|94/302 brn|[from] drain|[of] p2a: Rhyperior\n|faint|p2a: Rhyperior\n|\n|-heal|p1a: Passimian|112/302 brn|[from] item: Leftovers\n|-damage|p1a: Passimian|94/302 brn|[from] brn\n|upkeep\n|\n|t:|1781430545\n|switch|p2a: Skeledirge|Skeledirge, L79, M|18/294\n|turn|14\n|\n|t:|1781430554\n|move|p1a: Passimian|Knock Off|p2a: Skeledirge\n|-supereffective|p2a: Skeledirge\n|-damage|p2a: Skeledirge|0 fnt\n|faint|p2a: Skeledirge\n|\n|-heal|p1a: Passimian|112/302 brn|[from] item: Leftovers\n|-damage|p1a: Passimian|94/302 brn|[from] brn\n|upkeep\n|\n|t:|1781430564\n|switch|p2a: Scrafty|Scrafty, L83, M|244/244\n|-ability|p2a: Scrafty|Intimidate|boost\n|-unboost|p1a: Passimian|atk|1\n|-ability|p1a: Passimian|Defiant|boost\n|-boost|p1a: Passimian|atk|2\n|turn|15\n|\n|t:|1781430575\n|move|p1a: Passimian|Bulk Up|p1a: Passimian\n|-boost|p1a: Passimian|atk|1\n|-boost|p1a: Passimian|def|1\n|move|p2a: Scrafty|Poison Jab|p1a: Passimian\n|-damage|p1a: Passimian|56/302 brn\n|\n|-heal|p1a: Passimian|74/302 brn|[from] item: Leftovers\n|-damage|p1a: Passimian|56/302 brn|[from] brn\n|upkeep\n|turn|16\n|\n|t:|1781430589\n|move|p1a: Passimian|Knock Off|p2a: Scrafty\n|-resisted|p2a: Scrafty\n|-damage|p2a: Scrafty|228/244\n|-enditem|p2a: Scrafty|Leftovers|[from] move: Knock Off|[of] p1a: Passimian\n|move|p2a: Scrafty|Dragon Dance|p2a: Scrafty\n|-boost|p2a: Scrafty|atk|1\n|-boost|p2a: Scrafty|spe|1\n|\n|-heal|p1a: Passimian|74/302 brn|[from] item: Leftovers\n|-damage|p1a: Passimian|56/302 brn|[from] brn\n|upkeep\n|turn|17\n|\n|t:|1781430601\n|move|p2a: Scrafty|Knock Off|p1a: Passimian\n|-resisted|p1a: Passimian\n|-damage|p1a: Passimian|8/302 brn\n|-enditem|p1a: Passimian|Leftovers|[from] move: Knock Off|[of] p2a: Scrafty\n|move|p1a: Passimian|Drain Punch|p2a: Scrafty\n|-supereffective|p2a: Scrafty\n|-damage|p2a: Scrafty|77/244\n|-heal|p1a: Passimian|84/302 brn|[from] drain|[of] p2a: Scrafty\n|\n|-damage|p1a: Passimian|66/302 brn|[from] brn\n|upkeep\n|turn|18\n|\n|t:|1781430617\n|move|p2a: Scrafty|Drain Punch|p1a: Passimian\n|-damage|p1a: Passimian|0 fnt\n|-heal|p2a: Scrafty|110/244|[from] drain|[of] p1a: Passimian\n|faint|p1a: Passimian\n|\n|upkeep\n|c|\u2606HighTierAngel|Good job\n|c|\u2606HighTierAngel|U got my monkey\n|\n|t:|1781430641\n|switch|p1a: Goodra|Goodra-Hisui, L82, M|157/265\n|turn|19\n|\n|t:|1781430649\n|move|p2a: Scrafty|Drain Punch|p1a: Goodra\n|-supereffective|p1a: Goodra\n|-damage|p1a: Goodra|0 fnt\n|-heal|p2a: Scrafty|189/244|[from] drain|[of] p1a: Goodra\n|faint|p1a: Goodra\n|\n|upkeep\n|c|\u2606HighTierAngel|Even game\n|c|\u2606HighTierAngel|3v3\n|c|\u2606HighTierAngel|Is what it looks like right\n|c|\u2606HighTierAngel|But you are ahead rn\n|\n|t:|1781430703\n|switch|p1a: Eelektross|Eelektross, L87, F|290/290\n|turn|20\n|\n|t:|1781430715\n|move|p2a: Scrafty|Drain Punch|p1a: Eelektross\n|-damage|p1a: Eelektross|181/290\n|-heal|p2a: Scrafty|244/244|[from] drain|[of] p1a: Eelektross\n|move|p1a: Eelektross|Coil|p1a: Eelektross\n|-boost|p1a: Eelektross|atk|1\n|-boost|p1a: Eelektross|def|1\n|-boost|p1a: Eelektross|accuracy|1\n|\n|-heal|p1a: Eelektross|199/290|[from] item: Leftovers\n|upkeep\n|turn|21\n|\n|t:|1781430728\n|move|p2a: Scrafty|Knock Off|p1a: Eelektross\n|-damage|p1a: Eelektross|99/290\n|-enditem|p1a: Eelektross|Leftovers|[from] move: Knock Off|[of] p2a: Scrafty\n|move|p1a: Eelektross|Coil|p1a: Eelektross\n|-boost|p1a: Eelektross|atk|1\n|-boost|p1a: Eelektross|def|1\n|-boost|p1a: Eelektross|accuracy|1\n|\n|upkeep\n|turn|22\n|\n|t:|1781430742\n|move|p2a: Scrafty|Poison Jab|p1a: Eelektross\n|-damage|p1a: Eelektross|60/290\n|-status|p1a: Eelektross|psn\n|move|p1a: Eelektross|Drain Punch|p2a: Scrafty\n|-supereffective|p2a: Scrafty\n|-damage|p2a: Scrafty|20/244\n|-heal|p1a: Eelektross|172/290 psn|[from] drain|[of] p2a: Scrafty\n|\n|-damage|p1a: Eelektross|136/290 psn|[from] psn\n|upkeep\n|turn|23\n|\n|t:|1781430756\n|move|p2a: Scrafty|Drain Punch|p1a: Eelektross\n|-damage|p1a: Eelektross|76/290 psn\n|-heal|p2a: Scrafty|50/244|[from] drain|[of] p1a: Eelektross\n|move|p1a: Eelektross|Drain Punch|p2a: Scrafty\n|-supereffective|p2a: Scrafty\n|-damage|p2a: Scrafty|0 fnt\n|-heal|p1a: Eelektross|101/290 psn|[from] drain|[of] p2a: Scrafty\n|faint|p2a: Scrafty\n|\n|-damage|p1a: Eelektross|65/290 psn|[from] psn\n|upkeep\n|\n|t:|1781430770\n|switch|p2a: Crawdaunt|Crawdaunt, L84, M|243/243\n|turn|24\n|\n|t:|1781430776\n|move|p2a: Crawdaunt|Close Combat|p1a: Eelektross\n|-damage|p1a: Eelektross|0 fnt\n|-unboost|p2a: Crawdaunt|def|1\n|-unboost|p2a: Crawdaunt|spd|1\n|faint|p1a: Eelektross\n|-damage|p2a: Crawdaunt|219/243|[from] item: Life Orb\n|\n|upkeep\n|\n|t:|1781430785\n|switch|p1a: Sceptile|Sceptile, L87, M|264/264\n|turn|25\n|\n|t:|1781430791\n|move|p1a: Sceptile|Leaf Blade|p2a: Crawdaunt\n|-supereffective|p2a: Crawdaunt\n|-damage|p2a: Crawdaunt|0 fnt\n|faint|p2a: Crawdaunt\n|-damage|p1a: Sceptile|238/264|[from] item: Life Orb\n|\n|upkeep\n|\n|t:|1781430798\n|switch|p2a: Florges|Florges-Yellow, L85, F|271/271\n|turn|26\n|\n|t:|1781430814\n|move|p1a: Sceptile|Swords Dance|p1a: Sceptile\n|-boost|p1a: Sceptile|atk|2\n|move|p2a: Florges|Moonblast|p1a: Sceptile\n|-damage|p1a: Sceptile|124/264\n|\n|upkeep\n|turn|27\n|\n|t:|1781430837\n|move|p2a: Florges|Protect|p2a: Florges\n|-singleturn|p2a: Florges|Protect\n|move|p1a: Sceptile|Rock Slide|p2a: Florges\n|-activate|p2a: Florges|move: Protect\n|\n|upkeep\n|turn|28\n|\n|t:|1781430850\n|move|p1a: Sceptile|Swords Dance|p1a: Sceptile\n|-boost|p1a: Sceptile|atk|2\n|move|p2a: Florges|Moonblast|p1a: Sceptile\n|-damage|p1a: Sceptile|12/264\n|\n|upkeep\n|turn|29\n|\n|t:|1781430862\n|move|p1a: Sceptile|Rock Slide|p2a: Florges\n|-damage|p2a: Florges|20/271\n|-damage|p1a: Sceptile|0 fnt|[from] item: Life Orb\n|faint|p1a: Sceptile\n|cant|p2a: Florges|flinch\n|\n|-heal|p2a: Florges|36/271|[from] item: Leftovers\n|upkeep\n|\n|t:|1781430871\n|switch|p1a: Ogerpon|Ogerpon-Cornerstone, L76, F|247/247\n|turn|30\n|\n|t:|1781430878\n|move|p2a: Florges|Protect|p2a: Florges\n|-singleturn|p2a: Florges|Protect\n|move|p1a: Ogerpon|Power Whip|p2a: Florges\n|-activate|p2a: Florges|move: Protect\n|\n|-heal|p2a: Florges|52/271|[from] item: Leftovers\n|upkeep\n|turn|31\n|\n|t:|1781430890\n|move|p1a: Ogerpon|Superpower|p2a: Florges\n|-resisted|p2a: Florges\n|-damage|p2a: Florges|0 fnt\n|-unboost|p1a: Ogerpon|atk|1\n|-unboost|p1a: Ogerpon|def|1\n|faint|p2a: Florges\n|\n|win|HighTierAngel\n", "inputlog": ">version a8376a258c1d4662feba110a92103f3664a72141\n>start {\"formatid\":\"gen9randombattle\",\"seed\":\"sodium,8148202745f0fa3f88250cf8b0075d19\"}\n>player p1 {\"name\":\"HighTierAngel\",\"avatar\":\"cynthia-masters4\",\"rating\":0,\"seed\":\"sodium,1aa1d56c2c6eb2583c7bfbb64e305b6d\"}\n>player p2 {\"name\":\"LowTierTenshi\",\"avatar\":\"beauty-gen4dp\",\"rating\":0,\"seed\":\"sodium,aca2a3e3496c96705b67d1cffc4d3bcc\"}\n>chat \u2606HighTierAngel|Hellooo\n>p1 move dragontail\n>p2 move knockoff\n>p1 move heavyslam\n>p2 move knockoff\n>p1 move dracometeor\n>p2 move leechseed\n>chat \u2606HighTierAngel|!dt sap sipper\n>chat \u2606HighTierAngel|Goodra ability\n>p1 move heavyslam\n>p2 move energyball\n>p2 switch 5\n>p1 move heavyslam\n>p2 move stoneedge\n>p1 switch 4\n>p2 move earthquake\n>p1 move drainpunch\n>p2 switch 2\n>chat \u2606HighTierAngel|WWWW\n>chat \u2606HighTierAngel|crazy predict\n>chat \u2606HighTierAngel|Ghost types immune to fighting \n>p1 move knockoff\n>p2 move torchsong\n>p1 move knockoff\n>p2 move willowisp\n>p1 move knockoff\n>p2 switch 2\n>p1 move bulkup\n>p2 move dragontail\n>p1 move darkpulse\n>p2 move stoneedge\n>chat \u2606HighTierAngel|rip\n>p1 switch 2\n>p1 move drainpunch\n>p2 move dragontail\n>p2 switch 2\n>p1 move knockoff\n>p2 move willowisp\n>p2 switch 3\n>p1 move bulkup\n>p2 move poisonjab\n>p1 move knockoff\n>p2 move dragondance\n>p1 move drainpunch\n>p2 move knockoff\n>p1 move drainpunch\n>p2 move drainpunch\n>chat \u2606HighTierAngel|Good job\n>chat \u2606HighTierAngel|U got my monkey\n>p1 switch 4\n>p1 move dragontail\n>p2 move drainpunch\n>chat \u2606HighTierAngel|Even game\n>chat \u2606HighTierAngel|3v3\n>chat \u2606HighTierAngel|Is what it looks like right \n>chat \u2606HighTierAngel|But you are ahead rn\n>p1 switch 6\n>p1 move coil\n>p2 move drainpunch\n>p1 move coil\n>p2 move knockoff\n>p1 move drainpunch\n>p2 move poisonjab\n>p1 move drainpunch\n>p2 move drainpunch\n>p2 switch 6\n>p1 move drainpunch\n>p2 move closecombat\n>p1 switch 5\n>p1 move leafblade\n>p2 move crabhammer\n>p2 switch 4\n>p1 move swordsdance\n>p2 move moonblast\n>p1 move rockslide\n>p2 move protect\n>p1 move swordsdance\n>p2 move moonblast\n>p1 move rockslide\n>p2 move moonblast\n>p1 switch 3\n>p1 move powerwhip\n>p2 move protect\n>p1 move superpower\n>p2 move moonblast", "uploadtime": 1781430912, "views": 22, "formatid": "gen9randombattle", "rating": null, "private": 0, "password": null}