{"id": "gen9randombattle-2632014697", "format": "[Gen 9] Random Battle", "players": ["JaviC04", "cuerodeolancho"], "log": "|j|\u2606JaviC04\n|j|\u2606cuerodeolancho\n|t:|1781466092\n|gametype|singles\n|player|p1|JaviC04|artist|2008\n|player|p2|cuerodeolancho|janitor|2174\n|gen|9\n|tier|[Gen 9] Random Battle\n|rated|\n|rule|Species Clause: Limit one of each Pok\u00e9mon\n|rule|HP Percentage Mod: HP is shown in percentages\n|rule|Sleep Clause Mod: Limit one foe put to sleep\n|rule|Illusion Level Mod: Illusion disguises the Pok\u00e9mon's true level\n|\n|t:|1781466092\n|teamsize|p1|6\n|teamsize|p2|6\n|start\n|switch|p1a: Ambipom|Ambipom, L84, F|263/263\n|switch|p2a: Dodrio|Dodrio, L85, M|241/241\n|turn|1\n|inactive|Battle timer is ON: inactive players will automatically lose when time's up. (requested by cuerodeolancho)\n|inactive|JaviC04 also wants the timer to be on.\n|\n|t:|1781466116\n|switch|p2a: Skeledirge|Skeledirge, L79, F|294/294\n|move|p1a: Ambipom|Triple Axel|p2a: Skeledirge\n|-resisted|p2a: Skeledirge\n|-damage|p2a: Skeledirge|279/294\n|-resisted|p2a: Skeledirge\n|-damage|p2a: Skeledirge|247/294\n|-resisted|p2a: Skeledirge\n|-damage|p2a: Skeledirge|203/294\n|-hitcount|p2a: Skeledirge|3\n|\n|upkeep\n|turn|2\n|\n|t:|1781466130\n|switch|p1a: Blissey|Blissey, L85, F|572/572\n|move|p2a: Skeledirge|Slack Off|p2a: Skeledirge\n|-heal|p2a: Skeledirge|294/294\n|\n|upkeep\n|turn|3\n|\n|t:|1781466136\n|switch|p2a: Dodrio|Dodrio, L85, M|241/241\n|move|p1a: Blissey|Thunder Wave|p2a: Dodrio|[miss]\n|-miss|p1a: Blissey|p2a: Dodrio\n|\n|upkeep\n|turn|4\n|\n|t:|1781466146\n|switch|p1a: Ambipom|Ambipom, L84, F|263/263\n|move|p2a: Dodrio|Brave Bird|p1a: Ambipom\n|-damage|p1a: Ambipom|79/263\n|-damage|p2a: Dodrio|180/241|[from] Recoil\n|\n|upkeep\n|turn|5\n|\n|t:|1781466150\n|move|p1a: Ambipom|Knock Off|p2a: Dodrio\n|-damage|p2a: Dodrio|58/241\n|-enditem|p2a: Dodrio|Heavy-Duty Boots|[from] move: Knock Off|[of] p1a: Ambipom\n|move|p2a: Dodrio|Brave Bird|p1a: Ambipom\n|-damage|p1a: Ambipom|0 fnt\n|faint|p1a: Ambipom\n|-damage|p2a: Dodrio|32/241|[from] Recoil\n|\n|upkeep\n|\n|t:|1781466158\n|switch|p1a: Sceptile|Sceptile, L87, F|264/264\n|turn|6\n|\n|t:|1781466162\n|move|p1a: Sceptile|Giga Drain|p2a: Dodrio\n|-resisted|p2a: Dodrio\n|-damage|p2a: Dodrio|0 fnt\n|faint|p2a: Dodrio\n|\n|upkeep\n|\n|t:|1781466169\n|switch|p2a: Dewgong|Dewgong, L94, F|322/322\n|turn|7\n|\n|t:|1781466174\n|move|p1a: Sceptile|Leech Seed|p2a: Dewgong\n|-start|p2a: Dewgong|move: Leech Seed\n|move|p2a: Dewgong|Encore|p1a: Sceptile\n|-start|p1a: Sceptile|Encore\n|\n|-damage|p2a: Dewgong|282/322|[from] Leech Seed|[of] p1a: Sceptile\n|upkeep\n|turn|8\n|\n|t:|1781466179\n|switch|p1a: Cryogonal|Cryogonal, L89|287/287\n|move|p2a: Dewgong|Ice Beam|p1a: Cryogonal\n|-resisted|p1a: Cryogonal\n|-damage|p1a: Cryogonal|254/287\n|\n|-damage|p2a: Dewgong|242/322|[from] Leech Seed|[of] p1a: Cryogonal\n|-heal|p1a: Cryogonal|287/287|[silent]\n|upkeep\n|turn|9\n|\n|t:|1781466186\n|switch|p2a: Scream Tail|Scream Tail, L84|330/330\n|move|p1a: Cryogonal|Freeze-Dry|p2a: Scream Tail\n|-damage|p2a: Scream Tail|260/330\n|\n|-heal|p2a: Scream Tail|280/330|[from] item: Leftovers\n|upkeep\n|turn|10\n|\n|t:|1781466191\n|move|p1a: Cryogonal|Flash Cannon|p2a: Scream Tail\n|-supereffective|p2a: Scream Tail\n|-damage|p2a: Scream Tail|178/330\n|move|p2a: Scream Tail|Encore|p1a: Cryogonal\n|-start|p1a: Cryogonal|Encore\n|\n|-heal|p2a: Scream Tail|198/330|[from] item: Leftovers\n|upkeep\n|turn|11\n|\n|t:|1781466194\n|move|p1a: Cryogonal|Flash Cannon|p2a: Scream Tail\n|-supereffective|p2a: Scream Tail\n|-damage|p2a: Scream Tail|100/330\n|-unboost|p2a: Scream Tail|spd|1\n|move|p2a: Scream Tail|Wish|p2a: Scream Tail\n|\n|-heal|p2a: Scream Tail|120/330|[from] item: Leftovers\n|upkeep\n|turn|12\n|\n|t:|1781466199\n|switch|p1a: Sceptile|Sceptile, L87, F|264/264\n|move|p2a: Scream Tail|Protect||[still]\n|-fail|p2a: Scream Tail\n|\n|-heal|p2a: Scream Tail|285/330|[from] move: Wish|[wisher] Scream Tail\n|-heal|p2a: Scream Tail|305/330|[from] item: Leftovers\n|upkeep\n|turn|13\n|\n|t:|1781466206\n|move|p1a: Sceptile|Giga Drain|p2a: Scream Tail\n|-damage|p2a: Scream Tail|194/330\n|move|p2a: Scream Tail|Wish|p2a: Scream Tail\n|\n|-heal|p2a: Scream Tail|214/330|[from] item: Leftovers\n|upkeep\n|turn|14\n|\n|t:|1781466215\n|-end|p2a: Scream Tail|Protosynthesis|[silent]\n|switch|p2a: Dewgong|Dewgong, L94, F|242/322\n|move|p1a: Sceptile|Leech Seed|p2a: Dewgong\n|-start|p2a: Dewgong|move: Leech Seed\n|\n|-heal|p2a: Dewgong|322/322|[from] move: Wish|[wisher] Scream Tail\n|-damage|p2a: Dewgong|282/322|[from] Leech Seed|[of] p1a: Sceptile\n|upkeep\n|turn|15\n|\n|t:|1781466225\n|switch|p2a: Scream Tail|Scream Tail, L84|214/330\n|move|p1a: Sceptile|Giga Drain|p2a: Scream Tail\n|-damage|p2a: Scream Tail|144/330\n|\n|-heal|p2a: Scream Tail|164/330|[from] item: Leftovers\n|upkeep\n|turn|16\n|\n|t:|1781466249\n|switch|p1a: Sylveon|Sylveon, L85, M|300/300\n|move|p2a: Scream Tail|Wish|p2a: Scream Tail\n|\n|-heal|p2a: Scream Tail|184/330|[from] item: Leftovers\n|upkeep\n|turn|17\n|\n|t:|1781466262\n|switch|p1a: Sceptile|Sceptile, L87, F|264/264\n|move|p2a: Scream Tail|Protect||[still]\n|-fail|p2a: Scream Tail\n|\n|-heal|p2a: Scream Tail|330/330|[from] move: Wish|[wisher] Scream Tail\n|upkeep\n|turn|18\n|\n|t:|1781466269\n|move|p1a: Sceptile|Leech Seed|p2a: Scream Tail\n|-start|p2a: Scream Tail|move: Leech Seed\n|move|p2a: Scream Tail|Encore|p1a: Sceptile\n|-start|p1a: Sceptile|Encore\n|\n|-damage|p2a: Scream Tail|289/330|[from] Leech Seed|[of] p1a: Sceptile\n|upkeep\n|turn|19\n|\n|t:|1781466294\n|switch|p1a: Lokix|Lokix, L82, F|251/251\n|move|p2a: Scream Tail|Wish|p2a: Scream Tail\n|\n|-heal|p2a: Scream Tail|309/330|[from] item: Leftovers\n|-damage|p2a: Scream Tail|268/330|[from] Leech Seed|[of] p1a: Lokix\n|upkeep\n|turn|20\n|\n|t:|1781466307\n|-end|p2a: Scream Tail|Protosynthesis|[silent]\n|switch|p2a: Dewgong|Dewgong, L94, F|282/322\n|move|p1a: Lokix|Knock Off|p2a: Dewgong\n|-damage|p2a: Dewgong|160/322\n|-enditem|p2a: Dewgong|Heavy-Duty Boots|[from] move: Knock Off|[of] p1a: Lokix\n|-damage|p1a: Lokix|226/251|[from] item: Life Orb\n|\n|-heal|p2a: Dewgong|322/322|[from] move: Wish|[wisher] Scream Tail\n|upkeep\n|turn|21\n|\n|t:|1781466316\n|switch|p1a: Cryogonal|Cryogonal, L89|287/287\n|move|p2a: Dewgong|Surf|p1a: Cryogonal\n|-damage|p1a: Cryogonal|220/287\n|\n|upkeep\n|turn|22\n|\n|t:|1781466321\n|move|p1a: Cryogonal|Flash Cannon|p2a: Dewgong\n|-damage|p2a: Dewgong|267/322\n|move|p2a: Dewgong|Encore|p1a: Cryogonal\n|-start|p1a: Cryogonal|Encore\n|\n|upkeep\n|turn|23\n|\n|t:|1781466324\n|move|p1a: Cryogonal|Flash Cannon|p2a: Dewgong\n|-damage|p2a: Dewgong|218/322\n|move|p2a: Dewgong|Knock Off|p1a: Cryogonal\n|-damage|p1a: Cryogonal|129/287\n|-enditem|p1a: Cryogonal|Heavy-Duty Boots|[from] move: Knock Off|[of] p2a: Dewgong\n|\n|upkeep\n|turn|24\n|\n|t:|1781466337\n|switch|p1a: Blissey|Blissey, L85, F|572/572\n|move|p2a: Dewgong|Knock Off|p1a: Blissey\n|-damage|p1a: Blissey|380/572\n|-enditem|p1a: Blissey|Leftovers|[from] move: Knock Off|[of] p2a: Dewgong\n|\n|upkeep\n|turn|25\n|\n|t:|1781466350\n|move|p2a: Dewgong|Knock Off|p1a: Blissey\n|-damage|p1a: Blissey|244/572\n|move|p1a: Blissey|Thunder Wave|p2a: Dewgong\n|-status|p2a: Dewgong|par\n|\n|upkeep\n|turn|26\n|\n|t:|1781466354\n|move|p1a: Blissey|Stealth Rock|p2a: Dewgong\n|-sidestart|p2: cuerodeolancho|move: Stealth Rock\n|move|p2a: Dewgong|Encore|p1a: Blissey\n|-start|p1a: Blissey|Encore\n|\n|upkeep\n|turn|27\n|\n|t:|1781466367\n|switch|p1a: Cryogonal|Cryogonal, L89|129/287\n|switch|p2a: Skeledirge|Skeledirge, L79, F|294/294\n|\n|upkeep\n|turn|28\n|\n|t:|1781466372\n|switch|p1a: Blissey|Blissey, L85, F|244/572\n|move|p2a: Skeledirge|Flame Charge|p1a: Blissey\n|-damage|p1a: Blissey|127/572\n|-boost|p2a: Skeledirge|spe|1\n|\n|upkeep\n|turn|29\n|\n|t:|1781466391\n|switch|p2a: Tsareena|Tsareena, L87, F|267/267\n|-damage|p2a: Tsareena|234/267|[from] Stealth Rock\n|move|p1a: Blissey|Thunder Wave|p2a: Tsareena\n|-status|p2a: Tsareena|par\n|\n|upkeep\n|turn|30\n|\n|t:|1781466397\n|switch|p1a: Lokix|Lokix, L82, F|226/251\n|move|p2a: Tsareena|Knock Off|p1a: Lokix\n|-resisted|p1a: Lokix\n|-damage|p1a: Lokix|168/251\n|-enditem|p1a: Lokix|Life Orb|[from] move: Knock Off|[of] p2a: Tsareena\n|-damage|p2a: Tsareena|208/267 par|[from] item: Life Orb\n|\n|upkeep\n|turn|31\n|\n|t:|1781466400\n|move|p1a: Lokix|Swords Dance|p1a: Lokix\n|-boost|p1a: Lokix|atk|2\n|move|p2a: Tsareena|High Jump Kick|p1a: Lokix\n|-damage|p1a: Lokix|0 fnt\n|faint|p1a: Lokix\n|-damage|p2a: Tsareena|182/267 par|[from] item: Life Orb\n|\n|upkeep\n|\n|t:|1781466412\n|switch|p1a: Cryogonal|Cryogonal, L89|129/287\n|turn|32\n|\n|t:|1781466414\n|switch|p2a: Dewgong|Dewgong, L94, F|218/322 par\n|-damage|p2a: Dewgong|138/322 par|[from] Stealth Rock\n|move|p1a: Cryogonal|Freeze-Dry|p2a: Dewgong\n|-damage|p2a: Dewgong|101/322 par\n|\n|upkeep\n|turn|33\n|\n|t:|1781466417\n|move|p1a: Cryogonal|Freeze-Dry|p2a: Dewgong\n|-damage|p2a: Dewgong|64/322 par\n|move|p2a: Dewgong|Encore|p1a: Cryogonal\n|-start|p1a: Cryogonal|Encore\n|\n|upkeep\n|turn|34\n|\n|t:|1781466422\n|move|p1a: Cryogonal|Freeze-Dry|p2a: Dewgong\n|-damage|p2a: Dewgong|27/322 par\n|move|p2a: Dewgong|Surf|p1a: Cryogonal\n|-damage|p1a: Cryogonal|63/287\n|\n|upkeep\n|turn|35\n|\n|t:|1781466425\n|move|p1a: Cryogonal|Freeze-Dry|p2a: Dewgong\n|-damage|p2a: Dewgong|0 fnt\n|faint|p2a: Dewgong\n|\n|upkeep\n|\n|t:|1781466429\n|switch|p2a: Skeledirge|Skeledirge, L79, F|294/294\n|turn|36\n|\n|t:|1781466431\n|move|p1a: Cryogonal|Freeze-Dry|p2a: Skeledirge\n|-resisted|p2a: Skeledirge\n|-damage|p2a: Skeledirge|243/294\n|move|p2a: Skeledirge|Flame Charge|p1a: Cryogonal\n|-supereffective|p1a: Cryogonal\n|-damage|p1a: Cryogonal|0 fnt\n|-boost|p2a: Skeledirge|spe|1\n|faint|p1a: Cryogonal\n|\n|upkeep\n|\n|t:|1781466438\n|switch|p1a: Sylveon|Sylveon, L85, M|300/300\n|turn|37\n|\n|t:|1781466442\n|move|p2a: Skeledirge|Torch Song|p1a: Sylveon\n|-damage|p1a: Sylveon|236/300\n|-boost|p2a: Skeledirge|spa|1\n|move|p1a: Sylveon|Hyper Voice|p2a: Skeledirge\n|-resisted|p2a: Skeledirge\n|-damage|p2a: Skeledirge|162/294\n|\n|-heal|p1a: Sylveon|254/300|[from] item: Leftovers\n|upkeep\n|turn|38\n|-message|JaviC04 forfeited.\n|\n|win|cuerodeolancho\n", "inputlog": ">version a8376a258c1d4662feba110a92103f3664a72141\n>start {\"formatid\":\"gen9randombattle\",\"seed\":\"sodium,809cbf06a3b1f55f536431ec2d58f1c9\",\"rated\":\"Rated battle\"}\n>player p1 {\"name\":\"JaviC04\",\"avatar\":\"artist\",\"rating\":2008,\"seed\":\"sodium,62586185c37f90bc738fab9fc5521316\"}\n>player p2 {\"name\":\"cuerodeolancho\",\"avatar\":\"janitor\",\"rating\":2174,\"seed\":\"sodium,f46a3658eb4bae5696eb9f6845edb649\"}\n>p1 move tripleaxel\n>p2 switch 4\n>p1 switch 2\n>p2 move slackoff\n>p1 move thunderwave\n>p2 switch 4\n>p1 switch 2\n>p2 move bravebird\n>p1 move knockoff\n>p2 move bravebird\n>p1 switch 6\n>p1 move gigadrain\n>p2 move bravebird\n>p2 switch 2\n>p1 move leechseed\n>p2 move encore\n>p1 switch 3\n>p2 move icebeam\n>p1 move freezedry\n>p2 switch 5\n>p1 move flashcannon\n>p2 move encore\n>p1 move flashcannon\n>p2 move wish\n>p1 switch 3\n>p2 move protect\n>p1 move gigadrain\n>p2 move wish\n>p1 move leechseed\n>p2 switch 5\n>p1 move gigadrain\n>p2 switch 5\n>p1 switch 4\n>p2 move wish\n>p1 switch 4\n>p2 move protect\n>p1 move leechseed\n>p2 move encore\n>p1 switch 5\n>p2 move wish\n>p1 move knockoff\n>p2 switch 5\n>p1 switch 3\n>p2 move surf\n>p1 move flashcannon\n>p2 move encore\n>p1 move flashcannon\n>p2 move knockoff\n>p1 switch 2\n>p2 move knockoff\n>p1 move thunderwave\n>p2 move knockoff\n>p1 move stealthrock\n>p2 move encore\n>p1 switch 2\n>p2 switch 4\n>p1 switch 2\n>p2 move flamecharge\n>p1 move thunderwave\n>p2 switch 6\n>p1 switch 3\n>p2 move knockoff\n>p1 move swordsdance\n>p2 move highjumpkick\n>p1 switch 2\n>p1 move freezedry\n>p2 switch 4\n>p1 move freezedry\n>p2 move encore\n>p1 move freezedry\n>p2 move surf\n>p1 move freezedry\n>p2 move surf\n>p2 switch 6\n>p1 move freezedry\n>p2 move flamecharge\n>p1 switch 4\n>p1 move hypervoice\n>p2 move torchsong\n>forcelose p1", "uploadtime": 1781466094, "views": 3, "formatid": "gen9randombattle", "rating": null, "private": 0, "password": null}