{"id": "gen9randombattle-2631761376", "format": "[Gen 9] Random Battle", "players": ["danmoses", "Lemongrab23"], "log": "|j|\u2606danmoses\n|j|\u2606Lemongrab23\n|t:|1781435473\n|gametype|singles\n|player|p1|danmoses|whitney|1907\n|player|p2|Lemongrab23|bruno|1888\n|gen|9\n|tier|[Gen 9] Random Battle\n|rated|\n|rule|Species Clause: Limit one of each Pok\u00e9mon\n|rule|HP Percentage Mod: HP is shown in percentages\n|rule|Sleep Clause Mod: Limit one foe put to sleep\n|rule|Illusion Level Mod: Illusion disguises the Pok\u00e9mon's true level\n|\n|t:|1781435473\n|teamsize|p1|6\n|teamsize|p2|6\n|start\n|switch|p1a: Iron Thorns|Iron Thorns, L83|302/302\n|switch|p2a: Salamence|Salamence, L77, F|273/273\n|turn|1\n|inactive|Battle timer is ON: inactive players will automatically lose when time's up. (requested by danmoses)\n|\n|t:|1781435480\n|switch|p2a: Ting-Lu|Ting-Lu, L78|370/370\n|-ability|p2a: Ting-Lu|Vessel of Ruin\n|move|p1a: Iron Thorns|Stone Edge|p2a: Ting-Lu\n|-resisted|p2a: Ting-Lu\n|-damage|p2a: Ting-Lu|318/370\n|\n|-heal|p2a: Ting-Lu|341/370|[from] item: Leftovers\n|upkeep\n|turn|2\n|\n|t:|1781435489\n|-end|p1a: Iron Thorns|Quark Drive|[silent]\n|switch|p1a: Zarude|Zarude-Dada, L77|288/288\n|move|p2a: Ting-Lu|Stealth Rock|p1a: Zarude\n|-sidestart|p1: danmoses|move: Stealth Rock\n|\n|-heal|p2a: Ting-Lu|364/370|[from] item: Leftovers\n|upkeep\n|turn|3\n|\n|t:|1781435493\n|switch|p2a: Comfey|Comfey, L85, M|225/225\n|move|p1a: Zarude|U-turn|p2a: Comfey\n|-resisted|p2a: Comfey\n|-damage|p2a: Comfey|189/225\n|\n|t:|1781435508\n|switch|p1a: Pincurchin|Pincurchin, F|258/258|[from] U-turn\n|-damage|p1a: Pincurchin|226/258|[from] Stealth Rock\n|-fieldstart|move: Electric Terrain|[from] ability: Electric Surge|[of] p1a: Pincurchin\n|\n|-heal|p2a: Comfey|203/225|[from] item: Leftovers\n|-heal|p1a: Pincurchin|242/258|[from] item: Leftovers\n|upkeep\n|turn|4\n|\n|t:|1781435517\n|move|p2a: Comfey|Taunt|p1a: Pincurchin\n|-start|p1a: Pincurchin|move: Taunt\n|move|p1a: Pincurchin|Zing Zap|p2a: Comfey\n|-damage|p2a: Comfey|56/225\n|\n|-heal|p2a: Comfey|70/225|[from] item: Leftovers\n|-heal|p1a: Pincurchin|258/258|[from] item: Leftovers\n|upkeep\n|turn|5\n|\n|t:|1781435523\n|switch|p2a: Ting-Lu|Ting-Lu, L78|364/370\n|-ability|p2a: Ting-Lu|Vessel of Ruin\n|move|p1a: Pincurchin|Liquidation|p2a: Ting-Lu\n|-supereffective|p2a: Ting-Lu\n|-damage|p2a: Ting-Lu|210/370\n|\n|-heal|p2a: Ting-Lu|233/370|[from] item: Leftovers\n|upkeep\n|turn|6\n|\n|t:|1781435529\n|move|p2a: Ting-Lu|Earthquake|p1a: Pincurchin\n|-supereffective|p1a: Pincurchin\n|-damage|p1a: Pincurchin|106/258\n|move|p1a: Pincurchin|Liquidation|p2a: Ting-Lu\n|-supereffective|p2a: Ting-Lu\n|-damage|p2a: Ting-Lu|85/370\n|\n|-heal|p2a: Ting-Lu|108/370|[from] item: Leftovers\n|-heal|p1a: Pincurchin|122/258|[from] item: Leftovers\n|-end|p1a: Pincurchin|move: Taunt\n|upkeep\n|turn|7\n|\n|t:|1781435533\n|move|p2a: Ting-Lu|Earthquake|p1a: Pincurchin\n|-supereffective|p1a: Pincurchin\n|-damage|p1a: Pincurchin|0 fnt\n|faint|p1a: Pincurchin\n|\n|-heal|p2a: Ting-Lu|131/370|[from] item: Leftovers\n|-fieldend|move: Electric Terrain\n|upkeep\n|\n|t:|1781435540\n|switch|p1a: Heracross|Heracross, L80, F|259/259\n|-damage|p1a: Heracross|227/259|[from] Stealth Rock\n|turn|8\n|\n|t:|1781435550\n|switch|p2a: Comfey|Comfey, L85, M|70/225\n|move|p1a: Heracross|Close Combat|p2a: Comfey\n|-resisted|p2a: Comfey\n|-damage|p2a: Comfey|0 fnt\n|-unboost|p1a: Heracross|def|1\n|-unboost|p1a: Heracross|spd|1\n|faint|p2a: Comfey\n|-ability|p1a: Heracross|Moxie|boost\n|-boost|p1a: Heracross|atk|1\n|\n|upkeep\n|\n|t:|1781435557\n|switch|p2a: Salamence|Salamence, L77, F|273/273\n|turn|9\n|\n|t:|1781435564\n|switch|p1a: Crabominable|Crabominable, L90, M|321/321\n|-damage|p1a: Crabominable|281/321|[from] Stealth Rock\n|move|p2a: Salamence|Dragon Dance|p2a: Salamence\n|-boost|p2a: Salamence|atk|1\n|-boost|p2a: Salamence|spe|1\n|\n|upkeep\n|turn|10\n|\n|t:|1781435570\n|move|p2a: Salamence|Dual Wingbeat|p1a: Crabominable\n|-supereffective|p1a: Crabominable\n|-damage|p1a: Crabominable|147/321\n|-supereffective|p1a: Crabominable\n|-damage|p1a: Crabominable|0 fnt\n|faint|p1a: Crabominable\n|-ability|p2a: Salamence|Moxie|boost\n|-boost|p2a: Salamence|atk|1\n|-hitcount|p1: Crabominable|2\n|\n|upkeep\n|inactive|danmoses has 120 seconds left.\n|\n|t:|1781435607\n|switch|p1a: Iron Thorns|Iron Thorns, L83|302/302\n|turn|11\n|\n|t:|1781435616\n|-terastallize|p2a: Salamence|Ground\n|-terastallize|p1a: Iron Thorns|Water\n|move|p2a: Salamence|Earthquake|p1a: Iron Thorns\n|-damage|p1a: Iron Thorns|92/302\n|move|p1a: Iron Thorns|Stone Edge|p2a: Salamence\n|-resisted|p2a: Salamence\n|-damage|p2a: Salamence|201/273\n|\n|upkeep\n|turn|12\n|inactive|danmoses has 120 seconds left.\n|\n|t:|1781435639\n|-end|p1a: Iron Thorns|Quark Drive|[silent]\n|switch|p1a: Zarude|Zarude-Dada, L77|288/288\n|-damage|p1a: Zarude|252/288|[from] Stealth Rock\n|move|p2a: Salamence|Dual Wingbeat|p1a: Zarude|[miss]\n|-miss|p2a: Salamence|p1a: Zarude\n|\n|upkeep\n|turn|13\n|\n|t:|1781435643\n|move|p2a: Salamence|Dual Wingbeat|p1a: Zarude\n|-supereffective|p1a: Zarude\n|-damage|p1a: Zarude|70/288\n|-supereffective|p1a: Zarude\n|-damage|p1a: Zarude|0 fnt\n|faint|p1a: Zarude\n|-ability|p2a: Salamence|Moxie|boost\n|-boost|p2a: Salamence|atk|1\n|-hitcount|p1: Zarude|2\n|\n|upkeep\n|\n|t:|1781435649\n|switch|p1a: Vaporeon|Vaporeon, L86, F|364/364\n|-damage|p1a: Vaporeon|319/364|[from] Stealth Rock\n|turn|14\n|\n|t:|1781435654\n|move|p1a: Vaporeon|Protect|p1a: Vaporeon\n|-singleturn|p1a: Vaporeon|Protect\n|move|p2a: Salamence|Earthquake|p1a: Vaporeon\n|-activate|p1a: Vaporeon|move: Protect\n|\n|-heal|p1a: Vaporeon|341/364|[from] item: Leftovers\n|upkeep\n|turn|15\n|\n|t:|1781435660\n|move|p2a: Salamence|Earthquake|p1a: Vaporeon\n|-damage|p1a: Vaporeon|0 fnt\n|faint|p1a: Vaporeon\n|-ability|p2a: Salamence|Moxie|boost\n|-boost|p2a: Salamence|atk|1\n|\n|upkeep\n|-message|danmoses forfeited.\n|\n|win|Lemongrab23\n|raw|danmoses's rating: 1907 &rarr; <strong>1886</strong><br />(-21 for losing)\n|raw|Lemongrab23's rating: 1888 &rarr; <strong>1909</strong><br />(+21 for winning)\n|l|\u2606danmoses\n|player|p1|\n", "inputlog": ">version a8376a258c1d4662feba110a92103f3664a72141\n>start {\"formatid\":\"gen9randombattle\",\"seed\":\"sodium,8f356941d0e4b1159a924615d5974657\",\"rated\":\"Rated battle\"}\n>player p1 {\"name\":\"danmoses\",\"avatar\":\"whitney\",\"rating\":1907,\"seed\":\"sodium,1b1e8ca4ee420ee09e74f5a0c7c0207a\"}\n>player p2 {\"name\":\"Lemongrab23\",\"avatar\":\"bruno\",\"rating\":1888,\"seed\":\"sodium,493d6af3a104348919680cd7cb0f71fa\"}\n>p1 move stoneedge\n>p2 switch 4\n>p1 switch 2\n>p2 move stealthrock\n>p1 move uturn\n>p2 switch 3\n>p1 switch 6\n>p1 move zingzap\n>p2 move taunt\n>p1 move liquidation\n>p2 switch 3\n>p1 move liquidation\n>p2 move earthquake\n>p1 move liquidation\n>p2 move earthquake\n>p1 switch 4\n>p1 move closecombat\n>p2 switch 3\n>p2 switch 4\n>p1 switch 3\n>p2 move dragondance\n>p1 move icehammer\n>p2 move dualwingbeat\n>p1 switch 2\n>p1 move stoneedge terastallize\n>p2 move earthquake terastallize\n>p1 switch 6\n>p2 move dualwingbeat\n>p1 move powerwhip\n>p2 move dualwingbeat\n>p1 switch 5\n>p1 move protect\n>p2 move earthquake\n>p1 move scald\n>p2 move earthquake\n>forcelose p1", "uploadtime": 1781435665, "views": 6, "formatid": "gen9randombattle", "rating": 1886, "private": 0, "password": null}