{"id": "gen9randombattle-2631971856", "format": "[Gen 9] Random Battle", "players": ["randomdude8876", "lkj47"], "log": "|j|\u2606randomdude8876\n|j|\u2606lkj47\n|t:|1781461400\n|gametype|singles\n|player|p1|randomdude8876|hiker-gen4|1966\n|player|p2|lkj47|hilbert|1915\n|gen|9\n|tier|[Gen 9] Random Battle\n|rated|\n|rule|Species Clause: Limit one of each Pok\u00e9mon\n|rule|HP Percentage Mod: HP is shown in percentages\n|rule|Sleep Clause Mod: Limit one foe put to sleep\n|rule|Illusion Level Mod: Illusion disguises the Pok\u00e9mon's true level\n|\n|t:|1781461400\n|teamsize|p1|6\n|teamsize|p2|6\n|start\n|switch|p1a: Misdreavus|Misdreavus, L90, F|254/254\n|switch|p2a: Hitmonchan|Hitmonchan, L87, M|229/229\n|turn|1\n|inactive|Battle timer is ON: inactive players will automatically lose when time's up. (requested by randomdude8876)\n|\n|t:|1781461409\n|move|p1a: Misdreavus|Will-O-Wisp|p2a: Hitmonchan\n|-status|p2a: Hitmonchan|brn\n|move|p2a: Hitmonchan|Knock Off|p1a: Misdreavus\n|-supereffective|p1a: Misdreavus\n|-damage|p1a: Misdreavus|177/254\n|-enditem|p1a: Misdreavus|Eviolite|[from] move: Knock Off|[of] p2a: Hitmonchan\n|-damage|p2a: Hitmonchan|207/229 brn|[from] item: Life Orb\n|\n|-damage|p2a: Hitmonchan|193/229 brn|[from] brn\n|upkeep\n|turn|2\n|\n|t:|1781461419\n|switch|p2a: Meowstic|Meowstic, L89, M|277/277\n|move|p1a: Misdreavus|Calm Mind|p1a: Misdreavus\n|-boost|p1a: Misdreavus|spa|1\n|-boost|p1a: Misdreavus|spd|1\n|\n|upkeep\n|turn|3\n|\n|t:|1781461423\n|move|p2a: Meowstic|Thunder Wave|p1a: Misdreavus\n|-status|p1a: Misdreavus|par\n|move|p1a: Misdreavus|Shadow Ball|p2a: Meowstic\n|-supereffective|p2a: Meowstic\n|-damage|p2a: Meowstic|31/277\n|\n|upkeep\n|turn|4\n|\n|t:|1781461431\n|switch|p2a: Spidops|Spidops, L96, M|271/271\n|move|p1a: Misdreavus|Draining Kiss|p2a: Spidops\n|-damage|p2a: Spidops|225/271\n|-heal|p1a: Misdreavus|212/254 par|[from] drain|[of] p2a: Spidops\n|\n|upkeep\n|turn|5\n|\n|t:|1781461440\n|move|p2a: Spidops|Sticky Web|p1a: Misdreavus\n|-sidestart|p1: randomdude8876|move: Sticky Web\n|move|p1a: Misdreavus|Calm Mind|p1a: Misdreavus\n|-boost|p1a: Misdreavus|spa|1\n|-boost|p1a: Misdreavus|spd|1\n|\n|upkeep\n|turn|6\n|\n|t:|1781461447\n|move|p2a: Spidops|Knock Off|p1a: Misdreavus\n|-supereffective|p1a: Misdreavus\n|-damage|p1a: Misdreavus|92/254 par\n|move|p1a: Misdreavus|Calm Mind|p1a: Misdreavus\n|-boost|p1a: Misdreavus|spa|1\n|-boost|p1a: Misdreavus|spd|1\n|\n|upkeep\n|turn|7\n|\n|t:|1781461452\n|-terastallize|p1a: Misdreavus|Fairy\n|move|p2a: Spidops|Knock Off|p1a: Misdreavus\n|-resisted|p1a: Misdreavus\n|-damage|p1a: Misdreavus|63/254 par\n|move|p1a: Misdreavus|Draining Kiss|p2a: Spidops\n|-damage|p2a: Spidops|75/271\n|-heal|p1a: Misdreavus|176/254 par|[from] drain|[of] p2a: Spidops\n|\n|upkeep\n|turn|8\n|\n|t:|1781461456\n|move|p2a: Spidops|Toxic Spikes|p1a: Misdreavus\n|-sidestart|p1: randomdude8876|move: Toxic Spikes\n|cant|p1a: Misdreavus|par\n|\n|upkeep\n|turn|9\n|\n|t:|1781461459\n|cant|p1a: Misdreavus|par\n|move|p2a: Spidops|Circle Throw|p1a: Misdreavus\n|-resisted|p1a: Misdreavus\n|-damage|p1a: Misdreavus|147/254 par\n|drag|p1a: Ludicolo|Ludicolo, L90, F|290/290\n|-activate|p1a: Ludicolo|move: Sticky Web\n|-unboost|p1a: Ludicolo|spe|1\n|-status|p1a: Ludicolo|psn\n|\n|-damage|p1a: Ludicolo|254/290 psn|[from] psn\n|upkeep\n|turn|10\n|\n|t:|1781461468\n|move|p2a: Spidops|Knock Off|p1a: Ludicolo\n|-damage|p1a: Ludicolo|175/290 psn\n|-enditem|p1a: Ludicolo|Life Orb|[from] move: Knock Off|[of] p2a: Spidops\n|move|p1a: Ludicolo|Hydro Pump|p2a: Spidops\n|-damage|p2a: Spidops|0 fnt\n|faint|p2a: Spidops\n|\n|-damage|p1a: Ludicolo|139/290 psn|[from] psn\n|upkeep\n|\n|t:|1781461475\n|switch|p2a: Vivillon|Vivillon-Sun, L83, M|268/268\n|turn|11\n|\n|t:|1781461480\n|move|p2a: Vivillon|Hurricane|p1a: Ludicolo\n|-supereffective|p1a: Ludicolo\n|-damage|p1a: Ludicolo|0 fnt\n|faint|p1a: Ludicolo\n|\n|upkeep\n|\n|t:|1781461483\n|switch|p1a: Swanna|Swanna, L89, F|278/278\n|turn|12\n|\n|t:|1781461486\n|move|p1a: Swanna|Brave Bird|p2a: Vivillon\n|-supereffective|p2a: Vivillon\n|-damage|p2a: Vivillon|0 fnt\n|faint|p2a: Vivillon\n|-damage|p1a: Swanna|190/278|[from] Recoil\n|\n|upkeep\n|\n|t:|1781461494\n|switch|p2a: Feraligatr|Feraligatr, L79, M|264/264\n|turn|13\n|\n|t:|1781461504\n|move|p1a: Swanna|Defog|p2a: Feraligatr\n|-unboost|p2a: Feraligatr|evasion|1\n|-sideend|p1: randomdude8876|Toxic Spikes|[from] move: Defog|[of] p1a: Swanna\n|-sideend|p1: randomdude8876|Sticky Web|[from] move: Defog|[of] p1a: Swanna\n|move|p2a: Feraligatr|Dragon Dance|p2a: Feraligatr\n|-boost|p2a: Feraligatr|atk|1\n|-boost|p2a: Feraligatr|spe|1\n|\n|upkeep\n|turn|14\n|\n|t:|1781461511\n|move|p2a: Feraligatr|Liquidation|p1a: Swanna\n|-resisted|p1a: Swanna\n|-damage|p1a: Swanna|50/278\n|move|p1a: Swanna|Brave Bird|p2a: Feraligatr\n|-damage|p2a: Feraligatr|135/264\n|-damage|p1a: Swanna|7/278|[from] Recoil\n|\n|upkeep\n|turn|15\n|\n|t:|1781461514\n|move|p2a: Feraligatr|Liquidation|p1a: Swanna\n|-resisted|p1a: Swanna\n|-damage|p1a: Swanna|0 fnt\n|faint|p1a: Swanna\n|\n|upkeep\n|\n|t:|1781461520\n|switch|p1a: Dachsbun|Dachsbun, L92, F|254/254\n|turn|16\n|\n|t:|1781461526\n|move|p2a: Feraligatr|Liquidation|p1a: Dachsbun\n|-damage|p1a: Dachsbun|81/254\n|move|p1a: Dachsbun|Yawn|p2a: Feraligatr\n|-start|p2a: Feraligatr|move: Yawn|[of] p1a: Dachsbun\n|\n|-heal|p1a: Dachsbun|96/254|[from] item: Leftovers\n|upkeep\n|turn|17\n|\n|t:|1781461534\n|move|p1a: Dachsbun|Protect|p1a: Dachsbun\n|-singleturn|p1a: Dachsbun|Protect\n|move|p2a: Feraligatr|Liquidation|p1a: Dachsbun\n|-activate|p1a: Dachsbun|move: Protect\n|\n|-heal|p1a: Dachsbun|111/254|[from] item: Leftovers\n|-end|p2a: Feraligatr|move: Yawn|[silent]\n|-status|p2a: Feraligatr|slp\n|upkeep\n|turn|18\n|\n|t:|1781461537\n|-terastallize|p2a: Feraligatr|Steel\n|cant|p2a: Feraligatr|slp\n|move|p1a: Dachsbun|Play Rough|p2a: Feraligatr\n|-resisted|p2a: Feraligatr\n|-damage|p2a: Feraligatr|90/264 slp\n|\n|-heal|p1a: Dachsbun|126/254|[from] item: Leftovers\n|upkeep\n|turn|19\n|\n|t:|1781461554\n|-curestatus|p2a: Feraligatr|slp|[msg]\n|move|p2a: Feraligatr|Liquidation|p1a: Dachsbun\n|-damage|p1a: Dachsbun|0 fnt\n|faint|p1a: Dachsbun\n|\n|upkeep\n|\n|t:|1781461561\n|switch|p1a: Latios|Latios, L78, M|253/253\n|turn|20\n|\n|t:|1781461563\n|move|p2a: Feraligatr|Crunch|p1a: Latios\n|-supereffective|p1a: Latios\n|-damage|p1a: Latios|0 fnt\n|faint|p1a: Latios\n|\n|upkeep\n|\n|t:|1781461566\n|switch|p1a: Flygon|Flygon, L82, M|265/265\n|turn|21\n|\n|t:|1781461572\n|move|p2a: Feraligatr|Ice Punch|p1a: Flygon\n|-supereffective|p1a: Flygon\n|-damage|p1a: Flygon|0 fnt\n|faint|p1a: Flygon\n|\n|upkeep\n|-message|randomdude8876 forfeited.\n|\n|win|lkj47\n", "inputlog": ">version a8376a258c1d4662feba110a92103f3664a72141\n>start {\"formatid\":\"gen9randombattle\",\"seed\":\"sodium,c721b5ae3dc0bfc9590396568cb2229d\",\"rated\":\"Rated battle\"}\n>player p1 {\"name\":\"randomdude8876\",\"avatar\":\"hiker-gen4\",\"rating\":1966,\"seed\":\"sodium,3cc72198b4d1594bc353c3338eb8210f\"}\n>player p2 {\"name\":\"lkj47\",\"avatar\":\"hilbert\",\"rating\":1915,\"seed\":\"sodium,93983770fbf1110d33d18ad096236608\"}\n>p1 move willowisp\n>p2 move knockoff\n>p1 move calmmind\n>p2 switch 5\n>p1 move shadowball\n>p2 move thunderwave\n>p1 move drainingkiss\n>p2 switch 4\n>p1 move calmmind\n>p2 move stickyweb\n>p1 move calmmind\n>p2 move knockoff\n>p1 move drainingkiss terastallize\n>p2 move knockoff\n>p1 move drainingkiss\n>p2 move toxicspikes\n>p1 move drainingkiss\n>p2 move circlethrow\n>p1 move hydropump\n>p2 move knockoff\n>p2 switch 6\n>p1 move icebeam\n>p2 move hurricane\n>p1 switch 2\n>p1 move bravebird\n>p2 move quiverdance\n>p2 switch 3\n>p1 move defog\n>p2 move dragondance\n>p1 move bravebird\n>p2 move liquidation\n>p1 move bravebird\n>p2 move liquidation\n>p1 switch 6\n>p1 move yawn\n>p2 move liquidation\n>p1 move protect\n>p2 move liquidation\n>p1 move playrough\n>p2 move liquidation terastallize\n>p1 move wish\n>p2 move liquidation\n>p1 switch 3\n>p1 move aurasphere\n>p2 move crunch\n>p1 switch 5\n>p1 move dragondance\n>p2 move icepunch\n>forcelose p1", "uploadtime": 1781461402, "views": 4, "formatid": "gen9randombattle", "rating": null, "private": 0, "password": null}