{"id": "gen9randombattle-2631618844", "format": "[Gen 9] Random Battle", "players": ["Kool Kiddo", "Flappell Roan"], "log": "|j|\u2606Kool Kiddo\n|j|\u2606Flappell Roan\n|t:|1781409768\n|gametype|singles\n|player|p1|Kool Kiddo|hilbert|2007\n|player|p2|Flappell Roan|skyla|1945\n|gen|9\n|tier|[Gen 9] Random Battle\n|rated|\n|rule|Species Clause: Limit one of each Pok\u00e9mon\n|rule|HP Percentage Mod: HP is shown in percentages\n|rule|Sleep Clause Mod: Limit one foe put to sleep\n|rule|Illusion Level Mod: Illusion disguises the Pok\u00e9mon's true level\n|\n|t:|1781409768\n|teamsize|p1|6\n|teamsize|p2|6\n|start\n|switch|p1a: Exeggutor|Exeggutor-Alola, L89, M|314/314\n|switch|p2a: Spidops|Spidops, L96, F|271/271\n|turn|1\n|inactive|Battle timer is ON: inactive players will automatically lose when time's up. (requested by Kool Kiddo)\n|\n|t:|1781409782\n|move|p1a: Exeggutor|Flamethrower|p2a: Spidops\n|-supereffective|p2a: Spidops\n|-damage|p2a: Spidops|109/271\n|move|p2a: Spidops|Sticky Web|p1a: Exeggutor\n|-sidestart|p1: Kool Kiddo|move: Sticky Web\n|\n|upkeep\n|turn|2\n|\n|t:|1781409790\n|switch|p2a: Clefable|Clefable, L83, F|293/293\n|move|p1a: Exeggutor|Flamethrower|p2a: Clefable\n|-damage|p2a: Clefable|202/293\n|\n|-heal|p2a: Clefable|220/293|[from] item: Leftovers\n|upkeep\n|turn|3\n|\n|t:|1781409799\n|switch|p1a: Torkoal|Torkoal, L88, F|266/266\n|-weather|SunnyDay|[from] ability: Drought|[of] p1a: Torkoal\n|move|p2a: Clefable|Moonblast|p1a: Torkoal\n|-resisted|p1a: Torkoal\n|-damage|p1a: Torkoal|214/266\n|\n|-weather|SunnyDay|[upkeep]\n|-heal|p2a: Clefable|238/293|[from] item: Leftovers\n|upkeep\n|turn|4\n|\n|t:|1781409810\n|switch|p2a: Pecharunt|Pecharunt, L77|262/262\n|move|p1a: Torkoal|Rapid Spin|p2a: Pecharunt\n|-immune|p2a: Pecharunt\n|\n|-weather|SunnyDay|[upkeep]\n|upkeep\n|turn|5\n|\n|t:|1781409820\n|switch|p1a: Perrserker|Perrserker, L89, M|269/269\n|-activate|p1a: Perrserker|move: Sticky Web\n|-unboost|p1a: Perrserker|spe|1\n|move|p2a: Pecharunt|Malignant Chain|p1a: Perrserker\n|-immune|p1a: Perrserker\n|\n|-weather|SunnyDay|[upkeep]\n|upkeep\n|turn|6\n|\n|t:|1781409829\n|switch|p2a: Clefable|Clefable, L83, F|238/293\n|move|p1a: Perrserker|Stealth Rock|p2a: Clefable\n|-sidestart|p2: Flappell Roan|move: Stealth Rock\n|\n|-weather|SunnyDay|[upkeep]\n|-heal|p2a: Clefable|256/293|[from] item: Leftovers\n|upkeep\n|turn|7\n|\n|t:|1781409837\n|move|p2a: Clefable|Fire Blast|p1a: Perrserker\n|-supereffective|p1a: Perrserker\n|-damage|p1a: Perrserker|0 fnt\n|faint|p1a: Perrserker\n|\n|-weather|none\n|-heal|p2a: Clefable|274/293|[from] item: Leftovers\n|upkeep\n|\n|t:|1781409844\n|switch|p1a: Oranguru|Oranguru, L92, F|315/315\n|-activate|p1a: Oranguru|move: Sticky Web\n|-unboost|p1a: Oranguru|spe|1\n|turn|8\n|\n|t:|1781409849\n|move|p2a: Clefable|Moonblast|p1a: Oranguru\n|-damage|p1a: Oranguru|243/315\n|move|p1a: Oranguru|Trick|p2a: Clefable\n|-activate|p1a: Oranguru|move: Trick|[of] p2a: Clefable\n|-item|p2a: Clefable|Choice Specs|[from] move: Trick\n|-item|p1a: Oranguru|Leftovers|[from] move: Trick\n|\n|-heal|p1a: Oranguru|262/315|[from] item: Leftovers\n|upkeep\n|turn|9\n|\n|t:|1781409858\n|move|p2a: Clefable|Moonblast|p1a: Oranguru\n|-damage|p1a: Oranguru|157/315\n|move|p1a: Oranguru|Psyshock|p2a: Clefable\n|-damage|p2a: Clefable|172/293\n|\n|-heal|p1a: Oranguru|176/315|[from] item: Leftovers\n|upkeep\n|turn|10\n|\n|t:|1781409867\n|move|p2a: Clefable|Moonblast|p1a: Oranguru\n|-damage|p1a: Oranguru|73/315\n|move|p1a: Oranguru|Psyshock|p2a: Clefable\n|-damage|p2a: Clefable|64/293\n|\n|-heal|p1a: Oranguru|92/315|[from] item: Leftovers\n|upkeep\n|turn|11\n|\n|t:|1781409875\n|move|p2a: Clefable|Moonblast|p1a: Oranguru\n|-damage|p1a: Oranguru|0 fnt\n|faint|p1a: Oranguru\n|\n|upkeep\n|\n|t:|1781409880\n|switch|p1a: Torkoal|Torkoal, L88, F|214/266\n|-weather|SunnyDay|[from] ability: Drought|[of] p1a: Torkoal\n|turn|12\n|\n|t:|1781409885\n|switch|p2a: Pecharunt|Pecharunt, L77|262/262\n|-damage|p2a: Pecharunt|230/262|[from] Stealth Rock\n|move|p1a: Torkoal|Lava Plume|p2a: Pecharunt\n|-damage|p2a: Pecharunt|98/262\n|-status|p2a: Pecharunt|brn\n|\n|-weather|SunnyDay|[upkeep]\n|-heal|p2a: Pecharunt|114/262 brn|[from] item: Leftovers\n|-damage|p2a: Pecharunt|98/262 brn|[from] brn\n|upkeep\n|turn|13\n|\n|t:|1781409896\n|move|p2a: Pecharunt|Malignant Chain|p1a: Torkoal\n|-damage|p1a: Torkoal|120/266\n|move|p1a: Torkoal|Lava Plume|p2a: Pecharunt\n|-damage|p2a: Pecharunt|0 fnt\n|faint|p2a: Pecharunt\n|\n|-weather|SunnyDay|[upkeep]\n|upkeep\n|\n|t:|1781409911\n|switch|p2a: Scovillain|Scovillain, L91, M|266/266\n|-damage|p2a: Scovillain|200/266|[from] Stealth Rock\n|turn|14\n|\n|t:|1781409916\n|move|p2a: Scovillain|Overheat|p1a: Torkoal\n|-resisted|p1a: Torkoal\n|-damage|p1a: Torkoal|0 fnt\n|-unboost|p2a: Scovillain|spa|2\n|faint|p1a: Torkoal\n|\n|-weather|SunnyDay|[upkeep]\n|upkeep\n|\n|t:|1781409920\n|switch|p1a: Gardevoir|Gardevoir, L83, M|249/249\n|-activate|p1a: Gardevoir|move: Sticky Web\n|-unboost|p1a: Gardevoir|spe|1\n|-ability|p1a: Gardevoir|Chlorophyll|Trace|[from] ability: Trace|[of] p2a: Scovillain\n|turn|15\n|\n|t:|1781409930\n|move|p2a: Scovillain|Overheat|p1a: Gardevoir\n|-damage|p1a: Gardevoir|147/249\n|-unboost|p2a: Scovillain|spa|2\n|move|p1a: Gardevoir|Moonblast|p2a: Scovillain\n|-resisted|p2a: Scovillain\n|-damage|p2a: Scovillain|110/266\n|-damage|p1a: Gardevoir|123/249|[from] item: Life Orb\n|\n|-weather|SunnyDay|[upkeep]\n|upkeep\n|turn|16\n|\n|t:|1781409943\n|switch|p2a: Clefable|Clefable, L83, F|64/293\n|-damage|p2a: Clefable|28/293|[from] Stealth Rock\n|move|p1a: Gardevoir|Psyshock|p2a: Clefable\n|-damage|p2a: Clefable|0 fnt\n|faint|p2a: Clefable\n|-damage|p1a: Gardevoir|99/249|[from] item: Life Orb\n|\n|-weather|none\n|upkeep\n|\n|t:|1781409960\n|switch|p2a: Spidops|Spidops, L96, F|109/271\n|turn|17\n|\n|t:|1781409963\n|move|p2a: Spidops|Toxic Spikes|p1a: Gardevoir\n|-sidestart|p1: Kool Kiddo|move: Toxic Spikes\n|move|p1a: Gardevoir|Moonblast|p2a: Spidops\n|-damage|p2a: Spidops|0 fnt\n|faint|p2a: Spidops\n|-damage|p1a: Gardevoir|75/249|[from] item: Life Orb\n|\n|upkeep\n|\n|t:|1781409973\n|switch|p2a: Drifblim|Drifblim, L86, F|396/396\n|-damage|p2a: Drifblim|297/396|[from] Stealth Rock\n|turn|18\n|\n|t:|1781409977\n|move|p2a: Drifblim|Shadow Ball|p1a: Gardevoir\n|-supereffective|p1a: Gardevoir\n|-damage|p1a: Gardevoir|0 fnt\n|faint|p1a: Gardevoir\n|\n|upkeep\n|\n|t:|1781409981\n|switch|p1a: Kommo-o|Kommo-o, L78, F|245/245\n|-activate|p1a: Kommo-o|move: Sticky Web\n|-unboost|p1a: Kommo-o|spe|1\n|-status|p1a: Kommo-o|psn\n|turn|19\n|\n|t:|1781409991\n|-terastallize|p1a: Kommo-o|Normal\n|move|p2a: Drifblim|Calm Mind|p2a: Drifblim\n|-boost|p2a: Drifblim|spa|1\n|-boost|p2a: Drifblim|spd|1\n|move|p1a: Kommo-o|Clangorous Soul|p1a: Kommo-o\n|-boost|p1a: Kommo-o|atk|1\n|-boost|p1a: Kommo-o|def|1\n|-boost|p1a: Kommo-o|spa|1\n|-boost|p1a: Kommo-o|spd|1\n|-boost|p1a: Kommo-o|spe|1\n|-damage|p1a: Kommo-o|165/245 psn\n|-enditem|p1a: Kommo-o|Throat Spray\n|-boost|p1a: Kommo-o|spa|1|[from] item: Throat Spray\n|\n|-damage|p1a: Kommo-o|135/245 psn|[from] psn\n|upkeep\n|turn|20\n|\n|t:|1781410006\n|move|p2a: Drifblim|Strength Sap|p1a: Kommo-o\n|-unboost|p1a: Kommo-o|atk|1\n|-heal|p2a: Drifblim|396/396\n|move|p1a: Kommo-o|Clanging Scales|p2a: Drifblim\n|-damage|p2a: Drifblim|207/396\n|-unboost|p1a: Kommo-o|def|1\n|\n|-damage|p1a: Kommo-o|105/245 psn|[from] psn\n|upkeep\n|turn|21\n|-message|Kool Kiddo forfeited.\n|\n|win|Flappell Roan\n", "inputlog": ">version a8376a258c1d4662feba110a92103f3664a72141\n>start {\"formatid\":\"gen9randombattle\",\"seed\":\"sodium,4c79db4b9c2cfde346b24808f45c826e\",\"rated\":\"Rated battle\"}\n>player p1 {\"name\":\"Kool Kiddo\",\"avatar\":\"hilbert\",\"rating\":2007,\"seed\":\"sodium,0f83b2f8e018f5436e9983e8a1ad6ea9\"}\n>player p2 {\"name\":\"Flappell Roan\",\"avatar\":\"skyla\",\"rating\":1945,\"seed\":\"sodium,9fea80f5a96cfe79881a5560c7b59b40\"}\n>p1 move flamethrower\n>p2 move stickyweb\n>p1 move flamethrower\n>p2 switch 5\n>p1 switch 3\n>p2 move moonblast\n>p1 move rapidspin\n>p2 switch 6\n>p1 switch 4\n>p2 move malignantchain\n>p1 move stealthrock\n>p2 switch 6\n>p1 move ironhead\n>p2 move fireblast\n>p1 switch 5\n>p1 move trick\n>p2 move moonblast\n>p1 move psyshock\n>p2 move moonblast\n>p1 move psyshock\n>p2 move moonblast\n>p1 move psyshock\n>p2 move moonblast\n>p1 switch 4\n>p1 move lavaplume\n>p2 switch 6\n>p1 move lavaplume\n>p2 move malignantchain\n>p2 switch 4\n>p1 move rapidspin\n>p2 move overheat\n>p1 switch 6\n>p1 move moonblast\n>p2 move overheat\n>p1 move psyshock\n>p2 switch 6\n>p2 switch 5\n>p1 move moonblast\n>p2 move toxicspikes\n>p2 switch 2\n>p1 move moonblast\n>p2 move shadowball\n>p1 switch 2\n>p1 move clangoroussoul terastallize\n>p2 move calmmind\n>p1 move clangingscales\n>p2 move strengthsap\n>forcelose p1", "uploadtime": 1781409770, "views": 6, "formatid": "gen9randombattle", "rating": null, "private": 0, "password": null}