{"id": "gen9randombattle-2631622428", "format": "[Gen 9] Random Battle", "players": ["suchalongnam", "Elite 4 Waally"], "log": "|j|\u2606suchalongnam\n|j|\u2606Elite 4 Waally\n|t:|1781410328\n|gametype|singles\n|player|p1|suchalongnam|266|1993\n|player|p2|Elite 4 Waally|wally|1939\n|gen|9\n|tier|[Gen 9] Random Battle\n|rated|\n|rule|Species Clause: Limit one of each Pok\u00e9mon\n|rule|HP Percentage Mod: HP is shown in percentages\n|rule|Sleep Clause Mod: Limit one foe put to sleep\n|rule|Illusion Level Mod: Illusion disguises the Pok\u00e9mon's true level\n|\n|t:|1781410328\n|teamsize|p1|6\n|teamsize|p2|6\n|start\n|switch|p1a: Conkeldurr|Conkeldurr, L80, F|299/299\n|switch|p2a: Amoonguss|Amoonguss, L82, M|321/321\n|turn|1\n|inactive|Battle timer is ON: inactive players will automatically lose when time's up. (requested by Elite 4 Waally)\n|\n|t:|1781410360\n|move|p1a: Conkeldurr|Knock Off|p2a: Amoonguss\n|-damage|p2a: Amoonguss|218/321\n|-enditem|p2a: Amoonguss|Leftovers|[from] move: Knock Off|[of] p1a: Conkeldurr\n|move|p2a: Amoonguss|Spore|p1a: Conkeldurr\n|-status|p1a: Conkeldurr|slp|[from] move: Spore\n|\n|upkeep\n|turn|2\n|\n|t:|1781410371\n|cant|p1a: Conkeldurr|slp\n|move|p2a: Amoonguss|Sludge Bomb|p1a: Conkeldurr\n|-crit|p1a: Conkeldurr\n|-damage|p1a: Conkeldurr|146/299 slp\n|\n|upkeep\n|turn|3\n|\n|t:|1781410375\n|switch|p1a: Duraludon|Duraludon, L82, M|249/249\n|move|p2a: Amoonguss|Sludge Bomb|p1a: Duraludon\n|-immune|p1a: Duraludon\n|\n|upkeep\n|turn|4\n|\n|t:|1781410379\n|switch|p2a: Whiscash|Whiscash, L88, M|337/337\n|move|p1a: Duraludon|Stealth Rock|p2a: Whiscash\n|-sidestart|p2: Elite 4 Waally|move: Stealth Rock\n|\n|upkeep\n|turn|5\n|\n|t:|1781410387\n|switch|p1a: Shiftry|Shiftry, L89, F|305/305\n|move|p2a: Whiscash|Stealth Rock|p1a: Shiftry\n|-sidestart|p1: suchalongnam|move: Stealth Rock\n|\n|upkeep\n|turn|6\n|\n|t:|1781410400\n|switch|p2a: Tentacruel|Tentacruel, L84, F|272/272\n|-damage|p2a: Tentacruel|238/272|[from] Stealth Rock\n|move|p1a: Shiftry|Swords Dance|p1a: Shiftry\n|-boost|p1a: Shiftry|atk|2\n|\n|upkeep\n|turn|7\n|\n|t:|1781410404\n|move|p1a: Shiftry|Sucker Punch|p2a: Tentacruel\n|-damage|p2a: Tentacruel|0 fnt\n|faint|p2a: Tentacruel\n|-damage|p1a: Shiftry|275/305|[from] item: Life Orb\n|\n|upkeep\n|\n|t:|1781410409\n|switch|p2a: Persian|Persian, L92, M|269/269\n|-damage|p2a: Persian|236/269|[from] Stealth Rock\n|turn|8\n|\n|t:|1781410414\n|move|p2a: Persian|Fake Out|p1a: Shiftry\n|-damage|p1a: Shiftry|193/305\n|cant|p1a: Shiftry|flinch\n|\n|upkeep\n|turn|9\n|\n|t:|1781410419\n|switch|p2a: Scrafty|Scrafty, L83, F|244/244\n|-damage|p2a: Scrafty|229/244|[from] Stealth Rock\n|move|p1a: Shiftry|Knock Off|p2a: Scrafty\n|-resisted|p2a: Scrafty\n|-damage|p2a: Scrafty|165/244\n|-enditem|p2a: Scrafty|Leftovers|[from] move: Knock Off|[of] p1a: Shiftry\n|-damage|p1a: Shiftry|163/305|[from] item: Life Orb\n|\n|upkeep\n|turn|10\n|\n|t:|1781410427\n|-terastallize|p2a: Scrafty|Poison\n|move|p1a: Shiftry|Leaf Blade|p2a: Scrafty\n|-resisted|p2a: Scrafty\n|-damage|p2a: Scrafty|49/244\n|-damage|p1a: Shiftry|133/305|[from] item: Life Orb\n|move|p2a: Scrafty|Drain Punch|p1a: Shiftry\n|-supereffective|p1a: Shiftry\n|-crit|p1a: Shiftry\n|-damage|p1a: Shiftry|0 fnt\n|-heal|p2a: Scrafty|116/244|[from] drain|[of] p1a: Shiftry\n|faint|p1a: Shiftry\n|\n|upkeep\n|\n|t:|1781410439\n|switch|p1a: Palafin|Palafin, L77, F|281/281\n|-damage|p1a: Palafin|246/281|[from] Stealth Rock\n|turn|11\n|\n|t:|1781410442\n|move|p1a: Palafin|Flip Turn|p2a: Scrafty\n|-damage|p2a: Scrafty|64/244\n|\n|t:|1781410444\n|detailschange|p1a: Palafin|Palafin-Hero, L77, F\n|switch|p1a: Conkeldurr|Conkeldurr, L80, F|146/299 slp|[from] Flip Turn\n|-damage|p1a: Conkeldurr|128/299 slp|[from] Stealth Rock\n|move|p2a: Scrafty|Bulk Up|p2a: Scrafty\n|-boost|p2a: Scrafty|atk|1\n|-boost|p2a: Scrafty|def|1\n|\n|upkeep\n|turn|12\n|\n|t:|1781410449\n|move|p2a: Scrafty|Drain Punch|p1a: Conkeldurr\n|-damage|p1a: Conkeldurr|14/299 slp\n|-heal|p2a: Scrafty|121/244|[from] drain|[of] p1a: Conkeldurr\n|-curestatus|p1a: Conkeldurr|slp|[msg]\n|move|p1a: Conkeldurr|Facade|p2a: Scrafty\n|-damage|p2a: Scrafty|90/244\n|\n|-status|p1a: Conkeldurr|brn|[from] item: Flame Orb\n|upkeep\n|turn|13\n|\n|t:|1781410454\n|move|p2a: Scrafty|Drain Punch|p1a: Conkeldurr\n|-damage|p1a: Conkeldurr|0 fnt\n|-heal|p2a: Scrafty|97/244|[from] drain|[of] p1a: Conkeldurr\n|faint|p1a: Conkeldurr\n|\n|upkeep\n|\n|t:|1781410456\n|switch|p1a: Gardevoir|Gardevoir, L83, F|249/249\n|-damage|p1a: Gardevoir|218/249|[from] Stealth Rock\n|-ability|p1a: Gardevoir|Shed Skin|Trace|[from] ability: Trace|[of] p2a: Scrafty\n|turn|14\n|\n|t:|1781410460\n|move|p1a: Gardevoir|Psyshock|p2a: Scrafty\n|-supereffective|p2a: Scrafty\n|-damage|p2a: Scrafty|0 fnt\n|faint|p2a: Scrafty\n|\n|upkeep\n|\n|t:|1781410465\n|switch|p2a: Whiscash|Whiscash, L88, M|337/337\n|-damage|p2a: Whiscash|316/337|[from] Stealth Rock\n|turn|15\n|\n|t:|1781410481\n|move|p1a: Gardevoir|Psyshock|p2a: Whiscash\n|-crit|p2a: Whiscash\n|-damage|p2a: Whiscash|154/337\n|move|p2a: Whiscash|Spikes|p1a: Gardevoir\n|-sidestart|p1: suchalongnam|Spikes\n|\n|-heal|p2a: Whiscash|175/337|[from] item: Leftovers\n|upkeep\n|turn|16\n|\n|t:|1781410488\n|move|p1a: Gardevoir|Psyshock|p2a: Whiscash\n|-damage|p2a: Whiscash|73/337\n|move|p2a: Whiscash|Earthquake|p1a: Gardevoir\n|-damage|p1a: Gardevoir|82/249\n|\n|-heal|p2a: Whiscash|94/337|[from] item: Leftovers\n|upkeep\n|turn|17\n|\n|t:|1781410491\n|move|p1a: Gardevoir|Psyshock|p2a: Whiscash\n|-damage|p2a: Whiscash|0 fnt\n|faint|p2a: Whiscash\n|\n|upkeep\n|\n|t:|1781410493\n|switch|p2a: Persian|Persian, L92, M|236/269\n|-damage|p2a: Persian|203/269|[from] Stealth Rock\n|turn|18\n|\n|t:|1781410496\n|switch|p1a: Duraludon|Duraludon, L82, M|249/249\n|-damage|p1a: Duraludon|234/249|[from] Stealth Rock\n|-damage|p1a: Duraludon|203/249|[from] Spikes\n|move|p2a: Persian|Fake Out|p1a: Duraludon\n|-resisted|p1a: Duraludon\n|-damage|p1a: Duraludon|182/249\n|\n|upkeep\n|turn|19\n|\n|t:|1781410500\n|move|p2a: Persian|U-turn|p1a: Duraludon\n|-resisted|p1a: Duraludon\n|-damage|p1a: Duraludon|168/249\n|\n|t:|1781410503\n|switch|p2a: Amoonguss|Amoonguss, L82, M|321/321|[from] U-turn\n|-damage|p2a: Amoonguss|281/321|[from] Stealth Rock\n|move|p1a: Duraludon|Flash Cannon|p2a: Amoonguss\n|-damage|p2a: Amoonguss|178/321\n|\n|upkeep\n|turn|20\n|\n|t:|1781410506\n|move|p1a: Duraludon|Draco Meteor|p2a: Amoonguss\n|-damage|p2a: Amoonguss|0 fnt\n|-unboost|p1a: Duraludon|spa|2\n|faint|p2a: Amoonguss\n|\n|upkeep\n|\n|t:|1781410510\n|switch|p2a: Abomasnow|Abomasnow, L84, M|287/287\n|-damage|p2a: Abomasnow|216/287|[from] Stealth Rock\n|-weather|Snowscape|[from] ability: Snow Warning|[of] p2a: Abomasnow\n|turn|21\n|\n|t:|1781410513\n|move|p1a: Duraludon|Body Press|p2a: Abomasnow\n|-supereffective|p2a: Abomasnow\n|-crit|p2a: Abomasnow\n|-damage|p2a: Abomasnow|84/287\n|move|p2a: Abomasnow|Aurora Veil|p2a: Abomasnow\n|-sidestart|p2: Elite 4 Waally|move: Aurora Veil\n|\n|-weather|Snowscape|[upkeep]\n|upkeep\n|turn|22\n|\n|t:|1781410516\n|move|p1a: Duraludon|Body Press|p2a: Abomasnow\n|-supereffective|p2a: Abomasnow\n|-damage|p2a: Abomasnow|38/287\n|move|p2a: Abomasnow|Blizzard|p1a: Duraludon\n|-damage|p1a: Duraludon|47/249\n|\n|-weather|Snowscape|[upkeep]\n|upkeep\n|turn|23\n|\n|t:|1781410519\n|move|p2a: Abomasnow|Ice Shard|p1a: Duraludon\n|-damage|p1a: Duraludon|23/249\n|move|p1a: Duraludon|Body Press|p2a: Abomasnow\n|-supereffective|p2a: Abomasnow\n|-damage|p2a: Abomasnow|0 fnt\n|faint|p2a: Abomasnow\n|\n|-weather|Snowscape|[upkeep]\n|upkeep\n|\n|t:|1781410522\n|switch|p2a: Persian|Persian, L92, M|203/269\n|-damage|p2a: Persian|170/269|[from] Stealth Rock\n|turn|24\n|\n|t:|1781410525\n|move|p2a: Persian|Knock Off|p1a: Duraludon\n|-damage|p1a: Duraludon|0 fnt\n|-enditem|p1a: Duraludon|Eviolite|[from] move: Knock Off|[of] p2a: Persian\n|faint|p1a: Duraludon\n|\n|-weather|Snowscape|[upkeep]\n|upkeep\n|\n|t:|1781410528\n|switch|p1a: Barraskewda|Barraskewda, L81, M|231/231\n|-damage|p1a: Barraskewda|203/231|[from] Stealth Rock\n|-damage|p1a: Barraskewda|175/231|[from] Spikes\n|turn|25\n|-message|Elite 4 Waally forfeited.\n|\n|win|suchalongnam\n", "uploadtime": 1781410329, "views": 3, "formatid": "gen9randombattle", "rating": null, "private": 0, "password": null}