{"id": "gen9randombattle-2631679002", "format": "[Gen 9] Random Battle", "players": ["Naide7", "Imperator210"], "log": "|j|\u2606Naide7\n|j|\u2606Imperator210\n|t:|1781420223\n|gametype|singles\n|player|p1|Naide7|iris|1978\n|player|p2|Imperator210|sonia|1974\n|gen|9\n|tier|[Gen 9] Random Battle\n|rated|\n|rule|Species Clause: Limit one of each Pok\u00e9mon\n|rule|HP Percentage Mod: HP is shown in percentages\n|rule|Sleep Clause Mod: Limit one foe put to sleep\n|rule|Illusion Level Mod: Illusion disguises the Pok\u00e9mon's true level\n|\n|t:|1781420223\n|teamsize|p1|6\n|teamsize|p2|6\n|start\n|switch|p1a: Skarmory|Skarmory, L80, F|235/235\n|switch|p2a: Sudowoodo|Sudowoodo, L94, M|284/284\n|turn|1\n|\n|t:|1781420241\n|move|p1a: Skarmory|Spikes|p2a: Sudowoodo\n|-sidestart|p2: Imperator210|Spikes\n|move|p2a: Sudowoodo|Stealth Rock|p1a: Skarmory\n|-sidestart|p1: Naide7|move: Stealth Rock\n|\n|upkeep\n|turn|2\n|\n|t:|1781420248\n|move|p1a: Skarmory|Spikes|p2a: Sudowoodo\n|-sidestart|p2: Imperator210|Spikes\n|move|p2a: Sudowoodo|Head Smash|p1a: Skarmory\n|-damage|p1a: Skarmory|88/235\n|\n|-heal|p1a: Skarmory|102/235|[from] item: Leftovers\n|upkeep\n|turn|3\n|\n|t:|1781420257\n|switch|p1a: Hitmontop|Hitmontop, L88, M|231/231\n|-damage|p1a: Hitmontop|217/231|[from] Stealth Rock\n|-ability|p1a: Hitmontop|Intimidate|boost\n|-unboost|p2a: Sudowoodo|atk|1\n|move|p2a: Sudowoodo|Head Smash|p1a: Hitmontop\n|-resisted|p1a: Hitmontop\n|-damage|p1a: Hitmontop|157/231\n|\n|upkeep\n|turn|4\n|\n|t:|1781420268\n|switch|p2a: Gengar|Gengar, L81, M|230/230\n|-damage|p2a: Gengar|192/230|[from] Spikes\n|move|p1a: Hitmontop|Rapid Spin|p2a: Gengar\n|-immune|p2a: Gengar\n|\n|upkeep\n|turn|5\n|\n|t:|1781420279\n|move|p2a: Gengar|Shadow Ball|p1a: Hitmontop\n|-damage|p1a: Hitmontop|89/231\n|-damage|p2a: Gengar|169/230|[from] item: Life Orb\n|move|p1a: Hitmontop|Earthquake|p2a: Gengar\n|-supereffective|p2a: Gengar\n|-damage|p2a: Gengar|0 fnt\n|faint|p2a: Gengar\n|\n|upkeep\n|\n|t:|1781420287\n|switch|p2a: Mightyena|Mightyena, L96, M|290/290\n|-damage|p2a: Mightyena|242/290|[from] Spikes\n|-ability|p2a: Mightyena|Intimidate|boost\n|-unboost|p1a: Hitmontop|atk|1\n|turn|6\n|\n|t:|1781420302\n|switch|p1a: Mandibuzz|Mandibuzz, L85, F|326/326\n|move|p2a: Mightyena|Play Rough|p1a: Mandibuzz\n|-supereffective|p1a: Mandibuzz\n|-damage|p1a: Mandibuzz|192/326\n|\n|upkeep\n|turn|7\n|\n|t:|1781420310\n|move|p2a: Mightyena|Poison Fang|p1a: Mandibuzz\n|-damage|p1a: Mandibuzz|156/326\n|-status|p1a: Mandibuzz|tox\n|move|p1a: Mandibuzz|Roost|p1a: Mandibuzz\n|-heal|p1a: Mandibuzz|319/326 tox\n|-singleturn|p1a: Mandibuzz|move: Roost\n|\n|-damage|p1a: Mandibuzz|299/326 tox|[from] psn\n|upkeep\n|turn|8\n|\n|t:|1781420316\n|move|p2a: Mightyena|Play Rough|p1a: Mandibuzz\n|-supereffective|p1a: Mandibuzz\n|-damage|p1a: Mandibuzz|175/326 tox\n|move|p1a: Mandibuzz|Toxic|p2a: Mightyena\n|-status|p2a: Mightyena|tox\n|\n|-damage|p2a: Mightyena|224/290 tox|[from] psn\n|-damage|p1a: Mandibuzz|135/326 tox|[from] psn\n|upkeep\n|turn|9\n|\n|t:|1781420332\n|switch|p1a: Hitmontop|Hitmontop, L88, M|89/231\n|-damage|p1a: Hitmontop|75/231|[from] Stealth Rock\n|-ability|p1a: Hitmontop|Intimidate|boost\n|-unboost|p2a: Mightyena|atk|1\n|move|p2a: Mightyena|Play Rough|p1a: Hitmontop\n|-supereffective|p1a: Hitmontop\n|-damage|p1a: Hitmontop|0 fnt\n|faint|p1a: Hitmontop\n|\n|-damage|p2a: Mightyena|188/290 tox|[from] psn\n|upkeep\n|\n|t:|1781420344\n|switch|p1a: Skarmory|Skarmory, L80, F|102/235\n|-damage|p1a: Skarmory|73/235|[from] Stealth Rock\n|turn|10\n|\n|t:|1781420351\n|move|p2a: Mightyena|Throat Chop|p1a: Skarmory\n|-damage|p1a: Skarmory|22/235\n|-start|p1a: Skarmory|Throat Chop|[silent]\n|move|p1a: Skarmory|Roost|p1a: Skarmory\n|-heal|p1a: Skarmory|140/235\n|-singleturn|p1a: Skarmory|move: Roost\n|\n|-heal|p1a: Skarmory|154/235|[from] item: Leftovers\n|-damage|p2a: Mightyena|134/290 tox|[from] psn\n|upkeep\n|turn|11\n|\n|t:|1781420356\n|move|p2a: Mightyena|Super Fang|p1a: Skarmory\n|-damage|p1a: Skarmory|77/235\n|move|p1a: Skarmory|Roost|p1a: Skarmory\n|-heal|p1a: Skarmory|195/235\n|-singleturn|p1a: Skarmory|move: Roost\n|\n|-heal|p1a: Skarmory|209/235|[from] item: Leftovers\n|-damage|p2a: Mightyena|62/290 tox|[from] psn\n|-end|p1a: Skarmory|Throat Chop|[silent]\n|upkeep\n|turn|12\n|\n|t:|1781420367\n|move|p2a: Mightyena|Super Fang|p1a: Skarmory\n|-damage|p1a: Skarmory|105/235\n|move|p1a: Skarmory|Roost|p1a: Skarmory\n|-heal|p1a: Skarmory|223/235\n|-singleturn|p1a: Skarmory|move: Roost\n|\n|-heal|p1a: Skarmory|235/235|[from] item: Leftovers\n|-damage|p2a: Mightyena|0 fnt|[from] psn\n|faint|p2a: Mightyena\n|upkeep\n|\n|t:|1781420378\n|switch|p2a: Politoed|Politoed, L88, M|302/302\n|-damage|p2a: Politoed|252/302|[from] Spikes\n|-weather|RainDance|[from] ability: Drizzle|[of] p2a: Politoed\n|turn|13\n|\n|t:|1781420396\n|switch|p1a: Mandibuzz|Mandibuzz, L85, F|135/326 tox\n|move|p2a: Politoed|Hydro Pump|p1a: Mandibuzz\n|-damage|p1a: Mandibuzz|0 fnt\n|faint|p1a: Mandibuzz\n|\n|-weather|RainDance|[upkeep]\n|upkeep\n|\n|t:|1781420406\n|switch|p1a: Iron Bundle|Iron Bundle, L78|215/215\n|turn|14\n|\n|t:|1781420413\n|switch|p2a: Sudowoodo|Sudowoodo, L94, M|284/284\n|-damage|p2a: Sudowoodo|237/284|[from] Spikes\n|move|p1a: Iron Bundle|Freeze-Dry|p2a: Sudowoodo\n|-damage|p2a: Sudowoodo|143/284\n|\n|-weather|RainDance|[upkeep]\n|-heal|p2a: Sudowoodo|160/284|[from] item: Leftovers\n|upkeep\n|turn|15\n|\n|t:|1781420425\n|move|p1a: Iron Bundle|Flip Turn|p2a: Sudowoodo\n|-supereffective|p2a: Sudowoodo\n|-damage|p2a: Sudowoodo|56/284\n|\n|t:|1781420429\n|-end|p1a: Iron Bundle|Quark Drive|[silent]\n|switch|p1a: Skarmory|Skarmory, L80, F|235/235|[from] Flip Turn\n|-damage|p1a: Skarmory|206/235|[from] Stealth Rock\n|move|p2a: Sudowoodo|Wood Hammer|p1a: Skarmory\n|-resisted|p1a: Skarmory\n|-damage|p1a: Skarmory|188/235\n|\n|-weather|RainDance|[upkeep]\n|-heal|p1a: Skarmory|202/235|[from] item: Leftovers\n|-heal|p2a: Sudowoodo|73/284|[from] item: Leftovers\n|upkeep\n|turn|16\n|\n|t:|1781420439\n|move|p1a: Skarmory|Body Press|p2a: Sudowoodo\n|-supereffective|p2a: Sudowoodo\n|-damage|p2a: Sudowoodo|0 fnt\n|faint|p2a: Sudowoodo\n|\n|-weather|RainDance|[upkeep]\n|-heal|p1a: Skarmory|216/235|[from] item: Leftovers\n|upkeep\n|\n|t:|1781420458\n|switch|p2a: Politoed|Politoed, L88, M|252/302\n|-damage|p2a: Politoed|202/302|[from] Spikes\n|turn|17\n|\n|t:|1781420474\n|move|p2a: Politoed|Focus Blast|p1a: Skarmory\n|-damage|p1a: Skarmory|50/235\n|move|p1a: Skarmory|Brave Bird|p2a: Politoed\n|-damage|p2a: Politoed|85/302\n|-damage|p1a: Skarmory|11/235|[from] Recoil\n|\n|-weather|none\n|-heal|p1a: Skarmory|25/235|[from] item: Leftovers\n|upkeep\n|turn|18\n|\n|t:|1781420480\n|move|p2a: Politoed|Focus Blast|p1a: Skarmory\n|-damage|p1a: Skarmory|0 fnt\n|faint|p1a: Skarmory\n|\n|upkeep\n|\n|t:|1781420482\n|switch|p1a: Iron Bundle|Iron Bundle, L78|215/215\n|turn|19\n|\n|t:|1781420488\n|move|p1a: Iron Bundle|Freeze-Dry|p2a: Politoed\n|-supereffective|p2a: Politoed\n|-damage|p2a: Politoed|0 fnt\n|faint|p2a: Politoed\n|\n|upkeep\n|\n|t:|1781420497\n|switch|p2a: Goodra|Goodra, L85, F|292/292\n|-damage|p2a: Goodra|244/292|[from] Spikes\n|turn|20\n|\n|t:|1781420504\n|move|p1a: Iron Bundle|Flip Turn|p2a: Goodra\n|-resisted|p2a: Goodra\n|-damage|p2a: Goodra|215/292\n|\n|t:|1781420508\n|-end|p1a: Iron Bundle|Quark Drive|[silent]\n|switch|p1a: Dusknoir|Dusknoir, L89, F|225/225|[from] Flip Turn\n|-damage|p1a: Dusknoir|197/225|[from] Stealth Rock\n|-item|p2a: Goodra|Assault Vest|[from] ability: Frisk|[of] p1a: Dusknoir\n|move|p2a: Goodra|Draco Meteor|p1a: Dusknoir\n|-damage|p1a: Dusknoir|100/225\n|-unboost|p2a: Goodra|spa|2\n|\n|-heal|p1a: Dusknoir|114/225|[from] item: Leftovers\n|upkeep\n|turn|21\n|-message|Imperator210 forfeited.\n|\n|win|Naide7\n|raw|Naide7's rating: 1978 &rarr; <strong>1998</strong><br />(+20 for winning)\n|raw|Imperator210's rating: 1974 &rarr; <strong>1954</strong><br />(-20 for losing)\n", "inputlog": ">version a8376a258c1d4662feba110a92103f3664a72141\n>start {\"formatid\":\"gen9randombattle\",\"seed\":\"sodium,bdfc68e7840126d6b348c5c754ddb75b\",\"rated\":\"Rated battle\"}\n>player p1 {\"name\":\"Naide7\",\"avatar\":\"iris\",\"rating\":1978,\"seed\":\"sodium,0f84c723c77a47e87b3eac0470add0d0\"}\n>player p2 {\"name\":\"Imperator210\",\"avatar\":\"sonia\",\"rating\":1974,\"seed\":\"sodium,b97ca91a27aedd03f72195c2afd02cbb\"}\n>p1 move spikes\n>p2 move stealthrock\n>p1 move spikes\n>p2 move headsmash\n>p1 switch 3\n>p2 move headsmash\n>p1 move rapidspin\n>p2 switch 4\n>p1 move earthquake\n>p2 move shadowball\n>p2 switch 2\n>p1 switch 6\n>p2 move playrough\n>p1 move roost\n>p2 move poisonfang\n>p1 move toxic\n>p2 move playrough\n>p1 switch 6\n>p2 move playrough\n>p1 switch 3\n>p1 move roost\n>p2 move throatchop\n>p1 move roost\n>p2 move superfang\n>p1 move roost\n>p2 move superfang\n>p2 switch 6\n>p1 switch 6\n>p2 move hydropump\n>p1 switch 2\n>p1 move freezedry\n>p2 switch 4\n>p1 move flipturn\n>p2 move woodhammer\n>p1 switch 6\n>p1 move bodypress\n>p2 move headsmash\n>p2 switch 4\n>p1 move bravebird\n>p2 move focusblast\n>p1 move roost\n>p2 move focusblast\n>p1 switch 6\n>p1 move freezedry\n>p2 move focusblast\n>p2 switch 5\n>p1 move flipturn\n>p2 move dracometeor\n>p1 switch 5\n>forcelose p2", "uploadtime": 1781420518, "views": 7, "formatid": "gen9randombattle", "rating": 1954, "private": 0, "password": null}