{"id": "gen9randombattle-2631857234", "format": "[Gen 9] Random Battle", "players": ["Matuidi14", "grabschaender"], "log": "|j|\u2606Matuidi14\n|j|\u2606grabschaender\n|t:|1781448799\n|gametype|singles\n|player|p1|Matuidi14|clown|2242\n|player|p2|grabschaender|candice|2290\n|gen|9\n|tier|[Gen 9] Random Battle\n|rated|\n|rule|Species Clause: Limit one of each Pok\u00e9mon\n|rule|HP Percentage Mod: HP is shown in percentages\n|rule|Sleep Clause Mod: Limit one foe put to sleep\n|rule|Illusion Level Mod: Illusion disguises the Pok\u00e9mon's true level\n|\n|t:|1781448799\n|teamsize|p1|6\n|teamsize|p2|6\n|start\n|switch|p1a: Delphox|Delphox, L84, F|263/263\n|switch|p2a: Bastiodon|Bastiodon, L89, M|252/252\n|turn|1\n|inactive|Battle timer is ON: inactive players will automatically lose when time's up. (requested by Matuidi14)\n|\n|t:|1781448810\n|switch|p2a: Primarina|Primarina, L83, F|268/268\n|move|p1a: Delphox|Nasty Plot|p1a: Delphox\n|-boost|p1a: Delphox|spa|2\n|\n|upkeep\n|turn|2\n|\n|t:|1781448821\n|-terastallize|p1a: Delphox|Grass\n|move|p1a: Delphox|Psyshock|p2a: Primarina\n|-damage|p2a: Primarina|36/268\n|move|p2a: Primarina|Psychic Noise|p1a: Delphox\n|-resisted|p1a: Delphox\n|-damage|p1a: Delphox|218/263\n|-start|p1a: Delphox|move: Heal Block\n|\n|-heal|p2a: Primarina|52/268|[from] item: Leftovers\n|upkeep\n|turn|3\n|\n|t:|1781448834\n|move|p1a: Delphox|Grass Knot|p2a: Primarina\n|-supereffective|p2a: Primarina\n|-damage|p2a: Primarina|0 fnt\n|faint|p2a: Primarina\n|\n|-end|p1a: Delphox|move: Heal Block\n|upkeep\n|\n|t:|1781448837\n|switch|p2a: Dipplin|Dipplin, L88, M|284/284\n|turn|4\n|\n|t:|1781448841\n|move|p1a: Delphox|Fire Blast|p2a: Dipplin\n|-damage|p2a: Dipplin|118/284\n|move|p2a: Dipplin|Dragon Pulse|p1a: Delphox\n|-damage|p1a: Delphox|127/263\n|\n|upkeep\n|turn|5\n|\n|t:|1781448846\n|move|p2a: Dipplin|Sucker Punch|p1a: Delphox\n|-damage|p1a: Delphox|69/263\n|move|p1a: Delphox|Psyshock|p2a: Dipplin\n|-damage|p2a: Dipplin|10/284\n|\n|upkeep\n|turn|6\n|\n|t:|1781448850\n|move|p2a: Dipplin|Sucker Punch|p1a: Delphox\n|-damage|p1a: Delphox|16/263\n|move|p1a: Delphox|Grass Knot|p2a: Dipplin\n|-resisted|p2a: Dipplin\n|-damage|p2a: Dipplin|1/284\n|\n|upkeep\n|turn|7\n|\n|t:|1781448852\n|move|p2a: Dipplin|Sucker Punch||[still]\n|-fail|p2a: Dipplin\n|move|p1a: Delphox|Nasty Plot|p1a: Delphox\n|-boost|p1a: Delphox|spa|2\n|\n|upkeep\n|turn|8\n|\n|t:|1781448854\n|move|p2a: Dipplin|Sucker Punch|p1a: Delphox\n|-damage|p1a: Delphox|0 fnt\n|faint|p1a: Delphox\n|\n|upkeep\n|\n|t:|1781448860\n|switch|p1a: Salamence|Salamence, L77, F|273/273\n|turn|9\n|\n|t:|1781448867\n|switch|p2a: Cloyster|Cloyster, L80, F|211/211\n|move|p1a: Salamence|Dual Wingbeat|p2a: Cloyster|[miss]\n|-miss|p1a: Salamence|p2a: Cloyster\n|\n|upkeep\n|turn|10\n|\n|t:|1781448871\n|switch|p1a: Spiritomb|Spiritomb, L89, F|234/234\n|move|p2a: Cloyster|Shell Smash|p2a: Cloyster\n|-unboost|p2a: Cloyster|def|1\n|-unboost|p2a: Cloyster|spd|1\n|-boost|p2a: Cloyster|atk|2\n|-boost|p2a: Cloyster|spa|2\n|-boost|p2a: Cloyster|spe|2\n|-enditem|p2a: Cloyster|White Herb\n|-clearnegativeboost|p2a: Cloyster|[silent]\n|\n|upkeep\n|turn|11\n|\n|t:|1781448882\n|move|p2a: Cloyster|Icicle Spear|p1a: Spiritomb\n|-damage|p1a: Spiritomb|198/234\n|-damage|p1a: Spiritomb|156/234\n|-damage|p1a: Spiritomb|113/234\n|-damage|p1a: Spiritomb|76/234\n|-damage|p1a: Spiritomb|37/234\n|-hitcount|p1a: Spiritomb|5\n|move|p1a: Spiritomb|Pain Split|p2a: Cloyster\n|-sethp|p2a: Cloyster|124/211|[from] move: Pain Split|[silent]\n|-sethp|p1a: Spiritomb|124/234|[from] move: Pain Split\n|\n|-heal|p1a: Spiritomb|138/234|[from] item: Leftovers\n|upkeep\n|turn|12\n|\n|t:|1781448894\n|move|p1a: Spiritomb|Sucker Punch|p2a: Cloyster\n|-damage|p2a: Cloyster|81/211\n|move|p2a: Cloyster|Icicle Spear|p1a: Spiritomb\n|-damage|p1a: Spiritomb|96/234\n|-damage|p1a: Spiritomb|54/234\n|-damage|p1a: Spiritomb|15/234\n|-damage|p1a: Spiritomb|0 fnt\n|faint|p1a: Spiritomb\n|-hitcount|p1: Spiritomb|4\n|\n|upkeep\n|\n|t:|1781448897\n|switch|p1a: Snorlax|Snorlax, L82, M|397/397\n|turn|13\n|\n|t:|1781448901\n|move|p2a: Cloyster|Rock Blast|p1a: Snorlax\n|-crit|p1a: Snorlax\n|-damage|p1a: Snorlax|333/397\n|-damage|p1a: Snorlax|292/397\n|-damage|p1a: Snorlax|249/397\n|-damage|p1a: Snorlax|208/397\n|-damage|p1a: Snorlax|165/397\n|-hitcount|p1a: Snorlax|5\n|move|p1a: Snorlax|Body Slam|p2a: Cloyster\n|-damage|p2a: Cloyster|21/211\n|\n|-heal|p1a: Snorlax|189/397|[from] item: Leftovers\n|upkeep\n|turn|14\n|\n|t:|1781448904\n|move|p2a: Cloyster|Rock Blast|p1a: Snorlax\n|-damage|p1a: Snorlax|150/397\n|-damage|p1a: Snorlax|105/397\n|-crit|p1a: Snorlax\n|-damage|p1a: Snorlax|45/397\n|-damage|p1a: Snorlax|7/397\n|-damage|p1a: Snorlax|0 fnt\n|faint|p1a: Snorlax\n|-hitcount|p1: Snorlax|5\n|\n|upkeep\n|\n|t:|1781448906\n|switch|p1a: Medicham|Medicham, L86, F|243/243\n|turn|15\n|\n|t:|1781448910\n|move|p2a: Cloyster|Icicle Spear|p1a: Medicham\n|-damage|p1a: Medicham|188/243\n|-damage|p1a: Medicham|130/243\n|-damage|p1a: Medicham|79/243\n|-damage|p1a: Medicham|25/243\n|-damage|p1a: Medicham|0 fnt\n|faint|p1a: Medicham\n|-hitcount|p1: Medicham|5\n|\n|upkeep\n|-message|Matuidi14 forfeited.\n|\n|win|grabschaender\n", "inputlog": ">version a8376a258c1d4662feba110a92103f3664a72141\n>start {\"formatid\":\"gen9randombattle\",\"seed\":\"sodium,48853c76e232e684a65a232db4c51b3f\",\"rated\":\"Rated battle\"}\n>player p1 {\"name\":\"Matuidi14\",\"avatar\":\"clown\",\"rating\":2242,\"seed\":\"sodium,433ab3322fe0d5700bd257d97a8a6f53\"}\n>player p2 {\"name\":\"grabschaender\",\"avatar\":\"candice\",\"rating\":2290,\"seed\":\"sodium,cb544a11538d25ee0af9d4fd3765c2f9\"}\n>p1 move nastyplot\n>p2 switch 2\n>p1 move psyshock terastallize\n>p2 move psychicnoise\n>p1 move grassknot\n>p2 move moonblast\n>p2 switch 3\n>p1 move fireblast\n>p2 move dragonpulse\n>p1 move psyshock\n>p2 move suckerpunch\n>p1 move grassknot\n>p2 move suckerpunch\n>p1 move nastyplot\n>p2 move suckerpunch\n>p1 move psyshock\n>p2 move suckerpunch\n>p1 switch 2\n>p1 move dualwingbeat\n>p2 switch 5\n>p1 switch 4\n>p2 move shellsmash\n>p1 move painsplit\n>p2 move iciclespear\n>p1 move suckerpunch\n>p2 move iciclespear\n>p1 switch 3\n>p1 move bodyslam\n>p2 move rockblast\n>p1 move bodyslam\n>p2 move rockblast\n>p1 switch 5\n>p1 move closecombat\n>p2 move iciclespear\n>forcelose p1", "uploadtime": 1781448801, "views": 6, "formatid": "gen9randombattle", "rating": null, "private": 0, "password": null}