{"id": "gen9randombattle-2631968360", "format": "[Gen 9] Random Battle", "players": ["Tomi11", "sayed118"], "log": "|j|\u2606Tomi11\n|j|\u2606sayed118\n|t:|1781461000\n|gametype|singles\n|player|p1|Tomi11|101|1328\n|player|p2|sayed118|bellelba|1309\n|gen|9\n|tier|[Gen 9] Random Battle\n|rated|\n|rule|Species Clause: Limit one of each Pok\u00e9mon\n|rule|HP Percentage Mod: HP is shown in percentages\n|rule|Sleep Clause Mod: Limit one foe put to sleep\n|rule|Illusion Level Mod: Illusion disguises the Pok\u00e9mon's true level\n|\n|t:|1781461000\n|teamsize|p1|6\n|teamsize|p2|6\n|start\n|switch|p1a: Florges|Florges, L85, F|271/271\n|switch|p2a: Chesnaught|Chesnaught, L84, F|285/285\n|turn|1\n|inactive|Battle timer is ON: inactive players will automatically lose when time's up. (requested by sayed118)\n|\n|t:|1781461014\n|move|p1a: Florges|Moonblast|p2a: Chesnaught\n|-supereffective|p2a: Chesnaught\n|-damage|p2a: Chesnaught|19/285\n|-unboost|p2a: Chesnaught|spa|1\n|move|p2a: Chesnaught|Knock Off|p1a: Florges\n|-resisted|p1a: Florges\n|-damage|p1a: Florges|224/271\n|-enditem|p1a: Florges|Leftovers|[from] move: Knock Off|[of] p2a: Chesnaught\n|\n|upkeep\n|turn|2\n|\n|t:|1781461024\n|move|p1a: Florges|Moonblast|p2a: Chesnaught\n|-supereffective|p2a: Chesnaught\n|-damage|p2a: Chesnaught|0 fnt\n|faint|p2a: Chesnaught\n|\n|upkeep\n|\n|t:|1781461036\n|switch|p2a: Quaquaval|Quaquaval, L79, F|264/264\n|turn|3\n|\n|t:|1781461042\n|-terastallize|p2a: Quaquaval|Steel\n|move|p2a: Quaquaval|Swords Dance|p2a: Quaquaval\n|-boost|p2a: Quaquaval|atk|2\n|move|p1a: Florges|Moonblast|p2a: Quaquaval\n|-resisted|p2a: Quaquaval\n|-damage|p2a: Quaquaval|190/264\n|\n|upkeep\n|turn|4\n|\n|t:|1781461065\n|switch|p1a: Raichu|Raichu, L88, M|249/249\n|move|p2a: Quaquaval|Aqua Step|p1a: Raichu\n|-damage|p1a: Raichu|0 fnt\n|-boost|p2a: Quaquaval|spe|1\n|faint|p1a: Raichu\n|-ability|p2a: Quaquaval|Moxie|boost\n|-boost|p2a: Quaquaval|atk|1\n|-damage|p2a: Quaquaval|164/264|[from] item: Life Orb\n|\n|upkeep\n|\n|t:|1781461078\n|switch|p1a: Passimian|Passimian, L83, F|302/302\n|turn|5\n|\n|t:|1781461084\n|move|p2a: Quaquaval|Aqua Step|p1a: Passimian\n|-damage|p1a: Passimian|32/302\n|-boost|p2a: Quaquaval|spe|1\n|-damage|p2a: Quaquaval|138/264|[from] item: Life Orb\n|move|p1a: Passimian|Close Combat|p2a: Quaquaval\n|-supereffective|p2a: Quaquaval\n|-damage|p2a: Quaquaval|0 fnt\n|-unboost|p1a: Passimian|def|1\n|-unboost|p1a: Passimian|spd|1\n|faint|p2a: Quaquaval\n|\n|upkeep\n|\n|t:|1781461092\n|switch|p2a: Oricorio|Oricorio, L84, F|263/263\n|turn|6\n|\n|t:|1781461101\n|move|p2a: Oricorio|Quiver Dance|p2a: Oricorio\n|-boost|p2a: Oricorio|spa|1\n|-boost|p2a: Oricorio|spd|1\n|-boost|p2a: Oricorio|spe|1\n|move|p1a: Passimian|Close Combat|p2a: Oricorio\n|-resisted|p2a: Oricorio\n|-damage|p2a: Oricorio|134/263\n|-unboost|p1a: Passimian|def|1\n|-unboost|p1a: Passimian|spd|1\n|\n|upkeep\n|turn|7\n|\n|t:|1781461114\n|move|p2a: Oricorio|Revelation Dance|p1a: Passimian\n|-damage|p1a: Passimian|0 fnt\n|faint|p1a: Passimian\n|\n|upkeep\n|\n|t:|1781461121\n|switch|p1a: Kyogre|Kyogre, L71|259/259\n|-weather|RainDance|[from] ability: Drizzle|[of] p1a: Kyogre\n|turn|8\n|\n|t:|1781461132\n|move|p2a: Oricorio|Hurricane|p1a: Kyogre\n|-damage|p1a: Kyogre|114/259\n|-start|p1a: Kyogre|confusion\n|-activate|p1a: Kyogre|confusion\n|move|p1a: Kyogre|Origin Pulse|p2a: Oricorio\n|-supereffective|p2a: Oricorio\n|-damage|p2a: Oricorio|0 fnt\n|faint|p2a: Oricorio\n|\n|-weather|RainDance|[upkeep]\n|-heal|p1a: Kyogre|130/259|[from] item: Leftovers\n|upkeep\n|\n|t:|1781461143\n|switch|p2a: Spidops|Spidops, L96, F|271/271\n|turn|9\n|\n|t:|1781461147\n|-activate|p1a: Kyogre|confusion\n|move|p1a: Kyogre|Origin Pulse|p2a: Spidops\n|-damage|p2a: Spidops|96/271\n|move|p2a: Spidops|U-turn|p1a: Kyogre\n|-damage|p1a: Kyogre|28/259\n|\n|t:|1781461152\n|switch|p2a: Flutter Mane|Flutter Mane, L74|203/203|[from] U-turn\n|\n|-weather|RainDance|[upkeep]\n|-heal|p1a: Kyogre|44/259|[from] item: Leftovers\n|upkeep\n|turn|10\n|\n|t:|1781461160\n|move|p2a: Flutter Mane|Psyshock|p1a: Kyogre\n|-damage|p1a: Kyogre|0 fnt\n|faint|p1a: Kyogre\n|\n|-weather|RainDance|[upkeep]\n|upkeep\n|\n|t:|1781461170\n|switch|p1a: Ampharos|Ampharos, L88, F|302/302\n|turn|11\n|\n|t:|1781461174\n|move|p2a: Flutter Mane|Psyshock|p1a: Ampharos\n|-damage|p1a: Ampharos|219/302\n|move|p1a: Ampharos|Thunderbolt|p2a: Flutter Mane\n|-damage|p2a: Flutter Mane|46/203\n|\n|-weather|RainDance|[upkeep]\n|upkeep\n|turn|12\n|\n|t:|1781461183\n|move|p2a: Flutter Mane|Psyshock|p1a: Ampharos\n|-damage|p1a: Ampharos|128/302\n|move|p1a: Ampharos|Thunderbolt|p2a: Flutter Mane\n|-damage|p2a: Flutter Mane|0 fnt\n|faint|p2a: Flutter Mane\n|-end|p2a: Flutter Mane|Protosynthesis|[silent]\n|\n|-weather|none\n|upkeep\n|-message|sayed118 forfeited.\n|\n|win|Tomi11\n|raw|Tomi11's rating: 1328 &rarr; <strong>1347</strong><br />(+19 for winning)\n|raw|sayed118's rating: 1309 &rarr; <strong>1290</strong><br />(-19 for losing)\n|l|\u2606sayed118\n|player|p2|\n", "inputlog": ">version a8376a258c1d4662feba110a92103f3664a72141\n>start {\"formatid\":\"gen9randombattle\",\"seed\":\"sodium,fac092f60e7bc2b05e2935e1eaab5eb4\",\"rated\":\"Rated battle\"}\n>player p1 {\"name\":\"Tomi11\",\"avatar\":\"101\",\"rating\":1328,\"seed\":\"sodium,e20fbcba551a191803fd6c7a9a407fff\"}\n>player p2 {\"name\":\"sayed118\",\"avatar\":\"bellelba\",\"rating\":1309,\"seed\":\"sodium,16e905a83fbc11b963990a14afc29c3d\"}\n>p1 move moonblast\n>p2 move knockoff\n>p1 move moonblast\n>p2 move bodypress\n>p2 switch 3\n>p1 move moonblast\n>p2 move swordsdance terastallize\n>p1 switch 4\n>p2 move aquastep\n>p1 switch 5\n>p1 move closecombat\n>p2 move aquastep\n>p2 switch 6\n>p1 move closecombat\n>p2 move quiverdance\n>p1 move closecombat\n>p2 move revelationdance\n>p1 switch 6\n>p1 move originpulse\n>p2 move hurricane\n>p2 switch 2\n>p1 move originpulse\n>p2 move uturn\n>p2 switch 5\n>p1 move originpulse\n>p2 move psyshock\n>p1 switch 3\n>p1 move thunderbolt\n>p2 move psyshock\n>p1 move thunderbolt\n>p2 move psyshock\n>forcelose p2", "uploadtime": 1781461196, "views": 7, "formatid": "gen9randombattle", "rating": 1290, "private": 0, "password": null}