{"id": "gen9randombattle-2631936428", "format": "[Gen 9] Random Battle", "players": ["WumboMumboJumbo", "whatisnexthuh"], "log": "|j|\u2606WumboMumboJumbo\n|j|\u2606whatisnexthuh\n|t:|1781457520\n|gametype|singles\n|player|p1|WumboMumboJumbo|265|2028\n|player|p2|whatisnexthuh|aromalady|2200\n|gen|9\n|tier|[Gen 9] Random Battle\n|rated|\n|rule|Species Clause: Limit one of each Pok\u00e9mon\n|rule|HP Percentage Mod: HP is shown in percentages\n|rule|Sleep Clause Mod: Limit one foe put to sleep\n|rule|Illusion Level Mod: Illusion disguises the Pok\u00e9mon's true level\n|\n|t:|1781457520\n|teamsize|p1|6\n|teamsize|p2|6\n|start\n|switch|p1a: Piloswine|Piloswine, L85, M|309/309\n|switch|p2a: Zebstrika|Zebstrika, L87, M|272/272\n|turn|1\n|inactive|Battle timer is ON: inactive players will automatically lose when time's up. (requested by WumboMumboJumbo)\n|\n|t:|1781457538\n|switch|p2a: Oricorio|Oricorio, L84, F|263/263\n|move|p1a: Piloswine|Earthquake|p2a: Oricorio\n|-immune|p2a: Oricorio\n|\n|upkeep\n|turn|2\n|\n|t:|1781457548\n|move|p2a: Oricorio|Quiver Dance|p2a: Oricorio\n|-boost|p2a: Oricorio|spa|1\n|-boost|p2a: Oricorio|spd|1\n|-boost|p2a: Oricorio|spe|1\n|move|p1a: Piloswine|Roar|p2a: Oricorio\n|drag|p2a: Ribombee|Ribombee, L83, F|235/235\n|\n|upkeep\n|turn|3\n|\n|t:|1781457557\n|switch|p2a: Oricorio|Oricorio, L84, F|263/263\n|move|p1a: Piloswine|Icicle Crash|p2a: Oricorio|[miss]\n|-miss|p1a: Piloswine|p2a: Oricorio\n|\n|upkeep\n|turn|4\n|\n|t:|1781457562\n|switch|p1a: Houndoom|Houndoom, L87, F|272/272\n|move|p2a: Oricorio|Hurricane|p1a: Houndoom|[miss]\n|-miss|p2a: Oricorio|p1a: Houndoom\n|\n|upkeep\n|turn|5\n|\n|t:|1781457566\n|move|p1a: Houndoom|Dark Pulse|p2a: Oricorio\n|-damage|p2a: Oricorio|154/263\n|move|p2a: Oricorio|Quiver Dance|p2a: Oricorio\n|-boost|p2a: Oricorio|spa|1\n|-boost|p2a: Oricorio|spd|1\n|-boost|p2a: Oricorio|spe|1\n|\n|upkeep\n|turn|6\n|\n|t:|1781457573\n|move|p2a: Oricorio|Hurricane|p1a: Houndoom\n|-damage|p1a: Houndoom|103/272\n|move|p1a: Houndoom|Dark Pulse|p2a: Oricorio\n|-damage|p2a: Oricorio|78/263\n|\n|upkeep\n|turn|7\n|\n|t:|1781457579\n|move|p1a: Houndoom|Sucker Punch||[still]\n|-fail|p1a: Houndoom\n|move|p2a: Oricorio|Roost|p2a: Oricorio\n|-heal|p2a: Oricorio|210/263\n|-singleturn|p2a: Oricorio|move: Roost\n|\n|upkeep\n|turn|8\n|\n|t:|1781457583\n|move|p1a: Houndoom|Sucker Punch||[still]\n|-fail|p1a: Houndoom\n|move|p2a: Oricorio|Quiver Dance|p2a: Oricorio\n|-boost|p2a: Oricorio|spa|1\n|-boost|p2a: Oricorio|spd|1\n|-boost|p2a: Oricorio|spe|1\n|\n|upkeep\n|turn|9\n|\n|t:|1781457593\n|move|p2a: Oricorio|Hurricane|p1a: Houndoom\n|-damage|p1a: Houndoom|0 fnt\n|faint|p1a: Houndoom\n|\n|upkeep\n|\n|t:|1781457603\n|switch|p1a: Inteleon|Inteleon, L81, F|246/246\n|turn|10\n|\n|t:|1781457608\n|move|p2a: Oricorio|Hurricane|p1a: Inteleon\n|-damage|p1a: Inteleon|0 fnt\n|faint|p1a: Inteleon\n|\n|upkeep\n|\n|t:|1781457611\n|switch|p1a: Piloswine|Piloswine, L85, M|309/309\n|turn|11\n|\n|t:|1781457615\n|-terastallize|p1a: Piloswine|Dragon\n|move|p2a: Oricorio|Revelation Dance|p1a: Piloswine\n|-resisted|p1a: Piloswine\n|-damage|p1a: Piloswine|270/309\n|move|p1a: Piloswine|Roar|p2a: Oricorio\n|drag|p2a: Ribombee|Ribombee, L83, F|235/235\n|\n|upkeep\n|turn|12\n|\n|t:|1781457624\n|switch|p1a: Squawkabilly|Squawkabilly-White, L89, F|291/291\n|move|p2a: Ribombee|Moonblast|p1a: Squawkabilly\n|-damage|p1a: Squawkabilly|146/291\n|-unboost|p1a: Squawkabilly|spa|1\n|\n|upkeep\n|turn|13\n|\n|t:|1781457636\n|switch|p2a: Decidueye|Decidueye, L88, F|281/281\n|move|p1a: Squawkabilly|Brave Bird|p2a: Decidueye\n|-supereffective|p2a: Decidueye\n|-damage|p2a: Decidueye|0 fnt\n|faint|p2a: Decidueye\n|-damage|p1a: Squawkabilly|53/291|[from] Recoil\n|\n|upkeep\n|\n|t:|1781457645\n|switch|p2a: Zebstrika|Zebstrika, L87, M|272/272\n|turn|14\n|\n|t:|1781457648\n|move|p1a: Squawkabilly|Quick Attack|p2a: Zebstrika|[miss]\n|-miss|p1a: Squawkabilly|p2a: Zebstrika\n|move|p2a: Zebstrika|Volt Switch|p1a: Squawkabilly\n|-supereffective|p1a: Squawkabilly\n|-damage|p1a: Squawkabilly|0 fnt\n|faint|p1a: Squawkabilly\n|-damage|p2a: Zebstrika|245/272|[from] item: Life Orb\n|\n|t:|1781457652\n|switch|p2a: Ribombee|Ribombee, L83, F|235/235|[from] Volt Switch\n|\n|upkeep\n|\n|t:|1781457655\n|switch|p1a: Floatzel|Floatzel, L86, M|286/286\n|turn|15\n|\n|t:|1781457669\n|move|p2a: Ribombee|Moonblast|p1a: Floatzel\n|-damage|p1a: Floatzel|145/286\n|-unboost|p1a: Floatzel|spa|1\n|move|p1a: Floatzel|Wave Crash|p2a: Ribombee\n|-damage|p2a: Ribombee|0 fnt\n|faint|p2a: Ribombee\n|-damage|p1a: Floatzel|67/286|[from] Recoil\n|\n|upkeep\n|\n|t:|1781457680\n|switch|p2a: Zebstrika|Zebstrika, L87, M|245/272\n|turn|16\n|\n|t:|1781457682\n|switch|p1a: Piloswine|Piloswine, L85, M, tera:Dragon|270/309\n|move|p2a: Zebstrika|Volt Switch|p1a: Piloswine\n|-resisted|p1a: Piloswine\n|-damage|p1a: Piloswine|231/309\n|-damage|p2a: Zebstrika|218/272|[from] item: Life Orb\n|\n|t:|1781457689\n|switch|p2a: Oricorio|Oricorio, L84, F|210/263|[from] Volt Switch\n|\n|upkeep\n|turn|17\n|\n|t:|1781457693\n|move|p2a: Oricorio|Hurricane|p1a: Piloswine\n|-damage|p1a: Piloswine|132/309\n|move|p1a: Piloswine|Icicle Crash|p2a: Oricorio|[miss]\n|-miss|p1a: Piloswine|p2a: Oricorio\n|\n|upkeep\n|turn|18\n|\n|t:|1781457698\n|move|p2a: Oricorio|Hurricane|p1a: Piloswine|[miss]\n|-miss|p2a: Oricorio|p1a: Piloswine\n|move|p1a: Piloswine|Icicle Crash|p2a: Oricorio\n|-damage|p2a: Oricorio|93/263\n|\n|upkeep\n|turn|19\n|\n|t:|1781457705\n|move|p2a: Oricorio|Hurricane|p1a: Piloswine\n|-damage|p1a: Piloswine|36/309\n|-start|p1a: Piloswine|confusion\n|-activate|p1a: Piloswine|confusion\n|move|p1a: Piloswine|Earthquake|p2a: Oricorio\n|-immune|p2a: Oricorio\n|\n|upkeep\n|turn|20\n|\n|t:|1781457709\n|-activate|p1a: Piloswine|confusion\n|-damage|p1a: Piloswine|4/309|[from] confusion\n|move|p2a: Oricorio|Hurricane|p1a: Piloswine\n|-damage|p1a: Piloswine|0 fnt\n|faint|p1a: Piloswine\n|\n|upkeep\n|\n|t:|1781457711\n|switch|p1a: Floatzel|Floatzel, L86, M|67/286\n|turn|21\n|\n|t:|1781457724\n|switch|p2a: Garchomp|Garchomp, L74, M|282/282\n|move|p1a: Floatzel|Flip Turn|p2a: Garchomp\n|-damage|p2a: Garchomp|162/282\n|-damage|p1a: Floatzel|32/286|[from] ability: Rough Skin|[of] p2a: Garchomp\n|\n|t:|1781457727\n|switch|p1a: Chien-Pao|Chien-Pao, L72|234/234|[from] Flip Turn\n|-ability|p1a: Chien-Pao|Sword of Ruin\n|\n|upkeep\n|turn|22\n|\n|t:|1781457742\n|-terastallize|p2a: Garchomp|Steel\n|move|p1a: Chien-Pao|Swords Dance|p1a: Chien-Pao\n|-boost|p1a: Chien-Pao|atk|2\n|move|p2a: Garchomp|Iron Head|p1a: Chien-Pao\n|-supereffective|p1a: Chien-Pao\n|-damage|p1a: Chien-Pao|36/234\n|\n|upkeep\n|turn|23\n|\n|t:|1781457753\n|move|p1a: Chien-Pao|Throat Chop|p2a: Garchomp\n|-damage|p2a: Garchomp|0 fnt\n|-damage|p1a: Chien-Pao|7/234|[from] ability: Rough Skin|[of] p2a: Garchomp\n|faint|p2a: Garchomp\n|\n|upkeep\n|\n|t:|1781457761\n|switch|p2a: Zebstrika|Zebstrika, L87, M|218/272\n|turn|24\n|\n|t:|1781457767\n|move|p1a: Chien-Pao|Sucker Punch|p2a: Zebstrika\n|-damage|p2a: Zebstrika|0 fnt\n|faint|p2a: Zebstrika\n|\n|upkeep\n|-message|whatisnexthuh forfeited.\n|\n|win|WumboMumboJumbo\n", "inputlog": ">version a8376a258c1d4662feba110a92103f3664a72141\n>start {\"formatid\":\"gen9randombattle\",\"seed\":\"sodium,fa1c08e6b112cf31d16aa3ffa10b079c\",\"rated\":\"Rated battle\"}\n>player p1 {\"name\":\"WumboMumboJumbo\",\"avatar\":\"265\",\"rating\":2028,\"seed\":\"sodium,5defff3b4ba47cc3252d4e84ecf2eddd\"}\n>player p2 {\"name\":\"whatisnexthuh\",\"avatar\":\"aromalady\",\"rating\":2200,\"seed\":\"sodium,3d75c9214dbd6a6b3c53124ae0c8e0d3\"}\n>p1 move earthquake\n>p2 switch 6\n>p1 move roar\n>p2 move quiverdance\n>p1 move iciclecrash\n>p2 switch 4\n>p1 switch 3\n>p2 move hurricane\n>p1 move darkpulse\n>p2 move quiverdance\n>p1 move darkpulse\n>p2 move hurricane\n>p1 move suckerpunch\n>p2 move roost\n>p1 move suckerpunch\n>p2 move quiverdance\n>p1 move darkpulse\n>p2 move hurricane\n>p1 switch 6\n>p1 move hydropump\n>p2 move hurricane\n>p1 switch 3\n>p1 move roar terastallize\n>p2 move revelationdance\n>p1 switch 5\n>p2 move moonblast\n>p1 move bravebird\n>p2 switch 2\n>p2 switch 6\n>p1 move quickattack\n>p2 move voltswitch\n>p2 switch 2\n>p1 switch 4\n>p1 move wavecrash\n>p2 move moonblast\n>p2 switch 2\n>p1 switch 5\n>p2 move voltswitch\n>p2 switch 4\n>p1 move iciclecrash\n>p2 move hurricane\n>p1 move iciclecrash\n>p2 move hurricane\n>p1 move earthquake\n>p2 move hurricane\n>p1 move iceshard\n>p2 move hurricane\n>p1 switch 5\n>p1 move flipturn\n>p2 switch 3\n>p1 switch 2\n>p1 move swordsdance\n>p2 move ironhead terastallize\n>p1 move throatchop\n>p2 move earthquake\n>p2 switch 4\n>p1 move suckerpunch\n>p2 move voltswitch\n>forcelose p2", "uploadtime": 1781457521, "views": 4, "formatid": "gen9randombattle", "rating": null, "private": 0, "password": null}