{"id": "gen9randombattle-2631712428", "format": "[Gen 9] Random Battle", "players": ["JayClaw", "ftaochaphet"], "log": "|j|\u2606JayClaw\n|j|\u2606ftaochaphet\n|t:|1781426734\n|gametype|singles\n|player|p1|JayClaw|red|2071\n|player|p2|ftaochaphet|102|2102\n|gen|9\n|tier|[Gen 9] Random Battle\n|rated|\n|rule|Species Clause: Limit one of each Pok\u00e9mon\n|rule|HP Percentage Mod: HP is shown in percentages\n|rule|Sleep Clause Mod: Limit one foe put to sleep\n|rule|Illusion Level Mod: Illusion disguises the Pok\u00e9mon's true level\n|\n|t:|1781426734\n|teamsize|p1|6\n|teamsize|p2|6\n|start\n|switch|p1a: Palkia|Palkia, L75|259/259\n|switch|p2a: Granbull|Granbull, L88, M|302/302\n|-ability|p1a: Palkia|Pressure\n|-ability|p2a: Granbull|Intimidate|boost\n|-unboost|p1a: Palkia|atk|1\n|turn|1\n|inactive|Battle timer is ON: inactive players will automatically lose when time's up. (requested by ftaochaphet)\n|inactive|JayClaw has 120 seconds left.\n|\n|t:|1781426778\n|switch|p1a: Forretress|Forretress, L84, M|263/263\n|move|p2a: Granbull|Play Rough|p1a: Forretress|[miss]\n|-miss|p2a: Granbull|p1a: Forretress\n|\n|upkeep\n|turn|2\n|\n|t:|1781426790\n|switch|p2a: Azelf|Azelf, L82|257/257\n|move|p1a: Forretress|Thunder Wave|p2a: Azelf\n|-status|p2a: Azelf|par\n|\n|upkeep\n|turn|3\n|inactive|JayClaw has 120 seconds left.\n|\n|t:|1781426826\n|switch|p1a: Palkia|Palkia, L75|259/259\n|-ability|p1a: Palkia|Pressure\n|move|p2a: Azelf|Psychic|p1a: Palkia\n|-crit|p1a: Palkia\n|-damage|p1a: Palkia|60/259\n|\n|upkeep\n|turn|4\n|inactive|JayClaw has 120 seconds left.\n|\n|t:|1781426834\n|move|p1a: Palkia|Spacial Rend|p2a: Azelf\n|-damage|p2a: Azelf|79/257 par\n|move|p2a: Azelf|Psychic|p1a: Palkia\n|-crit|p1a: Palkia\n|-damage|p1a: Palkia|0 fnt\n|faint|p1a: Palkia\n|\n|upkeep\n|inactive|JayClaw has 120 seconds left.\n|inactive|JayClaw has 90 seconds left.\n|\n|t:|1781426871\n|switch|p1a: Forretress|Forretress, L84, M|263/263\n|turn|5\n|\n|t:|1781426877\n|move|p2a: Azelf|Psychic|p1a: Forretress\n|-resisted|p1a: Forretress\n|-damage|p1a: Forretress|162/263\n|move|p1a: Forretress|Stealth Rock|p2a: Azelf\n|-sidestart|p2: ftaochaphet|move: Stealth Rock\n|\n|-heal|p1a: Forretress|178/263|[from] item: Leftovers\n|upkeep\n|turn|6\n|inactive|JayClaw has 90 seconds left.\n|\n|t:|1781426902\n|move|p2a: Azelf|Psychic|p1a: Forretress\n|-resisted|p1a: Forretress\n|-damage|p1a: Forretress|64/263\n|move|p1a: Forretress|Iron Head|p2a: Azelf\n|-damage|p2a: Azelf|0 fnt\n|faint|p2a: Azelf\n|\n|-heal|p1a: Forretress|80/263|[from] item: Leftovers\n|upkeep\n|inactive|ftaochaphet has 120 seconds left.\n|\n|t:|1781426933\n|switch|p2a: Crabominable|Crabominable, L90, M|321/321\n|-damage|p2a: Crabominable|281/321|[from] Stealth Rock\n|turn|7\n|inactive|JayClaw has 90 seconds left.\n|inactive|JayClaw has 60 seconds left.\n|inactive|JayClaw has 30 seconds left.\n|inactive|JayClaw has 20 seconds left.\n|inactive|JayClaw has 15 seconds left.\n|\n|t:|1781427018\n|switch|p1a: Iron Moth|Iron Moth, L78|253/253\n|move|p2a: Crabominable|Drain Punch|p1a: Iron Moth\n|-resisted|p1a: Iron Moth\n|-damage|p1a: Iron Moth|150/253\n|-heal|p2a: Crabominable|321/321|[from] drain|[of] p1a: Iron Moth\n|\n|upkeep\n|turn|8\n|inactive|JayClaw has 25 seconds left this turn.\n|inactive|JayClaw has 20 seconds left.\n|inactive|JayClaw has 15 seconds left.\n|\n|t:|1781427032\n|-end|p1a: Iron Moth|Quark Drive|[silent]\n|switch|p1a: Cresselia|Cresselia, L80, F|323/323\n|switch|p2a: Hydreigon|Hydreigon, L79, F|275/275\n|-damage|p2a: Hydreigon|241/275|[from] Stealth Rock\n|\n|upkeep\n|turn|9\n|inactive|JayClaw has 25 seconds left this turn.\n|inactive|JayClaw has 20 seconds left.\n|inactive|JayClaw has 15 seconds left.\n|\n|t:|1781427042\n|switch|p1a: Forretress|Forretress, L84, M|80/263\n|move|p2a: Hydreigon|Dark Pulse|p1a: Forretress\n|-damage|p1a: Forretress|0 fnt\n|faint|p1a: Forretress\n|\n|upkeep\n|inactive|JayClaw has 20 seconds left this turn.\n|inactive|JayClaw has 15 seconds left.\n|inactive|JayClaw has 10 seconds left.\n|\n|t:|1781427053\n|switch|p1a: Iron Moth|Iron Moth, L78|150/253\n|turn|10\n|inactive|JayClaw has 20 seconds left this turn.\n|inactive|JayClaw has 15 seconds left.\n|\n|t:|1781427064\n|move|p1a: Iron Moth|Morning Sun|p1a: Iron Moth\n|-heal|p1a: Iron Moth|253/253\n|move|p2a: Hydreigon|Dark Pulse|p1a: Iron Moth\n|-damage|p1a: Iron Moth|127/253\n|\n|upkeep\n|turn|11\n|inactive|JayClaw has 25 seconds left this turn.\n|inactive|JayClaw has 20 seconds left.\n|\n|t:|1781427070\n|move|p1a: Iron Moth|Sludge Wave|p2a: Hydreigon\n|-damage|p2a: Hydreigon|127/275\n|move|p2a: Hydreigon|Dark Pulse|p1a: Iron Moth\n|-damage|p1a: Iron Moth|0 fnt\n|faint|p1a: Iron Moth\n|-end|p1a: Iron Moth|Quark Drive|[silent]\n|\n|upkeep\n|inactive|JayClaw has 25 seconds left this turn.\n|inactive|JayClaw has 20 seconds left.\n|\n|t:|1781427078\n|switch|p1a: Froslass|Froslass, L87, F|263/263\n|turn|12\n|inactive|JayClaw has 30 seconds left this turn.\n|\n|t:|1781427089\n|switch|p2a: Weezing|Weezing-Galar, L86, M|252/252\n|-damage|p2a: Weezing|221/252|[from] Stealth Rock\n|move|p1a: Froslass|Triple Axel|p2a: Weezing\n|-damage|p2a: Weezing|206/252\n|-damage|p2a: Weezing|173/252\n|-damage|p2a: Weezing|125/252\n|-hitcount|p2a: Weezing|3\n|\n|-heal|p2a: Weezing|140/252|[from] item: Leftovers\n|upkeep\n|turn|13\n|inactive|JayClaw has 30 seconds left.\n|\n|t:|1781427095\n|switch|p1a: Cresselia|Cresselia, L80, F|323/323\n|move|p2a: Weezing|Pain Split|p1a: Cresselia\n|-sethp|p1a: Cresselia|231/323|[from] move: Pain Split|[silent]\n|-sethp|p2a: Weezing|231/252|[from] move: Pain Split\n|\n|-heal|p1a: Cresselia|251/323|[from] item: Leftovers\n|-heal|p2a: Weezing|246/252|[from] item: Leftovers\n|upkeep\n|turn|14\n|\n|t:|1781427106\n|switch|p2a: Granbull|Granbull, L88, M|302/302\n|-damage|p2a: Granbull|265/302|[from] Stealth Rock\n|-ability|p2a: Granbull|Intimidate|boost\n|-unboost|p1a: Cresselia|atk|1\n|move|p1a: Cresselia|Calm Mind|p1a: Cresselia\n|-boost|p1a: Cresselia|spa|1\n|-boost|p1a: Cresselia|spd|1\n|\n|-heal|p1a: Cresselia|271/323|[from] item: Leftovers\n|-heal|p2a: Granbull|283/302|[from] item: Leftovers\n|upkeep\n|turn|15\n|\n|t:|1781427111\n|move|p1a: Cresselia|Psyshock|p2a: Granbull\n|-damage|p2a: Granbull|174/302\n|move|p2a: Granbull|Thunder Wave|p1a: Cresselia\n|-status|p1a: Cresselia|par\n|\n|-heal|p2a: Granbull|192/302|[from] item: Leftovers\n|-heal|p1a: Cresselia|291/323 par|[from] item: Leftovers\n|upkeep\n|turn|16\n|\n|t:|1781427118\n|move|p2a: Granbull|Play Rough|p1a: Cresselia\n|-damage|p1a: Cresselia|176/323 par\n|move|p1a: Cresselia|Psyshock|p2a: Granbull\n|-damage|p2a: Granbull|95/302\n|\n|-heal|p2a: Granbull|113/302|[from] item: Leftovers\n|-heal|p1a: Cresselia|196/323 par|[from] item: Leftovers\n|upkeep\n|turn|17\n|\n|t:|1781427129\n|move|p2a: Granbull|Play Rough|p1a: Cresselia|[miss]\n|-miss|p2a: Granbull|p1a: Cresselia\n|move|p1a: Cresselia|Moonlight|p1a: Cresselia\n|-heal|p1a: Cresselia|323/323 par\n|\n|-heal|p2a: Granbull|131/302|[from] item: Leftovers\n|upkeep\n|turn|18\n|\n|t:|1781427135\n|switch|p1a: Froslass|Froslass, L87, F|263/263\n|move|p2a: Granbull|Encore||[still]\n|-fail|p2a: Granbull\n|\n|-heal|p2a: Granbull|149/302|[from] item: Leftovers\n|upkeep\n|turn|19\n|\n|t:|1781427138\n|switch|p1a: Cresselia|Cresselia, L80, F|323/323 par\n|move|p2a: Granbull|Thunder Wave|p1a: Cresselia\n|-fail|p1a: Cresselia|par\n|\n|-heal|p2a: Granbull|167/302|[from] item: Leftovers\n|upkeep\n|turn|20\n|\n|t:|1781427144\n|move|p2a: Granbull|Play Rough|p1a: Cresselia\n|-damage|p1a: Cresselia|209/323 par\n|-unboost|p1a: Cresselia|atk|1\n|move|p1a: Cresselia|Psyshock|p2a: Granbull\n|-damage|p2a: Granbull|101/302\n|\n|-heal|p2a: Granbull|119/302|[from] item: Leftovers\n|-heal|p1a: Cresselia|229/323 par|[from] item: Leftovers\n|upkeep\n|turn|21\n|\n|t:|1781427150\n|move|p2a: Granbull|Play Rough|p1a: Cresselia\n|-damage|p1a: Cresselia|120/323 par\n|move|p1a: Cresselia|Psyshock|p2a: Granbull\n|-damage|p2a: Granbull|47/302\n|\n|-heal|p2a: Granbull|65/302|[from] item: Leftovers\n|-heal|p1a: Cresselia|140/323 par|[from] item: Leftovers\n|upkeep\n|turn|22\n|\n|t:|1781427157\n|move|p2a: Granbull|Encore|p1a: Cresselia\n|-start|p1a: Cresselia|Encore\n|move|p1a: Cresselia|Psyshock|p2a: Granbull\n|-damage|p2a: Granbull|0 fnt\n|faint|p2a: Granbull\n|\n|-heal|p1a: Cresselia|160/323 par|[from] item: Leftovers\n|upkeep\n|\n|t:|1781427159\n|switch|p2a: Hydreigon|Hydreigon, L79, F|127/275\n|-damage|p2a: Hydreigon|93/275|[from] Stealth Rock\n|turn|23\n|\n|t:|1781427166\n|move|p2a: Hydreigon|Dark Pulse|p1a: Cresselia\n|-supereffective|p1a: Cresselia\n|-damage|p1a: Cresselia|0 fnt\n|faint|p1a: Cresselia\n|\n|upkeep\n|\n|t:|1781427169\n|switch|p1a: Froslass|Froslass, L87, F|263/263\n|turn|24\n|\n|t:|1781427174\n|move|p1a: Froslass|Triple Axel|p2a: Hydreigon\n|-supereffective|p2a: Hydreigon\n|-damage|p2a: Hydreigon|55/275\n|-supereffective|p2a: Hydreigon\n|-damage|p2a: Hydreigon|0 fnt\n|faint|p2a: Hydreigon\n|-hitcount|p2: Hydreigon|2\n|\n|upkeep\n|\n|t:|1781427178\n|switch|p2a: Crabominable|Crabominable, L90, M|321/321\n|-damage|p2a: Crabominable|281/321|[from] Stealth Rock\n|turn|25\n|\n|t:|1781427182\n|move|p1a: Froslass|Poltergeist|p2a: Crabominable\n|-activate|p2a: Crabominable|move: Poltergeist|Assault Vest\n|-damage|p2a: Crabominable|167/321\n|move|p2a: Crabominable|Knock Off|p1a: Froslass\n|-supereffective|p1a: Froslass\n|-damage|p1a: Froslass|51/263\n|-enditem|p1a: Froslass|Wide Lens|[from] move: Knock Off|[of] p2a: Crabominable\n|\n|upkeep\n|turn|26\n|inactive|JayClaw has 120 seconds left.\n|\n|t:|1781427196\n|switch|p2a: Weezing|Weezing-Galar, L86, M|246/252\n|-damage|p2a: Weezing|215/252|[from] Stealth Rock\n|move|p1a: Froslass|Destiny Bond|p1a: Froslass\n|-singlemove|p1a: Froslass|Destiny Bond\n|\n|-heal|p2a: Weezing|230/252|[from] item: Leftovers\n|upkeep\n|turn|27\n|inactive|JayClaw has 120 seconds left.\n|\n|t:|1781427201\n|move|p1a: Froslass|Spikes|p2a: Weezing\n|-sidestart|p2: ftaochaphet|Spikes\n|move|p2a: Weezing|Strange Steam|p1a: Froslass\n|-damage|p1a: Froslass|0 fnt\n|-start|p2a: Weezing|Disable|Strange Steam|[from] ability: Cursed Body|[of] p1a: Froslass\n|faint|p1a: Froslass\n|\n|-heal|p2a: Weezing|245/252|[from] item: Leftovers\n|upkeep\n|\n|t:|1781427204\n|switch|p1a: Dragonite|Dragonite, L74, M|257/257\n|turn|28\n|\n|t:|1781427214\n|move|p1a: Dragonite|Dragon Dance|p1a: Dragonite\n|-boost|p1a: Dragonite|atk|1\n|-boost|p1a: Dragonite|spe|1\n|move|p2a: Weezing|Gunk Shot|p1a: Dragonite\n|-damage|p1a: Dragonite|188/257\n|\n|-heal|p2a: Weezing|252/252|[from] item: Leftovers\n|upkeep\n|turn|29\n|\n|t:|1781427231\n|switch|p2a: Crabominable|Crabominable, L90, M|167/321\n|-damage|p2a: Crabominable|127/321|[from] Stealth Rock\n|-damage|p2a: Crabominable|87/321|[from] Spikes\n|-terastallize|p1a: Dragonite|Flying\n|move|p1a: Dragonite|Tera Blast|p2a: Crabominable|[anim] Tera Blast Flying\n|-supereffective|p2a: Crabominable\n|-damage|p2a: Crabominable|0 fnt\n|faint|p2a: Crabominable\n|\n|upkeep\n|\n|t:|1781427235\n|switch|p2a: Weezing|Weezing-Galar, L86, M|252/252\n|-damage|p2a: Weezing|221/252|[from] Stealth Rock\n|turn|30\n|\n|t:|1781427239\n|-terastallize|p2a: Weezing|Steel\n|move|p1a: Dragonite|Tera Blast|p2a: Weezing|[anim] Tera Blast Flying\n|-resisted|p2a: Weezing\n|-crit|p2a: Weezing\n|-damage|p2a: Weezing|115/252\n|move|p2a: Weezing|Strange Steam|p1a: Dragonite\n|-damage|p1a: Dragonite|103/257\n|\n|-heal|p2a: Weezing|130/252|[from] item: Leftovers\n|upkeep\n|turn|31\n|\n|t:|1781427247\n|move|p1a: Dragonite|Outrage|p2a: Weezing\n|-resisted|p2a: Weezing\n|-damage|p2a: Weezing|61/252\n|move|p2a: Weezing|Gunk Shot|p1a: Dragonite\n|-damage|p1a: Dragonite|0 fnt\n|faint|p1a: Dragonite\n|\n|win|ftaochaphet\n", "inputlog": ">version a8376a258c1d4662feba110a92103f3664a72141\n>start {\"formatid\":\"gen9randombattle\",\"seed\":\"sodium,ae79213d97f2cc91030456b57e16f75a\",\"rated\":\"Rated battle\"}\n>player p1 {\"name\":\"JayClaw\",\"avatar\":\"red\",\"rating\":2071,\"seed\":\"sodium,8a5a0129490bda52fdcd2494c2c18f99\"}\n>player p2 {\"name\":\"ftaochaphet\",\"avatar\":\"102\",\"rating\":2102,\"seed\":\"sodium,e10abd9f507087c27788761b5806d76f\"}\n>p1 switch 2\n>p2 move playrough\n>p1 move thunderwave\n>p2 switch 5\n>p1 switch 2\n>p2 move psychic\n>p1 move spacialrend\n>p2 move psychic\n>p1 switch 2\n>p1 move stealthrock\n>p2 move psychic\n>p1 move ironhead\n>p2 move psychic\n>p2 switch 2\n>p1 switch 4\n>p2 move drainpunch\n>p1 switch 3\n>p2 switch 6\n>p1 switch 4\n>p2 move darkpulse\n>p1 switch 3\n>p1 move morningsun\n>p2 move darkpulse\n>p1 move sludgewave\n>p2 move darkpulse\n>p1 switch 5\n>p1 move tripleaxel\n>p2 switch 4\n>p1 switch 4\n>p2 move painsplit\n>p1 move calmmind\n>p2 switch 5\n>p1 move psyshock\n>p2 move thunderwave\n>p1 move psyshock\n>p2 move playrough\n>p1 move moonlight\n>p2 move playrough\n>p1 switch 4\n>p2 move encore\n>p1 switch 4\n>p2 move thunderwave\n>p1 move psyshock\n>p2 move playrough\n>p1 move psyshock\n>p2 move playrough\n>p1 move moonlight\n>p2 move encore\n>p2 switch 4\n>p1 move psyshock\n>p2 move darkpulse\n>p1 switch 4\n>p1 move tripleaxel\n>p2 move darkpulse\n>p2 switch 6\n>p1 move poltergeist\n>p2 move knockoff\n>p1 move destinybond\n>p2 switch 5\n>p1 move spikes\n>p2 move strangesteam\n>p1 switch 6\n>p1 move dragondance\n>p2 move gunkshot\n>p1 move terablast terastallize\n>p2 switch 5\n>p2 switch 5\n>p1 move terablast\n>p2 move strangesteam terastallize\n>p1 move outrage\n>p2 move gunkshot", "uploadtime": 1781426736, "views": 5, "formatid": "gen9randombattle", "rating": null, "private": 0, "password": null}