{"id": "gen9randombattle-2631941440", "format": "[Gen 9] Random Battle", "players": ["00aa00aa", "Aminator3000"], "log": "|j|\u260600aa00aa\n|j|\u2606Aminator3000\n|t:|1781458075\n|gametype|singles\n|player|p1|00aa00aa|2|1963\n|player|p2|Aminator3000|veteran|1915\n|gen|9\n|tier|[Gen 9] Random Battle\n|rated|\n|rule|Species Clause: Limit one of each Pok\u00e9mon\n|rule|HP Percentage Mod: HP is shown in percentages\n|rule|Sleep Clause Mod: Limit one foe put to sleep\n|rule|Illusion Level Mod: Illusion disguises the Pok\u00e9mon's true level\n|\n|t:|1781458075\n|teamsize|p1|6\n|teamsize|p2|6\n|start\n|switch|p1a: Rampardos|Rampardos, L90, F|321/321\n|switch|p2a: Arceus|Arceus-Fire, L72|291/291\n|turn|1\n|inactive|Battle timer is ON: inactive players will automatically lose when time's up. (requested by Aminator3000)\n|\n|t:|1781458105\n|switch|p2a: Tauros|Tauros-Paldea-Aqua, L81, M|254/254\n|-ability|p2a: Tauros|Intimidate|boost\n|-unboost|p1a: Rampardos|atk|1\n|move|p1a: Rampardos|Head Smash|p2a: Tauros\n|-resisted|p2a: Tauros\n|-damage|p2a: Tauros|171/254\n|-damage|p1a: Rampardos|279/321|[from] Recoil\n|\n|upkeep\n|turn|2\n|\n|t:|1781458129\n|switch|p1a: Jumpluff|Jumpluff, L87, M|271/271\n|move|p2a: Tauros|Liquidation|p1a: Jumpluff\n|-resisted|p1a: Jumpluff\n|-crit|p1a: Jumpluff\n|-damage|p1a: Jumpluff|166/271\n|-damage|p2a: Tauros|146/254|[from] item: Life Orb\n|\n|upkeep\n|turn|3\n|\n|t:|1781458145\n|switch|p2a: Primarina|Primarina, L83, F|268/268\n|move|p1a: Jumpluff|Sleep Powder|p2a: Primarina\n|-status|p2a: Primarina|slp|[from] move: Sleep Powder\n|\n|upkeep\n|turn|4\n|\n|t:|1781458159\n|switch|p1a: Galvantula|Galvantula, L82, M|249/249\n|switch|p2a: Scovillain|Scovillain, L91, F|266/266\n|\n|upkeep\n|turn|5\n|\n|t:|1781458178\n|move|p2a: Scovillain|Overheat|p1a: Galvantula\n|-supereffective|p1a: Galvantula\n|-damage|p1a: Galvantula|0 fnt\n|-unboost|p2a: Scovillain|spa|2\n|faint|p1a: Galvantula\n|\n|upkeep\n|inactive|00aa00aa has 120 seconds left.\n|\n|t:|1781458205\n|switch|p1a: Oricorio|Oricorio-Sensu, L85, F|266/266\n|turn|6\n|\n|t:|1781458212\n|switch|p2a: Braviary|Braviary, L85, M|309/309\n|move|p1a: Oricorio|Quiver Dance|p1a: Oricorio\n|-boost|p1a: Oricorio|spa|1\n|-boost|p1a: Oricorio|spd|1\n|-boost|p1a: Oricorio|spe|1\n|\n|upkeep\n|turn|7\n|inactive|00aa00aa has 120 seconds left.\n|\n|t:|1781458229\n|move|p1a: Oricorio|Hurricane|p2a: Braviary\n|-damage|p2a: Braviary|90/309\n|move|p2a: Braviary|Brave Bird|p1a: Oricorio\n|-damage|p1a: Oricorio|80/266\n|-damage|p2a: Braviary|29/309|[from] Recoil\n|\n|upkeep\n|turn|8\n|\n|t:|1781458243\n|move|p1a: Oricorio|Roost|p1a: Oricorio\n|-heal|p1a: Oricorio|213/266\n|-singleturn|p1a: Oricorio|move: Roost\n|move|p2a: Braviary|Brave Bird|p1a: Oricorio\n|-crit|p1a: Oricorio\n|-damage|p1a: Oricorio|0 fnt\n|faint|p1a: Oricorio\n|-damage|p2a: Braviary|0 fnt|[from] Recoil\n|faint|p2a: Braviary\n|\n|upkeep\n|inactive|00aa00aa has 90 seconds left.\n|\n|t:|1781458276\n|switch|p1a: Carbink|Carbink, L90|236/236\n|switch|p2a: Scovillain|Scovillain, L91, F|266/266\n|turn|9\n|inactive|00aa00aa has 90 seconds left.\n|\n|t:|1781458305\n|-terastallize|p2a: Scovillain|Grass\n|-terastallize|p1a: Carbink|Fighting\n|move|p2a: Scovillain|Leaf Storm|p1a: Carbink\n|-damage|p1a: Carbink|98/236\n|-unboost|p2a: Scovillain|spa|2\n|move|p1a: Carbink|Rock Polish|p1a: Carbink\n|-boost|p1a: Carbink|spe|2\n|\n|-heal|p1a: Carbink|112/236|[from] item: Leftovers\n|upkeep\n|turn|10\n|\n|t:|1781458319\n|move|p2a: Scovillain|Leaf Storm|p1a: Carbink\n|-damage|p1a: Carbink|36/236\n|-unboost|p2a: Scovillain|spa|2\n|move|p1a: Carbink|Iron Defense|p1a: Carbink\n|-boost|p1a: Carbink|def|2\n|\n|-heal|p1a: Carbink|50/236|[from] item: Leftovers\n|upkeep\n|turn|11\n|\n|t:|1781458330\n|move|p1a: Carbink|Body Press|p2a: Scovillain\n|-damage|p2a: Scovillain|0 fnt\n|faint|p2a: Scovillain\n|\n|-heal|p1a: Carbink|64/236|[from] item: Leftovers\n|upkeep\n|inactive|Aminator3000 has 120 seconds left.\n|\n|t:|1781458353\n|switch|p2a: Tauros|Tauros-Paldea-Aqua, L81, M|146/254\n|-ability|p2a: Tauros|Intimidate|boost\n|-unboost|p1a: Carbink|atk|1\n|turn|12\n|\n|t:|1781458359\n|move|p2a: Tauros|Aqua Jet|p1a: Carbink\n|-damage|p1a: Carbink|43/236\n|-damage|p2a: Tauros|121/254|[from] item: Life Orb\n|move|p1a: Carbink|Body Press|p2a: Tauros\n|-damage|p2a: Tauros|0 fnt\n|faint|p2a: Tauros\n|\n|-heal|p1a: Carbink|57/236|[from] item: Leftovers\n|upkeep\n|\n|t:|1781458370\n|switch|p2a: Primarina|Primarina, L83, F|268/268 slp\n|turn|13\n|inactive|00aa00aa has 90 seconds left.\n|\n|t:|1781458381\n|move|p1a: Carbink|Body Press|p2a: Primarina\n|-resisted|p2a: Primarina\n|-damage|p2a: Primarina|109/268 slp\n|cant|p2a: Primarina|slp\n|\n|-heal|p1a: Carbink|71/236|[from] item: Leftovers\n|-heal|p2a: Primarina|125/268 slp|[from] item: Leftovers\n|upkeep\n|turn|14\n|\n|t:|1781458389\n|move|p1a: Carbink|Body Press|p2a: Primarina\n|-resisted|p2a: Primarina\n|-damage|p2a: Primarina|0 fnt\n|faint|p2a: Primarina\n|\n|-heal|p1a: Carbink|85/236|[from] item: Leftovers\n|upkeep\n|-message|Aminator3000 forfeited.\n|\n|win|00aa00aa\n", "inputlog": ">version a8376a258c1d4662feba110a92103f3664a72141\n>start {\"formatid\":\"gen9randombattle\",\"seed\":\"sodium,8d6c44ca85e53a45b20ae0a41d2e27c2\",\"rated\":\"Rated battle\"}\n>player p1 {\"name\":\"00aa00aa\",\"avatar\":\"2\",\"rating\":1963,\"seed\":\"sodium,1c2504049bf5b753e596a7ff4e89c5f6\"}\n>player p2 {\"name\":\"Aminator3000\",\"avatar\":\"veteran\",\"rating\":1915,\"seed\":\"sodium,a2e3bd216cb2ce7ed0d57d9039471b02\"}\n>p1 move headsmash\n>p2 switch 3\n>p1 switch 2\n>p2 move liquidation\n>p1 move sleeppowder\n>p2 switch 4\n>p1 switch 5\n>p2 switch 2\n>p1 move stickyweb\n>p2 move overheat\n>p1 switch 3\n>p1 move quiverdance\n>p2 switch 5\n>p1 move hurricane\n>p2 move bravebird\n>p1 move roost\n>p2 move bravebird\n>p1 switch 4\n>p2 switch 5\n>p1 move rockpolish terastallize\n>p2 move leafstorm terastallize\n>p1 move irondefense\n>p2 move leafstorm\n>p1 move bodypress\n>p2 move leafstorm\n>p2 switch 4\n>p1 move bodypress\n>p2 move aquajet\n>p2 switch 2\n>p1 move bodypress\n>p2 move drainingkiss\n>p1 move bodypress\n>p2 move drainingkiss\n>forcelose p2", "uploadtime": 1781458076, "views": 5, "formatid": "gen9randombattle", "rating": null, "private": 0, "password": null}