{"id": "gen9randombattle-2631936695", "format": "[Gen 9] Random Battle", "players": ["pagenfranskane", "cka.15"], "log": "|j|\u2606pagenfranskane\n|j|\u2606cka.15\n|t:|1781457549\n|gametype|singles\n|player|p1|pagenfranskane|battlegirl|2005\n|player|p2|cka.15|170|2043\n|gen|9\n|tier|[Gen 9] Random Battle\n|rated|\n|rule|Species Clause: Limit one of each Pok\u00e9mon\n|rule|HP Percentage Mod: HP is shown in percentages\n|rule|Sleep Clause Mod: Limit one foe put to sleep\n|rule|Illusion Level Mod: Illusion disguises the Pok\u00e9mon's true level\n|\n|t:|1781457549\n|teamsize|p1|6\n|teamsize|p2|6\n|start\n|switch|p1a: Floatzel|Floatzel, L86, M|286/286\n|switch|p2a: Giratina|Giratina, L75|349/349\n|-ability|p2a: Giratina|Pressure\n|turn|1\n|inactive|Battle timer is ON: inactive players will automatically lose when time's up. (requested by cka.15)\n|\n|t:|1781457553\n|move|p1a: Floatzel|Ice Spinner|p2a: Giratina\n|-supereffective|p2a: Giratina\n|-damage|p2a: Giratina|197/349\n|move|p2a: Giratina|Dragon Pulse|p1a: Floatzel\n|-damage|p1a: Floatzel|184/286\n|\n|-heal|p2a: Giratina|218/349|[from] item: Leftovers\n|upkeep\n|turn|2\n|\n|t:|1781457564\n|switch|p2a: Weezing|Weezing-Galar, L86, M|252/252\n|move|p1a: Floatzel|Ice Spinner|p2a: Weezing\n|-damage|p2a: Weezing|184/252\n|\n|-heal|p2a: Weezing|199/252|[from] item: Leftovers\n|upkeep\n|turn|3\n|\n|t:|1781457570\n|switch|p1a: Venusaur|Venusaur, L84, M|272/272\n|move|p2a: Weezing|Strange Steam|p1a: Venusaur\n|-resisted|p1a: Venusaur\n|-damage|p1a: Venusaur|233/272\n|\n|-heal|p1a: Venusaur|250/272|[from] item: Leftovers\n|-heal|p2a: Weezing|214/252|[from] item: Leftovers\n|upkeep\n|turn|4\n|\n|t:|1781457573\n|move|p1a: Venusaur|Substitute|p1a: Venusaur\n|-start|p1a: Venusaur|Substitute\n|-damage|p1a: Venusaur|182/272\n|move|p2a: Weezing|Will-O-Wisp|p1a: Venusaur|[miss]\n|-miss|p2a: Weezing|p1a: Venusaur\n|\n|-heal|p1a: Venusaur|199/272|[from] item: Leftovers\n|-heal|p2a: Weezing|229/252|[from] item: Leftovers\n|upkeep\n|turn|5\n|\n|t:|1781457579\n|switch|p2a: Donphan|Donphan, L84, M|288/288\n|move|p1a: Venusaur|Sleep Powder|p2a: Donphan\n|-status|p2a: Donphan|slp|[from] move: Sleep Powder\n|\n|-heal|p1a: Venusaur|216/272|[from] item: Leftovers\n|upkeep\n|turn|6\n|\n|t:|1781457586\n|switch|p2a: Vespiquen|Vespiquen, L99, F|299/299\n|-ability|p2a: Vespiquen|Pressure\n|move|p1a: Venusaur|Leech Seed|p2a: Vespiquen\n|-start|p2a: Vespiquen|move: Leech Seed\n|\n|-heal|p1a: Venusaur|233/272|[from] item: Leftovers\n|-damage|p2a: Vespiquen|262/299|[from] Leech Seed|[of] p1a: Venusaur\n|-heal|p1a: Venusaur|270/272|[silent]\n|upkeep\n|turn|7\n|\n|t:|1781457591\n|move|p1a: Venusaur|Sludge Bomb|p2a: Vespiquen\n|-damage|p2a: Vespiquen|184/299\n|move|p2a: Vespiquen|U-turn|p1a: Venusaur\n|-end|p1a: Venusaur|Substitute\n|\n|t:|1781457594\n|switch|p2a: Oranguru|Oranguru, L92, F|315/315|[from] U-turn\n|\n|-heal|p1a: Venusaur|272/272|[from] item: Leftovers\n|upkeep\n|turn|8\n|\n|t:|1781457601\n|switch|p1a: Floatzel|Floatzel, L86, M|184/286\n|move|p2a: Oranguru|Psyshock|p1a: Floatzel\n|-damage|p1a: Floatzel|64/286\n|\n|upkeep\n|turn|9\n|\n|t:|1781457607\n|switch|p2a: Giratina|Giratina, L75|218/349\n|-ability|p2a: Giratina|Pressure\n|move|p1a: Floatzel|Crunch|p2a: Giratina\n|-supereffective|p2a: Giratina\n|-damage|p2a: Giratina|56/349\n|\n|-heal|p2a: Giratina|77/349|[from] item: Leftovers\n|upkeep\n|turn|10\n|\n|t:|1781457613\n|switch|p2a: Weezing|Weezing-Galar, L86, M|229/252\n|move|p1a: Floatzel|Crunch|p2a: Weezing\n|-resisted|p2a: Weezing\n|-damage|p2a: Weezing|194/252\n|-unboost|p2a: Weezing|def|1\n|\n|-heal|p2a: Weezing|209/252|[from] item: Leftovers\n|upkeep\n|turn|11\n|\n|t:|1781457618\n|switch|p1a: Venusaur|Venusaur, L84, M|272/272\n|move|p2a: Weezing|Strange Steam|p1a: Venusaur\n|-resisted|p1a: Venusaur\n|-damage|p1a: Venusaur|228/272\n|-start|p1a: Venusaur|confusion\n|\n|-heal|p1a: Venusaur|245/272|[from] item: Leftovers\n|-heal|p2a: Weezing|224/252|[from] item: Leftovers\n|upkeep\n|turn|12\n|\n|t:|1781457622\n|-activate|p1a: Venusaur|confusion\n|move|p1a: Venusaur|Substitute|p1a: Venusaur\n|-start|p1a: Venusaur|Substitute\n|-damage|p1a: Venusaur|177/272\n|move|p2a: Weezing|Fire Blast|p1a: Venusaur|[miss]\n|-miss|p2a: Weezing|p1a: Venusaur\n|\n|-heal|p1a: Venusaur|194/272|[from] item: Leftovers\n|-heal|p2a: Weezing|239/252|[from] item: Leftovers\n|upkeep\n|turn|13\n|\n|t:|1781457628\n|-activate|p1a: Venusaur|confusion\n|move|p1a: Venusaur|Leech Seed|p2a: Weezing\n|-start|p2a: Weezing|move: Leech Seed\n|move|p2a: Weezing|Fire Blast|p1a: Venusaur\n|-supereffective|p1a: Venusaur\n|-end|p1a: Venusaur|Substitute\n|\n|-heal|p1a: Venusaur|211/272|[from] item: Leftovers\n|-heal|p2a: Weezing|252/252|[from] item: Leftovers\n|-damage|p2a: Weezing|221/252|[from] Leech Seed|[of] p1a: Venusaur\n|-heal|p1a: Venusaur|242/272|[silent]\n|upkeep\n|turn|14\n|\n|t:|1781457631\n|switch|p2a: Spiritomb|Spiritomb, L89, M|234/234\n|-activate|p1a: Venusaur|confusion\n|move|p1a: Venusaur|Substitute|p1a: Venusaur\n|-start|p1a: Venusaur|Substitute\n|-damage|p1a: Venusaur|174/272\n|\n|-heal|p1a: Venusaur|191/272|[from] item: Leftovers\n|upkeep\n|turn|15\n|\n|t:|1781457637\n|-activate|p1a: Venusaur|confusion\n|-damage|p1a: Venusaur|170/272|[from] confusion\n|move|p2a: Spiritomb|Poltergeist|p1a: Venusaur\n|-activate|p1a: Venusaur|move: Poltergeist|Leftovers\n|-damage|p1a: Venusaur|32/272\n|\n|-heal|p1a: Venusaur|49/272|[from] item: Leftovers\n|upkeep\n|turn|16\n|\n|t:|1781457641\n|move|p2a: Spiritomb|Sucker Punch||[still]\n|-fail|p2a: Spiritomb\n|-end|p1a: Venusaur|confusion\n|move|p1a: Venusaur|Leech Seed|p2a: Spiritomb\n|-start|p2a: Spiritomb|move: Leech Seed\n|\n|-heal|p1a: Venusaur|66/272|[from] item: Leftovers\n|-damage|p2a: Spiritomb|205/234|[from] Leech Seed|[of] p1a: Venusaur\n|-heal|p1a: Venusaur|95/272|[silent]\n|upkeep\n|turn|17\n|\n|t:|1781457649\n|move|p1a: Venusaur|Sludge Bomb|p2a: Spiritomb\n|-resisted|p2a: Spiritomb\n|-damage|p2a: Spiritomb|162/234\n|move|p2a: Spiritomb|Poltergeist|p1a: Venusaur\n|-activate|p1a: Venusaur|move: Poltergeist|Leftovers\n|-damage|p1a: Venusaur|0 fnt\n|faint|p1a: Venusaur\n|\n|-heal|p2a: Spiritomb|176/234|[from] item: Leftovers\n|upkeep\n|\n|t:|1781457655\n|switch|p1a: Alcremie|Alcremie-Rainbow-Swirl, L90, F|263/263\n|turn|18\n|\n|t:|1781457660\n|switch|p2a: Weezing|Weezing-Galar, L86, M|221/252\n|move|p1a: Alcremie|Calm Mind|p1a: Alcremie\n|-boost|p1a: Alcremie|spa|1\n|-boost|p1a: Alcremie|spd|1\n|\n|-heal|p2a: Weezing|236/252|[from] item: Leftovers\n|upkeep\n|turn|19\n|\n|t:|1781457668\n|move|p1a: Alcremie|Psyshock|p2a: Weezing\n|-supereffective|p2a: Weezing\n|-damage|p2a: Weezing|72/252\n|move|p2a: Weezing|Strange Steam|p1a: Alcremie|[miss]\n|-miss|p2a: Weezing|p1a: Alcremie\n|\n|-heal|p2a: Weezing|87/252|[from] item: Leftovers\n|upkeep\n|turn|20\n|\n|t:|1781457683\n|-terastallize|p2a: Weezing|Steel\n|move|p1a: Alcremie|Psyshock|p2a: Weezing\n|-resisted|p2a: Weezing\n|-damage|p2a: Weezing|46/252\n|move|p2a: Weezing|Gunk Shot|p1a: Alcremie|[miss]\n|-miss|p2a: Weezing|p1a: Alcremie\n|\n|-heal|p2a: Weezing|61/252|[from] item: Leftovers\n|upkeep\n|turn|21\n|\n|t:|1781457689\n|move|p1a: Alcremie|Alluring Voice|p2a: Weezing\n|-resisted|p2a: Weezing\n|-damage|p2a: Weezing|0 fnt\n|faint|p2a: Weezing\n|\n|upkeep\n|\n|t:|1781457695\n|switch|p2a: Oranguru|Oranguru, L92, F|315/315\n|turn|22\n|\n|t:|1781457699\n|move|p1a: Alcremie|Alluring Voice|p2a: Oranguru\n|-damage|p2a: Oranguru|195/315\n|move|p2a: Oranguru|Psyshock|p1a: Alcremie\n|-damage|p1a: Alcremie|158/263\n|\n|-heal|p1a: Alcremie|174/263|[from] item: Leftovers\n|-heal|p2a: Oranguru|214/315|[from] item: Leftovers\n|upkeep\n|turn|23\n|\n|t:|1781457704\n|move|p1a: Alcremie|Recover|p1a: Alcremie\n|-heal|p1a: Alcremie|263/263\n|move|p2a: Oranguru|Psyshock|p1a: Alcremie\n|-damage|p1a: Alcremie|157/263\n|\n|-heal|p1a: Alcremie|173/263|[from] item: Leftovers\n|-heal|p2a: Oranguru|233/315|[from] item: Leftovers\n|upkeep\n|turn|24\n|\n|t:|1781457709\n|move|p1a: Alcremie|Alluring Voice|p2a: Oranguru\n|-damage|p2a: Oranguru|112/315\n|move|p2a: Oranguru|Nasty Plot|p2a: Oranguru\n|-boost|p2a: Oranguru|spa|2\n|\n|-heal|p1a: Alcremie|189/263|[from] item: Leftovers\n|-heal|p2a: Oranguru|131/315|[from] item: Leftovers\n|upkeep\n|turn|25\n|\n|t:|1781457712\n|move|p1a: Alcremie|Alluring Voice|p2a: Oranguru\n|-damage|p2a: Oranguru|17/315\n|move|p2a: Oranguru|Psyshock|p1a: Alcremie\n|-damage|p1a: Alcremie|0 fnt\n|faint|p1a: Alcremie\n|\n|-heal|p2a: Oranguru|36/315|[from] item: Leftovers\n|upkeep\n|\n|t:|1781457714\n|switch|p1a: Floatzel|Floatzel, L86, M|64/286\n|turn|26\n|\n|t:|1781457718\n|switch|p2a: Vespiquen|Vespiquen, L99, F|184/299\n|-ability|p2a: Vespiquen|Pressure\n|move|p1a: Floatzel|Flip Turn|p2a: Vespiquen\n|-damage|p2a: Vespiquen|109/299\n|\n|t:|1781457728\n|switch|p1a: Chandelure|Chandelure, L83, F|235/235|[from] Flip Turn\n|\n|upkeep\n|turn|27\n|\n|t:|1781457733\n|move|p1a: Chandelure|Calm Mind|p1a: Chandelure\n|-boost|p1a: Chandelure|spa|1\n|-boost|p1a: Chandelure|spd|1\n|move|p2a: Vespiquen|U-turn|p1a: Chandelure\n|-resisted|p1a: Chandelure\n|-damage|p1a: Chandelure|214/235\n|\n|t:|1781457738\n|switch|p2a: Spiritomb|Spiritomb, L89, M|176/234|[from] U-turn\n|\n|-heal|p2a: Spiritomb|190/234|[from] item: Leftovers\n|upkeep\n|turn|28\n|\n|t:|1781457744\n|move|p1a: Chandelure|Fire Blast|p2a: Spiritomb\n|-damage|p2a: Spiritomb|15/234\n|move|p2a: Spiritomb|Poltergeist|p1a: Chandelure\n|-activate|p1a: Chandelure|move: Poltergeist|Heavy-Duty Boots\n|-supereffective|p1a: Chandelure\n|-damage|p1a: Chandelure|0 fnt\n|faint|p1a: Chandelure\n|\n|-heal|p2a: Spiritomb|29/234|[from] item: Leftovers\n|upkeep\n|\n|t:|1781457750\n|switch|p1a: Floatzel|Floatzel, L86, M|64/286\n|turn|29\n|\n|t:|1781457755\n|move|p2a: Spiritomb|Sucker Punch|p1a: Floatzel\n|-damage|p1a: Floatzel|0 fnt\n|faint|p1a: Floatzel\n|\n|-heal|p2a: Spiritomb|43/234|[from] item: Leftovers\n|upkeep\n|\n|t:|1781457759\n|switch|p1a: Tropius|Tropius, L91, F|328/328\n|turn|30\n|\n|t:|1781457766\n|move|p1a: Tropius|Air Slash|p2a: Spiritomb|[miss]\n|-miss|p1a: Tropius|p2a: Spiritomb\n|move|p2a: Spiritomb|Pain Split|p1a: Tropius\n|-sethp|p1a: Tropius|185/328|[from] move: Pain Split|[silent]\n|-sethp|p2a: Spiritomb|185/234|[from] move: Pain Split\n|\n|-heal|p2a: Spiritomb|199/234|[from] item: Leftovers\n|upkeep\n|turn|31\n|\n|t:|1781457770\n|move|p1a: Tropius|Leech Seed|p2a: Spiritomb|[miss]\n|-miss|p1a: Tropius|p2a: Spiritomb\n|move|p2a: Spiritomb|Poltergeist|p1a: Tropius\n|-activate|p1a: Tropius|move: Poltergeist|Sitrus Berry\n|-damage|p1a: Tropius|65/328\n|-enditem|p1a: Tropius|Sitrus Berry|[eat]\n|-heal|p1a: Tropius|147/328|[from] item: Sitrus Berry\n|\n|-heal|p2a: Spiritomb|213/234|[from] item: Leftovers\n|-item|p1a: Tropius|Sitrus Berry|[from] ability: Harvest\n|upkeep\n|-enditem|p1a: Tropius|Sitrus Berry|[eat]\n|-heal|p1a: Tropius|229/328|[from] item: Sitrus Berry\n|turn|32\n|\n|t:|1781457776\n|switch|p2a: Vespiquen|Vespiquen, L99, F|109/299\n|-ability|p2a: Vespiquen|Pressure\n|move|p1a: Tropius|Leech Seed|p2a: Vespiquen\n|-start|p2a: Vespiquen|move: Leech Seed\n|\n|-damage|p2a: Vespiquen|72/299|[from] Leech Seed|[of] p1a: Tropius\n|-heal|p1a: Tropius|266/328|[silent]\n|upkeep\n|turn|33\n|\n|t:|1781457781\n|switch|p2a: Spiritomb|Spiritomb, L89, M|213/234\n|move|p1a: Tropius|Air Slash|p2a: Spiritomb\n|-damage|p2a: Spiritomb|155/234\n|\n|-heal|p2a: Spiritomb|169/234|[from] item: Leftovers\n|-item|p1a: Tropius|Sitrus Berry|[from] ability: Harvest\n|upkeep\n|turn|34\n|\n|t:|1781457798\n|move|p1a: Tropius|Leech Seed|p2a: Spiritomb\n|-start|p2a: Spiritomb|move: Leech Seed\n|move|p2a: Spiritomb|Poltergeist|p1a: Tropius\n|-activate|p1a: Tropius|move: Poltergeist|Sitrus Berry\n|-damage|p1a: Tropius|146/328\n|-enditem|p1a: Tropius|Sitrus Berry|[eat]\n|-heal|p1a: Tropius|228/328|[from] item: Sitrus Berry\n|\n|-heal|p2a: Spiritomb|183/234|[from] item: Leftovers\n|-damage|p2a: Spiritomb|154/234|[from] Leech Seed|[of] p1a: Tropius\n|-heal|p1a: Tropius|257/328|[silent]\n|upkeep\n|turn|35\n|\n|t:|1781457809\n|switch|p2a: Donphan|Donphan, L84, M|288/288 slp\n|move|p1a: Tropius|Substitute|p1a: Tropius\n|-start|p1a: Tropius|Substitute\n|-damage|p1a: Tropius|175/328\n|\n|-item|p1a: Tropius|Sitrus Berry|[from] ability: Harvest\n|upkeep\n|turn|36\n|\n|t:|1781457813\n|move|p1a: Tropius|Leech Seed|p2a: Donphan|[miss]\n|-miss|p1a: Tropius|p2a: Donphan\n|cant|p2a: Donphan|slp\n|\n|upkeep\n|turn|37\n|\n|t:|1781457816\n|move|p1a: Tropius|Leech Seed|p2a: Donphan\n|-start|p2a: Donphan|move: Leech Seed\n|cant|p2a: Donphan|slp\n|\n|-damage|p2a: Donphan|252/288 slp|[from] Leech Seed|[of] p1a: Tropius\n|-heal|p1a: Tropius|211/328|[silent]\n|upkeep\n|turn|38\n|\n|t:|1781457818\n|move|p1a: Tropius|Air Slash|p2a: Donphan\n|-damage|p2a: Donphan|188/288 slp\n|cant|p2a: Donphan|slp\n|\n|-damage|p2a: Donphan|152/288 slp|[from] Leech Seed|[of] p1a: Tropius\n|-heal|p1a: Tropius|247/328|[silent]\n|upkeep\n|turn|39\n|\n|t:|1781457822\n|move|p1a: Tropius|Air Slash|p2a: Donphan\n|-damage|p2a: Donphan|88/288 slp\n|-curestatus|p2a: Donphan|slp|[msg]\n|cant|p2a: Donphan|flinch\n|\n|-damage|p2a: Donphan|52/288|[from] Leech Seed|[of] p1a: Tropius\n|-heal|p1a: Tropius|283/328|[silent]\n|upkeep\n|turn|40\n|\n|t:|1781457827\n|move|p2a: Donphan|Ice Shard|p1a: Tropius\n|-supereffective|p1a: Tropius\n|-end|p1a: Tropius|Substitute\n|move|p1a: Tropius|Air Slash|p2a: Donphan\n|-damage|p2a: Donphan|0 fnt\n|faint|p2a: Donphan\n|\n|upkeep\n|\n|t:|1781457846\n|switch|p2a: Giratina|Giratina, L75|77/349\n|-ability|p2a: Giratina|Pressure\n|turn|41\n|\n|t:|1781457854\n|move|p2a: Giratina|Calm Mind|p2a: Giratina\n|-boost|p2a: Giratina|spa|1\n|-boost|p2a: Giratina|spd|1\n|move|p1a: Tropius|Leech Seed|p2a: Giratina\n|-start|p2a: Giratina|move: Leech Seed\n|\n|-heal|p2a: Giratina|98/349|[from] item: Leftovers\n|-damage|p2a: Giratina|55/349|[from] Leech Seed|[of] p1a: Tropius\n|-heal|p1a: Tropius|326/328|[silent]\n|upkeep\n|turn|42\n|\n|t:|1781457860\n|move|p2a: Giratina|Rest|p2a: Giratina\n|-status|p2a: Giratina|slp|[from] move: Rest\n|-heal|p2a: Giratina|349/349 slp|[silent]\n|move|p1a: Tropius|Substitute|p1a: Tropius\n|-start|p1a: Tropius|Substitute\n|-damage|p1a: Tropius|244/328\n|\n|-damage|p2a: Giratina|306/349 slp|[from] Leech Seed|[of] p1a: Tropius\n|-heal|p1a: Tropius|287/328|[silent]\n|upkeep\n|turn|43\n|\n|t:|1781457865\n|cant|p2a: Giratina|slp\n|move|p1a: Tropius|Air Slash|p2a: Giratina\n|-damage|p2a: Giratina|263/349 slp\n|\n|-heal|p2a: Giratina|284/349 slp|[from] item: Leftovers\n|-damage|p2a: Giratina|241/349 slp|[from] Leech Seed|[of] p1a: Tropius\n|-heal|p1a: Tropius|328/328|[silent]\n|upkeep\n|turn|44\n|\n|t:|1781457868\n|cant|p2a: Giratina|slp\n|move|p2a: Giratina|Sleep Talk|p2a: Giratina\n|move|p2a: Giratina|Calm Mind|p2a: Giratina|[from] move: Sleep Talk\n|-boost|p2a: Giratina|spa|1\n|-boost|p2a: Giratina|spd|1\n|move|p1a: Tropius|Air Slash|p2a: Giratina\n|-damage|p2a: Giratina|208/349 slp\n|\n|-heal|p2a: Giratina|229/349 slp|[from] item: Leftovers\n|-damage|p2a: Giratina|186/349 slp|[from] Leech Seed|[of] p1a: Tropius\n|upkeep\n|turn|45\n|\n|t:|1781457885\n|-curestatus|p2a: Giratina|slp|[msg]\n|move|p2a: Giratina|Dragon Pulse|p1a: Tropius\n|-end|p1a: Tropius|Substitute\n|move|p1a: Tropius|Air Slash|p2a: Giratina\n|-damage|p2a: Giratina|152/349\n|\n|-heal|p2a: Giratina|173/349|[from] item: Leftovers\n|-damage|p2a: Giratina|130/349|[from] Leech Seed|[of] p1a: Tropius\n|upkeep\n|turn|46\n|\n|t:|1781457895\n|move|p2a: Giratina|Dragon Pulse|p1a: Tropius\n|-damage|p1a: Tropius|180/328\n|move|p1a: Tropius|Air Slash|p2a: Giratina\n|-damage|p2a: Giratina|96/349\n|\n|-heal|p2a: Giratina|117/349|[from] item: Leftovers\n|-damage|p2a: Giratina|74/349|[from] Leech Seed|[of] p1a: Tropius\n|-heal|p1a: Tropius|223/328|[silent]\n|upkeep\n|turn|47\n|\n|t:|1781457902\n|move|p2a: Giratina|Dragon Pulse|p1a: Tropius\n|-damage|p1a: Tropius|85/328\n|-enditem|p1a: Tropius|Sitrus Berry|[eat]\n|-heal|p1a: Tropius|167/328|[from] item: Sitrus Berry\n|move|p1a: Tropius|Air Slash|p2a: Giratina\n|-damage|p2a: Giratina|40/349\n|\n|-heal|p2a: Giratina|61/349|[from] item: Leftovers\n|-damage|p2a: Giratina|18/349|[from] Leech Seed|[of] p1a: Tropius\n|-heal|p1a: Tropius|210/328|[silent]\n|upkeep\n|turn|48\n|\n|t:|1781457906\n|move|p2a: Giratina|Rest|p2a: Giratina\n|-status|p2a: Giratina|slp|[from] move: Rest\n|-heal|p2a: Giratina|349/349 slp|[silent]\n|move|p1a: Tropius|Air Slash|p2a: Giratina\n|-damage|p2a: Giratina|313/349 slp\n|\n|-heal|p2a: Giratina|334/349 slp|[from] item: Leftovers\n|-damage|p2a: Giratina|291/349 slp|[from] Leech Seed|[of] p1a: Tropius\n|-heal|p1a: Tropius|253/328|[silent]\n|-item|p1a: Tropius|Sitrus Berry|[from] ability: Harvest\n|upkeep\n|turn|49\n|\n|t:|1781457915\n|cant|p2a: Giratina|slp\n|move|p2a: Giratina|Sleep Talk|p2a: Giratina\n|move|p2a: Giratina|Rest||[from] move: Sleep Talk|[still]\n|-fail|p2a: Giratina\n|move|p1a: Tropius|Substitute|p1a: Tropius\n|-start|p1a: Tropius|Substitute\n|-damage|p1a: Tropius|171/328\n|\n|-heal|p2a: Giratina|312/349 slp|[from] item: Leftovers\n|-damage|p2a: Giratina|269/349 slp|[from] Leech Seed|[of] p1a: Tropius\n|-heal|p1a: Tropius|214/328|[silent]\n|upkeep\n|turn|50\n|\n|t:|1781457923\n|move|p1a: Tropius|Protect|p1a: Tropius\n|-singleturn|p1a: Tropius|Protect\n|cant|p2a: Giratina|slp\n|move|p2a: Giratina|Sleep Talk|p2a: Giratina\n|move|p2a: Giratina|Dragon Pulse|p1a: Tropius|[from] move: Sleep Talk\n|-activate|p1a: Tropius|move: Protect\n|\n|-heal|p2a: Giratina|290/349 slp|[from] item: Leftovers\n|-damage|p2a: Giratina|247/349 slp|[from] Leech Seed|[of] p1a: Tropius\n|-heal|p1a: Tropius|257/328|[silent]\n|upkeep\n|turn|51\n|\n|t:|1781457932\n|-curestatus|p2a: Giratina|slp|[msg]\n|move|p2a: Giratina|Dragon Pulse|p1a: Tropius\n|-crit|p1a: Tropius\n|-end|p1a: Tropius|Substitute\n|move|p1a: Tropius|Air Slash|p2a: Giratina\n|-damage|p2a: Giratina|213/349\n|\n|-heal|p2a: Giratina|234/349|[from] item: Leftovers\n|-damage|p2a: Giratina|191/349|[from] Leech Seed|[of] p1a: Tropius\n|-heal|p1a: Tropius|300/328|[silent]\n|upkeep\n|turn|52\n|\n|t:|1781457935\n|move|p2a: Giratina|Dragon Pulse|p1a: Tropius\n|-damage|p1a: Tropius|159/328\n|-enditem|p1a: Tropius|Sitrus Berry|[eat]\n|-heal|p1a: Tropius|241/328|[from] item: Sitrus Berry\n|move|p1a: Tropius|Substitute|p1a: Tropius\n|-start|p1a: Tropius|Substitute\n|-damage|p1a: Tropius|159/328\n|\n|-heal|p2a: Giratina|212/349|[from] item: Leftovers\n|-damage|p2a: Giratina|169/349|[from] Leech Seed|[of] p1a: Tropius\n|-heal|p1a: Tropius|202/328|[silent]\n|upkeep\n|turn|53\n|\n|t:|1781457944\n|move|p1a: Tropius|Protect|p1a: Tropius\n|-singleturn|p1a: Tropius|Protect\n|move|p2a: Giratina|Calm Mind|p2a: Giratina\n|-boost|p2a: Giratina|spa|1\n|-boost|p2a: Giratina|spd|1\n|\n|-heal|p2a: Giratina|190/349|[from] item: Leftovers\n|-damage|p2a: Giratina|147/349|[from] Leech Seed|[of] p1a: Tropius\n|-heal|p1a: Tropius|245/328|[silent]\n|-item|p1a: Tropius|Sitrus Berry|[from] ability: Harvest\n|upkeep\n|turn|54\n|\n|t:|1781457948\n|move|p2a: Giratina|Dragon Pulse|p1a: Tropius\n|-end|p1a: Tropius|Substitute\n|move|p1a: Tropius|Air Slash|p2a: Giratina\n|-damage|p2a: Giratina|122/349\n|\n|-heal|p2a: Giratina|143/349|[from] item: Leftovers\n|-damage|p2a: Giratina|100/349|[from] Leech Seed|[of] p1a: Tropius\n|-heal|p1a: Tropius|288/328|[silent]\n|upkeep\n|turn|55\n|\n|t:|1781457951\n|move|p1a: Tropius|Protect|p1a: Tropius\n|-singleturn|p1a: Tropius|Protect\n|move|p2a: Giratina|Rest|p2a: Giratina\n|-status|p2a: Giratina|slp|[from] move: Rest\n|-heal|p2a: Giratina|349/349 slp|[silent]\n|\n|-damage|p2a: Giratina|306/349 slp|[from] Leech Seed|[of] p1a: Tropius\n|-heal|p1a: Tropius|328/328|[silent]\n|upkeep\n|turn|56\n|\n|t:|1781457954\n|switch|p1a: Hitmontop|Hitmontop, L88, M|231/231\n|-ability|p1a: Hitmontop|Intimidate|boost\n|-unboost|p2a: Giratina|atk|1\n|cant|p2a: Giratina|slp\n|move|p2a: Giratina|Sleep Talk|p2a: Giratina\n|move|p2a: Giratina|Dragon Pulse|p1a: Hitmontop|[from] move: Sleep Talk\n|-damage|p1a: Hitmontop|132/231\n|\n|-heal|p2a: Giratina|327/349 slp|[from] item: Leftovers\n|-damage|p2a: Giratina|284/349 slp|[from] Leech Seed|[of] p1a: Hitmontop\n|-heal|p1a: Hitmontop|175/231|[silent]\n|upkeep\n|turn|57\n|\n|t:|1781457962\n|cant|p2a: Giratina|slp\n|move|p2a: Giratina|Sleep Talk|p2a: Giratina\n|move|p2a: Giratina|Dragon Pulse|p1a: Hitmontop|[from] move: Sleep Talk\n|-damage|p1a: Hitmontop|64/231\n|move|p1a: Hitmontop|Stone Edge|p2a: Giratina\n|-damage|p2a: Giratina|214/349 slp\n|\n|-heal|p2a: Giratina|235/349 slp|[from] item: Leftovers\n|-damage|p2a: Giratina|192/349 slp|[from] Leech Seed|[of] p1a: Hitmontop\n|-heal|p1a: Hitmontop|107/231|[silent]\n|upkeep\n|turn|58\n|\n|t:|1781457969\n|move|p1a: Hitmontop|Sucker Punch|p2a: Giratina\n|-supereffective|p2a: Giratina\n|-damage|p2a: Giratina|92/349 slp\n|-curestatus|p2a: Giratina|slp|[msg]\n|move|p2a: Giratina|Dragon Pulse|p1a: Hitmontop\n|-damage|p1a: Hitmontop|1/231\n|\n|-heal|p2a: Giratina|113/349|[from] item: Leftovers\n|-damage|p2a: Giratina|70/349|[from] Leech Seed|[of] p1a: Hitmontop\n|-heal|p1a: Hitmontop|44/231|[silent]\n|upkeep\n|turn|59\n|\n|t:|1781457972\n|move|p1a: Hitmontop|Sucker Punch||[still]\n|-fail|p1a: Hitmontop\n|move|p2a: Giratina|Rest|p2a: Giratina\n|-status|p2a: Giratina|slp|[from] move: Rest\n|-heal|p2a: Giratina|349/349 slp|[silent]\n|\n|-damage|p2a: Giratina|306/349 slp|[from] Leech Seed|[of] p1a: Hitmontop\n|-heal|p1a: Hitmontop|87/231|[silent]\n|upkeep\n|turn|60\n|\n|t:|1781457974\n|move|p1a: Hitmontop|Sucker Punch||[still]\n|-fail|p1a: Hitmontop\n|cant|p2a: Giratina|slp\n|move|p2a: Giratina|Sleep Talk|p2a: Giratina\n|move|p2a: Giratina|Rest||[from] move: Sleep Talk|[still]\n|-fail|p2a: Giratina\n|\n|-heal|p2a: Giratina|327/349 slp|[from] item: Leftovers\n|-damage|p2a: Giratina|284/349 slp|[from] Leech Seed|[of] p1a: Hitmontop\n|-heal|p1a: Hitmontop|130/231|[silent]\n|upkeep\n|turn|61\n|\n|t:|1781457977\n|cant|p2a: Giratina|slp\n|move|p2a: Giratina|Sleep Talk|p2a: Giratina\n|move|p2a: Giratina|Rest||[from] move: Sleep Talk|[still]\n|-fail|p2a: Giratina\n|move|p1a: Hitmontop|Stone Edge|p2a: Giratina|[miss]\n|-miss|p1a: Hitmontop|p2a: Giratina\n|\n|-heal|p2a: Giratina|305/349 slp|[from] item: Leftovers\n|-damage|p2a: Giratina|262/349 slp|[from] Leech Seed|[of] p1a: Hitmontop\n|-heal|p1a: Hitmontop|173/231|[silent]\n|upkeep\n|turn|62\n|\n|t:|1781457981\n|-curestatus|p2a: Giratina|slp|[msg]\n|move|p2a: Giratina|Calm Mind|p2a: Giratina\n|-boost|p2a: Giratina|spa|1\n|-boost|p2a: Giratina|spd|1\n|move|p1a: Hitmontop|Stone Edge|p2a: Giratina\n|-crit|p2a: Giratina\n|-damage|p2a: Giratina|162/349\n|\n|-heal|p2a: Giratina|183/349|[from] item: Leftovers\n|-damage|p2a: Giratina|140/349|[from] Leech Seed|[of] p1a: Hitmontop\n|-heal|p1a: Hitmontop|216/231|[silent]\n|upkeep\n|turn|63\n|\n|t:|1781457990\n|move|p2a: Giratina|Calm Mind|p2a: Giratina\n|-boost|p2a: Giratina|spa|1\n|-boost|p2a: Giratina|spd|1\n|move|p1a: Hitmontop|Stone Edge|p2a: Giratina\n|-damage|p2a: Giratina|78/349\n|\n|-heal|p2a: Giratina|99/349|[from] item: Leftovers\n|-damage|p2a: Giratina|56/349|[from] Leech Seed|[of] p1a: Hitmontop\n|-heal|p1a: Hitmontop|231/231|[silent]\n|upkeep\n|turn|64\n|\n|t:|1781457996\n|move|p2a: Giratina|Rest|p2a: Giratina\n|-status|p2a: Giratina|slp|[from] move: Rest\n|-heal|p2a: Giratina|349/349 slp|[silent]\n|move|p1a: Hitmontop|Rapid Spin|p2a: Giratina\n|-immune|p2a: Giratina\n|\n|-damage|p2a: Giratina|306/349 slp|[from] Leech Seed|[of] p1a: Hitmontop\n|upkeep\n|turn|65\n|\n|t:|1781458001\n|cant|p2a: Giratina|slp\n|move|p2a: Giratina|Sleep Talk|p2a: Giratina\n|move|p2a: Giratina|Dragon Pulse|p1a: Hitmontop|[from] move: Sleep Talk\n|-damage|p1a: Hitmontop|92/231\n|move|p1a: Hitmontop|Rapid Spin|p2a: Giratina\n|-immune|p2a: Giratina\n|\n|-heal|p2a: Giratina|327/349 slp|[from] item: Leftovers\n|-damage|p2a: Giratina|284/349 slp|[from] Leech Seed|[of] p1a: Hitmontop\n|-heal|p1a: Hitmontop|135/231|[silent]\n|upkeep\n|turn|66\n|\n|t:|1781458003\n|move|p1a: Hitmontop|Sucker Punch||[still]\n|-fail|p1a: Hitmontop\n|cant|p2a: Giratina|slp\n|move|p2a: Giratina|Sleep Talk|p2a: Giratina\n|move|p2a: Giratina|Dragon Pulse|p1a: Hitmontop|[from] move: Sleep Talk\n|-damage|p1a: Hitmontop|0 fnt\n|faint|p1a: Hitmontop\n|\n|-heal|p2a: Giratina|305/349 slp|[from] item: Leftovers\n|upkeep\n|\n|t:|1781458005\n|switch|p1a: Tropius|Tropius, L91, F|328/328\n|turn|67\n|\n|t:|1781458010\n|-terastallize|p1a: Tropius|Steel\n|-curestatus|p2a: Giratina|slp|[msg]\n|move|p2a: Giratina|Dragon Pulse|p1a: Tropius\n|-resisted|p1a: Tropius\n|-damage|p1a: Tropius|204/328\n|move|p1a: Tropius|Substitute|p1a: Tropius\n|-start|p1a: Tropius|Substitute\n|-damage|p1a: Tropius|122/328\n|-enditem|p1a: Tropius|Sitrus Berry|[eat]\n|-heal|p1a: Tropius|204/328|[from] item: Sitrus Berry\n|\n|-heal|p2a: Giratina|326/349|[from] item: Leftovers\n|-damage|p2a: Giratina|283/349|[from] Leech Seed|[of] p1a: Tropius\n|-heal|p1a: Tropius|247/328|[silent]\n|-item|p1a: Tropius|Sitrus Berry|[from] ability: Harvest\n|upkeep\n|turn|68\n|\n|t:|1781458017\n|move|p1a: Tropius|Protect|p1a: Tropius\n|-singleturn|p1a: Tropius|Protect\n|move|p2a: Giratina|Calm Mind|p2a: Giratina\n|-boost|p2a: Giratina|spa|1\n|-boost|p2a: Giratina|spd|1\n|\n|-heal|p2a: Giratina|304/349|[from] item: Leftovers\n|-damage|p2a: Giratina|261/349|[from] Leech Seed|[of] p1a: Tropius\n|-heal|p1a: Tropius|290/328|[silent]\n|upkeep\n|turn|69\n|\n|t:|1781458024\n|move|p1a: Tropius|Protect||[still]\n|-fail|p1a: Tropius\n|move|p2a: Giratina|Dragon Pulse|p1a: Tropius\n|-resisted|p1a: Tropius\n|-end|p1a: Tropius|Substitute\n|\n|-heal|p2a: Giratina|282/349|[from] item: Leftovers\n|-damage|p2a: Giratina|239/349|[from] Leech Seed|[of] p1a: Tropius\n|-heal|p1a: Tropius|328/328|[silent]\n|upkeep\n|turn|70\n|\n|t:|1781458028\n|move|p2a: Giratina|Dragon Pulse|p1a: Tropius\n|-resisted|p1a: Tropius\n|-damage|p1a: Tropius|176/328\n|move|p1a: Tropius|Substitute|p1a: Tropius\n|-start|p1a: Tropius|Substitute\n|-damage|p1a: Tropius|94/328\n|-enditem|p1a: Tropius|Sitrus Berry|[eat]\n|-heal|p1a: Tropius|176/328|[from] item: Sitrus Berry\n|\n|-heal|p2a: Giratina|260/349|[from] item: Leftovers\n|-damage|p2a: Giratina|217/349|[from] Leech Seed|[of] p1a: Tropius\n|-heal|p1a: Tropius|219/328|[silent]\n|-item|p1a: Tropius|Sitrus Berry|[from] ability: Harvest\n|upkeep\n|turn|71\n|\n|t:|1781458034\n|move|p1a: Tropius|Protect|p1a: Tropius\n|-singleturn|p1a: Tropius|Protect\n|move|p2a: Giratina|Dragon Pulse|p1a: Tropius\n|-activate|p1a: Tropius|move: Protect\n|\n|-heal|p2a: Giratina|238/349|[from] item: Leftovers\n|-damage|p2a: Giratina|195/349|[from] Leech Seed|[of] p1a: Tropius\n|-heal|p1a: Tropius|262/328|[silent]\n|upkeep\n|turn|72\n|\n|t:|1781458059\n|move|p2a: Giratina|Rest|p2a: Giratina\n|-status|p2a: Giratina|slp|[from] move: Rest\n|-heal|p2a: Giratina|349/349 slp|[silent]\n|move|p1a: Tropius|Substitute|p1a: Tropius\n|-fail|p1a: Tropius|move: Substitute\n|\n|-damage|p2a: Giratina|306/349 slp|[from] Leech Seed|[of] p1a: Tropius\n|-heal|p1a: Tropius|305/328|[silent]\n|upkeep\n|turn|73\n|\n|t:|1781458065\n|cant|p2a: Giratina|slp\n|move|p2a: Giratina|Sleep Talk|p2a: Giratina\n|move|p2a: Giratina|Rest||[from] move: Sleep Talk|[still]\n|-fail|p2a: Giratina\n|move|p1a: Tropius|Leech Seed||[still]\n|-fail|p1a: Tropius\n|\n|-heal|p2a: Giratina|327/349 slp|[from] item: Leftovers\n|-damage|p2a: Giratina|284/349 slp|[from] Leech Seed|[of] p1a: Tropius\n|-heal|p1a: Tropius|328/328|[silent]\n|upkeep\n|turn|74\n|\n|t:|1781458068\n|move|p1a: Tropius|Protect|p1a: Tropius\n|-singleturn|p1a: Tropius|Protect\n|cant|p2a: Giratina|slp\n|move|p2a: Giratina|Sleep Talk|p2a: Giratina\n|move|p2a: Giratina|Dragon Pulse|p1a: Tropius|[from] move: Sleep Talk\n|-activate|p1a: Tropius|move: Protect\n|\n|-heal|p2a: Giratina|305/349 slp|[from] item: Leftovers\n|-damage|p2a: Giratina|262/349 slp|[from] Leech Seed|[of] p1a: Tropius\n|upkeep\n|turn|75\n|\n|t:|1781458073\n|-curestatus|p2a: Giratina|slp|[msg]\n|move|p2a: Giratina|Dragon Pulse|p1a: Tropius\n|-resisted|p1a: Tropius\n|-end|p1a: Tropius|Substitute\n|move|p1a: Tropius|Substitute|p1a: Tropius\n|-start|p1a: Tropius|Substitute\n|-damage|p1a: Tropius|246/328\n|\n|-heal|p2a: Giratina|283/349|[from] item: Leftovers\n|-damage|p2a: Giratina|240/349|[from] Leech Seed|[of] p1a: Tropius\n|-heal|p1a: Tropius|289/328|[silent]\n|upkeep\n|turn|76\n|\n|t:|1781458079\n|move|p1a: Tropius|Protect|p1a: Tropius\n|-singleturn|p1a: Tropius|Protect\n|move|p2a: Giratina|Rest|p2a: Giratina\n|-status|p2a: Giratina|slp|[from] move: Rest\n|-heal|p2a: Giratina|349/349 slp|[silent]\n|\n|-damage|p2a: Giratina|306/349 slp|[from] Leech Seed|[of] p1a: Tropius\n|-heal|p1a: Tropius|328/328|[silent]\n|upkeep\n|turn|77\n|\n|t:|1781458083\n|cant|p2a: Giratina|slp\n|move|p2a: Giratina|Sleep Talk|p2a: Giratina\n|move|p2a: Giratina|Rest||[from] move: Sleep Talk|[still]\n|-fail|p2a: Giratina\n|move|p1a: Tropius|Substitute|p1a: Tropius\n|-fail|p1a: Tropius|move: Substitute\n|\n|-heal|p2a: Giratina|327/349 slp|[from] item: Leftovers\n|-damage|p2a: Giratina|284/349 slp|[from] Leech Seed|[of] p1a: Tropius\n|upkeep\n|turn|78\n|\n|t:|1781458092\n|cant|p2a: Giratina|slp\n|move|p2a: Giratina|Sleep Talk|p2a: Giratina\n|move|p2a: Giratina|Rest||[from] move: Sleep Talk|[still]\n|-fail|p2a: Giratina\n|move|p1a: Tropius|Substitute|p1a: Tropius\n|-fail|p1a: Tropius|move: Substitute\n|\n|-heal|p2a: Giratina|305/349 slp|[from] item: Leftovers\n|-damage|p2a: Giratina|262/349 slp|[from] Leech Seed|[of] p1a: Tropius\n|upkeep\n|turn|79\n|inactive|cka.15 has 120 seconds left.\n|\n|t:|1781458133\n|-curestatus|p2a: Giratina|slp|[msg]\n|move|p2a: Giratina|Dragon Pulse|p1a: Tropius\n|-resisted|p1a: Tropius\n|-end|p1a: Tropius|Substitute\n|move|p1a: Tropius|Leech Seed||[still]\n|-fail|p1a: Tropius\n|\n|-heal|p2a: Giratina|283/349|[from] item: Leftovers\n|-damage|p2a: Giratina|240/349|[from] Leech Seed|[of] p1a: Tropius\n|upkeep\n|turn|80\n|\n|t:|1781458142\n|move|p2a: Giratina|Dragon Pulse|p1a: Tropius\n|-resisted|p1a: Tropius\n|-damage|p1a: Tropius|187/328\n|move|p1a: Tropius|Substitute|p1a: Tropius\n|-start|p1a: Tropius|Substitute\n|-damage|p1a: Tropius|105/328\n|-enditem|p1a: Tropius|Sitrus Berry|[eat]\n|-heal|p1a: Tropius|187/328|[from] item: Sitrus Berry\n|\n|-heal|p2a: Giratina|261/349|[from] item: Leftovers\n|-damage|p2a: Giratina|218/349|[from] Leech Seed|[of] p1a: Tropius\n|-heal|p1a: Tropius|230/328|[silent]\n|upkeep\n|turn|81\n|inactive|cka.15 has 120 seconds left.\n|\n|t:|1781458152\n|move|p1a: Tropius|Protect|p1a: Tropius\n|-singleturn|p1a: Tropius|Protect\n|move|p2a: Giratina|Calm Mind|p2a: Giratina\n|-boost|p2a: Giratina|spa|0\n|-boost|p2a: Giratina|spd|0\n|\n|-heal|p2a: Giratina|239/349|[from] item: Leftovers\n|-damage|p2a: Giratina|196/349|[from] Leech Seed|[of] p1a: Tropius\n|-heal|p1a: Tropius|273/328|[silent]\n|upkeep\n|turn|82\n|\n|t:|1781458163\n|move|p1a: Tropius|Protect||[still]\n|-fail|p1a: Tropius\n|move|p2a: Giratina|Calm Mind|p2a: Giratina\n|-boost|p2a: Giratina|spa|0\n|-boost|p2a: Giratina|spd|0\n|\n|-heal|p2a: Giratina|217/349|[from] item: Leftovers\n|-damage|p2a: Giratina|174/349|[from] Leech Seed|[of] p1a: Tropius\n|-heal|p1a: Tropius|316/328|[silent]\n|upkeep\n|turn|83\n|\n|t:|1781458169\n|move|p2a: Giratina|Calm Mind|p2a: Giratina\n|-boost|p2a: Giratina|spa|0\n|-boost|p2a: Giratina|spd|0\n|move|p1a: Tropius|Substitute|p1a: Tropius\n|-fail|p1a: Tropius|move: Substitute\n|\n|-heal|p2a: Giratina|195/349|[from] item: Leftovers\n|-damage|p2a: Giratina|152/349|[from] Leech Seed|[of] p1a: Tropius\n|-heal|p1a: Tropius|328/328|[silent]\n|-item|p1a: Tropius|Sitrus Berry|[from] ability: Harvest\n|upkeep\n|turn|84\n|\n|t:|1781458175\n|move|p1a: Tropius|Protect|p1a: Tropius\n|-singleturn|p1a: Tropius|Protect\n|move|p2a: Giratina|Calm Mind|p2a: Giratina\n|-boost|p2a: Giratina|spa|0\n|-boost|p2a: Giratina|spd|0\n|\n|-heal|p2a: Giratina|173/349|[from] item: Leftovers\n|-damage|p2a: Giratina|130/349|[from] Leech Seed|[of] p1a: Tropius\n|upkeep\n|turn|85\n|\n|t:|1781458182\n|move|p2a: Giratina|Calm Mind|p2a: Giratina\n|-boost|p2a: Giratina|spa|0\n|-boost|p2a: Giratina|spd|0\n|move|p1a: Tropius|Leech Seed||[still]\n|-fail|p1a: Tropius\n|\n|-heal|p2a: Giratina|151/349|[from] item: Leftovers\n|-damage|p2a: Giratina|108/349|[from] Leech Seed|[of] p1a: Tropius\n|upkeep\n|turn|86\n|\n|t:|1781458185\n|move|p2a: Giratina|Calm Mind|p2a: Giratina\n|-boost|p2a: Giratina|spa|0\n|-boost|p2a: Giratina|spd|0\n|move|p1a: Tropius|Substitute|p1a: Tropius\n|-fail|p1a: Tropius|move: Substitute\n|\n|-heal|p2a: Giratina|129/349|[from] item: Leftovers\n|-damage|p2a: Giratina|86/349|[from] Leech Seed|[of] p1a: Tropius\n|upkeep\n|turn|87\n|\n|t:|1781458189\n|move|p1a: Tropius|Protect|p1a: Tropius\n|-singleturn|p1a: Tropius|Protect\n|move|p2a: Giratina|Calm Mind|p2a: Giratina\n|-boost|p2a: Giratina|spa|0\n|-boost|p2a: Giratina|spd|0\n|\n|-heal|p2a: Giratina|107/349|[from] item: Leftovers\n|-damage|p2a: Giratina|64/349|[from] Leech Seed|[of] p1a: Tropius\n|upkeep\n|turn|88\n|\n|t:|1781458193\n|move|p1a: Tropius|Protect||[still]\n|-fail|p1a: Tropius\n|move|p2a: Giratina|Calm Mind|p2a: Giratina\n|-boost|p2a: Giratina|spa|0\n|-boost|p2a: Giratina|spd|0\n|\n|-heal|p2a: Giratina|85/349|[from] item: Leftovers\n|-damage|p2a: Giratina|42/349|[from] Leech Seed|[of] p1a: Tropius\n|upkeep\n|turn|89\n|\n|t:|1781458196\n|move|p2a: Giratina|Rest|p2a: Giratina\n|-status|p2a: Giratina|slp|[from] move: Rest\n|-heal|p2a: Giratina|349/349 slp|[silent]\n|move|p1a: Tropius|Air Slash|p2a: Giratina\n|-damage|p2a: Giratina|333/349 slp\n|\n|-heal|p2a: Giratina|349/349 slp|[from] item: Leftovers\n|-damage|p2a: Giratina|306/349 slp|[from] Leech Seed|[of] p1a: Tropius\n|upkeep\n|turn|90\n|-message|pagenfranskane forfeited.\n|\n|win|cka.15\n", "inputlog": ">version a8376a258c1d4662feba110a92103f3664a72141\n>start {\"formatid\":\"gen9randombattle\",\"seed\":\"sodium,590845251ba9b7d43ef76cddfb4a8501\",\"rated\":\"Rated battle\"}\n>player p1 {\"name\":\"pagenfranskane\",\"avatar\":\"battlegirl\",\"rating\":2005,\"seed\":\"sodium,1dccc30f5c53e291afc1aeaac27b96f4\"}\n>player p2 {\"name\":\"cka.15\",\"avatar\":\"170\",\"rating\":2043,\"seed\":\"sodium,bf83d78d4e56fc02dbc5f76c888ef396\"}\n>p1 move icespinner\n>p2 move dragonpulse\n>p1 move icespinner\n>p2 switch 3\n>p1 switch 3\n>p2 move strangesteam\n>p1 move substitute\n>p2 move willowisp\n>p1 move sleeppowder\n>p2 switch 2\n>p1 move leechseed\n>p2 switch 5\n>p1 move sludgebomb\n>p2 move uturn\n>p2 switch 4\n>p1 switch 3\n>p2 move psyshock\n>p1 move crunch\n>p2 switch 3\n>p1 move crunch\n>p2 switch 2\n>p1 switch 3\n>p2 move strangesteam\n>p1 move substitute\n>p2 move fireblast\n>p1 move leechseed\n>p2 move fireblast\n>p1 move substitute\n>p2 switch 6\n>p1 move leechseed\n>p2 move poltergeist\n>p1 move leechseed\n>p2 move suckerpunch\n>p1 move sludgebomb\n>p2 move poltergeist\n>p1 switch 2\n>p1 move calmmind\n>p2 switch 6\n>p1 move psyshock\n>p2 move strangesteam\n>p1 move psyshock\n>p2 move gunkshot terastallize\n>p1 move alluringvoice\n>p2 move fireblast\n>p2 switch 3\n>p1 move alluringvoice\n>p2 move psyshock\n>p1 move recover\n>p2 move psyshock\n>p1 move alluringvoice\n>p2 move nastyplot\n>p1 move alluringvoice\n>p2 move psyshock\n>p1 switch 3\n>p1 move flipturn\n>p2 switch 4\n>p1 switch 6\n>p1 move calmmind\n>p2 move uturn\n>p2 switch 6\n>p1 move fireblast\n>p2 move poltergeist\n>p1 switch 6\n>p1 move flipturn\n>p2 move suckerpunch\n>p1 switch 4\n>p1 move airslash\n>p2 move painsplit\n>p1 move leechseed\n>p2 move poltergeist\n>p1 move leechseed\n>p2 switch 6\n>p1 move airslash\n>p2 switch 6\n>p1 move leechseed\n>p2 move poltergeist\n>p1 move substitute\n>p2 switch 5\n>p1 move leechseed\n>p2 move rapidspin\n>p1 move leechseed\n>p2 move rapidspin\n>p1 move airslash\n>p2 move rapidspin\n>p1 move airslash\n>p2 move rapidspin\n>p1 move airslash\n>p2 move iceshard\n>p2 switch 2\n>p1 move leechseed\n>p2 move calmmind\n>p1 move substitute\n>p2 move rest\n>p1 move airslash\n>p2 move calmmind\n>p1 move airslash\n>p2 move sleeptalk\n>p1 move airslash\n>p2 move dragonpulse\n>p1 move airslash\n>p2 move dragonpulse\n>p1 move airslash\n>p2 move dragonpulse\n>p1 move airslash\n>p2 move rest\n>p1 move substitute\n>p2 move sleeptalk\n>p1 move protect\n>p2 move sleeptalk\n>p1 move airslash\n>p2 move dragonpulse\n>p1 move substitute\n>p2 move dragonpulse\n>p1 move protect\n>p2 move calmmind\n>p1 move airslash\n>p2 move dragonpulse\n>p1 move protect\n>p2 move rest\n>p1 switch 5\n>p2 move sleeptalk\n>p1 move stoneedge\n>p2 move sleeptalk\n>p1 move suckerpunch\n>p2 move dragonpulse\n>p1 move suckerpunch\n>p2 move rest\n>p1 move suckerpunch\n>p2 move sleeptalk\n>p1 move stoneedge\n>p2 move sleeptalk\n>p1 move stoneedge\n>p2 move calmmind\n>p1 move stoneedge\n>p2 move calmmind\n>p1 move rapidspin\n>p2 move rest\n>p1 move rapidspin\n>p2 move sleeptalk\n>p1 move suckerpunch\n>p2 move sleeptalk\n>p1 switch 5\n>p1 move substitute terastallize\n>p2 move dragonpulse\n>p1 move protect\n>p2 move calmmind\n>p1 move protect\n>p2 move dragonpulse\n>p1 move substitute\n>p2 move dragonpulse\n>p1 move protect\n>p2 move dragonpulse\n>p1 move substitute\n>p2 move rest\n>p1 move leechseed\n>p2 move sleeptalk\n>p1 move protect\n>p2 move sleeptalk\n>p1 move substitute\n>p2 move dragonpulse\n>p1 move protect\n>p2 move rest\n>p1 move substitute\n>p2 move sleeptalk\n>p1 move substitute\n>p2 move sleeptalk\n>p1 move leechseed\n>p2 move dragonpulse\n>p1 move substitute\n>p2 move dragonpulse\n>p1 move protect\n>p2 move calmmind\n>p1 move protect\n>p2 move calmmind\n>p1 move substitute\n>p2 move calmmind\n>p1 move protect\n>p2 move calmmind\n>p1 move leechseed\n>p2 move calmmind\n>p1 move substitute\n>p2 move calmmind\n>p1 move protect\n>p2 move calmmind\n>p1 move protect\n>p2 move calmmind\n>p1 move airslash\n>p2 move rest\n>forcelose p1", "uploadtime": 1781457550, "views": 5, "formatid": "gen9randombattle", "rating": null, "private": 0, "password": null, "player_dets": [{"name": "pagenfranskane", "avatar": "battlegirl", "rating": 2005, "seed": "sodium,1dccc30f5c53e291afc1aeaac27b96f4"}, {"name": "cka.15", "avatar": "170", "rating": 2043, "seed": "sodium,bf83d78d4e56fc02dbc5f76c888ef396"}], "teams_full": [{"Floatzel": {"name": "Floatzel", "species": "Floatzel", "speciesId": "floatzel", "gender": "M", "shiny": false, "level": 86, "moves": ["flipturn", "crunch", "wavecrash", "icespinner"], "ability": "Water Veil", "evs": {"hp": 85, "atk": 85, "def": 85, "spa": 85, "spd": 85, "spe": 85}, "ivs": {"hp": 31, "atk": 31, "def": 31, "spa": 31, "spd": 31, "spe": 31}, "item": "Choice Band", "teraType": "Water", "role": "Wallbreaker", "bvs": {"hp": 85, "atk": 105, "def": 55, "spa": 85, "spd": 50, "spe": 115}, "stats": {"hp": 286, "atk": 230, "def": 144, "spa": 195, "spd": 135, "spe": 247}, "types": ["Water"]}, "Alcremie": {"name": "Alcremie", "species": "Alcremie-Rainbow-Swirl", "speciesId": "alcremie", "gender": "F", "shiny": false, "level": 90, "moves": ["calmmind", "alluringvoice", "recover", "psyshock"], "ability": "Aroma Veil", "evs": {"hp": 85, "atk": 0, "def": 85, "spa": 85, "spd": 85, "spe": 85}, "ivs": {"hp": 31, "atk": 0, "def": 31, "spa": 31, "spd": 31, "spe": 31}, "item": "Leftovers", "teraType": "Poison", "role": "Bulky Setup", "bvs": {"hp": 65, "atk": 60, "def": 75, "spa": 110, "spd": 121, "spe": 64}, "stats": {"hp": 263, "atk": 113, "def": 186, "spa": 249, "spd": 269, "spe": 167}, "types": ["Fairy"]}, "Venusaur": {"name": "Venusaur", "species": "Venusaur", "speciesId": "venusaur", "gender": "M", "shiny": false, "level": 84, "moves": ["sleeppowder", "leechseed", "substitute", "sludgebomb"], "ability": "Chlorophyll", "evs": {"hp": 85, "atk": 0, "def": 85, "spa": 85, "spd": 85, "spe": 85}, "ivs": {"hp": 31, "atk": 0, "def": 31, "spa": 31, "spd": 31, "spe": 31}, "item": "Leftovers", "teraType": "Water", "role": "Bulky Support", "bvs": {"hp": 80, "atk": 82, "def": 83, "spa": 100, "spd": 100, "spe": 80}, "stats": {"hp": 272, "atk": 142, "def": 188, "spa": 216, "spd": 216, "spe": 183}, "types": ["Grass", "Poison"]}, "Tropius": {"name": "Tropius", "species": "Tropius", "speciesId": "tropius", "gender": "F", "shiny": false, "level": 91, "moves": ["substitute", "leechseed", "airslash", "protect"], "ability": "Harvest", "evs": {"hp": 85, "atk": 0, "def": 85, "spa": 85, "spd": 85, "spe": 85}, "ivs": {"hp": 31, "atk": 0, "def": 31, "spa": 31, "spd": 31, "spe": 31}, "item": "Sitrus Berry", "teraType": "Steel", "role": "Bulky Support", "bvs": {"hp": 99, "atk": 68, "def": 83, "spa": 72, "spd": 87, "spe": 51}, "stats": {"hp": 328, "atk": 128, "def": 203, "spa": 183, "spd": 210, "spe": 145}, "types": ["Grass", "Flying"]}, "Hitmontop": {"name": "Hitmontop", "species": "Hitmontop", "speciesId": "hitmontop", "gender": "M", "shiny": false, "level": 88, "moves": ["suckerpunch", "stoneedge", "rapidspin", "closecombat"], "ability": "Intimidate", "evs": {"hp": 85, "atk": 85, "def": 85, "spa": 85, "spd": 85, "spe": 85}, "ivs": {"hp": 31, "atk": 31, "def": 31, "spa": 31, "spd": 31, "spe": 31}, "item": "Assault Vest", "teraType": "Steel", "role": "Bulky Support", "bvs": {"hp": 50, "atk": 95, "def": 95, "spa": 35, "spd": 110, "spe": 70}, "stats": {"hp": 231, "atk": 217, "def": 217, "spa": 112, "spd": 244, "spe": 173}, "types": ["Fighting"]}, "Chandelure": {"name": "Chandelure", "species": "Chandelure", "speciesId": "chandelure", "gender": "F", "shiny": false, "level": 83, "moves": ["energyball", "calmmind", "fireblast", "shadowball"], "ability": "Flash Fire", "evs": {"hp": 85, "atk": 0, "def": 85, "spa": 85, "spd": 85, "spe": 85}, "ivs": {"hp": 31, "atk": 0, "def": 31, "spa": 31, "spd": 31, "spe": 31}, "item": "Heavy-Duty Boots", "teraType": "Grass", "role": "Fast Bulky Setup", "bvs": {"hp": 60, "atk": 55, "def": 90, "spa": 145, "spd": 90, "spe": 80}, "stats": {"hp": 235, "atk": 96, "def": 197, "spa": 288, "spd": 197, "spe": 180}, "types": ["Ghost", "Fire"]}}, {"Giratina": {"name": "Giratina", "species": "Giratina", "speciesId": "giratina", "gender": "N", "shiny": false, "level": 75, "moves": ["dragonpulse", "sleeptalk", "rest", "calmmind"], "ability": "Pressure", "evs": {"hp": 85, "atk": 0, "def": 85, "spa": 85, "spd": 85, "spe": 85}, "ivs": {"hp": 31, "atk": 0, "def": 31, "spa": 31, "spd": 31, "spe": 31}, "item": "Leftovers", "teraType": "Fairy", "role": "Bulky Setup", "bvs": {"hp": 150, "atk": 100, "def": 120, "spa": 100, "spd": 120, "spe": 90}, "stats": {"hp": 349, "atk": 155, "def": 224, "spa": 194, "spd": 224, "spe": 179}, "types": ["Ghost", "Dragon"]}, "Donphan": {"name": "Donphan", "species": "Donphan", "speciesId": "donphan", "gender": "M", "shiny": false, "level": 84, "moves": ["knockoff", "rapidspin", "earthquake", "iceshard"], "ability": "Sturdy", "evs": {"hp": 85, "atk": 85, "def": 85, "spa": 85, "spd": 85, "spe": 85}, "ivs": {"hp": 31, "atk": 31, "def": 31, "spa": 31, "spd": 31, "spe": 31}, "item": "Assault Vest", "teraType": "Water", "role": "Bulky Support", "bvs": {"hp": 90, "atk": 120, "def": 120, "spa": 60, "spd": 60, "spe": 50}, "stats": {"hp": 288, "atk": 250, "def": 250, "spa": 149, "spd": 149, "spe": 132}, "types": ["Ground"]}, "Weezing": {"name": "Weezing", "species": "Weezing-Galar", "speciesId": "weezinggalar", "gender": "M", "shiny": false, "level": 86, "moves": ["fireblast", "gunkshot", "willowisp", "strangesteam"], "ability": "Levitate", "evs": {"hp": 85, "atk": 85, "def": 85, "spa": 85, "spd": 85, "spe": 85}, "ivs": {"hp": 31, "atk": 31, "def": 31, "spa": 31, "spd": 31, "spe": 31}, "item": "Leftovers", "teraType": "Steel", "role": "Bulky Support", "bvs": {"hp": 65, "atk": 90, "def": 120, "spa": 85, "spd": 70, "spe": 60}, "stats": {"hp": 252, "atk": 204, "def": 256, "spa": 195, "spd": 170, "spe": 152}, "types": ["Poison", "Fairy"]}, "Oranguru": {"name": "Oranguru", "species": "Oranguru", "speciesId": "oranguru", "gender": "F", "shiny": false, "level": 92, "moves": ["psyshock", "thunderbolt", "nastyplot", "focusblast"], "ability": "Inner Focus", "evs": {"hp": 85, "atk": 0, "def": 85, "spa": 85, "spd": 85, "spe": 85}, "ivs": {"hp": 31, "atk": 0, "def": 31, "spa": 31, "spd": 31, "spe": 31}, "item": "Leftovers", "teraType": "Fighting", "role": "Bulky Attacker", "bvs": {"hp": 90, "atk": 60, "def": 80, "spa": 90, "spd": 110, "spe": 60}, "stats": {"hp": 315, "atk": 115, "def": 200, "spa": 218, "spd": 255, "spe": 163}, "types": ["Normal", "Psychic"]}, "Vespiquen": {"name": "Vespiquen", "species": "Vespiquen", "speciesId": "vespiquen", "gender": "F", "shiny": false, "level": 99, "moves": ["toxicspikes", "hurricane", "uturn", "roost"], "ability": "Pressure", "evs": {"hp": 85, "atk": 85, "def": 85, "spa": 85, "spd": 85, "spe": 85}, "ivs": {"hp": 31, "atk": 31, "def": 31, "spa": 31, "spd": 31, "spe": 31}, "item": "Heavy-Duty Boots", "teraType": "Steel", "role": "Bulky Support", "bvs": {"hp": 70, "atk": 80, "def": 102, "spa": 80, "spd": 102, "spe": 40}, "stats": {"hp": 299, "atk": 214, "def": 258, "spa": 214, "spd": 258, "spe": 135}, "types": ["Bug", "Flying"]}, "Spiritomb": {"name": "Spiritomb", "species": "Spiritomb", "speciesId": "spiritomb", "gender": "M", "shiny": false, "level": 89, "moves": ["painsplit", "foulplay", "poltergeist", "suckerpunch"], "ability": "Infiltrator", "evs": {"hp": 85, "atk": 85, "def": 85, "spa": 85, "spd": 85, "spe": 85}, "ivs": {"hp": 31, "atk": 31, "def": 31, "spa": 31, "spd": 31, "spe": 31}, "item": "Leftovers", "teraType": "Steel", "role": "Bulky Support", "bvs": {"hp": 50, "atk": 92, "def": 108, "spa": 92, "spd": 108, "spe": 35}, "stats": {"hp": 234, "atk": 215, "def": 243, "spa": 215, "spd": 243, "spe": 113}, "types": ["Ghost", "Dark"]}}]}