{"id": "gen9randombattle-2631529458", "format": "[Gen 9] Random Battle", "players": ["etetete", "AerachAisteach"], "log": "|j|\u2606etetete\n|j|\u2606AerachAisteach\n|t:|1781397128\n|gametype|singles\n|player|p1|etetete|170|2024\n|player|p2|AerachAisteach|169|2003\n|gen|9\n|tier|[Gen 9] Random Battle\n|rated|\n|rule|Species Clause: Limit one of each Pok\u00e9mon\n|rule|HP Percentage Mod: HP is shown in percentages\n|rule|Sleep Clause Mod: Limit one foe put to sleep\n|rule|Illusion Level Mod: Illusion disguises the Pok\u00e9mon's true level\n|\n|t:|1781397128\n|teamsize|p1|6\n|teamsize|p2|6\n|start\n|switch|p1a: Lucario|Lucario, L84, F|255/255\n|switch|p2a: Gyarados|Gyarados, L79, F|280/280\n|turn|1\n|inactive|Battle timer is ON: inactive players will automatically lose when time's up. (requested by AerachAisteach)\n|\n|t:|1781397139\n|move|p1a: Lucario|Swords Dance|p1a: Lucario\n|-boost|p1a: Lucario|atk|2\n|move|p2a: Gyarados|Dragon Dance|p2a: Gyarados\n|-boost|p2a: Gyarados|atk|1\n|-boost|p2a: Gyarados|spe|1\n|\n|upkeep\n|turn|2\n|\n|t:|1781397144\n|-terastallize|p1a: Lucario|Normal\n|move|p1a: Lucario|Extreme Speed|p2a: Gyarados\n|-damage|p2a: Gyarados|6/280\n|-damage|p1a: Lucario|230/255|[from] item: Life Orb\n|move|p2a: Gyarados|Earthquake|p1a: Lucario\n|-damage|p1a: Lucario|101/255\n|\n|upkeep\n|turn|3\n|\n|t:|1781397149\n|switch|p2a: Glimmora|Glimmora, L75, M|248/248\n|move|p1a: Lucario|Extreme Speed|p2a: Glimmora\n|-resisted|p2a: Glimmora\n|-damage|p2a: Glimmora|108/248\n|-activate|p2a: Glimmora|ability: Toxic Debris\n|-sidestart|p1: etetete|move: Toxic Spikes\n|-damage|p1a: Lucario|76/255|[from] item: Life Orb\n|\n|upkeep\n|turn|4\n|\n|t:|1781397178\n|move|p1a: Lucario|Extreme Speed|p2a: Glimmora\n|-resisted|p2a: Glimmora\n|-damage|p2a: Glimmora|0 fnt\n|-activate|p2a: Glimmora|ability: Toxic Debris\n|-sidestart|p1: etetete|move: Toxic Spikes\n|faint|p2a: Glimmora\n|-damage|p1a: Lucario|51/255|[from] item: Life Orb\n|\n|upkeep\n|\n|t:|1781397184\n|switch|p2a: Maushold|Maushold-Four, L76|238/238\n|turn|5\n|\n|t:|1781397189\n|move|p2a: Maushold|Population Bomb|p1a: Lucario\n|-damage|p1a: Lucario|24/255\n|-damage|p1a: Lucario|0 fnt\n|faint|p1a: Lucario\n|-hitcount|p1: Lucario|2\n|\n|upkeep\n|\n|t:|1781397191\n|switch|p1a: Fezandipiti|Fezandipiti, L82, M|278/278\n|-sideend|p1: etetete|move: Toxic Spikes|[of] p1a: Fezandipiti\n|turn|6\n|\n|t:|1781397202\n|switch|p2a: Cresselia|Cresselia, L80, F|323/323\n|move|p1a: Fezandipiti|Gunk Shot|p2a: Cresselia|[miss]\n|-miss|p1a: Fezandipiti|p2a: Cresselia\n|\n|upkeep\n|turn|7\n|\n|t:|1781397206\n|move|p1a: Fezandipiti|Gunk Shot|p2a: Cresselia|[miss]\n|-miss|p1a: Fezandipiti|p2a: Cresselia\n|move|p2a: Cresselia|Calm Mind|p2a: Cresselia\n|-boost|p2a: Cresselia|spa|1\n|-boost|p2a: Cresselia|spd|1\n|\n|upkeep\n|turn|8\n|\n|t:|1781397209\n|move|p1a: Fezandipiti|U-turn|p2a: Cresselia\n|-supereffective|p2a: Cresselia\n|-damage|p2a: Cresselia|235/323\n|\n|t:|1781397210\n|switch|p1a: Houndoom|Houndoom, L87, F|272/272|[from] U-turn\n|move|p2a: Cresselia|Psyshock|p1a: Houndoom\n|-immune|p1a: Houndoom\n|\n|-heal|p2a: Cresselia|255/323|[from] item: Leftovers\n|upkeep\n|turn|9\n|\n|t:|1781397214\n|move|p1a: Houndoom|Sludge Bomb|p2a: Cresselia\n|-damage|p2a: Cresselia|217/323\n|move|p2a: Cresselia|Calm Mind|p2a: Cresselia\n|-boost|p2a: Cresselia|spa|1\n|-boost|p2a: Cresselia|spd|1\n|\n|-heal|p2a: Cresselia|237/323|[from] item: Leftovers\n|upkeep\n|turn|10\n|\n|t:|1781397217\n|switch|p1a: Fezandipiti|Fezandipiti, L82, M|278/278\n|move|p2a: Cresselia|Calm Mind|p2a: Cresselia\n|-boost|p2a: Cresselia|spa|1\n|-boost|p2a: Cresselia|spd|1\n|\n|-heal|p2a: Cresselia|257/323|[from] item: Leftovers\n|upkeep\n|turn|11\n|\n|t:|1781397219\n|move|p1a: Fezandipiti|U-turn|p2a: Cresselia\n|-supereffective|p2a: Cresselia\n|-damage|p2a: Cresselia|173/323\n|\n|t:|1781397221\n|switch|p1a: Houndoom|Houndoom, L87, F|272/272|[from] U-turn\n|move|p2a: Cresselia|Psyshock|p1a: Houndoom\n|-immune|p1a: Houndoom\n|\n|-heal|p2a: Cresselia|193/323|[from] item: Leftovers\n|upkeep\n|turn|12\n|\n|t:|1781397223\n|switch|p1a: Fezandipiti|Fezandipiti, L82, M|278/278\n|move|p2a: Cresselia|Moonlight|p2a: Cresselia\n|-heal|p2a: Cresselia|323/323\n|\n|upkeep\n|turn|13\n|\n|t:|1781397225\n|move|p1a: Fezandipiti|U-turn|p2a: Cresselia\n|-supereffective|p2a: Cresselia\n|-damage|p2a: Cresselia|247/323\n|\n|t:|1781397226\n|switch|p1a: Houndoom|Houndoom, L87, F|272/272|[from] U-turn\n|move|p2a: Cresselia|Thunderbolt|p1a: Houndoom\n|-crit|p1a: Houndoom\n|-damage|p1a: Houndoom|93/272\n|\n|-heal|p2a: Cresselia|267/323|[from] item: Leftovers\n|upkeep\n|turn|14\n|\n|t:|1781397229\n|move|p1a: Houndoom|Dark Pulse|p2a: Cresselia\n|-supereffective|p2a: Cresselia\n|-crit|p2a: Cresselia\n|-damage|p2a: Cresselia|25/323\n|move|p2a: Cresselia|Thunderbolt|p1a: Houndoom\n|-damage|p1a: Houndoom|0 fnt\n|faint|p1a: Houndoom\n|\n|-heal|p2a: Cresselia|45/323|[from] item: Leftovers\n|upkeep\n|\n|t:|1781397232\n|switch|p1a: Fezandipiti|Fezandipiti, L82, M|278/278\n|turn|15\n|\n|t:|1781397238\n|switch|p2a: Gyarados|Gyarados, L79, F|6/280\n|move|p1a: Fezandipiti|Gunk Shot|p2a: Gyarados\n|-damage|p2a: Gyarados|0 fnt\n|faint|p2a: Gyarados\n|\n|upkeep\n|\n|t:|1781397245\n|switch|p2a: Maushold|Maushold-Four, L76|238/238\n|turn|16\n|\n|t:|1781397248\n|move|p2a: Maushold|Population Bomb|p1a: Fezandipiti\n|-damage|p1a: Fezandipiti|256/278\n|-damage|p1a: Fezandipiti|229/278\n|-damage|p1a: Fezandipiti|205/278\n|-damage|p1a: Fezandipiti|180/278\n|-damage|p1a: Fezandipiti|156/278\n|-damage|p1a: Fezandipiti|134/278\n|-damage|p1a: Fezandipiti|110/278\n|-damage|p1a: Fezandipiti|88/278\n|-damage|p1a: Fezandipiti|61/278\n|-damage|p1a: Fezandipiti|39/278\n|-hitcount|p1a: Fezandipiti|10\n|move|p1a: Fezandipiti|Gunk Shot|p2a: Maushold\n|-damage|p2a: Maushold|100/238\n|\n|-heal|p1a: Fezandipiti|56/278|[from] item: Leftovers\n|upkeep\n|turn|17\n|\n|t:|1781397252\n|move|p2a: Maushold|Population Bomb|p1a: Fezandipiti\n|-damage|p1a: Fezandipiti|32/278\n|-damage|p1a: Fezandipiti|10/278\n|-damage|p1a: Fezandipiti|0 fnt\n|faint|p1a: Fezandipiti\n|-hitcount|p1: Fezandipiti|3\n|\n|upkeep\n|\n|t:|1781397253\n|switch|p1a: Manaphy|Manaphy, L78|284/284\n|turn|18\n|\n|t:|1781397262\n|move|p2a: Maushold|Population Bomb|p1a: Manaphy\n|-damage|p1a: Manaphy|262/284\n|-crit|p1a: Manaphy\n|-damage|p1a: Manaphy|226/284\n|-damage|p1a: Manaphy|202/284\n|-damage|p1a: Manaphy|178/284\n|-damage|p1a: Manaphy|157/284\n|-damage|p1a: Manaphy|135/284\n|-damage|p1a: Manaphy|110/284\n|-damage|p1a: Manaphy|88/284\n|-damage|p1a: Manaphy|66/284\n|-damage|p1a: Manaphy|42/284\n|-hitcount|p1a: Manaphy|10\n|move|p1a: Manaphy|Surf|p2a: Maushold\n|-damage|p2a: Maushold|0 fnt\n|faint|p2a: Maushold\n|\n|-heal|p1a: Manaphy|59/284|[from] item: Leftovers\n|upkeep\n|\n|t:|1781397270\n|switch|p2a: Walking Wake|Walking Wake, L79|286/286\n|turn|19\n|\n|t:|1781397277\n|switch|p1a: Chimecho|Chimecho, L93, M|290/290\n|move|p2a: Walking Wake|Draco Meteor|p1a: Chimecho\n|-crit|p1a: Chimecho\n|-damage|p1a: Chimecho|25/290\n|-unboost|p2a: Walking Wake|spa|2\n|-damage|p2a: Walking Wake|258/286|[from] item: Life Orb\n|\n|-heal|p1a: Chimecho|43/290|[from] item: Leftovers\n|upkeep\n|turn|20\n|\n|t:|1781397283\n|move|p2a: Walking Wake|Hydro Steam|p1a: Chimecho\n|-damage|p1a: Chimecho|0 fnt\n|faint|p1a: Chimecho\n|-damage|p2a: Walking Wake|230/286|[from] item: Life Orb\n|\n|upkeep\n|\n|t:|1781397285\n|switch|p1a: Dragonite|Dragonite, L74, F|257/257\n|turn|21\n|\n|t:|1781397293\n|-end|p2a: Walking Wake|Protosynthesis|[silent]\n|switch|p2a: Miraidon|Miraidon, L65|238/238\n|-fieldstart|move: Electric Terrain|[from] ability: Hadron Engine|[of] p2a: Miraidon\n|move|p1a: Dragonite|Dragon Dance|p1a: Dragonite\n|-boost|p1a: Dragonite|atk|1\n|-boost|p1a: Dragonite|spe|1\n|\n|upkeep\n|turn|22\n|\n|t:|1781397299\n|move|p1a: Dragonite|Dragon Dance|p1a: Dragonite\n|-boost|p1a: Dragonite|atk|1\n|-boost|p1a: Dragonite|spe|1\n|move|p2a: Miraidon|Volt Switch|p1a: Dragonite\n|-damage|p1a: Dragonite|174/257\n|\n|t:|1781397302\n|switch|p2a: Cresselia|Cresselia, L80, F|45/323|[from] Volt Switch\n|\n|-heal|p2a: Cresselia|65/323|[from] item: Leftovers\n|upkeep\n|turn|23\n|\n|t:|1781397307\n|move|p1a: Dragonite|Roost|p1a: Dragonite\n|-heal|p1a: Dragonite|257/257\n|-singleturn|p1a: Dragonite|move: Roost\n|move|p2a: Cresselia|Psyshock|p1a: Dragonite\n|-crit|p1a: Dragonite\n|-damage|p1a: Dragonite|208/257\n|\n|-heal|p2a: Cresselia|85/323|[from] item: Leftovers\n|upkeep\n|turn|24\n|\n|t:|1781397310\n|move|p1a: Dragonite|Dragon Dance|p1a: Dragonite\n|-boost|p1a: Dragonite|atk|1\n|-boost|p1a: Dragonite|spe|1\n|move|p2a: Cresselia|Psyshock|p1a: Dragonite\n|-damage|p1a: Dragonite|142/257\n|\n|-heal|p2a: Cresselia|105/323|[from] item: Leftovers\n|upkeep\n|turn|25\n|-message|AerachAisteach forfeited.\n|\n|win|etetete\n", "inputlog": ">version a8376a258c1d4662feba110a92103f3664a72141\n>start {\"formatid\":\"gen9randombattle\",\"seed\":\"sodium,84a14136ddd2f0bee02cc1a2e7a47a56\",\"rated\":\"Rated battle\"}\n>player p1 {\"name\":\"etetete\",\"avatar\":\"170\",\"rating\":2024,\"seed\":\"sodium,0173f61b0cbcd47de837e42a501393bc\"}\n>player p2 {\"name\":\"AerachAisteach\",\"avatar\":\"169\",\"rating\":2003,\"seed\":\"sodium,131410ef485f1f489334647aca082473\"}\n>p1 move swordsdance\n>p2 move dragondance\n>p1 move extremespeed terastallize\n>p2 move earthquake\n>p1 move extremespeed\n>p2 switch 3\n>p1 move extremespeed\n>p2 move sludgewave\n>p2 switch 5\n>p1 move closecombat\n>p2 move populationbomb\n>p1 switch 4\n>p1 move gunkshot\n>p2 switch 4\n>p1 move gunkshot\n>p2 move calmmind\n>p1 move uturn\n>p2 move psyshock\n>p1 switch 3\n>p1 move sludgebomb\n>p2 move calmmind\n>p1 switch 3\n>p2 move calmmind\n>p1 move uturn\n>p2 move psyshock\n>p1 switch 3\n>p1 switch 3\n>p2 move moonlight\n>p1 move uturn\n>p2 move thunderbolt\n>p1 switch 3\n>p1 move darkpulse\n>p2 move thunderbolt\n>p1 switch 3\n>p1 move gunkshot\n>p2 switch 3\n>p2 switch 4\n>p1 move gunkshot\n>p2 move populationbomb\n>p1 move moonblast\n>p2 move populationbomb\n>p1 switch 6\n>p1 move surf\n>p2 move populationbomb\n>p2 switch 2\n>p1 switch 2\n>p2 move dracometeor\n>p1 move recover\n>p2 move hydrosteam\n>p1 switch 5\n>p1 move dragondance\n>p2 switch 6\n>p1 move dragondance\n>p2 move voltswitch\n>p2 switch 3\n>p1 move roost\n>p2 move psyshock\n>p1 move dragondance\n>p2 move psyshock\n>forcelose p2", "uploadtime": 1781397129, "views": 6, "formatid": "gen9randombattle", "rating": null, "private": 0, "password": null}