{"id": "gen9randombattle-2631494502", "format": "[Gen 9] Random Battle", "players": ["555v55", "Arsenal0394"], "log": "|j|\u2606555v55\n|j|\u203dArsenal0394\n|t:|1781392175\n|gametype|singles\n|player|p1|555v55|iris|2069\n|player|p2|Arsenal0394|169|2028\n|gen|9\n|tier|[Gen 9] Random Battle\n|rated|\n|rule|Species Clause: Limit one of each Pok\u00e9mon\n|rule|HP Percentage Mod: HP is shown in percentages\n|rule|Sleep Clause Mod: Limit one foe put to sleep\n|rule|Illusion Level Mod: Illusion disguises the Pok\u00e9mon's true level\n|\n|t:|1781392175\n|teamsize|p1|6\n|teamsize|p2|6\n|start\n|switch|p1a: Noctowl|Noctowl, L95, M|344/344\n|switch|p2a: Wigglytuff|Wigglytuff, L96, F|424/424\n|turn|1\n|inactive|Battle timer is ON: inactive players will automatically lose when time's up. (requested by 555v55)\n|\n|t:|1781392247\n|move|p1a: Noctowl|Hurricane|p2a: Wigglytuff\n|-damage|p2a: Wigglytuff|255/424\n|-start|p2a: Wigglytuff|confusion\n|-activate|p2a: Wigglytuff|confusion\n|move|p2a: Wigglytuff|Knock Off|p1a: Noctowl\n|-damage|p1a: Noctowl|247/344\n|-enditem|p1a: Noctowl|Heavy-Duty Boots|[from] move: Knock Off|[of] p2a: Wigglytuff\n|\n|-heal|p2a: Wigglytuff|281/424|[from] item: Leftovers\n|upkeep\n|turn|2\n|\n|t:|1781392268\n|switch|p1a: Plusle|Plusle, L95, M|268/268\n|-end|p2a: Wigglytuff|confusion\n|move|p2a: Wigglytuff|Wish|p2a: Wigglytuff\n|\n|-heal|p2a: Wigglytuff|307/424|[from] item: Leftovers\n|upkeep\n|turn|3\n|\n|t:|1781392274\n|switch|p2a: Dialga|Dialga, L73|266/266\n|-ability|p2a: Dialga|Pressure\n|move|p1a: Plusle|Nasty Plot|p1a: Plusle\n|-boost|p1a: Plusle|spa|2\n|\n|upkeep\n|turn|4\n|\n|t:|1781392281\n|move|p1a: Plusle|Alluring Voice|p2a: Dialga\n|-damage|p2a: Dialga|96/266\n|-damage|p1a: Plusle|242/268|[from] item: Life Orb\n|move|p2a: Dialga|Stealth Rock|p1a: Plusle\n|-sidestart|p1: 555v55|move: Stealth Rock\n|\n|-heal|p2a: Dialga|112/266|[from] item: Leftovers\n|upkeep\n|turn|5\n|\n|t:|1781392293\n|move|p1a: Plusle|Alluring Voice|p2a: Dialga\n|-damage|p2a: Dialga|0 fnt\n|faint|p2a: Dialga\n|-damage|p1a: Plusle|216/268|[from] item: Life Orb\n|\n|upkeep\n|\n|t:|1781392305\n|switch|p2a: Vigoroth|Vigoroth, L85, F|275/275\n|turn|6\n|\n|t:|1781392320\n|-terastallize|p2a: Vigoroth|Ground\n|move|p1a: Plusle|Nasty Plot|p1a: Plusle\n|-boost|p1a: Plusle|spa|2\n|move|p2a: Vigoroth|Earthquake|p1a: Plusle\n|-supereffective|p1a: Plusle\n|-damage|p1a: Plusle|0 fnt\n|faint|p1a: Plusle\n|\n|upkeep\n|\n|t:|1781392328\n|switch|p1a: Veluza|Veluza, L85, M|292/292\n|-damage|p1a: Veluza|256/292|[from] Stealth Rock\n|turn|7\n|\n|t:|1781392337\n|move|p2a: Vigoroth|Earthquake|p1a: Veluza\n|-damage|p1a: Veluza|147/292\n|move|p1a: Veluza|Aqua Cutter|p2a: Vigoroth\n|-supereffective|p2a: Vigoroth\n|-crit|p2a: Vigoroth\n|-damage|p2a: Vigoroth|0 fnt\n|faint|p2a: Vigoroth\n|\n|upkeep\n|\n|t:|1781392352\n|switch|p2a: Sableye|Sableye, L88, M|231/231\n|turn|8\n|\n|t:|1781392365\n|-terastallize|p1a: Veluza|Water\n|move|p2a: Sableye|Will-O-Wisp|p1a: Veluza\n|-status|p1a: Veluza|brn\n|move|p1a: Veluza|Aqua Cutter|p2a: Sableye\n|-crit|p2a: Sableye\n|-damage|p2a: Sableye|47/231\n|\n|-heal|p2a: Sableye|61/231|[from] item: Leftovers\n|-damage|p1a: Veluza|129/292 brn|[from] brn\n|upkeep\n|turn|9\n|\n|t:|1781392373\n|move|p2a: Sableye|Recover|p2a: Sableye\n|-heal|p2a: Sableye|177/231\n|move|p1a: Veluza|Aqua Cutter|p2a: Sableye\n|-damage|p2a: Sableye|40/231\n|\n|-heal|p2a: Sableye|54/231|[from] item: Leftovers\n|-damage|p1a: Veluza|111/292 brn|[from] brn\n|upkeep\n|turn|10\n|\n|t:|1781392385\n|switch|p2a: Basculin|Basculin, L86, F|261/261\n|move|p1a: Veluza|Aqua Cutter|p2a: Basculin\n|-resisted|p2a: Basculin\n|-crit|p2a: Basculin\n|-damage|p2a: Basculin|161/261\n|\n|-damage|p1a: Veluza|93/292 brn|[from] brn\n|upkeep\n|turn|11\n|inactive|555v55 has 120 seconds left.\n|\n|t:|1781392422\n|switch|p1a: Noctowl|Noctowl, L95, M|247/344\n|-damage|p1a: Noctowl|161/344|[from] Stealth Rock\n|move|p2a: Basculin|Wave Crash|p1a: Noctowl\n|-damage|p1a: Noctowl|0 fnt\n|faint|p1a: Noctowl\n|-damage|p2a: Basculin|108/261|[from] Recoil\n|\n|upkeep\n|\n|t:|1781392428\n|switch|p1a: Cloyster|Cloyster, L80, F|211/211\n|-damage|p1a: Cloyster|159/211|[from] Stealth Rock\n|turn|12\n|inactive|555v55 has 120 seconds left.\n|\n|t:|1781392439\n|switch|p2a: Sableye|Sableye, L88, M|54/231\n|move|p1a: Cloyster|Rock Blast|p2a: Sableye|[miss]\n|-miss|p1a: Cloyster|p2a: Sableye\n|\n|-heal|p2a: Sableye|68/231|[from] item: Leftovers\n|upkeep\n|turn|13\n|inactive|555v55 has 120 seconds left.\n|\n|t:|1781392451\n|switch|p1a: Mabosstiff|Mabosstiff, L86, F|278/278\n|-damage|p1a: Mabosstiff|244/278|[from] Stealth Rock\n|move|p2a: Sableye|Recover|p2a: Sableye\n|-heal|p2a: Sableye|184/231\n|\n|-heal|p2a: Sableye|198/231|[from] item: Leftovers\n|upkeep\n|turn|14\n|inactive|555v55 has 120 seconds left.\n|\n|t:|1781392459\n|move|p1a: Mabosstiff|Play Rough|p2a: Sableye\n|-supereffective|p2a: Sableye\n|-damage|p2a: Sableye|0 fnt\n|faint|p2a: Sableye\n|\n|upkeep\n|\n|t:|1781392463\n|switch|p2a: Enamorus|Enamorus, L79, F|247/247\n|turn|15\n|\n|t:|1781392476\n|move|p2a: Enamorus|Superpower|p1a: Mabosstiff\n|-supereffective|p1a: Mabosstiff\n|-damage|p1a: Mabosstiff|84/278\n|-boost|p2a: Enamorus|atk|1\n|-boost|p2a: Enamorus|def|1\n|move|p1a: Mabosstiff|Play Rough|p2a: Enamorus\n|-damage|p2a: Enamorus|147/247\n|-boost|p2a: Enamorus|atk|1\n|\n|upkeep\n|turn|16\n|\n|t:|1781392486\n|move|p2a: Enamorus|Superpower|p1a: Mabosstiff\n|-supereffective|p1a: Mabosstiff\n|-damage|p1a: Mabosstiff|0 fnt\n|-boost|p2a: Enamorus|atk|1\n|-boost|p2a: Enamorus|def|1\n|faint|p1a: Mabosstiff\n|\n|upkeep\n|\n|t:|1781392491\n|switch|p1a: Cetitan|Cetitan, L82, M|413/413\n|-damage|p1a: Cetitan|310/413|[from] Stealth Rock\n|turn|17\n|\n|t:|1781392495\n|move|p1a: Cetitan|Ice Shard|p2a: Enamorus\n|-supereffective|p2a: Enamorus\n|-damage|p2a: Enamorus|66/247\n|-damage|p1a: Cetitan|269/413|[from] item: Life Orb\n|move|p2a: Enamorus|Superpower|p1a: Cetitan\n|-supereffective|p1a: Cetitan\n|-damage|p1a: Cetitan|0 fnt\n|-boost|p2a: Enamorus|atk|1\n|-boost|p2a: Enamorus|def|1\n|faint|p1a: Cetitan\n|\n|upkeep\n|-message|555v55 forfeited.\n|\n|win|Arsenal0394\n", "uploadtime": 1781392176, "views": 3, "formatid": "gen9randombattle", "rating": null, "private": 0, "password": null}