{"id": "gen9randombattle-2631649331", "format": "[Gen 9] Random Battle", "players": ["vergandina", "lianfan"], "log": "|j|\u2606vergandina\n|j|\u2606lianfan\n|t:|1781414770\n|gametype|singles\n|player|p1|vergandina|red|1912\n|player|p2|lianfan|170|1963\n|gen|9\n|tier|[Gen 9] Random Battle\n|rated|\n|rule|Species Clause: Limit one of each Pok\u00e9mon\n|rule|HP Percentage Mod: HP is shown in percentages\n|rule|Sleep Clause Mod: Limit one foe put to sleep\n|rule|Illusion Level Mod: Illusion disguises the Pok\u00e9mon's true level\n|\n|t:|1781414770\n|teamsize|p1|6\n|teamsize|p2|6\n|start\n|switch|p1a: Piloswine|Piloswine, L85, M|309/309\n|switch|p2a: Cramorant|Cramorant, L86, F|261/261\n|turn|1\n|inactive|Battle timer is ON: inactive players will automatically lose when time's up. (requested by vergandina)\n|inactive|lianfan also wants the timer to be on.\n|\n|t:|1781414782\n|switch|p1a: Lapras|Lapras, L87, M|368/368\n|move|p2a: Cramorant|Surf|p1a: Lapras\n|-immune|p1a: Lapras|[from] ability: Water Absorb\n|\n|upkeep\n|turn|2\n|\n|t:|1781414790\n|switch|p2a: Pincurchin|Pincurchin, F|258/258\n|-fieldstart|move: Electric Terrain|[from] ability: Electric Surge|[of] p2a: Pincurchin\n|move|p1a: Lapras|Freeze-Dry|p2a: Pincurchin\n|-damage|p2a: Pincurchin|198/258\n|\n|-heal|p2a: Pincurchin|214/258|[from] item: Leftovers\n|upkeep\n|turn|3\n|\n|t:|1781414803\n|move|p1a: Lapras|Sparkling Aria|p2a: Pincurchin\n|-damage|p2a: Pincurchin|133/258\n|move|p2a: Pincurchin|Spikes|p1a: Lapras\n|-sidestart|p1: vergandina|Spikes\n|\n|-heal|p2a: Pincurchin|149/258|[from] item: Leftovers\n|upkeep\n|turn|4\n|\n|t:|1781414809\n|switch|p1a: Piloswine|Piloswine, L85, M|309/309\n|-damage|p1a: Piloswine|271/309|[from] Spikes\n|move|p2a: Pincurchin|Spikes|p1a: Piloswine\n|-sidestart|p1: vergandina|Spikes\n|\n|-heal|p2a: Pincurchin|165/258|[from] item: Leftovers\n|upkeep\n|turn|5\n|\n|t:|1781414817\n|switch|p2a: Cramorant|Cramorant, L86, F|261/261\n|move|p1a: Piloswine|Stealth Rock|p2a: Cramorant\n|-sidestart|p2: lianfan|move: Stealth Rock\n|\n|upkeep\n|turn|6\n|\n|t:|1781414823\n|switch|p2a: Pincurchin|Pincurchin, F|165/258\n|-damage|p2a: Pincurchin|133/258|[from] Stealth Rock\n|move|p1a: Piloswine|Icicle Crash|p2a: Pincurchin\n|-damage|p2a: Pincurchin|55/258\n|\n|-heal|p2a: Pincurchin|71/258|[from] item: Leftovers\n|-fieldend|move: Electric Terrain\n|upkeep\n|turn|7\n|\n|t:|1781414846\n|move|p1a: Piloswine|Icicle Crash|p2a: Pincurchin\n|-damage|p2a: Pincurchin|0 fnt\n|faint|p2a: Pincurchin\n|\n|upkeep\n|\n|t:|1781414848\n|switch|p2a: Cramorant|Cramorant, L86, F|261/261\n|turn|8\n|inactive|vergandina has 120 seconds left.\n|\n|t:|1781414878\n|switch|p2a: Cyclizar|Cyclizar, L83, F|252/252\n|move|p1a: Piloswine|Icicle Crash|p2a: Cyclizar\n|-supereffective|p2a: Cyclizar\n|-damage|p2a: Cyclizar|0 fnt\n|faint|p2a: Cyclizar\n|\n|upkeep\n|\n|t:|1781414885\n|switch|p2a: Cramorant|Cramorant, L86, F|261/261\n|turn|9\n|\n|t:|1781414888\n|move|p2a: Cramorant|Surf|p1a: Piloswine\n|-formechange|p2a: Cramorant|Cramorant-Gulping|\n|-supereffective|p1a: Piloswine\n|-damage|p1a: Piloswine|121/309\n|move|p1a: Piloswine|Icicle Crash|p2a: Cramorant\n|-damage|p2a: Cramorant|131/261\n|-damage|p1a: Piloswine|44/309|[from] ability: Gulp Missile|[of] p2a: Cramorant\n|-unboost|p1a: Piloswine|def|1\n|-formechange|p2a: Cramorant|Cramorant|\n|\n|upkeep\n|turn|10\n|\n|t:|1781414901\n|move|p2a: Cramorant|Surf|p1a: Piloswine\n|-formechange|p2a: Cramorant|Cramorant-Gulping|\n|-supereffective|p1a: Piloswine\n|-damage|p1a: Piloswine|0 fnt\n|faint|p1a: Piloswine\n|\n|upkeep\n|\n|t:|1781414907\n|switch|p1a: Giratina|Giratina-Origin, L72|335/335\n|turn|11\n|\n|t:|1781414917\n|move|p2a: Cramorant|Brave Bird|p1a: Giratina\n|-damage|p1a: Giratina|218/335\n|-damage|p2a: Cramorant|92/261|[from] Recoil\n|move|p1a: Giratina|Will-O-Wisp|p2a: Cramorant\n|-status|p2a: Cramorant|brn\n|\n|-damage|p2a: Cramorant|76/261 brn|[from] brn\n|upkeep\n|turn|12\n|\n|t:|1781414925\n|move|p2a: Cramorant|Surf|p1a: Giratina\n|-resisted|p1a: Giratina\n|-damage|p1a: Giratina|175/335\n|move|p1a: Giratina|Poltergeist|p2a: Cramorant\n|-activate|p2a: Cramorant|move: Poltergeist|Heavy-Duty Boots\n|-damage|p2a: Cramorant|0 fnt\n|-damage|p1a: Giratina|92/335|[from] ability: Gulp Missile|[of] p2a: Cramorant\n|-unboost|p1a: Giratina|def|1\n|-formechange|p2a: Cramorant|Cramorant|\n|faint|p2a: Cramorant\n|\n|upkeep\n|\n|t:|1781414940\n|switch|p2a: Kommo-o|Kommo-o, L78, F|245/245\n|-damage|p2a: Kommo-o|230/245|[from] Stealth Rock\n|turn|13\n|inactive|vergandina has 120 seconds left.\n|\n|t:|1781414980\n|move|p2a: Kommo-o|Clanging Scales|p1a: Giratina\n|-supereffective|p1a: Giratina\n|-damage|p1a: Giratina|0 fnt\n|faint|p1a: Giratina\n|-unboost|p2a: Kommo-o|def|1\n|-enditem|p2a: Kommo-o|Throat Spray\n|-boost|p2a: Kommo-o|spa|1|[from] item: Throat Spray\n|\n|upkeep\n|\n|t:|1781414993\n|switch|p1a: Victreebel|Victreebel, L90, F|290/290\n|-damage|p1a: Victreebel|242/290|[from] Spikes\n|turn|14\n|\n|t:|1781415000\n|move|p2a: Kommo-o|Clangorous Soul|p2a: Kommo-o\n|-boost|p2a: Kommo-o|atk|1\n|-boost|p2a: Kommo-o|def|1\n|-boost|p2a: Kommo-o|spa|1\n|-boost|p2a: Kommo-o|spd|1\n|-boost|p2a: Kommo-o|spe|1\n|-damage|p2a: Kommo-o|150/245\n|move|p1a: Victreebel|Sludge Wave|p2a: Kommo-o\n|-damage|p2a: Kommo-o|59/245\n|-damage|p1a: Victreebel|213/290|[from] item: Life Orb\n|\n|upkeep\n|turn|15\n|\n|t:|1781415012\n|move|p1a: Victreebel|Sucker Punch|p2a: Kommo-o\n|-resisted|p2a: Kommo-o\n|-damage|p2a: Kommo-o|27/245\n|-damage|p1a: Victreebel|184/290|[from] item: Life Orb\n|move|p2a: Kommo-o|Clanging Scales|p1a: Victreebel\n|-damage|p1a: Victreebel|0 fnt\n|faint|p1a: Victreebel\n|-unboost|p2a: Kommo-o|def|1\n|\n|upkeep\n|\n|t:|1781415019\n|switch|p1a: Dondozo|Dondozo, L78, M|362/362\n|-damage|p1a: Dondozo|302/362|[from] Spikes\n|turn|16\n|\n|t:|1781415028\n|move|p2a: Kommo-o|Clanging Scales|p1a: Dondozo\n|-damage|p1a: Dondozo|175/362\n|-unboost|p2a: Kommo-o|def|1\n|move|p1a: Dondozo|Wave Crash|p2a: Kommo-o\n|-resisted|p2a: Kommo-o\n|-crit|p2a: Kommo-o\n|-damage|p2a: Kommo-o|0 fnt\n|faint|p2a: Kommo-o\n|-damage|p1a: Dondozo|166/362|[from] Recoil\n|\n|-heal|p1a: Dondozo|188/362|[from] item: Leftovers\n|upkeep\n|\n|t:|1781415046\n|switch|p2a: Lunala|Lunala, L70|308/308\n|-damage|p2a: Lunala|270/308|[from] Stealth Rock\n|turn|17\n|\n|t:|1781415051\n|move|p2a: Lunala|Calm Mind|p2a: Lunala\n|-boost|p2a: Lunala|spa|1\n|-boost|p2a: Lunala|spd|1\n|move|p1a: Dondozo|Rest|p1a: Dondozo\n|-status|p1a: Dondozo|slp|[from] move: Rest\n|-heal|p1a: Dondozo|362/362 slp|[silent]\n|\n|-heal|p2a: Lunala|289/308|[from] item: Leftovers\n|upkeep\n|turn|18\n|\n|t:|1781415057\n|move|p2a: Lunala|Calm Mind|p2a: Lunala\n|-boost|p2a: Lunala|spa|1\n|-boost|p2a: Lunala|spd|1\n|cant|p1a: Dondozo|slp\n|move|p1a: Dondozo|Sleep Talk|p1a: Dondozo\n|move|p1a: Dondozo|Wave Crash|p2a: Lunala|[from] move: Sleep Talk\n|-damage|p2a: Lunala|148/308\n|-damage|p1a: Dondozo|315/362 slp|[from] Recoil\n|\n|-heal|p2a: Lunala|167/308|[from] item: Leftovers\n|-heal|p1a: Dondozo|337/362 slp|[from] item: Leftovers\n|upkeep\n|turn|19\n|\n|t:|1781415074\n|move|p2a: Lunala|Moongeist Beam|p1a: Dondozo\n|-damage|p1a: Dondozo|75/362 slp\n|cant|p1a: Dondozo|slp\n|move|p1a: Dondozo|Sleep Talk|p1a: Dondozo\n|move|p1a: Dondozo|Rest||[from] move: Sleep Talk|[still]\n|-fail|p1a: Dondozo\n|\n|-heal|p2a: Lunala|186/308|[from] item: Leftovers\n|-heal|p1a: Dondozo|97/362 slp|[from] item: Leftovers\n|upkeep\n|turn|20\n|inactive|vergandina has 120 seconds left.\n|\n|t:|1781415131\n|move|p2a: Lunala|Moonlight|p2a: Lunala\n|-heal|p2a: Lunala|308/308\n|-curestatus|p1a: Dondozo|slp|[msg]\n|move|p1a: Dondozo|Wave Crash|p2a: Lunala\n|-damage|p2a: Lunala|240/308\n|-damage|p1a: Dondozo|75/362|[from] Recoil\n|\n|-heal|p2a: Lunala|259/308|[from] item: Leftovers\n|-heal|p1a: Dondozo|97/362|[from] item: Leftovers\n|upkeep\n|turn|21\n|\n|t:|1781415146\n|move|p2a: Lunala|Moongeist Beam|p1a: Dondozo\n|-damage|p1a: Dondozo|0 fnt\n|faint|p1a: Dondozo\n|\n|-heal|p2a: Lunala|278/308|[from] item: Leftovers\n|upkeep\n|\n|t:|1781415161\n|switch|p1a: Chandelure|Chandelure, L83, M|235/235\n|-damage|p1a: Chandelure|196/235|[from] Spikes\n|turn|22\n|\n|t:|1781415167\n|switch|p1a: Lapras|Lapras, L87, M|368/368\n|-terastallize|p2a: Lunala|Dark\n|move|p2a: Lunala|Moongeist Beam|p1a: Lapras\n|-damage|p1a: Lapras|185/368\n|\n|-heal|p2a: Lunala|297/308|[from] item: Leftovers\n|upkeep\n|turn|23\n|\n|t:|1781415174\n|move|p2a: Lunala|Calm Mind|p2a: Lunala\n|-boost|p2a: Lunala|spa|1\n|-boost|p2a: Lunala|spd|1\n|move|p1a: Lapras|Sparkling Aria|p2a: Lunala\n|-damage|p2a: Lunala|257/308\n|\n|-heal|p2a: Lunala|276/308|[from] item: Leftovers\n|upkeep\n|turn|24\n|l|\u2606vergandina\n|inactive|vergandina disconnected and has a minute to reconnect!\n|player|p1|\n|inactive|vergandina has 30 seconds to reconnect!\n|inactive|vergandina has 20 seconds to reconnect!\n|inactive|vergandina has 15 seconds to reconnect!\n|inactive|vergandina has 10 seconds to reconnect!\n|inactive|vergandina has 5 seconds to reconnect!\n|-message|vergandina lost due to inactivity.\n|\n|win|lianfan\n", "uploadtime": 1781414773, "views": 5, "formatid": "gen9randombattle", "rating": null, "private": 0, "password": null}