{"id": "gen9randombattle-2631440491", "format": "[Gen 9] Random Battle", "players": ["Zabalilla", "Arcangel666"], "log": "|j|\u2606Zabalilla\n|j|\u2606Arcangel666\n|t:|1781384953\n|gametype|singles\n|player|p1|Zabalilla|170|2080\n|player|p2|Arcangel666|piers-masters|2019\n|gen|9\n|tier|[Gen 9] Random Battle\n|rated|\n|rule|Species Clause: Limit one of each Pok\u00e9mon\n|rule|HP Percentage Mod: HP is shown in percentages\n|rule|Sleep Clause Mod: Limit one foe put to sleep\n|rule|Illusion Level Mod: Illusion disguises the Pok\u00e9mon's true level\n|\n|t:|1781384953\n|teamsize|p1|6\n|teamsize|p2|6\n|start\n|switch|p1a: Oricorio|Oricorio-Pa'u, L87, M|272/272\n|switch|p2a: Flygon|Flygon, L82, F|265/265\n|turn|1\n|\n|t:|1781384961\n|move|p1a: Oricorio|Quiver Dance|p1a: Oricorio\n|-boost|p1a: Oricorio|spa|1\n|-boost|p1a: Oricorio|spd|1\n|-boost|p1a: Oricorio|spe|1\n|move|p2a: Flygon|Dragon Dance|p2a: Flygon\n|-boost|p2a: Flygon|atk|1\n|-boost|p2a: Flygon|spe|1\n|-activate|p1a: Oricorio|ability: Dancer\n|move|p1a: Oricorio|Dragon Dance|p1a: Oricorio|[from] ability: Dancer\n|-boost|p1a: Oricorio|atk|1\n|-boost|p1a: Oricorio|spe|1\n|\n|upkeep\n|turn|2\n|inactive|Battle timer is ON: inactive players will automatically lose when time's up. (requested by Zabalilla)\n|\n|t:|1781384963\n|move|p1a: Oricorio|Hurricane|p2a: Flygon|[miss]\n|-miss|p1a: Oricorio|p2a: Flygon\n|move|p2a: Flygon|Stone Edge|p1a: Oricorio\n|-supereffective|p1a: Oricorio\n|-crit|p1a: Oricorio\n|-damage|p1a: Oricorio|0 fnt\n|faint|p1a: Oricorio\n|\n|upkeep\n|\n|t:|1781384971\n|switch|p1a: Glalie|Glalie, L96, M|309/309\n|turn|3\n|\n|t:|1781384979\n|switch|p2a: Hypno|Hypno, L95, F|315/315\n|move|p1a: Glalie|Freeze-Dry|p2a: Hypno\n|-damage|p2a: Hypno|257/315\n|\n|-heal|p2a: Hypno|276/315|[from] item: Leftovers\n|upkeep\n|turn|4\n|\n|t:|1781384983\n|move|p1a: Glalie|Taunt|p2a: Hypno\n|-start|p2a: Hypno|move: Taunt\n|move|p2a: Hypno|Knock Off|p1a: Glalie\n|-damage|p1a: Glalie|238/309\n|-enditem|p1a: Glalie|Heavy-Duty Boots|[from] move: Knock Off|[of] p2a: Hypno\n|\n|-heal|p2a: Hypno|295/315|[from] item: Leftovers\n|upkeep\n|turn|5\n|\n|t:|1781384993\n|switch|p2a: Persian|Persian, L92, F|269/269\n|move|p1a: Glalie|Spikes|p2a: Persian\n|-sidestart|p2: Arcangel666|Spikes\n|\n|upkeep\n|turn|6\n|\n|t:|1781384996\n|move|p2a: Persian|Switcheroo|p1a: Glalie\n|-activate|p2a: Persian|move: Trick|[of] p1a: Glalie\n|-item|p1a: Glalie|Choice Band|[from] move: Switcheroo\n|-enditem|p2a: Persian|Choice Band|[silent]|[from] move: Switcheroo\n|move|p1a: Glalie|Spikes|p2a: Persian\n|-sidestart|p2: Arcangel666|Spikes\n|\n|upkeep\n|turn|7\n|\n|t:|1781384999\n|move|p2a: Persian|Knock Off|p1a: Glalie\n|-damage|p1a: Glalie|180/309\n|-enditem|p1a: Glalie|Choice Band|[from] move: Knock Off|[of] p2a: Persian\n|move|p1a: Glalie|Spikes|p2a: Persian\n|-sidestart|p2: Arcangel666|Spikes\n|\n|upkeep\n|turn|8\n|\n|t:|1781385002\n|move|p2a: Persian|Double-Edge|p1a: Glalie\n|-damage|p1a: Glalie|59/309\n|-damage|p2a: Persian|229/269|[from] Recoil\n|move|p1a: Glalie|Freeze-Dry|p2a: Persian\n|-damage|p2a: Persian|129/269\n|\n|upkeep\n|turn|9\n|\n|t:|1781385005\n|move|p2a: Persian|Double-Edge|p1a: Glalie\n|-damage|p1a: Glalie|0 fnt\n|faint|p1a: Glalie\n|-damage|p2a: Persian|110/269|[from] Recoil\n|\n|upkeep\n|\n|t:|1781385011\n|switch|p1a: Regigigas|Regigigas, L84|322/322\n|-start|p1a: Regigigas|ability: Slow Start\n|turn|10\n|\n|t:|1781385014\n|move|p1a: Regigigas|Protect|p1a: Regigigas\n|-singleturn|p1a: Regigigas|Protect\n|move|p2a: Persian|Knock Off|p1a: Regigigas\n|-activate|p1a: Regigigas|move: Protect\n|\n|upkeep\n|turn|11\n|\n|t:|1781385017\n|move|p2a: Persian|Knock Off|p1a: Regigigas\n|-damage|p1a: Regigigas|265/322\n|-enditem|p1a: Regigigas|Leftovers|[from] move: Knock Off|[of] p2a: Persian\n|move|p1a: Regigigas|Substitute|p1a: Regigigas\n|-start|p1a: Regigigas|Substitute\n|-damage|p1a: Regigigas|185/322\n|\n|upkeep\n|turn|12\n|\n|t:|1781385020\n|move|p1a: Regigigas|Protect|p1a: Regigigas\n|-singleturn|p1a: Regigigas|Protect\n|move|p2a: Persian|Double-Edge|p1a: Regigigas\n|-activate|p1a: Regigigas|move: Protect\n|\n|upkeep\n|turn|13\n|\n|t:|1781385024\n|move|p2a: Persian|Double-Edge|p1a: Regigigas\n|-end|p1a: Regigigas|Substitute\n|-damage|p2a: Persian|84/269|[from] Recoil|[of] p1a: Regigigas\n|move|p1a: Regigigas|Body Slam|p2a: Persian\n|-damage|p2a: Persian|9/269\n|\n|upkeep\n|turn|14\n|\n|t:|1781385029\n|switch|p2a: Hypno|Hypno, L95, F|295/315\n|-damage|p2a: Hypno|217/315|[from] Spikes\n|move|p1a: Regigigas|Protect||[still]\n|-fail|p1a: Regigigas\n|\n|-heal|p2a: Hypno|236/315|[from] item: Leftovers\n|-end|p1a: Regigigas|Slow Start\n|upkeep\n|turn|15\n|\n|t:|1781385033\n|move|p1a: Regigigas|Knock Off|p2a: Hypno\n|-supereffective|p2a: Hypno\n|-damage|p2a: Hypno|10/315\n|-enditem|p2a: Hypno|Leftovers|[from] move: Knock Off|[of] p1a: Regigigas\n|move|p2a: Hypno|Encore|p1a: Regigigas\n|-start|p1a: Regigigas|Encore\n|\n|upkeep\n|turn|16\n|\n|t:|1781385038\n|move|p1a: Regigigas|Knock Off|p2a: Hypno\n|-supereffective|p2a: Hypno\n|-damage|p2a: Hypno|0 fnt\n|faint|p2a: Hypno\n|\n|upkeep\n|\n|t:|1781385042\n|switch|p2a: Thundurus|Thundurus, L80, M|258/258\n|turn|17\n|\n|t:|1781385045\n|move|p2a: Thundurus|Nasty Plot|p2a: Thundurus\n|-boost|p2a: Thundurus|spa|2\n|move|p1a: Regigigas|Knock Off|p2a: Thundurus\n|-damage|p2a: Thundurus|130/258\n|-enditem|p2a: Thundurus|Heavy-Duty Boots|[from] move: Knock Off|[of] p1a: Regigigas\n|\n|upkeep\n|turn|18\n|\n|t:|1781385054\n|switch|p1a: Plusle|Plusle, L95, F|268/268\n|move|p2a: Thundurus|Thunderbolt|p1a: Plusle\n|-ability|p1a: Plusle|Lightning Rod|boost\n|-boost|p1a: Plusle|spa|1\n|\n|upkeep\n|turn|19\n|\n|t:|1781385062\n|switch|p2a: Blissey|Blissey, L85, F|572/572\n|-damage|p2a: Blissey|429/572|[from] Spikes\n|move|p1a: Plusle|Alluring Voice|p2a: Blissey\n|-damage|p2a: Blissey|343/572\n|-damage|p1a: Plusle|242/268|[from] item: Life Orb\n|\n|-heal|p2a: Blissey|378/572|[from] item: Leftovers\n|upkeep\n|turn|20\n|\n|t:|1781385067\n|move|p1a: Plusle|Nasty Plot|p1a: Plusle\n|-boost|p1a: Plusle|spa|2\n|move|p2a: Blissey|Stealth Rock|p1a: Plusle\n|-sidestart|p1: Zabalilla|move: Stealth Rock\n|\n|-heal|p2a: Blissey|413/572|[from] item: Leftovers\n|upkeep\n|turn|21\n|\n|t:|1781385073\n|switch|p2a: Persian|Persian, L92, F|9/269\n|-damage|p2a: Persian|0 fnt|[from] Spikes\n|faint|p2a: Persian\n|move|p1a: Plusle|Nasty Plot|p1a: Plusle\n|-boost|p1a: Plusle|spa|2\n|\n|upkeep\n|\n|t:|1781385076\n|switch|p2a: Flygon|Flygon, L82, F|265/265\n|turn|22\n|\n|t:|1781385084\n|-terastallize|p1a: Plusle|Grass\n|-terastallize|p2a: Flygon|Steel\n|move|p1a: Plusle|Grass Knot|p2a: Flygon\n|-resisted|p2a: Flygon\n|-damage|p2a: Flygon|27/265\n|-damage|p1a: Plusle|216/268|[from] item: Life Orb\n|move|p2a: Flygon|Dragon Dance|p2a: Flygon\n|-boost|p2a: Flygon|atk|1\n|-boost|p2a: Flygon|spe|1\n|\n|upkeep\n|turn|23\n|\n|t:|1781385090\n|move|p2a: Flygon|Outrage|p1a: Plusle\n|-damage|p1a: Plusle|0 fnt\n|faint|p1a: Plusle\n|\n|upkeep\n|\n|t:|1781385097\n|switch|p1a: Regigigas|Regigigas, L84|185/322\n|-damage|p1a: Regigigas|145/322|[from] Stealth Rock\n|-start|p1a: Regigigas|ability: Slow Start\n|turn|24\n|\n|t:|1781385099\n|move|p1a: Regigigas|Protect|p1a: Regigigas\n|-singleturn|p1a: Regigigas|Protect\n|move|p2a: Flygon|Outrage|p1a: Regigigas|[from] lockedmove\n|-activate|p1a: Regigigas|move: Protect\n|\n|upkeep\n|turn|25\n|\n|t:|1781385104\n|move|p2a: Flygon|Outrage|p1a: Regigigas\n|-damage|p1a: Regigigas|0 fnt\n|faint|p1a: Regigigas\n|-end|p1a: Regigigas|Slow Start|[silent]\n|\n|upkeep\n|\n|t:|1781385108\n|switch|p1a: Thundurus|Thundurus, L80, M|258/258\n|-damage|p1a: Thundurus|194/258|[from] Stealth Rock\n|turn|26\n|\n|t:|1781385111\n|move|p2a: Flygon|Outrage|p1a: Thundurus|[from] lockedmove\n|-damage|p1a: Thundurus|0 fnt\n|faint|p1a: Thundurus\n|-start|p2a: Flygon|confusion|[fatigue]\n|-enditem|p2a: Flygon|Lum Berry|[eat]\n|-end|p2a: Flygon|confusion\n|\n|upkeep\n|\n|t:|1781385114\n|switch|p1a: Espeon|Espeon, L84, F|246/246\n|-damage|p1a: Espeon|216/246|[from] Stealth Rock\n|turn|27\n|\n|t:|1781385116\n|move|p2a: Flygon|Outrage|p1a: Espeon\n|-damage|p1a: Espeon|0 fnt\n|faint|p1a: Espeon\n|\n|win|Arcangel666\n", "inputlog": ">version a8376a258c1d4662feba110a92103f3664a72141\n>start {\"formatid\":\"gen9randombattle\",\"seed\":\"sodium,479e87346a4ac53bd60d55d9c6ce7930\",\"rated\":\"Rated battle\"}\n>player p1 {\"name\":\"Zabalilla\",\"avatar\":\"170\",\"rating\":2080,\"seed\":\"sodium,b0bffcfb20e0cd908290408e90a080e3\"}\n>player p2 {\"name\":\"Arcangel666\",\"avatar\":\"piers-masters\",\"rating\":2019,\"seed\":\"sodium,85c965d34a509f347afea9c66940d6a8\"}\n>p1 move quiverdance\n>p2 move dragondance\n>p1 move hurricane\n>p2 move stoneedge\n>p1 switch 3\n>p1 move freezedry\n>p2 switch 5\n>p1 move taunt\n>p2 move knockoff\n>p1 move spikes\n>p2 switch 2\n>p1 move spikes\n>p2 move switcheroo\n>p1 move spikes\n>p2 move knockoff\n>p1 move freezedry\n>p2 move doubleedge\n>p1 move freezedry\n>p2 move doubleedge\n>p1 switch 6\n>p1 move protect\n>p2 move knockoff\n>p1 move substitute\n>p2 move knockoff\n>p1 move protect\n>p2 move doubleedge\n>p1 move bodyslam\n>p2 move doubleedge\n>p1 move protect\n>p2 switch 2\n>p1 move knockoff\n>p2 move encore\n>p1 move knockoff\n>p2 move knockoff\n>p2 switch 4\n>p1 move knockoff\n>p2 move nastyplot\n>p1 switch 2\n>p2 move thunderbolt\n>p1 move alluringvoice\n>p2 switch 3\n>p1 move nastyplot\n>p2 move stealthrock\n>p1 move nastyplot\n>p2 switch 2\n>p2 switch 5\n>p1 move grassknot terastallize\n>p2 move dragondance terastallize\n>p1 move thunderbolt\n>p2 move outrage\n>p1 switch 2\n>p1 move protect\n>p2 move outrage\n>p1 move knockoff\n>p2 move outrage\n>p1 switch 4\n>p1 move acrobatics\n>p2 move outrage\n>p1 switch 5\n>p1 move calmmind\n>p2 move outrage", "uploadtime": 1781384955, "views": 8, "formatid": "gen9randombattle", "rating": null, "private": 0, "password": null}