{"id": "gen9randombattle-2631955880", "format": "[Gen 9] Random Battle", "players": ["SoCapable", "hepooo"], "log": "|j|\u2606SoCapable\n|j|\u2606hepooo\n|t:|1781459666\n|gametype|singles\n|player|p1|SoCapable|silver|2271\n|player|p2|hepooo|morty|2234\n|gen|9\n|tier|[Gen 9] Random Battle\n|rated|\n|rule|Species Clause: Limit one of each Pok\u00e9mon\n|rule|HP Percentage Mod: HP is shown in percentages\n|rule|Sleep Clause Mod: Limit one foe put to sleep\n|rule|Illusion Level Mod: Illusion disguises the Pok\u00e9mon's true level\n|\n|t:|1781459666\n|teamsize|p1|6\n|teamsize|p2|6\n|start\n|switch|p1a: Quaquaval|Quaquaval, L79, M|264/264\n|switch|p2a: Zekrom|Zekrom, L71|259/259\n|-ability|p2a: Zekrom|Teravolt\n|turn|1\n|\n|t:|1781459677\n|move|p1a: Quaquaval|U-turn|p2a: Zekrom\n|-damage|p2a: Zekrom|193/259\n|\n|t:|1781459680\n|switch|p1a: Ursaring|Ursaring, L84, M|288/288|[from] U-turn\n|move|p2a: Zekrom|Dragon Dance|p2a: Zekrom\n|-boost|p2a: Zekrom|atk|1\n|-boost|p2a: Zekrom|spe|1\n|\n|-heal|p2a: Zekrom|209/259|[from] item: Leftovers\n|-status|p1a: Ursaring|tox|[from] item: Toxic Orb\n|upkeep\n|turn|2\n|\n|t:|1781459686\n|move|p2a: Zekrom|Substitute|p2a: Zekrom\n|-start|p2a: Zekrom|Substitute\n|-damage|p2a: Zekrom|145/259\n|move|p1a: Ursaring|Facade|p2a: Zekrom\n|-end|p2a: Zekrom|Substitute\n|\n|-heal|p2a: Zekrom|161/259|[from] item: Leftovers\n|-damage|p1a: Ursaring|270/288 tox|[from] psn\n|upkeep\n|turn|3\n|inactive|Battle timer is ON: inactive players will automatically lose when time's up. (requested by SoCapable)\n|\n|t:|1781459695\n|move|p2a: Zekrom|Substitute|p2a: Zekrom\n|-start|p2a: Zekrom|Substitute\n|-damage|p2a: Zekrom|97/259\n|move|p1a: Ursaring|Facade|p2a: Zekrom\n|-end|p2a: Zekrom|Substitute\n|\n|-heal|p2a: Zekrom|113/259|[from] item: Leftovers\n|-damage|p1a: Ursaring|234/288 tox|[from] psn\n|upkeep\n|turn|4\n|\n|t:|1781459701\n|move|p2a: Zekrom|Substitute|p2a: Zekrom\n|-start|p2a: Zekrom|Substitute\n|-damage|p2a: Zekrom|49/259\n|move|p1a: Ursaring|Facade|p2a: Zekrom\n|-end|p2a: Zekrom|Substitute\n|\n|-heal|p2a: Zekrom|65/259|[from] item: Leftovers\n|-damage|p1a: Ursaring|180/288 tox|[from] psn\n|upkeep\n|turn|5\n|\n|t:|1781459711\n|move|p2a: Zekrom|Bolt Strike|p1a: Ursaring\n|-damage|p1a: Ursaring|0 fnt\n|faint|p1a: Ursaring\n|\n|-heal|p2a: Zekrom|81/259|[from] item: Leftovers\n|upkeep\n|\n|t:|1781459714\n|switch|p1a: Greedent|Greedent, L86, F|347/347\n|turn|6\n|\n|t:|1781459718\n|move|p2a: Zekrom|Substitute|p2a: Zekrom\n|-start|p2a: Zekrom|Substitute\n|-damage|p2a: Zekrom|17/259\n|move|p1a: Greedent|Earthquake|p2a: Zekrom\n|-supereffective|p2a: Zekrom\n|-end|p2a: Zekrom|Substitute\n|\n|-heal|p2a: Zekrom|33/259|[from] item: Leftovers\n|upkeep\n|turn|7\n|\n|t:|1781459723\n|move|p2a: Zekrom|Bolt Strike|p1a: Greedent\n|-damage|p1a: Greedent|148/347\n|-status|p1a: Greedent|par\n|-enditem|p1a: Greedent|Sitrus Berry|[eat]\n|-heal|p1a: Greedent|234/347 par|[from] item: Sitrus Berry\n|-heal|p1a: Greedent|347/347 par|[from] ability: Cheek Pouch\n|move|p1a: Greedent|Knock Off|p2a: Zekrom\n|-damage|p2a: Zekrom|0 fnt\n|-enditem|p2a: Zekrom|Leftovers|[from] move: Knock Off|[of] p1a: Greedent\n|faint|p2a: Zekrom\n|\n|upkeep\n|\n|t:|1781459738\n|switch|p2a: Porygon2|Porygon2, L81|270/270\n|-ability|p2a: Porygon2|Download|boost\n|-boost|p2a: Porygon2|spa|1\n|turn|8\n|\n|t:|1781459745\n|move|p2a: Porygon2|Tera Blast|p1a: Greedent\n|-damage|p1a: Greedent|196/347 par\n|cant|p1a: Greedent|par\n|\n|upkeep\n|turn|9\n|\n|t:|1781459752\n|move|p2a: Porygon2|Tera Blast|p1a: Greedent\n|-damage|p1a: Greedent|69/347 par\n|move|p1a: Greedent|Knock Off|p2a: Porygon2\n|-damage|p2a: Porygon2|219/270\n|-enditem|p2a: Porygon2|Eviolite|[from] move: Knock Off|[of] p1a: Greedent\n|\n|upkeep\n|turn|10\n|\n|t:|1781459757\n|move|p2a: Porygon2|Tera Blast|p1a: Greedent\n|-damage|p1a: Greedent|0 fnt\n|faint|p1a: Greedent\n|\n|upkeep\n|\n|t:|1781459758\n|switch|p1a: Quaquaval|Quaquaval, L79, M|264/264\n|turn|11\n|\n|t:|1781459763\n|switch|p2a: Trevenant|Trevenant, L89, F|296/296\n|move|p1a: Quaquaval|Close Combat|p2a: Trevenant\n|-immune|p2a: Trevenant\n|\n|upkeep\n|turn|12\n|\n|t:|1781459769\n|switch|p1a: Dipplin|Dipplin, L88, M|284/284\n|move|p2a: Trevenant|Poltergeist|p1a: Dipplin\n|-activate|p1a: Dipplin|move: Poltergeist|Eviolite\n|-damage|p1a: Dipplin|178/284\n|\n|upkeep\n|turn|13\n|\n|t:|1781459777\n|move|p2a: Trevenant|Poltergeist|p1a: Dipplin|[miss]\n|-miss|p2a: Trevenant|p1a: Dipplin\n|move|p1a: Dipplin|Recover|p1a: Dipplin\n|-heal|p1a: Dipplin|284/284\n|\n|upkeep\n|turn|14\n|\n|t:|1781459788\n|switch|p2a: Porygon2|Porygon2, L81|219/270\n|-ability|p2a: Porygon2|Download|boost\n|-boost|p2a: Porygon2|spa|1\n|move|p1a: Dipplin|Dragon Pulse|p2a: Porygon2\n|-damage|p2a: Porygon2|116/270\n|\n|upkeep\n|turn|15\n|\n|t:|1781459795\n|switch|p1a: Palafin|Palafin, L77, M|281/281\n|move|p2a: Porygon2|Thunder Wave|p1a: Palafin\n|-status|p1a: Palafin|par\n|\n|upkeep\n|turn|16\n|\n|t:|1781459799\n|move|p2a: Porygon2|Recover|p2a: Porygon2\n|-heal|p2a: Porygon2|251/270\n|move|p1a: Palafin|Flip Turn|p2a: Porygon2\n|-damage|p2a: Porygon2|187/270\n|\n|t:|1781459805\n|detailschange|p1a: Palafin|Palafin-Hero, L77, M\n|switch|p1a: Quaquaval|Quaquaval, L79, M|264/264|[from] Flip Turn\n|\n|upkeep\n|turn|17\n|\n|t:|1781459815\n|switch|p2a: Bronzong|Bronzong, L88|261/261\n|move|p1a: Quaquaval|Knock Off|p2a: Bronzong\n|-supereffective|p2a: Bronzong\n|-damage|p2a: Bronzong|99/261\n|-enditem|p2a: Bronzong|Leftovers|[from] move: Knock Off|[of] p1a: Quaquaval\n|\n|upkeep\n|turn|18\n|\n|t:|1781459826\n|move|p1a: Quaquaval|Knock Off|p2a: Bronzong\n|-supereffective|p2a: Bronzong\n|-damage|p2a: Bronzong|0 fnt\n|faint|p2a: Bronzong\n|-ability|p1a: Quaquaval|Moxie|boost\n|-boost|p1a: Quaquaval|atk|1\n|\n|upkeep\n|\n|t:|1781459832\n|switch|p2a: Delibird|Delibird, F|252/252\n|turn|19\n|\n|t:|1781459836\n|switch|p1a: Probopass|Probopass, L91, F|257/257\n|move|p2a: Delibird|Brave Bird|p1a: Probopass\n|-resisted|p1a: Probopass\n|-crit|p1a: Probopass\n|-damage|p1a: Probopass|215/257\n|-damage|p2a: Delibird|238/252|[from] Recoil\n|\n|upkeep\n|turn|20\n|\n|t:|1781459845\n|move|p2a: Delibird|Drill Run|p1a: Probopass\n|-supereffective|p1a: Probopass\n|-damage|p1a: Probopass|23/257\n|move|p1a: Probopass|Power Gem|p2a: Delibird\n|-supereffective|p2a: Delibird\n|-damage|p2a: Delibird|0 fnt\n|faint|p2a: Delibird\n|\n|upkeep\n|\n|t:|1781459860\n|switch|p2a: Porygon2|Porygon2, L81|187/270\n|-ability|p2a: Porygon2|Download|boost\n|-boost|p2a: Porygon2|atk|1\n|turn|21\n|\n|t:|1781459873\n|move|p2a: Porygon2|Shadow Ball|p1a: Probopass\n|-damage|p1a: Probopass|0 fnt\n|faint|p1a: Probopass\n|\n|upkeep\n|\n|t:|1781459883\n|switch|p1a: Palafin|Palafin-Hero, L77, M|281/281 par\n|-activate|p1a: Palafin|ability: Zero to Hero\n|turn|22\n|\n|t:|1781459892\n|switch|p2a: Trevenant|Trevenant, L89, F|296/296\n|cant|p1a: Palafin|par\n|\n|upkeep\n|turn|23\n|\n|t:|1781459907\n|switch|p1a: Dipplin|Dipplin, L88, M|284/284\n|move|p2a: Trevenant|Poltergeist|p1a: Dipplin|[miss]\n|-miss|p2a: Trevenant|p1a: Dipplin\n|\n|upkeep\n|turn|24\n|\n|t:|1781459936\n|switch|p2a: Porygon2|Porygon2, L81|187/270\n|-ability|p2a: Porygon2|Download|boost\n|-boost|p2a: Porygon2|spa|1\n|move|p1a: Dipplin|Dragon Pulse|p2a: Porygon2\n|-damage|p2a: Porygon2|93/270\n|\n|upkeep\n|turn|25\n|\n|t:|1781459943\n|switch|p1a: Palafin|Palafin-Hero, L77, M|281/281 par\n|move|p2a: Porygon2|Recover|p2a: Porygon2\n|-heal|p2a: Porygon2|228/270\n|\n|upkeep\n|turn|26\n|\n|t:|1781459952\n|switch|p2a: Trevenant|Trevenant, L89, F|296/296\n|move|p1a: Palafin|Flip Turn|p2a: Trevenant\n|-resisted|p2a: Trevenant\n|-damage|p2a: Trevenant|229/296\n|\n|t:|1781459959\n|switch|p1a: Quaquaval|Quaquaval, L79, M|264/264|[from] Flip Turn\n|\n|upkeep\n|turn|27\n|\n|t:|1781459965\n|-terastallize|p2a: Trevenant|Fighting\n|move|p1a: Quaquaval|Knock Off|p2a: Trevenant\n|-resisted|p2a: Trevenant\n|-damage|p2a: Trevenant|169/296\n|-enditem|p2a: Trevenant|Choice Band|[from] move: Knock Off|[of] p1a: Quaquaval\n|move|p2a: Trevenant|Wood Hammer|p1a: Quaquaval\n|-supereffective|p1a: Quaquaval\n|-damage|p1a: Quaquaval|0 fnt\n|faint|p1a: Quaquaval\n|-damage|p2a: Trevenant|82/296|[from] Recoil\n|\n|upkeep\n|\n|t:|1781459972\n|switch|p1a: Dipplin|Dipplin, L88, M|284/284\n|turn|28\n|\n|t:|1781459977\n|move|p2a: Trevenant|Drain Punch|p1a: Dipplin\n|-damage|p1a: Dipplin|232/284\n|-heal|p2a: Trevenant|108/296|[from] drain|[of] p1a: Dipplin\n|move|p1a: Dipplin|Dragon Pulse|p2a: Trevenant\n|-damage|p2a: Trevenant|12/296\n|\n|upkeep\n|turn|29\n|\n|t:|1781459992\n|switch|p2a: Porygon2|Porygon2, L81|228/270\n|-ability|p2a: Porygon2|Download|boost\n|-boost|p2a: Porygon2|spa|1\n|move|p1a: Dipplin|Giga Drain|p2a: Porygon2\n|-damage|p2a: Porygon2|147/270\n|-heal|p1a: Dipplin|273/284|[from] drain|[of] p2a: Porygon2\n|\n|upkeep\n|turn|30\n|\n|t:|1781459998\n|move|p2a: Porygon2|Tera Blast|p1a: Dipplin\n|-damage|p1a: Dipplin|188/284\n|move|p1a: Dipplin|Dragon Pulse|p2a: Porygon2\n|-damage|p2a: Porygon2|56/270\n|\n|upkeep\n|turn|31\n|\n|t:|1781460003\n|switch|p1a: Palafin|Palafin-Hero, L77, M|281/281 par\n|move|p2a: Porygon2|Recover|p2a: Porygon2\n|-heal|p2a: Porygon2|191/270\n|\n|upkeep\n|turn|32\n|\n|t:|1781460009\n|move|p1a: Palafin|Jet Punch|p2a: Porygon2\n|-damage|p2a: Porygon2|74/270\n|move|p2a: Porygon2|Tera Blast|p1a: Palafin\n|-damage|p1a: Palafin|154/281 par\n|\n|upkeep\n|turn|33\n|\n|t:|1781460017\n|switch|p2a: Trevenant|Trevenant, L89, F, tera:Fighting|12/296\n|move|p1a: Palafin|Jet Punch|p2a: Trevenant\n|-damage|p2a: Trevenant|0 fnt\n|faint|p2a: Trevenant\n|\n|upkeep\n|\n|t:|1781460024\n|switch|p2a: Sandy Shocks|Sandy Shocks, L80|267/267\n|turn|34\n|\n|t:|1781460034\n|-end|p2a: Sandy Shocks|Protosynthesis|[silent]\n|switch|p2a: Porygon2|Porygon2, L81|74/270\n|-ability|p2a: Porygon2|Download|boost\n|-boost|p2a: Porygon2|spa|1\n|switch|p1a: Dipplin|Dipplin, L88, M|188/284\n|\n|upkeep\n|turn|35\n|\n|t:|1781460042\n|switch|p1a: Palafin|Palafin-Hero, L77, M|154/281 par\n|move|p2a: Porygon2|Recover|p2a: Porygon2\n|-heal|p2a: Porygon2|209/270\n|\n|upkeep\n|turn|36\n|\n|t:|1781460071\n|move|p1a: Palafin|Jet Punch|p2a: Porygon2\n|-damage|p2a: Porygon2|80/270\n|move|p2a: Porygon2|Tera Blast|p1a: Palafin\n|-damage|p1a: Palafin|13/281 par\n|\n|upkeep\n|turn|37\n|\n|t:|1781460092\n|move|p1a: Palafin|Jet Punch|p2a: Porygon2\n|-damage|p2a: Porygon2|0 fnt\n|faint|p2a: Porygon2\n|\n|upkeep\n|\n|t:|1781460095\n|switch|p2a: Sandy Shocks|Sandy Shocks, L80|267/267\n|turn|38\n|\n|t:|1781460103\n|move|p1a: Palafin|Jet Punch|p2a: Sandy Shocks\n|-supereffective|p2a: Sandy Shocks\n|-damage|p2a: Sandy Shocks|49/267\n|move|p2a: Sandy Shocks|Thunderbolt|p1a: Palafin\n|-supereffective|p1a: Palafin\n|-damage|p1a: Palafin|0 fnt\n|faint|p1a: Palafin\n|\n|-heal|p2a: Sandy Shocks|65/267|[from] item: Leftovers\n|upkeep\n|\n|t:|1781460105\n|switch|p1a: Dipplin|Dipplin, L88, M|188/284\n|turn|39\n|\n|t:|1781460108\n|move|p2a: Sandy Shocks|Thunder Wave|p1a: Dipplin\n|-status|p1a: Dipplin|par\n|move|p1a: Dipplin|Giga Drain|p2a: Sandy Shocks\n|-supereffective|p2a: Sandy Shocks\n|-damage|p2a: Sandy Shocks|0 fnt\n|-heal|p1a: Dipplin|221/284 par|[from] drain|[of] p2a: Sandy Shocks\n|faint|p2a: Sandy Shocks\n|-end|p2a: Sandy Shocks|Protosynthesis|[silent]\n|\n|win|SoCapable\n", "inputlog": ">version a8376a258c1d4662feba110a92103f3664a72141\n>start {\"formatid\":\"gen9randombattle\",\"seed\":\"sodium,2711b103926ba8eb1f6b44df54e4ba6f\",\"rated\":\"Rated battle\"}\n>player p1 {\"name\":\"SoCapable\",\"avatar\":\"silver\",\"rating\":2271,\"seed\":\"sodium,7d83bcb177b44e53c3cebf2f5d095c34\"}\n>player p2 {\"name\":\"hepooo\",\"avatar\":\"morty\",\"rating\":2234,\"seed\":\"sodium,6adc187409a149913ec3739572ade947\"}\n>p1 move uturn\n>p2 move dragondance\n>p1 switch 3\n>p1 move facade\n>p2 move substitute\n>p1 move facade\n>p2 move substitute\n>p1 move facade\n>p2 move substitute\n>p1 move facade\n>p2 move boltstrike\n>p1 switch 4\n>p1 move earthquake\n>p2 move substitute\n>p1 move knockoff\n>p2 move boltstrike\n>p2 switch 6\n>p1 move knockoff\n>p2 move terablast\n>p1 move knockoff\n>p2 move terablast\n>p1 move doubleedge\n>p2 move terablast\n>p1 switch 3\n>p1 move closecombat\n>p2 switch 4\n>p1 switch 2\n>p2 move poltergeist\n>p1 move recover\n>p2 move poltergeist\n>p1 move dragonpulse\n>p2 switch 4\n>p1 switch 5\n>p2 move thunderwave\n>p1 move flipturn\n>p2 move recover\n>p1 switch 2\n>p1 move knockoff\n>p2 switch 3\n>p1 move knockoff\n>p2 move hypnosis\n>p2 switch 2\n>p1 switch 6\n>p2 move bravebird\n>p1 move powergem\n>p2 move drillrun\n>p2 switch 3\n>p1 move bodypress\n>p2 move shadowball\n>p1 switch 2\n>p1 move flipturn\n>p2 switch 4\n>p1 switch 5\n>p2 move poltergeist\n>p1 move dragonpulse\n>p2 switch 4\n>p1 switch 5\n>p2 move recover\n>p1 move flipturn\n>p2 switch 4\n>p1 switch 6\n>p1 move knockoff\n>p2 move woodhammer terastallize\n>p1 switch 5\n>p1 move dragonpulse\n>p2 move drainpunch\n>p1 move gigadrain\n>p2 switch 4\n>p1 move dragonpulse\n>p2 move terablast\n>p1 switch 6\n>p2 move recover\n>p1 move jetpunch\n>p2 move terablast\n>p1 move jetpunch\n>p2 switch 4\n>p2 switch 5\n>p1 switch 6\n>p2 switch 4\n>p1 switch 6\n>p2 move recover\n>p1 move jetpunch\n>p2 move terablast\n>p1 move jetpunch\n>p2 move recover\n>p2 switch 4\n>p1 move jetpunch\n>p2 move thunderbolt\n>p1 switch 6\n>p1 move gigadrain\n>p2 move thunderwave", "uploadtime": 1781459668, "views": 7, "formatid": "gen9randombattle", "rating": null, "private": 0, "password": null}