{"id": "gen9randombattle-2631540081", "format": "[Gen 9] Random Battle", "players": ["Dooopsdiiips", "Petilil37"], "log": "|j|\u2606Dooopsdiiips\n|j|\u203dPetilil37\n|t:|1781398590\n|gametype|singles\n|player|p1|Dooopsdiiips|265|2125\n|player|p2|Petilil37|266|2053\n|gen|9\n|tier|[Gen 9] Random Battle\n|rated|\n|rule|Species Clause: Limit one of each Pok\u00e9mon\n|rule|HP Percentage Mod: HP is shown in percentages\n|rule|Sleep Clause Mod: Limit one foe put to sleep\n|rule|Illusion Level Mod: Illusion disguises the Pok\u00e9mon's true level\n|\n|t:|1781398590\n|teamsize|p1|6\n|teamsize|p2|6\n|start\n|switch|p1a: Suicune|Suicune, L82|298/298\n|switch|p2a: Mudsdale|Mudsdale, L83, F|302/302\n|-ability|p1a: Suicune|Pressure\n|turn|1\n|\n|t:|1781398619\n|switch|p2a: Dragalge|Dragalge, L88, F|258/258\n|move|p1a: Suicune|Calm Mind|p1a: Suicune\n|-boost|p1a: Suicune|spa|1\n|-boost|p1a: Suicune|spd|1\n|\n|upkeep\n|turn|2\n|\n|t:|1781398627\n|move|p1a: Suicune|Ice Beam|p2a: Dragalge\n|-supereffective|p2a: Dragalge\n|-damage|p2a: Dragalge|122/258\n|move|p2a: Dragalge|Toxic Spikes|p1a: Suicune\n|-sidestart|p1: Dooopsdiiips|move: Toxic Spikes\n|\n|-heal|p2a: Dragalge|138/258|[from] item: Leftovers\n|upkeep\n|turn|3\n|\n|t:|1781398641\n|move|p1a: Suicune|Calm Mind|p1a: Suicune\n|-boost|p1a: Suicune|spa|1\n|-boost|p1a: Suicune|spd|1\n|move|p2a: Dragalge|Draco Meteor|p1a: Suicune\n|-damage|p1a: Suicune|204/298\n|-unboost|p2a: Dragalge|spa|2\n|\n|-heal|p1a: Suicune|222/298|[from] item: Leftovers\n|-heal|p2a: Dragalge|154/258|[from] item: Leftovers\n|upkeep\n|turn|4\n|\n|t:|1781398646\n|switch|p2a: Mightyena|Mightyena, L96, M|290/290\n|-ability|p2a: Mightyena|Intimidate|boost\n|-unboost|p1a: Suicune|atk|1\n|move|p1a: Suicune|Ice Beam|p2a: Mightyena\n|-damage|p2a: Mightyena|161/290\n|\n|-heal|p1a: Suicune|240/298|[from] item: Leftovers\n|upkeep\n|turn|5\n|\n|t:|1781398652\n|move|p2a: Mightyena|Crunch|p1a: Suicune\n|-damage|p1a: Suicune|122/298\n|-unboost|p1a: Suicune|def|1\n|move|p1a: Suicune|Scald|p2a: Mightyena\n|-damage|p2a: Mightyena|0 fnt\n|faint|p2a: Mightyena\n|\n|-heal|p1a: Suicune|140/298|[from] item: Leftovers\n|upkeep\n|\n|t:|1781398654\n|switch|p2a: Meowscarada|Meowscarada, L78, F|247/247\n|turn|6\n|\n|t:|1781398679\n|move|p2a: Meowscarada|Knock Off|p1a: Suicune\n|-start|p2a: Meowscarada|typechange|Dark|[from] ability: Protean\n|-damage|p1a: Suicune|0 fnt\n|-enditem|p1a: Suicune|Leftovers|[from] move: Knock Off|[of] p2a: Meowscarada\n|faint|p1a: Suicune\n|\n|upkeep\n|\n|t:|1781398690\n|switch|p1a: Vikavolt|Vikavolt, L83, M|263/263\n|turn|7\n|\n|t:|1781398722\n|switch|p2a: Rotom|Rotom-Heat, L83|219/219\n|move|p1a: Vikavolt|Sticky Web|p2a: Rotom\n|-sidestart|p2: Petilil37|move: Sticky Web\n|\n|upkeep\n|turn|8\n|\n|t:|1781398745\n|switch|p1a: Chi-Yu|Chi-Yu, L77|211/211\n|-ability|p1a: Chi-Yu|Beads of Ruin\n|move|p2a: Rotom|Nasty Plot|p2a: Rotom\n|-boost|p2a: Rotom|spa|2\n|\n|upkeep\n|turn|9\n|\n|t:|1781398752\n|move|p1a: Chi-Yu|Dark Pulse|p2a: Rotom\n|-damage|p2a: Rotom|119/219\n|move|p2a: Rotom|Thunderbolt|p1a: Chi-Yu\n|-damage|p1a: Chi-Yu|25/211\n|\n|upkeep\n|turn|10\n|\n|t:|1781398759\n|move|p1a: Chi-Yu|Dark Pulse|p2a: Rotom\n|-damage|p2a: Rotom|4/219\n|move|p2a: Rotom|Thunderbolt|p1a: Chi-Yu\n|-damage|p1a: Chi-Yu|0 fnt\n|faint|p1a: Chi-Yu\n|\n|upkeep\n|\n|t:|1781398777\n|switch|p1a: Comfey|Comfey, L85, F|225/225\n|-status|p1a: Comfey|psn\n|turn|11\n|\n|t:|1781398795\n|switch|p2a: Mudsdale|Mudsdale, L83, F|302/302\n|-activate|p2a: Mudsdale|move: Sticky Web\n|-unboost|p2a: Mudsdale|spe|1\n|move|p1a: Comfey|Draining Kiss|p2a: Mudsdale\n|-damage|p2a: Mudsdale|248/302\n|-ability|p2a: Mudsdale|Stamina|boost\n|-boost|p2a: Mudsdale|def|1\n|\n|-heal|p2a: Mudsdale|266/302|[from] item: Leftovers\n|-damage|p1a: Comfey|197/225 psn|[from] psn\n|upkeep\n|turn|12\n|\n|t:|1781398818\n|switch|p1a: Brambleghast|Brambleghast, L88, M|240/240\n|-status|p1a: Brambleghast|psn\n|switch|p2a: Rotom|Rotom-Heat, L83|4/219\n|\n|-damage|p1a: Brambleghast|210/240 psn|[from] psn\n|upkeep\n|turn|13\n|\n|t:|1781398831\n|switch|p2a: Meowscarada|Meowscarada, L78, F|247/247\n|-activate|p2a: Meowscarada|move: Sticky Web\n|-unboost|p2a: Meowscarada|spe|1\n|move|p1a: Brambleghast|Poltergeist|p2a: Meowscarada\n|-activate|p2a: Meowscarada|move: Poltergeist|Choice Band\n|-resisted|p2a: Meowscarada\n|-damage|p2a: Meowscarada|160/247\n|\n|-heal|p1a: Brambleghast|225/240 psn|[from] item: Leftovers\n|-damage|p1a: Brambleghast|195/240 psn|[from] psn\n|upkeep\n|turn|14\n|\n|t:|1781398878\n|switch|p1a: Comfey|Comfey, L85, F|197/225 psn\n|move|p2a: Meowscarada|U-turn|p1a: Comfey\n|-start|p2a: Meowscarada|typechange|Bug|[from] ability: Protean\n|-resisted|p1a: Comfey\n|-damage|p1a: Comfey|143/225 psn\n|\n|t:|1781398881\n|switch|p2a: Mudsdale|Mudsdale, L83, F|266/302|[from] U-turn\n|-activate|p2a: Mudsdale|move: Sticky Web\n|-unboost|p2a: Mudsdale|spe|1\n|\n|-heal|p1a: Comfey|157/225 psn|[from] item: Leftovers\n|-heal|p2a: Mudsdale|284/302|[from] item: Leftovers\n|-damage|p1a: Comfey|129/225 psn|[from] psn\n|upkeep\n|turn|15\n|\n|t:|1781398894\n|switch|p1a: Brambleghast|Brambleghast, L88, M|195/240 psn\n|move|p2a: Mudsdale|Heavy Slam|p1a: Brambleghast\n|-damage|p1a: Brambleghast|88/240 psn\n|\n|-heal|p1a: Brambleghast|103/240 psn|[from] item: Leftovers\n|-heal|p2a: Mudsdale|302/302|[from] item: Leftovers\n|-damage|p1a: Brambleghast|73/240 psn|[from] psn\n|upkeep\n|turn|16\n|\n|t:|1781398904\n|switch|p2a: Dragalge|Dragalge, L88, F|154/258\n|-activate|p2a: Dragalge|move: Sticky Web\n|-unboost|p2a: Dragalge|spe|1\n|move|p1a: Brambleghast|Power Whip|p2a: Dragalge\n|-resisted|p2a: Dragalge\n|-damage|p2a: Dragalge|117/258\n|\n|-heal|p1a: Brambleghast|88/240 psn|[from] item: Leftovers\n|-heal|p2a: Dragalge|133/258|[from] item: Leftovers\n|-damage|p1a: Brambleghast|58/240 psn|[from] psn\n|upkeep\n|turn|17\n|\n|t:|1781398911\n|move|p1a: Brambleghast|Poltergeist|p2a: Dragalge|[miss]\n|-miss|p1a: Brambleghast|p2a: Dragalge\n|move|p2a: Dragalge|Sludge Wave|p1a: Brambleghast\n|-damage|p1a: Brambleghast|0 fnt\n|faint|p1a: Brambleghast\n|\n|-heal|p2a: Dragalge|149/258|[from] item: Leftovers\n|upkeep\n|\n|t:|1781398919\n|switch|p1a: Solgaleo|Solgaleo, L74|325/325\n|turn|18\n|\n|t:|1781398936\n|switch|p2a: Mudsdale|Mudsdale, L83, F|302/302\n|-activate|p2a: Mudsdale|move: Sticky Web\n|-unboost|p2a: Mudsdale|spe|1\n|move|p1a: Solgaleo|Sunsteel Strike|p2a: Mudsdale\n|-damage|p2a: Mudsdale|202/302\n|-ability|p2a: Mudsdale|Stamina|boost\n|-boost|p2a: Mudsdale|def|1\n|\n|-heal|p2a: Mudsdale|220/302|[from] item: Leftovers\n|upkeep\n|turn|19\n|\n|t:|1781398949\n|switch|p1a: Vikavolt|Vikavolt, L83, M|263/263\n|move|p2a: Mudsdale|Earthquake|p1a: Vikavolt\n|-immune|p1a: Vikavolt|[from] ability: Levitate\n|\n|-heal|p2a: Mudsdale|238/302|[from] item: Leftovers\n|upkeep\n|turn|20\n|\n|t:|1781398958\n|switch|p2a: Meowscarada|Meowscarada, L78, F|160/247\n|-activate|p2a: Meowscarada|move: Sticky Web\n|-unboost|p2a: Meowscarada|spe|1\n|move|p1a: Vikavolt|Bug Buzz|p2a: Meowscarada\n|-supereffective|p2a: Meowscarada\n|-damage|p2a: Meowscarada|0 fnt\n|faint|p2a: Meowscarada\n|\n|upkeep\n|\n|t:|1781398959\n|switch|p2a: Rotom|Rotom-Heat, L83|4/219\n|turn|21\n|\n|t:|1781398967\n|switch|p1a: Comfey|Comfey, L85, F|129/225 psn\n|move|p2a: Rotom|Pain Split|p1a: Comfey\n|-sethp|p1a: Comfey|66/225 psn|[from] move: Pain Split|[silent]\n|-sethp|p2a: Rotom|66/219|[from] move: Pain Split\n|\n|-heal|p1a: Comfey|80/225 psn|[from] item: Leftovers\n|-damage|p1a: Comfey|52/225 psn|[from] psn\n|upkeep\n|turn|22\n|\n|t:|1781398990\n|move|p1a: Comfey|Encore|p2a: Rotom\n|-start|p2a: Rotom|Encore\n|move|p2a: Rotom|Pain Split|p1a: Comfey\n|-sethp|p1a: Comfey|59/225 psn|[from] move: Pain Split|[silent]\n|-sethp|p2a: Rotom|59/219|[from] move: Pain Split\n|\n|-heal|p1a: Comfey|73/225 psn|[from] item: Leftovers\n|-damage|p1a: Comfey|45/225 psn|[from] psn\n|upkeep\n|turn|23\n|\n|t:|1781399002\n|switch|p2a: Dragalge|Dragalge, L88, F|149/258\n|-activate|p2a: Dragalge|move: Sticky Web\n|-unboost|p2a: Dragalge|spe|1\n|move|p1a: Comfey|Tera Blast|p2a: Dragalge\n|-damage|p2a: Dragalge|109/258\n|\n|-heal|p1a: Comfey|59/225 psn|[from] item: Leftovers\n|-heal|p2a: Dragalge|125/258|[from] item: Leftovers\n|-damage|p1a: Comfey|31/225 psn|[from] psn\n|upkeep\n|turn|24\n|\n|t:|1781399008\n|switch|p1a: Solgaleo|Solgaleo, L74|325/325\n|move|p2a: Dragalge|Sludge Wave|p1a: Solgaleo\n|-immune|p1a: Solgaleo\n|\n|-heal|p2a: Dragalge|141/258|[from] item: Leftovers\n|upkeep\n|turn|25\n|\n|t:|1781399021\n|move|p1a: Solgaleo|Flame Charge|p2a: Dragalge\n|-resisted|p2a: Dragalge\n|-damage|p2a: Dragalge|125/258\n|-boost|p1a: Solgaleo|spe|1\n|move|p2a: Dragalge|Focus Blast|p1a: Solgaleo\n|-damage|p1a: Solgaleo|224/325\n|\n|-heal|p2a: Dragalge|141/258|[from] item: Leftovers\n|upkeep\n|turn|26\n|\n|t:|1781399030\n|move|p1a: Solgaleo|Earthquake|p2a: Dragalge\n|-supereffective|p2a: Dragalge\n|-damage|p2a: Dragalge|0 fnt\n|faint|p2a: Dragalge\n|\n|upkeep\n|\n|t:|1781399033\n|switch|p2a: Mudsdale|Mudsdale, L83, F|238/302\n|-activate|p2a: Mudsdale|move: Sticky Web\n|-unboost|p2a: Mudsdale|spe|1\n|turn|27\n|\n|t:|1781399046\n|switch|p1a: Vikavolt|Vikavolt, L83, M|263/263\n|move|p2a: Mudsdale|Earthquake|p1a: Vikavolt\n|-immune|p1a: Vikavolt|[from] ability: Levitate\n|\n|-heal|p2a: Mudsdale|256/302|[from] item: Leftovers\n|upkeep\n|turn|28\n|\n|t:|1781399052\n|switch|p2a: Rotom|Rotom-Heat, L83|59/219\n|move|p1a: Vikavolt|Bug Buzz|p2a: Rotom\n|-resisted|p2a: Rotom\n|-damage|p2a: Rotom|4/219\n|\n|upkeep\n|turn|29\n|\n|t:|1781399077\n|switch|p1a: Comfey|Comfey, L85, F|31/225 psn\n|move|p2a: Rotom|Pain Split|p1a: Comfey\n|-sethp|p1a: Comfey|17/225 psn|[from] move: Pain Split|[silent]\n|-sethp|p2a: Rotom|17/219|[from] move: Pain Split\n|\n|-heal|p1a: Comfey|31/225 psn|[from] item: Leftovers\n|-damage|p1a: Comfey|3/225 psn|[from] psn\n|upkeep\n|turn|30\n|\n|t:|1781399086\n|switch|p2a: Gardevoir|Gardevoir, L83, F|249/249\n|-activate|p2a: Gardevoir|move: Sticky Web\n|-unboost|p2a: Gardevoir|spe|1\n|-ability|p2a: Gardevoir|Triage|Trace|[from] ability: Trace|[of] p1a: Comfey\n|move|p1a: Comfey|Draining Kiss|p2a: Gardevoir\n|-damage|p2a: Gardevoir|206/249\n|-heal|p1a: Comfey|35/225 psn|[from] drain|[of] p2a: Gardevoir\n|\n|-heal|p1a: Comfey|49/225 psn|[from] item: Leftovers\n|-damage|p1a: Comfey|21/225 psn|[from] psn\n|upkeep\n|turn|31\n|\n|t:|1781399099\n|switch|p1a: Solgaleo|Solgaleo, L74|224/325\n|switch|p2a: Rotom|Rotom-Heat, L83|17/219\n|\n|upkeep\n|turn|32\n|\n|t:|1781399113\n|move|p2a: Rotom|Overheat|p1a: Solgaleo|[miss]\n|-miss|p2a: Rotom|p1a: Solgaleo\n|move|p1a: Solgaleo|Flame Charge|p2a: Rotom\n|-resisted|p2a: Rotom\n|-damage|p2a: Rotom|0 fnt\n|-boost|p1a: Solgaleo|spe|1\n|faint|p2a: Rotom\n|\n|upkeep\n|\n|t:|1781399118\n|switch|p2a: Mudsdale|Mudsdale, L83, F|256/302\n|-activate|p2a: Mudsdale|move: Sticky Web\n|-unboost|p2a: Mudsdale|spe|1\n|turn|33\n|\n|t:|1781399129\n|switch|p1a: Comfey|Comfey, L85, F|21/225 psn\n|move|p2a: Mudsdale|Stone Edge|p1a: Comfey\n|-damage|p1a: Comfey|0 fnt\n|faint|p1a: Comfey\n|\n|-heal|p2a: Mudsdale|274/302|[from] item: Leftovers\n|upkeep\n|\n|t:|1781399132\n|switch|p1a: Vikavolt|Vikavolt, L83, M|263/263\n|turn|34\n|\n|t:|1781399147\n|switch|p2a: Gardevoir|Gardevoir, L83, F|206/249\n|-activate|p2a: Gardevoir|move: Sticky Web\n|-unboost|p2a: Gardevoir|spe|1\n|-ability|p2a: Gardevoir|Levitate|Trace|[from] ability: Trace|[of] p1a: Vikavolt\n|-terastallize|p1a: Vikavolt|Electric\n|move|p1a: Vikavolt|Bug Buzz|p2a: Gardevoir\n|-damage|p2a: Gardevoir|94/249\n|\n|upkeep\n|turn|35\n|\n|t:|1781399162\n|-terastallize|p2a: Gardevoir|Fire\n|move|p2a: Gardevoir|Mystical Fire|p1a: Vikavolt\n|-damage|p1a: Vikavolt|163/263\n|-unboost|p1a: Vikavolt|spa|1\n|move|p1a: Vikavolt|Bug Buzz|p2a: Gardevoir\n|-resisted|p2a: Gardevoir\n|-damage|p2a: Gardevoir|61/249\n|\n|upkeep\n|turn|36\n|\n|t:|1781399180\n|switch|p1a: Solgaleo|Solgaleo, L74|224/325\n|move|p2a: Gardevoir|Mystical Fire|p1a: Solgaleo\n|-supereffective|p1a: Solgaleo\n|-damage|p1a: Solgaleo|0 fnt\n|faint|p1a: Solgaleo\n|\n|upkeep\n|\n|t:|1781399182\n|switch|p1a: Vikavolt|Vikavolt, L83, M, tera:Electric|163/263\n|turn|37\n|\n|t:|1781399184\n|move|p2a: Gardevoir|Mystical Fire|p1a: Vikavolt\n|-damage|p1a: Vikavolt|45/263\n|-unboost|p1a: Vikavolt|spa|1\n|move|p1a: Vikavolt|Discharge|p2a: Gardevoir\n|-damage|p2a: Gardevoir|0 fnt\n|faint|p2a: Gardevoir\n|\n|upkeep\n|\n|t:|1781399186\n|switch|p2a: Mudsdale|Mudsdale, L83, F|274/302\n|-activate|p2a: Mudsdale|move: Sticky Web\n|-unboost|p2a: Mudsdale|spe|1\n|turn|38\n|\n|t:|1781399189\n|move|p1a: Vikavolt|Energy Ball|p2a: Mudsdale\n|-supereffective|p2a: Mudsdale\n|-damage|p2a: Mudsdale|154/302\n|-ability|p2a: Mudsdale|Stamina|boost\n|-boost|p2a: Mudsdale|def|1\n|move|p2a: Mudsdale|Heavy Slam|p1a: Vikavolt\n|-resisted|p1a: Vikavolt\n|-damage|p1a: Vikavolt|0 fnt\n|faint|p1a: Vikavolt\n|\n|win|Petilil37\n", "uploadtime": 1781398593, "views": 3, "formatid": "gen9randombattle", "rating": null, "private": 0, "password": null}