{"id": "gen9randombattle-2632000186", "format": "[Gen 9] Random Battle", "players": ["efalunt", "justinprim"], "log": "|j|\u2606efalunt\n|j|\u2606justinprim\n|t:|1781464506\n|gametype|singles\n|player|p1|efalunt|supernerd|2101\n|player|p2|justinprim|101|2060\n|gen|9\n|tier|[Gen 9] Random Battle\n|rated|\n|rule|Species Clause: Limit one of each Pok\u00e9mon\n|rule|HP Percentage Mod: HP is shown in percentages\n|rule|Sleep Clause Mod: Limit one foe put to sleep\n|rule|Illusion Level Mod: Illusion disguises the Pok\u00e9mon's true level\n|\n|t:|1781464506\n|teamsize|p1|6\n|teamsize|p2|6\n|start\n|switch|p1a: Copperajah|Copperajah, L86, F|349/349\n|switch|p2a: Deoxys|Deoxys-Speed, L82|216/216\n|-ability|p2a: Deoxys|Pressure\n|turn|1\n|inactive|Battle timer is ON: inactive players will automatically lose when time's up. (requested by efalunt)\n|\n|t:|1781464521\n|move|p2a: Deoxys|Stealth Rock|p1a: Copperajah\n|-sidestart|p1: efalunt|move: Stealth Rock\n|move|p1a: Copperajah|Heavy Slam|p2a: Deoxys\n|-enditem|p2a: Deoxys|Focus Sash\n|-damage|p2a: Deoxys|1/216\n|\n|upkeep\n|turn|2\n|\n|t:|1781464524\n|switch|p1a: Sandslash|Sandslash, L89, F|278/278\n|-damage|p1a: Sandslash|261/278|[from] Stealth Rock\n|move|p2a: Deoxys|Superpower|p1a: Sandslash\n|-damage|p1a: Sandslash|196/278\n|-unboost|p2a: Deoxys|atk|1\n|-unboost|p2a: Deoxys|def|1\n|\n|-heal|p1a: Sandslash|213/278|[from] item: Leftovers\n|upkeep\n|turn|3\n|\n|t:|1781464530\n|switch|p2a: Mimikyu|Mimikyu, L79, M|216/216\n|move|p1a: Sandslash|Rapid Spin|p2a: Mimikyu\n|-immune|p2a: Mimikyu\n|\n|-heal|p1a: Sandslash|230/278|[from] item: Leftovers\n|upkeep\n|turn|4\n|\n|t:|1781464535\n|move|p2a: Mimikyu|Swords Dance|p2a: Mimikyu\n|-boost|p2a: Mimikyu|atk|2\n|move|p1a: Sandslash|Earthquake|p2a: Mimikyu\n|-activate|p2a: Mimikyu|ability: Disguise\n|-damage|p2a: Mimikyu|216/216\n|detailschange|p2a: Mimikyu|Mimikyu-Busted, L79, M\n|-damage|p2a: Mimikyu|189/216|[from] pokemon: Mimikyu-Busted\n|\n|-heal|p1a: Sandslash|247/278|[from] item: Leftovers\n|upkeep\n|turn|5\n|\n|t:|1781464538\n|move|p2a: Mimikyu|Play Rough|p1a: Sandslash\n|-damage|p1a: Sandslash|87/278\n|-damage|p2a: Mimikyu|168/216|[from] item: Life Orb\n|move|p1a: Sandslash|Earthquake|p2a: Mimikyu\n|-damage|p2a: Mimikyu|23/216\n|\n|-heal|p1a: Sandslash|104/278|[from] item: Leftovers\n|upkeep\n|turn|6\n|\n|t:|1781464543\n|switch|p1a: Copperajah|Copperajah, L86, F|349/349\n|-damage|p1a: Copperajah|328/349|[from] Stealth Rock\n|move|p2a: Mimikyu|Play Rough|p1a: Copperajah\n|-resisted|p1a: Copperajah\n|-damage|p1a: Copperajah|211/349\n|-unboost|p1a: Copperajah|atk|1\n|-damage|p2a: Mimikyu|2/216|[from] item: Life Orb\n|\n|upkeep\n|turn|7\n|\n|t:|1781464546\n|switch|p1a: Vileplume|Vileplume, L85, M|266/266\n|-damage|p1a: Vileplume|233/266|[from] Stealth Rock\n|move|p2a: Mimikyu|Drain Punch|p1a: Vileplume\n|-resisted|p1a: Vileplume\n|-damage|p1a: Vileplume|175/266\n|-heal|p2a: Mimikyu|31/216|[from] drain|[of] p1a: Vileplume\n|-status|p2a: Mimikyu|par|[from] ability: Effect Spore|[of] p1a: Vileplume\n|-damage|p2a: Mimikyu|10/216 par|[from] item: Life Orb\n|\n|-heal|p1a: Vileplume|191/266|[from] item: Leftovers\n|upkeep\n|turn|8\n|\n|t:|1781464556\n|cant|p2a: Mimikyu|par\n|move|p1a: Vileplume|Strength Sap|p2a: Mimikyu\n|-unboost|p2a: Mimikyu|atk|1\n|-heal|p1a: Vileplume|266/266\n|\n|upkeep\n|turn|9\n|\n|t:|1781464561\n|cant|p2a: Mimikyu|par\n|move|p1a: Vileplume|Giga Drain|p2a: Mimikyu\n|-damage|p2a: Mimikyu|0 fnt\n|faint|p2a: Mimikyu\n|\n|upkeep\n|\n|t:|1781464569\n|switch|p2a: Deoxys|Deoxys-Speed, L82|1/216\n|-ability|p2a: Deoxys|Pressure\n|turn|10\n|\n|t:|1781464573\n|switch|p1a: Jirachi|Jirachi, L80|291/291\n|-damage|p1a: Jirachi|273/291|[from] Stealth Rock\n|move|p2a: Deoxys|Psycho Boost|p1a: Jirachi\n|-resisted|p1a: Jirachi\n|-damage|p1a: Jirachi|239/291\n|-unboost|p2a: Deoxys|spa|2\n|\n|-heal|p1a: Jirachi|257/291|[from] item: Leftovers\n|upkeep\n|turn|11\n|\n|t:|1781464576\n|move|p2a: Deoxys|Knock Off|p1a: Jirachi\n|-supereffective|p1a: Jirachi\n|-damage|p1a: Jirachi|127/291\n|-enditem|p1a: Jirachi|Leftovers|[from] move: Knock Off|[of] p2a: Deoxys\n|move|p1a: Jirachi|Stealth Rock|p2a: Deoxys\n|-sidestart|p2: justinprim|move: Stealth Rock\n|\n|upkeep\n|turn|12\n|\n|t:|1781464579\n|move|p2a: Deoxys|Superpower|p1a: Jirachi\n|-damage|p1a: Jirachi|56/291\n|-unboost|p2a: Deoxys|atk|1\n|-unboost|p2a: Deoxys|def|1\n|move|p1a: Jirachi|Drain Punch|p2a: Deoxys\n|-resisted|p2a: Deoxys\n|-damage|p2a: Deoxys|0 fnt\n|-heal|p1a: Jirachi|57/291|[from] drain|[of] p2a: Deoxys\n|faint|p2a: Deoxys\n|\n|upkeep\n|\n|t:|1781464588\n|switch|p2a: Pincurchin|Pincurchin, F|258/258\n|-damage|p2a: Pincurchin|226/258|[from] Stealth Rock\n|-fieldstart|move: Electric Terrain|[from] ability: Electric Surge|[of] p2a: Pincurchin\n|turn|13\n|\n|t:|1781464592\n|switch|p1a: Dugtrio|Dugtrio, L84, F|196/196\n|-damage|p1a: Dugtrio|184/196|[from] Stealth Rock\n|move|p2a: Pincurchin|Curse|p2a: Pincurchin\n|-unboost|p2a: Pincurchin|spe|1\n|-boost|p2a: Pincurchin|atk|1\n|-boost|p2a: Pincurchin|def|1\n|\n|-heal|p2a: Pincurchin|242/258|[from] item: Leftovers\n|upkeep\n|turn|14\n|\n|t:|1781464595\n|move|p1a: Dugtrio|Earthquake|p2a: Pincurchin\n|-supereffective|p2a: Pincurchin\n|-damage|p2a: Pincurchin|80/258\n|move|p2a: Pincurchin|Liquidation|p1a: Dugtrio\n|-supereffective|p1a: Dugtrio\n|-damage|p1a: Dugtrio|0 fnt\n|faint|p1a: Dugtrio\n|\n|-heal|p2a: Pincurchin|96/258|[from] item: Leftovers\n|upkeep\n|\n|t:|1781464599\n|switch|p1a: Sandslash|Sandslash, L89, F|104/278\n|-damage|p1a: Sandslash|87/278|[from] Stealth Rock\n|turn|15\n|\n|t:|1781464603\n|move|p1a: Sandslash|Earthquake|p2a: Pincurchin\n|-supereffective|p2a: Pincurchin\n|-damage|p2a: Pincurchin|0 fnt\n|faint|p2a: Pincurchin\n|\n|-heal|p1a: Sandslash|104/278|[from] item: Leftovers\n|upkeep\n|\n|t:|1781464610\n|switch|p2a: Krookodile|Krookodile, L79, F|280/280\n|-damage|p2a: Krookodile|263/280|[from] Stealth Rock\n|-ability|p2a: Krookodile|Intimidate|boost\n|-unboost|p1a: Sandslash|atk|1\n|turn|16\n|\n|t:|1781464613\n|move|p2a: Krookodile|Earthquake|p1a: Sandslash\n|-damage|p1a: Sandslash|0 fnt\n|faint|p1a: Sandslash\n|\n|upkeep\n|\n|t:|1781464616\n|switch|p1a: Vileplume|Vileplume, L85, M|266/266\n|-damage|p1a: Vileplume|233/266|[from] Stealth Rock\n|turn|17\n|\n|t:|1781464621\n|move|p2a: Krookodile|Earthquake|p1a: Vileplume\n|-damage|p1a: Vileplume|70/266\n|move|p1a: Vileplume|Strength Sap|p2a: Krookodile\n|-unboost|p2a: Krookodile|atk|1\n|-heal|p1a: Vileplume|266/266\n|\n|-fieldend|move: Electric Terrain\n|upkeep\n|turn|18\n|\n|t:|1781464624\n|switch|p2a: Tropius|Tropius, L91, M|328/328\n|-damage|p2a: Tropius|246/328|[from] Stealth Rock\n|move|p1a: Vileplume|Leech Seed|p2a: Tropius\n|-immune|p2a: Tropius\n|\n|upkeep\n|turn|19\n|\n|t:|1781464628\n|move|p2a: Tropius|Air Slash|p1a: Vileplume\n|-supereffective|p1a: Vileplume\n|-damage|p1a: Vileplume|120/266\n|cant|p1a: Vileplume|flinch\n|\n|-heal|p1a: Vileplume|136/266|[from] item: Leftovers\n|upkeep\n|turn|20\n|\n|t:|1781464637\n|switch|p1a: Copperajah|Copperajah, L86, F|211/349\n|-damage|p1a: Copperajah|190/349|[from] Stealth Rock\n|move|p2a: Tropius|Air Slash|p1a: Copperajah\n|-resisted|p1a: Copperajah\n|-damage|p1a: Copperajah|148/349\n|\n|upkeep\n|turn|21\n|\n|t:|1781464642\n|move|p2a: Tropius|Substitute|p2a: Tropius\n|-start|p2a: Tropius|Substitute\n|-damage|p2a: Tropius|164/328\n|-enditem|p2a: Tropius|Sitrus Berry|[eat]\n|-heal|p2a: Tropius|246/328|[from] item: Sitrus Berry\n|move|p1a: Copperajah|Heat Crash|p2a: Tropius\n|-supereffective|p2a: Tropius\n|-end|p2a: Tropius|Substitute\n|\n|upkeep\n|turn|22\n|\n|t:|1781464645\n|move|p2a: Tropius|Protect|p2a: Tropius\n|-singleturn|p2a: Tropius|Protect\n|move|p1a: Copperajah|Heat Crash|p2a: Tropius\n|-activate|p2a: Tropius|move: Protect\n|\n|-item|p2a: Tropius|Sitrus Berry|[from] ability: Harvest\n|upkeep\n|turn|23\n|\n|t:|1781464648\n|move|p2a: Tropius|Substitute|p2a: Tropius\n|-start|p2a: Tropius|Substitute\n|-damage|p2a: Tropius|164/328\n|-enditem|p2a: Tropius|Sitrus Berry|[eat]\n|-heal|p2a: Tropius|246/328|[from] item: Sitrus Berry\n|move|p1a: Copperajah|Heat Crash|p2a: Tropius\n|-supereffective|p2a: Tropius\n|-end|p2a: Tropius|Substitute\n|\n|-item|p2a: Tropius|Sitrus Berry|[from] ability: Harvest\n|upkeep\n|turn|24\n|\n|t:|1781464650\n|switch|p2a: Azumarill|Azumarill, L82, M|298/298\n|-damage|p2a: Azumarill|261/298|[from] Stealth Rock\n|move|p1a: Copperajah|Heat Crash|p2a: Azumarill\n|-resisted|p2a: Azumarill\n|-damage|p2a: Azumarill|165/298\n|\n|upkeep\n|turn|25\n|\n|t:|1781464656\n|move|p2a: Azumarill|Ice Spinner|p1a: Copperajah\n|-resisted|p1a: Copperajah\n|-damage|p1a: Copperajah|94/349\n|move|p1a: Copperajah|Heat Crash|p2a: Azumarill\n|-resisted|p2a: Azumarill\n|-damage|p2a: Azumarill|69/298\n|\n|upkeep\n|turn|26\n|\n|t:|1781464660\n|move|p2a: Azumarill|Ice Spinner|p1a: Copperajah\n|-resisted|p1a: Copperajah\n|-damage|p1a: Copperajah|33/349\n|move|p1a: Copperajah|Heat Crash|p2a: Azumarill\n|-resisted|p2a: Azumarill\n|-damage|p2a: Azumarill|0 fnt\n|faint|p2a: Azumarill\n|\n|upkeep\n|\n|t:|1781464665\n|switch|p2a: Tropius|Tropius, L91, M|246/328\n|-damage|p2a: Tropius|164/328|[from] Stealth Rock\n|-enditem|p2a: Tropius|Sitrus Berry|[eat]\n|-heal|p2a: Tropius|246/328|[from] item: Sitrus Berry\n|turn|27\n|\n|t:|1781464668\n|move|p2a: Tropius|Protect|p2a: Tropius\n|-singleturn|p2a: Tropius|Protect\n|move|p1a: Copperajah|Heat Crash|p2a: Tropius\n|-activate|p2a: Tropius|move: Protect\n|\n|-item|p2a: Tropius|Sitrus Berry|[from] ability: Harvest\n|upkeep\n|turn|28\n|\n|t:|1781464670\n|move|p2a: Tropius|Air Slash|p1a: Copperajah\n|-resisted|p1a: Copperajah\n|-damage|p1a: Copperajah|0 fnt\n|faint|p1a: Copperajah\n|\n|upkeep\n|\n|t:|1781464672\n|switch|p1a: Emboar|Emboar, L84, M|322/322\n|-damage|p1a: Emboar|282/322|[from] Stealth Rock\n|turn|29\n|\n|t:|1781464676\n|move|p1a: Emboar|Flare Blitz|p2a: Tropius\n|-supereffective|p2a: Tropius\n|-damage|p2a: Tropius|0 fnt\n|faint|p2a: Tropius\n|-damage|p1a: Emboar|201/322|[from] Recoil\n|\n|-heal|p1a: Emboar|221/322|[from] item: Leftovers\n|upkeep\n|\n|t:|1781464678\n|switch|p2a: Krookodile|Krookodile, L79, F|263/280\n|-damage|p2a: Krookodile|246/280|[from] Stealth Rock\n|-ability|p2a: Krookodile|Intimidate|boost\n|-unboost|p1a: Emboar|atk|1\n|turn|30\n|\n|t:|1781464692\n|-terastallize|p1a: Emboar|Grass\n|move|p2a: Krookodile|Earthquake|p1a: Emboar\n|-resisted|p1a: Emboar\n|-damage|p1a: Emboar|113/322\n|move|p1a: Emboar|Trailblaze|p2a: Krookodile\n|-supereffective|p2a: Krookodile\n|-damage|p2a: Krookodile|138/280\n|-boost|p1a: Emboar|spe|1\n|\n|-heal|p1a: Emboar|133/322|[from] item: Leftovers\n|upkeep\n|turn|31\n|\n|t:|1781464697\n|-terastallize|p2a: Krookodile|Poison\n|move|p1a: Emboar|Drain Punch|p2a: Krookodile\n|-resisted|p2a: Krookodile\n|-damage|p2a: Krookodile|99/280\n|-heal|p1a: Emboar|153/322|[from] drain|[of] p2a: Krookodile\n|move|p2a: Krookodile|Earthquake|p1a: Emboar\n|-resisted|p1a: Emboar\n|-damage|p1a: Emboar|52/322\n|\n|-heal|p1a: Emboar|72/322|[from] item: Leftovers\n|upkeep\n|turn|32\n|-message|justinprim forfeited.\n|\n|win|efalunt\n", "inputlog": ">version a8376a258c1d4662feba110a92103f3664a72141\n>start {\"formatid\":\"gen9randombattle\",\"seed\":\"sodium,7a67d74e884796a655679b9c70e13ee2\",\"rated\":\"Rated battle\"}\n>player p1 {\"name\":\"efalunt\",\"avatar\":\"supernerd\",\"rating\":2101,\"seed\":\"sodium,9b027473e67fc9609acee2e671594ad7\"}\n>player p2 {\"name\":\"justinprim\",\"avatar\":\"101\",\"rating\":2060,\"seed\":\"sodium,3911a7126e29586a736797d6c1038f5c\"}\n>p1 move heavyslam\n>p2 move stealthrock\n>p1 switch 3\n>p2 move superpower\n>p1 move rapidspin\n>p2 switch 4\n>p1 move earthquake\n>p2 move swordsdance\n>p1 move earthquake\n>p2 move playrough\n>p1 switch 3\n>p2 move playrough\n>p1 switch 2\n>p2 move drainpunch\n>p1 move strengthsap\n>p2 move shadowsneak\n>p1 move gigadrain\n>p2 move shadowsneak\n>p2 switch 4\n>p1 switch 5\n>p2 move psychoboost\n>p1 move stealthrock\n>p2 move knockoff\n>p1 move drainpunch\n>p2 move superpower\n>p2 switch 3\n>p1 switch 4\n>p2 move curse\n>p1 move earthquake\n>p2 move liquidation\n>p1 switch 3\n>p1 move earthquake\n>p2 move liquidation\n>p2 switch 2\n>p1 move rapidspin\n>p2 move earthquake\n>p1 switch 5\n>p1 move strengthsap\n>p2 move earthquake\n>p1 move leechseed\n>p2 switch 5\n>p1 move sludgebomb\n>p2 move airslash\n>p1 switch 2\n>p2 move airslash\n>p1 move heatcrash\n>p2 move substitute\n>p1 move heatcrash\n>p2 move protect\n>p1 move heatcrash\n>p2 move substitute\n>p1 move heatcrash\n>p2 switch 6\n>p1 move heatcrash\n>p2 move icespinner\n>p1 move heatcrash\n>p2 move icespinner\n>p2 switch 6\n>p1 move heatcrash\n>p2 move protect\n>p1 move heatcrash\n>p2 move airslash\n>p1 switch 6\n>p1 move flareblitz\n>p2 move airslash\n>p2 switch 5\n>p1 move trailblaze terastallize\n>p2 move earthquake\n>p1 move drainpunch\n>p2 move earthquake terastallize\n>forcelose p2", "uploadtime": 1781464508, "views": 5, "formatid": "gen9randombattle", "rating": null, "private": 0, "password": null}