{"id": "gen9randombattle-2631631785", "format": "[Gen 9] Random Battle", "players": ["dhiwjw", "G1337n7"], "log": "|j|\u2606dhiwjw\n|j|\u2606G1337n7\n|t:|1781411822\n|gametype|singles\n|player|p1|dhiwjw|artist-gen4|1189\n|player|p2|G1337n7|265|1146\n|gen|9\n|tier|[Gen 9] Random Battle\n|rated|\n|rule|Species Clause: Limit one of each Pok\u00e9mon\n|rule|HP Percentage Mod: HP is shown in percentages\n|rule|Sleep Clause Mod: Limit one foe put to sleep\n|rule|Illusion Level Mod: Illusion disguises the Pok\u00e9mon's true level\n|\n|t:|1781411822\n|teamsize|p1|6\n|teamsize|p2|6\n|start\n|switch|p1a: Spidops|Spidops, L96, M|271/271\n|switch|p2a: Venusaur|Venusaur, L84, M|272/272\n|turn|1\n|inactive|Battle timer is ON: inactive players will automatically lose when time's up. (requested by dhiwjw)\n|\n|t:|1781411833\n|move|p2a: Venusaur|Sleep Powder|p1a: Spidops\n|-status|p1a: Spidops|slp|[from] move: Sleep Powder\n|cant|p1a: Spidops|slp\n|\n|upkeep\n|turn|2\n|c|\u2606G1337n7|sleep\n|\n|t:|1781411841\n|move|p2a: Venusaur|Leech Seed|p1a: Spidops|[miss]\n|-miss|p2a: Venusaur|p1a: Spidops\n|cant|p1a: Spidops|slp\n|\n|upkeep\n|turn|3\n|\n|t:|1781411846\n|move|p2a: Venusaur|Sludge Bomb|p1a: Spidops\n|-damage|p1a: Spidops|177/271 slp\n|cant|p1a: Spidops|slp\n|\n|upkeep\n|turn|4\n|\n|t:|1781411850\n|move|p2a: Venusaur|Leech Seed|p1a: Spidops\n|-start|p1a: Spidops|move: Leech Seed\n|-curestatus|p1a: Spidops|slp|[msg]\n|move|p1a: Spidops|Sticky Web|p2a: Venusaur\n|-sidestart|p2: G1337n7|move: Sticky Web\n|\n|-damage|p1a: Spidops|144/271|[from] Leech Seed|[of] p2a: Venusaur\n|upkeep\n|turn|5\n|c|\u2606G1337n7|sleep\n|\n|t:|1781411857\n|move|p2a: Venusaur|Sleep Powder|p1a: Spidops\n|-status|p1a: Spidops|slp|[from] move: Sleep Powder\n|cant|p1a: Spidops|slp\n|\n|-damage|p1a: Spidops|111/271 slp|[from] Leech Seed|[of] p2a: Venusaur\n|upkeep\n|turn|6\n|c|\u2606G1337n7|night night\n|\n|t:|1781411865\n|move|p2a: Venusaur|Substitute|p2a: Venusaur\n|-start|p2a: Venusaur|Substitute\n|-damage|p2a: Venusaur|204/272\n|-curestatus|p1a: Spidops|slp|[msg]\n|move|p1a: Spidops|Toxic Spikes|p2a: Venusaur\n|-sidestart|p2: G1337n7|move: Toxic Spikes\n|\n|-heal|p2a: Venusaur|221/272|[from] item: Leftovers\n|-damage|p1a: Spidops|78/271|[from] Leech Seed|[of] p2a: Venusaur\n|-heal|p2a: Venusaur|254/272|[silent]\n|upkeep\n|turn|7\n|inactive|G1337n7 has 120 seconds left.\n|\n|t:|1781411899\n|move|p2a: Venusaur|Sleep Powder|p1a: Spidops\n|-status|p1a: Spidops|slp|[from] move: Sleep Powder\n|cant|p1a: Spidops|slp\n|\n|-heal|p2a: Venusaur|271/272|[from] item: Leftovers\n|-damage|p1a: Spidops|45/271 slp|[from] Leech Seed|[of] p2a: Venusaur\n|-heal|p2a: Venusaur|272/272|[silent]\n|upkeep\n|turn|8\n|c|\u2606G1337n7|nightmare\n|inactive|G1337n7 has 120 seconds left.\n|\n|t:|1781411912\n|move|p2a: Venusaur|Sludge Bomb|p1a: Spidops\n|-damage|p1a: Spidops|0 fnt\n|faint|p1a: Spidops\n|\n|upkeep\n|\n|t:|1781411916\n|switch|p1a: Salazzle|Salazzle, L83, F|249/249\n|turn|9\n|c|\u2606G1337n7|bedtime\n|\n|t:|1781411927\n|move|p1a: Salazzle|Substitute|p1a: Salazzle\n|-start|p1a: Salazzle|Substitute\n|-damage|p1a: Salazzle|187/249\n|move|p2a: Venusaur|Sleep Powder|p1a: Salazzle|[miss]\n|-miss|p2a: Venusaur|p1a: Salazzle\n|\n|-heal|p1a: Salazzle|202/249|[from] item: Leftovers\n|upkeep\n|turn|10\n|\n|t:|1781411936\n|move|p1a: Salazzle|Flamethrower|p2a: Venusaur\n|-supereffective|p2a: Venusaur\n|-end|p2a: Venusaur|Substitute\n|move|p2a: Venusaur|Sludge Bomb|p1a: Salazzle\n|-resisted|p1a: Salazzle\n|-end|p1a: Salazzle|Substitute\n|\n|-heal|p1a: Salazzle|217/249|[from] item: Leftovers\n|upkeep\n|turn|11\n|inactive|G1337n7 has 120 seconds left.\n|\n|t:|1781411957\n|move|p1a: Salazzle|Substitute|p1a: Salazzle\n|-start|p1a: Salazzle|Substitute\n|-damage|p1a: Salazzle|155/249\n|move|p2a: Venusaur|Sleep Powder||[still]\n|-fail|p2a: Venusaur\n|\n|-heal|p1a: Salazzle|170/249|[from] item: Leftovers\n|upkeep\n|turn|12\n|c|\u2606G1337n7|hmm\n|\n|t:|1781411965\n|move|p1a: Salazzle|Flamethrower|p2a: Venusaur\n|-supereffective|p2a: Venusaur\n|-damage|p2a: Venusaur|84/272\n|move|p2a: Venusaur|Sludge Bomb|p1a: Salazzle\n|-resisted|p1a: Salazzle\n|-end|p1a: Salazzle|Substitute\n|\n|-heal|p1a: Salazzle|185/249|[from] item: Leftovers\n|-heal|p2a: Venusaur|101/272|[from] item: Leftovers\n|upkeep\n|turn|13\n|\n|t:|1781411971\n|move|p1a: Salazzle|Flamethrower|p2a: Venusaur\n|-supereffective|p2a: Venusaur\n|-damage|p2a: Venusaur|0 fnt\n|faint|p2a: Venusaur\n|\n|-heal|p1a: Salazzle|200/249|[from] item: Leftovers\n|upkeep\n|\n|t:|1781411981\n|switch|p2a: Oinkologne|Oinkologne-F, L92, F|361/361\n|-activate|p2a: Oinkologne|move: Sticky Web\n|-unboost|p2a: Oinkologne|spe|1\n|-status|p2a: Oinkologne|psn\n|turn|14\n|\n|t:|1781411988\n|move|p1a: Salazzle|Substitute|p1a: Salazzle\n|-start|p1a: Salazzle|Substitute\n|-damage|p1a: Salazzle|138/249\n|move|p2a: Oinkologne|Body Slam|p1a: Salazzle\n|-end|p1a: Salazzle|Substitute\n|\n|-heal|p1a: Salazzle|153/249|[from] item: Leftovers\n|-damage|p2a: Oinkologne|316/361 psn|[from] psn\n|upkeep\n|turn|15\n|\n|t:|1781411993\n|move|p1a: Salazzle|Flamethrower|p2a: Oinkologne\n|-damage|p2a: Oinkologne|226/361 psn\n|move|p2a: Oinkologne|Body Slam|p1a: Salazzle\n|-damage|p1a: Salazzle|18/249\n|\n|-heal|p1a: Salazzle|33/249|[from] item: Leftovers\n|-heal|p2a: Oinkologne|248/361 psn|[from] item: Leftovers\n|-damage|p2a: Oinkologne|203/361 psn|[from] psn\n|upkeep\n|turn|16\n|c|\u2606G1337n7|no\n|\n|t:|1781412003\n|move|p1a: Salazzle|Protect|p1a: Salazzle\n|-singleturn|p1a: Salazzle|Protect\n|move|p2a: Oinkologne|Body Slam|p1a: Salazzle\n|-activate|p1a: Salazzle|move: Protect\n|\n|-heal|p1a: Salazzle|48/249|[from] item: Leftovers\n|-heal|p2a: Oinkologne|225/361 psn|[from] item: Leftovers\n|-damage|p2a: Oinkologne|180/361 psn|[from] psn\n|upkeep\n|turn|17\n|\n|t:|1781412012\n|move|p1a: Salazzle|Flamethrower|p2a: Oinkologne\n|-damage|p2a: Oinkologne|84/361 psn\n|move|p2a: Oinkologne|Body Slam|p1a: Salazzle\n|-damage|p1a: Salazzle|0 fnt\n|faint|p1a: Salazzle\n|\n|-heal|p2a: Oinkologne|106/361 psn|[from] item: Leftovers\n|-damage|p2a: Oinkologne|61/361 psn|[from] psn\n|upkeep\n|c|\u2606G1337n7|no\n|\n|t:|1781412021\n|switch|p1a: Golduck|Golduck, L90, M|290/290\n|-ability|p1a: Golduck|Cloud Nine\n|turn|18\n|\n|t:|1781412026\n|move|p1a: Golduck|Nasty Plot|p1a: Golduck\n|-boost|p1a: Golduck|spa|2\n|move|p2a: Oinkologne|Rest|p2a: Oinkologne\n|-status|p2a: Oinkologne|slp|[from] move: Rest\n|-heal|p2a: Oinkologne|361/361 slp|[silent]\n|\n|upkeep\n|turn|19\n|\n|t:|1781412035\n|move|p1a: Golduck|Grass Knot|p2a: Oinkologne\n|-damage|p2a: Oinkologne|212/361 slp\n|cant|p2a: Oinkologne|slp\n|move|p2a: Oinkologne|Sleep Talk|p2a: Oinkologne\n|move|p2a: Oinkologne|Curse|p2a: Oinkologne|[from] move: Sleep Talk\n|-unboost|p2a: Oinkologne|spe|1\n|-boost|p2a: Oinkologne|atk|1\n|-boost|p2a: Oinkologne|def|1\n|\n|-heal|p2a: Oinkologne|234/361 slp|[from] item: Leftovers\n|upkeep\n|turn|20\n|\n|t:|1781412043\n|move|p1a: Golduck|Hydro Pump|p2a: Oinkologne|[miss]\n|-miss|p1a: Golduck|p2a: Oinkologne\n|cant|p2a: Oinkologne|slp\n|move|p2a: Oinkologne|Sleep Talk|p2a: Oinkologne\n|move|p2a: Oinkologne|Body Slam|p1a: Golduck|[from] move: Sleep Talk\n|-damage|p1a: Golduck|130/290\n|\n|-heal|p1a: Golduck|148/290|[from] item: Leftovers\n|-heal|p2a: Oinkologne|256/361 slp|[from] item: Leftovers\n|upkeep\n|turn|21\n|\n|t:|1781412046\n|move|p1a: Golduck|Hydro Pump|p2a: Oinkologne\n|-damage|p2a: Oinkologne|36/361 slp\n|-curestatus|p2a: Oinkologne|slp|[msg]\n|move|p2a: Oinkologne|Sleep Talk||[still]\n|-fail|p2a: Oinkologne\n|\n|-heal|p1a: Golduck|166/290|[from] item: Leftovers\n|-heal|p2a: Oinkologne|58/361|[from] item: Leftovers\n|upkeep\n|turn|22\n|\n|t:|1781412052\n|move|p1a: Golduck|Ice Beam|p2a: Oinkologne\n|-damage|p2a: Oinkologne|0 fnt\n|faint|p2a: Oinkologne\n|\n|-heal|p1a: Golduck|184/290|[from] item: Leftovers\n|upkeep\n|\n|t:|1781412055\n|switch|p2a: Oricorio|Oricorio-Pa'u, L87, M|272/272\n|turn|23\n|\n|t:|1781412072\n|move|p2a: Oricorio|Quiver Dance|p2a: Oricorio\n|-boost|p2a: Oricorio|spa|1\n|-boost|p2a: Oricorio|spd|1\n|-boost|p2a: Oricorio|spe|1\n|move|p1a: Golduck|Ice Beam|p2a: Oricorio\n|-supereffective|p2a: Oricorio\n|-damage|p2a: Oricorio|42/272\n|\n|-heal|p1a: Golduck|202/290|[from] item: Leftovers\n|upkeep\n|turn|24\n|\n|t:|1781412083\n|move|p2a: Oricorio|Roost|p2a: Oricorio\n|-heal|p2a: Oricorio|178/272\n|-singleturn|p2a: Oricorio|move: Roost\n|move|p1a: Golduck|Ice Beam|p2a: Oricorio\n|-damage|p2a: Oricorio|59/272\n|\n|-heal|p1a: Golduck|220/290|[from] item: Leftovers\n|upkeep\n|turn|25\n|\n|t:|1781412091\n|move|p2a: Oricorio|Hurricane|p1a: Golduck\n|-damage|p1a: Golduck|48/290\n|-start|p1a: Golduck|confusion\n|-activate|p1a: Golduck|confusion\n|move|p1a: Golduck|Ice Beam|p2a: Oricorio\n|-supereffective|p2a: Oricorio\n|-crit|p2a: Oricorio\n|-damage|p2a: Oricorio|0 fnt\n|faint|p2a: Oricorio\n|\n|-heal|p1a: Golduck|66/290|[from] item: Leftovers\n|upkeep\n|\n|t:|1781412096\n|switch|p2a: Politoed|Politoed, L88, F|302/302\n|-activate|p2a: Politoed|move: Sticky Web\n|-unboost|p2a: Politoed|spe|1\n|-status|p2a: Politoed|psn\n|-weather|RainDance|[from] ability: Drizzle|[of] p2a: Politoed\n|turn|26\n|\n|t:|1781412103\n|switch|p2a: Sawsbuck|Sawsbuck, L88, M|284/284\n|-activate|p2a: Sawsbuck|move: Sticky Web\n|-unboost|p2a: Sawsbuck|spe|1\n|-status|p2a: Sawsbuck|psn\n|-activate|p1a: Golduck|confusion\n|move|p1a: Golduck|Grass Knot|p2a: Sawsbuck\n|-ability|p2a: Sawsbuck|Sap Sipper|boost\n|-boost|p2a: Sawsbuck|atk|1\n|\n|-weather|RainDance|[upkeep]\n|-heal|p1a: Golduck|84/290|[from] item: Leftovers\n|-damage|p2a: Sawsbuck|249/284 psn|[from] psn\n|upkeep\n|turn|27\n|\n|t:|1781412115\n|-end|p1a: Golduck|confusion\n|move|p1a: Golduck|Ice Beam|p2a: Sawsbuck\n|-supereffective|p2a: Sawsbuck\n|-damage|p2a: Sawsbuck|0 fnt\n|faint|p2a: Sawsbuck\n|\n|-weather|RainDance|[upkeep]\n|-heal|p1a: Golduck|102/290|[from] item: Leftovers\n|upkeep\n|\n|t:|1781412120\n|switch|p2a: Mabosstiff|Mabosstiff, L86, M|278/278\n|-activate|p2a: Mabosstiff|move: Sticky Web\n|-unboost|p2a: Mabosstiff|spe|1\n|-status|p2a: Mabosstiff|psn\n|turn|28\n|\n|t:|1781412125\n|move|p1a: Golduck|Grass Knot|p2a: Mabosstiff\n|-damage|p2a: Mabosstiff|130/278 psn\n|move|p2a: Mabosstiff|Wild Charge|p1a: Golduck\n|-supereffective|p1a: Golduck\n|-damage|p1a: Golduck|0 fnt\n|faint|p1a: Golduck\n|-damage|p2a: Mabosstiff|104/278 psn|[from] Recoil\n|\n|-weather|RainDance|[upkeep]\n|-damage|p2a: Mabosstiff|70/278 psn|[from] psn\n|upkeep\n|\n|t:|1781412131\n|switch|p1a: Cinccino|Cinccino, L83, M|260/260\n|turn|29\n|\n|t:|1781412141\n|move|p1a: Cinccino|U-turn|p2a: Mabosstiff\n|-supereffective|p2a: Mabosstiff\n|-damage|p2a: Mabosstiff|0 fnt\n|faint|p2a: Mabosstiff\n|\n|t:|1781412145\n|switch|p1a: Tatsugiri|Tatsugiri, L87, M|260/260|[from] U-turn\n|\n|-weather|RainDance|[upkeep]\n|upkeep\n|\n|t:|1781412148\n|switch|p2a: Politoed|Politoed, L88, F|302/302 psn\n|-activate|p2a: Politoed|move: Sticky Web\n|-unboost|p2a: Politoed|spe|1\n|turn|30\n|\n|t:|1781412152\n|move|p1a: Tatsugiri|Rapid Spin|p2a: Politoed\n|-damage|p2a: Politoed|274/302 psn\n|-boost|p1a: Tatsugiri|spe|1\n|move|p2a: Politoed|Hypnosis|p1a: Tatsugiri\n|-status|p1a: Tatsugiri|slp|[from] move: Hypnosis\n|\n|-weather|none\n|-damage|p2a: Politoed|237/302 psn|[from] psn\n|upkeep\n|turn|31\n|c|\u2606G1337n7|um\n|c|\u2606G1337n7|sleep even more?\n|\n|t:|1781412168\n|cant|p1a: Tatsugiri|slp\n|move|p2a: Politoed|Rest|p2a: Politoed\n|-status|p2a: Politoed|slp|[from] move: Rest\n|-heal|p2a: Politoed|302/302 slp|[silent]\n|-enditem|p2a: Politoed|Chesto Berry|[eat]\n|-curestatus|p2a: Politoed|slp|[msg]\n|\n|upkeep\n|turn|32\n|\n|t:|1781412174\n|cant|p1a: Tatsugiri|slp\n|move|p2a: Politoed|Ice Beam|p1a: Tatsugiri\n|-damage|p1a: Tatsugiri|200/260 slp\n|\n|upkeep\n|turn|33\n|\n|t:|1781412179\n|cant|p1a: Tatsugiri|slp\n|move|p2a: Politoed|Hypnosis|p1a: Tatsugiri\n|-fail|p1a: Tatsugiri|slp\n|\n|upkeep\n|turn|34\n|\n|t:|1781412184\n|-curestatus|p1a: Tatsugiri|slp|[msg]\n|move|p1a: Tatsugiri|Nasty Plot|p1a: Tatsugiri\n|-boost|p1a: Tatsugiri|spa|2\n|move|p2a: Politoed|Hypnosis|p1a: Tatsugiri\n|-status|p1a: Tatsugiri|slp|[from] move: Hypnosis\n|\n|upkeep\n|turn|35\n|c|\u2606G1337n7|night\n|c|\u2606G1337n7|time\n|\n|t:|1781412197\n|cant|p1a: Tatsugiri|slp\n|move|p2a: Politoed|Ice Beam|p1a: Tatsugiri\n|-damage|p1a: Tatsugiri|144/260 slp\n|\n|upkeep\n|turn|36\n|\n|t:|1781412206\n|cant|p1a: Tatsugiri|slp\n|move|p2a: Politoed|Ice Beam|p1a: Tatsugiri\n|-damage|p1a: Tatsugiri|88/260 slp\n|\n|upkeep\n|turn|37\n|\n|t:|1781412212\n|-curestatus|p1a: Tatsugiri|slp|[msg]\n|move|p1a: Tatsugiri|Draco Meteor|p2a: Politoed\n|-damage|p2a: Politoed|28/302\n|-unboost|p1a: Tatsugiri|spa|2\n|move|p2a: Politoed|Hypnosis|p1a: Tatsugiri\n|-status|p1a: Tatsugiri|slp|[from] move: Hypnosis\n|\n|upkeep\n|turn|38\n|c|\u2606G1337n7|sleep\n|\n|t:|1781412225\n|cant|p1a: Tatsugiri|slp\n|move|p2a: Politoed|Rest|p2a: Politoed\n|-status|p2a: Politoed|slp|[from] move: Rest\n|-heal|p2a: Politoed|302/302 slp|[silent]\n|\n|upkeep\n|turn|39\n|\n|t:|1781412233\n|cant|p1a: Tatsugiri|slp\n|cant|p2a: Politoed|slp\n|\n|upkeep\n|turn|40\n|c|\u2606G1337n7|sleep healthy\n|\n|t:|1781412243\n|switch|p1a: Cinccino|Cinccino, L83, M|260/260\n|cant|p2a: Politoed|slp\n|\n|upkeep\n|turn|41\n|\n|t:|1781412249\n|move|p1a: Cinccino|Bullet Seed|p2a: Politoed\n|-supereffective|p2a: Politoed\n|-damage|p2a: Politoed|240/302 slp\n|-supereffective|p2a: Politoed\n|-damage|p2a: Politoed|188/302 slp\n|-supereffective|p2a: Politoed\n|-damage|p2a: Politoed|130/302 slp\n|-supereffective|p2a: Politoed\n|-damage|p2a: Politoed|72/302 slp\n|-hitcount|p2a: Politoed|4\n|-curestatus|p2a: Politoed|slp|[msg]\n|move|p2a: Politoed|Surf|p1a: Cinccino\n|-damage|p1a: Cinccino|133/260\n|\n|upkeep\n|turn|42\n|\n|t:|1781412258\n|-terastallize|p2a: Politoed|Water\n|move|p1a: Cinccino|Bullet Seed|p2a: Politoed\n|-supereffective|p2a: Politoed\n|-damage|p2a: Politoed|14/302\n|-supereffective|p2a: Politoed\n|-damage|p2a: Politoed|0 fnt\n|faint|p2a: Politoed\n|-hitcount|p2: Politoed|2\n|\n|win|dhiwjw\n|raw|dhiwjw's rating: 1189 &rarr; <strong>1211</strong><br />(+22 for winning)\n|raw|G1337n7's rating: 1146 &rarr; <strong>1124</strong><br />(-22 for losing)\n|l|\u2606dhiwjw\n|player|p1|\n", "inputlog": ">version a8376a258c1d4662feba110a92103f3664a72141\n>start {\"formatid\":\"gen9randombattle\",\"seed\":\"sodium,b1576475c77388a046800fd49805ef91\",\"rated\":\"Rated battle\"}\n>player p1 {\"name\":\"dhiwjw\",\"avatar\":\"artist-gen4\",\"rating\":1189,\"seed\":\"sodium,9ec5bf0e21c9bd740a5a382a4806a909\"}\n>player p2 {\"name\":\"G1337n7\",\"avatar\":\"265\",\"rating\":1146,\"seed\":\"sodium,d83904bdba2abb1d21a3fcb68c3191bd\"}\n>p1 move stickyweb\n>p2 move sleeppowder\n>chat \u2606G1337n7|sleep\n>p1 move stickyweb\n>p2 move leechseed\n>p1 move stickyweb\n>p2 move sludgebomb\n>p1 move stickyweb\n>p2 move leechseed\n>chat \u2606G1337n7|sleep\n>p1 move toxicspikes\n>p2 move sleeppowder\n>chat \u2606G1337n7|night night\n>p1 move toxicspikes\n>p2 move substitute\n>p1 move uturn\n>p2 move sleeppowder\n>chat \u2606G1337n7|nightmare\n>p1 move uturn\n>p2 move sludgebomb\n>p1 switch 6\n>chat \u2606G1337n7|bedtime\n>p1 move substitute\n>p2 move sleeppowder\n>chat \u2606G1337n7|.\n>p1 move flamethrower\n>p2 move sludgebomb\n>p1 move substitute\n>p2 move sleeppowder\n>chat \u2606G1337n7|hmm\n>p1 move flamethrower\n>p2 move sludgebomb\n>p1 move flamethrower\n>p2 move sludgebomb\n>p2 switch 3\n>p1 move substitute\n>p2 move bodyslam\n>p1 move flamethrower\n>p2 move bodyslam\n>chat \u2606G1337n7|no\n>p1 move protect\n>p2 move bodyslam\n>p1 move flamethrower\n>p2 move bodyslam\n>chat \u2606G1337n7|no\n>p1 switch 5\n>p1 move nastyplot\n>p2 move rest\n>p1 move grassknot\n>p2 move sleeptalk\n>p1 move hydropump\n>p2 move sleeptalk\n>p1 move hydropump\n>p2 move sleeptalk\n>p1 move icebeam\n>p2 move bodyslam\n>p2 switch 2\n>p1 move icebeam\n>p2 move quiverdance\n>p1 move icebeam\n>p2 move roost\n>p1 move icebeam\n>p2 move hurricane\n>p2 switch 5\n>p1 move grassknot\n>p2 switch 4\n>p1 move icebeam\n>p2 move hornleech\n>p2 switch 6\n>p1 move grassknot\n>p2 move wildcharge\n>p1 switch 2\n>p1 move uturn\n>p2 move wildcharge\n>p1 switch 3\n>p2 switch 4\n>p1 move rapidspin\n>p2 move hypnosis\n>chat \u2606G1337n7|um\n>chat \u2606G1337n7|sleep even more?\n>p1 move nastyplot\n>p2 move rest\n>p1 move nastyplot\n>p2 move icebeam\n>p1 move nastyplot\n>p2 move hypnosis\n>p1 move nastyplot\n>p2 move hypnosis\n>chat \u2606G1337n7|night\n>chat \u2606G1337n7|time\n>p1 move dracometeor\n>p2 move icebeam\n>p1 move dracometeor\n>p2 move icebeam\n>p1 move dracometeor\n>p2 move hypnosis\n>chat \u2606G1337n7|sleep\n>p1 move rapidspin\n>p2 move rest\n>p1 move dracometeor\n>p2 move icebeam\n>chat \u2606G1337n7|sleep healthy\n>p1 switch 3\n>p2 move icebeam\n>p1 move bulletseed\n>p2 move surf\n>p1 move bulletseed\n>p2 move hypnosis terastallize", "uploadtime": 1781412264, "views": 6, "formatid": "gen9randombattle", "rating": 1124, "private": 0, "password": null}