{"id": "gen9randombattle-2631488737", "format": "[Gen 9] Random Battle", "players": ["quagapult", "Smart Gas"], "log": "|j|\u2606quagapult\n|j|\u2606Smart Gas\n|t:|1781391445\n|gametype|singles\n|player|p1|quagapult|170|1902\n|player|p2|Smart Gas|clavell-s|1983\n|gen|9\n|tier|[Gen 9] Random Battle\n|rated|\n|rule|Species Clause: Limit one of each Pok\u00e9mon\n|rule|HP Percentage Mod: HP is shown in percentages\n|rule|Sleep Clause Mod: Limit one foe put to sleep\n|rule|Illusion Level Mod: Illusion disguises the Pok\u00e9mon's true level\n|\n|t:|1781391445\n|teamsize|p1|6\n|teamsize|p2|6\n|start\n|switch|p1a: Seviper|Seviper, L93, F|287/287\n|switch|p2a: Gothitelle|Gothitelle, L90, F|272/272\n|turn|1\n|inactive|Battle timer is ON: inactive players will automatically lose when time's up. (requested by Smart Gas)\n|\n|t:|1781391471\n|switch|p2a: Samurott|Samurott, L88, F|310/310\n|move|p1a: Seviper|Gunk Shot|p2a: Samurott|[miss]\n|-miss|p1a: Seviper|p2a: Samurott\n|\n|upkeep\n|turn|2\n|\n|t:|1781391478\n|switch|p1a: Vileplume|Vileplume, L85, M|266/266\n|move|p2a: Samurott|Swords Dance|p2a: Samurott\n|-boost|p2a: Samurott|atk|2\n|\n|upkeep\n|turn|3\n|\n|t:|1781391487\n|move|p2a: Samurott|Megahorn|p1a: Vileplume\n|-damage|p1a: Vileplume|33/266\n|-damage|p2a: Samurott|279/310|[from] item: Life Orb\n|move|p1a: Vileplume|Strength Sap|p2a: Samurott\n|-unboost|p2a: Samurott|atk|1\n|-heal|p1a: Vileplume|266/266\n|\n|upkeep\n|turn|4\n|\n|t:|1781391499\n|switch|p2a: Gothitelle|Gothitelle, L90, F|272/272\n|move|p1a: Vileplume|Leech Seed|p2a: Gothitelle\n|-start|p2a: Gothitelle|move: Leech Seed\n|\n|-damage|p2a: Gothitelle|238/272|[from] Leech Seed|[of] p1a: Vileplume\n|upkeep\n|turn|5\n|\n|t:|1781391513\n|move|p2a: Gothitelle|Psychic Noise|p1a: Vileplume\n|-supereffective|p1a: Vileplume\n|-damage|p1a: Vileplume|102/266\n|-start|p1a: Vileplume|move: Heal Block\n|move|p1a: Vileplume|Sludge Bomb|p2a: Gothitelle\n|-damage|p2a: Gothitelle|147/272\n|\n|-heal|p2a: Gothitelle|164/272|[from] item: Leftovers\n|-damage|p2a: Gothitelle|130/272|[from] Leech Seed|[of] p1a: Vileplume\n|upkeep\n|turn|6\n|\n|t:|1781391524\n|move|p2a: Gothitelle|Psychic Noise|p1a: Vileplume\n|-supereffective|p1a: Vileplume\n|-damage|p1a: Vileplume|0 fnt\n|faint|p1a: Vileplume\n|\n|-heal|p2a: Gothitelle|147/272|[from] item: Leftovers\n|upkeep\n|\n|t:|1781391528\n|switch|p1a: Persian|Persian, L92, F|269/269\n|turn|7\n|\n|t:|1781391545\n|switch|p2a: Wo-Chien|Wo-Chien, L83|277/277\n|-ability|p2a: Wo-Chien|Tablets of Ruin\n|move|p1a: Persian|U-turn|p2a: Wo-Chien\n|-supereffective|p2a: Wo-Chien\n|-damage|p2a: Wo-Chien|93/277\n|\n|t:|1781391556\n|switch|p1a: Zapdos|Zapdos, L78|268/268|[from] U-turn\n|\n|-heal|p2a: Wo-Chien|110/277|[from] item: Leftovers\n|upkeep\n|turn|8\n|\n|t:|1781391569\n|switch|p2a: Gliscor|Gliscor, L76, M|239/239\n|move|p1a: Zapdos|U-turn|p2a: Gliscor\n|-resisted|p2a: Gliscor\n|-damage|p2a: Gliscor|222/239\n|\n|t:|1781391577\n|switch|p1a: Girafarig|Girafarig, L89, M|269/269|[from] U-turn\n|\n|-status|p2a: Gliscor|tox|[from] item: Toxic Orb\n|upkeep\n|turn|9\n|\n|t:|1781391583\n|move|p1a: Girafarig|Nasty Plot|p1a: Girafarig\n|-boost|p1a: Girafarig|spa|2\n|move|p2a: Gliscor|Knock Off|p1a: Girafarig\n|-supereffective|p1a: Girafarig\n|-damage|p1a: Girafarig|185/269\n|-enditem|p1a: Girafarig|Eviolite|[from] move: Knock Off|[of] p2a: Gliscor\n|\n|-heal|p2a: Gliscor|239/239 tox|[from] ability: Poison Heal\n|upkeep\n|turn|10\n|\n|t:|1781391592\n|switch|p2a: Wo-Chien|Wo-Chien, L83|110/277\n|-ability|p2a: Wo-Chien|Tablets of Ruin\n|move|p1a: Girafarig|Hyper Voice|p2a: Wo-Chien\n|-damage|p2a: Wo-Chien|0 fnt\n|faint|p2a: Wo-Chien\n|\n|upkeep\n|\n|t:|1781391600\n|switch|p2a: Samurott|Samurott, L88, F|279/310\n|turn|11\n|\n|t:|1781391611\n|move|p1a: Girafarig|Thunderbolt|p2a: Samurott\n|-supereffective|p2a: Samurott\n|-damage|p2a: Samurott|0 fnt\n|faint|p2a: Samurott\n|\n|upkeep\n|\n|t:|1781391615\n|switch|p2a: Hydreigon|Hydreigon, L79, M|275/275\n|turn|12\n|\n|t:|1781391621\n|move|p1a: Girafarig|Hyper Voice|p2a: Hydreigon\n|-damage|p2a: Hydreigon|70/275\n|move|p2a: Hydreigon|Dark Pulse|p1a: Girafarig\n|-supereffective|p1a: Girafarig\n|-damage|p1a: Girafarig|0 fnt\n|faint|p1a: Girafarig\n|-damage|p2a: Hydreigon|43/275|[from] item: Life Orb\n|\n|upkeep\n|\n|t:|1781391631\n|switch|p1a: Persian|Persian, L92, F|269/269\n|turn|13\n|\n|t:|1781391634\n|move|p1a: Persian|U-turn|p2a: Hydreigon\n|-supereffective|p2a: Hydreigon\n|-damage|p2a: Hydreigon|0 fnt\n|faint|p2a: Hydreigon\n|\n|t:|1781391639\n|switch|p1a: Zapdos|Zapdos, L78|268/268|[from] U-turn\n|\n|upkeep\n|\n|t:|1781391663\n|switch|p2a: Gliscor|Gliscor, L76, M|239/239 tox\n|turn|14\n|\n|t:|1781391677\n|move|p1a: Zapdos|U-turn|p2a: Gliscor\n|-resisted|p2a: Gliscor\n|-damage|p2a: Gliscor|222/239 tox\n|\n|t:|1781391680\n|switch|p1a: Seviper|Seviper, L93, F|287/287|[from] U-turn\n|move|p2a: Gliscor|Toxic Spikes|p1a: Seviper\n|-sidestart|p1: quagapult|move: Toxic Spikes\n|\n|-heal|p2a: Gliscor|239/239 tox|[from] ability: Poison Heal\n|upkeep\n|turn|15\n|\n|t:|1781391689\n|move|p1a: Seviper|Switcheroo|p2a: Gliscor\n|-activate|p1a: Seviper|move: Trick|[of] p2a: Gliscor\n|-item|p2a: Gliscor|Choice Scarf|[from] move: Switcheroo\n|-item|p1a: Seviper|Toxic Orb|[from] move: Switcheroo\n|move|p2a: Gliscor|Earthquake|p1a: Seviper\n|-supereffective|p1a: Seviper\n|-damage|p1a: Seviper|87/287\n|\n|upkeep\n|turn|16\n|-message|Smart Gas forfeited.\n|\n|win|quagapult\n|raw|quagapult's rating: 1902 &rarr; <strong>1927</strong><br />(+25 for winning)\n|raw|Smart Gas's rating: 1983 &rarr; <strong>1958</strong><br />(-25 for losing)\n", "inputlog": ">version a8376a258c1d4662feba110a92103f3664a72141\n>start {\"formatid\":\"gen9randombattle\",\"seed\":\"sodium,f977158626616a9dc432aa5f5f669902\",\"rated\":\"Rated battle\"}\n>player p1 {\"name\":\"quagapult\",\"avatar\":\"170\",\"rating\":1902,\"seed\":\"sodium,26c1cb4c70c94b5e31df617a6c9ade6a\"}\n>player p2 {\"name\":\"Smart Gas\",\"avatar\":\"clavell-s\",\"rating\":1983,\"seed\":\"sodium,ff166fcded50703944b9ee83693d3a6c\"}\n>p1 move gunkshot\n>p2 switch 2\n>p1 switch 4\n>p2 move swordsdance\n>p1 move strengthsap\n>p2 move megahorn\n>p1 move leechseed\n>p2 switch 2\n>p1 move sludgebomb\n>p2 move psychicnoise\n>p1 move sludgebomb\n>p2 move psychicnoise\n>p1 switch 2\n>p1 move uturn\n>p2 switch 4\n>p1 switch 6\n>p1 move uturn\n>p2 switch 5\n>p1 switch 3\n>p1 move nastyplot\n>p2 move knockoff\n>p1 move hypervoice\n>p2 switch 5\n>p2 switch 2\n>p1 move thunderbolt\n>p2 move megahorn\n>p2 switch 6\n>p1 move hypervoice\n>p2 move darkpulse\n>p1 switch 6\n>p1 move uturn\n>p2 move dracometeor\n>p1 switch 3\n>p2 switch 5\n>p1 move uturn\n>p2 move toxicspikes\n>p1 switch 4\n>p1 move switcheroo\n>p2 move earthquake\n>forcelose p2", "uploadtime": 1781391447, "views": 7, "formatid": "gen9randombattle", "rating": 1927, "private": 0, "password": null}