{"id": "gen9randombattle-2631797736", "format": "[Gen 9] Random Battle", "players": ["FireHowe", "vCreeze"], "log": "|j|\u2606FireHowe\n|j|\u2606vCreeze\n|t:|1781441166\n|gametype|singles\n|player|p1|FireHowe|giovanni|1983\n|player|p2|vCreeze|marnie-masters|2010\n|gen|9\n|tier|[Gen 9] Random Battle\n|rated|\n|rule|Species Clause: Limit one of each Pok\u00e9mon\n|rule|HP Percentage Mod: HP is shown in percentages\n|rule|Sleep Clause Mod: Limit one foe put to sleep\n|rule|Illusion Level Mod: Illusion disguises the Pok\u00e9mon's true level\n|\n|t:|1781441166\n|teamsize|p1|6\n|teamsize|p2|6\n|start\n|switch|p1a: Kyurem|Kyurem-White, L73|303/303\n|switch|p2a: Banette|Banette, L93, M|270/270\n|-ability|p1a: Kyurem|Turboblaze\n|turn|1\n|inactive|Battle timer is ON: inactive players will automatically lose when time's up. (requested by FireHowe)\n|\n|t:|1781441184\n|switch|p1a: Bastiodon|Bastiodon, L89, F|252/252\n|switch|p2a: Alcremie|Alcremie-Salted-Cream, L90, F|263/263\n|\n|upkeep\n|turn|2\n|\n|t:|1781441195\n|switch|p2a: Empoleon|Empoleon, L84, M|278/278\n|move|p1a: Bastiodon|Iron Defense|p1a: Bastiodon\n|-boost|p1a: Bastiodon|def|2\n|\n|upkeep\n|turn|3\n|\n|t:|1781441200\n|move|p2a: Empoleon|Surf|p1a: Bastiodon\n|-supereffective|p1a: Bastiodon\n|-damage|p1a: Bastiodon|118/252\n|move|p1a: Bastiodon|Body Press|p2a: Empoleon\n|-supereffective|p2a: Empoleon\n|-damage|p2a: Empoleon|0 fnt\n|faint|p2a: Empoleon\n|\n|upkeep\n|\n|t:|1781441207\n|switch|p2a: Heracross|Heracross, L80, F|259/259\n|turn|4\n|inactive|FireHowe has 120 seconds left.\n|\n|t:|1781441240\n|move|p2a: Heracross|Close Combat|p1a: Bastiodon\n|-supereffective|p1a: Bastiodon\n|-damage|p1a: Bastiodon|0 fnt\n|-unboost|p2a: Heracross|def|1\n|-unboost|p2a: Heracross|spd|1\n|faint|p1a: Bastiodon\n|-ability|p2a: Heracross|Moxie|boost\n|-boost|p2a: Heracross|atk|1\n|\n|upkeep\n|inactive|FireHowe has 120 seconds left.\n|\n|t:|1781441245\n|switch|p1a: Ribombee|Ribombee, L83, M|235/235\n|turn|5\n|\n|t:|1781441254\n|switch|p2a: Excadrill|Excadrill, L79, F|303/303\n|-ability|p2a: Excadrill|Mold Breaker\n|move|p1a: Ribombee|Sticky Web|p2a: Excadrill\n|-sidestart|p2: vCreeze|move: Sticky Web\n|\n|upkeep\n|turn|6\n|\n|t:|1781441264\n|switch|p1a: Alomomola|Alomomola, L87, F|429/429\n|move|p2a: Excadrill|Rapid Spin|p1a: Alomomola\n|-damage|p1a: Alomomola|389/429\n|-boost|p2a: Excadrill|spe|1\n|-sideend|p2: vCreeze|Sticky Web|[from] move: Rapid Spin|[of] p2a: Excadrill\n|\n|-heal|p1a: Alomomola|415/429|[from] item: Leftovers\n|upkeep\n|turn|7\n|\n|t:|1781441273\n|switch|p2a: Alcremie|Alcremie-Salted-Cream, L90, F|263/263\n|move|p1a: Alomomola|Scald|p2a: Alcremie\n|-damage|p2a: Alcremie|223/263\n|-status|p2a: Alcremie|brn\n|\n|-heal|p2a: Alcremie|239/263 brn|[from] item: Leftovers\n|-heal|p1a: Alomomola|429/429|[from] item: Leftovers\n|-damage|p2a: Alcremie|223/263 brn|[from] brn\n|upkeep\n|turn|8\n|\n|t:|1781441281\n|move|p2a: Alcremie|Calm Mind|p2a: Alcremie\n|-boost|p2a: Alcremie|spa|1\n|-boost|p2a: Alcremie|spd|1\n|move|p1a: Alomomola|Flip Turn|p2a: Alcremie\n|-damage|p2a: Alcremie|168/263 brn\n|\n|t:|1781441291\n|switch|p1a: Rhydon|Rhydon, L85, M|317/317|[from] Flip Turn\n|\n|-heal|p2a: Alcremie|184/263 brn|[from] item: Leftovers\n|-damage|p2a: Alcremie|168/263 brn|[from] brn\n|upkeep\n|turn|9\n|\n|t:|1781441299\n|move|p2a: Alcremie|Alluring Voice|p1a: Rhydon\n|-damage|p1a: Rhydon|157/317\n|move|p1a: Rhydon|Earthquake|p2a: Alcremie\n|-damage|p2a: Alcremie|33/263 brn\n|\n|-heal|p2a: Alcremie|49/263 brn|[from] item: Leftovers\n|-damage|p2a: Alcremie|33/263 brn|[from] brn\n|upkeep\n|turn|10\n|\n|t:|1781441310\n|move|p2a: Alcremie|Alluring Voice|p1a: Rhydon\n|-damage|p1a: Rhydon|0 fnt\n|faint|p1a: Rhydon\n|\n|-heal|p2a: Alcremie|49/263 brn|[from] item: Leftovers\n|-damage|p2a: Alcremie|33/263 brn|[from] brn\n|upkeep\n|\n|t:|1781441317\n|switch|p1a: Lanturn|Lanturn, L89, M|367/367\n|turn|11\n|\n|t:|1781441327\n|switch|p2a: Banette|Banette, L93, M|270/270\n|move|p1a: Lanturn|Thunderbolt|p2a: Banette\n|-damage|p2a: Banette|164/270\n|\n|upkeep\n|turn|12\n|\n|t:|1781441337\n|move|p2a: Banette|Swords Dance|p2a: Banette\n|-boost|p2a: Banette|atk|2\n|move|p1a: Lanturn|Scald|p2a: Banette\n|-damage|p2a: Banette|77/270\n|\n|upkeep\n|turn|13\n|\n|t:|1781441351\n|move|p2a: Banette|Poltergeist|p1a: Lanturn\n|-activate|p1a: Lanturn|move: Poltergeist|Leftovers\n|-damage|p1a: Lanturn|0 fnt\n|faint|p1a: Lanturn\n|-damage|p2a: Banette|50/270|[from] item: Life Orb\n|\n|upkeep\n|\n|t:|1781441366\n|switch|p1a: Kyurem|Kyurem-White, L73|303/303\n|-ability|p1a: Kyurem|Turboblaze\n|turn|14\n|\n|t:|1781441378\n|move|p2a: Banette|Shadow Sneak|p1a: Kyurem\n|-damage|p1a: Kyurem|135/303\n|-damage|p2a: Banette|23/270|[from] item: Life Orb\n|move|p1a: Kyurem|Fusion Flare|p2a: Banette\n|-damage|p2a: Banette|0 fnt\n|faint|p2a: Banette\n|\n|upkeep\n|\n|t:|1781441386\n|switch|p2a: Heracross|Heracross, L80, F|259/259\n|turn|15\n|\n|t:|1781441393\n|switch|p1a: Ribombee|Ribombee, L83, M|235/235\n|move|p2a: Heracross|Stone Edge|p1a: Ribombee\n|-supereffective|p1a: Ribombee\n|-damage|p1a: Ribombee|35/235\n|\n|upkeep\n|turn|16\n|\n|t:|1781441402\n|move|p2a: Heracross|Stone Edge|p1a: Ribombee|[miss]\n|-miss|p2a: Heracross|p1a: Ribombee\n|move|p1a: Ribombee|Moonblast|p2a: Heracross\n|-supereffective|p2a: Heracross\n|-damage|p2a: Heracross|71/259\n|-unboost|p2a: Heracross|spa|1\n|\n|upkeep\n|turn|17\n|\n|t:|1781441416\n|switch|p2a: Excadrill|Excadrill, L79, F|303/303\n|-ability|p2a: Excadrill|Mold Breaker\n|move|p1a: Ribombee|Moonblast|p2a: Excadrill\n|-resisted|p2a: Excadrill\n|-damage|p2a: Excadrill|240/303\n|-unboost|p2a: Excadrill|spa|1\n|\n|-heal|p2a: Excadrill|258/303|[from] item: Leftovers\n|upkeep\n|turn|18\n|\n|t:|1781441425\n|move|p1a: Ribombee|Stun Spore|p2a: Excadrill|[miss]\n|-miss|p1a: Ribombee|p2a: Excadrill\n|move|p2a: Excadrill|Swords Dance|p2a: Excadrill\n|-boost|p2a: Excadrill|atk|2\n|\n|-heal|p2a: Excadrill|276/303|[from] item: Leftovers\n|upkeep\n|turn|19\n|\n|t:|1781441429\n|move|p1a: Ribombee|Stun Spore|p2a: Excadrill|[miss]\n|-miss|p1a: Ribombee|p2a: Excadrill\n|move|p2a: Excadrill|Iron Head|p1a: Ribombee\n|-supereffective|p1a: Ribombee\n|-damage|p1a: Ribombee|0 fnt\n|faint|p1a: Ribombee\n|\n|-heal|p2a: Excadrill|294/303|[from] item: Leftovers\n|upkeep\n|\n|t:|1781441436\n|switch|p1a: Alomomola|Alomomola, L87, F|429/429\n|turn|20\n|\n|t:|1781441441\n|move|p2a: Excadrill|Earthquake|p1a: Alomomola\n|-damage|p1a: Alomomola|192/429\n|move|p1a: Alomomola|Scald|p2a: Excadrill\n|-supereffective|p2a: Excadrill\n|-damage|p2a: Excadrill|156/303\n|\n|-heal|p2a: Excadrill|174/303|[from] item: Leftovers\n|-heal|p1a: Alomomola|218/429|[from] item: Leftovers\n|upkeep\n|turn|21\n|\n|t:|1781441447\n|move|p1a: Alomomola|Protect|p1a: Alomomola\n|-singleturn|p1a: Alomomola|Protect\n|move|p2a: Excadrill|Earthquake|p1a: Alomomola\n|-activate|p1a: Alomomola|move: Protect\n|\n|-heal|p2a: Excadrill|192/303|[from] item: Leftovers\n|-heal|p1a: Alomomola|244/429|[from] item: Leftovers\n|upkeep\n|turn|22\n|\n|t:|1781441451\n|move|p2a: Excadrill|Earthquake|p1a: Alomomola\n|-damage|p1a: Alomomola|0 fnt\n|faint|p1a: Alomomola\n|\n|-heal|p2a: Excadrill|210/303|[from] item: Leftovers\n|upkeep\n|\n|t:|1781441455\n|switch|p1a: Kyurem|Kyurem-White, L73|135/303\n|-ability|p1a: Kyurem|Turboblaze\n|turn|23\n|\n|t:|1781441458\n|move|p1a: Kyurem|Fusion Flare|p2a: Excadrill\n|-supereffective|p2a: Excadrill\n|-damage|p2a: Excadrill|0 fnt\n|faint|p2a: Excadrill\n|\n|upkeep\n|\n|t:|1781441477\n|switch|p2a: Heracross|Heracross, L80, F|71/259\n|turn|24\n|\n|t:|1781441482\n|-terastallize|p1a: Kyurem|Dragon\n|move|p2a: Heracross|Close Combat|p1a: Kyurem\n|-damage|p1a: Kyurem|0 fnt\n|-unboost|p2a: Heracross|def|1\n|-unboost|p2a: Heracross|spd|1\n|faint|p1a: Kyurem\n|\n|win|vCreeze\n", "inputlog": ">version a8376a258c1d4662feba110a92103f3664a72141\n>start {\"formatid\":\"gen9randombattle\",\"seed\":\"sodium,88f81f0773a15794e6c1fb08cc10f654\",\"rated\":\"Rated battle\"}\n>player p1 {\"name\":\"FireHowe\",\"avatar\":\"giovanni\",\"rating\":1983,\"seed\":\"sodium,0c5f7aa6b5985b5bcbdb2b599c57c929\"}\n>player p2 {\"name\":\"vCreeze\",\"avatar\":\"marnie-masters\",\"rating\":2010,\"seed\":\"sodium,00326e9d89b803bfa2165d007ac1e099\"}\n>p1 switch 3\n>p2 switch 3\n>p1 move irondefense\n>p2 switch 2\n>p1 move bodypress\n>p2 move surf\n>p2 switch 5\n>p1 move bodypress\n>p2 move closecombat\n>p1 switch 5\n>p1 move stickyweb\n>p2 switch 6\n>p1 switch 4\n>p2 move rapidspin\n>p1 move scald\n>p2 switch 2\n>p1 move flipturn\n>p2 move calmmind\n>p1 switch 6\n>p1 move earthquake\n>p2 move alluringvoice\n>p1 move earthquake\n>p2 move alluringvoice\n>p1 switch 2\n>p1 move thunderbolt\n>p2 switch 3\n>p1 move scald\n>p2 move swordsdance\n>p1 move scald\n>p2 move poltergeist\n>p1 switch 3\n>p1 move fusionflare\n>p2 move shadowsneak\n>p2 switch 6\n>p1 switch 4\n>p2 move stoneedge\n>p1 move moonblast\n>p2 move stoneedge\n>p1 move moonblast\n>p2 switch 2\n>p1 move stunspore\n>p2 move swordsdance\n>p1 move stunspore\n>p2 move ironhead\n>p1 switch 6\n>p1 move scald\n>p2 move earthquake\n>p1 move protect\n>p2 move earthquake\n>p1 move scald\n>p2 move earthquake\n>p1 switch 4\n>p1 move fusionflare\n>p2 move earthquake\n>p2 switch 2\n>p1 move fusionflare terastallize\n>p2 move closecombat", "uploadtime": 1781441168, "views": 5, "formatid": "gen9randombattle", "rating": null, "private": 0, "password": null}