{"id": "gen9randombattle-2631731222", "format": "[Gen 9] Random Battle", "players": ["PotatoeOfLife", "Matuidi14"], "log": "|j|\u2606PotatoeOfLife\n|j|\u2606Matuidi14\n|t:|1781430209\n|gametype|singles\n|player|p1|PotatoeOfLife|pokemonbreeder-gen4|1967\n|player|p2|Matuidi14|clown|2189\n|gen|9\n|tier|[Gen 9] Random Battle\n|rated|\n|rule|Species Clause: Limit one of each Pok\u00e9mon\n|rule|HP Percentage Mod: HP is shown in percentages\n|rule|Sleep Clause Mod: Limit one foe put to sleep\n|rule|Illusion Level Mod: Illusion disguises the Pok\u00e9mon's true level\n|\n|t:|1781430209\n|teamsize|p1|6\n|teamsize|p2|6\n|start\n|switch|p1a: Alcremie|Alcremie-Rainbow-Swirl, L90, F|263/263\n|switch|p2a: Blastoise|Blastoise, L80, F|258/258\n|turn|1\n|inactive|Battle timer is ON: inactive players will automatically lose when time's up. (requested by PotatoeOfLife)\n|\n|t:|1781430235\n|switch|p2a: Iron Crown|Iron Crown, L78|268/268\n|move|p1a: Alcremie|Alluring Voice|p2a: Iron Crown\n|-resisted|p2a: Iron Crown\n|-damage|p2a: Iron Crown|220/268\n|\n|-heal|p2a: Iron Crown|236/268|[from] item: Leftovers\n|upkeep\n|turn|2\n|\n|t:|1781430241\n|switch|p1a: Swanna|Swanna, L89, M|278/278\n|move|p2a: Iron Crown|Calm Mind|p2a: Iron Crown\n|-boost|p2a: Iron Crown|spa|1\n|-boost|p2a: Iron Crown|spd|1\n|\n|-heal|p2a: Iron Crown|252/268|[from] item: Leftovers\n|upkeep\n|turn|3\n|\n|t:|1781430256\n|move|p1a: Swanna|Brave Bird|p2a: Iron Crown\n|-resisted|p2a: Iron Crown\n|-damage|p2a: Iron Crown|185/268\n|-damage|p1a: Swanna|256/278|[from] Recoil\n|move|p2a: Iron Crown|Psyshock|p1a: Swanna\n|-damage|p1a: Swanna|102/278\n|\n|-heal|p2a: Iron Crown|201/268|[from] item: Leftovers\n|upkeep\n|turn|4\n|\n|t:|1781430264\n|switch|p1a: Decidueye|Decidueye, L88, F|281/281\n|move|p2a: Iron Crown|Psyshock|p1a: Decidueye\n|-damage|p1a: Decidueye|133/281\n|\n|-heal|p2a: Iron Crown|217/268|[from] item: Leftovers\n|upkeep\n|turn|5\n|\n|t:|1781430268\n|move|p2a: Iron Crown|Psyshock|p1a: Decidueye\n|-damage|p1a: Decidueye|0 fnt\n|faint|p1a: Decidueye\n|\n|-heal|p2a: Iron Crown|233/268|[from] item: Leftovers\n|upkeep\n|\n|t:|1781430273\n|switch|p1a: Palafin|Palafin, L77, F|281/281\n|turn|6\n|\n|t:|1781430280\n|move|p1a: Palafin|Flip Turn|p2a: Iron Crown\n|-damage|p2a: Iron Crown|175/268\n|\n|t:|1781430294\n|detailschange|p1a: Palafin|Palafin-Hero, L77, F\n|switch|p1a: Mimikyu|Mimikyu, L79, F|216/216|[from] Flip Turn\n|move|p2a: Iron Crown|Psyshock|p1a: Mimikyu\n|-activate|p1a: Mimikyu|ability: Disguise\n|-damage|p1a: Mimikyu|216/216\n|detailschange|p1a: Mimikyu|Mimikyu-Busted, L79, F\n|-damage|p1a: Mimikyu|189/216|[from] pokemon: Mimikyu-Busted\n|\n|-heal|p2a: Iron Crown|191/268|[from] item: Leftovers\n|upkeep\n|turn|7\n|\n|t:|1781430299\n|move|p1a: Mimikyu|Shadow Sneak|p2a: Iron Crown\n|-supereffective|p2a: Iron Crown\n|-damage|p2a: Iron Crown|95/268\n|-damage|p1a: Mimikyu|168/216|[from] item: Life Orb\n|move|p2a: Iron Crown|Tachyon Cutter|p1a: Mimikyu\n|-supereffective|p1a: Mimikyu\n|-damage|p1a: Mimikyu|18/216\n|-supereffective|p1a: Mimikyu\n|-damage|p1a: Mimikyu|0 fnt\n|faint|p1a: Mimikyu\n|-hitcount|p1: Mimikyu|2\n|\n|-heal|p2a: Iron Crown|111/268|[from] item: Leftovers\n|upkeep\n|\n|t:|1781430303\n|switch|p1a: Palafin|Palafin-Hero, L77, F|281/281\n|-activate|p1a: Palafin|ability: Zero to Hero\n|turn|8\n|\n|t:|1781430308\n|-end|p2a: Iron Crown|Quark Drive|[silent]\n|switch|p2a: Blastoise|Blastoise, L80, F|258/258\n|move|p1a: Palafin|Wave Crash|p2a: Blastoise\n|-resisted|p2a: Blastoise\n|-damage|p2a: Blastoise|138/258\n|-damage|p1a: Palafin|241/281|[from] Recoil\n|\n|upkeep\n|turn|9\n|\n|t:|1781430314\n|-terastallize|p1a: Palafin|Water\n|move|p1a: Palafin|Wave Crash|p2a: Blastoise\n|-resisted|p2a: Blastoise\n|-damage|p2a: Blastoise|0 fnt\n|faint|p2a: Blastoise\n|-damage|p1a: Palafin|195/281|[from] Recoil\n|\n|upkeep\n|\n|t:|1781430318\n|switch|p2a: Plusle|Plusle, L95, F|268/268\n|turn|10\n|\n|t:|1781430321\n|switch|p1a: Alcremie|Alcremie-Rainbow-Swirl, L90, F|263/263\n|move|p2a: Plusle|Thunderbolt|p1a: Alcremie\n|-damage|p1a: Alcremie|166/263\n|-damage|p2a: Plusle|242/268|[from] item: Life Orb\n|\n|-heal|p1a: Alcremie|182/263|[from] item: Leftovers\n|upkeep\n|turn|11\n|\n|t:|1781430341\n|switch|p2a: Iron Crown|Iron Crown, L78|111/268\n|move|p1a: Alcremie|Alluring Voice|p2a: Iron Crown\n|-resisted|p2a: Iron Crown\n|-crit|p2a: Iron Crown\n|-damage|p2a: Iron Crown|37/268\n|\n|-heal|p2a: Iron Crown|53/268|[from] item: Leftovers\n|-heal|p1a: Alcremie|198/263|[from] item: Leftovers\n|upkeep\n|turn|12\n|\n|t:|1781430346\n|move|p2a: Iron Crown|Tachyon Cutter|p1a: Alcremie\n|-supereffective|p1a: Alcremie\n|-damage|p1a: Alcremie|114/263\n|-supereffective|p1a: Alcremie\n|-damage|p1a: Alcremie|30/263\n|-hitcount|p1a: Alcremie|2\n|move|p1a: Alcremie|Alluring Voice|p2a: Iron Crown\n|-resisted|p2a: Iron Crown\n|-damage|p2a: Iron Crown|0 fnt\n|faint|p2a: Iron Crown\n|-end|p2a: Iron Crown|Quark Drive|[silent]\n|\n|-heal|p1a: Alcremie|46/263|[from] item: Leftovers\n|upkeep\n|\n|t:|1781430354\n|switch|p2a: Plusle|Plusle, L95, F|242/268\n|turn|13\n|\n|t:|1781430358\n|move|p2a: Plusle|Thunderbolt|p1a: Alcremie\n|-damage|p1a: Alcremie|0 fnt\n|faint|p1a: Alcremie\n|-damage|p2a: Plusle|216/268|[from] item: Life Orb\n|\n|upkeep\n|\n|t:|1781430368\n|switch|p1a: Palafin|Palafin-Hero, L77, F, tera:Water|195/281\n|turn|14\n|\n|t:|1781430378\n|-terastallize|p2a: Plusle|Grass\n|move|p1a: Palafin|Jet Punch|p2a: Plusle\n|-resisted|p2a: Plusle\n|-damage|p2a: Plusle|88/268\n|move|p2a: Plusle|Thunderbolt|p1a: Palafin\n|-supereffective|p1a: Palafin\n|-damage|p1a: Palafin|0 fnt\n|faint|p1a: Palafin\n|-damage|p2a: Plusle|62/268|[from] item: Life Orb\n|\n|upkeep\n|\n|t:|1781430382\n|switch|p1a: Articuno|Articuno-Galar, L84|288/288\n|turn|15\n|\n|t:|1781430385\n|move|p2a: Plusle|Thunderbolt|p1a: Articuno\n|-supereffective|p1a: Articuno\n|-damage|p1a: Articuno|20/288\n|-damage|p2a: Plusle|36/268|[from] item: Life Orb\n|move|p1a: Articuno|Freezing Glare|p2a: Plusle\n|-damage|p2a: Plusle|0 fnt\n|faint|p2a: Plusle\n|\n|upkeep\n|\n|t:|1781430391\n|switch|p2a: Mienshao|Mienshao, L83, F|243/243\n|turn|16\n|\n|t:|1781430394\n|move|p2a: Mienshao|Knock Off|p1a: Articuno\n|-supereffective|p1a: Articuno\n|-damage|p1a: Articuno|0 fnt\n|-enditem|p1a: Articuno|Heavy-Duty Boots|[from] move: Knock Off|[of] p2a: Mienshao\n|faint|p1a: Articuno\n|\n|upkeep\n|\n|t:|1781430396\n|switch|p1a: Swanna|Swanna, L89, M|102/278\n|turn|17\n|\n|t:|1781430398\n|move|p1a: Swanna|Brave Bird|p2a: Mienshao\n|-supereffective|p2a: Mienshao\n|-damage|p2a: Mienshao|0 fnt\n|faint|p2a: Mienshao\n|-damage|p1a: Swanna|22/278|[from] Recoil\n|\n|upkeep\n|\n|t:|1781430402\n|switch|p2a: Dusknoir|Dusknoir, L89, F|225/225\n|-item|p1a: Swanna|Heavy-Duty Boots|[from] ability: Frisk|[of] p2a: Dusknoir\n|turn|18\n|\n|t:|1781430406\n|move|p1a: Swanna|Roost|p1a: Swanna\n|-heal|p1a: Swanna|161/278\n|-singleturn|p1a: Swanna|move: Roost\n|move|p2a: Dusknoir|Poltergeist|p1a: Swanna\n|-activate|p1a: Swanna|move: Poltergeist|Heavy-Duty Boots\n|-damage|p1a: Swanna|0 fnt\n|faint|p1a: Swanna\n|\n|win|Matuidi14\n", "inputlog": ">version a8376a258c1d4662feba110a92103f3664a72141\n>start {\"formatid\":\"gen9randombattle\",\"seed\":\"sodium,890331999a8f421a8ecfc9173ce8c443\",\"rated\":\"Rated battle\"}\n>player p1 {\"name\":\"PotatoeOfLife\",\"avatar\":\"pokemonbreeder-gen4\",\"rating\":1967,\"seed\":\"sodium,b68520c67e5d97b29d1bcbd79a199e18\"}\n>player p2 {\"name\":\"Matuidi14\",\"avatar\":\"clown\",\"rating\":2189,\"seed\":\"sodium,d1b2b74562175cb78e6136a8404d8843\"}\n>p1 move alluringvoice\n>p2 switch 6\n>p1 switch 3\n>p2 move calmmind\n>p1 move bravebird\n>p2 move psyshock\n>p1 switch 6\n>p2 move psyshock\n>p1 move knockoff\n>p2 move psyshock\n>p1 switch 4\n>p1 move flipturn\n>p2 move psyshock\n>p1 switch 2\n>p1 move shadowsneak\n>p2 move tachyoncutter\n>p1 switch 2\n>p1 move wavecrash\n>p2 switch 6\n>p1 move wavecrash terastallize\n>p2 move shellsmash\n>p2 switch 3\n>p1 switch 3\n>p2 move thunderbolt\n>p1 move alluringvoice\n>p2 switch 6\n>p1 move alluringvoice\n>p2 move tachyoncutter\n>p2 switch 6\n>p1 move alluringvoice\n>p2 move thunderbolt\n>p1 switch 3\n>p1 move jetpunch\n>p2 move thunderbolt terastallize\n>p1 switch 5\n>p1 move freezingglare\n>p2 move thunderbolt\n>p2 switch 5\n>p1 move hurricane\n>p2 move knockoff\n>p1 switch 6\n>p1 move bravebird\n>p2 move knockoff\n>p2 switch 2\n>p1 move roost\n>p2 move poltergeist", "uploadtime": 1781430210, "views": 5, "formatid": "gen9randombattle", "rating": null, "private": 0, "password": null}