{"id": "gen9randombattle-2631744181", "format": "[Gen 9] Random Battle", "players": ["Matuidi14", "hamni82"], "log": "|j|\u2606Matuidi14\n|j|\u2606hamni82\n|t:|1781432531\n|gametype|singles\n|player|p1|Matuidi14|clown|2214\n|player|p2|hamni82|169|2197\n|gen|9\n|tier|[Gen 9] Random Battle\n|rated|\n|rule|Species Clause: Limit one of each Pok\u00e9mon\n|rule|HP Percentage Mod: HP is shown in percentages\n|rule|Sleep Clause Mod: Limit one foe put to sleep\n|rule|Illusion Level Mod: Illusion disguises the Pok\u00e9mon's true level\n|\n|t:|1781432531\n|teamsize|p1|6\n|teamsize|p2|6\n|start\n|switch|p1a: Wugtrio|Wugtrio, L91, M|212/212\n|switch|p2a: Espeon|Espeon, L84, F|246/246\n|turn|1\n|inactive|Battle timer is ON: inactive players will automatically lose when time's up. (requested by Matuidi14)\n|\n|t:|1781432553\n|switch|p2a: Empoleon|Empoleon, L84, M|278/278\n|move|p1a: Wugtrio|Throat Chop|p2a: Empoleon\n|-damage|p2a: Empoleon|179/278\n|-start|p2a: Empoleon|Throat Chop|[silent]\n|\n|-heal|p2a: Empoleon|196/278|[from] item: Leftovers\n|upkeep\n|turn|2\n|\n|t:|1781432563\n|switch|p1a: Thundurus|Thundurus, L80, M|258/258\n|move|p2a: Empoleon|Surf|p1a: Thundurus\n|-damage|p1a: Thundurus|129/258\n|\n|-heal|p2a: Empoleon|213/278|[from] item: Leftovers\n|-end|p2a: Empoleon|Throat Chop|[silent]\n|upkeep\n|turn|3\n|\n|t:|1781432572\n|switch|p2a: Toxtricity|Toxtricity, L82, M|257/257\n|move|p1a: Thundurus|U-turn|p2a: Toxtricity\n|-resisted|p2a: Toxtricity\n|-damage|p2a: Toxtricity|223/257\n|\n|t:|1781432587\n|switch|p1a: Dugtrio|Dugtrio-Alola, L84, F|196/196|[from] U-turn\n|\n|upkeep\n|turn|4\n|inactive|hamni82 has 120 seconds left.\n|\n|t:|1781432647\n|switch|p2a: Empoleon|Empoleon, L84, M|213/278\n|move|p1a: Dugtrio|Earthquake|p2a: Empoleon\n|-supereffective|p2a: Empoleon\n|-damage|p2a: Empoleon|0 fnt\n|faint|p2a: Empoleon\n|-damage|p1a: Dugtrio|177/196|[from] item: Life Orb\n|\n|upkeep\n|inactive|hamni82 has 90 seconds left.\n|\n|t:|1781432664\n|switch|p2a: Haxorus|Haxorus, L77, F|244/244\n|-ability|p2a: Haxorus|Mold Breaker\n|turn|5\n|inactive|hamni82 has 90 seconds left.\n|inactive|Matuidi14 has 120 seconds left.\n|inactive|Matuidi14 has 90 seconds left.\n|\n|t:|1781432750\n|switch|p1a: Swalot|Swalot, L90, M|326/326\n|move|p2a: Haxorus|Earthquake|p1a: Swalot\n|-supereffective|p1a: Swalot\n|-damage|p1a: Swalot|174/326\n|\n|-heal|p1a: Swalot|194/326|[from] item: Leftovers\n|upkeep\n|turn|6\n|inactive|hamni82 has 90 seconds left.\n|\n|t:|1781432777\n|move|p2a: Haxorus|Swords Dance|p2a: Haxorus\n|-boost|p2a: Haxorus|atk|2\n|move|p1a: Swalot|Gunk Shot|p2a: Haxorus|[miss]\n|-miss|p1a: Swalot|p2a: Haxorus\n|\n|-heal|p1a: Swalot|214/326|[from] item: Leftovers\n|upkeep\n|turn|7\n|\n|t:|1781432783\n|move|p2a: Haxorus|Scale Shot|p1a: Swalot\n|-damage|p1a: Swalot|153/326\n|-damage|p1a: Swalot|90/326\n|-damage|p1a: Swalot|33/326\n|-crit|p1a: Swalot\n|-damage|p1a: Swalot|0 fnt\n|faint|p1a: Swalot\n|-hitcount|p1: Swalot|4\n|-unboost|p2a: Haxorus|def|1\n|-boost|p2a: Haxorus|spe|1\n|\n|upkeep\n|\n|t:|1781432787\n|switch|p1a: Brute Bonnet|Brute Bonnet, L80|309/309\n|turn|8\n|inactive|hamni82 has 90 seconds left.\n|\n|t:|1781432797\n|-terastallize|p1a: Brute Bonnet|Poison\n|move|p2a: Haxorus|Scale Shot|p1a: Brute Bonnet\n|-damage|p1a: Brute Bonnet|245/309\n|-damage|p1a: Brute Bonnet|181/309\n|-damage|p1a: Brute Bonnet|126/309\n|-damage|p1a: Brute Bonnet|66/309\n|-damage|p1a: Brute Bonnet|6/309\n|-hitcount|p1a: Brute Bonnet|5\n|-unboost|p2a: Haxorus|def|1\n|-boost|p2a: Haxorus|spe|1\n|move|p1a: Brute Bonnet|Spore|p2a: Haxorus\n|-status|p2a: Haxorus|slp|[from] move: Spore\n|\n|-heal|p1a: Brute Bonnet|25/309|[from] item: Leftovers\n|upkeep\n|turn|9\n|inactive|Matuidi14 has 90 seconds left.\n|inactive|hamni82 has 90 seconds left.\n|\n|t:|1781432816\n|switch|p2a: Bisharp|Bisharp, L79, F|232/232\n|move|p1a: Brute Bonnet|Crunch|p2a: Bisharp\n|-resisted|p2a: Bisharp\n|-damage|p2a: Bisharp|199/232\n|\n|-heal|p1a: Brute Bonnet|44/309|[from] item: Leftovers\n|upkeep\n|turn|10\n|inactive|hamni82 has 90 seconds left.\n|\n|t:|1781432825\n|-end|p1a: Brute Bonnet|Protosynthesis|[silent]\n|switch|p1a: Hitmonlee|Hitmonlee, L85, M|224/224\n|move|p2a: Bisharp|Throat Chop|p1a: Hitmonlee\n|-resisted|p1a: Hitmonlee\n|-damage|p1a: Hitmonlee|161/224\n|-start|p1a: Hitmonlee|Throat Chop|[silent]\n|\n|upkeep\n|turn|11\n|inactive|Matuidi14 has 90 seconds left.\n|inactive|hamni82 has 90 seconds left.\n|\n|t:|1781432856\n|-terastallize|p2a: Bisharp|Ghost\n|move|p1a: Hitmonlee|Close Combat|p2a: Bisharp\n|-immune|p2a: Bisharp\n|move|p2a: Bisharp|Iron Head|p1a: Hitmonlee\n|-damage|p1a: Hitmonlee|34/224\n|\n|-end|p1a: Hitmonlee|Throat Chop|[silent]\n|upkeep\n|turn|12\n|\n|t:|1781432863\n|move|p2a: Bisharp|Sucker Punch||[still]\n|-fail|p2a: Bisharp\n|move|p1a: Hitmonlee|Swords Dance|p1a: Hitmonlee\n|-boost|p1a: Hitmonlee|atk|2\n|\n|upkeep\n|turn|13\n|\n|t:|1781432866\n|move|p2a: Bisharp|Sucker Punch|p1a: Hitmonlee\n|-resisted|p1a: Hitmonlee\n|-damage|p1a: Hitmonlee|0 fnt\n|faint|p1a: Hitmonlee\n|\n|upkeep\n|inactive|Matuidi14 has 90 seconds left.\n|\n|t:|1781432877\n|switch|p1a: Wugtrio|Wugtrio, L91, M|212/212\n|turn|14\n|\n|t:|1781432889\n|move|p1a: Wugtrio|Throat Chop|p2a: Bisharp\n|-supereffective|p2a: Bisharp\n|-damage|p2a: Bisharp|79/232\n|-start|p2a: Bisharp|Throat Chop|[silent]\n|move|p2a: Bisharp|Throat Chop|p1a: Wugtrio\n|-damage|p1a: Wugtrio|94/212\n|-start|p1a: Wugtrio|Throat Chop|[silent]\n|-ability|p1a: Wugtrio|Gooey\n|-unboost|p2a: Bisharp|spe|1\n|-ability|p2a: Bisharp|Defiant|boost\n|-boost|p2a: Bisharp|atk|2\n|\n|upkeep\n|turn|15\n|\n|t:|1781432901\n|switch|p1a: Dugtrio|Dugtrio-Alola, L84, F|177/196\n|move|p2a: Bisharp|Sucker Punch||[still]\n|-fail|p2a: Bisharp\n|\n|-end|p2a: Bisharp|Throat Chop|[silent]\n|upkeep\n|turn|16\n|\n|t:|1781432904\n|move|p1a: Dugtrio|Sucker Punch|p2a: Bisharp\n|-supereffective|p2a: Bisharp\n|-damage|p2a: Bisharp|0 fnt\n|faint|p2a: Bisharp\n|-damage|p1a: Dugtrio|158/196|[from] item: Life Orb\n|\n|upkeep\n|\n|t:|1781432917\n|switch|p2a: Keldeo|Keldeo-Resolute, L79|273/273\n|turn|17\n|\n|t:|1781432926\n|switch|p1a: Thundurus|Thundurus, L80, M|129/258\n|move|p2a: Keldeo|Secret Sword|p1a: Thundurus\n|-resisted|p1a: Thundurus\n|-damage|p1a: Thundurus|68/258\n|\n|upkeep\n|turn|18\n|inactive|Matuidi14 has 120 seconds left.\n|\n|t:|1781432931\n|switch|p2a: Toxtricity|Toxtricity, L82, M|223/257\n|move|p1a: Thundurus|Acrobatics|p2a: Toxtricity\n|-resisted|p2a: Toxtricity\n|-damage|p2a: Toxtricity|142/257\n|\n|upkeep\n|turn|19\n|\n|t:|1781432938\n|move|p2a: Toxtricity|Boomburst|p1a: Thundurus\n|-damage|p1a: Thundurus|0 fnt\n|faint|p1a: Thundurus\n|\n|upkeep\n|\n|t:|1781432940\n|switch|p1a: Dugtrio|Dugtrio-Alola, L84, F|158/196\n|turn|20\n|\n|t:|1781432943\n|move|p2a: Toxtricity|Boomburst|p1a: Dugtrio\n|-resisted|p1a: Dugtrio\n|-damage|p1a: Dugtrio|84/196\n|move|p1a: Dugtrio|Swords Dance|p1a: Dugtrio\n|-boost|p1a: Dugtrio|atk|2\n|\n|upkeep\n|turn|21\n|\n|t:|1781432947\n|move|p1a: Dugtrio|Sucker Punch|p2a: Toxtricity\n|-damage|p2a: Toxtricity|0 fnt\n|faint|p2a: Toxtricity\n|-damage|p1a: Dugtrio|65/196|[from] item: Life Orb\n|\n|upkeep\n|\n|t:|1781432954\n|switch|p2a: Keldeo|Keldeo-Resolute, L79|273/273\n|turn|22\n|inactive|Matuidi14 has 120 seconds left.\n|\n|t:|1781432985\n|move|p1a: Dugtrio|Earthquake|p2a: Keldeo\n|-damage|p2a: Keldeo|0 fnt\n|faint|p2a: Keldeo\n|-damage|p1a: Dugtrio|46/196|[from] item: Life Orb\n|\n|upkeep\n|\n|t:|1781432988\n|switch|p2a: Espeon|Espeon, L84, F|246/246\n|turn|23\n|\n|t:|1781432991\n|move|p1a: Dugtrio|Sucker Punch|p2a: Espeon\n|-supereffective|p2a: Espeon\n|-damage|p2a: Espeon|0 fnt\n|faint|p2a: Espeon\n|-damage|p1a: Dugtrio|27/196|[from] item: Life Orb\n|\n|upkeep\n|\n|t:|1781432993\n|switch|p2a: Haxorus|Haxorus, L77, F|244/244 slp\n|-ability|p2a: Haxorus|Mold Breaker\n|turn|24\n|\n|t:|1781432996\n|move|p1a: Dugtrio|Earthquake|p2a: Haxorus\n|-damage|p2a: Haxorus|0 fnt\n|faint|p2a: Haxorus\n|-damage|p1a: Dugtrio|8/196|[from] item: Life Orb\n|\n|win|Matuidi14\n", "inputlog": ">version a8376a258c1d4662feba110a92103f3664a72141\n>start {\"formatid\":\"gen9randombattle\",\"seed\":\"sodium,797afa741d145fc69c2ab4c803926a06\",\"rated\":\"Rated battle\"}\n>player p1 {\"name\":\"Matuidi14\",\"avatar\":\"clown\",\"rating\":2214,\"seed\":\"sodium,8721ae2abf9aded738c550255c1faa58\"}\n>player p2 {\"name\":\"hamni82\",\"avatar\":\"169\",\"rating\":2197,\"seed\":\"sodium,abab932629027e3f4f9b6c5234dd2e2d\"}\n>p1 move throatchop\n>p2 switch 5\n>p1 switch 4\n>p2 move surf\n>p1 move uturn\n>p2 switch 4\n>p1 switch 6\n>p1 move earthquake\n>p2 switch 4\n>p2 switch 6\n>p1 switch 2\n>p2 move earthquake\n>p1 move gunkshot\n>p2 move swordsdance\n>p1 move gunkshot\n>p2 move scaleshot\n>p1 switch 5\n>p1 move spore terastallize\n>p2 move scaleshot\n>p1 move crunch\n>p2 switch 2\n>p1 switch 3\n>p2 move throatchop\n>p1 move closecombat\n>p2 move ironhead terastallize\n>p1 move swordsdance\n>p2 move suckerpunch\n>p1 move knockoff\n>p2 move suckerpunch\n>p1 switch 4\n>p1 move throatchop\n>p2 move throatchop\n>p1 switch 2\n>p2 move suckerpunch\n>p1 move suckerpunch\n>p2 move suckerpunch\n>p2 switch 3\n>p1 switch 6\n>p2 move secretsword\n>p1 move acrobatics\n>p2 switch 4\n>p1 move uturn\n>p2 move boomburst\n>p1 switch 6\n>p1 move swordsdance\n>p2 move boomburst\n>p1 move suckerpunch\n>p2 move boomburst\n>p2 switch 4\n>p1 move earthquake\n>p2 move secretsword\n>p2 switch 5\n>p1 move suckerpunch\n>p2 move shadowball\n>p2 switch 2\n>p1 move earthquake\n>p2 move earthquake", "uploadtime": 1781432533, "views": 5, "formatid": "gen9randombattle", "rating": null, "private": 0, "password": null}