{"id": "gen9randombattle-2631409863", "format": "[Gen 9] Random Battle", "players": ["bobforte22", "sammyh0526"], "log": "|j|\u2606bobforte22\n|j|\u2606sammyh0526\n|t:|1781381242\n|gametype|singles\n|player|p1|bobforte22|102|1427\n|player|p2|sammyh0526|red|1469\n|gen|9\n|tier|[Gen 9] Random Battle\n|rated|\n|rule|Species Clause: Limit one of each Pok\u00e9mon\n|rule|HP Percentage Mod: HP is shown in percentages\n|rule|Sleep Clause Mod: Limit one foe put to sleep\n|rule|Illusion Level Mod: Illusion disguises the Pok\u00e9mon's true level\n|\n|t:|1781381242\n|teamsize|p1|6\n|teamsize|p2|6\n|start\n|switch|p1a: Ho-Oh|Ho-Oh, L71|268/268\n|switch|p2a: Camerupt|Camerupt, L91, F|275/275\n|turn|1\n|inactive|Battle timer is ON: inactive players will automatically lose when time's up. (requested by sammyh0526)\n|\n|t:|1781381251\n|move|p1a: Ho-Oh|Earthquake|p2a: Camerupt\n|-supereffective|p2a: Camerupt\n|-damage|p2a: Camerupt|172/275\n|move|p2a: Camerupt|Stealth Rock|p1a: Ho-Oh\n|-sidestart|p1: bobforte22|move: Stealth Rock\n|\n|-heal|p2a: Camerupt|189/275|[from] item: Leftovers\n|upkeep\n|turn|2\n|\n|t:|1781381273\n|switch|p2a: Lycanroc|Lycanroc-Dusk, L81, F|254/254\n|move|p1a: Ho-Oh|Earthquake|p2a: Lycanroc\n|-supereffective|p2a: Lycanroc\n|-damage|p2a: Lycanroc|84/254\n|\n|upkeep\n|turn|3\n|\n|t:|1781381288\n|-terastallize|p1a: Ho-Oh|Steel\n|move|p2a: Lycanroc|Stone Edge|p1a: Ho-Oh\n|-resisted|p1a: Ho-Oh\n|-damage|p1a: Ho-Oh|167/268\n|move|p1a: Ho-Oh|Earthquake|p2a: Lycanroc\n|-supereffective|p2a: Lycanroc\n|-damage|p2a: Lycanroc|0 fnt\n|faint|p2a: Lycanroc\n|\n|upkeep\n|inactive|sammyh0526 has 120 seconds left.\n|\n|t:|1781381307\n|switch|p2a: Mamoswine|Mamoswine, L81, M|311/311\n|turn|4\n|\n|t:|1781381322\n|switch|p1a: Flareon|Flareon, L90, F|263/263\n|-damage|p1a: Flareon|198/263|[from] Stealth Rock\n|move|p2a: Mamoswine|Earthquake|p1a: Flareon\n|-supereffective|p1a: Flareon\n|-damage|p1a: Flareon|0 fnt\n|faint|p1a: Flareon\n|\n|upkeep\n|\n|t:|1781381333\n|switch|p1a: Slaking|Slaking, L84, M|389/389\n|-damage|p1a: Slaking|341/389|[from] Stealth Rock\n|turn|5\n|\n|t:|1781381342\n|move|p1a: Slaking|Giga Impact|p2a: Mamoswine\n|-damage|p2a: Mamoswine|0 fnt\n|-mustrecharge|p1a: Slaking\n|faint|p2a: Mamoswine\n|\n|upkeep\n|\n|t:|1781381356\n|switch|p2a: Ambipom|Ambipom, L84, F|263/263\n|turn|6\n|\n|t:|1781381360\n|move|p2a: Ambipom|Low Kick|p1a: Slaking\n|-supereffective|p1a: Slaking\n|-damage|p1a: Slaking|203/389\n|cant|p1a: Slaking|recharge\n|\n|upkeep\n|turn|7\n|\n|t:|1781381369\n|switch|p2a: Camerupt|Camerupt, L91, F|189/275\n|move|p1a: Slaking|Giga Impact|p2a: Camerupt\n|-damage|p2a: Camerupt|0 fnt\n|-mustrecharge|p1a: Slaking\n|faint|p2a: Camerupt\n|\n|upkeep\n|\n|t:|1781381373\n|switch|p2a: Koraidon|Koraidon, L64|235/235\n|-weather|SunnyDay|[from] ability: Orichalcum Pulse|[of] p2a: Koraidon\n|-activate|p2a: Koraidon|Orichalcum Pulse|[source]\n|turn|8\n|\n|t:|1781381378\n|cant|p1a: Slaking|recharge\n|move|p2a: Koraidon|Close Combat|p1a: Slaking\n|-supereffective|p1a: Slaking\n|-damage|p1a: Slaking|0 fnt\n|-unboost|p2a: Koraidon|def|1\n|-unboost|p2a: Koraidon|spd|1\n|faint|p1a: Slaking\n|\n|-weather|SunnyDay|[upkeep]\n|upkeep\n|\n|t:|1781381388\n|switch|p1a: Thundurus|Thundurus, L80, M|258/258\n|-damage|p1a: Thundurus|194/258|[from] Stealth Rock\n|turn|9\n|\n|t:|1781381397\n|switch|p2a: Ambipom|Ambipom, L84, F|263/263\n|move|p1a: Thundurus|Acrobatics|p2a: Ambipom\n|-damage|p2a: Ambipom|106/263\n|\n|-weather|SunnyDay|[upkeep]\n|upkeep\n|turn|10\n|\n|t:|1781381401\n|move|p2a: Ambipom|Fake Out|p1a: Thundurus\n|-damage|p1a: Thundurus|95/258\n|cant|p1a: Thundurus|flinch\n|\n|-weather|SunnyDay|[upkeep]\n|upkeep\n|turn|11\n|\n|t:|1781381412\n|switch|p1a: Golurk|Golurk, L87|297/297\n|-damage|p1a: Golurk|279/297|[from] Stealth Rock\n|move|p2a: Ambipom|Knock Off|p1a: Golurk\n|-supereffective|p1a: Golurk\n|-damage|p1a: Golurk|137/297\n|-enditem|p1a: Golurk|Choice Band|[from] move: Knock Off|[of] p2a: Ambipom\n|\n|-weather|SunnyDay|[upkeep]\n|upkeep\n|turn|12\n|\n|t:|1781381425\n|move|p2a: Ambipom|Knock Off|p1a: Golurk\n|-supereffective|p1a: Golurk\n|-damage|p1a: Golurk|43/297\n|move|p1a: Golurk|Dynamic Punch|p2a: Ambipom\n|-supereffective|p2a: Ambipom\n|-damage|p2a: Ambipom|0 fnt\n|faint|p2a: Ambipom\n|\n|-weather|none\n|upkeep\n|\n|t:|1781381431\n|switch|p2a: Koraidon|Koraidon, L64|235/235\n|-weather|SunnyDay|[from] ability: Orichalcum Pulse|[of] p2a: Koraidon\n|-activate|p2a: Koraidon|Orichalcum Pulse|[source]\n|turn|13\n|\n|t:|1781381442\n|move|p2a: Koraidon|Flare Blitz|p1a: Golurk\n|-damage|p1a: Golurk|0 fnt\n|faint|p1a: Golurk\n|-damage|p2a: Koraidon|221/235|[from] Recoil\n|\n|-weather|SunnyDay|[upkeep]\n|upkeep\n|\n|t:|1781381449\n|switch|p1a: Blissey|Blissey, L85, F|572/572\n|-damage|p1a: Blissey|501/572|[from] Stealth Rock\n|turn|14\n|\n|t:|1781381450\n|move|p2a: Koraidon|Flare Blitz|p1a: Blissey\n|-damage|p1a: Blissey|0 fnt\n|faint|p1a: Blissey\n|-damage|p2a: Koraidon|56/235|[from] Recoil\n|\n|-weather|SunnyDay|[upkeep]\n|upkeep\n|\n|t:|1781381457\n|switch|p1a: Thundurus|Thundurus, L80, M|95/258\n|-damage|p1a: Thundurus|31/258|[from] Stealth Rock\n|turn|15\n|\n|t:|1781381462\n|move|p1a: Thundurus|Acrobatics|p2a: Koraidon\n|-supereffective|p2a: Koraidon\n|-damage|p2a: Koraidon|0 fnt\n|faint|p2a: Koraidon\n|\n|-weather|SunnyDay|[upkeep]\n|upkeep\n|\n|t:|1781381466\n|switch|p2a: Basculin|Basculin-Blue-Striped, L86, F|261/261\n|turn|16\n|\n|t:|1781381475\n|move|p1a: Thundurus|Thunderbolt|p2a: Basculin\n|-supereffective|p2a: Basculin\n|-damage|p2a: Basculin|0 fnt\n|faint|p2a: Basculin\n|\n|win|bobforte22\n|raw|bobforte22's rating: 1427 &rarr; <strong>1449</strong><br />(+22 for winning)\n|raw|sammyh0526's rating: 1469 &rarr; <strong>1447</strong><br />(-22 for losing)\n|l|\u2606sammyh0526\n|player|p2|\n", "inputlog": ">version a8376a258c1d4662feba110a92103f3664a72141\n>start {\"formatid\":\"gen9randombattle\",\"seed\":\"sodium,cee69dd96c6de888bce8d194b66327ad\",\"rated\":\"Rated battle\"}\n>player p1 {\"name\":\"bobforte22\",\"avatar\":\"102\",\"rating\":1427,\"seed\":\"sodium,ecda92a19001f67357311a95a1bfd05e\"}\n>player p2 {\"name\":\"sammyh0526\",\"avatar\":\"red\",\"rating\":1469,\"seed\":\"sodium,fa11de0fcf258bbbb4b27345e9d6dc8d\"}\n>p1 move earthquake\n>p2 move stealthrock\n>p1 move earthquake\n>p2 switch 3\n>p1 move earthquake terastallize\n>p2 move stoneedge\n>p2 switch 4\n>p1 switch 4\n>p2 move earthquake\n>p1 switch 3\n>p1 move gigaimpact\n>p2 move earthquake\n>p2 switch 2\n>p1 move recharge\n>p2 move lowkick\n>p1 move gigaimpact\n>p2 switch 3\n>p2 switch 5\n>p1 move recharge\n>p2 move closecombat\n>p1 switch 2\n>p1 move acrobatics\n>p2 switch 3\n>p1 move acrobatics\n>p2 move fakeout\n>p1 switch 5\n>p2 move knockoff\n>p1 move dynamicpunch\n>p2 move knockoff\n>p2 switch 3\n>p1 move dynamicpunch\n>p2 move flareblitz\n>p1 switch 6\n>p1 move thunderwave\n>p2 move flareblitz\n>p1 switch 5\n>p1 move acrobatics\n>p2 move flareblitz\n>p2 switch 6\n>p1 move thunderbolt\n>p2 move wavecrash", "uploadtime": 1781381478, "views": 9, "formatid": "gen9randombattle", "rating": 1447, "private": 0, "password": null}