{"id": "gen9randombattle-2632000273", "format": "[Gen 9] Random Battle", "players": ["slacy55", "laundry bias"], "log": "|j|\u2606slacy55\n|j|\u2606laundry bias\n|t:|1781464515\n|gametype|singles\n|player|p1|slacy55|170|1924\n|player|p2|laundry bias|101|1950\n|gen|9\n|tier|[Gen 9] Random Battle\n|rated|\n|rule|Species Clause: Limit one of each Pok\u00e9mon\n|rule|HP Percentage Mod: HP is shown in percentages\n|rule|Sleep Clause Mod: Limit one foe put to sleep\n|rule|Illusion Level Mod: Illusion disguises the Pok\u00e9mon's true level\n|\n|t:|1781464515\n|teamsize|p1|6\n|teamsize|p2|6\n|start\n|switch|p1a: Girafarig|Girafarig, L89, M|269/269\n|switch|p2a: Munkidori|Munkidori, L79, M|269/269\n|turn|1\n|\n|t:|1781464531\n|move|p2a: Munkidori|Fake Out|p1a: Girafarig\n|-damage|p1a: Girafarig|252/269\n|cant|p1a: Girafarig|flinch\n|\n|upkeep\n|turn|2\n|inactive|Battle timer is ON: inactive players will automatically lose when time's up. (requested by slacy55)\n|\n|t:|1781464558\n|move|p2a: Munkidori|U-turn|p1a: Girafarig\n|-supereffective|p1a: Girafarig\n|-damage|p1a: Girafarig|192/269\n|\n|t:|1781464586\n|switch|p2a: Hydreigon|Hydreigon, L79, M|275/275|[from] U-turn\n|move|p1a: Girafarig|Nasty Plot|p1a: Girafarig\n|-boost|p1a: Girafarig|spa|2\n|\n|upkeep\n|turn|3\n|\n|t:|1781464594\n|switch|p2a: Munkidori|Munkidori, L79, M|269/269\n|move|p1a: Girafarig|Hyper Voice|p2a: Munkidori\n|-damage|p2a: Munkidori|139/269\n|\n|upkeep\n|turn|4\n|\n|t:|1781464600\n|move|p2a: Munkidori|Fake Out|p1a: Girafarig\n|-damage|p1a: Girafarig|175/269\n|-status|p1a: Girafarig|tox|[from] ability: Toxic Chain|[of] p2a: Munkidori\n|cant|p1a: Girafarig|flinch\n|\n|-damage|p1a: Girafarig|159/269 tox|[from] psn\n|upkeep\n|turn|5\n|\n|t:|1781464616\n|move|p2a: Munkidori|Sludge Wave|p1a: Girafarig\n|-damage|p1a: Girafarig|65/269 tox\n|move|p1a: Girafarig|Hyper Voice|p2a: Munkidori\n|-damage|p2a: Munkidori|6/269\n|\n|-damage|p1a: Girafarig|33/269 tox|[from] psn\n|upkeep\n|turn|6\n|\n|t:|1781464624\n|move|p2a: Munkidori|Sludge Wave|p1a: Girafarig\n|-damage|p1a: Girafarig|0 fnt\n|faint|p1a: Girafarig\n|\n|upkeep\n|\n|t:|1781464630\n|switch|p1a: Arceus|Arceus-Bug, L73|295/295\n|turn|7\n|\n|t:|1781464642\n|switch|p2a: Braviary|Braviary, L85, M|309/309\n|move|p1a: Arceus|Judgment|p2a: Braviary\n|-resisted|p2a: Braviary\n|-damage|p2a: Braviary|240/309\n|\n|upkeep\n|turn|8\n|\n|t:|1781464657\n|switch|p1a: Cinccino|Cinccino, L83, M|260/260\n|move|p2a: Braviary|Bulk Up|p2a: Braviary\n|-boost|p2a: Braviary|atk|1\n|-boost|p2a: Braviary|def|1\n|\n|upkeep\n|turn|9\n|inactive|laundry bias has 120 seconds left.\n|\n|t:|1781464702\n|move|p1a: Cinccino|Triple Axel|p2a: Braviary\n|-supereffective|p2a: Braviary\n|-damage|p2a: Braviary|208/309\n|-supereffective|p2a: Braviary\n|-damage|p2a: Braviary|140/309\n|-supereffective|p2a: Braviary\n|-damage|p2a: Braviary|50/309\n|-hitcount|p2a: Braviary|3\n|move|p2a: Braviary|Close Combat|p1a: Cinccino\n|-supereffective|p1a: Cinccino\n|-damage|p1a: Cinccino|0 fnt\n|-unboost|p2a: Braviary|def|1\n|-unboost|p2a: Braviary|spd|1\n|faint|p1a: Cinccino\n|\n|upkeep\n|\n|t:|1781464713\n|switch|p1a: Quaquaval|Quaquaval, L79, M|264/264\n|turn|10\n|inactive|laundry bias has 120 seconds left.\n|inactive|slacy55 has 120 seconds left.\n|inactive|laundry bias has 90 seconds left.\n|\n|t:|1781464750\n|-terastallize|p1a: Quaquaval|Steel\n|move|p2a: Braviary|Brave Bird|p1a: Quaquaval\n|-resisted|p1a: Quaquaval\n|-damage|p1a: Quaquaval|138/264\n|-damage|p2a: Braviary|8/309|[from] Recoil\n|move|p1a: Quaquaval|Aqua Step|p2a: Braviary\n|-damage|p2a: Braviary|0 fnt\n|-boost|p1a: Quaquaval|spe|1\n|faint|p2a: Braviary\n|-ability|p1a: Quaquaval|Moxie|boost\n|-boost|p1a: Quaquaval|atk|1\n|\n|-heal|p1a: Quaquaval|154/264|[from] item: Leftovers\n|upkeep\n|inactive|laundry bias has 90 seconds left.\n|\n|t:|1781464761\n|switch|p2a: Mewtwo|Mewtwo, L72|272/272\n|-ability|p2a: Mewtwo|Unnerve\n|turn|11\n|\n|t:|1781464765\n|move|p1a: Quaquaval|Aqua Step|p2a: Mewtwo\n|-damage|p2a: Mewtwo|107/272\n|-boost|p1a: Quaquaval|spe|1\n|move|p2a: Mewtwo|Aura Sphere|p1a: Quaquaval\n|-supereffective|p1a: Quaquaval\n|-damage|p1a: Quaquaval|0 fnt\n|faint|p1a: Quaquaval\n|-damage|p2a: Mewtwo|80/272|[from] item: Life Orb\n|\n|upkeep\n|\n|t:|1781464772\n|switch|p1a: Honchkrow|Honchkrow, L86, M|312/312\n|turn|12\n|inactive|laundry bias has 90 seconds left.\n|inactive|laundry bias has 60 seconds left.\n|\n|t:|1781464825\n|switch|p2a: Iron Thorns|Iron Thorns, L83|302/302\n|-enditem|p2a: Iron Thorns|Booster Energy\n|-activate|p2a: Iron Thorns|ability: Quark Drive|[fromitem]\n|-start|p2a: Iron Thorns|quarkdriveatk\n|move|p1a: Honchkrow|Brave Bird|p2a: Iron Thorns\n|-resisted|p2a: Iron Thorns\n|-damage|p2a: Iron Thorns|269/302\n|-damage|p1a: Honchkrow|301/312|[from] Recoil\n|\n|upkeep\n|turn|13\n|\n|t:|1781464839\n|move|p1a: Honchkrow|Lash Out|p2a: Iron Thorns\n|-damage|p2a: Iron Thorns|190/302\n|move|p2a: Iron Thorns|Dragon Dance|p2a: Iron Thorns\n|-boost|p2a: Iron Thorns|atk|1\n|-boost|p2a: Iron Thorns|spe|1\n|\n|upkeep\n|turn|14\n|-message|slacy55 forfeited.\n|\n|win|laundry bias\n", "uploadtime": 1781464517, "views": 2, "formatid": "gen9randombattle", "rating": null, "private": 0, "password": null}