{"id": "gen9randombattle-2631473170", "format": "[Gen 9] Random Battle", "players": ["trevorstmcgoodbody", "bulrug"], "log": "|j|\u2606trevorstmcgoodbody\n|j|\u203dbulrug\n|t:|1781389181\n|gametype|singles\n|player|p1|trevorstmcgoodbody|170|2076\n|player|p2|bulrug|burglar|2030\n|gen|9\n|tier|[Gen 9] Random Battle\n|rated|\n|rule|Species Clause: Limit one of each Pok\u00e9mon\n|rule|HP Percentage Mod: HP is shown in percentages\n|rule|Sleep Clause Mod: Limit one foe put to sleep\n|rule|Illusion Level Mod: Illusion disguises the Pok\u00e9mon's true level\n|\n|t:|1781389181\n|teamsize|p1|6\n|teamsize|p2|6\n|start\n|switch|p1a: Kyogre|Kyogre, L71|259/259\n|switch|p2a: Mabosstiff|Mabosstiff, L86, F|278/278\n|-weather|RainDance|[from] ability: Drizzle|[of] p1a: Kyogre\n|turn|1\n|inactive|Battle timer is ON: inactive players will automatically lose when time's up. (requested by trevorstmcgoodbody)\n|\n|t:|1781389200\n|move|p2a: Mabosstiff|Wild Charge|p1a: Kyogre\n|-supereffective|p1a: Kyogre\n|-damage|p1a: Kyogre|0 fnt\n|faint|p1a: Kyogre\n|-damage|p2a: Mabosstiff|213/278|[from] Recoil\n|\n|-weather|RainDance|[upkeep]\n|upkeep\n|\n|t:|1781389207\n|switch|p1a: Camerupt|Camerupt, L91, F|275/275\n|turn|2\n|\n|t:|1781389217\n|switch|p2a: Krookodile|Krookodile, L79, M|280/280\n|-ability|p2a: Krookodile|Intimidate|boost\n|-unboost|p1a: Camerupt|atk|1\n|move|p1a: Camerupt|Stealth Rock|p2a: Krookodile\n|-sidestart|p2: bulrug|move: Stealth Rock\n|\n|-weather|RainDance|[upkeep]\n|upkeep\n|turn|3\n|\n|t:|1781389224\n|switch|p1a: Araquanid|Araquanid, L82, F|246/246\n|move|p2a: Krookodile|Earthquake|p1a: Araquanid\n|-resisted|p1a: Araquanid\n|-damage|p1a: Araquanid|168/246\n|\n|-weather|RainDance|[upkeep]\n|upkeep\n|turn|4\n|\n|t:|1781389227\n|switch|p2a: Glimmora|Glimmora, L75, F|248/248\n|-damage|p2a: Glimmora|217/248|[from] Stealth Rock\n|move|p1a: Araquanid|Liquidation|p2a: Glimmora\n|-supereffective|p2a: Glimmora\n|-damage|p2a: Glimmora|0 fnt\n|-activate|p2a: Glimmora|ability: Toxic Debris\n|-sidestart|p1: trevorstmcgoodbody|move: Toxic Spikes\n|faint|p2a: Glimmora\n|\n|-weather|RainDance|[upkeep]\n|upkeep\n|\n|t:|1781389232\n|switch|p2a: Zapdos|Zapdos-Galar, L77|265/265\n|-damage|p2a: Zapdos|232/265|[from] Stealth Rock\n|turn|5\n|\n|t:|1781389242\n|-terastallize|p1a: Araquanid|Water\n|move|p2a: Zapdos|Brave Bird|p1a: Araquanid\n|-damage|p1a: Araquanid|15/246\n|-damage|p2a: Zapdos|182/265|[from] Recoil\n|-damage|p2a: Zapdos|156/265|[from] item: Life Orb\n|move|p1a: Araquanid|Liquidation|p2a: Zapdos\n|-damage|p2a: Zapdos|0 fnt\n|faint|p2a: Zapdos\n|\n|-weather|none\n|upkeep\n|\n|t:|1781389256\n|switch|p2a: Krookodile|Krookodile, L79, M|280/280\n|-damage|p2a: Krookodile|263/280|[from] Stealth Rock\n|-ability|p2a: Krookodile|Intimidate|boost\n|-unboost|p1a: Araquanid|atk|1\n|turn|6\n|\n|t:|1781389263\n|move|p2a: Krookodile|Earthquake|p1a: Araquanid\n|-damage|p1a: Araquanid|0 fnt\n|faint|p1a: Araquanid\n|\n|upkeep\n|\n|t:|1781389270\n|switch|p1a: Conkeldurr|Conkeldurr, L80, F|299/299\n|-status|p1a: Conkeldurr|psn\n|turn|7\n|\n|t:|1781389277\n|switch|p2a: Necrozma|Necrozma-Dawn-Wings, L76|272/272\n|-damage|p2a: Necrozma|238/272|[from] Stealth Rock\n|move|p1a: Conkeldurr|Close Combat|p2a: Necrozma\n|-immune|p2a: Necrozma\n|\n|-damage|p1a: Conkeldurr|262/299 psn|[from] psn\n|upkeep\n|turn|8\n|\n|t:|1781389284\n|switch|p1a: Gholdengo|Gholdengo, L77|261/261\n|move|p2a: Necrozma|Photon Geyser|p1a: Gholdengo\n|-resisted|p1a: Gholdengo\n|-damage|p1a: Gholdengo|170/261\n|-damage|p2a: Necrozma|211/272|[from] item: Life Orb\n|\n|-heal|p1a: Gholdengo|186/261|[from] item: Leftovers\n|upkeep\n|turn|9\n|\n|t:|1781389290\n|-terastallize|p2a: Necrozma|Fighting\n|move|p1a: Gholdengo|Make It Rain|p2a: Necrozma\n|-damage|p2a: Necrozma|105/272\n|-unboost|p1a: Gholdengo|spa|1\n|move|p2a: Necrozma|Dragon Dance|p2a: Necrozma\n|-boost|p2a: Necrozma|atk|1\n|-boost|p2a: Necrozma|spe|1\n|\n|-heal|p1a: Gholdengo|202/261|[from] item: Leftovers\n|upkeep\n|turn|10\n|\n|t:|1781389300\n|switch|p1a: Camerupt|Camerupt, L91, F|275/275\n|-status|p1a: Camerupt|psn\n|move|p2a: Necrozma|Moongeist Beam|p1a: Camerupt\n|-damage|p1a: Camerupt|103/275 psn\n|-damage|p2a: Necrozma|78/272|[from] item: Life Orb\n|\n|-heal|p1a: Camerupt|120/275 psn|[from] item: Leftovers\n|-damage|p1a: Camerupt|86/275 psn|[from] psn\n|upkeep\n|turn|11\n|\n|t:|1781389307\n|move|p2a: Necrozma|Moongeist Beam|p1a: Camerupt\n|-damage|p1a: Camerupt|0 fnt\n|faint|p1a: Camerupt\n|-damage|p2a: Necrozma|51/272|[from] item: Life Orb\n|\n|upkeep\n|\n|t:|1781389312\n|switch|p1a: Conkeldurr|Conkeldurr, L80, F|262/299 psn\n|turn|12\n|\n|t:|1781389315\n|move|p1a: Conkeldurr|Mach Punch|p2a: Necrozma\n|-damage|p2a: Necrozma|0 fnt\n|faint|p2a: Necrozma\n|\n|-damage|p1a: Conkeldurr|225/299 psn|[from] psn\n|upkeep\n|\n|t:|1781389321\n|switch|p2a: Mabosstiff|Mabosstiff, L86, F|213/278\n|-damage|p2a: Mabosstiff|179/278|[from] Stealth Rock\n|turn|13\n|\n|t:|1781389326\n|switch|p1a: Gholdengo|Gholdengo, L77|202/261\n|move|p2a: Mabosstiff|Play Rough|p1a: Gholdengo\n|-resisted|p1a: Gholdengo\n|-damage|p1a: Gholdengo|78/261\n|\n|-heal|p1a: Gholdengo|94/261|[from] item: Leftovers\n|upkeep\n|turn|14\n|\n|t:|1781389332\n|move|p2a: Mabosstiff|Play Rough|p1a: Gholdengo\n|-resisted|p1a: Gholdengo\n|-damage|p1a: Gholdengo|33/261\n|move|p1a: Gholdengo|Recover|p1a: Gholdengo\n|-heal|p1a: Gholdengo|164/261\n|\n|-heal|p1a: Gholdengo|180/261|[from] item: Leftovers\n|upkeep\n|turn|15\n|\n|t:|1781389336\n|switch|p2a: Krookodile|Krookodile, L79, M|263/280\n|-damage|p2a: Krookodile|246/280|[from] Stealth Rock\n|-ability|p2a: Krookodile|Intimidate|boost\n|-unboost|p1a: Gholdengo|atk|1\n|move|p1a: Gholdengo|Make It Rain|p2a: Krookodile\n|-damage|p2a: Krookodile|75/280\n|-unboost|p1a: Gholdengo|spa|1\n|\n|-heal|p1a: Gholdengo|196/261|[from] item: Leftovers\n|upkeep\n|turn|16\n|\n|t:|1781389340\n|switch|p1a: Dipplin|Dipplin, L88, M|284/284\n|-status|p1a: Dipplin|psn\n|move|p2a: Krookodile|Earthquake|p1a: Dipplin\n|-resisted|p1a: Dipplin\n|-damage|p1a: Dipplin|237/284 psn\n|\n|-damage|p1a: Dipplin|202/284 psn|[from] psn\n|upkeep\n|turn|17\n|\n|t:|1781389347\n|switch|p2a: Pachirisu|Pachirisu, L96, M|271/271\n|-damage|p2a: Pachirisu|238/271|[from] Stealth Rock\n|move|p1a: Dipplin|Giga Drain|p2a: Pachirisu\n|-damage|p2a: Pachirisu|192/271\n|-heal|p1a: Dipplin|225/284 psn|[from] drain|[of] p2a: Pachirisu\n|\n|-damage|p1a: Dipplin|190/284 psn|[from] psn\n|upkeep\n|turn|18\n|\n|t:|1781389353\n|move|p1a: Dipplin|Sucker Punch|p2a: Pachirisu\n|-damage|p2a: Pachirisu|145/271\n|move|p2a: Pachirisu|Thunderbolt|p1a: Dipplin\n|-resisted|p1a: Dipplin\n|-damage|p1a: Dipplin|179/284 psn\n|\n|-damage|p1a: Dipplin|144/284 psn|[from] psn\n|upkeep\n|turn|19\n|\n|t:|1781389357\n|move|p2a: Pachirisu|Thunderbolt|p1a: Dipplin\n|-resisted|p1a: Dipplin\n|-damage|p1a: Dipplin|132/284 psn\n|move|p1a: Dipplin|Recover|p1a: Dipplin\n|-heal|p1a: Dipplin|274/284 psn\n|\n|-damage|p1a: Dipplin|239/284 psn|[from] psn\n|upkeep\n|turn|20\n|\n|t:|1781389360\n|move|p1a: Dipplin|Sucker Punch|p2a: Pachirisu\n|-damage|p2a: Pachirisu|100/271\n|move|p2a: Pachirisu|Super Fang|p1a: Dipplin\n|-damage|p1a: Dipplin|120/284 psn\n|\n|-damage|p1a: Dipplin|85/284 psn|[from] psn\n|upkeep\n|turn|21\n|\n|t:|1781389364\n|move|p2a: Pachirisu|U-turn|p1a: Dipplin\n|-supereffective|p1a: Dipplin\n|-damage|p1a: Dipplin|45/284 psn\n|\n|t:|1781389366\n|switch|p2a: Mabosstiff|Mabosstiff, L86, F|179/278|[from] U-turn\n|-damage|p2a: Mabosstiff|145/278|[from] Stealth Rock\n|move|p1a: Dipplin|Recover|p1a: Dipplin\n|-heal|p1a: Dipplin|187/284 psn\n|\n|-damage|p1a: Dipplin|152/284 psn|[from] psn\n|upkeep\n|turn|22\n|\n|t:|1781389371\n|switch|p1a: Gholdengo|Gholdengo, L77|196/261\n|move|p2a: Mabosstiff|Play Rough|p1a: Gholdengo\n|-resisted|p1a: Gholdengo\n|-damage|p1a: Gholdengo|72/261\n|\n|-heal|p1a: Gholdengo|88/261|[from] item: Leftovers\n|upkeep\n|turn|23\n|\n|t:|1781389378\n|switch|p2a: Pachirisu|Pachirisu, L96, M|100/271\n|-damage|p2a: Pachirisu|67/271|[from] Stealth Rock\n|move|p1a: Gholdengo|Make It Rain|p2a: Pachirisu\n|-resisted|p2a: Pachirisu\n|-damage|p2a: Pachirisu|25/271\n|-unboost|p1a: Gholdengo|spa|1\n|\n|-heal|p1a: Gholdengo|104/261|[from] item: Leftovers\n|upkeep\n|turn|24\n|\n|t:|1781389383\n|move|p2a: Pachirisu|Thunderbolt|p1a: Gholdengo\n|-damage|p1a: Gholdengo|20/261\n|move|p1a: Gholdengo|Recover|p1a: Gholdengo\n|-heal|p1a: Gholdengo|151/261\n|\n|-heal|p1a: Gholdengo|167/261|[from] item: Leftovers\n|upkeep\n|turn|25\n|\n|t:|1781389388\n|move|p2a: Pachirisu|Nuzzle|p1a: Gholdengo\n|-damage|p1a: Gholdengo|151/261\n|-status|p1a: Gholdengo|par\n|move|p1a: Gholdengo|Recover|p1a: Gholdengo\n|-heal|p1a: Gholdengo|261/261 par\n|\n|upkeep\n|turn|26\n|\n|t:|1781389392\n|switch|p1a: Dipplin|Dipplin, L88, M|152/284 psn\n|move|p2a: Pachirisu|Thunderbolt|p1a: Dipplin\n|-resisted|p1a: Dipplin\n|-damage|p1a: Dipplin|139/284 psn\n|\n|-damage|p1a: Dipplin|104/284 psn|[from] psn\n|upkeep\n|turn|27\n|\n|t:|1781389399\n|move|p2a: Pachirisu|Super Fang|p1a: Dipplin\n|-damage|p1a: Dipplin|52/284 psn\n|move|p1a: Dipplin|Recover|p1a: Dipplin\n|-heal|p1a: Dipplin|194/284 psn\n|\n|-damage|p1a: Dipplin|159/284 psn|[from] psn\n|upkeep\n|turn|28\n|\n|t:|1781389401\n|move|p2a: Pachirisu|U-turn|p1a: Dipplin\n|-supereffective|p1a: Dipplin\n|-damage|p1a: Dipplin|115/284 psn\n|\n|t:|1781389403\n|switch|p2a: Mabosstiff|Mabosstiff, L86, F|145/278|[from] U-turn\n|-damage|p2a: Mabosstiff|111/278|[from] Stealth Rock\n|move|p1a: Dipplin|Recover|p1a: Dipplin\n|-heal|p1a: Dipplin|257/284 psn\n|\n|-damage|p1a: Dipplin|222/284 psn|[from] psn\n|upkeep\n|turn|29\n|\n|t:|1781389410\n|move|p1a: Dipplin|Sucker Punch|p2a: Mabosstiff\n|-resisted|p2a: Mabosstiff\n|-damage|p2a: Mabosstiff|88/278\n|move|p2a: Mabosstiff|Play Rough|p1a: Dipplin\n|-supereffective|p1a: Dipplin\n|-damage|p1a: Dipplin|88/284 psn\n|\n|-damage|p1a: Dipplin|53/284 psn|[from] psn\n|upkeep\n|turn|30\n|\n|t:|1781389417\n|switch|p2a: Pachirisu|Pachirisu, L96, M|25/271\n|-damage|p2a: Pachirisu|0 fnt|[from] Stealth Rock\n|faint|p2a: Pachirisu\n|move|p1a: Dipplin|Sucker Punch|p2: Pachirisu|[notarget]\n|-fail|p1a: Dipplin\n|\n|-damage|p1a: Dipplin|18/284 psn|[from] psn\n|upkeep\n|\n|t:|1781389419\n|switch|p2a: Krookodile|Krookodile, L79, M|75/280\n|-damage|p2a: Krookodile|58/280|[from] Stealth Rock\n|-ability|p2a: Krookodile|Intimidate|boost\n|-unboost|p1a: Dipplin|atk|1\n|turn|31\n|\n|t:|1781389423\n|move|p1a: Dipplin|Sucker Punch|p2a: Krookodile\n|-resisted|p2a: Krookodile\n|-damage|p2a: Krookodile|41/280\n|move|p2a: Krookodile|Earthquake|p1a: Dipplin\n|-resisted|p1a: Dipplin\n|-damage|p1a: Dipplin|0 fnt\n|faint|p1a: Dipplin\n|\n|upkeep\n|\n|t:|1781389425\n|switch|p1a: Conkeldurr|Conkeldurr, L80, F|225/299 psn\n|turn|32\n|\n|t:|1781389429\n|move|p1a: Conkeldurr|Mach Punch|p2a: Krookodile\n|-supereffective|p2a: Krookodile\n|-damage|p2a: Krookodile|0 fnt\n|faint|p2a: Krookodile\n|\n|-damage|p1a: Conkeldurr|188/299 psn|[from] psn\n|upkeep\n|\n|t:|1781389431\n|switch|p2a: Mabosstiff|Mabosstiff, L86, F|88/278\n|-damage|p2a: Mabosstiff|54/278|[from] Stealth Rock\n|turn|33\n|\n|t:|1781389433\n|move|p1a: Conkeldurr|Mach Punch|p2a: Mabosstiff\n|-supereffective|p2a: Mabosstiff\n|-damage|p2a: Mabosstiff|0 fnt\n|faint|p2a: Mabosstiff\n|\n|win|trevorstmcgoodbody\n|raw|trevorstmcgoodbody's rating: 2076 &rarr; <strong>2093</strong><br />(+17 for winning)\n|raw|bulrug's rating: 2030 &rarr; <strong>2013</strong><br />(-17 for losing)\n", "inputlog": ">version a8376a258c1d4662feba110a92103f3664a72141\n>start {\"formatid\":\"gen9randombattle\",\"seed\":\"sodium,06a73173f258187685d6f1227003434a\",\"rated\":\"Rated battle\"}\n>player p1 {\"name\":\"trevorstmcgoodbody\",\"avatar\":\"170\",\"rating\":2076,\"seed\":\"sodium,cd593c4eda93a7662b2beaef4230372d\"}\n>player p2 {\"name\":\"bulrug\",\"avatar\":\"burglar\",\"rating\":2030,\"seed\":\"sodium,4d5b32f978f30a31345de474bedff83f\"}\n>p1 move thunder\n>p2 move wildcharge\n>p1 switch 5\n>p1 move stealthrock\n>p2 switch 2\n>p1 switch 4\n>p2 move earthquake\n>p1 move liquidation\n>p2 switch 5\n>p2 switch 6\n>p1 move liquidation terastallize\n>p2 move bravebird\n>p2 switch 5\n>p1 move leechlife\n>p2 move earthquake\n>p1 switch 6\n>p1 move closecombat\n>p2 switch 3\n>p1 switch 2\n>p2 move photongeyser\n>p1 move makeitrain\n>p2 move dragondance terastallize\n>p1 switch 4\n>p2 move moongeistbeam\n>p1 move earthquake\n>p2 move moongeistbeam\n>p1 switch 2\n>p1 move machpunch\n>p2 move photongeyser\n>p2 switch 2\n>p1 switch 4\n>p2 move playrough\n>p1 move recover\n>p2 move playrough\n>p1 move makeitrain\n>p2 switch 3\n>p1 switch 3\n>p2 move earthquake\n>p1 move gigadrain\n>p2 switch 4\n>p1 move suckerpunch\n>p2 move thunderbolt\n>p1 move recover\n>p2 move thunderbolt\n>p1 move suckerpunch\n>p2 move superfang\n>p1 move recover\n>p2 move uturn\n>p2 switch 3\n>p1 switch 3\n>p2 move playrough\n>p1 move makeitrain\n>p2 switch 3\n>p1 move recover\n>p2 move thunderbolt\n>p1 move recover\n>p2 move nuzzle\n>p1 switch 3\n>p2 move thunderbolt\n>p1 move recover\n>p2 move superfang\n>p1 move recover\n>p2 move uturn\n>p2 switch 3\n>p1 move suckerpunch\n>p2 move playrough\n>p1 move suckerpunch\n>p2 switch 3\n>p2 switch 4\n>p1 move suckerpunch\n>p2 move earthquake\n>p1 switch 4\n>p1 move machpunch\n>p2 move earthquake\n>p2 switch 3\n>p1 move machpunch\n>p2 move crunch", "uploadtime": 1781389183, "views": 6, "formatid": "gen9randombattle", "rating": 2013, "private": 0, "password": null}