{"id": "gen9randombattle-2631524067", "format": "[Gen 9] Random Battle", "players": ["Duck Cop", "popinatzsu"], "log": "|j|\u2606Duck Cop\n|j|\u2606popinatzsu\n|t:|1781396372\n|gametype|singles\n|player|p1|Duck Cop|aetherfoundation|1962\n|player|p2|popinatzsu|nessa|1955\n|gen|9\n|tier|[Gen 9] Random Battle\n|rated|\n|rule|Species Clause: Limit one of each Pok\u00e9mon\n|rule|HP Percentage Mod: HP is shown in percentages\n|rule|Sleep Clause Mod: Limit one foe put to sleep\n|rule|Illusion Level Mod: Illusion disguises the Pok\u00e9mon's true level\n|\n|t:|1781396372\n|teamsize|p1|6\n|teamsize|p2|6\n|start\n|switch|p1a: Leavanny|Leavanny, L86, M|269/269\n|switch|p2a: Lokix|Lokix, L82, F|251/251\n|turn|1\n|inactive|Battle timer is ON: inactive players will automatically lose when time's up. (requested by popinatzsu)\n|\n|t:|1781396385\n|move|p1a: Leavanny|Sticky Web|p2a: Lokix\n|-sidestart|p2: popinatzsu|move: Sticky Web\n|move|p2a: Lokix|Swords Dance|p2a: Lokix\n|-boost|p2a: Lokix|atk|2\n|\n|upkeep\n|turn|2\n|\n|t:|1781396397\n|move|p1a: Leavanny|Knock Off|p2a: Lokix\n|-resisted|p2a: Lokix\n|-damage|p2a: Lokix|207/251\n|-enditem|p2a: Lokix|Life Orb|[from] move: Knock Off|[of] p1a: Leavanny\n|move|p2a: Lokix|Leech Life|p1a: Leavanny\n|-supereffective|p1a: Leavanny\n|-crit|p1a: Leavanny\n|-damage|p1a: Leavanny|0 fnt\n|-heal|p2a: Lokix|251/251|[from] drain|[of] p1a: Leavanny\n|faint|p1a: Leavanny\n|\n|upkeep\n|\n|t:|1781396419\n|switch|p1a: Kleavor|Kleavor, L78, M|237/237\n|turn|3\n|\n|t:|1781396433\n|move|p2a: Lokix|Knock Off|p1a: Kleavor\n|-damage|p1a: Kleavor|20/237\n|-enditem|p1a: Kleavor|Heavy-Duty Boots|[from] move: Knock Off|[of] p2a: Lokix\n|move|p1a: Kleavor|Stone Axe|p2a: Lokix\n|-supereffective|p2a: Lokix\n|-damage|p2a: Lokix|0 fnt\n|-sidestart|p2: popinatzsu|move: Stealth Rock\n|faint|p2a: Lokix\n|\n|upkeep\n|\n|t:|1781396456\n|switch|p2a: Arcanine|Arcanine, L84, F|288/288\n|-ability|p2a: Arcanine|Intimidate|boost\n|-unboost|p1a: Kleavor|atk|1\n|turn|4\n|inactive|Duck Cop has 120 seconds left.\n|\n|t:|1781396493\n|switch|p1a: Pincurchin|Pincurchin, M|258/258\n|-fieldstart|move: Electric Terrain|[from] ability: Electric Surge|[of] p1a: Pincurchin\n|move|p2a: Arcanine|Flare Blitz|p1a: Pincurchin\n|-damage|p1a: Pincurchin|144/258\n|-damage|p2a: Arcanine|250/288|[from] Recoil\n|\n|-heal|p1a: Pincurchin|160/258|[from] item: Leftovers\n|upkeep\n|turn|5\n|inactive|Duck Cop has 120 seconds left.\n|\n|t:|1781396513\n|move|p2a: Arcanine|Flare Blitz|p1a: Pincurchin\n|-damage|p1a: Pincurchin|42/258\n|-damage|p2a: Arcanine|211/288|[from] Recoil\n|move|p1a: Pincurchin|Discharge|p2a: Arcanine\n|-damage|p2a: Arcanine|57/288\n|\n|-heal|p1a: Pincurchin|58/258|[from] item: Leftovers\n|upkeep\n|turn|6\n|inactive|Duck Cop has 120 seconds left.\n|\n|t:|1781396521\n|move|p2a: Arcanine|Close Combat|p1a: Pincurchin\n|-damage|p1a: Pincurchin|0 fnt\n|-unboost|p2a: Arcanine|def|1\n|-unboost|p2a: Arcanine|spd|1\n|faint|p1a: Pincurchin\n|\n|upkeep\n|inactive|Duck Cop has 120 seconds left.\n|\n|t:|1781396531\n|switch|p1a: Sceptile|Sceptile, L87, M|264/264\n|turn|7\n|inactive|Duck Cop has 120 seconds left.\n|\n|t:|1781396542\n|move|p2a: Arcanine|Extreme Speed|p1a: Sceptile\n|-damage|p1a: Sceptile|195/264\n|move|p1a: Sceptile|Leaf Blade|p2a: Arcanine\n|-resisted|p2a: Arcanine\n|-damage|p2a: Arcanine|0 fnt\n|faint|p2a: Arcanine\n|-damage|p1a: Sceptile|169/264|[from] item: Life Orb\n|\n|upkeep\n|\n|t:|1781396565\n|switch|p2a: Toxicroak|Toxicroak, L84, M|277/277\n|-activate|p2a: Toxicroak|move: Sticky Web\n|-unboost|p2a: Toxicroak|spe|1\n|-damage|p2a: Toxicroak|260/277|[from] Stealth Rock\n|turn|8\n|inactive|Duck Cop has 120 seconds left.\n|\n|t:|1781396581\n|move|p1a: Sceptile|Earthquake|p2a: Toxicroak\n|-supereffective|p2a: Toxicroak\n|-damage|p2a: Toxicroak|49/277\n|-damage|p1a: Sceptile|143/264|[from] item: Life Orb\n|move|p2a: Toxicroak|Close Combat|p1a: Sceptile\n|-damage|p1a: Sceptile|0 fnt\n|-unboost|p2a: Toxicroak|def|1\n|-unboost|p2a: Toxicroak|spd|1\n|faint|p1a: Sceptile\n|-damage|p2a: Toxicroak|22/277|[from] item: Life Orb\n|\n|-fieldend|move: Electric Terrain\n|upkeep\n|inactive|Duck Cop has 120 seconds left.\n|\n|t:|1781396592\n|switch|p1a: Kleavor|Kleavor, L78, M|20/237\n|turn|9\n|\n|t:|1781396611\n|move|p1a: Kleavor|X-Scissor|p2a: Toxicroak\n|-resisted|p2a: Toxicroak\n|-damage|p2a: Toxicroak|0 fnt\n|faint|p2a: Toxicroak\n|\n|upkeep\n|\n|t:|1781396614\n|switch|p2a: Houndoom|Houndoom, L87, F|272/272\n|turn|10\n|\n|t:|1781396626\n|move|p2a: Houndoom|Dark Pulse|p1a: Kleavor\n|-damage|p1a: Kleavor|0 fnt\n|faint|p1a: Kleavor\n|\n|upkeep\n|\n|t:|1781396630\n|switch|p1a: Hitmonlee|Hitmonlee, L85, M|224/224\n|turn|11\n|\n|t:|1781396642\n|switch|p2a: Hatterene|Hatterene, L85, F|236/236\n|-activate|p2a: Hatterene|move: Sticky Web\n|-unboost|p2a: Hatterene|spe|1\n|-damage|p2a: Hatterene|207/236|[from] Stealth Rock\n|move|p1a: Hitmonlee|Close Combat|p2a: Hatterene\n|-resisted|p2a: Hatterene\n|-damage|p2a: Hatterene|172/236\n|-unboost|p1a: Hitmonlee|def|1\n|-unboost|p1a: Hitmonlee|spd|1\n|-enditem|p1a: Hitmonlee|White Herb\n|-clearnegativeboost|p1a: Hitmonlee|[silent]\n|\n|-heal|p2a: Hatterene|186/236|[from] item: Leftovers\n|upkeep\n|turn|12\n|\n|t:|1781396660\n|-terastallize|p1a: Hitmonlee|Dark\n|move|p1a: Hitmonlee|Knock Off|p2a: Hatterene\n|-damage|p2a: Hatterene|77/236\n|-enditem|p2a: Hatterene|Leftovers|[from] move: Knock Off|[of] p1a: Hitmonlee\n|move|p2a: Hatterene|Psychic|p1a: Hitmonlee\n|-immune|p1a: Hitmonlee\n|\n|upkeep\n|turn|13\n|\n|t:|1781396670\n|move|p1a: Hitmonlee|Stone Edge|p2a: Hatterene\n|-damage|p2a: Hatterene|0 fnt\n|faint|p2a: Hatterene\n|\n|upkeep\n|\n|t:|1781396684\n|switch|p2a: Gardevoir|Gardevoir, L83, F|249/249\n|-activate|p2a: Gardevoir|move: Sticky Web\n|-unboost|p2a: Gardevoir|spe|1\n|-damage|p2a: Gardevoir|218/249|[from] Stealth Rock\n|-ability|p2a: Gardevoir|Unburden|Trace|[from] ability: Trace|[of] p1a: Hitmonlee\n|turn|14\n|\n|t:|1781396697\n|-terastallize|p2a: Gardevoir|Fairy\n|move|p1a: Hitmonlee|Swords Dance|p1a: Hitmonlee\n|-boost|p1a: Hitmonlee|atk|2\n|move|p2a: Gardevoir|Moonblast|p1a: Hitmonlee\n|-supereffective|p1a: Hitmonlee\n|-damage|p1a: Hitmonlee|0 fnt\n|faint|p1a: Hitmonlee\n|\n|upkeep\n|\n|t:|1781396705\n|switch|p1a: Terapagos|Terapagos, L77, M|265/265\n|-activate|p1a: Terapagos|ability: Tera Shift\n|detailschange|p1a: Terapagos|Terapagos-Terastal, L77, M\n|-heal|p1a: Terapagos|273/273|[silent]\n|turn|15\n|\n|t:|1781396714\n|move|p2a: Gardevoir|Moonblast|p1a: Terapagos\n|-activate|p1a: Terapagos|ability: Tera Shell\n|-resisted|p1a: Terapagos\n|-damage|p1a: Terapagos|193/273\n|-unboost|p1a: Terapagos|spa|1\n|move|p1a: Terapagos|Calm Mind|p1a: Terapagos\n|-boost|p1a: Terapagos|spa|1\n|-boost|p1a: Terapagos|spd|1\n|\n|upkeep\n|turn|16\n|\n|t:|1781396723\n|move|p2a: Gardevoir|Moonblast|p1a: Terapagos\n|-damage|p1a: Terapagos|93/273\n|-unboost|p1a: Terapagos|spa|1\n|move|p1a: Terapagos|Calm Mind|p1a: Terapagos\n|-boost|p1a: Terapagos|spa|1\n|-boost|p1a: Terapagos|spd|1\n|\n|upkeep\n|turn|17\n|\n|t:|1781396730\n|move|p2a: Gardevoir|Moonblast|p1a: Terapagos\n|-damage|p1a: Terapagos|21/273\n|-unboost|p1a: Terapagos|spa|1\n|move|p1a: Terapagos|Rest|p1a: Terapagos\n|-status|p1a: Terapagos|slp|[from] move: Rest\n|-heal|p1a: Terapagos|273/273 slp|[silent]\n|-enditem|p1a: Terapagos|Chesto Berry|[eat]\n|-curestatus|p1a: Terapagos|slp|[msg]\n|\n|upkeep\n|turn|18\n|c|\u2606Duck Cop|moonblast pls\n|\n|t:|1781396740\n|move|p2a: Gardevoir|Moonblast|p1a: Terapagos\n|-activate|p1a: Terapagos|ability: Tera Shell\n|-resisted|p1a: Terapagos\n|-damage|p1a: Terapagos|236/273\n|move|p1a: Terapagos|Calm Mind|p1a: Terapagos\n|-boost|p1a: Terapagos|spa|1\n|-boost|p1a: Terapagos|spd|1\n|\n|upkeep\n|turn|19\n|\n|t:|1781396748\n|move|p2a: Gardevoir|Moonblast|p1a: Terapagos\n|-damage|p1a: Terapagos|178/273\n|move|p1a: Terapagos|Calm Mind|p1a: Terapagos\n|-boost|p1a: Terapagos|spa|1\n|-boost|p1a: Terapagos|spd|1\n|\n|upkeep\n|turn|20\n|\n|t:|1781396755\n|move|p2a: Gardevoir|Moonblast|p1a: Terapagos\n|-damage|p1a: Terapagos|126/273\n|-unboost|p1a: Terapagos|spa|1\n|move|p1a: Terapagos|Calm Mind|p1a: Terapagos\n|-boost|p1a: Terapagos|spa|1\n|-boost|p1a: Terapagos|spd|1\n|\n|upkeep\n|turn|21\n|\n|t:|1781396763\n|move|p2a: Gardevoir|Moonblast|p1a: Terapagos\n|-damage|p1a: Terapagos|86/273\n|move|p1a: Terapagos|Calm Mind|p1a: Terapagos\n|-boost|p1a: Terapagos|spa|1\n|-boost|p1a: Terapagos|spd|1\n|\n|upkeep\n|turn|22\n|\n|t:|1781396769\n|move|p2a: Gardevoir|Moonblast|p1a: Terapagos\n|-damage|p1a: Terapagos|50/273\n|-unboost|p1a: Terapagos|spa|1\n|move|p1a: Terapagos|Rest|p1a: Terapagos\n|-status|p1a: Terapagos|slp|[from] move: Rest\n|-heal|p1a: Terapagos|273/273 slp|[silent]\n|\n|upkeep\n|turn|23\n|\n|t:|1781396777\n|move|p2a: Gardevoir|Moonblast|p1a: Terapagos\n|-activate|p1a: Terapagos|ability: Tera Shell\n|-resisted|p1a: Terapagos\n|-damage|p1a: Terapagos|253/273 slp\n|cant|p1a: Terapagos|slp\n|\n|upkeep\n|turn|24\n|\n|t:|1781396784\n|move|p2a: Gardevoir|Moonblast|p1a: Terapagos\n|-damage|p1a: Terapagos|217/273 slp\n|cant|p1a: Terapagos|slp\n|\n|upkeep\n|turn|25\n|\n|t:|1781396788\n|move|p2a: Gardevoir|Moonblast|p1a: Terapagos\n|-damage|p1a: Terapagos|181/273 slp\n|-unboost|p1a: Terapagos|spa|1\n|-curestatus|p1a: Terapagos|slp|[msg]\n|move|p1a: Terapagos|Calm Mind|p1a: Terapagos\n|-boost|p1a: Terapagos|spa|1\n|-boost|p1a: Terapagos|spd|0\n|\n|upkeep\n|turn|26\n|\n|t:|1781396796\n|move|p2a: Gardevoir|Moonblast|p1a: Terapagos\n|-damage|p1a: Terapagos|145/273\n|move|p1a: Terapagos|Tera Starstorm|p2a: Gardevoir\n|-damage|p2a: Gardevoir|79/249\n|\n|upkeep\n|turn|27\n|\n|t:|1781396803\n|move|p2a: Gardevoir|Moonblast|p1a: Terapagos\n|-damage|p1a: Terapagos|105/273\n|move|p1a: Terapagos|Tera Starstorm|p2a: Gardevoir\n|-damage|p2a: Gardevoir|0 fnt\n|faint|p2a: Gardevoir\n|\n|upkeep\n|\n|t:|1781396809\n|switch|p2a: Houndoom|Houndoom, L87, F|272/272\n|turn|28\n|\n|t:|1781396813\n|move|p2a: Houndoom|Nasty Plot|p2a: Houndoom\n|-boost|p2a: Houndoom|spa|2\n|move|p1a: Terapagos|Rest|p1a: Terapagos\n|-status|p1a: Terapagos|slp|[from] move: Rest\n|-heal|p1a: Terapagos|273/273 slp|[silent]\n|\n|upkeep\n|turn|29\n|\n|t:|1781396820\n|move|p2a: Houndoom|Dark Pulse|p1a: Terapagos\n|-activate|p1a: Terapagos|ability: Tera Shell\n|-resisted|p1a: Terapagos\n|-damage|p1a: Terapagos|252/273 slp\n|cant|p1a: Terapagos|slp\n|\n|upkeep\n|turn|30\n|\n|t:|1781396826\n|move|p2a: Houndoom|Fire Blast|p1a: Terapagos\n|-damage|p1a: Terapagos|183/273 slp\n|cant|p1a: Terapagos|slp\n|\n|upkeep\n|turn|31\n|\n|t:|1781396839\n|move|p2a: Houndoom|Dark Pulse|p1a: Terapagos\n|-damage|p1a: Terapagos|132/273 slp\n|-curestatus|p1a: Terapagos|slp|[msg]\n|move|p1a: Terapagos|Tera Starstorm|p2a: Houndoom\n|-damage|p2a: Houndoom|85/272\n|\n|upkeep\n|turn|32\n|\n|t:|1781396847\n|move|p2a: Houndoom|Dark Pulse|p1a: Terapagos\n|-damage|p1a: Terapagos|87/273\n|cant|p1a: Terapagos|flinch\n|\n|upkeep\n|turn|33\n|\n|t:|1781396852\n|move|p2a: Houndoom|Dark Pulse|p1a: Terapagos\n|-damage|p1a: Terapagos|36/273\n|move|p1a: Terapagos|Tera Starstorm|p2a: Houndoom\n|-damage|p2a: Houndoom|0 fnt\n|faint|p2a: Houndoom\n|\n|win|Duck Cop\n", "inputlog": ">version a8376a258c1d4662feba110a92103f3664a72141\n>start {\"formatid\":\"gen9randombattle\",\"seed\":\"sodium,6160d66fc81ec01abf959e272316f4b1\",\"rated\":\"Rated battle\"}\n>player p1 {\"name\":\"Duck Cop\",\"avatar\":\"aetherfoundation\",\"rating\":1962,\"seed\":\"sodium,deaa763437b69d48811cacf539734c56\"}\n>player p2 {\"name\":\"popinatzsu\",\"avatar\":\"nessa\",\"rating\":1955,\"seed\":\"sodium,dfcd5db8e80d699914c41dc1474417ab\"}\n>p1 move stickyweb\n>p2 move swordsdance\n>p1 move knockoff\n>p2 move leechlife\n>p1 switch 5\n>p1 move stoneaxe\n>p2 move knockoff\n>p2 switch 3\n>p1 switch 4\n>p2 move flareblitz\n>p1 move discharge\n>p2 move flareblitz\n>p1 move discharge\n>p2 move closecombat\n>p1 switch 3\n>p1 move leafblade\n>p2 move extremespeed\n>p2 switch 4\n>p1 move earthquake\n>p2 move closecombat\n>p1 switch 4\n>p1 move xscissor\n>p2 move closecombat\n>p2 switch 2\n>p1 move stoneaxe\n>p2 move darkpulse\n>p1 switch 2\n>p1 move closecombat\n>p2 switch 5\n>p1 move knockoff terastallize\n>p2 move psychic\n>p1 move stoneedge\n>p2 move drainingkiss\n>p2 switch 6\n>p1 move swordsdance\n>p2 move moonblast terastallize\n>p1 switch 6\n>p1 move calmmind\n>p2 move moonblast\n>p1 move calmmind\n>p2 move moonblast\n>p1 move rest\n>p2 move moonblast\n>chat \u2606Duck Cop|moonblast pls\n>p1 move calmmind\n>p2 move moonblast\n>p1 move calmmind\n>p2 move moonblast\n>p1 move calmmind\n>p2 move moonblast\n>p1 move calmmind\n>p2 move moonblast\n>p1 move rest\n>p2 move moonblast\n>p1 move calmmind\n>p2 move moonblast\n>p1 move calmmind\n>p2 move moonblast\n>p1 move calmmind\n>p2 move moonblast\n>p1 move terastarstorm\n>p2 move moonblast\n>p1 move terastarstorm\n>p2 move moonblast\n>p2 switch 5\n>p1 move rest\n>p2 move nastyplot\n>p1 move calmmind\n>p2 move darkpulse\n>p1 move calmmind\n>p2 move fireblast\n>p1 move terastarstorm\n>p2 move darkpulse\n>p1 move terastarstorm\n>p2 move darkpulse\n>p1 move terastarstorm\n>p2 move darkpulse", "uploadtime": 1781396373, "views": 5, "formatid": "gen9randombattle", "rating": null, "private": 0, "password": null}