{"id": "gen9randombattle-2631789038", "format": "[Gen 9] Random Battle", "players": ["costcos_wholesales", "vexdelised"], "log": "|j|\u2606costcos_wholesales\n|j|\u2606vexdelised\n|t:|1781439881\n|gametype|singles\n|player|p1|costcos_wholesales|hiker-gen4|1916\n|player|p2|vexdelised|hooligans|1941\n|gen|9\n|tier|[Gen 9] Random Battle\n|rated|\n|rule|Species Clause: Limit one of each Pok\u00e9mon\n|rule|HP Percentage Mod: HP is shown in percentages\n|rule|Sleep Clause Mod: Limit one foe put to sleep\n|rule|Illusion Level Mod: Illusion disguises the Pok\u00e9mon's true level\n|\n|t:|1781439881\n|teamsize|p1|6\n|teamsize|p2|6\n|start\n|switch|p1a: Clodsire|Clodsire, L81, F|343/343\n|switch|p2a: Arboliva|Arboliva, L91, M|288/288\n|turn|1\n|inactive|Battle timer is ON: inactive players will automatically lose when time's up. (requested by vexdelised)\n|\n|t:|1781439889\n|move|p2a: Arboliva|Substitute|p2a: Arboliva\n|-start|p2a: Arboliva|Substitute\n|-damage|p2a: Arboliva|216/288\n|move|p1a: Clodsire|Toxic Spikes|p2a: Arboliva\n|-sidestart|p2: vexdelised|move: Toxic Spikes\n|\n|upkeep\n|turn|2\n|\n|t:|1781439901\n|move|p2a: Arboliva|Leech Seed|p1a: Clodsire\n|-start|p1a: Clodsire|move: Leech Seed\n|move|p1a: Clodsire|Toxic Spikes|p2a: Arboliva\n|-sidestart|p2: vexdelised|move: Toxic Spikes\n|\n|-damage|p1a: Clodsire|301/343|[from] Leech Seed|[of] p2a: Arboliva\n|-heal|p2a: Arboliva|258/288|[silent]\n|upkeep\n|turn|3\n|\n|t:|1781439933\n|move|p2a: Arboliva|Protect|p2a: Arboliva\n|-singleturn|p2a: Arboliva|Protect\n|move|p1a: Clodsire|Poison Jab|p2a: Arboliva\n|-activate|p2a: Arboliva|move: Protect\n|\n|-heal|p1a: Clodsire|322/343|[from] item: Leftovers\n|-damage|p1a: Clodsire|280/343|[from] Leech Seed|[of] p2a: Arboliva\n|-heal|p2a: Arboliva|288/288|[silent]\n|upkeep\n|turn|4\n|inactive|vexdelised has 120 seconds left.\n|\n|t:|1781439949\n|-terastallize|p2a: Arboliva|Poison\n|move|p2a: Arboliva|Hyper Voice|p1a: Clodsire\n|-damage|p1a: Clodsire|150/343\n|move|p1a: Clodsire|Poison Jab|p2a: Arboliva\n|-resisted|p2a: Arboliva\n|-crit|p2a: Arboliva\n|-activate|p2a: Arboliva|move: Substitute|[damage]\n|\n|-heal|p1a: Clodsire|171/343|[from] item: Leftovers\n|-damage|p1a: Clodsire|129/343|[from] Leech Seed|[of] p2a: Arboliva\n|upkeep\n|turn|5\n|\n|t:|1781439956\n|switch|p1a: Trevenant|Trevenant, L89, M|296/296\n|move|p2a: Arboliva|Protect||[still]\n|-fail|p2a: Arboliva\n|\n|upkeep\n|turn|6\n|inactive|vexdelised has 120 seconds left.\n|\n|t:|1781439980\n|switch|p1a: Vikavolt|Vikavolt, L83, M|263/263\n|move|p2a: Arboliva|Protect||[still]\n|-fail|p2a: Arboliva\n|\n|upkeep\n|turn|7\n|inactive|vexdelised has 120 seconds left.\n|\n|t:|1781439987\n|move|p2a: Arboliva|Hyper Voice|p1a: Vikavolt\n|-damage|p1a: Vikavolt|101/263\n|move|p1a: Vikavolt|Thunderbolt|p2a: Arboliva\n|-end|p2a: Arboliva|Substitute\n|\n|upkeep\n|turn|8\n|\n|t:|1781439997\n|move|p2a: Arboliva|Leech Seed|p1a: Vikavolt\n|-start|p1a: Vikavolt|move: Leech Seed\n|move|p1a: Vikavolt|Sticky Web|p2a: Arboliva\n|-sidestart|p2: vexdelised|move: Sticky Web\n|\n|-damage|p1a: Vikavolt|69/263|[from] Leech Seed|[of] p2a: Arboliva\n|upkeep\n|turn|9\n|\n|t:|1781440007\n|switch|p2a: Volcarona|Volcarona, L77, F|257/257\n|move|p1a: Vikavolt|Thunderbolt|p2a: Volcarona\n|-damage|p2a: Volcarona|130/257\n|-status|p2a: Volcarona|par\n|\n|-damage|p1a: Vikavolt|37/263|[from] Leech Seed|[of] p2a: Volcarona\n|-heal|p2a: Volcarona|162/257 par|[silent]\n|upkeep\n|turn|10\n|\n|t:|1781440022\n|switch|p1a: Reshiram|Reshiram, L76|277/277\n|-ability|p1a: Reshiram|Turboblaze\n|move|p2a: Volcarona|Quiver Dance|p2a: Volcarona\n|-boost|p2a: Volcarona|spa|1\n|-boost|p2a: Volcarona|spd|1\n|-boost|p2a: Volcarona|spe|1\n|\n|upkeep\n|turn|11\n|\n|t:|1781440031\n|switch|p2a: Arboliva|Arboliva, L91, M, tera:Poison|288/288\n|-sideend|p2: vexdelised|move: Toxic Spikes|[of] p2a: Arboliva\n|-activate|p2a: Arboliva|move: Sticky Web\n|-unboost|p2a: Arboliva|spe|1\n|move|p1a: Reshiram|Dragon Dance|p1a: Reshiram\n|-boost|p1a: Reshiram|atk|1\n|-boost|p1a: Reshiram|spe|1\n|\n|upkeep\n|turn|12\n|\n|t:|1781440040\n|move|p1a: Reshiram|Dragon Dance|p1a: Reshiram\n|-boost|p1a: Reshiram|atk|1\n|-boost|p1a: Reshiram|spe|1\n|move|p2a: Arboliva|Leech Seed|p1a: Reshiram\n|-start|p1a: Reshiram|move: Leech Seed\n|\n|-damage|p1a: Reshiram|243/277|[from] Leech Seed|[of] p2a: Arboliva\n|upkeep\n|turn|13\n|\n|t:|1781440046\n|-terastallize|p1a: Reshiram|Dragon\n|move|p1a: Reshiram|Outrage|p2a: Arboliva\n|-damage|p2a: Arboliva|0 fnt\n|faint|p2a: Arboliva\n|\n|upkeep\n|\n|t:|1781440064\n|switch|p2a: Kricketune|Kricketune, L99, M|312/312\n|turn|14\n|\n|t:|1781440067\n|move|p1a: Reshiram|Outrage|p2a: Kricketune|[from] lockedmove\n|-damage|p2a: Kricketune|0 fnt\n|faint|p2a: Kricketune\n|\n|upkeep\n|\n|t:|1781440073\n|switch|p2a: Volcarona|Volcarona, L77, F|162/257 par\n|turn|15\n|\n|t:|1781440075\n|move|p1a: Reshiram|Outrage|p2a: Volcarona|[from] lockedmove\n|-damage|p2a: Volcarona|0 fnt\n|faint|p2a: Volcarona\n|-start|p1a: Reshiram|confusion|[fatigue]\n|\n|upkeep\n|\n|t:|1781440080\n|switch|p2a: Kyurem|Kyurem, L77|319/319\n|-activate|p2a: Kyurem|move: Sticky Web\n|-unboost|p2a: Kyurem|spe|1\n|-ability|p2a: Kyurem|Pressure\n|turn|16\n|\n|t:|1781440083\n|-activate|p1a: Reshiram|confusion\n|move|p1a: Reshiram|Outrage|p2a: Kyurem\n|-supereffective|p2a: Kyurem\n|-damage|p2a: Kyurem|0 fnt\n|faint|p2a: Kyurem\n|\n|upkeep\n|-message|vexdelised forfeited.\n|\n|win|costcos_wholesales\n", "inputlog": ">version a8376a258c1d4662feba110a92103f3664a72141\n>start {\"formatid\":\"gen9randombattle\",\"seed\":\"sodium,4f8edc6a01da17a6a7f5e9a460326d0a\",\"rated\":\"Rated battle\"}\n>player p1 {\"name\":\"costcos_wholesales\",\"avatar\":\"hiker-gen4\",\"rating\":1916,\"seed\":\"sodium,87bb52dc8ff78f87412b88b55f271895\"}\n>player p2 {\"name\":\"vexdelised\",\"avatar\":\"hooligans\",\"rating\":1941,\"seed\":\"sodium,1b827679137fba026eb91505fa02b4cc\"}\n>p1 move toxicspikes\n>p2 move substitute\n>p1 move toxicspikes\n>p2 move leechseed\n>p1 move poisonjab\n>p2 move protect\n>p1 move poisonjab\n>p2 move hypervoice terastallize\n>p1 switch 5\n>p2 move protect\n>p1 switch 4\n>p2 move protect\n>p1 move thunderbolt\n>p2 move hypervoice\n>p1 move stickyweb\n>p2 move leechseed\n>p1 move thunderbolt\n>p2 switch 5\n>p1 switch 6\n>p2 move quiverdance\n>p1 move dragondance\n>p2 switch 5\n>p1 move dragondance\n>p2 move leechseed\n>p1 move outrage terastallize\n>p2 move hypervoice\n>p2 switch 3\n>p1 move outrage\n>p2 move pounce\n>p2 switch 5\n>p1 move outrage\n>p2 move fireblast\n>p2 switch 4\n>p1 move outrage\n>p2 move scaleshot\n>forcelose p2", "uploadtime": 1781439882, "views": 5, "formatid": "gen9randombattle", "rating": null, "private": 0, "password": null}