{"id": "gen9randombattle-2631983808", "format": "[Gen 9] Random Battle", "players": ["kheladi7", "magicaldc"], "log": "|j|\u2606kheladi7\n|j|\u2606magicaldc\n|t:|1781462697\n|gametype|singles\n|player|p1|kheladi7|102|1967\n|player|p2|magicaldc|102|2017\n|gen|9\n|tier|[Gen 9] Random Battle\n|rated|\n|rule|Species Clause: Limit one of each Pok\u00e9mon\n|rule|HP Percentage Mod: HP is shown in percentages\n|rule|Sleep Clause Mod: Limit one foe put to sleep\n|rule|Illusion Level Mod: Illusion disguises the Pok\u00e9mon's true level\n|\n|t:|1781462697\n|teamsize|p1|6\n|teamsize|p2|6\n|start\n|switch|p1a: Ampharos|Ampharos, L88, M|302/302\n|switch|p2a: Swampert|Swampert, L83, F|302/302\n|turn|1\n|inactive|Battle timer is ON: inactive players will automatically lose when time's up. (requested by magicaldc)\n|\n|t:|1781462734\n|switch|p1a: Slowking|Slowking-Galar, L85, M|300/300\n|move|p2a: Swampert|Knock Off|p1a: Slowking\n|-supereffective|p1a: Slowking\n|-damage|p1a: Slowking|128/300\n|-enditem|p1a: Slowking|Leftovers|[from] move: Knock Off|[of] p2a: Swampert\n|\n|upkeep\n|turn|2\n|\n|t:|1781462742\n|switch|p1a: Brute Bonnet|Brute Bonnet, L80|309/309\n|move|p2a: Swampert|Earthquake|p1a: Brute Bonnet\n|-resisted|p1a: Brute Bonnet\n|-damage|p1a: Brute Bonnet|253/309\n|\n|-heal|p1a: Brute Bonnet|272/309|[from] item: Leftovers\n|upkeep\n|turn|3\n|\n|t:|1781462750\n|switch|p2a: Wo-Chien|Wo-Chien, L83|277/277\n|-ability|p2a: Wo-Chien|Tablets of Ruin\n|move|p1a: Brute Bonnet|Spore|p2a: Wo-Chien\n|-immune|p2a: Wo-Chien\n|\n|-heal|p1a: Brute Bonnet|291/309|[from] item: Leftovers\n|upkeep\n|turn|4\n|\n|t:|1781462759\n|move|p2a: Wo-Chien|Knock Off|p1a: Brute Bonnet\n|-resisted|p1a: Brute Bonnet\n|-damage|p1a: Brute Bonnet|250/309\n|-enditem|p1a: Brute Bonnet|Leftovers|[from] move: Knock Off|[of] p2a: Wo-Chien\n|move|p1a: Brute Bonnet|Close Combat|p2a: Wo-Chien\n|-supereffective|p2a: Wo-Chien\n|-damage|p2a: Wo-Chien|143/277\n|-unboost|p1a: Brute Bonnet|def|1\n|-unboost|p1a: Brute Bonnet|spd|1\n|\n|-heal|p2a: Wo-Chien|160/277|[from] item: Leftovers\n|upkeep\n|turn|5\n|\n|t:|1781462770\n|move|p2a: Wo-Chien|Protect|p2a: Wo-Chien\n|-singleturn|p2a: Wo-Chien|Protect\n|move|p1a: Brute Bonnet|Close Combat|p2a: Wo-Chien\n|-activate|p2a: Wo-Chien|move: Protect\n|\n|-heal|p2a: Wo-Chien|177/277|[from] item: Leftovers\n|upkeep\n|turn|6\n|\n|t:|1781462778\n|move|p2a: Wo-Chien|Knock Off|p1a: Brute Bonnet\n|-resisted|p1a: Brute Bonnet\n|-damage|p1a: Brute Bonnet|205/309\n|move|p1a: Brute Bonnet|Close Combat|p2a: Wo-Chien\n|-supereffective|p2a: Wo-Chien\n|-damage|p2a: Wo-Chien|45/277\n|-unboost|p1a: Brute Bonnet|def|1\n|-unboost|p1a: Brute Bonnet|spd|1\n|\n|-heal|p2a: Wo-Chien|62/277|[from] item: Leftovers\n|upkeep\n|turn|7\n|\n|t:|1781462787\n|switch|p2a: Yanmega|Yanmega, L82, F|275/275\n|move|p1a: Brute Bonnet|Spore|p2a: Yanmega\n|-status|p2a: Yanmega|slp|[from] move: Spore\n|\n|upkeep\n|turn|8\n|\n|t:|1781462796\n|-end|p1a: Brute Bonnet|Protosynthesis|[silent]\n|switch|p1a: Frosmoth|Frosmoth, L82, M|249/249\n|cant|p2a: Yanmega|slp\n|\n|upkeep\n|turn|9\n|\n|t:|1781462801\n|cant|p2a: Yanmega|slp\n|move|p1a: Frosmoth|Quiver Dance|p1a: Frosmoth\n|-boost|p1a: Frosmoth|spa|1\n|-boost|p1a: Frosmoth|spd|1\n|-boost|p1a: Frosmoth|spe|1\n|\n|upkeep\n|turn|10\n|\n|t:|1781462807\n|switch|p2a: Revavroom|Revavroom, L79, F|256/256\n|move|p1a: Frosmoth|Quiver Dance|p1a: Frosmoth\n|-boost|p1a: Frosmoth|spa|1\n|-boost|p1a: Frosmoth|spd|1\n|-boost|p1a: Frosmoth|spe|1\n|\n|upkeep\n|turn|11\n|\n|t:|1781462814\n|-terastallize|p1a: Frosmoth|Ground\n|move|p1a: Frosmoth|Tera Blast|p2a: Revavroom|[anim] Tera Blast Ground\n|-supereffective|p2a: Revavroom\n|-damage|p2a: Revavroom|0 fnt\n|faint|p2a: Revavroom\n|\n|upkeep\n|\n|t:|1781462819\n|switch|p2a: Swampert|Swampert, L83, F|302/302\n|turn|12\n|\n|t:|1781462823\n|-terastallize|p2a: Swampert|Poison\n|move|p1a: Frosmoth|Giga Drain|p2a: Swampert\n|-resisted|p2a: Swampert\n|-damage|p2a: Swampert|237/302\n|move|p2a: Swampert|Yawn|p1a: Frosmoth\n|-start|p1a: Frosmoth|move: Yawn|[of] p2a: Swampert\n|\n|-heal|p2a: Swampert|255/302|[from] item: Leftovers\n|upkeep\n|turn|13\n|\n|t:|1781462833\n|switch|p2a: Yanmega|Yanmega, L82, F|275/275 slp\n|move|p1a: Frosmoth|Tera Blast|p2a: Yanmega|[anim] Tera Blast Ground\n|-immune|p2a: Yanmega\n|\n|-end|p1a: Frosmoth|move: Yawn|[silent]\n|-status|p1a: Frosmoth|slp\n|upkeep\n|turn|14\n|\n|t:|1781462842\n|cant|p1a: Frosmoth|slp\n|cant|p2a: Yanmega|slp\n|\n|upkeep\n|turn|15\n|\n|t:|1781462845\n|-curestatus|p1a: Frosmoth|slp|[msg]\n|move|p1a: Frosmoth|Quiver Dance|p1a: Frosmoth\n|-boost|p1a: Frosmoth|spa|1\n|-boost|p1a: Frosmoth|spd|1\n|-boost|p1a: Frosmoth|spe|1\n|-curestatus|p2a: Yanmega|slp|[msg]\n|move|p2a: Yanmega|U-turn|p1a: Frosmoth\n|-damage|p1a: Frosmoth|173/249\n|\n|t:|1781462852\n|switch|p2a: Politoed|Politoed, L88, F|302/302|[from] U-turn\n|-weather|RainDance|[from] ability: Drizzle|[of] p2a: Politoed\n|\n|-weather|RainDance|[upkeep]\n|upkeep\n|turn|16\n|\n|t:|1781462859\n|move|p1a: Frosmoth|Giga Drain|p2a: Politoed\n|-supereffective|p2a: Politoed\n|-damage|p2a: Politoed|32/302\n|-heal|p1a: Frosmoth|249/249|[from] drain|[of] p2a: Politoed\n|move|p2a: Politoed|Haze|p2a: Politoed\n|-clearallboost\n|\n|-weather|RainDance|[upkeep]\n|-heal|p2a: Politoed|50/302|[from] item: Leftovers\n|upkeep\n|turn|17\n|\n|t:|1781462869\n|switch|p1a: Ampharos|Ampharos, L88, M|302/302\n|move|p2a: Politoed|Hydro Pump|p1a: Ampharos\n|-crit|p1a: Ampharos\n|-damage|p1a: Ampharos|139/302\n|\n|-weather|RainDance|[upkeep]\n|-heal|p2a: Politoed|68/302|[from] item: Leftovers\n|upkeep\n|turn|18\n|\n|t:|1781462888\n|switch|p2a: Wo-Chien|Wo-Chien, L83|62/277\n|-ability|p2a: Wo-Chien|Tablets of Ruin\n|move|p1a: Ampharos|Dragon Tail|p2a: Wo-Chien\n|-damage|p2a: Wo-Chien|37/277\n|drag|p2a: Politoed|Politoed, L88, F|68/302\n|\n|-weather|RainDance|[upkeep]\n|-heal|p2a: Politoed|86/302|[from] item: Leftovers\n|upkeep\n|turn|19\n|\n|t:|1781462898\n|move|p2a: Politoed|Hydro Pump|p1a: Ampharos\n|-damage|p1a: Ampharos|24/302\n|move|p1a: Ampharos|Volt Switch|p2a: Politoed\n|-supereffective|p2a: Politoed\n|-damage|p2a: Politoed|0 fnt\n|faint|p2a: Politoed\n|\n|t:|1781462905\n|switch|p1a: Slowking|Slowking-Galar, L85, M|228/300|[from] Volt Switch\n|\n|-weather|none\n|upkeep\n|\n|t:|1781462909\n|switch|p2a: Swampert|Swampert, L83, F, tera:Poison|255/302\n|turn|20\n|\n|t:|1781462914\n|switch|p1a: Brute Bonnet|Brute Bonnet, L80|205/309\n|move|p2a: Swampert|Earthquake|p1a: Brute Bonnet\n|-resisted|p1a: Brute Bonnet\n|-damage|p1a: Brute Bonnet|151/309\n|\n|-heal|p2a: Swampert|273/302|[from] item: Leftovers\n|upkeep\n|turn|21\n|\n|t:|1781462923\n|move|p2a: Swampert|Flip Turn|p1a: Brute Bonnet\n|-resisted|p1a: Brute Bonnet\n|-damage|p1a: Brute Bonnet|117/309\n|\n|t:|1781462925\n|switch|p2a: Wo-Chien|Wo-Chien, L83|37/277|[from] Flip Turn\n|-ability|p2a: Wo-Chien|Tablets of Ruin\n|move|p1a: Brute Bonnet|Close Combat|p2a: Wo-Chien\n|-supereffective|p2a: Wo-Chien\n|-damage|p2a: Wo-Chien|0 fnt\n|-unboost|p1a: Brute Bonnet|def|1\n|-unboost|p1a: Brute Bonnet|spd|1\n|faint|p2a: Wo-Chien\n|\n|upkeep\n|\n|t:|1781462928\n|switch|p2a: Yanmega|Yanmega, L82, F|275/275\n|turn|22\n|\n|t:|1781462940\n|-end|p1a: Brute Bonnet|Protosynthesis|[silent]\n|switch|p1a: Lycanroc|Lycanroc-Midnight, L89, M|296/296\n|move|p2a: Yanmega|Bug Buzz|p1a: Lycanroc\n|-damage|p1a: Lycanroc|140/296\n|\n|upkeep\n|turn|23\n|\n|t:|1781462948\n|move|p2a: Yanmega|Bug Buzz|p1a: Lycanroc\n|-damage|p1a: Lycanroc|0 fnt\n|faint|p1a: Lycanroc\n|\n|upkeep\n|\n|t:|1781462957\n|switch|p1a: Frosmoth|Frosmoth, L82, M, tera:Ground|249/249\n|turn|24\n|\n|t:|1781462962\n|switch|p2a: Swampert|Swampert, L83, F, tera:Poison|273/302\n|move|p1a: Frosmoth|Quiver Dance|p1a: Frosmoth\n|-boost|p1a: Frosmoth|spa|1\n|-boost|p1a: Frosmoth|spd|1\n|-boost|p1a: Frosmoth|spe|1\n|\n|-heal|p2a: Swampert|291/302|[from] item: Leftovers\n|upkeep\n|turn|25\n|\n|t:|1781462969\n|move|p1a: Frosmoth|Tera Blast|p2a: Swampert|[anim] Tera Blast Ground\n|-supereffective|p2a: Swampert\n|-damage|p2a: Swampert|0 fnt\n|faint|p2a: Swampert\n|\n|upkeep\n|\n|t:|1781462973\n|switch|p2a: Tauros|Tauros-Paldea-Combat, L82, M|257/257\n|-ability|p2a: Tauros|Intimidate|boost\n|-unboost|p1a: Frosmoth|atk|1\n|turn|26\n|\n|t:|1781462980\n|switch|p1a: Slowking|Slowking-Galar, L85, M|300/300\n|move|p2a: Tauros|Close Combat|p1a: Slowking\n|-resisted|p1a: Slowking\n|-damage|p1a: Slowking|248/300\n|-unboost|p2a: Tauros|def|1\n|-unboost|p2a: Tauros|spd|1\n|\n|upkeep\n|turn|27\n|-message|magicaldc forfeited.\n|\n|win|kheladi7\n", "uploadtime": 1781462700, "views": 4, "formatid": "gen9randombattle", "rating": null, "private": 0, "password": null}