{"id": "gen9randombattle-2631874750", "format": "[Gen 9] Random Battle", "players": ["Impeetee", "cansermaro8"], "log": "|j|\u203dImpeetee\n|j|\u2606cansermaro8\n|t:|1781450780\n|gametype|singles\n|player|p1|Impeetee|2|2270\n|player|p2|cansermaro8|266|2283\n|gen|9\n|tier|[Gen 9] Random Battle\n|rated|\n|rule|Species Clause: Limit one of each Pok\u00e9mon\n|rule|HP Percentage Mod: HP is shown in percentages\n|rule|Sleep Clause Mod: Limit one foe put to sleep\n|rule|Illusion Level Mod: Illusion disguises the Pok\u00e9mon's true level\n|\n|t:|1781450780\n|teamsize|p1|6\n|teamsize|p2|6\n|start\n|switch|p1a: Sudowoodo|Sudowoodo, L94, F|284/284\n|switch|p2a: Snorlax|Snorlax, L82, M|397/397\n|turn|1\n|\n|t:|1781450794\n|switch|p2a: Camerupt|Camerupt, L91, F|275/275\n|move|p1a: Sudowoodo|Head Smash|p2a: Camerupt\n|-damage|p2a: Camerupt|0 fnt\n|faint|p2a: Camerupt\n|\n|upkeep\n|inactive|Battle timer is ON: inactive players will automatically lose when time's up. (requested by Impeetee)\n|\n|t:|1781450799\n|switch|p2a: Electrode|Electrode-Hisui, L87|246/246\n|turn|2\n|\n|t:|1781450805\n|switch|p1a: Iron Leaves|Iron Leaves, L80|275/275\n|move|p2a: Electrode|Leaf Storm|p1a: Iron Leaves\n|-resisted|p1a: Iron Leaves\n|-damage|p1a: Iron Leaves|197/275\n|-unboost|p2a: Electrode|spa|2\n|-damage|p2a: Electrode|222/246|[from] item: Life Orb\n|\n|upkeep\n|turn|3\n|\n|t:|1781450812\n|switch|p2a: Arceus|Arceus-Fire, L72|291/291\n|move|p1a: Iron Leaves|Psyblade|p2a: Arceus\n|-damage|p2a: Arceus|170/291\n|-damage|p1a: Iron Leaves|170/275|[from] item: Life Orb\n|\n|upkeep\n|turn|4\n|\n|t:|1781450821\n|-end|p1a: Iron Leaves|Quark Drive|[silent]\n|switch|p1a: Garchomp|Garchomp, L74, M|282/282\n|move|p2a: Arceus|Recover|p2a: Arceus\n|-heal|p2a: Arceus|291/291\n|\n|upkeep\n|turn|5\n|\n|t:|1781450839\n|-terastallize|p2a: Arceus|Grass\n|move|p2a: Arceus|Calm Mind|p2a: Arceus\n|-boost|p2a: Arceus|spa|1\n|-boost|p2a: Arceus|spd|1\n|move|p1a: Garchomp|Stealth Rock|p2a: Arceus\n|-sidestart|p2: cansermaro8|move: Stealth Rock\n|\n|upkeep\n|turn|6\n|\n|t:|1781450843\n|move|p2a: Arceus|Energy Ball|p1a: Garchomp\n|-damage|p1a: Garchomp|140/282\n|move|p1a: Garchomp|Dragon Tail|p2a: Arceus\n|-damage|p2a: Arceus|239/291\n|drag|p2a: Snorlax|Snorlax, L82, M|397/397\n|-damage|p2a: Snorlax|348/397|[from] Stealth Rock\n|\n|upkeep\n|turn|7\n|\n|t:|1781450850\n|move|p2a: Snorlax|Body Slam|p1a: Garchomp\n|-damage|p1a: Garchomp|40/282\n|-damage|p2a: Snorlax|299/397|[from] ability: Rough Skin|[of] p1a: Garchomp\n|-damage|p2a: Snorlax|233/397|[from] item: Rocky Helmet|[of] p1a: Garchomp\n|move|p1a: Garchomp|Dragon Tail|p2a: Snorlax\n|-damage|p2a: Snorlax|155/397\n|drag|p2a: Dunsparce|Dunsparce, L86, M|312/312\n|-damage|p2a: Dunsparce|273/312|[from] Stealth Rock\n|\n|upkeep\n|turn|8\n|\n|t:|1781450862\n|move|p1a: Garchomp|Outrage|p2a: Dunsparce\n|-damage|p2a: Dunsparce|182/312\n|move|p2a: Dunsparce|Body Slam|p1a: Garchomp\n|-damage|p1a: Garchomp|0 fnt\n|-damage|p2a: Dunsparce|143/312|[from] ability: Rough Skin|[of] p1a: Garchomp\n|-damage|p2a: Dunsparce|91/312|[from] item: Rocky Helmet|[of] p1a: Garchomp\n|faint|p1a: Garchomp\n|\n|upkeep\n|\n|t:|1781450872\n|switch|p1a: Iron Leaves|Iron Leaves, L80|170/275\n|turn|9\n|\n|t:|1781450882\n|move|p1a: Iron Leaves|Psyblade|p2a: Dunsparce\n|-damage|p2a: Dunsparce|0 fnt\n|faint|p2a: Dunsparce\n|-damage|p1a: Iron Leaves|143/275|[from] item: Life Orb\n|\n|upkeep\n|\n|t:|1781450884\n|switch|p2a: Arceus|Arceus-Fire, L72, tera:Grass|239/291\n|-damage|p2a: Arceus|203/291|[from] Stealth Rock\n|turn|10\n|\n|t:|1781450891\n|-end|p1a: Iron Leaves|Quark Drive|[silent]\n|switch|p1a: Lanturn|Lanturn, L89, F|367/367\n|move|p2a: Arceus|Judgment|p1a: Lanturn\n|-resisted|p1a: Lanturn\n|-damage|p1a: Lanturn|310/367\n|\n|-heal|p1a: Lanturn|332/367|[from] item: Leftovers\n|upkeep\n|turn|11\n|\n|t:|1781450893\n|move|p2a: Arceus|Energy Ball|p1a: Lanturn\n|-supereffective|p1a: Lanturn\n|-damage|p1a: Lanturn|158/367\n|move|p1a: Lanturn|Thunder Wave|p2a: Arceus\n|-status|p2a: Arceus|par\n|\n|-heal|p1a: Lanturn|180/367|[from] item: Leftovers\n|upkeep\n|turn|12\n|\n|t:|1781450900\n|move|p1a: Lanturn|Ice Beam|p2a: Arceus\n|-supereffective|p2a: Arceus\n|-damage|p2a: Arceus|89/291 par\n|move|p2a: Arceus|Energy Ball|p1a: Lanturn\n|-supereffective|p1a: Lanturn\n|-damage|p1a: Lanturn|0 fnt\n|faint|p1a: Lanturn\n|\n|upkeep\n|\n|t:|1781450911\n|switch|p1a: Maushold|Maushold-Four, L76|238/238\n|turn|13\n|\n|t:|1781450922\n|move|p1a: Maushold|Population Bomb|p2a: Arceus\n|-damage|p2a: Arceus|67/291 par\n|-damage|p2a: Arceus|48/291 par\n|-damage|p2a: Arceus|27/291 par\n|-damage|p2a: Arceus|8/291 par\n|-damage|p2a: Arceus|0 fnt\n|faint|p2a: Arceus\n|-hitcount|p2: Arceus|5\n|\n|upkeep\n|\n|t:|1781450927\n|switch|p2a: Electrode|Electrode-Hisui, L87|222/246\n|-damage|p2a: Electrode|192/246|[from] Stealth Rock\n|turn|14\n|\n|t:|1781450935\n|move|p2a: Electrode|Leaf Storm|p1a: Maushold\n|-damage|p1a: Maushold|18/238\n|-unboost|p2a: Electrode|spa|2\n|-damage|p2a: Electrode|168/246|[from] item: Life Orb\n|move|p1a: Maushold|Population Bomb|p2a: Electrode\n|-damage|p2a: Electrode|144/246\n|-damage|p2a: Electrode|120/246\n|-damage|p2a: Electrode|95/246\n|-damage|p2a: Electrode|68/246\n|-damage|p2a: Electrode|44/246\n|-damage|p2a: Electrode|19/246\n|-damage|p2a: Electrode|0 fnt\n|-damage|p1a: Maushold|0 fnt|[from] ability: Aftermath|[of] p2a: Electrode\n|faint|p2a: Electrode\n|faint|p1a: Maushold\n|-hitcount|p2: Electrode|7\n|\n|upkeep\n|\n|t:|1781450944\n|switch|p2a: Palafin|Palafin, L77, F|281/281\n|switch|p1a: Sudowoodo|Sudowoodo, L94, F|284/284\n|-damage|p2a: Palafin|246/281|[from] Stealth Rock\n|turn|15\n|\n|t:|1781450952\n|detailschange|p2a: Palafin|Palafin-Hero, L77, F\n|switch|p2a: Snorlax|Snorlax, L82, M|155/397\n|-damage|p2a: Snorlax|106/397|[from] Stealth Rock\n|switch|p1a: Iron Leaves|Iron Leaves, L80|143/275\n|\n|upkeep\n|turn|16\n|\n|t:|1781450955\n|move|p1a: Iron Leaves|Leaf Blade|p2a: Snorlax\n|-damage|p2a: Snorlax|0 fnt\n|faint|p2a: Snorlax\n|-damage|p1a: Iron Leaves|116/275|[from] item: Life Orb\n|\n|upkeep\n|\n|t:|1781450958\n|switch|p2a: Palafin|Palafin-Hero, L77, F|246/281\n|-damage|p2a: Palafin|211/281|[from] Stealth Rock\n|-activate|p2a: Palafin|ability: Zero to Hero\n|turn|17\n|\n|t:|1781450961\n|move|p1a: Iron Leaves|Leaf Blade|p2a: Palafin\n|-supereffective|p2a: Palafin\n|-damage|p2a: Palafin|0 fnt\n|faint|p2a: Palafin\n|-damage|p1a: Iron Leaves|89/275|[from] item: Life Orb\n|\n|win|Impeetee\n|raw|Impeetee's rating: 2270 &rarr; <strong>2291</strong><br />(+21 for winning)\n|raw|cansermaro8's rating: 2283 &rarr; <strong>2262</strong><br />(-21 for losing)\n", "inputlog": ">version a8376a258c1d4662feba110a92103f3664a72141\n>start {\"formatid\":\"gen9randombattle\",\"seed\":\"sodium,30208c290245d0c720ce5661911d8f42\",\"rated\":\"Rated battle\"}\n>player p1 {\"name\":\"Impeetee\",\"avatar\":\"2\",\"rating\":2270,\"seed\":\"sodium,5e24b5dae7df85f1bfdaddd89e22f234\"}\n>player p2 {\"name\":\"cansermaro8\",\"avatar\":\"266\",\"rating\":2283,\"seed\":\"sodium,22d9def5e5de28628ad0fa276cbd75bb\"}\n>p1 move headsmash\n>p2 switch 6\n>p2 switch 5\n>p1 switch 4\n>p2 move leafstorm\n>p1 move psyblade\n>p2 switch 3\n>p1 switch 6\n>p2 move recover\n>p1 move stealthrock\n>p2 move calmmind terastallize\n>p1 move dragontail\n>p2 move energyball\n>p1 move dragontail\n>p2 move bodyslam\n>p1 move outrage\n>p2 move bodyslam\n>p1 switch 6\n>p1 move psyblade\n>p2 move bodyslam\n>p2 switch 6\n>p1 switch 2\n>p2 move judgment\n>p1 move thunderwave\n>p2 move energyball\n>p1 move icebeam\n>p2 move energyball\n>p1 switch 3\n>p1 move populationbomb\n>p2 move energyball\n>p2 switch 3\n>p1 move populationbomb\n>p2 move leafstorm\n>p1 switch 4\n>p2 switch 4\n>p1 switch 2\n>p2 switch 2\n>p1 move leafblade\n>p2 move bodyslam\n>p2 switch 2\n>p1 move leafblade\n>p2 move bulkup", "uploadtime": 1781450782, "views": 5, "formatid": "gen9randombattle", "rating": 2262, "private": 0, "password": null}