{"id": "gen9randombattle-2631424411", "format": "[Gen 9] Random Battle", "players": ["xadu133", "G0d_OfMars20"], "log": "|j|\u2606xadu133\n|j|\u2606G0d_OfMars20\n|t:|1781382980\n|gametype|singles\n|player|p1|xadu133|norman|1942\n|player|p2|G0d_OfMars20|chili|1902\n|gen|9\n|tier|[Gen 9] Random Battle\n|rated|\n|rule|Species Clause: Limit one of each Pok\u00e9mon\n|rule|HP Percentage Mod: HP is shown in percentages\n|rule|Sleep Clause Mod: Limit one foe put to sleep\n|rule|Illusion Level Mod: Illusion disguises the Pok\u00e9mon's true level\n|\n|t:|1781382980\n|teamsize|p1|6\n|teamsize|p2|6\n|start\n|switch|p1a: Porygon2|Porygon2, L81|270/270\n|switch|p2a: Charizard|Charizard, L85, F|271/271\n|-ability|p1a: Porygon2|Download|boost\n|-boost|p1a: Porygon2|atk|1\n|turn|1\n|inactive|Battle timer is ON: inactive players will automatically lose when time's up. (requested by G0d_OfMars20)\n|inactive|xadu133 also wants the timer to be on.\n|\n|t:|1781382995\n|switch|p2a: Conkeldurr|Conkeldurr, L80, F|299/299\n|move|p1a: Porygon2|Discharge|p2a: Conkeldurr\n|-damage|p2a: Conkeldurr|231/299\n|\n|-status|p2a: Conkeldurr|brn|[from] item: Flame Orb\n|upkeep\n|turn|2\n|\n|t:|1781383012\n|switch|p1a: Kilowattrel|Kilowattrel, L83, M|252/252\n|move|p2a: Conkeldurr|Facade|p1a: Kilowattrel\n|-crit|p1a: Kilowattrel\n|-damage|p1a: Kilowattrel|0 fnt\n|faint|p1a: Kilowattrel\n|\n|-damage|p2a: Conkeldurr|213/299 brn|[from] brn\n|upkeep\n|inactive|xadu133 has 120 seconds left.\n|\n|t:|1781383033\n|switch|p1a: Iron Jugulis|Iron Jugulis, L77|271/271\n|turn|3\n|\n|t:|1781383054\n|switch|p2a: Dialga|Dialga, L73|266/266\n|-ability|p2a: Dialga|Pressure\n|move|p1a: Iron Jugulis|Hurricane|p2a: Dialga\n|-resisted|p2a: Dialga\n|-damage|p2a: Dialga|202/266\n|-start|p2a: Dialga|confusion\n|\n|-heal|p2a: Dialga|218/266|[from] item: Leftovers\n|upkeep\n|turn|4\n|\n|t:|1781383064\n|move|p1a: Iron Jugulis|Meteor Beam||[still]\n|-prepare|p1a: Iron Jugulis|Meteor Beam\n|-boost|p1a: Iron Jugulis|spa|1\n|-enditem|p1a: Iron Jugulis|Power Herb\n|-anim|p1a: Iron Jugulis|Meteor Beam|p2a: Dialga\n|-resisted|p2a: Dialga\n|-damage|p2a: Dialga|148/266\n|-activate|p2a: Dialga|confusion\n|move|p2a: Dialga|Thunder Wave|p1a: Iron Jugulis\n|-status|p1a: Iron Jugulis|par\n|\n|-heal|p2a: Dialga|164/266|[from] item: Leftovers\n|upkeep\n|turn|5\n|\n|t:|1781383073\n|-end|p2a: Dialga|confusion\n|move|p2a: Dialga|Heavy Slam|p1a: Iron Jugulis\n|-damage|p1a: Iron Jugulis|133/271 par\n|move|p1a: Iron Jugulis|Earth Power|p2a: Dialga\n|-supereffective|p2a: Dialga\n|-damage|p2a: Dialga|0 fnt\n|faint|p2a: Dialga\n|\n|upkeep\n|\n|t:|1781383099\n|switch|p2a: Mightyena|Mightyena, L96, F|290/290\n|-ability|p2a: Mightyena|Intimidate|boost\n|-unboost|p1a: Iron Jugulis|atk|1\n|turn|6\n|\n|t:|1781383106\n|move|p2a: Mightyena|Play Rough|p1a: Iron Jugulis\n|-supereffective|p1a: Iron Jugulis\n|-damage|p1a: Iron Jugulis|0 fnt\n|faint|p1a: Iron Jugulis\n|-end|p1a: Iron Jugulis|Quark Drive|[silent]\n|\n|upkeep\n|\n|t:|1781383112\n|switch|p1a: Snorlax|Snorlax, L82, M|397/397\n|turn|7\n|\n|t:|1781383118\n|-terastallize|p1a: Snorlax|Poison\n|move|p2a: Mightyena|Super Fang|p1a: Snorlax\n|-damage|p1a: Snorlax|199/397\n|move|p1a: Snorlax|Curse|p1a: Snorlax\n|-unboost|p1a: Snorlax|spe|1\n|-boost|p1a: Snorlax|atk|1\n|-boost|p1a: Snorlax|def|1\n|\n|-heal|p1a: Snorlax|223/397|[from] item: Leftovers\n|upkeep\n|turn|8\n|\n|t:|1781383122\n|switch|p2a: Toxapex|Toxapex, L82, F|216/216\n|move|p1a: Snorlax|Curse|p1a: Snorlax\n|-unboost|p1a: Snorlax|spe|1\n|-boost|p1a: Snorlax|atk|1\n|-boost|p1a: Snorlax|def|1\n|\n|-heal|p1a: Snorlax|247/397|[from] item: Leftovers\n|upkeep\n|turn|9\n|\n|t:|1781383127\n|move|p2a: Toxapex|Haze|p2a: Toxapex\n|-clearallboost\n|move|p1a: Snorlax|Body Slam|p2a: Toxapex\n|-damage|p2a: Toxapex|156/216\n|-damage|p1a: Snorlax|181/397|[from] item: Rocky Helmet|[of] p2a: Toxapex\n|\n|-heal|p1a: Snorlax|205/397|[from] item: Leftovers\n|upkeep\n|turn|10\n|\n|t:|1781383146\n|move|p2a: Toxapex|Toxic Spikes|p1a: Snorlax\n|-sidestart|p1: xadu133|move: Toxic Spikes\n|move|p1a: Snorlax|Body Slam|p2a: Toxapex\n|-damage|p2a: Toxapex|93/216\n|-damage|p1a: Snorlax|139/397|[from] item: Rocky Helmet|[of] p2a: Toxapex\n|\n|-heal|p1a: Snorlax|163/397|[from] item: Leftovers\n|upkeep\n|turn|11\n|\n|t:|1781383168\n|move|p2a: Toxapex|Recover|p2a: Toxapex\n|-heal|p2a: Toxapex|201/216\n|move|p1a: Snorlax|Earthquake|p2a: Toxapex\n|-supereffective|p2a: Toxapex\n|-crit|p2a: Toxapex\n|-damage|p2a: Toxapex|51/216\n|\n|-heal|p1a: Snorlax|187/397|[from] item: Leftovers\n|upkeep\n|turn|12\n|\n|t:|1781383174\n|switch|p2a: Conkeldurr|Conkeldurr, L80, F|213/299 brn\n|move|p1a: Snorlax|Earthquake|p2a: Conkeldurr\n|-damage|p2a: Conkeldurr|136/299 brn\n|\n|-heal|p1a: Snorlax|211/397|[from] item: Leftovers\n|-damage|p2a: Conkeldurr|118/299 brn|[from] brn\n|upkeep\n|turn|13\n|\n|t:|1781383183\n|move|p2a: Conkeldurr|Facade|p1a: Snorlax\n|-damage|p1a: Snorlax|0 fnt\n|faint|p1a: Snorlax\n|\n|-damage|p2a: Conkeldurr|100/299 brn|[from] brn\n|upkeep\n|\n|t:|1781383194\n|switch|p1a: Sceptile|Sceptile, L87, M|264/264\n|-status|p1a: Sceptile|psn\n|turn|14\n|\n|t:|1781383213\n|move|p2a: Conkeldurr|Mach Punch|p1a: Sceptile\n|-damage|p1a: Sceptile|167/264 psn\n|move|p1a: Sceptile|Giga Drain|p2a: Conkeldurr\n|-damage|p2a: Conkeldurr|0 fnt\n|-heal|p1a: Sceptile|217/264 psn|[from] drain|[of] p2a: Conkeldurr\n|faint|p2a: Conkeldurr\n|\n|-heal|p1a: Sceptile|233/264 psn|[from] item: Leftovers\n|-damage|p1a: Sceptile|200/264 psn|[from] psn\n|upkeep\n|\n|t:|1781383216\n|switch|p2a: Charizard|Charizard, L85, F|271/271\n|turn|15\n|inactive|xadu133 has 120 seconds left.\n|\n|t:|1781383256\n|move|p1a: Sceptile|Leech Seed|p2a: Charizard\n|-start|p2a: Charizard|move: Leech Seed\n|move|p2a: Charizard|Flamethrower|p1a: Sceptile\n|-supereffective|p1a: Sceptile\n|-damage|p1a: Sceptile|0 fnt\n|faint|p1a: Sceptile\n|\n|upkeep\n|\n|t:|1781383262\n|switch|p1a: Terrakion|Terrakion, L79|273/273\n|-status|p1a: Terrakion|psn\n|turn|16\n|\n|t:|1781383274\n|switch|p2a: Mightyena|Mightyena, L96, F|290/290\n|-ability|p2a: Mightyena|Intimidate|boost\n|-unboost|p1a: Terrakion|atk|1\n|move|p1a: Terrakion|Swords Dance|p1a: Terrakion\n|-boost|p1a: Terrakion|atk|2\n|\n|-damage|p1a: Terrakion|239/273 psn|[from] psn\n|upkeep\n|turn|17\n|\n|t:|1781383281\n|switch|p2a: Toxapex|Toxapex, L82, F|123/216\n|move|p1a: Terrakion|Close Combat|p2a: Toxapex\n|-resisted|p2a: Toxapex\n|-damage|p2a: Toxapex|36/216\n|-unboost|p1a: Terrakion|def|1\n|-unboost|p1a: Terrakion|spd|1\n|-damage|p1a: Terrakion|194/273 psn|[from] item: Rocky Helmet|[of] p2a: Toxapex\n|-damage|p1a: Terrakion|167/273 psn|[from] item: Life Orb\n|\n|-damage|p1a: Terrakion|133/273 psn|[from] psn\n|upkeep\n|turn|18\n|\n|t:|1781383289\n|switch|p2a: Mightyena|Mightyena, L96, F|290/290\n|-ability|p2a: Mightyena|Intimidate|boost\n|-unboost|p1a: Terrakion|atk|1\n|move|p1a: Terrakion|Stone Edge|p2a: Mightyena\n|-damage|p2a: Mightyena|129/290\n|-damage|p1a: Terrakion|106/273 psn|[from] item: Life Orb\n|\n|-damage|p1a: Terrakion|72/273 psn|[from] psn\n|upkeep\n|turn|19\n|\n|t:|1781383296\n|move|p1a: Terrakion|Close Combat|p2a: Mightyena\n|-supereffective|p2a: Mightyena\n|-damage|p2a: Mightyena|0 fnt\n|-unboost|p1a: Terrakion|def|1\n|-unboost|p1a: Terrakion|spd|1\n|faint|p2a: Mightyena\n|-damage|p1a: Terrakion|45/273 psn|[from] item: Life Orb\n|\n|-damage|p1a: Terrakion|11/273 psn|[from] psn\n|upkeep\n|\n|t:|1781383299\n|switch|p2a: Charizard|Charizard, L85, F|271/271\n|turn|20\n|\n|t:|1781383302\n|move|p2a: Charizard|Flamethrower|p1a: Terrakion\n|-resisted|p1a: Terrakion\n|-damage|p1a: Terrakion|0 fnt\n|faint|p1a: Terrakion\n|\n|upkeep\n|\n|t:|1781383304\n|switch|p1a: Porygon2|Porygon2, L81|270/270\n|-status|p1a: Porygon2|psn\n|-ability|p1a: Porygon2|Download|boost\n|-boost|p1a: Porygon2|atk|1\n|turn|21\n|\n|t:|1781383324\n|move|p2a: Charizard|Focus Blast|p1a: Porygon2|[miss]\n|-miss|p2a: Charizard|p1a: Porygon2\n|move|p1a: Porygon2|Discharge|p2a: Charizard\n|-supereffective|p2a: Charizard\n|-damage|p2a: Charizard|159/271\n|\n|-damage|p1a: Porygon2|237/270 psn|[from] psn\n|upkeep\n|turn|22\n|\n|t:|1781383331\n|move|p2a: Charizard|Focus Blast|p1a: Porygon2\n|-supereffective|p1a: Porygon2\n|-damage|p1a: Porygon2|105/270 psn\n|move|p1a: Porygon2|Discharge|p2a: Charizard\n|-supereffective|p2a: Charizard\n|-crit|p2a: Charizard\n|-damage|p2a: Charizard|0 fnt\n|faint|p2a: Charizard\n|\n|-damage|p1a: Porygon2|72/270 psn|[from] psn\n|upkeep\n|\n|t:|1781383342\n|switch|p2a: Terapagos|Terapagos, L77, M|265/265\n|-activate|p2a: Terapagos|ability: Tera Shift\n|detailschange|p2a: Terapagos|Terapagos-Terastal, L77, M\n|-heal|p2a: Terapagos|273/273|[silent]\n|turn|23\n|\n|t:|1781383346\n|move|p2a: Terapagos|Calm Mind|p2a: Terapagos\n|-boost|p2a: Terapagos|spa|1\n|-boost|p2a: Terapagos|spd|1\n|move|p1a: Porygon2|Recover|p1a: Porygon2\n|-heal|p1a: Porygon2|207/270 psn\n|\n|-damage|p1a: Porygon2|174/270 psn|[from] psn\n|upkeep\n|turn|24\n|\n|t:|1781383348\n|move|p2a: Terapagos|Calm Mind|p2a: Terapagos\n|-boost|p2a: Terapagos|spa|1\n|-boost|p2a: Terapagos|spd|1\n|move|p1a: Porygon2|Discharge|p2a: Terapagos\n|-activate|p2a: Terapagos|ability: Tera Shell\n|-resisted|p2a: Terapagos\n|-damage|p2a: Terapagos|261/273\n|\n|-damage|p1a: Porygon2|141/270 psn|[from] psn\n|upkeep\n|turn|25\n|\n|t:|1781383351\n|move|p2a: Terapagos|Tera Starstorm|p1a: Porygon2\n|-damage|p1a: Porygon2|0 fnt\n|faint|p1a: Porygon2\n|\n|win|G0d_OfMars20\n", "uploadtime": 1781382983, "views": 8, "formatid": "gen9randombattle", "rating": null, "private": 0, "password": null}