{"id": "gen9randombattle-2631738426", "format": "[Gen 9] Random Battle", "players": ["NymeriaStorm1", "wait im so goated"], "log": "|j|\u2606NymeriaStorm1\n|j|\u2606wait im so goated\n|t:|1781431520\n|gametype|singles\n|player|p1|NymeriaStorm1|roxanne|1249\n|player|p2|wait im so goated|waitress|1284\n|gen|9\n|tier|[Gen 9] Random Battle\n|rated|\n|rule|Species Clause: Limit one of each Pok\u00e9mon\n|rule|HP Percentage Mod: HP is shown in percentages\n|rule|Sleep Clause Mod: Limit one foe put to sleep\n|rule|Illusion Level Mod: Illusion disguises the Pok\u00e9mon's true level\n|\n|t:|1781431520\n|teamsize|p1|6\n|teamsize|p2|6\n|start\n|switch|p1a: Kommo-o|Kommo-o, L78, M|245/245\n|switch|p2a: Gogoat|Gogoat, L88, F|360/360\n|turn|1\n|inactive|Battle timer is ON: inactive players will automatically lose when time's up. (requested by NymeriaStorm1)\n|\n|t:|1781431535\n|switch|p2a: Hatterene|Hatterene, L85, F|236/236\n|move|p1a: Kommo-o|Clangorous Soul|p1a: Kommo-o\n|-boost|p1a: Kommo-o|atk|1\n|-boost|p1a: Kommo-o|def|1\n|-boost|p1a: Kommo-o|spa|1\n|-boost|p1a: Kommo-o|spd|1\n|-boost|p1a: Kommo-o|spe|1\n|-damage|p1a: Kommo-o|165/245\n|-enditem|p1a: Kommo-o|Throat Spray\n|-boost|p1a: Kommo-o|spa|1|[from] item: Throat Spray\n|\n|upkeep\n|turn|2\n|\n|t:|1781431549\n|-terastallize|p1a: Kommo-o|Normal\n|move|p1a: Kommo-o|Boomburst|p2a: Hatterene\n|-damage|p2a: Hatterene|0 fnt\n|faint|p2a: Hatterene\n|\n|upkeep\n|inactive|wait im so goated has 120 seconds left.\n|\n|t:|1781431594\n|switch|p2a: Alcremie|Alcremie-Matcha-Cream, L90, F|263/263\n|turn|3\n|\n|t:|1781431607\n|move|p1a: Kommo-o|Boomburst|p2a: Alcremie\n|-damage|p2a: Alcremie|77/263\n|move|p2a: Alcremie|Alluring Voice|p1a: Kommo-o\n|-immune|p1a: Kommo-o|[from] ability: Soundproof\n|\n|-heal|p2a: Alcremie|93/263|[from] item: Leftovers\n|upkeep\n|turn|4\n|c|\u2606wait im so goated|i\n|c|\u2606wait im so goated|lowkey forgot\n|c|\u2606wait im so goated|LOL\n|\n|t:|1781431619\n|move|p1a: Kommo-o|Boomburst|p2a: Alcremie\n|-damage|p2a: Alcremie|0 fnt\n|faint|p2a: Alcremie\n|\n|upkeep\n|inactive|wait im so goated has 90 seconds left.\n|\n|t:|1781431652\n|switch|p2a: Landorus|Landorus-Therian, L76, M|260/260\n|-ability|p2a: Landorus|Intimidate|boost\n|-unboost|p1a: Kommo-o|atk|1\n|turn|5\n|\n|t:|1781431671\n|move|p1a: Kommo-o|Boomburst|p2a: Landorus\n|-damage|p2a: Landorus|0 fnt\n|faint|p2a: Landorus\n|\n|upkeep\n|\n|t:|1781431675\n|switch|p2a: Duraludon|Duraludon, L82, F|249/249\n|turn|6\n|\n|t:|1781431684\n|move|p1a: Kommo-o|Drain Punch|p2a: Duraludon\n|-supereffective|p2a: Duraludon\n|-damage|p2a: Duraludon|159/249\n|-heal|p1a: Kommo-o|210/245|[from] drain|[of] p2a: Duraludon\n|move|p2a: Duraludon|Body Press|p1a: Kommo-o\n|-supereffective|p1a: Kommo-o\n|-damage|p1a: Kommo-o|144/245\n|\n|upkeep\n|turn|7\n|inactive|wait im so goated has 90 seconds left.\n|\n|t:|1781431694\n|move|p1a: Kommo-o|Drain Punch|p2a: Duraludon\n|-supereffective|p2a: Duraludon\n|-damage|p2a: Duraludon|67/249\n|-heal|p1a: Kommo-o|190/245|[from] drain|[of] p2a: Duraludon\n|move|p2a: Duraludon|Thunder Wave|p1a: Kommo-o\n|-status|p1a: Kommo-o|par\n|\n|upkeep\n|turn|8\n|\n|t:|1781431701\n|move|p2a: Duraludon|Body Press|p1a: Kommo-o\n|-supereffective|p1a: Kommo-o\n|-damage|p1a: Kommo-o|118/245 par\n|cant|p1a: Kommo-o|par\n|\n|upkeep\n|turn|9\n|\n|t:|1781431710\n|move|p2a: Duraludon|Body Press|p1a: Kommo-o\n|-supereffective|p1a: Kommo-o\n|-damage|p1a: Kommo-o|54/245 par\n|move|p1a: Kommo-o|Drain Punch|p2a: Duraludon\n|-supereffective|p2a: Duraludon\n|-damage|p2a: Duraludon|0 fnt\n|-heal|p1a: Kommo-o|88/245 par|[from] drain|[of] p2a: Duraludon\n|faint|p2a: Duraludon\n|\n|upkeep\n|inactive|wait im so goated has 90 seconds left.\n|\n|t:|1781431735\n|switch|p2a: Iron Hands|Iron Hands, L79|373/373\n|turn|10\n|inactive|NymeriaStorm1 has 120 seconds left.\n|\n|t:|1781431779\n|move|p1a: Kommo-o|Boomburst|p2a: Iron Hands\n|-damage|p2a: Iron Hands|19/373\n|move|p2a: Iron Hands|Drain Punch|p1a: Kommo-o\n|-supereffective|p1a: Kommo-o\n|-damage|p1a: Kommo-o|0 fnt\n|-heal|p2a: Iron Hands|63/373|[from] drain|[of] p1a: Kommo-o\n|faint|p1a: Kommo-o\n|\n|-heal|p2a: Iron Hands|86/373|[from] item: Leftovers\n|upkeep\n|\n|t:|1781431795\n|switch|p1a: Swampert|Swampert, L83, F|302/302\n|turn|11\n|inactive|wait im so goated has 90 seconds left.\n|\n|t:|1781431807\n|move|p1a: Swampert|Flip Turn|p2a: Iron Hands\n|-damage|p2a: Iron Hands|23/373\n|\n|t:|1781431812\n|switch|p1a: Miraidon|Miraidon, L65|238/238|[from] Flip Turn\n|-fieldstart|move: Electric Terrain|[from] ability: Hadron Engine|[of] p1a: Miraidon\n|-activate|p2a: Iron Hands|ability: Quark Drive\n|-start|p2a: Iron Hands|quarkdriveatk\n|move|p2a: Iron Hands|Ice Punch|p1a: Miraidon\n|-supereffective|p1a: Miraidon\n|-damage|p1a: Miraidon|40/238\n|-status|p1a: Miraidon|frz\n|\n|-heal|p2a: Iron Hands|46/373|[from] item: Leftovers\n|upkeep\n|turn|12\n|\n|t:|1781431826\n|cant|p1a: Miraidon|frz\n|move|p2a: Iron Hands|Ice Punch|p1a: Miraidon\n|-supereffective|p1a: Miraidon\n|-damage|p1a: Miraidon|0 fnt\n|faint|p1a: Miraidon\n|\n|-heal|p2a: Iron Hands|69/373|[from] item: Leftovers\n|upkeep\n|\n|t:|1781431837\n|switch|p1a: Swampert|Swampert, L83, F|302/302\n|turn|13\n|\n|t:|1781431855\n|move|p1a: Swampert|Earthquake|p2a: Iron Hands\n|-supereffective|p2a: Iron Hands\n|-crit|p2a: Iron Hands\n|-damage|p2a: Iron Hands|0 fnt\n|faint|p2a: Iron Hands\n|-end|p2a: Iron Hands|Quark Drive|[silent]\n|\n|upkeep\n|\n|t:|1781431861\n|switch|p2a: Gogoat|Gogoat, L88, F|360/360\n|turn|14\n|\n|t:|1781431871\n|switch|p1a: Braviary|Braviary, L85, M|309/309\n|move|p2a: Gogoat|Bulk Up|p2a: Gogoat\n|-boost|p2a: Gogoat|atk|1\n|-boost|p2a: Gogoat|def|1\n|\n|upkeep\n|turn|15\n|inactive|NymeriaStorm1 has 120 seconds left.\n|\n|t:|1781431882\n|-terastallize|p2a: Gogoat|Ground\n|move|p1a: Braviary|Bulk Up|p1a: Braviary\n|-boost|p1a: Braviary|atk|1\n|-boost|p1a: Braviary|def|1\n|move|p2a: Gogoat|Bulk Up|p2a: Gogoat\n|-boost|p2a: Gogoat|atk|1\n|-boost|p2a: Gogoat|def|1\n|\n|-fieldend|move: Electric Terrain\n|upkeep\n|turn|16\n|inactive|NymeriaStorm1 has 120 seconds left.\n|\n|t:|1781431900\n|move|p1a: Braviary|Bulk Up|p1a: Braviary\n|-boost|p1a: Braviary|atk|1\n|-boost|p1a: Braviary|def|1\n|move|p2a: Gogoat|Horn Leech|p1a: Braviary\n|-resisted|p1a: Braviary\n|-damage|p1a: Braviary|258/309\n|\n|upkeep\n|turn|17\n|\n|t:|1781431907\n|move|p1a: Braviary|Bulk Up|p1a: Braviary\n|-boost|p1a: Braviary|atk|1\n|-boost|p1a: Braviary|def|1\n|move|p2a: Gogoat|Bulk Up|p2a: Gogoat\n|-boost|p2a: Gogoat|atk|1\n|-boost|p2a: Gogoat|def|1\n|\n|upkeep\n|turn|18\n|\n|t:|1781431921\n|move|p1a: Braviary|Bulk Up|p1a: Braviary\n|-boost|p1a: Braviary|atk|1\n|-boost|p1a: Braviary|def|1\n|move|p2a: Gogoat|Bulk Up|p2a: Gogoat\n|-boost|p2a: Gogoat|atk|1\n|-boost|p2a: Gogoat|def|1\n|\n|upkeep\n|turn|19\n|\n|t:|1781431928\n|move|p1a: Braviary|Bulk Up|p1a: Braviary\n|-boost|p1a: Braviary|atk|1\n|-boost|p1a: Braviary|def|1\n|move|p2a: Gogoat|Bulk Up|p2a: Gogoat\n|-boost|p2a: Gogoat|atk|1\n|-boost|p2a: Gogoat|def|1\n|\n|upkeep\n|turn|20\n|inactive|wait im so goated has 90 seconds left.\n|\n|t:|1781431953\n|move|p1a: Braviary|Bulk Up|p1a: Braviary\n|-boost|p1a: Braviary|atk|1\n|-boost|p1a: Braviary|def|1\n|move|p2a: Gogoat|Bulk Up|p2a: Gogoat\n|-boost|p2a: Gogoat|atk|1\n|-boost|p2a: Gogoat|def|1\n|\n|upkeep\n|turn|21\n|\n|t:|1781431961\n|move|p1a: Braviary|Brave Bird|p2a: Gogoat\n|-damage|p2a: Gogoat|165/360\n|-damage|p1a: Braviary|194/309|[from] Recoil\n|move|p2a: Gogoat|Horn Leech|p1a: Braviary\n|-resisted|p1a: Braviary\n|-crit|p1a: Braviary\n|-damage|p1a: Braviary|0 fnt\n|-heal|p2a: Gogoat|262/360|[from] drain|[of] p1a: Braviary\n|faint|p1a: Braviary\n|\n|-heal|p2a: Gogoat|284/360|[from] item: Leftovers\n|upkeep\n|\n|t:|1781431968\n|switch|p1a: Scream Tail|Scream Tail, L84|330/330\n|turn|22\n|-message|NymeriaStorm1 forfeited.\n|\n|win|wait im so goated\n|raw|NymeriaStorm1's rating: 1249 &rarr; <strong>1227</strong><br />(-22 for losing)\n|raw|wait im so goated's rating: 1284 &rarr; <strong>1306</strong><br />(+22 for winning)\n|l|\u2606NymeriaStorm1\n|player|p1|\n", "inputlog": ">version a8376a258c1d4662feba110a92103f3664a72141\n>start {\"formatid\":\"gen9randombattle\",\"seed\":\"sodium,ebb6df607a93e804006836460bce1f91\",\"rated\":\"Rated battle\"}\n>player p1 {\"name\":\"NymeriaStorm1\",\"avatar\":\"roxanne\",\"rating\":1249,\"seed\":\"sodium,f425d38bc4006a851104604ce2103a51\"}\n>player p2 {\"name\":\"wait im so goated\",\"avatar\":\"waitress\",\"rating\":1284,\"seed\":\"sodium,e63e8a2c21b921f5aea74f43137d3696\"}\n>p1 move clangoroussoul\n>p2 switch 6\n>p1 move boomburst terastallize\n>p2 move drainingkiss\n>p2 switch 3\n>p1 move boomburst\n>p2 move alluringvoice\n>chat \u2606wait im so goated|i\n>chat \u2606wait im so goated|lowkey forgot\n>chat \u2606wait im so goated|LOL\n>p1 move boomburst\n>p2 move psyshock\n>p2 switch 2\n>p1 move boomburst\n>p2 move uturn\n>p2 switch 5\n>p1 move drainpunch\n>p2 move bodypress\n>p1 move drainpunch\n>p2 move thunderwave\n>p1 move drainpunch\n>p2 move bodypress\n>p1 move drainpunch\n>p2 move bodypress\n>p2 switch 4\n>p1 move boomburst\n>p2 move drainpunch\n>p1 switch 5\n>p1 move flipturn\n>p2 move icepunch\n>p1 switch 2\n>p1 move electrodrift\n>p2 move icepunch\n>p1 switch 2\n>p1 move earthquake\n>p2 move drainpunch\n>p2 switch 6\n>p1 switch 4\n>p2 move bulkup\n>p1 move bulkup\n>p2 move bulkup terastallize\n>p1 move bulkup\n>p2 move hornleech\n>p1 move bulkup\n>p2 move bulkup\n>p1 move bulkup\n>p2 move bulkup\n>p1 move bulkup\n>p2 move bulkup\n>p1 move bulkup\n>p2 move bulkup\n>p1 move bravebird\n>p2 move hornleech\n>p1 switch 3\n>forcelose p1", "uploadtime": 1781431991, "views": 10, "formatid": "gen9randombattle", "rating": 1227, "private": 0, "password": null}