{"id": "gen9randombattle-2631648113", "format": "[Gen 9] Random Battle", "players": ["ThisIsSamsAccount", "mahomesthegoat"], "log": "|badge|p1|bronze|gen9randombattle|100-9\n|uhtml|medal-msg|<div class=\"broadcast-blue\">Curious what those medals under the avatar are? PS now has Ladder Seasons! For more information, check out the <a href=\"https://www.smogon.com/forums/threads/3740067/\">thread on Smogon.</a></div>\n|badge|p2|bronze|gen9randombattle|100-9\n|uhtml|medal-msg|<div class=\"broadcast-blue\">Curious what those medals under the avatar are? PS now has Ladder Seasons! For more information, check out the <a href=\"https://www.smogon.com/forums/threads/3740067/\">thread on Smogon.</a></div>\n|j|\u2606ThisIsSamsAccount\n|j|\u2606mahomesthegoat\n|t:|1781414552\n|gametype|singles\n|player|p1|ThisIsSamsAccount|266|2365\n|player|p2|mahomesthegoat|266|2349\n|gen|9\n|tier|[Gen 9] Random Battle\n|rated|\n|rule|Species Clause: Limit one of each Pok\u00e9mon\n|rule|HP Percentage Mod: HP is shown in percentages\n|rule|Sleep Clause Mod: Limit one foe put to sleep\n|rule|Illusion Level Mod: Illusion disguises the Pok\u00e9mon's true level\n|\n|t:|1781414552\n|teamsize|p1|6\n|teamsize|p2|6\n|start\n|switch|p1a: Dondozo|Dondozo, L78, F|362/362\n|switch|p2a: Ceruledge|Ceruledge, L78, M|245/245\n|turn|1\n|inactive|Battle timer is ON: inactive players will automatically lose when time's up. (requested by ThisIsSamsAccount)\n|\n|t:|1781414573\n|switch|p2a: Tatsugiri|Tatsugiri, L87, F|260/260\n|switch|p1a: Basculegion|Basculegion, L80, M|323/323\n|\n|upkeep\n|turn|2\n|\n|t:|1781414597\n|move|p2a: Tatsugiri|Nasty Plot|p2a: Tatsugiri\n|-boost|p2a: Tatsugiri|spa|2\n|move|p1a: Basculegion|Shadow Ball|p2a: Tatsugiri\n|-damage|p2a: Tatsugiri|182/260\n|\n|upkeep\n|turn|3\n|\n|t:|1781414613\n|move|p2a: Tatsugiri|Draco Meteor|p1a: Basculegion\n|-damage|p1a: Basculegion|44/323\n|-unboost|p2a: Tatsugiri|spa|2\n|move|p1a: Basculegion|Shadow Ball|p2a: Tatsugiri\n|-damage|p2a: Tatsugiri|102/260\n|-unboost|p2a: Tatsugiri|spd|1\n|\n|upkeep\n|turn|4\n|inactive|ThisIsSamsAccount has 120 seconds left.\n|\n|t:|1781414659\n|move|p2a: Tatsugiri|Draco Meteor|p1a: Basculegion\n|-damage|p1a: Basculegion|0 fnt\n|-unboost|p2a: Tatsugiri|spa|2\n|faint|p1a: Basculegion\n|\n|upkeep\n|\n|t:|1781414667\n|switch|p1a: Glastrier|Glastrier, L86|311/311\n|turn|5\n|\n|t:|1781414674\n|switch|p2a: Stonjourner|Stonjourner, L91, F|330/330\n|move|p1a: Glastrier|High Horsepower|p2a: Stonjourner\n|-supereffective|p2a: Stonjourner\n|-damage|p2a: Stonjourner|144/330\n|\n|upkeep\n|turn|6\n|\n|t:|1781414683\n|move|p2a: Stonjourner|Stone Edge|p1a: Glastrier\n|-supereffective|p1a: Glastrier\n|-damage|p1a: Glastrier|38/311\n|-damage|p2a: Stonjourner|111/330|[from] item: Life Orb\n|move|p1a: Glastrier|High Horsepower|p2a: Stonjourner\n|-supereffective|p2a: Stonjourner\n|-damage|p2a: Stonjourner|0 fnt\n|faint|p2a: Stonjourner\n|-ability|p1a: Glastrier|Chilling Neigh|boost\n|-boost|p1a: Glastrier|atk|1\n|\n|upkeep\n|inactive|mahomesthegoat has 120 seconds left.\n|\n|t:|1781414719\n|switch|p2a: Ceruledge|Ceruledge, L78, M|245/245\n|turn|7\n|inactive|mahomesthegoat has 120 seconds left.\n|\n|t:|1781414724\n|move|p2a: Ceruledge|Bitter Blade|p1a: Glastrier\n|-supereffective|p1a: Glastrier\n|-damage|p1a: Glastrier|0 fnt\n|faint|p1a: Glastrier\n|\n|upkeep\n|\n|t:|1781414729\n|switch|p1a: Swalot|Swalot, L90, F|326/326\n|turn|8\n|\n|t:|1781414742\n|switch|p2a: Scizor|Scizor, L79, F|240/240\n|move|p1a: Swalot|Sludge Bomb|p2a: Scizor\n|-immune|p2a: Scizor\n|\n|upkeep\n|turn|9\n|\n|t:|1781414749\n|move|p1a: Swalot|Toxic Spikes|p2a: Scizor\n|-sidestart|p2: mahomesthegoat|move: Toxic Spikes\n|move|p2a: Scizor|Knock Off|p1a: Swalot\n|-damage|p1a: Swalot|230/326\n|-enditem|p1a: Swalot|Leftovers|[from] move: Knock Off|[of] p2a: Scizor\n|-damage|p2a: Scizor|216/240|[from] item: Life Orb\n|\n|upkeep\n|turn|10\n|\n|t:|1781414768\n|move|p1a: Swalot|Knock Off|p2a: Scizor\n|-damage|p2a: Scizor|154/240\n|-enditem|p2a: Scizor|Life Orb|[from] move: Knock Off|[of] p1a: Swalot\n|move|p2a: Scizor|Swords Dance|p2a: Scizor\n|-boost|p2a: Scizor|atk|2\n|\n|upkeep\n|turn|11\n|\n|t:|1781414779\n|switch|p1a: Masquerain|Masquerain, L87, M|264/264\n|-ability|p1a: Masquerain|Intimidate|boost\n|-unboost|p2a: Scizor|atk|1\n|move|p2a: Scizor|Knock Off|p1a: Masquerain\n|-crit|p1a: Masquerain\n|-damage|p1a: Masquerain|50/264\n|-enditem|p1a: Masquerain|Heavy-Duty Boots|[from] move: Knock Off|[of] p2a: Scizor\n|\n|upkeep\n|turn|12\n|\n|t:|1781414790\n|switch|p1a: Dondozo|Dondozo, L78, F|362/362\n|move|p2a: Scizor|Bullet Punch|p1a: Dondozo\n|-resisted|p1a: Dondozo\n|-damage|p1a: Dondozo|332/362\n|\n|-heal|p1a: Dondozo|354/362|[from] item: Leftovers\n|upkeep\n|turn|13\n|\n|t:|1781414798\n|switch|p2a: Tatsugiri|Tatsugiri, L87, F|102/260\n|switch|p1a: Swalot|Swalot, L90, F|230/326\n|\n|upkeep\n|turn|14\n|\n|t:|1781414819\n|switch|p2a: Scizor|Scizor, L79, F|154/240\n|move|p1a: Swalot|Knock Off|p2a: Scizor\n|-damage|p2a: Scizor|115/240\n|\n|upkeep\n|turn|15\n|\n|t:|1781414826\n|move|p1a: Swalot|Knock Off|p2a: Scizor\n|-damage|p2a: Scizor|70/240\n|move|p2a: Scizor|Swords Dance|p2a: Scizor\n|-boost|p2a: Scizor|atk|2\n|\n|upkeep\n|turn|16\n|j| Zyroth_7\n|\n|t:|1781414830\n|move|p2a: Scizor|Bullet Punch|p1a: Swalot\n|-damage|p1a: Swalot|86/326\n|move|p1a: Swalot|Knock Off|p2a: Scizor\n|-damage|p2a: Scizor|29/240\n|\n|upkeep\n|turn|17\n|\n|t:|1781414838\n|move|p2a: Scizor|Bullet Punch|p1a: Swalot\n|-damage|p1a: Swalot|0 fnt\n|faint|p1a: Swalot\n|\n|upkeep\n|\n|t:|1781414847\n|switch|p1a: Dondozo|Dondozo, L78, F|354/362\n|turn|18\n|\n|t:|1781414852\n|switch|p2a: Tatsugiri|Tatsugiri, L87, F|102/260\n|move|p1a: Dondozo|Wave Crash|p2a: Tatsugiri\n|-ability|p2a: Tatsugiri|Storm Drain|boost\n|-boost|p2a: Tatsugiri|spa|1\n|\n|-heal|p1a: Dondozo|362/362|[from] item: Leftovers\n|upkeep\n|turn|19\n|\n|t:|1781414858\n|switch|p1a: Whimsicott|Whimsicott, L84, F|238/238\n|move|p2a: Tatsugiri|Rapid Spin|p1a: Whimsicott\n|-damage|p1a: Whimsicott|211/238\n|-boost|p2a: Tatsugiri|spe|1\n|-sideend|p2: mahomesthegoat|Toxic Spikes|[from] move: Rapid Spin|[of] p2a: Tatsugiri\n|\n|-heal|p1a: Whimsicott|225/238|[from] item: Leftovers\n|upkeep\n|turn|20\n|-message|ThisIsSamsAccount forfeited.\n|\n|win|mahomesthegoat\n", "inputlog": ">version a8376a258c1d4662feba110a92103f3664a72141\n>start {\"formatid\":\"gen9randombattle\",\"seed\":\"sodium,8bd7f4105e7e8d8361ef7b1149a567b9\",\"rated\":\"Rated battle\"}\n>player p1 {\"name\":\"ThisIsSamsAccount\",\"avatar\":\"266\",\"rating\":2365,\"seed\":\"sodium,b76796097f1e00cdb54f08e26358f0a5\"}\n>player p2 {\"name\":\"mahomesthegoat\",\"avatar\":\"266\",\"rating\":2349,\"seed\":\"sodium,3fd60f4e1396cc5589a68498c57be2ca\"}\n>p1 switch 5\n>p2 switch 3\n>p1 move shadowball\n>p2 move nastyplot\n>p1 move shadowball\n>p2 move dracometeor\n>p1 move shadowball\n>p2 move dracometeor\n>p1 switch 2\n>p1 move highhorsepower\n>p2 switch 4\n>p1 move highhorsepower\n>p2 move stoneedge\n>p2 switch 3\n>p1 move highhorsepower\n>p2 move bitterblade\n>p1 switch 4\n>p1 move sludgebomb\n>p2 switch 6\n>p1 move toxicspikes\n>p2 move knockoff\n>p1 move knockoff\n>p2 move swordsdance\n>p1 switch 3\n>p2 move knockoff\n>p1 switch 5\n>p2 move bulletpunch\n>p1 switch 3\n>p2 switch 4\n>p1 move knockoff\n>p2 switch 4\n>p1 move knockoff\n>p2 move swordsdance\n>p1 move knockoff\n>p2 move bulletpunch\n>p1 move knockoff\n>p2 move bulletpunch\n>p1 switch 3\n>p1 move wavecrash\n>p2 switch 4\n>p1 switch 6\n>p2 move rapidspin\n>forcelose p1", "uploadtime": 1781414553, "views": 4, "formatid": "gen9randombattle", "rating": null, "private": 0, "password": null}