{"id": "gen9randombattle-2631978172", "format": "[Gen 9] Random Battle", "players": ["CheeseManCheeseMan", "JadedInfinite"], "log": "|j|\u2606CheeseManCheeseMan\n|j|\u2606JadedInfinite\n|t:|1781462080\n|gametype|singles\n|player|p1|CheeseManCheeseMan|hiker-gen4|1518\n|player|p2|JadedInfinite|hoopster|1506\n|gen|9\n|tier|[Gen 9] Random Battle\n|rated|\n|rule|Species Clause: Limit one of each Pok\u00e9mon\n|rule|HP Percentage Mod: HP is shown in percentages\n|rule|Sleep Clause Mod: Limit one foe put to sleep\n|rule|Illusion Level Mod: Illusion disguises the Pok\u00e9mon's true level\n|\n|t:|1781462080\n|teamsize|p1|6\n|teamsize|p2|6\n|start\n|switch|p1a: Qwilfish|Qwilfish-Hisui, L83, M|244/244\n|switch|p2a: Heracross|Heracross, L80, F|259/259\n|-ability|p1a: Qwilfish|Intimidate|boost\n|-unboost|p2a: Heracross|atk|1\n|turn|1\n|inactive|Battle timer is ON: inactive players will automatically lose when time's up. (requested by JadedInfinite)\n|\n|t:|1781462097\n|switch|p2a: Piloswine|Piloswine, L85, F|309/309\n|move|p1a: Qwilfish|Toxic Spikes|p2a: Piloswine\n|-sidestart|p2: JadedInfinite|move: Toxic Spikes\n|\n|upkeep\n|turn|2\n|\n|t:|1781462104\n|move|p1a: Qwilfish|Toxic Spikes|p2a: Piloswine\n|-sidestart|p2: JadedInfinite|move: Toxic Spikes\n|move|p2a: Piloswine|Earthquake|p1a: Qwilfish\n|-supereffective|p1a: Qwilfish\n|-damage|p1a: Qwilfish|100/244\n|\n|upkeep\n|turn|3\n|\n|t:|1781462111\n|switch|p1a: Misdreavus|Misdreavus, L90, F|254/254\n|move|p2a: Piloswine|Earthquake|p1a: Misdreavus\n|-immune|p1a: Misdreavus|[from] ability: Levitate\n|\n|upkeep\n|turn|4\n|\n|t:|1781462116\n|move|p1a: Misdreavus|Will-O-Wisp|p2a: Piloswine\n|-status|p2a: Piloswine|brn\n|move|p2a: Piloswine|Roar|p1a: Misdreavus\n|drag|p1a: Ninetales|Ninetales, L85, M|263/263\n|-weather|SunnyDay|[from] ability: Drought|[of] p1a: Ninetales\n|\n|-weather|SunnyDay|[upkeep]\n|-damage|p2a: Piloswine|290/309 brn|[from] brn\n|upkeep\n|turn|5\n|\n|t:|1781462133\n|move|p1a: Ninetales|Nasty Plot|p1a: Ninetales\n|-boost|p1a: Ninetales|spa|2\n|move|p2a: Piloswine|Earthquake|p1a: Ninetales\n|-supereffective|p1a: Ninetales\n|-damage|p1a: Ninetales|145/263\n|\n|-weather|SunnyDay|[upkeep]\n|-damage|p2a: Piloswine|271/309 brn|[from] brn\n|upkeep\n|turn|6\n|\n|t:|1781462138\n|move|p1a: Ninetales|Solar Beam||[still]\n|-prepare|p1a: Ninetales|Solar Beam\n|-anim|p1a: Ninetales|Solar Beam|p2a: Piloswine\n|-supereffective|p2a: Piloswine\n|-damage|p2a: Piloswine|21/309 brn\n|move|p2a: Piloswine|Earthquake|p1a: Ninetales\n|-supereffective|p1a: Ninetales\n|-damage|p1a: Ninetales|15/263\n|\n|-weather|SunnyDay|[upkeep]\n|-damage|p2a: Piloswine|2/309 brn|[from] brn\n|upkeep\n|turn|7\n|\n|t:|1781462143\n|switch|p1a: Qwilfish|Qwilfish-Hisui, L83, M|100/244\n|-ability|p1a: Qwilfish|Intimidate|boost\n|-unboost|p2a: Piloswine|atk|1\n|move|p2a: Piloswine|Ice Shard|p1a: Qwilfish\n|-damage|p1a: Qwilfish|91/244\n|\n|-weather|SunnyDay|[upkeep]\n|-damage|p2a: Piloswine|0 fnt|[from] brn\n|faint|p2a: Piloswine\n|upkeep\n|\n|t:|1781462163\n|switch|p2a: Snorlax|Snorlax, L82, M|397/397\n|-status|p2a: Snorlax|tox\n|turn|8\n|\n|t:|1781462170\n|-terastallize|p2a: Snorlax|Poison\n|move|p1a: Qwilfish|Spikes|p2a: Snorlax\n|-sidestart|p2: JadedInfinite|Spikes\n|move|p2a: Snorlax|Earthquake|p1a: Qwilfish\n|-supereffective|p1a: Qwilfish\n|-damage|p1a: Qwilfish|0 fnt\n|faint|p1a: Qwilfish\n|\n|-weather|none\n|-damage|p2a: Snorlax|373/397 tox|[from] psn\n|upkeep\n|\n|t:|1781462177\n|switch|p1a: Ninetales|Ninetales, L85, M|15/263\n|-weather|SunnyDay|[from] ability: Drought|[of] p1a: Ninetales\n|turn|9\n|\n|t:|1781462186\n|move|p1a: Ninetales|Scorching Sands|p2a: Snorlax\n|-supereffective|p2a: Snorlax\n|-damage|p2a: Snorlax|301/397 tox\n|move|p2a: Snorlax|Crunch|p1a: Ninetales\n|-damage|p1a: Ninetales|0 fnt\n|faint|p1a: Ninetales\n|\n|-weather|SunnyDay|[upkeep]\n|-heal|p2a: Snorlax|325/397 tox|[from] item: Leftovers\n|-damage|p2a: Snorlax|277/397 tox|[from] psn\n|upkeep\n|\n|t:|1781462195\n|switch|p1a: Meowstic|Meowstic, L89, M|277/277\n|turn|10\n|\n|t:|1781462198\n|switch|p2a: Greninja|Greninja, L80, M|246/246\n|-status|p2a: Greninja|tox\n|-damage|p2a: Greninja|216/246 tox|[from] Spikes\n|move|p1a: Meowstic|Psychic Noise|p2a: Greninja\n|-immune|p2a: Greninja\n|\n|-weather|SunnyDay|[upkeep]\n|-damage|p2a: Greninja|201/246 tox|[from] psn\n|upkeep\n|turn|11\n|\n|t:|1781462205\n|move|p1a: Meowstic|Light Screen|p1a: Meowstic\n|-sidestart|p1: CheeseManCheeseMan|move: Light Screen\n|move|p2a: Greninja|U-turn|p1a: Meowstic\n|-start|p2a: Greninja|typechange|Bug|[from] ability: Protean\n|-supereffective|p1a: Meowstic\n|-damage|p1a: Meowstic|105/277\n|-damage|p2a: Greninja|177/246 tox|[from] item: Life Orb\n|\n|t:|1781462209\n|switch|p2a: Snorlax|Snorlax, L82, M, tera:Poison|277/397 tox|[from] U-turn\n|-sideend|p2: JadedInfinite|move: Toxic Spikes|[of] p2a: Snorlax\n|-damage|p2a: Snorlax|228/397 tox|[from] Spikes\n|\n|-weather|SunnyDay|[upkeep]\n|-heal|p2a: Snorlax|252/397 tox|[from] item: Leftovers\n|-damage|p2a: Snorlax|228/397 tox|[from] psn\n|upkeep\n|turn|12\n|\n|t:|1781462214\n|move|p1a: Meowstic|Psychic Noise|p2a: Snorlax\n|-supereffective|p2a: Snorlax\n|-damage|p2a: Snorlax|96/397 tox\n|-start|p2a: Snorlax|move: Heal Block\n|move|p2a: Snorlax|Crunch|p1a: Meowstic\n|-supereffective|p1a: Meowstic\n|-damage|p1a: Meowstic|0 fnt\n|faint|p1a: Meowstic\n|\n|-weather|SunnyDay|[upkeep]\n|-damage|p2a: Snorlax|48/397 tox|[from] psn\n|upkeep\n|\n|t:|1781462220\n|switch|p1a: Misdreavus|Misdreavus, L90, F|254/254\n|turn|13\n|\n|t:|1781462225\n|move|p1a: Misdreavus|Shadow Ball|p2a: Snorlax\n|-damage|p2a: Snorlax|0 fnt\n|faint|p2a: Snorlax\n|\n|-weather|none\n|upkeep\n|\n|t:|1781462239\n|switch|p2a: Klefki|Klefki, L84, M|233/233\n|-damage|p2a: Klefki|204/233|[from] Spikes\n|turn|14\n|\n|t:|1781462242\n|switch|p1a: Quagsire|Quagsire, L84, F|297/297\n|move|p2a: Klefki|Thunder Wave|p1a: Quagsire\n|-immune|p1a: Quagsire\n|\n|-heal|p2a: Klefki|218/233|[from] item: Leftovers\n|upkeep\n|turn|15\n|\n|t:|1781462246\n|move|p2a: Klefki|Magnet Rise|p2a: Klefki\n|-start|p2a: Klefki|Magnet Rise\n|move|p1a: Quagsire|Earthquake|p2a: Klefki\n|-immune|p2a: Klefki\n|\n|-heal|p2a: Klefki|232/233|[from] item: Leftovers\n|upkeep\n|turn|16\n|\n|t:|1781462255\n|move|p2a: Klefki|Spikes|p1a: Quagsire\n|-sidestart|p1: CheeseManCheeseMan|Spikes\n|move|p1a: Quagsire|Ice Beam|p2a: Klefki\n|-resisted|p2a: Klefki\n|-damage|p2a: Klefki|208/233\n|\n|-heal|p2a: Klefki|222/233|[from] item: Leftovers\n|upkeep\n|turn|17\n|\n|t:|1781462265\n|switch|p1a: Cobalion|Cobalion, L80|277/277\n|-damage|p1a: Cobalion|243/277|[from] Spikes\n|move|p2a: Klefki|Spikes|p1a: Cobalion\n|-sidestart|p1: CheeseManCheeseMan|Spikes\n|\n|-heal|p1a: Cobalion|260/277|[from] item: Leftovers\n|-heal|p2a: Klefki|233/233|[from] item: Leftovers\n|upkeep\n|turn|18\n|\n|t:|1781462270\n|move|p2a: Klefki|Thunder Wave|p1a: Cobalion\n|-status|p1a: Cobalion|par\n|move|p1a: Cobalion|Calm Mind|p1a: Cobalion\n|-boost|p1a: Cobalion|spa|1\n|-boost|p1a: Cobalion|spd|1\n|\n|-heal|p1a: Cobalion|277/277 par|[from] item: Leftovers\n|-sideend|p1: CheeseManCheeseMan|move: Light Screen\n|upkeep\n|turn|19\n|\n|t:|1781462279\n|move|p2a: Klefki|Play Rough|p1a: Cobalion\n|-damage|p1a: Cobalion|217/277 par\n|move|p1a: Cobalion|Aura Sphere|p2a: Klefki\n|-damage|p2a: Klefki|121/233\n|\n|-heal|p2a: Klefki|135/233|[from] item: Leftovers\n|-heal|p1a: Cobalion|234/277 par|[from] item: Leftovers\n|-end|p2a: Klefki|Magnet Rise\n|upkeep\n|turn|20\n|\n|t:|1781462285\n|switch|p2a: Heracross|Heracross, L80, F|259/259\n|-damage|p2a: Heracross|227/259|[from] Spikes\n|cant|p1a: Cobalion|par\n|\n|-heal|p1a: Cobalion|251/277 par|[from] item: Leftovers\n|upkeep\n|turn|21\n|\n|t:|1781462290\n|move|p2a: Heracross|Knock Off|p1a: Cobalion\n|-resisted|p1a: Cobalion\n|-damage|p1a: Cobalion|202/277 par\n|-ability|p1a: Cobalion|Justified|boost\n|-boost|p1a: Cobalion|atk|1\n|-enditem|p1a: Cobalion|Leftovers|[from] move: Knock Off|[of] p2a: Heracross\n|cant|p1a: Cobalion|par\n|\n|upkeep\n|turn|22\n|\n|t:|1781462297\n|switch|p2a: Zebstrika|Zebstrika, L87, M|272/272\n|-damage|p2a: Zebstrika|238/272|[from] Spikes\n|move|p1a: Cobalion|Flash Cannon|p2a: Zebstrika\n|-resisted|p2a: Zebstrika\n|-damage|p2a: Zebstrika|166/272\n|\n|upkeep\n|turn|23\n|\n|t:|1781462302\n|move|p2a: Zebstrika|High Horsepower|p1a: Cobalion\n|-supereffective|p1a: Cobalion\n|-damage|p1a: Cobalion|43/277 par\n|-damage|p2a: Zebstrika|139/272|[from] item: Life Orb\n|move|p1a: Cobalion|Aura Sphere|p2a: Zebstrika\n|-damage|p2a: Zebstrika|3/272\n|\n|upkeep\n|turn|24\n|\n|t:|1781462309\n|move|p1a: Cobalion|Vacuum Wave|p2a: Zebstrika\n|-damage|p2a: Zebstrika|0 fnt\n|faint|p2a: Zebstrika\n|\n|upkeep\n|\n|t:|1781462323\n|switch|p2a: Klefki|Klefki, L84, M|135/233\n|-damage|p2a: Klefki|106/233|[from] Spikes\n|turn|25\n|\n|t:|1781462329\n|move|p1a: Cobalion|Vacuum Wave|p2a: Klefki\n|-damage|p2a: Klefki|54/233\n|move|p2a: Klefki|Play Rough|p1a: Cobalion\n|-damage|p1a: Cobalion|0 fnt\n|faint|p1a: Cobalion\n|\n|-heal|p2a: Klefki|68/233|[from] item: Leftovers\n|upkeep\n|\n|t:|1781462336\n|switch|p1a: Misdreavus|Misdreavus, L90, F|254/254\n|turn|26\n|\n|t:|1781462340\n|move|p2a: Klefki|Thunder Wave|p1a: Misdreavus\n|-status|p1a: Misdreavus|par\n|move|p1a: Misdreavus|Shadow Ball|p2a: Klefki\n|-damage|p2a: Klefki|0 fnt\n|faint|p2a: Klefki\n|\n|upkeep\n|\n|t:|1781462344\n|switch|p2a: Heracross|Heracross, L80, F|227/259\n|-damage|p2a: Heracross|195/259|[from] Spikes\n|turn|27\n|\n|t:|1781462347\n|-terastallize|p1a: Misdreavus|Fairy\n|move|p2a: Heracross|Knock Off|p1a: Misdreavus\n|-resisted|p1a: Misdreavus\n|-damage|p1a: Misdreavus|209/254 par\n|-enditem|p1a: Misdreavus|Eviolite|[from] move: Knock Off|[of] p2a: Heracross\n|cant|p1a: Misdreavus|par\n|\n|upkeep\n|turn|28\n|\n|t:|1781462359\n|switch|p2a: Greninja|Greninja, L80, M|177/246 tox\n|-damage|p2a: Greninja|147/246 tox|[from] Spikes\n|move|p1a: Misdreavus|Calm Mind|p1a: Misdreavus\n|-boost|p1a: Misdreavus|spa|1\n|-boost|p1a: Misdreavus|spd|1\n|\n|-damage|p2a: Greninja|132/246 tox|[from] psn\n|upkeep\n|turn|29\n|\n|t:|1781462365\n|move|p2a: Greninja|Gunk Shot|p1a: Misdreavus\n|-start|p2a: Greninja|typechange|Poison|[from] ability: Protean\n|-supereffective|p1a: Misdreavus\n|-damage|p1a: Misdreavus|0 fnt\n|faint|p1a: Misdreavus\n|-damage|p2a: Greninja|108/246 tox|[from] item: Life Orb\n|\n|-damage|p2a: Greninja|78/246 tox|[from] psn\n|upkeep\n|\n|t:|1781462367\n|switch|p1a: Quagsire|Quagsire, L84, F|297/297\n|-damage|p1a: Quagsire|248/297|[from] Spikes\n|turn|30\n|\n|t:|1781462371\n|move|p2a: Greninja|Hydro Pump|p1a: Quagsire\n|-damage|p1a: Quagsire|134/297\n|-damage|p2a: Greninja|54/246 tox|[from] item: Life Orb\n|move|p1a: Quagsire|Recover|p1a: Quagsire\n|-heal|p1a: Quagsire|283/297\n|\n|-heal|p1a: Quagsire|297/297|[from] item: Leftovers\n|-damage|p2a: Greninja|9/246 tox|[from] psn\n|upkeep\n|turn|31\n|\n|t:|1781462375\n|move|p2a: Greninja|Grass Knot|p1a: Quagsire\n|-supereffective|p1a: Quagsire\n|-damage|p1a: Quagsire|0 fnt\n|faint|p1a: Quagsire\n|-damage|p2a: Greninja|0 fnt|[from] item: Life Orb\n|faint|p2a: Greninja\n|\n|win|JadedInfinite\n|raw|CheeseManCheeseMan's rating: 1518 &rarr; <strong>1497</strong><br />(-21 for losing)\n|raw|JadedInfinite's rating: 1506 &rarr; <strong>1527</strong><br />(+21 for winning)\n|l|\u2606CheeseManCheeseMan\n|player|p1|\n", "inputlog": ">version a8376a258c1d4662feba110a92103f3664a72141\n>start {\"formatid\":\"gen9randombattle\",\"seed\":\"sodium,acf0df7bcb6d1065029f5c58192b8257\",\"rated\":\"Rated battle\"}\n>player p1 {\"name\":\"CheeseManCheeseMan\",\"avatar\":\"hiker-gen4\",\"rating\":1518,\"seed\":\"sodium,453c16f0530db4fbffa287f7c335bf9b\"}\n>player p2 {\"name\":\"JadedInfinite\",\"avatar\":\"hoopster\",\"rating\":1506,\"seed\":\"sodium,091fbe1b71f0bad31a3572037ed7bdc2\"}\n>p1 move toxicspikes\n>p2 switch 2\n>p1 move toxicspikes\n>p2 move earthquake\n>p1 switch 3\n>p2 move earthquake\n>p1 move willowisp\n>p2 move roar\n>p1 move nastyplot\n>p2 move earthquake\n>p1 move solarbeam\n>p2 move earthquake\n>p1 switch 3\n>p2 move iceshard\n>p2 switch 4\n>p1 move spikes\n>p2 move earthquake terastallize\n>p1 switch 3\n>p1 move scorchingsands\n>p2 move crunch\n>p1 switch 5\n>p1 move psychicnoise\n>p2 switch 3\n>p1 move lightscreen\n>p2 move uturn\n>p2 switch 3\n>p1 move psychicnoise\n>p2 move crunch\n>p1 switch 6\n>p1 move shadowball\n>p2 move crunch\n>p2 switch 6\n>p1 switch 2\n>p2 move thunderwave\n>p1 move earthquake\n>p2 move magnetrise\n>p1 move icebeam\n>p2 move spikes\n>p1 switch 4\n>p2 move spikes\n>p1 move calmmind\n>p2 move thunderwave\n>p1 move aurasphere\n>p2 move playrough\n>p1 move calmmind\n>p2 switch 2\n>p1 move flashcannon\n>p2 move knockoff\n>p1 move flashcannon\n>p2 switch 5\n>p1 move aurasphere\n>p2 move highhorsepower\n>p1 move vacuumwave\n>p2 move highhorsepower\n>p2 switch 2\n>p1 move vacuumwave\n>p2 move playrough\n>p1 switch 2\n>p1 move shadowball\n>p2 move thunderwave\n>p2 switch 5\n>p1 move drainingkiss terastallize\n>p2 move knockoff\n>p1 move calmmind\n>p2 switch 3\n>p1 move drainingkiss\n>p2 move gunkshot\n>p1 switch 4\n>p1 move recover\n>p2 move hydropump\n>p1 move recover\n>p2 move grassknot", "uploadtime": 1781462387, "views": 4, "formatid": "gen9randombattle", "rating": 1497, "private": 0, "password": null}