{"id": "gen9randombattle-2631740774", "format": "[Gen 9] Random Battle", "players": ["floofzykitten", "hamni82"], "log": "|j|\u203dfloofzykitten\n|j|\u2606hamni82\n|t:|1781431937\n|gametype|singles\n|player|p1|floofzykitten|265|2104\n|player|p2|hamni82|169|2194\n|gen|9\n|tier|[Gen 9] Random Battle\n|rated|\n|rule|Species Clause: Limit one of each Pok\u00e9mon\n|rule|HP Percentage Mod: HP is shown in percentages\n|rule|Sleep Clause Mod: Limit one foe put to sleep\n|rule|Illusion Level Mod: Illusion disguises the Pok\u00e9mon's true level\n|\n|t:|1781431937\n|teamsize|p1|6\n|teamsize|p2|6\n|start\n|switch|p1a: Milotic|Milotic, L83, M|293/293\n|switch|p2a: Okidogi|Okidogi, L77, M|262/262\n|turn|1\n|\n|t:|1781431952\n|move|p1a: Milotic|Scald|p2a: Okidogi\n|-damage|p2a: Okidogi|199/262\n|move|p2a: Okidogi|Knock Off|p1a: Milotic\n|-damage|p1a: Milotic|217/293\n|-status|p1a: Milotic|tox|[from] ability: Toxic Chain|[of] p2a: Okidogi\n|-enditem|p1a: Milotic|Leftovers|[from] move: Knock Off|[of] p2a: Okidogi\n|\n|-damage|p1a: Milotic|199/293 tox|[from] psn\n|upkeep\n|turn|2\n|\n|t:|1781431960\n|switch|p2a: Appletun|Appletun, L92, F|352/352\n|move|p1a: Milotic|Scald|p2a: Appletun\n|-resisted|p2a: Appletun\n|-damage|p2a: Appletun|332/352\n|\n|-heal|p2a: Appletun|352/352|[from] item: Leftovers\n|-damage|p1a: Milotic|163/293 tox|[from] psn\n|upkeep\n|turn|3\n|\n|t:|1781431970\n|switch|p1a: Incineroar|Incineroar, L82, M|290/290\n|-ability|p1a: Incineroar|Intimidate|boost\n|-unboost|p2a: Appletun|atk|1\n|move|p2a: Appletun|Apple Acid|p1a: Incineroar\n|-resisted|p1a: Incineroar\n|-damage|p1a: Incineroar|258/290\n|-unboost|p1a: Incineroar|spd|1\n|\n|upkeep\n|turn|4\n|\n|t:|1781431980\n|move|p1a: Incineroar|Knock Off|p2a: Appletun\n|-damage|p2a: Appletun|241/352\n|-enditem|p2a: Appletun|Leftovers|[from] move: Knock Off|[of] p1a: Incineroar\n|move|p2a: Appletun|Dragon Pulse|p1a: Incineroar\n|-damage|p1a: Incineroar|156/290\n|\n|upkeep\n|turn|5\n|\n|t:|1781431985\n|move|p1a: Incineroar|U-turn|p2a: Appletun\n|-supereffective|p2a: Appletun\n|-damage|p2a: Appletun|143/352\n|\n|t:|1781431993\n|switch|p1a: Lokix|Lokix, L82, M|251/251|[from] U-turn\n|move|p2a: Appletun|Dragon Pulse|p1a: Lokix\n|-damage|p1a: Lokix|104/251\n|\n|upkeep\n|turn|6\n|\n|t:|1781432000\n|switch|p2a: Skarmory|Skarmory, L80, M|235/235\n|move|p1a: Lokix|Leech Life|p2a: Skarmory\n|-resisted|p2a: Skarmory\n|-damage|p2a: Skarmory|196/235\n|-heal|p1a: Lokix|124/251|[from] drain|[of] p2a: Skarmory\n|-damage|p1a: Lokix|83/251|[from] item: Rocky Helmet|[of] p2a: Skarmory\n|-damage|p1a: Lokix|58/251|[from] item: Life Orb\n|\n|upkeep\n|turn|7\n|\n|t:|1781432009\n|switch|p1a: Incineroar|Incineroar, L82, M|156/290\n|-ability|p1a: Incineroar|Intimidate|boost\n|-unboost|p2a: Skarmory|atk|1\n|move|p2a: Skarmory|Stealth Rock|p1a: Incineroar\n|-sidestart|p1: floofzykitten|move: Stealth Rock\n|\n|upkeep\n|turn|8\n|\n|t:|1781432026\n|switch|p2a: Okidogi|Okidogi, L77, M|199/262\n|move|p1a: Incineroar|Overheat|p2a: Okidogi\n|-damage|p2a: Okidogi|118/262\n|-unboost|p1a: Incineroar|spa|2\n|\n|upkeep\n|turn|9\n|\n|t:|1781432034\n|switch|p1a: Milotic|Milotic, L83, M|163/293 tox\n|-damage|p1a: Milotic|127/293 tox|[from] Stealth Rock\n|move|p2a: Okidogi|Drain Punch|p1a: Milotic\n|-damage|p1a: Milotic|43/293 tox\n|-heal|p2a: Okidogi|160/262|[from] drain|[of] p1a: Milotic\n|\n|-damage|p1a: Milotic|25/293 tox|[from] psn\n|upkeep\n|turn|10\n|\n|t:|1781432040\n|move|p1a: Milotic|Scald|p2a: Okidogi\n|-damage|p2a: Okidogi|93/262\n|move|p2a: Okidogi|Drain Punch|p1a: Milotic\n|-damage|p1a: Milotic|0 fnt\n|-heal|p2a: Okidogi|106/262|[from] drain|[of] p1a: Milotic\n|faint|p1a: Milotic\n|\n|upkeep\n|\n|t:|1781432053\n|switch|p1a: Komala|Komala, L88, F|258/258\n|-damage|p1a: Komala|226/258|[from] Stealth Rock\n|-ability|p1a: Komala|Comatose\n|turn|11\n|\n|t:|1781432058\n|move|p2a: Okidogi|Drain Punch|p1a: Komala\n|-supereffective|p1a: Komala\n|-damage|p1a: Komala|20/258\n|-heal|p2a: Okidogi|209/262|[from] drain|[of] p1a: Komala\n|move|p1a: Komala|Rapid Spin|p2a: Okidogi\n|-damage|p2a: Okidogi|152/262\n|-boost|p1a: Komala|spe|1\n|-sideend|p1: floofzykitten|Stealth Rock|[from] move: Rapid Spin|[of] p1a: Komala\n|\n|upkeep\n|turn|12\n|\n|t:|1781432064\n|switch|p2a: Skarmory|Skarmory, L80, M|196/235\n|move|p1a: Komala|Earthquake|p2a: Skarmory\n|-immune|p2a: Skarmory\n|\n|upkeep\n|turn|13\n|\n|t:|1781432070\n|switch|p1a: Blastoise|Blastoise, L80, F|258/258\n|move|p2a: Skarmory|Stealth Rock|p1a: Blastoise\n|-sidestart|p1: floofzykitten|move: Stealth Rock\n|\n|upkeep\n|turn|14\n|\n|t:|1781432079\n|switch|p2a: Okidogi|Okidogi, L77, M|152/262\n|move|p1a: Blastoise|Shell Smash|p1a: Blastoise\n|-unboost|p1a: Blastoise|def|1\n|-unboost|p1a: Blastoise|spd|1\n|-boost|p1a: Blastoise|atk|2\n|-boost|p1a: Blastoise|spa|2\n|-boost|p1a: Blastoise|spe|2\n|-enditem|p1a: Blastoise|White Herb\n|-clearnegativeboost|p1a: Blastoise|[silent]\n|\n|upkeep\n|turn|15\n|\n|t:|1781432085\n|move|p1a: Blastoise|Hydro Pump|p2a: Okidogi|[miss]\n|-miss|p1a: Blastoise|p2a: Okidogi\n|move|p2a: Okidogi|Drain Punch|p1a: Blastoise\n|-damage|p1a: Blastoise|171/258\n|-heal|p2a: Okidogi|196/262|[from] drain|[of] p1a: Blastoise\n|-status|p1a: Blastoise|tox|[from] ability: Toxic Chain|[of] p2a: Okidogi\n|\n|-damage|p1a: Blastoise|155/258 tox|[from] psn\n|upkeep\n|turn|16\n|-message|floofzykitten forfeited.\n|\n|win|hamni82\n", "inputlog": ">version a8376a258c1d4662feba110a92103f3664a72141\n>start {\"formatid\":\"gen9randombattle\",\"seed\":\"sodium,08d69fbe79d61e5a16f3b41bbaa0d50d\",\"rated\":\"Rated battle\"}\n>player p1 {\"name\":\"floofzykitten\",\"avatar\":\"265\",\"rating\":2104,\"seed\":\"sodium,ea1c31c11766e4284dff2f61603f4917\"}\n>player p2 {\"name\":\"hamni82\",\"avatar\":\"169\",\"rating\":2194,\"seed\":\"sodium,2cfb2235d2645822a620dad453b82705\"}\n>p1 move scald\n>p2 move knockoff\n>p1 move scald\n>p2 switch 5\n>p1 switch 4\n>p2 move appleacid\n>p1 move knockoff\n>p2 move dragonpulse\n>p1 move uturn\n>p2 move dragonpulse\n>p1 switch 6\n>p1 move leechlife\n>p2 switch 4\n>p1 switch 6\n>p2 move stealthrock\n>p1 move overheat\n>p2 switch 5\n>p1 switch 4\n>p2 move drainpunch\n>p1 move scald\n>p2 move drainpunch\n>p1 switch 5\n>p1 move rapidspin\n>p2 move drainpunch\n>p1 move earthquake\n>p2 switch 5\n>p1 switch 2\n>p2 move stealthrock\n>p1 move shellsmash\n>p2 switch 5\n>p1 move hydropump\n>p2 move drainpunch\n>forcelose p1", "uploadtime": 1781431938, "views": 6, "formatid": "gen9randombattle", "rating": null, "private": 0, "password": null}