{"id": "gen9randombattle-2631370675", "format": "[Gen 9] Random Battle", "players": ["bluesun000", "DIAPERABUSER2009"], "log": "|j|\u2606bluesun000\n|j|\u2606DIAPERABUSER2009\n|t:|1781376711\n|gametype|singles\n|player|p1|bluesun000|palmer|1946\n|player|p2|DIAPERABUSER2009|flannery|1919\n|gen|9\n|tier|[Gen 9] Random Battle\n|rated|\n|rule|Species Clause: Limit one of each Pok\u00e9mon\n|rule|HP Percentage Mod: HP is shown in percentages\n|rule|Sleep Clause Mod: Limit one foe put to sleep\n|rule|Illusion Level Mod: Illusion disguises the Pok\u00e9mon's true level\n|\n|t:|1781376711\n|teamsize|p1|6\n|teamsize|p2|6\n|start\n|switch|p1a: Venomoth|Venomoth, L84, M|255/255\n|switch|p2a: Uxie|Uxie, L83|260/260\n|turn|1\n|inactive|Battle timer is ON: inactive players will automatically lose when time's up. (requested by bluesun000)\n|\n|t:|1781376738\n|switch|p1a: Torkoal|Torkoal, L88, M|266/266\n|-weather|SunnyDay|[from] ability: Drought|[of] p1a: Torkoal\n|move|p2a: Uxie|Thunder Wave|p1a: Torkoal\n|-status|p1a: Torkoal|par\n|\n|-weather|SunnyDay|[upkeep]\n|upkeep\n|turn|2\n|\n|t:|1781376748\n|move|p2a: Uxie|Stealth Rock|p1a: Torkoal\n|-sidestart|p1: bluesun000|move: Stealth Rock\n|move|p1a: Torkoal|Yawn|p2a: Uxie\n|-start|p2a: Uxie|move: Yawn|[of] p1a: Torkoal\n|\n|-weather|SunnyDay|[upkeep]\n|upkeep\n|turn|3\n|\n|t:|1781376751\n|move|p2a: Uxie|U-turn|p1a: Torkoal\n|-resisted|p1a: Torkoal\n|-damage|p1a: Torkoal|252/266 par\n|\n|t:|1781376754\n|switch|p2a: Flareon|Flareon, L90, M|263/263|[from] U-turn\n|cant|p1a: Torkoal|par\n|\n|-weather|SunnyDay|[upkeep]\n|-status|p2a: Flareon|tox|[from] item: Toxic Orb\n|upkeep\n|turn|4\n|\n|t:|1781376765\n|move|p2a: Flareon|Trailblaze|p1a: Torkoal\n|-resisted|p1a: Torkoal\n|-damage|p1a: Torkoal|226/266 par\n|-boost|p2a: Flareon|spe|1\n|move|p1a: Torkoal|Stealth Rock|p2a: Flareon\n|-sidestart|p2: DIAPERABUSER2009|move: Stealth Rock\n|\n|-weather|SunnyDay|[upkeep]\n|-damage|p2a: Flareon|247/263 tox|[from] psn\n|upkeep\n|turn|5\n|\n|t:|1781376771\n|move|p2a: Flareon|Facade|p1a: Torkoal\n|-damage|p1a: Torkoal|72/266 par\n|move|p1a: Torkoal|Fire Blast|p2a: Flareon|[miss]\n|-miss|p1a: Torkoal|p2a: Flareon\n|\n|-weather|none\n|-damage|p2a: Flareon|215/263 tox|[from] psn\n|upkeep\n|turn|6\n|\n|t:|1781376799\n|switch|p1a: Iron Boulder|Iron Boulder, L77|265/265\n|-damage|p1a: Iron Boulder|232/265|[from] Stealth Rock\n|-enditem|p1a: Iron Boulder|Booster Energy\n|-activate|p1a: Iron Boulder|ability: Quark Drive|[fromitem]\n|-start|p1a: Iron Boulder|quarkdrivespe\n|move|p2a: Flareon|Flare Blitz|p1a: Iron Boulder\n|-resisted|p1a: Iron Boulder\n|-damage|p1a: Iron Boulder|73/265\n|-damage|p2a: Flareon|163/263 tox|[from] Recoil\n|\n|-damage|p2a: Flareon|115/263 tox|[from] psn\n|upkeep\n|turn|7\n|\n|t:|1781376818\n|move|p1a: Iron Boulder|Mighty Cleave|p2a: Flareon\n|-supereffective|p2a: Flareon\n|-damage|p2a: Flareon|0 fnt\n|faint|p2a: Flareon\n|\n|upkeep\n|\n|t:|1781376834\n|switch|p2a: Uxie|Uxie, L83|260/260\n|-damage|p2a: Uxie|228/260|[from] Stealth Rock\n|turn|8\n|inactive|bluesun000 has 120 seconds left.\n|\n|t:|1781376861\n|move|p1a: Iron Boulder|Mighty Cleave|p2a: Uxie\n|-damage|p2a: Uxie|147/260\n|move|p2a: Uxie|U-turn|p1a: Iron Boulder\n|-supereffective|p1a: Iron Boulder\n|-damage|p1a: Iron Boulder|0 fnt\n|faint|p1a: Iron Boulder\n|-end|p1a: Iron Boulder|Quark Drive|[silent]\n|\n|t:|1781376865\n|switch|p2a: Tatsugiri|Tatsugiri, L87, F|260/260|[from] U-turn\n|\n|upkeep\n|inactive|bluesun000 has 120 seconds left.\n|\n|t:|1781376883\n|switch|p1a: Torkoal|Torkoal, L88, M|72/266 par\n|-weather|SunnyDay|[from] ability: Drought|[of] p1a: Torkoal\n|turn|9\n|\n|t:|1781376889\n|move|p2a: Tatsugiri|Rapid Spin|p1a: Torkoal\n|-damage|p1a: Torkoal|57/266 par\n|-boost|p2a: Tatsugiri|spe|1\n|-sideend|p2: DIAPERABUSER2009|Stealth Rock|[from] move: Rapid Spin|[of] p2a: Tatsugiri\n|move|p1a: Torkoal|Yawn|p2a: Tatsugiri\n|-start|p2a: Tatsugiri|move: Yawn|[of] p1a: Torkoal\n|\n|-weather|SunnyDay|[upkeep]\n|upkeep\n|turn|10\n|\n|t:|1781376894\n|switch|p2a: Uxie|Uxie, L83|147/260\n|move|p1a: Torkoal|Stealth Rock|p2a: Uxie\n|-sidestart|p2: DIAPERABUSER2009|move: Stealth Rock\n|\n|-weather|SunnyDay|[upkeep]\n|-heal|p2a: Uxie|163/260|[from] item: Leftovers\n|upkeep\n|turn|11\n|\n|t:|1781376902\n|move|p2a: Uxie|Psychic Noise|p1a: Torkoal\n|-damage|p1a: Torkoal|0 fnt\n|faint|p1a: Torkoal\n|\n|-weather|SunnyDay|[upkeep]\n|-heal|p2a: Uxie|179/260|[from] item: Leftovers\n|upkeep\n|\n|t:|1781376910\n|switch|p1a: Goodra|Goodra-Hisui, L82, F|265/265\n|-damage|p1a: Goodra|249/265|[from] Stealth Rock\n|turn|12\n|\n|t:|1781376915\n|move|p2a: Uxie|Thunder Wave|p1a: Goodra\n|-status|p1a: Goodra|par\n|move|p1a: Goodra|Dragon Tail|p2a: Uxie\n|-crit|p2a: Uxie\n|-damage|p2a: Uxie|109/260\n|drag|p2a: Volbeat|Volbeat, L90, M|263/263\n|\n|-weather|SunnyDay|[upkeep]\n|upkeep\n|turn|13\n|\n|t:|1781376923\n|move|p2a: Volbeat|U-turn|p1a: Goodra\n|-resisted|p1a: Goodra\n|-damage|p1a: Goodra|219/265 par\n|\n|t:|1781376926\n|switch|p2a: Tatsugiri|Tatsugiri, L87, F|260/260|[from] U-turn\n|cant|p1a: Goodra|par\n|\n|-weather|none\n|upkeep\n|turn|14\n|\n|t:|1781376930\n|move|p2a: Tatsugiri|Rapid Spin|p1a: Goodra\n|-resisted|p1a: Goodra\n|-crit|p1a: Goodra\n|-damage|p1a: Goodra|201/265 par\n|-boost|p2a: Tatsugiri|spe|1\n|-sideend|p2: DIAPERABUSER2009|Stealth Rock|[from] move: Rapid Spin|[of] p2a: Tatsugiri\n|move|p1a: Goodra|Dragon Tail|p2a: Tatsugiri\n|-supereffective|p2a: Tatsugiri\n|-damage|p2a: Tatsugiri|98/260\n|drag|p2a: Volbeat|Volbeat, L90, M|263/263\n|\n|upkeep\n|turn|15\n|\n|t:|1781376938\n|move|p2a: Volbeat|U-turn|p1a: Goodra\n|-resisted|p1a: Goodra\n|-damage|p1a: Goodra|170/265 par\n|\n|t:|1781376940\n|switch|p2a: Uxie|Uxie, L83|109/260|[from] U-turn\n|move|p1a: Goodra|Dragon Tail|p2a: Uxie\n|-damage|p2a: Uxie|61/260\n|drag|p2a: Alcremie|Alcremie-Mint-Cream, L90, F|263/263\n|\n|upkeep\n|turn|16\n|\n|t:|1781376968\n|switch|p2a: Uxie|Uxie, L83|61/260\n|move|p1a: Goodra|Heavy Slam|p2a: Uxie\n|-damage|p2a: Uxie|0 fnt\n|faint|p2a: Uxie\n|\n|upkeep\n|\n|t:|1781376972\n|switch|p2a: Tatsugiri|Tatsugiri, L87, F|98/260\n|turn|17\n|\n|t:|1781376978\n|move|p2a: Tatsugiri|Draco Meteor|p1a: Goodra\n|-damage|p1a: Goodra|89/265 par\n|-unboost|p2a: Tatsugiri|spa|2\n|move|p1a: Goodra|Dragon Tail|p2a: Tatsugiri|[miss]\n|-miss|p1a: Goodra|p2a: Tatsugiri\n|\n|upkeep\n|turn|18\n|\n|t:|1781376995\n|switch|p2a: Volbeat|Volbeat, L90, M|263/263\n|cant|p1a: Goodra|par\n|\n|upkeep\n|turn|19\n|\n|t:|1781377002\n|move|p2a: Volbeat|U-turn|p1a: Goodra\n|-resisted|p1a: Goodra\n|-damage|p1a: Goodra|56/265 par\n|\n|t:|1781377004\n|switch|p2a: Tatsugiri|Tatsugiri, L87, F|98/260|[from] U-turn\n|move|p1a: Goodra|Heavy Slam|p2a: Tatsugiri\n|-resisted|p2a: Tatsugiri\n|-damage|p2a: Tatsugiri|17/260\n|\n|upkeep\n|turn|20\n|\n|t:|1781377008\n|move|p2a: Tatsugiri|Draco Meteor|p1a: Goodra\n|-damage|p1a: Goodra|0 fnt\n|-unboost|p2a: Tatsugiri|spa|2\n|faint|p1a: Goodra\n|\n|upkeep\n|\n|t:|1781377016\n|switch|p1a: Venomoth|Venomoth, L84, M|255/255\n|turn|21\n|\n|t:|1781377042\n|switch|p2a: Volbeat|Volbeat, L90, M|263/263\n|move|p1a: Venomoth|Sleep Powder|p2a: Volbeat\n|-status|p2a: Volbeat|slp|[from] move: Sleep Powder\n|\n|upkeep\n|turn|22\n|\n|t:|1781377047\n|cant|p2a: Volbeat|slp\n|move|p1a: Venomoth|Quiver Dance|p1a: Venomoth\n|-boost|p1a: Venomoth|spa|1\n|-boost|p1a: Venomoth|spd|1\n|-boost|p1a: Venomoth|spe|1\n|\n|upkeep\n|turn|23\n|\n|t:|1781377053\n|cant|p2a: Volbeat|slp\n|move|p1a: Venomoth|Sludge Wave|p2a: Volbeat\n|-crit|p2a: Volbeat\n|-damage|p2a: Volbeat|55/263 slp\n|\n|upkeep\n|turn|24\n|\n|t:|1781377066\n|cant|p2a: Volbeat|slp\n|move|p1a: Venomoth|Sludge Wave|p2a: Volbeat\n|-damage|p2a: Volbeat|0 fnt\n|faint|p2a: Volbeat\n|\n|upkeep\n|\n|t:|1781377080\n|switch|p2a: Alcremie|Alcremie-Mint-Cream, L90, F|263/263\n|turn|25\n|\n|t:|1781377108\n|-terastallize|p2a: Alcremie|Poison\n|move|p1a: Venomoth|Sleep Powder|p2a: Alcremie\n|-status|p2a: Alcremie|slp|[from] move: Sleep Powder\n|cant|p2a: Alcremie|slp\n|\n|upkeep\n|turn|26\n|inactive|bluesun000 has 120 seconds left.\n|\n|t:|1781377129\n|-terastallize|p1a: Venomoth|Steel\n|move|p1a: Venomoth|Quiver Dance|p1a: Venomoth\n|-boost|p1a: Venomoth|spa|1\n|-boost|p1a: Venomoth|spd|1\n|-boost|p1a: Venomoth|spe|1\n|-curestatus|p2a: Alcremie|slp|[msg]\n|move|p2a: Alcremie|Psyshock|p1a: Venomoth\n|-resisted|p1a: Venomoth\n|-damage|p1a: Venomoth|206/255\n|\n|upkeep\n|turn|27\n|inactive|bluesun000 has 120 seconds left.\n|-message|DIAPERABUSER2009 forfeited.\n|\n|win|bluesun000\n", "inputlog": ">version a8376a258c1d4662feba110a92103f3664a72141\n>start {\"formatid\":\"gen9randombattle\",\"seed\":\"sodium,011297a6ccffc5635698c962f7f967bf\",\"rated\":\"Rated battle\"}\n>player p1 {\"name\":\"bluesun000\",\"avatar\":\"palmer\",\"rating\":1946,\"seed\":\"sodium,533ba5e3b85818ff00c11925b213919d\"}\n>player p2 {\"name\":\"DIAPERABUSER2009\",\"avatar\":\"flannery\",\"rating\":1919,\"seed\":\"sodium,0eee8ced46d47006cd84fb699b4f15cc\"}\n>p1 switch 2\n>p2 move thunderwave\n>p1 move yawn\n>p2 move stealthrock\n>p1 move stealthrock\n>p2 move uturn\n>p2 switch 3\n>p1 move stealthrock\n>p2 move trailblaze\n>p1 move fireblast\n>p2 move facade\n>p1 switch 4\n>p2 move flareblitz\n>p1 move mightycleave\n>p2 move trailblaze\n>p2 switch 3\n>p1 move mightycleave\n>p2 move uturn\n>p2 switch 6\n>p1 switch 4\n>p1 move yawn\n>p2 move rapidspin\n>p1 move stealthrock\n>p2 switch 6\n>p1 move yawn\n>p2 move psychicnoise\n>p1 switch 3\n>p1 move dragontail\n>p2 move thunderwave\n>p1 move dragontail\n>p2 move uturn\n>p2 switch 6\n>p1 move dragontail\n>p2 move rapidspin\n>p1 move dragontail\n>p2 move uturn\n>p2 switch 4\n>p1 move heavyslam\n>p2 switch 5\n>p2 switch 6\n>p1 move dragontail\n>p2 move dracometeor\n>p1 move dragontail\n>p2 switch 4\n>p1 move heavyslam\n>p2 move uturn\n>p2 switch 4\n>p1 move heavyslam\n>p2 move dracometeor\n>p1 switch 2\n>p1 move sleeppowder\n>p2 switch 4\n>p1 move quiverdance\n>p2 move thunderwave\n>p1 move sludgewave\n>p2 move encore\n>p1 move sludgewave\n>p2 move thunderwave\n>p2 switch 5\n>p1 move sleeppowder\n>p2 move psyshock terastallize\n>p1 move quiverdance terastallize\n>p2 move psyshock\n>forcelose p2", "uploadtime": 1781376714, "views": 8, "formatid": "gen9randombattle", "rating": null, "private": 0, "password": null}