{"id": "gen9randombattle-2631885437", "format": "[Gen 9] Random Battle", "players": ["SquidRoundpants", "silentkiller1"], "log": "|j|\u2606SquidRoundpants\n|j|\u2606silentkiller1\n|t:|1781451975\n|gametype|singles\n|player|p1|SquidRoundpants|leon|1717\n|player|p2|silentkiller1|101|1677\n|gen|9\n|tier|[Gen 9] Random Battle\n|rated|\n|rule|Species Clause: Limit one of each Pok\u00e9mon\n|rule|HP Percentage Mod: HP is shown in percentages\n|rule|Sleep Clause Mod: Limit one foe put to sleep\n|rule|Illusion Level Mod: Illusion disguises the Pok\u00e9mon's true level\n|\n|t:|1781451975\n|teamsize|p1|6\n|teamsize|p2|6\n|start\n|switch|p1a: Iron Jugulis|Iron Jugulis, L77|271/271\n|switch|p2a: Lokix|Lokix, L82, M|251/251\n|turn|1\n|inactive|Battle timer is ON: inactive players will automatically lose when time's up. (requested by SquidRoundpants)\n|\n|t:|1781451991\n|move|p2a: Lokix|First Impression|p1a: Iron Jugulis\n|-crit|p1a: Iron Jugulis\n|-damage|p1a: Iron Jugulis|72/271\n|move|p1a: Iron Jugulis|Hurricane|p2a: Lokix\n|-supereffective|p2a: Lokix\n|-crit|p2a: Lokix\n|-damage|p2a: Lokix|0 fnt\n|faint|p2a: Lokix\n|\n|upkeep\n|\n|t:|1781452005\n|switch|p2a: Ribombee|Ribombee, L83, F|235/235\n|turn|2\n|\n|t:|1781452011\n|move|p2a: Ribombee|Quiver Dance|p2a: Ribombee\n|-boost|p2a: Ribombee|spa|1\n|-boost|p2a: Ribombee|spd|1\n|-boost|p2a: Ribombee|spe|1\n|move|p1a: Iron Jugulis|Hurricane|p2a: Ribombee\n|-supereffective|p2a: Ribombee\n|-damage|p2a: Ribombee|0 fnt\n|faint|p2a: Ribombee\n|\n|upkeep\n|\n|t:|1781452014\n|switch|p2a: Wugtrio|Wugtrio, L91, M|212/212\n|turn|3\n|\n|t:|1781452019\n|-end|p1a: Iron Jugulis|Quark Drive|[silent]\n|switch|p1a: Toxicroak|Toxicroak, L84, M|277/277\n|move|p2a: Wugtrio|Liquidation|p1a: Toxicroak\n|-immune|p1a: Toxicroak|[from] ability: Dry Skin\n|\n|upkeep\n|turn|4\n|\n|t:|1781452028\n|switch|p2a: Tornadus|Tornadus, L82, M|264/264\n|move|p1a: Toxicroak|Swords Dance|p1a: Toxicroak\n|-boost|p1a: Toxicroak|atk|2\n|\n|upkeep\n|turn|5\n|\n|t:|1781452039\n|move|p2a: Tornadus|Nasty Plot|p2a: Tornadus\n|-boost|p2a: Tornadus|spa|2\n|move|p1a: Toxicroak|Gunk Shot|p2a: Tornadus\n|-damage|p2a: Tornadus|0 fnt\n|faint|p2a: Tornadus\n|-damage|p1a: Toxicroak|250/277|[from] item: Life Orb\n|\n|upkeep\n|-message|silentkiller1 forfeited.\n|\n|win|SquidRoundpants\n|raw|SquidRoundpants's rating: 1717 &rarr; <strong>1735</strong><br />(+18 for winning)\n|raw|silentkiller1's rating: 1677 &rarr; <strong>1659</strong><br />(-18 for losing)\n|l|\u2606silentkiller1\n|player|p2|\n", "uploadtime": 1781452056, "views": 5, "formatid": "gen9randombattle", "rating": 1659, "private": 0, "password": null}