{"id": "gen9randombattle-2631530006", "format": "[Gen 9] Random Battle", "players": ["DarkReaper1560", "cosmic12213"], "log": "|j|\u2606DarkReaper1560\n|j|\u2606cosmic12213\n|t:|1781397202\n|gametype|singles\n|player|p1|DarkReaper1560|lance|\n|player|p2|cosmic12213|265|\n|gen|9\n|tier|[Gen 9] Random Battle\n|rule|Species Clause: Limit one of each Pok\u00e9mon\n|rule|HP Percentage Mod: HP is shown in percentages\n|rule|Sleep Clause Mod: Limit one foe put to sleep\n|rule|Illusion Level Mod: Illusion disguises the Pok\u00e9mon's true level\n|\n|t:|1781397202\n|teamsize|p1|6\n|teamsize|p2|6\n|start\n|switch|p1a: Vigoroth|Vigoroth, L85, M|275/275\n|switch|p2a: Lucario|Lucario, L84, F|255/255\n|turn|1\n|\n|t:|1781397237\n|switch|p1a: Skeledirge|Skeledirge, L79, F|294/294\n|move|p2a: Lucario|Close Combat|p1a: Skeledirge\n|-immune|p1a: Skeledirge\n|\n|upkeep\n|turn|2\n|\n|t:|1781397276\n|switch|p2a: Cloyster|Cloyster, L80, F|211/211\n|move|p1a: Skeledirge|Torch Song|p2a: Cloyster\n|-damage|p2a: Cloyster|70/211\n|-boost|p1a: Skeledirge|spa|1\n|\n|upkeep\n|turn|3\n|\n|t:|1781397292\n|move|p2a: Cloyster|Hydro Pump|p1a: Skeledirge\n|-supereffective|p1a: Skeledirge\n|-damage|p1a: Skeledirge|64/294\n|move|p1a: Skeledirge|Flame Charge|p2a: Cloyster\n|-damage|p2a: Cloyster|46/211\n|-boost|p1a: Skeledirge|spe|1\n|\n|upkeep\n|turn|4\n|\n|t:|1781397308\n|move|p1a: Skeledirge|Torch Song|p2a: Cloyster\n|-damage|p2a: Cloyster|0 fnt\n|-boost|p1a: Skeledirge|spa|1\n|faint|p2a: Cloyster\n|\n|upkeep\n|\n|t:|1781397363\n|switch|p2a: Lucario|Lucario, L84, F|255/255\n|turn|5\n|\n|t:|1781397371\n|move|p1a: Skeledirge|Slack Off|p1a: Skeledirge\n|-heal|p1a: Skeledirge|211/294\n|move|p2a: Lucario|Stone Edge|p1a: Skeledirge\n|-supereffective|p1a: Skeledirge\n|-damage|p1a: Skeledirge|0 fnt\n|faint|p1a: Skeledirge\n|\n|upkeep\n|\n|t:|1781397409\n|switch|p1a: Gurdurr|Gurdurr, L85, M|283/283\n|turn|6\n|\n|t:|1781397448\n|switch|p2a: Flutter Mane|Flutter Mane, L74|203/203\n|move|p1a: Gurdurr|Bulk Up|p1a: Gurdurr\n|-boost|p1a: Gurdurr|atk|1\n|-boost|p1a: Gurdurr|def|1\n|\n|upkeep\n|turn|7\n|\n|t:|1781397463\n|-terastallize|p2a: Flutter Mane|Fairy\n|-terastallize|p1a: Gurdurr|Steel\n|move|p2a: Flutter Mane|Moonblast|p1a: Gurdurr\n|-resisted|p1a: Gurdurr\n|-damage|p1a: Gurdurr|180/283\n|-unboost|p1a: Gurdurr|spa|1\n|move|p1a: Gurdurr|Bulk Up|p1a: Gurdurr\n|-boost|p1a: Gurdurr|atk|1\n|-boost|p1a: Gurdurr|def|1\n|\n|upkeep\n|turn|8\n|\n|t:|1781397493\n|-end|p2a: Flutter Mane|Protosynthesis|[silent]\n|switch|p2a: Lucario|Lucario, L84, F|255/255\n|move|p1a: Gurdurr|Knock Off|p2a: Lucario\n|-resisted|p2a: Lucario\n|-damage|p2a: Lucario|171/255\n|-ability|p2a: Lucario|Justified|boost\n|-boost|p2a: Lucario|atk|1\n|-enditem|p2a: Lucario|Choice Band|[from] move: Knock Off|[of] p1a: Gurdurr\n|\n|upkeep\n|turn|9\n|\n|t:|1781397505\n|move|p1a: Gurdurr|Mach Punch|p2a: Lucario\n|-supereffective|p2a: Lucario\n|-damage|p2a: Lucario|0 fnt\n|faint|p2a: Lucario\n|\n|upkeep\n|\n|t:|1781397542\n|switch|p2a: Grafaiai|Grafaiai, L86, M|249/249\n|turn|10\n|\n|t:|1781397557\n|move|p2a: Grafaiai|Low Kick|p1a: Gurdurr\n|-supereffective|p1a: Gurdurr\n|-damage|p1a: Gurdurr|141/283\n|-damage|p2a: Grafaiai|225/249|[from] item: Life Orb\n|move|p1a: Gurdurr|Drain Punch|p2a: Grafaiai\n|-damage|p2a: Grafaiai|15/249\n|-heal|p1a: Gurdurr|246/283|[from] drain|[of] p2a: Grafaiai\n|\n|upkeep\n|turn|11\n|\n|t:|1781397594\n|move|p1a: Gurdurr|Mach Punch|p2a: Grafaiai\n|-damage|p2a: Grafaiai|0 fnt\n|faint|p2a: Grafaiai\n|\n|upkeep\n|\n|t:|1781397605\n|switch|p2a: Porygon-Z|Porygon-Z, L83|277/277\n|turn|12\n|\n|t:|1781397643\n|move|p2a: Porygon-Z|Shadow Ball|p1a: Gurdurr\n|-damage|p1a: Gurdurr|149/283\n|-damage|p2a: Porygon-Z|250/277|[from] item: Life Orb\n|move|p1a: Gurdurr|Drain Punch|p2a: Porygon-Z\n|-supereffective|p2a: Porygon-Z\n|-damage|p2a: Porygon-Z|0 fnt\n|-heal|p1a: Gurdurr|274/283|[from] drain|[of] p2a: Porygon-Z\n|faint|p2a: Porygon-Z\n|\n|upkeep\n|\n|t:|1781397658\n|switch|p2a: Slowking|Slowking-Galar, L85, F|300/300\n|turn|13\n|\n|t:|1781397668\n|move|p1a: Gurdurr|Knock Off|p2a: Slowking\n|-supereffective|p2a: Slowking\n|-damage|p2a: Slowking|0 fnt\n|-enditem|p2a: Slowking|Assault Vest|[from] move: Knock Off|[of] p1a: Gurdurr\n|faint|p2a: Slowking\n|\n|upkeep\n|\n|t:|1781397674\n|switch|p2a: Flutter Mane|Flutter Mane, L74, tera:Fairy|203/203\n|turn|14\n|\n|t:|1781397683\n|move|p2a: Flutter Mane|Mystical Fire|p1a: Gurdurr\n|-supereffective|p1a: Gurdurr\n|-damage|p1a: Gurdurr|110/283\n|-unboost|p1a: Gurdurr|spa|1\n|move|p1a: Gurdurr|Knock Off|p2a: Flutter Mane\n|-resisted|p2a: Flutter Mane\n|-damage|p2a: Flutter Mane|85/203\n|-enditem|p2a: Flutter Mane|Choice Specs|[from] move: Knock Off|[of] p1a: Gurdurr\n|\n|upkeep\n|turn|15\n|\n|t:|1781397700\n|switch|p1a: Groudon|Groudon, L72|263/263\n|-weather|SunnyDay|[from] ability: Drought|[of] p1a: Groudon\n|-activate|p2a: Flutter Mane|ability: Protosynthesis\n|-start|p2a: Flutter Mane|protosynthesisspa\n|move|p2a: Flutter Mane|Mystical Fire|p1a: Groudon\n|-damage|p1a: Groudon|152/263\n|-unboost|p1a: Groudon|spa|1\n|\n|-weather|SunnyDay|[upkeep]\n|-heal|p1a: Groudon|168/263|[from] item: Leftovers\n|upkeep\n|turn|16\n|\n|t:|1781397727\n|move|p2a: Flutter Mane|Shadow Ball|p1a: Groudon\n|-damage|p1a: Groudon|33/263\n|-unboost|p1a: Groudon|spd|1\n|move|p1a: Groudon|Precipice Blades|p2a: Flutter Mane\n|-damage|p2a: Flutter Mane|0 fnt\n|faint|p2a: Flutter Mane\n|-end|p2a: Flutter Mane|Protosynthesis|[silent]\n|\n|win|DarkReaper1560\n|l|\u2606cosmic12213\n|player|p2|\n", "inputlog": ">version a8376a258c1d4662feba110a92103f3664a72141\n>start {\"formatid\":\"gen9randombattle\",\"seed\":\"sodium,cccbc7190644c43c75dfcc56bab23597\"}\n>player p1 {\"name\":\"DarkReaper1560\",\"avatar\":\"lance\",\"rating\":0,\"seed\":\"sodium,c3f4f99caf8d409359285d6c84c23c18\"}\n>player p2 {\"name\":\"cosmic12213\",\"avatar\":\"265\",\"rating\":0,\"seed\":\"sodium,8c8f9fcaabee754b9b4f479212355730\"}\n>p1 switch 2\n>p2 move closecombat\n>p1 move torchsong\n>p2 switch 6\n>p1 move flamecharge\n>p2 move hydropump\n>p1 move torchsong\n>p2 move rockblast\n>p2 switch 6\n>p1 move slackoff\n>p2 move stoneedge\n>p1 switch 4\n>p1 move bulkup\n>p2 switch 4\n>p1 move bulkup terastallize\n>p2 move moonblast terastallize\n>p1 move knockoff\n>p2 switch 4\n>p1 move machpunch\n>p2 move closecombat\n>p2 switch 3\n>p1 move drainpunch\n>p2 move lowkick\n>p1 move machpunch\n>p2 move lowkick\n>p2 switch 5\n>p1 move drainpunch\n>p2 move shadowball\n>p2 switch 2\n>p1 move knockoff\n>p2 move fireblast\n>p2 switch 4\n>p1 move knockoff\n>p2 move mysticalfire\n>p1 switch 3\n>p2 move mysticalfire\n>p1 move precipiceblades\n>p2 move shadowball", "uploadtime": 1781398741, "views": 5, "formatid": "gen9randombattle", "rating": null, "private": 0, "password": null}