{"id": "gen9randombattle-2631610440", "format": "[Gen 9] Random Battle", "players": ["Blooodfooort", "zenkijooj"], "log": "|j|\u2606Blooodfooort\n|j|\u2606zenkijooj\n|t:|1781408493\n|gametype|singles\n|player|p1|Blooodfooort|101|1919\n|player|p2|zenkijooj|rosa|1968\n|gen|9\n|tier|[Gen 9] Random Battle\n|rated|\n|rule|Species Clause: Limit one of each Pok\u00e9mon\n|rule|HP Percentage Mod: HP is shown in percentages\n|rule|Sleep Clause Mod: Limit one foe put to sleep\n|rule|Illusion Level Mod: Illusion disguises the Pok\u00e9mon's true level\n|\n|t:|1781408493\n|teamsize|p1|6\n|teamsize|p2|6\n|start\n|switch|p1a: Vileplume|Vileplume, L85, F|266/266\n|switch|p2a: Politoed|Politoed, L88, F|302/302\n|-weather|RainDance|[from] ability: Drizzle|[of] p2a: Politoed\n|turn|1\n|\n|t:|1781408506\n|move|p2a: Politoed|Hypnosis|p1a: Vileplume|[miss]\n|-miss|p2a: Politoed|p1a: Vileplume\n|move|p1a: Vileplume|Leech Seed|p2a: Politoed\n|-start|p2a: Politoed|move: Leech Seed\n|\n|-weather|RainDance|[upkeep]\n|-damage|p2a: Politoed|265/302|[from] Leech Seed|[of] p1a: Vileplume\n|upkeep\n|turn|2\n|inactive|Battle timer is ON: inactive players will automatically lose when time's up. (requested by Blooodfooort)\n|\n|t:|1781408516\n|switch|p2a: Sandslash|Sandslash-Alola, L88, F|275/275\n|move|p1a: Vileplume|Giga Drain|p2a: Sandslash\n|-resisted|p2a: Sandslash\n|-damage|p2a: Sandslash|223/275\n|\n|-weather|RainDance|[upkeep]\n|upkeep\n|turn|3\n|\n|t:|1781408523\n|switch|p1a: Conkeldurr|Conkeldurr, L80, F|299/299\n|move|p2a: Sandslash|Swords Dance|p2a: Sandslash\n|-boost|p2a: Sandslash|atk|2\n|\n|-weather|RainDance|[upkeep]\n|-status|p1a: Conkeldurr|brn|[from] item: Flame Orb\n|upkeep\n|turn|4\n|\n|t:|1781408536\n|-terastallize|p2a: Sandslash|Ground\n|move|p1a: Conkeldurr|Mach Punch|p2a: Sandslash\n|-damage|p2a: Sandslash|162/275\n|move|p2a: Sandslash|Triple Axel|p1a: Conkeldurr\n|-damage|p1a: Conkeldurr|239/299 brn\n|-damage|p1a: Conkeldurr|110/299 brn\n|-damage|p1a: Conkeldurr|0 fnt\n|faint|p1a: Conkeldurr\n|-hitcount|p1: Conkeldurr|3\n|-damage|p2a: Sandslash|135/275|[from] item: Life Orb\n|\n|-weather|RainDance|[upkeep]\n|upkeep\n|\n|t:|1781408540\n|switch|p1a: Gastrodon|Gastrodon, L86, F|219/219\n|turn|5\n|\n|t:|1781408552\n|move|p1a: Gastrodon|Hyper Voice|p2a: Sandslash\n|-damage|p2a: Sandslash|0 fnt\n|faint|p2a: Sandslash\n|\n|-weather|none\n|upkeep\n|\n|t:|1781408574\n|switch|p2a: Roaring Moon|Roaring Moon, L72|270/270\n|-enditem|p2a: Roaring Moon|Booster Energy\n|-activate|p2a: Roaring Moon|ability: Protosynthesis|[fromitem]\n|-start|p2a: Roaring Moon|protosynthesisatk\n|turn|6\n|\n|t:|1781408581\n|switch|p1a: Amoonguss|Amoonguss, L82, F|321/321\n|move|p2a: Roaring Moon|Dragon Dance|p2a: Roaring Moon\n|-boost|p2a: Roaring Moon|atk|1\n|-boost|p2a: Roaring Moon|spe|1\n|\n|upkeep\n|turn|7\n|\n|t:|1781408590\n|-end|p2a: Roaring Moon|Protosynthesis|[silent]\n|switch|p2a: Gogoat|Gogoat, L88, M|360/360\n|move|p1a: Amoonguss|Spore|p2a: Gogoat\n|-ability|p2a: Gogoat|Sap Sipper|boost\n|-boost|p2a: Gogoat|atk|1\n|\n|upkeep\n|turn|8\n|\n|t:|1781408597\n|move|p2a: Gogoat|Bulk Up|p2a: Gogoat\n|-boost|p2a: Gogoat|atk|1\n|-boost|p2a: Gogoat|def|1\n|move|p1a: Amoonguss|Sludge Bomb|p2a: Gogoat\n|-supereffective|p2a: Gogoat\n|-damage|p2a: Gogoat|198/360\n|-status|p2a: Gogoat|psn\n|\n|-heal|p2a: Gogoat|220/360 psn|[from] item: Leftovers\n|-damage|p2a: Gogoat|175/360 psn|[from] psn\n|upkeep\n|turn|9\n|\n|t:|1781408603\n|move|p2a: Gogoat|Earthquake|p1a: Amoonguss\n|-damage|p1a: Amoonguss|122/321\n|move|p1a: Amoonguss|Sludge Bomb|p2a: Gogoat\n|-supereffective|p2a: Gogoat\n|-damage|p2a: Gogoat|5/360 psn\n|\n|-heal|p2a: Gogoat|27/360 psn|[from] item: Leftovers\n|-heal|p1a: Amoonguss|142/321|[from] item: Leftovers\n|-damage|p2a: Gogoat|0 fnt|[from] psn\n|faint|p2a: Gogoat\n|upkeep\n|\n|t:|1781408620\n|switch|p2a: Ho-Oh|Ho-Oh, L71|268/268\n|turn|10\n|\n|t:|1781408629\n|switch|p1a: Gastrodon|Gastrodon, L86, F|331/331\n|move|p2a: Ho-Oh|Brave Bird|p1a: Gastrodon\n|-damage|p1a: Gastrodon|202/331\n|-damage|p2a: Ho-Oh|225/268|[from] Recoil\n|\n|-heal|p1a: Gastrodon|222/331|[from] item: Leftovers\n|upkeep\n|turn|11\n|\n|t:|1781408638\n|move|p2a: Ho-Oh|Brave Bird|p1a: Gastrodon\n|-crit|p1a: Gastrodon\n|-damage|p1a: Gastrodon|6/331\n|-damage|p2a: Ho-Oh|154/268|[from] Recoil\n|move|p1a: Gastrodon|Recover|p1a: Gastrodon\n|-heal|p1a: Gastrodon|172/331\n|\n|-heal|p1a: Gastrodon|192/331|[from] item: Leftovers\n|upkeep\n|turn|12\n|\n|t:|1781408649\n|switch|p2a: Roaring Moon|Roaring Moon, L72|270/270\n|move|p1a: Gastrodon|Recover|p1a: Gastrodon\n|-heal|p1a: Gastrodon|331/331\n|\n|upkeep\n|turn|13\n|\n|t:|1781408655\n|move|p2a: Roaring Moon|Dragon Dance|p2a: Roaring Moon\n|-boost|p2a: Roaring Moon|atk|1\n|-boost|p2a: Roaring Moon|spe|1\n|move|p1a: Gastrodon|Earthquake|p2a: Roaring Moon\n|-damage|p2a: Roaring Moon|140/270\n|\n|upkeep\n|turn|14\n|\n|t:|1781408665\n|move|p2a: Roaring Moon|Knock Off|p1a: Gastrodon\n|-damage|p1a: Gastrodon|138/331\n|-enditem|p1a: Gastrodon|Leftovers|[from] move: Knock Off|[of] p2a: Roaring Moon\n|move|p1a: Gastrodon|Earthquake|p2a: Roaring Moon\n|-damage|p2a: Roaring Moon|11/270\n|\n|upkeep\n|turn|15\n|\n|t:|1781408670\n|move|p2a: Roaring Moon|Outrage|p1a: Gastrodon\n|-damage|p1a: Gastrodon|0 fnt\n|faint|p1a: Gastrodon\n|\n|upkeep\n|\n|t:|1781408677\n|switch|p1a: Vileplume|Vileplume, L85, F|266/266\n|turn|16\n|\n|t:|1781408680\n|move|p2a: Roaring Moon|Outrage|p1a: Vileplume|[from] lockedmove\n|-damage|p1a: Vileplume|68/266\n|-start|p2a: Roaring Moon|confusion|[fatigue]\n|move|p1a: Vileplume|Strength Sap|p2a: Roaring Moon\n|-unboost|p2a: Roaring Moon|atk|1\n|-heal|p1a: Vileplume|266/266\n|\n|upkeep\n|turn|17\n|\n|t:|1781408697\n|-activate|p2a: Roaring Moon|confusion\n|-damage|p2a: Roaring Moon|0 fnt|[from] confusion\n|faint|p2a: Roaring Moon\n|-end|p2a: Roaring Moon|Protosynthesis|[silent]\n|move|p1a: Vileplume|Sludge Bomb|p2: Roaring Moon|[notarget]\n|-fail|p1a: Vileplume\n|\n|upkeep\n|\n|t:|1781408701\n|switch|p2a: Ho-Oh|Ho-Oh, L71|243/268\n|turn|18\n|\n|t:|1781408704\n|switch|p1a: Ursaluna|Ursaluna, L79, F|335/335\n|move|p2a: Ho-Oh|Sacred Fire|p1a: Ursaluna\n|-damage|p1a: Ursaluna|245/335\n|\n|-status|p1a: Ursaluna|brn|[from] item: Flame Orb\n|upkeep\n|turn|19\n|\n|t:|1781408721\n|switch|p2a: Politoed|Politoed, L88, F|265/302\n|-weather|RainDance|[from] ability: Drizzle|[of] p2a: Politoed\n|move|p1a: Ursaluna|Facade|p2a: Politoed\n|-damage|p2a: Politoed|0 fnt\n|faint|p2a: Politoed\n|\n|-weather|RainDance|[upkeep]\n|-damage|p1a: Ursaluna|225/335 brn|[from] brn\n|upkeep\n|\n|t:|1781408734\n|switch|p2a: Staraptor|Staraptor, L79, M|263/263\n|turn|20\n|\n|t:|1781408740\n|switch|p1a: Vileplume|Vileplume, L85, F|266/266\n|move|p2a: Staraptor|Close Combat|p1a: Vileplume\n|-resisted|p1a: Vileplume\n|-damage|p1a: Vileplume|198/266\n|-unboost|p2a: Staraptor|def|1\n|-unboost|p2a: Staraptor|spd|1\n|\n|-weather|RainDance|[upkeep]\n|-heal|p1a: Vileplume|214/266|[from] item: Leftovers\n|upkeep\n|turn|21\n|\n|t:|1781408746\n|switch|p2a: Ho-Oh|Ho-Oh, L71|268/268\n|move|p1a: Vileplume|Strength Sap|p2a: Ho-Oh\n|-unboost|p2a: Ho-Oh|atk|1\n|-heal|p1a: Vileplume|266/266\n|\n|-weather|RainDance|[upkeep]\n|upkeep\n|turn|22\n|\n|t:|1781408751\n|switch|p2a: Staraptor|Staraptor, L79, M|263/263\n|move|p1a: Vileplume|Leech Seed|p2a: Staraptor\n|-start|p2a: Staraptor|move: Leech Seed\n|\n|-weather|RainDance|[upkeep]\n|-damage|p2a: Staraptor|231/263|[from] Leech Seed|[of] p1a: Vileplume\n|upkeep\n|turn|23\n|\n|t:|1781408762\n|move|p2a: Staraptor|Brave Bird|p1a: Vileplume\n|-supereffective|p1a: Vileplume\n|-damage|p1a: Vileplume|0 fnt\n|faint|p1a: Vileplume\n|-damage|p2a: Staraptor|143/263|[from] Recoil\n|\n|-weather|none\n|upkeep\n|\n|t:|1781408766\n|switch|p1a: Amoonguss|Amoonguss, L82, F|219/219\n|turn|24\n|\n|t:|1781408768\n|move|p1a: Amoonguss|Hyper Voice|p2a: Staraptor\n|-damage|p2a: Staraptor|0 fnt\n|faint|p2a: Staraptor\n|\n|upkeep\n|\n|t:|1781408771\n|switch|p2a: Ho-Oh|Ho-Oh, L71|268/268\n|turn|25\n|\n|t:|1781408778\n|move|p1a: Amoonguss|Hyper Voice|p2a: Ho-Oh\n|-damage|p2a: Ho-Oh|153/268\n|move|p2a: Ho-Oh|Brave Bird|p1a: Amoonguss\n|-damage|p1a: Amoonguss|69/219\n|replace|p1a: Zoroark|Zoroark-Hisui, L80, M\n|-end|p1a: Zoroark|Illusion\n|-hint|Illusion Level Mod is active, so this Pok\u00e9mon's true level was hidden.\n|-damage|p2a: Ho-Oh|103/268|[from] Recoil\n|\n|upkeep\n|turn|26\n|\n|t:|1781408783\n|-terastallize|p1a: Zoroark|Normal\n|move|p1a: Zoroark|Hyper Voice|p2a: Ho-Oh\n|-damage|p2a: Ho-Oh|0 fnt\n|faint|p2a: Ho-Oh\n|\n|win|Blooodfooort\n", "inputlog": ">version a8376a258c1d4662feba110a92103f3664a72141\n>start {\"formatid\":\"gen9randombattle\",\"seed\":\"sodium,8303a4069dd01dfa8a793fd47f47ad8c\",\"rated\":\"Rated battle\"}\n>player p1 {\"name\":\"Blooodfooort\",\"avatar\":\"101\",\"rating\":1919,\"seed\":\"sodium,abe3d0be2c6f63a19c60eb04e498ffa9\"}\n>player p2 {\"name\":\"zenkijooj\",\"avatar\":\"rosa\",\"rating\":1968,\"seed\":\"sodium,5300c2ff7a367e77e860db26e079c692\"}\n>p1 move leechseed\n>p2 move hypnosis\n>p1 move gigadrain\n>p2 switch 4\n>p1 switch 4\n>p2 move swordsdance\n>p1 move machpunch\n>p2 move tripleaxel terastallize\n>p1 switch 5\n>p1 move hypervoice\n>p2 move earthquake\n>p2 switch 3\n>p1 switch 2\n>p2 move dragondance\n>p1 move spore\n>p2 switch 5\n>p1 move sludgebomb\n>p2 move bulkup\n>p1 move sludgebomb\n>p2 move earthquake\n>p2 switch 6\n>p1 switch 6\n>p2 move bravebird\n>p1 move recover\n>p2 move bravebird\n>p1 move recover\n>p2 switch 5\n>p1 move earthquake\n>p2 move dragondance\n>p1 move earthquake\n>p2 move knockoff\n>p1 move earthquake\n>p2 move outrage\n>p1 switch 4\n>p1 move strengthsap\n>p2 move outrage\n>p1 move sludgebomb\n>p2 move knockoff\n>p2 switch 5\n>p1 switch 3\n>p2 move sacredfire\n>p1 move facade\n>p2 switch 4\n>p2 switch 2\n>p1 switch 3\n>p2 move closecombat\n>p1 move strengthsap\n>p2 switch 4\n>p1 move leechseed\n>p2 switch 4\n>p1 move strengthsap\n>p2 move bravebird\n>p1 switch 2\n>p1 move hypervoice\n>p2 move bravebird\n>p2 switch 4\n>p1 move hypervoice\n>p2 move bravebird\n>p1 move hypervoice terastallize\n>p2 move bravebird", "uploadtime": 1781408495, "views": 5, "formatid": "gen9randombattle", "rating": null, "private": 0, "password": null}