{"id": "gen9randombattle-2631493408", "format": "[Gen 9] Random Battle", "players": ["catlib", "IchabodRb"], "log": "|j|\u2606catlib\n|j|\u2606IchabodRb\n|t:|1781392041\n|gametype|singles\n|player|p1|catlib|birdkeeper|2000\n|player|p2|IchabodRb|101|2083\n|gen|9\n|tier|[Gen 9] Random Battle\n|rated|\n|rule|Species Clause: Limit one of each Pok\u00e9mon\n|rule|HP Percentage Mod: HP is shown in percentages\n|rule|Sleep Clause Mod: Limit one foe put to sleep\n|rule|Illusion Level Mod: Illusion disguises the Pok\u00e9mon's true level\n|\n|t:|1781392041\n|teamsize|p1|6\n|teamsize|p2|6\n|start\n|switch|p1a: Oinkologne|Oinkologne, L92, M|352/352\n|switch|p2a: Glaceon|Glaceon, L94, M|275/275\n|turn|1\n|inactive|Battle timer is ON: inactive players will automatically lose when time's up. (requested by catlib)\n|\n|t:|1781392055\n|switch|p2a: Misdreavus|Misdreavus, L90, F|254/254\n|move|p1a: Oinkologne|Curse|p1a: Oinkologne\n|-unboost|p1a: Oinkologne|spe|1\n|-boost|p1a: Oinkologne|atk|1\n|-boost|p1a: Oinkologne|def|1\n|\n|upkeep\n|turn|2\n|\n|t:|1781392063\n|switch|p1a: Dachsbun|Dachsbun, L92, M|254/254\n|move|p2a: Misdreavus|Will-O-Wisp|p1a: Dachsbun\n|-ability|p1a: Dachsbun|Well-Baked Body|boost\n|-boost|p1a: Dachsbun|def|2\n|\n|upkeep\n|turn|3\n|\n|t:|1781392074\n|move|p1a: Dachsbun|Play Rough|p2a: Misdreavus\n|-damage|p2a: Misdreavus|173/254\n|move|p2a: Misdreavus|Calm Mind|p2a: Misdreavus\n|-boost|p2a: Misdreavus|spa|1\n|-boost|p2a: Misdreavus|spd|1\n|\n|upkeep\n|turn|4\n|\n|t:|1781392085\n|move|p1a: Dachsbun|Wish|p1a: Dachsbun\n|move|p2a: Misdreavus|Draining Kiss|p1a: Dachsbun\n|-damage|p1a: Dachsbun|195/254\n|-heal|p2a: Misdreavus|217/254|[from] drain|[of] p1a: Dachsbun\n|\n|-heal|p1a: Dachsbun|210/254|[from] item: Leftovers\n|upkeep\n|turn|5\n|\n|t:|1781392093\n|move|p1a: Dachsbun|Play Rough|p2a: Misdreavus\n|-damage|p2a: Misdreavus|141/254\n|move|p2a: Misdreavus|Calm Mind|p2a: Misdreavus\n|-boost|p2a: Misdreavus|spa|1\n|-boost|p2a: Misdreavus|spd|1\n|\n|-heal|p1a: Dachsbun|254/254|[from] move: Wish|[wisher] Dachsbun\n|upkeep\n|turn|6\n|\n|t:|1781392110\n|move|p1a: Dachsbun|Play Rough|p2a: Misdreavus\n|-damage|p2a: Misdreavus|65/254\n|move|p2a: Misdreavus|Draining Kiss|p1a: Dachsbun\n|-damage|p1a: Dachsbun|187/254\n|-heal|p2a: Misdreavus|115/254|[from] drain|[of] p1a: Dachsbun\n|\n|-heal|p1a: Dachsbun|202/254|[from] item: Leftovers\n|upkeep\n|turn|7\n|\n|t:|1781392133\n|-terastallize|p2a: Misdreavus|Fairy\n|move|p1a: Dachsbun|Play Rough|p2a: Misdreavus\n|-damage|p2a: Misdreavus|28/254\n|move|p2a: Misdreavus|Draining Kiss|p1a: Dachsbun\n|-damage|p1a: Dachsbun|66/254\n|-heal|p2a: Misdreavus|130/254|[from] drain|[of] p1a: Dachsbun\n|\n|-heal|p1a: Dachsbun|81/254|[from] item: Leftovers\n|upkeep\n|turn|8\n|\n|t:|1781392151\n|move|p1a: Dachsbun|Play Rough|p2a: Misdreavus\n|-damage|p2a: Misdreavus|51/254\n|-unboost|p2a: Misdreavus|atk|1\n|move|p2a: Misdreavus|Draining Kiss|p1a: Dachsbun\n|-damage|p1a: Dachsbun|0 fnt\n|-heal|p2a: Misdreavus|112/254|[from] drain|[of] p1a: Dachsbun\n|faint|p1a: Dachsbun\n|\n|upkeep\n|\n|t:|1781392164\n|switch|p1a: Oinkologne|Oinkologne, L92, M|352/352\n|turn|9\n|\n|t:|1781392168\n|move|p2a: Misdreavus|Will-O-Wisp|p1a: Oinkologne\n|-status|p1a: Oinkologne|brn\n|move|p1a: Oinkologne|Double-Edge|p2a: Misdreavus\n|-damage|p2a: Misdreavus|47/254\n|-damage|p1a: Oinkologne|331/352 brn|[from] Recoil\n|\n|-heal|p1a: Oinkologne|352/352 brn|[from] item: Leftovers\n|-damage|p1a: Oinkologne|330/352 brn|[from] brn\n|upkeep\n|turn|10\n|\n|t:|1781392186\n|move|p2a: Misdreavus|Draining Kiss|p1a: Oinkologne\n|-damage|p1a: Oinkologne|188/352 brn\n|-heal|p2a: Misdreavus|154/254|[from] drain|[of] p1a: Oinkologne\n|move|p1a: Oinkologne|Curse|p1a: Oinkologne\n|-unboost|p1a: Oinkologne|spe|1\n|-boost|p1a: Oinkologne|atk|1\n|-boost|p1a: Oinkologne|def|1\n|\n|-heal|p1a: Oinkologne|210/352 brn|[from] item: Leftovers\n|-damage|p1a: Oinkologne|188/352 brn|[from] brn\n|upkeep\n|turn|11\n|\n|t:|1781392199\n|move|p2a: Misdreavus|Calm Mind|p2a: Misdreavus\n|-boost|p2a: Misdreavus|spa|1\n|-boost|p2a: Misdreavus|spd|1\n|move|p1a: Oinkologne|Double-Edge|p2a: Misdreavus\n|-damage|p2a: Misdreavus|59/254\n|-damage|p1a: Oinkologne|157/352 brn|[from] Recoil\n|\n|-heal|p1a: Oinkologne|179/352 brn|[from] item: Leftovers\n|-damage|p1a: Oinkologne|157/352 brn|[from] brn\n|upkeep\n|turn|12\n|\n|t:|1781392210\n|move|p2a: Misdreavus|Draining Kiss|p1a: Oinkologne\n|-damage|p1a: Oinkologne|0 fnt\n|-heal|p2a: Misdreavus|177/254|[from] drain|[of] p1a: Oinkologne\n|faint|p1a: Oinkologne\n|\n|upkeep\n|\n|t:|1781392217\n|switch|p1a: Latias|Latias, L79, F|256/256\n|turn|13\n|\n|t:|1781392222\n|-terastallize|p1a: Latias|Steel\n|move|p1a: Latias|Calm Mind|p1a: Latias\n|-boost|p1a: Latias|spa|1\n|-boost|p1a: Latias|spd|1\n|move|p2a: Misdreavus|Shadow Ball|p1a: Latias\n|-damage|p1a: Latias|145/256\n|\n|upkeep\n|turn|14\n|\n|t:|1781392232\n|move|p1a: Latias|Calm Mind|p1a: Latias\n|-boost|p1a: Latias|spa|1\n|-boost|p1a: Latias|spd|1\n|move|p2a: Misdreavus|Shadow Ball|p1a: Latias\n|-damage|p1a: Latias|55/256\n|\n|upkeep\n|turn|15\n|\n|t:|1781392245\n|switch|p2a: Ceruledge|Ceruledge, L78, F|245/245\n|move|p1a: Latias|Recover|p1a: Latias\n|-heal|p1a: Latias|183/256\n|\n|upkeep\n|turn|16\n|\n|t:|1781392255\n|move|p1a: Latias|Draco Meteor|p2a: Ceruledge\n|-damage|p2a: Ceruledge|0 fnt\n|-unboost|p1a: Latias|spa|2\n|faint|p2a: Ceruledge\n|\n|upkeep\n|inactive|IchabodRb has 120 seconds left.\n|\n|t:|1781392286\n|switch|p2a: Swalot|Swalot, L90, M|326/326\n|turn|17\n|\n|t:|1781392295\n|move|p1a: Latias|Psyshock|p2a: Swalot\n|-supereffective|p2a: Swalot\n|-damage|p2a: Swalot|114/326\n|move|p2a: Swalot|Swords Dance|p2a: Swalot\n|-boost|p2a: Swalot|atk|2\n|\n|-heal|p2a: Swalot|134/326|[from] item: Leftovers\n|upkeep\n|turn|18\n|-message|IchabodRb forfeited.\n|\n|win|catlib\n", "inputlog": ">version a8376a258c1d4662feba110a92103f3664a72141\n>start {\"formatid\":\"gen9randombattle\",\"seed\":\"sodium,4a2862e30b11b9257cef33845b50df7d\",\"rated\":\"Rated battle\"}\n>player p1 {\"name\":\"catlib\",\"avatar\":\"birdkeeper\",\"rating\":2000,\"seed\":\"sodium,ba8854f2d74d8834cebcb636bcf06784\"}\n>player p2 {\"name\":\"IchabodRb\",\"avatar\":\"101\",\"rating\":2083,\"seed\":\"sodium,5cc14b4344864f7b4d04163403cc5777\"}\n>p1 move curse\n>p2 switch 5\n>p1 switch 4\n>p2 move willowisp\n>p1 move playrough\n>p2 move calmmind\n>p1 move wish\n>p2 move drainingkiss\n>p1 move playrough\n>p2 move calmmind\n>p1 move playrough\n>p2 move drainingkiss\n>p1 move playrough\n>p2 move drainingkiss terastallize\n>p1 move playrough\n>p2 move drainingkiss\n>p1 switch 4\n>p1 move doubleedge\n>p2 move willowisp\n>p1 move curse\n>p2 move drainingkiss\n>p1 move doubleedge\n>p2 move calmmind\n>p1 move doubleedge\n>p2 move drainingkiss\n>p1 switch 6\n>p1 move calmmind terastallize\n>p2 move shadowball\n>p1 move calmmind\n>p2 move shadowball\n>p1 move recover\n>p2 switch 6\n>p1 move dracometeor\n>p2 move bitterblade\n>p2 switch 3\n>p1 move psyshock\n>p2 move swordsdance\n>forcelose p2", "uploadtime": 1781392043, "views": 4, "formatid": "gen9randombattle", "rating": null, "private": 0, "password": null}