{"id": "gen9randombattle-2631413744", "format": "[Gen 9] Random Battle", "players": ["Insectjoy", "nocomment3"], "log": "|j|\u2606Insectjoy\n|j|\u2606nocomment3\n|t:|1781381704\n|gametype|singles\n|player|p1|Insectjoy|170|2048\n|player|p2|nocomment3|2|2032\n|gen|9\n|tier|[Gen 9] Random Battle\n|rated|\n|rule|Species Clause: Limit one of each Pok\u00e9mon\n|rule|HP Percentage Mod: HP is shown in percentages\n|rule|Sleep Clause Mod: Limit one foe put to sleep\n|rule|Illusion Level Mod: Illusion disguises the Pok\u00e9mon's true level\n|\n|t:|1781381704\n|teamsize|p1|6\n|teamsize|p2|6\n|start\n|switch|p1a: Rillaboom|Rillaboom, L79, M|288/288\n|switch|p2a: Miraidon|Miraidon, L65|238/238\n|-fieldstart|move: Electric Terrain|[from] ability: Hadron Engine|[of] p2a: Miraidon\n|-fieldstart|move: Grassy Terrain|[from] ability: Grassy Surge|[of] p1a: Rillaboom\n|turn|1\n|c|\u2606Insectjoy|Glhf\n|\n|t:|1781381735\n|move|p2a: Miraidon|Volt Switch|p1a: Rillaboom\n|-resisted|p1a: Rillaboom\n|-damage|p1a: Rillaboom|237/288\n|inactive|Battle timer is ON: inactive players will automatically lose when time's up. (requested by Insectjoy)\n|\n|t:|1781381788\n|switch|p2a: Venomoth|Venomoth, L84, M|255/255|[from] Volt Switch\n|move|p1a: Rillaboom|Knock Off|p2a: Venomoth\n|-damage|p2a: Venomoth|130/255\n|-enditem|p2a: Venomoth|Heavy-Duty Boots|[from] move: Knock Off|[of] p1a: Rillaboom\n|-damage|p1a: Rillaboom|209/288|[from] item: Life Orb\n|\n|-heal|p2a: Venomoth|145/255|[from] Grassy Terrain\n|-heal|p1a: Rillaboom|227/288|[from] Grassy Terrain\n|upkeep\n|turn|2\n|\n|t:|1781381818\n|switch|p1a: Illumise|Illumise, L91, F|266/266\n|move|p2a: Venomoth|Quiver Dance|p2a: Venomoth\n|-boost|p2a: Venomoth|spa|1\n|-boost|p2a: Venomoth|spd|1\n|-boost|p2a: Venomoth|spe|1\n|\n|-heal|p2a: Venomoth|160/255|[from] Grassy Terrain\n|upkeep\n|turn|3\n|\n|t:|1781381833\n|switch|p2a: Mabosstiff|Mabosstiff, L86, F|278/278\n|move|p1a: Illumise|Bug Buzz|p2a: Mabosstiff\n|-supereffective|p2a: Mabosstiff\n|-damage|p2a: Mabosstiff|54/278\n|\n|-heal|p2a: Mabosstiff|71/278|[from] Grassy Terrain\n|upkeep\n|turn|4\n|\n|t:|1781381844\n|switch|p2a: Quagsire|Quagsire, L84, F|297/297\n|move|p1a: Illumise|Bug Buzz|p2a: Quagsire\n|-damage|p2a: Quagsire|182/297\n|\n|-heal|p2a: Quagsire|200/297|[from] Grassy Terrain\n|-heal|p2a: Quagsire|218/297|[from] item: Leftovers\n|upkeep\n|turn|5\n|\n|t:|1781381861\n|switch|p1a: Copperajah|Copperajah, L86, F|350/350\n|move|p2a: Quagsire|Toxic|p1a: Copperajah\n|-immune|p1a: Copperajah\n|\n|-heal|p2a: Quagsire|236/297|[from] Grassy Terrain\n|-heal|p2a: Quagsire|254/297|[from] item: Leftovers\n|-fieldend|move: Grassy Terrain\n|upkeep\n|turn|6\n|\n|t:|1781381874\n|move|p2a: Quagsire|Earthquake|p1a: Copperajah\n|-supereffective|p1a: Copperajah\n|-crit|p1a: Copperajah\n|-damage|p1a: Copperajah|0 fnt\n|faint|p1a: Copperajah\n|\n|-heal|p2a: Quagsire|272/297|[from] item: Leftovers\n|upkeep\n|\n|t:|1781381882\n|switch|p1a: Rillaboom|Rillaboom, L79, M|227/288\n|-fieldstart|move: Grassy Terrain|[from] ability: Grassy Surge|[of] p1a: Rillaboom\n|turn|7\n|\n|t:|1781381889\n|switch|p2a: Mabosstiff|Mabosstiff, L86, F|71/278\n|move|p1a: Rillaboom|Wood Hammer|p2a: Mabosstiff\n|-crit|p2a: Mabosstiff\n|-damage|p2a: Mabosstiff|0 fnt\n|faint|p2a: Mabosstiff\n|-damage|p1a: Rillaboom|204/288|[from] Recoil\n|-damage|p1a: Rillaboom|176/288|[from] item: Life Orb\n|\n|-heal|p1a: Rillaboom|194/288|[from] Grassy Terrain\n|upkeep\n|\n|t:|1781381897\n|switch|p2a: Venomoth|Venomoth, L84, M|160/255\n|turn|8\n|\n|t:|1781381924\n|switch|p1a: Illumise|Illumise, L91, F|266/266\n|move|p2a: Venomoth|Sludge Wave|p1a: Illumise\n|-damage|p1a: Illumise|181/266\n|\n|-heal|p1a: Illumise|197/266|[from] Grassy Terrain\n|-heal|p2a: Venomoth|175/255|[from] Grassy Terrain\n|upkeep\n|turn|9\n|\n|t:|1781381934\n|switch|p2a: Miraidon|Miraidon, L65|238/238\n|-fieldstart|move: Electric Terrain|[from] ability: Hadron Engine|[of] p2a: Miraidon\n|move|p1a: Illumise|Thunder Wave|p2a: Miraidon\n|-immune|p2a: Miraidon\n|\n|upkeep\n|turn|10\n|inactive|Insectjoy has 120 seconds left.\n|\n|t:|1781381956\n|switch|p1a: Rillaboom|Rillaboom, L79, M|194/288\n|-fieldstart|move: Grassy Terrain|[from] ability: Grassy Surge|[of] p1a: Rillaboom\n|move|p2a: Miraidon|Overheat|p1a: Rillaboom\n|-supereffective|p1a: Rillaboom\n|-crit|p1a: Rillaboom\n|-damage|p1a: Rillaboom|0 fnt\n|-unboost|p2a: Miraidon|spa|2\n|faint|p1a: Rillaboom\n|\n|upkeep\n|inactive|Insectjoy has 120 seconds left.\n|\n|t:|1781381975\n|switch|p1a: Flapple|Flapple, L88, M|266/266\n|turn|11\n|l|\u2606Insectjoy\n|inactive|Insectjoy disconnected and has a minute to reconnect!\n|player|p1|\n|l|\u2606nocomment3\n|inactive|nocomment3 disconnected and has a minute to reconnect!\n|player|p2|\n|inactive|Insectjoy has 30 seconds to reconnect!\n|inactive|Insectjoy has 20 seconds to reconnect!\n|inactive|nocomment3 has 30 seconds to reconnect!\n|j|\u2606nocomment3\n|inactive|nocomment3 reconnected and has 105 seconds left.\n|player|p2|nocomment3|2|\n|inactive|Insectjoy has 15 seconds to reconnect!\n|j|\u2606Insectjoy\n|inactive|Insectjoy reconnected and has 70 seconds left.\n|player|p1|Insectjoy|170|\n|\n|t:|1781382029\n|move|p2a: Miraidon|Overheat|p1a: Flapple\n|-damage|p1a: Flapple|199/266\n|-unboost|p2a: Miraidon|spa|2\n|move|p1a: Flapple|Dragon Dance|p1a: Flapple\n|-boost|p1a: Flapple|atk|1\n|-boost|p1a: Flapple|spe|1\n|\n|-heal|p1a: Flapple|215/266|[from] Grassy Terrain\n|upkeep\n|turn|12\n|\n|t:|1781382047\n|switch|p2a: Latias|Latias, L79, F, shiny|256/256\n|move|p1a: Flapple|Dragon Dance|p1a: Flapple\n|-boost|p1a: Flapple|atk|1\n|-boost|p1a: Flapple|spe|1\n|\n|-heal|p1a: Flapple|231/266|[from] Grassy Terrain\n|upkeep\n|turn|13\n|inactive|nocomment3 has 90 seconds left.\n|inactive|Insectjoy has 60 seconds left.\n|\n|t:|1781382091\n|-terastallize|p1a: Flapple|Dragon\n|-terastallize|p2a: Latias|Steel\n|move|p1a: Flapple|Outrage|p2a: Latias\n|-resisted|p2a: Latias\n|-damage|p2a: Latias|0 fnt\n|faint|p2a: Latias\n|\n|-heal|p1a: Flapple|247/266|[from] Grassy Terrain\n|upkeep\n|inactive|nocomment3 has 90 seconds left.\n|-message|nocomment3 forfeited.\n|\n|win|Insectjoy\n", "inputlog": ">version a8376a258c1d4662feba110a92103f3664a72141\n>start {\"formatid\":\"gen9randombattle\",\"seed\":\"sodium,9d5ba7bd2edfa7bb166fe5700e3513f4\",\"rated\":\"Rated battle\"}\n>player p1 {\"name\":\"Insectjoy\",\"avatar\":\"170\",\"rating\":2048,\"seed\":\"sodium,a27f558db6cb378c36bb98a454d7cb37\"}\n>player p2 {\"name\":\"nocomment3\",\"avatar\":\"2\",\"rating\":2032,\"seed\":\"sodium,8b03a25a85c2af7dd6f8e33172c371b0\"}\n>chat \u2606Insectjoy|Glhf\n>p1 move knockoff\n>p2 move voltswitch\n>p2 switch 4\n>p1 switch 4\n>p2 move quiverdance\n>p1 move bugbuzz\n>p2 switch 3\n>p1 move bugbuzz\n>p2 switch 2\n>p1 switch 6\n>p2 move toxic\n>p1 move playrough\n>p2 move earthquake\n>p1 switch 4\n>p1 move woodhammer\n>p2 switch 2\n>p2 switch 3\n>p1 switch 6\n>p2 move sludgewave\n>p1 move thunderwave\n>p2 switch 4\n>p1 switch 6\n>p2 move overheat\n>p1 switch 3\n>p1 move dragondance\n>p2 move overheat\n>p1 move dragondance\n>p2 switch 5\n>p1 move outrage terastallize\n>p2 move dracometeor terastallize\n>forcelose p2", "uploadtime": 1781381706, "views": 11, "formatid": "gen9randombattle", "rating": null, "private": 0, "password": null}