{"id": "gen9randombattle-2631867325", "format": "[Gen 9] Random Battle", "players": ["grabschaender", "Matuidi14"], "log": "|j|\u2606grabschaender\n|j|\u2606Matuidi14\n|t:|1781449945\n|gametype|singles\n|player|p1|grabschaender|candice|2289\n|player|p2|Matuidi14|clown|2256\n|gen|9\n|tier|[Gen 9] Random Battle\n|rated|\n|rule|Species Clause: Limit one of each Pok\u00e9mon\n|rule|HP Percentage Mod: HP is shown in percentages\n|rule|Sleep Clause Mod: Limit one foe put to sleep\n|rule|Illusion Level Mod: Illusion disguises the Pok\u00e9mon's true level\n|\n|t:|1781449945\n|teamsize|p1|6\n|teamsize|p2|6\n|start\n|switch|p1a: Hitmonchan|Hitmonchan, L87, M|229/229\n|switch|p2a: Overqwil|Overqwil, L82, M|274/274\n|-ability|p2a: Overqwil|Intimidate|boost\n|-unboost|p1a: Hitmonchan|atk|1\n|turn|1\n|inactive|Battle timer is ON: inactive players will automatically lose when time's up. (requested by Matuidi14)\n|inactive|grabschaender has 120 seconds left.\n|\n|t:|1781450009\n|switch|p1a: Hippowdon|Hippowdon, L82, F|311/311\n|-weather|Sandstorm|[from] ability: Sand Stream|[of] p1a: Hippowdon\n|move|p2a: Overqwil|Swords Dance|p2a: Overqwil\n|-boost|p2a: Overqwil|atk|2\n|\n|-weather|Sandstorm|[upkeep]\n|-damage|p2a: Overqwil|257/274|[from] Sandstorm\n|upkeep\n|turn|2\n|\n|t:|1781450024\n|move|p2a: Overqwil|Liquidation|p1a: Hippowdon\n|-supereffective|p1a: Hippowdon\n|-damage|p1a: Hippowdon|12/311\n|-damage|p2a: Overqwil|212/274|[from] item: Rocky Helmet|[of] p1a: Hippowdon\n|-damage|p2a: Overqwil|185/274|[from] item: Life Orb\n|move|p1a: Hippowdon|Earthquake|p2a: Overqwil\n|-supereffective|p2a: Overqwil\n|-damage|p2a: Overqwil|0 fnt\n|faint|p2a: Overqwil\n|\n|-weather|Sandstorm|[upkeep]\n|upkeep\n|\n|t:|1781450029\n|switch|p2a: Garchomp|Garchomp, L74, M|282/282\n|turn|3\n|\n|t:|1781450039\n|switch|p1a: Dewgong|Dewgong, L94, M|322/322\n|move|p2a: Garchomp|Earthquake|p1a: Dewgong\n|-damage|p1a: Dewgong|226/322\n|\n|-weather|Sandstorm|[upkeep]\n|-damage|p1a: Dewgong|206/322|[from] Sandstorm\n|upkeep\n|turn|4\n|\n|t:|1781450049\n|switch|p2a: Rotom|Rotom-Wash, L82|216/216\n|move|p1a: Dewgong|Ice Beam|p2a: Rotom\n|-resisted|p2a: Rotom\n|-damage|p2a: Rotom|171/216\n|\n|-weather|Sandstorm|[upkeep]\n|-damage|p2a: Rotom|158/216|[from] Sandstorm\n|-damage|p1a: Dewgong|186/322|[from] Sandstorm\n|-heal|p2a: Rotom|171/216|[from] item: Leftovers\n|upkeep\n|turn|5\n|\n|t:|1781450057\n|move|p2a: Rotom|Thunderbolt|p1a: Dewgong\n|-supereffective|p1a: Dewgong\n|-damage|p1a: Dewgong|24/322\n|move|p1a: Dewgong|Knock Off|p2a: Rotom\n|-damage|p2a: Rotom|115/216\n|-enditem|p2a: Rotom|Leftovers|[from] move: Knock Off|[of] p1a: Dewgong\n|\n|-weather|none\n|upkeep\n|turn|6\n|\n|t:|1781450068\n|switch|p1a: Hippowdon|Hippowdon, L82, F|12/311\n|-weather|Sandstorm|[from] ability: Sand Stream|[of] p1a: Hippowdon\n|move|p2a: Rotom|Thunderbolt|p1a: Hippowdon\n|-immune|p1a: Hippowdon\n|\n|-weather|Sandstorm|[upkeep]\n|-damage|p2a: Rotom|102/216|[from] Sandstorm\n|upkeep\n|turn|7\n|\n|t:|1781450070\n|move|p2a: Rotom|Hydro Pump|p1a: Hippowdon\n|-supereffective|p1a: Hippowdon\n|-damage|p1a: Hippowdon|0 fnt\n|faint|p1a: Hippowdon\n|\n|-weather|Sandstorm|[upkeep]\n|-damage|p2a: Rotom|89/216|[from] Sandstorm\n|upkeep\n|\n|t:|1781450077\n|switch|p1a: Dragapult|Dragapult, L77, F|262/262\n|turn|8\n|\n|t:|1781450104\n|move|p1a: Dragapult|Dragon Darts|p2a: Rotom\n|-damage|p2a: Rotom|41/216\n|-anim|p1a: Dragapult|Dragon Darts|p2a: Rotom\n|-damage|p2a: Rotom|0 fnt\n|faint|p2a: Rotom\n|\n|-weather|Sandstorm|[upkeep]\n|-damage|p1a: Dragapult|246/262|[from] Sandstorm\n|upkeep\n|inactive|Matuidi14 has 120 seconds left.\n|\n|t:|1781450123\n|switch|p2a: Flamigo|Flamigo, L82, F|269/269\n|turn|9\n|\n|t:|1781450128\n|-terastallize|p1a: Dragapult|Fairy\n|move|p1a: Dragapult|Will-O-Wisp|p2a: Flamigo\n|-status|p2a: Flamigo|brn\n|move|p2a: Flamigo|Throat Chop|p1a: Dragapult\n|-resisted|p1a: Dragapult\n|-damage|p1a: Dragapult|224/262\n|-start|p1a: Dragapult|Throat Chop|[silent]\n|-damage|p2a: Flamigo|243/269 brn|[from] item: Life Orb\n|\n|-weather|Sandstorm|[upkeep]\n|-damage|p1a: Dragapult|208/262|[from] Sandstorm\n|-damage|p2a: Flamigo|227/269 brn|[from] Sandstorm\n|-damage|p2a: Flamigo|211/269 brn|[from] brn\n|upkeep\n|turn|10\n|inactive|Matuidi14 has 120 seconds left.\n|\n|t:|1781450145\n|move|p1a: Dragapult|Hex|p2a: Flamigo\n|-damage|p2a: Flamigo|52/269 brn\n|move|p2a: Flamigo|Brave Bird|p1a: Dragapult\n|-damage|p1a: Dragapult|91/262\n|-damage|p2a: Flamigo|13/269 brn|[from] Recoil\n|-damage|p2a: Flamigo|0 fnt|[from] item: Life Orb\n|faint|p2a: Flamigo\n|\n|-weather|none\n|-end|p1a: Dragapult|Throat Chop|[silent]\n|upkeep\n|\n|t:|1781450148\n|switch|p2a: Torkoal|Torkoal, L88, M|266/266\n|-weather|SunnyDay|[from] ability: Drought|[of] p2a: Torkoal\n|turn|11\n|\n|t:|1781450152\n|move|p1a: Dragapult|U-turn|p2a: Torkoal\n|-resisted|p2a: Torkoal\n|-damage|p2a: Torkoal|251/266\n|\n|t:|1781450155\n|switch|p1a: Dewgong|Dewgong, L94, M|24/322|[from] U-turn\n|move|p2a: Torkoal|Solar Beam||[still]\n|-prepare|p2a: Torkoal|Solar Beam\n|-anim|p2a: Torkoal|Solar Beam|p1a: Dewgong\n|-supereffective|p1a: Dewgong\n|-damage|p1a: Dewgong|0 fnt\n|faint|p1a: Dewgong\n|\n|-weather|SunnyDay|[upkeep]\n|upkeep\n|\n|t:|1781450159\n|switch|p1a: Electrode|Electrode-Hisui, L87|246/246\n|turn|12\n|\n|t:|1781450170\n|move|p1a: Electrode|Thunder Wave|p2a: Torkoal\n|-status|p2a: Torkoal|par\n|move|p2a: Torkoal|Fire Blast|p1a: Electrode\n|-supereffective|p1a: Electrode\n|-damage|p1a: Electrode|0 fnt\n|faint|p1a: Electrode\n|\n|-weather|SunnyDay|[upkeep]\n|upkeep\n|\n|t:|1781450175\n|switch|p1a: Hitmonchan|Hitmonchan, L87, M|229/229\n|turn|13\n|\n|t:|1781450178\n|switch|p2a: Brambleghast|Brambleghast, L88, M|240/240\n|move|p1a: Hitmonchan|Swords Dance|p1a: Hitmonchan\n|-boost|p1a: Hitmonchan|atk|2\n|\n|-weather|SunnyDay|[upkeep]\n|upkeep\n|turn|14\n|\n|t:|1781450181\n|move|p2a: Brambleghast|Power Whip|p1a: Hitmonchan|[miss]\n|-miss|p2a: Brambleghast|p1a: Hitmonchan\n|move|p1a: Hitmonchan|Knock Off|p2a: Brambleghast\n|-supereffective|p2a: Brambleghast\n|-damage|p2a: Brambleghast|0 fnt\n|-enditem|p2a: Brambleghast|Leftovers|[from] move: Knock Off|[of] p1a: Hitmonchan\n|faint|p2a: Brambleghast\n|-damage|p1a: Hitmonchan|207/229|[from] item: Life Orb\n|\n|-weather|SunnyDay|[upkeep]\n|upkeep\n|\n|t:|1781450187\n|switch|p2a: Torkoal|Torkoal, L88, M|251/266 par\n|turn|15\n|\n|t:|1781450189\n|move|p1a: Hitmonchan|Drain Punch|p2a: Torkoal\n|-damage|p2a: Torkoal|63/266 par\n|-heal|p1a: Hitmonchan|229/229|[from] drain|[of] p2a: Torkoal\n|-damage|p1a: Hitmonchan|207/229|[from] item: Life Orb\n|move|p2a: Torkoal|Fire Blast|p1a: Hitmonchan\n|-damage|p1a: Hitmonchan|60/229\n|\n|-weather|none\n|upkeep\n|turn|16\n|\n|t:|1781450197\n|move|p1a: Hitmonchan|Drain Punch|p2a: Torkoal\n|-damage|p2a: Torkoal|0 fnt\n|-heal|p1a: Hitmonchan|92/229|[from] drain|[of] p2a: Torkoal\n|faint|p2a: Torkoal\n|-damage|p1a: Hitmonchan|70/229|[from] item: Life Orb\n|\n|upkeep\n|\n|t:|1781450198\n|switch|p2a: Garchomp|Garchomp, L74, M|282/282\n|turn|17\n|\n|t:|1781450200\n|move|p1a: Hitmonchan|Mach Punch|p2a: Garchomp\n|-damage|p2a: Garchomp|117/282\n|-damage|p1a: Hitmonchan|42/229|[from] ability: Rough Skin|[of] p2a: Garchomp\n|-damage|p1a: Hitmonchan|4/229|[from] item: Rocky Helmet|[of] p2a: Garchomp\n|-damage|p1a: Hitmonchan|0 fnt|[from] item: Life Orb\n|faint|p1a: Hitmonchan\n|move|p2a: Garchomp|Earthquake|p1: Hitmonchan|[notarget]\n|-fail|p2a: Garchomp\n|\n|upkeep\n|\n|t:|1781450204\n|switch|p1a: Medicham|Medicham, L86, M|243/243\n|turn|18\n|\n|t:|1781450206\n|move|p1a: Medicham|Close Combat|p2a: Garchomp\n|-damage|p2a: Garchomp|0 fnt\n|-unboost|p1a: Medicham|def|1\n|-unboost|p1a: Medicham|spd|1\n|-damage|p1a: Medicham|213/243|[from] ability: Rough Skin|[of] p2a: Garchomp\n|-damage|p1a: Medicham|173/243|[from] item: Rocky Helmet|[of] p2a: Garchomp\n|faint|p2a: Garchomp\n|\n|win|grabschaender\n", "inputlog": ">version a8376a258c1d4662feba110a92103f3664a72141\n>start {\"formatid\":\"gen9randombattle\",\"seed\":\"sodium,e1df9c6c4c940f2eef002f1f3db959d5\",\"rated\":\"Rated battle\"}\n>player p1 {\"name\":\"grabschaender\",\"avatar\":\"candice\",\"rating\":2289,\"seed\":\"sodium,bbd16f996a62741b854b72b7e5c76bb3\"}\n>player p2 {\"name\":\"Matuidi14\",\"avatar\":\"clown\",\"rating\":2256,\"seed\":\"sodium,7593912b4a6292b49f73f63ae17a8d0d\"}\n>p1 switch 6\n>p2 move swordsdance\n>p1 move earthquake\n>p2 move liquidation\n>p2 switch 2\n>p1 switch 5\n>p2 move earthquake\n>p1 move icebeam\n>p2 switch 3\n>p1 move knockoff\n>p2 move thunderbolt\n>p1 switch 5\n>p2 move thunderbolt\n>p1 move stealthrock\n>p2 move hydropump\n>p1 switch 3\n>p1 move dragondarts\n>p2 move painsplit\n>p2 switch 6\n>p1 move willowisp terastallize\n>p2 move throatchop\n>p1 move hex\n>p2 move bravebird\n>p2 switch 4\n>p1 move uturn\n>p2 move solarbeam\n>p1 switch 5\n>p1 switch 2\n>p1 move thunderwave\n>p2 move fireblast\n>p1 switch 6\n>p1 move swordsdance\n>p2 switch 5\n>p1 move knockoff\n>p2 move powerwhip\n>p2 switch 5\n>p1 move drainpunch\n>p2 move fireblast\n>p1 move drainpunch\n>p2 move earthquake\n>p2 switch 3\n>p1 move machpunch\n>p2 move earthquake\n>p1 switch 4\n>p1 move closecombat\n>p2 move outrage", "uploadtime": 1781449946, "views": 5, "formatid": "gen9randombattle", "rating": null, "private": 0, "password": null}