{"id": "gen9randombattle-2632014861", "format": "[Gen 9] Random Battle", "players": ["Royher", "scampy789"], "log": "|j|\u2606Royher\n|j|\u2606scampy789\n|t:|1781466110\n|gametype|singles\n|player|p1|Royher|zinzolin|2102\n|player|p2|scampy789|170|2142\n|gen|9\n|tier|[Gen 9] Random Battle\n|rated|\n|rule|Species Clause: Limit one of each Pok\u00e9mon\n|rule|HP Percentage Mod: HP is shown in percentages\n|rule|Sleep Clause Mod: Limit one foe put to sleep\n|rule|Illusion Level Mod: Illusion disguises the Pok\u00e9mon's true level\n|\n|t:|1781466110\n|teamsize|p1|6\n|teamsize|p2|6\n|start\n|switch|p1a: Luxray|Luxray, L88, F|283/283\n|switch|p2a: Rillaboom|Rillaboom, L79, F|288/288\n|-fieldstart|move: Grassy Terrain|[from] ability: Grassy Surge|[of] p2a: Rillaboom\n|turn|1\n|inactive|Battle timer is ON: inactive players will automatically lose when time's up. (requested by scampy789)\n|\n|t:|1781466123\n|switch|p1a: Heracross|Heracross, L80, M|259/259\n|move|p2a: Rillaboom|Wood Hammer|p1a: Heracross\n|-resisted|p1a: Heracross\n|-damage|p1a: Heracross|116/259\n|-damage|p2a: Rillaboom|241/288|[from] Recoil\n|-damage|p2a: Rillaboom|213/288|[from] item: Life Orb\n|\n|-heal|p1a: Heracross|132/259|[from] Grassy Terrain\n|-heal|p2a: Rillaboom|231/288|[from] Grassy Terrain\n|-status|p1a: Heracross|brn|[from] item: Flame Orb\n|upkeep\n|turn|2\n|\n|t:|1781466141\n|move|p1a: Heracross|Close Combat|p2a: Rillaboom\n|-damage|p2a: Rillaboom|0 fnt\n|-unboost|p1a: Heracross|def|1\n|-unboost|p1a: Heracross|spd|1\n|faint|p2a: Rillaboom\n|\n|-heal|p1a: Heracross|148/259 brn|[from] Grassy Terrain\n|-damage|p1a: Heracross|132/259 brn|[from] brn\n|upkeep\n|\n|t:|1781466155\n|switch|p2a: Squawkabilly|Squawkabilly-White, L89, F|291/291\n|turn|3\n|\n|t:|1781466163\n|switch|p1a: Landorus|Landorus-Therian, L76, M|260/260\n|-ability|p1a: Landorus|Intimidate|boost\n|-unboost|p2a: Squawkabilly|atk|1\n|move|p2a: Squawkabilly|Brave Bird|p1a: Landorus|[miss]\n|-miss|p2a: Squawkabilly|p1a: Landorus\n|\n|upkeep\n|turn|4\n|\n|t:|1781466171\n|switch|p1a: Luxray|Luxray, L88, F|283/283\n|move|p2a: Squawkabilly|Parting Shot|p1a: Luxray\n|-unboost|p1a: Luxray|atk|1\n|-unboost|p1a: Luxray|spa|1\n|\n|t:|1781466187\n|switch|p2a: Indeedee|Indeedee-F, L90, F|272/272|[from] Parting Shot\n|-fieldstart|move: Psychic Terrain|[from] ability: Psychic Surge|[of] p2a: Indeedee\n|\n|-status|p1a: Luxray|brn|[from] item: Flame Orb\n|upkeep\n|turn|5\n|\n|t:|1781466203\n|switch|p1a: Slowbro|Slowbro, L85, F|300/300\n|move|p2a: Indeedee|Psychic|p1a: Slowbro\n|-resisted|p1a: Slowbro\n|-damage|p1a: Slowbro|231/300\n|\n|upkeep\n|turn|6\n|\n|t:|1781466209\n|switch|p2a: Wo-Chien|Wo-Chien, L83|277/277\n|-ability|p2a: Wo-Chien|Tablets of Ruin\n|move|p1a: Slowbro|Thunder Wave|p2a: Wo-Chien\n|-status|p2a: Wo-Chien|par\n|\n|upkeep\n|turn|7\n|\n|t:|1781466220\n|switch|p1a: Heracross|Heracross, L80, M|132/259 brn\n|move|p2a: Wo-Chien|Leech Seed|p1a: Heracross\n|-start|p1a: Heracross|move: Leech Seed\n|\n|-damage|p1a: Heracross|100/259 brn|[from] Leech Seed|[of] p2a: Wo-Chien\n|-damage|p1a: Heracross|84/259 brn|[from] brn\n|upkeep\n|turn|8\n|\n|t:|1781466226\n|move|p2a: Wo-Chien|Protect|p2a: Wo-Chien\n|-singleturn|p2a: Wo-Chien|Protect\n|move|p1a: Heracross|Close Combat|p2a: Wo-Chien\n|-activate|p2a: Wo-Chien|move: Protect\n|\n|-damage|p1a: Heracross|52/259 brn|[from] Leech Seed|[of] p2a: Wo-Chien\n|-damage|p1a: Heracross|36/259 brn|[from] brn\n|-fieldend|move: Psychic Terrain\n|upkeep\n|turn|9\n|\n|t:|1781466238\n|switch|p2a: Moltres|Moltres, L81|278/278\n|move|p1a: Heracross|Close Combat|p2a: Moltres\n|-resisted|p2a: Moltres\n|-damage|p2a: Moltres|165/278\n|-unboost|p1a: Heracross|def|1\n|-unboost|p1a: Heracross|spd|1\n|\n|-damage|p1a: Heracross|4/259 brn|[from] Leech Seed|[of] p2a: Moltres\n|-heal|p2a: Moltres|197/278|[silent]\n|-damage|p1a: Heracross|0 fnt|[from] brn\n|faint|p1a: Heracross\n|upkeep\n|\n|t:|1781466245\n|switch|p1a: Luxray|Luxray, L88, F|283/283 brn\n|turn|10\n|\n|t:|1781466252\n|move|p2a: Moltres|Scorching Sands|p1a: Luxray\n|-supereffective|p1a: Luxray\n|-damage|p1a: Luxray|173/283 brn\n|move|p1a: Luxray|Supercell Slam|p2a: Moltres\n|-supereffective|p2a: Moltres\n|-damage|p2a: Moltres|0 fnt\n|faint|p2a: Moltres\n|\n|-damage|p1a: Luxray|156/283 brn|[from] brn\n|upkeep\n|\n|t:|1781466267\n|switch|p2a: Squawkabilly|Squawkabilly-White, L89, F|291/291\n|turn|11\n|\n|t:|1781466274\n|switch|p1a: Duraludon|Duraludon, L82, F|249/249\n|move|p2a: Squawkabilly|Double-Edge|p1a: Duraludon\n|-resisted|p1a: Duraludon\n|-damage|p1a: Duraludon|194/249\n|-damage|p2a: Squawkabilly|273/291|[from] Recoil\n|\n|upkeep\n|turn|12\n|\n|t:|1781466289\n|move|p2a: Squawkabilly|Parting Shot|p1a: Duraludon\n|-unboost|p1a: Duraludon|atk|1\n|-unboost|p1a: Duraludon|spa|1\n|\n|t:|1781466295\n|switch|p2a: Wo-Chien|Wo-Chien, L83|277/277 par|[from] Parting Shot\n|-ability|p2a: Wo-Chien|Tablets of Ruin\n|move|p1a: Duraludon|Body Press|p2a: Wo-Chien\n|-supereffective|p2a: Wo-Chien\n|-damage|p2a: Wo-Chien|189/277 par\n|\n|-heal|p2a: Wo-Chien|206/277 par|[from] item: Leftovers\n|upkeep\n|turn|13\n|\n|t:|1781466305\n|move|p1a: Duraludon|Iron Defense|p1a: Duraludon\n|-boost|p1a: Duraludon|def|2\n|cant|p2a: Wo-Chien|par\n|\n|-heal|p2a: Wo-Chien|223/277 par|[from] item: Leftovers\n|upkeep\n|turn|14\n|\n|t:|1781466310\n|move|p1a: Duraludon|Body Press|p2a: Wo-Chien\n|-supereffective|p2a: Wo-Chien\n|-damage|p2a: Wo-Chien|49/277 par\n|move|p2a: Wo-Chien|Leech Seed|p1a: Duraludon\n|-start|p1a: Duraludon|move: Leech Seed\n|\n|-heal|p2a: Wo-Chien|66/277 par|[from] item: Leftovers\n|-damage|p1a: Duraludon|163/249|[from] Leech Seed|[of] p2a: Wo-Chien\n|-heal|p2a: Wo-Chien|97/277 par|[silent]\n|upkeep\n|turn|15\n|\n|t:|1781466318\n|switch|p1a: Luxray|Luxray, L88, F|156/283 brn\n|move|p2a: Wo-Chien|Knock Off|p1a: Luxray\n|-damage|p1a: Luxray|57/283 brn\n|-enditem|p1a: Luxray|Flame Orb|[from] move: Knock Off|[of] p2a: Wo-Chien\n|\n|-heal|p2a: Wo-Chien|114/277 par|[from] item: Leftovers\n|-damage|p1a: Luxray|40/283 brn|[from] brn\n|upkeep\n|turn|16\n|\n|t:|1781466325\n|move|p2a: Wo-Chien|Protect|p2a: Wo-Chien\n|-singleturn|p2a: Wo-Chien|Protect\n|move|p1a: Luxray|Facade|p2a: Wo-Chien\n|-activate|p2a: Wo-Chien|move: Protect\n|\n|-heal|p2a: Wo-Chien|131/277 par|[from] item: Leftovers\n|-damage|p1a: Luxray|23/283 brn|[from] brn\n|upkeep\n|turn|17\n|\n|t:|1781466342\n|switch|p2a: Volbeat|Volbeat, L90, M|263/263\n|move|p1a: Luxray|Facade|p2a: Volbeat\n|-damage|p2a: Volbeat|55/263\n|\n|-damage|p1a: Luxray|6/283 brn|[from] brn\n|upkeep\n|turn|18\n|\n|t:|1781466353\n|move|p2a: Volbeat|U-turn|p1a: Luxray\n|-damage|p1a: Luxray|0 fnt\n|faint|p1a: Luxray\n|inactive|scampy789 has 120 seconds left.\n|\n|t:|1781466374\n|switch|p2a: Wo-Chien|Wo-Chien, L83|131/277 par|[from] U-turn\n|-ability|p2a: Wo-Chien|Tablets of Ruin\n|\n|-heal|p2a: Wo-Chien|148/277 par|[from] item: Leftovers\n|upkeep\n|\n|t:|1781466382\n|switch|p1a: Landorus|Landorus-Therian, L76, M|260/260\n|-ability|p1a: Landorus|Intimidate|boost\n|-unboost|p2a: Wo-Chien|atk|1\n|turn|19\n|\n|t:|1781466390\n|switch|p2a: Squawkabilly|Squawkabilly-White, L89, F|273/291\n|move|p1a: Landorus|Taunt|p2a: Squawkabilly\n|-start|p2a: Squawkabilly|move: Taunt\n|\n|upkeep\n|turn|20\n|\n|t:|1781466402\n|switch|p1a: Duraludon|Duraludon, L82, F|163/249\n|move|p2a: Squawkabilly|Brave Bird|p1a: Duraludon\n|-resisted|p1a: Duraludon\n|-damage|p1a: Duraludon|109/249\n|-damage|p2a: Squawkabilly|255/291|[from] Recoil\n|\n|upkeep\n|turn|21\n|\n|t:|1781466413\n|switch|p2a: Volbeat|Volbeat, L90, M|55/263\n|move|p1a: Duraludon|Draco Meteor|p2a: Volbeat|[miss]\n|-miss|p1a: Duraludon|p2a: Volbeat\n|\n|upkeep\n|turn|22\n|inactive|scampy789 has 120 seconds left.\n|\n|t:|1781466441\n|move|p2a: Volbeat|Thunder Wave|p1a: Duraludon\n|-status|p1a: Duraludon|par\n|move|p1a: Duraludon|Draco Meteor|p2a: Volbeat\n|-damage|p2a: Volbeat|0 fnt\n|-unboost|p1a: Duraludon|spa|2\n|faint|p2a: Volbeat\n|\n|upkeep\n|\n|t:|1781466452\n|switch|p2a: Wo-Chien|Wo-Chien, L83|148/277 par\n|-ability|p2a: Wo-Chien|Tablets of Ruin\n|turn|23\n|\n|t:|1781466457\n|move|p1a: Duraludon|Iron Defense|p1a: Duraludon\n|-boost|p1a: Duraludon|def|2\n|move|p2a: Wo-Chien|Leech Seed|p1a: Duraludon\n|-start|p1a: Duraludon|move: Leech Seed\n|\n|-heal|p2a: Wo-Chien|165/277 par|[from] item: Leftovers\n|-damage|p1a: Duraludon|78/249 par|[from] Leech Seed|[of] p2a: Wo-Chien\n|-heal|p2a: Wo-Chien|196/277 par|[silent]\n|upkeep\n|turn|24\n|inactive|scampy789 has 120 seconds left.\n|\n|t:|1781466468\n|move|p2a: Wo-Chien|Protect|p2a: Wo-Chien\n|-singleturn|p2a: Wo-Chien|Protect\n|cant|p1a: Duraludon|par\n|\n|-heal|p2a: Wo-Chien|213/277 par|[from] item: Leftovers\n|-damage|p1a: Duraludon|47/249 par|[from] Leech Seed|[of] p2a: Wo-Chien\n|-heal|p2a: Wo-Chien|244/277 par|[silent]\n|upkeep\n|turn|25\n|inactive|scampy789 has 120 seconds left.\n|\n|t:|1781466492\n|switch|p2a: Indeedee|Indeedee-F, L90, F|272/272\n|-fieldstart|move: Psychic Terrain|[from] ability: Psychic Surge|[of] p2a: Indeedee\n|move|p1a: Duraludon|Body Press|p2a: Indeedee\n|-damage|p2a: Indeedee|128/272\n|\n|-damage|p1a: Duraludon|16/249 par|[from] Leech Seed|[of] p2a: Indeedee\n|-heal|p2a: Indeedee|159/272|[silent]\n|upkeep\n|turn|26\n|\n|t:|1781466506\n|move|p2a: Indeedee|Psychic|p1a: Duraludon\n|-resisted|p1a: Duraludon\n|-damage|p1a: Duraludon|0 fnt\n|faint|p1a: Duraludon\n|\n|upkeep\n|\n|t:|1781466515\n|switch|p1a: Minior|Minior-Orange, L79|224/224\n|-formechange|p1a: Minior|Minior-Meteor||[from] ability: Shields Down\n|turn|27\n|\n|t:|1781466543\n|-terastallize|p2a: Indeedee|Psychic\n|move|p2a: Indeedee|Psychic|p1a: Minior\n|-damage|p1a: Minior|30/224\n|move|p1a: Minior|Shell Smash|p1a: Minior\n|-unboost|p1a: Minior|def|1\n|-unboost|p1a: Minior|spd|1\n|-boost|p1a: Minior|atk|2\n|-boost|p1a: Minior|spa|2\n|-boost|p1a: Minior|spe|2\n|-enditem|p1a: Minior|White Herb\n|-clearnegativeboost|p1a: Minior|[silent]\n|\n|-formechange|p1a: Minior|Minior-Orange||[from] ability: Shields Down\n|upkeep\n|turn|28\n|inactive|scampy789 has 90 seconds left.\n|\n|t:|1781466564\n|move|p1a: Minior|Acrobatics|p2a: Indeedee\n|-damage|p2a: Indeedee|0 fnt\n|faint|p2a: Indeedee\n|\n|upkeep\n|\n|t:|1781466568\n|switch|p2a: Squawkabilly|Squawkabilly-White, L89, F|255/291\n|turn|29\n|\n|t:|1781466577\n|move|p2a: Squawkabilly|Quick Attack|p1a: Minior\n|-hint|Psychic Terrain doesn't affect airborne Pok\u00e9mon.\n|-resisted|p1a: Minior\n|-damage|p1a: Minior|0 fnt\n|faint|p1a: Minior\n|\n|-fieldend|move: Psychic Terrain\n|upkeep\n|\n|t:|1781466580\n|switch|p1a: Landorus|Landorus-Therian, L76, M|260/260\n|-ability|p1a: Landorus|Intimidate|boost\n|-unboost|p2a: Squawkabilly|atk|1\n|turn|30\n|\n|t:|1781466599\n|move|p2a: Squawkabilly|Brave Bird|p1a: Landorus\n|-damage|p1a: Landorus|95/260\n|-damage|p2a: Squawkabilly|201/291|[from] Recoil\n|move|p1a: Landorus|U-turn|p2a: Squawkabilly\n|-resisted|p2a: Squawkabilly\n|-damage|p2a: Squawkabilly|162/291\n|\n|t:|1781466602\n|switch|p1a: Slowbro|Slowbro, L85, F|300/300|[from] U-turn\n|\n|upkeep\n|turn|31\n|\n|t:|1781466613\n|switch|p1a: Landorus|Landorus-Therian, L76, M|95/260\n|-ability|p1a: Landorus|Intimidate|boost\n|-unboost|p2a: Squawkabilly|atk|1\n|move|p2a: Squawkabilly|Parting Shot|p1a: Landorus\n|-unboost|p1a: Landorus|atk|1\n|-unboost|p1a: Landorus|spa|1\n|\n|t:|1781466618\n|switch|p2a: Wo-Chien|Wo-Chien, L83|244/277 par|[from] Parting Shot\n|-ability|p2a: Wo-Chien|Tablets of Ruin\n|\n|-heal|p1a: Landorus|111/260|[from] item: Leftovers\n|-heal|p2a: Wo-Chien|261/277 par|[from] item: Leftovers\n|upkeep\n|turn|32\n|\n|t:|1781466639\n|move|p1a: Landorus|U-turn|p2a: Wo-Chien\n|-supereffective|p2a: Wo-Chien\n|-damage|p2a: Wo-Chien|149/277 par\n|\n|t:|1781466641\n|switch|p1a: Slowbro|Slowbro, L85, F|300/300|[from] U-turn\n|move|p2a: Wo-Chien|Knock Off|p1a: Slowbro\n|-supereffective|p1a: Slowbro\n|-damage|p1a: Slowbro|136/300\n|-damage|p2a: Wo-Chien|103/277 par|[from] item: Rocky Helmet|[of] p1a: Slowbro\n|-enditem|p1a: Slowbro|Rocky Helmet|[from] move: Knock Off|[of] p2a: Wo-Chien\n|\n|-heal|p2a: Wo-Chien|120/277 par|[from] item: Leftovers\n|upkeep\n|turn|33\n|\n|t:|1781466653\n|switch|p1a: Landorus|Landorus-Therian, L76, M|111/260\n|-ability|p1a: Landorus|Intimidate|boost\n|-unboost|p2a: Wo-Chien|atk|1\n|move|p2a: Wo-Chien|Leech Seed|p1a: Landorus\n|-start|p1a: Landorus|move: Leech Seed\n|\n|-heal|p1a: Landorus|127/260|[from] item: Leftovers\n|-heal|p2a: Wo-Chien|137/277 par|[from] item: Leftovers\n|-damage|p1a: Landorus|95/260|[from] Leech Seed|[of] p2a: Wo-Chien\n|-heal|p2a: Wo-Chien|169/277 par|[silent]\n|upkeep\n|turn|34\n|\n|t:|1781466661\n|move|p2a: Wo-Chien|Protect|p2a: Wo-Chien\n|-singleturn|p2a: Wo-Chien|Protect\n|move|p1a: Landorus|U-turn|p2a: Wo-Chien\n|-activate|p2a: Wo-Chien|move: Protect\n|\n|-heal|p1a: Landorus|111/260|[from] item: Leftovers\n|-heal|p2a: Wo-Chien|186/277 par|[from] item: Leftovers\n|-damage|p1a: Landorus|79/260|[from] Leech Seed|[of] p2a: Wo-Chien\n|-heal|p2a: Wo-Chien|218/277 par|[silent]\n|upkeep\n|turn|35\n|\n|t:|1781466670\n|move|p1a: Landorus|U-turn|p2a: Wo-Chien\n|-supereffective|p2a: Wo-Chien\n|-damage|p2a: Wo-Chien|70/277 par\n|\n|t:|1781466674\n|switch|p1a: Slowbro|Slowbro, L85, F|236/300|[from] U-turn\n|move|p2a: Wo-Chien|Giga Drain|p1a: Slowbro\n|-supereffective|p1a: Slowbro\n|-damage|p1a: Slowbro|56/300\n|-heal|p2a: Wo-Chien|160/277 par|[from] drain|[of] p1a: Slowbro\n|\n|-heal|p2a: Wo-Chien|177/277 par|[from] item: Leftovers\n|upkeep\n|turn|36\n|inactive|scampy789 has 120 seconds left.\n|\n|t:|1781466686\n|switch|p1a: Landorus|Landorus-Therian, L76, M|79/260\n|-ability|p1a: Landorus|Intimidate|boost\n|-unboost|p2a: Wo-Chien|atk|1\n|move|p2a: Wo-Chien|Giga Drain|p1a: Landorus\n|-damage|p1a: Landorus|0 fnt\n|-heal|p2a: Wo-Chien|217/277 par|[from] drain|[of] p1a: Landorus\n|faint|p1a: Landorus\n|\n|-heal|p2a: Wo-Chien|234/277 par|[from] item: Leftovers\n|upkeep\n|-message|Royher forfeited.\n|\n|win|scampy789\n", "inputlog": ">version a8376a258c1d4662feba110a92103f3664a72141\n>start {\"formatid\":\"gen9randombattle\",\"seed\":\"sodium,9a8e87c9d99291939cf4c988c5a64161\",\"rated\":\"Rated battle\"}\n>player p1 {\"name\":\"Royher\",\"avatar\":\"zinzolin\",\"rating\":2102,\"seed\":\"sodium,dbde34cd0a4426d5591c39f96ea17115\"}\n>player p2 {\"name\":\"scampy789\",\"avatar\":\"170\",\"rating\":2142,\"seed\":\"sodium,ff47b9d3c38cf7e960de2e5318108fdd\"}\n>p1 switch 6\n>p2 move woodhammer\n>p1 move closecombat\n>p2 move woodhammer\n>p2 switch 2\n>p1 switch 4\n>p2 move bravebird\n>p1 switch 6\n>p2 move partingshot\n>p2 switch 4\n>p1 switch 5\n>p2 move psychic\n>p1 move thunderwave\n>p2 switch 6\n>p1 switch 4\n>p2 move leechseed\n>p1 move closecombat\n>p2 move protect\n>p1 move closecombat\n>p2 switch 3\n>p1 switch 5\n>p1 move supercellslam\n>p2 move scorchingsands\n>p2 switch 4\n>p1 switch 2\n>p2 move doubleedge\n>p1 move bodypress\n>p2 move partingshot\n>p2 switch 3\n>p1 move irondefense\n>p2 move leechseed\n>p1 move bodypress\n>p2 move leechseed\n>p1 switch 2\n>p2 move knockoff\n>p1 move facade\n>p2 move protect\n>p1 move facade\n>p2 switch 5\n>p1 move supercellslam\n>p2 move uturn\n>p2 switch 5\n>p1 switch 6\n>p1 move taunt\n>p2 switch 3\n>p1 switch 2\n>p2 move bravebird\n>p1 move dracometeor\n>p2 switch 5\n>p1 move dracometeor\n>p2 move thunderwave\n>p2 switch 3\n>p1 move irondefense\n>p2 move leechseed\n>p1 move bodypress\n>p2 move protect\n>p1 move bodypress\n>p2 switch 6\n>p1 move bodypress\n>p2 move psychic\n>p1 switch 3\n>p1 move shellsmash\n>p2 move psychic terastallize\n>p1 move acrobatics\n>p2 move psychic\n>p2 switch 5\n>p1 move powergem\n>p2 move quickattack\n>p1 switch 2\n>p1 move uturn\n>p2 move bravebird\n>p1 switch 4\n>p1 switch 4\n>p2 move partingshot\n>p2 switch 6\n>p1 move uturn\n>p2 move knockoff\n>p1 switch 4\n>p1 switch 4\n>p2 move leechseed\n>p1 move uturn\n>p2 move protect\n>p1 move uturn\n>p2 move gigadrain\n>p1 switch 4\n>p1 switch 4\n>p2 move gigadrain\n>forcelose p1", "uploadtime": 1781466112, "views": 3, "formatid": "gen9randombattle", "rating": null, "private": 0, "password": null, "player_dets": [{"name": "Royher", "avatar": "zinzolin", "rating": 2102, "seed": "sodium,dbde34cd0a4426d5591c39f96ea17115"}, {"name": "scampy789", "avatar": "170", "rating": 2142, "seed": "sodium,ff47b9d3c38cf7e960de2e5318108fdd"}], "teams_full": [{"Luxray": {"name": "Luxray", "species": "Luxray", "speciesId": "luxray", "gender": "F", "shiny": false, "level": 88, "moves": ["facade", "supercellslam", "throatchop", "trailblaze"], "ability": "Guts", "evs": {"hp": 81, "atk": 85, "def": 85, "spa": 85, "spd": 85, "spe": 85}, "ivs": {"hp": 31, "atk": 31, "def": 31, "spa": 31, "spd": 31, "spe": 31}, "item": "Flame Orb", "teraType": "Normal", "role": "Setup Sweeper", "bvs": {"hp": 80, "atk": 120, "def": 79, "spa": 95, "spd": 79, "spe": 70}, "stats": {"hp": 283, "atk": 261, "def": 189, "spa": 217, "spd": 189, "spe": 173}}, "Duraludon": {"name": "Duraludon", "species": "Duraludon", "speciesId": "duraludon", "gender": "F", "shiny": false, "level": 82, "moves": ["flashcannon", "dracometeor", "irondefense", "bodypress"], "ability": "Light Metal", "evs": {"hp": 85, "atk": 0, "def": 85, "spa": 85, "spd": 85, "spe": 85}, "ivs": {"hp": 31, "atk": 0, "def": 31, "spa": 31, "spd": 31, "spe": 31}, "item": "Eviolite", "teraType": "Fighting", "role": "Bulky Attacker", "bvs": {"hp": 70, "atk": 95, "def": 115, "spa": 120, "spd": 50, "spe": 85}, "stats": {"hp": 249, "atk": 160, "def": 236, "spa": 244, "spd": 129, "spe": 187}}, "Minior": {"name": "Minior", "species": "Minior-Orange", "speciesId": "minior", "gender": "N", "shiny": false, "level": 79, "moves": ["shellsmash", "acrobatics", "earthquake", "powergem"], "ability": "Shields Down", "evs": {"hp": 85, "atk": 85, "def": 85, "spa": 85, "spd": 85, "spe": 85}, "ivs": {"hp": 31, "atk": 31, "def": 31, "spa": 31, "spd": 31, "spe": 31}, "item": "White Herb", "teraType": "Flying", "role": "Setup Sweeper", "bvs": {"hp": 60, "atk": 100, "def": 60, "spa": 100, "spd": 60, "spe": 120}, "stats": {"hp": 224, "atk": 204, "def": 140, "spa": 204, "spd": 140, "spe": 235}}, "Landorus": {"name": "Landorus", "species": "Landorus-Therian", "speciesId": "landorustherian", "gender": "M", "shiny": false, "level": 76, "moves": ["earthquake", "stealthrock", "uturn", "taunt"], "ability": "Intimidate", "evs": {"hp": 85, "atk": 85, "def": 85, "spa": 85, "spd": 85, "spe": 85}, "ivs": {"hp": 31, "atk": 31, "def": 31, "spa": 31, "spd": 31, "spe": 31}, "item": "Leftovers", "teraType": "Water", "role": "Bulky Support", "bvs": {"hp": 89, "atk": 145, "def": 90, "spa": 105, "spd": 80, "spe": 91}, "stats": {"hp": 260, "atk": 264, "def": 181, "spa": 204, "spd": 166, "spe": 182}}, "Slowbro": {"name": "Slowbro", "species": "Slowbro", "speciesId": "slowbro", "gender": "F", "shiny": false, "level": 85, "moves": ["psyshock", "scald", "slackoff", "thunderwave"], "ability": "Regenerator", "evs": {"hp": 85, "atk": 0, "def": 85, "spa": 85, "spd": 85, "spe": 85}, "ivs": {"hp": 31, "atk": 0, "def": 31, "spa": 31, "spd": 31, "spe": 31}, "item": "Rocky Helmet", "teraType": "Poison", "role": "Bulky Attacker", "bvs": {"hp": 95, "atk": 75, "def": 110, "spa": 100, "spd": 80, "spe": 30}, "stats": {"hp": 300, "atk": 132, "def": 236, "spa": 219, "spd": 185, "spe": 100}}, "Heracross": {"name": "Heracross", "species": "Heracross", "speciesId": "heracross", "gender": "M", "shiny": false, "level": 80, "moves": ["knockoff", "closecombat", "facade", "trailblaze"], "ability": "Guts", "evs": {"hp": 85, "atk": 85, "def": 85, "spa": 85, "spd": 85, "spe": 85}, "ivs": {"hp": 31, "atk": 31, "def": 31, "spa": 31, "spd": 31, "spe": 31}, "item": "Flame Orb", "teraType": "Normal", "role": "Setup Sweeper", "bvs": {"hp": 80, "atk": 125, "def": 75, "spa": 40, "spd": 95, "spe": 85}, "stats": {"hp": 259, "atk": 246, "def": 166, "spa": 110, "spd": 198, "spe": 182}}}, {"Rillaboom": {"name": "Rillaboom", "species": "Rillaboom", "speciesId": "rillaboom", "gender": "F", "shiny": false, "level": 79, "moves": ["woodhammer", "swordsdance", "grassyglide", "knockoff"], "ability": "Grassy Surge", "evs": {"hp": 85, "atk": 85, "def": 85, "spa": 85, "spd": 85, "spe": 85}, "ivs": {"hp": 31, "atk": 31, "def": 31, "spa": 31, "spd": 31, "spe": 31}, "item": "Life Orb", "teraType": "Grass", "role": "Wallbreaker", "bvs": {"hp": 100, "atk": 125, "def": 90, "spa": 60, "spd": 70, "spe": 85}, "stats": {"hp": 288, "atk": 243, "def": 188, "spa": 140, "spd": 156, "spe": 180}}, "Squawkabilly": {"name": "Squawkabilly", "species": "Squawkabilly-White", "speciesId": "squawkabillywhite", "gender": "F", "shiny": false, "level": 89, "moves": ["bravebird", "quickattack", "partingshot", "doubleedge"], "ability": "Hustle", "evs": {"hp": 85, "atk": 85, "def": 85, "spa": 85, "spd": 85, "spe": 85}, "ivs": {"hp": 31, "atk": 31, "def": 31, "spa": 31, "spd": 31, "spe": 31}, "item": "Heavy-Duty Boots", "teraType": "Normal", "role": "Wallbreaker", "bvs": {"hp": 82, "atk": 96, "def": 51, "spa": 45, "spd": 51, "spe": 92}, "stats": {"hp": 291, "atk": 222, "def": 142, "spa": 131, "spd": 142, "spe": 215}}, "Moltres": {"name": "Moltres", "species": "Moltres", "speciesId": "moltres", "gender": "N", "shiny": false, "level": 81, "moves": ["roost", "bravebird", "scorchingsands", "fireblast"], "ability": "Flame Body", "evs": {"hp": 85, "atk": 85, "def": 85, "spa": 85, "spd": 85, "spe": 85}, "ivs": {"hp": 31, "atk": 31, "def": 31, "spa": 31, "spd": 31, "spe": 31}, "item": "Heavy-Duty Boots", "teraType": "Dragon", "role": "Bulky Attacker", "bvs": {"hp": 90, "atk": 100, "def": 90, "spa": 125, "spd": 85, "spe": 90}, "stats": {"hp": 278, "atk": 209, "def": 192, "spa": 249, "spd": 184, "spe": 192}}, "Indeedee": {"name": "Indeedee", "species": "Indeedee-F", "speciesId": "indeedeef", "gender": "F", "shiny": false, "level": 90, "moves": ["healingwish", "psychic", "dazzlinggleam", "hypervoice"], "ability": "Psychic Surge", "evs": {"hp": 85, "atk": 0, "def": 85, "spa": 85, "spd": 85, "spe": 85}, "ivs": {"hp": 31, "atk": 0, "def": 31, "spa": 31, "spd": 31, "spe": 31}, "item": "Choice Scarf", "teraType": "Psychic", "role": "Fast Attacker", "bvs": {"hp": 70, "atk": 55, "def": 65, "spa": 95, "spd": 105, "spe": 85}, "stats": {"hp": 272, "atk": 104, "def": 168, "spa": 222, "spd": 240, "spe": 204}}, "Volbeat": {"name": "Volbeat", "species": "Volbeat", "speciesId": "volbeat", "gender": "M", "shiny": false, "level": 90, "moves": ["roost", "encore", "uturn", "thunderwave"], "ability": "Prankster", "evs": {"hp": 85, "atk": 85, "def": 85, "spa": 85, "spd": 85, "spe": 85}, "ivs": {"hp": 31, "atk": 31, "def": 31, "spa": 31, "spd": 31, "spe": 31}, "item": "Heavy-Duty Boots", "teraType": "Water", "role": "Bulky Support", "bvs": {"hp": 65, "atk": 73, "def": 75, "spa": 47, "spd": 85, "spe": 85}, "stats": {"hp": 263, "atk": 183, "def": 186, "spa": 136, "spd": 204, "spe": 204}}, "Wo-Chien": {"name": "Wo-Chien", "species": "Wo-Chien", "speciesId": "wochien", "gender": "N", "shiny": false, "level": 83, "moves": ["gigadrain", "knockoff", "leechseed", "protect"], "ability": "Tablets of Ruin", "evs": {"hp": 85, "atk": 85, "def": 85, "spa": 85, "spd": 85, "spe": 85}, "ivs": {"hp": 31, "atk": 31, "def": 31, "spa": 31, "spd": 31, "spe": 31}, "item": "Leftovers", "teraType": "Poison", "role": "Bulky Support", "bvs": {"hp": 85, "atk": 85, "def": 100, "spa": 95, "spd": 135, "spe": 70}, "stats": {"hp": 277, "atk": 189, "def": 214, "spa": 205, "spd": 272, "spe": 164}}}]}