{"id": "gen9randombattle-2631952030", "format": "[Gen 9] Random Battle", "players": ["Tokinada_Purple", "arthuria_lily"], "log": "|j|\u2606Tokinada_Purple\n|j|\u2606arthuria_lily\n|t:|1781459243\n|gametype|singles\n|player|p1|Tokinada_Purple|2|\n|player|p2|arthuria_lily|cynthia-gen4|\n|gen|9\n|tier|[Gen 9] Random Battle\n|rule|Species Clause: Limit one of each Pok\u00e9mon\n|rule|HP Percentage Mod: HP is shown in percentages\n|rule|Sleep Clause Mod: Limit one foe put to sleep\n|rule|Illusion Level Mod: Illusion disguises the Pok\u00e9mon's true level\n|\n|t:|1781459243\n|teamsize|p1|6\n|teamsize|p2|6\n|start\n|switch|p1a: Braviary|Braviary, L85, M|309/309\n|switch|p2a: Delphox|Delphox, L84, M|263/263\n|turn|1\n|\n|t:|1781459289\n|move|p2a: Delphox|Focus Blast|p1a: Braviary\n|-damage|p1a: Braviary|161/309\n|move|p1a: Braviary|Bulk Up|p1a: Braviary\n|-boost|p1a: Braviary|atk|1\n|-boost|p1a: Braviary|def|1\n|\n|upkeep\n|turn|2\n|\n|t:|1781459305\n|-terastallize|p2a: Delphox|Fighting\n|move|p2a: Delphox|Focus Blast|p1a: Braviary\n|-damage|p1a: Braviary|0 fnt\n|faint|p1a: Braviary\n|\n|upkeep\n|\n|t:|1781459330\n|switch|p1a: Dragalge|Dragalge, L88, M|258/258\n|turn|3\n|\n|t:|1781459337\n|move|p2a: Delphox|Focus Blast|p1a: Dragalge\n|-resisted|p1a: Dragalge\n|-crit|p1a: Dragalge\n|-damage|p1a: Dragalge|139/258\n|move|p1a: Dragalge|Sludge Wave|p2a: Delphox\n|-crit|p2a: Delphox\n|-damage|p2a: Delphox|65/263\n|\n|-heal|p1a: Dragalge|155/258|[from] item: Leftovers\n|upkeep\n|turn|4\n|\n|t:|1781459345\n|move|p2a: Delphox|Focus Blast|p1a: Dragalge\n|-resisted|p1a: Dragalge\n|-damage|p1a: Dragalge|73/258\n|move|p1a: Dragalge|Sludge Wave|p2a: Delphox\n|-damage|p2a: Delphox|0 fnt\n|faint|p2a: Delphox\n|\n|-heal|p1a: Dragalge|89/258|[from] item: Leftovers\n|upkeep\n|\n|t:|1781459358\n|switch|p2a: Quagsire|Quagsire, L84, F|297/297\n|turn|5\n|\n|t:|1781459367\n|move|p1a: Dragalge|Toxic|p2a: Quagsire\n|-status|p2a: Quagsire|tox\n|move|p2a: Quagsire|Toxic|p1a: Dragalge\n|-immune|p1a: Dragalge\n|\n|-heal|p1a: Dragalge|105/258|[from] item: Leftovers\n|-damage|p2a: Quagsire|279/297 tox|[from] psn\n|upkeep\n|turn|6\n|\n|t:|1781459387\n|-terastallize|p1a: Dragalge|Fighting\n|move|p1a: Dragalge|Focus Blast|p2a: Quagsire\n|-damage|p2a: Quagsire|61/297 tox\n|move|p2a: Quagsire|Ice Beam|p1a: Dragalge\n|-damage|p1a: Dragalge|72/258\n|\n|-heal|p1a: Dragalge|88/258|[from] item: Leftovers\n|-heal|p2a: Quagsire|79/297 tox|[from] item: Leftovers\n|-damage|p2a: Quagsire|43/297 tox|[from] psn\n|upkeep\n|turn|7\n|\n|t:|1781459396\n|move|p1a: Dragalge|Focus Blast|p2a: Quagsire\n|-damage|p2a: Quagsire|0 fnt\n|faint|p2a: Quagsire\n|\n|-heal|p1a: Dragalge|104/258|[from] item: Leftovers\n|upkeep\n|\n|t:|1781459405\n|switch|p2a: Lurantis|Lurantis, L87, M|264/264\n|turn|8\n|\n|t:|1781459413\n|move|p1a: Dragalge|Sludge Wave|p2a: Lurantis\n|-supereffective|p2a: Lurantis\n|-damage|p2a: Lurantis|126/264\n|move|p2a: Lurantis|Leaf Storm|p1a: Dragalge\n|-damage|p1a: Dragalge|8/258\n|-boost|p2a: Lurantis|spa|2\n|\n|-heal|p1a: Dragalge|24/258|[from] item: Leftovers\n|upkeep\n|turn|9\n|\n|t:|1781459422\n|move|p2a: Lurantis|Leech Life|p1a: Dragalge\n|-resisted|p1a: Dragalge\n|-damage|p1a: Dragalge|0 fnt\n|-heal|p2a: Lurantis|138/264|[from] drain|[of] p1a: Dragalge\n|faint|p1a: Dragalge\n|\n|upkeep\n|\n|t:|1781459434\n|switch|p1a: Mudsdale|Mudsdale, L83, F|302/302\n|turn|10\n|\n|t:|1781459444\n|move|p2a: Lurantis|Superpower|p1a: Mudsdale\n|-damage|p1a: Mudsdale|213/302\n|-boost|p2a: Lurantis|atk|1\n|-boost|p2a: Lurantis|def|1\n|-ability|p1a: Mudsdale|Stamina|boost\n|-boost|p1a: Mudsdale|def|1\n|move|p1a: Mudsdale|Stone Edge|p2a: Lurantis\n|-damage|p2a: Lurantis|80/264\n|\n|-heal|p1a: Mudsdale|231/302|[from] item: Leftovers\n|upkeep\n|turn|11\n|\n|t:|1781459458\n|move|p2a: Lurantis|Leaf Storm|p1a: Mudsdale\n|-supereffective|p1a: Mudsdale\n|-damage|p1a: Mudsdale|0 fnt\n|-boost|p2a: Lurantis|spa|2\n|faint|p1a: Mudsdale\n|\n|upkeep\n|\n|t:|1781459463\n|switch|p1a: Heatran|Heatran, L79, M|273/273\n|turn|12\n|\n|t:|1781459470\n|move|p1a: Heatran|Magma Storm|p2a: Lurantis\n|-supereffective|p2a: Lurantis\n|-crit|p2a: Lurantis\n|-damage|p2a: Lurantis|0 fnt\n|faint|p2a: Lurantis\n|\n|upkeep\n|\n|t:|1781459479\n|switch|p2a: Keldeo|Keldeo-Resolute, L79|273/273\n|turn|13\n|\n|t:|1781459501\n|move|p2a: Keldeo|Substitute|p2a: Keldeo\n|-start|p2a: Keldeo|Substitute\n|-damage|p2a: Keldeo|205/273\n|move|p1a: Heatran|Earth Power|p2a: Keldeo\n|-end|p2a: Keldeo|Substitute\n|\n|-heal|p2a: Keldeo|222/273|[from] item: Leftovers\n|upkeep\n|turn|14\n|\n|t:|1781459518\n|move|p2a: Keldeo|Calm Mind|p2a: Keldeo\n|-boost|p2a: Keldeo|spa|1\n|-boost|p2a: Keldeo|spd|1\n|move|p1a: Heatran|Lava Plume|p2a: Keldeo\n|-resisted|p2a: Keldeo\n|-damage|p2a: Keldeo|188/273\n|\n|-heal|p2a: Keldeo|205/273|[from] item: Leftovers\n|upkeep\n|turn|15\n|\n|t:|1781459526\n|switch|p1a: Luxray|Luxray, L88, F|284/284\n|-ability|p1a: Luxray|Intimidate|boost\n|-unboost|p2a: Keldeo|atk|1\n|move|p2a: Keldeo|Calm Mind|p2a: Keldeo\n|-boost|p2a: Keldeo|spa|1\n|-boost|p2a: Keldeo|spd|1\n|\n|-heal|p2a: Keldeo|222/273|[from] item: Leftovers\n|upkeep\n|turn|16\n|\n|t:|1781459542\n|move|p2a: Keldeo|Substitute|p2a: Keldeo\n|-start|p2a: Keldeo|Substitute\n|-damage|p2a: Keldeo|154/273\n|move|p1a: Luxray|Wild Charge|p2a: Keldeo\n|-supereffective|p2a: Keldeo\n|-end|p2a: Keldeo|Substitute\n|-damage|p1a: Luxray|267/284|[from] Recoil|[of] p2a: Keldeo\n|\n|-heal|p2a: Keldeo|171/273|[from] item: Leftovers\n|upkeep\n|turn|17\n|\n|t:|1781459551\n|move|p2a: Keldeo|Secret Sword|p1a: Luxray\n|-damage|p1a: Luxray|57/284\n|move|p1a: Luxray|Wild Charge|p2a: Keldeo\n|-supereffective|p2a: Keldeo\n|-damage|p2a: Keldeo|0 fnt\n|faint|p2a: Keldeo\n|-damage|p1a: Luxray|14/284|[from] Recoil\n|\n|upkeep\n|\n|t:|1781459560\n|switch|p2a: Muk|Muk, L86, F|321/321\n|turn|18\n|\n|t:|1781459581\n|move|p2a: Muk|Shadow Sneak|p1a: Luxray\n|-damage|p1a: Luxray|0 fnt\n|faint|p1a: Luxray\n|\n|upkeep\n|\n|t:|1781459586\n|switch|p1a: Heatran|Heatran, L79, M|273/273\n|turn|19\n|\n|t:|1781459602\n|move|p1a: Heatran|Lava Plume|p2a: Muk\n|-damage|p2a: Muk|267/321\n|-status|p2a: Muk|brn\n|move|p2a: Muk|Drain Punch|p1a: Heatran\n|-supereffective|p1a: Heatran\n|-damage|p1a: Heatran|219/273\n|-heal|p2a: Muk|294/321 brn|[from] drain|[of] p1a: Heatran\n|\n|-damage|p2a: Muk|274/321 brn|[from] brn\n|upkeep\n|turn|20\n|\n|t:|1781459615\n|move|p1a: Heatran|Magma Storm|p2a: Muk\n|-damage|p2a: Muk|204/321 brn\n|-activate|p2a: Muk|move: Magma Storm|[of] p1a: Heatran\n|move|p2a: Muk|Knock Off|p1a: Heatran\n|-damage|p1a: Heatran|183/273\n|-enditem|p1a: Heatran|Assault Vest|[from] move: Knock Off|[of] p2a: Muk\n|\n|-damage|p2a: Muk|184/321 brn|[from] brn\n|-damage|p2a: Muk|144/321 brn|[from] move: Magma Storm|[partiallytrapped]\n|upkeep\n|turn|21\n|\n|t:|1781459625\n|move|p1a: Heatran|Earth Power|p2a: Muk\n|-supereffective|p2a: Muk\n|-damage|p2a: Muk|50/321 brn\n|-unboost|p2a: Muk|spd|1\n|move|p2a: Muk|Drain Punch|p1a: Heatran\n|-supereffective|p1a: Heatran\n|-damage|p1a: Heatran|128/273\n|-heal|p2a: Muk|78/321 brn|[from] drain|[of] p1a: Heatran\n|\n|-damage|p2a: Muk|58/321 brn|[from] brn\n|-damage|p2a: Muk|18/321 brn|[from] move: Magma Storm|[partiallytrapped]\n|upkeep\n|turn|22\n|\n|t:|1781459635\n|switch|p1a: Basculin|Basculin-Blue-Striped, L86, M|261/261\n|move|p2a: Muk|Drain Punch|p1a: Basculin\n|-damage|p1a: Basculin|226/261\n|-heal|p2a: Muk|36/321 brn|[from] drain|[of] p1a: Basculin\n|\n|-damage|p2a: Muk|16/321 brn|[from] brn\n|-end|p2a: Muk|Magma Storm|[partiallytrapped]|[silent]\n|upkeep\n|turn|23\n|\n|t:|1781459643\n|move|p1a: Basculin|Aqua Jet|p2a: Muk\n|-damage|p2a: Muk|0 fnt\n|faint|p2a: Muk\n|\n|upkeep\n|\n|t:|1781459646\n|switch|p2a: Morpeko|Morpeko, L88, M|245/245\n|turn|24\n|\n|t:|1781459656\n|move|p1a: Basculin|Aqua Jet|p2a: Morpeko\n|-damage|p2a: Morpeko|141/245\n|move|p2a: Morpeko|Aura Wheel|p1a: Basculin\n|-supereffective|p1a: Basculin\n|-damage|p1a: Basculin|0 fnt\n|-boost|p2a: Morpeko|spe|1\n|faint|p1a: Basculin\n|\n|-heal|p2a: Morpeko|156/245|[from] item: Leftovers\n|-formechange|p2a: Morpeko|Morpeko-Hangry||[from] ability: Hunger Switch\n|upkeep\n|\n|t:|1781459659\n|switch|p1a: Heatran|Heatran, L79, M|128/273\n|turn|25\n|\n|t:|1781459667\n|move|p2a: Morpeko|Aura Wheel|p1a: Heatran\n|-damage|p1a: Heatran|11/273\n|-boost|p2a: Morpeko|spe|1\n|move|p1a: Heatran|Earth Power|p2a: Morpeko\n|-supereffective|p2a: Morpeko\n|-damage|p2a: Morpeko|0 fnt\n|faint|p2a: Morpeko\n|\n|win|Tokinada_Purple\n", "inputlog": ">version a8376a258c1d4662feba110a92103f3664a72141\n>start {\"formatid\":\"gen9randombattle\",\"seed\":\"sodium,eba1608ef594860fe49f2c0138f5c444\"}\n>player p1 {\"name\":\"Tokinada_Purple\",\"avatar\":\"2\",\"rating\":0,\"seed\":\"sodium,c603ff6736527e2aa5dd60d238e91a72\"}\n>player p2 {\"name\":\"arthuria_lily\",\"avatar\":\"cynthia-gen4\",\"rating\":0,\"seed\":\"sodium,568a1d459f884b2790655afd8b518e0c\"}\n>p1 move bulkup\n>p2 move focusblast\n>p1 move roost\n>p2 move focusblast terastallize\n>p1 switch 2\n>p1 move sludgewave\n>p2 move focusblast\n>p1 move sludgewave\n>p2 move focusblast\n>p2 switch 4\n>p1 move toxic\n>p2 move toxic\n>p1 move focusblast terastallize\n>p2 move icebeam\n>p1 move focusblast\n>p2 move recover\n>p2 switch 6\n>p1 move sludgewave\n>p2 move leafstorm\n>p1 move sludgewave\n>p2 move leechlife\n>p1 switch 4\n>p1 move stoneedge\n>p2 move superpower\n>p1 move heavyslam\n>p2 move leafstorm\n>p1 switch 6\n>p1 move magmastorm\n>p2 move leechlife\n>p2 switch 5\n>p1 move earthpower\n>p2 move substitute\n>p1 move lavaplume\n>p2 move calmmind\n>p1 switch 5\n>p2 move calmmind\n>p1 move wildcharge\n>p2 move substitute\n>p1 move wildcharge\n>p2 move secretsword\n>p2 switch 3\n>p1 move throatchop\n>p2 move shadowsneak\n>p1 switch 5\n>p1 move lavaplume\n>p2 move drainpunch\n>p1 move magmastorm\n>p2 move knockoff\n>p1 move earthpower\n>p2 move drainpunch\n>p1 switch 3\n>p2 move drainpunch\n>p1 move aquajet\n>p2 move shadowsneak\n>p2 switch 2\n>p1 move aquajet\n>p2 move aurawheel\n>p1 switch 3\n>p1 move earthpower\n>p2 move aurawheel", "uploadtime": 1781459679, "views": 5, "formatid": "gen9randombattle", "rating": null, "private": 0, "password": null}