{"id": "gen9randombattle-2631594189", "format": "[Gen 9] Random Battle", "players": ["retnas11", "nickolassbomfim"], "log": "|j|\u2606retnas11\n|j|\u2606nickolassbomfim\n|t:|1781406038\n|gametype|singles\n|player|p1|retnas11|swimmer-gen4dp|1961\n|player|p2|nickolassbomfim|red-masters|1998\n|gen|9\n|tier|[Gen 9] Random Battle\n|rated|\n|rule|Species Clause: Limit one of each Pok\u00e9mon\n|rule|HP Percentage Mod: HP is shown in percentages\n|rule|Sleep Clause Mod: Limit one foe put to sleep\n|rule|Illusion Level Mod: Illusion disguises the Pok\u00e9mon's true level\n|\n|t:|1781406038\n|teamsize|p1|6\n|teamsize|p2|6\n|start\n|switch|p1a: Vivillon|Vivillon-Savanna, L83, F|268/268\n|switch|p2a: Gyarados|Gyarados, L79, M|280/280\n|-ability|p2a: Gyarados|Intimidate|boost\n|-unboost|p1a: Vivillon|atk|1\n|turn|1\n|inactive|Battle timer is ON: inactive players will automatically lose when time's up. (requested by retnas11)\n|\n|t:|1781406057\n|switch|p2a: Scovillain|Scovillain, L91, F|266/266\n|move|p1a: Vivillon|Sleep Powder|p2a: Scovillain\n|-immune|p2a: Scovillain\n|\n|upkeep\n|turn|2\n|\n|t:|1781406065\n|switch|p1a: Gouging Fire|Gouging Fire, L74|277/277\n|switch|p2a: Luxray|Luxray, L88, M|283/283\n|\n|-status|p2a: Luxray|brn|[from] item: Flame Orb\n|upkeep\n|turn|3\n|\n|t:|1781406072\n|-end|p1a: Gouging Fire|Protosynthesis|[silent]\n|switch|p1a: Avalugg|Avalugg-Hisui, L90, M|317/317\n|move|p2a: Luxray|Trailblaze|p1a: Avalugg\n|-supereffective|p1a: Avalugg\n|-damage|p1a: Avalugg|239/317\n|-boost|p2a: Luxray|spe|1\n|\n|-damage|p2a: Luxray|266/283 brn|[from] brn\n|upkeep\n|turn|4\n|\n|t:|1781406076\n|move|p2a: Luxray|Supercell Slam|p1a: Avalugg\n|-damage|p1a: Avalugg|124/317\n|move|p1a: Avalugg|Avalanche|p2a: Luxray\n|-crit|p2a: Luxray\n|-damage|p2a: Luxray|0 fnt\n|faint|p2a: Luxray\n|\n|upkeep\n|\n|t:|1781406088\n|switch|p2a: Hoopa|Hoopa, L85|275/275\n|turn|5\n|\n|t:|1781406093\n|switch|p1a: Krookodile|Krookodile, L79, F|280/280\n|-ability|p1a: Krookodile|Intimidate|boost\n|-unboost|p2a: Hoopa|atk|1\n|move|p2a: Hoopa|Psychic|p1a: Krookodile\n|-immune|p1a: Krookodile\n|\n|upkeep\n|turn|6\n|\n|t:|1781406097\n|switch|p2a: Gyarados|Gyarados, L79, M|280/280\n|-ability|p2a: Gyarados|Intimidate|boost\n|-unboost|p1a: Krookodile|atk|1\n|move|p1a: Krookodile|Knock Off|p2a: Gyarados\n|-damage|p2a: Gyarados|199/280\n|-enditem|p2a: Gyarados|Heavy-Duty Boots|[from] move: Knock Off|[of] p1a: Krookodile\n|\n|upkeep\n|turn|7\n|\n|t:|1781406106\n|switch|p1a: Hydreigon|Hydreigon, L79, F|275/275\n|move|p2a: Gyarados|Dragon Dance|p2a: Gyarados\n|-boost|p2a: Gyarados|atk|1\n|-boost|p2a: Gyarados|spe|1\n|\n|upkeep\n|turn|8\n|\n|t:|1781406110\n|move|p2a: Gyarados|Stone Edge|p1a: Hydreigon\n|-damage|p1a: Hydreigon|154/275\n|move|p1a: Hydreigon|Draco Meteor|p2a: Gyarados\n|-damage|p2a: Gyarados|22/280\n|-unboost|p1a: Hydreigon|spa|2\n|-damage|p1a: Hydreigon|127/275|[from] item: Life Orb\n|\n|upkeep\n|turn|9\n|\n|t:|1781406118\n|switch|p1a: Krookodile|Krookodile, L79, F|280/280\n|-ability|p1a: Krookodile|Intimidate|boost\n|-unboost|p2a: Gyarados|atk|1\n|move|p2a: Gyarados|Dragon Dance|p2a: Gyarados\n|-boost|p2a: Gyarados|atk|1\n|-boost|p2a: Gyarados|spe|1\n|\n|upkeep\n|turn|10\n|\n|t:|1781406123\n|switch|p1a: Avalugg|Avalugg-Hisui, L90, M|124/317\n|move|p2a: Gyarados|Waterfall|p1a: Avalugg\n|-supereffective|p1a: Avalugg\n|-damage|p1a: Avalugg|0 fnt\n|faint|p1a: Avalugg\n|\n|upkeep\n|\n|t:|1781406128\n|switch|p1a: Krookodile|Krookodile, L79, F|280/280\n|-ability|p1a: Krookodile|Intimidate|boost\n|-unboost|p2a: Gyarados|atk|1\n|turn|11\n|\n|t:|1781406139\n|move|p2a: Gyarados|Waterfall|p1a: Krookodile\n|-supereffective|p1a: Krookodile\n|-damage|p1a: Krookodile|68/280\n|move|p1a: Krookodile|Knock Off|p2a: Gyarados\n|-crit|p2a: Gyarados\n|-damage|p2a: Gyarados|0 fnt\n|faint|p2a: Gyarados\n|\n|-heal|p1a: Krookodile|85/280|[from] item: Leftovers\n|upkeep\n|\n|t:|1781406148\n|switch|p2a: Scovillain|Scovillain, L91, F|266/266\n|turn|12\n|\n|t:|1781406157\n|move|p1a: Krookodile|Gunk Shot|p2a: Scovillain\n|-supereffective|p2a: Scovillain\n|-damage|p2a: Scovillain|52/266\n|move|p2a: Scovillain|Sunny Day|p2a: Scovillain\n|-weather|SunnyDay\n|\n|-weather|SunnyDay|[upkeep]\n|-heal|p1a: Krookodile|102/280|[from] item: Leftovers\n|upkeep\n|turn|13\n|\n|t:|1781406166\n|switch|p1a: Hydreigon|Hydreigon, L79, F|127/275\n|move|p2a: Scovillain|Energy Ball|p1a: Hydreigon\n|-resisted|p1a: Hydreigon\n|-crit|p1a: Hydreigon\n|-damage|p1a: Hydreigon|28/275\n|\n|-weather|SunnyDay|[upkeep]\n|upkeep\n|turn|14\n|\n|t:|1781406170\n|move|p2a: Scovillain|Energy Ball|p1a: Hydreigon\n|-resisted|p1a: Hydreigon\n|-crit|p1a: Hydreigon\n|-damage|p1a: Hydreigon|0 fnt\n|faint|p1a: Hydreigon\n|\n|-weather|SunnyDay|[upkeep]\n|upkeep\n|\n|t:|1781406172\n|switch|p1a: Gouging Fire|Gouging Fire, L74|277/277\n|-activate|p1a: Gouging Fire|ability: Protosynthesis\n|-start|p1a: Gouging Fire|protosynthesisdef\n|turn|15\n|\n|t:|1781406174\n|move|p2a: Scovillain|Fire Blast|p1a: Gouging Fire\n|-resisted|p1a: Gouging Fire\n|-damage|p1a: Gouging Fire|217/277\n|move|p1a: Gouging Fire|Heat Crash|p2a: Scovillain\n|-damage|p2a: Scovillain|0 fnt\n|faint|p2a: Scovillain\n|\n|-weather|SunnyDay|[upkeep]\n|upkeep\n|\n|t:|1781406180\n|switch|p2a: Blastoise|Blastoise, L80, F|258/258\n|turn|16\n|\n|t:|1781406189\n|move|p1a: Gouging Fire|Dragon Dance|p1a: Gouging Fire\n|-boost|p1a: Gouging Fire|atk|1\n|-boost|p1a: Gouging Fire|spe|1\n|move|p2a: Blastoise|Shell Smash|p2a: Blastoise\n|-unboost|p2a: Blastoise|def|1\n|-unboost|p2a: Blastoise|spd|1\n|-boost|p2a: Blastoise|atk|2\n|-boost|p2a: Blastoise|spa|2\n|-boost|p2a: Blastoise|spe|2\n|-enditem|p2a: Blastoise|White Herb\n|-clearnegativeboost|p2a: Blastoise|[silent]\n|\n|-weather|none\n|-end|p1a: Gouging Fire|Protosynthesis\n|upkeep\n|turn|17\n|\n|t:|1781406200\n|-terastallize|p1a: Gouging Fire|Fairy\n|move|p2a: Blastoise|Hydro Pump|p1a: Gouging Fire\n|-damage|p1a: Gouging Fire|0 fnt\n|faint|p1a: Gouging Fire\n|-end|p1a: Gouging Fire|Protosynthesis|[silent]\n|\n|upkeep\n|\n|t:|1781406202\n|switch|p1a: Jolteon|Jolteon, L84, M|246/246\n|turn|18\n|\n|t:|1781406206\n|-terastallize|p2a: Blastoise|Electric\n|move|p2a: Blastoise|Hydro Pump|p1a: Jolteon|[miss]\n|-miss|p2a: Blastoise|p1a: Jolteon\n|move|p1a: Jolteon|Thunderbolt|p2a: Blastoise\n|-resisted|p2a: Blastoise\n|-damage|p2a: Blastoise|183/258\n|\n|upkeep\n|turn|19\n|\n|t:|1781406213\n|switch|p1a: Krookodile|Krookodile, L79, F|102/280\n|-ability|p1a: Krookodile|Intimidate|boost\n|-unboost|p2a: Blastoise|atk|1\n|move|p2a: Blastoise|Hydro Pump|p1a: Krookodile\n|-supereffective|p1a: Krookodile\n|-damage|p1a: Krookodile|0 fnt\n|faint|p1a: Krookodile\n|\n|upkeep\n|\n|t:|1781406217\n|switch|p1a: Jolteon|Jolteon, L84, M|246/246\n|turn|20\n|\n|t:|1781406219\n|move|p2a: Blastoise|Hydro Pump|p1a: Jolteon|[miss]\n|-miss|p2a: Blastoise|p1a: Jolteon\n|move|p1a: Jolteon|Alluring Voice|p2a: Blastoise\n|-damage|p2a: Blastoise|94/258\n|\n|upkeep\n|turn|21\n|\n|t:|1781406222\n|move|p2a: Blastoise|Hydro Pump|p1a: Jolteon\n|-damage|p1a: Jolteon|60/246\n|move|p1a: Jolteon|Alluring Voice|p2a: Blastoise\n|-damage|p2a: Blastoise|10/258\n|\n|upkeep\n|turn|22\n|\n|t:|1781406225\n|move|p2a: Blastoise|Ice Beam|p1a: Jolteon\n|-damage|p1a: Jolteon|0 fnt\n|faint|p1a: Jolteon\n|\n|upkeep\n|\n|t:|1781406226\n|switch|p1a: Vivillon|Vivillon-Savanna, L83, F|268/268\n|turn|23\n|\n|t:|1781406228\n|move|p2a: Blastoise|Ice Beam|p1a: Vivillon\n|-supereffective|p1a: Vivillon\n|-damage|p1a: Vivillon|0 fnt\n|faint|p1a: Vivillon\n|\n|win|nickolassbomfim\n", "inputlog": ">version a8376a258c1d4662feba110a92103f3664a72141\n>start {\"formatid\":\"gen9randombattle\",\"seed\":\"sodium,9dcb42656b5409b19046907dbec6bc31\",\"rated\":\"Rated battle\"}\n>player p1 {\"name\":\"retnas11\",\"avatar\":\"swimmer-gen4dp\",\"rating\":1961,\"seed\":\"sodium,4ba5a151f4c65b8f66aff3fdca39a7f9\"}\n>player p2 {\"name\":\"nickolassbomfim\",\"avatar\":\"red-masters\",\"rating\":1998,\"seed\":\"sodium,e1837cf1432632c1dd4b0a07ade2336c\"}\n>p1 move sleeppowder\n>p2 switch 4\n>p1 switch 2\n>p2 switch 5\n>p1 switch 6\n>p2 move trailblaze\n>p1 move avalanche\n>p2 move supercellslam\n>p2 switch 6\n>p1 switch 5\n>p2 move psychic\n>p1 move knockoff\n>p2 switch 4\n>p1 switch 3\n>p2 move dragondance\n>p1 move dracometeor\n>p2 move stoneedge\n>p1 switch 3\n>p2 move dragondance\n>p1 switch 5\n>p2 move waterfall\n>p1 switch 5\n>p1 move knockoff\n>p2 move waterfall\n>p2 switch 5\n>p1 move gunkshot\n>p2 move sunnyday\n>p1 switch 3\n>p2 move energyball\n>p1 move darkpulse\n>p2 move energyball\n>p1 switch 6\n>p1 move heatcrash\n>p2 move fireblast\n>p2 switch 2\n>p1 move dragondance\n>p2 move shellsmash\n>p1 move dragondance terastallize\n>p2 move hydropump\n>p1 switch 4\n>p1 move thunderbolt\n>p2 move hydropump terastallize\n>p1 switch 3\n>p2 move hydropump\n>p1 switch 3\n>p1 move alluringvoice\n>p2 move hydropump\n>p1 move alluringvoice\n>p2 move hydropump\n>p1 move alluringvoice\n>p2 move icebeam\n>p1 switch 2\n>p1 move quiverdance\n>p2 move icebeam", "uploadtime": 1781406039, "views": 5, "formatid": "gen9randombattle", "rating": null, "private": 0, "password": null}