{"id": "gen9randombattle-2631612793", "format": "[Gen 9] Random Battle", "players": ["Vitorlarvitar", "Gatobas"], "log": "|j|\u2606Vitorlarvitar\n|j|\u2606Gatobas\n|t:|1781408842\n|gametype|singles\n|player|p1|Vitorlarvitar|n|\n|player|p2|Gatobas|skyla|\n|gen|9\n|tier|[Gen 9] Random Battle\n|rule|Species Clause: Limit one of each Pok\u00e9mon\n|rule|HP Percentage Mod: HP is shown in percentages\n|rule|Sleep Clause Mod: Limit one foe put to sleep\n|rule|Illusion Level Mod: Illusion disguises the Pok\u00e9mon's true level\n|\n|t:|1781408842\n|teamsize|p1|6\n|teamsize|p2|6\n|start\n|switch|p1a: Camerupt|Camerupt, L91, M|275/275\n|switch|p2a: Iron Moth|Iron Moth, L78|253/253\n|turn|1\n|\n|t:|1781408880\n|-end|p2a: Iron Moth|Quark Drive|[silent]\n|switch|p2a: Slaking|Slaking, L84, M|389/389\n|move|p1a: Camerupt|Earthquake|p2a: Slaking\n|-damage|p2a: Slaking|271/389\n|\n|upkeep\n|turn|2\n|\n|t:|1781408893\n|move|p2a: Slaking|Giga Impact|p1a: Camerupt\n|-damage|p1a: Camerupt|0 fnt\n|-mustrecharge|p2a: Slaking\n|faint|p1a: Camerupt\n|\n|upkeep\n|\n|t:|1781408916\n|switch|p1a: Hitmonlee|Hitmonlee, L85, M|224/224\n|turn|3\n|\n|t:|1781408921\n|cant|p2a: Slaking|recharge\n|move|p1a: Hitmonlee|Close Combat|p2a: Slaking\n|-supereffective|p2a: Slaking\n|-damage|p2a: Slaking|0 fnt\n|-unboost|p1a: Hitmonlee|def|1\n|-unboost|p1a: Hitmonlee|spd|1\n|faint|p2a: Slaking\n|-enditem|p1a: Hitmonlee|White Herb\n|-clearnegativeboost|p1a: Hitmonlee|[silent]\n|\n|upkeep\n|\n|t:|1781408937\n|switch|p2a: Tauros|Tauros-Paldea-Combat, L82, M|257/257\n|-ability|p2a: Tauros|Intimidate|boost\n|-unboost|p1a: Hitmonlee|atk|1\n|turn|4\n|\n|t:|1781408944\n|switch|p2a: Iron Crown|Iron Crown, L78|268/268\n|move|p1a: Hitmonlee|Swords Dance|p1a: Hitmonlee\n|-boost|p1a: Hitmonlee|atk|2\n|\n|upkeep\n|turn|5\n|\n|t:|1781408951\n|-terastallize|p2a: Iron Crown|Fighting\n|move|p1a: Hitmonlee|Knock Off|p2a: Iron Crown\n|-resisted|p2a: Iron Crown\n|-damage|p2a: Iron Crown|208/268\n|-enditem|p2a: Iron Crown|Leftovers|[from] move: Knock Off|[of] p1a: Hitmonlee\n|move|p2a: Iron Crown|Calm Mind|p2a: Iron Crown\n|-boost|p2a: Iron Crown|spa|1\n|-boost|p2a: Iron Crown|spd|1\n|\n|upkeep\n|turn|6\n|\n|t:|1781408958\n|move|p1a: Hitmonlee|Close Combat|p2a: Iron Crown\n|-damage|p2a: Iron Crown|0 fnt\n|-unboost|p1a: Hitmonlee|def|1\n|-unboost|p1a: Hitmonlee|spd|1\n|faint|p2a: Iron Crown\n|-end|p2a: Iron Crown|Quark Drive|[silent]\n|\n|upkeep\n|\n|t:|1781408966\n|switch|p2a: Froslass|Froslass, L87, F|263/263\n|turn|7\n|\n|t:|1781408971\n|move|p1a: Hitmonlee|Knock Off|p2a: Froslass\n|-supereffective|p2a: Froslass\n|-damage|p2a: Froslass|0 fnt\n|-start|p1a: Hitmonlee|Disable|Knock Off|[from] ability: Cursed Body|[of] p2a: Froslass\n|-enditem|p2a: Froslass|Wide Lens|[from] move: Knock Off|[of] p1a: Hitmonlee\n|faint|p2a: Froslass\n|\n|upkeep\n|\n|t:|1781408973\n|switch|p2a: Tauros|Tauros-Paldea-Combat, L82, M|257/257\n|-ability|p2a: Tauros|Intimidate|boost\n|-unboost|p1a: Hitmonlee|atk|1\n|turn|8\n|\n|t:|1781408989\n|move|p1a: Hitmonlee|Swords Dance|p1a: Hitmonlee\n|-boost|p1a: Hitmonlee|atk|2\n|move|p2a: Tauros|Bulk Up|p2a: Tauros\n|-boost|p2a: Tauros|atk|1\n|-boost|p2a: Tauros|def|1\n|\n|upkeep\n|turn|9\n|\n|t:|1781408996\n|move|p1a: Hitmonlee|Close Combat|p2a: Tauros\n|-damage|p2a: Tauros|64/257\n|-unboost|p1a: Hitmonlee|def|1\n|-unboost|p1a: Hitmonlee|spd|1\n|move|p2a: Tauros|Stone Edge|p1a: Hitmonlee\n|-resisted|p1a: Hitmonlee\n|-damage|p1a: Hitmonlee|8/224\n|-damage|p2a: Tauros|39/257|[from] item: Life Orb\n|\n|upkeep\n|turn|10\n|\n|t:|1781409005\n|move|p1a: Hitmonlee|Close Combat|p2a: Tauros\n|-damage|p2a: Tauros|0 fnt\n|-unboost|p1a: Hitmonlee|def|1\n|-unboost|p1a: Hitmonlee|spd|1\n|faint|p2a: Tauros\n|\n|-end|p1a: Hitmonlee|Disable\n|upkeep\n|\n|t:|1781409008\n|switch|p2a: Plusle|Plusle, L95, M|268/268\n|turn|11\n|\n|t:|1781409019\n|-terastallize|p1a: Hitmonlee|Fighting\n|move|p1a: Hitmonlee|Close Combat|p2a: Plusle\n|-crit|p2a: Plusle\n|-damage|p2a: Plusle|0 fnt\n|-unboost|p1a: Hitmonlee|def|1\n|-unboost|p1a: Hitmonlee|spd|1\n|faint|p2a: Plusle\n|\n|upkeep\n|\n|t:|1781409023\n|switch|p2a: Iron Moth|Iron Moth, L78|253/253\n|turn|12\n|\n|t:|1781409027\n|move|p1a: Hitmonlee|Stone Edge|p2a: Iron Moth\n|-supereffective|p2a: Iron Moth\n|-damage|p2a: Iron Moth|0 fnt\n|faint|p2a: Iron Moth\n|-end|p2a: Iron Moth|Quark Drive|[silent]\n|\n|win|Vitorlarvitar\n|l|\u2606Gatobas\n|player|p2|\n", "uploadtime": 1781409034, "views": 3, "formatid": "gen9randombattle", "rating": null, "private": 0, "password": null}