{"id": "gen9randombattle-2631487191", "format": "[Gen 9] Random Battle", "players": ["Fortre", "AllCuzOfHax"], "log": "|j|\u2606Fortre\n|j|\u2606AllCuzOfHax\n|t:|1781391253\n|gametype|singles\n|player|p1|Fortre|1|2069\n|player|p2|AllCuzOfHax|anabel|2049\n|gen|9\n|tier|[Gen 9] Random Battle\n|rated|\n|rule|Species Clause: Limit one of each Pok\u00e9mon\n|rule|HP Percentage Mod: HP is shown in percentages\n|rule|Sleep Clause Mod: Limit one foe put to sleep\n|rule|Illusion Level Mod: Illusion disguises the Pok\u00e9mon's true level\n|\n|t:|1781391253\n|teamsize|p1|6\n|teamsize|p2|6\n|start\n|switch|p1a: Rhyperior|Rhyperior, L82, M|323/323\n|switch|p2a: Weezing|Weezing-Galar, L86, F|252/252\n|turn|1\n|\n|t:|1781391281\n|move|p2a: Weezing|Will-O-Wisp|p1a: Rhyperior|[miss]\n|-miss|p2a: Weezing|p1a: Rhyperior\n|move|p1a: Rhyperior|Stone Edge|p2a: Weezing\n|-damage|p2a: Weezing|101/252\n|\n|-heal|p2a: Weezing|116/252|[from] item: Leftovers\n|upkeep\n|turn|2\n|\n|t:|1781391292\n|switch|p1a: Volcanion|Volcanion, L79|255/255\n|move|p2a: Weezing|Will-O-Wisp|p1a: Volcanion\n|-immune|p1a: Volcanion\n|\n|-heal|p2a: Weezing|131/252|[from] item: Leftovers\n|upkeep\n|turn|3\n|\n|t:|1781391296\n|switch|p2a: Sylveon|Sylveon, L85, F|300/300\n|move|p1a: Volcanion|Steam Eruption|p2a: Sylveon\n|-damage|p2a: Sylveon|201/300\n|\n|-heal|p2a: Sylveon|219/300|[from] item: Leftovers\n|upkeep\n|turn|4\n|\n|t:|1781391311\n|switch|p1a: Rhyperior|Rhyperior, L82, M|323/323\n|move|p2a: Sylveon|Wish|p2a: Sylveon\n|\n|-heal|p2a: Sylveon|237/300|[from] item: Leftovers\n|upkeep\n|turn|5\n|\n|t:|1781391328\n|switch|p2a: Leafeon|Leafeon, L88, F|258/258\n|move|p1a: Rhyperior|Stone Edge|p2a: Leafeon\n|-damage|p2a: Leafeon|128/258\n|\n|-heal|p2a: Leafeon|258/258|[from] move: Wish|[wisher] Sylveon\n|upkeep\n|turn|6\n|\n|t:|1781391354\n|switch|p1a: Dipplin|Dipplin, L88, F|284/284\n|move|p2a: Leafeon|Swords Dance|p2a: Leafeon\n|-boost|p2a: Leafeon|atk|2\n|\n|upkeep\n|turn|7\n|\n|t:|1781391364\n|move|p2a: Leafeon|Knock Off|p1a: Dipplin\n|-damage|p1a: Dipplin|175/284\n|-activate|p1a: Dipplin|ability: Sticky Hold\n|-damage|p2a: Leafeon|233/258|[from] item: Life Orb\n|move|p1a: Dipplin|Dragon Tail|p2a: Leafeon\n|-damage|p2a: Leafeon|190/258\n|drag|p2a: Deoxys|Deoxys, L74|196/196\n|-ability|p2a: Deoxys|Pressure\n|\n|upkeep\n|turn|8\n|\n|t:|1781391374\n|move|p2a: Deoxys|Ice Beam|p1a: Dipplin\n|-supereffective|p1a: Dipplin\n|-damage|p1a: Dipplin|0 fnt\n|faint|p1a: Dipplin\n|-damage|p2a: Deoxys|177/196|[from] item: Life Orb\n|\n|upkeep\n|\n|t:|1781391403\n|switch|p1a: Volcanion|Volcanion, L79|255/255\n|turn|9\n|\n|t:|1781391413\n|switch|p2a: Sylveon|Sylveon, L85, F|237/300\n|move|p1a: Volcanion|Flamethrower|p2a: Sylveon\n|-damage|p2a: Sylveon|158/300\n|-status|p2a: Sylveon|brn\n|\n|-heal|p2a: Sylveon|176/300 brn|[from] item: Leftovers\n|-damage|p2a: Sylveon|158/300 brn|[from] brn\n|upkeep\n|turn|10\n|\n|t:|1781391429\n|switch|p1a: Munkidori|Munkidori, L79, M|269/269\n|move|p2a: Sylveon|Wish|p2a: Sylveon\n|\n|-heal|p2a: Sylveon|176/300 brn|[from] item: Leftovers\n|-damage|p2a: Sylveon|158/300 brn|[from] brn\n|upkeep\n|turn|11\n|\n|t:|1781391436\n|move|p2a: Sylveon|Protect|p2a: Sylveon\n|-singleturn|p2a: Sylveon|Protect\n|move|p1a: Munkidori|Sludge Wave|p2a: Sylveon\n|-activate|p2a: Sylveon|move: Protect\n|\n|-heal|p2a: Sylveon|300/300 brn|[from] move: Wish|[wisher] Sylveon\n|-damage|p2a: Sylveon|282/300 brn|[from] brn\n|upkeep\n|turn|12\n|\n|t:|1781391443\n|switch|p2a: Scizor|Scizor, L79, M|240/240\n|move|p1a: Munkidori|Sludge Wave|p2a: Scizor\n|-immune|p2a: Scizor\n|\n|upkeep\n|turn|13\n|\n|t:|1781391459\n|switch|p1a: Rhyperior|Rhyperior, L82, M|323/323\n|move|p2a: Scizor|Close Combat|p1a: Rhyperior\n|-supereffective|p1a: Rhyperior\n|-damage|p1a: Rhyperior|192/323\n|-unboost|p2a: Scizor|def|1\n|-unboost|p2a: Scizor|spd|1\n|-damage|p2a: Scizor|216/240|[from] item: Life Orb\n|\n|upkeep\n|turn|14\n|\n|t:|1781391470\n|switch|p2a: Leafeon|Leafeon, L88, F|190/258\n|move|p1a: Rhyperior|Stone Edge|p2a: Leafeon\n|-damage|p2a: Leafeon|39/258\n|\n|upkeep\n|turn|15\n|\n|t:|1781391509\n|switch|p1a: Volcanion|Volcanion, L79|255/255\n|move|p2a: Leafeon|Leaf Blade|p1a: Volcanion\n|-damage|p1a: Volcanion|126/255\n|-damage|p2a: Leafeon|14/258|[from] item: Life Orb\n|\n|upkeep\n|turn|16\n|\n|t:|1781391517\n|move|p2a: Leafeon|Leaf Blade|p1a: Volcanion\n|-damage|p1a: Volcanion|8/255\n|-damage|p2a: Leafeon|0 fnt|[from] item: Life Orb\n|faint|p2a: Leafeon\n|move|p1a: Volcanion|Flame Charge|p2: Leafeon|[notarget]\n|-fail|p1a: Volcanion\n|\n|upkeep\n|\n|t:|1781391537\n|switch|p2a: Deoxys|Deoxys, L74|177/196\n|-ability|p2a: Deoxys|Pressure\n|turn|17\n|\n|t:|1781391546\n|move|p2a: Deoxys|Knock Off|p1a: Volcanion\n|-crit|p1a: Volcanion\n|-damage|p1a: Volcanion|0 fnt\n|-enditem|p1a: Volcanion|Assault Vest|[from] move: Knock Off|[of] p2a: Deoxys\n|faint|p1a: Volcanion\n|-damage|p2a: Deoxys|158/196|[from] item: Life Orb\n|\n|upkeep\n|inactive|Battle timer is ON: inactive players will automatically lose when time's up. (requested by AllCuzOfHax)\n|\n|t:|1781391576\n|switch|p1a: Rhyperior|Rhyperior, L82, M|192/323\n|turn|18\n|\n|t:|1781391580\n|move|p2a: Deoxys|Psycho Boost|p1a: Rhyperior\n|-damage|p1a: Rhyperior|0 fnt\n|-unboost|p2a: Deoxys|spa|2\n|faint|p1a: Rhyperior\n|-damage|p2a: Deoxys|139/196|[from] item: Life Orb\n|\n|upkeep\n|\n|t:|1781391586\n|switch|p1a: Terapagos|Terapagos, L77, M|265/265\n|-activate|p1a: Terapagos|ability: Tera Shift\n|detailschange|p1a: Terapagos|Terapagos-Terastal, L77, M\n|-heal|p1a: Terapagos|273/273|[silent]\n|turn|19\n|\n|t:|1781391592\n|switch|p2a: Spidops|Spidops, L96, M|271/271\n|move|p1a: Terapagos|Tera Starstorm|p2a: Spidops\n|-damage|p2a: Spidops|171/271\n|\n|upkeep\n|turn|20\n|\n|t:|1781391610\n|move|p1a: Terapagos|Calm Mind|p1a: Terapagos\n|-boost|p1a: Terapagos|spa|1\n|-boost|p1a: Terapagos|spd|1\n|move|p2a: Spidops|Circle Throw|p1a: Terapagos\n|-activate|p1a: Terapagos|ability: Tera Shell\n|-resisted|p1a: Terapagos\n|-damage|p1a: Terapagos|249/273\n|drag|p1a: Munkidori|Munkidori, L79, M|269/269\n|\n|upkeep\n|turn|21\n|\n|t:|1781391629\n|move|p1a: Munkidori|Sludge Wave|p2a: Spidops\n|-damage|p2a: Spidops|23/271\n|move|p2a: Spidops|Knock Off|p1a: Munkidori\n|-supereffective|p1a: Munkidori\n|-damage|p1a: Munkidori|71/269\n|-enditem|p1a: Munkidori|Choice Specs|[from] move: Knock Off|[of] p2a: Spidops\n|\n|upkeep\n|turn|22\n|\n|t:|1781391639\n|move|p1a: Munkidori|Psyshock|p2a: Spidops\n|-crit|p2a: Spidops\n|-damage|p2a: Spidops|0 fnt\n|faint|p2a: Spidops\n|\n|upkeep\n|\n|t:|1781391649\n|switch|p2a: Deoxys|Deoxys, L74|139/196\n|-ability|p2a: Deoxys|Pressure\n|turn|23\n|\n|t:|1781391671\n|move|p2a: Deoxys|Knock Off|p1a: Munkidori\n|-supereffective|p1a: Munkidori\n|-crit|p1a: Munkidori\n|-damage|p1a: Munkidori|0 fnt\n|faint|p1a: Munkidori\n|-damage|p2a: Deoxys|120/196|[from] item: Life Orb\n|\n|upkeep\n|\n|t:|1781391673\n|switch|p1a: Terapagos|Terapagos-Terastal, L77, M|249/273\n|turn|24\n|inactive|AllCuzOfHax has 120 seconds left.\n|\n|t:|1781391715\n|move|p2a: Deoxys|Superpower|p1a: Terapagos\n|-supereffective|p1a: Terapagos\n|-damage|p1a: Terapagos|28/273\n|-unboost|p2a: Deoxys|atk|1\n|-unboost|p2a: Deoxys|def|1\n|-damage|p2a: Deoxys|101/196|[from] item: Life Orb\n|move|p1a: Terapagos|Tera Starstorm|p2a: Deoxys\n|-damage|p2a: Deoxys|0 fnt\n|faint|p2a: Deoxys\n|\n|upkeep\n|\n|t:|1781391723\n|switch|p2a: Scizor|Scizor, L79, M|216/240\n|turn|25\n|\n|t:|1781391745\n|move|p2a: Scizor|Bullet Punch|p1a: Terapagos\n|-damage|p1a: Terapagos|0 fnt\n|faint|p1a: Terapagos\n|-damage|p2a: Scizor|192/240|[from] item: Life Orb\n|\n|upkeep\n|\n|t:|1781391747\n|switch|p1a: Gardevoir|Gardevoir, L83, M|249/249\n|-ability|p1a: Gardevoir|Technician|Trace|[from] ability: Trace|[of] p2a: Scizor\n|turn|26\n|\n|t:|1781391757\n|switch|p2a: Weezing|Weezing-Galar, L86, F|131/252\n|-terastallize|p1a: Gardevoir|Fighting\n|move|p1a: Gardevoir|Focus Blast|p2a: Weezing|[miss]\n|-miss|p1a: Gardevoir|p2a: Weezing\n|\n|-heal|p2a: Weezing|146/252|[from] item: Leftovers\n|upkeep\n|turn|27\n|\n|t:|1781391765\n|move|p1a: Gardevoir|Psychic|p2a: Weezing\n|-supereffective|p2a: Weezing\n|-damage|p2a: Weezing|0 fnt\n|faint|p2a: Weezing\n|-damage|p1a: Gardevoir|225/249|[from] item: Life Orb\n|\n|upkeep\n|\n|t:|1781391771\n|switch|p2a: Sylveon|Sylveon, L85, F|282/300 brn\n|turn|28\n|\n|t:|1781391790\n|move|p1a: Gardevoir|Calm Mind|p1a: Gardevoir\n|-boost|p1a: Gardevoir|spa|1\n|-boost|p1a: Gardevoir|spd|1\n|move|p2a: Sylveon|Hyper Voice|p1a: Gardevoir\n|-supereffective|p1a: Gardevoir\n|-damage|p1a: Gardevoir|73/249\n|\n|-heal|p2a: Sylveon|300/300 brn|[from] item: Leftovers\n|-damage|p2a: Sylveon|282/300 brn|[from] brn\n|upkeep\n|turn|29\n|\n|t:|1781391800\n|-terastallize|p2a: Sylveon|Steel\n|move|p1a: Gardevoir|Moonblast|p2a: Sylveon\n|-resisted|p2a: Sylveon\n|-damage|p2a: Sylveon|194/300 brn\n|-unboost|p2a: Sylveon|spa|1\n|-damage|p1a: Gardevoir|49/249|[from] item: Life Orb\n|move|p2a: Sylveon|Hyper Voice|p1a: Gardevoir\n|-supereffective|p1a: Gardevoir\n|-damage|p1a: Gardevoir|0 fnt\n|faint|p1a: Gardevoir\n|\n|win|AllCuzOfHax\n", "inputlog": ">version a8376a258c1d4662feba110a92103f3664a72141\n>start {\"formatid\":\"gen9randombattle\",\"seed\":\"sodium,147befe5150fe15a426681be434ebfba\",\"rated\":\"Rated battle\"}\n>player p1 {\"name\":\"Fortre\",\"avatar\":\"1\",\"rating\":2069,\"seed\":\"sodium,3c2dbfedfcbe48949e95d2137e47bc0a\"}\n>player p2 {\"name\":\"AllCuzOfHax\",\"avatar\":\"anabel\",\"rating\":2049,\"seed\":\"sodium,3b9b34cbcd10bad99635bdec9dc258fc\"}\n>p1 move stoneedge\n>p2 move willowisp\n>p1 switch 5\n>p2 move willowisp\n>p1 move steameruption\n>p2 switch 3\n>p1 switch 5\n>p2 move wish\n>p1 move stoneedge\n>p2 switch 4\n>p1 switch 3\n>p2 move swordsdance\n>p1 move dragontail\n>p2 move knockoff\n>p1 move dragonpulse\n>p2 move icebeam\n>p1 switch 5\n>p1 move flamethrower\n>p2 switch 4\n>p1 switch 2\n>p2 move wish\n>p1 move sludgewave\n>p2 move protect\n>p1 move sludgewave\n>p2 switch 6\n>p1 switch 3\n>p2 move closecombat\n>p1 move stoneedge\n>p2 switch 2\n>p1 switch 2\n>p2 move leafblade\n>p1 move flamecharge\n>p2 move leafblade\n>p2 switch 4\n>p1 move flamethrower\n>p2 move knockoff\n>p1 switch 2\n>p1 move stoneedge\n>p2 move psychoboost\n>p1 switch 6\n>p1 move terastarstorm\n>p2 switch 5\n>p1 move calmmind\n>p2 move circlethrow\n>p1 move sludgewave\n>p2 move knockoff\n>p1 move psyshock\n>p2 move knockoff\n>p2 switch 5\n>p1 move psyshock\n>p2 move knockoff\n>p1 switch 3\n>p1 move terastarstorm\n>p2 move superpower\n>p2 switch 2\n>p1 move rest\n>p2 move bulletpunch\n>p1 switch 4\n>p1 move focusblast terastallize\n>p2 switch 3\n>p1 move psychic\n>p2 move strangesteam\n>p2 switch 6\n>p1 move calmmind\n>p2 move hypervoice\n>p1 move moonblast\n>p2 move hypervoice terastallize", "uploadtime": 1781391254, "views": 5, "formatid": "gen9randombattle", "rating": null, "private": 0, "password": null}