{"id": "gen9randombattle-2631393985", "format": "[Gen 9] Random Battle", "players": ["Ivory Violet", "Stunt rodeny"], "log": "|j|\u2606Ivory Violet\n|j|\u2606Stunt rodeny\n|t:|1781379399\n|gametype|singles\n|player|p1|Ivory Violet|lady-gen4|1078\n|player|p2|Stunt rodeny|steven|1100\n|gen|9\n|tier|[Gen 9] Random Battle\n|rated|\n|rule|Species Clause: Limit one of each Pok\u00e9mon\n|rule|HP Percentage Mod: HP is shown in percentages\n|rule|Sleep Clause Mod: Limit one foe put to sleep\n|rule|Illusion Level Mod: Illusion disguises the Pok\u00e9mon's true level\n|\n|t:|1781379399\n|teamsize|p1|6\n|teamsize|p2|6\n|start\n|switch|p1a: Munkidori|Munkidori, L79, M|269/269\n|switch|p2a: Azumarill|Azumarill, L82, F|298/298\n|turn|1\n|inactive|Battle timer is ON: inactive players will automatically lose when time's up. (requested by Stunt rodeny)\n|\n|t:|1781379415\n|move|p1a: Munkidori|Sludge Wave|p2a: Azumarill\n|-supereffective|p2a: Azumarill\n|-damage|p2a: Azumarill|0 fnt\n|faint|p2a: Azumarill\n|\n|upkeep\n|l|\u2606Stunt rodeny\n|inactive|Stunt rodeny disconnected and has a minute to reconnect!\n|player|p2|\n|j|\u2606Stunt rodeny\n|inactive|Stunt rodeny reconnected and has 135 seconds left.\n|player|p2|Stunt rodeny|steven|\n|\n|t:|1781379437\n|switch|p2a: Mamoswine|Mamoswine, L81, F|311/311\n|turn|2\n|\n|t:|1781379451\n|switch|p1a: Glalie|Glalie, L96, F|309/309\n|move|p2a: Mamoswine|Earthquake|p1a: Glalie\n|-damage|p1a: Glalie|146/309\n|\n|upkeep\n|turn|3\n|\n|t:|1781379458\n|switch|p1a: Munkidori|Munkidori, L79, M|269/269\n|move|p2a: Mamoswine|Earthquake|p1a: Munkidori\n|-supereffective|p1a: Munkidori\n|-crit|p1a: Munkidori\n|-damage|p1a: Munkidori|0 fnt\n|faint|p1a: Munkidori\n|\n|upkeep\n|\n|t:|1781379481\n|switch|p1a: Hydrapple|Hydrapple, L83, M|312/312\n|turn|4\n|\n|t:|1781379493\n|switch|p2a: Copperajah|Copperajah, L86, F|350/350\n|move|p1a: Hydrapple|Giga Drain|p2a: Copperajah\n|-resisted|p2a: Copperajah\n|-damage|p2a: Copperajah|300/350\n|\n|upkeep\n|turn|5\n|\n|t:|1781379502\n|-terastallize|p1a: Hydrapple|Steel\n|move|p1a: Hydrapple|Earth Power|p2a: Copperajah\n|-supereffective|p2a: Copperajah\n|-damage|p2a: Copperajah|120/350\n|move|p2a: Copperajah|Heat Crash|p1a: Hydrapple\n|-supereffective|p1a: Hydrapple\n|-damage|p1a: Hydrapple|22/312\n|\n|upkeep\n|turn|6\n|\n|t:|1781379531\n|switch|p2a: Mamoswine|Mamoswine, L81, F|311/311\n|move|p1a: Hydrapple|Earth Power|p2a: Mamoswine\n|-damage|p2a: Mamoswine|204/311\n|\n|upkeep\n|turn|7\n|\n|t:|1781379538\n|move|p2a: Mamoswine|Earthquake|p1a: Hydrapple\n|-supereffective|p1a: Hydrapple\n|-damage|p1a: Hydrapple|0 fnt\n|faint|p1a: Hydrapple\n|\n|upkeep\n|\n|t:|1781379546\n|switch|p1a: Florges|Florges-White, L85, F|271/271\n|turn|8\n|\n|t:|1781379562\n|switch|p2a: Copperajah|Copperajah, L86, F|120/350\n|move|p1a: Florges|Calm Mind|p1a: Florges\n|-boost|p1a: Florges|spa|1\n|-boost|p1a: Florges|spd|1\n|\n|upkeep\n|turn|9\n|\n|t:|1781379580\n|move|p1a: Florges|Tera Blast|p2a: Copperajah\n|-resisted|p2a: Copperajah\n|-damage|p2a: Copperajah|63/350\n|move|p2a: Copperajah|Heavy Slam|p1a: Florges\n|-supereffective|p1a: Florges\n|-damage|p1a: Florges|0 fnt\n|faint|p1a: Florges\n|\n|upkeep\n|\n|t:|1781379591\n|switch|p1a: Kricketune|Kricketune, L99, F|312/312\n|turn|10\n|inactive|Stunt rodeny has 120 seconds left.\n|inactive|Stunt rodeny has 90 seconds left.\n|\n|t:|1781379649\n|switch|p2a: Swanna|Swanna, L89, M|278/278\n|move|p1a: Kricketune|Knock Off|p2a: Swanna\n|-damage|p2a: Swanna|170/278\n|-enditem|p2a: Swanna|Heavy-Duty Boots|[from] move: Knock Off|[of] p1a: Kricketune\n|\n|upkeep\n|turn|11\n|\n|t:|1781379658\n|switch|p1a: Carbink|Carbink, L90|236/236\n|move|p2a: Swanna|Brave Bird|p1a: Carbink\n|-resisted|p1a: Carbink\n|-damage|p1a: Carbink|196/236\n|-damage|p2a: Swanna|157/278|[from] Recoil\n|\n|-heal|p1a: Carbink|210/236|[from] item: Leftovers\n|upkeep\n|turn|12\n|\n|t:|1781379670\n|switch|p2a: Mamoswine|Mamoswine, L81, F|204/311\n|move|p1a: Carbink|Iron Defense|p1a: Carbink\n|-boost|p1a: Carbink|def|2\n|\n|-heal|p1a: Carbink|224/236|[from] item: Leftovers\n|upkeep\n|turn|13\n|\n|t:|1781379679\n|move|p2a: Mamoswine|Earthquake|p1a: Carbink\n|-supereffective|p1a: Carbink\n|-damage|p1a: Carbink|110/236\n|move|p1a: Carbink|Body Press|p2a: Mamoswine\n|-supereffective|p2a: Mamoswine\n|-damage|p2a: Mamoswine|0 fnt\n|faint|p2a: Mamoswine\n|\n|-heal|p1a: Carbink|124/236|[from] item: Leftovers\n|upkeep\n|\n|t:|1781379687\n|switch|p2a: Swanna|Swanna, L89, M|157/278\n|turn|14\n|\n|t:|1781379696\n|move|p2a: Swanna|Hydro Pump|p1a: Carbink|[miss]\n|-miss|p2a: Swanna|p1a: Carbink\n|move|p1a: Carbink|Moonblast|p2a: Swanna\n|-damage|p2a: Swanna|70/278\n|\n|-heal|p1a: Carbink|138/236|[from] item: Leftovers\n|upkeep\n|turn|15\n|inactive|Stunt rodeny has 120 seconds left.\n|\n|t:|1781379708\n|move|p2a: Swanna|Hydro Pump|p1a: Carbink\n|-supereffective|p1a: Carbink\n|-damage|p1a: Carbink|0 fnt\n|faint|p1a: Carbink\n|\n|upkeep\n|\n|t:|1781379713\n|switch|p1a: Glalie|Glalie, L96, F|146/309\n|turn|16\n|\n|t:|1781379720\n|switch|p2a: Virizion|Virizion, L82|283/283\n|move|p1a: Glalie|Freeze-Dry|p2a: Virizion\n|-supereffective|p2a: Virizion\n|-damage|p2a: Virizion|155/283\n|\n|upkeep\n|turn|17\n|\n|t:|1781379731\n|move|p2a: Virizion|Close Combat|p1a: Glalie\n|-supereffective|p1a: Glalie\n|-damage|p1a: Glalie|0 fnt\n|-unboost|p2a: Virizion|def|1\n|-unboost|p2a: Virizion|spd|1\n|faint|p1a: Glalie\n|-damage|p2a: Virizion|127/283|[from] item: Life Orb\n|\n|upkeep\n|\n|t:|1781379735\n|switch|p1a: Kricketune|Kricketune, L99, F|312/312\n|turn|18\n|\n|t:|1781379741\n|move|p2a: Virizion|Stone Edge|p1a: Kricketune|[miss]\n|-miss|p2a: Virizion|p1a: Kricketune\n|move|p1a: Kricketune|Sticky Web|p2a: Virizion\n|-sidestart|p2: Stunt rodeny|move: Sticky Web\n|\n|upkeep\n|turn|19\n|\n|t:|1781379757\n|move|p2a: Virizion|Stone Edge|p1a: Kricketune\n|-supereffective|p1a: Kricketune\n|-damage|p1a: Kricketune|107/312\n|-damage|p2a: Virizion|99/283|[from] item: Life Orb\n|move|p1a: Kricketune|Pounce|p2a: Virizion\n|-damage|p2a: Virizion|0 fnt\n|faint|p2a: Virizion\n|\n|upkeep\n|\n|t:|1781379764\n|switch|p2a: Kyurem|Kyurem-White, L73|303/303\n|-activate|p2a: Kyurem|move: Sticky Web\n|-unboost|p2a: Kyurem|spe|1\n|-ability|p2a: Kyurem|Turboblaze\n|turn|20\n|\n|t:|1781379770\n|move|p1a: Kricketune|Knock Off|p2a: Kyurem\n|-damage|p2a: Kyurem|206/303\n|-enditem|p2a: Kyurem|Choice Specs|[from] move: Knock Off|[of] p1a: Kricketune\n|move|p2a: Kyurem|Fusion Flare|p1a: Kricketune\n|-supereffective|p1a: Kricketune\n|-damage|p1a: Kricketune|0 fnt\n|faint|p1a: Kricketune\n|\n|win|Stunt rodeny\n|raw|Ivory Violet's rating: 1078 &rarr; <strong>1058</strong><br />(-20 for losing)\n|raw|Stunt rodeny's rating: 1100 &rarr; <strong>1123</strong><br />(+23 for winning)\n|l|\u2606Ivory Violet\n|player|p1|\n|l|\u2606Stunt rodeny\n|player|p2|\n|j|\u2606Stunt rodeny\n|player|p2|Stunt rodeny|steven|\n", "inputlog": ">version a8376a258c1d4662feba110a92103f3664a72141\n>start {\"formatid\":\"gen9randombattle\",\"seed\":\"sodium,4efc4d82a51e6ce56fbe5c15613405ae\",\"rated\":\"Rated battle\"}\n>player p1 {\"name\":\"Ivory Violet\",\"avatar\":\"lady-gen4\",\"rating\":1078,\"seed\":\"sodium,881600a732946e8f19483f7833d4aaaf\"}\n>player p2 {\"name\":\"Stunt rodeny\",\"avatar\":\"steven\",\"rating\":1100,\"seed\":\"sodium,2923f8c893ff3e9a37da41b9fcfefd01\"}\n>p1 move sludgewave\n>p2 move knockoff\n>p2 switch 6\n>p1 switch 5\n>p2 move earthquake\n>p1 switch 5\n>p2 move earthquake\n>p1 switch 2\n>p1 move gigadrain\n>p2 switch 5\n>p1 move earthpower terastallize\n>p2 move heatcrash\n>p1 move earthpower\n>p2 switch 5\n>p1 move gigadrain\n>p2 move earthquake\n>p1 switch 4\n>p1 move calmmind\n>p2 switch 5\n>p1 move terablast\n>p2 move heavyslam\n>p1 switch 3\n>p1 move knockoff\n>p2 switch 2\n>p1 switch 6\n>p2 move bravebird\n>p1 move irondefense\n>p2 switch 5\n>p1 move bodypress\n>p2 move earthquake\n>p2 switch 5\n>p1 move moonblast\n>p2 move hydropump\n>p1 move moonblast\n>p2 move hydropump\n>p1 switch 5\n>p1 move freezedry\n>p2 switch 3\n>p1 move freezedry\n>p2 move closecombat\n>p1 switch 6\n>p1 move stickyweb\n>p2 move stoneedge\n>p1 move pounce\n>p2 move stoneedge\n>p2 switch 4\n>p1 move knockoff\n>p2 move fusionflare", "uploadtime": 1781379981, "views": 13, "formatid": "gen9randombattle", "rating": 1058, "private": 0, "password": null}