{"id": "gen9randombattle-2631424045", "format": "[Gen 9] Random Battle", "players": ["discodiscogoodgood", "Manumed"], "log": "|j|\u2606discodiscogoodgood\n|j|\u2606Manumed\n|t:|1781382935\n|gametype|singles\n|player|p1|discodiscogoodgood|musician|2010\n|player|p2|Manumed|gambler|2073\n|gen|9\n|tier|[Gen 9] Random Battle\n|rated|\n|rule|Species Clause: Limit one of each Pok\u00e9mon\n|rule|HP Percentage Mod: HP is shown in percentages\n|rule|Sleep Clause Mod: Limit one foe put to sleep\n|rule|Illusion Level Mod: Illusion disguises the Pok\u00e9mon's true level\n|\n|t:|1781382935\n|teamsize|p1|6\n|teamsize|p2|6\n|start\n|switch|p1a: Vigoroth|Vigoroth, L85, F|275/275\n|switch|p2a: Cinderace|Cinderace, L77, M|250/250\n|turn|1\n|\n|t:|1781382944\n|switch|p1a: Vespiquen|Vespiquen, L99, F|299/299\n|-ability|p1a: Vespiquen|Pressure\n|move|p2a: Cinderace|Will-O-Wisp|p1a: Vespiquen\n|-status|p1a: Vespiquen|brn\n|\n|-damage|p1a: Vespiquen|281/299 brn|[from] brn\n|upkeep\n|turn|2\n|\n|t:|1781382956\n|switch|p1a: Noivern|Noivern, L82, F|274/274\n|move|p2a: Cinderace|U-turn|p1a: Noivern\n|-start|p2a: Cinderace|typechange|Bug|[from] ability: Libero\n|-resisted|p1a: Noivern\n|-damage|p1a: Noivern|232/274\n|\n|t:|1781382976\n|switch|p2a: Donphan|Donphan, L84, F|288/288|[from] U-turn\n|\n|upkeep\n|turn|3\n|\n|t:|1781382982\n|switch|p1a: Quaquaval|Quaquaval, L79, M|264/264\n|move|p2a: Donphan|Knock Off|p1a: Quaquaval\n|-resisted|p1a: Quaquaval\n|-damage|p1a: Quaquaval|215/264\n|-enditem|p1a: Quaquaval|Leftovers|[from] move: Knock Off|[of] p2a: Donphan\n|\n|upkeep\n|turn|4\n|\n|t:|1781382993\n|switch|p2a: Overqwil|Overqwil, L82, M|274/274\n|-ability|p2a: Overqwil|Intimidate|boost\n|-unboost|p1a: Quaquaval|atk|1\n|move|p1a: Quaquaval|Aqua Step|p2a: Overqwil\n|-damage|p2a: Overqwil|213/274\n|-boost|p1a: Quaquaval|spe|1\n|\n|upkeep\n|turn|5\n|\n|t:|1781383000\n|switch|p1a: Vespiquen|Vespiquen, L99, F|281/299 brn\n|-ability|p1a: Vespiquen|Pressure\n|move|p2a: Overqwil|Gunk Shot|p1a: Vespiquen\n|-damage|p1a: Vespiquen|130/299 brn\n|\n|-damage|p1a: Vespiquen|112/299 brn|[from] brn\n|upkeep\n|turn|6\n|\n|t:|1781383007\n|switch|p1a: Klawf|Klawf, L90, M|272/272\n|move|p2a: Overqwil|Gunk Shot|p1a: Klawf\n|-resisted|p1a: Klawf\n|-damage|p1a: Klawf|191/272\n|\n|upkeep\n|turn|7\n|\n|t:|1781383015\n|switch|p2a: Donphan|Donphan, L84, F|288/288\n|move|p1a: Klawf|Stealth Rock|p2a: Donphan\n|-sidestart|p2: Manumed|move: Stealth Rock\n|\n|upkeep\n|turn|8\n|\n|t:|1781383018\n|move|p1a: Klawf|Crabhammer|p2a: Donphan\n|-supereffective|p2a: Donphan\n|-damage|p2a: Donphan|109/288\n|-damage|p1a: Klawf|164/272|[from] item: Life Orb\n|move|p2a: Donphan|Rapid Spin|p1a: Klawf\n|-resisted|p1a: Klawf\n|-damage|p1a: Klawf|149/272\n|-boost|p2a: Donphan|spe|1\n|-sideend|p2: Manumed|Stealth Rock|[from] move: Rapid Spin|[of] p2a: Donphan\n|\n|upkeep\n|turn|9\n|\n|t:|1781383027\n|switch|p1a: Quaquaval|Quaquaval, L79, M|215/264\n|move|p2a: Donphan|Knock Off|p1a: Quaquaval\n|-resisted|p1a: Quaquaval\n|-damage|p1a: Quaquaval|184/264\n|\n|upkeep\n|turn|10\n|\n|t:|1781383037\n|switch|p2a: Overqwil|Overqwil, L82, M|213/274\n|-ability|p2a: Overqwil|Intimidate|boost\n|-unboost|p1a: Quaquaval|atk|1\n|move|p1a: Quaquaval|Aqua Step|p2a: Overqwil\n|-damage|p2a: Overqwil|152/274\n|-boost|p1a: Quaquaval|spe|1\n|\n|upkeep\n|turn|11\n|\n|t:|1781383044\n|switch|p1a: Klawf|Klawf, L90, M|239/272\n|move|p2a: Overqwil|Gunk Shot|p1a: Klawf|[miss]\n|-miss|p2a: Overqwil|p1a: Klawf\n|\n|upkeep\n|turn|12\n|\n|t:|1781383075\n|switch|p2a: Donphan|Donphan, L84, F|109/288\n|move|p1a: Klawf|High Horsepower|p2a: Donphan\n|-damage|p2a: Donphan|32/288\n|-damage|p1a: Klawf|212/272|[from] item: Life Orb\n|\n|upkeep\n|turn|13\n|\n|t:|1781383089\n|move|p1a: Klawf|High Horsepower|p2a: Donphan\n|-damage|p2a: Donphan|0 fnt\n|faint|p2a: Donphan\n|-damage|p1a: Klawf|185/272|[from] item: Life Orb\n|\n|upkeep\n|\n|t:|1781383095\n|switch|p2a: Azelf|Azelf, L82|257/257\n|turn|14\n|\n|t:|1781383104\n|move|p2a: Azelf|Psychic|p1a: Klawf\n|-damage|p1a: Klawf|0 fnt\n|faint|p1a: Klawf\n|-damage|p2a: Azelf|232/257|[from] item: Life Orb\n|\n|upkeep\n|\n|t:|1781383111\n|switch|p1a: Snorlax|Snorlax, L82, F|397/397\n|turn|15\n|\n|t:|1781383136\n|switch|p2a: Overqwil|Overqwil, L82, M|152/274\n|-ability|p2a: Overqwil|Intimidate|boost\n|-unboost|p1a: Snorlax|atk|1\n|move|p1a: Snorlax|Body Slam|p2a: Overqwil\n|-damage|p2a: Overqwil|85/274\n|\n|upkeep\n|turn|16\n|\n|t:|1781383165\n|move|p2a: Overqwil|Gunk Shot|p1a: Snorlax\n|-damage|p1a: Snorlax|135/397\n|-status|p1a: Snorlax|psn\n|move|p1a: Snorlax|Body Slam|p2a: Overqwil\n|-damage|p2a: Overqwil|25/274\n|-status|p2a: Overqwil|par\n|\n|-heal|p1a: Snorlax|159/397 psn|[from] item: Leftovers\n|-damage|p1a: Snorlax|110/397 psn|[from] psn\n|upkeep\n|turn|17\n|\n|t:|1781383173\n|switch|p1a: Vigoroth|Vigoroth, L85, F|275/275\n|cant|p2a: Overqwil|par\n|\n|upkeep\n|turn|18\n|\n|t:|1781383178\n|move|p1a: Vigoroth|Body Slam|p2a: Overqwil\n|-damage|p2a: Overqwil|0 fnt\n|faint|p2a: Overqwil\n|\n|upkeep\n|\n|t:|1781383188\n|switch|p2a: Cinderace|Cinderace, L77, M|250/250\n|turn|19\n|\n|t:|1781383194\n|move|p2a: Cinderace|Will-O-Wisp|p1a: Vigoroth\n|-status|p1a: Vigoroth|brn\n|move|p1a: Vigoroth|Bulk Up|p1a: Vigoroth\n|-boost|p1a: Vigoroth|atk|1\n|-boost|p1a: Vigoroth|def|1\n|\n|-damage|p1a: Vigoroth|258/275 brn|[from] brn\n|upkeep\n|turn|20\n|\n|t:|1781383208\n|move|p2a: Cinderace|Pyro Ball|p1a: Vigoroth\n|-crit|p1a: Vigoroth\n|-damage|p1a: Vigoroth|126/275 brn\n|move|p1a: Vigoroth|Body Slam|p2a: Cinderace\n|-damage|p2a: Cinderace|174/250\n|\n|-damage|p1a: Vigoroth|109/275 brn|[from] brn\n|upkeep\n|turn|21\n|\n|t:|1781383213\n|move|p2a: Cinderace|U-turn|p1a: Vigoroth\n|-start|p2a: Cinderace|typechange|Bug|[from] ability: Libero\n|-damage|p1a: Vigoroth|76/275 brn\n|\n|t:|1781383215\n|switch|p2a: Azelf|Azelf, L82|232/257|[from] U-turn\n|move|p1a: Vigoroth|Slack Off|p1a: Vigoroth\n|-heal|p1a: Vigoroth|214/275 brn\n|\n|-damage|p1a: Vigoroth|197/275 brn|[from] brn\n|upkeep\n|turn|22\n|\n|t:|1781383221\n|move|p2a: Azelf|Psychic|p1a: Vigoroth\n|-damage|p1a: Vigoroth|59/275 brn\n|-damage|p2a: Azelf|207/257|[from] item: Life Orb\n|move|p1a: Vigoroth|Body Slam|p2a: Azelf\n|-damage|p2a: Azelf|135/257\n|\n|-damage|p1a: Vigoroth|42/275 brn|[from] brn\n|upkeep\n|turn|23\n|\n|t:|1781383228\n|move|p2a: Azelf|Psychic|p1a: Vigoroth\n|-crit|p1a: Vigoroth\n|-damage|p1a: Vigoroth|0 fnt\n|faint|p1a: Vigoroth\n|-damage|p2a: Azelf|110/257|[from] item: Life Orb\n|\n|upkeep\n|\n|t:|1781383232\n|switch|p1a: Noivern|Noivern, L82, F|232/274\n|turn|24\n|\n|t:|1781383235\n|move|p1a: Noivern|Boomburst|p2a: Azelf\n|-damage|p2a: Azelf|0 fnt\n|faint|p2a: Azelf\n|\n|upkeep\n|\n|t:|1781383247\n|switch|p2a: Lokix|Lokix, L82, F|251/251\n|turn|25\n|\n|t:|1781383252\n|switch|p1a: Snorlax|Snorlax, L82, F|110/397 psn\n|move|p2a: Lokix|First Impression|p1a: Snorlax\n|-damage|p1a: Snorlax|0 fnt\n|faint|p1a: Snorlax\n|\n|upkeep\n|\n|t:|1781383256\n|switch|p1a: Quaquaval|Quaquaval, L79, M|184/264\n|turn|26\n|\n|t:|1781383267\n|move|p2a: Lokix|U-turn|p1a: Quaquaval\n|-resisted|p1a: Quaquaval\n|-damage|p1a: Quaquaval|86/264\n|\n|t:|1781383271\n|switch|p2a: Cinderace|Cinderace, L77, M|174/250|[from] U-turn\n|move|p1a: Quaquaval|Aqua Step|p2a: Cinderace\n|-supereffective|p2a: Cinderace\n|-damage|p2a: Cinderace|0 fnt\n|-boost|p1a: Quaquaval|spe|1\n|faint|p2a: Cinderace\n|-ability|p1a: Quaquaval|Moxie|boost\n|-boost|p1a: Quaquaval|atk|1\n|\n|upkeep\n|\n|t:|1781383272\n|switch|p2a: Lokix|Lokix, L82, F|251/251\n|turn|27\n|\n|t:|1781383281\n|move|p2a: Lokix|First Impression|p1a: Quaquaval\n|-resisted|p1a: Quaquaval\n|-damage|p1a: Quaquaval|0 fnt\n|faint|p1a: Quaquaval\n|\n|upkeep\n|\n|t:|1781383284\n|switch|p1a: Noivern|Noivern, L82, F|232/274\n|turn|28\n|\n|t:|1781383289\n|move|p2a: Lokix|Sucker Punch|p1a: Noivern\n|-damage|p1a: Noivern|148/274\n|move|p1a: Noivern|Hurricane|p2a: Lokix\n|-supereffective|p2a: Lokix\n|-damage|p2a: Lokix|0 fnt\n|faint|p2a: Lokix\n|\n|upkeep\n|\n|t:|1781383291\n|switch|p2a: Hawlucha|Hawlucha, L80, F|256/256\n|turn|29\n|\n|t:|1781383298\n|-terastallize|p2a: Hawlucha|Fighting\n|move|p1a: Noivern|Hurricane|p2a: Hawlucha\n|-supereffective|p2a: Hawlucha\n|-damage|p2a: Hawlucha|0 fnt\n|faint|p2a: Hawlucha\n|\n|win|discodiscogoodgood\n", "inputlog": ">version a8376a258c1d4662feba110a92103f3664a72141\n>start {\"formatid\":\"gen9randombattle\",\"seed\":\"sodium,f8b114f1b79539e7741624363f1f6f8f\",\"rated\":\"Rated battle\"}\n>player p1 {\"name\":\"discodiscogoodgood\",\"avatar\":\"musician\",\"rating\":2010,\"seed\":\"sodium,ea313b0a7cf518e117de1195538b6ab7\"}\n>player p2 {\"name\":\"Manumed\",\"avatar\":\"gambler\",\"rating\":2073,\"seed\":\"sodium,6c517f529d9d18740a1e687888bcb76e\"}\n>p1 switch 2\n>p2 move willowisp\n>p1 switch 5\n>p2 move uturn\n>p2 switch 6\n>p1 switch 4\n>p2 move knockoff\n>p1 move aquastep\n>p2 switch 2\n>p1 switch 5\n>p2 move gunkshot\n>p1 switch 6\n>p2 move gunkshot\n>p1 move stealthrock\n>p2 switch 2\n>p1 move crabhammer\n>p2 move rapidspin\n>p1 switch 5\n>p2 move knockoff\n>p1 move aquastep\n>p2 switch 2\n>p1 switch 5\n>p2 move gunkshot\n>p1 move highhorsepower\n>p2 switch 2\n>p1 move highhorsepower\n>p2 move rapidspin\n>p2 switch 3\n>p1 move stoneedge\n>p2 move psychic\n>p1 switch 3\n>p1 move bodyslam\n>p2 switch 2\n>p1 move bodyslam\n>p2 move gunkshot\n>p1 switch 2\n>p2 move gunkshot\n>p1 move bodyslam\n>p2 move gunkshot\n>p2 switch 6\n>p1 move bulkup\n>p2 move willowisp\n>p1 move bodyslam\n>p2 move pyroball\n>p1 move slackoff\n>p2 move uturn\n>p2 switch 2\n>p1 move bodyslam\n>p2 move psychic\n>p1 move bodyslam\n>p2 move psychic\n>p1 switch 4\n>p1 move boomburst\n>p2 move dazzlinggleam\n>p2 switch 4\n>p1 switch 2\n>p2 move firstimpression\n>p1 switch 5\n>p1 move aquastep\n>p2 move uturn\n>p2 switch 2\n>p2 switch 2\n>p1 move closecombat\n>p2 move firstimpression\n>p1 switch 2\n>p1 move hurricane\n>p2 move suckerpunch\n>p2 switch 5\n>p1 move hurricane\n>p2 move closecombat terastallize", "uploadtime": 1781382937, "views": 8, "formatid": "gen9randombattle", "rating": null, "private": 0, "password": null}