{"id": "gen9randombattle-2631568709", "format": "[Gen 9] Random Battle", "players": ["jag2791", "lectruist6"], "log": "|j|\u2606jag2791\n|j|\u203dlectruist6\n|t:|1781402537\n|gametype|singles\n|player|p1|jag2791|skyla|1437\n|player|p2|lectruist6|gardenia|1455\n|gen|9\n|tier|[Gen 9] Random Battle\n|rated|\n|rule|Species Clause: Limit one of each Pok\u00e9mon\n|rule|HP Percentage Mod: HP is shown in percentages\n|rule|Sleep Clause Mod: Limit one foe put to sleep\n|rule|Illusion Level Mod: Illusion disguises the Pok\u00e9mon's true level\n|\n|t:|1781402537\n|teamsize|p1|6\n|teamsize|p2|6\n|start\n|switch|p1a: Regidrago|Regidrago, L77|435/435\n|switch|p2a: Blaziken|Blaziken, L76, M|247/247\n|turn|1\n|inactive|Battle timer is ON: inactive players will automatically lose when time's up. (requested by jag2791)\n|\n|t:|1781402564\n|switch|p2a: Wigglytuff|Wigglytuff, L96, M|424/424\n|move|p1a: Regidrago|Dragon Dance|p1a: Regidrago\n|-boost|p1a: Regidrago|atk|1\n|-boost|p1a: Regidrago|spe|1\n|\n|upkeep\n|turn|2\n|\n|t:|1781402572\n|-terastallize|p1a: Regidrago|Steel\n|move|p1a: Regidrago|Tera Blast|p2a: Wigglytuff|[anim] Tera Blast Steel\n|-supereffective|p2a: Wigglytuff\n|-damage|p2a: Wigglytuff|11/424\n|-damage|p1a: Regidrago|392/435|[from] item: Life Orb\n|move|p2a: Wigglytuff|Alluring Voice|p1a: Regidrago\n|-resisted|p1a: Regidrago\n|-damage|p1a: Regidrago|316/435\n|\n|-heal|p2a: Wigglytuff|37/424|[from] item: Leftovers\n|upkeep\n|turn|3\n|\n|t:|1781402583\n|move|p2a: Wigglytuff|Protect|p2a: Wigglytuff\n|-singleturn|p2a: Wigglytuff|Protect\n|move|p1a: Regidrago|Tera Blast|p2a: Wigglytuff|[anim] Tera Blast Steel\n|-activate|p2a: Wigglytuff|move: Protect\n|\n|-heal|p2a: Wigglytuff|63/424|[from] item: Leftovers\n|upkeep\n|turn|4\n|\n|t:|1781402600\n|move|p1a: Regidrago|Tera Blast|p2a: Wigglytuff|[anim] Tera Blast Steel\n|-supereffective|p2a: Wigglytuff\n|-damage|p2a: Wigglytuff|0 fnt\n|faint|p2a: Wigglytuff\n|-damage|p1a: Regidrago|273/435|[from] item: Life Orb\n|\n|upkeep\n|inactive|lectruist6 has 120 seconds left.\n|\n|t:|1781402625\n|switch|p2a: Clodsire|Clodsire, L81, F|343/343\n|turn|5\n|\n|t:|1781402628\n|move|p1a: Regidrago|Earthquake|p2a: Clodsire\n|-supereffective|p2a: Clodsire\n|-damage|p2a: Clodsire|138/343\n|-damage|p1a: Regidrago|230/435|[from] item: Life Orb\n|move|p2a: Clodsire|Earthquake|p1a: Regidrago\n|-supereffective|p1a: Regidrago\n|-damage|p1a: Regidrago|0 fnt\n|faint|p1a: Regidrago\n|\n|-heal|p2a: Clodsire|159/343|[from] item: Leftovers\n|upkeep\n|\n|t:|1781402634\n|switch|p1a: Tauros|Tauros-Paldea-Blaze, L81, M|252/252\n|turn|6\n|\n|t:|1781402648\n|move|p1a: Tauros|Substitute|p1a: Tauros\n|-start|p1a: Tauros|Substitute\n|-damage|p1a: Tauros|189/252\n|move|p2a: Clodsire|Recover|p2a: Clodsire\n|-heal|p2a: Clodsire|331/343\n|\n|-heal|p2a: Clodsire|343/343|[from] item: Leftovers\n|upkeep\n|turn|7\n|\n|t:|1781402657\n|move|p1a: Tauros|Bulk Up|p1a: Tauros\n|-boost|p1a: Tauros|atk|1\n|-boost|p1a: Tauros|def|1\n|move|p2a: Clodsire|Earthquake|p1a: Tauros\n|-supereffective|p1a: Tauros\n|-end|p1a: Tauros|Substitute\n|\n|upkeep\n|turn|8\n|\n|t:|1781402665\n|move|p1a: Tauros|Bulk Up|p1a: Tauros\n|-boost|p1a: Tauros|atk|1\n|-boost|p1a: Tauros|def|1\n|move|p2a: Clodsire|Earthquake|p1a: Tauros\n|-supereffective|p1a: Tauros\n|-damage|p1a: Tauros|37/252\n|-enditem|p1a: Tauros|Sitrus Berry|[eat]\n|-heal|p1a: Tauros|100/252|[from] item: Sitrus Berry\n|\n|upkeep\n|turn|9\n|\n|t:|1781402673\n|move|p1a: Tauros|Raging Bull|p2a: Clodsire\n|-damage|p2a: Clodsire|220/343\n|move|p2a: Clodsire|Earthquake|p1a: Tauros\n|-supereffective|p1a: Tauros\n|-damage|p1a: Tauros|0 fnt\n|faint|p1a: Tauros\n|\n|-heal|p2a: Clodsire|241/343|[from] item: Leftovers\n|upkeep\n|\n|t:|1781402681\n|switch|p1a: Meowstic|Meowstic, L89, M|277/277\n|turn|10\n|\n|t:|1781402697\n|switch|p2a: Greedent|Greedent, L86, M|347/347\n|move|p1a: Meowstic|Psychic Noise|p2a: Greedent\n|-damage|p2a: Greedent|263/347\n|-start|p2a: Greedent|move: Heal Block\n|\n|upkeep\n|turn|11\n|\n|t:|1781402704\n|move|p1a: Meowstic|Reflect|p1a: Meowstic\n|-sidestart|p1: jag2791|Reflect\n|move|p2a: Greedent|Knock Off|p1a: Meowstic\n|-supereffective|p1a: Meowstic\n|-damage|p1a: Meowstic|205/277\n|-enditem|p1a: Meowstic|Light Clay|[from] move: Knock Off|[of] p2a: Greedent\n|\n|-end|p2a: Greedent|move: Heal Block\n|upkeep\n|turn|12\n|\n|t:|1781402715\n|move|p1a: Meowstic|Psychic Noise|p2a: Greedent\n|-damage|p2a: Greedent|176/347\n|-start|p2a: Greedent|move: Heal Block\n|move|p2a: Greedent|Swords Dance|p2a: Greedent\n|-boost|p2a: Greedent|atk|2\n|\n|upkeep\n|turn|13\n|\n|t:|1781402730\n|move|p1a: Meowstic|Psychic Noise|p2a: Greedent\n|-damage|p2a: Greedent|83/347\n|move|p2a: Greedent|Swords Dance|p2a: Greedent\n|-boost|p2a: Greedent|atk|2\n|\n|-end|p2a: Greedent|move: Heal Block\n|upkeep\n|-enditem|p2a: Greedent|Sitrus Berry|[eat]\n|-heal|p2a: Greedent|169/347|[from] item: Sitrus Berry\n|-heal|p2a: Greedent|284/347|[from] ability: Cheek Pouch\n|turn|14\n|\n|t:|1781402740\n|move|p1a: Meowstic|Psychic Noise|p2a: Greedent\n|-crit|p2a: Greedent\n|-damage|p2a: Greedent|151/347\n|-start|p2a: Greedent|move: Heal Block\n|move|p2a: Greedent|Double-Edge|p1a: Meowstic\n|-damage|p1a: Meowstic|9/277\n|-damage|p2a: Greedent|86/347|[from] Recoil\n|\n|upkeep\n|turn|15\n|\n|t:|1781402753\n|move|p1a: Meowstic|Psychic Noise|p2a: Greedent\n|-damage|p2a: Greedent|5/347\n|move|p2a: Greedent|Knock Off|p1a: Meowstic\n|-supereffective|p1a: Meowstic\n|-damage|p1a: Meowstic|0 fnt\n|faint|p1a: Meowstic\n|\n|-end|p2a: Greedent|move: Heal Block\n|upkeep\n|\n|t:|1781402760\n|switch|p1a: Sandaconda|Sandaconda, L84, F|258/258\n|turn|16\n|\n|t:|1781402772\n|move|p1a: Sandaconda|Earthquake|p2a: Greedent\n|-damage|p2a: Greedent|0 fnt\n|faint|p2a: Greedent\n|\n|upkeep\n|\n|t:|1781402782\n|switch|p2a: Clawitzer|Clawitzer, L87, F|265/265\n|turn|17\n|\n|t:|1781402787\n|switch|p1a: Scream Tail|Scream Tail, L84|330/330\n|move|p2a: Clawitzer|Water Pulse|p1a: Scream Tail\n|-damage|p1a: Scream Tail|179/330\n|\n|-heal|p1a: Scream Tail|199/330|[from] item: Leftovers\n|upkeep\n|turn|18\n|\n|t:|1781402796\n|switch|p2a: Clodsire|Clodsire, L81, F|241/343\n|move|p1a: Scream Tail|Thunder Wave|p2a: Clodsire\n|-immune|p2a: Clodsire\n|\n|-heal|p1a: Scream Tail|219/330|[from] item: Leftovers\n|-heal|p2a: Clodsire|262/343|[from] item: Leftovers\n|-sideend|p1: jag2791|Reflect\n|upkeep\n|turn|19\n|\n|t:|1781402807\n|-end|p1a: Scream Tail|Protosynthesis|[silent]\n|switch|p1a: Sandaconda|Sandaconda, L84, F|258/258\n|move|p2a: Clodsire|Gunk Shot|p1a: Sandaconda\n|-resisted|p1a: Sandaconda\n|-damage|p1a: Sandaconda|222/258\n|\n|-heal|p1a: Sandaconda|238/258|[from] item: Leftovers\n|-heal|p2a: Clodsire|283/343|[from] item: Leftovers\n|upkeep\n|turn|20\n|inactive|lectruist6 has 120 seconds left.\n|\n|t:|1781402858\n|switch|p2a: Blaziken|Blaziken, L76, M|247/247\n|move|p1a: Sandaconda|Earthquake|p2a: Blaziken\n|-supereffective|p2a: Blaziken\n|-damage|p2a: Blaziken|0 fnt\n|faint|p2a: Blaziken\n|\n|-heal|p1a: Sandaconda|254/258|[from] item: Leftovers\n|upkeep\n|\n|t:|1781402865\n|switch|p2a: Clawitzer|Clawitzer, L87, F|265/265\n|turn|21\n|\n|t:|1781402869\n|switch|p1a: Scream Tail|Scream Tail, L84|219/330\n|move|p2a: Clawitzer|Water Pulse|p1a: Scream Tail\n|-damage|p1a: Scream Tail|77/330\n|-start|p1a: Scream Tail|confusion\n|\n|-heal|p1a: Scream Tail|97/330|[from] item: Leftovers\n|upkeep\n|turn|22\n|\n|t:|1781402882\n|switch|p2a: Clodsire|Clodsire, L81, F|283/343\n|-activate|p1a: Scream Tail|confusion\n|move|p1a: Scream Tail|Thunder Wave|p2a: Clodsire\n|-immune|p2a: Clodsire\n|\n|-heal|p1a: Scream Tail|117/330|[from] item: Leftovers\n|-heal|p2a: Clodsire|304/343|[from] item: Leftovers\n|upkeep\n|turn|23\n|\n|t:|1781402894\n|switch|p2a: Clawitzer|Clawitzer, L87, F|265/265\n|-activate|p1a: Scream Tail|confusion\n|move|p1a: Scream Tail|Protect||[still]\n|-fail|p1a: Scream Tail\n|\n|-heal|p1a: Scream Tail|137/330|[from] item: Leftovers\n|upkeep\n|turn|24\n|\n|t:|1781402903\n|switch|p2a: Clodsire|Clodsire, L81, F|304/343\n|-activate|p1a: Scream Tail|confusion\n|-damage|p1a: Scream Tail|122/330|[from] confusion\n|\n|-heal|p1a: Scream Tail|142/330|[from] item: Leftovers\n|-heal|p2a: Clodsire|325/343|[from] item: Leftovers\n|upkeep\n|turn|25\n|inactive|lectruist6 has 120 seconds left.\n|\n|t:|1781402910\n|-activate|p1a: Scream Tail|confusion\n|move|p1a: Scream Tail|Thunder Wave|p2a: Clodsire\n|-immune|p2a: Clodsire\n|move|p2a: Clodsire|Gunk Shot|p1a: Scream Tail\n|-supereffective|p1a: Scream Tail\n|-crit|p1a: Scream Tail\n|-damage|p1a: Scream Tail|0 fnt\n|faint|p1a: Scream Tail\n|-end|p1a: Scream Tail|Protosynthesis|[silent]\n|\n|-heal|p2a: Clodsire|343/343|[from] item: Leftovers\n|upkeep\n|\n|t:|1781402914\n|switch|p1a: Sandaconda|Sandaconda, L84, F|254/258\n|turn|26\n|inactive|lectruist6 has 120 seconds left.\n|\n|t:|1781402929\n|move|p1a: Sandaconda|Earthquake|p2a: Clodsire\n|-supereffective|p2a: Clodsire\n|-damage|p2a: Clodsire|55/343\n|move|p2a: Clodsire|Earthquake|p1a: Sandaconda\n|-damage|p1a: Sandaconda|187/258\n|\n|-heal|p1a: Sandaconda|203/258|[from] item: Leftovers\n|-heal|p2a: Clodsire|76/343|[from] item: Leftovers\n|upkeep\n|turn|27\n|\n|t:|1781402939\n|switch|p1a: Avalugg|Avalugg-Hisui, L90, M|317/317\n|move|p2a: Clodsire|Spikes|p1a: Avalugg\n|-sidestart|p1: jag2791|Spikes\n|\n|-heal|p2a: Clodsire|97/343|[from] item: Leftovers\n|upkeep\n|turn|28\n|inactive|lectruist6 has 120 seconds left.\n|\n|t:|1781402959\n|move|p1a: Avalugg|Rapid Spin|p2a: Clodsire\n|-damage|p2a: Clodsire|33/343\n|-boost|p1a: Avalugg|spe|1\n|-sideend|p1: jag2791|Spikes|[from] move: Rapid Spin|[of] p1a: Avalugg\n|move|p2a: Clodsire|Recover|p2a: Clodsire\n|-heal|p2a: Clodsire|205/343\n|\n|-heal|p2a: Clodsire|226/343|[from] item: Leftovers\n|upkeep\n|turn|29\n|inactive|lectruist6 has 120 seconds left.\n|\n|t:|1781402972\n|move|p2a: Clodsire|Earthquake|p1a: Avalugg\n|-supereffective|p1a: Avalugg\n|-damage|p1a: Avalugg|233/317\n|move|p1a: Avalugg|Avalanche|p2a: Clodsire\n|-supereffective|p2a: Clodsire\n|-damage|p2a: Clodsire|0 fnt\n|faint|p2a: Clodsire\n|\n|upkeep\n|\n|t:|1781402987\n|switch|p2a: Clawitzer|Clawitzer, L87, F|265/265\n|turn|30\n|\n|t:|1781402990\n|move|p1a: Avalugg|Stone Edge|p2a: Clawitzer\n|-damage|p2a: Clawitzer|130/265\n|move|p2a: Clawitzer|Water Pulse|p1a: Avalugg\n|-supereffective|p1a: Avalugg\n|-damage|p1a: Avalugg|0 fnt\n|faint|p1a: Avalugg\n|\n|upkeep\n|\n|t:|1781402993\n|switch|p1a: Sandaconda|Sandaconda, L84, F|203/258\n|turn|31\n|\n|t:|1781402998\n|move|p1a: Sandaconda|Earthquake|p2a: Clawitzer\n|-damage|p2a: Clawitzer|15/265\n|move|p2a: Clawitzer|Water Pulse|p1a: Sandaconda\n|-supereffective|p1a: Sandaconda\n|-damage|p1a: Sandaconda|0 fnt\n|faint|p1a: Sandaconda\n|\n|win|lectruist6\n|raw|jag2791's rating: 1437 &rarr; <strong>1418</strong><br />(-19 for losing)\n|raw|lectruist6's rating: 1455 &rarr; <strong>1474</strong><br />(+19 for winning)\n|l|\u2606jag2791\n|player|p1|\n", "inputlog": ">version a8376a258c1d4662feba110a92103f3664a72141\n>start {\"formatid\":\"gen9randombattle\",\"seed\":\"sodium,62b1005b999a53f1dda5912b9e530a33\",\"rated\":\"Rated battle\"}\n>player p1 {\"name\":\"jag2791\",\"avatar\":\"skyla\",\"rating\":1437,\"seed\":\"sodium,53aeed04d1dcb58dcf49523875087e58\"}\n>player p2 {\"name\":\"lectruist6\",\"avatar\":\"gardenia\",\"rating\":1455,\"seed\":\"sodium,6ad19e4b9e5b2573d2a37f39782349d3\"}\n>p1 move dragondance\n>p2 switch 4\n>p1 move terablast terastallize\n>p2 move alluringvoice\n>p1 move terablast\n>p2 move protect\n>p1 move terablast\n>p2 move wish\n>p2 switch 6\n>p1 move earthquake\n>p2 move earthquake\n>p1 switch 2\n>p1 move substitute\n>p2 move recover\n>p1 move bulkup\n>p2 move earthquake\n>p1 move bulkup\n>p2 move earthquake\n>p1 move ragingbull\n>p2 move earthquake\n>p1 switch 4\n>p1 move psychicnoise\n>p2 switch 3\n>p1 move reflect\n>p2 move knockoff\n>p1 move psychicnoise\n>p2 move swordsdance\n>p1 move psychicnoise\n>p2 move swordsdance\n>p1 move psychicnoise\n>p2 move doubleedge\n>p1 move psychicnoise\n>p2 move knockoff\n>p1 switch 3\n>p1 move earthquake\n>p2 move doubleedge\n>p2 switch 2\n>p1 switch 5\n>p2 move waterpulse\n>p1 move thunderwave\n>p2 switch 3\n>p1 switch 5\n>p2 move gunkshot\n>p1 move earthquake\n>p2 switch 4\n>p2 switch 3\n>p1 switch 5\n>p2 move waterpulse\n>p1 move thunderwave\n>p2 switch 4\n>p1 move protect\n>p2 switch 4\n>p1 move thunderwave\n>p2 switch 4\n>p1 move thunderwave\n>p2 move gunkshot\n>p1 switch 5\n>p1 move earthquake\n>p2 move earthquake\n>p1 switch 6\n>p2 move spikes\n>p1 move rapidspin\n>p2 move recover\n>p1 move avalanche\n>p2 move earthquake\n>p2 switch 4\n>p1 move stoneedge\n>p2 move waterpulse\n>p1 switch 6\n>p1 move earthquake\n>p2 move waterpulse", "uploadtime": 1781403007, "views": 8, "formatid": "gen9randombattle", "rating": 1418, "private": 0, "password": null}