{"id": "gen9randombattle-2631849831", "format": "[Gen 9] Random Battle", "players": ["bimiuchiratnhieu", "chichi732"], "log": "|j|\u2606bimiuchiratnhieu\n|j|\u2606chichi732\n|t:|1781447936\n|gametype|singles\n|player|p1|bimiuchiratnhieu|hilda|2067\n|player|p2|chichi732|169|2126\n|gen|9\n|tier|[Gen 9] Random Battle\n|rated|\n|rule|Species Clause: Limit one of each Pok\u00e9mon\n|rule|HP Percentage Mod: HP is shown in percentages\n|rule|Sleep Clause Mod: Limit one foe put to sleep\n|rule|Illusion Level Mod: Illusion disguises the Pok\u00e9mon's true level\n|\n|t:|1781447936\n|teamsize|p1|6\n|teamsize|p2|6\n|start\n|switch|p1a: Latios|Latios, L78, M|253/253\n|switch|p2a: Annihilape|Annihilape, L76, M|292/292\n|turn|1\n|inactive|Battle timer is ON: inactive players will automatically lose when time's up. (requested by bimiuchiratnhieu)\n|\n|t:|1781447946\n|switch|p2a: Iron Treads|Iron Treads, L77|265/265\n|move|p1a: Latios|Luster Purge|p2a: Iron Treads\n|-resisted|p2a: Iron Treads\n|-damage|p2a: Iron Treads|193/265\n|\n|upkeep\n|turn|2\n|\n|t:|1781447956\n|move|p1a: Latios|Luster Purge|p2a: Iron Treads\n|-resisted|p2a: Iron Treads\n|-damage|p2a: Iron Treads|122/265\n|-unboost|p2a: Iron Treads|spd|1\n|move|p2a: Iron Treads|Volt Switch|p1a: Latios\n|-resisted|p1a: Latios\n|-damage|p1a: Latios|239/253\n|\n|t:|1781447963\n|-end|p2a: Iron Treads|Quark Drive|[silent]\n|switch|p2a: Solgaleo|Solgaleo, L74|325/325|[from] Volt Switch\n|\n|upkeep\n|turn|3\n|inactive|bimiuchiratnhieu has 120 seconds left.\n|\n|t:|1781447997\n|switch|p1a: Araquanid|Araquanid, L82, F|246/246\n|move|p2a: Solgaleo|Knock Off|p1a: Araquanid\n|-damage|p1a: Araquanid|180/246\n|-enditem|p1a: Araquanid|Heavy-Duty Boots|[from] move: Knock Off|[of] p2a: Solgaleo\n|\n|upkeep\n|turn|4\n|\n|t:|1781448026\n|switch|p2a: Annihilape|Annihilape, L76, M|292/292\n|move|p1a: Araquanid|Sticky Web|p2a: Annihilape\n|-sidestart|p2: chichi732|move: Sticky Web\n|\n|upkeep\n|turn|5\n|inactive|bimiuchiratnhieu has 120 seconds left.\n|\n|t:|1781448044\n|move|p2a: Annihilape|Bulk Up|p2a: Annihilape\n|-boost|p2a: Annihilape|atk|1\n|-boost|p2a: Annihilape|def|1\n|move|p1a: Araquanid|Hydro Pump|p2a: Annihilape\n|-damage|p2a: Annihilape|136/292\n|\n|-heal|p2a: Annihilape|154/292|[from] item: Leftovers\n|upkeep\n|turn|6\n|\n|t:|1781448050\n|move|p2a: Annihilape|Rage Fist|p1a: Araquanid\n|-damage|p1a: Araquanid|36/246\n|move|p1a: Araquanid|Hydro Pump|p2a: Annihilape\n|-damage|p2a: Annihilape|12/292\n|\n|-heal|p2a: Annihilape|30/292|[from] item: Leftovers\n|upkeep\n|turn|7\n|\n|t:|1781448057\n|move|p2a: Annihilape|Drain Punch|p1a: Araquanid\n|-resisted|p1a: Araquanid\n|-damage|p1a: Araquanid|0 fnt\n|-heal|p2a: Annihilape|48/292|[from] drain|[of] p1a: Araquanid\n|faint|p1a: Araquanid\n|\n|-heal|p2a: Annihilape|66/292|[from] item: Leftovers\n|upkeep\n|j| chenyiyiyiyiyi\n|\n|t:|1781448064\n|switch|p1a: Latios|Latios, L78, M|239/253\n|turn|8\n|\n|t:|1781448069\n|switch|p2a: Solgaleo|Solgaleo, L74|325/325\n|-activate|p2a: Solgaleo|move: Sticky Web\n|-fail|p2a: Solgaleo|unboost|[from] ability: Full Metal Body|[of] p2a: Solgaleo\n|move|p1a: Latios|Luster Purge|p2a: Solgaleo\n|-resisted|p2a: Solgaleo\n|-damage|p2a: Solgaleo|277/325\n|\n|-heal|p2a: Solgaleo|297/325|[from] item: Leftovers\n|upkeep\n|turn|9\n|\n|t:|1781448076\n|switch|p1a: Minun|Minun, L95, M|268/268\n|move|p2a: Solgaleo|Knock Off|p1a: Minun\n|-damage|p1a: Minun|180/268\n|-enditem|p1a: Minun|Life Orb|[from] move: Knock Off|[of] p2a: Solgaleo\n|\n|-heal|p2a: Solgaleo|317/325|[from] item: Leftovers\n|upkeep\n|turn|10\n|\n|t:|1781448079\n|move|p1a: Minun|Nasty Plot|p1a: Minun\n|-boost|p1a: Minun|spa|2\n|move|p2a: Solgaleo|Roar|p1a: Minun\n|drag|p1a: Kommo-o|Kommo-o, L78, F|245/245\n|\n|-heal|p2a: Solgaleo|325/325|[from] item: Leftovers\n|upkeep\n|turn|11\n|inactive|bimiuchiratnhieu has 120 seconds left.\n|\n|t:|1781448115\n|switch|p1a: Minun|Minun, L95, M|180/268\n|move|p2a: Solgaleo|Sunsteel Strike|p1a: Minun\n|-resisted|p1a: Minun\n|-damage|p1a: Minun|112/268\n|\n|upkeep\n|turn|12\n|inactive|chichi732 has 120 seconds left.\n|l| chenyiyiyiyiyi\n|\n|t:|1781448164\n|move|p1a: Minun|Thunderbolt|p2a: Solgaleo\n|-damage|p2a: Solgaleo|217/325\n|move|p2a: Solgaleo|Sunsteel Strike|p1a: Minun\n|-resisted|p1a: Minun\n|-damage|p1a: Minun|36/268\n|\n|-heal|p2a: Solgaleo|237/325|[from] item: Leftovers\n|upkeep\n|turn|13\n|\n|t:|1781448174\n|switch|p2a: Iron Treads|Iron Treads, L77|122/265\n|-activate|p2a: Iron Treads|move: Sticky Web\n|-unboost|p2a: Iron Treads|spe|1\n|move|p1a: Minun|Thunderbolt|p2a: Iron Treads\n|-immune|p2a: Iron Treads\n|\n|upkeep\n|turn|14\n|\n|t:|1781448196\n|move|p1a: Minun|Grass Knot|p2a: Iron Treads\n|-damage|p2a: Iron Treads|41/265\n|move|p2a: Iron Treads|Rapid Spin|p1a: Minun\n|-damage|p1a: Minun|0 fnt\n|-boost|p2a: Iron Treads|spe|1\n|-sideend|p2: chichi732|Sticky Web|[from] move: Rapid Spin|[of] p2a: Iron Treads\n|faint|p1a: Minun\n|\n|upkeep\n|inactive|bimiuchiratnhieu has 120 seconds left.\n|\n|t:|1781448214\n|switch|p1a: Kommo-o|Kommo-o, L78, F|245/245\n|turn|15\n|inactive|bimiuchiratnhieu has 120 seconds left.\n|inactive|chichi732 has 120 seconds left.\n|\n|t:|1781448222\n|move|p2a: Iron Treads|Earthquake|p1a: Kommo-o\n|-damage|p1a: Kommo-o|166/245\n|move|p1a: Kommo-o|Swords Dance|p1a: Kommo-o\n|-boost|p1a: Kommo-o|atk|2\n|\n|upkeep\n|turn|16\n|inactive|chichi732 has 120 seconds left.\n|\n|t:|1781448243\n|move|p2a: Iron Treads|Volt Switch|p1a: Kommo-o\n|-resisted|p1a: Kommo-o\n|-damage|p1a: Kommo-o|151/245\n|\n|t:|1781448245\n|-end|p2a: Iron Treads|Quark Drive|[silent]\n|switch|p2a: Drifblim|Drifblim, L86, F|396/396|[from] Volt Switch\n|move|p1a: Kommo-o|Scale Shot|p2a: Drifblim\n|-damage|p2a: Drifblim|315/396\n|-damage|p2a: Drifblim|239/396\n|-damage|p2a: Drifblim|164/396\n|-enditem|p2a: Drifblim|Sitrus Berry|[eat]\n|-heal|p2a: Drifblim|263/396|[from] item: Sitrus Berry\n|-damage|p2a: Drifblim|179/396\n|-hitcount|p2a: Drifblim|4\n|-unboost|p1a: Kommo-o|def|1\n|-boost|p1a: Kommo-o|spe|1\n|\n|upkeep\n|turn|17\n|j| PokemonCestDur\n|inactive|chichi732 has 120 seconds left.\n|\n|t:|1781448265\n|-terastallize|p1a: Kommo-o|Steel\n|move|p2a: Drifblim|Strength Sap|p1a: Kommo-o\n|-unboost|p1a: Kommo-o|atk|1\n|-heal|p2a: Drifblim|396/396\n|move|p1a: Kommo-o|Scale Shot|p2a: Drifblim\n|-damage|p2a: Drifblim|336/396\n|-damage|p2a: Drifblim|279/396\n|-damage|p2a: Drifblim|219/396\n|-damage|p2a: Drifblim|161/396\n|-hitcount|p2a: Drifblim|4\n|-unboost|p1a: Kommo-o|def|1\n|-boost|p1a: Kommo-o|spe|1\n|\n|upkeep\n|turn|18\n|inactive|chichi732 has 120 seconds left.\n|inactive|chichi732 has 90 seconds left.\n|\n|t:|1781448312\n|-terastallize|p2a: Drifblim|Fairy\n|move|p2a: Drifblim|Strength Sap|p1a: Kommo-o\n|-unboost|p1a: Kommo-o|atk|1\n|-heal|p2a: Drifblim|396/396\n|move|p1a: Kommo-o|Swords Dance|p1a: Kommo-o\n|-boost|p1a: Kommo-o|atk|2\n|\n|upkeep\n|turn|19\n|\n|t:|1781448321\n|move|p2a: Drifblim|Air Slash|p1a: Kommo-o\n|-resisted|p1a: Kommo-o\n|-damage|p1a: Kommo-o|116/245\n|cant|p1a: Kommo-o|flinch\n|\n|upkeep\n|turn|20\n|\n|t:|1781448330\n|move|p2a: Drifblim|Air Slash|p1a: Kommo-o\n|-resisted|p1a: Kommo-o\n|-damage|p1a: Kommo-o|79/245\n|move|p1a: Kommo-o|Iron Head|p2a: Drifblim\n|-supereffective|p2a: Drifblim\n|-damage|p2a: Drifblim|0 fnt\n|faint|p2a: Drifblim\n|\n|upkeep\n|\n|t:|1781448334\n|switch|p2a: Regieleki|Regieleki, L79|256/256\n|turn|21\n|\n|t:|1781448339\n|move|p2a: Regieleki|Thunderbolt|p1a: Kommo-o\n|-damage|p1a: Kommo-o|0 fnt\n|faint|p1a: Kommo-o\n|\n|upkeep\n|\n|t:|1781448353\n|switch|p1a: Lunala|Lunala, L70|308/308\n|turn|22\n|inactive|chichi732 has 120 seconds left.\n|inactive|chichi732 has 90 seconds left.\n|\n|t:|1781448416\n|move|p2a: Regieleki|Volt Switch|p1a: Lunala\n|-damage|p1a: Lunala|252/308\n|\n|t:|1781448421\n|switch|p2a: Iron Treads|Iron Treads, L77|41/265|[from] Volt Switch\n|move|p1a: Lunala|Moongeist Beam|p2a: Iron Treads\n|-damage|p2a: Iron Treads|0 fnt\n|faint|p2a: Iron Treads\n|-end|p2a: Iron Treads|Quark Drive|[silent]\n|\n|-heal|p1a: Lunala|271/308|[from] item: Leftovers\n|upkeep\n|\n|t:|1781448424\n|switch|p2a: Annihilape|Annihilape, L76, M|66/292\n|turn|23\n|\n|t:|1781448438\n|switch|p1a: Iron Valiant|Iron Valiant, L78|244/244\n|move|p2a: Annihilape|Rage Fist|p1a: Iron Valiant\n|-damage|p1a: Iron Valiant|99/244\n|\n|-heal|p2a: Annihilape|84/292|[from] item: Leftovers\n|upkeep\n|turn|24\n|inactive|chichi732 has 90 seconds left.\n|\n|t:|1781448450\n|switch|p2a: Regieleki|Regieleki, L79|256/256\n|move|p1a: Iron Valiant|Knock Off|p2a: Regieleki\n|-damage|p2a: Regieleki|109/256\n|-enditem|p2a: Regieleki|Magnet|[from] move: Knock Off|[of] p1a: Iron Valiant\n|-damage|p1a: Iron Valiant|75/244|[from] item: Life Orb\n|\n|upkeep\n|turn|25\n|\n|t:|1781448457\n|-end|p1a: Iron Valiant|Quark Drive|[silent]\n|switch|p1a: Lunala|Lunala, L70|271/308\n|move|p2a: Regieleki|Volt Switch|p1a: Lunala\n|-damage|p1a: Lunala|178/308\n|\n|t:|1781448460\n|switch|p2a: Annihilape|Annihilape, L76, M|84/292|[from] Volt Switch\n|\n|-heal|p2a: Annihilape|102/292|[from] item: Leftovers\n|-heal|p1a: Lunala|197/308|[from] item: Leftovers\n|upkeep\n|turn|26\n|\n|t:|1781448466\n|move|p2a: Annihilape|Rage Fist|p1a: Lunala\n|-supereffective|p1a: Lunala\n|-damage|p1a: Lunala|0 fnt\n|faint|p1a: Lunala\n|\n|-heal|p2a: Annihilape|120/292|[from] item: Leftovers\n|upkeep\n|\n|t:|1781448468\n|switch|p1a: Iron Valiant|Iron Valiant, L78|75/244\n|turn|27\n|inactive|chichi732 has 120 seconds left.\n|\n|t:|1781448483\n|move|p1a: Iron Valiant|Spirit Break|p2a: Annihilape\n|-supereffective|p2a: Annihilape\n|-damage|p2a: Annihilape|0 fnt\n|faint|p2a: Annihilape\n|-damage|p1a: Iron Valiant|51/244|[from] item: Life Orb\n|\n|upkeep\n|\n|t:|1781448485\n|switch|p2a: Regieleki|Regieleki, L79|109/256\n|turn|28\n|\n|t:|1781448492\n|-end|p1a: Iron Valiant|Quark Drive|[silent]\n|switch|p1a: Latios|Latios, L78, M|239/253\n|move|p2a: Regieleki|Thunderbolt|p1a: Latios\n|-resisted|p1a: Latios\n|-damage|p1a: Latios|188/253\n|\n|upkeep\n|turn|29\n|\n|t:|1781448505\n|move|p2a: Regieleki|Explosion|p1a: Latios\n|-damage|p1a: Latios|16/253\n|faint|p2a: Regieleki\n|move|p1a: Latios|Flip Turn|p2: Regieleki|[notarget]\n|-fail|p1a: Latios\n|\n|upkeep\n|\n|t:|1781448514\n|switch|p2a: Arceus|Arceus-Ground, L70|284/284\n|turn|30\n|\n|t:|1781448518\n|move|p1a: Latios|Flip Turn|p2a: Arceus\n|-supereffective|p2a: Arceus\n|-damage|p2a: Arceus|216/284\n|\n|t:|1781448520\n|switch|p1a: Iron Valiant|Iron Valiant, L78|51/244|[from] Flip Turn\n|move|p2a: Arceus|Ice Beam|p1a: Iron Valiant\n|-damage|p1a: Iron Valiant|0 fnt\n|faint|p1a: Iron Valiant\n|-end|p1a: Iron Valiant|Quark Drive|[silent]\n|\n|upkeep\n|-message|bimiuchiratnhieu forfeited.\n|\n|win|chichi732\n", "inputlog": ">version a8376a258c1d4662feba110a92103f3664a72141\n>start {\"formatid\":\"gen9randombattle\",\"seed\":\"sodium,d673e86465b5932b399a702dcf47aa3f\",\"rated\":\"Rated battle\"}\n>player p1 {\"name\":\"bimiuchiratnhieu\",\"avatar\":\"hilda\",\"rating\":2067,\"seed\":\"sodium,c98b35b98c78ca10c0c1853506713dd4\"}\n>player p2 {\"name\":\"chichi732\",\"avatar\":\"169\",\"rating\":2126,\"seed\":\"sodium,f1b788a43955f7b42e0519c30d3a31ee\"}\n>p1 move lusterpurge\n>p2 switch 3\n>p1 move lusterpurge\n>p2 move voltswitch\n>p2 switch 2\n>p1 switch 6\n>p2 move knockoff\n>p1 move stickyweb\n>p2 switch 3\n>p1 move hydropump\n>p2 move bulkup\n>p1 move hydropump\n>p2 move ragefist\n>p1 move hydropump\n>p2 move drainpunch\n>p1 switch 6\n>p1 move lusterpurge\n>p2 switch 3\n>p1 switch 4\n>p2 move knockoff\n>p1 move nastyplot\n>p2 move roar\n>p1 switch 3\n>p2 move sunsteelstrike\n>p1 move thunderbolt\n>p2 move sunsteelstrike\n>p1 move thunderbolt\n>p2 switch 2\n>p1 move grassknot\n>p2 move rapidspin\n>p1 switch 3\n>p1 move swordsdance\n>p2 move earthquake\n>p1 move scaleshot\n>p2 move voltswitch\n>p2 switch 6\n>p1 move scaleshot terastallize\n>p2 move strengthsap\n>p1 move swordsdance\n>p2 move strengthsap terastallize\n>p1 move ironhead\n>p2 move airslash\n>p1 move ironhead\n>p2 move airslash\n>p2 switch 5\n>p1 move scaleshot\n>p2 move thunderbolt\n>p1 switch 2\n>p1 move moongeistbeam\n>p2 move voltswitch\n>p2 switch 6\n>p2 switch 3\n>p1 switch 5\n>p2 move ragefist\n>p1 move knockoff\n>p2 switch 6\n>p1 switch 5\n>p2 move voltswitch\n>p2 switch 6\n>p1 move moongeistbeam\n>p2 move ragefist\n>p1 switch 5\n>p1 move spiritbreak\n>p2 move ragefist\n>p2 switch 6\n>p1 switch 4\n>p2 move thunderbolt\n>p1 move flipturn\n>p2 move explosion\n>p2 switch 4\n>p1 move flipturn\n>p2 move icebeam\n>p1 switch 4\n>forcelose p1", "uploadtime": 1781447937, "views": 8, "formatid": "gen9randombattle", "rating": null, "private": 0, "password": null}