{"id": "gen9randombattle-2631598584", "format": "[Gen 9] Random Battle", "players": ["Meowerdoom", "Etjx"], "log": "|j|\u2606Meowerdoom\n|j|\u2606Etjx\n|t:|1781406675\n|gametype|singles\n|player|p1|Meowerdoom|burgh|2118\n|player|p2|Etjx|policeman-gen4|2058\n|gen|9\n|tier|[Gen 9] Random Battle\n|rated|\n|rule|Species Clause: Limit one of each Pok\u00e9mon\n|rule|HP Percentage Mod: HP is shown in percentages\n|rule|Sleep Clause Mod: Limit one foe put to sleep\n|rule|Illusion Level Mod: Illusion disguises the Pok\u00e9mon's true level\n|\n|t:|1781406675\n|teamsize|p1|6\n|teamsize|p2|6\n|start\n|switch|p1a: Rayquaza|Rayquaza, L72|270/270\n|switch|p2a: Indeedee|Indeedee, L84, M|238/238\n|-fieldstart|move: Psychic Terrain|[from] ability: Psychic Surge|[of] p2a: Indeedee\n|-ability|p1a: Rayquaza|Air Lock\n|turn|1\n|inactive|Battle timer is ON: inactive players will automatically lose when time's up. (requested by Etjx)\n|\n|t:|1781406684\n|switch|p1a: Exeggutor|Exeggutor, L89, M|312/312\n|move|p2a: Indeedee|Expanding Force|p1a: Exeggutor\n|-resisted|p1a: Exeggutor\n|-damage|p1a: Exeggutor|202/312\n|-damage|p2a: Indeedee|215/238|[from] item: Life Orb\n|\n|upkeep\n|turn|2\n|\n|t:|1781406689\n|switch|p2a: Flutter Mane|Flutter Mane, L74|203/203\n|move|p1a: Exeggutor|Leech Seed|p2a: Flutter Mane\n|-start|p2a: Flutter Mane|move: Leech Seed\n|\n|-damage|p2a: Flutter Mane|178/203|[from] Leech Seed|[of] p1a: Exeggutor\n|-heal|p1a: Exeggutor|227/312|[silent]\n|upkeep\n|turn|3\n|\n|t:|1781406699\n|move|p1a: Exeggutor|Protect|p1a: Exeggutor\n|-singleturn|p1a: Exeggutor|Protect\n|move|p2a: Flutter Mane|Shadow Ball|p1a: Exeggutor\n|-activate|p1a: Exeggutor|move: Protect\n|\n|-damage|p2a: Flutter Mane|153/203|[from] Leech Seed|[of] p1a: Exeggutor\n|-heal|p1a: Exeggutor|252/312|[silent]\n|upkeep\n|turn|4\n|\n|t:|1781406729\n|switch|p1a: Gyarados|Gyarados, L79, M|280/280\n|move|p2a: Flutter Mane|Shadow Ball|p1a: Gyarados\n|-damage|p1a: Gyarados|159/280\n|\n|-damage|p2a: Flutter Mane|128/203|[from] Leech Seed|[of] p1a: Gyarados\n|-heal|p1a: Gyarados|184/280|[silent]\n|upkeep\n|turn|5\n|\n|t:|1781406742\n|-end|p2a: Flutter Mane|Protosynthesis|[silent]\n|switch|p2a: Klawf|Klawf, L90, F|272/272\n|move|p1a: Gyarados|Dragon Dance|p1a: Gyarados\n|-boost|p1a: Gyarados|atk|1\n|-boost|p1a: Gyarados|spe|1\n|\n|-fieldend|move: Psychic Terrain\n|upkeep\n|turn|6\n|\n|t:|1781406757\n|-terastallize|p1a: Gyarados|Ground\n|move|p1a: Gyarados|Dragon Dance|p1a: Gyarados\n|-boost|p1a: Gyarados|atk|1\n|-boost|p1a: Gyarados|spe|1\n|move|p2a: Klawf|Swords Dance|p2a: Klawf\n|-boost|p2a: Klawf|atk|2\n|\n|upkeep\n|turn|7\n|\n|t:|1781406766\n|-terastallize|p2a: Klawf|Dark\n|move|p1a: Gyarados|Waterfall|p2a: Klawf\n|-damage|p2a: Klawf|142/272\n|move|p2a: Klawf|Knock Off|p1a: Gyarados\n|-damage|p1a: Gyarados|0 fnt\n|-enditem|p1a: Gyarados|Heavy-Duty Boots|[from] move: Knock Off|[of] p2a: Klawf\n|faint|p1a: Gyarados\n|\n|upkeep\n|inactive|Meowerdoom has 120 seconds left.\n|\n|t:|1781406784\n|switch|p1a: Pikachu|Pikachu-Original, L93, M|216/216\n|turn|8\n|\n|t:|1781406791\n|switch|p2a: Camerupt|Camerupt, L91, F|275/275\n|move|p1a: Pikachu|Volt Tackle|p2a: Camerupt\n|-immune|p2a: Camerupt\n|\n|upkeep\n|turn|9\n|\n|t:|1781406796\n|switch|p2a: Ambipom|Ambipom, L84, M|263/263\n|move|p1a: Pikachu|Surf|p2a: Ambipom\n|-damage|p2a: Ambipom|148/263\n|\n|upkeep\n|turn|10\n|\n|t:|1781406799\n|switch|p1a: Spectrier|Spectrier, L75|274/274\n|move|p2a: Ambipom|Triple Axel|p1a: Spectrier\n|-damage|p1a: Spectrier|226/274\n|-damage|p1a: Spectrier|123/274\n|-damage|p1a: Spectrier|0 fnt\n|faint|p1a: Spectrier\n|-hitcount|p1: Spectrier|3\n|\n|upkeep\n|-message|Meowerdoom forfeited.\n|\n|win|Etjx\n", "inputlog": ">version a8376a258c1d4662feba110a92103f3664a72141\n>start {\"formatid\":\"gen9randombattle\",\"seed\":\"sodium,c1a8fa6a6ce2bf2198ec3ec9e62d0698\",\"rated\":\"Rated battle\"}\n>player p1 {\"name\":\"Meowerdoom\",\"avatar\":\"burgh\",\"rating\":2118,\"seed\":\"sodium,168e92e8a65c2c304bdce2d507fcdb5e\"}\n>player p2 {\"name\":\"Etjx\",\"avatar\":\"policeman-gen4\",\"rating\":2058,\"seed\":\"sodium,0cf2a0004eba19267af26250d61b47e9\"}\n>p1 switch 5\n>p2 move expandingforce\n>p1 move leechseed\n>p2 switch 2\n>p1 move protect\n>p2 move shadowball\n>p1 switch 3\n>p2 move shadowball\n>p1 move dragondance\n>p2 switch 6\n>p1 move dragondance terastallize\n>p2 move swordsdance\n>p1 move waterfall\n>p2 move knockoff terastallize\n>p1 switch 6\n>p1 move volttackle\n>p2 switch 5\n>p1 move surf\n>p2 switch 3\n>p1 switch 2\n>p2 move tripleaxel\n>forcelose p1", "uploadtime": 1781406677, "views": 7, "formatid": "gen9randombattle", "rating": null, "private": 0, "password": null}