{"id": "gen9randombattle-2631507041", "format": "[Gen 9] Random Battle", "players": ["Randoboy", "greenfalcon81"], "log": "|j|\u2606Randoboy\n|j|\u2606greenfalcon81\n|t:|1781393935\n|gametype|singles\n|player|p1|Randoboy|ghetsis|1922\n|player|p2|greenfalcon81|101|1959\n|gen|9\n|tier|[Gen 9] Random Battle\n|rated|\n|rule|Species Clause: Limit one of each Pok\u00e9mon\n|rule|HP Percentage Mod: HP is shown in percentages\n|rule|Sleep Clause Mod: Limit one foe put to sleep\n|rule|Illusion Level Mod: Illusion disguises the Pok\u00e9mon's true level\n|\n|t:|1781393935\n|teamsize|p1|6\n|teamsize|p2|6\n|start\n|switch|p1a: Mismagius|Mismagius, L86, F|243/243\n|switch|p2a: Rotom|Rotom-Wash, L82|216/216\n|turn|1\n|\n|t:|1781393946\n|move|p1a: Mismagius|Substitute|p1a: Mismagius\n|-start|p1a: Mismagius|Substitute\n|-damage|p1a: Mismagius|183/243\n|move|p2a: Rotom|Volt Switch|p1a: Mismagius\n|-end|p1a: Mismagius|Substitute\n|\n|t:|1781393952\n|switch|p2a: Weavile|Weavile, L79, F|240/240|[from] Volt Switch\n|\n|-heal|p1a: Mismagius|198/243|[from] item: Leftovers\n|upkeep\n|turn|2\n|\n|t:|1781393962\n|switch|p1a: Tinkaton|Tinkaton, L82, F|274/274\n|-ability|p1a: Tinkaton|Mold Breaker\n|move|p2a: Weavile|Knock Off|p1a: Tinkaton\n|-resisted|p1a: Tinkaton\n|-damage|p1a: Tinkaton|214/274\n|-enditem|p1a: Tinkaton|Leftovers|[from] move: Knock Off|[of] p2a: Weavile\n|\n|upkeep\n|turn|3\n|\n|t:|1781393982\n|switch|p2a: Rotom|Rotom-Wash, L82|216/216\n|move|p1a: Tinkaton|Swords Dance|p1a: Tinkaton\n|-boost|p1a: Tinkaton|atk|2\n|\n|upkeep\n|turn|4\n|\n|t:|1781393993\n|move|p1a: Tinkaton|Play Rough|p2a: Rotom|[miss]\n|-miss|p1a: Tinkaton|p2a: Rotom\n|move|p2a: Rotom|Thunderbolt|p1a: Tinkaton\n|-damage|p1a: Tinkaton|124/274\n|\n|upkeep\n|turn|5\n|\n|t:|1781394007\n|move|p1a: Tinkaton|Play Rough|p2a: Rotom\n|-damage|p2a: Rotom|90/216\n|move|p2a: Rotom|Volt Switch|p1a: Tinkaton\n|-damage|p1a: Tinkaton|55/274\n|\n|t:|1781394010\n|switch|p2a: Gengar|Gengar, L81, M|230/230|[from] Volt Switch\n|\n|upkeep\n|turn|6\n|\n|t:|1781394015\n|move|p1a: Tinkaton|Protect|p1a: Tinkaton\n|-singleturn|p1a: Tinkaton|Protect\n|move|p2a: Gengar|Shadow Ball|p1a: Tinkaton\n|-activate|p1a: Tinkaton|move: Protect\n|\n|upkeep\n|turn|7\n|\n|t:|1781394026\n|switch|p1a: Morpeko|Morpeko, L88, M|245/245\n|move|p2a: Gengar|Shadow Ball|p1a: Morpeko\n|-resisted|p1a: Morpeko\n|-damage|p1a: Morpeko|151/245\n|\n|-formechange|p1a: Morpeko|Morpeko-Hangry||[from] ability: Hunger Switch\n|upkeep\n|turn|8\n|\n|t:|1781394040\n|switch|p2a: Tauros|Tauros-Paldea-Blaze, L81, M|252/252\n|move|p1a: Morpeko|Parting Shot|p2a: Tauros\n|-unboost|p2a: Tauros|atk|1\n|-unboost|p2a: Tauros|spa|1\n|\n|t:|1781394055\n|switch|p1a: Phione|Phione, L91|293/293|[from] Parting Shot\n|\n|upkeep\n|turn|9\n|\n|t:|1781394061\n|switch|p2a: Rotom|Rotom-Wash, L82|90/216\n|move|p1a: Phione|Take Heart|p1a: Phione\n|-boost|p1a: Phione|spa|1\n|-boost|p1a: Phione|spd|1\n|\n|-heal|p2a: Rotom|103/216|[from] item: Leftovers\n|upkeep\n|turn|10\n|\n|t:|1781394068\n|move|p1a: Phione|Take Heart|p1a: Phione\n|-boost|p1a: Phione|spa|1\n|-boost|p1a: Phione|spd|1\n|move|p2a: Rotom|Thunderbolt|p1a: Phione\n|-supereffective|p1a: Phione\n|-damage|p1a: Phione|195/293\n|-status|p1a: Phione|par\n|\n|-heal|p2a: Rotom|116/216|[from] item: Leftovers\n|-heal|p1a: Phione|213/293 par|[from] item: Leftovers\n|upkeep\n|turn|11\n|\n|t:|1781394077\n|move|p2a: Rotom|Volt Switch|p1a: Phione\n|-supereffective|p1a: Phione\n|-damage|p1a: Phione|141/293 par\n|\n|t:|1781394079\n|switch|p2a: Rillaboom|Rillaboom, L79, M|288/288|[from] Volt Switch\n|-fieldstart|move: Grassy Terrain|[from] ability: Grassy Surge|[of] p2a: Rillaboom\n|move|p1a: Phione|Take Heart|p1a: Phione\n|-boost|p1a: Phione|spa|1\n|-boost|p1a: Phione|spd|1\n|-curestatus|p1a: Phione|par|[msg]\n|\n|-heal|p1a: Phione|159/293|[from] Grassy Terrain\n|-heal|p1a: Phione|177/293|[from] item: Leftovers\n|upkeep\n|turn|12\n|-message|Randoboy forfeited.\n|\n|win|greenfalcon81\n", "inputlog": ">version a8376a258c1d4662feba110a92103f3664a72141\n>start {\"formatid\":\"gen9randombattle\",\"seed\":\"sodium,d457928b819fb4ac171eb662a86ebc17\",\"rated\":\"Rated battle\"}\n>player p1 {\"name\":\"Randoboy\",\"avatar\":\"ghetsis\",\"rating\":1922,\"seed\":\"sodium,a9ed3da937f1b01f6251de17eaae11b5\"}\n>player p2 {\"name\":\"greenfalcon81\",\"avatar\":\"101\",\"rating\":1959,\"seed\":\"sodium,5fff84535af37c881a802797f6b25978\"}\n>p1 move substitute\n>p2 move voltswitch\n>p2 switch 6\n>p1 switch 6\n>p2 move knockoff\n>p1 move swordsdance\n>p2 switch 6\n>p1 move playrough\n>p2 move thunderbolt\n>p1 move playrough\n>p2 move voltswitch\n>p2 switch 2\n>p1 move protect\n>p2 move shadowball\n>p1 switch 3\n>p2 move shadowball\n>p1 move partingshot\n>p2 switch 3\n>p1 switch 2\n>p1 move takeheart\n>p2 switch 2\n>p1 move takeheart\n>p2 move thunderbolt\n>p1 move takeheart\n>p2 move voltswitch\n>p2 switch 4\n>forcelose p1", "uploadtime": 1781393937, "views": 5, "formatid": "gen9randombattle", "rating": null, "private": 0, "password": null}