{"id": "gen9randombattle-2632021981", "format": "[Gen 9] Random Battle", "players": ["LuxemBougie", "thejordanvgc"], "log": "|j|\u203dLuxemBougie\n|j|\u2606thejordanvgc\n|t:|1781466897\n|gametype|singles\n|player|p1|LuxemBougie|cynthia|1950\n|player|p2|thejordanvgc|1|1933\n|gen|9\n|tier|[Gen 9] Random Battle\n|rated|\n|rule|Species Clause: Limit one of each Pok\u00e9mon\n|rule|HP Percentage Mod: HP is shown in percentages\n|rule|Sleep Clause Mod: Limit one foe put to sleep\n|rule|Illusion Level Mod: Illusion disguises the Pok\u00e9mon's true level\n|\n|t:|1781466897\n|teamsize|p1|6\n|teamsize|p2|6\n|start\n|switch|p1a: Floatzel|Floatzel, L86, F|286/286\n|switch|p2a: Hydrapple|Hydrapple, L83, M|312/312\n|turn|1\n|\n|t:|1781466906\n|move|p1a: Floatzel|Ice Spinner|p2a: Hydrapple\n|-supereffective|p2a: Hydrapple\n|-damage|p2a: Hydrapple|112/312\n|move|p2a: Hydrapple|Leaf Storm|p1a: Floatzel\n|-supereffective|p1a: Floatzel\n|-damage|p1a: Floatzel|0 fnt\n|-unboost|p2a: Hydrapple|spa|2\n|faint|p1a: Floatzel\n|\n|upkeep\n|\n|t:|1781466917\n|switch|p1a: Kingdra|Kingdra, L84, M|263/263\n|turn|2\n|\n|t:|1781466938\n|switch|p2a: Samurott|Samurott, L88, M|310/310\n|move|p1a: Kingdra|Rain Dance|p1a: Kingdra\n|-weather|RainDance\n|\n|-weather|RainDance|[upkeep]\n|upkeep\n|turn|3\n|\n|t:|1781466951\n|move|p1a: Kingdra|Hurricane|p2a: Samurott\n|-crit|p2a: Samurott\n|-damage|p2a: Samurott|148/310\n|-damage|p1a: Kingdra|237/263|[from] item: Life Orb\n|move|p2a: Samurott|Megahorn|p1a: Kingdra\n|-damage|p1a: Kingdra|125/263\n|-damage|p2a: Samurott|117/310|[from] item: Life Orb\n|\n|-weather|RainDance|[upkeep]\n|upkeep\n|turn|4\n|\n|t:|1781466960\n|move|p2a: Samurott|Aqua Jet|p1a: Kingdra\n|-resisted|p1a: Kingdra\n|-damage|p1a: Kingdra|102/263\n|-damage|p2a: Samurott|86/310|[from] item: Life Orb\n|move|p1a: Kingdra|Hurricane|p2a: Samurott\n|-damage|p2a: Samurott|0 fnt\n|faint|p2a: Samurott\n|-damage|p1a: Kingdra|76/263|[from] item: Life Orb\n|\n|-weather|RainDance|[upkeep]\n|upkeep\n|\n|t:|1781466971\n|switch|p2a: Hydrapple|Hydrapple, L83, M|216/312\n|turn|5\n|\n|t:|1781466975\n|switch|p2a: Excadrill|Excadrill, L79, F|303/303\n|-ability|p2a: Excadrill|Mold Breaker\n|move|p1a: Kingdra|Hurricane|p2a: Excadrill\n|-resisted|p2a: Excadrill\n|-damage|p2a: Excadrill|238/303\n|-damage|p1a: Kingdra|50/263|[from] item: Life Orb\n|\n|-weather|RainDance|[upkeep]\n|-heal|p2a: Excadrill|256/303|[from] item: Leftovers\n|upkeep\n|turn|6\n|\n|t:|1781466981\n|switch|p2a: Walking Wake|Walking Wake, L79|286/286\n|move|p1a: Kingdra|Hurricane|p2a: Walking Wake\n|-damage|p2a: Walking Wake|182/286\n|-start|p2a: Walking Wake|confusion\n|-damage|p1a: Kingdra|24/263|[from] item: Life Orb\n|\n|-weather|none\n|upkeep\n|turn|7\n|\n|t:|1781466990\n|-activate|p2a: Walking Wake|confusion\n|move|p2a: Walking Wake|Draco Meteor|p1a: Kingdra\n|-supereffective|p1a: Kingdra\n|-damage|p1a: Kingdra|0 fnt\n|-unboost|p2a: Walking Wake|spa|2\n|faint|p1a: Kingdra\n|-damage|p2a: Walking Wake|154/286|[from] item: Life Orb\n|\n|upkeep\n|\n|t:|1781467008\n|switch|p1a: Amoonguss|Amoonguss, L82, F|321/321\n|turn|8\n|\n|t:|1781467015\n|-end|p2a: Walking Wake|Protosynthesis|[silent]\n|switch|p2a: Rabsca|Rabsca, L91, F|284/284\n|move|p1a: Amoonguss|Sludge Bomb|p2a: Rabsca\n|-damage|p2a: Rabsca|220/284\n|\n|upkeep\n|turn|9\n|\n|t:|1781467022\n|move|p2a: Rabsca|Bug Buzz|p1a: Amoonguss\n|-damage|p1a: Amoonguss|185/321\n|move|p1a: Amoonguss|Spore|p2a: Rabsca\n|-status|p2a: Rabsca|slp|[from] move: Spore\n|\n|-heal|p1a: Amoonguss|205/321|[from] item: Leftovers\n|upkeep\n|turn|10\n|\n|t:|1781467027\n|cant|p2a: Rabsca|slp\n|move|p1a: Amoonguss|Sludge Bomb|p2a: Rabsca\n|-damage|p2a: Rabsca|157/284 slp\n|\n|-heal|p1a: Amoonguss|225/321|[from] item: Leftovers\n|upkeep\n|turn|11\n|\n|t:|1781467030\n|cant|p2a: Rabsca|slp\n|move|p1a: Amoonguss|Sludge Bomb|p2a: Rabsca\n|-damage|p2a: Rabsca|90/284 slp\n|\n|-heal|p1a: Amoonguss|245/321|[from] item: Leftovers\n|upkeep\n|turn|12\n|\n|t:|1781467035\n|-curestatus|p2a: Rabsca|slp|[msg]\n|move|p2a: Rabsca|Psychic|p1a: Amoonguss\n|-supereffective|p1a: Amoonguss\n|-damage|p1a: Amoonguss|0 fnt\n|faint|p1a: Amoonguss\n|\n|upkeep\n|\n|t:|1781467044\n|switch|p1a: Chien-Pao|Chien-Pao, L72|234/234\n|-ability|p1a: Chien-Pao|Sword of Ruin\n|turn|13\n|\n|t:|1781467049\n|move|p1a: Chien-Pao|Icicle Crash|p2a: Rabsca\n|-damage|p2a: Rabsca|0 fnt\n|faint|p2a: Rabsca\n|\n|upkeep\n|\n|t:|1781467065\n|switch|p2a: Excadrill|Excadrill, L79, F|256/303\n|-ability|p2a: Excadrill|Mold Breaker\n|turn|14\n|\n|t:|1781467070\n|move|p1a: Chien-Pao|Icicle Crash|p2a: Excadrill\n|-damage|p2a: Excadrill|19/303\n|move|p2a: Excadrill|Iron Head|p1a: Chien-Pao\n|-supereffective|p1a: Chien-Pao\n|-damage|p1a: Chien-Pao|0 fnt\n|faint|p1a: Chien-Pao\n|\n|-heal|p2a: Excadrill|37/303|[from] item: Leftovers\n|upkeep\n|\n|t:|1781467077\n|switch|p1a: Krookodile|Krookodile, L79, M|280/280\n|-ability|p1a: Krookodile|Intimidate|boost\n|-unboost|p2a: Excadrill|atk|1\n|turn|15\n|\n|t:|1781467084\n|switch|p2a: Hydrapple|Hydrapple, L83, M|312/312\n|move|p1a: Krookodile|Bulk Up|p1a: Krookodile\n|-boost|p1a: Krookodile|atk|1\n|-boost|p1a: Krookodile|def|1\n|\n|upkeep\n|turn|16\n|\n|t:|1781467089\n|-terastallize|p2a: Hydrapple|Steel\n|move|p1a: Krookodile|Gunk Shot|p2a: Hydrapple\n|-immune|p2a: Hydrapple\n|move|p2a: Hydrapple|Leaf Storm|p1a: Krookodile\n|-supereffective|p1a: Krookodile\n|-damage|p1a: Krookodile|0 fnt\n|-unboost|p2a: Hydrapple|spa|2\n|faint|p1a: Krookodile\n|\n|upkeep\n|-message|LuxemBougie forfeited.\n|\n|win|thejordanvgc\n", "inputlog": ">version a8376a258c1d4662feba110a92103f3664a72141\n>start {\"formatid\":\"gen9randombattle\",\"seed\":\"sodium,36b6136318f59f408c0a5946ec2179c8\",\"rated\":\"Rated battle\"}\n>player p1 {\"name\":\"LuxemBougie\",\"avatar\":\"cynthia\",\"rating\":1950,\"seed\":\"sodium,03850f996b748e6e1334b9bf2059596e\"}\n>player p2 {\"name\":\"thejordanvgc\",\"avatar\":\"1\",\"rating\":1933,\"seed\":\"sodium,cda6497e063c3c350651f2b98096c4db\"}\n>p1 move icespinner\n>p2 move leafstorm\n>p1 switch 2\n>p1 move raindance\n>p2 switch 6\n>p1 move hurricane\n>p2 move megahorn\n>p1 move hurricane\n>p2 move aquajet\n>p2 switch 6\n>p1 move hurricane\n>p2 switch 5\n>p1 move hurricane\n>p2 switch 3\n>p1 move raindance\n>p2 move dracometeor\n>p1 switch 5\n>p1 move sludgebomb\n>p2 switch 2\n>p1 move spore\n>p2 move bugbuzz\n>p1 move sludgebomb\n>p2 move psychic\n>p1 move sludgebomb\n>p2 move psychic\n>p1 move spore\n>p2 move psychic\n>p1 switch 4\n>p1 move iciclecrash\n>p2 move revivalblessing\n>p2 switch 3\n>p1 move iciclecrash\n>p2 move ironhead\n>p1 switch 6\n>p1 move bulkup\n>p2 switch 5\n>p1 move gunkshot\n>p2 move leafstorm terastallize\n>forcelose p1", "uploadtime": 1781466899, "views": 4, "formatid": "gen9randombattle", "rating": null, "private": 0, "password": null}