{"id": "gen9randombattle-2631601296", "format": "[Gen 9] Random Battle", "players": ["inversify", "mayqueen nyannyan"], "log": "|badge|p1|bronze|gen9randombattle|100-9\n|uhtml|medal-msg|<div class=\"broadcast-blue\">Curious what those medals under the avatar are? PS now has Ladder Seasons! For more information, check out the <a href=\"https://www.smogon.com/forums/threads/3740067/\">thread on Smogon.</a></div>\n|j|\u2606inversify\n|j|\u2606mayqueen nyannyan\n|t:|1781407083\n|gametype|singles\n|player|p1|inversify|lana|2309\n|player|p2|mayqueen nyannyan|169|2307\n|gen|9\n|tier|[Gen 9] Random Battle\n|rated|\n|rule|Species Clause: Limit one of each Pok\u00e9mon\n|rule|HP Percentage Mod: HP is shown in percentages\n|rule|Sleep Clause Mod: Limit one foe put to sleep\n|rule|Illusion Level Mod: Illusion disguises the Pok\u00e9mon's true level\n|\n|t:|1781407083\n|teamsize|p1|6\n|teamsize|p2|6\n|start\n|switch|p1a: Fezandipiti|Fezandipiti, L82, M|278/278\n|switch|p2a: Bastiodon|Bastiodon, L89, M|252/252\n|turn|1\n|inactive|Battle timer is ON: inactive players will automatically lose when time's up. (requested by mayqueen nyannyan)\n|\n|t:|1781407109\n|move|p1a: Fezandipiti|Swords Dance|p1a: Fezandipiti\n|-boost|p1a: Fezandipiti|atk|2\n|move|p2a: Bastiodon|Iron Defense|p2a: Bastiodon\n|-boost|p2a: Bastiodon|def|2\n|\n|upkeep\n|turn|2\n|\n|t:|1781407117\n|-terastallize|p1a: Fezandipiti|Ground\n|move|p1a: Fezandipiti|Tera Blast|p2a: Bastiodon|[anim] Tera Blast Ground\n|-supereffective|p2a: Bastiodon\n|-damage|p2a: Bastiodon|80/252\n|move|p2a: Bastiodon|Iron Defense|p2a: Bastiodon\n|-boost|p2a: Bastiodon|def|2\n|\n|upkeep\n|turn|3\n|\n|t:|1781407125\n|-terastallize|p2a: Bastiodon|Fighting\n|move|p1a: Fezandipiti|Tera Blast|p2a: Bastiodon|[anim] Tera Blast Ground\n|-damage|p2a: Bastiodon|49/252\n|move|p2a: Bastiodon|Rest|p2a: Bastiodon\n|-status|p2a: Bastiodon|slp|[from] move: Rest\n|-heal|p2a: Bastiodon|252/252 slp|[silent]\n|-enditem|p2a: Bastiodon|Chesto Berry|[eat]\n|-curestatus|p2a: Bastiodon|slp|[msg]\n|\n|upkeep\n|turn|4\n|\n|t:|1781407131\n|move|p1a: Fezandipiti|Play Rough|p2a: Bastiodon\n|-supereffective|p2a: Bastiodon\n|-damage|p2a: Bastiodon|186/252\n|-status|p2a: Bastiodon|tox|[from] ability: Toxic Chain|[of] p1a: Fezandipiti\n|move|p2a: Bastiodon|Body Press|p1a: Fezandipiti\n|-damage|p1a: Fezandipiti|0 fnt\n|faint|p1a: Fezandipiti\n|\n|-damage|p2a: Bastiodon|171/252 tox|[from] psn\n|upkeep\n|\n|t:|1781407149\n|switch|p1a: Luvdisc|Luvdisc, M|247/247\n|turn|5\n|\n|t:|1781407155\n|move|p1a: Luvdisc|Substitute|p1a: Luvdisc\n|-start|p1a: Luvdisc|Substitute\n|-damage|p1a: Luvdisc|186/247\n|move|p2a: Bastiodon|Iron Defense|p2a: Bastiodon\n|-boost|p2a: Bastiodon|def|2\n|\n|-damage|p2a: Bastiodon|141/252 tox|[from] psn\n|upkeep\n|turn|6\n|\n|t:|1781407165\n|move|p1a: Luvdisc|Surf|p2a: Bastiodon\n|-damage|p2a: Bastiodon|92/252 tox\n|move|p2a: Bastiodon|Rest|p2a: Bastiodon\n|-status|p2a: Bastiodon|slp|[from] move: Rest\n|-heal|p2a: Bastiodon|252/252 slp|[silent]\n|\n|upkeep\n|turn|7\n|\n|t:|1781407169\n|move|p1a: Luvdisc|Endeavor|p2a: Bastiodon\n|-damage|p2a: Bastiodon|186/252 slp\n|cant|p2a: Bastiodon|slp\n|\n|upkeep\n|turn|8\n|\n|t:|1781407173\n|move|p1a: Luvdisc|Surf|p2a: Bastiodon\n|-damage|p2a: Bastiodon|135/252 slp\n|cant|p2a: Bastiodon|slp\n|\n|upkeep\n|turn|9\n|\n|t:|1781407175\n|move|p1a: Luvdisc|Surf|p2a: Bastiodon\n|-crit|p2a: Bastiodon\n|-damage|p2a: Bastiodon|56/252 slp\n|-curestatus|p2a: Bastiodon|slp|[msg]\n|move|p2a: Bastiodon|Foul Play|p1a: Luvdisc\n|-activate|p1a: Luvdisc|move: Substitute|[damage]\n|\n|upkeep\n|turn|10\n|\n|t:|1781407180\n|move|p1a: Luvdisc|Surf|p2a: Bastiodon\n|-damage|p2a: Bastiodon|11/252\n|move|p2a: Bastiodon|Rest|p2a: Bastiodon\n|-status|p2a: Bastiodon|slp|[from] move: Rest\n|-heal|p2a: Bastiodon|252/252 slp|[silent]\n|\n|upkeep\n|turn|11\n|\n|t:|1781407186\n|move|p1a: Luvdisc|Endeavor|p2a: Bastiodon\n|-damage|p2a: Bastiodon|186/252 slp\n|cant|p2a: Bastiodon|slp\n|\n|upkeep\n|turn|12\n|\n|t:|1781407189\n|move|p1a: Luvdisc|Surf|p2a: Bastiodon\n|-damage|p2a: Bastiodon|132/252 slp\n|cant|p2a: Bastiodon|slp\n|\n|upkeep\n|turn|13\n|\n|t:|1781407192\n|move|p1a: Luvdisc|Surf|p2a: Bastiodon\n|-damage|p2a: Bastiodon|83/252 slp\n|-curestatus|p2a: Bastiodon|slp|[msg]\n|move|p2a: Bastiodon|Foul Play|p1a: Luvdisc\n|-end|p1a: Luvdisc|Substitute\n|\n|upkeep\n|turn|14\n|\n|t:|1781407196\n|move|p1a: Luvdisc|Substitute|p1a: Luvdisc\n|-start|p1a: Luvdisc|Substitute\n|-damage|p1a: Luvdisc|125/247\n|move|p2a: Bastiodon|Rest|p2a: Bastiodon\n|-status|p2a: Bastiodon|slp|[from] move: Rest\n|-heal|p2a: Bastiodon|252/252 slp|[silent]\n|\n|upkeep\n|turn|15\n|\n|t:|1781407199\n|move|p1a: Luvdisc|Endeavor|p2a: Bastiodon\n|-damage|p2a: Bastiodon|125/252 slp\n|cant|p2a: Bastiodon|slp\n|\n|upkeep\n|turn|16\n|\n|t:|1781407203\n|move|p1a: Luvdisc|Surf|p2a: Bastiodon\n|-damage|p2a: Bastiodon|73/252 slp\n|cant|p2a: Bastiodon|slp\n|\n|upkeep\n|turn|17\n|\n|t:|1781407206\n|move|p1a: Luvdisc|Surf|p2a: Bastiodon\n|-damage|p2a: Bastiodon|22/252 slp\n|-curestatus|p2a: Bastiodon|slp|[msg]\n|move|p2a: Bastiodon|Rest|p2a: Bastiodon\n|-status|p2a: Bastiodon|slp|[from] move: Rest\n|-heal|p2a: Bastiodon|252/252 slp|[silent]\n|\n|upkeep\n|turn|18\n|\n|t:|1781407209\n|move|p1a: Luvdisc|Endeavor|p2a: Bastiodon\n|-damage|p2a: Bastiodon|125/252 slp\n|cant|p2a: Bastiodon|slp\n|\n|upkeep\n|turn|19\n|\n|t:|1781407212\n|move|p1a: Luvdisc|Surf|p2a: Bastiodon\n|-damage|p2a: Bastiodon|80/252 slp\n|cant|p2a: Bastiodon|slp\n|\n|upkeep\n|turn|20\n|\n|t:|1781407213\n|move|p1a: Luvdisc|Surf|p2a: Bastiodon\n|-damage|p2a: Bastiodon|29/252 slp\n|-curestatus|p2a: Bastiodon|slp|[msg]\n|move|p2a: Bastiodon|Rest|p2a: Bastiodon\n|-status|p2a: Bastiodon|slp|[from] move: Rest\n|-heal|p2a: Bastiodon|252/252 slp|[silent]\n|\n|upkeep\n|turn|21\n|\n|t:|1781407216\n|move|p1a: Luvdisc|Endeavor|p2a: Bastiodon\n|-damage|p2a: Bastiodon|125/252 slp\n|cant|p2a: Bastiodon|slp\n|\n|upkeep\n|turn|22\n|\n|t:|1781407218\n|move|p1a: Luvdisc|Surf|p2a: Bastiodon\n|-damage|p2a: Bastiodon|73/252 slp\n|cant|p2a: Bastiodon|slp\n|\n|upkeep\n|turn|23\n|\n|t:|1781407221\n|move|p1a: Luvdisc|Surf|p2a: Bastiodon\n|-damage|p2a: Bastiodon|28/252 slp\n|-curestatus|p2a: Bastiodon|slp|[msg]\n|move|p2a: Bastiodon|Rest|p2a: Bastiodon\n|-status|p2a: Bastiodon|slp|[from] move: Rest\n|-heal|p2a: Bastiodon|252/252 slp|[silent]\n|\n|upkeep\n|turn|24\n|\n|t:|1781407223\n|move|p1a: Luvdisc|Endeavor|p2a: Bastiodon\n|-damage|p2a: Bastiodon|125/252 slp\n|cant|p2a: Bastiodon|slp\n|\n|upkeep\n|turn|25\n|\n|t:|1781407225\n|move|p1a: Luvdisc|Surf|p2a: Bastiodon\n|-damage|p2a: Bastiodon|77/252 slp\n|cant|p2a: Bastiodon|slp\n|\n|upkeep\n|turn|26\n|\n|t:|1781407227\n|move|p1a: Luvdisc|Surf|p2a: Bastiodon\n|-crit|p2a: Bastiodon\n|-damage|p2a: Bastiodon|10/252 slp\n|-curestatus|p2a: Bastiodon|slp|[msg]\n|move|p2a: Bastiodon|Rest|p2a: Bastiodon\n|-status|p2a: Bastiodon|slp|[from] move: Rest\n|-heal|p2a: Bastiodon|252/252 slp|[silent]\n|\n|upkeep\n|turn|27\n|\n|t:|1781407230\n|move|p1a: Luvdisc|Endeavor|p2a: Bastiodon\n|-damage|p2a: Bastiodon|125/252 slp\n|cant|p2a: Bastiodon|slp\n|\n|upkeep\n|turn|28\n|\n|t:|1781407232\n|move|p1a: Luvdisc|Surf|p2a: Bastiodon\n|-damage|p2a: Bastiodon|76/252 slp\n|cant|p2a: Bastiodon|slp\n|\n|upkeep\n|turn|29\n|\n|t:|1781407234\n|move|p1a: Luvdisc|Surf|p2a: Bastiodon\n|-damage|p2a: Bastiodon|28/252 slp\n|-curestatus|p2a: Bastiodon|slp|[msg]\n|move|p2a: Bastiodon|Body Press|p1a: Luvdisc\n|-end|p1a: Luvdisc|Substitute\n|\n|upkeep\n|turn|30\n|\n|t:|1781407237\n|move|p1a: Luvdisc|Surf|p2a: Bastiodon\n|-damage|p2a: Bastiodon|0 fnt\n|faint|p2a: Bastiodon\n|\n|upkeep\n|\n|t:|1781407244\n|switch|p2a: Wyrdeer|Wyrdeer, L87, F|321/321\n|-ability|p2a: Wyrdeer|Intimidate|boost\n|-unboost|p1a: Luvdisc|atk|1\n|turn|31\n|\n|t:|1781407256\n|move|p1a: Luvdisc|Flip Turn|p2a: Wyrdeer\n|-damage|p2a: Wyrdeer|291/321\n|\n|t:|1781407264\n|switch|p1a: Dunsparce|Dunsparce, L86, F|312/312|[from] Flip Turn\n|move|p2a: Wyrdeer|Body Slam|p1a: Dunsparce\n|-damage|p1a: Dunsparce|237/312\n|\n|-heal|p2a: Wyrdeer|311/321|[from] item: Leftovers\n|upkeep\n|turn|32\n|\n|t:|1781407270\n|move|p2a: Wyrdeer|Thunder Wave|p1a: Dunsparce\n|-status|p1a: Dunsparce|par\n|move|p1a: Dunsparce|Body Slam|p2a: Wyrdeer\n|-damage|p2a: Wyrdeer|232/321\n|\n|-heal|p2a: Wyrdeer|252/321|[from] item: Leftovers\n|upkeep\n|turn|33\n|\n|t:|1781407283\n|move|p2a: Wyrdeer|Psychic Noise|p1a: Dunsparce\n|-damage|p1a: Dunsparce|162/312 par\n|-start|p1a: Dunsparce|move: Heal Block\n|move|p1a: Dunsparce|Body Slam|p2a: Wyrdeer\n|-damage|p2a: Wyrdeer|164/321\n|-status|p2a: Wyrdeer|par\n|\n|-heal|p2a: Wyrdeer|184/321 par|[from] item: Leftovers\n|upkeep\n|turn|34\n|\n|t:|1781407290\n|cant|p2a: Wyrdeer|par\n|move|p1a: Dunsparce|Body Slam|p2a: Wyrdeer\n|-damage|p2a: Wyrdeer|99/321 par\n|\n|-heal|p2a: Wyrdeer|119/321 par|[from] item: Leftovers\n|-end|p1a: Dunsparce|move: Heal Block\n|upkeep\n|turn|35\n|\n|t:|1781407293\n|switch|p2a: Iron Valiant|Iron Valiant, L78|244/244\n|move|p1a: Dunsparce|Body Slam|p2a: Iron Valiant\n|-damage|p2a: Iron Valiant|159/244\n|-status|p2a: Iron Valiant|par\n|\n|upkeep\n|turn|36\n|\n|t:|1781407303\n|switch|p1a: Luvdisc|Luvdisc, M|125/247\n|cant|p2a: Iron Valiant|par\n|\n|upkeep\n|turn|37\n|\n|t:|1781407306\n|move|p1a: Luvdisc|Substitute|p1a: Luvdisc\n|-start|p1a: Luvdisc|Substitute\n|-damage|p1a: Luvdisc|64/247\n|move|p2a: Iron Valiant|Close Combat|p1a: Luvdisc\n|-end|p1a: Luvdisc|Substitute\n|-unboost|p2a: Iron Valiant|def|1\n|-unboost|p2a: Iron Valiant|spd|1\n|-damage|p2a: Iron Valiant|135/244 par|[from] item: Life Orb\n|\n|upkeep\n|turn|38\n|\n|t:|1781407310\n|move|p1a: Luvdisc|Surf|p2a: Iron Valiant\n|-damage|p2a: Iron Valiant|0 fnt\n|faint|p2a: Iron Valiant\n|-end|p2a: Iron Valiant|Quark Drive|[silent]\n|\n|upkeep\n|\n|t:|1781407313\n|switch|p2a: Wyrdeer|Wyrdeer, L87, F|119/321 par\n|-ability|p2a: Wyrdeer|Intimidate|boost\n|-unboost|p1a: Luvdisc|atk|1\n|turn|39\n|\n|t:|1781407319\n|move|p1a: Luvdisc|Flip Turn|p2a: Wyrdeer\n|-crit|p2a: Wyrdeer\n|-damage|p2a: Wyrdeer|44/321 par\n|\n|t:|1781407323\n|switch|p1a: Dunsparce|Dunsparce, L86, F|162/312 par|[from] Flip Turn\n|move|p2a: Wyrdeer|Psychic Noise|p1a: Dunsparce\n|-damage|p1a: Dunsparce|86/312 par\n|-start|p1a: Dunsparce|move: Heal Block\n|\n|-heal|p2a: Wyrdeer|64/321 par|[from] item: Leftovers\n|upkeep\n|turn|40\n|\n|t:|1781407329\n|move|p2a: Wyrdeer|Psychic Noise|p1a: Dunsparce\n|-damage|p1a: Dunsparce|16/312 par\n|cant|p1a: Dunsparce|par\n|\n|-heal|p2a: Wyrdeer|84/321 par|[from] item: Leftovers\n|-end|p1a: Dunsparce|move: Heal Block\n|upkeep\n|turn|41\n|\n|t:|1781407333\n|move|p2a: Wyrdeer|Psychic Noise|p1a: Dunsparce\n|-damage|p1a: Dunsparce|0 fnt\n|faint|p1a: Dunsparce\n|\n|-heal|p2a: Wyrdeer|104/321 par|[from] item: Leftovers\n|upkeep\n|\n|t:|1781407340\n|switch|p1a: Pawmot|Pawmot, L80, F|243/243\n|turn|42\n|\n|t:|1781407343\n|move|p1a: Pawmot|Close Combat|p2a: Wyrdeer\n|-damage|p2a: Wyrdeer|0 fnt\n|-unboost|p1a: Pawmot|def|1\n|-unboost|p1a: Pawmot|spd|1\n|faint|p2a: Wyrdeer\n|-damage|p1a: Pawmot|219/243|[from] item: Life Orb\n|\n|upkeep\n|\n|t:|1781407346\n|switch|p2a: Inteleon|Inteleon, L81, M|246/246\n|turn|43\n|\n|t:|1781407351\n|switch|p1a: Lapras|Lapras, L87, M|368/368\n|move|p2a: Inteleon|Scald|p1a: Lapras\n|-immune|p1a: Lapras|[from] ability: Water Absorb\n|\n|upkeep\n|turn|44\n|\n|t:|1781407355\n|switch|p2a: Dondozo|Dondozo, L78, F|362/362\n|move|p1a: Lapras|Sparkling Aria|p2a: Dondozo\n|-resisted|p2a: Dondozo\n|-damage|p2a: Dondozo|306/362\n|\n|-heal|p2a: Dondozo|328/362|[from] item: Leftovers\n|upkeep\n|turn|45\n|\n|t:|1781407359\n|move|p1a: Lapras|Freeze-Dry|p2a: Dondozo\n|-supereffective|p2a: Dondozo\n|-damage|p2a: Dondozo|118/362\n|move|p2a: Dondozo|Wave Crash|p1a: Lapras\n|-immune|p1a: Lapras|[from] ability: Water Absorb\n|\n|-heal|p2a: Dondozo|140/362|[from] item: Leftovers\n|upkeep\n|turn|46\n|\n|t:|1781407362\n|move|p1a: Lapras|Freeze-Dry|p2a: Dondozo\n|-supereffective|p2a: Dondozo\n|-damage|p2a: Dondozo|0 fnt\n|faint|p2a: Dondozo\n|\n|upkeep\n|\n|t:|1781407363\n|switch|p2a: Kleavor|Kleavor, L78, M|237/237\n|turn|47\n|\n|t:|1781407370\n|switch|p1a: Pawmot|Pawmot, L80, F|219/243\n|move|p2a: Kleavor|Stone Axe|p1a: Pawmot\n|-resisted|p1a: Pawmot\n|-damage|p1a: Pawmot|150/243\n|-sidestart|p1: inversify|move: Stealth Rock\n|\n|upkeep\n|turn|48\n|\n|t:|1781407376\n|move|p1a: Pawmot|Double Shock|p2a: Kleavor\n|-damage|p2a: Kleavor|52/237\n|-start|p1a: Pawmot|typechange|???/Fighting|[from] move: Double Shock\n|-damage|p1a: Pawmot|126/243|[from] item: Life Orb\n|move|p2a: Kleavor|X-Scissor|p1a: Pawmot\n|-resisted|p1a: Pawmot\n|-damage|p1a: Pawmot|33/243\n|\n|upkeep\n|turn|49\n|-message|mayqueen nyannyan forfeited.\n|\n|win|inversify\n", "inputlog": ">version a8376a258c1d4662feba110a92103f3664a72141\n>start {\"formatid\":\"gen9randombattle\",\"seed\":\"sodium,d7e4428bc4d3987d9f2c2a0cdca6aa37\",\"rated\":\"Rated battle\"}\n>player p1 {\"name\":\"inversify\",\"avatar\":\"lana\",\"rating\":2309,\"seed\":\"sodium,aa291381123871881ba6a732c8e34210\"}\n>player p2 {\"name\":\"mayqueen nyannyan\",\"avatar\":\"169\",\"rating\":2307,\"seed\":\"sodium,9aafb25aeef09fff0b315f59ced79d68\"}\n>p1 move swordsdance\n>p2 move irondefense\n>p1 move terablast terastallize\n>p2 move irondefense\n>p1 move terablast\n>p2 move rest terastallize\n>p1 move playrough\n>p2 move bodypress\n>p1 switch 4\n>p1 move substitute\n>p2 move irondefense\n>p1 move surf\n>p2 move rest\n>p1 move endeavor\n>p2 move foulplay\n>p1 move surf\n>p2 move rest\n>p1 move surf\n>p2 move foulplay\n>p1 move surf\n>p2 move rest\n>p1 move endeavor\n>p2 move rest\n>p1 move surf\n>p2 move foulplay\n>p1 move surf\n>p2 move foulplay\n>p1 move substitute\n>p2 move rest\n>p1 move endeavor\n>p2 move foulplay\n>p1 move surf\n>p2 move rest\n>p1 move surf\n>p2 move rest\n>p1 move endeavor\n>p2 move rest\n>p1 move surf\n>p2 move rest\n>p1 move surf\n>p2 move rest\n>p1 move endeavor\n>p2 move rest\n>p1 move surf\n>p2 move rest\n>p1 move surf\n>p2 move rest\n>p1 move endeavor\n>p2 move irondefense\n>p1 move surf\n>p2 move irondefense\n>p1 move surf\n>p2 move rest\n>p1 move endeavor\n>p2 move irondefense\n>p1 move surf\n>p2 move bodypress\n>p1 move surf\n>p2 move bodypress\n>p1 move surf\n>p2 move bodypress\n>p2 switch 3\n>p1 move flipturn\n>p2 move bodyslam\n>p1 switch 2\n>p1 move bodyslam\n>p2 move thunderwave\n>p1 move bodyslam\n>p2 move psychicnoise\n>p1 move bodyslam\n>p2 move psychicnoise\n>p1 move bodyslam\n>p2 switch 6\n>p1 switch 2\n>p2 move closecombat\n>p1 move substitute\n>p2 move closecombat\n>p1 move surf\n>p2 move moonblast\n>p2 switch 6\n>p1 move flipturn\n>p2 move psychicnoise\n>p1 switch 2\n>p1 move bodyslam\n>p2 move psychicnoise\n>p1 move bodyslam\n>p2 move psychicnoise\n>p1 switch 3\n>p1 move closecombat\n>p2 move earthquake\n>p2 switch 4\n>p1 switch 5\n>p2 move scald\n>p1 move sparklingaria\n>p2 switch 5\n>p1 move freezedry\n>p2 move wavecrash\n>p1 move freezedry\n>p2 move wavecrash\n>p2 switch 2\n>p1 switch 5\n>p2 move stoneaxe\n>p1 move doubleshock\n>p2 move xscissor\n>forcelose p2", "uploadtime": 1781407086, "views": 5, "formatid": "gen9randombattle", "rating": null, "private": 0, "password": null}