{"id": "gen9randombattle-2631734761", "format": "[Gen 9] Random Battle", "players": ["marrickchill", "Etjx"], "log": "|j|\u2606marrickchill\n|j|\u2606Etjx\n|t:|1781430850\n|gametype|singles\n|player|p1|marrickchill|266|2051\n|player|p2|Etjx|policeman-gen4|2050\n|gen|9\n|tier|[Gen 9] Random Battle\n|rated|\n|rule|Species Clause: Limit one of each Pok\u00e9mon\n|rule|HP Percentage Mod: HP is shown in percentages\n|rule|Sleep Clause Mod: Limit one foe put to sleep\n|rule|Illusion Level Mod: Illusion disguises the Pok\u00e9mon's true level\n|\n|t:|1781430850\n|teamsize|p1|6\n|teamsize|p2|6\n|start\n|switch|p1a: Thundurus|Thundurus-Therian, L80, M|258/258\n|switch|p2a: Leafeon|Leafeon, L88, F|258/258\n|turn|1\n|inactive|Battle timer is ON: inactive players will automatically lose when time's up. (requested by Etjx)\n|\n|t:|1781430863\n|switch|p1a: Tauros|Tauros, L82, M|257/257\n|move|p2a: Leafeon|Swords Dance|p2a: Leafeon\n|-boost|p2a: Leafeon|atk|2\n|\n|upkeep\n|turn|2\n|\n|t:|1781430876\n|move|p1a: Tauros|Body Slam|p2a: Leafeon\n|-damage|p2a: Leafeon|153/258\n|move|p2a: Leafeon|Leaf Blade|p1a: Tauros\n|-damage|p1a: Tauros|0 fnt\n|faint|p1a: Tauros\n|-damage|p2a: Leafeon|128/258|[from] item: Life Orb\n|\n|upkeep\n|\n|t:|1781430883\n|switch|p1a: Glastrier|Glastrier, L86|312/312\n|turn|3\n|\n|t:|1781430893\n|move|p2a: Leafeon|Leaf Blade|p1a: Glastrier\n|-crit|p1a: Glastrier\n|-damage|p1a: Glastrier|0 fnt\n|faint|p1a: Glastrier\n|-damage|p2a: Leafeon|103/258|[from] item: Life Orb\n|\n|upkeep\n|\n|t:|1781430897\n|switch|p1a: Kommo-o|Kommo-o, L78, F|245/245\n|turn|4\n|\n|t:|1781430916\n|-terastallize|p1a: Kommo-o|Steel\n|move|p2a: Leafeon|Double-Edge|p1a: Kommo-o\n|-resisted|p1a: Kommo-o\n|-damage|p1a: Kommo-o|131/245\n|-damage|p2a: Leafeon|65/258|[from] Recoil\n|-damage|p2a: Leafeon|40/258|[from] item: Life Orb\n|move|p1a: Kommo-o|Clangorous Soul|p1a: Kommo-o\n|-boost|p1a: Kommo-o|atk|1\n|-boost|p1a: Kommo-o|def|1\n|-boost|p1a: Kommo-o|spa|1\n|-boost|p1a: Kommo-o|spd|1\n|-boost|p1a: Kommo-o|spe|1\n|-damage|p1a: Kommo-o|51/245\n|-enditem|p1a: Kommo-o|Throat Spray\n|-boost|p1a: Kommo-o|spa|1|[from] item: Throat Spray\n|\n|upkeep\n|turn|5\n|\n|t:|1781430921\n|move|p1a: Kommo-o|Drain Punch|p2a: Leafeon\n|-damage|p2a: Leafeon|0 fnt\n|-heal|p1a: Kommo-o|71/245|[from] drain|[of] p2a: Leafeon\n|faint|p2a: Leafeon\n|\n|upkeep\n|\n|t:|1781430929\n|switch|p2a: Donphan|Donphan, L84, M|288/288\n|turn|6\n|\n|t:|1781430935\n|move|p1a: Kommo-o|Clanging Scales|p2a: Donphan\n|-damage|p2a: Donphan|17/288\n|-unboost|p1a: Kommo-o|def|1\n|move|p2a: Donphan|Earthquake|p1a: Kommo-o\n|-supereffective|p1a: Kommo-o\n|-damage|p1a: Kommo-o|0 fnt\n|faint|p1a: Kommo-o\n|\n|-heal|p2a: Donphan|35/288|[from] item: Leftovers\n|upkeep\n|\n|t:|1781430940\n|switch|p1a: Electivire|Electivire, L84, F|263/263\n|turn|7\n|\n|t:|1781430964\n|move|p2a: Donphan|Ice Shard|p1a: Electivire\n|-damage|p1a: Electivire|220/263\n|move|p1a: Electivire|Earthquake|p2a: Donphan\n|-damage|p2a: Donphan|0 fnt\n|faint|p2a: Donphan\n|-damage|p1a: Electivire|194/263|[from] item: Life Orb\n|\n|upkeep\n|\n|t:|1781430969\n|switch|p2a: Sandaconda|Sandaconda, L84, F|258/258\n|turn|8\n|\n|t:|1781430975\n|move|p1a: Electivire|Ice Punch|p2a: Sandaconda\n|-supereffective|p2a: Sandaconda\n|-damage|p2a: Sandaconda|120/258\n|-damage|p1a: Electivire|168/263|[from] item: Life Orb\n|move|p2a: Sandaconda|Scale Shot|p1a: Electivire\n|-damage|p1a: Electivire|146/263\n|-damage|p1a: Electivire|124/263\n|-damage|p1a: Electivire|102/263\n|-damage|p1a: Electivire|77/263\n|-damage|p1a: Electivire|52/263\n|-hitcount|p1a: Electivire|5\n|-unboost|p2a: Sandaconda|def|1\n|-boost|p2a: Sandaconda|spe|1\n|\n|upkeep\n|turn|9\n|\n|t:|1781430979\n|move|p2a: Sandaconda|Earthquake|p1a: Electivire\n|-supereffective|p1a: Electivire\n|-damage|p1a: Electivire|0 fnt\n|faint|p1a: Electivire\n|\n|upkeep\n|\n|t:|1781430983\n|switch|p1a: Thundurus|Thundurus-Therian, L80, M|258/258\n|turn|10\n|\n|t:|1781430987\n|move|p2a: Sandaconda|Rock Blast|p1a: Thundurus\n|-supereffective|p1a: Thundurus\n|-damage|p1a: Thundurus|210/258\n|-supereffective|p1a: Thundurus\n|-damage|p1a: Thundurus|160/258\n|-supereffective|p1a: Thundurus\n|-damage|p1a: Thundurus|114/258\n|-supereffective|p1a: Thundurus\n|-damage|p1a: Thundurus|62/258\n|-hitcount|p1a: Thundurus|4\n|move|p1a: Thundurus|Focus Blast|p2a: Sandaconda\n|-damage|p2a: Sandaconda|0 fnt\n|faint|p2a: Sandaconda\n|\n|upkeep\n|\n|t:|1781431017\n|switch|p2a: Ampharos|Ampharos, L88, F|302/302\n|turn|11\n|\n|t:|1781431021\n|move|p1a: Thundurus|Focus Blast|p2a: Ampharos\n|-damage|p2a: Ampharos|192/302\n|move|p2a: Ampharos|Agility|p2a: Ampharos\n|-boost|p2a: Ampharos|spe|2\n|\n|upkeep\n|turn|12\n|-message|marrickchill forfeited.\n|\n|win|Etjx\n|raw|marrickchill's rating: 2051 &rarr; <strong>2031</strong><br />(-20 for losing)\n|raw|Etjx's rating: 2050 &rarr; <strong>2070</strong><br />(+20 for winning)\n", "inputlog": ">version a8376a258c1d4662feba110a92103f3664a72141\n>start {\"formatid\":\"gen9randombattle\",\"seed\":\"sodium,54c18009c9832c54bb6f5946ef5a26e4\",\"rated\":\"Rated battle\"}\n>player p1 {\"name\":\"marrickchill\",\"avatar\":\"266\",\"rating\":2051,\"seed\":\"sodium,cacbeb3b8919b232ff777cd1f717cbbc\"}\n>player p2 {\"name\":\"Etjx\",\"avatar\":\"policeman-gen4\",\"rating\":2050,\"seed\":\"sodium,ee82f0ec118b080aa4f7b3fb45846d0e\"}\n>p1 switch 3\n>p2 move swordsdance\n>p1 move bodyslam\n>p2 move leafblade\n>p1 switch 2\n>p1 move iciclecrash\n>p2 move leafblade\n>p1 switch 5\n>p1 move clangoroussoul terastallize\n>p2 move doubleedge\n>p1 move drainpunch\n>p2 move knockoff\n>p2 switch 2\n>p1 move clangingscales\n>p2 move earthquake\n>p1 switch 6\n>p1 move earthquake\n>p2 move iceshard\n>p2 switch 6\n>p1 move icepunch\n>p2 move scaleshot\n>p1 move icepunch\n>p2 move earthquake\n>p1 switch 3\n>p1 move focusblast\n>p2 move rockblast\n>p2 switch 5\n>p1 move focusblast\n>p2 move agility\n>forcelose p1", "uploadtime": 1781430853, "views": 6, "formatid": "gen9randombattle", "rating": 2031, "private": 0, "password": null}