{"id": "gen9randombattle-2631996555", "format": "[Gen 9] Random Battle", "players": ["OverthereStair", "discodiscogoodgood"], "log": "|j|\u2606OverthereStair\n|j|\u2606discodiscogoodgood\n|t:|1781464110\n|gametype|singles\n|player|p1|OverthereStair|hilda|2085\n|player|p2|discodiscogoodgood|musician|2105\n|gen|9\n|tier|[Gen 9] Random Battle\n|rated|\n|rule|Species Clause: Limit one of each Pok\u00e9mon\n|rule|HP Percentage Mod: HP is shown in percentages\n|rule|Sleep Clause Mod: Limit one foe put to sleep\n|rule|Illusion Level Mod: Illusion disguises the Pok\u00e9mon's true level\n|\n|t:|1781464110\n|teamsize|p1|6\n|teamsize|p2|6\n|start\n|switch|p1a: Ribombee|Ribombee, L83, M|235/235\n|switch|p2a: Pelipper|Pelipper, L86, M|243/243\n|-weather|RainDance|[from] ability: Drizzle|[of] p2a: Pelipper\n|turn|1\n|j| Yamcannon\n|inactive|Battle timer is ON: inactive players will automatically lose when time's up. (requested by discodiscogoodgood)\n|inactive|OverthereStair has 120 seconds left.\n|inactive|OverthereStair has 90 seconds left.\n|\n|t:|1781464197\n|move|p1a: Ribombee|Sticky Web|p2a: Pelipper\n|-sidestart|p2: discodiscogoodgood|move: Sticky Web\n|move|p2a: Pelipper|Hurricane|p1a: Ribombee\n|-supereffective|p1a: Ribombee\n|-enditem|p1a: Ribombee|Focus Sash\n|-damage|p1a: Ribombee|1/235\n|\n|-weather|RainDance|[upkeep]\n|upkeep\n|turn|2\n|\n|t:|1781464214\n|move|p1a: Ribombee|Moonblast|p2a: Pelipper\n|-damage|p2a: Pelipper|131/243\n|move|p2a: Pelipper|Surf|p1a: Ribombee\n|-damage|p1a: Ribombee|0 fnt\n|faint|p1a: Ribombee\n|\n|-weather|RainDance|[upkeep]\n|upkeep\n|\n|t:|1781464218\n|switch|p1a: Squawkabilly|Squawkabilly-Blue, L85, M|278/278\n|turn|3\n|\n|t:|1781464227\n|switch|p2a: Ampharos|Ampharos, L88, M|302/302\n|-activate|p2a: Ampharos|move: Sticky Web\n|-unboost|p2a: Ampharos|spe|1\n|move|p1a: Squawkabilly|Facade|p2a: Ampharos\n|-damage|p2a: Ampharos|220/302\n|\n|-weather|RainDance|[upkeep]\n|-status|p1a: Squawkabilly|brn|[from] item: Flame Orb\n|upkeep\n|turn|4\n|\n|t:|1781464240\n|move|p1a: Squawkabilly|U-turn|p2a: Ampharos\n|-damage|p2a: Ampharos|140/302\n|\n|t:|1781464244\n|switch|p1a: Exeggutor|Exeggutor, L89, M|312/312|[from] U-turn\n|move|p2a: Ampharos|Volt Switch|p1a: Exeggutor\n|-resisted|p1a: Exeggutor\n|-damage|p1a: Exeggutor|258/312\n|\n|t:|1781464248\n|switch|p2a: Jumpluff|Jumpluff, L87, F|271/271|[from] Volt Switch\n|\n|-weather|RainDance|[upkeep]\n|upkeep\n|turn|5\n|\n|t:|1781464253\n|switch|p1a: Grafaiai|Grafaiai, L86, M|249/249\n|move|p2a: Jumpluff|U-turn|p1a: Grafaiai\n|-resisted|p1a: Grafaiai\n|-damage|p1a: Grafaiai|228/249\n|\n|t:|1781464263\n|switch|p2a: Ampharos|Ampharos, L88, M|140/302|[from] U-turn\n|-activate|p2a: Ampharos|move: Sticky Web\n|-unboost|p2a: Ampharos|spe|1\n|\n|-weather|none\n|upkeep\n|turn|6\n|\n|t:|1781464272\n|move|p1a: Grafaiai|Gunk Shot|p2a: Ampharos\n|-damage|p2a: Ampharos|5/302\n|move|p2a: Ampharos|Volt Switch|p1a: Grafaiai\n|-damage|p1a: Grafaiai|162/249\n|\n|t:|1781464279\n|switch|p2a: Conkeldurr|Conkeldurr, L80, M|299/299|[from] Volt Switch\n|-activate|p2a: Conkeldurr|move: Sticky Web\n|-unboost|p2a: Conkeldurr|spe|1\n|\n|-status|p2a: Conkeldurr|brn|[from] item: Flame Orb\n|upkeep\n|turn|7\n|\n|t:|1781464291\n|move|p1a: Grafaiai|U-turn|p2a: Conkeldurr\n|-resisted|p2a: Conkeldurr\n|-damage|p2a: Conkeldurr|271/299 brn\n|\n|t:|1781464294\n|switch|p1a: Banette|Banette, L93, F|270/270|[from] U-turn\n|move|p2a: Conkeldurr|Facade|p1a: Banette\n|-immune|p1a: Banette\n|\n|-damage|p2a: Conkeldurr|253/299 brn|[from] brn\n|upkeep\n|turn|8\n|\n|t:|1781464303\n|switch|p2a: Farigiraf|Farigiraf, L90, F|362/362\n|-activate|p2a: Farigiraf|move: Sticky Web\n|-unboost|p2a: Farigiraf|spe|1\n|move|p1a: Banette|Poltergeist|p2a: Farigiraf\n|-immune|p2a: Farigiraf\n|\n|upkeep\n|turn|9\n|\n|t:|1781464308\n|move|p1a: Banette|Swords Dance|p1a: Banette\n|-boost|p1a: Banette|atk|2\n|move|p2a: Farigiraf|Psychic Noise|p1a: Banette\n|-damage|p1a: Banette|150/270\n|-start|p1a: Banette|move: Heal Block\n|-start|p2a: Farigiraf|Disable|Psychic Noise|[from] ability: Cursed Body|[of] p1a: Banette\n|\n|upkeep\n|turn|10\n|\n|t:|1781464312\n|switch|p2a: Ampharos|Ampharos, L88, M|5/302\n|-activate|p2a: Ampharos|move: Sticky Web\n|-unboost|p2a: Ampharos|spe|1\n|move|p1a: Banette|Gunk Shot|p2a: Ampharos|[miss]\n|-miss|p1a: Banette|p2a: Ampharos\n|\n|-end|p1a: Banette|move: Heal Block\n|upkeep\n|turn|11\n|\n|t:|1781464319\n|move|p1a: Banette|Poltergeist|p2a: Ampharos\n|-activate|p2a: Ampharos|move: Poltergeist|Assault Vest\n|-damage|p2a: Ampharos|0 fnt\n|faint|p2a: Ampharos\n|-damage|p1a: Banette|123/270|[from] item: Life Orb\n|\n|upkeep\n|\n|t:|1781464322\n|switch|p2a: Farigiraf|Farigiraf, L90, F|362/362\n|-activate|p2a: Farigiraf|move: Sticky Web\n|-unboost|p2a: Farigiraf|spe|1\n|turn|12\n|\n|t:|1781464324\n|move|p2a: Farigiraf|Protect|p2a: Farigiraf\n|-singleturn|p2a: Farigiraf|Protect\n|move|p1a: Banette|Gunk Shot|p2a: Farigiraf\n|-activate|p2a: Farigiraf|move: Protect\n|\n|upkeep\n|turn|13\n|\n|t:|1781464330\n|move|p1a: Banette|Gunk Shot|p2a: Farigiraf|[miss]\n|-miss|p1a: Banette|p2a: Farigiraf\n|move|p2a: Farigiraf|Psychic Noise|p1a: Banette\n|-damage|p1a: Banette|14/270\n|-start|p1a: Banette|move: Heal Block\n|\n|upkeep\n|turn|14\n|\n|t:|1781464336\n|move|p1a: Banette|Gunk Shot|p2a: Farigiraf|[miss]\n|-miss|p1a: Banette|p2a: Farigiraf\n|move|p2a: Farigiraf|Wish|p2a: Farigiraf\n|\n|-end|p1a: Banette|move: Heal Block\n|upkeep\n|turn|15\n|\n|t:|1781464340\n|move|p1a: Banette|Gunk Shot|p2a: Farigiraf\n|-damage|p2a: Farigiraf|16/362\n|-damage|p1a: Banette|0 fnt|[from] item: Life Orb\n|faint|p1a: Banette\n|move|p2a: Farigiraf|Psychic Noise|p1: Banette|[notarget]\n|-fail|p2a: Farigiraf\n|\n|-heal|p2a: Farigiraf|197/362|[from] move: Wish|[wisher] Farigiraf\n|-heal|p2a: Farigiraf|219/362|[from] item: Leftovers\n|upkeep\n|\n|t:|1781464344\n|switch|p1a: Grafaiai|Grafaiai, L86, M|162/249\n|turn|16\n|\n|t:|1781464347\n|move|p2a: Farigiraf|Protect|p2a: Farigiraf\n|-singleturn|p2a: Farigiraf|Protect\n|move|p1a: Grafaiai|Knock Off|p2a: Farigiraf\n|-activate|p2a: Farigiraf|move: Protect\n|\n|-heal|p2a: Farigiraf|241/362|[from] item: Leftovers\n|upkeep\n|turn|17\n|\n|t:|1781464353\n|move|p1a: Grafaiai|Knock Off|p2a: Farigiraf\n|-supereffective|p2a: Farigiraf\n|-damage|p2a: Farigiraf|69/362\n|-status|p2a: Farigiraf|psn|[from] ability: Poison Touch|[of] p1a: Grafaiai\n|-enditem|p2a: Farigiraf|Leftovers|[from] move: Knock Off|[of] p1a: Grafaiai\n|move|p2a: Farigiraf|Wish|p2a: Farigiraf\n|\n|-damage|p2a: Farigiraf|24/362 psn|[from] psn\n|upkeep\n|turn|18\n|\n|t:|1781464357\n|move|p2a: Farigiraf|Protect|p2a: Farigiraf\n|-singleturn|p2a: Farigiraf|Protect\n|move|p1a: Grafaiai|U-turn|p2a: Farigiraf\n|-activate|p2a: Farigiraf|move: Protect\n|\n|-heal|p2a: Farigiraf|205/362 psn|[from] move: Wish|[wisher] Farigiraf\n|-damage|p2a: Farigiraf|160/362 psn|[from] psn\n|upkeep\n|turn|19\n|\n|t:|1781464360\n|move|p1a: Grafaiai|U-turn|p2a: Farigiraf\n|-supereffective|p2a: Farigiraf\n|-damage|p2a: Farigiraf|40/362 psn\n|\n|t:|1781464362\n|switch|p1a: Exeggutor|Exeggutor, L89, M|258/312|[from] U-turn\n|move|p2a: Farigiraf|Psychic Noise|p1a: Exeggutor\n|-resisted|p1a: Exeggutor\n|-damage|p1a: Exeggutor|201/312\n|-start|p1a: Exeggutor|move: Heal Block\n|\n|-damage|p2a: Farigiraf|0 fnt|[from] psn\n|faint|p2a: Farigiraf\n|upkeep\n|\n|t:|1781464366\n|switch|p2a: Jumpluff|Jumpluff, L87, F|271/271\n|turn|20\n|\n|t:|1781464370\n|move|p2a: Jumpluff|U-turn|p1a: Exeggutor\n|-supereffective|p1a: Exeggutor\n|-damage|p1a: Exeggutor|65/312\n|\n|t:|1781464375\n|switch|p2a: Pelipper|Pelipper, L86, M|131/243|[from] U-turn\n|-weather|RainDance|[from] ability: Drizzle|[of] p2a: Pelipper\n|move|p1a: Exeggutor|Psychic Noise|p2a: Pelipper\n|-damage|p2a: Pelipper|0 fnt\n|faint|p2a: Pelipper\n|\n|-weather|RainDance|[upkeep]\n|-end|p1a: Exeggutor|move: Heal Block\n|upkeep\n|-enditem|p1a: Exeggutor|Sitrus Berry|[eat]\n|-heal|p1a: Exeggutor|143/312|[from] item: Sitrus Berry\n|\n|t:|1781464384\n|switch|p2a: Jumpluff|Jumpluff, L87, F|271/271\n|turn|21\n|\n|t:|1781464387\n|move|p1a: Exeggutor|Protect|p1a: Exeggutor\n|-singleturn|p1a: Exeggutor|Protect\n|move|p2a: Jumpluff|Acrobatics|p1a: Exeggutor\n|-activate|p1a: Exeggutor|move: Protect\n|\n|-weather|RainDance|[upkeep]\n|upkeep\n|turn|22\n|l| Yamcannon\n|\n|t:|1781464393\n|switch|p1a: Trevenant|Trevenant, L89, M|296/296\n|move|p2a: Jumpluff|U-turn|p1a: Trevenant\n|-damage|p1a: Trevenant|260/296\n|\n|t:|1781464397\n|switch|p2a: Conkeldurr|Conkeldurr, L80, M|253/299 brn|[from] U-turn\n|-activate|p2a: Conkeldurr|move: Sticky Web\n|-unboost|p2a: Conkeldurr|spe|1\n|\n|-weather|RainDance|[upkeep]\n|-damage|p2a: Conkeldurr|235/299 brn|[from] brn\n|upkeep\n|turn|23\n|\n|t:|1781464402\n|move|p1a: Trevenant|Wood Hammer|p2a: Conkeldurr\n|-damage|p2a: Conkeldurr|0 fnt\n|faint|p2a: Conkeldurr\n|-damage|p1a: Trevenant|182/296|[from] Recoil\n|\n|-weather|RainDance|[upkeep]\n|upkeep\n|\n|t:|1781464406\n|switch|p2a: Jumpluff|Jumpluff, L87, F|271/271\n|turn|24\n|\n|t:|1781464411\n|switch|p1a: Exeggutor|Exeggutor, L89, M|143/312\n|move|p2a: Jumpluff|Acrobatics|p1a: Exeggutor\n|-supereffective|p1a: Exeggutor\n|-damage|p1a: Exeggutor|0 fnt\n|faint|p1a: Exeggutor\n|\n|-weather|none\n|upkeep\n|\n|t:|1781464413\n|switch|p1a: Squawkabilly|Squawkabilly-Blue, L85, M|278/278 brn\n|turn|25\n|\n|t:|1781464420\n|-terastallize|p1a: Squawkabilly|Normal\n|move|p2a: Jumpluff|U-turn|p1a: Squawkabilly\n|-crit|p1a: Squawkabilly\n|-damage|p1a: Squawkabilly|201/278 brn\n|\n|t:|1781464424\n|switch|p2a: Lycanroc|Lycanroc, L86, M|269/269|[from] U-turn\n|-activate|p2a: Lycanroc|move: Sticky Web\n|-unboost|p2a: Lycanroc|spe|1\n|move|p1a: Squawkabilly|Facade|p2a: Lycanroc\n|-resisted|p2a: Lycanroc\n|-damage|p2a: Lycanroc|68/269\n|\n|-damage|p1a: Squawkabilly|184/278 brn|[from] brn\n|upkeep\n|turn|26\n|\n|t:|1781464432\n|move|p1a: Squawkabilly|Quick Attack|p2a: Lycanroc\n|-resisted|p2a: Lycanroc\n|-damage|p2a: Lycanroc|19/269\n|move|p2a: Lycanroc|Accelerock|p1a: Squawkabilly\n|-damage|p1a: Squawkabilly|81/278 brn\n|-damage|p2a: Lycanroc|0 fnt|[from] item: Life Orb\n|faint|p2a: Lycanroc\n|\n|-damage|p1a: Squawkabilly|64/278 brn|[from] brn\n|upkeep\n|\n|t:|1781464438\n|switch|p2a: Jumpluff|Jumpluff, L87, F|271/271\n|turn|27\n|\n|t:|1781464441\n|-terastallize|p2a: Jumpluff|Steel\n|move|p1a: Squawkabilly|Quick Attack|p2a: Jumpluff\n|-resisted|p2a: Jumpluff\n|-damage|p2a: Jumpluff|223/271\n|move|p2a: Jumpluff|Strength Sap|p1a: Squawkabilly\n|-unboost|p1a: Squawkabilly|atk|1\n|-heal|p2a: Jumpluff|271/271\n|\n|-damage|p1a: Squawkabilly|47/278 brn|[from] brn\n|upkeep\n|turn|28\n|\n|t:|1781464447\n|move|p1a: Squawkabilly|Quick Attack|p2a: Jumpluff\n|-resisted|p2a: Jumpluff\n|-crit|p2a: Jumpluff\n|-damage|p2a: Jumpluff|198/271\n|move|p2a: Jumpluff|Acrobatics|p1a: Squawkabilly\n|-damage|p1a: Squawkabilly|0 fnt\n|faint|p1a: Squawkabilly\n|\n|upkeep\n|\n|t:|1781464449\n|switch|p1a: Trevenant|Trevenant, L89, M|182/296\n|turn|29\n|\n|t:|1781464454\n|move|p2a: Jumpluff|Strength Sap|p1a: Trevenant\n|-unboost|p1a: Trevenant|atk|1\n|-heal|p2a: Jumpluff|271/271\n|move|p1a: Trevenant|Drain Punch|p2a: Jumpluff\n|-supereffective|p2a: Jumpluff\n|-damage|p2a: Jumpluff|109/271\n|-heal|p1a: Trevenant|263/296|[from] drain|[of] p2a: Jumpluff\n|\n|upkeep\n|turn|30\n|\n|t:|1781464456\n|move|p2a: Jumpluff|Strength Sap|p1a: Trevenant\n|-unboost|p1a: Trevenant|atk|1\n|-heal|p2a: Jumpluff|271/271\n|move|p1a: Trevenant|Drain Punch|p2a: Jumpluff\n|-supereffective|p2a: Jumpluff\n|-damage|p2a: Jumpluff|163/271\n|-heal|p1a: Trevenant|296/296|[from] drain|[of] p2a: Jumpluff\n|\n|upkeep\n|turn|31\n|\n|t:|1781464460\n|move|p2a: Jumpluff|Strength Sap|p1a: Trevenant\n|-unboost|p1a: Trevenant|atk|1\n|-heal|p2a: Jumpluff|271/271\n|move|p1a: Trevenant|Drain Punch|p2a: Jumpluff\n|-supereffective|p2a: Jumpluff\n|-crit|p2a: Jumpluff\n|-damage|p2a: Jumpluff|0 fnt\n|faint|p2a: Jumpluff\n|\n|win|OverthereStair\n", "inputlog": ">version a8376a258c1d4662feba110a92103f3664a72141\n>start {\"formatid\":\"gen9randombattle\",\"seed\":\"sodium,60cc3d39c2de454ccec5c0625a39e51c\",\"rated\":\"Rated battle\"}\n>player p1 {\"name\":\"OverthereStair\",\"avatar\":\"hilda\",\"rating\":2085,\"seed\":\"sodium,3a771d4b4bbf72f2503c6d255ff43568\"}\n>player p2 {\"name\":\"discodiscogoodgood\",\"avatar\":\"musician\",\"rating\":2105,\"seed\":\"sodium,2d06f6715e7835359d5170879e9a4b4c\"}\n>p1 move stickyweb\n>p2 move hurricane\n>p1 move moonblast\n>p2 move surf\n>p1 switch 6\n>p1 move facade\n>p2 switch 4\n>p1 move uturn\n>p2 move voltswitch\n>p1 switch 4\n>p2 switch 3\n>p1 switch 2\n>p2 move uturn\n>p2 switch 3\n>p1 move gunkshot\n>p2 move voltswitch\n>p2 switch 5\n>p1 move uturn\n>p2 move facade\n>p1 switch 3\n>p1 move poltergeist\n>p2 switch 6\n>p1 move swordsdance\n>p2 move psychicnoise\n>p1 move gunkshot\n>p2 switch 5\n>p1 move poltergeist\n>p2 move voltswitch\n>p2 switch 5\n>p1 move gunkshot\n>p2 move protect\n>p1 move gunkshot\n>p2 move psychicnoise\n>p1 move gunkshot\n>p2 move wish\n>p1 move gunkshot\n>p2 move psychicnoise\n>p1 switch 3\n>p1 move knockoff\n>p2 move protect\n>p1 move knockoff\n>p2 move wish\n>p1 move uturn\n>p2 move protect\n>p1 move uturn\n>p2 move psychicnoise\n>p1 switch 2\n>p2 switch 3\n>p1 move psychicnoise\n>p2 move uturn\n>p2 switch 4\n>p2 switch 4\n>p1 move protect\n>p2 move acrobatics\n>p1 switch 5\n>p2 move uturn\n>p2 switch 6\n>p1 move woodhammer\n>p2 move knockoff\n>p2 switch 6\n>p1 switch 5\n>p2 move acrobatics\n>p1 switch 4\n>p1 move facade terastallize\n>p2 move uturn\n>p2 switch 2\n>p1 move quickattack\n>p2 move accelerock\n>p2 switch 2\n>p1 move quickattack\n>p2 move strengthsap terastallize\n>p1 move quickattack\n>p2 move acrobatics\n>p1 switch 5\n>p1 move drainpunch\n>p2 move strengthsap\n>p1 move drainpunch\n>p2 move strengthsap\n>p1 move drainpunch\n>p2 move strengthsap", "uploadtime": 1781464113, "views": 6, "formatid": "gen9randombattle", "rating": null, "private": 0, "password": null}