{"id": "gen9randombattle-2631575432", "format": "[Gen 9] Random Battle", "players": ["cheeseboy628", "inversify"], "log": "|badge|p2|bronze|gen9randombattle|100-9\n|uhtml|medal-msg|<div class=\"broadcast-blue\">Curious what those medals under the avatar are? PS now has Ladder Seasons! For more information, check out the <a href=\"https://www.smogon.com/forums/threads/3740067/\">thread on Smogon.</a></div>\n|j|\u2606cheeseboy628\n|j|\u2606inversify\n|t:|1781403451\n|gametype|singles\n|player|p1|cheeseboy628|norman|2245\n|player|p2|inversify|lana|2370\n|gen|9\n|tier|[Gen 9] Random Battle\n|rated|\n|rule|Species Clause: Limit one of each Pok\u00e9mon\n|rule|HP Percentage Mod: HP is shown in percentages\n|rule|Sleep Clause Mod: Limit one foe put to sleep\n|rule|Illusion Level Mod: Illusion disguises the Pok\u00e9mon's true level\n|\n|t:|1781403451\n|teamsize|p1|6\n|teamsize|p2|6\n|start\n|switch|p1a: Toxtricity|Toxtricity, L82, F|257/257\n|switch|p2a: Blastoise|Blastoise, L80, F|258/258\n|turn|1\n|\n|t:|1781403469\n|switch|p2a: Sandy Shocks|Sandy Shocks, L80|267/267\n|move|p1a: Toxtricity|Boomburst|p2a: Sandy Shocks\n|-damage|p2a: Sandy Shocks|44/267\n|\n|-heal|p2a: Sandy Shocks|60/267|[from] item: Leftovers\n|upkeep\n|turn|2\n|\n|t:|1781403479\n|switch|p1a: Calyrex|Calyrex, L93|337/337\n|-ability|p1a: Calyrex|Unnerve\n|move|p2a: Sandy Shocks|Spikes|p1a: Calyrex\n|-sidestart|p1: cheeseboy628|Spikes\n|\n|-heal|p2a: Sandy Shocks|76/267|[from] item: Leftovers\n|upkeep\n|turn|3\n|\n|t:|1781403489\n|move|p2a: Sandy Shocks|Thunder Wave|p1a: Calyrex\n|-status|p1a: Calyrex|par\n|cant|p1a: Calyrex|par\n|\n|-heal|p2a: Sandy Shocks|92/267|[from] item: Leftovers\n|upkeep\n|turn|4\n|\n|t:|1781403494\n|move|p2a: Sandy Shocks|Spikes|p1a: Calyrex\n|-sidestart|p1: cheeseboy628|Spikes\n|cant|p1a: Calyrex|par\n|\n|-heal|p2a: Sandy Shocks|108/267|[from] item: Leftovers\n|upkeep\n|turn|5\n|\n|t:|1781403497\n|move|p2a: Sandy Shocks|Spikes|p1a: Calyrex\n|-sidestart|p1: cheeseboy628|Spikes\n|move|p1a: Calyrex|Psychic|p2a: Sandy Shocks\n|-damage|p2a: Sandy Shocks|0 fnt\n|faint|p2a: Sandy Shocks\n|-end|p2a: Sandy Shocks|Protosynthesis|[silent]\n|\n|upkeep\n|\n|t:|1781403501\n|switch|p2a: Cetitan|Cetitan, L82, M|413/413\n|turn|6\n|\n|t:|1781403509\n|move|p2a: Cetitan|Icicle Crash|p1a: Calyrex\n|-supereffective|p1a: Calyrex\n|-damage|p1a: Calyrex|15/337 par\n|move|p1a: Calyrex|Encore|p2a: Cetitan\n|-start|p2a: Cetitan|Encore\n|\n|-heal|p1a: Calyrex|36/337 par|[from] item: Leftovers\n|upkeep\n|turn|7\n|\n|t:|1781403521\n|switch|p1a: Oinkologne|Oinkologne-F, L92, F|361/361\n|-damage|p1a: Oinkologne|271/361|[from] Spikes\n|move|p2a: Cetitan|Icicle Crash|p1a: Oinkologne\n|-damage|p1a: Oinkologne|188/361\n|\n|-heal|p1a: Oinkologne|210/361|[from] item: Leftovers\n|upkeep\n|turn|8\n|\n|t:|1781403525\n|switch|p2a: Conkeldurr|Conkeldurr, L80, M|299/299\n|move|p1a: Oinkologne|Curse|p1a: Oinkologne\n|-unboost|p1a: Oinkologne|spe|1\n|-boost|p1a: Oinkologne|atk|1\n|-boost|p1a: Oinkologne|def|1\n|\n|-heal|p1a: Oinkologne|232/361|[from] item: Leftovers\n|-status|p2a: Conkeldurr|brn|[from] item: Flame Orb\n|upkeep\n|turn|9\n|\n|t:|1781403535\n|-terastallize|p1a: Oinkologne|Poison\n|move|p2a: Conkeldurr|Close Combat|p1a: Oinkologne\n|-resisted|p1a: Oinkologne\n|-damage|p1a: Oinkologne|143/361\n|-unboost|p2a: Conkeldurr|def|1\n|-unboost|p2a: Conkeldurr|spd|1\n|move|p1a: Oinkologne|Body Slam|p2a: Conkeldurr\n|-damage|p2a: Conkeldurr|86/299 brn\n|\n|-heal|p1a: Oinkologne|165/361|[from] item: Leftovers\n|-damage|p2a: Conkeldurr|68/299 brn|[from] brn\n|upkeep\n|turn|10\n|\n|t:|1781403559\n|switch|p1a: Calyrex|Calyrex, L93|36/337 par\n|-ability|p1a: Calyrex|Unnerve\n|-damage|p1a: Calyrex|0 fnt|[from] Spikes\n|faint|p1a: Calyrex\n|move|p2a: Conkeldurr|Facade|p1: Calyrex|[notarget]\n|-fail|p2a: Conkeldurr\n|\n|-damage|p2a: Conkeldurr|50/299 brn|[from] brn\n|upkeep\n|\n|t:|1781403561\n|switch|p1a: Zangoose|Zangoose, L85, M|263/263\n|-damage|p1a: Zangoose|198/263|[from] Spikes\n|turn|11\n|\n|t:|1781403568\n|move|p1a: Zangoose|Quick Attack|p2a: Conkeldurr\n|-damage|p2a: Conkeldurr|0 fnt\n|faint|p2a: Conkeldurr\n|\n|-status|p1a: Zangoose|tox|[from] item: Toxic Orb\n|upkeep\n|\n|t:|1781403582\n|switch|p2a: Quaquaval|Quaquaval, L79, M|264/264\n|turn|12\n|\n|t:|1781403594\n|-terastallize|p2a: Quaquaval|Steel\n|move|p1a: Zangoose|Facade|p2a: Quaquaval\n|-resisted|p2a: Quaquaval\n|-damage|p2a: Quaquaval|111/264\n|move|p2a: Quaquaval|Aqua Step|p1a: Zangoose\n|-damage|p1a: Zangoose|92/263 tox\n|-boost|p2a: Quaquaval|spe|1\n|\n|-heal|p2a: Quaquaval|127/264|[from] item: Leftovers\n|-damage|p1a: Zangoose|76/263 tox|[from] psn\n|upkeep\n|turn|13\n|\n|t:|1781403607\n|move|p1a: Zangoose|Quick Attack|p2a: Quaquaval\n|-resisted|p2a: Quaquaval\n|-damage|p2a: Quaquaval|81/264\n|move|p2a: Quaquaval|Aqua Step|p1a: Zangoose\n|-damage|p1a: Zangoose|0 fnt\n|-boost|p2a: Quaquaval|spe|1\n|faint|p1a: Zangoose\n|-ability|p2a: Quaquaval|Moxie|boost\n|-boost|p2a: Quaquaval|atk|1\n|\n|-heal|p2a: Quaquaval|97/264|[from] item: Leftovers\n|upkeep\n|\n|t:|1781403611\n|switch|p1a: Toxtricity|Toxtricity, L82, F|257/257\n|-damage|p1a: Toxtricity|193/257|[from] Spikes\n|turn|14\n|\n|t:|1781403623\n|move|p2a: Quaquaval|Aqua Step|p1a: Toxtricity\n|-damage|p1a: Toxtricity|45/257\n|-boost|p2a: Quaquaval|spe|1\n|move|p1a: Toxtricity|Overdrive|p2a: Quaquaval\n|-damage|p2a: Quaquaval|0 fnt\n|faint|p2a: Quaquaval\n|\n|upkeep\n|\n|t:|1781403632\n|switch|p2a: Meloetta|Meloetta, L82|298/298\n|turn|15\n|\n|t:|1781403634\n|move|p2a: Meloetta|Relic Song|p1a: Toxtricity\n|-damage|p1a: Toxtricity|0 fnt\n|faint|p1a: Toxtricity\n|-formechange|p2a: Meloetta|Meloetta-Pirouette|[msg]\n|-damage|p2a: Meloetta|269/298|[from] item: Life Orb\n|\n|upkeep\n|\n|t:|1781403640\n|switch|p1a: Mudsdale|Mudsdale, L83, M|302/302\n|-damage|p1a: Mudsdale|227/302|[from] Spikes\n|turn|16\n|\n|t:|1781403646\n|move|p2a: Meloetta|Triple Axel|p1a: Mudsdale\n|-supereffective|p1a: Mudsdale\n|-damage|p1a: Mudsdale|185/302\n|-ability|p1a: Mudsdale|Stamina|boost\n|-boost|p1a: Mudsdale|def|1\n|-supereffective|p1a: Mudsdale\n|-damage|p1a: Mudsdale|133/302\n|-ability|p1a: Mudsdale|Stamina|boost\n|-boost|p1a: Mudsdale|def|1\n|-supereffective|p1a: Mudsdale\n|-damage|p1a: Mudsdale|73/302\n|-ability|p1a: Mudsdale|Stamina|boost\n|-boost|p1a: Mudsdale|def|1\n|-hitcount|p1a: Mudsdale|3\n|-damage|p2a: Meloetta|240/298|[from] item: Life Orb\n|move|p1a: Mudsdale|Heavy Slam|p2a: Meloetta\n|-damage|p2a: Meloetta|133/298\n|\n|-heal|p1a: Mudsdale|91/302|[from] item: Leftovers\n|upkeep\n|turn|17\n|\n|t:|1781403655\n|move|p2a: Meloetta|Triple Axel|p1a: Mudsdale\n|-supereffective|p1a: Mudsdale\n|-damage|p1a: Mudsdale|70/302\n|-ability|p1a: Mudsdale|Stamina|boost\n|-boost|p1a: Mudsdale|def|1\n|-supereffective|p1a: Mudsdale\n|-damage|p1a: Mudsdale|41/302\n|-ability|p1a: Mudsdale|Stamina|boost\n|-boost|p1a: Mudsdale|def|1\n|-supereffective|p1a: Mudsdale\n|-damage|p1a: Mudsdale|7/302\n|-ability|p1a: Mudsdale|Stamina|boost\n|-boost|p1a: Mudsdale|def|1\n|-hitcount|p1a: Mudsdale|3\n|-damage|p2a: Meloetta|104/298|[from] item: Life Orb\n|move|p1a: Mudsdale|Heavy Slam|p2a: Meloetta\n|-damage|p2a: Meloetta|10/298\n|\n|-heal|p1a: Mudsdale|25/302|[from] item: Leftovers\n|upkeep\n|turn|18\n|\n|t:|1781403663\n|move|p2a: Meloetta|Close Combat|p1a: Mudsdale\n|-damage|p1a: Mudsdale|0 fnt\n|-unboost|p2a: Meloetta|def|1\n|-unboost|p2a: Meloetta|spd|1\n|faint|p1a: Mudsdale\n|-damage|p2a: Meloetta|0 fnt|[from] item: Life Orb\n|faint|p2a: Meloetta\n|\n|upkeep\n|\n|t:|1781403667\n|switch|p2a: Cetitan|Cetitan, L82, M|413/413\n|switch|p1a: Venomoth|Venomoth, L84, M|255/255\n|turn|19\n|\n|t:|1781403673\n|move|p1a: Venomoth|Sleep Powder|p2a: Cetitan\n|-status|p2a: Cetitan|slp|[from] move: Sleep Powder\n|cant|p2a: Cetitan|slp\n|\n|upkeep\n|turn|20\n|inactive|Battle timer is ON: inactive players will automatically lose when time's up. (requested by inversify)\n|\n|t:|1781403731\n|switch|p1a: Oinkologne|Oinkologne-F, L92, F, tera:Poison|165/361\n|-damage|p1a: Oinkologne|75/361|[from] Spikes\n|cant|p2a: Cetitan|slp\n|\n|-heal|p1a: Oinkologne|97/361|[from] item: Leftovers\n|upkeep\n|turn|21\n|\n|t:|1781403746\n|switch|p2a: Blastoise|Blastoise, L80, F|258/258\n|move|p1a: Oinkologne|Rest|p1a: Oinkologne\n|-status|p1a: Oinkologne|slp|[from] move: Rest\n|-heal|p1a: Oinkologne|361/361 slp|[silent]\n|\n|upkeep\n|turn|22\n|\n|t:|1781403752\n|cant|p1a: Oinkologne|slp\n|move|p1a: Oinkologne|Sleep Talk|p1a: Oinkologne\n|move|p1a: Oinkologne|Rest||[from] move: Sleep Talk|[still]\n|-fail|p1a: Oinkologne\n|move|p2a: Blastoise|Shell Smash|p2a: Blastoise\n|-unboost|p2a: Blastoise|def|1\n|-unboost|p2a: Blastoise|spd|1\n|-boost|p2a: Blastoise|atk|2\n|-boost|p2a: Blastoise|spa|2\n|-boost|p2a: Blastoise|spe|2\n|-enditem|p2a: Blastoise|White Herb\n|-clearnegativeboost|p2a: Blastoise|[silent]\n|\n|upkeep\n|turn|23\n|\n|t:|1781403757\n|move|p2a: Blastoise|Hydro Pump|p1a: Oinkologne\n|-damage|p1a: Oinkologne|196/361 slp\n|cant|p1a: Oinkologne|slp\n|move|p1a: Oinkologne|Sleep Talk|p1a: Oinkologne\n|move|p1a: Oinkologne|Rest||[from] move: Sleep Talk|[still]\n|-fail|p1a: Oinkologne\n|\n|-heal|p1a: Oinkologne|218/361 slp|[from] item: Leftovers\n|upkeep\n|turn|24\n|\n|t:|1781403764\n|move|p2a: Blastoise|Ice Beam|p1a: Oinkologne\n|-damage|p1a: Oinkologne|166/361 slp\n|-curestatus|p1a: Oinkologne|slp|[msg]\n|move|p1a: Oinkologne|Body Slam|p2a: Blastoise\n|-crit|p2a: Blastoise\n|-damage|p2a: Blastoise|119/258\n|-status|p2a: Blastoise|par\n|\n|-heal|p1a: Oinkologne|188/361|[from] item: Leftovers\n|upkeep\n|turn|25\n|\n|t:|1781403777\n|move|p1a: Oinkologne|Body Slam|p2a: Blastoise\n|-damage|p2a: Blastoise|14/258 par\n|move|p2a: Blastoise|Shell Smash|p2a: Blastoise\n|-unboost|p2a: Blastoise|def|1\n|-unboost|p2a: Blastoise|spd|1\n|-boost|p2a: Blastoise|atk|2\n|-boost|p2a: Blastoise|spa|2\n|-boost|p2a: Blastoise|spe|2\n|\n|-heal|p1a: Oinkologne|210/361|[from] item: Leftovers\n|upkeep\n|turn|26\n|\n|t:|1781403782\n|move|p2a: Blastoise|Hydro Pump|p1a: Oinkologne\n|-damage|p1a: Oinkologne|0 fnt\n|faint|p1a: Oinkologne\n|\n|upkeep\n|\n|t:|1781403784\n|switch|p1a: Venomoth|Venomoth, L84, M|255/255\n|turn|27\n|\n|t:|1781403787\n|cant|p2a: Blastoise|par\n|move|p1a: Venomoth|Sludge Wave|p2a: Blastoise\n|-damage|p2a: Blastoise|0 fnt\n|faint|p2a: Blastoise\n|\n|upkeep\n|\n|t:|1781403789\n|switch|p2a: Cetitan|Cetitan, L82, M|413/413 slp\n|turn|28\n|inactive|cheeseboy628 has 120 seconds left.\n|\n|t:|1781403822\n|move|p1a: Venomoth|Quiver Dance|p1a: Venomoth\n|-boost|p1a: Venomoth|spa|1\n|-boost|p1a: Venomoth|spd|1\n|-boost|p1a: Venomoth|spe|1\n|cant|p2a: Cetitan|slp\n|\n|upkeep\n|turn|29\n|\n|t:|1781403825\n|move|p1a: Venomoth|Sludge Wave|p2a: Cetitan\n|-damage|p2a: Cetitan|217/413 slp\n|-curestatus|p2a: Cetitan|slp|[msg]\n|move|p2a: Cetitan|Icicle Crash|p1a: Venomoth|[miss]\n|-miss|p2a: Cetitan|p1a: Venomoth\n|\n|upkeep\n|turn|30\n|\n|t:|1781403831\n|move|p1a: Venomoth|Sleep Powder|p2a: Cetitan\n|-status|p2a: Cetitan|slp|[from] move: Sleep Powder\n|cant|p2a: Cetitan|slp\n|\n|upkeep\n|turn|31\n|\n|t:|1781403834\n|move|p1a: Venomoth|Sludge Wave|p2a: Cetitan\n|-damage|p2a: Cetitan|3/413 slp\n|-curestatus|p2a: Cetitan|slp|[msg]\n|move|p2a: Cetitan|Icicle Crash|p1a: Venomoth\n|-damage|p1a: Venomoth|51/255\n|\n|upkeep\n|turn|32\n|\n|t:|1781403839\n|move|p2a: Cetitan|Ice Shard|p1a: Venomoth\n|-damage|p1a: Venomoth|0 fnt\n|faint|p1a: Venomoth\n|-damage|p2a: Cetitan|0 fnt|[from] item: Life Orb\n|faint|p2a: Cetitan\n|\n|win|inversify\n", "inputlog": ">version a8376a258c1d4662feba110a92103f3664a72141\n>start {\"formatid\":\"gen9randombattle\",\"seed\":\"sodium,fc8b9563e959d67160509487b2377417\",\"rated\":\"Rated battle\"}\n>player p1 {\"name\":\"cheeseboy628\",\"avatar\":\"norman\",\"rating\":2245,\"seed\":\"sodium,bf5e47db505898f1642d6b43a9373995\"}\n>player p2 {\"name\":\"inversify\",\"avatar\":\"lana\",\"rating\":2370,\"seed\":\"sodium,d7ada1d147e5ad66cd27a93df8f5cb14\"}\n>p1 move boomburst\n>p2 switch 5\n>p1 switch 5\n>p2 move spikes\n>p1 move psychic\n>p2 move thunderwave\n>p1 move psychic\n>p2 move spikes\n>p1 move psychic\n>p2 move spikes\n>p2 switch 6\n>p1 move encore\n>p2 move iciclecrash\n>p1 switch 4\n>p2 move iciclecrash\n>p1 move curse\n>p2 switch 4\n>p1 move bodyslam terastallize\n>p2 move closecombat\n>p1 switch 4\n>p2 move facade\n>p1 switch 3\n>p1 move quickattack\n>p2 move machpunch\n>p2 switch 2\n>p1 move facade\n>p2 move aquastep terastallize\n>p1 move quickattack\n>p2 move aquastep\n>p1 switch 5\n>p1 move overdrive\n>p2 move aquastep\n>p2 switch 3\n>p1 move overdrive\n>p2 move relicsong\n>p1 switch 6\n>p1 move heavyslam\n>p2 move tripleaxel\n>p1 move heavyslam\n>p2 move tripleaxel\n>p1 move earthquake\n>p2 move closecombat\n>p1 switch 2\n>p2 switch 4\n>p1 move sleeppowder\n>p2 move iciclecrash\n>p1 switch 4\n>p2 move iciclecrash\n>p1 move rest\n>p2 switch 5\n>p1 move sleeptalk\n>p2 move shellsmash\n>p1 move sleeptalk\n>p2 move hydropump\n>p1 move bodyslam\n>p2 move icebeam\n>p1 move bodyslam\n>p2 move shellsmash\n>p1 move bodyslam\n>p2 move hydropump\n>p1 switch 4\n>p1 move sludgewave\n>p2 move hydropump\n>p2 switch 5\n>p1 move quiverdance\n>p2 move iciclecrash\n>p1 move sludgewave\n>p2 move iciclecrash\n>p1 move sleeppowder\n>p2 move iciclecrash\n>p1 move sludgewave\n>p2 move iciclecrash\n>p1 move sludgewave\n>p2 move iceshard", "uploadtime": 1781403452, "views": 4, "formatid": "gen9randombattle", "rating": null, "private": 0, "password": null}