{"id": "gen9randombattle-2631562790", "format": "[Gen 9] Random Battle", "players": ["Andy_Galla", "Undertaker67"], "log": "|j|\u2606Andy_Galla\n|j|\u2606Undertaker67\n|t:|1781401754\n|gametype|singles\n|player|p1|Andy_Galla|bugcatcher-gen4dp|1951\n|player|p2|Undertaker67|n|1988\n|gen|9\n|tier|[Gen 9] Random Battle\n|rated|\n|rule|Species Clause: Limit one of each Pok\u00e9mon\n|rule|HP Percentage Mod: HP is shown in percentages\n|rule|Sleep Clause Mod: Limit one foe put to sleep\n|rule|Illusion Level Mod: Illusion disguises the Pok\u00e9mon's true level\n|\n|t:|1781401754\n|teamsize|p1|6\n|teamsize|p2|6\n|start\n|switch|p1a: Conkeldurr|Conkeldurr, L80, M|299/299\n|switch|p2a: Espathra|Espathra, L80, M|283/283\n|turn|1\n|\n|t:|1781401761\n|move|p2a: Espathra|U-turn|p1a: Conkeldurr\n|-resisted|p1a: Conkeldurr\n|-damage|p1a: Conkeldurr|281/299\n|inactive|Battle timer is ON: inactive players will automatically lose when time's up. (requested by Undertaker67)\n|\n|t:|1781401785\n|switch|p2a: Clefable|Clefable, L83, F|293/293|[from] U-turn\n|move|p1a: Conkeldurr|Knock Off|p2a: Clefable\n|-resisted|p2a: Clefable\n|-damage|p2a: Clefable|241/293\n|-enditem|p2a: Clefable|Life Orb|[from] move: Knock Off|[of] p1a: Conkeldurr\n|\n|-status|p1a: Conkeldurr|brn|[from] item: Flame Orb\n|upkeep\n|turn|2\n|\n|t:|1781401795\n|move|p2a: Clefable|Moonblast|p1a: Conkeldurr\n|-supereffective|p1a: Conkeldurr\n|-damage|p1a: Conkeldurr|45/299 brn\n|-unboost|p1a: Conkeldurr|spa|1\n|move|p1a: Conkeldurr|Facade|p2a: Clefable\n|-damage|p2a: Clefable|41/293\n|\n|-damage|p1a: Conkeldurr|27/299 brn|[from] brn\n|upkeep\n|turn|3\n|\n|t:|1781401806\n|move|p1a: Conkeldurr|Mach Punch|p2a: Clefable\n|-resisted|p2a: Clefable\n|-damage|p2a: Clefable|0 fnt\n|faint|p2a: Clefable\n|\n|-damage|p1a: Conkeldurr|9/299 brn|[from] brn\n|upkeep\n|inactive|Undertaker67 has 120 seconds left.\n|\n|t:|1781401834\n|switch|p2a: Hawlucha|Hawlucha, L80, F|256/256\n|turn|4\n|\n|t:|1781401862\n|switch|p1a: Talonflame|Talonflame, L83, M|265/265\n|move|p2a: Hawlucha|Close Combat|p1a: Talonflame\n|-resisted|p1a: Talonflame\n|-damage|p1a: Talonflame|199/265\n|-unboost|p2a: Hawlucha|def|1\n|-unboost|p2a: Hawlucha|spd|1\n|-enditem|p2a: Hawlucha|White Herb\n|-clearnegativeboost|p2a: Hawlucha|[silent]\n|\n|upkeep\n|turn|5\n|inactive|Undertaker67 has 120 seconds left.\n|\n|t:|1781401884\n|-terastallize|p2a: Hawlucha|Flying\n|move|p2a: Hawlucha|Swords Dance|p2a: Hawlucha\n|-boost|p2a: Hawlucha|atk|2\n|move|p1a: Talonflame|Brave Bird|p2a: Hawlucha\n|-damage|p2a: Hawlucha|120/256\n|-damage|p1a: Talonflame|154/265|[from] Recoil\n|\n|upkeep\n|turn|6\n|inactive|Undertaker67 has 120 seconds left.\n|\n|t:|1781401899\n|move|p2a: Hawlucha|Brave Bird|p1a: Talonflame\n|-crit|p1a: Talonflame\n|-damage|p1a: Talonflame|0 fnt\n|faint|p1a: Talonflame\n|-damage|p2a: Hawlucha|69/256|[from] Recoil\n|\n|upkeep\n|inactive|Andy_Galla has 120 seconds left.\n|\n|t:|1781401911\n|switch|p1a: Ariados|Ariados, L95, M|287/287\n|turn|7\n|\n|t:|1781401918\n|switch|p1a: Ursaring|Ursaring, L84, F|288/288\n|move|p2a: Hawlucha|Brave Bird|p1a: Ursaring\n|-damage|p1a: Ursaring|0 fnt\n|faint|p1a: Ursaring\n|-damage|p2a: Hawlucha|0 fnt|[from] Recoil\n|faint|p2a: Hawlucha\n|\n|upkeep\n|inactive|Andy_Galla has 120 seconds left.\n|\n|t:|1781401931\n|switch|p2a: Talonflame|Talonflame, L83, M|265/265\n|switch|p1a: Ariados|Ariados, L95, M|287/287\n|turn|8\n|\n|t:|1781401939\n|move|p2a: Talonflame|Swords Dance|p2a: Talonflame\n|-boost|p2a: Talonflame|atk|2\n|move|p1a: Ariados|Sticky Web|p2a: Talonflame\n|-sidestart|p2: Undertaker67|move: Sticky Web\n|\n|upkeep\n|turn|9\n|\n|t:|1781401947\n|move|p2a: Talonflame|Brave Bird|p1a: Ariados\n|-supereffective|p1a: Ariados\n|-damage|p1a: Ariados|0 fnt\n|faint|p1a: Ariados\n|-damage|p2a: Talonflame|170/265|[from] Recoil\n|\n|upkeep\n|\n|t:|1781401959\n|switch|p1a: Annihilape|Annihilape, L76, M|292/292\n|turn|10\n|\n|t:|1781401963\n|move|p2a: Talonflame|Brave Bird|p1a: Annihilape\n|-supereffective|p1a: Annihilape\n|-damage|p1a: Annihilape|0 fnt\n|faint|p1a: Annihilape\n|-damage|p2a: Talonflame|74/265|[from] Recoil\n|\n|upkeep\n|\n|t:|1781401970\n|switch|p1a: Conkeldurr|Conkeldurr, L80, M|9/299 brn\n|turn|11\n|\n|t:|1781401983\n|move|p1a: Conkeldurr|Mach Punch|p2a: Talonflame\n|-resisted|p2a: Talonflame\n|-damage|p2a: Talonflame|23/265\n|move|p2a: Talonflame|Flare Blitz|p1a: Conkeldurr\n|-damage|p1a: Conkeldurr|0 fnt\n|faint|p1a: Conkeldurr\n|-damage|p2a: Talonflame|20/265|[from] Recoil\n|\n|upkeep\n|\n|t:|1781402000\n|switch|p1a: Spectrier|Spectrier, L75|274/274\n|turn|12\n|\n|t:|1781402006\n|move|p2a: Talonflame|Brave Bird|p1a: Spectrier\n|-damage|p1a: Spectrier|0 fnt\n|faint|p1a: Spectrier\n|-damage|p2a: Talonflame|0 fnt|[from] Recoil\n|faint|p2a: Talonflame\n|\n|win|Undertaker67\n", "inputlog": ">version a8376a258c1d4662feba110a92103f3664a72141\n>start {\"formatid\":\"gen9randombattle\",\"seed\":\"sodium,afe2f4bca527f8dd298e08fd4981715f\",\"rated\":\"Rated battle\"}\n>player p1 {\"name\":\"Andy_Galla\",\"avatar\":\"bugcatcher-gen4dp\",\"rating\":1951,\"seed\":\"sodium,748f0582b96e8643b77252dec006ce57\"}\n>player p2 {\"name\":\"Undertaker67\",\"avatar\":\"n\",\"rating\":1988,\"seed\":\"sodium,bc160c9e34fbf047f95649b7a4f5898b\"}\n>p1 move knockoff\n>p2 move uturn\n>p2 switch 6\n>p1 move facade\n>p2 move moonblast\n>p1 move machpunch\n>p2 move moonblast\n>p2 switch 3\n>p1 switch 5\n>p2 move closecombat\n>p1 move bravebird\n>p2 move swordsdance terastallize\n>p1 move bravebird\n>p2 move bravebird\n>p1 switch 6\n>p1 switch 4\n>p2 move bravebird\n>p1 switch 4\n>p2 switch 5\n>p1 move stickyweb\n>p2 move swordsdance\n>p1 move poisonjab\n>p2 move bravebird\n>p1 switch 2\n>p1 move ragefist\n>p2 move bravebird\n>p1 switch 5\n>p1 move machpunch\n>p2 move flareblitz\n>p1 switch 3\n>p1 move nastyplot\n>p2 move bravebird", "uploadtime": 1781401756, "views": 4, "formatid": "gen9randombattle", "rating": null, "private": 0, "password": null}