{"id": "gen9randombattle-2631905080", "format": "[Gen 9] Random Battle", "players": ["fragonite", "yourdaughtersdad"], "log": "|j|\u2606fragonite\n|j|\u203dyourdaughtersdad\n|t:|1781454101\n|gametype|singles\n|player|p1|fragonite|265|1977\n|player|p2|yourdaughtersdad|scientist|1903\n|gen|9\n|tier|[Gen 9] Random Battle\n|rated|\n|rule|Species Clause: Limit one of each Pok\u00e9mon\n|rule|HP Percentage Mod: HP is shown in percentages\n|rule|Sleep Clause Mod: Limit one foe put to sleep\n|rule|Illusion Level Mod: Illusion disguises the Pok\u00e9mon's true level\n|\n|t:|1781454101\n|teamsize|p1|6\n|teamsize|p2|6\n|start\n|switch|p1a: Volcarona|Volcarona, L77, M|257/257\n|switch|p2a: Pawmot|Pawmot, L80, F|243/243\n|turn|1\n|inactive|Battle timer is ON: inactive players will automatically lose when time's up. (requested by fragonite)\n|\n|t:|1781454133\n|move|p2a: Pawmot|Nuzzle|p1a: Volcarona\n|-damage|p1a: Volcarona|224/257\n|-status|p1a: Volcarona|par\n|cant|p1a: Volcarona|par\n|\n|upkeep\n|turn|2\n|\n|t:|1781454143\n|switch|p2a: Heatran|Heatran, L79, M|273/273\n|-item|p2a: Heatran|Air Balloon\n|move|p1a: Volcarona|Fire Blast|p2a: Heatran\n|-start|p2a: Heatran|ability: Flash Fire\n|\n|upkeep\n|turn|3\n|\n|t:|1781454151\n|switch|p1a: Walking Wake|Walking Wake, L79|286/286\n|move|p2a: Heatran|Stealth Rock|p1a: Walking Wake\n|-sidestart|p1: fragonite|move: Stealth Rock\n|\n|upkeep\n|turn|4\n|\n|t:|1781454161\n|-end|p2a: Heatran|ability: Flash Fire|[silent]\n|switch|p2a: Pawmot|Pawmot, L80, F|243/243\n|move|p1a: Walking Wake|Flip Turn|p2a: Pawmot\n|-damage|p2a: Pawmot|176/243\n|\n|t:|1781454174\n|-end|p1a: Walking Wake|Protosynthesis|[silent]\n|switch|p1a: Volcarona|Volcarona, L77, M|224/257 par|[from] Flip Turn\n|\n|upkeep\n|turn|5\n|\n|t:|1781454184\n|move|p2a: Pawmot|Double Shock|p1a: Volcarona\n|-damage|p1a: Volcarona|37/257 par\n|-start|p2a: Pawmot|typechange|???/Fighting|[from] move: Double Shock\n|cant|p1a: Volcarona|par\n|\n|upkeep\n|turn|6\n|\n|t:|1781454194\n|switch|p2a: Heatran|Heatran, L79, M|273/273\n|-item|p2a: Heatran|Air Balloon\n|move|p1a: Volcarona|Bug Buzz|p2a: Heatran\n|-resisted|p2a: Heatran\n|-damage|p2a: Heatran|238/273\n|-enditem|p2a: Heatran|Air Balloon\n|\n|upkeep\n|turn|7\n|\n|t:|1781454201\n|move|p2a: Heatran|Earth Power|p1a: Volcarona\n|-damage|p1a: Volcarona|0 fnt\n|faint|p1a: Volcarona\n|\n|upkeep\n|\n|t:|1781454202\n|switch|p1a: Walking Wake|Walking Wake, L79|286/286\n|-damage|p1a: Walking Wake|251/286|[from] Stealth Rock\n|turn|8\n|\n|t:|1781454228\n|switch|p2a: Iron Crown|Iron Crown, L78|268/268\n|move|p1a: Walking Wake|Hydro Pump|p2a: Iron Crown|[miss]\n|-miss|p1a: Walking Wake|p2a: Iron Crown\n|\n|upkeep\n|turn|9\n|\n|t:|1781454254\n|move|p1a: Walking Wake|Hydro Pump|p2a: Iron Crown\n|-damage|p2a: Iron Crown|87/268\n|move|p2a: Iron Crown|Calm Mind|p2a: Iron Crown\n|-boost|p2a: Iron Crown|spa|1\n|-boost|p2a: Iron Crown|spd|1\n|\n|-heal|p2a: Iron Crown|103/268|[from] item: Leftovers\n|upkeep\n|turn|10\n|\n|t:|1781454262\n|move|p1a: Walking Wake|Hydro Pump|p2a: Iron Crown\n|-damage|p2a: Iron Crown|0 fnt\n|faint|p2a: Iron Crown\n|-end|p2a: Iron Crown|Quark Drive|[silent]\n|\n|upkeep\n|\n|t:|1781454273\n|switch|p2a: Kyurem|Kyurem, L77|319/319\n|-ability|p2a: Kyurem|Pressure\n|turn|11\n|\n|t:|1781454280\n|-end|p1a: Walking Wake|Protosynthesis|[silent]\n|switch|p1a: Scrafty|Scrafty, L83, F|244/244\n|-damage|p1a: Scrafty|229/244|[from] Stealth Rock\n|-ability|p1a: Scrafty|Intimidate|boost\n|-unboost|p2a: Kyurem|atk|1\n|move|p2a: Kyurem|Draco Meteor|p1a: Scrafty|[miss]\n|-miss|p2a: Kyurem|p1a: Scrafty\n|\n|-heal|p1a: Scrafty|244/244|[from] item: Leftovers\n|upkeep\n|turn|12\n|\n|t:|1781454292\n|move|p2a: Kyurem|Draco Meteor|p1a: Scrafty\n|-damage|p1a: Scrafty|70/244\n|-unboost|p2a: Kyurem|spa|2\n|move|p1a: Scrafty|Dragon Dance|p1a: Scrafty\n|-boost|p1a: Scrafty|atk|1\n|-boost|p1a: Scrafty|spe|1\n|\n|-heal|p1a: Scrafty|85/244|[from] item: Leftovers\n|upkeep\n|turn|13\n|\n|t:|1781454303\n|switch|p2a: Pawmot|Pawmot, L80, F|176/243\n|move|p1a: Scrafty|Drain Punch|p2a: Pawmot\n|-damage|p2a: Pawmot|41/243\n|-heal|p1a: Scrafty|153/244|[from] drain|[of] p2a: Pawmot\n|\n|-heal|p1a: Scrafty|168/244|[from] item: Leftovers\n|upkeep\n|turn|14\n|\n|t:|1781454318\n|move|p1a: Scrafty|Drain Punch|p2a: Pawmot\n|-damage|p2a: Pawmot|0 fnt\n|-heal|p1a: Scrafty|189/244|[from] drain|[of] p2a: Pawmot\n|faint|p2a: Pawmot\n|\n|-heal|p1a: Scrafty|204/244|[from] item: Leftovers\n|upkeep\n|\n|t:|1781454328\n|switch|p2a: Lugia|Lugia, L73|275/275\n|turn|15\n|\n|t:|1781454338\n|move|p1a: Scrafty|Knock Off|p2a: Lugia\n|-supereffective|p2a: Lugia\n|-damage|p2a: Lugia|164/275\n|-enditem|p2a: Lugia|Heavy-Duty Boots|[from] move: Knock Off|[of] p1a: Scrafty\n|move|p2a: Lugia|Aeroblast|p1a: Scrafty\n|-supereffective|p1a: Scrafty\n|-damage|p1a: Scrafty|84/244\n|\n|-heal|p1a: Scrafty|99/244|[from] item: Leftovers\n|upkeep\n|turn|16\n|\n|t:|1781454348\n|move|p1a: Scrafty|Knock Off|p2a: Lugia\n|-supereffective|p2a: Lugia\n|-damage|p2a: Lugia|8/275\n|move|p2a: Lugia|Aeroblast|p1a: Scrafty\n|-supereffective|p1a: Scrafty\n|-damage|p1a: Scrafty|0 fnt\n|faint|p1a: Scrafty\n|\n|upkeep\n|\n|t:|1781454360\n|switch|p1a: Walking Wake|Walking Wake, L79|251/286\n|-damage|p1a: Walking Wake|216/286|[from] Stealth Rock\n|turn|17\n|\n|t:|1781454368\n|move|p1a: Walking Wake|Flip Turn|p2a: Lugia\n|-damage|p2a: Lugia|0 fnt\n|faint|p2a: Lugia\n|\n|t:|1781454374\n|-end|p1a: Walking Wake|Protosynthesis|[silent]\n|switch|p1a: Crabominable|Crabominable, L90, M|321/321|[from] Flip Turn\n|-damage|p1a: Crabominable|281/321|[from] Stealth Rock\n|\n|upkeep\n|\n|t:|1781454387\n|switch|p2a: Heatran|Heatran, L79, M|238/273\n|turn|18\n|\n|t:|1781454405\n|move|p2a: Heatran|Lava Plume|p1a: Crabominable\n|-supereffective|p1a: Crabominable\n|-crit|p1a: Crabominable\n|-damage|p1a: Crabominable|75/321\n|move|p1a: Crabominable|Drain Punch|p2a: Heatran\n|-supereffective|p2a: Heatran\n|-damage|p2a: Heatran|0 fnt\n|-heal|p1a: Crabominable|194/321|[from] drain|[of] p2a: Heatran\n|faint|p2a: Heatran\n|\n|upkeep\n|\n|t:|1781454416\n|switch|p2a: Kyurem|Kyurem, L77|319/319\n|-ability|p2a: Kyurem|Pressure\n|turn|19\n|\n|t:|1781454420\n|move|p2a: Kyurem|Draco Meteor|p1a: Crabominable\n|-damage|p1a: Crabominable|22/321\n|-unboost|p2a: Kyurem|spa|2\n|move|p1a: Crabominable|Drain Punch|p2a: Kyurem\n|-supereffective|p2a: Kyurem\n|-damage|p2a: Kyurem|19/319\n|-heal|p1a: Crabominable|172/321|[from] drain|[of] p2a: Kyurem\n|\n|upkeep\n|turn|20\n|\n|t:|1781454423\n|move|p2a: Kyurem|Draco Meteor|p1a: Crabominable\n|-damage|p1a: Crabominable|94/321\n|-unboost|p2a: Kyurem|spa|2\n|move|p1a: Crabominable|Drain Punch|p2a: Kyurem\n|-supereffective|p2a: Kyurem\n|-damage|p2a: Kyurem|0 fnt\n|-heal|p1a: Crabominable|104/321|[from] drain|[of] p2a: Kyurem\n|faint|p2a: Kyurem\n|\n|upkeep\n|\n|t:|1781454426\n|switch|p2a: Lokix|Lokix, L82, M|251/251\n|turn|21\n|\n|t:|1781454435\n|-terastallize|p2a: Lokix|Dark\n|move|p2a: Lokix|Knock Off|p1a: Crabominable\n|-resisted|p1a: Crabominable\n|-damage|p1a: Crabominable|0 fnt\n|-enditem|p1a: Crabominable|Assault Vest|[from] move: Knock Off|[of] p2a: Lokix\n|faint|p1a: Crabominable\n|-damage|p2a: Lokix|226/251|[from] item: Life Orb\n|\n|upkeep\n|\n|t:|1781454438\n|switch|p1a: Walking Wake|Walking Wake, L79|216/286\n|-damage|p1a: Walking Wake|181/286|[from] Stealth Rock\n|turn|22\n|\n|t:|1781454446\n|move|p1a: Walking Wake|Draco Meteor|p2a: Lokix\n|-damage|p2a: Lokix|0 fnt\n|-unboost|p1a: Walking Wake|spa|2\n|faint|p2a: Lokix\n|\n|win|fragonite\n", "uploadtime": 1781454105, "views": 3, "formatid": "gen9randombattle", "rating": null, "private": 0, "password": null}