{"id": "gen9randombattle-2632000011", "format": "[Gen 9] Random Battle", "players": ["Vic_15", "yagdaquebrada"], "log": "|j|\u2606Vic_15\n|j|\u2606yagdaquebrada\n|t:|1781464487\n|gametype|singles\n|player|p1|Vic_15|pryce|1934\n|player|p2|yagdaquebrada|beauty-gen4dp|2028\n|gen|9\n|tier|[Gen 9] Random Battle\n|rated|\n|rule|Species Clause: Limit one of each Pok\u00e9mon\n|rule|HP Percentage Mod: HP is shown in percentages\n|rule|Sleep Clause Mod: Limit one foe put to sleep\n|rule|Illusion Level Mod: Illusion disguises the Pok\u00e9mon's true level\n|\n|t:|1781464487\n|teamsize|p1|6\n|teamsize|p2|6\n|start\n|switch|p1a: Dudunsparce|Dudunsparce-Three-Segment, L83, M|343/343\n|switch|p2a: Gholdengo|Gholdengo, L77|261/261\n|turn|1\n|inactive|Battle timer is ON: inactive players will automatically lose when time's up. (requested by Vic_15)\n|\n|t:|1781464494\n|move|p2a: Gholdengo|Nasty Plot|p2a: Gholdengo\n|-boost|p2a: Gholdengo|spa|2\n|move|p1a: Dudunsparce|Earthquake|p2a: Gholdengo\n|-supereffective|p2a: Gholdengo\n|-damage|p2a: Gholdengo|125/261\n|\n|-heal|p2a: Gholdengo|141/261|[from] item: Leftovers\n|upkeep\n|turn|2\n|\n|t:|1781464502\n|move|p2a: Gholdengo|Recover|p2a: Gholdengo\n|-heal|p2a: Gholdengo|261/261\n|move|p1a: Dudunsparce|Earthquake|p2a: Gholdengo\n|-supereffective|p2a: Gholdengo\n|-damage|p2a: Gholdengo|119/261\n|\n|-heal|p2a: Gholdengo|135/261|[from] item: Leftovers\n|upkeep\n|turn|3\n|\n|t:|1781464508\n|move|p2a: Gholdengo|Nasty Plot|p2a: Gholdengo\n|-boost|p2a: Gholdengo|spa|2\n|move|p1a: Dudunsparce|Earthquake|p2a: Gholdengo\n|-supereffective|p2a: Gholdengo\n|-damage|p2a: Gholdengo|0 fnt\n|faint|p2a: Gholdengo\n|\n|upkeep\n|c|\u2606Vic_15|?\n|\n|t:|1781464528\n|switch|p2a: Cacturne|Cacturne, L92, F|278/278\n|turn|4\n|\n|t:|1781464532\n|move|p2a: Cacturne|Swords Dance|p2a: Cacturne\n|-boost|p2a: Cacturne|atk|2\n|move|p1a: Dudunsparce|Glare|p2a: Cacturne\n|-status|p2a: Cacturne|par\n|\n|upkeep\n|turn|5\n|\n|t:|1781464539\n|move|p1a: Dudunsparce|Headbutt|p2a: Cacturne\n|-damage|p2a: Cacturne|184/278 par\n|move|p2a: Cacturne|Knock Off|p1a: Dudunsparce\n|-damage|p1a: Dudunsparce|0 fnt\n|-enditem|p1a: Dudunsparce|Leftovers|[from] move: Knock Off|[of] p2a: Cacturne\n|faint|p1a: Dudunsparce\n|-damage|p2a: Cacturne|157/278 par|[from] item: Life Orb\n|\n|upkeep\n|\n|t:|1781464547\n|switch|p1a: Zapdos|Zapdos-Galar, L77|265/265\n|turn|6\n|\n|t:|1781464552\n|move|p2a: Cacturne|Sucker Punch|p1a: Zapdos\n|-resisted|p1a: Zapdos\n|-damage|p1a: Zapdos|132/265\n|-damage|p2a: Cacturne|130/278 par|[from] item: Life Orb\n|move|p1a: Zapdos|U-turn|p2a: Cacturne\n|-supereffective|p2a: Cacturne\n|-damage|p2a: Cacturne|0 fnt\n|faint|p2a: Cacturne\n|\n|t:|1781464564\n|switch|p1a: Magmortar|Magmortar, L88, M|275/275|[from] U-turn\n|\n|upkeep\n|\n|t:|1781464568\n|switch|p2a: Swampert|Swampert, L83, F|302/302\n|turn|7\n|\n|t:|1781464572\n|switch|p1a: Arboliva|Arboliva, L91, F|290/290\n|move|p2a: Swampert|Flip Turn|p1a: Arboliva\n|-resisted|p1a: Arboliva\n|-damage|p1a: Arboliva|261/290\n|-fieldstart|move: Grassy Terrain|[from] ability: Seed Sower|[of] p1a: Arboliva\n|\n|t:|1781464574\n|switch|p2a: Scizor|Scizor, L79, M|240/240|[from] Flip Turn\n|\n|-heal|p1a: Arboliva|279/290|[from] Grassy Terrain\n|-heal|p1a: Arboliva|290/290|[from] item: Leftovers\n|upkeep\n|turn|8\n|\n|t:|1781464587\n|switch|p2a: Swampert|Swampert, L83, F|302/302\n|switch|p1a: Magmortar|Magmortar, L88, M|275/275\n|\n|upkeep\n|turn|9\n|\n|t:|1781464598\n|move|p1a: Magmortar|Focus Blast|p2a: Swampert\n|-damage|p2a: Swampert|126/302\n|move|p2a: Swampert|Earthquake|p1a: Magmortar\n|-supereffective|p1a: Magmortar\n|-damage|p1a: Magmortar|137/275\n|\n|-heal|p1a: Magmortar|154/275|[from] Grassy Terrain\n|-heal|p2a: Swampert|144/302|[from] Grassy Terrain\n|-heal|p2a: Swampert|162/302|[from] item: Leftovers\n|upkeep\n|turn|10\n|\n|t:|1781464607\n|move|p1a: Magmortar|Focus Blast|p2a: Swampert\n|-damage|p2a: Swampert|0 fnt\n|faint|p2a: Swampert\n|\n|-heal|p1a: Magmortar|171/275|[from] Grassy Terrain\n|upkeep\n|\n|t:|1781464627\n|switch|p2a: Iron Bundle|Iron Bundle, L78|215/215\n|turn|11\n|\n|t:|1781464633\n|switch|p1a: Zapdos|Zapdos-Galar, L77|132/265\n|move|p2a: Iron Bundle|Hydro Pump|p1a: Zapdos\n|-damage|p1a: Zapdos|6/265\n|\n|-fieldend|move: Grassy Terrain\n|upkeep\n|turn|12\n|\n|t:|1781464643\n|move|p2a: Iron Bundle|Freeze-Dry|p1a: Zapdos\n|-supereffective|p1a: Zapdos\n|-damage|p1a: Zapdos|0 fnt\n|faint|p1a: Zapdos\n|\n|upkeep\n|\n|t:|1781464647\n|switch|p1a: Rabsca|Rabsca, L91, F|284/284\n|turn|13\n|\n|t:|1781464655\n|move|p2a: Iron Bundle|Hydro Pump|p1a: Rabsca\n|-damage|p1a: Rabsca|188/284\n|move|p1a: Rabsca|Psychic|p2a: Iron Bundle\n|-damage|p2a: Iron Bundle|23/215\n|\n|upkeep\n|turn|14\n|\n|t:|1781464661\n|-end|p2a: Iron Bundle|Quark Drive|[silent]\n|switch|p2a: Scizor|Scizor, L79, M|240/240\n|move|p1a: Rabsca|Earth Power|p2a: Scizor\n|-damage|p2a: Scizor|149/240\n|-unboost|p2a: Scizor|spd|1\n|\n|upkeep\n|turn|15\n|\n|t:|1781464668\n|switch|p1a: Magmortar|Magmortar, L88, M|171/275\n|move|p2a: Scizor|Knock Off|p1a: Magmortar\n|-damage|p1a: Magmortar|55/275\n|-enditem|p1a: Magmortar|Choice Specs|[from] move: Knock Off|[of] p2a: Scizor\n|-damage|p2a: Scizor|125/240|[from] item: Life Orb\n|\n|upkeep\n|turn|16\n|\n|t:|1781464680\n|move|p2a: Scizor|Bullet Punch|p1a: Magmortar\n|-resisted|p1a: Magmortar\n|-damage|p1a: Magmortar|3/275\n|-damage|p2a: Scizor|101/240|[from] item: Life Orb\n|move|p1a: Magmortar|Fire Blast|p2a: Scizor\n|-supereffective|p2a: Scizor\n|-damage|p2a: Scizor|0 fnt\n|faint|p2a: Scizor\n|\n|upkeep\n|\n|t:|1781464684\n|switch|p2a: Iron Bundle|Iron Bundle, L78|23/215\n|turn|17\n|\n|t:|1781464690\n|move|p2a: Iron Bundle|Freeze-Dry|p1a: Magmortar\n|-resisted|p1a: Magmortar\n|-damage|p1a: Magmortar|0 fnt\n|faint|p1a: Magmortar\n|\n|upkeep\n|\n|t:|1781464695\n|switch|p1a: Rabsca|Rabsca, L91, F|188/284\n|turn|18\n|\n|t:|1781464699\n|move|p2a: Iron Bundle|Ice Beam|p1a: Rabsca\n|-damage|p1a: Rabsca|101/284\n|move|p1a: Rabsca|Bug Buzz|p2a: Iron Bundle\n|-damage|p2a: Iron Bundle|0 fnt\n|faint|p2a: Iron Bundle\n|-end|p2a: Iron Bundle|Quark Drive|[silent]\n|\n|upkeep\n|\n|t:|1781464704\n|switch|p2a: Comfey|Comfey, L85, F|225/225\n|turn|19\n|\n|t:|1781464716\n|move|p2a: Comfey|Calm Mind|p2a: Comfey\n|-boost|p2a: Comfey|spa|1\n|-boost|p2a: Comfey|spd|1\n|move|p1a: Rabsca|Psychic|p2a: Comfey\n|-damage|p2a: Comfey|158/225\n|\n|-heal|p2a: Comfey|172/225|[from] item: Leftovers\n|upkeep\n|turn|20\n|-message|Vic_15 forfeited.\n|\n|win|yagdaquebrada\n", "uploadtime": 1781464488, "views": 2, "formatid": "gen9randombattle", "rating": null, "private": 0, "password": null}