{"id": "gen9randombattle-2631986495", "format": "[Gen 9] Random Battle", "players": ["magicaldc", "WhackE"], "log": "|j|\u2606magicaldc\n|j|\u2606WhackE\n|t:|1781462990\n|gametype|singles\n|player|p1|magicaldc|102|1994\n|player|p2|WhackE|265|1969\n|gen|9\n|tier|[Gen 9] Random Battle\n|rated|\n|rule|Species Clause: Limit one of each Pok\u00e9mon\n|rule|HP Percentage Mod: HP is shown in percentages\n|rule|Sleep Clause Mod: Limit one foe put to sleep\n|rule|Illusion Level Mod: Illusion disguises the Pok\u00e9mon's true level\n|\n|t:|1781462990\n|teamsize|p1|6\n|teamsize|p2|6\n|start\n|switch|p1a: Infernape|Infernape, L82, F|259/259\n|switch|p2a: Arbok|Arbok, L87, M|246/246\n|-ability|p2a: Arbok|Intimidate|boost\n|-unboost|p1a: Infernape|atk|1\n|turn|1\n|\n|t:|1781462998\n|move|p1a: Infernape|Knock Off|p2a: Arbok\n|-damage|p2a: Arbok|175/246\n|-enditem|p2a: Arbok|Leftovers|[from] move: Knock Off|[of] p1a: Infernape\n|-damage|p1a: Infernape|234/259|[from] item: Life Orb\n|move|p2a: Arbok|Earthquake|p1a: Infernape\n|-supereffective|p1a: Infernape\n|-damage|p1a: Infernape|70/259\n|\n|upkeep\n|turn|2\n|\n|t:|1781463005\n|move|p1a: Infernape|Overheat|p2a: Arbok\n|-damage|p2a: Arbok|0 fnt\n|-unboost|p1a: Infernape|spa|2\n|faint|p2a: Arbok\n|-damage|p1a: Infernape|45/259|[from] item: Life Orb\n|\n|upkeep\n|\n|t:|1781463040\n|switch|p2a: Arceus|Arceus-Fighting, L70|284/284\n|turn|3\n|\n|t:|1781463051\n|move|p1a: Infernape|Close Combat|p2a: Arceus\n|-damage|p2a: Arceus|171/284\n|-unboost|p1a: Infernape|def|1\n|-unboost|p1a: Infernape|spd|1\n|-damage|p1a: Infernape|20/259|[from] item: Life Orb\n|move|p2a: Arceus|Cosmic Power|p2a: Arceus\n|-boost|p2a: Arceus|def|1\n|-boost|p2a: Arceus|spd|1\n|\n|upkeep\n|turn|4\n|\n|t:|1781463065\n|switch|p1a: Tatsugiri|Tatsugiri, L87, F|260/260\n|move|p2a: Arceus|Recover|p2a: Arceus\n|-heal|p2a: Arceus|284/284\n|\n|upkeep\n|turn|5\n|\n|t:|1781463077\n|move|p2a: Arceus|Cosmic Power|p2a: Arceus\n|-boost|p2a: Arceus|def|1\n|-boost|p2a: Arceus|spd|1\n|move|p1a: Tatsugiri|Rapid Spin|p2a: Arceus\n|-damage|p2a: Arceus|272/284\n|-boost|p1a: Tatsugiri|spe|1\n|\n|upkeep\n|turn|6\n|\n|t:|1781463084\n|move|p1a: Tatsugiri|Nasty Plot|p1a: Tatsugiri\n|-boost|p1a: Tatsugiri|spa|2\n|move|p2a: Arceus|Cosmic Power|p2a: Arceus\n|-boost|p2a: Arceus|def|1\n|-boost|p2a: Arceus|spd|1\n|\n|upkeep\n|turn|7\n|\n|t:|1781463134\n|move|p1a: Tatsugiri|Draco Meteor|p2a: Arceus\n|-damage|p2a: Arceus|145/284\n|-unboost|p1a: Tatsugiri|spa|2\n|move|p2a: Arceus|Body Press|p1a: Tatsugiri\n|-damage|p1a: Tatsugiri|0 fnt\n|faint|p1a: Tatsugiri\n|\n|upkeep\n|\n|t:|1781463143\n|switch|p1a: Basculin|Basculin, L86, F|261/261\n|turn|8\n|-message|magicaldc forfeited.\n|\n|win|WhackE\n", "inputlog": ">version a8376a258c1d4662feba110a92103f3664a72141\n>start {\"formatid\":\"gen9randombattle\",\"seed\":\"sodium,200304d4570cf87f85702aacff2cfc10\",\"rated\":\"Rated battle\"}\n>player p1 {\"name\":\"magicaldc\",\"avatar\":\"102\",\"rating\":1994,\"seed\":\"sodium,881bc03bb287aa37bacde757e526dafb\"}\n>player p2 {\"name\":\"WhackE\",\"avatar\":\"265\",\"rating\":1969,\"seed\":\"sodium,9687f2c033b2ff23438898abffff863a\"}\n>p1 move knockoff\n>p2 move earthquake\n>p1 move overheat\n>p2 move earthquake\n>p2 switch 4\n>p1 move closecombat\n>p2 move cosmicpower\n>p1 switch 5\n>p2 move recover\n>p1 move rapidspin\n>p2 move cosmicpower\n>p1 move nastyplot\n>p2 move cosmicpower\n>p1 move dracometeor\n>p2 move bodypress\n>p1 switch 2\n>forcelose p1", "uploadtime": 1781462992, "views": 4, "formatid": "gen9randombattle", "rating": null, "private": 0, "password": null}