{"id": "gen9randombattle-2631875737", "format": "[Gen 9] Random Battle", "players": ["Elpapi18", "musicbaby1"], "log": "|j|\u2606Elpapi18\n|j|\u2606musicbaby1\n|t:|1781450888\n|gametype|singles\n|player|p1|Elpapi18|2|2065\n|player|p2|musicbaby1|jogger|1999\n|gen|9\n|tier|[Gen 9] Random Battle\n|rated|\n|rule|Species Clause: Limit one of each Pok\u00e9mon\n|rule|HP Percentage Mod: HP is shown in percentages\n|rule|Sleep Clause Mod: Limit one foe put to sleep\n|rule|Illusion Level Mod: Illusion disguises the Pok\u00e9mon's true level\n|\n|t:|1781450888\n|teamsize|p1|6\n|teamsize|p2|6\n|start\n|switch|p1a: Regieleki|Regieleki, L79|256/256\n|switch|p2a: Cinccino|Cinccino, L83, F|260/260\n|turn|1\n|\n|t:|1781450902\n|switch|p2a: Amoonguss|Amoonguss, L82, F|321/321\n|move|p1a: Regieleki|Volt Switch|p2a: Amoonguss\n|-resisted|p2a: Amoonguss\n|-crit|p2a: Amoonguss\n|-damage|p2a: Amoonguss|229/321\n|\n|t:|1781450912\n|switch|p1a: Groudon|Groudon, L72|263/263|[from] Volt Switch\n|-weather|SunnyDay|[from] ability: Drought|[of] p1a: Groudon\n|\n|-weather|SunnyDay|[upkeep]\n|upkeep\n|turn|2\n|\n|t:|1781450919\n|switch|p2a: Clawitzer|Clawitzer, L87, M|265/265\n|move|p1a: Groudon|Heat Crash|p2a: Clawitzer\n|-resisted|p2a: Clawitzer\n|-damage|p2a: Clawitzer|199/265\n|\n|-weather|SunnyDay|[upkeep]\n|upkeep\n|turn|3\n|\n|t:|1781450943\n|switch|p1a: Bellossom|Bellossom, L84, F|263/263\n|move|p2a: Clawitzer|U-turn|p1a: Bellossom\n|-supereffective|p1a: Bellossom\n|-damage|p1a: Bellossom|185/263\n|\n|t:|1781450956\n|switch|p2a: Amoonguss|Amoonguss, L82, F|321/321|[from] U-turn\n|\n|-weather|SunnyDay|[upkeep]\n|-heal|p1a: Bellossom|201/263|[from] item: Leftovers\n|upkeep\n|turn|4\n|\n|t:|1781450962\n|switch|p1a: Ursaring|Ursaring, L84, M|288/288\n|move|p2a: Amoonguss|Sludge Bomb|p1a: Ursaring\n|-damage|p1a: Ursaring|225/288\n|\n|-weather|SunnyDay|[upkeep]\n|upkeep\n|turn|5\n|inactive|Battle timer is ON: inactive players will automatically lose when time's up. (requested by Elpapi18)\n|\n|t:|1781450976\n|move|p1a: Ursaring|Body Slam|p2a: Amoonguss\n|-damage|p2a: Amoonguss|173/321\n|-status|p2a: Amoonguss|par\n|-damage|p1a: Ursaring|177/288|[from] item: Rocky Helmet|[of] p2a: Amoonguss\n|move|p2a: Amoonguss|Spore|p1a: Ursaring\n|-status|p1a: Ursaring|slp|[from] move: Spore\n|\n|-weather|none\n|upkeep\n|turn|6\n|\n|t:|1781450989\n|switch|p2a: Clawitzer|Clawitzer, L87, M|199/265\n|cant|p1a: Ursaring|slp\n|move|p1a: Ursaring|Sleep Talk|p1a: Ursaring\n|move|p1a: Ursaring|Earthquake|p2a: Clawitzer|[from] move: Sleep Talk\n|-damage|p2a: Clawitzer|63/265\n|\n|upkeep\n|turn|7\n|\n|t:|1781451001\n|switch|p1a: Bellossom|Bellossom, L84, F|201/263\n|move|p2a: Clawitzer|Water Pulse|p1a: Bellossom\n|-resisted|p1a: Bellossom\n|-damage|p1a: Bellossom|151/263\n|\n|-heal|p1a: Bellossom|167/263|[from] item: Leftovers\n|upkeep\n|turn|8\n|\n|t:|1781451009\n|move|p2a: Clawitzer|Dragon Pulse|p1a: Bellossom\n|-damage|p1a: Bellossom|64/263\n|move|p1a: Bellossom|Strength Sap|p2a: Clawitzer\n|-unboost|p2a: Clawitzer|atk|1\n|-heal|p1a: Bellossom|241/263\n|\n|-heal|p1a: Bellossom|257/263|[from] item: Leftovers\n|upkeep\n|turn|9\n|\n|t:|1781451016\n|move|p2a: Clawitzer|Dragon Pulse|p1a: Bellossom\n|-damage|p1a: Bellossom|155/263\n|move|p1a: Bellossom|Giga Drain|p2a: Clawitzer\n|-supereffective|p2a: Clawitzer\n|-damage|p2a: Clawitzer|0 fnt\n|-heal|p1a: Bellossom|187/263|[from] drain|[of] p2a: Clawitzer\n|faint|p2a: Clawitzer\n|\n|-heal|p1a: Bellossom|203/263|[from] item: Leftovers\n|upkeep\n|\n|t:|1781451019\n|switch|p2a: Grafaiai|Grafaiai, L86, M|249/249\n|turn|10\n|\n|t:|1781451032\n|switch|p1a: Groudon|Groudon, L72|263/263\n|-weather|SunnyDay|[from] ability: Drought|[of] p1a: Groudon\n|move|p2a: Grafaiai|Knock Off|p1a: Groudon\n|-damage|p1a: Groudon|195/263\n|-enditem|p1a: Groudon|Leftovers|[from] move: Knock Off|[of] p2a: Grafaiai\n|-damage|p2a: Grafaiai|225/249|[from] item: Life Orb\n|\n|-weather|SunnyDay|[upkeep]\n|upkeep\n|turn|11\n|\n|t:|1781451041\n|switch|p2a: Amoonguss|Amoonguss, L82, F|280/321 par\n|move|p1a: Groudon|Precipice Blades|p2a: Amoonguss\n|-crit|p2a: Amoonguss\n|-damage|p2a: Amoonguss|57/321 par\n|\n|-weather|SunnyDay|[upkeep]\n|upkeep\n|turn|12\n|\n|t:|1781451047\n|move|p1a: Groudon|Precipice Blades|p2a: Amoonguss\n|-damage|p2a: Amoonguss|0 fnt\n|faint|p2a: Amoonguss\n|\n|-weather|SunnyDay|[upkeep]\n|upkeep\n|\n|t:|1781451052\n|switch|p2a: Cinccino|Cinccino, L83, F|260/260\n|turn|13\n|\n|t:|1781451063\n|move|p2a: Cinccino|Tidy Up|p2a: Cinccino\n|-boost|p2a: Cinccino|atk|1\n|-boost|p2a: Cinccino|spe|1\n|move|p1a: Groudon|Heat Crash|p2a: Cinccino\n|-damage|p2a: Cinccino|84/260\n|\n|-weather|SunnyDay|[upkeep]\n|upkeep\n|turn|14\n|\n|t:|1781451070\n|move|p2a: Cinccino|Bullet Seed|p1a: Groudon\n|-supereffective|p1a: Groudon\n|-damage|p1a: Groudon|137/263\n|-supereffective|p1a: Groudon\n|-damage|p1a: Groudon|79/263\n|-supereffective|p1a: Groudon\n|-damage|p1a: Groudon|15/263\n|-supereffective|p1a: Groudon\n|-damage|p1a: Groudon|0 fnt\n|faint|p1a: Groudon\n|-hitcount|p1: Groudon|4\n|\n|-weather|none\n|upkeep\n|l|\u2606Elpapi18\n|inactive|Elpapi18 disconnected and has a minute to reconnect!\n|player|p1|\n|j|\u2606Elpapi18\n|inactive|Elpapi18 reconnected and has 135 seconds left.\n|player|p1|Elpapi18|2|\n|\n|t:|1781451088\n|switch|p1a: Regieleki|Regieleki, L79|256/256\n|turn|15\n|\n|t:|1781451094\n|switch|p2a: Zekrom|Zekrom, L71|259/259\n|-ability|p2a: Zekrom|Teravolt\n|move|p1a: Regieleki|Volt Switch|p2a: Zekrom\n|-resisted|p2a: Zekrom\n|-crit|p2a: Zekrom\n|-damage|p2a: Zekrom|218/259\n|\n|t:|1781451107\n|switch|p1a: Slither Wing|Slither Wing, L81|270/270|[from] Volt Switch\n|-enditem|p1a: Slither Wing|Booster Energy\n|-activate|p1a: Slither Wing|ability: Protosynthesis|[fromitem]\n|-start|p1a: Slither Wing|protosynthesisatk\n|\n|-heal|p2a: Zekrom|234/259|[from] item: Leftovers\n|upkeep\n|turn|16\n|\n|t:|1781451115\n|move|p1a: Slither Wing|Bulk Up|p1a: Slither Wing\n|-boost|p1a: Slither Wing|atk|1\n|-boost|p1a: Slither Wing|def|1\n|move|p2a: Zekrom|Dragon Dance|p2a: Zekrom\n|-boost|p2a: Zekrom|atk|1\n|-boost|p2a: Zekrom|spe|1\n|\n|-heal|p2a: Zekrom|250/259|[from] item: Leftovers\n|upkeep\n|turn|17\n|\n|t:|1781451125\n|move|p2a: Zekrom|Substitute|p2a: Zekrom\n|-start|p2a: Zekrom|Substitute\n|-damage|p2a: Zekrom|186/259\n|move|p1a: Slither Wing|Close Combat|p2a: Zekrom\n|-end|p2a: Zekrom|Substitute\n|-unboost|p1a: Slither Wing|def|1\n|-unboost|p1a: Slither Wing|spd|1\n|\n|-heal|p2a: Zekrom|202/259|[from] item: Leftovers\n|upkeep\n|turn|18\n|\n|t:|1781451132\n|move|p2a: Zekrom|Substitute|p2a: Zekrom\n|-start|p2a: Zekrom|Substitute\n|-damage|p2a: Zekrom|138/259\n|move|p1a: Slither Wing|Bulk Up|p1a: Slither Wing\n|-boost|p1a: Slither Wing|atk|1\n|-boost|p1a: Slither Wing|def|1\n|\n|-heal|p2a: Zekrom|154/259|[from] item: Leftovers\n|upkeep\n|turn|19\n|\n|t:|1781451142\n|move|p2a: Zekrom|Dragon Dance|p2a: Zekrom\n|-boost|p2a: Zekrom|atk|1\n|-boost|p2a: Zekrom|spe|1\n|move|p1a: Slither Wing|Acrobatics|p2a: Zekrom\n|-resisted|p2a: Zekrom\n|-end|p2a: Zekrom|Substitute\n|\n|-heal|p2a: Zekrom|170/259|[from] item: Leftovers\n|upkeep\n|turn|20\n|\n|t:|1781451155\n|move|p2a: Zekrom|Substitute|p2a: Zekrom\n|-start|p2a: Zekrom|Substitute\n|-damage|p2a: Zekrom|106/259\n|move|p1a: Slither Wing|Acrobatics|p2a: Zekrom\n|-resisted|p2a: Zekrom\n|-end|p2a: Zekrom|Substitute\n|\n|-heal|p2a: Zekrom|122/259|[from] item: Leftovers\n|upkeep\n|turn|21\n|\n|t:|1781451161\n|move|p2a: Zekrom|Dragon Dance|p2a: Zekrom\n|-boost|p2a: Zekrom|atk|1\n|-boost|p2a: Zekrom|spe|1\n|move|p1a: Slither Wing|Acrobatics|p2a: Zekrom\n|-resisted|p2a: Zekrom\n|-crit|p2a: Zekrom\n|-damage|p2a: Zekrom|0 fnt\n|faint|p2a: Zekrom\n|\n|upkeep\n|-message|musicbaby1 forfeited.\n|\n|win|Elpapi18\n|raw|Elpapi18's rating: 2065 &rarr; <strong>2081</strong><br />(+16 for winning)\n|raw|musicbaby1's rating: 1999 &rarr; <strong>1983</strong><br />(-16 for losing)\n", "inputlog": ">version a8376a258c1d4662feba110a92103f3664a72141\n>start {\"formatid\":\"gen9randombattle\",\"seed\":\"sodium,c01412b7d85678dfcfdb1fa220264128\",\"rated\":\"Rated battle\"}\n>player p1 {\"name\":\"Elpapi18\",\"avatar\":\"2\",\"rating\":2065,\"seed\":\"sodium,1b8bcc05c01e520fb6cb58a19fbd0fa6\"}\n>player p2 {\"name\":\"musicbaby1\",\"avatar\":\"jogger\",\"rating\":1999,\"seed\":\"sodium,d4bd5b65f6c9ec50f07aed9b69da7553\"}\n>p1 move voltswitch\n>p2 switch 5\n>p1 switch 5\n>p1 move heatcrash\n>p2 switch 6\n>p1 switch 6\n>p2 move uturn\n>p2 switch 6\n>p1 switch 4\n>p2 move sludgebomb\n>p1 move bodyslam\n>p2 move spore\n>p1 move sleeptalk\n>p2 switch 6\n>p1 switch 4\n>p2 move waterpulse\n>p1 move strengthsap\n>p2 move dragonpulse\n>p1 move gigadrain\n>p2 move dragonpulse\n>p2 switch 3\n>p1 switch 6\n>p2 move knockoff\n>p1 move precipiceblades\n>p2 switch 6\n>p1 move precipiceblades\n>p2 move gigadrain\n>p2 switch 5\n>p1 move heatcrash\n>p2 move tidyup\n>p1 move heatcrash\n>p2 move bulletseed\n>p1 switch 5\n>p1 move voltswitch\n>p2 switch 4\n>p1 switch 2\n>p1 move bulkup\n>p2 move dragondance\n>p1 move closecombat\n>p2 move substitute\n>p1 move bulkup\n>p2 move substitute\n>p1 move acrobatics\n>p2 move dragondance\n>p1 move acrobatics\n>p2 move substitute\n>p1 move acrobatics\n>p2 move dragondance\n>forcelose p2", "uploadtime": 1781450890, "views": 5, "formatid": "gen9randombattle", "rating": 1983, "private": 0, "password": null}