{"id": "gen9randombattle-2631795378", "format": "[Gen 9] Random Battle", "players": ["laplankes", "anthonysucks123"], "log": "|j|\u2606laplankes\n|j|\u2606anthonysucks123\n|t:|1781440824\n|gametype|singles\n|player|p1|laplankes|iris-gen5bw2|1156\n|player|p2|anthonysucks123|cynthia|1197\n|gen|9\n|tier|[Gen 9] Random Battle\n|rated|\n|rule|Species Clause: Limit one of each Pok\u00e9mon\n|rule|HP Percentage Mod: HP is shown in percentages\n|rule|Sleep Clause Mod: Limit one foe put to sleep\n|rule|Illusion Level Mod: Illusion disguises the Pok\u00e9mon's true level\n|\n|t:|1781440824\n|teamsize|p1|6\n|teamsize|p2|6\n|start\n|switch|p1a: Lapras|Lapras, L87, M|367/367\n|switch|p2a: Pincurchin|Pincurchin, M|258/258\n|-fieldstart|move: Electric Terrain|[from] ability: Electric Surge|[of] p2a: Pincurchin\n|turn|1\n|inactive|Battle timer is ON: inactive players will automatically lose when time's up. (requested by laplankes)\n|\n|t:|1781440843\n|-terastallize|p1a: Lapras|Ground\n|move|p1a: Lapras|Earthquake|p2a: Pincurchin\n|-supereffective|p2a: Pincurchin\n|-damage|p2a: Pincurchin|82/258\n|move|p2a: Pincurchin|Spikes|p1a: Lapras\n|-sidestart|p1: laplankes|Spikes\n|\n|-heal|p2a: Pincurchin|98/258|[from] item: Leftovers\n|upkeep\n|turn|2\n|c|\u2606laplankes|Tung tung tung sahuro\n|inactive|anthonysucks123 has 120 seconds left.\n|\n|t:|1781440882\n|switch|p2a: Trevenant|Trevenant, L89, F|296/296\n|move|p1a: Lapras|Dragon Dance|p1a: Lapras\n|-boost|p1a: Lapras|atk|1\n|-boost|p1a: Lapras|spe|1\n|\n|upkeep\n|turn|3\n|inactive|anthonysucks123 has 120 seconds left.\n|\n|t:|1781440891\n|move|p1a: Lapras|Icicle Spear|p2a: Trevenant\n|-supereffective|p2a: Trevenant\n|-damage|p2a: Trevenant|206/296\n|-supereffective|p2a: Trevenant\n|-damage|p2a: Trevenant|128/296\n|-supereffective|p2a: Trevenant\n|-damage|p2a: Trevenant|48/296\n|-supereffective|p2a: Trevenant\n|-damage|p2a: Trevenant|0 fnt\n|faint|p2a: Trevenant\n|-hitcount|p2: Trevenant|4\n|\n|upkeep\n|inactive|anthonysucks123 has 120 seconds left.\n|\n|t:|1781440903\n|switch|p2a: Veluza|Veluza, L85, M|292/292\n|turn|4\n|\n|t:|1781440910\n|move|p1a: Lapras|Earthquake|p2a: Veluza\n|-damage|p2a: Veluza|105/292\n|-enditem|p2a: Veluza|Sitrus Berry|[eat]\n|-heal|p2a: Veluza|178/292|[from] item: Sitrus Berry\n|move|p2a: Veluza|Aqua Cutter|p1a: Lapras\n|-immune|p1a: Lapras|[from] ability: Water Absorb\n|\n|upkeep\n|turn|5\n|c|\u2606laplankes|Are you doodocaca\n|\n|t:|1781440925\n|move|p1a: Lapras|Earthquake|p2a: Veluza\n|-damage|p2a: Veluza|0 fnt\n|faint|p2a: Veluza\n|\n|-fieldend|move: Electric Terrain\n|upkeep\n|inactive|anthonysucks123 has 120 seconds left.\n|\n|t:|1781440935\n|switch|p2a: Heracross|Heracross, L80, F|259/259\n|turn|6\n|inactive|anthonysucks123 has 120 seconds left.\n|\n|t:|1781440960\n|move|p1a: Lapras|Icicle Spear|p2a: Heracross\n|-damage|p2a: Heracross|211/259\n|-damage|p2a: Heracross|163/259\n|-damage|p2a: Heracross|115/259\n|-damage|p2a: Heracross|67/259\n|-hitcount|p2a: Heracross|4\n|move|p2a: Heracross|Megahorn|p1a: Lapras\n|-damage|p1a: Lapras|126/367\n|\n|upkeep\n|turn|7\n|\n|t:|1781440978\n|move|p1a: Lapras|Icicle Spear|p2a: Heracross\n|-damage|p2a: Heracross|22/259\n|-damage|p2a: Heracross|0 fnt\n|faint|p2a: Heracross\n|-hitcount|p2: Heracross|2\n|\n|upkeep\n|\n|t:|1781440984\n|switch|p2a: Ho-Oh|Ho-Oh, L71|268/268\n|turn|8\n|c|\u2606laplankes|Lapras randbats sweep??\n|\n|t:|1781440995\n|-terastallize|p2a: Ho-Oh|Steel\n|move|p1a: Lapras|Waterfall|p2a: Ho-Oh\n|-damage|p2a: Ho-Oh|121/268\n|move|p2a: Ho-Oh|Sacred Fire|p1a: Lapras\n|-damage|p1a: Lapras|30/367\n|\n|upkeep\n|turn|9\n|\n|t:|1781441011\n|move|p1a: Lapras|Waterfall|p2a: Ho-Oh\n|-damage|p2a: Ho-Oh|0 fnt\n|faint|p2a: Ho-Oh\n|\n|upkeep\n|\n|t:|1781441015\n|switch|p2a: Pincurchin|Pincurchin, M|98/258\n|-fieldstart|move: Electric Terrain|[from] ability: Electric Surge|[of] p2a: Pincurchin\n|turn|10\n|\n|t:|1781441023\n|move|p1a: Lapras|Earthquake|p2a: Pincurchin\n|-supereffective|p2a: Pincurchin\n|-crit|p2a: Pincurchin\n|-damage|p2a: Pincurchin|0 fnt\n|faint|p2a: Pincurchin\n|\n|upkeep\n|\n|t:|1781441028\n|switch|p2a: Giratina|Giratina-Origin, L72|335/335\n|turn|11\n|inactive|anthonysucks123 has 120 seconds left.\n|\n|t:|1781441048\n|move|p2a: Giratina|Shadow Sneak|p1a: Lapras\n|-damage|p1a: Lapras|0 fnt\n|faint|p1a: Lapras\n|\n|upkeep\n|\n|t:|1781441058\n|switch|p1a: Zacian|Zacian, L69|241/241\n|-damage|p1a: Zacian|211/241|[from] Spikes\n|-ability|p1a: Zacian|Intrepid Sword|boost\n|-boost|p1a: Zacian|atk|1\n|turn|12\n|\n|t:|1781441067\n|move|p1a: Zacian|Swords Dance|p1a: Zacian\n|-boost|p1a: Zacian|atk|2\n|move|p2a: Giratina|Poltergeist|p1a: Zacian\n|-activate|p1a: Zacian|move: Poltergeist|Life Orb\n|-damage|p1a: Zacian|94/241\n|\n|upkeep\n|turn|13\n|inactive|anthonysucks123 has 120 seconds left.\n|\n|t:|1781441074\n|move|p1a: Zacian|Play Rough|p2a: Giratina\n|-supereffective|p2a: Giratina\n|-damage|p2a: Giratina|0 fnt\n|faint|p2a: Giratina\n|-damage|p1a: Zacian|70/241|[from] item: Life Orb\n|\n|win|laplankes\n|raw|laplankes's rating: 1156 &rarr; <strong>1184</strong><br />(+28 for winning)\n|raw|anthonysucks123's rating: 1197 &rarr; <strong>1169</strong><br />(-28 for losing)\n|l|\u2606anthonysucks123\n|player|p2|\n", "inputlog": ">version a8376a258c1d4662feba110a92103f3664a72141\n>start {\"formatid\":\"gen9randombattle\",\"seed\":\"sodium,1fb410b3935aefd4c9fd80015fd42d15\",\"rated\":\"Rated battle\"}\n>player p1 {\"name\":\"laplankes\",\"avatar\":\"iris-gen5bw2\",\"rating\":1156,\"seed\":\"sodium,6a8d89018c8bf3170d36d1aa84358672\"}\n>player p2 {\"name\":\"anthonysucks123\",\"avatar\":\"cynthia\",\"rating\":1197,\"seed\":\"sodium,73b63e7b3173c36d6794e5f3beff1678\"}\n>p1 move earthquake terastallize\n>p2 move spikes\n>chat \u2606laplankes|Tung tung tung sahuro\n>p1 move dragondance\n>p2 switch 4\n>p1 move iciclespear\n>p2 move hornleech\n>p2 switch 5\n>p1 move earthquake\n>p2 move aquacutter\n>chat \u2606laplankes|Are you doodocaca\n>p1 move earthquake\n>p2 move filletaway\n>p2 switch 2\n>p1 move iciclespear\n>p2 move megahorn\n>p1 move iciclespear\n>p2 move megahorn\n>p2 switch 3\n>chat \u2606laplankes|Lapras randbats sweep??\n>p1 move waterfall\n>p2 move sacredfire terastallize\n>p1 move waterfall\n>p2 move recover\n>p2 switch 4\n>p1 move earthquake\n>p2 move recover\n>p2 switch 6\n>p1 move iciclespear\n>p2 move shadowsneak\n>p1 switch 6\n>p1 move swordsdance\n>p2 move poltergeist\n>p1 move playrough\n>p2 move poltergeist", "uploadtime": 1781441085, "views": 11, "formatid": "gen9randombattle", "rating": 1169, "private": 0, "password": null}