{"id": "gen9randombattle-2631633762", "format": "[Gen 9] Random Battle", "players": ["balotellibro", "lalo's pollos"], "log": "|j|\u2606balotellibro\n|j|\u2606lalo's pollos\n|t:|1781412137\n|gametype|singles\n|player|p1|balotellibro|265|1933\n|player|p2|lalo's pollos|1|1939\n|gen|9\n|tier|[Gen 9] Random Battle\n|rated|\n|rule|Species Clause: Limit one of each Pok\u00e9mon\n|rule|HP Percentage Mod: HP is shown in percentages\n|rule|Sleep Clause Mod: Limit one foe put to sleep\n|rule|Illusion Level Mod: Illusion disguises the Pok\u00e9mon's true level\n|\n|t:|1781412137\n|teamsize|p1|6\n|teamsize|p2|6\n|start\n|switch|p1a: Barraskewda|Barraskewda, L81, F|231/231\n|switch|p2a: Iron Moth|Iron Moth, L78|253/253\n|turn|1\n|\n|t:|1781412166\n|-end|p2a: Iron Moth|Quark Drive|[silent]\n|switch|p2a: Abomasnow|Abomasnow, L84, M|287/287\n|-weather|Snowscape|[from] ability: Snow Warning|[of] p2a: Abomasnow\n|move|p1a: Barraskewda|Flip Turn|p2a: Abomasnow\n|-resisted|p2a: Abomasnow\n|-damage|p2a: Abomasnow|245/287\n|\n|t:|1781412172\n|switch|p1a: Conkeldurr|Conkeldurr, L80, F|299/299|[from] Flip Turn\n|\n|-weather|Snowscape|[upkeep]\n|-status|p1a: Conkeldurr|brn|[from] item: Flame Orb\n|upkeep\n|turn|2\n|inactive|Battle timer is ON: inactive players will automatically lose when time's up. (requested by balotellibro)\n|\n|t:|1781412190\n|move|p2a: Abomasnow|Aurora Veil|p2a: Abomasnow\n|-sidestart|p2: lalo's pollos|move: Aurora Veil\n|move|p1a: Conkeldurr|Knock Off|p2a: Abomasnow\n|-damage|p2a: Abomasnow|199/287\n|-enditem|p2a: Abomasnow|Light Clay|[from] move: Knock Off|[of] p1a: Conkeldurr\n|\n|-weather|Snowscape|[upkeep]\n|-damage|p1a: Conkeldurr|281/299 brn|[from] brn\n|upkeep\n|turn|3\n|\n|t:|1781412196\n|move|p2a: Abomasnow|Blizzard|p1a: Conkeldurr\n|-damage|p1a: Conkeldurr|133/299 brn\n|move|p1a: Conkeldurr|Close Combat|p2a: Abomasnow\n|-supereffective|p2a: Abomasnow\n|-damage|p2a: Abomasnow|19/287\n|-unboost|p1a: Conkeldurr|def|1\n|-unboost|p1a: Conkeldurr|spd|1\n|\n|-weather|Snowscape|[upkeep]\n|-damage|p1a: Conkeldurr|115/299 brn|[from] brn\n|upkeep\n|turn|4\n|\n|t:|1781412200\n|move|p2a: Abomasnow|Ice Shard|p1a: Conkeldurr\n|-damage|p1a: Conkeldurr|57/299 brn\n|move|p1a: Conkeldurr|Mach Punch|p2a: Abomasnow\n|-supereffective|p2a: Abomasnow\n|-damage|p2a: Abomasnow|0 fnt\n|faint|p2a: Abomasnow\n|\n|-weather|Snowscape|[upkeep]\n|-damage|p1a: Conkeldurr|39/299 brn|[from] brn\n|upkeep\n|\n|t:|1781412205\n|switch|p2a: Salamence|Salamence, L77, M|273/273\n|turn|5\n|inactive|balotellibro has 120 seconds left.\n|\n|t:|1781412238\n|switch|p1a: Noctowl|Noctowl, L95, F|344/344\n|move|p2a: Salamence|Dragon Dance|p2a: Salamence\n|-boost|p2a: Salamence|atk|1\n|-boost|p2a: Salamence|spe|1\n|\n|-weather|none\n|upkeep\n|turn|6\n|\n|t:|1781412263\n|move|p2a: Salamence|Dragon Dance|p2a: Salamence\n|-boost|p2a: Salamence|atk|1\n|-boost|p2a: Salamence|spe|1\n|move|p1a: Noctowl|Hyper Voice|p2a: Salamence\n|-damage|p2a: Salamence|207/273\n|\n|upkeep\n|turn|7\n|\n|t:|1781412269\n|move|p2a: Salamence|Dual Wingbeat|p1a: Noctowl\n|-damage|p1a: Noctowl|230/344\n|-damage|p1a: Noctowl|104/344\n|-hitcount|p1a: Noctowl|2\n|move|p1a: Noctowl|Hyper Voice|p2a: Salamence\n|-damage|p2a: Salamence|144/273\n|\n|upkeep\n|turn|8\n|\n|t:|1781412273\n|move|p2a: Salamence|Dual Wingbeat|p1a: Noctowl\n|-damage|p1a: Noctowl|0 fnt\n|faint|p1a: Noctowl\n|-ability|p2a: Salamence|Moxie|boost\n|-boost|p2a: Salamence|atk|1\n|-hitcount|p1: Noctowl|1\n|\n|upkeep\n|\n|t:|1781412280\n|switch|p1a: Roaring Moon|Roaring Moon, L72|270/270\n|-enditem|p1a: Roaring Moon|Booster Energy\n|-activate|p1a: Roaring Moon|ability: Protosynthesis|[fromitem]\n|-start|p1a: Roaring Moon|protosynthesisatk\n|turn|9\n|\n|t:|1781412289\n|-terastallize|p1a: Roaring Moon|Steel\n|move|p2a: Salamence|Outrage|p1a: Roaring Moon\n|-resisted|p1a: Roaring Moon\n|-damage|p1a: Roaring Moon|55/270\n|move|p1a: Roaring Moon|Outrage|p2a: Salamence\n|-supereffective|p2a: Salamence\n|-damage|p2a: Salamence|0 fnt\n|faint|p2a: Salamence\n|\n|-sideend|p2: lalo's pollos|move: Aurora Veil\n|upkeep\n|\n|t:|1781412314\n|switch|p2a: Cobalion|Cobalion, L80|277/277\n|turn|10\n|\n|t:|1781412323\n|move|p2a: Cobalion|Body Press|p1a: Roaring Moon\n|-supereffective|p1a: Roaring Moon\n|-damage|p1a: Roaring Moon|0 fnt\n|faint|p1a: Roaring Moon\n|-end|p1a: Roaring Moon|Protosynthesis|[silent]\n|\n|upkeep\n|\n|t:|1781412326\n|switch|p1a: Medicham|Medicham, L86, F|243/243\n|turn|11\n|\n|t:|1781412331\n|switch|p2a: Iron Moth|Iron Moth, L78|253/253\n|move|p1a: Medicham|Close Combat|p2a: Iron Moth\n|-resisted|p2a: Iron Moth\n|-damage|p2a: Iron Moth|57/253\n|-unboost|p1a: Medicham|def|1\n|-unboost|p1a: Medicham|spd|1\n|\n|upkeep\n|turn|12\n|inactive|balotellibro has 120 seconds left.\n|\n|t:|1781412376\n|switch|p1a: Conkeldurr|Conkeldurr, L80, F|39/299 brn\n|move|p2a: Iron Moth|Fire Blast|p1a: Conkeldurr\n|-damage|p1a: Conkeldurr|0 fnt\n|faint|p1a: Conkeldurr\n|\n|upkeep\n|\n|t:|1781412380\n|switch|p1a: Barraskewda|Barraskewda, L81, F|231/231\n|turn|13\n|\n|t:|1781412392\n|move|p1a: Barraskewda|Flip Turn|p2a: Iron Moth\n|-supereffective|p2a: Iron Moth\n|-damage|p2a: Iron Moth|0 fnt\n|faint|p2a: Iron Moth\n|-end|p2a: Iron Moth|Quark Drive|[silent]\n|\n|t:|1781412397\n|switch|p1a: Medicham|Medicham, L86, F|243/243|[from] Flip Turn\n|\n|upkeep\n|\n|t:|1781412404\n|switch|p2a: Furret|Furret, L94, F|312/312\n|-item|p1a: Medicham|Choice Band|[from] ability: Frisk|[of] p2a: Furret\n|turn|14\n|\n|t:|1781412408\n|-terastallize|p2a: Furret|Ghost\n|move|p2a: Furret|Tidy Up|p2a: Furret\n|-boost|p2a: Furret|atk|1\n|-boost|p2a: Furret|spe|1\n|move|p1a: Medicham|Close Combat|p2a: Furret\n|-immune|p2a: Furret\n|\n|upkeep\n|turn|15\n|c|\u2606balotellibro|oh i should've seen that coming\n|\n|t:|1781412417\n|switch|p1a: Barraskewda|Barraskewda, L81, F|231/231\n|move|p2a: Furret|Tidy Up|p2a: Furret\n|-boost|p2a: Furret|atk|1\n|-boost|p2a: Furret|spe|1\n|\n|upkeep\n|turn|16\n|\n|t:|1781412423\n|move|p2a: Furret|Double-Edge|p1a: Barraskewda\n|-damage|p1a: Barraskewda|0 fnt\n|faint|p1a: Barraskewda\n|-damage|p2a: Furret|236/312|[from] Recoil\n|-damage|p2a: Furret|205/312|[from] item: Life Orb\n|\n|upkeep\n|\n|t:|1781412425\n|switch|p1a: Espeon|Espeon, L84, M|246/246\n|turn|17\n|c|\u2606balotellibro|gg\n|\n|t:|1781412428\n|move|p2a: Furret|Double-Edge|p1a: Espeon\n|-damage|p1a: Espeon|0 fnt\n|faint|p1a: Espeon\n|-damage|p2a: Furret|124/312|[from] Recoil\n|-damage|p2a: Furret|93/312|[from] item: Life Orb\n|\n|upkeep\n|\n|t:|1781412430\n|switch|p1a: Medicham|Medicham, L86, F|243/243\n|turn|18\n|\n|t:|1781412433\n|move|p2a: Furret|Double-Edge|p1a: Medicham\n|-damage|p1a: Medicham|0 fnt\n|faint|p1a: Medicham\n|-damage|p2a: Furret|13/312|[from] Recoil\n|-damage|p2a: Furret|0 fnt|[from] item: Life Orb\n|faint|p2a: Furret\n|\n|win|lalo's pollos\n", "inputlog": ">version a8376a258c1d4662feba110a92103f3664a72141\n>start {\"formatid\":\"gen9randombattle\",\"seed\":\"sodium,18e00e98dd2e292d793989b65fa62587\",\"rated\":\"Rated battle\"}\n>player p1 {\"name\":\"balotellibro\",\"avatar\":\"265\",\"rating\":1933,\"seed\":\"sodium,ca35d8d2bead1aaa425ab98061c7b146\"}\n>player p2 {\"name\":\"lalo's pollos\",\"avatar\":\"1\",\"rating\":1939,\"seed\":\"sodium,25a8437d4123e2602266ff3db1fd0888\"}\n>p1 move flipturn\n>p2 switch 2\n>p1 switch 3\n>p1 move knockoff\n>p2 move auroraveil\n>p1 move closecombat\n>p2 move blizzard\n>p1 move machpunch\n>p2 move iceshard\n>p2 switch 3\n>p1 switch 4\n>p2 move dragondance\n>p1 move hypervoice\n>p2 move dragondance\n>p1 move hypervoice\n>p2 move dualwingbeat\n>p1 move hypervoice\n>p2 move dualwingbeat\n>p1 switch 5\n>p1 move outrage terastallize\n>p2 move outrage\n>p2 switch 5\n>p1 move outrage\n>p2 move bodypress\n>p1 switch 6\n>p1 move closecombat\n>p2 switch 2\n>p1 switch 4\n>p2 move fireblast\n>p1 switch 3\n>p1 move flipturn\n>p2 move fireblast\n>p1 switch 4\n>p2 switch 4\n>p1 move closecombat\n>p2 move tidyup terastallize\n>chat \u2606balotellibro|oh i should've seen that coming\n>p1 switch 4\n>p2 move tidyup\n>p1 move throatchop\n>p2 move doubleedge\n>p1 switch 2\n>chat \u2606balotellibro|gg\n>p1 move shadowball\n>p2 move doubleedge\n>p1 switch 4\n>p1 move zenheadbutt\n>p2 move doubleedge", "uploadtime": 1781412139, "views": 5, "formatid": "gen9randombattle", "rating": null, "private": 0, "password": null}