{"id": "gen9randombattle-2631729387", "format": "[Gen 9] Random Battle", "players": ["Dr.Noqi", "almightykingcaper"], "log": "|j|\u2606Dr.Noqi\n|j|\u2606almightykingcaper\n|t:|1781429881\n|gametype|singles\n|player|p1|Dr.Noqi|benga|1326\n|player|p2|almightykingcaper|169|1347\n|gen|9\n|tier|[Gen 9] Random Battle\n|rated|\n|rule|Species Clause: Limit one of each Pok\u00e9mon\n|rule|HP Percentage Mod: HP is shown in percentages\n|rule|Sleep Clause Mod: Limit one foe put to sleep\n|rule|Illusion Level Mod: Illusion disguises the Pok\u00e9mon's true level\n|\n|t:|1781429881\n|teamsize|p1|6\n|teamsize|p2|6\n|start\n|switch|p1a: Groudon|Groudon, L72|263/263\n|switch|p2a: Toxtricity|Toxtricity, L82, M|257/257\n|-weather|SunnyDay|[from] ability: Drought|[of] p1a: Groudon\n|turn|1\n|inactive|Battle timer is ON: inactive players will automatically lose when time's up. (requested by Dr.Noqi)\n|\n|t:|1781429911\n|-terastallize|p2a: Toxtricity|Normal\n|move|p1a: Groudon|Precipice Blades|p2a: Toxtricity\n|-damage|p2a: Toxtricity|100/257\n|move|p2a: Toxtricity|Boomburst|p1a: Groudon\n|-damage|p1a: Groudon|0 fnt\n|faint|p1a: Groudon\n|\n|-weather|SunnyDay|[upkeep]\n|upkeep\n|\n|t:|1781429919\n|switch|p1a: Quaquaval|Quaquaval, L79, M|264/264\n|turn|2\n|\n|t:|1781429924\n|switch|p2a: Bellossom|Bellossom, L84, F|263/263\n|move|p1a: Quaquaval|Close Combat|p2a: Bellossom\n|-damage|p2a: Bellossom|59/263\n|-unboost|p1a: Quaquaval|def|1\n|-unboost|p1a: Quaquaval|spd|1\n|\n|-weather|SunnyDay|[upkeep]\n|-heal|p2a: Bellossom|75/263|[from] item: Leftovers\n|upkeep\n|turn|3\n|\n|t:|1781429944\n|move|p2a: Bellossom|Strength Sap|p1a: Quaquaval\n|-unboost|p1a: Quaquaval|atk|1\n|-heal|p2a: Bellossom|263/263\n|move|p1a: Quaquaval|Close Combat|p2a: Bellossom\n|-damage|p2a: Bellossom|130/263\n|-unboost|p1a: Quaquaval|def|1\n|-unboost|p1a: Quaquaval|spd|1\n|\n|-weather|SunnyDay|[upkeep]\n|-heal|p2a: Bellossom|146/263|[from] item: Leftovers\n|upkeep\n|turn|4\n|\n|t:|1781429952\n|switch|p1a: Fezandipiti|Fezandipiti, L82, M|278/278\n|move|p2a: Bellossom|Giga Drain|p1a: Fezandipiti\n|-resisted|p1a: Fezandipiti\n|-damage|p1a: Fezandipiti|248/278\n|-heal|p2a: Bellossom|161/263|[from] drain|[of] p1a: Fezandipiti\n|\n|-weather|SunnyDay|[upkeep]\n|-heal|p2a: Bellossom|177/263|[from] item: Leftovers\n|-heal|p1a: Fezandipiti|265/278|[from] item: Leftovers\n|upkeep\n|turn|5\n|\n|t:|1781429973\n|switch|p2a: Oranguru|Oranguru, L92, M|315/315\n|move|p1a: Fezandipiti|Gunk Shot|p2a: Oranguru|[miss]\n|-miss|p1a: Fezandipiti|p2a: Oranguru\n|\n|-weather|none\n|-heal|p1a: Fezandipiti|278/278|[from] item: Leftovers\n|upkeep\n|turn|6\n|\n|t:|1781429984\n|switch|p1a: Tsareena|Tsareena, L87, F|267/267\n|move|p2a: Oranguru|Psyshock|p1a: Tsareena\n|-damage|p1a: Tsareena|147/267\n|\n|upkeep\n|turn|7\n|\n|t:|1781430003\n|switch|p2a: Bellossom|Bellossom, L84, F|177/263\n|move|p1a: Tsareena|Knock Off|p2a: Bellossom\n|-damage|p2a: Bellossom|100/263\n|-enditem|p2a: Bellossom|Leftovers|[from] move: Knock Off|[of] p1a: Tsareena\n|\n|upkeep\n|turn|8\n|\n|t:|1781430012\n|move|p1a: Tsareena|High Jump Kick|p2a: Bellossom|[miss]\n|-miss|p1a: Tsareena|p2a: Bellossom\n|-damage|p1a: Tsareena|14/267|[from] highjumpkick\n|move|p2a: Bellossom|Strength Sap|p1a: Tsareena\n|-unboost|p1a: Tsareena|atk|1\n|-heal|p2a: Bellossom|263/263\n|\n|upkeep\n|turn|9\n|\n|t:|1781430031\n|switch|p1a: Fezandipiti|Fezandipiti, L82, M|278/278\n|move|p2a: Bellossom|Moonblast|p1a: Fezandipiti\n|-resisted|p1a: Fezandipiti\n|-damage|p1a: Fezandipiti|253/278\n|\n|-heal|p1a: Fezandipiti|270/278|[from] item: Leftovers\n|upkeep\n|turn|10\n|\n|t:|1781430046\n|switch|p2a: Oranguru|Oranguru, L92, M|315/315\n|move|p1a: Fezandipiti|Gunk Shot|p2a: Oranguru|[miss]\n|-miss|p1a: Fezandipiti|p2a: Oranguru\n|\n|-heal|p1a: Fezandipiti|278/278|[from] item: Leftovers\n|upkeep\n|turn|11\n|inactive|Dr.Noqi has 120 seconds left.\n|\n|t:|1781430098\n|move|p1a: Fezandipiti|Swords Dance|p1a: Fezandipiti\n|-boost|p1a: Fezandipiti|atk|2\n|move|p2a: Oranguru|Trick|p1a: Fezandipiti\n|-activate|p2a: Oranguru|move: Trick|[of] p1a: Fezandipiti\n|-item|p1a: Fezandipiti|Choice Specs|[from] move: Trick\n|-item|p2a: Oranguru|Leftovers|[from] move: Trick\n|\n|upkeep\n|turn|12\n|\n|t:|1781430109\n|move|p1a: Fezandipiti|Gunk Shot|p2a: Oranguru\n|-damage|p2a: Oranguru|87/315\n|-status|p2a: Oranguru|tox|[from] ability: Toxic Chain|[of] p1a: Fezandipiti\n|move|p2a: Oranguru|Psyshock|p1a: Fezandipiti\n|-supereffective|p1a: Fezandipiti\n|-damage|p1a: Fezandipiti|74/278\n|\n|-heal|p2a: Oranguru|106/315 tox|[from] item: Leftovers\n|-damage|p2a: Oranguru|87/315 tox|[from] psn\n|upkeep\n|turn|13\n|\n|t:|1781430124\n|move|p1a: Fezandipiti|Gunk Shot|p2a: Oranguru|[miss]\n|-miss|p1a: Fezandipiti|p2a: Oranguru\n|move|p2a: Oranguru|Psyshock|p1a: Fezandipiti\n|-supereffective|p1a: Fezandipiti\n|-damage|p1a: Fezandipiti|0 fnt\n|faint|p1a: Fezandipiti\n|\n|-heal|p2a: Oranguru|106/315 tox|[from] item: Leftovers\n|-damage|p2a: Oranguru|68/315 tox|[from] psn\n|upkeep\n|\n|t:|1781430131\n|switch|p1a: Quaquaval|Quaquaval, L79, M|264/264\n|turn|14\n|\n|t:|1781430138\n|move|p1a: Quaquaval|Triple Axel|p2a: Oranguru\n|-damage|p2a: Oranguru|44/315 tox\n|-damage|p2a: Oranguru|0 fnt\n|faint|p2a: Oranguru\n|-ability|p1a: Quaquaval|Moxie|boost\n|-boost|p1a: Quaquaval|atk|1\n|-hitcount|p2: Oranguru|2\n|\n|upkeep\n|inactive|almightykingcaper has 120 seconds left.\n|\n|t:|1781430165\n|switch|p2a: Raichu|Raichu, L88, M|249/249\n|turn|15\n|\n|t:|1781430172\n|switch|p1a: Regice|Regice, L88|284/284\n|move|p2a: Raichu|Thunderbolt|p1a: Regice\n|-damage|p1a: Regice|224/284\n|-damage|p2a: Raichu|225/249|[from] item: Life Orb\n|\n|upkeep\n|turn|16\n|inactive|almightykingcaper has 120 seconds left.\n|\n|t:|1781430213\n|move|p2a: Raichu|Thunderbolt|p1a: Regice\n|-damage|p1a: Regice|164/284\n|-damage|p2a: Raichu|201/249|[from] item: Life Orb\n|move|p1a: Regice|Ice Beam|p2a: Raichu\n|-damage|p2a: Raichu|87/249\n|\n|upkeep\n|turn|17\n|\n|t:|1781430239\n|move|p2a: Raichu|Thunderbolt|p1a: Regice\n|-damage|p1a: Regice|98/284\n|-damage|p2a: Raichu|63/249|[from] item: Life Orb\n|move|p1a: Regice|Ice Beam|p2a: Raichu\n|-damage|p2a: Raichu|0 fnt\n|faint|p2a: Raichu\n|\n|upkeep\n|\n|t:|1781430245\n|switch|p2a: Palafin|Palafin, L77, F|281/281\n|turn|18\n|\n|t:|1781430261\n|move|p2a: Palafin|Close Combat|p1a: Regice\n|-supereffective|p1a: Regice\n|-damage|p1a: Regice|0 fnt\n|-unboost|p2a: Palafin|def|1\n|-unboost|p2a: Palafin|spd|1\n|faint|p1a: Regice\n|\n|upkeep\n|\n|t:|1781430282\n|switch|p1a: Oricorio|Oricorio-Sensu, L85, M|266/266\n|turn|19\n|\n|t:|1781430292\n|detailschange|p2a: Palafin|Palafin-Hero, L77, F\n|switch|p2a: Toxtricity|Toxtricity, L82, M, tera:Normal|100/257\n|move|p1a: Oricorio|Quiver Dance|p1a: Oricorio\n|-boost|p1a: Oricorio|spa|1\n|-boost|p1a: Oricorio|spd|1\n|-boost|p1a: Oricorio|spe|1\n|\n|upkeep\n|turn|20\n|\n|t:|1781430302\n|move|p1a: Oricorio|Hurricane|p2a: Toxtricity\n|-damage|p2a: Toxtricity|0 fnt\n|faint|p2a: Toxtricity\n|\n|upkeep\n|\n|t:|1781430315\n|switch|p2a: Palafin|Palafin-Hero, L77, F|281/281\n|-activate|p2a: Palafin|ability: Zero to Hero\n|turn|21\n|\n|t:|1781430339\n|move|p1a: Oricorio|Revelation Dance|p2a: Palafin\n|-damage|p2a: Palafin|130/281\n|move|p2a: Palafin|Flip Turn|p1a: Oricorio\n|-damage|p1a: Oricorio|137/266\n|\n|t:|1781430353\n|switch|p2a: Amoonguss|Amoonguss, L82, F|321/321|[from] Flip Turn\n|\n|upkeep\n|turn|22\n|\n|t:|1781430360\n|move|p1a: Oricorio|Hurricane|p2a: Amoonguss\n|-supereffective|p2a: Amoonguss\n|-damage|p2a: Amoonguss|0 fnt\n|faint|p2a: Amoonguss\n|\n|upkeep\n|c|\u2606almightykingcaper|gg\n|\n|t:|1781430375\n|switch|p2a: Palafin|Palafin-Hero, L77, F|130/281\n|turn|23\n|l|\u2606Dr.Noqi\n|inactive|Dr.Noqi disconnected and has a minute to reconnect!\n|player|p1|\n|inactive|Dr.Noqi has 30 seconds to reconnect!\n|inactive|Dr.Noqi has 20 seconds to reconnect!\n|inactive|Dr.Noqi has 15 seconds to reconnect!\n|inactive|Dr.Noqi has 10 seconds to reconnect!\n|inactive|Dr.Noqi has 5 seconds to reconnect!\n|-message|Dr.Noqi lost due to inactivity.\n|\n|win|almightykingcaper\n|raw|Dr.Noqi's rating: 1320 &rarr; <strong>1302</strong><br />(-18 for losing)\n|raw|almightykingcaper's rating: 1347 &rarr; <strong>1365</strong><br />(+18 for winning)\n", "inputlog": ">version a8376a258c1d4662feba110a92103f3664a72141\n>start {\"formatid\":\"gen9randombattle\",\"seed\":\"sodium,7c47ab5840b392ccde41ae6b8bbd3fff\",\"rated\":\"Rated battle\"}\n>player p1 {\"name\":\"Dr.Noqi\",\"avatar\":\"benga\",\"rating\":1326,\"seed\":\"sodium,630020706bb5e3938acb8d57a48c7ed3\"}\n>player p2 {\"name\":\"almightykingcaper\",\"avatar\":\"169\",\"rating\":1347,\"seed\":\"sodium,ac3b6c4c061c733763a53786ae9f6ced\"}\n>p1 move precipiceblades\n>p2 move boomburst terastallize\n>p1 switch 5\n>p1 move closecombat\n>p2 switch 4\n>p1 move closecombat\n>p2 move strengthsap\n>p1 switch 4\n>p2 move gigadrain\n>p1 move gunkshot\n>p2 switch 2\n>p1 switch 2\n>p2 move psyshock\n>p1 move knockoff\n>p2 switch 2\n>p1 move highjumpkick\n>p2 move strengthsap\n>p1 switch 2\n>p2 move moonblast\n>p1 move gunkshot\n>p2 switch 2\n>p1 move swordsdance\n>p2 move trick\n>p1 move gunkshot\n>p2 move psyshock\n>p1 move gunkshot\n>p2 move psyshock\n>p1 switch 4\n>p1 move tripleaxel\n>p2 move psyshock\n>p2 switch 3\n>p1 switch 6\n>p2 move thunderbolt\n>p1 move icebeam\n>p2 move thunderbolt\n>p1 move icebeam\n>p2 move thunderbolt\n>p2 switch 6\n>p1 move thunderwave\n>p2 move closecombat\n>p1 switch 3\n>p1 move quiverdance\n>p2 switch 4\n>p1 move hurricane\n>p2 move overdrive\n>p2 switch 4\n>p1 move revelationdance\n>p2 move flipturn\n>p2 switch 5\n>p1 move hurricane\n>p2 move spore\n>chat \u2606almightykingcaper|gg\n>p2 switch 5\n>forcelose p1", "uploadtime": 1781430452, "views": 5, "formatid": "gen9randombattle", "rating": 1302, "private": 0, "password": null}