{"id": "gen9randombattle-2631566172", "format": "[Gen 9] Random Battle", "players": ["Rheny", "bulrug"], "log": "|j|\u2606Rheny\n|j|\u203dbulrug\n|t:|1781402203\n|gametype|singles\n|player|p1|Rheny|miku-ghost|1960\n|player|p2|bulrug|burglar|2029\n|gen|9\n|tier|[Gen 9] Random Battle\n|rated|\n|rule|Species Clause: Limit one of each Pok\u00e9mon\n|rule|HP Percentage Mod: HP is shown in percentages\n|rule|Sleep Clause Mod: Limit one foe put to sleep\n|rule|Illusion Level Mod: Illusion disguises the Pok\u00e9mon's true level\n|\n|t:|1781402203\n|teamsize|p1|6\n|teamsize|p2|6\n|start\n|switch|p1a: Torterra|Torterra, L78, M|276/276\n|switch|p2a: Farigiraf|Farigiraf, L90, F|362/362\n|turn|1\n|\n|t:|1781402216\n|switch|p1a: Kricketune|Kricketune, L99, F|312/312\n|move|p2a: Farigiraf|Psychic Noise|p1a: Kricketune\n|-damage|p1a: Kricketune|179/312\n|-start|p1a: Kricketune|move: Heal Block\n|\n|upkeep\n|turn|2\n|\n|t:|1781402222\n|move|p1a: Kricketune|Sticky Web|p2a: Farigiraf\n|-sidestart|p2: bulrug|move: Sticky Web\n|move|p2a: Farigiraf|Psychic Noise|p1a: Kricketune\n|-damage|p1a: Kricketune|44/312\n|\n|-end|p1a: Kricketune|move: Heal Block\n|upkeep\n|turn|3\n|\n|t:|1781402229\n|move|p1a: Kricketune|Pounce|p2a: Farigiraf\n|-supereffective|p2a: Farigiraf\n|-damage|p2a: Farigiraf|162/362\n|-unboost|p2a: Farigiraf|spe|1\n|move|p2a: Farigiraf|Psychic Noise|p1a: Kricketune\n|-crit|p1a: Kricketune\n|-damage|p1a: Kricketune|0 fnt\n|faint|p1a: Kricketune\n|\n|-heal|p2a: Farigiraf|184/362|[from] item: Leftovers\n|upkeep\n|\n|t:|1781402239\n|switch|p1a: Regigigas|Regigigas, L84|322/322\n|-start|p1a: Regigigas|ability: Slow Start\n|turn|4\n|\n|t:|1781402242\n|move|p1a: Regigigas|Knock Off|p2a: Farigiraf\n|-supereffective|p2a: Farigiraf\n|-damage|p2a: Farigiraf|64/362\n|-enditem|p2a: Farigiraf|Leftovers|[from] move: Knock Off|[of] p1a: Regigigas\n|move|p2a: Farigiraf|Psychic Noise|p1a: Regigigas\n|-damage|p1a: Regigigas|234/322\n|-start|p1a: Regigigas|move: Heal Block\n|\n|upkeep\n|turn|5\n|\n|t:|1781402249\n|move|p1a: Regigigas|Body Slam|p2a: Farigiraf\n|-damage|p2a: Farigiraf|0 fnt\n|faint|p2a: Farigiraf\n|\n|-end|p1a: Regigigas|move: Heal Block\n|upkeep\n|\n|t:|1781402256\n|switch|p2a: Lanturn|Lanturn, L89, F|367/367\n|turn|6\n|\n|t:|1781402264\n|move|p2a: Lanturn|Scald|p1a: Regigigas\n|-damage|p1a: Regigigas|162/322\n|-status|p1a: Regigigas|brn\n|move|p1a: Regigigas|Body Slam|p2a: Lanturn\n|-damage|p2a: Lanturn|327/367\n|\n|-heal|p1a: Regigigas|182/322 brn|[from] item: Leftovers\n|-damage|p1a: Regigigas|162/322 brn|[from] brn\n|upkeep\n|turn|7\n|\n|t:|1781402273\n|move|p2a: Lanturn|Thunderbolt|p1a: Regigigas\n|-damage|p1a: Regigigas|84/322 brn\n|move|p1a: Regigigas|Rest|p1a: Regigigas\n|-status|p1a: Regigigas|slp|[from] move: Rest\n|-heal|p1a: Regigigas|322/322 slp|[silent]\n|\n|upkeep\n|turn|8\n|\n|t:|1781402277\n|move|p2a: Lanturn|Volt Switch|p1a: Regigigas\n|-damage|p1a: Regigigas|264/322 slp\n|\n|t:|1781402279\n|switch|p2a: Mewtwo|Mewtwo, L72|272/272|[from] Volt Switch\n|-ability|p2a: Mewtwo|Unnerve\n|-activate|p2a: Mewtwo|move: Sticky Web\n|-unboost|p2a: Mewtwo|spe|1\n|cant|p1a: Regigigas|slp\n|move|p1a: Regigigas|Sleep Talk|p1a: Regigigas\n|move|p1a: Regigigas|Knock Off|p2a: Mewtwo|[from] move: Sleep Talk\n|-supereffective|p2a: Mewtwo\n|-damage|p2a: Mewtwo|162/272\n|-enditem|p2a: Mewtwo|Life Orb|[from] move: Knock Off|[of] p1a: Regigigas\n|\n|-heal|p1a: Regigigas|284/322 slp|[from] item: Leftovers\n|-end|p1a: Regigigas|Slow Start\n|upkeep\n|turn|9\n|\n|t:|1781402289\n|cant|p1a: Regigigas|slp\n|move|p1a: Regigigas|Sleep Talk|p1a: Regigigas\n|move|p1a: Regigigas|Knock Off|p2a: Mewtwo|[from] move: Sleep Talk\n|-supereffective|p2a: Mewtwo\n|-damage|p2a: Mewtwo|16/272\n|move|p2a: Mewtwo|Nasty Plot|p2a: Mewtwo\n|-boost|p2a: Mewtwo|spa|2\n|\n|-heal|p1a: Regigigas|304/322 slp|[from] item: Leftovers\n|upkeep\n|turn|10\n|\n|t:|1781402297\n|-curestatus|p1a: Regigigas|slp|[msg]\n|move|p1a: Regigigas|Body Slam|p2a: Mewtwo\n|-damage|p2a: Mewtwo|0 fnt\n|faint|p2a: Mewtwo\n|\n|-heal|p1a: Regigigas|322/322|[from] item: Leftovers\n|upkeep\n|\n|t:|1781402305\n|switch|p2a: Drednaw|Drednaw, L81, M|278/278\n|-activate|p2a: Drednaw|move: Sticky Web\n|-unboost|p2a: Drednaw|spe|1\n|-enditem|p2a: Drednaw|White Herb\n|-clearnegativeboost|p2a: Drednaw|[silent]\n|turn|11\n|\n|t:|1781402310\n|move|p1a: Regigigas|Body Slam|p2a: Drednaw\n|-resisted|p2a: Drednaw\n|-damage|p2a: Drednaw|207/278\n|move|p2a: Drednaw|Shell Smash|p2a: Drednaw\n|-unboost|p2a: Drednaw|def|1\n|-unboost|p2a: Drednaw|spd|1\n|-boost|p2a: Drednaw|atk|2\n|-boost|p2a: Drednaw|spa|2\n|-boost|p2a: Drednaw|spe|2\n|\n|upkeep\n|turn|12\n|\n|t:|1781402319\n|move|p2a: Drednaw|Liquidation|p1a: Regigigas\n|-damage|p1a: Regigigas|171/322\n|move|p1a: Regigigas|Body Slam|p2a: Drednaw\n|-resisted|p2a: Drednaw\n|-damage|p2a: Drednaw|111/278\n|\n|-heal|p1a: Regigigas|191/322|[from] item: Leftovers\n|upkeep\n|turn|13\n|\n|t:|1781402325\n|move|p2a: Drednaw|Stone Edge|p1a: Regigigas|[miss]\n|-miss|p2a: Drednaw|p1a: Regigigas\n|move|p1a: Regigigas|Body Slam|p2a: Drednaw\n|-resisted|p2a: Drednaw\n|-damage|p2a: Drednaw|10/278\n|\n|-heal|p1a: Regigigas|211/322|[from] item: Leftovers\n|upkeep\n|turn|14\n|\n|t:|1781402331\n|move|p2a: Drednaw|Stone Edge|p1a: Regigigas\n|-crit|p1a: Regigigas\n|-damage|p1a: Regigigas|0 fnt\n|faint|p1a: Regigigas\n|-end|p1a: Regigigas|Slow Start|[silent]\n|\n|upkeep\n|\n|t:|1781402340\n|switch|p1a: Alomomola|Alomomola, L87, F|429/429\n|turn|15\n|\n|t:|1781402344\n|move|p2a: Drednaw|Stone Edge|p1a: Alomomola\n|-damage|p1a: Alomomola|192/429\n|move|p1a: Alomomola|Flip Turn|p2a: Drednaw\n|-damage|p2a: Drednaw|0 fnt\n|faint|p2a: Drednaw\n|\n|t:|1781402348\n|switch|p1a: Torterra|Torterra, L78, M|276/276|[from] Flip Turn\n|\n|upkeep\n|\n|t:|1781402353\n|switch|p2a: Zangoose|Zangoose, L85, M|263/263\n|-activate|p2a: Zangoose|move: Sticky Web\n|-unboost|p2a: Zangoose|spe|1\n|turn|16\n|\n|t:|1781402360\n|move|p2a: Zangoose|Knock Off|p1a: Torterra\n|-damage|p1a: Torterra|205/276\n|-enditem|p1a: Torterra|Loaded Dice|[from] move: Knock Off|[of] p2a: Zangoose\n|move|p1a: Torterra|Shell Smash|p1a: Torterra\n|-unboost|p1a: Torterra|def|1\n|-unboost|p1a: Torterra|spd|1\n|-boost|p1a: Torterra|atk|2\n|-boost|p1a: Torterra|spa|2\n|-boost|p1a: Torterra|spe|2\n|\n|-status|p2a: Zangoose|tox|[from] item: Toxic Orb\n|upkeep\n|turn|17\n|-message|bulrug forfeited.\n|\n|win|Rheny\n", "inputlog": ">version a8376a258c1d4662feba110a92103f3664a72141\n>start {\"formatid\":\"gen9randombattle\",\"seed\":\"sodium,93357a720a049c73a1af5472ef3ece4f\",\"rated\":\"Rated battle\"}\n>player p1 {\"name\":\"Rheny\",\"avatar\":\"miku-ghost\",\"rating\":1960,\"seed\":\"sodium,18127804ef321b9da31633a017109def\"}\n>player p2 {\"name\":\"bulrug\",\"avatar\":\"burglar\",\"rating\":2029,\"seed\":\"sodium,95cf2a5544ce3444a5d4cbc39fefbde8\"}\n>p1 switch 2\n>p2 move psychicnoise\n>p1 move stickyweb\n>p2 move psychicnoise\n>p1 move pounce\n>p2 move psychicnoise\n>p1 switch 4\n>p1 move knockoff\n>p2 move psychicnoise\n>p1 move bodyslam\n>p2 move wish\n>p2 switch 4\n>p1 move bodyslam\n>p2 move scald\n>p1 move rest\n>p2 move thunderbolt\n>p1 move sleeptalk\n>p2 move voltswitch\n>p2 switch 6\n>p1 move sleeptalk\n>p2 move nastyplot\n>p1 move bodyslam\n>p2 move aurasphere\n>p2 switch 5\n>p1 move bodyslam\n>p2 move shellsmash\n>p1 move bodyslam\n>p2 move liquidation\n>p1 move bodyslam\n>p2 move stoneedge\n>p1 move bodyslam\n>p2 move stoneedge\n>p1 switch 6\n>p1 move flipturn\n>p2 move stoneedge\n>p1 switch 2\n>p2 switch 3\n>p1 move shellsmash\n>p2 move knockoff\n>forcelose p2", "uploadtime": 1781402205, "views": 7, "formatid": "gen9randombattle", "rating": null, "private": 0, "password": null}