{"id": "gen9randombattle-2631541066", "format": "[Gen 9] Random Battle", "players": ["Borntobe93", "Chandler Lee"], "log": "|j|\u2606Borntobe93\n|j|\u2606Chandler Lee\n|t:|1781398728\n|gametype|singles\n|player|p1|Borntobe93|backers|1611\n|player|p2|Chandler Lee|waitress-gen4|1598\n|gen|9\n|tier|[Gen 9] Random Battle\n|rated|\n|rule|Species Clause: Limit one of each Pok\u00e9mon\n|rule|HP Percentage Mod: HP is shown in percentages\n|rule|Sleep Clause Mod: Limit one foe put to sleep\n|rule|Illusion Level Mod: Illusion disguises the Pok\u00e9mon's true level\n|\n|t:|1781398728\n|teamsize|p1|6\n|teamsize|p2|6\n|start\n|switch|p1a: Kingambit|Kingambit, L74, M|270/270\n|switch|p2a: Farigiraf|Farigiraf, L90, F|362/362\n|turn|1\n|inactive|Battle timer is ON: inactive players will automatically lose when time's up. (requested by Borntobe93)\n|\n|t:|1781398748\n|move|p2a: Farigiraf|Body Slam|p1a: Kingambit\n|-resisted|p1a: Kingambit\n|-damage|p1a: Kingambit|227/270\n|-status|p1a: Kingambit|par\n|move|p1a: Kingambit|Swords Dance|p1a: Kingambit\n|-boost|p1a: Kingambit|atk|2\n|\n|-heal|p1a: Kingambit|243/270 par|[from] item: Leftovers\n|upkeep\n|turn|2\n|\n|t:|1781398769\n|switch|p2a: Venomoth|Venomoth, L84, M|255/255\n|move|p1a: Kingambit|Kowtow Cleave|p2a: Venomoth\n|-damage|p2a: Venomoth|0 fnt\n|faint|p2a: Venomoth\n|\n|-heal|p1a: Kingambit|259/270 par|[from] item: Leftovers\n|upkeep\n|\n|t:|1781398774\n|switch|p2a: Reuniclus|Reuniclus, L88, M|337/337\n|turn|3\n|\n|t:|1781398788\n|-terastallize|p2a: Reuniclus|Fighting\n|cant|p1a: Kingambit|par\n|move|p2a: Reuniclus|Focus Blast|p1a: Kingambit\n|-supereffective|p1a: Kingambit\n|-damage|p1a: Kingambit|0 fnt\n|faint|p1a: Kingambit\n|-end|p1a: Kingambit|fallenundefined|[silent]\n|\n|upkeep\n|\n|t:|1781398799\n|switch|p1a: Cramorant|Cramorant, L86, M|261/261\n|turn|4\n|inactive|Borntobe93 has 120 seconds left.\n|\n|t:|1781398828\n|switch|p2a: Gholdengo|Gholdengo, L77|261/261\n|move|p1a: Cramorant|Surf|p2a: Gholdengo\n|-formechange|p1a: Cramorant|Cramorant-Gulping|\n|-damage|p2a: Gholdengo|170/261\n|\n|-heal|p2a: Gholdengo|186/261|[from] item: Leftovers\n|upkeep\n|turn|5\n|inactive|Borntobe93 has 120 seconds left.\n|\n|t:|1781398838\n|move|p1a: Cramorant|Surf|p2a: Gholdengo\n|-damage|p2a: Gholdengo|89/261\n|move|p2a: Gholdengo|Thunder Wave|p1a: Cramorant\n|-status|p1a: Cramorant|par\n|\n|-heal|p2a: Gholdengo|105/261|[from] item: Leftovers\n|upkeep\n|turn|6\n|\n|t:|1781398844\n|move|p2a: Gholdengo|Recover|p2a: Gholdengo\n|-heal|p2a: Gholdengo|236/261\n|move|p1a: Cramorant|Surf|p2a: Gholdengo\n|-crit|p2a: Gholdengo\n|-damage|p2a: Gholdengo|103/261\n|\n|-heal|p2a: Gholdengo|119/261|[from] item: Leftovers\n|upkeep\n|turn|7\n|\n|t:|1781398846\n|move|p2a: Gholdengo|Recover|p2a: Gholdengo\n|-heal|p2a: Gholdengo|250/261\n|move|p1a: Cramorant|Surf|p2a: Gholdengo\n|-damage|p2a: Gholdengo|147/261\n|\n|-heal|p2a: Gholdengo|163/261|[from] item: Leftovers\n|upkeep\n|turn|8\n|\n|t:|1781398852\n|move|p2a: Gholdengo|Recover|p2a: Gholdengo\n|-heal|p2a: Gholdengo|261/261\n|move|p1a: Cramorant|Surf|p2a: Gholdengo\n|-damage|p2a: Gholdengo|167/261\n|\n|-heal|p2a: Gholdengo|183/261|[from] item: Leftovers\n|upkeep\n|turn|9\n|\n|t:|1781398856\n|move|p2a: Gholdengo|Recover|p2a: Gholdengo\n|-heal|p2a: Gholdengo|261/261\n|move|p1a: Cramorant|Surf|p2a: Gholdengo\n|-damage|p2a: Gholdengo|161/261\n|\n|-heal|p2a: Gholdengo|177/261|[from] item: Leftovers\n|upkeep\n|turn|10\n|\n|t:|1781398860\n|move|p2a: Gholdengo|Recover|p2a: Gholdengo\n|-heal|p2a: Gholdengo|261/261\n|move|p1a: Cramorant|Surf|p2a: Gholdengo\n|-damage|p2a: Gholdengo|161/261\n|\n|-heal|p2a: Gholdengo|177/261|[from] item: Leftovers\n|upkeep\n|turn|11\n|\n|t:|1781398862\n|move|p2a: Gholdengo|Recover|p2a: Gholdengo\n|-heal|p2a: Gholdengo|261/261\n|move|p1a: Cramorant|Surf|p2a: Gholdengo\n|-damage|p2a: Gholdengo|173/261\n|\n|-heal|p2a: Gholdengo|189/261|[from] item: Leftovers\n|upkeep\n|turn|12\n|\n|t:|1781398864\n|move|p2a: Gholdengo|Recover|p2a: Gholdengo\n|-heal|p2a: Gholdengo|261/261\n|cant|p1a: Cramorant|par\n|\n|upkeep\n|turn|13\n|\n|t:|1781398875\n|move|p2a: Gholdengo|Shadow Ball|p1a: Cramorant\n|-damage|p1a: Cramorant|182/261 par\n|-damage|p2a: Gholdengo|196/261|[from] ability: Gulp Missile|[of] p1a: Cramorant\n|-unboost|p2a: Gholdengo|def|1\n|-formechange|p1a: Cramorant|Cramorant|\n|move|p1a: Cramorant|Surf|p2a: Gholdengo\n|-formechange|p1a: Cramorant|Cramorant-Gulping|\n|-damage|p2a: Gholdengo|102/261\n|\n|-heal|p2a: Gholdengo|118/261|[from] item: Leftovers\n|upkeep\n|turn|14\n|\n|t:|1781398883\n|move|p2a: Gholdengo|Recover|p2a: Gholdengo\n|-heal|p2a: Gholdengo|249/261\n|cant|p1a: Cramorant|par\n|\n|-heal|p2a: Gholdengo|261/261|[from] item: Leftovers\n|upkeep\n|turn|15\n|\n|t:|1781398888\n|switch|p2a: Golem|Golem-Alola, L93, F|300/300\n|cant|p1a: Cramorant|par\n|\n|upkeep\n|turn|16\n|\n|t:|1781398903\n|-terastallize|p1a: Cramorant|Ground\n|move|p2a: Golem|Stone Edge|p1a: Cramorant\n|-resisted|p1a: Cramorant\n|-damage|p1a: Cramorant|23/261 par\n|-damage|p2a: Golem|225/300|[from] ability: Gulp Missile|[of] p1a: Cramorant\n|-unboost|p2a: Golem|def|1\n|-formechange|p1a: Cramorant|Cramorant|\n|cant|p1a: Cramorant|par\n|\n|upkeep\n|turn|17\n|\n|t:|1781398914\n|move|p2a: Golem|Stone Edge|p1a: Cramorant\n|-resisted|p1a: Cramorant\n|-damage|p1a: Cramorant|0 fnt\n|faint|p1a: Cramorant\n|\n|upkeep\n|\n|t:|1781398927\n|switch|p1a: Dusknoir|Dusknoir, L89, F|225/225\n|-item|p2a: Golem|Choice Band|[from] ability: Frisk|[of] p1a: Dusknoir\n|turn|18\n|\n|t:|1781398945\n|move|p2a: Golem|Stone Edge|p1a: Dusknoir|[miss]\n|-miss|p2a: Golem|p1a: Dusknoir\n|move|p1a: Dusknoir|Earthquake|p2a: Golem\n|-supereffective|p2a: Golem\n|-damage|p2a: Golem|0 fnt\n|faint|p2a: Golem\n|\n|upkeep\n|inactive|Chandler Lee has 120 seconds left.\n|\n|t:|1781398978\n|switch|p2a: Chi-Yu|Chi-Yu, L77|211/211\n|-ability|p2a: Chi-Yu|Beads of Ruin\n|turn|19\n|\n|t:|1781398990\n|switch|p1a: Tinkaton|Tinkaton, L82, F|274/274\n|-ability|p1a: Tinkaton|Mold Breaker\n|move|p2a: Chi-Yu|Dark Pulse|p1a: Tinkaton\n|-resisted|p1a: Tinkaton\n|-damage|p1a: Tinkaton|188/274\n|\n|-heal|p1a: Tinkaton|205/274|[from] item: Leftovers\n|upkeep\n|turn|20\n|inactive|Chandler Lee has 120 seconds left.\n|\n|t:|1781399009\n|switch|p2a: Reuniclus|Reuniclus, L88, M, tera:Fighting|337/337\n|move|p1a: Tinkaton|Thunder Wave|p2a: Reuniclus\n|-status|p2a: Reuniclus|par\n|\n|-heal|p1a: Tinkaton|222/274|[from] item: Leftovers\n|upkeep\n|turn|21\n|\n|t:|1781399014\n|move|p1a: Tinkaton|Play Rough|p2a: Reuniclus\n|-supereffective|p2a: Reuniclus\n|-damage|p2a: Reuniclus|185/337 par\n|move|p2a: Reuniclus|Focus Blast|p1a: Tinkaton\n|-damage|p1a: Tinkaton|14/274\n|\n|-heal|p1a: Tinkaton|31/274|[from] item: Leftovers\n|upkeep\n|turn|22\n|\n|t:|1781399021\n|move|p1a: Tinkaton|Play Rough|p2a: Reuniclus\n|-supereffective|p2a: Reuniclus\n|-damage|p2a: Reuniclus|9/337 par\n|move|p2a: Reuniclus|Psyshock|p1a: Tinkaton\n|-resisted|p1a: Tinkaton\n|-damage|p1a: Tinkaton|0 fnt\n|faint|p1a: Tinkaton\n|\n|upkeep\n|\n|t:|1781399033\n|switch|p1a: Dusknoir|Dusknoir, L89, F|225/225\n|-item|p2a: Reuniclus|Life Orb|[from] ability: Frisk|[of] p1a: Dusknoir\n|turn|23\n|\n|t:|1781399039\n|move|p1a: Dusknoir|Earthquake|p2a: Reuniclus\n|-damage|p2a: Reuniclus|0 fnt\n|faint|p2a: Reuniclus\n|\n|upkeep\n|\n|t:|1781399053\n|switch|p2a: Gholdengo|Gholdengo, L77|261/261\n|turn|24\n|\n|t:|1781399059\n|move|p2a: Gholdengo|Shadow Ball|p1a: Dusknoir\n|-supereffective|p1a: Dusknoir\n|-damage|p1a: Dusknoir|105/225\n|-unboost|p1a: Dusknoir|spd|1\n|move|p1a: Dusknoir|Earthquake|p2a: Gholdengo\n|-supereffective|p2a: Gholdengo\n|-damage|p2a: Gholdengo|87/261\n|\n|-heal|p2a: Gholdengo|103/261|[from] item: Leftovers\n|-heal|p1a: Dusknoir|119/225|[from] item: Leftovers\n|upkeep\n|turn|25\n|\n|t:|1781399071\n|switch|p1a: Pyroar|Pyroar, L88, M|295/295\n|-ability|p1a: Pyroar|Unnerve\n|move|p2a: Gholdengo|Shadow Ball|p1a: Pyroar\n|-immune|p1a: Pyroar\n|\n|-heal|p2a: Gholdengo|119/261|[from] item: Leftovers\n|upkeep\n|turn|26\n|\n|t:|1781399092\n|move|p1a: Pyroar|Dark Pulse|p2a: Gholdengo\n|-supereffective|p2a: Gholdengo\n|-damage|p2a: Gholdengo|0 fnt\n|faint|p2a: Gholdengo\n|\n|upkeep\n|\n|t:|1781399110\n|switch|p2a: Farigiraf|Farigiraf, L90, F|362/362\n|turn|27\n|\n|t:|1781399119\n|move|p1a: Pyroar|Dark Pulse|p2a: Farigiraf\n|-supereffective|p2a: Farigiraf\n|-damage|p2a: Farigiraf|204/362\n|cant|p2a: Farigiraf|flinch\n|\n|-heal|p2a: Farigiraf|226/362|[from] item: Leftovers\n|upkeep\n|turn|28\n|\n|t:|1781399125\n|move|p2a: Farigiraf|Protect|p2a: Farigiraf\n|-singleturn|p2a: Farigiraf|Protect\n|move|p1a: Pyroar|Dark Pulse|p2a: Farigiraf\n|-activate|p2a: Farigiraf|move: Protect\n|\n|-heal|p2a: Farigiraf|248/362|[from] item: Leftovers\n|upkeep\n|turn|29\n|\n|t:|1781399131\n|move|p1a: Pyroar|Will-O-Wisp|p2a: Farigiraf|[miss]\n|-miss|p1a: Pyroar|p2a: Farigiraf\n|move|p2a: Farigiraf|Wish|p2a: Farigiraf\n|\n|-heal|p2a: Farigiraf|270/362|[from] item: Leftovers\n|upkeep\n|turn|30\n|\n|t:|1781399135\n|move|p1a: Pyroar|Will-O-Wisp|p2a: Farigiraf|[miss]\n|-miss|p1a: Pyroar|p2a: Farigiraf\n|move|p2a: Farigiraf|Body Slam|p1a: Pyroar\n|-damage|p1a: Pyroar|195/295\n|\n|-heal|p2a: Farigiraf|362/362|[from] move: Wish|[wisher] Farigiraf\n|upkeep\n|turn|31\n|\n|t:|1781399140\n|move|p1a: Pyroar|Will-O-Wisp|p2a: Farigiraf\n|-status|p2a: Farigiraf|brn\n|move|p2a: Farigiraf|Body Slam|p1a: Pyroar\n|-damage|p1a: Pyroar|145/295\n|\n|-damage|p2a: Farigiraf|340/362 brn|[from] brn\n|upkeep\n|turn|32\n|\n|t:|1781399148\n|switch|p1a: Dusknoir|Dusknoir, L89, F|119/225\n|-item|p2a: Farigiraf|Leftovers|[from] ability: Frisk|[of] p1a: Dusknoir\n|move|p2a: Farigiraf|Wish|p2a: Farigiraf\n|\n|-heal|p2a: Farigiraf|362/362 brn|[from] item: Leftovers\n|-heal|p1a: Dusknoir|133/225|[from] item: Leftovers\n|-damage|p2a: Farigiraf|340/362 brn|[from] brn\n|upkeep\n|turn|33\n|\n|t:|1781399154\n|move|p2a: Farigiraf|Psychic Noise|p1a: Dusknoir\n|-damage|p1a: Dusknoir|60/225\n|-start|p1a: Dusknoir|move: Heal Block\n|move|p1a: Dusknoir|Pain Split|p2a: Farigiraf\n|-sethp|p2a: Farigiraf|200/362 brn|[from] move: Pain Split|[silent]\n|-sethp|p1a: Dusknoir|200/225|[from] move: Pain Split\n|\n|-heal|p2a: Farigiraf|362/362 brn|[from] move: Wish|[wisher] Farigiraf\n|-damage|p2a: Farigiraf|340/362 brn|[from] brn\n|upkeep\n|turn|34\n|\n|t:|1781399163\n|move|p2a: Farigiraf|Wish|p2a: Farigiraf\n|move|p1a: Dusknoir|Earthquake|p2a: Farigiraf\n|-damage|p2a: Farigiraf|257/362 brn\n|\n|-heal|p2a: Farigiraf|279/362 brn|[from] item: Leftovers\n|-damage|p2a: Farigiraf|257/362 brn|[from] brn\n|-end|p1a: Dusknoir|move: Heal Block\n|upkeep\n|turn|35\n|\n|t:|1781399172\n|move|p2a: Farigiraf|Psychic Noise|p1a: Dusknoir\n|-damage|p1a: Dusknoir|133/225\n|-start|p1a: Dusknoir|move: Heal Block\n|move|p1a: Dusknoir|Earthquake|p2a: Farigiraf\n|-damage|p2a: Farigiraf|172/362 brn\n|\n|-heal|p2a: Farigiraf|353/362 brn|[from] move: Wish|[wisher] Farigiraf\n|-heal|p2a: Farigiraf|362/362 brn|[from] item: Leftovers\n|-damage|p2a: Farigiraf|340/362 brn|[from] brn\n|upkeep\n|turn|36\n|\n|t:|1781399198\n|move|p2a: Farigiraf|Body Slam|p1a: Dusknoir\n|-immune|p1a: Dusknoir\n|move|p1a: Dusknoir|Earthquake|p2a: Farigiraf\n|-damage|p2a: Farigiraf|247/362 brn\n|\n|-heal|p2a: Farigiraf|269/362 brn|[from] item: Leftovers\n|-damage|p2a: Farigiraf|247/362 brn|[from] brn\n|-end|p1a: Dusknoir|move: Heal Block\n|upkeep\n|turn|37\n|\n|t:|1781399209\n|move|p2a: Farigiraf|Wish|p2a: Farigiraf\n|move|p1a: Dusknoir|Earthquake|p2a: Farigiraf\n|-damage|p2a: Farigiraf|155/362 brn\n|\n|-heal|p2a: Farigiraf|177/362 brn|[from] item: Leftovers\n|-heal|p1a: Dusknoir|147/225|[from] item: Leftovers\n|-damage|p2a: Farigiraf|155/362 brn|[from] brn\n|upkeep\n|turn|38\n|\n|t:|1781399218\n|move|p2a: Farigiraf|Psychic Noise|p1a: Dusknoir\n|-damage|p1a: Dusknoir|83/225\n|-start|p1a: Dusknoir|move: Heal Block\n|move|p1a: Dusknoir|Earthquake|p2a: Farigiraf\n|-damage|p2a: Farigiraf|58/362 brn\n|\n|-heal|p2a: Farigiraf|239/362 brn|[from] move: Wish|[wisher] Farigiraf\n|-heal|p2a: Farigiraf|261/362 brn|[from] item: Leftovers\n|-damage|p2a: Farigiraf|239/362 brn|[from] brn\n|upkeep\n|turn|39\n|\n|t:|1781399227\n|move|p2a: Farigiraf|Wish|p2a: Farigiraf\n|move|p1a: Dusknoir|Pain Split|p2a: Farigiraf\n|-sethp|p2a: Farigiraf|161/362 brn|[from] move: Pain Split|[silent]\n|-sethp|p1a: Dusknoir|161/225|[from] move: Pain Split\n|\n|-heal|p2a: Farigiraf|183/362 brn|[from] item: Leftovers\n|-damage|p2a: Farigiraf|161/362 brn|[from] brn\n|-end|p1a: Dusknoir|move: Heal Block\n|upkeep\n|turn|40\n|\n|t:|1781399235\n|switch|p1a: Pyroar|Pyroar, L88, M|145/295\n|-ability|p1a: Pyroar|Unnerve\n|move|p2a: Farigiraf|Psychic Noise|p1a: Pyroar\n|-crit|p1a: Pyroar\n|-damage|p1a: Pyroar|0 fnt\n|faint|p1a: Pyroar\n|\n|-heal|p2a: Farigiraf|342/362 brn|[from] move: Wish|[wisher] Farigiraf\n|-heal|p2a: Farigiraf|362/362 brn|[from] item: Leftovers\n|-damage|p2a: Farigiraf|340/362 brn|[from] brn\n|upkeep\n|\n|t:|1781399242\n|switch|p1a: Kyurem|Kyurem-White, L73|303/303\n|-ability|p1a: Kyurem|Turboblaze\n|turn|41\n|\n|t:|1781399256\n|move|p1a: Kyurem|Ice Beam|p2a: Farigiraf\n|-damage|p2a: Farigiraf|153/362 brn\n|move|p2a: Farigiraf|Body Slam|p1a: Kyurem\n|-damage|p1a: Kyurem|249/303\n|-status|p1a: Kyurem|par\n|\n|-heal|p2a: Farigiraf|175/362 brn|[from] item: Leftovers\n|-damage|p2a: Farigiraf|153/362 brn|[from] brn\n|upkeep\n|turn|42\n|\n|t:|1781399264\n|move|p2a: Farigiraf|Wish|p2a: Farigiraf\n|cant|p1a: Kyurem|par\n|\n|-heal|p2a: Farigiraf|175/362 brn|[from] item: Leftovers\n|-damage|p2a: Farigiraf|153/362 brn|[from] brn\n|upkeep\n|turn|43\n|\n|t:|1781399270\n|move|p2a: Farigiraf|Protect|p2a: Farigiraf\n|-singleturn|p2a: Farigiraf|Protect\n|move|p1a: Kyurem|Ice Beam|p2a: Farigiraf\n|-activate|p2a: Farigiraf|move: Protect\n|\n|-heal|p2a: Farigiraf|334/362 brn|[from] move: Wish|[wisher] Farigiraf\n|-heal|p2a: Farigiraf|356/362 brn|[from] item: Leftovers\n|-damage|p2a: Farigiraf|334/362 brn|[from] brn\n|upkeep\n|turn|44\n|\n|t:|1781399274\n|move|p2a: Farigiraf|Psychic Noise|p1a: Kyurem\n|-damage|p1a: Kyurem|134/303 par\n|-start|p1a: Kyurem|move: Heal Block\n|cant|p1a: Kyurem|par\n|\n|-heal|p2a: Farigiraf|356/362 brn|[from] item: Leftovers\n|-damage|p2a: Farigiraf|334/362 brn|[from] brn\n|upkeep\n|turn|45\n|\n|t:|1781399279\n|move|p2a: Farigiraf|Psychic Noise|p1a: Kyurem\n|-damage|p1a: Kyurem|29/303 par\n|move|p1a: Kyurem|Ice Beam|p2a: Farigiraf\n|-damage|p2a: Farigiraf|145/362 brn\n|\n|-heal|p2a: Farigiraf|167/362 brn|[from] item: Leftovers\n|-damage|p2a: Farigiraf|145/362 brn|[from] brn\n|-end|p1a: Kyurem|move: Heal Block\n|upkeep\n|turn|46\n|\n|t:|1781399284\n|move|p2a: Farigiraf|Psychic Noise|p1a: Kyurem\n|-damage|p1a: Kyurem|0 fnt\n|faint|p1a: Kyurem\n|\n|-heal|p2a: Farigiraf|167/362 brn|[from] item: Leftovers\n|-damage|p2a: Farigiraf|145/362 brn|[from] brn\n|upkeep\n|\n|t:|1781399286\n|switch|p1a: Dusknoir|Dusknoir, L89, F|161/225\n|-item|p2a: Farigiraf|Leftovers|[from] ability: Frisk|[of] p1a: Dusknoir\n|turn|47\n|\n|t:|1781399289\n|move|p2a: Farigiraf|Wish|p2a: Farigiraf\n|move|p1a: Dusknoir|Earthquake|p2a: Farigiraf\n|-damage|p2a: Farigiraf|49/362 brn\n|\n|-heal|p2a: Farigiraf|71/362 brn|[from] item: Leftovers\n|-heal|p1a: Dusknoir|175/225|[from] item: Leftovers\n|-damage|p2a: Farigiraf|49/362 brn|[from] brn\n|upkeep\n|turn|48\n|\n|t:|1781399293\n|move|p2a: Farigiraf|Protect|p2a: Farigiraf\n|-singleturn|p2a: Farigiraf|Protect\n|move|p1a: Dusknoir|Earthquake|p2a: Farigiraf\n|-activate|p2a: Farigiraf|move: Protect\n|\n|-heal|p2a: Farigiraf|230/362 brn|[from] move: Wish|[wisher] Farigiraf\n|-heal|p2a: Farigiraf|252/362 brn|[from] item: Leftovers\n|-heal|p1a: Dusknoir|189/225|[from] item: Leftovers\n|-damage|p2a: Farigiraf|230/362 brn|[from] brn\n|upkeep\n|turn|49\n|-message|Borntobe93 forfeited.\n|\n|win|Chandler Lee\n|raw|Borntobe93's rating: 1611 &rarr; <strong>1590</strong><br />(-21 for losing)\n|raw|Chandler Lee's rating: 1598 &rarr; <strong>1619</strong><br />(+21 for winning)\n|l|\u2606Borntobe93\n|player|p1|\n", "inputlog": ">version a8376a258c1d4662feba110a92103f3664a72141\n>start {\"formatid\":\"gen9randombattle\",\"seed\":\"sodium,4330b9111bc982b2039cf0ab030cca86\",\"rated\":\"Rated battle\"}\n>player p1 {\"name\":\"Borntobe93\",\"avatar\":\"backers\",\"rating\":1611,\"seed\":\"sodium,c36349fc1b4fba7eac0a9ef30fda1bd9\"}\n>player p2 {\"name\":\"Chandler Lee\",\"avatar\":\"waitress-gen4\",\"rating\":1598,\"seed\":\"sodium,53965ef9f874682fc0a6f6bd17c1550c\"}\n>p1 move swordsdance\n>p2 move bodyslam\n>p1 move kowtowcleave\n>p2 switch 2\n>p2 switch 6\n>p1 move suckerpunch\n>p2 move focusblast terastallize\n>p1 switch 5\n>p1 move surf\n>p2 switch 5\n>p1 move surf\n>p2 move thunderwave\n>p1 move surf\n>p2 move recover\n>p1 move surf\n>p2 move recover\n>p1 move surf\n>p2 move recover\n>p1 move surf\n>p2 move recover\n>p1 move surf\n>p2 move recover\n>p1 move surf\n>p2 move recover\n>p1 move surf\n>p2 move recover\n>p1 move surf\n>p2 move shadowball\n>p1 move surf\n>p2 move recover\n>p1 move surf\n>p2 switch 3\n>p1 move surf terastallize\n>p2 move stoneedge\n>p1 move surf\n>p2 move stoneedge\n>p1 switch 6\n>p1 move earthquake\n>p2 move stoneedge\n>p2 switch 4\n>p1 switch 4\n>p2 move darkpulse\n>p1 move thunderwave\n>p2 switch 5\n>p1 move playrough\n>p2 move focusblast\n>p1 move playrough\n>p2 move psyshock\n>p1 switch 4\n>p1 move earthquake\n>p2 move psyshock\n>p2 switch 3\n>p1 move earthquake\n>p2 move shadowball\n>p1 switch 2\n>p2 move shadowball\n>p1 move darkpulse\n>p2 move thunderwave\n>p2 switch 2\n>p1 move darkpulse\n>p2 move bodyslam\n>p1 move darkpulse\n>p2 move protect\n>p1 move willowisp\n>p2 move wish\n>p1 move willowisp\n>p2 move bodyslam\n>p1 move willowisp\n>p2 move bodyslam\n>p1 switch 2\n>p2 move wish\n>p1 move painsplit\n>p2 move psychicnoise\n>p1 move earthquake\n>p2 move wish\n>p1 move earthquake\n>p2 move psychicnoise\n>p1 move earthquake\n>p2 move bodyslam\n>p1 move earthquake\n>p2 move wish\n>p1 move earthquake\n>p2 move psychicnoise\n>p1 move painsplit\n>p2 move wish\n>p1 switch 2\n>p2 move psychicnoise\n>p1 switch 3\n>p1 move icebeam\n>p2 move bodyslam\n>p1 move icebeam\n>p2 move wish\n>p1 move icebeam\n>p2 move protect\n>p1 move icebeam\n>p2 move psychicnoise\n>p1 move icebeam\n>p2 move psychicnoise\n>p1 move icebeam\n>p2 move psychicnoise\n>p1 switch 2\n>p1 move earthquake\n>p2 move wish\n>p1 move earthquake\n>p2 move protect\n>forcelose p1", "uploadtime": 1781399305, "views": 6, "formatid": "gen9randombattle", "rating": 1590, "private": 0, "password": null, "player_dets": [{"name": "Borntobe93", "avatar": "backers", "rating": 1611, "seed": "sodium,c36349fc1b4fba7eac0a9ef30fda1bd9"}, {"name": "Chandler Lee", "avatar": "waitress-gen4", "rating": 1598, "seed": "sodium,53965ef9f874682fc0a6f6bd17c1550c"}], "teams_full": [{"Kingambit": {"name": "Kingambit", "species": "Kingambit", "speciesId": "kingambit", "gender": "M", "shiny": false, "level": 74, "moves": ["ironhead", "suckerpunch", "swordsdance", "kowtowcleave"], "ability": "Supreme Overlord", "evs": {"hp": 85, "atk": 85, "def": 85, "spa": 85, "spd": 85, "spe": 85}, "ivs": {"hp": 31, "atk": 31, "def": 31, "spa": 31, "spd": 31, "spe": 31}, "item": "Leftovers", "teraType": "Dark", "role": "Bulky Attacker", "bvs": {"hp": 100, "atk": 135, "def": 120, "spa": 60, "spd": 85, "spe": 50}, "stats": {"hp": 270, "atk": 243, "def": 221, "spa": 132, "spd": 169, "spe": 117}}, "Pyroar": {"name": "Pyroar", "species": "Pyroar", "speciesId": "pyroar", "gender": "M", "shiny": false, "level": 88, "moves": ["darkpulse", "willowisp", "hypervoice", "fireblast"], "ability": "Unnerve", "evs": {"hp": 85, "atk": 0, "def": 85, "spa": 85, "spd": 85, "spe": 85}, "ivs": {"hp": 31, "atk": 0, "def": 31, "spa": 31, "spd": 31, "spe": 31}, "item": "Heavy-Duty Boots", "teraType": "Fire", "role": "Fast Attacker", "bvs": {"hp": 86, "atk": 68, "def": 72, "spa": 109, "spd": 66, "spe": 106}, "stats": {"hp": 295, "atk": 124, "def": 177, "spa": 242, "spd": 166, "spe": 237}}, "Kyurem": {"name": "Kyurem", "species": "Kyurem-White", "speciesId": "kyuremwhite", "gender": "N", "shiny": false, "level": 73, "moves": ["dracometeor", "icebeam", "freezedry", "fusionflare"], "ability": "Turboblaze", "evs": {"hp": 85, "atk": 0, "def": 85, "spa": 85, "spd": 85, "spe": 85}, "ivs": {"hp": 31, "atk": 0, "def": 31, "spa": 31, "spd": 31, "spe": 31}, "item": "Choice Specs", "teraType": "Dragon", "role": "Bulky Attacker", "bvs": {"hp": 125, "atk": 120, "def": 90, "spa": 170, "spd": 100, "spe": 95}, "stats": {"hp": 303, "atk": 180, "def": 174, "spa": 291, "spd": 188, "spe": 181}}, "Tinkaton": {"name": "Tinkaton", "species": "Tinkaton", "speciesId": "tinkaton", "gender": "F", "shiny": false, "level": 82, "moves": ["thunderwave", "playrough", "stealthrock", "gigatonhammer"], "ability": "Mold Breaker", "evs": {"hp": 85, "atk": 85, "def": 85, "spa": 85, "spd": 85, "spe": 85}, "ivs": {"hp": 31, "atk": 31, "def": 31, "spa": 31, "spd": 31, "spe": 31}, "item": "Leftovers", "teraType": "Water", "role": "Bulky Attacker", "bvs": {"hp": 85, "atk": 75, "def": 77, "spa": 70, "spd": 105, "spe": 94}, "stats": {"hp": 274, "atk": 170, "def": 173, "spa": 162, "spd": 219, "spe": 201}}, "Cramorant": {"name": "Cramorant", "species": "Cramorant", "speciesId": "cramorant", "gender": "M", "shiny": false, "level": 86, "moves": ["surf", "defog", "roost", "bravebird"], "ability": "Gulp Missile", "evs": {"hp": 85, "atk": 85, "def": 85, "spa": 85, "spd": 85, "spe": 85}, "ivs": {"hp": 31, "atk": 31, "def": 31, "spa": 31, "spd": 31, "spe": 31}, "item": "Heavy-Duty Boots", "teraType": "Ground", "role": "Bulky Support", "bvs": {"hp": 70, "atk": 85, "def": 55, "spa": 85, "spd": 95, "spe": 85}, "stats": {"hp": 261, "atk": 195, "def": 144, "spa": 195, "spd": 213, "spe": 195}}, "Dusknoir": {"name": "Dusknoir", "species": "Dusknoir", "speciesId": "dusknoir", "gender": "F", "shiny": false, "level": 89, "moves": ["painsplit", "earthquake", "shadowsneak", "poltergeist"], "ability": "Frisk", "evs": {"hp": 85, "atk": 85, "def": 85, "spa": 85, "spd": 85, "spe": 85}, "ivs": {"hp": 31, "atk": 31, "def": 31, "spa": 31, "spd": 31, "spe": 31}, "item": "Leftovers", "teraType": "Dark", "role": "Bulky Support", "bvs": {"hp": 45, "atk": 100, "def": 135, "spa": 65, "spd": 135, "spe": 45}, "stats": {"hp": 225, "atk": 229, "def": 291, "spa": 166, "spd": 291, "spe": 131}}}, {"Farigiraf": {"name": "Farigiraf", "species": "Farigiraf", "speciesId": "farigiraf", "gender": "F", "shiny": false, "level": 90, "moves": ["bodyslam", "wish", "psychicnoise", "protect"], "ability": "Sap Sipper", "evs": {"hp": 85, "atk": 85, "def": 85, "spa": 85, "spd": 85, "spe": 85}, "ivs": {"hp": 31, "atk": 31, "def": 31, "spa": 31, "spd": 31, "spe": 31}, "item": "Leftovers", "teraType": "Water", "role": "Bulky Support", "bvs": {"hp": 120, "atk": 90, "def": 70, "spa": 110, "spd": 70, "spe": 60}, "stats": {"hp": 362, "atk": 213, "def": 177, "spa": 249, "spd": 177, "spe": 159}}, "Venomoth": {"name": "Venomoth", "species": "Venomoth", "speciesId": "venomoth", "gender": "M", "shiny": false, "level": 84, "moves": ["quiverdance", "sleeppowder", "bugbuzz", "sludgewave"], "ability": "Tinted Lens", "evs": {"hp": 85, "atk": 0, "def": 85, "spa": 85, "spd": 85, "spe": 85}, "ivs": {"hp": 31, "atk": 0, "def": 31, "spa": 31, "spd": 31, "spe": 31}, "item": "Heavy-Duty Boots", "teraType": "Steel", "role": "Setup Sweeper", "bvs": {"hp": 70, "atk": 65, "def": 60, "spa": 90, "spd": 75, "spe": 90}, "stats": {"hp": 255, "atk": 114, "def": 149, "spa": 199, "spd": 174, "spe": 199}}, "Golem": {"name": "Golem", "species": "Golem-Alola", "speciesId": "golemalola", "gender": "F", "shiny": false, "level": 93, "moves": ["stoneedge", "explosion", "earthquake", "doubleedge"], "ability": "Galvanize", "evs": {"hp": 85, "atk": 85, "def": 85, "spa": 85, "spd": 85, "spe": 85}, "ivs": {"hp": 31, "atk": 31, "def": 31, "spa": 31, "spd": 31, "spe": 31}, "item": "Choice Band", "teraType": "Electric", "role": "Wallbreaker", "bvs": {"hp": 80, "atk": 120, "def": 130, "spa": 55, "spd": 65, "spe": 45}, "stats": {"hp": 300, "atk": 276, "def": 295, "spa": 155, "spd": 174, "spe": 137}}, "Chi-Yu": {"name": "Chi-Yu", "species": "Chi-Yu", "speciesId": "chiyu", "gender": "N", "shiny": false, "level": 77, "moves": ["overheat", "flamethrower", "darkpulse", "psychic"], "ability": "Beads of Ruin", "evs": {"hp": 85, "atk": 0, "def": 85, "spa": 85, "spd": 85, "spe": 85}, "ivs": {"hp": 31, "atk": 0, "def": 31, "spa": 31, "spd": 31, "spe": 31}, "item": "Choice Specs", "teraType": "Dark", "role": "Fast Attacker", "bvs": {"hp": 55, "atk": 80, "def": 80, "spa": 135, "spd": 120, "spe": 100}, "stats": {"hp": 211, "atk": 128, "def": 168, "spa": 252, "spd": 229, "spe": 199}}, "Gholdengo": {"name": "Gholdengo", "species": "Gholdengo", "speciesId": "gholdengo", "gender": "N", "shiny": false, "level": 77, "moves": ["thunderwave", "shadowball", "makeitrain", "recover"], "ability": "Good as Gold", "evs": {"hp": 85, "atk": 0, "def": 85, "spa": 85, "spd": 85, "spe": 85}, "ivs": {"hp": 31, "atk": 0, "def": 31, "spa": 31, "spd": 31, "spe": 31}, "item": "Leftovers", "teraType": "Water", "role": "Bulky Support", "bvs": {"hp": 87, "atk": 60, "def": 95, "spa": 133, "spd": 91, "spe": 84}, "stats": {"hp": 261, "atk": 97, "def": 191, "spa": 249, "spd": 185, "spe": 174}}, "Reuniclus": {"name": "Reuniclus", "species": "Reuniclus", "speciesId": "reuniclus", "gender": "M", "shiny": false, "level": 88, "moves": ["recover", "calmmind", "psyshock", "focusblast"], "ability": "Magic Guard", "evs": {"hp": 85, "atk": 0, "def": 85, "spa": 85, "spd": 85, "spe": 85}, "ivs": {"hp": 31, "atk": 0, "def": 31, "spa": 31, "spd": 31, "spe": 31}, "item": "Life Orb", "teraType": "Fighting", "role": "Bulky Setup", "bvs": {"hp": 110, "atk": 65, "def": 75, "spa": 125, "spd": 85, "spe": 30}, "stats": {"hp": 337, "atk": 119, "def": 182, "spa": 270, "spd": 200, "spe": 103}}}]}