{"id": "gen9randombattle-2631534662", "format": "[Gen 9] Random Battle", "players": ["goooze", "KlausUnbound"], "log": "|j|\u2606goooze\n|j|\u2606KlausUnbound\n|t:|1781397842\n|gametype|singles\n|player|p1|goooze|li|2252\n|player|p2|KlausUnbound|heroine2-conquest|2237\n|gen|9\n|tier|[Gen 9] Random Battle\n|rated|\n|rule|Species Clause: Limit one of each Pok\u00e9mon\n|rule|HP Percentage Mod: HP is shown in percentages\n|rule|Sleep Clause Mod: Limit one foe put to sleep\n|rule|Illusion Level Mod: Illusion disguises the Pok\u00e9mon's true level\n|\n|t:|1781397842\n|teamsize|p1|6\n|teamsize|p2|6\n|start\n|switch|p1a: Sandaconda|Sandaconda, L84, M|258/258\n|switch|p2a: Dudunsparce|Dudunsparce-Three-Segment, L83, F|343/343\n|turn|1\n|inactive|Battle timer is ON: inactive players will automatically lose when time's up. (requested by KlausUnbound)\n|\n|t:|1781397863\n|switch|p1a: Pecharunt|Pecharunt, L77|262/262\n|move|p2a: Dudunsparce|Boomburst|p1a: Pecharunt\n|-immune|p1a: Pecharunt\n|\n|upkeep\n|turn|2\n|\n|t:|1781397868\n|switch|p2a: Perrserker|Perrserker, L89, M|269/269\n|move|p1a: Pecharunt|Malignant Chain|p2a: Perrserker\n|-immune|p2a: Perrserker\n|\n|upkeep\n|turn|3\n|\n|t:|1781397879\n|switch|p1a: Gurdurr|Gurdurr, L85, F|283/283\n|move|p2a: Perrserker|Stealth Rock|p1a: Gurdurr\n|-sidestart|p1: goooze|move: Stealth Rock\n|\n|upkeep\n|turn|4\n|\n|t:|1781397883\n|move|p2a: Perrserker|U-turn|p1a: Gurdurr\n|-resisted|p1a: Gurdurr\n|-damage|p1a: Gurdurr|248/283\n|-damage|p2a: Perrserker|243/269|[from] item: Life Orb\n|\n|t:|1781397888\n|switch|p2a: Rayquaza|Rayquaza, L72|270/270|[from] U-turn\n|-ability|p2a: Rayquaza|Air Lock\n|move|p1a: Gurdurr|Knock Off|p2a: Rayquaza\n|-damage|p2a: Rayquaza|191/270\n|-enditem|p2a: Rayquaza|Heavy-Duty Boots|[from] move: Knock Off|[of] p1a: Gurdurr\n|\n|upkeep\n|turn|5\n|inactive|goooze has 120 seconds left.\n|j| Tre ballers\n|\n|t:|1781397926\n|switch|p1a: Magearna|Magearna, L77|250/250\n|-damage|p1a: Magearna|235/250|[from] Stealth Rock\n|move|p2a: Rayquaza|Swords Dance|p2a: Rayquaza\n|-boost|p2a: Rayquaza|atk|2\n|\n|upkeep\n|turn|6\n|inactive|goooze has 120 seconds left.\n|\n|t:|1781397940\n|-terastallize|p1a: Magearna|Ground\n|move|p2a: Rayquaza|Earthquake|p1a: Magearna\n|-damage|p1a: Magearna|103/250\n|move|p1a: Magearna|Fleur Cannon|p2a: Rayquaza\n|-supereffective|p2a: Rayquaza\n|-damage|p2a: Rayquaza|0 fnt\n|-unboost|p1a: Magearna|spa|2\n|faint|p2a: Rayquaza\n|-ability|p1a: Magearna|Soul-Heart|boost\n|-boost|p1a: Magearna|spa|1\n|\n|upkeep\n|\n|t:|1781397953\n|switch|p2a: Polteageist|Polteageist-Antique, L78|222/222\n|turn|7\n|inactive|goooze has 120 seconds left.\n|\n|t:|1781397977\n|move|p2a: Polteageist|Shell Smash|p2a: Polteageist\n|-unboost|p2a: Polteageist|def|1\n|-unboost|p2a: Polteageist|spd|1\n|-boost|p2a: Polteageist|atk|2\n|-boost|p2a: Polteageist|spa|2\n|-boost|p2a: Polteageist|spe|2\n|-enditem|p2a: Polteageist|White Herb\n|-clearnegativeboost|p2a: Polteageist|[silent]\n|move|p1a: Magearna|Iron Head|p2a: Polteageist\n|-damage|p2a: Polteageist|132/222\n|\n|upkeep\n|turn|8\n|\n|t:|1781397984\n|move|p2a: Polteageist|Shadow Ball|p1a: Magearna\n|-damage|p1a: Magearna|0 fnt\n|faint|p1a: Magearna\n|\n|upkeep\n|\n|t:|1781398009\n|switch|p1a: Bombirdier|Bombirdier, L85, F|258/258\n|-damage|p1a: Bombirdier|194/258|[from] Stealth Rock\n|turn|9\n|\n|t:|1781398020\n|switch|p2a: Perrserker|Perrserker, L89, M|243/269\n|move|p1a: Bombirdier|Brave Bird|p2a: Perrserker\n|-resisted|p2a: Perrserker\n|-damage|p2a: Perrserker|156/269\n|-damage|p1a: Bombirdier|165/258|[from] Recoil\n|\n|upkeep\n|turn|10\n|\n|t:|1781398028\n|switch|p1a: Gurdurr|Gurdurr, L85, F|248/283\n|-damage|p1a: Gurdurr|231/283|[from] Stealth Rock\n|move|p2a: Perrserker|U-turn|p1a: Gurdurr\n|-resisted|p1a: Gurdurr\n|-damage|p1a: Gurdurr|195/283\n|-damage|p2a: Perrserker|130/269|[from] item: Life Orb\n|\n|t:|1781398037\n|switch|p2a: Polteageist|Polteageist-Antique, L78|132/222|[from] U-turn\n|\n|upkeep\n|turn|11\n|\n|t:|1781398046\n|move|p2a: Polteageist|Strength Sap|p1a: Gurdurr\n|-unboost|p1a: Gurdurr|atk|1\n|-heal|p2a: Polteageist|222/222\n|move|p1a: Gurdurr|Knock Off|p2a: Polteageist\n|-supereffective|p2a: Polteageist\n|-crit|p2a: Polteageist\n|-damage|p2a: Polteageist|26/222\n|\n|upkeep\n|turn|12\n|\n|t:|1781398050\n|move|p2a: Polteageist|Strength Sap|p1a: Gurdurr\n|-unboost|p1a: Gurdurr|atk|1\n|-heal|p2a: Polteageist|177/222\n|move|p1a: Gurdurr|Defog|p2a: Polteageist\n|-unboost|p2a: Polteageist|evasion|1\n|-sideend|p1: goooze|Stealth Rock|[from] move: Defog|[of] p1a: Gurdurr\n|\n|upkeep\n|turn|13\n|\n|t:|1781398058\n|switch|p2a: Perrserker|Perrserker, L89, M|130/269\n|move|p1a: Gurdurr|Knock Off|p2a: Perrserker\n|-damage|p2a: Perrserker|95/269\n|-enditem|p2a: Perrserker|Life Orb|[from] move: Knock Off|[of] p1a: Gurdurr\n|\n|upkeep\n|turn|14\n|\n|t:|1781398082\n|switch|p1a: Bombirdier|Bombirdier, L85, F|165/258\n|move|p2a: Perrserker|Stealth Rock|p1a: Bombirdier\n|-sidestart|p1: goooze|move: Stealth Rock\n|\n|upkeep\n|turn|15\n|\n|t:|1781398089\n|move|p1a: Bombirdier|Knock Off|p2a: Perrserker\n|-damage|p2a: Perrserker|0 fnt\n|faint|p2a: Perrserker\n|\n|upkeep\n|\n|t:|1781398095\n|switch|p2a: Vigoroth|Vigoroth, L85, F|275/275\n|turn|16\n|l| Tre ballers\n|inactive|goooze has 120 seconds left.\n|\n|t:|1781398138\n|switch|p1a: Pecharunt|Pecharunt, L77|262/262\n|-damage|p1a: Pecharunt|230/262|[from] Stealth Rock\n|move|p2a: Vigoroth|Bulk Up|p2a: Vigoroth\n|-boost|p2a: Vigoroth|atk|1\n|-boost|p2a: Vigoroth|def|1\n|\n|-heal|p1a: Pecharunt|246/262|[from] item: Leftovers\n|upkeep\n|turn|17\n|\n|t:|1781398147\n|move|p2a: Vigoroth|Bulk Up|p2a: Vigoroth\n|-boost|p2a: Vigoroth|atk|1\n|-boost|p2a: Vigoroth|def|1\n|move|p1a: Pecharunt|Malignant Chain|p2a: Vigoroth\n|-damage|p2a: Vigoroth|196/275\n|-status|p2a: Vigoroth|tox\n|-start|p2a: Vigoroth|confusion|[from] ability: Poison Puppeteer|[of] p1a: Pecharunt\n|\n|-heal|p1a: Pecharunt|262/262|[from] item: Leftovers\n|-damage|p2a: Vigoroth|179/275 tox|[from] psn\n|upkeep\n|turn|18\n|\n|t:|1781398152\n|switch|p1a: Gurdurr|Gurdurr, L85, F|195/283\n|-damage|p1a: Gurdurr|178/283|[from] Stealth Rock\n|-terastallize|p2a: Vigoroth|Ground\n|-activate|p2a: Vigoroth|confusion\n|move|p2a: Vigoroth|Earthquake|p1a: Gurdurr\n|-damage|p1a: Gurdurr|49/283\n|\n|-damage|p2a: Vigoroth|145/275 tox|[from] psn\n|upkeep\n|turn|19\n|\n|t:|1781398160\n|-activate|p2a: Vigoroth|confusion\n|-damage|p2a: Vigoroth|119/275 tox|[from] confusion\n|move|p1a: Gurdurr|Knock Off|p2a: Vigoroth\n|-damage|p2a: Vigoroth|89/275 tox\n|-enditem|p2a: Vigoroth|Eviolite|[from] move: Knock Off|[of] p1a: Gurdurr\n|\n|-damage|p2a: Vigoroth|38/275 tox|[from] psn\n|upkeep\n|turn|20\n|\n|t:|1781398164\n|move|p1a: Gurdurr|Mach Punch|p2a: Vigoroth\n|-damage|p2a: Vigoroth|14/275 tox\n|-activate|p2a: Vigoroth|confusion\n|move|p2a: Vigoroth|Body Slam|p1a: Gurdurr\n|-damage|p1a: Gurdurr|0 fnt\n|faint|p1a: Gurdurr\n|\n|-damage|p2a: Vigoroth|0 fnt|[from] psn\n|faint|p2a: Vigoroth\n|upkeep\n|inactive|goooze has 120 seconds left.\n|\n|t:|1781398211\n|switch|p2a: Barraskewda|Barraskewda, L81, M|231/231\n|switch|p1a: Bombirdier|Bombirdier, L85, F|165/258\n|-damage|p1a: Bombirdier|101/258|[from] Stealth Rock\n|turn|21\n|\n|t:|1781398221\n|move|p2a: Barraskewda|Flip Turn|p1a: Bombirdier\n|-crit|p1a: Bombirdier\n|-damage|p1a: Bombirdier|0 fnt\n|faint|p1a: Bombirdier\n|\n|t:|1781398232\n|switch|p2a: Polteageist|Polteageist-Antique, L78|177/222|[from] Flip Turn\n|\n|upkeep\n|\n|t:|1781398235\n|switch|p1a: Walking Wake|Walking Wake, L79|286/286\n|-damage|p1a: Walking Wake|251/286|[from] Stealth Rock\n|turn|22\n|\n|t:|1781398241\n|switch|p2a: Dudunsparce|Dudunsparce-Three-Segment, L83, F|343/343\n|move|p1a: Walking Wake|Draco Meteor|p2a: Dudunsparce\n|-damage|p2a: Dudunsparce|81/343\n|-unboost|p1a: Walking Wake|spa|2\n|\n|-heal|p2a: Dudunsparce|102/343|[from] item: Leftovers\n|upkeep\n|turn|23\n|\n|t:|1781398246\n|move|p1a: Walking Wake|Draco Meteor|p2a: Dudunsparce\n|-damage|p2a: Dudunsparce|0 fnt\n|-unboost|p1a: Walking Wake|spa|2\n|faint|p2a: Dudunsparce\n|\n|upkeep\n|\n|t:|1781398248\n|switch|p2a: Polteageist|Polteageist-Antique, L78|177/222\n|turn|24\n|\n|t:|1781398252\n|-end|p1a: Walking Wake|Protosynthesis|[silent]\n|switch|p1a: Sandaconda|Sandaconda, L84, M|258/258\n|-damage|p1a: Sandaconda|242/258|[from] Stealth Rock\n|move|p2a: Polteageist|Shell Smash|p2a: Polteageist\n|-unboost|p2a: Polteageist|def|1\n|-unboost|p2a: Polteageist|spd|1\n|-boost|p2a: Polteageist|atk|2\n|-boost|p2a: Polteageist|spa|2\n|-boost|p2a: Polteageist|spe|2\n|\n|-heal|p1a: Sandaconda|258/258|[from] item: Leftovers\n|upkeep\n|turn|25\n|\n|t:|1781398256\n|move|p2a: Polteageist|Stored Power|p1a: Sandaconda\n|-crit|p1a: Sandaconda\n|-damage|p1a: Sandaconda|0 fnt\n|faint|p1a: Sandaconda\n|\n|upkeep\n|c|\u2606KlausUnbound|come onnnnnnnnnnnnnnnnnnnnnnnnnnnnnnnnnnnnnnnnnnnnnnnnnnnnnnn\n|-message|goooze forfeited.\n|\n|win|KlausUnbound\n", "inputlog": ">version a8376a258c1d4662feba110a92103f3664a72141\n>start {\"formatid\":\"gen9randombattle\",\"seed\":\"sodium,e5d480423c4adedc0c911a6e72f3c6fd\",\"rated\":\"Rated battle\"}\n>player p1 {\"name\":\"goooze\",\"avatar\":\"li\",\"rating\":2252,\"seed\":\"sodium,8299b6d206384bbc0843f47c62721542\"}\n>player p2 {\"name\":\"KlausUnbound\",\"avatar\":\"heroine2-conquest\",\"rating\":2237,\"seed\":\"sodium,1b9bd6fd81c9c5b26f5b2665b3172199\"}\n>p1 switch 4\n>p2 move boomburst\n>p1 move malignantchain\n>p2 switch 4\n>p1 switch 5\n>p2 move stealthrock\n>p1 move knockoff\n>p2 move uturn\n>p2 switch 3\n>p1 switch 2\n>p2 move swordsdance\n>p1 move fleurcannon terastallize\n>p2 move earthquake\n>p2 switch 5\n>p1 move ironhead\n>p2 move shellsmash\n>p1 move ironhead\n>p2 move shadowball\n>p1 switch 3\n>p1 move bravebird\n>p2 switch 3\n>p1 switch 2\n>p2 move uturn\n>p2 switch 3\n>p1 move knockoff\n>p2 move strengthsap\n>p1 move defog\n>p2 move strengthsap\n>p1 move knockoff\n>p2 switch 3\n>p1 switch 2\n>p2 move stealthrock\n>p1 move knockoff\n>p2 move ironhead\n>p2 switch 6\n>p1 switch 5\n>p2 move bulkup\n>p1 move malignantchain\n>p2 move bulkup\n>p1 switch 2\n>p2 move earthquake terastallize\n>p1 move knockoff\n>p2 move earthquake\n>p1 move machpunch\n>p2 move bodyslam\n>p1 switch 5\n>p2 switch 2\n>p1 move bravebird\n>p2 move flipturn\n>p2 switch 3\n>p1 switch 6\n>p1 move dracometeor\n>p2 switch 4\n>p1 move dracometeor\n>p2 move roost\n>p2 switch 4\n>p1 switch 4\n>p2 move shellsmash\n>p1 move earthquake\n>p2 move storedpower\n>chat \u2606KlausUnbound|come onnnnnnnnnnnnnnnnnnnnnnnnnnnnnnnnnnnnnnnnnnnnnnnnnnnnnnn\n>forcelose p1", "uploadtime": 1781397844, "views": 5, "formatid": "gen9randombattle", "rating": null, "private": 0, "password": null}