{"id": "gen9randombattle-2631955404", "format": "[Gen 9] Random Battle", "players": ["Jaozinzin", "amadeus venieri"], "log": "|j|\u2606Jaozinzin\n|j|\u2606amadeus venieri\n|t:|1781459617\n|gametype|singles\n|player|p1|Jaozinzin|miku-fire|1669\n|player|p2|amadeus venieri|acetrainersnow|1688\n|gen|9\n|tier|[Gen 9] Random Battle\n|rated|\n|rule|Species Clause: Limit one of each Pok\u00e9mon\n|rule|HP Percentage Mod: HP is shown in percentages\n|rule|Sleep Clause Mod: Limit one foe put to sleep\n|rule|Illusion Level Mod: Illusion disguises the Pok\u00e9mon's true level\n|\n|t:|1781459617\n|teamsize|p1|6\n|teamsize|p2|6\n|start\n|switch|p1a: Smeargle|Smeargle, L95, F|258/258\n|switch|p2a: Regigigas|Regigigas, L84|322/322\n|-start|p2a: Regigigas|ability: Slow Start\n|turn|1\n|inactive|Battle timer is ON: inactive players will automatically lose when time's up. (requested by Jaozinzin)\n|\n|t:|1781459627\n|move|p1a: Smeargle|Spore|p2a: Regigigas\n|-status|p2a: Regigigas|slp|[from] move: Spore\n|cant|p2a: Regigigas|slp\n|\n|upkeep\n|turn|2\n|\n|t:|1781459633\n|switch|p2a: Gurdurr|Gurdurr, L85, F|283/283\n|move|p1a: Smeargle|Shell Smash|p1a: Smeargle\n|-unboost|p1a: Smeargle|def|1\n|-unboost|p1a: Smeargle|spd|1\n|-boost|p1a: Smeargle|atk|2\n|-boost|p1a: Smeargle|spa|2\n|-boost|p1a: Smeargle|spe|2\n|\n|upkeep\n|turn|3\n|\n|t:|1781459639\n|-terastallize|p1a: Smeargle|Ghost\n|move|p1a: Smeargle|Population Bomb|p2a: Gurdurr\n|-damage|p2a: Gurdurr|262/283\n|-damage|p2a: Gurdurr|240/283\n|-damage|p2a: Gurdurr|218/283\n|-damage|p2a: Gurdurr|197/283\n|-damage|p2a: Gurdurr|176/283\n|-damage|p2a: Gurdurr|154/283\n|-damage|p2a: Gurdurr|130/283\n|-damage|p2a: Gurdurr|108/283\n|-damage|p2a: Gurdurr|87/283\n|-damage|p2a: Gurdurr|63/283\n|-hitcount|p2a: Gurdurr|10\n|move|p2a: Gurdurr|Knock Off|p1a: Smeargle\n|-supereffective|p1a: Smeargle\n|-damage|p1a: Smeargle|0 fnt\n|-enditem|p1a: Smeargle|Wide Lens|[from] move: Knock Off|[of] p2a: Gurdurr\n|faint|p1a: Smeargle\n|\n|upkeep\n|inactive|Jaozinzin has 120 seconds left.\n|c|\u2606Jaozinzin|did you read my tera wtf\n|c|\u2606amadeus venieri|yessir\n|\n|t:|1781459686\n|switch|p1a: Flutter Mane|Flutter Mane, L74|203/203\n|turn|4\n|\n|t:|1781459697\n|move|p1a: Flutter Mane|Moonblast|p2a: Gurdurr\n|-supereffective|p2a: Gurdurr\n|-damage|p2a: Gurdurr|0 fnt\n|faint|p2a: Gurdurr\n|\n|upkeep\n|c|\u2606Jaozinzin|here I thought I could smeargle sweep again\n|\n|t:|1781459711\n|switch|p2a: Swanna|Swanna, L89, F|278/278\n|turn|5\n|inactive|Jaozinzin has 120 seconds left.\n|\n|t:|1781459721\n|-end|p1a: Flutter Mane|Protosynthesis|[silent]\n|switch|p1a: Raikou|Raikou, L81|278/278\n|-ability|p1a: Raikou|Pressure\n|move|p2a: Swanna|Brave Bird|p1a: Raikou\n|-resisted|p1a: Raikou\n|-damage|p1a: Raikou|206/278\n|-damage|p2a: Swanna|254/278|[from] Recoil\n|\n|-heal|p1a: Raikou|223/278|[from] item: Leftovers\n|upkeep\n|turn|6\n|c|\u2606amadeus venieri|i got swept enough times to see one coming hehe\n|inactive|amadeus venieri has 120 seconds left.\n|\n|t:|1781459754\n|switch|p2a: Regigigas|Regigigas, L84|322/322 slp\n|-start|p2a: Regigigas|ability: Slow Start\n|move|p1a: Raikou|Substitute|p1a: Raikou\n|-start|p1a: Raikou|Substitute\n|-damage|p1a: Raikou|154/278\n|\n|-heal|p1a: Raikou|171/278|[from] item: Leftovers\n|upkeep\n|turn|7\n|\n|t:|1781459760\n|move|p1a: Raikou|Calm Mind|p1a: Raikou\n|-boost|p1a: Raikou|spa|1\n|-boost|p1a: Raikou|spd|1\n|cant|p2a: Regigigas|slp\n|\n|-heal|p1a: Raikou|188/278|[from] item: Leftovers\n|upkeep\n|turn|8\n|\n|t:|1781459766\n|move|p1a: Raikou|Calm Mind|p1a: Raikou\n|-boost|p1a: Raikou|spa|1\n|-boost|p1a: Raikou|spd|1\n|cant|p2a: Regigigas|slp\n|\n|-heal|p1a: Raikou|205/278|[from] item: Leftovers\n|upkeep\n|turn|9\n|\n|t:|1781459775\n|move|p1a: Raikou|Thunderbolt|p2a: Regigigas\n|-damage|p2a: Regigigas|142/322 slp\n|-curestatus|p2a: Regigigas|slp|[msg]\n|move|p2a: Regigigas|Body Slam|p1a: Raikou\n|-end|p1a: Raikou|Substitute\n|\n|-heal|p1a: Raikou|222/278|[from] item: Leftovers\n|-heal|p2a: Regigigas|162/322|[from] item: Leftovers\n|upkeep\n|turn|10\n|c|\u2606amadeus venieri|R.I.P. poor me\n|\n|t:|1781459783\n|move|p1a: Raikou|Thunderbolt|p2a: Regigigas\n|-damage|p2a: Regigigas|0 fnt\n|faint|p2a: Regigigas\n|-end|p2a: Regigigas|Slow Start|[silent]\n|\n|-heal|p1a: Raikou|239/278|[from] item: Leftovers\n|upkeep\n|\n|t:|1781459803\n|switch|p2a: Emboar|Emboar, L84, M|322/322\n|turn|11\n|\n|t:|1781459807\n|move|p2a: Emboar|Flare Blitz|p1a: Raikou\n|-damage|p1a: Raikou|35/278\n|-damage|p2a: Emboar|255/322|[from] Recoil\n|move|p1a: Raikou|Substitute|p1a: Raikou\n|-fail|p1a: Raikou|move: Substitute|[weak]\n|\n|-heal|p1a: Raikou|52/278|[from] item: Leftovers\n|upkeep\n|turn|12\n|c|\u2606Jaozinzin|oh I forgot he's scarf welp I fucked up\n|\n|t:|1781459829\n|move|p2a: Emboar|Flare Blitz|p1a: Raikou\n|-damage|p1a: Raikou|0 fnt\n|faint|p1a: Raikou\n|-damage|p2a: Emboar|238/322|[from] Recoil\n|\n|upkeep\n|\n|t:|1781459836\n|switch|p1a: Porygon2|Porygon2, L81|270/270\n|-ability|p1a: Porygon2|Download|boost\n|-boost|p1a: Porygon2|spa|1\n|turn|13\n|c|\u2606amadeus venieri|It's got a few sets i think\n|\n|t:|1781459848\n|switch|p2a: Greedent|Greedent, L86, F|347/347\n|move|p1a: Porygon2|Tri Attack|p2a: Greedent\n|-damage|p2a: Greedent|203/347\n|-status|p2a: Greedent|brn\n|\n|-damage|p2a: Greedent|182/347 brn|[from] brn\n|upkeep\n|turn|14\n|\n|t:|1781459855\n|move|p1a: Porygon2|Tri Attack|p2a: Greedent\n|-damage|p2a: Greedent|31/347 brn\n|-enditem|p2a: Greedent|Sitrus Berry|[eat]\n|-heal|p2a: Greedent|117/347 brn|[from] item: Sitrus Berry\n|-heal|p2a: Greedent|232/347 brn|[from] ability: Cheek Pouch\n|move|p2a: Greedent|Knock Off|p1a: Porygon2\n|-damage|p1a: Porygon2|246/270\n|-enditem|p1a: Porygon2|Eviolite|[from] move: Knock Off|[of] p2a: Greedent\n|\n|-damage|p2a: Greedent|211/347 brn|[from] brn\n|upkeep\n|turn|15\n|c|\u2606Jaozinzin|fat fucking burn\n|n|\u203dJaozinzin|jaozinzin\n|c|~|/log Jaozinzin was locked from talking by Artemis. (\u2606Jaozinzin: fat fucking burn)\n|c|~|/raw <small>This action was done automatically. Want to learn more about the AI? <a href=\"https://www.smogon.com/forums/threads/3570628/#post-9056769\">Visit the information thread</a>.</small>\n|\n|t:|1781459867\n|move|p1a: Porygon2|Tri Attack|p2a: Greedent\n|-damage|p2a: Greedent|76/347 brn\n|move|p2a: Greedent|Double-Edge|p1a: Porygon2\n|-damage|p1a: Porygon2|185/270\n|-damage|p2a: Greedent|56/347 brn|[from] Recoil\n|\n|-damage|p2a: Greedent|35/347 brn|[from] brn\n|upkeep\n|turn|16\n|\n|t:|1781459883\n|move|p1a: Porygon2|Recover|p1a: Porygon2\n|-heal|p1a: Porygon2|270/270\n|move|p2a: Greedent|Double-Edge|p1a: Porygon2\n|-damage|p1a: Porygon2|209/270\n|-damage|p2a: Greedent|15/347 brn|[from] Recoil\n|\n|-damage|p2a: Greedent|0 fnt|[from] brn\n|faint|p2a: Greedent\n|upkeep\n|\n|t:|1781459887\n|switch|p2a: Emboar|Emboar, L84, M|238/322\n|turn|17\n|\n|t:|1781459899\n|switch|p1a: Flutter Mane|Flutter Mane, L74|203/203\n|move|p2a: Emboar|Flare Blitz|p1a: Flutter Mane\n|-damage|p1a: Flutter Mane|0 fnt\n|faint|p1a: Flutter Mane\n|-end|p1a: Flutter Mane|Protosynthesis|[silent]\n|-damage|p2a: Emboar|171/322|[from] Recoil\n|\n|upkeep\n|\n|t:|1781459905\n|switch|p1a: Porygon2|Porygon2, L81|209/270\n|-ability|p1a: Porygon2|Download|boost\n|-boost|p1a: Porygon2|spa|1\n|turn|18\n|\n|t:|1781459927\n|switch|p2a: Swanna|Swanna, L89, F|254/278\n|move|p1a: Porygon2|Tri Attack|p2a: Swanna\n|-damage|p2a: Swanna|103/278\n|\n|upkeep\n|turn|19\n|\n|t:|1781459934\n|move|p2a: Swanna|Brave Bird|p1a: Porygon2\n|-damage|p1a: Porygon2|83/270\n|-damage|p2a: Swanna|61/278|[from] Recoil\n|move|p1a: Porygon2|Tri Attack|p2a: Swanna\n|-damage|p2a: Swanna|0 fnt\n|faint|p2a: Swanna\n|\n|upkeep\n|\n|t:|1781459937\n|switch|p2a: Emboar|Emboar, L84, M|171/322\n|turn|20\n|\n|t:|1781459944\n|move|p2a: Emboar|Flare Blitz|p1a: Porygon2\n|-damage|p1a: Porygon2|0 fnt\n|faint|p1a: Porygon2\n|-damage|p2a: Emboar|144/322|[from] Recoil\n|\n|upkeep\n|\n|t:|1781459949\n|switch|p1a: Iron Hands|Iron Hands, L79|373/373\n|turn|21\n|\n|t:|1781459956\n|move|p2a: Emboar|Flare Blitz|p1a: Iron Hands\n|-damage|p1a: Iron Hands|202/373\n|-damage|p2a: Emboar|88/322|[from] Recoil\n|move|p1a: Iron Hands|Drain Punch|p2a: Emboar\n|-damage|p2a: Emboar|0 fnt\n|-heal|p1a: Iron Hands|246/373|[from] drain|[of] p2a: Emboar\n|faint|p2a: Emboar\n|\n|-heal|p1a: Iron Hands|269/373|[from] item: Leftovers\n|upkeep\n|\n|t:|1781459959\n|switch|p2a: Flutter Mane|Flutter Mane, L74|203/203\n|turn|22\n|\n|t:|1781459966\n|move|p2a: Flutter Mane|Calm Mind|p2a: Flutter Mane\n|-boost|p2a: Flutter Mane|spa|1\n|-boost|p2a: Flutter Mane|spd|1\n|move|p1a: Iron Hands|Wild Charge|p2a: Flutter Mane\n|-damage|p2a: Flutter Mane|22/203\n|-damage|p1a: Iron Hands|224/373|[from] Recoil\n|\n|-heal|p1a: Iron Hands|247/373|[from] item: Leftovers\n|upkeep\n|turn|23\n|\n|t:|1781459973\n|move|p2a: Flutter Mane|Moonblast|p1a: Iron Hands\n|-supereffective|p1a: Iron Hands\n|-damage|p1a: Iron Hands|0 fnt\n|faint|p1a: Iron Hands\n|-end|p1a: Iron Hands|Quark Drive|[silent]\n|-damage|p2a: Flutter Mane|2/203|[from] item: Life Orb\n|\n|upkeep\n|\n|t:|1781459976\n|switch|p1a: Bombirdier|Bombirdier, L85, F|258/258\n|turn|24\n|\n|t:|1781459978\n|move|p2a: Flutter Mane|Moonblast|p1a: Bombirdier\n|-supereffective|p1a: Bombirdier\n|-damage|p1a: Bombirdier|0 fnt\n|faint|p1a: Bombirdier\n|-damage|p2a: Flutter Mane|0 fnt|[from] item: Life Orb\n|faint|p2a: Flutter Mane\n|-end|p2a: Flutter Mane|Protosynthesis|[silent]\n|\n|win|amadeus venieri\n", "inputlog": ">version a8376a258c1d4662feba110a92103f3664a72141\n>start {\"formatid\":\"gen9randombattle\",\"seed\":\"sodium,e906969f0907ea1468e3be1248d4e572\",\"rated\":\"Rated battle\"}\n>player p1 {\"name\":\"Jaozinzin\",\"avatar\":\"miku-fire\",\"rating\":1669,\"seed\":\"sodium,45b802c08c8abcd6929ca1c74749ba88\"}\n>player p2 {\"name\":\"amadeus venieri\",\"avatar\":\"acetrainersnow\",\"rating\":1688,\"seed\":\"sodium,b81e51eb871b10d3c22d75fdca1e2ed3\"}\n>p1 move spore\n>p2 move bodyslam\n>p1 move shellsmash\n>p2 switch 4\n>p1 move populationbomb terastallize\n>p2 move knockoff\n>chat \u2606Jaozinzin|did you read my tera wtf\n>chat \u2606amadeus venieri|yessir\n>p1 switch 3\n>p1 move moonblast\n>p2 move knockoff\n>chat \u2606Jaozinzin|here I thought I could smeargle sweep again\n>p2 switch 3\n>p1 switch 2\n>p2 move bravebird\n>chat \u2606amadeus venieri|i got swept enough times to see one coming hehe\n>p1 move substitute\n>p2 switch 4\n>p1 move calmmind\n>p2 move bodyslam\n>p1 move calmmind\n>p2 move bodyslam\n>p1 move thunderbolt\n>p2 move bodyslam\n>chat \u2606amadeus venieri|R.I.P. poor me\n>p1 move thunderbolt\n>p2 move bodyslam\n>p2 switch 6\n>p1 move substitute\n>p2 move flareblitz\n>chat \u2606Jaozinzin|oh I forgot he's scarf welp I fucked up\n>p1 move scald\n>p2 move flareblitz\n>p1 switch 6\n>chat \u2606amadeus venieri|It's got a few sets i think\n>p1 move triattack\n>p2 switch 5\n>p1 move triattack\n>p2 move knockoff\n>chat \u2606Jaozinzin|fat fucking burn\n>p1 move triattack\n>p2 move doubleedge\n>p1 move recover\n>p2 move doubleedge\n>p2 switch 5\n>p1 switch 2\n>p2 move flareblitz\n>p1 switch 2\n>p1 move triattack\n>p2 switch 4\n>p1 move triattack\n>p2 move bravebird\n>p2 switch 4\n>p1 move recover\n>p2 move flareblitz\n>p1 switch 5\n>p1 move drainpunch\n>p2 move flareblitz\n>p2 switch 2\n>p1 move wildcharge\n>p2 move calmmind\n>p1 move wildcharge\n>p2 move moonblast\n>p1 switch 4\n>p1 move knockoff\n>p2 move moonblast", "uploadtime": 1781459862, "views": 6, "formatid": "gen9randombattle", "rating": null, "private": 0, "password": null}