{"id": "gen9randombattle-2631909772", "format": "[Gen 9] Random Battle", "players": ["actuary97", "Alexander Babits"], "log": "|j|\u2606actuary97\n|j|\u203dAlexander Babits\n|t:|1781454603\n|gametype|singles\n|player|p1|actuary97|sabrina-frlg|2024\n|player|p2|Alexander Babits|2|2086\n|gen|9\n|tier|[Gen 9] Random Battle\n|rated|\n|rule|Species Clause: Limit one of each Pok\u00e9mon\n|rule|HP Percentage Mod: HP is shown in percentages\n|rule|Sleep Clause Mod: Limit one foe put to sleep\n|rule|Illusion Level Mod: Illusion disguises the Pok\u00e9mon's true level\n|\n|t:|1781454603\n|teamsize|p1|6\n|teamsize|p2|6\n|start\n|switch|p1a: Vigoroth|Vigoroth, L85, F|275/275\n|switch|p2a: Passimian|Passimian, L83, F|302/302\n|turn|1\n|\n|t:|1781454621\n|switch|p1a: Toxapex|Toxapex, L82, M|216/216\n|move|p2a: Passimian|Knock Off|p1a: Toxapex\n|-damage|p1a: Toxapex|143/216\n|-enditem|p1a: Toxapex|Leftovers|[from] move: Knock Off|[of] p2a: Passimian\n|\n|upkeep\n|turn|2\n|inactive|Battle timer is ON: inactive players will automatically lose when time's up. (requested by Alexander Babits)\n|\n|t:|1781454637\n|switch|p2a: Raging Bolt|Raging Bolt, L78|323/323\n|-enditem|p2a: Raging Bolt|Booster Energy\n|-activate|p2a: Raging Bolt|ability: Protosynthesis|[fromitem]\n|-start|p2a: Raging Bolt|protosynthesisspa\n|move|p1a: Toxapex|Toxic|p2a: Raging Bolt\n|-status|p2a: Raging Bolt|tox\n|\n|-damage|p2a: Raging Bolt|303/323 tox|[from] psn\n|upkeep\n|turn|3\n|\n|t:|1781454651\n|switch|p1a: Sandy Shocks|Sandy Shocks, L80|267/267\n|move|p2a: Raging Bolt|Calm Mind|p2a: Raging Bolt\n|-boost|p2a: Raging Bolt|spa|1\n|-boost|p2a: Raging Bolt|spd|1\n|\n|-damage|p2a: Raging Bolt|263/323 tox|[from] psn\n|upkeep\n|turn|4\n|\n|t:|1781454660\n|move|p1a: Sandy Shocks|Earth Power|p2a: Raging Bolt\n|-supereffective|p2a: Raging Bolt\n|-damage|p2a: Raging Bolt|123/323 tox\n|move|p2a: Raging Bolt|Dragon Pulse|p1a: Sandy Shocks\n|-damage|p1a: Sandy Shocks|51/267\n|\n|-damage|p2a: Raging Bolt|63/323 tox|[from] psn\n|upkeep\n|turn|5\n|\n|t:|1781454672\n|-end|p1a: Sandy Shocks|Protosynthesis|[silent]\n|switch|p1a: Frosmoth|Frosmoth, L82, F|249/249\n|-end|p2a: Raging Bolt|Protosynthesis|[silent]\n|switch|p2a: Staraptor|Staraptor, L79, F|263/263\n|\n|upkeep\n|turn|6\n|\n|t:|1781454688\n|switch|p1a: Sandy Shocks|Sandy Shocks, L80|51/267\n|move|p2a: Staraptor|U-turn|p1a: Sandy Shocks\n|-damage|p1a: Sandy Shocks|0 fnt\n|faint|p1a: Sandy Shocks\n|-end|p1a: Sandy Shocks|Protosynthesis|[silent]\n|inactive|Alexander Babits has 120 seconds left.\n|\n|t:|1781454715\n|switch|p2a: Komala|Komala, L88, F|258/258|[from] U-turn\n|-ability|p2a: Komala|Comatose\n|\n|upkeep\n|\n|t:|1781454728\n|switch|p1a: Vigoroth|Vigoroth, L85, F|275/275\n|turn|7\n|inactive|Alexander Babits has 120 seconds left.\n|\n|t:|1781454744\n|move|p1a: Vigoroth|Bulk Up|p1a: Vigoroth\n|-boost|p1a: Vigoroth|atk|1\n|-boost|p1a: Vigoroth|def|1\n|move|p2a: Komala|Knock Off|p1a: Vigoroth\n|-damage|p1a: Vigoroth|233/275\n|-enditem|p1a: Vigoroth|Eviolite|[from] move: Knock Off|[of] p2a: Komala\n|\n|upkeep\n|turn|8\n|\n|t:|1781454749\n|move|p1a: Vigoroth|Body Slam|p2a: Komala\n|-damage|p2a: Komala|108/258\n|move|p2a: Komala|U-turn|p1a: Vigoroth\n|-damage|p1a: Vigoroth|188/275\n|\n|t:|1781454753\n|switch|p2a: Passimian|Passimian, L83, F|302/302|[from] U-turn\n|\n|upkeep\n|turn|9\n|\n|t:|1781454760\n|move|p1a: Vigoroth|Body Slam|p2a: Passimian\n|-damage|p2a: Passimian|185/302\n|-status|p2a: Passimian|par\n|move|p2a: Passimian|Close Combat|p1a: Vigoroth\n|-supereffective|p1a: Vigoroth\n|-damage|p1a: Vigoroth|0 fnt\n|-unboost|p2a: Passimian|def|1\n|-unboost|p2a: Passimian|spd|1\n|faint|p1a: Vigoroth\n|\n|upkeep\n|\n|t:|1781454769\n|switch|p1a: Morpeko|Morpeko, L88, F|245/245\n|turn|10\n|\n|t:|1781454793\n|switch|p2a: Raging Bolt|Raging Bolt, L78|63/323 tox\n|move|p1a: Morpeko|Aura Wheel|p2a: Raging Bolt\n|-resisted|p2a: Raging Bolt\n|-damage|p2a: Raging Bolt|32/323 tox\n|-boost|p1a: Morpeko|spe|1\n|\n|-damage|p2a: Raging Bolt|12/323 tox|[from] psn\n|-formechange|p1a: Morpeko|Morpeko-Hangry||[from] ability: Hunger Switch\n|upkeep\n|turn|11\n|\n|t:|1781454807\n|move|p1a: Morpeko|Protect|p1a: Morpeko\n|-singleturn|p1a: Morpeko|Protect\n|move|p2a: Raging Bolt|Dragon Pulse|p1a: Morpeko\n|-activate|p1a: Morpeko|move: Protect\n|\n|-damage|p2a: Raging Bolt|0 fnt|[from] psn\n|faint|p2a: Raging Bolt\n|-end|p2a: Raging Bolt|Protosynthesis|[silent]\n|-formechange|p1a: Morpeko|Morpeko||[from] ability: Hunger Switch\n|upkeep\n|\n|t:|1781454827\n|switch|p2a: Komala|Komala, L88, F|108/258\n|-ability|p2a: Komala|Comatose\n|turn|12\n|\n|t:|1781454831\n|move|p1a: Morpeko|Aura Wheel|p2a: Komala\n|-damage|p2a: Komala|0 fnt\n|-boost|p1a: Morpeko|spe|1\n|faint|p2a: Komala\n|\n|-formechange|p1a: Morpeko|Morpeko-Hangry||[from] ability: Hunger Switch\n|upkeep\n|\n|t:|1781454839\n|switch|p2a: Passimian|Passimian, L83, F|185/302 par\n|turn|13\n|\n|t:|1781454846\n|move|p1a: Morpeko|Protect|p1a: Morpeko\n|-singleturn|p1a: Morpeko|Protect\n|move|p2a: Passimian|Close Combat|p1a: Morpeko\n|-activate|p1a: Morpeko|move: Protect\n|\n|-formechange|p1a: Morpeko|Morpeko||[from] ability: Hunger Switch\n|upkeep\n|turn|14\n|\n|t:|1781454855\n|switch|p2a: Chimecho|Chimecho, L93, F|290/290\n|-terastallize|p1a: Morpeko|Electric\n|move|p1a: Morpeko|Aura Wheel|p2a: Chimecho\n|-damage|p2a: Chimecho|136/290\n|-boost|p1a: Morpeko|spe|1\n|\n|-heal|p2a: Chimecho|154/290|[from] item: Leftovers\n|upkeep\n|turn|15\n|\n|t:|1781454885\n|-terastallize|p2a: Chimecho|Electric\n|move|p1a: Morpeko|Aura Wheel|p2a: Chimecho\n|-resisted|p2a: Chimecho\n|-crit|p2a: Chimecho\n|-damage|p2a: Chimecho|37/290\n|-boost|p1a: Morpeko|spe|1\n|move|p2a: Chimecho|Recover|p2a: Chimecho\n|-heal|p2a: Chimecho|182/290\n|\n|-heal|p2a: Chimecho|200/290|[from] item: Leftovers\n|upkeep\n|turn|16\n|\n|t:|1781454900\n|move|p1a: Morpeko|Parting Shot|p2a: Chimecho\n|-unboost|p2a: Chimecho|atk|1\n|-unboost|p2a: Chimecho|spa|1\n|\n|t:|1781454905\n|switch|p1a: Toxapex|Toxapex, L82, M|215/216|[from] Parting Shot\n|move|p2a: Chimecho|Knock Off|p1a: Toxapex\n|-damage|p1a: Toxapex|200/216\n|\n|-heal|p2a: Chimecho|218/290|[from] item: Leftovers\n|upkeep\n|turn|17\n|\n|t:|1781454925\n|switch|p2a: Passimian|Passimian, L83, F|185/302 par\n|move|p1a: Toxapex|Toxic||[still]\n|-fail|p1a: Toxapex\n|\n|upkeep\n|turn|18\n|\n|t:|1781454933\n|move|p1a: Toxapex|Liquidation|p2a: Passimian\n|-damage|p2a: Passimian|125/302 par\n|cant|p2a: Passimian|par\n|\n|upkeep\n|turn|19\n|\n|t:|1781454938\n|move|p1a: Toxapex|Liquidation|p2a: Passimian\n|-damage|p2a: Passimian|61/302 par\n|move|p2a: Passimian|Earthquake|p1a: Toxapex\n|-supereffective|p1a: Toxapex\n|-damage|p1a: Toxapex|28/216\n|\n|upkeep\n|turn|20\n|\n|t:|1781454947\n|switch|p1a: Venomoth|Venomoth, L84, M|255/255\n|switch|p2a: Staraptor|Staraptor, L79, F|263/263\n|\n|upkeep\n|turn|21\n|\n|t:|1781454961\n|move|p2a: Staraptor|Brave Bird|p1a: Venomoth\n|-supereffective|p1a: Venomoth\n|-damage|p1a: Venomoth|0 fnt\n|faint|p1a: Venomoth\n|-damage|p2a: Staraptor|179/263|[from] Recoil\n|\n|upkeep\n|\n|t:|1781454967\n|switch|p1a: Morpeko|Morpeko, L88, F, tera:Electric|245/245\n|turn|22\n|\n|t:|1781454975\n|switch|p2a: Chimecho|Chimecho, L93, F, tera:Electric|218/290\n|move|p1a: Morpeko|Aura Wheel|p2a: Chimecho\n|-resisted|p2a: Chimecho\n|-damage|p2a: Chimecho|129/290\n|-boost|p1a: Morpeko|spe|1\n|\n|-heal|p2a: Chimecho|147/290|[from] item: Leftovers\n|upkeep\n|turn|23\n|\n|t:|1781454983\n|move|p1a: Morpeko|Aura Wheel|p2a: Chimecho\n|-resisted|p2a: Chimecho\n|-damage|p2a: Chimecho|70/290\n|-boost|p1a: Morpeko|spe|1\n|move|p2a: Chimecho|Recover|p2a: Chimecho\n|-heal|p2a: Chimecho|215/290\n|\n|-heal|p2a: Chimecho|233/290|[from] item: Leftovers\n|upkeep\n|turn|24\n|\n|t:|1781454995\n|move|p1a: Morpeko|Aura Wheel|p2a: Chimecho\n|-resisted|p2a: Chimecho\n|-damage|p2a: Chimecho|158/290\n|-boost|p1a: Morpeko|spe|1\n|move|p2a: Chimecho|Psychic Noise|p1a: Morpeko\n|-damage|p1a: Morpeko|128/245\n|-start|p1a: Morpeko|move: Heal Block\n|\n|-heal|p2a: Chimecho|176/290|[from] item: Leftovers\n|upkeep\n|turn|25\n|\n|t:|1781455002\n|move|p1a: Morpeko|Parting Shot|p2a: Chimecho\n|-unboost|p2a: Chimecho|atk|1\n|-unboost|p2a: Chimecho|spa|1\n|\n|t:|1781455004\n|switch|p1a: Frosmoth|Frosmoth, L82, F|249/249|[from] Parting Shot\n|move|p2a: Chimecho|Recover|p2a: Chimecho\n|-heal|p2a: Chimecho|290/290\n|\n|upkeep\n|turn|26\n|\n|t:|1781455026\n|move|p2a: Chimecho|Knock Off|p1a: Frosmoth\n|-damage|p1a: Frosmoth|199/249\n|-enditem|p1a: Frosmoth|Heavy-Duty Boots|[from] move: Knock Off|[of] p2a: Chimecho\n|move|p1a: Frosmoth|Ice Beam|p2a: Chimecho\n|-damage|p2a: Chimecho|199/290\n|\n|-heal|p2a: Chimecho|217/290|[from] item: Leftovers\n|upkeep\n|turn|27\n|\n|t:|1781455042\n|move|p2a: Chimecho|Knock Off|p1a: Frosmoth\n|-damage|p1a: Frosmoth|168/249\n|move|p1a: Frosmoth|Ice Beam|p2a: Chimecho\n|-damage|p2a: Chimecho|121/290\n|\n|-heal|p2a: Chimecho|139/290|[from] item: Leftovers\n|upkeep\n|turn|28\n|\n|t:|1781455046\n|move|p2a: Chimecho|Recover|p2a: Chimecho\n|-heal|p2a: Chimecho|284/290\n|move|p1a: Frosmoth|Quiver Dance|p1a: Frosmoth\n|-boost|p1a: Frosmoth|spa|1\n|-boost|p1a: Frosmoth|spd|1\n|-boost|p1a: Frosmoth|spe|1\n|\n|-heal|p2a: Chimecho|290/290|[from] item: Leftovers\n|upkeep\n|turn|29\n|\n|t:|1781455049\n|move|p1a: Frosmoth|Quiver Dance|p1a: Frosmoth\n|-boost|p1a: Frosmoth|spa|1\n|-boost|p1a: Frosmoth|spd|1\n|-boost|p1a: Frosmoth|spe|1\n|move|p2a: Chimecho|Encore|p1a: Frosmoth\n|-start|p1a: Frosmoth|Encore\n|\n|upkeep\n|turn|30\n|\n|t:|1781455052\n|switch|p2a: Staraptor|Staraptor, L79, F|179/263\n|move|p1a: Frosmoth|Quiver Dance|p1a: Frosmoth\n|-boost|p1a: Frosmoth|spa|1\n|-boost|p1a: Frosmoth|spd|1\n|-boost|p1a: Frosmoth|spe|1\n|\n|upkeep\n|turn|31\n|\n|t:|1781455069\n|move|p1a: Frosmoth|Quiver Dance|p1a: Frosmoth\n|-boost|p1a: Frosmoth|spa|1\n|-boost|p1a: Frosmoth|spd|1\n|-boost|p1a: Frosmoth|spe|1\n|move|p2a: Staraptor|Double-Edge|p1a: Frosmoth\n|-crit|p1a: Frosmoth\n|-damage|p1a: Frosmoth|0 fnt\n|faint|p1a: Frosmoth\n|-damage|p2a: Staraptor|124/263|[from] Recoil\n|\n|upkeep\n|\n|t:|1781455075\n|switch|p1a: Toxapex|Toxapex, L82, M|100/216\n|turn|32\n|\n|t:|1781455084\n|move|p2a: Staraptor|Double-Edge|p1a: Toxapex\n|-damage|p1a: Toxapex|1/216\n|-damage|p2a: Staraptor|91/263|[from] Recoil\n|move|p1a: Toxapex|Recover|p1a: Toxapex\n|-heal|p1a: Toxapex|109/216\n|\n|upkeep\n|turn|33\n|\n|t:|1781455090\n|switch|p2a: Chimecho|Chimecho, L93, F, tera:Electric|290/290\n|move|p1a: Toxapex|Recover|p1a: Toxapex\n|-heal|p1a: Toxapex|216/216\n|\n|upkeep\n|turn|34\n|\n|t:|1781455095\n|switch|p2a: Passimian|Passimian, L83, F|61/302 par\n|move|p1a: Toxapex|Toxic||[still]\n|-fail|p1a: Toxapex\n|\n|upkeep\n|turn|35\n|\n|t:|1781455098\n|move|p1a: Toxapex|Liquidation|p2a: Passimian\n|-damage|p2a: Passimian|1/302 par\n|move|p2a: Passimian|Earthquake|p1a: Toxapex\n|-supereffective|p1a: Toxapex\n|-damage|p1a: Toxapex|38/216\n|\n|upkeep\n|turn|36\n|\n|t:|1781455105\n|move|p1a: Toxapex|Liquidation|p2a: Passimian\n|-damage|p2a: Passimian|0 fnt\n|faint|p2a: Passimian\n|\n|upkeep\n|\n|t:|1781455110\n|switch|p2a: Chimecho|Chimecho, L93, F, tera:Electric|290/290\n|turn|37\n|\n|t:|1781455115\n|switch|p1a: Morpeko|Morpeko, L88, F, tera:Electric|128/245\n|move|p2a: Chimecho|Psychic Noise|p1a: Morpeko\n|-damage|p1a: Morpeko|2/245\n|-start|p1a: Morpeko|move: Heal Block\n|\n|upkeep\n|turn|38\n|-message|actuary97 forfeited.\n|\n|win|Alexander Babits\n", "inputlog": ">version a8376a258c1d4662feba110a92103f3664a72141\n>start {\"formatid\":\"gen9randombattle\",\"seed\":\"sodium,f5debcf7936b8c43546b68e265f42186\",\"rated\":\"Rated battle\"}\n>player p1 {\"name\":\"actuary97\",\"avatar\":\"sabrina-frlg\",\"rating\":2024,\"seed\":\"sodium,0a35be3f330ff919acec2aab74b5e975\"}\n>player p2 {\"name\":\"Alexander Babits\",\"avatar\":\"2\",\"rating\":2086,\"seed\":\"sodium,7430de395a5e14006b9fc5a64de12f38\"}\n>p1 switch 3\n>p2 move knockoff\n>p1 move toxic\n>p2 switch 2\n>p1 switch 4\n>p2 move calmmind\n>p1 move earthpower\n>p2 move dragonpulse\n>p1 switch 2\n>p2 switch 3\n>p1 switch 2\n>p2 move uturn\n>p2 switch 4\n>p1 switch 3\n>p1 move bulkup\n>p2 move knockoff\n>p1 move bodyslam\n>p2 move uturn\n>p2 switch 2\n>p1 move bodyslam\n>p2 move closecombat\n>p1 switch 5\n>p1 move aurawheel\n>p2 switch 3\n>p1 move protect\n>p2 move dragonpulse\n>p2 switch 2\n>p1 move aurawheel\n>p2 move uturn\n>p2 switch 3\n>p1 move protect\n>p2 move closecombat\n>p1 move aurawheel terastallize\n>p2 switch 6\n>p1 move aurawheel\n>p2 move recover terastallize\n>p1 move partingshot\n>p2 move knockoff\n>p1 switch 4\n>p1 move toxic\n>p2 switch 6\n>p1 move liquidation\n>p2 move earthquake\n>p1 move liquidation\n>p2 move earthquake\n>p1 switch 6\n>p2 switch 4\n>p1 move sludgewave\n>p2 move bravebird\n>p1 switch 4\n>p1 move aurawheel\n>p2 switch 6\n>p1 move aurawheel\n>p2 move recover\n>p1 move aurawheel\n>p2 move psychicnoise\n>p1 move partingshot\n>p2 move recover\n>p1 switch 2\n>p1 move icebeam\n>p2 move knockoff\n>p1 move icebeam\n>p2 move knockoff\n>p1 move quiverdance\n>p2 move recover\n>p1 move quiverdance\n>p2 move encore\n>p1 move quiverdance\n>p2 switch 6\n>p1 move quiverdance\n>p2 move doubleedge\n>p1 switch 6\n>p1 move recover\n>p2 move doubleedge\n>p1 move recover\n>p2 switch 6\n>p1 move toxic\n>p2 switch 4\n>p1 move liquidation\n>p2 move earthquake\n>p1 move liquidation\n>p2 move earthquake\n>p2 switch 4\n>p1 switch 2\n>p2 move psychicnoise\n>forcelose p1", "uploadtime": 1781454605, "views": 4, "formatid": "gen9randombattle", "rating": null, "private": 0, "password": null}