{"id": "gen9randombattle-2631371411", "format": "[Gen 9] Random Battle", "players": ["soap_trusted_you", "Lyfie"], "log": "|j|\u2606soap_trusted_you\n|j|\u2606Lyfie\n|t:|1781376795\n|gametype|singles\n|player|p1|soap_trusted_you|worker|1938\n|player|p2|Lyfie|jasmine|1940\n|gen|9\n|tier|[Gen 9] Random Battle\n|rated|\n|rule|Species Clause: Limit one of each Pok\u00e9mon\n|rule|HP Percentage Mod: HP is shown in percentages\n|rule|Sleep Clause Mod: Limit one foe put to sleep\n|rule|Illusion Level Mod: Illusion disguises the Pok\u00e9mon's true level\n|\n|t:|1781376795\n|teamsize|p1|6\n|teamsize|p2|6\n|start\n|switch|p1a: Drednaw|Drednaw, L81, M|278/278\n|switch|p2a: Meganium|Meganium, L90, F|290/290\n|turn|1\n|inactive|Battle timer is ON: inactive players will automatically lose when time's up. (requested by soap_trusted_you)\n|\n|t:|1781376817\n|switch|p1a: Jirachi|Jirachi, L80|291/291\n|move|p2a: Meganium|Knock Off|p1a: Jirachi\n|-supereffective|p1a: Jirachi\n|-damage|p1a: Jirachi|153/291\n|-enditem|p1a: Jirachi|Leftovers|[from] move: Knock Off|[of] p2a: Meganium\n|\n|upkeep\n|turn|2\n|\n|t:|1781376834\n|switch|p2a: Alomomola|Alomomola, L87, M|429/429\n|move|p1a: Jirachi|Iron Head|p2a: Alomomola\n|-resisted|p2a: Alomomola\n|-damage|p2a: Alomomola|387/429\n|\n|-heal|p2a: Alomomola|413/429|[from] item: Leftovers\n|upkeep\n|turn|3\n|\n|t:|1781376841\n|move|p1a: Jirachi|Wish|p1a: Jirachi\n|move|p2a: Alomomola|Scald|p1a: Jirachi\n|-damage|p1a: Jirachi|104/291\n|-status|p1a: Jirachi|brn\n|\n|-heal|p2a: Alomomola|429/429|[from] item: Leftovers\n|-damage|p1a: Jirachi|86/291 brn|[from] brn\n|upkeep\n|turn|4\n|\n|t:|1781376851\n|move|p1a: Jirachi|Iron Head|p2a: Alomomola\n|-resisted|p2a: Alomomola\n|-damage|p2a: Alomomola|407/429\n|cant|p2a: Alomomola|flinch\n|\n|-heal|p1a: Jirachi|231/291 brn|[from] move: Wish|[wisher] Jirachi\n|-heal|p2a: Alomomola|429/429|[from] item: Leftovers\n|-damage|p1a: Jirachi|213/291 brn|[from] brn\n|upkeep\n|turn|5\n|\n|t:|1781376861\n|move|p1a: Jirachi|Wish|p1a: Jirachi\n|move|p2a: Alomomola|Flip Turn|p1a: Jirachi\n|-damage|p1a: Jirachi|162/291 brn\n|\n|t:|1781376882\n|switch|p2a: Meganium|Meganium, L90, F|290/290|[from] Flip Turn\n|\n|-damage|p1a: Jirachi|144/291 brn|[from] brn\n|upkeep\n|turn|6\n|\n|t:|1781376891\n|move|p1a: Jirachi|Iron Head|p2a: Meganium\n|-damage|p2a: Meganium|258/290\n|move|p2a: Meganium|Swords Dance|p2a: Meganium\n|-boost|p2a: Meganium|atk|2\n|\n|-heal|p1a: Jirachi|289/291 brn|[from] move: Wish|[wisher] Jirachi\n|-heal|p2a: Meganium|276/290|[from] item: Leftovers\n|-damage|p1a: Jirachi|271/291 brn|[from] brn\n|upkeep\n|turn|7\n|\n|t:|1781376903\n|move|p1a: Jirachi|U-turn|p2a: Meganium\n|-supereffective|p2a: Meganium\n|-damage|p2a: Meganium|239/290\n|\n|t:|1781376907\n|switch|p1a: Eelektross|Eelektross, L87, F|290/290|[from] U-turn\n|move|p2a: Meganium|Knock Off|p1a: Eelektross\n|-damage|p1a: Eelektross|148/290\n|-enditem|p1a: Eelektross|Leftovers|[from] move: Knock Off|[of] p2a: Meganium\n|\n|-heal|p2a: Meganium|257/290|[from] item: Leftovers\n|upkeep\n|turn|8\n|\n|t:|1781376921\n|move|p2a: Meganium|Petal Blizzard|p1a: Eelektross\n|-damage|p1a: Eelektross|0 fnt\n|faint|p1a: Eelektross\n|\n|-heal|p2a: Meganium|275/290|[from] item: Leftovers\n|upkeep\n|\n|t:|1781376932\n|switch|p1a: Palkia|Palkia-Origin, L72|249/249\n|-ability|p1a: Palkia|Pressure\n|turn|9\n|\n|t:|1781376940\n|switch|p2a: Alomomola|Alomomola, L87, M|429/429\n|move|p1a: Palkia|Fire Blast|p2a: Alomomola\n|-resisted|p2a: Alomomola\n|-damage|p2a: Alomomola|363/429\n|\n|-heal|p2a: Alomomola|389/429|[from] item: Leftovers\n|upkeep\n|turn|10\n|\n|t:|1781376951\n|move|p1a: Palkia|Spacial Rend|p2a: Alomomola\n|-damage|p2a: Alomomola|178/429\n|move|p2a: Alomomola|Flip Turn|p1a: Palkia\n|-resisted|p1a: Palkia\n|-damage|p1a: Palkia|236/249\n|\n|t:|1781376964\n|switch|p2a: Alcremie|Alcremie, L90, F|263/263|[from] Flip Turn\n|\n|upkeep\n|turn|11\n|\n|t:|1781376971\n|switch|p1a: Jirachi|Jirachi, L80|271/291 brn\n|move|p2a: Alcremie|Alluring Voice|p1a: Jirachi\n|-resisted|p1a: Jirachi\n|-damage|p1a: Jirachi|216/291 brn\n|\n|-damage|p1a: Jirachi|198/291 brn|[from] brn\n|upkeep\n|turn|12\n|\n|t:|1781376979\n|switch|p2a: Alomomola|Alomomola, L87, M|321/429\n|move|p1a: Jirachi|Iron Head|p2a: Alomomola\n|-resisted|p2a: Alomomola\n|-damage|p2a: Alomomola|299/429\n|\n|-heal|p2a: Alomomola|325/429|[from] item: Leftovers\n|-damage|p1a: Jirachi|180/291 brn|[from] brn\n|upkeep\n|turn|13\n|\n|t:|1781376990\n|move|p1a: Jirachi|Wish|p1a: Jirachi\n|move|p2a: Alomomola|Flip Turn|p1a: Jirachi\n|-damage|p1a: Jirachi|128/291 brn\n|\n|t:|1781376998\n|switch|p2a: Meganium|Meganium, L90, F|275/290|[from] Flip Turn\n|\n|-heal|p2a: Meganium|290/290|[from] item: Leftovers\n|-damage|p1a: Jirachi|110/291 brn|[from] brn\n|upkeep\n|turn|14\n|\n|t:|1781377007\n|move|p1a: Jirachi|U-turn|p2a: Meganium\n|-supereffective|p2a: Meganium\n|-damage|p2a: Meganium|249/290\n|\n|t:|1781377013\n|switch|p1a: Malamar|Malamar, L82, M|275/275|[from] U-turn\n|move|p2a: Meganium|Earthquake|p1a: Malamar\n|-damage|p1a: Malamar|199/275\n|\n|-heal|p1a: Malamar|275/275|[from] move: Wish|[wisher] Jirachi\n|-heal|p2a: Meganium|267/290|[from] item: Leftovers\n|upkeep\n|turn|15\n|\n|t:|1781377024\n|switch|p2a: Alcremie|Alcremie, L90, F|263/263\n|move|p1a: Malamar|Superpower|p2a: Alcremie\n|-resisted|p2a: Alcremie\n|-damage|p2a: Alcremie|225/263\n|-boost|p1a: Malamar|atk|1\n|-boost|p1a: Malamar|def|1\n|\n|-heal|p2a: Alcremie|241/263|[from] item: Leftovers\n|upkeep\n|turn|16\n|\n|t:|1781377035\n|switch|p1a: Jirachi|Jirachi, L80|110/291 brn\n|move|p2a: Alcremie|Alluring Voice|p1a: Jirachi\n|-resisted|p1a: Jirachi\n|-damage|p1a: Jirachi|62/291 brn\n|\n|-heal|p2a: Alcremie|257/263|[from] item: Leftovers\n|-damage|p1a: Jirachi|44/291 brn|[from] brn\n|upkeep\n|turn|17\n|\n|t:|1781377044\n|move|p1a: Jirachi|Iron Head|p2a: Alcremie\n|-supereffective|p2a: Alcremie\n|-damage|p2a: Alcremie|176/263\n|cant|p2a: Alcremie|flinch\n|\n|-heal|p2a: Alcremie|192/263|[from] item: Leftovers\n|-damage|p1a: Jirachi|26/291 brn|[from] brn\n|upkeep\n|turn|18\n|\n|t:|1781377052\n|move|p1a: Jirachi|U-turn|p2a: Alcremie\n|-resisted|p2a: Alcremie\n|-damage|p2a: Alcremie|180/263\n|\n|t:|1781377058\n|switch|p1a: Drednaw|Drednaw, L81, M|278/278|[from] U-turn\n|move|p2a: Alcremie|Alluring Voice|p1a: Drednaw\n|-damage|p1a: Drednaw|146/278\n|\n|-heal|p2a: Alcremie|196/263|[from] item: Leftovers\n|upkeep\n|turn|19\n|\n|t:|1781377069\n|move|p1a: Drednaw|Shell Smash|p1a: Drednaw\n|-unboost|p1a: Drednaw|def|1\n|-unboost|p1a: Drednaw|spd|1\n|-boost|p1a: Drednaw|atk|2\n|-boost|p1a: Drednaw|spa|2\n|-boost|p1a: Drednaw|spe|2\n|-enditem|p1a: Drednaw|White Herb\n|-clearnegativeboost|p1a: Drednaw|[silent]\n|move|p2a: Alcremie|Alluring Voice|p1a: Drednaw\n|-damage|p1a: Drednaw|17/278\n|-start|p1a: Drednaw|confusion\n|\n|-heal|p2a: Alcremie|212/263|[from] item: Leftovers\n|upkeep\n|turn|20\n|\n|t:|1781377081\n|switch|p2a: Alomomola|Alomomola, L87, M|429/429\n|-activate|p1a: Drednaw|confusion\n|-damage|p1a: Drednaw|0 fnt|[from] confusion\n|faint|p1a: Drednaw\n|\n|upkeep\n|-message|soap_trusted_you forfeited.\n|\n|win|Lyfie\n", "inputlog": ">version a8376a258c1d4662feba110a92103f3664a72141\n>start {\"formatid\":\"gen9randombattle\",\"seed\":\"sodium,bb5cc9ad01b5405fdced94cf913af235\",\"rated\":\"Rated battle\"}\n>player p1 {\"name\":\"soap_trusted_you\",\"avatar\":\"worker\",\"rating\":1938,\"seed\":\"sodium,7842b9be8f1b4e5d49f70521ea421cc9\"}\n>player p2 {\"name\":\"Lyfie\",\"avatar\":\"jasmine\",\"rating\":1940,\"seed\":\"sodium,356c76d7adb5fd22a3898a96afdc3b8d\"}\n>p1 switch 4\n>p2 move knockoff\n>p1 move ironhead\n>p2 switch 6\n>p1 move wish\n>p2 move scald\n>p1 move ironhead\n>p2 move flipturn\n>p1 move wish\n>p2 move flipturn\n>p2 switch 6\n>p1 move ironhead\n>p2 move swordsdance\n>p1 move uturn\n>p2 move knockoff\n>p1 switch 3\n>p1 move knockoff\n>p2 move petalblizzard\n>p1 switch 6\n>p1 move fireblast\n>p2 switch 6\n>p1 move spacialrend\n>p2 move flipturn\n>p2 switch 5\n>p1 switch 3\n>p2 move alluringvoice\n>p1 move ironhead\n>p2 switch 5\n>p1 move wish\n>p2 move flipturn\n>p2 switch 6\n>p1 move uturn\n>p2 move earthquake\n>p1 switch 2\n>p1 move superpower\n>p2 switch 5\n>p1 switch 2\n>p2 move alluringvoice\n>p1 move ironhead\n>p2 move alluringvoice\n>p1 move uturn\n>p2 move alluringvoice\n>p1 switch 4\n>p1 move shellsmash\n>p2 move alluringvoice\n>p1 move stoneedge\n>p2 switch 6\n>forcelose p1", "uploadtime": 1781376797, "views": 7, "formatid": "gen9randombattle", "rating": null, "private": 0, "password": null}