{"id": "gen9randombattle-2631635298", "format": "[Gen 9] Random Battle", "players": ["Lujay7", "TandemUnicycle"], "log": "|j|\u2606Lujay7\n|j|\u2606TandemUnicycle\n|t:|1781412390\n|gametype|singles\n|player|p1|Lujay7|2|1991\n|player|p2|TandemUnicycle|grimsley|1916\n|gen|9\n|tier|[Gen 9] Random Battle\n|rated|\n|rule|Species Clause: Limit one of each Pok\u00e9mon\n|rule|HP Percentage Mod: HP is shown in percentages\n|rule|Sleep Clause Mod: Limit one foe put to sleep\n|rule|Illusion Level Mod: Illusion disguises the Pok\u00e9mon's true level\n|\n|t:|1781412390\n|teamsize|p1|6\n|teamsize|p2|6\n|start\n|switch|p1a: Calyrex|Calyrex-Shadow, L64|235/235\n|switch|p2a: Misdreavus|Misdreavus, L90, F|254/254\n|-ability|p1a: Calyrex|As One\n|-ability|p1a: Calyrex|Unnerve\n|turn|1\n|inactive|Battle timer is ON: inactive players will automatically lose when time's up. (requested by Lujay7)\n|j| A KlNG\n|inactive|Lujay7 has 120 seconds left.\n|\n|t:|1781412438\n|switch|p1a: Goodra|Goodra-Hisui, L82, F|265/265\n|move|p2a: Misdreavus|Shadow Ball|p1a: Goodra\n|-damage|p1a: Goodra|222/265\n|-unboost|p1a: Goodra|spd|1\n|\n|upkeep\n|turn|2\n|\n|t:|1781412458\n|move|p2a: Misdreavus|Will-O-Wisp|p1a: Goodra\n|-status|p1a: Goodra|brn\n|move|p1a: Goodra|Heavy Slam|p2a: Misdreavus\n|-damage|p2a: Misdreavus|203/254\n|\n|-damage|p1a: Goodra|206/265 brn|[from] brn\n|upkeep\n|turn|3\n|\n|t:|1781412463\n|move|p2a: Misdreavus|Calm Mind|p2a: Misdreavus\n|-boost|p2a: Misdreavus|spa|1\n|-boost|p2a: Misdreavus|spd|1\n|move|p1a: Goodra|Dragon Tail|p2a: Misdreavus\n|-damage|p2a: Misdreavus|177/254\n|drag|p2a: Espathra|Espathra, L80, F|283/283\n|\n|-damage|p1a: Goodra|190/265 brn|[from] brn\n|upkeep\n|turn|4\n|\n|t:|1781412490\n|switch|p2a: Orthworm|Orthworm, L88, F|266/266\n|move|p1a: Goodra|Dragon Tail|p2a: Orthworm\n|-resisted|p2a: Orthworm\n|-damage|p2a: Orthworm|256/266\n|drag|p2a: Zacian|Zacian, L69|241/241\n|-ability|p2a: Zacian|Intrepid Sword|boost\n|-boost|p2a: Zacian|atk|1\n|\n|-damage|p1a: Goodra|174/265 brn|[from] brn\n|upkeep\n|turn|5\n|inactive|TandemUnicycle has 120 seconds left.\n|\n|t:|1781412533\n|switch|p1a: Hitmontop|Hitmontop, L88, M|231/231\n|-ability|p1a: Hitmontop|Intimidate|boost\n|-unboost|p2a: Zacian|atk|1\n|move|p2a: Zacian|Swords Dance|p2a: Zacian\n|-boost|p2a: Zacian|atk|2\n|\n|upkeep\n|turn|6\n|\n|t:|1781412552\n|switch|p1a: Revavroom|Revavroom, L79, F|256/256\n|move|p2a: Zacian|Play Rough|p1a: Revavroom\n|-resisted|p1a: Revavroom\n|-damage|p1a: Revavroom|203/256\n|-damage|p2a: Zacian|217/241|[from] item: Life Orb\n|\n|upkeep\n|turn|7\n|inactive|TandemUnicycle has 120 seconds left.\n|\n|t:|1781412565\n|switch|p2a: Orthworm|Orthworm, L88, F|256/266\n|move|p1a: Revavroom|Iron Head|p2a: Orthworm\n|-resisted|p2a: Orthworm\n|-damage|p2a: Orthworm|216/266\n|-damage|p1a: Revavroom|178/256|[from] item: Life Orb\n|\n|-heal|p2a: Orthworm|232/266|[from] item: Leftovers\n|upkeep\n|turn|8\n|inactive|TandemUnicycle has 120 seconds left.\n|inactive|Lujay7 has 120 seconds left.\n|\n|t:|1781412589\n|switch|p1a: Hitmontop|Hitmontop, L88, M|231/231\n|-ability|p1a: Hitmontop|Intimidate|boost\n|-unboost|p2a: Orthworm|atk|1\n|move|p2a: Orthworm|Stealth Rock|p1a: Hitmontop\n|-sidestart|p1: Lujay7|move: Stealth Rock\n|\n|-heal|p2a: Orthworm|248/266|[from] item: Leftovers\n|upkeep\n|turn|9\n|inactive|Lujay7 has 120 seconds left.\n|inactive|TandemUnicycle has 120 seconds left.\n|\n|t:|1781412609\n|switch|p1a: Calyrex|Calyrex-Shadow, L64|235/235\n|-ability|p1a: Calyrex|As One\n|-ability|p1a: Calyrex|Unnerve\n|-damage|p1a: Calyrex|206/235|[from] Stealth Rock\n|switch|p2a: Misdreavus|Misdreavus, L90, F|177/254\n|\n|upkeep\n|turn|10\n|inactive|TandemUnicycle has 120 seconds left.\n|inactive|Lujay7 has 120 seconds left.\n|\n|t:|1781412624\n|-terastallize|p1a: Calyrex|Dark\n|-terastallize|p2a: Misdreavus|Fairy\n|move|p1a: Calyrex|Nasty Plot|p1a: Calyrex\n|-boost|p1a: Calyrex|spa|2\n|move|p2a: Misdreavus|Calm Mind|p2a: Misdreavus\n|-boost|p2a: Misdreavus|spa|1\n|-boost|p2a: Misdreavus|spd|1\n|\n|upkeep\n|turn|11\n|inactive|TandemUnicycle has 120 seconds left.\n|\n|t:|1781412629\n|move|p1a: Calyrex|Psyshock|p2a: Misdreavus\n|-damage|p2a: Misdreavus|5/254\n|-damage|p1a: Calyrex|183/235|[from] item: Life Orb\n|move|p2a: Misdreavus|Draining Kiss|p1a: Calyrex\n|-supereffective|p1a: Calyrex\n|-damage|p1a: Calyrex|0 fnt\n|-heal|p2a: Misdreavus|142/254|[from] drain|[of] p1a: Calyrex\n|faint|p1a: Calyrex\n|\n|upkeep\n|\n|t:|1781412635\n|switch|p1a: Revavroom|Revavroom, L79, F|178/256\n|-damage|p1a: Revavroom|162/256|[from] Stealth Rock\n|turn|12\n|\n|t:|1781412641\n|switch|p2a: Orthworm|Orthworm, L88, F|248/266\n|move|p1a: Revavroom|Iron Head|p2a: Orthworm\n|-resisted|p2a: Orthworm\n|-damage|p2a: Orthworm|214/266\n|-damage|p1a: Revavroom|137/256|[from] item: Life Orb\n|\n|-heal|p2a: Orthworm|230/266|[from] item: Leftovers\n|upkeep\n|turn|13\n|\n|t:|1781412655\n|switch|p1a: Hitmontop|Hitmontop, L88, M|231/231\n|-damage|p1a: Hitmontop|217/231|[from] Stealth Rock\n|-ability|p1a: Hitmontop|Intimidate|boost\n|-unboost|p2a: Orthworm|atk|1\n|switch|p2a: Zacian|Zacian, L69|217/241\n|\n|upkeep\n|turn|14\n|\n|t:|1781412662\n|move|p2a: Zacian|Play Rough|p1a: Hitmontop\n|-supereffective|p1a: Hitmontop\n|-damage|p1a: Hitmontop|27/231\n|-damage|p2a: Zacian|193/241|[from] item: Life Orb\n|move|p1a: Hitmontop|Rapid Spin|p2a: Zacian\n|-damage|p2a: Zacian|151/241\n|-boost|p1a: Hitmontop|spe|1\n|-sideend|p1: Lujay7|Stealth Rock|[from] move: Rapid Spin|[of] p1a: Hitmontop\n|\n|upkeep\n|turn|15\n|\n|t:|1781412670\n|move|p1a: Hitmontop|Earthquake|p2a: Zacian\n|-damage|p2a: Zacian|70/241\n|move|p2a: Zacian|Wild Charge|p1a: Hitmontop\n|-damage|p1a: Hitmontop|0 fnt\n|faint|p1a: Hitmontop\n|-damage|p2a: Zacian|63/241|[from] Recoil\n|-damage|p2a: Zacian|39/241|[from] item: Life Orb\n|\n|upkeep\n|\n|t:|1781412693\n|switch|p1a: Comfey|Comfey, L85, M|225/225\n|turn|16\n|\n|t:|1781412706\n|switch|p2a: Orthworm|Orthworm, L88, F|230/266\n|move|p1a: Comfey|Draining Kiss|p2a: Orthworm\n|-resisted|p2a: Orthworm\n|-damage|p2a: Orthworm|196/266\n|\n|-heal|p2a: Orthworm|212/266|[from] item: Leftovers\n|upkeep\n|turn|17\n|-message|Lujay7 forfeited.\n|\n|win|TandemUnicycle\n", "inputlog": ">version a8376a258c1d4662feba110a92103f3664a72141\n>start {\"formatid\":\"gen9randombattle\",\"seed\":\"sodium,39d40f2063953ff0628628904540a39d\",\"rated\":\"Rated battle\"}\n>player p1 {\"name\":\"Lujay7\",\"avatar\":\"2\",\"rating\":1991,\"seed\":\"sodium,a4af94153e81222c36bb7dd7417a1926\"}\n>player p2 {\"name\":\"TandemUnicycle\",\"avatar\":\"grimsley\",\"rating\":1916,\"seed\":\"sodium,55d17ff3c017bc7830ca93fd4101a43f\"}\n>p1 switch 6\n>p2 move shadowball\n>p1 move heavyslam\n>p2 move willowisp\n>p1 move dragontail\n>p2 move calmmind\n>p1 move dragontail\n>p2 switch 4\n>p1 switch 5\n>p2 move swordsdance\n>p1 switch 4\n>p2 move playrough\n>p1 move ironhead\n>p2 switch 2\n>p1 switch 4\n>p2 move stealthrock\n>p1 switch 6\n>p2 switch 5\n>p1 move nastyplot terastallize\n>p2 move calmmind terastallize\n>p1 move psyshock\n>p2 move drainingkiss\n>p1 switch 4\n>p1 move ironhead\n>p2 switch 5\n>p1 switch 6\n>p2 switch 2\n>p1 move rapidspin\n>p2 move playrough\n>p1 move earthquake\n>p2 move wildcharge\n>p1 switch 2\n>p1 move drainingkiss\n>p2 switch 2\n>forcelose p1", "uploadtime": 1781412392, "views": 5, "formatid": "gen9randombattle", "rating": null, "private": 0, "password": null}