{"id": "gen9randombattle-2631988600", "format": "[Gen 9] Random Battle", "players": ["philschmil", "PTSree"], "log": "|j|\u2606philschmil\n|j|\u2606PTSree\n|t:|1781463228\n|gametype|singles\n|player|p1|philschmil|alder|1963\n|player|p2|PTSree|169|1912\n|gen|9\n|tier|[Gen 9] Random Battle\n|rated|\n|rule|Species Clause: Limit one of each Pok\u00e9mon\n|rule|HP Percentage Mod: HP is shown in percentages\n|rule|Sleep Clause Mod: Limit one foe put to sleep\n|rule|Illusion Level Mod: Illusion disguises the Pok\u00e9mon's true level\n|\n|t:|1781463228\n|teamsize|p1|6\n|teamsize|p2|6\n|start\n|switch|p1a: Decidueye|Decidueye, L88, M|281/281\n|switch|p2a: Rotom|Rotom-Frost, L87|229/229\n|turn|1\n|inactive|Battle timer is ON: inactive players will automatically lose when time's up. (requested by philschmil)\n|inactive|philschmil has 120 seconds left.\n|\n|t:|1781463262\n|switch|p1a: Latias|Latias, L79, F|256/256\n|move|p2a: Rotom|Volt Switch|p1a: Latias\n|-resisted|p1a: Latias\n|-damage|p1a: Latias|221/256\n|inactive|PTSree has 120 seconds left.\n|\n|t:|1781463301\n|switch|p2a: Sneasler|Sneasler, L74, M|240/240|[from] Volt Switch\n|\n|upkeep\n|turn|2\n|\n|t:|1781463307\n|move|p2a: Sneasler|U-turn|p1a: Latias\n|-supereffective|p1a: Latias\n|-damage|p1a: Latias|77/256\n|-status|p1a: Latias|psn|[from] ability: Poison Touch|[of] p2a: Sneasler\n|\n|t:|1781463315\n|switch|p2a: Rotom|Rotom-Frost, L87|229/229|[from] U-turn\n|move|p1a: Latias|Psyshock|p2a: Rotom\n|-damage|p2a: Rotom|142/229\n|\n|-damage|p1a: Latias|45/256 psn|[from] psn\n|upkeep\n|turn|3\n|\n|t:|1781463321\n|move|p1a: Latias|Draco Meteor|p2a: Rotom\n|-damage|p2a: Rotom|7/229\n|-unboost|p1a: Latias|spa|2\n|move|p2a: Rotom|Blizzard|p1a: Latias\n|-supereffective|p1a: Latias\n|-damage|p1a: Latias|0 fnt\n|faint|p1a: Latias\n|\n|upkeep\n|\n|t:|1781463325\n|switch|p1a: Scizor|Scizor, L79, F|240/240\n|turn|4\n|\n|t:|1781463338\n|move|p1a: Scizor|Bullet Punch|p2a: Rotom\n|-damage|p2a: Rotom|0 fnt\n|faint|p2a: Rotom\n|\n|upkeep\n|\n|t:|1781463353\n|switch|p2a: Keldeo|Keldeo-Resolute, L79|273/273\n|turn|5\n|\n|t:|1781463363\n|switch|p2a: Noctowl|Noctowl, L95, M|344/344\n|switch|p1a: Amoonguss|Amoonguss, L82, M|321/321\n|\n|upkeep\n|turn|6\n|\n|t:|1781463371\n|move|p2a: Noctowl|Nasty Plot|p2a: Noctowl\n|-boost|p2a: Noctowl|spa|2\n|move|p1a: Amoonguss|Spore|p2a: Noctowl\n|-status|p2a: Noctowl|slp|[from] move: Spore\n|\n|upkeep\n|turn|7\n|\n|t:|1781463376\n|switch|p1a: Hypno|Hypno, L95, M|315/315\n|cant|p2a: Noctowl|slp\n|\n|upkeep\n|turn|8\n|\n|t:|1781463381\n|-curestatus|p2a: Noctowl|slp|[msg]\n|move|p2a: Noctowl|Hyper Voice|p1a: Hypno\n|-damage|p1a: Hypno|165/315\n|move|p1a: Hypno|Psychic Noise|p2a: Noctowl\n|-damage|p2a: Noctowl|280/344\n|-start|p2a: Noctowl|move: Heal Block\n|\n|-heal|p1a: Hypno|184/315|[from] item: Leftovers\n|upkeep\n|turn|9\n|\n|t:|1781463386\n|move|p2a: Noctowl|Hurricane|p1a: Hypno\n|-damage|p1a: Hypno|0 fnt\n|faint|p1a: Hypno\n|\n|-end|p2a: Noctowl|move: Heal Block\n|upkeep\n|\n|t:|1781463394\n|switch|p1a: Zamazenta|Zamazenta, L71|248/248\n|-ability|p1a: Zamazenta|Dauntless Shield|boost\n|-boost|p1a: Zamazenta|def|1\n|turn|10\n|\n|t:|1781463410\n|move|p1a: Zamazenta|Close Combat|p2a: Noctowl\n|-damage|p2a: Noctowl|76/344\n|-unboost|p1a: Zamazenta|def|1\n|-unboost|p1a: Zamazenta|spd|1\n|move|p2a: Noctowl|Hurricane|p1a: Zamazenta\n|-supereffective|p1a: Zamazenta\n|-damage|p1a: Zamazenta|0 fnt\n|faint|p1a: Zamazenta\n|\n|upkeep\n|\n|t:|1781463425\n|switch|p1a: Scizor|Scizor, L79, F|240/240\n|turn|11\n|\n|t:|1781463436\n|switch|p2a: Keldeo|Keldeo-Resolute, L79|273/273\n|move|p1a: Scizor|Bullet Punch|p2a: Keldeo\n|-resisted|p2a: Keldeo\n|-damage|p2a: Keldeo|215/273\n|\n|-heal|p2a: Keldeo|232/273|[from] item: Leftovers\n|upkeep\n|turn|12\n|\n|t:|1781463449\n|switch|p1a: Amoonguss|Amoonguss, L82, M|321/321\n|move|p2a: Keldeo|Hydro Pump|p1a: Amoonguss\n|-resisted|p1a: Amoonguss\n|-damage|p1a: Amoonguss|252/321\n|\n|-heal|p2a: Keldeo|249/273|[from] item: Leftovers\n|upkeep\n|turn|13\n|\n|t:|1781463460\n|switch|p2a: Lugia|Lugia, L73|275/275\n|move|p1a: Amoonguss|Spore|p2a: Lugia\n|-status|p2a: Lugia|slp|[from] move: Spore\n|\n|upkeep\n|turn|14\n|\n|t:|1781463468\n|switch|p1a: Scizor|Scizor, L79, F|240/240\n|cant|p2a: Lugia|slp\n|\n|upkeep\n|turn|15\n|\n|t:|1781463476\n|cant|p2a: Lugia|slp\n|move|p1a: Scizor|Knock Off|p2a: Lugia\n|-supereffective|p2a: Lugia\n|-damage|p2a: Lugia|180/275 slp\n|-enditem|p2a: Lugia|Heavy-Duty Boots|[from] move: Knock Off|[of] p1a: Scizor\n|\n|upkeep\n|turn|16\n|\n|t:|1781463484\n|-curestatus|p2a: Lugia|slp|[msg]\n|move|p2a: Lugia|Recover|p2a: Lugia\n|-heal|p2a: Lugia|275/275\n|move|p1a: Scizor|Knock Off|p2a: Lugia\n|-supereffective|p2a: Lugia\n|-damage|p2a: Lugia|211/275\n|\n|upkeep\n|turn|17\n|\n|t:|1781463488\n|move|p2a: Lugia|Calm Mind|p2a: Lugia\n|-boost|p2a: Lugia|spa|1\n|-boost|p2a: Lugia|spd|1\n|move|p1a: Scizor|Knock Off|p2a: Lugia\n|-supereffective|p2a: Lugia\n|-crit|p2a: Lugia\n|-damage|p2a: Lugia|21/275\n|\n|upkeep\n|turn|18\n|\n|t:|1781463492\n|move|p2a: Lugia|Recover|p2a: Lugia\n|-heal|p2a: Lugia|159/275\n|move|p1a: Scizor|Knock Off|p2a: Lugia\n|-supereffective|p2a: Lugia\n|-damage|p2a: Lugia|27/275\n|\n|upkeep\n|turn|19\n|\n|t:|1781463502\n|move|p2a: Lugia|Aeroblast|p1a: Scizor\n|-damage|p1a: Scizor|101/240\n|move|p1a: Scizor|Knock Off|p2a: Lugia\n|-supereffective|p2a: Lugia\n|-damage|p2a: Lugia|0 fnt\n|faint|p2a: Lugia\n|\n|upkeep\n|inactive|PTSree has 120 seconds left.\n|\n|t:|1781463532\n|switch|p2a: Sneasler|Sneasler, L74, M|240/240\n|turn|20\n|\n|t:|1781463558\n|switch|p1a: Amoonguss|Amoonguss, L82, M|321/321\n|move|p2a: Sneasler|U-turn|p1a: Amoonguss\n|-damage|p1a: Amoonguss|225/321\n|-damage|p2a: Sneasler|200/240|[from] item: Rocky Helmet|[of] p1a: Amoonguss\n|\n|t:|1781463567\n|switch|p2a: Noctowl|Noctowl, L95, M|76/344|[from] U-turn\n|\n|upkeep\n|turn|21\n|inactive|philschmil has 120 seconds left.\n|\n|t:|1781463587\n|-terastallize|p1a: Amoonguss|Water\n|move|p2a: Noctowl|Roost|p2a: Noctowl\n|-heal|p2a: Noctowl|248/344\n|-singleturn|p2a: Noctowl|move: Roost\n|move|p1a: Amoonguss|Spore|p2a: Noctowl\n|-status|p2a: Noctowl|slp|[from] move: Spore\n|\n|upkeep\n|turn|22\n|\n|t:|1781463597\n|switch|p1a: Scizor|Scizor, L79, F|101/240\n|cant|p2a: Noctowl|slp\n|\n|upkeep\n|turn|23\n|inactive|PTSree has 120 seconds left.\n|\n|t:|1781463628\n|switch|p2a: Keldeo|Keldeo-Resolute, L79|249/273\n|move|p1a: Scizor|Bullet Punch|p2a: Keldeo\n|-resisted|p2a: Keldeo\n|-damage|p2a: Keldeo|190/273\n|\n|-heal|p2a: Keldeo|207/273|[from] item: Leftovers\n|upkeep\n|turn|24\n|inactive|PTSree has 120 seconds left.\n|\n|t:|1781463638\n|switch|p1a: Amoonguss|Amoonguss, L82, M, tera:Water|321/321\n|move|p2a: Keldeo|Hydro Pump|p1a: Amoonguss|[miss]\n|-miss|p2a: Keldeo|p1a: Amoonguss\n|\n|-heal|p2a: Keldeo|224/273|[from] item: Leftovers\n|upkeep\n|turn|25\n|inactive|PTSree has 120 seconds left.\n|\n|t:|1781463675\n|switch|p2a: Sneasler|Sneasler, L74, M|200/240\n|move|p1a: Amoonguss|Giga Drain|p2a: Sneasler\n|-resisted|p2a: Sneasler\n|-damage|p2a: Sneasler|155/240\n|\n|upkeep\n|turn|26\n|\n|t:|1781463685\n|move|p2a: Sneasler|Dire Claw|p1a: Amoonguss\n|-damage|p1a: Amoonguss|176/321\n|-status|p1a: Amoonguss|psn\n|-damage|p2a: Sneasler|115/240|[from] item: Rocky Helmet|[of] p1a: Amoonguss\n|move|p1a: Amoonguss|Sludge Bomb|p2a: Sneasler\n|-resisted|p2a: Sneasler\n|-damage|p2a: Sneasler|64/240\n|\n|-damage|p1a: Amoonguss|136/321 psn|[from] psn\n|upkeep\n|turn|27\n|\n|t:|1781463696\n|switch|p2a: Keldeo|Keldeo-Resolute, L79|224/273\n|switch|p1a: Scizor|Scizor, L79, F|101/240\n|\n|-heal|p2a: Keldeo|241/273|[from] item: Leftovers\n|upkeep\n|turn|28\n|\n|t:|1781463701\n|switch|p1a: Amoonguss|Amoonguss, L82, M, tera:Water|243/321 psn\n|move|p2a: Keldeo|Secret Sword|p1a: Amoonguss\n|-damage|p1a: Amoonguss|123/321 psn\n|\n|-heal|p2a: Keldeo|258/273|[from] item: Leftovers\n|-damage|p1a: Amoonguss|83/321 psn|[from] psn\n|upkeep\n|turn|29\n|\n|t:|1781463713\n|switch|p2a: Noctowl|Noctowl, L95, M|248/344 slp\n|move|p1a: Amoonguss|Giga Drain|p2a: Noctowl\n|-resisted|p2a: Noctowl\n|-damage|p2a: Noctowl|219/344 slp\n|-heal|p1a: Amoonguss|98/321 psn|[from] drain|[of] p2a: Noctowl\n|\n|-damage|p1a: Amoonguss|58/321 psn|[from] psn\n|upkeep\n|turn|30\n|\n|t:|1781463719\n|switch|p1a: Scizor|Scizor, L79, F|101/240\n|cant|p2a: Noctowl|slp\n|\n|upkeep\n|turn|31\n|\n|t:|1781463725\n|switch|p2a: Keldeo|Keldeo-Resolute, L79|258/273\n|move|p1a: Scizor|Bullet Punch|p2a: Keldeo\n|-resisted|p2a: Keldeo\n|-damage|p2a: Keldeo|205/273\n|\n|-heal|p2a: Keldeo|222/273|[from] item: Leftovers\n|upkeep\n|turn|32\n|\n|t:|1781463739\n|switch|p1a: Decidueye|Decidueye, L88, M|281/281\n|move|p2a: Keldeo|Secret Sword|p1a: Decidueye\n|-immune|p1a: Decidueye\n|\n|-heal|p2a: Keldeo|239/273|[from] item: Leftovers\n|upkeep\n|turn|33\n|\n|t:|1781463747\n|switch|p2a: Noctowl|Noctowl, L95, M|219/344 slp\n|move|p1a: Decidueye|Swords Dance|p1a: Decidueye\n|-boost|p1a: Decidueye|atk|2\n|\n|upkeep\n|turn|34\n|\n|t:|1781463751\n|-curestatus|p2a: Noctowl|slp|[msg]\n|move|p2a: Noctowl|Hurricane|p1a: Decidueye\n|-supereffective|p1a: Decidueye\n|-damage|p1a: Decidueye|53/281\n|move|p1a: Decidueye|Leaf Blade|p2a: Noctowl\n|-resisted|p2a: Noctowl\n|-damage|p2a: Noctowl|0 fnt\n|faint|p2a: Noctowl\n|-damage|p1a: Decidueye|25/281|[from] item: Life Orb\n|\n|upkeep\n|\n|t:|1781463762\n|switch|p2a: Keldeo|Keldeo-Resolute, L79|239/273\n|turn|35\n|\n|t:|1781463775\n|switch|p1a: Amoonguss|Amoonguss, L82, M, tera:Water|165/321 psn\n|move|p2a: Keldeo|Hydro Pump|p1a: Amoonguss\n|-resisted|p1a: Amoonguss\n|-damage|p1a: Amoonguss|93/321 psn\n|\n|-heal|p2a: Keldeo|256/273|[from] item: Leftovers\n|-damage|p1a: Amoonguss|53/321 psn|[from] psn\n|upkeep\n|turn|36\n|\n|t:|1781463786\n|move|p2a: Keldeo|Secret Sword|p1a: Amoonguss\n|-damage|p1a: Amoonguss|0 fnt\n|faint|p1a: Amoonguss\n|\n|-heal|p2a: Keldeo|273/273|[from] item: Leftovers\n|upkeep\n|\n|t:|1781463792\n|switch|p1a: Scizor|Scizor, L79, F|101/240\n|turn|37\n|\n|t:|1781463795\n|move|p2a: Keldeo|Hydro Pump|p1a: Scizor\n|-damage|p1a: Scizor|0 fnt\n|faint|p1a: Scizor\n|\n|upkeep\n|l|\u2606philschmil\n|inactive|philschmil disconnected and has a minute to reconnect!\n|player|p1|\n|inactive|philschmil has 30 seconds to reconnect!\n|inactive|philschmil has 20 seconds to reconnect!\n|inactive|philschmil has 15 seconds to reconnect!\n|inactive|philschmil has 10 seconds to reconnect!\n|inactive|philschmil has 5 seconds to reconnect!\n|-message|philschmil lost due to inactivity.\n|\n|win|PTSree\n", "inputlog": ">version a8376a258c1d4662feba110a92103f3664a72141\n>start {\"formatid\":\"gen9randombattle\",\"seed\":\"sodium,cce712b1f8ecc96cdd156cef834d95c6\",\"rated\":\"Rated battle\"}\n>player p1 {\"name\":\"philschmil\",\"avatar\":\"alder\",\"rating\":1963,\"seed\":\"sodium,d4268bff5c2d231cb3318c686d5b9334\"}\n>player p2 {\"name\":\"PTSree\",\"avatar\":\"169\",\"rating\":1912,\"seed\":\"sodium,33b77cd7c3d9781b805753abdedfaf4f\"}\n>p1 switch 3\n>p2 move voltswitch\n>p2 switch 5\n>p1 move psyshock\n>p2 move uturn\n>p2 switch 5\n>p1 move dracometeor\n>p2 move blizzard\n>p1 switch 5\n>p1 move bulletpunch\n>p2 move voltswitch\n>p2 switch 6\n>p1 switch 4\n>p2 switch 4\n>p1 move spore\n>p2 move nastyplot\n>p1 switch 2\n>p2 move hurricane\n>p1 move psychicnoise\n>p2 move hypervoice\n>p1 move toxic\n>p2 move hurricane\n>p1 switch 6\n>p1 move closecombat\n>p2 move hurricane\n>p1 switch 4\n>p1 move bulletpunch\n>p2 switch 4\n>p1 switch 2\n>p2 move hydropump\n>p1 move spore\n>p2 switch 2\n>p1 switch 2\n>p2 move calmmind\n>p1 move knockoff\n>p2 move calmmind\n>p1 move knockoff\n>p2 move recover\n>p1 move knockoff\n>p2 move calmmind\n>p1 move knockoff\n>p2 move recover\n>p1 move knockoff\n>p2 move aeroblast\n>p2 switch 5\n>p1 switch 2\n>p2 move uturn\n>p2 switch 4\n>p1 move spore terastallize\n>p2 move roost\n>p1 switch 2\n>p2 move roost\n>p1 move bulletpunch\n>p2 switch 2\n>p1 switch 2\n>p2 move hydropump\n>p1 move gigadrain\n>p2 switch 4\n>p1 move sludgebomb\n>p2 move direclaw\n>p1 switch 2\n>p2 switch 4\n>p1 switch 2\n>p2 move secretsword\n>p1 move gigadrain\n>p2 switch 2\n>p1 switch 2\n>p2 move hypervoice\n>p1 move bulletpunch\n>p2 switch 2\n>p1 switch 3\n>p2 move secretsword\n>p1 move swordsdance\n>p2 switch 2\n>p1 move leafblade\n>p2 move hurricane\n>p2 switch 2\n>p1 switch 2\n>p2 move hydropump\n>p1 move gigadrain\n>p2 move secretsword\n>p1 switch 3\n>p1 move closecombat\n>p2 move hydropump\n>forcelose p1", "uploadtime": 1781463230, "views": 5, "formatid": "gen9randombattle", "rating": null, "private": 0, "password": null}