{"id": "gen9randombattle-2631423379", "format": "[Gen 9] Random Battle", "players": ["kingslugma13", "Minkkeye"], "log": "|j|\u2606kingslugma13\n|j|\u2606Minkkeye\n|t:|1781382860\n|gametype|singles\n|player|p1|kingslugma13|2|\n|player|p2|Minkkeye|ltsurge|\n|gen|9\n|tier|[Gen 9] Random Battle\n|rule|Species Clause: Limit one of each Pok\u00e9mon\n|rule|HP Percentage Mod: HP is shown in percentages\n|rule|Sleep Clause Mod: Limit one foe put to sleep\n|rule|Illusion Level Mod: Illusion disguises the Pok\u00e9mon's true level\n|\n|t:|1781382860\n|teamsize|p1|6\n|teamsize|p2|6\n|start\n|switch|p1a: Altaria|Altaria, L89, F|278/278\n|switch|p2a: Volcanion|Volcanion, L79|255/255\n|turn|1\n|inactive|Battle timer is ON: inactive players will automatically lose when time's up. (requested by kingslugma13)\n|\n|t:|1781382877\n|move|p1a: Altaria|Dragon Dance|p1a: Altaria\n|-boost|p1a: Altaria|atk|1\n|-boost|p1a: Altaria|spe|1\n|move|p2a: Volcanion|Flame Charge|p1a: Altaria\n|-resisted|p1a: Altaria\n|-damage|p1a: Altaria|254/278\n|-boost|p2a: Volcanion|spe|1\n|\n|upkeep\n|turn|2\n|\n|t:|1781382892\n|move|p1a: Altaria|Dragon Dance|p1a: Altaria\n|-boost|p1a: Altaria|atk|1\n|-boost|p1a: Altaria|spe|1\n|move|p2a: Volcanion|Steam Eruption|p1a: Altaria\n|-resisted|p1a: Altaria\n|-damage|p1a: Altaria|201/278\n|-status|p1a: Altaria|brn\n|\n|-damage|p1a: Altaria|184/278 brn|[from] brn\n|upkeep\n|turn|3\n|l|\u2606kingslugma13\n|inactive|kingslugma13 disconnected and has 300 seconds to reconnect!\n|player|p1|\n|j|\u2606kingslugma13\n|inactive|kingslugma13 reconnected and has 295 seconds left.\n|player|p1|kingslugma13|2|\n|\n|t:|1781382917\n|switch|p2a: Clawitzer|Clawitzer, L87, M|265/265\n|move|p1a: Altaria|Dragon Dance|p1a: Altaria\n|-boost|p1a: Altaria|atk|1\n|-boost|p1a: Altaria|spe|1\n|\n|-damage|p1a: Altaria|167/278 brn|[from] brn\n|upkeep\n|turn|4\n|\n|t:|1781382925\n|move|p1a: Altaria|Roost|p1a: Altaria\n|-heal|p1a: Altaria|278/278 brn\n|-singleturn|p1a: Altaria|move: Roost\n|move|p2a: Clawitzer|Dragon Pulse|p1a: Altaria\n|-supereffective|p1a: Altaria\n|-damage|p1a: Altaria|108/278 brn\n|\n|-damage|p1a: Altaria|91/278 brn|[from] brn\n|upkeep\n|turn|5\n|\n|t:|1781382927\n|move|p1a: Altaria|Brave Bird|p2a: Clawitzer\n|-damage|p2a: Clawitzer|125/265\n|-damage|p1a: Altaria|45/278 brn|[from] Recoil\n|move|p2a: Clawitzer|Dragon Pulse|p1a: Altaria\n|-supereffective|p1a: Altaria\n|-damage|p1a: Altaria|0 fnt\n|faint|p1a: Altaria\n|\n|upkeep\n|\n|t:|1781382940\n|switch|p1a: Weavile|Weavile, L79, M|240/240\n|turn|6\n|\n|t:|1781382944\n|move|p1a: Weavile|Swords Dance|p1a: Weavile\n|-boost|p1a: Weavile|atk|2\n|move|p2a: Clawitzer|Aura Sphere|p1a: Weavile\n|-supereffective|p1a: Weavile\n|-crit|p1a: Weavile\n|-damage|p1a: Weavile|0 fnt\n|faint|p1a: Weavile\n|\n|upkeep\n|inactive|kingslugma13 has 270 seconds left.\n|\n|t:|1781382976\n|switch|p1a: Pelipper|Pelipper, L86, M|243/243\n|-weather|RainDance|[from] ability: Drizzle|[of] p1a: Pelipper\n|turn|7\n|\n|t:|1781382999\n|move|p1a: Pelipper|Hurricane|p2a: Clawitzer\n|-damage|p2a: Clawitzer|49/265\n|move|p2a: Clawitzer|Dragon Pulse|p1a: Pelipper\n|-damage|p1a: Pelipper|110/243\n|\n|-weather|RainDance|[upkeep]\n|upkeep\n|turn|8\n|\n|t:|1781383006\n|move|p1a: Pelipper|Knock Off|p2a: Clawitzer\n|-damage|p2a: Clawitzer|2/265\n|-enditem|p2a: Clawitzer|Assault Vest|[from] move: Knock Off|[of] p1a: Pelipper\n|move|p2a: Clawitzer|Dragon Pulse|p1a: Pelipper\n|-damage|p1a: Pelipper|0 fnt\n|faint|p1a: Pelipper\n|\n|-weather|RainDance|[upkeep]\n|upkeep\n|\n|t:|1781383014\n|switch|p1a: Jolteon|Jolteon, L84, F|246/246\n|turn|9\n|\n|t:|1781383029\n|move|p1a: Jolteon|Calm Mind|p1a: Jolteon\n|-boost|p1a: Jolteon|spa|1\n|-boost|p1a: Jolteon|spd|1\n|move|p2a: Clawitzer|Dragon Pulse|p1a: Jolteon\n|-damage|p1a: Jolteon|178/246\n|\n|-weather|RainDance|[upkeep]\n|-heal|p1a: Jolteon|193/246|[from] item: Leftovers\n|upkeep\n|turn|10\n|\n|t:|1781383039\n|move|p1a: Jolteon|Substitute|p1a: Jolteon\n|-start|p1a: Jolteon|Substitute\n|-damage|p1a: Jolteon|132/246\n|move|p2a: Clawitzer|Water Pulse|p1a: Jolteon\n|-end|p1a: Jolteon|Substitute\n|\n|-weather|RainDance|[upkeep]\n|-heal|p1a: Jolteon|147/246|[from] item: Leftovers\n|upkeep\n|turn|11\n|\n|t:|1781383044\n|move|p1a: Jolteon|Thunderbolt|p2a: Clawitzer\n|-supereffective|p2a: Clawitzer\n|-damage|p2a: Clawitzer|0 fnt\n|faint|p2a: Clawitzer\n|\n|-weather|none\n|-heal|p1a: Jolteon|162/246|[from] item: Leftovers\n|upkeep\n|\n|t:|1781383050\n|switch|p2a: Metagross|Metagross, L79|256/256\n|turn|12\n|\n|t:|1781383059\n|-terastallize|p2a: Metagross|Ground\n|move|p1a: Jolteon|Substitute|p1a: Jolteon\n|-start|p1a: Jolteon|Substitute\n|-damage|p1a: Jolteon|101/246\n|move|p2a: Metagross|Earthquake|p1a: Jolteon\n|-supereffective|p1a: Jolteon\n|-end|p1a: Jolteon|Substitute\n|\n|-heal|p1a: Jolteon|116/246|[from] item: Leftovers\n|upkeep\n|turn|13\n|\n|t:|1781383067\n|-terastallize|p1a: Jolteon|Ice\n|move|p1a: Jolteon|Tera Blast|p2a: Metagross|[anim] Tera Blast Ice\n|-supereffective|p2a: Metagross\n|-damage|p2a: Metagross|0 fnt\n|faint|p2a: Metagross\n|\n|-heal|p1a: Jolteon|131/246|[from] item: Leftovers\n|upkeep\n|\n|t:|1781383078\n|switch|p2a: Iron Crown|Iron Crown, L78|268/268\n|turn|14\n|\n|t:|1781383083\n|move|p1a: Jolteon|Substitute|p1a: Jolteon\n|-start|p1a: Jolteon|Substitute\n|-damage|p1a: Jolteon|70/246\n|move|p2a: Iron Crown|Focus Blast|p1a: Jolteon|[miss]\n|-miss|p2a: Iron Crown|p1a: Jolteon\n|\n|-heal|p1a: Jolteon|85/246|[from] item: Leftovers\n|upkeep\n|turn|15\n|\n|t:|1781383096\n|move|p1a: Jolteon|Thunderbolt|p2a: Iron Crown\n|-damage|p2a: Iron Crown|121/268\n|-status|p2a: Iron Crown|par\n|move|p2a: Iron Crown|Tachyon Cutter|p1a: Jolteon\n|-supereffective|p1a: Jolteon\n|-end|p1a: Jolteon|Substitute\n|-supereffective|p1a: Jolteon\n|-damage|p1a: Jolteon|13/246\n|-hitcount|p1a: Jolteon|2\n|\n|-heal|p1a: Jolteon|28/246|[from] item: Leftovers\n|-heal|p2a: Iron Crown|137/268 par|[from] item: Leftovers\n|upkeep\n|turn|16\n|\n|t:|1781383101\n|move|p1a: Jolteon|Thunderbolt|p2a: Iron Crown\n|-damage|p2a: Iron Crown|0 fnt\n|faint|p2a: Iron Crown\n|-end|p2a: Iron Crown|Quark Drive|[silent]\n|\n|-heal|p1a: Jolteon|43/246|[from] item: Leftovers\n|upkeep\n|\n|t:|1781383130\n|switch|p2a: Lokix|Lokix, L82, F|251/251\n|turn|17\n|\n|t:|1781383138\n|switch|p1a: Slaking|Slaking, L84, F|389/389\n|move|p2a: Lokix|Sucker Punch||[still]\n|-fail|p2a: Lokix\n|\n|upkeep\n|turn|18\n|\n|t:|1781383147\n|move|p1a: Slaking|Giga Impact|p2a: Lokix\n|-damage|p2a: Lokix|0 fnt\n|-mustrecharge|p1a: Slaking\n|faint|p2a: Lokix\n|\n|upkeep\n|\n|t:|1781383158\n|switch|p2a: Altaria|Altaria, L89, M|278/278\n|turn|19\n|inactive|Minkkeye has 270 seconds left.\n|\n|t:|1781383186\n|cant|p1a: Slaking|recharge\n|move|p2a: Altaria|Brave Bird|p1a: Slaking\n|-damage|p1a: Slaking|283/389\n|-damage|p2a: Altaria|243/278|[from] Recoil\n|\n|upkeep\n|turn|20\n|inactive|Minkkeye has 270 seconds left.\n|\n|t:|1781383196\n|move|p1a: Slaking|Giga Impact|p2a: Altaria\n|-damage|p2a: Altaria|0 fnt\n|-mustrecharge|p1a: Slaking\n|faint|p2a: Altaria\n|\n|upkeep\n|\n|t:|1781383199\n|switch|p2a: Volcanion|Volcanion, L79|255/255\n|turn|21\n|\n|t:|1781383206\n|cant|p1a: Slaking|recharge\n|move|p2a: Volcanion|Flame Charge|p1a: Slaking\n|-damage|p1a: Slaking|232/389\n|-boost|p2a: Volcanion|spe|1\n|\n|upkeep\n|turn|22\n|\n|t:|1781383212\n|move|p2a: Volcanion|Steam Eruption|p1a: Slaking\n|-damage|p1a: Slaking|64/389\n|move|p1a: Slaking|Giga Impact|p2a: Volcanion\n|-damage|p2a: Volcanion|0 fnt\n|-mustrecharge|p1a: Slaking\n|faint|p2a: Volcanion\n|\n|win|kingslugma13\n", "inputlog": ">version a8376a258c1d4662feba110a92103f3664a72141\n>start {\"formatid\":\"gen9randombattle\",\"seed\":\"sodium,789e1fd92c379a7f6ec6419ba2f28928\"}\n>player p1 {\"name\":\"kingslugma13\",\"avatar\":\"2\",\"rating\":0,\"seed\":\"sodium,8318de5228adf489942efeb6f1cfbac6\"}\n>player p2 {\"name\":\"Minkkeye\",\"avatar\":\"ltsurge\",\"rating\":0,\"seed\":\"sodium,159d2713c3121e41c32d7d1a007c6a63\"}\n>p1 move dragondance\n>p2 move flamecharge\n>p1 move dragondance\n>p2 move steameruption\n>p1 move dragondance\n>p2 switch 3\n>p1 move roost\n>p2 move dragonpulse\n>p1 move bravebird\n>p2 move dragonpulse\n>p1 switch 3\n>p1 move swordsdance\n>p2 move aurasphere\n>p1 switch 4\n>p1 move hurricane\n>p2 move dragonpulse\n>p1 move knockoff\n>p2 move dragonpulse\n>p1 switch 6\n>p1 move calmmind\n>p2 move dragonpulse\n>p1 move substitute\n>p2 move waterpulse\n>p1 move thunderbolt\n>p2 move waterpulse\n>p2 switch 2\n>p1 move substitute\n>p2 move earthquake terastallize\n>p1 move terablast terastallize\n>p2 move earthquake\n>p2 switch 4\n>p1 move substitute\n>p2 move focusblast\n>p1 move thunderbolt\n>p2 move tachyoncutter\n>p1 move thunderbolt\n>p2 move tachyoncutter\n>p2 switch 5\n>p1 switch 5\n>p2 move suckerpunch\n>p1 move gigaimpact\n>p2 move knockoff\n>p2 switch 6\n>p1 move recharge\n>p2 move bravebird\n>p1 move gigaimpact\n>p2 move earthquake\n>p2 switch 3\n>p1 move recharge\n>p2 move flamecharge\n>p1 move gigaimpact\n>p2 move steameruption", "uploadtime": 1781383220, "views": 9, "formatid": "gen9randombattle", "rating": null, "private": 0, "password": null}