{"id": "gen9randombattle-2631397748", "format": "[Gen 9] Random Battle", "players": ["foolalmighty", "poiiuytrwq"], "log": "|j|\u2606foolalmighty\n|j|\u2606poiiuytrwq\n|t:|1781379826\n|gametype|singles\n|player|p1|foolalmighty|unknown|1105\n|player|p2|poiiuytrwq|102|1069\n|gen|9\n|tier|[Gen 9] Random Battle\n|rated|\n|rule|Species Clause: Limit one of each Pok\u00e9mon\n|rule|HP Percentage Mod: HP is shown in percentages\n|rule|Sleep Clause Mod: Limit one foe put to sleep\n|rule|Illusion Level Mod: Illusion disguises the Pok\u00e9mon's true level\n|\n|t:|1781379826\n|teamsize|p1|6\n|teamsize|p2|6\n|start\n|switch|p1a: Oinkologne|Oinkologne-F, L92, F|361/361\n|switch|p2a: Mabosstiff|Mabosstiff, L86, M|278/278\n|turn|1\n|inactive|Battle timer is ON: inactive players will automatically lose when time's up. (requested by poiiuytrwq)\n|inactive|poiiuytrwq has 120 seconds left.\n|\n|t:|1781379880\n|move|p2a: Mabosstiff|Crunch|p1a: Oinkologne\n|-damage|p1a: Oinkologne|247/361\n|move|p1a: Oinkologne|High Horsepower|p2a: Mabosstiff\n|-damage|p2a: Mabosstiff|208/278\n|\n|-heal|p1a: Oinkologne|269/361|[from] item: Leftovers\n|upkeep\n|turn|2\n|\n|t:|1781379892\n|switch|p2a: Trevenant|Trevenant, L89, M|296/296\n|move|p1a: Oinkologne|Double-Edge|p2a: Trevenant\n|-immune|p2a: Trevenant\n|\n|-heal|p1a: Oinkologne|291/361|[from] item: Leftovers\n|upkeep\n|turn|3\n|\n|t:|1781379904\n|move|p1a: Oinkologne|Lash Out|p2a: Trevenant\n|-supereffective|p2a: Trevenant\n|-damage|p2a: Trevenant|180/296\n|move|p2a: Trevenant|Horn Leech|p1a: Oinkologne\n|-damage|p1a: Oinkologne|155/361\n|-heal|p2a: Trevenant|248/296|[from] drain|[of] p1a: Oinkologne\n|-damage|p2a: Trevenant|219/296|[from] item: Life Orb\n|\n|-heal|p1a: Oinkologne|177/361|[from] item: Leftovers\n|upkeep\n|turn|4\n|\n|t:|1781379919\n|move|p1a: Oinkologne|Lash Out|p2a: Trevenant\n|-supereffective|p2a: Trevenant\n|-damage|p2a: Trevenant|101/296\n|move|p2a: Trevenant|Drain Punch|p1a: Oinkologne\n|-supereffective|p1a: Oinkologne\n|-damage|p1a: Oinkologne|0 fnt\n|-heal|p2a: Trevenant|190/296|[from] drain|[of] p1a: Oinkologne\n|faint|p1a: Oinkologne\n|-damage|p2a: Trevenant|161/296|[from] item: Life Orb\n|\n|upkeep\n|\n|t:|1781379926\n|switch|p1a: Magmortar|Magmortar, L88, F|275/275\n|turn|5\n|\n|t:|1781379940\n|switch|p2a: Blastoise|Blastoise, L80, M|258/258\n|move|p1a: Magmortar|Fire Blast|p2a: Blastoise\n|-resisted|p2a: Blastoise\n|-damage|p2a: Blastoise|192/258\n|\n|upkeep\n|turn|6\n|\n|t:|1781379958\n|move|p1a: Magmortar|Thunderbolt|p2a: Blastoise\n|-supereffective|p2a: Blastoise\n|-damage|p2a: Blastoise|26/258\n|move|p2a: Blastoise|Earthquake|p1a: Magmortar\n|-supereffective|p1a: Magmortar\n|-damage|p1a: Magmortar|127/275\n|\n|upkeep\n|turn|7\n|\n|t:|1781379968\n|switch|p2a: Skeledirge|Skeledirge, L79, M|294/294\n|move|p1a: Magmortar|Thunderbolt|p2a: Skeledirge\n|-damage|p2a: Skeledirge|190/294\n|\n|upkeep\n|turn|8\n|\n|t:|1781379984\n|switch|p1a: Hitmontop|Hitmontop, L88, M|231/231\n|-ability|p1a: Hitmontop|Intimidate|boost\n|-unboost|p2a: Skeledirge|atk|1\n|switch|p2a: Persian|Persian-Alola, L86, M|252/252\n|\n|upkeep\n|turn|9\n|inactive|poiiuytrwq has 120 seconds left.\n|\n|t:|1781380019\n|move|p2a: Persian|Thunder Wave|p1a: Hitmontop\n|-status|p1a: Hitmontop|par\n|move|p1a: Hitmontop|Stone Edge|p2a: Persian\n|-damage|p2a: Persian|175/252\n|\n|upkeep\n|turn|10\n|inactive|poiiuytrwq has 120 seconds left.\n|\n|t:|1781380034\n|move|p2a: Persian|Parting Shot|p1a: Hitmontop\n|-unboost|p1a: Hitmontop|atk|1\n|-unboost|p1a: Hitmontop|spa|1\n|inactive|poiiuytrwq has 120 seconds left.\n|\n|t:|1781380041\n|switch|p2a: Trevenant|Trevenant, L89, M|161/296|[from] Parting Shot\n|cant|p1a: Hitmontop|par\n|\n|upkeep\n|turn|11\n|\n|t:|1781380057\n|switch|p1a: Magmortar|Magmortar, L88, F|127/275\n|move|p2a: Trevenant|Horn Leech|p1a: Magmortar\n|-resisted|p1a: Magmortar\n|-damage|p1a: Magmortar|53/275\n|-heal|p2a: Trevenant|198/296|[from] drain|[of] p1a: Magmortar\n|-damage|p2a: Trevenant|169/296|[from] item: Life Orb\n|\n|upkeep\n|turn|12\n|inactive|poiiuytrwq has 120 seconds left.\n|\n|t:|1781380075\n|switch|p2a: Skeledirge|Skeledirge, L79, M|190/294\n|move|p1a: Magmortar|Fire Blast|p2a: Skeledirge\n|-resisted|p2a: Skeledirge\n|-damage|p2a: Skeledirge|99/294\n|\n|upkeep\n|turn|13\n|inactive|poiiuytrwq has 120 seconds left.\n|inactive|foolalmighty has 120 seconds left.\n|\n|t:|1781380097\n|-terastallize|p1a: Magmortar|Electric\n|move|p1a: Magmortar|Thunderbolt|p2a: Skeledirge\n|-damage|p2a: Skeledirge|0 fnt\n|faint|p2a: Skeledirge\n|\n|upkeep\n|inactive|poiiuytrwq has 120 seconds left.\n|\n|t:|1781380108\n|switch|p2a: Mabosstiff|Mabosstiff, L86, M|208/278\n|turn|14\n|\n|t:|1781380119\n|move|p2a: Mabosstiff|Psychic Fangs|p1a: Magmortar\n|-damage|p1a: Magmortar|0 fnt\n|faint|p1a: Magmortar\n|\n|upkeep\n|c|\u2606foolalmighty|Scard\n|c|\u2606foolalmighty|Scarf\n|inactive|foolalmighty has 120 seconds left.\n|\n|t:|1781380139\n|switch|p1a: Hitmontop|Hitmontop, L88, M|231/231 par\n|-ability|p1a: Hitmontop|Intimidate|boost\n|-unboost|p2a: Mabosstiff|atk|1\n|turn|15\n|inactive|foolalmighty has 120 seconds left.\n|\n|t:|1781380157\n|switch|p1a: Cresselia|Cresselia, L80, F|323/323\n|move|p2a: Mabosstiff|Psychic Fangs|p1a: Cresselia\n|-resisted|p1a: Cresselia\n|-damage|p1a: Cresselia|276/323\n|\n|-heal|p1a: Cresselia|296/323|[from] item: Leftovers\n|upkeep\n|turn|16\n|\n|t:|1781380169\n|switch|p2a: Persian|Persian-Alola, L86, M|175/252\n|move|p1a: Cresselia|Calm Mind|p1a: Cresselia\n|-boost|p1a: Cresselia|spa|1\n|-boost|p1a: Cresselia|spd|1\n|\n|-heal|p1a: Cresselia|316/323|[from] item: Leftovers\n|upkeep\n|turn|17\n|\n|t:|1781380197\n|move|p2a: Persian|Taunt|p1a: Cresselia\n|-start|p1a: Cresselia|move: Taunt\n|move|p1a: Cresselia|Thunderbolt|p2a: Persian\n|-damage|p2a: Persian|81/252\n|\n|-heal|p1a: Cresselia|323/323|[from] item: Leftovers\n|upkeep\n|turn|18\n|\n|t:|1781380204\n|move|p2a: Persian|Parting Shot|p1a: Cresselia\n|-unboost|p1a: Cresselia|atk|1\n|-unboost|p1a: Cresselia|spa|1\n|\n|t:|1781380211\n|switch|p2a: Trevenant|Trevenant, L89, M|169/296|[from] Parting Shot\n|move|p1a: Cresselia|Thunderbolt|p2a: Trevenant\n|-resisted|p2a: Trevenant\n|-crit|p2a: Trevenant\n|-damage|p2a: Trevenant|133/296\n|\n|upkeep\n|turn|19\n|inactive|foolalmighty has 90 seconds left.\n|\n|t:|1781380241\n|switch|p1a: Reshiram|Reshiram, L76|277/277\n|-ability|p1a: Reshiram|Turboblaze\n|move|p2a: Trevenant|Horn Leech|p1a: Reshiram\n|-resisted|p1a: Reshiram\n|-damage|p1a: Reshiram|246/277\n|-heal|p2a: Trevenant|149/296|[from] drain|[of] p1a: Reshiram\n|-damage|p2a: Trevenant|120/296|[from] item: Life Orb\n|\n|upkeep\n|turn|20\n|inactive|foolalmighty has 90 seconds left.\n|\n|t:|1781380257\n|switch|p2a: Blastoise|Blastoise, L80, M|26/258\n|move|p1a: Reshiram|Dragon Dance|p1a: Reshiram\n|-boost|p1a: Reshiram|atk|1\n|-boost|p1a: Reshiram|spe|1\n|\n|upkeep\n|turn|21\n|inactive|foolalmighty has 90 seconds left.\n|\n|t:|1781380271\n|move|p1a: Reshiram|Stone Edge|p2a: Blastoise\n|-damage|p2a: Blastoise|0 fnt\n|faint|p2a: Blastoise\n|\n|upkeep\n|\n|t:|1781380275\n|switch|p2a: Mabosstiff|Mabosstiff, L86, M|208/278\n|turn|22\n|inactive|foolalmighty has 90 seconds left.\n|\n|t:|1781380291\n|-terastallize|p2a: Mabosstiff|Fairy\n|move|p2a: Mabosstiff|Play Rough|p1a: Reshiram\n|-damage|p1a: Reshiram|135/277\n|move|p1a: Reshiram|Flare Blitz|p2a: Mabosstiff\n|-damage|p2a: Mabosstiff|27/278\n|-damage|p1a: Reshiram|75/277|[from] Recoil\n|\n|upkeep\n|turn|23\n|inactive|foolalmighty has 90 seconds left.\n|inactive|poiiuytrwq has 120 seconds left.\n|\n|t:|1781380339\n|switch|p2a: Trevenant|Trevenant, L89, M|120/296\n|switch|p1a: Drifblim|Drifblim, L86, F|398/398\n|\n|upkeep\n|turn|24\n|inactive|foolalmighty has 60 seconds left.\n|\n|t:|1781380356\n|move|p1a: Drifblim|Shadow Ball|p2a: Trevenant\n|-supereffective|p2a: Trevenant\n|-damage|p2a: Trevenant|0 fnt\n|faint|p2a: Trevenant\n|\n|upkeep\n|\n|t:|1781380359\n|switch|p2a: Arboliva|Arboliva, L91, M|290/290\n|turn|25\n|\n|t:|1781380369\n|move|p1a: Drifblim|Air Slash|p2a: Arboliva\n|-supereffective|p2a: Arboliva\n|-damage|p2a: Arboliva|162/290\n|-fieldstart|move: Grassy Terrain|[from] ability: Seed Sower|[of] p2a: Arboliva\n|cant|p2a: Arboliva|flinch\n|\n|-heal|p2a: Arboliva|180/290|[from] Grassy Terrain\n|-heal|p2a: Arboliva|198/290|[from] item: Leftovers\n|upkeep\n|turn|26\n|\n|t:|1781380380\n|move|p1a: Drifblim|Air Slash|p2a: Arboliva\n|-supereffective|p2a: Arboliva\n|-damage|p2a: Arboliva|66/290\n|cant|p2a: Arboliva|flinch\n|\n|-heal|p2a: Arboliva|84/290|[from] Grassy Terrain\n|-heal|p2a: Arboliva|102/290|[from] item: Leftovers\n|upkeep\n|turn|27\n|-message|poiiuytrwq forfeited.\n|\n|win|foolalmighty\n|raw|foolalmighty's rating: 1105 &rarr; <strong>1127</strong><br />(+22 for winning)\n|raw|poiiuytrwq's rating: 1069 &rarr; <strong>1051</strong><br />(-18 for losing)\n|l|\u2606poiiuytrwq\n|player|p2|\n", "uploadtime": 1781380392, "views": 13, "formatid": "gen9randombattle", "rating": 1051, "private": 0, "password": null}