{"id": "gen9randombattle-2631893789", "format": "[Gen 9] Random Battle", "players": ["AmoghOp", "HyperX99 >.<"], "log": "|j|\u2606AmoghOp\n|j|\u2606HyperX99 >.<\n|inactive|Battle timer is ON: inactive players will automatically lose when time's up.\n|t:|1781452879\n|gametype|singles\n|player|p1|AmoghOp|steven-masters|\n|player|p2|HyperX99 >.<|serena-masters2|\n|gen|9\n|tier|[Gen 9] Random Battle\n|rated|Tournament battle\n|rule|Species Clause: Limit one of each Pok\u00e9mon\n|rule|HP Percentage Mod: HP is shown in percentages\n|rule|Sleep Clause Mod: Limit one foe put to sleep\n|rule|Illusion Level Mod: Illusion disguises the Pok\u00e9mon's true level\n|rule|Camomons Mod: Pok\u00e9mon have their types set to match their first two moves.\n|rule|Inverse Mod: Weaknesses become resistances, while resistances and immunities become weaknesses.\n|rule|Scalemons Mod: Every Pokemon's stats, barring HP, are scaled to come as close to a BST of 600 as possible\n|raw|<div class=\"infobox\"><details class=\"readmore\" open><summary><strong>3 custom rules:</strong></summary> Mayhem, Picked Team Size = 6, Max Team Size = 24</details></div>\n|clearpoke\n|poke|p1|Poliwrath, L88, F|\n|poke|p1|Iron Boulder, L77|\n|poke|p1|Ampharos, L88, M|\n|poke|p1|Overqwil, L82, F|\n|poke|p1|Hitmonchan, L87, M|\n|poke|p1|Hoopa, L85|\n|poke|p1|Alomomola, L87, M|\n|poke|p1|Rotom-Fan, L86|\n|poke|p1|Snorlax, L82, F|\n|poke|p1|Mew, L82|\n|poke|p1|Infernape, L82, M|\n|poke|p1|Hitmontop, L88, M|\n|poke|p1|Zebstrika, L87, M|\n|poke|p1|Mandibuzz, L85, F|\n|poke|p1|Regigigas, L84|\n|poke|p1|Heatran, L79, F|\n|poke|p1|Minior, L79|\n|poke|p1|Corviknight, L80, M|\n|poke|p1|Gyarados, L79, F|\n|poke|p1|Torterra, L78, M|\n|poke|p1|Morpeko, L88, F|\n|poke|p1|Mimikyu, L79, M|\n|poke|p1|Excadrill, L79, M|\n|poke|p1|Trevenant, L89, F|\n|poke|p2|Altaria, L89, F|\n|poke|p2|Amoonguss, L82, F|\n|poke|p2|Koraidon, L64|\n|poke|p2|Cloyster, L80, M|\n|poke|p2|Charizard, L85, F|\n|poke|p2|Ambipom, L84, F|\n|poke|p2|Meloetta, L82|\n|poke|p2|Lilligant-Hisui, L79, F|\n|poke|p2|Tauros-Paldea-Combat, L82, M|\n|poke|p2|Reshiram, L76|\n|poke|p2|Gengar, L81, F|\n|poke|p2|Grumpig, L92, M|\n|poke|p2|Urshifu-*, L75, M|\n|poke|p2|Hitmontop, L88, M|\n|poke|p2|Conkeldurr, L80, F|\n|poke|p2|Beartic, L91, F|\n|poke|p2|Blissey, L85, F|\n|poke|p2|Scovillain, L91, M|\n|poke|p2|Zoroark, L83, M|\n|poke|p2|Cobalion, L80|\n|poke|p2|Eternatus, L69|\n|poke|p2|Venomoth, L84, M|\n|poke|p2|Hippowdon, L82, F|\n|poke|p2|Granbull, L88, M|\n|teampreview|6\n|j|*PartProfessor\n|j|*PartBot\n|c|*PartProfessor|G'luck!\n|l|*PartProfessor\n|inactive|AmoghOp also wants the timer to be on.\n|c|*PartBot|Good luck!\n|l|*PartBot\n|c|\u2606HyperX99 >.<|Hfhf\n|j| Flame_star_11\u2606\n|l| Flame_star_11\u2606\n|inactive|AmoghOp has 120 seconds left.\n|inactive|HyperX99 >.< has 120 seconds left.\n|inactive|AmoghOp has 90 seconds left.\n|inactive|HyperX99 >.< has 90 seconds left.\n|\n|t:|1781452965\n|teamsize|p1|6\n|teamsize|p2|6\n|start\n|switch|p1a: Overqwil|Overqwil, L82, F|274/274\n|switch|p2a: Amoonguss|Amoonguss, L82, F|321/321\n|-start|p1a: Overqwil|typechange|Dark/Water|[silent]|[from] format: Camomons Mod\n|-ability|p1a: Overqwil|Intimidate|boost\n|-unboost|p2a: Amoonguss|atk|1\n|-start|p2a: Amoonguss|typechange|Poison/Grass|[silent]|[from] format: Camomons Mod\n|-start|p1a: Overqwil|typechange|Dark/Water|[silent]\n|-start|p2a: Amoonguss|typechange|Poison/Grass|[silent]\n|turn|1\n|\n|t:|1781452979\n|switch|p2a: Koraidon|Koraidon, L64|235/235\n|-start|p2a: Koraidon|typechange|Fighting/Fire|[silent]|[from] format: Camomons Mod\n|-weather|SunnyDay|[from] ability: Orichalcum Pulse|[of] p2a: Koraidon\n|-activate|p2a: Koraidon|Orichalcum Pulse|[source]\n|move|p1a: Overqwil|Liquidation|p2a: Koraidon\n|-resisted|p2a: Koraidon\n|-damage|p2a: Koraidon|185/235\n|-unboost|p2a: Koraidon|def|1\n|\n|-weather|SunnyDay|[upkeep]\n|upkeep\n|-start|p2a: Koraidon|typechange|Fighting/Fire|[silent]\n|turn|2\n|inactive|AmoghOp has 120 seconds left.\n|inactive|HyperX99 >.< has 120 seconds left.\n|\n|t:|1781453013\n|switch|p1a: Corviknight|Corviknight, L80, M|288/288\n|-start|p1a: Corviknight|typechange|Fighting/Flying|[silent]|[from] format: Camomons Mod\n|-ability|p1a: Corviknight|Intimidate|boost\n|-unboost|p2a: Koraidon|atk|1\n|switch|p2a: Tauros|Tauros-Paldea-Combat, L82, M|257/257\n|-start|p2a: Tauros|typechange|Fighting/Rock|[silent]|[from] format: Camomons Mod\n|-ability|p2a: Tauros|Intimidate|boost\n|-ability|p1a: Corviknight|Mirror Armor\n|-unboost|p2a: Tauros|atk|1\n|-activate|p2a: Tauros|ability: Orichalcum Pulse\n|\n|-weather|SunnyDay|[upkeep]\n|upkeep\n|-start|p1a: Corviknight|typechange|Fighting/Flying|[silent]\n|-start|p2a: Tauros|typechange|Fighting/Rock|[silent]\n|turn|3\n|inactive|AmoghOp has 120 seconds left.\n|inactive|HyperX99 >.< has 120 seconds left.\n|\n|t:|1781453023\n|switch|p2a: Scovillain|Scovillain, L91, M|266/266\n|-start|p2a: Scovillain|typechange|Fire|[silent]|[from] format: Camomons Mod\n|-activate|p2a: Scovillain|ability: Orichalcum Pulse\n|-ability|p2a: Scovillain|Intimidate|boost\n|-ability|p1a: Corviknight|Mirror Armor\n|-unboost|p2a: Scovillain|atk|1\n|switch|p1a: Hitmontop|Hitmontop, L88, M|231/231\n|-start|p1a: Hitmontop|typechange|Normal/Fighting|[silent]|[from] format: Camomons Mod\n|-ability|p1a: Hitmontop|Intimidate|boost\n|-unboost|p2a: Scovillain|atk|1\n|\n|-weather|SunnyDay|[upkeep]\n|upkeep\n|-start|p1a: Hitmontop|typechange|Normal/Fighting|[silent]\n|-start|p2a: Scovillain|typechange|Fire|[silent]\n|turn|4\n|inactive|AmoghOp has 120 seconds left.\n|inactive|HyperX99 >.< has 120 seconds left.\n|\n|t:|1781453035\n|move|p2a: Scovillain|Fire Blast|p1a: Hitmontop|[miss]\n|-miss|p2a: Scovillain|p1a: Hitmontop\n|move|p1a: Hitmontop|Triple Axel|p2a: Scovillain\n|-supereffective|p2a: Scovillain\n|-damage|p2a: Scovillain|210/266\n|-supereffective|p2a: Scovillain\n|-damage|p2a: Scovillain|96/266\n|-supereffective|p2a: Scovillain\n|-damage|p2a: Scovillain|0 fnt\n|faint|p2a: Scovillain\n|-hitcount|p2: Scovillain|3\n|\n|-weather|SunnyDay|[upkeep]\n|upkeep\n|inactive|HyperX99 >.< has 120 seconds left.\n|\n|t:|1781453046\n|switch|p2a: Ambipom|Ambipom, L84, F|263/263\n|-start|p2a: Ambipom|typechange|Dark/Bug|[silent]|[from] format: Camomons Mod\n|-activate|p2a: Ambipom|ability: Orichalcum Pulse\n|-ability|p2a: Ambipom|Intimidate|boost\n|-unboost|p1a: Hitmontop|atk|1\n|-start|p2a: Ambipom|typechange|Dark/Bug|[silent]\n|turn|5\n|inactive|HyperX99 >.< has 120 seconds left.\n|c|\u2606AmoghOp|Mirror armor?\n|inactive|AmoghOp has 120 seconds left.\n|\n|t:|1781453068\n|switch|p1a: Overqwil|Overqwil, L82, F|274/274\n|-start|p1a: Overqwil|typechange|Dark/Water|[silent]|[from] format: Camomons Mod\n|-ability|p1a: Overqwil|Intimidate|boost\n|-unboost|p2a: Ambipom|atk|1\n|move|p2a: Ambipom|Fake Out|p1a: Overqwil\n|-damage|p1a: Overqwil|228/274\n|\n|-weather|none\n|upkeep\n|-start|p1a: Overqwil|typechange|Dark/Water|[silent]\n|turn|6\n|inactive|AmoghOp has 120 seconds left.\n|inactive|HyperX99 >.< has 120 seconds left.\n|c|\u2606HyperX99 >.<|Idk I didn't get ATK boost either\n|\n|t:|1781453091\n|switch|p1a: Gyarados|Gyarados, L79, F|280/280\n|-start|p1a: Gyarados|typechange|Normal/Water|[silent]|[from] format: Camomons Mod\n|-ability|p1a: Gyarados|Intimidate|boost\n|-unboost|p2a: Ambipom|atk|1\n|move|p2a: Ambipom|Knock Off|p1a: Gyarados\n|-damage|p1a: Gyarados|208/280\n|-enditem|p1a: Gyarados|Heavy-Duty Boots|[from] move: Knock Off|[of] p2a: Ambipom\n|\n|upkeep\n|-start|p1a: Gyarados|typechange|Normal/Water|[silent]\n|turn|7\n|c|\u2606AmoghOp|Why would u get atk boost?\n|inactive|AmoghOp has 120 seconds left.\n|\n|t:|1781453099\n|move|p2a: Ambipom|U-turn|p1a: Gyarados\n|-damage|p1a: Gyarados|159/280\n|inactive|HyperX99 >.< has 120 seconds left.\n|\n|t:|1781453104\n|switch|p2a: Koraidon|Koraidon, L64|235/235|[from] U-turn\n|-start|p2a: Koraidon|typechange|Fighting/Fire|[silent]|[from] format: Camomons Mod\n|-weather|SunnyDay|[from] ability: Orichalcum Pulse|[of] p2a: Koraidon\n|-activate|p2a: Koraidon|Orichalcum Pulse|[source]\n|-ability|p2a: Koraidon|Intimidate|boost\n|-unboost|p1a: Gyarados|atk|1\n|move|p1a: Gyarados|Dragon Dance|p1a: Gyarados\n|-boost|p1a: Gyarados|atk|1\n|-boost|p1a: Gyarados|spe|1\n|\n|-weather|SunnyDay|[upkeep]\n|upkeep\n|-start|p2a: Koraidon|typechange|Fighting/Fire|[silent]\n|turn|8\n|\n|t:|1781453116\n|switch|p1a: Corviknight|Corviknight, L80, M|288/288\n|-start|p1a: Corviknight|typechange|Fighting/Flying|[silent]|[from] format: Camomons Mod\n|-ability|p1a: Corviknight|Intimidate|boost\n|-unboost|p2a: Koraidon|atk|1\n|move|p2a: Koraidon|Scale Shot|p1a: Corviknight\n|-damage|p1a: Corviknight|275/288\n|-crit|p1a: Corviknight\n|-damage|p1a: Corviknight|245/288\n|-damage|p1a: Corviknight|231/288\n|-crit|p1a: Corviknight\n|-damage|p1a: Corviknight|202/288\n|-damage|p1a: Corviknight|189/288\n|-hitcount|p1a: Corviknight|5\n|-unboost|p2a: Koraidon|def|1\n|-boost|p2a: Koraidon|spe|1\n|\n|-weather|SunnyDay|[upkeep]\n|-heal|p1a: Corviknight|207/288|[from] item: Leftovers\n|upkeep\n|-start|p1a: Corviknight|typechange|Fighting/Flying|[silent]\n|turn|9\n|c|\u2606HyperX99 >.<|From Sun\n|inactive|HyperX99 >.< has 120 seconds left.\n|c|\u2606AmoghOp|Bro\n|c|\u2606AmoghOp|Intimidate\n|c|\u2606AmoghOp|U r getting the boost\n|c|\u2606HyperX99 >.<|!dt orilchalchum pulse\n'orilchalchum pulse' has no exact match. Approximate match:\n|c|\u2606HyperX99 >.<|/raw <ul class=\"utilichart\"><li class=\"result\"><span class=\"col namecol\"><a href=\"https://dex.pokemonshowdown.com/abilities/orichalcumpulse\">Orichalcum Pulse</a></span> <span class=\"col abilitydesccol\">On switch-in, summons Sunny Day. During Sunny Day, Attack is 1.3333x.</span> </li><li style=\"clear:both\"></li></ul>\n|c|\u2606HyperX99 >.<|/raw <font size=\"1\"><font color=\"#686868\">Gen:</font> 9</font>\n\n|c|\u2606AmoghOp|Maybe\n|c|\u2606AmoghOp|Idk\n|c|\u2606HyperX99 >.<|This bro\n|c|\u2606AmoghOp|Ik ik\n|c|\u2606AmoghOp|Maybe\n|inactive|HyperX99 >.< has 90 seconds left.\n|c|\u2606AmoghOp|Glitch\n|\n|t:|1781453164\n|move|p2a: Koraidon|Collision Course|p1a: Corviknight\n|-supereffective|p1a: Corviknight\n|-damage|p1a: Corviknight|79/288\n|move|p1a: Corviknight|U-turn|p2a: Koraidon\n|-supereffective|p2a: Koraidon\n|-damage|p2a: Koraidon|0 fnt\n|faint|p2a: Koraidon\n|-ability|p1a: Corviknight|Moxie|boost\n|-boost|p1a: Corviknight|atk|1\n|\n|t:|1781453173\n|switch|p1a: Zebstrika|Zebstrika, L87, M|272/272|[from] U-turn\n|-start|p1a: Zebstrika|typechange|Electric/Fire|[silent]|[from] format: Camomons Mod\n|\n|-weather|SunnyDay|[upkeep]\n|upkeep\n|c|\u2606AmoghOp|This format is glitched\n|inactive|HyperX99 >.< has 90 seconds left.\n|\n|t:|1781453187\n|switch|p2a: Tauros|Tauros-Paldea-Combat, L82, M|257/257\n|-start|p2a: Tauros|typechange|Fighting/Rock|[silent]|[from] format: Camomons Mod\n|-ability|p2a: Tauros|Intimidate|boost\n|-unboost|p1a: Zebstrika|atk|1\n|-activate|p2a: Tauros|ability: Orichalcum Pulse\n|-start|p1a: Zebstrika|typechange|Electric/Fire|[silent]\n|-start|p2a: Tauros|typechange|Fighting/Rock|[silent]\n|turn|10\n|\n|t:|1781453194\n|move|p2a: Tauros|Iron Head|p1a: Zebstrika\n|-supereffective|p1a: Zebstrika\n|-damage|p1a: Zebstrika|0 fnt\n|faint|p1a: Zebstrika\n|\n|-weather|SunnyDay|[upkeep]\n|upkeep\n|\n|t:|1781453200\n|switch|p1a: Hitmontop|Hitmontop, L88, M|231/231\n|-start|p1a: Hitmontop|typechange|Normal/Fighting|[silent]|[from] format: Camomons Mod\n|-ability|p1a: Hitmontop|Intimidate|boost\n|-unboost|p2a: Tauros|atk|1\n|-start|p1a: Hitmontop|typechange|Normal/Fighting|[silent]\n|turn|11\n|\n|t:|1781453205\n|switch|p2a: Ambipom|Ambipom, L84, F|263/263\n|-start|p2a: Ambipom|typechange|Dark/Bug|[silent]|[from] format: Camomons Mod\n|-ability|p2a: Ambipom|Intimidate|boost\n|-unboost|p1a: Hitmontop|atk|1\n|-activate|p2a: Ambipom|ability: Orichalcum Pulse\n|move|p1a: Hitmontop|Bulk Up|p1a: Hitmontop\n|-boost|p1a: Hitmontop|atk|1\n|-boost|p1a: Hitmontop|def|1\n|\n|-weather|none\n|upkeep\n|-start|p2a: Ambipom|typechange|Dark/Bug|[silent]\n|turn|12\n|\n|t:|1781453211\n|move|p2a: Ambipom|Knock Off|p1a: Hitmontop\n|-supereffective|p1a: Hitmontop\n|-damage|p1a: Hitmontop|99/231\n|-enditem|p1a: Hitmontop|Leftovers|[from] move: Knock Off|[of] p2a: Ambipom\n|move|p1a: Hitmontop|Rapid Spin|p2a: Ambipom\n|-damage|p2a: Ambipom|142/263\n|-boost|p1a: Hitmontop|spe|1\n|\n|upkeep\n|turn|13\n|\n|t:|1781453218\n|move|p1a: Hitmontop|Triple Axel|p2a: Ambipom\n|-damage|p2a: Ambipom|112/263\n|-damage|p2a: Ambipom|56/263\n|-hitcount|p2a: Ambipom|2\n|move|p2a: Ambipom|U-turn|p1a: Hitmontop\n|-supereffective|p1a: Hitmontop\n|-damage|p1a: Hitmontop|13/231\n|c|\u2606AmoghOp|Eh\n|\n|t:|1781453229\n|switch|p2a: Grumpig|Grumpig, L92, M|297/297|[from] U-turn\n|-start|p2a: Grumpig|typechange|Ground/Psychic|[silent]|[from] format: Camomons Mod\n|-ability|p2a: Grumpig|Intimidate|boost\n|-unboost|p1a: Hitmontop|atk|1\n|-weather|SunnyDay|[from] ability: Orichalcum Pulse|[of] p2a: Grumpig\n|-activate|p2a: Grumpig|Orichalcum Pulse|[source]\n|\n|-weather|SunnyDay|[upkeep]\n|upkeep\n|-start|p2a: Grumpig|typechange|Ground/Psychic|[silent]\n|turn|14\n|\n|t:|1781453236\n|move|p2a: Grumpig|Psyshock|p1a: Hitmontop\n|-resisted|p1a: Hitmontop\n|-damage|p1a: Hitmontop|0 fnt\n|faint|p1a: Hitmontop\n|\n|-weather|SunnyDay|[upkeep]\n|upkeep\n|\n|t:|1781453248\n|switch|p1a: Corviknight|Corviknight, L80, M|79/288\n|-start|p1a: Corviknight|typechange|Fighting/Flying|[silent]|[from] format: Camomons Mod\n|-ability|p1a: Corviknight|Intimidate|boost\n|-unboost|p2a: Grumpig|atk|1\n|-start|p1a: Corviknight|typechange|Fighting/Flying|[silent]\n|turn|15\n|inactive|HyperX99 >.< has 120 seconds left.\n|\n|t:|1781453259\n|switch|p2a: Amoonguss|Amoonguss, L82, F|321/321\n|-start|p2a: Amoonguss|typechange|Poison/Grass|[silent]|[from] format: Camomons Mod\n|-ability|p2a: Amoonguss|Intimidate|boost\n|-ability|p1a: Corviknight|Mirror Armor\n|-unboost|p2a: Amoonguss|atk|1\n|-activate|p2a: Amoonguss|ability: Orichalcum Pulse\n|move|p1a: Corviknight|Roost|p1a: Corviknight\n|-heal|p1a: Corviknight|223/288\n|-singleturn|p1a: Corviknight|move: Roost\n|\n|-weather|SunnyDay|[upkeep]\n|-heal|p1a: Corviknight|241/288|[from] item: Leftovers\n|upkeep\n|-start|p2a: Amoonguss|typechange|Poison/Grass|[silent]\n|turn|16\n|inactive|HyperX99 >.< has 120 seconds left.\n|\n|t:|1781453273\n|move|p2a: Amoonguss|Giga Drain|p1a: Corviknight\n|-ability|p1a: Corviknight|Sap Sipper|boost\n|-boost|p1a: Corviknight|atk|1\n|move|p1a: Corviknight|Body Press|p2a: Amoonguss\n|-supereffective|p2a: Amoonguss\n|-damage|p2a: Amoonguss|141/321\n|\n|-weather|SunnyDay|[upkeep]\n|-heal|p2a: Amoonguss|161/321|[from] item: Leftovers\n|-heal|p1a: Corviknight|259/288|[from] item: Leftovers\n|upkeep\n|turn|17\n|\n|t:|1781453280\n|move|p2a: Amoonguss|Stomping Tantrum|p1a: Corviknight\n|-supereffective|p1a: Corviknight\n|-damage|p1a: Corviknight|91/288\n|move|p1a: Corviknight|U-turn|p2a: Amoonguss\n|-damage|p2a: Amoonguss|85/321\n|\n|t:|1781453284\n|switch|p1a: Overqwil|Overqwil, L82, F|228/274|[from] U-turn\n|-start|p1a: Overqwil|typechange|Dark/Water|[silent]|[from] format: Camomons Mod\n|-ability|p1a: Overqwil|Intimidate|boost\n|-unboost|p2a: Amoonguss|atk|1\n|\n|-weather|none\n|-heal|p2a: Amoonguss|105/321|[from] item: Leftovers\n|upkeep\n|-start|p1a: Overqwil|typechange|Dark/Water|[silent]\n|turn|18\n|l|\u2606HyperX99 >.<\n|inactive|HyperX99 >.< disconnected and has a minute to reconnect!\n|player|p2|\n|j|\u2606HyperX99 >.<\n|inactive|HyperX99 >.< reconnected and has 115 seconds left.\n|player|p2|HyperX99 >.<|serena-masters2|\n|\n|t:|1781453324\n|move|p1a: Overqwil|Gunk Shot|p2a: Amoonguss|[miss]\n|-miss|p1a: Overqwil|p2a: Amoonguss\n|move|p2a: Amoonguss|Sludge Bomb|p1a: Overqwil\n|-damage|p1a: Overqwil|110/274\n|\n|-heal|p2a: Amoonguss|125/321|[from] item: Leftovers\n|upkeep\n|turn|19\n|c|\u2606AmoghOp|Smh\n|\n|t:|1781453336\n|switch|p2a: Tauros|Tauros-Paldea-Combat, L82, M|257/257\n|-start|p2a: Tauros|typechange|Fighting/Rock|[silent]|[from] format: Camomons Mod\n|-ability|p2a: Tauros|Intimidate|boost\n|-unboost|p1a: Overqwil|atk|1\n|-weather|SunnyDay|[from] ability: Orichalcum Pulse|[of] p2a: Tauros\n|-activate|p2a: Tauros|Orichalcum Pulse|[source]\n|move|p1a: Overqwil|Gunk Shot|p2a: Tauros\n|-supereffective|p2a: Tauros\n|-damage|p2a: Tauros|99/257\n|\n|-weather|SunnyDay|[upkeep]\n|upkeep\n|-start|p2a: Tauros|typechange|Fighting/Rock|[silent]\n|turn|20\n|inactive|HyperX99 >.< has 90 seconds left.\n|\n|t:|1781453363\n|switch|p1a: Gyarados|Gyarados, L79, F|159/280\n|-start|p1a: Gyarados|typechange|Normal/Water|[silent]|[from] format: Camomons Mod\n|-ability|p1a: Gyarados|Intimidate|boost\n|-unboost|p2a: Tauros|atk|1\n|move|p2a: Tauros|Iron Head|p1a: Gyarados\n|-supereffective|p1a: Gyarados\n|-damage|p1a: Gyarados|0 fnt\n|faint|p1a: Gyarados\n|\n|-weather|SunnyDay|[upkeep]\n|upkeep\n|\n|t:|1781453372\n|switch|p1a: Hoopa|Hoopa, L85|275/275\n|-start|p1a: Hoopa|typechange|Psychic/Ghost|[silent]|[from] format: Camomons Mod\n|-ability|p1a: Hoopa|Intimidate|boost\n|-unboost|p2a: Tauros|atk|1\n|turn|21\n|inactive|HyperX99 >.< has 90 seconds left.\n|\n|t:|1781453383\n|switch|p2a: Amoonguss|Amoonguss, L82, F|232/321\n|-start|p2a: Amoonguss|typechange|Poison/Grass|[silent]|[from] format: Camomons Mod\n|-ability|p2a: Amoonguss|Intimidate|boost\n|-unboost|p1a: Hoopa|atk|1\n|-activate|p2a: Amoonguss|ability: Orichalcum Pulse\n|move|p1a: Hoopa|Focus Blast|p2a: Amoonguss\n|-supereffective|p2a: Amoonguss\n|-damage|p2a: Amoonguss|28/321\n|\n|-weather|SunnyDay|[upkeep]\n|-heal|p2a: Amoonguss|48/321|[from] item: Leftovers\n|upkeep\n|-start|p2a: Amoonguss|typechange|Poison/Grass|[silent]\n|turn|22\n|j| RapidCaribou\n|\n|t:|1781453393\n|move|p1a: Hoopa|Focus Blast|p2a: Amoonguss\n|-supereffective|p2a: Amoonguss\n|-damage|p2a: Amoonguss|0 fnt\n|faint|p2a: Amoonguss\n|-ability|p1a: Hoopa|Moxie|boost\n|-boost|p1a: Hoopa|atk|1\n|\n|-weather|SunnyDay|[upkeep]\n|upkeep\n|\n|t:|1781453400\n|switch|p2a: Ambipom|Ambipom, L84, F|143/263\n|-start|p2a: Ambipom|typechange|Dark/Bug|[silent]|[from] format: Camomons Mod\n|-ability|p2a: Ambipom|Intimidate|boost\n|-unboost|p1a: Hoopa|atk|1\n|-activate|p2a: Ambipom|ability: Orichalcum Pulse\n|-start|p2a: Ambipom|typechange|Dark/Bug|[silent]\n|turn|23\n|\n|t:|1781453406\n|move|p2a: Ambipom|Fake Out|p1a: Hoopa\n|-supereffective|p1a: Hoopa\n|-damage|p1a: Hoopa|53/275\n|cant|p1a: Hoopa|flinch\n|\n|-weather|none\n|upkeep\n|turn|24\n|\n|t:|1781453410\n|move|p2a: Ambipom|U-turn|p1a: Hoopa\n|-damage|p1a: Hoopa|0 fnt\n|faint|p1a: Hoopa\n|\n|t:|1781453413\n|switch|p2a: Tauros|Tauros-Paldea-Combat, L82, M|184/257|[from] U-turn\n|-start|p2a: Tauros|typechange|Fighting/Rock|[silent]|[from] format: Camomons Mod\n|-weather|SunnyDay|[from] ability: Orichalcum Pulse|[of] p2a: Tauros\n|-activate|p2a: Tauros|Orichalcum Pulse|[source]\n|\n|-weather|SunnyDay|[upkeep]\n|upkeep\n|\n|t:|1781453420\n|switch|p1a: Corviknight|Corviknight, L80, M|91/288\n|-start|p1a: Corviknight|typechange|Fighting/Flying|[silent]|[from] format: Camomons Mod\n|-ability|p1a: Corviknight|Intimidate|boost\n|-unboost|p2a: Tauros|atk|1\n|-start|p1a: Corviknight|typechange|Fighting/Flying|[silent]\n|-start|p2a: Tauros|typechange|Fighting/Rock|[silent]\n|turn|25\n|\n|t:|1781453429\n|switch|p1a: Overqwil|Overqwil, L82, F|110/274\n|-start|p1a: Overqwil|typechange|Dark/Water|[silent]|[from] format: Camomons Mod\n|-ability|p1a: Overqwil|Intimidate|boost\n|-unboost|p2a: Tauros|atk|1\n|move|p2a: Tauros|Throat Chop|p1a: Overqwil\n|-supereffective|p1a: Overqwil\n|-damage|p1a: Overqwil|0 fnt\n|faint|p1a: Overqwil\n|\n|-weather|SunnyDay|[upkeep]\n|upkeep\n|\n|t:|1781453436\n|switch|p1a: Corviknight|Corviknight, L80, M|91/288\n|-start|p1a: Corviknight|typechange|Fighting/Flying|[silent]|[from] format: Camomons Mod\n|-ability|p1a: Corviknight|Intimidate|boost\n|-unboost|p2a: Tauros|atk|1\n|-start|p1a: Corviknight|typechange|Fighting/Flying|[silent]\n|turn|26\n|\n|t:|1781453439\n|switch|p2a: Ambipom|Ambipom, L84, F|230/263\n|-start|p2a: Ambipom|typechange|Dark/Bug|[silent]|[from] format: Camomons Mod\n|-ability|p2a: Ambipom|Intimidate|boost\n|-ability|p1a: Corviknight|Mirror Armor\n|-unboost|p2a: Ambipom|atk|1\n|-activate|p2a: Ambipom|ability: Orichalcum Pulse\n|-terastallize|p1a: Corviknight|Dragon\n|move|p1a: Corviknight|Roost|p1a: Corviknight\n|-heal|p1a: Corviknight|235/288\n|\n|-weather|SunnyDay|[upkeep]\n|-heal|p1a: Corviknight|253/288|[from] item: Leftovers\n|upkeep\n|-start|p2a: Ambipom|typechange|Dark/Bug|[silent]\n|turn|27\n|\n|t:|1781453446\n|move|p2a: Ambipom|Fake Out|p1a: Corviknight\n|-damage|p1a: Corviknight|213/288\n|cant|p1a: Corviknight|flinch\n|\n|-weather|SunnyDay|[upkeep]\n|-heal|p1a: Corviknight|231/288|[from] item: Leftovers\n|upkeep\n|turn|28\n|\n|t:|1781453453\n|move|p2a: Ambipom|Knock Off|p1a: Corviknight\n|-damage|p1a: Corviknight|143/288\n|-enditem|p1a: Corviknight|Leftovers|[from] move: Knock Off|[of] p2a: Ambipom\n|move|p1a: Corviknight|Body Press|p2a: Ambipom\n|-damage|p2a: Ambipom|133/263\n|-item|p1a: Corviknight|Silk Scarf|[from] ability: Magician|[of] p2a: Ambipom\n|\n|-weather|none\n|upkeep\n|turn|29\n|\n|t:|1781453460\n|move|p2a: Ambipom|Double-Edge|p1a: Corviknight\n|-damage|p1a: Corviknight|84/288\n|-damage|p2a: Ambipom|114/263|[from] Recoil\n|move|p1a: Corviknight|Roost|p1a: Corviknight\n|-heal|p1a: Corviknight|228/288\n|\n|upkeep\n|turn|30\n|\n|t:|1781453468\n|move|p2a: Ambipom|U-turn|p1a: Corviknight\n|-damage|p1a: Corviknight|177/288\n|\n|t:|1781453470\n|switch|p2a: Grumpig|Grumpig, L92, M|297/297|[from] U-turn\n|-start|p2a: Grumpig|typechange|Ground/Psychic|[silent]|[from] format: Camomons Mod\n|-ability|p2a: Grumpig|Intimidate|boost\n|-ability|p1a: Corviknight|Mirror Armor\n|-unboost|p2a: Grumpig|atk|1\n|-weather|SunnyDay|[from] ability: Orichalcum Pulse|[of] p2a: Grumpig\n|-activate|p2a: Grumpig|Orichalcum Pulse|[source]\n|move|p1a: Corviknight|Body Press|p2a: Grumpig\n|-supereffective|p2a: Grumpig\n|-damage|p2a: Grumpig|121/297\n|\n|-weather|SunnyDay|[upkeep]\n|upkeep\n|-start|p2a: Grumpig|typechange|Ground/Psychic|[silent]\n|turn|31\n|\n|t:|1781453487\n|move|p2a: Grumpig|Earth Power|p1a: Corviknight\n|-damage|p1a: Corviknight|51/288\n|move|p1a: Corviknight|Roost|p1a: Corviknight\n|-heal|p1a: Corviknight|195/288\n|\n|-weather|SunnyDay|[upkeep]\n|upkeep\n|turn|32\n|\n|t:|1781453493\n|move|p2a: Grumpig|Earth Power|p1a: Corviknight\n|-damage|p1a: Corviknight|71/288\n|move|p1a: Corviknight|Roost|p1a: Corviknight\n|-heal|p1a: Corviknight|215/288\n|\n|-weather|SunnyDay|[upkeep]\n|upkeep\n|turn|33\n|\n|t:|1781453498\n|move|p2a: Grumpig|Earth Power|p1a: Corviknight\n|-crit|p1a: Corviknight\n|-damage|p1a: Corviknight|34/288\n|move|p1a: Corviknight|Roost|p1a: Corviknight\n|-heal|p1a: Corviknight|178/288\n|\n|-weather|SunnyDay|[upkeep]\n|upkeep\n|turn|34\n|\n|t:|1781453503\n|move|p2a: Grumpig|Earth Power|p1a: Corviknight\n|-damage|p1a: Corviknight|67/288\n|move|p1a: Corviknight|Body Press|p2a: Grumpig\n|-supereffective|p2a: Grumpig\n|-damage|p2a: Grumpig|0 fnt\n|faint|p2a: Grumpig\n|-ability|p1a: Corviknight|Moxie|boost\n|-boost|p1a: Corviknight|atk|1\n|\n|-weather|none\n|upkeep\n|\n|t:|1781453511\n|switch|p2a: Ambipom|Ambipom, L84, F|201/263\n|-start|p2a: Ambipom|typechange|Dark/Bug|[silent]|[from] format: Camomons Mod\n|-ability|p2a: Ambipom|Intimidate|boost\n|-ability|p1a: Corviknight|Mirror Armor\n|-unboost|p2a: Ambipom|atk|1\n|-weather|SunnyDay|[from] ability: Orichalcum Pulse|[of] p2a: Ambipom\n|-activate|p2a: Ambipom|Orichalcum Pulse|[source]\n|-start|p2a: Ambipom|typechange|Dark/Bug|[silent]\n|turn|35\n|\n|t:|1781453515\n|move|p2a: Ambipom|Fake Out|p1a: Corviknight\n|-damage|p1a: Corviknight|33/288\n|cant|p1a: Corviknight|flinch\n|\n|-weather|SunnyDay|[upkeep]\n|upkeep\n|turn|36\n|\n|t:|1781453520\n|move|p2a: Ambipom|Knock Off|p1a: Corviknight\n|-damage|p1a: Corviknight|0 fnt\n|-enditem|p1a: Corviknight|Silk Scarf|[from] move: Knock Off|[of] p2a: Ambipom\n|faint|p1a: Corviknight\n|\n|win|HyperX99 >.<\n|n|\u2606AmoghOp|amoghop\n|n|\u2606HyperX99 >.<|hyperx99\n|n| RapidCaribou|rapidcaribou\n", "inputlog": ">version a8376a258c1d4662feba110a92103f3664a72141\n>start {\"formatid\":\"gen9randombattle@@@Mayhem,Picked Team Size = 6,Max Team Size = 24\",\"seed\":\"sodium,e91bd12a8b1f64787ceab5e8abb07f02\",\"rated\":\"Tournament battle\"}\n>player p1 {\"name\":\"AmoghOp\",\"avatar\":\"steven-masters\",\"rating\":0,\"seed\":\"sodium,f5456ef44ebbb5bc3dd01d4342fd2818\"}\n>player p2 {\"name\":\"HyperX99 >.<\",\"avatar\":\"serena-masters2\",\"rating\":0,\"seed\":\"sodium,b5203edc5f0a8353f0435e418e829db9\"}\n>chat *PartProfessor|G'luck!\n>chat *PartBot|Good luck!\n>chat \u2606HyperX99 >.<|Hfhf\n>p1 team 4, 6, 18, 19, 13, 12\n>p2 team 2, 9, 6, 18, 3, 12\n>p1 move liquidation\n>p2 switch 5\n>p1 switch 3\n>p2 switch 2\n>p1 switch 6\n>p2 switch 4\n>p1 move tripleaxel\n>p2 move fireblast\n>p2 switch 3\n>chat \u2606AmoghOp|Mirror armor?\n>p1 switch 3\n>p2 move fakeout\n>chat \u2606HyperX99 >.<|Idk I didn't get ATK boost either \n>p1 switch 4\n>p2 move knockoff\n>chat \u2606AmoghOp|Why would u get atk boost?\n>p1 move dragondance\n>p2 move uturn\n>p2 switch 2\n>p1 switch 6\n>p2 move scaleshot\n>chat \u2606HyperX99 >.<|From Sun \n>chat \u2606AmoghOp|Bro\n>chat \u2606AmoghOp|Intimidate\n>chat \u2606AmoghOp|U r getting the boost\n>chat \u2606HyperX99 >.<|!dt orilchalchum pulse \n>chat \u2606AmoghOp|Maybe\n>chat \u2606AmoghOp|Idk\n>chat \u2606HyperX99 >.<|This bro\n>chat \u2606AmoghOp|Ik ik\n>chat \u2606AmoghOp|Maybe\n>chat \u2606AmoghOp|Glitch\n>p1 move uturn\n>p2 move collisioncourse\n>p1 switch 5\n>chat \u2606AmoghOp|This format is glitched\n>p2 switch 4\n>p1 move overheat\n>p2 move ironhead\n>p1 switch 3\n>p1 move bulkup\n>p2 switch 2\n>p1 move rapidspin\n>p2 move knockoff\n>p1 move tripleaxel\n>p2 move uturn\n>chat \u2606AmoghOp|Eh\n>p2 switch 6\n>p1 move closecombat\n>p2 move psyshock\n>p1 switch 5\n>p1 move roost\n>p2 switch 5\n>p1 move bodypress\n>p2 move gigadrain\n>p1 move uturn\n>p2 move stompingtantrum\n>p1 switch 4\n>p1 move gunkshot\n>p2 move sludgebomb\n>chat \u2606AmoghOp|Smh\n>p1 move gunkshot\n>p2 switch 2\n>p1 switch 6\n>p2 move ironhead\n>p1 switch 2\n>p1 move focusblast\n>p2 switch 2\n>p1 move focusblast\n>p2 move sludgebomb\n>p2 switch 6\n>p1 move focusblast\n>p2 move fakeout\n>p1 move focusblast\n>p2 move uturn\n>p2 switch 2\n>p1 switch 4\n>p1 switch 6\n>p2 move throatchop\n>p1 switch 6\n>p1 move roost terastallize\n>p2 switch 2\n>p1 move roost\n>p2 move fakeout\n>p1 move bodypress\n>p2 move knockoff\n>p1 move roost\n>p2 move doubleedge\n>p1 move bodypress\n>p2 move uturn\n>p2 switch 5\n>p1 move roost\n>p2 move earthpower\n>p1 move roost\n>p2 move earthpower\n>p1 move roost\n>p2 move earthpower\n>p1 move bodypress\n>p2 move earthpower\n>p2 switch 5\n>p1 move roost\n>p2 move fakeout\n>p1 move roost\n>p2 move knockoff", "uploadtime": 1781453520, "views": 4, "formatid": "gen9randombattle", "rating": null, "private": 0, "password": null, "player_dets": [{"name": "AmoghOp", "avatar": "steven-masters", "rating": 0, "seed": "sodium,f5456ef44ebbb5bc3dd01d4342fd2818"}, {"name": "HyperX99 >.<", "avatar": "serena-masters2", "rating": 0, "seed": "sodium,b5203edc5f0a8353f0435e418e829db9"}], "teams_full": [{"Poliwrath": {"name": "Poliwrath", "species": "Poliwrath", "speciesId": "poliwrath", "gender": "F", "shiny": false, "level": 88, "moves": ["raindance", "liquidation", "knockoff", "closecombat"], "ability": "Swift Swim", "evs": {"hp": 85, "atk": 85, "def": 85, "spa": 85, "spd": 85, "spe": 85}, "ivs": {"hp": 31, "atk": 31, "def": 31, "spa": 31, "spd": 31, "spe": 31}, "item": "Life Orb", "teraType": "Water", "role": "Setup Sweeper", "bvs": {"hp": 90, "atk": 95, "def": 95, "spa": 70, "spd": 90, "spe": 70}, "stats": {"hp": 302, "atk": 217, "def": 217, "spa": 173, "spd": 209, "spe": 173}, "types": ["Water", "Fighting"]}, "Iron Boulder": {"name": "Iron Boulder", "species": "Iron Boulder", "speciesId": "ironboulder", "gender": "N", "shiny": false, "level": 77, "moves": ["zenheadbutt", "swordsdance", "closecombat", "mightycleave"], "ability": "Quark Drive", "evs": {"hp": 85, "atk": 85, "def": 85, "spa": 85, "spd": 85, "spe": 85}, "ivs": {"hp": 31, "atk": 31, "def": 31, "spa": 31, "spd": 31, "spe": 31}, "item": "Booster Energy", "teraType": "Fighting", "role": "Fast Bulky Setup", "bvs": {"hp": 90, "atk": 120, "def": 80, "spa": 68, "spd": 108, "spe": 124}, "stats": {"hp": 265, "atk": 229, "def": 168, "spa": 149, "spd": 211, "spe": 236}, "types": ["Rock", "Psychic"]}, "Ampharos": {"name": "Ampharos", "species": "Ampharos", "speciesId": "ampharos", "gender": "M", "shiny": false, "level": 88, "moves": ["voltswitch", "dazzlinggleam", "focusblast", "thunderbolt"], "ability": "Static", "evs": {"hp": 85, "atk": 0, "def": 85, "spa": 85, "spd": 85, "spe": 85}, "ivs": {"hp": 31, "atk": 0, "def": 31, "spa": 31, "spd": 31, "spe": 31}, "item": "Choice Specs", "teraType": "Fairy", "role": "Wallbreaker", "bvs": {"hp": 90, "atk": 75, "def": 85, "spa": 115, "spd": 90, "spe": 55}, "stats": {"hp": 302, "atk": 137, "def": 200, "spa": 253, "spd": 209, "spe": 147}, "types": ["Electric"]}, "Overqwil": {"name": "Overqwil", "species": "Overqwil", "speciesId": "overqwil", "gender": "F", "shiny": false, "level": 82, "moves": ["crunch", "aquajet", "liquidation", "gunkshot"], "ability": "Intimidate", "evs": {"hp": 85, "atk": 85, "def": 85, "spa": 85, "spd": 85, "spe": 85}, "ivs": {"hp": 31, "atk": 31, "def": 31, "spa": 31, "spd": 31, "spe": 31}, "item": "Choice Band", "teraType": "Water", "role": "Fast Attacker", "bvs": {"hp": 85, "atk": 115, "def": 95, "spa": 65, "spd": 65, "spe": 85}, "stats": {"hp": 274, "atk": 236, "def": 203, "spa": 154, "spd": 154, "spe": 187}, "types": ["Dark", "Poison"]}, "Hitmonchan": {"name": "Hitmonchan", "species": "Hitmonchan", "speciesId": "hitmonchan", "gender": "M", "shiny": false, "level": 87, "moves": ["knockoff", "encore", "drainpunch", "rapidspin"], "ability": "Iron Fist", "evs": {"hp": 85, "atk": 85, "def": 85, "spa": 85, "spd": 85, "spe": 85}, "ivs": {"hp": 31, "atk": 31, "def": 31, "spa": 31, "spd": 31, "spe": 31}, "item": "Leftovers", "teraType": "Steel", "role": "Bulky Support", "bvs": {"hp": 50, "atk": 105, "def": 79, "spa": 35, "spd": 110, "spe": 76}, "stats": {"hp": 229, "atk": 232, "def": 187, "spa": 111, "spd": 241, "spe": 182}, "types": ["Fighting"]}, "Hoopa": {"name": "Hoopa", "species": "Hoopa", "speciesId": "hoopa", "gender": "N", "shiny": false, "level": 85, "moves": ["psychic", "shadowball", "focusblast", "trick"], "ability": "Magician", "evs": {"hp": 85, "atk": 0, "def": 85, "spa": 85, "spd": 85, "spe": 85}, "ivs": {"hp": 31, "atk": 0, "def": 31, "spa": 31, "spd": 31, "spe": 31}, "item": "Choice Scarf", "teraType": "Psychic", "role": "Fast Attacker", "bvs": {"hp": 80, "atk": 110, "def": 60, "spa": 150, "spd": 130, "spe": 70}, "stats": {"hp": 275, "atk": 192, "def": 151, "spa": 304, "spd": 270, "spe": 168}, "types": ["Psychic", "Ghost"]}}, {"Altaria": {"name": "Altaria", "species": "Altaria", "speciesId": "altaria", "gender": "F", "shiny": false, "level": 89, "moves": ["roost", "defog", "bravebird", "willowisp"], "ability": "Natural Cure", "evs": {"hp": 85, "atk": 85, "def": 85, "spa": 85, "spd": 85, "spe": 85}, "ivs": {"hp": 31, "atk": 31, "def": 31, "spa": 31, "spd": 31, "spe": 31}, "item": "Heavy-Duty Boots", "teraType": "Steel", "role": "Bulky Support", "bvs": {"hp": 75, "atk": 70, "def": 90, "spa": 70, "spd": 105, "spe": 80}, "stats": {"hp": 278, "atk": 175, "def": 211, "spa": 175, "spd": 238, "spe": 193}, "types": ["Dragon", "Flying"]}, "Amoonguss": {"name": "Amoonguss", "species": "Amoonguss", "speciesId": "amoonguss", "gender": "F", "shiny": false, "level": 82, "moves": ["sludgebomb", "spore", "gigadrain", "stompingtantrum"], "ability": "Regenerator", "evs": {"hp": 85, "atk": 85, "def": 85, "spa": 85, "spd": 85, "spe": 85}, "ivs": {"hp": 31, "atk": 31, "def": 31, "spa": 31, "spd": 31, "spe": 31}, "item": "Leftovers", "teraType": "Water", "role": "Bulky Attacker", "bvs": {"hp": 114, "atk": 85, "def": 70, "spa": 85, "spd": 80, "spe": 30}, "stats": {"hp": 321, "atk": 187, "def": 162, "spa": 187, "spd": 178, "spe": 96}, "types": ["Grass", "Poison"]}, "Koraidon": {"name": "Koraidon", "species": "Koraidon", "speciesId": "koraidon", "gender": "N", "shiny": false, "level": 64, "moves": ["collisioncourse", "flareblitz", "scaleshot", "swordsdance"], "ability": "Orichalcum Pulse", "evs": {"hp": 85, "atk": 85, "def": 85, "spa": 85, "spd": 85, "spe": 85}, "ivs": {"hp": 31, "atk": 31, "def": 31, "spa": 31, "spd": 31, "spe": 31}, "item": "Loaded Dice", "teraType": "Fire", "role": "Setup Sweeper", "bvs": {"hp": 100, "atk": 135, "def": 115, "spa": 85, "spd": 100, "spe": 135}, "stats": {"hp": 235, "atk": 211, "def": 185, "spa": 147, "spd": 166, "spe": 211}, "types": ["Fighting", "Dragon"]}, "Cloyster": {"name": "Cloyster", "species": "Cloyster", "speciesId": "cloyster", "gender": "M", "shiny": false, "level": 80, "moves": ["iciclespear", "shellsmash", "hydropump", "rockblast"], "ability": "Skill Link", "evs": {"hp": 85, "atk": 85, "def": 85, "spa": 85, "spd": 85, "spe": 85}, "ivs": {"hp": 31, "atk": 31, "def": 31, "spa": 31, "spd": 31, "spe": 31}, "item": "White Herb", "teraType": "Rock", "role": "Setup Sweeper", "bvs": {"hp": 50, "atk": 95, "def": 180, "spa": 85, "spd": 45, "spe": 70}, "stats": {"hp": 211, "atk": 198, "def": 334, "spa": 182, "spd": 118, "spe": 158}, "types": ["Water", "Ice"]}, "Charizard": {"name": "Charizard", "species": "Charizard", "speciesId": "charizard", "gender": "F", "shiny": false, "level": 85, "moves": ["willowisp", "flamethrower", "hurricane", "earthquake"], "ability": "Blaze", "evs": {"hp": 85, "atk": 85, "def": 85, "spa": 85, "spd": 85, "spe": 85}, "ivs": {"hp": 31, "atk": 31, "def": 31, "spa": 31, "spd": 31, "spe": 31}, "item": "Heavy-Duty Boots", "teraType": "Ground", "role": "Fast Attacker", "bvs": {"hp": 78, "atk": 84, "def": 78, "spa": 109, "spd": 85, "spe": 100}, "stats": {"hp": 271, "atk": 192, "def": 181, "spa": 234, "spd": 193, "spe": 219}, "types": ["Fire", "Flying"]}, "Ambipom": {"name": "Ambipom", "species": "Ambipom", "speciesId": "ambipom", "gender": "F", "shiny": false, "level": 84, "moves": ["knockoff", "uturn", "fakeout", "doubleedge"], "ability": "Technician", "evs": {"hp": 85, "atk": 85, "def": 85, "spa": 85, "spd": 85, "spe": 85}, "ivs": {"hp": 31, "atk": 31, "def": 31, "spa": 31, "spd": 31, "spe": 31}, "item": "Silk Scarf", "teraType": "Normal", "role": "Wallbreaker", "bvs": {"hp": 75, "atk": 100, "def": 66, "spa": 60, "spd": 66, "spe": 115}, "stats": {"hp": 263, "atk": 216, "def": 159, "spa": 149, "spd": 159, "spe": 241}, "types": ["Normal"]}}]}