{"id": "gen9randombattle-2631916384", "format": "[Gen 9] Random Battle", "players": ["actuary97", "remontadaPOKE"], "log": "|j|\u2606actuary97\n|j|\u2606remontadaPOKE\n|t:|1781455305\n|gametype|singles\n|player|p1|actuary97|sabrina-frlg|2008\n|player|p2|remontadaPOKE|unknown|1965\n|gen|9\n|tier|[Gen 9] Random Battle\n|rated|\n|rule|Species Clause: Limit one of each Pok\u00e9mon\n|rule|HP Percentage Mod: HP is shown in percentages\n|rule|Sleep Clause Mod: Limit one foe put to sleep\n|rule|Illusion Level Mod: Illusion disguises the Pok\u00e9mon's true level\n|\n|t:|1781455305\n|teamsize|p1|6\n|teamsize|p2|6\n|start\n|switch|p1a: Comfey|Comfey, L85, M|225/225\n|switch|p2a: Pachirisu|Pachirisu, L96, F|271/271\n|turn|1\n|inactive|Battle timer is ON: inactive players will automatically lose when time's up. (requested by actuary97)\n|\n|t:|1781455323\n|switch|p1a: Quagsire|Quagsire, L84, F|297/297\n|move|p2a: Pachirisu|Discharge|p1a: Quagsire\n|-immune|p1a: Quagsire\n|\n|upkeep\n|turn|2\n|\n|t:|1781455332\n|move|p2a: Pachirisu|U-turn|p1a: Quagsire\n|-damage|p1a: Quagsire|260/297\n|\n|t:|1781455337\n|switch|p2a: Skarmory|Skarmory, L80, M|235/235|[from] U-turn\n|move|p1a: Quagsire|Toxic|p2a: Skarmory\n|-immune|p2a: Skarmory\n|\n|-heal|p1a: Quagsire|278/297|[from] item: Leftovers\n|upkeep\n|turn|3\n|\n|t:|1781455343\n|switch|p1a: Lumineon|Lumineon, L93, M|279/279\n|move|p2a: Skarmory|Stealth Rock|p1a: Lumineon\n|-sidestart|p1: actuary97|move: Stealth Rock\n|\n|upkeep\n|turn|4\n|\n|t:|1781455353\n|move|p1a: Lumineon|Hydro Pump|p2a: Skarmory\n|-damage|p2a: Skarmory|66/235\n|-damage|p1a: Lumineon|252/279|[from] item: Life Orb\n|move|p2a: Skarmory|Brave Bird|p1a: Lumineon\n|-damage|p1a: Lumineon|150/279\n|-damage|p2a: Skarmory|32/235|[from] Recoil\n|\n|-heal|p2a: Skarmory|46/235|[from] item: Leftovers\n|upkeep\n|turn|5\n|\n|t:|1781455357\n|move|p1a: Lumineon|Ice Beam|p2a: Skarmory\n|-damage|p2a: Skarmory|0 fnt\n|faint|p2a: Skarmory\n|-damage|p1a: Lumineon|123/279|[from] item: Life Orb\n|\n|upkeep\n|\n|t:|1781455365\n|switch|p2a: Ludicolo|Ludicolo, L90, F|290/290\n|turn|6\n|\n|t:|1781455372\n|move|p1a: Lumineon|Ice Beam|p2a: Ludicolo\n|-damage|p2a: Ludicolo|219/290\n|-damage|p1a: Lumineon|96/279|[from] item: Life Orb\n|move|p2a: Ludicolo|Giga Drain|p1a: Lumineon\n|-supereffective|p1a: Lumineon\n|-damage|p1a: Lumineon|0 fnt\n|-heal|p2a: Ludicolo|267/290|[from] drain|[of] p1a: Lumineon\n|faint|p1a: Lumineon\n|\n|upkeep\n|\n|t:|1781455376\n|switch|p1a: Staraptor|Staraptor, L79, M|263/263\n|-damage|p1a: Staraptor|198/263|[from] Stealth Rock\n|turn|7\n|\n|t:|1781455381\n|switch|p2a: Forretress|Forretress, L84, F|263/263\n|move|p1a: Staraptor|U-turn|p2a: Forretress\n|-resisted|p2a: Forretress\n|-damage|p2a: Forretress|235/263\n|\n|t:|1781455394\n|switch|p1a: Raikou|Raikou, L81|278/278|[from] U-turn\n|-damage|p1a: Raikou|244/278|[from] Stealth Rock\n|-ability|p1a: Raikou|Pressure\n|\n|-heal|p1a: Raikou|261/278|[from] item: Leftovers\n|-heal|p2a: Forretress|251/263|[from] item: Leftovers\n|upkeep\n|turn|8\n|\n|t:|1781455401\n|switch|p2a: Ting-Lu|Ting-Lu, L78|370/370\n|-ability|p2a: Ting-Lu|Vessel of Ruin\n|move|p1a: Raikou|Calm Mind|p1a: Raikou\n|-boost|p1a: Raikou|spa|1\n|-boost|p1a: Raikou|spd|1\n|\n|-heal|p1a: Raikou|278/278|[from] item: Leftovers\n|upkeep\n|turn|9\n|\n|t:|1781455407\n|move|p1a: Raikou|Scald|p2a: Ting-Lu\n|-supereffective|p2a: Ting-Lu\n|-damage|p2a: Ting-Lu|224/370\n|move|p2a: Ting-Lu|Whirlwind|p1a: Raikou\n|drag|p1a: Comfey|Comfey, L85, M|225/225\n|-damage|p1a: Comfey|197/225|[from] Stealth Rock\n|\n|-heal|p1a: Comfey|211/225|[from] item: Leftovers\n|-heal|p2a: Ting-Lu|247/370|[from] item: Leftovers\n|upkeep\n|turn|10\n|\n|t:|1781455416\n|switch|p2a: Forretress|Forretress, L84, F|251/263\n|move|p1a: Comfey|Draining Kiss|p2a: Forretress\n|-resisted|p2a: Forretress\n|-damage|p2a: Forretress|220/263\n|-heal|p1a: Comfey|225/225|[from] drain|[of] p2a: Forretress\n|\n|-heal|p2a: Forretress|236/263|[from] item: Leftovers\n|upkeep\n|turn|11\n|\n|t:|1781455421\n|switch|p1a: Staraptor|Staraptor, L79, M|198/263\n|-damage|p1a: Staraptor|133/263|[from] Stealth Rock\n|move|p2a: Forretress|Spikes|p1a: Staraptor\n|-sidestart|p1: actuary97|Spikes\n|\n|-heal|p2a: Forretress|252/263|[from] item: Leftovers\n|upkeep\n|turn|12\n|\n|t:|1781455425\n|move|p1a: Staraptor|Brave Bird|p2a: Forretress\n|-damage|p2a: Forretress|77/263\n|-damage|p1a: Staraptor|75/263|[from] Recoil\n|move|p2a: Forretress|Spikes|p1a: Staraptor\n|-sidestart|p1: actuary97|Spikes\n|\n|-heal|p2a: Forretress|93/263|[from] item: Leftovers\n|upkeep\n|turn|13\n|\n|t:|1781455428\n|move|p1a: Staraptor|Brave Bird|p2a: Forretress\n|-damage|p2a: Forretress|0 fnt\n|faint|p2a: Forretress\n|-damage|p1a: Staraptor|44/263|[from] Recoil\n|\n|upkeep\n|\n|t:|1781455433\n|switch|p2a: Pachirisu|Pachirisu, L96, F|271/271\n|turn|14\n|\n|t:|1781455437\n|switch|p1a: Quagsire|Quagsire, L84, F|278/297\n|-damage|p1a: Quagsire|260/297|[from] Stealth Rock\n|-damage|p1a: Quagsire|211/297|[from] Spikes\n|move|p2a: Pachirisu|Discharge|p1a: Quagsire\n|-immune|p1a: Quagsire\n|\n|-heal|p1a: Quagsire|229/297|[from] item: Leftovers\n|upkeep\n|turn|15\n|\n|t:|1781455442\n|move|p2a: Pachirisu|Super Fang|p1a: Quagsire\n|-damage|p1a: Quagsire|115/297\n|move|p1a: Quagsire|Toxic|p2a: Pachirisu\n|-status|p2a: Pachirisu|tox\n|\n|-heal|p1a: Quagsire|133/297|[from] item: Leftovers\n|-damage|p2a: Pachirisu|255/271 tox|[from] psn\n|upkeep\n|turn|16\n|\n|t:|1781455447\n|move|p2a: Pachirisu|Encore|p1a: Quagsire\n|-start|p1a: Quagsire|Encore\n|move|p1a: Quagsire|Toxic|p2a: Pachirisu\n|-fail|p2a: Pachirisu|tox\n|\n|-heal|p1a: Quagsire|151/297|[from] item: Leftovers\n|-damage|p2a: Pachirisu|223/271 tox|[from] psn\n|upkeep\n|turn|17\n|\n|t:|1781455454\n|move|p2a: Pachirisu|U-turn|p1a: Quagsire\n|-damage|p1a: Quagsire|111/297\n|\n|t:|1781455456\n|switch|p2a: Ludicolo|Ludicolo, L90, F|267/290|[from] U-turn\n|move|p1a: Quagsire|Toxic|p2a: Ludicolo\n|-status|p2a: Ludicolo|tox\n|\n|-heal|p1a: Quagsire|129/297|[from] item: Leftovers\n|-damage|p2a: Ludicolo|249/290 tox|[from] psn\n|upkeep\n|turn|18\n|\n|t:|1781455464\n|switch|p1a: Bellossom|Bellossom, L84, F|263/263\n|-damage|p1a: Bellossom|231/263|[from] Stealth Rock\n|-damage|p1a: Bellossom|188/263|[from] Spikes\n|move|p2a: Ludicolo|Giga Drain|p1a: Bellossom\n|-resisted|p1a: Bellossom\n|-damage|p1a: Bellossom|124/263\n|-heal|p2a: Ludicolo|281/290 tox|[from] drain|[of] p1a: Bellossom\n|\n|-heal|p1a: Bellossom|140/263|[from] item: Leftovers\n|-damage|p2a: Ludicolo|245/290 tox|[from] psn\n|upkeep\n|turn|19\n|\n|t:|1781455471\n|switch|p2a: Masquerain|Masquerain, L87, M|264/264\n|-ability|p2a: Masquerain|Intimidate|boost\n|-unboost|p1a: Bellossom|atk|1\n|move|p1a: Bellossom|Giga Drain|p2a: Masquerain\n|-resisted|p2a: Masquerain\n|-damage|p2a: Masquerain|243/264\n|-heal|p1a: Bellossom|151/263|[from] drain|[of] p2a: Masquerain\n|\n|-heal|p1a: Bellossom|167/263|[from] item: Leftovers\n|upkeep\n|turn|20\n|\n|t:|1781455482\n|switch|p1a: Raikou|Raikou, L81|278/278\n|-damage|p1a: Raikou|244/278|[from] Stealth Rock\n|-damage|p1a: Raikou|198/278|[from] Spikes\n|-ability|p1a: Raikou|Pressure\n|move|p2a: Masquerain|Quiver Dance|p2a: Masquerain\n|-boost|p2a: Masquerain|spa|1\n|-boost|p2a: Masquerain|spd|1\n|-boost|p2a: Masquerain|spe|1\n|\n|-heal|p1a: Raikou|215/278|[from] item: Leftovers\n|upkeep\n|turn|21\n|\n|t:|1781455494\n|move|p2a: Masquerain|Bug Buzz|p1a: Raikou\n|-damage|p1a: Raikou|59/278\n|move|p1a: Raikou|Calm Mind|p1a: Raikou\n|-boost|p1a: Raikou|spa|1\n|-boost|p1a: Raikou|spd|1\n|\n|-heal|p1a: Raikou|76/278|[from] item: Leftovers\n|upkeep\n|turn|22\n|\n|t:|1781455501\n|move|p2a: Masquerain|Bug Buzz|p1a: Raikou\n|-damage|p1a: Raikou|0 fnt\n|faint|p1a: Raikou\n|\n|upkeep\n|\n|t:|1781455507\n|switch|p1a: Quagsire|Quagsire, L84, F|129/297\n|-damage|p1a: Quagsire|111/297|[from] Stealth Rock\n|-damage|p1a: Quagsire|62/297|[from] Spikes\n|turn|23\n|\n|t:|1781455514\n|move|p2a: Masquerain|Hydro Pump|p1a: Quagsire\n|-damage|p1a: Quagsire|0 fnt\n|faint|p1a: Quagsire\n|\n|upkeep\n|\n|t:|1781455519\n|switch|p1a: Staraptor|Staraptor, L79, M|44/263\n|-damage|p1a: Staraptor|0 fnt|[from] Stealth Rock\n|faint|p1a: Staraptor\n|\n|t:|1781455521\n|switch|p1a: Comfey|Comfey, L85, M|225/225\n|-damage|p1a: Comfey|197/225|[from] Stealth Rock\n|-damage|p1a: Comfey|160/225|[from] Spikes\n|turn|24\n|\n|t:|1781455532\n|move|p2a: Masquerain|Hurricane|p1a: Comfey\n|-damage|p1a: Comfey|0 fnt\n|faint|p1a: Comfey\n|\n|upkeep\n|-message|actuary97 forfeited.\n|\n|win|remontadaPOKE\n", "inputlog": ">version a8376a258c1d4662feba110a92103f3664a72141\n>start {\"formatid\":\"gen9randombattle\",\"seed\":\"sodium,61c244597518ee58361365d5e0efbb56\",\"rated\":\"Rated battle\"}\n>player p1 {\"name\":\"actuary97\",\"avatar\":\"sabrina-frlg\",\"rating\":2008,\"seed\":\"sodium,e11ec6a422761b9ad9adb65016d2f303\"}\n>player p2 {\"name\":\"remontadaPOKE\",\"avatar\":\"unknown\",\"rating\":1965,\"seed\":\"sodium,7032398387e39c4b69eb4363faf1a28f\"}\n>p1 switch 4\n>p2 move discharge\n>p1 move toxic\n>p2 move uturn\n>p2 switch 2\n>p1 switch 2\n>p2 move stealthrock\n>p1 move hydropump\n>p2 move bravebird\n>p1 move icebeam\n>p2 move bravebird\n>p2 switch 6\n>p1 move icebeam\n>p2 move gigadrain\n>p1 switch 6\n>p1 move uturn\n>p2 switch 5\n>p1 switch 5\n>p1 move calmmind\n>p2 switch 4\n>p1 move scald\n>p2 move whirlwind\n>p1 move drainingkiss\n>p2 switch 4\n>p1 switch 5\n>p2 move spikes\n>p1 move bravebird\n>p2 move spikes\n>p1 move bravebird\n>p2 move spikes\n>p2 switch 2\n>p1 switch 2\n>p2 move discharge\n>p1 move toxic\n>p2 move superfang\n>p1 move recover\n>p2 move encore\n>p1 move toxic\n>p2 move uturn\n>p2 switch 5\n>p1 switch 3\n>p2 move gigadrain\n>p1 move gigadrain\n>p2 switch 3\n>p1 switch 4\n>p2 move quiverdance\n>p1 move calmmind\n>p2 move bugbuzz\n>p1 move thunderbolt\n>p2 move bugbuzz\n>p1 switch 3\n>p1 move recover\n>p2 move hydropump\n>p1 switch 2\n>p1 switch 5\n>p1 move calmmind\n>p2 move hurricane\n>forcelose p1", "uploadtime": 1781455307, "views": 4, "formatid": "gen9randombattle", "rating": null, "private": 0, "password": null}