{"id": "gen9randombattle-2631592373", "format": "[Gen 9] Random Battle", "players": ["Pokeoke", "nickolassbomfim"], "log": "|j|\u2606Pokeoke\n|j|\u2606nickolassbomfim\n|t:|1781405790\n|gametype|singles\n|player|p1|Pokeoke|265|2060\n|player|p2|nickolassbomfim|red-masters|1973\n|gen|9\n|tier|[Gen 9] Random Battle\n|rated|\n|rule|Species Clause: Limit one of each Pok\u00e9mon\n|rule|HP Percentage Mod: HP is shown in percentages\n|rule|Sleep Clause Mod: Limit one foe put to sleep\n|rule|Illusion Level Mod: Illusion disguises the Pok\u00e9mon's true level\n|\n|t:|1781405790\n|teamsize|p1|6\n|teamsize|p2|6\n|start\n|switch|p1a: Palkia|Palkia, L75|259/259\n|switch|p2a: Lumineon|Lumineon, L93, F|279/279\n|-ability|p1a: Palkia|Pressure\n|turn|1\n|inactive|Battle timer is ON: inactive players will automatically lose when time's up. (requested by nickolassbomfim)\n|\n|t:|1781405802\n|move|p1a: Palkia|Spacial Rend|p2a: Lumineon\n|-damage|p2a: Lumineon|164/279\n|move|p2a: Lumineon|U-turn|p1a: Palkia\n|-damage|p1a: Palkia|212/259\n|\n|t:|1781405809\n|switch|p2a: Perrserker|Perrserker, L89, M|269/269|[from] U-turn\n|\n|upkeep\n|turn|2\n|\n|t:|1781405813\n|switch|p1a: Skarmory|Skarmory, L80, F|235/235\n|move|p2a: Perrserker|Knock Off|p1a: Skarmory\n|-damage|p1a: Skarmory|115/235\n|-damage|p2a: Perrserker|225/269|[from] item: Rocky Helmet|[of] p1a: Skarmory\n|-enditem|p1a: Skarmory|Rocky Helmet|[from] move: Knock Off|[of] p2a: Perrserker\n|\n|upkeep\n|turn|3\n|\n|t:|1781405820\n|switch|p2a: Palossand|Palossand, L89, M|296/296\n|move|p1a: Skarmory|Roost|p1a: Skarmory\n|-heal|p1a: Skarmory|233/235\n|-singleturn|p1a: Skarmory|move: Roost\n|\n|upkeep\n|turn|4\n|\n|t:|1781405825\n|move|p1a: Skarmory|Stealth Rock|p2a: Palossand\n|-sidestart|p2: nickolassbomfim|move: Stealth Rock\n|move|p2a: Palossand|Shadow Ball|p1a: Skarmory\n|-damage|p1a: Skarmory|121/235\n|\n|upkeep\n|turn|5\n|\n|t:|1781405829\n|move|p1a: Skarmory|Spikes|p2a: Palossand\n|-sidestart|p2: nickolassbomfim|Spikes\n|move|p2a: Palossand|Shadow Ball|p1a: Skarmory\n|-damage|p1a: Skarmory|1/235\n|-unboost|p1a: Skarmory|spd|1\n|\n|upkeep\n|turn|6\n|\n|t:|1781405837\n|move|p1a: Skarmory|Brave Bird|p2a: Palossand\n|-damage|p2a: Palossand|217/296\n|-damage|p1a: Skarmory|0 fnt|[from] Recoil\n|faint|p1a: Skarmory\n|move|p2a: Palossand|Shadow Ball|p1: Skarmory|[notarget]\n|-fail|p2a: Palossand\n|\n|-heal|p2a: Palossand|235/296|[from] item: Leftovers\n|upkeep\n|\n|t:|1781405864\n|switch|p1a: Palkia|Palkia, L75|212/259\n|-ability|p1a: Palkia|Pressure\n|turn|7\n|\n|t:|1781405868\n|move|p1a: Palkia|Spacial Rend|p2a: Palossand\n|-damage|p2a: Palossand|111/296\n|move|p2a: Palossand|Shadow Ball|p1a: Palkia\n|-damage|p1a: Palkia|130/259\n|\n|-heal|p2a: Palossand|129/296|[from] item: Leftovers\n|upkeep\n|turn|8\n|\n|t:|1781405872\n|move|p1a: Palkia|Spacial Rend|p2a: Palossand\n|-damage|p2a: Palossand|2/296\n|move|p2a: Palossand|Shore Up|p2a: Palossand\n|-heal|p2a: Palossand|150/296\n|\n|-heal|p2a: Palossand|168/296|[from] item: Leftovers\n|upkeep\n|turn|9\n|\n|t:|1781405876\n|move|p1a: Palkia|Spacial Rend|p2a: Palossand\n|-damage|p2a: Palossand|29/296\n|move|p2a: Palossand|Shore Up|p2a: Palossand\n|-heal|p2a: Palossand|177/296\n|\n|-heal|p2a: Palossand|195/296|[from] item: Leftovers\n|upkeep\n|turn|10\n|\n|t:|1781405879\n|switch|p2a: Hatterene|Hatterene, L85, F|236/236\n|-damage|p2a: Hatterene|207/236|[from] Stealth Rock\n|-damage|p2a: Hatterene|178/236|[from] Spikes\n|move|p1a: Palkia|Spacial Rend|p2a: Hatterene\n|-immune|p2a: Hatterene\n|\n|-heal|p2a: Hatterene|192/236|[from] item: Leftovers\n|upkeep\n|turn|11\n|\n|t:|1781405883\n|switch|p1a: Slowbro|Slowbro-Galar, L87, M|307/307\n|move|p2a: Hatterene|Calm Mind|p2a: Hatterene\n|-boost|p2a: Hatterene|spa|1\n|-boost|p2a: Hatterene|spd|1\n|\n|-heal|p2a: Hatterene|206/236|[from] item: Leftovers\n|upkeep\n|turn|12\n|\n|t:|1781405889\n|switch|p2a: Perrserker|Perrserker, L89, M|225/269\n|-damage|p2a: Perrserker|209/269|[from] Stealth Rock\n|-damage|p2a: Perrserker|176/269|[from] Spikes\n|move|p1a: Slowbro|Shell Side Arm|p2a: Perrserker|[anim] Shell Side Arm Special\n|-immune|p2a: Perrserker\n|\n|upkeep\n|turn|13\n|\n|t:|1781405902\n|move|p2a: Perrserker|Knock Off|p1a: Slowbro\n|-supereffective|p1a: Slowbro\n|-damage|p1a: Slowbro|0 fnt\n|-enditem|p1a: Slowbro|Life Orb|[from] move: Knock Off|[of] p2a: Perrserker\n|faint|p1a: Slowbro\n|\n|upkeep\n|\n|t:|1781405914\n|switch|p1a: Jolteon|Jolteon, L84, M|246/246\n|turn|14\n|\n|t:|1781405918\n|move|p1a: Jolteon|Calm Mind|p1a: Jolteon\n|-boost|p1a: Jolteon|spa|1\n|-boost|p1a: Jolteon|spd|1\n|move|p2a: Perrserker|Knock Off|p1a: Jolteon\n|-damage|p1a: Jolteon|28/246\n|-enditem|p1a: Jolteon|Life Orb|[from] move: Knock Off|[of] p2a: Perrserker\n|\n|upkeep\n|turn|15\n|\n|t:|1781405922\n|move|p1a: Jolteon|Thunderbolt|p2a: Perrserker\n|-damage|p2a: Perrserker|0 fnt\n|faint|p2a: Perrserker\n|\n|upkeep\n|\n|t:|1781405928\n|switch|p2a: Mamoswine|Mamoswine, L81, F|311/311\n|-damage|p2a: Mamoswine|273/311|[from] Stealth Rock\n|-damage|p2a: Mamoswine|235/311|[from] Spikes\n|turn|16\n|\n|t:|1781405935\n|switch|p1a: Palkia|Palkia, L75|130/259\n|-ability|p1a: Palkia|Pressure\n|move|p2a: Mamoswine|Stealth Rock|p1a: Palkia\n|-sidestart|p1: Pokeoke|move: Stealth Rock\n|\n|upkeep\n|turn|17\n|\n|t:|1781405944\n|move|p2a: Mamoswine|Ice Shard|p1a: Palkia\n|-damage|p1a: Palkia|64/259\n|-damage|p2a: Mamoswine|204/311|[from] item: Life Orb\n|move|p1a: Palkia|Hydro Pump|p2a: Mamoswine\n|-supereffective|p2a: Mamoswine\n|-damage|p2a: Mamoswine|0 fnt\n|faint|p2a: Mamoswine\n|\n|upkeep\n|\n|t:|1781405947\n|switch|p2a: Lumineon|Lumineon, L93, F|164/279\n|turn|18\n|\n|t:|1781405951\n|switch|p1a: Politoed|Politoed, L88, M|302/302\n|-damage|p1a: Politoed|265/302|[from] Stealth Rock\n|-weather|RainDance|[from] ability: Drizzle|[of] p1a: Politoed\n|move|p2a: Lumineon|Ice Beam|p1a: Politoed\n|-resisted|p1a: Politoed\n|-damage|p1a: Politoed|238/302\n|\n|-weather|RainDance|[upkeep]\n|upkeep\n|turn|19\n|\n|t:|1781405957\n|move|p2a: Lumineon|U-turn|p1a: Politoed\n|-damage|p1a: Politoed|191/302\n|\n|t:|1781405960\n|switch|p2a: Palossand|Palossand, L89, M|195/296|[from] U-turn\n|-damage|p2a: Palossand|177/296|[from] Stealth Rock\n|-damage|p2a: Palossand|140/296|[from] Spikes\n|move|p1a: Politoed|Hypnosis|p2a: Palossand|[miss]\n|-miss|p1a: Politoed|p2a: Palossand\n|\n|-weather|RainDance|[upkeep]\n|-heal|p2a: Palossand|158/296|[from] item: Leftovers\n|upkeep\n|turn|20\n|\n|t:|1781405964\n|switch|p2a: Lumineon|Lumineon, L93, F|164/279\n|move|p1a: Politoed|Ice Beam|p2a: Lumineon\n|-resisted|p2a: Lumineon\n|-damage|p2a: Lumineon|134/279\n|-status|p2a: Lumineon|frz\n|\n|-weather|RainDance|[upkeep]\n|upkeep\n|turn|21\n|\n|t:|1781405969\n|cant|p2a: Lumineon|frz\n|move|p1a: Politoed|Rest|p1a: Politoed\n|-status|p1a: Politoed|slp|[from] move: Rest\n|-heal|p1a: Politoed|302/302 slp|[silent]\n|-enditem|p1a: Politoed|Chesto Berry|[eat]\n|-curestatus|p1a: Politoed|slp|[msg]\n|\n|-weather|RainDance|[upkeep]\n|upkeep\n|turn|22\n|\n|t:|1781405971\n|switch|p1a: Mimikyu|Mimikyu, L79, F|216/216\n|-damage|p1a: Mimikyu|189/216|[from] Stealth Rock\n|cant|p2a: Lumineon|frz\n|\n|-weather|none\n|upkeep\n|turn|23\n|\n|t:|1781405973\n|-curestatus|p2a: Lumineon|frz|[msg]\n|move|p2a: Lumineon|U-turn|p1a: Mimikyu\n|-activate|p1a: Mimikyu|ability: Disguise\n|-damage|p1a: Mimikyu|189/216\n|detailschange|p1a: Mimikyu|Mimikyu-Busted, L79, F\n|-damage|p1a: Mimikyu|162/216|[from] pokemon: Mimikyu-Busted\n|\n|t:|1781405977\n|switch|p2a: Palossand|Palossand, L89, M|158/296|[from] U-turn\n|-damage|p2a: Palossand|140/296|[from] Stealth Rock\n|-damage|p2a: Palossand|103/296|[from] Spikes\n|move|p1a: Mimikyu|Swords Dance|p1a: Mimikyu\n|-boost|p1a: Mimikyu|atk|2\n|\n|-heal|p2a: Palossand|121/296|[from] item: Leftovers\n|upkeep\n|turn|24\n|\n|t:|1781405982\n|-terastallize|p2a: Palossand|Poison\n|move|p1a: Mimikyu|Shadow Claw|p2a: Palossand\n|-damage|p2a: Palossand|0 fnt\n|faint|p2a: Palossand\n|-damage|p1a: Mimikyu|141/216|[from] item: Life Orb\n|\n|upkeep\n|\n|t:|1781405987\n|switch|p2a: Lumineon|Lumineon, L93, F|134/279\n|turn|25\n|\n|t:|1781405990\n|move|p2a: Lumineon|Hydro Pump|p1a: Mimikyu\n|-crit|p1a: Mimikyu\n|-damage|p1a: Mimikyu|0 fnt\n|faint|p1a: Mimikyu\n|\n|upkeep\n|\n|t:|1781405994\n|switch|p1a: Jolteon|Jolteon, L84, M|28/246\n|-damage|p1a: Jolteon|0 fnt|[from] Stealth Rock\n|faint|p1a: Jolteon\n|\n|t:|1781405998\n|switch|p1a: Palkia|Palkia, L75|64/259\n|-damage|p1a: Palkia|32/259|[from] Stealth Rock\n|-ability|p1a: Palkia|Pressure\n|turn|26\n|\n|t:|1781406006\n|switch|p2a: Hatterene|Hatterene, L85, F|206/236\n|-damage|p2a: Hatterene|177/236|[from] Stealth Rock\n|-damage|p2a: Hatterene|148/236|[from] Spikes\n|move|p1a: Palkia|Hydro Pump|p2a: Hatterene\n|-damage|p2a: Hatterene|30/236\n|\n|-heal|p2a: Hatterene|44/236|[from] item: Leftovers\n|upkeep\n|turn|27\n|-message|Pokeoke forfeited.\n|\n|win|nickolassbomfim\n", "inputlog": ">version a8376a258c1d4662feba110a92103f3664a72141\n>start {\"formatid\":\"gen9randombattle\",\"seed\":\"sodium,30f80f85c0f407554746f1e84a394dd2\",\"rated\":\"Rated battle\"}\n>player p1 {\"name\":\"Pokeoke\",\"avatar\":\"265\",\"rating\":2060,\"seed\":\"sodium,91682c2ce9681cfdeb9132ac49de8df1\"}\n>player p2 {\"name\":\"nickolassbomfim\",\"avatar\":\"red-masters\",\"rating\":1973,\"seed\":\"sodium,ee3f3666d80be1541e836bb5b5cb4a78\"}\n>p1 move spacialrend\n>p2 move uturn\n>p2 switch 5\n>p1 switch 4\n>p2 move knockoff\n>p1 move roost\n>p2 switch 3\n>p1 move stealthrock\n>p2 move shadowball\n>p1 move spikes\n>p2 move shadowball\n>p1 move bravebird\n>p2 move shadowball\n>p1 switch 4\n>p1 move spacialrend\n>p2 move shadowball\n>p1 move spacialrend\n>p2 move shoreup\n>p1 move spacialrend\n>p2 move shoreup\n>p1 move spacialrend\n>p2 switch 4\n>p1 switch 3\n>p2 move calmmind\n>p1 move shellsidearm\n>p2 switch 3\n>p1 move trickroom\n>p2 move knockoff\n>p1 switch 2\n>p1 move calmmind\n>p2 move knockoff\n>p1 move thunderbolt\n>p2 move knockoff\n>p2 switch 6\n>p1 switch 3\n>p2 move stealthrock\n>p1 move hydropump\n>p2 move iceshard\n>p2 switch 5\n>p1 switch 6\n>p2 move icebeam\n>p1 move hypnosis\n>p2 move uturn\n>p2 switch 4\n>p1 move icebeam\n>p2 switch 4\n>p1 move rest\n>p2 move uturn\n>p1 switch 5\n>p2 move encore\n>p1 move swordsdance\n>p2 move uturn\n>p2 switch 4\n>p1 move shadowclaw\n>p2 move shoreup terastallize\n>p2 switch 4\n>p1 move shadowclaw\n>p2 move hydropump\n>p1 switch 3\n>p1 switch 6\n>p1 move hydropump\n>p2 switch 3\n>forcelose p1", "uploadtime": 1781405791, "views": 8, "formatid": "gen9randombattle", "rating": null, "private": 0, "password": null}