{"id": "gen9randombattle-2631516779", "format": "[Gen 9] Random Battle", "players": ["Pokkopok", "Omnimon merciful m"], "log": "|j|\u2606Pokkopok\n|j|\u2606Omnimon merciful m\n|t:|1781395330\n|gametype|singles\n|player|p1|Pokkopok|harlequin|1425\n|player|p2|Omnimon merciful m|benga|1431\n|gen|9\n|tier|[Gen 9] Random Battle\n|rated|\n|rule|Species Clause: Limit one of each Pok\u00e9mon\n|rule|HP Percentage Mod: HP is shown in percentages\n|rule|Sleep Clause Mod: Limit one foe put to sleep\n|rule|Illusion Level Mod: Illusion disguises the Pok\u00e9mon's true level\n|\n|t:|1781395330\n|teamsize|p1|6\n|teamsize|p2|6\n|start\n|switch|p1a: Conkeldurr|Conkeldurr, L80, F|299/299\n|switch|p2a: Bellossom|Bellossom, L84, M|263/263\n|turn|1\n|inactive|Battle timer is ON: inactive players will automatically lose when time's up. (requested by Omnimon merciful m)\n|\n|t:|1781395344\n|move|p2a: Bellossom|Strength Sap|p1a: Conkeldurr\n|-unboost|p1a: Conkeldurr|atk|1\n|move|p1a: Conkeldurr|Knock Off|p2a: Bellossom\n|-damage|p2a: Bellossom|207/263\n|-enditem|p2a: Bellossom|Leftovers|[from] move: Knock Off|[of] p1a: Conkeldurr\n|\n|-status|p1a: Conkeldurr|brn|[from] item: Flame Orb\n|upkeep\n|turn|2\n|\n|t:|1781395364\n|switch|p1a: Blissey|Blissey, L85, F|572/572\n|move|p2a: Bellossom|Quiver Dance|p2a: Bellossom\n|-boost|p2a: Bellossom|spa|1\n|-boost|p2a: Bellossom|spd|1\n|-boost|p2a: Bellossom|spe|1\n|\n|upkeep\n|turn|3\n|\n|t:|1781395377\n|switch|p2a: Swalot|Swalot, L90, F|326/326\n|move|p1a: Blissey|Thunder Wave|p2a: Swalot\n|-status|p2a: Swalot|par\n|\n|upkeep\n|turn|4\n|\n|t:|1781395391\n|switch|p1a: Salazzle|Salazzle, L83, F|249/249\n|cant|p2a: Swalot|par\n|\n|upkeep\n|turn|5\n|\n|t:|1781395397\n|move|p1a: Salazzle|Nasty Plot|p1a: Salazzle\n|-boost|p1a: Salazzle|spa|2\n|move|p2a: Swalot|Earthquake|p1a: Salazzle\n|-supereffective|p1a: Salazzle\n|-damage|p1a: Salazzle|0 fnt\n|faint|p1a: Salazzle\n|\n|upkeep\n|\n|t:|1781395406\n|switch|p1a: Persian|Persian, L92, M|269/269\n|turn|6\n|\n|t:|1781395409\n|move|p1a: Persian|Fake Out|p2a: Swalot\n|-damage|p2a: Swalot|253/326 par\n|cant|p2a: Swalot|flinch\n|\n|-heal|p2a: Swalot|273/326 par|[from] item: Leftovers\n|upkeep\n|turn|7\n|\n|t:|1781395413\n|move|p1a: Persian|Knock Off|p2a: Swalot\n|-damage|p2a: Swalot|213/326 par\n|-enditem|p2a: Swalot|Leftovers|[from] move: Knock Off|[of] p1a: Persian\n|move|p2a: Swalot|Knock Off|p1a: Persian\n|-damage|p1a: Persian|187/269\n|-enditem|p1a: Persian|Silk Scarf|[from] move: Knock Off|[of] p2a: Swalot\n|\n|upkeep\n|turn|8\n|\n|t:|1781395420\n|move|p1a: Persian|Double-Edge|p2a: Swalot\n|-crit|p2a: Swalot\n|-damage|p2a: Swalot|30/326 par\n|-damage|p1a: Persian|127/269|[from] Recoil\n|cant|p2a: Swalot|par\n|\n|upkeep\n|turn|9\n|\n|t:|1781395430\n|move|p1a: Persian|Double-Edge|p2a: Swalot\n|-damage|p2a: Swalot|0 fnt\n|faint|p2a: Swalot\n|-damage|p1a: Persian|117/269|[from] Recoil\n|\n|upkeep\n|\n|t:|1781395436\n|switch|p2a: Amoonguss|Amoonguss, L82, M|321/321\n|turn|10\n|\n|t:|1781395451\n|move|p1a: Persian|U-turn|p2a: Amoonguss\n|-damage|p2a: Amoonguss|269/321\n|-damage|p1a: Persian|73/269|[from] item: Rocky Helmet|[of] p2a: Amoonguss\n|\n|t:|1781395455\n|switch|p1a: Conkeldurr|Conkeldurr, L80, F|299/299 brn|[from] U-turn\n|move|p2a: Amoonguss|Sludge Bomb|p1a: Conkeldurr\n|-damage|p1a: Conkeldurr|194/299 brn\n|\n|-damage|p1a: Conkeldurr|176/299 brn|[from] brn\n|upkeep\n|turn|11\n|\n|t:|1781395465\n|move|p1a: Conkeldurr|Facade|p2a: Amoonguss\n|-damage|p2a: Amoonguss|37/321\n|-damage|p1a: Conkeldurr|127/299 brn|[from] item: Rocky Helmet|[of] p2a: Amoonguss\n|move|p2a: Amoonguss|Giga Drain|p1a: Conkeldurr\n|-damage|p1a: Conkeldurr|37/299 brn\n|-heal|p2a: Amoonguss|82/321|[from] drain|[of] p1a: Conkeldurr\n|\n|-damage|p1a: Conkeldurr|19/299 brn|[from] brn\n|upkeep\n|turn|12\n|\n|t:|1781395481\n|switch|p2a: Bellossom|Bellossom, L84, M|207/263\n|move|p1a: Conkeldurr|Mach Punch|p2a: Bellossom\n|-damage|p2a: Bellossom|129/263\n|\n|-damage|p1a: Conkeldurr|1/299 brn|[from] brn\n|upkeep\n|turn|13\n|\n|t:|1781395493\n|move|p2a: Bellossom|Giga Drain|p1a: Conkeldurr\n|-damage|p1a: Conkeldurr|0 fnt\n|-heal|p2a: Bellossom|130/263|[from] drain|[of] p1a: Conkeldurr\n|faint|p1a: Conkeldurr\n|\n|upkeep\n|\n|t:|1781395499\n|switch|p1a: Persian|Persian, L92, M|73/269\n|turn|14\n|\n|t:|1781395503\n|switch|p2a: Amoonguss|Amoonguss, L82, M|189/321\n|move|p1a: Persian|Fake Out|p2a: Amoonguss\n|-damage|p2a: Amoonguss|123/321\n|-damage|p1a: Persian|29/269|[from] item: Rocky Helmet|[of] p2a: Amoonguss\n|\n|upkeep\n|turn|15\n|\n|t:|1781395522\n|switch|p1a: Blissey|Blissey, L85, F|572/572\n|move|p2a: Amoonguss|Spore|p1a: Blissey\n|-status|p1a: Blissey|slp|[from] move: Spore\n|\n|upkeep\n|turn|16\n|\n|t:|1781395532\n|switch|p2a: Zangoose|Zangoose, L85, F|263/263\n|cant|p1a: Blissey|slp\n|\n|-status|p2a: Zangoose|tox|[from] item: Toxic Orb\n|upkeep\n|turn|17\n|\n|t:|1781395537\n|-curestatus|p1a: Blissey|slp|[from] ability: Natural Cure|[silent]\n|switch|p1a: Pachirisu|Pachirisu, L96, M|271/271\n|move|p2a: Zangoose|Knock Off|p1a: Pachirisu\n|-damage|p1a: Pachirisu|140/271\n|-enditem|p1a: Pachirisu|Heavy-Duty Boots|[from] move: Knock Off|[of] p2a: Zangoose\n|\n|-damage|p2a: Zangoose|247/263 tox|[from] psn\n|upkeep\n|turn|18\n|\n|t:|1781395545\n|switch|p2a: Amoonguss|Amoonguss, L82, M|230/321\n|move|p1a: Pachirisu|Super Fang|p2a: Amoonguss\n|-damage|p2a: Amoonguss|115/321\n|-damage|p1a: Pachirisu|95/271|[from] item: Rocky Helmet|[of] p2a: Amoonguss\n|\n|upkeep\n|turn|19\n|\n|t:|1781395554\n|move|p1a: Pachirisu|Discharge|p2a: Amoonguss\n|-resisted|p2a: Amoonguss\n|-damage|p2a: Amoonguss|78/321\n|move|p2a: Amoonguss|Giga Drain|p1a: Pachirisu\n|-damage|p1a: Pachirisu|37/271\n|-heal|p2a: Amoonguss|107/321|[from] drain|[of] p1a: Pachirisu\n|\n|upkeep\n|turn|20\n|\n|t:|1781395566\n|move|p1a: Pachirisu|Discharge|p2a: Amoonguss\n|-resisted|p2a: Amoonguss\n|-damage|p2a: Amoonguss|74/321\n|move|p2a: Amoonguss|Spore|p1a: Pachirisu\n|-status|p1a: Pachirisu|slp|[from] move: Spore\n|\n|upkeep\n|turn|21\n|\n|t:|1781395573\n|cant|p1a: Pachirisu|slp\n|move|p2a: Amoonguss|Giga Drain|p1a: Pachirisu\n|-damage|p1a: Pachirisu|0 fnt\n|-heal|p2a: Amoonguss|93/321|[from] drain|[of] p1a: Pachirisu\n|faint|p1a: Pachirisu\n|\n|upkeep\n|\n|t:|1781395577\n|switch|p1a: Persian|Persian, L92, M|29/269\n|turn|22\n|\n|t:|1781395581\n|move|p1a: Persian|Double-Edge|p2a: Amoonguss\n|-damage|p2a: Amoonguss|0 fnt\n|-damage|p1a: Persian|0 fnt|[from] item: Rocky Helmet|[of] p2a: Amoonguss\n|faint|p2a: Amoonguss\n|faint|p1a: Persian\n|\n|upkeep\n|\n|t:|1781395589\n|switch|p1a: Blissey|Blissey, L85, F|572/572\n|switch|p2a: Bellossom|Bellossom, L84, M|130/263\n|turn|23\n|\n|t:|1781395601\n|switch|p2a: Zangoose|Zangoose, L85, F|247/263 tox\n|move|p1a: Blissey|Thunder Wave||[still]\n|-fail|p1a: Blissey\n|\n|-damage|p2a: Zangoose|231/263 tox|[from] psn\n|upkeep\n|turn|24\n|\n|t:|1781395620\n|move|p2a: Zangoose|Swords Dance|p2a: Zangoose\n|-boost|p2a: Zangoose|atk|2\n|move|p1a: Blissey|Seismic Toss|p2a: Zangoose\n|-damage|p2a: Zangoose|146/263 tox\n|\n|-damage|p2a: Zangoose|114/263 tox|[from] psn\n|upkeep\n|turn|25\n|\n|t:|1781395628\n|move|p2a: Zangoose|Close Combat|p1a: Blissey\n|-supereffective|p1a: Blissey\n|-damage|p1a: Blissey|0 fnt\n|-unboost|p2a: Zangoose|def|1\n|-unboost|p2a: Zangoose|spd|1\n|faint|p1a: Blissey\n|\n|-damage|p2a: Zangoose|66/263 tox|[from] psn\n|upkeep\n|\n|t:|1781395631\n|switch|p1a: Gyarados|Gyarados, L79, M|280/280\n|turn|26\n|\n|t:|1781395643\n|-terastallize|p1a: Gyarados|Ground\n|move|p2a: Zangoose|Facade|p1a: Gyarados\n|-damage|p1a: Gyarados|0 fnt\n|faint|p1a: Gyarados\n|\n|win|Omnimon merciful m\n|raw|Pokkopok's rating: 1425 &rarr; <strong>1405</strong><br />(-20 for losing)\n|raw|Omnimon merciful m's rating: 1431 &rarr; <strong>1451</strong><br />(+20 for winning)\n|l|\u2606Pokkopok\n|player|p1|\n|c|\u2606Omnimon merciful m|gg\n", "inputlog": ">version a8376a258c1d4662feba110a92103f3664a72141\n>start {\"formatid\":\"gen9randombattle\",\"seed\":\"sodium,5775b69c7b3bb3ffb9ae71e8c33ce1bd\",\"rated\":\"Rated battle\"}\n>player p1 {\"name\":\"Pokkopok\",\"avatar\":\"harlequin\",\"rating\":1425,\"seed\":\"sodium,b42e58ef46e9d098d91d88187cc1edae\"}\n>player p2 {\"name\":\"Omnimon merciful m\",\"avatar\":\"benga\",\"rating\":1431,\"seed\":\"sodium,1cb03861c813ecca9f5b3ca8746d82d5\"}\n>p1 move knockoff\n>p2 move strengthsap\n>p1 switch 4\n>p2 move quiverdance\n>p1 move thunderwave\n>p2 switch 5\n>p1 switch 2\n>p2 move swordsdance\n>p1 move nastyplot\n>p2 move earthquake\n>p1 switch 5\n>p1 move fakeout\n>p2 move knockoff\n>p1 move knockoff\n>p2 move knockoff\n>p1 move doubleedge\n>p2 move gunkshot\n>p1 move doubleedge\n>p2 move gunkshot\n>p2 switch 4\n>p1 move uturn\n>p2 move sludgebomb\n>p1 switch 4\n>p1 move facade\n>p2 move gigadrain\n>p1 move machpunch\n>p2 switch 5\n>p1 move facade\n>p2 move gigadrain\n>p1 switch 4\n>p1 move fakeout\n>p2 switch 5\n>p1 switch 2\n>p2 move spore\n>p1 move thunderwave\n>p2 switch 3\n>p1 switch 6\n>p2 move knockoff\n>p1 move superfang\n>p2 switch 3\n>p1 move discharge\n>p2 move gigadrain\n>p1 move discharge\n>p2 move spore\n>p1 move discharge\n>p2 move gigadrain\n>p1 switch 2\n>p1 move doubleedge\n>p2 move gigadrain\n>p1 switch 6\n>p2 switch 5\n>p1 move thunderwave\n>p2 switch 3\n>p1 move seismictoss\n>p2 move swordsdance\n>p1 move seismictoss\n>p2 move closecombat\n>p1 switch 3\n>p1 move dragondance terastallize\n>p2 move facade", "uploadtime": 1781395652, "views": 3, "formatid": "gen9randombattle", "rating": 1405, "private": 0, "password": null}