{"id": "gen9randombattle-2631481971", "format": "[Gen 9] Random Battle", "players": ["whisperwyrm", "rhinoshark007"], "log": "|badge|p2|bronze|gen9randombattle|100-9\n|uhtml|medal-msg|<div class=\"broadcast-blue\">Curious what those medals under the avatar are? PS now has Ladder Seasons! For more information, check out the <a href=\"https://www.smogon.com/forums/threads/3740067/\">thread on Smogon.</a></div>\n|j|\u2606whisperwyrm\n|j|\u2606rhinoshark007\n|t:|1781390479\n|gametype|singles\n|player|p1|whisperwyrm|266|2111\n|player|p2|rhinoshark007|elesa|2321\n|gen|9\n|tier|[Gen 9] Random Battle\n|rated|\n|rule|Species Clause: Limit one of each Pok\u00e9mon\n|rule|HP Percentage Mod: HP is shown in percentages\n|rule|Sleep Clause Mod: Limit one foe put to sleep\n|rule|Illusion Level Mod: Illusion disguises the Pok\u00e9mon's true level\n|\n|t:|1781390479\n|teamsize|p1|6\n|teamsize|p2|6\n|start\n|switch|p1a: Regice|Regice, L88|284/284\n|switch|p2a: Pelipper|Pelipper, L86, F|243/243\n|-weather|RainDance|[from] ability: Drizzle|[of] p2a: Pelipper\n|turn|1\n|inactive|Battle timer is ON: inactive players will automatically lose when time's up. (requested by whisperwyrm)\n|\n|t:|1781390488\n|switch|p2a: Garganacl|Garganacl, L80, M|291/291\n|move|p1a: Regice|Thunder Wave|p2a: Garganacl\n|-immune|p2a: Garganacl|[from] ability: Purifying Salt\n|\n|-weather|RainDance|[upkeep]\n|upkeep\n|turn|2\n|\n|t:|1781390501\n|move|p1a: Regice|Body Press|p2a: Garganacl\n|-supereffective|p2a: Garganacl\n|-damage|p2a: Garganacl|189/291\n|move|p2a: Garganacl|Salt Cure|p1a: Regice\n|-supereffective|p1a: Regice\n|-damage|p1a: Regice|216/284\n|-start|p1a: Regice|Salt Cure\n|\n|-weather|RainDance|[upkeep]\n|-heal|p2a: Garganacl|207/291|[from] item: Leftovers\n|-damage|p1a: Regice|181/284|[from] Salt Cure\n|upkeep\n|turn|3\n|\n|t:|1781390506\n|switch|p1a: Cacturne|Cacturne, L92, M|278/278\n|move|p2a: Garganacl|Iron Defense|p2a: Garganacl\n|-boost|p2a: Garganacl|def|2\n|\n|-weather|RainDance|[upkeep]\n|-heal|p2a: Garganacl|225/291|[from] item: Leftovers\n|upkeep\n|turn|4\n|\n|t:|1781390510\n|move|p1a: Cacturne|Leaf Storm|p2a: Garganacl\n|-supereffective|p2a: Garganacl\n|-damage|p2a: Garganacl|0 fnt\n|-unboost|p1a: Cacturne|spa|2\n|faint|p2a: Garganacl\n|-damage|p1a: Cacturne|251/278|[from] item: Life Orb\n|\n|-weather|RainDance|[upkeep]\n|upkeep\n|\n|t:|1781390515\n|switch|p2a: Enamorus|Enamorus-Therian, L83, F|259/259\n|turn|5\n|\n|t:|1781390524\n|move|p1a: Cacturne|Toxic Spikes|p2a: Enamorus\n|-sidestart|p2: rhinoshark007|move: Toxic Spikes\n|move|p2a: Enamorus|Agility|p2a: Enamorus\n|-boost|p2a: Enamorus|spe|2\n|\n|-weather|none\n|upkeep\n|turn|6\n|\n|t:|1781390530\n|switch|p1a: Regice|Regice, L88|181/284\n|move|p2a: Enamorus|Moonblast|p1a: Regice\n|-damage|p1a: Regice|123/284\n|\n|upkeep\n|turn|7\n|\n|t:|1781390532\n|move|p2a: Enamorus|Superpower|p1a: Regice\n|-supereffective|p1a: Regice\n|-damage|p1a: Regice|0 fnt\n|-unboost|p2a: Enamorus|atk|1\n|-unboost|p2a: Enamorus|def|1\n|faint|p1a: Regice\n|\n|upkeep\n|\n|t:|1781390541\n|switch|p1a: Granbull|Granbull, L88, M|302/302\n|-ability|p1a: Granbull|Intimidate|boost\n|-unboost|p2a: Enamorus|atk|1\n|turn|8\n|\n|t:|1781390544\n|move|p2a: Enamorus|Moonblast|p1a: Granbull\n|-damage|p1a: Granbull|143/302\n|-unboost|p1a: Granbull|spa|1\n|move|p1a: Granbull|Play Rough|p2a: Enamorus\n|-damage|p2a: Enamorus|102/259\n|\n|-heal|p1a: Granbull|161/302|[from] item: Leftovers\n|upkeep\n|turn|9\n|\n|t:|1781390548\n|move|p2a: Enamorus|Moonblast|p1a: Granbull\n|-damage|p1a: Granbull|13/302\n|move|p1a: Granbull|Play Rough|p2a: Enamorus\n|-damage|p2a: Enamorus|0 fnt\n|faint|p2a: Enamorus\n|\n|-heal|p1a: Granbull|31/302|[from] item: Leftovers\n|upkeep\n|\n|t:|1781390551\n|switch|p2a: Tentacruel|Tentacruel, L84, M|272/272\n|-sideend|p2: rhinoshark007|move: Toxic Spikes|[of] p2a: Tentacruel\n|turn|10\n|\n|t:|1781390554\n|move|p2a: Tentacruel|Sludge Bomb|p1a: Granbull\n|-supereffective|p1a: Granbull\n|-damage|p1a: Granbull|0 fnt\n|faint|p1a: Granbull\n|\n|upkeep\n|\n|t:|1781390557\n|switch|p1a: Glalie|Glalie, L96, M|309/309\n|turn|11\n|\n|t:|1781390566\n|move|p2a: Tentacruel|Toxic Spikes|p1a: Glalie\n|-sidestart|p1: whisperwyrm|move: Toxic Spikes\n|move|p1a: Glalie|Earthquake|p2a: Tentacruel\n|-supereffective|p2a: Tentacruel\n|-damage|p2a: Tentacruel|84/272\n|\n|-heal|p2a: Tentacruel|101/272|[from] item: Leftovers\n|upkeep\n|turn|12\n|\n|t:|1781390572\n|move|p2a: Tentacruel|Toxic Spikes|p1a: Glalie\n|-sidestart|p1: whisperwyrm|move: Toxic Spikes\n|move|p1a: Glalie|Freeze-Dry|p2a: Tentacruel\n|-supereffective|p2a: Tentacruel\n|-damage|p2a: Tentacruel|0 fnt\n|faint|p2a: Tentacruel\n|\n|upkeep\n|\n|t:|1781390574\n|switch|p2a: Espathra|Espathra, L80, M|283/283\n|turn|13\n|\n|t:|1781390582\n|move|p2a: Espathra|U-turn|p1a: Glalie\n|-damage|p1a: Glalie|276/309\n|\n|t:|1781390584\n|switch|p2a: Incineroar|Incineroar, L82, M|290/290|[from] U-turn\n|-ability|p2a: Incineroar|Intimidate|boost\n|-fail|p1a: Glalie|unboost|Attack|[from] ability: Inner Focus|[of] p1a: Glalie\n|move|p1a: Glalie|Earthquake|p2a: Incineroar\n|-supereffective|p2a: Incineroar\n|-damage|p2a: Incineroar|126/290\n|\n|upkeep\n|turn|14\n|\n|t:|1781390589\n|-terastallize|p2a: Incineroar|Water\n|move|p1a: Glalie|Earthquake|p2a: Incineroar\n|-damage|p2a: Incineroar|50/290\n|move|p2a: Incineroar|Flare Blitz|p1a: Glalie\n|-supereffective|p1a: Glalie\n|-damage|p1a: Glalie|0 fnt\n|faint|p1a: Glalie\n|-damage|p2a: Incineroar|0 fnt|[from] Recoil\n|faint|p2a: Incineroar\n|\n|upkeep\n|\n|t:|1781390600\n|switch|p1a: Talonflame|Talonflame, L83, F|265/265\n|switch|p2a: Pelipper|Pelipper, L86, F|243/243\n|-weather|RainDance|[from] ability: Drizzle|[of] p2a: Pelipper\n|turn|15\n|\n|t:|1781390604\n|move|p1a: Talonflame|Brave Bird|p2a: Pelipper\n|-damage|p2a: Pelipper|149/243\n|-damage|p1a: Talonflame|234/265|[from] Recoil\n|move|p2a: Pelipper|Hurricane|p1a: Talonflame\n|-crit|p1a: Talonflame\n|-damage|p1a: Talonflame|30/265\n|\n|-weather|RainDance|[upkeep]\n|upkeep\n|turn|16\n|\n|t:|1781390608\n|move|p1a: Talonflame|Brave Bird|p2a: Pelipper\n|-damage|p2a: Pelipper|59/243\n|-damage|p1a: Talonflame|0 fnt|[from] Recoil\n|faint|p1a: Talonflame\n|move|p2a: Pelipper|Roost|p2a: Pelipper\n|-heal|p2a: Pelipper|181/243\n|-singleturn|p2a: Pelipper|move: Roost\n|\n|-weather|RainDance|[upkeep]\n|upkeep\n|\n|t:|1781390622\n|switch|p1a: Cacturne|Cacturne, L92, M|251/278\n|-status|p1a: Cacturne|tox\n|turn|17\n|\n|t:|1781390624\n|-terastallize|p1a: Cacturne|Dark\n|move|p2a: Pelipper|Hurricane|p1a: Cacturne\n|-damage|p1a: Cacturne|116/278 tox\n|-start|p1a: Cacturne|confusion\n|-activate|p1a: Cacturne|confusion\n|move|p1a: Cacturne|Knock Off|p2a: Pelipper\n|-damage|p2a: Pelipper|0 fnt\n|-enditem|p2a: Pelipper|Heavy-Duty Boots|[from] move: Knock Off|[of] p1a: Cacturne\n|faint|p2a: Pelipper\n|-damage|p1a: Cacturne|89/278 tox|[from] item: Life Orb\n|\n|-weather|RainDance|[upkeep]\n|-damage|p1a: Cacturne|72/278 tox|[from] psn\n|upkeep\n|\n|t:|1781390632\n|switch|p2a: Espathra|Espathra, L80, M|283/283\n|turn|18\n|\n|t:|1781390635\n|switch|p1a: Falinks|Falinks, L84|246/246\n|-status|p1a: Falinks|tox\n|move|p2a: Espathra|Dazzling Gleam|p1a: Falinks\n|-supereffective|p1a: Falinks\n|-damage|p1a: Falinks|28/246 tox\n|\n|-weather|RainDance|[upkeep]\n|-damage|p1a: Falinks|13/246 tox|[from] psn\n|-ability|p2a: Espathra|Speed Boost|boost\n|-boost|p2a: Espathra|spe|1\n|upkeep\n|turn|19\n|\n|t:|1781390638\n|move|p2a: Espathra|Dazzling Gleam|p1a: Falinks\n|-supereffective|p1a: Falinks\n|-damage|p1a: Falinks|0 fnt\n|faint|p1a: Falinks\n|\n|-weather|none\n|-ability|p2a: Espathra|Speed Boost|boost\n|-boost|p2a: Espathra|spe|1\n|upkeep\n|\n|t:|1781390640\n|switch|p1a: Cacturne|Cacturne, L92, M, tera:Dark|72/278 tox\n|turn|20\n|\n|t:|1781390642\n|move|p1a: Cacturne|Sucker Punch|p2a: Espathra\n|-supereffective|p2a: Espathra\n|-damage|p2a: Espathra|0 fnt\n|faint|p2a: Espathra\n|-damage|p1a: Cacturne|45/278 tox|[from] item: Life Orb\n|\n|win|whisperwyrm\n", "inputlog": ">version a8376a258c1d4662feba110a92103f3664a72141\n>start {\"formatid\":\"gen9randombattle\",\"seed\":\"sodium,f9c15af3bd8397cad9cfd7713aef23ee\",\"rated\":\"Rated battle\"}\n>player p1 {\"name\":\"whisperwyrm\",\"avatar\":\"266\",\"rating\":2111,\"seed\":\"sodium,befbd0703cc5ebf8e47b12a5088c282c\"}\n>player p2 {\"name\":\"rhinoshark007\",\"avatar\":\"elesa\",\"rating\":2321,\"seed\":\"sodium,cfe760ea956b1e9daf437456192e6def\"}\n>p1 move thunderwave\n>p2 switch 5\n>p1 move bodypress\n>p2 move saltcure\n>p1 switch 2\n>p2 move irondefense\n>p1 move leafstorm\n>p2 move recover\n>p2 switch 3\n>p1 move toxicspikes\n>p2 move agility\n>p1 switch 2\n>p2 move moonblast\n>p1 move thunderwave\n>p2 move superpower\n>p1 switch 6\n>p1 move playrough\n>p2 move moonblast\n>p1 move playrough\n>p2 move moonblast\n>p2 switch 4\n>p1 move thunderwave\n>p2 move sludgebomb\n>p1 switch 3\n>p1 move earthquake\n>p2 move toxicspikes\n>p1 move freezedry\n>p2 move toxicspikes\n>p2 switch 6\n>p1 move earthquake\n>p2 move uturn\n>p2 switch 2\n>p1 move earthquake\n>p2 move flareblitz terastallize\n>p1 switch 5\n>p2 switch 5\n>p1 move bravebird\n>p2 move hurricane\n>p1 move bravebird\n>p2 move roost\n>p1 switch 2\n>p1 move knockoff terastallize\n>p2 move hurricane\n>p2 switch 2\n>p1 switch 4\n>p2 move dazzlinggleam\n>p1 move knockoff\n>p2 move dazzlinggleam\n>p1 switch 4\n>p1 move suckerpunch\n>p2 move dazzlinggleam", "uploadtime": 1781390480, "views": 4, "formatid": "gen9randombattle", "rating": null, "private": 0, "password": null}