{"id": "gen9randombattle-2631709617", "format": "[Gen 9] Random Battle", "players": ["latias999999999", "FrankiFtl"], "log": "|j|\u2606latias999999999\n|j|\u2606FrankiFtl\n|t:|1781426191\n|gametype|singles\n|player|p1|latias999999999|gardenia|2101\n|player|p2|FrankiFtl|clerk|2105\n|gen|9\n|tier|[Gen 9] Random Battle\n|rated|\n|rule|Species Clause: Limit one of each Pok\u00e9mon\n|rule|HP Percentage Mod: HP is shown in percentages\n|rule|Sleep Clause Mod: Limit one foe put to sleep\n|rule|Illusion Level Mod: Illusion disguises the Pok\u00e9mon's true level\n|\n|t:|1781426191\n|teamsize|p1|6\n|teamsize|p2|6\n|start\n|switch|p1a: Avalugg|Avalugg-Hisui, L90, F|317/317\n|switch|p2a: Jumpluff|Jumpluff, L87, M|271/271\n|turn|1\n|inactive|Battle timer is ON: inactive players will automatically lose when time's up. (requested by latias999999999)\n|\n|t:|1781426202\n|switch|p2a: Gurdurr|Gurdurr, L85, F|283/283\n|move|p1a: Avalugg|Avalanche|p2a: Gurdurr\n|-crit|p2a: Gurdurr\n|-damage|p2a: Gurdurr|180/283\n|\n|upkeep\n|turn|2\n|\n|t:|1781426212\n|switch|p1a: Alcremie|Alcremie-Ruby-Swirl, L90, F|263/263\n|move|p2a: Gurdurr|Knock Off|p1a: Alcremie\n|-resisted|p1a: Alcremie\n|-damage|p1a: Alcremie|223/263\n|-enditem|p1a: Alcremie|Leftovers|[from] move: Knock Off|[of] p2a: Gurdurr\n|\n|upkeep\n|turn|3\n|\n|t:|1781426217\n|switch|p2a: Jumpluff|Jumpluff, L87, M|271/271\n|move|p1a: Alcremie|Alluring Voice|p2a: Jumpluff\n|-damage|p2a: Jumpluff|175/271\n|\n|upkeep\n|turn|4\n|\n|t:|1781426225\n|move|p2a: Jumpluff|Acrobatics|p1a: Alcremie\n|-damage|p1a: Alcremie|141/263\n|move|p1a: Alcremie|Calm Mind|p1a: Alcremie\n|-boost|p1a: Alcremie|spa|1\n|-boost|p1a: Alcremie|spd|1\n|\n|upkeep\n|turn|5\n|\n|t:|1781426229\n|move|p2a: Jumpluff|Encore|p1a: Alcremie\n|-block|p1a: Alcremie|ability: Aroma Veil|[of] p1a: Alcremie\n|move|p1a: Alcremie|Recover|p1a: Alcremie\n|-heal|p1a: Alcremie|263/263\n|\n|upkeep\n|turn|6\n|\n|t:|1781426234\n|switch|p2a: Kricketune|Kricketune, L99, M|312/312\n|move|p1a: Alcremie|Alluring Voice|p2a: Kricketune\n|-damage|p2a: Kricketune|105/312\n|\n|upkeep\n|turn|7\n|\n|t:|1781426238\n|move|p2a: Kricketune|Pounce|p1a: Alcremie\n|-resisted|p1a: Alcremie\n|-damage|p1a: Alcremie|210/263\n|-unboost|p1a: Alcremie|spe|1\n|move|p1a: Alcremie|Alluring Voice|p2a: Kricketune\n|-damage|p2a: Kricketune|0 fnt\n|faint|p2a: Kricketune\n|\n|upkeep\n|\n|t:|1781426244\n|switch|p2a: Latios|Latios, L78, M|253/253\n|turn|8\n|\n|t:|1781426247\n|-terastallize|p2a: Latios|Steel\n|move|p2a: Latios|Calm Mind|p2a: Latios\n|-boost|p2a: Latios|spa|1\n|-boost|p2a: Latios|spd|1\n|move|p1a: Alcremie|Alluring Voice|p2a: Latios\n|-resisted|p2a: Latios\n|-damage|p2a: Latios|208/253\n|-start|p2a: Latios|confusion\n|\n|upkeep\n|turn|9\n|\n|t:|1781426262\n|switch|p1a: Gouging Fire|Gouging Fire, L74|277/277\n|-activate|p2a: Latios|confusion\n|move|p2a: Latios|Calm Mind|p2a: Latios\n|-boost|p2a: Latios|spa|1\n|-boost|p2a: Latios|spd|1\n|\n|upkeep\n|turn|10\n|\n|t:|1781426267\n|-terastallize|p1a: Gouging Fire|Fairy\n|-activate|p2a: Latios|confusion\n|move|p2a: Latios|Draco Meteor|p1a: Gouging Fire\n|-immune|p1a: Gouging Fire\n|move|p1a: Gouging Fire|Dragon Dance|p1a: Gouging Fire\n|-boost|p1a: Gouging Fire|atk|1\n|-boost|p1a: Gouging Fire|spe|1\n|\n|upkeep\n|turn|11\n|\n|t:|1781426281\n|switch|p2a: Jumpluff|Jumpluff, L87, M|175/271\n|move|p1a: Gouging Fire|Dragon Dance|p1a: Gouging Fire\n|-boost|p1a: Gouging Fire|atk|1\n|-boost|p1a: Gouging Fire|spe|1\n|\n|upkeep\n|turn|12\n|\n|t:|1781426284\n|move|p1a: Gouging Fire|Heat Crash|p2a: Jumpluff\n|-supereffective|p2a: Jumpluff\n|-damage|p2a: Jumpluff|0 fnt\n|faint|p2a: Jumpluff\n|\n|upkeep\n|\n|t:|1781426287\n|switch|p2a: Palossand|Palossand, L89, M|296/296\n|turn|13\n|-message|FrankiFtl forfeited.\n|\n|win|latias999999999\n|raw|latias999999999's rating: 2101 &rarr; <strong>2121</strong><br />(+20 for winning)\n|raw|FrankiFtl's rating: 2105 &rarr; <strong>2085</strong><br />(-20 for losing)\n", "inputlog": ">version a8376a258c1d4662feba110a92103f3664a72141\n>start {\"formatid\":\"gen9randombattle\",\"seed\":\"sodium,682c0ff30465c88402684c01e2a74d6a\",\"rated\":\"Rated battle\"}\n>player p1 {\"name\":\"latias999999999\",\"avatar\":\"gardenia\",\"rating\":2101,\"seed\":\"sodium,94d5bf70e87bd8cd2202195824c1a6fa\"}\n>player p2 {\"name\":\"FrankiFtl\",\"avatar\":\"clerk\",\"rating\":2105,\"seed\":\"sodium,d0946ce94ae4137a0b5da2624eeb2da7\"}\n>p1 move avalanche\n>p2 switch 5\n>p1 switch 5\n>p2 move knockoff\n>p1 move alluringvoice\n>p2 switch 5\n>p1 move calmmind\n>p2 move acrobatics\n>p1 move recover\n>p2 move encore\n>p1 move alluringvoice\n>p2 switch 2\n>p1 move alluringvoice\n>p2 move pounce\n>p2 switch 4\n>p1 move alluringvoice\n>p2 move calmmind terastallize\n>p1 switch 2\n>p2 move calmmind\n>p1 move dragondance terastallize\n>p2 move dracometeor\n>p1 move dragondance\n>p2 switch 2\n>p1 move heatcrash\n>p2 move encore\n>p2 switch 6\n>forcelose p2", "uploadtime": 1781426193, "views": 6, "formatid": "gen9randombattle", "rating": 2085, "private": 0, "password": null}