{"id": "gen9randombattle-2631896110", "format": "[Gen 9] Random Battle", "players": ["swmj7", "clfegg"], "log": "|j|\u2606swmj7\n|j|\u2606clfegg\n|t:|1781453131\n|gametype|singles\n|player|p1|swmj7|265|1912\n|player|p2|clfegg|2|1827\n|gen|9\n|tier|[Gen 9] Random Battle\n|rated|\n|rule|Species Clause: Limit one of each Pok\u00e9mon\n|rule|HP Percentage Mod: HP is shown in percentages\n|rule|Sleep Clause Mod: Limit one foe put to sleep\n|rule|Illusion Level Mod: Illusion disguises the Pok\u00e9mon's true level\n|\n|t:|1781453131\n|teamsize|p1|6\n|teamsize|p2|6\n|start\n|switch|p1a: Zekrom|Zekrom, L71|259/259\n|switch|p2a: Rillaboom|Rillaboom, L79, F|288/288\n|-fieldstart|move: Grassy Terrain|[from] ability: Grassy Surge|[of] p2a: Rillaboom\n|-ability|p1a: Zekrom|Teravolt\n|turn|1\n|inactive|Battle timer is ON: inactive players will automatically lose when time's up. (requested by clfegg)\n|\n|t:|1781453152\n|switch|p1a: Dodrio|Dodrio, L85, M|241/241\n|move|p2a: Rillaboom|Swords Dance|p2a: Rillaboom\n|-boost|p2a: Rillaboom|atk|2\n|\n|upkeep\n|turn|2\n|\n|t:|1781453163\n|switch|p2a: Gliscor|Gliscor, L76, F|239/239\n|move|p1a: Dodrio|Brave Bird|p2a: Gliscor\n|-damage|p2a: Gliscor|122/239\n|-damage|p1a: Dodrio|202/241|[from] Recoil\n|\n|-status|p2a: Gliscor|tox|[from] item: Toxic Orb\n|upkeep\n|turn|3\n|\n|t:|1781453170\n|move|p1a: Dodrio|Swords Dance|p1a: Dodrio\n|-boost|p1a: Dodrio|atk|2\n|move|p2a: Gliscor|Toxic|p1a: Dodrio\n|-status|p1a: Dodrio|tox\n|\n|-damage|p1a: Dodrio|187/241 tox|[from] psn\n|-heal|p2a: Gliscor|151/239 tox|[from] ability: Poison Heal\n|upkeep\n|turn|4\n|\n|t:|1781453175\n|move|p2a: Gliscor|Protect|p2a: Gliscor\n|-singleturn|p2a: Gliscor|Protect\n|move|p1a: Dodrio|Knock Off|p2a: Gliscor\n|-activate|p2a: Gliscor|move: Protect\n|\n|-damage|p1a: Dodrio|157/241 tox|[from] psn\n|-heal|p2a: Gliscor|180/239 tox|[from] ability: Poison Heal\n|upkeep\n|turn|5\n|\n|t:|1781453185\n|switch|p2a: Avalugg|Avalugg, L88, M|310/310\n|move|p1a: Dodrio|Brave Bird|p2a: Avalugg\n|-crit|p2a: Avalugg\n|-damage|p2a: Avalugg|76/310\n|-damage|p1a: Dodrio|80/241 tox|[from] Recoil\n|\n|-heal|p2a: Avalugg|95/310|[from] Grassy Terrain\n|-damage|p1a: Dodrio|35/241 tox|[from] psn\n|-fieldend|move: Grassy Terrain\n|upkeep\n|turn|6\n|\n|t:|1781453199\n|move|p1a: Dodrio|Brave Bird|p2a: Avalugg\n|-damage|p2a: Avalugg|0 fnt\n|faint|p2a: Avalugg\n|-damage|p1a: Dodrio|4/241 tox|[from] Recoil\n|\n|-damage|p1a: Dodrio|0 fnt|[from] psn\n|faint|p1a: Dodrio\n|upkeep\n|\n|t:|1781453212\n|switch|p1a: Dragapult|Dragapult, L77, M|262/262\n|switch|p2a: Gliscor|Gliscor, L76, F|180/239 tox\n|turn|7\n|\n|t:|1781453216\n|move|p1a: Dragapult|Hex|p2a: Gliscor\n|-damage|p2a: Gliscor|26/239 tox\n|move|p2a: Gliscor|Toxic|p1a: Dragapult\n|-status|p1a: Dragapult|tox\n|\n|-damage|p1a: Dragapult|246/262 tox|[from] psn\n|-heal|p2a: Gliscor|55/239 tox|[from] ability: Poison Heal\n|upkeep\n|turn|8\n|\n|t:|1781453225\n|move|p1a: Dragapult|Will-O-Wisp||[still]\n|-fail|p1a: Dragapult\n|move|p2a: Gliscor|Earthquake|p1a: Dragapult\n|-damage|p1a: Dragapult|144/262 tox\n|\n|-damage|p1a: Dragapult|112/262 tox|[from] psn\n|-heal|p2a: Gliscor|84/239 tox|[from] ability: Poison Heal\n|upkeep\n|turn|9\n|\n|t:|1781453232\n|move|p2a: Gliscor|Protect|p2a: Gliscor\n|-singleturn|p2a: Gliscor|Protect\n|move|p1a: Dragapult|Hex|p2a: Gliscor\n|-activate|p2a: Gliscor|move: Protect\n|\n|-damage|p1a: Dragapult|64/262 tox|[from] psn\n|-heal|p2a: Gliscor|113/239 tox|[from] ability: Poison Heal\n|upkeep\n|turn|10\n|\n|t:|1781453238\n|switch|p2a: Magcargo|Magcargo, L95, M|268/268\n|move|p1a: Dragapult|Hex|p2a: Magcargo\n|-damage|p2a: Magcargo|210/268\n|\n|-damage|p1a: Dragapult|0 fnt|[from] psn\n|faint|p1a: Dragapult\n|upkeep\n|\n|t:|1781453241\n|switch|p1a: Falinks|Falinks, L84|246/246\n|turn|11\n|\n|t:|1781453251\n|move|p1a: Falinks|No Retreat|p1a: Falinks\n|-boost|p1a: Falinks|atk|1\n|-boost|p1a: Falinks|def|1\n|-boost|p1a: Falinks|spa|1\n|-boost|p1a: Falinks|spd|1\n|-boost|p1a: Falinks|spe|1\n|-start|p1a: Falinks|move: No Retreat\n|move|p2a: Magcargo|Fire Blast|p1a: Falinks|[miss]\n|-miss|p2a: Magcargo|p1a: Falinks\n|\n|upkeep\n|turn|12\n|\n|t:|1781453259\n|move|p1a: Falinks|Close Combat|p2a: Magcargo\n|-supereffective|p2a: Magcargo\n|-damage|p2a: Magcargo|0 fnt\n|-unboost|p1a: Falinks|def|1\n|-unboost|p1a: Falinks|spd|1\n|faint|p2a: Magcargo\n|-damage|p1a: Falinks|222/246|[from] item: Life Orb\n|\n|upkeep\n|\n|t:|1781453263\n|switch|p2a: Arceus|Arceus-Dragon, L71|288/288\n|turn|13\n|\n|t:|1781453273\n|move|p1a: Falinks|Iron Head|p2a: Arceus\n|-damage|p2a: Arceus|183/288\n|-damage|p1a: Falinks|198/246|[from] item: Life Orb\n|move|p2a: Arceus|Outrage|p1a: Falinks\n|-damage|p1a: Falinks|84/246\n|\n|upkeep\n|turn|14\n|\n|t:|1781453280\n|move|p1a: Falinks|Close Combat|p2a: Arceus\n|-damage|p2a: Arceus|0 fnt\n|-unboost|p1a: Falinks|def|1\n|-unboost|p1a: Falinks|spd|1\n|faint|p2a: Arceus\n|-damage|p1a: Falinks|60/246|[from] item: Life Orb\n|\n|upkeep\n|\n|t:|1781453283\n|switch|p2a: Rillaboom|Rillaboom, L79, F|288/288\n|-fieldstart|move: Grassy Terrain|[from] ability: Grassy Surge|[of] p2a: Rillaboom\n|turn|15\n|\n|t:|1781453285\n|move|p2a: Rillaboom|Grassy Glide|p1a: Falinks\n|-damage|p1a: Falinks|0 fnt\n|faint|p1a: Falinks\n|-damage|p2a: Rillaboom|260/288|[from] item: Life Orb\n|\n|-heal|p2a: Rillaboom|278/288|[from] Grassy Terrain\n|upkeep\n|\n|t:|1781453288\n|switch|p1a: Okidogi|Okidogi, L77, M|262/262\n|turn|16\n|\n|t:|1781453292\n|switch|p2a: Gliscor|Gliscor, L76, F|113/239 tox\n|switch|p1a: Pelipper|Pelipper, L86, M|243/243\n|-weather|RainDance|[from] ability: Drizzle|[of] p1a: Pelipper\n|\n|-weather|RainDance|[upkeep]\n|-heal|p2a: Gliscor|142/239 tox|[from] ability: Poison Heal\n|upkeep\n|turn|17\n|\n|t:|1781453297\n|move|p2a: Gliscor|Protect|p2a: Gliscor\n|-singleturn|p2a: Gliscor|Protect\n|move|p1a: Pelipper|Hurricane|p2a: Gliscor\n|-activate|p2a: Gliscor|move: Protect\n|\n|-weather|RainDance|[upkeep]\n|-heal|p2a: Gliscor|171/239 tox|[from] ability: Poison Heal\n|upkeep\n|turn|18\n|\n|t:|1781453306\n|-terastallize|p2a: Gliscor|Water\n|move|p2a: Gliscor|Toxic|p1a: Pelipper\n|-status|p1a: Pelipper|tox\n|move|p1a: Pelipper|Hurricane|p2a: Gliscor\n|-damage|p2a: Gliscor|0 fnt\n|faint|p2a: Gliscor\n|\n|-weather|RainDance|[upkeep]\n|-damage|p1a: Pelipper|228/243 tox|[from] psn\n|upkeep\n|\n|t:|1781453314\n|switch|p2a: Drednaw|Drednaw, L81, M|278/278\n|turn|19\n|\n|t:|1781453319\n|switch|p1a: Okidogi|Okidogi, L77, M|262/262\n|move|p2a: Drednaw|Shell Smash|p2a: Drednaw\n|-unboost|p2a: Drednaw|def|1\n|-unboost|p2a: Drednaw|spd|1\n|-boost|p2a: Drednaw|atk|2\n|-boost|p2a: Drednaw|spa|2\n|-boost|p2a: Drednaw|spe|2\n|-enditem|p2a: Drednaw|White Herb\n|-clearnegativeboost|p2a: Drednaw|[silent]\n|\n|-weather|RainDance|[upkeep]\n|-fieldend|move: Grassy Terrain\n|upkeep\n|turn|20\n|\n|t:|1781453328\n|switch|p1a: Pelipper|Pelipper, L86, M|228/243 tox\n|move|p2a: Drednaw|Liquidation|p1a: Pelipper\n|-resisted|p1a: Pelipper\n|-damage|p1a: Pelipper|105/243 tox\n|\n|-weather|none\n|-damage|p1a: Pelipper|90/243 tox|[from] psn\n|upkeep\n|turn|21\n|\n|t:|1781453335\n|move|p2a: Drednaw|Crunch|p1a: Pelipper\n|-damage|p1a: Pelipper|0 fnt\n|faint|p1a: Pelipper\n|\n|upkeep\n|\n|t:|1781453337\n|switch|p1a: Okidogi|Okidogi, L77, M|262/262\n|turn|22\n|\n|t:|1781453343\n|move|p2a: Drednaw|Liquidation|p1a: Okidogi\n|-damage|p1a: Okidogi|84/262\n|move|p1a: Okidogi|Drain Punch|p2a: Drednaw\n|-supereffective|p2a: Drednaw\n|-crit|p2a: Drednaw\n|-damage|p2a: Drednaw|24/278\n|-heal|p1a: Okidogi|211/262|[from] drain|[of] p2a: Drednaw\n|\n|-heal|p1a: Okidogi|227/262|[from] item: Leftovers\n|upkeep\n|turn|23\n|\n|t:|1781453350\n|move|p2a: Drednaw|Liquidation|p1a: Okidogi\n|-damage|p1a: Okidogi|50/262\n|move|p1a: Okidogi|Drain Punch|p2a: Drednaw\n|-supereffective|p2a: Drednaw\n|-damage|p2a: Drednaw|0 fnt\n|-heal|p1a: Okidogi|62/262|[from] drain|[of] p2a: Drednaw\n|faint|p2a: Drednaw\n|\n|-heal|p1a: Okidogi|78/262|[from] item: Leftovers\n|upkeep\n|\n|t:|1781453353\n|switch|p2a: Rillaboom|Rillaboom, L79, F|278/288\n|-fieldstart|move: Grassy Terrain|[from] ability: Grassy Surge|[of] p2a: Rillaboom\n|turn|24\n|\n|t:|1781453356\n|move|p2a: Rillaboom|High Horsepower|p1a: Okidogi|[miss]\n|-miss|p2a: Rillaboom|p1a: Okidogi\n|move|p1a: Okidogi|Gunk Shot|p2a: Rillaboom\n|-supereffective|p2a: Rillaboom\n|-damage|p2a: Rillaboom|0 fnt\n|faint|p2a: Rillaboom\n|\n|win|swmj7\n|raw|swmj7's rating: 1912 &rarr; <strong>1927</strong><br />(+15 for winning)\n|raw|clfegg's rating: 1827 &rarr; <strong>1812</strong><br />(-15 for losing)\n", "inputlog": ">version a8376a258c1d4662feba110a92103f3664a72141\n>start {\"formatid\":\"gen9randombattle\",\"seed\":\"sodium,e4e56ee71c6a7b2978529c62d52122ec\",\"rated\":\"Rated battle\"}\n>player p1 {\"name\":\"swmj7\",\"avatar\":\"265\",\"rating\":1912,\"seed\":\"sodium,9ff2b5744038f343f5723ec9601a5549\"}\n>player p2 {\"name\":\"clfegg\",\"avatar\":\"2\",\"rating\":1827,\"seed\":\"sodium,1b8a9871de502f91cdd357760f0c6246\"}\n>p1 switch 5\n>p2 move swordsdance\n>p1 move bravebird\n>p2 switch 5\n>p1 move swordsdance\n>p2 move toxic\n>p1 move knockoff\n>p2 move protect\n>p1 move bravebird\n>p2 switch 2\n>p1 move bravebird\n>p2 move recover\n>p1 switch 2\n>p2 switch 2\n>p1 move hex\n>p2 move toxic\n>p1 move willowisp\n>p2 move earthquake\n>p1 move hex\n>p2 move protect\n>p1 move hex\n>p2 switch 6\n>p1 switch 4\n>p1 move noretreat\n>p2 move fireblast\n>p1 move closecombat\n>p2 move fireblast\n>p2 switch 4\n>p1 move ironhead\n>p2 move outrage\n>p1 move closecombat\n>p2 move outrage\n>p2 switch 5\n>p1 move closecombat\n>p2 move grassyglide\n>p1 switch 3\n>p1 switch 6\n>p2 switch 6\n>p1 move hurricane\n>p2 move protect\n>p1 move hurricane\n>p2 move toxic terastallize\n>p2 switch 3\n>p1 switch 6\n>p2 move shellsmash\n>p1 switch 6\n>p2 move liquidation\n>p1 move hydropump\n>p2 move crunch\n>p1 switch 6\n>p1 move drainpunch\n>p2 move liquidation\n>p1 move drainpunch\n>p2 move liquidation\n>p2 switch 6\n>p1 move gunkshot\n>p2 move highhorsepower", "uploadtime": 1781453356, "views": 6, "formatid": "gen9randombattle", "rating": 1812, "private": 0, "password": null}