{"id": "gen9randombattle-2631852499", "format": "[Gen 9] Random Battle", "players": ["nupakachi", "guayandoytal"], "log": "|j|\u2606nupakachi\n|j|\u2606guayandoytal\n|t:|1781448246\n|gametype|singles\n|player|p1|nupakachi|rocketgrunt|1040\n|player|p2|guayandoytal|bruno|1058\n|gen|9\n|tier|[Gen 9] Random Battle\n|rated|\n|rule|Species Clause: Limit one of each Pok\u00e9mon\n|rule|HP Percentage Mod: HP is shown in percentages\n|rule|Sleep Clause Mod: Limit one foe put to sleep\n|rule|Illusion Level Mod: Illusion disguises the Pok\u00e9mon's true level\n|\n|t:|1781448246\n|teamsize|p1|6\n|teamsize|p2|6\n|start\n|switch|p1a: Victreebel|Victreebel, L90, M|290/290\n|switch|p2a: Pincurchin|Pincurchin, M|258/258\n|-fieldstart|move: Electric Terrain|[from] ability: Electric Surge|[of] p2a: Pincurchin\n|turn|1\n|inactive|Battle timer is ON: inactive players will automatically lose when time's up. (requested by guayandoytal)\n|\n|t:|1781448263\n|switch|p2a: Squawkabilly|Squawkabilly-White, L89, F|291/291\n|move|p1a: Victreebel|Swords Dance|p1a: Victreebel\n|-boost|p1a: Victreebel|atk|2\n|\n|upkeep\n|turn|2\n|\n|t:|1781448273\n|move|p2a: Squawkabilly|Brave Bird|p1a: Victreebel\n|-supereffective|p1a: Victreebel\n|-damage|p1a: Victreebel|0 fnt\n|faint|p1a: Victreebel\n|-damage|p2a: Squawkabilly|195/291|[from] Recoil\n|\n|upkeep\n|\n|t:|1781448278\n|switch|p1a: Delibird|Delibird, F|252/252\n|turn|3\n|\n|t:|1781448288\n|switch|p2a: Tauros|Tauros-Paldea-Blaze, L81, M|252/252\n|move|p1a: Delibird|Ice Spinner|p2a: Tauros\n|-resisted|p2a: Tauros\n|-damage|p2a: Tauros|198/252\n|-fieldend|move: Electric Terrain\n|\n|upkeep\n|turn|4\n|inactive|guayandoytal has 120 seconds left.\n|\n|t:|1781448332\n|move|p2a: Tauros|Bulk Up|p2a: Tauros\n|-boost|p2a: Tauros|atk|1\n|-boost|p2a: Tauros|def|1\n|move|p1a: Delibird|Brave Bird|p2a: Tauros\n|-supereffective|p2a: Tauros\n|-damage|p2a: Tauros|0 fnt\n|faint|p2a: Tauros\n|-damage|p1a: Delibird|187/252|[from] Recoil\n|\n|upkeep\n|\n|t:|1781448354\n|switch|p2a: Chien-Pao|Chien-Pao, L72|234/234\n|-ability|p2a: Chien-Pao|Sword of Ruin\n|turn|5\n|\n|t:|1781448363\n|move|p2a: Chien-Pao|Swords Dance|p2a: Chien-Pao\n|-boost|p2a: Chien-Pao|atk|2\n|move|p1a: Delibird|Drill Run|p2a: Chien-Pao\n|-damage|p2a: Chien-Pao|127/234\n|\n|upkeep\n|turn|6\n|\n|t:|1781448375\n|move|p2a: Chien-Pao|Throat Chop|p1a: Delibird\n|-damage|p1a: Delibird|0 fnt\n|faint|p1a: Delibird\n|\n|upkeep\n|\n|t:|1781448387\n|switch|p1a: Brute Bonnet|Brute Bonnet, L80|309/309\n|turn|7\n|\n|t:|1781448391\n|move|p2a: Chien-Pao|Icicle Crash|p1a: Brute Bonnet\n|-supereffective|p1a: Brute Bonnet\n|-damage|p1a: Brute Bonnet|0 fnt\n|faint|p1a: Brute Bonnet\n|-end|p1a: Brute Bonnet|Protosynthesis|[silent]\n|\n|upkeep\n|\n|t:|1781448394\n|switch|p1a: Iron Boulder|Iron Boulder, L77|265/265\n|turn|8\n|\n|t:|1781448400\n|move|p1a: Iron Boulder|Mighty Cleave|p2a: Chien-Pao\n|-supereffective|p2a: Chien-Pao\n|-damage|p2a: Chien-Pao|0 fnt\n|faint|p2a: Chien-Pao\n|-damage|p1a: Iron Boulder|239/265|[from] item: Life Orb\n|\n|upkeep\n|\n|t:|1781448410\n|switch|p2a: Shiftry|Shiftry, L89, M|305/305\n|turn|9\n|\n|t:|1781448415\n|move|p1a: Iron Boulder|Swords Dance|p1a: Iron Boulder\n|-boost|p1a: Iron Boulder|atk|2\n|move|p2a: Shiftry|Tailwind|p2a: Shiftry\n|-sidestart|p2: guayandoytal|move: Tailwind\n|-ability|p2a: Shiftry|Wind Rider|boost\n|-boost|p2a: Shiftry|atk|1\n|\n|upkeep\n|turn|10\n|\n|t:|1781448425\n|move|p2a: Shiftry|Leaf Blade|p1a: Iron Boulder\n|-supereffective|p1a: Iron Boulder\n|-damage|p1a: Iron Boulder|0 fnt\n|faint|p1a: Iron Boulder\n|-end|p1a: Iron Boulder|Quark Drive|[silent]\n|-damage|p2a: Shiftry|275/305|[from] item: Life Orb\n|\n|upkeep\n|\n|t:|1781448439\n|switch|p1a: Cresselia|Cresselia, L80, F|323/323\n|turn|11\n|\n|t:|1781448445\n|move|p2a: Shiftry|Knock Off|p1a: Cresselia\n|-supereffective|p1a: Cresselia\n|-damage|p1a: Cresselia|0 fnt\n|-enditem|p1a: Cresselia|Leftovers|[from] move: Knock Off|[of] p2a: Shiftry\n|faint|p1a: Cresselia\n|-damage|p2a: Shiftry|245/305|[from] item: Life Orb\n|\n|upkeep\n|\n|t:|1781448447\n|switch|p1a: Goodra|Goodra, L85, F|292/292\n|turn|12\n|\n|t:|1781448454\n|move|p2a: Shiftry|Knock Off|p1a: Goodra\n|-damage|p1a: Goodra|37/292\n|-enditem|p1a: Goodra|Assault Vest|[from] move: Knock Off|[of] p2a: Shiftry\n|-damage|p2a: Shiftry|215/305|[from] item: Life Orb\n|move|p1a: Goodra|Draco Meteor|p2a: Shiftry\n|-crit|p2a: Shiftry\n|-damage|p2a: Shiftry|0 fnt\n|-unboost|p1a: Goodra|spa|2\n|faint|p2a: Shiftry\n|\n|-sideend|p2: guayandoytal|move: Tailwind\n|upkeep\n|\n|t:|1781448465\n|switch|p2a: Pincurchin|Pincurchin, M|258/258\n|-fieldstart|move: Electric Terrain|[from] ability: Electric Surge|[of] p2a: Pincurchin\n|turn|13\n|\n|t:|1781448472\n|move|p1a: Goodra|Knock Off|p2a: Pincurchin\n|-damage|p2a: Pincurchin|198/258\n|-enditem|p2a: Pincurchin|Leftovers|[from] move: Knock Off|[of] p1a: Goodra\n|move|p2a: Pincurchin|Zing Zap|p1a: Goodra\n|-resisted|p1a: Goodra\n|-damage|p1a: Goodra|0 fnt\n|faint|p1a: Goodra\n|\n|win|guayandoytal\n|raw|nupakachi's rating: 1040 &rarr; <strong>1025</strong><br />(-15 for losing)\n|raw|guayandoytal's rating: 1058 &rarr; <strong>1088</strong><br />(+30 for winning)\n", "inputlog": ">version a8376a258c1d4662feba110a92103f3664a72141\n>start {\"formatid\":\"gen9randombattle\",\"seed\":\"sodium,f201ebf2419b2e0985b2fe77df3f70f5\",\"rated\":\"Rated battle\"}\n>player p1 {\"name\":\"nupakachi\",\"avatar\":\"rocketgrunt\",\"rating\":1040,\"seed\":\"sodium,6c3df10d94281b5a1cf948abfbaf3e0b\"}\n>player p2 {\"name\":\"guayandoytal\",\"avatar\":\"bruno\",\"rating\":1058,\"seed\":\"sodium,2e54534b0c4b59a0c230f0664220eb45\"}\n>p1 move swordsdance\n>p2 switch 5\n>p1 move poisonjab\n>p2 move bravebird\n>p1 switch 6\n>p1 move icespinner\n>p2 switch 4\n>p1 move bravebird\n>p2 move bulkup\n>p2 switch 3\n>p1 move drillrun\n>p2 move swordsdance\n>p1 move drillrun\n>p2 move throatchop\n>p1 switch 3\n>p1 move spore\n>p2 move iciclecrash\n>p1 switch 5\n>p1 move mightycleave\n>p2 move throatchop\n>p2 switch 6\n>p1 move swordsdance\n>p2 move tailwind\n>p1 move closecombat\n>p2 move leafblade\n>p1 switch 2\n>p1 move calmmind\n>p2 move knockoff\n>p1 switch 4\n>p1 move dracometeor\n>p2 move knockoff\n>p2 switch 5\n>p1 move knockoff\n>p2 move zingzap", "uploadtime": 1781448475, "views": 4, "formatid": "gen9randombattle", "rating": 1025, "private": 0, "password": null}