{"id": "gen9randombattle-2631958130", "format": "[Gen 9] Random Battle", "players": ["Swivel Sweeper", "gangsta spongebob"], "log": "|j|\u2606Swivel Sweeper\n|j|\u2606gangsta spongebob\n|t:|1781459905\n|gametype|singles\n|player|p1|Swivel Sweeper|swimmer|2035\n|player|p2|gangsta spongebob|101|2050\n|gen|9\n|tier|[Gen 9] Random Battle\n|rated|\n|rule|Species Clause: Limit one of each Pok\u00e9mon\n|rule|HP Percentage Mod: HP is shown in percentages\n|rule|Sleep Clause Mod: Limit one foe put to sleep\n|rule|Illusion Level Mod: Illusion disguises the Pok\u00e9mon's true level\n|\n|t:|1781459905\n|teamsize|p1|6\n|teamsize|p2|6\n|start\n|switch|p1a: Eelektross|Eelektross, L87, M|290/290\n|switch|p2a: Metagross|Metagross, L79|256/256\n|turn|1\n|c|\u2606gangsta spongebob|gl hf\n|\n|t:|1781459917\n|move|p2a: Metagross|Psychic Fangs|p1a: Eelektross\n|-damage|p1a: Eelektross|130/290\n|move|p1a: Eelektross|Flamethrower|p2a: Metagross\n|-supereffective|p2a: Metagross\n|-damage|p2a: Metagross|94/256\n|\n|upkeep\n|turn|2\n|\n|t:|1781459928\n|switch|p1a: Uxie|Uxie, L83|260/260\n|move|p2a: Metagross|Psychic Fangs|p1a: Uxie\n|-resisted|p1a: Uxie\n|-damage|p1a: Uxie|200/260\n|\n|-heal|p1a: Uxie|216/260|[from] item: Leftovers\n|upkeep\n|turn|3\n|\n|t:|1781459937\n|switch|p2a: Oinkologne|Oinkologne, L92, M|352/352\n|move|p1a: Uxie|Knock Off|p2a: Oinkologne\n|-damage|p2a: Oinkologne|294/352\n|-enditem|p2a: Oinkologne|Leftovers|[from] move: Knock Off|[of] p1a: Uxie\n|\n|-heal|p1a: Uxie|232/260|[from] item: Leftovers\n|upkeep\n|turn|4\n|\n|t:|1781459960\n|move|p1a: Uxie|Psychic Noise|p2a: Oinkologne\n|-damage|p2a: Oinkologne|233/352\n|-start|p2a: Oinkologne|move: Heal Block\n|move|p2a: Oinkologne|Body Slam|p1a: Uxie\n|-damage|p1a: Uxie|156/260\n|\n|-heal|p1a: Uxie|172/260|[from] item: Leftovers\n|upkeep\n|turn|5\n|\n|t:|1781459987\n|move|p1a: Uxie|Yawn|p2a: Oinkologne\n|-start|p2a: Oinkologne|move: Yawn|[of] p1a: Uxie\n|move|p2a: Oinkologne|Body Slam|p1a: Uxie\n|-damage|p1a: Uxie|97/260\n|\n|-heal|p1a: Uxie|113/260|[from] item: Leftovers\n|-end|p2a: Oinkologne|move: Heal Block\n|upkeep\n|turn|6\n|\n|t:|1781459999\n|move|p1a: Uxie|Knock Off|p2a: Oinkologne\n|-damage|p2a: Oinkologne|197/352\n|move|p2a: Oinkologne|Body Slam|p1a: Uxie\n|-damage|p1a: Uxie|31/260\n|-status|p1a: Uxie|par\n|\n|-heal|p1a: Uxie|47/260 par|[from] item: Leftovers\n|-end|p2a: Oinkologne|move: Yawn|[silent]\n|-status|p2a: Oinkologne|slp\n|upkeep\n|turn|7\n|\n|t:|1781460027\n|cant|p2a: Oinkologne|slp\n|cant|p1a: Uxie|par\n|\n|-heal|p1a: Uxie|63/260 par|[from] item: Leftovers\n|upkeep\n|turn|8\n|\n|t:|1781460034\n|cant|p2a: Oinkologne|slp\n|cant|p1a: Uxie|par\n|\n|-heal|p1a: Uxie|79/260 par|[from] item: Leftovers\n|upkeep\n|turn|9\n|\n|t:|1781460040\n|-curestatus|p2a: Oinkologne|slp|[msg]\n|move|p2a: Oinkologne|Lash Out|p1a: Uxie\n|-supereffective|p1a: Uxie\n|-damage|p1a: Uxie|0 fnt\n|faint|p1a: Uxie\n|\n|upkeep\n|\n|t:|1781460055\n|switch|p1a: Eelektross|Eelektross, L87, M|130/290\n|turn|10\n|\n|t:|1781460060\n|move|p2a: Oinkologne|Body Slam|p1a: Eelektross\n|-damage|p1a: Eelektross|27/290\n|move|p1a: Eelektross|Discharge|p2a: Oinkologne\n|-damage|p2a: Oinkologne|110/352\n|\n|upkeep\n|turn|11\n|\n|t:|1781460069\n|move|p2a: Oinkologne|Body Slam|p1a: Eelektross\n|-crit|p1a: Eelektross\n|-damage|p1a: Eelektross|0 fnt\n|faint|p1a: Eelektross\n|\n|upkeep\n|\n|t:|1781460074\n|switch|p1a: Flutter Mane|Flutter Mane, L74|203/203\n|turn|12\n|\n|t:|1781460096\n|move|p1a: Flutter Mane|Moonblast|p2a: Oinkologne\n|-damage|p2a: Oinkologne|0 fnt\n|faint|p2a: Oinkologne\n|-damage|p1a: Flutter Mane|183/203|[from] item: Life Orb\n|\n|upkeep\n|\n|t:|1781460107\n|switch|p2a: Orthworm|Orthworm, L88, F|266/266\n|turn|13\n|\n|t:|1781460130\n|-terastallize|p1a: Flutter Mane|Ghost\n|move|p1a: Flutter Mane|Shadow Ball|p2a: Orthworm\n|-damage|p2a: Orthworm|66/266\n|-unboost|p2a: Orthworm|spd|1\n|-damage|p1a: Flutter Mane|163/203|[from] item: Life Orb\n|move|p2a: Orthworm|Iron Tail|p1a: Flutter Mane\n|-damage|p1a: Flutter Mane|0 fnt\n|faint|p1a: Flutter Mane\n|-end|p1a: Flutter Mane|Protosynthesis|[silent]\n|\n|upkeep\n|\n|t:|1781460141\n|switch|p1a: Rabsca|Rabsca, L91, M|284/284\n|turn|14\n|\n|t:|1781460153\n|move|p2a: Orthworm|Iron Tail|p1a: Rabsca\n|-damage|p1a: Rabsca|179/284\n|move|p1a: Rabsca|Bug Buzz|p2a: Orthworm\n|-resisted|p2a: Orthworm\n|-damage|p2a: Orthworm|0 fnt\n|faint|p2a: Orthworm\n|\n|upkeep\n|\n|t:|1781460158\n|switch|p2a: Golurk|Golurk, L87|297/297\n|turn|15\n|\n|t:|1781460165\n|switch|p1a: Blissey|Blissey, L85, F|572/572\n|move|p2a: Golurk|Poltergeist|p1a: Blissey\n|-immune|p1a: Blissey\n|\n|upkeep\n|turn|16\n|\n|t:|1781460175\n|switch|p1a: Rabsca|Rabsca, L91, M|179/284\n|move|p2a: Golurk|Dynamic Punch|p1a: Rabsca\n|-resisted|p1a: Rabsca\n|-damage|p1a: Rabsca|153/284\n|-start|p1a: Rabsca|confusion\n|-damage|p2a: Golurk|268/297|[from] item: Life Orb\n|\n|upkeep\n|turn|17\n|-message|Swivel Sweeper forfeited.\n|\n|win|gangsta spongebob\n", "inputlog": ">version a8376a258c1d4662feba110a92103f3664a72141\n>start {\"formatid\":\"gen9randombattle\",\"seed\":\"sodium,470052b2f5ebd4658efa9d9702dd46eb\",\"rated\":\"Rated battle\"}\n>player p1 {\"name\":\"Swivel Sweeper\",\"avatar\":\"swimmer\",\"rating\":2035,\"seed\":\"sodium,293bcc8b84f68134c2f94f220b49ad14\"}\n>player p2 {\"name\":\"gangsta spongebob\",\"avatar\":\"101\",\"rating\":2050,\"seed\":\"sodium,4cdd98bfe77be1869d0d549e1b7f1602\"}\n>chat \u2606gangsta spongebob|gl hf\n>p1 move flamethrower\n>p2 move psychicfangs\n>p1 switch 6\n>p2 move psychicfangs\n>p1 move knockoff\n>p2 switch 2\n>p1 move psychicnoise\n>p2 move bodyslam\n>p1 move yawn\n>p2 move bodyslam\n>p1 move knockoff\n>p2 move bodyslam\n>p1 move psychicnoise\n>p2 move bodyslam\n>p1 move psychicnoise\n>p2 move bodyslam\n>p1 move psychicnoise\n>p2 move lashout\n>p1 switch 6\n>p1 move discharge\n>p2 move bodyslam\n>p1 move discharge\n>p2 move bodyslam\n>p1 switch 3\n>p1 move moonblast\n>p2 move lashout\n>p2 switch 4\n>p1 move shadowball terastallize\n>p2 move irontail\n>p1 switch 2\n>p1 move bugbuzz\n>p2 move irontail\n>p2 switch 6\n>p1 switch 5\n>p2 move poltergeist\n>p1 switch 5\n>p2 move dynamicpunch\n>forcelose p1", "uploadtime": 1781459907, "views": 6, "formatid": "gen9randombattle", "rating": null, "private": 0, "password": null}