{"id": "gen9randombattle-2631932421", "format": "[Gen 9] Random Battle", "players": ["Pitt2022", "Saaskin"], "log": "|j|\u2606Pitt2022\n|j|\u2606Saaskin\n|t:|1781457072\n|gametype|singles\n|player|p1|Pitt2022|gentleman-gen4|1927\n|player|p2|Saaskin|169|1979\n|gen|9\n|tier|[Gen 9] Random Battle\n|rated|\n|rule|Species Clause: Limit one of each Pok\u00e9mon\n|rule|HP Percentage Mod: HP is shown in percentages\n|rule|Sleep Clause Mod: Limit one foe put to sleep\n|rule|Illusion Level Mod: Illusion disguises the Pok\u00e9mon's true level\n|\n|t:|1781457072\n|teamsize|p1|6\n|teamsize|p2|6\n|start\n|switch|p1a: Flareon|Flareon, L90, F|263/263\n|switch|p2a: Dialga|Dialga, L73|266/266\n|-ability|p2a: Dialga|Pressure\n|turn|1\n|inactive|Battle timer is ON: inactive players will automatically lose when time's up. (requested by Saaskin)\n|\n|t:|1781457091\n|move|p2a: Dialga|Draco Meteor|p1a: Flareon\n|-damage|p1a: Flareon|136/263\n|-unboost|p2a: Dialga|spa|2\n|move|p1a: Flareon|Will-O-Wisp|p2a: Dialga\n|-status|p2a: Dialga|brn\n|\n|-damage|p2a: Dialga|250/266 brn|[from] brn\n|-status|p1a: Flareon|tox|[from] item: Toxic Orb\n|upkeep\n|turn|2\n|\n|t:|1781457121\n|switch|p2a: Armarouge|Armarouge, L80, M|267/267\n|move|p1a: Flareon|Facade|p2a: Armarouge\n|-damage|p2a: Armarouge|65/267\n|-ability|p2a: Armarouge|Weak Armor|boost\n|-unboost|p2a: Armarouge|def|1\n|-boost|p2a: Armarouge|spe|2\n|\n|-damage|p1a: Flareon|120/263 tox|[from] psn\n|upkeep\n|turn|3\n|inactive|Pitt2022 has 120 seconds left.\n|\n|t:|1781457141\n|switch|p1a: Eelektross|Eelektross, L87, M|290/290\n|move|p2a: Armarouge|Meteor Beam||[still]\n|-prepare|p2a: Armarouge|Meteor Beam\n|-boost|p2a: Armarouge|spa|1\n|-enditem|p2a: Armarouge|Power Herb\n|-anim|p2a: Armarouge|Meteor Beam|p1a: Eelektross\n|-damage|p1a: Eelektross|199/290\n|\n|upkeep\n|turn|4\n|inactive|Pitt2022 has 120 seconds left.\n|\n|t:|1781457154\n|move|p2a: Armarouge|Armor Cannon|p1a: Eelektross\n|-damage|p1a: Eelektross|48/290\n|-unboost|p2a: Armarouge|def|1\n|-unboost|p2a: Armarouge|spd|1\n|move|p1a: Eelektross|Dragon Tail|p2a: Armarouge\n|-damage|p2a: Armarouge|0 fnt\n|faint|p2a: Armarouge\n|\n|upkeep\n|inactive|Saaskin has 120 seconds left.\n|\n|t:|1781457183\n|switch|p2a: Dialga|Dialga, L73|250/266 brn\n|-ability|p2a: Dialga|Pressure\n|turn|5\n|\n|t:|1781457192\n|move|p2a: Dialga|Fire Blast|p1a: Eelektross\n|-damage|p1a: Eelektross|0 fnt\n|faint|p1a: Eelektross\n|\n|-heal|p2a: Dialga|266/266 brn|[from] item: Leftovers\n|-damage|p2a: Dialga|250/266 brn|[from] brn\n|upkeep\n|\n|t:|1781457200\n|switch|p1a: Grimmsnarl|Grimmsnarl, L83, M|293/293\n|turn|6\n|\n|t:|1781457205\n|move|p1a: Grimmsnarl|Light Screen|p1a: Grimmsnarl\n|-sidestart|p1: Pitt2022|move: Light Screen\n|move|p2a: Dialga|Thunder Wave|p1a: Grimmsnarl\n|-status|p1a: Grimmsnarl|par\n|\n|-heal|p2a: Dialga|266/266 brn|[from] item: Leftovers\n|-damage|p2a: Dialga|250/266 brn|[from] brn\n|upkeep\n|turn|7\n|\n|t:|1781457213\n|move|p2a: Dialga|Heavy Slam|p1a: Grimmsnarl\n|-supereffective|p1a: Grimmsnarl\n|-damage|p1a: Grimmsnarl|145/293 par\n|cant|p1a: Grimmsnarl|par\n|\n|-heal|p2a: Dialga|266/266 brn|[from] item: Leftovers\n|-damage|p2a: Dialga|250/266 brn|[from] brn\n|upkeep\n|turn|8\n|\n|t:|1781457221\n|move|p1a: Grimmsnarl|Reflect|p1a: Grimmsnarl\n|-sidestart|p1: Pitt2022|Reflect\n|move|p2a: Dialga|Heavy Slam|p1a: Grimmsnarl\n|-supereffective|p1a: Grimmsnarl\n|-damage|p1a: Grimmsnarl|73/293 par\n|\n|-heal|p2a: Dialga|266/266 brn|[from] item: Leftovers\n|-damage|p2a: Dialga|250/266 brn|[from] brn\n|upkeep\n|turn|9\n|\n|t:|1781457229\n|move|p1a: Grimmsnarl|Parting Shot|p2a: Dialga\n|-unboost|p2a: Dialga|atk|1\n|-unboost|p2a: Dialga|spa|1\n|\n|t:|1781457249\n|switch|p1a: Dewgong|Dewgong, L94, F|322/322|[from] Parting Shot\n|move|p2a: Dialga|Thunder Wave|p1a: Dewgong\n|-status|p1a: Dewgong|par\n|\n|-heal|p2a: Dialga|266/266 brn|[from] item: Leftovers\n|-damage|p2a: Dialga|250/266 brn|[from] brn\n|upkeep\n|turn|10\n|\n|t:|1781457271\n|switch|p2a: Vespiquen|Vespiquen, L99, F|299/299\n|-ability|p2a: Vespiquen|Pressure\n|move|p1a: Dewgong|Triple Axel|p2a: Vespiquen\n|-supereffective|p2a: Vespiquen\n|-damage|p2a: Vespiquen|263/299\n|-supereffective|p2a: Vespiquen\n|-damage|p2a: Vespiquen|195/299\n|-supereffective|p2a: Vespiquen\n|-damage|p2a: Vespiquen|105/299\n|-hitcount|p2a: Vespiquen|3\n|\n|upkeep\n|turn|11\n|\n|t:|1781457282\n|move|p2a: Vespiquen|Spikes|p1a: Dewgong\n|-sidestart|p1: Pitt2022|Spikes\n|cant|p1a: Dewgong|par\n|\n|upkeep\n|turn|12\n|\n|t:|1781457286\n|move|p2a: Vespiquen|Roost|p2a: Vespiquen\n|-heal|p2a: Vespiquen|255/299\n|-singleturn|p2a: Vespiquen|move: Roost\n|move|p1a: Dewgong|Triple Axel|p2a: Vespiquen\n|-damage|p2a: Vespiquen|237/299\n|-hitcount|p2a: Vespiquen|1\n|\n|upkeep\n|turn|13\n|\n|t:|1781457294\n|move|p2a: Vespiquen|Spikes|p1a: Dewgong\n|-sidestart|p1: Pitt2022|Spikes\n|cant|p1a: Dewgong|par\n|\n|-sideend|p1: Pitt2022|move: Light Screen\n|upkeep\n|turn|14\n|\n|t:|1781457299\n|move|p2a: Vespiquen|Spikes|p1a: Dewgong\n|-sidestart|p1: Pitt2022|Spikes\n|move|p1a: Dewgong|Encore|p2a: Vespiquen\n|-start|p2a: Vespiquen|Encore\n|\n|upkeep\n|turn|15\n|\n|t:|1781457303\n|switch|p2a: Dialga|Dialga, L73|250/266 brn\n|-ability|p2a: Dialga|Pressure\n|cant|p1a: Dewgong|par\n|\n|-heal|p2a: Dialga|266/266 brn|[from] item: Leftovers\n|-damage|p2a: Dialga|250/266 brn|[from] brn\n|-sideend|p1: Pitt2022|Reflect\n|upkeep\n|turn|16\n|\n|t:|1781457314\n|switch|p2a: Vespiquen|Vespiquen, L99, F|237/299\n|-ability|p2a: Vespiquen|Pressure\n|cant|p1a: Dewgong|par\n|\n|upkeep\n|turn|17\n|\n|t:|1781457321\n|move|p2a: Vespiquen|Toxic Spikes|p1a: Dewgong\n|-sidestart|p1: Pitt2022|move: Toxic Spikes\n|move|p1a: Dewgong|Triple Axel|p2a: Vespiquen\n|-supereffective|p2a: Vespiquen\n|-damage|p2a: Vespiquen|205/299\n|-supereffective|p2a: Vespiquen\n|-damage|p2a: Vespiquen|137/299\n|-supereffective|p2a: Vespiquen\n|-damage|p2a: Vespiquen|45/299\n|-hitcount|p2a: Vespiquen|3\n|\n|upkeep\n|turn|18\n|\n|t:|1781457332\n|move|p2a: Vespiquen|Roost|p2a: Vespiquen\n|-heal|p2a: Vespiquen|195/299\n|-singleturn|p2a: Vespiquen|move: Roost\n|cant|p1a: Dewgong|par\n|\n|upkeep\n|turn|19\n|\n|t:|1781457344\n|move|p2a: Vespiquen|Roost|p2a: Vespiquen\n|-heal|p2a: Vespiquen|299/299\n|-singleturn|p2a: Vespiquen|move: Roost\n|move|p1a: Dewgong|Encore|p2a: Vespiquen\n|-start|p2a: Vespiquen|Encore\n|\n|upkeep\n|turn|20\n|\n|t:|1781457354\n|switch|p2a: Dialga|Dialga, L73|250/266 brn\n|-ability|p2a: Dialga|Pressure\n|move|p1a: Dewgong|Flip Turn|p2a: Dialga\n|-resisted|p2a: Dialga\n|-damage|p2a: Dialga|222/266 brn\n|-message|Pitt2022 forfeited.\n|\n|win|Saaskin\n|raw|Pitt2022's rating: 1927 &rarr; <strong>1910</strong><br />(-17 for losing)\n|raw|Saaskin's rating: 1979 &rarr; <strong>1996</strong><br />(+17 for winning)\n|l|\u2606Pitt2022\n|player|p1|\n", "uploadtime": 1781457074, "views": 4, "formatid": "gen9randombattle", "rating": 1910, "private": 0, "password": null}