{"id": "gen9randombattle-2631582475", "format": "[Gen 9] Random Battle", "players": ["John Five", "nocomment3"], "log": "|j|\u2606John Five\n|j|\u2606nocomment3\n|t:|1781404426\n|gametype|singles\n|player|p1|John Five|veteranf|2024\n|player|p2|nocomment3|265|2281\n|gen|9\n|tier|[Gen 9] Random Battle\n|rated|\n|rule|Species Clause: Limit one of each Pok\u00e9mon\n|rule|HP Percentage Mod: HP is shown in percentages\n|rule|Sleep Clause Mod: Limit one foe put to sleep\n|rule|Illusion Level Mod: Illusion disguises the Pok\u00e9mon's true level\n|\n|t:|1781404426\n|teamsize|p1|6\n|teamsize|p2|6\n|start\n|switch|p1a: Venomoth|Venomoth, L84, M|255/255\n|switch|p2a: Cinderace|Cinderace, L77, F|250/250\n|turn|1\n|\n|t:|1781404449\n|switch|p1a: Drednaw|Drednaw, L81, F|278/278\n|move|p2a: Cinderace|U-turn|p1a: Drednaw\n|-start|p2a: Cinderace|typechange|Bug|[from] ability: Libero\n|-damage|p1a: Drednaw|200/278\n|inactive|Battle timer is ON: inactive players will automatically lose when time's up. (requested by John Five)\n|\n|t:|1781404472\n|switch|p2a: Krookodile|Krookodile, L79, M|280/280|[from] U-turn\n|-ability|p2a: Krookodile|Intimidate|boost\n|-unboost|p1a: Drednaw|atk|1\n|-enditem|p1a: Drednaw|White Herb\n|-clearnegativeboost|p1a: Drednaw|[silent]\n|\n|upkeep\n|turn|2\n|\n|t:|1781404489\n|-terastallize|p1a: Drednaw|Ground\n|move|p2a: Krookodile|Bulk Up|p2a: Krookodile\n|-boost|p2a: Krookodile|atk|1\n|-boost|p2a: Krookodile|def|1\n|move|p1a: Drednaw|Shell Smash|p1a: Drednaw\n|-unboost|p1a: Drednaw|def|1\n|-unboost|p1a: Drednaw|spd|1\n|-boost|p1a: Drednaw|atk|2\n|-boost|p1a: Drednaw|spa|2\n|-boost|p1a: Drednaw|spe|2\n|\n|upkeep\n|turn|3\n|\n|t:|1781404495\n|move|p1a: Drednaw|Liquidation|p2a: Krookodile\n|-supereffective|p2a: Krookodile\n|-damage|p2a: Krookodile|0 fnt\n|faint|p2a: Krookodile\n|\n|upkeep\n|\n|t:|1781404501\n|switch|p2a: Hatterene|Hatterene, L85, F|236/236\n|turn|4\n|\n|t:|1781404505\n|move|p1a: Drednaw|Earthquake|p2a: Hatterene\n|-damage|p2a: Hatterene|25/236\n|move|p2a: Hatterene|Psyshock|p1a: Drednaw\n|-damage|p1a: Drednaw|38/278\n|\n|-heal|p2a: Hatterene|39/236|[from] item: Leftovers\n|upkeep\n|turn|5\n|\n|t:|1781404513\n|move|p1a: Drednaw|Liquidation|p2a: Hatterene\n|-damage|p2a: Hatterene|0 fnt\n|faint|p2a: Hatterene\n|\n|upkeep\n|\n|t:|1781404514\n|switch|p2a: Dachsbun|Dachsbun, L92, M|254/254\n|turn|6\n|\n|t:|1781404518\n|move|p1a: Drednaw|Earthquake|p2a: Dachsbun\n|-damage|p2a: Dachsbun|91/254\n|move|p2a: Dachsbun|Body Press|p1a: Drednaw\n|-damage|p1a: Drednaw|0 fnt\n|faint|p1a: Drednaw\n|\n|-heal|p2a: Dachsbun|106/254|[from] item: Leftovers\n|upkeep\n|\n|t:|1781404528\n|switch|p1a: Inteleon|Inteleon, L81, M|246/246\n|turn|7\n|\n|t:|1781404532\n|move|p1a: Inteleon|Scald|p2a: Dachsbun\n|-damage|p2a: Dachsbun|0 fnt\n|faint|p2a: Dachsbun\n|\n|upkeep\n|\n|t:|1781404537\n|switch|p2a: Raikou|Raikou, L81|278/278\n|-ability|p2a: Raikou|Pressure\n|turn|8\n|\n|t:|1781404545\n|switch|p1a: Zebstrika|Zebstrika, L87, M|272/272\n|-terastallize|p2a: Raikou|Water\n|move|p2a: Raikou|Calm Mind|p2a: Raikou\n|-boost|p2a: Raikou|spa|1\n|-boost|p2a: Raikou|spd|1\n|\n|upkeep\n|turn|9\n|\n|t:|1781404552\n|switch|p2a: Rhyperior|Rhyperior, L82, M|323/323\n|move|p1a: Zebstrika|Supercell Slam|p2a: Rhyperior\n|-immune|p2a: Rhyperior\n|-damage|p1a: Zebstrika|136/272|[from] supercellslam\n|\n|upkeep\n|turn|10\n|\n|t:|1781404560\n|switch|p1a: Tauros|Tauros-Paldea-Combat, L82, M|257/257\n|-ability|p1a: Tauros|Intimidate|boost\n|-unboost|p2a: Rhyperior|atk|1\n|move|p2a: Rhyperior|Rock Polish|p2a: Rhyperior\n|-boost|p2a: Rhyperior|spe|2\n|\n|upkeep\n|turn|11\n|l|\u2606John Five\n|inactive|John Five disconnected and has a minute to reconnect!\n|player|p1|\n|j|\u2606John Five\n|inactive|John Five reconnected and has 110 seconds left.\n|player|p1|John Five|veteranf|\n|\n|t:|1781404609\n|move|p2a: Rhyperior|Rock Polish|p2a: Rhyperior\n|-boost|p2a: Rhyperior|spe|2\n|move|p1a: Tauros|Close Combat|p2a: Rhyperior\n|-supereffective|p2a: Rhyperior\n|-damage|p2a: Rhyperior|79/323\n|-unboost|p1a: Tauros|def|1\n|-unboost|p1a: Tauros|spd|1\n|-enditem|p2a: Rhyperior|Weakness Policy\n|-boost|p2a: Rhyperior|atk|2|[from] item: Weakness Policy\n|-boost|p2a: Rhyperior|spa|2|[from] item: Weakness Policy\n|\n|upkeep\n|turn|12\n|\n|t:|1781404619\n|switch|p1a: Venomoth|Venomoth, L84, M|255/255\n|move|p2a: Rhyperior|Earthquake|p1a: Venomoth\n|-damage|p1a: Venomoth|0 fnt\n|faint|p1a: Venomoth\n|\n|upkeep\n|\n|t:|1781404626\n|switch|p1a: Tauros|Tauros-Paldea-Combat, L82, M|257/257\n|-ability|p1a: Tauros|Intimidate|boost\n|-unboost|p2a: Rhyperior|atk|1\n|turn|13\n|\n|t:|1781404632\n|move|p2a: Rhyperior|Earthquake|p1a: Tauros\n|-damage|p1a: Tauros|146/257\n|move|p1a: Tauros|Close Combat|p2a: Rhyperior\n|-supereffective|p2a: Rhyperior\n|-damage|p2a: Rhyperior|0 fnt\n|-unboost|p1a: Tauros|def|1\n|-unboost|p1a: Tauros|spd|1\n|faint|p2a: Rhyperior\n|\n|upkeep\n|\n|t:|1781404636\n|switch|p2a: Raikou|Raikou, L81, tera:Water|278/278\n|-ability|p2a: Raikou|Pressure\n|turn|14\n|\n|t:|1781404642\n|move|p2a: Raikou|Substitute|p2a: Raikou\n|-start|p2a: Raikou|Substitute\n|-damage|p2a: Raikou|209/278\n|move|p1a: Tauros|Close Combat|p2a: Raikou\n|-end|p2a: Raikou|Substitute\n|-unboost|p1a: Tauros|def|1\n|-unboost|p1a: Tauros|spd|1\n|\n|-heal|p2a: Raikou|226/278|[from] item: Leftovers\n|upkeep\n|turn|15\n|\n|t:|1781404650\n|switch|p1a: Zebstrika|Zebstrika, L87, M|136/272\n|move|p2a: Raikou|Thunderbolt|p1a: Zebstrika\n|-resisted|p1a: Zebstrika\n|-damage|p1a: Zebstrika|76/272\n|\n|-heal|p2a: Raikou|243/278|[from] item: Leftovers\n|upkeep\n|turn|16\n|-message|nocomment3 forfeited.\n|\n|win|John Five\n", "inputlog": ">version a8376a258c1d4662feba110a92103f3664a72141\n>start {\"formatid\":\"gen9randombattle\",\"seed\":\"sodium,0b33a172ab782de500a56b6b044a80a1\",\"rated\":\"Rated battle\"}\n>player p1 {\"name\":\"John Five\",\"avatar\":\"veteranf\",\"rating\":2024,\"seed\":\"sodium,4f62ea092b5ffaa89df45aaa886579c8\"}\n>player p2 {\"name\":\"nocomment3\",\"avatar\":\"265\",\"rating\":2281,\"seed\":\"sodium,d718c3a2f022229699f66647d220cd76\"}\n>p1 switch 2\n>p2 move uturn\n>p2 switch 4\n>p1 move shellsmash terastallize\n>p2 move bulkup\n>p1 move liquidation\n>p2 move earthquake\n>p2 switch 3\n>p1 move earthquake\n>p2 move psyshock\n>p1 move liquidation\n>p2 move drainingkiss\n>p2 switch 5\n>p1 move earthquake\n>p2 move bodypress\n>p1 switch 3\n>p1 move scald\n>p2 move playrough\n>p2 switch 6\n>p1 switch 4\n>p2 move calmmind terastallize\n>p1 move supercellslam\n>p2 switch 2\n>p1 switch 6\n>p2 move rockpolish\n>p1 move closecombat\n>p2 move rockpolish\n>p1 switch 2\n>p2 move earthquake\n>p1 switch 2\n>p1 move closecombat\n>p2 move earthquake\n>p2 switch 2\n>p1 move closecombat\n>p2 move substitute\n>p1 switch 6\n>p2 move thunderbolt\n>forcelose p2", "uploadtime": 1781404427, "views": 5, "formatid": "gen9randombattle", "rating": null, "private": 0, "password": null}