{"id": "gen9randombattle-2631662007", "format": "[Gen 9] Random Battle", "players": ["mnbvmnbm", "ComoTanMuchachos67"], "log": "|j|\u2606mnbvmnbm\n|j|\u2606ComoTanMuchachos67\n|t:|1781417045\n|gametype|singles\n|player|p1|mnbvmnbm|boarder|1185\n|player|p2|ComoTanMuchachos67|lance|1227\n|gen|9\n|tier|[Gen 9] Random Battle\n|rated|\n|rule|Species Clause: Limit one of each Pok\u00e9mon\n|rule|HP Percentage Mod: HP is shown in percentages\n|rule|Sleep Clause Mod: Limit one foe put to sleep\n|rule|Illusion Level Mod: Illusion disguises the Pok\u00e9mon's true level\n|\n|t:|1781417045\n|teamsize|p1|6\n|teamsize|p2|6\n|start\n|switch|p1a: Ogerpon|Ogerpon-Wellspring, L76, F|247/247\n|switch|p2a: Mabosstiff|Mabosstiff, L86, F|278/278\n|turn|1\n|\n|t:|1781417070\n|switch|p1a: Gurdurr|Gurdurr, L85, M|283/283\n|move|p2a: Mabosstiff|Crunch|p1a: Gurdurr\n|-resisted|p1a: Gurdurr\n|-damage|p1a: Gurdurr|178/283\n|\n|upkeep\n|turn|2\n|\n|t:|1781417094\n|switch|p2a: Vespiquen|Vespiquen, L99, F|299/299\n|-ability|p2a: Vespiquen|Pressure\n|move|p1a: Gurdurr|Drain Punch|p2a: Vespiquen\n|-resisted|p2a: Vespiquen\n|-damage|p2a: Vespiquen|284/299\n|-heal|p1a: Gurdurr|186/283|[from] drain|[of] p2a: Vespiquen\n|\n|upkeep\n|turn|3\n|\n|t:|1781417106\n|move|p2a: Vespiquen|Toxic|p1a: Gurdurr\n|-status|p1a: Gurdurr|tox\n|move|p1a: Gurdurr|Knock Off|p2a: Vespiquen\n|-damage|p2a: Vespiquen|203/299\n|-enditem|p2a: Vespiquen|Heavy-Duty Boots|[from] move: Knock Off|[of] p1a: Gurdurr\n|\n|-damage|p1a: Gurdurr|169/283 tox|[from] psn\n|upkeep\n|turn|4\n|inactive|Battle timer is ON: inactive players will automatically lose when time's up. (requested by ComoTanMuchachos67)\n|\n|t:|1781417131\n|switch|p1a: Jirachi|Jirachi, L80|291/291\n|move|p2a: Vespiquen|Hurricane|p1a: Jirachi\n|-resisted|p1a: Jirachi\n|-damage|p1a: Jirachi|244/291\n|\n|upkeep\n|turn|5\n|\n|t:|1781417145\n|move|p1a: Jirachi|Iron Head|p2a: Vespiquen\n|-damage|p2a: Vespiquen|142/299\n|cant|p2a: Vespiquen|flinch\n|\n|upkeep\n|turn|6\n|\n|t:|1781417160\n|move|p1a: Jirachi|U-turn|p2a: Vespiquen\n|-resisted|p2a: Vespiquen\n|-damage|p2a: Vespiquen|123/299\n|\n|t:|1781417172\n|switch|p1a: Morpeko|Morpeko, L88, M|245/245|[from] U-turn\n|move|p2a: Vespiquen|U-turn|p1a: Morpeko\n|-supereffective|p1a: Morpeko\n|-damage|p1a: Morpeko|39/245\n|\n|t:|1781417191\n|switch|p2a: Tauros|Tauros, L82, M|257/257|[from] U-turn\n|\n|-formechange|p1a: Morpeko|Morpeko-Hangry||[from] ability: Hunger Switch\n|upkeep\n|turn|7\n|\n|t:|1781417206\n|move|p1a: Morpeko|Protect|p1a: Morpeko\n|-singleturn|p1a: Morpeko|Protect\n|move|p2a: Tauros|Body Slam|p1a: Morpeko\n|-activate|p1a: Morpeko|move: Protect\n|\n|-formechange|p1a: Morpeko|Morpeko||[from] ability: Hunger Switch\n|upkeep\n|turn|8\n|\n|t:|1781417219\n|move|p2a: Tauros|Body Slam|p1a: Morpeko\n|-damage|p1a: Morpeko|0 fnt\n|faint|p1a: Morpeko\n|\n|upkeep\n|\n|t:|1781417227\n|switch|p1a: Gurdurr|Gurdurr, L85, M|169/283 tox\n|turn|9\n|\n|t:|1781417248\n|switch|p2a: Vespiquen|Vespiquen, L99, F|123/299\n|-ability|p2a: Vespiquen|Pressure\n|move|p1a: Gurdurr|Drain Punch|p2a: Vespiquen\n|-resisted|p2a: Vespiquen\n|-damage|p2a: Vespiquen|99/299\n|-heal|p1a: Gurdurr|181/283 tox|[from] drain|[of] p2a: Vespiquen\n|\n|-damage|p1a: Gurdurr|164/283 tox|[from] psn\n|upkeep\n|turn|10\n|inactive|mnbvmnbm has 120 seconds left.\n|\n|t:|1781417287\n|switch|p1a: Jirachi|Jirachi, L80|244/291\n|move|p2a: Vespiquen|Roost|p2a: Vespiquen\n|-heal|p2a: Vespiquen|249/299\n|-singleturn|p2a: Vespiquen|move: Roost\n|\n|upkeep\n|turn|11\n|inactive|mnbvmnbm has 120 seconds left.\n|\n|t:|1781417301\n|move|p1a: Jirachi|Iron Head|p2a: Vespiquen\n|-damage|p2a: Vespiquen|186/299\n|move|p2a: Vespiquen|U-turn|p1a: Jirachi\n|-damage|p1a: Jirachi|153/291\n|\n|t:|1781417312\n|switch|p2a: Keldeo|Keldeo-Resolute, L79|273/273|[from] U-turn\n|\n|upkeep\n|turn|12\n|inactive|mnbvmnbm has 120 seconds left.\n|\n|t:|1781417331\n|move|p2a: Keldeo|Calm Mind|p2a: Keldeo\n|-boost|p2a: Keldeo|spa|1\n|-boost|p2a: Keldeo|spd|1\n|move|p1a: Jirachi|Drain Punch|p2a: Keldeo\n|-damage|p2a: Keldeo|217/273\n|-heal|p1a: Jirachi|181/291|[from] drain|[of] p2a: Keldeo\n|\n|-heal|p2a: Keldeo|234/273|[from] item: Leftovers\n|upkeep\n|turn|13\n|inactive|mnbvmnbm has 120 seconds left.\n|\n|t:|1781417353\n|move|p2a: Keldeo|Secret Sword|p1a: Jirachi\n|-damage|p1a: Jirachi|27/291\n|move|p1a: Jirachi|Body Slam|p2a: Keldeo\n|-damage|p2a: Keldeo|176/273\n|\n|-heal|p2a: Keldeo|193/273|[from] item: Leftovers\n|upkeep\n|turn|14\n|\n|t:|1781417372\n|move|p2a: Keldeo|Surf|p1a: Jirachi\n|-damage|p1a: Jirachi|0 fnt\n|faint|p1a: Jirachi\n|\n|-heal|p2a: Keldeo|210/273|[from] item: Leftovers\n|upkeep\n|\n|t:|1781417378\n|switch|p1a: Ogerpon|Ogerpon-Wellspring, L76, F|247/247\n|turn|15\n|\n|t:|1781417388\n|move|p2a: Keldeo|Secret Sword|p1a: Ogerpon\n|-damage|p1a: Ogerpon|82/247\n|move|p1a: Ogerpon|Wood Hammer|p2a: Keldeo\n|-supereffective|p2a: Keldeo\n|-damage|p2a: Keldeo|0 fnt\n|faint|p2a: Keldeo\n|-damage|p1a: Ogerpon|13/247|[from] Recoil\n|\n|upkeep\n|\n|t:|1781417399\n|switch|p2a: Vespiquen|Vespiquen, L99, F|186/299\n|-ability|p2a: Vespiquen|Pressure\n|turn|16\n|inactive|mnbvmnbm has 120 seconds left.\n|\n|t:|1781417408\n|move|p1a: Ogerpon|Ivy Cudgel|p2a: Vespiquen|[anim] Ivy Cudgel Water\n|-damage|p2a: Vespiquen|87/299\n|move|p2a: Vespiquen|U-turn|p1a: Ogerpon\n|-supereffective|p1a: Ogerpon\n|-damage|p1a: Ogerpon|0 fnt\n|faint|p1a: Ogerpon\n|\n|t:|1781417437\n|switch|p2a: Barraskewda|Barraskewda, L81, M|231/231|[from] U-turn\n|\n|upkeep\n|\n|t:|1781417442\n|switch|p1a: Salamence|Salamence, L77, M|273/273\n|turn|17\n|inactive|mnbvmnbm has 120 seconds left.\n|\n|t:|1781417464\n|move|p2a: Barraskewda|Psychic Fangs|p1a: Salamence\n|-damage|p1a: Salamence|154/273\n|move|p1a: Salamence|Dual Wingbeat|p2a: Barraskewda|[miss]\n|-miss|p1a: Salamence|p2a: Barraskewda\n|\n|upkeep\n|turn|18\n|\n|t:|1781417472\n|move|p2a: Barraskewda|Psychic Fangs|p1a: Salamence\n|-damage|p1a: Salamence|38/273\n|move|p1a: Salamence|Outrage|p2a: Barraskewda\n|-damage|p2a: Barraskewda|27/231\n|\n|upkeep\n|turn|19\n|\n|t:|1781417487\n|move|p2a: Barraskewda|Psychic Fangs|p1a: Salamence\n|-damage|p1a: Salamence|0 fnt\n|faint|p1a: Salamence\n|\n|upkeep\n|\n|t:|1781417492\n|switch|p1a: Gurdurr|Gurdurr, L85, M|164/283 tox\n|turn|20\n|\n|t:|1781417496\n|move|p1a: Gurdurr|Mach Punch|p2a: Barraskewda\n|-crit|p2a: Barraskewda\n|-damage|p2a: Barraskewda|0 fnt\n|faint|p2a: Barraskewda\n|\n|-damage|p1a: Gurdurr|147/283 tox|[from] psn\n|upkeep\n|\n|t:|1781417502\n|switch|p2a: Mabosstiff|Mabosstiff, L86, F|278/278\n|turn|21\n|\n|t:|1781417510\n|-terastallize|p2a: Mabosstiff|Fairy\n|move|p2a: Mabosstiff|Play Rough|p1a: Gurdurr\n|-supereffective|p1a: Gurdurr\n|-damage|p1a: Gurdurr|0 fnt\n|faint|p1a: Gurdurr\n|\n|upkeep\n|-message|mnbvmnbm forfeited.\n|\n|win|ComoTanMuchachos67\n|raw|mnbvmnbm's rating: 1185 &rarr; <strong>1163</strong><br />(-22 for losing)\n|raw|ComoTanMuchachos67's rating: 1227 &rarr; <strong>1249</strong><br />(+22 for winning)\n|l|\u2606mnbvmnbm\n|player|p1|\n|l|\u2606ComoTanMuchachos67\n|player|p2|\n|j|\u2606ComoTanMuchachos67\n|player|p2|ComoTanMuchachos67|lance|\n", "uploadtime": 1781417527, "views": 4, "formatid": "gen9randombattle", "rating": 1163, "private": 0, "password": null}