{"id": "gen9randombattle-2631826685", "format": "[Gen 9] Random Battle", "players": ["Aminator3000", "Dannymcq"], "log": "|j|\u2606Aminator3000\n|j|\u2606Dannymcq\n|t:|1781445124\n|gametype|singles\n|player|p1|Aminator3000|266|1900\n|player|p2|Dannymcq|265|1997\n|gen|9\n|tier|[Gen 9] Random Battle\n|rated|\n|rule|Species Clause: Limit one of each Pok\u00e9mon\n|rule|HP Percentage Mod: HP is shown in percentages\n|rule|Sleep Clause Mod: Limit one foe put to sleep\n|rule|Illusion Level Mod: Illusion disguises the Pok\u00e9mon's true level\n|\n|t:|1781445124\n|teamsize|p1|6\n|teamsize|p2|6\n|start\n|switch|p1a: Sableye|Sableye, L88, F|231/231\n|switch|p2a: Morpeko|Morpeko, L88, M|245/245\n|turn|1\n|\n|t:|1781445133\n|switch|p1a: Granbull|Granbull, L88, F|302/302\n|-ability|p1a: Granbull|Intimidate|boost\n|-unboost|p2a: Morpeko|atk|1\n|move|p2a: Morpeko|Knock Off|p1a: Granbull\n|-resisted|p1a: Granbull\n|-damage|p1a: Granbull|260/302\n|-enditem|p1a: Granbull|Leftovers|[from] move: Knock Off|[of] p2a: Morpeko\n|\n|-formechange|p2a: Morpeko|Morpeko-Hangry||[from] ability: Hunger Switch\n|upkeep\n|turn|2\n|inactive|Battle timer is ON: inactive players will automatically lose when time's up. (requested by Aminator3000)\n|\n|t:|1781445152\n|move|p2a: Morpeko|Protect|p2a: Morpeko\n|-singleturn|p2a: Morpeko|Protect\n|move|p1a: Granbull|Roar|p2a: Morpeko\n|drag|p2a: Heracross|Heracross, L80, M|259/259\n|\n|upkeep\n|turn|3\n|\n|t:|1781445163\n|switch|p2a: Vileplume|Vileplume, L85, F|266/266\n|move|p1a: Granbull|Play Rough|p2a: Vileplume\n|-resisted|p2a: Vileplume\n|-damage|p2a: Vileplume|201/266\n|-unboost|p2a: Vileplume|atk|1\n|\n|-heal|p2a: Vileplume|217/266|[from] item: Leftovers\n|upkeep\n|turn|4\n|\n|t:|1781445176\n|switch|p1a: Sableye|Sableye, L88, F|231/231\n|move|p2a: Vileplume|Leech Seed|p1a: Sableye\n|-start|p1a: Sableye|move: Leech Seed\n|\n|-heal|p2a: Vileplume|233/266|[from] item: Leftovers\n|-damage|p1a: Sableye|203/231|[from] Leech Seed|[of] p2a: Vileplume\n|-heal|p2a: Vileplume|261/266|[silent]\n|upkeep\n|turn|5\n|\n|t:|1781445185\n|move|p1a: Sableye|Encore|p2a: Vileplume\n|-start|p2a: Vileplume|Encore\n|move|p2a: Vileplume|Leech Seed||[still]\n|-fail|p2a: Vileplume\n|\n|-heal|p1a: Sableye|217/231|[from] item: Leftovers\n|-heal|p2a: Vileplume|266/266|[from] item: Leftovers\n|-damage|p1a: Sableye|189/231|[from] Leech Seed|[of] p2a: Vileplume\n|upkeep\n|turn|6\n|\n|t:|1781445193\n|switch|p2a: Morpeko|Morpeko, L88, M|245/245\n|move|p1a: Sableye|Knock Off|p2a: Morpeko\n|-resisted|p2a: Morpeko\n|-damage|p2a: Morpeko|185/245\n|-enditem|p2a: Morpeko|Leftovers|[from] move: Knock Off|[of] p1a: Sableye\n|\n|-heal|p1a: Sableye|203/231|[from] item: Leftovers\n|-damage|p1a: Sableye|175/231|[from] Leech Seed|[of] p2a: Morpeko\n|-heal|p2a: Morpeko|213/245|[silent]\n|-formechange|p2a: Morpeko|Morpeko-Hangry||[from] ability: Hunger Switch\n|upkeep\n|turn|7\n|\n|t:|1781445204\n|switch|p1a: Granbull|Granbull, L88, F|260/302\n|-ability|p1a: Granbull|Intimidate|boost\n|-unboost|p2a: Morpeko|atk|1\n|move|p2a: Morpeko|Aura Wheel|p1a: Granbull\n|-resisted|p1a: Granbull\n|-damage|p1a: Granbull|212/302\n|-boost|p2a: Morpeko|spe|1\n|\n|-formechange|p2a: Morpeko|Morpeko||[from] ability: Hunger Switch\n|upkeep\n|turn|8\n|\n|t:|1781445215\n|switch|p2a: Vileplume|Vileplume, L85, F|266/266\n|move|p1a: Granbull|Play Rough|p2a: Vileplume\n|-resisted|p2a: Vileplume\n|-damage|p2a: Vileplume|206/266\n|-status|p1a: Granbull|par|[from] ability: Effect Spore|[of] p2a: Vileplume\n|\n|-heal|p2a: Vileplume|222/266|[from] item: Leftovers\n|upkeep\n|turn|9\n|\n|t:|1781445229\n|switch|p1a: Bronzong|Bronzong, L88|261/261\n|move|p2a: Vileplume|Giga Drain|p1a: Bronzong\n|-resisted|p1a: Bronzong\n|-damage|p1a: Bronzong|228/261\n|-heal|p2a: Vileplume|239/266|[from] drain|[of] p1a: Bronzong\n|\n|-heal|p2a: Vileplume|255/266|[from] item: Leftovers\n|-heal|p1a: Bronzong|244/261|[from] item: Leftovers\n|upkeep\n|turn|10\n|\n|t:|1781445242\n|move|p2a: Vileplume|Leech Seed|p1a: Bronzong\n|-start|p1a: Bronzong|move: Leech Seed\n|move|p1a: Bronzong|Iron Defense|p1a: Bronzong\n|-boost|p1a: Bronzong|def|2\n|\n|-heal|p2a: Vileplume|266/266|[from] item: Leftovers\n|-heal|p1a: Bronzong|260/261|[from] item: Leftovers\n|-damage|p1a: Bronzong|228/261|[from] Leech Seed|[of] p2a: Vileplume\n|upkeep\n|turn|11\n|\n|t:|1781445260\n|switch|p2a: Arcanine|Arcanine, L84, M|288/288\n|-ability|p2a: Arcanine|Intimidate|boost\n|-unboost|p1a: Bronzong|atk|1\n|move|p1a: Bronzong|Psychic Noise|p2a: Arcanine\n|-damage|p2a: Arcanine|206/288\n|-start|p2a: Arcanine|move: Heal Block\n|\n|-heal|p1a: Bronzong|244/261|[from] item: Leftovers\n|-damage|p1a: Bronzong|212/261|[from] Leech Seed|[of] p2a: Arcanine\n|upkeep\n|turn|12\n|\n|t:|1781445271\n|switch|p1a: Granbull|Granbull, L88, F|212/302 par\n|-ability|p1a: Granbull|Intimidate|boost\n|-unboost|p2a: Arcanine|atk|1\n|move|p2a: Arcanine|Will-O-Wisp||[still]\n|-fail|p2a: Arcanine\n|\n|-end|p2a: Arcanine|move: Heal Block\n|upkeep\n|turn|13\n|\n|t:|1781445280\n|switch|p2a: Vileplume|Vileplume, L85, F|266/266\n|move|p1a: Granbull|Earthquake|p2a: Vileplume\n|-damage|p2a: Vileplume|180/266\n|\n|-heal|p2a: Vileplume|196/266|[from] item: Leftovers\n|upkeep\n|turn|14\n|\n|t:|1781445287\n|switch|p1a: Bronzong|Bronzong, L88|212/261\n|move|p2a: Vileplume|Leech Seed|p1a: Bronzong\n|-start|p1a: Bronzong|move: Leech Seed\n|\n|-heal|p2a: Vileplume|212/266|[from] item: Leftovers\n|-heal|p1a: Bronzong|228/261|[from] item: Leftovers\n|-damage|p1a: Bronzong|196/261|[from] Leech Seed|[of] p2a: Vileplume\n|-heal|p2a: Vileplume|244/266|[silent]\n|upkeep\n|turn|15\n|\n|t:|1781445297\n|switch|p2a: Arcanine|Arcanine, L84, M|206/288\n|-ability|p2a: Arcanine|Intimidate|boost\n|-unboost|p1a: Bronzong|atk|1\n|move|p1a: Bronzong|Psychic Noise|p2a: Arcanine\n|-damage|p2a: Arcanine|121/288\n|-start|p2a: Arcanine|move: Heal Block\n|\n|-heal|p1a: Bronzong|212/261|[from] item: Leftovers\n|-damage|p1a: Bronzong|180/261|[from] Leech Seed|[of] p2a: Arcanine\n|upkeep\n|turn|16\n|\n|t:|1781445309\n|move|p2a: Arcanine|Flare Blitz|p1a: Bronzong\n|-supereffective|p1a: Bronzong\n|-damage|p1a: Bronzong|0 fnt\n|faint|p1a: Bronzong\n|-damage|p2a: Arcanine|62/288|[from] Recoil\n|\n|-end|p2a: Arcanine|move: Heal Block\n|upkeep\n|\n|t:|1781445322\n|switch|p1a: Virizion|Virizion, L82|283/283\n|turn|17\n|\n|t:|1781445329\n|switch|p2a: Vileplume|Vileplume, L85, F|244/266\n|move|p1a: Virizion|Close Combat|p2a: Vileplume\n|-resisted|p2a: Vileplume\n|-damage|p2a: Vileplume|170/266\n|-unboost|p1a: Virizion|def|1\n|-unboost|p1a: Virizion|spd|1\n|-damage|p1a: Virizion|255/283|[from] item: Life Orb\n|\n|-heal|p2a: Vileplume|186/266|[from] item: Leftovers\n|upkeep\n|turn|18\n|\n|t:|1781445341\n|switch|p1a: Granbull|Granbull, L88, F|212/302 par\n|-ability|p1a: Granbull|Intimidate|boost\n|-unboost|p2a: Vileplume|atk|1\n|move|p2a: Vileplume|Sludge Bomb|p1a: Granbull\n|-supereffective|p1a: Granbull\n|-damage|p1a: Granbull|0 fnt\n|faint|p1a: Granbull\n|\n|-heal|p2a: Vileplume|202/266|[from] item: Leftovers\n|upkeep\n|\n|t:|1781445350\n|switch|p1a: Meowstic|Meowstic-F, L89, F|277/277\n|turn|19\n|\n|t:|1781445359\n|switch|p2a: Morpeko|Morpeko, L88, M|213/245\n|move|p1a: Meowstic|Nasty Plot|p1a: Meowstic\n|-boost|p1a: Meowstic|spa|2\n|\n|-formechange|p2a: Morpeko|Morpeko-Hangry||[from] ability: Hunger Switch\n|upkeep\n|turn|20\n|\n|t:|1781445380\n|move|p1a: Meowstic|Alluring Voice|p2a: Morpeko\n|-supereffective|p2a: Morpeko\n|-damage|p2a: Morpeko|0 fnt\n|faint|p2a: Morpeko\n|-damage|p1a: Meowstic|250/277|[from] item: Life Orb\n|\n|upkeep\n|\n|t:|1781445386\n|switch|p2a: Toucannon|Toucannon, L88, M|284/284\n|turn|21\n|\n|t:|1781445395\n|-terastallize|p2a: Toucannon|Steel\n|move|p1a: Meowstic|Thunderbolt|p2a: Toucannon\n|-damage|p2a: Toucannon|93/284\n|-damage|p1a: Meowstic|223/277|[from] item: Life Orb\n|move|p2a: Toucannon|Knock Off|p1a: Meowstic\n|-supereffective|p1a: Meowstic\n|-damage|p1a: Meowstic|33/277\n|-enditem|p1a: Meowstic|Life Orb|[from] move: Knock Off|[of] p2a: Toucannon\n|\n|upkeep\n|turn|22\n|\n|t:|1781445405\n|move|p1a: Meowstic|Thunderbolt|p2a: Toucannon\n|-damage|p2a: Toucannon|0 fnt\n|faint|p2a: Toucannon\n|\n|upkeep\n|\n|t:|1781445409\n|switch|p2a: Arcanine|Arcanine, L84, M|62/288\n|-ability|p2a: Arcanine|Intimidate|boost\n|-unboost|p1a: Meowstic|atk|1\n|-ability|p1a: Meowstic|Competitive|boost\n|-boost|p1a: Meowstic|spa|2\n|turn|23\n|\n|t:|1781445416\n|switch|p1a: Sableye|Sableye, L88, F|175/231\n|move|p2a: Arcanine|Extreme Speed|p1a: Sableye\n|-immune|p1a: Sableye\n|\n|-heal|p1a: Sableye|189/231|[from] item: Leftovers\n|upkeep\n|turn|24\n|\n|t:|1781445425\n|move|p1a: Sableye|Thunder Wave|p2a: Arcanine\n|-status|p2a: Arcanine|par\n|cant|p2a: Arcanine|par\n|\n|-heal|p1a: Sableye|203/231|[from] item: Leftovers\n|upkeep\n|turn|25\n|\n|t:|1781445434\n|switch|p2a: Vileplume|Vileplume, L85, F|202/266\n|move|p1a: Sableye|Knock Off|p2a: Vileplume\n|-damage|p2a: Vileplume|109/266\n|-enditem|p2a: Vileplume|Leftovers|[from] move: Knock Off|[of] p1a: Sableye\n|\n|-heal|p1a: Sableye|217/231|[from] item: Leftovers\n|upkeep\n|turn|26\n|\n|t:|1781445450\n|move|p1a: Sableye|Knock Off|p2a: Vileplume\n|-damage|p2a: Vileplume|49/266\n|-status|p1a: Sableye|slp|[from] ability: Effect Spore|[of] p2a: Vileplume\n|move|p2a: Vileplume|Sludge Bomb|p1a: Sableye\n|-resisted|p1a: Sableye\n|-damage|p1a: Sableye|157/231 slp\n|\n|-heal|p1a: Sableye|171/231 slp|[from] item: Leftovers\n|upkeep\n|turn|27\n|\n|t:|1781445465\n|switch|p1a: Meowstic|Meowstic-F, L89, F|33/277\n|move|p2a: Vileplume|Strength Sap|p1a: Meowstic\n|-unboost|p1a: Meowstic|atk|1\n|-ability|p1a: Meowstic|Competitive|boost\n|-boost|p1a: Meowstic|spa|2\n|-heal|p2a: Vileplume|139/266\n|\n|upkeep\n|turn|28\n|\n|t:|1781445493\n|move|p1a: Meowstic|Psyshock|p2a: Vileplume\n|-supereffective|p2a: Vileplume\n|-damage|p2a: Vileplume|0 fnt\n|faint|p2a: Vileplume\n|\n|upkeep\n|\n|t:|1781445495\n|switch|p2a: Arcanine|Arcanine, L84, M|62/288 par\n|-ability|p2a: Arcanine|Intimidate|boost\n|-unboost|p1a: Meowstic|atk|1\n|-ability|p1a: Meowstic|Competitive|boost\n|-boost|p1a: Meowstic|spa|2\n|turn|29\n|\n|t:|1781445502\n|switch|p1a: Sableye|Sableye, L88, F|171/231 slp\n|cant|p2a: Arcanine|par\n|\n|-heal|p1a: Sableye|185/231 slp|[from] item: Leftovers\n|upkeep\n|turn|30\n|\n|t:|1781445511\n|cant|p1a: Sableye|slp\n|cant|p2a: Arcanine|par\n|\n|-heal|p1a: Sableye|199/231 slp|[from] item: Leftovers\n|upkeep\n|turn|31\n|\n|t:|1781445516\n|cant|p1a: Sableye|slp\n|move|p2a: Arcanine|Morning Sun|p2a: Arcanine\n|-heal|p2a: Arcanine|206/288 par\n|\n|-heal|p1a: Sableye|213/231 slp|[from] item: Leftovers\n|upkeep\n|turn|32\n|\n|t:|1781445524\n|-curestatus|p1a: Sableye|slp|[msg]\n|move|p1a: Sableye|Encore|p2a: Arcanine\n|-start|p2a: Arcanine|Encore\n|cant|p2a: Arcanine|par\n|\n|-heal|p1a: Sableye|227/231|[from] item: Leftovers\n|upkeep\n|turn|33\n|\n|t:|1781445531\n|move|p1a: Sableye|Knock Off|p2a: Arcanine\n|-damage|p2a: Arcanine|106/288 par\n|-enditem|p2a: Arcanine|Heavy-Duty Boots|[from] move: Knock Off|[of] p1a: Sableye\n|move|p2a: Arcanine|Morning Sun|p2a: Arcanine\n|-heal|p2a: Arcanine|250/288 par\n|\n|-heal|p1a: Sableye|231/231|[from] item: Leftovers\n|upkeep\n|turn|34\n|\n|t:|1781445541\n|move|p1a: Sableye|Knock Off|p2a: Arcanine\n|-damage|p2a: Arcanine|178/288 par\n|move|p2a: Arcanine|Morning Sun|p2a: Arcanine\n|-heal|p2a: Arcanine|288/288 par\n|\n|-end|p2a: Arcanine|Encore\n|upkeep\n|turn|35\n|\n|t:|1781445549\n|switch|p2a: Heracross|Heracross, L80, M|259/259\n|move|p1a: Sableye|Encore||[still]\n|-fail|p1a: Sableye\n|\n|upkeep\n|turn|36\n|\n|t:|1781445556\n|move|p1a: Sableye|Thunder Wave|p2a: Heracross\n|-status|p2a: Heracross|par\n|move|p2a: Heracross|Megahorn|p1a: Sableye\n|-damage|p1a: Sableye|17/231\n|\n|-heal|p1a: Sableye|31/231|[from] item: Leftovers\n|upkeep\n|turn|37\n|\n|t:|1781445574\n|switch|p1a: Spiritomb|Spiritomb, L89, M|234/234\n|move|p2a: Heracross|Megahorn|p1a: Spiritomb\n|-damage|p1a: Spiritomb|74/234\n|\n|-heal|p1a: Spiritomb|88/234|[from] item: Leftovers\n|upkeep\n|turn|38\n|\n|t:|1781445586\n|move|p1a: Spiritomb|Poltergeist|p2a: Heracross\n|-activate|p2a: Heracross|move: Poltergeist|Choice Band\n|-damage|p2a: Heracross|124/259 par\n|cant|p2a: Heracross|par\n|\n|-heal|p1a: Spiritomb|102/234|[from] item: Leftovers\n|upkeep\n|turn|39\n|\n|t:|1781445594\n|move|p1a: Spiritomb|Poltergeist|p2a: Heracross\n|-activate|p2a: Heracross|move: Poltergeist|Choice Band\n|-damage|p2a: Heracross|0 fnt\n|faint|p2a: Heracross\n|\n|-heal|p1a: Spiritomb|116/234|[from] item: Leftovers\n|upkeep\n|\n|t:|1781445597\n|switch|p2a: Stonjourner|Stonjourner, L91, M|330/330\n|turn|40\n|\n|t:|1781445605\n|move|p2a: Stonjourner|Stone Edge|p1a: Spiritomb\n|-damage|p1a: Spiritomb|0 fnt\n|faint|p1a: Spiritomb\n|-damage|p2a: Stonjourner|297/330|[from] item: Life Orb\n|\n|upkeep\n|\n|t:|1781445612\n|switch|p1a: Virizion|Virizion, L82|255/283\n|turn|41\n|\n|t:|1781445621\n|move|p1a: Virizion|Leaf Blade|p2a: Stonjourner\n|-supereffective|p2a: Stonjourner\n|-damage|p2a: Stonjourner|141/330\n|-damage|p1a: Virizion|227/283|[from] item: Life Orb\n|move|p2a: Stonjourner|Rock Polish|p2a: Stonjourner\n|-boost|p2a: Stonjourner|spe|2\n|\n|upkeep\n|turn|42\n|\n|t:|1781445638\n|-terastallize|p1a: Virizion|Rock\n|move|p2a: Stonjourner|Heat Crash|p1a: Virizion\n|-resisted|p1a: Virizion\n|-damage|p1a: Virizion|176/283\n|-damage|p2a: Stonjourner|108/330|[from] item: Life Orb\n|move|p1a: Virizion|Leaf Blade|p2a: Stonjourner\n|-supereffective|p2a: Stonjourner\n|-damage|p2a: Stonjourner|0 fnt\n|faint|p2a: Stonjourner\n|-damage|p1a: Virizion|148/283|[from] item: Life Orb\n|\n|upkeep\n|\n|t:|1781445642\n|switch|p2a: Arcanine|Arcanine, L84, M|288/288 par\n|-ability|p2a: Arcanine|Intimidate|boost\n|-unboost|p1a: Virizion|atk|1\n|turn|43\n|\n|t:|1781445661\n|move|p1a: Virizion|Stone Edge|p2a: Arcanine\n|-supereffective|p2a: Arcanine\n|-damage|p2a: Arcanine|109/288 par\n|-damage|p1a: Virizion|120/283|[from] item: Life Orb\n|cant|p2a: Arcanine|par\n|\n|upkeep\n|turn|44\n|\n|t:|1781445669\n|move|p1a: Virizion|Close Combat|p2a: Arcanine\n|-damage|p2a: Arcanine|10/288 par\n|-unboost|p1a: Virizion|def|1\n|-unboost|p1a: Virizion|spd|1\n|-damage|p1a: Virizion|92/283|[from] item: Life Orb\n|move|p2a: Arcanine|Will-O-Wisp|p1a: Virizion\n|-status|p1a: Virizion|brn\n|\n|-damage|p1a: Virizion|75/283 brn|[from] brn\n|upkeep\n|turn|45\n|\n|t:|1781445681\n|move|p2a: Arcanine|Extreme Speed|p1a: Virizion\n|-resisted|p1a: Virizion\n|-damage|p1a: Virizion|21/283 brn\n|move|p1a: Virizion|Close Combat|p2a: Arcanine\n|-damage|p2a: Arcanine|0 fnt\n|-unboost|p1a: Virizion|def|1\n|-unboost|p1a: Virizion|spd|1\n|faint|p2a: Arcanine\n|-damage|p1a: Virizion|0 fnt|[from] item: Life Orb\n|faint|p1a: Virizion\n|\n|win|Aminator3000\n", "uploadtime": 1781445126, "views": 4, "formatid": "gen9randombattle", "rating": null, "private": 0, "password": null}