{"id": "gen9randombattle-2631962556", "format": "[Gen 9] Random Battle", "players": ["Jhon Xina", "sjzimnotgood"], "log": "|j|\u2606Jhon Xina\n|j|\u2606sjzimnotgood\n|t:|1781460372\n|gametype|singles\n|player|p1|Jhon Xina|1|2064\n|player|p2|sjzimnotgood|170|2126\n|gen|9\n|tier|[Gen 9] Random Battle\n|rated|\n|rule|Species Clause: Limit one of each Pok\u00e9mon\n|rule|HP Percentage Mod: HP is shown in percentages\n|rule|Sleep Clause Mod: Limit one foe put to sleep\n|rule|Illusion Level Mod: Illusion disguises the Pok\u00e9mon's true level\n|\n|t:|1781460372\n|teamsize|p1|6\n|teamsize|p2|6\n|start\n|switch|p1a: Cresselia|Cresselia, L80, F|323/323\n|switch|p2a: Araquanid|Araquanid, L82, F|246/246\n|turn|1\n|inactive|Battle timer is ON: inactive players will automatically lose when time's up. (requested by Jhon Xina)\n|\n|t:|1781460388\n|move|p1a: Cresselia|Thunderbolt|p2a: Araquanid\n|-supereffective|p2a: Araquanid\n|-damage|p2a: Araquanid|170/246\n|move|p2a: Araquanid|Sticky Web|p1a: Cresselia\n|-sidestart|p1: Jhon Xina|move: Sticky Web\n|\n|upkeep\n|turn|2\n|\n|t:|1781460409\n|switch|p1a: Scizor|Scizor, L79, M|240/240\n|-activate|p1a: Scizor|move: Sticky Web\n|-unboost|p1a: Scizor|spe|1\n|move|p2a: Araquanid|Liquidation|p1a: Scizor\n|-damage|p1a: Scizor|117/240\n|\n|upkeep\n|turn|3\n|\n|t:|1781460422\n|switch|p1a: Skuntank|Skuntank, L84, M|310/310\n|-activate|p1a: Skuntank|move: Sticky Web\n|-unboost|p1a: Skuntank|spe|1\n|move|p2a: Araquanid|Liquidation|p1a: Skuntank\n|-damage|p1a: Skuntank|151/310\n|\n|upkeep\n|turn|4\n|\n|t:|1781460429\n|move|p1a: Skuntank|Sucker Punch|p2a: Araquanid\n|-crit|p2a: Araquanid\n|-damage|p2a: Araquanid|22/246\n|-damage|p1a: Skuntank|120/310|[from] item: Life Orb\n|move|p2a: Araquanid|Hydro Pump|p1a: Skuntank|[miss]\n|-miss|p2a: Araquanid|p1a: Skuntank\n|\n|upkeep\n|turn|5\n|\n|t:|1781460437\n|move|p1a: Skuntank|Knock Off|p2a: Araquanid\n|-damage|p2a: Araquanid|0 fnt\n|-enditem|p2a: Araquanid|Heavy-Duty Boots|[from] move: Knock Off|[of] p1a: Skuntank\n|faint|p2a: Araquanid\n|-damage|p1a: Skuntank|89/310|[from] item: Life Orb\n|\n|upkeep\n|\n|t:|1781460462\n|switch|p2a: Gouging Fire|Gouging Fire, L74|277/277\n|turn|6\n|\n|t:|1781460491\n|move|p2a: Gouging Fire|Heat Crash|p1a: Skuntank\n|-damage|p1a: Skuntank|0 fnt\n|-damage|p2a: Gouging Fire|208/277|[from] ability: Aftermath|[of] p1a: Skuntank\n|faint|p1a: Skuntank\n|\n|upkeep\n|\n|t:|1781460498\n|switch|p1a: Ting-Lu|Ting-Lu, L78|370/370\n|-activate|p1a: Ting-Lu|move: Sticky Web\n|-unboost|p1a: Ting-Lu|spe|1\n|-ability|p1a: Ting-Lu|Vessel of Ruin\n|turn|7\n|\n|t:|1781460507\n|-end|p2a: Gouging Fire|Protosynthesis|[silent]\n|switch|p2a: Squawkabilly|Squawkabilly-Blue, L85, M|278/278\n|move|p1a: Ting-Lu|Earthquake|p2a: Squawkabilly\n|-immune|p2a: Squawkabilly\n|\n|-status|p2a: Squawkabilly|brn|[from] item: Flame Orb\n|upkeep\n|turn|8\n|\n|t:|1781460522\n|move|p2a: Squawkabilly|Facade|p1a: Ting-Lu\n|-damage|p1a: Ting-Lu|183/370\n|move|p1a: Ting-Lu|Payback|p2a: Squawkabilly\n|-damage|p2a: Squawkabilly|139/278 brn\n|\n|-damage|p2a: Squawkabilly|122/278 brn|[from] brn\n|upkeep\n|turn|9\n|\n|t:|1781460530\n|switch|p1a: Scizor|Scizor, L79, M|117/240\n|-activate|p1a: Scizor|move: Sticky Web\n|-unboost|p1a: Scizor|spe|1\n|move|p2a: Squawkabilly|Facade|p1a: Scizor\n|-resisted|p1a: Scizor\n|-damage|p1a: Scizor|0 fnt\n|faint|p1a: Scizor\n|\n|-damage|p2a: Squawkabilly|105/278 brn|[from] brn\n|upkeep\n|\n|t:|1781460539\n|switch|p1a: Bastiodon|Bastiodon, L89, M|252/252\n|-activate|p1a: Bastiodon|move: Sticky Web\n|-unboost|p1a: Bastiodon|spe|1\n|turn|10\n|\n|t:|1781460553\n|move|p2a: Squawkabilly|U-turn|p1a: Bastiodon\n|-resisted|p1a: Bastiodon\n|-damage|p1a: Bastiodon|231/252\n|\n|t:|1781460559\n|switch|p2a: Grafaiai|Grafaiai, L86, M|249/249|[from] U-turn\n|move|p1a: Bastiodon|Foul Play|p2a: Grafaiai\n|-damage|p2a: Grafaiai|169/249\n|\n|upkeep\n|turn|11\n|\n|t:|1781460566\n|move|p2a: Grafaiai|Low Kick|p1a: Bastiodon\n|-supereffective|p1a: Bastiodon\n|-damage|p1a: Bastiodon|13/252\n|-damage|p2a: Grafaiai|145/249|[from] item: Life Orb\n|move|p1a: Bastiodon|Body Press|p2a: Grafaiai\n|-damage|p2a: Grafaiai|25/249\n|\n|upkeep\n|turn|12\n|\n|t:|1781460576\n|move|p2a: Grafaiai|Knock Off|p1a: Bastiodon\n|-damage|p1a: Bastiodon|0 fnt\n|-enditem|p1a: Bastiodon|Chesto Berry|[from] move: Knock Off|[of] p2a: Grafaiai\n|faint|p1a: Bastiodon\n|-damage|p2a: Grafaiai|1/249|[from] item: Life Orb\n|\n|upkeep\n|\n|t:|1781460580\n|switch|p1a: Volbeat|Volbeat, L90, M|263/263\n|turn|13\n|\n|t:|1781460593\n|move|p2a: Grafaiai|Gunk Shot|p1a: Volbeat\n|-damage|p1a: Volbeat|76/263\n|-damage|p2a: Grafaiai|0 fnt|[from] item: Life Orb\n|faint|p2a: Grafaiai\n|move|p1a: Volbeat|Lunge|p2: Grafaiai|[notarget]\n|-fail|p1a: Volbeat\n|\n|upkeep\n|\n|t:|1781460601\n|switch|p2a: Squawkabilly|Squawkabilly-Blue, L85, M|105/278 brn\n|turn|14\n|\n|t:|1781460630\n|move|p1a: Volbeat|Roost|p1a: Volbeat\n|-heal|p1a: Volbeat|208/263\n|-singleturn|p1a: Volbeat|move: Roost\n|move|p2a: Squawkabilly|Facade|p1a: Volbeat\n|-damage|p1a: Volbeat|0 fnt\n|faint|p1a: Volbeat\n|\n|-damage|p2a: Squawkabilly|88/278 brn|[from] brn\n|upkeep\n|\n|t:|1781460634\n|switch|p1a: Cresselia|Cresselia, L80, F|323/323\n|turn|15\n|\n|t:|1781460647\n|-terastallize|p2a: Squawkabilly|Normal\n|move|p2a: Squawkabilly|Facade|p1a: Cresselia\n|-damage|p1a: Cresselia|49/323\n|move|p1a: Cresselia|Psyshock|p2a: Squawkabilly\n|-damage|p2a: Squawkabilly|0 fnt\n|faint|p2a: Squawkabilly\n|\n|-heal|p1a: Cresselia|69/323|[from] item: Leftovers\n|upkeep\n|\n|t:|1781460654\n|switch|p2a: Bruxish|Bruxish, L85, M|254/254\n|turn|16\n|\n|t:|1781460663\n|move|p2a: Bruxish|Crunch|p1a: Cresselia\n|-supereffective|p1a: Cresselia\n|-damage|p1a: Cresselia|0 fnt\n|faint|p1a: Cresselia\n|-damage|p2a: Bruxish|229/254|[from] item: Life Orb\n|\n|upkeep\n|\n|t:|1781460665\n|switch|p1a: Ting-Lu|Ting-Lu, L78|183/370\n|-activate|p1a: Ting-Lu|move: Sticky Web\n|-unboost|p1a: Ting-Lu|spe|1\n|-ability|p1a: Ting-Lu|Vessel of Ruin\n|turn|17\n|\n|t:|1781460669\n|move|p2a: Bruxish|Wave Crash|p1a: Ting-Lu\n|-supereffective|p1a: Ting-Lu\n|-damage|p1a: Ting-Lu|0 fnt\n|faint|p1a: Ting-Lu\n|-damage|p2a: Bruxish|169/254|[from] Recoil\n|-damage|p2a: Bruxish|144/254|[from] item: Life Orb\n|\n|win|sjzimnotgood\n", "inputlog": ">version a8376a258c1d4662feba110a92103f3664a72141\n>start {\"formatid\":\"gen9randombattle\",\"seed\":\"sodium,b18d2fc34fa23b3bd7e69fdb42263514\",\"rated\":\"Rated battle\"}\n>player p1 {\"name\":\"Jhon Xina\",\"avatar\":\"1\",\"rating\":2064,\"seed\":\"sodium,70a23c7e0c570ac7f5decae8e000a853\"}\n>player p2 {\"name\":\"sjzimnotgood\",\"avatar\":\"170\",\"rating\":2126,\"seed\":\"sodium,90f042c5fe92b59c295ef970623056a8\"}\n>p1 move thunderbolt\n>p2 move stickyweb\n>p1 switch 4\n>p2 move liquidation\n>p1 switch 5\n>p2 move liquidation\n>p1 move suckerpunch\n>p2 move hydropump\n>p1 move knockoff\n>p2 move stickyweb\n>p2 switch 6\n>p1 move taunt\n>p2 move heatcrash\n>p1 switch 6\n>p1 move earthquake\n>p2 switch 2\n>p1 move payback\n>p2 move facade\n>p1 switch 5\n>p2 move facade\n>p1 switch 3\n>p1 move foulplay\n>p2 move uturn\n>p2 switch 3\n>p1 move bodypress\n>p2 move lowkick\n>p1 move bodypress\n>p2 move knockoff\n>p1 switch 2\n>p1 move lunge\n>p2 move gunkshot\n>p2 switch 3\n>p1 move roost\n>p2 move facade\n>p1 switch 4\n>p1 move psyshock\n>p2 move facade terastallize\n>p2 switch 4\n>p1 move thunderbolt\n>p2 move crunch\n>p1 switch 5\n>p1 move earthquake\n>p2 move wavecrash", "uploadtime": 1781460375, "views": 11, "formatid": "gen9randombattle", "rating": null, "private": 0, "password": null}