{"id": "gen9randombattle-2631417659", "format": "[Gen 9] Random Battle", "players": ["Ponclex", "koffingwoffing"], "log": "|j|\u2606Ponclex\n|j|\u2606koffingwoffing\n|t:|1781382177\n|gametype|singles\n|player|p1|Ponclex|265|2074\n|player|p2|koffingwoffing|will-gen2|2113\n|gen|9\n|tier|[Gen 9] Random Battle\n|rated|\n|rule|Species Clause: Limit one of each Pok\u00e9mon\n|rule|HP Percentage Mod: HP is shown in percentages\n|rule|Sleep Clause Mod: Limit one foe put to sleep\n|rule|Illusion Level Mod: Illusion disguises the Pok\u00e9mon's true level\n|\n|t:|1781382177\n|teamsize|p1|6\n|teamsize|p2|6\n|start\n|switch|p1a: Snorlax|Snorlax, L82, F|397/397\n|switch|p2a: Flareon|Flareon, L90, M|263/263\n|turn|1\n|inactive|Battle timer is ON: inactive players will automatically lose when time's up. (requested by Ponclex)\n|\n|t:|1781382238\n|move|p2a: Flareon|Will-O-Wisp|p1a: Snorlax\n|-status|p1a: Snorlax|brn\n|move|p1a: Snorlax|Curse|p1a: Snorlax\n|-unboost|p1a: Snorlax|spe|1\n|-boost|p1a: Snorlax|atk|1\n|-boost|p1a: Snorlax|def|1\n|\n|-damage|p1a: Snorlax|373/397 brn|[from] brn\n|-status|p2a: Flareon|tox|[from] item: Toxic Orb\n|upkeep\n|turn|2\n|inactive|koffingwoffing has 120 seconds left.\n|\n|t:|1781382290\n|move|p2a: Flareon|Facade|p1a: Snorlax\n|-damage|p1a: Snorlax|183/397 brn\n|move|p1a: Snorlax|Curse|p1a: Snorlax\n|-unboost|p1a: Snorlax|spe|1\n|-boost|p1a: Snorlax|atk|1\n|-boost|p1a: Snorlax|def|1\n|\n|-heal|p1a: Snorlax|207/397 brn|[from] item: Leftovers\n|-damage|p2a: Flareon|247/263 tox|[from] psn\n|-damage|p1a: Snorlax|183/397 brn|[from] brn\n|upkeep\n|turn|3\n|\n|t:|1781382298\n|-terastallize|p2a: Flareon|Normal\n|move|p2a: Flareon|Facade|p1a: Snorlax\n|-damage|p1a: Snorlax|0 fnt\n|faint|p1a: Snorlax\n|\n|-damage|p2a: Flareon|215/263 tox|[from] psn\n|upkeep\n|\n|t:|1781382306\n|switch|p1a: Seviper|Seviper, L93, F|287/287\n|turn|4\n|inactive|koffingwoffing has 90 seconds left.\n|\n|t:|1781382340\n|switch|p2a: Tyranitar|Tyranitar, L78, M|284/284\n|-weather|Sandstorm|[from] ability: Sand Stream|[of] p2a: Tyranitar\n|move|p1a: Seviper|Gunk Shot|p2a: Tyranitar|[miss]\n|-miss|p1a: Seviper|p2a: Tyranitar\n|\n|-weather|Sandstorm|[upkeep]\n|-damage|p1a: Seviper|270/287|[from] Sandstorm\n|upkeep\n|turn|5\n|inactive|koffingwoffing has 90 seconds left.\n|\n|t:|1781382368\n|switch|p1a: Lumineon|Lumineon, L93, F|279/279\n|move|p2a: Tyranitar|Knock Off|p1a: Lumineon\n|-damage|p1a: Lumineon|153/279\n|-enditem|p1a: Lumineon|Life Orb|[from] move: Knock Off|[of] p2a: Tyranitar\n|\n|-weather|Sandstorm|[upkeep]\n|-damage|p1a: Lumineon|136/279|[from] Sandstorm\n|upkeep\n|turn|6\n|inactive|koffingwoffing has 60 seconds left.\n|\n|t:|1781382396\n|move|p1a: Lumineon|Hydro Pump|p2a: Tyranitar|[miss]\n|-miss|p1a: Lumineon|p2a: Tyranitar\n|move|p2a: Tyranitar|Stone Edge|p1a: Lumineon\n|-damage|p1a: Lumineon|16/279\n|\n|-weather|Sandstorm|[upkeep]\n|-damage|p1a: Lumineon|0 fnt|[from] Sandstorm\n|faint|p1a: Lumineon\n|upkeep\n|\n|t:|1781382401\n|switch|p1a: Seviper|Seviper, L93, F|270/287\n|turn|7\n|inactive|koffingwoffing has 60 seconds left.\n|\n|t:|1781382421\n|switch|p2a: Delibird|Delibird, M|252/252\n|move|p1a: Seviper|Earthquake|p2a: Delibird\n|-immune|p2a: Delibird\n|\n|-weather|Sandstorm|[upkeep]\n|-damage|p2a: Delibird|237/252|[from] Sandstorm\n|-damage|p1a: Seviper|253/287|[from] Sandstorm\n|upkeep\n|turn|8\n|inactive|koffingwoffing has 60 seconds left.\n|\n|t:|1781382439\n|move|p2a: Delibird|Brave Bird|p1a: Seviper\n|-damage|p1a: Seviper|21/287\n|-damage|p2a: Delibird|160/252|[from] Recoil\n|move|p1a: Seviper|Gunk Shot|p2a: Delibird\n|-damage|p2a: Delibird|0 fnt\n|faint|p2a: Delibird\n|-damage|p1a: Seviper|0 fnt|[from] item: Life Orb\n|faint|p1a: Seviper\n|\n|-weather|none\n|upkeep\n|\n|t:|1781382452\n|switch|p2a: Mightyena|Mightyena, L96, F|290/290\n|switch|p1a: Minior|Minior-Violet, L79|224/224\n|-ability|p2a: Mightyena|Intimidate|boost\n|-unboost|p1a: Minior|atk|1\n|-formechange|p1a: Minior|Minior-Meteor||[from] ability: Shields Down\n|-enditem|p1a: Minior|White Herb\n|-clearnegativeboost|p1a: Minior|[silent]\n|turn|9\n|\n|t:|1781382460\n|move|p2a: Mightyena|Taunt|p1a: Minior\n|-start|p1a: Minior|move: Taunt\n|cant|p1a: Minior|move: Taunt|Shell Smash\n|\n|upkeep\n|turn|10\n|inactive|koffingwoffing has 60 seconds left.\n|-message|Ponclex forfeited.\n|\n|win|koffingwoffing\n", "inputlog": ">version a8376a258c1d4662feba110a92103f3664a72141\n>start {\"formatid\":\"gen9randombattle\",\"seed\":\"sodium,8d71f455cca5425bc8bc2eca01a5da76\",\"rated\":\"Rated battle\"}\n>player p1 {\"name\":\"Ponclex\",\"avatar\":\"265\",\"rating\":2074,\"seed\":\"sodium,9bdbc6b0ba9cbb176b0a528a717954a4\"}\n>player p2 {\"name\":\"koffingwoffing\",\"avatar\":\"will-gen2\",\"rating\":2113,\"seed\":\"sodium,82bc429ed53415998529157952040246\"}\n>p1 move curse\n>p2 move willowisp\n>p1 move curse\n>p2 move facade\n>p1 move rest\n>p2 move facade terastallize\n>p1 switch 3\n>p1 move gunkshot\n>p2 switch 2\n>p1 switch 5\n>p2 move knockoff\n>p1 move hydropump\n>p2 move stoneedge\n>p1 switch 5\n>p1 move earthquake\n>p2 switch 3\n>p1 move gunkshot\n>p2 move bravebird\n>p1 switch 4\n>p2 switch 5\n>p1 move shellsmash\n>p2 move taunt\n>forcelose p1", "uploadtime": 1781382178, "views": 13, "formatid": "gen9randombattle", "rating": null, "private": 0, "password": null}