{"id": "gen9randombattle-2631641633", "format": "[Gen 9] Random Battle", "players": ["lalalaplant", "BenoliBenoli"], "log": "|j|\u2606lalalaplant\n|j|\u2606BenoliBenoli\n|t:|1781413440\n|gametype|singles\n|player|p1|lalalaplant|101|2025\n|player|p2|BenoliBenoli|102|2027\n|gen|9\n|tier|[Gen 9] Random Battle\n|rated|\n|rule|Species Clause: Limit one of each Pok\u00e9mon\n|rule|HP Percentage Mod: HP is shown in percentages\n|rule|Sleep Clause Mod: Limit one foe put to sleep\n|rule|Illusion Level Mod: Illusion disguises the Pok\u00e9mon's true level\n|\n|t:|1781413440\n|teamsize|p1|6\n|teamsize|p2|6\n|start\n|switch|p1a: Greninja|Greninja, L80, M|246/246\n|switch|p2a: Minior|Minior-Orange, L79|224/224\n|-formechange|p2a: Minior|Minior-Meteor||[from] ability: Shields Down\n|turn|1\n|inactive|Battle timer is ON: inactive players will automatically lose when time's up. (requested by BenoliBenoli)\n|\n|t:|1781413454\n|switch|p2a: Dewgong|Dewgong, L94, F|322/322\n|move|p1a: Greninja|Hydro Pump|p2a: Dewgong\n|-start|p1a: Greninja|typechange|Water|[from] ability: Protean\n|-resisted|p2a: Dewgong\n|-crit|p2a: Dewgong\n|-damage|p2a: Dewgong|213/322\n|\n|upkeep\n|turn|2\n|\n|t:|1781413469\n|switch|p1a: Moltres|Moltres-Galar, L79|271/271\n|move|p2a: Dewgong|Flip Turn|p1a: Moltres\n|-damage|p1a: Moltres|201/271\n|\n|t:|1781413476\n|switch|p2a: Toxtricity|Toxtricity, L82, F|257/257|[from] Flip Turn\n|\n|upkeep\n|turn|3\n|\n|t:|1781413486\n|switch|p1a: Misdreavus|Misdreavus, L90, F|254/254\n|move|p2a: Toxtricity|Shift Gear|p2a: Toxtricity\n|-boost|p2a: Toxtricity|spe|2\n|-boost|p2a: Toxtricity|atk|1\n|\n|upkeep\n|turn|4\n|\n|t:|1781413494\n|move|p2a: Toxtricity|Overdrive|p1a: Misdreavus\n|-damage|p1a: Misdreavus|170/254\n|-enditem|p2a: Toxtricity|Throat Spray\n|-boost|p2a: Toxtricity|spa|1|[from] item: Throat Spray\n|move|p1a: Misdreavus|Calm Mind|p1a: Misdreavus\n|-boost|p1a: Misdreavus|spa|1\n|-boost|p1a: Misdreavus|spd|1\n|\n|upkeep\n|turn|5\n|\n|t:|1781413502\n|move|p2a: Toxtricity|Overdrive|p1a: Misdreavus\n|-damage|p1a: Misdreavus|91/254\n|move|p1a: Misdreavus|Shadow Ball|p2a: Toxtricity\n|-damage|p2a: Toxtricity|103/257\n|-unboost|p2a: Toxtricity|spd|1\n|\n|upkeep\n|turn|6\n|\n|t:|1781413514\n|move|p2a: Toxtricity|Overdrive|p1a: Misdreavus\n|-damage|p1a: Misdreavus|15/254\n|move|p1a: Misdreavus|Draining Kiss|p2a: Toxtricity\n|-resisted|p2a: Toxtricity\n|-damage|p2a: Toxtricity|50/257\n|-heal|p1a: Misdreavus|55/254|[from] drain|[of] p2a: Toxtricity\n|\n|upkeep\n|turn|7\n|\n|t:|1781413519\n|move|p2a: Toxtricity|Overdrive|p1a: Misdreavus\n|-damage|p1a: Misdreavus|0 fnt\n|faint|p1a: Misdreavus\n|\n|upkeep\n|\n|t:|1781413532\n|switch|p1a: Virizion|Virizion, L82|283/283\n|turn|8\n|\n|t:|1781413536\n|-terastallize|p1a: Virizion|Rock\n|move|p2a: Toxtricity|Gunk Shot|p1a: Virizion\n|-resisted|p1a: Virizion\n|-damage|p1a: Virizion|172/283\n|move|p1a: Virizion|Stone Edge|p2a: Toxtricity\n|-damage|p2a: Toxtricity|0 fnt\n|faint|p2a: Toxtricity\n|-damage|p1a: Virizion|144/283|[from] item: Life Orb\n|\n|upkeep\n|inactive|BenoliBenoli has 120 seconds left.\n|\n|t:|1781413567\n|switch|p2a: Arceus|Arceus-Dragon, L71|288/288\n|turn|9\n|inactive|lalalaplant has 120 seconds left.\n|\n|t:|1781413603\n|move|p1a: Virizion|Swords Dance|p1a: Virizion\n|-boost|p1a: Virizion|atk|2\n|move|p2a: Arceus|Judgment|p1a: Virizion\n|-damage|p1a: Virizion|66/283\n|\n|upkeep\n|turn|10\n|inactive|lalalaplant has 120 seconds left.\n|\n|t:|1781413611\n|move|p1a: Virizion|Close Combat|p2a: Arceus\n|-damage|p2a: Arceus|35/288\n|-unboost|p1a: Virizion|def|1\n|-unboost|p1a: Virizion|spd|1\n|-damage|p1a: Virizion|38/283|[from] item: Life Orb\n|move|p2a: Arceus|Judgment|p1a: Virizion\n|-damage|p1a: Virizion|0 fnt\n|faint|p1a: Virizion\n|\n|upkeep\n|inactive|lalalaplant has 120 seconds left.\n|\n|t:|1781413617\n|switch|p1a: Dedenne|Dedenne, L88, M|261/261\n|turn|11\n|\n|t:|1781413623\n|switch|p2a: Entei|Entei, L78|307/307\n|move|p1a: Dedenne|Dazzling Gleam|p2a: Entei\n|-resisted|p2a: Entei\n|-damage|p2a: Entei|254/307\n|\n|upkeep\n|turn|12\n|\n|t:|1781413627\n|switch|p1a: Dondozo|Dondozo, L78, F|362/362\n|move|p2a: Entei|Sacred Fire|p1a: Dondozo|[miss]\n|-miss|p2a: Entei|p1a: Dondozo\n|\n|upkeep\n|turn|13\n|\n|t:|1781413634\n|switch|p2a: Dewgong|Dewgong, L94, F|213/322\n|switch|p1a: Dedenne|Dedenne, L88, M|261/261\n|\n|upkeep\n|turn|14\n|\n|t:|1781413637\n|move|p1a: Dedenne|Thunderbolt|p2a: Dewgong\n|-supereffective|p2a: Dewgong\n|-damage|p2a: Dewgong|51/322\n|move|p2a: Dewgong|Flip Turn|p1a: Dedenne\n|-damage|p1a: Dedenne|176/261\n|\n|t:|1781413639\n|switch|p2a: Entei|Entei, L78|254/307|[from] Flip Turn\n|\n|upkeep\n|turn|15\n|\n|t:|1781413645\n|switch|p1a: Dondozo|Dondozo, L78, F|362/362\n|move|p2a: Entei|Sacred Fire|p1a: Dondozo\n|-resisted|p1a: Dondozo\n|-damage|p1a: Dondozo|291/362\n|-status|p1a: Dondozo|brn\n|\n|-heal|p1a: Dondozo|313/362 brn|[from] item: Leftovers\n|-damage|p1a: Dondozo|291/362 brn|[from] brn\n|upkeep\n|turn|16\n|\n|t:|1781413649\n|switch|p2a: Arceus|Arceus-Dragon, L71|35/288\n|move|p1a: Dondozo|Wave Crash|p2a: Arceus\n|-resisted|p2a: Arceus\n|-damage|p2a: Arceus|10/288\n|-damage|p1a: Dondozo|283/362 brn|[from] Recoil\n|\n|-heal|p1a: Dondozo|305/362 brn|[from] item: Leftovers\n|-damage|p1a: Dondozo|283/362 brn|[from] brn\n|upkeep\n|turn|17\n|\n|t:|1781413653\n|switch|p1a: Dedenne|Dedenne, L88, M|176/261\n|move|p2a: Arceus|Recover|p2a: Arceus\n|-heal|p2a: Arceus|154/288\n|\n|upkeep\n|turn|18\n|\n|t:|1781413656\n|switch|p2a: Dewgong|Dewgong, L94, F|51/322\n|move|p1a: Dedenne|Dazzling Gleam|p2a: Dewgong\n|-damage|p2a: Dewgong|0 fnt\n|faint|p2a: Dewgong\n|\n|upkeep\n|\n|t:|1781413666\n|switch|p2a: Minior|Minior-Orange, L79|224/224\n|-formechange|p2a: Minior|Minior-Meteor||[from] ability: Shields Down\n|turn|19\n|\n|t:|1781413670\n|move|p1a: Dedenne|Super Fang|p2a: Minior\n|-damage|p2a: Minior|112/224\n|move|p2a: Minior|Shell Smash|p2a: Minior\n|-unboost|p2a: Minior|def|1\n|-unboost|p2a: Minior|spd|1\n|-boost|p2a: Minior|atk|2\n|-boost|p2a: Minior|spa|2\n|-boost|p2a: Minior|spe|2\n|-enditem|p2a: Minior|White Herb\n|-clearnegativeboost|p2a: Minior|[silent]\n|\n|-formechange|p2a: Minior|Minior-Orange||[from] ability: Shields Down\n|upkeep\n|turn|20\n|\n|t:|1781413673\n|switch|p1a: Moltres|Moltres-Galar, L79|201/271\n|move|p2a: Minior|Earthquake|p1a: Moltres\n|-immune|p1a: Moltres\n|\n|upkeep\n|turn|21\n|\n|t:|1781413677\n|move|p2a: Minior|Power Gem|p1a: Moltres\n|-supereffective|p1a: Moltres\n|-damage|p1a: Moltres|0 fnt\n|faint|p1a: Moltres\n|\n|upkeep\n|\n|t:|1781413680\n|switch|p1a: Dondozo|Dondozo, L78, F|283/362 brn\n|turn|22\n|\n|t:|1781413683\n|move|p2a: Minior|Power Gem|p1a: Dondozo\n|-damage|p1a: Dondozo|189/362 brn\n|move|p1a: Dondozo|Wave Crash|p2a: Minior\n|-supereffective|p2a: Minior\n|-damage|p2a: Minior|0 fnt\n|faint|p2a: Minior\n|-damage|p1a: Dondozo|152/362 brn|[from] Recoil\n|\n|-heal|p1a: Dondozo|174/362 brn|[from] item: Leftovers\n|-damage|p1a: Dondozo|152/362 brn|[from] brn\n|upkeep\n|\n|t:|1781413692\n|switch|p2a: Chimecho|Chimecho, L93, F|290/290\n|turn|23\n|\n|t:|1781413696\n|switch|p1a: Greninja|Greninja, L80, M|246/246\n|move|p2a: Chimecho|Cosmic Power|p2a: Chimecho\n|-boost|p2a: Chimecho|def|1\n|-boost|p2a: Chimecho|spd|1\n|\n|upkeep\n|turn|24\n|\n|t:|1781413703\n|-terastallize|p2a: Chimecho|Steel\n|move|p1a: Greninja|Dark Pulse|p2a: Chimecho\n|-start|p1a: Greninja|typechange|Dark|[from] ability: Protean\n|-crit|p2a: Chimecho\n|-damage|p2a: Chimecho|124/290\n|move|p2a: Chimecho|Cosmic Power|p2a: Chimecho\n|-boost|p2a: Chimecho|def|1\n|-boost|p2a: Chimecho|spd|1\n|\n|-heal|p2a: Chimecho|142/290|[from] item: Leftovers\n|upkeep\n|turn|25\n|\n|t:|1781413713\n|switch|p1a: Dedenne|Dedenne, L88, M|176/261\n|move|p2a: Chimecho|Recover|p2a: Chimecho\n|-heal|p2a: Chimecho|287/290\n|\n|-heal|p2a: Chimecho|290/290|[from] item: Leftovers\n|upkeep\n|turn|26\n|\n|t:|1781413718\n|move|p1a: Dedenne|Nuzzle|p2a: Chimecho\n|-damage|p2a: Chimecho|281/290\n|-status|p2a: Chimecho|par\n|move|p2a: Chimecho|Cosmic Power|p2a: Chimecho\n|-boost|p2a: Chimecho|def|1\n|-boost|p2a: Chimecho|spd|1\n|\n|-heal|p2a: Chimecho|290/290 par|[from] item: Leftovers\n|upkeep\n|turn|27\n|\n|t:|1781413723\n|move|p1a: Dedenne|Super Fang|p2a: Chimecho\n|-damage|p2a: Chimecho|145/290 par\n|move|p2a: Chimecho|Cosmic Power|p2a: Chimecho\n|-boost|p2a: Chimecho|def|1\n|-boost|p2a: Chimecho|spd|1\n|\n|-heal|p2a: Chimecho|163/290 par|[from] item: Leftovers\n|upkeep\n|turn|28\n|\n|t:|1781413728\n|switch|p1a: Dondozo|Dondozo, L78, F|152/362 brn\n|move|p2a: Chimecho|Stored Power|p1a: Dondozo\n|-damage|p1a: Dondozo|0 fnt\n|faint|p1a: Dondozo\n|\n|-heal|p2a: Chimecho|181/290 par|[from] item: Leftovers\n|upkeep\n|\n|t:|1781413735\n|switch|p1a: Greninja|Greninja, L80, M|246/246\n|turn|29\n|\n|t:|1781413749\n|move|p1a: Greninja|Dark Pulse|p2a: Chimecho\n|-start|p1a: Greninja|typechange|Dark|[from] ability: Protean\n|-damage|p2a: Chimecho|141/290 par\n|cant|p2a: Chimecho|flinch\n|\n|-heal|p2a: Chimecho|159/290 par|[from] item: Leftovers\n|upkeep\n|turn|30\n|\n|t:|1781413755\n|move|p1a: Greninja|Dark Pulse|p2a: Chimecho\n|-damage|p2a: Chimecho|119/290 par\n|move|p2a: Chimecho|Recover|p2a: Chimecho\n|-heal|p2a: Chimecho|264/290 par\n|\n|-heal|p2a: Chimecho|282/290 par|[from] item: Leftovers\n|upkeep\n|turn|31\n|-message|lalalaplant forfeited.\n|\n|win|BenoliBenoli\n", "inputlog": ">version a8376a258c1d4662feba110a92103f3664a72141\n>start {\"formatid\":\"gen9randombattle\",\"seed\":\"sodium,906094474887910771074c41ad7b75a9\",\"rated\":\"Rated battle\"}\n>player p1 {\"name\":\"lalalaplant\",\"avatar\":\"101\",\"rating\":2025,\"seed\":\"sodium,744031fe24b33bb093db293e9be607be\"}\n>player p2 {\"name\":\"BenoliBenoli\",\"avatar\":\"102\",\"rating\":2027,\"seed\":\"sodium,f63ba32674eab8444429644b2f074eb9\"}\n>p1 move hydropump\n>p2 switch 3\n>p1 switch 5\n>p2 move flipturn\n>p2 switch 4\n>p1 switch 2\n>p2 move shiftgear\n>p1 move calmmind\n>p2 move overdrive\n>p1 move shadowball\n>p2 move overdrive\n>p1 move drainingkiss\n>p2 move overdrive\n>p1 move shadowball\n>p2 move overdrive\n>p1 switch 4\n>p1 move stoneedge terastallize\n>p2 move gunkshot\n>p2 switch 5\n>p1 move swordsdance\n>p2 move judgment\n>p1 move closecombat\n>p2 move judgment\n>p1 switch 3\n>p1 move dazzlinggleam\n>p2 switch 2\n>p1 switch 6\n>p2 move sacredfire\n>p1 switch 6\n>p2 switch 4\n>p1 move thunderbolt\n>p2 move flipturn\n>p2 switch 4\n>p1 switch 6\n>p2 move sacredfire\n>p1 move wavecrash\n>p2 switch 2\n>p1 switch 6\n>p2 move recover\n>p1 move dazzlinggleam\n>p2 switch 4\n>p2 switch 3\n>p1 move superfang\n>p2 move shellsmash\n>p1 switch 2\n>p2 move earthquake\n>p1 move fierywrath\n>p2 move powergem\n>p1 switch 6\n>p1 move wavecrash\n>p2 move powergem\n>p2 switch 6\n>p1 switch 5\n>p2 move cosmicpower\n>p1 move darkpulse\n>p2 move cosmicpower terastallize\n>p1 switch 2\n>p2 move recover\n>p1 move nuzzle\n>p2 move cosmicpower\n>p1 move superfang\n>p2 move cosmicpower\n>p1 switch 5\n>p2 move storedpower\n>p1 switch 2\n>p1 move darkpulse\n>p2 move dazzlinggleam\n>p1 move darkpulse\n>p2 move recover\n>forcelose p1", "uploadtime": 1781413442, "views": 5, "formatid": "gen9randombattle", "rating": null, "private": 0, "password": null}