{"id": "gen9randombattle-2631625661", "format": "[Gen 9] Random Battle", "players": ["faaskaas", "duuhhao"], "log": "|j|\u2606faaskaas\n|j|\u2606duuhhao\n|t:|1781410841\n|gametype|singles\n|player|p1|faaskaas|hiker-gen4|2080\n|player|p2|duuhhao|clair|2206\n|gen|9\n|tier|[Gen 9] Random Battle\n|rated|\n|rule|Species Clause: Limit one of each Pok\u00e9mon\n|rule|HP Percentage Mod: HP is shown in percentages\n|rule|Sleep Clause Mod: Limit one foe put to sleep\n|rule|Illusion Level Mod: Illusion disguises the Pok\u00e9mon's true level\n|\n|t:|1781410841\n|teamsize|p1|6\n|teamsize|p2|6\n|start\n|switch|p1a: Leafeon|Leafeon, L88, M|258/258\n|switch|p2a: Magmortar|Magmortar, L88, F|275/275\n|turn|1\n|inactive|Battle timer is ON: inactive players will automatically lose when time's up. (requested by faaskaas)\n|inactive|duuhhao has 120 seconds left.\n|inactive|duuhhao has 90 seconds left.\n|\n|t:|1781410905\n|switch|p1a: Iron Thorns|Iron Thorns, L83|302/302\n|-enditem|p1a: Iron Thorns|Booster Energy\n|-activate|p1a: Iron Thorns|ability: Quark Drive|[fromitem]\n|-start|p1a: Iron Thorns|quarkdriveatk\n|move|p2a: Magmortar|Will-O-Wisp|p1a: Iron Thorns\n|-status|p1a: Iron Thorns|brn\n|\n|-damage|p1a: Iron Thorns|284/302 brn|[from] brn\n|upkeep\n|turn|2\n|\n|t:|1781410913\n|switch|p2a: Wo-Chien|Wo-Chien, L83|277/277\n|-ability|p2a: Wo-Chien|Tablets of Ruin\n|move|p1a: Iron Thorns|Dragon Dance|p1a: Iron Thorns\n|-boost|p1a: Iron Thorns|atk|1\n|-boost|p1a: Iron Thorns|spe|1\n|\n|-damage|p1a: Iron Thorns|266/302 brn|[from] brn\n|upkeep\n|turn|3\n|\n|t:|1781410923\n|move|p1a: Iron Thorns|Ice Punch|p2a: Wo-Chien\n|-supereffective|p2a: Wo-Chien\n|-damage|p2a: Wo-Chien|188/277\n|move|p2a: Wo-Chien|Ruination|p1a: Iron Thorns\n|-damage|p1a: Iron Thorns|133/302 brn\n|\n|-heal|p2a: Wo-Chien|205/277|[from] item: Leftovers\n|-damage|p1a: Iron Thorns|115/302 brn|[from] brn\n|upkeep\n|turn|4\n|\n|t:|1781410929\n|move|p1a: Iron Thorns|Ice Punch|p2a: Wo-Chien\n|-supereffective|p2a: Wo-Chien\n|-damage|p2a: Wo-Chien|118/277\n|move|p2a: Wo-Chien|Giga Drain|p1a: Iron Thorns\n|-supereffective|p1a: Iron Thorns\n|-crit|p1a: Iron Thorns\n|-damage|p1a: Iron Thorns|0 fnt\n|-heal|p2a: Wo-Chien|176/277|[from] drain|[of] p1a: Iron Thorns\n|faint|p1a: Iron Thorns\n|-end|p1a: Iron Thorns|Quark Drive|[silent]\n|\n|-heal|p2a: Wo-Chien|193/277|[from] item: Leftovers\n|upkeep\n|\n|t:|1781410933\n|switch|p1a: Slither Wing|Slither Wing, L81|270/270\n|turn|5\n|\n|t:|1781410936\n|switch|p2a: Skarmory|Skarmory, L80, F|235/235\n|move|p1a: Slither Wing|U-turn|p2a: Skarmory\n|-resisted|p2a: Skarmory\n|-damage|p2a: Skarmory|220/235\n|-damage|p1a: Slither Wing|225/270|[from] item: Rocky Helmet|[of] p2a: Skarmory\n|\n|t:|1781410946\n|-end|p1a: Slither Wing|Protosynthesis|[silent]\n|switch|p1a: Furret|Furret, L94, M|312/312|[from] U-turn\n|-item|p2a: Skarmory|Rocky Helmet|[from] ability: Frisk|[of] p1a: Furret\n|\n|upkeep\n|turn|6\n|\n|t:|1781410950\n|switch|p2a: Magmortar|Magmortar, L88, F|275/275\n|move|p1a: Furret|Trick|p2a: Magmortar\n|-activate|p1a: Furret|move: Trick|[of] p2a: Magmortar\n|-item|p2a: Magmortar|Choice Band|[from] move: Trick\n|-item|p1a: Furret|Heavy-Duty Boots|[from] move: Trick\n|\n|upkeep\n|turn|7\n|\n|t:|1781410958\n|move|p1a: Furret|U-turn|p2a: Magmortar\n|-resisted|p2a: Magmortar\n|-damage|p2a: Magmortar|245/275\n|\n|t:|1781410964\n|switch|p1a: Granbull|Granbull, L88, M|302/302|[from] U-turn\n|-ability|p1a: Granbull|Intimidate|boost\n|-unboost|p2a: Magmortar|atk|1\n|move|p2a: Magmortar|Will-O-Wisp|p1a: Granbull|[miss]\n|-miss|p2a: Magmortar|p1a: Granbull\n|\n|upkeep\n|turn|8\n|\n|t:|1781410971\n|switch|p2a: Skarmory|Skarmory, L80, F|220/235\n|switch|p1a: Baxcalibur|Baxcalibur, L75, M|296/296\n|\n|upkeep\n|turn|9\n|\n|t:|1781410979\n|switch|p1a: Granbull|Granbull, L88, M|302/302\n|-ability|p1a: Granbull|Intimidate|boost\n|-unboost|p2a: Skarmory|atk|1\n|move|p2a: Skarmory|Stealth Rock|p1a: Granbull\n|-sidestart|p1: faaskaas|move: Stealth Rock\n|\n|upkeep\n|turn|10\n|\n|t:|1781410988\n|switch|p2a: Magmortar|Magmortar, L88, F|245/275\n|move|p1a: Granbull|Thunder Wave|p2a: Magmortar\n|-status|p2a: Magmortar|par\n|\n|upkeep\n|turn|11\n|\n|t:|1781410998\n|switch|p2a: Skarmory|Skarmory, L80, F|220/235\n|move|p1a: Granbull|Earthquake|p2a: Skarmory\n|-immune|p2a: Skarmory\n|\n|upkeep\n|turn|12\n|\n|t:|1781411005\n|move|p1a: Granbull|Thunder Wave|p2a: Skarmory\n|-status|p2a: Skarmory|par\n|move|p2a: Skarmory|Whirlwind|p1a: Granbull\n|drag|p1a: Baxcalibur|Baxcalibur, L75, M|296/296\n|\n|upkeep\n|turn|13\n|\n|t:|1781411019\n|switch|p1a: Furret|Furret, L94, M|312/312\n|-item|p2a: Skarmory|Rocky Helmet|[from] ability: Frisk|[of] p1a: Furret\n|move|p2a: Skarmory|Brave Bird|p1a: Furret\n|-damage|p1a: Furret|206/312\n|-damage|p2a: Skarmory|185/235 par|[from] Recoil\n|\n|upkeep\n|turn|14\n|j| Yutomishima\n|-message|faaskaas forfeited.\n|\n|win|duuhhao\n|raw|faaskaas's rating: 2080 &rarr; <strong>2067</strong><br />(-13 for losing)\n|raw|duuhhao's rating: 2206 &rarr; <strong>2219</strong><br />(+13 for winning)\n", "uploadtime": 1781410844, "views": 3, "formatid": "gen9randombattle", "rating": 2067, "private": 0, "password": null}