{"id": "gen9randombattle-2631724183", "format": "[Gen 9] Random Battle", "players": ["symitry", "8btry8"], "log": "|j|\u2606symitry\n|j|\u26068btry8\n|t:|1781428942\n|gametype|singles\n|player|p1|symitry|102|2034\n|player|p2|8btry8|1|1948\n|gen|9\n|tier|[Gen 9] Random Battle\n|rated|\n|rule|Species Clause: Limit one of each Pok\u00e9mon\n|rule|HP Percentage Mod: HP is shown in percentages\n|rule|Sleep Clause Mod: Limit one foe put to sleep\n|rule|Illusion Level Mod: Illusion disguises the Pok\u00e9mon's true level\n|\n|t:|1781428942\n|teamsize|p1|6\n|teamsize|p2|6\n|start\n|switch|p1a: Leavanny|Leavanny, L86, M|269/269\n|switch|p2a: Amoonguss|Amoonguss, L82, M|321/321\n|turn|1\n|inactive|Battle timer is ON: inactive players will automatically lose when time's up. (requested by symitry)\n|\n|t:|1781428975\n|move|p1a: Leavanny|Sticky Web|p2a: Amoonguss\n|-sidestart|p2: 8btry8|move: Sticky Web\n|move|p2a: Amoonguss|Sludge Bomb|p1a: Leavanny\n|-supereffective|p1a: Leavanny\n|-damage|p1a: Leavanny|93/269\n|\n|upkeep\n|turn|2\n|\n|t:|1781428979\n|move|p1a: Leavanny|Triple Axel|p2a: Amoonguss\n|-supereffective|p2a: Amoonguss\n|-damage|p2a: Amoonguss|279/321\n|-damage|p1a: Leavanny|49/269|[from] item: Rocky Helmet|[of] p2a: Amoonguss\n|-supereffective|p2a: Amoonguss\n|-damage|p2a: Amoonguss|209/321\n|-damage|p1a: Leavanny|5/269|[from] item: Rocky Helmet|[of] p2a: Amoonguss\n|-supereffective|p2a: Amoonguss\n|-damage|p2a: Amoonguss|101/321\n|-damage|p1a: Leavanny|0 fnt|[from] item: Rocky Helmet|[of] p2a: Amoonguss\n|faint|p1a: Leavanny\n|-hitcount|p2a: Amoonguss|3\n|move|p2a: Amoonguss|Sludge Bomb|p1: Leavanny|[notarget]\n|-fail|p2a: Amoonguss\n|\n|upkeep\n|\n|t:|1781428987\n|switch|p1a: Floatzel|Floatzel, L86, M|286/286\n|turn|3\n|\n|t:|1781428991\n|switch|p2a: Phione|Phione, L91|293/293\n|-activate|p2a: Phione|move: Sticky Web\n|-unboost|p2a: Phione|spe|1\n|move|p1a: Floatzel|Taunt|p2a: Phione\n|-start|p2a: Phione|move: Taunt\n|\n|upkeep\n|turn|4\n|\n|t:|1781429001\n|switch|p1a: Haxorus|Haxorus, L77, F|244/244\n|-ability|p1a: Haxorus|Mold Breaker\n|move|p2a: Phione|Grass Knot|p1a: Haxorus\n|-resisted|p1a: Haxorus\n|-damage|p1a: Haxorus|201/244\n|\n|upkeep\n|turn|5\n|\n|t:|1781429020\n|move|p1a: Haxorus|Swords Dance|p1a: Haxorus\n|-boost|p1a: Haxorus|atk|2\n|move|p2a: Phione|Ice Beam|p1a: Haxorus\n|-supereffective|p1a: Haxorus\n|-damage|p1a: Haxorus|39/244\n|\n|-end|p2a: Phione|move: Taunt\n|upkeep\n|turn|6\n|\n|t:|1781429037\n|move|p1a: Haxorus|Scale Shot|p2a: Phione\n|-damage|p2a: Phione|227/293\n|-damage|p2a: Phione|164/293\n|-damage|p2a: Phione|97/293\n|-damage|p2a: Phione|37/293\n|-damage|p2a: Phione|0 fnt\n|faint|p2a: Phione\n|-hitcount|p2: Phione|5\n|-unboost|p1a: Haxorus|def|1\n|-boost|p1a: Haxorus|spe|1\n|\n|upkeep\n|\n|t:|1781429047\n|switch|p2a: Forretress|Forretress, L84, M|263/263\n|-activate|p2a: Forretress|move: Sticky Web\n|-unboost|p2a: Forretress|spe|1\n|turn|7\n|\n|t:|1781429058\n|move|p1a: Haxorus|Earthquake|p2a: Forretress\n|-damage|p2a: Forretress|149/263\n|move|p2a: Forretress|Iron Head|p1a: Haxorus\n|-damage|p1a: Haxorus|0 fnt\n|faint|p1a: Haxorus\n|\n|-heal|p2a: Forretress|165/263|[from] item: Leftovers\n|upkeep\n|\n|t:|1781429066\n|switch|p1a: Gouging Fire|Gouging Fire, L74|277/277\n|turn|8\n|\n|t:|1781429073\n|move|p1a: Gouging Fire|Dragon Dance|p1a: Gouging Fire\n|-boost|p1a: Gouging Fire|atk|1\n|-boost|p1a: Gouging Fire|spe|1\n|move|p2a: Forretress|Volt Switch|p1a: Gouging Fire\n|-resisted|p1a: Gouging Fire\n|-damage|p1a: Gouging Fire|256/277\n|\n|t:|1781429094\n|switch|p2a: Tyranitar|Tyranitar, L78, F|284/284|[from] Volt Switch\n|-activate|p2a: Tyranitar|move: Sticky Web\n|-unboost|p2a: Tyranitar|spe|1\n|-weather|Sandstorm|[from] ability: Sand Stream|[of] p2a: Tyranitar\n|\n|-weather|Sandstorm|[upkeep]\n|-damage|p1a: Gouging Fire|239/277|[from] Sandstorm\n|upkeep\n|turn|9\n|\n|t:|1781429107\n|-terastallize|p1a: Gouging Fire|Fairy\n|move|p1a: Gouging Fire|Outrage|p2a: Tyranitar\n|-damage|p2a: Tyranitar|118/284\n|move|p2a: Tyranitar|Stone Edge|p1a: Gouging Fire\n|-damage|p1a: Gouging Fire|140/277\n|\n|-weather|Sandstorm|[upkeep]\n|-damage|p1a: Gouging Fire|123/277|[from] Sandstorm\n|upkeep\n|turn|10\n|\n|t:|1781429114\n|switch|p2a: Amoonguss|Amoonguss, L82, M|208/321\n|-activate|p2a: Amoonguss|move: Sticky Web\n|-unboost|p2a: Amoonguss|spe|1\n|move|p1a: Gouging Fire|Outrage|p2a: Amoonguss|[from] lockedmove\n|-crit|p2a: Amoonguss\n|-damage|p2a: Amoonguss|0 fnt\n|-damage|p1a: Gouging Fire|77/277|[from] item: Rocky Helmet|[of] p2a: Amoonguss\n|faint|p2a: Amoonguss\n|\n|-weather|Sandstorm|[upkeep]\n|-damage|p1a: Gouging Fire|60/277|[from] Sandstorm\n|upkeep\n|\n|t:|1781429122\n|switch|p2a: Forretress|Forretress, L84, M|165/263\n|-activate|p2a: Forretress|move: Sticky Web\n|-unboost|p2a: Forretress|spe|1\n|turn|11\n|\n|t:|1781429126\n|move|p1a: Gouging Fire|Outrage|p2a: Forretress|[from] lockedmove\n|-resisted|p2a: Forretress\n|-damage|p2a: Forretress|103/263\n|-start|p1a: Gouging Fire|confusion|[fatigue]\n|move|p2a: Forretress|Iron Head|p1a: Gouging Fire\n|-supereffective|p1a: Gouging Fire\n|-damage|p1a: Gouging Fire|0 fnt\n|faint|p1a: Gouging Fire\n|-end|p1a: Gouging Fire|Protosynthesis|[silent]\n|\n|-weather|Sandstorm|[upkeep]\n|-heal|p2a: Forretress|119/263|[from] item: Leftovers\n|upkeep\n|\n|t:|1781429130\n|switch|p1a: Floatzel|Floatzel, L86, M|286/286\n|turn|12\n|\n|t:|1781429131\n|move|p1a: Floatzel|Bulk Up|p1a: Floatzel\n|-boost|p1a: Floatzel|atk|1\n|-boost|p1a: Floatzel|def|1\n|move|p2a: Forretress|Volt Switch|p1a: Floatzel\n|-supereffective|p1a: Floatzel\n|-damage|p1a: Floatzel|190/286\n|\n|t:|1781429133\n|switch|p2a: Kyurem|Kyurem-White, L73|303/303|[from] Volt Switch\n|-activate|p2a: Kyurem|move: Sticky Web\n|-unboost|p2a: Kyurem|spe|1\n|-ability|p2a: Kyurem|Turboblaze\n|\n|-weather|none\n|-heal|p1a: Floatzel|207/286|[from] item: Leftovers\n|upkeep\n|turn|13\n|\n|t:|1781429137\n|move|p1a: Floatzel|Ice Spinner|p2a: Kyurem\n|-damage|p2a: Kyurem|199/303\n|move|p2a: Kyurem|Freeze-Dry|p1a: Floatzel\n|-supereffective|p1a: Floatzel\n|-damage|p1a: Floatzel|0 fnt\n|faint|p1a: Floatzel\n|\n|upkeep\n|\n|t:|1781429141\n|switch|p1a: Crabominable|Crabominable, L90, F|321/321\n|turn|14\n|\n|t:|1781429150\n|switch|p2a: Tyranitar|Tyranitar, L78, F|118/284\n|-activate|p2a: Tyranitar|move: Sticky Web\n|-unboost|p2a: Tyranitar|spe|1\n|-weather|Sandstorm|[from] ability: Sand Stream|[of] p2a: Tyranitar\n|move|p1a: Crabominable|Drain Punch|p2a: Tyranitar\n|-supereffective|p2a: Tyranitar\n|-damage|p2a: Tyranitar|0 fnt\n|faint|p2a: Tyranitar\n|\n|-weather|Sandstorm|[upkeep]\n|-damage|p1a: Crabominable|301/321|[from] Sandstorm\n|upkeep\n|\n|t:|1781429158\n|switch|p2a: Forretress|Forretress, L84, M|119/263\n|-activate|p2a: Forretress|move: Sticky Web\n|-unboost|p2a: Forretress|spe|1\n|turn|15\n|\n|t:|1781429163\n|switch|p1a: Golurk|Golurk, L87|297/297\n|move|p2a: Forretress|Iron Head|p1a: Golurk\n|-damage|p1a: Golurk|210/297\n|\n|-weather|Sandstorm|[upkeep]\n|-heal|p2a: Forretress|135/263|[from] item: Leftovers\n|upkeep\n|turn|16\n|\n|t:|1781429178\n|switch|p2a: Kyurem|Kyurem-White, L73|199/303\n|-activate|p2a: Kyurem|move: Sticky Web\n|-unboost|p2a: Kyurem|spe|1\n|-ability|p2a: Kyurem|Turboblaze\n|move|p1a: Golurk|Poltergeist|p2a: Kyurem\n|-activate|p2a: Kyurem|move: Poltergeist|Choice Specs\n|-damage|p2a: Kyurem|0 fnt\n|faint|p2a: Kyurem\n|-damage|p1a: Golurk|181/297|[from] item: Life Orb\n|\n|-weather|Sandstorm|[upkeep]\n|upkeep\n|\n|t:|1781429189\n|switch|p2a: Dragonite|Dragonite, L74, F|257/257\n|turn|17\n|inactive|8btry8 has 120 seconds left.\n|\n|t:|1781429217\n|move|p2a: Dragonite|Dragon Dance|p2a: Dragonite\n|-boost|p2a: Dragonite|atk|1\n|-boost|p2a: Dragonite|spe|1\n|move|p1a: Golurk|Dynamic Punch|p2a: Dragonite\n|-resisted|p2a: Dragonite\n|-damage|p2a: Dragonite|226/257\n|-start|p2a: Dragonite|confusion\n|-damage|p1a: Golurk|152/297|[from] item: Life Orb\n|\n|-weather|Sandstorm|[upkeep]\n|-damage|p2a: Dragonite|210/257|[from] Sandstorm\n|upkeep\n|turn|18\n|inactive|8btry8 has 120 seconds left.\n|\n|t:|1781429234\n|-terastallize|p2a: Dragonite|Flying\n|-activate|p2a: Dragonite|confusion\n|-damage|p2a: Dragonite|166/257|[from] confusion\n|move|p1a: Golurk|Poltergeist|p2a: Dragonite\n|-activate|p2a: Dragonite|move: Poltergeist|Heavy-Duty Boots\n|-damage|p2a: Dragonite|0 fnt\n|faint|p2a: Dragonite\n|-damage|p1a: Golurk|123/297|[from] item: Life Orb\n|\n|-weather|none\n|upkeep\n|-message|8btry8 forfeited.\n|\n|win|symitry\n", "inputlog": ">version a8376a258c1d4662feba110a92103f3664a72141\n>start {\"formatid\":\"gen9randombattle\",\"seed\":\"sodium,c721ae7c4d6b5aa6f18eafcd3330ede8\",\"rated\":\"Rated battle\"}\n>player p1 {\"name\":\"symitry\",\"avatar\":\"102\",\"rating\":2034,\"seed\":\"sodium,8d4cc9860c2d3f633b1dce9ac209e85a\"}\n>player p2 {\"name\":\"8btry8\",\"avatar\":\"1\",\"rating\":1948,\"seed\":\"sodium,9a5c8459c27a7a11d68376895ea52fc7\"}\n>p1 move stickyweb\n>p2 move sludgebomb\n>p1 move tripleaxel\n>p2 move sludgebomb\n>p1 switch 5\n>p1 move taunt\n>p2 switch 5\n>p1 switch 3\n>p2 move grassknot\n>p1 move swordsdance\n>p2 move icebeam\n>p1 move scaleshot\n>p2 move icebeam\n>p2 switch 4\n>p1 move earthquake\n>p2 move ironhead\n>p1 switch 6\n>p1 move dragondance\n>p2 move voltswitch\n>p2 switch 3\n>p1 move outrage terastallize\n>p2 move stoneedge\n>p1 move outrage\n>p2 switch 5\n>p2 switch 3\n>p1 move outrage\n>p2 move ironhead\n>p1 switch 3\n>p1 move bulkup\n>p2 move voltswitch\n>p2 switch 2\n>p1 move icespinner\n>p2 move freezedry\n>p1 switch 4\n>p1 move drainpunch\n>p2 switch 5\n>p2 switch 2\n>p1 switch 2\n>p2 move ironhead\n>p1 move poltergeist\n>p2 switch 5\n>p2 switch 6\n>p1 move dynamicpunch\n>p2 move dragondance\n>p1 move poltergeist\n>p2 move terablast terastallize\n>forcelose p2", "uploadtime": 1781428944, "views": 4, "formatid": "gen9randombattle", "rating": null, "private": 0, "password": null}