{"id": "gen9randombattle-2631924031", "format": "[Gen 9] Random Battle", "players": ["itsbaloney", "boulette de veau"], "log": "|j|\u2606itsbaloney\n|j|\u203dboulette de veau\n|t:|1781456137\n|gametype|singles\n|player|p1|itsbaloney|giovanni|2003\n|player|p2|boulette de veau|266|1938\n|gen|9\n|tier|[Gen 9] Random Battle\n|rated|\n|rule|Species Clause: Limit one of each Pok\u00e9mon\n|rule|HP Percentage Mod: HP is shown in percentages\n|rule|Sleep Clause Mod: Limit one foe put to sleep\n|rule|Illusion Level Mod: Illusion disguises the Pok\u00e9mon's true level\n|\n|t:|1781456137\n|teamsize|p1|6\n|teamsize|p2|6\n|start\n|switch|p1a: Cloyster|Cloyster, L80, F|211/211\n|switch|p2a: Incineroar|Incineroar, L82, F|290/290\n|-ability|p2a: Incineroar|Intimidate|boost\n|-unboost|p1a: Cloyster|atk|1\n|-enditem|p1a: Cloyster|White Herb\n|-clearnegativeboost|p1a: Cloyster|[silent]\n|turn|1\n|inactive|Battle timer is ON: inactive players will automatically lose when time's up. (requested by itsbaloney)\n|\n|t:|1781456148\n|move|p1a: Cloyster|Shell Smash|p1a: Cloyster\n|-unboost|p1a: Cloyster|def|1\n|-unboost|p1a: Cloyster|spd|1\n|-boost|p1a: Cloyster|atk|2\n|-boost|p1a: Cloyster|spa|2\n|-boost|p1a: Cloyster|spe|2\n|move|p2a: Incineroar|Will-O-Wisp|p1a: Cloyster\n|-status|p1a: Cloyster|brn\n|\n|-damage|p1a: Cloyster|198/211 brn|[from] brn\n|upkeep\n|turn|2\n|\n|t:|1781456152\n|switch|p2a: Walking Wake|Walking Wake, L79|286/286\n|move|p1a: Cloyster|Shell Smash|p1a: Cloyster\n|-unboost|p1a: Cloyster|def|1\n|-unboost|p1a: Cloyster|spd|1\n|-boost|p1a: Cloyster|atk|2\n|-boost|p1a: Cloyster|spa|2\n|-boost|p1a: Cloyster|spe|2\n|\n|-damage|p1a: Cloyster|185/211 brn|[from] brn\n|upkeep\n|turn|3\n|\n|t:|1781456160\n|move|p1a: Cloyster|Icicle Spear|p2a: Walking Wake\n|-crit|p2a: Walking Wake\n|-damage|p2a: Walking Wake|230/286\n|-damage|p2a: Walking Wake|193/286\n|-damage|p2a: Walking Wake|153/286\n|-damage|p2a: Walking Wake|114/286\n|-damage|p2a: Walking Wake|75/286\n|-hitcount|p2a: Walking Wake|5\n|move|p2a: Walking Wake|Draco Meteor|p1a: Cloyster\n|-damage|p1a: Cloyster|0 fnt\n|-unboost|p2a: Walking Wake|spa|2\n|faint|p1a: Cloyster\n|\n|upkeep\n|\n|t:|1781456168\n|switch|p1a: Tyranitar|Tyranitar, L78, M|284/284\n|-weather|Sandstorm|[from] ability: Sand Stream|[of] p1a: Tyranitar\n|turn|4\n|\n|t:|1781456177\n|-end|p2a: Walking Wake|Protosynthesis|[silent]\n|switch|p2a: Swampert|Swampert, L83, M|302/302\n|move|p1a: Tyranitar|Dragon Dance|p1a: Tyranitar\n|-boost|p1a: Tyranitar|atk|1\n|-boost|p1a: Tyranitar|spe|1\n|\n|-weather|Sandstorm|[upkeep]\n|upkeep\n|turn|5\n|\n|t:|1781456183\n|move|p1a: Tyranitar|Knock Off|p2a: Swampert\n|-damage|p2a: Swampert|119/302\n|-enditem|p2a: Swampert|Leftovers|[from] move: Knock Off|[of] p1a: Tyranitar\n|move|p2a: Swampert|Yawn|p1a: Tyranitar\n|-start|p1a: Tyranitar|move: Yawn|[of] p2a: Swampert\n|\n|-weather|Sandstorm|[upkeep]\n|upkeep\n|turn|6\n|\n|t:|1781456196\n|switch|p1a: Granbull|Granbull, L88, F|302/302\n|-ability|p1a: Granbull|Intimidate|boost\n|-unboost|p2a: Swampert|atk|1\n|move|p2a: Swampert|Earthquake|p1a: Granbull\n|-crit|p1a: Granbull\n|-damage|p1a: Granbull|116/302\n|\n|-weather|Sandstorm|[upkeep]\n|-damage|p1a: Granbull|98/302|[from] Sandstorm\n|-heal|p1a: Granbull|116/302|[from] item: Leftovers\n|upkeep\n|turn|7\n|\n|t:|1781456209\n|move|p2a: Swampert|Earthquake|p1a: Granbull\n|-damage|p1a: Granbull|37/302\n|move|p1a: Granbull|Play Rough|p2a: Swampert\n|-damage|p2a: Swampert|0 fnt\n|faint|p2a: Swampert\n|\n|-weather|Sandstorm|[upkeep]\n|-damage|p1a: Granbull|19/302|[from] Sandstorm\n|-heal|p1a: Granbull|37/302|[from] item: Leftovers\n|upkeep\n|\n|t:|1781456220\n|switch|p2a: Walking Wake|Walking Wake, L79|75/286\n|turn|8\n|\n|t:|1781456228\n|move|p2a: Walking Wake|Flip Turn|p1a: Granbull\n|-damage|p1a: Granbull|0 fnt\n|faint|p1a: Granbull\n|\n|t:|1781456240\n|-end|p2a: Walking Wake|Protosynthesis|[silent]\n|switch|p2a: Braviary|Braviary-Hisui, L85, M|326/326|[from] Flip Turn\n|\n|-weather|none\n|upkeep\n|\n|t:|1781456244\n|switch|p1a: Tyranitar|Tyranitar, L78, M|284/284\n|-weather|Sandstorm|[from] ability: Sand Stream|[of] p1a: Tyranitar\n|turn|9\n|\n|t:|1781456248\n|move|p2a: Braviary|U-turn|p1a: Tyranitar\n|-supereffective|p1a: Tyranitar\n|-damage|p1a: Tyranitar|192/284\n|-enditem|p1a: Tyranitar|Weakness Policy\n|-boost|p1a: Tyranitar|atk|2|[from] item: Weakness Policy\n|-boost|p1a: Tyranitar|spa|2|[from] item: Weakness Policy\n|\n|t:|1781456252\n|switch|p2a: Walking Wake|Walking Wake, L79|75/286|[from] U-turn\n|move|p1a: Tyranitar|Dragon Dance|p1a: Tyranitar\n|-boost|p1a: Tyranitar|atk|1\n|-boost|p1a: Tyranitar|spe|1\n|\n|-weather|Sandstorm|[upkeep]\n|-damage|p2a: Walking Wake|58/286|[from] Sandstorm\n|upkeep\n|turn|10\n|\n|t:|1781456261\n|-terastallize|p1a: Tyranitar|Ghost\n|move|p2a: Walking Wake|Hydro Pump|p1a: Tyranitar|[miss]\n|-miss|p2a: Walking Wake|p1a: Tyranitar\n|move|p1a: Tyranitar|Dragon Dance|p1a: Tyranitar\n|-boost|p1a: Tyranitar|atk|1\n|-boost|p1a: Tyranitar|spe|1\n|\n|-weather|Sandstorm|[upkeep]\n|-damage|p1a: Tyranitar|175/284|[from] Sandstorm\n|-damage|p2a: Walking Wake|41/286|[from] Sandstorm\n|upkeep\n|turn|11\n|\n|t:|1781456268\n|move|p1a: Tyranitar|Knock Off|p2a: Walking Wake\n|-damage|p2a: Walking Wake|0 fnt\n|-enditem|p2a: Walking Wake|Choice Specs|[from] move: Knock Off|[of] p1a: Tyranitar\n|faint|p2a: Walking Wake\n|-end|p2a: Walking Wake|Protosynthesis|[silent]\n|\n|-weather|Sandstorm|[upkeep]\n|-damage|p1a: Tyranitar|158/284|[from] Sandstorm\n|upkeep\n|\n|t:|1781456274\n|switch|p2a: Incineroar|Incineroar, L82, F|290/290\n|-ability|p2a: Incineroar|Intimidate|boost\n|-unboost|p1a: Tyranitar|atk|1\n|turn|12\n|\n|t:|1781456281\n|-terastallize|p2a: Incineroar|Water\n|move|p1a: Tyranitar|Stone Edge|p2a: Incineroar\n|-damage|p2a: Incineroar|2/290\n|move|p2a: Incineroar|Knock Off|p1a: Tyranitar\n|-supereffective|p1a: Tyranitar\n|-damage|p1a: Tyranitar|30/284\n|\n|-weather|Sandstorm|[upkeep]\n|-damage|p1a: Tyranitar|13/284|[from] Sandstorm\n|-damage|p2a: Incineroar|0 fnt|[from] Sandstorm\n|faint|p2a: Incineroar\n|upkeep\n|\n|t:|1781456286\n|switch|p2a: Grimmsnarl|Grimmsnarl, L83, M|293/293\n|turn|13\n|\n|t:|1781456292\n|move|p2a: Grimmsnarl|Sucker Punch|p1a: Tyranitar\n|-supereffective|p1a: Tyranitar\n|-damage|p1a: Tyranitar|0 fnt\n|faint|p1a: Tyranitar\n|\n|-weather|none\n|upkeep\n|\n|t:|1781456300\n|switch|p1a: Jumpluff|Jumpluff, L87, F|271/271\n|turn|14\n|\n|t:|1781456305\n|move|p2a: Grimmsnarl|Parting Shot|p1a: Jumpluff\n|-unboost|p1a: Jumpluff|atk|1\n|-unboost|p1a: Jumpluff|spa|1\n|\n|t:|1781456307\n|switch|p2a: Braviary|Braviary-Hisui, L85, M|326/326|[from] Parting Shot\n|move|p1a: Jumpluff|Encore||[still]\n|-fail|p1a: Jumpluff\n|\n|upkeep\n|turn|15\n|\n|t:|1781456312\n|move|p1a: Jumpluff|Sleep Powder|p2a: Braviary|[miss]\n|-miss|p1a: Jumpluff|p2a: Braviary\n|move|p2a: Braviary|Hurricane|p1a: Jumpluff\n|-supereffective|p1a: Jumpluff\n|-damage|p1a: Jumpluff|0 fnt\n|faint|p1a: Jumpluff\n|\n|upkeep\n|\n|t:|1781456316\n|switch|p1a: Azelf|Azelf, L82|257/257\n|turn|16\n|\n|t:|1781456322\n|move|p1a: Azelf|Fire Blast|p2a: Braviary\n|-damage|p2a: Braviary|230/326\n|move|p2a: Braviary|Hurricane|p1a: Azelf|[miss]\n|-miss|p2a: Braviary|p1a: Azelf\n|\n|upkeep\n|turn|17\n|\n|t:|1781456328\n|move|p1a: Azelf|Fire Blast|p2a: Braviary\n|-damage|p2a: Braviary|119/326\n|move|p2a: Braviary|Hurricane|p1a: Azelf\n|-damage|p1a: Azelf|5/257\n|\n|-heal|p1a: Azelf|21/257|[from] item: Leftovers\n|upkeep\n|turn|18\n|\n|t:|1781456334\n|move|p1a: Azelf|Fire Blast|p2a: Braviary\n|-damage|p2a: Braviary|10/326\n|move|p2a: Braviary|Hurricane|p1a: Azelf\n|-damage|p1a: Azelf|0 fnt\n|faint|p1a: Azelf\n|\n|upkeep\n|\n|t:|1781456336\n|switch|p1a: Great Tusk|Great Tusk, L77|304/304\n|turn|19\n|\n|t:|1781456339\n|move|p1a: Great Tusk|Rapid Spin|p2a: Braviary\n|-damage|p2a: Braviary|0 fnt\n|-boost|p1a: Great Tusk|spe|1\n|faint|p2a: Braviary\n|\n|upkeep\n|\n|t:|1781456350\n|switch|p2a: Eiscue|Eiscue, L88, F|274/274\n|turn|20\n|\n|t:|1781456359\n|move|p1a: Great Tusk|Rapid Spin|p2a: Eiscue\n|-activate|p2a: Eiscue|ability: Ice Face\n|-damage|p2a: Eiscue|274/274\n|-boost|p1a: Great Tusk|spe|1\n|detailschange|p2a: Eiscue|Eiscue-Noice, L88, F\n|move|p2a: Eiscue|Ice Spinner|p1a: Great Tusk\n|-supereffective|p1a: Great Tusk\n|-damage|p1a: Great Tusk|170/304\n|\n|-heal|p1a: Great Tusk|189/304|[from] item: Leftovers\n|upkeep\n|turn|21\n|\n|t:|1781456369\n|move|p1a: Great Tusk|Bulk Up|p1a: Great Tusk\n|-boost|p1a: Great Tusk|atk|1\n|-boost|p1a: Great Tusk|def|1\n|move|p2a: Eiscue|Ice Spinner|p1a: Great Tusk\n|-supereffective|p1a: Great Tusk\n|-damage|p1a: Great Tusk|105/304\n|\n|-heal|p1a: Great Tusk|124/304|[from] item: Leftovers\n|upkeep\n|turn|22\n|\n|t:|1781456383\n|move|p1a: Great Tusk|Bulk Up|p1a: Great Tusk\n|-boost|p1a: Great Tusk|atk|1\n|-boost|p1a: Great Tusk|def|1\n|move|p2a: Eiscue|Ice Spinner|p1a: Great Tusk\n|-supereffective|p1a: Great Tusk\n|-damage|p1a: Great Tusk|56/304\n|\n|-heal|p1a: Great Tusk|75/304|[from] item: Leftovers\n|upkeep\n|turn|23\n|inactive|itsbaloney has 120 seconds left.\n|\n|t:|1781456414\n|move|p1a: Great Tusk|Close Combat|p2a: Eiscue\n|-supereffective|p2a: Eiscue\n|-damage|p2a: Eiscue|0 fnt\n|-unboost|p1a: Great Tusk|def|1\n|-unboost|p1a: Great Tusk|spd|1\n|faint|p2a: Eiscue\n|\n|-heal|p1a: Great Tusk|94/304|[from] item: Leftovers\n|upkeep\n|\n|t:|1781456417\n|switch|p2a: Grimmsnarl|Grimmsnarl, L83, M|293/293\n|turn|24\n|\n|t:|1781456427\n|move|p1a: Great Tusk|Close Combat|p2a: Grimmsnarl\n|-damage|p2a: Grimmsnarl|0 fnt\n|-unboost|p1a: Great Tusk|def|1\n|-unboost|p1a: Great Tusk|spd|1\n|faint|p2a: Grimmsnarl\n|\n|win|itsbaloney\n", "uploadtime": 1781456139, "views": 4, "formatid": "gen9randombattle", "rating": null, "private": 0, "password": null}