{"id": "gen9randombattle-2631769880", "format": "[Gen 9] Random Battle", "players": ["boulette de veau", "johnjuiceadams"], "log": "|j|\u203dboulette de veau\n|j|\u2606johnjuiceadams\n|t:|1781436878\n|gametype|singles\n|player|p1|boulette de veau|265|1927\n|player|p2|johnjuiceadams|266|1922\n|gen|9\n|tier|[Gen 9] Random Battle\n|rated|\n|rule|Species Clause: Limit one of each Pok\u00e9mon\n|rule|HP Percentage Mod: HP is shown in percentages\n|rule|Sleep Clause Mod: Limit one foe put to sleep\n|rule|Illusion Level Mod: Illusion disguises the Pok\u00e9mon's true level\n|\n|t:|1781436878\n|teamsize|p1|6\n|teamsize|p2|6\n|start\n|switch|p1a: Donphan|Donphan, L84, M|288/288\n|switch|p2a: Bruxish|Bruxish, L85, F|254/254\n|turn|1\n|inactive|Battle timer is ON: inactive players will automatically lose when time's up. (requested by johnjuiceadams)\n|\n|t:|1781436885\n|switch|p1a: Lapras|Lapras, L87, M|367/367\n|move|p2a: Bruxish|Wave Crash|p1a: Lapras\n|-immune|p1a: Lapras|[from] ability: Water Absorb\n|\n|upkeep\n|turn|2\n|\n|t:|1781436897\n|switch|p2a: Ampharos|Ampharos, L88, F|302/302\n|move|p1a: Lapras|Hydro Pump|p2a: Ampharos\n|-damage|p2a: Ampharos|193/302\n|\n|upkeep\n|turn|3\n|\n|t:|1781436912\n|switch|p1a: Iron Moth|Iron Moth, L78|253/253\n|move|p2a: Ampharos|Discharge|p1a: Iron Moth\n|-damage|p1a: Iron Moth|153/253\n|\n|upkeep\n|turn|4\n|\n|t:|1781436924\n|-end|p1a: Iron Moth|Quark Drive|[silent]\n|switch|p1a: Dugtrio|Dugtrio-Alola, L84, F|196/196\n|move|p2a: Ampharos|Discharge|p1a: Dugtrio\n|-immune|p1a: Dugtrio\n|\n|upkeep\n|turn|5\n|\n|t:|1781436936\n|switch|p2a: Farigiraf|Farigiraf, L90, F|362/362\n|move|p1a: Dugtrio|Earthquake|p2a: Farigiraf\n|-crit|p2a: Farigiraf\n|-damage|p2a: Farigiraf|131/362\n|-damage|p1a: Dugtrio|177/196|[from] item: Life Orb\n|\n|-heal|p2a: Farigiraf|153/362|[from] item: Leftovers\n|upkeep\n|turn|6\n|\n|t:|1781436946\n|move|p2a: Farigiraf|Protect|p2a: Farigiraf\n|-singleturn|p2a: Farigiraf|Protect\n|move|p1a: Dugtrio|Earthquake|p2a: Farigiraf\n|-activate|p2a: Farigiraf|move: Protect\n|\n|-heal|p2a: Farigiraf|175/362|[from] item: Leftovers\n|upkeep\n|turn|7\n|\n|t:|1781436951\n|move|p1a: Dugtrio|Earthquake|p2a: Farigiraf\n|-damage|p2a: Farigiraf|18/362\n|-damage|p1a: Dugtrio|158/196|[from] item: Life Orb\n|move|p2a: Farigiraf|Wish|p2a: Farigiraf\n|\n|-heal|p2a: Farigiraf|40/362|[from] item: Leftovers\n|upkeep\n|turn|8\n|\n|t:|1781436958\n|move|p2a: Farigiraf|Protect|p2a: Farigiraf\n|-singleturn|p2a: Farigiraf|Protect\n|move|p1a: Dugtrio|Swords Dance|p1a: Dugtrio\n|-boost|p1a: Dugtrio|atk|2\n|\n|-heal|p2a: Farigiraf|221/362|[from] move: Wish|[wisher] Farigiraf\n|-heal|p2a: Farigiraf|243/362|[from] item: Leftovers\n|upkeep\n|turn|9\n|\n|t:|1781436966\n|move|p1a: Dugtrio|Earthquake|p2a: Farigiraf\n|-damage|p2a: Farigiraf|0 fnt\n|faint|p2a: Farigiraf\n|-damage|p1a: Dugtrio|139/196|[from] item: Life Orb\n|\n|upkeep\n|\n|t:|1781436978\n|switch|p2a: Bruxish|Bruxish, L85, F|254/254\n|turn|10\n|\n|t:|1781436985\n|switch|p1a: Lapras|Lapras, L87, M|367/367\n|move|p2a: Bruxish|Aqua Jet|p1a: Lapras\n|-immune|p1a: Lapras|[from] ability: Water Absorb\n|\n|upkeep\n|turn|11\n|\n|t:|1781436997\n|switch|p2a: Ampharos|Ampharos, L88, F|193/302\n|switch|p1a: Dugtrio|Dugtrio-Alola, L84, F|139/196\n|\n|upkeep\n|turn|12\n|\n|t:|1781437003\n|-terastallize|p2a: Ampharos|Fairy\n|move|p1a: Dugtrio|Earthquake|p2a: Ampharos\n|-damage|p2a: Ampharos|53/302\n|-damage|p1a: Dugtrio|120/196|[from] item: Life Orb\n|move|p2a: Ampharos|Dazzling Gleam|p1a: Dugtrio\n|-resisted|p1a: Dugtrio\n|-damage|p1a: Dugtrio|58/196\n|\n|upkeep\n|turn|13\n|\n|t:|1781437015\n|move|p1a: Dugtrio|Earthquake|p2a: Ampharos\n|-damage|p2a: Ampharos|0 fnt\n|faint|p2a: Ampharos\n|-damage|p1a: Dugtrio|39/196|[from] item: Life Orb\n|\n|upkeep\n|inactive|johnjuiceadams has 120 seconds left.\n|\n|t:|1781437041\n|switch|p2a: Bruxish|Bruxish, L85, F|254/254\n|turn|14\n|\n|t:|1781437050\n|move|p1a: Dugtrio|Earthquake|p2a: Bruxish\n|-damage|p2a: Bruxish|102/254\n|-damage|p1a: Dugtrio|20/196|[from] item: Life Orb\n|move|p2a: Bruxish|Psychic Fangs|p1a: Dugtrio\n|-resisted|p1a: Dugtrio\n|-damage|p1a: Dugtrio|0 fnt\n|-ability|p1a: Dugtrio|Tangling Hair\n|-unboost|p2a: Bruxish|spe|1\n|faint|p1a: Dugtrio\n|\n|upkeep\n|\n|t:|1781437058\n|switch|p1a: Minun|Minun, L95, F|268/268\n|turn|15\n|\n|t:|1781437064\n|switch|p2a: Ogerpon|Ogerpon-Hearthflame, L74, F|239/239\n|-ability|p2a: Ogerpon|Mold Breaker\n|move|p1a: Minun|Thunderbolt|p2a: Ogerpon\n|-resisted|p2a: Ogerpon\n|-damage|p2a: Ogerpon|174/239\n|-damage|p1a: Minun|242/268|[from] item: Life Orb\n|\n|upkeep\n|turn|16\n|\n|t:|1781437087\n|switch|p1a: Iron Moth|Iron Moth, L78|153/253\n|move|p2a: Ogerpon|Knock Off|p1a: Iron Moth\n|-damage|p1a: Iron Moth|54/253\n|-enditem|p1a: Iron Moth|Choice Specs|[from] move: Knock Off|[of] p2a: Ogerpon\n|\n|upkeep\n|turn|17\n|\n|t:|1781437107\n|move|p1a: Iron Moth|Sludge Wave|p2a: Ogerpon\n|-supereffective|p2a: Ogerpon\n|-damage|p2a: Ogerpon|0 fnt\n|faint|p2a: Ogerpon\n|\n|upkeep\n|\n|t:|1781437116\n|switch|p2a: Bruxish|Bruxish, L85, F|102/254\n|turn|18\n|\n|t:|1781437134\n|move|p2a: Bruxish|Aqua Jet|p1a: Iron Moth\n|-supereffective|p1a: Iron Moth\n|-damage|p1a: Iron Moth|0 fnt\n|faint|p1a: Iron Moth\n|-end|p1a: Iron Moth|Quark Drive|[silent]\n|\n|upkeep\n|\n|t:|1781437139\n|switch|p1a: Lapras|Lapras, L87, M|367/367\n|turn|19\n|\n|t:|1781437144\n|switch|p2a: Masquerain|Masquerain, L87, M|264/264\n|-ability|p2a: Masquerain|Intimidate|boost\n|-unboost|p1a: Lapras|atk|1\n|move|p1a: Lapras|Freeze-Dry|p2a: Masquerain\n|-supereffective|p2a: Masquerain\n|-damage|p2a: Masquerain|34/264\n|\n|upkeep\n|turn|20\n|\n|t:|1781437151\n|move|p2a: Masquerain|Sticky Web|p1a: Lapras\n|-sidestart|p1: boulette de veau|move: Sticky Web\n|move|p1a: Lapras|Freeze-Dry|p2a: Masquerain\n|-supereffective|p2a: Masquerain\n|-damage|p2a: Masquerain|0 fnt\n|faint|p2a: Masquerain\n|\n|upkeep\n|\n|t:|1781437153\n|switch|p2a: Shaymin|Shaymin-Sky, L73|266/266\n|turn|21\n|\n|t:|1781437163\n|-terastallize|p1a: Lapras|Ice\n|move|p2a: Shaymin|Seed Flare|p1a: Lapras\n|-damage|p1a: Lapras|252/367\n|move|p1a: Lapras|Freeze-Dry|p2a: Shaymin\n|-supereffective|p2a: Shaymin\n|-damage|p2a: Shaymin|0 fnt\n|faint|p2a: Shaymin\n|\n|upkeep\n|\n|t:|1781437167\n|switch|p2a: Bruxish|Bruxish, L85, F|102/254\n|turn|22\n|\n|t:|1781437169\n|move|p2a: Bruxish|Psychic Fangs|p1a: Lapras\n|-damage|p1a: Lapras|21/367\n|move|p1a: Lapras|Freeze-Dry|p2a: Bruxish\n|-supereffective|p2a: Bruxish\n|-damage|p2a: Bruxish|0 fnt\n|faint|p2a: Bruxish\n|\n|win|boulette de veau\n", "inputlog": ">version a8376a258c1d4662feba110a92103f3664a72141\n>start {\"formatid\":\"gen9randombattle\",\"seed\":\"sodium,866162b0260be998c7ff10523f2834d3\",\"rated\":\"Rated battle\"}\n>player p1 {\"name\":\"boulette de veau\",\"avatar\":\"265\",\"rating\":1927,\"seed\":\"sodium,371930b9cc6eb5a960892447a6f57ae8\"}\n>player p2 {\"name\":\"johnjuiceadams\",\"avatar\":\"266\",\"rating\":1922,\"seed\":\"sodium,7d090990b30d1b3035292b6de948c04b\"}\n>p1 switch 5\n>p2 move wavecrash\n>p1 move hydropump\n>p2 switch 6\n>p1 switch 2\n>p2 move discharge\n>p1 switch 4\n>p2 move discharge\n>p1 move earthquake\n>p2 switch 2\n>p1 move earthquake\n>p2 move protect\n>p1 move earthquake\n>p2 move wish\n>p1 move swordsdance\n>p2 move protect\n>p1 move earthquake\n>p2 move psychicnoise\n>p2 switch 6\n>p1 switch 2\n>p2 move aquajet\n>p1 switch 2\n>p2 switch 2\n>p1 move earthquake\n>p2 move dazzlinggleam terastallize\n>p1 move earthquake\n>p2 move dazzlinggleam\n>p2 switch 2\n>p1 move earthquake\n>p2 move psychicfangs\n>p1 switch 6\n>p1 move thunderbolt\n>p2 switch 4\n>p1 switch 4\n>p2 move knockoff\n>p1 move sludgewave\n>p2 move ivycudgel\n>p2 switch 4\n>p1 move uturn\n>p2 move aquajet\n>p1 switch 2\n>p1 move freezedry\n>p2 switch 3\n>p1 move freezedry\n>p2 move stickyweb\n>p2 switch 5\n>p1 move freezedry terastallize\n>p2 move seedflare\n>p2 switch 3\n>p1 move freezedry\n>p2 move psychicfangs", "uploadtime": 1781436880, "views": 5, "formatid": "gen9randombattle", "rating": null, "private": 0, "password": null}