{"id": "gen9randombattle-2632000792", "format": "[Gen 9] Random Battle", "players": ["Zabalilla", "staraptor854"], "log": "|j|\u2606Zabalilla\n|j|\u2606staraptor854\n|t:|1781464573\n|gametype|singles\n|player|p1|Zabalilla|101|2001\n|player|p2|staraptor854|hugh|2047\n|gen|9\n|tier|[Gen 9] Random Battle\n|rated|\n|rule|Species Clause: Limit one of each Pok\u00e9mon\n|rule|HP Percentage Mod: HP is shown in percentages\n|rule|Sleep Clause Mod: Limit one foe put to sleep\n|rule|Illusion Level Mod: Illusion disguises the Pok\u00e9mon's true level\n|\n|t:|1781464573\n|teamsize|p1|6\n|teamsize|p2|6\n|start\n|switch|p1a: Hypno|Hypno, L95, M|315/315\n|switch|p2a: Dunsparce|Dunsparce, L86, M|312/312\n|turn|1\n|inactive|Battle timer is ON: inactive players will automatically lose when time's up. (requested by staraptor854)\n|\n|t:|1781464590\n|move|p1a: Hypno|Toxic|p2a: Dunsparce\n|-status|p2a: Dunsparce|tox\n|move|p2a: Dunsparce|Body Slam|p1a: Hypno\n|-damage|p1a: Hypno|240/315\n|\n|-heal|p1a: Hypno|259/315|[from] item: Leftovers\n|-damage|p2a: Dunsparce|293/312 tox|[from] psn\n|upkeep\n|turn|2\n|\n|t:|1781464595\n|move|p1a: Hypno|Protect|p1a: Hypno\n|-singleturn|p1a: Hypno|Protect\n|move|p2a: Dunsparce|Body Slam|p1a: Hypno\n|-activate|p1a: Hypno|move: Protect\n|\n|-heal|p1a: Hypno|278/315|[from] item: Leftovers\n|-damage|p2a: Dunsparce|255/312 tox|[from] psn\n|upkeep\n|turn|3\n|\n|t:|1781464598\n|switch|p1a: Zapdos|Zapdos, L78|268/268\n|move|p2a: Dunsparce|Body Slam|p1a: Zapdos\n|-damage|p1a: Zapdos|183/268\n|\n|-damage|p2a: Dunsparce|198/312 tox|[from] psn\n|upkeep\n|turn|4\n|\n|t:|1781464607\n|switch|p2a: Entei|Entei, L78|307/307\n|move|p1a: Zapdos|Hurricane|p2a: Entei\n|-damage|p2a: Entei|160/307\n|-start|p2a: Entei|confusion\n|\n|upkeep\n|turn|5\n|\n|t:|1781464614\n|move|p1a: Zapdos|Discharge|p2a: Entei\n|-damage|p2a: Entei|58/307\n|-status|p2a: Entei|par\n|-activate|p2a: Entei|confusion\n|move|p2a: Entei|Sacred Fire|p1a: Zapdos\n|-damage|p1a: Zapdos|21/268\n|-status|p1a: Zapdos|brn\n|\n|-damage|p1a: Zapdos|5/268 brn|[from] brn\n|upkeep\n|turn|6\n|\n|t:|1781464621\n|move|p1a: Zapdos|Roost|p1a: Zapdos\n|-heal|p1a: Zapdos|139/268 brn\n|-singleturn|p1a: Zapdos|move: Roost\n|-activate|p2a: Entei|confusion\n|cant|p2a: Entei|par\n|\n|-damage|p1a: Zapdos|123/268 brn|[from] brn\n|upkeep\n|turn|7\n|\n|t:|1781464627\n|move|p1a: Zapdos|Discharge|p2a: Entei\n|-damage|p2a: Entei|0 fnt\n|faint|p2a: Entei\n|\n|-damage|p1a: Zapdos|107/268 brn|[from] brn\n|upkeep\n|\n|t:|1781464639\n|switch|p2a: Polteageist|Polteageist-Antique, L78|222/222\n|turn|8\n|\n|t:|1781464642\n|move|p1a: Zapdos|Discharge|p2a: Polteageist\n|-damage|p2a: Polteageist|135/222\n|move|p2a: Polteageist|Shell Smash|p2a: Polteageist\n|-unboost|p2a: Polteageist|def|1\n|-unboost|p2a: Polteageist|spd|1\n|-boost|p2a: Polteageist|atk|2\n|-boost|p2a: Polteageist|spa|2\n|-boost|p2a: Polteageist|spe|2\n|-enditem|p2a: Polteageist|White Herb\n|-clearnegativeboost|p2a: Polteageist|[silent]\n|\n|-damage|p1a: Zapdos|91/268 brn|[from] brn\n|upkeep\n|turn|9\n|\n|t:|1781464645\n|move|p2a: Polteageist|Shadow Ball|p1a: Zapdos\n|-damage|p1a: Zapdos|0 fnt\n|faint|p1a: Zapdos\n|\n|upkeep\n|\n|t:|1781464649\n|switch|p1a: Hypno|Hypno, L95, M|278/315\n|turn|10\n|\n|t:|1781464652\n|-terastallize|p1a: Hypno|Dark\n|move|p2a: Polteageist|Shadow Ball|p1a: Hypno\n|-resisted|p1a: Hypno\n|-damage|p1a: Hypno|203/315\n|move|p1a: Hypno|Toxic|p2a: Polteageist\n|-status|p2a: Polteageist|tox\n|\n|-heal|p1a: Hypno|222/315|[from] item: Leftovers\n|-damage|p2a: Polteageist|122/222 tox|[from] psn\n|upkeep\n|turn|11\n|\n|t:|1781464659\n|move|p1a: Hypno|Protect|p1a: Hypno\n|-singleturn|p1a: Hypno|Protect\n|move|p2a: Polteageist|Shell Smash|p2a: Polteageist\n|-unboost|p2a: Polteageist|def|1\n|-unboost|p2a: Polteageist|spd|1\n|-boost|p2a: Polteageist|atk|2\n|-boost|p2a: Polteageist|spa|2\n|-boost|p2a: Polteageist|spe|2\n|\n|-heal|p1a: Hypno|241/315|[from] item: Leftovers\n|-damage|p2a: Polteageist|96/222 tox|[from] psn\n|upkeep\n|turn|12\n|\n|t:|1781464665\n|-terastallize|p2a: Polteageist|Fighting\n|move|p1a: Hypno|Protect||[still]\n|-fail|p1a: Hypno\n|move|p2a: Polteageist|Tera Blast|p1a: Hypno|[anim] Tera Blast Fighting\n|-supereffective|p1a: Hypno\n|-damage|p1a: Hypno|0 fnt\n|faint|p1a: Hypno\n|\n|-damage|p2a: Polteageist|57/222 tox|[from] psn\n|upkeep\n|inactive|Zabalilla has 120 seconds left.\n|\n|t:|1781464697\n|switch|p1a: Cloyster|Cloyster, L80, F|211/211\n|turn|13\n|\n|t:|1781464717\n|switch|p1a: Gholdengo|Gholdengo, L77|261/261\n|move|p2a: Polteageist|Tera Blast|p1a: Gholdengo|[anim] Tera Blast Fighting\n|-immune|p1a: Gholdengo\n|\n|-damage|p2a: Polteageist|5/222 tox|[from] psn\n|upkeep\n|turn|14\n|\n|t:|1781464727\n|move|p2a: Polteageist|Shadow Ball|p1a: Gholdengo\n|-supereffective|p1a: Gholdengo\n|-damage|p1a: Gholdengo|0 fnt\n|faint|p1a: Gholdengo\n|\n|-damage|p2a: Polteageist|0 fnt|[from] psn\n|faint|p2a: Polteageist\n|upkeep\n|\n|t:|1781464739\n|switch|p1a: Flamigo|Flamigo, L82, F|269/269\n|switch|p2a: Pelipper|Pelipper, L86, F|243/243\n|-weather|RainDance|[from] ability: Drizzle|[of] p2a: Pelipper\n|turn|15\n|\n|t:|1781464743\n|move|p1a: Flamigo|Brave Bird|p2a: Pelipper\n|-damage|p2a: Pelipper|74/243\n|-damage|p1a: Flamigo|213/269|[from] Recoil\n|move|p2a: Pelipper|Hurricane|p1a: Flamigo\n|-supereffective|p1a: Flamigo\n|-damage|p1a: Flamigo|0 fnt\n|faint|p1a: Flamigo\n|\n|-weather|RainDance|[upkeep]\n|upkeep\n|\n|t:|1781464746\n|switch|p1a: Meowstic|Meowstic-F, L89, F|277/277\n|turn|16\n|\n|t:|1781464749\n|switch|p2a: Gogoat|Gogoat, L88, M|360/360\n|move|p1a: Meowstic|Thunderbolt|p2a: Gogoat\n|-resisted|p2a: Gogoat\n|-damage|p2a: Gogoat|318/360\n|-damage|p1a: Meowstic|250/277|[from] item: Life Orb\n|\n|-weather|RainDance|[upkeep]\n|-heal|p2a: Gogoat|340/360|[from] item: Leftovers\n|upkeep\n|turn|17\n|\n|t:|1781464757\n|move|p1a: Meowstic|Nasty Plot|p1a: Meowstic\n|-boost|p1a: Meowstic|spa|2\n|move|p2a: Gogoat|Bulk Up|p2a: Gogoat\n|-boost|p2a: Gogoat|atk|1\n|-boost|p2a: Gogoat|def|1\n|\n|-weather|RainDance|[upkeep]\n|-heal|p2a: Gogoat|360/360|[from] item: Leftovers\n|upkeep\n|turn|18\n|\n|t:|1781464762\n|move|p1a: Meowstic|Alluring Voice|p2a: Gogoat\n|-damage|p2a: Gogoat|203/360\n|-damage|p1a: Meowstic|223/277|[from] item: Life Orb\n|move|p2a: Gogoat|Horn Leech|p1a: Meowstic\n|-damage|p1a: Meowstic|72/277\n|-heal|p2a: Gogoat|279/360|[from] drain|[of] p1a: Meowstic\n|\n|-weather|RainDance|[upkeep]\n|-heal|p2a: Gogoat|301/360|[from] item: Leftovers\n|upkeep\n|turn|19\n|\n|t:|1781464767\n|move|p1a: Meowstic|Alluring Voice|p2a: Gogoat\n|-damage|p2a: Gogoat|150/360\n|-damage|p1a: Meowstic|45/277|[from] item: Life Orb\n|move|p2a: Gogoat|Horn Leech|p1a: Meowstic\n|-damage|p1a: Meowstic|0 fnt\n|-heal|p2a: Gogoat|173/360|[from] drain|[of] p1a: Meowstic\n|faint|p1a: Meowstic\n|\n|-weather|none\n|-heal|p2a: Gogoat|195/360|[from] item: Leftovers\n|upkeep\n|\n|t:|1781464769\n|switch|p1a: Cloyster|Cloyster, L80, F|211/211\n|turn|20\n|\n|t:|1781464785\n|move|p2a: Gogoat|Horn Leech|p1a: Cloyster\n|-supereffective|p1a: Cloyster\n|-damage|p1a: Cloyster|65/211\n|-heal|p2a: Gogoat|268/360|[from] drain|[of] p1a: Cloyster\n|move|p1a: Cloyster|Shell Smash|p1a: Cloyster\n|-unboost|p1a: Cloyster|def|1\n|-unboost|p1a: Cloyster|spd|1\n|-boost|p1a: Cloyster|atk|2\n|-boost|p1a: Cloyster|spa|2\n|-boost|p1a: Cloyster|spe|2\n|-enditem|p1a: Cloyster|White Herb\n|-clearnegativeboost|p1a: Cloyster|[silent]\n|\n|-heal|p2a: Gogoat|290/360|[from] item: Leftovers\n|upkeep\n|turn|21\n|\n|t:|1781464789\n|move|p1a: Cloyster|Icicle Spear|p2a: Gogoat\n|-supereffective|p2a: Gogoat\n|-damage|p2a: Gogoat|216/360\n|-supereffective|p2a: Gogoat\n|-damage|p2a: Gogoat|136/360\n|-supereffective|p2a: Gogoat\n|-damage|p2a: Gogoat|58/360\n|-supereffective|p2a: Gogoat\n|-damage|p2a: Gogoat|0 fnt\n|faint|p2a: Gogoat\n|-hitcount|p2: Gogoat|4\n|\n|upkeep\n|\n|t:|1781464794\n|switch|p2a: Barraskewda|Barraskewda, L81, F|231/231\n|turn|22\n|\n|t:|1781464797\n|move|p1a: Cloyster|Rock Blast|p2a: Barraskewda\n|-damage|p2a: Barraskewda|191/231\n|-damage|p2a: Barraskewda|150/231\n|-damage|p2a: Barraskewda|107/231\n|-damage|p2a: Barraskewda|64/231\n|-damage|p2a: Barraskewda|17/231\n|-hitcount|p2a: Barraskewda|5\n|move|p2a: Barraskewda|Close Combat|p1a: Cloyster\n|-supereffective|p1a: Cloyster\n|-damage|p1a: Cloyster|0 fnt\n|-unboost|p2a: Barraskewda|def|1\n|-unboost|p2a: Barraskewda|spd|1\n|faint|p1a: Cloyster\n|\n|win|staraptor854\n", "inputlog": ">version a8376a258c1d4662feba110a92103f3664a72141\n>start {\"formatid\":\"gen9randombattle\",\"seed\":\"sodium,e1472c2d79cb025fb4a4358597ead309\",\"rated\":\"Rated battle\"}\n>player p1 {\"name\":\"Zabalilla\",\"avatar\":\"101\",\"rating\":2001,\"seed\":\"sodium,ec49378e416752f7422eee973d401888\"}\n>player p2 {\"name\":\"staraptor854\",\"avatar\":\"hugh\",\"rating\":2047,\"seed\":\"sodium,9cc5fdb601e40719c9277cd76b83f72b\"}\n>p1 move toxic\n>p2 move bodyslam\n>p1 move protect\n>p2 move bodyslam\n>p1 switch 2\n>p2 move bodyslam\n>p1 move hurricane\n>p2 switch 5\n>p1 move discharge\n>p2 move sacredfire\n>p1 move roost\n>p2 move sacredfire\n>p1 move discharge\n>p2 move sacredfire\n>p2 switch 3\n>p1 move discharge\n>p2 move shellsmash\n>p1 move discharge\n>p2 move shadowball\n>p1 switch 2\n>p1 move toxic terastallize\n>p2 move shadowball\n>p1 move protect\n>p2 move shellsmash\n>p1 move protect\n>p2 move terablast terastallize\n>p1 switch 5\n>p1 switch 3\n>p2 move terablast\n>p1 move shadowball\n>p2 move shadowball\n>p1 switch 6\n>p2 switch 2\n>p1 move bravebird\n>p2 move hurricane\n>p1 switch 4\n>p1 move thunderbolt\n>p2 switch 6\n>p1 move nastyplot\n>p2 move bulkup\n>p1 move alluringvoice\n>p2 move hornleech\n>p1 move alluringvoice\n>p2 move hornleech\n>p1 switch 3\n>p1 move shellsmash\n>p2 move hornleech\n>p1 move iciclespear\n>p2 move hornleech\n>p2 switch 4\n>p1 move rockblast\n>p2 move closecombat", "uploadtime": 1781464574, "views": 8, "formatid": "gen9randombattle", "rating": null, "private": 0, "password": null}