{"id": "gen9randombattle-2631905835", "format": "[Gen 9] Random Battle", "players": ["thatdankcharizard", "Green Calf"], "log": "|j|\u2606thatdankcharizard\n|j|\u2606Green Calf\n|t:|1781454182\n|gametype|singles\n|player|p1|thatdankcharizard|266|2054\n|player|p2|Green Calf|2|2023\n|gen|9\n|tier|[Gen 9] Random Battle\n|rated|\n|rule|Species Clause: Limit one of each Pok\u00e9mon\n|rule|HP Percentage Mod: HP is shown in percentages\n|rule|Sleep Clause Mod: Limit one foe put to sleep\n|rule|Illusion Level Mod: Illusion disguises the Pok\u00e9mon's true level\n|\n|t:|1781454182\n|teamsize|p1|6\n|teamsize|p2|6\n|start\n|switch|p1a: Kyurem|Kyurem-White, L73|303/303\n|switch|p2a: Hawlucha|Hawlucha, L80, M|256/256\n|-ability|p1a: Kyurem|Turboblaze\n|turn|1\n|inactive|Battle timer is ON: inactive players will automatically lose when time's up. (requested by thatdankcharizard)\n|\n|t:|1781454195\n|switch|p2a: Dunsparce|Dunsparce, L86, F|312/312\n|move|p1a: Kyurem|Ice Beam|p2a: Dunsparce\n|-damage|p2a: Dunsparce|209/312\n|\n|upkeep\n|turn|2\n|inactive|thatdankcharizard has 120 seconds left.\n|j| littlebigplanet 4\n|inactive|thatdankcharizard has 90 seconds left.\n|\n|t:|1781454256\n|move|p1a: Kyurem|Ice Beam|p2a: Dunsparce\n|-damage|p2a: Dunsparce|121/312\n|-status|p2a: Dunsparce|frz\n|cant|p2a: Dunsparce|frz\n|\n|upkeep\n|turn|3\n|\n|t:|1781454260\n|move|p1a: Kyurem|Ice Beam|p2a: Dunsparce\n|-damage|p2a: Dunsparce|30/312 frz\n|cant|p2a: Dunsparce|frz\n|\n|upkeep\n|turn|4\n|\n|t:|1781454262\n|move|p1a: Kyurem|Ice Beam|p2a: Dunsparce\n|-damage|p2a: Dunsparce|0 fnt\n|faint|p2a: Dunsparce\n|\n|upkeep\n|\n|t:|1781454266\n|switch|p2a: Feraligatr|Feraligatr, L79, M|264/264\n|turn|5\n|inactive|thatdankcharizard has 120 seconds left.\n|\n|t:|1781454286\n|switch|p1a: Electivire|Electivire, L84, F|263/263\n|move|p2a: Feraligatr|Dragon Dance|p2a: Feraligatr\n|-boost|p2a: Feraligatr|atk|1\n|-boost|p2a: Feraligatr|spe|1\n|\n|upkeep\n|turn|6\n|\n|t:|1781454295\n|-terastallize|p2a: Feraligatr|Dragon\n|move|p2a: Feraligatr|Dragon Dance|p2a: Feraligatr\n|-boost|p2a: Feraligatr|atk|1\n|-boost|p2a: Feraligatr|spe|1\n|move|p1a: Electivire|Supercell Slam|p2a: Feraligatr\n|-resisted|p2a: Feraligatr\n|-damage|p2a: Feraligatr|182/264\n|-damage|p1a: Electivire|237/263|[from] item: Life Orb\n|\n|upkeep\n|turn|7\n|inactive|thatdankcharizard has 120 seconds left.\n|\n|t:|1781454301\n|move|p2a: Feraligatr|Liquidation|p1a: Electivire\n|-damage|p1a: Electivire|0 fnt\n|faint|p1a: Electivire\n|\n|upkeep\n|inactive|thatdankcharizard has 120 seconds left.\n|\n|t:|1781454311\n|switch|p1a: Reshiram|Reshiram, L76|277/277\n|-ability|p1a: Reshiram|Turboblaze\n|turn|8\n|inactive|thatdankcharizard has 120 seconds left.\n|\n|t:|1781454318\n|move|p2a: Feraligatr|Ice Punch|p1a: Reshiram\n|-damage|p1a: Reshiram|107/277\n|move|p1a: Reshiram|Outrage|p2a: Feraligatr\n|-supereffective|p2a: Feraligatr\n|-damage|p2a: Feraligatr|0 fnt\n|faint|p2a: Feraligatr\n|\n|upkeep\n|\n|t:|1781454323\n|switch|p2a: Espeon|Espeon, L84, F|246/246\n|turn|9\n|inactive|thatdankcharizard has 120 seconds left.\n|\n|t:|1781454343\n|move|p2a: Espeon|Psychic|p1a: Reshiram\n|-damage|p1a: Reshiram|0 fnt\n|faint|p1a: Reshiram\n|-damage|p2a: Espeon|222/246|[from] item: Life Orb\n|\n|upkeep\n|\n|t:|1781454350\n|switch|p1a: Magmortar|Magmortar, L88, F|275/275\n|turn|10\n|\n|t:|1781454354\n|switch|p2a: Talonflame|Talonflame, L83, M|265/265\n|move|p1a: Magmortar|Fire Blast|p2a: Talonflame\n|-resisted|p2a: Talonflame\n|-damage|p2a: Talonflame|176/265\n|\n|upkeep\n|turn|11\n|inactive|thatdankcharizard has 120 seconds left.\n|\n|t:|1781454385\n|move|p2a: Talonflame|Brave Bird|p1a: Magmortar\n|-damage|p1a: Magmortar|139/275\n|-damage|p2a: Talonflame|131/265|[from] Recoil\n|move|p1a: Magmortar|Thunderbolt|p2a: Talonflame\n|-supereffective|p2a: Talonflame\n|-damage|p2a: Talonflame|0 fnt\n|faint|p2a: Talonflame\n|\n|upkeep\n|\n|t:|1781454394\n|switch|p2a: Espeon|Espeon, L84, F|222/246\n|turn|12\n|\n|t:|1781454412\n|move|p2a: Espeon|Psychic|p1a: Magmortar\n|-damage|p1a: Magmortar|1/275\n|-damage|p2a: Espeon|198/246|[from] item: Life Orb\n|move|p1a: Magmortar|Fire Blast|p2a: Espeon|[miss]\n|-miss|p1a: Magmortar|p2a: Espeon\n|\n|upkeep\n|turn|13\n|\n|t:|1781454421\n|move|p2a: Espeon|Alluring Voice|p1a: Magmortar\n|-resisted|p1a: Magmortar\n|-damage|p1a: Magmortar|0 fnt\n|faint|p1a: Magmortar\n|-damage|p2a: Espeon|174/246|[from] item: Life Orb\n|\n|upkeep\n|\n|t:|1781454440\n|switch|p1a: Deoxys|Deoxys-Attack, L72|191/191\n|-ability|p1a: Deoxys|Pressure\n|turn|14\n|\n|t:|1781454449\n|switch|p2a: Hawlucha|Hawlucha, L80, M|256/256\n|move|p1a: Deoxys|Knock Off|p2a: Hawlucha\n|-resisted|p2a: Hawlucha\n|-damage|p2a: Hawlucha|188/256\n|-enditem|p2a: Hawlucha|White Herb|[from] move: Knock Off|[of] p1a: Deoxys\n|-damage|p1a: Deoxys|172/191|[from] item: Life Orb\n|\n|upkeep\n|turn|15\n|inactive|thatdankcharizard has 120 seconds left.\n|\n|t:|1781454462\n|move|p2a: Hawlucha|Acrobatics|p1a: Deoxys\n|-damage|p1a: Deoxys|0 fnt\n|faint|p1a: Deoxys\n|\n|upkeep\n|\n|t:|1781454466\n|switch|p1a: Kyurem|Kyurem-White, L73|303/303\n|-ability|p1a: Kyurem|Turboblaze\n|turn|16\n|\n|t:|1781454473\n|move|p2a: Hawlucha|Close Combat|p1a: Kyurem\n|-supereffective|p1a: Kyurem\n|-damage|p1a: Kyurem|49/303\n|-unboost|p2a: Hawlucha|def|1\n|-unboost|p2a: Hawlucha|spd|1\n|move|p1a: Kyurem|Ice Beam|p2a: Hawlucha\n|-supereffective|p2a: Hawlucha\n|-damage|p2a: Hawlucha|0 fnt\n|faint|p2a: Hawlucha\n|\n|upkeep\n|\n|t:|1781454477\n|switch|p2a: Espeon|Espeon, L84, F|174/246\n|turn|17\n|\n|t:|1781454491\n|move|p1a: Kyurem|Ice Beam|p2a: Espeon\n|-crit|p2a: Espeon\n|-damage|p2a: Espeon|20/246\n|move|p2a: Espeon|Alluring Voice|p1a: Kyurem\n|-supereffective|p1a: Kyurem\n|-damage|p1a: Kyurem|0 fnt\n|faint|p1a: Kyurem\n|-damage|p2a: Espeon|0 fnt|[from] item: Life Orb\n|faint|p2a: Espeon\n|\n|upkeep\n|\n|t:|1781454500\n|switch|p2a: Arboliva|Arboliva, L91, M|290/290\n|switch|p1a: Maushold|Maushold, L76|238/238\n|turn|18\n|\n|t:|1781454506\n|-terastallize|p1a: Maushold|Normal\n|move|p1a: Maushold|Population Bomb|p2a: Arboliva\n|-damage|p2a: Arboliva|260/290\n|-fieldstart|move: Grassy Terrain|[from] ability: Seed Sower|[of] p2a: Arboliva\n|-damage|p2a: Arboliva|230/290\n|-damage|p2a: Arboliva|198/290\n|-damage|p2a: Arboliva|172/290\n|-damage|p2a: Arboliva|142/290\n|-damage|p2a: Arboliva|110/290\n|-damage|p2a: Arboliva|80/290\n|-damage|p2a: Arboliva|54/290\n|-damage|p2a: Arboliva|24/290\n|-damage|p2a: Arboliva|0 fnt\n|faint|p2a: Arboliva\n|-hitcount|p2: Arboliva|10\n|\n|win|thatdankcharizard\n", "uploadtime": 1781454183, "views": 3, "formatid": "gen9randombattle", "rating": null, "private": 0, "password": null}