{"id": "gen9randombattle-2632005001", "format": "[Gen 9] Random Battle", "players": ["rockleehonourable", "firetoilegoat"], "log": "|j|\u2606rockleehonourable\n|j|\u2606firetoilegoat\n|t:|1781465036\n|gametype|singles\n|player|p1|rockleehonourable|102|1165\n|player|p2|firetoilegoat|101|1187\n|gen|9\n|tier|[Gen 9] Random Battle\n|rated|\n|rule|Species Clause: Limit one of each Pok\u00e9mon\n|rule|HP Percentage Mod: HP is shown in percentages\n|rule|Sleep Clause Mod: Limit one foe put to sleep\n|rule|Illusion Level Mod: Illusion disguises the Pok\u00e9mon's true level\n|\n|t:|1781465036\n|teamsize|p1|6\n|teamsize|p2|6\n|start\n|switch|p1a: Kyogre|Kyogre, L71|259/259\n|switch|p2a: Venomoth|Venomoth, L84, F|255/255\n|-weather|RainDance|[from] ability: Drizzle|[of] p1a: Kyogre\n|turn|1\n|\n|t:|1781465072\n|move|p2a: Venomoth|Sleep Powder|p1a: Kyogre\n|-status|p1a: Kyogre|slp|[from] move: Sleep Powder\n|cant|p1a: Kyogre|slp\n|\n|-weather|RainDance|[upkeep]\n|upkeep\n|turn|2\n|\n|t:|1781465075\n|switch|p1a: Arcanine|Arcanine, L84, F|288/288\n|-ability|p1a: Arcanine|Intimidate|boost\n|-unboost|p2a: Venomoth|atk|1\n|move|p2a: Venomoth|Quiver Dance|p2a: Venomoth\n|-boost|p2a: Venomoth|spa|1\n|-boost|p2a: Venomoth|spd|1\n|-boost|p2a: Venomoth|spe|1\n|\n|-weather|RainDance|[upkeep]\n|upkeep\n|turn|3\n|\n|t:|1781465085\n|move|p2a: Venomoth|Sludge Wave|p1a: Arcanine\n|-damage|p1a: Arcanine|138/288\n|move|p1a: Arcanine|Will-O-Wisp|p2a: Venomoth\n|-status|p2a: Venomoth|brn\n|\n|-weather|RainDance|[upkeep]\n|-damage|p2a: Venomoth|240/255 brn|[from] brn\n|upkeep\n|turn|4\n|\n|t:|1781465095\n|move|p2a: Venomoth|Sludge Wave|p1a: Arcanine\n|-damage|p1a: Arcanine|0 fnt\n|faint|p1a: Arcanine\n|\n|-weather|RainDance|[upkeep]\n|-damage|p2a: Venomoth|225/255 brn|[from] brn\n|upkeep\n|\n|t:|1781465099\n|switch|p1a: Furret|Furret, L94, F|312/312\n|-item|p2a: Venomoth|Heavy-Duty Boots|[from] ability: Frisk|[of] p1a: Furret\n|turn|5\n|\n|t:|1781465106\n|move|p2a: Venomoth|Sludge Wave|p1a: Furret\n|-damage|p1a: Furret|126/312\n|move|p1a: Furret|Trick|p2a: Venomoth\n|-activate|p1a: Furret|move: Trick|[of] p2a: Venomoth\n|-item|p2a: Venomoth|Choice Band|[from] move: Trick\n|-item|p1a: Furret|Heavy-Duty Boots|[from] move: Trick\n|\n|-weather|none\n|-damage|p2a: Venomoth|210/255 brn|[from] brn\n|upkeep\n|turn|6\n|\n|t:|1781465118\n|move|p2a: Venomoth|Sludge Wave|p1a: Furret\n|-damage|p1a: Furret|0 fnt\n|faint|p1a: Furret\n|\n|-damage|p2a: Venomoth|195/255 brn|[from] brn\n|upkeep\n|\n|t:|1781465125\n|switch|p1a: Koraidon|Koraidon, L64|235/235\n|-weather|SunnyDay|[from] ability: Orichalcum Pulse|[of] p1a: Koraidon\n|-activate|p1a: Koraidon|Orichalcum Pulse|[source]\n|turn|7\n|\n|t:|1781465128\n|move|p2a: Venomoth|Sludge Wave|p1a: Koraidon\n|-damage|p1a: Koraidon|79/235\n|move|p1a: Koraidon|Swords Dance|p1a: Koraidon\n|-boost|p1a: Koraidon|atk|2\n|\n|-weather|SunnyDay|[upkeep]\n|-damage|p2a: Venomoth|180/255 brn|[from] brn\n|upkeep\n|turn|8\n|\n|t:|1781465134\n|move|p2a: Venomoth|Sludge Wave|p1a: Koraidon\n|-damage|p1a: Koraidon|0 fnt\n|faint|p1a: Koraidon\n|\n|-weather|SunnyDay|[upkeep]\n|-damage|p2a: Venomoth|165/255 brn|[from] brn\n|upkeep\n|\n|t:|1781465136\n|switch|p1a: Kyogre|Kyogre, L71|259/259 slp\n|-weather|RainDance|[from] ability: Drizzle|[of] p1a: Kyogre\n|turn|9\n|\n|t:|1781465140\n|move|p2a: Venomoth|Sludge Wave|p1a: Kyogre\n|-damage|p1a: Kyogre|142/259 slp\n|cant|p1a: Kyogre|slp\n|\n|-weather|RainDance|[upkeep]\n|-heal|p1a: Kyogre|158/259 slp|[from] item: Leftovers\n|-damage|p2a: Venomoth|150/255 brn|[from] brn\n|upkeep\n|turn|10\n|\n|t:|1781465144\n|move|p2a: Venomoth|Sludge Wave|p1a: Kyogre\n|-damage|p1a: Kyogre|37/259 slp\n|-curestatus|p1a: Kyogre|slp|[msg]\n|move|p1a: Kyogre|Thunder|p2a: Venomoth\n|-damage|p2a: Venomoth|94/255 brn\n|\n|-weather|RainDance|[upkeep]\n|-heal|p1a: Kyogre|53/259|[from] item: Leftovers\n|-damage|p2a: Venomoth|79/255 brn|[from] brn\n|upkeep\n|turn|11\n|\n|t:|1781465147\n|move|p2a: Venomoth|Sludge Wave|p1a: Kyogre\n|-damage|p1a: Kyogre|0 fnt\n|faint|p1a: Kyogre\n|\n|-weather|RainDance|[upkeep]\n|-damage|p2a: Venomoth|64/255 brn|[from] brn\n|upkeep\n|\n|t:|1781465150\n|switch|p1a: Enamorus|Enamorus-Therian, L83, F|259/259\n|turn|12\n|\n|t:|1781465153\n|move|p2a: Venomoth|Sludge Wave|p1a: Enamorus\n|-supereffective|p1a: Enamorus\n|-damage|p1a: Enamorus|83/259\n|move|p1a: Enamorus|Mystical Fire|p2a: Venomoth\n|-supereffective|p2a: Venomoth\n|-damage|p2a: Venomoth|16/255 brn\n|-unboost|p2a: Venomoth|spa|1\n|\n|-weather|RainDance|[upkeep]\n|-damage|p2a: Venomoth|1/255 brn|[from] brn\n|upkeep\n|turn|13\n|\n|t:|1781465158\n|move|p2a: Venomoth|Sludge Wave|p1a: Enamorus\n|-supereffective|p1a: Enamorus\n|-damage|p1a: Enamorus|0 fnt\n|faint|p1a: Enamorus\n|\n|-weather|none\n|-damage|p2a: Venomoth|0 fnt|[from] brn\n|faint|p2a: Venomoth\n|upkeep\n|\n|t:|1781465170\n|switch|p2a: Groudon|Groudon, L72|263/263\n|switch|p1a: Regidrago|Regidrago, L77|435/435\n|-weather|SunnyDay|[from] ability: Drought|[of] p2a: Groudon\n|turn|14\n|c|\u2606rockleehonourable|so fucking stupid\n|\n|t:|1781465177\n|switch|p2a: Kyurem|Kyurem-Black, L71|295/295\n|-ability|p2a: Kyurem|Teravolt\n|-terastallize|p1a: Regidrago|Dragon\n|move|p1a: Regidrago|Dragon Energy|p2a: Kyurem\n|-supereffective|p2a: Kyurem\n|-damage|p2a: Kyurem|0 fnt\n|faint|p2a: Kyurem\n|\n|-weather|SunnyDay|[upkeep]\n|upkeep\n|inactive|Battle timer is ON: inactive players will automatically lose when time's up. (requested by rockleehonourable)\n|\n|t:|1781465186\n|switch|p2a: Kommo-o|Kommo-o, L78, M|245/245\n|turn|15\n|\n|t:|1781465191\n|move|p1a: Regidrago|Dragon Energy|p2a: Kommo-o\n|-supereffective|p2a: Kommo-o\n|-damage|p2a: Kommo-o|0 fnt\n|faint|p2a: Kommo-o\n|\n|-weather|SunnyDay|[upkeep]\n|upkeep\n|\n|t:|1781465197\n|switch|p2a: Deoxys|Deoxys, L74|196/196\n|-ability|p2a: Deoxys|Pressure\n|turn|16\n|\n|t:|1781465204\n|move|p2a: Deoxys|Knock Off|p1a: Regidrago\n|-damage|p1a: Regidrago|288/435\n|-enditem|p1a: Regidrago|Choice Scarf|[from] move: Knock Off|[of] p2a: Deoxys\n|-damage|p2a: Deoxys|177/196|[from] item: Life Orb\n|move|p1a: Regidrago|Dragon Energy|p2a: Deoxys\n|-damage|p2a: Deoxys|0 fnt\n|faint|p2a: Deoxys\n|\n|-weather|SunnyDay|[upkeep]\n|upkeep\n|\n|t:|1781465209\n|switch|p2a: Gogoat|Gogoat, L88, F|360/360\n|turn|17\n|\n|t:|1781465215\n|move|p2a: Gogoat|Earthquake|p1a: Regidrago\n|-damage|p1a: Regidrago|168/435\n|move|p1a: Regidrago|Dragon Energy|p2a: Gogoat\n|-damage|p2a: Gogoat|244/360\n|\n|-weather|SunnyDay|[upkeep]\n|-heal|p2a: Gogoat|266/360|[from] item: Leftovers\n|upkeep\n|turn|18\n|\n|t:|1781465220\n|move|p2a: Gogoat|Earthquake|p1a: Regidrago\n|-damage|p1a: Regidrago|43/435\n|move|p1a: Regidrago|Outrage|p2a: Gogoat\n|-damage|p2a: Gogoat|0 fnt\n|faint|p2a: Gogoat\n|\n|-weather|none\n|upkeep\n|\n|t:|1781465223\n|switch|p2a: Groudon|Groudon, L72|263/263\n|-weather|SunnyDay|[from] ability: Drought|[of] p2a: Groudon\n|turn|19\n|\n|t:|1781465228\n|move|p2a: Groudon|Heat Crash|p1a: Regidrago\n|-resisted|p1a: Regidrago\n|-damage|p1a: Regidrago|0 fnt\n|faint|p1a: Regidrago\n|\n|win|firetoilegoat\n", "inputlog": ">version a8376a258c1d4662feba110a92103f3664a72141\n>start {\"formatid\":\"gen9randombattle\",\"seed\":\"sodium,99d46ca749848f97a7073c5ec78359c8\",\"rated\":\"Rated battle\"}\n>player p1 {\"name\":\"rockleehonourable\",\"avatar\":\"102\",\"rating\":1165,\"seed\":\"sodium,77daea57c31725203872be4fecab2b5c\"}\n>player p2 {\"name\":\"firetoilegoat\",\"avatar\":\"101\",\"rating\":1187,\"seed\":\"sodium,541448e997eab09980483d55169de76a\"}\n>p1 move calmmind\n>p2 move sleeppowder\n>p1 switch 2\n>p2 move quiverdance\n>p1 move willowisp\n>p2 move sludgewave\n>p1 move flareblitz\n>p2 move sludgewave\n>p1 switch 4\n>p1 move trick\n>p2 move sludgewave\n>p1 move doubleedge\n>p2 move sludgewave\n>p1 switch 3\n>p1 move swordsdance\n>p2 move sludgewave\n>p1 move scaleshot\n>p2 move sludgewave\n>p1 switch 2\n>p1 move thunder\n>p2 move sludgewave\n>p1 move thunder\n>p2 move sludgewave\n>p1 move thunder\n>p2 move sludgewave\n>p1 switch 5\n>p1 move mysticalfire\n>p2 move sludgewave\n>p1 move mysticalfire\n>p2 move sludgewave\n>p1 switch 6\n>p2 switch 6\n>chat \u2606rockleehonourable|so fucking stupid\n>p1 move dragonenergy terastallize\n>p2 switch 3\n>p2 switch 4\n>p1 move dragonenergy\n>p2 move swordsdance\n>p2 switch 2\n>p1 move dragonenergy\n>p2 move knockoff\n>p2 switch 5\n>p1 move dragonenergy\n>p2 move earthquake\n>p1 move outrage\n>p2 move earthquake\n>p2 switch 3\n>p1 move outrage\n>p2 move heatcrash", "uploadtime": 1781465171, "views": 6, "formatid": "gen9randombattle", "rating": null, "private": 0, "password": null}