{"id": "gen9randombattle-2631940128", "format": "[Gen 9] Random Battle", "players": ["Tomioka_Miko5647", "Dr.Werxzty"], "log": "|j|\u2606Tomioka_Miko5647\n|j|\u2606Dr.Werxzty\n|t:|1781457928\n|gametype|singles\n|player|p1|Tomioka_Miko5647|102|1422\n|player|p2|Dr.Werxzty|lance|1368\n|gen|9\n|tier|[Gen 9] Random Battle\n|rated|\n|rule|Species Clause: Limit one of each Pok\u00e9mon\n|rule|HP Percentage Mod: HP is shown in percentages\n|rule|Sleep Clause Mod: Limit one foe put to sleep\n|rule|Illusion Level Mod: Illusion disguises the Pok\u00e9mon's true level\n|\n|t:|1781457928\n|teamsize|p1|6\n|teamsize|p2|6\n|start\n|switch|p1a: Regieleki|Regieleki, L79|256/256\n|switch|p2a: Lumineon|Lumineon, L93, M|279/279\n|turn|1\n|inactive|Battle timer is ON: inactive players will automatically lose when time's up. (requested by Tomioka_Miko5647)\n|\n|t:|1781457968\n|switch|p2a: Rhyperior|Rhyperior, L82, F|323/323\n|move|p1a: Regieleki|Volt Switch|p2a: Rhyperior\n|-immune|p2a: Rhyperior\n|\n|upkeep\n|turn|2\n|\n|t:|1781457980\n|switch|p1a: Rillaboom|Rillaboom, L79, M|288/288\n|-fieldstart|move: Grassy Terrain|[from] ability: Grassy Surge|[of] p1a: Rillaboom\n|move|p2a: Rhyperior|Stone Edge|p1a: Rillaboom\n|-damage|p1a: Rillaboom|150/288\n|\n|-heal|p1a: Rillaboom|168/288|[from] Grassy Terrain\n|upkeep\n|turn|3\n|\n|t:|1781458009\n|switch|p2a: Tropius|Tropius, L91, F|328/328\n|move|p1a: Rillaboom|Wood Hammer|p2a: Tropius\n|-resisted|p2a: Tropius\n|-damage|p2a: Tropius|267/328\n|-damage|p1a: Rillaboom|148/288|[from] Recoil\n|\n|-heal|p1a: Rillaboom|166/288|[from] Grassy Terrain\n|upkeep\n|turn|4\n|inactive|Tomioka_Miko5647 has 120 seconds left.\n|\n|t:|1781458057\n|switch|p1a: Lapras|Lapras, L87, M|367/367\n|move|p2a: Tropius|Dragon Dance|p2a: Tropius\n|-boost|p2a: Tropius|atk|1\n|-boost|p2a: Tropius|spe|1\n|\n|upkeep\n|turn|5\n|inactive|Dr.Werxzty has 120 seconds left.\n|\n|t:|1781458083\n|-terastallize|p2a: Tropius|Ground\n|move|p2a: Tropius|Leaf Blade|p1a: Lapras\n|-supereffective|p1a: Lapras\n|-damage|p1a: Lapras|37/367\n|move|p1a: Lapras|Freeze-Dry|p2a: Tropius\n|-supereffective|p2a: Tropius\n|-damage|p2a: Tropius|57/328\n|-enditem|p2a: Tropius|Sitrus Berry|[eat]\n|-heal|p2a: Tropius|139/328|[from] item: Sitrus Berry\n|\n|-heal|p2a: Tropius|159/328|[from] Grassy Terrain\n|-heal|p1a: Lapras|59/367|[from] Grassy Terrain\n|upkeep\n|turn|6\n|\n|t:|1781458096\n|move|p2a: Tropius|Leaf Blade|p1a: Lapras\n|-supereffective|p1a: Lapras\n|-damage|p1a: Lapras|0 fnt\n|faint|p1a: Lapras\n|\n|-heal|p2a: Tropius|179/328|[from] Grassy Terrain\n|-fieldend|move: Grassy Terrain\n|upkeep\n|\n|t:|1781458106\n|switch|p1a: Regieleki|Regieleki, L79|256/256\n|turn|7\n|inactive|Dr.Werxzty has 120 seconds left.\n|\n|t:|1781458114\n|-terastallize|p1a: Regieleki|Ice\n|move|p1a: Regieleki|Tera Blast|p2a: Tropius|[anim] Tera Blast Ice\n|-supereffective|p2a: Tropius\n|-damage|p2a: Tropius|35/328\n|move|p2a: Tropius|Earthquake|p1a: Regieleki\n|-damage|p1a: Regieleki|46/256\n|\n|-item|p2a: Tropius|Sitrus Berry|[from] ability: Harvest\n|upkeep\n|-enditem|p2a: Tropius|Sitrus Berry|[eat]\n|-heal|p2a: Tropius|117/328|[from] item: Sitrus Berry\n|turn|8\n|inactive|Dr.Werxzty has 120 seconds left.\n|\n|t:|1781458150\n|switch|p2a: Lumineon|Lumineon, L93, M|279/279\n|move|p1a: Regieleki|Tera Blast|p2a: Lumineon|[anim] Tera Blast Ice\n|-resisted|p2a: Lumineon\n|-damage|p2a: Lumineon|244/279\n|\n|upkeep\n|turn|9\n|\n|t:|1781458162\n|switch|p2a: Rhyperior|Rhyperior, L82, F|323/323\n|move|p1a: Regieleki|Thunderbolt|p2a: Rhyperior\n|-immune|p2a: Rhyperior\n|\n|upkeep\n|turn|10\n|inactive|Dr.Werxzty has 90 seconds left.\n|\n|t:|1781458179\n|move|p1a: Regieleki|Tera Blast|p2a: Rhyperior|[anim] Tera Blast Ice\n|-supereffective|p2a: Rhyperior\n|-damage|p2a: Rhyperior|148/323\n|-enditem|p2a: Rhyperior|Weakness Policy\n|-boost|p2a: Rhyperior|atk|2|[from] item: Weakness Policy\n|-boost|p2a: Rhyperior|spa|2|[from] item: Weakness Policy\n|move|p2a: Rhyperior|Rock Polish|p2a: Rhyperior\n|-boost|p2a: Rhyperior|spe|2\n|\n|upkeep\n|turn|11\n|inactive|Dr.Werxzty has 90 seconds left.\n|\n|t:|1781458191\n|move|p1a: Regieleki|Tera Blast|p2a: Rhyperior|[anim] Tera Blast Ice\n|-supereffective|p2a: Rhyperior\n|-damage|p2a: Rhyperior|0 fnt\n|faint|p2a: Rhyperior\n|\n|upkeep\n|inactive|Dr.Werxzty has 90 seconds left.\n|\n|t:|1781458203\n|switch|p2a: Glastrier|Glastrier, L86|311/311\n|turn|12\n|inactive|Dr.Werxzty has 90 seconds left.\n|\n|t:|1781458221\n|move|p1a: Regieleki|Thunderbolt|p2a: Glastrier\n|-damage|p2a: Glastrier|199/311\n|move|p2a: Glastrier|Heavy Slam|p1a: Regieleki\n|-supereffective|p1a: Regieleki\n|-damage|p1a: Regieleki|0 fnt\n|faint|p1a: Regieleki\n|-ability|p2a: Glastrier|Chilling Neigh|boost\n|-boost|p2a: Glastrier|atk|1\n|\n|upkeep\n|\n|t:|1781458227\n|switch|p1a: Rillaboom|Rillaboom, L79, M|166/288\n|-fieldstart|move: Grassy Terrain|[from] ability: Grassy Surge|[of] p1a: Rillaboom\n|turn|13\n|\n|t:|1781458239\n|switch|p1a: Heatran|Heatran, L79, F|273/273\n|-item|p1a: Heatran|Air Balloon\n|move|p2a: Glastrier|Heavy Slam|p1a: Heatran\n|-resisted|p1a: Heatran\n|-damage|p1a: Heatran|251/273\n|-enditem|p1a: Heatran|Air Balloon\n|\n|-heal|p1a: Heatran|268/273|[from] Grassy Terrain\n|-heal|p2a: Glastrier|218/311|[from] Grassy Terrain\n|upkeep\n|turn|14\n|\n|t:|1781458263\n|switch|p2a: Tropius|Tropius, L91, F, tera:Ground|117/328\n|move|p1a: Heatran|Lava Plume|p2a: Tropius\n|-damage|p2a: Tropius|32/328\n|-status|p2a: Tropius|brn\n|\n|-heal|p1a: Heatran|273/273|[from] Grassy Terrain\n|-heal|p2a: Tropius|52/328 brn|[from] Grassy Terrain\n|-damage|p2a: Tropius|32/328 brn|[from] brn\n|-item|p2a: Tropius|Sitrus Berry|[from] ability: Harvest\n|upkeep\n|-enditem|p2a: Tropius|Sitrus Berry|[eat]\n|-heal|p2a: Tropius|114/328 brn|[from] item: Sitrus Berry\n|turn|15\n|\n|t:|1781458282\n|move|p1a: Heatran|Heavy Slam|p2a: Tropius\n|-damage|p2a: Tropius|23/328 brn\n|move|p2a: Tropius|Earthquake|p1a: Heatran\n|-supereffective|p1a: Heatran\n|-damage|p1a: Heatran|175/273\n|\n|-heal|p1a: Heatran|192/273|[from] Grassy Terrain\n|-heal|p2a: Tropius|43/328 brn|[from] Grassy Terrain\n|-damage|p2a: Tropius|23/328 brn|[from] brn\n|upkeep\n|turn|16\n|\n|t:|1781458294\n|move|p1a: Heatran|Heavy Slam|p2a: Tropius\n|-damage|p2a: Tropius|0 fnt\n|faint|p2a: Tropius\n|\n|-heal|p1a: Heatran|209/273|[from] Grassy Terrain\n|upkeep\n|inactive|Dr.Werxzty has 90 seconds left.\n|\n|t:|1781458307\n|switch|p2a: Lumineon|Lumineon, L93, M|244/279\n|turn|17\n|\n|t:|1781458328\n|move|p2a: Lumineon|Hydro Pump|p1a: Heatran\n|-supereffective|p1a: Heatran\n|-damage|p1a: Heatran|0 fnt\n|faint|p1a: Heatran\n|\n|-heal|p2a: Lumineon|261/279|[from] Grassy Terrain\n|-fieldend|move: Grassy Terrain\n|upkeep\n|\n|t:|1781458332\n|switch|p1a: Rillaboom|Rillaboom, L79, M|166/288\n|-fieldstart|move: Grassy Terrain|[from] ability: Grassy Surge|[of] p1a: Rillaboom\n|turn|18\n|\n|t:|1781458343\n|switch|p2a: Glastrier|Glastrier, L86|218/311\n|move|p1a: Rillaboom|Wood Hammer|p2a: Glastrier\n|-damage|p2a: Glastrier|10/311\n|-damage|p1a: Rillaboom|97/288|[from] Recoil\n|\n|-heal|p1a: Rillaboom|115/288|[from] Grassy Terrain\n|-heal|p2a: Glastrier|29/311|[from] Grassy Terrain\n|upkeep\n|turn|19\n|\n|t:|1781458353\n|move|p1a: Rillaboom|Wood Hammer|p2a: Glastrier\n|-damage|p2a: Glastrier|0 fnt\n|faint|p2a: Glastrier\n|-damage|p1a: Rillaboom|105/288|[from] Recoil\n|\n|-heal|p1a: Rillaboom|123/288|[from] Grassy Terrain\n|upkeep\n|\n|t:|1781458362\n|switch|p2a: Zekrom|Zekrom, L71|259/259\n|-ability|p2a: Zekrom|Teravolt\n|turn|20\n|\n|t:|1781458376\n|switch|p1a: Regidrago|Regidrago, L77|435/435\n|move|p2a: Zekrom|Outrage|p1a: Regidrago\n|-supereffective|p1a: Regidrago\n|-damage|p1a: Regidrago|49/435\n|\n|-heal|p1a: Regidrago|76/435|[from] Grassy Terrain\n|upkeep\n|turn|21\n|\n|t:|1781458388\n|move|p1a: Regidrago|Draco Meteor|p2a: Zekrom\n|-supereffective|p2a: Zekrom\n|-damage|p2a: Zekrom|0 fnt\n|-unboost|p1a: Regidrago|spa|2\n|faint|p2a: Zekrom\n|\n|-heal|p1a: Regidrago|103/435|[from] Grassy Terrain\n|upkeep\n|\n|t:|1781458397\n|switch|p2a: Misdreavus|Misdreavus, L90, F|254/254\n|turn|22\n|\n|t:|1781458405\n|move|p1a: Regidrago|Draco Meteor|p2a: Misdreavus\n|-damage|p2a: Misdreavus|191/254\n|-unboost|p1a: Regidrago|spa|2\n|move|p2a: Misdreavus|Draining Kiss|p1a: Regidrago\n|-supereffective|p1a: Regidrago\n|-damage|p1a: Regidrago|0 fnt\n|-heal|p2a: Misdreavus|254/254|[from] drain|[of] p1a: Regidrago\n|faint|p1a: Regidrago\n|\n|-fieldend|move: Grassy Terrain\n|upkeep\n|\n|t:|1781458421\n|switch|p1a: Pelipper|Pelipper, L86, F|243/243\n|-weather|RainDance|[from] ability: Drizzle|[of] p1a: Pelipper\n|turn|23\n|inactive|Dr.Werxzty has 120 seconds left.\n|\n|t:|1781458436\n|move|p2a: Misdreavus|Calm Mind|p2a: Misdreavus\n|-boost|p2a: Misdreavus|spa|1\n|-boost|p2a: Misdreavus|spd|1\n|move|p1a: Pelipper|Hurricane|p2a: Misdreavus\n|-damage|p2a: Misdreavus|170/254\n|\n|-weather|RainDance|[upkeep]\n|upkeep\n|turn|24\n|inactive|Dr.Werxzty has 120 seconds left.\n|\n|t:|1781458446\n|move|p2a: Misdreavus|Calm Mind|p2a: Misdreavus\n|-boost|p2a: Misdreavus|spa|1\n|-boost|p2a: Misdreavus|spd|1\n|move|p1a: Pelipper|Hurricane|p2a: Misdreavus\n|-damage|p2a: Misdreavus|116/254\n|\n|-weather|RainDance|[upkeep]\n|upkeep\n|turn|25\n|inactive|Dr.Werxzty has 120 seconds left.\n|\n|t:|1781458454\n|switch|p1a: Rillaboom|Rillaboom, L79, M|123/288\n|-fieldstart|move: Grassy Terrain|[from] ability: Grassy Surge|[of] p1a: Rillaboom\n|move|p2a: Misdreavus|Draining Kiss|p1a: Rillaboom\n|-damage|p1a: Rillaboom|24/288\n|-heal|p2a: Misdreavus|190/254|[from] drain|[of] p1a: Rillaboom\n|\n|-weather|RainDance|[upkeep]\n|-heal|p1a: Rillaboom|42/288|[from] Grassy Terrain\n|upkeep\n|turn|26\n|inactive|Dr.Werxzty has 120 seconds left.\n|\n|t:|1781458467\n|move|p1a: Rillaboom|Grassy Glide|p2a: Misdreavus\n|-damage|p2a: Misdreavus|94/254\n|move|p2a: Misdreavus|Draining Kiss|p1a: Rillaboom\n|-damage|p1a: Rillaboom|0 fnt\n|-heal|p2a: Misdreavus|126/254|[from] drain|[of] p1a: Rillaboom\n|faint|p1a: Rillaboom\n|\n|-weather|RainDance|[upkeep]\n|upkeep\n|\n|t:|1781458470\n|switch|p1a: Pelipper|Pelipper, L86, F|243/243\n|turn|27\n|\n|t:|1781458484\n|move|p2a: Misdreavus|Draining Kiss|p1a: Pelipper\n|-damage|p1a: Pelipper|163/243\n|-heal|p2a: Misdreavus|186/254|[from] drain|[of] p1a: Pelipper\n|move|p1a: Pelipper|U-turn|p2a: Misdreavus\n|-resisted|p2a: Misdreavus\n|-damage|p2a: Misdreavus|174/254\n|\n|-weather|none\n|upkeep\n|turn|28\n|\n|t:|1781458494\n|move|p2a: Misdreavus|Shadow Ball|p1a: Pelipper\n|-damage|p1a: Pelipper|0 fnt\n|faint|p1a: Pelipper\n|\n|win|Dr.Werxzty\n|raw|Tomioka_Miko5647's rating: 1422 &rarr; <strong>1399</strong><br />(-23 for losing)\n|raw|Dr.Werxzty's rating: 1368 &rarr; <strong>1391</strong><br />(+23 for winning)\n|c|\u2606Tomioka_Miko5647|Ggs\n|l|\u2606Tomioka_Miko5647\n|player|p1|\n", "inputlog": ">version a8376a258c1d4662feba110a92103f3664a72141\n>start {\"formatid\":\"gen9randombattle\",\"seed\":\"sodium,26cc466f5cdace58cba57b422dc5bea2\",\"rated\":\"Rated battle\"}\n>player p1 {\"name\":\"Tomioka_Miko5647\",\"avatar\":\"102\",\"rating\":1422,\"seed\":\"sodium,0a155ca1c2a4c8f9dc9153e3556f1d7b\"}\n>player p2 {\"name\":\"Dr.Werxzty\",\"avatar\":\"lance\",\"rating\":1368,\"seed\":\"sodium,eecd6ed6cefb1b736d023915c3fa3790\"}\n>p1 move voltswitch\n>p2 switch 2\n>p1 switch 2\n>p2 move stoneedge\n>p1 move woodhammer\n>p2 switch 5\n>p1 switch 3\n>p2 move dragondance\n>p1 move freezedry\n>p2 move leafblade terastallize\n>p1 move freezedry\n>p2 move leafblade\n>p1 switch 2\n>p1 move terablast terastallize\n>p2 move earthquake\n>p1 move terablast\n>p2 switch 2\n>p1 move thunderbolt\n>p2 switch 5\n>p1 move terablast\n>p2 move rockpolish\n>p1 move terablast\n>p2 move icepunch\n>p2 switch 4\n>p1 move thunderbolt\n>p2 move heavyslam\n>p1 switch 3\n>p1 switch 5\n>p2 move heavyslam\n>p1 move lavaplume\n>p2 switch 2\n>p1 move heavyslam\n>p2 move earthquake\n>p1 move heavyslam\n>p2 move earthquake\n>p2 switch 5\n>p1 move stealthrock\n>p2 move hydropump\n>p1 switch 5\n>p1 move woodhammer\n>p2 switch 2\n>p1 move woodhammer\n>p2 move iciclecrash\n>p2 switch 3\n>p1 switch 4\n>p2 move outrage\n>p1 move dracometeor\n>p2 move outrage\n>p2 switch 6\n>p1 move dracometeor\n>p2 move drainingkiss\n>p1 switch 6\n>p1 move hurricane\n>p2 move calmmind\n>p1 move hurricane\n>p2 move calmmind\n>p1 switch 4\n>p2 move drainingkiss\n>p1 move grassyglide\n>p2 move drainingkiss\n>p1 switch 4\n>p1 move uturn\n>p2 move drainingkiss\n>p1 move uturn\n>p2 move shadowball", "uploadtime": 1781458503, "views": 4, "formatid": "gen9randombattle", "rating": 1391, "private": 0, "password": null}