{"id": "gen9randombattle-2631957247", "format": "[Gen 9] Random Battle", "players": ["magicaldc", "isnothingeasy"], "log": "|j|\u2606magicaldc\n|j|\u2606isnothingeasy\n|t:|1781459813\n|gametype|singles\n|player|p1|magicaldc|102|1980\n|player|p2|isnothingeasy|lady|1956\n|gen|9\n|tier|[Gen 9] Random Battle\n|rated|\n|rule|Species Clause: Limit one of each Pok\u00e9mon\n|rule|HP Percentage Mod: HP is shown in percentages\n|rule|Sleep Clause Mod: Limit one foe put to sleep\n|rule|Illusion Level Mod: Illusion disguises the Pok\u00e9mon's true level\n|\n|t:|1781459813\n|teamsize|p1|6\n|teamsize|p2|6\n|start\n|switch|p1a: Keldeo|Keldeo-Resolute, L79|273/273\n|switch|p2a: Rillaboom|Rillaboom, L79, M|288/288\n|-fieldstart|move: Grassy Terrain|[from] ability: Grassy Surge|[of] p2a: Rillaboom\n|turn|1\n|\n|t:|1781459831\n|move|p1a: Keldeo|Flip Turn|p2a: Rillaboom\n|-resisted|p2a: Rillaboom\n|-damage|p2a: Rillaboom|264/288\n|\n|t:|1781459833\n|switch|p1a: Ariados|Ariados, L95, F|287/287|[from] Flip Turn\n|move|p2a: Rillaboom|Wood Hammer|p1a: Ariados\n|-resisted|p1a: Ariados\n|-damage|p1a: Ariados|217/287\n|-damage|p2a: Rillaboom|241/288|[from] Recoil\n|\n|-heal|p2a: Rillaboom|259/288|[from] Grassy Terrain\n|-heal|p1a: Ariados|234/287|[from] Grassy Terrain\n|upkeep\n|turn|2\n|\n|t:|1781459838\n|switch|p2a: Tinkaton|Tinkaton, L82, F|274/274\n|-ability|p2a: Tinkaton|Mold Breaker\n|move|p1a: Ariados|Sticky Web|p2a: Tinkaton\n|-sidestart|p2: isnothingeasy|move: Sticky Web\n|\n|-heal|p1a: Ariados|251/287|[from] Grassy Terrain\n|upkeep\n|turn|3\n|\n|t:|1781459843\n|switch|p1a: Dialga|Dialga-Origin, L73|266/266\n|-ability|p1a: Dialga|Pressure\n|move|p2a: Tinkaton|Swords Dance|p2a: Tinkaton\n|-boost|p2a: Tinkaton|atk|2\n|\n|upkeep\n|turn|4\n|\n|t:|1781459848\n|move|p2a: Tinkaton|Play Rough|p1a: Dialga\n|-damage|p1a: Dialga|142/266\n|move|p1a: Dialga|Thunder Wave|p2a: Tinkaton\n|-status|p2a: Tinkaton|par\n|\n|-heal|p1a: Dialga|158/266|[from] Grassy Terrain\n|upkeep\n|turn|5\n|\n|t:|1781459855\n|move|p1a: Dialga|Heavy Slam|p2a: Tinkaton\n|-damage|p2a: Tinkaton|142/274 par\n|move|p2a: Tinkaton|Play Rough|p1a: Dialga\n|-crit|p1a: Dialga\n|-damage|p1a: Dialga|0 fnt\n|faint|p1a: Dialga\n|\n|-heal|p2a: Tinkaton|159/274 par|[from] Grassy Terrain\n|-heal|p2a: Tinkaton|176/274 par|[from] item: Leftovers\n|-fieldend|move: Grassy Terrain\n|upkeep\n|\n|t:|1781459860\n|switch|p1a: Entei|Entei, L78|307/307\n|turn|6\n|\n|t:|1781459871\n|move|p1a: Entei|Sacred Fire|p2a: Tinkaton\n|-supereffective|p2a: Tinkaton\n|-damage|p2a: Tinkaton|0 fnt\n|faint|p2a: Tinkaton\n|\n|upkeep\n|\n|t:|1781459875\n|switch|p2a: Toxapex|Toxapex, L82, F|216/216\n|-activate|p2a: Toxapex|move: Sticky Web\n|-unboost|p2a: Toxapex|spe|1\n|turn|7\n|\n|t:|1781459883\n|switch|p1a: Ariados|Ariados, L95, F|251/287\n|move|p2a: Toxapex|Liquidation|p1a: Ariados\n|-damage|p1a: Ariados|182/287\n|\n|upkeep\n|turn|8\n|\n|t:|1781459909\n|move|p1a: Ariados|Knock Off|p2a: Toxapex\n|-damage|p2a: Toxapex|162/216\n|-damage|p1a: Ariados|135/287|[from] item: Rocky Helmet|[of] p2a: Toxapex\n|-enditem|p2a: Toxapex|Rocky Helmet|[from] move: Knock Off|[of] p1a: Ariados\n|move|p2a: Toxapex|Liquidation|p1a: Ariados\n|-crit|p1a: Ariados\n|-damage|p1a: Ariados|41/287\n|\n|upkeep\n|turn|9\n|\n|t:|1781459922\n|move|p1a: Ariados|Poison Jab|p2a: Toxapex\n|-resisted|p2a: Toxapex\n|-crit|p2a: Toxapex\n|-damage|p2a: Toxapex|109/216\n|move|p2a: Toxapex|Liquidation|p1a: Ariados\n|-damage|p1a: Ariados|0 fnt\n|faint|p1a: Ariados\n|\n|upkeep\n|\n|t:|1781459935\n|switch|p1a: Luxray|Luxray, L88, M|284/284\n|-ability|p1a: Luxray|Intimidate|boost\n|-unboost|p2a: Toxapex|atk|1\n|turn|10\n|\n|t:|1781459939\n|switch|p2a: Rillaboom|Rillaboom, L79, M|259/288\n|-activate|p2a: Rillaboom|move: Sticky Web\n|-unboost|p2a: Rillaboom|spe|1\n|-fieldstart|move: Grassy Terrain|[from] ability: Grassy Surge|[of] p2a: Rillaboom\n|move|p1a: Luxray|Volt Switch|p2a: Rillaboom\n|-resisted|p2a: Rillaboom\n|-damage|p2a: Rillaboom|211/288\n|\n|t:|1781459948\n|switch|p1a: Entei|Entei, L78|307/307|[from] Volt Switch\n|\n|-heal|p2a: Rillaboom|229/288|[from] Grassy Terrain\n|upkeep\n|turn|11\n|\n|t:|1781459951\n|switch|p2a: Toxapex|Toxapex, L82, F|181/216\n|-activate|p2a: Toxapex|move: Sticky Web\n|-unboost|p2a: Toxapex|spe|1\n|move|p1a: Entei|Sacred Fire|p2a: Toxapex\n|-resisted|p2a: Toxapex\n|-damage|p2a: Toxapex|127/216\n|\n|-heal|p2a: Toxapex|140/216|[from] Grassy Terrain\n|upkeep\n|turn|12\n|\n|t:|1781459968\n|move|p1a: Entei|Sacred Fire|p2a: Toxapex\n|-resisted|p2a: Toxapex\n|-damage|p2a: Toxapex|91/216\n|move|p2a: Toxapex|Toxic|p1a: Entei\n|-status|p1a: Entei|tox\n|\n|-heal|p2a: Toxapex|104/216|[from] Grassy Terrain\n|-damage|p1a: Entei|288/307 tox|[from] psn\n|upkeep\n|turn|13\n|\n|t:|1781459973\n|switch|p1a: Luxray|Luxray, L88, M|284/284\n|-ability|p1a: Luxray|Intimidate|boost\n|-unboost|p2a: Toxapex|atk|1\n|move|p2a: Toxapex|Recover|p2a: Toxapex\n|-heal|p2a: Toxapex|212/216\n|\n|-heal|p2a: Toxapex|216/216|[from] Grassy Terrain\n|upkeep\n|turn|14\n|\n|t:|1781459979\n|move|p1a: Luxray|Wild Charge|p2a: Toxapex\n|-supereffective|p2a: Toxapex\n|-damage|p2a: Toxapex|58/216\n|-damage|p1a: Luxray|244/284|[from] Recoil\n|move|p2a: Toxapex|Toxic|p1a: Luxray\n|-status|p1a: Luxray|tox\n|\n|-heal|p1a: Luxray|261/284 tox|[from] Grassy Terrain\n|-heal|p2a: Toxapex|71/216|[from] Grassy Terrain\n|-damage|p1a: Luxray|244/284 tox|[from] psn\n|-fieldend|move: Grassy Terrain\n|upkeep\n|turn|15\n|\n|t:|1781459983\n|switch|p2a: Rillaboom|Rillaboom, L79, M|229/288\n|-activate|p2a: Rillaboom|move: Sticky Web\n|-unboost|p2a: Rillaboom|spe|1\n|-fieldstart|move: Grassy Terrain|[from] ability: Grassy Surge|[of] p2a: Rillaboom\n|move|p1a: Luxray|Volt Switch|p2a: Rillaboom\n|-resisted|p2a: Rillaboom\n|-damage|p2a: Rillaboom|174/288\n|\n|t:|1781459994\n|switch|p1a: Entei|Entei, L78|288/307 tox|[from] Volt Switch\n|\n|-heal|p1a: Entei|307/307 tox|[from] Grassy Terrain\n|-heal|p2a: Rillaboom|192/288|[from] Grassy Terrain\n|-damage|p1a: Entei|288/307 tox|[from] psn\n|upkeep\n|turn|16\n|\n|t:|1781460014\n|switch|p2a: Toxapex|Toxapex, L82, F|143/216\n|-activate|p2a: Toxapex|move: Sticky Web\n|-unboost|p2a: Toxapex|spe|1\n|move|p1a: Entei|Stomping Tantrum|p2a: Toxapex\n|-supereffective|p2a: Toxapex\n|-crit|p2a: Toxapex\n|-damage|p2a: Toxapex|0 fnt\n|faint|p2a: Toxapex\n|\n|-heal|p1a: Entei|307/307 tox|[from] Grassy Terrain\n|-damage|p1a: Entei|269/307 tox|[from] psn\n|upkeep\n|\n|t:|1781460019\n|switch|p2a: Rillaboom|Rillaboom, L79, M|192/288\n|-activate|p2a: Rillaboom|move: Sticky Web\n|-unboost|p2a: Rillaboom|spe|1\n|turn|17\n|\n|t:|1781460025\n|switch|p1a: Luxray|Luxray, L88, M|244/284 tox\n|-ability|p1a: Luxray|Intimidate|boost\n|-unboost|p2a: Rillaboom|atk|1\n|move|p2a: Rillaboom|High Horsepower|p1a: Luxray\n|-supereffective|p1a: Luxray\n|-damage|p1a: Luxray|88/284 tox\n|\n|-heal|p1a: Luxray|105/284 tox|[from] Grassy Terrain\n|-heal|p2a: Rillaboom|210/288|[from] Grassy Terrain\n|-damage|p1a: Luxray|88/284 tox|[from] psn\n|upkeep\n|turn|18\n|\n|t:|1781460034\n|move|p1a: Luxray|Wild Charge|p2a: Rillaboom\n|-resisted|p2a: Rillaboom\n|-damage|p2a: Rillaboom|141/288\n|-damage|p1a: Luxray|71/284 tox|[from] Recoil\n|move|p2a: Rillaboom|High Horsepower|p1a: Luxray\n|-supereffective|p1a: Luxray\n|-crit|p1a: Luxray\n|-damage|p1a: Luxray|0 fnt\n|faint|p1a: Luxray\n|\n|-heal|p2a: Rillaboom|159/288|[from] Grassy Terrain\n|upkeep\n|\n|t:|1781460037\n|switch|p1a: Entei|Entei, L78|269/307 tox\n|turn|19\n|\n|t:|1781460043\n|switch|p2a: Flareon|Flareon, L90, F|263/263\n|-activate|p2a: Flareon|move: Sticky Web\n|-unboost|p2a: Flareon|spe|1\n|move|p1a: Entei|Sacred Fire|p2a: Flareon|[miss]\n|-miss|p1a: Entei|p2a: Flareon\n|\n|-heal|p1a: Entei|288/307 tox|[from] Grassy Terrain\n|-damage|p1a: Entei|269/307 tox|[from] psn\n|-fieldend|move: Grassy Terrain\n|-status|p2a: Flareon|tox|[from] item: Toxic Orb\n|upkeep\n|turn|20\n|\n|t:|1781460051\n|move|p1a: Entei|Sacred Fire|p2a: Flareon\n|-resisted|p2a: Flareon\n|-damage|p2a: Flareon|167/263 tox\n|move|p2a: Flareon|Facade|p1a: Entei\n|-damage|p1a: Entei|23/307 tox\n|\n|-damage|p1a: Entei|0 fnt|[from] psn\n|faint|p1a: Entei\n|-damage|p2a: Flareon|151/263 tox|[from] psn\n|upkeep\n|\n|t:|1781460055\n|switch|p1a: Keldeo|Keldeo-Resolute, L79|273/273\n|turn|21\n|\n|t:|1781460061\n|move|p1a: Keldeo|Secret Sword|p2a: Flareon\n|-damage|p2a: Flareon|0 fnt\n|faint|p2a: Flareon\n|\n|upkeep\n|\n|t:|1781460064\n|switch|p2a: Rillaboom|Rillaboom, L79, M|159/288\n|-activate|p2a: Rillaboom|move: Sticky Web\n|-unboost|p2a: Rillaboom|spe|1\n|-fieldstart|move: Grassy Terrain|[from] ability: Grassy Surge|[of] p2a: Rillaboom\n|turn|22\n|\n|t:|1781460076\n|move|p2a: Rillaboom|Grassy Glide|p1a: Keldeo\n|-supereffective|p1a: Keldeo\n|-damage|p1a: Keldeo|1/273\n|move|p1a: Keldeo|Secret Sword|p2a: Rillaboom\n|-damage|p2a: Rillaboom|12/288\n|\n|-heal|p1a: Keldeo|18/273|[from] Grassy Terrain\n|-heal|p2a: Rillaboom|30/288|[from] Grassy Terrain\n|upkeep\n|turn|23\n|\n|t:|1781460083\n|move|p2a: Rillaboom|Grassy Glide|p1a: Keldeo\n|-supereffective|p1a: Keldeo\n|-damage|p1a: Keldeo|0 fnt\n|faint|p1a: Keldeo\n|\n|-heal|p2a: Rillaboom|48/288|[from] Grassy Terrain\n|upkeep\n|\n|t:|1781460085\n|switch|p1a: Urshifu|Urshifu, L74, M|270/270\n|turn|24\n|\n|t:|1781460089\n|-terastallize|p1a: Urshifu|Poison\n|move|p2a: Rillaboom|Grassy Glide|p1a: Urshifu\n|-resisted|p1a: Urshifu\n|-damage|p1a: Urshifu|210/270\n|move|p1a: Urshifu|Swords Dance|p1a: Urshifu\n|-boost|p1a: Urshifu|atk|2\n|\n|-heal|p1a: Urshifu|226/270|[from] Grassy Terrain\n|-heal|p2a: Rillaboom|66/288|[from] Grassy Terrain\n|upkeep\n|turn|25\n|\n|t:|1781460096\n|switch|p2a: Zangoose|Zangoose, L85, M|263/263\n|-activate|p2a: Zangoose|move: Sticky Web\n|-unboost|p2a: Zangoose|spe|1\n|move|p1a: Urshifu|Swords Dance|p1a: Urshifu\n|-boost|p1a: Urshifu|atk|2\n|\n|-heal|p1a: Urshifu|242/270|[from] Grassy Terrain\n|-status|p2a: Zangoose|tox|[from] item: Toxic Orb\n|upkeep\n|turn|26\n|\n|t:|1781460101\n|move|p1a: Urshifu|Wicked Blow|p2a: Zangoose\n|-crit|p2a: Zangoose\n|-damage|p2a: Zangoose|0 fnt\n|faint|p2a: Zangoose\n|-damage|p1a: Urshifu|215/270|[from] item: Life Orb\n|\n|-heal|p1a: Urshifu|231/270|[from] Grassy Terrain\n|-fieldend|move: Grassy Terrain\n|upkeep\n|\n|t:|1781460104\n|switch|p2a: Dudunsparce|Dudunsparce, L83, M|343/343\n|-activate|p2a: Dudunsparce|move: Sticky Web\n|-unboost|p2a: Dudunsparce|spe|1\n|turn|27\n|\n|t:|1781460112\n|-terastallize|p2a: Dudunsparce|Ground\n|move|p1a: Urshifu|Wicked Blow|p2a: Dudunsparce\n|-crit|p2a: Dudunsparce\n|-damage|p2a: Dudunsparce|0 fnt\n|faint|p2a: Dudunsparce\n|-damage|p1a: Urshifu|204/270|[from] item: Life Orb\n|\n|upkeep\n|-message|isnothingeasy forfeited.\n|\n|win|magicaldc\n", "inputlog": ">version a8376a258c1d4662feba110a92103f3664a72141\n>start {\"formatid\":\"gen9randombattle\",\"seed\":\"sodium,79ce5c66f7529eaef317703e9a70da15\",\"rated\":\"Rated battle\"}\n>player p1 {\"name\":\"magicaldc\",\"avatar\":\"102\",\"rating\":1980,\"seed\":\"sodium,531907d0d2424100ea8b6f27a96745c9\"}\n>player p2 {\"name\":\"isnothingeasy\",\"avatar\":\"lady\",\"rating\":1956,\"seed\":\"sodium,29506d02ae0a8f0947f77d5751bb2e53\"}\n>p1 move flipturn\n>p2 move woodhammer\n>p1 switch 3\n>p1 move stickyweb\n>p2 switch 4\n>p1 switch 6\n>p2 move swordsdance\n>p1 move thunderwave\n>p2 move playrough\n>p1 move heavyslam\n>p2 move playrough\n>p1 switch 2\n>p1 move sacredfire\n>p2 move gigatonhammer\n>p2 switch 2\n>p1 switch 6\n>p2 move liquidation\n>p1 move knockoff\n>p2 move liquidation\n>p1 move poisonjab\n>p2 move liquidation\n>p1 switch 4\n>p1 move voltswitch\n>p2 switch 4\n>p1 switch 6\n>p1 move sacredfire\n>p2 switch 4\n>p1 move sacredfire\n>p2 move toxic\n>p1 switch 6\n>p2 move recover\n>p1 move wildcharge\n>p2 move toxic\n>p1 move voltswitch\n>p2 switch 4\n>p1 switch 6\n>p1 move stompingtantrum\n>p2 switch 4\n>p2 switch 4\n>p1 switch 6\n>p2 move highhorsepower\n>p1 move wildcharge\n>p2 move highhorsepower\n>p1 switch 6\n>p1 move sacredfire\n>p2 switch 6\n>p1 move sacredfire\n>p2 move facade\n>p1 switch 3\n>p1 move secretsword\n>p2 move trailblaze\n>p2 switch 6\n>p1 move secretsword\n>p2 move grassyglide\n>p1 move secretsword\n>p2 move grassyglide\n>p1 switch 5\n>p1 move swordsdance terastallize\n>p2 move grassyglide\n>p1 move swordsdance\n>p2 switch 5\n>p1 move wickedblow\n>p2 move facade\n>p2 switch 3\n>p1 move wickedblow\n>p2 move earthquake terastallize\n>forcelose p2", "uploadtime": 1781459815, "views": 8, "formatid": "gen9randombattle", "rating": null, "private": 0, "password": null}