{"id": "gen9randombattle-2631803652", "format": "[Gen 9] Random Battle", "players": ["Dexele", "joebidenfan1245"], "log": "|j|\u2606Dexele\n|j|\u203djoebidenfan1245\n|t:|1781442011\n|gametype|singles\n|player|p1|Dexele|101|1914\n|player|p2|joebidenfan1245|265|1990\n|gen|9\n|tier|[Gen 9] Random Battle\n|rated|\n|rule|Species Clause: Limit one of each Pok\u00e9mon\n|rule|HP Percentage Mod: HP is shown in percentages\n|rule|Sleep Clause Mod: Limit one foe put to sleep\n|rule|Illusion Level Mod: Illusion disguises the Pok\u00e9mon's true level\n|\n|t:|1781442011\n|teamsize|p1|6\n|teamsize|p2|6\n|start\n|switch|p1a: Bombirdier|Bombirdier, L85, M|258/258\n|switch|p2a: Garchomp|Garchomp, L74, F|282/282\n|turn|1\n|\n|t:|1781442023\n|move|p2a: Garchomp|Swords Dance|p2a: Garchomp\n|-boost|p2a: Garchomp|atk|2\n|move|p1a: Bombirdier|Knock Off|p2a: Garchomp\n|-damage|p2a: Garchomp|173/282\n|-damage|p1a: Bombirdier|226/258|[from] ability: Rough Skin|[of] p2a: Garchomp\n|-enditem|p2a: Garchomp|Loaded Dice|[from] move: Knock Off|[of] p1a: Bombirdier\n|\n|upkeep\n|turn|2\n|\n|t:|1781442046\n|move|p2a: Garchomp|Fire Fang|p1a: Bombirdier\n|-damage|p1a: Bombirdier|131/258\n|move|p1a: Bombirdier|Brave Bird|p2a: Garchomp\n|-damage|p2a: Garchomp|17/282\n|-damage|p1a: Bombirdier|99/258|[from] ability: Rough Skin|[of] p2a: Garchomp\n|-damage|p1a: Bombirdier|48/258|[from] Recoil\n|\n|upkeep\n|turn|3\n|\n|t:|1781442061\n|switch|p1a: Magnezone|Magnezone, L85|258/258\n|move|p2a: Garchomp|Scale Shot|p1a: Magnezone\n|-resisted|p1a: Magnezone\n|-damage|p1a: Magnezone|237/258\n|-resisted|p1a: Magnezone\n|-damage|p1a: Magnezone|214/258\n|-resisted|p1a: Magnezone\n|-damage|p1a: Magnezone|193/258\n|-hitcount|p1a: Magnezone|3\n|-unboost|p2a: Garchomp|def|1\n|-boost|p2a: Garchomp|spe|1\n|\n|upkeep\n|turn|4\n|\n|t:|1781442065\n|move|p2a: Garchomp|Earthquake|p1a: Magnezone\n|-supereffective|p1a: Magnezone\n|-damage|p1a: Magnezone|0 fnt\n|faint|p1a: Magnezone\n|\n|upkeep\n|\n|t:|1781442070\n|switch|p1a: Umbreon|Umbreon, L84, M|297/297\n|turn|5\n|\n|t:|1781442078\n|move|p2a: Garchomp|Earthquake|p1a: Umbreon\n|-damage|p1a: Umbreon|123/297\n|move|p1a: Umbreon|Foul Play|p2a: Garchomp\n|-damage|p2a: Garchomp|0 fnt\n|-damage|p1a: Umbreon|86/297|[from] ability: Rough Skin|[of] p2a: Garchomp\n|faint|p2a: Garchomp\n|\n|-heal|p1a: Umbreon|104/297|[from] item: Leftovers\n|upkeep\n|\n|t:|1781442096\n|switch|p2a: Falinks|Falinks, L84|246/246\n|turn|6\n|\n|t:|1781442101\n|move|p2a: Falinks|No Retreat|p2a: Falinks\n|-boost|p2a: Falinks|atk|1\n|-boost|p2a: Falinks|def|1\n|-boost|p2a: Falinks|spa|1\n|-boost|p2a: Falinks|spd|1\n|-boost|p2a: Falinks|spe|1\n|-start|p2a: Falinks|move: No Retreat\n|move|p1a: Umbreon|Toxic|p2a: Falinks\n|-status|p2a: Falinks|tox\n|\n|-heal|p1a: Umbreon|122/297|[from] item: Leftovers\n|-damage|p2a: Falinks|231/246 tox|[from] psn\n|upkeep\n|turn|7\n|\n|t:|1781442103\n|move|p1a: Umbreon|Protect|p1a: Umbreon\n|-singleturn|p1a: Umbreon|Protect\n|move|p2a: Falinks|Close Combat|p1a: Umbreon\n|-activate|p1a: Umbreon|move: Protect\n|\n|-heal|p1a: Umbreon|140/297|[from] item: Leftovers\n|-damage|p2a: Falinks|201/246 tox|[from] psn\n|upkeep\n|turn|8\n|\n|t:|1781442108\n|move|p1a: Umbreon|Protect||[still]\n|-fail|p1a: Umbreon\n|move|p2a: Falinks|Close Combat|p1a: Umbreon\n|-supereffective|p1a: Umbreon\n|-damage|p1a: Umbreon|0 fnt\n|-unboost|p2a: Falinks|def|1\n|-unboost|p2a: Falinks|spd|1\n|faint|p1a: Umbreon\n|-damage|p2a: Falinks|177/246 tox|[from] item: Life Orb\n|\n|-damage|p2a: Falinks|132/246 tox|[from] psn\n|upkeep\n|\n|t:|1781442113\n|switch|p1a: Forretress|Forretress, L84, F|263/263\n|turn|9\n|\n|t:|1781442116\n|move|p2a: Falinks|Close Combat|p1a: Forretress\n|-damage|p1a: Forretress|88/263\n|-unboost|p2a: Falinks|def|1\n|-unboost|p2a: Falinks|spd|1\n|-damage|p2a: Falinks|108/246 tox|[from] item: Life Orb\n|move|p1a: Forretress|Stealth Rock|p2a: Falinks\n|-sidestart|p2: joebidenfan1245|move: Stealth Rock\n|\n|-heal|p1a: Forretress|104/263|[from] item: Leftovers\n|-damage|p2a: Falinks|48/246 tox|[from] psn\n|upkeep\n|turn|10\n|\n|t:|1781442127\n|move|p2a: Falinks|Close Combat|p1a: Forretress\n|-damage|p1a: Forretress|0 fnt\n|-unboost|p2a: Falinks|def|1\n|-unboost|p2a: Falinks|spd|1\n|faint|p1a: Forretress\n|-damage|p2a: Falinks|24/246 tox|[from] item: Life Orb\n|\n|-damage|p2a: Falinks|0 fnt|[from] psn\n|faint|p2a: Falinks\n|upkeep\n|\n|t:|1781442139\n|switch|p2a: Pincurchin|Pincurchin, F|258/258\n|switch|p1a: Delibird|Delibird, M|252/252\n|-damage|p2a: Pincurchin|226/258|[from] Stealth Rock\n|-fieldstart|move: Electric Terrain|[from] ability: Electric Surge|[of] p2a: Pincurchin\n|turn|11\n|\n|t:|1781442148\n|move|p1a: Delibird|Drill Run|p2a: Pincurchin\n|-supereffective|p2a: Pincurchin\n|-damage|p2a: Pincurchin|96/258\n|move|p2a: Pincurchin|Zing Zap|p1a: Delibird\n|-supereffective|p1a: Delibird\n|-damage|p1a: Delibird|0 fnt\n|faint|p1a: Delibird\n|\n|-heal|p2a: Pincurchin|112/258|[from] item: Leftovers\n|upkeep\n|inactive|Battle timer is ON: inactive players will automatically lose when time's up. (requested by joebidenfan1245)\n|\n|t:|1781442165\n|switch|p1a: Girafarig|Girafarig, L89, M|269/269\n|turn|12\n|\n|t:|1781442178\n|-terastallize|p1a: Girafarig|Electric\n|move|p1a: Girafarig|Nasty Plot|p1a: Girafarig\n|-boost|p1a: Girafarig|spa|2\n|move|p2a: Pincurchin|Zing Zap|p1a: Girafarig\n|-resisted|p1a: Girafarig\n|-damage|p1a: Girafarig|207/269\n|\n|-heal|p2a: Pincurchin|128/258|[from] item: Leftovers\n|upkeep\n|turn|13\n|\n|t:|1781442187\n|switch|p2a: Gastrodon|Gastrodon, L86, F|331/331\n|-damage|p2a: Gastrodon|311/331|[from] Stealth Rock\n|move|p1a: Girafarig|Psyshock|p2a: Gastrodon\n|-damage|p2a: Gastrodon|98/331\n|\n|-heal|p2a: Gastrodon|118/331|[from] item: Leftovers\n|upkeep\n|turn|14\n|\n|t:|1781442192\n|move|p1a: Girafarig|Psyshock|p2a: Gastrodon\n|-damage|p2a: Gastrodon|0 fnt\n|faint|p2a: Gastrodon\n|\n|upkeep\n|\n|t:|1781442203\n|switch|p2a: Sudowoodo|Sudowoodo, L94, M|284/284\n|-damage|p2a: Sudowoodo|249/284|[from] Stealth Rock\n|turn|15\n|\n|t:|1781442208\n|-terastallize|p2a: Sudowoodo|Grass\n|move|p1a: Girafarig|Thunderbolt|p2a: Sudowoodo\n|-resisted|p2a: Sudowoodo\n|-damage|p2a: Sudowoodo|99/284\n|move|p2a: Sudowoodo|Earthquake|p1a: Girafarig\n|-supereffective|p1a: Girafarig\n|-damage|p1a: Girafarig|0 fnt\n|faint|p1a: Girafarig\n|\n|-fieldend|move: Electric Terrain\n|upkeep\n|\n|t:|1781442210\n|switch|p1a: Bombirdier|Bombirdier, L85, M|48/258\n|turn|16\n|\n|t:|1781442221\n|switch|p2a: Samurott|Samurott-Hisui, L77, M|265/265\n|-damage|p2a: Samurott|232/265|[from] Stealth Rock\n|move|p1a: Bombirdier|Roost|p1a: Bombirdier\n|-heal|p1a: Bombirdier|177/258\n|-singleturn|p1a: Bombirdier|move: Roost\n|\n|upkeep\n|turn|17\n|\n|t:|1781442228\n|move|p1a: Bombirdier|Brave Bird|p2a: Samurott\n|-damage|p2a: Samurott|81/265\n|-damage|p1a: Bombirdier|127/258|[from] Recoil\n|move|p2a: Samurott|Razor Shell|p1a: Bombirdier\n|-damage|p1a: Bombirdier|0 fnt\n|faint|p1a: Bombirdier\n|\n|win|joebidenfan1245\n", "inputlog": ">version a8376a258c1d4662feba110a92103f3664a72141\n>start {\"formatid\":\"gen9randombattle\",\"seed\":\"sodium,9f6f05ce31d6f45aa44041fa1ad3725e\",\"rated\":\"Rated battle\"}\n>player p1 {\"name\":\"Dexele\",\"avatar\":\"101\",\"rating\":1914,\"seed\":\"sodium,cab50dee42519edb7595b7c851fb8cfc\"}\n>player p2 {\"name\":\"joebidenfan1245\",\"avatar\":\"265\",\"rating\":1990,\"seed\":\"sodium,7ff02631aa4559dced81e27ac40cec18\"}\n>p1 move knockoff\n>p2 move swordsdance\n>p1 move bravebird\n>p2 move firefang\n>p1 switch 2\n>p2 move scaleshot\n>p1 move flashcannon\n>p2 move earthquake\n>p1 switch 3\n>p1 move foulplay\n>p2 move earthquake\n>p2 switch 4\n>p1 move toxic\n>p2 move noretreat\n>p1 move protect\n>p2 move closecombat\n>p1 move protect\n>p2 move closecombat\n>p1 switch 5\n>p1 move stealthrock\n>p2 move closecombat\n>p1 move toxicspikes\n>p2 move closecombat\n>p1 switch 4\n>p2 switch 2\n>p1 move drillrun\n>p2 move zingzap\n>p1 switch 6\n>p1 move nastyplot terastallize\n>p2 move zingzap\n>p1 move psyshock\n>p2 switch 5\n>p1 move psyshock\n>p2 move earthquake\n>p2 switch 3\n>p1 move thunderbolt\n>p2 move earthquake terastallize\n>p1 switch 2\n>p1 move roost\n>p2 switch 6\n>p1 move bravebird\n>p2 move razorshell", "uploadtime": 1781442013, "views": 4, "formatid": "gen9randombattle", "rating": null, "private": 0, "password": null}