{"id": "gen9randombattle-2631579779", "format": "[Gen 9] Random Battle", "players": ["Z10101", "pkmn sleep pro"], "log": "|j|\u2606Z10101\n|j|\u2606pkmn sleep pro\n|t:|1781404055\n|gametype|singles\n|player|p1|Z10101|102|2071\n|player|p2|pkmn sleep pro|266|2130\n|gen|9\n|tier|[Gen 9] Random Battle\n|rated|\n|rule|Species Clause: Limit one of each Pok\u00e9mon\n|rule|HP Percentage Mod: HP is shown in percentages\n|rule|Sleep Clause Mod: Limit one foe put to sleep\n|rule|Illusion Level Mod: Illusion disguises the Pok\u00e9mon's true level\n|\n|t:|1781404055\n|teamsize|p1|6\n|teamsize|p2|6\n|start\n|switch|p1a: Slaking|Slaking, L84, F|389/389\n|switch|p2a: Oranguru|Oranguru, L92, M|315/315\n|turn|1\n|inactive|Battle timer is ON: inactive players will automatically lose when time's up. (requested by Z10101)\n|\n|t:|1781404086\n|move|p1a: Slaking|Giga Impact|p2a: Oranguru\n|-damage|p2a: Oranguru|0 fnt\n|-mustrecharge|p1a: Slaking\n|faint|p2a: Oranguru\n|\n|upkeep\n|\n|t:|1781404093\n|switch|p2a: Garganacl|Garganacl, L80, M|291/291\n|turn|2\n|\n|t:|1781404105\n|cant|p1a: Slaking|recharge\n|move|p2a: Garganacl|Iron Defense|p2a: Garganacl\n|-boost|p2a: Garganacl|def|2\n|\n|upkeep\n|turn|3\n|\n|t:|1781404118\n|switch|p1a: Deoxys|Deoxys-Defense, L84|221/221\n|-ability|p1a: Deoxys|Pressure\n|move|p2a: Garganacl|Iron Defense|p2a: Garganacl\n|-boost|p2a: Garganacl|def|2\n|\n|upkeep\n|turn|4\n|\n|t:|1781404128\n|move|p1a: Deoxys|Cosmic Power|p1a: Deoxys\n|-boost|p1a: Deoxys|def|1\n|-boost|p1a: Deoxys|spd|1\n|move|p2a: Garganacl|Iron Defense|p2a: Garganacl\n|-boost|p2a: Garganacl|def|2\n|\n|upkeep\n|turn|5\n|\n|t:|1781404131\n|move|p1a: Deoxys|Cosmic Power|p1a: Deoxys\n|-boost|p1a: Deoxys|def|1\n|-boost|p1a: Deoxys|spd|1\n|move|p2a: Garganacl|Salt Cure|p1a: Deoxys\n|-damage|p1a: Deoxys|208/221\n|-start|p1a: Deoxys|Salt Cure\n|\n|-heal|p1a: Deoxys|221/221|[from] item: Leftovers\n|-damage|p1a: Deoxys|194/221|[from] Salt Cure\n|upkeep\n|turn|6\n|\n|t:|1781404134\n|move|p1a: Deoxys|Cosmic Power|p1a: Deoxys\n|-boost|p1a: Deoxys|def|1\n|-boost|p1a: Deoxys|spd|1\n|move|p2a: Garganacl|Body Press|p1a: Deoxys\n|-resisted|p1a: Deoxys\n|-damage|p1a: Deoxys|160/221\n|\n|-heal|p1a: Deoxys|173/221|[from] item: Leftovers\n|-damage|p1a: Deoxys|146/221|[from] Salt Cure\n|upkeep\n|turn|7\n|\n|t:|1781404138\n|move|p1a: Deoxys|Cosmic Power|p1a: Deoxys\n|-boost|p1a: Deoxys|def|1\n|-boost|p1a: Deoxys|spd|1\n|move|p2a: Garganacl|Body Press|p1a: Deoxys\n|-resisted|p1a: Deoxys\n|-damage|p1a: Deoxys|117/221\n|\n|-heal|p1a: Deoxys|130/221|[from] item: Leftovers\n|-damage|p1a: Deoxys|103/221|[from] Salt Cure\n|upkeep\n|turn|8\n|\n|t:|1781404141\n|move|p1a: Deoxys|Recover|p1a: Deoxys\n|-heal|p1a: Deoxys|214/221\n|move|p2a: Garganacl|Body Press|p1a: Deoxys\n|-resisted|p1a: Deoxys\n|-damage|p1a: Deoxys|189/221\n|\n|-heal|p1a: Deoxys|202/221|[from] item: Leftovers\n|-damage|p1a: Deoxys|175/221|[from] Salt Cure\n|upkeep\n|turn|9\n|\n|t:|1781404144\n|move|p1a: Deoxys|Cosmic Power|p1a: Deoxys\n|-boost|p1a: Deoxys|def|1\n|-boost|p1a: Deoxys|spd|1\n|move|p2a: Garganacl|Body Press|p1a: Deoxys\n|-resisted|p1a: Deoxys\n|-damage|p1a: Deoxys|150/221\n|\n|-heal|p1a: Deoxys|163/221|[from] item: Leftovers\n|-damage|p1a: Deoxys|136/221|[from] Salt Cure\n|upkeep\n|turn|10\n|\n|t:|1781404147\n|move|p1a: Deoxys|Cosmic Power|p1a: Deoxys\n|-boost|p1a: Deoxys|def|1\n|-boost|p1a: Deoxys|spd|1\n|move|p2a: Garganacl|Body Press|p1a: Deoxys\n|-resisted|p1a: Deoxys\n|-damage|p1a: Deoxys|116/221\n|\n|-heal|p1a: Deoxys|129/221|[from] item: Leftovers\n|-damage|p1a: Deoxys|102/221|[from] Salt Cure\n|upkeep\n|turn|11\n|\n|t:|1781404152\n|move|p1a: Deoxys|Recover|p1a: Deoxys\n|-heal|p1a: Deoxys|213/221\n|move|p2a: Garganacl|Body Press|p1a: Deoxys\n|-resisted|p1a: Deoxys\n|-damage|p1a: Deoxys|191/221\n|\n|-heal|p1a: Deoxys|204/221|[from] item: Leftovers\n|-damage|p1a: Deoxys|177/221|[from] Salt Cure\n|upkeep\n|turn|12\n|\n|t:|1781404156\n|move|p1a: Deoxys|Stored Power|p2a: Garganacl\n|-damage|p2a: Garganacl|56/291\n|move|p2a: Garganacl|Body Press|p1a: Deoxys\n|-resisted|p1a: Deoxys\n|-damage|p1a: Deoxys|156/221\n|\n|-heal|p1a: Deoxys|169/221|[from] item: Leftovers\n|-heal|p2a: Garganacl|74/291|[from] item: Leftovers\n|-damage|p1a: Deoxys|142/221|[from] Salt Cure\n|upkeep\n|turn|13\n|\n|t:|1781404163\n|move|p1a: Deoxys|Stored Power|p2a: Garganacl\n|-damage|p2a: Garganacl|0 fnt\n|faint|p2a: Garganacl\n|\n|-heal|p1a: Deoxys|155/221|[from] item: Leftovers\n|-damage|p1a: Deoxys|128/221|[from] Salt Cure\n|upkeep\n|\n|t:|1781404173\n|switch|p2a: Rabsca|Rabsca, L91, M|284/284\n|turn|14\n|\n|t:|1781404183\n|move|p1a: Deoxys|Stored Power|p2a: Rabsca\n|-resisted|p2a: Rabsca\n|-damage|p2a: Rabsca|191/284\n|move|p2a: Rabsca|Revival Blessing|p2a: Rabsca\n|\n|t:|1781404187\n|-heal|p2: Garganacl|145/291|[from] move: Revival Blessing\n|\n|-heal|p1a: Deoxys|141/221|[from] item: Leftovers\n|-damage|p1a: Deoxys|114/221|[from] Salt Cure\n|upkeep\n|turn|15\n|\n|t:|1781404194\n|move|p1a: Deoxys|Recover|p1a: Deoxys\n|-heal|p1a: Deoxys|221/221\n|move|p2a: Rabsca|Trick Room|p2a: Rabsca\n|-fieldstart|move: Trick Room|[of] p2a: Rabsca\n|\n|-damage|p1a: Deoxys|194/221|[from] Salt Cure\n|upkeep\n|turn|16\n|\n|t:|1781404197\n|move|p2a: Rabsca|Bug Buzz|p1a: Deoxys\n|-supereffective|p1a: Deoxys\n|-damage|p1a: Deoxys|150/221\n|move|p1a: Deoxys|Stored Power|p2a: Rabsca\n|-resisted|p2a: Rabsca\n|-damage|p2a: Rabsca|95/284\n|\n|-heal|p1a: Deoxys|163/221|[from] item: Leftovers\n|-damage|p1a: Deoxys|136/221|[from] Salt Cure\n|upkeep\n|turn|17\n|\n|t:|1781404202\n|move|p2a: Rabsca|Bug Buzz|p1a: Deoxys\n|-supereffective|p1a: Deoxys\n|-damage|p1a: Deoxys|92/221\n|move|p1a: Deoxys|Recover|p1a: Deoxys\n|-heal|p1a: Deoxys|203/221\n|\n|-heal|p1a: Deoxys|216/221|[from] item: Leftovers\n|-damage|p1a: Deoxys|189/221|[from] Salt Cure\n|upkeep\n|turn|18\n|\n|t:|1781404208\n|move|p2a: Rabsca|Bug Buzz|p1a: Deoxys\n|-supereffective|p1a: Deoxys\n|-damage|p1a: Deoxys|147/221\n|move|p1a: Deoxys|Stored Power|p2a: Rabsca\n|-resisted|p2a: Rabsca\n|-damage|p2a: Rabsca|3/284\n|\n|-heal|p1a: Deoxys|160/221|[from] item: Leftovers\n|-damage|p1a: Deoxys|133/221|[from] Salt Cure\n|upkeep\n|turn|19\n|\n|t:|1781404220\n|switch|p2a: Dunsparce|Dunsparce, L86, M|312/312\n|move|p1a: Deoxys|Recover|p1a: Deoxys\n|-heal|p1a: Deoxys|221/221\n|\n|-damage|p1a: Deoxys|194/221|[from] Salt Cure\n|-fieldend|move: Trick Room\n|upkeep\n|turn|20\n|\n|t:|1781404223\n|move|p1a: Deoxys|Stored Power|p2a: Dunsparce\n|-damage|p2a: Dunsparce|138/312\n|move|p2a: Dunsparce|Body Slam|p1a: Deoxys\n|-damage|p1a: Deoxys|181/221\n|-status|p1a: Deoxys|par\n|\n|-heal|p1a: Deoxys|194/221 par|[from] item: Leftovers\n|-damage|p1a: Deoxys|167/221 par|[from] Salt Cure\n|upkeep\n|turn|21\n|\n|t:|1781404228\n|move|p2a: Dunsparce|Roost|p2a: Dunsparce\n|-heal|p2a: Dunsparce|294/312\n|-singleturn|p2a: Dunsparce|move: Roost\n|move|p1a: Deoxys|Stored Power|p2a: Dunsparce\n|-damage|p2a: Dunsparce|104/312\n|\n|-heal|p1a: Deoxys|180/221 par|[from] item: Leftovers\n|-damage|p1a: Deoxys|153/221 par|[from] Salt Cure\n|upkeep\n|turn|22\n|\n|t:|1781404233\n|move|p2a: Dunsparce|Roost|p2a: Dunsparce\n|-heal|p2a: Dunsparce|260/312\n|-singleturn|p2a: Dunsparce|move: Roost\n|move|p1a: Deoxys|Stored Power|p2a: Dunsparce\n|-crit|p2a: Dunsparce\n|-damage|p2a: Dunsparce|4/312\n|\n|-heal|p1a: Deoxys|166/221 par|[from] item: Leftovers\n|-damage|p1a: Deoxys|139/221 par|[from] Salt Cure\n|upkeep\n|turn|23\n|\n|t:|1781404240\n|move|p2a: Dunsparce|Roost|p2a: Dunsparce\n|-heal|p2a: Dunsparce|160/312\n|-singleturn|p2a: Dunsparce|move: Roost\n|move|p1a: Deoxys|Stored Power|p2a: Dunsparce\n|-damage|p2a: Dunsparce|0 fnt\n|faint|p2a: Dunsparce\n|\n|-heal|p1a: Deoxys|152/221 par|[from] item: Leftovers\n|-damage|p1a: Deoxys|125/221 par|[from] Salt Cure\n|upkeep\n|\n|t:|1781404255\n|switch|p2a: Rabsca|Rabsca, L91, M|3/284\n|turn|24\n|\n|t:|1781404258\n|move|p1a: Deoxys|Night Shade|p2a: Rabsca\n|-damage|p2a: Rabsca|0 fnt\n|faint|p2a: Rabsca\n|\n|-heal|p1a: Deoxys|138/221 par|[from] item: Leftovers\n|-damage|p1a: Deoxys|111/221 par|[from] Salt Cure\n|upkeep\n|\n|t:|1781404276\n|switch|p2a: Garganacl|Garganacl, L80, M|145/291\n|turn|25\n|\n|t:|1781404279\n|move|p2a: Garganacl|Recover|p2a: Garganacl\n|-heal|p2a: Garganacl|291/291\n|cant|p1a: Deoxys|par\n|\n|-heal|p1a: Deoxys|124/221 par|[from] item: Leftovers\n|-damage|p1a: Deoxys|97/221 par|[from] Salt Cure\n|upkeep\n|turn|26\n|\n|t:|1781404285\n|move|p2a: Garganacl|Iron Defense|p2a: Garganacl\n|-boost|p2a: Garganacl|def|2\n|move|p1a: Deoxys|Recover|p1a: Deoxys\n|-heal|p1a: Deoxys|208/221 par\n|\n|-heal|p1a: Deoxys|221/221 par|[from] item: Leftovers\n|-damage|p1a: Deoxys|194/221 par|[from] Salt Cure\n|upkeep\n|turn|27\n|\n|t:|1781404300\n|switch|p2a: Magnezone|Magnezone, L85|258/258\n|move|p1a: Deoxys|Stored Power|p2a: Magnezone\n|-resisted|p2a: Magnezone\n|-damage|p2a: Magnezone|149/258\n|\n|-heal|p1a: Deoxys|207/221 par|[from] item: Leftovers\n|-damage|p1a: Deoxys|180/221 par|[from] Salt Cure\n|upkeep\n|turn|28\n|\n|t:|1781404306\n|move|p2a: Magnezone|Thunderbolt|p1a: Deoxys\n|-damage|p1a: Deoxys|161/221 par\n|move|p1a: Deoxys|Night Shade|p2a: Magnezone\n|-damage|p2a: Magnezone|65/258\n|\n|-heal|p1a: Deoxys|174/221 par|[from] item: Leftovers\n|-damage|p1a: Deoxys|147/221 par|[from] Salt Cure\n|upkeep\n|turn|29\n|\n|t:|1781404311\n|move|p2a: Magnezone|Thunderbolt|p1a: Deoxys\n|-damage|p1a: Deoxys|126/221 par\n|move|p1a: Deoxys|Night Shade|p2a: Magnezone\n|-damage|p2a: Magnezone|0 fnt\n|faint|p2a: Magnezone\n|\n|-heal|p1a: Deoxys|139/221 par|[from] item: Leftovers\n|-damage|p1a: Deoxys|112/221 par|[from] Salt Cure\n|upkeep\n|\n|t:|1781404316\n|switch|p2a: Keldeo|Keldeo-Resolute, L79|273/273\n|turn|30\n|\n|t:|1781404320\n|move|p2a: Keldeo|Air Slash|p1a: Deoxys\n|-damage|p1a: Deoxys|98/221 par\n|move|p1a: Deoxys|Stored Power|p2a: Keldeo\n|-supereffective|p2a: Keldeo\n|-damage|p2a: Keldeo|0 fnt\n|faint|p2a: Keldeo\n|\n|-heal|p1a: Deoxys|111/221 par|[from] item: Leftovers\n|-damage|p1a: Deoxys|84/221 par|[from] Salt Cure\n|upkeep\n|\n|t:|1781404325\n|switch|p2a: Garganacl|Garganacl, L80, M|291/291\n|turn|31\n|\n|t:|1781404328\n|move|p2a: Garganacl|Iron Defense|p2a: Garganacl\n|-boost|p2a: Garganacl|def|2\n|cant|p1a: Deoxys|par\n|\n|-heal|p1a: Deoxys|97/221 par|[from] item: Leftovers\n|-damage|p1a: Deoxys|70/221 par|[from] Salt Cure\n|upkeep\n|turn|32\n|\n|t:|1781404333\n|move|p2a: Garganacl|Iron Defense|p2a: Garganacl\n|-boost|p2a: Garganacl|def|2\n|cant|p1a: Deoxys|par\n|\n|-heal|p1a: Deoxys|83/221 par|[from] item: Leftovers\n|-damage|p1a: Deoxys|56/221 par|[from] Salt Cure\n|upkeep\n|turn|33\n|\n|t:|1781404337\n|move|p2a: Garganacl|Salt Cure|p1a: Deoxys\n|-damage|p1a: Deoxys|49/221 par\n|cant|p1a: Deoxys|par\n|\n|-heal|p1a: Deoxys|62/221 par|[from] item: Leftovers\n|-damage|p1a: Deoxys|35/221 par|[from] Salt Cure\n|upkeep\n|turn|34\n|\n|t:|1781404344\n|move|p2a: Garganacl|Iron Defense|p2a: Garganacl\n|-boost|p2a: Garganacl|def|2\n|move|p1a: Deoxys|Recover|p1a: Deoxys\n|-heal|p1a: Deoxys|146/221 par\n|\n|-heal|p1a: Deoxys|159/221 par|[from] item: Leftovers\n|-damage|p1a: Deoxys|132/221 par|[from] Salt Cure\n|upkeep\n|turn|35\n|\n|t:|1781404352\n|move|p2a: Garganacl|Salt Cure|p1a: Deoxys\n|-damage|p1a: Deoxys|123/221 par\n|move|p1a: Deoxys|Recover|p1a: Deoxys\n|-heal|p1a: Deoxys|221/221 par\n|\n|-damage|p1a: Deoxys|194/221 par|[from] Salt Cure\n|upkeep\n|turn|36\n|\n|t:|1781404357\n|move|p2a: Garganacl|Salt Cure|p1a: Deoxys\n|-crit|p1a: Deoxys\n|-damage|p1a: Deoxys|157/221 par\n|move|p1a: Deoxys|Stored Power|p2a: Garganacl\n|-damage|p2a: Garganacl|63/291\n|\n|-heal|p2a: Garganacl|81/291|[from] item: Leftovers\n|-heal|p1a: Deoxys|170/221 par|[from] item: Leftovers\n|-damage|p1a: Deoxys|143/221 par|[from] Salt Cure\n|upkeep\n|turn|37\n|\n|t:|1781404360\n|move|p2a: Garganacl|Recover|p2a: Garganacl\n|-heal|p2a: Garganacl|227/291\n|move|p1a: Deoxys|Stored Power|p2a: Garganacl\n|-damage|p2a: Garganacl|0 fnt\n|faint|p2a: Garganacl\n|\n|win|Z10101\n", "inputlog": ">version a8376a258c1d4662feba110a92103f3664a72141\n>start {\"formatid\":\"gen9randombattle\",\"seed\":\"sodium,3fdd957aa200e177a5738df2d40611d9\",\"rated\":\"Rated battle\"}\n>player p1 {\"name\":\"Z10101\",\"avatar\":\"102\",\"rating\":2071,\"seed\":\"sodium,16ffcd4d7b1dce907083b4fbf15c897a\"}\n>player p2 {\"name\":\"pkmn sleep pro\",\"avatar\":\"266\",\"rating\":2130,\"seed\":\"sodium,085c94bf2d4e3a61781ce7ed131c051c\"}\n>p1 move gigaimpact\n>p2 move focusblast\n>p2 switch 2\n>p1 move recharge\n>p2 move irondefense\n>p1 switch 2\n>p2 move irondefense\n>p1 move cosmicpower\n>p2 move irondefense\n>p1 move cosmicpower\n>p2 move saltcure\n>p1 move cosmicpower\n>p2 move bodypress\n>p1 move cosmicpower\n>p2 move bodypress\n>p1 move recover\n>p2 move bodypress\n>p1 move cosmicpower\n>p2 move bodypress\n>p1 move cosmicpower\n>p2 move bodypress\n>p1 move recover\n>p2 move bodypress\n>p1 move storedpower\n>p2 move bodypress\n>p1 move storedpower\n>p2 move recover\n>p2 switch 4\n>p1 move storedpower\n>p2 move revivalblessing\n>p2 switch 4\n>p1 move recover\n>p2 move trickroom\n>p1 move storedpower\n>p2 move bugbuzz\n>p1 move recover\n>p2 move bugbuzz\n>p1 move storedpower\n>p2 move bugbuzz\n>p1 move recover\n>p2 switch 5\n>p1 move storedpower\n>p2 move bodyslam\n>p1 move storedpower\n>p2 move roost\n>p1 move storedpower\n>p2 move roost\n>p1 move storedpower\n>p2 move roost\n>p2 switch 5\n>p1 move nightshade\n>p2 move bugbuzz\n>p2 switch 4\n>p1 move recover\n>p2 move recover\n>p1 move recover\n>p2 move irondefense\n>p1 move storedpower\n>p2 switch 3\n>p1 move nightshade\n>p2 move thunderbolt\n>p1 move nightshade\n>p2 move thunderbolt\n>p2 switch 6\n>p1 move storedpower\n>p2 move airslash\n>p2 switch 3\n>p1 move recover\n>p2 move irondefense\n>p1 move recover\n>p2 move irondefense\n>p1 move recover\n>p2 move saltcure\n>p1 move recover\n>p2 move irondefense\n>p1 move recover\n>p2 move saltcure\n>p1 move storedpower\n>p2 move saltcure\n>p1 move storedpower\n>p2 move recover", "uploadtime": 1781404057, "views": 6, "formatid": "gen9randombattle", "rating": null, "private": 0, "password": null}