{"id": "gen9randombattle-2631444359", "format": "[Gen 9] Random Battle", "players": ["metaltunder", "Ciuwy"], "log": "|j|\u2606metaltunder\n|j|\u2606Ciuwy\n|t:|1781385429\n|gametype|singles\n|player|p1|metaltunder|palmer|2002\n|player|p2|Ciuwy|cynthia-gen4|1981\n|gen|9\n|tier|[Gen 9] Random Battle\n|rated|\n|rule|Species Clause: Limit one of each Pok\u00e9mon\n|rule|HP Percentage Mod: HP is shown in percentages\n|rule|Sleep Clause Mod: Limit one foe put to sleep\n|rule|Illusion Level Mod: Illusion disguises the Pok\u00e9mon's true level\n|\n|t:|1781385429\n|teamsize|p1|6\n|teamsize|p2|6\n|start\n|switch|p1a: Swalot|Swalot, L90, F|326/326\n|switch|p2a: Darkrai|Darkrai, L77|234/234\n|turn|1\n|inactive|Battle timer is ON: inactive players will automatically lose when time's up. (requested by Ciuwy)\n|\n|t:|1781385451\n|switch|p2a: Copperajah|Copperajah, L86, F|349/349\n|move|p1a: Swalot|Sludge Bomb|p2a: Copperajah\n|-immune|p2a: Copperajah\n|\n|upkeep\n|turn|2\n|\n|t:|1781385456\n|move|p1a: Swalot|Protect|p1a: Swalot\n|-singleturn|p1a: Swalot|Protect\n|move|p2a: Copperajah|Heavy Slam|p1a: Swalot\n|-activate|p1a: Swalot|move: Protect\n|\n|upkeep\n|turn|3\n|\n|t:|1781385462\n|move|p1a: Swalot|Earthquake|p2a: Copperajah\n|-supereffective|p2a: Copperajah\n|-damage|p2a: Copperajah|193/349\n|move|p2a: Copperajah|Heavy Slam|p1a: Swalot\n|-damage|p1a: Swalot|97/326\n|\n|-heal|p1a: Swalot|117/326|[from] item: Leftovers\n|upkeep\n|turn|4\n|\n|t:|1781385465\n|move|p1a: Swalot|Protect|p1a: Swalot\n|-singleturn|p1a: Swalot|Protect\n|move|p2a: Copperajah|Heavy Slam|p1a: Swalot\n|-activate|p1a: Swalot|move: Protect\n|\n|-heal|p1a: Swalot|137/326|[from] item: Leftovers\n|upkeep\n|turn|5\n|\n|t:|1781385468\n|switch|p1a: Raging Bolt|Raging Bolt, L78|323/323\n|-enditem|p1a: Raging Bolt|Booster Energy\n|-activate|p1a: Raging Bolt|ability: Protosynthesis|[fromitem]\n|-start|p1a: Raging Bolt|protosynthesisspa\n|move|p2a: Copperajah|Heavy Slam|p1a: Raging Bolt\n|-resisted|p1a: Raging Bolt\n|-damage|p1a: Raging Bolt|251/323\n|\n|upkeep\n|turn|6\n|\n|t:|1781385481\n|switch|p2a: Raichu|Raichu-Alola, L87, M|246/246\n|move|p1a: Raging Bolt|Thunderbolt|p2a: Raichu\n|-resisted|p2a: Raichu\n|-damage|p2a: Raichu|174/246\n|\n|upkeep\n|turn|7\n|\n|t:|1781385504\n|move|p2a: Raichu|Alluring Voice|p1a: Raging Bolt\n|-supereffective|p1a: Raging Bolt\n|-damage|p1a: Raging Bolt|73/323\n|move|p1a: Raging Bolt|Dragon Pulse|p2a: Raichu\n|-damage|p2a: Raichu|35/246\n|\n|upkeep\n|turn|8\n|\n|t:|1781385509\n|move|p1a: Raging Bolt|Thunderclap|p2a: Raichu\n|-resisted|p2a: Raichu\n|-damage|p2a: Raichu|0 fnt\n|faint|p2a: Raichu\n|\n|upkeep\n|\n|t:|1781385513\n|switch|p2a: Porygon2|Porygon2, L81|270/270\n|-ability|p2a: Porygon2|Download|boost\n|-boost|p2a: Porygon2|spa|1\n|turn|9\n|\n|t:|1781385527\n|-end|p1a: Raging Bolt|Protosynthesis|[silent]\n|switch|p1a: Mandibuzz|Mandibuzz, L85, F|326/326\n|move|p2a: Porygon2|Tera Blast|p1a: Mandibuzz\n|-damage|p1a: Mandibuzz|208/326\n|\n|upkeep\n|turn|10\n|\n|t:|1781385533\n|move|p1a: Mandibuzz|Knock Off|p2a: Porygon2\n|-damage|p2a: Porygon2|219/270\n|-enditem|p2a: Porygon2|Eviolite|[from] move: Knock Off|[of] p1a: Mandibuzz\n|move|p2a: Porygon2|Thunder Wave|p1a: Mandibuzz|[miss]\n|-miss|p2a: Porygon2|p1a: Mandibuzz\n|\n|upkeep\n|turn|11\n|\n|t:|1781385536\n|move|p1a: Mandibuzz|Toxic|p2a: Porygon2\n|-status|p2a: Porygon2|tox\n|move|p2a: Porygon2|Tera Blast|p1a: Mandibuzz\n|-damage|p1a: Mandibuzz|88/326\n|\n|-damage|p2a: Porygon2|203/270 tox|[from] psn\n|upkeep\n|turn|12\n|\n|t:|1781385539\n|move|p1a: Mandibuzz|Roost|p1a: Mandibuzz\n|-heal|p1a: Mandibuzz|251/326\n|-singleturn|p1a: Mandibuzz|move: Roost\n|move|p2a: Porygon2|Thunder Wave|p1a: Mandibuzz\n|-status|p1a: Mandibuzz|par\n|\n|-damage|p2a: Porygon2|171/270 tox|[from] psn\n|upkeep\n|turn|13\n|\n|t:|1781385543\n|switch|p2a: Copperajah|Copperajah, L86, F|193/349\n|move|p1a: Mandibuzz|Roost|p1a: Mandibuzz\n|-heal|p1a: Mandibuzz|326/326 par\n|-singleturn|p1a: Mandibuzz|move: Roost\n|\n|upkeep\n|turn|14\n|\n|t:|1781385547\n|move|p2a: Copperajah|Heavy Slam|p1a: Mandibuzz\n|-damage|p1a: Mandibuzz|115/326 par\n|cant|p1a: Mandibuzz|par\n|\n|upkeep\n|turn|15\n|\n|t:|1781385551\n|switch|p1a: Raging Bolt|Raging Bolt, L78|73/323\n|move|p2a: Copperajah|Heavy Slam|p1a: Raging Bolt\n|-resisted|p1a: Raging Bolt\n|-damage|p1a: Raging Bolt|1/323\n|\n|upkeep\n|turn|16\n|\n|t:|1781385553\n|move|p1a: Raging Bolt|Thunderbolt|p2a: Copperajah\n|-damage|p2a: Copperajah|55/349\n|move|p2a: Copperajah|Heavy Slam|p1a: Raging Bolt\n|-resisted|p1a: Raging Bolt\n|-damage|p1a: Raging Bolt|0 fnt\n|faint|p1a: Raging Bolt\n|-end|p1a: Raging Bolt|Protosynthesis|[silent]\n|\n|upkeep\n|\n|t:|1781385557\n|switch|p1a: Swalot|Swalot, L90, F|137/326\n|turn|17\n|\n|t:|1781385560\n|move|p1a: Swalot|Earthquake|p2a: Copperajah\n|-supereffective|p2a: Copperajah\n|-damage|p2a: Copperajah|0 fnt\n|faint|p2a: Copperajah\n|\n|-heal|p1a: Swalot|157/326|[from] item: Leftovers\n|upkeep\n|\n|t:|1781385567\n|switch|p2a: Ho-Oh|Ho-Oh, L71|268/268\n|turn|18\n|\n|t:|1781385580\n|move|p2a: Ho-Oh|Earthquake|p1a: Swalot\n|-supereffective|p1a: Swalot\n|-damage|p1a: Swalot|37/326\n|move|p1a: Swalot|Toxic|p2a: Ho-Oh\n|-status|p2a: Ho-Oh|tox\n|\n|-heal|p1a: Swalot|57/326|[from] item: Leftovers\n|-damage|p2a: Ho-Oh|252/268 tox|[from] psn\n|upkeep\n|turn|19\n|inactive|metaltunder has 120 seconds left.\n|\n|t:|1781385618\n|move|p1a: Swalot|Protect|p1a: Swalot\n|-singleturn|p1a: Swalot|Protect\n|move|p2a: Ho-Oh|Brave Bird|p1a: Swalot\n|-activate|p1a: Swalot|move: Protect\n|\n|-heal|p1a: Swalot|77/326|[from] item: Leftovers\n|-damage|p2a: Ho-Oh|220/268 tox|[from] psn\n|upkeep\n|turn|20\n|\n|t:|1781385625\n|switch|p1a: Mandibuzz|Mandibuzz, L85, F|115/326 par\n|move|p2a: Ho-Oh|Earthquake|p1a: Mandibuzz\n|-immune|p1a: Mandibuzz\n|\n|-damage|p2a: Ho-Oh|172/268 tox|[from] psn\n|upkeep\n|turn|21\n|\n|t:|1781385638\n|move|p2a: Ho-Oh|Brave Bird|p1a: Mandibuzz\n|-damage|p1a: Mandibuzz|7/326 par\n|-damage|p2a: Ho-Oh|136/268 tox|[from] Recoil\n|move|p1a: Mandibuzz|Roost|p1a: Mandibuzz\n|-heal|p1a: Mandibuzz|170/326 par\n|-singleturn|p1a: Mandibuzz|move: Roost\n|\n|-damage|p2a: Ho-Oh|72/268 tox|[from] psn\n|upkeep\n|turn|22\n|\n|t:|1781385642\n|switch|p2a: Porygon2|Porygon2, L81|171/270 tox\n|-ability|p2a: Porygon2|Download|boost\n|-boost|p2a: Porygon2|spa|1\n|move|p1a: Mandibuzz|Roost|p1a: Mandibuzz\n|-heal|p1a: Mandibuzz|326/326 par\n|-singleturn|p1a: Mandibuzz|move: Roost\n|\n|-damage|p2a: Porygon2|155/270 tox|[from] psn\n|upkeep\n|turn|23\n|inactive|metaltunder has 120 seconds left.\n|inactive|metaltunder has 90 seconds left.\n|inactive|metaltunder has 60 seconds left.\n|\n|t:|1781385745\n|move|p2a: Porygon2|Tera Blast|p1a: Mandibuzz\n|-damage|p1a: Mandibuzz|199/326 par\n|move|p1a: Mandibuzz|Knock Off|p2a: Porygon2\n|-damage|p2a: Porygon2|103/270 tox\n|\n|-damage|p2a: Porygon2|71/270 tox|[from] psn\n|upkeep\n|turn|24\n|\n|t:|1781385750\n|move|p2a: Porygon2|Tera Blast|p1a: Mandibuzz\n|-damage|p1a: Mandibuzz|78/326 par\n|move|p1a: Mandibuzz|Roost|p1a: Mandibuzz\n|-heal|p1a: Mandibuzz|241/326 par\n|-singleturn|p1a: Mandibuzz|move: Roost\n|\n|-damage|p2a: Porygon2|23/270 tox|[from] psn\n|upkeep\n|turn|25\n|\n|t:|1781385754\n|move|p2a: Porygon2|Tera Blast|p1a: Mandibuzz\n|-damage|p1a: Mandibuzz|114/326 par\n|move|p1a: Mandibuzz|Roost|p1a: Mandibuzz\n|-heal|p1a: Mandibuzz|277/326 par\n|-singleturn|p1a: Mandibuzz|move: Roost\n|\n|-damage|p2a: Porygon2|0 fnt|[from] psn\n|faint|p2a: Porygon2\n|upkeep\n|\n|t:|1781385759\n|switch|p2a: Darkrai|Darkrai, L77|234/234\n|turn|26\n|inactive|metaltunder has 60 seconds left.\n|\n|t:|1781385800\n|switch|p1a: Rillaboom|Rillaboom, L79, F|288/288\n|-fieldstart|move: Grassy Terrain|[from] ability: Grassy Surge|[of] p1a: Rillaboom\n|move|p2a: Darkrai|Substitute|p2a: Darkrai\n|-start|p2a: Darkrai|Substitute\n|-damage|p2a: Darkrai|176/234\n|\n|-heal|p2a: Darkrai|190/234|[from] Grassy Terrain\n|-heal|p2a: Darkrai|204/234|[from] item: Leftovers\n|upkeep\n|turn|27\n|\n|t:|1781385809\n|-terastallize|p2a: Darkrai|Poison\n|move|p1a: Rillaboom|Grassy Glide|p2a: Darkrai\n|-resisted|p2a: Darkrai\n|-end|p2a: Darkrai|Substitute\n|move|p2a: Darkrai|Nasty Plot|p2a: Darkrai\n|-boost|p2a: Darkrai|spa|2\n|\n|-heal|p2a: Darkrai|218/234|[from] Grassy Terrain\n|-heal|p2a: Darkrai|232/234|[from] item: Leftovers\n|upkeep\n|turn|28\n|\n|t:|1781385820\n|move|p1a: Rillaboom|Grassy Glide|p2a: Darkrai\n|-resisted|p2a: Darkrai\n|-damage|p2a: Darkrai|166/234\n|move|p2a: Darkrai|Nasty Plot|p2a: Darkrai\n|-boost|p2a: Darkrai|spa|2\n|\n|-heal|p2a: Darkrai|180/234|[from] Grassy Terrain\n|-heal|p2a: Darkrai|194/234|[from] item: Leftovers\n|upkeep\n|turn|29\n|\n|t:|1781385824\n|move|p1a: Rillaboom|Grassy Glide|p2a: Darkrai\n|-resisted|p2a: Darkrai\n|-damage|p2a: Darkrai|131/234\n|move|p2a: Darkrai|Substitute|p2a: Darkrai\n|-start|p2a: Darkrai|Substitute\n|-damage|p2a: Darkrai|73/234\n|\n|-heal|p2a: Darkrai|87/234|[from] Grassy Terrain\n|-heal|p2a: Darkrai|101/234|[from] item: Leftovers\n|upkeep\n|turn|30\n|\n|t:|1781385827\n|move|p1a: Rillaboom|Grassy Glide|p2a: Darkrai\n|-resisted|p2a: Darkrai\n|-end|p2a: Darkrai|Substitute\n|move|p2a: Darkrai|Sludge Bomb|p1a: Rillaboom\n|-supereffective|p1a: Rillaboom\n|-damage|p1a: Rillaboom|0 fnt\n|faint|p1a: Rillaboom\n|\n|-heal|p2a: Darkrai|115/234|[from] Grassy Terrain\n|-heal|p2a: Darkrai|129/234|[from] item: Leftovers\n|-fieldend|move: Grassy Terrain\n|upkeep\n|\n|t:|1781385829\n|switch|p1a: Lucario|Lucario, L84, F|255/255\n|turn|31\n|\n|t:|1781385834\n|-terastallize|p1a: Lucario|Normal\n|move|p1a: Lucario|Extreme Speed|p2a: Darkrai\n|-damage|p2a: Darkrai|0 fnt\n|faint|p2a: Darkrai\n|\n|upkeep\n|\n|t:|1781385838\n|switch|p2a: Lunala|Lunala, L70|308/308\n|turn|32\n|inactive|metaltunder has 90 seconds left.\n|\n|t:|1781385853\n|switch|p1a: Mandibuzz|Mandibuzz, L85, F|277/326 par\n|move|p2a: Lunala|Calm Mind|p2a: Lunala\n|-boost|p2a: Lunala|spa|1\n|-boost|p2a: Lunala|spd|1\n|\n|upkeep\n|turn|33\n|\n|t:|1781385868\n|move|p2a: Lunala|Calm Mind|p2a: Lunala\n|-boost|p2a: Lunala|spa|1\n|-boost|p2a: Lunala|spd|1\n|move|p1a: Mandibuzz|Knock Off|p2a: Lunala\n|-supereffective|p2a: Lunala\n|-damage|p2a: Lunala|104/308\n|-enditem|p2a: Lunala|Leftovers|[from] move: Knock Off|[of] p1a: Mandibuzz\n|\n|upkeep\n|turn|34\n|inactive|metaltunder has 90 seconds left.\n|\n|t:|1781385899\n|move|p2a: Lunala|Moonlight|p2a: Lunala\n|-heal|p2a: Lunala|258/308\n|move|p1a: Mandibuzz|Toxic|p2a: Lunala|[miss]\n|-miss|p1a: Mandibuzz|p2a: Lunala\n|\n|upkeep\n|turn|35\n|\n|t:|1781385906\n|move|p2a: Lunala|Moonlight|p2a: Lunala\n|-heal|p2a: Lunala|308/308\n|cant|p1a: Mandibuzz|par\n|\n|upkeep\n|turn|36\n|inactive|metaltunder has 90 seconds left.\n|\n|t:|1781385929\n|move|p2a: Lunala|Focus Blast|p1a: Mandibuzz\n|-damage|p1a: Mandibuzz|129/326 par\n|-unboost|p1a: Mandibuzz|spd|1\n|move|p1a: Mandibuzz|Toxic|p2a: Lunala\n|-status|p2a: Lunala|tox\n|\n|-damage|p2a: Lunala|289/308 tox|[from] psn\n|upkeep\n|turn|37\n|\n|t:|1781385935\n|switch|p1a: Swalot|Swalot, L90, F|77/326\n|move|p2a: Lunala|Focus Blast|p1a: Swalot\n|-resisted|p1a: Swalot\n|-damage|p1a: Swalot|0 fnt\n|faint|p1a: Swalot\n|\n|-damage|p2a: Lunala|251/308 tox|[from] psn\n|upkeep\n|\n|t:|1781385941\n|switch|p1a: Mewtwo|Mewtwo, L72|272/272\n|-ability|p1a: Mewtwo|Unnerve\n|turn|38\n|\n|t:|1781385945\n|switch|p1a: Mandibuzz|Mandibuzz, L85, F|129/326 par\n|move|p2a: Lunala|Moongeist Beam|p1a: Mandibuzz\n|-resisted|p1a: Mandibuzz\n|-damage|p1a: Mandibuzz|42/326 par\n|\n|-damage|p2a: Lunala|194/308 tox|[from] psn\n|upkeep\n|turn|39\n|inactive|metaltunder has 90 seconds left.\n|\n|t:|1781385982\n|move|p2a: Lunala|Moongeist Beam|p1a: Mandibuzz\n|-resisted|p1a: Mandibuzz\n|-damage|p1a: Mandibuzz|0 fnt\n|faint|p1a: Mandibuzz\n|\n|-damage|p2a: Lunala|118/308 tox|[from] psn\n|upkeep\n|\n|t:|1781385991\n|switch|p1a: Mewtwo|Mewtwo, L72|272/272\n|-ability|p1a: Mewtwo|Unnerve\n|turn|40\n|\n|t:|1781385994\n|move|p1a: Mewtwo|Psystrike|p2a: Lunala\n|-resisted|p2a: Lunala\n|-damage|p2a: Lunala|32/308 tox\n|-damage|p1a: Mewtwo|245/272|[from] item: Life Orb\n|move|p2a: Lunala|Moongeist Beam|p1a: Mewtwo\n|-supereffective|p1a: Mewtwo\n|-damage|p1a: Mewtwo|0 fnt\n|faint|p1a: Mewtwo\n|\n|-damage|p2a: Lunala|0 fnt|[from] psn\n|faint|p2a: Lunala\n|upkeep\n|\n|t:|1781385997\n|switch|p1a: Lucario|Lucario, L84, F, tera:Normal|255/255\n|switch|p2a: Ho-Oh|Ho-Oh, L71|161/268 tox\n|turn|41\n|\n|t:|1781386001\n|move|p1a: Lucario|Stone Edge|p2a: Ho-Oh\n|-supereffective|p2a: Ho-Oh\n|-damage|p2a: Ho-Oh|0 fnt\n|faint|p2a: Ho-Oh\n|\n|win|metaltunder\n", "uploadtime": 1781385432, "views": 7, "formatid": "gen9randombattle", "rating": null, "private": 0, "password": null}