{"id": "gen9randombattle-2631630174", "format": "[Gen 9] Random Battle", "players": ["masbahlilganteng", "bulrug"], "log": "|j|\u2606masbahlilganteng\n|j|\u203dbulrug\n|t:|1781411557\n|gametype|singles\n|player|p1|masbahlilganteng|hoopster|2069\n|player|p2|bulrug|burglar|2029\n|gen|9\n|tier|[Gen 9] Random Battle\n|rated|\n|rule|Species Clause: Limit one of each Pok\u00e9mon\n|rule|HP Percentage Mod: HP is shown in percentages\n|rule|Sleep Clause Mod: Limit one foe put to sleep\n|rule|Illusion Level Mod: Illusion disguises the Pok\u00e9mon's true level\n|\n|t:|1781411557\n|teamsize|p1|6\n|teamsize|p2|6\n|start\n|switch|p1a: Rayquaza|Rayquaza, L72|270/270\n|switch|p2a: Hydreigon|Hydreigon, L79, M|275/275\n|-ability|p1a: Rayquaza|Air Lock\n|turn|1\n|inactive|Battle timer is ON: inactive players will automatically lose when time's up. (requested by masbahlilganteng)\n|\n|t:|1781411571\n|switch|p1a: Whimsicott|Whimsicott, L84, F|238/238\n|move|p2a: Hydreigon|Draco Meteor|p1a: Whimsicott\n|-immune|p1a: Whimsicott\n|\n|upkeep\n|turn|2\n|\n|t:|1781411575\n|switch|p2a: Lilligant|Lilligant, L86, F|261/261\n|move|p1a: Whimsicott|Substitute|p1a: Whimsicott\n|-start|p1a: Whimsicott|Substitute\n|-damage|p1a: Whimsicott|179/238\n|\n|-heal|p1a: Whimsicott|193/238|[from] item: Leftovers\n|upkeep\n|turn|3\n|\n|t:|1781411579\n|move|p1a: Whimsicott|Moonblast|p2a: Lilligant\n|-damage|p2a: Lilligant|167/261\n|move|p2a: Lilligant|Giga Drain|p1a: Whimsicott\n|-resisted|p1a: Whimsicott\n|-end|p1a: Whimsicott|Substitute\n|-heal|p2a: Lilligant|197/261|[from] drain|[of] p1a: Whimsicott\n|-damage|p2a: Lilligant|171/261|[from] item: Life Orb\n|\n|-heal|p1a: Whimsicott|207/238|[from] item: Leftovers\n|upkeep\n|turn|4\n|\n|t:|1781411589\n|switch|p2a: Ceruledge|Ceruledge, L78, F|245/245\n|move|p1a: Whimsicott|Moonblast|p2a: Ceruledge\n|-resisted|p2a: Ceruledge\n|-damage|p2a: Ceruledge|207/245\n|\n|-heal|p1a: Whimsicott|221/238|[from] item: Leftovers\n|upkeep\n|turn|5\n|\n|t:|1781411592\n|move|p1a: Whimsicott|Substitute|p1a: Whimsicott\n|-start|p1a: Whimsicott|Substitute\n|-damage|p1a: Whimsicott|162/238\n|move|p2a: Ceruledge|Bitter Blade|p1a: Whimsicott\n|-supereffective|p1a: Whimsicott\n|-end|p1a: Whimsicott|Substitute\n|-heal|p2a: Ceruledge|237/245|[from] drain|[of] p1a: Whimsicott\n|\n|-heal|p1a: Whimsicott|176/238|[from] item: Leftovers\n|upkeep\n|turn|6\n|\n|t:|1781411600\n|move|p1a: Whimsicott|Substitute|p1a: Whimsicott\n|-start|p1a: Whimsicott|Substitute\n|-damage|p1a: Whimsicott|117/238\n|move|p2a: Ceruledge|Poltergeist|p1a: Whimsicott\n|-activate|p1a: Whimsicott|move: Poltergeist|Leftovers\n|-end|p1a: Whimsicott|Substitute\n|\n|-heal|p1a: Whimsicott|131/238|[from] item: Leftovers\n|upkeep\n|turn|7\n|\n|t:|1781411608\n|move|p1a: Whimsicott|Substitute|p1a: Whimsicott\n|-start|p1a: Whimsicott|Substitute\n|-damage|p1a: Whimsicott|72/238\n|move|p2a: Ceruledge|Bitter Blade|p1a: Whimsicott\n|-supereffective|p1a: Whimsicott\n|-end|p1a: Whimsicott|Substitute\n|-heal|p2a: Ceruledge|245/245|[from] drain|[of] p1a: Whimsicott\n|\n|-heal|p1a: Whimsicott|86/238|[from] item: Leftovers\n|upkeep\n|turn|8\n|\n|t:|1781411617\n|switch|p1a: Magmortar|Magmortar, L88, F|275/275\n|move|p2a: Ceruledge|Bitter Blade|p1a: Magmortar\n|-resisted|p1a: Magmortar\n|-damage|p1a: Magmortar|215/275\n|\n|upkeep\n|turn|9\n|\n|t:|1781411621\n|switch|p2a: Bellibolt|Bellibolt, L84, M|320/320\n|move|p1a: Magmortar|Scorching Sands|p2a: Bellibolt\n|-supereffective|p2a: Bellibolt\n|-damage|p2a: Bellibolt|116/320\n|-start|p2a: Bellibolt|Charge|Scorching Sands|[from] ability: Electromorphosis\n|\n|-heal|p2a: Bellibolt|136/320|[from] item: Leftovers\n|upkeep\n|turn|10\n|\n|t:|1781411624\n|move|p1a: Magmortar|Scorching Sands|p2a: Bellibolt\n|-supereffective|p2a: Bellibolt\n|-damage|p2a: Bellibolt|0 fnt\n|faint|p2a: Bellibolt\n|\n|upkeep\n|\n|t:|1781411630\n|switch|p2a: Basculin|Basculin, L86, M|261/261\n|turn|11\n|inactive|masbahlilganteng has 120 seconds left.\n|\n|t:|1781411671\n|switch|p1a: Whimsicott|Whimsicott, L84, F|86/238\n|move|p2a: Basculin|Flip Turn|p1a: Whimsicott\n|-resisted|p1a: Whimsicott\n|-damage|p1a: Whimsicott|25/238\n|\n|t:|1781411675\n|switch|p2a: Ceruledge|Ceruledge, L78, F|245/245|[from] Flip Turn\n|\n|-heal|p1a: Whimsicott|39/238|[from] item: Leftovers\n|upkeep\n|turn|12\n|inactive|masbahlilganteng has 120 seconds left.\n|\n|t:|1781411702\n|switch|p1a: Magmortar|Magmortar, L88, F|215/275\n|move|p2a: Ceruledge|Bitter Blade|p1a: Magmortar\n|-resisted|p1a: Magmortar\n|-damage|p1a: Magmortar|158/275\n|\n|upkeep\n|turn|13\n|\n|t:|1781411714\n|switch|p2a: Hydreigon|Hydreigon, L79, M|275/275\n|move|p1a: Magmortar|Focus Blast|p2a: Hydreigon\n|-supereffective|p2a: Hydreigon\n|-damage|p2a: Hydreigon|0 fnt\n|faint|p2a: Hydreigon\n|\n|upkeep\n|\n|t:|1781411721\n|switch|p2a: Basculin|Basculin, L86, M|261/261\n|turn|14\n|\n|t:|1781411735\n|switch|p1a: Rayquaza|Rayquaza, L72|270/270\n|-ability|p1a: Rayquaza|Air Lock\n|move|p2a: Basculin|Wave Crash|p1a: Rayquaza\n|-resisted|p1a: Rayquaza\n|-crit|p1a: Rayquaza\n|-damage|p1a: Rayquaza|61/270\n|-damage|p2a: Basculin|192/261|[from] Recoil\n|\n|upkeep\n|turn|15\n|\n|t:|1781411749\n|move|p2a: Basculin|Wave Crash|p1a: Rayquaza\n|-resisted|p1a: Rayquaza\n|-damage|p1a: Rayquaza|0 fnt\n|faint|p1a: Rayquaza\n|-damage|p2a: Basculin|172/261|[from] Recoil\n|\n|upkeep\n|\n|t:|1781411766\n|switch|p1a: Whimsicott|Whimsicott, L84, F|39/238\n|turn|16\n|\n|t:|1781411770\n|move|p1a: Whimsicott|Moonblast|p2a: Basculin\n|-damage|p2a: Basculin|51/261\n|move|p2a: Basculin|Wave Crash|p1a: Whimsicott\n|-resisted|p1a: Whimsicott\n|-damage|p1a: Whimsicott|0 fnt\n|faint|p1a: Whimsicott\n|-damage|p2a: Basculin|38/261|[from] Recoil\n|\n|upkeep\n|\n|t:|1781411790\n|switch|p1a: Magmortar|Magmortar, L88, F|158/275\n|turn|17\n|\n|t:|1781411794\n|-terastallize|p1a: Magmortar|Water\n|move|p2a: Basculin|Wave Crash|p1a: Magmortar\n|-resisted|p1a: Magmortar\n|-damage|p1a: Magmortar|0 fnt\n|faint|p1a: Magmortar\n|-damage|p2a: Basculin|0 fnt|[from] Recoil\n|faint|p2a: Basculin\n|\n|upkeep\n|\n|t:|1781411808\n|switch|p2a: Vaporeon|Vaporeon, L86, F|364/364\n|switch|p1a: Drifblim|Drifblim, L86, M|398/398\n|turn|18\n|\n|t:|1781411818\n|move|p1a: Drifblim|Shadow Ball|p2a: Vaporeon\n|-damage|p2a: Vaporeon|288/364\n|-unboost|p2a: Vaporeon|spd|1\n|move|p2a: Vaporeon|Calm Mind|p2a: Vaporeon\n|-boost|p2a: Vaporeon|spa|1\n|-boost|p2a: Vaporeon|spd|1\n|\n|-heal|p2a: Vaporeon|310/364|[from] item: Leftovers\n|upkeep\n|turn|19\n|\n|t:|1781411826\n|switch|p1a: Munkidori|Munkidori, L79, M|269/269\n|move|p2a: Vaporeon|Calm Mind|p2a: Vaporeon\n|-boost|p2a: Vaporeon|spa|1\n|-boost|p2a: Vaporeon|spd|1\n|\n|-heal|p2a: Vaporeon|332/364|[from] item: Leftovers\n|upkeep\n|turn|20\n|\n|t:|1781411834\n|move|p2a: Vaporeon|Protect|p2a: Vaporeon\n|-singleturn|p2a: Vaporeon|Protect\n|move|p1a: Munkidori|Nasty Plot|p1a: Munkidori\n|-boost|p1a: Munkidori|spa|2\n|\n|-heal|p2a: Vaporeon|354/364|[from] item: Leftovers\n|upkeep\n|turn|21\n|\n|t:|1781411838\n|move|p1a: Munkidori|Psyshock|p2a: Vaporeon\n|-damage|p2a: Vaporeon|19/364\n|-status|p2a: Vaporeon|tox|[from] ability: Toxic Chain|[of] p1a: Munkidori\n|-damage|p1a: Munkidori|243/269|[from] item: Life Orb\n|move|p2a: Vaporeon|Scald|p1a: Munkidori\n|-damage|p1a: Munkidori|27/269\n|-status|p1a: Munkidori|brn\n|\n|-heal|p2a: Vaporeon|41/364 tox|[from] item: Leftovers\n|-damage|p2a: Vaporeon|19/364 tox|[from] psn\n|-damage|p1a: Munkidori|11/269 brn|[from] brn\n|upkeep\n|turn|22\n|inactive|masbahlilganteng has 120 seconds left.\n|\n|t:|1781411849\n|switch|p1a: Drifblim|Drifblim, L86, M|398/398\n|move|p2a: Vaporeon|Wish|p2a: Vaporeon\n|\n|-heal|p2a: Vaporeon|41/364 tox|[from] item: Leftovers\n|-damage|p2a: Vaporeon|0 fnt|[from] psn\n|faint|p2a: Vaporeon\n|upkeep\n|\n|t:|1781411852\n|switch|p2a: Ceruledge|Ceruledge, L78, F|245/245\n|turn|23\n|\n|t:|1781411855\n|move|p1a: Drifblim|Shadow Ball|p2a: Ceruledge\n|-supereffective|p2a: Ceruledge\n|-damage|p2a: Ceruledge|93/245\n|-unboost|p2a: Ceruledge|spd|1\n|move|p2a: Ceruledge|Poltergeist|p1a: Drifblim\n|-activate|p1a: Drifblim|move: Poltergeist|Heavy-Duty Boots\n|-supereffective|p1a: Drifblim\n|-crit|p1a: Drifblim\n|-damage|p1a: Drifblim|0 fnt\n|faint|p1a: Drifblim\n|\n|-heal|p2a: Ceruledge|245/245|[from] move: Wish|[wisher] Vaporeon\n|upkeep\n|\n|t:|1781411870\n|switch|p1a: Munkidori|Munkidori, L79, M|11/269 brn\n|turn|24\n|\n|t:|1781411874\n|move|p2a: Ceruledge|Shadow Sneak|p1a: Munkidori\n|-supereffective|p1a: Munkidori\n|-damage|p1a: Munkidori|0 fnt\n|faint|p1a: Munkidori\n|\n|upkeep\n|\n|t:|1781411877\n|switch|p1a: Passimian|Passimian, L83, F|302/302\n|turn|25\n|\n|t:|1781411881\n|move|p1a: Passimian|Bulk Up|p1a: Passimian\n|-boost|p1a: Passimian|atk|1\n|-boost|p1a: Passimian|def|1\n|move|p2a: Ceruledge|Swords Dance|p2a: Ceruledge\n|-boost|p2a: Ceruledge|atk|2\n|\n|upkeep\n|turn|26\n|\n|t:|1781411884\n|move|p1a: Passimian|Knock Off|p2a: Ceruledge\n|-supereffective|p2a: Ceruledge\n|-damage|p2a: Ceruledge|0 fnt\n|-enditem|p2a: Ceruledge|Heavy-Duty Boots|[from] move: Knock Off|[of] p1a: Passimian\n|faint|p2a: Ceruledge\n|\n|upkeep\n|\n|t:|1781411888\n|switch|p2a: Lilligant|Lilligant, L86, F|171/261\n|turn|27\n|\n|t:|1781411893\n|move|p2a: Lilligant|Sleep Powder|p1a: Passimian|[miss]\n|-miss|p2a: Lilligant|p1a: Passimian\n|move|p1a: Passimian|Drain Punch|p2a: Lilligant\n|-damage|p2a: Lilligant|11/261\n|\n|upkeep\n|turn|28\n|\n|t:|1781411896\n|move|p2a: Lilligant|Sleep Powder|p1a: Passimian\n|-status|p1a: Passimian|slp|[from] move: Sleep Powder\n|cant|p1a: Passimian|slp\n|\n|upkeep\n|turn|29\n|\n|t:|1781411899\n|move|p2a: Lilligant|Giga Drain|p1a: Passimian\n|-damage|p1a: Passimian|129/302 slp\n|-heal|p2a: Lilligant|98/261|[from] drain|[of] p1a: Passimian\n|-damage|p2a: Lilligant|72/261|[from] item: Life Orb\n|cant|p1a: Passimian|slp\n|\n|-heal|p1a: Passimian|147/302 slp|[from] item: Leftovers\n|upkeep\n|turn|30\n|\n|t:|1781411904\n|move|p2a: Lilligant|Giga Drain|p1a: Passimian\n|-damage|p1a: Passimian|0 fnt\n|-heal|p2a: Lilligant|146/261|[from] drain|[of] p1a: Passimian\n|faint|p1a: Passimian\n|-damage|p2a: Lilligant|120/261|[from] item: Life Orb\n|\n|win|bulrug\n|raw|masbahlilganteng's rating: 2069 &rarr; <strong>2047</strong><br />(-22 for losing)\n|raw|bulrug's rating: 2029 &rarr; <strong>2051</strong><br />(+22 for winning)\n", "inputlog": ">version a8376a258c1d4662feba110a92103f3664a72141\n>start {\"formatid\":\"gen9randombattle\",\"seed\":\"sodium,e52d142cee60c8b7b22d0b31119eae98\",\"rated\":\"Rated battle\"}\n>player p1 {\"name\":\"masbahlilganteng\",\"avatar\":\"hoopster\",\"rating\":2069,\"seed\":\"sodium,f94943d4a86f1fc27d9775de506e422b\"}\n>player p2 {\"name\":\"bulrug\",\"avatar\":\"burglar\",\"rating\":2029,\"seed\":\"sodium,088de27e2dccba4dba532a9466428f9d\"}\n>p1 switch 4\n>p2 move dracometeor\n>p1 move substitute\n>p2 switch 5\n>p1 move moonblast\n>p2 move gigadrain\n>p1 move moonblast\n>p2 switch 2\n>p1 move substitute\n>p2 move bitterblade\n>p1 move substitute\n>p2 move poltergeist\n>p1 move substitute\n>p2 move bitterblade\n>p1 switch 5\n>p2 move bitterblade\n>p1 move scorchingsands\n>p2 switch 6\n>p1 move scorchingsands\n>p2 move slackoff\n>p2 switch 3\n>p1 switch 5\n>p2 move flipturn\n>p2 switch 6\n>p1 switch 5\n>p2 move bitterblade\n>p1 move focusblast\n>p2 switch 5\n>p2 switch 6\n>p1 switch 4\n>p2 move wavecrash\n>p1 move scaleshot\n>p2 move wavecrash\n>p1 switch 5\n>p1 move moonblast\n>p2 move wavecrash\n>p1 switch 4\n>p1 move fireblast terastallize\n>p2 move wavecrash\n>p1 switch 3\n>p2 switch 4\n>p1 move shadowball\n>p2 move calmmind\n>p1 switch 6\n>p2 move calmmind\n>p1 move nastyplot\n>p2 move protect\n>p1 move psyshock\n>p2 move scald\n>p1 switch 6\n>p2 move wish\n>p2 switch 5\n>p1 move shadowball\n>p2 move poltergeist\n>p1 switch 6\n>p1 move psyshock\n>p2 move shadowsneak\n>p1 switch 2\n>p1 move bulkup\n>p2 move swordsdance\n>p1 move knockoff\n>p2 move poltergeist\n>p2 switch 2\n>p1 move drainpunch\n>p2 move sleeppowder\n>p1 move drainpunch\n>p2 move sleeppowder\n>p1 move drainpunch\n>p2 move gigadrain\n>p1 move drainpunch\n>p2 move gigadrain", "uploadtime": 1781411558, "views": 5, "formatid": "gen9randombattle", "rating": 2047, "private": 0, "password": null}