{"id": "gen9randombattle-2631613651", "format": "[Gen 9] Random Battle", "players": ["Chopsuey84", "ape-trebuchet"], "log": "|j|\u203dChopsuey84\n|j|\u2606ape-trebuchet\n|t:|1781408974\n|gametype|singles\n|player|p1|Chopsuey84|169|1909\n|player|p2|ape-trebuchet|swimmer-gen4dp|1919\n|gen|9\n|tier|[Gen 9] Random Battle\n|rated|\n|rule|Species Clause: Limit one of each Pok\u00e9mon\n|rule|HP Percentage Mod: HP is shown in percentages\n|rule|Sleep Clause Mod: Limit one foe put to sleep\n|rule|Illusion Level Mod: Illusion disguises the Pok\u00e9mon's true level\n|\n|t:|1781408974\n|teamsize|p1|6\n|teamsize|p2|6\n|start\n|switch|p1a: Okidogi|Okidogi, L77, M|262/262\n|switch|p2a: Dedenne|Dedenne, L88, F|261/261\n|turn|1\n|inactive|Battle timer is ON: inactive players will automatically lose when time's up. (requested by ape-trebuchet)\n|\n|t:|1781408995\n|move|p2a: Dedenne|U-turn|p1a: Okidogi\n|-resisted|p1a: Okidogi\n|-damage|p1a: Okidogi|255/262\n|\n|t:|1781408998\n|switch|p2a: Empoleon|Empoleon, L84, M|278/278|[from] U-turn\n|move|p1a: Okidogi|Gunk Shot|p2a: Empoleon\n|-immune|p2a: Empoleon\n|\n|upkeep\n|turn|2\n|\n|t:|1781409025\n|switch|p2a: Giratina|Giratina-Origin, L72|335/335\n|move|p1a: Okidogi|Drain Punch|p2a: Giratina\n|-immune|p2a: Giratina\n|\n|upkeep\n|turn|3\n|inactive|Chopsuey84 has 120 seconds left.\n|\n|t:|1781409041\n|switch|p1a: Mudsdale|Mudsdale, L83, M|302/302\n|move|p2a: Giratina|Will-O-Wisp|p1a: Mudsdale\n|-status|p1a: Mudsdale|brn\n|\n|-damage|p1a: Mudsdale|284/302 brn|[from] brn\n|upkeep\n|turn|4\n|\n|t:|1781409050\n|switch|p2a: Empoleon|Empoleon, L84, M|278/278\n|move|p1a: Mudsdale|Stealth Rock|p2a: Empoleon\n|-sidestart|p2: ape-trebuchet|move: Stealth Rock\n|\n|-heal|p1a: Mudsdale|302/302 brn|[from] item: Leftovers\n|-damage|p1a: Mudsdale|284/302 brn|[from] brn\n|upkeep\n|turn|5\n|\n|t:|1781409057\n|move|p2a: Empoleon|Stealth Rock|p1a: Mudsdale\n|-sidestart|p1: Chopsuey84|move: Stealth Rock\n|move|p1a: Mudsdale|Earthquake|p2a: Empoleon\n|-supereffective|p2a: Empoleon\n|-damage|p2a: Empoleon|142/278\n|\n|-heal|p2a: Empoleon|159/278|[from] item: Leftovers\n|-heal|p1a: Mudsdale|302/302 brn|[from] item: Leftovers\n|-damage|p1a: Mudsdale|284/302 brn|[from] brn\n|upkeep\n|turn|6\n|\n|t:|1781409060\n|move|p2a: Empoleon|Roost|p2a: Empoleon\n|-heal|p2a: Empoleon|278/278\n|-singleturn|p2a: Empoleon|move: Roost\n|move|p1a: Mudsdale|Roar|p2a: Empoleon\n|drag|p2a: Meowscarada|Meowscarada, L78, M|247/247\n|-damage|p2a: Meowscarada|217/247|[from] Stealth Rock\n|\n|-heal|p1a: Mudsdale|302/302 brn|[from] item: Leftovers\n|-damage|p1a: Mudsdale|284/302 brn|[from] brn\n|upkeep\n|turn|7\n|\n|t:|1781409067\n|switch|p1a: Vileplume|Vileplume, L85, M|266/266\n|-damage|p1a: Vileplume|233/266|[from] Stealth Rock\n|move|p2a: Meowscarada|Flower Trick|p1a: Vileplume\n|-start|p2a: Meowscarada|typechange|Grass|[from] ability: Protean\n|-resisted|p1a: Vileplume\n|-crit|p1a: Vileplume\n|-damage|p1a: Vileplume|194/266\n|\n|-heal|p1a: Vileplume|210/266|[from] item: Leftovers\n|upkeep\n|turn|8\n|\n|t:|1781409075\n|switch|p2a: Giratina|Giratina-Origin, L72|335/335\n|-damage|p2a: Giratina|294/335|[from] Stealth Rock\n|move|p1a: Vileplume|Sludge Bomb|p2a: Giratina\n|-resisted|p2a: Giratina\n|-damage|p2a: Giratina|232/335\n|\n|-heal|p1a: Vileplume|226/266|[from] item: Leftovers\n|upkeep\n|turn|9\n|\n|t:|1781409083\n|move|p2a: Giratina|Poltergeist|p1a: Vileplume\n|-activate|p1a: Vileplume|move: Poltergeist|Leftovers\n|-damage|p1a: Vileplume|100/266\n|move|p1a: Vileplume|Leech Seed|p2a: Giratina\n|-start|p2a: Giratina|move: Leech Seed\n|\n|-heal|p1a: Vileplume|116/266|[from] item: Leftovers\n|-damage|p2a: Giratina|191/335|[from] Leech Seed|[of] p1a: Vileplume\n|-heal|p1a: Vileplume|157/266|[silent]\n|upkeep\n|turn|10\n|\n|t:|1781409088\n|switch|p2a: Scizor|Scizor, L79, M|240/240\n|-damage|p2a: Scizor|210/240|[from] Stealth Rock\n|move|p1a: Vileplume|Strength Sap|p2a: Scizor\n|-unboost|p2a: Scizor|atk|1\n|-heal|p1a: Vileplume|266/266\n|\n|upkeep\n|turn|11\n|\n|t:|1781409092\n|move|p2a: Scizor|Knock Off|p1a: Vileplume\n|-damage|p1a: Vileplume|188/266\n|-enditem|p1a: Vileplume|Leftovers|[from] move: Knock Off|[of] p2a: Scizor\n|move|p1a: Vileplume|Leech Seed|p2a: Scizor\n|-start|p2a: Scizor|move: Leech Seed\n|\n|-damage|p2a: Scizor|180/240|[from] Leech Seed|[of] p1a: Vileplume\n|-heal|p1a: Vileplume|218/266|[silent]\n|upkeep\n|turn|12\n|\n|t:|1781409097\n|switch|p2a: Dedenne|Dedenne, L88, F|261/261\n|-damage|p2a: Dedenne|229/261|[from] Stealth Rock\n|move|p1a: Vileplume|Strength Sap|p2a: Dedenne\n|-unboost|p2a: Dedenne|atk|1\n|-heal|p1a: Vileplume|266/266\n|\n|upkeep\n|turn|13\n|\n|t:|1781409100\n|move|p2a: Dedenne|Super Fang|p1a: Vileplume\n|-damage|p1a: Vileplume|133/266\n|move|p1a: Vileplume|Sludge Bomb|p2a: Dedenne\n|-supereffective|p2a: Dedenne\n|-damage|p2a: Dedenne|0 fnt\n|faint|p2a: Dedenne\n|\n|upkeep\n|\n|t:|1781409101\n|switch|p2a: Meowscarada|Meowscarada, L78, M|217/247\n|-damage|p2a: Meowscarada|187/247|[from] Stealth Rock\n|turn|14\n|\n|t:|1781409108\n|move|p2a: Meowscarada|Triple Axel|p1a: Vileplume\n|-start|p2a: Meowscarada|typechange|Ice|[from] ability: Protean\n|-supereffective|p1a: Vileplume\n|-damage|p1a: Vileplume|65/266\n|-status|p2a: Meowscarada|psn|[from] ability: Effect Spore|[of] p1a: Vileplume\n|-supereffective|p1a: Vileplume\n|-crit|p1a: Vileplume\n|-damage|p1a: Vileplume|0 fnt\n|faint|p1a: Vileplume\n|-hitcount|p1: Vileplume|2\n|\n|-damage|p2a: Meowscarada|157/247 psn|[from] psn\n|upkeep\n|\n|t:|1781409115\n|switch|p1a: Bisharp|Bisharp, L79, F|232/232\n|-damage|p1a: Bisharp|218/232|[from] Stealth Rock\n|turn|15\n|inactive|ape-trebuchet has 120 seconds left.\n|\n|t:|1781409165\n|switch|p2a: Sandy Shocks|Sandy Shocks, L80|267/267\n|move|p1a: Bisharp|Swords Dance|p1a: Bisharp\n|-boost|p1a: Bisharp|atk|2\n|\n|upkeep\n|turn|16\n|\n|t:|1781409177\n|-terastallize|p1a: Bisharp|Ghost\n|move|p2a: Sandy Shocks|Earth Power|p1a: Bisharp\n|-damage|p1a: Bisharp|131/232\n|move|p1a: Bisharp|Throat Chop|p2a: Sandy Shocks\n|-damage|p2a: Sandy Shocks|99/267\n|-start|p2a: Sandy Shocks|Throat Chop|[silent]\n|\n|upkeep\n|turn|17\n|inactive|ape-trebuchet has 120 seconds left.\n|\n|t:|1781409184\n|move|p1a: Bisharp|Sucker Punch||[still]\n|-fail|p1a: Bisharp\n|move|p2a: Sandy Shocks|Spikes|p1a: Bisharp\n|-sidestart|p1: Chopsuey84|Spikes\n|\n|-end|p2a: Sandy Shocks|Throat Chop|[silent]\n|upkeep\n|turn|18\n|\n|t:|1781409187\n|move|p1a: Bisharp|Sucker Punch|p2a: Sandy Shocks\n|-damage|p2a: Sandy Shocks|0 fnt\n|faint|p2a: Sandy Shocks\n|-end|p2a: Sandy Shocks|Protosynthesis|[silent]\n|\n|upkeep\n|\n|t:|1781409189\n|switch|p2a: Meowscarada|Meowscarada, L78, M|157/247 psn\n|-damage|p2a: Meowscarada|127/247 psn|[from] Stealth Rock\n|turn|19\n|\n|t:|1781409194\n|move|p1a: Bisharp|Sucker Punch|p2a: Meowscarada\n|-resisted|p2a: Meowscarada\n|-damage|p2a: Meowscarada|33/247 psn\n|move|p2a: Meowscarada|Knock Off|p1a: Bisharp\n|-start|p2a: Meowscarada|typechange|Dark|[from] ability: Protean\n|-supereffective|p1a: Bisharp\n|-damage|p1a: Bisharp|0 fnt\n|-enditem|p1a: Bisharp|Eviolite|[from] move: Knock Off|[of] p2a: Meowscarada\n|faint|p1a: Bisharp\n|\n|-damage|p2a: Meowscarada|3/247 psn|[from] psn\n|upkeep\n|\n|t:|1781409207\n|switch|p1a: Mudsdale|Mudsdale, L83, M|284/302 brn\n|-damage|p1a: Mudsdale|266/302 brn|[from] Stealth Rock\n|-damage|p1a: Mudsdale|229/302 brn|[from] Spikes\n|turn|20\n|\n|t:|1781409211\n|move|p2a: Meowscarada|Knock Off|p1a: Mudsdale\n|-damage|p1a: Mudsdale|91/302 brn\n|-ability|p1a: Mudsdale|Stamina|boost\n|-boost|p1a: Mudsdale|def|1\n|-enditem|p1a: Mudsdale|Leftovers|[from] move: Knock Off|[of] p2a: Meowscarada\n|move|p1a: Mudsdale|Roar|p2a: Meowscarada\n|drag|p2a: Scizor|Scizor, L79, M|180/240\n|-damage|p2a: Scizor|150/240|[from] Stealth Rock\n|\n|-damage|p1a: Mudsdale|73/302 brn|[from] brn\n|upkeep\n|turn|21\n|\n|t:|1781409220\n|move|p2a: Scizor|U-turn|p1a: Mudsdale\n|-damage|p1a: Mudsdale|0 fnt\n|faint|p1a: Mudsdale\n|\n|t:|1781409226\n|switch|p2a: Giratina|Giratina-Origin, L72|191/335|[from] U-turn\n|-damage|p2a: Giratina|150/335|[from] Stealth Rock\n|\n|upkeep\n|\n|t:|1781409237\n|switch|p1a: Okidogi|Okidogi, L77, M|255/262\n|-damage|p1a: Okidogi|239/262|[from] Stealth Rock\n|-damage|p1a: Okidogi|207/262|[from] Spikes\n|turn|22\n|\n|t:|1781409249\n|move|p2a: Giratina|Will-O-Wisp|p1a: Okidogi\n|-status|p1a: Okidogi|brn\n|move|p1a: Okidogi|Knock Off|p2a: Giratina\n|-supereffective|p2a: Giratina\n|-damage|p2a: Giratina|95/335\n|-status|p2a: Giratina|tox|[from] ability: Toxic Chain|[of] p1a: Okidogi\n|\n|-damage|p2a: Giratina|75/335 tox|[from] psn\n|-damage|p1a: Okidogi|191/262 brn|[from] brn\n|upkeep\n|turn|23\n|\n|t:|1781409252\n|move|p2a: Giratina|Draco Meteor|p1a: Okidogi\n|-damage|p1a: Okidogi|79/262 brn\n|-unboost|p2a: Giratina|spa|2\n|move|p1a: Okidogi|Knock Off|p2a: Giratina\n|-supereffective|p2a: Giratina\n|-damage|p2a: Giratina|24/335 tox\n|\n|-damage|p2a: Giratina|0 fnt|[from] psn\n|faint|p2a: Giratina\n|-damage|p1a: Okidogi|63/262 brn|[from] brn\n|upkeep\n|\n|t:|1781409263\n|switch|p2a: Scizor|Scizor, L79, M|150/240\n|-damage|p2a: Scizor|120/240|[from] Stealth Rock\n|turn|24\n|\n|t:|1781409267\n|move|p2a: Scizor|Bullet Punch|p1a: Okidogi\n|-damage|p1a: Okidogi|0 fnt\n|faint|p1a: Okidogi\n|\n|upkeep\n|\n|t:|1781409270\n|switch|p1a: Skeledirge|Skeledirge, L79, F|294/294\n|turn|25\n|\n|t:|1781409274\n|switch|p2a: Meowscarada|Meowscarada, L78, M|3/247 psn\n|-damage|p2a: Meowscarada|0 fnt|[from] Stealth Rock\n|faint|p2a: Meowscarada\n|move|p1a: Skeledirge|Flame Charge|p2: Meowscarada|[notarget]\n|-fail|p1a: Skeledirge\n|\n|upkeep\n|\n|t:|1781409276\n|switch|p2a: Empoleon|Empoleon, L84, M|278/278\n|-damage|p2a: Empoleon|261/278|[from] Stealth Rock\n|turn|26\n|\n|t:|1781409281\n|move|p1a: Skeledirge|Flame Charge|p2a: Empoleon\n|-damage|p2a: Empoleon|221/278\n|-boost|p1a: Skeledirge|spe|1\n|move|p2a: Empoleon|Surf|p1a: Skeledirge\n|-supereffective|p1a: Skeledirge\n|-damage|p1a: Skeledirge|28/294\n|\n|-heal|p2a: Empoleon|238/278|[from] item: Leftovers\n|upkeep\n|turn|27\n|\n|t:|1781409291\n|move|p1a: Skeledirge|Torch Song|p2a: Empoleon\n|-damage|p2a: Empoleon|160/278\n|-boost|p1a: Skeledirge|spa|1\n|move|p2a: Empoleon|Surf|p1a: Skeledirge\n|-supereffective|p1a: Skeledirge\n|-damage|p1a: Skeledirge|0 fnt\n|faint|p1a: Skeledirge\n|\n|-heal|p2a: Empoleon|177/278|[from] item: Leftovers\n|upkeep\n|\n|t:|1781409293\n|switch|p1a: Flygon|Flygon, L82, M|265/265\n|-damage|p1a: Flygon|249/265|[from] Stealth Rock\n|turn|28\n|\n|t:|1781409304\n|-terastallize|p2a: Empoleon|Grass\n|move|p1a: Flygon|Earthquake|p2a: Empoleon\n|-resisted|p2a: Empoleon\n|-damage|p2a: Empoleon|126/278\n|move|p2a: Empoleon|Surf|p1a: Flygon\n|-damage|p1a: Flygon|129/265\n|\n|-heal|p2a: Empoleon|143/278|[from] item: Leftovers\n|upkeep\n|turn|29\n|\n|t:|1781409309\n|move|p1a: Flygon|Dragon Dance|p1a: Flygon\n|-boost|p1a: Flygon|atk|1\n|-boost|p1a: Flygon|spe|1\n|move|p2a: Empoleon|Roost|p2a: Empoleon\n|-heal|p2a: Empoleon|278/278\n|\n|upkeep\n|turn|30\n|\n|t:|1781409310\n|move|p1a: Flygon|Outrage|p2a: Empoleon\n|-damage|p2a: Empoleon|107/278\n|move|p2a: Empoleon|Surf|p1a: Flygon\n|-damage|p1a: Flygon|6/265\n|\n|-heal|p2a: Empoleon|124/278|[from] item: Leftovers\n|upkeep\n|turn|31\n|\n|t:|1781409313\n|move|p1a: Flygon|Outrage|p2a: Empoleon|[from] lockedmove\n|-damage|p2a: Empoleon|0 fnt\n|faint|p2a: Empoleon\n|-start|p1a: Flygon|confusion|[fatigue]\n|-enditem|p1a: Flygon|Lum Berry|[eat]\n|-end|p1a: Flygon|confusion\n|\n|upkeep\n|\n|t:|1781409314\n|switch|p2a: Scizor|Scizor, L79, M|120/240\n|-damage|p2a: Scizor|90/240|[from] Stealth Rock\n|turn|32\n|\n|t:|1781409317\n|move|p2a: Scizor|Bullet Punch|p1a: Flygon\n|-damage|p1a: Flygon|0 fnt\n|faint|p1a: Flygon\n|\n|win|ape-trebuchet\n", "inputlog": ">version a8376a258c1d4662feba110a92103f3664a72141\n>start {\"formatid\":\"gen9randombattle\",\"seed\":\"sodium,6121d5fce00243a14d9033d24bd82c12\",\"rated\":\"Rated battle\"}\n>player p1 {\"name\":\"Chopsuey84\",\"avatar\":\"169\",\"rating\":1909,\"seed\":\"sodium,a2f99aec1eca440e949f19d59b72183b\"}\n>player p2 {\"name\":\"ape-trebuchet\",\"avatar\":\"swimmer-gen4dp\",\"rating\":1919,\"seed\":\"sodium,160e05ecec163935f92dab819c5d5306\"}\n>p1 move gunkshot\n>p2 move uturn\n>p2 switch 3\n>p1 move drainpunch\n>p2 switch 6\n>p1 switch 6\n>p2 move willowisp\n>p1 move stealthrock\n>p2 switch 6\n>p1 move earthquake\n>p2 move stealthrock\n>p1 move roar\n>p2 move roost\n>p1 switch 2\n>p2 move flowertrick\n>p1 move sludgebomb\n>p2 switch 6\n>p1 move leechseed\n>p2 move poltergeist\n>p1 move strengthsap\n>p2 switch 2\n>p1 move leechseed\n>p2 move knockoff\n>p1 move strengthsap\n>p2 switch 3\n>p1 move sludgebomb\n>p2 move superfang\n>p2 switch 6\n>p1 move sludgebomb\n>p2 move tripleaxel\n>p1 switch 4\n>p1 move swordsdance\n>p2 switch 5\n>p1 move throatchop terastallize\n>p2 move earthpower\n>p1 move suckerpunch\n>p2 move spikes\n>p1 move suckerpunch\n>p2 move thunderbolt\n>p2 switch 5\n>p1 move suckerpunch\n>p2 move knockoff\n>p1 switch 2\n>p1 move roar\n>p2 move knockoff\n>p1 move roar\n>p2 move uturn\n>p2 switch 2\n>p1 switch 6\n>p1 move knockoff\n>p2 move willowisp\n>p1 move knockoff\n>p2 move dracometeor\n>p2 switch 2\n>p1 move knockoff\n>p2 move bulletpunch\n>p1 switch 3\n>p1 move flamecharge\n>p2 switch 3\n>p2 switch 4\n>p1 move flamecharge\n>p2 move surf\n>p1 move torchsong\n>p2 move surf\n>p1 switch 5\n>p1 move earthquake\n>p2 move surf terastallize\n>p1 move dragondance\n>p2 move roost\n>p1 move outrage\n>p2 move surf\n>p1 move outrage\n>p2 move surf\n>p2 switch 3\n>p1 move outrage\n>p2 move bulletpunch", "uploadtime": 1781408976, "views": 6, "formatid": "gen9randombattle", "rating": null, "private": 0, "password": null}