{"id": "gen9randombattle-2631385441", "format": "[Gen 9] Random Battle", "players": ["Micael Lopes", "Piponator"], "log": "|j|\u2606Micael Lopes\n|j|\u2606Piponator\n|t:|1781378419\n|gametype|singles\n|player|p1|Micael Lopes|benga|1590\n|player|p2|Piponator|1|1586\n|gen|9\n|tier|[Gen 9] Random Battle\n|rated|\n|rule|Species Clause: Limit one of each Pok\u00e9mon\n|rule|HP Percentage Mod: HP is shown in percentages\n|rule|Sleep Clause Mod: Limit one foe put to sleep\n|rule|Illusion Level Mod: Illusion disguises the Pok\u00e9mon's true level\n|\n|t:|1781378419\n|teamsize|p1|6\n|teamsize|p2|6\n|start\n|switch|p1a: Magmortar|Magmortar, L88, F|275/275\n|switch|p2a: Iron Crown|Iron Crown, L78|268/268\n|turn|1\n|inactive|Battle timer is ON: inactive players will automatically lose when time's up. (requested by Micael Lopes)\n|\n|t:|1781378434\n|-end|p2a: Iron Crown|Quark Drive|[silent]\n|switch|p2a: Pyroar|Pyroar, L88, F|295/295\n|-ability|p2a: Pyroar|Unnerve\n|move|p1a: Magmortar|Will-O-Wisp|p2a: Pyroar\n|-immune|p2a: Pyroar\n|\n|upkeep\n|turn|2\n|\n|t:|1781378445\n|move|p2a: Pyroar|Hyper Voice|p1a: Magmortar\n|-damage|p1a: Magmortar|167/275\n|move|p1a: Magmortar|Focus Blast|p2a: Pyroar\n|-supereffective|p2a: Pyroar\n|-damage|p2a: Pyroar|9/295\n|\n|upkeep\n|turn|3\n|\n|t:|1781378458\n|switch|p2a: Uxie|Uxie, L83|260/260\n|move|p1a: Magmortar|Earthquake|p2a: Uxie\n|-immune|p2a: Uxie|[from] ability: Levitate\n|\n|upkeep\n|turn|4\n|\n|t:|1781378468\n|switch|p1a: Eelektross|Eelektross, L87, M|290/290\n|move|p2a: Uxie|Stealth Rock|p1a: Eelektross\n|-sidestart|p1: Micael Lopes|move: Stealth Rock\n|\n|upkeep\n|turn|5\n|inactive|Micael Lopes has 120 seconds left.\n|\n|t:|1781378505\n|move|p2a: Uxie|Knock Off|p1a: Eelektross\n|-damage|p1a: Eelektross|236/290\n|-enditem|p1a: Eelektross|Leftovers|[from] move: Knock Off|[of] p2a: Uxie\n|move|p1a: Eelektross|Knock Off|p2a: Uxie\n|-supereffective|p2a: Uxie\n|-crit|p2a: Uxie\n|-damage|p2a: Uxie|86/260\n|-enditem|p2a: Uxie|Leftovers|[from] move: Knock Off|[of] p1a: Eelektross\n|\n|upkeep\n|turn|6\n|\n|t:|1781378512\n|move|p2a: Uxie|Psychic Noise|p1a: Eelektross\n|-damage|p1a: Eelektross|164/290\n|-start|p1a: Eelektross|move: Heal Block\n|move|p1a: Eelektross|Supercell Slam|p2a: Uxie\n|-damage|p2a: Uxie|0 fnt\n|faint|p2a: Uxie\n|\n|upkeep\n|\n|t:|1781378531\n|switch|p2a: Arceus|Arceus-Ice, L72|291/291\n|turn|7\n|inactive|Micael Lopes has 120 seconds left.\n|\n|t:|1781378565\n|move|p2a: Arceus|Calm Mind|p2a: Arceus\n|-boost|p2a: Arceus|spa|1\n|-boost|p2a: Arceus|spd|1\n|move|p1a: Eelektross|Supercell Slam|p2a: Arceus\n|-damage|p2a: Arceus|173/291\n|\n|-end|p1a: Eelektross|move: Heal Block\n|upkeep\n|turn|8\n|\n|t:|1781378576\n|move|p2a: Arceus|Judgment|p1a: Eelektross\n|-damage|p1a: Eelektross|0 fnt\n|faint|p1a: Eelektross\n|\n|upkeep\n|inactive|Micael Lopes has 120 seconds left.\n|inactive|Micael Lopes has 90 seconds left.\n|\n|t:|1781378616\n|switch|p1a: Ribombee|Ribombee, L83, F|235/235\n|turn|9\n|\n|t:|1781378620\n|move|p1a: Ribombee|Sticky Web|p2a: Arceus\n|-sidestart|p2: Piponator|move: Sticky Web\n|move|p2a: Arceus|Judgment|p1a: Ribombee\n|-damage|p1a: Ribombee|24/235\n|\n|upkeep\n|turn|10\n|\n|t:|1781378630\n|move|p1a: Ribombee|Stun Spore|p2a: Arceus\n|-status|p2a: Arceus|par\n|move|p2a: Arceus|Recover|p2a: Arceus\n|-heal|p2a: Arceus|291/291 par\n|\n|upkeep\n|turn|11\n|\n|t:|1781378635\n|switch|p1a: Magmortar|Magmortar, L88, F|167/275\n|cant|p2a: Arceus|par\n|\n|upkeep\n|turn|12\n|\n|t:|1781378644\n|move|p1a: Magmortar|Fire Blast|p2a: Arceus\n|-supereffective|p2a: Arceus\n|-damage|p2a: Arceus|91/291 par\n|move|p2a: Arceus|Earth Power|p1a: Magmortar\n|-supereffective|p1a: Magmortar\n|-damage|p1a: Magmortar|17/275\n|-unboost|p1a: Magmortar|spd|1\n|\n|upkeep\n|turn|13\n|\n|t:|1781378655\n|move|p1a: Magmortar|Fire Blast|p2a: Arceus|[miss]\n|-miss|p1a: Magmortar|p2a: Arceus\n|cant|p2a: Arceus|par\n|\n|upkeep\n|turn|14\n|\n|t:|1781378662\n|move|p1a: Magmortar|Fire Blast|p2a: Arceus\n|-supereffective|p2a: Arceus\n|-damage|p2a: Arceus|0 fnt\n|faint|p2a: Arceus\n|\n|upkeep\n|\n|t:|1781378675\n|switch|p2a: Pincurchin|Pincurchin, F|258/258\n|-activate|p2a: Pincurchin|move: Sticky Web\n|-unboost|p2a: Pincurchin|spe|1\n|-fieldstart|move: Electric Terrain|[from] ability: Electric Surge|[of] p2a: Pincurchin\n|turn|15\n|\n|t:|1781378690\n|switch|p1a: Hydrapple|Hydrapple, L83, F|312/312\n|-damage|p1a: Hydrapple|273/312|[from] Stealth Rock\n|move|p2a: Pincurchin|Liquidation|p1a: Hydrapple\n|-resisted|p1a: Hydrapple\n|-damage|p1a: Hydrapple|256/312\n|-unboost|p1a: Hydrapple|def|1\n|\n|-heal|p1a: Hydrapple|275/312|[from] item: Leftovers\n|upkeep\n|turn|16\n|\n|t:|1781378701\n|switch|p2a: Iron Crown|Iron Crown, L78|268/268\n|-activate|p2a: Iron Crown|move: Sticky Web\n|-unboost|p2a: Iron Crown|spe|1\n|-activate|p2a: Iron Crown|ability: Quark Drive\n|-start|p2a: Iron Crown|quarkdrivespa\n|move|p1a: Hydrapple|Nasty Plot|p1a: Hydrapple\n|-boost|p1a: Hydrapple|spa|2\n|\n|-heal|p1a: Hydrapple|294/312|[from] item: Leftovers\n|upkeep\n|turn|17\n|\n|t:|1781378719\n|move|p2a: Iron Crown|Calm Mind|p2a: Iron Crown\n|-boost|p2a: Iron Crown|spa|1\n|-boost|p2a: Iron Crown|spd|1\n|move|p1a: Hydrapple|Giga Drain|p2a: Iron Crown\n|-resisted|p2a: Iron Crown\n|-damage|p2a: Iron Crown|208/268\n|-heal|p1a: Hydrapple|312/312|[from] drain|[of] p2a: Iron Crown\n|\n|-heal|p2a: Iron Crown|224/268|[from] item: Leftovers\n|upkeep\n|turn|18\n|\n|t:|1781378742\n|move|p2a: Iron Crown|Psyshock|p1a: Hydrapple\n|-damage|p1a: Hydrapple|99/312\n|move|p1a: Hydrapple|Fickle Beam|p2a: Iron Crown\n|-resisted|p2a: Iron Crown\n|-damage|p2a: Iron Crown|165/268\n|\n|-heal|p2a: Iron Crown|181/268|[from] item: Leftovers\n|-heal|p1a: Hydrapple|118/312|[from] item: Leftovers\n|upkeep\n|turn|19\n|\n|t:|1781378757\n|switch|p1a: Iron Jugulis|Iron Jugulis, L77|271/271\n|-damage|p1a: Iron Jugulis|204/271|[from] Stealth Rock\n|-activate|p1a: Iron Jugulis|ability: Quark Drive\n|-start|p1a: Iron Jugulis|quarkdrivespa\n|move|p2a: Iron Crown|Psyshock|p1a: Iron Jugulis\n|-immune|p1a: Iron Jugulis\n|\n|-heal|p2a: Iron Crown|197/268|[from] item: Leftovers\n|-fieldend|move: Electric Terrain\n|-end|p1a: Iron Jugulis|Quark Drive\n|-end|p2a: Iron Crown|Quark Drive\n|upkeep\n|turn|20\n|\n|t:|1781378767\n|-terastallize|p2a: Iron Crown|Steel\n|move|p1a: Iron Jugulis|Dark Pulse|p2a: Iron Crown\n|-damage|p2a: Iron Crown|116/268\n|move|p2a: Iron Crown|Tachyon Cutter|p1a: Iron Jugulis\n|-damage|p1a: Iron Jugulis|66/271\n|-damage|p1a: Iron Jugulis|0 fnt\n|faint|p1a: Iron Jugulis\n|-end|p1a: Iron Jugulis|Quark Drive|[silent]\n|-hitcount|p1: Iron Jugulis|2\n|\n|-heal|p2a: Iron Crown|132/268|[from] item: Leftovers\n|upkeep\n|\n|t:|1781378779\n|switch|p1a: Magmortar|Magmortar, L88, F|17/275\n|turn|21\n|\n|t:|1781378784\n|move|p1a: Magmortar|Fire Blast|p2a: Iron Crown\n|-supereffective|p2a: Iron Crown\n|-damage|p2a: Iron Crown|0 fnt\n|faint|p2a: Iron Crown\n|-end|p2a: Iron Crown|Quark Drive|[silent]\n|\n|upkeep\n|\n|t:|1781378792\n|switch|p2a: Pincurchin|Pincurchin, F|258/258\n|-activate|p2a: Pincurchin|move: Sticky Web\n|-unboost|p2a: Pincurchin|spe|1\n|-fieldstart|move: Electric Terrain|[from] ability: Electric Surge|[of] p2a: Pincurchin\n|turn|22\n|\n|t:|1781378798\n|move|p1a: Magmortar|Will-O-Wisp|p2a: Pincurchin\n|-status|p2a: Pincurchin|brn\n|move|p2a: Pincurchin|Zing Zap|p1a: Magmortar\n|-damage|p1a: Magmortar|0 fnt\n|faint|p1a: Magmortar\n|\n|-damage|p2a: Pincurchin|242/258 brn|[from] brn\n|upkeep\n|\n|t:|1781378803\n|switch|p1a: Hydrapple|Hydrapple, L83, F|222/312\n|-damage|p1a: Hydrapple|183/312|[from] Stealth Rock\n|turn|23\n|\n|t:|1781378817\n|switch|p2a: Pyroar|Pyroar, L88, F|9/295\n|-ability|p2a: Pyroar|Unnerve\n|move|p1a: Hydrapple|Nasty Plot|p1a: Hydrapple\n|-boost|p1a: Hydrapple|spa|2\n|\n|-heal|p1a: Hydrapple|202/312|[from] item: Leftovers\n|upkeep\n|turn|24\n|\n|t:|1781378828\n|move|p2a: Pyroar|Hyper Voice|p1a: Hydrapple\n|-damage|p1a: Hydrapple|76/312\n|move|p1a: Hydrapple|Giga Drain|p2a: Pyroar\n|-resisted|p2a: Pyroar\n|-damage|p2a: Pyroar|0 fnt\n|-heal|p1a: Hydrapple|81/312|[from] drain|[of] p2a: Pyroar\n|faint|p2a: Pyroar\n|\n|-heal|p1a: Hydrapple|100/312|[from] item: Leftovers\n|upkeep\n|\n|t:|1781378831\n|switch|p2a: Oinkologne|Oinkologne-F, L92, F|361/361\n|-activate|p2a: Oinkologne|move: Sticky Web\n|-unboost|p2a: Oinkologne|spe|1\n|turn|25\n|\n|t:|1781378839\n|move|p1a: Hydrapple|Giga Drain|p2a: Oinkologne\n|-damage|p2a: Oinkologne|195/361\n|-heal|p1a: Hydrapple|183/312|[from] drain|[of] p2a: Oinkologne\n|move|p2a: Oinkologne|Body Slam|p1a: Hydrapple\n|-damage|p1a: Hydrapple|104/312\n|-status|p1a: Hydrapple|par\n|\n|-heal|p2a: Oinkologne|217/361|[from] item: Leftovers\n|-heal|p1a: Hydrapple|123/312 par|[from] item: Leftovers\n|upkeep\n|turn|26\n|\n|t:|1781378848\n|move|p2a: Oinkologne|Body Slam|p1a: Hydrapple\n|-damage|p1a: Hydrapple|41/312 par\n|move|p1a: Hydrapple|Giga Drain|p2a: Oinkologne\n|-damage|p2a: Oinkologne|55/361\n|-heal|p1a: Hydrapple|122/312 par|[from] drain|[of] p2a: Oinkologne\n|\n|-heal|p2a: Oinkologne|77/361|[from] item: Leftovers\n|-heal|p1a: Hydrapple|141/312 par|[from] item: Leftovers\n|-fieldend|move: Electric Terrain\n|upkeep\n|turn|27\n|\n|t:|1781378856\n|move|p2a: Oinkologne|Body Slam|p1a: Hydrapple\n|-damage|p1a: Hydrapple|53/312 par\n|move|p1a: Hydrapple|Giga Drain|p2a: Oinkologne\n|-crit|p2a: Oinkologne\n|-damage|p2a: Oinkologne|0 fnt\n|-heal|p1a: Hydrapple|92/312 par|[from] drain|[of] p2a: Oinkologne\n|faint|p2a: Oinkologne\n|\n|-heal|p1a: Hydrapple|111/312 par|[from] item: Leftovers\n|upkeep\n|c|\u2606Micael Lopes|**__Sexy game.__**\n|\n|t:|1781378866\n|switch|p2a: Pincurchin|Pincurchin, F|242/258 brn\n|-activate|p2a: Pincurchin|move: Sticky Web\n|-unboost|p2a: Pincurchin|spe|1\n|-fieldstart|move: Electric Terrain|[from] ability: Electric Surge|[of] p2a: Pincurchin\n|turn|28\n|\n|t:|1781378869\n|move|p1a: Hydrapple|Giga Drain|p2a: Pincurchin\n|-damage|p2a: Pincurchin|76/258 brn\n|-heal|p1a: Hydrapple|194/312 par|[from] drain|[of] p2a: Pincurchin\n|move|p2a: Pincurchin|Curse|p2a: Pincurchin\n|-unboost|p2a: Pincurchin|spe|1\n|-boost|p2a: Pincurchin|atk|1\n|-boost|p2a: Pincurchin|def|1\n|\n|-heal|p1a: Hydrapple|213/312 par|[from] item: Leftovers\n|-heal|p2a: Pincurchin|92/258 brn|[from] item: Leftovers\n|-damage|p2a: Pincurchin|76/258 brn|[from] brn\n|upkeep\n|turn|29\n|\n|t:|1781378873\n|move|p1a: Hydrapple|Fickle Beam|p2a: Pincurchin|[anim] Fickle Beam All Out\n|-activate|p1a: Hydrapple|move: Fickle Beam\n|-damage|p2a: Pincurchin|0 fnt\n|faint|p2a: Pincurchin\n|\n|win|Micael Lopes\n|raw|Micael Lopes's rating: 1584 &rarr; <strong>1604</strong><br />(+20 for winning)\n|raw|Piponator's rating: 1586 &rarr; <strong>1566</strong><br />(-20 for losing)\n|c|\u2606Micael Lopes|**__Sexy game.__**\n|l|\u2606Piponator\n|player|p2|\n", "uploadtime": 1781378889, "views": 10, "formatid": "gen9randombattle", "rating": 1566, "private": 0, "password": null}