{"id": "gen9randombattle-2631585562", "format": "[Gen 9] Random Battle", "players": ["lasercircus", "Yapa2002"], "log": "|j|\u2606lasercircus\n|j|\u2606Yapa2002\n|t:|1781404853\n|gametype|singles\n|player|p1|lasercircus|lance|1873\n|player|p2|Yapa2002|101|1843\n|gen|9\n|tier|[Gen 9] Random Battle\n|rated|\n|rule|Species Clause: Limit one of each Pok\u00e9mon\n|rule|HP Percentage Mod: HP is shown in percentages\n|rule|Sleep Clause Mod: Limit one foe put to sleep\n|rule|Illusion Level Mod: Illusion disguises the Pok\u00e9mon's true level\n|\n|t:|1781404853\n|teamsize|p1|6\n|teamsize|p2|6\n|start\n|switch|p1a: Mienshao|Mienshao, L83, M|244/244\n|switch|p2a: Kingambit|Kingambit, L74, F|270/270\n|turn|1\n|\n|t:|1781404870\n|-end|p2a: Kingambit|fallenundefined|[silent]\n|switch|p2a: Gholdengo|Gholdengo, L77|261/261\n|move|p1a: Mienshao|Fake Out|p2a: Gholdengo\n|-immune|p2a: Gholdengo\n|\n|upkeep\n|turn|2\n|inactive|Battle timer is ON: inactive players will automatically lose when time's up. (requested by Yapa2002)\n|\n|t:|1781404878\n|move|p1a: Mienshao|Knock Off|p2a: Gholdengo\n|-supereffective|p2a: Gholdengo\n|-damage|p2a: Gholdengo|99/261\n|-enditem|p2a: Gholdengo|Leftovers|[from] move: Knock Off|[of] p1a: Mienshao\n|move|p2a: Gholdengo|Nasty Plot|p2a: Gholdengo\n|-boost|p2a: Gholdengo|spa|2\n|\n|upkeep\n|turn|3\n|\n|t:|1781404888\n|-terastallize|p2a: Gholdengo|Dark\n|move|p1a: Mienshao|U-turn|p2a: Gholdengo\n|-supereffective|p2a: Gholdengo\n|-damage|p2a: Gholdengo|0 fnt\n|faint|p2a: Gholdengo\n|c|\u2606lasercircus|WOW LOL\n|c|\u2606lasercircus|thats pain\n|\n|t:|1781404911\n|switch|p1a: Milotic|Milotic, L83, M|293/293|[from] U-turn\n|\n|upkeep\n|\n|t:|1781404921\n|switch|p2a: Palafin|Palafin, L77, F|281/281\n|turn|4\n|\n|t:|1781404933\n|move|p2a: Palafin|Flip Turn|p1a: Milotic\n|-resisted|p1a: Milotic\n|-damage|p1a: Milotic|256/293\n|\n|t:|1781404939\n|detailschange|p2a: Palafin|Palafin-Hero, L77, F\n|switch|p2a: Abomasnow|Abomasnow, L84, M|287/287|[from] Flip Turn\n|-weather|Snowscape|[from] ability: Snow Warning|[of] p2a: Abomasnow\n|move|p1a: Milotic|Scald|p2a: Abomasnow\n|-resisted|p2a: Abomasnow\n|-damage|p2a: Abomasnow|240/287\n|-status|p2a: Abomasnow|brn\n|\n|-weather|Snowscape|[upkeep]\n|-heal|p1a: Milotic|274/293|[from] item: Leftovers\n|-damage|p2a: Abomasnow|223/287 brn|[from] brn\n|upkeep\n|turn|5\n|\n|t:|1781404953\n|switch|p1a: Mienshao|Mienshao, L83, M|244/244\n|move|p2a: Abomasnow|Aurora Veil|p2a: Abomasnow\n|-sidestart|p2: Yapa2002|move: Aurora Veil\n|\n|-weather|Snowscape|[upkeep]\n|-damage|p2a: Abomasnow|206/287 brn|[from] brn\n|upkeep\n|turn|6\n|\n|t:|1781404961\n|move|p1a: Mienshao|Knock Off|p2a: Abomasnow\n|-damage|p2a: Abomasnow|174/287 brn\n|-enditem|p2a: Abomasnow|Light Clay|[from] move: Knock Off|[of] p1a: Mienshao\n|move|p2a: Abomasnow|Blizzard|p1a: Mienshao\n|-damage|p1a: Mienshao|144/244\n|\n|-weather|Snowscape|[upkeep]\n|-damage|p2a: Abomasnow|157/287 brn|[from] brn\n|upkeep\n|turn|7\n|\n|t:|1781404972\n|switch|p2a: Medicham|Medicham, L86, F|243/243\n|move|p1a: Mienshao|U-turn|p2a: Medicham\n|-damage|p2a: Medicham|211/243\n|\n|t:|1781404980\n|switch|p1a: Illumise|Illumise, L91, F|266/266|[from] U-turn\n|\n|-weather|Snowscape|[upkeep]\n|upkeep\n|turn|8\n|\n|t:|1781404987\n|switch|p2a: Kingambit|Kingambit, L74, F|270/270\n|-activate|p2a: Kingambit|ability: Supreme Overlord\n|-start|p2a: Kingambit|fallen1|[silent]\n|move|p1a: Illumise|Thunder Wave|p2a: Kingambit\n|-hint|Since gen 7, Dark is immune to Prankster moves.\n|-immune|p2a: Kingambit\n|\n|-weather|none\n|upkeep\n|turn|9\n|\n|t:|1781404998\n|switch|p1a: Milotic|Milotic, L83, M|274/293\n|move|p2a: Kingambit|Kowtow Cleave|p1a: Milotic\n|-damage|p1a: Milotic|166/293\n|\n|-heal|p1a: Milotic|184/293|[from] item: Leftovers\n|upkeep\n|turn|10\n|\n|t:|1781405007\n|move|p1a: Milotic|Recover|p1a: Milotic\n|-heal|p1a: Milotic|293/293\n|move|p2a: Kingambit|Swords Dance|p2a: Kingambit\n|-boost|p2a: Kingambit|atk|2\n|\n|upkeep\n|turn|11\n|\n|t:|1781405014\n|move|p1a: Milotic|Haze|p1a: Milotic\n|-clearallboost\n|move|p2a: Kingambit|Kowtow Cleave|p1a: Milotic\n|-damage|p1a: Milotic|185/293\n|\n|-heal|p1a: Milotic|203/293|[from] item: Leftovers\n|upkeep\n|turn|12\n|\n|t:|1781405024\n|-end|p2a: Kingambit|fallen1|[silent]\n|switch|p2a: Abomasnow|Abomasnow, L84, M|157/287 brn\n|-weather|Snowscape|[from] ability: Snow Warning|[of] p2a: Abomasnow\n|move|p1a: Milotic|Scald|p2a: Abomasnow\n|-resisted|p2a: Abomasnow\n|-damage|p2a: Abomasnow|136/287 brn\n|\n|-weather|Snowscape|[upkeep]\n|-heal|p1a: Milotic|221/293|[from] item: Leftovers\n|-damage|p2a: Abomasnow|119/287 brn|[from] brn\n|-sideend|p2: Yapa2002|move: Aurora Veil\n|upkeep\n|turn|13\n|\n|t:|1781405039\n|switch|p1a: Magearna|Magearna, L77|250/250\n|move|p2a: Abomasnow|Aurora Veil|p2a: Abomasnow\n|-sidestart|p2: Yapa2002|move: Aurora Veil\n|\n|-weather|Snowscape|[upkeep]\n|-damage|p2a: Abomasnow|102/287 brn|[from] brn\n|upkeep\n|turn|14\n|\n|t:|1781405047\n|switch|p2a: Entei|Entei, L78|307/307\n|move|p1a: Magearna|Shift Gear|p1a: Magearna\n|-boost|p1a: Magearna|spe|2\n|-boost|p1a: Magearna|atk|1\n|\n|-weather|Snowscape|[upkeep]\n|upkeep\n|turn|15\n|\n|t:|1781405056\n|switch|p1a: Milotic|Milotic, L83, M|221/293\n|move|p2a: Entei|Sacred Fire|p1a: Milotic\n|-resisted|p1a: Milotic\n|-damage|p1a: Milotic|139/293\n|\n|-weather|Snowscape|[upkeep]\n|-heal|p1a: Milotic|157/293|[from] item: Leftovers\n|upkeep\n|turn|16\n|\n|t:|1781405070\n|switch|p2a: Abomasnow|Abomasnow, L84, M|102/287 brn\n|move|p1a: Milotic|Recover|p1a: Milotic\n|-heal|p1a: Milotic|293/293\n|\n|-weather|none\n|-damage|p2a: Abomasnow|85/287 brn|[from] brn\n|upkeep\n|turn|17\n|\n|t:|1781405088\n|switch|p1a: Mienshao|Mienshao, L83, M|225/244\n|move|p2a: Abomasnow|Wood Hammer|p1a: Mienshao\n|-damage|p1a: Mienshao|140/244\n|-damage|p2a: Abomasnow|57/287 brn|[from] Recoil\n|\n|-damage|p2a: Abomasnow|40/287 brn|[from] brn\n|-sideend|p2: Yapa2002|move: Aurora Veil\n|upkeep\n|turn|18\n|\n|t:|1781405102\n|switch|p2a: Medicham|Medicham, L86, F|211/243\n|move|p1a: Mienshao|U-turn|p2a: Medicham\n|-damage|p2a: Medicham|148/243\n|\n|t:|1781405110\n|switch|p1a: Illumise|Illumise, L91, F|266/266|[from] U-turn\n|\n|upkeep\n|turn|19\n|\n|t:|1781405117\n|move|p1a: Illumise|Bug Buzz|p2a: Medicham\n|-damage|p2a: Medicham|52/243\n|move|p2a: Medicham|Zen Headbutt|p1a: Illumise\n|-crit|p1a: Illumise\n|-damage|p1a: Illumise|0 fnt\n|faint|p1a: Illumise\n|\n|upkeep\n|\n|t:|1781405125\n|switch|p1a: Mienshao|Mienshao, L83, M|221/244\n|turn|20\n|\n|t:|1781405135\n|switch|p2a: Abomasnow|Abomasnow, L84, M|40/287 brn\n|-weather|Snowscape|[from] ability: Snow Warning|[of] p2a: Abomasnow\n|move|p1a: Mienshao|Fake Out|p2a: Abomasnow\n|-damage|p2a: Abomasnow|15/287 brn\n|\n|-weather|Snowscape|[upkeep]\n|-damage|p2a: Abomasnow|0 fnt|[from] brn\n|faint|p2a: Abomasnow\n|upkeep\n|\n|t:|1781405152\n|switch|p2a: Entei|Entei, L78|307/307\n|turn|21\n|\n|t:|1781405164\n|move|p1a: Mienshao|U-turn|p2a: Entei\n|-resisted|p2a: Entei\n|-damage|p2a: Entei|273/307\n|\n|t:|1781405168\n|switch|p1a: Milotic|Milotic, L83, M|293/293|[from] U-turn\n|move|p2a: Entei|Sacred Fire|p1a: Milotic\n|-resisted|p1a: Milotic\n|-damage|p1a: Milotic|209/293\n|\n|-weather|Snowscape|[upkeep]\n|-heal|p1a: Milotic|227/293|[from] item: Leftovers\n|upkeep\n|turn|22\n|\n|t:|1781405192\n|move|p2a: Entei|Sacred Fire|p1a: Milotic\n|-resisted|p1a: Milotic\n|-damage|p1a: Milotic|146/293\n|-status|p1a: Milotic|brn\n|move|p1a: Milotic|Scald|p2a: Entei\n|-supereffective|p2a: Entei\n|-damage|p2a: Entei|51/307\n|\n|-weather|Snowscape|[upkeep]\n|-heal|p1a: Milotic|164/293 brn|[from] item: Leftovers\n|-damage|p1a: Milotic|146/293 brn|[from] brn\n|upkeep\n|turn|23\n|\n|t:|1781405205\n|switch|p2a: Medicham|Medicham, L86, F|52/243\n|move|p1a: Milotic|Recover|p1a: Milotic\n|-heal|p1a: Milotic|293/293 brn\n|\n|-weather|Snowscape|[upkeep]\n|-damage|p1a: Milotic|275/293 brn|[from] brn\n|upkeep\n|turn|24\n|\n|t:|1781405214\n|switch|p1a: Solgaleo|Solgaleo, L74|325/325\n|move|p2a: Medicham|Zen Headbutt|p1a: Solgaleo\n|-resisted|p1a: Solgaleo\n|-damage|p1a: Solgaleo|277/325\n|\n|-weather|none\n|upkeep\n|turn|25\n|\n|t:|1781405233\n|switch|p2a: Palafin|Palafin-Hero, L77, F|281/281\n|-activate|p2a: Palafin|ability: Zero to Hero\n|move|p1a: Solgaleo|Flame Charge|p2a: Palafin\n|-resisted|p2a: Palafin\n|-damage|p2a: Palafin|262/281\n|-boost|p1a: Solgaleo|spe|1\n|\n|upkeep\n|turn|26\n|\n|t:|1781405246\n|move|p1a: Solgaleo|Knock Off|p2a: Palafin\n|-damage|p2a: Palafin|184/281\n|-enditem|p2a: Palafin|Choice Band|[from] move: Knock Off|[of] p1a: Solgaleo\n|move|p2a: Palafin|Wave Crash|p1a: Solgaleo\n|-damage|p1a: Solgaleo|124/325\n|-damage|p2a: Palafin|134/281|[from] Recoil\n|\n|upkeep\n|turn|27\n|\n|t:|1781405260\n|switch|p1a: Milotic|Milotic, L83, M|275/293 brn\n|move|p2a: Palafin|Flip Turn|p1a: Milotic\n|-resisted|p1a: Milotic\n|-damage|p1a: Milotic|233/293 brn\n|\n|t:|1781405271\n|switch|p2a: Medicham|Medicham, L86, F|52/243|[from] Flip Turn\n|\n|-heal|p1a: Milotic|251/293 brn|[from] item: Leftovers\n|-damage|p1a: Milotic|233/293 brn|[from] brn\n|upkeep\n|turn|28\n|\n|t:|1781405282\n|move|p2a: Medicham|Zen Headbutt|p1a: Milotic\n|-damage|p1a: Milotic|19/293 brn\n|cant|p1a: Milotic|flinch\n|\n|-heal|p1a: Milotic|37/293 brn|[from] item: Leftovers\n|-damage|p1a: Milotic|19/293 brn|[from] brn\n|upkeep\n|turn|29\n|\n|t:|1781405291\n|switch|p1a: Solgaleo|Solgaleo, L74|124/325\n|move|p2a: Medicham|Zen Headbutt|p1a: Solgaleo\n|-resisted|p1a: Solgaleo\n|-damage|p1a: Solgaleo|81/325\n|\n|upkeep\n|turn|30\n|\n|t:|1781405308\n|switch|p2a: Palafin|Palafin-Hero, L77, F|134/281\n|move|p1a: Solgaleo|Knock Off|p2a: Palafin\n|-damage|p2a: Palafin|84/281\n|\n|upkeep\n|turn|31\n|\n|t:|1781405317\n|switch|p1a: Milotic|Milotic, L83, M|19/293 brn\n|move|p2a: Palafin|Wave Crash|p1a: Milotic\n|-resisted|p1a: Milotic\n|-damage|p1a: Milotic|0 fnt\n|faint|p1a: Milotic\n|-damage|p2a: Palafin|78/281|[from] Recoil\n|\n|upkeep\n|\n|t:|1781405333\n|switch|p1a: Mienshao|Mienshao, L83, M|244/244\n|turn|32\n|\n|t:|1781405340\n|move|p1a: Mienshao|Fake Out|p2a: Palafin\n|-damage|p2a: Palafin|41/281\n|cant|p2a: Palafin|flinch\n|\n|upkeep\n|turn|33\n|\n|t:|1781405348\n|move|p2a: Palafin|Jet Punch|p1a: Mienshao\n|-damage|p1a: Mienshao|139/244\n|move|p1a: Mienshao|Knock Off|p2a: Palafin\n|-damage|p2a: Palafin|0 fnt\n|faint|p2a: Palafin\n|\n|upkeep\n|\n|t:|1781405365\n|switch|p2a: Medicham|Medicham, L86, F|52/243\n|turn|34\n|\n|t:|1781405370\n|move|p1a: Mienshao|Knock Off|p2a: Medicham\n|-damage|p2a: Medicham|0 fnt\n|-enditem|p2a: Medicham|Choice Band|[from] move: Knock Off|[of] p1a: Mienshao\n|faint|p2a: Medicham\n|\n|upkeep\n|\n|t:|1781405381\n|switch|p2a: Entei|Entei, L78|51/307\n|turn|35\n|\n|t:|1781405388\n|switch|p1a: Blissey|Blissey, L85, F|572/572\n|move|p2a: Entei|Extreme Speed|p1a: Blissey\n|-damage|p1a: Blissey|305/572\n|\n|-heal|p1a: Blissey|340/572|[from] item: Leftovers\n|upkeep\n|turn|36\n|\n|t:|1781405398\n|switch|p2a: Kingambit|Kingambit, L74, F|270/270\n|-activate|p2a: Kingambit|ability: Supreme Overlord\n|-start|p2a: Kingambit|fallen4|[silent]\n|move|p1a: Blissey|Seismic Toss|p2a: Kingambit\n|-damage|p2a: Kingambit|185/270\n|\n|-heal|p1a: Blissey|375/572|[from] item: Leftovers\n|-heal|p2a: Kingambit|201/270|[from] item: Leftovers\n|upkeep\n|turn|37\n|\n|t:|1781405409\n|move|p1a: Blissey|Thunder Wave|p2a: Kingambit|[miss]\n|-miss|p1a: Blissey|p2a: Kingambit\n|move|p2a: Kingambit|Iron Head|p1a: Blissey\n|-damage|p1a: Blissey|44/572\n|\n|-heal|p1a: Blissey|79/572|[from] item: Leftovers\n|-heal|p2a: Kingambit|217/270|[from] item: Leftovers\n|upkeep\n|turn|38\n|\n|t:|1781405421\n|move|p1a: Blissey|Thunder Wave|p2a: Kingambit\n|-status|p2a: Kingambit|par\n|move|p2a: Kingambit|Iron Head|p1a: Blissey\n|-damage|p1a: Blissey|0 fnt\n|faint|p1a: Blissey\n|\n|-heal|p2a: Kingambit|233/270 par|[from] item: Leftovers\n|upkeep\n|\n|t:|1781405429\n|switch|p1a: Mienshao|Mienshao, L83, M|220/244\n|turn|39\n|\n|t:|1781405434\n|move|p2a: Kingambit|Sucker Punch|p1a: Mienshao\n|-resisted|p1a: Mienshao\n|-damage|p1a: Mienshao|144/244\n|move|p1a: Mienshao|Close Combat|p2a: Kingambit\n|-supereffective|p2a: Kingambit\n|-damage|p2a: Kingambit|0 fnt\n|-unboost|p1a: Mienshao|def|1\n|-unboost|p1a: Mienshao|spd|1\n|faint|p2a: Kingambit\n|-end|p2a: Kingambit|fallen4|[silent]\n|\n|upkeep\n|-message|Yapa2002 forfeited.\n|\n|win|lasercircus\n|raw|lasercircus's rating: 1873 &rarr; <strong>1891</strong><br />(+18 for winning)\n|raw|Yapa2002's rating: 1843 &rarr; <strong>1825</strong><br />(-18 for losing)\n|l|\u2606Yapa2002\n|player|p2|\n|c|\u2606lasercircus|gg\n", "inputlog": ">version a8376a258c1d4662feba110a92103f3664a72141\n>start {\"formatid\":\"gen9randombattle\",\"seed\":\"sodium,10397790fae53cba5cc32515c8ece3ef\",\"rated\":\"Rated battle\"}\n>player p1 {\"name\":\"lasercircus\",\"avatar\":\"lance\",\"rating\":1873,\"seed\":\"sodium,a81743d1827efeba071bd23b1635b5e9\"}\n>player p2 {\"name\":\"Yapa2002\",\"avatar\":\"101\",\"rating\":1843,\"seed\":\"sodium,bd8aeb7481ea21706fb4619c31ac552d\"}\n>p1 move fakeout\n>p2 switch 2\n>p1 move knockoff\n>p2 move nastyplot\n>p1 move uturn\n>p2 move makeitrain terastallize\n>chat \u2606lasercircus|WOW LOL\n>chat \u2606lasercircus|thats pain\n>p1 switch 6\n>p2 switch 6\n>p1 move scald\n>p2 move flipturn\n>p2 switch 5\n>p1 switch 6\n>p2 move auroraveil\n>p1 move knockoff\n>p2 move blizzard\n>p1 move uturn\n>p2 switch 4\n>p1 switch 3\n>p1 move thunderwave\n>p2 switch 2\n>p1 switch 6\n>p2 move kowtowcleave\n>p1 move recover\n>p2 move swordsdance\n>p1 move haze\n>p2 move kowtowcleave\n>p1 move scald\n>p2 switch 4\n>p1 switch 4\n>p2 move auroraveil\n>p1 move shiftgear\n>p2 switch 3\n>p1 switch 4\n>p2 move sacredfire\n>p1 move recover\n>p2 switch 3\n>p1 switch 3\n>p2 move woodhammer\n>p1 move uturn\n>p2 switch 2\n>p1 switch 6\n>p1 move bugbuzz\n>p2 move zenheadbutt\n>p1 switch 6\n>p1 move fakeout\n>p2 switch 2\n>p2 switch 3\n>p1 move uturn\n>p2 move sacredfire\n>p1 switch 3\n>p1 move scald\n>p2 move sacredfire\n>p1 move recover\n>p2 switch 2\n>p1 switch 5\n>p2 move zenheadbutt\n>p1 move flamecharge\n>p2 switch 5\n>p1 move knockoff\n>p2 move wavecrash\n>p1 switch 5\n>p2 move flipturn\n>p2 switch 5\n>p1 move scald\n>p2 move zenheadbutt\n>p1 switch 5\n>p2 move zenheadbutt\n>p1 move knockoff\n>p2 switch 5\n>p1 switch 5\n>p2 move wavecrash\n>p1 switch 3\n>p1 move fakeout\n>p2 move jetpunch\n>p1 move knockoff\n>p2 move jetpunch\n>p2 switch 5\n>p1 move knockoff\n>p2 move closecombat\n>p2 switch 2\n>p1 switch 2\n>p2 move extremespeed\n>p1 move seismictoss\n>p2 switch 4\n>p1 move thunderwave\n>p2 move ironhead\n>p1 move thunderwave\n>p2 move ironhead\n>p1 switch 2\n>p1 move closecombat\n>p2 move suckerpunch\n>forcelose p2", "uploadtime": 1781405445, "views": 4, "formatid": "gen9randombattle", "rating": 1825, "private": 0, "password": null}