{"id": "gen9randombattle-2631921504", "format": "[Gen 9] Random Battle", "players": ["itsbaloney", "kkfuticipote"], "log": "|j|\u2606itsbaloney\n|j|\u2606kkfuticipote\n|t:|1781455864\n|gametype|singles\n|player|p1|itsbaloney|giovanni|1985\n|player|p2|kkfuticipote|twins-gen4dp|1944\n|gen|9\n|tier|[Gen 9] Random Battle\n|rated|\n|rule|Species Clause: Limit one of each Pok\u00e9mon\n|rule|HP Percentage Mod: HP is shown in percentages\n|rule|Sleep Clause Mod: Limit one foe put to sleep\n|rule|Illusion Level Mod: Illusion disguises the Pok\u00e9mon's true level\n|\n|t:|1781455864\n|teamsize|p1|6\n|teamsize|p2|6\n|start\n|switch|p1a: Dodrio|Dodrio, L85, F|241/241\n|switch|p2a: Tsareena|Tsareena, L87, F|267/267\n|turn|1\n|inactive|Battle timer is ON: inactive players will automatically lose when time's up. (requested by kkfuticipote)\n|j| boutiqswitch\n|\n|t:|1781455873\n|switch|p2a: Rhydon|Rhydon, L85, F|317/317\n|move|p1a: Dodrio|Knock Off|p2a: Rhydon\n|-damage|p2a: Rhydon|259/317\n|-enditem|p2a: Rhydon|Eviolite|[from] move: Knock Off|[of] p1a: Dodrio\n|\n|upkeep\n|turn|2\n|\n|t:|1781455887\n|switch|p1a: Duraludon|Duraludon, L82, M|249/249\n|move|p2a: Rhydon|Stealth Rock|p1a: Duraludon\n|-sidestart|p1: itsbaloney|move: Stealth Rock\n|\n|upkeep\n|turn|3\n|\n|t:|1781455893\n|move|p1a: Duraludon|Iron Defense|p1a: Duraludon\n|-boost|p1a: Duraludon|def|2\n|move|p2a: Rhydon|Earthquake|p1a: Duraludon\n|-supereffective|p1a: Duraludon\n|-damage|p1a: Duraludon|177/249\n|\n|upkeep\n|turn|4\n|\n|t:|1781455901\n|switch|p2a: Charizard|Charizard, L85, F|271/271\n|move|p1a: Duraludon|Body Press|p2a: Charizard\n|-resisted|p2a: Charizard\n|-damage|p2a: Charizard|201/271\n|\n|upkeep\n|turn|5\n|\n|t:|1781455911\n|move|p2a: Charizard|Dragon Dance|p2a: Charizard\n|-boost|p2a: Charizard|atk|1\n|-boost|p2a: Charizard|spe|1\n|move|p1a: Duraludon|Draco Meteor|p2a: Charizard|[miss]\n|-miss|p1a: Duraludon|p2a: Charizard\n|\n|upkeep\n|turn|6\n|\n|t:|1781455917\n|move|p2a: Charizard|Earthquake|p1a: Duraludon\n|-supereffective|p1a: Duraludon\n|-damage|p1a: Duraludon|121/249\n|move|p1a: Duraludon|Iron Defense|p1a: Duraludon\n|-boost|p1a: Duraludon|def|2\n|\n|upkeep\n|turn|7\n|\n|t:|1781455924\n|move|p2a: Charizard|Earthquake|p1a: Duraludon\n|-supereffective|p1a: Duraludon\n|-damage|p1a: Duraludon|81/249\n|move|p1a: Duraludon|Draco Meteor|p2a: Charizard\n|-damage|p2a: Charizard|54/271\n|-unboost|p1a: Duraludon|spa|2\n|\n|upkeep\n|turn|8\n|\n|t:|1781455929\n|move|p2a: Charizard|Flare Blitz|p1a: Duraludon\n|-damage|p1a: Duraludon|33/249\n|-damage|p2a: Charizard|38/271|[from] Recoil\n|move|p1a: Duraludon|Draco Meteor|p2a: Charizard\n|-damage|p2a: Charizard|0 fnt\n|-unboost|p1a: Duraludon|spa|2\n|faint|p2a: Charizard\n|\n|upkeep\n|\n|t:|1781455938\n|switch|p2a: Walking Wake|Walking Wake, L79|286/286\n|turn|9\n|\n|t:|1781455942\n|move|p2a: Walking Wake|Flamethrower|p1a: Duraludon\n|-damage|p1a: Duraludon|0 fnt\n|faint|p1a: Duraludon\n|-damage|p2a: Walking Wake|258/286|[from] item: Life Orb\n|\n|upkeep\n|\n|t:|1781455957\n|switch|p1a: Dodrio|Dodrio, L85, F|241/241\n|-damage|p1a: Dodrio|181/241|[from] Stealth Rock\n|turn|10\n|\n|t:|1781455963\n|move|p1a: Dodrio|Drill Run|p2a: Walking Wake\n|-damage|p2a: Walking Wake|161/286\n|move|p2a: Walking Wake|Hydro Steam|p1a: Dodrio\n|-damage|p1a: Dodrio|24/241\n|-damage|p2a: Walking Wake|133/286|[from] item: Life Orb\n|\n|upkeep\n|turn|11\n|\n|t:|1781455972\n|switch|p1a: Altaria|Altaria, L89, M|278/278\n|-end|p2a: Walking Wake|Protosynthesis|[silent]\n|switch|p2a: Rhydon|Rhydon, L85, F|259/317\n|\n|upkeep\n|turn|12\n|\n|t:|1781455976\n|move|p1a: Altaria|Defog|p2a: Rhydon\n|-unboost|p2a: Rhydon|evasion|1\n|-sideend|p1: itsbaloney|Stealth Rock|[from] move: Defog|[of] p1a: Altaria\n|move|p2a: Rhydon|Stone Edge|p1a: Altaria\n|-supereffective|p1a: Altaria\n|-damage|p1a: Altaria|0 fnt\n|faint|p1a: Altaria\n|\n|upkeep\n|\n|t:|1781455982\n|switch|p1a: Feraligatr|Feraligatr, L79, F|264/264\n|turn|13\n|\n|t:|1781455992\n|move|p1a: Feraligatr|Dragon Dance|p1a: Feraligatr\n|-boost|p1a: Feraligatr|atk|1\n|-boost|p1a: Feraligatr|spe|1\n|move|p2a: Rhydon|Stone Edge|p1a: Feraligatr\n|-crit|p1a: Feraligatr\n|-damage|p1a: Feraligatr|65/264\n|\n|upkeep\n|turn|14\n|\n|t:|1781455997\n|move|p1a: Feraligatr|Liquidation|p2a: Rhydon\n|-supereffective|p2a: Rhydon\n|-damage|p2a: Rhydon|0 fnt\n|faint|p2a: Rhydon\n|\n|upkeep\n|\n|t:|1781456000\n|switch|p2a: Tsareena|Tsareena, L87, F|267/267\n|turn|15\n|l| boutiqswitch\n|\n|t:|1781456010\n|-terastallize|p1a: Feraligatr|Dragon\n|-terastallize|p2a: Tsareena|Steel\n|move|p1a: Feraligatr|Ice Punch|p2a: Tsareena\n|-resisted|p2a: Tsareena\n|-damage|p2a: Tsareena|211/267\n|move|p2a: Tsareena|Power Whip|p1a: Feraligatr|[miss]\n|-miss|p2a: Tsareena|p1a: Feraligatr\n|\n|upkeep\n|turn|16\n|\n|t:|1781456023\n|move|p1a: Feraligatr|Liquidation|p2a: Tsareena\n|-damage|p2a: Tsareena|36/267\n|move|p2a: Tsareena|Knock Off|p1a: Feraligatr\n|-damage|p1a: Feraligatr|0 fnt\n|-enditem|p1a: Feraligatr|Life Orb|[from] move: Knock Off|[of] p2a: Tsareena\n|faint|p1a: Feraligatr\n|-damage|p2a: Tsareena|10/267|[from] item: Life Orb\n|\n|upkeep\n|\n|t:|1781456029\n|switch|p1a: Dodrio|Dodrio, L85, F|24/241\n|turn|17\n|\n|t:|1781456035\n|switch|p2a: Scrafty|Scrafty, L83, M|244/244\n|-ability|p2a: Scrafty|Intimidate|boost\n|-unboost|p1a: Dodrio|atk|1\n|move|p1a: Dodrio|Brave Bird|p2a: Scrafty\n|-supereffective|p2a: Scrafty\n|-damage|p2a: Scrafty|10/244\n|-damage|p1a: Dodrio|0 fnt|[from] Recoil\n|faint|p1a: Dodrio\n|\n|-heal|p2a: Scrafty|25/244|[from] item: Leftovers\n|upkeep\n|\n|t:|1781456039\n|switch|p1a: Seviper|Seviper, L93, M|287/287\n|turn|18\n|\n|t:|1781456048\n|move|p1a: Seviper|Giga Drain|p2a: Scrafty\n|-damage|p2a: Scrafty|0 fnt\n|faint|p2a: Scrafty\n|-damage|p1a: Seviper|259/287|[from] item: Life Orb\n|\n|upkeep\n|\n|t:|1781456052\n|switch|p2a: Dudunsparce|Dudunsparce-Three-Segment, L83, M|343/343\n|turn|19\n|\n|t:|1781456060\n|move|p1a: Seviper|Gunk Shot|p2a: Dudunsparce\n|-damage|p2a: Dudunsparce|129/343\n|-status|p2a: Dudunsparce|psn\n|-damage|p1a: Seviper|231/287|[from] item: Life Orb\n|move|p2a: Dudunsparce|Glare|p1a: Seviper\n|-status|p1a: Seviper|par\n|\n|-heal|p2a: Dudunsparce|150/343 psn|[from] item: Leftovers\n|-damage|p2a: Dudunsparce|108/343 psn|[from] psn\n|upkeep\n|turn|20\n|\n|t:|1781456069\n|move|p2a: Dudunsparce|Roost|p2a: Dudunsparce\n|-heal|p2a: Dudunsparce|280/343 psn\n|-singleturn|p2a: Dudunsparce|move: Roost\n|cant|p1a: Seviper|par\n|\n|-heal|p2a: Dudunsparce|301/343 psn|[from] item: Leftovers\n|-damage|p2a: Dudunsparce|259/343 psn|[from] psn\n|upkeep\n|turn|21\n|\n|t:|1781456084\n|switch|p2a: Tsareena|Tsareena, L87, F, tera:Steel|10/267\n|cant|p1a: Seviper|par\n|\n|upkeep\n|turn|22\n|c|\u2606itsbaloney|lol\n|\n|t:|1781456092\n|move|p2a: Tsareena|Knock Off|p1a: Seviper\n|-damage|p1a: Seviper|89/287 par\n|-enditem|p1a: Seviper|Life Orb|[from] move: Knock Off|[of] p2a: Tsareena\n|-damage|p2a: Tsareena|0 fnt|[from] item: Life Orb\n|faint|p2a: Tsareena\n|move|p1a: Seviper|Giga Drain|p2: Tsareena|[notarget]\n|-fail|p1a: Seviper\n|\n|upkeep\n|\n|t:|1781456099\n|switch|p2a: Dudunsparce|Dudunsparce-Three-Segment, L83, M|259/343 psn\n|turn|23\n|\n|t:|1781456103\n|move|p2a: Dudunsparce|Headbutt|p1a: Seviper\n|-damage|p1a: Seviper|1/287 par\n|cant|p1a: Seviper|flinch\n|\n|-heal|p2a: Dudunsparce|280/343 psn|[from] item: Leftovers\n|-damage|p2a: Dudunsparce|238/343 psn|[from] psn\n|upkeep\n|turn|24\n|\n|t:|1781456106\n|move|p2a: Dudunsparce|Earthquake|p1a: Seviper\n|-supereffective|p1a: Seviper\n|-damage|p1a: Seviper|0 fnt\n|faint|p1a: Seviper\n|\n|-heal|p2a: Dudunsparce|259/343 psn|[from] item: Leftovers\n|-damage|p2a: Dudunsparce|217/343 psn|[from] psn\n|upkeep\n|\n|t:|1781456108\n|switch|p1a: Registeel|Registeel, L81|262/262\n|turn|25\n|\n|t:|1781456115\n|move|p2a: Dudunsparce|Glare|p1a: Registeel\n|-status|p1a: Registeel|par\n|move|p1a: Registeel|Iron Defense|p1a: Registeel\n|-boost|p1a: Registeel|def|2\n|\n|-heal|p2a: Dudunsparce|238/343 psn|[from] item: Leftovers\n|-damage|p2a: Dudunsparce|196/343 psn|[from] psn\n|upkeep\n|turn|26\n|\n|t:|1781456121\n|move|p2a: Dudunsparce|Headbutt|p1a: Registeel\n|-resisted|p1a: Registeel\n|-damage|p1a: Registeel|247/262 par\n|move|p1a: Registeel|Body Press|p2a: Dudunsparce\n|-supereffective|p2a: Dudunsparce\n|-damage|p2a: Dudunsparce|0 fnt\n|faint|p2a: Dudunsparce\n|\n|-heal|p1a: Registeel|262/262 par|[from] item: Leftovers\n|upkeep\n|\n|t:|1781456127\n|switch|p2a: Walking Wake|Walking Wake, L79|133/286\n|turn|27\n|\n|t:|1781456130\n|move|p2a: Walking Wake|Flamethrower|p1a: Registeel\n|-supereffective|p1a: Registeel\n|-damage|p1a: Registeel|150/262 par\n|-damage|p2a: Walking Wake|105/286|[from] item: Life Orb\n|move|p1a: Registeel|Body Press|p2a: Walking Wake\n|-damage|p2a: Walking Wake|0 fnt\n|faint|p2a: Walking Wake\n|-end|p2a: Walking Wake|Protosynthesis|[silent]\n|\n|win|itsbaloney\n", "inputlog": ">version a8376a258c1d4662feba110a92103f3664a72141\n>start {\"formatid\":\"gen9randombattle\",\"seed\":\"sodium,3890116944554b4719b7a10db68b3cf9\",\"rated\":\"Rated battle\"}\n>player p1 {\"name\":\"itsbaloney\",\"avatar\":\"giovanni\",\"rating\":1985,\"seed\":\"sodium,5aeee06192e851abf0c477592127f65a\"}\n>player p2 {\"name\":\"kkfuticipote\",\"avatar\":\"twins-gen4dp\",\"rating\":1944,\"seed\":\"sodium,e10165a0f672982b607b0781817b7ee4\"}\n>p1 move knockoff\n>p2 switch 3\n>p1 switch 4\n>p2 move stealthrock\n>p1 move irondefense\n>p2 move earthquake\n>p1 move bodypress\n>p2 switch 5\n>p1 move dracometeor\n>p2 move dragondance\n>p1 move irondefense\n>p2 move earthquake\n>p1 move dracometeor\n>p2 move earthquake\n>p1 move dracometeor\n>p2 move flareblitz\n>p2 switch 6\n>p1 move bodypress\n>p2 move flamethrower\n>p1 switch 4\n>p1 move drillrun\n>p2 move hydrosteam\n>p1 switch 5\n>p2 switch 5\n>p1 move defog\n>p2 move stoneedge\n>p1 switch 2\n>p1 move dragondance\n>p2 move stoneedge\n>p1 move liquidation\n>p2 move earthquake\n>p2 switch 3\n>p1 move icepunch terastallize\n>p2 move powerwhip terastallize\n>p1 move liquidation\n>p2 move knockoff\n>p1 switch 5\n>p1 move bravebird\n>p2 switch 2\n>p1 switch 6\n>p1 move gigadrain\n>p2 move knockoff\n>p2 switch 4\n>p1 move gunkshot\n>p2 move glare\n>p1 move knockoff\n>p2 move roost\n>p1 move gigadrain\n>p2 switch 2\n>chat \u2606itsbaloney|lol\n>p1 move gigadrain\n>p2 move knockoff\n>p2 switch 2\n>p1 move gunkshot\n>p2 move headbutt\n>p1 move gunkshot\n>p2 move earthquake\n>p1 switch 3\n>p1 move irondefense\n>p2 move glare\n>p1 move bodypress\n>p2 move headbutt\n>p2 switch 5\n>p1 move bodypress\n>p2 move flamethrower", "uploadtime": 1781455866, "views": 4, "formatid": "gen9randombattle", "rating": null, "private": 0, "password": null}