{"id": "gen9randombattle-2631377999", "format": "[Gen 9] Random Battle", "players": ["Woopes", "aestheticsdavid"], "log": "|j|\u2606Woopes\n|j|\u2606aestheticsdavid\n|t:|1781377551\n|gametype|singles\n|player|p1|Woopes|fantina|1945\n|player|p2|aestheticsdavid|n|1980\n|gen|9\n|tier|[Gen 9] Random Battle\n|rated|\n|rule|Species Clause: Limit one of each Pok\u00e9mon\n|rule|HP Percentage Mod: HP is shown in percentages\n|rule|Sleep Clause Mod: Limit one foe put to sleep\n|rule|Illusion Level Mod: Illusion disguises the Pok\u00e9mon's true level\n|\n|t:|1781377551\n|teamsize|p1|6\n|teamsize|p2|6\n|start\n|switch|p1a: Reuniclus|Reuniclus, L88, F|337/337\n|switch|p2a: Diancie|Diancie, L82|216/216\n|turn|1\n|inactive|Battle timer is ON: inactive players will automatically lose when time's up. (requested by aestheticsdavid)\n|\n|t:|1781377567\n|switch|p2a: Luvdisc|Luvdisc, M|247/247\n|move|p1a: Reuniclus|Calm Mind|p1a: Reuniclus\n|-boost|p1a: Reuniclus|spa|1\n|-boost|p1a: Reuniclus|spd|1\n|\n|upkeep\n|turn|2\n|\n|t:|1781377575\n|move|p2a: Luvdisc|Substitute|p2a: Luvdisc\n|-start|p2a: Luvdisc|Substitute\n|-damage|p2a: Luvdisc|186/247\n|move|p1a: Reuniclus|Psychic|p2a: Luvdisc\n|-crit|p2a: Luvdisc\n|-end|p2a: Luvdisc|Substitute\n|\n|upkeep\n|turn|3\n|\n|t:|1781377581\n|move|p2a: Luvdisc|Substitute|p2a: Luvdisc\n|-start|p2a: Luvdisc|Substitute\n|-damage|p2a: Luvdisc|125/247\n|move|p1a: Reuniclus|Psychic|p2a: Luvdisc\n|-end|p2a: Luvdisc|Substitute\n|\n|upkeep\n|turn|4\n|\n|t:|1781377586\n|move|p2a: Luvdisc|Substitute|p2a: Luvdisc\n|-start|p2a: Luvdisc|Substitute\n|-damage|p2a: Luvdisc|64/247\n|move|p1a: Reuniclus|Psychic|p2a: Luvdisc\n|-end|p2a: Luvdisc|Substitute\n|\n|upkeep\n|turn|5\n|\n|t:|1781377592\n|move|p2a: Luvdisc|Endeavor|p1a: Reuniclus\n|-damage|p1a: Reuniclus|64/337\n|move|p1a: Reuniclus|Psychic|p2a: Luvdisc\n|-crit|p2a: Luvdisc\n|-damage|p2a: Luvdisc|0 fnt\n|faint|p2a: Luvdisc\n|\n|upkeep\n|\n|t:|1781377615\n|switch|p2a: Camerupt|Camerupt, L91, M|275/275\n|turn|6\n|\n|t:|1781377620\n|switch|p1a: Phione|Phione, L91|293/293\n|move|p2a: Camerupt|Earthquake|p1a: Phione\n|-damage|p1a: Phione|175/293\n|\n|-heal|p1a: Phione|193/293|[from] item: Leftovers\n|upkeep\n|turn|7\n|\n|t:|1781377626\n|switch|p2a: Porygon2|Porygon2, L81|270/270\n|-ability|p2a: Porygon2|Download|boost\n|-boost|p2a: Porygon2|spa|1\n|move|p1a: Phione|Scald|p2a: Porygon2\n|-damage|p2a: Porygon2|219/270\n|\n|-heal|p1a: Phione|211/293|[from] item: Leftovers\n|upkeep\n|turn|8\n|\n|t:|1781377636\n|move|p1a: Phione|Take Heart|p1a: Phione\n|-boost|p1a: Phione|spa|1\n|-boost|p1a: Phione|spd|1\n|move|p2a: Porygon2|Discharge|p1a: Phione\n|-supereffective|p1a: Phione\n|-damage|p1a: Phione|105/293\n|-status|p1a: Phione|par\n|\n|-heal|p1a: Phione|123/293 par|[from] item: Leftovers\n|upkeep\n|turn|9\n|\n|t:|1781377645\n|move|p2a: Porygon2|Discharge|p1a: Phione\n|-supereffective|p1a: Phione\n|-damage|p1a: Phione|11/293 par\n|move|p1a: Phione|Take Heart|p1a: Phione\n|-boost|p1a: Phione|spa|1\n|-boost|p1a: Phione|spd|1\n|-curestatus|p1a: Phione|par|[msg]\n|\n|-heal|p1a: Phione|29/293|[from] item: Leftovers\n|upkeep\n|turn|10\n|\n|t:|1781377666\n|switch|p2a: Pawmot|Pawmot, L80, M|243/243\n|move|p1a: Phione|Rest|p1a: Phione\n|-status|p1a: Phione|slp|[from] move: Rest\n|-heal|p1a: Phione|293/293 slp|[silent]\n|\n|upkeep\n|turn|11\n|\n|t:|1781377674\n|switch|p1a: Sawsbuck|Sawsbuck-Winter, L88, M|284/284\n|move|p2a: Pawmot|Double Shock|p1a: Sawsbuck\n|-resisted|p1a: Sawsbuck\n|-damage|p1a: Sawsbuck|188/284\n|-start|p2a: Pawmot|typechange|???/Fighting|[from] move: Double Shock\n|-damage|p2a: Pawmot|219/243|[from] item: Life Orb\n|\n|upkeep\n|turn|12\n|\n|t:|1781377684\n|switch|p1a: Annihilape|Annihilape, L76, F|292/292\n|move|p2a: Pawmot|Close Combat|p1a: Annihilape\n|-immune|p1a: Annihilape\n|\n|upkeep\n|turn|13\n|\n|t:|1781377692\n|switch|p2a: Oricorio|Oricorio-Pa'u, L87, M|272/272\n|move|p1a: Annihilape|Drain Punch|p2a: Oricorio\n|-resisted|p2a: Oricorio\n|-damage|p2a: Oricorio|249/272\n|\n|upkeep\n|turn|14\n|\n|t:|1781377704\n|switch|p1a: Chimecho|Chimecho, L93, M|290/290\n|move|p2a: Oricorio|Quiver Dance|p2a: Oricorio\n|-boost|p2a: Oricorio|spa|1\n|-boost|p2a: Oricorio|spd|1\n|-boost|p2a: Oricorio|spe|1\n|\n|upkeep\n|turn|15\n|\n|t:|1781377711\n|move|p2a: Oricorio|Hurricane|p1a: Chimecho\n|-damage|p1a: Chimecho|116/290\n|move|p1a: Chimecho|Calm Mind|p1a: Chimecho\n|-boost|p1a: Chimecho|spa|1\n|-boost|p1a: Chimecho|spd|1\n|\n|-heal|p1a: Chimecho|134/290|[from] item: Leftovers\n|upkeep\n|turn|16\n|\n|t:|1781377726\n|switch|p2a: Pawmot|Pawmot, L80, M|219/243\n|move|p1a: Chimecho|Recover|p1a: Chimecho\n|-heal|p1a: Chimecho|279/290\n|\n|-heal|p1a: Chimecho|290/290|[from] item: Leftovers\n|upkeep\n|turn|17\n|\n|t:|1781377742\n|move|p2a: Pawmot|Revival Blessing|p2a: Pawmot\n|\n|t:|1781377744\n|-heal|p2: Luvdisc|123/247|[from] move: Revival Blessing\n|move|p1a: Chimecho|Recover||[still]\n|-fail|p1a: Chimecho|heal\n|\n|upkeep\n|turn|18\n|\n|t:|1781377754\n|switch|p2a: Luvdisc|Luvdisc, M|123/247\n|move|p1a: Chimecho|Psychic Noise|p2a: Luvdisc\n|-damage|p2a: Luvdisc|0 fnt\n|faint|p2a: Luvdisc\n|\n|upkeep\n|\n|t:|1781377760\n|switch|p2a: Porygon2|Porygon2, L81|219/270\n|-ability|p2a: Porygon2|Download|boost\n|-boost|p2a: Porygon2|atk|1\n|turn|19\n|\n|t:|1781377768\n|move|p1a: Chimecho|Calm Mind|p1a: Chimecho\n|-boost|p1a: Chimecho|spa|1\n|-boost|p1a: Chimecho|spd|1\n|move|p2a: Porygon2|Tri Attack|p1a: Chimecho\n|-damage|p1a: Chimecho|254/290\n|\n|-heal|p1a: Chimecho|272/290|[from] item: Leftovers\n|upkeep\n|turn|20\n|\n|t:|1781377772\n|move|p1a: Chimecho|Calm Mind|p1a: Chimecho\n|-boost|p1a: Chimecho|spa|1\n|-boost|p1a: Chimecho|spd|1\n|move|p2a: Porygon2|Tri Attack|p1a: Chimecho\n|-damage|p1a: Chimecho|242/290\n|\n|-heal|p1a: Chimecho|260/290|[from] item: Leftovers\n|upkeep\n|turn|21\n|\n|t:|1781377775\n|move|p1a: Chimecho|Psychic Noise|p2a: Porygon2\n|-damage|p2a: Porygon2|62/270\n|-start|p2a: Porygon2|move: Heal Block\n|move|p2a: Porygon2|Tri Attack|p1a: Chimecho\n|-damage|p1a: Chimecho|230/290\n|\n|-heal|p1a: Chimecho|248/290|[from] item: Leftovers\n|upkeep\n|turn|22\n|\n|t:|1781377785\n|move|p1a: Chimecho|Dazzling Gleam|p2a: Porygon2\n|-damage|p2a: Porygon2|0 fnt\n|faint|p2a: Porygon2\n|\n|-heal|p1a: Chimecho|266/290|[from] item: Leftovers\n|upkeep\n|\n|t:|1781377790\n|switch|p2a: Pawmot|Pawmot, L80, M|219/243\n|turn|23\n|\n|t:|1781377795\n|-terastallize|p2a: Pawmot|Electric\n|move|p2a: Pawmot|Double Shock|p1a: Chimecho\n|-damage|p1a: Chimecho|58/290\n|-start|p2a: Pawmot|typechange|Electric|[from] move: Double Shock\n|-damage|p2a: Pawmot|195/243|[from] item: Life Orb\n|move|p1a: Chimecho|Psychic Noise|p2a: Pawmot\n|-damage|p2a: Pawmot|0 fnt\n|faint|p2a: Pawmot\n|\n|-heal|p1a: Chimecho|76/290|[from] item: Leftovers\n|upkeep\n|\n|t:|1781377806\n|switch|p2a: Oricorio|Oricorio-Pa'u, L87, M|249/272\n|turn|24\n|\n|t:|1781377808\n|move|p2a: Oricorio|Hurricane|p1a: Chimecho|[miss]\n|-miss|p2a: Oricorio|p1a: Chimecho\n|move|p1a: Chimecho|Recover|p1a: Chimecho\n|-heal|p1a: Chimecho|221/290\n|\n|-heal|p1a: Chimecho|239/290|[from] item: Leftovers\n|upkeep\n|turn|25\n|-message|aestheticsdavid forfeited.\n|\n|win|Woopes\n", "inputlog": ">version a8376a258c1d4662feba110a92103f3664a72141\n>start {\"formatid\":\"gen9randombattle\",\"seed\":\"sodium,0519e5a98df2407c9f1ea817354c1d85\",\"rated\":\"Rated battle\"}\n>player p1 {\"name\":\"Woopes\",\"avatar\":\"fantina\",\"rating\":1945,\"seed\":\"sodium,273fa3e4332d6823c5a99dfbf96eb050\"}\n>player p2 {\"name\":\"aestheticsdavid\",\"avatar\":\"n\",\"rating\":1980,\"seed\":\"sodium,22aa0b06ded58e0aa312ae23a8664850\"}\n>p1 move calmmind\n>p2 switch 3\n>p1 move psychic\n>p2 move substitute\n>p1 move psychic\n>p2 move substitute\n>p1 move psychic\n>p2 move substitute\n>p1 move psychic\n>p2 move endeavor\n>p2 switch 4\n>p1 switch 2\n>p2 move earthquake\n>p1 move scald\n>p2 switch 6\n>p1 move takeheart\n>p2 move discharge\n>p1 move takeheart\n>p2 move discharge\n>p1 move rest\n>p2 switch 2\n>p1 switch 4\n>p2 move doubleshock\n>p1 switch 5\n>p2 move closecombat\n>p1 move drainpunch\n>p2 switch 5\n>p1 switch 3\n>p2 move quiverdance\n>p1 move calmmind\n>p2 move hurricane\n>p1 move recover\n>p2 switch 5\n>p1 move recover\n>p2 move revivalblessing\n>p2 switch 4\n>p1 move psychicnoise\n>p2 switch 4\n>p2 switch 2\n>p1 move calmmind\n>p2 move triattack\n>p1 move calmmind\n>p2 move triattack\n>p1 move psychicnoise\n>p2 move triattack\n>p1 move dazzlinggleam\n>p2 move triattack\n>p2 switch 4\n>p1 move psychicnoise\n>p2 move doubleshock terastallize\n>p2 switch 5\n>p1 move recover\n>p2 move hurricane\n>forcelose p2", "uploadtime": 1781377554, "views": 7, "formatid": "gen9randombattle", "rating": null, "private": 0, "password": null}