{"id": "gen9randombattle-2631913315", "format": "[Gen 9] Random Battle", "players": ["cdpv", "Padelle"], "log": "|j|\u2606cdpv\n|j|\u2606Padelle\n|t:|1781454983\n|gametype|singles\n|player|p1|cdpv|170|1794\n|player|p2|Padelle|102|1804\n|gen|9\n|tier|[Gen 9] Random Battle\n|rated|\n|rule|Species Clause: Limit one of each Pok\u00e9mon\n|rule|HP Percentage Mod: HP is shown in percentages\n|rule|Sleep Clause Mod: Limit one foe put to sleep\n|rule|Illusion Level Mod: Illusion disguises the Pok\u00e9mon's true level\n|\n|t:|1781454983\n|teamsize|p1|6\n|teamsize|p2|6\n|start\n|switch|p1a: Metagross|Metagross, L79|256/256\n|switch|p2a: Dusknoir|Dusknoir, L89, F|225/225\n|-item|p1a: Metagross|Weakness Policy|[from] ability: Frisk|[of] p2a: Dusknoir\n|turn|1\n|inactive|Battle timer is ON: inactive players will automatically lose when time's up. (requested by cdpv)\n|\n|t:|1781454992\n|switch|p1a: Skuntank|Skuntank, L84, F|310/310\n|move|p2a: Dusknoir|Substitute|p2a: Dusknoir\n|-start|p2a: Dusknoir|Substitute\n|-damage|p2a: Dusknoir|169/225\n|\n|-heal|p2a: Dusknoir|183/225|[from] item: Leftovers\n|upkeep\n|turn|2\n|\n|t:|1781454998\n|-singleturn|p2a: Dusknoir|move: Focus Punch\n|move|p1a: Skuntank|Knock Off|p2a: Dusknoir\n|-supereffective|p2a: Dusknoir\n|-end|p2a: Dusknoir|Substitute\n|-damage|p1a: Skuntank|279/310|[from] item: Life Orb\n|move|p2a: Dusknoir|Focus Punch|p1a: Skuntank\n|-damage|p1a: Skuntank|144/310\n|\n|-heal|p2a: Dusknoir|197/225|[from] item: Leftovers\n|upkeep\n|turn|3\n|\n|t:|1781455009\n|switch|p2a: Flamigo|Flamigo, L82, M|269/269\n|move|p1a: Skuntank|Knock Off|p2a: Flamigo\n|-resisted|p2a: Flamigo\n|-damage|p2a: Flamigo|190/269\n|-enditem|p2a: Flamigo|Life Orb|[from] move: Knock Off|[of] p1a: Skuntank\n|-damage|p1a: Skuntank|113/310|[from] item: Life Orb\n|\n|upkeep\n|turn|4\n|\n|t:|1781455016\n|switch|p1a: Metagross|Metagross, L79|256/256\n|move|p2a: Flamigo|Close Combat|p1a: Metagross\n|-damage|p1a: Metagross|144/256\n|-unboost|p2a: Flamigo|def|1\n|-unboost|p2a: Flamigo|spd|1\n|\n|upkeep\n|turn|5\n|\n|t:|1781455031\n|switch|p2a: Luxray|Luxray, L88, M|284/284\n|-ability|p2a: Luxray|Intimidate|boost\n|-fail|p1a: Metagross|unboost|[from] ability: Clear Body|[of] p1a: Metagross\n|move|p1a: Metagross|Agility|p1a: Metagross\n|-boost|p1a: Metagross|spe|2\n|\n|upkeep\n|turn|6\n|\n|t:|1781455038\n|move|p1a: Metagross|Earthquake|p2a: Luxray\n|-supereffective|p2a: Luxray\n|-crit|p2a: Luxray\n|-damage|p2a: Luxray|12/284\n|move|p2a: Luxray|Volt Switch|p1a: Metagross\n|-damage|p1a: Metagross|56/256\n|\n|t:|1781455045\n|switch|p2a: Lokix|Lokix, L82, F|251/251|[from] Volt Switch\n|\n|upkeep\n|turn|7\n|\n|t:|1781455049\n|move|p2a: Lokix|First Impression|p1a: Metagross\n|-damage|p1a: Metagross|0 fnt\n|faint|p1a: Metagross\n|\n|upkeep\n|\n|t:|1781455060\n|switch|p1a: Spidops|Spidops, L96, F|271/271\n|turn|8\n|\n|t:|1781455065\n|move|p2a: Lokix|U-turn|p1a: Spidops\n|-damage|p1a: Spidops|198/271\n|\n|t:|1781455068\n|switch|p2a: Flamigo|Flamigo, L82, M|190/269|[from] U-turn\n|move|p1a: Spidops|Sticky Web|p2a: Flamigo\n|-sidestart|p2: Padelle|move: Sticky Web\n|\n|upkeep\n|turn|9\n|\n|t:|1781455073\n|switch|p1a: Skuntank|Skuntank, L84, F|113/310\n|move|p2a: Flamigo|Brave Bird|p1a: Skuntank\n|-damage|p1a: Skuntank|0 fnt\n|-damage|p2a: Flamigo|123/269|[from] ability: Aftermath|[of] p1a: Skuntank\n|faint|p1a: Skuntank\n|-damage|p2a: Flamigo|86/269|[from] Recoil\n|\n|upkeep\n|\n|t:|1781455077\n|switch|p1a: Basculin|Basculin, L86, F|261/261\n|turn|10\n|\n|t:|1781455082\n|switch|p2a: Luxray|Luxray, L88, M|12/284\n|-activate|p2a: Luxray|move: Sticky Web\n|-unboost|p2a: Luxray|spe|1\n|-ability|p2a: Luxray|Intimidate|boost\n|-unboost|p1a: Basculin|atk|1\n|move|p1a: Basculin|Flip Turn|p2a: Luxray\n|-damage|p2a: Luxray|0 fnt\n|faint|p2a: Luxray\n|\n|t:|1781455087\n|switch|p1a: Mienshao|Mienshao, L83, M|244/244|[from] Flip Turn\n|\n|upkeep\n|\n|t:|1781455104\n|switch|p2a: Dusknoir|Dusknoir, L89, F|197/225\n|-activate|p2a: Dusknoir|move: Sticky Web\n|-unboost|p2a: Dusknoir|spe|1\n|-item|p1a: Mienshao|Assault Vest|[from] ability: Frisk|[of] p2a: Dusknoir\n|turn|11\n|\n|t:|1781455107\n|move|p1a: Mienshao|Knock Off|p2a: Dusknoir\n|-supereffective|p2a: Dusknoir\n|-damage|p2a: Dusknoir|89/225\n|-enditem|p2a: Dusknoir|Leftovers|[from] move: Knock Off|[of] p1a: Mienshao\n|move|p2a: Dusknoir|Poltergeist|p1a: Mienshao\n|-activate|p1a: Mienshao|move: Poltergeist|Assault Vest\n|-damage|p1a: Mienshao|75/244\n|\n|upkeep\n|turn|12\n|\n|t:|1781455113\n|move|p1a: Mienshao|Knock Off|p2a: Dusknoir\n|-supereffective|p2a: Dusknoir\n|-damage|p2a: Dusknoir|19/225\n|move|p2a: Dusknoir|Poltergeist|p1a: Mienshao\n|-activate|p1a: Mienshao|move: Poltergeist|Assault Vest\n|-crit|p1a: Mienshao\n|-damage|p1a: Mienshao|0 fnt\n|faint|p1a: Mienshao\n|\n|upkeep\n|\n|t:|1781455120\n|switch|p1a: Basculin|Basculin, L86, F|261/261\n|turn|13\n|\n|t:|1781455124\n|move|p1a: Basculin|Wave Crash|p2a: Dusknoir\n|-damage|p2a: Dusknoir|0 fnt\n|faint|p2a: Dusknoir\n|-damage|p1a: Basculin|255/261|[from] Recoil\n|\n|upkeep\n|\n|t:|1781455135\n|switch|p2a: Groudon|Groudon, L72|263/263\n|-activate|p2a: Groudon|move: Sticky Web\n|-unboost|p2a: Groudon|spe|1\n|-weather|SunnyDay|[from] ability: Drought|[of] p2a: Groudon\n|turn|14\n|\n|t:|1781455139\n|-terastallize|p1a: Basculin|Water\n|move|p1a: Basculin|Wave Crash|p2a: Groudon\n|-supereffective|p2a: Groudon\n|-damage|p2a: Groudon|39/263\n|-damage|p1a: Basculin|181/261|[from] Recoil\n|move|p2a: Groudon|Thunder Wave|p1a: Basculin\n|-status|p1a: Basculin|par\n|\n|-weather|SunnyDay|[upkeep]\n|-heal|p2a: Groudon|55/263|[from] item: Leftovers\n|upkeep\n|turn|15\n|\n|t:|1781455147\n|move|p2a: Groudon|Precipice Blades|p1a: Basculin\n|-damage|p1a: Basculin|9/261 par\n|move|p1a: Basculin|Wave Crash|p2a: Groudon\n|-supereffective|p2a: Groudon\n|-crit|p2a: Groudon\n|-damage|p2a: Groudon|0 fnt\n|faint|p2a: Groudon\n|-damage|p1a: Basculin|0 fnt|[from] Recoil\n|faint|p1a: Basculin\n|\n|-weather|SunnyDay|[upkeep]\n|upkeep\n|\n|t:|1781455158\n|switch|p1a: Electrode|Electrode-Hisui, L87|246/246\n|switch|p2a: Lokix|Lokix, L82, F|251/251\n|-activate|p2a: Lokix|move: Sticky Web\n|-unboost|p2a: Lokix|spe|1\n|turn|16\n|\n|t:|1781455165\n|switch|p1a: Spidops|Spidops, L96, F|198/271\n|-terastallize|p2a: Lokix|Bug\n|move|p2a: Lokix|First Impression|p1a: Spidops\n|-damage|p1a: Spidops|74/271\n|\n|-weather|SunnyDay|[upkeep]\n|upkeep\n|turn|17\n|\n|t:|1781455171\n|move|p2a: Lokix|U-turn|p1a: Spidops\n|-damage|p1a: Spidops|0 fnt\n|faint|p1a: Spidops\n|\n|t:|1781455176\n|switch|p2a: Flamigo|Flamigo, L82, M|86/269|[from] U-turn\n|\n|-weather|SunnyDay|[upkeep]\n|upkeep\n|\n|t:|1781455178\n|switch|p1a: Electrode|Electrode-Hisui, L87|246/246\n|turn|18\n|\n|t:|1781455181\n|move|p1a: Electrode|Thunderbolt|p2a: Flamigo\n|-supereffective|p2a: Flamigo\n|-damage|p2a: Flamigo|0 fnt\n|faint|p2a: Flamigo\n|-damage|p1a: Electrode|222/246|[from] item: Life Orb\n|\n|-weather|none\n|upkeep\n|\n|t:|1781455183\n|switch|p2a: Lokix|Lokix, L82, F, tera:Bug|251/251\n|-activate|p2a: Lokix|move: Sticky Web\n|-unboost|p2a: Lokix|spe|1\n|turn|19\n|\n|t:|1781455189\n|move|p2a: Lokix|First Impression|p1a: Electrode\n|-supereffective|p1a: Electrode\n|-damage|p1a: Electrode|0 fnt\n|faint|p1a: Electrode\n|\n|win|Padelle\n|raw|cdpv's rating: 1794 &rarr; <strong>1775</strong><br />(-19 for losing)\n|raw|Padelle's rating: 1804 &rarr; <strong>1823</strong><br />(+19 for winning)\n|l|\u2606cdpv\n|player|p1|\n", "inputlog": ">version a8376a258c1d4662feba110a92103f3664a72141\n>start {\"formatid\":\"gen9randombattle\",\"seed\":\"sodium,7ceff532b2f25e1759069a430e60425a\",\"rated\":\"Rated battle\"}\n>player p1 {\"name\":\"cdpv\",\"avatar\":\"170\",\"rating\":1794,\"seed\":\"sodium,95dc6d37994bfd08deb02eef0d7b0de9\"}\n>player p2 {\"name\":\"Padelle\",\"avatar\":\"102\",\"rating\":1804,\"seed\":\"sodium,20a7b51a3fa87ed85b8d4b6e5d286500\"}\n>p1 switch 5\n>p2 move substitute\n>p1 move knockoff\n>p2 move focuspunch\n>p1 move knockoff\n>p2 switch 4\n>p1 switch 5\n>p2 move closecombat\n>p1 move agility\n>p2 switch 5\n>p1 move earthquake\n>p2 move voltswitch\n>p2 switch 6\n>p1 move heavyslam\n>p2 move firstimpression\n>p1 switch 2\n>p1 move stickyweb\n>p2 move uturn\n>p2 switch 5\n>p1 switch 5\n>p2 move bravebird\n>p1 switch 4\n>p1 move flipturn\n>p2 switch 6\n>p1 switch 6\n>p2 switch 4\n>p1 move knockoff\n>p2 move poltergeist\n>p1 move knockoff\n>p2 move poltergeist\n>p1 switch 6\n>p1 move wavecrash\n>p2 move painsplit\n>p2 switch 2\n>p1 move wavecrash terastallize\n>p2 move thunderwave\n>p1 move wavecrash\n>p2 move precipiceblades\n>p1 switch 3\n>p2 switch 5\n>p1 switch 5\n>p2 move firstimpression terastallize\n>p1 move spikes\n>p2 move uturn\n>p2 switch 6\n>p1 switch 5\n>p1 move thunderbolt\n>p2 move closecombat\n>p2 switch 6\n>p1 move thunderbolt\n>p2 move firstimpression", "uploadtime": 1781455197, "views": 3, "formatid": "gen9randombattle", "rating": 1775, "private": 0, "password": null}