{"id": "gen9randombattle-2631809345", "format": "[Gen 9] Random Battle", "players": ["kormorano", "Starfacto"], "log": "|j|\u2606kormorano\n|j|\u2606Starfacto\n|t:|1781442827\n|gametype|singles\n|player|p1|kormorano|102|2068\n|player|p2|Starfacto|boarder|2049\n|gen|9\n|tier|[Gen 9] Random Battle\n|rated|\n|rule|Species Clause: Limit one of each Pok\u00e9mon\n|rule|HP Percentage Mod: HP is shown in percentages\n|rule|Sleep Clause Mod: Limit one foe put to sleep\n|rule|Illusion Level Mod: Illusion disguises the Pok\u00e9mon's true level\n|\n|t:|1781442827\n|teamsize|p1|6\n|teamsize|p2|6\n|start\n|switch|p1a: Wigglytuff|Wigglytuff, L96, M|424/424\n|switch|p2a: Azelf|Azelf, L82|257/257\n|turn|1\n|inactive|Battle timer is ON: inactive players will automatically lose when time's up. (requested by kormorano)\n|\n|t:|1781442837\n|move|p2a: Azelf|U-turn|p1a: Wigglytuff\n|-resisted|p1a: Wigglytuff\n|-damage|p1a: Wigglytuff|385/424\n|\n|t:|1781442841\n|switch|p2a: Granbull|Granbull, L88, F|302/302|[from] U-turn\n|-ability|p2a: Granbull|Intimidate|boost\n|-unboost|p1a: Wigglytuff|atk|1\n|-ability|p1a: Wigglytuff|Competitive|boost\n|-boost|p1a: Wigglytuff|spa|2\n|move|p1a: Wigglytuff|Thunder Wave|p2a: Granbull|[miss]\n|-miss|p1a: Wigglytuff|p2a: Granbull\n|\n|-heal|p1a: Wigglytuff|411/424|[from] item: Leftovers\n|upkeep\n|turn|2\n|\n|t:|1781442848\n|move|p1a: Wigglytuff|Protect|p1a: Wigglytuff\n|-singleturn|p1a: Wigglytuff|Protect\n|move|p2a: Granbull|Thunder Wave|p1a: Wigglytuff\n|-activate|p1a: Wigglytuff|move: Protect\n|\n|-heal|p1a: Wigglytuff|424/424|[from] item: Leftovers\n|upkeep\n|turn|3\n|\n|t:|1781442853\n|move|p1a: Wigglytuff|Alluring Voice|p2a: Granbull\n|-damage|p2a: Granbull|73/302\n|move|p2a: Granbull|Thunder Wave|p1a: Wigglytuff\n|-status|p1a: Wigglytuff|par\n|\n|-heal|p2a: Granbull|91/302|[from] item: Leftovers\n|upkeep\n|turn|4\n|\n|t:|1781442858\n|move|p2a: Granbull|Play Rough|p1a: Wigglytuff\n|-damage|p1a: Wigglytuff|262/424 par\n|-unboost|p1a: Wigglytuff|atk|1\n|-ability|p1a: Wigglytuff|Competitive|boost\n|-boost|p1a: Wigglytuff|spa|2\n|move|p1a: Wigglytuff|Alluring Voice|p2a: Granbull\n|-damage|p2a: Granbull|0 fnt\n|faint|p2a: Granbull\n|\n|-heal|p1a: Wigglytuff|288/424 par|[from] item: Leftovers\n|upkeep\n|\n|t:|1781442872\n|switch|p2a: Bisharp|Bisharp, L79, F|232/232\n|turn|5\n|\n|t:|1781442883\n|move|p2a: Bisharp|Iron Head|p1a: Wigglytuff\n|-supereffective|p1a: Wigglytuff\n|-damage|p1a: Wigglytuff|28/424 par\n|cant|p1a: Wigglytuff|par\n|\n|-heal|p1a: Wigglytuff|54/424 par|[from] item: Leftovers\n|upkeep\n|turn|6\n|\n|t:|1781442888\n|move|p2a: Bisharp|Iron Head|p1a: Wigglytuff\n|-supereffective|p1a: Wigglytuff\n|-damage|p1a: Wigglytuff|0 fnt\n|faint|p1a: Wigglytuff\n|\n|upkeep\n|\n|t:|1781442895\n|switch|p1a: Ludicolo|Ludicolo, L90, F|290/290\n|turn|7\n|\n|t:|1781442910\n|move|p1a: Ludicolo|Hydro Pump|p2a: Bisharp\n|-damage|p2a: Bisharp|75/232\n|move|p2a: Bisharp|Stealth Rock|p1a: Ludicolo\n|-sidestart|p1: kormorano|move: Stealth Rock\n|\n|upkeep\n|turn|8\n|\n|t:|1781442916\n|switch|p2a: Serperior|Serperior, L79, F|248/248\n|move|p1a: Ludicolo|Hydro Pump|p2a: Serperior\n|-resisted|p2a: Serperior\n|-damage|p2a: Serperior|149/248\n|\n|-heal|p2a: Serperior|164/248|[from] item: Leftovers\n|upkeep\n|turn|9\n|\n|t:|1781442923\n|switch|p1a: Appletun|Appletun, L92, M|352/352\n|-damage|p1a: Appletun|308/352|[from] Stealth Rock\n|move|p2a: Serperior|Leaf Storm|p1a: Appletun\n|-resisted|p1a: Appletun\n|-damage|p1a: Appletun|286/352\n|-boost|p2a: Serperior|spa|2\n|\n|-heal|p2a: Serperior|179/248|[from] item: Leftovers\n|-heal|p1a: Appletun|308/352|[from] item: Leftovers\n|upkeep\n|turn|10\n|\n|t:|1781442931\n|switch|p2a: Bisharp|Bisharp, L79, F|75/232\n|move|p1a: Appletun|Dragon Pulse|p2a: Bisharp\n|-resisted|p2a: Bisharp\n|-damage|p2a: Bisharp|28/232\n|\n|-heal|p1a: Appletun|330/352|[from] item: Leftovers\n|upkeep\n|turn|11\n|\n|t:|1781442936\n|move|p2a: Bisharp|Iron Head|p1a: Appletun\n|-damage|p1a: Appletun|240/352\n|move|p1a: Appletun|Dragon Pulse|p2a: Bisharp\n|-resisted|p2a: Bisharp\n|-damage|p2a: Bisharp|0 fnt\n|faint|p2a: Bisharp\n|\n|-heal|p1a: Appletun|262/352|[from] item: Leftovers\n|upkeep\n|\n|t:|1781442940\n|switch|p2a: Azelf|Azelf, L82|257/257\n|turn|12\n|\n|t:|1781442944\n|switch|p1a: Ludicolo|Ludicolo, L90, F|290/290\n|-damage|p1a: Ludicolo|254/290|[from] Stealth Rock\n|move|p2a: Azelf|Dazzling Gleam|p1a: Ludicolo\n|-damage|p1a: Ludicolo|171/290\n|\n|upkeep\n|turn|13\n|\n|t:|1781442951\n|move|p2a: Azelf|Dazzling Gleam|p1a: Ludicolo\n|-damage|p1a: Ludicolo|87/290\n|move|p1a: Ludicolo|Leaf Storm|p2a: Azelf\n|-damage|p2a: Azelf|0 fnt\n|-unboost|p1a: Ludicolo|spa|2\n|faint|p2a: Azelf\n|\n|upkeep\n|\n|t:|1781442958\n|switch|p2a: Serperior|Serperior, L79, F|179/248\n|turn|14\n|\n|t:|1781442967\n|switch|p1a: Drifblim|Drifblim, L86, M|398/398\n|move|p2a: Serperior|Leaf Storm|p1a: Drifblim\n|-resisted|p1a: Drifblim\n|-damage|p1a: Drifblim|329/398\n|-boost|p2a: Serperior|spa|2\n|\n|-heal|p2a: Serperior|194/248|[from] item: Leftovers\n|upkeep\n|turn|15\n|\n|t:|1781442993\n|-terastallize|p2a: Serperior|Rock\n|move|p2a: Serperior|Tera Blast|p1a: Drifblim|[anim] Tera Blast Rock\n|-supereffective|p1a: Drifblim\n|-damage|p1a: Drifblim|0 fnt\n|faint|p1a: Drifblim\n|\n|-heal|p2a: Serperior|209/248|[from] item: Leftovers\n|upkeep\n|\n|t:|1781443008\n|switch|p1a: Slaking|Slaking, L84, M|389/389\n|-damage|p1a: Slaking|341/389|[from] Stealth Rock\n|turn|16\n|\n|t:|1781443011\n|move|p2a: Serperior|Substitute|p2a: Serperior\n|-start|p2a: Serperior|Substitute\n|-damage|p2a: Serperior|147/248\n|move|p1a: Slaking|Earthquake|p2a: Serperior\n|-supereffective|p2a: Serperior\n|-end|p2a: Serperior|Substitute\n|\n|-heal|p2a: Serperior|162/248|[from] item: Leftovers\n|upkeep\n|turn|17\n|\n|t:|1781443017\n|switch|p1a: Ludicolo|Ludicolo, L90, F|87/290\n|-damage|p1a: Ludicolo|51/290|[from] Stealth Rock\n|move|p2a: Serperior|Leaf Storm|p1a: Ludicolo\n|-damage|p1a: Ludicolo|0 fnt\n|-boost|p2a: Serperior|spa|2\n|faint|p1a: Ludicolo\n|\n|-heal|p2a: Serperior|177/248|[from] item: Leftovers\n|upkeep\n|\n|t:|1781443022\n|switch|p1a: Appletun|Appletun, L92, M|262/352\n|-damage|p1a: Appletun|218/352|[from] Stealth Rock\n|turn|18\n|\n|t:|1781443027\n|move|p2a: Serperior|Tera Blast|p1a: Appletun|[anim] Tera Blast Rock\n|-damage|p1a: Appletun|50/352\n|move|p1a: Appletun|Apple Acid|p2a: Serperior\n|-supereffective|p2a: Serperior\n|-damage|p2a: Serperior|0 fnt\n|faint|p2a: Serperior\n|\n|-heal|p1a: Appletun|72/352|[from] item: Leftovers\n|upkeep\n|\n|t:|1781443033\n|switch|p2a: Swampert|Swampert, L83, M|302/302\n|turn|19\n|\n|t:|1781443041\n|switch|p1a: Slaking|Slaking, L84, M|341/389\n|-damage|p1a: Slaking|293/389|[from] Stealth Rock\n|move|p2a: Swampert|Knock Off|p1a: Slaking\n|-damage|p1a: Slaking|225/389\n|-enditem|p1a: Slaking|Choice Band|[from] move: Knock Off|[of] p2a: Swampert\n|\n|upkeep\n|turn|20\n|\n|t:|1781443050\n|move|p1a: Slaking|Double-Edge|p2a: Swampert\n|-damage|p2a: Swampert|100/302\n|-damage|p1a: Slaking|158/389|[from] Recoil\n|move|p2a: Swampert|Earthquake|p1a: Slaking\n|-damage|p1a: Slaking|59/389\n|\n|-heal|p2a: Swampert|118/302|[from] item: Leftovers\n|upkeep\n|turn|21\n|\n|t:|1781443059\n|cant|p1a: Slaking|ability: Truant\n|move|p2a: Swampert|Knock Off|p1a: Slaking\n|-damage|p1a: Slaking|15/389\n|\n|-heal|p2a: Swampert|136/302|[from] item: Leftovers\n|upkeep\n|turn|22\n|\n|t:|1781443062\n|move|p1a: Slaking|Double-Edge|p2a: Swampert\n|-damage|p2a: Swampert|0 fnt\n|faint|p2a: Swampert\n|-damage|p1a: Slaking|0 fnt|[from] Recoil\n|faint|p1a: Slaking\n|\n|upkeep\n|\n|t:|1781443065\n|switch|p1a: Probopass|Probopass, L91, M|257/257\n|switch|p2a: Thundurus|Thundurus, L80, M|258/258\n|-damage|p1a: Probopass|241/257|[from] Stealth Rock\n|turn|23\n|\n|t:|1781443077\n|-terastallize|p1a: Probopass|Fighting\n|move|p2a: Thundurus|Nasty Plot|p2a: Thundurus\n|-boost|p2a: Thundurus|spa|2\n|move|p1a: Probopass|Power Gem|p2a: Thundurus\n|-supereffective|p2a: Thundurus\n|-damage|p2a: Thundurus|84/258\n|\n|-heal|p1a: Probopass|257/257|[from] item: Leftovers\n|upkeep\n|turn|24\n|\n|t:|1781443083\n|move|p2a: Thundurus|Thunderbolt|p1a: Probopass\n|-damage|p1a: Probopass|116/257\n|move|p1a: Probopass|Power Gem|p2a: Thundurus\n|-supereffective|p2a: Thundurus\n|-damage|p2a: Thundurus|0 fnt\n|faint|p2a: Thundurus\n|\n|win|kormorano\n", "uploadtime": 1781442829, "views": 3, "formatid": "gen9randombattle", "rating": null, "private": 0, "password": null}