{"id": "gen9randombattle-2631395880", "format": "[Gen 9] Random Battle", "players": ["APHELIODIOMYCOTA", "Ggstarmie"], "log": "|j|\u2606APHELIODIOMYCOTA\n|j|\u2606Ggstarmie\n|t:|1781379616\n|gametype|singles\n|player|p1|APHELIODIOMYCOTA|brock|2031\n|player|p2|Ggstarmie|266|2000\n|gen|9\n|tier|[Gen 9] Random Battle\n|rated|\n|rule|Species Clause: Limit one of each Pok\u00e9mon\n|rule|HP Percentage Mod: HP is shown in percentages\n|rule|Sleep Clause Mod: Limit one foe put to sleep\n|rule|Illusion Level Mod: Illusion disguises the Pok\u00e9mon's true level\n|\n|t:|1781379616\n|teamsize|p1|6\n|teamsize|p2|6\n|start\n|switch|p1a: Whimsicott|Whimsicott, L84, F|238/238\n|switch|p2a: Tentacruel|Tentacruel, L84, F|272/272\n|turn|1\n|inactive|Battle timer is ON: inactive players will automatically lose when time's up. (requested by APHELIODIOMYCOTA)\n|\n|t:|1781379624\n|switch|p1a: Zamazenta|Zamazenta-Crowned, L68|238/238\n|-ability|p1a: Zamazenta|Dauntless Shield|boost\n|-boost|p1a: Zamazenta|def|1\n|move|p2a: Tentacruel|Toxic|p1a: Zamazenta\n|-immune|p1a: Zamazenta\n|\n|upkeep\n|turn|2\n|\n|t:|1781379648\n|move|p2a: Tentacruel|Surf|p1a: Zamazenta\n|-damage|p1a: Zamazenta|169/238\n|move|p1a: Zamazenta|Iron Defense|p1a: Zamazenta\n|-boost|p1a: Zamazenta|def|2\n|\n|upkeep\n|turn|3\n|\n|t:|1781379656\n|move|p2a: Tentacruel|Surf|p1a: Zamazenta\n|-damage|p1a: Zamazenta|99/238\n|move|p1a: Zamazenta|Body Press|p2a: Tentacruel\n|-resisted|p2a: Tentacruel\n|-damage|p2a: Tentacruel|153/272\n|\n|-heal|p2a: Tentacruel|170/272|[from] item: Leftovers\n|upkeep\n|turn|4\n|\n|t:|1781379661\n|move|p2a: Tentacruel|Surf|p1a: Zamazenta\n|-damage|p1a: Zamazenta|30/238\n|move|p1a: Zamazenta|Body Press|p2a: Tentacruel\n|-resisted|p2a: Tentacruel\n|-damage|p2a: Tentacruel|60/272\n|\n|-heal|p2a: Tentacruel|77/272|[from] item: Leftovers\n|upkeep\n|turn|5\n|\n|t:|1781379664\n|move|p2a: Tentacruel|Surf|p1a: Zamazenta\n|-damage|p1a: Zamazenta|0 fnt\n|faint|p1a: Zamazenta\n|\n|-heal|p2a: Tentacruel|94/272|[from] item: Leftovers\n|upkeep\n|\n|t:|1781379667\n|switch|p1a: Iron Bundle|Iron Bundle, L78|215/215\n|turn|6\n|\n|t:|1781379672\n|switch|p2a: Registeel|Registeel, L81|262/262\n|move|p1a: Iron Bundle|Freeze-Dry|p2a: Registeel\n|-resisted|p2a: Registeel\n|-damage|p2a: Registeel|222/262\n|\n|-heal|p2a: Registeel|238/262|[from] item: Leftovers\n|upkeep\n|turn|7\n|\n|t:|1781379674\n|-end|p1a: Iron Bundle|Quark Drive|[silent]\n|switch|p1a: Typhlosion|Typhlosion, L84, F|267/267\n|move|p2a: Registeel|Thunder Wave|p1a: Typhlosion\n|-status|p1a: Typhlosion|par\n|\n|-heal|p2a: Registeel|254/262|[from] item: Leftovers\n|upkeep\n|turn|8\n|\n|t:|1781379684\n|switch|p2a: Tentacruel|Tentacruel, L84, F|94/272\n|move|p1a: Typhlosion|Eruption|p2a: Tentacruel\n|-resisted|p2a: Tentacruel\n|-damage|p2a: Tentacruel|20/272\n|\n|-heal|p2a: Tentacruel|37/272|[from] item: Leftovers\n|upkeep\n|turn|9\n|\n|t:|1781379688\n|switch|p1a: Iron Bundle|Iron Bundle, L78|215/215\n|move|p2a: Tentacruel|Surf|p1a: Iron Bundle\n|-resisted|p1a: Iron Bundle\n|-damage|p1a: Iron Bundle|161/215\n|\n|-heal|p2a: Tentacruel|54/272|[from] item: Leftovers\n|upkeep\n|turn|10\n|\n|t:|1781379694\n|switch|p2a: Registeel|Registeel, L81|254/262\n|move|p1a: Iron Bundle|Hydro Pump|p2a: Registeel|[miss]\n|-miss|p1a: Iron Bundle|p2a: Registeel\n|\n|-heal|p2a: Registeel|262/262|[from] item: Leftovers\n|upkeep\n|turn|11\n|\n|t:|1781379699\n|-end|p1a: Iron Bundle|Quark Drive|[silent]\n|switch|p1a: Dudunsparce|Dudunsparce-Three-Segment, L83, M|343/343\n|move|p2a: Registeel|Body Press|p1a: Dudunsparce\n|-supereffective|p1a: Dudunsparce\n|-damage|p1a: Dudunsparce|179/343\n|\n|-heal|p1a: Dudunsparce|200/343|[from] item: Leftovers\n|upkeep\n|turn|12\n|\n|t:|1781379702\n|move|p1a: Dudunsparce|Glare|p2a: Registeel\n|-status|p2a: Registeel|par\n|move|p2a: Registeel|Iron Defense|p2a: Registeel\n|-boost|p2a: Registeel|def|2\n|\n|-heal|p1a: Dudunsparce|221/343|[from] item: Leftovers\n|upkeep\n|turn|13\n|\n|t:|1781379704\n|move|p1a: Dudunsparce|Headbutt|p2a: Registeel\n|-resisted|p2a: Registeel\n|-damage|p2a: Registeel|247/262 par\n|cant|p2a: Registeel|flinch\n|\n|-heal|p1a: Dudunsparce|242/343|[from] item: Leftovers\n|-heal|p2a: Registeel|262/262 par|[from] item: Leftovers\n|upkeep\n|turn|14\n|\n|t:|1781379709\n|switch|p1a: Whimsicott|Whimsicott, L84, F|238/238\n|cant|p2a: Registeel|par\n|\n|upkeep\n|turn|15\n|\n|t:|1781379712\n|move|p1a: Whimsicott|Encore|p2a: Registeel\n|-start|p2a: Registeel|Encore\n|move|p2a: Registeel|Iron Defense|p2a: Registeel\n|-boost|p2a: Registeel|def|2\n|\n|upkeep\n|turn|16\n|\n|t:|1781379715\n|switch|p1a: Typhlosion|Typhlosion, L84, F|267/267 par\n|switch|p2a: Tentacruel|Tentacruel, L84, F|54/272\n|\n|-heal|p2a: Tentacruel|71/272|[from] item: Leftovers\n|upkeep\n|turn|17\n|\n|t:|1781379723\n|switch|p1a: Iron Bundle|Iron Bundle, L78|161/215\n|move|p2a: Tentacruel|Surf|p1a: Iron Bundle\n|-resisted|p1a: Iron Bundle\n|-damage|p1a: Iron Bundle|102/215\n|\n|-heal|p2a: Tentacruel|88/272|[from] item: Leftovers\n|upkeep\n|turn|18\n|\n|t:|1781379728\n|switch|p2a: Registeel|Registeel, L81|262/262 par\n|move|p1a: Iron Bundle|Freeze-Dry|p2a: Registeel\n|-resisted|p2a: Registeel\n|-damage|p2a: Registeel|225/262 par\n|\n|-heal|p2a: Registeel|241/262 par|[from] item: Leftovers\n|upkeep\n|turn|19\n|\n|t:|1781379732\n|-end|p1a: Iron Bundle|Quark Drive|[silent]\n|switch|p1a: Typhlosion|Typhlosion, L84, F|267/267 par\n|move|p2a: Registeel|Body Press|p1a: Typhlosion\n|-damage|p1a: Typhlosion|180/267 par\n|\n|-heal|p2a: Registeel|257/262 par|[from] item: Leftovers\n|upkeep\n|turn|20\n|\n|t:|1781379735\n|switch|p2a: Tentacruel|Tentacruel, L84, F|88/272\n|move|p1a: Typhlosion|Scorching Sands|p2a: Tentacruel\n|-supereffective|p2a: Tentacruel\n|-damage|p2a: Tentacruel|6/272\n|\n|-heal|p2a: Tentacruel|23/272|[from] item: Leftovers\n|upkeep\n|turn|21\n|\n|t:|1781379742\n|switch|p1a: Whimsicott|Whimsicott, L84, F|238/238\n|move|p2a: Tentacruel|Sludge Bomb|p1a: Whimsicott\n|-supereffective|p1a: Whimsicott\n|-damage|p1a: Whimsicott|0 fnt\n|faint|p1a: Whimsicott\n|\n|-heal|p2a: Tentacruel|40/272|[from] item: Leftovers\n|upkeep\n|\n|t:|1781379745\n|switch|p1a: Iron Bundle|Iron Bundle, L78|102/215\n|turn|22\n|\n|t:|1781379754\n|switch|p2a: Registeel|Registeel, L81|257/262 par\n|move|p1a: Iron Bundle|Hydro Pump|p2a: Registeel\n|-damage|p2a: Registeel|136/262 par\n|\n|-heal|p2a: Registeel|152/262 par|[from] item: Leftovers\n|upkeep\n|turn|23\n|\n|t:|1781379756\n|move|p1a: Iron Bundle|Hydro Pump|p2a: Registeel|[miss]\n|-miss|p1a: Iron Bundle|p2a: Registeel\n|move|p2a: Registeel|Body Press|p1a: Iron Bundle\n|-supereffective|p1a: Iron Bundle\n|-damage|p1a: Iron Bundle|0 fnt\n|faint|p1a: Iron Bundle\n|-end|p1a: Iron Bundle|Quark Drive|[silent]\n|\n|-heal|p2a: Registeel|168/262 par|[from] item: Leftovers\n|upkeep\n|c|\u2606APHELIODIOMYCOTA|I mean\n|c|\u2606APHELIODIOMYCOTA|I guess bro\n|c|\u2606APHELIODIOMYCOTA|I fucking guess\n|\n|t:|1781379765\n|switch|p1a: Typhlosion|Typhlosion, L84, F|180/267 par\n|turn|24\n|\n|t:|1781379769\n|switch|p2a: Tentacruel|Tentacruel, L84, F|40/272\n|move|p1a: Typhlosion|Fire Blast|p2a: Tentacruel\n|-resisted|p2a: Tentacruel\n|-damage|p2a: Tentacruel|0 fnt\n|faint|p2a: Tentacruel\n|\n|upkeep\n|\n|t:|1781379784\n|switch|p2a: Tyranitar|Tyranitar, L78, F|284/284\n|-weather|Sandstorm|[from] ability: Sand Stream|[of] p2a: Tyranitar\n|turn|25\n|\n|t:|1781379786\n|switch|p1a: Dudunsparce|Dudunsparce-Three-Segment, L83, M|242/343\n|move|p2a: Tyranitar|Dragon Dance|p2a: Tyranitar\n|-boost|p2a: Tyranitar|atk|1\n|-boost|p2a: Tyranitar|spe|1\n|\n|-weather|Sandstorm|[upkeep]\n|-damage|p1a: Dudunsparce|221/343|[from] Sandstorm\n|-heal|p1a: Dudunsparce|242/343|[from] item: Leftovers\n|upkeep\n|turn|26\n|\n|t:|1781379792\n|move|p2a: Tyranitar|Stone Edge|p1a: Dudunsparce\n|-damage|p1a: Dudunsparce|50/343\n|move|p1a: Dudunsparce|Glare|p2a: Tyranitar\n|-status|p2a: Tyranitar|par\n|\n|-weather|Sandstorm|[upkeep]\n|-damage|p1a: Dudunsparce|29/343|[from] Sandstorm\n|-heal|p1a: Dudunsparce|50/343|[from] item: Leftovers\n|upkeep\n|turn|27\n|\n|t:|1781379795\n|move|p1a: Dudunsparce|Roost|p1a: Dudunsparce\n|-heal|p1a: Dudunsparce|222/343\n|-singleturn|p1a: Dudunsparce|move: Roost\n|move|p2a: Tyranitar|Knock Off|p1a: Dudunsparce\n|-damage|p1a: Dudunsparce|24/343\n|-enditem|p1a: Dudunsparce|Leftovers|[from] move: Knock Off|[of] p2a: Tyranitar\n|\n|-weather|Sandstorm|[upkeep]\n|-damage|p1a: Dudunsparce|3/343|[from] Sandstorm\n|upkeep\n|turn|28\n|\n|t:|1781379800\n|-terastallize|p1a: Dudunsparce|Ground\n|move|p1a: Dudunsparce|Earthquake|p2a: Tyranitar\n|-supereffective|p2a: Tyranitar\n|-damage|p2a: Tyranitar|98/284 par\n|-enditem|p2a: Tyranitar|Weakness Policy\n|-boost|p2a: Tyranitar|atk|2|[from] item: Weakness Policy\n|-boost|p2a: Tyranitar|spa|2|[from] item: Weakness Policy\n|move|p2a: Tyranitar|Dragon Dance|p2a: Tyranitar\n|-boost|p2a: Tyranitar|atk|1\n|-boost|p2a: Tyranitar|spe|1\n|\n|-weather|Sandstorm|[upkeep]\n|upkeep\n|turn|29\n|\n|t:|1781379804\n|move|p2a: Tyranitar|Knock Off|p1a: Dudunsparce\n|-damage|p1a: Dudunsparce|0 fnt\n|faint|p1a: Dudunsparce\n|\n|-weather|none\n|upkeep\n|\n|t:|1781379807\n|switch|p1a: Typhlosion|Typhlosion, L84, F|180/267 par\n|turn|30\n|\n|t:|1781379811\n|move|p1a: Typhlosion|Focus Blast|p2a: Tyranitar\n|-supereffective|p2a: Tyranitar\n|-damage|p2a: Tyranitar|0 fnt\n|faint|p2a: Tyranitar\n|\n|upkeep\n|\n|t:|1781379814\n|switch|p2a: Lunala|Lunala, L70|308/308\n|turn|31\n|\n|t:|1781379816\n|switch|p1a: Noctowl|Noctowl, L95, F|344/344\n|move|p2a: Lunala|Calm Mind|p2a: Lunala\n|-boost|p2a: Lunala|spa|1\n|-boost|p2a: Lunala|spd|1\n|\n|upkeep\n|turn|32\n|\n|t:|1781379820\n|move|p1a: Noctowl|Hurricane|p2a: Lunala\n|-damage|p2a: Lunala|266/308\n|-start|p2a: Lunala|confusion\n|-activate|p2a: Lunala|confusion\n|move|p2a: Lunala|Calm Mind|p2a: Lunala\n|-boost|p2a: Lunala|spa|1\n|-boost|p2a: Lunala|spd|1\n|\n|-heal|p2a: Lunala|285/308|[from] item: Leftovers\n|upkeep\n|turn|33\n|\n|t:|1781379823\n|move|p1a: Noctowl|Hurricane|p2a: Lunala\n|-damage|p2a: Lunala|212/308\n|-end|p2a: Lunala|confusion\n|move|p2a: Lunala|Psyshock|p1a: Noctowl\n|-damage|p1a: Noctowl|149/344\n|\n|-heal|p2a: Lunala|231/308|[from] item: Leftovers\n|upkeep\n|turn|34\n|\n|t:|1781379825\n|move|p1a: Noctowl|Hurricane|p2a: Lunala\n|-damage|p2a: Lunala|158/308\n|-start|p2a: Lunala|confusion\n|-activate|p2a: Lunala|confusion\n|-damage|p2a: Lunala|135/308|[from] confusion\n|\n|-heal|p2a: Lunala|154/308|[from] item: Leftovers\n|upkeep\n|turn|35\n|\n|t:|1781379827\n|move|p1a: Noctowl|Hurricane|p2a: Lunala\n|-damage|p2a: Lunala|85/308\n|-end|p2a: Lunala|confusion\n|move|p2a: Lunala|Moonlight|p2a: Lunala\n|-heal|p2a: Lunala|239/308\n|\n|-heal|p2a: Lunala|258/308|[from] item: Leftovers\n|upkeep\n|turn|36\n|\n|t:|1781379830\n|move|p1a: Noctowl|Hurricane|p2a: Lunala|[miss]\n|-miss|p1a: Noctowl|p2a: Lunala\n|move|p2a: Lunala|Moonlight|p2a: Lunala\n|-heal|p2a: Lunala|308/308\n|\n|upkeep\n|turn|37\n|\n|t:|1781379832\n|move|p1a: Noctowl|Hurricane|p2a: Lunala|[miss]\n|-miss|p1a: Noctowl|p2a: Lunala\n|move|p2a: Lunala|Psyshock|p1a: Noctowl\n|-damage|p1a: Noctowl|0 fnt\n|faint|p1a: Noctowl\n|\n|upkeep\n|-message|APHELIODIOMYCOTA forfeited.\n|\n|win|Ggstarmie\n", "inputlog": ">version a8376a258c1d4662feba110a92103f3664a72141\n>start {\"formatid\":\"gen9randombattle\",\"seed\":\"sodium,a63c18b26bda542391ca39248db06d3c\",\"rated\":\"Rated battle\"}\n>player p1 {\"name\":\"APHELIODIOMYCOTA\",\"avatar\":\"brock\",\"rating\":2031,\"seed\":\"sodium,81de5e5d383cd612936e7b8b9fa3ba56\"}\n>player p2 {\"name\":\"Ggstarmie\",\"avatar\":\"266\",\"rating\":2000,\"seed\":\"sodium,fdc10e76012174a351ec793da204a199\"}\n>p1 switch 4\n>p2 move toxic\n>p1 move irondefense\n>p2 move surf\n>p1 move bodypress\n>p2 move surf\n>p1 move bodypress\n>p2 move surf\n>p1 move bodypress\n>p2 move surf\n>p1 switch 3\n>p1 move freezedry\n>p2 switch 3\n>p1 switch 5\n>p2 move thunderwave\n>p1 move eruption\n>p2 switch 3\n>p1 switch 5\n>p2 move surf\n>p1 move hydropump\n>p2 switch 3\n>p1 switch 6\n>p2 move bodypress\n>p1 move glare\n>p2 move irondefense\n>p1 move headbutt\n>p2 move bodypress\n>p1 switch 4\n>p2 move bodypress\n>p1 move encore\n>p2 move ironhead\n>p1 switch 5\n>p2 switch 3\n>p1 switch 6\n>p2 move surf\n>p1 move freezedry\n>p2 switch 3\n>p1 switch 6\n>p2 move bodypress\n>p1 move scorchingsands\n>p2 switch 3\n>p1 switch 5\n>p2 move sludgebomb\n>p1 switch 6\n>p1 move hydropump\n>p2 switch 3\n>p1 move hydropump\n>p2 move bodypress\n>chat \u2606APHELIODIOMYCOTA|I mean\n>chat \u2606APHELIODIOMYCOTA|I guess bro\n>chat \u2606APHELIODIOMYCOTA|I fucking guess\n>p1 switch 5\n>p1 move fireblast\n>p2 switch 3\n>p2 switch 5\n>p1 switch 4\n>p2 move dragondance\n>p1 move glare\n>p2 move stoneedge\n>p1 move roost\n>p2 move knockoff\n>p1 move earthquake terastallize\n>p2 move dragondance\n>p1 move earthquake\n>p2 move knockoff\n>p1 switch 4\n>p1 move focusblast\n>p2 move knockoff\n>p2 switch 2\n>p1 switch 2\n>p2 move calmmind\n>p1 move hurricane\n>p2 move calmmind\n>p1 move hurricane\n>p2 move psyshock\n>p1 move hurricane\n>p2 move psyshock\n>p1 move hurricane\n>p2 move moonlight\n>p1 move hurricane\n>p2 move moonlight\n>p1 move hurricane\n>p2 move psyshock\n>forcelose p1", "uploadtime": 1781379618, "views": 8, "formatid": "gen9randombattle", "rating": null, "private": 0, "password": null}