{"id": "gen9randombattle-2631754129", "format": "[Gen 9] Random Battle", "players": ["joa_27", "SmolVersion"], "log": "|j|\u2606joa_27\n|j|\u2606SmolVersion\n|t:|1781434241\n|gametype|singles\n|player|p1|joa_27|harlequin|1915\n|player|p2|SmolVersion|102|1944\n|gen|9\n|tier|[Gen 9] Random Battle\n|rated|\n|rule|Species Clause: Limit one of each Pok\u00e9mon\n|rule|HP Percentage Mod: HP is shown in percentages\n|rule|Sleep Clause Mod: Limit one foe put to sleep\n|rule|Illusion Level Mod: Illusion disguises the Pok\u00e9mon's true level\n|\n|t:|1781434241\n|teamsize|p1|6\n|teamsize|p2|6\n|start\n|switch|p1a: Uxie|Uxie, L83|260/260\n|switch|p2a: Mudsdale|Mudsdale, L83, F|302/302\n|turn|1\n|inactive|Battle timer is ON: inactive players will automatically lose when time's up. (requested by joa_27)\n|\n|t:|1781434268\n|switch|p2a: Chi-Yu|Chi-Yu, L77|211/211\n|-ability|p2a: Chi-Yu|Beads of Ruin\n|move|p1a: Uxie|Stealth Rock|p2a: Chi-Yu\n|-sidestart|p2: SmolVersion|move: Stealth Rock\n|\n|upkeep\n|turn|2\n|inactive|joa_27 has 120 seconds left.\n|\n|t:|1781434301\n|switch|p1a: Probopass|Probopass, L91, M|257/257\n|move|p2a: Chi-Yu|Dark Pulse|p1a: Probopass\n|-damage|p1a: Probopass|142/257\n|\n|-heal|p1a: Probopass|158/257|[from] item: Leftovers\n|upkeep\n|turn|3\n|inactive|joa_27 has 120 seconds left.\n|\n|t:|1781434317\n|switch|p2a: Mudsdale|Mudsdale, L83, F|302/302\n|-damage|p2a: Mudsdale|284/302|[from] Stealth Rock\n|move|p1a: Probopass|Body Press|p2a: Mudsdale\n|-damage|p2a: Mudsdale|203/302\n|-ability|p2a: Mudsdale|Stamina|boost\n|-boost|p2a: Mudsdale|def|1\n|\n|-heal|p1a: Probopass|174/257|[from] item: Leftovers\n|-heal|p2a: Mudsdale|221/302|[from] item: Leftovers\n|upkeep\n|turn|4\n|inactive|joa_27 has 120 seconds left.\n|\n|t:|1781434337\n|switch|p1a: Uxie|Uxie, L83|260/260\n|move|p2a: Mudsdale|Heavy Slam|p1a: Uxie\n|-damage|p1a: Uxie|185/260\n|\n|-heal|p1a: Uxie|201/260|[from] item: Leftovers\n|-heal|p2a: Mudsdale|239/302|[from] item: Leftovers\n|upkeep\n|turn|5\n|\n|t:|1781434348\n|switch|p2a: Altaria|Altaria, L89, F|278/278\n|move|p1a: Uxie|Yawn|p2a: Altaria\n|-start|p2a: Altaria|move: Yawn|[of] p1a: Uxie\n|\n|-heal|p1a: Uxie|217/260|[from] item: Leftovers\n|upkeep\n|turn|6\n|\n|t:|1781434358\n|switch|p1a: Luxray|Luxray, L88, M|284/284\n|-ability|p1a: Luxray|Intimidate|boost\n|-unboost|p2a: Altaria|atk|1\n|move|p2a: Altaria|Defog|p1a: Luxray\n|-unboost|p1a: Luxray|evasion|1\n|-sideend|p2: SmolVersion|Stealth Rock|[from] move: Defog|[of] p2a: Altaria\n|\n|-end|p2a: Altaria|move: Yawn|[silent]\n|-status|p2a: Altaria|slp\n|upkeep\n|turn|7\n|\n|t:|1781434367\n|-curestatus|p2a: Altaria|slp|[from] ability: Natural Cure|[silent]\n|switch|p2a: Mudsdale|Mudsdale, L83, F|239/302\n|move|p1a: Luxray|Volt Switch|p2a: Mudsdale\n|-immune|p2a: Mudsdale\n|\n|-heal|p2a: Mudsdale|257/302|[from] item: Leftovers\n|upkeep\n|turn|8\n|\n|t:|1781434372\n|switch|p1a: Uxie|Uxie, L83|217/260\n|move|p2a: Mudsdale|Earthquake|p1a: Uxie\n|-immune|p1a: Uxie|[from] ability: Levitate\n|\n|-heal|p1a: Uxie|233/260|[from] item: Leftovers\n|-heal|p2a: Mudsdale|275/302|[from] item: Leftovers\n|upkeep\n|turn|9\n|\n|t:|1781434380\n|switch|p2a: Chi-Yu|Chi-Yu, L77|211/211\n|-ability|p2a: Chi-Yu|Beads of Ruin\n|move|p1a: Uxie|Stealth Rock|p2a: Chi-Yu\n|-sidestart|p2: SmolVersion|move: Stealth Rock\n|\n|-heal|p1a: Uxie|249/260|[from] item: Leftovers\n|upkeep\n|turn|10\n|\n|t:|1781434409\n|switch|p1a: Probopass|Probopass, L91, M|174/257\n|move|p2a: Chi-Yu|Dark Pulse|p1a: Probopass\n|-damage|p1a: Probopass|60/257\n|\n|-heal|p1a: Probopass|76/257|[from] item: Leftovers\n|upkeep\n|turn|11\n|\n|t:|1781434412\n|move|p2a: Chi-Yu|Dark Pulse|p1a: Probopass\n|-damage|p1a: Probopass|0 fnt\n|faint|p1a: Probopass\n|\n|upkeep\n|\n|t:|1781434425\n|switch|p1a: Luxray|Luxray, L88, M|284/284\n|-ability|p1a: Luxray|Intimidate|boost\n|-unboost|p2a: Chi-Yu|atk|1\n|turn|12\n|\n|t:|1781434430\n|switch|p2a: Mudsdale|Mudsdale, L83, F|275/302\n|-damage|p2a: Mudsdale|257/302|[from] Stealth Rock\n|move|p1a: Luxray|Wild Charge|p2a: Mudsdale\n|-immune|p2a: Mudsdale\n|\n|-heal|p2a: Mudsdale|275/302|[from] item: Leftovers\n|upkeep\n|turn|13\n|\n|t:|1781434445\n|switch|p1a: Uxie|Uxie, L83|249/260\n|switch|p2a: Altaria|Altaria, L89, F|278/278\n|\n|-heal|p1a: Uxie|260/260|[from] item: Leftovers\n|upkeep\n|turn|14\n|\n|t:|1781434451\n|move|p1a: Uxie|Encore||[still]\n|-fail|p1a: Uxie\n|move|p2a: Altaria|Will-O-Wisp|p1a: Uxie|[miss]\n|-miss|p2a: Altaria|p1a: Uxie\n|\n|upkeep\n|turn|15\n|\n|t:|1781434461\n|move|p1a: Uxie|Psychic Noise|p2a: Altaria\n|-damage|p2a: Altaria|221/278\n|-start|p2a: Altaria|move: Heal Block\n|move|p2a: Altaria|Defog|p1a: Uxie\n|-unboost|p1a: Uxie|evasion|1\n|-sideend|p2: SmolVersion|Stealth Rock|[from] move: Defog|[of] p2a: Altaria\n|\n|upkeep\n|turn|16\n|\n|t:|1781434466\n|switch|p2a: Chi-Yu|Chi-Yu, L77|211/211\n|-ability|p2a: Chi-Yu|Beads of Ruin\n|move|p1a: Uxie|Encore||[still]\n|-fail|p1a: Uxie\n|\n|upkeep\n|turn|17\n|\n|t:|1781434471\n|move|p1a: Uxie|Encore||[still]\n|-fail|p1a: Uxie\n|move|p2a: Chi-Yu|Dark Pulse|p1a: Uxie\n|-supereffective|p1a: Uxie\n|-damage|p1a: Uxie|0 fnt\n|faint|p1a: Uxie\n|\n|upkeep\n|l|\u2606joa_27\n|inactive|joa_27 disconnected and has a minute to reconnect!\n|player|p1|\n|inactive|joa_27 has 30 seconds to reconnect!\n|inactive|joa_27 has 20 seconds to reconnect!\n|inactive|joa_27 has 15 seconds to reconnect!\n|inactive|joa_27 has 10 seconds to reconnect!\n|inactive|joa_27 has 5 seconds to reconnect!\n|-message|joa_27 lost due to inactivity.\n|\n|win|SmolVersion\n", "inputlog": ">version a8376a258c1d4662feba110a92103f3664a72141\n>start {\"formatid\":\"gen9randombattle\",\"seed\":\"sodium,25105d9eb47c957838ab432b86167a3a\",\"rated\":\"Rated battle\"}\n>player p1 {\"name\":\"joa_27\",\"avatar\":\"harlequin\",\"rating\":1915,\"seed\":\"sodium,efdb783d94800a23fe44e8ad1087ef37\"}\n>player p2 {\"name\":\"SmolVersion\",\"avatar\":\"102\",\"rating\":1944,\"seed\":\"sodium,d3bba33310461746a8ba1830d014bc0f\"}\n>p1 move stealthrock\n>p2 switch 2\n>p1 switch 2\n>p2 move darkpulse\n>p1 move bodypress\n>p2 switch 2\n>p1 switch 2\n>p2 move heavyslam\n>p1 move yawn\n>p2 switch 4\n>p1 switch 6\n>p2 move defog\n>p1 move voltswitch\n>p2 switch 4\n>p1 switch 6\n>p2 move earthquake\n>p1 move stealthrock\n>p2 switch 2\n>p1 switch 2\n>p2 move darkpulse\n>p1 move bodypress\n>p2 move darkpulse\n>p1 switch 6\n>p1 move wildcharge\n>p2 switch 2\n>p1 switch 2\n>p2 switch 4\n>p1 move encore\n>p2 move willowisp\n>p1 move psychicnoise\n>p2 move defog\n>p1 move encore\n>p2 switch 2\n>p1 move encore\n>p2 move darkpulse\n>forcelose p1", "uploadtime": 1781434242, "views": 4, "formatid": "gen9randombattle", "rating": null, "private": 0, "password": null}