{"id": "gen9randombattle-2631513023", "format": "[Gen 9] Random Battle", "players": ["101101010010100ay", "ElFantasma87"], "log": "|j|\u2606101101010010100ay\n|j|\u2606ElFantasma87\n|t:|1781394769\n|gametype|singles\n|player|p1|101101010010100ay|170|1376\n|player|p2|ElFantasma87|blue|1335\n|gen|9\n|tier|[Gen 9] Random Battle\n|rated|\n|rule|Species Clause: Limit one of each Pok\u00e9mon\n|rule|HP Percentage Mod: HP is shown in percentages\n|rule|Sleep Clause Mod: Limit one foe put to sleep\n|rule|Illusion Level Mod: Illusion disguises the Pok\u00e9mon's true level\n|\n|t:|1781394769\n|teamsize|p1|6\n|teamsize|p2|6\n|start\n|switch|p1a: Archaludon|Archaludon, L78, F|268/268\n|switch|p2a: Goodra|Goodra, L85, F|292/292\n|turn|1\n|inactive|Battle timer is ON: inactive players will automatically lose when time's up. (requested by 101101010010100ay)\n|\n|t:|1781394818\n|-terastallize|p1a: Archaludon|Ground\n|move|p2a: Goodra|Fire Blast|p1a: Archaludon\n|-damage|p1a: Archaludon|153/268\n|-ability|p1a: Archaludon|Stamina|boost\n|-boost|p1a: Archaludon|def|1\n|move|p1a: Archaludon|Swords Dance|p1a: Archaludon\n|-boost|p1a: Archaludon|atk|2\n|\n|upkeep\n|turn|2\n|\n|t:|1781394835\n|move|p2a: Goodra|Scald|p1a: Archaludon\n|-supereffective|p1a: Archaludon\n|-damage|p1a: Archaludon|0 fnt\n|faint|p1a: Archaludon\n|\n|upkeep\n|\n|t:|1781394841\n|switch|p1a: Chansey|Chansey, L85, F|564/564\n|turn|3\n|\n|t:|1781394848\n|switch|p2a: Tinkaton|Tinkaton, L82, F|274/274\n|-ability|p2a: Tinkaton|Mold Breaker\n|move|p1a: Chansey|Thunder Wave|p2a: Tinkaton\n|-status|p2a: Tinkaton|par\n|\n|upkeep\n|turn|4\n|\n|t:|1781394872\n|switch|p1a: Swampert|Swampert, L83, F|302/302\n|cant|p2a: Tinkaton|par\n|\n|upkeep\n|turn|5\n|\n|t:|1781394883\n|switch|p2a: Latias|Latias, L79, F|256/256\n|move|p1a: Swampert|Ice Beam|p2a: Latias\n|-supereffective|p2a: Latias\n|-damage|p2a: Latias|170/256\n|\n|upkeep\n|turn|6\n|inactive|ElFantasma87 has 120 seconds left.\n|\n|t:|1781394918\n|-terastallize|p2a: Latias|Steel\n|move|p2a: Latias|Calm Mind|p2a: Latias\n|-boost|p2a: Latias|spa|1\n|-boost|p2a: Latias|spd|1\n|move|p1a: Swampert|Yawn|p2a: Latias\n|-start|p2a: Latias|move: Yawn|[of] p1a: Swampert\n|\n|upkeep\n|turn|7\n|\n|t:|1781394941\n|move|p2a: Latias|Draco Meteor|p1a: Swampert\n|-damage|p1a: Swampert|46/302\n|-unboost|p2a: Latias|spa|2\n|move|p1a: Swampert|Flip Turn|p2a: Latias\n|-damage|p2a: Latias|61/256\n|\n|t:|1781394950\n|switch|p1a: Espeon|Espeon, L84, M|246/246|[from] Flip Turn\n|\n|-end|p2a: Latias|move: Yawn|[silent]\n|-status|p2a: Latias|slp\n|upkeep\n|turn|8\n|inactive|ElFantasma87 has 120 seconds left.\n|\n|t:|1781394982\n|switch|p2a: Tinkaton|Tinkaton, L82, F|274/274 par\n|-ability|p2a: Tinkaton|Mold Breaker\n|move|p1a: Espeon|Calm Mind|p1a: Espeon\n|-boost|p1a: Espeon|spa|1\n|-boost|p1a: Espeon|spd|1\n|\n|upkeep\n|turn|9\n|inactive|101101010010100ay has 120 seconds left.\n|inactive|101101010010100ay has 90 seconds left.\n|\n|t:|1781395061\n|move|p1a: Espeon|Calm Mind|p1a: Espeon\n|-boost|p1a: Espeon|spa|1\n|-boost|p1a: Espeon|spd|1\n|cant|p2a: Tinkaton|par\n|\n|upkeep\n|turn|10\n|\n|t:|1781395080\n|move|p1a: Espeon|Psychic|p2a: Tinkaton\n|-resisted|p2a: Tinkaton\n|-damage|p2a: Tinkaton|123/274 par\n|-damage|p1a: Espeon|222/246|[from] item: Life Orb\n|cant|p2a: Tinkaton|par\n|\n|-heal|p2a: Tinkaton|140/274 par|[from] item: Leftovers\n|upkeep\n|turn|11\n|inactive|101101010010100ay has 90 seconds left.\n|inactive|ElFantasma87 has 90 seconds left.\n|\n|t:|1781395099\n|switch|p2a: Chien-Pao|Chien-Pao, L72|234/234\n|-ability|p2a: Chien-Pao|Sword of Ruin\n|move|p1a: Espeon|Psychic|p2a: Chien-Pao\n|-immune|p2a: Chien-Pao\n|\n|upkeep\n|turn|12\n|inactive|101101010010100ay has 90 seconds left.\n|inactive|ElFantasma87 has 90 seconds left.\n|\n|t:|1781395115\n|switch|p1a: Swampert|Swampert, L83, F|46/302\n|move|p2a: Chien-Pao|Throat Chop|p1a: Swampert\n|-damage|p1a: Swampert|0 fnt\n|faint|p1a: Swampert\n|\n|upkeep\n|\n|t:|1781395132\n|switch|p1a: Kyurem|Kyurem-White, L73|303/303\n|-ability|p1a: Kyurem|Turboblaze\n|turn|13\n|\n|t:|1781395142\n|switch|p2a: Latias|Latias, L79, F, tera:Steel|61/256 slp\n|move|p1a: Kyurem|Fusion Flare|p2a: Latias\n|-supereffective|p2a: Latias\n|-damage|p2a: Latias|0 fnt\n|faint|p2a: Latias\n|\n|upkeep\n|inactive|ElFantasma87 has 90 seconds left.\n|\n|t:|1781395167\n|switch|p2a: Goodra|Goodra, L85, F|292/292\n|turn|14\n|inactive|ElFantasma87 has 90 seconds left.\n|inactive|101101010010100ay has 90 seconds left.\n|\n|t:|1781395178\n|switch|p1a: Chansey|Chansey, L85, F|564/564\n|move|p2a: Goodra|Draco Meteor|p1a: Chansey\n|-crit|p1a: Chansey\n|-damage|p1a: Chansey|431/564\n|-unboost|p2a: Goodra|spa|2\n|\n|upkeep\n|turn|15\n|\n|t:|1781395185\n|switch|p2a: Tinkaton|Tinkaton, L82, F|140/274 par\n|-ability|p2a: Tinkaton|Mold Breaker\n|move|p1a: Chansey|Seismic Toss|p2a: Tinkaton\n|-damage|p2a: Tinkaton|55/274 par\n|\n|-heal|p2a: Tinkaton|72/274 par|[from] item: Leftovers\n|upkeep\n|turn|16\n|c|\u2606ElFantasma87|estaria bueno que tinkaton no se paralice...\n|\n|t:|1781395205\n|move|p1a: Chansey|Seismic Toss|p2a: Tinkaton\n|-damage|p2a: Tinkaton|0 fnt\n|faint|p2a: Tinkaton\n|\n|upkeep\n|inactive|ElFantasma87 has 90 seconds left.\n|\n|t:|1781395216\n|switch|p2a: Chien-Pao|Chien-Pao, L72|234/234\n|-ability|p2a: Chien-Pao|Sword of Ruin\n|turn|17\n|inactive|101101010010100ay has 90 seconds left.\n|\n|t:|1781395245\n|move|p2a: Chien-Pao|Sacred Sword|p1a: Chansey\n|-supereffective|p1a: Chansey\n|-damage|p1a: Chansey|0 fnt\n|faint|p1a: Chansey\n|\n|upkeep\n|\n|t:|1781395248\n|switch|p1a: Squawkabilly|Squawkabilly-Blue, L85, M|278/278\n|turn|18\n|\n|t:|1781395259\n|switch|p2a: Toxtricity|Toxtricity, L82, F|257/257\n|move|p1a: Squawkabilly|Quick Attack|p2a: Toxtricity\n|-damage|p2a: Toxtricity|202/257\n|\n|-status|p1a: Squawkabilly|brn|[from] item: Flame Orb\n|upkeep\n|turn|19\n|\n|t:|1781395269\n|move|p1a: Squawkabilly|Facade|p2a: Toxtricity\n|-damage|p2a: Toxtricity|0 fnt\n|faint|p2a: Toxtricity\n|\n|-damage|p1a: Squawkabilly|261/278 brn|[from] brn\n|upkeep\n|\n|t:|1781395289\n|switch|p2a: Chien-Pao|Chien-Pao, L72|234/234\n|-ability|p2a: Chien-Pao|Sword of Ruin\n|turn|20\n|\n|t:|1781395302\n|move|p1a: Squawkabilly|Quick Attack|p2a: Chien-Pao\n|-damage|p2a: Chien-Pao|144/234\n|move|p2a: Chien-Pao|Icicle Crash|p1a: Squawkabilly\n|-supereffective|p1a: Squawkabilly\n|-damage|p1a: Squawkabilly|0 fnt\n|faint|p1a: Squawkabilly\n|\n|upkeep\n|\n|t:|1781395306\n|switch|p1a: Kyurem|Kyurem-White, L73|303/303\n|-ability|p1a: Kyurem|Turboblaze\n|turn|21\n|\n|t:|1781395319\n|switch|p2a: Calyrex|Calyrex, L93|337/337\n|-ability|p2a: Calyrex|Unnerve\n|move|p1a: Kyurem|Fusion Flare|p2a: Calyrex\n|-supereffective|p2a: Calyrex\n|-damage|p2a: Calyrex|175/337\n|\n|-heal|p2a: Calyrex|196/337|[from] item: Leftovers\n|upkeep\n|turn|22\n|\n|t:|1781395333\n|move|p1a: Kyurem|Fusion Flare|p2a: Calyrex\n|-supereffective|p2a: Calyrex\n|-damage|p2a: Calyrex|38/337\n|move|p2a: Calyrex|Leech Seed|p1a: Kyurem|[miss]\n|-miss|p2a: Calyrex|p1a: Kyurem\n|\n|-heal|p2a: Calyrex|59/337|[from] item: Leftovers\n|upkeep\n|turn|23\n|\n|t:|1781395339\n|move|p1a: Kyurem|Fusion Flare|p2a: Calyrex\n|-supereffective|p2a: Calyrex\n|-crit|p2a: Calyrex\n|-damage|p2a: Calyrex|0 fnt\n|faint|p2a: Calyrex\n|\n|upkeep\n|\n|t:|1781395342\n|switch|p2a: Goodra|Goodra, L85, F|292/292\n|turn|24\n|\n|t:|1781395349\n|switch|p1a: Espeon|Espeon, L84, M|222/246\n|move|p2a: Goodra|Draco Meteor|p1a: Espeon\n|-damage|p1a: Espeon|83/246\n|-unboost|p2a: Goodra|spa|2\n|\n|upkeep\n|turn|25\n|\n|t:|1781395363\n|move|p1a: Espeon|Alluring Voice|p2a: Goodra\n|-supereffective|p2a: Goodra\n|-damage|p2a: Goodra|209/292\n|-damage|p1a: Espeon|59/246|[from] item: Life Orb\n|move|p2a: Goodra|Draco Meteor|p1a: Espeon\n|-damage|p1a: Espeon|0 fnt\n|-unboost|p2a: Goodra|spa|2\n|faint|p1a: Espeon\n|\n|upkeep\n|\n|t:|1781395366\n|switch|p1a: Kyurem|Kyurem-White, L73|303/303\n|-ability|p1a: Kyurem|Turboblaze\n|turn|26\n|\n|t:|1781395386\n|move|p1a: Kyurem|Ice Beam|p2a: Goodra\n|-supereffective|p2a: Goodra\n|-damage|p2a: Goodra|111/292\n|move|p2a: Goodra|Draco Meteor|p1a: Kyurem\n|-supereffective|p1a: Kyurem\n|-damage|p1a: Kyurem|189/303\n|-unboost|p2a: Goodra|spa|2\n|\n|upkeep\n|turn|27\n|\n|t:|1781395394\n|move|p1a: Kyurem|Ice Beam|p2a: Goodra\n|-supereffective|p2a: Goodra\n|-damage|p2a: Goodra|7/292\n|move|p2a: Goodra|Draco Meteor|p1a: Kyurem\n|-supereffective|p1a: Kyurem\n|-damage|p1a: Kyurem|99/303\n|\n|upkeep\n|turn|28\n|\n|t:|1781395397\n|move|p1a: Kyurem|Ice Beam|p2a: Goodra\n|-supereffective|p2a: Goodra\n|-damage|p2a: Goodra|0 fnt\n|faint|p2a: Goodra\n|\n|upkeep\n|\n|t:|1781395403\n|switch|p2a: Chien-Pao|Chien-Pao, L72|144/234\n|-ability|p2a: Chien-Pao|Sword of Ruin\n|turn|29\n|\n|t:|1781395408\n|move|p1a: Kyurem|Ice Beam|p2a: Chien-Pao\n|-resisted|p2a: Chien-Pao\n|-damage|p2a: Chien-Pao|57/234\n|move|p2a: Chien-Pao|Sacred Sword|p1a: Kyurem\n|-supereffective|p1a: Kyurem\n|-damage|p1a: Kyurem|0 fnt\n|faint|p1a: Kyurem\n|\n|win|ElFantasma87\n|raw|101101010010100ay's rating: 1376 &rarr; <strong>1354</strong><br />(-22 for losing)\n|raw|ElFantasma87's rating: 1335 &rarr; <strong>1357</strong><br />(+22 for winning)\n|l|\u2606101101010010100ay\n|player|p1|\n|c|\u2606ElFantasma87|gg wp\n", "inputlog": ">version a8376a258c1d4662feba110a92103f3664a72141\n>start {\"formatid\":\"gen9randombattle\",\"seed\":\"sodium,65806f9b99d05162ed387567a232b416\",\"rated\":\"Rated battle\"}\n>player p1 {\"name\":\"101101010010100ay\",\"avatar\":\"170\",\"rating\":1376,\"seed\":\"sodium,4b29248b71834f1f93a5564d06910795\"}\n>player p2 {\"name\":\"ElFantasma87\",\"avatar\":\"blue\",\"rating\":1335,\"seed\":\"sodium,3f8007cfaf6c926ee7fe1ba403333e80\"}\n>p1 move swordsdance terastallize\n>p2 move fireblast\n>p1 move outrage\n>p2 move scald\n>p1 switch 3\n>p1 move thunderwave\n>p2 switch 4\n>p1 switch 5\n>p2 move gigatonhammer\n>p1 move icebeam\n>p2 switch 2\n>p1 move yawn\n>p2 move calmmind terastallize\n>p1 move flipturn\n>p2 move dracometeor\n>p1 switch 4\n>p1 move calmmind\n>p2 switch 2\n>p1 move calmmind\n>p2 move gigatonhammer\n>p1 move psychic\n>p2 move gigatonhammer\n>p1 move psychic\n>p2 switch 6\n>p1 switch 4\n>p2 move throatchop\n>p1 switch 2\n>p1 move fusionflare\n>p2 switch 2\n>p2 switch 4\n>p1 switch 5\n>p2 move dracometeor\n>p1 move seismictoss\n>p2 switch 6\n>chat \u2606ElFantasma87|estaria bueno que tinkaton no se paralice...\n>p1 move seismictoss\n>p2 move gigatonhammer\n>p2 switch 2\n>p1 move thunderwave\n>p2 move sacredsword\n>p1 switch 6\n>p1 move quickattack\n>p2 switch 5\n>p1 move facade\n>p2 move overdrive\n>p2 switch 5\n>p1 move quickattack\n>p2 move iciclecrash\n>p1 switch 5\n>p1 move fusionflare\n>p2 switch 3\n>p1 move fusionflare\n>p2 move leechseed\n>p1 move fusionflare\n>p2 move psyshock\n>p2 switch 6\n>p1 switch 4\n>p2 move dracometeor\n>p1 move alluringvoice\n>p2 move dracometeor\n>p1 switch 4\n>p1 move icebeam\n>p2 move dracometeor\n>p1 move icebeam\n>p2 move dracometeor\n>p1 move icebeam\n>p2 move dracometeor\n>p2 switch 3\n>p1 move icebeam\n>p2 move sacredsword", "uploadtime": 1781395418, "views": 11, "formatid": "gen9randombattle", "rating": 1354, "private": 0, "password": null}