{"id": "gen9randombattle-2631403069", "format": "[Gen 9] Random Battle", "players": ["Zabalilla", "fortnightfan"], "log": "|j|\u2606Zabalilla\n|j|\u2606fortnightfan\n|t:|1781380445\n|gametype|singles\n|player|p1|Zabalilla|170|2062\n|player|p2|fortnightfan|1|2077\n|gen|9\n|tier|[Gen 9] Random Battle\n|rated|\n|rule|Species Clause: Limit one of each Pok\u00e9mon\n|rule|HP Percentage Mod: HP is shown in percentages\n|rule|Sleep Clause Mod: Limit one foe put to sleep\n|rule|Illusion Level Mod: Illusion disguises the Pok\u00e9mon's true level\n|\n|t:|1781380445\n|teamsize|p1|6\n|teamsize|p2|6\n|start\n|switch|p1a: Frosmoth|Frosmoth, L82, M|249/249\n|switch|p2a: Mandibuzz|Mandibuzz, L85, F|326/326\n|turn|1\n|\n|t:|1781380459\n|switch|p1a: Dudunsparce|Dudunsparce-Three-Segment, L83, F|343/343\n|move|p2a: Mandibuzz|Toxic|p1a: Dudunsparce\n|-status|p1a: Dudunsparce|tox\n|\n|-damage|p1a: Dudunsparce|322/343 tox|[from] psn\n|upkeep\n|turn|2\n|inactive|Battle timer is ON: inactive players will automatically lose when time's up. (requested by Zabalilla)\n|\n|t:|1781380471\n|switch|p2a: Chandelure|Chandelure, L83, M|235/235\n|move|p1a: Dudunsparce|Calm Mind|p1a: Dudunsparce\n|-boost|p1a: Dudunsparce|spa|1\n|-boost|p1a: Dudunsparce|spd|1\n|\n|-heal|p1a: Dudunsparce|343/343 tox|[from] item: Leftovers\n|-damage|p1a: Dudunsparce|301/343 tox|[from] psn\n|upkeep\n|turn|3\n|\n|t:|1781380477\n|switch|p2a: Mandibuzz|Mandibuzz, L85, F|326/326\n|move|p1a: Dudunsparce|Shadow Ball|p2a: Mandibuzz\n|-resisted|p2a: Mandibuzz\n|-damage|p2a: Mandibuzz|293/326\n|-unboost|p2a: Mandibuzz|spd|1\n|\n|-heal|p1a: Dudunsparce|322/343 tox|[from] item: Leftovers\n|-damage|p1a: Dudunsparce|259/343 tox|[from] psn\n|upkeep\n|turn|4\n|\n|t:|1781380488\n|switch|p2a: Chandelure|Chandelure, L83, M|235/235\n|move|p1a: Dudunsparce|Boomburst|p2a: Chandelure\n|-immune|p2a: Chandelure\n|\n|-heal|p1a: Dudunsparce|280/343 tox|[from] item: Leftovers\n|-damage|p1a: Dudunsparce|196/343 tox|[from] psn\n|upkeep\n|turn|5\n|\n|t:|1781380496\n|switch|p2a: Mandibuzz|Mandibuzz, L85, F|293/326\n|move|p1a: Dudunsparce|Roost|p1a: Dudunsparce\n|-heal|p1a: Dudunsparce|343/343 tox\n|-singleturn|p1a: Dudunsparce|move: Roost\n|\n|-damage|p1a: Dudunsparce|238/343 tox|[from] psn\n|upkeep\n|turn|6\n|\n|t:|1781380504\n|move|p2a: Mandibuzz|Roost|p2a: Mandibuzz\n|-heal|p2a: Mandibuzz|326/326\n|-singleturn|p2a: Mandibuzz|move: Roost\n|move|p1a: Dudunsparce|Calm Mind|p1a: Dudunsparce\n|-boost|p1a: Dudunsparce|spa|1\n|-boost|p1a: Dudunsparce|spd|1\n|\n|-heal|p1a: Dudunsparce|259/343 tox|[from] item: Leftovers\n|-damage|p1a: Dudunsparce|133/343 tox|[from] psn\n|upkeep\n|turn|7\n|\n|t:|1781380512\n|move|p2a: Mandibuzz|Foul Play|p1a: Dudunsparce\n|-damage|p1a: Dudunsparce|49/343 tox\n|-ability|p1a: Dudunsparce|Rattled|boost\n|-boost|p1a: Dudunsparce|spe|1\n|move|p1a: Dudunsparce|Roost|p1a: Dudunsparce\n|-heal|p1a: Dudunsparce|221/343 tox\n|-singleturn|p1a: Dudunsparce|move: Roost\n|\n|-heal|p1a: Dudunsparce|242/343 tox|[from] item: Leftovers\n|-damage|p1a: Dudunsparce|95/343 tox|[from] psn\n|upkeep\n|turn|8\n|\n|t:|1781380517\n|switch|p2a: Chandelure|Chandelure, L83, M|235/235\n|move|p1a: Dudunsparce|Roost|p1a: Dudunsparce\n|-heal|p1a: Dudunsparce|267/343 tox\n|-singleturn|p1a: Dudunsparce|move: Roost\n|\n|-heal|p1a: Dudunsparce|288/343 tox|[from] item: Leftovers\n|-damage|p1a: Dudunsparce|120/343 tox|[from] psn\n|upkeep\n|turn|9\n|\n|t:|1781380523\n|switch|p2a: Mandibuzz|Mandibuzz, L85, F|326/326\n|move|p1a: Dudunsparce|Shadow Ball|p2a: Mandibuzz\n|-resisted|p2a: Mandibuzz\n|-damage|p2a: Mandibuzz|276/326\n|\n|-heal|p1a: Dudunsparce|141/343 tox|[from] item: Leftovers\n|-damage|p1a: Dudunsparce|0 fnt|[from] psn\n|faint|p1a: Dudunsparce\n|upkeep\n|\n|t:|1781380527\n|switch|p1a: Wigglytuff|Wigglytuff, L96, M|424/424\n|turn|10\n|\n|t:|1781380535\n|switch|p2a: Vileplume|Vileplume, L85, M|266/266\n|move|p1a: Wigglytuff|Alluring Voice|p2a: Vileplume\n|-resisted|p2a: Vileplume\n|-damage|p2a: Vileplume|221/266\n|\n|-heal|p2a: Vileplume|237/266|[from] item: Leftovers\n|upkeep\n|turn|11\n|\n|t:|1781380539\n|move|p1a: Wigglytuff|Fire Blast|p2a: Vileplume\n|-supereffective|p2a: Vileplume\n|-damage|p2a: Vileplume|71/266\n|move|p2a: Vileplume|Leech Seed|p1a: Wigglytuff\n|-start|p1a: Wigglytuff|move: Leech Seed\n|\n|-heal|p2a: Vileplume|87/266|[from] item: Leftovers\n|-damage|p1a: Wigglytuff|371/424|[from] Leech Seed|[of] p2a: Vileplume\n|-heal|p2a: Vileplume|140/266|[silent]\n|upkeep\n|turn|12\n|\n|t:|1781380545\n|switch|p1a: Frosmoth|Frosmoth, L82, M|249/249\n|switch|p2a: Chandelure|Chandelure, L83, M|235/235\n|\n|upkeep\n|turn|13\n|\n|t:|1781380550\n|-terastallize|p1a: Frosmoth|Water\n|move|p2a: Chandelure|Fire Blast|p1a: Frosmoth\n|-resisted|p1a: Frosmoth\n|-damage|p1a: Frosmoth|210/249\n|move|p1a: Frosmoth|Quiver Dance|p1a: Frosmoth\n|-boost|p1a: Frosmoth|spa|1\n|-boost|p1a: Frosmoth|spd|1\n|-boost|p1a: Frosmoth|spe|1\n|\n|upkeep\n|turn|14\n|\n|t:|1781380563\n|switch|p2a: Mandibuzz|Mandibuzz, L85, F|276/326\n|move|p1a: Frosmoth|Quiver Dance|p1a: Frosmoth\n|-boost|p1a: Frosmoth|spa|1\n|-boost|p1a: Frosmoth|spd|1\n|-boost|p1a: Frosmoth|spe|1\n|\n|upkeep\n|turn|15\n|\n|t:|1781380567\n|-terastallize|p2a: Mandibuzz|Steel\n|move|p1a: Frosmoth|Ice Beam|p2a: Mandibuzz\n|-resisted|p2a: Mandibuzz\n|-damage|p2a: Mandibuzz|165/326\n|move|p2a: Mandibuzz|Toxic|p1a: Frosmoth\n|-status|p1a: Frosmoth|tox\n|\n|-damage|p1a: Frosmoth|195/249 tox|[from] psn\n|upkeep\n|turn|16\n|\n|t:|1781380572\n|move|p1a: Frosmoth|Bug Buzz|p2a: Mandibuzz\n|-resisted|p2a: Mandibuzz\n|-damage|p2a: Mandibuzz|54/326\n|-unboost|p2a: Mandibuzz|spd|1\n|move|p2a: Mandibuzz|Roost|p2a: Mandibuzz\n|-heal|p2a: Mandibuzz|217/326\n|\n|-damage|p1a: Frosmoth|165/249 tox|[from] psn\n|upkeep\n|turn|17\n|\n|t:|1781380576\n|move|p1a: Frosmoth|Ice Beam|p2a: Mandibuzz\n|-resisted|p2a: Mandibuzz\n|-damage|p2a: Mandibuzz|71/326\n|move|p2a: Mandibuzz|Roost|p2a: Mandibuzz\n|-heal|p2a: Mandibuzz|234/326\n|\n|-damage|p1a: Frosmoth|120/249 tox|[from] psn\n|upkeep\n|turn|18\n|\n|t:|1781380582\n|move|p1a: Frosmoth|Ice Beam|p2a: Mandibuzz\n|-resisted|p2a: Mandibuzz\n|-crit|p2a: Mandibuzz\n|-damage|p2a: Mandibuzz|0 fnt\n|faint|p2a: Mandibuzz\n|\n|-damage|p1a: Frosmoth|60/249 tox|[from] psn\n|upkeep\n|\n|t:|1781380601\n|switch|p2a: Chandelure|Chandelure, L83, M|235/235\n|turn|19\n|\n|t:|1781380605\n|switch|p2a: Vileplume|Vileplume, L85, M|140/266\n|move|p1a: Frosmoth|Ice Beam|p2a: Vileplume\n|-supereffective|p2a: Vileplume\n|-damage|p2a: Vileplume|0 fnt\n|faint|p2a: Vileplume\n|\n|-damage|p1a: Frosmoth|0 fnt|[from] psn\n|faint|p1a: Frosmoth\n|upkeep\n|\n|t:|1781380619\n|switch|p1a: Gyarados|Gyarados, L79, M|280/280\n|switch|p2a: Chandelure|Chandelure, L83, M|235/235\n|-ability|p1a: Gyarados|Intimidate|boost\n|-unboost|p2a: Chandelure|atk|1\n|turn|20\n|\n|t:|1781380623\n|switch|p2a: Electrode|Electrode, L92|260/260\n|move|p1a: Gyarados|Waterfall|p2a: Electrode\n|-damage|p2a: Electrode|152/260\n|\n|upkeep\n|turn|21\n|\n|t:|1781380626\n|switch|p1a: Wigglytuff|Wigglytuff, L96, M|371/424\n|move|p2a: Electrode|Volt Switch|p1a: Wigglytuff\n|-damage|p1a: Wigglytuff|233/424\n|-damage|p2a: Electrode|126/260|[from] item: Life Orb\n|\n|t:|1781380629\n|switch|p2a: Chandelure|Chandelure, L83, M|235/235|[from] Volt Switch\n|\n|-heal|p1a: Wigglytuff|259/424|[from] item: Leftovers\n|upkeep\n|turn|22\n|\n|t:|1781380635\n|move|p2a: Chandelure|Fire Blast|p1a: Wigglytuff\n|-damage|p1a: Wigglytuff|49/424\n|move|p1a: Wigglytuff|Wish|p1a: Wigglytuff\n|\n|-heal|p1a: Wigglytuff|75/424|[from] item: Leftovers\n|upkeep\n|turn|23\n|\n|t:|1781380638\n|move|p1a: Wigglytuff|Protect|p1a: Wigglytuff\n|-singleturn|p1a: Wigglytuff|Protect\n|move|p2a: Chandelure|Calm Mind|p2a: Chandelure\n|-boost|p2a: Chandelure|spa|1\n|-boost|p2a: Chandelure|spd|1\n|\n|-heal|p1a: Wigglytuff|287/424|[from] move: Wish|[wisher] Wigglytuff\n|-heal|p1a: Wigglytuff|313/424|[from] item: Leftovers\n|upkeep\n|turn|24\n|\n|t:|1781380642\n|switch|p1a: Gyarados|Gyarados, L79, M|280/280\n|-ability|p1a: Gyarados|Intimidate|boost\n|-unboost|p2a: Chandelure|atk|1\n|move|p2a: Chandelure|Fire Blast|p1a: Gyarados\n|-resisted|p1a: Gyarados\n|-damage|p1a: Gyarados|157/280\n|\n|upkeep\n|turn|25\n|\n|t:|1781380647\n|move|p2a: Chandelure|Shadow Ball|p1a: Gyarados\n|-crit|p1a: Gyarados\n|-damage|p1a: Gyarados|0 fnt\n|faint|p1a: Gyarados\n|\n|upkeep\n|\n|t:|1781380651\n|switch|p1a: Kingdra|Kingdra, L84, M|263/263\n|turn|26\n|\n|t:|1781380656\n|move|p1a: Kingdra|Dragon Dance|p1a: Kingdra\n|-boost|p1a: Kingdra|atk|1\n|-boost|p1a: Kingdra|spe|1\n|move|p2a: Chandelure|Shadow Ball|p1a: Kingdra\n|-damage|p1a: Kingdra|100/263\n|\n|upkeep\n|turn|27\n|\n|t:|1781380660\n|switch|p2a: Electrode|Electrode, L92|126/260\n|move|p1a: Kingdra|Wave Crash|p2a: Electrode\n|-damage|p2a: Electrode|0 fnt\n|-damage|p1a: Kingdra|35/263|[from] ability: Aftermath|[of] p2a: Electrode\n|faint|p2a: Electrode\n|-damage|p1a: Kingdra|0 fnt|[from] Recoil\n|faint|p1a: Kingdra\n|\n|upkeep\n|\n|t:|1781380669\n|switch|p2a: Chandelure|Chandelure, L83, M|235/235\n|switch|p1a: Arceus|Arceus-Dark, L71|288/288\n|turn|28\n|\n|t:|1781380674\n|switch|p2a: Kingdra|Kingdra, L84, F|263/263\n|move|p1a: Arceus|Calm Mind|p1a: Arceus\n|-boost|p1a: Arceus|spa|1\n|-boost|p1a: Arceus|spd|1\n|\n|upkeep\n|turn|29\n|\n|t:|1781380677\n|move|p1a: Arceus|Judgment|p2a: Kingdra\n|-damage|p2a: Kingdra|118/263\n|move|p2a: Kingdra|Dragon Dance|p2a: Kingdra\n|-boost|p2a: Kingdra|atk|1\n|-boost|p2a: Kingdra|spe|1\n|\n|upkeep\n|turn|30\n|\n|t:|1781380684\n|move|p2a: Kingdra|Wave Crash|p1a: Arceus\n|-damage|p1a: Arceus|128/288\n|-damage|p2a: Kingdra|65/263|[from] Recoil\n|move|p1a: Arceus|Judgment|p2a: Kingdra\n|-damage|p2a: Kingdra|0 fnt\n|faint|p2a: Kingdra\n|\n|upkeep\n|\n|t:|1781380689\n|switch|p2a: Lugia|Lugia, L73|275/275\n|turn|31\n|\n|t:|1781380695\n|move|p1a: Arceus|Sludge Bomb|p2a: Lugia\n|-damage|p2a: Lugia|245/275\n|-status|p2a: Lugia|psn\n|move|p2a: Lugia|Calm Mind|p2a: Lugia\n|-boost|p2a: Lugia|spa|1\n|-boost|p2a: Lugia|spd|1\n|\n|-damage|p2a: Lugia|211/275 psn|[from] psn\n|upkeep\n|turn|32\n|\n|t:|1781380698\n|move|p1a: Arceus|Calm Mind|p1a: Arceus\n|-boost|p1a: Arceus|spa|1\n|-boost|p1a: Arceus|spd|1\n|move|p2a: Lugia|Aeroblast|p1a: Arceus\n|-damage|p1a: Arceus|77/288\n|\n|-damage|p2a: Lugia|177/275 psn|[from] psn\n|upkeep\n|turn|33\n|\n|t:|1781380704\n|move|p1a: Arceus|Recover|p1a: Arceus\n|-heal|p1a: Arceus|221/288\n|move|p2a: Lugia|Aeroblast|p1a: Arceus\n|-damage|p1a: Arceus|164/288\n|\n|-damage|p2a: Lugia|143/275 psn|[from] psn\n|upkeep\n|turn|34\n|\n|t:|1781380706\n|move|p1a: Arceus|Recover|p1a: Arceus\n|-heal|p1a: Arceus|288/288\n|move|p2a: Lugia|Aeroblast|p1a: Arceus\n|-damage|p1a: Arceus|231/288\n|\n|-damage|p2a: Lugia|109/275 psn|[from] psn\n|upkeep\n|turn|35\n|c|\u2606fortnightfan|gg\n|-message|fortnightfan forfeited.\n|\n|win|Zabalilla\n", "inputlog": ">version a8376a258c1d4662feba110a92103f3664a72141\n>start {\"formatid\":\"gen9randombattle\",\"seed\":\"sodium,751ee56683ba4861d677d403ca143fa0\",\"rated\":\"Rated battle\"}\n>player p1 {\"name\":\"Zabalilla\",\"avatar\":\"170\",\"rating\":2062,\"seed\":\"sodium,d1531a42fb28d9648b42c36d99c4db81\"}\n>player p2 {\"name\":\"fortnightfan\",\"avatar\":\"1\",\"rating\":2077,\"seed\":\"sodium,9c41fe8ee9dbeca1fc91b2e39f9b9155\"}\n>p1 switch 2\n>p2 move toxic\n>p1 move calmmind\n>p2 switch 3\n>p1 move shadowball\n>p2 switch 3\n>p1 move boomburst\n>p2 switch 3\n>p1 move roost\n>p2 switch 3\n>p1 move calmmind\n>p2 move roost\n>p1 move roost\n>p2 move foulplay\n>p1 move roost\n>p2 switch 3\n>p1 move shadowball\n>p2 switch 3\n>p1 switch 3\n>p1 move alluringvoice\n>p2 switch 4\n>p1 move fireblast\n>p2 move leechseed\n>p1 switch 2\n>p2 switch 3\n>p1 move quiverdance terastallize\n>p2 move fireblast\n>p1 move quiverdance\n>p2 switch 4\n>p1 move icebeam\n>p2 move toxic terastallize\n>p1 move bugbuzz\n>p2 move roost\n>p1 move icebeam\n>p2 move roost\n>p1 move icebeam\n>p2 move roost\n>p2 switch 4\n>p1 move icebeam\n>p2 switch 3\n>p1 switch 5\n>p2 switch 3\n>p1 move waterfall\n>p2 switch 2\n>p1 switch 2\n>p2 move voltswitch\n>p2 switch 2\n>p1 move wish\n>p2 move fireblast\n>p1 move protect\n>p2 move calmmind\n>p1 switch 2\n>p2 move fireblast\n>p1 move earthquake\n>p2 move shadowball\n>p1 switch 6\n>p1 move dragondance\n>p2 move shadowball\n>p1 move wavecrash\n>p2 switch 2\n>p1 switch 4\n>p2 switch 2\n>p1 move calmmind\n>p2 switch 5\n>p1 move judgment\n>p2 move dragondance\n>p1 move judgment\n>p2 move wavecrash\n>p2 switch 6\n>p1 move sludgebomb\n>p2 move calmmind\n>p1 move calmmind\n>p2 move aeroblast\n>p1 move recover\n>p2 move aeroblast\n>p1 move recover\n>p2 move aeroblast\n>chat \u2606fortnightfan|gg\n>forcelose p2", "uploadtime": 1781380446, "views": 10, "formatid": "gen9randombattle", "rating": null, "private": 0, "password": null}