{"id": "gen9randombattle-2631650637", "format": "[Gen 9] Random Battle", "players": ["RooMusH", "sonoffin"], "log": "|j|\u2606RooMusH\n|j|\u2606sonoffin\n|t:|1781414998\n|gametype|singles\n|player|p1|RooMusH|janitor|2248\n|player|p2|sonoffin|hilbert-wonderlauncher|2187\n|gen|9\n|tier|[Gen 9] Random Battle\n|rated|\n|rule|Species Clause: Limit one of each Pok\u00e9mon\n|rule|HP Percentage Mod: HP is shown in percentages\n|rule|Sleep Clause Mod: Limit one foe put to sleep\n|rule|Illusion Level Mod: Illusion disguises the Pok\u00e9mon's true level\n|\n|t:|1781414998\n|teamsize|p1|6\n|teamsize|p2|6\n|start\n|switch|p1a: Uxie|Uxie, L83|260/260\n|switch|p2a: Copperajah|Copperajah, L86, M|350/350\n|turn|1\n|inactive|Battle timer is ON: inactive players will automatically lose when time's up. (requested by RooMusH)\n|\n|t:|1781415006\n|move|p1a: Uxie|Knock Off|p2a: Copperajah\n|-damage|p2a: Copperajah|281/350\n|-enditem|p2a: Copperajah|Choice Band|[from] move: Knock Off|[of] p1a: Uxie\n|move|p2a: Copperajah|Knock Off|p1a: Uxie\n|-supereffective|p1a: Uxie\n|-damage|p1a: Uxie|118/260\n|-enditem|p1a: Uxie|Leftovers|[from] move: Knock Off|[of] p2a: Copperajah\n|\n|upkeep\n|turn|2\n|\n|t:|1781415015\n|move|p1a: Uxie|Stealth Rock|p2a: Copperajah\n|-sidestart|p2: sonoffin|move: Stealth Rock\n|move|p2a: Copperajah|Heavy Slam|p1a: Uxie\n|-damage|p1a: Uxie|0 fnt\n|faint|p1a: Uxie\n|\n|upkeep\n|\n|t:|1781415025\n|switch|p1a: Vaporeon|Vaporeon, L86, F|364/364\n|turn|3\n|\n|t:|1781415029\n|move|p1a: Vaporeon|Scald|p2a: Copperajah\n|-damage|p2a: Copperajah|160/350\n|-status|p2a: Copperajah|brn\n|move|p2a: Copperajah|Knock Off|p1a: Vaporeon\n|-damage|p1a: Vaporeon|309/364\n|-enditem|p1a: Vaporeon|Leftovers|[from] move: Knock Off|[of] p2a: Copperajah\n|\n|-damage|p2a: Copperajah|139/350 brn|[from] brn\n|upkeep\n|turn|4\n|\n|t:|1781415040\n|move|p1a: Vaporeon|Wish|p1a: Vaporeon\n|move|p2a: Copperajah|Knock Off|p1a: Vaporeon\n|-damage|p1a: Vaporeon|266/364\n|\n|-damage|p2a: Copperajah|118/350 brn|[from] brn\n|upkeep\n|turn|5\n|\n|t:|1781415045\n|move|p1a: Vaporeon|Calm Mind|p1a: Vaporeon\n|-boost|p1a: Vaporeon|spa|1\n|-boost|p1a: Vaporeon|spd|1\n|move|p2a: Copperajah|Knock Off|p1a: Vaporeon\n|-damage|p1a: Vaporeon|228/364\n|\n|-heal|p1a: Vaporeon|364/364|[from] move: Wish|[wisher] Vaporeon\n|-damage|p2a: Copperajah|97/350 brn|[from] brn\n|upkeep\n|turn|6\n|\n|t:|1781415054\n|move|p1a: Vaporeon|Calm Mind|p1a: Vaporeon\n|-boost|p1a: Vaporeon|spa|1\n|-boost|p1a: Vaporeon|spd|1\n|move|p2a: Copperajah|Knock Off|p1a: Vaporeon\n|-damage|p1a: Vaporeon|325/364\n|\n|-damage|p2a: Copperajah|76/350 brn|[from] brn\n|upkeep\n|turn|7\n|\n|t:|1781415062\n|switch|p2a: Leafeon|Leafeon, L88, F|258/258\n|-damage|p2a: Leafeon|226/258|[from] Stealth Rock\n|move|p1a: Vaporeon|Calm Mind|p1a: Vaporeon\n|-boost|p1a: Vaporeon|spa|1\n|-boost|p1a: Vaporeon|spd|1\n|\n|upkeep\n|turn|8\n|\n|t:|1781415069\n|-terastallize|p1a: Vaporeon|Poison\n|move|p2a: Leafeon|Leaf Blade|p1a: Vaporeon\n|-resisted|p1a: Vaporeon\n|-damage|p1a: Vaporeon|237/364\n|-damage|p2a: Leafeon|201/258|[from] item: Life Orb\n|move|p1a: Vaporeon|Scald|p2a: Leafeon\n|-resisted|p2a: Leafeon\n|-damage|p2a: Leafeon|47/258\n|\n|upkeep\n|turn|9\n|\n|t:|1781415082\n|move|p2a: Leafeon|Double-Edge|p1a: Vaporeon\n|-damage|p1a: Vaporeon|69/364\n|-damage|p2a: Leafeon|0 fnt|[from] Recoil\n|faint|p2a: Leafeon\n|move|p1a: Vaporeon|Scald|p2: Leafeon|[notarget]\n|-fail|p1a: Vaporeon\n|\n|upkeep\n|\n|t:|1781415097\n|switch|p2a: Electivire|Electivire, L84, M|263/263\n|-damage|p2a: Electivire|231/263|[from] Stealth Rock\n|turn|10\n|\n|t:|1781415106\n|move|p2a: Electivire|Ice Punch|p1a: Vaporeon\n|-damage|p1a: Vaporeon|0 fnt\n|faint|p1a: Vaporeon\n|-damage|p2a: Electivire|205/263|[from] item: Life Orb\n|\n|upkeep\n|\n|t:|1781415117\n|switch|p1a: Beartic|Beartic, L91, F|321/321\n|turn|11\n|\n|t:|1781415123\n|switch|p2a: Copperajah|Copperajah, L86, M|76/350 brn\n|-damage|p2a: Copperajah|55/350 brn|[from] Stealth Rock\n|move|p1a: Beartic|Earthquake|p2a: Copperajah\n|-supereffective|p2a: Copperajah\n|-damage|p2a: Copperajah|0 fnt\n|faint|p2a: Copperajah\n|\n|upkeep\n|\n|t:|1781415131\n|switch|p2a: Koraidon|Koraidon, L64|235/235\n|-damage|p2a: Koraidon|221/235|[from] Stealth Rock\n|-weather|SunnyDay|[from] ability: Orichalcum Pulse|[of] p2a: Koraidon\n|-activate|p2a: Koraidon|Orichalcum Pulse|[source]\n|turn|12\n|\n|t:|1781415149\n|-terastallize|p2a: Koraidon|Fire\n|move|p2a: Koraidon|Flare Blitz|p1a: Beartic\n|-supereffective|p1a: Beartic\n|-damage|p1a: Beartic|0 fnt\n|faint|p1a: Beartic\n|-damage|p2a: Koraidon|115/235|[from] Recoil\n|\n|-weather|SunnyDay|[upkeep]\n|upkeep\n|\n|t:|1781415156\n|switch|p1a: Bombirdier|Bombirdier, L85, M|258/258\n|turn|13\n|\n|t:|1781415162\n|move|p1a: Bombirdier|Sucker Punch|p2a: Koraidon\n|-damage|p2a: Koraidon|0 fnt\n|faint|p2a: Koraidon\n|\n|-weather|SunnyDay|[upkeep]\n|upkeep\n|\n|t:|1781415166\n|switch|p2a: Electivire|Electivire, L84, M|205/263\n|-damage|p2a: Electivire|173/263|[from] Stealth Rock\n|turn|14\n|\n|t:|1781415178\n|switch|p1a: Wigglytuff|Wigglytuff, L96, F|424/424\n|move|p2a: Electivire|Supercell Slam|p1a: Wigglytuff\n|-damage|p1a: Wigglytuff|189/424\n|-damage|p2a: Electivire|147/263|[from] item: Life Orb\n|\n|-weather|SunnyDay|[upkeep]\n|-heal|p1a: Wigglytuff|215/424|[from] item: Leftovers\n|upkeep\n|turn|15\n|\n|t:|1781415189\n|move|p1a: Wigglytuff|Protect|p1a: Wigglytuff\n|-singleturn|p1a: Wigglytuff|Protect\n|move|p2a: Electivire|Bulk Up|p2a: Electivire\n|-boost|p2a: Electivire|atk|1\n|-boost|p2a: Electivire|def|1\n|\n|-weather|SunnyDay|[upkeep]\n|-heal|p1a: Wigglytuff|241/424|[from] item: Leftovers\n|upkeep\n|turn|16\n|\n|t:|1781415197\n|move|p2a: Electivire|Supercell Slam|p1a: Wigglytuff\n|-damage|p1a: Wigglytuff|0 fnt\n|faint|p1a: Wigglytuff\n|-damage|p2a: Electivire|121/263|[from] item: Life Orb\n|\n|-weather|none\n|upkeep\n|\n|t:|1781415199\n|switch|p1a: Bombirdier|Bombirdier, L85, M|258/258\n|turn|17\n|\n|t:|1781415205\n|move|p2a: Electivire|Supercell Slam|p1a: Bombirdier\n|-supereffective|p1a: Bombirdier\n|-damage|p1a: Bombirdier|0 fnt\n|faint|p1a: Bombirdier\n|-damage|p2a: Electivire|95/263|[from] item: Life Orb\n|\n|upkeep\n|-message|RooMusH forfeited.\n|\n|win|sonoffin\n", "inputlog": ">version a8376a258c1d4662feba110a92103f3664a72141\n>start {\"formatid\":\"gen9randombattle\",\"seed\":\"sodium,589dacb21be367fc609f51ef8b3aee7e\",\"rated\":\"Rated battle\"}\n>player p1 {\"name\":\"RooMusH\",\"avatar\":\"janitor\",\"rating\":2248,\"seed\":\"sodium,f2c990b2bbf1fa9f540cced00843aa62\"}\n>player p2 {\"name\":\"sonoffin\",\"avatar\":\"hilbert-wonderlauncher\",\"rating\":2187,\"seed\":\"sodium,0d775c8752234d40a348a294c75cffbf\"}\n>p1 move knockoff\n>p2 move knockoff\n>p1 move stealthrock\n>p2 move heavyslam\n>p1 switch 3\n>p1 move scald\n>p2 move knockoff\n>p1 move wish\n>p2 move knockoff\n>p1 move calmmind\n>p2 move knockoff\n>p1 move calmmind\n>p2 move knockoff\n>p1 move calmmind\n>p2 switch 6\n>p1 move scald terastallize\n>p2 move leafblade\n>p1 move scald\n>p2 move doubleedge\n>p2 switch 5\n>p1 move scald\n>p2 move icepunch\n>p1 switch 2\n>p1 move earthquake\n>p2 switch 6\n>p2 switch 3\n>p1 move iciclecrash\n>p2 move flareblitz terastallize\n>p1 switch 6\n>p1 move suckerpunch\n>p2 move flareblitz\n>p2 switch 6\n>p1 switch 4\n>p2 move supercellslam\n>p1 move protect\n>p2 move bulkup\n>p1 move alluringvoice\n>p2 move supercellslam\n>p1 switch 4\n>p1 move knockoff\n>p2 move supercellslam\n>forcelose p1", "uploadtime": 1781415001, "views": 7, "formatid": "gen9randombattle", "rating": null, "private": 0, "password": null}