{"id": "gen9randombattle-2631640041", "format": "[Gen 9] Random Battle", "players": ["NormalLight", "bellenguer2"], "log": "|j|\u2606NormalLight\n|j|\u2606bellenguer2\n|t:|1781413167\n|gametype|singles\n|player|p1|NormalLight|n|1573\n|player|p2|bellenguer2|dawn|1526\n|gen|9\n|tier|[Gen 9] Random Battle\n|rated|\n|rule|Species Clause: Limit one of each Pok\u00e9mon\n|rule|HP Percentage Mod: HP is shown in percentages\n|rule|Sleep Clause Mod: Limit one foe put to sleep\n|rule|Illusion Level Mod: Illusion disguises the Pok\u00e9mon's true level\n|\n|t:|1781413167\n|teamsize|p1|6\n|teamsize|p2|6\n|start\n|switch|p1a: Wigglytuff|Wigglytuff, L96, M|424/424\n|switch|p2a: Eiscue|Eiscue, L88, M|274/274\n|turn|1\n|inactive|Battle timer is ON: inactive players will automatically lose when time's up. (requested by NormalLight)\n|inactive|bellenguer2 has 120 seconds left.\n|inactive|bellenguer2 has 90 seconds left.\n|\n|t:|1781413260\n|switch|p2a: Gengar|Gengar, L81, M|230/230\n|move|p1a: Wigglytuff|Dazzling Gleam|p2a: Gengar\n|-resisted|p2a: Gengar\n|-damage|p2a: Gengar|174/230\n|\n|upkeep\n|turn|2\n|\n|t:|1781413267\n|switch|p1a: Dugtrio|Dugtrio-Alola, L84, M|196/196\n|move|p2a: Gengar|Sludge Wave|p1a: Dugtrio\n|-immune|p1a: Dugtrio\n|\n|upkeep\n|turn|3\n|\n|t:|1781413275\n|switch|p2a: Skarmory|Skarmory, L80, M|235/235\n|move|p1a: Dugtrio|Iron Head|p2a: Skarmory\n|-resisted|p2a: Skarmory\n|-damage|p2a: Skarmory|190/235\n|-damage|p1a: Dugtrio|164/196|[from] item: Rocky Helmet|[of] p2a: Skarmory\n|\n|upkeep\n|turn|4\n|\n|t:|1781413281\n|switch|p1a: Wigglytuff|Wigglytuff, L96, M|424/424\n|move|p2a: Skarmory|Stealth Rock|p1a: Wigglytuff\n|-sidestart|p1: NormalLight|move: Stealth Rock\n|\n|upkeep\n|turn|5\n|inactive|bellenguer2 has 120 seconds left.\n|\n|t:|1781413324\n|switch|p2a: Latias|Latias, L79, F|256/256\n|switch|p1a: Meowstic|Meowstic-F, L89, F|277/277\n|-damage|p1a: Meowstic|243/277|[from] Stealth Rock\n|\n|upkeep\n|turn|6\n|\n|t:|1781413334\n|move|p1a: Meowstic|Nasty Plot|p1a: Meowstic\n|-boost|p1a: Meowstic|spa|2\n|move|p2a: Latias|Draco Meteor|p1a: Meowstic\n|-damage|p1a: Meowstic|87/277\n|-unboost|p2a: Latias|spa|2\n|\n|upkeep\n|turn|7\n|inactive|bellenguer2 has 120 seconds left.\n|\n|t:|1781413346\n|move|p1a: Meowstic|Alluring Voice|p2a: Latias\n|-supereffective|p2a: Latias\n|-crit|p2a: Latias\n|-damage|p2a: Latias|0 fnt\n|faint|p2a: Latias\n|-damage|p1a: Meowstic|60/277|[from] item: Life Orb\n|\n|upkeep\n|\n|t:|1781413363\n|switch|p2a: Skarmory|Skarmory, L80, M|190/235\n|turn|8\n|\n|t:|1781413384\n|move|p1a: Meowstic|Thunderbolt|p2a: Skarmory\n|-supereffective|p2a: Skarmory\n|-damage|p2a: Skarmory|0 fnt\n|faint|p2a: Skarmory\n|-damage|p1a: Meowstic|33/277|[from] item: Life Orb\n|\n|upkeep\n|\n|t:|1781413390\n|switch|p2a: Abomasnow|Abomasnow, L84, F|287/287\n|-weather|Snowscape|[from] ability: Snow Warning|[of] p2a: Abomasnow\n|turn|9\n|\n|t:|1781413397\n|move|p1a: Meowstic|Psyshock|p2a: Abomasnow\n|-damage|p2a: Abomasnow|110/287\n|-damage|p1a: Meowstic|6/277|[from] item: Life Orb\n|move|p2a: Abomasnow|Aurora Veil|p2a: Abomasnow\n|-sidestart|p2: bellenguer2|move: Aurora Veil\n|\n|-weather|Snowscape|[upkeep]\n|upkeep\n|turn|10\n|\n|t:|1781413407\n|switch|p2a: Torkoal|Torkoal, L88, M|266/266\n|-weather|SunnyDay|[from] ability: Drought|[of] p2a: Torkoal\n|move|p1a: Meowstic|Psyshock|p2a: Torkoal\n|-damage|p2a: Torkoal|193/266\n|-damage|p1a: Meowstic|0 fnt|[from] item: Life Orb\n|faint|p1a: Meowstic\n|\n|-weather|SunnyDay|[upkeep]\n|upkeep\n|\n|t:|1781413416\n|switch|p1a: Chansey|Chansey, L85, F|564/564\n|-damage|p1a: Chansey|494/564|[from] Stealth Rock\n|turn|11\n|\n|t:|1781413425\n|move|p1a: Chansey|Stealth Rock|p2a: Torkoal\n|-sidestart|p2: bellenguer2|move: Stealth Rock\n|move|p2a: Torkoal|Lava Plume|p1a: Chansey\n|-damage|p1a: Chansey|419/564\n|\n|-weather|SunnyDay|[upkeep]\n|upkeep\n|turn|12\n|inactive|bellenguer2 has 120 seconds left.\n|\n|t:|1781413433\n|move|p1a: Chansey|Seismic Toss|p2a: Torkoal\n|-damage|p2a: Torkoal|108/266\n|move|p2a: Torkoal|Yawn|p1a: Chansey\n|-start|p1a: Chansey|move: Yawn|[of] p2a: Torkoal\n|\n|-weather|SunnyDay|[upkeep]\n|upkeep\n|turn|13\n|\n|t:|1781413438\n|move|p1a: Chansey|Thunder Wave|p2a: Torkoal\n|-status|p2a: Torkoal|par\n|move|p2a: Torkoal|Rapid Spin|p1a: Chansey\n|-damage|p1a: Chansey|344/564\n|-boost|p2a: Torkoal|spe|1\n|-sideend|p2: bellenguer2|Stealth Rock|[from] move: Rapid Spin|[of] p2a: Torkoal\n|\n|-weather|SunnyDay|[upkeep]\n|-end|p1a: Chansey|move: Yawn|[silent]\n|-status|p1a: Chansey|slp\n|upkeep\n|turn|14\n|\n|t:|1781413444\n|switch|p2a: Eiscue|Eiscue, L88, M|274/274\n|cant|p1a: Chansey|slp\n|\n|-weather|none\n|upkeep\n|turn|15\n|\n|t:|1781413449\n|-curestatus|p1a: Chansey|slp|[from] ability: Natural Cure|[silent]\n|switch|p1a: Wigglytuff|Wigglytuff, L96, M|424/424\n|-damage|p1a: Wigglytuff|371/424|[from] Stealth Rock\n|move|p2a: Eiscue|Belly Drum|p2a: Eiscue\n|-damage|p2a: Eiscue|137/274\n|-setboost|p2a: Eiscue|atk|6|[from] move: Belly Drum\n|-enditem|p2a: Eiscue|Sitrus Berry|[eat]\n|-heal|p2a: Eiscue|205/274|[from] item: Sitrus Berry\n|\n|-heal|p1a: Wigglytuff|397/424|[from] item: Leftovers\n|upkeep\n|turn|16\n|\n|t:|1781413460\n|-terastallize|p2a: Eiscue|Ground\n|move|p1a: Wigglytuff|Dazzling Gleam|p2a: Eiscue\n|-damage|p2a: Eiscue|163/274\n|move|p2a: Eiscue|Ice Spinner|p1a: Wigglytuff\n|-damage|p1a: Wigglytuff|0 fnt\n|faint|p1a: Wigglytuff\n|\n|-sideend|p2: bellenguer2|move: Aurora Veil\n|upkeep\n|\n|t:|1781413465\n|switch|p1a: Shaymin|Shaymin, L82|298/298\n|-damage|p1a: Shaymin|261/298|[from] Stealth Rock\n|turn|17\n|\n|t:|1781413471\n|move|p1a: Shaymin|Seed Flare|p2a: Eiscue\n|-supereffective|p2a: Eiscue\n|-damage|p2a: Eiscue|0 fnt\n|faint|p2a: Eiscue\n|\n|-heal|p1a: Shaymin|279/298|[from] item: Leftovers\n|upkeep\n|\n|t:|1781413475\n|switch|p2a: Gengar|Gengar, L81, M|174/230\n|turn|18\n|\n|t:|1781413490\n|move|p2a: Gengar|Sludge Wave|p1a: Shaymin\n|-supereffective|p1a: Shaymin\n|-damage|p1a: Shaymin|0 fnt\n|faint|p1a: Shaymin\n|-damage|p2a: Gengar|151/230|[from] item: Life Orb\n|\n|upkeep\n|\n|t:|1781413493\n|switch|p1a: Dugtrio|Dugtrio-Alola, L84, M|164/196\n|-damage|p1a: Dugtrio|158/196|[from] Stealth Rock\n|turn|19\n|\n|t:|1781413500\n|switch|p2a: Torkoal|Torkoal, L88, M|108/266 par\n|-weather|SunnyDay|[from] ability: Drought|[of] p2a: Torkoal\n|move|p1a: Dugtrio|Stone Edge|p2a: Torkoal\n|-supereffective|p2a: Torkoal\n|-damage|p2a: Torkoal|0 fnt\n|faint|p2a: Torkoal\n|\n|-weather|SunnyDay|[upkeep]\n|upkeep\n|\n|t:|1781413503\n|switch|p2a: Abomasnow|Abomasnow, L84, F|110/287\n|-weather|Snowscape|[from] ability: Snow Warning|[of] p2a: Abomasnow\n|turn|20\n|\n|t:|1781413506\n|move|p1a: Dugtrio|Stone Edge|p2a: Abomasnow\n|-supereffective|p2a: Abomasnow\n|-damage|p2a: Abomasnow|0 fnt\n|faint|p2a: Abomasnow\n|\n|-weather|Snowscape|[upkeep]\n|upkeep\n|\n|t:|1781413509\n|switch|p2a: Gengar|Gengar, L81, M|151/230\n|turn|21\n|\n|t:|1781413512\n|move|p1a: Dugtrio|Stone Edge|p2a: Gengar\n|-damage|p2a: Gengar|4/230\n|-start|p1a: Dugtrio|Disable|Stone Edge|[from] ability: Cursed Body|[of] p2a: Gengar\n|move|p2a: Gengar|Focus Blast|p1a: Dugtrio\n|-supereffective|p1a: Dugtrio\n|-damage|p1a: Dugtrio|0 fnt\n|faint|p1a: Dugtrio\n|-damage|p2a: Gengar|0 fnt|[from] item: Life Orb\n|faint|p2a: Gengar\n|\n|win|NormalLight\n|raw|NormalLight's rating: 1573 &rarr; <strong>1590</strong><br />(+17 for winning)\n|raw|bellenguer2's rating: 1526 &rarr; <strong>1509</strong><br />(-17 for losing)\n|l|\u2606NormalLight\n|player|p1|\n", "inputlog": ">version a8376a258c1d4662feba110a92103f3664a72141\n>start {\"formatid\":\"gen9randombattle\",\"seed\":\"sodium,23cf18b6b8cb7c9ef007ed21bc7ac553\",\"rated\":\"Rated battle\"}\n>player p1 {\"name\":\"NormalLight\",\"avatar\":\"n\",\"rating\":1573,\"seed\":\"sodium,aed23c18c4166eeb0484b38f0985cadf\"}\n>player p2 {\"name\":\"bellenguer2\",\"avatar\":\"dawn\",\"rating\":1526,\"seed\":\"sodium,eb9aa7c6fe42c2d3e0fff92283ac2583\"}\n>p1 move dazzlinggleam\n>p2 switch 3\n>p1 switch 5\n>p2 move sludgewave\n>p1 move ironhead\n>p2 switch 2\n>p1 switch 5\n>p2 move stealthrock\n>p1 switch 3\n>p2 switch 6\n>p1 move nastyplot\n>p2 move dracometeor\n>p1 move alluringvoice\n>p2 move dracometeor\n>p2 switch 6\n>p1 move thunderbolt\n>p2 move bravebird\n>p2 switch 4\n>p1 move psyshock\n>p2 move auroraveil\n>p1 move psyshock\n>p2 switch 5\n>p1 switch 6\n>p1 move stealthrock\n>p2 move lavaplume\n>p1 move seismictoss\n>p2 move yawn\n>p1 move thunderwave\n>p2 move rapidspin\n>p1 move seismictoss\n>p2 switch 3\n>p1 switch 3\n>p2 move bellydrum\n>p1 move dazzlinggleam\n>p2 move icespinner terastallize\n>p1 switch 2\n>p1 move seedflare\n>p2 move icespinner\n>p2 switch 2\n>p1 move airslash\n>p2 move sludgewave\n>p1 switch 5\n>p1 move stoneedge\n>p2 switch 3\n>p2 switch 5\n>p1 move stoneedge\n>p2 move auroraveil\n>p2 switch 3\n>p1 move stoneedge\n>p2 move focusblast", "uploadtime": 1781413514, "views": 3, "formatid": "gen9randombattle", "rating": 1509, "private": 0, "password": null}