{"id": "gen9randombattle-2631977542", "format": "[Gen 9] Random Battle", "players": ["Donpalinho", "Ze Memerr"], "log": "|j|\u2606Donpalinho\n|j|\u2606Ze Memerr\n|t:|1781462013\n|gametype|singles\n|player|p1|Donpalinho|1|1945\n|player|p2|Ze Memerr|101|1942\n|gen|9\n|tier|[Gen 9] Random Battle\n|rated|\n|rule|Species Clause: Limit one of each Pok\u00e9mon\n|rule|HP Percentage Mod: HP is shown in percentages\n|rule|Sleep Clause Mod: Limit one foe put to sleep\n|rule|Illusion Level Mod: Illusion disguises the Pok\u00e9mon's true level\n|\n|t:|1781462013\n|teamsize|p1|6\n|teamsize|p2|6\n|start\n|switch|p1a: Iron Hands|Iron Hands, L79|373/373\n|switch|p2a: Moltres|Moltres-Galar, L79|271/271\n|turn|1\n|inactive|Battle timer is ON: inactive players will automatically lose when time's up. (requested by Donpalinho)\n|inactive|Ze Memerr also wants the timer to be on.\n|\n|t:|1781462021\n|switch|p2a: Swampert|Swampert, L83, F|302/302\n|move|p1a: Iron Hands|Thunder Punch|p2a: Swampert\n|-immune|p2a: Swampert\n|\n|upkeep\n|turn|2\n|\n|t:|1781462033\n|-end|p1a: Iron Hands|Quark Drive|[silent]\n|switch|p1a: Hypno|Hypno, L95, F|315/315\n|move|p2a: Swampert|Knock Off|p1a: Hypno\n|-supereffective|p1a: Hypno\n|-damage|p1a: Hypno|165/315\n|-enditem|p1a: Hypno|Leftovers|[from] move: Knock Off|[of] p2a: Swampert\n|\n|upkeep\n|turn|3\n|\n|t:|1781462040\n|switch|p2a: Forretress|Forretress, L84, F|263/263\n|move|p1a: Hypno|Knock Off|p2a: Forretress\n|-crit|p2a: Forretress\n|-damage|p2a: Forretress|185/263\n|-enditem|p2a: Forretress|Leftovers|[from] move: Knock Off|[of] p1a: Hypno\n|\n|upkeep\n|turn|4\n|\n|t:|1781462050\n|move|p1a: Hypno|Psychic Noise|p2a: Forretress\n|-resisted|p2a: Forretress\n|-damage|p2a: Forretress|131/263\n|-start|p2a: Forretress|move: Heal Block\n|move|p2a: Forretress|Stealth Rock|p1a: Hypno\n|-sidestart|p1: Donpalinho|move: Stealth Rock\n|\n|upkeep\n|turn|5\n|\n|t:|1781462058\n|move|p1a: Hypno|Encore|p2a: Forretress\n|-start|p2a: Forretress|Encore\n|move|p2a: Forretress|Stealth Rock||[still]\n|-fail|p2a: Forretress\n|\n|-end|p2a: Forretress|move: Heal Block\n|upkeep\n|turn|6\n|\n|t:|1781462062\n|switch|p2a: Moltres|Moltres-Galar, L79|271/271\n|move|p1a: Hypno|Knock Off|p2a: Moltres\n|-resisted|p2a: Moltres\n|-damage|p2a: Moltres|231/271\n|-enditem|p2a: Moltres|Chesto Berry|[from] move: Knock Off|[of] p1a: Hypno\n|\n|upkeep\n|turn|7\n|\n|t:|1781462070\n|move|p2a: Moltres|Nasty Plot|p2a: Moltres\n|-boost|p2a: Moltres|spa|2\n|move|p1a: Hypno|Thunder Wave|p2a: Moltres\n|-status|p2a: Moltres|par\n|\n|upkeep\n|turn|8\n|\n|t:|1781462083\n|switch|p1a: Iron Hands|Iron Hands, L79|373/373\n|-damage|p1a: Iron Hands|350/373|[from] Stealth Rock\n|move|p2a: Moltres|Fiery Wrath|p1a: Iron Hands\n|-resisted|p1a: Iron Hands\n|-damage|p1a: Iron Hands|239/373\n|\n|-heal|p1a: Iron Hands|262/373|[from] item: Leftovers\n|upkeep\n|turn|9\n|\n|t:|1781462098\n|switch|p2a: Swampert|Swampert, L83, F|302/302\n|move|p1a: Iron Hands|Thunder Punch|p2a: Swampert\n|-immune|p2a: Swampert\n|\n|-heal|p1a: Iron Hands|285/373|[from] item: Leftovers\n|upkeep\n|turn|10\n|\n|t:|1781462105\n|-end|p1a: Iron Hands|Quark Drive|[silent]\n|switch|p1a: Hypno|Hypno, L95, F|165/315\n|-damage|p1a: Hypno|126/315|[from] Stealth Rock\n|move|p2a: Swampert|Earthquake|p1a: Hypno\n|-damage|p1a: Hypno|3/315\n|\n|upkeep\n|turn|11\n|\n|t:|1781462113\n|switch|p2a: Forretress|Forretress, L84, F|131/263\n|move|p1a: Hypno|Knock Off|p2a: Forretress\n|-damage|p2a: Forretress|97/263\n|\n|upkeep\n|turn|12\n|\n|t:|1781462123\n|move|p1a: Hypno|Psychic Noise|p2a: Forretress\n|-resisted|p2a: Forretress\n|-damage|p2a: Forretress|44/263\n|-start|p2a: Forretress|move: Heal Block\n|move|p2a: Forretress|Rapid Spin|p1a: Hypno\n|-damage|p1a: Hypno|0 fnt\n|-boost|p2a: Forretress|spe|1\n|faint|p1a: Hypno\n|\n|upkeep\n|\n|t:|1781462129\n|switch|p1a: Donphan|Donphan, L84, F|288/288\n|-damage|p1a: Donphan|270/288|[from] Stealth Rock\n|turn|13\n|\n|t:|1781462139\n|switch|p2a: Meganium|Meganium, L90, M|290/290\n|move|p1a: Donphan|Rapid Spin|p2a: Meganium\n|-damage|p2a: Meganium|253/290\n|-boost|p1a: Donphan|spe|1\n|-sideend|p1: Donpalinho|Stealth Rock|[from] move: Rapid Spin|[of] p1a: Donphan\n|\n|-heal|p1a: Donphan|288/288|[from] item: Leftovers\n|-heal|p2a: Meganium|271/290|[from] item: Leftovers\n|upkeep\n|turn|14\n|\n|t:|1781462148\n|switch|p1a: Swalot|Swalot, L90, M|326/326\n|move|p2a: Meganium|Swords Dance|p2a: Meganium\n|-boost|p2a: Meganium|atk|2\n|\n|-heal|p2a: Meganium|289/290|[from] item: Leftovers\n|upkeep\n|turn|15\n|\n|t:|1781462152\n|move|p2a: Meganium|Earthquake|p1a: Swalot\n|-supereffective|p1a: Swalot\n|-damage|p1a: Swalot|50/326\n|move|p1a: Swalot|Gunk Shot|p2a: Meganium\n|-supereffective|p2a: Meganium\n|-damage|p2a: Meganium|95/290\n|-status|p2a: Meganium|psn\n|\n|-heal|p2a: Meganium|113/290 psn|[from] item: Leftovers\n|-heal|p1a: Swalot|70/326|[from] item: Leftovers\n|-damage|p2a: Meganium|77/290 psn|[from] psn\n|upkeep\n|turn|16\n|\n|t:|1781462160\n|move|p2a: Meganium|Earthquake|p1a: Swalot\n|-supereffective|p1a: Swalot\n|-damage|p1a: Swalot|0 fnt\n|faint|p1a: Swalot\n|\n|-heal|p2a: Meganium|95/290 psn|[from] item: Leftovers\n|-damage|p2a: Meganium|59/290 psn|[from] psn\n|upkeep\n|\n|t:|1781462169\n|switch|p1a: Zamazenta|Zamazenta, L71|248/248\n|-ability|p1a: Zamazenta|Dauntless Shield|boost\n|-boost|p1a: Zamazenta|def|1\n|turn|17\n|\n|t:|1781462174\n|move|p1a: Zamazenta|Iron Defense|p1a: Zamazenta\n|-boost|p1a: Zamazenta|def|2\n|move|p2a: Meganium|Knock Off|p1a: Zamazenta\n|-resisted|p1a: Zamazenta\n|-damage|p1a: Zamazenta|220/248\n|-enditem|p1a: Zamazenta|Chesto Berry|[from] move: Knock Off|[of] p2a: Meganium\n|\n|-heal|p2a: Meganium|77/290 psn|[from] item: Leftovers\n|-damage|p2a: Meganium|41/290 psn|[from] psn\n|upkeep\n|turn|18\n|\n|t:|1781462180\n|move|p1a: Zamazenta|Iron Defense|p1a: Zamazenta\n|-boost|p1a: Zamazenta|def|2\n|move|p2a: Meganium|Petal Blizzard|p1a: Zamazenta\n|-damage|p1a: Zamazenta|135/248\n|\n|-heal|p2a: Meganium|59/290 psn|[from] item: Leftovers\n|-damage|p2a: Meganium|23/290 psn|[from] psn\n|upkeep\n|turn|19\n|\n|t:|1781462185\n|move|p1a: Zamazenta|Body Press|p2a: Meganium\n|-damage|p2a: Meganium|0 fnt\n|faint|p2a: Meganium\n|\n|upkeep\n|\n|t:|1781462192\n|switch|p2a: Swampert|Swampert, L83, F|302/302\n|turn|20\n|\n|t:|1781462198\n|-terastallize|p1a: Zamazenta|Fighting\n|move|p1a: Zamazenta|Body Press|p2a: Swampert\n|-damage|p2a: Swampert|0 fnt\n|faint|p2a: Swampert\n|\n|upkeep\n|\n|t:|1781462209\n|switch|p2a: Hariyama|Hariyama, L87, F|392/392\n|turn|21\n|\n|t:|1781462214\n|move|p1a: Zamazenta|Body Press|p2a: Hariyama\n|-damage|p2a: Hariyama|0 fnt\n|faint|p2a: Hariyama\n|\n|upkeep\n|-message|Ze Memerr forfeited.\n|\n|win|Donpalinho\n", "inputlog": ">version a8376a258c1d4662feba110a92103f3664a72141\n>start {\"formatid\":\"gen9randombattle\",\"seed\":\"sodium,bf8ae2ec27254d48dacefbd65033d209\",\"rated\":\"Rated battle\"}\n>player p1 {\"name\":\"Donpalinho\",\"avatar\":\"1\",\"rating\":1945,\"seed\":\"sodium,fd708c110e5a11951b63da0939fede58\"}\n>player p2 {\"name\":\"Ze Memerr\",\"avatar\":\"101\",\"rating\":1942,\"seed\":\"sodium,2fd0b8e1a3f6a75db259cc9729118a0d\"}\n>p1 move thunderpunch\n>p2 switch 3\n>p1 switch 6\n>p2 move knockoff\n>p1 move knockoff\n>p2 switch 4\n>p1 move psychicnoise\n>p2 move stealthrock\n>p1 move encore\n>p2 move toxicspikes\n>p1 move knockoff\n>p2 switch 3\n>p1 move thunderwave\n>p2 move nastyplot\n>p1 switch 6\n>p2 move fierywrath\n>p1 move thunderpunch\n>p2 switch 4\n>p1 switch 6\n>p2 move earthquake\n>p1 move knockoff\n>p2 switch 3\n>p1 move psychicnoise\n>p2 move rapidspin\n>p1 switch 5\n>p1 move rapidspin\n>p2 switch 5\n>p1 switch 4\n>p2 move swordsdance\n>p1 move gunkshot\n>p2 move earthquake\n>p1 move knockoff\n>p2 move earthquake\n>p1 switch 3\n>p1 move irondefense\n>p2 move knockoff\n>p1 move irondefense\n>p2 move petalblizzard\n>p1 move bodypress\n>p2 move petalblizzard\n>p2 switch 3\n>p1 move bodypress terastallize\n>p2 move roar\n>p2 switch 2\n>p1 move bodypress\n>p2 move closecombat\n>forcelose p2", "uploadtime": 1781462016, "views": 4, "formatid": "gen9randombattle", "rating": null, "private": 0, "password": null}