{"id": "gen9randombattle-2631760650", "format": "[Gen 9] Random Battle", "players": ["Tuki VN", "jenx1"], "log": "|j|\u2606Tuki VN\n|j|\u2606jenx1\n|t:|1781435350\n|gametype|singles\n|player|p1|Tuki VN|lance-gen1rb|2009\n|player|p2|jenx1|265|2029\n|gen|9\n|tier|[Gen 9] Random Battle\n|rated|\n|rule|Species Clause: Limit one of each Pok\u00e9mon\n|rule|HP Percentage Mod: HP is shown in percentages\n|rule|Sleep Clause Mod: Limit one foe put to sleep\n|rule|Illusion Level Mod: Illusion disguises the Pok\u00e9mon's true level\n|\n|t:|1781435350\n|teamsize|p1|6\n|teamsize|p2|6\n|start\n|switch|p1a: Clefable|Clefable, L83, M|293/293\n|switch|p2a: Archaludon|Archaludon, L78, M|268/268\n|turn|1\n|inactive|Battle timer is ON: inactive players will automatically lose when time's up. (requested by jenx1)\n|\n|t:|1781435380\n|switch|p1a: Venusaur|Venusaur, L84, F|272/272\n|move|p2a: Archaludon|Iron Head|p1a: Venusaur\n|-damage|p1a: Venusaur|190/272\n|\n|-heal|p1a: Venusaur|207/272|[from] item: Leftovers\n|upkeep\n|turn|2\n|\n|t:|1781435388\n|switch|p2a: Corviknight|Corviknight, L80, F|288/288\n|-ability|p2a: Corviknight|Pressure\n|move|p1a: Venusaur|Leech Seed|p2a: Corviknight\n|-start|p2a: Corviknight|move: Leech Seed\n|\n|-heal|p1a: Venusaur|224/272|[from] item: Leftovers\n|-damage|p2a: Corviknight|252/288|[from] Leech Seed|[of] p1a: Venusaur\n|-heal|p1a: Venusaur|260/272|[silent]\n|upkeep\n|turn|3\n|\n|t:|1781435397\n|switch|p2a: Froslass|Froslass, L87, F|263/263\n|move|p1a: Venusaur|Substitute|p1a: Venusaur\n|-start|p1a: Venusaur|Substitute\n|-damage|p1a: Venusaur|192/272\n|\n|-heal|p1a: Venusaur|209/272|[from] item: Leftovers\n|upkeep\n|turn|4\n|\n|t:|1781435403\n|-terastallize|p1a: Venusaur|Water\n|move|p2a: Froslass|Triple Axel|p1a: Venusaur\n|-resisted|p1a: Venusaur\n|-activate|p1a: Venusaur|move: Substitute|[damage]\n|-resisted|p1a: Venusaur\n|-activate|p1a: Venusaur|move: Substitute|[damage]\n|-resisted|p1a: Venusaur\n|-activate|p1a: Venusaur|move: Substitute|[damage]\n|-hitcount|p1a: Venusaur|3\n|move|p1a: Venusaur|Leech Seed|p2a: Froslass|[miss]\n|-miss|p1a: Venusaur|p2a: Froslass\n|\n|-heal|p1a: Venusaur|226/272|[from] item: Leftovers\n|upkeep\n|turn|5\n|inactive|jenx1 has 120 seconds left.\n|\n|t:|1781435440\n|switch|p2a: Seviper|Seviper, L93, M|287/287\n|move|p1a: Venusaur|Leech Seed|p2a: Seviper\n|-start|p2a: Seviper|move: Leech Seed\n|\n|-heal|p1a: Venusaur|243/272|[from] item: Leftovers\n|-damage|p2a: Seviper|252/287|[from] Leech Seed|[of] p1a: Venusaur\n|-heal|p1a: Venusaur|272/272|[silent]\n|upkeep\n|turn|6\n|\n|t:|1781435454\n|switch|p1a: Glalie|Glalie, L96, F|309/309\n|move|p2a: Seviper|Trailblaze|p1a: Glalie\n|-damage|p1a: Glalie|266/309\n|-boost|p2a: Seviper|spe|1\n|\n|-heal|p2a: Seviper|269/287|[from] item: Leftovers\n|-damage|p2a: Seviper|234/287|[from] Leech Seed|[of] p1a: Glalie\n|-heal|p1a: Glalie|301/309|[silent]\n|upkeep\n|turn|7\n|\n|t:|1781435461\n|switch|p2a: Froslass|Froslass, L87, F|263/263\n|move|p1a: Glalie|Earthquake|p2a: Froslass\n|-damage|p2a: Froslass|178/263\n|-start|p1a: Glalie|Disable|Earthquake|[from] ability: Cursed Body|[of] p2a: Froslass\n|\n|upkeep\n|turn|8\n|\n|t:|1781435468\n|move|p2a: Froslass|Spikes|p1a: Glalie\n|-sidestart|p1: Tuki VN|Spikes\n|move|p1a: Glalie|Spikes|p2a: Froslass\n|-sidestart|p2: jenx1|Spikes\n|\n|upkeep\n|turn|9\n|\n|t:|1781435471\n|move|p2a: Froslass|Will-O-Wisp|p1a: Glalie\n|-status|p1a: Glalie|brn\n|move|p1a: Glalie|Spikes|p2a: Froslass\n|-sidestart|p2: jenx1|Spikes\n|\n|-damage|p1a: Glalie|282/309 brn|[from] brn\n|upkeep\n|turn|10\n|\n|t:|1781435476\n|move|p2a: Froslass|Poltergeist|p1a: Glalie\n|-activate|p1a: Glalie|move: Poltergeist|Heavy-Duty Boots\n|-damage|p1a: Glalie|189/309 brn\n|move|p1a: Glalie|Spikes|p2a: Froslass\n|-sidestart|p2: jenx1|Spikes\n|\n|-damage|p1a: Glalie|170/309 brn|[from] brn\n|-end|p1a: Glalie|Disable\n|upkeep\n|turn|11\n|\n|t:|1781435483\n|switch|p1a: Venusaur|Venusaur, L84, F, tera:Water|272/272\n|-damage|p1a: Venusaur|238/272|[from] Spikes\n|move|p2a: Froslass|Poltergeist|p1a: Venusaur\n|-activate|p1a: Venusaur|move: Poltergeist|Leftovers\n|-damage|p1a: Venusaur|132/272\n|\n|-heal|p1a: Venusaur|149/272|[from] item: Leftovers\n|upkeep\n|turn|12\n|\n|t:|1781435490\n|move|p2a: Froslass|Will-O-Wisp|p1a: Venusaur\n|-status|p1a: Venusaur|brn\n|move|p1a: Venusaur|Leech Seed|p2a: Froslass\n|-start|p2a: Froslass|move: Leech Seed\n|\n|-heal|p1a: Venusaur|166/272 brn|[from] item: Leftovers\n|-damage|p2a: Froslass|146/263|[from] Leech Seed|[of] p1a: Venusaur\n|-heal|p1a: Venusaur|198/272 brn|[silent]\n|-damage|p1a: Venusaur|181/272 brn|[from] brn\n|upkeep\n|turn|13\n|\n|t:|1781435495\n|switch|p2a: Corviknight|Corviknight, L80, F|252/288\n|-ability|p2a: Corviknight|Pressure\n|move|p1a: Venusaur|Giga Drain|p2a: Corviknight\n|-resisted|p2a: Corviknight\n|-damage|p2a: Corviknight|232/288\n|-heal|p1a: Venusaur|191/272 brn|[from] drain|[of] p2a: Corviknight\n|\n|-heal|p1a: Venusaur|208/272 brn|[from] item: Leftovers\n|-damage|p1a: Venusaur|191/272 brn|[from] brn\n|upkeep\n|turn|14\n|\n|t:|1781435500\n|move|p1a: Venusaur|Leech Seed|p2a: Corviknight\n|-start|p2a: Corviknight|move: Leech Seed\n|move|p2a: Corviknight|Defog|p1a: Venusaur\n|-unboost|p1a: Venusaur|evasion|1\n|-sideend|p1: Tuki VN|Spikes|[from] move: Defog|[of] p2a: Corviknight\n|-sideend|p2: jenx1|Spikes|[from] move: Defog|[of] p2a: Corviknight\n|\n|-heal|p1a: Venusaur|208/272 brn|[from] item: Leftovers\n|-damage|p2a: Corviknight|196/288|[from] Leech Seed|[of] p1a: Venusaur\n|-heal|p1a: Venusaur|244/272 brn|[silent]\n|-damage|p1a: Venusaur|227/272 brn|[from] brn\n|upkeep\n|turn|15\n|\n|t:|1781435508\n|switch|p2a: Seviper|Seviper, L93, M|234/287\n|move|p1a: Venusaur|Substitute|p1a: Venusaur\n|-start|p1a: Venusaur|Substitute\n|-damage|p1a: Venusaur|159/272 brn\n|\n|-heal|p1a: Venusaur|176/272 brn|[from] item: Leftovers\n|-heal|p2a: Seviper|251/287|[from] item: Leftovers\n|-damage|p1a: Venusaur|159/272 brn|[from] brn\n|upkeep\n|turn|16\n|\n|t:|1781435513\n|move|p1a: Venusaur|Leech Seed|p2a: Seviper\n|-start|p2a: Seviper|move: Leech Seed\n|move|p2a: Seviper|Trailblaze|p1a: Venusaur\n|-supereffective|p1a: Venusaur\n|-end|p1a: Venusaur|Substitute\n|-boost|p2a: Seviper|spe|1\n|\n|-heal|p2a: Seviper|268/287|[from] item: Leftovers\n|-heal|p1a: Venusaur|176/272 brn|[from] item: Leftovers\n|-damage|p2a: Seviper|233/287|[from] Leech Seed|[of] p1a: Venusaur\n|-heal|p1a: Venusaur|211/272 brn|[silent]\n|-damage|p1a: Venusaur|194/272 brn|[from] brn\n|upkeep\n|turn|17\n|\n|t:|1781435529\n|switch|p1a: Glalie|Glalie, L96, F|170/309 brn\n|move|p2a: Seviper|Gunk Shot|p1a: Glalie\n|-damage|p1a: Glalie|10/309 brn\n|\n|-heal|p2a: Seviper|250/287|[from] item: Leftovers\n|-damage|p2a: Seviper|215/287|[from] Leech Seed|[of] p1a: Glalie\n|-heal|p1a: Glalie|45/309 brn|[silent]\n|-damage|p1a: Glalie|26/309 brn|[from] brn\n|upkeep\n|turn|18\n|\n|t:|1781435537\n|move|p2a: Seviper|Trailblaze|p1a: Glalie\n|-damage|p1a: Glalie|0 fnt\n|-boost|p2a: Seviper|spe|1\n|faint|p1a: Glalie\n|\n|-heal|p2a: Seviper|232/287|[from] item: Leftovers\n|upkeep\n|\n|t:|1781435546\n|switch|p1a: Raging Bolt|Raging Bolt, L78|323/323\n|turn|19\n|\n|t:|1781435553\n|move|p2a: Seviper|Earthquake|p1a: Raging Bolt\n|-supereffective|p1a: Raging Bolt\n|-damage|p1a: Raging Bolt|141/323\n|move|p1a: Raging Bolt|Draco Meteor|p2a: Seviper\n|-damage|p2a: Seviper|52/287\n|-unboost|p1a: Raging Bolt|spa|2\n|\n|-heal|p2a: Seviper|69/287|[from] item: Leftovers\n|-heal|p1a: Raging Bolt|161/323|[from] item: Leftovers\n|-damage|p2a: Seviper|34/287|[from] Leech Seed|[of] p1a: Raging Bolt\n|-heal|p1a: Raging Bolt|196/323|[silent]\n|upkeep\n|turn|20\n|\n|t:|1781435566\n|switch|p2a: Wigglytuff|Wigglytuff, L96, M|424/424\n|move|p1a: Raging Bolt|Thunderclap||[still]\n|-fail|p1a: Raging Bolt\n|\n|-heal|p1a: Raging Bolt|216/323|[from] item: Leftovers\n|upkeep\n|turn|21\n|\n|t:|1781435573\n|-end|p1a: Raging Bolt|Protosynthesis|[silent]\n|switch|p1a: Sylveon|Sylveon, L85, F|300/300\n|move|p2a: Wigglytuff|Dazzling Gleam|p1a: Sylveon\n|-damage|p1a: Sylveon|222/300\n|\n|-heal|p1a: Sylveon|240/300|[from] item: Leftovers\n|upkeep\n|turn|22\n|\n|t:|1781435583\n|switch|p1a: Venusaur|Venusaur, L84, F, tera:Water|194/272 brn\n|move|p2a: Wigglytuff|Thunder Wave|p1a: Venusaur|[miss]\n|-miss|p2a: Wigglytuff|p1a: Venusaur\n|\n|-heal|p1a: Venusaur|211/272 brn|[from] item: Leftovers\n|-damage|p1a: Venusaur|194/272 brn|[from] brn\n|upkeep\n|turn|23\n|\n|t:|1781435592\n|switch|p2a: Corviknight|Corviknight, L80, F|196/288\n|-ability|p2a: Corviknight|Pressure\n|move|p1a: Venusaur|Leech Seed|p2a: Corviknight\n|-start|p2a: Corviknight|move: Leech Seed\n|\n|-heal|p1a: Venusaur|211/272 brn|[from] item: Leftovers\n|-damage|p2a: Corviknight|160/288|[from] Leech Seed|[of] p1a: Venusaur\n|-heal|p1a: Venusaur|247/272 brn|[silent]\n|-damage|p1a: Venusaur|230/272 brn|[from] brn\n|upkeep\n|turn|24\n|\n|t:|1781435599\n|move|p1a: Venusaur|Substitute|p1a: Venusaur\n|-start|p1a: Venusaur|Substitute\n|-damage|p1a: Venusaur|162/272 brn\n|move|p2a: Corviknight|Roost|p2a: Corviknight\n|-heal|p2a: Corviknight|288/288\n|-singleturn|p2a: Corviknight|move: Roost\n|\n|-heal|p1a: Venusaur|179/272 brn|[from] item: Leftovers\n|-damage|p2a: Corviknight|252/288|[from] Leech Seed|[of] p1a: Venusaur\n|-heal|p1a: Venusaur|215/272 brn|[silent]\n|-damage|p1a: Venusaur|198/272 brn|[from] brn\n|upkeep\n|turn|25\n|\n|t:|1781435605\n|switch|p2a: Wigglytuff|Wigglytuff, L96, M|424/424\n|move|p1a: Venusaur|Giga Drain|p2a: Wigglytuff\n|-damage|p2a: Wigglytuff|313/424\n|-heal|p1a: Venusaur|254/272 brn|[from] drain|[of] p2a: Wigglytuff\n|\n|-heal|p1a: Venusaur|271/272 brn|[from] item: Leftovers\n|-heal|p2a: Wigglytuff|339/424|[from] item: Leftovers\n|-damage|p1a: Venusaur|254/272 brn|[from] brn\n|upkeep\n|turn|26\n|\n|t:|1781435613\n|switch|p2a: Corviknight|Corviknight, L80, F|252/288\n|-ability|p2a: Corviknight|Pressure\n|move|p1a: Venusaur|Leech Seed|p2a: Corviknight\n|-start|p2a: Corviknight|move: Leech Seed\n|\n|-heal|p1a: Venusaur|271/272 brn|[from] item: Leftovers\n|-damage|p2a: Corviknight|216/288|[from] Leech Seed|[of] p1a: Venusaur\n|-heal|p1a: Venusaur|272/272 brn|[silent]\n|-damage|p1a: Venusaur|255/272 brn|[from] brn\n|upkeep\n|turn|27\n|\n|t:|1781435619\n|switch|p2a: Wigglytuff|Wigglytuff, L96, M|339/424\n|move|p1a: Venusaur|Giga Drain|p2a: Wigglytuff\n|-crit|p2a: Wigglytuff\n|-damage|p2a: Wigglytuff|182/424\n|-heal|p1a: Venusaur|272/272 brn|[from] drain|[of] p2a: Wigglytuff\n|\n|-heal|p2a: Wigglytuff|208/424|[from] item: Leftovers\n|-damage|p1a: Venusaur|255/272 brn|[from] brn\n|upkeep\n|turn|28\n|\n|t:|1781435624\n|move|p1a: Venusaur|Sludge Bomb|p2a: Wigglytuff\n|-supereffective|p2a: Wigglytuff\n|-damage|p2a: Wigglytuff|0 fnt\n|faint|p2a: Wigglytuff\n|\n|-heal|p1a: Venusaur|272/272 brn|[from] item: Leftovers\n|-damage|p1a: Venusaur|255/272 brn|[from] brn\n|upkeep\n|\n|t:|1781435629\n|switch|p2a: Corviknight|Corviknight, L80, F|216/288\n|-ability|p2a: Corviknight|Pressure\n|turn|29\n|\n|t:|1781435635\n|switch|p1a: Raging Bolt|Raging Bolt, L78|216/323\n|move|p2a: Corviknight|Brave Bird|p1a: Raging Bolt\n|-resisted|p1a: Raging Bolt\n|-damage|p1a: Raging Bolt|155/323\n|-damage|p2a: Corviknight|196/288|[from] Recoil\n|\n|-heal|p1a: Raging Bolt|175/323|[from] item: Leftovers\n|upkeep\n|turn|30\n|\n|t:|1781435649\n|switch|p2a: Archaludon|Archaludon, L78, M|268/268\n|move|p1a: Raging Bolt|Draco Meteor|p2a: Archaludon\n|-damage|p2a: Archaludon|54/268\n|-unboost|p1a: Raging Bolt|spa|2\n|-ability|p2a: Archaludon|Stamina|boost\n|-boost|p2a: Archaludon|def|1\n|\n|-heal|p1a: Raging Bolt|195/323|[from] item: Leftovers\n|upkeep\n|turn|31\n|\n|t:|1781435660\n|-end|p1a: Raging Bolt|Protosynthesis|[silent]\n|switch|p1a: Venusaur|Venusaur, L84, F, tera:Water|255/272 brn\n|move|p2a: Archaludon|Earthquake|p1a: Venusaur\n|-damage|p1a: Venusaur|183/272 brn\n|\n|-heal|p1a: Venusaur|200/272 brn|[from] item: Leftovers\n|-damage|p1a: Venusaur|183/272 brn|[from] brn\n|upkeep\n|turn|32\n|\n|t:|1781435670\n|switch|p2a: Corviknight|Corviknight, L80, F|196/288\n|-ability|p2a: Corviknight|Pressure\n|move|p1a: Venusaur|Leech Seed|p2a: Corviknight\n|-start|p2a: Corviknight|move: Leech Seed\n|\n|-heal|p1a: Venusaur|200/272 brn|[from] item: Leftovers\n|-damage|p2a: Corviknight|160/288|[from] Leech Seed|[of] p1a: Venusaur\n|-heal|p1a: Venusaur|236/272 brn|[silent]\n|-damage|p1a: Venusaur|219/272 brn|[from] brn\n|upkeep\n|turn|33\n|\n|t:|1781435681\n|switch|p1a: Raging Bolt|Raging Bolt, L78|195/323\n|switch|p2a: Archaludon|Archaludon, L78, M|54/268\n|\n|-heal|p1a: Raging Bolt|215/323|[from] item: Leftovers\n|upkeep\n|turn|34\n|\n|t:|1781435688\n|move|p2a: Archaludon|Earthquake|p1a: Raging Bolt\n|-supereffective|p1a: Raging Bolt\n|-damage|p1a: Raging Bolt|75/323\n|move|p1a: Raging Bolt|Calm Mind|p1a: Raging Bolt\n|-boost|p1a: Raging Bolt|spa|1\n|-boost|p1a: Raging Bolt|spd|1\n|\n|-heal|p1a: Raging Bolt|95/323|[from] item: Leftovers\n|upkeep\n|turn|35\n|\n|t:|1781435693\n|move|p1a: Raging Bolt|Thunderclap|p2a: Archaludon\n|-resisted|p2a: Archaludon\n|-damage|p2a: Archaludon|0 fnt\n|faint|p2a: Archaludon\n|\n|-heal|p1a: Raging Bolt|115/323|[from] item: Leftovers\n|upkeep\n|\n|t:|1781435699\n|switch|p2a: Froslass|Froslass, L87, F|146/263\n|turn|36\n|\n|t:|1781435703\n|move|p2a: Froslass|Poltergeist|p1a: Raging Bolt\n|-activate|p1a: Raging Bolt|move: Poltergeist|Leftovers\n|-damage|p1a: Raging Bolt|0 fnt\n|faint|p1a: Raging Bolt\n|-end|p1a: Raging Bolt|Protosynthesis|[silent]\n|\n|upkeep\n|\n|t:|1781435712\n|switch|p1a: Clefable|Clefable, L83, M|293/293\n|turn|37\n|\n|t:|1781435720\n|move|p2a: Froslass|Spikes|p1a: Clefable\n|-sidestart|p1: Tuki VN|Spikes\n|move|p1a: Clefable|Fire Blast|p2a: Froslass\n|-supereffective|p2a: Froslass\n|-crit|p2a: Froslass\n|-damage|p2a: Froslass|0 fnt\n|faint|p2a: Froslass\n|\n|upkeep\n|\n|t:|1781435726\n|switch|p2a: Seviper|Seviper, L93, M|34/287\n|turn|38\n|\n|t:|1781435731\n|move|p2a: Seviper|Gunk Shot|p1a: Clefable|[miss]\n|-miss|p2a: Seviper|p1a: Clefable\n|move|p1a: Clefable|Moonblast|p2a: Seviper\n|-resisted|p2a: Seviper\n|-damage|p2a: Seviper|0 fnt\n|faint|p2a: Seviper\n|\n|upkeep\n|\n|t:|1781435735\n|switch|p2a: Corviknight|Corviknight, L80, F|160/288\n|-ability|p2a: Corviknight|Pressure\n|turn|39\n|\n|t:|1781435740\n|move|p2a: Corviknight|Brave Bird|p1a: Clefable\n|-damage|p1a: Clefable|161/293\n|-damage|p2a: Corviknight|116/288|[from] Recoil\n|move|p1a: Clefable|Fire Blast|p2a: Corviknight\n|-supereffective|p2a: Corviknight\n|-damage|p2a: Corviknight|0 fnt\n|faint|p2a: Corviknight\n|\n|-heal|p1a: Clefable|179/293|[from] item: Leftovers\n|upkeep\n|\n|t:|1781435745\n|switch|p2a: Braviary|Braviary, L85, M|309/309\n|turn|40\n|\n|t:|1781435751\n|move|p2a: Braviary|Bulk Up|p2a: Braviary\n|-boost|p2a: Braviary|atk|1\n|-boost|p2a: Braviary|def|1\n|move|p1a: Clefable|Moonblast|p2a: Braviary\n|-damage|p2a: Braviary|201/309\n|\n|-heal|p1a: Clefable|197/293|[from] item: Leftovers\n|upkeep\n|turn|41\n|\n|t:|1781435756\n|move|p2a: Braviary|Brave Bird|p1a: Clefable\n|-damage|p1a: Clefable|8/293\n|-damage|p2a: Braviary|139/309|[from] Recoil\n|move|p1a: Clefable|Calm Mind|p1a: Clefable\n|-boost|p1a: Clefable|spa|1\n|-boost|p1a: Clefable|spd|1\n|\n|-heal|p1a: Clefable|26/293|[from] item: Leftovers\n|upkeep\n|turn|42\n|\n|t:|1781435761\n|move|p2a: Braviary|Brave Bird|p1a: Clefable\n|-damage|p1a: Clefable|0 fnt\n|faint|p1a: Clefable\n|-damage|p2a: Braviary|130/309|[from] Recoil\n|\n|upkeep\n|\n|t:|1781435767\n|switch|p1a: Venusaur|Venusaur, L84, F, tera:Water|219/272 brn\n|-damage|p1a: Venusaur|185/272 brn|[from] Spikes\n|turn|43\n|\n|t:|1781435786\n|-terastallize|p2a: Braviary|Steel\n|move|p2a: Braviary|Roost|p2a: Braviary\n|-heal|p2a: Braviary|285/309\n|move|p1a: Venusaur|Sludge Bomb|p2a: Braviary\n|-immune|p2a: Braviary\n|\n|-heal|p1a: Venusaur|202/272 brn|[from] item: Leftovers\n|-damage|p1a: Venusaur|185/272 brn|[from] brn\n|upkeep\n|turn|44\n|\n|t:|1781435793\n|move|p2a: Braviary|Brave Bird|p1a: Venusaur\n|-damage|p1a: Venusaur|0 fnt\n|faint|p1a: Venusaur\n|-damage|p2a: Braviary|224/309|[from] Recoil\n|\n|upkeep\n|\n|t:|1781435810\n|switch|p1a: Sylveon|Sylveon, L85, F|240/300\n|-damage|p1a: Sylveon|203/300|[from] Spikes\n|turn|45\n|\n|t:|1781435814\n|move|p2a: Braviary|Brave Bird|p1a: Sylveon\n|-damage|p1a: Sylveon|0 fnt\n|faint|p1a: Sylveon\n|-damage|p2a: Braviary|157/309|[from] Recoil\n|\n|upkeep\n|\n|t:|1781435816\n|switch|p1a: Lilligant|Lilligant, L86, F|261/261\n|-damage|p1a: Lilligant|229/261|[from] Spikes\n|turn|46\n|\n|t:|1781435820\n|move|p1a: Lilligant|Sleep Powder|p2a: Braviary\n|-status|p2a: Braviary|slp|[from] move: Sleep Powder\n|cant|p2a: Braviary|slp\n|\n|upkeep\n|turn|47\n|\n|t:|1781435822\n|move|p1a: Lilligant|Quiver Dance|p1a: Lilligant\n|-boost|p1a: Lilligant|spa|1\n|-boost|p1a: Lilligant|spd|1\n|-boost|p1a: Lilligant|spe|1\n|cant|p2a: Braviary|slp\n|\n|upkeep\n|turn|48\n|\n|t:|1781435825\n|move|p1a: Lilligant|Petal Dance|p2a: Braviary\n|-resisted|p2a: Braviary\n|-damage|p2a: Braviary|0 fnt\n|faint|p2a: Braviary\n|-damage|p1a: Lilligant|203/261|[from] item: Life Orb\n|\n|win|Tuki VN\n", "inputlog": ">version a8376a258c1d4662feba110a92103f3664a72141\n>start {\"formatid\":\"gen9randombattle\",\"seed\":\"sodium,1e918d41469bc62085bf8d51353e809a\",\"rated\":\"Rated battle\"}\n>player p1 {\"name\":\"Tuki VN\",\"avatar\":\"lance-gen1rb\",\"rating\":2009,\"seed\":\"sodium,a511bcdd6914c60de9c9148d54269065\"}\n>player p2 {\"name\":\"jenx1\",\"avatar\":\"265\",\"rating\":2029,\"seed\":\"sodium,88593a669931b766b5c3aa63230d53a4\"}\n>p1 switch 5\n>p2 move ironhead\n>p1 move leechseed\n>p2 switch 2\n>p1 move substitute\n>p2 switch 5\n>p1 move leechseed terastallize\n>p2 move tripleaxel\n>p1 move leechseed\n>p2 switch 3\n>p1 switch 3\n>p2 move trailblaze\n>p1 move earthquake\n>p2 switch 3\n>p1 move spikes\n>p2 move spikes\n>p1 move spikes\n>p2 move willowisp\n>p1 move spikes\n>p2 move poltergeist\n>p1 switch 3\n>p2 move poltergeist\n>p1 move leechseed\n>p2 move willowisp\n>p1 move gigadrain\n>p2 switch 5\n>p1 move leechseed\n>p2 move defog\n>p1 move substitute\n>p2 switch 3\n>p1 move leechseed\n>p2 move trailblaze\n>p1 switch 3\n>p2 move gunkshot\n>p1 move earthquake\n>p2 move trailblaze\n>p1 switch 6\n>p1 move dracometeor\n>p2 move earthquake\n>p1 move thunderclap\n>p2 switch 4\n>p1 switch 2\n>p2 move dazzlinggleam\n>p1 switch 3\n>p2 move thunderwave\n>p1 move leechseed\n>p2 switch 3\n>p1 move substitute\n>p2 move roost\n>p1 move gigadrain\n>p2 switch 3\n>p1 move leechseed\n>p2 switch 3\n>p1 move gigadrain\n>p2 switch 3\n>p1 move sludgebomb\n>p2 move wish\n>p2 switch 3\n>p1 switch 2\n>p2 move bravebird\n>p1 move dracometeor\n>p2 switch 2\n>p1 switch 2\n>p2 move earthquake\n>p1 move leechseed\n>p2 switch 2\n>p1 switch 2\n>p2 switch 2\n>p1 move calmmind\n>p2 move earthquake\n>p1 move thunderclap\n>p2 move earthquake\n>p2 switch 5\n>p1 move thunderbolt\n>p2 move poltergeist\n>p1 switch 5\n>p1 move fireblast\n>p2 move spikes\n>p2 switch 4\n>p1 move moonblast\n>p2 move gunkshot\n>p2 switch 2\n>p1 move fireblast\n>p2 move bravebird\n>p2 switch 6\n>p1 move moonblast\n>p2 move bulkup\n>p1 move calmmind\n>p2 move bravebird\n>p1 move moonblast\n>p2 move bravebird\n>p1 switch 2\n>p1 move sludgebomb\n>p2 move roost terastallize\n>p1 move leechseed\n>p2 move bravebird\n>p1 switch 3\n>p1 move hypervoice\n>p2 move bravebird\n>p1 switch 4\n>p1 move sleeppowder\n>p2 move bravebird\n>p1 move quiverdance\n>p2 move bravebird\n>p1 move petaldance\n>p2 move bravebird", "uploadtime": 1781435352, "views": 5, "formatid": "gen9randombattle", "rating": null, "private": 0, "password": null}