{"id": "gen9randombattle-2631913335", "format": "[Gen 9] Random Battle", "players": ["Profschnitzel", "Circz"], "log": "|j|\u2606Profschnitzel\n|j|\u2606Circz\n|t:|1781454985\n|gametype|singles\n|player|p1|Profschnitzel|steven|2051\n|player|p2|Circz|dawn|1983\n|gen|9\n|tier|[Gen 9] Random Battle\n|rated|\n|rule|Species Clause: Limit one of each Pok\u00e9mon\n|rule|HP Percentage Mod: HP is shown in percentages\n|rule|Sleep Clause Mod: Limit one foe put to sleep\n|rule|Illusion Level Mod: Illusion disguises the Pok\u00e9mon's true level\n|\n|t:|1781454985\n|teamsize|p1|6\n|teamsize|p2|6\n|start\n|switch|p1a: Stonjourner|Stonjourner, L91, M|330/330\n|switch|p2a: Falinks|Falinks, L84|246/246\n|turn|1\n|inactive|Battle timer is ON: inactive players will automatically lose when time's up. (requested by Circz)\n|inactive|Profschnitzel also wants the timer to be on.\n|inactive|Circz has 120 seconds left.\n|\n|t:|1781455034\n|move|p1a: Stonjourner|Stealth Rock|p2a: Falinks\n|-sidestart|p2: Circz|move: Stealth Rock\n|move|p2a: Falinks|Knock Off|p1a: Stonjourner\n|-damage|p1a: Stonjourner|269/330\n|-enditem|p1a: Stonjourner|Life Orb|[from] move: Knock Off|[of] p2a: Falinks\n|-damage|p2a: Falinks|222/246|[from] item: Life Orb\n|\n|upkeep\n|turn|2\n|inactive|Profschnitzel has 120 seconds left.\n|inactive|Profschnitzel has 90 seconds left.\n|inactive|Profschnitzel has 60 seconds left.\n|\n|t:|1781455136\n|move|p1a: Stonjourner|Heat Crash|p2a: Falinks\n|-damage|p2a: Falinks|105/246\n|move|p2a: Falinks|No Retreat|p2a: Falinks\n|-boost|p2a: Falinks|atk|1\n|-boost|p2a: Falinks|def|1\n|-boost|p2a: Falinks|spa|1\n|-boost|p2a: Falinks|spd|1\n|-boost|p2a: Falinks|spe|1\n|-start|p2a: Falinks|move: No Retreat\n|\n|upkeep\n|turn|3\n|\n|t:|1781455147\n|move|p2a: Falinks|Close Combat|p1a: Stonjourner\n|-supereffective|p1a: Stonjourner\n|-damage|p1a: Stonjourner|0 fnt\n|-unboost|p2a: Falinks|def|1\n|-unboost|p2a: Falinks|spd|1\n|faint|p1a: Stonjourner\n|-damage|p2a: Falinks|81/246|[from] item: Life Orb\n|\n|upkeep\n|\n|t:|1781455165\n|switch|p1a: Hippowdon|Hippowdon, L82, F|311/311\n|-weather|Sandstorm|[from] ability: Sand Stream|[of] p1a: Hippowdon\n|turn|4\n|\n|t:|1781455174\n|move|p2a: Falinks|Close Combat|p1a: Hippowdon\n|-damage|p1a: Hippowdon|111/311\n|-unboost|p2a: Falinks|def|1\n|-unboost|p2a: Falinks|spd|1\n|-damage|p2a: Falinks|57/246|[from] item: Life Orb\n|move|p1a: Hippowdon|Earthquake|p2a: Falinks\n|-damage|p2a: Falinks|0 fnt\n|faint|p2a: Falinks\n|\n|-weather|Sandstorm|[upkeep]\n|-heal|p1a: Hippowdon|130/311|[from] item: Leftovers\n|upkeep\n|\n|t:|1781455184\n|switch|p2a: Crawdaunt|Crawdaunt, L84, M|243/243\n|-damage|p2a: Crawdaunt|213/243|[from] Stealth Rock\n|turn|5\n|\n|t:|1781455191\n|move|p2a: Crawdaunt|Knock Off|p1a: Hippowdon\n|-damage|p1a: Hippowdon|0 fnt\n|-enditem|p1a: Hippowdon|Leftovers|[from] move: Knock Off|[of] p2a: Crawdaunt\n|faint|p1a: Hippowdon\n|\n|-weather|Sandstorm|[upkeep]\n|-damage|p2a: Crawdaunt|198/243|[from] Sandstorm\n|upkeep\n|\n|t:|1781455193\n|switch|p1a: Chesnaught|Chesnaught, L84, F|285/285\n|turn|6\n|\n|t:|1781455200\n|switch|p2a: Dachsbun|Dachsbun, L92, M|254/254\n|-damage|p2a: Dachsbun|223/254|[from] Stealth Rock\n|move|p1a: Chesnaught|Iron Defense|p1a: Chesnaught\n|-boost|p1a: Chesnaught|def|2\n|\n|-weather|Sandstorm|[upkeep]\n|-damage|p2a: Dachsbun|208/254|[from] Sandstorm\n|-damage|p1a: Chesnaught|268/285|[from] Sandstorm\n|-heal|p2a: Dachsbun|223/254|[from] item: Leftovers\n|-heal|p1a: Chesnaught|285/285|[from] item: Leftovers\n|upkeep\n|turn|7\n|\n|t:|1781455208\n|switch|p2a: Dipplin|Dipplin, L88, F|284/284\n|-damage|p2a: Dipplin|249/284|[from] Stealth Rock\n|move|p1a: Chesnaught|Iron Defense|p1a: Chesnaught\n|-boost|p1a: Chesnaught|def|2\n|\n|-weather|Sandstorm|[upkeep]\n|-damage|p1a: Chesnaught|268/285|[from] Sandstorm\n|-damage|p2a: Dipplin|232/284|[from] Sandstorm\n|-heal|p1a: Chesnaught|285/285|[from] item: Leftovers\n|upkeep\n|turn|8\n|\n|t:|1781455211\n|move|p1a: Chesnaught|Body Press|p2a: Dipplin\n|-damage|p2a: Dipplin|82/284\n|move|p2a: Dipplin|Dragon Tail|p1a: Chesnaught\n|-crit|p1a: Chesnaught\n|-damage|p1a: Chesnaught|210/285\n|drag|p1a: Persian|Persian-Alola, L86, F|252/252\n|\n|-weather|none\n|upkeep\n|turn|9\n|\n|t:|1781455222\n|move|p1a: Persian|Dark Pulse|p2a: Dipplin\n|-damage|p2a: Dipplin|22/284\n|-damage|p1a: Persian|227/252|[from] item: Life Orb\n|move|p2a: Dipplin|Recover|p2a: Dipplin\n|-heal|p2a: Dipplin|164/284\n|\n|upkeep\n|turn|10\n|\n|t:|1781455227\n|switch|p1a: Skuntank|Skuntank, L84, M|310/310\n|move|p2a: Dipplin|Giga Drain|p1a: Skuntank\n|-resisted|p1a: Skuntank\n|-damage|p1a: Skuntank|256/310\n|-heal|p2a: Dipplin|191/284|[from] drain|[of] p1a: Skuntank\n|\n|-heal|p1a: Skuntank|275/310|[from] item: Leftovers\n|upkeep\n|turn|11\n|\n|t:|1781455233\n|switch|p2a: Carbink|Carbink, L90|236/236\n|-damage|p2a: Carbink|207/236|[from] Stealth Rock\n|move|p1a: Skuntank|Toxic Spikes|p2a: Carbink\n|-sidestart|p2: Circz|move: Toxic Spikes\n|\n|-heal|p1a: Skuntank|294/310|[from] item: Leftovers\n|-heal|p2a: Carbink|221/236|[from] item: Leftovers\n|upkeep\n|turn|12\n|\n|t:|1781455243\n|move|p1a: Skuntank|Taunt|p2a: Carbink\n|-start|p2a: Carbink|move: Taunt\n|cant|p2a: Carbink|move: Taunt|Rock Polish\n|\n|-heal|p1a: Skuntank|310/310|[from] item: Leftovers\n|-heal|p2a: Carbink|235/236|[from] item: Leftovers\n|upkeep\n|turn|13\n|\n|t:|1781455246\n|move|p1a: Skuntank|Knock Off|p2a: Carbink\n|-resisted|p2a: Carbink\n|-damage|p2a: Carbink|205/236\n|-enditem|p2a: Carbink|Leftovers|[from] move: Knock Off|[of] p1a: Skuntank\n|move|p2a: Carbink|Moonblast|p1a: Skuntank\n|-damage|p1a: Skuntank|216/310\n|\n|-heal|p1a: Skuntank|235/310|[from] item: Leftovers\n|upkeep\n|turn|14\n|\n|t:|1781455252\n|move|p1a: Skuntank|Toxic Spikes|p2a: Carbink\n|-sidestart|p2: Circz|move: Toxic Spikes\n|move|p2a: Carbink|Moonblast|p1a: Skuntank\n|-damage|p1a: Skuntank|147/310\n|\n|-heal|p1a: Skuntank|166/310|[from] item: Leftovers\n|-end|p2a: Carbink|move: Taunt\n|upkeep\n|turn|15\n|\n|t:|1781455254\n|move|p1a: Skuntank|Taunt|p2a: Carbink\n|-start|p2a: Carbink|move: Taunt\n|move|p2a: Carbink|Body Press|p1a: Skuntank\n|-damage|p1a: Skuntank|59/310\n|\n|-heal|p1a: Skuntank|78/310|[from] item: Leftovers\n|upkeep\n|turn|16\n|\n|t:|1781455258\n|move|p1a: Skuntank|Gunk Shot|p2a: Carbink\n|-damage|p2a: Carbink|133/236\n|move|p2a: Carbink|Moonblast|p1a: Skuntank\n|-damage|p1a: Skuntank|0 fnt\n|faint|p1a: Skuntank\n|\n|upkeep\n|\n|t:|1781455265\n|switch|p1a: Goodra|Goodra-Hisui, L82, M|265/265\n|turn|17\n|\n|t:|1781455267\n|move|p1a: Goodra|Heavy Slam|p2a: Carbink\n|-supereffective|p2a: Carbink\n|-damage|p2a: Carbink|0 fnt\n|faint|p2a: Carbink\n|\n|upkeep\n|\n|t:|1781455270\n|switch|p2a: Crawdaunt|Crawdaunt, L84, M|198/243\n|-damage|p2a: Crawdaunt|168/243|[from] Stealth Rock\n|-status|p2a: Crawdaunt|tox\n|turn|18\n|\n|t:|1781455283\n|switch|p1a: Persian|Persian-Alola, L86, F|227/252\n|move|p2a: Crawdaunt|Close Combat|p1a: Persian\n|-supereffective|p1a: Persian\n|-damage|p1a: Persian|37/252\n|-unboost|p2a: Crawdaunt|def|1\n|-unboost|p2a: Crawdaunt|spd|1\n|\n|-damage|p2a: Crawdaunt|153/243 tox|[from] psn\n|upkeep\n|turn|19\n|\n|t:|1781455293\n|move|p1a: Persian|Thunderbolt|p2a: Crawdaunt\n|-supereffective|p2a: Crawdaunt\n|-damage|p2a: Crawdaunt|0 fnt\n|faint|p2a: Crawdaunt\n|-damage|p1a: Persian|12/252|[from] item: Life Orb\n|\n|upkeep\n|\n|t:|1781455299\n|switch|p2a: Dipplin|Dipplin, L88, F|191/284\n|-damage|p2a: Dipplin|156/284|[from] Stealth Rock\n|-status|p2a: Dipplin|tox\n|turn|20\n|\n|t:|1781455303\n|move|p1a: Persian|Nasty Plot|p1a: Persian\n|-boost|p1a: Persian|spa|2\n|move|p2a: Dipplin|Recover|p2a: Dipplin\n|-heal|p2a: Dipplin|284/284 tox\n|\n|-damage|p2a: Dipplin|267/284 tox|[from] psn\n|upkeep\n|turn|21\n|\n|t:|1781455310\n|move|p1a: Persian|Dark Pulse|p2a: Dipplin\n|-damage|p2a: Dipplin|137/284 tox\n|-damage|p1a: Persian|0 fnt|[from] item: Life Orb\n|faint|p1a: Persian\n|cant|p2a: Dipplin|flinch\n|\n|-damage|p2a: Dipplin|103/284 tox|[from] psn\n|upkeep\n|\n|t:|1781455327\n|switch|p1a: Goodra|Goodra-Hisui, L82, M|265/265\n|turn|22\n|\n|t:|1781455331\n|move|p1a: Goodra|Draco Meteor|p2a: Dipplin\n|-supereffective|p2a: Dipplin\n|-damage|p2a: Dipplin|0 fnt\n|-unboost|p1a: Goodra|spa|2\n|faint|p2a: Dipplin\n|\n|upkeep\n|\n|t:|1781455334\n|switch|p2a: Volcanion|Volcanion, L79|255/255\n|-damage|p2a: Volcanion|192/255|[from] Stealth Rock\n|-status|p2a: Volcanion|tox\n|turn|23\n|\n|t:|1781455341\n|-terastallize|p2a: Volcanion|Fire\n|move|p2a: Volcanion|Flamethrower|p1a: Goodra\n|-damage|p1a: Goodra|199/265\n|move|p1a: Goodra|Earthquake|p2a: Volcanion\n|-supereffective|p2a: Volcanion\n|-damage|p2a: Volcanion|80/255 tox\n|\n|-damage|p2a: Volcanion|65/255 tox|[from] psn\n|upkeep\n|turn|24\n|c|\u2606Profschnitzel|gg\n|\n|t:|1781455359\n|-terastallize|p1a: Goodra|Water\n|move|p2a: Volcanion|Flamethrower|p1a: Goodra\n|-resisted|p1a: Goodra\n|-damage|p1a: Goodra|167/265\n|move|p1a: Goodra|Earthquake|p2a: Volcanion\n|-supereffective|p2a: Volcanion\n|-damage|p2a: Volcanion|0 fnt\n|faint|p2a: Volcanion\n|\n|upkeep\n|c|\u2606Profschnitzel|hold that toxic gurl\n|c|\u2606Profschnitzel|gg\n|c|\u2606Profschnitzel|heavy slam inbound\n|\n|t:|1781455386\n|switch|p2a: Dachsbun|Dachsbun, L92, M|223/254\n|-damage|p2a: Dachsbun|192/254|[from] Stealth Rock\n|-status|p2a: Dachsbun|tox\n|turn|25\n|c|\u2606Profschnitzel|211 defense\n|-message|Circz forfeited.\n|\n|win|Profschnitzel\n", "inputlog": ">version a8376a258c1d4662feba110a92103f3664a72141\n>start {\"formatid\":\"gen9randombattle\",\"seed\":\"sodium,47cb56da049bbdf4e9018d7aeb5dffec\",\"rated\":\"Rated battle\"}\n>player p1 {\"name\":\"Profschnitzel\",\"avatar\":\"steven\",\"rating\":2051,\"seed\":\"sodium,d8733522a240af495abd5ff21204501f\"}\n>player p2 {\"name\":\"Circz\",\"avatar\":\"dawn\",\"rating\":1983,\"seed\":\"sodium,d6e7e815308dd9ec8db4f399429bfbbe\"}\n>p1 move stealthrock\n>p2 move knockoff\n>p1 move heatcrash\n>p2 move noretreat\n>p1 move heatcrash\n>p2 move closecombat\n>p1 switch 5\n>p1 move earthquake\n>p2 move closecombat\n>p2 switch 5\n>p1 move earthquake\n>p2 move knockoff\n>p1 switch 3\n>p1 move irondefense\n>p2 switch 2\n>p1 move irondefense\n>p2 switch 6\n>p1 move bodypress\n>p2 move dragontail\n>p1 move darkpulse\n>p2 move recover\n>p1 switch 4\n>p2 move gigadrain\n>p1 move toxicspikes\n>p2 switch 3\n>p1 move taunt\n>p2 move rockpolish\n>p1 move knockoff\n>p2 move moonblast\n>p1 move toxicspikes\n>p2 move moonblast\n>p1 move taunt\n>p2 move bodypress\n>p1 move gunkshot\n>p2 move moonblast\n>p1 switch 6\n>p1 move heavyslam\n>p2 move bodypress\n>p2 switch 2\n>p1 switch 4\n>p2 move closecombat\n>p1 move thunderbolt\n>p2 move closecombat\n>p2 switch 3\n>p1 move nastyplot\n>p2 move recover\n>p1 move darkpulse\n>p2 move gigadrain\n>p1 switch 4\n>p1 move dracometeor\n>p2 move dragontail\n>p2 switch 4\n>p1 move earthquake\n>p2 move flamethrower terastallize\n>chat \u2606Profschnitzel|gg\n>p1 move earthquake terastallize\n>p2 move flamethrower\n>chat \u2606Profschnitzel|hold that toxic gurl\n>chat \u2606Profschnitzel|gg\n>chat \u2606Profschnitzel|heavy slam inbound\n>p2 switch 6\n>chat \u2606Profschnitzel|211 defense\n>forcelose p2", "uploadtime": 1781454987, "views": 6, "formatid": "gen9randombattle", "rating": null, "private": 0, "password": null}