{"id": "gen9randombattle-2631539050", "format": "[Gen 9] Random Battle", "players": ["Jefejenaro", "CarloBalena"], "log": "|j|\u2606Jefejenaro\n|j|\u2606CarloBalena\n|t:|1781398457\n|gametype|singles\n|player|p1|Jefejenaro|wallace|1961\n|player|p2|CarloBalena|bruno|1946\n|gen|9\n|tier|[Gen 9] Random Battle\n|rated|\n|rule|Species Clause: Limit one of each Pok\u00e9mon\n|rule|HP Percentage Mod: HP is shown in percentages\n|rule|Sleep Clause Mod: Limit one foe put to sleep\n|rule|Illusion Level Mod: Illusion disguises the Pok\u00e9mon's true level\n|\n|t:|1781398457\n|teamsize|p1|6\n|teamsize|p2|6\n|start\n|switch|p1a: Seviper|Seviper, L93, F|287/287\n|switch|p2a: Drednaw|Drednaw, L81, M|278/278\n|turn|1\n|inactive|Battle timer is ON: inactive players will automatically lose when time's up. (requested by Jefejenaro)\n|\n|t:|1781398469\n|switch|p2a: Forretress|Forretress, L84, M|263/263\n|move|p1a: Seviper|Trailblaze|p2a: Forretress\n|-resisted|p2a: Forretress\n|-damage|p2a: Forretress|256/263\n|-boost|p1a: Seviper|spe|1\n|\n|-heal|p2a: Forretress|263/263|[from] item: Leftovers\n|upkeep\n|turn|2\n|\n|t:|1781398485\n|move|p1a: Seviper|Swords Dance|p1a: Seviper\n|-boost|p1a: Seviper|atk|2\n|move|p2a: Forretress|Stealth Rock|p1a: Seviper\n|-sidestart|p1: Jefejenaro|move: Stealth Rock\n|\n|upkeep\n|turn|3\n|\n|t:|1781398490\n|move|p1a: Seviper|Earthquake|p2a: Forretress\n|-damage|p2a: Forretress|144/263\n|move|p2a: Forretress|Iron Head|p1a: Seviper\n|-damage|p1a: Seviper|188/287\n|\n|-heal|p1a: Seviper|205/287|[from] item: Leftovers\n|-heal|p2a: Forretress|160/263|[from] item: Leftovers\n|upkeep\n|turn|4\n|\n|t:|1781398494\n|move|p1a: Seviper|Earthquake|p2a: Forretress\n|-damage|p2a: Forretress|39/263\n|move|p2a: Forretress|Iron Head|p1a: Seviper\n|-damage|p1a: Seviper|106/287\n|\n|-heal|p1a: Seviper|123/287|[from] item: Leftovers\n|-heal|p2a: Forretress|55/263|[from] item: Leftovers\n|upkeep\n|turn|5\n|\n|t:|1781398498\n|move|p1a: Seviper|Earthquake|p2a: Forretress\n|-damage|p2a: Forretress|0 fnt\n|faint|p2a: Forretress\n|\n|-heal|p1a: Seviper|140/287|[from] item: Leftovers\n|upkeep\n|\n|t:|1781398507\n|switch|p2a: Flygon|Flygon, L82, M|265/265\n|turn|6\n|\n|t:|1781398523\n|switch|p1a: Spiritomb|Spiritomb, L89, M|234/234\n|-damage|p1a: Spiritomb|205/234|[from] Stealth Rock\n|move|p2a: Flygon|Dragon Dance|p2a: Flygon\n|-boost|p2a: Flygon|atk|1\n|-boost|p2a: Flygon|spe|1\n|\n|-heal|p1a: Spiritomb|219/234|[from] item: Leftovers\n|upkeep\n|turn|7\n|\n|t:|1781398527\n|move|p2a: Flygon|Earthquake|p1a: Spiritomb\n|-damage|p1a: Spiritomb|87/234\n|move|p1a: Spiritomb|Foul Play|p2a: Flygon\n|-damage|p2a: Flygon|76/265\n|\n|-heal|p1a: Spiritomb|101/234|[from] item: Leftovers\n|upkeep\n|turn|8\n|\n|t:|1781398531\n|move|p1a: Spiritomb|Sucker Punch|p2a: Flygon\n|-damage|p2a: Flygon|0 fnt\n|faint|p2a: Flygon\n|\n|-heal|p1a: Spiritomb|115/234|[from] item: Leftovers\n|upkeep\n|\n|t:|1781398540\n|switch|p2a: Palkia|Palkia, L75|259/259\n|-ability|p2a: Palkia|Pressure\n|turn|9\n|\n|t:|1781398558\n|switch|p1a: Magearna|Magearna, L77|250/250\n|-damage|p1a: Magearna|235/250|[from] Stealth Rock\n|move|p2a: Palkia|Hydro Pump|p1a: Magearna\n|-damage|p1a: Magearna|100/250\n|\n|upkeep\n|turn|10\n|\n|t:|1781398568\n|move|p2a: Palkia|Hydro Pump|p1a: Magearna\n|-damage|p1a: Magearna|0 fnt\n|faint|p1a: Magearna\n|\n|upkeep\n|\n|t:|1781398571\n|switch|p1a: Wyrdeer|Wyrdeer, L87, F|321/321\n|-damage|p1a: Wyrdeer|281/321|[from] Stealth Rock\n|-ability|p1a: Wyrdeer|Intimidate|boost\n|-unboost|p2a: Palkia|atk|1\n|turn|11\n|\n|t:|1781398576\n|switch|p2a: Espeon|Espeon, L84, F|246/246\n|move|p1a: Wyrdeer|Thunder Wave|p2a: Espeon\n|move|p2a: Espeon|Thunder Wave|p1a: Wyrdeer|[from] ability: Magic Bounce\n|-status|p1a: Wyrdeer|par\n|\n|-heal|p1a: Wyrdeer|301/321 par|[from] item: Leftovers\n|upkeep\n|turn|12\n|\n|t:|1781398582\n|switch|p2a: Copperajah|Copperajah, L86, F|349/349\n|cant|p1a: Wyrdeer|par\n|\n|-heal|p1a: Wyrdeer|321/321 par|[from] item: Leftovers\n|upkeep\n|turn|13\n|\n|t:|1781398591\n|move|p2a: Copperajah|Heavy Slam|p1a: Wyrdeer\n|-damage|p1a: Wyrdeer|39/321 par\n|move|p1a: Wyrdeer|Earthquake|p2a: Copperajah\n|-supereffective|p2a: Copperajah\n|-damage|p2a: Copperajah|167/349\n|\n|-heal|p1a: Wyrdeer|59/321 par|[from] item: Leftovers\n|upkeep\n|turn|14\n|\n|t:|1781398597\n|move|p2a: Copperajah|Heavy Slam|p1a: Wyrdeer\n|-damage|p1a: Wyrdeer|0 fnt\n|faint|p1a: Wyrdeer\n|\n|upkeep\n|\n|t:|1781398604\n|switch|p1a: Iron Treads|Iron Treads, L77|265/265\n|-damage|p1a: Iron Treads|257/265|[from] Stealth Rock\n|turn|15\n|\n|t:|1781398613\n|move|p1a: Iron Treads|Earthquake|p2a: Copperajah\n|-supereffective|p2a: Copperajah\n|-damage|p2a: Copperajah|0 fnt\n|faint|p2a: Copperajah\n|\n|upkeep\n|\n|t:|1781398619\n|switch|p2a: Palkia|Palkia, L75|259/259\n|-ability|p2a: Palkia|Pressure\n|turn|16\n|\n|t:|1781398627\n|move|p1a: Iron Treads|Volt Switch|p2a: Palkia\n|-damage|p2a: Palkia|226/259\n|\n|t:|1781398632\n|-end|p1a: Iron Treads|Quark Drive|[silent]\n|switch|p1a: Seviper|Seviper, L93, F|140/287|[from] Volt Switch\n|-damage|p1a: Seviper|105/287|[from] Stealth Rock\n|move|p2a: Palkia|Hydro Pump|p1a: Seviper\n|-damage|p1a: Seviper|0 fnt\n|faint|p1a: Seviper\n|\n|upkeep\n|\n|t:|1781398634\n|switch|p1a: Spidops|Spidops, L96, F|271/271\n|turn|17\n|\n|t:|1781398642\n|move|p2a: Palkia|Fire Blast|p1a: Spidops\n|-supereffective|p1a: Spidops\n|-damage|p1a: Spidops|97/271\n|move|p1a: Spidops|U-turn|p2a: Palkia\n|-damage|p2a: Palkia|141/259\n|\n|t:|1781398650\n|switch|p1a: Iron Treads|Iron Treads, L77|257/265|[from] U-turn\n|-damage|p1a: Iron Treads|249/265|[from] Stealth Rock\n|\n|upkeep\n|turn|18\n|\n|t:|1781398656\n|move|p1a: Iron Treads|Volt Switch|p2a: Palkia\n|-damage|p2a: Palkia|110/259\n|\n|t:|1781398659\n|-end|p1a: Iron Treads|Quark Drive|[silent]\n|switch|p1a: Spidops|Spidops, L96, F|97/271|[from] Volt Switch\n|move|p2a: Palkia|Hydro Pump|p1a: Spidops\n|-damage|p1a: Spidops|0 fnt\n|faint|p1a: Spidops\n|\n|upkeep\n|inactive|Jefejenaro has 120 seconds left.\n|\n|t:|1781398710\n|switch|p1a: Spiritomb|Spiritomb, L89, M|115/234\n|-damage|p1a: Spiritomb|86/234|[from] Stealth Rock\n|turn|19\n|\n|t:|1781398715\n|move|p1a: Spiritomb|Sucker Punch|p2a: Palkia\n|-crit|p2a: Palkia\n|-damage|p2a: Palkia|0 fnt\n|faint|p2a: Palkia\n|\n|-heal|p1a: Spiritomb|100/234|[from] item: Leftovers\n|upkeep\n|\n|t:|1781398719\n|switch|p2a: Drednaw|Drednaw, L81, M|278/278\n|turn|20\n|inactive|Jefejenaro has 120 seconds left.\n|\n|t:|1781398739\n|-terastallize|p2a: Drednaw|Water\n|move|p2a: Drednaw|Liquidation|p1a: Spiritomb\n|-damage|p1a: Spiritomb|4/234\n|move|p1a: Spiritomb|Foul Play|p2a: Drednaw\n|-damage|p2a: Drednaw|154/278\n|\n|-heal|p1a: Spiritomb|18/234|[from] item: Leftovers\n|upkeep\n|turn|21\n|inactive|Jefejenaro has 120 seconds left.\n|\n|t:|1781398751\n|move|p2a: Drednaw|Liquidation|p1a: Spiritomb\n|-damage|p1a: Spiritomb|0 fnt\n|faint|p1a: Spiritomb\n|\n|upkeep\n|\n|t:|1781398753\n|switch|p1a: Iron Treads|Iron Treads, L77|249/265\n|-damage|p1a: Iron Treads|241/265|[from] Stealth Rock\n|turn|22\n|\n|t:|1781398758\n|-terastallize|p1a: Iron Treads|Water\n|move|p1a: Iron Treads|Rapid Spin|p2a: Drednaw\n|-damage|p2a: Drednaw|120/278\n|-boost|p1a: Iron Treads|spe|1\n|-sideend|p1: Jefejenaro|Stealth Rock|[from] move: Rapid Spin|[of] p1a: Iron Treads\n|move|p2a: Drednaw|Shell Smash|p2a: Drednaw\n|-unboost|p2a: Drednaw|def|1\n|-unboost|p2a: Drednaw|spd|1\n|-boost|p2a: Drednaw|atk|2\n|-boost|p2a: Drednaw|spa|2\n|-boost|p2a: Drednaw|spe|2\n|-enditem|p2a: Drednaw|White Herb\n|-clearnegativeboost|p2a: Drednaw|[silent]\n|\n|upkeep\n|turn|23\n|\n|t:|1781398769\n|move|p2a: Drednaw|Earthquake|p1a: Iron Treads\n|-damage|p1a: Iron Treads|120/265\n|move|p1a: Iron Treads|Rapid Spin|p2a: Drednaw\n|-damage|p2a: Drednaw|87/278\n|-boost|p1a: Iron Treads|spe|1\n|\n|upkeep\n|turn|24\n|\n|t:|1781398776\n|move|p1a: Iron Treads|Volt Switch|p2a: Drednaw\n|-supereffective|p2a: Drednaw\n|-damage|p2a: Drednaw|3/278\n|move|p2a: Drednaw|Earthquake|p1a: Iron Treads\n|-damage|p1a: Iron Treads|0 fnt\n|faint|p1a: Iron Treads\n|-end|p1a: Iron Treads|Quark Drive|[silent]\n|\n|win|CarloBalena\n", "inputlog": ">version a8376a258c1d4662feba110a92103f3664a72141\n>start {\"formatid\":\"gen9randombattle\",\"seed\":\"sodium,59a005f208c711e9bf17d9edac07065b\",\"rated\":\"Rated battle\"}\n>player p1 {\"name\":\"Jefejenaro\",\"avatar\":\"wallace\",\"rating\":1961,\"seed\":\"sodium,149569c8929bae74458f6aa6e10e9582\"}\n>player p2 {\"name\":\"CarloBalena\",\"avatar\":\"bruno\",\"rating\":1946,\"seed\":\"sodium,56023c2b48dbc30dd527ec653e571c00\"}\n>p1 move trailblaze\n>p2 switch 2\n>p1 move swordsdance\n>p2 move stealthrock\n>p1 move earthquake\n>p2 move ironhead\n>p1 move earthquake\n>p2 move ironhead\n>p1 move earthquake\n>p2 move ironhead\n>p2 switch 6\n>p1 switch 3\n>p2 move dragondance\n>p1 move foulplay\n>p2 move earthquake\n>p1 move suckerpunch\n>p2 move earthquake\n>p2 switch 3\n>p1 switch 4\n>p2 move hydropump\n>p1 move fleurcannon\n>p2 move hydropump\n>p1 switch 2\n>p1 move thunderwave\n>p2 switch 4\n>p1 move megahorn\n>p2 switch 5\n>p1 move earthquake\n>p2 move heavyslam\n>p1 move earthquake\n>p2 move heavyslam\n>p1 switch 6\n>p1 move earthquake\n>p2 move heavyslam\n>p2 switch 4\n>p1 move voltswitch\n>p2 move hydropump\n>p1 switch 3\n>p1 switch 5\n>p1 move uturn\n>p2 move fireblast\n>p1 switch 3\n>p1 move voltswitch\n>p2 move hydropump\n>p1 switch 3\n>p1 switch 4\n>p1 move suckerpunch\n>p2 move dracometeor\n>p2 switch 2\n>p1 move foulplay\n>p2 move liquidation terastallize\n>p1 move foulplay\n>p2 move liquidation\n>p1 switch 3\n>p1 move rapidspin terastallize\n>p2 move shellsmash\n>p1 move rapidspin\n>p2 move earthquake\n>p1 move voltswitch\n>p2 move earthquake", "uploadtime": 1781398458, "views": 9, "formatid": "gen9randombattle", "rating": null, "private": 0, "password": null}