{"id": "gen9randombattle-2631894740", "format": "[Gen 9] Random Battle", "players": ["bimiuchiratnhieu", "malpicatepica"], "log": "|j|\u2606bimiuchiratnhieu\n|j|\u2606malpicatepica\n|t:|1781452986\n|gametype|singles\n|player|p1|bimiuchiratnhieu|hilda|1986\n|player|p2|malpicatepica|266|2017\n|gen|9\n|tier|[Gen 9] Random Battle\n|rated|\n|rule|Species Clause: Limit one of each Pok\u00e9mon\n|rule|HP Percentage Mod: HP is shown in percentages\n|rule|Sleep Clause Mod: Limit one foe put to sleep\n|rule|Illusion Level Mod: Illusion disguises the Pok\u00e9mon's true level\n|\n|t:|1781452986\n|teamsize|p1|6\n|teamsize|p2|6\n|start\n|switch|p1a: Vivillon|Vivillon-Marine, L83, M|268/268\n|switch|p2a: Alcremie|Alcremie, L90, F|219/219\n|turn|1\n|inactive|Battle timer is ON: inactive players will automatically lose when time's up. (requested by malpicatepica)\n|inactive|bimiuchiratnhieu also wants the timer to be on.\n|\n|t:|1781453010\n|switch|p2a: Gholdengo|Gholdengo, L77|261/261\n|move|p1a: Vivillon|Sleep Powder|p2a: Gholdengo\n|-immune|p2a: Gholdengo|[from] ability: Good as Gold\n|\n|upkeep\n|turn|2\n|\n|t:|1781453014\n|switch|p1a: Araquanid|Araquanid, L82, F|246/246\n|move|p2a: Gholdengo|Nasty Plot|p2a: Gholdengo\n|-boost|p2a: Gholdengo|spa|2\n|\n|upkeep\n|turn|3\n|\n|t:|1781453017\n|move|p2a: Gholdengo|Shadow Ball|p1a: Araquanid\n|-damage|p1a: Araquanid|111/246\n|move|p1a: Araquanid|Sticky Web|p2a: Gholdengo\n|-sidestart|p2: malpicatepica|move: Sticky Web\n|\n|upkeep\n|turn|4\n|\n|t:|1781453026\n|move|p2a: Gholdengo|Shadow Ball|p1a: Araquanid\n|-damage|p1a: Araquanid|0 fnt\n|faint|p1a: Araquanid\n|\n|upkeep\n|\n|t:|1781453041\n|switch|p1a: Regidrago|Regidrago, L77|435/435\n|turn|5\n|\n|t:|1781453044\n|move|p1a: Regidrago|Earthquake|p2a: Gholdengo\n|-supereffective|p2a: Gholdengo\n|-damage|p2a: Gholdengo|133/261\n|move|p2a: Gholdengo|Make It Rain|p1a: Regidrago\n|-damage|p1a: Regidrago|30/435\n|-unboost|p2a: Gholdengo|spa|1\n|\n|-heal|p2a: Gholdengo|149/261|[from] item: Leftovers\n|upkeep\n|turn|6\n|\n|t:|1781453049\n|move|p1a: Regidrago|Earthquake|p2a: Gholdengo\n|-supereffective|p2a: Gholdengo\n|-damage|p2a: Gholdengo|25/261\n|move|p2a: Gholdengo|Shadow Ball|p1a: Regidrago\n|-damage|p1a: Regidrago|0 fnt\n|faint|p1a: Regidrago\n|\n|-heal|p2a: Gholdengo|41/261|[from] item: Leftovers\n|upkeep\n|\n|t:|1781453070\n|switch|p1a: Vivillon|Vivillon-Marine, L83, M|268/268\n|turn|7\n|\n|t:|1781453073\n|move|p1a: Vivillon|Hurricane|p2a: Gholdengo|[miss]\n|-miss|p1a: Vivillon|p2a: Gholdengo\n|move|p2a: Gholdengo|Make It Rain|p1a: Vivillon\n|-damage|p1a: Vivillon|0 fnt\n|-unboost|p2a: Gholdengo|spa|1\n|faint|p1a: Vivillon\n|\n|-heal|p2a: Gholdengo|57/261|[from] item: Leftovers\n|upkeep\n|\n|t:|1781453079\n|switch|p1a: Slowbro|Slowbro-Galar, L87, M|307/307\n|turn|8\n|\n|t:|1781453081\n|move|p2a: Gholdengo|Shadow Ball|p1a: Slowbro\n|-supereffective|p1a: Slowbro\n|-damage|p1a: Slowbro|163/307\n|-unboost|p1a: Slowbro|spd|1\n|move|p1a: Slowbro|Foul Play|p2a: Gholdengo\n|-supereffective|p2a: Gholdengo\n|-damage|p2a: Gholdengo|0 fnt\n|faint|p2a: Gholdengo\n|\n|upkeep\n|\n|t:|1781453084\n|switch|p2a: Houndoom|Houndoom, L87, F|272/272\n|turn|9\n|\n|t:|1781453097\n|switch|p1a: Houndstone|Houndstone, L86, F|264/264\n|move|p2a: Houndoom|Dark Pulse|p1a: Houndstone\n|-supereffective|p1a: Houndstone\n|-damage|p1a: Houndstone|66/264\n|\n|upkeep\n|turn|10\n|\n|t:|1781453107\n|move|p1a: Houndstone|Shadow Sneak|p2a: Houndoom\n|-resisted|p2a: Houndoom\n|-damage|p2a: Houndoom|220/272\n|move|p2a: Houndoom|Fire Blast|p1a: Houndstone\n|-damage|p1a: Houndstone|0 fnt\n|faint|p1a: Houndstone\n|\n|upkeep\n|\n|t:|1781453108\n|switch|p1a: Jirachi|Jirachi, L80|291/291\n|turn|11\n|\n|t:|1781453116\n|switch|p2a: Pachirisu|Pachirisu, L96, M|271/271\n|-terastallize|p1a: Jirachi|Water\n|move|p1a: Jirachi|Body Slam|p2a: Pachirisu\n|-damage|p2a: Pachirisu|214/271\n|\n|upkeep\n|turn|12\n|\n|t:|1781453122\n|switch|p1a: Slowbro|Slowbro-Galar, L87, M|265/307\n|move|p2a: Pachirisu|Discharge|p1a: Slowbro\n|-damage|p1a: Slowbro|216/307\n|\n|upkeep\n|turn|13\n|\n|t:|1781453127\n|move|p2a: Pachirisu|U-turn|p1a: Slowbro\n|-damage|p1a: Slowbro|181/307\n|\n|t:|1781453129\n|switch|p2a: Milotic|Milotic, L83, F|293/293|[from] U-turn\n|-activate|p2a: Milotic|move: Sticky Web\n|-unboost|p2a: Milotic|spe|1\n|-ability|p2a: Milotic|Competitive|boost\n|-boost|p2a: Milotic|spa|2\n|move|p1a: Slowbro|Shell Side Arm|p2a: Milotic|[anim] Shell Side Arm Physical\n|-damage|p2a: Milotic|184/293\n|-hint|Physical Shell Side Arm\n|\n|-heal|p2a: Milotic|202/293|[from] item: Leftovers\n|upkeep\n|turn|14\n|\n|t:|1781453134\n|move|p2a: Milotic|Scald|p1a: Slowbro\n|-damage|p1a: Slowbro|60/307\n|-status|p1a: Slowbro|brn\n|move|p1a: Slowbro|Shell Side Arm|p2a: Milotic|[anim] Shell Side Arm Physical\n|-damage|p2a: Milotic|144/293\n|-hint|Physical Shell Side Arm\n|\n|-heal|p2a: Milotic|162/293|[from] item: Leftovers\n|-damage|p1a: Slowbro|41/307 brn|[from] brn\n|upkeep\n|turn|15\n|\n|t:|1781453140\n|move|p2a: Milotic|Scald|p1a: Slowbro\n|-damage|p1a: Slowbro|0 fnt\n|faint|p1a: Slowbro\n|\n|-heal|p2a: Milotic|180/293|[from] item: Leftovers\n|upkeep\n|\n|t:|1781453141\n|switch|p1a: Jirachi|Jirachi, L80, tera:Water|291/291\n|turn|16\n|\n|t:|1781453144\n|move|p1a: Jirachi|Body Slam|p2a: Milotic\n|-damage|p2a: Milotic|115/293\n|move|p2a: Milotic|Scald|p1a: Jirachi\n|-resisted|p1a: Jirachi\n|-damage|p1a: Jirachi|214/291\n|\n|-heal|p1a: Jirachi|232/291|[from] item: Leftovers\n|-heal|p2a: Milotic|133/293|[from] item: Leftovers\n|upkeep\n|turn|17\n|\n|t:|1781453148\n|move|p1a: Jirachi|Body Slam|p2a: Milotic\n|-damage|p2a: Milotic|67/293\n|move|p2a: Milotic|Recover|p2a: Milotic\n|-heal|p2a: Milotic|214/293\n|\n|-heal|p1a: Jirachi|250/291|[from] item: Leftovers\n|-heal|p2a: Milotic|232/293|[from] item: Leftovers\n|upkeep\n|turn|18\n|\n|t:|1781453151\n|move|p1a: Jirachi|Body Slam|p2a: Milotic\n|-damage|p2a: Milotic|174/293\n|move|p2a: Milotic|Scald|p1a: Jirachi\n|-resisted|p1a: Jirachi\n|-damage|p1a: Jirachi|171/291\n|-status|p1a: Jirachi|brn\n|\n|-heal|p1a: Jirachi|189/291 brn|[from] item: Leftovers\n|-heal|p2a: Milotic|192/293|[from] item: Leftovers\n|-damage|p1a: Jirachi|171/291 brn|[from] brn\n|upkeep\n|turn|19\n|c|\u2606bimiuchiratnhieu|serene grace wtf\n|-message|bimiuchiratnhieu forfeited.\n|\n|win|malpicatepica\n", "inputlog": ">version a8376a258c1d4662feba110a92103f3664a72141\n>start {\"formatid\":\"gen9randombattle\",\"seed\":\"sodium,6d42840b7815ca7f7be178737db8b5d6\",\"rated\":\"Rated battle\"}\n>player p1 {\"name\":\"bimiuchiratnhieu\",\"avatar\":\"hilda\",\"rating\":1986,\"seed\":\"sodium,c018801f1016ac562e7b1049b242e3ef\"}\n>player p2 {\"name\":\"malpicatepica\",\"avatar\":\"266\",\"rating\":2017,\"seed\":\"sodium,7eaf7e7d83c71794cd6aeed95dc15617\"}\n>p1 move sleeppowder\n>p2 switch 4\n>p1 switch 2\n>p2 move nastyplot\n>p1 move stickyweb\n>p2 move shadowball\n>p1 move hydropump\n>p2 move shadowball\n>p1 switch 6\n>p1 move earthquake\n>p2 move makeitrain\n>p1 move earthquake\n>p2 move shadowball\n>p1 switch 2\n>p1 move hurricane\n>p2 move makeitrain\n>p1 switch 5\n>p1 move foulplay\n>p2 move shadowball\n>p2 switch 5\n>p1 switch 4\n>p2 move darkpulse\n>p1 move shadowsneak\n>p2 move fireblast\n>p1 switch 3\n>p1 move bodyslam terastallize\n>p2 switch 2\n>p1 switch 4\n>p2 move discharge\n>p1 move shellsidearm\n>p2 move uturn\n>p2 switch 3\n>p1 move shellsidearm\n>p2 move scald\n>p1 move shellsidearm\n>p2 move scald\n>p1 switch 4\n>p1 move bodyslam\n>p2 move scald\n>p1 move bodyslam\n>p2 move recover\n>p1 move bodyslam\n>p2 move scald\n>chat \u2606bimiuchiratnhieu|serene grace wtf\n>forcelose p1", "uploadtime": 1781452988, "views": 8, "formatid": "gen9randombattle", "rating": null, "private": 0, "password": null}