{"id": "gen9randombattle-2631396711", "format": "[Gen 9] Random Battle", "players": ["blazakinlion", "Izcanas"], "log": "|j|\u2606blazakinlion\n|j|\u2606Izcanas\n|t:|1781379708\n|gametype|singles\n|player|p1|blazakinlion|102|1062\n|player|p2|Izcanas|170|1036\n|gen|9\n|tier|[Gen 9] Random Battle\n|rated|\n|rule|Species Clause: Limit one of each Pok\u00e9mon\n|rule|HP Percentage Mod: HP is shown in percentages\n|rule|Sleep Clause Mod: Limit one foe put to sleep\n|rule|Illusion Level Mod: Illusion disguises the Pok\u00e9mon's true level\n|\n|t:|1781379708\n|teamsize|p1|6\n|teamsize|p2|6\n|start\n|switch|p1a: Magnezone|Magnezone, L85|258/258\n|switch|p2a: Giratina|Giratina, L75|349/349\n|-ability|p2a: Giratina|Pressure\n|turn|1\n|inactive|Battle timer is ON: inactive players will automatically lose when time's up. (requested by blazakinlion)\n|c|\u2606blazakinlion|im gonna kick ur ass\n|\n|t:|1781379739\n|move|p1a: Magnezone|Flash Cannon|p2a: Giratina\n|-damage|p2a: Giratina|243/349\n|move|p2a: Giratina|Calm Mind|p2a: Giratina\n|-boost|p2a: Giratina|spa|1\n|-boost|p2a: Giratina|spd|1\n|\n|-heal|p2a: Giratina|264/349|[from] item: Leftovers\n|upkeep\n|turn|2\n|\n|t:|1781379763\n|move|p1a: Magnezone|Flash Cannon|p2a: Giratina\n|-damage|p2a: Giratina|201/349\n|move|p2a: Giratina|Dragon Pulse|p1a: Magnezone\n|-resisted|p1a: Magnezone\n|-damage|p1a: Magnezone|201/258\n|\n|-heal|p2a: Giratina|222/349|[from] item: Leftovers\n|upkeep\n|turn|3\n|\n|t:|1781379772\n|move|p1a: Magnezone|Flash Cannon|p2a: Giratina\n|-damage|p2a: Giratina|155/349\n|move|p2a: Giratina|Calm Mind|p2a: Giratina\n|-boost|p2a: Giratina|spa|1\n|-boost|p2a: Giratina|spd|1\n|\n|-heal|p2a: Giratina|176/349|[from] item: Leftovers\n|upkeep\n|turn|4\n|inactive|blazakinlion has 120 seconds left.\n|\n|t:|1781379824\n|move|p1a: Magnezone|Flash Cannon|p2a: Giratina\n|-damage|p2a: Giratina|128/349\n|-unboost|p2a: Giratina|spd|1\n|move|p2a: Giratina|Calm Mind|p2a: Giratina\n|-boost|p2a: Giratina|spa|1\n|-boost|p2a: Giratina|spd|1\n|\n|-heal|p2a: Giratina|149/349|[from] item: Leftovers\n|upkeep\n|turn|5\n|\n|t:|1781379834\n|move|p1a: Magnezone|Flash Cannon|p2a: Giratina\n|-damage|p2a: Giratina|104/349\n|move|p2a: Giratina|Dragon Pulse|p1a: Magnezone\n|-resisted|p1a: Magnezone\n|-damage|p1a: Magnezone|104/258\n|\n|-heal|p2a: Giratina|125/349|[from] item: Leftovers\n|upkeep\n|turn|6\n|\n|t:|1781379857\n|move|p1a: Magnezone|Flash Cannon|p2a: Giratina\n|-damage|p2a: Giratina|80/349\n|-unboost|p2a: Giratina|spd|1\n|move|p2a: Giratina|Dragon Pulse|p1a: Magnezone\n|-resisted|p1a: Magnezone\n|-damage|p1a: Magnezone|8/258\n|\n|-heal|p2a: Giratina|101/349|[from] item: Leftovers\n|upkeep\n|turn|7\n|\n|t:|1781379864\n|move|p1a: Magnezone|Flash Cannon|p2a: Giratina\n|-damage|p2a: Giratina|35/349\n|move|p2a: Giratina|Rest|p2a: Giratina\n|-status|p2a: Giratina|slp|[from] move: Rest\n|-heal|p2a: Giratina|349/349 slp|[silent]\n|\n|upkeep\n|turn|8\n|\n|t:|1781379872\n|switch|p1a: Golurk|Golurk, L87|297/297\n|cant|p2a: Giratina|slp\n|\n|upkeep\n|turn|9\n|\n|t:|1781379881\n|cant|p2a: Giratina|slp\n|move|p1a: Golurk|Poltergeist|p2a: Giratina\n|-activate|p2a: Giratina|move: Poltergeist|Leftovers\n|-supereffective|p2a: Giratina\n|-damage|p2a: Giratina|0 fnt\n|faint|p2a: Giratina\n|\n|upkeep\n|inactive|Izcanas has 120 seconds left.\n|\n|t:|1781379929\n|switch|p2a: Maushold|Maushold, L76|238/238\n|turn|10\n|inactive|blazakinlion has 120 seconds left.\n|\n|t:|1781379951\n|switch|p1a: Magnezone|Magnezone, L85|8/258\n|move|p2a: Maushold|Bite|p1a: Magnezone\n|-damage|p1a: Magnezone|0 fnt\n|faint|p1a: Magnezone\n|\n|upkeep\n|inactive|blazakinlion has 120 seconds left.\n|\n|t:|1781379973\n|switch|p1a: Basculin|Basculin, L86, F|261/261\n|turn|11\n|inactive|Izcanas has 120 seconds left.\n|\n|t:|1781379998\n|move|p1a: Basculin|Wave Crash|p2a: Maushold\n|-damage|p2a: Maushold|0 fnt\n|faint|p2a: Maushold\n|-damage|p1a: Basculin|182/261|[from] Recoil\n|\n|upkeep\n|-message|Izcanas forfeited.\n|\n|win|blazakinlion\n", "uploadtime": 1781379724, "views": 5, "formatid": "gen9randombattle", "rating": null, "private": 0, "password": null}