{"id": "gen9randombattle-2631753357", "format": "[Gen 9] Random Battle", "players": ["jezzquin", "FrankRayquaza"], "log": "|badge|p2|silver|gen9randombattle|30-9\n|uhtml|medal-msg|<div class=\"broadcast-blue\">Curious what those medals under the avatar are? PS now has Ladder Seasons! For more information, check out the <a href=\"https://www.smogon.com/forums/threads/3740067/\">thread on Smogon.</a></div>\n|j|\u2606jezzquin\n|j|\u2606FrankRayquaza\n|t:|1781434114\n|gametype|singles\n|player|p1|jezzquin|169|2154\n|player|p2|FrankRayquaza|cheren-gen5bw2|2341\n|gen|9\n|tier|[Gen 9] Random Battle\n|rated|\n|rule|Species Clause: Limit one of each Pok\u00e9mon\n|rule|HP Percentage Mod: HP is shown in percentages\n|rule|Sleep Clause Mod: Limit one foe put to sleep\n|rule|Illusion Level Mod: Illusion disguises the Pok\u00e9mon's true level\n|\n|t:|1781434114\n|teamsize|p1|6\n|teamsize|p2|6\n|start\n|switch|p1a: Vivillon|Vivillon-Tundra, L83, F|268/268\n|switch|p2a: Tauros|Tauros-Paldea-Combat, L82, M|257/257\n|-ability|p2a: Tauros|Intimidate|boost\n|-unboost|p1a: Vivillon|atk|1\n|turn|1\n|inactive|Battle timer is ON: inactive players will automatically lose when time's up. (requested by jezzquin)\n|\n|t:|1781434143\n|switch|p1a: Annihilape|Annihilape, L76, F|292/292\n|move|p2a: Tauros|Stone Edge|p1a: Annihilape\n|-resisted|p1a: Annihilape\n|-damage|p1a: Annihilape|231/292\n|-damage|p2a: Tauros|232/257|[from] item: Life Orb\n|\n|-heal|p1a: Annihilape|249/292|[from] item: Leftovers\n|upkeep\n|turn|2\n|\n|t:|1781434149\n|switch|p2a: Toxapex|Toxapex, L82, M|216/216\n|move|p1a: Annihilape|Rage Fist|p2a: Toxapex\n|-damage|p2a: Toxapex|144/216\n|-damage|p1a: Annihilape|201/292|[from] item: Rocky Helmet|[of] p2a: Toxapex\n|\n|-heal|p1a: Annihilape|219/292|[from] item: Leftovers\n|upkeep\n|turn|3\n|\n|t:|1781434157\n|move|p1a: Annihilape|Taunt|p2a: Toxapex\n|-start|p2a: Toxapex|move: Taunt\n|cant|p2a: Toxapex|move: Taunt|Toxic Spikes\n|\n|-heal|p1a: Annihilape|237/292|[from] item: Leftovers\n|upkeep\n|turn|4\n|\n|t:|1781434167\n|switch|p2a: Pelipper|Pelipper, L86, F|243/243\n|-weather|RainDance|[from] ability: Drizzle|[of] p2a: Pelipper\n|move|p1a: Annihilape|Bulk Up|p1a: Annihilape\n|-boost|p1a: Annihilape|atk|1\n|-boost|p1a: Annihilape|def|1\n|\n|-weather|RainDance|[upkeep]\n|-heal|p1a: Annihilape|255/292|[from] item: Leftovers\n|upkeep\n|turn|5\n|\n|t:|1781434178\n|switch|p1a: Eelektross|Eelektross, L87, M|290/290\n|move|p2a: Pelipper|Hurricane|p1a: Eelektross\n|-resisted|p1a: Eelektross\n|-damage|p1a: Eelektross|230/290\n|\n|-weather|RainDance|[upkeep]\n|upkeep\n|turn|6\n|\n|t:|1781434189\n|switch|p2a: Gholdengo|Gholdengo, L77|261/261\n|move|p1a: Eelektross|U-turn|p2a: Gholdengo\n|-resisted|p2a: Gholdengo\n|-damage|p2a: Gholdengo|245/261\n|j| Crinjal\n|inactive|jezzquin has 120 seconds left.\n|\n|t:|1781434240\n|switch|p1a: Solgaleo|Solgaleo, L74|325/325|[from] U-turn\n|\n|-weather|RainDance|[upkeep]\n|-heal|p2a: Gholdengo|261/261|[from] item: Leftovers\n|upkeep\n|turn|7\n|\n|t:|1781434251\n|switch|p2a: Toxapex|Toxapex, L82, M|216/216\n|move|p1a: Solgaleo|Flame Charge|p2a: Toxapex\n|-resisted|p2a: Toxapex\n|-damage|p2a: Toxapex|211/216\n|-boost|p1a: Solgaleo|spe|1\n|-damage|p1a: Solgaleo|271/325|[from] item: Rocky Helmet|[of] p2a: Toxapex\n|\n|-weather|RainDance|[upkeep]\n|upkeep\n|turn|8\n|\n|t:|1781434263\n|move|p1a: Solgaleo|Psychic|p2a: Toxapex\n|-supereffective|p2a: Toxapex\n|-damage|p2a: Toxapex|91/216\n|move|p2a: Toxapex|Toxic Spikes|p1a: Solgaleo\n|-sidestart|p1: jezzquin|move: Toxic Spikes\n|\n|-weather|none\n|upkeep\n|turn|9\n|\n|t:|1781434270\n|switch|p2a: Umbreon|Umbreon, L84, M|297/297\n|move|p1a: Solgaleo|Psychic|p2a: Umbreon\n|-immune|p2a: Umbreon\n|\n|upkeep\n|turn|10\n|\n|t:|1781434282\n|switch|p1a: Perrserker|Perrserker, L89, M|269/269\n|move|p2a: Umbreon|Wish|p2a: Umbreon\n|\n|upkeep\n|turn|11\n|\n|t:|1781434289\n|switch|p2a: Pelipper|Pelipper, L86, F|243/243\n|-weather|RainDance|[from] ability: Drizzle|[of] p2a: Pelipper\n|move|p1a: Perrserker|Stealth Rock|p2a: Pelipper\n|-sidestart|p2: FrankRayquaza|move: Stealth Rock\n|\n|-weather|RainDance|[upkeep]\n|upkeep\n|turn|12\n|\n|t:|1781434308\n|switch|p1a: Eelektross|Eelektross, L87, M|230/290\n|move|p2a: Pelipper|Weather Ball|p1a: Eelektross\n|-damage|p1a: Eelektross|59/290\n|\n|-weather|RainDance|[upkeep]\n|upkeep\n|turn|13\n|\n|t:|1781434320\n|move|p2a: Pelipper|Weather Ball|p1a: Eelektross\n|-damage|p1a: Eelektross|0 fnt\n|faint|p1a: Eelektross\n|\n|-weather|RainDance|[upkeep]\n|upkeep\n|inactive|jezzquin has 90 seconds left.\n|\n|t:|1781434340\n|switch|p1a: Vivillon|Vivillon-Tundra, L83, F|268/268\n|turn|14\n|\n|t:|1781434346\n|switch|p1a: Solgaleo|Solgaleo, L74|271/325\n|move|p2a: Pelipper|Weather Ball|p1a: Solgaleo\n|-damage|p1a: Solgaleo|12/325\n|\n|-weather|RainDance|[upkeep]\n|upkeep\n|turn|15\n|\n|t:|1781434355\n|switch|p2a: Houndoom|Houndoom, L87, F|272/272\n|move|p1a: Solgaleo|Psychic|p2a: Houndoom\n|-immune|p2a: Houndoom\n|\n|-weather|none\n|upkeep\n|turn|16\n|\n|t:|1781434366\n|move|p2a: Houndoom|Nasty Plot|p2a: Houndoom\n|-boost|p2a: Houndoom|spa|2\n|move|p1a: Solgaleo|Earthquake|p2a: Houndoom\n|-supereffective|p2a: Houndoom\n|-damage|p2a: Houndoom|60/272\n|\n|upkeep\n|turn|17\n|\n|t:|1781434373\n|move|p2a: Houndoom|Dark Pulse|p1a: Solgaleo\n|-supereffective|p1a: Solgaleo\n|-damage|p1a: Solgaleo|0 fnt\n|faint|p1a: Solgaleo\n|\n|upkeep\n|\n|t:|1781434375\n|switch|p1a: Dodrio|Dodrio, L85, F|241/241\n|turn|18\n|\n|t:|1781434383\n|move|p2a: Houndoom|Sucker Punch|p1a: Dodrio\n|-damage|p1a: Dodrio|151/241\n|move|p1a: Dodrio|Brave Bird|p2a: Houndoom\n|-damage|p2a: Houndoom|0 fnt\n|faint|p2a: Houndoom\n|-damage|p1a: Dodrio|131/241|[from] Recoil\n|\n|upkeep\n|\n|t:|1781434404\n|switch|p2a: Gholdengo|Gholdengo, L77|261/261\n|-damage|p2a: Gholdengo|245/261|[from] Stealth Rock\n|turn|19\n|inactive|jezzquin has 120 seconds left.\n|\n|t:|1781434420\n|move|p1a: Dodrio|Swords Dance|p1a: Dodrio\n|-boost|p1a: Dodrio|atk|2\n|move|p2a: Gholdengo|Nasty Plot|p2a: Gholdengo\n|-boost|p2a: Gholdengo|spa|2\n|\n|-heal|p2a: Gholdengo|261/261|[from] item: Leftovers\n|upkeep\n|turn|20\n|c| Crinjal|John Rayquaza will probably win\n|inactive|jezzquin has 120 seconds left.\n|\n|t:|1781434426\n|switch|p2a: Tauros|Tauros-Paldea-Combat, L82, M|232/257\n|-damage|p2a: Tauros|216/257|[from] Stealth Rock\n|-ability|p2a: Tauros|Intimidate|boost\n|-unboost|p1a: Dodrio|atk|1\n|move|p1a: Dodrio|Knock Off|p2a: Tauros\n|-resisted|p2a: Tauros\n|-damage|p2a: Tauros|166/257\n|-enditem|p2a: Tauros|Life Orb|[from] move: Knock Off|[of] p1a: Dodrio\n|\n|upkeep\n|turn|21\n|inactive|jezzquin has 120 seconds left.\n|\n|t:|1781434437\n|move|p1a: Dodrio|Brave Bird|p2a: Tauros\n|-supereffective|p2a: Tauros\n|-damage|p2a: Tauros|0 fnt\n|faint|p2a: Tauros\n|-damage|p1a: Dodrio|76/241|[from] Recoil\n|\n|upkeep\n|\n|t:|1781434444\n|switch|p2a: Gholdengo|Gholdengo, L77|261/261\n|-damage|p2a: Gholdengo|245/261|[from] Stealth Rock\n|turn|22\n|\n|t:|1781434448\n|move|p1a: Dodrio|Knock Off|p2a: Gholdengo\n|-supereffective|p2a: Gholdengo\n|-damage|p2a: Gholdengo|7/261\n|-enditem|p2a: Gholdengo|Leftovers|[from] move: Knock Off|[of] p1a: Dodrio\n|move|p2a: Gholdengo|Focus Blast|p1a: Dodrio\n|-damage|p1a: Dodrio|0 fnt\n|faint|p1a: Dodrio\n|\n|upkeep\n|inactive|jezzquin has 120 seconds left.\n|\n|t:|1781434469\n|switch|p1a: Vivillon|Vivillon-Tundra, L83, F|268/268\n|turn|23\n|\n|t:|1781434476\n|switch|p2a: Toxapex|Toxapex, L82, M|163/216\n|-damage|p2a: Toxapex|136/216|[from] Stealth Rock\n|move|p1a: Vivillon|Bug Buzz|p2a: Toxapex\n|-resisted|p2a: Toxapex\n|-damage|p2a: Toxapex|104/216\n|\n|upkeep\n|turn|24\n|j| Ronnyburgundy\n|\n|t:|1781434487\n|move|p1a: Vivillon|Sleep Powder|p2a: Toxapex\n|-status|p2a: Toxapex|slp|[from] move: Sleep Powder\n|cant|p2a: Toxapex|slp\n|\n|upkeep\n|turn|25\n|\n|t:|1781434512\n|switch|p2a: Pelipper|Pelipper, L86, F|243/243\n|-damage|p2a: Pelipper|183/243|[from] Stealth Rock\n|-weather|RainDance|[from] ability: Drizzle|[of] p2a: Pelipper\n|move|p1a: Vivillon|Quiver Dance|p1a: Vivillon\n|-boost|p1a: Vivillon|spa|1\n|-boost|p1a: Vivillon|spd|1\n|-boost|p1a: Vivillon|spe|1\n|\n|-weather|RainDance|[upkeep]\n|upkeep\n|turn|26\n|c| Crinjal|nvm i said that before gholdengo and tauros got wasted for no reason\n|inactive|jezzquin has 120 seconds left.\n|inactive|FrankRayquaza has 120 seconds left.\n|c|\u2606FrankRayquaza|crinjal i just noticed now uve been writing\n|inactive|jezzquin has 90 seconds left.\n|inactive|FrankRayquaza has 90 seconds left.\n|c|\u2606FrankRayquaza|do everybody a favor and stfu\n|inactive|FrankRayquaza has 60 seconds left.\n|c|\u2606FrankRayquaza|if u wonna talk go play ur own match and put your hands where ur mouth is\n|c| Crinjal|damn brainrot kids can't take constructive criticisms these days\n|inactive|FrankRayquaza has 30 seconds left.\n|c| Crinjal|i said just simple stuff that i observed\n|l| Ronnyburgundy\n|inactive|FrankRayquaza has 20 seconds left.\n|inactive|FrankRayquaza has 15 seconds left.\n|inactive|FrankRayquaza has 10 seconds left.\n|\n|t:|1781434656\n|-terastallize|p1a: Vivillon|Flying\n|move|p1a: Vivillon|Quiver Dance|p1a: Vivillon\n|-boost|p1a: Vivillon|spa|1\n|-boost|p1a: Vivillon|spd|1\n|-boost|p1a: Vivillon|spe|1\n|move|p2a: Pelipper|Hurricane|p1a: Vivillon\n|-damage|p1a: Vivillon|142/268\n|\n|-weather|RainDance|[upkeep]\n|upkeep\n|turn|27\n|inactive|FrankRayquaza has 20 seconds left this turn.\n|inactive|jezzquin has 90 seconds left.\n|inactive|FrankRayquaza has 15 seconds left.\n|inactive|FrankRayquaza has 10 seconds left.\n|\n|t:|1781434670\n|move|p1a: Vivillon|Hurricane|p2a: Pelipper\n|-damage|p2a: Pelipper|0 fnt\n|faint|p2a: Pelipper\n|\n|-weather|RainDance|[upkeep]\n|upkeep\n|inactive|FrankRayquaza has 15 seconds left this turn.\n|\n|t:|1781434673\n|switch|p2a: Umbreon|Umbreon, L84, M|297/297\n|-damage|p2a: Umbreon|260/297|[from] Stealth Rock\n|turn|28\n|inactive|FrankRayquaza has 25 seconds left this turn.\n|\n|t:|1781434678\n|move|p2a: Umbreon|Protect|p2a: Umbreon\n|-singleturn|p2a: Umbreon|Protect\n|move|p1a: Vivillon|Hurricane|p2a: Umbreon\n|-activate|p2a: Umbreon|move: Protect\n|\n|-weather|RainDance|[upkeep]\n|-heal|p2a: Umbreon|278/297|[from] item: Leftovers\n|upkeep\n|turn|29\n|inactive|FrankRayquaza has 30 seconds left.\n|\n|t:|1781434686\n|move|p1a: Vivillon|Bug Buzz|p2a: Umbreon\n|-supereffective|p2a: Umbreon\n|-damage|p2a: Umbreon|8/297\n|move|p2a: Umbreon|Toxic|p1a: Vivillon\n|-status|p1a: Vivillon|tox\n|\n|-weather|none\n|-heal|p2a: Umbreon|26/297|[from] item: Leftovers\n|-damage|p1a: Vivillon|126/268 tox|[from] psn\n|upkeep\n|turn|30\n|\n|t:|1781434693\n|move|p2a: Umbreon|Protect|p2a: Umbreon\n|-singleturn|p2a: Umbreon|Protect\n|move|p1a: Vivillon|Bug Buzz|p2a: Umbreon\n|-activate|p2a: Umbreon|move: Protect\n|\n|-heal|p2a: Umbreon|44/297|[from] item: Leftovers\n|-damage|p1a: Vivillon|94/268 tox|[from] psn\n|upkeep\n|turn|31\n|\n|t:|1781434699\n|switch|p2a: Toxapex|Toxapex, L82, M|176/216 slp\n|-damage|p2a: Toxapex|149/216 slp|[from] Stealth Rock\n|move|p1a: Vivillon|Bug Buzz|p2a: Toxapex\n|-resisted|p2a: Toxapex\n|-damage|p2a: Toxapex|88/216 slp\n|\n|-damage|p1a: Vivillon|46/268 tox|[from] psn\n|upkeep\n|turn|32\n|\n|t:|1781434707\n|switch|p2a: Gholdengo|Gholdengo, L77|7/261\n|-damage|p2a: Gholdengo|0 fnt|[from] Stealth Rock\n|faint|p2a: Gholdengo\n|move|p1a: Vivillon|Hurricane|p2: Gholdengo|[notarget]\n|-fail|p1a: Vivillon\n|\n|-damage|p1a: Vivillon|0 fnt|[from] psn\n|faint|p1a: Vivillon\n|upkeep\n|inactive|jezzquin has 120 seconds left.\n|\n|t:|1781434726\n|switch|p1a: Perrserker|Perrserker, L89, M|269/269\n|switch|p2a: Toxapex|Toxapex, L82, M|160/216 slp\n|-damage|p2a: Toxapex|133/216 slp|[from] Stealth Rock\n|turn|33\n|inactive|FrankRayquaza has 60 seconds left.\n|c|\u2606FrankRayquaza|crinjal play a match with me next\n|c|\u2606FrankRayquaza|ill shut ur mouth\n|\n|t:|1781434754\n|move|p1a: Perrserker|Knock Off|p2a: Toxapex\n|-damage|p2a: Toxapex|34/216 slp\n|-damage|p1a: Perrserker|225/269|[from] item: Rocky Helmet|[of] p2a: Toxapex\n|-enditem|p2a: Toxapex|Rocky Helmet|[from] move: Knock Off|[of] p1a: Perrserker\n|-damage|p1a: Perrserker|199/269|[from] item: Life Orb\n|cant|p2a: Toxapex|slp\n|\n|upkeep\n|turn|34\n|c| Crinjal|i am worse than you\n|\n|t:|1781434762\n|switch|p2a: Umbreon|Umbreon, L84, M|44/297\n|-damage|p2a: Umbreon|7/297|[from] Stealth Rock\n|move|p1a: Perrserker|Iron Head|p2a: Umbreon\n|-damage|p2a: Umbreon|0 fnt\n|faint|p2a: Umbreon\n|-damage|p1a: Perrserker|173/269|[from] item: Life Orb\n|\n|upkeep\n|c|\u2606FrankRayquaza|good. then shut up\n|\n|t:|1781434771\n|switch|p2a: Toxapex|Toxapex, L82, M|106/216 slp\n|-damage|p2a: Toxapex|79/216 slp|[from] Stealth Rock\n|turn|35\n|c| Crinjal|my peak was 350, yours is <100\n|inactive|FrankRayquaza has 60 seconds left.\n|inactive|jezzquin has 120 seconds left.\n|\n|t:|1781434796\n|move|p1a: Perrserker|Iron Head|p2a: Toxapex\n|-resisted|p2a: Toxapex\n|-damage|p2a: Toxapex|23/216 slp\n|-damage|p1a: Perrserker|147/269|[from] item: Life Orb\n|cant|p2a: Toxapex|slp\n|\n|upkeep\n|turn|36\n|c|\u2606jezzquin|gg\n|\n|t:|1781434804\n|move|p1a: Perrserker|Close Combat|p2a: Toxapex\n|-resisted|p2a: Toxapex\n|-damage|p2a: Toxapex|0 fnt\n|-unboost|p1a: Perrserker|def|1\n|-unboost|p1a: Perrserker|spd|1\n|faint|p2a: Toxapex\n|-damage|p1a: Perrserker|121/269|[from] item: Life Orb\n|\n|win|jezzquin\n", "inputlog": ">version a8376a258c1d4662feba110a92103f3664a72141\n>start {\"formatid\":\"gen9randombattle\",\"seed\":\"sodium,f601a33a522dc4ab8193708fe3c28556\",\"rated\":\"Rated battle\"}\n>player p1 {\"name\":\"jezzquin\",\"avatar\":\"169\",\"rating\":2154,\"seed\":\"sodium,1f7de8870a7b6c4a350d90b861380c51\"}\n>player p2 {\"name\":\"FrankRayquaza\",\"avatar\":\"cheren-gen5bw2\",\"rating\":2341,\"seed\":\"sodium,9b78e79a2ecbc77533fee04f00b8909e\"}\n>p1 switch 4\n>p2 move stoneedge\n>p1 move ragefist\n>p2 switch 4\n>p1 move taunt\n>p2 move toxicspikes\n>p1 move bulkup\n>p2 switch 6\n>p1 switch 6\n>p2 move hurricane\n>p1 move uturn\n>p2 switch 2\n>p1 switch 2\n>p1 move flamecharge\n>p2 switch 6\n>p1 move psychic\n>p2 move toxicspikes\n>p1 move psychic\n>p2 switch 3\n>p1 switch 3\n>p2 move wish\n>p1 move stealthrock\n>p2 switch 2\n>p1 switch 2\n>p2 move weatherball\n>p1 move discharge\n>p2 move weatherball\n>p1 switch 4\n>p1 switch 3\n>p2 move weatherball\n>p1 move psychic\n>p2 switch 5\n>p1 move earthquake\n>p2 move nastyplot\n>p1 move earthquake\n>p2 move darkpulse\n>p1 switch 5\n>p1 move bravebird\n>p2 move suckerpunch\n>p2 switch 6\n>p1 move swordsdance\n>p2 move nastyplot\n>chat  Crinjal|John Rayquaza will probably win\n>p1 move knockoff\n>p2 switch 4\n>p1 move bravebird\n>p2 move stoneedge\n>p2 switch 4\n>p1 move knockoff\n>p2 move focusblast\n>p1 switch 3\n>p1 move bugbuzz\n>p2 switch 3\n>p1 move sleeppowder\n>p2 move recover\n>p1 move quiverdance\n>p2 switch 5\n>chat  Crinjal|nvm i said that before gholdengo and tauros got wasted for no reason\n>chat \u2606FrankRayquaza|crinjal i just noticed now uve been writing\n>chat \u2606FrankRayquaza|do everybody a favor and stfu\n>chat \u2606FrankRayquaza|if u wonna talk go play ur own match and put your hands where ur mouth is\n>chat  Crinjal|damn brainrot kids can't take constructive criticisms these days\n>chat  Crinjal|i said just simple stuff that i observed\n>p1 move quiverdance terastallize\n>p2 move hurricane\n>p1 move hurricane\n>p2 move hurricane\n>p2 switch 2\n>p1 move hurricane\n>p2 move protect\n>p1 move bugbuzz\n>p2 move toxic\n>p1 move bugbuzz\n>p2 move protect\n>p1 move bugbuzz\n>p2 switch 5\n>p1 move hurricane\n>p2 switch 3\n>p1 switch 2\n>p2 switch 3\n>chat \u2606FrankRayquaza|crinjal play a match with me next\n>chat \u2606FrankRayquaza|ill shut ur mouth\n>p1 move knockoff\n>p2 move recover\n>chat  Crinjal|i am worse than you\n>p1 move ironhead\n>p2 switch 5\n>chat \u2606FrankRayquaza|good. then shut up\n>p2 switch 5\n>chat  Crinjal|my peak was 350, yours is <100\n>p1 move ironhead\n>p2 move recover\n>chat \u2606jezzquin|gg\n>p1 move closecombat\n>p2 move recover", "uploadtime": 1781434116, "views": 5, "formatid": "gen9randombattle", "rating": null, "private": 0, "password": null}