{"id": "gen9randombattle-2631837331", "format": "[Gen 9] Random Battle", "players": ["Unknown Warrior", "Rheny"], "log": "|j|\u2606Unknown Warrior\n|j|\u2606Rheny\n|t:|1781446423\n|gametype|singles\n|player|p1|Unknown Warrior|2|1930\n|player|p2|Rheny|102|1911\n|gen|9\n|tier|[Gen 9] Random Battle\n|rated|\n|rule|Species Clause: Limit one of each Pok\u00e9mon\n|rule|HP Percentage Mod: HP is shown in percentages\n|rule|Sleep Clause Mod: Limit one foe put to sleep\n|rule|Illusion Level Mod: Illusion disguises the Pok\u00e9mon's true level\n|\n|t:|1781446423\n|teamsize|p1|6\n|teamsize|p2|6\n|start\n|switch|p1a: Raichu|Raichu-Alola, L87, M|246/246\n|switch|p2a: Slowking|Slowking-Galar, L85, F|300/300\n|turn|1\n|inactive|Battle timer is ON: inactive players will automatically lose when time's up. (requested by Unknown Warrior)\n|\n|t:|1781446447\n|switch|p1a: Whiscash|Whiscash, L88, F|337/337\n|move|p2a: Slowking|Sludge Bomb|p1a: Whiscash\n|-resisted|p1a: Whiscash\n|-damage|p1a: Whiscash|271/337\n|\n|-heal|p1a: Whiscash|292/337|[from] item: Leftovers\n|upkeep\n|turn|2\n|\n|t:|1781446460\n|switch|p2a: Appletun|Appletun, L92, M|352/352\n|move|p1a: Whiscash|Stealth Rock|p2a: Appletun\n|-sidestart|p2: Rheny|move: Stealth Rock\n|\n|-heal|p1a: Whiscash|313/337|[from] item: Leftovers\n|upkeep\n|turn|3\n|\n|t:|1781446469\n|switch|p1a: Mandibuzz|Mandibuzz, L85, F|326/326\n|move|p2a: Appletun|Apple Acid|p1a: Mandibuzz\n|-resisted|p1a: Mandibuzz\n|-damage|p1a: Mandibuzz|276/326\n|-unboost|p1a: Mandibuzz|spd|1\n|\n|upkeep\n|turn|4\n|\n|t:|1781446478\n|move|p1a: Mandibuzz|Toxic|p2a: Appletun\n|-status|p2a: Appletun|tox\n|move|p2a: Appletun|Dragon Pulse|p1a: Mandibuzz\n|-damage|p1a: Mandibuzz|123/326\n|\n|-damage|p2a: Appletun|330/352 tox|[from] psn\n|upkeep\n|turn|5\n|\n|t:|1781446484\n|switch|p1a: Articuno|Articuno-Galar, L84|288/288\n|move|p2a: Appletun|Apple Acid|p1a: Articuno\n|-resisted|p1a: Articuno\n|-damage|p1a: Articuno|243/288\n|-unboost|p1a: Articuno|spd|1\n|-ability|p1a: Articuno|Competitive|boost\n|-boost|p1a: Articuno|spa|2\n|\n|-heal|p2a: Appletun|352/352 tox|[from] item: Leftovers\n|-damage|p2a: Appletun|308/352 tox|[from] psn\n|upkeep\n|turn|6\n|\n|t:|1781446488\n|move|p1a: Articuno|Calm Mind|p1a: Articuno\n|-boost|p1a: Articuno|spa|1\n|-boost|p1a: Articuno|spd|1\n|move|p2a: Appletun|Dragon Tail|p1a: Articuno\n|-damage|p1a: Articuno|179/288\n|drag|p1a: Mandibuzz|Mandibuzz, L85, F|123/326\n|\n|-heal|p2a: Appletun|330/352 tox|[from] item: Leftovers\n|-damage|p2a: Appletun|264/352 tox|[from] psn\n|upkeep\n|turn|7\n|\n|t:|1781446503\n|move|p1a: Mandibuzz|Roost|p1a: Mandibuzz\n|-heal|p1a: Mandibuzz|286/326\n|-singleturn|p1a: Mandibuzz|move: Roost\n|move|p2a: Appletun|Apple Acid|p1a: Mandibuzz\n|-damage|p1a: Mandibuzz|192/326\n|-unboost|p1a: Mandibuzz|spd|1\n|\n|-heal|p2a: Appletun|286/352 tox|[from] item: Leftovers\n|-damage|p2a: Appletun|198/352 tox|[from] psn\n|upkeep\n|turn|8\n|\n|t:|1781446511\n|switch|p1a: Articuno|Articuno-Galar, L84|179/288\n|switch|p2a: Cinccino|Cinccino, L83, F|260/260\n|-damage|p2a: Cinccino|228/260|[from] Stealth Rock\n|\n|upkeep\n|turn|9\n|\n|t:|1781446519\n|-terastallize|p1a: Articuno|Steel\n|move|p2a: Cinccino|Tidy Up|p2a: Cinccino\n|-sideend|p2: Rheny|Stealth Rock\n|-activate|p2a: Cinccino|move: Tidy Up\n|-boost|p2a: Cinccino|atk|1\n|-boost|p2a: Cinccino|spe|1\n|move|p1a: Articuno|Freezing Glare|p2a: Cinccino\n|-damage|p2a: Cinccino|84/260\n|\n|upkeep\n|turn|10\n|\n|t:|1781446531\n|switch|p2a: Slowking|Slowking-Galar, L85, F|300/300\n|move|p1a: Articuno|Freezing Glare|p2a: Slowking\n|-damage|p2a: Slowking|233/300\n|\n|upkeep\n|turn|11\n|\n|t:|1781446534\n|switch|p1a: Whiscash|Whiscash, L88, F|313/337\n|move|p2a: Slowking|Fire Blast|p1a: Whiscash\n|-resisted|p1a: Whiscash\n|-damage|p1a: Whiscash|266/337\n|-status|p1a: Whiscash|brn\n|\n|-heal|p1a: Whiscash|287/337 brn|[from] item: Leftovers\n|-damage|p1a: Whiscash|266/337 brn|[from] brn\n|upkeep\n|turn|12\n|\n|t:|1781446538\n|switch|p2a: Appletun|Appletun, L92, M|198/352 tox\n|move|p1a: Whiscash|Stealth Rock|p2a: Appletun\n|-sidestart|p2: Rheny|move: Stealth Rock\n|\n|-heal|p1a: Whiscash|287/337 brn|[from] item: Leftovers\n|-heal|p2a: Appletun|220/352 tox|[from] item: Leftovers\n|-damage|p2a: Appletun|198/352 tox|[from] psn\n|-damage|p1a: Whiscash|266/337 brn|[from] brn\n|upkeep\n|turn|13\n|\n|t:|1781446542\n|switch|p1a: Articuno|Articuno-Galar, L84, tera:Steel|179/288\n|move|p2a: Appletun|Recover|p2a: Appletun\n|-heal|p2a: Appletun|352/352 tox\n|\n|-damage|p2a: Appletun|308/352 tox|[from] psn\n|upkeep\n|turn|14\n|\n|t:|1781446545\n|move|p1a: Articuno|Calm Mind|p1a: Articuno\n|-boost|p1a: Articuno|spa|1\n|-boost|p1a: Articuno|spd|1\n|move|p2a: Appletun|Dragon Tail|p1a: Articuno\n|-resisted|p1a: Articuno\n|-damage|p1a: Articuno|141/288\n|drag|p1a: Mandibuzz|Mandibuzz, L85, F|192/326\n|\n|-heal|p2a: Appletun|330/352 tox|[from] item: Leftovers\n|-damage|p2a: Appletun|264/352 tox|[from] psn\n|upkeep\n|turn|15\n|\n|t:|1781446552\n|move|p1a: Mandibuzz|Knock Off|p2a: Appletun\n|-damage|p2a: Appletun|189/352 tox\n|-enditem|p2a: Appletun|Leftovers|[from] move: Knock Off|[of] p1a: Mandibuzz\n|move|p2a: Appletun|Apple Acid|p1a: Mandibuzz\n|-resisted|p1a: Mandibuzz\n|-damage|p1a: Mandibuzz|147/326\n|-unboost|p1a: Mandibuzz|spd|1\n|\n|-damage|p2a: Appletun|101/352 tox|[from] psn\n|upkeep\n|turn|16\n|\n|t:|1781446558\n|switch|p1a: Articuno|Articuno-Galar, L84, tera:Steel|141/288\n|move|p2a: Appletun|Dragon Pulse|p1a: Articuno\n|-resisted|p1a: Articuno\n|-damage|p1a: Articuno|90/288\n|\n|-damage|p2a: Appletun|0 fnt|[from] psn\n|faint|p2a: Appletun\n|upkeep\n|\n|t:|1781446562\n|switch|p2a: Enamorus|Enamorus-Therian, L83, F|259/259\n|-damage|p2a: Enamorus|195/259|[from] Stealth Rock\n|turn|17\n|\n|t:|1781446569\n|switch|p1a: Mandibuzz|Mandibuzz, L85, F|147/326\n|move|p2a: Enamorus|Agility|p2a: Enamorus\n|-boost|p2a: Enamorus|spe|2\n|\n|upkeep\n|turn|18\n|\n|t:|1781446575\n|switch|p1a: Whiscash|Whiscash, L88, F|266/337 brn\n|move|p2a: Enamorus|Moonblast|p1a: Whiscash\n|-damage|p1a: Whiscash|118/337 brn\n|\n|-heal|p1a: Whiscash|139/337 brn|[from] item: Leftovers\n|-damage|p1a: Whiscash|118/337 brn|[from] brn\n|upkeep\n|turn|19\n|\n|t:|1781446578\n|move|p2a: Enamorus|Moonblast|p1a: Whiscash\n|-damage|p1a: Whiscash|0 fnt\n|faint|p1a: Whiscash\n|\n|upkeep\n|\n|t:|1781446584\n|switch|p1a: Ursaring|Ursaring, L84, F|288/288\n|turn|20\n|\n|t:|1781446591\n|move|p2a: Enamorus|Superpower|p1a: Ursaring\n|-supereffective|p1a: Ursaring\n|-damage|p1a: Ursaring|58/288\n|-unboost|p2a: Enamorus|atk|1\n|-unboost|p2a: Enamorus|def|1\n|move|p1a: Ursaring|Swords Dance|p1a: Ursaring\n|-boost|p1a: Ursaring|atk|2\n|\n|-status|p1a: Ursaring|tox|[from] item: Toxic Orb\n|upkeep\n|turn|21\n|\n|t:|1781446599\n|move|p2a: Enamorus|Superpower|p1a: Ursaring\n|-supereffective|p1a: Ursaring\n|-damage|p1a: Ursaring|0 fnt\n|-unboost|p2a: Enamorus|atk|1\n|-unboost|p2a: Enamorus|def|1\n|faint|p1a: Ursaring\n|\n|upkeep\n|\n|t:|1781446603\n|switch|p1a: Raichu|Raichu-Alola, L87, M|246/246\n|turn|22\n|\n|t:|1781446608\n|-terastallize|p2a: Enamorus|Ground\n|move|p2a: Enamorus|Earth Power|p1a: Raichu\n|-supereffective|p1a: Raichu\n|-damage|p1a: Raichu|22/246\n|move|p1a: Raichu|Grass Knot|p2a: Enamorus\n|-supereffective|p2a: Enamorus\n|-damage|p2a: Enamorus|69/259\n|-enditem|p2a: Enamorus|Weakness Policy\n|-boost|p2a: Enamorus|atk|2|[from] item: Weakness Policy\n|-boost|p2a: Enamorus|spa|2|[from] item: Weakness Policy\n|\n|upkeep\n|turn|23\n|c|\u2606Unknown Warrior|damnit\n|\n|t:|1781446613\n|move|p2a: Enamorus|Moonblast|p1a: Raichu\n|-damage|p1a: Raichu|0 fnt\n|faint|p1a: Raichu\n|\n|upkeep\n|c|\u2606Unknown Warrior|gg\n|-message|Unknown Warrior forfeited.\n|\n|win|Rheny\n", "inputlog": ">version a8376a258c1d4662feba110a92103f3664a72141\n>start {\"formatid\":\"gen9randombattle\",\"seed\":\"sodium,529366c8c45f124d33b6cb31da5e9c02\",\"rated\":\"Rated battle\"}\n>player p1 {\"name\":\"Unknown Warrior\",\"avatar\":\"2\",\"rating\":1930,\"seed\":\"sodium,97c0b86edc869dcf394452ce9ad28fe5\"}\n>player p2 {\"name\":\"Rheny\",\"avatar\":\"102\",\"rating\":1911,\"seed\":\"sodium,ad0c058217231221a59f76a79981675a\"}\n>p1 switch 5\n>p2 move sludgebomb\n>p1 move stealthrock\n>p2 switch 5\n>p1 switch 3\n>p2 move appleacid\n>p1 move toxic\n>p2 move dragonpulse\n>p1 switch 4\n>p2 move appleacid\n>p1 move calmmind\n>p2 move dragontail\n>p1 move roost\n>p2 move appleacid\n>p1 switch 4\n>p2 switch 4\n>p1 move freezingglare terastallize\n>p2 move tidyup\n>p1 move freezingglare\n>p2 switch 5\n>p1 switch 3\n>p2 move fireblast\n>p1 move stealthrock\n>p2 switch 4\n>p1 switch 3\n>p2 move recover\n>p1 move calmmind\n>p2 move dragontail\n>p1 move knockoff\n>p2 move appleacid\n>p1 switch 4\n>p2 move dragonpulse\n>p2 switch 6\n>p1 switch 4\n>p2 move agility\n>p1 switch 3\n>p2 move moonblast\n>p1 move spikes\n>p2 move moonblast\n>p1 switch 2\n>p1 move swordsdance\n>p2 move superpower\n>p1 move facade\n>p2 move superpower\n>p1 switch 5\n>p1 move grassknot\n>p2 move earthpower terastallize\n>chat \u2606Unknown Warrior|damnit\n>p1 move grassknot\n>p2 move moonblast\n>chat \u2606Unknown Warrior|gg\n>forcelose p1", "uploadtime": 1781446426, "views": 5, "formatid": "gen9randombattle", "rating": null, "private": 0, "password": null}