{"id": "gen9randombattle-2631765757", "format": "[Gen 9] Random Battle", "players": ["jenx1", "Matteo0605"], "log": "|j|\u2606jenx1\n|j|\u2606Matteo0605\n|t:|1781436218\n|gametype|singles\n|player|p1|jenx1|265|2024\n|player|p2|Matteo0605|n|2031\n|gen|9\n|tier|[Gen 9] Random Battle\n|rated|\n|rule|Species Clause: Limit one of each Pok\u00e9mon\n|rule|HP Percentage Mod: HP is shown in percentages\n|rule|Sleep Clause Mod: Limit one foe put to sleep\n|rule|Illusion Level Mod: Illusion disguises the Pok\u00e9mon's true level\n|\n|t:|1781436218\n|teamsize|p1|6\n|teamsize|p2|6\n|start\n|switch|p1a: Rayquaza|Rayquaza, L72|270/270\n|switch|p2a: Dusknoir|Dusknoir, L89, F|225/225\n|-ability|p1a: Rayquaza|Air Lock\n|-item|p1a: Rayquaza|Heavy-Duty Boots|[from] ability: Frisk|[of] p2a: Dusknoir\n|turn|1\n|inactive|Battle timer is ON: inactive players will automatically lose when time's up. (requested by Matteo0605)\n|\n|t:|1781436234\n|switch|p1a: Forretress|Forretress, L84, M|263/263\n|move|p2a: Dusknoir|Poltergeist|p1a: Forretress\n|-activate|p1a: Forretress|move: Poltergeist|Leftovers\n|-damage|p1a: Forretress|118/263\n|\n|-heal|p1a: Forretress|134/263|[from] item: Leftovers\n|upkeep\n|turn|2\n|\n|t:|1781436242\n|move|p2a: Dusknoir|Poltergeist|p1a: Forretress\n|-activate|p1a: Forretress|move: Poltergeist|Leftovers\n|-damage|p1a: Forretress|0 fnt\n|faint|p1a: Forretress\n|\n|upkeep\n|\n|t:|1781436261\n|switch|p1a: Weezing|Weezing-Galar, L86, F|252/252\n|turn|3\n|\n|t:|1781436282\n|switch|p2a: Vikavolt|Vikavolt, L83, F|263/263\n|move|p1a: Weezing|Strange Steam|p2a: Vikavolt\n|-damage|p2a: Vikavolt|158/263\n|\n|upkeep\n|turn|4\n|\n|t:|1781436288\n|move|p1a: Weezing|Gunk Shot|p2a: Vikavolt\n|-damage|p2a: Vikavolt|35/263\n|move|p2a: Vikavolt|Sticky Web|p1a: Weezing\n|-sidestart|p1: jenx1|move: Sticky Web\n|\n|upkeep\n|turn|5\n|\n|t:|1781436293\n|move|p1a: Weezing|Defog|p2a: Vikavolt\n|-unboost|p2a: Vikavolt|evasion|1\n|-sideend|p1: jenx1|Sticky Web|[from] move: Defog|[of] p1a: Weezing\n|move|p2a: Vikavolt|Discharge|p1a: Weezing\n|-damage|p1a: Weezing|128/252\n|\n|-heal|p1a: Weezing|143/252|[from] item: Leftovers\n|upkeep\n|turn|6\n|\n|t:|1781436298\n|move|p1a: Weezing|Strange Steam|p2a: Vikavolt\n|-damage|p2a: Vikavolt|0 fnt\n|faint|p2a: Vikavolt\n|\n|-heal|p1a: Weezing|158/252|[from] item: Leftovers\n|upkeep\n|inactive|Matteo0605 has 120 seconds left.\n|\n|t:|1781436331\n|switch|p2a: Dodrio|Dodrio, L85, M|241/241\n|turn|7\n|\n|t:|1781436337\n|move|p2a: Dodrio|Brave Bird|p1a: Weezing\n|-damage|p1a: Weezing|56/252\n|-damage|p2a: Dodrio|207/241|[from] Recoil\n|move|p1a: Weezing|Gunk Shot|p2a: Dodrio|[miss]\n|-miss|p1a: Weezing|p2a: Dodrio\n|\n|-heal|p1a: Weezing|71/252|[from] item: Leftovers\n|upkeep\n|turn|8\n|\n|t:|1781436350\n|move|p2a: Dodrio|Brave Bird|p1a: Weezing\n|-damage|p1a: Weezing|0 fnt\n|faint|p1a: Weezing\n|-damage|p2a: Dodrio|184/241|[from] Recoil\n|\n|upkeep\n|\n|t:|1781436354\n|switch|p1a: Lapras|Lapras, L87, M|367/367\n|turn|9\n|\n|t:|1781436366\n|switch|p2a: Granbull|Granbull, L88, M|302/302\n|-ability|p2a: Granbull|Intimidate|boost\n|-unboost|p1a: Lapras|atk|1\n|move|p1a: Lapras|Ice Beam|p2a: Granbull\n|-damage|p2a: Granbull|127/302\n|\n|-heal|p2a: Granbull|145/302|[from] item: Leftovers\n|upkeep\n|turn|10\n|\n|t:|1781436390\n|switch|p2a: Alcremie|Alcremie-Mint-Cream, L90, F|263/263\n|move|p1a: Lapras|Ice Beam|p2a: Alcremie\n|-damage|p2a: Alcremie|167/263\n|\n|-heal|p2a: Alcremie|183/263|[from] item: Leftovers\n|upkeep\n|turn|11\n|\n|t:|1781436397\n|move|p2a: Alcremie|Alluring Voice|p1a: Lapras\n|-damage|p1a: Lapras|270/367\n|move|p1a: Lapras|Ice Beam|p2a: Alcremie\n|-damage|p2a: Alcremie|78/263\n|\n|-heal|p2a: Alcremie|94/263|[from] item: Leftovers\n|upkeep\n|turn|12\n|\n|t:|1781436402\n|move|p2a: Alcremie|Recover|p2a: Alcremie\n|-heal|p2a: Alcremie|226/263\n|move|p1a: Lapras|Ice Beam|p2a: Alcremie\n|-damage|p2a: Alcremie|129/263\n|\n|-heal|p2a: Alcremie|145/263|[from] item: Leftovers\n|upkeep\n|turn|13\n|\n|t:|1781436406\n|move|p2a: Alcremie|Calm Mind|p2a: Alcremie\n|-boost|p2a: Alcremie|spa|1\n|-boost|p2a: Alcremie|spd|1\n|move|p1a: Lapras|Ice Beam|p2a: Alcremie\n|-crit|p2a: Alcremie\n|-damage|p2a: Alcremie|0 fnt\n|faint|p2a: Alcremie\n|\n|upkeep\n|\n|t:|1781436422\n|switch|p2a: Slither Wing|Slither Wing, L81|270/270\n|turn|14\n|\n|t:|1781436428\n|switch|p1a: Rayquaza|Rayquaza, L72|270/270\n|-ability|p1a: Rayquaza|Air Lock\n|move|p2a: Slither Wing|Close Combat|p1a: Rayquaza\n|-resisted|p1a: Rayquaza\n|-damage|p1a: Rayquaza|180/270\n|-unboost|p2a: Slither Wing|def|1\n|-unboost|p2a: Slither Wing|spd|1\n|\n|upkeep\n|turn|15\n|\n|t:|1781436450\n|-end|p2a: Slither Wing|Protosynthesis|[silent]\n|switch|p2a: Granbull|Granbull, L88, M|145/302\n|-ability|p2a: Granbull|Intimidate|boost\n|-unboost|p1a: Rayquaza|atk|1\n|move|p1a: Rayquaza|Dragon Dance|p1a: Rayquaza\n|-boost|p1a: Rayquaza|atk|1\n|-boost|p1a: Rayquaza|spe|1\n|\n|-heal|p2a: Granbull|163/302|[from] item: Leftovers\n|upkeep\n|turn|16\n|\n|t:|1781436453\n|move|p1a: Rayquaza|Dragon Ascent|p2a: Granbull\n|-damage|p2a: Granbull|19/302\n|-unboost|p1a: Rayquaza|def|1\n|-unboost|p1a: Rayquaza|spd|1\n|move|p2a: Granbull|Play Rough|p1a: Rayquaza\n|-supereffective|p1a: Rayquaza\n|-damage|p1a: Rayquaza|0 fnt\n|faint|p1a: Rayquaza\n|\n|-heal|p2a: Granbull|37/302|[from] item: Leftovers\n|upkeep\n|\n|t:|1781436468\n|switch|p1a: Walking Wake|Walking Wake, L79|286/286\n|turn|17\n|\n|t:|1781436475\n|move|p1a: Walking Wake|Flip Turn|p2a: Granbull\n|-damage|p2a: Granbull|0 fnt\n|faint|p2a: Granbull\n|\n|t:|1781436479\n|-end|p1a: Walking Wake|Protosynthesis|[silent]\n|switch|p1a: Typhlosion|Typhlosion, L84, M|267/267|[from] Flip Turn\n|\n|upkeep\n|\n|t:|1781436490\n|switch|p2a: Dusknoir|Dusknoir, L89, F|225/225\n|-item|p1a: Typhlosion|Choice Scarf|[from] ability: Frisk|[of] p2a: Dusknoir\n|turn|18\n|\n|t:|1781436493\n|switch|p1a: Walking Wake|Walking Wake, L79|286/286\n|move|p2a: Dusknoir|Poltergeist|p1a: Walking Wake\n|-activate|p1a: Walking Wake|move: Poltergeist|Choice Specs\n|-damage|p1a: Walking Wake|72/286\n|\n|upkeep\n|turn|19\n|\n|t:|1781436502\n|switch|p2a: Dodrio|Dodrio, L85, M|184/241\n|move|p1a: Walking Wake|Draco Meteor|p2a: Dodrio|[miss]\n|-miss|p1a: Walking Wake|p2a: Dodrio\n|\n|upkeep\n|turn|20\n|\n|t:|1781436506\n|move|p2a: Dodrio|Brave Bird|p1a: Walking Wake\n|-crit|p1a: Walking Wake\n|-damage|p1a: Walking Wake|0 fnt\n|faint|p1a: Walking Wake\n|-end|p1a: Walking Wake|Protosynthesis|[silent]\n|-damage|p2a: Dodrio|160/241|[from] Recoil\n|\n|upkeep\n|\n|t:|1781436509\n|switch|p1a: Typhlosion|Typhlosion, L84, M|267/267\n|turn|21\n|\n|t:|1781436517\n|-terastallize|p1a: Typhlosion|Fire\n|move|p1a: Typhlosion|Eruption|p2a: Dodrio\n|-damage|p2a: Dodrio|0 fnt\n|faint|p2a: Dodrio\n|\n|upkeep\n|\n|t:|1781436522\n|switch|p2a: Dusknoir|Dusknoir, L89, F|225/225\n|-item|p1a: Typhlosion|Choice Scarf|[from] ability: Frisk|[of] p2a: Dusknoir\n|turn|22\n|\n|t:|1781436527\n|switch|p1a: Lapras|Lapras, L87, M|270/367\n|-terastallize|p2a: Dusknoir|Ghost\n|move|p2a: Dusknoir|Poltergeist|p1a: Lapras\n|-activate|p1a: Lapras|move: Poltergeist|Choice Specs\n|-damage|p1a: Lapras|0 fnt\n|faint|p1a: Lapras\n|\n|upkeep\n|\n|t:|1781436532\n|switch|p1a: Typhlosion|Typhlosion, L84, M, tera:Fire|267/267\n|turn|23\n|\n|t:|1781436535\n|move|p1a: Typhlosion|Eruption|p2a: Dusknoir\n|-damage|p2a: Dusknoir|67/225\n|move|p2a: Dusknoir|Poltergeist|p1a: Typhlosion\n|-activate|p1a: Typhlosion|move: Poltergeist|Choice Scarf\n|-damage|p1a: Typhlosion|0 fnt\n|faint|p1a: Typhlosion\n|\n|win|Matteo0605\n", "inputlog": ">version a8376a258c1d4662feba110a92103f3664a72141\n>start {\"formatid\":\"gen9randombattle\",\"seed\":\"sodium,593c9c57a6493fa2469c9f7eee6b2021\",\"rated\":\"Rated battle\"}\n>player p1 {\"name\":\"jenx1\",\"avatar\":\"265\",\"rating\":2024,\"seed\":\"sodium,93f3e1a41b82855309c593ec608f5048\"}\n>player p2 {\"name\":\"Matteo0605\",\"avatar\":\"n\",\"rating\":2031,\"seed\":\"sodium,2c6813acb65ce2edd5f6be3c7d189da2\"}\n>p1 switch 3\n>p2 move poltergeist\n>p1 move stealthrock\n>p2 move poltergeist\n>p1 switch 2\n>p1 move strangesteam\n>p2 switch 6\n>p1 move gunkshot\n>p2 move stickyweb\n>p1 move defog\n>p2 move discharge\n>p1 move strangesteam\n>p2 move discharge\n>p2 switch 2\n>p1 move gunkshot\n>p2 move bravebird\n>p1 move gunkshot\n>p2 move bravebird\n>p1 switch 6\n>p1 move icebeam\n>p2 switch 4\n>p1 move icebeam\n>p2 switch 5\n>p1 move icebeam\n>p2 move alluringvoice\n>p1 move icebeam\n>p2 move recover\n>p1 move icebeam\n>p2 move calmmind\n>p2 switch 3\n>p1 switch 3\n>p2 move closecombat\n>p1 move dragondance\n>p2 switch 5\n>p1 move dragonascent\n>p2 move playrough\n>p1 switch 5\n>p1 move flipturn\n>p2 move playrough\n>p1 switch 4\n>p2 switch 6\n>p1 switch 4\n>p2 move poltergeist\n>p1 move dracometeor\n>p2 switch 4\n>p1 move dracometeor\n>p2 move bravebird\n>p1 switch 4\n>p1 move eruption terastallize\n>p2 move bravebird\n>p2 switch 4\n>p1 switch 3\n>p2 move poltergeist terastallize\n>p1 switch 3\n>p1 move eruption\n>p2 move poltergeist", "uploadtime": 1781436219, "views": 5, "formatid": "gen9randombattle", "rating": null, "private": 0, "password": null}