{"id": "gen9randombattle-2631873251", "format": "[Gen 9] Random Battle", "players": ["nextlevelcolors", "i love wo chien"], "log": "|j|\u2606nextlevelcolors\n|j|\u2606i love wo chien\n|t:|1781450611\n|gametype|singles\n|player|p1|nextlevelcolors|169|1965\n|player|p2|i love wo chien|chase|1947\n|gen|9\n|tier|[Gen 9] Random Battle\n|rated|\n|rule|Species Clause: Limit one of each Pok\u00e9mon\n|rule|HP Percentage Mod: HP is shown in percentages\n|rule|Sleep Clause Mod: Limit one foe put to sleep\n|rule|Illusion Level Mod: Illusion disguises the Pok\u00e9mon's true level\n|\n|t:|1781450611\n|teamsize|p1|6\n|teamsize|p2|6\n|start\n|switch|p1a: Tyranitar|Tyranitar, L78, F|284/284\n|switch|p2a: Delphox|Delphox, L84, F|263/263\n|-weather|Sandstorm|[from] ability: Sand Stream|[of] p1a: Tyranitar\n|turn|1\n|inactive|Battle timer is ON: inactive players will automatically lose when time's up. (requested by i love wo chien)\n|c|\u2606i love wo chien|glhf\n|c|\u2606nextlevelcolors|u2\n|inactive|i love wo chien has 120 seconds left.\n|\n|t:|1781450646\n|switch|p2a: Decidueye|Decidueye-Hisui, L87, M|295/295\n|move|p1a: Tyranitar|Knock Off|p2a: Decidueye\n|-resisted|p2a: Decidueye\n|-damage|p2a: Decidueye|235/295\n|-enditem|p2a: Decidueye|Leftovers|[from] move: Knock Off|[of] p1a: Tyranitar\n|\n|-weather|Sandstorm|[upkeep]\n|-damage|p2a: Decidueye|217/295|[from] Sandstorm\n|upkeep\n|turn|2\n|\n|t:|1781450662\n|switch|p1a: Uxie|Uxie, L83|260/260\n|move|p2a: Decidueye|Triple Arrows|p1a: Uxie\n|-resisted|p1a: Uxie\n|-damage|p1a: Uxie|217/260\n|-unboost|p1a: Uxie|def|1\n|\n|-weather|Sandstorm|[upkeep]\n|-damage|p1a: Uxie|201/260|[from] Sandstorm\n|-damage|p2a: Decidueye|199/295|[from] Sandstorm\n|-heal|p1a: Uxie|217/260|[from] item: Leftovers\n|upkeep\n|turn|3\n|inactive|i love wo chien has 120 seconds left.\n|\n|t:|1781450702\n|switch|p2a: Klefki|Klefki, L84, F|233/233\n|move|p1a: Uxie|Stealth Rock|p2a: Klefki\n|-sidestart|p2: i love wo chien|move: Stealth Rock\n|\n|-weather|Sandstorm|[upkeep]\n|-damage|p1a: Uxie|201/260|[from] Sandstorm\n|-heal|p1a: Uxie|217/260|[from] item: Leftovers\n|upkeep\n|turn|4\n|\n|t:|1781450710\n|switch|p1a: Tyranitar|Tyranitar, L78, F|284/284\n|move|p2a: Klefki|Spikes|p1a: Tyranitar\n|-sidestart|p1: nextlevelcolors|Spikes\n|\n|-weather|Sandstorm|[upkeep]\n|upkeep\n|turn|5\n|inactive|i love wo chien has 120 seconds left.\n|\n|t:|1781450729\n|switch|p2a: Orthworm|Orthworm, L88, M|266/266\n|-damage|p2a: Orthworm|250/266|[from] Stealth Rock\n|switch|p1a: Dedenne|Dedenne, L88, M|261/261\n|-damage|p1a: Dedenne|229/261|[from] Spikes\n|\n|-weather|none\n|upkeep\n|turn|6\n|inactive|i love wo chien has 120 seconds left.\n|\n|t:|1781450752\n|move|p1a: Dedenne|Thunderbolt|p2a: Orthworm\n|-damage|p2a: Orthworm|123/266\n|move|p2a: Orthworm|Iron Tail|p1a: Dedenne\n|-damage|p1a: Dedenne|94/261\n|-enditem|p1a: Dedenne|Sitrus Berry|[eat]\n|-heal|p1a: Dedenne|159/261|[from] item: Sitrus Berry\n|-heal|p1a: Dedenne|246/261|[from] ability: Cheek Pouch\n|\n|upkeep\n|turn|7\n|\n|t:|1781450774\n|switch|p2a: Delphox|Delphox, L84, F|263/263\n|move|p1a: Dedenne|Thunderbolt|p2a: Delphox\n|-damage|p2a: Delphox|187/263\n|\n|upkeep\n|turn|8\n|inactive|i love wo chien has 90 seconds left.\n|inactive|nextlevelcolors has 120 seconds left.\n|\n|t:|1781450817\n|move|p1a: Dedenne|Nuzzle|p2a: Delphox\n|-damage|p2a: Delphox|169/263\n|-status|p2a: Delphox|par\n|move|p2a: Delphox|Fire Blast|p1a: Dedenne|[miss]\n|-miss|p2a: Delphox|p1a: Dedenne\n|\n|upkeep\n|turn|9\n|inactive|nextlevelcolors has 120 seconds left.\n|\n|t:|1781450825\n|switch|p1a: Tyranitar|Tyranitar, L78, F|284/284\n|-damage|p1a: Tyranitar|249/284|[from] Spikes\n|-weather|Sandstorm|[from] ability: Sand Stream|[of] p1a: Tyranitar\n|move|p2a: Delphox|Focus Blast|p1a: Tyranitar\n|-supereffective|p1a: Tyranitar\n|-damage|p1a: Tyranitar|5/284\n|-enditem|p1a: Tyranitar|Weakness Policy\n|-boost|p1a: Tyranitar|atk|2|[from] item: Weakness Policy\n|-boost|p1a: Tyranitar|spa|2|[from] item: Weakness Policy\n|\n|-weather|Sandstorm|[upkeep]\n|-damage|p2a: Delphox|153/263 par|[from] Sandstorm\n|upkeep\n|turn|10\n|\n|t:|1781450840\n|move|p1a: Tyranitar|Stone Edge|p2a: Delphox\n|-supereffective|p2a: Delphox\n|-damage|p2a: Delphox|0 fnt\n|faint|p2a: Delphox\n|\n|-weather|Sandstorm|[upkeep]\n|upkeep\n|\n|t:|1781450848\n|switch|p2a: Clawitzer|Clawitzer, L87, M|265/265\n|-damage|p2a: Clawitzer|232/265|[from] Stealth Rock\n|turn|11\n|\n|t:|1781450857\n|move|p2a: Clawitzer|Water Pulse|p1a: Tyranitar\n|-supereffective|p1a: Tyranitar\n|-damage|p1a: Tyranitar|0 fnt\n|faint|p1a: Tyranitar\n|\n|-weather|Sandstorm|[upkeep]\n|-damage|p2a: Clawitzer|216/265|[from] Sandstorm\n|upkeep\n|\n|t:|1781450861\n|switch|p1a: Dedenne|Dedenne, L88, M|246/261\n|-damage|p1a: Dedenne|214/261|[from] Spikes\n|turn|12\n|\n|t:|1781450865\n|move|p1a: Dedenne|Thunderbolt|p2a: Clawitzer\n|-supereffective|p2a: Clawitzer\n|-damage|p2a: Clawitzer|108/265\n|move|p2a: Clawitzer|Water Pulse|p1a: Dedenne\n|-damage|p1a: Dedenne|82/261\n|\n|-weather|Sandstorm|[upkeep]\n|-damage|p1a: Dedenne|66/261|[from] Sandstorm\n|-damage|p2a: Clawitzer|92/265|[from] Sandstorm\n|upkeep\n|turn|13\n|\n|t:|1781450874\n|move|p1a: Dedenne|Thunderbolt|p2a: Clawitzer\n|-supereffective|p2a: Clawitzer\n|-damage|p2a: Clawitzer|0 fnt\n|faint|p2a: Clawitzer\n|\n|-weather|none\n|upkeep\n|\n|t:|1781450882\n|switch|p2a: Deoxys|Deoxys, L74|196/196\n|-damage|p2a: Deoxys|172/196|[from] Stealth Rock\n|-ability|p2a: Deoxys|Pressure\n|turn|14\n|\n|t:|1781450891\n|switch|p1a: Uxie|Uxie, L83|217/260\n|move|p2a: Deoxys|Extreme Speed|p1a: Uxie\n|-damage|p1a: Uxie|159/260\n|-damage|p2a: Deoxys|153/196|[from] item: Life Orb\n|\n|-heal|p1a: Uxie|175/260|[from] item: Leftovers\n|upkeep\n|turn|15\n|inactive|i love wo chien has 120 seconds left.\n|\n|t:|1781450901\n|switch|p2a: Orthworm|Orthworm, L88, M|123/266\n|-damage|p2a: Orthworm|107/266|[from] Stealth Rock\n|move|p1a: Uxie|Knock Off|p2a: Orthworm\n|-damage|p2a: Orthworm|73/266\n|-enditem|p2a: Orthworm|Chesto Berry|[from] move: Knock Off|[of] p1a: Uxie\n|\n|-heal|p1a: Uxie|191/260|[from] item: Leftovers\n|upkeep\n|turn|16\n|inactive|i love wo chien has 120 seconds left.\n|\n|t:|1781450913\n|move|p1a: Uxie|Psychic Noise|p2a: Orthworm\n|-resisted|p2a: Orthworm\n|-damage|p2a: Orthworm|31/266\n|-start|p2a: Orthworm|move: Heal Block\n|move|p2a: Orthworm|Iron Tail|p1a: Uxie|[miss]\n|-miss|p2a: Orthworm|p1a: Uxie\n|\n|-heal|p1a: Uxie|207/260|[from] item: Leftovers\n|upkeep\n|turn|17\n|\n|t:|1781450919\n|switch|p2a: Klefki|Klefki, L84, F|233/233\n|-damage|p2a: Klefki|219/233|[from] Stealth Rock\n|move|p1a: Uxie|Psychic Noise|p2a: Klefki\n|-resisted|p2a: Klefki\n|-damage|p2a: Klefki|185/233\n|-start|p2a: Klefki|move: Heal Block\n|\n|-heal|p1a: Uxie|223/260|[from] item: Leftovers\n|upkeep\n|turn|18\n|\n|t:|1781450924\n|switch|p1a: Dedenne|Dedenne, L88, M|66/261\n|-damage|p1a: Dedenne|34/261|[from] Spikes\n|move|p2a: Klefki|Spikes|p1a: Dedenne\n|-sidestart|p1: nextlevelcolors|Spikes\n|\n|-end|p2a: Klefki|move: Heal Block\n|upkeep\n|turn|19\n|\n|t:|1781450928\n|move|p1a: Dedenne|Nuzzle|p2a: Klefki\n|-crit|p2a: Klefki\n|-damage|p2a: Klefki|160/233\n|-status|p2a: Klefki|par\n|move|p2a: Klefki|Dazzling Gleam|p1a: Dedenne\n|-damage|p1a: Dedenne|0 fnt\n|faint|p1a: Dedenne\n|\n|-heal|p2a: Klefki|174/233 par|[from] item: Leftovers\n|upkeep\n|\n|t:|1781450935\n|switch|p1a: Swampert|Swampert, L83, M|302/302\n|-damage|p1a: Swampert|252/302|[from] Spikes\n|turn|20\n|\n|t:|1781450941\n|switch|p2a: Orthworm|Orthworm, L88, M|31/266\n|-damage|p2a: Orthworm|15/266|[from] Stealth Rock\n|move|p1a: Swampert|Roar|p2a: Orthworm\n|drag|p2a: Klefki|Klefki, L84, F|174/233 par\n|-damage|p2a: Klefki|160/233 par|[from] Stealth Rock\n|\n|-heal|p1a: Swampert|270/302|[from] item: Leftovers\n|-heal|p2a: Klefki|174/233 par|[from] item: Leftovers\n|upkeep\n|turn|21\n|\n|t:|1781450948\n|switch|p2a: Orthworm|Orthworm, L88, M|15/266\n|-damage|p2a: Orthworm|0 fnt|[from] Stealth Rock\n|faint|p2a: Orthworm\n|move|p1a: Swampert|Flip Turn|p2: Orthworm|[notarget]\n|-fail|p1a: Swampert\n|\n|-heal|p1a: Swampert|288/302|[from] item: Leftovers\n|upkeep\n|\n|t:|1781450955\n|switch|p2a: Deoxys|Deoxys, L74|153/196\n|-damage|p2a: Deoxys|129/196|[from] Stealth Rock\n|-ability|p2a: Deoxys|Pressure\n|turn|22\n|\n|t:|1781450959\n|switch|p2a: Decidueye|Decidueye-Hisui, L87, M|199/295\n|-damage|p2a: Decidueye|181/295|[from] Stealth Rock\n|move|p1a: Swampert|Earthquake|p2a: Decidueye\n|-resisted|p2a: Decidueye\n|-damage|p2a: Decidueye|121/295\n|\n|-heal|p1a: Swampert|302/302|[from] item: Leftovers\n|upkeep\n|turn|23\n|\n|t:|1781450967\n|switch|p1a: Uxie|Uxie, L83|223/260\n|move|p2a: Decidueye|Roost|p2a: Decidueye\n|-heal|p2a: Decidueye|269/295\n|-singleturn|p2a: Decidueye|move: Roost\n|\n|-heal|p1a: Uxie|239/260|[from] item: Leftovers\n|upkeep\n|turn|24\n|\n|t:|1781450972\n|-terastallize|p2a: Decidueye|Steel\n|move|p1a: Uxie|Psychic Noise|p2a: Decidueye\n|-resisted|p2a: Decidueye\n|-damage|p2a: Decidueye|237/295\n|-start|p2a: Decidueye|move: Heal Block\n|move|p2a: Decidueye|Swords Dance|p2a: Decidueye\n|-boost|p2a: Decidueye|atk|2\n|\n|-heal|p1a: Uxie|255/260|[from] item: Leftovers\n|upkeep\n|turn|25\n|\n|t:|1781450975\n|move|p1a: Uxie|Encore|p2a: Decidueye\n|-start|p2a: Decidueye|Encore\n|move|p2a: Decidueye|Swords Dance|p2a: Decidueye\n|-boost|p2a: Decidueye|atk|2\n|\n|-heal|p1a: Uxie|260/260|[from] item: Leftovers\n|-end|p2a: Decidueye|move: Heal Block\n|upkeep\n|turn|26\n|\n|t:|1781450985\n|move|p1a: Uxie|Knock Off|p2a: Decidueye\n|-damage|p2a: Decidueye|198/295\n|move|p2a: Decidueye|Swords Dance|p2a: Decidueye\n|-boost|p2a: Decidueye|atk|2\n|\n|upkeep\n|turn|27\n|\n|t:|1781450987\n|switch|p2a: Klefki|Klefki, L84, F|174/233 par\n|-damage|p2a: Klefki|160/233 par|[from] Stealth Rock\n|move|p1a: Uxie|Knock Off|p2a: Klefki\n|-resisted|p2a: Klefki\n|-damage|p2a: Klefki|134/233 par\n|-enditem|p2a: Klefki|Leftovers|[from] move: Knock Off|[of] p1a: Uxie\n|\n|upkeep\n|turn|28\n|\n|t:|1781450995\n|switch|p1a: Swampert|Swampert, L83, M|302/302\n|-damage|p1a: Swampert|252/302|[from] Spikes\n|move|p2a: Klefki|Spikes|p1a: Swampert\n|-sidestart|p1: nextlevelcolors|Spikes\n|\n|-heal|p1a: Swampert|270/302|[from] item: Leftovers\n|upkeep\n|turn|29\n|\n|t:|1781450999\n|switch|p2a: Decidueye|Decidueye-Hisui, L87, M, tera:Steel|198/295\n|-damage|p2a: Decidueye|180/295|[from] Stealth Rock\n|move|p1a: Swampert|Earthquake|p2a: Decidueye\n|-supereffective|p2a: Decidueye\n|-damage|p2a: Decidueye|0 fnt\n|faint|p2a: Decidueye\n|\n|-heal|p1a: Swampert|288/302|[from] item: Leftovers\n|upkeep\n|\n|t:|1781451004\n|switch|p2a: Deoxys|Deoxys, L74|129/196\n|-damage|p2a: Deoxys|105/196|[from] Stealth Rock\n|-ability|p2a: Deoxys|Pressure\n|turn|30\n|\n|t:|1781451007\n|move|p2a: Deoxys|Psycho Boost|p1a: Swampert\n|-damage|p1a: Swampert|77/302\n|-unboost|p2a: Deoxys|spa|2\n|-damage|p2a: Deoxys|86/196|[from] item: Life Orb\n|move|p1a: Swampert|Knock Off|p2a: Deoxys\n|-supereffective|p2a: Deoxys\n|-damage|p2a: Deoxys|0 fnt\n|-enditem|p2a: Deoxys|Life Orb|[from] move: Knock Off|[of] p1a: Swampert\n|faint|p2a: Deoxys\n|\n|-heal|p1a: Swampert|95/302|[from] item: Leftovers\n|upkeep\n|c|\u2606i love wo chien|gg\n|-message|i love wo chien forfeited.\n|\n|win|nextlevelcolors\n", "inputlog": ">version a8376a258c1d4662feba110a92103f3664a72141\n>start {\"formatid\":\"gen9randombattle\",\"seed\":\"sodium,c468ef774a1feaeea0074097b6578e2e\",\"rated\":\"Rated battle\"}\n>player p1 {\"name\":\"nextlevelcolors\",\"avatar\":\"169\",\"rating\":1965,\"seed\":\"sodium,5cec1f8c22239232cf076359aeba7405\"}\n>player p2 {\"name\":\"i love wo chien\",\"avatar\":\"chase\",\"rating\":1947,\"seed\":\"sodium,13dc06a482d312e82c613ddfaede64d2\"}\n>chat \u2606i love wo chien|glhf\n>chat \u2606nextlevelcolors|u2\n>p1 move knockoff\n>p2 switch 2\n>p1 switch 5\n>p2 move triplearrows\n>p1 move stealthrock\n>p2 switch 3\n>p1 switch 5\n>p2 move spikes\n>p1 switch 2\n>p2 switch 4\n>p1 move thunderbolt\n>p2 move irontail\n>p1 move thunderbolt\n>p2 switch 2\n>p1 move nuzzle\n>p2 move fireblast\n>p1 switch 2\n>p2 move focusblast\n>p1 move stoneedge\n>p2 move fireblast\n>p2 switch 6\n>p1 move knockoff\n>p2 move waterpulse\n>p1 switch 2\n>p1 move thunderbolt\n>p2 move waterpulse\n>p1 move thunderbolt\n>p2 move waterpulse\n>p2 switch 5\n>p1 switch 5\n>p2 move extremespeed\n>p1 move knockoff\n>p2 switch 2\n>p1 move psychicnoise\n>p2 move irontail\n>p1 move psychicnoise\n>p2 switch 4\n>p1 switch 5\n>p2 move spikes\n>p1 move nuzzle\n>p2 move dazzlinggleam\n>p1 switch 6\n>p1 move roar\n>p2 switch 4\n>p1 move flipturn\n>p2 switch 4\n>p2 switch 2\n>p1 move earthquake\n>p2 switch 3\n>p1 switch 5\n>p2 move roost\n>p1 move psychicnoise\n>p2 move swordsdance terastallize\n>p1 move encore\n>p2 move leafblade\n>p1 move knockoff\n>p2 move swordsdance\n>p1 move knockoff\n>p2 switch 4\n>p1 switch 5\n>p2 move spikes\n>p1 move earthquake\n>p2 switch 4\n>p2 switch 3\n>p1 move knockoff\n>p2 move psychoboost\n>chat \u2606i love wo chien|gg\n>forcelose p2", "uploadtime": 1781450614, "views": 16, "formatid": "gen9randombattle", "rating": null, "private": 0, "password": null}