{"id": "gen9randombattle-2631640348", "format": "[Gen 9] Random Battle", "players": ["VTCLA", "Dfrrnspa97"], "log": "|j|\u2606VTCLA\n|j|\u2606Dfrrnspa97\n|t:|1781413220\n|gametype|singles\n|player|p1|VTCLA|170|2179\n|player|p2|Dfrrnspa97|101|2111\n|gen|9\n|tier|[Gen 9] Random Battle\n|rated|\n|rule|Species Clause: Limit one of each Pok\u00e9mon\n|rule|HP Percentage Mod: HP is shown in percentages\n|rule|Sleep Clause Mod: Limit one foe put to sleep\n|rule|Illusion Level Mod: Illusion disguises the Pok\u00e9mon's true level\n|\n|t:|1781413220\n|teamsize|p1|6\n|teamsize|p2|6\n|start\n|switch|p1a: Tinkaton|Tinkaton, L82, F|274/274\n|switch|p2a: Torterra|Torterra, L78, M|276/276\n|-ability|p1a: Tinkaton|Mold Breaker\n|turn|1\n|inactive|Battle timer is ON: inactive players will automatically lose when time's up. (requested by Dfrrnspa97)\n|inactive|VTCLA has 120 seconds left.\n|\n|t:|1781413262\n|switch|p1a: Brute Bonnet|Brute Bonnet, L80|309/309\n|move|p2a: Torterra|Shell Smash|p2a: Torterra\n|-unboost|p2a: Torterra|def|1\n|-unboost|p2a: Torterra|spd|1\n|-boost|p2a: Torterra|atk|2\n|-boost|p2a: Torterra|spa|2\n|-boost|p2a: Torterra|spe|2\n|\n|upkeep\n|turn|2\n|\n|t:|1781413278\n|switch|p2a: Torkoal|Torkoal, L88, F|266/266\n|-weather|SunnyDay|[from] ability: Drought|[of] p2a: Torkoal\n|-activate|p1a: Brute Bonnet|ability: Protosynthesis\n|-start|p1a: Brute Bonnet|protosynthesisatk\n|move|p1a: Brute Bonnet|Crunch|p2a: Torkoal\n|-damage|p2a: Torkoal|176/266\n|\n|-weather|SunnyDay|[upkeep]\n|upkeep\n|turn|3\n|\n|t:|1781413287\n|move|p1a: Brute Bonnet|Spore|p2a: Torkoal\n|-status|p2a: Torkoal|slp|[from] move: Spore\n|cant|p2a: Torkoal|slp\n|\n|-weather|SunnyDay|[upkeep]\n|upkeep\n|turn|4\n|\n|t:|1781413299\n|-end|p1a: Brute Bonnet|Protosynthesis|[silent]\n|switch|p1a: Mudsdale|Mudsdale, L83, F|302/302\n|cant|p2a: Torkoal|slp\n|\n|-weather|SunnyDay|[upkeep]\n|upkeep\n|turn|5\n|\n|t:|1781413306\n|move|p1a: Mudsdale|Earthquake|p2a: Torkoal\n|-supereffective|p2a: Torkoal\n|-damage|p2a: Torkoal|12/266 slp\n|cant|p2a: Torkoal|slp\n|\n|-weather|SunnyDay|[upkeep]\n|upkeep\n|turn|6\n|\n|t:|1781413313\n|switch|p2a: Brambleghast|Brambleghast, L88, F|240/240\n|move|p1a: Mudsdale|Heavy Slam|p2a: Brambleghast\n|-damage|p2a: Brambleghast|119/240\n|\n|-weather|none\n|-heal|p2a: Brambleghast|134/240|[from] item: Leftovers\n|upkeep\n|turn|7\n|\n|t:|1781413335\n|switch|p1a: Brute Bonnet|Brute Bonnet, L80|309/309\n|move|p2a: Brambleghast|Spikes|p1a: Brute Bonnet\n|-sidestart|p1: VTCLA|Spikes\n|\n|-heal|p2a: Brambleghast|149/240|[from] item: Leftovers\n|upkeep\n|turn|8\n|\n|t:|1781413352\n|switch|p2a: Entei|Entei, L78|307/307\n|move|p1a: Brute Bonnet|Crunch|p2a: Entei\n|-damage|p2a: Entei|196/307\n|\n|upkeep\n|turn|9\n|\n|t:|1781413359\n|-end|p1a: Brute Bonnet|Protosynthesis|[silent]\n|switch|p1a: Mudsdale|Mudsdale, L83, F|302/302\n|-damage|p1a: Mudsdale|265/302|[from] Spikes\n|move|p2a: Entei|Sacred Fire|p1a: Mudsdale\n|-damage|p1a: Mudsdale|126/302\n|-ability|p1a: Mudsdale|Stamina|boost\n|-boost|p1a: Mudsdale|def|1\n|\n|-heal|p1a: Mudsdale|144/302|[from] item: Leftovers\n|upkeep\n|turn|10\n|\n|t:|1781413369\n|switch|p2a: Brambleghast|Brambleghast, L88, F|149/240\n|move|p1a: Mudsdale|Earthquake|p2a: Brambleghast\n|-resisted|p2a: Brambleghast\n|-damage|p2a: Brambleghast|76/240\n|\n|-heal|p2a: Brambleghast|91/240|[from] item: Leftovers\n|-heal|p1a: Mudsdale|162/302|[from] item: Leftovers\n|upkeep\n|turn|11\n|j| Techybutt\n|\n|t:|1781413376\n|move|p2a: Brambleghast|Strength Sap|p1a: Mudsdale\n|-unboost|p1a: Mudsdale|atk|1\n|-heal|p2a: Brambleghast|240/240\n|move|p1a: Mudsdale|Heavy Slam|p2a: Brambleghast\n|-damage|p2a: Brambleghast|159/240\n|\n|-heal|p2a: Brambleghast|174/240|[from] item: Leftovers\n|-heal|p1a: Mudsdale|180/302|[from] item: Leftovers\n|upkeep\n|turn|12\n|\n|t:|1781413393\n|switch|p1a: Brute Bonnet|Brute Bonnet, L80|309/309\n|-damage|p1a: Brute Bonnet|271/309|[from] Spikes\n|move|p2a: Brambleghast|Spikes|p1a: Brute Bonnet\n|-sidestart|p1: VTCLA|Spikes\n|\n|-heal|p2a: Brambleghast|189/240|[from] item: Leftovers\n|-heal|p1a: Brute Bonnet|290/309|[from] item: Leftovers\n|upkeep\n|turn|13\n|\n|t:|1781413405\n|switch|p2a: Torkoal|Torkoal, L88, F|12/266 slp\n|-weather|SunnyDay|[from] ability: Drought|[of] p2a: Torkoal\n|-activate|p1a: Brute Bonnet|ability: Protosynthesis\n|-start|p1a: Brute Bonnet|protosynthesisatk\n|move|p1a: Brute Bonnet|Crunch|p2a: Torkoal\n|-damage|p2a: Torkoal|0 fnt\n|faint|p2a: Torkoal\n|\n|-weather|SunnyDay|[upkeep]\n|-heal|p1a: Brute Bonnet|309/309|[from] item: Leftovers\n|upkeep\n|\n|t:|1781413407\n|switch|p2a: Entei|Entei, L78|196/307\n|turn|14\n|inactive|VTCLA has 120 seconds left.\n|\n|t:|1781413444\n|-end|p1a: Brute Bonnet|Protosynthesis|[silent]\n|switch|p1a: Mudsdale|Mudsdale, L83, F|180/302\n|-damage|p1a: Mudsdale|130/302|[from] Spikes\n|move|p2a: Entei|Flare Blitz|p1a: Mudsdale\n|-damage|p1a: Mudsdale|0 fnt\n|faint|p1a: Mudsdale\n|-damage|p2a: Entei|153/307|[from] Recoil\n|\n|-weather|SunnyDay|[upkeep]\n|upkeep\n|\n|t:|1781413460\n|switch|p1a: Minior|Minior-Indigo, L79|224/224\n|-formechange|p1a: Minior|Minior-Meteor||[from] ability: Shields Down\n|turn|15\n|\n|t:|1781413470\n|move|p2a: Entei|Flare Blitz|p1a: Minior\n|-resisted|p1a: Minior\n|-damage|p1a: Minior|80/224\n|-damage|p2a: Entei|105/307|[from] Recoil\n|move|p1a: Minior|Shell Smash|p1a: Minior\n|-unboost|p1a: Minior|def|1\n|-unboost|p1a: Minior|spd|1\n|-boost|p1a: Minior|atk|2\n|-boost|p1a: Minior|spa|2\n|-boost|p1a: Minior|spe|2\n|-enditem|p1a: Minior|White Herb\n|-clearnegativeboost|p1a: Minior|[silent]\n|\n|-weather|SunnyDay|[upkeep]\n|-formechange|p1a: Minior|Minior-Indigo||[from] ability: Shields Down\n|upkeep\n|turn|16\n|\n|t:|1781413484\n|switch|p2a: Palossand|Palossand, L89, F|296/296\n|move|p1a: Minior|Acrobatics|p2a: Palossand\n|-damage|p2a: Palossand|130/296\n|\n|-weather|SunnyDay|[upkeep]\n|-heal|p2a: Palossand|148/296|[from] item: Leftovers\n|upkeep\n|turn|17\n|\n|t:|1781413504\n|move|p1a: Minior|Acrobatics|p2a: Palossand\n|-damage|p2a: Palossand|0 fnt\n|faint|p2a: Palossand\n|\n|-weather|none\n|upkeep\n|\n|t:|1781413508\n|switch|p2a: Torterra|Torterra, L78, M|276/276\n|turn|18\n|\n|t:|1781413516\n|move|p1a: Minior|Earthquake|p2a: Torterra\n|-resisted|p2a: Torterra\n|-damage|p2a: Torterra|221/276\n|move|p2a: Torterra|Rock Blast|p1a: Minior\n|-supereffective|p1a: Minior\n|-damage|p1a: Minior|28/224\n|-supereffective|p1a: Minior\n|-damage|p1a: Minior|0 fnt\n|faint|p1a: Minior\n|-hitcount|p1: Minior|2\n|\n|upkeep\n|inactive|VTCLA has 120 seconds left.\n|\n|t:|1781413529\n|switch|p1a: Misdreavus|Misdreavus, L90, M|254/254\n|turn|19\n|inactive|VTCLA has 120 seconds left.\n|\n|t:|1781413547\n|switch|p2a: Entei|Entei, L78|105/307\n|move|p1a: Misdreavus|Will-O-Wisp|p2a: Entei\n|-immune|p2a: Entei\n|\n|upkeep\n|turn|20\n|inactive|VTCLA has 120 seconds left.\n|\n|t:|1781413553\n|move|p1a: Misdreavus|Shadow Ball|p2a: Entei\n|-damage|p2a: Entei|0 fnt\n|faint|p2a: Entei\n|\n|upkeep\n|\n|t:|1781413561\n|switch|p2a: Brambleghast|Brambleghast, L88, F|189/240\n|turn|21\n|\n|t:|1781413570\n|switch|p1a: Brute Bonnet|Brute Bonnet, L80|309/309\n|-damage|p1a: Brute Bonnet|258/309|[from] Spikes\n|move|p2a: Brambleghast|Poltergeist|p1a: Brute Bonnet\n|-activate|p1a: Brute Bonnet|move: Poltergeist|Leftovers\n|-resisted|p1a: Brute Bonnet\n|-damage|p1a: Brute Bonnet|194/309\n|\n|-heal|p2a: Brambleghast|204/240|[from] item: Leftovers\n|-heal|p1a: Brute Bonnet|213/309|[from] item: Leftovers\n|upkeep\n|turn|22\n|\n|t:|1781413579\n|switch|p2a: Gallade|Gallade, L80, M|240/240\n|move|p1a: Brute Bonnet|Crunch|p2a: Gallade\n|-damage|p2a: Gallade|111/240\n|\n|-heal|p1a: Brute Bonnet|232/309|[from] item: Leftovers\n|upkeep\n|turn|23\n|\n|t:|1781413597\n|-end|p1a: Brute Bonnet|Protosynthesis|[silent]\n|switch|p1a: Tinkaton|Tinkaton, L82, F|274/274\n|-damage|p1a: Tinkaton|229/274|[from] Spikes\n|-ability|p1a: Tinkaton|Mold Breaker\n|-terastallize|p2a: Gallade|Fighting\n|move|p2a: Gallade|Sacred Sword|p1a: Tinkaton\n|-damage|p1a: Tinkaton|0 fnt\n|faint|p1a: Tinkaton\n|-damage|p2a: Gallade|87/240|[from] item: Life Orb\n|\n|upkeep\n|\n|t:|1781413609\n|switch|p1a: Misdreavus|Misdreavus, L90, M|254/254\n|turn|24\n|\n|t:|1781413613\n|switch|p2a: Torterra|Torterra, L78, M|221/276\n|move|p1a: Misdreavus|Draining Kiss|p2a: Torterra\n|-damage|p2a: Torterra|181/276\n|\n|upkeep\n|turn|25\n|\n|t:|1781413618\n|move|p1a: Misdreavus|Will-O-Wisp|p2a: Torterra\n|-status|p2a: Torterra|brn\n|move|p2a: Torterra|Shell Smash|p2a: Torterra\n|-unboost|p2a: Torterra|def|1\n|-unboost|p2a: Torterra|spd|1\n|-boost|p2a: Torterra|atk|2\n|-boost|p2a: Torterra|spa|2\n|-boost|p2a: Torterra|spe|2\n|\n|-damage|p2a: Torterra|164/276 brn|[from] brn\n|upkeep\n|turn|26\n|\n|t:|1781413632\n|move|p2a: Torterra|Bullet Seed|p1a: Misdreavus\n|-damage|p1a: Misdreavus|235/254\n|-damage|p1a: Misdreavus|214/254\n|-damage|p1a: Misdreavus|195/254\n|-damage|p1a: Misdreavus|174/254\n|-damage|p1a: Misdreavus|153/254\n|-hitcount|p1a: Misdreavus|5\n|move|p1a: Misdreavus|Shadow Ball|p2a: Torterra\n|-damage|p2a: Torterra|11/276 brn\n|\n|-damage|p2a: Torterra|0 fnt|[from] brn\n|faint|p2a: Torterra\n|upkeep\n|\n|t:|1781413635\n|switch|p2a: Brambleghast|Brambleghast, L88, F|204/240\n|turn|27\n|\n|t:|1781413651\n|switch|p2a: Gallade|Gallade, L80, M, tera:Fighting|87/240\n|-terastallize|p1a: Misdreavus|Fairy\n|move|p1a: Misdreavus|Will-O-Wisp|p2a: Gallade\n|-status|p2a: Gallade|brn\n|\n|-damage|p2a: Gallade|72/240 brn|[from] brn\n|upkeep\n|turn|28\n|-message|Dfrrnspa97 forfeited.\n|\n|win|VTCLA\n", "inputlog": ">version a8376a258c1d4662feba110a92103f3664a72141\n>start {\"formatid\":\"gen9randombattle\",\"seed\":\"sodium,ca604f25086e2dde1db90fb86bfa4d56\",\"rated\":\"Rated battle\"}\n>player p1 {\"name\":\"VTCLA\",\"avatar\":\"170\",\"rating\":2179,\"seed\":\"sodium,9d440911b7dda49f636204f5a7a4aec5\"}\n>player p2 {\"name\":\"Dfrrnspa97\",\"avatar\":\"101\",\"rating\":2111,\"seed\":\"sodium,f758add9254d610a5af75ae4f23dd738\"}\n>p1 switch 4\n>p2 move shellsmash\n>p1 move crunch\n>p2 switch 6\n>p1 move spore\n>p2 move lavaplume\n>p1 switch 3\n>p2 move rapidspin\n>p1 move earthquake\n>p2 move solarbeam\n>p1 move heavyslam\n>p2 switch 3\n>p1 switch 3\n>p2 move spikes\n>p1 move crunch\n>p2 switch 4\n>p1 switch 3\n>p2 move sacredfire\n>p1 move earthquake\n>p2 switch 4\n>p1 move heavyslam\n>p2 move strengthsap\n>p1 switch 3\n>p2 move spikes\n>p1 move crunch\n>p2 switch 3\n>p2 switch 4\n>p1 switch 3\n>p2 move flareblitz\n>p1 switch 5\n>p1 move shellsmash\n>p2 move flareblitz\n>p1 move acrobatics\n>p2 switch 2\n>p1 move acrobatics\n>p2 move shadowball\n>p2 switch 6\n>p1 move earthquake\n>p2 move rockblast\n>p1 switch 6\n>p1 move willowisp\n>p2 switch 2\n>p1 move shadowball\n>p2 move flareblitz\n>p2 switch 3\n>p1 switch 3\n>p2 move poltergeist\n>p1 move crunch\n>p2 switch 5\n>p1 switch 4\n>p2 move sacredsword terastallize\n>p1 switch 3\n>p1 move drainingkiss\n>p2 switch 2\n>p1 move willowisp\n>p2 move shellsmash\n>p1 move shadowball\n>p2 move bulletseed\n>p2 switch 5\n>p1 move willowisp terastallize\n>p2 switch 2\n>forcelose p2", "uploadtime": 1781413221, "views": 5, "formatid": "gen9randombattle", "rating": null, "private": 0, "password": null}