{"id": "gen9randombattle-2631922110", "format": "[Gen 9] Random Battle", "players": ["darielcraft", "nanobananas"], "log": "|j|\u2606darielcraft\n|j|\u2606nanobananas\n|t:|1781455931\n|gametype|singles\n|player|p1|darielcraft|169|1358\n|player|p2|nanobananas|170|1414\n|gen|9\n|tier|[Gen 9] Random Battle\n|rated|\n|rule|Species Clause: Limit one of each Pok\u00e9mon\n|rule|HP Percentage Mod: HP is shown in percentages\n|rule|Sleep Clause Mod: Limit one foe put to sleep\n|rule|Illusion Level Mod: Illusion disguises the Pok\u00e9mon's true level\n|\n|t:|1781455931\n|teamsize|p1|6\n|teamsize|p2|6\n|start\n|switch|p1a: Luvdisc|Luvdisc, F|247/247\n|switch|p2a: Iron Jugulis|Iron Jugulis, L77|271/271\n|turn|1\n|inactive|Battle timer is ON: inactive players will automatically lose when time's up. (requested by darielcraft)\n|\n|t:|1781455959\n|switch|p1a: Cinccino|Cinccino, L83, M|260/260\n|-end|p2a: Iron Jugulis|Quark Drive|[silent]\n|switch|p2a: Regice|Regice, L88|284/284\n|\n|upkeep\n|turn|2\n|\n|t:|1781455986\n|move|p1a: Cinccino|U-turn|p2a: Regice\n|-damage|p2a: Regice|242/284\n|\n|t:|1781455989\n|switch|p1a: Metagross|Metagross, L79|256/256|[from] U-turn\n|move|p2a: Regice|Thunder Wave|p1a: Metagross\n|-status|p1a: Metagross|par\n|\n|upkeep\n|turn|3\n|inactive|nanobananas has 120 seconds left.\n|\n|t:|1781456021\n|move|p2a: Regice|Body Press|p1a: Metagross\n|-damage|p1a: Metagross|206/256 par\n|move|p1a: Metagross|Heavy Slam|p2a: Regice\n|-supereffective|p2a: Regice\n|-damage|p2a: Regice|78/284\n|\n|upkeep\n|turn|4\n|\n|t:|1781456027\n|move|p2a: Regice|Thunderbolt|p1a: Metagross\n|-damage|p1a: Metagross|124/256 par\n|move|p1a: Metagross|Heavy Slam|p2a: Regice\n|-supereffective|p2a: Regice\n|-damage|p2a: Regice|0 fnt\n|faint|p2a: Regice\n|\n|upkeep\n|\n|t:|1781456037\n|switch|p2a: Vigoroth|Vigoroth, L85, F|275/275\n|turn|5\n|\n|t:|1781456041\n|move|p2a: Vigoroth|Bulk Up|p2a: Vigoroth\n|-boost|p2a: Vigoroth|atk|1\n|-boost|p2a: Vigoroth|def|1\n|move|p1a: Metagross|Heavy Slam|p2a: Vigoroth\n|-damage|p2a: Vigoroth|203/275\n|\n|upkeep\n|turn|6\n|\n|t:|1781456057\n|move|p2a: Vigoroth|Bulk Up|p2a: Vigoroth\n|-boost|p2a: Vigoroth|atk|1\n|-boost|p2a: Vigoroth|def|1\n|move|p1a: Metagross|Heavy Slam|p2a: Vigoroth\n|-damage|p2a: Vigoroth|155/275\n|\n|upkeep\n|turn|7\n|\n|t:|1781456063\n|switch|p1a: Abomasnow|Abomasnow, L84, M|287/287\n|-weather|Snowscape|[from] ability: Snow Warning|[of] p1a: Abomasnow\n|move|p2a: Vigoroth|Bulk Up|p2a: Vigoroth\n|-boost|p2a: Vigoroth|atk|1\n|-boost|p2a: Vigoroth|def|1\n|\n|-weather|Snowscape|[upkeep]\n|upkeep\n|turn|8\n|\n|t:|1781456072\n|move|p2a: Vigoroth|Slack Off|p2a: Vigoroth\n|-heal|p2a: Vigoroth|275/275\n|move|p1a: Abomasnow|Aurora Veil|p1a: Abomasnow\n|-sidestart|p1: darielcraft|move: Aurora Veil\n|\n|-weather|Snowscape|[upkeep]\n|upkeep\n|turn|9\n|\n|t:|1781456079\n|move|p2a: Vigoroth|Body Slam|p1a: Abomasnow\n|-damage|p1a: Abomasnow|212/287\n|move|p1a: Abomasnow|Blizzard|p2a: Vigoroth\n|-damage|p2a: Vigoroth|166/275\n|\n|-weather|Snowscape|[upkeep]\n|upkeep\n|turn|10\n|\n|t:|1781456086\n|move|p2a: Vigoroth|Body Slam|p1a: Abomasnow\n|-damage|p1a: Abomasnow|140/287\n|-status|p1a: Abomasnow|par\n|move|p1a: Abomasnow|Blizzard|p2a: Vigoroth\n|-damage|p2a: Vigoroth|63/275\n|\n|-weather|Snowscape|[upkeep]\n|upkeep\n|turn|11\n|\n|t:|1781456094\n|move|p2a: Vigoroth|Slack Off|p2a: Vigoroth\n|-heal|p2a: Vigoroth|201/275\n|cant|p1a: Abomasnow|par\n|\n|-weather|none\n|upkeep\n|turn|12\n|\n|t:|1781456101\n|move|p2a: Vigoroth|Body Slam|p1a: Abomasnow\n|-damage|p1a: Abomasnow|24/287 par\n|move|p1a: Abomasnow|Blizzard|p2a: Vigoroth|[miss]\n|-miss|p1a: Abomasnow|p2a: Vigoroth\n|\n|upkeep\n|turn|13\n|\n|t:|1781456109\n|move|p1a: Abomasnow|Ice Shard|p2a: Vigoroth\n|-damage|p2a: Vigoroth|188/275\n|move|p2a: Vigoroth|Body Slam|p1a: Abomasnow\n|-damage|p1a: Abomasnow|0 fnt\n|faint|p1a: Abomasnow\n|\n|upkeep\n|\n|t:|1781456114\n|switch|p1a: Luvdisc|Luvdisc, F|247/247\n|turn|14\n|\n|t:|1781456129\n|-terastallize|p1a: Luvdisc|Ghost\n|move|p1a: Luvdisc|Surf|p2a: Vigoroth\n|-damage|p2a: Vigoroth|119/275\n|move|p2a: Vigoroth|Slack Off|p2a: Vigoroth\n|-heal|p2a: Vigoroth|257/275\n|\n|upkeep\n|turn|15\n|\n|t:|1781456136\n|move|p1a: Luvdisc|Whirlpool|p2a: Vigoroth\n|-damage|p2a: Vigoroth|230/275\n|-activate|p2a: Vigoroth|move: Whirlpool|[of] p1a: Luvdisc\n|move|p2a: Vigoroth|Knock Off|p1a: Luvdisc\n|-supereffective|p1a: Luvdisc\n|-damage|p1a: Luvdisc|68/247\n|-enditem|p1a: Luvdisc|Heavy-Duty Boots|[from] move: Knock Off|[of] p2a: Vigoroth\n|\n|-damage|p2a: Vigoroth|196/275|[from] move: Whirlpool|[partiallytrapped]\n|-sideend|p1: darielcraft|move: Aurora Veil\n|upkeep\n|turn|16\n|\n|t:|1781456145\n|move|p1a: Luvdisc|Endeavor|p2a: Vigoroth\n|-damage|p2a: Vigoroth|68/275\n|move|p2a: Vigoroth|Knock Off|p1a: Luvdisc\n|-supereffective|p1a: Luvdisc\n|-damage|p1a: Luvdisc|0 fnt\n|faint|p1a: Luvdisc\n|\n|-end|p2a: Vigoroth|Whirlpool|[partiallytrapped]|[silent]\n|upkeep\n|\n|t:|1781456162\n|switch|p1a: Lokix|Lokix, L82, F|251/251\n|turn|17\n|\n|t:|1781456173\n|move|p1a: Lokix|First Impression|p2a: Vigoroth\n|-damage|p2a: Vigoroth|34/275\n|move|p2a: Vigoroth|Slack Off|p2a: Vigoroth\n|-heal|p2a: Vigoroth|172/275\n|\n|upkeep\n|turn|18\n|-message|darielcraft forfeited.\n|\n|win|nanobananas\n|raw|darielcraft's rating: 1358 &rarr; <strong>1341</strong><br />(-17 for losing)\n|raw|nanobananas's rating: 1414 &rarr; <strong>1431</strong><br />(+17 for winning)\n|l|\u2606darielcraft\n|player|p1|\n", "inputlog": ">version a8376a258c1d4662feba110a92103f3664a72141\n>start {\"formatid\":\"gen9randombattle\",\"seed\":\"sodium,a08e9ec6d5ee506579104024f41a2fb7\",\"rated\":\"Rated battle\"}\n>player p1 {\"name\":\"darielcraft\",\"avatar\":\"169\",\"rating\":1358,\"seed\":\"sodium,ed5cf7b62f787f4d6e0bbcc0f11fd354\"}\n>player p2 {\"name\":\"nanobananas\",\"avatar\":\"170\",\"rating\":1414,\"seed\":\"sodium,39a7c59fa8ee7cc4c0f156472fea7abd\"}\n>p1 switch 3\n>p2 switch 3\n>p1 move uturn\n>p2 move thunderwave\n>p1 switch 5\n>p1 move heavyslam\n>p2 move bodypress\n>p1 move heavyslam\n>p2 move thunderbolt\n>p2 switch 4\n>p1 move heavyslam\n>p2 move bulkup\n>p1 move heavyslam\n>p2 move bulkup\n>p1 switch 2\n>p2 move bulkup\n>p1 move auroraveil\n>p2 move slackoff\n>p1 move blizzard\n>p2 move bodyslam\n>p1 move blizzard\n>p2 move bodyslam\n>p1 move blizzard\n>p2 move slackoff\n>p1 move blizzard\n>p2 move bodyslam\n>p1 move iceshard\n>p2 move bodyslam\n>p1 switch 3\n>p1 move surf terastallize\n>p2 move slackoff\n>p1 move whirlpool\n>p2 move knockoff\n>p1 move endeavor\n>p2 move knockoff\n>p1 switch 6\n>p1 move firstimpression\n>p2 move slackoff\n>forcelose p1", "uploadtime": 1781456185, "views": 3, "formatid": "gen9randombattle", "rating": 1341, "private": 0, "password": null}