{"id": "gen9randombattle-2631759083", "format": "[Gen 9] Random Battle", "players": ["luybrickwell", "papaya32"], "log": "|j|\u2606luybrickwell\n|j|\u2606papaya32\n|t:|1781435079\n|gametype|singles\n|player|p1|luybrickwell|youngster-gen4dp|1071\n|player|p2|papaya32|burglar|1089\n|gen|9\n|tier|[Gen 9] Random Battle\n|rated|\n|rule|Species Clause: Limit one of each Pok\u00e9mon\n|rule|HP Percentage Mod: HP is shown in percentages\n|rule|Sleep Clause Mod: Limit one foe put to sleep\n|rule|Illusion Level Mod: Illusion disguises the Pok\u00e9mon's true level\n|\n|t:|1781435079\n|teamsize|p1|6\n|teamsize|p2|6\n|start\n|switch|p1a: Spectrier|Spectrier, L75|274/274\n|switch|p2a: Gyarados|Gyarados, L79, M|280/280\n|turn|1\n|\n|t:|1781435108\n|switch|p1a: Toedscruel|Toedscruel, L87, F|281/281\n|move|p2a: Gyarados|Dragon Dance|p2a: Gyarados\n|-boost|p2a: Gyarados|atk|1\n|-boost|p2a: Gyarados|spe|1\n|\n|upkeep\n|turn|2\n|\n|t:|1781435128\n|-terastallize|p2a: Gyarados|Flying\n|move|p2a: Gyarados|Dragon Dance|p2a: Gyarados\n|-boost|p2a: Gyarados|atk|1\n|-boost|p2a: Gyarados|spe|1\n|move|p1a: Toedscruel|Spore|p2a: Gyarados\n|-status|p2a: Gyarados|slp|[from] move: Spore\n|\n|upkeep\n|turn|3\n|\n|t:|1781435142\n|switch|p1a: Spectrier|Spectrier, L75|274/274\n|cant|p2a: Gyarados|slp\n|\n|upkeep\n|turn|4\n|\n|t:|1781435146\n|-curestatus|p2a: Gyarados|slp|[msg]\n|move|p2a: Gyarados|Tera Blast|p1a: Spectrier|[anim] Tera Blast Flying\n|-damage|p1a: Spectrier|0 fnt\n|faint|p1a: Spectrier\n|-ability|p2a: Gyarados|Moxie|boost\n|-boost|p2a: Gyarados|atk|1\n|\n|upkeep\n|\n|t:|1781435154\n|switch|p1a: Toedscruel|Toedscruel, L87, F|281/281\n|turn|5\n|\n|t:|1781435159\n|move|p2a: Gyarados|Tera Blast|p1a: Toedscruel|[anim] Tera Blast Flying\n|-supereffective|p1a: Toedscruel\n|-damage|p1a: Toedscruel|0 fnt\n|faint|p1a: Toedscruel\n|-ability|p2a: Gyarados|Moxie|boost\n|-boost|p2a: Gyarados|atk|1\n|\n|upkeep\n|\n|t:|1781435175\n|switch|p1a: Toxicroak|Toxicroak, L84, M|277/277\n|turn|6\n|\n|t:|1781435179\n|move|p2a: Gyarados|Tera Blast|p1a: Toxicroak|[anim] Tera Blast Flying\n|-supereffective|p1a: Toxicroak\n|-damage|p1a: Toxicroak|0 fnt\n|faint|p1a: Toxicroak\n|-ability|p2a: Gyarados|Moxie|boost\n|-boost|p2a: Gyarados|atk|1\n|\n|upkeep\n|\n|t:|1781435182\n|switch|p1a: Squawkabilly|Squawkabilly-Yellow, L89, F|291/291\n|turn|7\n|\n|t:|1781435190\n|move|p1a: Squawkabilly|Quick Attack|p2a: Gyarados\n|-damage|p2a: Gyarados|196/280\n|move|p2a: Gyarados|Tera Blast|p1a: Squawkabilly|[anim] Tera Blast Flying\n|-damage|p1a: Squawkabilly|0 fnt\n|faint|p1a: Squawkabilly\n|-ability|p2a: Gyarados|Moxie|boost\n|-boost|p2a: Gyarados|atk|1\n|\n|upkeep\n|\n|t:|1781435193\n|switch|p1a: Whiscash|Whiscash, L88, F|337/337\n|turn|8\n|\n|t:|1781435198\n|-terastallize|p1a: Whiscash|Ground\n|move|p2a: Gyarados|Tera Blast|p1a: Whiscash|[anim] Tera Blast Flying\n|-damage|p1a: Whiscash|0 fnt\n|faint|p1a: Whiscash\n|\n|upkeep\n|\n|t:|1781435199\n|switch|p1a: Calyrex|Calyrex, L93|337/337\n|-ability|p1a: Calyrex|Unnerve\n|turn|9\n|\n|t:|1781435204\n|move|p2a: Gyarados|Tera Blast|p1a: Calyrex|[anim] Tera Blast Flying\n|-supereffective|p1a: Calyrex\n|-damage|p1a: Calyrex|0 fnt\n|faint|p1a: Calyrex\n|\n|win|papaya32\n|raw|luybrickwell's rating: 1071 &rarr; <strong>1051</strong><br />(-20 for losing)\n|raw|papaya32's rating: 1089 &rarr; <strong>1114</strong><br />(+25 for winning)\n|l|\u2606luybrickwell\n|player|p1|\n", "inputlog": ">version a8376a258c1d4662feba110a92103f3664a72141\n>start {\"formatid\":\"gen9randombattle\",\"seed\":\"sodium,f862e2c3f63be7b484360ac3ad19e7d9\",\"rated\":\"Rated battle\"}\n>player p1 {\"name\":\"luybrickwell\",\"avatar\":\"youngster-gen4dp\",\"rating\":1071,\"seed\":\"sodium,6ece487b0f4960dfa0db4233a46284bc\"}\n>player p2 {\"name\":\"papaya32\",\"avatar\":\"burglar\",\"rating\":1089,\"seed\":\"sodium,c43d5349d47da363cba24af38aca882e\"}\n>p1 switch 3\n>p2 move dragondance\n>p1 move spore\n>p2 move dragondance terastallize\n>p1 switch 3\n>p2 move terablast\n>p1 move nastyplot\n>p2 move terablast\n>p1 switch 3\n>p1 move spore\n>p2 move terablast\n>p1 switch 2\n>p1 move knockoff\n>p2 move terablast\n>p1 switch 6\n>p1 move quickattack\n>p2 move terablast\n>p1 switch 5\n>p1 move dragondance terastallize\n>p2 move terablast\n>p1 switch 4\n>p1 move leechseed\n>p2 move terablast", "uploadtime": 1781435326, "views": 14, "formatid": "gen9randombattle", "rating": 1051, "private": 0, "password": null}