{"id": "gen9randombattle-2631372923", "format": "[Gen 9] Random Battle", "players": ["haxion", "Goundas05"], "log": "|j|\u2606haxion\n|j|\u2606Goundas05\n|t:|1781376960\n|gametype|singles\n|player|p1|haxion|preschooler|2216\n|player|p2|Goundas05|cynthia|2159\n|gen|9\n|tier|[Gen 9] Random Battle\n|rated|\n|rule|Species Clause: Limit one of each Pok\u00e9mon\n|rule|HP Percentage Mod: HP is shown in percentages\n|rule|Sleep Clause Mod: Limit one foe put to sleep\n|rule|Illusion Level Mod: Illusion disguises the Pok\u00e9mon's true level\n|\n|t:|1781376960\n|teamsize|p1|6\n|teamsize|p2|6\n|start\n|switch|p1a: Lanturn|Lanturn, L89, M|367/367\n|switch|p2a: Rayquaza|Rayquaza, L72|270/270\n|-ability|p2a: Rayquaza|Air Lock\n|turn|1\n|inactive|Battle timer is ON: inactive players will automatically lose when time's up. (requested by Goundas05)\n|inactive|haxion also wants the timer to be on.\n|j| hanshuangl\n|l| hanshuangl\n|\n|t:|1781376980\n|switch|p2a: Amoonguss|Amoonguss, L82, M|321/321\n|move|p1a: Lanturn|Thunder Wave|p2a: Amoonguss\n|-status|p2a: Amoonguss|par\n|\n|upkeep\n|turn|2\n|\n|t:|1781376990\n|move|p1a: Lanturn|Volt Switch|p2a: Amoonguss\n|-resisted|p2a: Amoonguss\n|-damage|p2a: Amoonguss|280/321 par\n|\n|t:|1781376991\n|switch|p1a: Swalot|Swalot, L90, M|326/326|[from] Volt Switch\n|move|p2a: Amoonguss|Spore|p1a: Swalot\n|-status|p1a: Swalot|slp|[from] move: Spore\n|\n|upkeep\n|turn|3\n|\n|t:|1781377002\n|switch|p1a: Conkeldurr|Conkeldurr, L80, M|299/299\n|move|p2a: Amoonguss|Stomping Tantrum|p1a: Conkeldurr\n|-damage|p1a: Conkeldurr|249/299\n|\n|-status|p1a: Conkeldurr|brn|[from] item: Flame Orb\n|upkeep\n|turn|4\n|\n|t:|1781377011\n|move|p1a: Conkeldurr|Knock Off|p2a: Amoonguss\n|-damage|p2a: Amoonguss|128/321 par\n|-damage|p1a: Conkeldurr|200/299 brn|[from] item: Rocky Helmet|[of] p2a: Amoonguss\n|-enditem|p2a: Amoonguss|Rocky Helmet|[from] move: Knock Off|[of] p1a: Conkeldurr\n|move|p2a: Amoonguss|Sludge Bomb|p1a: Conkeldurr\n|-damage|p1a: Conkeldurr|95/299 brn\n|\n|-damage|p1a: Conkeldurr|77/299 brn|[from] brn\n|upkeep\n|turn|5\n|\n|t:|1781377034\n|move|p1a: Conkeldurr|Facade|p2a: Amoonguss\n|-crit|p2a: Amoonguss\n|-damage|p2a: Amoonguss|0 fnt\n|faint|p2a: Amoonguss\n|\n|-damage|p1a: Conkeldurr|59/299 brn|[from] brn\n|upkeep\n|\n|t:|1781377042\n|switch|p2a: Rayquaza|Rayquaza, L72|270/270\n|-ability|p2a: Rayquaza|Air Lock\n|turn|6\n|\n|t:|1781377047\n|switch|p1a: Lanturn|Lanturn, L89, M|367/367\n|move|p2a: Rayquaza|Extreme Speed|p1a: Lanturn\n|-damage|p1a: Lanturn|293/367\n|\n|upkeep\n|turn|7\n|\n|t:|1781377051\n|move|p2a: Rayquaza|Swords Dance|p2a: Rayquaza\n|-boost|p2a: Rayquaza|atk|2\n|move|p1a: Lanturn|Volt Switch|p2a: Rayquaza\n|-damage|p2a: Rayquaza|188/270\n|inactive|haxion has 120 seconds left.\n|\n|t:|1781377085\n|switch|p1a: Glalie|Glalie, L96, F|309/309|[from] Volt Switch\n|\n|upkeep\n|turn|8\n|\n|t:|1781377093\n|switch|p1a: Conkeldurr|Conkeldurr, L80, M|59/299 brn\n|-terastallize|p2a: Rayquaza|Normal\n|move|p2a: Rayquaza|Extreme Speed|p1a: Conkeldurr\n|-damage|p1a: Conkeldurr|0 fnt\n|faint|p1a: Conkeldurr\n|\n|upkeep\n|inactive|haxion has 120 seconds left.\n|inactive|haxion has 90 seconds left.\n|inactive|haxion has 60 seconds left.\n|\n|t:|1781377186\n|switch|p1a: Glalie|Glalie, L96, F|309/309\n|turn|9\n|\n|t:|1781377210\n|-terastallize|p1a: Glalie|Ghost\n|move|p2a: Rayquaza|Extreme Speed|p1a: Glalie\n|-immune|p1a: Glalie\n|move|p1a: Glalie|Freeze-Dry|p2a: Rayquaza\n|-damage|p2a: Rayquaza|92/270\n|\n|upkeep\n|turn|10\n|inactive|haxion has 60 seconds left.\n|\n|t:|1781377229\n|switch|p1a: Lanturn|Lanturn, L89, M|293/367\n|move|p2a: Rayquaza|Earthquake|p1a: Lanturn\n|-supereffective|p1a: Lanturn\n|-damage|p1a: Lanturn|0 fnt\n|faint|p1a: Lanturn\n|\n|upkeep\n|\n|t:|1781377238\n|switch|p1a: Glalie|Glalie, L96, F, tera:Ghost|309/309\n|turn|11\n|\n|t:|1781377242\n|move|p1a: Glalie|Freeze-Dry|p2a: Rayquaza\n|-damage|p2a: Rayquaza|2/270\n|move|p2a: Rayquaza|Dragon Ascent|p1a: Glalie\n|-damage|p1a: Glalie|69/309\n|-unboost|p2a: Rayquaza|def|1\n|-unboost|p2a: Rayquaza|spd|1\n|\n|upkeep\n|turn|12\n|c|\u2606haxion|holy shit\n|c|\u2606haxion|stupid calc\n|inactive|haxion has 60 seconds left.\n|c|\u2606haxion|it didn't get it was choice band, so i trusted it T_T\n|inactive|haxion has 30 seconds left.\n|\n|t:|1781377288\n|switch|p2a: Umbreon|Umbreon, L84, F|297/297\n|move|p1a: Glalie|Freeze-Dry|p2a: Umbreon\n|-damage|p2a: Umbreon|234/297\n|\n|-heal|p2a: Umbreon|252/297|[from] item: Leftovers\n|upkeep\n|turn|13\n|\n|t:|1781377299\n|move|p1a: Glalie|Spikes|p2a: Umbreon\n|-sidestart|p2: Goundas05|Spikes\n|move|p2a: Umbreon|Wish|p2a: Umbreon\n|\n|-heal|p2a: Umbreon|270/297|[from] item: Leftovers\n|upkeep\n|turn|14\n|\n|t:|1781377311\n|switch|p1a: Swalot|Swalot, L90, M|326/326 slp\n|move|p2a: Umbreon|Foul Play|p1a: Swalot\n|-damage|p1a: Swalot|239/326 slp\n|\n|-heal|p2a: Umbreon|297/297|[from] move: Wish|[wisher] Umbreon\n|-heal|p1a: Swalot|259/326 slp|[from] item: Leftovers\n|upkeep\n|turn|15\n|\n|t:|1781377317\n|move|p2a: Umbreon|Wish|p2a: Umbreon\n|cant|p1a: Swalot|slp\n|\n|-heal|p1a: Swalot|279/326 slp|[from] item: Leftovers\n|upkeep\n|turn|16\n|\n|t:|1781377326\n|switch|p2a: Rayquaza|Rayquaza, L72, tera:Normal|2/270\n|-ability|p2a: Rayquaza|Air Lock\n|cant|p1a: Swalot|slp\n|\n|-heal|p2a: Rayquaza|150/270|[from] move: Wish|[wisher] Umbreon\n|-heal|p1a: Swalot|299/326 slp|[from] item: Leftovers\n|upkeep\n|turn|17\n|\n|t:|1781377333\n|move|p2a: Rayquaza|Earthquake|p1a: Swalot\n|-supereffective|p1a: Swalot\n|-damage|p1a: Swalot|161/326 slp\n|cant|p1a: Swalot|slp\n|\n|-heal|p1a: Swalot|181/326 slp|[from] item: Leftovers\n|upkeep\n|turn|18\n|inactive|haxion has 60 seconds left.\n|\n|t:|1781377339\n|move|p2a: Rayquaza|Earthquake|p1a: Swalot\n|-supereffective|p1a: Swalot\n|-damage|p1a: Swalot|31/326 slp\n|-curestatus|p1a: Swalot|slp|[msg]\n|move|p1a: Swalot|Gunk Shot|p2a: Rayquaza\n|-damage|p2a: Rayquaza|6/270\n|\n|-heal|p1a: Swalot|51/326|[from] item: Leftovers\n|upkeep\n|turn|19\n|\n|t:|1781377345\n|move|p2a: Rayquaza|Earthquake|p1a: Swalot\n|-supereffective|p1a: Swalot\n|-damage|p1a: Swalot|0 fnt\n|faint|p1a: Swalot\n|\n|upkeep\n|\n|t:|1781377347\n|switch|p1a: Glalie|Glalie, L96, F, tera:Ghost|69/309\n|turn|20\n|\n|t:|1781377351\n|switch|p2a: Umbreon|Umbreon, L84, F|297/297\n|-damage|p2a: Umbreon|260/297|[from] Spikes\n|move|p1a: Glalie|Freeze-Dry|p2a: Umbreon\n|-damage|p2a: Umbreon|200/297\n|\n|-heal|p2a: Umbreon|218/297|[from] item: Leftovers\n|upkeep\n|turn|21\n|\n|t:|1781377354\n|move|p1a: Glalie|Taunt|p2a: Umbreon\n|-start|p2a: Umbreon|move: Taunt\n|move|p2a: Umbreon|Foul Play|p1a: Glalie\n|-supereffective|p1a: Glalie\n|-damage|p1a: Glalie|0 fnt\n|faint|p1a: Glalie\n|\n|-heal|p2a: Umbreon|236/297|[from] item: Leftovers\n|upkeep\n|inactive|haxion has 90 seconds left.\n|\n|t:|1781377360\n|switch|p1a: Salazzle|Salazzle, L83, F|249/249\n|turn|22\n|\n|t:|1781377368\n|switch|p2a: Rayquaza|Rayquaza, L72, tera:Normal|6/270\n|-ability|p2a: Rayquaza|Air Lock\n|move|p1a: Salazzle|Substitute|p1a: Salazzle\n|-start|p1a: Salazzle|Substitute\n|-damage|p1a: Salazzle|187/249\n|\n|-heal|p1a: Salazzle|202/249|[from] item: Leftovers\n|upkeep\n|turn|23\n|\n|t:|1781377374\n|move|p1a: Salazzle|Protect|p1a: Salazzle\n|-singleturn|p1a: Salazzle|Protect\n|move|p2a: Rayquaza|Extreme Speed|p1a: Salazzle\n|-activate|p1a: Salazzle|move: Protect\n|\n|-heal|p1a: Salazzle|217/249|[from] item: Leftovers\n|upkeep\n|turn|24\n|\n|t:|1781377381\n|move|p2a: Rayquaza|Extreme Speed|p1a: Salazzle\n|-end|p1a: Salazzle|Substitute\n|move|p1a: Salazzle|Flamethrower|p2a: Rayquaza\n|-damage|p2a: Rayquaza|0 fnt\n|faint|p2a: Rayquaza\n|\n|-heal|p1a: Salazzle|232/249|[from] item: Leftovers\n|upkeep\n|\n|t:|1781377386\n|switch|p2a: Charizard|Charizard, L85, F|271/271\n|turn|25\n|inactive|haxion has 120 seconds left.\n|\n|t:|1781377396\n|move|p1a: Salazzle|Protect|p1a: Salazzle\n|-singleturn|p1a: Salazzle|Protect\n|move|p2a: Charizard|Earthquake|p1a: Salazzle\n|-activate|p1a: Salazzle|move: Protect\n|\n|-heal|p1a: Salazzle|247/249|[from] item: Leftovers\n|upkeep\n|turn|26\n|\n|t:|1781377405\n|switch|p1a: Cloyster|Cloyster, L80, M|211/211\n|move|p2a: Charizard|Earthquake|p1a: Cloyster\n|-damage|p1a: Cloyster|172/211\n|\n|upkeep\n|turn|27\n|\n|t:|1781377408\n|move|p2a: Charizard|Flamethrower|p1a: Cloyster\n|-damage|p1a: Cloyster|0 fnt\n|faint|p1a: Cloyster\n|\n|upkeep\n|c|\u2606haxion|ah\n|c|\u2606haxion|mixed set\n|inactive|haxion has 120 seconds left.\n|c|\u2606Goundas05|First Time ?\n|c|\u2606haxion|maybe?\n|c|\u2606Goundas05|Nah im saying about you playing this game\n|inactive|haxion has 90 seconds left.\n|c|\u2606haxion|Why that dumb question?\n|inactive|haxion has 60 seconds left.\n|c|\u2606Goundas05|Charizard is special btw\n|inactive|haxion has 30 seconds left.\n|c|\u2606Goundas05|Only have eq for coverage\n|inactive|haxion has 20 seconds left.\n|inactive|haxion has 15 seconds left.\n|inactive|haxion has 10 seconds left.\n|c|\u2606Goundas05|Ff\n|c|\u2606haxion|there's normally a physical set, since you had earthquake, I guessed it was this one, didn't know there was now a mixed set\n|inactive|haxion has 5 seconds left.\n|-message|haxion lost due to inactivity.\n|\n|win|Goundas05\n", "inputlog": ">version a8376a258c1d4662feba110a92103f3664a72141\n>start {\"formatid\":\"gen9randombattle\",\"seed\":\"sodium,4bdc00a6ad180586a2822aa55532d7c7\",\"rated\":\"Rated battle\"}\n>player p1 {\"name\":\"haxion\",\"avatar\":\"preschooler\",\"rating\":2216,\"seed\":\"sodium,d48d420d27b03aeceba28027b0658ceb\"}\n>player p2 {\"name\":\"Goundas05\",\"avatar\":\"cynthia\",\"rating\":2159,\"seed\":\"sodium,e7f6c163827c5726db538c5a7a208706\"}\n>p1 move thunderwave\n>p2 switch 3\n>p1 move voltswitch\n>p2 move spore\n>p1 switch 5\n>p1 switch 4\n>p2 move stompingtantrum\n>p1 move knockoff\n>p2 move sludgebomb\n>p1 move facade\n>p2 move gigadrain\n>p2 switch 3\n>p1 switch 5\n>p2 move extremespeed\n>p1 move voltswitch\n>p2 move swordsdance\n>p1 switch 6\n>p1 switch 5\n>p2 move extremespeed terastallize\n>p1 switch 5\n>p1 move freezedry terastallize\n>p2 move extremespeed\n>p1 switch 6\n>p2 move earthquake\n>p1 switch 6\n>p1 move freezedry\n>p2 move dragonascent\n>chat \u2606haxion|holy shit\n>chat \u2606haxion|stupid calc\n>chat \u2606haxion|it didn't get it was choice band, so i trusted it T_T\n>p1 move freezedry\n>p2 switch 5\n>p1 move spikes\n>p2 move wish\n>p1 switch 4\n>p2 move foulplay\n>p1 move knockoff\n>p2 move wish\n>p1 move knockoff\n>p2 switch 5\n>p1 move gunkshot\n>p2 move earthquake\n>p1 move gunkshot\n>p2 move earthquake\n>p1 move knockoff\n>p2 move earthquake\n>p1 switch 4\n>p1 move freezedry\n>p2 switch 5\n>p1 move taunt\n>p2 move foulplay\n>p1 switch 3\n>p1 move substitute\n>p2 switch 5\n>p1 move protect\n>p2 move extremespeed\n>p1 move flamethrower\n>p2 move extremespeed\n>p2 switch 4\n>p1 move protect\n>p2 move earthquake\n>p1 switch 2\n>p2 move earthquake\n>p1 move shellsmash\n>p2 move flamethrower\n>chat \u2606haxion|ah \n>chat \u2606haxion|mixed set\n>chat \u2606Goundas05|First Time ?\n>chat \u2606haxion|maybe?\n>chat \u2606Goundas05|Nah im saying about you playing this game\n>chat \u2606haxion|Why that dumb question?\n>chat \u2606Goundas05|Charizard is special btw\n>chat \u2606Goundas05|Only have eq for coverage \n>chat \u2606Goundas05|Ff\n>chat \u2606haxion|there's normally a physical set, since you had earthquake, I guessed it was this one, didn't know there was now a mixed set\n>forcelose p1", "uploadtime": 1781376962, "views": 7, "formatid": "gen9randombattle", "rating": null, "private": 0, "password": null}