{"id": "gen9randombattle-2631995709", "format": "[Gen 9] Random Battle", "players": ["varllyam", "bluffmepls"], "log": "|j|\u2606varllyam\n|j|\u2606bluffmepls\n|t:|1781464012\n|gametype|singles\n|player|p1|varllyam|170|2172\n|player|p2|bluffmepls|169|2111\n|gen|9\n|tier|[Gen 9] Random Battle\n|rated|\n|rule|Species Clause: Limit one of each Pok\u00e9mon\n|rule|HP Percentage Mod: HP is shown in percentages\n|rule|Sleep Clause Mod: Limit one foe put to sleep\n|rule|Illusion Level Mod: Illusion disguises the Pok\u00e9mon's true level\n|\n|t:|1781464012\n|teamsize|p1|6\n|teamsize|p2|6\n|start\n|switch|p1a: Rotom|Rotom-Heat, L83|219/219\n|switch|p2a: Hydrapple|Hydrapple, L83, F|312/312\n|turn|1\n|inactive|Battle timer is ON: inactive players will automatically lose when time's up. (requested by bluffmepls)\n|\n|t:|1781464023\n|move|p1a: Rotom|Nasty Plot|p1a: Rotom\n|-boost|p1a: Rotom|spa|2\n|move|p2a: Hydrapple|Fickle Beam|p1a: Rotom\n|-damage|p1a: Rotom|131/219\n|\n|upkeep\n|turn|2\n|\n|t:|1781464037\n|move|p1a: Rotom|Nasty Plot|p1a: Rotom\n|-boost|p1a: Rotom|spa|2\n|move|p2a: Hydrapple|Dragon Tail|p1a: Rotom\n|-crit|p1a: Rotom\n|-damage|p1a: Rotom|62/219\n|drag|p1a: Haxorus|Haxorus, L77, M|244/244\n|-ability|p1a: Haxorus|Mold Breaker\n|\n|upkeep\n|turn|3\n|\n|t:|1781464046\n|move|p1a: Haxorus|Outrage|p2a: Hydrapple\n|-supereffective|p2a: Hydrapple\n|-damage|p2a: Hydrapple|72/312\n|move|p2a: Hydrapple|Fickle Beam|p1a: Haxorus\n|-supereffective|p1a: Haxorus\n|-damage|p1a: Haxorus|4/244\n|\n|upkeep\n|turn|4\n|\n|t:|1781464054\n|switch|p2a: Mimikyu|Mimikyu, L79, F|216/216\n|move|p1a: Haxorus|Outrage|p2a: Mimikyu|[from] lockedmove\n|-immune|p2a: Mimikyu\n|\n|upkeep\n|turn|5\n|\n|t:|1781464060\n|switch|p1a: Toxapex|Toxapex, L82, M|216/216\n|move|p2a: Mimikyu|Shadow Claw|p1a: Toxapex\n|-damage|p1a: Toxapex|165/216\n|-damage|p2a: Mimikyu|180/216|[from] item: Rocky Helmet|[of] p1a: Toxapex\n|-damage|p2a: Mimikyu|159/216|[from] item: Life Orb\n|\n|upkeep\n|turn|6\n|\n|t:|1781464083\n|switch|p2a: Hydrapple|Hydrapple, L83, F|176/312\n|move|p1a: Toxapex|Toxic|p2a: Hydrapple\n|-status|p2a: Hydrapple|tox\n|\n|-damage|p2a: Hydrapple|157/312 tox|[from] psn\n|upkeep\n|turn|7\n|\n|t:|1781464093\n|move|p2a: Hydrapple|Earth Power|p1a: Toxapex\n|-supereffective|p1a: Toxapex\n|-damage|p1a: Toxapex|59/216\n|move|p1a: Toxapex|Recover|p1a: Toxapex\n|-heal|p1a: Toxapex|167/216\n|\n|-damage|p2a: Hydrapple|119/312 tox|[from] psn\n|upkeep\n|turn|8\n|\n|t:|1781464104\n|switch|p2a: Zebstrika|Zebstrika, L87, M|272/272\n|switch|p1a: Rotom|Rotom-Heat, L83|62/219\n|\n|upkeep\n|turn|9\n|\n|t:|1781464113\n|move|p2a: Zebstrika|Supercell Slam|p1a: Rotom\n|-resisted|p1a: Rotom\n|-damage|p1a: Rotom|0 fnt\n|faint|p1a: Rotom\n|-damage|p2a: Zebstrika|245/272|[from] item: Life Orb\n|\n|upkeep\n|\n|t:|1781464123\n|switch|p1a: Virizion|Virizion, L82|283/283\n|turn|10\n|\n|t:|1781464138\n|move|p2a: Zebstrika|Overheat|p1a: Virizion|[miss]\n|-miss|p2a: Zebstrika|p1a: Virizion\n|move|p1a: Virizion|Close Combat|p2a: Zebstrika\n|-damage|p2a: Zebstrika|62/272\n|-unboost|p1a: Virizion|def|1\n|-unboost|p1a: Virizion|spd|1\n|-damage|p1a: Virizion|255/283|[from] item: Life Orb\n|\n|upkeep\n|turn|11\n|\n|t:|1781464141\n|switch|p1a: Toxapex|Toxapex, L82, M|216/216\n|move|p2a: Zebstrika|Overheat|p1a: Toxapex\n|-resisted|p1a: Toxapex\n|-damage|p1a: Toxapex|178/216\n|-unboost|p2a: Zebstrika|spa|2\n|-damage|p2a: Zebstrika|35/272|[from] item: Life Orb\n|\n|upkeep\n|turn|12\n|\n|t:|1781464144\n|switch|p1a: Virizion|Virizion, L82|255/283\n|move|p2a: Zebstrika|Volt Switch|p1a: Virizion\n|-resisted|p1a: Virizion\n|-damage|p1a: Virizion|237/283\n|-damage|p2a: Zebstrika|8/272|[from] item: Life Orb\n|\n|t:|1781464152\n|switch|p2a: Azelf|Azelf, L82|257/257|[from] Volt Switch\n|\n|upkeep\n|turn|13\n|\n|t:|1781464158\n|switch|p1a: Bombirdier|Bombirdier, L85, M|258/258\n|move|p2a: Azelf|Psychic|p1a: Bombirdier\n|-immune|p1a: Bombirdier\n|\n|upkeep\n|turn|14\n|\n|t:|1781464168\n|switch|p2a: Zebstrika|Zebstrika, L87, M|8/272\n|move|p1a: Bombirdier|Knock Off|p2a: Zebstrika\n|-damage|p2a: Zebstrika|0 fnt\n|-enditem|p2a: Zebstrika|Life Orb|[from] move: Knock Off|[of] p1a: Bombirdier\n|faint|p2a: Zebstrika\n|\n|upkeep\n|\n|t:|1781464172\n|switch|p2a: Garganacl|Garganacl, L80, F|291/291\n|turn|15\n|\n|t:|1781464191\n|move|p1a: Bombirdier|Knock Off|p2a: Garganacl\n|-damage|p2a: Garganacl|210/291\n|-enditem|p2a: Garganacl|Leftovers|[from] move: Knock Off|[of] p1a: Bombirdier\n|move|p2a: Garganacl|Salt Cure|p1a: Bombirdier\n|-supereffective|p1a: Bombirdier\n|-damage|p1a: Bombirdier|178/258\n|-start|p1a: Bombirdier|Salt Cure\n|\n|-damage|p1a: Bombirdier|146/258|[from] Salt Cure\n|upkeep\n|turn|16\n|\n|t:|1781464195\n|move|p1a: Bombirdier|U-turn|p2a: Garganacl\n|-damage|p2a: Garganacl|166/291\n|\n|t:|1781464198\n|switch|p1a: Virizion|Virizion, L82|237/283|[from] U-turn\n|move|p2a: Garganacl|Salt Cure|p1a: Virizion\n|-resisted|p1a: Virizion\n|-damage|p1a: Virizion|211/283\n|-start|p1a: Virizion|Salt Cure\n|\n|-damage|p1a: Virizion|176/283|[from] Salt Cure\n|upkeep\n|turn|17\n|\n|t:|1781464204\n|switch|p2a: Hydrapple|Hydrapple, L83, F|223/312 tox\n|move|p1a: Virizion|Leaf Blade|p2a: Hydrapple\n|-resisted|p2a: Hydrapple\n|-crit|p2a: Hydrapple\n|-damage|p2a: Hydrapple|191/312 tox\n|-damage|p1a: Virizion|148/283|[from] item: Life Orb\n|\n|-damage|p2a: Hydrapple|172/312 tox|[from] psn\n|-damage|p1a: Virizion|113/283|[from] Salt Cure\n|upkeep\n|turn|18\n|\n|t:|1781464214\n|switch|p2a: Mimikyu|Mimikyu, L79, F|159/216\n|move|p1a: Virizion|Close Combat|p2a: Mimikyu\n|-immune|p2a: Mimikyu\n|\n|-damage|p1a: Virizion|78/283|[from] Salt Cure\n|upkeep\n|turn|19\n|\n|t:|1781464219\n|move|p1a: Virizion|Leaf Blade|p2a: Mimikyu\n|-activate|p2a: Mimikyu|ability: Disguise\n|-damage|p2a: Mimikyu|159/216\n|detailschange|p2a: Mimikyu|Mimikyu-Busted, L79, F\n|-damage|p2a: Mimikyu|132/216|[from] pokemon: Mimikyu-Busted\n|-damage|p1a: Virizion|50/283|[from] item: Life Orb\n|move|p2a: Mimikyu|Swords Dance|p2a: Mimikyu\n|-boost|p2a: Mimikyu|atk|2\n|\n|-damage|p1a: Virizion|15/283|[from] Salt Cure\n|upkeep\n|turn|20\n|\n|t:|1781464225\n|switch|p1a: Toxapex|Toxapex, L82, M|216/216\n|move|p2a: Mimikyu|Shadow Sneak|p1a: Toxapex\n|-damage|p1a: Toxapex|158/216\n|-damage|p2a: Mimikyu|96/216|[from] item: Rocky Helmet|[of] p1a: Toxapex\n|-damage|p2a: Mimikyu|75/216|[from] item: Life Orb\n|\n|upkeep\n|turn|21\n|\n|t:|1781464230\n|move|p2a: Mimikyu|Shadow Claw|p1a: Toxapex\n|-damage|p1a: Toxapex|45/216\n|-damage|p2a: Mimikyu|39/216|[from] item: Rocky Helmet|[of] p1a: Toxapex\n|-damage|p2a: Mimikyu|18/216|[from] item: Life Orb\n|move|p1a: Toxapex|Recover|p1a: Toxapex\n|-heal|p1a: Toxapex|153/216\n|\n|upkeep\n|turn|22\n|\n|t:|1781464235\n|move|p2a: Mimikyu|Swords Dance|p2a: Mimikyu\n|-boost|p2a: Mimikyu|atk|2\n|move|p1a: Toxapex|Liquidation|p2a: Mimikyu\n|-damage|p2a: Mimikyu|0 fnt\n|faint|p2a: Mimikyu\n|\n|upkeep\n|\n|t:|1781464238\n|switch|p2a: Azelf|Azelf, L82|257/257\n|turn|23\n|\n|t:|1781464244\n|move|p2a: Azelf|Nasty Plot|p2a: Azelf\n|-boost|p2a: Azelf|spa|2\n|move|p1a: Toxapex|Toxic|p2a: Azelf\n|-status|p2a: Azelf|tox\n|\n|-damage|p2a: Azelf|241/257 tox|[from] psn\n|upkeep\n|turn|24\n|\n|t:|1781464248\n|switch|p1a: Virizion|Virizion, L82|15/283\n|move|p2a: Azelf|Dazzling Gleam|p1a: Virizion\n|-supereffective|p1a: Virizion\n|-damage|p1a: Virizion|0 fnt\n|faint|p1a: Virizion\n|-damage|p2a: Azelf|216/257 tox|[from] item: Life Orb\n|\n|-damage|p2a: Azelf|184/257 tox|[from] psn\n|upkeep\n|\n|t:|1781464259\n|switch|p1a: Haxorus|Haxorus, L77, M|4/244\n|-ability|p1a: Haxorus|Mold Breaker\n|turn|25\n|\n|t:|1781464264\n|switch|p1a: Toxapex|Toxapex, L82, M|216/216\n|move|p2a: Azelf|Dazzling Gleam|p1a: Toxapex\n|-resisted|p1a: Toxapex\n|-damage|p1a: Toxapex|152/216\n|-damage|p2a: Azelf|159/257 tox|[from] item: Life Orb\n|\n|-damage|p2a: Azelf|111/257 tox|[from] psn\n|upkeep\n|turn|26\n|\n|t:|1781464267\n|switch|p1a: Haxorus|Haxorus, L77, M|4/244\n|-ability|p1a: Haxorus|Mold Breaker\n|move|p2a: Azelf|Dazzling Gleam|p1a: Haxorus\n|-supereffective|p1a: Haxorus\n|-damage|p1a: Haxorus|0 fnt\n|faint|p1a: Haxorus\n|-damage|p2a: Azelf|86/257 tox|[from] item: Life Orb\n|\n|-damage|p2a: Azelf|22/257 tox|[from] psn\n|upkeep\n|\n|t:|1781464282\n|switch|p1a: Bombirdier|Bombirdier, L85, M|146/258\n|turn|27\n|\n|t:|1781464285\n|move|p2a: Azelf|Psychic|p1a: Bombirdier\n|-immune|p1a: Bombirdier\n|move|p1a: Bombirdier|Roost|p1a: Bombirdier\n|-heal|p1a: Bombirdier|258/258\n|-singleturn|p1a: Bombirdier|move: Roost\n|\n|-damage|p2a: Azelf|0 fnt|[from] psn\n|faint|p2a: Azelf\n|upkeep\n|\n|t:|1781464288\n|switch|p2a: Heatran|Heatran, L79, M|273/273\n|turn|28\n|\n|t:|1781464292\n|move|p1a: Bombirdier|Knock Off|p2a: Heatran\n|-damage|p2a: Heatran|161/273\n|-enditem|p2a: Heatran|Assault Vest|[from] move: Knock Off|[of] p1a: Bombirdier\n|move|p2a: Heatran|Magma Storm|p1a: Bombirdier|[miss]\n|-miss|p2a: Heatran|p1a: Bombirdier\n|\n|upkeep\n|turn|29\n|\n|t:|1781464297\n|move|p1a: Bombirdier|Knock Off|p2a: Heatran\n|-damage|p2a: Heatran|91/273\n|move|p2a: Heatran|Magma Storm|p1a: Bombirdier\n|-damage|p1a: Bombirdier|140/258\n|-activate|p1a: Bombirdier|move: Magma Storm|[of] p2a: Heatran\n|\n|-damage|p1a: Bombirdier|108/258|[from] move: Magma Storm|[partiallytrapped]\n|upkeep\n|turn|30\n|\n|t:|1781464304\n|move|p1a: Bombirdier|Knock Off|p2a: Heatran\n|-damage|p2a: Heatran|24/273\n|move|p2a: Heatran|Lava Plume|p1a: Bombirdier\n|-damage|p1a: Bombirdier|11/258\n|-status|p1a: Bombirdier|brn\n|\n|-damage|p1a: Bombirdier|0 fnt|[from] brn\n|faint|p1a: Bombirdier\n|upkeep\n|\n|t:|1781464308\n|switch|p1a: Toxapex|Toxapex, L82, M|216/216\n|turn|31\n|\n|t:|1781464317\n|move|p2a: Heatran|Earth Power|p1a: Toxapex\n|-supereffective|p1a: Toxapex\n|-damage|p1a: Toxapex|120/216\n|move|p1a: Toxapex|Liquidation|p2a: Heatran\n|-supereffective|p2a: Heatran\n|-damage|p2a: Heatran|0 fnt\n|faint|p2a: Heatran\n|\n|upkeep\n|\n|t:|1781464323\n|switch|p2a: Hydrapple|Hydrapple, L83, F|276/312 tox\n|turn|32\n|\n|t:|1781464328\n|move|p2a: Hydrapple|Giga Drain|p1a: Toxapex\n|-damage|p1a: Toxapex|53/216\n|-heal|p2a: Hydrapple|310/312 tox|[from] drain|[of] p1a: Toxapex\n|move|p1a: Toxapex|Liquidation|p2a: Hydrapple\n|-resisted|p2a: Hydrapple\n|-damage|p2a: Hydrapple|297/312 tox\n|\n|-damage|p2a: Hydrapple|278/312 tox|[from] psn\n|upkeep\n|turn|33\n|\n|t:|1781464332\n|move|p2a: Hydrapple|Earth Power|p1a: Toxapex\n|-supereffective|p1a: Toxapex\n|-damage|p1a: Toxapex|0 fnt\n|faint|p1a: Toxapex\n|\n|-damage|p2a: Hydrapple|240/312 tox|[from] psn\n|upkeep\n|\n|t:|1781464334\n|switch|p1a: Zacian|Zacian, L69|241/241\n|-ability|p1a: Zacian|Intrepid Sword|boost\n|-boost|p1a: Zacian|atk|1\n|turn|34\n|\n|t:|1781464348\n|move|p1a: Zacian|Swords Dance|p1a: Zacian\n|-boost|p1a: Zacian|atk|2\n|move|p2a: Hydrapple|Giga Drain|p1a: Zacian\n|-damage|p1a: Zacian|148/241\n|-heal|p2a: Hydrapple|287/312 tox|[from] drain|[of] p1a: Zacian\n|\n|-damage|p2a: Hydrapple|230/312 tox|[from] psn\n|upkeep\n|turn|35\n|\n|t:|1781464353\n|-terastallize|p2a: Hydrapple|Steel\n|move|p1a: Zacian|Swords Dance|p1a: Zacian\n|-boost|p1a: Zacian|atk|2\n|move|p2a: Hydrapple|Giga Drain|p1a: Zacian\n|-damage|p1a: Zacian|60/241\n|-heal|p2a: Hydrapple|274/312 tox|[from] drain|[of] p1a: Zacian\n|\n|-damage|p2a: Hydrapple|198/312 tox|[from] psn\n|upkeep\n|turn|36\n|\n|t:|1781464363\n|-terastallize|p1a: Zacian|Fighting\n|move|p1a: Zacian|Close Combat|p2a: Hydrapple\n|-supereffective|p2a: Hydrapple\n|-damage|p2a: Hydrapple|0 fnt\n|-unboost|p1a: Zacian|def|1\n|-unboost|p1a: Zacian|spd|1\n|faint|p2a: Hydrapple\n|-damage|p1a: Zacian|36/241|[from] item: Life Orb\n|\n|upkeep\n|\n|t:|1781464366\n|switch|p2a: Garganacl|Garganacl, L80, F|166/291\n|turn|37\n|\n|t:|1781464384\n|move|p1a: Zacian|Close Combat|p2a: Garganacl\n|-supereffective|p2a: Garganacl\n|-damage|p2a: Garganacl|0 fnt\n|-unboost|p1a: Zacian|def|1\n|-unboost|p1a: Zacian|spd|1\n|faint|p2a: Garganacl\n|-damage|p1a: Zacian|12/241|[from] item: Life Orb\n|\n|win|varllyam\n", "uploadtime": 1781464014, "views": 7, "formatid": "gen9randombattle", "rating": null, "private": 0, "password": null}