{"id": "gen9randombattle-2631391709", "format": "[Gen 9] Random Battle", "players": ["Gamblero", "christiansraw"], "log": "|j|\u2606Gamblero\n|j|\u2606christiansraw\n|t:|1781379146\n|gametype|singles\n|player|p1|Gamblero|preschooler|1905\n|player|p2|christiansraw|jogger|1951\n|gen|9\n|tier|[Gen 9] Random Battle\n|rated|\n|rule|Species Clause: Limit one of each Pok\u00e9mon\n|rule|HP Percentage Mod: HP is shown in percentages\n|rule|Sleep Clause Mod: Limit one foe put to sleep\n|rule|Illusion Level Mod: Illusion disguises the Pok\u00e9mon's true level\n|\n|t:|1781379146\n|teamsize|p1|6\n|teamsize|p2|6\n|start\n|switch|p1a: Snorlax|Snorlax, L82, F|397/397\n|switch|p2a: Cinderace|Cinderace, L77, F|249/249\n|turn|1\n|\n|t:|1781379151\n|switch|p1a: Giratina|Giratina, L75|349/349\n|-ability|p1a: Giratina|Pressure\n|move|p2a: Cinderace|High Jump Kick|p1a: Giratina\n|-start|p2a: Cinderace|typechange|Fighting|[from] ability: Libero\n|-immune|p1a: Giratina\n|-damage|p2a: Cinderace|125/249|[from] highjumpkick\n|\n|upkeep\n|turn|2\n|\n|t:|1781379161\n|switch|p2a: Glaceon|Glaceon, L94, M|275/275\n|move|p1a: Giratina|Dragon Tail|p2a: Glaceon\n|-damage|p2a: Glaceon|233/275\n|drag|p2a: Wugtrio|Wugtrio, L91, M|212/212\n|\n|upkeep\n|turn|3\n|\n|t:|1781379173\n|move|p2a: Wugtrio|Throat Chop|p1a: Giratina\n|-supereffective|p1a: Giratina\n|-damage|p1a: Giratina|155/349\n|-start|p1a: Giratina|Throat Chop|[silent]\n|move|p1a: Giratina|Shadow Ball|p2a: Wugtrio\n|-damage|p2a: Wugtrio|130/212\n|\n|-heal|p1a: Giratina|176/349|[from] item: Leftovers\n|upkeep\n|turn|4\n|\n|t:|1781379185\n|switch|p1a: Samurott|Samurott, L88, F|310/310\n|move|p2a: Wugtrio|Throat Chop|p1a: Samurott\n|-damage|p1a: Samurott|218/310\n|-start|p1a: Samurott|Throat Chop|[silent]\n|\n|upkeep\n|turn|5\n|\n|t:|1781379198\n|switch|p2a: Appletun|Appletun, L92, F|352/352\n|move|p1a: Samurott|Knock Off|p2a: Appletun\n|-damage|p2a: Appletun|257/352\n|-enditem|p2a: Appletun|Leftovers|[from] move: Knock Off|[of] p1a: Samurott\n|-damage|p1a: Samurott|187/310|[from] item: Life Orb\n|\n|-end|p1a: Samurott|Throat Chop|[silent]\n|upkeep\n|turn|6\n|\n|t:|1781379216\n|switch|p1a: Electivire|Electivire, L84, F|263/263\n|move|p2a: Appletun|Draco Meteor|p1a: Electivire\n|-damage|p1a: Electivire|80/263\n|-unboost|p2a: Appletun|spa|2\n|\n|upkeep\n|turn|7\n|\n|t:|1781379224\n|switch|p1a: Indeedee|Indeedee, L84, M|238/238\n|-fieldstart|move: Psychic Terrain|[from] ability: Psychic Surge|[of] p1a: Indeedee\n|switch|p2a: Piloswine|Piloswine, L85, M|309/309\n|\n|upkeep\n|turn|8\n|\n|t:|1781379230\n|move|p1a: Indeedee|Expanding Force|p2a: Piloswine\n|-damage|p2a: Piloswine|101/309\n|move|p2a: Piloswine|Earthquake|p1a: Indeedee\n|-damage|p1a: Indeedee|76/238\n|\n|upkeep\n|turn|9\n|\n|t:|1781379240\n|move|p1a: Indeedee|Expanding Force|p2a: Piloswine\n|-damage|p2a: Piloswine|0 fnt\n|faint|p2a: Piloswine\n|\n|upkeep\n|\n|t:|1781379244\n|switch|p2a: Wugtrio|Wugtrio, L91, M|130/212\n|turn|10\n|\n|t:|1781379247\n|switch|p1a: Giratina|Giratina, L75|176/349\n|-ability|p1a: Giratina|Pressure\n|move|p2a: Wugtrio|Throat Chop|p1a: Giratina\n|-supereffective|p1a: Giratina\n|-damage|p1a: Giratina|0 fnt\n|faint|p1a: Giratina\n|\n|upkeep\n|\n|t:|1781379263\n|switch|p1a: Snorlax|Snorlax, L82, F|397/397\n|turn|11\n|\n|t:|1781379270\n|switch|p2a: Gallade|Gallade, L80, M|240/240\n|move|p1a: Snorlax|Body Slam|p2a: Gallade\n|-damage|p2a: Gallade|107/240\n|\n|-fieldend|move: Psychic Terrain\n|upkeep\n|turn|12\n|\n|t:|1781379281\n|move|p2a: Gallade|Sacred Sword|p1a: Snorlax\n|-supereffective|p1a: Snorlax\n|-damage|p1a: Snorlax|0 fnt\n|faint|p1a: Snorlax\n|-damage|p2a: Gallade|83/240|[from] item: Life Orb\n|\n|upkeep\n|\n|t:|1781379287\n|switch|p1a: Indeedee|Indeedee, L84, M|76/238\n|-fieldstart|move: Psychic Terrain|[from] ability: Psychic Surge|[of] p1a: Indeedee\n|turn|13\n|\n|t:|1781379294\n|move|p1a: Indeedee|Expanding Force|p2a: Gallade\n|-damage|p2a: Gallade|0 fnt\n|faint|p2a: Gallade\n|\n|upkeep\n|\n|t:|1781379297\n|switch|p2a: Cinderace|Cinderace, L77, F|125/249\n|turn|14\n|\n|t:|1781379301\n|move|p2a: Cinderace|U-turn|p1a: Indeedee\n|-start|p2a: Cinderace|typechange|Bug|[from] ability: Libero\n|-supereffective|p1a: Indeedee\n|-damage|p1a: Indeedee|0 fnt\n|faint|p1a: Indeedee\n|\n|t:|1781379309\n|switch|p2a: Glaceon|Glaceon, L94, M|233/275|[from] U-turn\n|\n|upkeep\n|\n|t:|1781379318\n|switch|p1a: Electivire|Electivire, L84, F|80/263\n|turn|15\n|\n|t:|1781379329\n|-terastallize|p2a: Glaceon|Ground\n|move|p1a: Electivire|Flamethrower|p2a: Glaceon\n|-damage|p2a: Glaceon|160/275\n|-status|p2a: Glaceon|brn\n|-damage|p1a: Electivire|54/263|[from] item: Life Orb\n|move|p2a: Glaceon|Wish|p2a: Glaceon\n|\n|-damage|p2a: Glaceon|143/275 brn|[from] brn\n|upkeep\n|turn|16\n|\n|t:|1781379339\n|switch|p1a: Samurott|Samurott, L88, F|187/310\n|move|p2a: Glaceon|Freeze-Dry|p1a: Samurott\n|-supereffective|p1a: Samurott\n|-damage|p1a: Samurott|0 fnt\n|faint|p1a: Samurott\n|\n|-heal|p2a: Glaceon|275/275 brn|[from] move: Wish|[wisher] Glaceon\n|-damage|p2a: Glaceon|258/275 brn|[from] brn\n|upkeep\n|\n|t:|1781379341\n|switch|p1a: Floatzel|Floatzel, L86, F|286/286\n|turn|17\n|\n|t:|1781379354\n|switch|p2a: Wugtrio|Wugtrio, L91, M|130/212\n|move|p1a: Floatzel|Ice Spinner|p2a: Wugtrio\n|-resisted|p2a: Wugtrio\n|-damage|p2a: Wugtrio|68/212\n|-ability|p2a: Wugtrio|Gooey\n|-unboost|p1a: Floatzel|spe|1\n|-fieldend|move: Psychic Terrain\n|\n|upkeep\n|turn|18\n|\n|t:|1781379364\n|move|p2a: Wugtrio|Throat Chop|p1a: Floatzel\n|-damage|p1a: Floatzel|144/286\n|-start|p1a: Floatzel|Throat Chop|[silent]\n|move|p1a: Floatzel|Ice Spinner|p2a: Wugtrio\n|-resisted|p2a: Wugtrio\n|-damage|p2a: Wugtrio|1/212\n|-ability|p2a: Wugtrio|Gooey\n|-unboost|p1a: Floatzel|spe|1\n|\n|upkeep\n|turn|19\n|\n|t:|1781379370\n|move|p2a: Wugtrio|Throat Chop|p1a: Floatzel\n|-damage|p1a: Floatzel|5/286\n|move|p1a: Floatzel|Ice Spinner|p2a: Wugtrio\n|-resisted|p2a: Wugtrio\n|-damage|p2a: Wugtrio|0 fnt\n|-ability|p2a: Wugtrio|Gooey\n|-unboost|p1a: Floatzel|spe|1\n|faint|p2a: Wugtrio\n|\n|-end|p1a: Floatzel|Throat Chop|[silent]\n|upkeep\n|\n|t:|1781379380\n|switch|p2a: Cinderace|Cinderace, L77, F|125/249\n|turn|20\n|\n|t:|1781379384\n|switch|p1a: Electivire|Electivire, L84, F|54/263\n|move|p2a: Cinderace|U-turn|p1a: Electivire\n|-start|p2a: Cinderace|typechange|Bug|[from] ability: Libero\n|-damage|p1a: Electivire|0 fnt\n|faint|p1a: Electivire\n|\n|t:|1781379392\n|switch|p2a: Appletun|Appletun, L92, F|257/352|[from] U-turn\n|\n|upkeep\n|\n|t:|1781379394\n|switch|p1a: Floatzel|Floatzel, L86, F|5/286\n|turn|21\n|\n|t:|1781379397\n|move|p1a: Floatzel|Ice Spinner|p2a: Appletun\n|-supereffective|p2a: Appletun\n|-crit|p2a: Appletun\n|-damage|p2a: Appletun|0 fnt\n|faint|p2a: Appletun\n|\n|upkeep\n|c|\u2606christiansraw|gg\n|\n|t:|1781379401\n|switch|p2a: Cinderace|Cinderace, L77, F|125/249\n|turn|22\n|\n|t:|1781379404\n|move|p1a: Floatzel|Ice Spinner|p2a: Cinderace\n|-resisted|p2a: Cinderace\n|-damage|p2a: Cinderace|72/249\n|move|p2a: Cinderace|U-turn|p1a: Floatzel\n|-start|p2a: Cinderace|typechange|Bug|[from] ability: Libero\n|-damage|p1a: Floatzel|0 fnt\n|faint|p1a: Floatzel\n|\n|win|christiansraw\n", "inputlog": ">version a8376a258c1d4662feba110a92103f3664a72141\n>start {\"formatid\":\"gen9randombattle\",\"seed\":\"sodium,e8175ba4bf6ffdf264e4a3d95be8df53\",\"rated\":\"Rated battle\"}\n>player p1 {\"name\":\"Gamblero\",\"avatar\":\"preschooler\",\"rating\":1905,\"seed\":\"sodium,dcf9f85601e73729eff03cd85f699df3\"}\n>player p2 {\"name\":\"christiansraw\",\"avatar\":\"jogger\",\"rating\":1951,\"seed\":\"sodium,c5ff391ff8e815a8efe30dd4583ea20f\"}\n>p1 switch 5\n>p2 move highjumpkick\n>p1 move dragontail\n>p2 switch 5\n>p1 move shadowball\n>p2 move throatchop\n>p1 switch 2\n>p2 move throatchop\n>p1 move knockoff\n>p2 switch 4\n>p1 switch 4\n>p2 move dracometeor\n>p1 switch 3\n>p2 switch 6\n>p1 move expandingforce\n>p2 move earthquake\n>p1 move expandingforce\n>p2 move iciclecrash\n>p2 switch 4\n>p1 switch 2\n>p2 move throatchop\n>p1 switch 5\n>p1 move bodyslam\n>p2 switch 2\n>p1 move bodyslam\n>p2 move sacredsword\n>p1 switch 2\n>p1 move expandingforce\n>p2 move nightslash\n>p2 switch 5\n>p1 move expandingforce\n>p2 move uturn\n>p2 switch 3\n>p1 switch 3\n>p1 move flamethrower\n>p2 move wish terastallize\n>p1 switch 4\n>p2 move freezedry\n>p1 switch 6\n>p1 move icespinner\n>p2 switch 2\n>p1 move icespinner\n>p2 move throatchop\n>p1 move icespinner\n>p2 move throatchop\n>p2 switch 3\n>p1 switch 4\n>p2 move uturn\n>p2 switch 6\n>p1 switch 4\n>p1 move icespinner\n>p2 move appleacid\n>chat \u2606christiansraw|gg\n>p2 switch 6\n>p1 move icespinner\n>p2 move uturn", "uploadtime": 1781379148, "views": 9, "formatid": "gen9randombattle", "rating": null, "private": 0, "password": null}