{"id": "gen9randombattle-2631745499", "format": "[Gen 9] Random Battle", "players": ["creggygreg", "johnmin"], "log": "|j|\u2606creggygreg\n|j|\u2606johnmin\n|t:|1781432753\n|gametype|singles\n|player|p1|creggygreg|1|\n|player|p2|johnmin|170|\n|gen|9\n|tier|[Gen 9] Random Battle\n|rule|Species Clause: Limit one of each Pok\u00e9mon\n|rule|HP Percentage Mod: HP is shown in percentages\n|rule|Sleep Clause Mod: Limit one foe put to sleep\n|rule|Illusion Level Mod: Illusion disguises the Pok\u00e9mon's true level\n|\n|t:|1781432753\n|teamsize|p1|6\n|teamsize|p2|6\n|start\n|switch|p1a: Raikou|Raikou, L81|278/278\n|switch|p2a: Crawdaunt|Crawdaunt, L84, F|243/243\n|-ability|p1a: Raikou|Pressure\n|turn|1\n|\n|t:|1781432790\n|switch|p2a: Dedenne|Dedenne, L88, F|261/261\n|move|p1a: Raikou|Substitute|p1a: Raikou\n|-start|p1a: Raikou|Substitute\n|-damage|p1a: Raikou|209/278\n|\n|-heal|p1a: Raikou|226/278|[from] item: Leftovers\n|upkeep\n|turn|2\n|\n|t:|1781432806\n|move|p1a: Raikou|Calm Mind|p1a: Raikou\n|-boost|p1a: Raikou|spa|1\n|-boost|p1a: Raikou|spd|1\n|move|p2a: Dedenne|Dazzling Gleam|p1a: Raikou\n|-activate|p1a: Raikou|move: Substitute|[damage]\n|\n|-heal|p1a: Raikou|243/278|[from] item: Leftovers\n|upkeep\n|turn|3\n|\n|t:|1781432821\n|move|p1a: Raikou|Scald|p2a: Dedenne\n|-damage|p2a: Dedenne|155/261\n|-status|p2a: Dedenne|brn\n|move|p2a: Dedenne|U-turn|p1a: Raikou\n|-end|p1a: Raikou|Substitute\n|\n|t:|1781432843\n|switch|p2a: Ursaring|Ursaring, L84, F|288/288|[from] U-turn\n|\n|-heal|p1a: Raikou|260/278|[from] item: Leftovers\n|-status|p2a: Ursaring|tox|[from] item: Toxic Orb\n|upkeep\n|turn|4\n|\n|t:|1781432859\n|move|p1a: Raikou|Substitute|p1a: Raikou\n|-start|p1a: Raikou|Substitute\n|-damage|p1a: Raikou|191/278\n|move|p2a: Ursaring|Facade|p1a: Raikou\n|-end|p1a: Raikou|Substitute\n|\n|-heal|p1a: Raikou|208/278|[from] item: Leftovers\n|-damage|p2a: Ursaring|270/288 tox|[from] psn\n|upkeep\n|turn|5\n|\n|t:|1781432874\n|move|p1a: Raikou|Scald|p2a: Ursaring\n|-damage|p2a: Ursaring|176/288 tox\n|move|p2a: Ursaring|Swords Dance|p2a: Ursaring\n|-boost|p2a: Ursaring|atk|2\n|\n|-heal|p1a: Raikou|225/278|[from] item: Leftovers\n|-damage|p2a: Ursaring|140/288 tox|[from] psn\n|upkeep\n|turn|6\n|\n|t:|1781432885\n|move|p1a: Raikou|Thunderbolt|p2a: Ursaring\n|-damage|p2a: Ursaring|0 fnt\n|faint|p2a: Ursaring\n|\n|-heal|p1a: Raikou|242/278|[from] item: Leftovers\n|upkeep\n|\n|t:|1781432904\n|switch|p2a: Lokix|Lokix, L82, F|251/251\n|turn|7\n|\n|t:|1781432920\n|switch|p1a: Plusle|Plusle, L95, F|268/268\n|move|p2a: Lokix|Knock Off|p1a: Plusle\n|-damage|p1a: Plusle|54/268\n|-enditem|p1a: Plusle|Life Orb|[from] move: Knock Off|[of] p2a: Lokix\n|-damage|p2a: Lokix|226/251|[from] item: Life Orb\n|\n|upkeep\n|turn|8\n|\n|t:|1781432933\n|switch|p2a: Dedenne|Dedenne, L88, F|155/261 brn\n|move|p1a: Plusle|Thunderbolt|p2a: Dedenne\n|-resisted|p2a: Dedenne\n|-damage|p2a: Dedenne|96/261 brn\n|-enditem|p2a: Dedenne|Sitrus Berry|[eat]\n|-heal|p2a: Dedenne|161/261 brn|[from] item: Sitrus Berry\n|-heal|p2a: Dedenne|248/261 brn|[from] ability: Cheek Pouch\n|\n|-damage|p2a: Dedenne|232/261 brn|[from] brn\n|upkeep\n|turn|9\n|\n|t:|1781432955\n|move|p1a: Plusle|Grass Knot|p2a: Dedenne\n|-damage|p2a: Dedenne|213/261 brn\n|move|p2a: Dedenne|Dazzling Gleam|p1a: Plusle\n|-crit|p1a: Plusle\n|-damage|p1a: Plusle|0 fnt\n|faint|p1a: Plusle\n|\n|-damage|p2a: Dedenne|197/261 brn|[from] brn\n|upkeep\n|\n|t:|1781432967\n|switch|p1a: Pelipper|Pelipper, L86, F|243/243\n|-weather|RainDance|[from] ability: Drizzle|[of] p1a: Pelipper\n|turn|10\n|\n|t:|1781432982\n|-terastallize|p1a: Pelipper|Ground\n|move|p2a: Dedenne|Thunderbolt|p1a: Pelipper\n|-immune|p1a: Pelipper\n|move|p1a: Pelipper|Hurricane|p2a: Dedenne\n|-resisted|p2a: Dedenne\n|-damage|p2a: Dedenne|130/261 brn\n|-start|p2a: Dedenne|confusion\n|\n|-weather|RainDance|[upkeep]\n|-damage|p2a: Dedenne|114/261 brn|[from] brn\n|upkeep\n|turn|11\n|\n|t:|1781433003\n|switch|p2a: Blastoise|Blastoise, L80, F|258/258\n|switch|p1a: Mamoswine|Mamoswine, L81, M|311/311\n|\n|-weather|RainDance|[upkeep]\n|upkeep\n|turn|12\n|\n|t:|1781433022\n|move|p1a: Mamoswine|Earthquake|p2a: Blastoise\n|-damage|p2a: Blastoise|93/258\n|-damage|p1a: Mamoswine|280/311|[from] item: Life Orb\n|move|p2a: Blastoise|Hydro Pump|p1a: Mamoswine\n|-supereffective|p1a: Mamoswine\n|-damage|p1a: Mamoswine|0 fnt\n|faint|p1a: Mamoswine\n|\n|-weather|RainDance|[upkeep]\n|upkeep\n|\n|t:|1781433041\n|switch|p1a: Scream Tail|Scream Tail, L84|330/330\n|turn|13\n|\n|t:|1781433052\n|switch|p2a: Volbeat|Volbeat, L90, M|263/263\n|move|p1a: Scream Tail|Wish|p1a: Scream Tail\n|\n|-weather|RainDance|[upkeep]\n|upkeep\n|turn|14\n|\n|t:|1781433066\n|-end|p1a: Scream Tail|Protosynthesis|[silent]\n|switch|p1a: Pelipper|Pelipper, L86, F, tera:Ground|243/243\n|move|p2a: Volbeat|Lunge|p1a: Pelipper\n|-damage|p1a: Pelipper|173/243\n|-unboost|p1a: Pelipper|atk|1\n|\n|-weather|none\n|-heal|p1a: Pelipper|243/243|[from] move: Wish|[wisher] Scream Tail\n|upkeep\n|turn|15\n|\n|t:|1781433083\n|switch|p2a: Crawdaunt|Crawdaunt, L84, F|243/243\n|move|p1a: Pelipper|Hurricane|p2a: Crawdaunt\n|-damage|p2a: Crawdaunt|65/243\n|-start|p2a: Crawdaunt|confusion\n|\n|upkeep\n|turn|16\n|\n|t:|1781433101\n|switch|p1a: Raikou|Raikou, L81|242/278\n|-ability|p1a: Raikou|Pressure\n|-activate|p2a: Crawdaunt|confusion\n|move|p2a: Crawdaunt|Crabhammer|p1a: Raikou\n|-damage|p1a: Raikou|0 fnt\n|faint|p1a: Raikou\n|-damage|p2a: Crawdaunt|41/243|[from] item: Life Orb\n|\n|upkeep\n|\n|t:|1781433121\n|switch|p1a: Scream Tail|Scream Tail, L84|330/330\n|turn|17\n|\n|t:|1781433129\n|move|p1a: Scream Tail|Play Rough|p2a: Crawdaunt\n|-supereffective|p2a: Crawdaunt\n|-damage|p2a: Crawdaunt|0 fnt\n|faint|p2a: Crawdaunt\n|\n|upkeep\n|\n|t:|1781433142\n|switch|p2a: Volbeat|Volbeat, L90, M|263/263\n|turn|18\n|\n|t:|1781433155\n|move|p1a: Scream Tail|Protect|p1a: Scream Tail\n|-singleturn|p1a: Scream Tail|Protect\n|move|p2a: Volbeat|Lunge|p1a: Scream Tail\n|-activate|p1a: Scream Tail|move: Protect\n|\n|upkeep\n|turn|19\n|\n|t:|1781433166\n|move|p1a: Scream Tail|Thunder Wave|p2a: Volbeat\n|-status|p2a: Volbeat|par\n|move|p2a: Volbeat|Lunge|p1a: Scream Tail\n|-damage|p1a: Scream Tail|258/330\n|-unboost|p1a: Scream Tail|atk|1\n|\n|-heal|p1a: Scream Tail|278/330|[from] item: Leftovers\n|upkeep\n|turn|20\n|\n|t:|1781433177\n|cant|p2a: Volbeat|par\n|move|p1a: Scream Tail|Wish|p1a: Scream Tail\n|\n|-heal|p1a: Scream Tail|298/330|[from] item: Leftovers\n|upkeep\n|turn|21\n|\n|t:|1781433188\n|-end|p1a: Scream Tail|Protosynthesis|[silent]\n|switch|p1a: Pelipper|Pelipper, L86, F, tera:Ground|243/243\n|-weather|RainDance|[from] ability: Drizzle|[of] p1a: Pelipper\n|switch|p2a: Dedenne|Dedenne, L88, F|114/261 brn\n|\n|-weather|RainDance|[upkeep]\n|-damage|p2a: Dedenne|98/261 brn|[from] brn\n|upkeep\n|turn|22\n|\n|t:|1781433208\n|move|p2a: Dedenne|Dazzling Gleam|p1a: Pelipper\n|-damage|p1a: Pelipper|140/243\n|move|p1a: Pelipper|Hurricane|p2a: Dedenne\n|-resisted|p2a: Dedenne\n|-damage|p2a: Dedenne|28/261 brn\n|\n|-weather|RainDance|[upkeep]\n|-damage|p2a: Dedenne|12/261 brn|[from] brn\n|upkeep\n|turn|23\n|\n|t:|1781433218\n|move|p2a: Dedenne|U-turn|p1a: Pelipper\n|-damage|p1a: Pelipper|123/243\n|\n|t:|1781433222\n|switch|p2a: Lokix|Lokix, L82, F|226/251|[from] U-turn\n|move|p1a: Pelipper|Roost|p1a: Pelipper\n|-heal|p1a: Pelipper|243/243\n|\n|-weather|RainDance|[upkeep]\n|upkeep\n|turn|24\n|\n|t:|1781433237\n|move|p2a: Lokix|Leech Life|p1a: Pelipper\n|-damage|p1a: Pelipper|142/243\n|-heal|p2a: Lokix|251/251|[from] drain|[of] p1a: Pelipper\n|-damage|p2a: Lokix|226/251|[from] item: Life Orb\n|move|p1a: Pelipper|Hurricane|p2a: Lokix\n|-supereffective|p2a: Lokix\n|-damage|p2a: Lokix|0 fnt\n|faint|p2a: Lokix\n|\n|-weather|RainDance|[upkeep]\n|upkeep\n|\n|t:|1781433255\n|switch|p2a: Blastoise|Blastoise, L80, F|93/258\n|turn|25\n|\n|t:|1781433269\n|move|p2a: Blastoise|Shell Smash|p2a: Blastoise\n|-unboost|p2a: Blastoise|def|1\n|-unboost|p2a: Blastoise|spd|1\n|-boost|p2a: Blastoise|atk|2\n|-boost|p2a: Blastoise|spa|2\n|-boost|p2a: Blastoise|spe|2\n|-enditem|p2a: Blastoise|White Herb\n|-clearnegativeboost|p2a: Blastoise|[silent]\n|move|p1a: Pelipper|Hurricane|p2a: Blastoise\n|-damage|p2a: Blastoise|0 fnt\n|faint|p2a: Blastoise\n|\n|-weather|none\n|upkeep\n|\n|t:|1781433289\n|switch|p2a: Dedenne|Dedenne, L88, F|12/261 brn\n|turn|26\n|\n|t:|1781433301\n|move|p2a: Dedenne|Dazzling Gleam|p1a: Pelipper\n|-damage|p1a: Pelipper|43/243\n|move|p1a: Pelipper|Roost|p1a: Pelipper\n|-heal|p1a: Pelipper|165/243\n|\n|-damage|p2a: Dedenne|0 fnt|[from] brn\n|faint|p2a: Dedenne\n|upkeep\n|\n|t:|1781433310\n|switch|p2a: Volbeat|Volbeat, L90, M|263/263 par\n|turn|27\n|\n|t:|1781433322\n|-terastallize|p2a: Volbeat|Steel\n|move|p1a: Pelipper|Hurricane|p2a: Volbeat\n|-resisted|p2a: Volbeat\n|-damage|p2a: Volbeat|209/263 par\n|cant|p2a: Volbeat|par\n|\n|upkeep\n|turn|28\n|\n|t:|1781433330\n|move|p1a: Pelipper|Knock Off|p2a: Volbeat\n|-damage|p2a: Volbeat|159/263 par\n|-enditem|p2a: Volbeat|Heavy-Duty Boots|[from] move: Knock Off|[of] p1a: Pelipper\n|cant|p2a: Volbeat|par\n|\n|upkeep\n|turn|29\n|\n|t:|1781433338\n|move|p1a: Pelipper|Surf|p2a: Volbeat\n|-damage|p2a: Volbeat|66/263 par\n|move|p2a: Volbeat|Lunge|p1a: Pelipper\n|-damage|p1a: Pelipper|89/243\n|-unboost|p1a: Pelipper|atk|1\n|\n|upkeep\n|turn|30\n|\n|t:|1781433346\n|move|p1a: Pelipper|Surf|p2a: Volbeat\n|-damage|p2a: Volbeat|0 fnt\n|faint|p2a: Volbeat\n|\n|win|creggygreg\n", "inputlog": ">version a8376a258c1d4662feba110a92103f3664a72141\n>start {\"formatid\":\"gen9randombattle\",\"seed\":\"sodium,1db2fa83af0665afb4942f279acaa733\"}\n>player p1 {\"name\":\"creggygreg\",\"avatar\":\"1\",\"rating\":0,\"seed\":\"sodium,22ef4b2df33494ffe31b610fcec82d96\"}\n>player p2 {\"name\":\"johnmin\",\"avatar\":\"170\",\"rating\":0,\"seed\":\"sodium,99282e1b011e65db962c44a17538ffd7\"}\n>p1 move substitute\n>p2 switch 6\n>p1 move calmmind\n>p2 move dazzlinggleam\n>p1 move scald\n>p2 move uturn\n>p2 switch 4\n>p1 move substitute\n>p2 move facade\n>p1 move scald\n>p2 move swordsdance\n>p1 move thunderbolt\n>p2 move facade\n>p2 switch 5\n>p1 switch 3\n>p2 move knockoff\n>p1 move thunderbolt\n>p2 switch 4\n>p1 move grassknot\n>p2 move dazzlinggleam\n>p1 switch 4\n>p1 move hurricane terastallize\n>p2 move thunderbolt\n>p1 switch 2\n>p2 switch 2\n>p1 move earthquake\n>p2 move hydropump\n>p1 switch 6\n>p1 move wish\n>p2 switch 3\n>p1 switch 2\n>p2 move lunge\n>p1 move hurricane\n>p2 switch 6\n>p1 switch 3\n>p2 move crabhammer\n>p1 switch 2\n>p1 move playrough\n>p2 move knockoff\n>p2 switch 6\n>p1 move protect\n>p2 move lunge\n>p1 move thunderwave\n>p2 move lunge\n>p1 move wish\n>p2 move thunderwave\n>p1 switch 3\n>p2 switch 2\n>p1 move hurricane\n>p2 move dazzlinggleam\n>p1 move roost\n>p2 move uturn\n>p2 switch 4\n>p1 move hurricane\n>p2 move leechlife\n>p2 switch 3\n>p1 move hurricane\n>p2 move shellsmash\n>p2 switch 4\n>p1 move roost\n>p2 move dazzlinggleam\n>p2 switch 2\n>p1 move hurricane\n>p2 move lunge terastallize\n>p1 move knockoff\n>p2 move lunge\n>p1 move surf\n>p2 move lunge\n>p1 move surf\n>p2 move lunge", "uploadtime": 1781433351, "views": 4, "formatid": "gen9randombattle", "rating": null, "private": 0, "password": null}