{"id": "gen9randombattle-2631875783", "format": "[Gen 9] Random Battle", "players": ["Green Calf", "YveltalNL"], "log": "|j|\u2606Green Calf\n|j|\u2606YveltalNL\n|t:|1781450893\n|gametype|singles\n|player|p1|Green Calf|2|2017\n|player|p2|YveltalNL|#yveltalnl|2089\n|gen|9\n|tier|[Gen 9] Random Battle\n|rated|\n|rule|Species Clause: Limit one of each Pok\u00e9mon\n|rule|HP Percentage Mod: HP is shown in percentages\n|rule|Sleep Clause Mod: Limit one foe put to sleep\n|rule|Illusion Level Mod: Illusion disguises the Pok\u00e9mon's true level\n|\n|t:|1781450893\n|teamsize|p1|6\n|teamsize|p2|6\n|start\n|switch|p1a: Flamigo|Flamigo, L82, F|269/269\n|switch|p2a: Dondozo|Dondozo, L78, M|362/362\n|turn|1\n|\n|t:|1781450925\n|switch|p1a: Tsareena|Tsareena, L87, F|267/267\n|move|p2a: Dondozo|Wave Crash|p1a: Tsareena\n|-resisted|p1a: Tsareena\n|-damage|p1a: Tsareena|219/267\n|-damage|p2a: Dondozo|346/362|[from] Recoil\n|\n|-heal|p2a: Dondozo|362/362|[from] item: Leftovers\n|upkeep\n|turn|2\n|\n|t:|1781450935\n|switch|p2a: Forretress|Forretress, L84, M|263/263\n|move|p1a: Tsareena|Power Whip|p2a: Forretress\n|-resisted|p2a: Forretress\n|-damage|p2a: Forretress|238/263\n|\n|-heal|p2a: Forretress|254/263|[from] item: Leftovers\n|upkeep\n|turn|3\n|\n|t:|1781450943\n|switch|p1a: Magmortar|Magmortar, L88, M|275/275\n|move|p2a: Forretress|Thunder Wave|p1a: Magmortar\n|-status|p1a: Magmortar|par\n|\n|-heal|p2a: Forretress|263/263|[from] item: Leftovers\n|upkeep\n|turn|4\n|\n|t:|1781450950\n|move|p2a: Forretress|Spikes|p1a: Magmortar\n|-sidestart|p1: Green Calf|Spikes\n|move|p1a: Magmortar|Knock Off|p2a: Forretress\n|-damage|p2a: Forretress|213/263\n|-enditem|p2a: Forretress|Leftovers|[from] move: Knock Off|[of] p1a: Magmortar\n|\n|upkeep\n|turn|5\n|\n|t:|1781450965\n|switch|p2a: Alomomola|Alomomola, L87, F|429/429\n|move|p1a: Magmortar|Fire Blast|p2a: Alomomola\n|-resisted|p2a: Alomomola\n|-damage|p2a: Alomomola|318/429\n|\n|upkeep\n|turn|6\n|\n|t:|1781450969\n|move|p2a: Alomomola|Flip Turn|p1a: Magmortar\n|-supereffective|p1a: Magmortar\n|-damage|p1a: Magmortar|141/275 par\n|\n|t:|1781450975\n|switch|p2a: Mienshao|Mienshao, L83, M|244/244|[from] Flip Turn\n|move|p1a: Magmortar|Thunderbolt|p2a: Mienshao\n|-damage|p2a: Mienshao|123/244\n|\n|upkeep\n|turn|7\n|\n|t:|1781450985\n|move|p2a: Mienshao|Close Combat|p1a: Magmortar\n|-damage|p1a: Magmortar|0 fnt\n|-unboost|p2a: Mienshao|def|1\n|-unboost|p2a: Mienshao|spd|1\n|-status|p2a: Mienshao|brn|[from] ability: Flame Body|[of] p1a: Magmortar\n|faint|p1a: Magmortar\n|-damage|p2a: Mienshao|99/244 brn|[from] item: Life Orb\n|\n|-damage|p2a: Mienshao|84/244 brn|[from] brn\n|upkeep\n|\n|t:|1781450991\n|switch|p1a: Veluza|Veluza, L85, M|292/292\n|-damage|p1a: Veluza|256/292|[from] Spikes\n|turn|8\n|\n|t:|1781450995\n|move|p2a: Mienshao|Knock Off|p1a: Veluza\n|-supereffective|p1a: Veluza\n|-damage|p1a: Veluza|139/292\n|-enditem|p1a: Veluza|Choice Band|[from] move: Knock Off|[of] p2a: Mienshao\n|-damage|p2a: Mienshao|60/244 brn|[from] item: Life Orb\n|move|p1a: Veluza|Aqua Cutter|p2a: Mienshao\n|-crit|p2a: Mienshao\n|-damage|p2a: Mienshao|0 fnt\n|faint|p2a: Mienshao\n|\n|upkeep\n|\n|t:|1781450999\n|switch|p2a: Forretress|Forretress, L84, M|213/263\n|turn|9\n|\n|t:|1781451024\n|move|p1a: Veluza|Aqua Cutter|p2a: Forretress\n|-damage|p2a: Forretress|129/263\n|move|p2a: Forretress|Thunder Wave|p1a: Veluza\n|-status|p1a: Veluza|par\n|\n|upkeep\n|turn|10\n|\n|t:|1781451044\n|move|p2a: Forretress|Spikes|p1a: Veluza\n|-sidestart|p1: Green Calf|Spikes\n|move|p1a: Veluza|Aqua Cutter|p2a: Forretress\n|-crit|p2a: Forretress\n|-damage|p2a: Forretress|0 fnt\n|faint|p2a: Forretress\n|\n|upkeep\n|\n|t:|1781451048\n|switch|p2a: Raging Bolt|Raging Bolt, L78|323/323\n|-enditem|p2a: Raging Bolt|Booster Energy\n|-activate|p2a: Raging Bolt|ability: Protosynthesis|[fromitem]\n|-start|p2a: Raging Bolt|protosynthesisspa\n|turn|11\n|j| Frank1997\n|c| Frank1997|Dat is iets anders dan een Groene Croagunk in elkaar slaan\n|\n|t:|1781451098\n|move|p2a: Raging Bolt|Calm Mind|p2a: Raging Bolt\n|-boost|p2a: Raging Bolt|spa|1\n|-boost|p2a: Raging Bolt|spd|1\n|move|p1a: Veluza|Psycho Cut|p2a: Raging Bolt\n|-damage|p2a: Raging Bolt|194/323\n|\n|upkeep\n|turn|12\n|\n|t:|1781451109\n|move|p2a: Raging Bolt|Thunderbolt|p1a: Veluza\n|-supereffective|p1a: Veluza\n|-damage|p1a: Veluza|0 fnt\n|faint|p1a: Veluza\n|\n|upkeep\n|\n|t:|1781451112\n|switch|p1a: Tsareena|Tsareena, L87, F|219/267\n|-damage|p1a: Tsareena|175/267|[from] Spikes\n|turn|13\n|\n|t:|1781451117\n|-terastallize|p2a: Raging Bolt|Fairy\n|move|p1a: Tsareena|Triple Axel|p2a: Raging Bolt\n|-damage|p2a: Raging Bolt|177/323\n|-crit|p2a: Raging Bolt\n|-damage|p2a: Raging Bolt|116/323\n|-damage|p2a: Raging Bolt|59/323\n|-hitcount|p2a: Raging Bolt|3\n|move|p2a: Raging Bolt|Dragon Pulse|p1a: Tsareena\n|-damage|p1a: Tsareena|64/267\n|\n|upkeep\n|turn|14\n|\n|t:|1781451131\n|-end|p2a: Raging Bolt|Protosynthesis|[silent]\n|switch|p2a: Alomomola|Alomomola, L87, F|429/429\n|move|p1a: Tsareena|Power Whip|p2a: Alomomola|[miss]\n|-miss|p1a: Tsareena|p2a: Alomomola\n|\n|upkeep\n|turn|15\n|\n|t:|1781451142\n|move|p1a: Tsareena|Rapid Spin|p2a: Alomomola\n|-damage|p2a: Alomomola|384/429\n|-boost|p1a: Tsareena|spe|1\n|-damage|p1a: Tsareena|20/267|[from] item: Rocky Helmet|[of] p2a: Alomomola\n|-sideend|p1: Green Calf|Spikes|[from] move: Rapid Spin|[of] p1a: Tsareena\n|move|p2a: Alomomola|Flip Turn|p1a: Tsareena\n|-resisted|p1a: Tsareena\n|-damage|p1a: Tsareena|0 fnt\n|faint|p1a: Tsareena\n|\n|t:|1781451146\n|switch|p2a: Dondozo|Dondozo, L78, M|362/362|[from] Flip Turn\n|\n|upkeep\n|\n|t:|1781451150\n|switch|p1a: Jumpluff|Jumpluff, L87, F|271/271\n|turn|16\n|\n|t:|1781451153\n|switch|p2a: Alomomola|Alomomola, L87, F|429/429\n|move|p1a: Jumpluff|Substitute|p1a: Jumpluff\n|-start|p1a: Jumpluff|Substitute\n|-damage|p1a: Jumpluff|204/271\n|\n|upkeep\n|turn|17\n|\n|t:|1781451158\n|move|p1a: Jumpluff|Leech Seed|p2a: Alomomola\n|-start|p2a: Alomomola|move: Leech Seed\n|move|p2a: Alomomola|Wish|p2a: Alomomola\n|\n|-damage|p2a: Alomomola|376/429|[from] Leech Seed|[of] p1a: Jumpluff\n|-heal|p1a: Jumpluff|257/271|[silent]\n|upkeep\n|turn|18\n|\n|t:|1781451162\n|move|p1a: Jumpluff|Acrobatics|p2a: Alomomola\n|-damage|p2a: Alomomola|288/429\n|-damage|p1a: Jumpluff|212/271|[from] item: Rocky Helmet|[of] p2a: Alomomola\n|move|p2a: Alomomola|Flip Turn|p1a: Jumpluff\n|-resisted|p1a: Jumpluff\n|-activate|p1a: Jumpluff|move: Substitute|[damage]\n|\n|t:|1781451169\n|switch|p2a: Raging Bolt|Raging Bolt, L78, tera:Fairy|59/323|[from] Flip Turn\n|\n|-heal|p2a: Raging Bolt|273/323|[from] move: Wish|[wisher] Alomomola\n|upkeep\n|turn|19\n|\n|t:|1781451173\n|-end|p2a: Raging Bolt|Protosynthesis|[silent]\n|switch|p2a: Alomomola|Alomomola, L87, F|429/429\n|move|p1a: Jumpluff|Leech Seed|p2a: Alomomola\n|-start|p2a: Alomomola|move: Leech Seed\n|\n|-damage|p2a: Alomomola|376/429|[from] Leech Seed|[of] p1a: Jumpluff\n|-heal|p1a: Jumpluff|265/271|[silent]\n|upkeep\n|turn|20\n|-message|Green Calf forfeited.\n|\n|win|YveltalNL\n", "inputlog": ">version a8376a258c1d4662feba110a92103f3664a72141\n>start {\"formatid\":\"gen9randombattle\",\"seed\":\"sodium,2c4b8204281e1f692d75035df908f7aa\",\"rated\":\"Rated battle\"}\n>player p1 {\"name\":\"Green Calf\",\"avatar\":\"2\",\"rating\":2017,\"seed\":\"sodium,05bd7f97605eb26b1728bf9082033ad2\"}\n>player p2 {\"name\":\"YveltalNL\",\"avatar\":\"#yveltalnl\",\"rating\":2089,\"seed\":\"sodium,59e68a43f8a6d0b76e036cff0c589261\"}\n>p1 switch 5\n>p2 move wavecrash\n>p1 move powerwhip\n>p2 switch 4\n>p1 switch 2\n>p2 move thunderwave\n>p1 move knockoff\n>p2 move spikes\n>p1 move fireblast\n>p2 switch 5\n>p1 move thunderbolt\n>p2 move flipturn\n>p2 switch 2\n>p1 move fireblast\n>p2 move closecombat\n>p1 switch 6\n>p1 move aquacutter\n>p2 move knockoff\n>p2 switch 5\n>p1 move aquacutter\n>p2 move thunderwave\n>p1 move aquacutter\n>p2 move spikes\n>p2 switch 6\n>chat  Frank1997|Dat is iets anders dan een Groene Croagunk in elkaar slaan\n>p1 move psychocut\n>p2 move calmmind\n>p1 move psychocut\n>p2 move thunderbolt\n>p1 switch 2\n>p1 move tripleaxel\n>p2 move dragonpulse terastallize\n>p1 move powerwhip\n>p2 switch 2\n>p1 move rapidspin\n>p2 move flipturn\n>p2 switch 4\n>p1 switch 4\n>p1 move substitute\n>p2 switch 4\n>p1 move leechseed\n>p2 move wish\n>p1 move acrobatics\n>p2 move flipturn\n>p2 switch 2\n>p1 move leechseed\n>p2 switch 2\n>forcelose p1", "uploadtime": 1781450894, "views": 4, "formatid": "gen9randombattle", "rating": null, "private": 0, "password": null}