{"id": "gen9randombattle-2631972282", "format": "[Gen 9] Random Battle", "players": ["Jefejenaro", "marper8"], "log": "|j|\u2606Jefejenaro\n|j|\u2606marper8\n|t:|1781461444\n|gametype|singles\n|player|p1|Jefejenaro|wallace|1971\n|player|p2|marper8|265|2041\n|gen|9\n|tier|[Gen 9] Random Battle\n|rated|\n|rule|Species Clause: Limit one of each Pok\u00e9mon\n|rule|HP Percentage Mod: HP is shown in percentages\n|rule|Sleep Clause Mod: Limit one foe put to sleep\n|rule|Illusion Level Mod: Illusion disguises the Pok\u00e9mon's true level\n|\n|t:|1781461444\n|teamsize|p1|6\n|teamsize|p2|6\n|start\n|switch|p1a: Typhlosion|Typhlosion, L84, M|267/267\n|switch|p2a: Falinks|Falinks, L84|246/246\n|turn|1\n|inactive|Battle timer is ON: inactive players will automatically lose when time's up. (requested by marper8)\n|\n|t:|1781461461\n|move|p1a: Typhlosion|Eruption|p2a: Falinks\n|-damage|p2a: Falinks|38/246\n|move|p2a: Falinks|Knock Off|p1a: Typhlosion\n|-damage|p1a: Typhlosion|176/267\n|-enditem|p1a: Typhlosion|Choice Scarf|[from] move: Knock Off|[of] p2a: Falinks\n|-damage|p2a: Falinks|14/246|[from] item: Life Orb\n|\n|upkeep\n|turn|2\n|\n|t:|1781461469\n|switch|p2a: Hatterene|Hatterene, L85, F|236/236\n|move|p1a: Typhlosion|Scorching Sands|p2a: Hatterene\n|-damage|p2a: Hatterene|185/236\n|-status|p2a: Hatterene|brn\n|\n|-heal|p2a: Hatterene|199/236 brn|[from] item: Leftovers\n|-damage|p2a: Hatterene|185/236 brn|[from] brn\n|upkeep\n|turn|3\n|\n|t:|1781461479\n|move|p1a: Typhlosion|Fire Blast|p2a: Hatterene\n|-damage|p2a: Hatterene|71/236 brn\n|move|p2a: Hatterene|Psychic|p1a: Typhlosion\n|-damage|p1a: Typhlosion|44/267\n|\n|-heal|p2a: Hatterene|85/236 brn|[from] item: Leftovers\n|-damage|p2a: Hatterene|71/236 brn|[from] brn\n|upkeep\n|turn|4\n|\n|t:|1781461489\n|move|p1a: Typhlosion|Fire Blast|p2a: Hatterene\n|-damage|p2a: Hatterene|0 fnt\n|faint|p2a: Hatterene\n|\n|upkeep\n|\n|t:|1781461491\n|switch|p2a: Dusknoir|Dusknoir, L89, M|225/225\n|turn|5\n|\n|t:|1781461496\n|move|p2a: Dusknoir|Shadow Sneak|p1a: Typhlosion\n|-damage|p1a: Typhlosion|0 fnt\n|faint|p1a: Typhlosion\n|-damage|p2a: Dusknoir|203/225|[from] item: Life Orb\n|\n|upkeep\n|\n|t:|1781461504\n|switch|p1a: Weezing|Weezing, L88, F|258/258\n|turn|6\n|\n|t:|1781461507\n|switch|p2a: Falinks|Falinks, L84|14/246\n|move|p1a: Weezing|Will-O-Wisp|p2a: Falinks|[miss]\n|-miss|p1a: Weezing|p2a: Falinks\n|\n|upkeep\n|turn|7\n|\n|t:|1781461518\n|move|p2a: Falinks|Knock Off|p1a: Weezing\n|-damage|p1a: Weezing|185/258\n|-enditem|p1a: Weezing|Leftovers|[from] move: Knock Off|[of] p2a: Falinks\n|-damage|p2a: Falinks|0 fnt|[from] item: Life Orb\n|faint|p2a: Falinks\n|move|p1a: Weezing|Will-O-Wisp|p2: Falinks|[notarget]\n|-fail|p1a: Weezing\n|\n|upkeep\n|\n|t:|1781461526\n|switch|p2a: Lucario|Lucario, L84, M|255/255\n|turn|8\n|inactive|Jefejenaro has 120 seconds left.\n|\n|t:|1781461578\n|move|p2a: Lucario|Meteor Mash|p1a: Weezing\n|-damage|p1a: Weezing|67/258\n|move|p1a: Weezing|Fire Blast|p2a: Lucario\n|-supereffective|p2a: Lucario\n|-damage|p2a: Lucario|81/255\n|\n|upkeep\n|turn|9\n|\n|t:|1781461592\n|move|p2a: Lucario|Meteor Mash|p1a: Weezing\n|-damage|p1a: Weezing|0 fnt\n|-boost|p2a: Lucario|atk|1\n|faint|p1a: Weezing\n|\n|upkeep\n|inactive|Jefejenaro has 90 seconds left.\n|\n|t:|1781461611\n|switch|p1a: Espathra|Espathra, L80, M|283/283\n|turn|10\n|\n|t:|1781461614\n|switch|p2a: Brute Bonnet|Brute Bonnet, L80|309/309\n|move|p1a: Espathra|Dazzling Gleam|p2a: Brute Bonnet\n|-supereffective|p2a: Brute Bonnet\n|-damage|p2a: Brute Bonnet|209/309\n|\n|-heal|p2a: Brute Bonnet|228/309|[from] item: Leftovers\n|-ability|p1a: Espathra|Speed Boost|boost\n|-boost|p1a: Espathra|spe|1\n|upkeep\n|turn|11\n|\n|t:|1781461627\n|switch|p1a: Toucannon|Toucannon, L88, F|284/284\n|move|p2a: Brute Bonnet|Spore|p1a: Toucannon\n|-status|p1a: Toucannon|slp|[from] move: Spore\n|\n|-heal|p2a: Brute Bonnet|247/309|[from] item: Leftovers\n|upkeep\n|turn|12\n|\n|t:|1781461633\n|-end|p2a: Brute Bonnet|Protosynthesis|[silent]\n|switch|p2a: Piloswine|Piloswine, L85, F|309/309\n|-singleturn|p1a: Toucannon|move: Beak Blast\n|cant|p1a: Toucannon|slp\n|\n|upkeep\n|turn|13\n|\n|t:|1781461638\n|switch|p1a: Cryogonal|Cryogonal, L89|287/287\n|move|p2a: Piloswine|Icicle Crash|p1a: Cryogonal\n|-resisted|p1a: Cryogonal\n|-damage|p1a: Cryogonal|218/287\n|\n|upkeep\n|turn|14\n|\n|t:|1781461641\n|move|p1a: Cryogonal|Ice Beam|p2a: Piloswine\n|-damage|p2a: Piloswine|263/309\n|move|p2a: Piloswine|Roar|p1a: Cryogonal\n|drag|p1a: Toucannon|Toucannon, L88, F|284/284 slp\n|\n|upkeep\n|turn|15\n|\n|t:|1781461648\n|switch|p1a: Cryogonal|Cryogonal, L89|218/287\n|move|p2a: Piloswine|Icicle Crash|p1a: Cryogonal\n|-resisted|p1a: Cryogonal\n|-damage|p1a: Cryogonal|155/287\n|\n|upkeep\n|turn|16\n|\n|t:|1781461651\n|switch|p2a: Dusknoir|Dusknoir, L89, M|203/225\n|-item|p1a: Cryogonal|Heavy-Duty Boots|[from] ability: Frisk|[of] p2a: Dusknoir\n|move|p1a: Cryogonal|Ice Beam|p2a: Dusknoir\n|-damage|p2a: Dusknoir|128/225\n|\n|upkeep\n|turn|17\n|\n|t:|1781461656\n|switch|p1a: Toucannon|Toucannon, L88, F|284/284 slp\n|move|p2a: Dusknoir|Pain Split|p1a: Toucannon\n|-sethp|p1a: Toucannon|206/284 slp|[from] move: Pain Split|[silent]\n|-sethp|p2a: Dusknoir|206/225|[from] move: Pain Split\n|\n|upkeep\n|turn|18\n|\n|t:|1781461661\n|switch|p2a: Lucario|Lucario, L84, M|81/255\n|-singleturn|p1a: Toucannon|move: Beak Blast\n|-curestatus|p1a: Toucannon|slp|[msg]\n|move|p1a: Toucannon|Beak Blast|p2a: Lucario\n|-damage|p2a: Lucario|0 fnt\n|faint|p2a: Lucario\n|\n|upkeep\n|\n|t:|1781461663\n|switch|p2a: Piloswine|Piloswine, L85, F|263/309\n|turn|19\n|\n|t:|1781461667\n|move|p1a: Toucannon|U-turn|p2a: Piloswine\n|-damage|p2a: Piloswine|215/309\n|\n|t:|1781461670\n|switch|p1a: Cryogonal|Cryogonal, L89|155/287|[from] U-turn\n|move|p2a: Piloswine|Icicle Crash|p1a: Cryogonal\n|-resisted|p1a: Cryogonal\n|-damage|p1a: Cryogonal|87/287\n|\n|upkeep\n|turn|20\n|\n|t:|1781461675\n|move|p1a: Cryogonal|Recover|p1a: Cryogonal\n|-heal|p1a: Cryogonal|231/287\n|move|p2a: Piloswine|Icicle Crash|p1a: Cryogonal|[miss]\n|-miss|p2a: Piloswine|p1a: Cryogonal\n|\n|upkeep\n|turn|21\n|\n|t:|1781461678\n|move|p1a: Cryogonal|Ice Beam|p2a: Piloswine\n|-damage|p2a: Piloswine|166/309\n|move|p2a: Piloswine|Icicle Crash|p1a: Cryogonal\n|-resisted|p1a: Cryogonal\n|-damage|p1a: Cryogonal|162/287\n|\n|upkeep\n|turn|22\n|\n|t:|1781461680\n|move|p1a: Cryogonal|Ice Beam|p2a: Piloswine\n|-damage|p2a: Piloswine|120/309\n|move|p2a: Piloswine|Roar|p1a: Cryogonal\n|drag|p1a: Dragalge|Dragalge, L88, F|258/258\n|\n|upkeep\n|turn|23\n|\n|t:|1781461685\n|switch|p1a: Cryogonal|Cryogonal, L89|162/287\n|move|p2a: Piloswine|Icicle Crash|p1a: Cryogonal\n|-resisted|p1a: Cryogonal\n|-damage|p1a: Cryogonal|99/287\n|\n|upkeep\n|turn|24\n|\n|t:|1781461691\n|move|p1a: Cryogonal|Recover|p1a: Cryogonal\n|-heal|p1a: Cryogonal|243/287\n|move|p2a: Piloswine|Roar|p1a: Cryogonal\n|drag|p1a: Toucannon|Toucannon, L88, F|206/284\n|\n|upkeep\n|turn|25\n|\n|t:|1781461696\n|move|p1a: Toucannon|U-turn|p2a: Piloswine\n|-damage|p2a: Piloswine|70/309\n|\n|t:|1781461698\n|switch|p1a: Cryogonal|Cryogonal, L89|243/287|[from] U-turn\n|move|p2a: Piloswine|Icicle Crash|p1a: Cryogonal\n|-resisted|p1a: Cryogonal\n|-damage|p1a: Cryogonal|174/287\n|\n|upkeep\n|turn|26\n|\n|t:|1781461702\n|move|p1a: Cryogonal|Ice Beam|p2a: Piloswine\n|-damage|p2a: Piloswine|21/309\n|move|p2a: Piloswine|Roar|p1a: Cryogonal\n|drag|p1a: Toucannon|Toucannon, L88, F|206/284\n|\n|upkeep\n|turn|27\n|-message|marper8 forfeited.\n|\n|win|Jefejenaro\n", "inputlog": ">version a8376a258c1d4662feba110a92103f3664a72141\n>start {\"formatid\":\"gen9randombattle\",\"seed\":\"sodium,518f2f5a8d63354a9e29e69b5564f207\",\"rated\":\"Rated battle\"}\n>player p1 {\"name\":\"Jefejenaro\",\"avatar\":\"wallace\",\"rating\":1971,\"seed\":\"sodium,a3fcf8d7d6d9e44a9742d4eeec69d3c8\"}\n>player p2 {\"name\":\"marper8\",\"avatar\":\"265\",\"rating\":2041,\"seed\":\"sodium,43ed7e4fcc305f9b3307df58f79d11f8\"}\n>p1 move eruption\n>p2 move knockoff\n>p1 move scorchingsands\n>p2 switch 6\n>p1 move fireblast\n>p2 move psychic\n>p1 move fireblast\n>p2 move psychic\n>p2 switch 3\n>p1 move fireblast\n>p2 move shadowsneak\n>p1 switch 4\n>p1 move willowisp\n>p2 switch 6\n>p1 move willowisp\n>p2 move knockoff\n>p2 switch 4\n>p1 move fireblast\n>p2 move meteormash\n>p1 move fireblast\n>p2 move meteormash\n>p1 switch 2\n>p1 move dazzlinggleam\n>p2 switch 2\n>p1 switch 5\n>p2 move spore\n>p1 move beakblast\n>p2 switch 5\n>p1 switch 6\n>p2 move iciclecrash\n>p1 move icebeam\n>p2 move roar\n>p1 switch 6\n>p2 move iciclecrash\n>p1 move icebeam\n>p2 switch 6\n>p1 switch 6\n>p2 move painsplit\n>p1 move beakblast\n>p2 switch 2\n>p2 switch 6\n>p1 move uturn\n>p2 move iciclecrash\n>p1 switch 6\n>p1 move recover\n>p2 move iciclecrash\n>p1 move icebeam\n>p2 move iciclecrash\n>p1 move icebeam\n>p2 move roar\n>p1 switch 3\n>p2 move iciclecrash\n>p1 move recover\n>p2 move roar\n>p1 move uturn\n>p2 move iciclecrash\n>p1 switch 6\n>p1 move icebeam\n>p2 move roar\n>forcelose p2", "uploadtime": 1781461446, "views": 9, "formatid": "gen9randombattle", "rating": null, "private": 0, "password": null}