{"id": "gen9randombattle-2631812369", "format": "[Gen 9] Random Battle", "players": ["ViPa", "kapersthekrap"], "log": "|j|\u2606ViPa\n|j|\u2606kapersthekrap\n|t:|1781443244\n|gametype|singles\n|player|p1|ViPa|guitarist|2244\n|player|p2|kapersthekrap|alder|2148\n|gen|9\n|tier|[Gen 9] Random Battle\n|rated|\n|rule|Species Clause: Limit one of each Pok\u00e9mon\n|rule|HP Percentage Mod: HP is shown in percentages\n|rule|Sleep Clause Mod: Limit one foe put to sleep\n|rule|Illusion Level Mod: Illusion disguises the Pok\u00e9mon's true level\n|\n|t:|1781443244\n|teamsize|p1|6\n|teamsize|p2|6\n|start\n|switch|p1a: Volcanion|Volcanion, L79|256/256\n|switch|p2a: Stonjourner|Stonjourner, L91, M|330/330\n|turn|1\n|inactive|Battle timer is ON: inactive players will automatically lose when time's up. (requested by kapersthekrap)\n|\n|t:|1781443273\n|switch|p1a: Wo-Chien|Wo-Chien, L83|277/277\n|-ability|p1a: Wo-Chien|Tablets of Ruin\n|move|p2a: Stonjourner|Stone Edge|p1a: Wo-Chien\n|-damage|p1a: Wo-Chien|143/277\n|-damage|p2a: Stonjourner|297/330|[from] item: Life Orb\n|\n|-heal|p1a: Wo-Chien|160/277|[from] item: Leftovers\n|upkeep\n|turn|2\n|\n|t:|1781443283\n|move|p1a: Wo-Chien|Protect|p1a: Wo-Chien\n|-singleturn|p1a: Wo-Chien|Protect\n|move|p2a: Stonjourner|Heat Crash|p1a: Wo-Chien\n|-activate|p1a: Wo-Chien|move: Protect\n|\n|-heal|p1a: Wo-Chien|177/277|[from] item: Leftovers\n|upkeep\n|turn|3\n|\n|t:|1781443293\n|move|p2a: Stonjourner|Stealth Rock|p1a: Wo-Chien\n|-sidestart|p1: ViPa|move: Stealth Rock\n|move|p1a: Wo-Chien|Giga Drain|p2a: Stonjourner\n|-supereffective|p2a: Stonjourner\n|-damage|p2a: Stonjourner|0 fnt\n|-heal|p1a: Wo-Chien|277/277|[from] drain|[of] p2a: Stonjourner\n|faint|p2a: Stonjourner\n|\n|upkeep\n|\n|t:|1781443302\n|switch|p2a: Piloswine|Piloswine, L85, M|309/309\n|turn|4\n|\n|t:|1781443307\n|move|p1a: Wo-Chien|Giga Drain|p2a: Piloswine\n|-supereffective|p2a: Piloswine\n|-damage|p2a: Piloswine|175/309\n|move|p2a: Piloswine|Icicle Crash|p1a: Wo-Chien\n|-supereffective|p1a: Wo-Chien\n|-damage|p1a: Wo-Chien|137/277\n|\n|-heal|p1a: Wo-Chien|154/277|[from] item: Leftovers\n|upkeep\n|turn|5\n|\n|t:|1781443312\n|move|p1a: Wo-Chien|Giga Drain|p2a: Piloswine\n|-supereffective|p2a: Piloswine\n|-damage|p2a: Piloswine|53/309\n|-heal|p1a: Wo-Chien|215/277|[from] drain|[of] p2a: Piloswine\n|move|p2a: Piloswine|Icicle Crash|p1a: Wo-Chien\n|-supereffective|p1a: Wo-Chien\n|-damage|p1a: Wo-Chien|83/277\n|\n|-heal|p1a: Wo-Chien|100/277|[from] item: Leftovers\n|upkeep\n|turn|6\n|\n|t:|1781443318\n|move|p1a: Wo-Chien|Protect|p1a: Wo-Chien\n|-singleturn|p1a: Wo-Chien|Protect\n|move|p2a: Piloswine|Ice Shard|p1a: Wo-Chien\n|-activate|p1a: Wo-Chien|move: Protect\n|\n|-heal|p1a: Wo-Chien|117/277|[from] item: Leftovers\n|upkeep\n|turn|7\n|\n|t:|1781443324\n|move|p2a: Piloswine|Ice Shard|p1a: Wo-Chien\n|-supereffective|p1a: Wo-Chien\n|-damage|p1a: Wo-Chien|51/277\n|move|p1a: Wo-Chien|Giga Drain|p2a: Piloswine\n|-supereffective|p2a: Piloswine\n|-damage|p2a: Piloswine|0 fnt\n|-heal|p1a: Wo-Chien|78/277|[from] drain|[of] p2a: Piloswine\n|faint|p2a: Piloswine\n|\n|-heal|p1a: Wo-Chien|95/277|[from] item: Leftovers\n|upkeep\n|\n|t:|1781443333\n|switch|p2a: Infernape|Infernape, L82, M|259/259\n|turn|8\n|\n|t:|1781443346\n|move|p2a: Infernape|Swords Dance|p2a: Infernape\n|-boost|p2a: Infernape|atk|2\n|move|p1a: Wo-Chien|Leech Seed|p2a: Infernape\n|-start|p2a: Infernape|move: Leech Seed\n|\n|-heal|p1a: Wo-Chien|112/277|[from] item: Leftovers\n|-damage|p2a: Infernape|227/259|[from] Leech Seed|[of] p1a: Wo-Chien\n|-heal|p1a: Wo-Chien|144/277|[silent]\n|upkeep\n|turn|9\n|\n|t:|1781443354\n|move|p1a: Wo-Chien|Protect|p1a: Wo-Chien\n|-singleturn|p1a: Wo-Chien|Protect\n|move|p2a: Infernape|Close Combat|p1a: Wo-Chien\n|-activate|p1a: Wo-Chien|move: Protect\n|\n|-heal|p1a: Wo-Chien|161/277|[from] item: Leftovers\n|-damage|p2a: Infernape|195/259|[from] Leech Seed|[of] p1a: Wo-Chien\n|-heal|p1a: Wo-Chien|193/277|[silent]\n|upkeep\n|turn|10\n|\n|t:|1781443369\n|switch|p1a: Masquerain|Masquerain, L87, M|264/264\n|-ability|p1a: Masquerain|Intimidate|boost\n|-unboost|p2a: Infernape|atk|1\n|move|p2a: Infernape|Flare Blitz|p1a: Masquerain\n|-supereffective|p1a: Masquerain\n|-damage|p1a: Masquerain|0 fnt\n|faint|p1a: Masquerain\n|-damage|p2a: Infernape|108/259|[from] Recoil\n|-damage|p2a: Infernape|83/259|[from] item: Life Orb\n|\n|upkeep\n|\n|t:|1781443384\n|switch|p1a: Infernape|Infernape, L82, F|259/259\n|-damage|p1a: Infernape|227/259|[from] Stealth Rock\n|turn|11\n|c|\u2606kapersthekrap|50/50 huh\n|\n|t:|1781443392\n|move|p1a: Infernape|Close Combat|p2a: Infernape\n|-damage|p2a: Infernape|0 fnt\n|-unboost|p1a: Infernape|def|1\n|-unboost|p1a: Infernape|spd|1\n|faint|p2a: Infernape\n|-damage|p1a: Infernape|202/259|[from] item: Life Orb\n|\n|upkeep\n|\n|t:|1781443400\n|switch|p2a: Bruxish|Bruxish, L85, F|254/254\n|turn|12\n|\n|t:|1781443406\n|switch|p1a: Wo-Chien|Wo-Chien, L83|193/277\n|-damage|p1a: Wo-Chien|159/277|[from] Stealth Rock\n|-ability|p1a: Wo-Chien|Tablets of Ruin\n|move|p2a: Bruxish|Aqua Jet|p1a: Wo-Chien\n|-resisted|p1a: Wo-Chien\n|-damage|p1a: Wo-Chien|137/277\n|\n|-heal|p1a: Wo-Chien|154/277|[from] item: Leftovers\n|upkeep\n|turn|13\n|\n|t:|1781443415\n|switch|p2a: Pawmot|Pawmot, L80, M|243/243\n|move|p1a: Wo-Chien|Giga Drain|p2a: Pawmot\n|-damage|p2a: Pawmot|141/243\n|-heal|p1a: Wo-Chien|205/277|[from] drain|[of] p2a: Pawmot\n|\n|-heal|p1a: Wo-Chien|222/277|[from] item: Leftovers\n|upkeep\n|turn|14\n|\n|t:|1781443420\n|move|p2a: Pawmot|Revival Blessing|p2a: Pawmot\n|\n|t:|1781443423\n|-heal|p2: Infernape|129/259|[from] move: Revival Blessing\n|move|p1a: Wo-Chien|Giga Drain|p2a: Pawmot\n|-damage|p2a: Pawmot|29/243\n|-heal|p1a: Wo-Chien|277/277|[from] drain|[of] p2a: Pawmot\n|\n|upkeep\n|turn|15\n|\n|t:|1781443434\n|move|p2a: Pawmot|Knock Off|p1a: Wo-Chien\n|-resisted|p1a: Wo-Chien\n|-damage|p1a: Wo-Chien|243/277\n|-enditem|p1a: Wo-Chien|Leftovers|[from] move: Knock Off|[of] p2a: Pawmot\n|-damage|p2a: Pawmot|5/243|[from] item: Life Orb\n|move|p1a: Wo-Chien|Giga Drain|p2a: Pawmot\n|-damage|p2a: Pawmot|0 fnt\n|-heal|p1a: Wo-Chien|246/277|[from] drain|[of] p2a: Pawmot\n|faint|p2a: Pawmot\n|\n|upkeep\n|\n|t:|1781443443\n|switch|p2a: Infernape|Infernape, L82, M|129/259\n|turn|16\n|\n|t:|1781443449\n|move|p2a: Infernape|Close Combat|p1a: Wo-Chien\n|-supereffective|p1a: Wo-Chien\n|-damage|p1a: Wo-Chien|35/277\n|-unboost|p2a: Infernape|def|1\n|-unboost|p2a: Infernape|spd|1\n|-damage|p2a: Infernape|104/259|[from] item: Life Orb\n|move|p1a: Wo-Chien|Leech Seed|p2a: Infernape|[miss]\n|-miss|p1a: Wo-Chien|p2a: Infernape\n|\n|upkeep\n|turn|17\n|\n|t:|1781443460\n|move|p2a: Infernape|Close Combat|p1a: Wo-Chien\n|-supereffective|p1a: Wo-Chien\n|-damage|p1a: Wo-Chien|0 fnt\n|-unboost|p2a: Infernape|def|1\n|-unboost|p2a: Infernape|spd|1\n|faint|p1a: Wo-Chien\n|-damage|p2a: Infernape|79/259|[from] item: Life Orb\n|\n|upkeep\n|\n|t:|1781443464\n|switch|p1a: Slowking|Slowking-Galar, L85, M|300/300\n|-damage|p1a: Slowking|263/300|[from] Stealth Rock\n|turn|18\n|\n|t:|1781443473\n|move|p2a: Infernape|Flare Blitz|p1a: Slowking\n|-damage|p1a: Slowking|20/300\n|-damage|p2a: Infernape|0 fnt|[from] Recoil\n|faint|p2a: Infernape\n|move|p1a: Slowking|Sludge Bomb|p2: Infernape|[notarget]\n|-fail|p1a: Slowking\n|\n|-heal|p1a: Slowking|38/300|[from] item: Leftovers\n|upkeep\n|\n|t:|1781443476\n|switch|p2a: Torterra|Torterra, L78, M|276/276\n|turn|19\n|\n|t:|1781443481\n|move|p2a: Torterra|Shell Smash|p2a: Torterra\n|-unboost|p2a: Torterra|def|1\n|-unboost|p2a: Torterra|spd|1\n|-boost|p2a: Torterra|atk|2\n|-boost|p2a: Torterra|spa|2\n|-boost|p2a: Torterra|spe|2\n|move|p1a: Slowking|Sludge Bomb|p2a: Torterra\n|-damage|p2a: Torterra|96/276\n|\n|-heal|p1a: Slowking|56/300|[from] item: Leftovers\n|upkeep\n|turn|20\n|\n|t:|1781443489\n|move|p2a: Torterra|Bullet Seed|p1a: Slowking\n|-resisted|p1a: Slowking\n|-damage|p1a: Slowking|27/300\n|-resisted|p1a: Slowking\n|-damage|p1a: Slowking|0 fnt\n|faint|p1a: Slowking\n|-hitcount|p1: Slowking|2\n|\n|upkeep\n|\n|t:|1781443499\n|switch|p1a: Oinkologne|Oinkologne-F, L92, F|361/361\n|-damage|p1a: Oinkologne|316/361|[from] Stealth Rock\n|turn|21\n|\n|t:|1781443511\n|-terastallize|p2a: Torterra|Rock\n|move|p2a: Torterra|Bullet Seed|p1a: Oinkologne\n|-damage|p1a: Oinkologne|262/361\n|-damage|p1a: Oinkologne|210/361\n|-damage|p1a: Oinkologne|155/361\n|-damage|p1a: Oinkologne|98/361\n|-hitcount|p1a: Oinkologne|4\n|move|p1a: Oinkologne|Body Slam|p2a: Torterra\n|-resisted|p2a: Torterra\n|-damage|p2a: Torterra|21/276\n|-status|p2a: Torterra|par\n|\n|-heal|p1a: Oinkologne|120/361|[from] item: Leftovers\n|upkeep\n|turn|22\n|c|\u2606kapersthekrap|gg\n|c|\u2606kapersthekrap|damn\n|\n|t:|1781443523\n|move|p1a: Oinkologne|Body Slam|p2a: Torterra\n|-resisted|p2a: Torterra\n|-damage|p2a: Torterra|0 fnt\n|faint|p2a: Torterra\n|\n|-heal|p1a: Oinkologne|142/361|[from] item: Leftovers\n|upkeep\n|c|\u2606kapersthekrap|lost on a 30?\n|c|\u2606kapersthekrap|30%\n|\n|t:|1781443530\n|switch|p2a: Bruxish|Bruxish, L85, F|254/254\n|turn|23\n|\n|t:|1781443534\n|move|p2a: Bruxish|Psychic Fangs|p1a: Oinkologne\n|-damage|p1a: Oinkologne|0 fnt\n|faint|p1a: Oinkologne\n|\n|upkeep\n|\n|t:|1781443540\n|switch|p1a: Infernape|Infernape, L82, F|202/259\n|-damage|p1a: Infernape|170/259|[from] Stealth Rock\n|turn|24\n|\n|t:|1781443546\n|move|p1a: Infernape|Gunk Shot|p2a: Bruxish\n|-damage|p2a: Bruxish|128/254\n|-damage|p1a: Infernape|145/259|[from] item: Life Orb\n|move|p2a: Bruxish|Psychic Fangs|p1a: Infernape\n|-supereffective|p1a: Infernape\n|-damage|p1a: Infernape|0 fnt\n|faint|p1a: Infernape\n|\n|upkeep\n|\n|t:|1781443551\n|switch|p1a: Volcanion|Volcanion, L79|256/256\n|turn|25\n|\n|t:|1781443575\n|move|p2a: Bruxish|Psychic Fangs|p1a: Volcanion\n|-damage|p1a: Volcanion|81/256\n|move|p1a: Volcanion|Steam Eruption|p2a: Bruxish\n|-resisted|p2a: Bruxish\n|-damage|p2a: Bruxish|54/254\n|-status|p2a: Bruxish|brn\n|\n|-damage|p2a: Bruxish|39/254 brn|[from] brn\n|upkeep\n|turn|26\n|\n|t:|1781443594\n|move|p2a: Bruxish|Psychic Fangs|p1a: Volcanion\n|-crit|p1a: Volcanion\n|-damage|p1a: Volcanion|0 fnt\n|faint|p1a: Volcanion\n|\n|win|kapersthekrap\n|raw|ViPa's rating: 2244 &rarr; <strong>2219</strong><br />(-25 for losing)\n|raw|kapersthekrap's rating: 2148 &rarr; <strong>2173</strong><br />(+25 for winning)\n", "inputlog": ">version a8376a258c1d4662feba110a92103f3664a72141\n>start {\"formatid\":\"gen9randombattle\",\"seed\":\"sodium,5d9a172b1ea64ea01b219a6ae333c645\",\"rated\":\"Rated battle\"}\n>player p1 {\"name\":\"ViPa\",\"avatar\":\"guitarist\",\"rating\":2244,\"seed\":\"sodium,c698957372c0ab4125086e48f4727de5\"}\n>player p2 {\"name\":\"kapersthekrap\",\"avatar\":\"alder\",\"rating\":2148,\"seed\":\"sodium,5cdf262e91a2d2747b0b529b139490f3\"}\n>p1 switch 3\n>p2 move stoneedge\n>p1 move protect\n>p2 move heatcrash\n>p1 move gigadrain\n>p2 move stealthrock\n>p2 switch 3\n>p1 move gigadrain\n>p2 move iciclecrash\n>p1 move gigadrain\n>p2 move iciclecrash\n>p1 move protect\n>p2 move iceshard\n>p1 move gigadrain\n>p2 move iceshard\n>p2 switch 6\n>p1 move leechseed\n>p2 move swordsdance\n>p1 move protect\n>p2 move closecombat\n>p1 switch 5\n>p2 move flareblitz\n>p1 switch 4\n>chat \u2606kapersthekrap|50/50 huh\n>p1 move closecombat\n>p2 move closecombat\n>p2 switch 2\n>p1 switch 5\n>p2 move aquajet\n>p1 move gigadrain\n>p2 switch 4\n>p1 move gigadrain\n>p2 move revivalblessing\n>p2 switch 2\n>p1 move gigadrain\n>p2 move knockoff\n>p2 switch 2\n>p1 move leechseed\n>p2 move closecombat\n>p1 move gigadrain\n>p2 move closecombat\n>p1 switch 2\n>p1 move sludgebomb\n>p2 move flareblitz\n>p2 switch 5\n>p1 move sludgebomb\n>p2 move shellsmash\n>p1 move sludgebomb\n>p2 move bulletseed\n>p1 switch 6\n>p1 move bodyslam\n>p2 move bulletseed terastallize\n>chat \u2606kapersthekrap|gg\n>chat \u2606kapersthekrap|damn\n>p1 move bodyslam\n>p2 move bulletseed\n>chat \u2606kapersthekrap|lost on a 30?\n>chat \u2606kapersthekrap|30%\n>p2 switch 4\n>p1 move bodyslam\n>p2 move psychicfangs\n>p1 switch 5\n>p1 move gunkshot\n>p2 move psychicfangs\n>p1 switch 3\n>p1 move steameruption\n>p2 move psychicfangs\n>p1 move sludgebomb\n>p2 move psychicfangs", "uploadtime": 1781443246, "views": 9, "formatid": "gen9randombattle", "rating": 2173, "private": 0, "password": null}