{"id": "gen9randombattle-2631776218", "format": "[Gen 9] Random Battle", "players": ["Mcnoodle", "ChadInteleonUser"], "log": "|j|\u2606Mcnoodle\n|j|\u2606ChadInteleonUser\n|t:|1781437903\n|gametype|singles\n|player|p1|Mcnoodle|backpacker|2115\n|player|p2|ChadInteleonUser|wallace|2224\n|gen|9\n|tier|[Gen 9] Random Battle\n|rated|\n|rule|Species Clause: Limit one of each Pok\u00e9mon\n|rule|HP Percentage Mod: HP is shown in percentages\n|rule|Sleep Clause Mod: Limit one foe put to sleep\n|rule|Illusion Level Mod: Illusion disguises the Pok\u00e9mon's true level\n|\n|t:|1781437903\n|teamsize|p1|6\n|teamsize|p2|6\n|start\n|switch|p1a: Raichu|Raichu-Alola, L87, M|246/246\n|switch|p2a: Vespiquen|Vespiquen, L99, F|299/299\n|-ability|p2a: Vespiquen|Pressure\n|turn|1\n|inactive|Battle timer is ON: inactive players will automatically lose when time's up. (requested by Mcnoodle)\n|inactive|ChadInteleonUser also wants the timer to be on.\n|\n|t:|1781437920\n|switch|p2a: Glaceon|Glaceon, L94, F|275/275\n|move|p1a: Raichu|Thunderbolt|p2a: Glaceon\n|-damage|p2a: Glaceon|155/275\n|\n|upkeep\n|turn|2\n|\n|t:|1781437935\n|move|p1a: Raichu|Thunderbolt|p2a: Glaceon\n|-damage|p2a: Glaceon|38/275\n|move|p2a: Glaceon|Wish|p2a: Glaceon\n|\n|upkeep\n|turn|3\n|\n|t:|1781437944\n|switch|p1a: Grafaiai|Grafaiai, L86, M|249/249\n|move|p2a: Glaceon|Protect||[still]\n|-fail|p2a: Glaceon\n|\n|-heal|p2a: Glaceon|175/275|[from] move: Wish|[wisher] Glaceon\n|upkeep\n|turn|4\n|\n|t:|1781437953\n|switch|p2a: Magcargo|Magcargo, L95, M|268/268\n|move|p1a: Grafaiai|Knock Off|p2a: Magcargo\n|-damage|p2a: Magcargo|214/268\n|-enditem|p2a: Magcargo|Heavy-Duty Boots|[from] move: Knock Off|[of] p1a: Grafaiai\n|\n|upkeep\n|turn|5\n|\n|t:|1781437963\n|move|p1a: Grafaiai|Parting Shot|p2a: Magcargo\n|-unboost|p2a: Magcargo|atk|1\n|-unboost|p2a: Magcargo|spa|1\n|\n|t:|1781437977\n|switch|p1a: Gastrodon|Gastrodon-East, L86, F|331/331|[from] Parting Shot\n|move|p2a: Magcargo|Stealth Rock|p1a: Gastrodon\n|-sidestart|p1: Mcnoodle|move: Stealth Rock\n|\n|upkeep\n|turn|6\n|\n|t:|1781437985\n|switch|p2a: Vespiquen|Vespiquen, L99, F|299/299\n|-ability|p2a: Vespiquen|Pressure\n|move|p1a: Gastrodon|Spikes|p2a: Vespiquen\n|-sidestart|p2: ChadInteleonUser|Spikes\n|\n|upkeep\n|turn|7\n|\n|t:|1781438002\n|switch|p2a: Glaceon|Glaceon, L94, F|175/275\n|move|p1a: Gastrodon|Spikes|p2a: Glaceon\n|-sidestart|p2: ChadInteleonUser|Spikes\n|\n|upkeep\n|turn|8\n|inactive|Mcnoodle has 120 seconds left.\n|\n|t:|1781438052\n|switch|p1a: Grafaiai|Grafaiai, L86, M|249/249\n|move|p2a: Glaceon|Freeze-Dry|p1a: Grafaiai\n|-damage|p1a: Grafaiai|113/249\n|\n|upkeep\n|turn|9\n|\n|t:|1781438075\n|move|p1a: Grafaiai|Knock Off|p2a: Glaceon\n|-crit|p2a: Glaceon\n|-damage|p2a: Glaceon|92/275\n|-enditem|p2a: Glaceon|Heavy-Duty Boots|[from] move: Knock Off|[of] p1a: Grafaiai\n|move|p2a: Glaceon|Freeze-Dry|p1a: Grafaiai\n|-damage|p1a: Grafaiai|0 fnt\n|faint|p1a: Grafaiai\n|\n|upkeep\n|inactive|Mcnoodle has 90 seconds left.\n|\n|t:|1781438100\n|switch|p1a: Raichu|Raichu-Alola, L87, M|246/246\n|-damage|p1a: Raichu|216/246|[from] Stealth Rock\n|turn|10\n|\n|t:|1781438110\n|move|p2a: Glaceon|Protect|p2a: Glaceon\n|-singleturn|p2a: Glaceon|Protect\n|move|p1a: Raichu|Psyshock|p2a: Glaceon\n|-activate|p2a: Glaceon|move: Protect\n|\n|upkeep\n|turn|11\n|\n|t:|1781438114\n|switch|p2a: Hoopa|Hoopa-Unbound, L80|259/259\n|-damage|p2a: Hoopa|216/259|[from] Spikes\n|move|p1a: Raichu|Psyshock|p2a: Hoopa\n|-immune|p2a: Hoopa\n|\n|upkeep\n|turn|12\n|\n|t:|1781438119\n|switch|p1a: Arbok|Arbok, L87, M|246/246\n|-damage|p1a: Arbok|216/246|[from] Stealth Rock\n|-ability|p1a: Arbok|Intimidate|boost\n|-unboost|p2a: Hoopa|atk|1\n|move|p2a: Hoopa|Trick|p1a: Arbok\n|-activate|p2a: Hoopa|move: Trick|[of] p1a: Arbok\n|-item|p1a: Arbok|Choice Band|[from] move: Trick\n|-item|p2a: Hoopa|Leftovers|[from] move: Trick\n|\n|-heal|p2a: Hoopa|232/259|[from] item: Leftovers\n|upkeep\n|turn|13\n|inactive|Mcnoodle has 120 seconds left.\n|\n|t:|1781438129\n|switch|p2a: Glaceon|Glaceon, L94, F|92/275\n|-damage|p2a: Glaceon|47/275|[from] Spikes\n|move|p1a: Arbok|Gunk Shot|p2a: Glaceon\n|-damage|p2a: Glaceon|0 fnt\n|faint|p2a: Glaceon\n|\n|upkeep\n|\n|t:|1781438132\n|switch|p2a: Magcargo|Magcargo, L95, M|214/268\n|-damage|p2a: Magcargo|170/268|[from] Spikes\n|turn|14\n|\n|t:|1781438136\n|switch|p1a: Gastrodon|Gastrodon-East, L86, F|331/331\n|-damage|p1a: Gastrodon|311/331|[from] Stealth Rock\n|move|p2a: Magcargo|Recover|p2a: Magcargo\n|-heal|p2a: Magcargo|268/268\n|\n|-heal|p1a: Gastrodon|331/331|[from] item: Leftovers\n|upkeep\n|turn|15\n|\n|t:|1781438144\n|switch|p2a: Vespiquen|Vespiquen, L99, F|299/299\n|-ability|p2a: Vespiquen|Pressure\n|move|p1a: Gastrodon|Spikes|p2a: Vespiquen\n|-sidestart|p2: ChadInteleonUser|Spikes\n|\n|upkeep\n|turn|16\n|\n|t:|1781438155\n|switch|p1a: Arbok|Arbok, L87, M|216/246\n|-damage|p1a: Arbok|186/246|[from] Stealth Rock\n|-ability|p1a: Arbok|Intimidate|boost\n|-unboost|p2a: Vespiquen|atk|1\n|move|p2a: Vespiquen|Spikes|p1a: Arbok\n|-sidestart|p1: Mcnoodle|Spikes\n|\n|upkeep\n|turn|17\n|\n|t:|1781438158\n|move|p1a: Arbok|Gunk Shot|p2a: Vespiquen\n|-damage|p2a: Vespiquen|158/299\n|move|p2a: Vespiquen|Toxic Spikes|p1a: Arbok\n|-sidestart|p1: Mcnoodle|move: Toxic Spikes\n|\n|upkeep\n|turn|18\n|\n|t:|1781438168\n|switch|p2a: Magcargo|Magcargo, L95, M|268/268\n|-damage|p2a: Magcargo|201/268|[from] Spikes\n|move|p1a: Arbok|Gunk Shot|p2a: Magcargo\n|-resisted|p2a: Magcargo\n|-damage|p2a: Magcargo|127/268\n|\n|upkeep\n|turn|19\n|\n|t:|1781438172\n|switch|p1a: Gastrodon|Gastrodon-East, L86, F|331/331\n|-damage|p1a: Gastrodon|311/331|[from] Stealth Rock\n|-damage|p1a: Gastrodon|270/331|[from] Spikes\n|-status|p1a: Gastrodon|psn\n|move|p2a: Magcargo|Recover|p2a: Magcargo\n|-heal|p2a: Magcargo|261/268\n|\n|-heal|p1a: Gastrodon|290/331 psn|[from] item: Leftovers\n|-damage|p1a: Gastrodon|249/331 psn|[from] psn\n|upkeep\n|turn|20\n|\n|t:|1781438177\n|switch|p1a: Bombirdier|Bombirdier, L85, F|258/258\n|switch|p2a: Vespiquen|Vespiquen, L99, F|158/299\n|-ability|p2a: Vespiquen|Pressure\n|\n|upkeep\n|turn|21\n|\n|t:|1781438185\n|switch|p2a: Magcargo|Magcargo, L95, M|261/268\n|-damage|p2a: Magcargo|194/268|[from] Spikes\n|move|p1a: Bombirdier|Stealth Rock|p2a: Magcargo\n|-sidestart|p2: ChadInteleonUser|move: Stealth Rock\n|\n|upkeep\n|turn|22\n|\n|t:|1781438191\n|switch|p1a: Gastrodon|Gastrodon-East, L86, F|249/331 psn\n|-damage|p1a: Gastrodon|229/331 psn|[from] Stealth Rock\n|-damage|p1a: Gastrodon|188/331 psn|[from] Spikes\n|move|p2a: Magcargo|Lava Plume|p1a: Gastrodon\n|-resisted|p1a: Gastrodon\n|-damage|p1a: Gastrodon|133/331 psn\n|\n|-heal|p1a: Gastrodon|153/331 psn|[from] item: Leftovers\n|-damage|p1a: Gastrodon|112/331 psn|[from] psn\n|upkeep\n|turn|23\n|\n|t:|1781438201\n|switch|p1a: Arbok|Arbok, L87, M|186/246\n|-damage|p1a: Arbok|156/246|[from] Stealth Rock\n|-damage|p1a: Arbok|126/246|[from] Spikes\n|-sideend|p1: Mcnoodle|move: Toxic Spikes|[of] p1a: Arbok\n|-ability|p1a: Arbok|Intimidate|boost\n|-unboost|p2a: Magcargo|atk|1\n|switch|p2a: Vespiquen|Vespiquen, L99, F|158/299\n|-ability|p2a: Vespiquen|Pressure\n|\n|upkeep\n|turn|24\n|\n|t:|1781438206\n|move|p1a: Arbok|Gunk Shot|p2a: Vespiquen|[miss]\n|-miss|p1a: Arbok|p2a: Vespiquen\n|move|p2a: Vespiquen|Roost|p2a: Vespiquen\n|-heal|p2a: Vespiquen|299/299\n|-singleturn|p2a: Vespiquen|move: Roost\n|\n|upkeep\n|turn|25\n|\n|t:|1781438213\n|move|p1a: Arbok|Gunk Shot|p2a: Vespiquen\n|-damage|p2a: Vespiquen|160/299\n|-status|p2a: Vespiquen|psn\n|move|p2a: Vespiquen|Spikes|p1a: Arbok\n|-sidestart|p1: Mcnoodle|Spikes\n|\n|-damage|p2a: Vespiquen|123/299 psn|[from] psn\n|upkeep\n|turn|26\n|\n|t:|1781438218\n|-activate|p1a: Arbok|move: Struggle\n|move|p1a: Arbok|Struggle|p2a: Vespiquen\n|-damage|p2a: Vespiquen|84/299 psn\n|-damage|p1a: Arbok|64/246|[from] recoil\n|move|p2a: Vespiquen|Roost|p2a: Vespiquen\n|-heal|p2a: Vespiquen|234/299 psn\n|-singleturn|p2a: Vespiquen|move: Roost\n|\n|-damage|p2a: Vespiquen|197/299 psn|[from] psn\n|upkeep\n|turn|27\n|\n|t:|1781438223\n|-activate|p1a: Arbok|move: Struggle\n|move|p1a: Arbok|Struggle|p2a: Vespiquen\n|-damage|p2a: Vespiquen|157/299 psn\n|-damage|p1a: Arbok|2/246|[from] recoil\n|move|p2a: Vespiquen|Spikes|p1a: Arbok\n|-sidestart|p1: Mcnoodle|Spikes\n|\n|-damage|p2a: Vespiquen|120/299 psn|[from] psn\n|upkeep\n|turn|28\n|\n|t:|1781438226\n|-activate|p1a: Arbok|move: Struggle\n|move|p1a: Arbok|Struggle|p2a: Vespiquen\n|-damage|p2a: Vespiquen|76/299 psn\n|-damage|p1a: Arbok|0 fnt|[from] recoil\n|faint|p1a: Arbok\n|move|p2a: Vespiquen|Roost|p2a: Vespiquen\n|-heal|p2a: Vespiquen|226/299 psn\n|-singleturn|p2a: Vespiquen|move: Roost\n|\n|-damage|p2a: Vespiquen|189/299 psn|[from] psn\n|upkeep\n|\n|t:|1781438235\n|switch|p1a: Bombirdier|Bombirdier, L85, F|258/258\n|turn|29\n|\n|t:|1781438246\n|switch|p2a: Magcargo|Magcargo, L95, M|194/268\n|-damage|p2a: Magcargo|127/268|[from] Spikes\n|-damage|p2a: Magcargo|60/268|[from] Stealth Rock\n|move|p1a: Bombirdier|Brave Bird|p2a: Magcargo\n|-resisted|p2a: Magcargo\n|-damage|p2a: Magcargo|15/268\n|-damage|p1a: Bombirdier|243/258|[from] Recoil\n|\n|upkeep\n|turn|30\n|\n|t:|1781438262\n|switch|p1a: Gastrodon|Gastrodon-East, L86, F|112/331 psn\n|-damage|p1a: Gastrodon|92/331 psn|[from] Stealth Rock\n|-damage|p1a: Gastrodon|10/331 psn|[from] Spikes\n|move|p2a: Magcargo|Recover|p2a: Magcargo\n|-heal|p2a: Magcargo|149/268\n|\n|-heal|p1a: Gastrodon|30/331 psn|[from] item: Leftovers\n|-damage|p1a: Gastrodon|0 fnt|[from] psn\n|faint|p1a: Gastrodon\n|upkeep\n|\n|t:|1781438265\n|switch|p1a: Gyarados|Gyarados, L79, M|280/280\n|turn|31\n|\n|t:|1781438271\n|-terastallize|p2a: Magcargo|Grass\n|move|p1a: Gyarados|Waterfall|p2a: Magcargo\n|-resisted|p2a: Magcargo\n|-damage|p2a: Magcargo|119/268\n|move|p2a: Magcargo|Yawn|p1a: Gyarados\n|-start|p1a: Gyarados|move: Yawn|[of] p2a: Magcargo\n|\n|upkeep\n|turn|32\n|\n|t:|1781438279\n|switch|p1a: Bombirdier|Bombirdier, L85, F|243/258\n|move|p2a: Magcargo|Lava Plume|p1a: Bombirdier\n|-damage|p1a: Bombirdier|135/258\n|\n|upkeep\n|turn|33\n|\n|t:|1781438287\n|move|p1a: Bombirdier|Brave Bird|p2a: Magcargo\n|-supereffective|p2a: Magcargo\n|-damage|p2a: Magcargo|0 fnt\n|-status|p1a: Bombirdier|brn|[from] ability: Flame Body|[of] p2a: Magcargo\n|faint|p2a: Magcargo\n|-damage|p1a: Bombirdier|96/258 brn|[from] Recoil\n|\n|-damage|p1a: Bombirdier|80/258 brn|[from] brn\n|upkeep\n|\n|t:|1781438297\n|switch|p2a: Terapagos|Terapagos, L77, M|265/265\n|-activate|p2a: Terapagos|ability: Tera Shift\n|detailschange|p2a: Terapagos|Terapagos-Terastal, L77, M\n|-heal|p2a: Terapagos|273/273|[silent]\n|turn|34\n|\n|t:|1781438302\n|move|p1a: Bombirdier|Knock Off|p2a: Terapagos\n|-activate|p2a: Terapagos|ability: Tera Shell\n|-resisted|p2a: Terapagos\n|-damage|p2a: Terapagos|248/273\n|-enditem|p2a: Terapagos|Heavy-Duty Boots|[from] move: Knock Off|[of] p1a: Bombirdier\n|move|p2a: Terapagos|Calm Mind|p2a: Terapagos\n|-boost|p2a: Terapagos|spa|1\n|-boost|p2a: Terapagos|spd|1\n|\n|-damage|p1a: Bombirdier|64/258 brn|[from] brn\n|upkeep\n|turn|35\n|\n|t:|1781438316\n|move|p1a: Bombirdier|Brave Bird|p2a: Terapagos\n|-damage|p2a: Terapagos|187/273\n|-damage|p1a: Bombirdier|44/258 brn|[from] Recoil\n|move|p2a: Terapagos|Rapid Spin|p1a: Bombirdier\n|-damage|p1a: Bombirdier|0 fnt\n|-boost|p2a: Terapagos|spe|1\n|-sideend|p2: ChadInteleonUser|Spikes|[from] move: Rapid Spin|[of] p2a: Terapagos\n|-sideend|p2: ChadInteleonUser|Stealth Rock|[from] move: Rapid Spin|[of] p2a: Terapagos\n|faint|p1a: Bombirdier\n|\n|upkeep\n|\n|t:|1781438320\n|switch|p1a: Raichu|Raichu-Alola, L87, M|216/246\n|-damage|p1a: Raichu|186/246|[from] Stealth Rock\n|-damage|p1a: Raichu|125/246|[from] Spikes\n|turn|36\n|c|\u2606ChadInteleonUser|i should've spun way earlier\n|\n|t:|1781438329\n|move|p2a: Terapagos|Tera Starstorm|p1a: Raichu\n|-damage|p1a: Raichu|0 fnt\n|faint|p1a: Raichu\n|\n|upkeep\n|\n|t:|1781438331\n|switch|p1a: Gyarados|Gyarados, L79, M|280/280\n|turn|37\n|\n|t:|1781438334\n|move|p2a: Terapagos|Tera Starstorm|p1a: Gyarados\n|-damage|p1a: Gyarados|127/280\n|move|p1a: Gyarados|Dragon Dance|p1a: Gyarados\n|-boost|p1a: Gyarados|atk|1\n|-boost|p1a: Gyarados|spe|1\n|\n|upkeep\n|turn|38\n|\n|t:|1781438337\n|move|p2a: Terapagos|Tera Starstorm|p1a: Gyarados\n|-damage|p1a: Gyarados|0 fnt\n|faint|p1a: Gyarados\n|\n|win|ChadInteleonUser\n", "inputlog": ">version a8376a258c1d4662feba110a92103f3664a72141\n>start {\"formatid\":\"gen9randombattle\",\"seed\":\"sodium,8fe676c081a00c29fa87498bb47aedaa\",\"rated\":\"Rated battle\"}\n>player p1 {\"name\":\"Mcnoodle\",\"avatar\":\"backpacker\",\"rating\":2115,\"seed\":\"sodium,a3d6c3e9cc2f6eb9102c2269657ce373\"}\n>player p2 {\"name\":\"ChadInteleonUser\",\"avatar\":\"wallace\",\"rating\":2224,\"seed\":\"sodium,d54c9bfd4123cd11a1c45fda0d433a83\"}\n>p1 move thunderbolt\n>p2 switch 4\n>p1 move thunderbolt\n>p2 move wish\n>p1 switch 5\n>p2 move protect\n>p1 move knockoff\n>p2 switch 5\n>p1 move partingshot\n>p2 move stealthrock\n>p1 switch 4\n>p1 move spikes\n>p2 switch 4\n>p1 move spikes\n>p2 switch 5\n>p1 switch 4\n>p2 move freezedry\n>p1 move knockoff\n>p2 move freezedry\n>p1 switch 5\n>p1 move psyshock\n>p2 move protect\n>p1 move psyshock\n>p2 switch 2\n>p1 switch 3\n>p2 move trick\n>p1 move gunkshot\n>p2 switch 2\n>p2 switch 4\n>p1 switch 4\n>p2 move recover\n>p1 move spikes\n>p2 switch 5\n>p1 switch 4\n>p2 move spikes\n>p1 move gunkshot\n>p2 move toxicspikes\n>p1 move gunkshot\n>p2 switch 5\n>p1 switch 4\n>p2 move recover\n>p1 switch 2\n>p2 switch 5\n>p1 move stealthrock\n>p2 switch 5\n>p1 switch 2\n>p2 move lavaplume\n>p1 switch 4\n>p2 switch 5\n>p1 move gunkshot\n>p2 move roost\n>p1 move gunkshot\n>p2 move spikes\n>p1 move struggle\n>p2 move roost\n>p1 move struggle\n>p2 move spikes\n>p1 move struggle\n>p2 move roost\n>p1 switch 2\n>p1 move bravebird\n>p2 switch 5\n>p1 switch 4\n>p2 move recover\n>p1 switch 6\n>p1 move waterfall\n>p2 move yawn terastallize\n>p1 switch 4\n>p2 move lavaplume\n>p1 move bravebird\n>p2 move recover\n>p2 switch 3\n>p1 move knockoff\n>p2 move calmmind\n>p1 move bravebird\n>p2 move rapidspin\n>p1 switch 3\n>chat \u2606ChadInteleonUser|i should've spun way earlier \n>p1 move psyshock\n>p2 move terastarstorm\n>p1 switch 4\n>p1 move dragondance\n>p2 move terastarstorm\n>p1 move waterfall\n>p2 move terastarstorm", "uploadtime": 1781437905, "views": 5, "formatid": "gen9randombattle", "rating": null, "private": 0, "password": null}