{"id": "gen9randombattle-2631442961", "format": "[Gen 9] Random Battle", "players": ["alfajoress", "Jocelynholt"], "log": "|j|\u2606alfajoress\n|j|\u2606Jocelynholt\n|t:|1781385256\n|gametype|singles\n|player|p1|alfajoress|acetrainer-gen4dp|\n|player|p2|Jocelynholt|170|\n|gen|9\n|tier|[Gen 9] Random Battle\n|rule|Species Clause: Limit one of each Pok\u00e9mon\n|rule|HP Percentage Mod: HP is shown in percentages\n|rule|Sleep Clause Mod: Limit one foe put to sleep\n|rule|Illusion Level Mod: Illusion disguises the Pok\u00e9mon's true level\n|\n|t:|1781385256\n|teamsize|p1|6\n|teamsize|p2|6\n|start\n|switch|p1a: Lurantis|Lurantis, L87, F|264/264\n|switch|p2a: Dusknoir|Dusknoir, L89, M|225/225\n|-item|p1a: Lurantis|Assault Vest|[from] ability: Frisk|[of] p2a: Dusknoir\n|turn|1\n|inactive|Battle timer is ON: inactive players will automatically lose when time's up. (requested by alfajoress)\n|\n|t:|1781385271\n|move|p2a: Dusknoir|Will-O-Wisp|p1a: Lurantis|[miss]\n|-miss|p2a: Dusknoir|p1a: Lurantis\n|move|p1a: Lurantis|Knock Off|p2a: Dusknoir\n|-supereffective|p2a: Dusknoir\n|-damage|p2a: Dusknoir|125/225\n|-enditem|p2a: Dusknoir|Leftovers|[from] move: Knock Off|[of] p1a: Lurantis\n|\n|upkeep\n|turn|2\n|inactive|alfajoress has 270 seconds left.\n|\n|t:|1781385322\n|switch|p1a: Ampharos|Ampharos, L88, M|302/302\n|move|p2a: Dusknoir|Will-O-Wisp|p1a: Ampharos\n|-status|p1a: Ampharos|brn\n|\n|-damage|p1a: Ampharos|284/302 brn|[from] brn\n|upkeep\n|turn|3\n|\n|t:|1781385331\n|move|p1a: Ampharos|Discharge|p2a: Dusknoir\n|-damage|p2a: Dusknoir|52/225\n|move|p2a: Dusknoir|Earthquake|p1a: Ampharos\n|-supereffective|p1a: Ampharos\n|-damage|p1a: Ampharos|132/302 brn\n|\n|-damage|p1a: Ampharos|114/302 brn|[from] brn\n|upkeep\n|turn|4\n|\n|t:|1781385345\n|move|p1a: Ampharos|Discharge|p2a: Dusknoir\n|-damage|p2a: Dusknoir|0 fnt\n|faint|p2a: Dusknoir\n|\n|-damage|p1a: Ampharos|96/302 brn|[from] brn\n|upkeep\n|\n|t:|1781385359\n|switch|p2a: Donphan|Donphan, L84, M|288/288\n|turn|5\n|inactive|alfajoress has 270 seconds left.\n|\n|t:|1781385367\n|switch|p1a: Lurantis|Lurantis, L87, F|264/264\n|move|p2a: Donphan|Earthquake|p1a: Lurantis\n|-resisted|p1a: Lurantis\n|-damage|p1a: Lurantis|205/264\n|\n|upkeep\n|turn|6\n|\n|t:|1781385395\n|move|p2a: Donphan|Ice Spinner|p1a: Lurantis\n|-supereffective|p1a: Lurantis\n|-damage|p1a: Lurantis|71/264\n|move|p1a: Lurantis|Leaf Storm|p2a: Donphan\n|-supereffective|p2a: Donphan\n|-damage|p2a: Donphan|82/288\n|-boost|p1a: Lurantis|spa|2\n|\n|upkeep\n|turn|7\n|inactive|alfajoress has 270 seconds left.\n|\n|t:|1781385420\n|switch|p2a: Regice|Regice, L88|284/284\n|-terastallize|p1a: Lurantis|Steel\n|move|p1a: Lurantis|Leech Life|p2a: Regice\n|-damage|p2a: Regice|225/284\n|-heal|p1a: Lurantis|101/264|[from] drain|[of] p2a: Regice\n|\n|upkeep\n|turn|8\n|inactive|Jocelynholt has 270 seconds left.\n|\n|t:|1781385438\n|move|p2a: Regice|Ice Beam|p1a: Lurantis\n|-resisted|p1a: Lurantis\n|-damage|p1a: Lurantis|68/264\n|move|p1a: Lurantis|Superpower|p2a: Regice\n|-supereffective|p2a: Regice\n|-damage|p2a: Regice|59/284\n|-boost|p1a: Lurantis|atk|1\n|-boost|p1a: Lurantis|def|1\n|\n|upkeep\n|turn|9\n|\n|t:|1781385447\n|move|p2a: Regice|Rest|p2a: Regice\n|-status|p2a: Regice|slp|[from] move: Rest\n|-heal|p2a: Regice|284/284 slp|[silent]\n|move|p1a: Lurantis|Superpower|p2a: Regice\n|-supereffective|p2a: Regice\n|-damage|p2a: Regice|28/284 slp\n|-boost|p1a: Lurantis|atk|1\n|-boost|p1a: Lurantis|def|1\n|\n|upkeep\n|turn|10\n|inactive|Jocelynholt has 270 seconds left.\n|\n|t:|1781385473\n|switch|p2a: Haxorus|Haxorus, L77, F|244/244\n|-ability|p2a: Haxorus|Mold Breaker\n|move|p1a: Lurantis|Superpower|p2a: Haxorus\n|-damage|p2a: Haxorus|32/244\n|-boost|p1a: Lurantis|atk|1\n|-boost|p1a: Lurantis|def|1\n|\n|upkeep\n|turn|11\n|\n|t:|1781385493\n|move|p2a: Haxorus|Outrage|p1a: Lurantis\n|-resisted|p1a: Lurantis\n|-damage|p1a: Lurantis|40/264\n|move|p1a: Lurantis|Leech Life|p2a: Haxorus\n|-damage|p2a: Haxorus|0 fnt\n|-heal|p1a: Lurantis|56/264|[from] drain|[of] p2a: Haxorus\n|faint|p2a: Haxorus\n|\n|upkeep\n|\n|t:|1781385507\n|switch|p2a: Necrozma|Necrozma-Dawn-Wings, L76|272/272\n|turn|12\n|\n|t:|1781385518\n|-terastallize|p2a: Necrozma|Fairy\n|move|p2a: Necrozma|Photon Geyser|p1a: Lurantis\n|-resisted|p1a: Lurantis\n|-damage|p1a: Lurantis|15/264\n|move|p1a: Lurantis|Knock Off|p2a: Necrozma\n|-resisted|p2a: Necrozma\n|-damage|p2a: Necrozma|186/272\n|-enditem|p2a: Necrozma|Leftovers|[from] move: Knock Off|[of] p1a: Lurantis\n|\n|upkeep\n|turn|13\n|\n|t:|1781385531\n|move|p2a: Necrozma|Photon Geyser|p1a: Lurantis\n|-resisted|p1a: Lurantis\n|-damage|p1a: Lurantis|0 fnt\n|faint|p1a: Lurantis\n|\n|upkeep\n|\n|t:|1781385548\n|switch|p1a: Chansey|Chansey, L85, F|564/564\n|turn|14\n|\n|t:|1781385561\n|move|p2a: Necrozma|Moonlight|p2a: Necrozma\n|-heal|p2a: Necrozma|272/272\n|move|p1a: Chansey|Heal Bell|p1a: Chansey\n|-activate|p1a: Chansey|move: Heal Bell\n|-curestatus|p1: Ampharos|brn|[msg]\n|\n|upkeep\n|turn|15\n|\n|t:|1781385584\n|switch|p2a: Donphan|Donphan, L84, M|82/288\n|move|p1a: Chansey|Thunder Wave|p2a: Donphan\n|-immune|p2a: Donphan\n|\n|upkeep\n|turn|16\n|\n|t:|1781385600\n|move|p1a: Chansey|Seismic Toss|p2a: Donphan\n|-damage|p2a: Donphan|0 fnt\n|faint|p2a: Donphan\n|\n|upkeep\n|inactive|Jocelynholt has 240 seconds left.\n|\n|t:|1781385612\n|switch|p2a: Toxicroak|Toxicroak, L84, F|277/277\n|turn|17\n|\n|t:|1781385634\n|switch|p1a: Sinistcha|Sinistcha, L83|254/254\n|move|p2a: Toxicroak|Swords Dance|p2a: Toxicroak\n|-boost|p2a: Toxicroak|atk|2\n|\n|upkeep\n|turn|18\n|\n|t:|1781385648\n|move|p2a: Toxicroak|Gunk Shot|p1a: Sinistcha\n|-damage|p1a: Sinistcha|0 fnt\n|faint|p1a: Sinistcha\n|-damage|p2a: Toxicroak|250/277|[from] item: Life Orb\n|\n|upkeep\n|\n|t:|1781385654\n|switch|p1a: Eiscue|Eiscue, L88, F|274/274\n|turn|19\n|\n|t:|1781385663\n|move|p2a: Toxicroak|Swords Dance|p2a: Toxicroak\n|-boost|p2a: Toxicroak|atk|2\n|move|p1a: Eiscue|Belly Drum|p1a: Eiscue\n|-damage|p1a: Eiscue|137/274\n|-setboost|p1a: Eiscue|atk|6|[from] move: Belly Drum\n|-enditem|p1a: Eiscue|Sitrus Berry|[eat]\n|-heal|p1a: Eiscue|205/274|[from] item: Sitrus Berry\n|\n|upkeep\n|turn|20\n|\n|t:|1781385674\n|move|p2a: Toxicroak|Close Combat|p1a: Eiscue\n|-activate|p1a: Eiscue|ability: Ice Face\n|-damage|p1a: Eiscue|205/274\n|-unboost|p2a: Toxicroak|def|1\n|-unboost|p2a: Toxicroak|spd|1\n|detailschange|p1a: Eiscue|Eiscue-Noice, L88, F\n|-damage|p2a: Toxicroak|223/277|[from] item: Life Orb\n|move|p1a: Eiscue|Ice Spinner|p2a: Toxicroak\n|-damage|p2a: Toxicroak|0 fnt\n|faint|p2a: Toxicroak\n|\n|upkeep\n|\n|t:|1781385691\n|switch|p2a: Regice|Regice, L88|28/284 slp\n|turn|21\n|\n|t:|1781385698\n|move|p1a: Eiscue|Liquidation|p2a: Regice\n|-damage|p2a: Regice|0 fnt\n|faint|p2a: Regice\n|\n|upkeep\n|\n|t:|1781385700\n|switch|p2a: Necrozma|Necrozma-Dawn-Wings, L76, tera:Fairy|272/272\n|turn|22\n|\n|t:|1781385709\n|move|p1a: Eiscue|Ice Spinner|p2a: Necrozma\n|-damage|p2a: Necrozma|0 fnt\n|faint|p2a: Necrozma\n|\n|win|alfajoress\n", "inputlog": ">version a8376a258c1d4662feba110a92103f3664a72141\n>start {\"formatid\":\"gen9randombattle\",\"seed\":\"sodium,5ca944854754a6c555bbb81ca9412fc3\"}\n>player p1 {\"name\":\"alfajoress\",\"avatar\":\"acetrainer-gen4dp\",\"rating\":0,\"seed\":\"sodium,e98a476416041213d0bbfdf700c490a7\"}\n>player p2 {\"name\":\"Jocelynholt\",\"avatar\":\"170\",\"rating\":0,\"seed\":\"sodium,1bffedbcb1bc67085f5c56b9c812094e\"}\n>p1 move knockoff\n>p2 move willowisp\n>p1 switch 6\n>p2 move willowisp\n>p1 move discharge\n>p2 move earthquake\n>p1 move discharge\n>p2 move earthquake\n>p2 switch 3\n>p1 switch 6\n>p2 move earthquake\n>p1 move leafstorm\n>p2 move icespinner\n>p1 move leechlife terastallize\n>p2 switch 5\n>p1 move superpower\n>p2 move icebeam\n>p1 move superpower\n>p2 move rest\n>p1 move superpower\n>p2 switch 2\n>p1 move leechlife\n>p2 move outrage\n>p2 switch 4\n>p1 move knockoff\n>p2 move photongeyser terastallize\n>p1 move leafstorm\n>p2 move photongeyser\n>p1 switch 4\n>p1 move healbell\n>p2 move moonlight\n>p1 move thunderwave\n>p2 switch 5\n>p1 move seismictoss\n>p2 move knockoff\n>p2 switch 6\n>p1 switch 5\n>p2 move swordsdance\n>p1 move strengthsap\n>p2 move gunkshot\n>p1 switch 2\n>p1 move bellydrum\n>p2 move swordsdance\n>p1 move icespinner\n>p2 move closecombat\n>p2 switch 2\n>p1 move liquidation\n>p2 move rest\n>p2 switch 5\n>p1 move icespinner\n>p2 move photongeyser", "uploadtime": 1781385715, "views": 8, "formatid": "gen9randombattle", "rating": null, "private": 0, "password": null}