{"id": "gen9randombattle-2631749074", "format": "[Gen 9] Random Battle", "players": ["1v1saregood", "4125al41"], "log": "|j|\u26061v1saregood\n|j|\u26064125al41\n|t:|1781433377\n|gametype|singles\n|player|p1|1v1saregood|preschooler|1964\n|player|p2|4125al41|lucas|1912\n|gen|9\n|tier|[Gen 9] Random Battle\n|rated|\n|rule|Species Clause: Limit one of each Pok\u00e9mon\n|rule|HP Percentage Mod: HP is shown in percentages\n|rule|Sleep Clause Mod: Limit one foe put to sleep\n|rule|Illusion Level Mod: Illusion disguises the Pok\u00e9mon's true level\n|\n|t:|1781433377\n|teamsize|p1|6\n|teamsize|p2|6\n|start\n|switch|p1a: Groudon|Groudon, L72|263/263\n|switch|p2a: Drednaw|Drednaw, L81, M|278/278\n|-weather|SunnyDay|[from] ability: Drought|[of] p1a: Groudon\n|turn|1\n|inactive|Battle timer is ON: inactive players will automatically lose when time's up. (requested by 1v1saregood)\n|\n|t:|1781433389\n|switch|p2a: Mesprit|Mesprit, L85|275/275\n|move|p1a: Groudon|Thunder Wave|p2a: Mesprit\n|-status|p2a: Mesprit|par\n|\n|-weather|SunnyDay|[upkeep]\n|upkeep\n|turn|2\n|\n|t:|1781433402\n|move|p1a: Groudon|Swords Dance|p1a: Groudon\n|-boost|p1a: Groudon|atk|2\n|move|p2a: Mesprit|Nasty Plot|p2a: Mesprit\n|-boost|p2a: Mesprit|spa|2\n|\n|-weather|SunnyDay|[upkeep]\n|upkeep\n|turn|3\n|\n|t:|1781433415\n|move|p1a: Groudon|Heat Crash|p2a: Mesprit\n|-damage|p2a: Mesprit|56/275 par\n|move|p2a: Mesprit|Psychic|p1a: Groudon\n|-damage|p1a: Groudon|0 fnt\n|faint|p1a: Groudon\n|-damage|p2a: Mesprit|29/275 par|[from] item: Life Orb\n|\n|-weather|SunnyDay|[upkeep]\n|upkeep\n|\n|t:|1781433440\n|switch|p1a: Pachirisu|Pachirisu, L96, M|271/271\n|turn|4\n|\n|t:|1781433447\n|move|p1a: Pachirisu|Thunderbolt|p2a: Mesprit\n|-damage|p2a: Mesprit|0 fnt\n|faint|p2a: Mesprit\n|\n|-weather|SunnyDay|[upkeep]\n|upkeep\n|\n|t:|1781433469\n|switch|p2a: Mienshao|Mienshao, L83, F|244/244\n|turn|5\n|\n|t:|1781433492\n|move|p1a: Pachirisu|Nuzzle|p2a: Mienshao\n|-damage|p2a: Mienshao|222/244\n|-status|p2a: Mienshao|par\n|move|p2a: Mienshao|Close Combat|p1a: Pachirisu\n|-damage|p1a: Pachirisu|55/271\n|-unboost|p2a: Mienshao|def|1\n|-unboost|p2a: Mienshao|spd|1\n|-damage|p2a: Mienshao|198/244 par|[from] item: Life Orb\n|\n|-weather|none\n|upkeep\n|turn|6\n|\n|t:|1781433505\n|move|p1a: Pachirisu|Thunderbolt|p2a: Mienshao\n|-damage|p2a: Mienshao|50/244 par\n|cant|p2a: Mienshao|par\n|\n|upkeep\n|turn|7\n|\n|t:|1781433509\n|move|p1a: Pachirisu|Thunderbolt|p2a: Mienshao\n|-damage|p2a: Mienshao|0 fnt\n|faint|p2a: Mienshao\n|\n|upkeep\n|\n|t:|1781433513\n|switch|p2a: Conkeldurr|Conkeldurr, L80, F|299/299\n|turn|8\n|\n|t:|1781433523\n|move|p2a: Conkeldurr|Mach Punch|p1a: Pachirisu\n|-damage|p1a: Pachirisu|0 fnt\n|faint|p1a: Pachirisu\n|\n|-status|p2a: Conkeldurr|brn|[from] item: Flame Orb\n|upkeep\n|\n|t:|1781433530\n|switch|p1a: Phione|Phione, L91|293/293\n|turn|9\n|\n|t:|1781433536\n|move|p1a: Phione|Scald|p2a: Conkeldurr\n|-damage|p2a: Conkeldurr|179/299 brn\n|move|p2a: Conkeldurr|Close Combat|p1a: Phione\n|-damage|p1a: Phione|43/293\n|-unboost|p2a: Conkeldurr|def|1\n|-unboost|p2a: Conkeldurr|spd|1\n|\n|-heal|p1a: Phione|61/293|[from] item: Leftovers\n|-damage|p2a: Conkeldurr|161/299 brn|[from] brn\n|upkeep\n|turn|10\n|\n|t:|1781433540\n|move|p2a: Conkeldurr|Mach Punch|p1a: Phione\n|-damage|p1a: Phione|0 fnt\n|faint|p1a: Phione\n|\n|-damage|p2a: Conkeldurr|143/299 brn|[from] brn\n|upkeep\n|\n|t:|1781433546\n|switch|p1a: Zebstrika|Zebstrika, L87, F|272/272\n|turn|11\n|\n|t:|1781433550\n|move|p2a: Conkeldurr|Mach Punch|p1a: Zebstrika\n|-damage|p1a: Zebstrika|170/272\n|move|p1a: Zebstrika|Volt Switch|p2a: Conkeldurr\n|-damage|p2a: Conkeldurr|0 fnt\n|faint|p2a: Conkeldurr\n|-damage|p1a: Zebstrika|143/272|[from] item: Life Orb\n|\n|t:|1781433557\n|switch|p1a: Empoleon|Empoleon, L84, F|278/278|[from] Volt Switch\n|\n|upkeep\n|\n|t:|1781433570\n|switch|p2a: Overqwil|Overqwil, L82, F|274/274\n|-ability|p2a: Overqwil|Intimidate|boost\n|-unboost|p1a: Empoleon|atk|1\n|-ability|p1a: Empoleon|Competitive|boost\n|-boost|p1a: Empoleon|spa|2\n|turn|12\n|\n|t:|1781433583\n|move|p2a: Overqwil|Swords Dance|p2a: Overqwil\n|-boost|p2a: Overqwil|atk|2\n|move|p1a: Empoleon|Surf|p2a: Overqwil\n|-damage|p2a: Overqwil|19/274\n|\n|upkeep\n|turn|13\n|\n|t:|1781433587\n|move|p2a: Overqwil|Crunch|p1a: Empoleon\n|-damage|p1a: Empoleon|56/278\n|-damage|p2a: Overqwil|0 fnt|[from] item: Life Orb\n|faint|p2a: Overqwil\n|move|p1a: Empoleon|Surf|p2: Overqwil|[notarget]\n|-fail|p1a: Empoleon\n|\n|-heal|p1a: Empoleon|73/278|[from] item: Leftovers\n|upkeep\n|\n|t:|1781433595\n|switch|p2a: Drednaw|Drednaw, L81, M|278/278\n|turn|14\n|\n|t:|1781433598\n|move|p2a: Drednaw|Earthquake|p1a: Empoleon\n|-supereffective|p1a: Empoleon\n|-damage|p1a: Empoleon|0 fnt\n|faint|p1a: Empoleon\n|\n|upkeep\n|\n|t:|1781433616\n|switch|p1a: Scizor|Scizor, L79, F|240/240\n|turn|15\n|\n|t:|1781433625\n|-terastallize|p2a: Drednaw|Water\n|move|p2a: Drednaw|Shell Smash|p2a: Drednaw\n|-unboost|p2a: Drednaw|def|1\n|-unboost|p2a: Drednaw|spd|1\n|-boost|p2a: Drednaw|atk|2\n|-boost|p2a: Drednaw|spa|2\n|-boost|p2a: Drednaw|spe|2\n|-enditem|p2a: Drednaw|White Herb\n|-clearnegativeboost|p2a: Drednaw|[silent]\n|move|p1a: Scizor|Close Combat|p2a: Drednaw\n|-damage|p2a: Drednaw|188/278\n|-unboost|p1a: Scizor|def|1\n|-unboost|p1a: Scizor|spd|1\n|\n|upkeep\n|turn|16\n|\n|t:|1781433653\n|move|p2a: Drednaw|Liquidation|p1a: Scizor\n|-damage|p1a: Scizor|0 fnt\n|faint|p1a: Scizor\n|\n|upkeep\n|\n|t:|1781433655\n|switch|p1a: Zebstrika|Zebstrika, L87, F|143/272\n|turn|17\n|\n|t:|1781433665\n|move|p2a: Drednaw|Liquidation|p1a: Zebstrika\n|-damage|p1a: Zebstrika|0 fnt\n|faint|p1a: Zebstrika\n|\n|win|4125al41\n", "inputlog": ">version a8376a258c1d4662feba110a92103f3664a72141\n>start {\"formatid\":\"gen9randombattle\",\"seed\":\"sodium,b68efb4719de91e07e5742091ec012a5\",\"rated\":\"Rated battle\"}\n>player p1 {\"name\":\"1v1saregood\",\"avatar\":\"preschooler\",\"rating\":1964,\"seed\":\"sodium,1d71c9f84a6ef25bdb95461d7383d261\"}\n>player p2 {\"name\":\"4125al41\",\"avatar\":\"lucas\",\"rating\":1912,\"seed\":\"sodium,b6c8933df9922d5c53d19426f2db549d\"}\n>p1 move thunderwave\n>p2 switch 2\n>p1 move swordsdance\n>p2 move nastyplot\n>p1 move heatcrash\n>p2 move psychic\n>p1 switch 4\n>p1 move thunderbolt\n>p2 move psychic\n>p2 switch 4\n>p1 move nuzzle\n>p2 move closecombat\n>p1 move thunderbolt\n>p2 move closecombat\n>p1 move thunderbolt\n>p2 move closecombat\n>p2 switch 6\n>p1 move superfang\n>p2 move machpunch\n>p1 switch 6\n>p1 move scald\n>p2 move closecombat\n>p1 move scald\n>p2 move machpunch\n>p1 switch 2\n>p1 move voltswitch\n>p2 move machpunch\n>p1 switch 5\n>p2 switch 5\n>p1 move surf\n>p2 move swordsdance\n>p1 move surf\n>p2 move crunch\n>p2 switch 2\n>p1 move surf\n>p2 move earthquake\n>p1 switch 3\n>p1 move closecombat\n>p2 move shellsmash terastallize\n>p1 move closecombat\n>p2 move liquidation\n>p1 switch 5\n>p1 move voltswitch\n>p2 move liquidation", "uploadtime": 1781433379, "views": 4, "formatid": "gen9randombattle", "rating": null, "private": 0, "password": null}