{"id": "gen9randombattle-2631612917", "format": "[Gen 9] Random Battle", "players": ["slacy55", "UmmHaha"], "log": "|j|\u2606slacy55\n|j|\u2606UmmHaha\n|t:|1781408863\n|gametype|singles\n|player|p1|slacy55|170|1909\n|player|p2|UmmHaha|steven|1900\n|gen|9\n|tier|[Gen 9] Random Battle\n|rated|\n|rule|Species Clause: Limit one of each Pok\u00e9mon\n|rule|HP Percentage Mod: HP is shown in percentages\n|rule|Sleep Clause Mod: Limit one foe put to sleep\n|rule|Illusion Level Mod: Illusion disguises the Pok\u00e9mon's true level\n|\n|t:|1781408863\n|teamsize|p1|6\n|teamsize|p2|6\n|start\n|switch|p1a: Weavile|Weavile, L79, M|239/239\n|switch|p2a: Rotom|Rotom-Wash, L82|216/216\n|turn|1\n|inactive|Battle timer is ON: inactive players will automatically lose when time's up. (requested by UmmHaha)\n|\n|t:|1781408875\n|move|p1a: Weavile|Knock Off|p2a: Rotom\n|-damage|p2a: Rotom|65/216\n|-enditem|p2a: Rotom|Leftovers|[from] move: Knock Off|[of] p1a: Weavile\n|move|p2a: Rotom|Hydro Pump|p1a: Weavile\n|-damage|p1a: Weavile|112/239\n|\n|upkeep\n|turn|2\n|\n|t:|1781408884\n|switch|p2a: Poliwrath|Poliwrath, L88, F|302/302\n|move|p1a: Weavile|Knock Off|p2a: Poliwrath\n|-resisted|p2a: Poliwrath\n|-damage|p2a: Poliwrath|232/302\n|-enditem|p2a: Poliwrath|Life Orb|[from] move: Knock Off|[of] p1a: Weavile\n|\n|upkeep\n|turn|3\n|\n|t:|1781408890\n|switch|p1a: Luvdisc|Luvdisc, F|247/247\n|move|p2a: Poliwrath|Rain Dance|p2a: Poliwrath\n|-weather|RainDance\n|\n|-weather|RainDance|[upkeep]\n|upkeep\n|turn|4\n|\n|t:|1781408898\n|move|p1a: Luvdisc|Substitute|p1a: Luvdisc\n|-start|p1a: Luvdisc|Substitute\n|-damage|p1a: Luvdisc|186/247\n|move|p2a: Poliwrath|Knock Off|p1a: Luvdisc\n|-end|p1a: Luvdisc|Substitute\n|\n|-weather|RainDance|[upkeep]\n|upkeep\n|turn|5\n|\n|t:|1781408904\n|move|p1a: Luvdisc|Substitute|p1a: Luvdisc\n|-start|p1a: Luvdisc|Substitute\n|-damage|p1a: Luvdisc|125/247\n|move|p2a: Poliwrath|Knock Off|p1a: Luvdisc\n|-end|p1a: Luvdisc|Substitute\n|\n|-weather|RainDance|[upkeep]\n|upkeep\n|turn|6\n|\n|t:|1781408910\n|move|p1a: Luvdisc|Substitute|p1a: Luvdisc\n|-start|p1a: Luvdisc|Substitute\n|-damage|p1a: Luvdisc|64/247\n|move|p2a: Poliwrath|Knock Off|p1a: Luvdisc\n|-end|p1a: Luvdisc|Substitute\n|\n|-weather|RainDance|[upkeep]\n|upkeep\n|turn|7\n|\n|t:|1781408922\n|move|p1a: Luvdisc|Substitute|p1a: Luvdisc\n|-start|p1a: Luvdisc|Substitute\n|-damage|p1a: Luvdisc|3/247\n|move|p2a: Poliwrath|Knock Off|p1a: Luvdisc\n|-end|p1a: Luvdisc|Substitute\n|\n|-weather|none\n|upkeep\n|turn|8\n|\n|t:|1781408931\n|switch|p2a: Spiritomb|Spiritomb, L89, F|234/234\n|move|p1a: Luvdisc|Endeavor|p2a: Spiritomb\n|-immune|p2a: Spiritomb\n|\n|upkeep\n|turn|9\n|\n|t:|1781408935\n|move|p1a: Luvdisc|Flip Turn|p2a: Spiritomb\n|-damage|p2a: Spiritomb|201/234\n|\n|t:|1781408942\n|switch|p1a: Porygon2|Porygon2, L81|270/270|[from] Flip Turn\n|-ability|p1a: Porygon2|Download|boost\n|-boost|p1a: Porygon2|spa|1\n|move|p2a: Spiritomb|Will-O-Wisp|p1a: Porygon2\n|-status|p1a: Porygon2|brn\n|\n|-heal|p2a: Spiritomb|215/234|[from] item: Leftovers\n|-damage|p1a: Porygon2|254/270 brn|[from] brn\n|upkeep\n|turn|10\n|\n|t:|1781408947\n|switch|p2a: Poliwrath|Poliwrath, L88, F|232/302\n|move|p1a: Porygon2|Thunder Wave|p2a: Poliwrath\n|-status|p2a: Poliwrath|par\n|\n|-damage|p1a: Porygon2|238/270 brn|[from] brn\n|upkeep\n|turn|11\n|\n|t:|1781408959\n|move|p1a: Porygon2|Tera Blast|p2a: Poliwrath\n|-damage|p2a: Poliwrath|117/302 par\n|cant|p2a: Poliwrath|par\n|\n|-damage|p1a: Porygon2|222/270 brn|[from] brn\n|upkeep\n|turn|12\n|\n|t:|1781408963\n|move|p1a: Porygon2|Tera Blast|p2a: Poliwrath\n|-damage|p2a: Poliwrath|0 fnt\n|faint|p2a: Poliwrath\n|\n|-damage|p1a: Porygon2|206/270 brn|[from] brn\n|upkeep\n|\n|t:|1781408969\n|switch|p2a: Rotom|Rotom-Wash, L82|65/216\n|turn|13\n|\n|t:|1781408971\n|move|p2a: Rotom|Pain Split|p1a: Porygon2\n|-sethp|p1a: Porygon2|135/270 brn|[from] move: Pain Split|[silent]\n|-sethp|p2a: Rotom|135/216|[from] move: Pain Split\n|move|p1a: Porygon2|Tera Blast|p2a: Rotom\n|-damage|p2a: Rotom|18/216\n|\n|-damage|p1a: Porygon2|119/270 brn|[from] brn\n|upkeep\n|turn|14\n|\n|t:|1781408975\n|move|p2a: Rotom|Hydro Pump|p1a: Porygon2\n|-damage|p1a: Porygon2|41/270 brn\n|move|p1a: Porygon2|Recover|p1a: Porygon2\n|-heal|p1a: Porygon2|176/270 brn\n|\n|-damage|p1a: Porygon2|160/270 brn|[from] brn\n|upkeep\n|turn|15\n|\n|t:|1781408979\n|switch|p1a: Luvdisc|Luvdisc, F|3/247\n|move|p2a: Rotom|Pain Split|p1a: Luvdisc\n|-sethp|p1a: Luvdisc|10/247|[from] move: Pain Split|[silent]\n|-sethp|p2a: Rotom|10/216|[from] move: Pain Split\n|\n|upkeep\n|turn|16\n|\n|t:|1781408987\n|switch|p2a: Spiritomb|Spiritomb, L89, F|215/234\n|move|p1a: Luvdisc|Flip Turn|p2a: Spiritomb\n|-damage|p2a: Spiritomb|179/234\n|\n|t:|1781408992\n|switch|p1a: Porygon2|Porygon2, L81|160/270 brn|[from] Flip Turn\n|-ability|p1a: Porygon2|Download|boost\n|-boost|p1a: Porygon2|spa|1\n|\n|-heal|p2a: Spiritomb|193/234|[from] item: Leftovers\n|-damage|p1a: Porygon2|144/270 brn|[from] brn\n|upkeep\n|turn|17\n|\n|t:|1781408994\n|switch|p2a: Rotom|Rotom-Wash, L82|10/216\n|move|p1a: Porygon2|Thunder Wave|p2a: Rotom\n|-immune|p2a: Rotom\n|\n|-damage|p1a: Porygon2|128/270 brn|[from] brn\n|upkeep\n|turn|18\n|\n|t:|1781408999\n|move|p2a: Rotom|Hydro Pump|p1a: Porygon2\n|-damage|p1a: Porygon2|49/270 brn\n|move|p1a: Porygon2|Tera Blast|p2a: Rotom\n|-damage|p2a: Rotom|0 fnt\n|faint|p2a: Rotom\n|\n|-damage|p1a: Porygon2|33/270 brn|[from] brn\n|upkeep\n|\n|t:|1781409004\n|switch|p2a: Mewtwo|Mewtwo, L72|272/272\n|-ability|p2a: Mewtwo|Unnerve\n|turn|19\n|\n|t:|1781409008\n|move|p2a: Mewtwo|Psystrike|p1a: Porygon2\n|-damage|p1a: Porygon2|0 fnt\n|faint|p1a: Porygon2\n|-damage|p2a: Mewtwo|245/272|[from] item: Life Orb\n|\n|upkeep\n|\n|t:|1781409010\n|switch|p1a: Luvdisc|Luvdisc, F|10/247\n|turn|20\n|\n|t:|1781409013\n|switch|p2a: Spiritomb|Spiritomb, L89, F|193/234\n|move|p1a: Luvdisc|Endeavor|p2a: Spiritomb\n|-immune|p2a: Spiritomb\n|\n|-heal|p2a: Spiritomb|207/234|[from] item: Leftovers\n|upkeep\n|turn|21\n|\n|t:|1781409017\n|move|p2a: Spiritomb|Sucker Punch|p1a: Luvdisc\n|-damage|p1a: Luvdisc|0 fnt\n|faint|p1a: Luvdisc\n|\n|-heal|p2a: Spiritomb|221/234|[from] item: Leftovers\n|upkeep\n|\n|t:|1781409030\n|switch|p1a: Weavile|Weavile, L79, M|112/239\n|turn|22\n|\n|t:|1781409036\n|move|p1a: Weavile|Knock Off|p2a: Spiritomb\n|-damage|p2a: Spiritomb|83/234\n|-enditem|p2a: Spiritomb|Leftovers|[from] move: Knock Off|[of] p1a: Weavile\n|move|p2a: Spiritomb|Will-O-Wisp|p1a: Weavile\n|-status|p1a: Weavile|brn\n|\n|-damage|p1a: Weavile|98/239 brn|[from] brn\n|upkeep\n|turn|23\n|\n|t:|1781409042\n|move|p1a: Weavile|Knock Off|p2a: Spiritomb\n|-damage|p2a: Spiritomb|38/234\n|move|p2a: Spiritomb|Foul Play|p1a: Weavile\n|-resisted|p1a: Weavile\n|-damage|p1a: Weavile|19/239 brn\n|\n|-damage|p1a: Weavile|5/239 brn|[from] brn\n|upkeep\n|turn|24\n|\n|t:|1781409044\n|move|p2a: Spiritomb|Sucker Punch|p1a: Weavile\n|-resisted|p1a: Weavile\n|-damage|p1a: Weavile|0 fnt\n|faint|p1a: Weavile\n|\n|upkeep\n|\n|t:|1781409049\n|switch|p1a: Walking Wake|Walking Wake, L79|286/286\n|turn|25\n|\n|t:|1781409052\n|move|p1a: Walking Wake|Hydro Steam|p2a: Spiritomb\n|-damage|p2a: Spiritomb|0 fnt\n|faint|p2a: Spiritomb\n|-damage|p1a: Walking Wake|258/286|[from] item: Life Orb\n|\n|upkeep\n|\n|t:|1781409056\n|switch|p2a: Mewtwo|Mewtwo, L72|245/272\n|-ability|p2a: Mewtwo|Unnerve\n|turn|26\n|\n|t:|1781409069\n|move|p2a: Mewtwo|Nasty Plot|p2a: Mewtwo\n|-boost|p2a: Mewtwo|spa|2\n|move|p1a: Walking Wake|Draco Meteor|p2a: Mewtwo\n|-damage|p2a: Mewtwo|21/272\n|-unboost|p1a: Walking Wake|spa|2\n|-damage|p1a: Walking Wake|230/286|[from] item: Life Orb\n|\n|upkeep\n|turn|27\n|\n|t:|1781409076\n|move|p2a: Mewtwo|Psystrike|p1a: Walking Wake\n|-damage|p1a: Walking Wake|0 fnt\n|faint|p1a: Walking Wake\n|-end|p1a: Walking Wake|Protosynthesis|[silent]\n|-damage|p2a: Mewtwo|0 fnt|[from] item: Life Orb\n|faint|p2a: Mewtwo\n|\n|upkeep\n|\n|t:|1781409080\n|switch|p2a: Seviper|Seviper, L93, F|287/287\n|switch|p1a: Magcargo|Magcargo, L95, M|268/268\n|turn|28\n|\n|t:|1781409087\n|move|p2a: Seviper|Swords Dance|p2a: Seviper\n|-boost|p2a: Seviper|atk|2\n|move|p1a: Magcargo|Yawn|p2a: Seviper\n|-start|p2a: Seviper|move: Yawn|[of] p1a: Magcargo\n|\n|upkeep\n|turn|29\n|\n|t:|1781409091\n|-terastallize|p1a: Magcargo|Dragon\n|move|p2a: Seviper|Earthquake|p1a: Magcargo\n|-damage|p1a: Magcargo|151/268\n|move|p1a: Magcargo|Lava Plume|p2a: Seviper\n|-damage|p2a: Seviper|175/287\n|\n|-heal|p2a: Seviper|192/287|[from] item: Leftovers\n|-end|p2a: Seviper|move: Yawn|[silent]\n|-status|p2a: Seviper|slp\n|upkeep\n|turn|30\n|\n|t:|1781409097\n|cant|p2a: Seviper|slp\n|move|p1a: Magcargo|Recover|p1a: Magcargo\n|-heal|p1a: Magcargo|268/268\n|\n|-heal|p2a: Seviper|209/287 slp|[from] item: Leftovers\n|upkeep\n|turn|31\n|\n|t:|1781409099\n|cant|p2a: Seviper|slp\n|move|p1a: Magcargo|Lava Plume|p2a: Seviper\n|-damage|p2a: Seviper|92/287 slp\n|\n|-heal|p2a: Seviper|109/287 slp|[from] item: Leftovers\n|upkeep\n|turn|32\n|\n|t:|1781409104\n|cant|p2a: Seviper|slp\n|move|p1a: Magcargo|Lava Plume|p2a: Seviper\n|-damage|p2a: Seviper|0 fnt\n|faint|p2a: Seviper\n|\n|upkeep\n|\n|t:|1781409106\n|switch|p2a: Deoxys|Deoxys-Attack, L72|191/191\n|-ability|p2a: Deoxys|Pressure\n|turn|33\n|\n|t:|1781409109\n|move|p2a: Deoxys|Psycho Boost|p1a: Magcargo\n|-damage|p1a: Magcargo|37/268\n|-unboost|p2a: Deoxys|spa|2\n|-damage|p2a: Deoxys|172/191|[from] item: Life Orb\n|move|p1a: Magcargo|Yawn|p2a: Deoxys\n|-start|p2a: Deoxys|move: Yawn|[of] p1a: Magcargo\n|\n|upkeep\n|turn|34\n|\n|t:|1781409114\n|move|p2a: Deoxys|Knock Off|p1a: Magcargo\n|-damage|p1a: Magcargo|0 fnt\n|-enditem|p1a: Magcargo|Heavy-Duty Boots|[from] move: Knock Off|[of] p2a: Deoxys\n|faint|p1a: Magcargo\n|-damage|p2a: Deoxys|153/191|[from] item: Life Orb\n|\n|-end|p2a: Deoxys|move: Yawn|[silent]\n|-status|p2a: Deoxys|slp\n|upkeep\n|\n|t:|1781409115\n|switch|p1a: Raichu|Raichu-Alola, L87, F|246/246\n|turn|35\n|\n|t:|1781409120\n|cant|p2a: Deoxys|slp\n|move|p1a: Raichu|Thunderbolt|p2a: Deoxys\n|-damage|p2a: Deoxys|0 fnt\n|faint|p2a: Deoxys\n|-damage|p1a: Raichu|222/246|[from] item: Life Orb\n|\n|win|slacy55\n", "inputlog": ">version a8376a258c1d4662feba110a92103f3664a72141\n>start {\"formatid\":\"gen9randombattle\",\"seed\":\"sodium,a27f35db767a6c847d24a42f76f4ab6e\",\"rated\":\"Rated battle\"}\n>player p1 {\"name\":\"slacy55\",\"avatar\":\"170\",\"rating\":1909,\"seed\":\"sodium,970f63d0b71479cbf6b13e736b6ea7d7\"}\n>player p2 {\"name\":\"UmmHaha\",\"avatar\":\"steven\",\"rating\":1900,\"seed\":\"sodium,f6d9174ba3bd18cad9842cb298c552e9\"}\n>p1 move knockoff\n>p2 move hydropump\n>p1 move knockoff\n>p2 switch 2\n>p1 switch 5\n>p2 move raindance\n>p1 move substitute\n>p2 move knockoff\n>p1 move substitute\n>p2 move knockoff\n>p1 move substitute\n>p2 move knockoff\n>p1 move substitute\n>p2 move knockoff\n>p1 move endeavor\n>p2 switch 4\n>p1 move flipturn\n>p2 move willowisp\n>p1 switch 2\n>p1 move thunderwave\n>p2 switch 4\n>p1 move terablast\n>p2 move knockoff\n>p1 move terablast\n>p2 move knockoff\n>p2 switch 2\n>p1 move terablast\n>p2 move painsplit\n>p1 move recover\n>p2 move hydropump\n>p1 switch 2\n>p2 move painsplit\n>p1 move flipturn\n>p2 switch 4\n>p1 switch 2\n>p1 move thunderwave\n>p2 switch 4\n>p1 move terablast\n>p2 move hydropump\n>p2 switch 5\n>p1 move shadowball\n>p2 move psystrike\n>p1 switch 2\n>p1 move endeavor\n>p2 switch 4\n>p1 move flipturn\n>p2 move suckerpunch\n>p1 switch 5\n>p1 move knockoff\n>p2 move willowisp\n>p1 move knockoff\n>p2 move foulplay\n>p1 move knockoff\n>p2 move suckerpunch\n>p1 switch 6\n>p1 move hydrosteam\n>p2 move poltergeist\n>p2 switch 4\n>p1 move dracometeor\n>p2 move nastyplot\n>p1 move flamethrower\n>p2 move psystrike\n>p1 switch 4\n>p2 switch 6\n>p1 move yawn\n>p2 move swordsdance\n>p1 move lavaplume terastallize\n>p2 move earthquake\n>p1 move recover\n>p2 move gunkshot\n>p1 move lavaplume\n>p2 move gunkshot\n>p1 move lavaplume\n>p2 move gunkshot\n>p2 switch 3\n>p1 move yawn\n>p2 move psychoboost\n>p1 move lavaplume\n>p2 move knockoff\n>p1 switch 3\n>p1 move thunderbolt\n>p2 move knockoff", "uploadtime": 1781408865, "views": 4, "formatid": "gen9randombattle", "rating": null, "private": 0, "password": null}