{"id": "gen9randombattle-2631838723", "format": "[Gen 9] Random Battle", "players": ["shifty1234", "antibeato"], "log": "|j|\u2606shifty1234\n|j|\u2606antibeato\n|t:|1781446597\n|gametype|singles\n|player|p1|shifty1234|n|1913\n|player|p2|antibeato|266|1912\n|gen|9\n|tier|[Gen 9] Random Battle\n|rated|\n|rule|Species Clause: Limit one of each Pok\u00e9mon\n|rule|HP Percentage Mod: HP is shown in percentages\n|rule|Sleep Clause Mod: Limit one foe put to sleep\n|rule|Illusion Level Mod: Illusion disguises the Pok\u00e9mon's true level\n|\n|t:|1781446597\n|teamsize|p1|6\n|teamsize|p2|6\n|start\n|switch|p1a: Hydreigon|Hydreigon, L79, F|275/275\n|switch|p2a: Arceus|Arceus-Rock, L74|300/300\n|turn|1\n|inactive|Battle timer is ON: inactive players will automatically lose when time's up. (requested by antibeato)\n|\n|t:|1781446615\n|switch|p1a: Cobalion|Cobalion, L80|277/277\n|move|p2a: Arceus|Calm Mind|p2a: Arceus\n|-boost|p2a: Arceus|spa|1\n|-boost|p2a: Arceus|spd|1\n|\n|upkeep\n|turn|2\n|\n|t:|1781446627\n|-terastallize|p2a: Arceus|Dragon\n|move|p2a: Arceus|Fire Blast|p1a: Cobalion\n|-supereffective|p1a: Cobalion\n|-damage|p1a: Cobalion|9/277\n|move|p1a: Cobalion|Thunder Wave|p2a: Arceus\n|-status|p2a: Arceus|par\n|\n|-heal|p1a: Cobalion|26/277|[from] item: Leftovers\n|upkeep\n|turn|3\n|\n|t:|1781446635\n|move|p1a: Cobalion|Stealth Rock|p2a: Arceus\n|-sidestart|p2: antibeato|move: Stealth Rock\n|move|p2a: Arceus|Judgment|p1a: Cobalion\n|-resisted|p1a: Cobalion\n|-damage|p1a: Cobalion|0 fnt\n|faint|p1a: Cobalion\n|\n|upkeep\n|\n|t:|1781446658\n|switch|p1a: Hydreigon|Hydreigon, L79, F|275/275\n|turn|4\n|\n|t:|1781446664\n|move|p1a: Hydreigon|Draco Meteor|p2a: Arceus\n|-supereffective|p2a: Arceus\n|-damage|p2a: Arceus|74/300 par\n|-unboost|p1a: Hydreigon|spa|2\n|-damage|p1a: Hydreigon|248/275|[from] item: Life Orb\n|cant|p2a: Arceus|par\n|\n|upkeep\n|turn|5\n|\n|t:|1781446668\n|move|p1a: Hydreigon|Draco Meteor|p2a: Arceus\n|-supereffective|p2a: Arceus\n|-damage|p2a: Arceus|0 fnt\n|-unboost|p1a: Hydreigon|spa|2\n|faint|p2a: Arceus\n|-damage|p1a: Hydreigon|221/275|[from] item: Life Orb\n|\n|upkeep\n|\n|t:|1781446675\n|switch|p2a: Morpeko|Morpeko, L88, M|245/245\n|-damage|p2a: Morpeko|215/245|[from] Stealth Rock\n|turn|6\n|\n|t:|1781446681\n|move|p2a: Morpeko|Rapid Spin|p1a: Hydreigon\n|-damage|p1a: Hydreigon|179/275\n|-boost|p2a: Morpeko|spe|1\n|-sideend|p2: antibeato|Stealth Rock|[from] move: Rapid Spin|[of] p2a: Morpeko\n|move|p1a: Hydreigon|Draco Meteor|p2a: Morpeko\n|-damage|p2a: Morpeko|128/245\n|-unboost|p1a: Hydreigon|spa|2\n|-damage|p1a: Hydreigon|152/275|[from] item: Life Orb\n|\n|-heal|p2a: Morpeko|143/245|[from] item: Leftovers\n|-formechange|p2a: Morpeko|Morpeko-Hangry||[from] ability: Hunger Switch\n|upkeep\n|turn|7\n|\n|t:|1781446689\n|switch|p1a: Victreebel|Victreebel, L90, M|290/290\n|move|p2a: Morpeko|Knock Off|p1a: Victreebel\n|-damage|p1a: Victreebel|163/290\n|-enditem|p1a: Victreebel|Life Orb|[from] move: Knock Off|[of] p2a: Morpeko\n|\n|-heal|p2a: Morpeko|158/245|[from] item: Leftovers\n|-formechange|p2a: Morpeko|Morpeko||[from] ability: Hunger Switch\n|upkeep\n|turn|8\n|\n|t:|1781446695\n|move|p2a: Morpeko|Protect|p2a: Morpeko\n|-singleturn|p2a: Morpeko|Protect\n|move|p1a: Victreebel|Power Whip|p2a: Morpeko\n|-activate|p2a: Morpeko|move: Protect\n|\n|-heal|p2a: Morpeko|173/245|[from] item: Leftovers\n|-formechange|p2a: Morpeko|Morpeko-Hangry||[from] ability: Hunger Switch\n|upkeep\n|turn|9\n|\n|t:|1781446698\n|move|p2a: Morpeko|Aura Wheel|p1a: Victreebel\n|-damage|p1a: Victreebel|16/290\n|-boost|p2a: Morpeko|spe|1\n|move|p1a: Victreebel|Strength Sap|p2a: Morpeko\n|-unboost|p2a: Morpeko|atk|1\n|-heal|p1a: Victreebel|233/290\n|\n|-heal|p2a: Morpeko|188/245|[from] item: Leftovers\n|-formechange|p2a: Morpeko|Morpeko||[from] ability: Hunger Switch\n|upkeep\n|turn|10\n|\n|t:|1781446712\n|switch|p2a: Chandelure|Chandelure, L83, M|235/235\n|move|p1a: Victreebel|Power Whip|p2a: Chandelure\n|-resisted|p2a: Chandelure\n|-damage|p2a: Chandelure|154/235\n|\n|upkeep\n|turn|11\n|\n|t:|1781446737\n|move|p1a: Victreebel|Sucker Punch||[still]\n|-fail|p1a: Victreebel\n|move|p2a: Chandelure|Trick|p1a: Victreebel\n|-activate|p2a: Chandelure|move: Trick|[of] p1a: Victreebel\n|-item|p1a: Victreebel|Choice Scarf|[from] move: Trick\n|-enditem|p2a: Chandelure|Choice Scarf|[silent]|[from] move: Trick\n|\n|upkeep\n|turn|12\n|\n|t:|1781446748\n|switch|p1a: Talonflame|Talonflame, L83, M|265/265\n|switch|p2a: Gliscor|Gliscor, L76, F|239/239\n|\n|-status|p2a: Gliscor|tox|[from] item: Toxic Orb\n|upkeep\n|turn|13\n|\n|t:|1781446763\n|move|p1a: Talonflame|Overheat|p2a: Gliscor\n|-damage|p2a: Gliscor|104/239 tox\n|-unboost|p1a: Talonflame|spa|2\n|move|p2a: Gliscor|Knock Off|p1a: Talonflame\n|-damage|p1a: Talonflame|199/265\n|-enditem|p1a: Talonflame|Heavy-Duty Boots|[from] move: Knock Off|[of] p2a: Gliscor\n|\n|-heal|p2a: Gliscor|133/239 tox|[from] ability: Poison Heal\n|upkeep\n|turn|14\n|\n|t:|1781446772\n|switch|p1a: Glalie|Glalie, L96, F|309/309\n|move|p2a: Gliscor|Toxic Spikes|p1a: Glalie\n|-sidestart|p1: shifty1234|move: Toxic Spikes\n|\n|-heal|p2a: Gliscor|162/239 tox|[from] ability: Poison Heal\n|upkeep\n|turn|15\n|\n|t:|1781446779\n|switch|p2a: Cetitan|Cetitan, L82, F|413/413\n|move|p1a: Glalie|Freeze-Dry|p2a: Cetitan\n|-resisted|p2a: Cetitan\n|-damage|p2a: Cetitan|356/413\n|\n|upkeep\n|turn|16\n|\n|t:|1781446795\n|switch|p1a: Hydreigon|Hydreigon, L79, F|152/275\n|move|p2a: Cetitan|Liquidation|p1a: Hydreigon\n|-resisted|p1a: Hydreigon\n|-damage|p1a: Hydreigon|91/275\n|\n|upkeep\n|turn|17\n|\n|t:|1781446798\n|move|p2a: Cetitan|Ice Shard|p1a: Hydreigon\n|-supereffective|p1a: Hydreigon\n|-damage|p1a: Hydreigon|0 fnt\n|faint|p1a: Hydreigon\n|-damage|p2a: Cetitan|315/413|[from] item: Life Orb\n|\n|upkeep\n|\n|t:|1781446811\n|switch|p1a: Talonflame|Talonflame, L83, M|199/265\n|turn|18\n|\n|t:|1781446815\n|switch|p2a: Chandelure|Chandelure, L83, M|154/235\n|move|p1a: Talonflame|Will-O-Wisp|p2a: Chandelure\n|-start|p2a: Chandelure|ability: Flash Fire\n|\n|upkeep\n|turn|19\n|\n|t:|1781446821\n|move|p1a: Talonflame|Brave Bird|p2a: Chandelure\n|-damage|p2a: Chandelure|46/235\n|-damage|p1a: Talonflame|163/265|[from] Recoil\n|move|p2a: Chandelure|Fire Blast|p1a: Talonflame\n|-resisted|p1a: Talonflame\n|-damage|p1a: Talonflame|22/265\n|\n|upkeep\n|turn|20\n|\n|t:|1781446832\n|-end|p2a: Chandelure|ability: Flash Fire|[silent]\n|switch|p2a: Morpeko|Morpeko, L88, M|188/245\n|move|p1a: Talonflame|Roost|p1a: Talonflame\n|-heal|p1a: Talonflame|155/265\n|-singleturn|p1a: Talonflame|move: Roost\n|\n|-heal|p2a: Morpeko|203/245|[from] item: Leftovers\n|-formechange|p2a: Morpeko|Morpeko-Hangry||[from] ability: Hunger Switch\n|upkeep\n|turn|21\n|\n|t:|1781446840\n|switch|p1a: Victreebel|Victreebel, L90, M|233/290\n|-sideend|p1: shifty1234|move: Toxic Spikes|[of] p1a: Victreebel\n|move|p2a: Morpeko|Aura Wheel|p1a: Victreebel\n|-damage|p1a: Victreebel|86/290\n|-boost|p2a: Morpeko|spe|1\n|\n|-heal|p2a: Morpeko|218/245|[from] item: Leftovers\n|-formechange|p2a: Morpeko|Morpeko||[from] ability: Hunger Switch\n|upkeep\n|turn|22\n|\n|t:|1781446848\n|move|p2a: Morpeko|Protect|p2a: Morpeko\n|-singleturn|p2a: Morpeko|Protect\n|move|p1a: Victreebel|Strength Sap|p2a: Morpeko\n|-activate|p2a: Morpeko|move: Protect\n|\n|-heal|p2a: Morpeko|233/245|[from] item: Leftovers\n|-formechange|p2a: Morpeko|Morpeko-Hangry||[from] ability: Hunger Switch\n|upkeep\n|turn|23\n|\n|t:|1781446850\n|move|p2a: Morpeko|Aura Wheel|p1a: Victreebel\n|-damage|p1a: Victreebel|0 fnt\n|-boost|p2a: Morpeko|spe|1\n|faint|p1a: Victreebel\n|\n|-heal|p2a: Morpeko|245/245|[from] item: Leftovers\n|-formechange|p2a: Morpeko|Morpeko||[from] ability: Hunger Switch\n|upkeep\n|\n|t:|1781446861\n|switch|p1a: Glalie|Glalie, L96, F|309/309\n|turn|24\n|\n|t:|1781446865\n|move|p2a: Morpeko|Aura Wheel|p1a: Glalie\n|-damage|p1a: Glalie|188/309\n|-boost|p2a: Morpeko|spe|1\n|move|p1a: Glalie|Freeze-Dry|p2a: Morpeko\n|-damage|p2a: Morpeko|128/245\n|-status|p2a: Morpeko|frz\n|\n|-heal|p2a: Morpeko|143/245 frz|[from] item: Leftovers\n|-formechange|p2a: Morpeko|Morpeko-Hangry||[from] ability: Hunger Switch\n|upkeep\n|turn|25\n|\n|t:|1781446872\n|cant|p2a: Morpeko|frz\n|move|p1a: Glalie|Spikes|p2a: Morpeko\n|-sidestart|p2: antibeato|Spikes\n|\n|-heal|p2a: Morpeko|158/245 frz|[from] item: Leftovers\n|-formechange|p2a: Morpeko|Morpeko||[from] ability: Hunger Switch\n|upkeep\n|turn|26\n|\n|t:|1781446875\n|cant|p2a: Morpeko|frz\n|move|p1a: Glalie|Spikes|p2a: Morpeko\n|-sidestart|p2: antibeato|Spikes\n|\n|-heal|p2a: Morpeko|173/245 frz|[from] item: Leftovers\n|-formechange|p2a: Morpeko|Morpeko-Hangry||[from] ability: Hunger Switch\n|upkeep\n|turn|27\n|\n|t:|1781446877\n|-curestatus|p2a: Morpeko|frz|[msg]\n|move|p2a: Morpeko|Rapid Spin|p1a: Glalie\n|-damage|p1a: Glalie|150/309\n|-boost|p2a: Morpeko|spe|1\n|-sideend|p2: antibeato|Spikes|[from] move: Rapid Spin|[of] p2a: Morpeko\n|move|p1a: Glalie|Earthquake|p2a: Morpeko\n|-supereffective|p2a: Morpeko\n|-damage|p2a: Morpeko|0 fnt\n|faint|p2a: Morpeko\n|\n|upkeep\n|\n|t:|1781446889\n|switch|p2a: Cetitan|Cetitan, L82, F|315/413\n|turn|28\n|\n|t:|1781446894\n|switch|p1a: Talonflame|Talonflame, L83, M|155/265\n|move|p2a: Cetitan|Liquidation|p1a: Talonflame\n|-supereffective|p1a: Talonflame\n|-damage|p1a: Talonflame|0 fnt\n|faint|p1a: Talonflame\n|\n|upkeep\n|\n|t:|1781446900\n|switch|p1a: Zebstrika|Zebstrika, L87, F|272/272\n|turn|29\n|\n|t:|1781446911\n|switch|p2a: Chandelure|Chandelure, L83, M|46/235\n|move|p1a: Zebstrika|Overheat|p2a: Chandelure\n|-start|p2a: Chandelure|ability: Flash Fire\n|\n|upkeep\n|turn|30\n|\n|t:|1781446917\n|-end|p2a: Chandelure|ability: Flash Fire|[silent]\n|switch|p2a: Gliscor|Gliscor, L76, F|162/239 tox\n|move|p1a: Zebstrika|Volt Switch|p2a: Gliscor\n|-immune|p2a: Gliscor\n|\n|-heal|p2a: Gliscor|191/239 tox|[from] ability: Poison Heal\n|upkeep\n|turn|31\n|\n|t:|1781446926\n|move|p1a: Zebstrika|Overheat|p2a: Gliscor\n|-damage|p2a: Gliscor|62/239 tox\n|-unboost|p1a: Zebstrika|spa|2\n|-damage|p1a: Zebstrika|245/272|[from] item: Life Orb\n|move|p2a: Gliscor|Knock Off|p1a: Zebstrika\n|-damage|p1a: Zebstrika|177/272\n|-enditem|p1a: Zebstrika|Life Orb|[from] move: Knock Off|[of] p2a: Gliscor\n|\n|-heal|p2a: Gliscor|91/239 tox|[from] ability: Poison Heal\n|upkeep\n|turn|32\n|\n|t:|1781446938\n|switch|p1a: Glalie|Glalie, L96, F|150/309\n|move|p2a: Gliscor|Earthquake|p1a: Glalie\n|-damage|p1a: Glalie|62/309\n|\n|-heal|p2a: Gliscor|120/239 tox|[from] ability: Poison Heal\n|upkeep\n|turn|33\n|\n|t:|1781446942\n|move|p2a: Gliscor|Protect|p2a: Gliscor\n|-singleturn|p2a: Gliscor|Protect\n|move|p1a: Glalie|Freeze-Dry|p2a: Gliscor\n|-activate|p2a: Gliscor|move: Protect\n|\n|-heal|p2a: Gliscor|149/239 tox|[from] ability: Poison Heal\n|upkeep\n|turn|34\n|\n|t:|1781446952\n|switch|p2a: Chandelure|Chandelure, L83, M|46/235\n|move|p1a: Glalie|Freeze-Dry|p2a: Chandelure\n|-resisted|p2a: Chandelure\n|-damage|p2a: Chandelure|1/235\n|\n|upkeep\n|turn|35\n|\n|t:|1781446957\n|move|p1a: Glalie|Freeze-Dry|p2a: Chandelure\n|-resisted|p2a: Chandelure\n|-damage|p2a: Chandelure|0 fnt\n|faint|p2a: Chandelure\n|\n|upkeep\n|\n|t:|1781446959\n|switch|p2a: Cetitan|Cetitan, L82, F|315/413\n|turn|36\n|\n|t:|1781446964\n|move|p1a: Glalie|Earthquake|p2a: Cetitan\n|-crit|p2a: Cetitan\n|-damage|p2a: Cetitan|154/413\n|move|p2a: Cetitan|Liquidation|p1a: Glalie\n|-damage|p1a: Glalie|0 fnt\n|faint|p1a: Glalie\n|\n|upkeep\n|\n|t:|1781446967\n|switch|p1a: Zebstrika|Zebstrika, L87, F|177/272\n|turn|37\n|\n|t:|1781446972\n|move|p2a: Cetitan|Ice Shard|p1a: Zebstrika\n|-damage|p1a: Zebstrika|109/272\n|-damage|p2a: Cetitan|113/413|[from] item: Life Orb\n|move|p1a: Zebstrika|Overheat|p2a: Cetitan\n|-supereffective|p2a: Cetitan\n|-damage|p2a: Cetitan|0 fnt\n|-unboost|p1a: Zebstrika|spa|2\n|faint|p2a: Cetitan\n|\n|upkeep\n|\n|t:|1781446976\n|switch|p2a: Gliscor|Gliscor, L76, F|149/239 tox\n|turn|38\n|\n|t:|1781446980\n|move|p2a: Gliscor|Protect|p2a: Gliscor\n|-singleturn|p2a: Gliscor|Protect\n|move|p1a: Zebstrika|Overheat|p2a: Gliscor\n|-activate|p2a: Gliscor|move: Protect\n|\n|-heal|p2a: Gliscor|178/239 tox|[from] ability: Poison Heal\n|upkeep\n|turn|39\n|\n|t:|1781446984\n|move|p1a: Zebstrika|Overheat|p2a: Gliscor\n|-damage|p2a: Gliscor|128/239 tox\n|-unboost|p1a: Zebstrika|spa|2\n|move|p2a: Gliscor|Earthquake|p1a: Zebstrika\n|-supereffective|p1a: Zebstrika\n|-damage|p1a: Zebstrika|0 fnt\n|faint|p1a: Zebstrika\n|\n|win|antibeato\n|raw|shifty1234's rating: 1913 &rarr; <strong>1893</strong><br />(-20 for losing)\n|raw|antibeato's rating: 1912 &rarr; <strong>1932</strong><br />(+20 for winning)\n", "inputlog": ">version a8376a258c1d4662feba110a92103f3664a72141\n>start {\"formatid\":\"gen9randombattle\",\"seed\":\"sodium,924bc44b2c618ff0affb62e528e7b353\",\"rated\":\"Rated battle\"}\n>player p1 {\"name\":\"shifty1234\",\"avatar\":\"n\",\"rating\":1913,\"seed\":\"sodium,2f1dbb74559897bb95ee2023b93f1628\"}\n>player p2 {\"name\":\"antibeato\",\"avatar\":\"266\",\"rating\":1912,\"seed\":\"sodium,c043909835167454bad55f44a2d34718\"}\n>p1 switch 5\n>p2 move calmmind\n>p1 move thunderwave\n>p2 move fireblast terastallize\n>p1 move stealthrock\n>p2 move judgment\n>p1 switch 5\n>p1 move dracometeor\n>p2 move recover\n>p1 move dracometeor\n>p2 move recover\n>p2 switch 2\n>p1 move dracometeor\n>p2 move rapidspin\n>p1 switch 2\n>p2 move knockoff\n>p1 move powerwhip\n>p2 move protect\n>p1 move strengthsap\n>p2 move aurawheel\n>p1 move powerwhip\n>p2 switch 5\n>p1 move suckerpunch\n>p2 move trick\n>p1 switch 6\n>p2 switch 6\n>p1 move overheat\n>p2 move knockoff\n>p1 switch 3\n>p2 move toxicspikes\n>p1 move freezedry\n>p2 switch 3\n>p1 switch 2\n>p2 move liquidation\n>p1 move flashcannon\n>p2 move iceshard\n>p1 switch 3\n>p1 move willowisp\n>p2 switch 6\n>p1 move bravebird\n>p2 move fireblast\n>p1 move roost\n>p2 switch 5\n>p1 switch 6\n>p2 move aurawheel\n>p1 move strengthsap\n>p2 move protect\n>p1 move strengthsap\n>p2 move aurawheel\n>p1 switch 2\n>p1 move freezedry\n>p2 move aurawheel\n>p1 move spikes\n>p2 move aurawheel\n>p1 move spikes\n>p2 move aurawheel\n>p1 move earthquake\n>p2 move rapidspin\n>p2 switch 6\n>p1 switch 6\n>p2 move liquidation\n>p1 switch 4\n>p1 move overheat\n>p2 switch 5\n>p1 move voltswitch\n>p2 switch 3\n>p1 move overheat\n>p2 move knockoff\n>p1 switch 6\n>p2 move earthquake\n>p1 move freezedry\n>p2 move protect\n>p1 move freezedry\n>p2 switch 3\n>p1 move freezedry\n>p2 move fireblast\n>p2 switch 5\n>p1 move earthquake\n>p2 move liquidation\n>p1 switch 6\n>p1 move overheat\n>p2 move iceshard\n>p2 switch 3\n>p1 move overheat\n>p2 move protect\n>p1 move overheat\n>p2 move earthquake", "uploadtime": 1781446599, "views": 8, "formatid": "gen9randombattle", "rating": 1893, "private": 0, "password": null}