{"id": "gen9randombattle-2631900823", "format": "[Gen 9] Random Battle", "players": ["100taka", "guyfishing12"], "log": "|j|\u2606100taka\n|j|\u2606guyfishing12\n|t:|1781453636\n|gametype|singles\n|player|p1|100taka|101|2004\n|player|p2|guyfishing12|169|1982\n|gen|9\n|tier|[Gen 9] Random Battle\n|rated|\n|rule|Species Clause: Limit one of each Pok\u00e9mon\n|rule|HP Percentage Mod: HP is shown in percentages\n|rule|Sleep Clause Mod: Limit one foe put to sleep\n|rule|Illusion Level Mod: Illusion disguises the Pok\u00e9mon's true level\n|\n|t:|1781453636\n|teamsize|p1|6\n|teamsize|p2|6\n|start\n|switch|p1a: Persian|Persian-Alola, L86, F|252/252\n|switch|p2a: Shiftry|Shiftry, L89, F|305/305\n|turn|1\n|\n|t:|1781453651\n|move|p1a: Persian|Hypnosis|p2a: Shiftry\n|-status|p2a: Shiftry|slp|[from] move: Hypnosis\n|cant|p2a: Shiftry|slp\n|\n|upkeep\n|turn|2\n|inactive|Battle timer is ON: inactive players will automatically lose when time's up. (requested by guyfishing12)\n|\n|t:|1781453660\n|switch|p2a: Sceptile|Sceptile, L87, M|264/264\n|move|p1a: Persian|Nasty Plot|p1a: Persian\n|-boost|p1a: Persian|spa|2\n|\n|upkeep\n|turn|3\n|\n|t:|1781453667\n|move|p2a: Sceptile|Leech Seed|p1a: Persian\n|-start|p1a: Persian|move: Leech Seed\n|move|p1a: Persian|Dark Pulse|p2a: Sceptile\n|-damage|p2a: Sceptile|128/264\n|\n|-heal|p2a: Sceptile|144/264|[from] item: Leftovers\n|-damage|p1a: Persian|221/252|[from] Leech Seed|[of] p2a: Sceptile\n|-heal|p2a: Sceptile|175/264|[silent]\n|upkeep\n|turn|4\n|\n|t:|1781453674\n|switch|p1a: Tentacruel|Tentacruel, L84, M|272/272\n|move|p2a: Sceptile|Substitute|p2a: Sceptile\n|-start|p2a: Sceptile|Substitute\n|-damage|p2a: Sceptile|109/264\n|\n|-heal|p2a: Sceptile|125/264|[from] item: Leftovers\n|upkeep\n|turn|5\n|\n|t:|1781453683\n|switch|p2a: Pachirisu|Pachirisu, L96, F|271/271\n|move|p1a: Tentacruel|Sludge Bomb|p2a: Pachirisu\n|-damage|p2a: Pachirisu|223/271\n|\n|upkeep\n|turn|6\n|\n|t:|1781453688\n|switch|p1a: Pincurchin|Pincurchin, M|258/258\n|-fieldstart|move: Electric Terrain|[from] ability: Electric Surge|[of] p1a: Pincurchin\n|move|p2a: Pachirisu|Nuzzle|p1a: Pincurchin\n|-resisted|p1a: Pincurchin\n|-damage|p1a: Pincurchin|249/258\n|\n|-heal|p1a: Pincurchin|258/258|[from] item: Leftovers\n|upkeep\n|turn|7\n|\n|t:|1781453692\n|move|p2a: Pachirisu|Super Fang|p1a: Pincurchin\n|-damage|p1a: Pincurchin|129/258\n|move|p1a: Pincurchin|Toxic Spikes|p2a: Pachirisu\n|-sidestart|p2: guyfishing12|move: Toxic Spikes\n|\n|-heal|p1a: Pincurchin|145/258|[from] item: Leftovers\n|upkeep\n|turn|8\n|\n|t:|1781453703\n|move|p2a: Pachirisu|U-turn|p1a: Pincurchin\n|-damage|p1a: Pincurchin|114/258\n|\n|t:|1781453705\n|switch|p2a: Illumise|Illumise, L91, F|266/266|[from] U-turn\n|move|p1a: Pincurchin|Scald|p2a: Illumise\n|-damage|p2a: Illumise|187/266\n|\n|-heal|p1a: Pincurchin|130/258|[from] item: Leftovers\n|upkeep\n|turn|9\n|\n|t:|1781453710\n|move|p2a: Illumise|Bug Buzz|p1a: Pincurchin\n|-damage|p1a: Pincurchin|49/258\n|move|p1a: Pincurchin|Recover|p1a: Pincurchin\n|-heal|p1a: Pincurchin|178/258\n|\n|-heal|p1a: Pincurchin|194/258|[from] item: Leftovers\n|upkeep\n|turn|10\n|\n|t:|1781453716\n|move|p2a: Illumise|Encore|p1a: Pincurchin\n|-start|p1a: Pincurchin|Encore\n|move|p1a: Pincurchin|Recover|p1a: Pincurchin\n|-heal|p1a: Pincurchin|258/258\n|\n|-fieldend|move: Electric Terrain\n|upkeep\n|turn|11\n|\n|t:|1781453722\n|move|p2a: Illumise|Thunder Wave|p1a: Pincurchin\n|-immune|p1a: Pincurchin\n|move|p1a: Pincurchin|Recover||[still]\n|-fail|p1a: Pincurchin|heal\n|\n|upkeep\n|turn|12\n|\n|t:|1781453729\n|switch|p1a: Espeon|Espeon, L84, F|246/246\n|move|p2a: Illumise|Thunder Wave|p1a: Espeon\n|move|p1a: Espeon|Thunder Wave|p2a: Illumise|[from] ability: Magic Bounce\n|-status|p2a: Illumise|par\n|\n|upkeep\n|turn|13\n|-message|guyfishing12 forfeited.\n|\n|win|100taka\n", "inputlog": ">version a8376a258c1d4662feba110a92103f3664a72141\n>start {\"formatid\":\"gen9randombattle\",\"seed\":\"sodium,8a887d09058266f6150792f981678fdf\",\"rated\":\"Rated battle\"}\n>player p1 {\"name\":\"100taka\",\"avatar\":\"101\",\"rating\":2004,\"seed\":\"sodium,ac33cdea2aaf458ecda9283f79ce6a9c\"}\n>player p2 {\"name\":\"guyfishing12\",\"avatar\":\"169\",\"rating\":1982,\"seed\":\"sodium,c9f6ce98a0c7c37c9a8f208732a080e8\"}\n>p1 move hypnosis\n>p2 move swordsdance\n>p1 move nastyplot\n>p2 switch 6\n>p1 move darkpulse\n>p2 move leechseed\n>p1 switch 4\n>p2 move substitute\n>p1 move sludgebomb\n>p2 switch 4\n>p1 switch 6\n>p2 move nuzzle\n>p1 move toxicspikes\n>p2 move superfang\n>p1 move scald\n>p2 move uturn\n>p2 switch 2\n>p1 move recover\n>p2 move bugbuzz\n>p1 move scald\n>p2 move encore\n>p1 move recover\n>p2 move thunderwave\n>p1 switch 3\n>p2 move thunderwave\n>forcelose p2", "uploadtime": 1781453639, "views": 7, "formatid": "gen9randombattle", "rating": null, "private": 0, "password": null}