{"id": "gen9randombattle-2631894663", "format": "[Gen 9] Random Battle", "players": ["smasher04", "lalo's pollos"], "log": "|j|\u2606smasher04\n|j|\u2606lalo's pollos\n|t:|1781452977\n|gametype|singles\n|player|p1|smasher04|twins-gen4|2029\n|player|p2|lalo's pollos|101|1984\n|gen|9\n|tier|[Gen 9] Random Battle\n|rated|\n|rule|Species Clause: Limit one of each Pok\u00e9mon\n|rule|HP Percentage Mod: HP is shown in percentages\n|rule|Sleep Clause Mod: Limit one foe put to sleep\n|rule|Illusion Level Mod: Illusion disguises the Pok\u00e9mon's true level\n|\n|t:|1781452977\n|teamsize|p1|6\n|teamsize|p2|6\n|start\n|switch|p1a: Trevenant|Trevenant, L89, F|296/296\n|switch|p2a: Slaking|Slaking, L84, M|389/389\n|turn|1\n|inactive|Battle timer is ON: inactive players will automatically lose when time's up. (requested by smasher04)\n|\n|t:|1781452999\n|move|p1a: Trevenant|Protect|p1a: Trevenant\n|-singleturn|p1a: Trevenant|Protect\n|move|p2a: Slaking|Knock Off|p1a: Trevenant\n|-activate|p1a: Trevenant|move: Protect\n|\n|upkeep\n|turn|2\n|\n|t:|1781453007\n|switch|p2a: Stonjourner|Stonjourner, L91, M|330/330\n|switch|p1a: Virizion|Virizion, L82|283/283\n|\n|upkeep\n|turn|3\n|\n|t:|1781453015\n|switch|p1a: Lanturn|Lanturn, L89, F|367/367\n|switch|p2a: Toxapex|Toxapex, L82, M|216/216\n|\n|upkeep\n|turn|4\n|\n|t:|1781453019\n|move|p1a: Lanturn|Thunder Wave|p2a: Toxapex|[miss]\n|-miss|p1a: Lanturn|p2a: Toxapex\n|move|p2a: Toxapex|Toxic|p1a: Lanturn\n|-status|p1a: Lanturn|tox\n|\n|-damage|p1a: Lanturn|345/367 tox|[from] psn\n|upkeep\n|turn|5\n|\n|t:|1781453031\n|move|p1a: Lanturn|Volt Switch|p2a: Toxapex\n|-supereffective|p2a: Toxapex\n|-damage|p2a: Toxapex|114/216\n|\n|t:|1781453038\n|switch|p1a: Landorus|Landorus, L75, M|257/257|[from] Volt Switch\n|move|p2a: Toxapex|Toxic|p1a: Landorus\n|-status|p1a: Landorus|tox\n|\n|-heal|p2a: Toxapex|127/216|[from] item: Leftovers\n|-damage|p1a: Landorus|241/257 tox|[from] psn\n|upkeep\n|turn|6\n|\n|t:|1781453055\n|switch|p2a: Kilowattrel|Kilowattrel, L83, M|252/252\n|move|p1a: Landorus|Psychic|p2a: Kilowattrel\n|-damage|p2a: Kilowattrel|110/252\n|\n|-damage|p1a: Landorus|209/257 tox|[from] psn\n|upkeep\n|turn|7\n|\n|t:|1781453074\n|switch|p1a: Lanturn|Lanturn, L89, F|345/367 tox\n|move|p2a: Kilowattrel|Hurricane|p1a: Lanturn|[miss]\n|-miss|p2a: Kilowattrel|p1a: Lanturn\n|\n|-damage|p1a: Lanturn|323/367 tox|[from] psn\n|upkeep\n|turn|8\n|\n|t:|1781453079\n|move|p2a: Kilowattrel|Roost|p2a: Kilowattrel\n|-heal|p2a: Kilowattrel|236/252\n|-singleturn|p2a: Kilowattrel|move: Roost\n|move|p1a: Lanturn|Scald|p2a: Kilowattrel\n|-damage|p2a: Kilowattrel|137/252\n|\n|-damage|p1a: Lanturn|279/367 tox|[from] psn\n|upkeep\n|turn|9\n|\n|t:|1781453084\n|move|p2a: Kilowattrel|U-turn|p1a: Lanturn\n|-damage|p1a: Lanturn|227/367 tox\n|\n|t:|1781453086\n|switch|p2a: Quagsire|Quagsire, L84, M|297/297|[from] U-turn\n|move|p1a: Lanturn|Scald|p2a: Quagsire\n|-damage|p2a: Quagsire|198/297\n|-status|p2a: Quagsire|brn\n|\n|-heal|p2a: Quagsire|216/297 brn|[from] item: Leftovers\n|-damage|p1a: Lanturn|161/367 tox|[from] psn\n|-damage|p2a: Quagsire|198/297 brn|[from] brn\n|upkeep\n|turn|10\n|\n|t:|1781453090\n|switch|p1a: Virizion|Virizion, L82|283/283\n|move|p2a: Quagsire|Recover|p2a: Quagsire\n|-heal|p2a: Quagsire|297/297 brn\n|\n|-damage|p2a: Quagsire|279/297 brn|[from] brn\n|upkeep\n|turn|11\n|\n|t:|1781453096\n|move|p1a: Virizion|Leaf Blade|p2a: Quagsire\n|-supereffective|p2a: Quagsire\n|-damage|p2a: Quagsire|0 fnt\n|faint|p2a: Quagsire\n|-damage|p1a: Virizion|255/283|[from] item: Life Orb\n|\n|upkeep\n|\n|t:|1781453100\n|switch|p2a: Toxapex|Toxapex, L82, M|199/216\n|turn|12\n|\n|t:|1781453109\n|switch|p1a: Lanturn|Lanturn, L89, F|161/367 tox\n|move|p2a: Toxapex|Liquidation|p1a: Lanturn\n|-resisted|p1a: Lanturn\n|-damage|p1a: Lanturn|119/367 tox\n|\n|-heal|p2a: Toxapex|212/216|[from] item: Leftovers\n|-damage|p1a: Lanturn|97/367 tox|[from] psn\n|upkeep\n|turn|13\n|\n|t:|1781453115\n|move|p1a: Lanturn|Volt Switch|p2a: Toxapex\n|-supereffective|p2a: Toxapex\n|-damage|p2a: Toxapex|108/216\n|\n|t:|1781453120\n|switch|p1a: Virizion|Virizion, L82|255/283|[from] Volt Switch\n|move|p2a: Toxapex|Recover|p2a: Toxapex\n|-heal|p2a: Toxapex|216/216\n|\n|upkeep\n|turn|14\n|\n|t:|1781453125\n|switch|p1a: Landorus|Landorus, L75, M|209/257 tox\n|move|p2a: Toxapex|Toxic|p1a: Landorus\n|-fail|p1a: Landorus|tox\n|\n|-damage|p1a: Landorus|193/257 tox|[from] psn\n|upkeep\n|turn|15\n|\n|t:|1781453133\n|switch|p2a: Hippowdon|Hippowdon, L82, F|311/311\n|-weather|Sandstorm|[from] ability: Sand Stream|[of] p2a: Hippowdon\n|move|p1a: Landorus|Psychic|p2a: Hippowdon\n|-damage|p2a: Hippowdon|198/311\n|\n|-weather|Sandstorm|[upkeep]\n|-damage|p1a: Landorus|161/257 tox|[from] psn\n|upkeep\n|turn|16\n|\n|t:|1781453140\n|move|p1a: Landorus|Earth Power|p2a: Hippowdon\n|-damage|p2a: Hippowdon|10/311\n|move|p2a: Hippowdon|Slack Off|p2a: Hippowdon\n|-heal|p2a: Hippowdon|166/311\n|\n|-weather|Sandstorm|[upkeep]\n|-damage|p1a: Landorus|113/257 tox|[from] psn\n|upkeep\n|turn|17\n|\n|t:|1781453145\n|switch|p2a: Kilowattrel|Kilowattrel, L83, M|137/252\n|move|p1a: Landorus|Earth Power|p2a: Kilowattrel\n|-immune|p2a: Kilowattrel\n|\n|-weather|Sandstorm|[upkeep]\n|-damage|p2a: Kilowattrel|122/252|[from] Sandstorm\n|-damage|p1a: Landorus|49/257 tox|[from] psn\n|upkeep\n|turn|18\n|\n|t:|1781453150\n|move|p2a: Kilowattrel|Hurricane|p1a: Landorus|[miss]\n|-miss|p2a: Kilowattrel|p1a: Landorus\n|move|p1a: Landorus|Psychic|p2a: Kilowattrel\n|-damage|p2a: Kilowattrel|0 fnt\n|faint|p2a: Kilowattrel\n|\n|-weather|Sandstorm|[upkeep]\n|-damage|p1a: Landorus|0 fnt|[from] psn\n|faint|p1a: Landorus\n|upkeep\n|\n|t:|1781453166\n|switch|p2a: Toxapex|Toxapex, L82, M|216/216\n|switch|p1a: Virizion|Virizion, L82|255/283\n|turn|19\n|\n|t:|1781453172\n|switch|p1a: Lanturn|Lanturn, L89, F|97/367 tox\n|move|p2a: Toxapex|Toxic|p1a: Lanturn\n|-fail|p1a: Lanturn|tox\n|\n|-weather|none\n|-damage|p1a: Lanturn|75/367 tox|[from] psn\n|upkeep\n|turn|20\n|\n|t:|1781453176\n|move|p1a: Lanturn|Thunder Wave|p2a: Toxapex\n|-status|p2a: Toxapex|par\n|move|p2a: Toxapex|Recover||[still]\n|-fail|p2a: Toxapex|heal\n|\n|-damage|p1a: Lanturn|31/367 tox|[from] psn\n|upkeep\n|turn|21\n|\n|t:|1781453181\n|move|p1a: Lanturn|Thunderbolt|p2a: Toxapex\n|-supereffective|p2a: Toxapex\n|-damage|p2a: Toxapex|84/216 par\n|move|p2a: Toxapex|Recover|p2a: Toxapex\n|-heal|p2a: Toxapex|192/216 par\n|\n|-heal|p2a: Toxapex|205/216 par|[from] item: Leftovers\n|-damage|p1a: Lanturn|0 fnt|[from] psn\n|faint|p1a: Lanturn\n|upkeep\n|\n|t:|1781453197\n|switch|p1a: Virizion|Virizion, L82|255/283\n|turn|22\n|\n|t:|1781453201\n|move|p1a: Virizion|Swords Dance|p1a: Virizion\n|-boost|p1a: Virizion|atk|2\n|move|p2a: Toxapex|Toxic|p1a: Virizion\n|-status|p1a: Virizion|tox\n|\n|-heal|p2a: Toxapex|216/216 par|[from] item: Leftovers\n|-damage|p1a: Virizion|238/283 tox|[from] psn\n|upkeep\n|turn|23\n|\n|t:|1781453204\n|move|p1a: Virizion|Swords Dance|p1a: Virizion\n|-boost|p1a: Virizion|atk|2\n|move|p2a: Toxapex|Haze|p2a: Toxapex\n|-clearallboost\n|\n|-damage|p1a: Virizion|204/283 tox|[from] psn\n|upkeep\n|turn|24\n|\n|t:|1781453207\n|move|p1a: Virizion|Swords Dance|p1a: Virizion\n|-boost|p1a: Virizion|atk|2\n|move|p2a: Toxapex|Haze|p2a: Toxapex\n|-clearallboost\n|\n|-damage|p1a: Virizion|153/283 tox|[from] psn\n|upkeep\n|turn|25\n|\n|t:|1781453209\n|switch|p1a: Trevenant|Trevenant, L89, F|296/296\n|cant|p2a: Toxapex|par\n|\n|upkeep\n|turn|26\n|\n|t:|1781453213\n|move|p1a: Trevenant|Poltergeist|p2a: Toxapex\n|-activate|p2a: Toxapex|move: Poltergeist|Leftovers\n|-damage|p2a: Toxapex|120/216 par\n|move|p2a: Toxapex|Toxic|p1a: Trevenant\n|-status|p1a: Trevenant|tox\n|\n|-heal|p2a: Toxapex|133/216 par|[from] item: Leftovers\n|-damage|p1a: Trevenant|278/296 tox|[from] psn\n|upkeep\n|turn|27\n|\n|t:|1781453222\n|switch|p2a: Hippowdon|Hippowdon, L82, F|166/311\n|-weather|Sandstorm|[from] ability: Sand Stream|[of] p2a: Hippowdon\n|move|p1a: Trevenant|Poltergeist|p2a: Hippowdon\n|-activate|p2a: Hippowdon|move: Poltergeist|Rocky Helmet\n|-damage|p2a: Hippowdon|58/311\n|\n|-weather|Sandstorm|[upkeep]\n|-damage|p1a: Trevenant|260/296 tox|[from] Sandstorm\n|-damage|p1a: Trevenant|224/296 tox|[from] psn\n|upkeep\n|turn|28\n|\n|t:|1781453230\n|switch|p2a: Toxapex|Toxapex, L82, M|205/216 par\n|move|p1a: Trevenant|Poltergeist|p2a: Toxapex\n|-activate|p2a: Toxapex|move: Poltergeist|Leftovers\n|-damage|p2a: Toxapex|108/216 par\n|\n|-weather|Sandstorm|[upkeep]\n|-damage|p1a: Trevenant|206/296 tox|[from] Sandstorm\n|-damage|p2a: Toxapex|95/216 par|[from] Sandstorm\n|-heal|p2a: Toxapex|108/216 par|[from] item: Leftovers\n|-damage|p1a: Trevenant|152/296 tox|[from] psn\n|upkeep\n|turn|29\n|\n|t:|1781453234\n|move|p1a: Trevenant|Poltergeist|p2a: Toxapex\n|-activate|p2a: Toxapex|move: Poltergeist|Leftovers\n|-damage|p2a: Toxapex|18/216 par\n|move|p2a: Toxapex|Recover|p2a: Toxapex\n|-heal|p2a: Toxapex|126/216 par\n|\n|-weather|Sandstorm|[upkeep]\n|-damage|p1a: Trevenant|134/296 tox|[from] Sandstorm\n|-damage|p2a: Toxapex|113/216 par|[from] Sandstorm\n|-enditem|p1a: Trevenant|Sitrus Berry|[eat]\n|-heal|p1a: Trevenant|208/296 tox|[from] item: Sitrus Berry\n|-heal|p2a: Toxapex|126/216 par|[from] item: Leftovers\n|-damage|p1a: Trevenant|136/296 tox|[from] psn\n|upkeep\n|turn|30\n|\n|t:|1781453241\n|switch|p1a: Mabosstiff|Mabosstiff, L86, F|278/278\n|switch|p2a: Hippowdon|Hippowdon, L82, F|58/311\n|\n|-weather|Sandstorm|[upkeep]\n|-damage|p1a: Mabosstiff|261/278|[from] Sandstorm\n|upkeep\n|turn|31\n|\n|t:|1781453246\n|-terastallize|p1a: Mabosstiff|Dark\n|move|p1a: Mabosstiff|Crunch|p2a: Hippowdon\n|-damage|p2a: Hippowdon|0 fnt\n|-damage|p1a: Mabosstiff|215/278|[from] item: Rocky Helmet|[of] p2a: Hippowdon\n|faint|p2a: Hippowdon\n|\n|-weather|none\n|upkeep\n|\n|t:|1781453258\n|switch|p2a: Stonjourner|Stonjourner, L91, M|330/330\n|turn|32\n|\n|t:|1781453264\n|switch|p1a: Registeel|Registeel, L81|262/262\n|move|p2a: Stonjourner|Heat Crash|p1a: Registeel\n|-supereffective|p1a: Registeel\n|-damage|p1a: Registeel|148/262\n|-damage|p2a: Stonjourner|297/330|[from] item: Life Orb\n|\n|upkeep\n|turn|33\n|\n|t:|1781453273\n|move|p2a: Stonjourner|Earthquake|p1a: Registeel\n|-supereffective|p1a: Registeel\n|-damage|p1a: Registeel|0 fnt\n|faint|p1a: Registeel\n|-damage|p2a: Stonjourner|264/330|[from] item: Life Orb\n|\n|upkeep\n|\n|t:|1781453278\n|switch|p1a: Virizion|Virizion, L82|153/283 tox\n|turn|34\n|\n|t:|1781453284\n|switch|p2a: Toxapex|Toxapex, L82, M|198/216 par\n|move|p1a: Virizion|Leaf Blade|p2a: Toxapex\n|-damage|p2a: Toxapex|123/216 par\n|-damage|p1a: Virizion|125/283 tox|[from] item: Life Orb\n|\n|-heal|p2a: Toxapex|136/216 par|[from] item: Leftovers\n|-damage|p1a: Virizion|108/283 tox|[from] psn\n|upkeep\n|turn|35\n|\n|t:|1781453296\n|switch|p1a: Trevenant|Trevenant, L89, F|136/296 tox\n|move|p2a: Toxapex|Recover|p2a: Toxapex\n|-heal|p2a: Toxapex|216/216 par\n|\n|-damage|p1a: Trevenant|118/296 tox|[from] psn\n|-item|p1a: Trevenant|Sitrus Berry|[from] ability: Harvest\n|upkeep\n|-enditem|p1a: Trevenant|Sitrus Berry|[eat]\n|-heal|p1a: Trevenant|192/296 tox|[from] item: Sitrus Berry\n|turn|36\n|\n|t:|1781453302\n|move|p1a: Trevenant|Poltergeist|p2a: Toxapex\n|-activate|p2a: Toxapex|move: Poltergeist|Leftovers\n|-damage|p2a: Toxapex|123/216 par\n|move|p2a: Toxapex|Liquidation|p1a: Trevenant\n|-resisted|p1a: Trevenant\n|-damage|p1a: Trevenant|158/296 tox\n|\n|-heal|p2a: Toxapex|136/216 par|[from] item: Leftovers\n|-damage|p1a: Trevenant|122/296 tox|[from] psn\n|-item|p1a: Trevenant|Sitrus Berry|[from] ability: Harvest\n|upkeep\n|-enditem|p1a: Trevenant|Sitrus Berry|[eat]\n|-heal|p1a: Trevenant|196/296 tox|[from] item: Sitrus Berry\n|turn|37\n|\n|t:|1781453312\n|switch|p1a: Mabosstiff|Mabosstiff, L86, F, tera:Dark|215/278\n|move|p2a: Toxapex|Recover|p2a: Toxapex\n|-heal|p2a: Toxapex|216/216 par\n|\n|upkeep\n|turn|38\n|\n|t:|1781453315\n|move|p1a: Mabosstiff|Crunch|p2a: Toxapex\n|-damage|p2a: Toxapex|124/216 par\n|cant|p2a: Toxapex|par\n|\n|-heal|p2a: Toxapex|137/216 par|[from] item: Leftovers\n|upkeep\n|turn|39\n|\n|t:|1781453321\n|move|p1a: Mabosstiff|Crunch|p2a: Toxapex\n|-damage|p2a: Toxapex|45/216 par\n|move|p2a: Toxapex|Toxic|p1a: Mabosstiff\n|-status|p1a: Mabosstiff|tox\n|\n|-heal|p2a: Toxapex|58/216 par|[from] item: Leftovers\n|-damage|p1a: Mabosstiff|198/278 tox|[from] psn\n|upkeep\n|turn|40\n|\n|t:|1781453325\n|move|p1a: Mabosstiff|Crunch|p2a: Toxapex\n|-damage|p2a: Toxapex|0 fnt\n|faint|p2a: Toxapex\n|\n|-damage|p1a: Mabosstiff|164/278 tox|[from] psn\n|upkeep\n|\n|t:|1781453334\n|switch|p2a: Stonjourner|Stonjourner, L91, M|264/330\n|turn|41\n|\n|t:|1781453338\n|move|p1a: Mabosstiff|Crunch|p2a: Stonjourner\n|-damage|p2a: Stonjourner|162/330\n|-unboost|p2a: Stonjourner|def|1\n|move|p2a: Stonjourner|Earthquake|p1a: Mabosstiff\n|-damage|p1a: Mabosstiff|43/278 tox\n|-damage|p2a: Stonjourner|129/330|[from] item: Life Orb\n|\n|-damage|p1a: Mabosstiff|0 fnt|[from] psn\n|faint|p1a: Mabosstiff\n|upkeep\n|\n|t:|1781453343\n|switch|p1a: Virizion|Virizion, L82|108/283 tox\n|turn|42\n|\n|t:|1781453356\n|switch|p2a: Slaking|Slaking, L84, M|389/389\n|move|p1a: Virizion|Close Combat|p2a: Slaking\n|-supereffective|p2a: Slaking\n|-damage|p2a: Slaking|124/389\n|-unboost|p1a: Virizion|def|1\n|-unboost|p1a: Virizion|spd|1\n|-damage|p1a: Virizion|80/283 tox|[from] item: Life Orb\n|\n|-damage|p1a: Virizion|63/283 tox|[from] psn\n|upkeep\n|turn|43\n|\n|t:|1781453360\n|move|p1a: Virizion|Close Combat|p2a: Slaking\n|-supereffective|p2a: Slaking\n|-damage|p2a: Slaking|0 fnt\n|-unboost|p1a: Virizion|def|1\n|-unboost|p1a: Virizion|spd|1\n|faint|p2a: Slaking\n|-damage|p1a: Virizion|35/283 tox|[from] item: Life Orb\n|\n|-damage|p1a: Virizion|1/283 tox|[from] psn\n|upkeep\n|c|\u2606smasher04|Gg\n|-message|lalo's pollos forfeited.\n|\n|win|smasher04\n|raw|smasher04's rating: 2029 &rarr; <strong>2046</strong><br />(+17 for winning)\n|raw|lalo&apos;s pollos's rating: 1984 &rarr; <strong>1967</strong><br />(-17 for losing)\n", "inputlog": ">version a8376a258c1d4662feba110a92103f3664a72141\n>start {\"formatid\":\"gen9randombattle\",\"seed\":\"sodium,30aa08be9c6617a7f4c95c006a3ee5c3\",\"rated\":\"Rated battle\"}\n>player p1 {\"name\":\"smasher04\",\"avatar\":\"twins-gen4\",\"rating\":2029,\"seed\":\"sodium,945ebcb5023878eb60a0380f22a031ca\"}\n>player p2 {\"name\":\"lalo's pollos\",\"avatar\":\"101\",\"rating\":1984,\"seed\":\"sodium,6b8ef09700b62a6ce8ba3b847bbb7021\"}\n>p1 move protect\n>p2 move knockoff\n>p1 switch 2\n>p2 switch 4\n>p1 switch 5\n>p2 switch 6\n>p1 move thunderwave\n>p2 move toxic\n>p1 move voltswitch\n>p2 move toxic\n>p1 switch 3\n>p1 move psychic\n>p2 switch 3\n>p1 switch 3\n>p2 move hurricane\n>p1 move scald\n>p2 move roost\n>p1 move scald\n>p2 move uturn\n>p2 switch 5\n>p1 switch 5\n>p2 move recover\n>p1 move leafblade\n>p2 move toxic\n>p2 switch 3\n>p1 switch 5\n>p2 move liquidation\n>p1 move voltswitch\n>p2 move recover\n>p1 switch 5\n>p1 switch 3\n>p2 move toxic\n>p1 move psychic\n>p2 switch 2\n>p1 move earthpower\n>p2 move slackoff\n>p1 move earthpower\n>p2 switch 5\n>p1 move psychic\n>p2 move hurricane\n>p1 switch 3\n>p2 switch 2\n>p1 switch 5\n>p2 move toxic\n>p1 move thunderwave\n>p2 move recover\n>p1 move thunderbolt\n>p2 move recover\n>p1 switch 5\n>p1 move swordsdance\n>p2 move toxic\n>p1 move swordsdance\n>p2 move haze\n>p1 move swordsdance\n>p2 move haze\n>p1 switch 2\n>p2 move haze\n>p1 move poltergeist\n>p2 move toxic\n>p1 move poltergeist\n>p2 switch 5\n>p1 move poltergeist\n>p2 switch 5\n>p1 move poltergeist\n>p2 move recover\n>p1 switch 6\n>p2 switch 5\n>p1 move crunch terastallize\n>p2 move slackoff\n>p2 switch 6\n>p1 switch 4\n>p2 move heatcrash\n>p1 move ironhead\n>p2 move earthquake\n>p1 switch 2\n>p1 move leafblade\n>p2 switch 5\n>p1 switch 6\n>p2 move recover\n>p1 move poltergeist\n>p2 move liquidation\n>p1 switch 4\n>p2 move recover\n>p1 move crunch\n>p2 move toxic\n>p1 move crunch\n>p2 move toxic\n>p1 move crunch\n>p2 move recover\n>p2 switch 5\n>p1 move crunch\n>p2 move earthquake\n>p1 switch 6\n>p1 move closecombat\n>p2 switch 4\n>p1 move closecombat\n>p2 move knockoff\n>chat \u2606smasher04|Gg\n>forcelose p2", "uploadtime": 1781452978, "views": 8, "formatid": "gen9randombattle", "rating": 1967, "private": 0, "password": null}