{"id": "gen9randombattle-2631801935", "format": "[Gen 9] Random Battle", "players": ["olmek987", "Lachrymose"], "log": "|j|\u2606olmek987\n|j|\u203dLachrymose\n|t:|1781441767\n|gametype|singles\n|player|p1|olmek987|morty|1974\n|player|p2|Lachrymose|169|1988\n|gen|9\n|tier|[Gen 9] Random Battle\n|rated|\n|rule|Species Clause: Limit one of each Pok\u00e9mon\n|rule|HP Percentage Mod: HP is shown in percentages\n|rule|Sleep Clause Mod: Limit one foe put to sleep\n|rule|Illusion Level Mod: Illusion disguises the Pok\u00e9mon's true level\n|\n|t:|1781441767\n|teamsize|p1|6\n|teamsize|p2|6\n|start\n|switch|p1a: Wyrdeer|Wyrdeer, L87, F|321/321\n|switch|p2a: Basculegion|Basculegion-F, L83, F|335/335\n|-ability|p1a: Wyrdeer|Intimidate|boost\n|-unboost|p2a: Basculegion|atk|1\n|turn|1\n|\n|t:|1781441775\n|move|p2a: Basculegion|Flip Turn|p1a: Wyrdeer\n|-damage|p1a: Wyrdeer|259/321\n|\n|t:|1781441787\n|switch|p2a: Iron Thorns|Iron Thorns, L83|302/302|[from] Flip Turn\n|-enditem|p2a: Iron Thorns|Booster Energy\n|-activate|p2a: Iron Thorns|ability: Quark Drive|[fromitem]\n|-start|p2a: Iron Thorns|quarkdriveatk\n|move|p1a: Wyrdeer|Thunder Wave|p2a: Iron Thorns\n|-immune|p2a: Iron Thorns\n|\n|-heal|p1a: Wyrdeer|279/321|[from] item: Leftovers\n|upkeep\n|turn|2\n|\n|t:|1781441798\n|-terastallize|p2a: Iron Thorns|Grass\n|move|p2a: Iron Thorns|Dragon Dance|p2a: Iron Thorns\n|-boost|p2a: Iron Thorns|atk|1\n|-boost|p2a: Iron Thorns|spe|1\n|move|p1a: Wyrdeer|Psychic Noise|p2a: Iron Thorns\n|-damage|p2a: Iron Thorns|209/302\n|-start|p2a: Iron Thorns|move: Heal Block\n|\n|-heal|p1a: Wyrdeer|299/321|[from] item: Leftovers\n|upkeep\n|turn|3\n|\n|t:|1781441805\n|move|p2a: Iron Thorns|Wild Charge|p1a: Wyrdeer\n|-damage|p1a: Wyrdeer|47/321\n|-damage|p2a: Iron Thorns|146/302|[from] Recoil\n|move|p1a: Wyrdeer|Thunder Wave|p2a: Iron Thorns\n|-status|p2a: Iron Thorns|par\n|\n|-heal|p1a: Wyrdeer|67/321|[from] item: Leftovers\n|-end|p2a: Iron Thorns|move: Heal Block\n|upkeep\n|turn|4\n|\n|t:|1781441820\n|move|p1a: Wyrdeer|Megahorn|p2a: Iron Thorns\n|-supereffective|p2a: Iron Thorns\n|-damage|p2a: Iron Thorns|0 fnt\n|faint|p2a: Iron Thorns\n|-end|p2a: Iron Thorns|Quark Drive|[silent]\n|\n|-heal|p1a: Wyrdeer|87/321|[from] item: Leftovers\n|upkeep\n|c|\u2606olmek987|how to not use tera\n|\n|t:|1781441830\n|switch|p2a: Kleavor|Kleavor, L78, F|237/237\n|turn|5\n|c|\u2606olmek987|really, this mechanic is op - use it wisely\n|\n|t:|1781441861\n|switch|p1a: Garchomp|Garchomp, L74, F|282/282\n|move|p2a: Kleavor|X-Scissor|p1a: Garchomp\n|-damage|p1a: Garchomp|128/282\n|-damage|p2a: Kleavor|208/237|[from] ability: Rough Skin|[of] p1a: Garchomp\n|-damage|p2a: Kleavor|169/237|[from] item: Rocky Helmet|[of] p1a: Garchomp\n|\n|upkeep\n|turn|6\n|\n|t:|1781441873\n|switch|p2a: Basculegion|Basculegion-F, L83, F|335/335\n|move|p1a: Garchomp|Spikes|p2a: Basculegion\n|-sidestart|p2: Lachrymose|Spikes\n|\n|upkeep\n|turn|7\n|\n|t:|1781441883\n|move|p1a: Garchomp|Outrage|p2a: Basculegion\n|-damage|p2a: Basculegion|188/335\n|move|p2a: Basculegion|Ice Beam|p1a: Garchomp\n|-supereffective|p1a: Garchomp\n|-damage|p1a: Garchomp|0 fnt\n|faint|p1a: Garchomp\n|\n|upkeep\n|inactive|Battle timer is ON: inactive players will automatically lose when time's up. (requested by Lachrymose)\n|\n|t:|1781441889\n|switch|p1a: Rotom|Rotom, L88|231/231\n|turn|8\n|\n|t:|1781441899\n|switch|p2a: Pawmot|Pawmot, L80, F|243/243\n|-damage|p2a: Pawmot|213/243|[from] Spikes\n|move|p1a: Rotom|Thunderbolt|p2a: Pawmot\n|-resisted|p2a: Pawmot\n|-damage|p2a: Pawmot|119/243\n|-damage|p1a: Rotom|208/231|[from] item: Life Orb\n|\n|upkeep\n|turn|9\n|\n|t:|1781441907\n|move|p2a: Pawmot|Revival Blessing|p2a: Pawmot\n|\n|t:|1781441909\n|-heal|p2: Iron Thorns|151/302|[from] move: Revival Blessing\n|move|p1a: Rotom|Will-O-Wisp|p2a: Pawmot\n|-status|p2a: Pawmot|brn\n|\n|-damage|p2a: Pawmot|104/243 brn|[from] brn\n|upkeep\n|turn|10\n|\n|t:|1781441916\n|move|p2a: Pawmot|Double Shock|p1a: Rotom\n|-resisted|p1a: Rotom\n|-damage|p1a: Rotom|161/231\n|-start|p2a: Pawmot|typechange|???/Fighting|[from] move: Double Shock\n|-damage|p2a: Pawmot|80/243 brn|[from] item: Life Orb\n|move|p1a: Rotom|Shadow Ball|p2a: Pawmot\n|-damage|p2a: Pawmot|0 fnt\n|faint|p2a: Pawmot\n|-damage|p1a: Rotom|138/231|[from] item: Life Orb\n|\n|upkeep\n|\n|t:|1781441924\n|switch|p2a: Pyroar|Pyroar, L88, M|295/295\n|-ability|p2a: Pyroar|Unnerve\n|turn|11\n|\n|t:|1781441928\n|switch|p1a: Iron Boulder|Iron Boulder, L77|265/265\n|-enditem|p1a: Iron Boulder|Booster Energy\n|-activate|p1a: Iron Boulder|ability: Quark Drive|[fromitem]\n|-start|p1a: Iron Boulder|quarkdrivespe\n|move|p2a: Pyroar|Fire Blast|p1a: Iron Boulder|[miss]\n|-miss|p2a: Pyroar|p1a: Iron Boulder\n|\n|upkeep\n|turn|12\n|\n|t:|1781441939\n|move|p1a: Iron Boulder|Mighty Cleave|p2a: Pyroar\n|-supereffective|p2a: Pyroar\n|-damage|p2a: Pyroar|77/295\n|move|p2a: Pyroar|Will-O-Wisp|p1a: Iron Boulder\n|-status|p1a: Iron Boulder|brn\n|\n|-damage|p1a: Iron Boulder|249/265 brn|[from] brn\n|upkeep\n|turn|13\n|\n|t:|1781441953\n|switch|p2a: Iron Thorns|Iron Thorns, L83|151/302\n|-damage|p2a: Iron Thorns|114/302|[from] Spikes\n|move|p1a: Iron Boulder|Swords Dance|p1a: Iron Boulder\n|-boost|p1a: Iron Boulder|atk|2\n|\n|-damage|p1a: Iron Boulder|233/265 brn|[from] brn\n|upkeep\n|turn|14\n|\n|t:|1781441957\n|move|p1a: Iron Boulder|Close Combat|p2a: Iron Thorns\n|-supereffective|p2a: Iron Thorns\n|-damage|p2a: Iron Thorns|0 fnt\n|-unboost|p1a: Iron Boulder|def|1\n|-unboost|p1a: Iron Boulder|spd|1\n|faint|p2a: Iron Thorns\n|-end|p2a: Iron Thorns|Quark Drive|[silent]\n|\n|-damage|p1a: Iron Boulder|217/265 brn|[from] brn\n|upkeep\n|\n|t:|1781441964\n|switch|p2a: Basculegion|Basculegion-F, L83, F|188/335\n|-damage|p2a: Basculegion|147/335|[from] Spikes\n|turn|15\n|\n|t:|1781441968\n|move|p1a: Iron Boulder|Mighty Cleave|p2a: Basculegion\n|-damage|p2a: Basculegion|19/335\n|move|p2a: Basculegion|Flip Turn|p1a: Iron Boulder\n|-supereffective|p1a: Iron Boulder\n|-damage|p1a: Iron Boulder|0 fnt\n|faint|p1a: Iron Boulder\n|-end|p1a: Iron Boulder|Quark Drive|[silent]\n|\n|t:|1781441979\n|switch|p2a: Pyroar|Pyroar, L88, M|77/295|[from] Flip Turn\n|-ability|p2a: Pyroar|Unnerve\n|\n|upkeep\n|\n|t:|1781441983\n|switch|p1a: Zekrom|Zekrom, L71|259/259\n|-ability|p1a: Zekrom|Teravolt\n|turn|16\n|\n|t:|1781441992\n|move|p2a: Pyroar|Taunt|p1a: Zekrom\n|-start|p1a: Zekrom|move: Taunt\n|move|p1a: Zekrom|Bolt Strike|p2a: Pyroar\n|-damage|p2a: Pyroar|0 fnt\n|faint|p2a: Pyroar\n|\n|upkeep\n|\n|t:|1781442001\n|switch|p2a: Kleavor|Kleavor, L78, F|169/237\n|turn|17\n|\n|t:|1781442006\n|switch|p1a: Wyrdeer|Wyrdeer, L87, F|87/321\n|-ability|p1a: Wyrdeer|Intimidate|boost\n|-unboost|p2a: Kleavor|atk|1\n|move|p2a: Kleavor|Stone Axe|p1a: Wyrdeer\n|-damage|p1a: Wyrdeer|6/321\n|-sidestart|p1: olmek987|move: Stealth Rock\n|\n|-heal|p1a: Wyrdeer|26/321|[from] item: Leftovers\n|upkeep\n|turn|18\n|\n|t:|1781442012\n|move|p2a: Kleavor|X-Scissor|p1a: Wyrdeer\n|-supereffective|p1a: Wyrdeer\n|-damage|p1a: Wyrdeer|0 fnt\n|faint|p1a: Wyrdeer\n|\n|upkeep\n|\n|t:|1781442013\n|switch|p1a: Zekrom|Zekrom, L71|259/259\n|-damage|p1a: Zekrom|227/259|[from] Stealth Rock\n|-ability|p1a: Zekrom|Teravolt\n|turn|19\n|\n|t:|1781442019\n|move|p2a: Kleavor|X-Scissor|p1a: Zekrom\n|-damage|p1a: Zekrom|137/259\n|move|p1a: Zekrom|Dragon Dance|p1a: Zekrom\n|-boost|p1a: Zekrom|atk|1\n|-boost|p1a: Zekrom|spe|1\n|\n|-heal|p1a: Zekrom|153/259|[from] item: Leftovers\n|upkeep\n|turn|20\n|\n|t:|1781442024\n|switch|p2a: Basculegion|Basculegion-F, L83, F|19/335\n|-damage|p2a: Basculegion|0 fnt|[from] Spikes\n|faint|p2a: Basculegion\n|move|p1a: Zekrom|Bolt Strike|p2: Basculegion|[notarget]\n|-fail|p1a: Zekrom\n|\n|-heal|p1a: Zekrom|169/259|[from] item: Leftovers\n|upkeep\n|\n|t:|1781442030\n|switch|p2a: Breloom|Breloom, L83, F|235/235\n|-damage|p2a: Breloom|206/235|[from] Spikes\n|turn|21\n|\n|t:|1781442033\n|move|p1a: Zekrom|Outrage|p2a: Breloom\n|-damage|p2a: Breloom|1/235\n|move|p2a: Breloom|Spore|p1a: Zekrom\n|-status|p1a: Zekrom|slp|[from] move: Spore\n|\n|-heal|p1a: Zekrom|185/259 slp|[from] item: Leftovers\n|upkeep\n|turn|22\n|\n|t:|1781442038\n|cant|p1a: Zekrom|slp\n|move|p2a: Breloom|Swords Dance|p2a: Breloom\n|-boost|p2a: Breloom|atk|2\n|\n|-heal|p1a: Zekrom|201/259 slp|[from] item: Leftovers\n|upkeep\n|turn|23\n|\n|t:|1781442044\n|-curestatus|p1a: Zekrom|slp|[msg]\n|move|p1a: Zekrom|Outrage|p2a: Breloom\n|-damage|p2a: Breloom|0 fnt\n|faint|p2a: Breloom\n|\n|-heal|p1a: Zekrom|217/259|[from] item: Leftovers\n|upkeep\n|-message|Lachrymose forfeited.\n|\n|win|olmek987\n", "inputlog": ">version a8376a258c1d4662feba110a92103f3664a72141\n>start {\"formatid\":\"gen9randombattle\",\"seed\":\"sodium,4d7cd779d52dd8306ce8891e98351cf9\",\"rated\":\"Rated battle\"}\n>player p1 {\"name\":\"olmek987\",\"avatar\":\"morty\",\"rating\":1974,\"seed\":\"sodium,122ef40c58d5a40056a2eac02c97ea65\"}\n>player p2 {\"name\":\"Lachrymose\",\"avatar\":\"169\",\"rating\":1988,\"seed\":\"sodium,487f87143956f63eb67605b8764694ab\"}\n>p1 move thunderwave\n>p2 move flipturn\n>p2 switch 5\n>p1 move psychicnoise\n>p2 move dragondance terastallize\n>p1 move thunderwave\n>p2 move wildcharge\n>p1 move megahorn\n>p2 move wildcharge\n>chat \u2606olmek987|how to not use tera\n>p2 switch 6\n>chat \u2606olmek987|really, this mechanic is op - use it wisely\n>p1 switch 5\n>p2 move xscissor\n>p1 move spikes\n>p2 switch 5\n>p1 move outrage\n>p2 move icebeam\n>p1 switch 3\n>p1 move thunderbolt\n>p2 switch 4\n>p1 move willowisp\n>p2 move revivalblessing\n>p2 switch 6\n>p1 move shadowball\n>p2 move doubleshock\n>p2 switch 3\n>p1 switch 2\n>p2 move fireblast\n>p1 move mightycleave\n>p2 move willowisp\n>p1 move swordsdance\n>p2 switch 6\n>p1 move closecombat\n>p2 move earthquake\n>p2 switch 4\n>p1 move mightycleave\n>p2 move flipturn\n>p2 switch 6\n>p1 switch 4\n>p1 move boltstrike\n>p2 move taunt\n>p2 switch 5\n>p1 switch 5\n>p2 move stoneaxe\n>p1 move thunderwave\n>p2 move xscissor\n>p1 switch 5\n>p1 move dragondance\n>p2 move xscissor\n>p1 move boltstrike\n>p2 switch 6\n>p2 switch 2\n>p1 move outrage\n>p2 move spore\n>p1 move outrage\n>p2 move swordsdance\n>p1 move outrage\n>p2 move swordsdance\n>forcelose p2", "uploadtime": 1781441769, "views": 8, "formatid": "gen9randombattle", "rating": null, "private": 0, "password": null}