{"id": "gen9randombattle-2631746073", "format": "[Gen 9] Random Battle", "players": ["no calc edzooto", "Mexx241"], "log": "|j|\u2606no calc edzooto\n|j|\u2606Mexx241\n|t:|1781432857\n|gametype|singles\n|player|p1|no calc edzooto|102|1695\n|player|p2|Mexx241|101|1717\n|gen|9\n|tier|[Gen 9] Random Battle\n|rated|\n|rule|Species Clause: Limit one of each Pok\u00e9mon\n|rule|HP Percentage Mod: HP is shown in percentages\n|rule|Sleep Clause Mod: Limit one foe put to sleep\n|rule|Illusion Level Mod: Illusion disguises the Pok\u00e9mon's true level\n|\n|t:|1781432857\n|teamsize|p1|6\n|teamsize|p2|6\n|start\n|switch|p1a: Darkrai|Darkrai, L77|234/234\n|switch|p2a: Alomomola|Alomomola, L87, M|429/429\n|turn|1\n|inactive|Battle timer is ON: inactive players will automatically lose when time's up. (requested by Mexx241)\n|\n|t:|1781432888\n|switch|p1a: Poliwrath|Poliwrath, L88, F|302/302\n|move|p2a: Alomomola|Flip Turn|p1a: Poliwrath\n|-resisted|p1a: Poliwrath\n|-damage|p1a: Poliwrath|278/302\n|\n|t:|1781432896\n|switch|p2a: Rotom|Rotom-Mow, L87|229/229|[from] Flip Turn\n|\n|upkeep\n|turn|2\n|\n|t:|1781432918\n|switch|p1a: Pincurchin|Pincurchin, F|258/258\n|-fieldstart|move: Electric Terrain|[from] ability: Electric Surge|[of] p1a: Pincurchin\n|move|p2a: Rotom|Will-O-Wisp|p1a: Pincurchin\n|-status|p1a: Pincurchin|brn\n|\n|-damage|p1a: Pincurchin|242/258 brn|[from] brn\n|upkeep\n|turn|3\n|\n|t:|1781432943\n|move|p2a: Rotom|Volt Switch|p1a: Pincurchin\n|-resisted|p1a: Pincurchin\n|-damage|p1a: Pincurchin|203/258 brn\n|\n|t:|1781432946\n|switch|p2a: Giratina|Giratina, L75|349/349|[from] Volt Switch\n|-ability|p2a: Giratina|Pressure\n|move|p1a: Pincurchin|Toxic Spikes|p2a: Giratina\n|-sidestart|p2: Mexx241|move: Toxic Spikes\n|\n|-heal|p1a: Pincurchin|219/258 brn|[from] item: Leftovers\n|-damage|p1a: Pincurchin|203/258 brn|[from] brn\n|upkeep\n|turn|4\n|\n|t:|1781432962\n|move|p2a: Giratina|Defog|p1a: Pincurchin\n|-unboost|p1a: Pincurchin|evasion|1\n|-sideend|p2: Mexx241|Toxic Spikes|[from] move: Defog|[of] p2a: Giratina\n|-fieldend|move: Electric Terrain\n|move|p1a: Pincurchin|Scald|p2a: Giratina\n|-resisted|p2a: Giratina\n|-damage|p2a: Giratina|317/349\n|\n|-heal|p2a: Giratina|338/349|[from] item: Leftovers\n|-heal|p1a: Pincurchin|219/258 brn|[from] item: Leftovers\n|-damage|p1a: Pincurchin|203/258 brn|[from] brn\n|upkeep\n|turn|5\n|\n|t:|1781432973\n|move|p1a: Pincurchin|Toxic Spikes|p2a: Giratina\n|-sidestart|p2: Mexx241|move: Toxic Spikes\n|move|p2a: Giratina|Dragon Tail|p1a: Pincurchin\n|-damage|p1a: Pincurchin|161/258 brn\n|drag|p1a: Poliwrath|Poliwrath, L88, F|278/302\n|\n|-heal|p2a: Giratina|349/349|[from] item: Leftovers\n|upkeep\n|turn|6\n|\n|t:|1781432983\n|move|p1a: Poliwrath|Knock Off|p2a: Giratina\n|-supereffective|p2a: Giratina\n|-damage|p2a: Giratina|193/349\n|-enditem|p2a: Giratina|Leftovers|[from] move: Knock Off|[of] p1a: Poliwrath\n|-damage|p1a: Poliwrath|248/302|[from] item: Life Orb\n|move|p2a: Giratina|Dragon Tail|p1a: Poliwrath\n|-damage|p1a: Poliwrath|199/302\n|drag|p1a: Pincurchin|Pincurchin, F|161/258 brn\n|-fieldstart|move: Electric Terrain|[from] ability: Electric Surge|[of] p1a: Pincurchin\n|\n|-heal|p1a: Pincurchin|177/258 brn|[from] item: Leftovers\n|-damage|p1a: Pincurchin|161/258 brn|[from] brn\n|upkeep\n|turn|7\n|\n|t:|1781433003\n|move|p1a: Pincurchin|Thunderbolt|p2a: Giratina\n|-resisted|p2a: Giratina\n|-damage|p2a: Giratina|125/349\n|move|p2a: Giratina|Dragon Tail|p1a: Pincurchin\n|-damage|p1a: Pincurchin|116/258 brn\n|drag|p1a: Vigoroth|Vigoroth, L85, F|275/275\n|\n|upkeep\n|turn|8\n|\n|t:|1781433025\n|switch|p1a: Pincurchin|Pincurchin, F|116/258 brn\n|move|p2a: Giratina|Rest||[still]\n|-activate|p2a: Giratina|move: Electric Terrain\n|-fail|p2a: Giratina\n|\n|-heal|p1a: Pincurchin|132/258 brn|[from] item: Leftovers\n|-damage|p1a: Pincurchin|116/258 brn|[from] brn\n|upkeep\n|turn|9\n|\n|t:|1781433047\n|switch|p2a: Rotom|Rotom-Mow, L87|229/229\n|move|p1a: Pincurchin|Recover|p1a: Pincurchin\n|-heal|p1a: Pincurchin|245/258 brn\n|\n|-heal|p1a: Pincurchin|258/258 brn|[from] item: Leftovers\n|-damage|p1a: Pincurchin|242/258 brn|[from] brn\n|upkeep\n|turn|10\n|\n|t:|1781433058\n|move|p2a: Rotom|Volt Switch|p1a: Pincurchin\n|-resisted|p1a: Pincurchin\n|-crit|p1a: Pincurchin\n|-damage|p1a: Pincurchin|192/258 brn\n|\n|t:|1781433062\n|switch|p2a: Giratina|Giratina, L75|125/349|[from] Volt Switch\n|-status|p2a: Giratina|psn\n|-ability|p2a: Giratina|Pressure\n|move|p1a: Pincurchin|Toxic Spikes|p2a: Giratina\n|-sidestart|p2: Mexx241|move: Toxic Spikes\n|\n|-heal|p1a: Pincurchin|208/258 brn|[from] item: Leftovers\n|-damage|p2a: Giratina|82/349 psn|[from] psn\n|-damage|p1a: Pincurchin|192/258 brn|[from] brn\n|-fieldend|move: Electric Terrain\n|upkeep\n|turn|11\n|inactive|no calc edzooto has 120 seconds left.\n|l|\u2606Mexx241\n|inactive|Mexx241 disconnected and has a minute to reconnect!\n|player|p2|\n|\n|t:|1781433108\n|switch|p1a: Poliwrath|Poliwrath, L88, F|199/302\n|move|p2a: Giratina|Rest|p2a: Giratina\n|-status|p2a: Giratina|slp|[from] move: Rest\n|-heal|p2a: Giratina|349/349 slp|[silent]\n|\n|upkeep\n|turn|12\n|inactive|Mexx241 has 30 seconds to reconnect!\n|inactive|Mexx241 has 20 seconds to reconnect!\n|inactive|Mexx241 has 15 seconds to reconnect!\n|inactive|Mexx241 has 10 seconds to reconnect!\n|inactive|Mexx241 has 5 seconds to reconnect!\n|-message|Mexx241 lost due to inactivity.\n|\n|win|no calc edzooto\n|raw|no calc edzooto's rating: 1695 &rarr; <strong>1716</strong><br />(+21 for winning)\n|raw|Mexx241's rating: 1717 &rarr; <strong>1696</strong><br />(-21 for losing)\n", "inputlog": ">version a8376a258c1d4662feba110a92103f3664a72141\n>start {\"formatid\":\"gen9randombattle\",\"seed\":\"sodium,b144106b245e6598c864b601d960f399\",\"rated\":\"Rated battle\"}\n>player p1 {\"name\":\"no calc edzooto\",\"avatar\":\"102\",\"rating\":1695,\"seed\":\"sodium,298152a3ba9ab0b39d02b6788e92bd80\"}\n>player p2 {\"name\":\"Mexx241\",\"avatar\":\"101\",\"rating\":1717,\"seed\":\"sodium,8cd30143cedc642154c767015b7423f5\"}\n>p1 switch 3\n>p2 move flipturn\n>p2 switch 3\n>p1 switch 5\n>p2 move willowisp\n>p1 move toxicspikes\n>p2 move voltswitch\n>p2 switch 6\n>p1 move scald\n>p2 move defog\n>p1 move toxicspikes\n>p2 move dragontail\n>p1 move knockoff\n>p2 move dragontail\n>p1 move thunderbolt\n>p2 move dragontail\n>p1 switch 6\n>p2 move rest\n>p1 move recover\n>p2 switch 6\n>p1 move toxicspikes\n>p2 move voltswitch\n>p2 switch 6\n>p1 switch 5\n>p2 move rest\n>forcelose p2", "uploadtime": 1781433170, "views": 4, "formatid": "gen9randombattle", "rating": 1696, "private": 0, "password": null}