{"id": "gen9randombattle-2631947533", "format": "[Gen 9] Random Battle", "players": ["LuxemBougie", "SR-Cue"], "log": "|j|\u203dLuxemBougie\n|j|\u2606SR-Cue\n|t:|1781458755\n|gametype|singles\n|player|p1|LuxemBougie|cynthia|1923\n|player|p2|SR-Cue|170|1942\n|gen|9\n|tier|[Gen 9] Random Battle\n|rated|\n|rule|Species Clause: Limit one of each Pok\u00e9mon\n|rule|HP Percentage Mod: HP is shown in percentages\n|rule|Sleep Clause Mod: Limit one foe put to sleep\n|rule|Illusion Level Mod: Illusion disguises the Pok\u00e9mon's true level\n|\n|t:|1781458755\n|teamsize|p1|6\n|teamsize|p2|6\n|start\n|switch|p1a: Conkeldurr|Conkeldurr, L80, F|299/299\n|switch|p2a: Registeel|Registeel, L81|262/262\n|turn|1\n|inactive|Battle timer is ON: inactive players will automatically lose when time's up. (requested by SR-Cue)\n|\n|t:|1781458779\n|switch|p2a: Lumineon|Lumineon, L93, F|279/279\n|move|p1a: Conkeldurr|Knock Off|p2a: Lumineon\n|-damage|p2a: Lumineon|195/279\n|-enditem|p2a: Lumineon|Heavy-Duty Boots|[from] move: Knock Off|[of] p1a: Conkeldurr\n|\n|-status|p1a: Conkeldurr|brn|[from] item: Flame Orb\n|upkeep\n|turn|2\n|\n|t:|1781458794\n|switch|p1a: Politoed|Politoed, L88, M|302/302\n|-weather|RainDance|[from] ability: Drizzle|[of] p1a: Politoed\n|move|p2a: Lumineon|Encore||[still]\n|-fail|p2a: Lumineon\n|\n|-weather|RainDance|[upkeep]\n|upkeep\n|turn|3\n|\n|t:|1781458805\n|move|p2a: Lumineon|Ice Beam|p1a: Politoed\n|-resisted|p1a: Politoed\n|-damage|p1a: Politoed|275/302\n|move|p1a: Politoed|Focus Blast|p2a: Lumineon|[miss]\n|-miss|p1a: Politoed|p2a: Lumineon\n|\n|-weather|RainDance|[upkeep]\n|upkeep\n|turn|4\n|\n|t:|1781458812\n|move|p2a: Lumineon|Encore|p1a: Politoed\n|-start|p1a: Politoed|Encore\n|move|p1a: Politoed|Focus Blast|p2a: Lumineon|[miss]\n|-miss|p1a: Politoed|p2a: Lumineon\n|\n|-weather|RainDance|[upkeep]\n|upkeep\n|turn|5\n|\n|t:|1781458820\n|switch|p2a: Mew|Mew, L82|298/298\n|move|p1a: Politoed|Focus Blast|p2a: Mew\n|-resisted|p2a: Mew\n|-damage|p2a: Mew|241/298\n|\n|-weather|RainDance|[upkeep]\n|-heal|p2a: Mew|259/298|[from] item: Leftovers\n|upkeep\n|turn|6\n|\n|t:|1781458830\n|switch|p1a: Suicune|Suicune, L82|298/298\n|-ability|p1a: Suicune|Pressure\n|move|p2a: Mew|Toxic Spikes|p1a: Suicune\n|-sidestart|p1: LuxemBougie|move: Toxic Spikes\n|\n|-weather|none\n|-heal|p2a: Mew|277/298|[from] item: Leftovers\n|upkeep\n|turn|7\n|\n|t:|1781458839\n|move|p2a: Mew|Knock Off|p1a: Suicune\n|-damage|p1a: Suicune|245/298\n|-enditem|p1a: Suicune|Leftovers|[from] move: Knock Off|[of] p2a: Mew\n|move|p1a: Suicune|Scald|p2a: Mew\n|-damage|p2a: Mew|210/298\n|\n|-heal|p2a: Mew|228/298|[from] item: Leftovers\n|upkeep\n|turn|8\n|\n|t:|1781458849\n|move|p2a: Mew|Toxic Spikes|p1a: Suicune\n|-sidestart|p1: LuxemBougie|move: Toxic Spikes\n|move|p1a: Suicune|Substitute|p1a: Suicune\n|-start|p1a: Suicune|Substitute\n|-damage|p1a: Suicune|171/298\n|\n|-heal|p2a: Mew|246/298|[from] item: Leftovers\n|upkeep\n|turn|9\n|\n|t:|1781458856\n|move|p2a: Mew|Psychic Noise|p1a: Suicune\n|-damage|p1a: Suicune|113/298\n|-start|p1a: Suicune|move: Heal Block\n|move|p1a: Suicune|Calm Mind|p1a: Suicune\n|-boost|p1a: Suicune|spa|1\n|-boost|p1a: Suicune|spd|1\n|\n|-heal|p2a: Mew|264/298|[from] item: Leftovers\n|upkeep\n|turn|10\n|\n|t:|1781458865\n|move|p2a: Mew|Psychic Noise|p1a: Suicune\n|-damage|p1a: Suicune|67/298\n|move|p1a: Suicune|Scald|p2a: Mew\n|-damage|p2a: Mew|152/298\n|\n|-heal|p2a: Mew|170/298|[from] item: Leftovers\n|-end|p1a: Suicune|move: Heal Block\n|upkeep\n|turn|11\n|\n|t:|1781458874\n|move|p2a: Mew|Psychic Noise|p1a: Suicune\n|-damage|p1a: Suicune|24/298\n|-start|p1a: Suicune|move: Heal Block\n|move|p1a: Suicune|Scald|p2a: Mew\n|-damage|p2a: Mew|61/298\n|\n|-heal|p2a: Mew|79/298|[from] item: Leftovers\n|upkeep\n|turn|12\n|\n|t:|1781458884\n|move|p2a: Mew|Psychic Noise|p1a: Suicune\n|-damage|p1a: Suicune|0 fnt\n|faint|p1a: Suicune\n|\n|-heal|p2a: Mew|97/298|[from] item: Leftovers\n|upkeep\n|\n|t:|1781458891\n|switch|p1a: Rhyperior|Rhyperior, L82, F|323/323\n|-status|p1a: Rhyperior|tox\n|turn|13\n|\n|t:|1781458900\n|move|p2a: Mew|Knock Off|p1a: Rhyperior\n|-damage|p1a: Rhyperior|275/323 tox\n|-enditem|p1a: Rhyperior|Assault Vest|[from] move: Knock Off|[of] p2a: Mew\n|move|p1a: Rhyperior|Earthquake|p2a: Mew\n|-damage|p2a: Mew|0 fnt\n|faint|p2a: Mew\n|\n|-damage|p1a: Rhyperior|255/323 tox|[from] psn\n|upkeep\n|\n|t:|1781458909\n|switch|p2a: Lumineon|Lumineon, L93, F|195/279\n|turn|14\n|\n|t:|1781458915\n|switch|p1a: Politoed|Politoed, L88, M|275/302\n|-status|p1a: Politoed|tox\n|-weather|RainDance|[from] ability: Drizzle|[of] p1a: Politoed\n|move|p2a: Lumineon|Hydro Pump|p1a: Politoed\n|-resisted|p1a: Politoed\n|-damage|p1a: Politoed|198/302 tox\n|\n|-weather|RainDance|[upkeep]\n|-damage|p1a: Politoed|180/302 tox|[from] psn\n|upkeep\n|turn|15\n|\n|t:|1781458925\n|move|p2a: Lumineon|Hydro Pump|p1a: Politoed\n|-resisted|p1a: Politoed\n|-damage|p1a: Politoed|110/302 tox\n|move|p1a: Politoed|Focus Blast|p2a: Lumineon|[miss]\n|-miss|p1a: Politoed|p2a: Lumineon\n|\n|-weather|RainDance|[upkeep]\n|-damage|p1a: Politoed|74/302 tox|[from] psn\n|upkeep\n|turn|16\n|\n|t:|1781458933\n|move|p2a: Lumineon|Ice Beam|p1a: Politoed\n|-resisted|p1a: Politoed\n|-damage|p1a: Politoed|48/302 tox\n|move|p1a: Politoed|Focus Blast|p2a: Lumineon\n|-damage|p2a: Lumineon|69/279\n|\n|-weather|RainDance|[upkeep]\n|-damage|p1a: Politoed|0 fnt|[from] psn\n|faint|p1a: Politoed\n|upkeep\n|\n|t:|1781458942\n|switch|p1a: Conkeldurr|Conkeldurr, L80, F|299/299 brn\n|turn|17\n|\n|t:|1781458953\n|move|p1a: Conkeldurr|Mach Punch|p2a: Lumineon\n|-damage|p2a: Lumineon|0 fnt\n|faint|p2a: Lumineon\n|\n|-weather|RainDance|[upkeep]\n|-damage|p1a: Conkeldurr|281/299 brn|[from] brn\n|upkeep\n|\n|t:|1781458971\n|switch|p2a: Armarouge|Armarouge, L80, M|267/267\n|turn|18\n|\n|t:|1781458977\n|switch|p1a: Scrafty|Scrafty, L83, M|244/244\n|-status|p1a: Scrafty|tox\n|-terastallize|p2a: Armarouge|Grass\n|move|p2a: Armarouge|Meteor Beam||[still]\n|-prepare|p2a: Armarouge|Meteor Beam\n|-boost|p2a: Armarouge|spa|1\n|-enditem|p2a: Armarouge|Power Herb\n|-anim|p2a: Armarouge|Meteor Beam|p1a: Scrafty\n|-resisted|p1a: Scrafty\n|-damage|p1a: Scrafty|183/244 tox\n|\n|-weather|none\n|-heal|p1a: Scrafty|198/244 tox|[from] item: Leftovers\n|-damage|p1a: Scrafty|183/244 tox|[from] psn\n|upkeep\n|turn|19\n|\n|t:|1781458993\n|move|p2a: Armarouge|Armor Cannon|p1a: Scrafty\n|-damage|p1a: Scrafty|0 fnt\n|-unboost|p2a: Armarouge|def|1\n|-unboost|p2a: Armarouge|spd|1\n|faint|p1a: Scrafty\n|\n|upkeep\n|l|\u203dLuxemBougie\n|inactive|LuxemBougie disconnected and has a minute to reconnect!\n|player|p1|\n|inactive|LuxemBougie has 30 seconds to reconnect!\n|inactive|LuxemBougie has 20 seconds to reconnect!\n|inactive|LuxemBougie has 15 seconds to reconnect!\n|inactive|LuxemBougie has 10 seconds to reconnect!\n|inactive|LuxemBougie has 5 seconds to reconnect!\n|-message|LuxemBougie lost due to inactivity.\n|\n|win|SR-Cue\n", "inputlog": ">version a8376a258c1d4662feba110a92103f3664a72141\n>start {\"formatid\":\"gen9randombattle\",\"seed\":\"sodium,fef634e517039389037727ce95d6a16e\",\"rated\":\"Rated battle\"}\n>player p1 {\"name\":\"LuxemBougie\",\"avatar\":\"cynthia\",\"rating\":1923,\"seed\":\"sodium,50ca9cbd1e4b829431242125ca5c7ee0\"}\n>player p2 {\"name\":\"SR-Cue\",\"avatar\":\"170\",\"rating\":1942,\"seed\":\"sodium,c90feb727f81d446c41956ecd2566dee\"}\n>p1 move knockoff\n>p2 switch 5\n>p1 switch 3\n>p2 move encore\n>p1 move focusblast\n>p2 move icebeam\n>p1 move focusblast\n>p2 move encore\n>p1 move focusblast\n>p2 switch 6\n>p1 switch 5\n>p2 move toxicspikes\n>p1 move scald\n>p2 move knockoff\n>p1 move substitute\n>p2 move toxicspikes\n>p1 move calmmind\n>p2 move psychicnoise\n>p1 move scald\n>p2 move psychicnoise\n>p1 move scald\n>p2 move psychicnoise\n>p1 move scald\n>p2 move psychicnoise\n>p1 switch 2\n>p1 move earthquake\n>p2 move knockoff\n>p2 switch 6\n>p1 switch 5\n>p2 move hydropump\n>p1 move focusblast\n>p2 move hydropump\n>p1 move focusblast\n>p2 move icebeam\n>p1 switch 3\n>p1 move machpunch\n>p2 move hydropump\n>p2 switch 4\n>p1 switch 4\n>p2 move meteorbeam terastallize\n>p1 move drainpunch\n>p2 move armorcannon\n>forcelose p1", "uploadtime": 1781458757, "views": 4, "formatid": "gen9randombattle", "rating": null, "private": 0, "password": null}