{"id": "gen9randombattle-2631748118", "format": "[Gen 9] Random Battle", "players": ["mikinyan09", "rufine"], "log": "|j|\u2606mikinyan09\n|j|\u2606rufine\n|t:|1781433214\n|gametype|singles\n|player|p1|mikinyan09|170|1062\n|player|p2|rufine|170|1078\n|gen|9\n|tier|[Gen 9] Random Battle\n|rated|\n|rule|Species Clause: Limit one of each Pok\u00e9mon\n|rule|HP Percentage Mod: HP is shown in percentages\n|rule|Sleep Clause Mod: Limit one foe put to sleep\n|rule|Illusion Level Mod: Illusion disguises the Pok\u00e9mon's true level\n|\n|t:|1781433214\n|teamsize|p1|6\n|teamsize|p2|6\n|start\n|switch|p1a: Lycanroc|Lycanroc-Midnight, L89, M|296/296\n|switch|p2a: Weezing|Weezing, L88, M|258/258\n|turn|1\n|inactive|Battle timer is ON: inactive players will automatically lose when time's up. (requested by mikinyan09)\n|\n|t:|1781433241\n|move|p1a: Lycanroc|Stone Edge|p2a: Weezing\n|-damage|p2a: Weezing|125/258\n|-damage|p1a: Lycanroc|267/296|[from] item: Life Orb\n|move|p2a: Weezing|Will-O-Wisp|p1a: Lycanroc\n|-status|p1a: Lycanroc|brn\n|\n|-heal|p2a: Weezing|141/258|[from] item: Leftovers\n|-damage|p1a: Lycanroc|249/296 brn|[from] brn\n|upkeep\n|turn|2\n|\n|t:|1781433252\n|move|p1a: Lycanroc|Stone Edge|p2a: Weezing\n|-damage|p2a: Weezing|75/258\n|-damage|p1a: Lycanroc|220/296 brn|[from] item: Life Orb\n|move|p2a: Weezing|Gunk Shot|p1a: Lycanroc\n|-resisted|p1a: Lycanroc\n|-damage|p1a: Lycanroc|151/296 brn\n|\n|-heal|p2a: Weezing|91/258|[from] item: Leftovers\n|-damage|p1a: Lycanroc|133/296 brn|[from] brn\n|upkeep\n|turn|3\n|\n|t:|1781433270\n|move|p1a: Lycanroc|Sucker Punch|p2a: Weezing\n|-damage|p2a: Weezing|59/258\n|-damage|p1a: Lycanroc|104/296 brn|[from] item: Life Orb\n|move|p2a: Weezing|Gunk Shot|p1a: Lycanroc\n|-resisted|p1a: Lycanroc\n|-damage|p1a: Lycanroc|38/296 brn\n|\n|-heal|p2a: Weezing|75/258|[from] item: Leftovers\n|-damage|p1a: Lycanroc|20/296 brn|[from] brn\n|upkeep\n|turn|4\n|\n|t:|1781433283\n|move|p1a: Lycanroc|Close Combat|p2a: Weezing\n|-resisted|p2a: Weezing\n|-damage|p2a: Weezing|46/258\n|-unboost|p1a: Lycanroc|def|1\n|-unboost|p1a: Lycanroc|spd|1\n|-damage|p1a: Lycanroc|0 fnt|[from] item: Life Orb\n|faint|p1a: Lycanroc\n|move|p2a: Weezing|Gunk Shot|p1: Lycanroc|[notarget]\n|-fail|p2a: Weezing\n|\n|-heal|p2a: Weezing|62/258|[from] item: Leftovers\n|upkeep\n|\n|t:|1781433291\n|switch|p1a: Mandibuzz|Mandibuzz, L85, F|326/326\n|turn|5\n|inactive|rufine has 120 seconds left.\n|\n|t:|1781433327\n|move|p1a: Mandibuzz|Foul Play|p2a: Weezing\n|-damage|p2a: Weezing|0 fnt\n|faint|p2a: Weezing\n|\n|upkeep\n|\n|t:|1781433344\n|switch|p2a: Flamigo|Flamigo, L82, M|269/269\n|turn|6\n|\n|t:|1781433367\n|move|p2a: Flamigo|Close Combat|p1a: Mandibuzz\n|-damage|p1a: Mandibuzz|200/326\n|-unboost|p2a: Flamigo|def|1\n|-unboost|p2a: Flamigo|spd|1\n|move|p1a: Mandibuzz|Brave Bird|p2a: Flamigo\n|-supereffective|p2a: Flamigo\n|-damage|p2a: Flamigo|0 fnt\n|faint|p2a: Flamigo\n|-damage|p1a: Mandibuzz|111/326|[from] Recoil\n|\n|upkeep\n|\n|t:|1781433381\n|switch|p2a: Espathra|Espathra, L80, F|283/283\n|turn|7\n|\n|t:|1781433391\n|move|p2a: Espathra|Dazzling Gleam|p1a: Mandibuzz\n|-supereffective|p1a: Mandibuzz\n|-damage|p1a: Mandibuzz|0 fnt\n|faint|p1a: Mandibuzz\n|\n|-ability|p2a: Espathra|Speed Boost|boost\n|-boost|p2a: Espathra|spe|1\n|upkeep\n|\n|t:|1781433420\n|switch|p1a: Salazzle|Salazzle, L83, F|249/249\n|turn|8\n|\n|t:|1781433438\n|move|p2a: Espathra|Dazzling Gleam|p1a: Salazzle\n|-resisted|p1a: Salazzle\n|-damage|p1a: Salazzle|221/249\n|move|p1a: Salazzle|Toxic|p2a: Espathra\n|-status|p2a: Espathra|tox\n|\n|-heal|p1a: Salazzle|236/249|[from] item: Leftovers\n|-damage|p2a: Espathra|266/283 tox|[from] psn\n|-ability|p2a: Espathra|Speed Boost|boost\n|-boost|p2a: Espathra|spe|1\n|upkeep\n|turn|9\n|\n|t:|1781433451\n|move|p2a: Espathra|Dazzling Gleam|p1a: Salazzle\n|-resisted|p1a: Salazzle\n|-damage|p1a: Salazzle|210/249\n|move|p1a: Salazzle|Flamethrower|p2a: Espathra\n|-damage|p2a: Espathra|122/283 tox\n|\n|-heal|p1a: Salazzle|225/249|[from] item: Leftovers\n|-damage|p2a: Espathra|88/283 tox|[from] psn\n|-ability|p2a: Espathra|Speed Boost|boost\n|-boost|p2a: Espathra|spe|1\n|upkeep\n|turn|10\n|\n|t:|1781433465\n|move|p2a: Espathra|Dazzling Gleam|p1a: Salazzle\n|-resisted|p1a: Salazzle\n|-damage|p1a: Salazzle|197/249\n|move|p1a: Salazzle|Flamethrower|p2a: Espathra\n|-crit|p2a: Espathra\n|-damage|p2a: Espathra|0 fnt\n|faint|p2a: Espathra\n|\n|-heal|p1a: Salazzle|212/249|[from] item: Leftovers\n|upkeep\n|\n|t:|1781433480\n|switch|p2a: Spiritomb|Spiritomb, L89, F|234/234\n|turn|11\n|\n|t:|1781433489\n|move|p2a: Spiritomb|Shadow Sneak|p1a: Salazzle\n|-damage|p1a: Salazzle|145/249\n|move|p1a: Salazzle|Toxic|p2a: Spiritomb\n|-status|p2a: Spiritomb|tox\n|\n|-heal|p1a: Salazzle|160/249|[from] item: Leftovers\n|-damage|p2a: Spiritomb|220/234 tox|[from] psn\n|upkeep\n|turn|12\n|\n|t:|1781433500\n|move|p1a: Salazzle|Flamethrower|p2a: Spiritomb\n|-damage|p2a: Spiritomb|135/234 tox\n|move|p2a: Spiritomb|Will-O-Wisp|p1a: Salazzle\n|-immune|p1a: Salazzle\n|\n|-heal|p1a: Salazzle|175/249|[from] item: Leftovers\n|-heal|p2a: Spiritomb|149/234 tox|[from] item: Leftovers\n|-damage|p2a: Spiritomb|121/234 tox|[from] psn\n|upkeep\n|turn|13\n|inactive|rufine has 90 seconds left.\n|\n|t:|1781433529\n|move|p1a: Salazzle|Flamethrower|p2a: Spiritomb\n|-damage|p2a: Spiritomb|39/234 tox\n|move|p2a: Spiritomb|Foul Play|p1a: Salazzle\n|-damage|p1a: Salazzle|99/249\n|\n|-heal|p1a: Salazzle|114/249|[from] item: Leftovers\n|-heal|p2a: Spiritomb|53/234 tox|[from] item: Leftovers\n|-damage|p2a: Spiritomb|11/234 tox|[from] psn\n|upkeep\n|turn|14\n|inactive|rufine has 90 seconds left.\n|\n|t:|1781433563\n|move|p1a: Salazzle|Protect|p1a: Salazzle\n|-singleturn|p1a: Salazzle|Protect\n|move|p2a: Spiritomb|Poltergeist|p1a: Salazzle\n|-activate|p1a: Salazzle|move: Protect\n|\n|-heal|p1a: Salazzle|129/249|[from] item: Leftovers\n|-heal|p2a: Spiritomb|25/234 tox|[from] item: Leftovers\n|-damage|p2a: Spiritomb|0 fnt|[from] psn\n|faint|p2a: Spiritomb\n|upkeep\n|inactive|rufine has 60 seconds left.\n|\n|t:|1781433576\n|switch|p2a: Amoonguss|Amoonguss, L82, F|321/321\n|turn|15\n|\n|t:|1781433583\n|move|p1a: Salazzle|Flamethrower|p2a: Amoonguss\n|-supereffective|p2a: Amoonguss\n|-damage|p2a: Amoonguss|99/321\n|move|p2a: Amoonguss|Stomping Tantrum|p1a: Salazzle\n|-supereffective|p1a: Salazzle\n|-damage|p1a: Salazzle|0 fnt\n|faint|p1a: Salazzle\n|\n|upkeep\n|\n|t:|1781433600\n|switch|p1a: Lanturn|Lanturn, L89, F|367/367\n|turn|16\n|\n|t:|1781433612\n|move|p1a: Lanturn|Thunder Wave|p2a: Amoonguss\n|-status|p2a: Amoonguss|par\n|move|p2a: Amoonguss|Giga Drain|p1a: Lanturn\n|-supereffective|p1a: Lanturn\n|-damage|p1a: Lanturn|211/367\n|-heal|p2a: Amoonguss|177/321 par|[from] drain|[of] p1a: Lanturn\n|\n|upkeep\n|turn|17\n|\n|t:|1781433621\n|move|p1a: Lanturn|Scald|p2a: Amoonguss\n|-resisted|p2a: Amoonguss\n|-damage|p2a: Amoonguss|137/321 par\n|move|p2a: Amoonguss|Giga Drain|p1a: Lanturn\n|-supereffective|p1a: Lanturn\n|-damage|p1a: Lanturn|77/367\n|-heal|p2a: Amoonguss|204/321 par|[from] drain|[of] p1a: Lanturn\n|\n|upkeep\n|turn|18\n|\n|t:|1781433632\n|move|p1a: Lanturn|Scald|p2a: Amoonguss\n|-resisted|p2a: Amoonguss\n|-damage|p2a: Amoonguss|159/321 par\n|cant|p2a: Amoonguss|par\n|\n|upkeep\n|turn|19\n|\n|t:|1781433639\n|move|p1a: Lanturn|Scald|p2a: Amoonguss\n|-resisted|p2a: Amoonguss\n|-damage|p2a: Amoonguss|116/321 par\n|move|p2a: Amoonguss|Giga Drain|p1a: Lanturn\n|-supereffective|p1a: Lanturn\n|-damage|p1a: Lanturn|0 fnt\n|-heal|p2a: Amoonguss|155/321 par|[from] drain|[of] p1a: Lanturn\n|faint|p1a: Lanturn\n|\n|upkeep\n|\n|t:|1781433648\n|switch|p1a: Comfey|Comfey, L85, F|225/225\n|turn|20\n|inactive|rufine has 90 seconds left.\n|\n|t:|1781433660\n|move|p1a: Comfey|Tera Blast|p2a: Amoonguss\n|-damage|p2a: Amoonguss|102/321 par\n|move|p2a: Amoonguss|Sludge Bomb|p1a: Comfey\n|-supereffective|p1a: Comfey\n|-damage|p1a: Comfey|93/225\n|\n|-heal|p1a: Comfey|107/225|[from] item: Leftovers\n|upkeep\n|turn|21\n|\n|t:|1781433670\n|move|p1a: Comfey|Calm Mind|p1a: Comfey\n|-boost|p1a: Comfey|spa|1\n|-boost|p1a: Comfey|spd|1\n|move|p2a: Amoonguss|Sludge Bomb|p1a: Comfey\n|-supereffective|p1a: Comfey\n|-damage|p1a: Comfey|21/225\n|-status|p1a: Comfey|psn\n|\n|-heal|p1a: Comfey|35/225 psn|[from] item: Leftovers\n|-damage|p1a: Comfey|7/225 psn|[from] psn\n|upkeep\n|turn|22\n|\n|t:|1781433681\n|move|p1a: Comfey|Giga Drain|p2a: Amoonguss\n|-resisted|p2a: Amoonguss\n|-damage|p2a: Amoonguss|84/321 par\n|-heal|p1a: Comfey|16/225 psn|[from] drain|[of] p2a: Amoonguss\n|move|p2a: Amoonguss|Giga Drain|p1a: Comfey\n|-damage|p1a: Comfey|0 fnt\n|-heal|p2a: Amoonguss|92/321 par|[from] drain|[of] p1a: Comfey\n|faint|p1a: Comfey\n|\n|upkeep\n|\n|t:|1781433684\n|switch|p1a: Crabominable|Crabominable, L90, F|321/321\n|turn|23\n|inactive|rufine has 90 seconds left.\n|\n|t:|1781433725\n|-terastallize|p1a: Crabominable|Ground\n|move|p1a: Crabominable|Ice Hammer|p2a: Amoonguss\n|-supereffective|p2a: Amoonguss\n|-damage|p2a: Amoonguss|0 fnt\n|-unboost|p1a: Crabominable|spe|1\n|-damage|p1a: Crabominable|268/321|[from] item: Rocky Helmet|[of] p2a: Amoonguss\n|faint|p2a: Amoonguss\n|\n|upkeep\n|\n|t:|1781433734\n|switch|p2a: Rayquaza|Rayquaza, L72|270/270\n|-ability|p2a: Rayquaza|Air Lock\n|turn|24\n|inactive|rufine has 60 seconds left.\n|\n|t:|1781433761\n|move|p2a: Rayquaza|Dragon Ascent|p1a: Crabominable\n|-damage|p1a: Crabominable|121/321\n|-unboost|p2a: Rayquaza|def|1\n|-unboost|p2a: Rayquaza|spd|1\n|move|p1a: Crabominable|Ice Hammer|p2a: Rayquaza\n|-supereffective|p2a: Rayquaza\n|-damage|p2a: Rayquaza|0 fnt\n|-unboost|p1a: Crabominable|spe|1\n|faint|p2a: Rayquaza\n|\n|win|mikinyan09\n|raw|mikinyan09's rating: 1062 &rarr; <strong>1094</strong><br />(+32 for winning)\n|raw|rufine's rating: 1078 &rarr; <strong>1055</strong><br />(-23 for losing)\n", "inputlog": ">version a8376a258c1d4662feba110a92103f3664a72141\n>start {\"formatid\":\"gen9randombattle\",\"seed\":\"sodium,7c0ed967a73e754a1ae83fd7788d032a\",\"rated\":\"Rated battle\"}\n>player p1 {\"name\":\"mikinyan09\",\"avatar\":\"170\",\"rating\":1062,\"seed\":\"sodium,f2c12bd686c53a8aac1391a02d5aa99a\"}\n>player p2 {\"name\":\"rufine\",\"avatar\":\"170\",\"rating\":1078,\"seed\":\"sodium,abaa780782a103be89fd8eb5a7fb61c0\"}\n>p1 move stoneedge\n>p2 move willowisp\n>p1 move stoneedge\n>p2 move gunkshot\n>p1 move suckerpunch\n>p2 move gunkshot\n>p1 move closecombat\n>p2 move gunkshot\n>p1 switch 2\n>p1 move foulplay\n>p2 move willowisp\n>p2 switch 2\n>p1 move bravebird\n>p2 move closecombat\n>p2 switch 6\n>p1 move roost\n>p2 move dazzlinggleam\n>p1 switch 5\n>p1 move toxic\n>p2 move dazzlinggleam\n>p1 move flamethrower\n>p2 move dazzlinggleam\n>p1 move flamethrower\n>p2 move dazzlinggleam\n>p2 switch 4\n>p1 move toxic\n>p2 move shadowsneak\n>p1 move flamethrower\n>p2 move willowisp\n>p1 move flamethrower\n>p2 move foulplay\n>p1 move protect\n>p2 move poltergeist\n>p2 switch 5\n>p1 move flamethrower\n>p2 move stompingtantrum\n>p1 switch 4\n>p1 move thunderwave\n>p2 move gigadrain\n>p1 move scald\n>p2 move gigadrain\n>p1 move scald\n>p2 move gigadrain\n>p1 move scald\n>p2 move gigadrain\n>p1 switch 3\n>p1 move terablast\n>p2 move sludgebomb\n>p1 move calmmind\n>p2 move sludgebomb\n>p1 move gigadrain\n>p2 move gigadrain\n>p1 switch 6\n>p1 move icehammer terastallize\n>p2 move sludgebomb\n>p2 switch 3\n>p1 move icehammer\n>p2 move dragonascent", "uploadtime": 1781433770, "views": 7, "formatid": "gen9randombattle", "rating": 1055, "private": 0, "password": null}