{"id": "gen9randombattle-2631612414", "format": "[Gen 9] Random Battle", "players": ["Blooodfooort", "Ara Ara Armin"], "log": "|j|\u2606Blooodfooort\n|j|\u2606Ara Ara Armin\n|t:|1781408792\n|gametype|singles\n|player|p1|Blooodfooort|101|1942\n|player|p2|Ara Ara Armin|102|1961\n|gen|9\n|tier|[Gen 9] Random Battle\n|rated|\n|rule|Species Clause: Limit one of each Pok\u00e9mon\n|rule|HP Percentage Mod: HP is shown in percentages\n|rule|Sleep Clause Mod: Limit one foe put to sleep\n|rule|Illusion Level Mod: Illusion disguises the Pok\u00e9mon's true level\n|\n|t:|1781408792\n|teamsize|p1|6\n|teamsize|p2|6\n|start\n|switch|p1a: Dugtrio|Dugtrio-Alola, L84, M|196/196\n|switch|p2a: Lunala|Lunala, L70|308/308\n|turn|1\n|inactive|Battle timer is ON: inactive players will automatically lose when time's up. (requested by Ara Ara Armin)\n|\n|t:|1781408808\n|switch|p1a: Greninja|Greninja, L80, M|246/246\n|move|p2a: Lunala|Moongeist Beam|p1a: Greninja\n|-resisted|p1a: Greninja\n|-damage|p1a: Greninja|183/246\n|\n|upkeep\n|turn|2\n|\n|t:|1781408836\n|switch|p2a: Tornadus|Tornadus-Therian, L79, M|254/254\n|move|p1a: Greninja|Toxic Spikes|p2a: Tornadus\n|-start|p1a: Greninja|typechange|Poison|[from] ability: Protean\n|-sidestart|p2: Ara Ara Armin|move: Toxic Spikes\n|\n|upkeep\n|turn|3\n|\n|t:|1781408846\n|switch|p1a: Zekrom|Zekrom, L71|259/259\n|-ability|p1a: Zekrom|Teravolt\n|move|p2a: Tornadus|Knock Off|p1a: Zekrom\n|-damage|p1a: Zekrom|201/259\n|-enditem|p1a: Zekrom|Leftovers|[from] move: Knock Off|[of] p2a: Tornadus\n|\n|upkeep\n|turn|4\n|\n|t:|1781408854\n|move|p2a: Tornadus|U-turn|p1a: Zekrom\n|-damage|p1a: Zekrom|156/259\n|\n|t:|1781408862\n|switch|p2a: Regidrago|Regidrago, L77|435/435|[from] U-turn\n|-status|p2a: Regidrago|psn\n|move|p1a: Zekrom|Dragon Dance|p1a: Zekrom\n|-boost|p1a: Zekrom|atk|1\n|-boost|p1a: Zekrom|spe|1\n|\n|-damage|p2a: Regidrago|381/435 psn|[from] psn\n|upkeep\n|turn|5\n|inactive|Blooodfooort has 120 seconds left.\n|\n|t:|1781408899\n|move|p1a: Zekrom|Substitute|p1a: Zekrom\n|-start|p1a: Zekrom|Substitute\n|-damage|p1a: Zekrom|92/259\n|move|p2a: Regidrago|Outrage|p1a: Zekrom\n|-supereffective|p1a: Zekrom\n|-end|p1a: Zekrom|Substitute\n|\n|-damage|p2a: Regidrago|327/435 psn|[from] psn\n|upkeep\n|turn|6\n|\n|t:|1781408905\n|move|p1a: Zekrom|Outrage|p2a: Regidrago\n|-supereffective|p2a: Regidrago\n|-damage|p2a: Regidrago|0 fnt\n|faint|p2a: Regidrago\n|\n|upkeep\n|\n|t:|1781408921\n|switch|p2a: Lunala|Lunala, L70|308/308\n|-status|p2a: Lunala|psn\n|turn|7\n|inactive|Blooodfooort has 120 seconds left.\n|\n|t:|1781408943\n|move|p1a: Zekrom|Outrage|p2a: Lunala|[from] lockedmove\n|-damage|p2a: Lunala|200/308 psn\n|move|p2a: Lunala|Moongeist Beam|p1a: Zekrom\n|-damage|p1a: Zekrom|0 fnt\n|faint|p1a: Zekrom\n|\n|-heal|p2a: Lunala|219/308 psn|[from] item: Leftovers\n|-damage|p2a: Lunala|181/308 psn|[from] psn\n|upkeep\n|inactive|Blooodfooort has 120 seconds left.\n|\n|t:|1781408949\n|switch|p1a: Glastrier|Glastrier, L86|311/311\n|turn|8\n|\n|t:|1781408961\n|switch|p2a: Floatzel|Floatzel, L86, F|286/286\n|-status|p2a: Floatzel|psn\n|move|p1a: Glastrier|Icicle Crash|p2a: Floatzel\n|-resisted|p2a: Floatzel\n|-damage|p2a: Floatzel|156/286 psn\n|\n|-heal|p2a: Floatzel|173/286 psn|[from] item: Leftovers\n|-damage|p2a: Floatzel|138/286 psn|[from] psn\n|upkeep\n|turn|9\n|inactive|Blooodfooort has 120 seconds left.\n|\n|t:|1781408982\n|switch|p1a: Groudon|Groudon, L72|263/263\n|-weather|SunnyDay|[from] ability: Drought|[of] p1a: Groudon\n|move|p2a: Floatzel|Bulk Up|p2a: Floatzel\n|-boost|p2a: Floatzel|atk|1\n|-boost|p2a: Floatzel|def|1\n|\n|-weather|SunnyDay|[upkeep]\n|-heal|p2a: Floatzel|155/286 psn|[from] item: Leftovers\n|-damage|p2a: Floatzel|120/286 psn|[from] psn\n|upkeep\n|turn|10\n|\n|t:|1781408991\n|switch|p1a: Corviknight|Corviknight, L80, F|288/288\n|-ability|p1a: Corviknight|Pressure\n|move|p2a: Floatzel|Wave Crash|p1a: Corviknight\n|-damage|p1a: Corviknight|192/288\n|-damage|p2a: Floatzel|73/286 psn|[from] item: Rocky Helmet|[of] p1a: Corviknight\n|-damage|p2a: Floatzel|41/286 psn|[from] Recoil\n|\n|-weather|SunnyDay|[upkeep]\n|-heal|p2a: Floatzel|58/286 psn|[from] item: Leftovers\n|-damage|p2a: Floatzel|23/286 psn|[from] psn\n|upkeep\n|turn|11\n|\n|t:|1781408998\n|move|p2a: Floatzel|Taunt|p1a: Corviknight\n|-start|p1a: Corviknight|move: Taunt\n|cant|p1a: Corviknight|move: Taunt|Roost\n|\n|-weather|SunnyDay|[upkeep]\n|-heal|p2a: Floatzel|40/286 psn|[from] item: Leftovers\n|-damage|p2a: Floatzel|5/286 psn|[from] psn\n|upkeep\n|turn|12\n|\n|t:|1781409004\n|move|p2a: Floatzel|Wave Crash|p1a: Corviknight\n|-damage|p1a: Corviknight|93/288\n|-damage|p2a: Floatzel|0 fnt|[from] item: Rocky Helmet|[of] p1a: Corviknight\n|faint|p2a: Floatzel\n|move|p1a: Corviknight|U-turn|p2: Floatzel|[notarget]\n|-fail|p1a: Corviknight\n|\n|-weather|SunnyDay|[upkeep]\n|upkeep\n|\n|t:|1781409013\n|switch|p2a: Lunala|Lunala, L70|181/308 psn\n|turn|13\n|\n|t:|1781409015\n|switch|p1a: Greninja|Greninja, L80, M|183/246\n|move|p2a: Lunala|Moongeist Beam|p1a: Greninja\n|-resisted|p1a: Greninja\n|-damage|p1a: Greninja|117/246\n|\n|-weather|none\n|-heal|p2a: Lunala|200/308 psn|[from] item: Leftovers\n|-damage|p2a: Lunala|162/308 psn|[from] psn\n|upkeep\n|turn|14\n|\n|t:|1781409030\n|switch|p2a: Mienshao|Mienshao, L83, M|244/244\n|-status|p2a: Mienshao|psn\n|move|p1a: Greninja|Dark Pulse|p2a: Mienshao\n|-start|p1a: Greninja|typechange|Dark|[from] ability: Protean\n|-resisted|p2a: Mienshao\n|-damage|p2a: Mienshao|196/244 psn\n|-damage|p1a: Greninja|93/246|[from] item: Life Orb\n|\n|-damage|p2a: Mienshao|166/244 psn|[from] psn\n|upkeep\n|turn|15\n|\n|t:|1781409036\n|move|p1a: Greninja|Hydro Pump|p2a: Mienshao\n|-damage|p2a: Mienshao|75/244 psn\n|-damage|p1a: Greninja|69/246|[from] item: Life Orb\n|move|p2a: Mienshao|U-turn|p1a: Greninja\n|-supereffective|p1a: Greninja\n|-damage|p1a: Greninja|0 fnt\n|faint|p1a: Greninja\n|\n|t:|1781409041\n|switch|p2a: Tornadus|Tornadus-Therian, L79, M|254/254|[from] U-turn\n|\n|upkeep\n|\n|t:|1781409044\n|switch|p1a: Glastrier|Glastrier, L86|311/311\n|turn|16\n|inactive|Ara Ara Armin has 120 seconds left.\n|\n|t:|1781409087\n|-terastallize|p2a: Tornadus|Steel\n|move|p2a: Tornadus|Heat Wave|p1a: Glastrier\n|-supereffective|p1a: Glastrier\n|-damage|p1a: Glastrier|199/311\n|-status|p1a: Glastrier|brn\n|move|p1a: Glastrier|Icicle Crash|p2a: Tornadus\n|-resisted|p2a: Tornadus\n|-damage|p2a: Tornadus|202/254\n|\n|-damage|p1a: Glastrier|180/311 brn|[from] brn\n|upkeep\n|turn|17\n|\n|t:|1781409105\n|move|p2a: Tornadus|Knock Off|p1a: Glastrier\n|-crit|p1a: Glastrier\n|-damage|p1a: Glastrier|113/311 brn\n|-enditem|p1a: Glastrier|Choice Band|[from] move: Knock Off|[of] p2a: Tornadus\n|move|p1a: Glastrier|Icicle Crash|p2a: Tornadus\n|-resisted|p2a: Tornadus\n|-damage|p2a: Tornadus|164/254\n|\n|-damage|p1a: Glastrier|94/311 brn|[from] brn\n|upkeep\n|turn|18\n|inactive|Ara Ara Armin has 120 seconds left.\n|\n|t:|1781409112\n|move|p2a: Tornadus|Heat Wave|p1a: Glastrier\n|-supereffective|p1a: Glastrier\n|-damage|p1a: Glastrier|0 fnt\n|faint|p1a: Glastrier\n|\n|upkeep\n|\n|t:|1781409120\n|switch|p1a: Dugtrio|Dugtrio-Alola, L84, M|196/196\n|turn|19\n|\n|t:|1781409124\n|move|p2a: Tornadus|U-turn|p1a: Dugtrio\n|-resisted|p1a: Dugtrio\n|-damage|p1a: Dugtrio|164/196\n|-ability|p1a: Dugtrio|Tangling Hair\n|-unboost|p2a: Tornadus|spe|1\n|\n|t:|1781409129\n|switch|p2a: Lunala|Lunala, L70|162/308 psn|[from] U-turn\n|move|p1a: Dugtrio|Earthquake|p2a: Lunala\n|-damage|p2a: Lunala|6/308 psn\n|-damage|p1a: Dugtrio|145/196|[from] item: Life Orb\n|\n|-heal|p2a: Lunala|25/308 psn|[from] item: Leftovers\n|-damage|p2a: Lunala|0 fnt|[from] psn\n|faint|p2a: Lunala\n|upkeep\n|\n|t:|1781409140\n|switch|p2a: Tornadus|Tornadus-Therian, L79, M, tera:Steel|248/254\n|turn|20\n|\n|t:|1781409145\n|move|p2a: Tornadus|Heat Wave|p1a: Dugtrio\n|-supereffective|p1a: Dugtrio\n|-damage|p1a: Dugtrio|0 fnt\n|faint|p1a: Dugtrio\n|\n|upkeep\n|-message|Blooodfooort forfeited.\n|\n|win|Ara Ara Armin\n", "inputlog": ">version a8376a258c1d4662feba110a92103f3664a72141\n>start {\"formatid\":\"gen9randombattle\",\"seed\":\"sodium,4c20f9c552c490fc850ed98470c575a2\",\"rated\":\"Rated battle\"}\n>player p1 {\"name\":\"Blooodfooort\",\"avatar\":\"101\",\"rating\":1942,\"seed\":\"sodium,c7abf8cdd566369fd2179619228d0c08\"}\n>player p2 {\"name\":\"Ara Ara Armin\",\"avatar\":\"102\",\"rating\":1961,\"seed\":\"sodium,7cfacab3d6b5b69185a36191fe9b3a7b\"}\n>p1 switch 6\n>p2 move moongeistbeam\n>p1 move toxicspikes\n>p2 switch 6\n>p1 switch 2\n>p2 move knockoff\n>p1 move dragondance\n>p2 move uturn\n>p2 switch 2\n>p1 move substitute\n>p2 move outrage\n>p1 move outrage\n>p2 move outrage\n>p2 switch 6\n>p1 move outrage\n>p2 move moongeistbeam\n>p1 switch 3\n>p1 move iciclecrash\n>p2 switch 3\n>p1 switch 4\n>p2 move bulkup\n>p1 switch 5\n>p2 move wavecrash\n>p1 move roost\n>p2 move taunt\n>p1 move uturn\n>p2 move wavecrash\n>p2 switch 3\n>p1 switch 2\n>p2 move moongeistbeam\n>p1 move darkpulse\n>p2 switch 4\n>p1 move hydropump\n>p2 move uturn\n>p2 switch 2\n>p1 switch 4\n>p1 move iciclecrash\n>p2 move heatwave terastallize\n>p1 move iciclecrash\n>p2 move knockoff\n>p1 move closecombat\n>p2 move heatwave\n>p1 switch 6\n>p1 move earthquake\n>p2 move uturn\n>p2 switch 4\n>p2 switch 4\n>p1 move earthquake\n>p2 move heatwave\n>forcelose p1", "uploadtime": 1781408794, "views": 4, "formatid": "gen9randombattle", "rating": null, "private": 0, "password": null}