{"id": "gen9randombattle-2631376892", "format": "[Gen 9] Random Battle", "players": ["ADegel", "moongo"], "log": "|j|\u2606ADegel\n|j|\u2606moongo\n|t:|1781377421\n|gametype|singles\n|player|p1|ADegel|benga|2015\n|player|p2|moongo|pokemonranger|1956\n|gen|9\n|tier|[Gen 9] Random Battle\n|rated|\n|rule|Species Clause: Limit one of each Pok\u00e9mon\n|rule|HP Percentage Mod: HP is shown in percentages\n|rule|Sleep Clause Mod: Limit one foe put to sleep\n|rule|Illusion Level Mod: Illusion disguises the Pok\u00e9mon's true level\n|\n|t:|1781377421\n|teamsize|p1|6\n|teamsize|p2|6\n|start\n|switch|p1a: Urshifu|Urshifu, L74, F|270/270\n|switch|p2a: Scyther|Scyther, L82, F|249/249\n|turn|1\n|inactive|Battle timer is ON: inactive players will automatically lose when time's up. (requested by ADegel)\n|\n|t:|1781377446\n|move|p2a: Scyther|Dual Wingbeat|p1a: Urshifu\n|-supereffective|p1a: Urshifu\n|-damage|p1a: Urshifu|138/270\n|-supereffective|p1a: Urshifu\n|-damage|p1a: Urshifu|0 fnt\n|faint|p1a: Urshifu\n|-hitcount|p1: Urshifu|2\n|\n|upkeep\n|\n|t:|1781377460\n|switch|p1a: Entei|Entei, L78|307/307\n|turn|2\n|\n|t:|1781377468\n|move|p2a: Scyther|U-turn|p1a: Entei\n|-resisted|p1a: Entei\n|-damage|p1a: Entei|263/307\n|\n|t:|1781377476\n|switch|p2a: Swalot|Swalot, L90, F|326/326|[from] U-turn\n|move|p1a: Entei|Sacred Fire|p2a: Swalot\n|-damage|p2a: Swalot|163/326\n|-status|p2a: Swalot|brn\n|\n|-heal|p2a: Swalot|183/326 brn|[from] item: Leftovers\n|-damage|p2a: Swalot|163/326 brn|[from] brn\n|upkeep\n|turn|3\n|\n|t:|1781377484\n|switch|p1a: Kingambit|Kingambit, L74, M|270/270\n|-activate|p1a: Kingambit|ability: Supreme Overlord\n|-start|p1a: Kingambit|fallen1|[silent]\n|move|p2a: Swalot|Earthquake|p1a: Kingambit\n|-supereffective|p1a: Kingambit\n|-damage|p1a: Kingambit|212/270\n|\n|-heal|p2a: Swalot|183/326 brn|[from] item: Leftovers\n|-heal|p1a: Kingambit|228/270|[from] item: Leftovers\n|-damage|p2a: Swalot|163/326 brn|[from] brn\n|upkeep\n|turn|4\n|\n|t:|1781377499\n|switch|p2a: Gengar|Gengar, L81, F|230/230\n|move|p1a: Kingambit|Swords Dance|p1a: Kingambit\n|-boost|p1a: Kingambit|atk|2\n|\n|-heal|p1a: Kingambit|244/270|[from] item: Leftovers\n|upkeep\n|turn|5\n|\n|t:|1781377503\n|move|p2a: Gengar|Encore|p1a: Kingambit\n|-start|p1a: Kingambit|Encore\n|move|p1a: Kingambit|Swords Dance|p1a: Kingambit\n|-boost|p1a: Kingambit|atk|2\n|\n|-heal|p1a: Kingambit|260/270|[from] item: Leftovers\n|upkeep\n|turn|6\n|\n|t:|1781377512\n|-end|p1a: Kingambit|fallen1|[silent]\n|switch|p1a: Inteleon|Inteleon, L81, F|246/246\n|move|p2a: Gengar|Shadow Ball|p1a: Inteleon\n|-damage|p1a: Inteleon|82/246\n|-unboost|p1a: Inteleon|spd|1\n|-damage|p2a: Gengar|207/230|[from] item: Life Orb\n|\n|upkeep\n|turn|7\n|\n|t:|1781377522\n|switch|p2a: Swalot|Swalot, L90, F|163/326 brn\n|move|p1a: Inteleon|Scald|p2a: Swalot\n|-damage|p2a: Swalot|0 fnt\n|faint|p2a: Swalot\n|\n|upkeep\n|\n|t:|1781377527\n|switch|p2a: Honchkrow|Honchkrow, L86, M|312/312\n|turn|8\n|\n|t:|1781377538\n|switch|p1a: Entei|Entei, L78|263/307\n|move|p2a: Honchkrow|Brave Bird|p1a: Entei\n|-damage|p1a: Entei|79/307\n|-damage|p2a: Honchkrow|251/312|[from] Recoil\n|\n|upkeep\n|turn|9\n|\n|t:|1781377543\n|move|p2a: Honchkrow|Sucker Punch|p1a: Entei\n|-damage|p1a: Entei|0 fnt\n|faint|p1a: Entei\n|-ability|p2a: Honchkrow|Moxie|boost\n|-boost|p2a: Honchkrow|atk|1\n|\n|upkeep\n|\n|t:|1781377551\n|switch|p1a: Yanmega|Yanmega, L82, F|275/275\n|turn|10\n|\n|t:|1781377557\n|move|p1a: Yanmega|Bug Buzz|p2a: Honchkrow\n|-damage|p2a: Honchkrow|20/312\n|move|p2a: Honchkrow|Brave Bird|p1a: Yanmega\n|-supereffective|p1a: Yanmega\n|-damage|p1a: Yanmega|0 fnt\n|faint|p1a: Yanmega\n|-ability|p2a: Honchkrow|Moxie|boost\n|-boost|p2a: Honchkrow|atk|1\n|-damage|p2a: Honchkrow|0 fnt|[from] Recoil\n|faint|p2a: Honchkrow\n|\n|upkeep\n|\n|t:|1781377570\n|switch|p1a: Inteleon|Inteleon, L81, F|82/246\n|switch|p2a: Scyther|Scyther, L82, F|249/249\n|turn|11\n|\n|t:|1781377576\n|move|p1a: Inteleon|Scald|p2a: Scyther\n|-damage|p2a: Scyther|24/249\n|move|p2a: Scyther|U-turn|p1a: Inteleon\n|-damage|p1a: Inteleon|0 fnt\n|faint|p1a: Inteleon\n|\n|t:|1781377584\n|switch|p2a: Gengar|Gengar, L81, F|207/230|[from] U-turn\n|\n|upkeep\n|\n|t:|1781377589\n|switch|p1a: Hoopa|Hoopa, L85|275/275\n|turn|12\n|\n|t:|1781377601\n|switch|p2a: Scyther|Scyther, L82, F|24/249\n|move|p1a: Hoopa|Shadow Ball|p2a: Scyther\n|-crit|p2a: Scyther\n|-damage|p2a: Scyther|0 fnt\n|faint|p2a: Scyther\n|\n|upkeep\n|\n|t:|1781377603\n|switch|p2a: Scizor|Scizor, L79, M|240/240\n|turn|13\n|\n|t:|1781377620\n|switch|p1a: Kingambit|Kingambit, L74, M|260/270\n|-activate|p1a: Kingambit|ability: Supreme Overlord\n|-start|p1a: Kingambit|fallen4|[silent]\n|move|p2a: Scizor|Knock Off|p1a: Kingambit\n|-resisted|p1a: Kingambit\n|-damage|p1a: Kingambit|213/270\n|-enditem|p1a: Kingambit|Leftovers|[from] move: Knock Off|[of] p2a: Scizor\n|-damage|p2a: Scizor|216/240|[from] item: Life Orb\n|\n|upkeep\n|turn|14\n|\n|t:|1781377628\n|-terastallize|p1a: Kingambit|Flying\n|move|p2a: Scizor|Bug Bite|p1a: Kingambit\n|-resisted|p1a: Kingambit\n|-damage|p1a: Kingambit|151/270\n|-damage|p2a: Scizor|192/240|[from] item: Life Orb\n|move|p1a: Kingambit|Kowtow Cleave|p2a: Scizor\n|-damage|p2a: Scizor|71/240\n|\n|upkeep\n|turn|15\n|\n|t:|1781377639\n|move|p2a: Scizor|Bullet Punch|p1a: Kingambit\n|-damage|p1a: Kingambit|73/270\n|-damage|p2a: Scizor|47/240|[from] item: Life Orb\n|move|p1a: Kingambit|Kowtow Cleave|p2a: Scizor\n|-damage|p2a: Scizor|0 fnt\n|faint|p2a: Scizor\n|\n|upkeep\n|\n|t:|1781377643\n|switch|p2a: Gengar|Gengar, L81, F|207/230\n|turn|16\n|\n|t:|1781377646\n|move|p1a: Kingambit|Sucker Punch||[still]\n|-fail|p1a: Kingambit\n|move|p2a: Gengar|Will-O-Wisp|p1a: Kingambit\n|-status|p1a: Kingambit|brn\n|\n|-damage|p1a: Kingambit|57/270 brn|[from] brn\n|upkeep\n|turn|17\n|\n|t:|1781377651\n|move|p1a: Kingambit|Sucker Punch|p2a: Gengar\n|-supereffective|p2a: Gengar\n|-damage|p2a: Gengar|62/230\n|move|p2a: Gengar|Shadow Ball|p1a: Kingambit\n|-damage|p1a: Kingambit|0 fnt\n|faint|p1a: Kingambit\n|-end|p1a: Kingambit|fallen4|[silent]\n|-damage|p2a: Gengar|39/230|[from] item: Life Orb\n|\n|upkeep\n|\n|t:|1781377654\n|switch|p1a: Hoopa|Hoopa, L85|275/275\n|turn|18\n|\n|t:|1781377662\n|move|p1a: Hoopa|Shadow Ball|p2a: Gengar\n|-supereffective|p2a: Gengar\n|-damage|p2a: Gengar|0 fnt\n|-start|p1a: Hoopa|Disable|Shadow Ball|[from] ability: Cursed Body|[of] p2a: Gengar\n|faint|p2a: Gengar\n|\n|upkeep\n|\n|t:|1781377665\n|switch|p2a: Hatterene|Hatterene, L85, F|236/236\n|turn|19\n|\n|t:|1781377673\n|-activate|p1a: Hoopa|move: Struggle\n|move|p1a: Hoopa|Struggle|p2a: Hatterene\n|-damage|p2a: Hatterene|203/236\n|-damage|p1a: Hoopa|206/275|[from] recoil\n|move|p2a: Hatterene|Mystical Fire|p1a: Hoopa\n|-damage|p1a: Hoopa|155/275\n|-unboost|p1a: Hoopa|spa|1\n|\n|-heal|p2a: Hatterene|217/236|[from] item: Leftovers\n|upkeep\n|turn|20\n|\n|t:|1781377676\n|-activate|p1a: Hoopa|move: Struggle\n|move|p1a: Hoopa|Struggle|p2a: Hatterene\n|-damage|p2a: Hatterene|189/236\n|-damage|p1a: Hoopa|86/275|[from] recoil\n|move|p2a: Hatterene|Mystical Fire|p1a: Hoopa\n|-damage|p1a: Hoopa|31/275\n|-unboost|p1a: Hoopa|spa|1\n|\n|-heal|p2a: Hatterene|203/236|[from] item: Leftovers\n|upkeep\n|turn|21\n|\n|t:|1781377682\n|-activate|p1a: Hoopa|move: Struggle\n|move|p1a: Hoopa|Struggle|p2a: Hatterene\n|-damage|p2a: Hatterene|172/236\n|-damage|p1a: Hoopa|0 fnt|[from] recoil\n|faint|p1a: Hoopa\n|\n|win|moongo\n", "uploadtime": 1781377423, "views": 6, "formatid": "gen9randombattle", "rating": null, "private": 0, "password": null}