{"id": "gen9randombattle-2631847097", "format": "[Gen 9] Random Battle", "players": ["Rocksas", "mr clevage"], "log": "|j|\u2606Rocksas\n|j|\u2606mr clevage\n|t:|1781447619\n|gametype|singles\n|player|p1|Rocksas|n|1902\n|player|p2|mr clevage|blaine|1924\n|gen|9\n|tier|[Gen 9] Random Battle\n|rated|\n|rule|Species Clause: Limit one of each Pok\u00e9mon\n|rule|HP Percentage Mod: HP is shown in percentages\n|rule|Sleep Clause Mod: Limit one foe put to sleep\n|rule|Illusion Level Mod: Illusion disguises the Pok\u00e9mon's true level\n|\n|t:|1781447619\n|teamsize|p1|6\n|teamsize|p2|6\n|start\n|switch|p1a: Beartic|Beartic, L91, F|321/321\n|switch|p2a: Terapagos|Terapagos, L77, M|265/265\n|-activate|p2a: Terapagos|ability: Tera Shift\n|detailschange|p2a: Terapagos|Terapagos-Terastal, L77, M\n|-heal|p2a: Terapagos|273/273|[silent]\n|turn|1\n|inactive|Battle timer is ON: inactive players will automatically lose when time's up. (requested by mr clevage)\n|\n|t:|1781447644\n|move|p2a: Terapagos|Tera Starstorm|p1a: Beartic\n|-damage|p1a: Beartic|206/321\n|move|p1a: Beartic|Icicle Crash|p2a: Terapagos\n|-activate|p2a: Terapagos|ability: Tera Shell\n|-resisted|p2a: Terapagos\n|-damage|p2a: Terapagos|215/273\n|\n|upkeep\n|turn|2\n|\n|t:|1781447653\n|move|p2a: Terapagos|Tera Starstorm|p1a: Beartic\n|-damage|p1a: Beartic|95/321\n|move|p1a: Beartic|Close Combat|p2a: Terapagos\n|-supereffective|p2a: Terapagos\n|-damage|p2a: Terapagos|0 fnt\n|-unboost|p1a: Beartic|def|1\n|-unboost|p1a: Beartic|spd|1\n|faint|p2a: Terapagos\n|\n|upkeep\n|\n|t:|1781447666\n|switch|p2a: Charizard|Charizard, L85, M|271/271\n|turn|3\n|inactive|Rocksas has 120 seconds left.\n|\n|t:|1781447697\n|move|p2a: Charizard|Flamethrower|p1a: Beartic\n|-supereffective|p1a: Beartic\n|-crit|p1a: Beartic\n|-damage|p1a: Beartic|0 fnt\n|faint|p1a: Beartic\n|\n|upkeep\n|inactive|Rocksas has 120 seconds left.\n|\n|t:|1781447716\n|switch|p1a: Garganacl|Garganacl, L80, M|291/291\n|turn|4\n|\n|t:|1781447727\n|switch|p2a: Dipplin|Dipplin, L88, M|284/284\n|move|p1a: Garganacl|Stealth Rock|p2a: Dipplin\n|-sidestart|p2: mr clevage|move: Stealth Rock\n|\n|upkeep\n|turn|5\n|inactive|Rocksas has 120 seconds left.\n|\n|t:|1781447748\n|switch|p1a: Flamigo|Flamigo, L82, F|269/269\n|move|p2a: Dipplin|Dragon Tail|p1a: Flamigo\n|-damage|p1a: Flamigo|197/269\n|drag|p1a: Garganacl|Garganacl, L80, M|291/291\n|\n|upkeep\n|turn|6\n|\n|t:|1781447757\n|move|p1a: Garganacl|Salt Cure|p2a: Dipplin\n|-damage|p2a: Dipplin|260/284\n|-start|p2a: Dipplin|Salt Cure\n|move|p2a: Dipplin|Dragon Tail|p1a: Garganacl\n|-damage|p1a: Garganacl|248/291\n|drag|p1a: Flamigo|Flamigo, L82, F|197/269\n|\n|-damage|p2a: Dipplin|225/284|[from] Salt Cure\n|upkeep\n|turn|7\n|\n|t:|1781447764\n|switch|p2a: Pachirisu|Pachirisu, L96, F|271/271\n|move|p1a: Flamigo|Brave Bird|p2a: Pachirisu\n|-resisted|p2a: Pachirisu\n|-damage|p2a: Pachirisu|181/271\n|-damage|p1a: Flamigo|167/269|[from] Recoil\n|-damage|p1a: Flamigo|141/269|[from] item: Life Orb\n|\n|upkeep\n|turn|8\n|inactive|Rocksas has 120 seconds left.\n|\n|t:|1781447784\n|switch|p1a: Garganacl|Garganacl, L80, M|248/291\n|move|p2a: Pachirisu|U-turn|p1a: Garganacl\n|-damage|p1a: Garganacl|219/291\n|\n|t:|1781447788\n|switch|p2a: Dipplin|Dipplin, L88, M|225/284|[from] U-turn\n|-damage|p2a: Dipplin|190/284|[from] Stealth Rock\n|\n|-heal|p1a: Garganacl|237/291|[from] item: Leftovers\n|upkeep\n|turn|9\n|\n|t:|1781447794\n|switch|p1a: Flamigo|Flamigo, L82, F|141/269\n|move|p2a: Dipplin|Dragon Tail|p1a: Flamigo\n|-damage|p1a: Flamigo|74/269\n|drag|p1a: Garganacl|Garganacl, L80, M|237/291\n|\n|-heal|p1a: Garganacl|255/291|[from] item: Leftovers\n|upkeep\n|turn|10\n|\n|t:|1781447800\n|switch|p1a: Flamigo|Flamigo, L82, F|74/269\n|move|p2a: Dipplin|Dragon Pulse|p1a: Flamigo\n|-damage|p1a: Flamigo|0 fnt\n|faint|p1a: Flamigo\n|\n|upkeep\n|\n|t:|1781447806\n|switch|p1a: Cetitan|Cetitan, L82, F|412/412\n|turn|11\n|\n|t:|1781447820\n|-terastallize|p2a: Dipplin|Steel\n|move|p1a: Cetitan|Belly Drum|p1a: Cetitan\n|-damage|p1a: Cetitan|206/412\n|-setboost|p1a: Cetitan|atk|6|[from] move: Belly Drum\n|-enditem|p1a: Cetitan|Sitrus Berry|[eat]\n|-heal|p1a: Cetitan|309/412|[from] item: Sitrus Berry\n|move|p2a: Dipplin|Dragon Tail|p1a: Cetitan\n|-damage|p1a: Cetitan|225/412\n|drag|p1a: Garganacl|Garganacl, L80, M|255/291\n|\n|-heal|p1a: Garganacl|273/291|[from] item: Leftovers\n|upkeep\n|turn|12\n|\n|t:|1781447840\n|move|p2a: Dipplin|Giga Drain|p1a: Garganacl\n|-supereffective|p1a: Garganacl\n|-damage|p1a: Garganacl|85/291\n|-heal|p2a: Dipplin|284/284|[from] drain|[of] p1a: Garganacl\n|move|p1a: Garganacl|Salt Cure|p2a: Dipplin\n|-resisted|p2a: Dipplin\n|-damage|p2a: Dipplin|272/284\n|-start|p2a: Dipplin|Salt Cure\n|\n|-heal|p1a: Garganacl|103/291|[from] item: Leftovers\n|-damage|p2a: Dipplin|201/284|[from] Salt Cure\n|upkeep\n|turn|13\n|inactive|Rocksas has 120 seconds left.\n|\n|t:|1781447876\n|switch|p2a: Tsareena|Tsareena, L87, F|267/267\n|-damage|p2a: Tsareena|234/267|[from] Stealth Rock\n|-terastallize|p1a: Garganacl|Ghost\n|move|p1a: Garganacl|Recover|p1a: Garganacl\n|-heal|p1a: Garganacl|249/291\n|\n|-heal|p1a: Garganacl|267/291|[from] item: Leftovers\n|upkeep\n|turn|14\n|\n|t:|1781447889\n|move|p2a: Tsareena|Power Whip|p1a: Garganacl\n|-damage|p1a: Garganacl|118/291\n|-damage|p2a: Tsareena|208/267|[from] item: Life Orb\n|move|p1a: Garganacl|Salt Cure|p2a: Tsareena\n|-damage|p2a: Tsareena|171/267\n|-start|p2a: Tsareena|Salt Cure\n|\n|-heal|p1a: Garganacl|136/291|[from] item: Leftovers\n|-damage|p2a: Tsareena|138/267|[from] Salt Cure\n|upkeep\n|turn|15\n|inactive|Rocksas has 120 seconds left.\n|\n|t:|1781447897\n|switch|p1a: Braviary|Braviary, L85, M|309/309\n|move|p2a: Tsareena|Power Whip|p1a: Braviary\n|-resisted|p1a: Braviary\n|-damage|p1a: Braviary|196/309\n|-damage|p2a: Tsareena|112/267|[from] item: Life Orb\n|\n|-damage|p2a: Tsareena|79/267|[from] Salt Cure\n|upkeep\n|turn|16\n|\n|t:|1781447904\n|switch|p2a: Pachirisu|Pachirisu, L96, F|181/271\n|move|p1a: Braviary|Bulk Up|p1a: Braviary\n|-boost|p1a: Braviary|atk|1\n|-boost|p1a: Braviary|def|1\n|\n|upkeep\n|turn|17\n|\n|t:|1781447910\n|move|p2a: Pachirisu|Discharge|p1a: Braviary\n|-supereffective|p1a: Braviary\n|-damage|p1a: Braviary|50/309\n|-status|p1a: Braviary|par\n|move|p1a: Braviary|Close Combat|p2a: Pachirisu\n|-damage|p2a: Pachirisu|20/271\n|-unboost|p1a: Braviary|def|1\n|-unboost|p1a: Braviary|spd|1\n|\n|upkeep\n|turn|18\n|\n|t:|1781447919\n|move|p2a: Pachirisu|Discharge|p1a: Braviary\n|-supereffective|p1a: Braviary\n|-damage|p1a: Braviary|0 fnt\n|faint|p1a: Braviary\n|\n|upkeep\n|\n|t:|1781447927\n|switch|p1a: Cetitan|Cetitan, L82, F|225/412\n|turn|19\n|\n|t:|1781447931\n|move|p1a: Cetitan|Ice Shard|p2a: Pachirisu\n|-damage|p2a: Pachirisu|0 fnt\n|faint|p2a: Pachirisu\n|\n|upkeep\n|\n|t:|1781447934\n|switch|p2a: Tsareena|Tsareena, L87, F|79/267\n|-damage|p2a: Tsareena|46/267|[from] Stealth Rock\n|turn|20\n|\n|t:|1781447940\n|move|p1a: Cetitan|Ice Shard||[still]\n|cant|p2a: Tsareena|ability: Queenly Majesty|Ice Shard|[of] p1a: Cetitan\n|move|p2a: Tsareena|Synthesis|p2a: Tsareena\n|-heal|p2a: Tsareena|179/267\n|\n|upkeep\n|turn|21\n|\n|t:|1781447943\n|move|p2a: Tsareena|Power Whip|p1a: Cetitan\n|-damage|p1a: Cetitan|0 fnt\n|faint|p1a: Cetitan\n|-damage|p2a: Tsareena|153/267|[from] item: Life Orb\n|\n|upkeep\n|\n|t:|1781447947\n|switch|p1a: Slither Wing|Slither Wing, L81|270/270\n|-enditem|p1a: Slither Wing|Booster Energy\n|-activate|p1a: Slither Wing|ability: Protosynthesis|[fromitem]\n|-start|p1a: Slither Wing|protosynthesisatk\n|turn|22\n|\n|t:|1781447961\n|switch|p2a: Oricorio|Oricorio-Pom-Pom, L82, M|257/257\n|move|p1a: Slither Wing|Acrobatics|p2a: Oricorio\n|-resisted|p2a: Oricorio\n|-damage|p2a: Oricorio|188/257\n|\n|upkeep\n|turn|23\n|\n|t:|1781447967\n|-end|p1a: Slither Wing|Protosynthesis|[silent]\n|switch|p1a: Garganacl|Garganacl, L80, M, tera:Ghost|136/291\n|move|p2a: Oricorio|Quiver Dance|p2a: Oricorio\n|-boost|p2a: Oricorio|spa|1\n|-boost|p2a: Oricorio|spd|1\n|-boost|p2a: Oricorio|spe|1\n|\n|-heal|p1a: Garganacl|154/291|[from] item: Leftovers\n|upkeep\n|turn|24\n|\n|t:|1781447970\n|move|p2a: Oricorio|Hurricane|p1a: Garganacl\n|-damage|p1a: Garganacl|0 fnt\n|faint|p1a: Garganacl\n|\n|upkeep\n|-message|Rocksas forfeited.\n|\n|win|mr clevage\n", "uploadtime": 1781447621, "views": 4, "formatid": "gen9randombattle", "rating": null, "private": 0, "password": null}