{"id": "gen9randombattle-2632005912", "format": "[Gen 9] Random Battle", "players": ["Shomsnack", "WhatEver2102"], "log": "|j|\u203dShomsnack\n|j|\u2606WhatEver2102\n|t:|1781465136\n|gametype|singles\n|player|p1|Shomsnack|2|2058\n|player|p2|WhatEver2102|juan|2018\n|gen|9\n|tier|[Gen 9] Random Battle\n|rated|\n|rule|Species Clause: Limit one of each Pok\u00e9mon\n|rule|HP Percentage Mod: HP is shown in percentages\n|rule|Sleep Clause Mod: Limit one foe put to sleep\n|rule|Illusion Level Mod: Illusion disguises the Pok\u00e9mon's true level\n|\n|t:|1781465136\n|teamsize|p1|6\n|teamsize|p2|6\n|start\n|switch|p1a: Passimian|Passimian, L83, M|302/302\n|switch|p2a: Rhyperior|Rhyperior, L82, M|323/323\n|turn|1\n|inactive|Battle timer is ON: inactive players will automatically lose when time's up. (requested by Shomsnack)\n|\n|t:|1781465145\n|move|p1a: Passimian|Close Combat|p2a: Rhyperior\n|-supereffective|p2a: Rhyperior\n|-damage|p2a: Rhyperior|83/323\n|-unboost|p1a: Passimian|def|1\n|-unboost|p1a: Passimian|spd|1\n|move|p2a: Rhyperior|Dragon Tail|p1a: Passimian\n|-damage|p1a: Passimian|215/302\n|drag|p1a: Slowking|Slowking, L88, M|310/310\n|\n|upkeep\n|turn|2\n|\n|t:|1781465159\n|switch|p2a: Altaria|Altaria, L89, F|278/278\n|move|p1a: Slowking|Scald|p2a: Altaria\n|-resisted|p2a: Altaria\n|-damage|p2a: Altaria|241/278\n|\n|upkeep\n|turn|3\n|\n|t:|1781465164\n|move|p2a: Altaria|Brave Bird|p1a: Slowking\n|-damage|p1a: Slowking|193/310\n|-damage|p2a: Altaria|202/278|[from] Recoil\n|-prepare|p1a: Slowking|Chilly Reception|[premajor]\n|move|p1a: Slowking|Chilly Reception|p1a: Slowking\n|-weather|Snowscape\n|\n|t:|1781465171\n|switch|p1a: Cetitan|Cetitan, L82, M|412/412|[from] Chilly Reception\n|\n|-weather|Snowscape|[upkeep]\n|upkeep\n|turn|4\n|\n|t:|1781465197\n|switch|p2a: Rhyperior|Rhyperior, L82, M|83/323\n|move|p1a: Cetitan|Ice Spinner|p2a: Rhyperior\n|-supereffective|p2a: Rhyperior\n|-damage|p2a: Rhyperior|0 fnt\n|faint|p2a: Rhyperior\n|\n|-weather|Snowscape|[upkeep]\n|upkeep\n|\n|t:|1781465205\n|switch|p2a: Mamoswine|Mamoswine, L81, M|311/311\n|turn|5\n|inactive|Shomsnack has 120 seconds left.\n|\n|t:|1781465237\n|switch|p1a: Dialga|Dialga, L73|266/266\n|-ability|p1a: Dialga|Pressure\n|move|p2a: Mamoswine|Knock Off|p1a: Dialga\n|-damage|p1a: Dialga|160/266\n|-enditem|p1a: Dialga|Leftovers|[from] move: Knock Off|[of] p2a: Mamoswine\n|\n|-weather|Snowscape|[upkeep]\n|upkeep\n|turn|6\n|\n|t:|1781465255\n|switch|p2a: Altaria|Altaria, L89, F|202/278\n|move|p1a: Dialga|Draco Meteor|p2a: Altaria\n|-supereffective|p2a: Altaria\n|-damage|p2a: Altaria|0 fnt\n|-unboost|p1a: Dialga|spa|2\n|faint|p2a: Altaria\n|\n|-weather|Snowscape|[upkeep]\n|upkeep\n|inactive|WhatEver2102 has 120 seconds left.\n|\n|t:|1781465271\n|switch|p2a: Mamoswine|Mamoswine, L81, M|311/311\n|turn|7\n|inactive|WhatEver2102 has 120 seconds left.\n|\n|t:|1781465276\n|move|p2a: Mamoswine|Earthquake|p1a: Dialga\n|-supereffective|p1a: Dialga\n|-damage|p1a: Dialga|0 fnt\n|faint|p1a: Dialga\n|\n|-weather|none\n|upkeep\n|\n|t:|1781465281\n|switch|p1a: Slowking|Slowking, L88, M|296/310\n|turn|8\n|\n|t:|1781465286\n|move|p2a: Mamoswine|Earthquake|p1a: Slowking\n|-damage|p1a: Slowking|119/310\n|move|p1a: Slowking|Scald|p2a: Mamoswine\n|-supereffective|p2a: Mamoswine\n|-damage|p2a: Mamoswine|51/311\n|-status|p2a: Mamoswine|brn\n|\n|-damage|p2a: Mamoswine|32/311 brn|[from] brn\n|upkeep\n|turn|9\n|\n|t:|1781465290\n|move|p2a: Mamoswine|Earthquake|p1a: Slowking\n|-damage|p1a: Slowking|19/310\n|-prepare|p1a: Slowking|Chilly Reception|[premajor]\n|move|p1a: Slowking|Chilly Reception|p1a: Slowking\n|-weather|Snowscape\n|\n|t:|1781465295\n|switch|p1a: Cetitan|Cetitan, L82, M|412/412|[from] Chilly Reception\n|\n|-weather|Snowscape|[upkeep]\n|-damage|p2a: Mamoswine|13/311 brn|[from] brn\n|upkeep\n|turn|10\n|\n|t:|1781465299\n|move|p1a: Cetitan|Belly Drum|p1a: Cetitan\n|-damage|p1a: Cetitan|206/412\n|-setboost|p1a: Cetitan|atk|6|[from] move: Belly Drum\n|-enditem|p1a: Cetitan|Sitrus Berry|[eat]\n|-heal|p1a: Cetitan|309/412|[from] item: Sitrus Berry\n|move|p2a: Mamoswine|Earthquake|p1a: Cetitan\n|-damage|p1a: Cetitan|232/412\n|\n|-weather|Snowscape|[upkeep]\n|-damage|p2a: Mamoswine|0 fnt|[from] brn\n|faint|p2a: Mamoswine\n|upkeep\n|\n|t:|1781465310\n|switch|p2a: Keldeo|Keldeo-Resolute, L79|273/273\n|turn|11\n|\n|t:|1781465314\n|move|p1a: Cetitan|Earthquake|p2a: Keldeo\n|-damage|p2a: Keldeo|0 fnt\n|faint|p2a: Keldeo\n|\n|-weather|Snowscape|[upkeep]\n|upkeep\n|\n|t:|1781465329\n|switch|p2a: Weavile|Weavile, L79, F|239/239\n|turn|12\n|\n|t:|1781465336\n|move|p1a: Cetitan|Earthquake|p2a: Weavile\n|-damage|p2a: Weavile|0 fnt\n|faint|p2a: Weavile\n|\n|-weather|Snowscape|[upkeep]\n|upkeep\n|\n|t:|1781465339\n|switch|p2a: Blaziken|Blaziken, L76, F|247/247\n|turn|13\n|\n|t:|1781465342\n|move|p1a: Cetitan|Earthquake|p2a: Blaziken\n|-supereffective|p2a: Blaziken\n|-damage|p2a: Blaziken|0 fnt\n|faint|p2a: Blaziken\n|\n|win|Shomsnack\n|raw|Shomsnack's rating: 2058 &rarr; <strong>2076</strong><br />(+18 for winning)\n|raw|WhatEver2102's rating: 2018 &rarr; <strong>2000</strong><br />(-18 for losing)\n|l|\u2606WhatEver2102\n|player|p2|\n", "uploadtime": 1781465138, "views": 5, "formatid": "gen9randombattle", "rating": 2000, "private": 0, "password": null}