{"id": "gen9randombattle-2631576402", "format": "[Gen 9] Random Battle", "players": ["Mr. BrickaBracka", "latias999999999"], "log": "|j|\u2606Mr. BrickaBracka\n|j|\u2606latias999999999\n|t:|1781403576\n|gametype|singles\n|player|p1|Mr. BrickaBracka|170|2016\n|player|p2|latias999999999|gardenia|2141\n|gen|9\n|tier|[Gen 9] Random Battle\n|rated|\n|rule|Species Clause: Limit one of each Pok\u00e9mon\n|rule|HP Percentage Mod: HP is shown in percentages\n|rule|Sleep Clause Mod: Limit one foe put to sleep\n|rule|Illusion Level Mod: Illusion disguises the Pok\u00e9mon's true level\n|\n|t:|1781403576\n|teamsize|p1|6\n|teamsize|p2|6\n|start\n|switch|p1a: Galvantula|Galvantula, L82, M|249/249\n|switch|p2a: Charizard|Charizard, L85, F|271/271\n|turn|1\n|inactive|Battle timer is ON: inactive players will automatically lose when time's up. (requested by latias999999999)\n|\n|t:|1781403592\n|move|p1a: Galvantula|Sticky Web|p2a: Charizard\n|-sidestart|p2: latias999999999|move: Sticky Web\n|move|p2a: Charizard|Flamethrower|p1a: Galvantula\n|-supereffective|p1a: Galvantula\n|-enditem|p1a: Galvantula|Focus Sash\n|-damage|p1a: Galvantula|1/249\n|\n|upkeep\n|turn|2\n|\n|t:|1781403599\n|move|p1a: Galvantula|Thunder|p2a: Charizard\n|-supereffective|p2a: Charizard\n|-damage|p2a: Charizard|53/271\n|move|p2a: Charizard|Flamethrower|p1a: Galvantula\n|-supereffective|p1a: Galvantula\n|-crit|p1a: Galvantula\n|-damage|p1a: Galvantula|0 fnt\n|faint|p1a: Galvantula\n|\n|upkeep\n|\n|t:|1781403620\n|switch|p1a: Noivern|Noivern, L82, F|274/274\n|turn|3\n|\n|t:|1781403625\n|switch|p2a: Regice|Regice, L88|284/284\n|move|p1a: Noivern|Hurricane|p2a: Regice\n|-crit|p2a: Regice\n|-damage|p2a: Regice|199/284\n|\n|upkeep\n|turn|4\n|\n|t:|1781403633\n|switch|p1a: Cinderace|Cinderace, L77, F|249/249\n|move|p2a: Regice|Ice Beam|p1a: Cinderace\n|-resisted|p1a: Cinderace\n|-damage|p1a: Cinderace|183/249\n|\n|upkeep\n|turn|5\n|\n|t:|1781403641\n|switch|p2a: Gliscor|Gliscor, L76, M|239/239\n|move|p1a: Cinderace|Pyro Ball|p2a: Gliscor\n|-damage|p2a: Gliscor|73/239\n|\n|-status|p2a: Gliscor|tox|[from] item: Toxic Orb\n|upkeep\n|turn|6\n|\n|t:|1781403646\n|move|p2a: Gliscor|Protect|p2a: Gliscor\n|-singleturn|p2a: Gliscor|Protect\n|move|p1a: Cinderace|Pyro Ball|p2a: Gliscor\n|-activate|p2a: Gliscor|move: Protect\n|\n|-heal|p2a: Gliscor|102/239 tox|[from] ability: Poison Heal\n|upkeep\n|turn|7\n|\n|t:|1781403668\n|switch|p2a: Manaphy|Manaphy, L78|284/284\n|-activate|p2a: Manaphy|move: Sticky Web\n|-unboost|p2a: Manaphy|spe|1\n|move|p1a: Cinderace|Pyro Ball|p2a: Manaphy\n|-resisted|p2a: Manaphy\n|-damage|p2a: Manaphy|192/284\n|-status|p2a: Manaphy|brn\n|\n|-heal|p2a: Manaphy|209/284 brn|[from] item: Leftovers\n|-damage|p2a: Manaphy|192/284 brn|[from] brn\n|upkeep\n|turn|8\n|\n|t:|1781403674\n|switch|p1a: Sawsbuck|Sawsbuck-Autumn, L88, M|284/284\n|move|p2a: Manaphy|Ice Beam|p1a: Sawsbuck\n|-supereffective|p1a: Sawsbuck\n|-damage|p1a: Sawsbuck|158/284\n|\n|-heal|p2a: Manaphy|209/284 brn|[from] item: Leftovers\n|-damage|p2a: Manaphy|192/284 brn|[from] brn\n|upkeep\n|turn|9\n|\n|t:|1781403690\n|move|p1a: Sawsbuck|Horn Leech|p2a: Manaphy\n|-supereffective|p2a: Manaphy\n|-damage|p2a: Manaphy|0 fnt\n|-heal|p1a: Sawsbuck|254/284|[from] drain|[of] p2a: Manaphy\n|faint|p2a: Manaphy\n|-damage|p1a: Sawsbuck|226/284|[from] item: Life Orb\n|\n|upkeep\n|\n|t:|1781403694\n|switch|p2a: Charizard|Charizard, L85, F|53/271\n|turn|10\n|\n|t:|1781403703\n|switch|p1a: Cinderace|Cinderace, L77, F|183/249\n|move|p2a: Charizard|Hurricane|p1a: Cinderace|[miss]\n|-miss|p2a: Charizard|p1a: Cinderace\n|\n|upkeep\n|turn|11\n|\n|t:|1781403712\n|switch|p2a: Piloswine|Piloswine, L85, F|309/309\n|-activate|p2a: Piloswine|move: Sticky Web\n|-unboost|p2a: Piloswine|spe|1\n|move|p1a: Cinderace|Pyro Ball|p2a: Piloswine\n|-supereffective|p2a: Piloswine\n|-damage|p2a: Piloswine|189/309\n|\n|upkeep\n|turn|12\n|\n|t:|1781403721\n|switch|p1a: Sawsbuck|Sawsbuck-Autumn, L88, M|226/284\n|move|p2a: Piloswine|Earthquake|p1a: Sawsbuck\n|-resisted|p1a: Sawsbuck\n|-damage|p1a: Sawsbuck|159/284\n|\n|upkeep\n|turn|13\n|\n|t:|1781403729\n|move|p1a: Sawsbuck|Horn Leech|p2a: Piloswine\n|-supereffective|p2a: Piloswine\n|-damage|p2a: Piloswine|7/309\n|-heal|p1a: Sawsbuck|250/284|[from] drain|[of] p2a: Piloswine\n|-damage|p1a: Sawsbuck|222/284|[from] item: Life Orb\n|move|p2a: Piloswine|Icicle Crash|p1a: Sawsbuck\n|-supereffective|p1a: Sawsbuck\n|-damage|p1a: Sawsbuck|12/284\n|\n|upkeep\n|turn|14\n|\n|t:|1781403743\n|switch|p1a: Cinderace|Cinderace, L77, F|183/249\n|move|p2a: Piloswine|Earthquake|p1a: Cinderace\n|-supereffective|p1a: Cinderace\n|-damage|p1a: Cinderace|0 fnt\n|faint|p1a: Cinderace\n|\n|upkeep\n|\n|t:|1781403754\n|switch|p1a: Solgaleo|Solgaleo, L74|325/325\n|turn|15\n|\n|t:|1781403760\n|move|p1a: Solgaleo|Flame Charge|p2a: Piloswine\n|-supereffective|p2a: Piloswine\n|-damage|p2a: Piloswine|0 fnt\n|-boost|p1a: Solgaleo|spe|1\n|faint|p2a: Piloswine\n|\n|upkeep\n|\n|t:|1781403771\n|switch|p2a: Gliscor|Gliscor, L76, M|102/239 tox\n|turn|16\n|\n|t:|1781403777\n|switch|p1a: Noivern|Noivern, L82, F|274/274\n|move|p2a: Gliscor|Protect||[still]\n|-fail|p2a: Gliscor\n|\n|-heal|p2a: Gliscor|131/239 tox|[from] ability: Poison Heal\n|upkeep\n|turn|17\n|\n|t:|1781403783\n|move|p2a: Gliscor|Protect|p2a: Gliscor\n|-singleturn|p2a: Gliscor|Protect\n|move|p1a: Noivern|Hurricane|p2a: Gliscor\n|-activate|p2a: Gliscor|move: Protect\n|\n|-heal|p2a: Gliscor|160/239 tox|[from] ability: Poison Heal\n|upkeep\n|turn|18\n|\n|t:|1781403791\n|switch|p2a: Regice|Regice, L88|199/284\n|move|p1a: Noivern|Hurricane|p2a: Regice|[miss]\n|-miss|p1a: Noivern|p2a: Regice\n|\n|upkeep\n|turn|19\n|\n|t:|1781403815\n|switch|p1a: Sawsbuck|Sawsbuck-Autumn, L88, M|12/284\n|move|p2a: Regice|Thunderbolt|p1a: Sawsbuck\n|-resisted|p1a: Sawsbuck\n|-damage|p1a: Sawsbuck|0 fnt\n|faint|p1a: Sawsbuck\n|\n|upkeep\n|\n|t:|1781403827\n|switch|p1a: Solgaleo|Solgaleo, L74|325/325\n|turn|20\n|\n|t:|1781403856\n|switch|p2a: Gliscor|Gliscor, L76, M|160/239 tox\n|move|p1a: Solgaleo|Sunsteel Strike|p2a: Gliscor\n|-damage|p2a: Gliscor|72/239 tox\n|\n|-heal|p2a: Gliscor|101/239 tox|[from] ability: Poison Heal\n|upkeep\n|turn|21\n|inactive|Mr. BrickaBracka has 120 seconds left.\n|\n|t:|1781403888\n|move|p2a: Gliscor|Protect|p2a: Gliscor\n|-singleturn|p2a: Gliscor|Protect\n|move|p1a: Solgaleo|Flame Charge|p2a: Gliscor\n|-activate|p2a: Gliscor|move: Protect\n|\n|-heal|p2a: Gliscor|130/239 tox|[from] ability: Poison Heal\n|upkeep\n|turn|22\n|inactive|latias999999999 has 120 seconds left.\n|\n|t:|1781403940\n|move|p2a: Gliscor|Earthquake|p1a: Solgaleo\n|-supereffective|p1a: Solgaleo\n|-damage|p1a: Solgaleo|173/325\n|-enditem|p1a: Solgaleo|Weakness Policy\n|-boost|p1a: Solgaleo|atk|2|[from] item: Weakness Policy\n|-boost|p1a: Solgaleo|spa|2|[from] item: Weakness Policy\n|move|p1a: Solgaleo|Sunsteel Strike|p2a: Gliscor\n|-damage|p2a: Gliscor|0 fnt\n|faint|p2a: Gliscor\n|\n|upkeep\n|\n|t:|1781403943\n|switch|p2a: Charizard|Charizard, L85, F|53/271\n|turn|23\n|inactive|Mr. BrickaBracka has 120 seconds left.\n|\n|t:|1781403979\n|-terastallize|p1a: Solgaleo|Ground\n|move|p2a: Charizard|Flamethrower|p1a: Solgaleo\n|-damage|p1a: Solgaleo|4/325\n|move|p1a: Solgaleo|Flame Charge|p2a: Charizard\n|-resisted|p2a: Charizard\n|-damage|p2a: Charizard|14/271\n|-boost|p1a: Solgaleo|spe|1\n|\n|upkeep\n|turn|24\n|inactive|latias999999999 has 90 seconds left.\n|\n|t:|1781404032\n|move|p1a: Solgaleo|Flame Charge|p2a: Charizard\n|-resisted|p2a: Charizard\n|-damage|p2a: Charizard|0 fnt\n|-boost|p1a: Solgaleo|spe|1\n|faint|p2a: Charizard\n|\n|upkeep\n|\n|t:|1781404034\n|switch|p2a: Regice|Regice, L88|199/284\n|turn|25\n|\n|t:|1781404043\n|move|p1a: Solgaleo|Sunsteel Strike|p2a: Regice\n|-supereffective|p2a: Regice\n|-damage|p2a: Regice|0 fnt\n|faint|p2a: Regice\n|\n|upkeep\n|-message|latias999999999 forfeited.\n|\n|win|Mr. BrickaBracka\n", "inputlog": ">version a8376a258c1d4662feba110a92103f3664a72141\n>start {\"formatid\":\"gen9randombattle\",\"seed\":\"sodium,6053877a6dad52e46ab53ea4bcb4d63e\",\"rated\":\"Rated battle\"}\n>player p1 {\"name\":\"Mr. BrickaBracka\",\"avatar\":\"170\",\"rating\":2016,\"seed\":\"sodium,308e162a8faa4e6027488deace623265\"}\n>player p2 {\"name\":\"latias999999999\",\"avatar\":\"gardenia\",\"rating\":2141,\"seed\":\"sodium,c6facb9cbc32a6fe19b9c43a304cc5d1\"}\n>p1 move stickyweb\n>p2 move flamethrower\n>p1 move thunder\n>p2 move flamethrower\n>p1 switch 3\n>p1 move hurricane\n>p2 switch 2\n>p1 switch 6\n>p2 move icebeam\n>p1 move pyroball\n>p2 switch 3\n>p1 move pyroball\n>p2 move protect\n>p1 move pyroball\n>p2 switch 4\n>p1 switch 5\n>p2 move icebeam\n>p1 move hornleech\n>p2 move icebeam\n>p2 switch 2\n>p1 switch 5\n>p2 move hurricane\n>p1 move pyroball\n>p2 switch 6\n>p1 switch 5\n>p2 move earthquake\n>p1 move hornleech\n>p2 move iciclecrash\n>p1 switch 5\n>p2 move earthquake\n>p1 switch 2\n>p1 move flamecharge\n>p2 move earthquake\n>p2 switch 4\n>p1 switch 6\n>p2 move protect\n>p1 move hurricane\n>p2 move protect\n>p1 move hurricane\n>p2 switch 3\n>p1 switch 5\n>p2 move thunderbolt\n>p1 switch 6\n>p1 move sunsteelstrike\n>p2 switch 3\n>p1 move flamecharge\n>p2 move protect\n>p1 move sunsteelstrike\n>p2 move earthquake\n>p2 switch 6\n>p1 move flamecharge terastallize\n>p2 move flamethrower\n>p1 move flamecharge\n>p2 move flamethrower\n>p2 switch 3\n>p1 move sunsteelstrike\n>p2 move icebeam\n>forcelose p2", "uploadtime": 1781403579, "views": 4, "formatid": "gen9randombattle", "rating": null, "private": 0, "password": null}