{"id": "gen9randombattle-2631702630", "format": "[Gen 9] Random Battle", "players": ["Sthibo", "Kingbants"], "log": "|j|\u2606Sthibo\n|j|\u2606Kingbants\n|t:|1781424873\n|gametype|singles\n|player|p1|Sthibo|hilbert-wonderlauncher|1896\n|player|p2|Kingbants|102|1946\n|gen|9\n|tier|[Gen 9] Random Battle\n|rated|\n|rule|Species Clause: Limit one of each Pok\u00e9mon\n|rule|HP Percentage Mod: HP is shown in percentages\n|rule|Sleep Clause Mod: Limit one foe put to sleep\n|rule|Illusion Level Mod: Illusion disguises the Pok\u00e9mon's true level\n|\n|t:|1781424873\n|teamsize|p1|6\n|teamsize|p2|6\n|start\n|switch|p1a: Krookodile|Krookodile, L79, M|280/280\n|switch|p2a: Dondozo|Dondozo, L78, F|362/362\n|-ability|p1a: Krookodile|Intimidate|boost\n|-unboost|p2a: Dondozo|atk|1\n|turn|1\n|inactive|Battle timer is ON: inactive players will automatically lose when time's up. (requested by Sthibo)\n|\n|t:|1781424887\n|switch|p1a: Sceptile|Sceptile, L87, F|264/264\n|move|p2a: Dondozo|Curse|p2a: Dondozo\n|-unboost|p2a: Dondozo|spe|1\n|-boost|p2a: Dondozo|atk|1\n|-boost|p2a: Dondozo|def|1\n|\n|upkeep\n|turn|2\n|\n|t:|1781424897\n|switch|p2a: Talonflame|Talonflame, L83, M|265/265\n|move|p1a: Sceptile|Leech Seed|p2a: Talonflame\n|-start|p2a: Talonflame|move: Leech Seed\n|\n|-damage|p2a: Talonflame|232/265|[from] Leech Seed|[of] p1a: Sceptile\n|upkeep\n|turn|3\n|\n|t:|1781424905\n|switch|p1a: Torkoal|Torkoal, L88, M|266/266\n|-weather|SunnyDay|[from] ability: Drought|[of] p1a: Torkoal\n|move|p2a: Talonflame|U-turn|p1a: Torkoal\n|-resisted|p1a: Torkoal\n|-damage|p1a: Torkoal|251/266\n|\n|t:|1781424927\n|switch|p2a: Azelf|Azelf, L82|257/257|[from] U-turn\n|\n|-weather|SunnyDay|[upkeep]\n|upkeep\n|turn|4\n|\n|t:|1781424934\n|move|p2a: Azelf|U-turn|p1a: Torkoal\n|-resisted|p1a: Torkoal\n|-damage|p1a: Torkoal|233/266\n|\n|t:|1781424938\n|switch|p2a: Talonflame|Talonflame, L83, M|232/265|[from] U-turn\n|move|p1a: Torkoal|Yawn|p2a: Talonflame\n|-start|p2a: Talonflame|move: Yawn|[of] p1a: Torkoal\n|\n|-weather|SunnyDay|[upkeep]\n|upkeep\n|turn|5\n|\n|t:|1781424947\n|move|p2a: Talonflame|U-turn|p1a: Torkoal\n|-resisted|p1a: Torkoal\n|-damage|p1a: Torkoal|218/266\n|\n|t:|1781424951\n|switch|p2a: Araquanid|Araquanid, L82, F|246/246|[from] U-turn\n|move|p1a: Torkoal|Stealth Rock|p2a: Araquanid\n|-sidestart|p2: Kingbants|move: Stealth Rock\n|\n|-weather|SunnyDay|[upkeep]\n|upkeep\n|turn|6\n|\n|t:|1781424962\n|switch|p1a: Flareon|Flareon, L90, M|263/263\n|move|p2a: Araquanid|Sticky Web|p1a: Flareon\n|-sidestart|p1: Sthibo|move: Sticky Web\n|\n|-weather|SunnyDay|[upkeep]\n|-status|p1a: Flareon|tox|[from] item: Toxic Orb\n|upkeep\n|turn|7\n|\n|t:|1781424975\n|switch|p2a: Talonflame|Talonflame, L83, M|232/265\n|move|p1a: Flareon|Trailblaze|p2a: Talonflame\n|-resisted|p2a: Talonflame\n|-damage|p2a: Talonflame|208/265\n|-boost|p1a: Flareon|spe|1\n|\n|-weather|none\n|-damage|p1a: Flareon|247/263 tox|[from] psn\n|upkeep\n|turn|8\n|\n|t:|1781424986\n|move|p2a: Talonflame|Brave Bird|p1a: Flareon\n|-damage|p1a: Flareon|100/263 tox\n|-damage|p2a: Talonflame|159/265|[from] Recoil\n|move|p1a: Flareon|Facade|p2a: Talonflame\n|-damage|p2a: Talonflame|0 fnt\n|faint|p2a: Talonflame\n|\n|-damage|p1a: Flareon|68/263 tox|[from] psn\n|upkeep\n|\n|t:|1781425007\n|switch|p2a: Dondozo|Dondozo, L78, F|362/362\n|-damage|p2a: Dondozo|317/362|[from] Stealth Rock\n|turn|9\n|\n|t:|1781425024\n|move|p1a: Flareon|Facade|p2a: Dondozo\n|-damage|p2a: Dondozo|142/362\n|move|p2a: Dondozo|Rest|p2a: Dondozo\n|-status|p2a: Dondozo|slp|[from] move: Rest\n|-heal|p2a: Dondozo|362/362 slp|[silent]\n|\n|-damage|p1a: Flareon|20/263 tox|[from] psn\n|upkeep\n|turn|10\n|\n|t:|1781425037\n|move|p1a: Flareon|Facade|p2a: Dondozo\n|-damage|p2a: Dondozo|165/362 slp\n|cant|p2a: Dondozo|slp\n|move|p2a: Dondozo|Sleep Talk|p2a: Dondozo\n|move|p2a: Dondozo|Wave Crash|p1a: Flareon|[from] move: Sleep Talk\n|-supereffective|p1a: Flareon\n|-damage|p1a: Flareon|0 fnt\n|faint|p1a: Flareon\n|-damage|p2a: Dondozo|158/362 slp|[from] Recoil\n|\n|-heal|p2a: Dondozo|180/362 slp|[from] item: Leftovers\n|upkeep\n|\n|t:|1781425040\n|switch|p1a: Sceptile|Sceptile, L87, F|264/264\n|-activate|p1a: Sceptile|move: Sticky Web\n|-unboost|p1a: Sceptile|spe|1\n|turn|11\n|\n|t:|1781425056\n|switch|p2a: Araquanid|Araquanid, L82, F|246/246\n|move|p1a: Sceptile|Substitute|p1a: Sceptile\n|-start|p1a: Sceptile|Substitute\n|-damage|p1a: Sceptile|198/264\n|\n|-heal|p1a: Sceptile|214/264|[from] item: Leftovers\n|upkeep\n|turn|12\n|\n|t:|1781425072\n|switch|p2a: Azelf|Azelf, L82|257/257\n|-damage|p2a: Azelf|225/257|[from] Stealth Rock\n|move|p1a: Sceptile|Leech Seed|p2a: Azelf\n|-start|p2a: Azelf|move: Leech Seed\n|\n|-heal|p1a: Sceptile|230/264|[from] item: Leftovers\n|-damage|p2a: Azelf|193/257|[from] Leech Seed|[of] p1a: Sceptile\n|-heal|p1a: Sceptile|262/264|[silent]\n|upkeep\n|turn|13\n|\n|t:|1781425083\n|move|p2a: Azelf|U-turn|p1a: Sceptile\n|-supereffective|p1a: Sceptile\n|-end|p1a: Sceptile|Substitute\n|\n|t:|1781425092\n|switch|p2a: Wigglytuff|Wigglytuff, L96, M|424/424|[from] U-turn\n|-damage|p2a: Wigglytuff|371/424|[from] Stealth Rock\n|move|p1a: Sceptile|Giga Drain|p2a: Wigglytuff\n|-damage|p2a: Wigglytuff|263/424\n|-heal|p1a: Sceptile|264/264|[from] drain|[of] p2a: Wigglytuff\n|\n|-heal|p2a: Wigglytuff|289/424|[from] item: Leftovers\n|upkeep\n|turn|14\n|\n|t:|1781425103\n|move|p1a: Sceptile|Leech Seed|p2a: Wigglytuff\n|-start|p2a: Wigglytuff|move: Leech Seed\n|move|p2a: Wigglytuff|Fire Blast|p1a: Sceptile|[miss]\n|-miss|p2a: Wigglytuff|p1a: Sceptile\n|\n|-heal|p2a: Wigglytuff|315/424|[from] item: Leftovers\n|-damage|p2a: Wigglytuff|262/424|[from] Leech Seed|[of] p1a: Sceptile\n|upkeep\n|turn|15\n|-message|Kingbants forfeited.\n|\n|win|Sthibo\n|raw|Sthibo's rating: 1896 &rarr; <strong>1919</strong><br />(+23 for winning)\n|raw|Kingbants's rating: 1946 &rarr; <strong>1923</strong><br />(-23 for losing)\n", "inputlog": ">version a8376a258c1d4662feba110a92103f3664a72141\n>start {\"formatid\":\"gen9randombattle\",\"seed\":\"sodium,79b75457fde09cdfa7e5b9a78a24508e\",\"rated\":\"Rated battle\"}\n>player p1 {\"name\":\"Sthibo\",\"avatar\":\"hilbert-wonderlauncher\",\"rating\":1896,\"seed\":\"sodium,5c777f989153b37e59f24b72d376bdb5\"}\n>player p2 {\"name\":\"Kingbants\",\"avatar\":\"102\",\"rating\":1946,\"seed\":\"sodium,b7a917d38167dcd201fd230a75954f72\"}\n>p1 switch 6\n>p2 move curse\n>p1 move leechseed\n>p2 switch 3\n>p1 switch 2\n>p2 move uturn\n>p2 switch 2\n>p1 move yawn\n>p2 move uturn\n>p2 switch 2\n>p1 move stealthrock\n>p2 move uturn\n>p2 switch 5\n>p1 switch 5\n>p2 move stickyweb\n>p1 move trailblaze\n>p2 switch 5\n>p1 move facade\n>p2 move bravebird\n>p2 switch 3\n>p1 move facade\n>p2 move rest\n>p1 move facade\n>p2 move sleeptalk\n>p1 switch 2\n>p1 move substitute\n>p2 switch 5\n>p1 move leechseed\n>p2 switch 2\n>p1 move gigadrain\n>p2 move uturn\n>p2 switch 6\n>p1 move leechseed\n>p2 move fireblast\n>forcelose p2", "uploadtime": 1781425109, "views": 5, "formatid": "gen9randombattle", "rating": 1919, "private": 0, "password": null}