{"id": "gen9randombattle-2631851613", "format": "[Gen 9] Random Battle", "players": ["PlizComeToBrazil", "goooze"], "log": "|j|\u2606PlizComeToBrazil\n|j|\u2606goooze\n|t:|1781448146\n|gametype|singles\n|player|p1|PlizComeToBrazil|102|2207\n|player|p2|goooze|sage|2217\n|gen|9\n|tier|[Gen 9] Random Battle\n|rated|\n|rule|Species Clause: Limit one of each Pok\u00e9mon\n|rule|HP Percentage Mod: HP is shown in percentages\n|rule|Sleep Clause Mod: Limit one foe put to sleep\n|rule|Illusion Level Mod: Illusion disguises the Pok\u00e9mon's true level\n|\n|t:|1781448146\n|teamsize|p1|6\n|teamsize|p2|6\n|start\n|switch|p1a: Banette|Banette, L93, M|270/270\n|switch|p2a: Garchomp|Garchomp, L74, F|282/282\n|turn|1\n|inactive|Battle timer is ON: inactive players will automatically lose when time's up. (requested by PlizComeToBrazil)\n|\n|t:|1781448176\n|switch|p1a: Granbull|Granbull, L88, F|302/302\n|-ability|p1a: Granbull|Intimidate|boost\n|-unboost|p2a: Garchomp|atk|1\n|move|p2a: Garchomp|Earthquake|p1a: Granbull\n|-damage|p1a: Granbull|232/302\n|\n|-heal|p1a: Granbull|250/302|[from] item: Leftovers\n|upkeep\n|turn|2\n|\n|t:|1781448187\n|switch|p2a: Arbok|Arbok, L87, M|246/246\n|-ability|p2a: Arbok|Intimidate|boost\n|-unboost|p1a: Granbull|atk|1\n|move|p1a: Granbull|Thunder Wave|p2a: Arbok|[miss]\n|-miss|p1a: Granbull|p2a: Arbok\n|\n|-heal|p1a: Granbull|268/302|[from] item: Leftovers\n|upkeep\n|turn|3\n|\n|t:|1781448210\n|switch|p1a: Whiscash|Whiscash, L88, M|337/337\n|move|p2a: Arbok|Gunk Shot|p1a: Whiscash\n|-resisted|p1a: Whiscash\n|-damage|p1a: Whiscash|249/337\n|-status|p1a: Whiscash|psn\n|-damage|p2a: Arbok|222/246|[from] item: Life Orb\n|\n|-heal|p1a: Whiscash|270/337 psn|[from] item: Leftovers\n|-damage|p1a: Whiscash|228/337 psn|[from] psn\n|upkeep\n|turn|4\n|\n|t:|1781448226\n|switch|p2a: Noctowl|Noctowl, L95, M|344/344\n|move|p1a: Whiscash|Spikes|p2a: Noctowl\n|-sidestart|p2: goooze|Spikes\n|\n|-heal|p1a: Whiscash|249/337 psn|[from] item: Leftovers\n|-damage|p1a: Whiscash|207/337 psn|[from] psn\n|upkeep\n|turn|5\n|\n|t:|1781448243\n|switch|p1a: Garchomp|Garchomp, L74, M|282/282\n|move|p2a: Noctowl|Hyper Voice|p1a: Garchomp\n|-damage|p1a: Garchomp|156/282\n|\n|upkeep\n|turn|6\n|\n|t:|1781448252\n|move|p1a: Garchomp|Scale Shot|p2a: Noctowl\n|-damage|p2a: Noctowl|307/344\n|-damage|p2a: Noctowl|273/344\n|-damage|p2a: Noctowl|236/344\n|-crit|p2a: Noctowl\n|-damage|p2a: Noctowl|178/344\n|-hitcount|p2a: Noctowl|4\n|-unboost|p1a: Garchomp|def|1\n|-boost|p1a: Garchomp|spe|1\n|move|p2a: Noctowl|Hurricane|p1a: Garchomp\n|-damage|p1a: Garchomp|0 fnt\n|faint|p1a: Garchomp\n|\n|upkeep\n|inactive|PlizComeToBrazil has 120 seconds left.\n|\n|t:|1781448271\n|switch|p1a: Granbull|Granbull, L88, F|268/302\n|-ability|p1a: Granbull|Intimidate|boost\n|-unboost|p2a: Noctowl|atk|1\n|turn|7\n|\n|t:|1781448278\n|switch|p2a: Arbok|Arbok, L87, M|222/246\n|-damage|p2a: Arbok|192/246|[from] Spikes\n|-ability|p2a: Arbok|Intimidate|boost\n|-unboost|p1a: Granbull|atk|1\n|move|p1a: Granbull|Thunder Wave|p2a: Arbok|[miss]\n|-miss|p1a: Granbull|p2a: Arbok\n|\n|-heal|p1a: Granbull|286/302|[from] item: Leftovers\n|upkeep\n|turn|8\n|c|\u2606PlizComeToBrazil|Of course\n|\n|t:|1781448297\n|switch|p1a: Banette|Banette, L93, M|270/270\n|move|p2a: Arbok|Earthquake|p1a: Banette\n|-damage|p1a: Banette|162/270\n|-damage|p2a: Arbok|168/246|[from] item: Life Orb\n|\n|upkeep\n|turn|9\n|inactive|PlizComeToBrazil has 120 seconds left.\n|inactive|goooze has 120 seconds left.\n|inactive|PlizComeToBrazil has 90 seconds left.\n|inactive|PlizComeToBrazil has 60 seconds left.\n|inactive|PlizComeToBrazil has 30 seconds left.\n|inactive|PlizComeToBrazil has 20 seconds left.\n|inactive|PlizComeToBrazil has 15 seconds left.\n|inactive|PlizComeToBrazil has 10 seconds left.\n|inactive|PlizComeToBrazil has 5 seconds left.\n|-message|PlizComeToBrazil lost due to inactivity.\n|\n|win|goooze\n", "inputlog": ">version a8376a258c1d4662feba110a92103f3664a72141\n>start {\"formatid\":\"gen9randombattle\",\"seed\":\"sodium,1cdfd206239755b7066371adf4a74b99\",\"rated\":\"Rated battle\"}\n>player p1 {\"name\":\"PlizComeToBrazil\",\"avatar\":\"102\",\"rating\":2207,\"seed\":\"sodium,7c8889b39c4f15024ddcbc89685d03fa\"}\n>player p2 {\"name\":\"goooze\",\"avatar\":\"sage\",\"rating\":2217,\"seed\":\"sodium,94de9831e076261b24c5ffa32f49451d\"}\n>p1 switch 2\n>p2 move earthquake\n>p1 move thunderwave\n>p2 switch 4\n>p1 switch 3\n>p2 move gunkshot\n>p1 move spikes\n>p2 switch 3\n>p1 switch 5\n>p2 move hypervoice\n>p1 move scaleshot\n>p2 move hurricane\n>p1 switch 3\n>p1 move thunderwave\n>p2 switch 3\n>chat \u2606PlizComeToBrazil|Of course \n>p1 switch 2\n>p2 move earthquake\n>forcelose p1", "uploadtime": 1781448148, "views": 5, "formatid": "gen9randombattle", "rating": null, "private": 0, "password": null}