{"id": "gen9randombattle-2631613953", "format": "[Gen 9] Random Battle", "players": ["chrqm", "bellenguer2"], "log": "|j|\u2606chrqm\n|j|\u2606bellenguer2\n|t:|1781409020\n|gametype|singles\n|player|p1|chrqm|169|1585\n|player|p2|bellenguer2|dawn|1545\n|gen|9\n|tier|[Gen 9] Random Battle\n|rated|\n|rule|Species Clause: Limit one of each Pok\u00e9mon\n|rule|HP Percentage Mod: HP is shown in percentages\n|rule|Sleep Clause Mod: Limit one foe put to sleep\n|rule|Illusion Level Mod: Illusion disguises the Pok\u00e9mon's true level\n|\n|t:|1781409020\n|teamsize|p1|6\n|teamsize|p2|6\n|start\n|switch|p1a: Great Tusk|Great Tusk, L77|304/304\n|switch|p2a: Camerupt|Camerupt, L91, F|275/275\n|turn|1\n|inactive|Battle timer is ON: inactive players will automatically lose when time's up. (requested by chrqm)\n|\n|t:|1781409039\n|switch|p2a: Articuno|Articuno-Galar, L84|288/288\n|move|p1a: Great Tusk|Earthquake|p2a: Articuno\n|-immune|p2a: Articuno\n|\n|upkeep\n|turn|2\n|\n|t:|1781409052\n|-end|p1a: Great Tusk|Protosynthesis|[silent]\n|switch|p1a: Indeedee|Indeedee-F, L90, F|272/272\n|-fieldstart|move: Psychic Terrain|[from] ability: Psychic Surge|[of] p1a: Indeedee\n|move|p2a: Articuno|Freezing Glare|p1a: Indeedee\n|-resisted|p1a: Indeedee\n|-damage|p1a: Indeedee|221/272\n|\n|upkeep\n|turn|3\n|\n|t:|1781409063\n|move|p2a: Articuno|Calm Mind|p2a: Articuno\n|-boost|p2a: Articuno|spa|1\n|-boost|p2a: Articuno|spd|1\n|move|p1a: Indeedee|Shadow Ball|p2a: Articuno\n|-supereffective|p2a: Articuno\n|-damage|p2a: Articuno|164/288\n|-unboost|p2a: Articuno|spd|1\n|-ability|p2a: Articuno|Competitive|boost\n|-boost|p2a: Articuno|spa|2\n|\n|upkeep\n|turn|4\n|inactive|chrqm has 120 seconds left.\n|\n|t:|1781409094\n|move|p2a: Articuno|Calm Mind|p2a: Articuno\n|-boost|p2a: Articuno|spa|1\n|-boost|p2a: Articuno|spd|1\n|move|p1a: Indeedee|Shadow Ball|p2a: Articuno\n|-supereffective|p2a: Articuno\n|-damage|p2a: Articuno|52/288\n|\n|upkeep\n|turn|5\n|inactive|bellenguer2 has 120 seconds left.\n|inactive|bellenguer2 has 90 seconds left.\n|inactive|bellenguer2 has 60 seconds left.\n|\n|t:|1781409186\n|move|p2a: Articuno|Hurricane|p1a: Indeedee\n|-damage|p1a: Indeedee|0 fnt\n|faint|p1a: Indeedee\n|\n|upkeep\n|\n|t:|1781409193\n|switch|p1a: Volcanion|Volcanion, L79|255/255\n|turn|6\n|\n|t:|1781409198\n|move|p1a: Volcanion|Flamethrower|p2a: Articuno\n|-damage|p2a: Articuno|0 fnt\n|faint|p2a: Articuno\n|\n|-fieldend|move: Psychic Terrain\n|upkeep\n|\n|t:|1781409217\n|switch|p2a: Ampharos|Ampharos, L88, M|302/302\n|turn|7\n|inactive|chrqm has 120 seconds left.\n|\n|t:|1781409268\n|switch|p1a: Great Tusk|Great Tusk, L77|304/304\n|move|p2a: Ampharos|Discharge|p1a: Great Tusk\n|-immune|p1a: Great Tusk\n|\n|upkeep\n|turn|8\n|\n|t:|1781409275\n|move|p1a: Great Tusk|Earthquake|p2a: Ampharos\n|-supereffective|p2a: Ampharos\n|-damage|p2a: Ampharos|90/302\n|move|p2a: Ampharos|Dazzling Gleam|p1a: Great Tusk\n|-supereffective|p1a: Great Tusk\n|-damage|p1a: Great Tusk|76/304\n|\n|-heal|p1a: Great Tusk|95/304|[from] item: Leftovers\n|upkeep\n|turn|9\n|inactive|chrqm has 90 seconds left.\n|\n|t:|1781409308\n|move|p1a: Great Tusk|Earthquake|p2a: Ampharos\n|-supereffective|p2a: Ampharos\n|-damage|p2a: Ampharos|0 fnt\n|faint|p2a: Ampharos\n|\n|-heal|p1a: Great Tusk|114/304|[from] item: Leftovers\n|upkeep\n|\n|t:|1781409318\n|switch|p2a: Medicham|Medicham, L86, M|243/243\n|turn|10\n|inactive|chrqm has 90 seconds left.\n|\n|t:|1781409344\n|move|p2a: Medicham|Close Combat|p1a: Great Tusk\n|-damage|p1a: Great Tusk|0 fnt\n|-unboost|p2a: Medicham|def|1\n|-unboost|p2a: Medicham|spd|1\n|faint|p1a: Great Tusk\n|-end|p1a: Great Tusk|Protosynthesis|[silent]\n|\n|upkeep\n|\n|t:|1781409348\n|switch|p1a: Dachsbun|Dachsbun, L92, M|254/254\n|turn|11\n|inactive|bellenguer2 has 90 seconds left.\n|inactive|bellenguer2 has 60 seconds left.\n|\n|t:|1781409403\n|switch|p2a: Camerupt|Camerupt, L91, F|275/275\n|move|p1a: Dachsbun|Play Rough|p2a: Camerupt\n|-resisted|p2a: Camerupt\n|-damage|p2a: Camerupt|217/275\n|\n|-heal|p2a: Camerupt|234/275|[from] item: Leftovers\n|upkeep\n|turn|12\n|\n|t:|1781409417\n|switch|p1a: Lumineon|Lumineon, L93, M|279/279\n|move|p2a: Camerupt|Stealth Rock|p1a: Lumineon\n|-sidestart|p1: chrqm|move: Stealth Rock\n|\n|-heal|p2a: Camerupt|251/275|[from] item: Leftovers\n|upkeep\n|turn|13\n|\n|t:|1781409423\n|switch|p2a: Scrafty|Scrafty, L83, M|244/244\n|move|p1a: Lumineon|Hydro Pump|p2a: Scrafty|[miss]\n|-miss|p1a: Lumineon|p2a: Scrafty\n|\n|upkeep\n|turn|14\n|inactive|bellenguer2 has 60 seconds left.\n|inactive|chrqm has 90 seconds left.\n|\n|t:|1781409453\n|move|p1a: Lumineon|Hydro Pump|p2a: Scrafty\n|-damage|p2a: Scrafty|148/244\n|move|p2a: Scrafty|Drain Punch|p1a: Lumineon\n|-damage|p1a: Lumineon|204/279\n|-heal|p2a: Scrafty|186/244|[from] drain|[of] p1a: Lumineon\n|\n|-heal|p2a: Scrafty|201/244|[from] item: Leftovers\n|upkeep\n|turn|15\n|\n|t:|1781409459\n|move|p1a: Lumineon|Hydro Pump|p2a: Scrafty\n|-damage|p2a: Scrafty|110/244\n|move|p2a: Scrafty|Drain Punch|p1a: Lumineon\n|-damage|p1a: Lumineon|128/279\n|-heal|p2a: Scrafty|148/244|[from] drain|[of] p1a: Lumineon\n|\n|-heal|p2a: Scrafty|163/244|[from] item: Leftovers\n|upkeep\n|turn|16\n|inactive|chrqm has 90 seconds left.\n|inactive|chrqm has 60 seconds left.\n|\n|t:|1781409508\n|move|p1a: Lumineon|U-turn|p2a: Scrafty\n|-damage|p2a: Scrafty|122/244\n|\n|t:|1781409511\n|switch|p1a: Dachsbun|Dachsbun, L92, M|254/254|[from] U-turn\n|-damage|p1a: Dachsbun|223/254|[from] Stealth Rock\n|move|p2a: Scrafty|Drain Punch|p1a: Dachsbun\n|-resisted|p1a: Dachsbun\n|-damage|p1a: Dachsbun|196/254\n|-heal|p2a: Scrafty|136/244|[from] drain|[of] p1a: Dachsbun\n|\n|-heal|p1a: Dachsbun|211/254|[from] item: Leftovers\n|-heal|p2a: Scrafty|151/244|[from] item: Leftovers\n|upkeep\n|turn|17\n|\n|t:|1781409528\n|switch|p2a: Camerupt|Camerupt, L91, F|251/275\n|move|p1a: Dachsbun|Play Rough|p2a: Camerupt\n|-resisted|p2a: Camerupt\n|-damage|p2a: Camerupt|197/275\n|\n|-heal|p1a: Dachsbun|226/254|[from] item: Leftovers\n|-heal|p2a: Camerupt|214/275|[from] item: Leftovers\n|upkeep\n|turn|18\n|inactive|chrqm has 60 seconds left.\n|\n|t:|1781409560\n|move|p1a: Dachsbun|Yawn|p2a: Camerupt\n|-start|p2a: Camerupt|move: Yawn|[of] p1a: Dachsbun\n|move|p2a: Camerupt|Earthquake|p1a: Dachsbun\n|-damage|p1a: Dachsbun|130/254\n|\n|-heal|p1a: Dachsbun|145/254|[from] item: Leftovers\n|-heal|p2a: Camerupt|231/275|[from] item: Leftovers\n|upkeep\n|turn|19\n|\n|t:|1781409578\n|move|p1a: Dachsbun|Wish|p1a: Dachsbun\n|move|p2a: Camerupt|Earthquake|p1a: Dachsbun\n|-damage|p1a: Dachsbun|42/254\n|\n|-heal|p1a: Dachsbun|57/254|[from] item: Leftovers\n|-heal|p2a: Camerupt|248/275|[from] item: Leftovers\n|-end|p2a: Camerupt|move: Yawn|[silent]\n|-status|p2a: Camerupt|slp\n|upkeep\n|turn|20\n|inactive|chrqm has 60 seconds left.\n|\n|t:|1781409613\n|move|p1a: Dachsbun|Play Rough|p2a: Camerupt\n|-resisted|p2a: Camerupt\n|-damage|p2a: Camerupt|192/275 slp\n|cant|p2a: Camerupt|slp\n|\n|-heal|p1a: Dachsbun|184/254|[from] move: Wish|[wisher] Dachsbun\n|-heal|p1a: Dachsbun|199/254|[from] item: Leftovers\n|-heal|p2a: Camerupt|209/275 slp|[from] item: Leftovers\n|upkeep\n|turn|21\n|inactive|bellenguer2 has 60 seconds left.\n|\n|t:|1781409653\n|move|p1a: Dachsbun|Wish|p1a: Dachsbun\n|-curestatus|p2a: Camerupt|slp|[msg]\n|move|p2a: Camerupt|Earthquake|p1a: Dachsbun\n|-damage|p1a: Dachsbun|103/254\n|\n|-heal|p1a: Dachsbun|118/254|[from] item: Leftovers\n|-heal|p2a: Camerupt|226/275|[from] item: Leftovers\n|upkeep\n|turn|22\n|\n|t:|1781409669\n|move|p1a: Dachsbun|Play Rough|p2a: Camerupt\n|-resisted|p2a: Camerupt\n|-damage|p2a: Camerupt|174/275\n|move|p2a: Camerupt|Earthquake|p1a: Dachsbun\n|-damage|p1a: Dachsbun|19/254\n|\n|-heal|p1a: Dachsbun|146/254|[from] move: Wish|[wisher] Dachsbun\n|-heal|p1a: Dachsbun|161/254|[from] item: Leftovers\n|-heal|p2a: Camerupt|191/275|[from] item: Leftovers\n|upkeep\n|turn|23\n|\n|t:|1781409677\n|move|p1a: Dachsbun|Wish|p1a: Dachsbun\n|move|p2a: Camerupt|Earthquake|p1a: Dachsbun\n|-damage|p1a: Dachsbun|68/254\n|\n|-heal|p1a: Dachsbun|83/254|[from] item: Leftovers\n|-heal|p2a: Camerupt|208/275|[from] item: Leftovers\n|upkeep\n|turn|24\n|inactive|chrqm has 60 seconds left.\n|inactive|chrqm has 30 seconds left.\n|inactive|chrqm has 20 seconds left.\n|\n|t:|1781409725\n|move|p1a: Dachsbun|Yawn|p2a: Camerupt\n|-start|p2a: Camerupt|move: Yawn|[of] p1a: Dachsbun\n|move|p2a: Camerupt|Earthquake|p1a: Dachsbun\n|-damage|p1a: Dachsbun|0 fnt\n|faint|p1a: Dachsbun\n|\n|-heal|p2a: Camerupt|225/275|[from] item: Leftovers\n|upkeep\n|inactive|chrqm has 25 seconds left this turn.\n|\n|t:|1781409729\n|switch|p1a: Lumineon|Lumineon, L93, M|128/279\n|turn|25\n|\n|t:|1781409736\n|-terastallize|p2a: Camerupt|Grass\n|move|p1a: Lumineon|Hydro Pump|p2a: Camerupt\n|-resisted|p2a: Camerupt\n|-damage|p2a: Camerupt|170/275\n|move|p2a: Camerupt|Earthquake|p1a: Lumineon\n|-damage|p1a: Lumineon|8/279\n|\n|-heal|p2a: Camerupt|187/275|[from] item: Leftovers\n|-end|p2a: Camerupt|move: Yawn|[silent]\n|-status|p2a: Camerupt|slp\n|upkeep\n|turn|26\n|inactive|chrqm has 30 seconds left.\n|inactive|chrqm has 20 seconds left.\n|inactive|chrqm has 15 seconds left.\n|\n|t:|1781409766\n|move|p1a: Lumineon|Ice Beam|p2a: Camerupt\n|-supereffective|p2a: Camerupt\n|-damage|p2a: Camerupt|87/275 slp\n|cant|p2a: Camerupt|slp\n|\n|-heal|p2a: Camerupt|104/275 slp|[from] item: Leftovers\n|upkeep\n|turn|27\n|inactive|chrqm has 25 seconds left this turn.\n|\n|t:|1781409771\n|move|p1a: Lumineon|Ice Beam|p2a: Camerupt\n|-supereffective|p2a: Camerupt\n|-damage|p2a: Camerupt|16/275 slp\n|cant|p2a: Camerupt|slp\n|\n|-heal|p2a: Camerupt|33/275 slp|[from] item: Leftovers\n|upkeep\n|turn|28\n|inactive|chrqm has 30 seconds left.\n|inactive|chrqm has 20 seconds left.\n|\n|t:|1781409789\n|move|p1a: Lumineon|Ice Beam|p2a: Camerupt\n|-supereffective|p2a: Camerupt\n|-damage|p2a: Camerupt|0 fnt\n|faint|p2a: Camerupt\n|\n|upkeep\n|\n|t:|1781409801\n|switch|p2a: Scrafty|Scrafty, L83, M|151/244\n|turn|29\n|inactive|chrqm has 30 seconds left.\n|\n|t:|1781409814\n|move|p1a: Lumineon|Hydro Pump|p2a: Scrafty|[miss]\n|-miss|p1a: Lumineon|p2a: Scrafty\n|move|p2a: Scrafty|Drain Punch|p1a: Lumineon\n|-damage|p1a: Lumineon|0 fnt\n|-heal|p2a: Scrafty|155/244|[from] drain|[of] p1a: Lumineon\n|faint|p1a: Lumineon\n|\n|-heal|p2a: Scrafty|170/244|[from] item: Leftovers\n|upkeep\n|inactive|chrqm has 30 seconds left this turn.\n|inactive|chrqm has 20 seconds left.\n|inactive|chrqm has 15 seconds left.\n|inactive|chrqm has 10 seconds left.\n|inactive|chrqm has 5 seconds left.\n|\n|t:|1781409841\n|switch|p1a: Gurdurr|Gurdurr, L85, F|283/283\n|-damage|p1a: Gurdurr|266/283|[from] Stealth Rock\n|turn|30\n|inactive|chrqm has 15 seconds left this turn.\n|\n|t:|1781409845\n|move|p2a: Scrafty|Drain Punch|p1a: Gurdurr\n|-damage|p1a: Gurdurr|214/283\n|-heal|p2a: Scrafty|196/244|[from] drain|[of] p1a: Gurdurr\n|move|p1a: Gurdurr|Drain Punch|p2a: Scrafty\n|-supereffective|p2a: Scrafty\n|-damage|p2a: Scrafty|38/244\n|-heal|p1a: Gurdurr|283/283|[from] drain|[of] p2a: Scrafty\n|\n|-heal|p2a: Scrafty|53/244|[from] item: Leftovers\n|upkeep\n|turn|31\n|inactive|chrqm has 25 seconds left this turn.\n|\n|t:|1781409848\n|move|p2a: Scrafty|Drain Punch|p1a: Gurdurr\n|-damage|p1a: Gurdurr|232/283\n|-heal|p2a: Scrafty|79/244|[from] drain|[of] p1a: Gurdurr\n|move|p1a: Gurdurr|Drain Punch|p2a: Scrafty\n|-supereffective|p2a: Scrafty\n|-damage|p2a: Scrafty|0 fnt\n|-heal|p1a: Gurdurr|272/283|[from] drain|[of] p2a: Scrafty\n|faint|p2a: Scrafty\n|\n|upkeep\n|\n|t:|1781409853\n|switch|p2a: Medicham|Medicham, L86, M|243/243\n|turn|32\n|\n|t:|1781409858\n|move|p2a: Medicham|Zen Headbutt|p1a: Gurdurr\n|-supereffective|p1a: Gurdurr\n|-damage|p1a: Gurdurr|8/283\n|move|p1a: Gurdurr|Knock Off|p2a: Medicham\n|-damage|p2a: Medicham|157/243\n|-enditem|p2a: Medicham|Choice Band|[from] move: Knock Off|[of] p1a: Gurdurr\n|\n|upkeep\n|turn|33\n|\n|t:|1781409866\n|move|p2a: Medicham|Close Combat|p1a: Gurdurr\n|-damage|p1a: Gurdurr|0 fnt\n|-unboost|p2a: Medicham|def|1\n|-unboost|p2a: Medicham|spd|1\n|faint|p1a: Gurdurr\n|\n|upkeep\n|\n|t:|1781409875\n|switch|p1a: Volcanion|Volcanion, L79|255/255\n|-damage|p1a: Volcanion|192/255|[from] Stealth Rock\n|turn|34\n|\n|t:|1781409879\n|move|p1a: Volcanion|Steam Eruption|p2a: Medicham\n|-damage|p2a: Medicham|0 fnt\n|faint|p2a: Medicham\n|\n|upkeep\n|\n|t:|1781409882\n|switch|p2a: Zekrom|Zekrom, L71|259/259\n|-ability|p2a: Zekrom|Teravolt\n|turn|35\n|-message|chrqm forfeited.\n|\n|win|bellenguer2\n|raw|chrqm's rating: 1585 &rarr; <strong>1563</strong><br />(-22 for losing)\n|raw|bellenguer2's rating: 1545 &rarr; <strong>1567</strong><br />(+22 for winning)\n|l|\u2606chrqm\n|player|p1|\n", "uploadtime": 1781409888, "views": 3, "formatid": "gen9randombattle", "rating": 1563, "private": 0, "password": null}