{"id": "gen9randombattle-2631582832", "format": "[Gen 9] Random Battle", "players": ["catlib", "Arsenal0394"], "log": "|j|\u2606catlib\n|j|\u203dArsenal0394\n|t:|1781404475\n|gametype|singles\n|player|p1|catlib|birdkeeper|1982\n|player|p2|Arsenal0394|2|2002\n|gen|9\n|tier|[Gen 9] Random Battle\n|rated|\n|rule|Species Clause: Limit one of each Pok\u00e9mon\n|rule|HP Percentage Mod: HP is shown in percentages\n|rule|Sleep Clause Mod: Limit one foe put to sleep\n|rule|Illusion Level Mod: Illusion disguises the Pok\u00e9mon's true level\n|\n|t:|1781404475\n|teamsize|p1|6\n|teamsize|p2|6\n|start\n|switch|p1a: Bronzong|Bronzong, L88|261/261\n|switch|p2a: Pikachu|Pikachu, L93, M|216/216\n|turn|1\n|\n|t:|1781404490\n|move|p2a: Pikachu|Volt Switch|p1a: Bronzong\n|-damage|p1a: Bronzong|177/261\n|\n|t:|1781404497\n|switch|p2a: Furret|Furret, L94, F|312/312|[from] Volt Switch\n|-item|p1a: Bronzong|Leftovers|[from] ability: Frisk|[of] p2a: Furret\n|move|p1a: Bronzong|Hypnosis|p2a: Furret|[miss]\n|-miss|p1a: Bronzong|p2a: Furret\n|\n|-heal|p1a: Bronzong|193/261|[from] item: Leftovers\n|upkeep\n|turn|2\n|\n|t:|1781404509\n|move|p2a: Furret|Knock Off|p1a: Bronzong\n|-supereffective|p1a: Bronzong\n|-crit|p1a: Bronzong\n|-damage|p1a: Bronzong|0 fnt\n|-enditem|p1a: Bronzong|Leftovers|[from] move: Knock Off|[of] p2a: Furret\n|faint|p1a: Bronzong\n|-damage|p2a: Furret|281/312|[from] item: Life Orb\n|\n|upkeep\n|\n|t:|1781404514\n|switch|p1a: Conkeldurr|Conkeldurr, L80, M|299/299\n|turn|3\n|\n|t:|1781404522\n|move|p2a: Furret|Knock Off|p1a: Conkeldurr\n|-resisted|p1a: Conkeldurr\n|-damage|p1a: Conkeldurr|252/299\n|-enditem|p1a: Conkeldurr|Flame Orb|[from] move: Knock Off|[of] p2a: Furret\n|-damage|p2a: Furret|250/312|[from] item: Life Orb\n|move|p1a: Conkeldurr|Close Combat|p2a: Furret\n|-supereffective|p2a: Furret\n|-damage|p2a: Furret|0 fnt\n|-unboost|p1a: Conkeldurr|def|1\n|-unboost|p1a: Conkeldurr|spd|1\n|faint|p2a: Furret\n|\n|upkeep\n|\n|t:|1781404537\n|switch|p2a: Necrozma|Necrozma-Dawn-Wings, L76|272/272\n|turn|4\n|\n|t:|1781404544\n|switch|p1a: Hypno|Hypno, L95, M|315/315\n|move|p2a: Necrozma|Photon Geyser|p1a: Hypno\n|-resisted|p1a: Hypno\n|-damage|p1a: Hypno|253/315\n|-damage|p2a: Necrozma|245/272|[from] item: Life Orb\n|\n|-heal|p1a: Hypno|272/315|[from] item: Leftovers\n|upkeep\n|turn|5\n|\n|t:|1781404552\n|move|p1a: Hypno|Toxic|p2a: Necrozma\n|-status|p2a: Necrozma|tox\n|move|p2a: Necrozma|Moongeist Beam|p1a: Hypno\n|-supereffective|p1a: Hypno\n|-crit|p1a: Hypno\n|-damage|p1a: Hypno|0 fnt\n|faint|p1a: Hypno\n|-damage|p2a: Necrozma|218/272 tox|[from] item: Life Orb\n|\n|-damage|p2a: Necrozma|201/272 tox|[from] psn\n|upkeep\n|\n|t:|1781404563\n|switch|p1a: Rotom|Rotom, L88|231/231\n|turn|6\n|c|\u2606catlib|crit city\n|inactive|Battle timer is ON: inactive players will automatically lose when time's up. (requested by catlib)\n|\n|t:|1781404591\n|-terastallize|p2a: Necrozma|Fighting\n|move|p1a: Rotom|Shadow Ball|p2a: Necrozma\n|-damage|p2a: Necrozma|106/272 tox\n|-damage|p1a: Rotom|208/231|[from] item: Life Orb\n|move|p2a: Necrozma|Moongeist Beam|p1a: Rotom\n|-supereffective|p1a: Rotom\n|-damage|p1a: Rotom|0 fnt\n|faint|p1a: Rotom\n|-damage|p2a: Necrozma|79/272 tox|[from] item: Life Orb\n|\n|-damage|p2a: Necrozma|45/272 tox|[from] psn\n|upkeep\n|\n|t:|1781404613\n|switch|p1a: Conkeldurr|Conkeldurr, L80, M|252/299\n|turn|7\n|\n|t:|1781404624\n|move|p1a: Conkeldurr|Mach Punch|p2a: Necrozma\n|-damage|p2a: Necrozma|0 fnt\n|faint|p2a: Necrozma\n|\n|upkeep\n|\n|t:|1781404627\n|switch|p2a: Quaquaval|Quaquaval, L79, M|264/264\n|turn|8\n|\n|t:|1781404630\n|move|p2a: Quaquaval|Aqua Step|p1a: Conkeldurr\n|-damage|p1a: Conkeldurr|170/299\n|-boost|p2a: Quaquaval|spe|1\n|move|p1a: Conkeldurr|Close Combat|p2a: Quaquaval\n|-damage|p2a: Quaquaval|87/264\n|-unboost|p1a: Conkeldurr|def|1\n|-unboost|p1a: Conkeldurr|spd|1\n|\n|-heal|p2a: Quaquaval|103/264|[from] item: Leftovers\n|upkeep\n|turn|9\n|\n|t:|1781404637\n|move|p2a: Quaquaval|Close Combat|p1a: Conkeldurr\n|-damage|p1a: Conkeldurr|0 fnt\n|-unboost|p2a: Quaquaval|def|1\n|-unboost|p2a: Quaquaval|spd|1\n|faint|p1a: Conkeldurr\n|-ability|p2a: Quaquaval|Moxie|boost\n|-boost|p2a: Quaquaval|atk|1\n|\n|-heal|p2a: Quaquaval|119/264|[from] item: Leftovers\n|upkeep\n|\n|t:|1781404639\n|switch|p1a: Cetitan|Cetitan, L82, M|412/412\n|turn|10\n|\n|t:|1781404647\n|move|p2a: Quaquaval|Close Combat|p1a: Cetitan\n|-supereffective|p1a: Cetitan\n|-damage|p1a: Cetitan|0 fnt\n|-unboost|p2a: Quaquaval|def|1\n|-unboost|p2a: Quaquaval|spd|1\n|faint|p1a: Cetitan\n|-ability|p2a: Quaquaval|Moxie|boost\n|-boost|p2a: Quaquaval|atk|1\n|\n|-heal|p2a: Quaquaval|135/264|[from] item: Leftovers\n|upkeep\n|\n|t:|1781404650\n|switch|p1a: Zebstrika|Zebstrika, L87, F|272/272\n|turn|11\n|-message|catlib forfeited.\n|\n|win|Arsenal0394\n", "inputlog": ">version a8376a258c1d4662feba110a92103f3664a72141\n>start {\"formatid\":\"gen9randombattle\",\"seed\":\"sodium,f63c3d09c35068bea2395700e4091727\",\"rated\":\"Rated battle\"}\n>player p1 {\"name\":\"catlib\",\"avatar\":\"birdkeeper\",\"rating\":1982,\"seed\":\"sodium,0fbc0c54d55b9acae9cd7468b226f811\"}\n>player p2 {\"name\":\"Arsenal0394\",\"avatar\":\"2\",\"rating\":2002,\"seed\":\"sodium,b33429c2f0859386da1ede7d86ed8c50\"}\n>p1 move hypnosis\n>p2 move voltswitch\n>p2 switch 2\n>p1 move stealthrock\n>p2 move knockoff\n>p1 switch 6\n>p1 move closecombat\n>p2 move knockoff\n>p2 switch 3\n>p1 switch 2\n>p2 move photongeyser\n>p1 move toxic\n>p2 move moongeistbeam\n>p1 switch 3\n>chat \u2606catlib|crit city\n>p1 move shadowball\n>p2 move moongeistbeam terastallize\n>p1 switch 2\n>p1 move machpunch\n>p2 move moongeistbeam\n>p2 switch 4\n>p1 move closecombat\n>p2 move aquastep\n>p1 move closecombat\n>p2 move closecombat\n>p1 switch 4\n>p1 move bellydrum\n>p2 move closecombat\n>p1 switch 5\n>forcelose p1", "uploadtime": 1781404477, "views": 7, "formatid": "gen9randombattle", "rating": null, "private": 0, "password": null}