{"id": "gen9randombattle-2631846304", "format": "[Gen 9] Random Battle", "players": ["archit_patil", "tdikyd"], "log": "|j|\u2606archit_patil\n|j|\u2606tdikyd\n|t:|1781447525\n|gametype|singles\n|player|p1|archit_patil|170|1000\n|player|p2|tdikyd|265|1000\n|gen|9\n|tier|[Gen 9] Random Battle\n|rated|\n|rule|Species Clause: Limit one of each Pok\u00e9mon\n|rule|HP Percentage Mod: HP is shown in percentages\n|rule|Sleep Clause Mod: Limit one foe put to sleep\n|rule|Illusion Level Mod: Illusion disguises the Pok\u00e9mon's true level\n|\n|t:|1781447525\n|teamsize|p1|6\n|teamsize|p2|6\n|start\n|switch|p1a: Landorus|Landorus-Therian, L76, M|260/260\n|switch|p2a: Tornadus|Tornadus, L82, M|263/263\n|-ability|p1a: Landorus|Intimidate|boost\n|-unboost|p2a: Tornadus|atk|1\n|-ability|p2a: Tornadus|Defiant|boost\n|-boost|p2a: Tornadus|atk|2\n|turn|1\n|\n|t:|1781447539\n|move|p2a: Tornadus|Grass Knot|p1a: Landorus\n|-damage|p1a: Landorus|149/260\n|move|p1a: Landorus|Stone Edge|p2a: Tornadus|[miss]\n|-miss|p1a: Landorus|p2a: Tornadus\n|\n|-heal|p1a: Landorus|165/260|[from] item: Leftovers\n|upkeep\n|turn|2\n|\n|t:|1781447549\n|move|p2a: Tornadus|Grass Knot|p1a: Landorus\n|-damage|p1a: Landorus|45/260\n|move|p1a: Landorus|Stone Edge|p2a: Tornadus\n|-supereffective|p2a: Tornadus\n|-damage|p2a: Tornadus|59/263\n|\n|-heal|p1a: Landorus|61/260|[from] item: Leftovers\n|upkeep\n|turn|3\n|\n|t:|1781447563\n|move|p2a: Tornadus|Grass Knot|p1a: Landorus\n|-damage|p1a: Landorus|0 fnt\n|faint|p1a: Landorus\n|\n|upkeep\n|\n|t:|1781447569\n|switch|p1a: Gothitelle|Gothitelle, L90, F|272/272\n|turn|4\n|\n|t:|1781447576\n|move|p2a: Tornadus|Grass Knot|p1a: Gothitelle\n|-damage|p1a: Gothitelle|210/272\n|move|p1a: Gothitelle|Dark Pulse|p2a: Tornadus\n|-damage|p2a: Tornadus|0 fnt\n|faint|p2a: Tornadus\n|\n|-heal|p1a: Gothitelle|227/272|[from] item: Leftovers\n|upkeep\n|\n|t:|1781447584\n|switch|p2a: Incineroar|Incineroar, L82, M|290/290\n|-ability|p2a: Incineroar|Intimidate|boost\n|-unboost|p1a: Gothitelle|atk|1\n|turn|5\n|\n|t:|1781447593\n|move|p1a: Gothitelle|Focus Blast|p2a: Incineroar|[miss]\n|-miss|p1a: Gothitelle|p2a: Incineroar\n|move|p2a: Incineroar|Knock Off|p1a: Gothitelle\n|-supereffective|p1a: Gothitelle\n|-damage|p1a: Gothitelle|21/272\n|-enditem|p1a: Gothitelle|Leftovers|[from] move: Knock Off|[of] p2a: Incineroar\n|\n|upkeep\n|turn|6\n|\n|t:|1781447601\n|move|p1a: Gothitelle|Dark Pulse|p2a: Incineroar\n|-resisted|p2a: Incineroar\n|-damage|p2a: Incineroar|257/290\n|move|p2a: Incineroar|Knock Off|p1a: Gothitelle\n|-supereffective|p1a: Gothitelle\n|-damage|p1a: Gothitelle|0 fnt\n|faint|p1a: Gothitelle\n|\n|upkeep\n|\n|t:|1781447609\n|switch|p1a: Squawkabilly|Squawkabilly-Blue, L85, F|278/278\n|turn|7\n|\n|t:|1781447628\n|move|p1a: Squawkabilly|Brave Bird|p2a: Incineroar\n|-damage|p2a: Incineroar|121/290\n|-damage|p1a: Squawkabilly|233/278|[from] Recoil\n|move|p2a: Incineroar|Knock Off|p1a: Squawkabilly\n|-crit|p1a: Squawkabilly\n|-damage|p1a: Squawkabilly|0 fnt\n|-enditem|p1a: Squawkabilly|Flame Orb|[from] move: Knock Off|[of] p2a: Incineroar\n|faint|p1a: Squawkabilly\n|\n|upkeep\n|\n|t:|1781447638\n|switch|p1a: Slaking|Slaking, L84, M|389/389\n|turn|8\n|\n|t:|1781447652\n|move|p1a: Slaking|Earthquake|p2a: Incineroar\n|-supereffective|p2a: Incineroar\n|-damage|p2a: Incineroar|0 fnt\n|faint|p2a: Incineroar\n|\n|upkeep\n|\n|t:|1781447655\n|switch|p2a: Skarmory|Skarmory, L80, M|235/235\n|turn|9\n|\n|t:|1781447663\n|switch|p1a: Fezandipiti|Fezandipiti, L82, M|278/278\n|move|p2a: Skarmory|Body Press|p1a: Fezandipiti\n|-resisted|p1a: Fezandipiti\n|-damage|p1a: Fezandipiti|258/278\n|\n|-heal|p1a: Fezandipiti|275/278|[from] item: Leftovers\n|upkeep\n|turn|10\n|\n|t:|1781447683\n|move|p1a: Fezandipiti|Moonblast|p2a: Skarmory\n|-resisted|p2a: Skarmory\n|-damage|p2a: Skarmory|191/235\n|-unboost|p2a: Skarmory|spa|1\n|move|p2a: Skarmory|Brave Bird|p1a: Fezandipiti\n|-damage|p1a: Fezandipiti|167/278\n|-damage|p2a: Skarmory|155/235|[from] Recoil\n|\n|-heal|p1a: Fezandipiti|184/278|[from] item: Leftovers\n|upkeep\n|turn|11\n|\n|t:|1781447698\n|move|p1a: Fezandipiti|Roost|p1a: Fezandipiti\n|-heal|p1a: Fezandipiti|278/278\n|-singleturn|p1a: Fezandipiti|move: Roost\n|move|p2a: Skarmory|Roost|p2a: Skarmory\n|-heal|p2a: Skarmory|235/235\n|-singleturn|p2a: Skarmory|move: Roost\n|\n|upkeep\n|turn|12\n|\n|t:|1781447711\n|switch|p1a: Probopass|Probopass, L91, F|257/257\n|move|p2a: Skarmory|Brave Bird|p1a: Probopass\n|-resisted|p1a: Probopass\n|-damage|p1a: Probopass|241/257\n|-damage|p2a: Skarmory|230/235|[from] Recoil\n|\n|upkeep\n|turn|13\n|\n|t:|1781447736\n|-terastallize|p1a: Probopass|Fighting\n|move|p2a: Skarmory|Body Press|p1a: Probopass\n|-crit|p1a: Probopass\n|-damage|p1a: Probopass|176/257\n|move|p1a: Probopass|Body Press|p2a: Skarmory\n|-damage|p2a: Skarmory|125/235\n|-damage|p1a: Probopass|134/257|[from] item: Rocky Helmet|[of] p2a: Skarmory\n|\n|upkeep\n|turn|14\n|\n|t:|1781447747\n|move|p2a: Skarmory|Brave Bird|p1a: Probopass\n|-supereffective|p1a: Probopass\n|-damage|p1a: Probopass|0 fnt\n|faint|p1a: Probopass\n|-damage|p2a: Skarmory|81/235|[from] Recoil\n|\n|upkeep\n|\n|t:|1781447756\n|switch|p1a: Slaking|Slaking, L84, M|389/389\n|turn|15\n|\n|t:|1781447775\n|move|p1a: Slaking|Giga Impact|p2a: Skarmory\n|-resisted|p2a: Skarmory\n|-damage|p2a: Skarmory|0 fnt\n|-mustrecharge|p1a: Slaking\n|-damage|p1a: Slaking|325/389|[from] item: Rocky Helmet|[of] p2a: Skarmory\n|faint|p2a: Skarmory\n|\n|upkeep\n|\n|t:|1781447786\n|switch|p2a: Zebstrika|Zebstrika, L87, F|272/272\n|turn|16\n|\n|t:|1781447794\n|move|p2a: Zebstrika|Overheat|p1a: Slaking|[miss]\n|-miss|p2a: Zebstrika|p1a: Slaking\n|cant|p1a: Slaking|recharge\n|\n|upkeep\n|turn|17\n|\n|t:|1781447802\n|move|p2a: Zebstrika|Overheat|p1a: Slaking\n|-damage|p1a: Slaking|177/389\n|-unboost|p2a: Zebstrika|spa|2\n|-damage|p2a: Zebstrika|245/272|[from] item: Life Orb\n|move|p1a: Slaking|Giga Impact|p2a: Zebstrika\n|-damage|p2a: Zebstrika|0 fnt\n|-mustrecharge|p1a: Slaking\n|faint|p2a: Zebstrika\n|\n|upkeep\n|\n|t:|1781447811\n|switch|p2a: Milotic|Milotic, L83, M|293/293\n|turn|18\n|\n|t:|1781447816\n|cant|p1a: Slaking|recharge\n|move|p2a: Milotic|Ice Beam|p1a: Slaking\n|-damage|p1a: Slaking|100/389\n|\n|upkeep\n|turn|19\n|\n|t:|1781447825\n|-terastallize|p2a: Milotic|Steel\n|move|p1a: Slaking|Giga Impact|p2a: Milotic\n|-resisted|p2a: Milotic\n|-damage|p2a: Milotic|103/293\n|-mustrecharge|p1a: Slaking\n|move|p2a: Milotic|Ice Beam|p1a: Slaking\n|-damage|p1a: Slaking|24/389\n|\n|-heal|p2a: Milotic|121/293|[from] item: Leftovers\n|upkeep\n|turn|20\n|\n|t:|1781447837\n|cant|p1a: Slaking|recharge\n|move|p2a: Milotic|Recover|p2a: Milotic\n|-heal|p2a: Milotic|268/293\n|\n|-heal|p2a: Milotic|286/293|[from] item: Leftovers\n|upkeep\n|turn|21\n|\n|t:|1781447846\n|move|p1a: Slaking|Giga Impact|p2a: Milotic\n|-resisted|p2a: Milotic\n|-damage|p2a: Milotic|102/293\n|-mustrecharge|p1a: Slaking\n|move|p2a: Milotic|Ice Beam|p1a: Slaking\n|-damage|p1a: Slaking|0 fnt\n|faint|p1a: Slaking\n|\n|-heal|p2a: Milotic|120/293|[from] item: Leftovers\n|upkeep\n|\n|t:|1781447856\n|switch|p1a: Fezandipiti|Fezandipiti, L82, M|278/278\n|turn|22\n|\n|t:|1781447864\n|move|p1a: Fezandipiti|Moonblast|p2a: Milotic\n|-resisted|p2a: Milotic\n|-damage|p2a: Milotic|91/293\n|move|p2a: Milotic|Recover|p2a: Milotic\n|-heal|p2a: Milotic|238/293\n|\n|-heal|p2a: Milotic|256/293|[from] item: Leftovers\n|upkeep\n|turn|23\n|\n|t:|1781447875\n|move|p1a: Fezandipiti|Gunk Shot|p2a: Milotic\n|-immune|p2a: Milotic\n|move|p2a: Milotic|Ice Beam|p1a: Fezandipiti\n|-crit|p1a: Fezandipiti\n|-damage|p1a: Fezandipiti|196/278\n|\n|-heal|p1a: Fezandipiti|213/278|[from] item: Leftovers\n|-heal|p2a: Milotic|274/293|[from] item: Leftovers\n|upkeep\n|turn|24\n|\n|t:|1781447884\n|move|p1a: Fezandipiti|U-turn|p2a: Milotic\n|-resisted|p2a: Milotic\n|-damage|p2a: Milotic|249/293\n|move|p2a: Milotic|Ice Beam|p1a: Fezandipiti\n|-damage|p1a: Fezandipiti|167/278\n|\n|-heal|p1a: Fezandipiti|184/278|[from] item: Leftovers\n|-heal|p2a: Milotic|267/293|[from] item: Leftovers\n|upkeep\n|turn|25\n|\n|t:|1781447894\n|move|p1a: Fezandipiti|U-turn|p2a: Milotic\n|-resisted|p2a: Milotic\n|-damage|p2a: Milotic|244/293\n|move|p2a: Milotic|Ice Beam|p1a: Fezandipiti\n|-damage|p1a: Fezandipiti|136/278\n|-status|p1a: Fezandipiti|frz\n|\n|-heal|p1a: Fezandipiti|153/278 frz|[from] item: Leftovers\n|-heal|p2a: Milotic|262/293|[from] item: Leftovers\n|upkeep\n|turn|26\n|\n|t:|1781447906\n|cant|p1a: Fezandipiti|frz\n|move|p2a: Milotic|Ice Beam|p1a: Fezandipiti\n|-damage|p1a: Fezandipiti|104/278 frz\n|\n|-heal|p1a: Fezandipiti|121/278 frz|[from] item: Leftovers\n|-heal|p2a: Milotic|280/293|[from] item: Leftovers\n|upkeep\n|turn|27\n|\n|t:|1781447921\n|cant|p1a: Fezandipiti|frz\n|move|p2a: Milotic|Ice Beam|p1a: Fezandipiti\n|-damage|p1a: Fezandipiti|73/278 frz\n|\n|-heal|p1a: Fezandipiti|90/278 frz|[from] item: Leftovers\n|-heal|p2a: Milotic|293/293|[from] item: Leftovers\n|upkeep\n|turn|28\n|\n|t:|1781447949\n|cant|p1a: Fezandipiti|frz\n|move|p2a: Milotic|Ice Beam|p1a: Fezandipiti\n|-damage|p1a: Fezandipiti|40/278 frz\n|\n|-heal|p1a: Fezandipiti|57/278 frz|[from] item: Leftovers\n|upkeep\n|turn|29\n|\n|t:|1781447959\n|cant|p1a: Fezandipiti|frz\n|move|p2a: Milotic|Ice Beam|p1a: Fezandipiti\n|-damage|p1a: Fezandipiti|4/278 frz\n|\n|-heal|p1a: Fezandipiti|21/278 frz|[from] item: Leftovers\n|upkeep\n|turn|30\n|\n|t:|1781447975\n|-curestatus|p1a: Fezandipiti|frz|[msg]\n|move|p1a: Fezandipiti|Roost|p1a: Fezandipiti\n|-heal|p1a: Fezandipiti|160/278\n|-singleturn|p1a: Fezandipiti|move: Roost\n|move|p2a: Milotic|Ice Beam|p1a: Fezandipiti\n|-damage|p1a: Fezandipiti|105/278\n|\n|-heal|p1a: Fezandipiti|122/278|[from] item: Leftovers\n|upkeep\n|turn|31\n|\n|t:|1781447995\n|move|p1a: Fezandipiti|Moonblast|p2a: Milotic\n|-resisted|p2a: Milotic\n|-damage|p2a: Milotic|266/293\n|move|p2a: Milotic|Scald|p1a: Fezandipiti\n|-damage|p1a: Fezandipiti|61/278\n|-status|p1a: Fezandipiti|brn\n|\n|-heal|p1a: Fezandipiti|78/278 brn|[from] item: Leftovers\n|-heal|p2a: Milotic|284/293|[from] item: Leftovers\n|-damage|p1a: Fezandipiti|61/278 brn|[from] brn\n|upkeep\n|turn|32\n|\n|t:|1781448007\n|move|p1a: Fezandipiti|Roost|p1a: Fezandipiti\n|-heal|p1a: Fezandipiti|200/278 brn\n|-singleturn|p1a: Fezandipiti|move: Roost\n|move|p2a: Milotic|Scald|p1a: Fezandipiti\n|-damage|p1a: Fezandipiti|130/278 brn\n|\n|-heal|p1a: Fezandipiti|147/278 brn|[from] item: Leftovers\n|-heal|p2a: Milotic|293/293|[from] item: Leftovers\n|-damage|p1a: Fezandipiti|130/278 brn|[from] brn\n|upkeep\n|turn|33\n|\n|t:|1781448018\n|move|p1a: Fezandipiti|Roost|p1a: Fezandipiti\n|-heal|p1a: Fezandipiti|269/278 brn\n|-singleturn|p1a: Fezandipiti|move: Roost\n|move|p2a: Milotic|Ice Beam|p1a: Fezandipiti\n|-damage|p1a: Fezandipiti|222/278 brn\n|\n|-heal|p1a: Fezandipiti|239/278 brn|[from] item: Leftovers\n|-damage|p1a: Fezandipiti|222/278 brn|[from] brn\n|upkeep\n|turn|34\n|inactive|Battle timer is ON: inactive players will automatically lose when time's up. (requested by tdikyd)\n|inactive|archit_patil has 120 seconds left.\n|l|\u2606archit_patil\n|inactive|archit_patil disconnected and has a minute to reconnect!\n|player|p1|\n|inactive|archit_patil has 30 seconds to reconnect!\n|inactive|archit_patil has 20 seconds to reconnect!\n|inactive|archit_patil has 15 seconds to reconnect!\n|inactive|archit_patil has 10 seconds to reconnect!\n|inactive|archit_patil has 5 seconds to reconnect!\n|-message|archit_patil lost due to inactivity.\n|\n|win|tdikyd\n|raw|archit_patil's rating: 1000 &rarr; <strong>1000</strong><br />(+0 for losing)\n|raw|tdikyd's rating: 1000 &rarr; <strong>1040</strong><br />(+40 for winning)\n", "inputlog": ">version a8376a258c1d4662feba110a92103f3664a72141\n>start {\"formatid\":\"gen9randombattle\",\"seed\":\"sodium,fe881d74326480d74ce7015d302b0b7d\",\"rated\":\"Rated battle\"}\n>player p1 {\"name\":\"archit_patil\",\"avatar\":\"170\",\"rating\":1000,\"seed\":\"sodium,4f9957e77db3661dfb5f3f4e41a21de1\"}\n>player p2 {\"name\":\"tdikyd\",\"avatar\":\"265\",\"rating\":1000,\"seed\":\"sodium,bf34fb8b567ccea79f3177d83bd0fe76\"}\n>p1 move stoneedge\n>p2 move grassknot\n>p1 move stoneedge\n>p2 move grassknot\n>p1 move stoneedge\n>p2 move grassknot\n>p1 switch 3\n>p1 move darkpulse\n>p2 move grassknot\n>p2 switch 5\n>p1 move focusblast\n>p2 move knockoff\n>p1 move darkpulse\n>p2 move knockoff\n>p1 switch 2\n>p1 move bravebird\n>p2 move knockoff\n>p1 switch 5\n>p1 move earthquake\n>p2 move flareblitz\n>p2 switch 3\n>p1 switch 6\n>p2 move bodypress\n>p1 move moonblast\n>p2 move bravebird\n>p1 move roost\n>p2 move roost\n>p1 switch 4\n>p2 move bravebird\n>p1 move bodypress terastallize\n>p2 move bodypress\n>p1 move powergem\n>p2 move bravebird\n>p1 switch 6\n>p1 move gigaimpact\n>p2 move bodypress\n>p2 switch 4\n>p1 move recharge\n>p2 move overheat\n>p1 move gigaimpact\n>p2 move overheat\n>p2 switch 6\n>p1 move recharge\n>p2 move icebeam\n>p1 move gigaimpact\n>p2 move icebeam terastallize\n>p1 move recharge\n>p2 move recover\n>p1 move gigaimpact\n>p2 move icebeam\n>p1 switch 4\n>p1 move moonblast\n>p2 move recover\n>p1 move gunkshot\n>p2 move icebeam\n>p1 move uturn\n>p2 move icebeam\n>p1 move uturn\n>p2 move icebeam\n>p1 move roost\n>p2 move icebeam\n>p1 move moonblast\n>p2 move icebeam\n>p1 move moonblast\n>p2 move icebeam\n>p1 move roost\n>p2 move icebeam\n>p1 move roost\n>p2 move icebeam\n>p1 move moonblast\n>p2 move scald\n>p1 move roost\n>p2 move scald\n>p1 move roost\n>p2 move icebeam\n>forcelose p1", "uploadtime": 1781448148, "views": 3, "formatid": "gen9randombattle", "rating": 1000, "private": 0, "password": null}