{"id": "gen9randombattle-2631783140", "format": "[Gen 9] Random Battle", "players": ["IzzetGuy", "drowyna"], "log": "|j|\u203dIzzetGuy\n|j|\u2606drowyna\n|t:|1781438979\n|gametype|singles\n|player|p1|IzzetGuy|1|1636\n|player|p2|drowyna|lucas|1655\n|gen|9\n|tier|[Gen 9] Random Battle\n|rated|\n|rule|Species Clause: Limit one of each Pok\u00e9mon\n|rule|HP Percentage Mod: HP is shown in percentages\n|rule|Sleep Clause Mod: Limit one foe put to sleep\n|rule|Illusion Level Mod: Illusion disguises the Pok\u00e9mon's true level\n|\n|t:|1781438979\n|teamsize|p1|6\n|teamsize|p2|6\n|start\n|switch|p1a: Orthworm|Orthworm, L88, M|266/266\n|switch|p2a: Darkrai|Darkrai, L77|234/234\n|turn|1\n|inactive|Battle timer is ON: inactive players will automatically lose when time's up. (requested by drowyna)\n|\n|t:|1781438986\n|move|p2a: Darkrai|Focus Blast|p1a: Orthworm\n|-supereffective|p1a: Orthworm\n|-damage|p1a: Orthworm|0 fnt\n|faint|p1a: Orthworm\n|-damage|p2a: Darkrai|211/234|[from] item: Life Orb\n|\n|upkeep\n|\n|t:|1781439009\n|switch|p1a: Sawsbuck|Sawsbuck-Autumn, L88, M|284/284\n|turn|2\n|\n|t:|1781439024\n|switch|p2a: Drifblim|Drifblim, L86, F|396/396\n|move|p1a: Sawsbuck|Horn Leech|p2a: Drifblim\n|-resisted|p2a: Drifblim\n|-damage|p2a: Drifblim|306/396\n|-damage|p1a: Sawsbuck|256/284|[from] item: Life Orb\n|\n|upkeep\n|turn|3\n|\n|t:|1781439030\n|switch|p1a: Wyrdeer|Wyrdeer, L87, M|321/321\n|-ability|p1a: Wyrdeer|Intimidate|boost\n|-unboost|p2a: Drifblim|atk|1\n|move|p2a: Drifblim|Air Slash|p1a: Wyrdeer\n|-damage|p1a: Wyrdeer|267/321\n|\n|upkeep\n|turn|4\n|\n|t:|1781439035\n|move|p2a: Drifblim|Strength Sap|p1a: Wyrdeer\n|-unboost|p1a: Wyrdeer|atk|1\n|-heal|p2a: Drifblim|396/396\n|move|p1a: Wyrdeer|Psychic Noise|p2a: Drifblim\n|-damage|p2a: Drifblim|269/396\n|-start|p2a: Drifblim|move: Heal Block\n|\n|upkeep\n|turn|5\n|\n|t:|1781439042\n|move|p2a: Drifblim|Calm Mind|p2a: Drifblim\n|-boost|p2a: Drifblim|spa|1\n|-boost|p2a: Drifblim|spd|1\n|move|p1a: Wyrdeer|Psychic Noise|p2a: Drifblim\n|-damage|p2a: Drifblim|179/396\n|\n|-end|p2a: Drifblim|move: Heal Block\n|upkeep\n|-enditem|p2a: Drifblim|Sitrus Berry|[eat]\n|-heal|p2a: Drifblim|278/396|[from] item: Sitrus Berry\n|turn|6\n|\n|t:|1781439048\n|move|p2a: Drifblim|Air Slash|p1a: Wyrdeer\n|-damage|p1a: Wyrdeer|182/321\n|move|p1a: Wyrdeer|Psychic Noise|p2a: Drifblim\n|-crit|p2a: Drifblim\n|-damage|p2a: Drifblim|98/396\n|-start|p2a: Drifblim|move: Heal Block\n|\n|upkeep\n|turn|7\n|\n|t:|1781439054\n|move|p2a: Drifblim|Air Slash|p1a: Wyrdeer|[miss]\n|-miss|p2a: Drifblim|p1a: Wyrdeer\n|move|p1a: Wyrdeer|Psychic Noise|p2a: Drifblim\n|-damage|p2a: Drifblim|20/396\n|\n|-end|p2a: Drifblim|move: Heal Block\n|upkeep\n|turn|8\n|\n|t:|1781439058\n|move|p2a: Drifblim|Strength Sap|p1a: Wyrdeer\n|-unboost|p1a: Wyrdeer|atk|1\n|-heal|p2a: Drifblim|174/396\n|move|p1a: Wyrdeer|Psychic Noise|p2a: Drifblim\n|-damage|p2a: Drifblim|98/396\n|-start|p2a: Drifblim|move: Heal Block\n|\n|upkeep\n|turn|9\n|\n|t:|1781439063\n|move|p2a: Drifblim|Air Slash|p1a: Wyrdeer\n|-damage|p1a: Wyrdeer|101/321\n|move|p1a: Wyrdeer|Psychic Noise|p2a: Drifblim\n|-damage|p2a: Drifblim|10/396\n|\n|-end|p2a: Drifblim|move: Heal Block\n|upkeep\n|turn|10\n|\n|t:|1781439068\n|move|p2a: Drifblim|Air Slash|p1a: Wyrdeer\n|-damage|p1a: Wyrdeer|11/321\n|move|p1a: Wyrdeer|Psychic Noise|p2a: Drifblim\n|-damage|p2a: Drifblim|0 fnt\n|faint|p2a: Drifblim\n|\n|upkeep\n|\n|t:|1781439074\n|switch|p2a: Darkrai|Darkrai, L77|211/234\n|turn|11\n|\n|t:|1781439078\n|move|p2a: Darkrai|Dark Pulse|p1a: Wyrdeer\n|-supereffective|p1a: Wyrdeer\n|-damage|p1a: Wyrdeer|0 fnt\n|faint|p1a: Wyrdeer\n|-damage|p2a: Darkrai|188/234|[from] item: Life Orb\n|\n|upkeep\n|\n|t:|1781439083\n|switch|p1a: Sawsbuck|Sawsbuck-Autumn, L88, M|256/284\n|turn|12\n|\n|t:|1781439087\n|move|p2a: Darkrai|Focus Blast|p1a: Sawsbuck\n|-supereffective|p1a: Sawsbuck\n|-damage|p1a: Sawsbuck|0 fnt\n|faint|p1a: Sawsbuck\n|-damage|p2a: Darkrai|165/234|[from] item: Life Orb\n|\n|upkeep\n|\n|t:|1781439094\n|switch|p1a: Iron Valiant|Iron Valiant, L78|244/244\n|turn|13\n|\n|t:|1781439105\n|switch|p2a: Slowbro|Slowbro, L85, M|300/300\n|-terastallize|p1a: Iron Valiant|Fighting\n|move|p1a: Iron Valiant|Swords Dance|p1a: Iron Valiant\n|-boost|p1a: Iron Valiant|atk|2\n|\n|upkeep\n|turn|14\n|\n|t:|1781439114\n|move|p1a: Iron Valiant|Spirit Break|p2a: Slowbro\n|-damage|p2a: Slowbro|105/300\n|-unboost|p2a: Slowbro|spa|1\n|-damage|p1a: Iron Valiant|220/244|[from] item: Life Orb\n|move|p2a: Slowbro|Scald|p1a: Iron Valiant\n|-damage|p1a: Iron Valiant|133/244\n|-status|p1a: Iron Valiant|brn\n|\n|-damage|p1a: Iron Valiant|118/244 brn|[from] brn\n|upkeep\n|turn|15\n|-message|IzzetGuy forfeited.\n|\n|win|drowyna\n|raw|IzzetGuy's rating: 1636 &rarr; <strong>1617</strong><br />(-19 for losing)\n|raw|drowyna's rating: 1655 &rarr; <strong>1674</strong><br />(+19 for winning)\n|l|\u203dIzzetGuy\n|player|p1|\n", "inputlog": ">version a8376a258c1d4662feba110a92103f3664a72141\n>start {\"formatid\":\"gen9randombattle\",\"seed\":\"sodium,103add4e154b13dfa1d171ce0c828d81\",\"rated\":\"Rated battle\"}\n>player p1 {\"name\":\"IzzetGuy\",\"avatar\":\"1\",\"rating\":1636,\"seed\":\"sodium,6b8d468e38836d4020513717ee8fc567\"}\n>player p2 {\"name\":\"drowyna\",\"avatar\":\"lucas\",\"rating\":1655,\"seed\":\"sodium,16591b1941f8557ca7263f1e87ba85d7\"}\n>p1 move bodypress\n>p2 move focusblast\n>p1 switch 5\n>p1 move hornleech\n>p2 switch 3\n>p1 switch 6\n>p2 move airslash\n>p1 move psychicnoise\n>p2 move strengthsap\n>p1 move psychicnoise\n>p2 move calmmind\n>p1 move psychicnoise\n>p2 move airslash\n>p1 move psychicnoise\n>p2 move airslash\n>p1 move psychicnoise\n>p2 move strengthsap\n>p1 move psychicnoise\n>p2 move airslash\n>p1 move psychicnoise\n>p2 move airslash\n>p2 switch 3\n>p1 move megahorn\n>p2 move darkpulse\n>p1 switch 6\n>p1 move doubleedge\n>p2 move focusblast\n>p1 switch 4\n>p1 move swordsdance terastallize\n>p2 switch 4\n>p1 move spiritbreak\n>p2 move scald\n>forcelose p1", "uploadtime": 1781439125, "views": 4, "formatid": "gen9randombattle", "rating": 1617, "private": 0, "password": null}