{"id": "gen9randombattle-2632019209", "format": "[Gen 9] Random Battle", "players": ["titofer", "vexdelised"], "log": "|j|\u2606titofer\n|j|\u2606vexdelised\n|t:|1781466596\n|gametype|singles\n|player|p1|titofer|169|1953\n|player|p2|vexdelised|hooligans|1902\n|gen|9\n|tier|[Gen 9] Random Battle\n|rated|\n|rule|Species Clause: Limit one of each Pok\u00e9mon\n|rule|HP Percentage Mod: HP is shown in percentages\n|rule|Sleep Clause Mod: Limit one foe put to sleep\n|rule|Illusion Level Mod: Illusion disguises the Pok\u00e9mon's true level\n|\n|t:|1781466596\n|teamsize|p1|6\n|teamsize|p2|6\n|start\n|switch|p1a: Sudowoodo|Sudowoodo, L94, M|284/284\n|switch|p2a: Kingambit|Kingambit, L74, F|270/270\n|turn|1\n|inactive|Battle timer is ON: inactive players will automatically lose when time's up. (requested by vexdelised)\n|\n|t:|1781466614\n|-end|p2a: Kingambit|fallenundefined|[silent]\n|switch|p2a: Garchomp|Garchomp, L74, M|282/282\n|move|p1a: Sudowoodo|Earthquake|p2a: Garchomp\n|-damage|p2a: Garchomp|178/282\n|\n|upkeep\n|turn|2\n|\n|t:|1781466635\n|switch|p1a: Flamigo|Flamigo, L82, M|269/269\n|move|p2a: Garchomp|Stealth Rock|p1a: Flamigo\n|-sidestart|p1: titofer|move: Stealth Rock\n|\n|upkeep\n|turn|3\n|\n|t:|1781466652\n|switch|p2a: Houndstone|Houndstone, L86, F|264/264\n|move|p1a: Flamigo|Close Combat|p2a: Houndstone\n|-damage|p2a: Houndstone|202/264\n|-unboost|p1a: Flamigo|def|1\n|-unboost|p1a: Flamigo|spd|1\n|\n|-heal|p2a: Houndstone|218/264|[from] item: Leftovers\n|upkeep\n|turn|4\n|\n|t:|1781466668\n|switch|p1a: Sudowoodo|Sudowoodo, L94, M|284/284\n|-damage|p1a: Sudowoodo|249/284|[from] Stealth Rock\n|move|p2a: Houndstone|Poltergeist|p1a: Sudowoodo\n|-activate|p1a: Sudowoodo|move: Poltergeist|Leftovers\n|-crit|p1a: Sudowoodo\n|-damage|p1a: Sudowoodo|113/284\n|\n|-heal|p2a: Houndstone|234/264|[from] item: Leftovers\n|-heal|p1a: Sudowoodo|130/284|[from] item: Leftovers\n|upkeep\n|turn|5\n|\n|t:|1781466678\n|move|p2a: Houndstone|Body Press|p1a: Sudowoodo\n|-supereffective|p1a: Sudowoodo\n|-damage|p1a: Sudowoodo|46/284\n|move|p1a: Sudowoodo|Stealth Rock|p2a: Houndstone\n|-sidestart|p2: vexdelised|move: Stealth Rock\n|\n|-heal|p2a: Houndstone|250/264|[from] item: Leftovers\n|-heal|p1a: Sudowoodo|63/284|[from] item: Leftovers\n|upkeep\n|turn|6\n|\n|t:|1781466683\n|move|p2a: Houndstone|Body Press|p1a: Sudowoodo\n|-supereffective|p1a: Sudowoodo\n|-damage|p1a: Sudowoodo|0 fnt\n|faint|p1a: Sudowoodo\n|\n|-heal|p2a: Houndstone|264/264|[from] item: Leftovers\n|upkeep\n|\n|t:|1781466689\n|switch|p1a: Sunflora|Sunflora, M|312/312\n|-damage|p1a: Sunflora|273/312|[from] Stealth Rock\n|turn|7\n|inactive|vexdelised has 120 seconds left.\n|\n|t:|1781466739\n|switch|p2a: Kingambit|Kingambit, L74, F|270/270\n|-damage|p2a: Kingambit|254/270|[from] Stealth Rock\n|move|p1a: Sunflora|Leaf Storm|p2a: Kingambit\n|-resisted|p2a: Kingambit\n|-damage|p2a: Kingambit|68/270\n|-unboost|p1a: Sunflora|spa|2\n|\n|-heal|p2a: Kingambit|84/270|[from] item: Leftovers\n|upkeep\n|turn|8\n|\n|t:|1781466754\n|switch|p1a: Tinkaton|Tinkaton, L82, F|274/274\n|-damage|p1a: Tinkaton|257/274|[from] Stealth Rock\n|-ability|p1a: Tinkaton|Mold Breaker\n|move|p2a: Kingambit|Kowtow Cleave|p1a: Tinkaton\n|-resisted|p1a: Tinkaton\n|-damage|p1a: Tinkaton|203/274\n|\n|-heal|p1a: Tinkaton|220/274|[from] item: Leftovers\n|-heal|p2a: Kingambit|100/270|[from] item: Leftovers\n|upkeep\n|turn|9\n|inactive|vexdelised has 90 seconds left.\n|inactive|vexdelised has 60 seconds left.\n|\n|t:|1781466805\n|-end|p2a: Kingambit|fallenundefined|[silent]\n|switch|p2a: Swampert|Swampert, L83, M|302/302\n|-damage|p2a: Swampert|284/302|[from] Stealth Rock\n|move|p1a: Tinkaton|Gigaton Hammer|p2a: Swampert\n|-resisted|p2a: Swampert\n|-damage|p2a: Swampert|215/302\n|\n|-heal|p1a: Tinkaton|237/274|[from] item: Leftovers\n|-heal|p2a: Swampert|233/302|[from] item: Leftovers\n|upkeep\n|turn|10\n|inactive|vexdelised has 60 seconds left.\n|\n|t:|1781466815\n|switch|p1a: Flamigo|Flamigo, L82, M|269/269\n|-damage|p1a: Flamigo|236/269|[from] Stealth Rock\n|move|p2a: Swampert|Knock Off|p1a: Flamigo\n|-resisted|p1a: Flamigo\n|-damage|p1a: Flamigo|190/269\n|-enditem|p1a: Flamigo|Choice Scarf|[from] move: Knock Off|[of] p2a: Swampert\n|\n|-heal|p2a: Swampert|251/302|[from] item: Leftovers\n|upkeep\n|turn|11\n|\n|t:|1781466822\n|move|p1a: Flamigo|Brave Bird|p2a: Swampert\n|-damage|p2a: Swampert|122/302\n|-damage|p1a: Flamigo|147/269|[from] Recoil\n|move|p2a: Swampert|Ice Beam|p1a: Flamigo\n|-supereffective|p1a: Flamigo\n|-damage|p1a: Flamigo|9/269\n|\n|-heal|p2a: Swampert|140/302|[from] item: Leftovers\n|upkeep\n|turn|12\n|\n|t:|1781466834\n|switch|p2a: Garganacl|Garganacl, L80, F|291/291\n|-damage|p2a: Garganacl|255/291|[from] Stealth Rock\n|move|p1a: Flamigo|Brave Bird|p2a: Garganacl\n|-resisted|p2a: Garganacl\n|-damage|p2a: Garganacl|201/291\n|-damage|p1a: Flamigo|0 fnt|[from] Recoil\n|faint|p1a: Flamigo\n|\n|-heal|p2a: Garganacl|219/291|[from] item: Leftovers\n|upkeep\n|\n|t:|1781466841\n|switch|p1a: Sunflora|Sunflora, M|273/312\n|-damage|p1a: Sunflora|234/312|[from] Stealth Rock\n|turn|13\n|\n|t:|1781466858\n|move|p1a: Sunflora|Leaf Storm|p2a: Garganacl\n|-supereffective|p2a: Garganacl\n|-damage|p2a: Garganacl|0 fnt\n|-unboost|p1a: Sunflora|spa|2\n|faint|p2a: Garganacl\n|\n|upkeep\n|inactive|vexdelised has 60 seconds left.\n|\n|t:|1781466884\n|switch|p2a: Houndstone|Houndstone, L86, F|264/264\n|-damage|p2a: Houndstone|231/264|[from] Stealth Rock\n|turn|14\n|\n|t:|1781466902\n|switch|p1a: Tinkaton|Tinkaton, L82, F|237/274\n|-damage|p1a: Tinkaton|220/274|[from] Stealth Rock\n|-ability|p1a: Tinkaton|Mold Breaker\n|move|p2a: Houndstone|Poltergeist|p1a: Tinkaton\n|-activate|p1a: Tinkaton|move: Poltergeist|Leftovers\n|-damage|p1a: Tinkaton|72/274\n|\n|-heal|p1a: Tinkaton|89/274|[from] item: Leftovers\n|-heal|p2a: Houndstone|247/264|[from] item: Leftovers\n|upkeep\n|turn|15\n|inactive|vexdelised has 60 seconds left.\n|\n|t:|1781466941\n|move|p1a: Tinkaton|Gigaton Hammer|p2a: Houndstone\n|-damage|p2a: Houndstone|139/264\n|move|p2a: Houndstone|Poltergeist|p1a: Tinkaton\n|-activate|p1a: Tinkaton|move: Poltergeist|Leftovers\n|-damage|p1a: Tinkaton|0 fnt\n|faint|p1a: Tinkaton\n|\n|-heal|p2a: Houndstone|155/264|[from] item: Leftovers\n|upkeep\n|\n|t:|1781466945\n|switch|p1a: Sunflora|Sunflora, M|234/312\n|-damage|p1a: Sunflora|195/312|[from] Stealth Rock\n|turn|16\n|\n|t:|1781466950\n|switch|p2a: Kingambit|Kingambit, L74, F|100/270\n|-damage|p2a: Kingambit|84/270|[from] Stealth Rock\n|-activate|p2a: Kingambit|ability: Supreme Overlord\n|-start|p2a: Kingambit|fallen1|[silent]\n|move|p1a: Sunflora|Leaf Storm|p2a: Kingambit\n|-resisted|p2a: Kingambit\n|-damage|p2a: Kingambit|0 fnt\n|-unboost|p1a: Sunflora|spa|2\n|faint|p2a: Kingambit\n|-end|p2a: Kingambit|fallen1|[silent]\n|\n|upkeep\n|\n|t:|1781466967\n|switch|p2a: Houndstone|Houndstone, L86, F|155/264\n|-damage|p2a: Houndstone|122/264|[from] Stealth Rock\n|turn|17\n|\n|t:|1781466973\n|move|p2a: Houndstone|Poltergeist|p1a: Sunflora\n|-activate|p1a: Sunflora|move: Poltergeist|Choice Specs\n|-damage|p1a: Sunflora|35/312\n|move|p1a: Sunflora|Leaf Storm|p2a: Houndstone\n|-damage|p2a: Houndstone|0 fnt\n|-unboost|p1a: Sunflora|spa|2\n|faint|p2a: Houndstone\n|\n|upkeep\n|\n|t:|1781466986\n|switch|p2a: Swampert|Swampert, L83, M|140/302\n|-damage|p2a: Swampert|122/302|[from] Stealth Rock\n|turn|18\n|\n|t:|1781466990\n|move|p2a: Swampert|Knock Off|p1a: Sunflora\n|-damage|p1a: Sunflora|0 fnt\n|-enditem|p1a: Sunflora|Choice Specs|[from] move: Knock Off|[of] p2a: Swampert\n|faint|p1a: Sunflora\n|\n|-heal|p2a: Swampert|140/302|[from] item: Leftovers\n|upkeep\n|\n|t:|1781466993\n|switch|p1a: Indeedee|Indeedee, L84, M|238/238\n|-damage|p1a: Indeedee|209/238|[from] Stealth Rock\n|-fieldstart|move: Psychic Terrain|[from] ability: Psychic Surge|[of] p1a: Indeedee\n|turn|19\n|inactive|vexdelised has 60 seconds left.\n|\n|t:|1781467004\n|-terastallize|p2a: Swampert|Steel\n|move|p1a: Indeedee|Expanding Force|p2a: Swampert\n|-resisted|p2a: Swampert\n|-damage|p2a: Swampert|47/302\n|move|p2a: Swampert|Knock Off|p1a: Indeedee\n|-supereffective|p1a: Indeedee\n|-damage|p1a: Indeedee|11/238\n|-enditem|p1a: Indeedee|Choice Scarf|[from] move: Knock Off|[of] p2a: Swampert\n|\n|-heal|p2a: Swampert|65/302|[from] item: Leftovers\n|upkeep\n|turn|20\n|\n|t:|1781467013\n|move|p1a: Indeedee|Expanding Force|p2a: Swampert\n|-resisted|p2a: Swampert\n|-damage|p2a: Swampert|0 fnt\n|faint|p2a: Swampert\n|\n|upkeep\n|\n|t:|1781467018\n|switch|p2a: Tatsugiri|Tatsugiri, L87, F|260/260\n|turn|21\n|\n|t:|1781467028\n|switch|p1a: Virizion|Virizion, L82|283/283\n|-damage|p1a: Virizion|266/283|[from] Stealth Rock\n|move|p2a: Tatsugiri|Rapid Spin|p1a: Virizion\n|-damage|p1a: Virizion|235/283\n|-boost|p2a: Tatsugiri|spe|1\n|-sideend|p2: vexdelised|Stealth Rock|[from] move: Rapid Spin|[of] p2a: Tatsugiri\n|\n|upkeep\n|turn|22\n|\n|t:|1781467038\n|move|p2a: Tatsugiri|Nasty Plot|p2a: Tatsugiri\n|-boost|p2a: Tatsugiri|spa|2\n|move|p1a: Virizion|Leaf Blade|p2a: Tatsugiri\n|-damage|p2a: Tatsugiri|114/260\n|-damage|p1a: Virizion|207/283|[from] item: Life Orb\n|\n|upkeep\n|turn|23\n|\n|t:|1781467043\n|move|p2a: Tatsugiri|Draco Meteor|p1a: Virizion\n|-damage|p1a: Virizion|0 fnt\n|-unboost|p2a: Tatsugiri|spa|2\n|faint|p1a: Virizion\n|\n|-fieldend|move: Psychic Terrain\n|upkeep\n|-message|titofer forfeited.\n|\n|win|vexdelised\n", "inputlog": ">version a8376a258c1d4662feba110a92103f3664a72141\n>start {\"formatid\":\"gen9randombattle\",\"seed\":\"sodium,d79653b65b815878f36a5fd466e6e473\",\"rated\":\"Rated battle\"}\n>player p1 {\"name\":\"titofer\",\"avatar\":\"169\",\"rating\":1953,\"seed\":\"sodium,511e47e49c2a0a9d70e4a78dac62c8a3\"}\n>player p2 {\"name\":\"vexdelised\",\"avatar\":\"hooligans\",\"rating\":1902,\"seed\":\"sodium,c5322a54a84e1bb1a104e0f8bf042eb2\"}\n>p1 move earthquake\n>p2 switch 2\n>p1 switch 2\n>p2 move stealthrock\n>p1 move closecombat\n>p2 switch 3\n>p1 switch 2\n>p2 move poltergeist\n>p1 move stealthrock\n>p2 move bodypress\n>p1 move headsmash\n>p2 move bodypress\n>p1 switch 5\n>p1 move leafstorm\n>p2 switch 2\n>p1 switch 4\n>p2 move kowtowcleave\n>p1 move gigatonhammer\n>p2 switch 5\n>p1 switch 2\n>p2 move knockoff\n>p1 move bravebird\n>p2 move icebeam\n>p1 move bravebird\n>p2 switch 6\n>p1 switch 4\n>p1 move leafstorm\n>p2 move bodypress\n>p2 switch 2\n>p1 switch 2\n>p2 move poltergeist\n>p1 move gigatonhammer\n>p2 move poltergeist\n>p1 switch 2\n>p1 move leafstorm\n>p2 switch 5\n>p2 switch 5\n>p1 move leafstorm\n>p2 move poltergeist\n>p2 switch 6\n>p1 move leafstorm\n>p2 move knockoff\n>p1 switch 6\n>p1 move expandingforce\n>p2 move knockoff terastallize\n>p1 move expandingforce\n>p2 move knockoff\n>p2 switch 4\n>p1 switch 3\n>p2 move rapidspin\n>p1 move leafblade\n>p2 move nastyplot\n>p1 move leafblade\n>p2 move dracometeor\n>forcelose p1", "uploadtime": 1781466597, "views": 4, "formatid": "gen9randombattle", "rating": null, "private": 0, "password": null}