{"id": "gen9randombattle-2631792494", "format": "[Gen 9] Random Battle", "players": ["supercami", "tukkirekka"], "log": "|j|\u2606supercami\n|j|\u2606tukkirekka\n|t:|1781440391\n|gametype|singles\n|player|p1|supercami|266|1916\n|player|p2|tukkirekka|drayden|1928\n|gen|9\n|tier|[Gen 9] Random Battle\n|rated|\n|rule|Species Clause: Limit one of each Pok\u00e9mon\n|rule|HP Percentage Mod: HP is shown in percentages\n|rule|Sleep Clause Mod: Limit one foe put to sleep\n|rule|Illusion Level Mod: Illusion disguises the Pok\u00e9mon's true level\n|\n|t:|1781440391\n|teamsize|p1|6\n|teamsize|p2|6\n|start\n|switch|p1a: Salamence|Salamence, L77, M|273/273\n|switch|p2a: Indeedee|Indeedee-F, L90, F|272/272\n|-fieldstart|move: Psychic Terrain|[from] ability: Psychic Surge|[of] p2a: Indeedee\n|-ability|p1a: Salamence|Intimidate|boost\n|-unboost|p2a: Indeedee|atk|1\n|turn|1\n|inactive|Battle timer is ON: inactive players will automatically lose when time's up. (requested by tukkirekka)\n|\n|t:|1781440406\n|switch|p1a: Uxie|Uxie, L83|260/260\n|move|p2a: Indeedee|Hyper Voice|p1a: Uxie\n|-damage|p1a: Uxie|130/260\n|\n|-heal|p1a: Uxie|146/260|[from] item: Leftovers\n|upkeep\n|turn|2\n|\n|t:|1781440415\n|switch|p2a: Mudsdale|Mudsdale, L83, M|302/302\n|move|p1a: Uxie|Thunder Wave|p2a: Mudsdale\n|-immune|p2a: Mudsdale\n|\n|-heal|p1a: Uxie|162/260|[from] item: Leftovers\n|upkeep\n|turn|3\n|\n|t:|1781440424\n|move|p1a: Uxie|Psychic Noise|p2a: Mudsdale\n|-damage|p2a: Mudsdale|233/302\n|-start|p2a: Mudsdale|move: Heal Block\n|-ability|p2a: Mudsdale|Stamina|boost\n|-boost|p2a: Mudsdale|def|1\n|move|p2a: Mudsdale|Stealth Rock|p1a: Uxie\n|-sidestart|p1: supercami|move: Stealth Rock\n|\n|-heal|p1a: Uxie|178/260|[from] item: Leftovers\n|upkeep\n|turn|4\n|\n|t:|1781440430\n|move|p1a: Uxie|Encore|p2a: Mudsdale\n|-start|p2a: Mudsdale|Encore\n|move|p2a: Mudsdale|Stealth Rock||[still]\n|-fail|p2a: Mudsdale\n|\n|-heal|p1a: Uxie|194/260|[from] item: Leftovers\n|-end|p2a: Mudsdale|move: Heal Block\n|upkeep\n|turn|5\n|\n|t:|1781440435\n|move|p1a: Uxie|Psychic Noise|p2a: Mudsdale\n|-damage|p2a: Mudsdale|163/302\n|-start|p2a: Mudsdale|move: Heal Block\n|-ability|p2a: Mudsdale|Stamina|boost\n|-boost|p2a: Mudsdale|def|1\n|move|p2a: Mudsdale|Stealth Rock||[still]\n|-fail|p2a: Mudsdale\n|\n|-heal|p1a: Uxie|210/260|[from] item: Leftovers\n|-fieldend|move: Psychic Terrain\n|upkeep\n|turn|6\n|\n|t:|1781440439\n|move|p1a: Uxie|Psychic Noise|p2a: Mudsdale\n|-damage|p2a: Mudsdale|99/302\n|-ability|p2a: Mudsdale|Stamina|boost\n|-boost|p2a: Mudsdale|def|1\n|move|p2a: Mudsdale|Stealth Rock||[still]\n|-fail|p2a: Mudsdale\n|\n|-heal|p1a: Uxie|226/260|[from] item: Leftovers\n|-end|p2a: Mudsdale|Encore\n|-end|p2a: Mudsdale|move: Heal Block\n|upkeep\n|turn|7\n|\n|t:|1781440442\n|switch|p2a: Indeedee|Indeedee-F, L90, F|272/272\n|-fieldstart|move: Psychic Terrain|[from] ability: Psychic Surge|[of] p2a: Indeedee\n|move|p1a: Uxie|Encore||[still]\n|-fail|p1a: Uxie\n|\n|-heal|p1a: Uxie|242/260|[from] item: Leftovers\n|upkeep\n|turn|8\n|\n|t:|1781440448\n|move|p1a: Uxie|U-turn|p2a: Indeedee\n|-supereffective|p2a: Indeedee\n|-damage|p2a: Indeedee|176/272\n|\n|t:|1781440451\n|switch|p1a: Porygon2|Porygon2, L81|270/270|[from] U-turn\n|-damage|p1a: Porygon2|237/270|[from] Stealth Rock\n|-ability|p1a: Porygon2|Download|boost\n|-boost|p1a: Porygon2|atk|1\n|move|p2a: Indeedee|Hyper Voice|p1a: Porygon2\n|-damage|p1a: Porygon2|132/270\n|\n|upkeep\n|turn|9\n|\n|t:|1781440459\n|move|p2a: Indeedee|Hyper Voice|p1a: Porygon2\n|-damage|p1a: Porygon2|27/270\n|move|p1a: Porygon2|Tri Attack|p2a: Indeedee\n|-damage|p2a: Indeedee|112/272\n|\n|upkeep\n|turn|10\n|\n|t:|1781440466\n|move|p2a: Indeedee|Hyper Voice|p1a: Porygon2\n|-damage|p1a: Porygon2|0 fnt\n|faint|p1a: Porygon2\n|\n|upkeep\n|\n|t:|1781440470\n|switch|p1a: Scyther|Scyther, L82, F|249/249\n|turn|11\n|\n|t:|1781440475\n|switch|p2a: Mudsdale|Mudsdale, L83, M|99/302\n|move|p1a: Scyther|Bug Bite|p2a: Mudsdale\n|-damage|p2a: Mudsdale|0 fnt\n|faint|p2a: Mudsdale\n|\n|-fieldend|move: Psychic Terrain\n|upkeep\n|\n|t:|1781440489\n|switch|p2a: Tornadus|Tornadus, L82, M|263/263\n|turn|12\n|\n|t:|1781440496\n|switch|p1a: Uxie|Uxie, L83|242/260\n|-damage|p1a: Uxie|210/260|[from] Stealth Rock\n|move|p2a: Tornadus|Bleakwind Storm|p1a: Uxie\n|-damage|p1a: Uxie|80/260\n|\n|-heal|p1a: Uxie|96/260|[from] item: Leftovers\n|upkeep\n|turn|13\n|\n|t:|1781440507\n|switch|p1a: Iron Boulder|Iron Boulder, L77|265/265\n|-damage|p1a: Iron Boulder|232/265|[from] Stealth Rock\n|move|p2a: Tornadus|Bleakwind Storm|p1a: Iron Boulder\n|-resisted|p1a: Iron Boulder\n|-damage|p1a: Iron Boulder|151/265\n|\n|upkeep\n|turn|14\n|\n|t:|1781440513\n|switch|p2a: Regirock|Regirock, L83|268/268\n|move|p1a: Iron Boulder|Mighty Cleave|p2a: Regirock\n|-damage|p2a: Regirock|194/268\n|-damage|p1a: Iron Boulder|125/265|[from] item: Life Orb\n|\n|-heal|p2a: Regirock|210/268|[from] item: Leftovers\n|upkeep\n|turn|15\n|\n|t:|1781440520\n|-end|p1a: Iron Boulder|Quark Drive|[silent]\n|switch|p1a: Uxie|Uxie, L83|96/260\n|-damage|p1a: Uxie|64/260|[from] Stealth Rock\n|move|p2a: Regirock|Body Press|p1a: Uxie\n|-resisted|p1a: Uxie\n|-damage|p1a: Uxie|26/260\n|\n|-heal|p1a: Uxie|42/260|[from] item: Leftovers\n|-heal|p2a: Regirock|226/268|[from] item: Leftovers\n|upkeep\n|turn|16\n|\n|t:|1781440527\n|move|p1a: Uxie|Psychic Noise|p2a: Regirock\n|-damage|p2a: Regirock|163/268\n|-start|p2a: Regirock|move: Heal Block\n|move|p2a: Regirock|Thunder Wave|p1a: Uxie\n|-status|p1a: Uxie|par\n|\n|-heal|p1a: Uxie|58/260 par|[from] item: Leftovers\n|upkeep\n|turn|17\n|\n|t:|1781440533\n|move|p2a: Regirock|Stone Edge|p1a: Uxie|[miss]\n|-miss|p2a: Regirock|p1a: Uxie\n|move|p1a: Uxie|Psychic Noise|p2a: Regirock\n|-damage|p2a: Regirock|100/268\n|\n|-heal|p1a: Uxie|74/260 par|[from] item: Leftovers\n|-end|p2a: Regirock|move: Heal Block\n|upkeep\n|turn|18\n|\n|t:|1781440538\n|move|p2a: Regirock|Stone Edge|p1a: Uxie\n|-damage|p1a: Uxie|0 fnt\n|faint|p1a: Uxie\n|\n|-heal|p2a: Regirock|116/268|[from] item: Leftovers\n|upkeep\n|\n|t:|1781440543\n|switch|p1a: Iron Boulder|Iron Boulder, L77|125/265\n|-damage|p1a: Iron Boulder|92/265|[from] Stealth Rock\n|turn|19\n|\n|t:|1781440553\n|-terastallize|p1a: Iron Boulder|Fighting\n|move|p1a: Iron Boulder|Close Combat|p2a: Regirock\n|-supereffective|p2a: Regirock\n|-damage|p2a: Regirock|0 fnt\n|-unboost|p1a: Iron Boulder|def|1\n|-unboost|p1a: Iron Boulder|spd|1\n|faint|p2a: Regirock\n|-damage|p1a: Iron Boulder|66/265|[from] item: Life Orb\n|\n|upkeep\n|\n|t:|1781440558\n|switch|p2a: Espeon|Espeon, L84, F|246/246\n|turn|20\n|\n|t:|1781440566\n|move|p1a: Iron Boulder|Zen Headbutt|p2a: Espeon\n|-resisted|p2a: Espeon\n|-damage|p2a: Espeon|172/246\n|-damage|p1a: Iron Boulder|40/265|[from] item: Life Orb\n|cant|p2a: Espeon|flinch\n|\n|upkeep\n|turn|21\n|\n|t:|1781440574\n|switch|p2a: Rayquaza|Rayquaza, L72|270/270\n|-ability|p2a: Rayquaza|Air Lock\n|move|p1a: Iron Boulder|Mighty Cleave|p2a: Rayquaza\n|-supereffective|p2a: Rayquaza\n|-damage|p2a: Rayquaza|0 fnt\n|faint|p2a: Rayquaza\n|-damage|p1a: Iron Boulder|14/265|[from] item: Life Orb\n|\n|upkeep\n|\n|t:|1781440580\n|switch|p2a: Indeedee|Indeedee-F, L90, F|112/272\n|-fieldstart|move: Psychic Terrain|[from] ability: Psychic Surge|[of] p2a: Indeedee\n|turn|22\n|\n|t:|1781440585\n|move|p1a: Iron Boulder|Mighty Cleave|p2a: Indeedee\n|-damage|p2a: Indeedee|0 fnt\n|faint|p2a: Indeedee\n|-damage|p1a: Iron Boulder|0 fnt|[from] item: Life Orb\n|faint|p1a: Iron Boulder\n|-end|p1a: Iron Boulder|Quark Drive|[silent]\n|\n|upkeep\n|\n|t:|1781440596\n|switch|p1a: Flareon|Flareon, L90, F|263/263\n|switch|p2a: Espeon|Espeon, L84, F|172/246\n|-damage|p1a: Flareon|198/263|[from] Stealth Rock\n|turn|23\n|\n|t:|1781440606\n|move|p2a: Espeon|Psychic|p1a: Flareon\n|-damage|p1a: Flareon|14/263\n|move|p1a: Flareon|Trailblaze|p2a: Espeon\n|-damage|p2a: Espeon|107/246\n|-boost|p1a: Flareon|spe|1\n|\n|-status|p1a: Flareon|tox|[from] item: Toxic Orb\n|upkeep\n|turn|24\n|\n|t:|1781440612\n|switch|p2a: Tornadus|Tornadus, L82, M|263/263\n|move|p1a: Flareon|Flare Blitz|p2a: Tornadus\n|-damage|p2a: Tornadus|0 fnt\n|faint|p2a: Tornadus\n|-damage|p1a: Flareon|0 fnt|[from] Recoil\n|faint|p1a: Flareon\n|\n|upkeep\n|\n|t:|1781440617\n|switch|p2a: Espeon|Espeon, L84, F|107/246\n|switch|p1a: Scyther|Scyther, L82, F|249/249\n|turn|25\n|\n|t:|1781440623\n|move|p2a: Espeon|Psychic|p1a: Scyther\n|-damage|p1a: Scyther|0 fnt\n|faint|p1a: Scyther\n|\n|upkeep\n|\n|t:|1781440625\n|switch|p1a: Salamence|Salamence, L77, M|273/273\n|-ability|p1a: Salamence|Intimidate|boost\n|-unboost|p2a: Espeon|atk|1\n|turn|26\n|\n|t:|1781440629\n|move|p2a: Espeon|Psychic|p1a: Salamence\n|-damage|p1a: Salamence|0 fnt\n|faint|p1a: Salamence\n|\n|win|tukkirekka\n", "inputlog": ">version a8376a258c1d4662feba110a92103f3664a72141\n>start {\"formatid\":\"gen9randombattle\",\"seed\":\"sodium,cff40a7ae7ab4639f516b9465c61f2ba\",\"rated\":\"Rated battle\"}\n>player p1 {\"name\":\"supercami\",\"avatar\":\"266\",\"rating\":1916,\"seed\":\"sodium,f0b144160bcc70ba82c98dba0140c351\"}\n>player p2 {\"name\":\"tukkirekka\",\"avatar\":\"drayden\",\"rating\":1928,\"seed\":\"sodium,d8a11e8ce30f5599358fbc12a3f45207\"}\n>p1 switch 6\n>p2 move hypervoice\n>p1 move thunderwave\n>p2 switch 3\n>p1 move psychicnoise\n>p2 move stealthrock\n>p1 move encore\n>p2 move roar\n>p1 move psychicnoise\n>p2 move stealthrock\n>p1 move psychicnoise\n>p2 move stealthrock\n>p1 move encore\n>p2 switch 3\n>p1 move uturn\n>p2 move hypervoice\n>p1 switch 4\n>p1 move triattack\n>p2 move hypervoice\n>p1 move triattack\n>p2 move hypervoice\n>p1 switch 5\n>p1 move bugbite\n>p2 switch 3\n>p2 switch 2\n>p1 switch 4\n>p2 move bleakwindstorm\n>p1 switch 3\n>p2 move bleakwindstorm\n>p1 move mightycleave\n>p2 switch 6\n>p1 switch 3\n>p2 move bodypress\n>p1 move psychicnoise\n>p2 move thunderwave\n>p1 move psychicnoise\n>p2 move stoneedge\n>p1 move psychicnoise\n>p2 move stoneedge\n>p1 switch 3\n>p1 move closecombat terastallize\n>p2 move bodypress\n>p2 switch 5\n>p1 move zenheadbutt\n>p2 move alluringvoice\n>p1 move mightycleave\n>p2 switch 4\n>p2 switch 3\n>p1 move mightycleave\n>p2 move hypervoice\n>p1 switch 2\n>p2 switch 4\n>p1 move trailblaze\n>p2 move psychic\n>p1 move flareblitz\n>p2 switch 6\n>p1 switch 4\n>p2 switch 6\n>p1 move dualwingbeat\n>p2 move psychic\n>p1 switch 6\n>p1 move dualwingbeat\n>p2 move psychic", "uploadtime": 1781440393, "views": 4, "formatid": "gen9randombattle", "rating": null, "private": 0, "password": null}