{"id": "gen9randombattle-2631435174", "format": "[Gen 9] Random Battle", "players": ["sonicteamrocket", "Z10101"], "log": "|j|\u203dsonicteamrocket\n|j|\u2606Z10101\n|t:|1781384304\n|gametype|singles\n|player|p1|sonicteamrocket|rocketgrunt|2128\n|player|p2|Z10101|266|2087\n|gen|9\n|tier|[Gen 9] Random Battle\n|rated|\n|rule|Species Clause: Limit one of each Pok\u00e9mon\n|rule|HP Percentage Mod: HP is shown in percentages\n|rule|Sleep Clause Mod: Limit one foe put to sleep\n|rule|Illusion Level Mod: Illusion disguises the Pok\u00e9mon's true level\n|\n|t:|1781384304\n|teamsize|p1|6\n|teamsize|p2|6\n|start\n|switch|p1a: Zebstrika|Zebstrika, L87, M|272/272\n|switch|p2a: Hitmontop|Hitmontop, L88, M|231/231\n|-ability|p2a: Hitmontop|Intimidate|boost\n|-unboost|p1a: Zebstrika|atk|1\n|turn|1\n|\n|t:|1781384308\n|move|p1a: Zebstrika|Volt Switch|p2a: Hitmontop\n|-damage|p2a: Hitmontop|179/231\n|-damage|p1a: Zebstrika|245/272|[from] item: Life Orb\n|inactive|Battle timer is ON: inactive players will automatically lose when time's up. (requested by sonicteamrocket)\n|\n|t:|1781384315\n|switch|p1a: Altaria|Altaria, L89, F|278/278|[from] Volt Switch\n|move|p2a: Hitmontop|Rapid Spin|p1a: Altaria\n|-damage|p1a: Altaria|238/278\n|-boost|p2a: Hitmontop|spe|1\n|\n|upkeep\n|turn|2\n|\n|t:|1781384321\n|-terastallize|p1a: Altaria|Steel\n|move|p2a: Hitmontop|Stone Edge|p1a: Altaria\n|-resisted|p1a: Altaria\n|-damage|p1a: Altaria|199/278\n|move|p1a: Altaria|Brave Bird|p2a: Hitmontop\n|-supereffective|p2a: Hitmontop\n|-damage|p2a: Hitmontop|0 fnt\n|faint|p2a: Hitmontop\n|-damage|p1a: Altaria|140/278|[from] Recoil\n|\n|upkeep\n|\n|t:|1781384337\n|switch|p2a: Eternatus|Eternatus, L69|308/308\n|-ability|p2a: Eternatus|Pressure\n|turn|3\n|\n|t:|1781384347\n|switch|p1a: Lapras|Lapras, L87, F|367/367\n|move|p2a: Eternatus|Fire Blast|p1a: Lapras\n|-damage|p1a: Lapras|297/367\n|\n|upkeep\n|turn|4\n|\n|t:|1781384353\n|move|p2a: Eternatus|Meteor Beam||[still]\n|-prepare|p2a: Eternatus|Meteor Beam\n|-boost|p2a: Eternatus|spa|1\n|-enditem|p2a: Eternatus|Power Herb\n|-anim|p2a: Eternatus|Meteor Beam|p1a: Lapras\n|-supereffective|p1a: Lapras\n|-damage|p1a: Lapras|73/367\n|move|p1a: Lapras|Ice Beam|p2a: Eternatus\n|-supereffective|p2a: Eternatus\n|-damage|p2a: Eternatus|14/308\n|\n|upkeep\n|turn|5\n|\n|t:|1781384362\n|move|p2a: Eternatus|Sludge Bomb|p1a: Lapras\n|-damage|p1a: Lapras|0 fnt\n|faint|p1a: Lapras\n|\n|upkeep\n|\n|t:|1781384367\n|switch|p1a: Zebstrika|Zebstrika, L87, M|245/272\n|turn|6\n|\n|t:|1781384371\n|switch|p2a: Dedenne|Dedenne, L88, M|261/261\n|move|p1a: Zebstrika|High Horsepower|p2a: Dedenne\n|-supereffective|p2a: Dedenne\n|-damage|p2a: Dedenne|17/261\n|-enditem|p2a: Dedenne|Sitrus Berry|[eat]\n|-heal|p2a: Dedenne|82/261|[from] item: Sitrus Berry\n|-heal|p2a: Dedenne|169/261|[from] ability: Cheek Pouch\n|-damage|p1a: Zebstrika|218/272|[from] item: Life Orb\n|\n|upkeep\n|turn|7\n|\n|t:|1781384393\n|move|p1a: Zebstrika|Volt Switch|p2a: Dedenne\n|-resisted|p2a: Dedenne\n|-damage|p2a: Dedenne|122/261\n|-damage|p1a: Zebstrika|191/272|[from] item: Life Orb\n|\n|t:|1781384396\n|switch|p1a: Jolteon|Jolteon, L84, F|246/246|[from] Volt Switch\n|move|p2a: Dedenne|Dazzling Gleam|p1a: Jolteon\n|-damage|p1a: Jolteon|162/246\n|\n|-heal|p1a: Jolteon|177/246|[from] item: Leftovers\n|upkeep\n|turn|8\n|\n|t:|1781384410\n|move|p1a: Jolteon|Calm Mind|p1a: Jolteon\n|-boost|p1a: Jolteon|spa|1\n|-boost|p1a: Jolteon|spd|1\n|move|p2a: Dedenne|Super Fang|p1a: Jolteon\n|-damage|p1a: Jolteon|89/246\n|\n|-heal|p1a: Jolteon|104/246|[from] item: Leftovers\n|upkeep\n|turn|9\n|\n|t:|1781384414\n|move|p1a: Jolteon|Substitute|p1a: Jolteon\n|-start|p1a: Jolteon|Substitute\n|-damage|p1a: Jolteon|43/246\n|move|p2a: Dedenne|Super Fang|p1a: Jolteon\n|-activate|p1a: Jolteon|move: Substitute|[damage]\n|\n|-heal|p1a: Jolteon|58/246|[from] item: Leftovers\n|upkeep\n|turn|10\n|\n|t:|1781384421\n|move|p1a: Jolteon|Calm Mind|p1a: Jolteon\n|-boost|p1a: Jolteon|spa|1\n|-boost|p1a: Jolteon|spd|1\n|move|p2a: Dedenne|Super Fang|p1a: Jolteon\n|-activate|p1a: Jolteon|move: Substitute|[damage]\n|\n|-heal|p1a: Jolteon|73/246|[from] item: Leftovers\n|upkeep\n|turn|11\n|\n|t:|1781384426\n|move|p1a: Jolteon|Calm Mind|p1a: Jolteon\n|-boost|p1a: Jolteon|spa|1\n|-boost|p1a: Jolteon|spd|1\n|move|p2a: Dedenne|Super Fang|p1a: Jolteon\n|-end|p1a: Jolteon|Substitute\n|\n|-heal|p1a: Jolteon|88/246|[from] item: Leftovers\n|upkeep\n|turn|12\n|\n|t:|1781384436\n|switch|p2a: Emboar|Emboar, L84, M|322/322\n|move|p1a: Jolteon|Substitute|p1a: Jolteon\n|-start|p1a: Jolteon|Substitute\n|-damage|p1a: Jolteon|27/246\n|\n|-heal|p1a: Jolteon|42/246|[from] item: Leftovers\n|upkeep\n|turn|13\n|\n|t:|1781384442\n|move|p1a: Jolteon|Thunderbolt|p2a: Emboar\n|-damage|p2a: Emboar|85/322\n|-status|p2a: Emboar|par\n|move|p2a: Emboar|Knock Off|p1a: Jolteon\n|-end|p1a: Jolteon|Substitute\n|\n|-heal|p1a: Jolteon|57/246|[from] item: Leftovers\n|upkeep\n|turn|14\n|\n|t:|1781384453\n|move|p1a: Jolteon|Thunderbolt|p2a: Emboar\n|-damage|p2a: Emboar|0 fnt\n|faint|p2a: Emboar\n|\n|-heal|p1a: Jolteon|72/246|[from] item: Leftovers\n|upkeep\n|\n|t:|1781384456\n|switch|p2a: Basculin|Basculin, L86, M|261/261\n|turn|15\n|\n|t:|1781384460\n|-terastallize|p2a: Basculin|Water\n|move|p2a: Basculin|Aqua Jet|p1a: Jolteon\n|-damage|p1a: Jolteon|0 fnt\n|faint|p1a: Jolteon\n|\n|upkeep\n|\n|t:|1781384469\n|switch|p1a: Glastrier|Glastrier, L86|311/311\n|turn|16\n|\n|t:|1781384478\n|switch|p2a: Forretress|Forretress, L84, M|263/263\n|move|p1a: Glastrier|Close Combat|p2a: Forretress\n|-damage|p2a: Forretress|130/263\n|-unboost|p1a: Glastrier|def|1\n|-unboost|p1a: Glastrier|spd|1\n|\n|-heal|p2a: Forretress|146/263|[from] item: Leftovers\n|upkeep\n|turn|17\n|\n|t:|1781384485\n|switch|p1a: Altaria|Altaria, L89, F, tera:Steel|140/278\n|move|p2a: Forretress|Stealth Rock|p1a: Altaria\n|-sidestart|p1: sonicteamrocket|move: Stealth Rock\n|\n|-heal|p2a: Forretress|162/263|[from] item: Leftovers\n|upkeep\n|turn|18\n|\n|t:|1781384491\n|move|p1a: Altaria|Roost|p1a: Altaria\n|-heal|p1a: Altaria|278/278\n|move|p2a: Forretress|Volt Switch|p1a: Altaria\n|-damage|p1a: Altaria|251/278\n|\n|t:|1781384494\n|switch|p2a: Eternatus|Eternatus, L69|14/308|[from] Volt Switch\n|-ability|p2a: Eternatus|Pressure\n|\n|upkeep\n|turn|19\n|\n|t:|1781384500\n|move|p2a: Eternatus|Fire Blast|p1a: Altaria\n|-supereffective|p1a: Altaria\n|-damage|p1a: Altaria|133/278\n|move|p1a: Altaria|Brave Bird|p2a: Eternatus\n|-damage|p2a: Eternatus|0 fnt\n|faint|p2a: Eternatus\n|-damage|p1a: Altaria|128/278|[from] Recoil\n|\n|upkeep\n|\n|t:|1781384506\n|switch|p2a: Basculin|Basculin, L86, M, tera:Water|261/261\n|turn|20\n|\n|t:|1781384510\n|move|p2a: Basculin|Wave Crash|p1a: Altaria\n|-damage|p1a: Altaria|0 fnt\n|faint|p1a: Altaria\n|-damage|p2a: Basculin|219/261|[from] Recoil\n|\n|upkeep\n|\n|t:|1781384516\n|switch|p1a: Zebstrika|Zebstrika, L87, M|191/272\n|-damage|p1a: Zebstrika|157/272|[from] Stealth Rock\n|turn|21\n|\n|t:|1781384524\n|switch|p2a: Dedenne|Dedenne, L88, M|122/261\n|move|p1a: Zebstrika|Supercell Slam|p2a: Dedenne\n|-resisted|p2a: Dedenne\n|-damage|p2a: Dedenne|30/261\n|-damage|p1a: Zebstrika|130/272|[from] item: Life Orb\n|\n|upkeep\n|turn|22\n|\n|t:|1781384532\n|move|p1a: Zebstrika|Volt Switch|p2a: Dedenne\n|-resisted|p2a: Dedenne\n|-damage|p2a: Dedenne|0 fnt\n|faint|p2a: Dedenne\n|-damage|p1a: Zebstrika|103/272|[from] item: Life Orb\n|\n|t:|1781384536\n|switch|p1a: Glastrier|Glastrier, L86|311/311|[from] Volt Switch\n|-damage|p1a: Glastrier|234/311|[from] Stealth Rock\n|\n|upkeep\n|\n|t:|1781384543\n|switch|p2a: Forretress|Forretress, L84, M|162/263\n|turn|23\n|\n|t:|1781384549\n|move|p2a: Forretress|Iron Head|p1a: Glastrier\n|-supereffective|p1a: Glastrier\n|-damage|p1a: Glastrier|126/311\n|cant|p1a: Glastrier|flinch\n|\n|-heal|p2a: Forretress|178/263|[from] item: Leftovers\n|upkeep\n|turn|24\n|\n|t:|1781384553\n|move|p2a: Forretress|Iron Head|p1a: Glastrier\n|-supereffective|p1a: Glastrier\n|-damage|p1a: Glastrier|6/311\n|move|p1a: Glastrier|Close Combat|p2a: Forretress\n|-damage|p2a: Forretress|56/263\n|-unboost|p1a: Glastrier|def|1\n|-unboost|p1a: Glastrier|spd|1\n|\n|-heal|p2a: Forretress|72/263|[from] item: Leftovers\n|upkeep\n|turn|25\n|\n|t:|1781384560\n|move|p2a: Forretress|Volt Switch|p1a: Glastrier\n|-damage|p1a: Glastrier|0 fnt\n|faint|p1a: Glastrier\n|\n|t:|1781384561\n|switch|p2a: Basculin|Basculin, L86, M, tera:Water|219/261|[from] Volt Switch\n|\n|upkeep\n|\n|t:|1781384563\n|switch|p1a: Rhydon|Rhydon, L85, M|317/317\n|-damage|p1a: Rhydon|298/317|[from] Stealth Rock\n|turn|26\n|\n|t:|1781384570\n|move|p2a: Basculin|Flip Turn|p1a: Rhydon\n|-supereffective|p1a: Rhydon\n|-damage|p1a: Rhydon|0 fnt\n|faint|p1a: Rhydon\n|\n|t:|1781384572\n|switch|p2a: Forretress|Forretress, L84, M|72/263|[from] Flip Turn\n|\n|-heal|p2a: Forretress|88/263|[from] item: Leftovers\n|upkeep\n|-message|sonicteamrocket forfeited.\n|\n|win|Z10101\n", "inputlog": ">version a8376a258c1d4662feba110a92103f3664a72141\n>start {\"formatid\":\"gen9randombattle\",\"seed\":\"sodium,1fa790769cf61bc806f6ccba98637f1b\",\"rated\":\"Rated battle\"}\n>player p1 {\"name\":\"sonicteamrocket\",\"avatar\":\"rocketgrunt\",\"rating\":2128,\"seed\":\"sodium,22c38cef5e4fc114bc416bd5f6e93aea\"}\n>player p2 {\"name\":\"Z10101\",\"avatar\":\"266\",\"rating\":2087,\"seed\":\"sodium,877acc2b7be4d75c45f356918ba68acb\"}\n>p1 move voltswitch\n>p2 move rapidspin\n>p1 switch 3\n>p1 move bravebird terastallize\n>p2 move stoneedge\n>p2 switch 5\n>p1 switch 4\n>p2 move fireblast\n>p1 move icebeam\n>p2 move meteorbeam\n>p1 move icebeam\n>p2 move sludgebomb\n>p1 switch 3\n>p1 move highhorsepower\n>p2 switch 2\n>p1 move voltswitch\n>p2 move dazzlinggleam\n>p1 switch 5\n>p1 move calmmind\n>p2 move superfang\n>p1 move substitute\n>p2 move superfang\n>p1 move calmmind\n>p2 move superfang\n>p1 move calmmind\n>p2 move superfang\n>p1 move substitute\n>p2 switch 4\n>p1 move thunderbolt\n>p2 move knockoff\n>p1 move thunderbolt\n>p2 move knockoff\n>p2 switch 3\n>p1 move thunderbolt\n>p2 move aquajet terastallize\n>p1 switch 2\n>p1 move closecombat\n>p2 switch 6\n>p1 switch 4\n>p2 move stealthrock\n>p1 move roost\n>p2 move voltswitch\n>p2 switch 2\n>p1 move bravebird\n>p2 move fireblast\n>p2 switch 6\n>p1 move bravebird\n>p2 move wavecrash\n>p1 switch 5\n>p1 move supercellslam\n>p2 switch 4\n>p1 move voltswitch\n>p2 move dazzlinggleam\n>p1 switch 4\n>p2 switch 2\n>p1 move closecombat\n>p2 move ironhead\n>p1 move closecombat\n>p2 move ironhead\n>p1 move closecombat\n>p2 move voltswitch\n>p2 switch 4\n>p1 switch 6\n>p1 move earthquake\n>p2 move flipturn\n>p2 switch 4\n>forcelose p1", "uploadtime": 1781384306, "views": 12, "formatid": "gen9randombattle", "rating": null, "private": 0, "password": null}