{"id": "gen9randombattle-2631623420", "format": "[Gen 9] Random Battle", "players": ["Hunrito", "Jadasteel"], "log": "|j|\u2606Hunrito\n|j|\u2606Jadasteel\n|t:|1781410485\n|gametype|singles\n|player|p1|Hunrito|170|1963\n|player|p2|Jadasteel|fantina|2007\n|gen|9\n|tier|[Gen 9] Random Battle\n|rated|\n|rule|Species Clause: Limit one of each Pok\u00e9mon\n|rule|HP Percentage Mod: HP is shown in percentages\n|rule|Sleep Clause Mod: Limit one foe put to sleep\n|rule|Illusion Level Mod: Illusion disguises the Pok\u00e9mon's true level\n|\n|t:|1781410485\n|teamsize|p1|6\n|teamsize|p2|6\n|start\n|switch|p1a: Quaquaval|Quaquaval, L79, M|264/264\n|switch|p2a: Volcarona|Volcarona, L77, F|257/257\n|turn|1\n|inactive|Battle timer is ON: inactive players will automatically lose when time's up. (requested by Hunrito)\n|\n|t:|1781410505\n|-terastallize|p2a: Volcarona|Water\n|move|p2a: Volcarona|Quiver Dance|p2a: Volcarona\n|-boost|p2a: Volcarona|spa|1\n|-boost|p2a: Volcarona|spd|1\n|-boost|p2a: Volcarona|spe|1\n|move|p1a: Quaquaval|Aqua Step|p2a: Volcarona\n|-resisted|p2a: Volcarona\n|-damage|p2a: Volcarona|164/257\n|-boost|p1a: Quaquaval|spe|1\n|-status|p1a: Quaquaval|brn|[from] ability: Flame Body|[of] p2a: Volcarona\n|\n|-damage|p1a: Quaquaval|248/264 brn|[from] brn\n|upkeep\n|turn|2\n|j| numelfan100\n|\n|t:|1781410517\n|switch|p1a: Phione|Phione, L91|293/293\n|move|p2a: Volcarona|Tera Blast|p1a: Phione|[anim] Tera Blast Water\n|-resisted|p1a: Phione\n|-damage|p1a: Phione|225/293\n|\n|-heal|p1a: Phione|243/293|[from] item: Leftovers\n|upkeep\n|turn|3\n|\n|t:|1781410522\n|move|p2a: Volcarona|Quiver Dance|p2a: Volcarona\n|-boost|p2a: Volcarona|spa|1\n|-boost|p2a: Volcarona|spd|1\n|-boost|p2a: Volcarona|spe|1\n|move|p1a: Phione|Take Heart|p1a: Phione\n|-boost|p1a: Phione|spa|1\n|-boost|p1a: Phione|spd|1\n|\n|-heal|p1a: Phione|261/293|[from] item: Leftovers\n|upkeep\n|turn|4\n|\n|t:|1781410527\n|move|p2a: Volcarona|Bug Buzz|p1a: Phione\n|-damage|p1a: Phione|134/293\n|move|p1a: Phione|Take Heart|p1a: Phione\n|-boost|p1a: Phione|spa|1\n|-boost|p1a: Phione|spd|1\n|\n|-heal|p1a: Phione|152/293|[from] item: Leftovers\n|upkeep\n|turn|5\n|\n|t:|1781410533\n|move|p2a: Volcarona|Quiver Dance|p2a: Volcarona\n|-boost|p2a: Volcarona|spa|1\n|-boost|p2a: Volcarona|spd|1\n|-boost|p2a: Volcarona|spe|1\n|move|p1a: Phione|Grass Knot|p2a: Volcarona\n|-supereffective|p2a: Volcarona\n|-damage|p2a: Volcarona|100/257\n|\n|-heal|p1a: Phione|170/293|[from] item: Leftovers\n|upkeep\n|turn|6\n|\n|t:|1781410545\n|move|p2a: Volcarona|Bug Buzz|p1a: Phione\n|-damage|p1a: Phione|44/293\n|move|p1a: Phione|Grass Knot|p2a: Volcarona\n|-supereffective|p2a: Volcarona\n|-damage|p2a: Volcarona|36/257\n|\n|-heal|p1a: Phione|62/293|[from] item: Leftovers\n|upkeep\n|turn|7\n|\n|t:|1781410552\n|move|p2a: Volcarona|Bug Buzz|p1a: Phione\n|-damage|p1a: Phione|0 fnt\n|faint|p1a: Phione\n|\n|upkeep\n|\n|t:|1781410553\n|switch|p1a: Slowbro|Slowbro-Galar, L87, M|307/307\n|turn|8\n|\n|t:|1781410562\n|move|p2a: Volcarona|Tera Blast|p1a: Slowbro|[anim] Tera Blast Water\n|-damage|p1a: Slowbro|61/307\n|move|p1a: Slowbro|Shell Side Arm|p2a: Volcarona|[anim] Shell Side Arm Physical\n|-damage|p2a: Volcarona|0 fnt\n|-hint|Physical Shell Side Arm\n|faint|p2a: Volcarona\n|\n|upkeep\n|\n|t:|1781410580\n|switch|p2a: Grumpig|Grumpig, L92, M|297/297\n|turn|9\n|\n|t:|1781410584\n|switch|p1a: Quaquaval|Quaquaval, L79, M|248/264 brn\n|move|p2a: Grumpig|Nasty Plot|p2a: Grumpig\n|-boost|p2a: Grumpig|spa|2\n|\n|-damage|p1a: Quaquaval|232/264 brn|[from] brn\n|upkeep\n|turn|10\n|\n|t:|1781410589\n|move|p2a: Grumpig|Psychic|p1a: Quaquaval\n|-supereffective|p1a: Quaquaval\n|-damage|p1a: Quaquaval|0 fnt\n|faint|p1a: Quaquaval\n|\n|upkeep\n|\n|t:|1781410597\n|switch|p1a: Gengar|Gengar, L81, F|230/230\n|turn|11\n|\n|t:|1781410604\n|move|p1a: Gengar|Shadow Ball|p2a: Grumpig\n|-supereffective|p2a: Grumpig\n|-damage|p2a: Grumpig|115/297\n|-damage|p1a: Gengar|207/230|[from] item: Life Orb\n|move|p2a: Grumpig|Earth Power|p1a: Gengar\n|-supereffective|p1a: Gengar\n|-crit|p1a: Gengar\n|-damage|p1a: Gengar|0 fnt\n|faint|p1a: Gengar\n|\n|-heal|p2a: Grumpig|133/297|[from] item: Leftovers\n|upkeep\n|\n|t:|1781410606\n|switch|p1a: Typhlosion|Typhlosion-Hisui, L83, F|257/257\n|turn|12\n|\n|t:|1781410609\n|move|p1a: Typhlosion|Shadow Ball|p2a: Grumpig\n|-supereffective|p2a: Grumpig\n|-damage|p2a: Grumpig|0 fnt\n|faint|p2a: Grumpig\n|\n|upkeep\n|\n|t:|1781410618\n|switch|p2a: Tornadus|Tornadus-Therian, L79, M|254/254\n|turn|13\n|\n|t:|1781410627\n|move|p2a: Tornadus|U-turn|p1a: Typhlosion\n|-resisted|p1a: Typhlosion\n|-damage|p1a: Typhlosion|244/257\n|\n|t:|1781410632\n|switch|p2a: Raikou|Raikou, L81|278/278|[from] U-turn\n|-ability|p2a: Raikou|Pressure\n|move|p1a: Typhlosion|Fire Blast|p2a: Raikou\n|-damage|p2a: Raikou|146/278\n|\n|-heal|p2a: Raikou|163/278|[from] item: Leftovers\n|-heal|p1a: Typhlosion|257/257|[from] item: Leftovers\n|upkeep\n|turn|14\n|\n|t:|1781410641\n|switch|p1a: Vikavolt|Vikavolt, L83, M|263/263\n|move|p2a: Raikou|Calm Mind|p2a: Raikou\n|-boost|p2a: Raikou|spa|1\n|-boost|p2a: Raikou|spd|1\n|\n|-heal|p2a: Raikou|180/278|[from] item: Leftovers\n|upkeep\n|turn|15\n|\n|t:|1781410646\n|move|p2a: Raikou|Calm Mind|p2a: Raikou\n|-boost|p2a: Raikou|spa|1\n|-boost|p2a: Raikou|spd|1\n|move|p1a: Vikavolt|Bug Buzz|p2a: Raikou\n|-damage|p2a: Raikou|123/278\n|\n|-heal|p2a: Raikou|140/278|[from] item: Leftovers\n|upkeep\n|turn|16\n|\n|t:|1781410651\n|move|p2a: Raikou|Calm Mind|p2a: Raikou\n|-boost|p2a: Raikou|spa|1\n|-boost|p2a: Raikou|spd|1\n|move|p1a: Vikavolt|Bug Buzz|p2a: Raikou\n|-damage|p2a: Raikou|92/278\n|\n|-heal|p2a: Raikou|109/278|[from] item: Leftovers\n|upkeep\n|turn|17\n|\n|t:|1781410657\n|move|p2a: Raikou|Shadow Ball|p1a: Vikavolt\n|-damage|p1a: Vikavolt|98/263\n|move|p1a: Vikavolt|Bug Buzz|p2a: Raikou\n|-damage|p2a: Raikou|64/278\n|\n|-heal|p2a: Raikou|81/278|[from] item: Leftovers\n|upkeep\n|turn|18\n|-message|Hunrito forfeited.\n|\n|win|Jadasteel\n", "inputlog": ">version a8376a258c1d4662feba110a92103f3664a72141\n>start {\"formatid\":\"gen9randombattle\",\"seed\":\"sodium,ac2af9d42a51219548f80d7c6551d4aa\",\"rated\":\"Rated battle\"}\n>player p1 {\"name\":\"Hunrito\",\"avatar\":\"170\",\"rating\":1963,\"seed\":\"sodium,183a6f9f4357cc03d6b59e7ee23d339a\"}\n>player p2 {\"name\":\"Jadasteel\",\"avatar\":\"fantina\",\"rating\":2007,\"seed\":\"sodium,76b7c6cd63493c03786ab79799b7a7cb\"}\n>p1 move aquastep\n>p2 move quiverdance terastallize\n>p1 switch 6\n>p2 move terablast\n>p1 move takeheart\n>p2 move quiverdance\n>p1 move takeheart\n>p2 move bugbuzz\n>p1 move grassknot\n>p2 move quiverdance\n>p1 move grassknot\n>p2 move bugbuzz\n>p1 move grassknot\n>p2 move bugbuzz\n>p1 switch 2\n>p1 move shellsidearm\n>p2 move terablast\n>p2 switch 2\n>p1 switch 6\n>p2 move nastyplot\n>p1 move knockoff\n>p2 move psychic\n>p1 switch 4\n>p1 move shadowball\n>p2 move earthpower\n>p1 switch 3\n>p1 move shadowball\n>p2 move earthpower\n>p2 switch 3\n>p1 move fireblast\n>p2 move uturn\n>p2 switch 5\n>p1 switch 5\n>p2 move calmmind\n>p1 move bugbuzz\n>p2 move calmmind\n>p1 move bugbuzz\n>p2 move calmmind\n>p1 move bugbuzz\n>p2 move shadowball\n>forcelose p1", "uploadtime": 1781410487, "views": 5, "formatid": "gen9randombattle", "rating": null, "private": 0, "password": null}