{"id": "gen9randombattle-2631760823", "format": "[Gen 9] Random Battle", "players": ["AGuyWithAName", "Rheny"], "log": "|j|\u2606AGuyWithAName\n|j|\u2606Rheny\n|t:|1781435381\n|gametype|singles\n|player|p1|AGuyWithAName|ethan|1940\n|player|p2|Rheny|miku-ghost|1972\n|gen|9\n|tier|[Gen 9] Random Battle\n|rated|\n|rule|Species Clause: Limit one of each Pok\u00e9mon\n|rule|HP Percentage Mod: HP is shown in percentages\n|rule|Sleep Clause Mod: Limit one foe put to sleep\n|rule|Illusion Level Mod: Illusion disguises the Pok\u00e9mon's true level\n|\n|t:|1781435381\n|teamsize|p1|6\n|teamsize|p2|6\n|start\n|switch|p1a: Revavroom|Revavroom, L79, F|256/256\n|switch|p2a: Ursaluna|Ursaluna, L79, F|335/335\n|turn|1\n|inactive|Battle timer is ON: inactive players will automatically lose when time's up. (requested by AGuyWithAName)\n|\n|t:|1781435407\n|switch|p1a: Sceptile|Sceptile, L87, F|264/264\n|move|p2a: Ursaluna|Trailblaze|p1a: Sceptile\n|-resisted|p1a: Sceptile\n|-damage|p1a: Sceptile|238/264\n|-boost|p2a: Ursaluna|spe|1\n|\n|-status|p2a: Ursaluna|brn|[from] item: Flame Orb\n|upkeep\n|turn|2\n|\n|t:|1781435417\n|switch|p2a: Overqwil|Overqwil, L82, F|274/274\n|-ability|p2a: Overqwil|Intimidate|boost\n|-unboost|p1a: Sceptile|atk|1\n|move|p1a: Sceptile|Leaf Storm|p2a: Overqwil\n|-resisted|p2a: Overqwil\n|-damage|p2a: Overqwil|148/274\n|-unboost|p1a: Sceptile|spa|2\n|-damage|p1a: Sceptile|212/264|[from] item: Life Orb\n|\n|upkeep\n|turn|3\n|\n|t:|1781435429\n|move|p1a: Sceptile|Shed Tail|p1a: Sceptile\n|-start|p1a: Sceptile|Substitute|[from] move: Shed Tail\n|-damage|p1a: Sceptile|80/264\n|\n|t:|1781435430\n|switch|p1a: Urshifu|Urshifu-Rapid-Strike, L75, F|274/274|[from] Shed Tail\n|move|p2a: Overqwil|Scale Shot|p1a: Urshifu|[miss]\n|-miss|p2a: Overqwil|p1a: Urshifu\n|\n|upkeep\n|turn|4\n|c|\u2606Rheny|HAHAHA\n|\n|t:|1781435440\n|move|p1a: Urshifu|Surging Strikes|p2a: Overqwil\n|-crit|p2a: Overqwil\n|-damage|p2a: Overqwil|90/274\n|-crit|p2a: Overqwil\n|-damage|p2a: Overqwil|38/274\n|-crit|p2a: Overqwil\n|-damage|p2a: Overqwil|0 fnt\n|faint|p2a: Overqwil\n|-hitcount|p2: Overqwil|3\n|-damage|p1a: Urshifu|247/274|[from] item: Life Orb\n|\n|upkeep\n|\n|t:|1781435451\n|switch|p2a: Iron Leaves|Iron Leaves, L80|275/275\n|turn|5\n|\n|t:|1781435456\n|move|p2a: Iron Leaves|Psyblade|p1a: Urshifu\n|-supereffective|p1a: Urshifu\n|-end|p1a: Urshifu|Substitute\n|-damage|p2a: Iron Leaves|248/275|[from] item: Life Orb\n|move|p1a: Urshifu|Ice Spinner|p2a: Iron Leaves\n|-supereffective|p2a: Iron Leaves\n|-damage|p2a: Iron Leaves|87/275\n|-damage|p1a: Urshifu|220/274|[from] item: Life Orb\n|\n|upkeep\n|turn|6\n|\n|t:|1781435466\n|switch|p1a: Meowstic|Meowstic, L89, M|277/277\n|move|p2a: Iron Leaves|Leaf Blade|p1a: Meowstic\n|-damage|p1a: Meowstic|131/277\n|-damage|p2a: Iron Leaves|60/275|[from] item: Life Orb\n|\n|-heal|p1a: Meowstic|148/277|[from] item: Leftovers\n|upkeep\n|turn|7\n|\n|t:|1781435474\n|-end|p2a: Iron Leaves|Quark Drive|[silent]\n|switch|p2a: Iron Treads|Iron Treads, L77|265/265\n|move|p1a: Meowstic|Alluring Voice|p2a: Iron Treads\n|-resisted|p2a: Iron Treads\n|-damage|p2a: Iron Treads|240/265\n|\n|-heal|p1a: Meowstic|165/277|[from] item: Leftovers\n|upkeep\n|turn|8\n|\n|t:|1781435479\n|move|p1a: Meowstic|Yawn|p2a: Iron Treads\n|-start|p2a: Iron Treads|move: Yawn|[of] p1a: Meowstic\n|move|p2a: Iron Treads|Rapid Spin|p1a: Meowstic\n|-damage|p1a: Meowstic|127/277\n|-boost|p2a: Iron Treads|spe|1\n|\n|-heal|p1a: Meowstic|144/277|[from] item: Leftovers\n|upkeep\n|turn|9\n|\n|t:|1781435487\n|move|p2a: Iron Treads|Iron Head|p1a: Meowstic\n|-damage|p1a: Meowstic|53/277\n|move|p1a: Meowstic|Psychic Noise|p2a: Iron Treads\n|-resisted|p2a: Iron Treads\n|-damage|p2a: Iron Treads|209/265\n|-start|p2a: Iron Treads|move: Heal Block\n|\n|-heal|p1a: Meowstic|70/277|[from] item: Leftovers\n|-end|p2a: Iron Treads|move: Yawn|[silent]\n|-status|p2a: Iron Treads|slp\n|upkeep\n|turn|10\n|\n|t:|1781435492\n|switch|p1a: Urshifu|Urshifu-Rapid-Strike, L75, F|220/274\n|cant|p2a: Iron Treads|slp\n|\n|-end|p2a: Iron Treads|move: Heal Block\n|upkeep\n|turn|11\n|\n|t:|1781435497\n|-curestatus|p2a: Iron Treads|slp|[msg]\n|move|p2a: Iron Treads|Volt Switch|p1a: Urshifu\n|-supereffective|p1a: Urshifu\n|-damage|p1a: Urshifu|130/274\n|\n|t:|1781435510\n|-end|p2a: Iron Treads|Quark Drive|[silent]\n|switch|p2a: Solgaleo|Solgaleo, L74|325/325|[from] Volt Switch\n|move|p1a: Urshifu|Surging Strikes|p2a: Solgaleo\n|-crit|p2a: Solgaleo\n|-damage|p2a: Solgaleo|267/325\n|-crit|p2a: Solgaleo\n|-damage|p2a: Solgaleo|209/325\n|-crit|p2a: Solgaleo\n|-damage|p2a: Solgaleo|157/325\n|-hitcount|p2a: Solgaleo|3\n|-damage|p1a: Urshifu|103/274|[from] item: Life Orb\n|\n|upkeep\n|turn|12\n|\n|t:|1781435518\n|move|p1a: Urshifu|Surging Strikes|p2a: Solgaleo\n|-crit|p2a: Solgaleo\n|-damage|p2a: Solgaleo|105/325\n|-crit|p2a: Solgaleo\n|-damage|p2a: Solgaleo|53/325\n|-crit|p2a: Solgaleo\n|-damage|p2a: Solgaleo|0 fnt\n|faint|p2a: Solgaleo\n|-hitcount|p2: Solgaleo|3\n|-damage|p1a: Urshifu|76/274|[from] item: Life Orb\n|\n|upkeep\n|\n|t:|1781435530\n|switch|p2a: Iron Leaves|Iron Leaves, L80|60/275\n|turn|13\n|\n|t:|1781435532\n|move|p2a: Iron Leaves|Psyblade|p1a: Urshifu\n|-supereffective|p1a: Urshifu\n|-damage|p1a: Urshifu|0 fnt\n|faint|p1a: Urshifu\n|-damage|p2a: Iron Leaves|33/275|[from] item: Life Orb\n|\n|upkeep\n|\n|t:|1781435543\n|switch|p1a: Revavroom|Revavroom, L79, F|256/256\n|turn|14\n|\n|t:|1781435550\n|-terastallize|p2a: Iron Leaves|Fighting\n|move|p2a: Iron Leaves|Close Combat|p1a: Revavroom\n|-damage|p1a: Revavroom|68/256\n|-unboost|p2a: Iron Leaves|def|1\n|-unboost|p2a: Iron Leaves|spd|1\n|-damage|p2a: Iron Leaves|6/275|[from] item: Life Orb\n|move|p1a: Revavroom|Shift Gear|p1a: Revavroom\n|-boost|p1a: Revavroom|spe|2\n|-boost|p1a: Revavroom|atk|1\n|\n|upkeep\n|turn|15\n|\n|t:|1781435556\n|move|p1a: Revavroom|Iron Head|p2a: Iron Leaves\n|-damage|p2a: Iron Leaves|0 fnt\n|faint|p2a: Iron Leaves\n|-end|p2a: Iron Leaves|Quark Drive|[silent]\n|-damage|p1a: Revavroom|43/256|[from] item: Life Orb\n|\n|upkeep\n|\n|t:|1781435560\n|switch|p2a: Ursaluna|Ursaluna, L79, F|335/335 brn\n|turn|16\n|\n|t:|1781435567\n|move|p1a: Revavroom|Iron Head|p2a: Ursaluna\n|-damage|p2a: Ursaluna|179/335 brn\n|-damage|p1a: Revavroom|18/256|[from] item: Life Orb\n|move|p2a: Ursaluna|Crunch|p1a: Revavroom\n|-damage|p1a: Revavroom|0 fnt\n|faint|p1a: Revavroom\n|\n|-damage|p2a: Ursaluna|159/335 brn|[from] brn\n|upkeep\n|\n|t:|1781435571\n|switch|p1a: Sceptile|Sceptile, L87, F|80/264\n|turn|17\n|\n|t:|1781435577\n|move|p1a: Sceptile|Leaf Storm|p2a: Ursaluna\n|-supereffective|p2a: Ursaluna\n|-damage|p2a: Ursaluna|0 fnt\n|-unboost|p1a: Sceptile|spa|2\n|faint|p2a: Ursaluna\n|-damage|p1a: Sceptile|54/264|[from] item: Life Orb\n|\n|upkeep\n|\n|t:|1781435580\n|switch|p2a: Porygon-Z|Porygon-Z, L83|277/277\n|turn|18\n|\n|t:|1781435585\n|switch|p1a: Copperajah|Copperajah, L86, F|350/350\n|move|p2a: Porygon-Z|Agility|p2a: Porygon-Z\n|-boost|p2a: Porygon-Z|spe|2\n|\n|upkeep\n|turn|19\n|\n|t:|1781435600\n|move|p2a: Porygon-Z|Shadow Ball|p1a: Copperajah\n|-damage|p1a: Copperajah|232/350\n|-damage|p2a: Porygon-Z|250/277|[from] item: Life Orb\n|move|p1a: Copperajah|Iron Head|p2a: Porygon-Z\n|-damage|p2a: Porygon-Z|23/277\n|\n|upkeep\n|turn|20\n|\n|t:|1781435606\n|move|p2a: Porygon-Z|Shadow Ball|p1a: Copperajah\n|-damage|p1a: Copperajah|128/350\n|-damage|p2a: Porygon-Z|0 fnt|[from] item: Life Orb\n|faint|p2a: Porygon-Z\n|move|p1a: Copperajah|Stealth Rock|p2: Porygon-Z\n|-sidestart|p2: Rheny|move: Stealth Rock\n|\n|upkeep\n|\n|t:|1781435608\n|switch|p2a: Iron Treads|Iron Treads, L77|209/265\n|-damage|p2a: Iron Treads|201/265|[from] Stealth Rock\n|turn|21\n|\n|t:|1781435613\n|switch|p1a: Meowstic|Meowstic, L89, M|70/277\n|move|p2a: Iron Treads|Rapid Spin|p1a: Meowstic\n|-crit|p1a: Meowstic\n|-damage|p1a: Meowstic|12/277\n|-boost|p2a: Iron Treads|spe|1\n|-sideend|p2: Rheny|Stealth Rock|[from] move: Rapid Spin|[of] p2a: Iron Treads\n|\n|-heal|p1a: Meowstic|29/277|[from] item: Leftovers\n|upkeep\n|turn|22\n|\n|t:|1781435618\n|move|p1a: Meowstic|Yawn|p2a: Iron Treads\n|-start|p2a: Iron Treads|move: Yawn|[of] p1a: Meowstic\n|move|p2a: Iron Treads|Rapid Spin|p1a: Meowstic\n|-damage|p1a: Meowstic|0 fnt\n|-boost|p2a: Iron Treads|spe|1\n|faint|p1a: Meowstic\n|\n|upkeep\n|\n|t:|1781435620\n|switch|p1a: Copperajah|Copperajah, L86, F|128/350\n|turn|23\n|\n|t:|1781435622\n|move|p2a: Iron Treads|Earthquake|p1a: Copperajah\n|-supereffective|p1a: Copperajah\n|-damage|p1a: Copperajah|0 fnt\n|faint|p1a: Copperajah\n|\n|-end|p2a: Iron Treads|move: Yawn|[silent]\n|-status|p2a: Iron Treads|slp\n|upkeep\n|\n|t:|1781435625\n|switch|p1a: Sceptile|Sceptile, L87, F|54/264\n|turn|24\n|\n|t:|1781435629\n|cant|p2a: Iron Treads|slp\n|move|p1a: Sceptile|Earthquake|p2a: Iron Treads\n|-supereffective|p2a: Iron Treads\n|-damage|p2a: Iron Treads|35/265 slp\n|-damage|p1a: Sceptile|28/264|[from] item: Life Orb\n|\n|upkeep\n|turn|25\n|\n|t:|1781435633\n|cant|p2a: Iron Treads|slp\n|move|p1a: Sceptile|Earthquake|p2a: Iron Treads\n|-supereffective|p2a: Iron Treads\n|-damage|p2a: Iron Treads|0 fnt\n|faint|p2a: Iron Treads\n|-end|p2a: Iron Treads|Quark Drive|[silent]\n|-damage|p1a: Sceptile|2/264|[from] item: Life Orb\n|\n|win|AGuyWithAName\n", "uploadtime": 1781435383, "views": 3, "formatid": "gen9randombattle", "rating": null, "private": 0, "password": null}