{"id": "gen9randombattle-2631800008", "format": "[Gen 9] Random Battle", "players": ["Super Fantasma", "xgjkl"], "log": "|j|\u2606Super Fantasma\n|j|\u2606xgjkl\n|t:|1781441495\n|gametype|singles\n|player|p1|Super Fantasma|lucas|1085\n|player|p2|xgjkl|265|1079\n|gen|9\n|tier|[Gen 9] Random Battle\n|rated|\n|rule|Species Clause: Limit one of each Pok\u00e9mon\n|rule|HP Percentage Mod: HP is shown in percentages\n|rule|Sleep Clause Mod: Limit one foe put to sleep\n|rule|Illusion Level Mod: Illusion disguises the Pok\u00e9mon's true level\n|\n|t:|1781441495\n|teamsize|p1|6\n|teamsize|p2|6\n|start\n|switch|p1a: Lapras|Lapras, L87, M|367/367\n|switch|p2a: Chansey|Chansey, L85, F|564/564\n|turn|1\n|inactive|Battle timer is ON: inactive players will automatically lose when time's up. (requested by xgjkl)\n|\n|t:|1781441528\n|move|p1a: Lapras|Freeze-Dry|p2a: Chansey\n|-damage|p2a: Chansey|504/564\n|move|p2a: Chansey|Thunder Wave|p1a: Lapras\n|-status|p1a: Lapras|par\n|\n|upkeep\n|turn|2\n|\n|t:|1781441542\n|switch|p2a: Eelektross|Eelektross, L87, F|290/290\n|move|p1a: Lapras|Freeze-Dry|p2a: Eelektross\n|-damage|p2a: Eelektross|182/290\n|\n|-heal|p2a: Eelektross|200/290|[from] item: Leftovers\n|upkeep\n|turn|3\n|\n|t:|1781441561\n|move|p2a: Eelektross|Coil|p2a: Eelektross\n|-boost|p2a: Eelektross|atk|1\n|-boost|p2a: Eelektross|def|1\n|-boost|p2a: Eelektross|accuracy|1\n|cant|p1a: Lapras|par\n|\n|-heal|p2a: Eelektross|218/290|[from] item: Leftovers\n|upkeep\n|turn|4\n|\n|t:|1781441575\n|switch|p1a: Dugtrio|Dugtrio, L84, M|196/196\n|move|p2a: Eelektross|Coil|p2a: Eelektross\n|-boost|p2a: Eelektross|atk|1\n|-boost|p2a: Eelektross|def|1\n|-boost|p2a: Eelektross|accuracy|1\n|\n|-heal|p2a: Eelektross|236/290|[from] item: Leftovers\n|upkeep\n|turn|5\n|\n|t:|1781441587\n|move|p1a: Dugtrio|Swords Dance|p1a: Dugtrio\n|-boost|p1a: Dugtrio|atk|2\n|move|p2a: Eelektross|Drain Punch|p1a: Dugtrio\n|-damage|p1a: Dugtrio|0 fnt\n|-heal|p2a: Eelektross|290/290|[from] drain|[of] p1a: Dugtrio\n|faint|p1a: Dugtrio\n|\n|upkeep\n|\n|t:|1781441598\n|switch|p1a: Oricorio|Oricorio-Pom-Pom, L82, F|257/257\n|turn|6\n|\n|t:|1781441605\n|move|p1a: Oricorio|Quiver Dance|p1a: Oricorio\n|-boost|p1a: Oricorio|spa|1\n|-boost|p1a: Oricorio|spd|1\n|-boost|p1a: Oricorio|spe|1\n|move|p2a: Eelektross|Fire Punch|p1a: Oricorio\n|-crit|p1a: Oricorio\n|-damage|p1a: Oricorio|5/257\n|\n|upkeep\n|turn|7\n|\n|t:|1781441621\n|move|p1a: Oricorio|Roost|p1a: Oricorio\n|-heal|p1a: Oricorio|134/257\n|-singleturn|p1a: Oricorio|move: Roost\n|move|p2a: Eelektross|Fire Punch|p1a: Oricorio\n|-crit|p1a: Oricorio\n|-damage|p1a: Oricorio|0 fnt\n|faint|p1a: Oricorio\n|\n|upkeep\n|\n|t:|1781441632\n|switch|p1a: Lilligant|Lilligant, L86, F|261/261\n|turn|8\n|\n|t:|1781441637\n|move|p1a: Lilligant|Quiver Dance|p1a: Lilligant\n|-boost|p1a: Lilligant|spa|1\n|-boost|p1a: Lilligant|spd|1\n|-boost|p1a: Lilligant|spe|1\n|move|p2a: Eelektross|Fire Punch|p1a: Lilligant\n|-supereffective|p1a: Lilligant\n|-damage|p1a: Lilligant|0 fnt\n|faint|p1a: Lilligant\n|\n|upkeep\n|\n|t:|1781441648\n|switch|p1a: Flutter Mane|Flutter Mane, L74|203/203\n|turn|9\n|\n|t:|1781441655\n|move|p1a: Flutter Mane|Calm Mind|p1a: Flutter Mane\n|-boost|p1a: Flutter Mane|spa|1\n|-boost|p1a: Flutter Mane|spd|1\n|move|p2a: Eelektross|Supercell Slam|p1a: Flutter Mane\n|-damage|p1a: Flutter Mane|0 fnt\n|faint|p1a: Flutter Mane\n|-end|p1a: Flutter Mane|Protosynthesis|[silent]\n|\n|upkeep\n|\n|t:|1781441663\n|switch|p1a: Dondozo|Dondozo, L78, F|362/362\n|turn|10\n|\n|t:|1781441672\n|move|p2a: Eelektross|Coil|p2a: Eelektross\n|-boost|p2a: Eelektross|atk|1\n|-boost|p2a: Eelektross|def|1\n|-boost|p2a: Eelektross|accuracy|1\n|move|p1a: Dondozo|Curse|p1a: Dondozo\n|-unboost|p1a: Dondozo|spe|1\n|-boost|p1a: Dondozo|atk|1\n|-boost|p1a: Dondozo|def|1\n|\n|upkeep\n|turn|11\n|\n|t:|1781441687\n|-terastallize|p1a: Dondozo|Fairy\n|move|p2a: Eelektross|Supercell Slam|p1a: Dondozo\n|-damage|p1a: Dondozo|287/362\n|move|p1a: Dondozo|Wave Crash|p2a: Eelektross\n|-damage|p2a: Eelektross|115/290\n|-damage|p1a: Dondozo|229/362|[from] Recoil\n|\n|-heal|p2a: Eelektross|133/290|[from] item: Leftovers\n|-heal|p1a: Dondozo|251/362|[from] item: Leftovers\n|upkeep\n|turn|12\n|\n|t:|1781441700\n|move|p2a: Eelektross|Fire Punch|p1a: Dondozo\n|-crit|p1a: Dondozo\n|-damage|p1a: Dondozo|166/362\n|move|p1a: Dondozo|Wave Crash|p2a: Eelektross\n|-damage|p2a: Eelektross|0 fnt\n|faint|p2a: Eelektross\n|-damage|p1a: Dondozo|122/362|[from] Recoil\n|\n|-heal|p1a: Dondozo|144/362|[from] item: Leftovers\n|upkeep\n|\n|t:|1781441721\n|switch|p2a: Annihilape|Annihilape, L76, F|292/292\n|turn|13\n|\n|t:|1781441729\n|move|p2a: Annihilape|Taunt|p1a: Dondozo\n|-start|p1a: Dondozo|move: Taunt\n|cant|p1a: Dondozo|move: Taunt|Rest\n|\n|-heal|p1a: Dondozo|166/362|[from] item: Leftovers\n|upkeep\n|turn|14\n|\n|t:|1781441739\n|switch|p2a: Volcanion|Volcanion, L79|255/255\n|move|p1a: Dondozo|Wave Crash|p2a: Volcanion\n|-immune|p2a: Volcanion|[from] ability: Water Absorb\n|\n|-heal|p1a: Dondozo|188/362|[from] item: Leftovers\n|upkeep\n|turn|15\n|\n|t:|1781441751\n|move|p2a: Volcanion|Earth Power|p1a: Dondozo\n|-damage|p1a: Dondozo|92/362\n|move|p1a: Dondozo|Wave Crash|p2a: Volcanion\n|-immune|p2a: Volcanion|[from] ability: Water Absorb\n|\n|-heal|p1a: Dondozo|114/362|[from] item: Leftovers\n|-end|p1a: Dondozo|move: Taunt\n|upkeep\n|turn|16\n|\n|t:|1781441762\n|move|p2a: Volcanion|Earth Power|p1a: Dondozo\n|-damage|p1a: Dondozo|22/362\n|move|p1a: Dondozo|Rest|p1a: Dondozo\n|-status|p1a: Dondozo|slp|[from] move: Rest\n|-heal|p1a: Dondozo|362/362 slp|[silent]\n|\n|upkeep\n|turn|17\n|\n|t:|1781441773\n|switch|p2a: Poliwrath|Poliwrath, L88, M|302/302\n|cant|p1a: Dondozo|slp\n|move|p1a: Dondozo|Sleep Talk|p1a: Dondozo\n|move|p1a: Dondozo|Wave Crash|p2a: Poliwrath|[from] move: Sleep Talk\n|-immune|p2a: Poliwrath|[from] ability: Water Absorb\n|\n|upkeep\n|turn|18\n|\n|t:|1781441786\n|switch|p1a: Lapras|Lapras, L87, M|367/367 par\n|move|p2a: Poliwrath|Knock Off|p1a: Lapras\n|-damage|p1a: Lapras|286/367 par\n|-enditem|p1a: Lapras|Choice Specs|[from] move: Knock Off|[of] p2a: Poliwrath\n|\n|upkeep\n|turn|19\n|\n|t:|1781441797\n|switch|p2a: Chansey|Chansey, L85, F|504/564\n|move|p1a: Lapras|Freeze-Dry|p2a: Chansey\n|-damage|p2a: Chansey|459/564\n|\n|upkeep\n|turn|20\n|\n|t:|1781441807\n|move|p2a: Chansey|Seismic Toss|p1a: Lapras\n|-damage|p1a: Lapras|201/367 par\n|cant|p1a: Lapras|par\n|\n|upkeep\n|turn|21\n|\n|t:|1781441814\n|move|p2a: Chansey|Seismic Toss|p1a: Lapras\n|-damage|p1a: Lapras|116/367 par\n|move|p1a: Lapras|Hydro Pump|p2a: Chansey|[miss]\n|-miss|p1a: Lapras|p2a: Chansey\n|\n|upkeep\n|turn|22\n|\n|t:|1781441821\n|move|p2a: Chansey|Seismic Toss|p1a: Lapras\n|-damage|p1a: Lapras|31/367 par\n|cant|p1a: Lapras|par\n|\n|upkeep\n|turn|23\n|\n|t:|1781441828\n|move|p2a: Chansey|Seismic Toss|p1a: Lapras\n|-damage|p1a: Lapras|0 fnt\n|faint|p1a: Lapras\n|\n|upkeep\n|\n|t:|1781441833\n|switch|p1a: Dondozo|Dondozo, L78, F, tera:Fairy|362/362 slp\n|turn|24\n|\n|t:|1781441842\n|switch|p2a: Poliwrath|Poliwrath, L88, M|302/302\n|cant|p1a: Dondozo|slp\n|move|p1a: Dondozo|Sleep Talk|p1a: Dondozo\n|move|p1a: Dondozo|Wave Crash|p2a: Poliwrath|[from] move: Sleep Talk\n|-immune|p2a: Poliwrath|[from] ability: Water Absorb\n|\n|upkeep\n|turn|25\n|\n|t:|1781441853\n|move|p2a: Poliwrath|Knock Off|p1a: Dondozo\n|-resisted|p1a: Dondozo\n|-damage|p1a: Dondozo|327/362 slp\n|-enditem|p1a: Dondozo|Leftovers|[from] move: Knock Off|[of] p2a: Poliwrath\n|-curestatus|p1a: Dondozo|slp|[msg]\n|move|p1a: Dondozo|Sleep Talk||[still]\n|-fail|p1a: Dondozo\n|\n|upkeep\n|turn|26\n|\n|t:|1781441864\n|move|p2a: Poliwrath|Liquidation|p1a: Dondozo\n|-damage|p1a: Dondozo|242/362\n|move|p1a: Dondozo|Curse|p1a: Dondozo\n|-unboost|p1a: Dondozo|spe|1\n|-boost|p1a: Dondozo|atk|1\n|-boost|p1a: Dondozo|def|1\n|\n|upkeep\n|turn|27\n|\n|t:|1781441872\n|move|p2a: Poliwrath|Liquidation|p1a: Dondozo\n|-damage|p1a: Dondozo|188/362\n|move|p1a: Dondozo|Curse|p1a: Dondozo\n|-unboost|p1a: Dondozo|spe|1\n|-boost|p1a: Dondozo|atk|1\n|-boost|p1a: Dondozo|def|1\n|\n|upkeep\n|turn|28\n|\n|t:|1781441880\n|move|p2a: Poliwrath|Liquidation|p1a: Dondozo\n|-damage|p1a: Dondozo|143/362\n|move|p1a: Dondozo|Curse|p1a: Dondozo\n|-unboost|p1a: Dondozo|spe|1\n|-boost|p1a: Dondozo|atk|1\n|-boost|p1a: Dondozo|def|1\n|\n|upkeep\n|turn|29\n|\n|t:|1781441890\n|move|p2a: Poliwrath|Liquidation|p1a: Dondozo\n|-damage|p1a: Dondozo|107/362\n|move|p1a: Dondozo|Rest|p1a: Dondozo\n|-status|p1a: Dondozo|slp|[from] move: Rest\n|-heal|p1a: Dondozo|362/362 slp|[silent]\n|\n|upkeep\n|turn|30\n|\n|t:|1781441900\n|move|p2a: Poliwrath|Drain Punch|p1a: Dondozo\n|-resisted|p1a: Dondozo\n|-damage|p1a: Dondozo|347/362 slp\n|cant|p1a: Dondozo|slp\n|move|p1a: Dondozo|Sleep Talk|p1a: Dondozo\n|move|p1a: Dondozo|Wave Crash|p2a: Poliwrath|[from] move: Sleep Talk\n|-immune|p2a: Poliwrath|[from] ability: Water Absorb\n|\n|upkeep\n|turn|31\n|\n|t:|1781441911\n|move|p2a: Poliwrath|Drain Punch|p1a: Dondozo\n|-resisted|p1a: Dondozo\n|-damage|p1a: Dondozo|333/362 slp\n|cant|p1a: Dondozo|slp\n|move|p1a: Dondozo|Sleep Talk|p1a: Dondozo\n|move|p1a: Dondozo|Rest||[from] move: Sleep Talk|[still]\n|-fail|p1a: Dondozo\n|\n|upkeep\n|turn|32\n|\n|t:|1781441923\n|move|p2a: Poliwrath|Drain Punch|p1a: Dondozo\n|-resisted|p1a: Dondozo\n|-damage|p1a: Dondozo|318/362 slp\n|-curestatus|p1a: Dondozo|slp|[msg]\n|move|p1a: Dondozo|Curse|p1a: Dondozo\n|-unboost|p1a: Dondozo|spe|1\n|-boost|p1a: Dondozo|atk|1\n|-boost|p1a: Dondozo|def|1\n|\n|upkeep\n|turn|33\n|\n|t:|1781441936\n|move|p2a: Poliwrath|Liquidation|p1a: Dondozo\n|-damage|p1a: Dondozo|287/362\n|move|p1a: Dondozo|Curse|p1a: Dondozo\n|-unboost|p1a: Dondozo|spe|1\n|-boost|p1a: Dondozo|atk|1\n|-boost|p1a: Dondozo|def|1\n|\n|upkeep\n|turn|34\n|\n|t:|1781441945\n|move|p2a: Poliwrath|Drain Punch|p1a: Dondozo\n|-resisted|p1a: Dondozo\n|-damage|p1a: Dondozo|275/362\n|move|p1a: Dondozo|Curse|p1a: Dondozo\n|-unboost|p1a: Dondozo|spe|1\n|-boost|p1a: Dondozo|atk|1\n|-boost|p1a: Dondozo|def|1\n|\n|upkeep\n|turn|35\n|\n|t:|1781441960\n|move|p2a: Poliwrath|Drain Punch|p1a: Dondozo\n|-resisted|p1a: Dondozo\n|-damage|p1a: Dondozo|265/362\n|move|p1a: Dondozo|Rest|p1a: Dondozo\n|-status|p1a: Dondozo|slp|[from] move: Rest\n|-heal|p1a: Dondozo|362/362 slp|[silent]\n|\n|upkeep\n|turn|36\n|\n|t:|1781441976\n|move|p2a: Poliwrath|Liquidation|p1a: Dondozo\n|-damage|p1a: Dondozo|337/362 slp\n|cant|p1a: Dondozo|slp\n|move|p1a: Dondozo|Sleep Talk|p1a: Dondozo\n|move|p1a: Dondozo|Curse|p1a: Dondozo|[from] move: Sleep Talk\n|\n|upkeep\n|turn|37\n|\n|t:|1781441987\n|move|p2a: Poliwrath|Knock Off|p1a: Dondozo\n|-resisted|p1a: Dondozo\n|-damage|p1a: Dondozo|332/362 slp\n|cant|p1a: Dondozo|slp\n|move|p1a: Dondozo|Sleep Talk|p1a: Dondozo\n|move|p1a: Dondozo|Rest||[from] move: Sleep Talk|[still]\n|-fail|p1a: Dondozo\n|\n|upkeep\n|turn|38\n|\n|t:|1781441997\n|move|p2a: Poliwrath|Knock Off|p1a: Dondozo\n|-resisted|p1a: Dondozo\n|-damage|p1a: Dondozo|327/362 slp\n|-curestatus|p1a: Dondozo|slp|[msg]\n|move|p1a: Dondozo|Curse|p1a: Dondozo\n|\n|upkeep\n|turn|39\n|\n|t:|1781442006\n|move|p2a: Poliwrath|Knock Off|p1a: Dondozo\n|-resisted|p1a: Dondozo\n|-damage|p1a: Dondozo|322/362\n|move|p1a: Dondozo|Curse|p1a: Dondozo\n|\n|upkeep\n|turn|40\n|\n|t:|1781442014\n|move|p2a: Poliwrath|Knock Off|p1a: Dondozo\n|-resisted|p1a: Dondozo\n|-damage|p1a: Dondozo|316/362\n|move|p1a: Dondozo|Curse|p1a: Dondozo\n|\n|upkeep\n|turn|41\n|\n|t:|1781442020\n|move|p2a: Poliwrath|Drain Punch|p1a: Dondozo\n|-resisted|p1a: Dondozo\n|-damage|p1a: Dondozo|307/362\n|move|p1a: Dondozo|Curse|p1a: Dondozo\n|\n|upkeep\n|turn|42\n|\n|t:|1781442027\n|move|p2a: Poliwrath|Drain Punch|p1a: Dondozo\n|-resisted|p1a: Dondozo\n|-damage|p1a: Dondozo|297/362\n|move|p1a: Dondozo|Curse|p1a: Dondozo\n|\n|upkeep\n|turn|43\n|\n|t:|1781442034\n|move|p2a: Poliwrath|Drain Punch|p1a: Dondozo\n|-resisted|p1a: Dondozo\n|-damage|p1a: Dondozo|288/362\n|move|p1a: Dondozo|Curse|p1a: Dondozo\n|\n|upkeep\n|turn|44\n|\n|t:|1781442042\n|move|p2a: Poliwrath|Bulk Up|p2a: Poliwrath\n|-boost|p2a: Poliwrath|atk|1\n|-boost|p2a: Poliwrath|def|1\n|move|p1a: Dondozo|Curse|p1a: Dondozo\n|\n|upkeep\n|turn|45\n|\n|t:|1781442049\n|move|p2a: Poliwrath|Bulk Up|p2a: Poliwrath\n|-boost|p2a: Poliwrath|atk|1\n|-boost|p2a: Poliwrath|def|1\n|move|p1a: Dondozo|Curse|p1a: Dondozo\n|\n|upkeep\n|turn|46\n|\n|t:|1781442055\n|move|p2a: Poliwrath|Bulk Up|p2a: Poliwrath\n|-boost|p2a: Poliwrath|atk|1\n|-boost|p2a: Poliwrath|def|1\n|move|p1a: Dondozo|Curse|p1a: Dondozo\n|\n|upkeep\n|turn|47\n|\n|t:|1781442072\n|move|p2a: Poliwrath|Bulk Up|p2a: Poliwrath\n|-boost|p2a: Poliwrath|atk|1\n|-boost|p2a: Poliwrath|def|1\n|move|p1a: Dondozo|Rest|p1a: Dondozo\n|-status|p1a: Dondozo|slp|[from] move: Rest\n|-heal|p1a: Dondozo|362/362 slp|[silent]\n|\n|upkeep\n|turn|48\n|\n|t:|1781442082\n|move|p2a: Poliwrath|Bulk Up|p2a: Poliwrath\n|-boost|p2a: Poliwrath|atk|1\n|-boost|p2a: Poliwrath|def|1\n|cant|p1a: Dondozo|slp\n|move|p1a: Dondozo|Sleep Talk|p1a: Dondozo\n|move|p1a: Dondozo|Wave Crash|p2a: Poliwrath|[from] move: Sleep Talk\n|-immune|p2a: Poliwrath|[from] ability: Water Absorb\n|\n|upkeep\n|turn|49\n|\n|t:|1781442092\n|move|p2a: Poliwrath|Bulk Up|p2a: Poliwrath\n|-boost|p2a: Poliwrath|atk|1\n|-boost|p2a: Poliwrath|def|1\n|cant|p1a: Dondozo|slp\n|move|p1a: Dondozo|Sleep Talk|p1a: Dondozo\n|move|p1a: Dondozo|Rest||[from] move: Sleep Talk|[still]\n|-fail|p1a: Dondozo\n|\n|upkeep\n|turn|50\n|\n|t:|1781442105\n|move|p2a: Poliwrath|Liquidation|p1a: Dondozo\n|-damage|p1a: Dondozo|340/362 slp\n|-curestatus|p1a: Dondozo|slp|[msg]\n|move|p1a: Dondozo|Sleep Talk||[still]\n|-fail|p1a: Dondozo\n|\n|upkeep\n|turn|51\n|\n|t:|1781442115\n|move|p2a: Poliwrath|Liquidation|p1a: Dondozo\n|-damage|p1a: Dondozo|319/362\n|move|p1a: Dondozo|Wave Crash|p2a: Poliwrath\n|-immune|p2a: Poliwrath|[from] ability: Water Absorb\n|\n|upkeep\n|turn|52\n|\n|t:|1781442124\n|move|p2a: Poliwrath|Knock Off|p1a: Dondozo\n|-resisted|p1a: Dondozo\n|-damage|p1a: Dondozo|313/362\n|move|p1a: Dondozo|Wave Crash|p2a: Poliwrath\n|-immune|p2a: Poliwrath|[from] ability: Water Absorb\n|\n|upkeep\n|turn|53\n|\n|t:|1781442131\n|move|p2a: Poliwrath|Knock Off|p1a: Dondozo\n|-resisted|p1a: Dondozo\n|-damage|p1a: Dondozo|307/362\n|move|p1a: Dondozo|Wave Crash|p2a: Poliwrath\n|-immune|p2a: Poliwrath|[from] ability: Water Absorb\n|\n|upkeep\n|turn|54\n|\n|t:|1781442139\n|move|p2a: Poliwrath|Knock Off|p1a: Dondozo\n|-resisted|p1a: Dondozo\n|-damage|p1a: Dondozo|301/362\n|move|p1a: Dondozo|Wave Crash|p2a: Poliwrath\n|-immune|p2a: Poliwrath|[from] ability: Water Absorb\n|\n|upkeep\n|turn|55\n|\n|t:|1781442148\n|move|p2a: Poliwrath|Knock Off|p1a: Dondozo\n|-resisted|p1a: Dondozo\n|-damage|p1a: Dondozo|296/362\n|move|p1a: Dondozo|Wave Crash|p2a: Poliwrath\n|-immune|p2a: Poliwrath|[from] ability: Water Absorb\n|\n|upkeep\n|turn|56\n|\n|t:|1781442155\n|move|p2a: Poliwrath|Knock Off|p1a: Dondozo\n|-resisted|p1a: Dondozo\n|-damage|p1a: Dondozo|291/362\n|move|p1a: Dondozo|Wave Crash|p2a: Poliwrath\n|-immune|p2a: Poliwrath|[from] ability: Water Absorb\n|\n|upkeep\n|turn|57\n|\n|t:|1781442163\n|move|p2a: Poliwrath|Knock Off|p1a: Dondozo\n|-resisted|p1a: Dondozo\n|-damage|p1a: Dondozo|285/362\n|move|p1a: Dondozo|Wave Crash|p2a: Poliwrath\n|-immune|p2a: Poliwrath|[from] ability: Water Absorb\n|\n|upkeep\n|turn|58\n|\n|t:|1781442171\n|move|p2a: Poliwrath|Knock Off|p1a: Dondozo\n|-resisted|p1a: Dondozo\n|-damage|p1a: Dondozo|280/362\n|move|p1a: Dondozo|Wave Crash|p2a: Poliwrath\n|-immune|p2a: Poliwrath|[from] ability: Water Absorb\n|\n|upkeep\n|turn|59\n|\n|t:|1781442179\n|move|p2a: Poliwrath|Knock Off|p1a: Dondozo\n|-resisted|p1a: Dondozo\n|-damage|p1a: Dondozo|275/362\n|move|p1a: Dondozo|Wave Crash|p2a: Poliwrath\n|-immune|p2a: Poliwrath|[from] ability: Water Absorb\n|\n|upkeep\n|turn|60\n|\n|t:|1781442188\n|move|p2a: Poliwrath|Knock Off|p1a: Dondozo\n|-resisted|p1a: Dondozo\n|-damage|p1a: Dondozo|269/362\n|move|p1a: Dondozo|Wave Crash|p2a: Poliwrath\n|-immune|p2a: Poliwrath|[from] ability: Water Absorb\n|\n|upkeep\n|turn|61\n|\n|t:|1781442197\n|move|p2a: Poliwrath|Knock Off|p1a: Dondozo\n|-resisted|p1a: Dondozo\n|-damage|p1a: Dondozo|263/362\n|move|p1a: Dondozo|Wave Crash|p2a: Poliwrath\n|-immune|p2a: Poliwrath|[from] ability: Water Absorb\n|\n|upkeep\n|turn|62\n|\n|t:|1781442204\n|move|p2a: Poliwrath|Knock Off|p1a: Dondozo\n|-resisted|p1a: Dondozo\n|-damage|p1a: Dondozo|257/362\n|move|p1a: Dondozo|Wave Crash|p2a: Poliwrath\n|-immune|p2a: Poliwrath|[from] ability: Water Absorb\n|\n|upkeep\n|turn|63\n|\n|t:|1781442214\n|move|p2a: Poliwrath|Knock Off|p1a: Dondozo\n|-resisted|p1a: Dondozo\n|-damage|p1a: Dondozo|252/362\n|move|p1a: Dondozo|Rest|p1a: Dondozo\n|-status|p1a: Dondozo|slp|[from] move: Rest\n|-heal|p1a: Dondozo|362/362 slp|[silent]\n|\n|upkeep\n|turn|64\n|\n|t:|1781442223\n|move|p2a: Poliwrath|Knock Off|p1a: Dondozo\n|-resisted|p1a: Dondozo\n|-damage|p1a: Dondozo|357/362 slp\n|cant|p1a: Dondozo|slp\n|move|p1a: Dondozo|Sleep Talk|p1a: Dondozo\n|move|p1a: Dondozo|Wave Crash|p2a: Poliwrath|[from] move: Sleep Talk\n|-immune|p2a: Poliwrath|[from] ability: Water Absorb\n|\n|upkeep\n|turn|65\n|\n|t:|1781442234\n|move|p2a: Poliwrath|Knock Off|p1a: Dondozo\n|-resisted|p1a: Dondozo\n|-damage|p1a: Dondozo|351/362 slp\n|cant|p1a: Dondozo|slp\n|move|p1a: Dondozo|Sleep Talk|p1a: Dondozo\n|move|p1a: Dondozo|Curse|p1a: Dondozo|[from] move: Sleep Talk\n|\n|upkeep\n|turn|66\n|\n|t:|1781442245\n|move|p2a: Poliwrath|Knock Off|p1a: Dondozo\n|-resisted|p1a: Dondozo\n|-damage|p1a: Dondozo|345/362 slp\n|-curestatus|p1a: Dondozo|slp|[msg]\n|move|p1a: Dondozo|Sleep Talk||[still]\n|-fail|p1a: Dondozo\n|\n|upkeep\n|turn|67\n|\n|t:|1781442253\n|move|p2a: Poliwrath|Knock Off|p1a: Dondozo\n|-resisted|p1a: Dondozo\n|-damage|p1a: Dondozo|340/362\n|move|p1a: Dondozo|Sleep Talk||[still]\n|-fail|p1a: Dondozo\n|\n|upkeep\n|turn|68\n|\n|t:|1781442260\n|move|p2a: Poliwrath|Knock Off|p1a: Dondozo\n|-resisted|p1a: Dondozo\n|-damage|p1a: Dondozo|334/362\n|move|p1a: Dondozo|Sleep Talk||[still]\n|-fail|p1a: Dondozo\n|\n|upkeep\n|turn|69\n|\n|t:|1781442268\n|move|p2a: Poliwrath|Knock Off|p1a: Dondozo\n|-resisted|p1a: Dondozo\n|-damage|p1a: Dondozo|329/362\n|move|p1a: Dondozo|Sleep Talk||[still]\n|-fail|p1a: Dondozo\n|\n|upkeep\n|turn|70\n|\n|t:|1781442282\n|move|p2a: Poliwrath|Knock Off|p1a: Dondozo\n|-resisted|p1a: Dondozo\n|-damage|p1a: Dondozo|324/362\n|move|p1a: Dondozo|Rest|p1a: Dondozo\n|-status|p1a: Dondozo|slp|[from] move: Rest\n|-heal|p1a: Dondozo|362/362 slp|[silent]\n|\n|upkeep\n|turn|71\n|\n|t:|1781442293\n|move|p2a: Poliwrath|Knock Off|p1a: Dondozo\n|-resisted|p1a: Dondozo\n|-damage|p1a: Dondozo|357/362 slp\n|cant|p1a: Dondozo|slp\n|\n|upkeep\n|turn|72\n|\n|t:|1781442299\n|move|p2a: Poliwrath|Knock Off|p1a: Dondozo\n|-resisted|p1a: Dondozo\n|-damage|p1a: Dondozo|351/362 slp\n|cant|p1a: Dondozo|slp\n|\n|upkeep\n|turn|73\n|\n|t:|1781442306\n|move|p2a: Poliwrath|Knock Off|p1a: Dondozo\n|-resisted|p1a: Dondozo\n|-damage|p1a: Dondozo|345/362 slp\n|-curestatus|p1a: Dondozo|slp|[msg]\n|move|p1a: Dondozo|Rest|p1a: Dondozo\n|-status|p1a: Dondozo|slp|[from] move: Rest\n|-heal|p1a: Dondozo|362/362 slp|[silent]\n|\n|upkeep\n|turn|74\n|\n|t:|1781442317\n|move|p2a: Poliwrath|Bulk Up|p2a: Poliwrath\n|-boost|p2a: Poliwrath|atk|0\n|-boost|p2a: Poliwrath|def|0\n|cant|p1a: Dondozo|slp\n|\n|upkeep\n|turn|75\n|\n|t:|1781442324\n|move|p2a: Poliwrath|Bulk Up|p2a: Poliwrath\n|-boost|p2a: Poliwrath|atk|0\n|-boost|p2a: Poliwrath|def|0\n|cant|p1a: Dondozo|slp\n|\n|upkeep\n|turn|76\n|\n|t:|1781442332\n|move|p2a: Poliwrath|Bulk Up|p2a: Poliwrath\n|-boost|p2a: Poliwrath|atk|0\n|-boost|p2a: Poliwrath|def|0\n|-curestatus|p1a: Dondozo|slp|[msg]\n|move|p1a: Dondozo|Rest|p1a: Dondozo\n|-fail|p1a: Dondozo|heal\n|\n|upkeep\n|turn|77\n|\n|t:|1781442345\n|move|p2a: Poliwrath|Liquidation|p1a: Dondozo\n|-damage|p1a: Dondozo|338/362\n|-activate|p1a: Dondozo|move: Struggle\n|move|p1a: Dondozo|Struggle|p2a: Poliwrath\n|-damage|p2a: Poliwrath|183/302\n|-damage|p1a: Dondozo|247/362|[from] recoil\n|\n|-heal|p2a: Poliwrath|201/302|[from] item: Leftovers\n|upkeep\n|turn|78\n|\n|t:|1781442356\n|move|p2a: Poliwrath|Drain Punch|p1a: Dondozo\n|-resisted|p1a: Dondozo\n|-damage|p1a: Dondozo|238/362\n|-heal|p2a: Poliwrath|206/302|[from] drain|[of] p1a: Dondozo\n|-activate|p1a: Dondozo|move: Struggle\n|move|p1a: Dondozo|Struggle|p2a: Poliwrath\n|-damage|p2a: Poliwrath|89/302\n|-damage|p1a: Dondozo|147/362|[from] recoil\n|\n|-heal|p2a: Poliwrath|107/302|[from] item: Leftovers\n|upkeep\n|turn|79\n|\n|t:|1781442371\n|move|p2a: Poliwrath|Liquidation|p1a: Dondozo\n|-damage|p1a: Dondozo|126/362\n|-unboost|p1a: Dondozo|def|1\n|-activate|p1a: Dondozo|move: Struggle\n|move|p1a: Dondozo|Struggle|p2a: Poliwrath\n|-damage|p2a: Poliwrath|0 fnt\n|faint|p2a: Poliwrath\n|-damage|p1a: Dondozo|35/362|[from] recoil\n|\n|upkeep\n|\n|t:|1781442382\n|switch|p2a: Chansey|Chansey, L85, F|459/564\n|turn|80\n|\n|t:|1781442386\n|move|p2a: Chansey|Thunder Wave|p1a: Dondozo\n|-status|p1a: Dondozo|par\n|-activate|p1a: Dondozo|move: Struggle\n|move|p1a: Dondozo|Struggle|p2a: Chansey\n|-damage|p2a: Chansey|177/564\n|-damage|p1a: Dondozo|0 fnt|[from] recoil\n|faint|p1a: Dondozo\n|\n|win|xgjkl\n|raw|Super Fantasma's rating: 1085 &rarr; <strong>1062</strong><br />(-23 for losing)\n|raw|xgjkl's rating: 1079 &rarr; <strong>1108</strong><br />(+29 for winning)\n", "inputlog": ">version a8376a258c1d4662feba110a92103f3664a72141\n>start {\"formatid\":\"gen9randombattle\",\"seed\":\"sodium,e7d2068e7c7295b935b2292f3d9b0bbc\",\"rated\":\"Rated battle\"}\n>player p1 {\"name\":\"Super Fantasma\",\"avatar\":\"lucas\",\"rating\":1085,\"seed\":\"sodium,9d76dd3698274c09a2cacb8767a68d57\"}\n>player p2 {\"name\":\"xgjkl\",\"avatar\":\"265\",\"rating\":1079,\"seed\":\"sodium,0cb4a5055f4239d2f068307408fd09e9\"}\n>chat \u2606xgjkl|\u4eba\u5462\n>p1 move freezedry\n>p2 move thunderwave\n>p1 move freezedry\n>p2 switch 6\n>p1 move freezedry\n>p2 move coil\n>p1 switch 3\n>p2 move coil\n>p1 move swordsdance\n>p2 move drainpunch\n>p1 switch 6\n>p1 move quiverdance\n>p2 move firepunch\n>p1 move roost\n>p2 move firepunch\n>p1 switch 2\n>p1 move quiverdance\n>p2 move firepunch\n>p1 switch 4\n>p1 move calmmind\n>p2 move supercellslam\n>p1 switch 5\n>p1 move curse\n>p2 move coil\n>p1 move wavecrash terastallize\n>p2 move supercellslam\n>p1 move wavecrash\n>p2 move firepunch\n>p2 switch 4\n>p1 move rest\n>p2 move taunt\n>p1 move wavecrash\n>p2 switch 2\n>p1 move wavecrash\n>p2 move earthpower\n>p1 move rest\n>p2 move earthpower\n>p1 move sleeptalk\n>p2 switch 3\n>p1 switch 3\n>p2 move knockoff\n>p1 move freezedry\n>p2 switch 6\n>p1 move hydropump\n>p2 move seismictoss\n>p1 move hydropump\n>p2 move seismictoss\n>p1 move hydropump\n>p2 move seismictoss\n>p1 move hydropump\n>p2 move seismictoss\n>p1 switch 3\n>p1 move sleeptalk\n>p2 switch 6\n>p1 move sleeptalk\n>p2 move knockoff\n>p1 move curse\n>p2 move liquidation\n>p1 move curse\n>p2 move liquidation\n>p1 move curse\n>p2 move liquidation\n>p1 move rest\n>p2 move liquidation\n>p1 move sleeptalk\n>p2 move drainpunch\n>p1 move sleeptalk\n>p2 move drainpunch\n>p1 move curse\n>p2 move drainpunch\n>p1 move curse\n>p2 move liquidation\n>p1 move curse\n>p2 move drainpunch\n>p1 move rest\n>p2 move drainpunch\n>p1 move sleeptalk\n>p2 move liquidation\n>p1 move sleeptalk\n>p2 move knockoff\n>p1 move curse\n>p2 move knockoff\n>p1 move curse\n>p2 move knockoff\n>p1 move curse\n>p2 move knockoff\n>p1 move curse\n>p2 move drainpunch\n>p1 move curse\n>p2 move drainpunch\n>p1 move curse\n>p2 move drainpunch\n>p1 move curse\n>p2 move bulkup\n>p1 move curse\n>p2 move bulkup\n>p1 move curse\n>p2 move bulkup\n>p1 move rest\n>p2 move bulkup\n>p1 move sleeptalk\n>p2 move bulkup\n>p1 move sleeptalk\n>p2 move bulkup\n>p1 move sleeptalk\n>p2 move liquidation\n>p1 move wavecrash\n>p2 move liquidation\n>p1 move wavecrash\n>p2 move knockoff\n>p1 move wavecrash\n>p2 move knockoff\n>p1 move wavecrash\n>p2 move knockoff\n>p1 move wavecrash\n>p2 move knockoff\n>p1 move wavecrash\n>p2 move knockoff\n>p1 move wavecrash\n>p2 move knockoff\n>p1 move wavecrash\n>p2 move knockoff\n>p1 move wavecrash\n>p2 move knockoff\n>p1 move wavecrash\n>p2 move knockoff\n>p1 move wavecrash\n>p2 move knockoff\n>p1 move wavecrash\n>p2 move knockoff\n>p1 move rest\n>p2 move knockoff\n>p1 move sleeptalk\n>p2 move knockoff\n>p1 move sleeptalk\n>p2 move knockoff\n>p1 move sleeptalk\n>p2 move knockoff\n>p1 move sleeptalk\n>p2 move knockoff\n>p1 move sleeptalk\n>p2 move knockoff\n>p1 move sleeptalk\n>p2 move knockoff\n>p1 move rest\n>p2 move knockoff\n>p1 move rest\n>p2 move knockoff\n>p1 move rest\n>p2 move knockoff\n>p1 move rest\n>p2 move knockoff\n>p1 move rest\n>p2 move bulkup\n>p1 move rest\n>p2 move bulkup\n>p1 move rest\n>p2 move bulkup\n>p1 move struggle\n>p2 move liquidation\n>p1 move struggle\n>p2 move drainpunch\n>p1 move struggle\n>p2 move liquidation\n>p2 switch 6\n>p1 move struggle\n>p2 move thunderwave", "uploadtime": 1781442397, "views": 5, "formatid": "gen9randombattle", "rating": 1062, "private": 0, "password": null, "player_dets": [{"name": "Super Fantasma", "avatar": "lucas", "rating": 1085, "seed": "sodium,9d76dd3698274c09a2cacb8767a68d57"}, {"name": "xgjkl", "avatar": "265", "rating": 1079, "seed": "sodium,0cb4a5055f4239d2f068307408fd09e9"}], "teams_full": [{"Lapras": {"name": "Lapras", "species": "Lapras", "speciesId": "lapras", "gender": "M", "shiny": false, "level": 87, "moves": ["hydropump", "sparklingaria", "freezedry", "icebeam"], "ability": "Water Absorb", "evs": {"hp": 81, "atk": 0, "def": 85, "spa": 85, "spd": 85, "spe": 85}, "ivs": {"hp": 31, "atk": 0, "def": 31, "spa": 31, "spd": 31, "spe": 31}, "item": "Choice Specs", "teraType": "Water", "role": "Wallbreaker", "bvs": {"hp": 130, "atk": 85, "def": 80, "spa": 85, "spd": 95, "spe": 60}, "stats": {"hp": 367, "atk": 152, "def": 189, "spa": 198, "spd": 215, "spe": 154}}, "Lilligant": {"name": "Lilligant", "species": "Lilligant", "speciesId": "lilligant", "gender": "F", "shiny": false, "level": 86, "moves": ["gigadrain", "sleeppowder", "terablast", "quiverdance"], "ability": "Chlorophyll", "evs": {"hp": 85, "atk": 0, "def": 85, "spa": 85, "spd": 85, "spe": 85}, "ivs": {"hp": 31, "atk": 0, "def": 31, "spa": 31, "spd": 31, "spe": 31}, "item": "Life Orb", "teraType": "Fire", "role": "Tera Blast user", "bvs": {"hp": 70, "atk": 60, "def": 75, "spa": 110, "spd": 75, "spe": 90}, "stats": {"hp": 261, "atk": 108, "def": 178, "spa": 238, "spd": 178, "spe": 204}}, "Dugtrio": {"name": "Dugtrio", "species": "Dugtrio", "speciesId": "dugtrio", "gender": "M", "shiny": false, "level": 84, "moves": ["suckerpunch", "earthquake", "swordsdance", "stoneedge"], "ability": "Arena Trap", "evs": {"hp": 85, "atk": 85, "def": 85, "spa": 85, "spd": 85, "spe": 85}, "ivs": {"hp": 31, "atk": 31, "def": 31, "spa": 31, "spd": 31, "spe": 31}, "item": "Life Orb", "teraType": "Flying", "role": "Fast Support", "bvs": {"hp": 35, "atk": 100, "def": 50, "spa": 50, "spd": 70, "spe": 120}, "stats": {"hp": 196, "atk": 216, "def": 132, "spa": 132, "spd": 166, "spe": 250}}, "Flutter Mane": {"name": "Flutter Mane", "species": "Flutter Mane", "speciesId": "fluttermane", "gender": "N", "shiny": false, "level": 74, "moves": ["mysticalfire", "shadowball", "calmmind", "moonblast"], "ability": "Protosynthesis", "evs": {"hp": 85, "atk": 0, "def": 85, "spa": 85, "spd": 85, "spe": 85}, "ivs": {"hp": 31, "atk": 0, "def": 31, "spa": 31, "spd": 31, "spe": 31}, "item": "Life Orb", "teraType": "Fire", "role": "Setup Sweeper", "bvs": {"hp": 55, "atk": 55, "def": 55, "spa": 135, "spd": 135, "spe": 135}, "stats": {"hp": 203, "atk": 86, "def": 124, "spa": 243, "spd": 243, "spe": 243}}, "Dondozo": {"name": "Dondozo", "species": "Dondozo", "speciesId": "dondozo", "gender": "F", "shiny": false, "level": 78, "moves": ["curse", "rest", "wavecrash", "sleeptalk"], "ability": "Unaware", "evs": {"hp": 85, "atk": 85, "def": 85, "spa": 85, "spd": 85, "spe": 85}, "ivs": {"hp": 31, "atk": 31, "def": 31, "spa": 31, "spd": 31, "spe": 31}, "item": "Leftovers", "teraType": "Fairy", "role": "Bulky Setup", "bvs": {"hp": 150, "atk": 100, "def": 115, "spa": 65, "spd": 65, "spe": 35}, "stats": {"hp": 362, "atk": 201, "def": 224, "spa": 146, "spd": 146, "spe": 100}}, "Oricorio": {"name": "Oricorio", "species": "Oricorio-Pom-Pom", "speciesId": "oricoriopompom", "gender": "F", "shiny": false, "level": 82, "moves": ["hurricane", "quiverdance", "roost", "revelationdance"], "ability": "Dancer", "evs": {"hp": 85, "atk": 0, "def": 85, "spa": 85, "spd": 85, "spe": 85}, "ivs": {"hp": 31, "atk": 0, "def": 31, "spa": 31, "spd": 31, "spe": 31}, "item": "Heavy-Duty Boots", "teraType": "Ground", "role": "Setup Sweeper", "bvs": {"hp": 75, "atk": 70, "def": 70, "spa": 98, "spd": 70, "spe": 93}, "stats": {"hp": 257, "atk": 119, "def": 162, "spa": 208, "spd": 162, "spe": 200}}}, {"Chansey": {"name": "Chansey", "species": "Chansey", "speciesId": "chansey", "gender": "F", "shiny": false, "level": 85, "moves": ["thunderwave", "softboiled", "seismictoss", "healbell"], "ability": "Natural Cure", "evs": {"hp": 85, "atk": 0, "def": 85, "spa": 85, "spd": 85, "spe": 85}, "ivs": {"hp": 31, "atk": 0, "def": 31, "spa": 31, "spd": 31, "spe": 31}, "item": "Eviolite", "teraType": "Dark", "role": "Bulky Support", "bvs": {"hp": 250, "atk": 5, "def": 5, "spa": 35, "spd": 105, "spe": 50}, "stats": {"hp": 564, "atk": 13, "def": 57, "spa": 108, "spd": 227, "spe": 134}}, "Volcanion": {"name": "Volcanion", "species": "Volcanion", "speciesId": "volcanion", "gender": "N", "shiny": false, "level": 79, "moves": ["flamethrower", "steameruption", "earthpower", "sludgebomb"], "ability": "Water Absorb", "evs": {"hp": 81, "atk": 0, "def": 85, "spa": 85, "spd": 85, "spe": 85}, "ivs": {"hp": 31, "atk": 0, "def": 31, "spa": 31, "spd": 31, "spe": 31}, "item": "Choice Scarf", "teraType": "Ground", "role": "Bulky Attacker", "bvs": {"hp": 80, "atk": 110, "def": 120, "spa": 130, "spd": 90, "spe": 70}, "stats": {"hp": 255, "atk": 178, "def": 235, "spa": 251, "spd": 188, "spe": 156}}, "Poliwrath": {"name": "Poliwrath", "species": "Poliwrath", "speciesId": "poliwrath", "gender": "M", "shiny": false, "level": 88, "moves": ["knockoff", "liquidation", "bulkup", "drainpunch"], "ability": "Water Absorb", "evs": {"hp": 85, "atk": 85, "def": 85, "spa": 85, "spd": 85, "spe": 85}, "ivs": {"hp": 31, "atk": 31, "def": 31, "spa": 31, "spd": 31, "spe": 31}, "item": "Leftovers", "teraType": "Fighting", "role": "Bulky Setup", "bvs": {"hp": 90, "atk": 95, "def": 95, "spa": 70, "spd": 90, "spe": 70}, "stats": {"hp": 302, "atk": 217, "def": 217, "spa": 173, "spd": 209, "spe": 173}}, "Annihilape": {"name": "Annihilape", "species": "Annihilape", "speciesId": "annihilape", "gender": "F", "shiny": false, "level": 76, "moves": ["ragefist", "drainpunch", "taunt", "bulkup"], "ability": "Defiant", "evs": {"hp": 85, "atk": 85, "def": 85, "spa": 85, "spd": 85, "spe": 85}, "ivs": {"hp": 31, "atk": 31, "def": 31, "spa": 31, "spd": 31, "spe": 31}, "item": "Leftovers", "teraType": "Steel", "role": "Bulky Setup", "bvs": {"hp": 110, "atk": 115, "def": 80, "spa": 50, "spd": 90, "spe": 90}, "stats": {"hp": 292, "atk": 219, "def": 166, "spa": 120, "spd": 181, "spe": 181}}, "Lunala": {"name": "Lunala", "species": "Lunala", "speciesId": "lunala", "gender": "N", "shiny": false, "level": 70, "moves": ["calmmind", "moongeistbeam", "moonlight", "focusblast"], "ability": "Shadow Shield", "evs": {"hp": 85, "atk": 0, "def": 85, "spa": 85, "spd": 85, "spe": 85}, "ivs": {"hp": 31, "atk": 0, "def": 31, "spa": 31, "spd": 31, "spe": 31}, "item": "Leftovers", "teraType": "Fighting", "role": "Bulky Setup", "bvs": {"hp": 137, "atk": 113, "def": 89, "spa": 137, "spd": 107, "spe": 97}, "stats": {"hp": 308, "atk": 163, "def": 166, "spa": 233, "spd": 191, "spe": 177}}, "Eelektross": {"name": "Eelektross", "species": "Eelektross", "speciesId": "eelektross", "gender": "F", "shiny": false, "level": 87, "moves": ["drainpunch", "firepunch", "coil", "supercellslam"], "ability": "Levitate", "evs": {"hp": 85, "atk": 85, "def": 85, "spa": 85, "spd": 85, "spe": 85}, "ivs": {"hp": 31, "atk": 31, "def": 31, "spa": 31, "spd": 31, "spe": 31}, "item": "Leftovers", "teraType": "Fighting", "role": "Bulky Setup", "bvs": {"hp": 85, "atk": 115, "def": 80, "spa": 105, "spd": 80, "spe": 50}, "stats": {"hp": 290, "atk": 250, "def": 189, "spa": 232, "spd": 189, "spe": 137}}}]}