{"id": "gen9randombattle-2631642074", "format": "[Gen 9] Random Battle", "players": ["wuxianta", "Failtacular3245"], "log": "|j|\u2606wuxianta\n|j|\u2606Failtacular3245\n|t:|1781413509\n|gametype|singles\n|player|p1|wuxianta|170|1938\n|player|p2|Failtacular3245|youngster-gen4dp|1951\n|gen|9\n|tier|[Gen 9] Random Battle\n|rated|\n|rule|Species Clause: Limit one of each Pok\u00e9mon\n|rule|HP Percentage Mod: HP is shown in percentages\n|rule|Sleep Clause Mod: Limit one foe put to sleep\n|rule|Illusion Level Mod: Illusion disguises the Pok\u00e9mon's true level\n|\n|t:|1781413509\n|teamsize|p1|6\n|teamsize|p2|6\n|start\n|switch|p1a: Eternatus|Eternatus, L69|308/308\n|switch|p2a: Komala|Komala, L88, F|258/258\n|-ability|p1a: Eternatus|Pressure\n|-ability|p2a: Komala|Comatose\n|turn|1\n|inactive|Battle timer is ON: inactive players will automatically lose when time's up. (requested by Failtacular3245)\n|inactive|wuxianta also wants the timer to be on.\n|\n|t:|1781413535\n|move|p1a: Eternatus|Dynamax Cannon|p2a: Komala\n|-damage|p2a: Komala|197/258\n|move|p2a: Komala|Earthquake|p1a: Eternatus\n|-supereffective|p1a: Eternatus\n|-damage|p1a: Eternatus|94/308\n|\n|-heal|p1a: Eternatus|113/308|[from] item: Leftovers\n|upkeep\n|turn|2\n|\n|t:|1781413542\n|switch|p1a: Spidops|Spidops, L96, F|271/271\n|move|p2a: Komala|Body Slam|p1a: Spidops\n|-crit|p1a: Spidops\n|-damage|p1a: Spidops|130/271\n|\n|upkeep\n|turn|3\n|\n|t:|1781413564\n|switch|p1a: Girafarig|Girafarig, L89, F|269/269\n|move|p2a: Komala|Body Slam|p1a: Girafarig\n|-damage|p1a: Girafarig|184/269\n|-status|p1a: Girafarig|par\n|\n|upkeep\n|turn|4\n|\n|t:|1781413570\n|move|p2a: Komala|Knock Off|p1a: Girafarig\n|-supereffective|p1a: Girafarig\n|-damage|p1a: Girafarig|54/269 par\n|-enditem|p1a: Girafarig|Eviolite|[from] move: Knock Off|[of] p2a: Komala\n|move|p1a: Girafarig|Psychic|p2a: Komala\n|-crit|p2a: Komala\n|-damage|p2a: Komala|103/258\n|\n|upkeep\n|turn|5\n|\n|t:|1781413573\n|move|p2a: Komala|Body Slam|p1a: Girafarig\n|-damage|p1a: Girafarig|0 fnt\n|faint|p1a: Girafarig\n|\n|upkeep\n|\n|t:|1781413578\n|switch|p1a: Electivire|Electivire, L84, F|263/263\n|turn|6\n|\n|t:|1781413584\n|switch|p2a: Hitmontop|Hitmontop, L88, M|231/231\n|-ability|p2a: Hitmontop|Intimidate|boost\n|-unboost|p1a: Electivire|atk|1\n|move|p1a: Electivire|Supercell Slam|p2a: Hitmontop|[miss]\n|-miss|p1a: Electivire|p2a: Hitmontop\n|-damage|p1a: Electivire|132/263|[from] supercellslam\n|\n|upkeep\n|turn|7\n|\n|t:|1781413594\n|move|p1a: Electivire|Volt Switch|p2a: Hitmontop\n|-damage|p2a: Hitmontop|156/231\n|-damage|p1a: Electivire|106/263|[from] item: Life Orb\n|\n|t:|1781413602\n|switch|p1a: Spidops|Spidops, L96, F|130/271|[from] Volt Switch\n|move|p2a: Hitmontop|Earthquake|p1a: Spidops\n|-resisted|p1a: Spidops\n|-crit|p1a: Spidops\n|-damage|p1a: Spidops|51/271\n|\n|upkeep\n|turn|8\n|\n|t:|1781413608\n|move|p2a: Hitmontop|Earthquake|p1a: Spidops\n|-resisted|p1a: Spidops\n|-damage|p1a: Spidops|1/271\n|move|p1a: Spidops|Knock Off|p2a: Hitmontop\n|-resisted|p2a: Hitmontop\n|-damage|p2a: Hitmontop|122/231\n|-enditem|p2a: Hitmontop|Choice Band|[from] move: Knock Off|[of] p1a: Spidops\n|\n|upkeep\n|turn|9\n|\n|t:|1781413619\n|move|p2a: Hitmontop|Earthquake|p1a: Spidops\n|-resisted|p1a: Spidops\n|-damage|p1a: Spidops|0 fnt\n|faint|p1a: Spidops\n|\n|upkeep\n|\n|t:|1781413625\n|switch|p1a: Electivire|Electivire, L84, F|106/263\n|turn|10\n|\n|t:|1781413628\n|move|p1a: Electivire|Supercell Slam|p2a: Hitmontop\n|-damage|p2a: Hitmontop|0 fnt\n|faint|p2a: Hitmontop\n|-damage|p1a: Electivire|80/263|[from] item: Life Orb\n|\n|upkeep\n|\n|t:|1781413634\n|switch|p2a: Lokix|Lokix, L82, M|251/251\n|turn|11\n|\n|t:|1781413641\n|switch|p1a: Eternatus|Eternatus, L69|113/308\n|-ability|p1a: Eternatus|Pressure\n|move|p2a: Lokix|First Impression|p1a: Eternatus\n|-resisted|p1a: Eternatus\n|-damage|p1a: Eternatus|0 fnt\n|faint|p1a: Eternatus\n|-damage|p2a: Lokix|226/251|[from] item: Life Orb\n|\n|upkeep\n|\n|t:|1781413646\n|switch|p1a: Snorlax|Snorlax, L82, F|397/397\n|turn|12\n|\n|t:|1781413650\n|move|p2a: Lokix|Knock Off|p1a: Snorlax\n|-damage|p1a: Snorlax|229/397\n|-enditem|p1a: Snorlax|Leftovers|[from] move: Knock Off|[of] p2a: Lokix\n|-damage|p2a: Lokix|201/251|[from] item: Life Orb\n|move|p1a: Snorlax|Curse|p1a: Snorlax\n|-unboost|p1a: Snorlax|spe|1\n|-boost|p1a: Snorlax|atk|1\n|-boost|p1a: Snorlax|def|1\n|\n|upkeep\n|turn|13\n|\n|t:|1781413659\n|move|p2a: Lokix|Leech Life|p1a: Snorlax\n|-damage|p1a: Snorlax|138/397\n|-heal|p2a: Lokix|247/251|[from] drain|[of] p1a: Snorlax\n|-damage|p2a: Lokix|222/251|[from] item: Life Orb\n|move|p1a: Snorlax|Curse|p1a: Snorlax\n|-unboost|p1a: Snorlax|spe|1\n|-boost|p1a: Snorlax|atk|1\n|-boost|p1a: Snorlax|def|1\n|\n|upkeep\n|turn|14\n|\n|t:|1781413665\n|move|p2a: Lokix|Leech Life|p1a: Snorlax\n|-crit|p1a: Snorlax\n|-damage|p1a: Snorlax|0 fnt\n|-heal|p2a: Lokix|251/251|[from] drain|[of] p1a: Snorlax\n|faint|p1a: Snorlax\n|-damage|p2a: Lokix|226/251|[from] item: Life Orb\n|\n|upkeep\n|\n|t:|1781413675\n|switch|p1a: Electivire|Electivire, L84, F|80/263\n|turn|15\n|\n|t:|1781413679\n|move|p2a: Lokix|Sucker Punch|p1a: Electivire\n|-damage|p1a: Electivire|0 fnt\n|faint|p1a: Electivire\n|-damage|p2a: Lokix|201/251|[from] item: Life Orb\n|\n|upkeep\n|\n|t:|1781413683\n|switch|p1a: Raging Bolt|Raging Bolt, L78|323/323\n|-enditem|p1a: Raging Bolt|Booster Energy\n|-activate|p1a: Raging Bolt|ability: Protosynthesis|[fromitem]\n|-start|p1a: Raging Bolt|protosynthesisspa\n|turn|16\n|\n|t:|1781413687\n|move|p2a: Lokix|Leech Life|p1a: Raging Bolt\n|-damage|p1a: Raging Bolt|214/323\n|-heal|p2a: Lokix|251/251|[from] drain|[of] p1a: Raging Bolt\n|-damage|p2a: Lokix|226/251|[from] item: Life Orb\n|move|p1a: Raging Bolt|Calm Mind|p1a: Raging Bolt\n|-boost|p1a: Raging Bolt|spa|1\n|-boost|p1a: Raging Bolt|spd|1\n|\n|upkeep\n|turn|17\n|\n|t:|1781413690\n|move|p2a: Lokix|Leech Life|p1a: Raging Bolt\n|-damage|p1a: Raging Bolt|97/323\n|-heal|p2a: Lokix|251/251|[from] drain|[of] p1a: Raging Bolt\n|-damage|p2a: Lokix|226/251|[from] item: Life Orb\n|move|p1a: Raging Bolt|Calm Mind|p1a: Raging Bolt\n|-boost|p1a: Raging Bolt|spa|1\n|-boost|p1a: Raging Bolt|spd|1\n|\n|upkeep\n|turn|18\n|\n|t:|1781413694\n|move|p2a: Lokix|Sucker Punch|p1a: Raging Bolt\n|-damage|p1a: Raging Bolt|0 fnt\n|faint|p1a: Raging Bolt\n|-end|p1a: Raging Bolt|Protosynthesis|[silent]\n|-damage|p2a: Lokix|201/251|[from] item: Life Orb\n|\n|win|Failtacular3245\n", "uploadtime": 1781413511, "views": 3, "formatid": "gen9randombattle", "rating": null, "private": 0, "password": null}