{"id": "gen9randombattle-2631721498", "format": "[Gen 9] Random Battle", "players": ["xmagic_7", "syiffer"], "log": "|j|\u2606xmagic_7\n|j|\u2606syiffer\n|t:|1781428450\n|gametype|singles\n|player|p1|xmagic_7|169|2157\n|player|p2|syiffer|170|2102\n|gen|9\n|tier|[Gen 9] Random Battle\n|rated|\n|rule|Species Clause: Limit one of each Pok\u00e9mon\n|rule|HP Percentage Mod: HP is shown in percentages\n|rule|Sleep Clause Mod: Limit one foe put to sleep\n|rule|Illusion Level Mod: Illusion disguises the Pok\u00e9mon's true level\n|\n|t:|1781428450\n|teamsize|p1|6\n|teamsize|p2|6\n|start\n|switch|p1a: Indeedee|Indeedee-F, L90, F|272/272\n|switch|p2a: Poliwrath|Poliwrath, L88, F|302/302\n|-fieldstart|move: Psychic Terrain|[from] ability: Psychic Surge|[of] p1a: Indeedee\n|turn|1\n|inactive|Battle timer is ON: inactive players will automatically lose when time's up. (requested by xmagic_7)\n|\n|t:|1781428474\n|switch|p2a: Empoleon|Empoleon, L84, M|278/278\n|move|p1a: Indeedee|Psyshock|p2a: Empoleon\n|-resisted|p2a: Empoleon\n|-damage|p2a: Empoleon|182/278\n|\n|-heal|p2a: Empoleon|199/278|[from] item: Leftovers\n|upkeep\n|turn|2\n|\n|t:|1781428496\n|switch|p1a: Ogerpon|Ogerpon-Cornerstone, L76, F|247/247\n|move|p2a: Empoleon|Knock Off|p1a: Ogerpon\n|-damage|p1a: Ogerpon|201/247\n|\n|-heal|p2a: Empoleon|216/278|[from] item: Leftovers\n|upkeep\n|turn|3\n|\n|t:|1781428514\n|move|p1a: Ogerpon|Superpower|p2a: Empoleon\n|-supereffective|p2a: Empoleon\n|-damage|p2a: Empoleon|18/278\n|-unboost|p1a: Ogerpon|atk|1\n|-unboost|p1a: Ogerpon|def|1\n|move|p2a: Empoleon|Ice Beam|p1a: Ogerpon\n|-supereffective|p1a: Ogerpon\n|-damage|p1a: Ogerpon|55/247\n|\n|-heal|p2a: Empoleon|35/278|[from] item: Leftovers\n|upkeep\n|turn|4\n|j| Poi890\n|inactive|syiffer has 120 seconds left.\n|\n|t:|1781428558\n|move|p1a: Ogerpon|Superpower|p2a: Empoleon\n|-supereffective|p2a: Empoleon\n|-damage|p2a: Empoleon|0 fnt\n|-unboost|p1a: Ogerpon|atk|1\n|-unboost|p1a: Ogerpon|def|1\n|faint|p2a: Empoleon\n|\n|upkeep\n|\n|t:|1781428569\n|switch|p2a: Iron Boulder|Iron Boulder, L77|265/265\n|-enditem|p2a: Iron Boulder|Booster Energy\n|-activate|p2a: Iron Boulder|ability: Quark Drive|[fromitem]\n|-start|p2a: Iron Boulder|quarkdrivespe\n|turn|5\n|\n|t:|1781428580\n|move|p2a: Iron Boulder|Swords Dance|p2a: Iron Boulder\n|-boost|p2a: Iron Boulder|atk|2\n|move|p1a: Ogerpon|Power Whip|p2a: Iron Boulder\n|-supereffective|p2a: Iron Boulder\n|-damage|p2a: Iron Boulder|77/265\n|\n|-fieldend|move: Psychic Terrain\n|upkeep\n|turn|6\n|inactive|syiffer has 120 seconds left.\n|\n|t:|1781428591\n|move|p2a: Iron Boulder|Mighty Cleave|p1a: Ogerpon\n|-damage|p1a: Ogerpon|0 fnt\n|faint|p1a: Ogerpon\n|\n|upkeep\n|inactive|xmagic_7 has 120 seconds left.\n|\n|t:|1781428607\n|switch|p1a: Uxie|Uxie, L83|260/260\n|turn|7\n|\n|t:|1781428616\n|move|p2a: Iron Boulder|Mighty Cleave|p1a: Uxie\n|-damage|p1a: Uxie|125/260\n|move|p1a: Uxie|U-turn|p2a: Iron Boulder\n|-supereffective|p2a: Iron Boulder\n|-damage|p2a: Iron Boulder|0 fnt\n|faint|p2a: Iron Boulder\n|-end|p2a: Iron Boulder|Quark Drive|[silent]\n|\n|t:|1781428619\n|switch|p1a: Indeedee|Indeedee-F, L90, F|272/272|[from] U-turn\n|-fieldstart|move: Psychic Terrain|[from] ability: Psychic Surge|[of] p1a: Indeedee\n|\n|upkeep\n|\n|t:|1781428626\n|switch|p2a: Meowscarada|Meowscarada, L78, M|247/247\n|turn|8\n|\n|t:|1781428637\n|-terastallize|p1a: Indeedee|Fairy\n|move|p2a: Meowscarada|Knock Off|p1a: Indeedee\n|-start|p2a: Meowscarada|typechange|Dark|[from] ability: Protean\n|-resisted|p1a: Indeedee\n|-damage|p1a: Indeedee|179/272\n|-enditem|p1a: Indeedee|Choice Specs|[from] move: Knock Off|[of] p2a: Meowscarada\n|move|p1a: Indeedee|Dazzling Gleam|p2a: Meowscarada\n|-supereffective|p2a: Meowscarada\n|-damage|p2a: Meowscarada|0 fnt\n|faint|p2a: Meowscarada\n|\n|upkeep\n|\n|t:|1781428645\n|switch|p2a: Perrserker|Perrserker, L89, M|269/269\n|turn|9\n|\n|t:|1781428656\n|switch|p1a: Iron Hands|Iron Hands, L79|373/373\n|move|p2a: Perrserker|Iron Head|p1a: Iron Hands\n|-resisted|p1a: Iron Hands\n|-damage|p1a: Iron Hands|299/373\n|-damage|p2a: Perrserker|243/269|[from] item: Life Orb\n|\n|upkeep\n|turn|10\n|\n|t:|1781428681\n|switch|p2a: Poliwrath|Poliwrath, L88, F|302/302\n|move|p1a: Iron Hands|Volt Switch|p2a: Poliwrath\n|-supereffective|p2a: Poliwrath\n|-damage|p2a: Poliwrath|222/302\n|\n|t:|1781428690\n|-end|p1a: Iron Hands|Quark Drive|[silent]\n|switch|p1a: Indeedee|Indeedee-F, L90, F, tera:Fairy|179/272|[from] Volt Switch\n|\n|upkeep\n|turn|11\n|\n|t:|1781428704\n|switch|p2a: Perrserker|Perrserker, L89, M|243/269\n|move|p1a: Indeedee|Psyshock|p2a: Perrserker\n|-resisted|p2a: Perrserker\n|-damage|p2a: Perrserker|191/269\n|\n|-fieldend|move: Psychic Terrain\n|upkeep\n|turn|12\n|\n|t:|1781428714\n|switch|p1a: Uxie|Uxie, L83|125/260\n|move|p2a: Perrserker|Close Combat|p1a: Uxie\n|-resisted|p1a: Uxie\n|-damage|p1a: Uxie|61/260\n|-unboost|p2a: Perrserker|def|1\n|-unboost|p2a: Perrserker|spd|1\n|-damage|p2a: Perrserker|165/269|[from] item: Life Orb\n|\n|-heal|p1a: Uxie|77/260|[from] item: Leftovers\n|upkeep\n|turn|13\n|\n|t:|1781428723\n|move|p1a: Uxie|Psychic Noise|p2a: Perrserker\n|-resisted|p2a: Perrserker\n|-damage|p2a: Perrserker|105/269\n|-start|p2a: Perrserker|move: Heal Block\n|move|p2a: Perrserker|Knock Off|p1a: Uxie\n|-supereffective|p1a: Uxie\n|-damage|p1a: Uxie|0 fnt\n|-enditem|p1a: Uxie|Leftovers|[from] move: Knock Off|[of] p2a: Perrserker\n|faint|p1a: Uxie\n|-damage|p2a: Perrserker|79/269|[from] item: Life Orb\n|\n|upkeep\n|\n|t:|1781428738\n|switch|p1a: Indeedee|Indeedee-F, L90, F, tera:Fairy|179/272\n|-fieldstart|move: Psychic Terrain|[from] ability: Psychic Surge|[of] p1a: Indeedee\n|turn|14\n|\n|t:|1781428748\n|move|p1a: Indeedee|Dazzling Gleam|p2a: Perrserker\n|-resisted|p2a: Perrserker\n|-damage|p2a: Perrserker|0 fnt\n|faint|p2a: Perrserker\n|\n|upkeep\n|\n|t:|1781428752\n|switch|p2a: Rillaboom|Rillaboom, L79, M|288/288\n|-fieldstart|move: Grassy Terrain|[from] ability: Grassy Surge|[of] p2a: Rillaboom\n|turn|15\n|\n|t:|1781428765\n|switch|p1a: Lilligant|Lilligant-Hisui, L79, F|240/240\n|move|p2a: Rillaboom|Swords Dance|p2a: Rillaboom\n|-boost|p2a: Rillaboom|atk|2\n|\n|upkeep\n|turn|16\n|\n|t:|1781428777\n|move|p1a: Lilligant|Close Combat|p2a: Rillaboom|[miss]\n|-miss|p1a: Lilligant|p2a: Rillaboom\n|move|p2a: Rillaboom|Wood Hammer|p1a: Lilligant\n|-resisted|p1a: Lilligant\n|-damage|p1a: Lilligant|0 fnt\n|faint|p1a: Lilligant\n|-damage|p2a: Rillaboom|209/288|[from] Recoil\n|-damage|p2a: Rillaboom|181/288|[from] item: Life Orb\n|\n|-heal|p2a: Rillaboom|199/288|[from] Grassy Terrain\n|upkeep\n|\n|t:|1781428780\n|switch|p1a: Indeedee|Indeedee-F, L90, F, tera:Fairy|179/272\n|-fieldstart|move: Psychic Terrain|[from] ability: Psychic Surge|[of] p1a: Indeedee\n|turn|17\n|\n|t:|1781428807\n|switch|p2a: Poliwrath|Poliwrath, L88, F|222/302\n|move|p1a: Indeedee|Hyper Voice|p2a: Poliwrath\n|-damage|p2a: Poliwrath|129/302\n|\n|upkeep\n|turn|18\n|\n|t:|1781428821\n|switch|p1a: Kyogre|Kyogre, L71|259/259\n|-weather|RainDance|[from] ability: Drizzle|[of] p1a: Kyogre\n|-terastallize|p2a: Poliwrath|Dark\n|move|p2a: Poliwrath|Rain Dance||[still]\n|-fail|p2a: Poliwrath\n|\n|-weather|RainDance|[upkeep]\n|upkeep\n|turn|19\n|\n|t:|1781428832\n|move|p2a: Poliwrath|Knock Off|p1a: Kyogre\n|-damage|p1a: Kyogre|80/259\n|-enditem|p1a: Kyogre|Leftovers|[from] move: Knock Off|[of] p2a: Poliwrath\n|-damage|p2a: Poliwrath|99/302|[from] item: Life Orb\n|move|p1a: Kyogre|Origin Pulse|p2a: Poliwrath\n|-damage|p2a: Poliwrath|0 fnt\n|faint|p2a: Poliwrath\n|\n|-weather|RainDance|[upkeep]\n|upkeep\n|\n|t:|1781428839\n|switch|p2a: Rillaboom|Rillaboom, L79, M|199/288\n|-fieldstart|move: Grassy Terrain|[from] ability: Grassy Surge|[of] p2a: Rillaboom\n|turn|20\n|\n|t:|1781428842\n|move|p2a: Rillaboom|Grassy Glide|p1a: Kyogre\n|-supereffective|p1a: Kyogre\n|-damage|p1a: Kyogre|0 fnt\n|faint|p1a: Kyogre\n|-damage|p2a: Rillaboom|171/288|[from] item: Life Orb\n|\n|-weather|RainDance|[upkeep]\n|-heal|p2a: Rillaboom|189/288|[from] Grassy Terrain\n|upkeep\n|\n|t:|1781428844\n|switch|p1a: Indeedee|Indeedee-F, L90, F, tera:Fairy|179/272\n|-fieldstart|move: Psychic Terrain|[from] ability: Psychic Surge|[of] p1a: Indeedee\n|turn|21\n|\n|t:|1781428849\n|move|p1a: Indeedee|Hyper Voice|p2a: Rillaboom\n|-damage|p2a: Rillaboom|47/288\n|move|p2a: Rillaboom|Wood Hammer|p1a: Indeedee\n|-damage|p1a: Indeedee|0 fnt\n|faint|p1a: Indeedee\n|-damage|p2a: Rillaboom|0 fnt|[from] Recoil\n|faint|p2a: Rillaboom\n|\n|win|xmagic_7\n", "inputlog": ">version a8376a258c1d4662feba110a92103f3664a72141\n>start {\"formatid\":\"gen9randombattle\",\"seed\":\"sodium,7f1b0ab2528496b21aaef33e2de74a1b\",\"rated\":\"Rated battle\"}\n>player p1 {\"name\":\"xmagic_7\",\"avatar\":\"169\",\"rating\":2157,\"seed\":\"sodium,e2345200470649c331cbbd306f98cc02\"}\n>player p2 {\"name\":\"syiffer\",\"avatar\":\"170\",\"rating\":2102,\"seed\":\"sodium,febfba2464331878234167f764175ab8\"}\n>p1 move psyshock\n>p2 switch 4\n>p1 switch 5\n>p2 move knockoff\n>p1 move superpower\n>p2 move icebeam\n>p1 move superpower\n>p2 move icebeam\n>p2 switch 6\n>p1 move powerwhip\n>p2 move swordsdance\n>p1 move superpower\n>p2 move mightycleave\n>p1 switch 6\n>p1 move uturn\n>p2 move mightycleave\n>p1 switch 5\n>p2 switch 5\n>p1 move dazzlinggleam terastallize\n>p2 move knockoff\n>p2 switch 3\n>p1 switch 2\n>p2 move ironhead\n>p1 move voltswitch\n>p2 switch 4\n>p1 switch 2\n>p1 move psyshock\n>p2 switch 4\n>p1 switch 5\n>p2 move closecombat\n>p1 move psychicnoise\n>p2 move knockoff\n>p1 switch 5\n>p1 move dazzlinggleam\n>p2 move ironhead\n>p2 switch 2\n>p1 switch 3\n>p2 move swordsdance\n>p1 move closecombat\n>p2 move woodhammer\n>p1 switch 3\n>p1 move hypervoice\n>p2 switch 4\n>p1 switch 4\n>p2 move raindance terastallize\n>p1 move originpulse\n>p2 move knockoff\n>p2 switch 4\n>p1 move icebeam\n>p2 move grassyglide\n>p1 switch 4\n>p1 move hypervoice\n>p2 move woodhammer", "uploadtime": 1781428452, "views": 4, "formatid": "gen9randombattle", "rating": null, "private": 0, "password": null}