{"id": "gen9randombattle-2631960787", "format": "[Gen 9] Random Battle", "players": ["grabschaender", "ChadInteleonUser"], "log": "|j|\u2606grabschaender\n|j|\u2606ChadInteleonUser\n|t:|1781460181\n|gametype|singles\n|player|p1|grabschaender|candice|2265\n|player|p2|ChadInteleonUser|wallace|2254\n|gen|9\n|tier|[Gen 9] Random Battle\n|rated|\n|rule|Species Clause: Limit one of each Pok\u00e9mon\n|rule|HP Percentage Mod: HP is shown in percentages\n|rule|Sleep Clause Mod: Limit one foe put to sleep\n|rule|Illusion Level Mod: Illusion disguises the Pok\u00e9mon's true level\n|\n|t:|1781460181\n|teamsize|p1|6\n|teamsize|p2|6\n|start\n|switch|p1a: Moltres|Moltres-Galar, L79|271/271\n|switch|p2a: Krookodile|Krookodile, L79, F|280/280\n|-ability|p2a: Krookodile|Intimidate|boost\n|-unboost|p1a: Moltres|atk|1\n|turn|1\n|inactive|Battle timer is ON: inactive players will automatically lose when time's up. (requested by ChadInteleonUser)\n|\n|t:|1781460191\n|move|p2a: Krookodile|Knock Off|p1a: Moltres\n|-resisted|p1a: Moltres\n|-damage|p1a: Moltres|219/271\n|-enditem|p1a: Moltres|Weakness Policy|[from] move: Knock Off|[of] p2a: Krookodile\n|move|p1a: Moltres|Hurricane|p2a: Krookodile\n|-damage|p2a: Krookodile|159/280\n|-start|p2a: Krookodile|confusion\n|\n|upkeep\n|turn|2\n|\n|t:|1781460205\n|switch|p2a: Chansey|Chansey, L85, F|564/564\n|move|p1a: Moltres|Nasty Plot|p1a: Moltres\n|-boost|p1a: Moltres|spa|2\n|\n|upkeep\n|turn|3\n|\n|t:|1781460216\n|switch|p1a: Hariyama|Hariyama, L87, F|392/392\n|move|p2a: Chansey|Thunder Wave|p1a: Hariyama\n|-status|p1a: Hariyama|par\n|\n|upkeep\n|turn|4\n|\n|t:|1781460233\n|switch|p2a: Okidogi|Okidogi, L77, M|262/262\n|move|p1a: Hariyama|Close Combat|p2a: Okidogi\n|-resisted|p2a: Okidogi\n|-damage|p2a: Okidogi|164/262\n|-unboost|p1a: Hariyama|def|1\n|-unboost|p1a: Hariyama|spd|1\n|\n|-heal|p2a: Okidogi|180/262|[from] item: Leftovers\n|upkeep\n|turn|5\n|\n|t:|1781460247\n|move|p2a: Okidogi|Drain Punch|p1a: Hariyama\n|-damage|p1a: Hariyama|241/392 par\n|-heal|p2a: Okidogi|256/262|[from] drain|[of] p1a: Hariyama\n|cant|p1a: Hariyama|par\n|\n|-heal|p2a: Okidogi|262/262|[from] item: Leftovers\n|upkeep\n|turn|6\n|\n|t:|1781460254\n|move|p2a: Okidogi|Gunk Shot|p1a: Hariyama\n|-damage|p1a: Hariyama|0 fnt\n|faint|p1a: Hariyama\n|\n|upkeep\n|\n|t:|1781460262\n|switch|p1a: Regirock|Regirock, L83|268/268\n|turn|7\n|\n|t:|1781460271\n|move|p2a: Okidogi|Knock Off|p1a: Regirock\n|-damage|p1a: Regirock|228/268\n|-enditem|p1a: Regirock|Leftovers|[from] move: Knock Off|[of] p2a: Okidogi\n|move|p1a: Regirock|Thunder Wave|p2a: Okidogi\n|-status|p2a: Okidogi|par\n|\n|upkeep\n|turn|8\n|\n|t:|1781460279\n|move|p1a: Regirock|Iron Defense|p1a: Regirock\n|-boost|p1a: Regirock|def|2\n|move|p2a: Okidogi|Bulk Up|p2a: Okidogi\n|-boost|p2a: Okidogi|atk|1\n|-boost|p2a: Okidogi|def|1\n|\n|upkeep\n|turn|9\n|\n|t:|1781460282\n|move|p1a: Regirock|Iron Defense|p1a: Regirock\n|-boost|p1a: Regirock|def|2\n|move|p2a: Okidogi|Bulk Up|p2a: Okidogi\n|-boost|p2a: Okidogi|atk|1\n|-boost|p2a: Okidogi|def|1\n|\n|upkeep\n|turn|10\n|\n|t:|1781460285\n|move|p1a: Regirock|Iron Defense|p1a: Regirock\n|-boost|p1a: Regirock|def|2\n|move|p2a: Okidogi|Bulk Up|p2a: Okidogi\n|-boost|p2a: Okidogi|atk|1\n|-boost|p2a: Okidogi|def|1\n|\n|upkeep\n|turn|11\n|\n|t:|1781460287\n|move|p1a: Regirock|Body Press|p2a: Okidogi\n|-resisted|p2a: Okidogi\n|-damage|p2a: Okidogi|193/262 par\n|move|p2a: Okidogi|Bulk Up|p2a: Okidogi\n|-boost|p2a: Okidogi|atk|1\n|-boost|p2a: Okidogi|def|1\n|\n|-heal|p2a: Okidogi|209/262 par|[from] item: Leftovers\n|upkeep\n|turn|12\n|\n|t:|1781460292\n|move|p1a: Regirock|Body Press|p2a: Okidogi\n|-resisted|p2a: Okidogi\n|-damage|p2a: Okidogi|146/262 par\n|move|p2a: Okidogi|Bulk Up|p2a: Okidogi\n|-boost|p2a: Okidogi|atk|1\n|-boost|p2a: Okidogi|def|1\n|\n|-heal|p2a: Okidogi|162/262 par|[from] item: Leftovers\n|upkeep\n|turn|13\n|\n|t:|1781460296\n|move|p1a: Regirock|Body Press|p2a: Okidogi\n|-resisted|p2a: Okidogi\n|-damage|p2a: Okidogi|113/262 par\n|move|p2a: Okidogi|Drain Punch|p1a: Regirock\n|-supereffective|p1a: Regirock\n|-damage|p1a: Regirock|160/268\n|-heal|p2a: Okidogi|147/262 par|[from] drain|[of] p1a: Regirock\n|\n|-heal|p2a: Okidogi|163/262 par|[from] item: Leftovers\n|upkeep\n|turn|14\n|\n|t:|1781460299\n|move|p1a: Regirock|Body Press|p2a: Okidogi\n|-resisted|p2a: Okidogi\n|-damage|p2a: Okidogi|112/262 par\n|move|p2a: Okidogi|Drain Punch|p1a: Regirock\n|-supereffective|p1a: Regirock\n|-damage|p1a: Regirock|88/268\n|-heal|p2a: Okidogi|148/262 par|[from] drain|[of] p1a: Regirock\n|\n|-heal|p2a: Okidogi|164/262 par|[from] item: Leftovers\n|upkeep\n|turn|15\n|\n|t:|1781460302\n|move|p1a: Regirock|Body Press|p2a: Okidogi\n|-resisted|p2a: Okidogi\n|-damage|p2a: Okidogi|115/262 par\n|move|p2a: Okidogi|Drain Punch|p1a: Regirock\n|-supereffective|p1a: Regirock\n|-damage|p1a: Regirock|8/268\n|-heal|p2a: Okidogi|155/262 par|[from] drain|[of] p1a: Regirock\n|\n|-heal|p2a: Okidogi|171/262 par|[from] item: Leftovers\n|upkeep\n|turn|16\n|\n|t:|1781460304\n|move|p1a: Regirock|Body Press|p2a: Okidogi\n|-resisted|p2a: Okidogi\n|-damage|p2a: Okidogi|120/262 par\n|move|p2a: Okidogi|Drain Punch|p1a: Regirock\n|-supereffective|p1a: Regirock\n|-damage|p1a: Regirock|0 fnt\n|-heal|p2a: Okidogi|124/262 par|[from] drain|[of] p1a: Regirock\n|faint|p1a: Regirock\n|\n|-heal|p2a: Okidogi|140/262 par|[from] item: Leftovers\n|upkeep\n|\n|t:|1781460306\n|switch|p1a: Moltres|Moltres-Galar, L79|219/271\n|turn|17\n|\n|t:|1781460310\n|switch|p2a: Chansey|Chansey, L85, F|564/564\n|move|p1a: Moltres|Hurricane|p2a: Chansey\n|-damage|p2a: Chansey|506/564\n|\n|upkeep\n|turn|18\n|\n|t:|1781460316\n|switch|p1a: Empoleon|Empoleon, L84, F|278/278\n|move|p2a: Chansey|Thunder Wave|p1a: Empoleon\n|-status|p1a: Empoleon|par\n|\n|upkeep\n|turn|19\n|\n|t:|1781460335\n|switch|p1a: Kyurem|Kyurem-Black, L71|295/295\n|-ability|p1a: Kyurem|Teravolt\n|move|p2a: Chansey|Seismic Toss|p1a: Kyurem\n|-damage|p1a: Kyurem|210/295\n|\n|upkeep\n|turn|20\n|\n|t:|1781460340\n|switch|p2a: Krookodile|Krookodile, L79, F|159/280\n|-ability|p2a: Krookodile|Intimidate|boost\n|-unboost|p1a: Kyurem|atk|1\n|-terastallize|p1a: Kyurem|Ground\n|move|p1a: Kyurem|Dragon Dance|p1a: Kyurem\n|-boost|p1a: Kyurem|atk|1\n|-boost|p1a: Kyurem|spe|1\n|\n|upkeep\n|turn|21\n|\n|t:|1781460347\n|move|p2a: Krookodile|Knock Off|p1a: Kyurem\n|-damage|p1a: Kyurem|90/295\n|-enditem|p1a: Kyurem|Loaded Dice|[from] move: Knock Off|[of] p2a: Krookodile\n|move|p1a: Kyurem|Icicle Spear|p2a: Krookodile\n|-supereffective|p2a: Krookodile\n|-damage|p2a: Krookodile|93/280\n|-supereffective|p2a: Krookodile\n|-damage|p2a: Krookodile|27/280\n|-supereffective|p2a: Krookodile\n|-damage|p2a: Krookodile|0 fnt\n|faint|p2a: Krookodile\n|-hitcount|p2: Krookodile|3\n|\n|upkeep\n|\n|t:|1781460359\n|switch|p2a: Delibird|Delibird, M|252/252\n|turn|22\n|\n|t:|1781460363\n|move|p1a: Kyurem|Scale Shot|p2a: Delibird\n|-damage|p2a: Delibird|209/252\n|-damage|p2a: Delibird|172/252\n|-hitcount|p2a: Delibird|2\n|-unboost|p1a: Kyurem|def|1\n|-boost|p1a: Kyurem|spe|1\n|move|p2a: Delibird|Freeze-Dry|p1a: Kyurem\n|-supereffective|p1a: Kyurem\n|-damage|p1a: Kyurem|0 fnt\n|faint|p1a: Kyurem\n|\n|upkeep\n|\n|t:|1781460367\n|switch|p1a: Mimikyu|Mimikyu, L79, F|216/216\n|turn|23\n|\n|t:|1781460390\n|move|p2a: Delibird|Freeze-Dry|p1a: Mimikyu\n|-activate|p1a: Mimikyu|ability: Disguise\n|-damage|p1a: Mimikyu|216/216\n|detailschange|p1a: Mimikyu|Mimikyu-Busted, L79, F\n|-damage|p1a: Mimikyu|189/216|[from] pokemon: Mimikyu-Busted\n|move|p1a: Mimikyu|Swords Dance|p1a: Mimikyu\n|-boost|p1a: Mimikyu|atk|2\n|\n|upkeep\n|turn|24\n|\n|t:|1781460402\n|switch|p2a: Okidogi|Okidogi, L77, M|140/262 par\n|move|p1a: Mimikyu|Shadow Claw|p2a: Okidogi\n|-damage|p2a: Okidogi|0 fnt\n|faint|p2a: Okidogi\n|-damage|p1a: Mimikyu|168/216|[from] item: Life Orb\n|\n|upkeep\n|\n|t:|1781460409\n|switch|p2a: Delibird|Delibird, M|172/252\n|turn|25\n|\n|t:|1781460420\n|switch|p2a: Arceus|Arceus-Fighting, L70|284/284\n|move|p1a: Mimikyu|Shadow Claw|p2a: Arceus\n|-damage|p2a: Arceus|136/284\n|-damage|p1a: Mimikyu|147/216|[from] item: Life Orb\n|\n|upkeep\n|turn|26\n|\n|t:|1781460429\n|-terastallize|p2a: Arceus|Steel\n|move|p2a: Arceus|Cosmic Power|p2a: Arceus\n|-boost|p2a: Arceus|def|1\n|-boost|p2a: Arceus|spd|1\n|move|p1a: Mimikyu|Shadow Claw|p2a: Arceus\n|-damage|p2a: Arceus|39/284\n|-damage|p1a: Mimikyu|126/216|[from] item: Life Orb\n|\n|upkeep\n|turn|27\n|\n|t:|1781460433\n|move|p1a: Mimikyu|Shadow Sneak|p2a: Arceus\n|-damage|p2a: Arceus|0 fnt\n|faint|p2a: Arceus\n|-damage|p1a: Mimikyu|105/216|[from] item: Life Orb\n|\n|upkeep\n|\n|t:|1781460435\n|switch|p2a: Delibird|Delibird, M|172/252\n|turn|28\n|\n|t:|1781460442\n|move|p2a: Delibird|Brave Bird|p1a: Mimikyu\n|-damage|p1a: Mimikyu|0 fnt\n|faint|p1a: Mimikyu\n|-damage|p2a: Delibird|137/252|[from] Recoil\n|\n|upkeep\n|\n|t:|1781460444\n|switch|p1a: Empoleon|Empoleon, L84, F|278/278 par\n|turn|29\n|\n|t:|1781460447\n|switch|p2a: Chansey|Chansey, L85, F|506/564\n|move|p1a: Empoleon|Surf|p2a: Chansey\n|-damage|p2a: Chansey|449/564\n|\n|upkeep\n|turn|30\n|\n|t:|1781460449\n|move|p2a: Chansey|Seismic Toss|p1a: Empoleon\n|-damage|p1a: Empoleon|193/278 par\n|move|p1a: Empoleon|Knock Off|p2a: Chansey\n|-damage|p2a: Chansey|304/564\n|-enditem|p2a: Chansey|Eviolite|[from] move: Knock Off|[of] p1a: Empoleon\n|\n|-heal|p1a: Empoleon|210/278 par|[from] item: Leftovers\n|upkeep\n|turn|31\n|\n|t:|1781460451\n|move|p2a: Chansey|Seismic Toss|p1a: Empoleon\n|-damage|p1a: Empoleon|125/278 par\n|cant|p1a: Empoleon|par\n|\n|-heal|p1a: Empoleon|142/278 par|[from] item: Leftovers\n|upkeep\n|turn|32\n|\n|t:|1781460454\n|move|p2a: Chansey|Soft-Boiled|p2a: Chansey\n|-heal|p2a: Chansey|564/564\n|cant|p1a: Empoleon|par\n|\n|-heal|p1a: Empoleon|159/278 par|[from] item: Leftovers\n|upkeep\n|turn|33\n|\n|t:|1781460456\n|move|p2a: Chansey|Seismic Toss|p1a: Empoleon\n|-damage|p1a: Empoleon|74/278 par\n|cant|p1a: Empoleon|par\n|\n|-heal|p1a: Empoleon|91/278 par|[from] item: Leftovers\n|upkeep\n|turn|34\n|\n|t:|1781460458\n|move|p2a: Chansey|Seismic Toss|p1a: Empoleon\n|-damage|p1a: Empoleon|6/278 par\n|move|p1a: Empoleon|Roost|p1a: Empoleon\n|-heal|p1a: Empoleon|145/278 par\n|-singleturn|p1a: Empoleon|move: Roost\n|\n|-heal|p1a: Empoleon|162/278 par|[from] item: Leftovers\n|upkeep\n|turn|35\n|\n|t:|1781460460\n|move|p2a: Chansey|Seismic Toss|p1a: Empoleon\n|-damage|p1a: Empoleon|77/278 par\n|move|p1a: Empoleon|Roost|p1a: Empoleon\n|-heal|p1a: Empoleon|216/278 par\n|-singleturn|p1a: Empoleon|move: Roost\n|\n|-heal|p1a: Empoleon|233/278 par|[from] item: Leftovers\n|upkeep\n|turn|36\n|\n|t:|1781460466\n|move|p2a: Chansey|Seismic Toss|p1a: Empoleon\n|-damage|p1a: Empoleon|148/278 par\n|move|p1a: Empoleon|Knock Off|p2a: Chansey\n|-damage|p2a: Chansey|423/564\n|\n|-heal|p1a: Empoleon|165/278 par|[from] item: Leftovers\n|upkeep\n|turn|37\n|\n|t:|1781460471\n|move|p2a: Chansey|Seismic Toss|p1a: Empoleon\n|-damage|p1a: Empoleon|80/278 par\n|cant|p1a: Empoleon|par\n|\n|-heal|p1a: Empoleon|97/278 par|[from] item: Leftovers\n|upkeep\n|turn|38\n|\n|t:|1781460473\n|move|p2a: Chansey|Seismic Toss|p1a: Empoleon\n|-damage|p1a: Empoleon|12/278 par\n|move|p1a: Empoleon|Roost|p1a: Empoleon\n|-heal|p1a: Empoleon|151/278 par\n|-singleturn|p1a: Empoleon|move: Roost\n|\n|-heal|p1a: Empoleon|168/278 par|[from] item: Leftovers\n|upkeep\n|turn|39\n|\n|t:|1781460475\n|move|p2a: Chansey|Seismic Toss|p1a: Empoleon\n|-damage|p1a: Empoleon|83/278 par\n|cant|p1a: Empoleon|par\n|\n|-heal|p1a: Empoleon|100/278 par|[from] item: Leftovers\n|upkeep\n|turn|40\n|\n|t:|1781460477\n|move|p2a: Chansey|Seismic Toss|p1a: Empoleon\n|-damage|p1a: Empoleon|15/278 par\n|cant|p1a: Empoleon|par\n|\n|-heal|p1a: Empoleon|32/278 par|[from] item: Leftovers\n|upkeep\n|turn|41\n|c|\u2606ChadInteleonUser|gg\n|inactive|grabschaender has 120 seconds left.\n|-message|grabschaender forfeited.\n|\n|win|ChadInteleonUser\n", "inputlog": ">version a8376a258c1d4662feba110a92103f3664a72141\n>start {\"formatid\":\"gen9randombattle\",\"seed\":\"sodium,5c93ba1250dba1e3cd725d7fd35b9b9e\",\"rated\":\"Rated battle\"}\n>player p1 {\"name\":\"grabschaender\",\"avatar\":\"candice\",\"rating\":2265,\"seed\":\"sodium,98c7b2060e1efffd6018a4f9b2146182\"}\n>player p2 {\"name\":\"ChadInteleonUser\",\"avatar\":\"wallace\",\"rating\":2254,\"seed\":\"sodium,fe1ce2c566405c8664b348c001946532\"}\n>p1 move hurricane\n>p2 move knockoff\n>p1 move nastyplot\n>p2 switch 2\n>p1 switch 2\n>p2 move thunderwave\n>p1 move closecombat\n>p2 switch 4\n>p1 move facade\n>p2 move drainpunch\n>p1 move facade\n>p2 move gunkshot\n>p1 switch 3\n>p1 move thunderwave\n>p2 move knockoff\n>p1 move irondefense\n>p2 move bulkup\n>p1 move irondefense\n>p2 move bulkup\n>p1 move irondefense\n>p2 move bulkup\n>p1 move bodypress\n>p2 move bulkup\n>p1 move bodypress\n>p2 move bulkup\n>p1 move bodypress\n>p2 move drainpunch\n>p1 move bodypress\n>p2 move drainpunch\n>p1 move bodypress\n>p2 move drainpunch\n>p1 move bodypress\n>p2 move drainpunch\n>p1 switch 2\n>p1 move hurricane\n>p2 switch 4\n>p1 switch 4\n>p2 move thunderwave\n>p1 switch 6\n>p2 move seismictoss\n>p1 move dragondance terastallize\n>p2 switch 2\n>p1 move iciclespear\n>p2 move knockoff\n>p2 switch 5\n>p1 move scaleshot\n>p2 move freezedry\n>p1 switch 5\n>p1 move swordsdance\n>p2 move freezedry\n>p1 move shadowclaw\n>p2 switch 4\n>p2 switch 4\n>p1 move shadowclaw\n>p2 switch 6\n>p1 move shadowclaw\n>p2 move cosmicpower terastallize\n>p1 move shadowsneak\n>p2 move recover\n>p2 switch 6\n>p1 move shadowclaw\n>p2 move bravebird\n>p1 switch 6\n>p1 move surf\n>p2 switch 2\n>p1 move knockoff\n>p2 move seismictoss\n>p1 move knockoff\n>p2 move seismictoss\n>p1 move roost\n>p2 move softboiled\n>p1 move roost\n>p2 move seismictoss\n>p1 move roost\n>p2 move seismictoss\n>p1 move roost\n>p2 move seismictoss\n>p1 move knockoff\n>p2 move seismictoss\n>p1 move roost\n>p2 move seismictoss\n>p1 move roost\n>p2 move seismictoss\n>p1 move roost\n>p2 move seismictoss\n>p1 move roost\n>p2 move seismictoss\n>chat \u2606ChadInteleonUser|gg\n>forcelose p1", "uploadtime": 1781460183, "views": 5, "formatid": "gen9randombattle", "rating": null, "private": 0, "password": null}