{"id": "gen9randombattle-2631430003", "format": "[Gen 9] Random Battle", "players": ["Z10101", "Diabetes1"], "log": "|j|\u2606Z10101\n|j|\u2606Diabetes1\n|t:|1781383664\n|gametype|singles\n|player|p1|Z10101|266|2067\n|player|p2|Diabetes1|266|2082\n|gen|9\n|tier|[Gen 9] Random Battle\n|rated|\n|rule|Species Clause: Limit one of each Pok\u00e9mon\n|rule|HP Percentage Mod: HP is shown in percentages\n|rule|Sleep Clause Mod: Limit one foe put to sleep\n|rule|Illusion Level Mod: Illusion disguises the Pok\u00e9mon's true level\n|\n|t:|1781383664\n|teamsize|p1|6\n|teamsize|p2|6\n|start\n|switch|p1a: Baxcalibur|Baxcalibur, L75, M|295/295\n|switch|p2a: Minun|Minun, L95, F|268/268\n|turn|1\n|inactive|Battle timer is ON: inactive players will automatically lose when time's up. (requested by Diabetes1)\n|\n|t:|1781383675\n|switch|p2a: Kleavor|Kleavor, L78, M|237/237\n|move|p1a: Baxcalibur|Icicle Crash|p2a: Kleavor\n|-damage|p2a: Kleavor|75/237\n|\n|upkeep\n|turn|2\n|\n|t:|1781383681\n|switch|p1a: Bisharp|Bisharp, L79, M|232/232\n|move|p2a: Kleavor|Stone Axe|p1a: Bisharp\n|-resisted|p1a: Bisharp\n|-damage|p1a: Bisharp|198/232\n|-sidestart|p1: Z10101|move: Stealth Rock\n|\n|upkeep\n|turn|3\n|\n|t:|1781383688\n|move|p2a: Kleavor|Close Combat|p1a: Bisharp\n|-supereffective|p1a: Bisharp\n|-crit|p1a: Bisharp\n|-damage|p1a: Bisharp|0 fnt\n|-unboost|p2a: Kleavor|def|1\n|-unboost|p2a: Kleavor|spd|1\n|faint|p1a: Bisharp\n|\n|upkeep\n|\n|t:|1781383695\n|switch|p1a: Hawlucha|Hawlucha, L80, M|256/256\n|-damage|p1a: Hawlucha|224/256|[from] Stealth Rock\n|turn|4\n|\n|t:|1781383701\n|move|p1a: Hawlucha|Close Combat|p2a: Kleavor\n|-damage|p2a: Kleavor|0 fnt\n|-unboost|p1a: Hawlucha|def|1\n|-unboost|p1a: Hawlucha|spd|1\n|faint|p2a: Kleavor\n|-enditem|p1a: Hawlucha|White Herb\n|-clearnegativeboost|p1a: Hawlucha|[silent]\n|\n|upkeep\n|\n|t:|1781383707\n|switch|p2a: Iron Hands|Iron Hands, L79|373/373\n|turn|5\n|\n|t:|1781383717\n|move|p2a: Iron Hands|Fake Out|p1a: Hawlucha\n|-damage|p1a: Hawlucha|183/256\n|cant|p1a: Hawlucha|flinch\n|\n|upkeep\n|turn|6\n|\n|t:|1781383722\n|move|p1a: Hawlucha|Encore|p2a: Iron Hands\n|-start|p2a: Iron Hands|Encore\n|move|p2a: Iron Hands|Fake Out||[still]\n|-hint|Fake Out only works on your first turn out.\n|-fail|p2a: Iron Hands\n|\n|upkeep\n|turn|7\n|\n|t:|1781383737\n|-end|p2a: Iron Hands|Quark Drive|[silent]\n|switch|p2a: Skuntank|Skuntank, L84, F|310/310\n|move|p1a: Hawlucha|Swords Dance|p1a: Hawlucha\n|-boost|p1a: Hawlucha|atk|2\n|\n|upkeep\n|turn|8\n|\n|t:|1781383744\n|move|p1a: Hawlucha|Close Combat|p2a: Skuntank\n|-damage|p2a: Skuntank|57/310\n|-unboost|p1a: Hawlucha|def|1\n|-unboost|p1a: Hawlucha|spd|1\n|move|p2a: Skuntank|Gunk Shot|p1a: Hawlucha\n|-damage|p1a: Hawlucha|0 fnt\n|faint|p1a: Hawlucha\n|-damage|p2a: Skuntank|26/310|[from] item: Life Orb\n|\n|upkeep\n|\n|t:|1781383755\n|switch|p1a: Flygon|Flygon, L82, M|265/265\n|-damage|p1a: Flygon|249/265|[from] Stealth Rock\n|turn|9\n|\n|t:|1781383762\n|move|p2a: Skuntank|Sucker Punch||[still]\n|-fail|p2a: Skuntank\n|move|p1a: Flygon|Dragon Dance|p1a: Flygon\n|-boost|p1a: Flygon|atk|1\n|-boost|p1a: Flygon|spe|1\n|\n|upkeep\n|turn|10\n|\n|t:|1781383765\n|move|p2a: Skuntank|Sucker Punch||[still]\n|-fail|p2a: Skuntank\n|move|p1a: Flygon|Dragon Dance|p1a: Flygon\n|-boost|p1a: Flygon|atk|1\n|-boost|p1a: Flygon|spe|1\n|\n|upkeep\n|turn|11\n|\n|t:|1781383767\n|move|p2a: Skuntank|Sucker Punch||[still]\n|-fail|p2a: Skuntank\n|move|p1a: Flygon|Dragon Dance|p1a: Flygon\n|-boost|p1a: Flygon|atk|1\n|-boost|p1a: Flygon|spe|1\n|\n|upkeep\n|turn|12\n|\n|t:|1781383769\n|move|p2a: Skuntank|Sucker Punch||[still]\n|-fail|p2a: Skuntank\n|move|p1a: Flygon|Dragon Dance|p1a: Flygon\n|-boost|p1a: Flygon|atk|1\n|-boost|p1a: Flygon|spe|1\n|\n|upkeep\n|turn|13\n|\n|t:|1781383772\n|move|p2a: Skuntank|Sucker Punch||[still]\n|-fail|p2a: Skuntank\n|move|p1a: Flygon|Dragon Dance|p1a: Flygon\n|-boost|p1a: Flygon|atk|1\n|-boost|p1a: Flygon|spe|1\n|\n|upkeep\n|turn|14\n|\n|t:|1781383775\n|move|p1a: Flygon|Dragon Dance|p1a: Flygon\n|-boost|p1a: Flygon|atk|1\n|-boost|p1a: Flygon|spe|1\n|move|p2a: Skuntank|Knock Off|p1a: Flygon\n|-damage|p1a: Flygon|103/265\n|-enditem|p1a: Flygon|Lum Berry|[from] move: Knock Off|[of] p2a: Skuntank\n|-damage|p2a: Skuntank|0 fnt|[from] item: Life Orb\n|faint|p2a: Skuntank\n|\n|upkeep\n|\n|t:|1781383785\n|switch|p2a: Urshifu|Urshifu, L74, F|270/270\n|turn|15\n|\n|t:|1781383790\n|move|p2a: Urshifu|Sucker Punch|p1a: Flygon\n|-crit|p1a: Flygon\n|-damage|p1a: Flygon|0 fnt\n|faint|p1a: Flygon\n|\n|upkeep\n|\n|t:|1781383795\n|switch|p1a: Moltres|Moltres, L81|278/278\n|turn|16\n|\n|t:|1781383804\n|switch|p2a: Iron Hands|Iron Hands, L79|373/373\n|move|p1a: Moltres|Brave Bird|p2a: Iron Hands\n|-damage|p2a: Iron Hands|253/373\n|-damage|p1a: Moltres|238/278|[from] Recoil\n|\n|upkeep\n|turn|17\n|\n|t:|1781383810\n|move|p1a: Moltres|Scorching Sands|p2a: Iron Hands\n|-supereffective|p2a: Iron Hands\n|-damage|p2a: Iron Hands|159/373\n|move|p2a: Iron Hands|Wild Charge|p1a: Moltres\n|-supereffective|p1a: Moltres\n|-damage|p1a: Moltres|20/278\n|-damage|p2a: Iron Hands|104/373|[from] Recoil\n|\n|upkeep\n|turn|18\n|\n|t:|1781383817\n|move|p1a: Moltres|Roost|p1a: Moltres\n|-heal|p1a: Moltres|159/278\n|-singleturn|p1a: Moltres|move: Roost\n|move|p2a: Iron Hands|Volt Switch|p1a: Moltres\n|-damage|p1a: Moltres|117/278\n|\n|t:|1781383821\n|-end|p2a: Iron Hands|Quark Drive|[silent]\n|switch|p2a: Minun|Minun, L95, F|268/268|[from] Volt Switch\n|\n|upkeep\n|turn|19\n|\n|t:|1781383828\n|switch|p1a: Baxcalibur|Baxcalibur, L75, M|295/295\n|-damage|p1a: Baxcalibur|222/295|[from] Stealth Rock\n|move|p2a: Minun|Thunderbolt|p1a: Baxcalibur\n|-resisted|p1a: Baxcalibur\n|-damage|p1a: Baxcalibur|151/295\n|-damage|p2a: Minun|242/268|[from] item: Life Orb\n|\n|upkeep\n|turn|20\n|\n|t:|1781383837\n|move|p2a: Minun|Alluring Voice|p1a: Baxcalibur\n|-supereffective|p1a: Baxcalibur\n|-damage|p1a: Baxcalibur|0 fnt\n|faint|p1a: Baxcalibur\n|-damage|p2a: Minun|216/268|[from] item: Life Orb\n|\n|upkeep\n|\n|t:|1781383840\n|switch|p1a: Regirock|Regirock, L83|268/268\n|-damage|p1a: Regirock|235/268|[from] Stealth Rock\n|turn|21\n|\n|t:|1781383852\n|move|p2a: Minun|Nasty Plot|p2a: Minun\n|-boost|p2a: Minun|spa|2\n|move|p1a: Regirock|Stone Edge|p2a: Minun|[miss]\n|-miss|p1a: Regirock|p2a: Minun\n|\n|-heal|p1a: Regirock|251/268|[from] item: Leftovers\n|upkeep\n|turn|22\n|\n|t:|1781383856\n|move|p2a: Minun|Grass Knot|p1a: Regirock\n|-supereffective|p1a: Regirock\n|-damage|p1a: Regirock|0 fnt\n|faint|p1a: Regirock\n|-damage|p2a: Minun|190/268|[from] item: Life Orb\n|\n|upkeep\n|\n|t:|1781383859\n|switch|p1a: Moltres|Moltres, L81|117/278\n|turn|23\n|\n|t:|1781383862\n|move|p2a: Minun|Thunderbolt|p1a: Moltres\n|-supereffective|p1a: Moltres\n|-damage|p1a: Moltres|0 fnt\n|faint|p1a: Moltres\n|-damage|p2a: Minun|164/268|[from] item: Life Orb\n|\n|win|Diabetes1\n", "inputlog": ">version a8376a258c1d4662feba110a92103f3664a72141\n>start {\"formatid\":\"gen9randombattle\",\"seed\":\"sodium,9f23c4e52ece77b33ee1d44b15fe2cbf\",\"rated\":\"Rated battle\"}\n>player p1 {\"name\":\"Z10101\",\"avatar\":\"266\",\"rating\":2067,\"seed\":\"sodium,8463ac8716324d980d45176c3d5c4826\"}\n>player p2 {\"name\":\"Diabetes1\",\"avatar\":\"266\",\"rating\":2082,\"seed\":\"sodium,50eb8ae96de8af838b7d906c1e4747a5\"}\n>p1 move iciclecrash\n>p2 switch 2\n>p1 switch 2\n>p2 move stoneaxe\n>p1 move stealthrock\n>p2 move closecombat\n>p1 switch 3\n>p1 move closecombat\n>p2 move stoneaxe\n>p2 switch 3\n>p1 move acrobatics\n>p2 move fakeout\n>p1 move encore\n>p2 move wildcharge\n>p1 move swordsdance\n>p2 switch 6\n>p1 move closecombat\n>p2 move gunkshot\n>p1 switch 6\n>p1 move dragondance\n>p2 move suckerpunch\n>p1 move dragondance\n>p2 move suckerpunch\n>p1 move dragondance\n>p2 move suckerpunch\n>p1 move dragondance\n>p2 move suckerpunch\n>p1 move dragondance\n>p2 move suckerpunch\n>p1 move dragondance\n>p2 move knockoff\n>p2 switch 4\n>p1 move outrage\n>p2 move suckerpunch\n>p1 switch 5\n>p1 move bravebird\n>p2 switch 6\n>p1 move scorchingsands\n>p2 move wildcharge\n>p1 move roost\n>p2 move voltswitch\n>p2 switch 2\n>p1 switch 2\n>p2 move thunderbolt\n>p1 move glaiverush\n>p2 move alluringvoice\n>p1 switch 4\n>p1 move stoneedge\n>p2 move nastyplot\n>p1 move stoneedge\n>p2 move grassknot\n>p1 switch 2\n>p1 move roost\n>p2 move thunderbolt", "uploadtime": 1781383665, "views": 10, "formatid": "gen9randombattle", "rating": null, "private": 0, "password": null}