{"id": "gen9randombattle-2631886838", "format": "[Gen 9] Random Battle", "players": ["Pachequitos", "personanongrattata"], "log": "|j|\u2606Pachequitos\n|j|\u2606personanongrattata\n|t:|1781452131\n|gametype|singles\n|player|p1|Pachequitos|1|2136\n|player|p2|personanongrattata|youngster-gen4dp|2162\n|gen|9\n|tier|[Gen 9] Random Battle\n|rated|\n|rule|Species Clause: Limit one of each Pok\u00e9mon\n|rule|HP Percentage Mod: HP is shown in percentages\n|rule|Sleep Clause Mod: Limit one foe put to sleep\n|rule|Illusion Level Mod: Illusion disguises the Pok\u00e9mon's true level\n|\n|t:|1781452131\n|teamsize|p1|6\n|teamsize|p2|6\n|start\n|switch|p1a: Trevenant|Trevenant, L89, M|296/296\n|switch|p2a: Emboar|Emboar, L84, M|322/322\n|turn|1\n|inactive|Battle timer is ON: inactive players will automatically lose when time's up. (requested by personanongrattata)\n|inactive|Pachequitos also wants the timer to be on.\n|l|\u2606Pachequitos\n|inactive|Pachequitos disconnected and has a minute to reconnect!\n|player|p1|\n|j|\u2606Pachequitos\n|inactive|Pachequitos reconnected and has 150 seconds left.\n|player|p1|Pachequitos|1|\n|\n|t:|1781452142\n|switch|p1a: Terrakion|Terrakion, L79|273/273\n|move|p2a: Emboar|Knock Off|p1a: Terrakion\n|-resisted|p1a: Terrakion\n|-damage|p1a: Terrakion|232/273\n|-ability|p1a: Terrakion|Justified|boost\n|-boost|p1a: Terrakion|atk|1\n|-enditem|p1a: Terrakion|Choice Band|[from] move: Knock Off|[of] p2a: Emboar\n|\n|upkeep\n|turn|2\n|\n|t:|1781452149\n|switch|p2a: Sinistcha|Sinistcha-Masterpiece, L83|254/254\n|move|p1a: Terrakion|Earthquake|p2a: Sinistcha\n|-resisted|p2a: Sinistcha\n|-damage|p2a: Sinistcha|201/254\n|\n|-heal|p2a: Sinistcha|216/254|[from] item: Leftovers\n|upkeep\n|turn|3\n|\n|t:|1781452154\n|switch|p1a: Meganium|Meganium, L90, M|290/290\n|move|p2a: Sinistcha|Shadow Ball|p1a: Meganium\n|-damage|p1a: Meganium|202/290\n|\n|-heal|p1a: Meganium|220/290|[from] item: Leftovers\n|-heal|p2a: Sinistcha|231/254|[from] item: Leftovers\n|upkeep\n|turn|4\n|\n|t:|1781452159\n|switch|p2a: Emboar|Emboar, L84, M|322/322\n|move|p1a: Meganium|Knock Off|p2a: Emboar\n|-resisted|p2a: Emboar\n|-damage|p2a: Emboar|276/322\n|-enditem|p2a: Emboar|Choice Scarf|[from] move: Knock Off|[of] p1a: Meganium\n|\n|-heal|p1a: Meganium|238/290|[from] item: Leftovers\n|upkeep\n|turn|5\n|\n|t:|1781452164\n|switch|p1a: Uxie|Uxie, L83|260/260\n|move|p2a: Emboar|Flare Blitz|p1a: Uxie\n|-damage|p1a: Uxie|124/260\n|-damage|p2a: Emboar|231/322|[from] Recoil\n|\n|-heal|p1a: Uxie|140/260|[from] item: Leftovers\n|upkeep\n|turn|6\n|\n|t:|1781452174\n|switch|p2a: Rhydon|Rhydon, L85, F|317/317\n|move|p1a: Uxie|Stealth Rock|p2a: Rhydon\n|-sidestart|p2: personanongrattata|move: Stealth Rock\n|\n|-heal|p1a: Uxie|156/260|[from] item: Leftovers\n|upkeep\n|turn|7\n|\n|t:|1781452181\n|switch|p1a: Meganium|Meganium, L90, M|238/290\n|move|p2a: Rhydon|Megahorn|p1a: Meganium\n|-supereffective|p1a: Meganium\n|-damage|p1a: Meganium|54/290\n|\n|-heal|p1a: Meganium|72/290|[from] item: Leftovers\n|upkeep\n|turn|8\n|\n|t:|1781452194\n|switch|p2a: Emboar|Emboar, L84, M|231/322\n|-damage|p2a: Emboar|191/322|[from] Stealth Rock\n|move|p1a: Meganium|Synthesis|p1a: Meganium\n|-heal|p1a: Meganium|217/290\n|\n|-heal|p1a: Meganium|235/290|[from] item: Leftovers\n|upkeep\n|turn|9\n|\n|t:|1781452200\n|switch|p1a: Uxie|Uxie, L83|156/260\n|move|p2a: Emboar|Close Combat|p1a: Uxie\n|-resisted|p1a: Uxie\n|-damage|p1a: Uxie|102/260\n|-unboost|p2a: Emboar|def|1\n|-unboost|p2a: Emboar|spd|1\n|\n|-heal|p1a: Uxie|118/260|[from] item: Leftovers\n|upkeep\n|turn|10\n|\n|t:|1781452204\n|switch|p2a: Rhydon|Rhydon, L85, F|317/317\n|-damage|p2a: Rhydon|298/317|[from] Stealth Rock\n|move|p1a: Uxie|Psychic Noise|p2a: Rhydon\n|-damage|p2a: Rhydon|229/317\n|-start|p2a: Rhydon|move: Heal Block\n|\n|-heal|p1a: Uxie|134/260|[from] item: Leftovers\n|upkeep\n|turn|11\n|\n|t:|1781452209\n|switch|p1a: Trevenant|Trevenant, L89, M|296/296\n|move|p2a: Rhydon|Megahorn|p1a: Trevenant\n|-damage|p1a: Trevenant|177/296\n|\n|-end|p2a: Rhydon|move: Heal Block\n|upkeep\n|turn|12\n|\n|t:|1781452221\n|move|p1a: Trevenant|Toxic|p2a: Rhydon|[miss]\n|-miss|p1a: Trevenant|p2a: Rhydon\n|move|p2a: Rhydon|Megahorn|p1a: Trevenant\n|-damage|p1a: Trevenant|53/296\n|-enditem|p1a: Trevenant|Sitrus Berry|[eat]\n|-heal|p1a: Trevenant|127/296|[from] item: Sitrus Berry\n|\n|upkeep\n|turn|13\n|\n|t:|1781452229\n|switch|p2a: Emboar|Emboar, L84, M|191/322\n|-damage|p2a: Emboar|151/322|[from] Stealth Rock\n|move|p1a: Trevenant|Toxic|p2a: Emboar\n|-status|p2a: Emboar|tox\n|\n|-damage|p2a: Emboar|131/322 tox|[from] psn\n|upkeep\n|turn|14\n|\n|t:|1781452232\n|move|p1a: Trevenant|Protect|p1a: Trevenant\n|-singleturn|p1a: Trevenant|Protect\n|move|p2a: Emboar|Flare Blitz|p1a: Trevenant\n|-activate|p1a: Trevenant|move: Protect\n|\n|-damage|p2a: Emboar|91/322 tox|[from] psn\n|upkeep\n|turn|15\n|\n|t:|1781452236\n|switch|p1a: Uxie|Uxie, L83|134/260\n|move|p2a: Emboar|Flare Blitz|p1a: Uxie\n|-damage|p1a: Uxie|0 fnt\n|faint|p1a: Uxie\n|-damage|p2a: Emboar|47/322 tox|[from] Recoil\n|\n|-damage|p2a: Emboar|0 fnt|[from] psn\n|faint|p2a: Emboar\n|upkeep\n|\n|t:|1781452244\n|switch|p1a: Meganium|Meganium, L90, M|235/290\n|switch|p2a: Suicune|Suicune, L82|298/298\n|-damage|p2a: Suicune|261/298|[from] Stealth Rock\n|-ability|p2a: Suicune|Pressure\n|turn|16\n|\n|t:|1781452251\n|-terastallize|p2a: Suicune|Steel\n|move|p1a: Meganium|Knock Off|p2a: Suicune\n|-damage|p2a: Suicune|207/298\n|-enditem|p2a: Suicune|Leftovers|[from] move: Knock Off|[of] p1a: Meganium\n|move|p2a: Suicune|Substitute|p2a: Suicune\n|-start|p2a: Suicune|Substitute\n|-damage|p2a: Suicune|133/298\n|\n|-heal|p1a: Meganium|253/290|[from] item: Leftovers\n|upkeep\n|turn|17\n|\n|t:|1781452255\n|switch|p1a: Trevenant|Trevenant, L89, M|127/296\n|move|p2a: Suicune|Calm Mind|p2a: Suicune\n|-boost|p2a: Suicune|spa|1\n|-boost|p2a: Suicune|spd|1\n|\n|-item|p1a: Trevenant|Sitrus Berry|[from] ability: Harvest\n|upkeep\n|-enditem|p1a: Trevenant|Sitrus Berry|[eat]\n|-heal|p1a: Trevenant|201/296|[from] item: Sitrus Berry\n|turn|18\n|\n|t:|1781452258\n|move|p2a: Suicune|Ice Beam|p1a: Trevenant\n|-supereffective|p1a: Trevenant\n|-damage|p1a: Trevenant|41/296\n|move|p1a: Trevenant|Drain Punch|p2a: Suicune\n|-supereffective|p2a: Suicune\n|-end|p2a: Suicune|Substitute\n|-heal|p1a: Trevenant|78/296|[from] drain|[of] p2a: Suicune\n|\n|upkeep\n|turn|19\n|\n|t:|1781452263\n|move|p1a: Trevenant|Protect|p1a: Trevenant\n|-singleturn|p1a: Trevenant|Protect\n|move|p2a: Suicune|Ice Beam|p1a: Trevenant\n|-activate|p1a: Trevenant|move: Protect\n|\n|upkeep\n|turn|20\n|\n|t:|1781452266\n|move|p2a: Suicune|Ice Beam|p1a: Trevenant\n|-supereffective|p1a: Trevenant\n|-damage|p1a: Trevenant|0 fnt\n|faint|p1a: Trevenant\n|\n|upkeep\n|\n|t:|1781452269\n|switch|p1a: Terrakion|Terrakion, L79|232/273\n|turn|21\n|\n|t:|1781452272\n|move|p1a: Terrakion|Close Combat|p2a: Suicune\n|-supereffective|p2a: Suicune\n|-damage|p2a: Suicune|0 fnt\n|-unboost|p1a: Terrakion|def|1\n|-unboost|p1a: Terrakion|spd|1\n|faint|p2a: Suicune\n|\n|upkeep\n|\n|t:|1781452279\n|switch|p2a: Polteageist|Polteageist, L78|222/222\n|-damage|p2a: Polteageist|195/222|[from] Stealth Rock\n|turn|22\n|\n|t:|1781452282\n|move|p1a: Terrakion|Stone Edge|p2a: Polteageist|[miss]\n|-miss|p1a: Terrakion|p2a: Polteageist\n|move|p2a: Polteageist|Shell Smash|p2a: Polteageist\n|-unboost|p2a: Polteageist|def|1\n|-unboost|p2a: Polteageist|spd|1\n|-boost|p2a: Polteageist|atk|2\n|-boost|p2a: Polteageist|spa|2\n|-boost|p2a: Polteageist|spe|2\n|-enditem|p2a: Polteageist|White Herb\n|-clearnegativeboost|p2a: Polteageist|[silent]\n|\n|upkeep\n|turn|23\n|\n|t:|1781452288\n|move|p2a: Polteageist|Shadow Ball|p1a: Terrakion\n|-damage|p1a: Terrakion|0 fnt\n|faint|p1a: Terrakion\n|\n|upkeep\n|\n|t:|1781452291\n|switch|p1a: Meganium|Meganium, L90, M|253/290\n|turn|24\n|\n|t:|1781452296\n|move|p2a: Polteageist|Shadow Ball|p1a: Meganium\n|-damage|p1a: Meganium|102/290\n|move|p1a: Meganium|Dragon Tail|p2a: Polteageist\n|-damage|p2a: Polteageist|137/222\n|-start|p1a: Meganium|Disable|Dragon Tail|[from] ability: Cursed Body|[of] p2a: Polteageist\n|drag|p2a: Iron Thorns|Iron Thorns, L83|302/302\n|-damage|p2a: Iron Thorns|265/302|[from] Stealth Rock\n|-enditem|p2a: Iron Thorns|Booster Energy\n|-activate|p2a: Iron Thorns|ability: Quark Drive|[fromitem]\n|-start|p2a: Iron Thorns|quarkdriveatk\n|\n|-heal|p1a: Meganium|120/290|[from] item: Leftovers\n|upkeep\n|turn|25\n|\n|t:|1781452307\n|move|p1a: Meganium|Energy Ball|p2a: Iron Thorns\n|-supereffective|p2a: Iron Thorns\n|-damage|p2a: Iron Thorns|73/302\n|move|p2a: Iron Thorns|Dragon Dance|p2a: Iron Thorns\n|-boost|p2a: Iron Thorns|atk|1\n|-boost|p2a: Iron Thorns|spe|1\n|\n|-heal|p1a: Meganium|138/290|[from] item: Leftovers\n|upkeep\n|turn|26\n|\n|t:|1781452311\n|move|p2a: Iron Thorns|Stone Edge|p1a: Meganium|[miss]\n|-miss|p2a: Iron Thorns|p1a: Meganium\n|move|p1a: Meganium|Energy Ball|p2a: Iron Thorns\n|-supereffective|p2a: Iron Thorns\n|-damage|p2a: Iron Thorns|0 fnt\n|faint|p2a: Iron Thorns\n|-end|p2a: Iron Thorns|Quark Drive|[silent]\n|\n|-heal|p1a: Meganium|156/290|[from] item: Leftovers\n|upkeep\n|\n|t:|1781452321\n|switch|p2a: Sinistcha|Sinistcha-Masterpiece, L83|231/254\n|-damage|p2a: Sinistcha|200/254|[from] Stealth Rock\n|turn|27\n|\n|t:|1781452336\n|move|p1a: Meganium|Knock Off|p2a: Sinistcha\n|-supereffective|p2a: Sinistcha\n|-damage|p2a: Sinistcha|72/254\n|-enditem|p2a: Sinistcha|Leftovers|[from] move: Knock Off|[of] p1a: Meganium\n|move|p2a: Sinistcha|Strength Sap|p1a: Meganium\n|-unboost|p1a: Meganium|atk|1\n|-heal|p2a: Sinistcha|254/254\n|\n|-heal|p1a: Meganium|174/290|[from] item: Leftovers\n|-end|p1a: Meganium|Disable\n|upkeep\n|turn|28\n|\n|t:|1781452340\n|move|p2a: Sinistcha|Shadow Ball|p1a: Meganium\n|-damage|p1a: Meganium|95/290\n|move|p1a: Meganium|Dragon Tail|p2a: Sinistcha\n|-damage|p2a: Sinistcha|228/254\n|drag|p2a: Rhydon|Rhydon, L85, F|229/317\n|-damage|p2a: Rhydon|210/317|[from] Stealth Rock\n|\n|-heal|p1a: Meganium|113/290|[from] item: Leftovers\n|upkeep\n|turn|29\n|\n|t:|1781452345\n|switch|p2a: Sinistcha|Sinistcha-Masterpiece, L83|228/254\n|-damage|p2a: Sinistcha|197/254|[from] Stealth Rock\n|move|p1a: Meganium|Synthesis|p1a: Meganium\n|-heal|p1a: Meganium|258/290\n|\n|-heal|p1a: Meganium|276/290|[from] item: Leftovers\n|upkeep\n|turn|30\n|\n|t:|1781452354\n|move|p2a: Sinistcha|Shadow Ball|p1a: Meganium\n|-damage|p1a: Meganium|194/290\n|-unboost|p1a: Meganium|spd|1\n|move|p1a: Meganium|Dragon Tail|p2a: Sinistcha\n|-damage|p2a: Sinistcha|171/254\n|drag|p2a: Polteageist|Polteageist, L78|137/222\n|-damage|p2a: Polteageist|110/222|[from] Stealth Rock\n|\n|-heal|p1a: Meganium|212/290|[from] item: Leftovers\n|upkeep\n|turn|31\n|\n|t:|1781452368\n|move|p1a: Meganium|Knock Off|p2a: Polteageist\n|-supereffective|p2a: Polteageist\n|-damage|p2a: Polteageist|26/222\n|-start|p1a: Meganium|Disable|Knock Off|[from] ability: Cursed Body|[of] p2a: Polteageist\n|move|p2a: Polteageist|Shadow Ball|p1a: Meganium\n|-damage|p1a: Meganium|94/290\n|\n|-heal|p1a: Meganium|112/290|[from] item: Leftovers\n|upkeep\n|turn|32\n|\n|t:|1781452375\n|move|p1a: Meganium|Energy Ball|p2a: Polteageist\n|-damage|p2a: Polteageist|0 fnt\n|faint|p2a: Polteageist\n|\n|-heal|p1a: Meganium|130/290|[from] item: Leftovers\n|upkeep\n|\n|t:|1781452377\n|switch|p2a: Sinistcha|Sinistcha-Masterpiece, L83|171/254\n|-damage|p2a: Sinistcha|140/254|[from] Stealth Rock\n|turn|33\n|\n|t:|1781452382\n|switch|p1a: Seviper|Seviper, L93, F|287/287\n|move|p2a: Sinistcha|Calm Mind|p2a: Sinistcha\n|-boost|p2a: Sinistcha|spa|1\n|-boost|p2a: Sinistcha|spd|1\n|\n|upkeep\n|turn|34\n|\n|t:|1781452385\n|move|p1a: Seviper|Swords Dance|p1a: Seviper\n|-boost|p1a: Seviper|atk|2\n|move|p2a: Sinistcha|Strength Sap|p1a: Seviper\n|-unboost|p1a: Seviper|atk|1\n|-heal|p2a: Sinistcha|254/254\n|\n|upkeep\n|turn|35\n|\n|t:|1781452388\n|move|p1a: Seviper|Swords Dance|p1a: Seviper\n|-boost|p1a: Seviper|atk|2\n|move|p2a: Sinistcha|Shadow Ball|p1a: Seviper\n|-damage|p1a: Seviper|124/287\n|\n|-heal|p1a: Seviper|141/287|[from] item: Leftovers\n|upkeep\n|turn|36\n|\n|t:|1781452390\n|move|p1a: Seviper|Gunk Shot|p2a: Sinistcha\n|-damage|p2a: Sinistcha|0 fnt\n|faint|p2a: Sinistcha\n|\n|-heal|p1a: Seviper|158/287|[from] item: Leftovers\n|upkeep\n|-message|personanongrattata forfeited.\n|\n|win|Pachequitos\n", "inputlog": ">version a8376a258c1d4662feba110a92103f3664a72141\n>start {\"formatid\":\"gen9randombattle\",\"seed\":\"sodium,622197053d782889098697e14de6c5dd\",\"rated\":\"Rated battle\"}\n>player p1 {\"name\":\"Pachequitos\",\"avatar\":\"1\",\"rating\":2136,\"seed\":\"sodium,f0f0ae85165621c4b6a4d0bd87ea0185\"}\n>player p2 {\"name\":\"personanongrattata\",\"avatar\":\"youngster-gen4dp\",\"rating\":2162,\"seed\":\"sodium,6a0d09a6d489cf620a2bb0f6edaf181f\"}\n>p1 switch 6\n>p2 move knockoff\n>p1 move earthquake\n>p2 switch 4\n>p1 switch 3\n>p2 move shadowball\n>p1 move knockoff\n>p2 switch 4\n>p1 switch 2\n>p2 move flareblitz\n>p1 move stealthrock\n>p2 switch 3\n>p1 switch 2\n>p2 move megahorn\n>p1 move synthesis\n>p2 switch 3\n>p1 switch 2\n>p2 move closecombat\n>p1 move psychicnoise\n>p2 switch 3\n>p1 switch 6\n>p2 move megahorn\n>p1 move toxic\n>p2 move megahorn\n>p1 move toxic\n>p2 switch 3\n>p1 move protect\n>p2 move flareblitz\n>p1 switch 6\n>p2 move flareblitz\n>p1 switch 2\n>p2 switch 6\n>p1 move knockoff\n>p2 move substitute terastallize\n>p1 switch 6\n>p2 move calmmind\n>p1 move drainpunch\n>p2 move icebeam\n>p1 move protect\n>p2 move icebeam\n>p1 move drainpunch\n>p2 move icebeam\n>p1 switch 3\n>p1 move closecombat\n>p2 move scald\n>p2 switch 5\n>p1 move stoneedge\n>p2 move shellsmash\n>p1 move stoneedge\n>p2 move shadowball\n>p1 switch 6\n>p1 move dragontail\n>p2 move shadowball\n>p1 move energyball\n>p2 move dragondance\n>p1 move energyball\n>p2 move stoneedge\n>p2 switch 4\n>p1 move knockoff\n>p2 move strengthsap\n>p1 move dragontail\n>p2 move shadowball\n>p1 move synthesis\n>p2 switch 3\n>p1 move dragontail\n>p2 move shadowball\n>p1 move knockoff\n>p2 move shadowball\n>p1 move energyball\n>p2 move strengthsap\n>p2 switch 2\n>p1 switch 5\n>p2 move calmmind\n>p1 move swordsdance\n>p2 move strengthsap\n>p1 move swordsdance\n>p2 move shadowball\n>p1 move gunkshot\n>p2 move matchagotcha\n>forcelose p2", "uploadtime": 1781452133, "views": 6, "formatid": "gen9randombattle", "rating": null, "private": 0, "password": null}