{"id": "gen9randombattle-2631857760", "format": "[Gen 9] Random Battle", "players": ["Benbougami", "T-Kizuki_Doma"], "log": "|j|\u2606Benbougami\n|j|\u2606T-Kizuki_Doma\n|t:|1781448864\n|gametype|singles\n|player|p1|Benbougami|roughneck|1497\n|player|p2|T-Kizuki_Doma|102|1491\n|gen|9\n|tier|[Gen 9] Random Battle\n|rated|\n|rule|Species Clause: Limit one of each Pok\u00e9mon\n|rule|HP Percentage Mod: HP is shown in percentages\n|rule|Sleep Clause Mod: Limit one foe put to sleep\n|rule|Illusion Level Mod: Illusion disguises the Pok\u00e9mon's true level\n|\n|t:|1781448864\n|teamsize|p1|6\n|teamsize|p2|6\n|start\n|switch|p1a: Heracross|Heracross, L80, F|259/259\n|switch|p2a: Tentacruel|Tentacruel, L84, M|272/272\n|turn|1\n|\n|t:|1781448876\n|move|p1a: Heracross|Earthquake|p2a: Tentacruel\n|-supereffective|p2a: Tentacruel\n|-damage|p2a: Tentacruel|86/272\n|move|p2a: Tentacruel|Flip Turn|p1a: Heracross\n|-damage|p1a: Heracross|202/259\n|inactive|Battle timer is ON: inactive players will automatically lose when time's up. (requested by Benbougami)\n|inactive|T-Kizuki_Doma has 120 seconds left.\n|\n|t:|1781448908\n|switch|p2a: Feraligatr|Feraligatr, L79, F|264/264|[from] Flip Turn\n|\n|upkeep\n|turn|2\n|\n|t:|1781448917\n|switch|p1a: Dondozo|Dondozo, L78, F|362/362\n|move|p2a: Feraligatr|Liquidation|p1a: Dondozo\n|-resisted|p1a: Dondozo\n|-damage|p1a: Dondozo|302/362\n|\n|-heal|p1a: Dondozo|324/362|[from] item: Leftovers\n|upkeep\n|turn|3\n|\n|t:|1781448928\n|switch|p2a: Munkidori|Munkidori, L79, M|269/269\n|move|p1a: Dondozo|Curse|p1a: Dondozo\n|-unboost|p1a: Dondozo|spe|1\n|-boost|p1a: Dondozo|atk|1\n|-boost|p1a: Dondozo|def|1\n|\n|-heal|p1a: Dondozo|346/362|[from] item: Leftovers\n|upkeep\n|turn|4\n|\n|t:|1781448941\n|switch|p1a: Rhyperior|Rhyperior, L82, M|323/323\n|move|p2a: Munkidori|Fake Out|p1a: Rhyperior\n|-resisted|p1a: Rhyperior\n|-damage|p1a: Rhyperior|315/323\n|\n|upkeep\n|turn|5\n|\n|t:|1781448949\n|move|p2a: Munkidori|U-turn|p1a: Rhyperior\n|-damage|p1a: Rhyperior|289/323\n|\n|t:|1781448953\n|switch|p2a: Tentacruel|Tentacruel, L84, M|86/272|[from] U-turn\n|move|p1a: Rhyperior|Earthquake|p2a: Tentacruel\n|-supereffective|p2a: Tentacruel\n|-damage|p2a: Tentacruel|0 fnt\n|faint|p2a: Tentacruel\n|\n|upkeep\n|\n|t:|1781448957\n|switch|p2a: Feraligatr|Feraligatr, L79, F|264/264\n|turn|6\n|\n|t:|1781448967\n|switch|p1a: Dondozo|Dondozo, L78, F|346/362\n|move|p2a: Feraligatr|Liquidation|p1a: Dondozo\n|-resisted|p1a: Dondozo\n|-damage|p1a: Dondozo|277/362\n|\n|-heal|p1a: Dondozo|299/362|[from] item: Leftovers\n|upkeep\n|turn|7\n|\n|t:|1781448972\n|switch|p2a: Munkidori|Munkidori, L79, M|269/269\n|move|p1a: Dondozo|Wave Crash|p2a: Munkidori\n|-damage|p2a: Munkidori|133/269\n|-damage|p1a: Dondozo|254/362|[from] Recoil\n|\n|-heal|p1a: Dondozo|276/362|[from] item: Leftovers\n|upkeep\n|turn|8\n|\n|t:|1781448980\n|switch|p1a: Rhyperior|Rhyperior, L82, M|289/323\n|move|p2a: Munkidori|Fake Out|p1a: Rhyperior\n|-resisted|p1a: Rhyperior\n|-damage|p1a: Rhyperior|282/323\n|\n|upkeep\n|turn|9\n|\n|t:|1781448984\n|move|p2a: Munkidori|U-turn|p1a: Rhyperior\n|-damage|p1a: Rhyperior|254/323\n|\n|t:|1781448987\n|switch|p2a: Feraligatr|Feraligatr, L79, F|264/264|[from] U-turn\n|move|p1a: Rhyperior|Earthquake|p2a: Feraligatr\n|-damage|p2a: Feraligatr|59/264\n|\n|upkeep\n|turn|10\n|\n|t:|1781448992\n|switch|p2a: Munkidori|Munkidori, L79, M|133/269\n|switch|p1a: Dondozo|Dondozo, L78, F|276/362\n|\n|-heal|p1a: Dondozo|298/362|[from] item: Leftovers\n|upkeep\n|turn|11\n|\n|t:|1781448996\n|switch|p1a: Rhyperior|Rhyperior, L82, M|254/323\n|move|p2a: Munkidori|Fake Out|p1a: Rhyperior\n|-resisted|p1a: Rhyperior\n|-damage|p1a: Rhyperior|246/323\n|-status|p1a: Rhyperior|tox|[from] ability: Toxic Chain|[of] p2a: Munkidori\n|\n|-damage|p1a: Rhyperior|226/323 tox|[from] psn\n|upkeep\n|turn|12\n|\n|t:|1781449002\n|move|p2a: Munkidori|U-turn|p1a: Rhyperior\n|-damage|p1a: Rhyperior|200/323 tox\n|\n|t:|1781449012\n|switch|p2a: Feraligatr|Feraligatr, L79, F|59/264|[from] U-turn\n|move|p1a: Rhyperior|Earthquake|p2a: Feraligatr\n|-damage|p2a: Feraligatr|0 fnt\n|faint|p2a: Feraligatr\n|\n|-damage|p1a: Rhyperior|160/323 tox|[from] psn\n|upkeep\n|\n|t:|1781449027\n|switch|p2a: Scizor|Scizor, L79, M|240/240\n|turn|13\n|\n|t:|1781449034\n|switch|p1a: Dondozo|Dondozo, L78, F|298/362\n|move|p2a: Scizor|Close Combat|p1a: Dondozo\n|-damage|p1a: Dondozo|173/362\n|-unboost|p2a: Scizor|def|1\n|-unboost|p2a: Scizor|spd|1\n|\n|-heal|p1a: Dondozo|195/362|[from] item: Leftovers\n|upkeep\n|turn|14\n|\n|t:|1781449044\n|switch|p2a: Munkidori|Munkidori, L79, M|133/269\n|move|p1a: Dondozo|Wave Crash|p2a: Munkidori\n|-damage|p2a: Munkidori|0 fnt\n|faint|p2a: Munkidori\n|-damage|p1a: Dondozo|151/362|[from] Recoil\n|\n|-heal|p1a: Dondozo|173/362|[from] item: Leftovers\n|upkeep\n|\n|t:|1781449047\n|switch|p2a: Deoxys|Deoxys-Attack, L72|191/191\n|-ability|p2a: Deoxys|Pressure\n|turn|15\n|\n|t:|1781449056\n|switch|p1a: Lokix|Lokix, L82, M|251/251\n|move|p2a: Deoxys|Psycho Boost|p1a: Lokix\n|-immune|p1a: Lokix\n|\n|upkeep\n|turn|16\n|\n|t:|1781449061\n|-terastallize|p2a: Deoxys|Fighting\n|move|p1a: Lokix|First Impression|p2a: Deoxys\n|-resisted|p2a: Deoxys\n|-damage|p2a: Deoxys|0 fnt\n|faint|p2a: Deoxys\n|\n|upkeep\n|\n|t:|1781449067\n|switch|p2a: Zacian|Zacian-Crowned, L64|225/225\n|-ability|p2a: Zacian|Intrepid Sword|boost\n|-boost|p2a: Zacian|atk|1\n|turn|17\n|\n|t:|1781449079\n|move|p2a: Zacian|Swords Dance|p2a: Zacian\n|-boost|p2a: Zacian|atk|2\n|move|p1a: Lokix|U-turn|p2a: Zacian\n|-resisted|p2a: Zacian\n|-damage|p2a: Zacian|177/225\n|\n|t:|1781449081\n|switch|p1a: Dondozo|Dondozo, L78, F|173/362|[from] U-turn\n|\n|-heal|p1a: Dondozo|195/362|[from] item: Leftovers\n|upkeep\n|turn|18\n|\n|t:|1781449087\n|move|p2a: Zacian|Play Rough|p1a: Dondozo|[miss]\n|-miss|p2a: Zacian|p1a: Dondozo\n|move|p1a: Dondozo|Rest|p1a: Dondozo\n|-status|p1a: Dondozo|slp|[from] move: Rest\n|-heal|p1a: Dondozo|362/362 slp|[silent]\n|\n|upkeep\n|turn|19\n|\n|t:|1781449089\n|move|p2a: Zacian|Play Rough|p1a: Dondozo\n|-damage|p1a: Dondozo|295/362 slp\n|cant|p1a: Dondozo|slp\n|move|p1a: Dondozo|Sleep Talk|p1a: Dondozo\n|move|p1a: Dondozo|Curse|p1a: Dondozo|[from] move: Sleep Talk\n|-unboost|p1a: Dondozo|spe|1\n|-boost|p1a: Dondozo|atk|1\n|-boost|p1a: Dondozo|def|1\n|\n|-heal|p1a: Dondozo|317/362 slp|[from] item: Leftovers\n|upkeep\n|turn|20\n|-message|T-Kizuki_Doma forfeited.\n|\n|win|Benbougami\n|raw|Benbougami's rating: 1497 &rarr; <strong>1517</strong><br />(+20 for winning)\n|raw|T-Kizuki_Doma's rating: 1491 &rarr; <strong>1471</strong><br />(-20 for losing)\n|l|\u2606T-Kizuki_Doma\n|player|p2|\n", "inputlog": ">version a8376a258c1d4662feba110a92103f3664a72141\n>start {\"formatid\":\"gen9randombattle\",\"seed\":\"sodium,0e0825a644056ad5b97adb1405964d76\",\"rated\":\"Rated battle\"}\n>player p1 {\"name\":\"Benbougami\",\"avatar\":\"roughneck\",\"rating\":1497,\"seed\":\"sodium,cf5fc9c3e711530ae6533b64316683f8\"}\n>player p2 {\"name\":\"T-Kizuki_Doma\",\"avatar\":\"102\",\"rating\":1491,\"seed\":\"sodium,a60abeecd4ea0e507789bbcf5981827e\"}\n>p1 move earthquake\n>p2 move flipturn\n>p2 switch 4\n>p1 switch 3\n>p2 move liquidation\n>p1 move curse\n>p2 switch 3\n>p1 switch 5\n>p2 move fakeout\n>p1 move earthquake\n>p2 move uturn\n>p2 switch 4\n>p2 switch 3\n>p1 switch 5\n>p2 move liquidation\n>p1 move wavecrash\n>p2 switch 4\n>p1 switch 5\n>p2 move fakeout\n>p1 move earthquake\n>p2 move uturn\n>p2 switch 4\n>p1 switch 5\n>p2 switch 4\n>p1 switch 5\n>p2 move fakeout\n>p1 move earthquake\n>p2 move uturn\n>p2 switch 4\n>p2 switch 5\n>p1 switch 5\n>p2 move closecombat\n>p1 move wavecrash\n>p2 switch 4\n>p2 switch 2\n>p1 switch 2\n>p2 move psychoboost\n>p1 move firstimpression\n>p2 move superpower terastallize\n>p2 switch 6\n>p1 move uturn\n>p2 move swordsdance\n>p1 switch 2\n>p1 move rest\n>p2 move playrough\n>p1 move sleeptalk\n>p2 move playrough\n>forcelose p2", "uploadtime": 1781449098, "views": 7, "formatid": "gen9randombattle", "rating": 1471, "private": 0, "password": null}