{"id": "gen9randombattle-2631860099", "format": "[Gen 9] Random Battle", "players": ["Yaya50", "dailyrandombattle"], "log": "|j|\u2606Yaya50\n|j|\u2606dailyrandombattle\n|t:|1781449141\n|gametype|singles\n|player|p1|Yaya50|blackbelt-gen4dp|1680\n|player|p2|dailyrandombattle|170|1744\n|gen|9\n|tier|[Gen 9] Random Battle\n|rated|\n|rule|Species Clause: Limit one of each Pok\u00e9mon\n|rule|HP Percentage Mod: HP is shown in percentages\n|rule|Sleep Clause Mod: Limit one foe put to sleep\n|rule|Illusion Level Mod: Illusion disguises the Pok\u00e9mon's true level\n|\n|t:|1781449141\n|teamsize|p1|6\n|teamsize|p2|6\n|start\n|switch|p1a: Barraskewda|Barraskewda, L81, F|231/231\n|switch|p2a: Overqwil|Overqwil, L82, F|274/274\n|-ability|p2a: Overqwil|Intimidate|boost\n|-unboost|p1a: Barraskewda|atk|1\n|turn|1\n|inactive|Battle timer is ON: inactive players will automatically lose when time's up. (requested by Yaya50)\n|\n|t:|1781449150\n|move|p1a: Barraskewda|Flip Turn|p2a: Overqwil\n|-damage|p2a: Overqwil|204/274\n|\n|t:|1781449154\n|switch|p1a: Arbok|Arbok, L87, M|246/246|[from] Flip Turn\n|-ability|p1a: Arbok|Intimidate|boost\n|-unboost|p2a: Overqwil|atk|1\n|move|p2a: Overqwil|Gunk Shot|p1a: Arbok\n|-resisted|p1a: Arbok\n|-damage|p1a: Arbok|191/246\n|\n|-heal|p1a: Arbok|206/246|[from] item: Leftovers\n|upkeep\n|turn|2\n|\n|t:|1781449170\n|switch|p2a: Reuniclus|Reuniclus, L88, M|337/337\n|move|p1a: Arbok|Coil|p1a: Arbok\n|-boost|p1a: Arbok|atk|1\n|-boost|p1a: Arbok|def|1\n|-boost|p1a: Arbok|accuracy|1\n|\n|-heal|p1a: Arbok|221/246|[from] item: Leftovers\n|upkeep\n|turn|3\n|\n|t:|1781449177\n|move|p1a: Arbok|Sucker Punch|p2a: Reuniclus\n|-supereffective|p2a: Reuniclus\n|-damage|p2a: Reuniclus|161/337\n|move|p2a: Reuniclus|Psychic|p1a: Arbok\n|-supereffective|p1a: Arbok\n|-damage|p1a: Arbok|0 fnt\n|faint|p1a: Arbok\n|\n|upkeep\n|\n|t:|1781449184\n|switch|p1a: Barraskewda|Barraskewda, L81, F|231/231\n|turn|4\n|\n|t:|1781449189\n|move|p1a: Barraskewda|Waterfall|p2a: Reuniclus\n|-damage|p2a: Reuniclus|0 fnt\n|faint|p2a: Reuniclus\n|\n|upkeep\n|\n|t:|1781449200\n|switch|p2a: Overqwil|Overqwil, L82, F|204/274\n|-ability|p2a: Overqwil|Intimidate|boost\n|-unboost|p1a: Barraskewda|atk|1\n|turn|5\n|\n|t:|1781449203\n|move|p1a: Barraskewda|Waterfall|p2a: Overqwil\n|-damage|p2a: Overqwil|120/274\n|cant|p2a: Overqwil|flinch\n|\n|upkeep\n|turn|6\n|\n|t:|1781449210\n|switch|p1a: Volbeat|Volbeat, L90, M|263/263\n|move|p2a: Overqwil|Gunk Shot|p1a: Volbeat\n|-damage|p1a: Volbeat|122/263\n|\n|upkeep\n|turn|7\n|\n|t:|1781449216\n|move|p1a: Volbeat|U-turn|p2a: Overqwil\n|-damage|p2a: Overqwil|48/274\n|\n|t:|1781449229\n|switch|p1a: Entei|Entei, L78|307/307|[from] U-turn\n|move|p2a: Overqwil|Gunk Shot|p1a: Entei\n|-damage|p1a: Entei|147/307\n|\n|upkeep\n|turn|8\n|\n|t:|1781449243\n|switch|p2a: Dipplin|Dipplin, L88, F|284/284\n|move|p1a: Entei|Flare Blitz|p2a: Dipplin\n|-damage|p2a: Dipplin|179/284\n|-damage|p1a: Entei|112/307|[from] Recoil\n|\n|upkeep\n|turn|9\n|\n|t:|1781449248\n|move|p1a: Entei|Flare Blitz|p2a: Dipplin\n|-damage|p2a: Dipplin|71/284\n|-damage|p1a: Entei|76/307|[from] Recoil\n|move|p2a: Dipplin|Recover|p2a: Dipplin\n|-heal|p2a: Dipplin|213/284\n|\n|upkeep\n|turn|10\n|\n|t:|1781449253\n|switch|p1a: Volbeat|Volbeat, L90, M|122/263\n|move|p2a: Dipplin|Recover|p2a: Dipplin\n|-heal|p2a: Dipplin|284/284\n|\n|upkeep\n|turn|11\n|\n|t:|1781449257\n|switch|p2a: Overqwil|Overqwil, L82, F|48/274\n|-ability|p2a: Overqwil|Intimidate|boost\n|-unboost|p1a: Volbeat|atk|1\n|move|p1a: Volbeat|Roost|p1a: Volbeat\n|-heal|p1a: Volbeat|254/263\n|-singleturn|p1a: Volbeat|move: Roost\n|\n|upkeep\n|turn|12\n|\n|t:|1781449262\n|move|p1a: Volbeat|U-turn|p2a: Overqwil\n|-damage|p2a: Overqwil|6/274\n|\n|t:|1781449267\n|switch|p1a: Vespiquen|Vespiquen, L99, F|299/299|[from] U-turn\n|-ability|p1a: Vespiquen|Pressure\n|move|p2a: Overqwil|Gunk Shot|p1a: Vespiquen\n|-damage|p1a: Vespiquen|188/299\n|\n|upkeep\n|turn|13\n|\n|t:|1781449275\n|move|p2a: Overqwil|Gunk Shot|p1a: Vespiquen\n|-damage|p1a: Vespiquen|86/299\n|-status|p1a: Vespiquen|psn\n|move|p1a: Vespiquen|Roost|p1a: Vespiquen\n|-heal|p1a: Vespiquen|236/299 psn\n|-singleturn|p1a: Vespiquen|move: Roost\n|\n|-damage|p1a: Vespiquen|199/299 psn|[from] psn\n|upkeep\n|turn|14\n|\n|t:|1781449283\n|move|p2a: Overqwil|Swords Dance|p2a: Overqwil\n|-boost|p2a: Overqwil|atk|2\n|move|p1a: Vespiquen|Spikes|p2a: Overqwil\n|-sidestart|p2: dailyrandombattle|Spikes\n|\n|-damage|p1a: Vespiquen|162/299 psn|[from] psn\n|upkeep\n|turn|15\n|\n|t:|1781449290\n|move|p2a: Overqwil|Gunk Shot|p1a: Vespiquen\n|-damage|p1a: Vespiquen|0 fnt\n|faint|p1a: Vespiquen\n|\n|upkeep\n|\n|t:|1781449293\n|switch|p1a: Entei|Entei, L78|76/307\n|turn|16\n|\n|t:|1781449296\n|move|p1a: Entei|Flare Blitz|p2a: Overqwil\n|-crit|p2a: Overqwil\n|-damage|p2a: Overqwil|0 fnt\n|faint|p2a: Overqwil\n|-damage|p1a: Entei|74/307|[from] Recoil\n|\n|upkeep\n|\n|t:|1781449301\n|switch|p2a: Dipplin|Dipplin, L88, F|284/284\n|-damage|p2a: Dipplin|249/284|[from] Spikes\n|turn|17\n|\n|t:|1781449304\n|switch|p1a: Volbeat|Volbeat, L90, M|254/263\n|move|p2a: Dipplin|Dragon Pulse|p1a: Volbeat\n|-damage|p1a: Volbeat|160/263\n|\n|upkeep\n|turn|18\n|\n|t:|1781449308\n|switch|p2a: Hitmontop|Hitmontop, L88, M|231/231\n|-damage|p2a: Hitmontop|203/231|[from] Spikes\n|-ability|p2a: Hitmontop|Intimidate|boost\n|-unboost|p1a: Volbeat|atk|1\n|move|p1a: Volbeat|Thunder Wave|p2a: Hitmontop\n|-status|p2a: Hitmontop|par\n|\n|upkeep\n|turn|19\n|\n|t:|1781449317\n|move|p1a: Volbeat|U-turn|p2a: Hitmontop\n|-resisted|p2a: Hitmontop\n|-damage|p2a: Hitmontop|182/231 par\n|\n|t:|1781449319\n|switch|p1a: Entei|Entei, L78|74/307|[from] U-turn\n|cant|p2a: Hitmontop|par\n|\n|upkeep\n|turn|20\n|\n|t:|1781449327\n|move|p1a: Entei|Sacred Fire|p2a: Hitmontop|[miss]\n|-miss|p1a: Entei|p2a: Hitmontop\n|cant|p2a: Hitmontop|par\n|\n|upkeep\n|turn|21\n|\n|t:|1781449330\n|move|p1a: Entei|Sacred Fire|p2a: Hitmontop\n|-damage|p2a: Hitmontop|43/231 par\n|move|p2a: Hitmontop|Earthquake|p1a: Entei\n|-supereffective|p1a: Entei\n|-damage|p1a: Entei|0 fnt\n|faint|p1a: Entei\n|\n|upkeep\n|\n|t:|1781449341\n|switch|p1a: Bellossom|Bellossom, L84, M|263/263\n|turn|22\n|\n|t:|1781449344\n|move|p1a: Bellossom|Sludge Bomb|p2a: Hitmontop\n|-damage|p2a: Hitmontop|9/231 par\n|move|p2a: Hitmontop|Rapid Spin|p1a: Bellossom\n|-damage|p1a: Bellossom|224/263\n|-boost|p2a: Hitmontop|spe|1\n|-sideend|p2: dailyrandombattle|Spikes|[from] move: Rapid Spin|[of] p2a: Hitmontop\n|\n|-heal|p1a: Bellossom|240/263|[from] item: Leftovers\n|upkeep\n|turn|23\n|\n|t:|1781449348\n|move|p1a: Bellossom|Sludge Bomb|p2a: Hitmontop\n|-damage|p2a: Hitmontop|0 fnt\n|faint|p2a: Hitmontop\n|\n|-heal|p1a: Bellossom|256/263|[from] item: Leftovers\n|upkeep\n|\n|t:|1781449353\n|switch|p2a: Flamigo|Flamigo, L82, M|269/269\n|turn|24\n|\n|t:|1781449363\n|-terastallize|p1a: Bellossom|Poison\n|move|p2a: Flamigo|U-turn|p1a: Bellossom\n|-resisted|p1a: Bellossom\n|-crit|p1a: Bellossom\n|-damage|p1a: Bellossom|219/263\n|\n|t:|1781449368\n|switch|p2a: Dipplin|Dipplin, L88, F|249/284|[from] U-turn\n|move|p1a: Bellossom|Strength Sap|p2a: Dipplin\n|-unboost|p2a: Dipplin|atk|1\n|-heal|p1a: Bellossom|263/263\n|\n|upkeep\n|turn|25\n|\n|t:|1781449374\n|move|p1a: Bellossom|Quiver Dance|p1a: Bellossom\n|-boost|p1a: Bellossom|spa|1\n|-boost|p1a: Bellossom|spd|1\n|-boost|p1a: Bellossom|spe|1\n|move|p2a: Dipplin|Dragon Pulse|p1a: Bellossom\n|-damage|p1a: Bellossom|208/263\n|\n|-heal|p1a: Bellossom|224/263|[from] item: Leftovers\n|upkeep\n|turn|26\n|\n|t:|1781449378\n|switch|p2a: Deoxys|Deoxys-Speed, L82|216/216\n|-ability|p2a: Deoxys|Pressure\n|move|p1a: Bellossom|Sludge Bomb|p2a: Deoxys\n|-damage|p2a: Deoxys|80/216\n|-status|p2a: Deoxys|psn\n|\n|-heal|p1a: Bellossom|240/263|[from] item: Leftovers\n|-damage|p2a: Deoxys|53/216 psn|[from] psn\n|upkeep\n|turn|27\n|\n|t:|1781449387\n|move|p2a: Deoxys|Psycho Boost|p1a: Bellossom\n|-supereffective|p1a: Bellossom\n|-damage|p1a: Bellossom|19/263\n|-unboost|p2a: Deoxys|spa|2\n|-damage|p2a: Deoxys|32/216 psn|[from] item: Life Orb\n|move|p1a: Bellossom|Sludge Bomb|p2a: Deoxys\n|-damage|p2a: Deoxys|0 fnt\n|faint|p2a: Deoxys\n|\n|-heal|p1a: Bellossom|35/263|[from] item: Leftovers\n|upkeep\n|\n|t:|1781449391\n|switch|p2a: Flamigo|Flamigo, L82, M|269/269\n|turn|28\n|\n|t:|1781449394\n|move|p2a: Flamigo|Brave Bird|p1a: Bellossom\n|-damage|p1a: Bellossom|0 fnt\n|faint|p1a: Bellossom\n|-damage|p2a: Flamigo|257/269|[from] Recoil\n|\n|upkeep\n|\n|t:|1781449403\n|switch|p1a: Volbeat|Volbeat, L90, M|160/263\n|turn|29\n|\n|t:|1781449407\n|switch|p2a: Dipplin|Dipplin, L88, F|249/284\n|move|p1a: Volbeat|Thunder Wave|p2a: Dipplin\n|-status|p2a: Dipplin|par\n|\n|upkeep\n|turn|30\n|\n|t:|1781449411\n|move|p1a: Volbeat|Roost|p1a: Volbeat\n|-heal|p1a: Volbeat|263/263\n|-singleturn|p1a: Volbeat|move: Roost\n|move|p2a: Dipplin|Dragon Pulse|p1a: Volbeat\n|-damage|p1a: Volbeat|161/263\n|\n|upkeep\n|turn|31\n|\n|t:|1781449415\n|move|p1a: Volbeat|Roost|p1a: Volbeat\n|-heal|p1a: Volbeat|263/263\n|-singleturn|p1a: Volbeat|move: Roost\n|move|p2a: Dipplin|Dragon Pulse|p1a: Volbeat\n|-damage|p1a: Volbeat|166/263\n|\n|upkeep\n|turn|32\n|\n|t:|1781449424\n|switch|p2a: Flamigo|Flamigo, L82, M|257/269\n|move|p1a: Volbeat|Roost|p1a: Volbeat\n|-heal|p1a: Volbeat|263/263\n|-singleturn|p1a: Volbeat|move: Roost\n|\n|upkeep\n|turn|33\n|\n|t:|1781449426\n|move|p1a: Volbeat|Thunder Wave|p2a: Flamigo\n|-status|p2a: Flamigo|par\n|cant|p2a: Flamigo|par\n|\n|upkeep\n|turn|34\n|\n|t:|1781449432\n|move|p1a: Volbeat|U-turn|p2a: Flamigo\n|-resisted|p2a: Flamigo\n|-damage|p2a: Flamigo|236/269 par\n|\n|t:|1781449434\n|switch|p1a: Barraskewda|Barraskewda, L81, F|231/231|[from] U-turn\n|move|p2a: Flamigo|Brave Bird|p1a: Barraskewda\n|-damage|p1a: Barraskewda|48/231\n|-damage|p2a: Flamigo|176/269 par|[from] Recoil\n|\n|upkeep\n|turn|35\n|\n|t:|1781449442\n|move|p1a: Barraskewda|Flip Turn|p2a: Flamigo\n|-damage|p2a: Flamigo|61/269 par\n|\n|t:|1781449444\n|switch|p1a: Volbeat|Volbeat, L90, M|263/263|[from] Flip Turn\n|cant|p2a: Flamigo|par\n|\n|upkeep\n|turn|36\n|\n|t:|1781449465\n|move|p1a: Volbeat|U-turn|p2a: Flamigo\n|-resisted|p2a: Flamigo\n|-damage|p2a: Flamigo|41/269 par\n|\n|t:|1781449466\n|switch|p1a: Barraskewda|Barraskewda, L81, F|48/231|[from] U-turn\n|move|p2a: Flamigo|Brave Bird|p1a: Barraskewda\n|-damage|p1a: Barraskewda|0 fnt\n|faint|p1a: Barraskewda\n|-damage|p2a: Flamigo|25/269 par|[from] Recoil\n|\n|upkeep\n|\n|t:|1781449468\n|switch|p1a: Volbeat|Volbeat, L90, M|263/263\n|turn|37\n|\n|t:|1781449472\n|move|p1a: Volbeat|U-turn|p2a: Flamigo\n|-resisted|p2a: Flamigo\n|-damage|p2a: Flamigo|6/269 par\n|move|p2a: Flamigo|Brave Bird|p1a: Volbeat\n|-supereffective|p1a: Volbeat\n|-damage|p1a: Volbeat|0 fnt\n|faint|p1a: Volbeat\n|-damage|p2a: Flamigo|0 fnt|[from] Recoil\n|faint|p2a: Flamigo\n|\n|win|dailyrandombattle\n|raw|Yaya50's rating: 1680 &rarr; <strong>1664</strong><br />(-16 for losing)\n|raw|dailyrandombattle's rating: 1744 &rarr; <strong>1760</strong><br />(+16 for winning)\n|c|\u2606Yaya50|Lucky\n|c|\u2606Yaya50|shit\n", "inputlog": ">version a8376a258c1d4662feba110a92103f3664a72141\n>start {\"formatid\":\"gen9randombattle\",\"seed\":\"sodium,7e212cd5c38c79208c2bbbcc950401d9\",\"rated\":\"Rated battle\"}\n>player p1 {\"name\":\"Yaya50\",\"avatar\":\"blackbelt-gen4dp\",\"rating\":1680,\"seed\":\"sodium,138f2d4913bfd42d7f2f97b89a921feb\"}\n>player p2 {\"name\":\"dailyrandombattle\",\"avatar\":\"170\",\"rating\":1744,\"seed\":\"sodium,213445a0b91cf9c1114dc7f1d4b981aa\"}\n>p1 move flipturn\n>p2 move gunkshot\n>p1 switch 4\n>p1 move coil\n>p2 switch 6\n>p1 move suckerpunch\n>p2 move psychic\n>p1 switch 4\n>p1 move waterfall\n>p2 move recover\n>p2 switch 6\n>p1 move waterfall\n>p2 move gunkshot\n>p1 switch 5\n>p2 move gunkshot\n>p1 move uturn\n>p2 move gunkshot\n>p1 switch 3\n>p1 move flareblitz\n>p2 switch 4\n>p1 move flareblitz\n>p2 move recover\n>p1 switch 3\n>p2 move recover\n>p1 move roost\n>p2 switch 4\n>p1 move uturn\n>p2 move gunkshot\n>p1 switch 6\n>p1 move roost\n>p2 move gunkshot\n>p1 move spikes\n>p2 move swordsdance\n>p1 move spikes\n>p2 move gunkshot\n>p1 switch 3\n>p1 move flareblitz\n>p2 move scaleshot\n>p2 switch 4\n>p1 switch 6\n>p2 move dragonpulse\n>p1 move thunderwave\n>p2 switch 3\n>p1 move uturn\n>p2 move rapidspin\n>p1 switch 6\n>p1 move sacredfire\n>p2 move rapidspin\n>p1 move sacredfire\n>p2 move earthquake\n>p1 switch 2\n>p1 move sludgebomb\n>p2 move rapidspin\n>p1 move sludgebomb\n>p2 move closecombat\n>p2 switch 2\n>p1 move strengthsap terastallize\n>p2 move uturn\n>p2 switch 3\n>p1 move quiverdance\n>p2 move dragonpulse\n>p1 move sludgebomb\n>p2 switch 5\n>p1 move sludgebomb\n>p2 move psychoboost\n>p2 switch 3\n>p1 move strengthsap\n>p2 move bravebird\n>p1 switch 6\n>p1 move thunderwave\n>p2 switch 5\n>p1 move roost\n>p2 move dragonpulse\n>p1 move roost\n>p2 move dragonpulse\n>p1 move roost\n>p2 switch 5\n>p1 move thunderwave\n>p2 move bravebird\n>p1 move uturn\n>p2 move bravebird\n>p1 switch 5\n>p1 move flipturn\n>p2 move bravebird\n>p1 switch 5\n>p1 move uturn\n>p2 move bravebird\n>p1 switch 5\n>p1 switch 5\n>p1 move uturn\n>p2 move bravebird", "uploadtime": 1781449479, "views": 8, "formatid": "gen9randombattle", "rating": 1664, "private": 0, "password": null}