{"id": "gen9randombattle-2631416670", "format": "[Gen 9] Random Battle", "players": ["Petilil37", "WhatEver2102"], "log": "|j|\u203dPetilil37\n|j|\u2606WhatEver2102\n|t:|1781382063\n|gametype|singles\n|player|p1|Petilil37|2|1977\n|player|p2|WhatEver2102|juan|1985\n|gen|9\n|tier|[Gen 9] Random Battle\n|rated|\n|rule|Species Clause: Limit one of each Pok\u00e9mon\n|rule|HP Percentage Mod: HP is shown in percentages\n|rule|Sleep Clause Mod: Limit one foe put to sleep\n|rule|Illusion Level Mod: Illusion disguises the Pok\u00e9mon's true level\n|\n|t:|1781382063\n|teamsize|p1|6\n|teamsize|p2|6\n|start\n|switch|p1a: Iron Thorns|Iron Thorns, L83|302/302\n|switch|p2a: Espeon|Espeon, L84, F|246/246\n|-item|p1a: Iron Thorns|Air Balloon\n|turn|1\n|\n|t:|1781382107\n|switch|p2a: Donphan|Donphan, L84, F|288/288\n|-end|p1a: Iron Thorns|Quark Drive|[silent]\n|switch|p1a: Dialga|Dialga, L73|266/266\n|-ability|p1a: Dialga|Pressure\n|\n|upkeep\n|turn|2\n|\n|t:|1781382113\n|switch|p1a: Zarude|Zarude, L77|288/288\n|move|p2a: Donphan|Stealth Rock|p1a: Zarude\n|-sidestart|p1: Petilil37|move: Stealth Rock\n|\n|upkeep\n|turn|3\n|\n|t:|1781382126\n|move|p1a: Zarude|U-turn|p2a: Donphan\n|-damage|p2a: Donphan|227/288\n|\n|t:|1781382127\n|switch|p1a: Palafin|Palafin, L77, M|281/281|[from] U-turn\n|-damage|p1a: Palafin|246/281|[from] Stealth Rock\n|move|p2a: Donphan|Ice Spinner|p1a: Palafin\n|-resisted|p1a: Palafin\n|-damage|p1a: Palafin|202/281\n|\n|-heal|p2a: Donphan|245/288|[from] item: Leftovers\n|upkeep\n|turn|4\n|\n|t:|1781382136\n|move|p1a: Palafin|Flip Turn|p2a: Donphan\n|-supereffective|p2a: Donphan\n|-damage|p2a: Donphan|135/288\n|\n|t:|1781382147\n|detailschange|p1a: Palafin|Palafin-Hero, L77, M\n|switch|p1a: Squawkabilly|Squawkabilly-Yellow, L89, M|291/291|[from] Flip Turn\n|move|p2a: Donphan|Rapid Spin|p1a: Squawkabilly\n|-crit|p1a: Squawkabilly\n|-damage|p1a: Squawkabilly|212/291\n|-boost|p2a: Donphan|spe|1\n|\n|-heal|p2a: Donphan|153/288|[from] item: Leftovers\n|upkeep\n|turn|5\n|\n|t:|1781382157\n|switch|p2a: Regirock|Regirock, L83|268/268\n|move|p1a: Squawkabilly|Brave Bird|p2a: Regirock\n|-resisted|p2a: Regirock\n|-damage|p2a: Regirock|211/268\n|-damage|p1a: Squawkabilly|193/291|[from] Recoil\n|\n|upkeep\n|turn|6\n|\n|t:|1781382162\n|move|p1a: Squawkabilly|Parting Shot|p2a: Regirock\n|-fail|p2a: Regirock|unboost|[from] ability: Clear Body|[of] p2a: Regirock\n|move|p2a: Regirock|Body Press|p1a: Squawkabilly\n|-damage|p1a: Squawkabilly|64/291\n|\n|upkeep\n|turn|7\n|\n|t:|1781382178\n|switch|p1a: Palafin|Palafin-Hero, L77, M|202/281\n|-damage|p1a: Palafin|167/281|[from] Stealth Rock\n|-activate|p1a: Palafin|ability: Zero to Hero\n|move|p2a: Regirock|Curse|p2a: Regirock\n|-unboost|p2a: Regirock|spe|1\n|-boost|p2a: Regirock|atk|1\n|-boost|p2a: Regirock|def|1\n|\n|upkeep\n|turn|8\n|\n|t:|1781382187\n|move|p1a: Palafin|Wave Crash|p2a: Regirock\n|-supereffective|p2a: Regirock\n|-damage|p2a: Regirock|37/268\n|-damage|p1a: Palafin|110/281|[from] Recoil\n|move|p2a: Regirock|Body Press|p1a: Palafin\n|-damage|p1a: Palafin|0 fnt\n|faint|p1a: Palafin\n|\n|upkeep\n|\n|t:|1781382200\n|switch|p1a: Dialga|Dialga, L73|266/266\n|-damage|p1a: Dialga|250/266|[from] Stealth Rock\n|-ability|p1a: Dialga|Pressure\n|turn|9\n|\n|t:|1781382219\n|switch|p2a: Donphan|Donphan, L84, F|153/288\n|move|p1a: Dialga|Heavy Slam|p2a: Donphan\n|-damage|p2a: Donphan|63/288\n|\n|-heal|p1a: Dialga|266/266|[from] item: Leftovers\n|-heal|p2a: Donphan|81/288|[from] item: Leftovers\n|upkeep\n|turn|10\n|\n|t:|1781382227\n|move|p1a: Dialga|Heavy Slam|p2a: Donphan\n|-damage|p2a: Donphan|0 fnt\n|faint|p2a: Donphan\n|\n|upkeep\n|\n|t:|1781382239\n|switch|p2a: Galvantula|Galvantula, L82, M|249/249\n|turn|11\n|\n|t:|1781382265\n|move|p2a: Galvantula|Sticky Web|p1a: Dialga\n|-sidestart|p1: Petilil37|move: Sticky Web\n|move|p1a: Dialga|Fire Blast|p2a: Galvantula\n|-supereffective|p2a: Galvantula\n|-damage|p2a: Galvantula|17/249\n|\n|upkeep\n|turn|12\n|\n|t:|1781382274\n|move|p2a: Galvantula|Thunder|p1a: Dialga\n|-resisted|p1a: Dialga\n|-damage|p1a: Dialga|210/266\n|move|p1a: Dialga|Heavy Slam|p2a: Galvantula\n|-resisted|p2a: Galvantula\n|-damage|p2a: Galvantula|0 fnt\n|faint|p2a: Galvantula\n|\n|-heal|p1a: Dialga|226/266|[from] item: Leftovers\n|upkeep\n|\n|t:|1781382287\n|switch|p2a: Vaporeon|Vaporeon, L86, M|364/364\n|turn|13\n|\n|t:|1781382304\n|move|p1a: Dialga|Thunder Wave|p2a: Vaporeon|[miss]\n|-miss|p1a: Dialga|p2a: Vaporeon\n|move|p2a: Vaporeon|Scald|p1a: Dialga\n|-resisted|p1a: Dialga\n|-damage|p1a: Dialga|173/266\n|-status|p1a: Dialga|brn\n|\n|-heal|p1a: Dialga|189/266 brn|[from] item: Leftovers\n|-damage|p1a: Dialga|173/266 brn|[from] brn\n|upkeep\n|turn|14\n|\n|t:|1781382316\n|move|p1a: Dialga|Draco Meteor|p2a: Vaporeon\n|-damage|p2a: Vaporeon|232/364\n|-unboost|p1a: Dialga|spa|2\n|move|p2a: Vaporeon|Wish|p2a: Vaporeon\n|\n|-heal|p1a: Dialga|189/266 brn|[from] item: Leftovers\n|-heal|p2a: Vaporeon|254/364|[from] item: Leftovers\n|-damage|p1a: Dialga|173/266 brn|[from] brn\n|upkeep\n|turn|15\n|\n|t:|1781382320\n|move|p1a: Dialga|Draco Meteor|p2a: Vaporeon\n|-damage|p2a: Vaporeon|181/364\n|-unboost|p1a: Dialga|spa|2\n|move|p2a: Vaporeon|Scald|p1a: Dialga\n|-resisted|p1a: Dialga\n|-damage|p1a: Dialga|119/266 brn\n|\n|-heal|p2a: Vaporeon|363/364|[from] move: Wish|[wisher] Vaporeon\n|-heal|p1a: Dialga|135/266 brn|[from] item: Leftovers\n|-heal|p2a: Vaporeon|364/364|[from] item: Leftovers\n|-damage|p1a: Dialga|119/266 brn|[from] brn\n|upkeep\n|turn|16\n|\n|t:|1781382332\n|move|p1a: Dialga|Thunder Wave|p2a: Vaporeon\n|-status|p2a: Vaporeon|par\n|move|p2a: Vaporeon|Wish|p2a: Vaporeon\n|\n|-heal|p1a: Dialga|135/266 brn|[from] item: Leftovers\n|-damage|p1a: Dialga|119/266 brn|[from] brn\n|upkeep\n|turn|17\n|\n|t:|1781382341\n|switch|p1a: Zarude|Zarude, L77|288/288\n|-damage|p1a: Zarude|252/288|[from] Stealth Rock\n|-activate|p1a: Zarude|move: Sticky Web\n|-unboost|p1a: Zarude|spe|1\n|switch|p2a: Regirock|Regirock, L83|37/268\n|\n|-heal|p2a: Regirock|219/268|[from] move: Wish|[wisher] Vaporeon\n|upkeep\n|turn|18\n|\n|t:|1781382372\n|-terastallize|p2a: Regirock|Fighting\n|move|p1a: Zarude|Power Whip|p2a: Regirock\n|-damage|p2a: Regirock|120/268\n|move|p2a: Regirock|Curse|p2a: Regirock\n|-unboost|p2a: Regirock|spe|1\n|-boost|p2a: Regirock|atk|1\n|-boost|p2a: Regirock|def|1\n|\n|upkeep\n|turn|19\n|\n|t:|1781382378\n|switch|p1a: Iron Jugulis|Iron Jugulis, L77|271/271\n|-damage|p1a: Iron Jugulis|204/271|[from] Stealth Rock\n|move|p2a: Regirock|Rest|p2a: Regirock\n|-status|p2a: Regirock|slp|[from] move: Rest\n|-heal|p2a: Regirock|268/268 slp|[silent]\n|-enditem|p2a: Regirock|Chesto Berry|[eat]\n|-curestatus|p2a: Regirock|slp|[msg]\n|\n|upkeep\n|turn|20\n|\n|t:|1781382385\n|move|p1a: Iron Jugulis|Hurricane|p2a: Regirock|[miss]\n|-miss|p1a: Iron Jugulis|p2a: Regirock\n|move|p2a: Regirock|Body Press|p1a: Iron Jugulis\n|-damage|p1a: Iron Jugulis|0 fnt\n|faint|p1a: Iron Jugulis\n|-end|p1a: Iron Jugulis|Quark Drive|[silent]\n|\n|upkeep\n|inactive|Battle timer is ON: inactive players will automatically lose when time's up. (requested by WhatEver2102)\n|\n|t:|1781382450\n|switch|p1a: Squawkabilly|Squawkabilly-Yellow, L89, M|64/291\n|turn|21\n|\n|t:|1781382470\n|-terastallize|p1a: Squawkabilly|Flying\n|move|p1a: Squawkabilly|Brave Bird|p2a: Regirock|[miss]\n|-miss|p1a: Squawkabilly|p2a: Regirock\n|move|p2a: Regirock|Curse|p2a: Regirock\n|-unboost|p2a: Regirock|spe|1\n|-boost|p2a: Regirock|atk|1\n|-boost|p2a: Regirock|def|1\n|\n|upkeep\n|turn|22\n|\n|t:|1781382484\n|move|p1a: Squawkabilly|Brave Bird|p2a: Regirock\n|-supereffective|p2a: Regirock\n|-damage|p2a: Regirock|124/268\n|-damage|p1a: Squawkabilly|16/291|[from] Recoil\n|move|p2a: Regirock|Rest|p2a: Regirock\n|-status|p2a: Regirock|slp|[from] move: Rest\n|-heal|p2a: Regirock|268/268 slp|[silent]\n|\n|upkeep\n|turn|23\n|\n|t:|1781382492\n|move|p1a: Squawkabilly|Brave Bird|p2a: Regirock|[miss]\n|-miss|p1a: Squawkabilly|p2a: Regirock\n|cant|p2a: Regirock|slp\n|\n|upkeep\n|turn|24\n|-message|Petilil37 forfeited.\n|\n|win|WhatEver2102\n", "uploadtime": 1781382064, "views": 8, "formatid": "gen9randombattle", "rating": null, "private": 0, "password": null}