{"id": "gen9randombattle-2631567059", "format": "[Gen 9] Random Battle", "players": ["shadow pingby", "gpuhijo"], "log": "|j|\u2606shadow pingby\n|j|\u2606gpuhijo\n|t:|1781402318\n|gametype|singles\n|player|p1|shadow pingby|101|1398\n|player|p2|gpuhijo|101|1397\n|gen|9\n|tier|[Gen 9] Random Battle\n|rated|\n|rule|Species Clause: Limit one of each Pok\u00e9mon\n|rule|HP Percentage Mod: HP is shown in percentages\n|rule|Sleep Clause Mod: Limit one foe put to sleep\n|rule|Illusion Level Mod: Illusion disguises the Pok\u00e9mon's true level\n|\n|t:|1781402318\n|teamsize|p1|6\n|teamsize|p2|6\n|start\n|switch|p1a: Feraligatr|Feraligatr, L79, F|264/264\n|switch|p2a: Coalossal|Coalossal, L89, M|341/341\n|turn|1\n|\n|t:|1781402350\n|switch|p2a: Sableye|Sableye, L88, M|231/231\n|move|p1a: Feraligatr|Dragon Dance|p1a: Feraligatr\n|-boost|p1a: Feraligatr|atk|1\n|-boost|p1a: Feraligatr|spe|1\n|\n|upkeep\n|turn|2\n|\n|t:|1781402358\n|move|p2a: Sableye|Encore|p1a: Feraligatr\n|-start|p1a: Feraligatr|Encore\n|move|p1a: Feraligatr|Dragon Dance|p1a: Feraligatr\n|-boost|p1a: Feraligatr|atk|1\n|-boost|p1a: Feraligatr|spe|1\n|\n|upkeep\n|turn|3\n|\n|t:|1781402368\n|switch|p1a: Kricketune|Kricketune, L99, F|312/312\n|move|p2a: Sableye|Knock Off|p1a: Kricketune\n|-damage|p1a: Kricketune|188/312\n|-enditem|p1a: Kricketune|Heavy-Duty Boots|[from] move: Knock Off|[of] p2a: Sableye\n|\n|upkeep\n|turn|4\n|\n|t:|1781402382\n|move|p1a: Kricketune|Taunt|p2a: Sableye\n|-start|p2a: Sableye|move: Taunt\n|move|p2a: Sableye|Knock Off|p1a: Kricketune\n|-damage|p1a: Kricketune|107/312\n|\n|upkeep\n|turn|5\n|\n|t:|1781402387\n|move|p1a: Kricketune|Sticky Web|p2a: Sableye\n|-sidestart|p2: gpuhijo|move: Sticky Web\n|move|p2a: Sableye|Knock Off|p1a: Kricketune\n|-damage|p1a: Kricketune|31/312\n|\n|upkeep\n|turn|6\n|\n|t:|1781402391\n|switch|p2a: Coalossal|Coalossal, L89, M|341/341\n|move|p1a: Kricketune|Knock Off|p2a: Coalossal\n|-damage|p2a: Coalossal|275/341\n|-status|p1a: Kricketune|brn|[from] ability: Flame Body|[of] p2a: Coalossal\n|-enditem|p2a: Coalossal|Heavy-Duty Boots|[from] move: Knock Off|[of] p1a: Kricketune\n|\n|-damage|p1a: Kricketune|12/312 brn|[from] brn\n|upkeep\n|turn|7\n|inactive|Battle timer is ON: inactive players will automatically lose when time's up. (requested by gpuhijo)\n|\n|t:|1781402421\n|-terastallize|p1a: Kricketune|Ghost\n|move|p1a: Kricketune|Pounce|p2a: Coalossal\n|-resisted|p2a: Coalossal\n|-damage|p2a: Coalossal|258/341\n|-unboost|p2a: Coalossal|spe|1\n|move|p2a: Coalossal|Rapid Spin|p1a: Kricketune\n|-immune|p1a: Kricketune\n|\n|-damage|p1a: Kricketune|0 fnt|[from] brn\n|faint|p1a: Kricketune\n|upkeep\n|\n|t:|1781402433\n|switch|p1a: Feraligatr|Feraligatr, L79, F|264/264\n|turn|8\n|\n|t:|1781402439\n|move|p1a: Feraligatr|Liquidation|p2a: Coalossal\n|-supereffective|p2a: Coalossal\n|-damage|p2a: Coalossal|0 fnt\n|faint|p2a: Coalossal\n|\n|upkeep\n|\n|t:|1781402449\n|switch|p2a: Sableye|Sableye, L88, M|231/231\n|-activate|p2a: Sableye|move: Sticky Web\n|-unboost|p2a: Sableye|spe|1\n|turn|9\n|\n|t:|1781402476\n|switch|p1a: Oricorio|Oricorio, L84, M|263/263\n|move|p2a: Sableye|Thunder Wave|p1a: Oricorio\n|-status|p1a: Oricorio|par\n|\n|upkeep\n|turn|10\n|\n|t:|1781402483\n|move|p1a: Oricorio|Revelation Dance|p2a: Sableye\n|-damage|p2a: Sableye|114/231\n|move|p2a: Sableye|Knock Off|p1a: Oricorio\n|-damage|p1a: Oricorio|145/263 par\n|-enditem|p1a: Oricorio|Heavy-Duty Boots|[from] move: Knock Off|[of] p2a: Sableye\n|\n|-heal|p2a: Sableye|128/231|[from] item: Leftovers\n|upkeep\n|turn|11\n|\n|t:|1781402488\n|move|p2a: Sableye|Recover|p2a: Sableye\n|-heal|p2a: Sableye|231/231\n|move|p1a: Oricorio|Revelation Dance|p2a: Sableye\n|-damage|p2a: Sableye|120/231\n|\n|-heal|p2a: Sableye|134/231|[from] item: Leftovers\n|upkeep\n|turn|12\n|\n|t:|1781402506\n|move|p1a: Oricorio|Hurricane|p2a: Sableye\n|-damage|p2a: Sableye|1/231\n|-start|p2a: Sableye|confusion\n|-activate|p2a: Sableye|confusion\n|move|p2a: Sableye|Knock Off|p1a: Oricorio\n|-damage|p1a: Oricorio|67/263 par\n|\n|-heal|p2a: Sableye|15/231|[from] item: Leftovers\n|upkeep\n|turn|13\n|\n|t:|1781402514\n|-activate|p2a: Sableye|confusion\n|move|p2a: Sableye|Recover|p2a: Sableye\n|-heal|p2a: Sableye|131/231\n|move|p1a: Oricorio|Revelation Dance|p2a: Sableye\n|-damage|p2a: Sableye|19/231\n|\n|-heal|p2a: Sableye|33/231|[from] item: Leftovers\n|upkeep\n|turn|14\n|\n|t:|1781402521\n|-activate|p2a: Sableye|confusion\n|move|p2a: Sableye|Recover|p2a: Sableye\n|-heal|p2a: Sableye|149/231\n|move|p1a: Oricorio|Revelation Dance|p2a: Sableye\n|-damage|p2a: Sableye|34/231\n|\n|-heal|p2a: Sableye|48/231|[from] item: Leftovers\n|upkeep\n|turn|15\n|\n|t:|1781402528\n|-end|p2a: Sableye|confusion\n|move|p2a: Sableye|Recover|p2a: Sableye\n|-heal|p2a: Sableye|164/231\n|move|p1a: Oricorio|Hurricane|p2a: Sableye\n|-damage|p2a: Sableye|16/231\n|-start|p2a: Sableye|confusion\n|\n|-heal|p2a: Sableye|30/231|[from] item: Leftovers\n|upkeep\n|turn|16\n|\n|t:|1781402537\n|-activate|p2a: Sableye|confusion\n|move|p2a: Sableye|Recover|p2a: Sableye\n|-heal|p2a: Sableye|146/231\n|move|p1a: Oricorio|Revelation Dance|p2a: Sableye\n|-damage|p2a: Sableye|35/231\n|\n|-heal|p2a: Sableye|49/231|[from] item: Leftovers\n|upkeep\n|turn|17\n|\n|t:|1781402543\n|-activate|p2a: Sableye|confusion\n|move|p2a: Sableye|Recover|p2a: Sableye\n|-heal|p2a: Sableye|165/231\n|move|p1a: Oricorio|Revelation Dance|p2a: Sableye\n|-damage|p2a: Sableye|47/231\n|\n|-heal|p2a: Sableye|61/231|[from] item: Leftovers\n|upkeep\n|turn|18\n|\n|t:|1781402551\n|-activate|p2a: Sableye|confusion\n|move|p2a: Sableye|Recover|p2a: Sableye\n|-heal|p2a: Sableye|177/231\n|move|p1a: Oricorio|Revelation Dance|p2a: Sableye\n|-damage|p2a: Sableye|60/231\n|\n|-heal|p2a: Sableye|74/231|[from] item: Leftovers\n|upkeep\n|turn|19\n|\n|t:|1781402558\n|-activate|p2a: Sableye|confusion\n|-damage|p2a: Sableye|48/231|[from] confusion\n|move|p1a: Oricorio|Revelation Dance|p2a: Sableye\n|-damage|p2a: Sableye|0 fnt\n|faint|p2a: Sableye\n|\n|upkeep\n|c|\u2606shadow pingby|shake?\n|\n|t:|1781402572\n|switch|p2a: Garganacl|Garganacl, L80, F|291/291\n|-activate|p2a: Garganacl|move: Sticky Web\n|-unboost|p2a: Garganacl|spe|1\n|turn|20\n|\n|t:|1781402590\n|move|p1a: Oricorio|Roost|p1a: Oricorio\n|-heal|p1a: Oricorio|199/263 par\n|-singleturn|p1a: Oricorio|move: Roost\n|move|p2a: Garganacl|Salt Cure|p1a: Oricorio\n|-supereffective|p1a: Oricorio\n|-damage|p1a: Oricorio|101/263 par\n|-start|p1a: Oricorio|Salt Cure\n|\n|-damage|p1a: Oricorio|69/263 par|[from] Salt Cure\n|upkeep\n|turn|21\n|\n|t:|1781402595\n|move|p1a: Oricorio|Hurricane|p2a: Garganacl\n|-resisted|p2a: Garganacl\n|-damage|p2a: Garganacl|235/291\n|-start|p2a: Garganacl|confusion\n|-activate|p2a: Garganacl|confusion\n|move|p2a: Garganacl|Salt Cure|p1a: Oricorio\n|-supereffective|p1a: Oricorio\n|-damage|p1a: Oricorio|0 fnt\n|faint|p1a: Oricorio\n|\n|-heal|p2a: Garganacl|253/291|[from] item: Leftovers\n|upkeep\n|\n|t:|1781402602\n|switch|p1a: Feraligatr|Feraligatr, L79, F|264/264\n|turn|22\n|\n|t:|1781402608\n|move|p1a: Feraligatr|Liquidation|p2a: Garganacl\n|-supereffective|p2a: Garganacl\n|-damage|p2a: Garganacl|11/291\n|-activate|p2a: Garganacl|confusion\n|-damage|p2a: Garganacl|0 fnt|[from] confusion\n|faint|p2a: Garganacl\n|\n|upkeep\n|\n|t:|1781402614\n|switch|p2a: Clawitzer|Clawitzer, L87, M|265/265\n|-activate|p2a: Clawitzer|move: Sticky Web\n|-unboost|p2a: Clawitzer|spe|1\n|turn|23\n|\n|t:|1781402620\n|move|p1a: Feraligatr|Crunch|p2a: Clawitzer\n|-damage|p2a: Clawitzer|181/265\n|move|p2a: Clawitzer|Dragon Pulse|p1a: Feraligatr\n|-damage|p1a: Feraligatr|62/264\n|\n|upkeep\n|turn|24\n|\n|t:|1781402627\n|move|p1a: Feraligatr|Crunch|p2a: Clawitzer\n|-damage|p2a: Clawitzer|86/265\n|move|p2a: Clawitzer|Dragon Pulse|p1a: Feraligatr\n|-damage|p1a: Feraligatr|0 fnt\n|faint|p1a: Feraligatr\n|\n|upkeep\n|\n|t:|1781402633\n|switch|p1a: Electivire|Electivire, L84, F|263/263\n|turn|25\n|\n|t:|1781402637\n|switch|p2a: Great Tusk|Great Tusk, L77|304/304\n|-activate|p2a: Great Tusk|move: Sticky Web\n|-unboost|p2a: Great Tusk|spe|1\n|move|p1a: Electivire|Supercell Slam|p2a: Great Tusk\n|-immune|p2a: Great Tusk\n|-damage|p1a: Electivire|132/263|[from] supercellslam\n|\n|upkeep\n|turn|26\n|\n|t:|1781402649\n|switch|p1a: Meowstic|Meowstic-F, L89, F|277/277\n|move|p2a: Great Tusk|Close Combat|p1a: Meowstic\n|-resisted|p1a: Meowstic\n|-damage|p1a: Meowstic|210/277\n|-unboost|p2a: Great Tusk|def|1\n|-unboost|p2a: Great Tusk|spd|1\n|\n|upkeep\n|turn|27\n|\n|t:|1781402655\n|-end|p2a: Great Tusk|Protosynthesis|[silent]\n|switch|p2a: Banette|Banette, L93, F|270/270\n|-activate|p2a: Banette|move: Sticky Web\n|-unboost|p2a: Banette|spe|1\n|move|p1a: Meowstic|Psyshock|p2a: Banette\n|-damage|p2a: Banette|145/270\n|-damage|p1a: Meowstic|183/277|[from] item: Life Orb\n|\n|upkeep\n|turn|28\n|\n|t:|1781402668\n|switch|p1a: Electivire|Electivire, L84, F|132/263\n|-terastallize|p2a: Banette|Ghost\n|move|p2a: Banette|Shadow Sneak|p1a: Electivire\n|-damage|p1a: Electivire|7/263\n|-damage|p2a: Banette|118/270|[from] item: Life Orb\n|\n|upkeep\n|turn|29\n|\n|t:|1781402675\n|switch|p2a: Clawitzer|Clawitzer, L87, M|86/265\n|-activate|p2a: Clawitzer|move: Sticky Web\n|-unboost|p2a: Clawitzer|spe|1\n|move|p1a: Electivire|Ice Punch|p2a: Clawitzer\n|-resisted|p2a: Clawitzer\n|-damage|p2a: Clawitzer|48/265\n|-damage|p1a: Electivire|0 fnt|[from] item: Life Orb\n|faint|p1a: Electivire\n|\n|upkeep\n|\n|t:|1781402688\n|switch|p1a: Metagross|Metagross, L79|256/256\n|turn|30\n|\n|t:|1781402694\n|move|p1a: Metagross|Heavy Slam|p2a: Clawitzer\n|-resisted|p2a: Clawitzer\n|-damage|p2a: Clawitzer|0 fnt\n|faint|p2a: Clawitzer\n|\n|upkeep\n|\n|t:|1781402696\n|switch|p2a: Great Tusk|Great Tusk, L77|304/304\n|-activate|p2a: Great Tusk|move: Sticky Web\n|-unboost|p2a: Great Tusk|spe|1\n|turn|31\n|\n|t:|1781402705\n|move|p2a: Great Tusk|Knock Off|p1a: Metagross\n|-supereffective|p1a: Metagross\n|-damage|p1a: Metagross|138/256\n|-enditem|p1a: Metagross|Leftovers|[from] move: Knock Off|[of] p2a: Great Tusk\n|move|p1a: Metagross|Heavy Slam|p2a: Great Tusk\n|-damage|p2a: Great Tusk|262/304\n|\n|upkeep\n|turn|32\n|\n|t:|1781402713\n|switch|p1a: Meowstic|Meowstic-F, L89, F|183/277\n|move|p2a: Great Tusk|Knock Off|p1a: Meowstic\n|-supereffective|p1a: Meowstic\n|-damage|p1a: Meowstic|25/277\n|-enditem|p1a: Meowstic|Life Orb|[from] move: Knock Off|[of] p2a: Great Tusk\n|\n|upkeep\n|turn|33\n|\n|t:|1781402719\n|move|p1a: Meowstic|Psyshock|p2a: Great Tusk\n|-supereffective|p2a: Great Tusk\n|-damage|p2a: Great Tusk|128/304\n|move|p2a: Great Tusk|Knock Off|p1a: Meowstic\n|-supereffective|p1a: Meowstic\n|-damage|p1a: Meowstic|0 fnt\n|faint|p1a: Meowstic\n|\n|upkeep\n|\n|t:|1781402724\n|switch|p1a: Metagross|Metagross, L79|138/256\n|turn|34\n|n|\u2606gpuhijo|gpuhijo\n|inactive|shadow pingby has 120 seconds left.\n|\n|t:|1781402767\n|move|p2a: Great Tusk|Knock Off|p1a: Metagross\n|-supereffective|p1a: Metagross\n|-damage|p1a: Metagross|68/256\n|move|p1a: Metagross|Earthquake|p2a: Great Tusk\n|-damage|p2a: Great Tusk|60/304\n|\n|upkeep\n|turn|35\n|\n|t:|1781402773\n|move|p2a: Great Tusk|Knock Off|p1a: Metagross\n|-supereffective|p1a: Metagross\n|-damage|p1a: Metagross|0 fnt\n|faint|p1a: Metagross\n|\n|win|gpuhijo\n|raw|shadow pingby's rating: 1398 &rarr; <strong>1378</strong><br />(-20 for losing)\n|raw|gpuhijo's rating: 1397 &rarr; <strong>1417</strong><br />(+20 for winning)\n", "inputlog": ">version a8376a258c1d4662feba110a92103f3664a72141\n>start {\"formatid\":\"gen9randombattle\",\"seed\":\"sodium,b2f93b80e52bd43f47d23020e8af76b3\",\"rated\":\"Rated battle\"}\n>player p1 {\"name\":\"shadow pingby\",\"avatar\":\"101\",\"rating\":1398,\"seed\":\"sodium,d1d4444eb10642938348b8a76ff96a33\"}\n>player p2 {\"name\":\"gpuhijo\",\"avatar\":\"101\",\"rating\":1397,\"seed\":\"sodium,a6c5e8663347d4054661f96ce085ac66\"}\n>p1 move dragondance\n>p2 switch 6\n>p1 move liquidation\n>p2 move encore\n>p1 switch 5\n>p2 move knockoff\n>p1 move taunt\n>p2 move knockoff\n>p1 move stickyweb\n>p2 move knockoff\n>p1 move knockoff\n>p2 switch 6\n>p1 move pounce terastallize\n>p2 move rapidspin\n>p1 switch 5\n>p1 move liquidation\n>p2 move rapidspin\n>p2 switch 6\n>p1 switch 6\n>p2 move thunderwave\n>p1 move revelationdance\n>p2 move knockoff\n>p1 move revelationdance\n>p2 move recover\n>p1 move hurricane\n>p2 move knockoff\n>p1 move revelationdance\n>p2 move recover\n>p1 move revelationdance\n>p2 move recover\n>p1 move hurricane\n>p2 move recover\n>p1 move revelationdance\n>p2 move recover\n>p1 move revelationdance\n>p2 move recover\n>p1 move revelationdance\n>p2 move recover\n>p1 move revelationdance\n>p2 move recover\n>chat \u2606shadow pingby|shake?\n>p2 switch 4\n>p1 move roost\n>p2 move saltcure\n>p1 move hurricane\n>p2 move saltcure\n>p1 switch 6\n>p1 move liquidation\n>p2 move saltcure\n>p2 switch 5\n>p1 move crunch\n>p2 move dragonpulse\n>p1 move crunch\n>p2 move dragonpulse\n>p1 switch 2\n>p1 move supercellslam\n>p2 switch 2\n>p1 switch 4\n>p2 move closecombat\n>p1 move psyshock\n>p2 switch 3\n>p1 switch 4\n>p2 move shadowsneak terastallize\n>p1 move icepunch\n>p2 switch 2\n>p1 switch 3\n>p1 move heavyslam\n>p2 move waterpulse\n>p2 switch 3\n>p1 move heavyslam\n>p2 move knockoff\n>p1 switch 4\n>p2 move knockoff\n>p1 move psyshock\n>p2 move knockoff\n>p1 switch 4\n>p1 move earthquake\n>p2 move knockoff\n>p1 move earthquake\n>p2 move knockoff", "uploadtime": 1781402783, "views": 9, "formatid": "gen9randombattle", "rating": 1378, "private": 0, "password": null}