{"id": "gen9randombattle-2631798477", "format": "[Gen 9] Random Battle", "players": ["tukkirekka", "funybuny"], "log": "|j|\u2606tukkirekka\n|j|\u2606funybuny\n|t:|1781441271\n|gametype|singles\n|player|p1|tukkirekka|drayden|1915\n|player|p2|funybuny|roxie|1909\n|gen|9\n|tier|[Gen 9] Random Battle\n|rated|\n|rule|Species Clause: Limit one of each Pok\u00e9mon\n|rule|HP Percentage Mod: HP is shown in percentages\n|rule|Sleep Clause Mod: Limit one foe put to sleep\n|rule|Illusion Level Mod: Illusion disguises the Pok\u00e9mon's true level\n|\n|t:|1781441271\n|teamsize|p1|6\n|teamsize|p2|6\n|start\n|switch|p1a: Magmortar|Magmortar, L88, F|275/275\n|switch|p2a: Slaking|Slaking, L84, F|389/389\n|turn|1\n|inactive|Battle timer is ON: inactive players will automatically lose when time's up. (requested by tukkirekka)\n|\n|t:|1781441281\n|switch|p1a: Metagross|Metagross, L79|256/256\n|move|p2a: Slaking|Earthquake|p1a: Metagross\n|-supereffective|p1a: Metagross\n|-damage|p1a: Metagross|2/256\n|\n|upkeep\n|turn|2\n|\n|t:|1781441292\n|switch|p2a: Sunflora|Sunflora, F|312/312\n|move|p1a: Metagross|Knock Off|p2a: Sunflora\n|-damage|p2a: Sunflora|219/312\n|-enditem|p2a: Sunflora|Choice Specs|[from] move: Knock Off|[of] p1a: Metagross\n|\n|upkeep\n|turn|3\n|\n|t:|1781441298\n|switch|p1a: Hypno|Hypno, L95, F|315/315\n|move|p2a: Sunflora|Dazzling Gleam|p1a: Hypno\n|-damage|p1a: Hypno|253/315\n|\n|-heal|p1a: Hypno|272/315|[from] item: Leftovers\n|upkeep\n|turn|4\n|\n|t:|1781441304\n|move|p1a: Hypno|Thunder Wave|p2a: Sunflora\n|-status|p2a: Sunflora|par\n|move|p2a: Sunflora|Sludge Bomb|p1a: Hypno\n|-damage|p1a: Hypno|207/315\n|\n|-heal|p1a: Hypno|226/315|[from] item: Leftovers\n|upkeep\n|turn|5\n|\n|t:|1781441310\n|move|p1a: Hypno|Psychic Noise|p2a: Sunflora\n|-crit|p2a: Sunflora\n|-damage|p2a: Sunflora|113/312 par\n|-start|p2a: Sunflora|move: Heal Block\n|move|p2a: Sunflora|Sludge Bomb|p1a: Hypno\n|-damage|p1a: Hypno|160/315\n|\n|-heal|p1a: Hypno|179/315|[from] item: Leftovers\n|upkeep\n|turn|6\n|\n|t:|1781441316\n|switch|p1a: Landorus|Landorus, L75, M|257/257\n|move|p2a: Sunflora|Sludge Bomb|p1a: Landorus\n|-resisted|p1a: Landorus\n|-damage|p1a: Landorus|201/257\n|\n|-end|p2a: Sunflora|move: Heal Block\n|upkeep\n|turn|7\n|\n|t:|1781441319\n|move|p1a: Landorus|Stealth Rock|p2a: Sunflora\n|-sidestart|p2: funybuny|move: Stealth Rock\n|cant|p2a: Sunflora|par\n|\n|upkeep\n|turn|8\n|\n|t:|1781441323\n|move|p1a: Landorus|Sludge Wave|p2a: Sunflora\n|-supereffective|p2a: Sunflora\n|-damage|p2a: Sunflora|0 fnt\n|faint|p2a: Sunflora\n|\n|upkeep\n|\n|t:|1781441325\n|switch|p2a: Komala|Komala, L88, M|258/258\n|-damage|p2a: Komala|226/258|[from] Stealth Rock\n|-ability|p2a: Komala|Comatose\n|turn|9\n|\n|t:|1781441332\n|move|p1a: Landorus|Rock Slide|p2a: Komala\n|-damage|p2a: Komala|122/258\n|move|p2a: Komala|Rapid Spin|p1a: Landorus\n|-damage|p1a: Landorus|131/257\n|-boost|p2a: Komala|spe|1\n|-sideend|p2: funybuny|Stealth Rock|[from] move: Rapid Spin|[of] p2a: Komala\n|\n|upkeep\n|turn|10\n|\n|t:|1781441342\n|switch|p1a: Metagross|Metagross, L79|2/256\n|move|p2a: Komala|Body Slam|p1a: Metagross\n|-resisted|p1a: Metagross\n|-damage|p1a: Metagross|0 fnt\n|faint|p1a: Metagross\n|\n|upkeep\n|inactive|tukkirekka has 120 seconds left.\n|\n|t:|1781441368\n|switch|p1a: Rillaboom|Rillaboom, L79, F|288/288\n|-fieldstart|move: Grassy Terrain|[from] ability: Grassy Surge|[of] p1a: Rillaboom\n|turn|11\n|\n|t:|1781441374\n|switch|p2a: Oricorio|Oricorio, L84, F|263/263\n|move|p1a: Rillaboom|Grassy Glide|p2a: Oricorio\n|-resisted|p2a: Oricorio\n|-damage|p2a: Oricorio|229/263\n|\n|upkeep\n|turn|12\n|\n|t:|1781441379\n|switch|p1a: Landorus|Landorus, L75, M|131/257\n|move|p2a: Oricorio|Quiver Dance|p2a: Oricorio\n|-boost|p2a: Oricorio|spa|1\n|-boost|p2a: Oricorio|spd|1\n|-boost|p2a: Oricorio|spe|1\n|\n|upkeep\n|turn|13\n|\n|t:|1781441386\n|switch|p1a: Hypno|Hypno, L95, F|179/315\n|move|p2a: Oricorio|Revelation Dance|p1a: Hypno\n|-damage|p1a: Hypno|77/315\n|\n|-heal|p1a: Hypno|96/315|[from] Grassy Terrain\n|-heal|p1a: Hypno|115/315|[from] item: Leftovers\n|upkeep\n|turn|14\n|\n|t:|1781441393\n|move|p2a: Oricorio|Hurricane|p1a: Hypno\n|-damage|p1a: Hypno|0 fnt\n|faint|p1a: Hypno\n|\n|upkeep\n|\n|t:|1781441399\n|switch|p1a: Magmortar|Magmortar, L88, F|275/275\n|turn|15\n|\n|t:|1781441407\n|move|p2a: Oricorio|Quiver Dance|p2a: Oricorio\n|-boost|p2a: Oricorio|spa|1\n|-boost|p2a: Oricorio|spd|1\n|-boost|p2a: Oricorio|spe|1\n|move|p1a: Magmortar|Thunderbolt|p2a: Oricorio\n|-supereffective|p2a: Oricorio\n|-damage|p2a: Oricorio|89/263\n|\n|-fieldend|move: Grassy Terrain\n|upkeep\n|turn|16\n|\n|t:|1781441412\n|move|p2a: Oricorio|Roost|p2a: Oricorio\n|-heal|p2a: Oricorio|221/263\n|-singleturn|p2a: Oricorio|move: Roost\n|move|p1a: Magmortar|Thunderbolt|p2a: Oricorio\n|-damage|p2a: Oricorio|149/263\n|\n|upkeep\n|turn|17\n|\n|t:|1781441416\n|-terastallize|p2a: Oricorio|Ground\n|move|p2a: Oricorio|Quiver Dance|p2a: Oricorio\n|-boost|p2a: Oricorio|spa|1\n|-boost|p2a: Oricorio|spd|1\n|-boost|p2a: Oricorio|spe|1\n|move|p1a: Magmortar|Thunderbolt|p2a: Oricorio\n|-immune|p2a: Oricorio\n|\n|upkeep\n|turn|18\n|\n|t:|1781441421\n|move|p2a: Oricorio|Quiver Dance|p2a: Oricorio\n|-boost|p2a: Oricorio|spa|1\n|-boost|p2a: Oricorio|spd|1\n|-boost|p2a: Oricorio|spe|1\n|move|p1a: Magmortar|Thunderbolt|p2a: Oricorio\n|-immune|p2a: Oricorio\n|\n|upkeep\n|turn|19\n|\n|t:|1781441424\n|move|p2a: Oricorio|Revelation Dance|p1a: Magmortar\n|-supereffective|p1a: Magmortar\n|-damage|p1a: Magmortar|0 fnt\n|faint|p1a: Magmortar\n|\n|upkeep\n|\n|t:|1781441426\n|switch|p1a: Rillaboom|Rillaboom, L79, F|288/288\n|-fieldstart|move: Grassy Terrain|[from] ability: Grassy Surge|[of] p1a: Rillaboom\n|turn|20\n|\n|t:|1781441430\n|switch|p2a: Kricketune|Kricketune, L99, M|312/312\n|move|p1a: Rillaboom|Grassy Glide|p2a: Kricketune\n|-resisted|p2a: Kricketune\n|-damage|p2a: Kricketune|240/312\n|\n|-heal|p2a: Kricketune|259/312|[from] Grassy Terrain\n|upkeep\n|turn|21\n|\n|t:|1781441435\n|switch|p1a: Comfey|Comfey, L85, M|225/225\n|move|p2a: Kricketune|Knock Off|p1a: Comfey\n|-resisted|p1a: Comfey\n|-damage|p1a: Comfey|184/225\n|-enditem|p1a: Comfey|Leftovers|[from] move: Knock Off|[of] p2a: Kricketune\n|\n|-heal|p1a: Comfey|198/225|[from] Grassy Terrain\n|-heal|p2a: Kricketune|278/312|[from] Grassy Terrain\n|upkeep\n|turn|22\n|\n|t:|1781441437\n|move|p1a: Comfey|Calm Mind|p1a: Comfey\n|-boost|p1a: Comfey|spa|1\n|-boost|p1a: Comfey|spd|1\n|move|p2a: Kricketune|Taunt|p1a: Comfey\n|-start|p1a: Comfey|move: Taunt\n|\n|-heal|p1a: Comfey|212/225|[from] Grassy Terrain\n|-heal|p2a: Kricketune|297/312|[from] Grassy Terrain\n|upkeep\n|turn|23\n|\n|t:|1781441444\n|switch|p2a: Perrserker|Perrserker, L89, M|269/269\n|move|p1a: Comfey|Draining Kiss|p2a: Perrserker\n|-resisted|p2a: Perrserker\n|-damage|p2a: Perrserker|221/269\n|-heal|p1a: Comfey|225/225|[from] drain|[of] p2a: Perrserker\n|\n|-heal|p2a: Perrserker|237/269|[from] Grassy Terrain\n|upkeep\n|turn|24\n|\n|t:|1781441453\n|switch|p1a: Landorus|Landorus, L75, M|131/257\n|move|p2a: Perrserker|Iron Head|p1a: Landorus\n|-damage|p1a: Landorus|0 fnt\n|faint|p1a: Landorus\n|\n|-heal|p2a: Perrserker|253/269|[from] Grassy Terrain\n|-fieldend|move: Grassy Terrain\n|upkeep\n|\n|t:|1781441459\n|switch|p1a: Rillaboom|Rillaboom, L79, F|288/288\n|-fieldstart|move: Grassy Terrain|[from] ability: Grassy Surge|[of] p1a: Rillaboom\n|turn|25\n|\n|t:|1781441466\n|switch|p2a: Kricketune|Kricketune, L99, M|297/312\n|move|p1a: Rillaboom|U-turn|p2a: Kricketune\n|-damage|p2a: Kricketune|202/312\n|\n|t:|1781441467\n|switch|p1a: Comfey|Comfey, L85, M|225/225|[from] U-turn\n|\n|-heal|p2a: Kricketune|221/312|[from] Grassy Terrain\n|upkeep\n|turn|26\n|\n|t:|1781441470\n|switch|p1a: Rillaboom|Rillaboom, L79, F|288/288\n|move|p2a: Kricketune|Taunt|p1a: Rillaboom\n|-start|p1a: Rillaboom|move: Taunt\n|\n|-heal|p2a: Kricketune|240/312|[from] Grassy Terrain\n|upkeep\n|turn|27\n|\n|t:|1781441474\n|move|p2a: Kricketune|Pounce|p1a: Rillaboom\n|-supereffective|p1a: Rillaboom\n|-damage|p1a: Rillaboom|96/288\n|-unboost|p1a: Rillaboom|spe|1\n|move|p1a: Rillaboom|U-turn|p2a: Kricketune\n|-damage|p2a: Kricketune|137/312\n|\n|t:|1781441476\n|switch|p1a: Comfey|Comfey, L85, M|225/225|[from] U-turn\n|\n|-heal|p2a: Kricketune|156/312|[from] Grassy Terrain\n|upkeep\n|turn|28\n|\n|t:|1781441479\n|move|p1a: Comfey|Calm Mind|p1a: Comfey\n|-boost|p1a: Comfey|spa|1\n|-boost|p1a: Comfey|spd|1\n|move|p2a: Kricketune|Taunt|p1a: Comfey\n|-start|p1a: Comfey|move: Taunt\n|\n|-heal|p2a: Kricketune|175/312|[from] Grassy Terrain\n|upkeep\n|turn|29\n|\n|t:|1781441482\n|switch|p1a: Rillaboom|Rillaboom, L79, F|96/288\n|switch|p2a: Perrserker|Perrserker, L89, M|253/269\n|\n|-heal|p1a: Rillaboom|114/288|[from] Grassy Terrain\n|-heal|p2a: Perrserker|269/269|[from] Grassy Terrain\n|-fieldend|move: Grassy Terrain\n|upkeep\n|turn|30\n|\n|t:|1781441486\n|switch|p2a: Kricketune|Kricketune, L99, M|175/312\n|move|p1a: Rillaboom|High Horsepower|p2a: Kricketune\n|-resisted|p2a: Kricketune\n|-damage|p2a: Kricketune|108/312\n|\n|upkeep\n|turn|31\n|\n|t:|1781441489\n|switch|p1a: Comfey|Comfey, L85, M|225/225\n|move|p2a: Kricketune|Pounce|p1a: Comfey\n|-resisted|p1a: Comfey\n|-damage|p1a: Comfey|173/225\n|-unboost|p1a: Comfey|spe|1\n|\n|upkeep\n|turn|32\n|\n|t:|1781441493\n|switch|p2a: Perrserker|Perrserker, L89, M|269/269\n|switch|p1a: Rillaboom|Rillaboom, L79, F|114/288\n|-fieldstart|move: Grassy Terrain|[from] ability: Grassy Surge|[of] p1a: Rillaboom\n|\n|-heal|p1a: Rillaboom|132/288|[from] Grassy Terrain\n|upkeep\n|turn|33\n|\n|t:|1781441500\n|switch|p2a: Kricketune|Kricketune, L99, M|108/312\n|move|p1a: Rillaboom|U-turn|p2a: Kricketune\n|-damage|p2a: Kricketune|0 fnt\n|faint|p2a: Kricketune\n|\n|t:|1781441502\n|switch|p1a: Comfey|Comfey, L85, M|173/225|[from] U-turn\n|\n|-heal|p1a: Comfey|187/225|[from] Grassy Terrain\n|upkeep\n|\n|t:|1781441503\n|switch|p2a: Perrserker|Perrserker, L89, M|269/269\n|turn|34\n|\n|t:|1781441508\n|-terastallize|p1a: Comfey|Poison\n|move|p1a: Comfey|Calm Mind|p1a: Comfey\n|-boost|p1a: Comfey|spa|1\n|-boost|p1a: Comfey|spd|1\n|move|p2a: Perrserker|Iron Head|p1a: Comfey\n|-damage|p1a: Comfey|0 fnt\n|faint|p1a: Comfey\n|\n|upkeep\n|-message|tukkirekka forfeited.\n|\n|win|funybuny\n", "inputlog": ">version a8376a258c1d4662feba110a92103f3664a72141\n>start {\"formatid\":\"gen9randombattle\",\"seed\":\"sodium,f8035b70eb64298e7f2704a683a1acfd\",\"rated\":\"Rated battle\"}\n>player p1 {\"name\":\"tukkirekka\",\"avatar\":\"drayden\",\"rating\":1915,\"seed\":\"sodium,1adca537a0939945c4a583f23d425108\"}\n>player p2 {\"name\":\"funybuny\",\"avatar\":\"roxie\",\"rating\":1909,\"seed\":\"sodium,95798470af282e6af2b8a7bd2b9f73c2\"}\n>p1 switch 6\n>p2 move earthquake\n>p1 move knockoff\n>p2 switch 6\n>p1 switch 2\n>p2 move dazzlinggleam\n>p1 move thunderwave\n>p2 move sludgebomb\n>p1 move psychicnoise\n>p2 move sludgebomb\n>p1 switch 5\n>p2 move sludgebomb\n>p1 move stealthrock\n>p2 move leafstorm\n>p1 move sludgewave\n>p2 move leafstorm\n>p2 switch 3\n>p1 move rockslide\n>p2 move rapidspin\n>p1 switch 2\n>p2 move bodyslam\n>p1 switch 4\n>p1 move grassyglide\n>p2 switch 2\n>p1 switch 2\n>p2 move quiverdance\n>p1 switch 5\n>p2 move revelationdance\n>p1 move encore\n>p2 move hurricane\n>p1 switch 6\n>p1 move thunderbolt\n>p2 move quiverdance\n>p1 move thunderbolt\n>p2 move roost\n>p1 move thunderbolt\n>p2 move quiverdance terastallize\n>p1 move thunderbolt\n>p2 move quiverdance\n>p1 move thunderbolt\n>p2 move revelationdance\n>p1 switch 2\n>p1 move grassyglide\n>p2 switch 5\n>p1 switch 3\n>p2 move knockoff\n>p1 move calmmind\n>p2 move taunt\n>p1 move drainingkiss\n>p2 switch 4\n>p1 switch 5\n>p2 move ironhead\n>p1 switch 3\n>p1 move uturn\n>p2 switch 4\n>p1 switch 5\n>p1 switch 5\n>p2 move taunt\n>p1 move uturn\n>p2 move pounce\n>p1 switch 5\n>p1 move calmmind\n>p2 move taunt\n>p1 switch 5\n>p2 switch 4\n>p1 move highhorsepower\n>p2 switch 4\n>p1 switch 5\n>p2 move pounce\n>p1 switch 5\n>p2 switch 4\n>p1 move uturn\n>p2 switch 4\n>p1 switch 5\n>p2 switch 4\n>p1 move calmmind terastallize\n>p2 move ironhead\n>forcelose p1", "uploadtime": 1781441272, "views": 5, "formatid": "gen9randombattle", "rating": null, "private": 0, "password": null}