{"id": "gen9randombattle-2631991223", "format": "[Gen 9] Random Battle", "players": ["lkj47", "Acetortoise"], "log": "|j|\u2606lkj47\n|j|\u2606Acetortoise\n|t:|1781463519\n|gametype|singles\n|player|p1|lkj47|hilbert|1926\n|player|p2|Acetortoise|265|1875\n|gen|9\n|tier|[Gen 9] Random Battle\n|rated|\n|rule|Species Clause: Limit one of each Pok\u00e9mon\n|rule|HP Percentage Mod: HP is shown in percentages\n|rule|Sleep Clause Mod: Limit one foe put to sleep\n|rule|Illusion Level Mod: Illusion disguises the Pok\u00e9mon's true level\n|\n|t:|1781463519\n|teamsize|p1|6\n|teamsize|p2|6\n|start\n|switch|p1a: Porygon-Z|Porygon-Z, L83|277/277\n|switch|p2a: Regirock|Regirock, L83|268/268\n|turn|1\n|\n|t:|1781463534\n|switch|p1a: Vikavolt|Vikavolt, L83, F|263/263\n|move|p2a: Regirock|Body Press|p1a: Vikavolt\n|-resisted|p1a: Vikavolt\n|-damage|p1a: Vikavolt|212/263\n|\n|upkeep\n|turn|2\n|\n|t:|1781463542\n|switch|p1a: Palafin|Palafin, L77, M|281/281\n|move|p2a: Regirock|Stone Edge|p1a: Palafin\n|-damage|p1a: Palafin|146/281\n|\n|-heal|p1a: Palafin|163/281|[from] item: Leftovers\n|upkeep\n|turn|3\n|\n|t:|1781463550\n|detailschange|p1a: Palafin|Palafin-Hero, L77, M\n|switch|p1a: Basculin|Basculin, L86, M|261/261\n|move|p2a: Regirock|Stone Edge|p1a: Basculin\n|-damage|p1a: Basculin|119/261\n|\n|upkeep\n|turn|4\n|\n|t:|1781463554\n|switch|p2a: Tatsugiri|Tatsugiri, L87, F|260/260\n|move|p1a: Basculin|Flip Turn|p2a: Tatsugiri\n|-ability|p2a: Tatsugiri|Storm Drain|boost\n|-boost|p2a: Tatsugiri|spa|1\n|\n|upkeep\n|turn|5\n|\n|t:|1781463559\n|switch|p1a: Regice|Regice, L88|284/284\n|move|p2a: Tatsugiri|Nasty Plot|p2a: Tatsugiri\n|-boost|p2a: Tatsugiri|spa|2\n|\n|upkeep\n|turn|6\n|\n|t:|1781463572\n|switch|p2a: Regirock|Regirock, L83|268/268\n|move|p1a: Regice|Thunderbolt|p2a: Regirock\n|-damage|p2a: Regirock|198/268\n|\n|upkeep\n|turn|7\n|\n|t:|1781463581\n|switch|p1a: Palafin|Palafin-Hero, L77, M|163/281\n|-activate|p1a: Palafin|ability: Zero to Hero\n|move|p2a: Regirock|Stone Edge|p1a: Palafin\n|-damage|p1a: Palafin|63/281\n|\n|-heal|p1a: Palafin|80/281|[from] item: Leftovers\n|upkeep\n|turn|8\n|\n|t:|1781463586\n|switch|p2a: Dachsbun|Dachsbun, L92, F|254/254\n|move|p1a: Palafin|Drain Punch|p2a: Dachsbun\n|-resisted|p2a: Dachsbun\n|-damage|p2a: Dachsbun|230/254\n|-heal|p1a: Palafin|92/281|[from] drain|[of] p2a: Dachsbun\n|\n|-heal|p2a: Dachsbun|245/254|[from] item: Leftovers\n|-heal|p1a: Palafin|109/281|[from] item: Leftovers\n|upkeep\n|turn|9\n|\n|t:|1781463593\n|switch|p1a: Eternatus|Eternatus, L69|308/308\n|-ability|p1a: Eternatus|Pressure\n|move|p2a: Dachsbun|Play Rough|p1a: Eternatus\n|-damage|p1a: Eternatus|196/308\n|-damage|p2a: Dachsbun|203/254|[from] item: Rocky Helmet|[of] p1a: Eternatus\n|\n|-heal|p2a: Dachsbun|218/254|[from] item: Leftovers\n|upkeep\n|turn|10\n|\n|t:|1781463599\n|move|p2a: Dachsbun|Protect|p2a: Dachsbun\n|-singleturn|p2a: Dachsbun|Protect\n|move|p1a: Eternatus|Toxic Spikes|p2a: Dachsbun\n|-sidestart|p2: Acetortoise|move: Toxic Spikes\n|\n|-heal|p2a: Dachsbun|233/254|[from] item: Leftovers\n|upkeep\n|turn|11\n|\n|t:|1781463604\n|switch|p2a: Okidogi|Okidogi, L77, M|262/262\n|-sideend|p2: Acetortoise|move: Toxic Spikes|[of] p2a: Okidogi\n|move|p1a: Eternatus|Flamethrower|p2a: Okidogi\n|-damage|p2a: Okidogi|216/262\n|\n|upkeep\n|turn|12\n|-message|lkj47 forfeited.\n|\n|win|Acetortoise\n|raw|lkj47's rating: 1926 &rarr; <strong>1903</strong><br />(-23 for losing)\n|raw|Acetortoise's rating: 1875 &rarr; <strong>1898</strong><br />(+23 for winning)\n", "inputlog": ">version a8376a258c1d4662feba110a92103f3664a72141\n>start {\"formatid\":\"gen9randombattle\",\"seed\":\"sodium,ada5b0c8b21f7fa6ec4b027ede999593\",\"rated\":\"Rated battle\"}\n>player p1 {\"name\":\"lkj47\",\"avatar\":\"hilbert\",\"rating\":1926,\"seed\":\"sodium,90f3069ad05915549e3a54f203260e61\"}\n>player p2 {\"name\":\"Acetortoise\",\"avatar\":\"265\",\"rating\":1875,\"seed\":\"sodium,d6e4b87a4640977481d86f08c7a87554\"}\n>p1 switch 3\n>p2 move bodypress\n>p1 switch 2\n>p2 move stoneedge\n>p1 switch 5\n>p2 move stoneedge\n>p1 move flipturn\n>p2 switch 4\n>p1 switch 4\n>p2 move nastyplot\n>p1 move thunderbolt\n>p2 switch 4\n>p1 switch 5\n>p2 move stoneedge\n>p1 move drainpunch\n>p2 switch 6\n>p1 switch 6\n>p2 move playrough\n>p1 move toxicspikes\n>p2 move protect\n>p1 move flamethrower\n>p2 switch 3\n>forcelose p1", "uploadtime": 1781463610, "views": 4, "formatid": "gen9randombattle", "rating": 1898, "private": 0, "password": null}