{"id": "gen9randombattle-2631784791", "format": "[Gen 9] Random Battle", "players": ["nitro crate", "Crinjal"], "log": "|j|\u2606nitro crate\n|j|\u2606Crinjal\n|t:|1781439234\n|gametype|singles\n|player|p1|nitro crate|169|1987\n|player|p2|Crinjal|veteran|2036\n|gen|9\n|tier|[Gen 9] Random Battle\n|rated|\n|rule|Species Clause: Limit one of each Pok\u00e9mon\n|rule|HP Percentage Mod: HP is shown in percentages\n|rule|Sleep Clause Mod: Limit one foe put to sleep\n|rule|Illusion Level Mod: Illusion disguises the Pok\u00e9mon's true level\n|\n|t:|1781439234\n|teamsize|p1|6\n|teamsize|p2|6\n|start\n|switch|p1a: Ho-Oh|Ho-Oh, L71|219/219\n|switch|p2a: Mienshao|Mienshao, L83, M|244/244\n|turn|1\n|\n|t:|1781439246\n|move|p2a: Mienshao|Fake Out|p1a: Ho-Oh\n|-immune|p1a: Ho-Oh\n|move|p1a: Ho-Oh|Will-O-Wisp|p2a: Mienshao\n|-status|p2a: Mienshao|brn\n|\n|-damage|p2a: Mienshao|229/244 brn|[from] brn\n|upkeep\n|turn|2\n|c|\u2606Crinjal|?\n|\n|t:|1781439268\n|switch|p1a: Slither Wing|Slither Wing, L81|270/270\n|move|p2a: Mienshao|Knock Off|p1a: Slither Wing\n|-resisted|p1a: Slither Wing\n|-damage|p1a: Slither Wing|249/270\n|-enditem|p1a: Slither Wing|Heavy-Duty Boots|[from] move: Knock Off|[of] p2a: Mienshao\n|\n|-damage|p2a: Mienshao|214/244 brn|[from] brn\n|upkeep\n|turn|3\n|inactive|Battle timer is ON: inactive players will automatically lose when time's up. (requested by nitro crate)\n|inactive|Crinjal has 120 seconds left.\n|c|\u2606Crinjal|why did fake out fail\n|c|\u2606nitro crate|its a zoroark\n|c|\u2606Crinjal|nvm\n|\n|t:|1781439331\n|move|p2a: Mienshao|U-turn|p1a: Slither Wing\n|-resisted|p1a: Slither Wing\n|-damage|p1a: Slither Wing|231/270\n|c|\u2606nitro crate|the hisuian kind\n|c|\u2606Crinjal|yeah the normla ghost\n|\n|t:|1781439348\n|switch|p2a: Hawlucha|Hawlucha, L80, F|256/256|[from] U-turn\n|move|p1a: Slither Wing|U-turn|p2a: Hawlucha\n|-resisted|p2a: Hawlucha\n|-damage|p2a: Hawlucha|230/256\n|\n|t:|1781439356\n|-end|p1a: Slither Wing|Protosynthesis|[silent]\n|switch|p1a: Ho-Oh|Ho-Oh, L71|268/268|[from] U-turn\n|\n|upkeep\n|turn|4\n|\n|t:|1781439363\n|move|p2a: Hawlucha|Stone Edge|p1a: Ho-Oh|[miss]\n|-miss|p2a: Hawlucha|p1a: Ho-Oh\n|move|p1a: Ho-Oh|Brave Bird|p2a: Hawlucha\n|-supereffective|p2a: Hawlucha\n|-damage|p2a: Hawlucha|0 fnt\n|faint|p2a: Hawlucha\n|-damage|p1a: Ho-Oh|192/268|[from] Recoil\n|\n|upkeep\n|\n|t:|1781439388\n|switch|p2a: Excadrill|Excadrill, L79, M|303/303\n|-ability|p2a: Excadrill|Mold Breaker\n|turn|5\n|\n|t:|1781439393\n|move|p2a: Excadrill|Rock Slide|p1a: Ho-Oh\n|-supereffective|p1a: Ho-Oh\n|-damage|p1a: Ho-Oh|0 fnt\n|faint|p1a: Ho-Oh\n|\n|upkeep\n|\n|t:|1781439396\n|switch|p1a: Slither Wing|Slither Wing, L81|231/270\n|turn|6\n|\n|t:|1781439408\n|move|p2a: Excadrill|Iron Head|p1a: Slither Wing\n|-damage|p1a: Slither Wing|122/270\n|move|p1a: Slither Wing|Close Combat|p2a: Excadrill\n|-supereffective|p2a: Excadrill\n|-damage|p2a: Excadrill|0 fnt\n|-unboost|p1a: Slither Wing|def|1\n|-unboost|p1a: Slither Wing|spd|1\n|faint|p2a: Excadrill\n|\n|upkeep\n|\n|t:|1781439427\n|switch|p2a: Comfey|Comfey, L85, F|225/225\n|turn|7\n|\n|t:|1781439436\n|move|p2a: Comfey|Calm Mind|p2a: Comfey\n|-boost|p2a: Comfey|spa|1\n|-boost|p2a: Comfey|spd|1\n|move|p1a: Slither Wing|U-turn|p2a: Comfey\n|-resisted|p2a: Comfey\n|-damage|p2a: Comfey|184/225\n|\n|t:|1781439438\n|-end|p1a: Slither Wing|Protosynthesis|[silent]\n|switch|p1a: Gastrodon|Gastrodon, L86, F|331/331|[from] U-turn\n|\n|-heal|p2a: Comfey|198/225|[from] item: Leftovers\n|upkeep\n|turn|8\n|\n|t:|1781439449\n|-terastallize|p1a: Gastrodon|Steel\n|move|p2a: Comfey|Calm Mind|p2a: Comfey\n|-boost|p2a: Comfey|spa|1\n|-boost|p2a: Comfey|spd|1\n|move|p1a: Gastrodon|Clear Smog|p2a: Comfey\n|-supereffective|p2a: Comfey\n|-damage|p2a: Comfey|168/225\n|-clearboost|p2a: Comfey\n|\n|-heal|p2a: Comfey|182/225|[from] item: Leftovers\n|upkeep\n|turn|9\n|\n|t:|1781439464\n|switch|p2a: Mienshao|Mienshao, L83, M|244/244 brn\n|move|p1a: Gastrodon|Clear Smog|p2a: Mienshao\n|-damage|p2a: Mienshao|212/244 brn\n|-clearboost|p2a: Mienshao\n|\n|-damage|p2a: Mienshao|197/244 brn|[from] brn\n|upkeep\n|turn|10\n|\n|t:|1781439474\n|switch|p1a: Slither Wing|Slither Wing, L81|122/270\n|move|p2a: Mienshao|Knock Off|p1a: Slither Wing\n|-resisted|p1a: Slither Wing\n|-damage|p1a: Slither Wing|108/270\n|\n|-damage|p2a: Mienshao|182/244 brn|[from] brn\n|upkeep\n|turn|11\n|\n|t:|1781439480\n|move|p2a: Mienshao|Close Combat|p1a: Slither Wing\n|-resisted|p1a: Slither Wing\n|-damage|p1a: Slither Wing|63/270\n|-unboost|p2a: Mienshao|def|1\n|-unboost|p2a: Mienshao|spd|1\n|move|p1a: Slither Wing|Morning Sun|p1a: Slither Wing\n|-heal|p1a: Slither Wing|198/270\n|\n|-damage|p2a: Mienshao|167/244 brn|[from] brn\n|upkeep\n|turn|12\n|\n|t:|1781439489\n|switch|p2a: Corviknight|Corviknight, L80, F|288/288\n|move|p1a: Slither Wing|U-turn|p2a: Corviknight\n|-resisted|p2a: Corviknight\n|-damage|p2a: Corviknight|269/288\n|\n|t:|1781439497\n|-end|p1a: Slither Wing|Protosynthesis|[silent]\n|switch|p1a: Cyclizar|Cyclizar, L83, M|219/219|[from] U-turn\n|\n|-heal|p2a: Corviknight|287/288|[from] item: Leftovers\n|upkeep\n|turn|13\n|\n|t:|1781439505\n|move|p1a: Cyclizar|Will-O-Wisp|p2a: Corviknight|[miss]\n|-miss|p1a: Cyclizar|p2a: Corviknight\n|move|p2a: Corviknight|Body Press|p1a: Cyclizar\n|-immune|p1a: Cyclizar\n|\n|-heal|p2a: Corviknight|288/288|[from] item: Leftovers\n|upkeep\n|turn|14\n|\n|t:|1781439512\n|switch|p2a: Comfey|Comfey, L85, F|182/225\n|move|p1a: Cyclizar|Poltergeist|p2a: Comfey|[miss]\n|-miss|p1a: Cyclizar|p2a: Comfey\n|\n|-heal|p2a: Comfey|196/225|[from] item: Leftovers\n|upkeep\n|turn|15\n|\n|t:|1781439522\n|switch|p2a: Gumshoos|Gumshoos, L95, M|321/321\n|move|p1a: Cyclizar|Poltergeist|p2a: Gumshoos\n|-immune|p2a: Gumshoos\n|\n|upkeep\n|turn|16\n|\n|t:|1781439530\n|switch|p1a: Slither Wing|Slither Wing, L81|198/270\n|switch|p2a: Comfey|Comfey, L85, F|196/225\n|\n|-heal|p2a: Comfey|210/225|[from] item: Leftovers\n|upkeep\n|turn|17\n|\n|t:|1781439537\n|move|p2a: Comfey|Calm Mind|p2a: Comfey\n|-boost|p2a: Comfey|spa|1\n|-boost|p2a: Comfey|spd|1\n|move|p1a: Slither Wing|U-turn|p2a: Comfey\n|-resisted|p2a: Comfey\n|-damage|p2a: Comfey|165/225\n|\n|t:|1781439542\n|-end|p1a: Slither Wing|Protosynthesis|[silent]\n|switch|p1a: Gastrodon|Gastrodon, L86, F, tera:Steel|331/331|[from] U-turn\n|\n|-heal|p2a: Comfey|179/225|[from] item: Leftovers\n|upkeep\n|turn|18\n|\n|t:|1781439550\n|switch|p2a: Gumshoos|Gumshoos, L95, M|321/321\n|move|p1a: Gastrodon|Clear Smog|p2a: Gumshoos\n|-damage|p2a: Gumshoos|282/321\n|-clearboost|p2a: Gumshoos\n|\n|upkeep\n|turn|19\n|\n|t:|1781439559\n|move|p2a: Gumshoos|Earthquake|p1a: Gastrodon\n|-supereffective|p1a: Gastrodon\n|-damage|p1a: Gastrodon|7/331\n|move|p1a: Gastrodon|Recover|p1a: Gastrodon\n|-heal|p1a: Gastrodon|173/331\n|\n|-heal|p1a: Gastrodon|193/331|[from] item: Leftovers\n|upkeep\n|turn|20\n|\n|t:|1781439566\n|switch|p1a: Slither Wing|Slither Wing, L81|198/270\n|move|p2a: Gumshoos|Earthquake|p1a: Slither Wing\n|-resisted|p1a: Slither Wing\n|-damage|p1a: Slither Wing|36/270\n|\n|upkeep\n|turn|21\n|\n|t:|1781439574\n|-end|p1a: Slither Wing|Protosynthesis|[silent]\n|switch|p1a: Cyclizar|Cyclizar, L83, M|219/219\n|switch|p2a: Comfey|Comfey, L85, F|179/225\n|\n|-heal|p2a: Comfey|193/225|[from] item: Leftovers\n|upkeep\n|turn|22\n|\n|t:|1781439579\n|move|p2a: Comfey|Draining Kiss|p1a: Cyclizar\n|-damage|p1a: Cyclizar|147/219\n|-heal|p2a: Comfey|225/225|[from] drain|[of] p1a: Cyclizar\n|replace|p1a: Zoroark|Zoroark-Hisui, L80, M\n|-end|p1a: Zoroark|Illusion\n|-hint|Illusion Level Mod is active, so this Pok\u00e9mon's true level was hidden.\n|move|p1a: Zoroark|Hyper Voice|p2a: Comfey\n|-damage|p2a: Comfey|115/225\n|-damage|p1a: Zoroark|126/219|[from] item: Life Orb\n|\n|-heal|p2a: Comfey|129/225|[from] item: Leftovers\n|upkeep\n|turn|23\n|\n|t:|1781439592\n|move|p2a: Comfey|Draining Kiss|p1a: Zoroark\n|-damage|p1a: Zoroark|54/219\n|-heal|p2a: Comfey|183/225|[from] drain|[of] p1a: Zoroark\n|move|p1a: Zoroark|Poltergeist|p2a: Comfey\n|-activate|p2a: Comfey|move: Poltergeist|Leftovers\n|-damage|p2a: Comfey|34/225\n|-damage|p1a: Zoroark|33/219|[from] item: Life Orb\n|\n|-heal|p2a: Comfey|48/225|[from] item: Leftovers\n|upkeep\n|turn|24\n|\n|t:|1781439602\n|switch|p1a: Gastrodon|Gastrodon, L86, F, tera:Steel|193/331\n|move|p2a: Comfey|Draining Kiss|p1a: Gastrodon\n|-resisted|p1a: Gastrodon\n|-damage|p1a: Gastrodon|169/331\n|-heal|p2a: Comfey|66/225|[from] drain|[of] p1a: Gastrodon\n|\n|-heal|p2a: Comfey|80/225|[from] item: Leftovers\n|-heal|p1a: Gastrodon|189/331|[from] item: Leftovers\n|upkeep\n|turn|25\n|\n|t:|1781439608\n|switch|p2a: Gumshoos|Gumshoos, L95, M|282/321\n|switch|p1a: Cyclizar|Cyclizar, L83, M|33/219\n|\n|upkeep\n|turn|26\n|\n|t:|1781439615\n|switch|p2a: Mienshao|Mienshao, L83, M|244/244 brn\n|move|p1a: Cyclizar|Focus Blast|p2a: Mienshao|[miss]\n|-miss|p1a: Cyclizar|p2a: Mienshao\n|\n|-damage|p2a: Mienshao|229/244 brn|[from] brn\n|upkeep\n|turn|27\n|\n|t:|1781439622\n|move|p2a: Mienshao|Fake Out|p1a: Cyclizar\n|-immune|p1a: Cyclizar\n|move|p1a: Cyclizar|Hyper Voice|p2a: Mienshao\n|-damage|p2a: Mienshao|103/244 brn\n|-damage|p1a: Cyclizar|12/219|[from] item: Life Orb\n|\n|-damage|p2a: Mienshao|88/244 brn|[from] brn\n|upkeep\n|turn|28\n|\n|t:|1781439636\n|switch|p1a: Cyclizar|Cyclizar, L83, M|252/252\n|switch|p2a: Corviknight|Corviknight, L80, F|288/288\n|\n|upkeep\n|turn|29\n|\n|t:|1781439642\n|move|p1a: Cyclizar|Shed Tail|p1a: Cyclizar\n|-start|p1a: Cyclizar|Substitute|[from] move: Shed Tail\n|-damage|p1a: Cyclizar|126/252\n|\n|t:|1781439650\n|switch|p1a: Annihilape|Annihilape, L76, M|292/292|[from] Shed Tail\n|move|p2a: Corviknight|Body Press|p1a: Annihilape\n|-immune|p1a: Annihilape\n|\n|upkeep\n|turn|30\n|\n|t:|1781439656\n|move|p1a: Annihilape|Bulk Up|p1a: Annihilape\n|-boost|p1a: Annihilape|atk|1\n|-boost|p1a: Annihilape|def|1\n|move|p2a: Corviknight|Brave Bird|p1a: Annihilape\n|-supereffective|p1a: Annihilape\n|-end|p1a: Annihilape|Substitute\n|-damage|p2a: Corviknight|267/288|[from] Recoil|[of] p1a: Annihilape\n|\n|-heal|p2a: Corviknight|285/288|[from] item: Leftovers\n|upkeep\n|turn|31\n|\n|t:|1781439664\n|move|p1a: Annihilape|Bulk Up|p1a: Annihilape\n|-boost|p1a: Annihilape|atk|1\n|-boost|p1a: Annihilape|def|1\n|move|p2a: Corviknight|Brave Bird|p1a: Annihilape\n|-supereffective|p1a: Annihilape\n|-damage|p1a: Annihilape|164/292\n|-damage|p2a: Corviknight|243/288|[from] Recoil\n|\n|-heal|p2a: Corviknight|261/288|[from] item: Leftovers\n|upkeep\n|turn|32\n|\n|t:|1781439670\n|move|p1a: Annihilape|Bulk Up|p1a: Annihilape\n|-boost|p1a: Annihilape|atk|1\n|-boost|p1a: Annihilape|def|1\n|move|p2a: Corviknight|Brave Bird|p1a: Annihilape\n|-supereffective|p1a: Annihilape\n|-damage|p1a: Annihilape|50/292\n|-damage|p2a: Corviknight|223/288|[from] Recoil\n|\n|-heal|p2a: Corviknight|241/288|[from] item: Leftovers\n|upkeep\n|turn|33\n|\n|t:|1781439676\n|move|p1a: Annihilape|Rest|p1a: Annihilape\n|-status|p1a: Annihilape|slp|[from] move: Rest\n|-heal|p1a: Annihilape|292/292 slp|[silent]\n|-enditem|p1a: Annihilape|Chesto Berry|[eat]\n|-curestatus|p1a: Annihilape|slp|[msg]\n|move|p2a: Corviknight|Brave Bird|p1a: Annihilape\n|-supereffective|p1a: Annihilape\n|-damage|p1a: Annihilape|188/292\n|-damage|p2a: Corviknight|207/288|[from] Recoil\n|\n|-heal|p2a: Corviknight|225/288|[from] item: Leftovers\n|upkeep\n|turn|34\n|\n|t:|1781439688\n|move|p1a: Annihilape|Drain Punch|p2a: Corviknight\n|-damage|p2a: Corviknight|39/288\n|-heal|p1a: Annihilape|281/292|[from] drain|[of] p2a: Corviknight\n|move|p2a: Corviknight|Brave Bird|p1a: Annihilape\n|-supereffective|p1a: Annihilape\n|-damage|p1a: Annihilape|179/292\n|-damage|p2a: Corviknight|5/288|[from] Recoil\n|\n|-heal|p2a: Corviknight|23/288|[from] item: Leftovers\n|upkeep\n|turn|35\n|\n|t:|1781439693\n|move|p1a: Annihilape|Drain Punch|p2a: Corviknight\n|-damage|p2a: Corviknight|0 fnt\n|-heal|p1a: Annihilape|191/292|[from] drain|[of] p2a: Corviknight\n|faint|p2a: Corviknight\n|\n|upkeep\n|\n|t:|1781439696\n|switch|p2a: Comfey|Comfey, L85, F|80/225\n|turn|36\n|\n|t:|1781439706\n|-terastallize|p2a: Comfey|Fairy\n|move|p2a: Comfey|Draining Kiss|p1a: Annihilape\n|-supereffective|p1a: Annihilape\n|-damage|p1a: Annihilape|23/292\n|-heal|p2a: Comfey|206/225|[from] drain|[of] p1a: Annihilape\n|move|p1a: Annihilape|Rage Fist|p2a: Comfey\n|-damage|p2a: Comfey|0 fnt\n|faint|p2a: Comfey\n|\n|upkeep\n|\n|t:|1781439712\n|switch|p2a: Mienshao|Mienshao, L83, M|169/244 brn\n|turn|37\n|\n|t:|1781439719\n|move|p2a: Mienshao|Knock Off|p1a: Annihilape\n|-damage|p1a: Annihilape|9/292\n|move|p1a: Annihilape|Drain Punch|p2a: Mienshao\n|-damage|p2a: Mienshao|0 fnt\n|-heal|p1a: Annihilape|94/292|[from] drain|[of] p2a: Mienshao\n|faint|p2a: Mienshao\n|\n|upkeep\n|\n|t:|1781439725\n|switch|p2a: Gumshoos|Gumshoos, L95, M|282/321\n|turn|38\n|\n|t:|1781439731\n|move|p1a: Annihilape|Drain Punch|p2a: Gumshoos\n|-supereffective|p2a: Gumshoos\n|-damage|p2a: Gumshoos|0 fnt\n|-heal|p1a: Annihilape|235/292|[from] drain|[of] p2a: Gumshoos\n|faint|p2a: Gumshoos\n|\n|win|nitro crate\n", "inputlog": ">version a8376a258c1d4662feba110a92103f3664a72141\n>start {\"formatid\":\"gen9randombattle\",\"seed\":\"sodium,91b9ab41483ecb30177985e14433ec82\",\"rated\":\"Rated battle\"}\n>player p1 {\"name\":\"nitro crate\",\"avatar\":\"169\",\"rating\":1987,\"seed\":\"sodium,263e29fe1e838ff92fd905b09554b38c\"}\n>player p2 {\"name\":\"Crinjal\",\"avatar\":\"veteran\",\"rating\":2036,\"seed\":\"sodium,a40f01f1dd4c3c5ca53ff27ef2a63bcf\"}\n>p1 move willowisp\n>p2 move fakeout\n>chat \u2606Crinjal|?\n>p1 switch 4\n>p2 move knockoff\n>chat \u2606Crinjal|why did fake out fail\n>chat \u2606nitro crate|its a zoroark\n>chat \u2606Crinjal|nvm\n>p1 move uturn\n>p2 move uturn\n>chat \u2606nitro crate|the hisuian kind\n>chat \u2606Crinjal|yeah the normla ghost\n>p2 switch 2\n>p1 switch 6\n>p1 move bravebird\n>p2 move stoneedge\n>p2 switch 5\n>p1 move sacredfire\n>p2 move rockslide\n>p1 switch 6\n>p1 move closecombat\n>p2 move ironhead\n>p2 switch 4\n>p1 move uturn\n>p2 move calmmind\n>p1 switch 2\n>p1 move clearsmog terastallize\n>p2 move calmmind\n>p1 move clearsmog\n>p2 switch 2\n>p1 switch 2\n>p2 move knockoff\n>p1 move morningsun\n>p2 move closecombat\n>p1 move uturn\n>p2 switch 6\n>p1 switch 4\n>p1 move willowisp\n>p2 move bodypress\n>p1 move poltergeist\n>p2 switch 2\n>p1 move poltergeist\n>p2 switch 3\n>p1 switch 4\n>p2 switch 3\n>p1 move uturn\n>p2 move calmmind\n>p1 switch 2\n>p1 move clearsmog\n>p2 switch 3\n>p1 move recover\n>p2 move earthquake\n>p1 switch 2\n>p2 move earthquake\n>p1 switch 4\n>p2 switch 3\n>p1 move hypervoice\n>p2 move drainingkiss\n>p1 move poltergeist\n>p2 move drainingkiss\n>p1 switch 2\n>p2 move drainingkiss\n>p1 switch 2\n>p2 switch 3\n>p1 move focusblast\n>p2 switch 6\n>p1 move hypervoice\n>p2 move fakeout\n>p1 switch 5\n>p2 switch 2\n>p1 move shedtail\n>p2 move bodypress\n>p1 switch 3\n>p1 move bulkup\n>p2 move bravebird\n>p1 move bulkup\n>p2 move bravebird\n>p1 move bulkup\n>p2 move bravebird\n>p1 move rest\n>p2 move bravebird\n>p1 move drainpunch\n>p2 move bravebird\n>p1 move drainpunch\n>p2 move bravebird\n>p2 switch 3\n>p1 move ragefist\n>p2 move drainingkiss terastallize\n>p2 switch 2\n>p1 move drainpunch\n>p2 move knockoff\n>p2 switch 6\n>p1 move drainpunch\n>p2 move doubleedge", "uploadtime": 1781439236, "views": 5, "formatid": "gen9randombattle", "rating": null, "private": 0, "password": null}