{"id": "gen9randombattle-2631771095", "format": "[Gen 9] Random Battle", "players": ["Beverage49", "tina2turnt"], "log": "|j|\u2606Beverage49\n|j|\u2606tina2turnt\n|t:|1781437079\n|gametype|singles\n|player|p1|Beverage49|101|1460\n|player|p2|tina2turnt|bellelba|1462\n|gen|9\n|tier|[Gen 9] Random Battle\n|rated|\n|rule|Species Clause: Limit one of each Pok\u00e9mon\n|rule|HP Percentage Mod: HP is shown in percentages\n|rule|Sleep Clause Mod: Limit one foe put to sleep\n|rule|Illusion Level Mod: Illusion disguises the Pok\u00e9mon's true level\n|\n|t:|1781437079\n|teamsize|p1|6\n|teamsize|p2|6\n|start\n|switch|p1a: Charizard|Charizard, L85, M|271/271\n|switch|p2a: Quagsire|Quagsire, L84, M|297/297\n|turn|1\n|\n|t:|1781437109\n|switch|p1a: Probopass|Probopass, L91, M|257/257\n|move|p2a: Quagsire|Toxic|p1a: Probopass\n|-immune|p1a: Probopass\n|\n|upkeep\n|turn|2\n|\n|t:|1781437115\n|switch|p1a: Arboliva|Arboliva, L91, F|288/288\n|move|p2a: Quagsire|Earthquake|p1a: Arboliva\n|-resisted|p1a: Arboliva\n|-damage|p1a: Arboliva|248/288\n|\n|upkeep\n|turn|3\n|\n|t:|1781437126\n|move|p1a: Arboliva|Substitute|p1a: Arboliva\n|-start|p1a: Arboliva|Substitute\n|-damage|p1a: Arboliva|176/288\n|move|p2a: Quagsire|Toxic||[still]\n|-fail|p2a: Quagsire\n|\n|upkeep\n|turn|4\n|\n|t:|1781437133\n|move|p1a: Arboliva|Leech Seed|p2a: Quagsire\n|-start|p2a: Quagsire|move: Leech Seed\n|move|p2a: Quagsire|Ice Beam|p1a: Arboliva\n|-supereffective|p1a: Arboliva\n|-end|p1a: Arboliva|Substitute\n|\n|-damage|p2a: Quagsire|260/297|[from] Leech Seed|[of] p1a: Arboliva\n|-heal|p1a: Arboliva|213/288|[silent]\n|upkeep\n|turn|5\n|\n|t:|1781437142\n|move|p1a: Arboliva|Substitute|p1a: Arboliva\n|-start|p1a: Arboliva|Substitute\n|-damage|p1a: Arboliva|141/288\n|-enditem|p1a: Arboliva|Sitrus Berry|[eat]\n|-heal|p1a: Arboliva|213/288|[from] item: Sitrus Berry\n|move|p2a: Quagsire|Ice Beam|p1a: Arboliva\n|-supereffective|p1a: Arboliva\n|-activate|p1a: Arboliva|move: Substitute|[damage]\n|\n|-heal|p2a: Quagsire|278/297|[from] item: Leftovers\n|-damage|p2a: Quagsire|241/297|[from] Leech Seed|[of] p1a: Arboliva\n|-heal|p1a: Arboliva|250/288|[silent]\n|-item|p1a: Arboliva|Sitrus Berry|[from] ability: Harvest\n|upkeep\n|turn|6\n|\n|t:|1781437159\n|switch|p2a: Salazzle|Salazzle, L83, F|249/249\n|move|p1a: Arboliva|Hyper Voice|p2a: Salazzle\n|-crit|p2a: Salazzle\n|-damage|p2a: Salazzle|0 fnt\n|faint|p2a: Salazzle\n|\n|upkeep\n|-message|tina2turnt forfeited.\n|\n|win|Beverage49\n|raw|Beverage49's rating: 1460 &rarr; <strong>1480</strong><br />(+20 for winning)\n|raw|tina2turnt's rating: 1462 &rarr; <strong>1442</strong><br />(-20 for losing)\n|l|\u2606tina2turnt\n|player|p2|\n", "uploadtime": 1781437172, "views": 13, "formatid": "gen9randombattle", "rating": 1442, "private": 0, "password": null}