{"id": "gen9randombattle-2631451260", "format": "[Gen 9] Random Battle", "players": ["mushcow", "Caradecoso"], "log": "|j|\u2606mushcow\n|j|\u2606Caradecoso\n|t:|1781386273\n|gametype|singles\n|player|p1|mushcow|petrel|1299\n|player|p2|Caradecoso|cameraman|1307\n|gen|9\n|tier|[Gen 9] Random Battle\n|rated|\n|rule|Species Clause: Limit one of each Pok\u00e9mon\n|rule|HP Percentage Mod: HP is shown in percentages\n|rule|Sleep Clause Mod: Limit one foe put to sleep\n|rule|Illusion Level Mod: Illusion disguises the Pok\u00e9mon's true level\n|\n|t:|1781386273\n|teamsize|p1|6\n|teamsize|p2|6\n|start\n|switch|p1a: Froslass|Froslass, L87, F|263/263\n|switch|p2a: Latios|Latios, L78, M|253/253\n|turn|1\n|\n|t:|1781386284\n|switch|p2a: Suicune|Suicune, L82|298/298\n|-ability|p2a: Suicune|Pressure\n|move|p1a: Froslass|Taunt|p2a: Suicune\n|-start|p2a: Suicune|move: Taunt\n|\n|upkeep\n|turn|2\n|\n|t:|1781386296\n|switch|p1a: Shaymin|Shaymin-Sky, L73|266/266\n|move|p2a: Suicune|Scald|p1a: Shaymin\n|-resisted|p1a: Shaymin\n|-damage|p1a: Shaymin|213/266\n|\n|-heal|p1a: Shaymin|229/266|[from] item: Leftovers\n|upkeep\n|turn|3\n|\n|t:|1781386309\n|switch|p2a: Umbreon|Umbreon, L84, F|297/297\n|move|p1a: Shaymin|Seed Flare|p2a: Umbreon\n|-damage|p2a: Umbreon|219/297\n|-unboost|p2a: Umbreon|spd|2\n|\n|-heal|p1a: Shaymin|245/266|[from] item: Leftovers\n|-heal|p2a: Umbreon|237/297|[from] item: Leftovers\n|upkeep\n|turn|4\n|\n|t:|1781386317\n|move|p1a: Shaymin|Air Slash|p2a: Umbreon\n|-damage|p2a: Umbreon|120/297\n|cant|p2a: Umbreon|flinch\n|\n|-heal|p1a: Shaymin|261/266|[from] item: Leftovers\n|-heal|p2a: Umbreon|138/297|[from] item: Leftovers\n|upkeep\n|turn|5\n|\n|t:|1781386328\n|move|p2a: Umbreon|Protect|p2a: Umbreon\n|-singleturn|p2a: Umbreon|Protect\n|move|p1a: Shaymin|Air Slash|p2a: Umbreon\n|-activate|p2a: Umbreon|move: Protect\n|\n|-heal|p1a: Shaymin|266/266|[from] item: Leftovers\n|-heal|p2a: Umbreon|156/297|[from] item: Leftovers\n|upkeep\n|turn|6\n|\n|t:|1781386332\n|move|p1a: Shaymin|Air Slash|p2a: Umbreon\n|-damage|p2a: Umbreon|54/297\n|cant|p2a: Umbreon|flinch\n|\n|-heal|p2a: Umbreon|72/297|[from] item: Leftovers\n|upkeep\n|turn|7\n|\n|t:|1781386342\n|switch|p2a: Hypno|Hypno, L95, M|315/315\n|move|p1a: Shaymin|Air Slash|p2a: Hypno\n|-damage|p2a: Hypno|258/315\n|\n|-heal|p2a: Hypno|277/315|[from] item: Leftovers\n|upkeep\n|turn|8\n|\n|t:|1781386357\n|switch|p1a: Froslass|Froslass, L87, F|263/263\n|move|p2a: Hypno|Thunder Wave|p1a: Froslass\n|-status|p1a: Froslass|par\n|\n|-heal|p2a: Hypno|296/315|[from] item: Leftovers\n|upkeep\n|turn|9\n|\n|t:|1781386362\n|move|p2a: Hypno|Knock Off|p1a: Froslass\n|-supereffective|p1a: Froslass\n|-damage|p1a: Froslass|99/263 par\n|-enditem|p1a: Froslass|Wide Lens|[from] move: Knock Off|[of] p2a: Hypno\n|move|p1a: Froslass|Triple Axel|p2a: Hypno\n|-damage|p2a: Hypno|275/315\n|-damage|p2a: Hypno|235/315\n|-damage|p2a: Hypno|171/315\n|-hitcount|p2a: Hypno|3\n|\n|-heal|p2a: Hypno|190/315|[from] item: Leftovers\n|upkeep\n|turn|10\n|\n|t:|1781386369\n|move|p2a: Hypno|Knock Off|p1a: Froslass\n|-supereffective|p1a: Froslass\n|-damage|p1a: Froslass|0 fnt\n|faint|p1a: Froslass\n|\n|-heal|p2a: Hypno|209/315|[from] item: Leftovers\n|upkeep\n|\n|t:|1781386377\n|switch|p1a: Barraskewda|Barraskewda, L81, F|231/231\n|turn|11\n|\n|t:|1781386389\n|move|p1a: Barraskewda|Throat Chop|p2a: Hypno\n|-supereffective|p2a: Hypno\n|-damage|p2a: Hypno|0 fnt\n|faint|p2a: Hypno\n|\n|upkeep\n|\n|t:|1781386392\n|switch|p2a: Clodsire|Clodsire, L81, F|343/343\n|turn|12\n|\n|t:|1781386396\n|switch|p1a: Shaymin|Shaymin-Sky, L73|266/266\n|move|p2a: Clodsire|Earthquake|p1a: Shaymin\n|-immune|p1a: Shaymin\n|\n|upkeep\n|turn|13\n|\n|t:|1781386411\n|switch|p1a: Swalot|Swalot, L90, F|326/326\n|move|p2a: Clodsire|Gunk Shot|p1a: Swalot\n|-resisted|p1a: Swalot\n|-damage|p1a: Swalot|281/326\n|\n|-heal|p1a: Swalot|301/326|[from] item: Leftovers\n|upkeep\n|turn|14\n|\n|t:|1781386414\n|move|p1a: Swalot|Earthquake|p2a: Clodsire\n|-supereffective|p2a: Clodsire\n|-damage|p2a: Clodsire|175/343\n|move|p2a: Clodsire|Spikes|p1a: Swalot\n|-sidestart|p1: mushcow|Spikes\n|\n|-heal|p1a: Swalot|321/326|[from] item: Leftovers\n|-heal|p2a: Clodsire|196/343|[from] item: Leftovers\n|upkeep\n|turn|15\n|\n|t:|1781386419\n|switch|p2a: Latios|Latios, L78, M|253/253\n|move|p1a: Swalot|Earthquake|p2a: Latios\n|-immune|p2a: Latios|[from] ability: Levitate\n|\n|-heal|p1a: Swalot|326/326|[from] item: Leftovers\n|upkeep\n|turn|16\n|\n|t:|1781386430\n|switch|p1a: Espathra|Espathra, L80, M|283/283\n|-damage|p1a: Espathra|248/283|[from] Spikes\n|move|p2a: Latios|Luster Purge|p1a: Espathra\n|-resisted|p1a: Espathra\n|-damage|p1a: Espathra|154/283\n|-unboost|p1a: Espathra|spd|1\n|\n|-heal|p1a: Espathra|171/283|[from] item: Leftovers\n|upkeep\n|turn|17\n|\n|t:|1781386440\n|move|p2a: Latios|Draco Meteor|p1a: Espathra\n|-damage|p1a: Espathra|0 fnt\n|-unboost|p2a: Latios|spa|2\n|faint|p1a: Espathra\n|\n|upkeep\n|\n|t:|1781386453\n|switch|p1a: Iron Valiant|Iron Valiant, L78|244/244\n|-damage|p1a: Iron Valiant|214/244|[from] Spikes\n|turn|18\n|\n|t:|1781386458\n|switch|p2a: Umbreon|Umbreon, L84, F|72/297\n|move|p1a: Iron Valiant|Moonblast|p2a: Umbreon\n|-supereffective|p2a: Umbreon\n|-damage|p2a: Umbreon|0 fnt\n|faint|p2a: Umbreon\n|-damage|p1a: Iron Valiant|190/244|[from] item: Life Orb\n|\n|upkeep\n|\n|t:|1781386461\n|switch|p2a: Latios|Latios, L78, M|253/253\n|turn|19\n|\n|t:|1781386466\n|-terastallize|p2a: Latios|Steel\n|move|p1a: Iron Valiant|Moonblast|p2a: Latios\n|-resisted|p2a: Latios\n|-damage|p2a: Latios|189/253\n|-unboost|p2a: Latios|spa|1\n|-damage|p1a: Iron Valiant|166/244|[from] item: Life Orb\n|move|p2a: Latios|Luster Purge|p1a: Iron Valiant\n|-supereffective|p1a: Iron Valiant\n|-damage|p1a: Iron Valiant|0 fnt\n|faint|p1a: Iron Valiant\n|-end|p1a: Iron Valiant|Quark Drive|[silent]\n|\n|upkeep\n|\n|t:|1781386472\n|switch|p1a: Swalot|Swalot, L90, F|326/326\n|-damage|p1a: Swalot|286/326|[from] Spikes\n|turn|20\n|\n|t:|1781386475\n|move|p2a: Latios|Luster Purge|p1a: Swalot\n|-supereffective|p1a: Swalot\n|-crit|p1a: Swalot\n|-damage|p1a: Swalot|0 fnt\n|faint|p1a: Swalot\n|\n|upkeep\n|-message|mushcow forfeited.\n|\n|win|Caradecoso\n|raw|mushcow's rating: 1299 &rarr; <strong>1275</strong><br />(-24 for losing)\n|raw|Caradecoso's rating: 1307 &rarr; <strong>1327</strong><br />(+20 for winning)\n|l|\u2606mushcow\n|player|p1|\n", "inputlog": ">version a8376a258c1d4662feba110a92103f3664a72141\n>start {\"formatid\":\"gen9randombattle\",\"seed\":\"sodium,56c84ea502b01b292c1598ef414ee8af\",\"rated\":\"Rated battle\"}\n>player p1 {\"name\":\"mushcow\",\"avatar\":\"petrel\",\"rating\":1299,\"seed\":\"sodium,65dfef8ae4f9d9240f743a601f14550f\"}\n>player p2 {\"name\":\"Caradecoso\",\"avatar\":\"cameraman\",\"rating\":1307,\"seed\":\"sodium,ca0727d6e3c417c8172519858a0e753b\"}\n>p1 move taunt\n>p2 switch 5\n>p1 switch 3\n>p2 move scald\n>p1 move seedflare\n>p2 switch 4\n>p1 move airslash\n>p2 move toxic\n>p1 move airslash\n>p2 move protect\n>p1 move airslash\n>p2 move toxic\n>p1 move airslash\n>p2 switch 2\n>p1 switch 3\n>p2 move thunderwave\n>p1 move tripleaxel\n>p2 move knockoff\n>p1 move poltergeist\n>p2 move knockoff\n>p1 switch 4\n>p1 move throatchop\n>p2 move thunderwave\n>p2 switch 3\n>p1 switch 3\n>p2 move earthquake\n>p1 switch 2\n>p2 move gunkshot\n>p1 move earthquake\n>p2 move spikes\n>p1 move earthquake\n>p2 switch 5\n>p1 switch 5\n>p2 move lusterpurge\n>p1 move substitute\n>p2 move dracometeor\n>p1 switch 6\n>p1 move moonblast\n>p2 switch 2\n>p2 switch 2\n>p1 move moonblast\n>p2 move lusterpurge terastallize\n>p1 switch 5\n>p1 move earthquake\n>p2 move lusterpurge\n>forcelose p1", "uploadtime": 1781386483, "views": 5, "formatid": "gen9randombattle", "rating": 1275, "private": 0, "password": null}