{"id": "gen9randombattle-2631631787", "format": "[Gen 9] Random Battle", "players": ["FaultierChunk", "Ze Memerr"], "log": "|j|\u2606FaultierChunk\n|j|\u2606Ze Memerr\n|t:|1781411822\n|gametype|singles\n|player|p1|FaultierChunk|benga|1953\n|player|p2|Ze Memerr|2|1983\n|gen|9\n|tier|[Gen 9] Random Battle\n|rated|\n|rule|Species Clause: Limit one of each Pok\u00e9mon\n|rule|HP Percentage Mod: HP is shown in percentages\n|rule|Sleep Clause Mod: Limit one foe put to sleep\n|rule|Illusion Level Mod: Illusion disguises the Pok\u00e9mon's true level\n|\n|t:|1781411822\n|teamsize|p1|6\n|teamsize|p2|6\n|start\n|switch|p1a: Flygon|Flygon, L82, M|265/265\n|switch|p2a: Crawdaunt|Crawdaunt, L84, F|243/243\n|turn|1\n|inactive|Battle timer is ON: inactive players will automatically lose when time's up. (requested by FaultierChunk)\n|\n|t:|1781411838\n|switch|p2a: Squawkabilly|Squawkabilly-Yellow, L89, M|291/291\n|move|p1a: Flygon|U-turn|p2a: Squawkabilly\n|-resisted|p2a: Squawkabilly\n|-damage|p2a: Squawkabilly|242/291\n|\n|t:|1781411845\n|switch|p1a: Pikachu|Pikachu-Partner, L93, M|216/216|[from] U-turn\n|\n|upkeep\n|turn|2\n|\n|t:|1781411853\n|switch|p2a: Duraludon|Duraludon, L82, M|249/249\n|move|p1a: Pikachu|Volt Switch|p2a: Duraludon\n|-resisted|p2a: Duraludon\n|-damage|p2a: Duraludon|189/249\n|j| ganonion\n|\n|t:|1781411859\n|switch|p1a: Flygon|Flygon, L82, M|265/265|[from] Volt Switch\n|\n|upkeep\n|turn|3\n|\n|t:|1781411868\n|switch|p2a: Squawkabilly|Squawkabilly-Yellow, L89, M|242/291\n|move|p1a: Flygon|Earthquake|p2a: Squawkabilly\n|-immune|p2a: Squawkabilly\n|\n|upkeep\n|turn|4\n|\n|t:|1781411879\n|switch|p1a: Cramorant|Cramorant, L86, M|261/261\n|move|p2a: Squawkabilly|Double-Edge|p1a: Cramorant\n|-damage|p1a: Cramorant|0 fnt\n|faint|p1a: Cramorant\n|-damage|p2a: Squawkabilly|156/291|[from] Recoil\n|\n|upkeep\n|\n|t:|1781411891\n|switch|p1a: Pikachu|Pikachu-Partner, L93, M|216/216\n|turn|5\n|l| ganonion\n|\n|t:|1781411911\n|move|p2a: Squawkabilly|Quick Attack|p1a: Pikachu\n|-damage|p1a: Pikachu|98/216\n|move|p1a: Pikachu|Knock Off|p2a: Squawkabilly\n|-damage|p2a: Squawkabilly|0 fnt\n|-enditem|p2a: Squawkabilly|Heavy-Duty Boots|[from] move: Knock Off|[of] p1a: Pikachu\n|faint|p2a: Squawkabilly\n|\n|upkeep\n|\n|t:|1781411925\n|switch|p2a: Regieleki|Regieleki, L79|256/256\n|turn|6\n|\n|t:|1781411932\n|move|p2a: Regieleki|Tera Blast|p1a: Pikachu\n|-damage|p1a: Pikachu|28/216\n|move|p1a: Pikachu|Volt Switch|p2a: Regieleki\n|-resisted|p2a: Regieleki\n|-damage|p2a: Regieleki|175/256\n|\n|t:|1781411938\n|switch|p1a: Flygon|Flygon, L82, M|265/265|[from] Volt Switch\n|\n|upkeep\n|turn|7\n|\n|t:|1781411943\n|-terastallize|p2a: Regieleki|Ice\n|move|p2a: Regieleki|Tera Blast|p1a: Flygon|[anim] Tera Blast Ice\n|-supereffective|p1a: Flygon\n|-damage|p1a: Flygon|0 fnt\n|faint|p1a: Flygon\n|\n|upkeep\n|\n|t:|1781411948\n|switch|p1a: Glalie|Glalie, L96, F|309/309\n|turn|8\n|\n|t:|1781411954\n|switch|p2a: Cyclizar|Cyclizar, L83, M|252/252\n|move|p1a: Glalie|Earthquake|p2a: Cyclizar\n|-damage|p2a: Cyclizar|148/252\n|\n|upkeep\n|turn|9\n|\n|t:|1781411967\n|switch|p2a: Pelipper|Pelipper, L86, F|243/243\n|-weather|RainDance|[from] ability: Drizzle|[of] p2a: Pelipper\n|move|p1a: Glalie|Freeze-Dry|p2a: Pelipper\n|-supereffective|p2a: Pelipper\n|-damage|p2a: Pelipper|0 fnt\n|faint|p2a: Pelipper\n|\n|-weather|RainDance|[upkeep]\n|upkeep\n|\n|t:|1781411981\n|switch|p2a: Duraludon|Duraludon, L82, M|189/249\n|turn|10\n|\n|t:|1781411986\n|switch|p1a: Grimmsnarl|Grimmsnarl, L83, M|293/293\n|move|p2a: Duraludon|Body Press|p1a: Grimmsnarl\n|-damage|p1a: Grimmsnarl|218/293\n|\n|-weather|RainDance|[upkeep]\n|upkeep\n|turn|11\n|\n|t:|1781411990\n|move|p1a: Grimmsnarl|Light Screen|p1a: Grimmsnarl\n|-sidestart|p1: FaultierChunk|move: Light Screen\n|move|p2a: Duraludon|Flash Cannon|p1a: Grimmsnarl\n|-supereffective|p1a: Grimmsnarl\n|-damage|p1a: Grimmsnarl|106/293\n|\n|-weather|RainDance|[upkeep]\n|upkeep\n|turn|12\n|\n|t:|1781411993\n|move|p2a: Duraludon|Flash Cannon|p1a: Grimmsnarl\n|-supereffective|p1a: Grimmsnarl\n|-damage|p1a: Grimmsnarl|0 fnt\n|faint|p1a: Grimmsnarl\n|\n|-weather|RainDance|[upkeep]\n|upkeep\n|\n|t:|1781411997\n|switch|p1a: Frosmoth|Frosmoth, L82, F|249/249\n|turn|13\n|\n|t:|1781412006\n|move|p2a: Duraludon|Body Press|p1a: Frosmoth\n|-damage|p1a: Frosmoth|169/249\n|move|p1a: Frosmoth|Quiver Dance|p1a: Frosmoth\n|-boost|p1a: Frosmoth|spa|1\n|-boost|p1a: Frosmoth|spd|1\n|-boost|p1a: Frosmoth|spe|1\n|\n|-weather|none\n|upkeep\n|turn|14\n|\n|t:|1781412012\n|move|p1a: Frosmoth|Ice Beam|p2a: Duraludon\n|-damage|p2a: Duraludon|23/249\n|move|p2a: Duraludon|Thunder Wave|p1a: Frosmoth\n|-status|p1a: Frosmoth|par\n|\n|upkeep\n|turn|15\n|\n|t:|1781412019\n|move|p2a: Duraludon|Body Press|p1a: Frosmoth\n|-damage|p1a: Frosmoth|89/249 par\n|cant|p1a: Frosmoth|par\n|\n|upkeep\n|turn|16\n|\n|t:|1781412025\n|move|p2a: Duraludon|Body Press|p1a: Frosmoth\n|-damage|p1a: Frosmoth|10/249 par\n|move|p1a: Frosmoth|Ice Beam|p2a: Duraludon\n|-damage|p2a: Duraludon|0 fnt\n|faint|p2a: Duraludon\n|\n|upkeep\n|\n|t:|1781412030\n|switch|p2a: Cyclizar|Cyclizar, L83, M|232/252\n|turn|17\n|\n|t:|1781412033\n|move|p2a: Cyclizar|Rapid Spin|p1a: Frosmoth\n|-damage|p1a: Frosmoth|0 fnt\n|-boost|p2a: Cyclizar|spe|1\n|faint|p1a: Frosmoth\n|\n|upkeep\n|\n|t:|1781412036\n|switch|p1a: Glalie|Glalie, L96, F|309/309\n|turn|18\n|\n|t:|1781412045\n|move|p2a: Cyclizar|Shed Tail|p2a: Cyclizar\n|-start|p2a: Cyclizar|Substitute|[from] move: Shed Tail\n|-damage|p2a: Cyclizar|106/252\n|\n|t:|1781412048\n|switch|p2a: Regieleki|Regieleki, L79, tera:Ice|175/256|[from] Shed Tail\n|move|p1a: Glalie|Freeze-Dry|p2a: Regieleki\n|-resisted|p2a: Regieleki\n|-end|p2a: Regieleki|Substitute\n|\n|-sideend|p1: FaultierChunk|move: Light Screen\n|upkeep\n|turn|19\n|\n|t:|1781412059\n|move|p2a: Regieleki|Volt Switch|p1a: Glalie\n|-damage|p1a: Glalie|209/309\n|\n|t:|1781412068\n|switch|p2a: Cyclizar|Cyclizar, L83, M|190/252|[from] Volt Switch\n|move|p1a: Glalie|Earthquake|p2a: Cyclizar\n|-damage|p2a: Cyclizar|86/252\n|\n|upkeep\n|turn|20\n|inactive|FaultierChunk has 120 seconds left.\n|\n|t:|1781412113\n|move|p2a: Cyclizar|Draco Meteor|p1a: Glalie\n|-damage|p1a: Glalie|101/309\n|-unboost|p2a: Cyclizar|spa|2\n|move|p1a: Glalie|Freeze-Dry|p2a: Cyclizar\n|-supereffective|p2a: Cyclizar\n|-damage|p2a: Cyclizar|0 fnt\n|faint|p2a: Cyclizar\n|\n|upkeep\n|\n|t:|1781412129\n|switch|p2a: Crawdaunt|Crawdaunt, L84, F|243/243\n|turn|21\n|\n|t:|1781412151\n|move|p1a: Glalie|Freeze-Dry|p2a: Crawdaunt\n|-supereffective|p2a: Crawdaunt\n|-damage|p2a: Crawdaunt|15/243\n|move|p2a: Crawdaunt|Knock Off|p1a: Glalie\n|-damage|p1a: Glalie|0 fnt\n|-enditem|p1a: Glalie|Heavy-Duty Boots|[from] move: Knock Off|[of] p2a: Crawdaunt\n|faint|p1a: Glalie\n|-damage|p2a: Crawdaunt|0 fnt|[from] item: Life Orb\n|faint|p2a: Crawdaunt\n|\n|upkeep\n|\n|t:|1781412157\n|switch|p1a: Pikachu|Pikachu-Partner, L93, M|28/216\n|switch|p2a: Regieleki|Regieleki, L79, tera:Ice|175/256\n|turn|22\n|\n|t:|1781412160\n|-terastallize|p1a: Pikachu|Water\n|move|p2a: Regieleki|Tera Blast|p1a: Pikachu|[anim] Tera Blast Ice\n|-resisted|p1a: Pikachu\n|-damage|p1a: Pikachu|0 fnt\n|faint|p1a: Pikachu\n|\n|win|Ze Memerr\n", "inputlog": ">version a8376a258c1d4662feba110a92103f3664a72141\n>start {\"formatid\":\"gen9randombattle\",\"seed\":\"sodium,5ada487c1f4cc4352f33cb76263b4820\",\"rated\":\"Rated battle\"}\n>player p1 {\"name\":\"FaultierChunk\",\"avatar\":\"benga\",\"rating\":1953,\"seed\":\"sodium,71dcb7b247c98244157f3cb641ba323d\"}\n>player p2 {\"name\":\"Ze Memerr\",\"avatar\":\"2\",\"rating\":1983,\"seed\":\"sodium,d03dc1af14f2346e62d312352702f92b\"}\n>p1 move uturn\n>p2 switch 5\n>p1 switch 4\n>p1 move voltswitch\n>p2 switch 2\n>p1 switch 4\n>p1 move earthquake\n>p2 switch 2\n>p1 switch 2\n>p2 move doubleedge\n>p1 switch 4\n>p1 move knockoff\n>p2 move quickattack\n>p2 switch 6\n>p1 move voltswitch\n>p2 move terablast\n>p1 switch 2\n>p1 move uturn\n>p2 move terablast terastallize\n>p1 switch 5\n>p1 move earthquake\n>p2 switch 3\n>p1 move freezedry\n>p2 switch 4\n>p2 switch 2\n>p1 switch 6\n>p2 move bodypress\n>p1 move lightscreen\n>p2 move flashcannon\n>p1 move spiritbreak\n>p2 move flashcannon\n>p1 switch 3\n>p1 move quiverdance\n>p2 move bodypress\n>p1 move icebeam\n>p2 move thunderwave\n>p1 move quiverdance\n>p2 move bodypress\n>p1 move icebeam\n>p2 move bodypress\n>p2 switch 4\n>p1 move bugbuzz\n>p2 move rapidspin\n>p1 switch 6\n>p1 move freezedry\n>p2 move shedtail\n>p2 switch 3\n>p1 move earthquake\n>p2 move voltswitch\n>p2 switch 3\n>p1 move freezedry\n>p2 move dracometeor\n>p2 switch 5\n>p1 move freezedry\n>p2 move knockoff\n>p1 switch 2\n>p2 switch 3\n>p1 move volttackle terastallize\n>p2 move terablast", "uploadtime": 1781411824, "views": 8, "formatid": "gen9randombattle", "rating": null, "private": 0, "password": null}