{"id": "gen9randombattle-2631790336", "format": "[Gen 9] Random Battle", "players": ["duuhhao", "Matuidi14"], "log": "|j|\u2606duuhhao\n|j|\u2606Matuidi14\n|t:|1781440070\n|gametype|singles\n|player|p1|duuhhao|clair|2263\n|player|p2|Matuidi14|clown|2259\n|gen|9\n|tier|[Gen 9] Random Battle\n|rated|\n|rule|Species Clause: Limit one of each Pok\u00e9mon\n|rule|HP Percentage Mod: HP is shown in percentages\n|rule|Sleep Clause Mod: Limit one foe put to sleep\n|rule|Illusion Level Mod: Illusion disguises the Pok\u00e9mon's true level\n|\n|t:|1781440070\n|teamsize|p1|6\n|teamsize|p2|6\n|start\n|switch|p1a: Virizion|Virizion, L82|283/283\n|switch|p2a: Indeedee|Indeedee, L84, M|238/238\n|-fieldstart|move: Psychic Terrain|[from] ability: Psychic Surge|[of] p2a: Indeedee\n|turn|1\n|\n|t:|1781440081\n|switch|p1a: Chi-Yu|Chi-Yu, L77|211/211\n|-ability|p1a: Chi-Yu|Beads of Ruin\n|move|p2a: Indeedee|Expanding Force|p1a: Chi-Yu\n|-immune|p1a: Chi-Yu\n|\n|upkeep\n|turn|2\n|\n|t:|1781440090\n|switch|p2a: Poliwrath|Poliwrath, L88, M|302/302\n|move|p1a: Chi-Yu|Overheat|p2a: Poliwrath\n|-resisted|p2a: Poliwrath\n|-damage|p2a: Poliwrath|153/302\n|-unboost|p1a: Chi-Yu|spa|2\n|\n|upkeep\n|turn|3\n|inactive|Battle timer is ON: inactive players will automatically lose when time's up. (requested by Matuidi14)\n|\n|t:|1781440101\n|switch|p1a: Dragalge|Dragalge, L88, F|258/258\n|move|p2a: Poliwrath|Close Combat|p1a: Dragalge\n|-resisted|p1a: Dragalge\n|-damage|p1a: Dragalge|172/258\n|-unboost|p2a: Poliwrath|def|1\n|-unboost|p2a: Poliwrath|spd|1\n|-damage|p2a: Poliwrath|123/302|[from] item: Life Orb\n|\n|upkeep\n|turn|4\n|\n|t:|1781440117\n|switch|p2a: Indeedee|Indeedee, L84, M|238/238\n|move|p1a: Dragalge|Sludge Wave|p2a: Indeedee\n|-damage|p2a: Indeedee|100/238\n|\n|upkeep\n|turn|5\n|\n|t:|1781440125\n|switch|p2a: Poliwrath|Poliwrath, L88, M|123/302\n|switch|p1a: Chansey|Chansey, L85, F|564/564\n|\n|-fieldend|move: Psychic Terrain\n|upkeep\n|turn|6\n|\n|t:|1781440129\n|switch|p1a: Dragalge|Dragalge, L88, F|172/258\n|move|p2a: Poliwrath|Knock Off|p1a: Dragalge\n|-damage|p1a: Dragalge|82/258\n|-enditem|p1a: Dragalge|Assault Vest|[from] move: Knock Off|[of] p2a: Poliwrath\n|-damage|p2a: Poliwrath|93/302|[from] item: Life Orb\n|\n|upkeep\n|turn|7\n|\n|t:|1781440135\n|move|p2a: Poliwrath|Close Combat|p1a: Dragalge\n|-resisted|p1a: Dragalge\n|-crit|p1a: Dragalge\n|-damage|p1a: Dragalge|0 fnt\n|-unboost|p2a: Poliwrath|def|1\n|-unboost|p2a: Poliwrath|spd|1\n|faint|p1a: Dragalge\n|-damage|p2a: Poliwrath|63/302|[from] item: Life Orb\n|\n|upkeep\n|\n|t:|1781440139\n|switch|p1a: Chi-Yu|Chi-Yu, L77|211/211\n|-ability|p1a: Chi-Yu|Beads of Ruin\n|turn|8\n|\n|t:|1781440143\n|move|p1a: Chi-Yu|Dark Pulse|p2a: Poliwrath\n|-resisted|p2a: Poliwrath\n|-damage|p2a: Poliwrath|0 fnt\n|faint|p2a: Poliwrath\n|\n|upkeep\n|\n|t:|1781440144\n|switch|p2a: Medicham|Medicham, L86, F, shiny|243/243\n|turn|9\n|\n|t:|1781440149\n|move|p2a: Medicham|Close Combat|p1a: Chi-Yu\n|-supereffective|p1a: Chi-Yu\n|-damage|p1a: Chi-Yu|0 fnt\n|-unboost|p2a: Medicham|def|1\n|-unboost|p2a: Medicham|spd|1\n|faint|p1a: Chi-Yu\n|\n|upkeep\n|\n|t:|1781440153\n|switch|p1a: Raging Bolt|Raging Bolt, L78|323/323\n|turn|10\n|\n|t:|1781440158\n|switch|p2a: Kyurem|Kyurem-White, L73|303/303\n|-ability|p2a: Kyurem|Turboblaze\n|move|p1a: Raging Bolt|Draco Meteor|p2a: Kyurem\n|-supereffective|p2a: Kyurem\n|-damage|p2a: Kyurem|0 fnt\n|-unboost|p1a: Raging Bolt|spa|2\n|faint|p2a: Kyurem\n|\n|upkeep\n|\n|t:|1781440165\n|switch|p2a: Medicham|Medicham, L86, F, shiny|243/243\n|turn|11\n|\n|t:|1781440174\n|-end|p1a: Raging Bolt|Protosynthesis|[silent]\n|switch|p1a: Dondozo|Dondozo, L78, M|362/362\n|move|p2a: Medicham|Ice Punch|p1a: Dondozo\n|-resisted|p1a: Dondozo\n|-damage|p1a: Dondozo|326/362\n|\n|-heal|p1a: Dondozo|348/362|[from] item: Leftovers\n|upkeep\n|turn|12\n|inactive|Matuidi14 has 120 seconds left.\n|\n|t:|1781440206\n|switch|p2a: Delibird|Delibird, M|252/252\n|move|p1a: Dondozo|Wave Crash|p2a: Delibird\n|-damage|p2a: Delibird|95/252\n|-damage|p1a: Dondozo|296/362|[from] Recoil\n|\n|-heal|p1a: Dondozo|318/362|[from] item: Leftovers\n|upkeep\n|turn|13\n|\n|t:|1781440213\n|switch|p1a: Chansey|Chansey, L85, F|564/564\n|move|p2a: Delibird|Brave Bird|p1a: Chansey\n|-damage|p1a: Chansey|135/564\n|-damage|p2a: Delibird|0 fnt|[from] Recoil\n|faint|p2a: Delibird\n|\n|upkeep\n|j| xmagic_77\n|inactive|Matuidi14 has 120 seconds left.\n|\n|t:|1781440243\n|switch|p2a: Medicham|Medicham, L86, F, shiny|243/243\n|turn|14\n|\n|t:|1781440246\n|move|p2a: Medicham|Zen Headbutt|p1a: Chansey\n|-damage|p1a: Chansey|0 fnt\n|faint|p1a: Chansey\n|\n|upkeep\n|\n|t:|1781440249\n|switch|p1a: Dondozo|Dondozo, L78, M|318/362\n|turn|15\n|\n|t:|1781440255\n|move|p2a: Medicham|Zen Headbutt|p1a: Dondozo\n|-damage|p1a: Dondozo|216/362\n|move|p1a: Dondozo|Wave Crash|p2a: Medicham\n|-damage|p2a: Medicham|120/243\n|-damage|p1a: Dondozo|175/362|[from] Recoil\n|\n|-heal|p1a: Dondozo|197/362|[from] item: Leftovers\n|upkeep\n|turn|16\n|\n|t:|1781440262\n|switch|p2a: Maushold|Maushold-Four, L76|238/238\n|move|p1a: Dondozo|Rest|p1a: Dondozo\n|-status|p1a: Dondozo|slp|[from] move: Rest\n|-heal|p1a: Dondozo|362/362 slp|[silent]\n|\n|upkeep\n|turn|17\n|\n|t:|1781440267\n|switch|p1a: Virizion|Virizion, L82|283/283\n|move|p2a: Maushold|Encore||[still]\n|-fail|p2a: Maushold\n|\n|upkeep\n|turn|18\n|\n|t:|1781440271\n|switch|p2a: Medicham|Medicham, L86, F, shiny|120/243\n|-terastallize|p1a: Virizion|Rock\n|move|p1a: Virizion|Close Combat|p2a: Medicham\n|-resisted|p2a: Medicham\n|-damage|p2a: Medicham|41/243\n|-unboost|p1a: Virizion|def|1\n|-unboost|p1a: Virizion|spd|1\n|-damage|p1a: Virizion|255/283|[from] item: Life Orb\n|\n|upkeep\n|turn|19\n|\n|t:|1781440275\n|-terastallize|p2a: Medicham|Fighting\n|move|p2a: Medicham|Close Combat|p1a: Virizion\n|-supereffective|p1a: Virizion\n|-damage|p1a: Virizion|0 fnt\n|-unboost|p2a: Medicham|def|1\n|-unboost|p2a: Medicham|spd|1\n|faint|p1a: Virizion\n|\n|upkeep\n|\n|t:|1781440277\n|switch|p1a: Raging Bolt|Raging Bolt, L78|323/323\n|turn|20\n|\n|t:|1781440280\n|switch|p2a: Indeedee|Indeedee, L84, M|100/238\n|-fieldstart|move: Psychic Terrain|[from] ability: Psychic Surge|[of] p2a: Indeedee\n|move|p1a: Raging Bolt|Calm Mind|p1a: Raging Bolt\n|-boost|p1a: Raging Bolt|spa|1\n|-boost|p1a: Raging Bolt|spd|1\n|\n|upkeep\n|turn|21\n|\n|t:|1781440283\n|move|p2a: Indeedee|Expanding Force|p1a: Raging Bolt\n|-damage|p1a: Raging Bolt|174/323\n|-damage|p2a: Indeedee|77/238|[from] item: Life Orb\n|move|p1a: Raging Bolt|Thunderbolt|p2a: Indeedee\n|-damage|p2a: Indeedee|0 fnt\n|faint|p2a: Indeedee\n|\n|-heal|p1a: Raging Bolt|194/323|[from] item: Leftovers\n|upkeep\n|\n|t:|1781440285\n|switch|p2a: Medicham|Medicham, L86, F, shiny, tera:Fighting|41/243\n|turn|22\n|\n|t:|1781440288\n|move|p2a: Medicham|Close Combat|p1a: Raging Bolt\n|-damage|p1a: Raging Bolt|0 fnt\n|-unboost|p2a: Medicham|def|1\n|-unboost|p2a: Medicham|spd|1\n|faint|p1a: Raging Bolt\n|-end|p1a: Raging Bolt|Protosynthesis|[silent]\n|\n|upkeep\n|\n|t:|1781440290\n|switch|p1a: Dondozo|Dondozo, L78, M|362/362 slp\n|turn|23\n|\n|t:|1781440292\n|move|p2a: Medicham|Close Combat|p1a: Dondozo\n|-damage|p1a: Dondozo|154/362 slp\n|-unboost|p2a: Medicham|def|1\n|-unboost|p2a: Medicham|spd|1\n|cant|p1a: Dondozo|slp\n|move|p1a: Dondozo|Sleep Talk|p1a: Dondozo\n|move|p1a: Dondozo|Rest||[from] move: Sleep Talk|[still]\n|-fail|p1a: Dondozo\n|\n|-heal|p1a: Dondozo|176/362 slp|[from] item: Leftovers\n|upkeep\n|turn|24\n|\n|t:|1781440295\n|move|p2a: Medicham|Close Combat|p1a: Dondozo\n|-damage|p1a: Dondozo|0 fnt\n|-unboost|p2a: Medicham|def|1\n|-unboost|p2a: Medicham|spd|1\n|faint|p1a: Dondozo\n|\n|win|Matuidi14\n", "inputlog": ">version a8376a258c1d4662feba110a92103f3664a72141\n>start {\"formatid\":\"gen9randombattle\",\"seed\":\"sodium,f960c9d1e05be2db0198175b79977b62\",\"rated\":\"Rated battle\"}\n>player p1 {\"name\":\"duuhhao\",\"avatar\":\"clair\",\"rating\":2263,\"seed\":\"sodium,d8ed348f4de1703e751bb5f0a8e908a8\"}\n>player p2 {\"name\":\"Matuidi14\",\"avatar\":\"clown\",\"rating\":2259,\"seed\":\"sodium,dd641686bc4fdba02b2da8f255f79efb\"}\n>p1 switch 2\n>p2 move expandingforce\n>p1 move overheat\n>p2 switch 2\n>p1 switch 4\n>p2 move closecombat\n>p1 move sludgewave\n>p2 switch 2\n>p1 switch 5\n>p2 switch 2\n>p1 switch 5\n>p2 move knockoff\n>p1 move sludgewave\n>p2 move closecombat\n>p1 switch 4\n>p1 move darkpulse\n>p2 move closecombat\n>p2 switch 5\n>p1 move darkpulse\n>p2 move closecombat\n>p1 switch 3\n>p1 move dracometeor\n>p2 switch 4\n>p2 switch 4\n>p1 switch 6\n>p2 move icepunch\n>p1 move wavecrash\n>p2 switch 3\n>p1 switch 5\n>p2 move bravebird\n>p2 switch 3\n>p1 move thunderwave\n>p2 move zenheadbutt\n>p1 switch 5\n>p1 move wavecrash\n>p2 move zenheadbutt\n>p1 move rest\n>p2 switch 6\n>p1 switch 2\n>p2 move encore\n>p1 move closecombat terastallize\n>p2 switch 6\n>p1 move closecombat\n>p2 move closecombat terastallize\n>p1 switch 6\n>p1 move calmmind\n>p2 switch 2\n>p1 move thunderbolt\n>p2 move expandingforce\n>p2 switch 2\n>p1 move thunderbolt\n>p2 move closecombat\n>p1 switch 2\n>p1 move sleeptalk\n>p2 move closecombat\n>p1 move sleeptalk\n>p2 move closecombat", "uploadtime": 1781440072, "views": 7, "formatid": "gen9randombattle", "rating": null, "private": 0, "password": null}