{"id": "gen9randombattle-2631995766", "format": "[Gen 9] Random Battle", "players": ["Vic_15", "lahy"], "log": "|j|\u2606Vic_15\n|j|\u2606lahy\n|t:|1781464019\n|gametype|singles\n|player|p1|Vic_15|pryce|1913\n|player|p2|lahy|cynthia-gen4|1916\n|gen|9\n|tier|[Gen 9] Random Battle\n|rated|\n|rule|Species Clause: Limit one of each Pok\u00e9mon\n|rule|HP Percentage Mod: HP is shown in percentages\n|rule|Sleep Clause Mod: Limit one foe put to sleep\n|rule|Illusion Level Mod: Illusion disguises the Pok\u00e9mon's true level\n|\n|t:|1781464019\n|teamsize|p1|6\n|teamsize|p2|6\n|start\n|switch|p1a: Cacturne|Cacturne, L92, M|278/278\n|switch|p2a: Crabominable|Crabominable, L90, F|321/321\n|turn|1\n|inactive|Battle timer is ON: inactive players will automatically lose when time's up. (requested by lahy)\n|inactive|Vic_15 also wants the timer to be on.\n|\n|t:|1781464033\n|move|p1a: Cacturne|Seed Bomb|p2a: Crabominable\n|-damage|p2a: Crabominable|161/321\n|-damage|p1a: Cacturne|251/278|[from] item: Life Orb\n|move|p2a: Crabominable|Knock Off|p1a: Cacturne\n|-resisted|p1a: Cacturne\n|-damage|p1a: Cacturne|193/278\n|-enditem|p1a: Cacturne|Life Orb|[from] move: Knock Off|[of] p2a: Crabominable\n|\n|upkeep\n|turn|2\n|\n|t:|1781464040\n|switch|p1a: Skeledirge|Skeledirge, L79, F|294/294\n|move|p2a: Crabominable|Drain Punch|p1a: Skeledirge\n|-immune|p1a: Skeledirge\n|\n|upkeep\n|turn|3\n|\n|t:|1781464048\n|switch|p2a: Skuntank|Skuntank, L84, F|310/310\n|move|p1a: Skeledirge|Torch Song|p2a: Skuntank\n|-damage|p2a: Skuntank|205/310\n|-boost|p1a: Skeledirge|spa|1\n|\n|upkeep\n|turn|4\n|\n|t:|1781464060\n|move|p2a: Skuntank|Knock Off|p1a: Skeledirge\n|-supereffective|p1a: Skeledirge\n|-damage|p1a: Skeledirge|29/294\n|-enditem|p1a: Skeledirge|Heavy-Duty Boots|[from] move: Knock Off|[of] p2a: Skuntank\n|-damage|p2a: Skuntank|174/310|[from] item: Life Orb\n|move|p1a: Skeledirge|Flame Charge|p2a: Skuntank\n|-damage|p2a: Skuntank|122/310\n|-boost|p1a: Skeledirge|spe|1\n|\n|upkeep\n|turn|5\n|\n|t:|1781464069\n|move|p1a: Skeledirge|Slack Off|p1a: Skeledirge\n|-heal|p1a: Skeledirge|176/294\n|move|p2a: Skuntank|Knock Off|p1a: Skeledirge\n|-supereffective|p1a: Skeledirge\n|-damage|p1a: Skeledirge|17/294\n|-damage|p2a: Skuntank|91/310|[from] item: Life Orb\n|\n|upkeep\n|turn|6\n|\n|t:|1781464076\n|move|p1a: Skeledirge|Slack Off|p1a: Skeledirge\n|-heal|p1a: Skeledirge|164/294\n|move|p2a: Skuntank|Knock Off|p1a: Skeledirge\n|-supereffective|p1a: Skeledirge\n|-damage|p1a: Skeledirge|0 fnt\n|faint|p1a: Skeledirge\n|-damage|p2a: Skuntank|60/310|[from] item: Life Orb\n|\n|upkeep\n|\n|t:|1781464084\n|switch|p1a: Cacturne|Cacturne, L92, M|193/278\n|turn|7\n|\n|t:|1781464087\n|move|p2a: Skuntank|Gunk Shot|p1a: Cacturne\n|-supereffective|p1a: Cacturne\n|-damage|p1a: Cacturne|0 fnt\n|faint|p1a: Cacturne\n|-damage|p2a: Skuntank|29/310|[from] item: Life Orb\n|\n|upkeep\n|-message|Vic_15 forfeited.\n|\n|win|lahy\n", "inputlog": ">version a8376a258c1d4662feba110a92103f3664a72141\n>start {\"formatid\":\"gen9randombattle\",\"seed\":\"sodium,173a24d44cc3d0b90b64089cb99e6d8b\",\"rated\":\"Rated battle\"}\n>player p1 {\"name\":\"Vic_15\",\"avatar\":\"pryce\",\"rating\":1913,\"seed\":\"sodium,5f62ec7a4a5881c533e85f783a475737\"}\n>player p2 {\"name\":\"lahy\",\"avatar\":\"cynthia-gen4\",\"rating\":1916,\"seed\":\"sodium,e7107955b265e50492e72d95a651b4ba\"}\n>p1 move seedbomb\n>p2 move knockoff\n>p1 switch 5\n>p2 move drainpunch\n>p1 move torchsong\n>p2 switch 5\n>p1 move flamecharge\n>p2 move knockoff\n>p1 move slackoff\n>p2 move knockoff\n>p1 move slackoff\n>p2 move knockoff\n>p1 switch 5\n>p1 move swordsdance\n>p2 move gunkshot\n>forcelose p1", "uploadtime": 1781464021, "views": 5, "formatid": "gen9randombattle", "rating": null, "private": 0, "password": null}