{"id": "gen9randombattle-2631603492", "format": "[Gen 9] Random Battle", "players": ["lyeee", "threetransistor"], "log": "|j|\u2606lyeee\n|j|\u2606threetransistor\n|t:|1781407422\n|gametype|singles\n|player|p1|lyeee|lady-gen4|1427\n|player|p2|threetransistor|ingo-hisui|1474\n|gen|9\n|tier|[Gen 9] Random Battle\n|rated|\n|rule|Species Clause: Limit one of each Pok\u00e9mon\n|rule|HP Percentage Mod: HP is shown in percentages\n|rule|Sleep Clause Mod: Limit one foe put to sleep\n|rule|Illusion Level Mod: Illusion disguises the Pok\u00e9mon's true level\n|\n|t:|1781407422\n|teamsize|p1|6\n|teamsize|p2|6\n|start\n|switch|p1a: Sinistcha|Sinistcha, L83|254/254\n|switch|p2a: Latias|Latias, L79, F|256/256\n|turn|1\n|inactive|Battle timer is ON: inactive players will automatically lose when time's up. (requested by lyeee)\n|inactive|threetransistor also wants the timer to be on.\n|\n|t:|1781407439\n|switch|p2a: Weavile|Weavile, L79, M|240/240\n|move|p1a: Sinistcha|Calm Mind|p1a: Sinistcha\n|-boost|p1a: Sinistcha|spa|1\n|-boost|p1a: Sinistcha|spd|1\n|\n|upkeep\n|turn|2\n|\n|t:|1781407448\n|move|p2a: Weavile|Swords Dance|p2a: Weavile\n|-boost|p2a: Weavile|atk|2\n|move|p1a: Sinistcha|Strength Sap|p2a: Weavile\n|-unboost|p2a: Weavile|atk|1\n|\n|upkeep\n|turn|3\n|\n|t:|1781407462\n|-terastallize|p1a: Sinistcha|Steel\n|move|p2a: Weavile|Triple Axel|p1a: Sinistcha\n|-resisted|p1a: Sinistcha\n|-damage|p1a: Sinistcha|239/254\n|-hitcount|p1a: Sinistcha|1\n|move|p1a: Sinistcha|Matcha Gotcha|p2a: Weavile\n|-damage|p2a: Weavile|72/240\n|-heal|p1a: Sinistcha|254/254|[from] drain|[of] p2a: Weavile\n|\n|upkeep\n|turn|4\n|\n|t:|1781407470\n|move|p2a: Weavile|Knock Off|p1a: Sinistcha\n|-crit|p1a: Sinistcha\n|-damage|p1a: Sinistcha|25/254\n|-enditem|p1a: Sinistcha|Leftovers|[from] move: Knock Off|[of] p2a: Weavile\n|move|p1a: Sinistcha|Matcha Gotcha|p2a: Weavile\n|-damage|p2a: Weavile|0 fnt\n|-heal|p1a: Sinistcha|61/254|[from] drain|[of] p2a: Weavile\n|faint|p2a: Weavile\n|\n|upkeep\n|\n|t:|1781407484\n|switch|p2a: Overqwil|Overqwil, L82, F|274/274\n|-ability|p2a: Overqwil|Intimidate|boost\n|-unboost|p1a: Sinistcha|atk|1\n|turn|5\n|\n|t:|1781407496\n|switch|p1a: Hitmonlee|Hitmonlee, L85, M|223/223\n|move|p2a: Overqwil|Crunch|p1a: Hitmonlee\n|-resisted|p1a: Hitmonlee\n|-damage|p1a: Hitmonlee|163/223\n|\n|upkeep\n|turn|6\n|\n|t:|1781407505\n|switch|p2a: Heracross|Heracross, L80, M|259/259\n|move|p1a: Hitmonlee|High Jump Kick|p2a: Heracross\n|-resisted|p2a: Heracross\n|-damage|p2a: Heracross|148/259\n|\n|upkeep\n|turn|7\n|\n|t:|1781407529\n|switch|p1a: Leavanny|Leavanny, L86, M|269/269\n|move|p2a: Heracross|Close Combat|p1a: Leavanny\n|-resisted|p1a: Leavanny\n|-damage|p1a: Leavanny|196/269\n|-unboost|p2a: Heracross|def|1\n|-unboost|p2a: Heracross|spd|1\n|\n|upkeep\n|turn|8\n|\n|t:|1781407537\n|switch|p2a: Torterra|Torterra, L78, M|276/276\n|move|p1a: Leavanny|Sticky Web|p2a: Torterra\n|-sidestart|p2: threetransistor|move: Sticky Web\n|\n|upkeep\n|turn|9\n|\n|t:|1781407542\n|move|p1a: Leavanny|Triple Axel|p2a: Torterra\n|-supereffective|p2a: Torterra\n|-crit|p2a: Torterra\n|-damage|p2a: Torterra|188/276\n|-supereffective|p2a: Torterra\n|-damage|p2a: Torterra|56/276\n|-supereffective|p2a: Torterra\n|-damage|p2a: Torterra|0 fnt\n|faint|p2a: Torterra\n|-hitcount|p2: Torterra|3\n|\n|upkeep\n|\n|t:|1781407552\n|switch|p2a: Heracross|Heracross, L80, M|148/259\n|-activate|p2a: Heracross|move: Sticky Web\n|-unboost|p2a: Heracross|spe|1\n|turn|10\n|\n|t:|1781407557\n|move|p1a: Leavanny|Triple Axel|p2a: Heracross\n|-damage|p2a: Heracross|129/259\n|-damage|p2a: Heracross|91/259\n|-damage|p2a: Heracross|39/259\n|-hitcount|p2a: Heracross|3\n|move|p2a: Heracross|Megahorn|p1a: Leavanny\n|-supereffective|p1a: Leavanny\n|-damage|p1a: Leavanny|0 fnt\n|faint|p1a: Leavanny\n|-ability|p2a: Heracross|Moxie|boost\n|-boost|p2a: Heracross|atk|1\n|\n|upkeep\n|\n|t:|1781407571\n|switch|p1a: Sinistcha|Sinistcha, L83, tera:Steel|61/254\n|turn|11\n|\n|t:|1781407578\n|switch|p1a: Hitmonlee|Hitmonlee, L85, M|163/223\n|move|p2a: Heracross|Megahorn|p1a: Hitmonlee\n|-resisted|p1a: Hitmonlee\n|-damage|p1a: Hitmonlee|25/223\n|\n|upkeep\n|turn|12\n|\n|t:|1781407584\n|move|p1a: Hitmonlee|Knock Off|p2a: Heracross\n|-resisted|p2a: Heracross\n|-damage|p2a: Heracross|0 fnt\n|-enditem|p2a: Heracross|Choice Scarf|[from] move: Knock Off|[of] p1a: Hitmonlee\n|faint|p2a: Heracross\n|\n|upkeep\n|\n|t:|1781407590\n|switch|p2a: Overqwil|Overqwil, L82, F|274/274\n|-activate|p2a: Overqwil|move: Sticky Web\n|-unboost|p2a: Overqwil|spe|1\n|-ability|p2a: Overqwil|Intimidate|boost\n|-unboost|p1a: Hitmonlee|atk|1\n|turn|13\n|\n|t:|1781407598\n|switch|p1a: Zacian|Zacian, L69|241/241\n|-ability|p1a: Zacian|Intrepid Sword|boost\n|-boost|p1a: Zacian|atk|1\n|-terastallize|p2a: Overqwil|Dragon\n|move|p2a: Overqwil|Swords Dance|p2a: Overqwil\n|-boost|p2a: Overqwil|atk|2\n|\n|upkeep\n|turn|14\n|\n|t:|1781407608\n|move|p1a: Zacian|Play Rough|p2a: Overqwil\n|-supereffective|p2a: Overqwil\n|-damage|p2a: Overqwil|0 fnt\n|faint|p2a: Overqwil\n|\n|upkeep\n|\n|t:|1781407612\n|switch|p2a: Raichu|Raichu, L88, F|249/249\n|-activate|p2a: Raichu|move: Sticky Web\n|-unboost|p2a: Raichu|spe|1\n|turn|15\n|c|\u2606lyeee|thank yew :3\n|\n|t:|1781407629\n|move|p1a: Zacian|Play Rough|p2a: Raichu\n|-damage|p2a: Raichu|3/249\n|move|p2a: Raichu|Thunderbolt|p1a: Zacian\n|-damage|p1a: Zacian|97/241\n|\n|upkeep\n|turn|16\n|\n|t:|1781407635\n|move|p1a: Zacian|Play Rough|p2a: Raichu\n|-damage|p2a: Raichu|0 fnt\n|faint|p2a: Raichu\n|\n|upkeep\n|\n|t:|1781407636\n|switch|p2a: Latias|Latias, L79, F|256/256\n|turn|17\n|\n|t:|1781407639\n|move|p1a: Zacian|Play Rough|p2a: Latias\n|-supereffective|p2a: Latias\n|-damage|p2a: Latias|0 fnt\n|faint|p2a: Latias\n|\n|win|lyeee\n|raw|lyeee's rating: 1427 &rarr; <strong>1450</strong><br />(+23 for winning)\n|raw|threetransistor's rating: 1474 &rarr; <strong>1451</strong><br />(-23 for losing)\n|l|\u2606threetransistor\n|player|p2|\n", "inputlog": ">version a8376a258c1d4662feba110a92103f3664a72141\n>start {\"formatid\":\"gen9randombattle\",\"seed\":\"sodium,a2eb38a87d8e25113644151ab68bc952\",\"rated\":\"Rated battle\"}\n>player p1 {\"name\":\"lyeee\",\"avatar\":\"lady-gen4\",\"rating\":1427,\"seed\":\"sodium,f725862fba5c6fab75b1ec2815700fc3\"}\n>player p2 {\"name\":\"threetransistor\",\"avatar\":\"ingo-hisui\",\"rating\":1474,\"seed\":\"sodium,2242fd97c6de1d2448684fb830d9ac64\"}\n>p1 move calmmind\n>p2 switch 2\n>p1 move strengthsap\n>p2 move swordsdance\n>p1 move matchagotcha terastallize\n>p2 move tripleaxel\n>p1 move matchagotcha\n>p2 move knockoff\n>p2 switch 4\n>p1 switch 5\n>p2 move crunch\n>p1 move highjumpkick\n>p2 switch 3\n>p1 switch 3\n>p2 move closecombat\n>p1 move stickyweb\n>p2 switch 6\n>p1 move tripleaxel\n>p2 move shellsmash\n>p2 switch 6\n>p1 move tripleaxel\n>p2 move megahorn\n>p1 switch 5\n>p1 switch 3\n>p2 move megahorn\n>p1 move knockoff\n>p2 move megahorn\n>p2 switch 3\n>p1 switch 6\n>p2 move swordsdance terastallize\n>p1 move playrough\n>p2 move gunkshot\n>p2 switch 5\n>chat \u2606lyeee|thank yew :3\n>p1 move playrough\n>p2 move thunderbolt\n>p1 move playrough\n>p2 move thunderbolt\n>p2 switch 2\n>p1 move playrough\n>p2 move psyshock", "uploadtime": 1781407650, "views": 6, "formatid": "gen9randombattle", "rating": 1450, "private": 0, "password": null}