{"id": "gen9randombattle-2631986570", "format": "[Gen 9] Random Battle", "players": ["Mad_Piplup242", "Reusable.Tissues"], "log": "|j|\u2606Mad_Piplup242\n|j|\u2606Reusable.Tissues\n|t:|1781463000\n|gametype|singles\n|player|p1|Mad_Piplup242|1|1522\n|player|p2|Reusable.Tissues|ariana|1512\n|gen|9\n|tier|[Gen 9] Random Battle\n|rated|\n|rule|Species Clause: Limit one of each Pok\u00e9mon\n|rule|HP Percentage Mod: HP is shown in percentages\n|rule|Sleep Clause Mod: Limit one foe put to sleep\n|rule|Illusion Level Mod: Illusion disguises the Pok\u00e9mon's true level\n|\n|t:|1781463000\n|teamsize|p1|6\n|teamsize|p2|6\n|start\n|switch|p1a: Cinderace|Cinderace, L77, F|249/249\n|switch|p2a: Abomasnow|Abomasnow, L84, F|287/287\n|-weather|Snowscape|[from] ability: Snow Warning|[of] p2a: Abomasnow\n|turn|1\n|c|\u2606Mad_Piplup242|glhf\n|\n|t:|1781463012\n|switch|p2a: Garganacl|Garganacl, L80, M|291/291\n|move|p1a: Cinderace|U-turn|p2a: Garganacl\n|-start|p1a: Cinderace|typechange|Bug|[from] ability: Libero\n|-damage|p2a: Garganacl|215/291\n|inactive|Battle timer is ON: inactive players will automatically lose when time's up. (requested by Reusable.Tissues)\n|c|\u2606Reusable.Tissues|Glhf\n|\n|t:|1781463040\n|switch|p1a: Jolteon|Jolteon, L84, M|246/246|[from] U-turn\n|\n|-weather|Snowscape|[upkeep]\n|-heal|p2a: Garganacl|233/291|[from] item: Leftovers\n|upkeep\n|turn|2\n|inactive|Reusable.Tissues has 120 seconds left.\n|inactive|Reusable.Tissues has 90 seconds left.\n|\n|t:|1781463114\n|move|p1a: Jolteon|Substitute|p1a: Jolteon\n|-start|p1a: Jolteon|Substitute\n|-damage|p1a: Jolteon|185/246\n|move|p2a: Garganacl|Stealth Rock|p1a: Jolteon\n|-sidestart|p1: Mad_Piplup242|move: Stealth Rock\n|\n|-weather|Snowscape|[upkeep]\n|-heal|p1a: Jolteon|200/246|[from] item: Leftovers\n|-heal|p2a: Garganacl|251/291|[from] item: Leftovers\n|upkeep\n|turn|3\n|\n|t:|1781463146\n|switch|p2a: Piloswine|Piloswine, L85, M|309/309\n|move|p1a: Jolteon|Calm Mind|p1a: Jolteon\n|-boost|p1a: Jolteon|spa|1\n|-boost|p1a: Jolteon|spd|1\n|\n|-weather|Snowscape|[upkeep]\n|-heal|p1a: Jolteon|215/246|[from] item: Leftovers\n|upkeep\n|turn|4\n|\n|t:|1781463159\n|move|p1a: Jolteon|Calm Mind|p1a: Jolteon\n|-boost|p1a: Jolteon|spa|1\n|-boost|p1a: Jolteon|spd|1\n|move|p2a: Piloswine|Roar|p1a: Jolteon\n|drag|p1a: Klefki|Klefki, L84, M|233/233\n|-damage|p1a: Klefki|219/233|[from] Stealth Rock\n|\n|-weather|Snowscape|[upkeep]\n|-heal|p1a: Klefki|233/233|[from] item: Leftovers\n|upkeep\n|turn|5\n|\n|t:|1781463168\n|move|p1a: Klefki|Spikes|p2a: Piloswine\n|-sidestart|p2: Reusable.Tissues|Spikes\n|move|p2a: Piloswine|Earthquake|p1a: Klefki\n|-supereffective|p1a: Klefki\n|-damage|p1a: Klefki|27/233\n|\n|-weather|none\n|-heal|p1a: Klefki|41/233|[from] item: Leftovers\n|upkeep\n|turn|6\n|\n|t:|1781463174\n|move|p1a: Klefki|Spikes|p2a: Piloswine\n|-sidestart|p2: Reusable.Tissues|Spikes\n|move|p2a: Piloswine|Earthquake|p1a: Klefki\n|-supereffective|p1a: Klefki\n|-damage|p1a: Klefki|0 fnt\n|faint|p1a: Klefki\n|\n|upkeep\n|\n|t:|1781463194\n|switch|p1a: Cyclizar|Cyclizar, L83, F|252/252\n|turn|7\n|inactive|Reusable.Tissues has 90 seconds left.\n|inactive|Reusable.Tissues has 60 seconds left.\n|inactive|Reusable.Tissues has 30 seconds left.\n|\n|t:|1781463263\n|move|p2a: Piloswine|Ice Shard|p1a: Cyclizar\n|-supereffective|p1a: Cyclizar\n|-damage|p1a: Cyclizar|136/252\n|move|p1a: Cyclizar|Rapid Spin|p2a: Piloswine\n|-damage|p2a: Piloswine|275/309\n|-boost|p1a: Cyclizar|spe|1\n|-sideend|p1: Mad_Piplup242|Stealth Rock|[from] move: Rapid Spin|[of] p1a: Cyclizar\n|\n|upkeep\n|turn|8\n|inactive|Reusable.Tissues has 30 seconds left.\n|inactive|Mad_Piplup242 has 120 seconds left.\n|\n|t:|1781463286\n|switch|p1a: Cinderace|Cinderace, L77, F|249/249\n|move|p2a: Piloswine|Icicle Crash|p1a: Cinderace|[miss]\n|-miss|p2a: Piloswine|p1a: Cinderace\n|\n|upkeep\n|turn|9\n|inactive|Mad_Piplup242 has 120 seconds left.\n|\n|t:|1781463298\n|switch|p2a: Garganacl|Garganacl, L80, M|251/291\n|-damage|p2a: Garganacl|203/291|[from] Spikes\n|move|p1a: Cinderace|Pyro Ball|p2a: Garganacl\n|-resisted|p2a: Garganacl\n|-damage|p2a: Garganacl|131/291\n|\n|-heal|p2a: Garganacl|149/291|[from] item: Leftovers\n|upkeep\n|turn|10\n|inactive|Mad_Piplup242 has 120 seconds left.\n|inactive|Reusable.Tissues has 30 seconds left.\n|inactive|Reusable.Tissues has 20 seconds left.\n|\n|t:|1781463330\n|switch|p1a: Altaria|Altaria, L89, M|278/278\n|move|p2a: Garganacl|Stealth Rock|p1a: Altaria\n|-sidestart|p1: Mad_Piplup242|move: Stealth Rock\n|\n|-heal|p2a: Garganacl|167/291|[from] item: Leftovers\n|upkeep\n|turn|11\n|inactive|Reusable.Tissues has 30 seconds left this turn.\n|\n|t:|1781463337\n|move|p1a: Altaria|Dragon Dance|p1a: Altaria\n|-boost|p1a: Altaria|atk|1\n|-boost|p1a: Altaria|spe|1\n|move|p2a: Garganacl|Salt Cure|p1a: Altaria\n|-supereffective|p1a: Altaria\n|-damage|p1a: Altaria|210/278\n|-start|p1a: Altaria|Salt Cure\n|\n|-heal|p2a: Garganacl|185/291|[from] item: Leftovers\n|-damage|p1a: Altaria|176/278|[from] Salt Cure\n|upkeep\n|turn|12\n|\n|t:|1781463345\n|switch|p2a: Piloswine|Piloswine, L85, M|275/309\n|-damage|p2a: Piloswine|224/309|[from] Spikes\n|move|p1a: Altaria|Earthquake|p2a: Piloswine\n|-damage|p2a: Piloswine|155/309\n|\n|-damage|p1a: Altaria|142/278|[from] Salt Cure\n|upkeep\n|turn|13\n|\n|t:|1781463358\n|-terastallize|p1a: Altaria|Steel\n|move|p1a: Altaria|Roost|p1a: Altaria\n|-heal|p1a: Altaria|278/278\n|move|p2a: Piloswine|Earthquake|p1a: Altaria\n|-supereffective|p1a: Altaria\n|-crit|p1a: Altaria\n|-damage|p1a: Altaria|0 fnt\n|faint|p1a: Altaria\n|\n|upkeep\n|\n|t:|1781463365\n|switch|p1a: Honchkrow|Honchkrow, L86, F|312/312\n|turn|14\n|c|\u2606Mad_Piplup242|They ain't giving me shit bruh\n|\n|t:|1781463380\n|switch|p2a: Skarmory|Skarmory, L80, M|235/235\n|move|p1a: Honchkrow|Heat Wave|p2a: Skarmory\n|-supereffective|p2a: Skarmory\n|-damage|p2a: Skarmory|45/235\n|\n|-heal|p2a: Skarmory|59/235|[from] item: Leftovers\n|upkeep\n|turn|15\n|\n|t:|1781463391\n|switch|p2a: Tentacruel|Tentacruel, L84, M|272/272\n|-damage|p2a: Tentacruel|227/272|[from] Spikes\n|move|p1a: Honchkrow|Heat Wave|p2a: Tentacruel\n|-resisted|p2a: Tentacruel\n|-damage|p2a: Tentacruel|207/272\n|\n|upkeep\n|turn|16\n|\n|t:|1781463399\n|move|p2a: Tentacruel|Rapid Spin|p1a: Honchkrow\n|-damage|p1a: Honchkrow|271/312\n|-boost|p2a: Tentacruel|spe|1\n|-sideend|p2: Reusable.Tissues|Spikes|[from] move: Rapid Spin|[of] p2a: Tentacruel\n|move|p1a: Honchkrow|U-turn|p2a: Tentacruel\n|-resisted|p2a: Tentacruel\n|-damage|p2a: Tentacruel|171/272\n|\n|t:|1781463404\n|switch|p1a: Jolteon|Jolteon, L84, M|215/246|[from] U-turn\n|-damage|p1a: Jolteon|185/246|[from] Stealth Rock\n|\n|-heal|p1a: Jolteon|200/246|[from] item: Leftovers\n|upkeep\n|turn|17\n|inactive|Reusable.Tissues has 60 seconds left.\n|\n|t:|1781463435\n|switch|p1a: Cinderace|Cinderace, L77, F|249/249\n|-damage|p1a: Cinderace|187/249|[from] Stealth Rock\n|move|p2a: Tentacruel|Flip Turn|p1a: Cinderace\n|-supereffective|p1a: Cinderace\n|-damage|p1a: Cinderace|73/249\n|\n|t:|1781463442\n|switch|p2a: Garganacl|Garganacl, L80, M|185/291|[from] Flip Turn\n|\n|-heal|p2a: Garganacl|203/291|[from] item: Leftovers\n|upkeep\n|turn|18\n|\n|t:|1781463446\n|move|p1a: Cinderace|High Jump Kick|p2a: Garganacl|[miss]\n|-start|p1a: Cinderace|typechange|Fighting|[from] ability: Libero\n|-miss|p1a: Cinderace|p2a: Garganacl\n|-damage|p1a: Cinderace|0 fnt|[from] highjumpkick\n|faint|p1a: Cinderace\n|move|p2a: Garganacl|Salt Cure|p1: Cinderace|[notarget]\n|-fail|p2a: Garganacl\n|\n|-heal|p2a: Garganacl|221/291|[from] item: Leftovers\n|upkeep\n|\n|t:|1781463454\n|switch|p1a: Cyclizar|Cyclizar, L83, F|220/252\n|turn|19\n|\n|t:|1781463482\n|move|p1a: Cyclizar|Shed Tail|p1a: Cyclizar\n|-start|p1a: Cyclizar|Substitute|[from] move: Shed Tail\n|-damage|p1a: Cyclizar|94/252\n|\n|t:|1781463508\n|switch|p1a: Jolteon|Jolteon, L84, M|200/246|[from] Shed Tail\n|-damage|p1a: Jolteon|170/246|[from] Stealth Rock\n|move|p2a: Garganacl|Salt Cure|p1a: Jolteon\n|-activate|p1a: Jolteon|move: Substitute|[damage]\n|\n|-heal|p1a: Jolteon|185/246|[from] item: Leftovers\n|-heal|p2a: Garganacl|239/291|[from] item: Leftovers\n|upkeep\n|turn|20\n|\n|t:|1781463517\n|move|p1a: Jolteon|Calm Mind|p1a: Jolteon\n|-boost|p1a: Jolteon|spa|1\n|-boost|p1a: Jolteon|spd|1\n|move|p2a: Garganacl|Earthquake|p1a: Jolteon\n|-supereffective|p1a: Jolteon\n|-end|p1a: Jolteon|Substitute\n|\n|-heal|p1a: Jolteon|200/246|[from] item: Leftovers\n|-heal|p2a: Garganacl|257/291|[from] item: Leftovers\n|upkeep\n|turn|21\n|\n|t:|1781463523\n|move|p1a: Jolteon|Substitute|p1a: Jolteon\n|-start|p1a: Jolteon|Substitute\n|-damage|p1a: Jolteon|139/246\n|move|p2a: Garganacl|Earthquake|p1a: Jolteon\n|-supereffective|p1a: Jolteon\n|-crit|p1a: Jolteon\n|-end|p1a: Jolteon|Substitute\n|\n|-heal|p1a: Jolteon|154/246|[from] item: Leftovers\n|-heal|p2a: Garganacl|275/291|[from] item: Leftovers\n|upkeep\n|turn|22\n|\n|t:|1781463527\n|move|p1a: Jolteon|Thunderbolt|p2a: Garganacl\n|-damage|p2a: Garganacl|118/291\n|move|p2a: Garganacl|Earthquake|p1a: Jolteon\n|-supereffective|p1a: Jolteon\n|-damage|p1a: Jolteon|0 fnt\n|faint|p1a: Jolteon\n|\n|-heal|p2a: Garganacl|136/291|[from] item: Leftovers\n|upkeep\n|\n|t:|1781463535\n|switch|p1a: Cyclizar|Cyclizar, L83, F|178/252\n|turn|23\n|\n|t:|1781463561\n|move|p1a: Cyclizar|Draco Meteor|p2a: Garganacl\n|-damage|p2a: Garganacl|18/291\n|-unboost|p1a: Cyclizar|spa|2\n|move|p2a: Garganacl|Recover|p2a: Garganacl\n|-heal|p2a: Garganacl|164/291\n|\n|-heal|p2a: Garganacl|182/291|[from] item: Leftovers\n|upkeep\n|turn|24\n|inactive|Mad_Piplup242 has 120 seconds left.\n|-message|Mad_Piplup242 forfeited.\n|\n|win|Reusable.Tissues\n|raw|Mad_Piplup242's rating: 1522 &rarr; <strong>1501</strong><br />(-21 for losing)\n|raw|Reusable.Tissues's rating: 1512 &rarr; <strong>1533</strong><br />(+21 for winning)\n|l|\u2606Mad_Piplup242\n|player|p1|\n|c|\u2606Reusable.Tissues|Gg\n", "inputlog": ">version a8376a258c1d4662feba110a92103f3664a72141\n>start {\"formatid\":\"gen9randombattle\",\"seed\":\"sodium,ebb6b6c6fda5bec60b4c894c01375589\",\"rated\":\"Rated battle\"}\n>player p1 {\"name\":\"Mad_Piplup242\",\"avatar\":\"1\",\"rating\":1522,\"seed\":\"sodium,a65361af88b1544d10b5ccf04b5f98bc\"}\n>player p2 {\"name\":\"Reusable.Tissues\",\"avatar\":\"ariana\",\"rating\":1512,\"seed\":\"sodium,75c0a64a26acf1bf0471d97f7fe97301\"}\n>chat \u2606Mad_Piplup242|glhf\n>p1 move uturn\n>p2 switch 2\n>chat \u2606Reusable.Tissues|Glhf \n>p1 switch 2\n>p1 move substitute\n>p2 move stealthrock\n>p1 move calmmind\n>p2 switch 3\n>p1 move calmmind\n>p2 move roar\n>p1 move spikes\n>p2 move earthquake\n>p1 move spikes\n>p2 move earthquake\n>p1 switch 5\n>p1 move rapidspin\n>p2 move iceshard\n>p1 switch 2\n>p2 move iciclecrash\n>p1 move pyroball\n>p2 switch 3\n>p1 switch 4\n>p2 move stealthrock\n>p1 move dragondance\n>p2 move saltcure\n>p1 move earthquake\n>p2 switch 3\n>p1 move roost terastallize\n>p2 move earthquake\n>p1 switch 6\n>chat \u2606Mad_Piplup242|They ain't giving me shit bruh\n>p1 move heatwave\n>p2 switch 4\n>p1 move heatwave\n>p2 switch 5\n>p1 move uturn\n>p2 move rapidspin\n>p1 switch 3\n>p1 switch 4\n>p2 move flipturn\n>p2 switch 3\n>p1 move highjumpkick\n>p2 move saltcure\n>p1 switch 2\n>p1 move shedtail\n>p2 move saltcure\n>p1 switch 4\n>p1 move calmmind\n>p2 move earthquake\n>p1 move substitute\n>p2 move earthquake\n>p1 move thunderbolt\n>p2 move earthquake\n>p1 switch 4\n>p1 move dracometeor\n>p2 move recover\n>forcelose p1", "uploadtime": 1781463595, "views": 17, "formatid": "gen9randombattle", "rating": 1501, "private": 0, "password": null}