{"id": "gen9randombattle-2631937744", "format": "[Gen 9] Random Battle", "players": ["TransGirlFromHell", "god king raidriar"], "log": "|j|\u2606TransGirlFromHell\n|j|\u2606god king raidriar\n|t:|1781457669\n|gametype|singles\n|player|p1|TransGirlFromHell|candice|1915\n|player|p2|god king raidriar|170|1949\n|gen|9\n|tier|[Gen 9] Random Battle\n|rated|\n|rule|Species Clause: Limit one of each Pok\u00e9mon\n|rule|HP Percentage Mod: HP is shown in percentages\n|rule|Sleep Clause Mod: Limit one foe put to sleep\n|rule|Illusion Level Mod: Illusion disguises the Pok\u00e9mon's true level\n|\n|t:|1781457669\n|teamsize|p1|6\n|teamsize|p2|6\n|start\n|switch|p1a: Keldeo|Keldeo-Resolute, L79|273/273\n|switch|p2a: Muk|Muk-Alola, L82, M|306/306\n|turn|1\n|\n|t:|1781457692\n|move|p1a: Keldeo|Substitute|p1a: Keldeo\n|-start|p1a: Keldeo|Substitute\n|-damage|p1a: Keldeo|205/273\n|move|p2a: Muk|Gunk Shot|p1a: Keldeo|[miss]\n|-miss|p2a: Muk|p1a: Keldeo\n|\n|-heal|p1a: Keldeo|222/273|[from] item: Leftovers\n|upkeep\n|turn|2\n|\n|t:|1781457699\n|move|p1a: Keldeo|Calm Mind|p1a: Keldeo\n|-boost|p1a: Keldeo|spa|1\n|-boost|p1a: Keldeo|spd|1\n|move|p2a: Muk|Drain Punch|p1a: Keldeo\n|-crit|p1a: Keldeo\n|-end|p1a: Keldeo|Substitute\n|\n|-heal|p1a: Keldeo|239/273|[from] item: Leftovers\n|upkeep\n|turn|3\n|\n|t:|1781457759\n|move|p1a: Keldeo|Secret Sword|p2a: Muk\n|-damage|p2a: Muk|138/306\n|move|p2a: Muk|Gunk Shot|p1a: Keldeo\n|-damage|p1a: Keldeo|109/273\n|\n|-heal|p1a: Keldeo|126/273|[from] item: Leftovers\n|upkeep\n|turn|4\n|\n|t:|1781457769\n|switch|p2a: Necrozma|Necrozma-Dawn-Wings, L76|272/272\n|move|p1a: Keldeo|Substitute|p1a: Keldeo\n|-start|p1a: Keldeo|Substitute\n|-damage|p1a: Keldeo|58/273\n|\n|-heal|p1a: Keldeo|75/273|[from] item: Leftovers\n|upkeep\n|turn|5\n|\n|t:|1781457773\n|move|p1a: Keldeo|Hydro Pump|p2a: Necrozma|[miss]\n|-miss|p1a: Keldeo|p2a: Necrozma\n|move|p2a: Necrozma|Photon Geyser|p1a: Keldeo\n|-supereffective|p1a: Keldeo\n|-end|p1a: Keldeo|Substitute\n|\n|-heal|p1a: Keldeo|92/273|[from] item: Leftovers\n|upkeep\n|turn|6\n|\n|t:|1781457780\n|move|p1a: Keldeo|Hydro Pump|p2a: Necrozma\n|-damage|p2a: Necrozma|122/272\n|move|p2a: Necrozma|Calm Mind|p2a: Necrozma\n|-boost|p2a: Necrozma|spa|1\n|-boost|p2a: Necrozma|spd|1\n|\n|-heal|p1a: Keldeo|109/273|[from] item: Leftovers\n|-heal|p2a: Necrozma|139/272|[from] item: Leftovers\n|upkeep\n|turn|7\n|\n|t:|1781457783\n|move|p1a: Keldeo|Hydro Pump|p2a: Necrozma\n|-damage|p2a: Necrozma|27/272\n|move|p2a: Necrozma|Moonlight|p2a: Necrozma\n|-heal|p2a: Necrozma|163/272\n|\n|-heal|p1a: Keldeo|126/273|[from] item: Leftovers\n|-heal|p2a: Necrozma|180/272|[from] item: Leftovers\n|upkeep\n|turn|8\n|\n|t:|1781457786\n|move|p1a: Keldeo|Calm Mind|p1a: Keldeo\n|-boost|p1a: Keldeo|spa|1\n|-boost|p1a: Keldeo|spd|1\n|move|p2a: Necrozma|Moonlight|p2a: Necrozma\n|-heal|p2a: Necrozma|272/272\n|\n|-heal|p1a: Keldeo|143/273|[from] item: Leftovers\n|upkeep\n|turn|9\n|\n|t:|1781457788\n|move|p1a: Keldeo|Hydro Pump|p2a: Necrozma\n|-crit|p2a: Necrozma\n|-damage|p2a: Necrozma|0 fnt\n|faint|p2a: Necrozma\n|\n|-heal|p1a: Keldeo|160/273|[from] item: Leftovers\n|upkeep\n|\n|t:|1781457798\n|switch|p2a: Hawlucha|Hawlucha, L80, F|256/256\n|turn|10\n|\n|t:|1781457802\n|move|p2a: Hawlucha|Brave Bird|p1a: Keldeo\n|-supereffective|p1a: Keldeo\n|-damage|p1a: Keldeo|0 fnt\n|faint|p1a: Keldeo\n|-damage|p2a: Hawlucha|203/256|[from] Recoil\n|\n|upkeep\n|\n|t:|1781457806\n|switch|p1a: Jirachi|Jirachi, L80|291/291\n|turn|11\n|inactive|Battle timer is ON: inactive players will automatically lose when time's up. (requested by god king raidriar)\n|\n|t:|1781457814\n|switch|p2a: Muk|Muk-Alola, L82, M|138/306\n|move|p1a: Jirachi|Body Slam|p2a: Muk\n|-damage|p2a: Muk|70/306\n|-status|p2a: Muk|par\n|\n|upkeep\n|turn|12\n|\n|t:|1781457817\n|move|p2a: Muk|Shadow Sneak|p1a: Jirachi\n|-supereffective|p1a: Jirachi\n|-damage|p1a: Jirachi|235/291\n|move|p1a: Jirachi|Iron Head|p2a: Muk\n|-damage|p2a: Muk|0 fnt\n|faint|p2a: Muk\n|\n|upkeep\n|\n|t:|1781457825\n|switch|p2a: Hawlucha|Hawlucha, L80, F|203/256\n|turn|13\n|\n|t:|1781457828\n|move|p2a: Hawlucha|Swords Dance|p2a: Hawlucha\n|-boost|p2a: Hawlucha|atk|2\n|move|p1a: Jirachi|Body Slam|p2a: Hawlucha\n|-damage|p2a: Hawlucha|134/256\n|-status|p2a: Hawlucha|par\n|\n|upkeep\n|turn|14\n|\n|t:|1781457831\n|move|p1a: Jirachi|Iron Head|p2a: Hawlucha\n|-damage|p2a: Hawlucha|35/256 par\n|cant|p2a: Hawlucha|flinch\n|\n|upkeep\n|turn|15\n|-message|god king raidriar forfeited.\n|\n|win|TransGirlFromHell\n", "inputlog": ">version a8376a258c1d4662feba110a92103f3664a72141\n>start {\"formatid\":\"gen9randombattle\",\"seed\":\"sodium,5d505145fece6d34a9ce65cbe7388cde\",\"rated\":\"Rated battle\"}\n>player p1 {\"name\":\"TransGirlFromHell\",\"avatar\":\"candice\",\"rating\":1915,\"seed\":\"sodium,078dee93b70aaf2edbb638a88dc0094f\"}\n>player p2 {\"name\":\"god king raidriar\",\"avatar\":\"170\",\"rating\":1949,\"seed\":\"sodium,5c4ff7cc9cea76ea7a94e7ab353c55a8\"}\n>p1 move substitute\n>p2 move gunkshot\n>p1 move calmmind\n>p2 move drainpunch\n>p1 move secretsword\n>p2 move gunkshot\n>p1 move substitute\n>p2 switch 5\n>p1 move hydropump\n>p2 move photongeyser\n>p1 move hydropump\n>p2 move calmmind\n>p1 move hydropump\n>p2 move moonlight\n>p1 move calmmind\n>p2 move moonlight\n>p1 move hydropump\n>p2 move calmmind\n>p2 switch 4\n>p1 move hydropump\n>p2 move bravebird\n>p1 switch 6\n>p1 move bodyslam\n>p2 switch 5\n>p1 move ironhead\n>p2 move shadowsneak\n>p2 switch 5\n>p1 move bodyslam\n>p2 move swordsdance\n>p1 move ironhead\n>p2 move closecombat\n>forcelose p2", "uploadtime": 1781457671, "views": 4, "formatid": "gen9randombattle", "rating": null, "private": 0, "password": null}