{"id": "gen9randombattle-2631733332", "format": "[Gen 9] Random Battle", "players": ["wang_zj", "jfer4"], "log": "|j|\u2606wang_zj\n|j|\u2606jfer4\n|t:|1781430584\n|gametype|singles\n|player|p1|wang_zj|101|2032\n|player|p2|jfer4|266|1959\n|gen|9\n|tier|[Gen 9] Random Battle\n|rated|\n|rule|Species Clause: Limit one of each Pok\u00e9mon\n|rule|HP Percentage Mod: HP is shown in percentages\n|rule|Sleep Clause Mod: Limit one foe put to sleep\n|rule|Illusion Level Mod: Illusion disguises the Pok\u00e9mon's true level\n|\n|t:|1781430584\n|teamsize|p1|6\n|teamsize|p2|6\n|start\n|switch|p1a: Hitmonlee|Hitmonlee, L85, M|224/224\n|switch|p2a: Goodra|Goodra-Hisui, L82, F|265/265\n|turn|1\n|\n|t:|1781430639\n|move|p1a: Hitmonlee|Swords Dance|p1a: Hitmonlee\n|-boost|p1a: Hitmonlee|atk|2\n|move|p2a: Goodra|Draco Meteor|p1a: Hitmonlee\n|-damage|p1a: Hitmonlee|115/224\n|-unboost|p2a: Goodra|spa|2\n|\n|upkeep\n|turn|2\n|\n|t:|1781430672\n|switch|p2a: Illumise|Illumise, L91, F|266/266\n|move|p1a: Hitmonlee|Close Combat|p2a: Illumise\n|-resisted|p2a: Illumise\n|-damage|p2a: Illumise|107/266\n|-unboost|p1a: Hitmonlee|def|1\n|-unboost|p1a: Hitmonlee|spd|1\n|-enditem|p1a: Hitmonlee|White Herb\n|-clearnegativeboost|p1a: Hitmonlee|[silent]\n|\n|upkeep\n|turn|3\n|inactive|Battle timer is ON: inactive players will automatically lose when time's up. (requested by wang_zj)\n|\n|t:|1781430684\n|move|p2a: Illumise|Thunder Wave|p1a: Hitmonlee\n|-status|p1a: Hitmonlee|par\n|move|p1a: Hitmonlee|Knock Off|p2a: Illumise\n|-damage|p2a: Illumise|0 fnt\n|-enditem|p2a: Illumise|Heavy-Duty Boots|[from] move: Knock Off|[of] p1a: Hitmonlee\n|faint|p2a: Illumise\n|\n|upkeep\n|\n|t:|1781430694\n|switch|p2a: Flygon|Flygon, L82, F|265/265\n|turn|4\n|\n|t:|1781430700\n|move|p2a: Flygon|Earthquake|p1a: Hitmonlee\n|-damage|p1a: Hitmonlee|0 fnt\n|faint|p1a: Hitmonlee\n|\n|upkeep\n|\n|t:|1781430712\n|switch|p1a: Lumineon|Lumineon, L93, M|279/279\n|turn|5\n|\n|t:|1781430721\n|switch|p2a: Gastrodon|Gastrodon-East, L86, M|331/331\n|move|p1a: Lumineon|Ice Beam|p2a: Gastrodon\n|-damage|p2a: Gastrodon|244/331\n|-damage|p1a: Lumineon|252/279|[from] item: Life Orb\n|\n|-heal|p2a: Gastrodon|264/331|[from] item: Leftovers\n|upkeep\n|turn|6\n|\n|t:|1781430733\n|move|p1a: Lumineon|Alluring Voice|p2a: Gastrodon\n|-damage|p2a: Gastrodon|193/331\n|-damage|p1a: Lumineon|225/279|[from] item: Life Orb\n|move|p2a: Gastrodon|Earthquake|p1a: Lumineon\n|-damage|p1a: Lumineon|120/279\n|\n|-heal|p2a: Gastrodon|213/331|[from] item: Leftovers\n|upkeep\n|turn|7\n|\n|t:|1781430742\n|switch|p1a: Flapple|Flapple, L88, F|266/266\n|move|p2a: Gastrodon|Recover|p2a: Gastrodon\n|-heal|p2a: Gastrodon|331/331\n|\n|upkeep\n|turn|8\n|\n|t:|1781430749\n|switch|p2a: Goodra|Goodra-Hisui, L82, F|265/265\n|move|p1a: Flapple|Dragon Dance|p1a: Flapple\n|-boost|p1a: Flapple|atk|1\n|-boost|p1a: Flapple|spe|1\n|\n|upkeep\n|turn|9\n|\n|t:|1781430761\n|switch|p2a: Kingambit|Kingambit, L74, M|270/270\n|-activate|p2a: Kingambit|ability: Supreme Overlord\n|-start|p2a: Kingambit|fallen1|[silent]\n|move|p1a: Flapple|Outrage|p2a: Kingambit\n|-resisted|p2a: Kingambit\n|-damage|p2a: Kingambit|124/270\n|\n|-heal|p2a: Kingambit|140/270|[from] item: Leftovers\n|upkeep\n|turn|10\n|\n|t:|1781430773\n|move|p2a: Kingambit|Sucker Punch|p1a: Flapple\n|-damage|p1a: Flapple|179/266\n|move|p1a: Flapple|Outrage|p2a: Kingambit|[from] lockedmove\n|-resisted|p2a: Kingambit\n|-damage|p2a: Kingambit|0 fnt\n|faint|p2a: Kingambit\n|-end|p2a: Kingambit|fallen1|[silent]\n|\n|upkeep\n|\n|t:|1781430781\n|switch|p2a: Flygon|Flygon, L82, F|265/265\n|turn|11\n|\n|t:|1781430785\n|move|p2a: Flygon|Outrage|p1a: Flapple\n|-supereffective|p1a: Flapple\n|-damage|p1a: Flapple|0 fnt\n|faint|p1a: Flapple\n|\n|upkeep\n|\n|t:|1781430794\n|switch|p1a: Houndstone|Houndstone, L86, M|264/264\n|turn|12\n|\n|t:|1781430800\n|move|p2a: Flygon|Outrage|p1a: Houndstone|[from] lockedmove\n|-damage|p1a: Houndstone|211/264\n|-start|p2a: Flygon|confusion|[fatigue]\n|move|p1a: Houndstone|Play Rough|p2a: Flygon\n|-supereffective|p2a: Flygon\n|-damage|p2a: Flygon|105/265\n|-unboost|p2a: Flygon|atk|1\n|\n|upkeep\n|turn|13\n|\n|t:|1781430810\n|switch|p2a: Gastrodon|Gastrodon-East, L86, M|331/331\n|move|p1a: Houndstone|Poltergeist|p2a: Gastrodon\n|-activate|p2a: Gastrodon|move: Poltergeist|Leftovers\n|-damage|p2a: Gastrodon|193/331\n|\n|-heal|p2a: Gastrodon|213/331|[from] item: Leftovers\n|upkeep\n|turn|14\n|\n|t:|1781430828\n|move|p1a: Houndstone|Poltergeist|p2a: Gastrodon\n|-activate|p2a: Gastrodon|move: Poltergeist|Leftovers\n|-damage|p2a: Gastrodon|66/331\n|move|p2a: Gastrodon|Recover|p2a: Gastrodon\n|-heal|p2a: Gastrodon|232/331\n|\n|-heal|p2a: Gastrodon|252/331|[from] item: Leftovers\n|upkeep\n|turn|15\n|\n|t:|1781430839\n|move|p1a: Houndstone|Poltergeist|p2a: Gastrodon|[miss]\n|-miss|p1a: Houndstone|p2a: Gastrodon\n|move|p2a: Gastrodon|Recover|p2a: Gastrodon\n|-heal|p2a: Gastrodon|331/331\n|\n|upkeep\n|turn|16\n|\n|t:|1781430853\n|move|p1a: Houndstone|Poltergeist|p2a: Gastrodon\n|-activate|p2a: Gastrodon|move: Poltergeist|Leftovers\n|-damage|p2a: Gastrodon|186/331\n|move|p2a: Gastrodon|Earthquake|p1a: Houndstone\n|-damage|p1a: Houndstone|118/264\n|\n|-heal|p2a: Gastrodon|206/331|[from] item: Leftovers\n|upkeep\n|turn|17\n|\n|t:|1781430872\n|move|p1a: Houndstone|Poltergeist|p2a: Gastrodon\n|-activate|p2a: Gastrodon|move: Poltergeist|Leftovers\n|-damage|p2a: Gastrodon|49/331\n|move|p2a: Gastrodon|Recover|p2a: Gastrodon\n|-heal|p2a: Gastrodon|215/331\n|\n|-heal|p2a: Gastrodon|235/331|[from] item: Leftovers\n|upkeep\n|turn|18\n|\n|t:|1781430888\n|move|p1a: Houndstone|Poltergeist|p2a: Gastrodon\n|-activate|p2a: Gastrodon|move: Poltergeist|Leftovers\n|-damage|p2a: Gastrodon|78/331\n|move|p2a: Gastrodon|Recover|p2a: Gastrodon\n|-heal|p2a: Gastrodon|244/331\n|\n|-heal|p2a: Gastrodon|264/331|[from] item: Leftovers\n|upkeep\n|turn|19\n|\n|t:|1781430897\n|move|p1a: Houndstone|Poltergeist|p2a: Gastrodon\n|-activate|p2a: Gastrodon|move: Poltergeist|Leftovers\n|-damage|p2a: Gastrodon|116/331\n|move|p2a: Gastrodon|Recover|p2a: Gastrodon\n|-heal|p2a: Gastrodon|282/331\n|\n|-heal|p2a: Gastrodon|302/331|[from] item: Leftovers\n|upkeep\n|turn|20\n|\n|t:|1781430908\n|move|p1a: Houndstone|Poltergeist|p2a: Gastrodon|[miss]\n|-miss|p1a: Houndstone|p2a: Gastrodon\n|move|p2a: Gastrodon|Earthquake|p1a: Houndstone\n|-damage|p1a: Houndstone|28/264\n|\n|-heal|p2a: Gastrodon|322/331|[from] item: Leftovers\n|upkeep\n|turn|21\n|\n|t:|1781430918\n|move|p1a: Houndstone|Body Press|p2a: Gastrodon\n|-damage|p2a: Gastrodon|247/331\n|move|p2a: Gastrodon|Earthquake|p1a: Houndstone\n|-damage|p1a: Houndstone|0 fnt\n|faint|p1a: Houndstone\n|\n|-heal|p2a: Gastrodon|267/331|[from] item: Leftovers\n|upkeep\n|\n|t:|1781430930\n|switch|p1a: Kommo-o|Kommo-o, L78, M|245/245\n|turn|22\n|\n|t:|1781430938\n|move|p1a: Kommo-o|Swords Dance|p1a: Kommo-o\n|-boost|p1a: Kommo-o|atk|2\n|move|p2a: Gastrodon|Ice Beam|p1a: Kommo-o\n|-supereffective|p1a: Kommo-o\n|-damage|p1a: Kommo-o|125/245\n|\n|-heal|p2a: Gastrodon|287/331|[from] item: Leftovers\n|upkeep\n|turn|23\n|\n|t:|1781430950\n|move|p1a: Kommo-o|Scale Shot|p2a: Gastrodon\n|-damage|p2a: Gastrodon|223/331\n|-damage|p2a: Gastrodon|159/331\n|-damage|p2a: Gastrodon|96/331\n|-damage|p2a: Gastrodon|39/331\n|-hitcount|p2a: Gastrodon|4\n|-unboost|p1a: Kommo-o|def|1\n|-boost|p1a: Kommo-o|spe|1\n|move|p2a: Gastrodon|Ice Beam|p1a: Kommo-o\n|-supereffective|p1a: Kommo-o\n|-damage|p1a: Kommo-o|13/245\n|\n|-heal|p2a: Gastrodon|59/331|[from] item: Leftovers\n|upkeep\n|turn|24\n|\n|t:|1781430974\n|move|p1a: Kommo-o|Scale Shot|p2a: Gastrodon\n|-damage|p2a: Gastrodon|0 fnt\n|faint|p2a: Gastrodon\n|-hitcount|p2: Gastrodon|1\n|-unboost|p1a: Kommo-o|def|1\n|-boost|p1a: Kommo-o|spe|1\n|\n|upkeep\n|\n|t:|1781430983\n|switch|p2a: Goodra|Goodra-Hisui, L82, F|265/265\n|turn|25\n|\n|t:|1781430988\n|-terastallize|p2a: Goodra|Flying\n|move|p1a: Kommo-o|Close Combat|p2a: Goodra\n|-resisted|p2a: Goodra\n|-damage|p2a: Goodra|149/265\n|-unboost|p1a: Kommo-o|def|1\n|-unboost|p1a: Kommo-o|spd|1\n|move|p2a: Goodra|Heavy Slam|p1a: Kommo-o\n|-damage|p1a: Kommo-o|0 fnt\n|faint|p1a: Kommo-o\n|\n|upkeep\n|\n|t:|1781431000\n|switch|p1a: Lumineon|Lumineon, L93, M|120/279\n|turn|26\n|\n|t:|1781431006\n|move|p1a: Lumineon|Ice Beam|p2a: Goodra\n|-supereffective|p2a: Goodra\n|-damage|p2a: Goodra|81/265\n|-damage|p1a: Lumineon|93/279|[from] item: Life Orb\n|move|p2a: Goodra|Draco Meteor|p1a: Lumineon\n|-crit|p1a: Lumineon\n|-damage|p1a: Lumineon|0 fnt\n|-unboost|p2a: Goodra|spa|2\n|faint|p1a: Lumineon\n|\n|upkeep\n|\n|t:|1781431018\n|switch|p1a: Regirock|Regirock, L83|268/268\n|turn|27\n|\n|t:|1781431024\n|-terastallize|p1a: Regirock|Fighting\n|move|p2a: Goodra|Knock Off|p1a: Regirock\n|-resisted|p1a: Regirock\n|-damage|p1a: Regirock|251/268\n|-enditem|p1a: Regirock|Chesto Berry|[from] move: Knock Off|[of] p2a: Goodra\n|move|p1a: Regirock|Curse|p1a: Regirock\n|-unboost|p1a: Regirock|spe|1\n|-boost|p1a: Regirock|atk|1\n|-boost|p1a: Regirock|def|1\n|\n|upkeep\n|turn|28\n|\n|t:|1781431037\n|switch|p2a: Sceptile|Sceptile, L87, F|264/264\n|move|p1a: Regirock|Curse|p1a: Regirock\n|-unboost|p1a: Regirock|spe|1\n|-boost|p1a: Regirock|atk|1\n|-boost|p1a: Regirock|def|1\n|\n|upkeep\n|turn|29\n|\n|t:|1781431046\n|move|p2a: Sceptile|Leaf Storm|p1a: Regirock\n|-damage|p1a: Regirock|59/268\n|-unboost|p2a: Sceptile|spa|2\n|-damage|p2a: Sceptile|238/264|[from] item: Life Orb\n|move|p1a: Regirock|Body Press|p2a: Sceptile\n|-damage|p2a: Sceptile|0 fnt\n|faint|p2a: Sceptile\n|\n|upkeep\n|\n|t:|1781431059\n|switch|p2a: Goodra|Goodra-Hisui, L82, F, tera:Flying|81/265\n|turn|30\n|\n|t:|1781431066\n|move|p2a: Goodra|Draco Meteor|p1a: Regirock\n|-crit|p1a: Regirock\n|-damage|p1a: Regirock|0 fnt\n|-unboost|p2a: Goodra|spa|2\n|faint|p1a: Regirock\n|\n|win|jfer4\n", "inputlog": ">version a8376a258c1d4662feba110a92103f3664a72141\n>start {\"formatid\":\"gen9randombattle\",\"seed\":\"sodium,8fa19f1d22a61b0a0579bafdb62b6f3b\",\"rated\":\"Rated battle\"}\n>player p1 {\"name\":\"wang_zj\",\"avatar\":\"101\",\"rating\":2032,\"seed\":\"sodium,8c1238606485a07ce4b842cf07b85627\"}\n>player p2 {\"name\":\"jfer4\",\"avatar\":\"266\",\"rating\":1959,\"seed\":\"sodium,febad11a6cee6661f316085199ecd5c8\"}\n>p1 move swordsdance\n>p2 move dracometeor\n>p1 move closecombat\n>p2 switch 4\n>p1 move knockoff\n>p2 move thunderwave\n>p2 switch 6\n>p1 move closecombat\n>p2 move earthquake\n>p1 switch 2\n>p1 move icebeam\n>p2 switch 5\n>p1 move alluringvoice\n>p2 move earthquake\n>p1 switch 4\n>p2 move recover\n>p1 move dragondance\n>p2 switch 4\n>p1 move outrage\n>p2 switch 3\n>p1 move outrage\n>p2 move suckerpunch\n>p2 switch 5\n>p1 move outrage\n>p2 move outrage\n>p1 switch 5\n>p1 move playrough\n>p2 move outrage\n>p1 move poltergeist\n>p2 switch 4\n>p1 move poltergeist\n>p2 move recover\n>p1 move poltergeist\n>p2 move recover\n>p1 move poltergeist\n>p2 move earthquake\n>p1 move poltergeist\n>p2 move recover\n>p1 move poltergeist\n>p2 move recover\n>p1 move poltergeist\n>p2 move recover\n>p1 move poltergeist\n>p2 move earthquake\n>p1 move bodypress\n>p2 move earthquake\n>p1 switch 3\n>p1 move swordsdance\n>p2 move icebeam\n>p1 move scaleshot\n>p2 move icebeam\n>p1 move scaleshot\n>p2 move icebeam\n>p2 switch 3\n>p1 move closecombat\n>p2 move heavyslam terastallize\n>p1 switch 4\n>p1 move icebeam\n>p2 move dracometeor\n>p1 switch 6\n>p1 move curse terastallize\n>p2 move knockoff\n>p1 move curse\n>p2 switch 2\n>p1 move bodypress\n>p2 move leafstorm\n>p2 switch 2\n>p1 move stoneedge\n>p2 move dracometeor", "uploadtime": 1781430586, "views": 4, "formatid": "gen9randombattle", "rating": null, "private": 0, "password": null}