{"id": "gen9randombattle-2631921850", "format": "[Gen 9] Random Battle", "players": ["Luigicat117", "antho17###"], "log": "|j|\u2606Luigicat117\n|j|\u2606antho17###\n|t:|1781455902\n|gametype|singles\n|player|p1|Luigicat117|acetrainer-gen7|2020\n|player|p2|antho17###|2|2008\n|gen|9\n|tier|[Gen 9] Random Battle\n|rated|\n|rule|Species Clause: Limit one of each Pok\u00e9mon\n|rule|HP Percentage Mod: HP is shown in percentages\n|rule|Sleep Clause Mod: Limit one foe put to sleep\n|rule|Illusion Level Mod: Illusion disguises the Pok\u00e9mon's true level\n|\n|t:|1781455902\n|teamsize|p1|6\n|teamsize|p2|6\n|start\n|switch|p1a: Wugtrio|Wugtrio, L91, F|212/212\n|switch|p2a: Wigglytuff|Wigglytuff, L96, F|424/424\n|turn|1\n|inactive|Battle timer is ON: inactive players will automatically lose when time's up. (requested by Luigicat117)\n|\n|t:|1781455915\n|switch|p1a: Jolteon|Jolteon, L84, M|246/246\n|switch|p2a: Tatsugiri|Tatsugiri, L87, M|260/260\n|\n|upkeep\n|turn|2\n|\n|t:|1781455929\n|move|p1a: Jolteon|Alluring Voice|p2a: Tatsugiri\n|-supereffective|p2a: Tatsugiri\n|-damage|p2a: Tatsugiri|100/260\n|move|p2a: Tatsugiri|Draco Meteor|p1a: Jolteon\n|-damage|p1a: Jolteon|87/246\n|-unboost|p2a: Tatsugiri|spa|2\n|\n|upkeep\n|turn|3\n|\n|t:|1781455935\n|switch|p2a: Wigglytuff|Wigglytuff, L96, F|424/424\n|move|p1a: Jolteon|Alluring Voice|p2a: Wigglytuff\n|-damage|p2a: Wigglytuff|304/424\n|\n|-heal|p2a: Wigglytuff|330/424|[from] item: Leftovers\n|upkeep\n|turn|4\n|\n|t:|1781455944\n|switch|p1a: Registeel|Registeel, L81|262/262\n|move|p2a: Wigglytuff|Knock Off|p1a: Registeel\n|-damage|p1a: Registeel|217/262\n|-enditem|p1a: Registeel|Leftovers|[from] move: Knock Off|[of] p2a: Wigglytuff\n|\n|-heal|p2a: Wigglytuff|356/424|[from] item: Leftovers\n|upkeep\n|turn|5\n|\n|t:|1781455950\n|switch|p2a: Dusknoir|Dusknoir, L89, F|225/225\n|move|p1a: Registeel|Thunder Wave|p2a: Dusknoir\n|-status|p2a: Dusknoir|par\n|\n|upkeep\n|turn|6\n|\n|t:|1781455953\n|move|p1a: Registeel|Stealth Rock|p2a: Dusknoir\n|-sidestart|p2: antho17###|move: Stealth Rock\n|move|p2a: Dusknoir|Earthquake|p1a: Registeel\n|-supereffective|p1a: Registeel\n|-damage|p1a: Registeel|53/262\n|\n|upkeep\n|turn|7\n|\n|t:|1781455956\n|switch|p1a: Moltres|Moltres, L81|278/278\n|move|p2a: Dusknoir|Earthquake|p1a: Moltres\n|-immune|p1a: Moltres\n|\n|upkeep\n|turn|8\n|\n|t:|1781455967\n|switch|p2a: Cramorant|Cramorant, L86, M|261/261\n|move|p1a: Moltres|Fire Blast|p2a: Cramorant\n|-resisted|p2a: Cramorant\n|-damage|p2a: Cramorant|195/261\n|-status|p2a: Cramorant|brn\n|\n|-damage|p2a: Cramorant|179/261 brn|[from] brn\n|upkeep\n|turn|9\n|\n|t:|1781455977\n|switch|p1a: Jolteon|Jolteon, L84, M|87/246\n|move|p2a: Cramorant|Defog|p1a: Jolteon\n|-unboost|p1a: Jolteon|evasion|1\n|-sideend|p2: antho17###|Stealth Rock|[from] move: Defog|[of] p2a: Cramorant\n|\n|-damage|p2a: Cramorant|163/261 brn|[from] brn\n|upkeep\n|turn|10\n|\n|t:|1781455982\n|switch|p2a: Arboliva|Arboliva, L91, F|288/288\n|move|p1a: Jolteon|Volt Switch|p2a: Arboliva\n|-resisted|p2a: Arboliva\n|-damage|p2a: Arboliva|244/288\n|\n|t:|1781455986\n|switch|p1a: Moltres|Moltres, L81|278/278|[from] Volt Switch\n|\n|upkeep\n|turn|11\n|\n|t:|1781455993\n|switch|p2a: Cramorant|Cramorant, L86, M|163/261 brn\n|move|p1a: Moltres|Fire Blast|p2a: Cramorant\n|-resisted|p2a: Cramorant\n|-damage|p2a: Cramorant|103/261 brn\n|\n|-damage|p2a: Cramorant|87/261 brn|[from] brn\n|upkeep\n|turn|12\n|\n|t:|1781456000\n|move|p2a: Cramorant|Roost|p2a: Cramorant\n|-heal|p2a: Cramorant|218/261 brn\n|-singleturn|p2a: Cramorant|move: Roost\n|move|p1a: Moltres|Brave Bird|p2a: Cramorant\n|-damage|p2a: Cramorant|56/261 brn\n|-damage|p1a: Moltres|225/278|[from] Recoil\n|\n|-damage|p2a: Cramorant|40/261 brn|[from] brn\n|upkeep\n|turn|13\n|\n|t:|1781456007\n|move|p2a: Cramorant|Roost|p2a: Cramorant\n|-heal|p2a: Cramorant|171/261 brn\n|-singleturn|p2a: Cramorant|move: Roost\n|move|p1a: Moltres|Brave Bird|p2a: Cramorant\n|-damage|p2a: Cramorant|6/261 brn\n|-damage|p1a: Moltres|171/278|[from] Recoil\n|\n|-damage|p2a: Cramorant|0 fnt|[from] brn\n|faint|p2a: Cramorant\n|upkeep\n|\n|t:|1781456013\n|switch|p2a: Pawmot|Pawmot, L80, M|243/243\n|turn|14\n|\n|t:|1781456019\n|switch|p1a: Jolteon|Jolteon, L84, M|87/246\n|move|p2a: Pawmot|Close Combat|p1a: Jolteon\n|-crit|p1a: Jolteon\n|-damage|p1a: Jolteon|0 fnt\n|-unboost|p2a: Pawmot|def|1\n|-unboost|p2a: Pawmot|spd|1\n|faint|p1a: Jolteon\n|-damage|p2a: Pawmot|219/243|[from] item: Life Orb\n|\n|upkeep\n|\n|t:|1781456031\n|switch|p1a: Wugtrio|Wugtrio, L91, F|212/212\n|turn|15\n|\n|t:|1781456037\n|switch|p1a: Moltres|Moltres, L81|171/278\n|switch|p2a: Wigglytuff|Wigglytuff, L96, F|356/424\n|\n|-heal|p2a: Wigglytuff|382/424|[from] item: Leftovers\n|upkeep\n|turn|16\n|\n|t:|1781456045\n|move|p1a: Moltres|Brave Bird|p2a: Wigglytuff\n|-damage|p2a: Wigglytuff|207/424\n|-damage|p1a: Moltres|113/278|[from] Recoil\n|move|p2a: Wigglytuff|Thunder Wave|p1a: Moltres\n|-status|p1a: Moltres|par\n|\n|-heal|p2a: Wigglytuff|233/424|[from] item: Leftovers\n|upkeep\n|turn|17\n|\n|t:|1781456052\n|move|p2a: Wigglytuff|Knock Off|p1a: Moltres\n|-damage|p1a: Moltres|43/278 par\n|-status|p2a: Wigglytuff|brn|[from] ability: Flame Body|[of] p1a: Moltres\n|-enditem|p1a: Moltres|Heavy-Duty Boots|[from] move: Knock Off|[of] p2a: Wigglytuff\n|move|p1a: Moltres|Roost|p1a: Moltres\n|-heal|p1a: Moltres|182/278 par\n|-singleturn|p1a: Moltres|move: Roost\n|\n|-heal|p2a: Wigglytuff|259/424 brn|[from] item: Leftovers\n|-damage|p2a: Wigglytuff|233/424 brn|[from] brn\n|upkeep\n|turn|18\n|inactive|antho17### has 120 seconds left.\n|\n|t:|1781456082\n|move|p2a: Wigglytuff|Dazzling Gleam|p1a: Moltres\n|-resisted|p1a: Moltres\n|-damage|p1a: Moltres|127/278 par\n|move|p1a: Moltres|Roost|p1a: Moltres\n|-heal|p1a: Moltres|266/278 par\n|-singleturn|p1a: Moltres|move: Roost\n|\n|-heal|p2a: Wigglytuff|259/424 brn|[from] item: Leftovers\n|-damage|p2a: Wigglytuff|233/424 brn|[from] brn\n|upkeep\n|turn|19\n|\n|t:|1781456087\n|move|p2a: Wigglytuff|Dazzling Gleam|p1a: Moltres\n|-resisted|p1a: Moltres\n|-damage|p1a: Moltres|212/278 par\n|move|p1a: Moltres|Fire Blast|p2a: Wigglytuff|[miss]\n|-miss|p1a: Moltres|p2a: Wigglytuff\n|\n|-heal|p2a: Wigglytuff|259/424 brn|[from] item: Leftovers\n|-damage|p2a: Wigglytuff|233/424 brn|[from] brn\n|upkeep\n|turn|20\n|\n|t:|1781456093\n|switch|p2a: Tatsugiri|Tatsugiri, L87, M|100/260\n|cant|p1a: Moltres|par\n|\n|upkeep\n|turn|21\n|\n|t:|1781456100\n|switch|p1a: Registeel|Registeel, L81|53/262\n|move|p2a: Tatsugiri|Hydro Pump|p1a: Registeel|[miss]\n|-miss|p2a: Tatsugiri|p1a: Registeel\n|\n|upkeep\n|turn|22\n|\n|t:|1781456105\n|move|p2a: Tatsugiri|Hydro Pump|p1a: Registeel|[miss]\n|-miss|p2a: Tatsugiri|p1a: Registeel\n|move|p1a: Registeel|Stealth Rock|p2a: Tatsugiri\n|-sidestart|p2: antho17###|move: Stealth Rock\n|\n|upkeep\n|turn|23\n|\n|t:|1781456108\n|move|p2a: Tatsugiri|Rapid Spin|p1a: Registeel\n|-resisted|p1a: Registeel\n|-damage|p1a: Registeel|45/262\n|-boost|p2a: Tatsugiri|spe|1\n|-sideend|p2: antho17###|Stealth Rock|[from] move: Rapid Spin|[of] p2a: Tatsugiri\n|move|p1a: Registeel|Thunder Wave|p2a: Tatsugiri\n|-status|p2a: Tatsugiri|par\n|\n|upkeep\n|turn|24\n|\n|t:|1781456113\n|move|p2a: Tatsugiri|Hydro Pump|p1a: Registeel\n|-damage|p1a: Registeel|0 fnt\n|faint|p1a: Registeel\n|\n|upkeep\n|\n|t:|1781456123\n|switch|p1a: Haxorus|Haxorus, L77, F|244/244\n|-ability|p1a: Haxorus|Mold Breaker\n|turn|25\n|\n|t:|1781456130\n|move|p1a: Haxorus|Scale Shot|p2a: Tatsugiri\n|-supereffective|p2a: Tatsugiri\n|-damage|p2a: Tatsugiri|20/260 par\n|-supereffective|p2a: Tatsugiri\n|-damage|p2a: Tatsugiri|0 fnt\n|faint|p2a: Tatsugiri\n|-hitcount|p2: Tatsugiri|2\n|-unboost|p1a: Haxorus|def|1\n|-boost|p1a: Haxorus|spe|1\n|\n|upkeep\n|\n|t:|1781456139\n|switch|p2a: Dusknoir|Dusknoir, L89, F|225/225 par\n|-item|p1a: Haxorus|Loaded Dice|[from] ability: Frisk|[of] p2a: Dusknoir\n|turn|26\n|\n|t:|1781456147\n|switch|p1a: Tauros|Tauros-Paldea-Aqua, L81, M|252/252\n|move|p2a: Dusknoir|Poltergeist|p1a: Tauros\n|-activate|p1a: Tauros|move: Poltergeist|Sitrus Berry\n|-damage|p1a: Tauros|86/252\n|-enditem|p1a: Tauros|Sitrus Berry|[eat]\n|-heal|p1a: Tauros|149/252|[from] item: Sitrus Berry\n|\n|upkeep\n|turn|27\n|\n|t:|1781456155\n|move|p1a: Tauros|Bulk Up|p1a: Tauros\n|-boost|p1a: Tauros|atk|1\n|-boost|p1a: Tauros|def|1\n|move|p2a: Dusknoir|Poltergeist||[still]\n|-fail|p2a: Dusknoir\n|\n|-activate|p1a: Tauros|ability: Cud Chew\n|-enditem|p1a: Tauros|Sitrus Berry|[eat]\n|-heal|p1a: Tauros|212/252|[from] item: Sitrus Berry\n|upkeep\n|turn|28\n|\n|t:|1781456165\n|switch|p2a: Wigglytuff|Wigglytuff, L96, F|233/424 brn\n|move|p1a: Tauros|Substitute|p1a: Tauros\n|-start|p1a: Tauros|Substitute\n|-damage|p1a: Tauros|149/252\n|\n|-heal|p2a: Wigglytuff|259/424 brn|[from] item: Leftovers\n|-damage|p2a: Wigglytuff|233/424 brn|[from] brn\n|upkeep\n|turn|29\n|\n|t:|1781456170\n|move|p1a: Tauros|Close Combat|p2a: Wigglytuff\n|-damage|p2a: Wigglytuff|0 fnt\n|-unboost|p1a: Tauros|def|1\n|-unboost|p1a: Tauros|spd|1\n|faint|p2a: Wigglytuff\n|\n|upkeep\n|\n|t:|1781456179\n|switch|p2a: Arboliva|Arboliva, L91, F|244/288\n|turn|30\n|\n|t:|1781456206\n|-terastallize|p2a: Arboliva|Water\n|move|p1a: Tauros|Liquidation|p2a: Arboliva\n|-resisted|p2a: Arboliva\n|-damage|p2a: Arboliva|184/288\n|move|p2a: Arboliva|Hyper Voice|p1a: Tauros\n|-damage|p1a: Tauros|0 fnt\n|faint|p1a: Tauros\n|\n|upkeep\n|inactive|Luigicat117 has 120 seconds left.\n|\n|t:|1781456217\n|switch|p1a: Haxorus|Haxorus, L77, F|244/244\n|-ability|p1a: Haxorus|Mold Breaker\n|turn|31\n|\n|t:|1781456228\n|move|p1a: Haxorus|Swords Dance|p1a: Haxorus\n|-boost|p1a: Haxorus|atk|2\n|move|p2a: Arboliva|Hyper Voice|p1a: Haxorus\n|-damage|p1a: Haxorus|57/244\n|\n|upkeep\n|turn|32\n|\n|t:|1781456245\n|move|p1a: Haxorus|Scale Shot|p2a: Arboliva\n|-damage|p2a: Arboliva|124/288\n|-enditem|p2a: Arboliva|Sitrus Berry|[eat]\n|-heal|p2a: Arboliva|196/288|[from] item: Sitrus Berry\n|-damage|p2a: Arboliva|142/288\n|-damage|p2a: Arboliva|81/288\n|-damage|p2a: Arboliva|23/288\n|-hitcount|p2a: Arboliva|4\n|-unboost|p1a: Haxorus|def|1\n|-boost|p1a: Haxorus|spe|1\n|move|p2a: Arboliva|Hyper Voice|p1a: Haxorus\n|-damage|p1a: Haxorus|0 fnt\n|faint|p1a: Haxorus\n|\n|upkeep\n|\n|t:|1781456256\n|switch|p1a: Wugtrio|Wugtrio, L91, F|212/212\n|turn|33\n|\n|t:|1781456262\n|move|p2a: Arboliva|Protect|p2a: Arboliva\n|-singleturn|p2a: Arboliva|Protect\n|move|p1a: Wugtrio|Stomping Tantrum|p2a: Arboliva\n|-activate|p2a: Arboliva|move: Protect\n|\n|upkeep\n|turn|34\n|\n|t:|1781456267\n|switch|p2a: Dusknoir|Dusknoir, L89, F|225/225 par\n|-item|p1a: Wugtrio|Choice Band|[from] ability: Frisk|[of] p2a: Dusknoir\n|move|p1a: Wugtrio|Stomping Tantrum|p2a: Dusknoir\n|-damage|p2a: Dusknoir|158/225 par\n|\n|upkeep\n|turn|35\n|\n|t:|1781456278\n|switch|p1a: Moltres|Moltres, L81|212/278 par\n|move|p2a: Dusknoir|Poltergeist||[still]\n|-fail|p2a: Dusknoir\n|\n|upkeep\n|turn|36\n|\n|t:|1781456291\n|cant|p1a: Moltres|par\n|move|p2a: Dusknoir|Poltergeist||[still]\n|-fail|p2a: Dusknoir\n|\n|upkeep\n|turn|37\n|\n|t:|1781456293\n|switch|p2a: Pawmot|Pawmot, L80, M|219/243\n|move|p1a: Moltres|Fire Blast|p2a: Pawmot\n|-crit|p2a: Pawmot\n|-damage|p2a: Pawmot|0 fnt\n|faint|p2a: Pawmot\n|\n|upkeep\n|\n|t:|1781456300\n|switch|p2a: Arboliva|Arboliva, L91, F, tera:Water|23/288\n|turn|38\n|\n|t:|1781456313\n|move|p2a: Arboliva|Protect|p2a: Arboliva\n|-singleturn|p2a: Arboliva|Protect\n|move|p1a: Moltres|Scorching Sands|p2a: Arboliva\n|-activate|p2a: Arboliva|move: Protect\n|\n|-item|p2a: Arboliva|Sitrus Berry|[from] ability: Harvest\n|upkeep\n|-enditem|p2a: Arboliva|Sitrus Berry|[eat]\n|-heal|p2a: Arboliva|95/288|[from] item: Sitrus Berry\n|turn|39\n|\n|t:|1781456341\n|move|p2a: Arboliva|Hyper Voice|p1a: Moltres\n|-damage|p1a: Moltres|68/278 par\n|move|p1a: Moltres|Brave Bird|p2a: Arboliva\n|-crit|p2a: Arboliva\n|-damage|p2a: Arboliva|0 fnt\n|faint|p2a: Arboliva\n|-damage|p1a: Moltres|37/278 par|[from] Recoil\n|\n|upkeep\n|\n|t:|1781456346\n|switch|p2a: Dusknoir|Dusknoir, L89, F|158/225 par\n|turn|40\n|\n|t:|1781456352\n|move|p2a: Dusknoir|Shadow Sneak|p1a: Moltres\n|-damage|p1a: Moltres|0 fnt\n|faint|p1a: Moltres\n|\n|upkeep\n|\n|t:|1781456353\n|switch|p1a: Wugtrio|Wugtrio, L91, F|212/212\n|turn|41\n|\n|t:|1781456357\n|move|p2a: Dusknoir|Shadow Sneak|p1a: Wugtrio\n|-damage|p1a: Wugtrio|109/212\n|-ability|p1a: Wugtrio|Gooey\n|-unboost|p2a: Dusknoir|spe|1\n|move|p1a: Wugtrio|Throat Chop|p2a: Dusknoir\n|-supereffective|p2a: Dusknoir\n|-crit|p2a: Dusknoir\n|-damage|p2a: Dusknoir|0 fnt\n|faint|p2a: Dusknoir\n|\n|win|Luigicat117\n", "inputlog": ">version a8376a258c1d4662feba110a92103f3664a72141\n>start {\"formatid\":\"gen9randombattle\",\"seed\":\"sodium,a6a83214066a7eca3bb5a488fd681bc6\",\"rated\":\"Rated battle\"}\n>player p1 {\"name\":\"Luigicat117\",\"avatar\":\"acetrainer-gen7\",\"rating\":2020,\"seed\":\"sodium,18740fc3041c424b3401b2447178802c\"}\n>player p2 {\"name\":\"antho17###\",\"avatar\":\"2\",\"rating\":2008,\"seed\":\"sodium,537d1a977604641229ff109f66cc98ab\"}\n>p1 switch 6\n>p2 switch 2\n>p1 move alluringvoice\n>p2 move dracometeor\n>p1 move alluringvoice\n>p2 switch 2\n>p1 switch 5\n>p2 move knockoff\n>p1 move thunderwave\n>p2 switch 3\n>p1 move stealthrock\n>p2 move earthquake\n>p1 switch 3\n>p2 move earthquake\n>p1 move fireblast\n>p2 switch 4\n>p1 switch 5\n>p2 move defog\n>p1 move voltswitch\n>p2 switch 5\n>p1 switch 5\n>p1 move fireblast\n>p2 switch 5\n>p1 move bravebird\n>p2 move roost\n>p1 move bravebird\n>p2 move roost\n>p2 switch 6\n>p1 switch 5\n>p2 move closecombat\n>p1 switch 6\n>p1 switch 5\n>p2 switch 3\n>p1 move bravebird\n>p2 move thunderwave\n>p1 move roost\n>p2 move knockoff\n>p1 move roost\n>p2 move dazzlinggleam\n>p1 move fireblast\n>p2 move dazzlinggleam\n>p1 move fireblast\n>p2 switch 2\n>p1 switch 3\n>p2 move hydropump\n>p1 move stealthrock\n>p2 move hydropump\n>p1 move thunderwave\n>p2 move rapidspin\n>p1 move stealthrock\n>p2 move hydropump\n>p1 switch 4\n>p1 move scaleshot\n>p2 move dracometeor\n>p2 switch 4\n>p1 switch 2\n>p2 move poltergeist\n>p1 move bulkup\n>p2 move poltergeist\n>p1 move substitute\n>p2 switch 2\n>p1 move closecombat\n>p2 move dazzlinggleam\n>p2 switch 5\n>p1 move liquidation\n>p2 move hypervoice terastallize\n>p1 switch 2\n>p1 move swordsdance\n>p2 move hypervoice\n>p1 move scaleshot\n>p2 move hypervoice\n>p1 switch 5\n>p1 move stompingtantrum\n>p2 move protect\n>p1 move stompingtantrum\n>p2 switch 2\n>p1 switch 3\n>p2 move poltergeist\n>p1 move fireblast\n>p2 move poltergeist\n>p1 move fireblast\n>p2 switch 3\n>p2 switch 2\n>p1 move scorchingsands\n>p2 move protect\n>p1 move bravebird\n>p2 move hypervoice\n>p2 switch 3\n>p1 move fireblast\n>p2 move shadowsneak\n>p1 switch 3\n>p1 move throatchop\n>p2 move shadowsneak", "uploadtime": 1781455903, "views": 7, "formatid": "gen9randombattle", "rating": null, "private": 0, "password": null}