{"id": "gen9randombattle-2631446553", "format": "[Gen 9] Random Battle", "players": ["gangsta spongebob", "Crysys1"], "log": "|j|\u2606gangsta spongebob\n|j|\u2606Crysys1\n|t:|1781385691\n|gametype|singles\n|player|p1|gangsta spongebob|265|1970\n|player|p2|Crysys1|2|2111\n|gen|9\n|tier|[Gen 9] Random Battle\n|rated|\n|rule|Species Clause: Limit one of each Pok\u00e9mon\n|rule|HP Percentage Mod: HP is shown in percentages\n|rule|Sleep Clause Mod: Limit one foe put to sleep\n|rule|Illusion Level Mod: Illusion disguises the Pok\u00e9mon's true level\n|\n|t:|1781385691\n|teamsize|p1|6\n|teamsize|p2|6\n|start\n|switch|p1a: Vivillon|Vivillon-Polar, L83, M|268/268\n|switch|p2a: Slither Wing|Slither Wing, L81|270/270\n|turn|1\n|\n|t:|1781385705\n|-end|p2a: Slither Wing|Protosynthesis|[silent]\n|switch|p2a: Swalot|Swalot, L90, M|326/326\n|move|p1a: Vivillon|Hurricane|p2a: Swalot\n|-damage|p2a: Swalot|224/326\n|\n|-heal|p2a: Swalot|244/326|[from] item: Leftovers\n|upkeep\n|turn|2\n|\n|t:|1781385710\n|move|p1a: Vivillon|Sleep Powder|p2a: Swalot\n|-status|p2a: Swalot|slp|[from] move: Sleep Powder\n|cant|p2a: Swalot|slp\n|\n|-heal|p2a: Swalot|264/326 slp|[from] item: Leftovers\n|upkeep\n|turn|3\n|\n|t:|1781385718\n|switch|p1a: Hoopa|Hoopa-Unbound, L80|259/259\n|switch|p2a: Volcanion|Volcanion, L79|255/255\n|\n|upkeep\n|turn|4\n|\n|t:|1781385726\n|switch|p1a: Araquanid|Araquanid, L82, F|246/246\n|switch|p2a: Ting-Lu|Ting-Lu, L78|370/370\n|-ability|p2a: Ting-Lu|Vessel of Ruin\n|\n|upkeep\n|turn|5\n|\n|t:|1781385734\n|switch|p2a: Dusknoir|Dusknoir, L89, F|225/225\n|-item|p1a: Araquanid|Heavy-Duty Boots|[from] ability: Frisk|[of] p2a: Dusknoir\n|move|p1a: Araquanid|Sticky Web|p2a: Dusknoir\n|-sidestart|p2: Crysys1|move: Sticky Web\n|\n|upkeep\n|turn|6\n|\n|t:|1781385738\n|move|p2a: Dusknoir|Substitute|p2a: Dusknoir\n|-start|p2a: Dusknoir|Substitute\n|-damage|p2a: Dusknoir|169/225\n|move|p1a: Araquanid|Liquidation|p2a: Dusknoir\n|-end|p2a: Dusknoir|Substitute\n|\n|-heal|p2a: Dusknoir|183/225|[from] item: Leftovers\n|upkeep\n|turn|7\n|\n|t:|1781385744\n|move|p2a: Dusknoir|Substitute|p2a: Dusknoir\n|-start|p2a: Dusknoir|Substitute\n|-damage|p2a: Dusknoir|127/225\n|move|p1a: Araquanid|Liquidation|p2a: Dusknoir\n|-end|p2a: Dusknoir|Substitute\n|\n|-heal|p2a: Dusknoir|141/225|[from] item: Leftovers\n|upkeep\n|turn|8\n|\n|t:|1781385749\n|move|p2a: Dusknoir|Substitute|p2a: Dusknoir\n|-start|p2a: Dusknoir|Substitute\n|-damage|p2a: Dusknoir|85/225\n|move|p1a: Araquanid|Liquidation|p2a: Dusknoir\n|-end|p2a: Dusknoir|Substitute\n|\n|-heal|p2a: Dusknoir|99/225|[from] item: Leftovers\n|upkeep\n|turn|9\n|\n|t:|1781385752\n|move|p2a: Dusknoir|Substitute|p2a: Dusknoir\n|-start|p2a: Dusknoir|Substitute\n|-damage|p2a: Dusknoir|43/225\n|move|p1a: Araquanid|Liquidation|p2a: Dusknoir\n|-end|p2a: Dusknoir|Substitute\n|\n|-heal|p2a: Dusknoir|57/225|[from] item: Leftovers\n|upkeep\n|turn|10\n|\n|t:|1781385764\n|move|p2a: Dusknoir|Pain Split|p1a: Araquanid\n|-sethp|p1a: Araquanid|151/246|[from] move: Pain Split|[silent]\n|-sethp|p2a: Dusknoir|151/225|[from] move: Pain Split\n|move|p1a: Araquanid|Liquidation|p2a: Dusknoir\n|-damage|p2a: Dusknoir|54/225\n|\n|-heal|p2a: Dusknoir|68/225|[from] item: Leftovers\n|upkeep\n|turn|11\n|\n|t:|1781385771\n|move|p2a: Dusknoir|Pain Split|p1a: Araquanid\n|-sethp|p1a: Araquanid|109/246|[from] move: Pain Split|[silent]\n|-sethp|p2a: Dusknoir|109/225|[from] move: Pain Split\n|move|p1a: Araquanid|Liquidation|p2a: Dusknoir\n|-damage|p2a: Dusknoir|15/225\n|\n|-heal|p2a: Dusknoir|29/225|[from] item: Leftovers\n|upkeep\n|turn|12\n|\n|t:|1781385776\n|move|p2a: Dusknoir|Poltergeist|p1a: Araquanid\n|-activate|p1a: Araquanid|move: Poltergeist|Heavy-Duty Boots\n|-damage|p1a: Araquanid|0 fnt\n|faint|p1a: Araquanid\n|\n|-heal|p2a: Dusknoir|43/225|[from] item: Leftovers\n|upkeep\n|\n|t:|1781385782\n|switch|p1a: Heatran|Heatran, L79, F|273/273\n|-item|p1a: Heatran|Air Balloon\n|turn|13\n|\n|t:|1781385811\n|-singleturn|p2a: Dusknoir|move: Focus Punch\n|move|p1a: Heatran|Heavy Slam|p2a: Dusknoir\n|-damage|p2a: Dusknoir|0 fnt\n|faint|p2a: Dusknoir\n|\n|upkeep\n|\n|t:|1781385823\n|switch|p2a: Volcanion|Volcanion, L79|255/255\n|-activate|p2a: Volcanion|move: Sticky Web\n|-unboost|p2a: Volcanion|spe|1\n|turn|14\n|\n|t:|1781385832\n|move|p1a: Heatran|Earth Power|p2a: Volcanion\n|-supereffective|p2a: Volcanion\n|-damage|p2a: Volcanion|163/255\n|move|p2a: Volcanion|Steam Eruption|p1a: Heatran|[miss]\n|-miss|p2a: Volcanion|p1a: Heatran\n|\n|upkeep\n|turn|15\n|\n|t:|1781385840\n|switch|p2a: Ting-Lu|Ting-Lu, L78|370/370\n|-activate|p2a: Ting-Lu|move: Sticky Web\n|-unboost|p2a: Ting-Lu|spe|1\n|-ability|p2a: Ting-Lu|Vessel of Ruin\n|move|p1a: Heatran|Stealth Rock|p2a: Ting-Lu\n|-sidestart|p2: Crysys1|move: Stealth Rock\n|\n|upkeep\n|turn|16\n|\n|t:|1781385845\n|switch|p1a: Avalugg|Avalugg-Hisui, L90, F|317/317\n|move|p2a: Ting-Lu|Payback|p1a: Avalugg\n|-damage|p1a: Avalugg|292/317\n|\n|upkeep\n|turn|17\n|\n|t:|1781385851\n|switch|p2a: Slither Wing|Slither Wing, L81|270/270\n|move|p1a: Avalugg|Avalanche|p2a: Slither Wing\n|-damage|p2a: Slither Wing|173/270\n|\n|upkeep\n|turn|18\n|\n|t:|1781385856\n|switch|p1a: Vivillon|Vivillon-Polar, L83, M|268/268\n|move|p2a: Slither Wing|Morning Sun|p2a: Slither Wing\n|-heal|p2a: Slither Wing|270/270\n|\n|upkeep\n|turn|19\n|\n|t:|1781385866\n|-end|p2a: Slither Wing|Protosynthesis|[silent]\n|switch|p2a: Ting-Lu|Ting-Lu, L78|370/370\n|-activate|p2a: Ting-Lu|move: Sticky Web\n|-unboost|p2a: Ting-Lu|spe|1\n|-damage|p2a: Ting-Lu|347/370|[from] Stealth Rock\n|-ability|p2a: Ting-Lu|Vessel of Ruin\n|move|p1a: Vivillon|Hurricane|p2a: Ting-Lu\n|-damage|p2a: Ting-Lu|286/370\n|-start|p2a: Ting-Lu|confusion\n|\n|upkeep\n|turn|20\n|\n|t:|1781385877\n|switch|p2a: Volcanion|Volcanion, L79|163/255\n|-activate|p2a: Volcanion|move: Sticky Web\n|-unboost|p2a: Volcanion|spe|1\n|-damage|p2a: Volcanion|100/255|[from] Stealth Rock\n|move|p1a: Vivillon|Bug Buzz|p2a: Volcanion\n|-resisted|p2a: Volcanion\n|-damage|p2a: Volcanion|70/255\n|\n|upkeep\n|turn|21\n|\n|t:|1781385884\n|move|p1a: Vivillon|Quiver Dance|p1a: Vivillon\n|-boost|p1a: Vivillon|spa|1\n|-boost|p1a: Vivillon|spd|1\n|-boost|p1a: Vivillon|spe|1\n|move|p2a: Volcanion|Steam Eruption|p1a: Vivillon\n|-damage|p1a: Vivillon|136/268\n|\n|upkeep\n|turn|22\n|\n|t:|1781385888\n|move|p1a: Vivillon|Hurricane|p2a: Volcanion\n|-damage|p2a: Volcanion|0 fnt\n|faint|p2a: Volcanion\n|\n|upkeep\n|\n|t:|1781385893\n|switch|p2a: Chien-Pao|Chien-Pao, L72|234/234\n|-activate|p2a: Chien-Pao|move: Sticky Web\n|-unboost|p2a: Chien-Pao|spe|1\n|-damage|p2a: Chien-Pao|176/234|[from] Stealth Rock\n|-ability|p2a: Chien-Pao|Sword of Ruin\n|turn|23\n|\n|t:|1781385898\n|move|p2a: Chien-Pao|Ice Shard|p1a: Vivillon\n|-supereffective|p1a: Vivillon\n|-damage|p1a: Vivillon|0 fnt\n|faint|p1a: Vivillon\n|\n|upkeep\n|\n|t:|1781385900\n|switch|p1a: Heatran|Heatran, L79, F|273/273\n|-item|p1a: Heatran|Air Balloon\n|turn|24\n|\n|t:|1781385910\n|switch|p2a: Ting-Lu|Ting-Lu, L78|286/370\n|-activate|p2a: Ting-Lu|move: Sticky Web\n|-unboost|p2a: Ting-Lu|spe|1\n|-damage|p2a: Ting-Lu|263/370|[from] Stealth Rock\n|-ability|p2a: Ting-Lu|Vessel of Ruin\n|move|p1a: Heatran|Lava Plume|p2a: Ting-Lu\n|-damage|p2a: Ting-Lu|203/370\n|\n|upkeep\n|turn|25\n|\n|t:|1781385917\n|switch|p1a: Avalugg|Avalugg-Hisui, L90, F|292/317\n|move|p2a: Ting-Lu|Heavy Slam|p1a: Avalugg\n|-supereffective|p1a: Avalugg\n|-damage|p1a: Avalugg|208/317\n|\n|upkeep\n|turn|26\n|\n|t:|1781385933\n|switch|p2a: Slither Wing|Slither Wing, L81|270/270\n|move|p1a: Avalugg|Stone Edge|p2a: Slither Wing\n|-damage|p2a: Slither Wing|98/270\n|\n|upkeep\n|turn|27\n|\n|t:|1781385947\n|switch|p1a: Haxorus|Haxorus, L77, M|244/244\n|-ability|p1a: Haxorus|Mold Breaker\n|move|p2a: Slither Wing|Will-O-Wisp|p1a: Haxorus\n|-status|p1a: Haxorus|brn\n|-enditem|p1a: Haxorus|Lum Berry|[eat]\n|-curestatus|p1a: Haxorus|brn|[msg]\n|\n|upkeep\n|turn|28\n|\n|t:|1781385956\n|move|p1a: Haxorus|Outrage|p2a: Slither Wing\n|-damage|p2a: Slither Wing|0 fnt\n|faint|p2a: Slither Wing\n|-end|p2a: Slither Wing|Protosynthesis|[silent]\n|\n|upkeep\n|-message|Crysys1 forfeited.\n|\n|win|gangsta spongebob\n", "uploadtime": 1781385693, "views": 7, "formatid": "gen9randombattle", "rating": null, "private": 0, "password": null}