{"id": "gen9randombattle-2631916134", "format": "[Gen 9] Random Battle", "players": ["TransGirlFromHell", "soap_trusted_you"], "log": "|j|\u2606TransGirlFromHell\n|j|\u2606soap_trusted_you\n|t:|1781455277\n|gametype|singles\n|player|p1|TransGirlFromHell|candice|1908\n|player|p2|soap_trusted_you|roughneck|1940\n|gen|9\n|tier|[Gen 9] Random Battle\n|rated|\n|rule|Species Clause: Limit one of each Pok\u00e9mon\n|rule|HP Percentage Mod: HP is shown in percentages\n|rule|Sleep Clause Mod: Limit one foe put to sleep\n|rule|Illusion Level Mod: Illusion disguises the Pok\u00e9mon's true level\n|\n|t:|1781455277\n|teamsize|p1|6\n|teamsize|p2|6\n|start\n|switch|p1a: Okidogi|Okidogi, L77, M|262/262\n|switch|p2a: Hippowdon|Hippowdon, L82, F|311/311\n|-weather|Sandstorm|[from] ability: Sand Stream|[of] p2a: Hippowdon\n|turn|1\n|inactive|Battle timer is ON: inactive players will automatically lose when time's up. (requested by soap_trusted_you)\n|\n|t:|1781455291\n|switch|p1a: Vigoroth|Vigoroth, L85, F|275/275\n|move|p2a: Hippowdon|Stone Edge|p1a: Vigoroth\n|-crit|p1a: Vigoroth\n|-damage|p1a: Vigoroth|198/275\n|\n|-weather|Sandstorm|[upkeep]\n|-damage|p1a: Vigoroth|181/275|[from] Sandstorm\n|upkeep\n|turn|2\n|\n|t:|1781455301\n|move|p1a: Vigoroth|Knock Off|p2a: Hippowdon\n|-damage|p2a: Hippowdon|258/311\n|-enditem|p2a: Hippowdon|Leftovers|[from] move: Knock Off|[of] p1a: Vigoroth\n|move|p2a: Hippowdon|Curse|p2a: Hippowdon\n|-unboost|p2a: Hippowdon|spe|1\n|-boost|p2a: Hippowdon|atk|1\n|-boost|p2a: Hippowdon|def|1\n|\n|-weather|Sandstorm|[upkeep]\n|-damage|p1a: Vigoroth|164/275|[from] Sandstorm\n|upkeep\n|turn|3\n|\n|t:|1781455305\n|move|p1a: Vigoroth|Bulk Up|p1a: Vigoroth\n|-boost|p1a: Vigoroth|atk|1\n|-boost|p1a: Vigoroth|def|1\n|move|p2a: Hippowdon|Earthquake|p1a: Vigoroth\n|-damage|p1a: Vigoroth|86/275\n|\n|-weather|Sandstorm|[upkeep]\n|-damage|p1a: Vigoroth|69/275|[from] Sandstorm\n|upkeep\n|turn|4\n|\n|t:|1781455308\n|move|p1a: Vigoroth|Slack Off|p1a: Vigoroth\n|-heal|p1a: Vigoroth|207/275\n|move|p2a: Hippowdon|Earthquake|p1a: Vigoroth\n|-damage|p1a: Vigoroth|134/275\n|\n|-weather|Sandstorm|[upkeep]\n|-damage|p1a: Vigoroth|117/275|[from] Sandstorm\n|upkeep\n|turn|5\n|\n|t:|1781455317\n|move|p1a: Vigoroth|Bulk Up|p1a: Vigoroth\n|-boost|p1a: Vigoroth|atk|1\n|-boost|p1a: Vigoroth|def|1\n|move|p2a: Hippowdon|Earthquake|p1a: Vigoroth\n|-damage|p1a: Vigoroth|62/275\n|\n|-weather|none\n|upkeep\n|turn|6\n|\n|t:|1781455320\n|move|p1a: Vigoroth|Slack Off|p1a: Vigoroth\n|-heal|p1a: Vigoroth|200/275\n|move|p2a: Hippowdon|Earthquake|p1a: Vigoroth\n|-damage|p1a: Vigoroth|134/275\n|\n|upkeep\n|turn|7\n|\n|t:|1781455322\n|move|p1a: Vigoroth|Body Slam|p2a: Hippowdon\n|-damage|p2a: Hippowdon|168/311\n|move|p2a: Hippowdon|Curse|p2a: Hippowdon\n|-unboost|p2a: Hippowdon|spe|1\n|-boost|p2a: Hippowdon|atk|1\n|-boost|p2a: Hippowdon|def|1\n|\n|upkeep\n|turn|8\n|\n|t:|1781455326\n|move|p1a: Vigoroth|Body Slam|p2a: Hippowdon\n|-damage|p2a: Hippowdon|99/311\n|-status|p2a: Hippowdon|par\n|move|p2a: Hippowdon|Earthquake|p1a: Vigoroth\n|-damage|p1a: Vigoroth|49/275\n|\n|upkeep\n|turn|9\n|\n|t:|1781455331\n|move|p1a: Vigoroth|Body Slam|p2a: Hippowdon\n|-damage|p2a: Hippowdon|29/311 par\n|move|p2a: Hippowdon|Slack Off|p2a: Hippowdon\n|-heal|p2a: Hippowdon|185/311 par\n|\n|upkeep\n|turn|10\n|\n|t:|1781455334\n|move|p1a: Vigoroth|Slack Off|p1a: Vigoroth\n|-heal|p1a: Vigoroth|187/275\n|cant|p2a: Hippowdon|par\n|\n|upkeep\n|turn|11\n|\n|t:|1781455336\n|move|p1a: Vigoroth|Bulk Up|p1a: Vigoroth\n|-boost|p1a: Vigoroth|atk|1\n|-boost|p1a: Vigoroth|def|1\n|move|p2a: Hippowdon|Earthquake|p1a: Vigoroth\n|-damage|p1a: Vigoroth|121/275\n|\n|upkeep\n|turn|12\n|\n|t:|1781455339\n|move|p1a: Vigoroth|Bulk Up|p1a: Vigoroth\n|-boost|p1a: Vigoroth|atk|1\n|-boost|p1a: Vigoroth|def|1\n|move|p2a: Hippowdon|Curse|p2a: Hippowdon\n|-unboost|p2a: Hippowdon|spe|1\n|-boost|p2a: Hippowdon|atk|1\n|-boost|p2a: Hippowdon|def|1\n|\n|upkeep\n|turn|13\n|\n|t:|1781455342\n|move|p1a: Vigoroth|Body Slam|p2a: Hippowdon\n|-damage|p2a: Hippowdon|98/311 par\n|move|p2a: Hippowdon|Earthquake|p1a: Vigoroth\n|-damage|p1a: Vigoroth|57/275\n|\n|upkeep\n|turn|14\n|\n|t:|1781455351\n|move|p1a: Vigoroth|Body Slam|p2a: Hippowdon\n|-damage|p2a: Hippowdon|20/311 par\n|move|p2a: Hippowdon|Slack Off|p2a: Hippowdon\n|-heal|p2a: Hippowdon|176/311 par\n|\n|upkeep\n|turn|15\n|\n|t:|1781455355\n|move|p1a: Vigoroth|Slack Off|p1a: Vigoroth\n|-heal|p1a: Vigoroth|195/275\n|cant|p2a: Hippowdon|par\n|\n|upkeep\n|turn|16\n|\n|t:|1781455358\n|move|p1a: Vigoroth|Body Slam|p2a: Hippowdon\n|-damage|p2a: Hippowdon|94/311 par\n|move|p2a: Hippowdon|Slack Off|p2a: Hippowdon\n|-heal|p2a: Hippowdon|250/311 par\n|\n|upkeep\n|turn|17\n|\n|t:|1781455362\n|move|p1a: Vigoroth|Bulk Up|p1a: Vigoroth\n|-boost|p1a: Vigoroth|atk|1\n|-boost|p1a: Vigoroth|def|1\n|move|p2a: Hippowdon|Curse|p2a: Hippowdon\n|-unboost|p2a: Hippowdon|spe|1\n|-boost|p2a: Hippowdon|atk|1\n|-boost|p2a: Hippowdon|def|1\n|\n|upkeep\n|turn|18\n|\n|t:|1781455365\n|move|p1a: Vigoroth|Bulk Up|p1a: Vigoroth\n|-boost|p1a: Vigoroth|atk|1\n|-boost|p1a: Vigoroth|def|1\n|move|p2a: Hippowdon|Curse|p2a: Hippowdon\n|-unboost|p2a: Hippowdon|spe|1\n|-boost|p2a: Hippowdon|atk|1\n|-boost|p2a: Hippowdon|def|1\n|\n|upkeep\n|turn|19\n|\n|t:|1781455368\n|move|p1a: Vigoroth|Body Slam|p2a: Hippowdon\n|-damage|p2a: Hippowdon|177/311 par\n|move|p2a: Hippowdon|Stone Edge|p1a: Vigoroth|[miss]\n|-miss|p2a: Hippowdon|p1a: Vigoroth\n|\n|upkeep\n|turn|20\n|\n|t:|1781455374\n|move|p1a: Vigoroth|Body Slam|p2a: Hippowdon\n|-damage|p2a: Hippowdon|96/311 par\n|move|p2a: Hippowdon|Slack Off|p2a: Hippowdon\n|-heal|p2a: Hippowdon|252/311 par\n|\n|upkeep\n|turn|21\n|\n|t:|1781455377\n|move|p1a: Vigoroth|Body Slam|p2a: Hippowdon\n|-damage|p2a: Hippowdon|179/311 par\n|cant|p2a: Hippowdon|par\n|\n|upkeep\n|turn|22\n|\n|t:|1781455381\n|move|p1a: Vigoroth|Body Slam|p2a: Hippowdon\n|-damage|p2a: Hippowdon|100/311 par\n|move|p2a: Hippowdon|Curse|p2a: Hippowdon\n|-unboost|p2a: Hippowdon|spe|1\n|-boost|p2a: Hippowdon|atk|1\n|-boost|p2a: Hippowdon|def|1\n|\n|upkeep\n|turn|23\n|\n|t:|1781455384\n|move|p1a: Vigoroth|Bulk Up|p1a: Vigoroth\n|-boost|p1a: Vigoroth|atk|0\n|-boost|p1a: Vigoroth|def|0\n|move|p2a: Hippowdon|Slack Off|p2a: Hippowdon\n|-heal|p2a: Hippowdon|256/311 par\n|\n|upkeep\n|turn|24\n|\n|t:|1781455387\n|move|p1a: Vigoroth|Knock Off|p2a: Hippowdon\n|-damage|p2a: Hippowdon|220/311 par\n|move|p2a: Hippowdon|Stone Edge|p1a: Vigoroth\n|-crit|p1a: Vigoroth\n|-damage|p1a: Vigoroth|0 fnt\n|faint|p1a: Vigoroth\n|\n|upkeep\n|\n|t:|1781455392\n|switch|p1a: Hoopa|Hoopa, L85|275/275\n|turn|25\n|c|\u2606TransGirlFromHell|ok\n|\n|t:|1781455402\n|move|p1a: Hoopa|Shadow Ball|p2a: Hippowdon\n|-damage|p2a: Hippowdon|32/311 par\n|-damage|p1a: Hoopa|248/275|[from] item: Life Orb\n|cant|p2a: Hippowdon|par\n|\n|upkeep\n|turn|26\n|\n|t:|1781455406\n|move|p1a: Hoopa|Shadow Ball|p2a: Hippowdon\n|-damage|p2a: Hippowdon|0 fnt\n|faint|p2a: Hippowdon\n|-damage|p1a: Hoopa|221/275|[from] item: Life Orb\n|\n|upkeep\n|\n|t:|1781455422\n|switch|p2a: Basculin|Basculin-Blue-Striped, L86, F|261/261\n|turn|27\n|\n|t:|1781455427\n|move|p2a: Basculin|Flip Turn|p1a: Hoopa\n|-damage|p1a: Hoopa|57/275\n|\n|t:|1781455436\n|switch|p2a: Suicune|Suicune, L82|298/298|[from] Flip Turn\n|-ability|p2a: Suicune|Pressure\n|move|p1a: Hoopa|Psyshock|p2a: Suicune\n|-damage|p2a: Suicune|173/298\n|-damage|p1a: Hoopa|30/275|[from] item: Life Orb\n|\n|-heal|p2a: Suicune|191/298|[from] item: Leftovers\n|upkeep\n|turn|28\n|\n|t:|1781455444\n|move|p2a: Suicune|Scald|p1a: Hoopa\n|-damage|p1a: Hoopa|0 fnt\n|faint|p1a: Hoopa\n|\n|-heal|p2a: Suicune|209/298|[from] item: Leftovers\n|upkeep\n|\n|t:|1781455454\n|switch|p1a: Moltres|Moltres-Galar, L79|271/271\n|turn|29\n|\n|t:|1781455464\n|move|p1a: Moltres|Nasty Plot|p1a: Moltres\n|-boost|p1a: Moltres|spa|2\n|move|p2a: Suicune|Substitute|p2a: Suicune\n|-start|p2a: Suicune|Substitute\n|-damage|p2a: Suicune|135/298\n|\n|-heal|p2a: Suicune|153/298|[from] item: Leftovers\n|upkeep\n|turn|30\n|\n|t:|1781455472\n|move|p1a: Moltres|Fiery Wrath|p2a: Suicune\n|-end|p2a: Suicune|Substitute\n|move|p2a: Suicune|Ice Beam|p1a: Moltres\n|-supereffective|p1a: Moltres\n|-damage|p1a: Moltres|177/271\n|\n|-heal|p2a: Suicune|171/298|[from] item: Leftovers\n|upkeep\n|turn|31\n|\n|t:|1781455489\n|move|p1a: Moltres|Nasty Plot|p1a: Moltres\n|-boost|p1a: Moltres|spa|2\n|move|p2a: Suicune|Ice Beam|p1a: Moltres\n|-supereffective|p1a: Moltres\n|-damage|p1a: Moltres|77/271\n|-ability|p1a: Moltres|Berserk|boost\n|-boost|p1a: Moltres|spa|1\n|\n|-heal|p2a: Suicune|189/298|[from] item: Leftovers\n|upkeep\n|turn|32\n|\n|t:|1781455494\n|move|p1a: Moltres|Rest|p1a: Moltres\n|-status|p1a: Moltres|slp|[from] move: Rest\n|-heal|p1a: Moltres|271/271 slp|[silent]\n|-enditem|p1a: Moltres|Chesto Berry|[eat]\n|-curestatus|p1a: Moltres|slp|[msg]\n|move|p2a: Suicune|Ice Beam|p1a: Moltres\n|-supereffective|p1a: Moltres\n|-damage|p1a: Moltres|179/271\n|\n|-heal|p2a: Suicune|207/298|[from] item: Leftovers\n|upkeep\n|turn|33\n|\n|t:|1781455500\n|move|p1a: Moltres|Fiery Wrath|p2a: Suicune\n|-damage|p2a: Suicune|0 fnt\n|faint|p2a: Suicune\n|\n|upkeep\n|\n|t:|1781455502\n|switch|p2a: Basculin|Basculin-Blue-Striped, L86, F|261/261\n|turn|34\n|\n|t:|1781455506\n|move|p2a: Basculin|Wave Crash|p1a: Moltres\n|-damage|p1a: Moltres|0 fnt\n|faint|p1a: Moltres\n|-damage|p2a: Basculin|202/261|[from] Recoil\n|\n|upkeep\n|\n|t:|1781455508\n|switch|p1a: Lokix|Lokix, L82, M|251/251\n|turn|35\n|\n|t:|1781455512\n|move|p1a: Lokix|First Impression|p2a: Basculin\n|-damage|p2a: Basculin|58/261\n|move|p2a: Basculin|Wave Crash|p1a: Lokix\n|-damage|p1a: Lokix|0 fnt\n|faint|p1a: Lokix\n|-damage|p2a: Basculin|0 fnt|[from] Recoil\n|faint|p2a: Basculin\n|\n|upkeep\n|\n|t:|1781455521\n|switch|p2a: Passimian|Passimian, L83, F|302/302\n|switch|p1a: Okidogi|Okidogi, L77, M|262/262\n|turn|36\n|\n|t:|1781455528\n|move|p2a: Passimian|Earthquake|p1a: Okidogi\n|-supereffective|p1a: Okidogi\n|-damage|p1a: Okidogi|126/262\n|move|p1a: Okidogi|Gunk Shot|p2a: Passimian|[miss]\n|-miss|p1a: Okidogi|p2a: Passimian\n|\n|upkeep\n|turn|37\n|\n|t:|1781455533\n|move|p2a: Passimian|Earthquake|p1a: Okidogi\n|-supereffective|p1a: Okidogi\n|-damage|p1a: Okidogi|0 fnt\n|faint|p1a: Okidogi\n|\n|upkeep\n|\n|t:|1781455534\n|switch|p1a: Enamorus|Enamorus, L79, F|247/247\n|turn|38\n|\n|t:|1781455538\n|switch|p2a: Mismagius|Mismagius, L86, F|243/243\n|move|p1a: Enamorus|Calm Mind|p1a: Enamorus\n|-boost|p1a: Enamorus|spa|1\n|-boost|p1a: Enamorus|spd|1\n|\n|upkeep\n|turn|39\n|\n|t:|1781455551\n|move|p2a: Mismagius|Shadow Ball|p1a: Enamorus\n|-damage|p1a: Enamorus|139/247\n|move|p1a: Enamorus|Moonblast|p2a: Mismagius\n|-crit|p2a: Mismagius\n|-damage|p2a: Mismagius|3/243\n|\n|-heal|p1a: Enamorus|154/247|[from] item: Leftovers\n|upkeep\n|turn|40\n|\n|t:|1781455561\n|move|p2a: Mismagius|Shadow Ball|p1a: Enamorus\n|-damage|p1a: Enamorus|54/247\n|move|p1a: Enamorus|Moonblast|p2a: Mismagius\n|-damage|p2a: Mismagius|0 fnt\n|faint|p2a: Mismagius\n|\n|-heal|p1a: Enamorus|69/247|[from] item: Leftovers\n|upkeep\n|\n|t:|1781455566\n|switch|p2a: Passimian|Passimian, L83, F|302/302\n|turn|41\n|\n|t:|1781455571\n|-terastallize|p1a: Enamorus|Ground\n|move|p2a: Passimian|Gunk Shot|p1a: Enamorus\n|-resisted|p1a: Enamorus\n|-damage|p1a: Enamorus|9/247\n|move|p1a: Enamorus|Moonblast|p2a: Passimian\n|-supereffective|p2a: Passimian\n|-damage|p2a: Passimian|0 fnt\n|faint|p2a: Passimian\n|\n|-heal|p1a: Enamorus|24/247|[from] item: Leftovers\n|upkeep\n|\n|t:|1781455578\n|switch|p2a: Frosmoth|Frosmoth, L82, M|249/249\n|turn|42\n|-message|TransGirlFromHell forfeited.\n|\n|win|soap_trusted_you\n|raw|TransGirlFromHell's rating: 1908 &rarr; <strong>1890</strong><br />(-18 for losing)\n|raw|soap_trusted_you's rating: 1940 &rarr; <strong>1958</strong><br />(+18 for winning)\n", "inputlog": ">version a8376a258c1d4662feba110a92103f3664a72141\n>start {\"formatid\":\"gen9randombattle\",\"seed\":\"sodium,eedf709699ecf0be4bf3a8ccc5f2853a\",\"rated\":\"Rated battle\"}\n>player p1 {\"name\":\"TransGirlFromHell\",\"avatar\":\"candice\",\"rating\":1908,\"seed\":\"sodium,e64cce23e67ec1167103cf9160b8125e\"}\n>player p2 {\"name\":\"soap_trusted_you\",\"avatar\":\"roughneck\",\"rating\":1940,\"seed\":\"sodium,03b8ff9d7a07e80feec97e4adbb281b0\"}\n>p1 switch 4\n>p2 move stoneedge\n>p1 move knockoff\n>p2 move curse\n>p1 move bulkup\n>p2 move earthquake\n>p1 move slackoff\n>p2 move earthquake\n>p1 move bulkup\n>p2 move earthquake\n>p1 move slackoff\n>p2 move earthquake\n>p1 move bodyslam\n>p2 move curse\n>p1 move bodyslam\n>p2 move earthquake\n>p1 move bodyslam\n>p2 move slackoff\n>p1 move slackoff\n>p2 move earthquake\n>p1 move bulkup\n>p2 move earthquake\n>p1 move bulkup\n>p2 move curse\n>p1 move bodyslam\n>p2 move earthquake\n>p1 move bodyslam\n>p2 move slackoff\n>p1 move slackoff\n>p2 move slackoff\n>p1 move bodyslam\n>p2 move slackoff\n>p1 move bulkup\n>p2 move curse\n>p1 move bulkup\n>p2 move curse\n>p1 move bodyslam\n>p2 move stoneedge\n>p1 move bodyslam\n>p2 move slackoff\n>p1 move bodyslam\n>p2 move curse\n>p1 move bodyslam\n>p2 move curse\n>p1 move bulkup\n>p2 move slackoff\n>p1 move knockoff\n>p2 move stoneedge\n>p1 switch 3\n>chat \u2606TransGirlFromHell|ok\n>p1 move shadowball\n>p2 move earthquake\n>p1 move shadowball\n>p2 move earthquake\n>p2 switch 3\n>p1 move psyshock\n>p2 move flipturn\n>p2 switch 4\n>p1 move psyshock\n>p2 move scald\n>p1 switch 6\n>p1 move nastyplot\n>p2 move substitute\n>p1 move fierywrath\n>p2 move icebeam\n>p1 move nastyplot\n>p2 move icebeam\n>p1 move rest\n>p2 move icebeam\n>p1 move fierywrath\n>p2 move icebeam\n>p2 switch 4\n>p1 move fierywrath\n>p2 move wavecrash\n>p1 switch 5\n>p1 move firstimpression\n>p2 move wavecrash\n>p1 switch 4\n>p2 switch 5\n>p1 move gunkshot\n>p2 move earthquake\n>p1 move gunkshot\n>p2 move earthquake\n>p1 switch 2\n>p1 move calmmind\n>p2 switch 2\n>p1 move moonblast\n>p2 move shadowball\n>p1 move moonblast\n>p2 move shadowball\n>p2 switch 2\n>p1 move moonblast terastallize\n>p2 move gunkshot\n>p2 switch 6\n>forcelose p1", "uploadtime": 1781455278, "views": 5, "formatid": "gen9randombattle", "rating": 1890, "private": 0, "password": null}