{"id": "gen9randombattle-2631638191", "format": "[Gen 9] Random Battle", "players": ["ky40", "lianfan"], "log": "|j|\u2606ky40\n|j|\u2606lianfan\n|t:|1781412867\n|gametype|singles\n|player|p1|ky40|102|1909\n|player|p2|lianfan|170|2048\n|gen|9\n|tier|[Gen 9] Random Battle\n|rated|\n|rule|Species Clause: Limit one of each Pok\u00e9mon\n|rule|HP Percentage Mod: HP is shown in percentages\n|rule|Sleep Clause Mod: Limit one foe put to sleep\n|rule|Illusion Level Mod: Illusion disguises the Pok\u00e9mon's true level\n|\n|t:|1781412867\n|teamsize|p1|6\n|teamsize|p2|6\n|start\n|switch|p1a: Kingambit|Kingambit, L74, M|270/270\n|switch|p2a: Minun|Minun, L95, M|268/268\n|turn|1\n|inactive|Battle timer is ON: inactive players will automatically lose when time's up. (requested by lianfan)\n|\n|t:|1781412886\n|-end|p1a: Kingambit|fallenundefined|[silent]\n|switch|p1a: Alcremie|Alcremie-Mint-Cream, L90, F|263/263\n|move|p2a: Minun|Nasty Plot|p2a: Minun\n|-boost|p2a: Minun|spa|2\n|\n|upkeep\n|turn|2\n|\n|t:|1781412896\n|move|p2a: Minun|Thunderbolt|p1a: Alcremie\n|-crit|p1a: Alcremie\n|-damage|p1a: Alcremie|0 fnt\n|faint|p1a: Alcremie\n|-damage|p2a: Minun|242/268|[from] item: Life Orb\n|\n|upkeep\n|\n|t:|1781412905\n|switch|p1a: Uxie|Uxie, L83|260/260\n|turn|3\n|\n|t:|1781412911\n|move|p2a: Minun|Thunderbolt|p1a: Uxie\n|-damage|p1a: Uxie|48/260\n|-damage|p2a: Minun|216/268|[from] item: Life Orb\n|move|p1a: Uxie|Yawn|p2a: Minun\n|-start|p2a: Minun|move: Yawn|[of] p1a: Uxie\n|\n|-heal|p1a: Uxie|64/260|[from] item: Leftovers\n|upkeep\n|turn|4\n|\n|t:|1781412941\n|move|p2a: Minun|Thunderbolt|p1a: Uxie\n|-damage|p1a: Uxie|0 fnt\n|faint|p1a: Uxie\n|-damage|p2a: Minun|190/268|[from] item: Life Orb\n|\n|-end|p2a: Minun|move: Yawn|[silent]\n|-status|p2a: Minun|slp\n|upkeep\n|\n|t:|1781412966\n|switch|p1a: Mimikyu|Mimikyu, L79, M|216/216\n|turn|5\n|\n|t:|1781412976\n|cant|p2a: Minun|slp\n|move|p1a: Mimikyu|Swords Dance|p1a: Mimikyu\n|-boost|p1a: Mimikyu|atk|2\n|\n|upkeep\n|turn|6\n|\n|t:|1781412983\n|move|p1a: Mimikyu|Shadow Sneak|p2a: Minun\n|-damage|p2a: Minun|76/268 slp\n|-damage|p1a: Mimikyu|195/216|[from] item: Life Orb\n|cant|p2a: Minun|slp\n|\n|upkeep\n|turn|7\n|\n|t:|1781412991\n|move|p1a: Mimikyu|Shadow Sneak|p2a: Minun\n|-damage|p2a: Minun|0 fnt\n|faint|p2a: Minun\n|-damage|p1a: Mimikyu|174/216|[from] item: Life Orb\n|\n|upkeep\n|\n|t:|1781412994\n|switch|p2a: Eiscue|Eiscue, L88, M|274/274\n|turn|8\n|\n|t:|1781412999\n|move|p1a: Mimikyu|Drain Punch|p2a: Eiscue\n|-activate|p2a: Eiscue|ability: Ice Face\n|-damage|p2a: Eiscue|274/274\n|detailschange|p2a: Eiscue|Eiscue-Noice, L88, M\n|-damage|p1a: Mimikyu|153/216|[from] item: Life Orb\n|move|p2a: Eiscue|Ice Spinner|p1a: Mimikyu\n|-activate|p1a: Mimikyu|ability: Disguise\n|-damage|p1a: Mimikyu|153/216\n|detailschange|p1a: Mimikyu|Mimikyu-Busted, L79, M\n|-damage|p1a: Mimikyu|126/216|[from] pokemon: Mimikyu-Busted\n|\n|upkeep\n|turn|9\n|\n|t:|1781413017\n|move|p2a: Eiscue|Ice Spinner|p1a: Mimikyu\n|-damage|p1a: Mimikyu|33/216\n|move|p1a: Mimikyu|Drain Punch|p2a: Eiscue\n|-supereffective|p2a: Eiscue\n|-damage|p2a: Eiscue|30/274\n|-heal|p1a: Mimikyu|155/216|[from] drain|[of] p2a: Eiscue\n|-enditem|p2a: Eiscue|Sitrus Berry|[eat]\n|-heal|p2a: Eiscue|98/274|[from] item: Sitrus Berry\n|-damage|p1a: Mimikyu|134/216|[from] item: Life Orb\n|\n|upkeep\n|turn|10\n|\n|t:|1781413046\n|move|p1a: Mimikyu|Shadow Sneak|p2a: Eiscue\n|-damage|p2a: Eiscue|0 fnt\n|faint|p2a: Eiscue\n|-damage|p1a: Mimikyu|113/216|[from] item: Life Orb\n|\n|upkeep\n|\n|t:|1781413050\n|switch|p2a: Noivern|Noivern, L82, F|274/274\n|turn|11\n|\n|t:|1781413056\n|move|p2a: Noivern|Hurricane|p1a: Mimikyu|[miss]\n|-miss|p2a: Noivern|p1a: Mimikyu\n|move|p1a: Mimikyu|Play Rough|p2a: Noivern\n|-supereffective|p2a: Noivern\n|-damage|p2a: Noivern|0 fnt\n|faint|p2a: Noivern\n|-damage|p1a: Mimikyu|92/216|[from] item: Life Orb\n|\n|upkeep\n|\n|t:|1781413065\n|switch|p2a: Ursaluna|Ursaluna, L79, M|335/335\n|turn|12\n|\n|t:|1781413076\n|move|p1a: Mimikyu|Drain Punch|p2a: Ursaluna\n|-supereffective|p2a: Ursaluna\n|-damage|p2a: Ursaluna|109/335\n|-heal|p1a: Mimikyu|205/216|[from] drain|[of] p2a: Ursaluna\n|-damage|p1a: Mimikyu|184/216|[from] item: Life Orb\n|move|p2a: Ursaluna|Trailblaze|p1a: Mimikyu\n|-damage|p1a: Mimikyu|136/216\n|-boost|p2a: Ursaluna|spe|1\n|\n|-status|p2a: Ursaluna|brn|[from] item: Flame Orb\n|upkeep\n|turn|13\n|\n|t:|1781413088\n|move|p1a: Mimikyu|Drain Punch|p2a: Ursaluna\n|-supereffective|p2a: Ursaluna\n|-damage|p2a: Ursaluna|0 fnt\n|-heal|p1a: Mimikyu|191/216|[from] drain|[of] p2a: Ursaluna\n|faint|p2a: Ursaluna\n|-damage|p1a: Mimikyu|170/216|[from] item: Life Orb\n|\n|upkeep\n|-message|lianfan forfeited.\n|\n|win|ky40\n", "inputlog": ">version a8376a258c1d4662feba110a92103f3664a72141\n>start {\"formatid\":\"gen9randombattle\",\"seed\":\"sodium,0deb20c759848dcf167a94e78742e0a1\",\"rated\":\"Rated battle\"}\n>player p1 {\"name\":\"ky40\",\"avatar\":\"102\",\"rating\":1909,\"seed\":\"sodium,624108716a66cf622f5c5b8dd5a0985a\"}\n>player p2 {\"name\":\"lianfan\",\"avatar\":\"170\",\"rating\":2048,\"seed\":\"sodium,01e57975ba2c9cfea22cfb5831f7c7dd\"}\n>p1 switch 5\n>p2 move nastyplot\n>p1 move alluringvoice\n>p2 move thunderbolt\n>p1 switch 4\n>p1 move yawn\n>p2 move thunderbolt\n>p1 move stealthrock\n>p2 move thunderbolt\n>p1 switch 6\n>p1 move swordsdance\n>p2 move encore\n>p1 move shadowsneak\n>p2 move encore\n>p1 move shadowsneak\n>p2 move encore\n>p2 switch 5\n>p1 move drainpunch\n>p2 move icespinner\n>p1 move drainpunch\n>p2 move icespinner\n>p1 move shadowsneak\n>p2 move icespinner\n>p2 switch 4\n>p1 move playrough\n>p2 move hurricane\n>p2 switch 6\n>p1 move drainpunch\n>p2 move trailblaze\n>p1 move drainpunch\n>p2 move trailblaze\n>forcelose p2", "uploadtime": 1781412868, "views": 4, "formatid": "gen9randombattle", "rating": null, "private": 0, "password": null}