{"id": "gen9randombattle-2632009981", "format": "[Gen 9] Random Battle", "players": ["Glorkey", "geb gamer"], "log": "|j|\u2606Glorkey\n|j|\u2606geb gamer\n|t:|1781465579\n|gametype|singles\n|player|p1|Glorkey|169|1919\n|player|p2|geb gamer|101|1958\n|gen|9\n|tier|[Gen 9] Random Battle\n|rated|\n|rule|Species Clause: Limit one of each Pok\u00e9mon\n|rule|HP Percentage Mod: HP is shown in percentages\n|rule|Sleep Clause Mod: Limit one foe put to sleep\n|rule|Illusion Level Mod: Illusion disguises the Pok\u00e9mon's true level\n|\n|t:|1781465579\n|teamsize|p1|6\n|teamsize|p2|6\n|start\n|switch|p1a: Dachsbun|Dachsbun, L92, F|254/254\n|switch|p2a: Necrozma|Necrozma, L80|286/286\n|turn|1\n|inactive|Battle timer is ON: inactive players will automatically lose when time's up. (requested by Glorkey)\n|\n|t:|1781465644\n|switch|p2a: Archaludon|Archaludon, L78, M|268/268\n|move|p1a: Dachsbun|Wish|p1a: Dachsbun\n|\n|upkeep\n|turn|2\n|\n|t:|1781465655\n|switch|p1a: Magnezone|Magnezone, L85|258/258\n|move|p2a: Archaludon|Swords Dance|p2a: Archaludon\n|-boost|p2a: Archaludon|atk|2\n|\n|upkeep\n|turn|3\n|\n|t:|1781465670\n|move|p2a: Archaludon|Earthquake|p1a: Magnezone\n|-supereffective|p1a: Magnezone\n|-damage|p1a: Magnezone|0 fnt\n|faint|p1a: Magnezone\n|\n|upkeep\n|\n|t:|1781465676\n|switch|p1a: Malamar|Malamar, L82, M|275/275\n|turn|4\n|\n|t:|1781465691\n|move|p2a: Archaludon|Outrage|p1a: Malamar\n|-damage|p1a: Malamar|47/275\n|move|p1a: Malamar|Superpower|p2a: Archaludon\n|-supereffective|p2a: Archaludon\n|-damage|p2a: Archaludon|144/268\n|-boost|p1a: Malamar|atk|1\n|-boost|p1a: Malamar|def|1\n|-ability|p2a: Archaludon|Stamina|boost\n|-boost|p2a: Archaludon|def|1\n|\n|upkeep\n|turn|5\n|\n|t:|1781465698\n|switch|p1a: Dachsbun|Dachsbun, L92, F|254/254\n|move|p2a: Archaludon|Outrage|p1a: Dachsbun|[from] lockedmove\n|-immune|p1a: Dachsbun\n|-start|p2a: Archaludon|confusion|[fatigue]\n|-enditem|p2a: Archaludon|Lum Berry|[eat]\n|-end|p2a: Archaludon|confusion\n|\n|upkeep\n|turn|6\n|\n|t:|1781465703\n|move|p1a: Dachsbun|Body Press|p2a: Archaludon\n|-supereffective|p2a: Archaludon\n|-damage|p2a: Archaludon|68/268\n|-ability|p2a: Archaludon|Stamina|boost\n|-boost|p2a: Archaludon|def|1\n|move|p2a: Archaludon|Iron Head|p1a: Dachsbun\n|-supereffective|p1a: Dachsbun\n|-damage|p1a: Dachsbun|26/254\n|\n|-heal|p1a: Dachsbun|41/254|[from] item: Leftovers\n|upkeep\n|turn|7\n|\n|t:|1781465712\n|move|p1a: Dachsbun|Body Press|p2a: Archaludon\n|-supereffective|p2a: Archaludon\n|-crit|p2a: Archaludon\n|-damage|p2a: Archaludon|0 fnt\n|faint|p2a: Archaludon\n|\n|-heal|p1a: Dachsbun|56/254|[from] item: Leftovers\n|upkeep\n|\n|t:|1781465724\n|switch|p2a: Dragapult|Dragapult, L77, F|262/262\n|turn|8\n|\n|t:|1781465730\n|move|p1a: Dachsbun|Protect|p1a: Dachsbun\n|-singleturn|p1a: Dachsbun|Protect\n|move|p2a: Dragapult|Shadow Ball|p1a: Dachsbun\n|-activate|p1a: Dachsbun|move: Protect\n|\n|-heal|p1a: Dachsbun|71/254|[from] item: Leftovers\n|upkeep\n|turn|9\n|\n|t:|1781465736\n|switch|p1a: Zangoose|Zangoose, L85, F|263/263\n|move|p2a: Dragapult|Shadow Ball|p1a: Zangoose\n|-immune|p1a: Zangoose\n|\n|-status|p1a: Zangoose|tox|[from] item: Toxic Orb\n|upkeep\n|turn|10\n|\n|t:|1781465755\n|switch|p2a: Necrozma|Necrozma, L80|286/286\n|move|p1a: Zangoose|Knock Off|p2a: Necrozma\n|-supereffective|p2a: Necrozma\n|-damage|p2a: Necrozma|102/286\n|-enditem|p2a: Necrozma|Weakness Policy\n|-boost|p2a: Necrozma|atk|2|[from] item: Weakness Policy\n|-boost|p2a: Necrozma|spa|2|[from] item: Weakness Policy\n|\n|-damage|p1a: Zangoose|247/263 tox|[from] psn\n|upkeep\n|turn|11\n|\n|t:|1781465762\n|move|p1a: Zangoose|Knock Off|p2a: Necrozma\n|-supereffective|p2a: Necrozma\n|-damage|p2a: Necrozma|0 fnt\n|faint|p2a: Necrozma\n|\n|-damage|p1a: Zangoose|215/263 tox|[from] psn\n|upkeep\n|\n|t:|1781465766\n|switch|p2a: Delphox|Delphox, L84, M|263/263\n|turn|12\n|\n|t:|1781465769\n|move|p2a: Delphox|Fire Blast|p1a: Zangoose\n|-damage|p1a: Zangoose|29/263 tox\n|move|p1a: Zangoose|Knock Off|p2a: Delphox\n|-supereffective|p2a: Delphox\n|-damage|p2a: Delphox|0 fnt\n|-enditem|p2a: Delphox|Choice Scarf|[from] move: Knock Off|[of] p1a: Zangoose\n|faint|p2a: Delphox\n|\n|-damage|p1a: Zangoose|0 fnt|[from] psn\n|faint|p1a: Zangoose\n|upkeep\n|\n|t:|1781465784\n|switch|p2a: Dragapult|Dragapult, L77, F|262/262\n|switch|p1a: Malamar|Malamar, L82, M|47/275\n|turn|13\n|\n|t:|1781465795\n|move|p2a: Dragapult|Shadow Ball|p1a: Malamar\n|-damage|p1a: Malamar|0 fnt\n|faint|p1a: Malamar\n|\n|upkeep\n|\n|t:|1781465799\n|switch|p1a: Comfey|Comfey, L85, M|225/225\n|turn|14\n|\n|t:|1781465805\n|move|p2a: Dragapult|Shadow Ball|p1a: Comfey\n|-damage|p1a: Comfey|129/225\n|move|p1a: Comfey|Calm Mind|p1a: Comfey\n|-boost|p1a: Comfey|spa|1\n|-boost|p1a: Comfey|spd|1\n|\n|-heal|p1a: Comfey|143/225|[from] item: Leftovers\n|upkeep\n|turn|15\n|\n|t:|1781465812\n|-terastallize|p2a: Dragapult|Ghost\n|move|p1a: Comfey|Draining Kiss|p2a: Dragapult\n|-damage|p2a: Dragapult|169/262\n|-heal|p1a: Comfey|213/225|[from] drain|[of] p2a: Dragapult\n|move|p2a: Dragapult|Shadow Ball|p1a: Comfey\n|-damage|p1a: Comfey|131/225\n|\n|-heal|p1a: Comfey|145/225|[from] item: Leftovers\n|upkeep\n|turn|16\n|\n|t:|1781465820\n|switch|p2a: Cloyster|Cloyster, L80, M|211/211\n|move|p1a: Comfey|Calm Mind|p1a: Comfey\n|-boost|p1a: Comfey|spa|1\n|-boost|p1a: Comfey|spd|1\n|\n|-heal|p1a: Comfey|159/225|[from] item: Leftovers\n|upkeep\n|turn|17\n|\n|t:|1781465825\n|move|p1a: Comfey|Giga Drain|p2a: Cloyster\n|-supereffective|p2a: Cloyster\n|-damage|p2a: Cloyster|0 fnt\n|-heal|p1a: Comfey|225/225|[from] drain|[of] p2a: Cloyster\n|faint|p2a: Cloyster\n|\n|upkeep\n|-message|geb gamer forfeited.\n|\n|win|Glorkey\n", "inputlog": ">version a8376a258c1d4662feba110a92103f3664a72141\n>start {\"formatid\":\"gen9randombattle\",\"seed\":\"sodium,a78a3736209651c890a3e5736414bc53\",\"rated\":\"Rated battle\"}\n>player p1 {\"name\":\"Glorkey\",\"avatar\":\"169\",\"rating\":1919,\"seed\":\"sodium,e4493e9da5b04352bea4a939c7928476\"}\n>player p2 {\"name\":\"geb gamer\",\"avatar\":\"101\",\"rating\":1958,\"seed\":\"sodium,eae58dc7544cb08f4560baa88c4af870\"}\n>p1 move wish\n>p2 switch 6\n>p1 switch 2\n>p2 move swordsdance\n>p1 move irondefense\n>p2 move earthquake\n>p1 switch 4\n>p1 move superpower\n>p2 move outrage\n>p1 switch 2\n>p2 move outrage\n>p1 move bodypress\n>p2 move ironhead\n>p1 move bodypress\n>p2 move earthquake\n>p2 switch 4\n>p1 move protect\n>p2 move shadowball\n>p1 switch 6\n>p2 move shadowball\n>p1 move knockoff\n>p2 switch 6\n>p1 move knockoff\n>p2 move photongeyser\n>p2 switch 5\n>p1 move knockoff\n>p2 move fireblast\n>p1 switch 2\n>p2 switch 6\n>p1 move rest\n>p2 move shadowball\n>p1 switch 5\n>p1 move calmmind\n>p2 move shadowball\n>p1 move drainingkiss\n>p2 move shadowball terastallize\n>p1 move calmmind\n>p2 switch 2\n>p1 move gigadrain\n>p2 move iciclespear\n>forcelose p2", "uploadtime": 1781465581, "views": 6, "formatid": "gen9randombattle", "rating": null, "private": 0, "password": null}