{"id": "gen9randombattle-2631811975", "format": "[Gen 9] Random Battle", "players": ["igiveuponaname", "cuerodeolancho"], "log": "|j|\u2606igiveuponaname\n|j|\u2606cuerodeolancho\n|t:|1781443187\n|gametype|singles\n|player|p1|igiveuponaname|miku-fire|2211\n|player|p2|cuerodeolancho|janitor|2122\n|gen|9\n|tier|[Gen 9] Random Battle\n|rated|\n|rule|Species Clause: Limit one of each Pok\u00e9mon\n|rule|HP Percentage Mod: HP is shown in percentages\n|rule|Sleep Clause Mod: Limit one foe put to sleep\n|rule|Illusion Level Mod: Illusion disguises the Pok\u00e9mon's true level\n|\n|t:|1781443187\n|teamsize|p1|6\n|teamsize|p2|6\n|start\n|switch|p1a: Bellibolt|Bellibolt, L84, F|320/320\n|switch|p2a: Heatran|Heatran, L79, F|273/273\n|-item|p2a: Heatran|Air Balloon\n|turn|1\n|inactive|Battle timer is ON: inactive players will automatically lose when time's up. (requested by cuerodeolancho)\n|inactive|igiveuponaname also wants the timer to be on.\n|j| GloryAmulet\n|\n|t:|1781443196\n|move|p2a: Heatran|Stealth Rock|p1a: Bellibolt\n|-sidestart|p1: igiveuponaname|move: Stealth Rock\n|move|p1a: Bellibolt|Volt Switch|p2a: Heatran\n|-damage|p2a: Heatran|203/273\n|-enditem|p2a: Heatran|Air Balloon\n|\n|t:|1781443199\n|switch|p1a: Toedscruel|Toedscruel, L87, F|281/281|[from] Volt Switch\n|-damage|p1a: Toedscruel|264/281|[from] Stealth Rock\n|\n|upkeep\n|turn|2\n|\n|t:|1781443216\n|move|p1a: Toedscruel|Earth Power|p2a: Heatran\n|-supereffective|p2a: Heatran\n|-damage|p2a: Heatran|0 fnt\n|faint|p2a: Heatran\n|\n|upkeep\n|\n|t:|1781443222\n|switch|p2a: Poliwrath|Poliwrath, L88, F|302/302\n|turn|3\n|\n|t:|1781443226\n|move|p1a: Toedscruel|Leaf Storm|p2a: Poliwrath\n|-supereffective|p2a: Poliwrath\n|-damage|p2a: Poliwrath|152/302\n|-unboost|p1a: Toedscruel|spa|2\n|move|p2a: Poliwrath|Circle Throw|p1a: Toedscruel\n|-damage|p1a: Toedscruel|179/281\n|drag|p1a: Sandy Shocks|Sandy Shocks, L80|267/267\n|-damage|p1a: Sandy Shocks|251/267|[from] Stealth Rock\n|\n|-heal|p1a: Sandy Shocks|267/267|[from] item: Leftovers\n|upkeep\n|turn|4\n|\n|t:|1781443236\n|move|p1a: Sandy Shocks|Stealth Rock|p2a: Poliwrath\n|-sidestart|p2: cuerodeolancho|move: Stealth Rock\n|move|p2a: Poliwrath|Liquidation|p1a: Sandy Shocks\n|-supereffective|p1a: Sandy Shocks\n|-crit|p1a: Sandy Shocks\n|-damage|p1a: Sandy Shocks|0 fnt\n|faint|p1a: Sandy Shocks\n|-end|p1a: Sandy Shocks|Protosynthesis|[silent]\n|\n|upkeep\n|\n|t:|1781443247\n|switch|p1a: Bellibolt|Bellibolt, L84, F|320/320\n|-damage|p1a: Bellibolt|280/320|[from] Stealth Rock\n|turn|5\n|\n|t:|1781443263\n|move|p2a: Poliwrath|Knock Off|p1a: Bellibolt\n|-damage|p1a: Bellibolt|209/320\n|-start|p1a: Bellibolt|Charge|Knock Off|[from] ability: Electromorphosis\n|-enditem|p1a: Bellibolt|Leftovers|[from] move: Knock Off|[of] p2a: Poliwrath\n|move|p1a: Bellibolt|Volt Switch|p2a: Poliwrath\n|-supereffective|p2a: Poliwrath\n|-damage|p2a: Poliwrath|0 fnt\n|faint|p2a: Poliwrath\n|-end|p1a: Bellibolt|Charge|[silent]\n|\n|t:|1781443272\n|switch|p1a: Toedscruel|Toedscruel, L87, F|179/281|[from] Volt Switch\n|-damage|p1a: Toedscruel|162/281|[from] Stealth Rock\n|\n|upkeep\n|l| GloryAmulet\n|inactive|cuerodeolancho has 120 seconds left.\n|\n|t:|1781443308\n|switch|p2a: Greninja|Greninja, L80, M|246/246\n|-damage|p2a: Greninja|216/246|[from] Stealth Rock\n|turn|6\n|\n|t:|1781443313\n|-terastallize|p1a: Toedscruel|Water\n|move|p2a: Greninja|Ice Beam|p1a: Toedscruel\n|-resisted|p1a: Toedscruel\n|-damage|p1a: Toedscruel|143/281\n|-status|p1a: Toedscruel|frz\n|-damage|p2a: Greninja|192/246|[from] item: Life Orb\n|cant|p1a: Toedscruel|frz\n|\n|upkeep\n|turn|7\n|\n|t:|1781443320\n|move|p2a: Greninja|Dark Pulse|p1a: Toedscruel\n|-damage|p1a: Toedscruel|87/281 frz\n|-damage|p2a: Greninja|168/246|[from] item: Life Orb\n|cant|p1a: Toedscruel|frz\n|\n|upkeep\n|turn|8\n|\n|t:|1781443323\n|move|p2a: Greninja|Dark Pulse|p1a: Toedscruel\n|-damage|p1a: Toedscruel|36/281 frz\n|-damage|p2a: Greninja|144/246|[from] item: Life Orb\n|cant|p1a: Toedscruel|frz\n|\n|upkeep\n|turn|9\n|\n|t:|1781443328\n|move|p2a: Greninja|Dark Pulse|p1a: Toedscruel\n|-crit|p1a: Toedscruel\n|-damage|p1a: Toedscruel|0 fnt\n|faint|p1a: Toedscruel\n|-ability|p2a: Greninja|Battle Bond|boost\n|-boost|p2a: Greninja|atk|1\n|-boost|p2a: Greninja|spa|1\n|-boost|p2a: Greninja|spe|1\n|-activate|p2a: Greninja|ability: Battle Bond\n|-damage|p2a: Greninja|120/246|[from] item: Life Orb\n|\n|upkeep\n|\n|t:|1781443333\n|switch|p1a: Bellibolt|Bellibolt, L84, F|209/320\n|-damage|p1a: Bellibolt|169/320|[from] Stealth Rock\n|turn|10\n|\n|t:|1781443337\n|move|p2a: Greninja|Hydro Pump|p1a: Bellibolt\n|-damage|p1a: Bellibolt|0 fnt\n|faint|p1a: Bellibolt\n|-damage|p2a: Greninja|96/246|[from] item: Life Orb\n|\n|upkeep\n|\n|t:|1781443340\n|switch|p1a: Scizor|Scizor, L79, M|240/240\n|-damage|p1a: Scizor|210/240|[from] Stealth Rock\n|turn|11\n|\n|t:|1781443345\n|move|p1a: Scizor|Bullet Punch|p2a: Greninja\n|-resisted|p2a: Greninja\n|-damage|p2a: Greninja|30/246\n|move|p2a: Greninja|Hydro Pump|p1a: Scizor\n|-damage|p1a: Scizor|0 fnt\n|faint|p1a: Scizor\n|-damage|p2a: Greninja|6/246|[from] item: Life Orb\n|\n|upkeep\n|\n|t:|1781443347\n|switch|p1a: Urshifu|Urshifu, L74, M|270/270\n|-damage|p1a: Urshifu|254/270|[from] Stealth Rock\n|turn|12\n|\n|t:|1781443351\n|move|p2a: Greninja|Hydro Pump|p1a: Urshifu\n|-damage|p1a: Urshifu|0 fnt\n|faint|p1a: Urshifu\n|-damage|p2a: Greninja|0 fnt|[from] item: Life Orb\n|faint|p2a: Greninja\n|\n|upkeep\n|\n|t:|1781443358\n|switch|p2a: Magearna|Magearna, L77|250/250\n|switch|p1a: Espathra|Espathra, L80, F|283/283\n|-damage|p1a: Espathra|248/283|[from] Stealth Rock\n|-damage|p2a: Magearna|235/250|[from] Stealth Rock\n|turn|13\n|\n|t:|1781443362\n|move|p1a: Espathra|Lumina Crash|p2a: Magearna\n|-resisted|p2a: Magearna\n|-damage|p2a: Magearna|183/250\n|-unboost|p2a: Magearna|spd|2\n|move|p2a: Magearna|Thunder Wave|p1a: Espathra|[miss]\n|-miss|p2a: Magearna|p1a: Espathra\n|\n|-heal|p2a: Magearna|198/250|[from] item: Leftovers\n|-ability|p1a: Espathra|Speed Boost|boost\n|-boost|p1a: Espathra|spe|1\n|upkeep\n|turn|14\n|\n|t:|1781443366\n|move|p1a: Espathra|Lumina Crash|p2a: Magearna\n|-resisted|p2a: Magearna\n|-damage|p2a: Magearna|84/250\n|-unboost|p2a: Magearna|spd|2\n|move|p2a: Magearna|Thunder Wave|p1a: Espathra\n|-status|p1a: Espathra|par\n|\n|-heal|p2a: Magearna|99/250|[from] item: Leftovers\n|-ability|p1a: Espathra|Speed Boost|boost\n|-boost|p1a: Espathra|spe|1\n|upkeep\n|turn|15\n|c|\u2606cuerodeolancho|gg\n|\n|t:|1781443375\n|cant|p1a: Espathra|par\n|move|p2a: Magearna|Fleur Cannon|p1a: Espathra\n|-damage|p1a: Espathra|44/283 par\n|-unboost|p2a: Magearna|spa|2\n|\n|-heal|p2a: Magearna|114/250|[from] item: Leftovers\n|-ability|p1a: Espathra|Speed Boost|boost\n|-boost|p1a: Espathra|spe|1\n|upkeep\n|turn|16\n|\n|t:|1781443378\n|move|p1a: Espathra|Lumina Crash|p2a: Magearna\n|-resisted|p2a: Magearna\n|-damage|p2a: Magearna|0 fnt\n|faint|p2a: Magearna\n|\n|-ability|p1a: Espathra|Speed Boost|boost\n|-boost|p1a: Espathra|spe|1\n|upkeep\n|\n|t:|1781443383\n|switch|p2a: Ting-Lu|Ting-Lu, L78|370/370\n|-damage|p2a: Ting-Lu|347/370|[from] Stealth Rock\n|-ability|p2a: Ting-Lu|Vessel of Ruin\n|turn|17\n|\n|t:|1781443386\n|move|p1a: Espathra|Lumina Crash|p2a: Ting-Lu\n|-immune|p2a: Ting-Lu\n|move|p2a: Ting-Lu|Earthquake|p1a: Espathra\n|-damage|p1a: Espathra|0 fnt\n|faint|p1a: Espathra\n|\n|win|cuerodeolancho\n", "inputlog": ">version a8376a258c1d4662feba110a92103f3664a72141\n>start {\"formatid\":\"gen9randombattle\",\"seed\":\"sodium,4b23608fa76c2bc0d143cedda4196fcc\",\"rated\":\"Rated battle\"}\n>player p1 {\"name\":\"igiveuponaname\",\"avatar\":\"miku-fire\",\"rating\":2211,\"seed\":\"sodium,3b6eb6babad6c349cecbb1946fb5cdb1\"}\n>player p2 {\"name\":\"cuerodeolancho\",\"avatar\":\"janitor\",\"rating\":2122,\"seed\":\"sodium,1bb9fba8751cddb64a94ed6fc175a1d4\"}\n>p1 move voltswitch\n>p2 move stealthrock\n>p1 switch 5\n>p1 move earthpower\n>p2 move lavaplume\n>p2 switch 3\n>p1 move leafstorm\n>p2 move circlethrow\n>p1 move stealthrock\n>p2 move liquidation\n>p1 switch 5\n>p1 move voltswitch\n>p2 move knockoff\n>p1 switch 2\n>p2 switch 5\n>p1 move rapidspin terastallize\n>p2 move icebeam\n>p1 move rapidspin\n>p2 move darkpulse\n>p1 move rapidspin\n>p2 move darkpulse\n>p1 move rapidspin\n>p2 move darkpulse\n>p1 switch 2\n>p1 move voltswitch\n>p2 move hydropump\n>p1 switch 6\n>p1 move bulletpunch\n>p2 move hydropump\n>p1 switch 3\n>p1 move wickedblow\n>p2 move hydropump\n>p1 switch 4\n>p2 switch 2\n>p1 move luminacrash\n>p2 move thunderwave\n>p1 move luminacrash\n>p2 move thunderwave\n>chat \u2606cuerodeolancho|gg\n>p1 move luminacrash\n>p2 move fleurcannon\n>p1 move luminacrash\n>p2 move fleurcannon\n>p2 switch 6\n>p1 move luminacrash\n>p2 move earthquake", "uploadtime": 1781443189, "views": 5, "formatid": "gen9randombattle", "rating": null, "private": 0, "password": null}