{"id": "gen9randombattle-2631842202", "format": "[Gen 9] Random Battle", "players": ["laius", "Micael Lopes"], "log": "|j|\u2606laius\n|j|\u2606Micael Lopes\n|t:|1781447020\n|gametype|singles\n|player|p1|laius|101|1616\n|player|p2|Micael Lopes|benga|1602\n|gen|9\n|tier|[Gen 9] Random Battle\n|rated|\n|rule|Species Clause: Limit one of each Pok\u00e9mon\n|rule|HP Percentage Mod: HP is shown in percentages\n|rule|Sleep Clause Mod: Limit one foe put to sleep\n|rule|Illusion Level Mod: Illusion disguises the Pok\u00e9mon's true level\n|\n|t:|1781447020\n|teamsize|p1|6\n|teamsize|p2|6\n|start\n|switch|p1a: Azelf|Azelf, L82|257/257\n|switch|p2a: Eelektross|Eelektross, L87, F|290/290\n|turn|1\n|inactive|Battle timer is ON: inactive players will automatically lose when time's up. (requested by Micael Lopes)\n|\n|t:|1781447030\n|move|p1a: Azelf|Knock Off|p2a: Eelektross\n|-damage|p2a: Eelektross|190/290\n|-enditem|p2a: Eelektross|Leftovers|[from] move: Knock Off|[of] p1a: Azelf\n|-damage|p1a: Azelf|232/257|[from] item: Life Orb\n|move|p2a: Eelektross|Knock Off|p1a: Azelf\n|-supereffective|p1a: Azelf\n|-damage|p1a: Azelf|30/257\n|-enditem|p1a: Azelf|Life Orb|[from] move: Knock Off|[of] p2a: Eelektross\n|\n|upkeep\n|turn|2\n|\n|t:|1781447053\n|switch|p1a: Golurk|Golurk, L87|297/297\n|move|p2a: Eelektross|Drain Punch|p1a: Golurk\n|-immune|p1a: Golurk\n|\n|upkeep\n|turn|3\n|\n|t:|1781447064\n|switch|p2a: Weezing|Weezing-Galar, L86, M|252/252\n|move|p1a: Golurk|Dynamic Punch|p2a: Weezing\n|-resisted|p2a: Weezing\n|-damage|p2a: Weezing|228/252\n|-start|p2a: Weezing|confusion\n|\n|-heal|p2a: Weezing|243/252|[from] item: Leftovers\n|upkeep\n|turn|4\n|\n|t:|1781447081\n|switch|p1a: Dragalge|Dragalge, L88, F|258/258\n|-activate|p2a: Weezing|confusion\n|move|p2a: Weezing|Will-O-Wisp|p1a: Dragalge\n|-status|p1a: Dragalge|brn\n|\n|-heal|p2a: Weezing|252/252|[from] item: Leftovers\n|-damage|p1a: Dragalge|242/258 brn|[from] brn\n|upkeep\n|turn|5\n|\n|t:|1781447088\n|switch|p2a: Gurdurr|Gurdurr, L85, F|283/283\n|move|p1a: Dragalge|Sludge Wave|p2a: Gurdurr\n|-damage|p2a: Gurdurr|69/283\n|\n|-damage|p1a: Dragalge|226/258 brn|[from] brn\n|upkeep\n|turn|6\n|inactive|laius has 120 seconds left.\n|\n|t:|1781447129\n|-terastallize|p2a: Gurdurr|Steel\n|move|p1a: Dragalge|Sludge Wave|p2a: Gurdurr\n|-immune|p2a: Gurdurr\n|move|p2a: Gurdurr|Knock Off|p1a: Dragalge\n|-crit|p1a: Dragalge\n|-damage|p1a: Dragalge|115/258 brn\n|-enditem|p1a: Dragalge|Choice Specs|[from] move: Knock Off|[of] p2a: Gurdurr\n|\n|-damage|p1a: Dragalge|99/258 brn|[from] brn\n|upkeep\n|turn|7\n|\n|t:|1781447140\n|switch|p1a: Hitmontop|Hitmontop, L88, M|231/231\n|move|p2a: Gurdurr|Mach Punch|p1a: Hitmontop\n|-damage|p1a: Hitmontop|188/231\n|\n|-heal|p1a: Hitmontop|202/231|[from] item: Leftovers\n|upkeep\n|turn|8\n|\n|t:|1781447148\n|switch|p2a: Weezing|Weezing-Galar, L86, M|252/252\n|move|p1a: Hitmontop|Close Combat|p2a: Weezing\n|-resisted|p2a: Weezing\n|-damage|p2a: Weezing|225/252\n|-unboost|p1a: Hitmontop|def|1\n|-unboost|p1a: Hitmontop|spd|1\n|\n|-heal|p1a: Hitmontop|216/231|[from] item: Leftovers\n|-heal|p2a: Weezing|240/252|[from] item: Leftovers\n|upkeep\n|turn|9\n|\n|t:|1781447169\n|switch|p1a: Dragalge|Dragalge, L88, F|99/258 brn\n|move|p2a: Weezing|Strange Steam|p1a: Dragalge\n|-damage|p1a: Dragalge|32/258 brn\n|\n|-heal|p2a: Weezing|252/252|[from] item: Leftovers\n|-damage|p1a: Dragalge|16/258 brn|[from] brn\n|upkeep\n|turn|10\n|\n|t:|1781447187\n|move|p2a: Weezing|Strange Steam|p1a: Dragalge\n|-damage|p1a: Dragalge|0 fnt\n|faint|p1a: Dragalge\n|\n|upkeep\n|\n|t:|1781447207\n|switch|p1a: Iron Moth|Iron Moth, L78|253/253\n|turn|11\n|\n|t:|1781447219\n|switch|p2a: Cinccino|Cinccino, L83, M|260/260\n|move|p1a: Iron Moth|Fire Blast|p2a: Cinccino\n|-damage|p2a: Cinccino|70/260\n|\n|upkeep\n|turn|12\n|inactive|laius has 90 seconds left.\n|inactive|laius has 60 seconds left.\n|\n|t:|1781447278\n|-end|p1a: Iron Moth|Quark Drive|[silent]\n|switch|p1a: Hitmontop|Hitmontop, L88, M|216/231\n|move|p2a: Cinccino|Tidy Up|p2a: Cinccino\n|-boost|p2a: Cinccino|atk|1\n|-boost|p2a: Cinccino|spe|1\n|\n|-heal|p1a: Hitmontop|230/231|[from] item: Leftovers\n|upkeep\n|turn|13\n|\n|t:|1781447285\n|move|p2a: Cinccino|Tail Slap|p1a: Hitmontop\n|-damage|p1a: Hitmontop|179/231\n|-damage|p1a: Hitmontop|128/231\n|-crit|p1a: Hitmontop\n|-damage|p1a: Hitmontop|43/231\n|-damage|p1a: Hitmontop|0 fnt\n|faint|p1a: Hitmontop\n|-hitcount|p1: Hitmontop|4\n|\n|upkeep\n|\n|t:|1781447294\n|switch|p1a: Spiritomb|Spiritomb, L89, M|234/234\n|turn|14\n|\n|t:|1781447302\n|switch|p2a: Weezing|Weezing-Galar, L86, M|252/252\n|move|p1a: Spiritomb|Sucker Punch||[still]\n|-fail|p1a: Spiritomb\n|\n|upkeep\n|turn|15\n|\n|t:|1781447313\n|switch|p2a: Meloetta|Meloetta, L82|298/298\n|switch|p1a: Iron Moth|Iron Moth, L78|253/253\n|\n|upkeep\n|turn|16\n|\n|t:|1781447323\n|move|p1a: Iron Moth|Fire Blast|p2a: Meloetta\n|-damage|p2a: Meloetta|184/298\n|move|p2a: Meloetta|Relic Song|p1a: Iron Moth\n|-damage|p1a: Iron Moth|144/253\n|-formechange|p2a: Meloetta|Meloetta-Pirouette|[msg]\n|-damage|p2a: Meloetta|155/298|[from] item: Life Orb\n|\n|upkeep\n|turn|17\n|\n|t:|1781447338\n|move|p2a: Meloetta|Knock Off|p1a: Iron Moth\n|-damage|p1a: Iron Moth|0 fnt\n|-enditem|p1a: Iron Moth|Heavy-Duty Boots|[from] move: Knock Off|[of] p2a: Meloetta\n|faint|p1a: Iron Moth\n|-end|p1a: Iron Moth|Quark Drive|[silent]\n|-damage|p2a: Meloetta|126/298|[from] item: Life Orb\n|\n|upkeep\n|\n|t:|1781447348\n|switch|p1a: Spiritomb|Spiritomb, L89, M|234/234\n|turn|18\n|\n|t:|1781447373\n|move|p2a: Meloetta|Knock Off|p1a: Spiritomb\n|-damage|p1a: Spiritomb|142/234\n|-enditem|p1a: Spiritomb|Leftovers|[from] move: Knock Off|[of] p2a: Meloetta\n|-damage|p2a: Meloetta|97/298|[from] item: Life Orb\n|move|p1a: Spiritomb|Foul Play|p2a: Meloetta\n|-resisted|p2a: Meloetta\n|-damage|p2a: Meloetta|31/298\n|\n|upkeep\n|turn|19\n|\n|t:|1781447384\n|switch|p2a: Weezing|Weezing-Galar, L86, M|252/252\n|move|p1a: Spiritomb|Sucker Punch||[still]\n|-fail|p1a: Spiritomb\n|\n|upkeep\n|turn|20\n|\n|t:|1781447391\n|move|p2a: Weezing|Will-O-Wisp|p1a: Spiritomb\n|-status|p1a: Spiritomb|brn\n|move|p1a: Spiritomb|Pain Split|p2a: Weezing\n|-sethp|p2a: Weezing|197/252|[from] move: Pain Split|[silent]\n|-sethp|p1a: Spiritomb|197/234 brn|[from] move: Pain Split\n|\n|-heal|p2a: Weezing|212/252|[from] item: Leftovers\n|-damage|p1a: Spiritomb|183/234 brn|[from] brn\n|upkeep\n|turn|21\n|inactive|laius has 90 seconds left.\n|inactive|Micael Lopes has 120 seconds left.\n|\n|t:|1781447417\n|move|p2a: Weezing|Strange Steam|p1a: Spiritomb\n|-supereffective|p1a: Spiritomb\n|-damage|p1a: Spiritomb|45/234 brn\n|move|p1a: Spiritomb|Poltergeist|p2a: Weezing\n|-activate|p2a: Weezing|move: Poltergeist|Leftovers\n|-damage|p2a: Weezing|163/252\n|\n|-heal|p2a: Weezing|178/252|[from] item: Leftovers\n|-damage|p1a: Spiritomb|31/234 brn|[from] brn\n|upkeep\n|turn|22\n|inactive|laius has 90 seconds left.\n|\n|t:|1781447430\n|move|p2a: Weezing|Strange Steam|p1a: Spiritomb\n|-supereffective|p1a: Spiritomb\n|-damage|p1a: Spiritomb|0 fnt\n|faint|p1a: Spiritomb\n|\n|-heal|p2a: Weezing|193/252|[from] item: Leftovers\n|upkeep\n|\n|t:|1781447435\n|switch|p1a: Golurk|Golurk, L87|297/297\n|turn|23\n|inactive|laius has 90 seconds left.\n|\n|t:|1781447443\n|move|p2a: Weezing|Will-O-Wisp|p1a: Golurk\n|-status|p1a: Golurk|brn\n|move|p1a: Golurk|Poltergeist|p2a: Weezing\n|-activate|p2a: Weezing|move: Poltergeist|Leftovers\n|-damage|p2a: Weezing|102/252\n|\n|-heal|p2a: Weezing|117/252|[from] item: Leftovers\n|-damage|p1a: Golurk|279/297 brn|[from] brn\n|upkeep\n|turn|24\n|inactive|laius has 90 seconds left.\n|\n|t:|1781447455\n|move|p2a: Weezing|Strange Steam|p1a: Golurk\n|-damage|p1a: Golurk|188/297 brn\n|move|p1a: Golurk|Poltergeist|p2a: Weezing\n|-activate|p2a: Weezing|move: Poltergeist|Leftovers\n|-damage|p2a: Weezing|25/252\n|\n|-heal|p2a: Weezing|40/252|[from] item: Leftovers\n|-damage|p1a: Golurk|170/297 brn|[from] brn\n|upkeep\n|turn|25\n|\n|t:|1781447478\n|switch|p2a: Meloetta|Meloetta, L82|31/298\n|move|p1a: Golurk|Poltergeist|p2a: Meloetta\n|-immune|p2a: Meloetta\n|\n|-damage|p1a: Golurk|152/297 brn|[from] brn\n|upkeep\n|turn|26\n|inactive|laius has 90 seconds left.\n|inactive|laius has 60 seconds left.\n|inactive|laius has 30 seconds left.\n|inactive|laius has 20 seconds left.\n|inactive|laius has 15 seconds left.\n|inactive|laius has 10 seconds left.\n|inactive|laius has 5 seconds left.\n|-message|laius lost due to inactivity.\n|\n|win|Micael Lopes\n|raw|laius's rating: 1616 &rarr; <strong>1598</strong><br />(-18 for losing)\n|raw|Micael Lopes's rating: 1643 &rarr; <strong>1661</strong><br />(+18 for winning)\n|c|\u2606Micael Lopes|**__Sexy game.__**\n|l|\u2606laius\n|player|p1|\n", "inputlog": ">version a8376a258c1d4662feba110a92103f3664a72141\n>start {\"formatid\":\"gen9randombattle\",\"seed\":\"sodium,00ac14deffc0dd0cdccbecfbd75a4f59\",\"rated\":\"Rated battle\"}\n>player p1 {\"name\":\"laius\",\"avatar\":\"101\",\"rating\":1616,\"seed\":\"sodium,90487906c3c36e6424943fbe4afceca1\"}\n>player p2 {\"name\":\"Micael Lopes\",\"avatar\":\"benga\",\"rating\":1602,\"seed\":\"sodium,08119ee18fed8c712f725e58ee2ab3dc\"}\n>p1 move knockoff\n>p2 move knockoff\n>p1 switch 4\n>p2 move drainpunch\n>p1 move dynamicpunch\n>p2 switch 3\n>p1 switch 3\n>p2 move willowisp\n>p1 move sludgewave\n>p2 switch 2\n>p1 move sludgewave\n>p2 move knockoff terastallize\n>p1 switch 5\n>p2 move machpunch\n>p1 move closecombat\n>p2 switch 2\n>p1 switch 5\n>p2 move strangesteam\n>p1 move sludgewave\n>p2 move strangesteam\n>p1 switch 6\n>p1 move fireblast\n>p2 switch 4\n>p1 switch 5\n>p2 move tidyup\n>p1 move rapidspin\n>p2 move tailslap\n>p1 switch 2\n>p1 move suckerpunch\n>p2 switch 4\n>p1 switch 5\n>p2 switch 5\n>p1 move fireblast\n>p2 move relicsong\n>p1 move fireblast\n>p2 move knockoff\n>p1 switch 5\n>p1 move foulplay\n>p2 move knockoff\n>p1 move suckerpunch\n>p2 switch 5\n>p1 move painsplit\n>p2 move willowisp\n>p1 move poltergeist\n>p2 move strangesteam\n>p1 move painsplit\n>p2 move strangesteam\n>p1 switch 3\n>p1 move poltergeist\n>p2 move willowisp\n>p1 move poltergeist\n>p2 move strangesteam\n>p1 move poltergeist\n>p2 switch 5\n>forcelose p1", "uploadtime": 1781447602, "views": 10, "formatid": "gen9randombattle", "rating": 1598, "private": 0, "password": null}