{"id": "gen9randombattle-2631414501", "format": "[Gen 9] Random Battle", "players": ["b'syd", "A_stuff"], "log": "|j|\u2606b'syd\n|j|\u2606A_stuff\n|t:|1781381795\n|gametype|singles\n|player|p1|b'syd|170|\n|player|p2|A_stuff|lucas|\n|gen|9\n|tier|[Gen 9] Random Battle\n|rule|Species Clause: Limit one of each Pok\u00e9mon\n|rule|HP Percentage Mod: HP is shown in percentages\n|rule|Sleep Clause Mod: Limit one foe put to sleep\n|rule|Illusion Level Mod: Illusion disguises the Pok\u00e9mon's true level\n|\n|t:|1781381795\n|teamsize|p1|6\n|teamsize|p2|6\n|start\n|switch|p1a: Typhlosion|Typhlosion-Hisui, L83, F|257/257\n|switch|p2a: Cyclizar|Cyclizar, L83, F|252/252\n|turn|1\n|inactive|Battle timer is ON: inactive players will automatically lose when time's up. (requested by A_stuff)\n|\n|t:|1781381822\n|switch|p2a: Uxie|Uxie, L83|260/260\n|move|p1a: Typhlosion|Fire Blast|p2a: Uxie\n|-damage|p2a: Uxie|158/260\n|-status|p2a: Uxie|brn\n|\n|-heal|p2a: Uxie|174/260 brn|[from] item: Leftovers\n|-damage|p2a: Uxie|158/260 brn|[from] brn\n|upkeep\n|turn|2\n|\n|t:|1781381834\n|move|p1a: Typhlosion|Fire Blast|p2a: Uxie\n|-crit|p2a: Uxie\n|-damage|p2a: Uxie|20/260 brn\n|move|p2a: Uxie|Thunder Wave|p1a: Typhlosion\n|-status|p1a: Typhlosion|par\n|\n|-heal|p2a: Uxie|36/260 brn|[from] item: Leftovers\n|-damage|p2a: Uxie|20/260 brn|[from] brn\n|upkeep\n|turn|3\n|\n|t:|1781381845\n|move|p2a: Uxie|Knock Off|p1a: Typhlosion\n|-supereffective|p1a: Typhlosion\n|-damage|p1a: Typhlosion|197/257 par\n|-enditem|p1a: Typhlosion|Choice Scarf|[from] move: Knock Off|[of] p2a: Uxie\n|move|p1a: Typhlosion|Fire Blast|p2a: Uxie\n|-damage|p2a: Uxie|0 fnt\n|faint|p2a: Uxie\n|\n|upkeep\n|\n|t:|1781381857\n|switch|p2a: Quaquaval|Quaquaval, L79, M|264/264\n|turn|4\n|\n|t:|1781381867\n|switch|p1a: Brute Bonnet|Brute Bonnet, L80|309/309\n|move|p2a: Quaquaval|Aqua Step|p1a: Brute Bonnet\n|-resisted|p1a: Brute Bonnet\n|-damage|p1a: Brute Bonnet|268/309\n|-boost|p2a: Quaquaval|spe|1\n|\n|-heal|p1a: Brute Bonnet|287/309|[from] item: Leftovers\n|upkeep\n|turn|5\n|\n|t:|1781381879\n|move|p1a: Brute Bonnet|Sucker Punch|p2a: Quaquaval\n|-resisted|p2a: Quaquaval\n|-damage|p2a: Quaquaval|216/264\n|move|p2a: Quaquaval|Close Combat|p1a: Brute Bonnet\n|-supereffective|p1a: Brute Bonnet\n|-damage|p1a: Brute Bonnet|23/309\n|-unboost|p2a: Quaquaval|def|1\n|-unboost|p2a: Quaquaval|spd|1\n|\n|-heal|p2a: Quaquaval|232/264|[from] item: Leftovers\n|-heal|p1a: Brute Bonnet|42/309|[from] item: Leftovers\n|upkeep\n|turn|6\n|\n|t:|1781381891\n|move|p2a: Quaquaval|Swords Dance|p2a: Quaquaval\n|-boost|p2a: Quaquaval|atk|2\n|move|p1a: Brute Bonnet|Close Combat|p2a: Quaquaval\n|-damage|p2a: Quaquaval|78/264\n|-unboost|p1a: Brute Bonnet|def|1\n|-unboost|p1a: Brute Bonnet|spd|1\n|\n|-heal|p2a: Quaquaval|94/264|[from] item: Leftovers\n|-heal|p1a: Brute Bonnet|61/309|[from] item: Leftovers\n|upkeep\n|turn|7\n|\n|t:|1781381902\n|move|p2a: Quaquaval|Close Combat|p1a: Brute Bonnet\n|-supereffective|p1a: Brute Bonnet\n|-damage|p1a: Brute Bonnet|0 fnt\n|-unboost|p2a: Quaquaval|def|1\n|-unboost|p2a: Quaquaval|spd|1\n|faint|p1a: Brute Bonnet\n|-end|p1a: Brute Bonnet|Protosynthesis|[silent]\n|-ability|p2a: Quaquaval|Moxie|boost\n|-boost|p2a: Quaquaval|atk|1\n|\n|-heal|p2a: Quaquaval|110/264|[from] item: Leftovers\n|upkeep\n|\n|t:|1781381913\n|switch|p1a: Tinkaton|Tinkaton, L82, F|274/274\n|-ability|p1a: Tinkaton|Mold Breaker\n|turn|8\n|\n|t:|1781381919\n|move|p2a: Quaquaval|Close Combat|p1a: Tinkaton\n|-damage|p1a: Tinkaton|0 fnt\n|-unboost|p2a: Quaquaval|def|1\n|-unboost|p2a: Quaquaval|spd|1\n|faint|p1a: Tinkaton\n|-ability|p2a: Quaquaval|Moxie|boost\n|-boost|p2a: Quaquaval|atk|1\n|\n|-heal|p2a: Quaquaval|126/264|[from] item: Leftovers\n|upkeep\n|\n|t:|1781381930\n|switch|p1a: Hitmonchan|Hitmonchan, L87, M|229/229\n|turn|9\n|\n|t:|1781381934\n|move|p2a: Quaquaval|Close Combat|p1a: Hitmonchan\n|-damage|p1a: Hitmonchan|0 fnt\n|-unboost|p2a: Quaquaval|def|1\n|-unboost|p2a: Quaquaval|spd|1\n|faint|p1a: Hitmonchan\n|-ability|p2a: Quaquaval|Moxie|boost\n|-boost|p2a: Quaquaval|atk|1\n|\n|-heal|p2a: Quaquaval|142/264|[from] item: Leftovers\n|upkeep\n|\n|t:|1781381945\n|switch|p1a: Keldeo|Keldeo-Resolute, L79|273/273\n|turn|10\n|\n|t:|1781381951\n|move|p2a: Quaquaval|Close Combat|p1a: Keldeo\n|-damage|p1a: Keldeo|0 fnt\n|-unboost|p2a: Quaquaval|def|1\n|-unboost|p2a: Quaquaval|spd|1\n|faint|p1a: Keldeo\n|-ability|p2a: Quaquaval|Moxie|boost\n|-boost|p2a: Quaquaval|atk|1\n|\n|-heal|p2a: Quaquaval|158/264|[from] item: Leftovers\n|upkeep\n|\n|t:|1781381962\n|switch|p1a: Bronzong|Bronzong, L88|261/261\n|turn|11\n|\n|t:|1781381966\n|move|p2a: Quaquaval|Close Combat|p1a: Bronzong\n|-damage|p1a: Bronzong|0 fnt\n|-unboost|p2a: Quaquaval|def|1\n|-unboost|p2a: Quaquaval|spd|1\n|faint|p1a: Bronzong\n|\n|-heal|p2a: Quaquaval|174/264|[from] item: Leftovers\n|upkeep\n|\n|t:|1781381975\n|switch|p1a: Typhlosion|Typhlosion-Hisui, L83, F|197/257 par\n|turn|12\n|\n|t:|1781381979\n|move|p2a: Quaquaval|Aqua Step|p1a: Typhlosion\n|-supereffective|p1a: Typhlosion\n|-damage|p1a: Typhlosion|0 fnt\n|-boost|p2a: Quaquaval|spe|1\n|faint|p1a: Typhlosion\n|\n|win|A_stuff\n|c|\u2606A_stuff|gg\n", "inputlog": ">version a8376a258c1d4662feba110a92103f3664a72141\n>start {\"formatid\":\"gen9randombattle\",\"seed\":\"sodium,b4ecfa3dd7d0bc6a54248f2b12810883\"}\n>player p1 {\"name\":\"b'syd\",\"avatar\":\"170\",\"rating\":0,\"seed\":\"sodium,4d3a5f9abc2e1a75ce9feeb8c0de971e\"}\n>player p2 {\"name\":\"A_stuff\",\"avatar\":\"lucas\",\"rating\":0,\"seed\":\"sodium,25be00ac75b352662910d4a8b3d00af8\"}\n>p1 move fireblast\n>p2 switch 5\n>p1 move fireblast\n>p2 move thunderwave\n>p1 move fireblast\n>p2 move knockoff\n>p2 switch 3\n>p1 switch 6\n>p2 move aquastep\n>p1 move suckerpunch\n>p2 move closecombat\n>p1 move closecombat\n>p2 move swordsdance\n>p1 move closecombat\n>p2 move closecombat\n>p1 switch 2\n>p1 move playrough\n>p2 move closecombat\n>p1 switch 5\n>p1 move drainpunch\n>p2 move closecombat\n>p1 switch 4\n>p1 move secretsword\n>p2 move closecombat\n>p1 switch 3\n>p1 move psychicnoise\n>p2 move closecombat\n>p1 switch 6\n>p1 move fireblast\n>p2 move aquastep", "uploadtime": 1781381985, "views": 9, "formatid": "gen9randombattle", "rating": null, "private": 0, "password": null}