{"id": "gen9randombattle-2631658388", "format": "[Gen 9] Random Battle", "players": ["marper8", "xxzfn"], "log": "|j|\u2606marper8\n|j|\u2606xxzfn\n|t:|1781416376\n|gametype|singles\n|player|p1|marper8|170|2097\n|player|p2|xxzfn|2|2201\n|gen|9\n|tier|[Gen 9] Random Battle\n|rated|\n|rule|Species Clause: Limit one of each Pok\u00e9mon\n|rule|HP Percentage Mod: HP is shown in percentages\n|rule|Sleep Clause Mod: Limit one foe put to sleep\n|rule|Illusion Level Mod: Illusion disguises the Pok\u00e9mon's true level\n|\n|t:|1781416376\n|teamsize|p1|6\n|teamsize|p2|6\n|start\n|switch|p1a: Iron Crown|Iron Crown, L78|268/268\n|switch|p2a: Arboliva|Arboliva, L91, F|288/288\n|turn|1\n|inactive|Battle timer is ON: inactive players will automatically lose when time's up. (requested by xxzfn)\n|\n|t:|1781416392\n|move|p1a: Iron Crown|Calm Mind|p1a: Iron Crown\n|-boost|p1a: Iron Crown|spa|1\n|-boost|p1a: Iron Crown|spd|1\n|move|p2a: Arboliva|Leech Seed|p1a: Iron Crown\n|-start|p1a: Iron Crown|move: Leech Seed\n|\n|-damage|p1a: Iron Crown|235/268|[from] Leech Seed|[of] p2a: Arboliva\n|upkeep\n|turn|2\n|\n|t:|1781416395\n|switch|p2a: Sableye|Sableye, L88, M|231/231\n|move|p1a: Iron Crown|Focus Blast|p2a: Sableye\n|-immune|p2a: Sableye\n|\n|-heal|p1a: Iron Crown|251/268|[from] item: Leftovers\n|-damage|p1a: Iron Crown|218/268|[from] Leech Seed|[of] p2a: Sableye\n|upkeep\n|turn|3\n|\n|t:|1781416401\n|-end|p1a: Iron Crown|Quark Drive|[silent]\n|switch|p1a: Whimsicott|Whimsicott, L84, F|238/238\n|move|p2a: Sableye|Encore||[still]\n|-fail|p2a: Sableye\n|\n|upkeep\n|turn|4\n|\n|t:|1781416404\n|move|p2a: Sableye|Thunder Wave|p1a: Whimsicott\n|-status|p1a: Whimsicott|par\n|cant|p1a: Whimsicott|par\n|\n|upkeep\n|turn|5\n|\n|t:|1781416407\n|move|p2a: Sableye|Knock Off|p1a: Whimsicott\n|-resisted|p1a: Whimsicott\n|-damage|p1a: Whimsicott|189/238 par\n|-enditem|p1a: Whimsicott|Heavy-Duty Boots|[from] move: Knock Off|[of] p2a: Sableye\n|move|p1a: Whimsicott|U-turn|p2a: Sableye\n|-damage|p2a: Sableye|192/231\n|\n|t:|1781416411\n|switch|p1a: Passimian|Passimian, L83, M|302/302|[from] U-turn\n|\n|-heal|p2a: Sableye|206/231|[from] item: Leftovers\n|upkeep\n|turn|6\n|\n|t:|1781416414\n|move|p2a: Sableye|Thunder Wave|p1a: Passimian\n|-status|p1a: Passimian|par\n|move|p1a: Passimian|Knock Off|p2a: Sableye\n|-damage|p2a: Sableye|85/231\n|-enditem|p2a: Sableye|Leftovers|[from] move: Knock Off|[of] p1a: Passimian\n|\n|upkeep\n|turn|7\n|\n|t:|1781416417\n|move|p2a: Sableye|Recover|p2a: Sableye\n|-heal|p2a: Sableye|201/231\n|move|p1a: Passimian|Knock Off|p2a: Sableye\n|-damage|p2a: Sableye|119/231\n|\n|upkeep\n|turn|8\n|\n|t:|1781416421\n|switch|p1a: Whimsicott|Whimsicott, L84, F|189/238 par\n|move|p2a: Sableye|Recover|p2a: Sableye\n|-heal|p2a: Sableye|231/231\n|\n|upkeep\n|turn|9\n|\n|t:|1781416425\n|switch|p2a: Raichu|Raichu-Alola, L87, F|246/246\n|move|p1a: Whimsicott|Moonblast|p2a: Raichu\n|-damage|p2a: Raichu|156/246\n|\n|upkeep\n|turn|10\n|\n|t:|1781416428\n|move|p2a: Raichu|Psyshock|p1a: Whimsicott\n|-damage|p1a: Whimsicott|63/238 par\n|-damage|p2a: Raichu|132/246|[from] item: Life Orb\n|move|p1a: Whimsicott|Moonblast|p2a: Raichu\n|-damage|p2a: Raichu|47/246\n|\n|upkeep\n|turn|11\n|\n|t:|1781416435\n|switch|p1a: Iron Crown|Iron Crown, L78|218/268\n|move|p2a: Raichu|Psyshock|p1a: Iron Crown\n|-resisted|p1a: Iron Crown\n|-damage|p1a: Iron Crown|193/268\n|-damage|p2a: Raichu|23/246|[from] item: Life Orb\n|\n|-heal|p1a: Iron Crown|209/268|[from] item: Leftovers\n|upkeep\n|turn|12\n|\n|t:|1781416437\n|-end|p1a: Iron Crown|Quark Drive|[silent]\n|switch|p1a: Whimsicott|Whimsicott, L84, F|63/238 par\n|move|p2a: Raichu|Surf|p1a: Whimsicott\n|-resisted|p1a: Whimsicott\n|-damage|p1a: Whimsicott|14/238 par\n|-damage|p2a: Raichu|0 fnt|[from] item: Life Orb\n|faint|p2a: Raichu\n|\n|upkeep\n|\n|t:|1781416448\n|switch|p2a: Arboliva|Arboliva, L91, F|288/288\n|turn|13\n|\n|t:|1781416454\n|move|p2a: Arboliva|Hyper Voice|p1a: Whimsicott\n|-damage|p1a: Whimsicott|0 fnt\n|faint|p1a: Whimsicott\n|\n|upkeep\n|\n|t:|1781416457\n|switch|p1a: Iron Crown|Iron Crown, L78|209/268\n|turn|14\n|\n|t:|1781416462\n|switch|p2a: Sableye|Sableye, L88, M|231/231\n|move|p1a: Iron Crown|Calm Mind|p1a: Iron Crown\n|-boost|p1a: Iron Crown|spa|1\n|-boost|p1a: Iron Crown|spd|1\n|\n|-heal|p1a: Iron Crown|225/268|[from] item: Leftovers\n|upkeep\n|turn|15\n|\n|t:|1781416465\n|-end|p1a: Iron Crown|Quark Drive|[silent]\n|switch|p1a: Passimian|Passimian, L83, M|302/302 par\n|move|p2a: Sableye|Encore||[still]\n|-fail|p2a: Sableye\n|\n|upkeep\n|turn|16\n|\n|t:|1781416471\n|move|p2a: Sableye|Knock Off|p1a: Passimian\n|-resisted|p1a: Passimian\n|-damage|p1a: Passimian|252/302 par\n|-enditem|p1a: Passimian|Choice Band|[from] move: Knock Off|[of] p2a: Sableye\n|move|p1a: Passimian|Gunk Shot|p2a: Sableye\n|-resisted|p2a: Sableye\n|-damage|p2a: Sableye|175/231\n|\n|upkeep\n|turn|17\n|\n|t:|1781416475\n|move|p2a: Sableye|Encore|p1a: Passimian\n|-start|p1a: Passimian|Encore\n|move|p1a: Passimian|Gunk Shot|p2a: Sableye|[miss]\n|-miss|p1a: Passimian|p2a: Sableye\n|\n|upkeep\n|turn|18\n|\n|t:|1781416478\n|move|p2a: Sableye|Knock Off|p1a: Passimian\n|-resisted|p1a: Passimian\n|-damage|p1a: Passimian|220/302 par\n|move|p1a: Passimian|Gunk Shot|p2a: Sableye|[miss]\n|-miss|p1a: Passimian|p2a: Sableye\n|\n|upkeep\n|turn|19\n|\n|t:|1781416480\n|move|p2a: Sableye|Knock Off|p1a: Passimian\n|-resisted|p1a: Passimian\n|-damage|p1a: Passimian|187/302 par\n|cant|p1a: Passimian|par\n|\n|-end|p1a: Passimian|Encore\n|upkeep\n|turn|20\n|\n|t:|1781416482\n|move|p2a: Sableye|Recover|p2a: Sableye\n|-heal|p2a: Sableye|231/231\n|move|p1a: Passimian|Gunk Shot|p2a: Sableye|[miss]\n|-miss|p1a: Passimian|p2a: Sableye\n|\n|upkeep\n|turn|21\n|\n|t:|1781416484\n|move|p2a: Sableye|Knock Off|p1a: Passimian\n|-resisted|p1a: Passimian\n|-damage|p1a: Passimian|155/302 par\n|move|p1a: Passimian|Gunk Shot|p2a: Sableye\n|-resisted|p2a: Sableye\n|-damage|p2a: Sableye|175/231\n|\n|upkeep\n|turn|22\n|\n|t:|1781416485\n|move|p2a: Sableye|Knock Off|p1a: Passimian\n|-resisted|p1a: Passimian\n|-damage|p1a: Passimian|123/302 par\n|move|p1a: Passimian|Gunk Shot|p2a: Sableye|[miss]\n|-miss|p1a: Passimian|p2a: Sableye\n|\n|upkeep\n|turn|23\n|\n|t:|1781416487\n|move|p2a: Sableye|Knock Off|p1a: Passimian\n|-resisted|p1a: Passimian\n|-damage|p1a: Passimian|90/302 par\n|move|p1a: Passimian|Gunk Shot|p2a: Sableye\n|-resisted|p2a: Sableye\n|-crit|p2a: Sableye\n|-damage|p2a: Sableye|100/231\n|\n|upkeep\n|turn|24\n|\n|t:|1781416490\n|move|p2a: Sableye|Recover|p2a: Sableye\n|-heal|p2a: Sableye|216/231\n|move|p1a: Passimian|Gunk Shot|p2a: Sableye\n|-resisted|p2a: Sableye\n|-damage|p2a: Sableye|166/231\n|-status|p2a: Sableye|psn\n|\n|-damage|p2a: Sableye|138/231 psn|[from] psn\n|upkeep\n|turn|25\n|\n|t:|1781416493\n|move|p2a: Sableye|Knock Off|p1a: Passimian\n|-resisted|p1a: Passimian\n|-damage|p1a: Passimian|57/302 par\n|move|p1a: Passimian|Knock Off|p2a: Sableye\n|-damage|p2a: Sableye|77/231 psn\n|\n|-damage|p2a: Sableye|49/231 psn|[from] psn\n|upkeep\n|turn|26\n|\n|t:|1781416496\n|move|p2a: Sableye|Recover|p2a: Sableye\n|-heal|p2a: Sableye|165/231 psn\n|move|p1a: Passimian|Knock Off|p2a: Sableye\n|-damage|p2a: Sableye|112/231 psn\n|\n|-damage|p2a: Sableye|84/231 psn|[from] psn\n|upkeep\n|turn|27\n|\n|t:|1781416498\n|move|p2a: Sableye|Recover|p2a: Sableye\n|-heal|p2a: Sableye|200/231 psn\n|cant|p1a: Passimian|par\n|\n|-damage|p2a: Sableye|172/231 psn|[from] psn\n|upkeep\n|turn|28\n|\n|t:|1781416501\n|move|p2a: Sableye|Knock Off|p1a: Passimian\n|-resisted|p1a: Passimian\n|-damage|p1a: Passimian|27/302 par\n|move|p1a: Passimian|Knock Off|p2a: Sableye\n|-damage|p2a: Sableye|109/231 psn\n|\n|-damage|p2a: Sableye|81/231 psn|[from] psn\n|upkeep\n|turn|29\n|\n|t:|1781416504\n|move|p2a: Sableye|Recover|p2a: Sableye\n|-heal|p2a: Sableye|197/231 psn\n|cant|p1a: Passimian|par\n|\n|-damage|p2a: Sableye|169/231 psn|[from] psn\n|upkeep\n|turn|30\n|\n|t:|1781416506\n|move|p2a: Sableye|Knock Off|p1a: Passimian\n|-resisted|p1a: Passimian\n|-damage|p1a: Passimian|0 fnt\n|faint|p1a: Passimian\n|\n|-damage|p2a: Sableye|141/231 psn|[from] psn\n|upkeep\n|\n|t:|1781416508\n|switch|p1a: Rhyperior|Rhyperior, L82, F|323/323\n|turn|31\n|\n|t:|1781416510\n|move|p2a: Sableye|Knock Off|p1a: Rhyperior\n|-damage|p1a: Rhyperior|253/323\n|-enditem|p1a: Rhyperior|Weakness Policy|[from] move: Knock Off|[of] p2a: Sableye\n|move|p1a: Rhyperior|Rock Polish|p1a: Rhyperior\n|-boost|p1a: Rhyperior|spe|2\n|\n|-damage|p2a: Sableye|113/231 psn|[from] psn\n|upkeep\n|turn|32\n|\n|t:|1781416516\n|switch|p1a: Iron Crown|Iron Crown, L78|225/268\n|move|p2a: Sableye|Encore||[still]\n|-fail|p2a: Sableye\n|\n|-heal|p1a: Iron Crown|241/268|[from] item: Leftovers\n|-damage|p2a: Sableye|85/231 psn|[from] psn\n|upkeep\n|turn|33\n|\n|t:|1781416518\n|-end|p1a: Iron Crown|Quark Drive|[silent]\n|switch|p1a: Rhyperior|Rhyperior, L82, F|253/323\n|move|p2a: Sableye|Recover|p2a: Sableye\n|-heal|p2a: Sableye|201/231 psn\n|\n|-damage|p2a: Sableye|173/231 psn|[from] psn\n|upkeep\n|turn|34\n|\n|t:|1781416521\n|switch|p2a: Arboliva|Arboliva, L91, F|288/288\n|move|p1a: Rhyperior|Stone Edge|p2a: Arboliva\n|-damage|p2a: Arboliva|162/288\n|\n|upkeep\n|turn|35\n|\n|t:|1781416527\n|switch|p1a: Glastrier|Glastrier, L86|312/312\n|move|p2a: Arboliva|Leech Seed|p1a: Glastrier\n|-start|p1a: Glastrier|move: Leech Seed\n|\n|-damage|p1a: Glastrier|273/312|[from] Leech Seed|[of] p2a: Arboliva\n|-heal|p2a: Arboliva|201/288|[silent]\n|upkeep\n|turn|36\n|\n|t:|1781416532\n|switch|p1a: Iron Crown|Iron Crown, L78|241/268\n|move|p2a: Arboliva|Substitute|p2a: Arboliva\n|-start|p2a: Arboliva|Substitute\n|-damage|p2a: Arboliva|129/288\n|-enditem|p2a: Arboliva|Sitrus Berry|[eat]\n|-heal|p2a: Arboliva|201/288|[from] item: Sitrus Berry\n|\n|-heal|p1a: Iron Crown|257/268|[from] item: Leftovers\n|upkeep\n|turn|37\n|\n|t:|1781416540\n|move|p1a: Iron Crown|Calm Mind|p1a: Iron Crown\n|-boost|p1a: Iron Crown|spa|1\n|-boost|p1a: Iron Crown|spd|1\n|move|p2a: Arboliva|Leech Seed|p1a: Iron Crown\n|-start|p1a: Iron Crown|move: Leech Seed\n|\n|-heal|p1a: Iron Crown|268/268|[from] item: Leftovers\n|-damage|p1a: Iron Crown|235/268|[from] Leech Seed|[of] p2a: Arboliva\n|-heal|p2a: Arboliva|234/288|[silent]\n|-item|p2a: Arboliva|Sitrus Berry|[from] ability: Harvest\n|upkeep\n|turn|38\n|\n|t:|1781416544\n|move|p1a: Iron Crown|Tachyon Cutter|p2a: Arboliva\n|-activate|p2a: Arboliva|move: Substitute|[damage]\n|-end|p2a: Arboliva|Substitute\n|-hitcount|p2a: Arboliva|2\n|move|p2a: Arboliva|Hyper Voice|p1a: Iron Crown\n|-resisted|p1a: Iron Crown\n|-damage|p1a: Iron Crown|190/268\n|\n|-heal|p1a: Iron Crown|206/268|[from] item: Leftovers\n|-damage|p1a: Iron Crown|173/268|[from] Leech Seed|[of] p2a: Arboliva\n|-heal|p2a: Arboliva|267/288|[silent]\n|upkeep\n|turn|39\n|\n|t:|1781416549\n|move|p1a: Iron Crown|Focus Blast|p2a: Arboliva\n|-supereffective|p2a: Arboliva\n|-damage|p2a: Arboliva|57/288\n|-unboost|p2a: Arboliva|spd|1\n|-enditem|p2a: Arboliva|Sitrus Berry|[eat]\n|-heal|p2a: Arboliva|129/288|[from] item: Sitrus Berry\n|move|p2a: Arboliva|Substitute|p2a: Arboliva\n|-start|p2a: Arboliva|Substitute\n|-damage|p2a: Arboliva|57/288\n|\n|-heal|p1a: Iron Crown|189/268|[from] item: Leftovers\n|-damage|p1a: Iron Crown|156/268|[from] Leech Seed|[of] p2a: Arboliva\n|-heal|p2a: Arboliva|90/288|[silent]\n|upkeep\n|turn|40\n|\n|t:|1781416555\n|move|p2a: Arboliva|Protect|p2a: Arboliva\n|-singleturn|p2a: Arboliva|Protect\n|move|p1a: Iron Crown|Tachyon Cutter|p2a: Arboliva\n|-activate|p2a: Arboliva|move: Protect\n|\n|-heal|p1a: Iron Crown|172/268|[from] item: Leftovers\n|-damage|p1a: Iron Crown|139/268|[from] Leech Seed|[of] p2a: Arboliva\n|-heal|p2a: Arboliva|123/288|[silent]\n|-item|p2a: Arboliva|Sitrus Berry|[from] ability: Harvest\n|upkeep\n|-enditem|p2a: Arboliva|Sitrus Berry|[eat]\n|-heal|p2a: Arboliva|195/288|[from] item: Sitrus Berry\n|turn|41\n|\n|t:|1781416558\n|switch|p2a: Sableye|Sableye, L88, M|173/231 psn\n|move|p1a: Iron Crown|Tachyon Cutter|p2a: Sableye\n|-damage|p2a: Sableye|71/231 psn\n|-damage|p2a: Sableye|0 fnt\n|faint|p2a: Sableye\n|-hitcount|p2: Sableye|2\n|\n|-heal|p1a: Iron Crown|155/268|[from] item: Leftovers\n|upkeep\n|\n|t:|1781416564\n|switch|p2a: Lunala|Lunala, L70|308/308\n|turn|42\n|\n|t:|1781416569\n|move|p1a: Iron Crown|Tachyon Cutter|p2a: Lunala\n|-damage|p2a: Lunala|263/308\n|-damage|p2a: Lunala|178/308\n|-hitcount|p2a: Lunala|2\n|move|p2a: Lunala|Calm Mind|p2a: Lunala\n|-boost|p2a: Lunala|spa|1\n|-boost|p2a: Lunala|spd|1\n|\n|-heal|p1a: Iron Crown|171/268|[from] item: Leftovers\n|-heal|p2a: Lunala|197/308|[from] item: Leftovers\n|-damage|p1a: Iron Crown|138/268|[from] Leech Seed|[of] p2a: Lunala\n|-heal|p2a: Lunala|230/308|[silent]\n|upkeep\n|turn|43\n|\n|t:|1781416574\n|-end|p1a: Iron Crown|Quark Drive|[silent]\n|switch|p1a: Rhyperior|Rhyperior, L82, F|253/323\n|move|p2a: Lunala|Moonlight|p2a: Lunala\n|-heal|p2a: Lunala|308/308\n|\n|upkeep\n|turn|44\n|\n|t:|1781416577\n|move|p2a: Lunala|Moongeist Beam|p1a: Rhyperior\n|-damage|p1a: Rhyperior|25/323\n|move|p1a: Rhyperior|Rock Polish|p1a: Rhyperior\n|-boost|p1a: Rhyperior|spe|2\n|\n|upkeep\n|turn|45\n|\n|t:|1781416581\n|move|p1a: Rhyperior|Earthquake|p2a: Lunala\n|-damage|p2a: Lunala|230/308\n|move|p2a: Lunala|Moongeist Beam|p1a: Rhyperior\n|-damage|p1a: Rhyperior|0 fnt\n|faint|p1a: Rhyperior\n|\n|-heal|p2a: Lunala|249/308|[from] item: Leftovers\n|upkeep\n|\n|t:|1781416583\n|switch|p1a: Annihilape|Annihilape, L76, F|292/292\n|turn|46\n|\n|t:|1781416589\n|-terastallize|p1a: Annihilape|Water\n|move|p1a: Annihilape|Bulk Up|p1a: Annihilape\n|-boost|p1a: Annihilape|atk|1\n|-boost|p1a: Annihilape|def|1\n|move|p2a: Lunala|Moongeist Beam|p1a: Annihilape\n|-damage|p1a: Annihilape|129/292\n|\n|-heal|p2a: Lunala|268/308|[from] item: Leftovers\n|upkeep\n|turn|47\n|\n|t:|1781416592\n|move|p1a: Annihilape|Rage Fist|p2a: Lunala\n|-supereffective|p2a: Lunala\n|-damage|p2a: Lunala|0 fnt\n|faint|p2a: Lunala\n|\n|upkeep\n|\n|t:|1781416596\n|switch|p2a: Minior|Minior-Violet, L79|224/224\n|-formechange|p2a: Minior|Minior-Meteor||[from] ability: Shields Down\n|turn|48\n|\n|t:|1781416601\n|move|p1a: Annihilape|Drain Punch|p2a: Minior\n|-damage|p2a: Minior|119/224\n|-heal|p1a: Annihilape|182/292|[from] drain|[of] p2a: Minior\n|move|p2a: Minior|Shell Smash|p2a: Minior\n|-unboost|p2a: Minior|def|1\n|-unboost|p2a: Minior|spd|1\n|-boost|p2a: Minior|atk|2\n|-boost|p2a: Minior|spa|2\n|-boost|p2a: Minior|spe|2\n|-enditem|p2a: Minior|White Herb\n|-clearnegativeboost|p2a: Minior|[silent]\n|\n|upkeep\n|turn|49\n|\n|t:|1781416609\n|move|p2a: Minior|Power Gem|p1a: Annihilape\n|-damage|p1a: Annihilape|74/292\n|move|p1a: Annihilape|Rest|p1a: Annihilape\n|-status|p1a: Annihilape|slp|[from] move: Rest\n|-heal|p1a: Annihilape|292/292 slp|[silent]\n|-enditem|p1a: Annihilape|Chesto Berry|[eat]\n|-curestatus|p1a: Annihilape|slp|[msg]\n|\n|upkeep\n|turn|50\n|\n|t:|1781416638\n|move|p2a: Minior|Acrobatics|p1a: Annihilape\n|-damage|p1a: Annihilape|169/292\n|move|p1a: Annihilape|Rage Fist|p2a: Minior\n|-damage|p2a: Minior|0 fnt\n|faint|p2a: Minior\n|\n|upkeep\n|\n|t:|1781416641\n|switch|p2a: Lycanroc|Lycanroc-Midnight, L89, M|296/296\n|turn|51\n|\n|t:|1781416648\n|-terastallize|p2a: Lycanroc|Fighting\n|move|p2a: Lycanroc|Close Combat|p1a: Annihilape\n|-damage|p1a: Annihilape|0 fnt\n|-unboost|p2a: Lycanroc|def|1\n|-unboost|p2a: Lycanroc|spd|1\n|faint|p1a: Annihilape\n|-damage|p2a: Lycanroc|267/296|[from] item: Life Orb\n|\n|upkeep\n|\n|t:|1781416653\n|switch|p1a: Iron Crown|Iron Crown, L78|138/268\n|turn|52\n|\n|t:|1781416657\n|switch|p2a: Arboliva|Arboliva, L91, F|195/288\n|move|p1a: Iron Crown|Psyshock|p2a: Arboliva\n|-damage|p2a: Arboliva|111/288\n|\n|-heal|p1a: Iron Crown|154/268|[from] item: Leftovers\n|-item|p2a: Arboliva|Sitrus Berry|[from] ability: Harvest\n|upkeep\n|-enditem|p2a: Arboliva|Sitrus Berry|[eat]\n|-heal|p2a: Arboliva|183/288|[from] item: Sitrus Berry\n|turn|53\n|\n|t:|1781416659\n|-end|p1a: Iron Crown|Quark Drive|[silent]\n|switch|p1a: Glastrier|Glastrier, L86|273/312\n|move|p2a: Arboliva|Leech Seed|p1a: Glastrier\n|-start|p1a: Glastrier|move: Leech Seed\n|\n|-damage|p1a: Glastrier|234/312|[from] Leech Seed|[of] p2a: Arboliva\n|-heal|p2a: Arboliva|222/288|[silent]\n|upkeep\n|turn|54\n|\n|t:|1781416663\n|move|p2a: Arboliva|Protect|p2a: Arboliva\n|-singleturn|p2a: Arboliva|Protect\n|move|p1a: Glastrier|Icicle Crash|p2a: Arboliva\n|-activate|p2a: Arboliva|move: Protect\n|\n|-damage|p1a: Glastrier|195/312|[from] Leech Seed|[of] p2a: Arboliva\n|-heal|p2a: Arboliva|261/288|[silent]\n|-item|p2a: Arboliva|Sitrus Berry|[from] ability: Harvest\n|upkeep\n|turn|55\n|\n|t:|1781416665\n|move|p2a: Arboliva|Substitute|p2a: Arboliva\n|-start|p2a: Arboliva|Substitute\n|-damage|p2a: Arboliva|189/288\n|move|p1a: Glastrier|Icicle Crash|p2a: Arboliva\n|-supereffective|p2a: Arboliva\n|-end|p2a: Arboliva|Substitute\n|\n|-damage|p1a: Glastrier|156/312|[from] Leech Seed|[of] p2a: Arboliva\n|-heal|p2a: Arboliva|228/288|[silent]\n|upkeep\n|turn|56\n|\n|t:|1781416668\n|move|p2a: Arboliva|Protect|p2a: Arboliva\n|-singleturn|p2a: Arboliva|Protect\n|move|p1a: Glastrier|Heavy Slam|p2a: Arboliva\n|-activate|p2a: Arboliva|move: Protect\n|\n|-damage|p1a: Glastrier|117/312|[from] Leech Seed|[of] p2a: Arboliva\n|-heal|p2a: Arboliva|267/288|[silent]\n|upkeep\n|turn|57\n|\n|t:|1781416669\n|move|p2a: Arboliva|Substitute|p2a: Arboliva\n|-start|p2a: Arboliva|Substitute\n|-damage|p2a: Arboliva|195/288\n|move|p1a: Glastrier|Icicle Crash|p2a: Arboliva|[miss]\n|-miss|p1a: Glastrier|p2a: Arboliva\n|\n|-damage|p1a: Glastrier|78/312|[from] Leech Seed|[of] p2a: Arboliva\n|-heal|p2a: Arboliva|234/288|[silent]\n|upkeep\n|turn|58\n|\n|t:|1781416672\n|move|p2a: Arboliva|Hyper Voice|p1a: Glastrier\n|-damage|p1a: Glastrier|0 fnt\n|faint|p1a: Glastrier\n|\n|upkeep\n|\n|t:|1781416673\n|switch|p1a: Iron Crown|Iron Crown, L78|154/268\n|turn|59\n|\n|t:|1781416675\n|move|p1a: Iron Crown|Calm Mind|p1a: Iron Crown\n|-boost|p1a: Iron Crown|spa|1\n|-boost|p1a: Iron Crown|spd|1\n|move|p2a: Arboliva|Leech Seed|p1a: Iron Crown\n|-start|p1a: Iron Crown|move: Leech Seed\n|\n|-heal|p1a: Iron Crown|170/268|[from] item: Leftovers\n|-damage|p1a: Iron Crown|137/268|[from] Leech Seed|[of] p2a: Arboliva\n|-heal|p2a: Arboliva|267/288|[silent]\n|upkeep\n|turn|60\n|\n|t:|1781416678\n|move|p1a: Iron Crown|Calm Mind|p1a: Iron Crown\n|-boost|p1a: Iron Crown|spa|1\n|-boost|p1a: Iron Crown|spd|1\n|move|p2a: Arboliva|Hyper Voice|p1a: Iron Crown\n|-resisted|p1a: Iron Crown\n|-damage|p1a: Iron Crown|104/268\n|\n|-heal|p1a: Iron Crown|120/268|[from] item: Leftovers\n|-damage|p1a: Iron Crown|87/268|[from] Leech Seed|[of] p2a: Arboliva\n|-heal|p2a: Arboliva|288/288|[silent]\n|upkeep\n|turn|61\n|\n|t:|1781416681\n|move|p2a: Arboliva|Protect|p2a: Arboliva\n|-singleturn|p2a: Arboliva|Protect\n|move|p1a: Iron Crown|Psyshock|p2a: Arboliva\n|-activate|p2a: Arboliva|move: Protect\n|\n|-heal|p1a: Iron Crown|103/268|[from] item: Leftovers\n|-damage|p1a: Iron Crown|70/268|[from] Leech Seed|[of] p2a: Arboliva\n|upkeep\n|turn|62\n|\n|t:|1781416683\n|move|p1a: Iron Crown|Psyshock|p2a: Arboliva\n|-end|p2a: Arboliva|Substitute\n|move|p2a: Arboliva|Hyper Voice|p1a: Iron Crown\n|-resisted|p1a: Iron Crown\n|-damage|p1a: Iron Crown|40/268\n|\n|-heal|p1a: Iron Crown|56/268|[from] item: Leftovers\n|-damage|p1a: Iron Crown|23/268|[from] Leech Seed|[of] p2a: Arboliva\n|upkeep\n|turn|63\n|\n|t:|1781416685\n|move|p2a: Arboliva|Protect|p2a: Arboliva\n|-singleturn|p2a: Arboliva|Protect\n|move|p1a: Iron Crown|Tachyon Cutter|p2a: Arboliva\n|-activate|p2a: Arboliva|move: Protect\n|\n|-heal|p1a: Iron Crown|39/268|[from] item: Leftovers\n|-damage|p1a: Iron Crown|6/268|[from] Leech Seed|[of] p2a: Arboliva\n|upkeep\n|turn|64\n|\n|t:|1781416688\n|move|p1a: Iron Crown|Focus Blast|p2a: Arboliva\n|-supereffective|p2a: Arboliva\n|-damage|p2a: Arboliva|34/288\n|-enditem|p2a: Arboliva|Sitrus Berry|[eat]\n|-heal|p2a: Arboliva|106/288|[from] item: Sitrus Berry\n|move|p2a: Arboliva|Hyper Voice|p1a: Iron Crown\n|-resisted|p1a: Iron Crown\n|-damage|p1a: Iron Crown|0 fnt\n|faint|p1a: Iron Crown\n|-end|p1a: Iron Crown|Quark Drive|[silent]\n|\n|win|xxzfn\n", "inputlog": ">version a8376a258c1d4662feba110a92103f3664a72141\n>start {\"formatid\":\"gen9randombattle\",\"seed\":\"sodium,b8f63b0fd608b8e78ab0d8db93191877\",\"rated\":\"Rated battle\"}\n>player p1 {\"name\":\"marper8\",\"avatar\":\"170\",\"rating\":2097,\"seed\":\"sodium,26fd6427a70977fb28cea5d7797e6193\"}\n>player p2 {\"name\":\"xxzfn\",\"avatar\":\"2\",\"rating\":2201,\"seed\":\"sodium,e2f1bcfd7f27d68b0aff79201135b8c8\"}\n>p1 move calmmind\n>p2 move leechseed\n>p1 move focusblast\n>p2 switch 3\n>p1 switch 4\n>p2 move encore\n>p1 move moonblast\n>p2 move thunderwave\n>p1 move uturn\n>p2 move knockoff\n>p1 switch 5\n>p1 move knockoff\n>p2 move thunderwave\n>p1 move knockoff\n>p2 move recover\n>p1 switch 5\n>p2 move recover\n>p1 move moonblast\n>p2 switch 6\n>p1 move moonblast\n>p2 move psyshock\n>p1 switch 4\n>p2 move psyshock\n>p1 switch 4\n>p2 move surf\n>p2 switch 3\n>p1 move moonblast\n>p2 move hypervoice\n>p1 switch 4\n>p1 move calmmind\n>p2 switch 6\n>p1 switch 5\n>p2 move encore\n>p1 move gunkshot\n>p2 move knockoff\n>p1 move gunkshot\n>p2 move encore\n>p1 move gunkshot\n>p2 move knockoff\n>p1 move gunkshot\n>p2 move knockoff\n>p1 move gunkshot\n>p2 move recover\n>p1 move gunkshot\n>p2 move knockoff\n>p1 move gunkshot\n>p2 move knockoff\n>p1 move gunkshot\n>p2 move knockoff\n>p1 move gunkshot\n>p2 move recover\n>p1 move knockoff\n>p2 move knockoff\n>p1 move knockoff\n>p2 move recover\n>p1 move knockoff\n>p2 move recover\n>p1 move knockoff\n>p2 move knockoff\n>p1 move knockoff\n>p2 move recover\n>p1 move knockoff\n>p2 move knockoff\n>p1 switch 6\n>p1 move rockpolish\n>p2 move knockoff\n>p1 switch 5\n>p2 move encore\n>p1 switch 5\n>p2 move recover\n>p1 move stoneedge\n>p2 switch 6\n>p1 switch 3\n>p2 move leechseed\n>p1 switch 5\n>p2 move substitute\n>p1 move calmmind\n>p2 move leechseed\n>p1 move tachyoncutter\n>p2 move hypervoice\n>p1 move focusblast\n>p2 move substitute\n>p1 move tachyoncutter\n>p2 move protect\n>p1 move tachyoncutter\n>p2 switch 6\n>p2 switch 4\n>p1 move tachyoncutter\n>p2 move calmmind\n>p1 switch 3\n>p2 move moonlight\n>p1 move rockpolish\n>p2 move moongeistbeam\n>p1 move earthquake\n>p2 move moongeistbeam\n>p1 switch 2\n>p1 move bulkup terastallize\n>p2 move moongeistbeam\n>p1 move ragefist\n>p2 move moongeistbeam\n>p2 switch 5\n>p1 move drainpunch\n>p2 move shellsmash\n>p1 move rest\n>p2 move powergem\n>p1 move ragefist\n>p2 move acrobatics\n>p2 switch 2\n>p1 move drainpunch\n>p2 move closecombat terastallize\n>p1 switch 3\n>p1 move psyshock\n>p2 switch 6\n>p1 switch 5\n>p2 move leechseed\n>p1 move iciclecrash\n>p2 move protect\n>p1 move iciclecrash\n>p2 move substitute\n>p1 move heavyslam\n>p2 move protect\n>p1 move iciclecrash\n>p2 move substitute\n>p1 move iciclecrash\n>p2 move hypervoice\n>p1 switch 5\n>p1 move calmmind\n>p2 move leechseed\n>p1 move calmmind\n>p2 move hypervoice\n>p1 move psyshock\n>p2 move protect\n>p1 move psyshock\n>p2 move hypervoice\n>p1 move tachyoncutter\n>p2 move protect\n>p1 move focusblast\n>p2 move hypervoice", "uploadtime": 1781416379, "views": 7, "formatid": "gen9randombattle", "rating": null, "private": 0, "password": null, "player_dets": [{"name": "marper8", "avatar": "170", "rating": 2097, "seed": "sodium,26fd6427a70977fb28cea5d7797e6193"}, {"name": "xxzfn", "avatar": "2", "rating": 2201, "seed": "sodium,e2f1bcfd7f27d68b0aff79201135b8c8"}], "teams_full": [{"Iron Crown": {"name": "Iron Crown", "species": "Iron Crown", "speciesId": "ironcrown", "gender": "N", "shiny": false, "level": 78, "moves": ["psyshock", "focusblast", "calmmind", "tachyoncutter"], "ability": "Quark Drive", "evs": {"hp": 85, "atk": 0, "def": 85, "spa": 85, "spd": 85, "spe": 85}, "ivs": {"hp": 31, "atk": 0, "def": 31, "spa": 31, "spd": 31, "spe": 31}, "item": "Leftovers", "teraType": "Steel", "role": "Bulky Setup", "bvs": {"hp": 90, "atk": 72, "def": 100, "spa": 122, "spd": 108, "spe": 98}, "stats": {"hp": 268, "atk": 117, "def": 201, "spa": 235, "spd": 214, "spe": 198}, "types": ["Steel", "Psychic"]}, "Annihilape": {"name": "Annihilape", "species": "Annihilape", "speciesId": "annihilape", "gender": "F", "shiny": false, "level": 76, "moves": ["rest", "bulkup", "drainpunch", "ragefist"], "ability": "Defiant", "evs": {"hp": 85, "atk": 85, "def": 85, "spa": 85, "spd": 85, "spe": 85}, "ivs": {"hp": 31, "atk": 31, "def": 31, "spa": 31, "spd": 31, "spe": 31}, "item": "Chesto Berry", "teraType": "Water", "role": "Bulky Setup", "bvs": {"hp": 110, "atk": 115, "def": 80, "spa": 50, "spd": 90, "spe": 90}, "stats": {"hp": 292, "atk": 219, "def": 166, "spa": 120, "spd": 181, "spe": 181}, "types": ["Fighting", "Ghost"]}, "Glastrier": {"name": "Glastrier", "species": "Glastrier", "speciesId": "glastrier", "gender": "N", "shiny": false, "level": 86, "moves": ["iciclecrash", "heavyslam", "highhorsepower", "swordsdance"], "ability": "Chilling Neigh", "evs": {"hp": 85, "atk": 85, "def": 85, "spa": 85, "spd": 85, "spe": 85}, "ivs": {"hp": 31, "atk": 31, "def": 31, "spa": 31, "spd": 31, "spe": 31}, "item": "Heavy-Duty Boots", "teraType": "Steel", "role": "Bulky Attacker", "bvs": {"hp": 100, "atk": 145, "def": 130, "spa": 65, "spd": 110, "spe": 30}, "stats": {"hp": 312, "atk": 299, "def": 273, "spa": 161, "spd": 238, "spe": 101}, "types": ["Ice"]}, "Whimsicott": {"name": "Whimsicott", "species": "Whimsicott", "speciesId": "whimsicott", "gender": "F", "shiny": false, "level": 84, "moves": ["moonblast", "encore", "uturn", "gigadrain"], "ability": "Prankster", "evs": {"hp": 85, "atk": 85, "def": 85, "spa": 85, "spd": 85, "spe": 85}, "ivs": {"hp": 31, "atk": 31, "def": 31, "spa": 31, "spd": 31, "spe": 31}, "item": "Heavy-Duty Boots", "teraType": "Steel", "role": "Fast Support", "bvs": {"hp": 60, "atk": 67, "def": 85, "spa": 77, "spd": 75, "spe": 116}, "stats": {"hp": 238, "atk": 161, "def": 191, "spa": 178, "spd": 174, "spe": 243}, "types": ["Grass", "Fairy"]}, "Passimian": {"name": "Passimian", "species": "Passimian", "speciesId": "passimian", "gender": "M", "shiny": false, "level": 83, "moves": ["closecombat", "rockslide", "gunkshot", "knockoff"], "ability": "Defiant", "evs": {"hp": 85, "atk": 85, "def": 85, "spa": 85, "spd": 85, "spe": 85}, "ivs": {"hp": 31, "atk": 31, "def": 31, "spa": 31, "spd": 31, "spe": 31}, "item": "Choice Band", "teraType": "Poison", "role": "Fast Attacker", "bvs": {"hp": 100, "atk": 120, "def": 90, "spa": 40, "spd": 60, "spe": 80}, "stats": {"hp": 302, "atk": 247, "def": 197, "spa": 114, "spd": 147, "spe": 180}, "types": ["Fighting"]}, "Rhyperior": {"name": "Rhyperior", "species": "Rhyperior", "speciesId": "rhyperior", "gender": "F", "shiny": false, "level": 82, "moves": ["icepunch", "earthquake", "stoneedge", "rockpolish"], "ability": "Solid Rock", "evs": {"hp": 85, "atk": 85, "def": 85, "spa": 85, "spd": 85, "spe": 85}, "ivs": {"hp": 31, "atk": 31, "def": 31, "spa": 31, "spd": 31, "spe": 31}, "item": "Weakness Policy", "teraType": "Ground", "role": "Bulky Setup", "bvs": {"hp": 115, "atk": 140, "def": 130, "spa": 55, "spd": 55, "spe": 40}, "stats": {"hp": 323, "atk": 277, "def": 260, "spa": 137, "spd": 137, "spe": 113}, "types": ["Ground", "Rock"]}}, {"Arboliva": {"name": "Arboliva", "species": "Arboliva", "speciesId": "arboliva", "gender": "F", "shiny": false, "level": 91, "moves": ["substitute", "leechseed", "protect", "hypervoice"], "ability": "Harvest", "evs": {"hp": 77, "atk": 0, "def": 85, "spa": 85, "spd": 85, "spe": 85}, "ivs": {"hp": 31, "atk": 0, "def": 31, "spa": 31, "spd": 31, "spe": 31}, "item": "Sitrus Berry", "teraType": "Poison", "role": "Bulky Support", "bvs": {"hp": 78, "atk": 69, "def": 90, "spa": 125, "spd": 109, "spe": 39}, "stats": {"hp": 288, "atk": 130, "def": 216, "spa": 279, "spd": 250, "spe": 123}, "types": ["Grass", "Normal"]}, "Lycanroc": {"name": "Lycanroc", "species": "Lycanroc-Midnight", "speciesId": "lycanrocmidnight", "gender": "M", "shiny": false, "level": 89, "moves": ["stealthrock", "suckerpunch", "closecombat", "stoneedge"], "ability": "No Guard", "evs": {"hp": 85, "atk": 85, "def": 85, "spa": 85, "spd": 85, "spe": 85}, "ivs": {"hp": 31, "atk": 31, "def": 31, "spa": 31, "spd": 31, "spe": 31}, "item": "Life Orb", "teraType": "Fighting", "role": "Fast Attacker", "bvs": {"hp": 85, "atk": 115, "def": 75, "spa": 55, "spd": 75, "spe": 82}, "stats": {"hp": 296, "atk": 255, "def": 184, "spa": 149, "spd": 184, "spe": 197}, "types": ["Rock"]}, "Sableye": {"name": "Sableye", "species": "Sableye", "speciesId": "sableye", "gender": "M", "shiny": false, "level": 88, "moves": ["knockoff", "encore", "recover", "thunderwave"], "ability": "Prankster", "evs": {"hp": 85, "atk": 85, "def": 85, "spa": 85, "spd": 85, "spe": 85}, "ivs": {"hp": 31, "atk": 31, "def": 31, "spa": 31, "spd": 31, "spe": 31}, "item": "Leftovers", "teraType": "Steel", "role": "Bulky Support", "bvs": {"hp": 50, "atk": 75, "def": 75, "spa": 65, "spd": 65, "spe": 50}, "stats": {"hp": 231, "atk": 182, "def": 182, "spa": 165, "spd": 165, "spe": 138}, "types": ["Dark", "Ghost"]}, "Lunala": {"name": "Lunala", "species": "Lunala", "speciesId": "lunala", "gender": "N", "shiny": false, "level": 70, "moves": ["moonblast", "calmmind", "moonlight", "moongeistbeam"], "ability": "Shadow Shield", "evs": {"hp": 85, "atk": 0, "def": 85, "spa": 85, "spd": 85, "spe": 85}, "ivs": {"hp": 31, "atk": 0, "def": 31, "spa": 31, "spd": 31, "spe": 31}, "item": "Leftovers", "teraType": "Fairy", "role": "Bulky Setup", "bvs": {"hp": 137, "atk": 113, "def": 89, "spa": 137, "spd": 107, "spe": 97}, "stats": {"hp": 308, "atk": 163, "def": 166, "spa": 233, "spd": 191, "spe": 177}, "types": ["Psychic", "Ghost"]}, "Minior": {"name": "Minior", "species": "Minior-Violet", "speciesId": "minior", "gender": "N", "shiny": false, "level": 79, "moves": ["powergem", "shellsmash", "earthquake", "acrobatics"], "ability": "Shields Down", "evs": {"hp": 85, "atk": 85, "def": 85, "spa": 85, "spd": 85, "spe": 85}, "ivs": {"hp": 31, "atk": 31, "def": 31, "spa": 31, "spd": 31, "spe": 31}, "item": "White Herb", "teraType": "Flying", "role": "Setup Sweeper", "bvs": {"hp": 60, "atk": 100, "def": 60, "spa": 100, "spd": 60, "spe": 120}, "stats": {"hp": 224, "atk": 204, "def": 140, "spa": 204, "spd": 140, "spe": 235}, "types": ["Rock", "Flying"]}, "Raichu": {"name": "Raichu", "species": "Raichu-Alola", "speciesId": "raichualola", "gender": "F", "shiny": false, "level": 87, "moves": ["surf", "psyshock", "thunderbolt", "nastyplot"], "ability": "Surge Surfer", "evs": {"hp": 85, "atk": 0, "def": 85, "spa": 85, "spd": 85, "spe": 85}, "ivs": {"hp": 31, "atk": 0, "def": 31, "spa": 31, "spd": 31, "spe": 31}, "item": "Life Orb", "teraType": "Water", "role": "Setup Sweeper", "bvs": {"hp": 60, "atk": 85, "def": 50, "spa": 95, "spd": 85, "spe": 110}, "stats": {"hp": 246, "atk": 152, "def": 137, "spa": 215, "spd": 198, "spe": 241}, "types": ["Electric", "Psychic"]}}]}