{"id": "gen9randombattle-2631500611", "format": "[Gen 9] Random Battle", "players": ["manwhocouldntcook", "boxhero147"], "log": "|j|\u2606manwhocouldntcook\n|j|\u2606boxhero147\n|t:|1781393038\n|gametype|singles\n|player|p1|manwhocouldntcook|valerie|2122\n|player|p2|boxhero147|169|2107\n|gen|9\n|tier|[Gen 9] Random Battle\n|rated|\n|rule|Species Clause: Limit one of each Pok\u00e9mon\n|rule|HP Percentage Mod: HP is shown in percentages\n|rule|Sleep Clause Mod: Limit one foe put to sleep\n|rule|Illusion Level Mod: Illusion disguises the Pok\u00e9mon's true level\n|\n|t:|1781393038\n|teamsize|p1|6\n|teamsize|p2|6\n|start\n|switch|p1a: Blaziken|Blaziken, L76, F|247/247\n|switch|p2a: Enamorus|Enamorus, L79, F|247/247\n|turn|1\n|\n|t:|1781393053\n|move|p2a: Enamorus|Earth Power|p1a: Blaziken\n|-supereffective|p1a: Blaziken\n|-damage|p1a: Blaziken|55/247\n|-unboost|p1a: Blaziken|spd|1\n|move|p1a: Blaziken|Flare Blitz|p2a: Enamorus\n|-damage|p2a: Enamorus|59/247\n|-damage|p1a: Blaziken|0 fnt|[from] Recoil\n|faint|p1a: Blaziken\n|\n|-heal|p2a: Enamorus|74/247|[from] item: Leftovers\n|upkeep\n|\n|t:|1781393062\n|switch|p1a: Ninetales|Ninetales-Alola, L78, M|242/242\n|-weather|Snowscape|[from] ability: Snow Warning|[of] p1a: Ninetales\n|turn|2\n|\n|t:|1781393074\n|switch|p2a: Chandelure|Chandelure, L83, F|235/235\n|move|p1a: Ninetales|Blizzard|p2a: Chandelure\n|-resisted|p2a: Chandelure\n|-damage|p2a: Chandelure|187/235\n|\n|-weather|Snowscape|[upkeep]\n|upkeep\n|turn|3\n|\n|t:|1781393081\n|move|p2a: Chandelure|Fire Blast|p1a: Ninetales\n|-supereffective|p1a: Ninetales\n|-damage|p1a: Ninetales|0 fnt\n|faint|p1a: Ninetales\n|\n|-weather|Snowscape|[upkeep]\n|upkeep\n|\n|t:|1781393086\n|switch|p1a: Indeedee|Indeedee, L84, M|238/238\n|-fieldstart|move: Psychic Terrain|[from] ability: Psychic Surge|[of] p1a: Indeedee\n|turn|4\n|\n|t:|1781393089\n|move|p1a: Indeedee|Expanding Force|p2a: Chandelure\n|-damage|p2a: Chandelure|0 fnt\n|faint|p2a: Chandelure\n|\n|-weather|Snowscape|[upkeep]\n|upkeep\n|inactive|Battle timer is ON: inactive players will automatically lose when time's up. (requested by manwhocouldntcook)\n|\n|t:|1781393093\n|switch|p2a: Suicune|Suicune, L82|235/235\n|turn|5\n|\n|t:|1781393096\n|move|p1a: Indeedee|Expanding Force|p2a: Suicune\n|-immune|p2a: Suicune\n|move|p2a: Suicune|Dark Pulse|p1a: Indeedee\n|-supereffective|p1a: Indeedee\n|-damage|p1a: Indeedee|0 fnt\n|faint|p1a: Indeedee\n|\n|-weather|Snowscape|[upkeep]\n|upkeep\n|c|\u2606manwhocouldntcook|i've been had\n|\n|t:|1781393103\n|switch|p1a: Magearna|Magearna, L77|250/250\n|turn|6\n|c|\u2606boxhero147|XD\n|\n|t:|1781393114\n|switch|p2a: Enamorus|Enamorus, L79, F|74/247\n|move|p1a: Magearna|Thunder Wave|p2a: Enamorus\n|-status|p2a: Enamorus|par\n|\n|-weather|none\n|-heal|p2a: Enamorus|89/247 par|[from] item: Leftovers\n|upkeep\n|turn|7\n|\n|t:|1781393118\n|move|p1a: Magearna|Flash Cannon|p2a: Enamorus\n|-supereffective|p2a: Enamorus\n|-damage|p2a: Enamorus|0 fnt\n|faint|p2a: Enamorus\n|-ability|p1a: Magearna|Soul-Heart|boost\n|-boost|p1a: Magearna|spa|1\n|\n|upkeep\n|\n|t:|1781393126\n|switch|p2a: Volcarona|Volcarona, L77, M|257/257\n|turn|8\n|\n|t:|1781393131\n|move|p2a: Volcarona|Quiver Dance|p2a: Volcarona\n|-boost|p2a: Volcarona|spa|1\n|-boost|p2a: Volcarona|spd|1\n|-boost|p2a: Volcarona|spe|1\n|move|p1a: Magearna|Thunder Wave|p2a: Volcarona\n|-status|p2a: Volcarona|par\n|\n|-fieldend|move: Psychic Terrain\n|upkeep\n|turn|9\n|\n|t:|1781393134\n|switch|p1a: Iron Bundle|Iron Bundle, L78|215/215\n|cant|p2a: Volcarona|par\n|\n|upkeep\n|turn|10\n|\n|t:|1781393139\n|move|p1a: Iron Bundle|Encore|p2a: Volcarona\n|-start|p2a: Volcarona|Encore\n|cant|p2a: Volcarona|par\n|\n|upkeep\n|turn|11\n|\n|t:|1781393142\n|move|p1a: Iron Bundle|Hydro Pump|p2a: Volcarona\n|-supereffective|p2a: Volcarona\n|-damage|p2a: Volcarona|99/257 par\n|move|p2a: Volcarona|Quiver Dance|p2a: Volcarona\n|-boost|p2a: Volcarona|spa|1\n|-boost|p2a: Volcarona|spd|1\n|-boost|p2a: Volcarona|spe|1\n|\n|upkeep\n|turn|12\n|\n|t:|1781393146\n|-terastallize|p2a: Volcarona|Steel\n|move|p1a: Iron Bundle|Hydro Pump|p2a: Volcarona\n|-damage|p2a: Volcarona|35/257 par\n|cant|p2a: Volcarona|par\n|\n|-end|p2a: Volcarona|Encore\n|upkeep\n|turn|13\n|\n|t:|1781393151\n|move|p1a: Iron Bundle|Encore|p2a: Volcarona\n|-start|p2a: Volcarona|Encore\n|move|p2a: Volcarona|Quiver Dance|p2a: Volcarona\n|-boost|p2a: Volcarona|spa|1\n|-boost|p2a: Volcarona|spd|1\n|-boost|p2a: Volcarona|spe|1\n|\n|upkeep\n|turn|14\n|\n|t:|1781393154\n|move|p1a: Iron Bundle|Flip Turn|p2a: Volcarona\n|-crit|p2a: Volcarona\n|-damage|p2a: Volcarona|0 fnt\n|faint|p2a: Volcarona\n|\n|t:|1781393158\n|-end|p1a: Iron Bundle|Quark Drive|[silent]\n|switch|p1a: Magearna|Magearna, L77|250/250|[from] Flip Turn\n|\n|upkeep\n|\n|t:|1781393161\n|switch|p2a: Suicune|Suicune, L82|298/298\n|-ability|p2a: Suicune|Pressure\n|turn|15\n|\n|t:|1781393165\n|move|p2a: Suicune|Substitute|p2a: Suicune\n|-start|p2a: Suicune|Substitute\n|-damage|p2a: Suicune|224/298\n|move|p1a: Magearna|Thunder Wave|p2a: Suicune|[miss]\n|-miss|p1a: Magearna|p2a: Suicune\n|\n|-heal|p2a: Suicune|242/298|[from] item: Leftovers\n|upkeep\n|turn|16\n|\n|t:|1781393168\n|switch|p1a: Iron Bundle|Iron Bundle, L78|215/215\n|move|p2a: Suicune|Calm Mind|p2a: Suicune\n|-boost|p2a: Suicune|spa|1\n|-boost|p2a: Suicune|spd|1\n|\n|-heal|p2a: Suicune|260/298|[from] item: Leftovers\n|upkeep\n|turn|17\n|\n|t:|1781393172\n|move|p1a: Iron Bundle|Freeze-Dry|p2a: Suicune\n|-supereffective|p2a: Suicune\n|-end|p2a: Suicune|Substitute\n|move|p2a: Suicune|Calm Mind|p2a: Suicune\n|-boost|p2a: Suicune|spa|1\n|-boost|p2a: Suicune|spd|1\n|\n|-heal|p2a: Suicune|278/298|[from] item: Leftovers\n|upkeep\n|turn|18\n|\n|t:|1781393179\n|move|p1a: Iron Bundle|Encore|p2a: Suicune\n|-start|p2a: Suicune|Encore\n|move|p2a: Suicune|Calm Mind|p2a: Suicune\n|-boost|p2a: Suicune|spa|1\n|-boost|p2a: Suicune|spd|1\n|\n|-heal|p2a: Suicune|296/298|[from] item: Leftovers\n|upkeep\n|turn|19\n|\n|t:|1781393194\n|move|p1a: Iron Bundle|Freeze-Dry|p2a: Suicune\n|-supereffective|p2a: Suicune\n|-damage|p2a: Suicune|242/298\n|move|p2a: Suicune|Calm Mind|p2a: Suicune\n|-boost|p2a: Suicune|spa|1\n|-boost|p2a: Suicune|spd|1\n|\n|-heal|p2a: Suicune|260/298|[from] item: Leftovers\n|upkeep\n|turn|20\n|\n|t:|1781393197\n|move|p1a: Iron Bundle|Freeze-Dry|p2a: Suicune\n|-supereffective|p2a: Suicune\n|-damage|p2a: Suicune|216/298\n|move|p2a: Suicune|Calm Mind|p2a: Suicune\n|-boost|p2a: Suicune|spa|1\n|-boost|p2a: Suicune|spd|1\n|\n|-heal|p2a: Suicune|234/298|[from] item: Leftovers\n|-end|p2a: Suicune|Encore\n|upkeep\n|turn|21\n|\n|t:|1781393202\n|move|p1a: Iron Bundle|Encore|p2a: Suicune\n|-start|p2a: Suicune|Encore\n|move|p2a: Suicune|Calm Mind|p2a: Suicune\n|-boost|p2a: Suicune|spa|1\n|-boost|p2a: Suicune|spd|1\n|\n|-heal|p2a: Suicune|252/298|[from] item: Leftovers\n|upkeep\n|turn|22\n|\n|t:|1781393204\n|move|p1a: Iron Bundle|Freeze-Dry|p2a: Suicune\n|-supereffective|p2a: Suicune\n|-damage|p2a: Suicune|220/298\n|move|p2a: Suicune|Calm Mind|p2a: Suicune\n|-boost|p2a: Suicune|spa|0\n|-boost|p2a: Suicune|spd|0\n|\n|-heal|p2a: Suicune|238/298|[from] item: Leftovers\n|upkeep\n|turn|23\n|\n|t:|1781393206\n|move|p1a: Iron Bundle|Freeze-Dry|p2a: Suicune\n|-supereffective|p2a: Suicune\n|-damage|p2a: Suicune|206/298\n|move|p2a: Suicune|Calm Mind|p2a: Suicune\n|-boost|p2a: Suicune|spa|0\n|-boost|p2a: Suicune|spd|0\n|\n|-heal|p2a: Suicune|224/298|[from] item: Leftovers\n|-end|p2a: Suicune|Encore\n|upkeep\n|turn|24\n|\n|t:|1781393209\n|move|p2a: Suicune|Protect|p2a: Suicune\n|-singleturn|p2a: Suicune|Protect\n|move|p1a: Iron Bundle|Encore|p2a: Suicune\n|-activate|p2a: Suicune|move: Protect\n|\n|-heal|p2a: Suicune|242/298|[from] item: Leftovers\n|upkeep\n|turn|25\n|\n|t:|1781393213\n|move|p1a: Iron Bundle|Freeze-Dry|p2a: Suicune\n|-supereffective|p2a: Suicune\n|-damage|p2a: Suicune|210/298\n|move|p2a: Suicune|Scald|p1a: Iron Bundle\n|-resisted|p1a: Iron Bundle\n|-damage|p1a: Iron Bundle|11/215\n|\n|-heal|p2a: Suicune|228/298|[from] item: Leftovers\n|upkeep\n|turn|26\n|\n|t:|1781393215\n|move|p1a: Iron Bundle|Flip Turn|p2a: Suicune\n|-resisted|p2a: Suicune\n|-damage|p2a: Suicune|207/298\n|\n|t:|1781393217\n|-end|p1a: Iron Bundle|Quark Drive|[silent]\n|switch|p1a: Heracross|Heracross, L80, M|259/259|[from] Flip Turn\n|move|p2a: Suicune|Scald|p1a: Heracross\n|-damage|p1a: Heracross|0 fnt\n|faint|p1a: Heracross\n|\n|-heal|p2a: Suicune|225/298|[from] item: Leftovers\n|upkeep\n|-message|manwhocouldntcook forfeited.\n|\n|win|boxhero147\n", "inputlog": ">version a8376a258c1d4662feba110a92103f3664a72141\n>start {\"formatid\":\"gen9randombattle\",\"seed\":\"sodium,f4ab60e92097b96b5f20b2f39e4dd2bc\",\"rated\":\"Rated battle\"}\n>player p1 {\"name\":\"manwhocouldntcook\",\"avatar\":\"valerie\",\"rating\":2122,\"seed\":\"sodium,e768d3edacd25f80bffc0c517bcd338b\"}\n>player p2 {\"name\":\"boxhero147\",\"avatar\":\"169\",\"rating\":2107,\"seed\":\"sodium,13f046ab68315c25fc45ba31594807d7\"}\n>p1 move flareblitz\n>p2 move earthpower\n>p1 switch 5\n>p1 move blizzard\n>p2 switch 2\n>p1 move auroraveil\n>p2 move fireblast\n>p1 switch 6\n>p1 move expandingforce\n>p2 move fireblast\n>p2 switch 5\n>p1 move expandingforce\n>p2 move darkpulse\n>chat \u2606manwhocouldntcook|i've been had\n>p1 switch 2\n>chat \u2606boxhero147|XD\n>p1 move thunderwave\n>p2 switch 2\n>p1 move flashcannon\n>p2 move earthpower\n>p2 switch 4\n>p1 move thunderwave\n>p2 move quiverdance\n>p1 switch 3\n>p2 move quiverdance\n>p1 move encore\n>p2 move quiverdance\n>p1 move hydropump\n>p2 move quiverdance\n>p1 move hydropump\n>p2 move quiverdance terastallize\n>p1 move encore\n>p2 move gigadrain\n>p1 move flipturn\n>p2 move quiverdance\n>p1 switch 3\n>p2 switch 6\n>p1 move thunderwave\n>p2 move substitute\n>p1 switch 3\n>p2 move calmmind\n>p1 move freezedry\n>p2 move calmmind\n>p1 move encore\n>p2 move calmmind\n>p1 move freezedry\n>p2 move calmmind\n>p1 move freezedry\n>p2 move calmmind\n>p1 move encore\n>p2 move scald\n>p1 move freezedry\n>p2 move calmmind\n>p1 move freezedry\n>p2 move calmmind\n>p1 move encore\n>p2 move protect\n>p1 move freezedry\n>p2 move scald\n>p1 move flipturn\n>p2 move scald\n>p1 switch 4\n>forcelose p1", "uploadtime": 1781393040, "views": 5, "formatid": "gen9randombattle", "rating": null, "private": 0, "password": null}