{"id": "gen9randombattle-2631852454", "format": "[Gen 9] Random Battle", "players": ["TheLastOne", "moritzvb"], "log": "|j|\u2606TheLastOne\n|j|\u2606moritzvb\n|t:|1781448241\n|gametype|singles\n|player|p1|TheLastOne|falkner|2020\n|player|p2|moritzvb|ariana|2159\n|gen|9\n|tier|[Gen 9] Random Battle\n|rated|\n|rule|Species Clause: Limit one of each Pok\u00e9mon\n|rule|HP Percentage Mod: HP is shown in percentages\n|rule|Sleep Clause Mod: Limit one foe put to sleep\n|rule|Illusion Level Mod: Illusion disguises the Pok\u00e9mon's true level\n|\n|t:|1781448241\n|teamsize|p1|6\n|teamsize|p2|6\n|start\n|switch|p1a: Slowbro|Slowbro, L85, M|300/300\n|switch|p2a: Weezing|Weezing, L88, M|258/258\n|turn|1\n|inactive|Battle timer is ON: inactive players will automatically lose when time's up. (requested by TheLastOne)\n|\n|t:|1781448253\n|move|p2a: Weezing|Will-O-Wisp|p1a: Slowbro\n|-status|p1a: Slowbro|brn\n|move|p1a: Slowbro|Thunder Wave|p2a: Weezing\n|-status|p2a: Weezing|par\n|\n|-damage|p1a: Slowbro|282/300 brn|[from] brn\n|upkeep\n|turn|2\n|\n|t:|1781448263\n|move|p1a: Slowbro|Psyshock|p2a: Weezing\n|-supereffective|p2a: Weezing\n|-damage|p2a: Weezing|120/258 par\n|move|p2a: Weezing|Gunk Shot|p1a: Slowbro\n|-damage|p1a: Slowbro|180/300 brn\n|\n|-heal|p2a: Weezing|136/258 par|[from] item: Leftovers\n|-damage|p1a: Slowbro|162/300 brn|[from] brn\n|upkeep\n|turn|3\n|\n|t:|1781448279\n|switch|p2a: Forretress|Forretress, L84, M|263/263\n|move|p1a: Slowbro|Psyshock|p2a: Forretress\n|-resisted|p2a: Forretress\n|-damage|p2a: Forretress|231/263\n|\n|-heal|p2a: Forretress|247/263|[from] item: Leftovers\n|-damage|p1a: Slowbro|144/300 brn|[from] brn\n|upkeep\n|turn|4\n|\n|t:|1781448283\n|switch|p1a: Moltres|Moltres, L81|278/278\n|move|p2a: Forretress|Stealth Rock|p1a: Moltres\n|-sidestart|p1: TheLastOne|move: Stealth Rock\n|\n|-heal|p2a: Forretress|263/263|[from] item: Leftovers\n|upkeep\n|turn|5\n|\n|t:|1781448290\n|switch|p2a: Primarina|Primarina, L83, M|268/268\n|move|p1a: Moltres|Fire Blast|p2a: Primarina\n|-resisted|p2a: Primarina\n|-damage|p2a: Primarina|214/268\n|\n|-heal|p2a: Primarina|230/268|[from] item: Leftovers\n|upkeep\n|turn|6\n|\n|t:|1781448302\n|switch|p1a: Slowbro|Slowbro, L85, M|244/300 brn\n|-damage|p1a: Slowbro|207/300 brn|[from] Stealth Rock\n|move|p2a: Primarina|Sparkling Aria|p1a: Slowbro\n|-resisted|p1a: Slowbro\n|-damage|p1a: Slowbro|148/300 brn\n|-curestatus|p1a: Slowbro|brn|[msg]\n|\n|-heal|p2a: Primarina|246/268|[from] item: Leftovers\n|upkeep\n|turn|7\n|inactive|TheLastOne has 120 seconds left.\n|\n|t:|1781448340\n|switch|p2a: Forretress|Forretress, L84, M|263/263\n|move|p1a: Slowbro|Thunder Wave|p2a: Forretress\n|-status|p2a: Forretress|par\n|\n|upkeep\n|turn|8\n|\n|t:|1781448343\n|move|p1a: Slowbro|Slack Off|p1a: Slowbro\n|-heal|p1a: Slowbro|298/300\n|move|p2a: Forretress|Spikes|p1a: Slowbro\n|-sidestart|p1: TheLastOne|Spikes\n|\n|upkeep\n|turn|9\n|\n|t:|1781448355\n|switch|p1a: Moltres|Moltres, L81|278/278\n|move|p2a: Forretress|Spikes|p1a: Moltres\n|-sidestart|p1: TheLastOne|Spikes\n|\n|upkeep\n|turn|10\n|\n|t:|1781448359\n|switch|p2a: Primarina|Primarina, L83, M|246/268\n|move|p1a: Moltres|Brave Bird|p2a: Primarina\n|-damage|p2a: Primarina|99/268\n|-damage|p1a: Moltres|229/278|[from] Recoil\n|\n|-heal|p2a: Primarina|115/268|[from] item: Leftovers\n|upkeep\n|turn|11\n|\n|t:|1781448364\n|switch|p2a: Weezing|Weezing, L88, M|136/258 par\n|move|p1a: Moltres|Brave Bird|p2a: Weezing\n|-damage|p2a: Weezing|51/258 par\n|-damage|p1a: Moltres|201/278|[from] Recoil\n|\n|-heal|p2a: Weezing|67/258 par|[from] item: Leftovers\n|upkeep\n|turn|12\n|\n|t:|1781448371\n|switch|p2a: Thundurus|Thundurus-Therian, L80, M|258/258\n|move|p1a: Moltres|Brave Bird|p2a: Thundurus\n|-resisted|p2a: Thundurus\n|-damage|p2a: Thundurus|185/258\n|-damage|p1a: Moltres|177/278|[from] Recoil\n|\n|upkeep\n|turn|13\n|\n|t:|1781448376\n|switch|p1a: Ursaluna|Ursaluna-Bloodmoon, L79, M|308/308\n|-damage|p1a: Ursaluna|289/308|[from] Stealth Rock\n|-damage|p1a: Ursaluna|238/308|[from] Spikes\n|move|p2a: Thundurus|Nasty Plot|p2a: Thundurus\n|-boost|p2a: Thundurus|spa|2\n|\n|-heal|p1a: Ursaluna|257/308|[from] item: Leftovers\n|upkeep\n|turn|14\n|\n|t:|1781448380\n|move|p2a: Thundurus|Focus Blast|p1a: Ursaluna\n|-supereffective|p1a: Ursaluna\n|-damage|p1a: Ursaluna|0 fnt\n|faint|p1a: Ursaluna\n|\n|upkeep\n|\n|t:|1781448385\n|switch|p1a: Virizion|Virizion, L82|283/283\n|-damage|p1a: Virizion|266/283|[from] Stealth Rock\n|-damage|p1a: Virizion|219/283|[from] Spikes\n|turn|15\n|\n|t:|1781448388\n|move|p1a: Virizion|Stone Edge|p2a: Thundurus\n|-supereffective|p2a: Thundurus\n|-damage|p2a: Thundurus|0 fnt\n|faint|p2a: Thundurus\n|-damage|p1a: Virizion|191/283|[from] item: Life Orb\n|\n|upkeep\n|\n|t:|1781448394\n|switch|p2a: Azelf|Azelf, L82|257/257\n|turn|16\n|\n|t:|1781448398\n|switch|p1a: Spiritomb|Spiritomb, L89, F|234/234\n|-damage|p1a: Spiritomb|205/234|[from] Stealth Rock\n|-damage|p1a: Spiritomb|166/234|[from] Spikes\n|move|p2a: Azelf|Psyshock|p1a: Spiritomb\n|-immune|p1a: Spiritomb\n|\n|-heal|p1a: Spiritomb|180/234|[from] item: Leftovers\n|upkeep\n|turn|17\n|\n|t:|1781448404\n|switch|p2a: Weezing|Weezing, L88, M|67/258 par\n|move|p1a: Spiritomb|Poltergeist|p2a: Weezing\n|-activate|p2a: Weezing|move: Poltergeist|Leftovers\n|-damage|p2a: Weezing|0 fnt\n|faint|p2a: Weezing\n|\n|-heal|p1a: Spiritomb|194/234|[from] item: Leftovers\n|upkeep\n|\n|t:|1781448411\n|switch|p2a: Primarina|Primarina, L83, M|115/268\n|turn|18\n|\n|t:|1781448417\n|-terastallize|p1a: Spiritomb|Poison\n|move|p2a: Primarina|Draining Kiss|p1a: Spiritomb\n|-resisted|p1a: Spiritomb\n|-damage|p1a: Spiritomb|170/234\n|-heal|p2a: Primarina|133/268|[from] drain|[of] p1a: Spiritomb\n|move|p1a: Spiritomb|Poltergeist|p2a: Primarina\n|-activate|p2a: Primarina|move: Poltergeist|Leftovers\n|-damage|p2a: Primarina|0 fnt\n|faint|p2a: Primarina\n|\n|-heal|p1a: Spiritomb|184/234|[from] item: Leftovers\n|upkeep\n|\n|t:|1781448428\n|switch|p2a: Forretress|Forretress, L84, M|263/263 par\n|turn|19\n|\n|t:|1781448432\n|switch|p1a: Moltres|Moltres, L81|177/278\n|move|p2a: Forretress|Iron Head|p1a: Moltres\n|-resisted|p1a: Moltres\n|-damage|p1a: Moltres|135/278\n|\n|upkeep\n|turn|20\n|\n|t:|1781448440\n|switch|p2a: Azelf|Azelf, L82|257/257\n|move|p1a: Moltres|Roost|p1a: Moltres\n|-heal|p1a: Moltres|274/278\n|-singleturn|p1a: Moltres|move: Roost\n|\n|upkeep\n|turn|21\n|\n|t:|1781448445\n|switch|p1a: Samurott|Samurott-Hisui, L77, F|265/265\n|-damage|p1a: Samurott|232/265|[from] Stealth Rock\n|-damage|p1a: Samurott|188/265|[from] Spikes\n|move|p2a: Azelf|Nasty Plot|p2a: Azelf\n|-boost|p2a: Azelf|spa|2\n|\n|upkeep\n|turn|22\n|\n|t:|1781448448\n|move|p1a: Samurott|Sucker Punch|p2a: Azelf\n|-supereffective|p2a: Azelf\n|-damage|p2a: Azelf|23/257\n|-damage|p1a: Samurott|162/265|[from] item: Life Orb\n|move|p2a: Azelf|Dazzling Gleam|p1a: Samurott\n|-supereffective|p1a: Samurott\n|-damage|p1a: Samurott|0 fnt\n|faint|p1a: Samurott\n|-damage|p2a: Azelf|0 fnt|[from] item: Life Orb\n|faint|p2a: Azelf\n|\n|upkeep\n|\n|t:|1781448455\n|switch|p2a: Ribombee|Ribombee, L83, M|235/235\n|switch|p1a: Moltres|Moltres, L81|274/278\n|turn|23\n|\n|t:|1781448459\n|-terastallize|p2a: Ribombee|Ground\n|move|p2a: Ribombee|Quiver Dance|p2a: Ribombee\n|-boost|p2a: Ribombee|spa|1\n|-boost|p2a: Ribombee|spd|1\n|-boost|p2a: Ribombee|spe|1\n|move|p1a: Moltres|Brave Bird|p2a: Ribombee\n|-damage|p2a: Ribombee|70/235\n|-damage|p1a: Moltres|220/278|[from] Recoil\n|\n|upkeep\n|turn|24\n|\n|t:|1781448464\n|move|p2a: Ribombee|Moonblast|p1a: Moltres\n|-resisted|p1a: Moltres\n|-damage|p1a: Moltres|143/278\n|move|p1a: Moltres|Brave Bird|p2a: Ribombee\n|-damage|p2a: Ribombee|0 fnt\n|faint|p2a: Ribombee\n|-damage|p1a: Moltres|120/278|[from] Recoil\n|\n|upkeep\n|-message|moritzvb forfeited.\n|\n|win|TheLastOne\n", "inputlog": ">version a8376a258c1d4662feba110a92103f3664a72141\n>start {\"formatid\":\"gen9randombattle\",\"seed\":\"sodium,244f0c08922c5f91e5c18a93b0749b0b\",\"rated\":\"Rated battle\"}\n>player p1 {\"name\":\"TheLastOne\",\"avatar\":\"falkner\",\"rating\":2020,\"seed\":\"sodium,85d65da7f8aa21677ee64d7cabe26945\"}\n>player p2 {\"name\":\"moritzvb\",\"avatar\":\"ariana\",\"rating\":2159,\"seed\":\"sodium,8c5ded945f50d9daeb488ff5c83250b4\"}\n>p1 move thunderwave\n>p2 move willowisp\n>p1 move psyshock\n>p2 move gunkshot\n>p1 move psyshock\n>p2 switch 4\n>p1 switch 6\n>p2 move stealthrock\n>p1 move fireblast\n>p2 switch 2\n>p1 switch 6\n>p2 move sparklingaria\n>p1 move thunderwave\n>p2 switch 2\n>p1 move slackoff\n>p2 move spikes\n>p1 switch 6\n>p2 move spikes\n>p1 move bravebird\n>p2 switch 2\n>p1 move bravebird\n>p2 switch 4\n>p1 move bravebird\n>p2 switch 6\n>p1 switch 2\n>p2 move nastyplot\n>p1 move bloodmoon\n>p2 move focusblast\n>p1 switch 3\n>p1 move stoneedge\n>p2 move psychic\n>p2 switch 5\n>p1 switch 5\n>p2 move psyshock\n>p1 move poltergeist\n>p2 switch 6\n>p2 switch 4\n>p1 move poltergeist terastallize\n>p2 move drainingkiss\n>p2 switch 2\n>p1 switch 2\n>p2 move ironhead\n>p1 move roost\n>p2 switch 6\n>p1 switch 4\n>p2 move nastyplot\n>p1 move suckerpunch\n>p2 move dazzlinggleam\n>p1 switch 4\n>p2 switch 3\n>p1 move bravebird\n>p2 move quiverdance terastallize\n>p1 move bravebird\n>p2 move moonblast\n>forcelose p2", "uploadtime": 1781448243, "views": 4, "formatid": "gen9randombattle", "rating": null, "private": 0, "password": null}