{"id": "gen9randombattle-2631807169", "format": "[Gen 9] Random Battle", "players": ["hypoxic dr1ve", "superswindler"], "log": "|j|\u2606hypoxic dr1ve\n|j|\u2606superswindler\n|t:|1781442512\n|gametype|singles\n|player|p1|hypoxic dr1ve|pokefanf-gen4|1509\n|player|p2|superswindler|roxie|1530\n|gen|9\n|tier|[Gen 9] Random Battle\n|rated|\n|rule|Species Clause: Limit one of each Pok\u00e9mon\n|rule|HP Percentage Mod: HP is shown in percentages\n|rule|Sleep Clause Mod: Limit one foe put to sleep\n|rule|Illusion Level Mod: Illusion disguises the Pok\u00e9mon's true level\n|\n|t:|1781442512\n|teamsize|p1|6\n|teamsize|p2|6\n|start\n|switch|p1a: Oricorio|Oricorio-Pa'u, L87, M|272/272\n|switch|p2a: Plusle|Plusle, L95, F|268/268\n|turn|1\n|inactive|Battle timer is ON: inactive players will automatically lose when time's up. (requested by superswindler)\n|inactive|hypoxic dr1ve also wants the timer to be on.\n|\n|t:|1781442518\n|move|p2a: Plusle|Thunderbolt|p1a: Oricorio\n|-supereffective|p1a: Oricorio\n|-damage|p1a: Oricorio|0 fnt\n|faint|p1a: Oricorio\n|-damage|p2a: Plusle|242/268|[from] item: Life Orb\n|\n|upkeep\n|\n|t:|1781442523\n|switch|p1a: Meganium|Meganium, L90, F|290/290\n|turn|2\n|\n|t:|1781442544\n|switch|p2a: Passimian|Passimian, L83, M|302/302\n|move|p1a: Meganium|Knock Off|p2a: Passimian\n|-resisted|p2a: Passimian\n|-damage|p2a: Passimian|264/302\n|-enditem|p2a: Passimian|Leftovers|[from] move: Knock Off|[of] p1a: Meganium\n|\n|upkeep\n|turn|3\n|\n|t:|1781442553\n|switch|p1a: Bruxish|Bruxish, L85, F|254/254\n|move|p2a: Passimian|Drain Punch|p1a: Bruxish\n|-resisted|p1a: Bruxish\n|-damage|p1a: Bruxish|198/254\n|-heal|p2a: Passimian|292/302|[from] drain|[of] p1a: Bruxish\n|\n|upkeep\n|turn|4\n|\n|t:|1781442564\n|move|p1a: Bruxish|Psychic Fangs|p2a: Passimian\n|-supereffective|p2a: Passimian\n|-damage|p2a: Passimian|0 fnt\n|faint|p2a: Passimian\n|\n|upkeep\n|\n|t:|1781442567\n|switch|p2a: Plusle|Plusle, L95, F|242/268\n|turn|5\n|\n|t:|1781442571\n|switch|p1a: Meganium|Meganium, L90, F|290/290\n|move|p2a: Plusle|Thunderbolt|p1a: Meganium\n|-resisted|p1a: Meganium\n|-damage|p1a: Meganium|234/290\n|-damage|p2a: Plusle|216/268|[from] item: Life Orb\n|\n|-heal|p1a: Meganium|252/290|[from] item: Leftovers\n|upkeep\n|turn|6\n|\n|t:|1781442587\n|-terastallize|p2a: Plusle|Grass\n|move|p2a: Plusle|Nasty Plot|p2a: Plusle\n|-boost|p2a: Plusle|spa|2\n|move|p1a: Meganium|Earthquake|p2a: Plusle\n|-resisted|p2a: Plusle\n|-damage|p2a: Plusle|163/268\n|\n|-heal|p1a: Meganium|270/290|[from] item: Leftovers\n|upkeep\n|turn|7\n|\n|t:|1781442592\n|move|p2a: Plusle|Nasty Plot|p2a: Plusle\n|-boost|p2a: Plusle|spa|2\n|move|p1a: Meganium|Knock Off|p2a: Plusle\n|-damage|p2a: Plusle|51/268\n|-enditem|p2a: Plusle|Life Orb|[from] move: Knock Off|[of] p1a: Meganium\n|\n|-heal|p1a: Meganium|288/290|[from] item: Leftovers\n|upkeep\n|turn|8\n|\n|t:|1781442599\n|move|p2a: Plusle|Alluring Voice|p1a: Meganium\n|-damage|p1a: Meganium|125/290\n|move|p1a: Meganium|Knock Off|p2a: Plusle\n|-damage|p2a: Plusle|0 fnt\n|faint|p2a: Plusle\n|\n|-heal|p1a: Meganium|143/290|[from] item: Leftovers\n|upkeep\n|\n|t:|1781442603\n|switch|p2a: Dragapult|Dragapult, L77, F|262/262\n|turn|9\n|\n|t:|1781442611\n|switch|p1a: Bruxish|Bruxish, L85, F|198/254\n|move|p2a: Dragapult|Fire Blast|p1a: Bruxish\n|-resisted|p1a: Bruxish\n|-damage|p1a: Bruxish|141/254\n|\n|upkeep\n|turn|10\n|\n|t:|1781442619\n|switch|p2a: Dondozo|Dondozo, L78, F|362/362\n|move|p1a: Bruxish|Ice Fang|p2a: Dondozo\n|-resisted|p2a: Dondozo\n|-damage|p2a: Dondozo|314/362\n|\n|-heal|p2a: Dondozo|336/362|[from] item: Leftovers\n|upkeep\n|turn|11\n|\n|t:|1781442628\n|switch|p1a: Meganium|Meganium, L90, F|143/290\n|move|p2a: Dondozo|Curse|p2a: Dondozo\n|-unboost|p2a: Dondozo|spe|1\n|-boost|p2a: Dondozo|atk|1\n|-boost|p2a: Dondozo|def|1\n|\n|-heal|p1a: Meganium|161/290|[from] item: Leftovers\n|-heal|p2a: Dondozo|358/362|[from] item: Leftovers\n|upkeep\n|turn|12\n|\n|t:|1781442639\n|move|p1a: Meganium|Knock Off|p2a: Dondozo\n|-damage|p2a: Dondozo|320/362\n|-enditem|p2a: Dondozo|Leftovers|[from] move: Knock Off|[of] p1a: Meganium\n|move|p2a: Dondozo|Curse|p2a: Dondozo\n|-unboost|p2a: Dondozo|spe|1\n|-boost|p2a: Dondozo|atk|1\n|-boost|p2a: Dondozo|def|1\n|\n|-heal|p1a: Meganium|179/290|[from] item: Leftovers\n|upkeep\n|turn|13\n|\n|t:|1781442642\n|move|p1a: Meganium|Swords Dance|p1a: Meganium\n|-boost|p1a: Meganium|atk|2\n|move|p2a: Dondozo|Curse|p2a: Dondozo\n|-unboost|p2a: Dondozo|spe|1\n|-boost|p2a: Dondozo|atk|1\n|-boost|p2a: Dondozo|def|1\n|\n|-heal|p1a: Meganium|197/290|[from] item: Leftovers\n|upkeep\n|turn|14\n|\n|t:|1781442644\n|move|p1a: Meganium|Petal Blizzard|p2a: Dondozo\n|-supereffective|p2a: Dondozo\n|-damage|p2a: Dondozo|252/362\n|move|p2a: Dondozo|Curse|p2a: Dondozo\n|-unboost|p2a: Dondozo|spe|1\n|-boost|p2a: Dondozo|atk|1\n|-boost|p2a: Dondozo|def|1\n|\n|-heal|p1a: Meganium|215/290|[from] item: Leftovers\n|upkeep\n|turn|15\n|\n|t:|1781442648\n|move|p1a: Meganium|Swords Dance|p1a: Meganium\n|-boost|p1a: Meganium|atk|2\n|move|p2a: Dondozo|Curse|p2a: Dondozo\n|-unboost|p2a: Dondozo|spe|1\n|-boost|p2a: Dondozo|atk|1\n|-boost|p2a: Dondozo|def|1\n|\n|-heal|p1a: Meganium|233/290|[from] item: Leftovers\n|upkeep\n|turn|16\n|\n|t:|1781442663\n|move|p1a: Meganium|Petal Blizzard|p2a: Dondozo\n|-supereffective|p2a: Dondozo\n|-damage|p2a: Dondozo|202/362\n|move|p2a: Dondozo|Curse|p2a: Dondozo\n|-unboost|p2a: Dondozo|spe|1\n|-boost|p2a: Dondozo|atk|1\n|-boost|p2a: Dondozo|def|1\n|\n|-heal|p1a: Meganium|251/290|[from] item: Leftovers\n|upkeep\n|turn|17\n|\n|t:|1781442667\n|move|p1a: Meganium|Petal Blizzard|p2a: Dondozo\n|-supereffective|p2a: Dondozo\n|-damage|p2a: Dondozo|158/362\n|move|p2a: Dondozo|Rest|p2a: Dondozo\n|-status|p2a: Dondozo|slp|[from] move: Rest\n|-heal|p2a: Dondozo|362/362 slp|[silent]\n|\n|-heal|p1a: Meganium|269/290|[from] item: Leftovers\n|upkeep\n|turn|18\n|\n|t:|1781442671\n|move|p1a: Meganium|Swords Dance|p1a: Meganium\n|-boost|p1a: Meganium|atk|2\n|cant|p2a: Dondozo|slp\n|move|p2a: Dondozo|Sleep Talk|p2a: Dondozo\n|move|p2a: Dondozo|Wave Crash|p1a: Meganium|[from] move: Sleep Talk\n|-resisted|p1a: Meganium\n|-damage|p1a: Meganium|62/290\n|-damage|p2a: Dondozo|294/362 slp|[from] Recoil\n|\n|-heal|p1a: Meganium|80/290|[from] item: Leftovers\n|upkeep\n|turn|19\n|\n|t:|1781442678\n|move|p1a: Meganium|Petal Blizzard|p2a: Dondozo\n|-supereffective|p2a: Dondozo\n|-damage|p2a: Dondozo|232/362 slp\n|cant|p2a: Dondozo|slp\n|move|p2a: Dondozo|Sleep Talk|p2a: Dondozo\n|move|p2a: Dondozo|Wave Crash|p1a: Meganium|[from] move: Sleep Talk\n|-resisted|p1a: Meganium\n|-damage|p1a: Meganium|0 fnt\n|faint|p1a: Meganium\n|-damage|p2a: Dondozo|206/362 slp|[from] Recoil\n|\n|upkeep\n|\n|t:|1781442689\n|switch|p1a: Virizion|Virizion, L82|283/283\n|turn|20\n|\n|t:|1781442694\n|move|p1a: Virizion|Swords Dance|p1a: Virizion\n|-boost|p1a: Virizion|atk|2\n|-curestatus|p2a: Dondozo|slp|[msg]\n|move|p2a: Dondozo|Rest|p2a: Dondozo\n|-status|p2a: Dondozo|slp|[from] move: Rest\n|-heal|p2a: Dondozo|362/362 slp|[silent]\n|\n|upkeep\n|turn|21\n|\n|t:|1781442698\n|move|p1a: Virizion|Leaf Blade|p2a: Dondozo\n|-supereffective|p2a: Dondozo\n|-damage|p2a: Dondozo|307/362 slp\n|-damage|p1a: Virizion|255/283|[from] item: Life Orb\n|cant|p2a: Dondozo|slp\n|move|p2a: Dondozo|Sleep Talk|p2a: Dondozo\n|move|p2a: Dondozo|Rest||[from] move: Sleep Talk|[still]\n|-fail|p2a: Dondozo\n|\n|upkeep\n|turn|22\n|\n|t:|1781442701\n|move|p1a: Virizion|Leaf Blade|p2a: Dondozo\n|-supereffective|p2a: Dondozo\n|-damage|p2a: Dondozo|258/362 slp\n|-damage|p1a: Virizion|227/283|[from] item: Life Orb\n|cant|p2a: Dondozo|slp\n|move|p2a: Dondozo|Sleep Talk|p2a: Dondozo\n|move|p2a: Dondozo|Wave Crash|p1a: Virizion|[from] move: Sleep Talk\n|-resisted|p1a: Virizion\n|-damage|p1a: Virizion|0 fnt\n|faint|p1a: Virizion\n|-damage|p2a: Dondozo|183/362 slp|[from] Recoil\n|\n|upkeep\n|\n|t:|1781442706\n|switch|p1a: Bruxish|Bruxish, L85, F|141/254\n|turn|23\n|\n|t:|1781442711\n|move|p1a: Bruxish|Psychic Fangs|p2a: Dondozo\n|-damage|p2a: Dondozo|138/362 slp\n|-curestatus|p2a: Dondozo|slp|[msg]\n|move|p2a: Dondozo|Sleep Talk||[still]\n|-fail|p2a: Dondozo\n|\n|upkeep\n|turn|24\n|\n|t:|1781442714\n|move|p1a: Bruxish|Psychic Fangs|p2a: Dondozo\n|-damage|p2a: Dondozo|87/362\n|move|p2a: Dondozo|Rest|p2a: Dondozo\n|-status|p2a: Dondozo|slp|[from] move: Rest\n|-heal|p2a: Dondozo|362/362 slp|[silent]\n|\n|upkeep\n|turn|25\n|\n|t:|1781442716\n|move|p1a: Bruxish|Psychic Fangs|p2a: Dondozo\n|-damage|p2a: Dondozo|310/362 slp\n|cant|p2a: Dondozo|slp\n|move|p2a: Dondozo|Sleep Talk|p2a: Dondozo\n|move|p2a: Dondozo|Wave Crash|p1a: Bruxish|[from] move: Sleep Talk\n|-resisted|p1a: Bruxish\n|-damage|p1a: Bruxish|0 fnt\n|faint|p1a: Bruxish\n|-damage|p2a: Dondozo|263/362 slp|[from] Recoil\n|\n|upkeep\n|-message|hypoxic dr1ve forfeited.\n|\n|win|superswindler\n|raw|hypoxic dr1ve's rating: 1509 &rarr; <strong>1490</strong><br />(-19 for losing)\n|raw|superswindler's rating: 1530 &rarr; <strong>1549</strong><br />(+19 for winning)\n|l|\u2606hypoxic dr1ve\n|player|p1|\n|c|\u2606superswindler|gg\n|c|\u2606superswindler|unaware\n", "inputlog": ">version a8376a258c1d4662feba110a92103f3664a72141\n>start {\"formatid\":\"gen9randombattle\",\"seed\":\"sodium,f83b647cc790a7ac39228dbefba5d8ef\",\"rated\":\"Rated battle\"}\n>player p1 {\"name\":\"hypoxic dr1ve\",\"avatar\":\"pokefanf-gen4\",\"rating\":1509,\"seed\":\"sodium,6091b56bb067f0c5a0a65b16fcf895cd\"}\n>player p2 {\"name\":\"superswindler\",\"avatar\":\"roxie\",\"rating\":1530,\"seed\":\"sodium,013b4c78b3a6cf383e7ed27d6d12bcdd\"}\n>p1 move revelationdance\n>p2 move thunderbolt\n>p1 switch 3\n>p1 move knockoff\n>p2 switch 5\n>p1 switch 2\n>p2 move drainpunch\n>p1 move psychicfangs\n>p2 move knockoff\n>p2 switch 5\n>p1 switch 2\n>p2 move thunderbolt\n>p1 move earthquake\n>p2 move nastyplot terastallize\n>p1 move knockoff\n>p2 move nastyplot\n>p1 move knockoff\n>p2 move alluringvoice\n>p2 switch 6\n>p1 switch 2\n>p2 move fireblast\n>p1 move icefang\n>p2 switch 4\n>p1 switch 2\n>p2 move curse\n>p1 move knockoff\n>p2 move curse\n>p1 move swordsdance\n>p2 move curse\n>p1 move petalblizzard\n>p2 move curse\n>p1 move swordsdance\n>p2 move curse\n>p1 move petalblizzard\n>p2 move curse\n>p1 move petalblizzard\n>p2 move rest\n>p1 move swordsdance\n>p2 move sleeptalk\n>p1 move petalblizzard\n>p2 move sleeptalk\n>p1 switch 4\n>p1 move swordsdance\n>p2 move rest\n>p1 move leafblade\n>p2 move sleeptalk\n>p1 move leafblade\n>p2 move sleeptalk\n>p1 switch 2\n>p1 move psychicfangs\n>p2 move sleeptalk\n>p1 move psychicfangs\n>p2 move rest\n>p1 move psychicfangs\n>p2 move sleeptalk\n>forcelose p1", "uploadtime": 1781442727, "views": 5, "formatid": "gen9randombattle", "rating": 1490, "private": 0, "password": null}