{"id": "gen9randombattle-2631898159", "format": "[Gen 9] Random Battle", "players": ["theimmortal670", "knolly"], "log": "|j|\u2606theimmortal670\n|j|\u2606knolly\n|t:|1781453345\n|gametype|singles\n|player|p1|theimmortal670|ghetsis-gen5bw|1186\n|player|p2|knolly|169|1206\n|gen|9\n|tier|[Gen 9] Random Battle\n|rated|\n|rule|Species Clause: Limit one of each Pok\u00e9mon\n|rule|HP Percentage Mod: HP is shown in percentages\n|rule|Sleep Clause Mod: Limit one foe put to sleep\n|rule|Illusion Level Mod: Illusion disguises the Pok\u00e9mon's true level\n|\n|t:|1781453345\n|teamsize|p1|6\n|teamsize|p2|6\n|start\n|switch|p1a: Mewtwo|Mewtwo, L72|272/272\n|switch|p2a: Gholdengo|Gholdengo, L77|261/261\n|-ability|p1a: Mewtwo|Unnerve\n|turn|1\n|inactive|Battle timer is ON: inactive players will automatically lose when time's up. (requested by theimmortal670)\n|\n|t:|1781453357\n|switch|p1a: Ditto|Ditto, L87|225/225\n|-transform|p1a: Ditto|p2a: Gholdengo|[from] ability: Imposter\n|move|p2a: Gholdengo|Nasty Plot|p2a: Gholdengo\n|-boost|p2a: Gholdengo|spa|2\n|\n|upkeep\n|turn|2\n|\n|t:|1781453372\n|-terastallize|p1a: Ditto|Steel\n|-terastallize|p2a: Gholdengo|Water\n|move|p1a: Ditto|Shadow Ball|p2a: Gholdengo\n|-damage|p2a: Gholdengo|155/261\n|move|p2a: Gholdengo|Shadow Ball|p1a: Ditto\n|-damage|p1a: Ditto|30/225\n|\n|-heal|p2a: Gholdengo|171/261|[from] item: Leftovers\n|upkeep\n|turn|3\n|c|\u2606theimmortal670|uh oh\n|\n|t:|1781453379\n|move|p1a: Ditto|Shadow Ball|p2a: Gholdengo\n|-damage|p2a: Gholdengo|59/261\n|move|p2a: Gholdengo|Shadow Ball|p1a: Ditto\n|-damage|p1a: Ditto|0 fnt\n|faint|p1a: Ditto\n|\n|-heal|p2a: Gholdengo|75/261|[from] item: Leftovers\n|upkeep\n|c|\u2606theimmortal670|i misclicked the tera\n|\n|t:|1781453389\n|switch|p1a: Glaceon|Glaceon, L94, M|275/275\n|turn|4\n|\n|t:|1781453392\n|move|p1a: Glaceon|Freeze-Dry|p2a: Gholdengo\n|-supereffective|p2a: Gholdengo\n|-damage|p2a: Gholdengo|0 fnt\n|faint|p2a: Gholdengo\n|\n|upkeep\n|\n|t:|1781453396\n|switch|p2a: Rotom|Rotom-Heat, L83|219/219\n|turn|5\n|\n|t:|1781453416\n|switch|p1a: Rhyperior|Rhyperior, L82, M|323/323\n|move|p2a: Rotom|Overheat|p1a: Rhyperior\n|-resisted|p1a: Rhyperior\n|-damage|p1a: Rhyperior|223/323\n|-unboost|p2a: Rotom|spa|2\n|\n|upkeep\n|turn|6\n|\n|t:|1781453426\n|switch|p2a: Gurdurr|Gurdurr, L85, F|283/283\n|move|p1a: Rhyperior|Stone Edge|p2a: Gurdurr\n|-resisted|p2a: Gurdurr\n|-damage|p2a: Gurdurr|237/283\n|\n|upkeep\n|turn|7\n|\n|t:|1781453444\n|switch|p1a: Mewtwo|Mewtwo, L72|272/272\n|-ability|p1a: Mewtwo|Unnerve\n|move|p2a: Gurdurr|Drain Punch|p1a: Mewtwo\n|-resisted|p1a: Mewtwo\n|-damage|p1a: Mewtwo|218/272\n|-heal|p2a: Gurdurr|264/283|[from] drain|[of] p1a: Mewtwo\n|\n|upkeep\n|turn|8\n|\n|t:|1781453452\n|switch|p2a: Rotom|Rotom-Heat, L83|219/219\n|move|p1a: Mewtwo|Nasty Plot|p1a: Mewtwo\n|-boost|p1a: Mewtwo|spa|2\n|\n|upkeep\n|turn|9\n|\n|t:|1781453457\n|move|p1a: Mewtwo|Psystrike|p2a: Rotom\n|-damage|p2a: Rotom|0 fnt\n|faint|p2a: Rotom\n|-damage|p1a: Mewtwo|191/272|[from] item: Life Orb\n|\n|upkeep\n|\n|t:|1781453478\n|switch|p2a: Furret|Furret, L94, F|312/312\n|-item|p1a: Mewtwo|Life Orb|[from] ability: Frisk|[of] p2a: Furret\n|turn|10\n|\n|t:|1781453485\n|move|p1a: Mewtwo|Aura Sphere|p2a: Furret\n|-supereffective|p2a: Furret\n|-damage|p2a: Furret|0 fnt\n|faint|p2a: Furret\n|-damage|p1a: Mewtwo|164/272|[from] item: Life Orb\n|\n|upkeep\n|\n|t:|1781453514\n|switch|p2a: Ninetales|Ninetales, L85, M|263/263\n|-weather|SunnyDay|[from] ability: Drought|[of] p2a: Ninetales\n|turn|11\n|\n|t:|1781453517\n|move|p1a: Mewtwo|Psystrike|p2a: Ninetales\n|-damage|p2a: Ninetales|0 fnt\n|faint|p2a: Ninetales\n|-damage|p1a: Mewtwo|137/272|[from] item: Life Orb\n|\n|-weather|SunnyDay|[upkeep]\n|upkeep\n|\n|t:|1781453525\n|switch|p2a: Gurdurr|Gurdurr, L85, F|264/283\n|turn|12\n|\n|t:|1781453528\n|move|p1a: Mewtwo|Psystrike|p2a: Gurdurr\n|-supereffective|p2a: Gurdurr\n|-damage|p2a: Gurdurr|0 fnt\n|faint|p2a: Gurdurr\n|-damage|p1a: Mewtwo|110/272|[from] item: Life Orb\n|\n|-weather|SunnyDay|[upkeep]\n|upkeep\n|\n|t:|1781453531\n|switch|p2a: Mewtwo|Mewtwo, L72|272/272\n|-ability|p2a: Mewtwo|Pressure\n|turn|13\n|c|\u2606theimmortal670|wow lol\n|\n|t:|1781453539\n|move|p1a: Mewtwo|Fire Blast|p2a: Mewtwo|[miss]\n|-miss|p1a: Mewtwo|p2a: Mewtwo\n|move|p2a: Mewtwo|Psystrike|p1a: Mewtwo\n|-resisted|p1a: Mewtwo\n|-damage|p1a: Mewtwo|22/272\n|-damage|p2a: Mewtwo|245/272|[from] item: Life Orb\n|\n|-weather|SunnyDay|[upkeep]\n|upkeep\n|turn|14\n|\n|t:|1781453548\n|move|p1a: Mewtwo|Fire Blast|p2a: Mewtwo\n|-damage|p2a: Mewtwo|0 fnt\n|faint|p2a: Mewtwo\n|-damage|p1a: Mewtwo|0 fnt|[from] item: Life Orb\n|faint|p1a: Mewtwo\n|\n|win|theimmortal670\n|raw|theimmortal670's rating: 1186 &rarr; <strong>1212</strong><br />(+26 for winning)\n|raw|knolly's rating: 1206 &rarr; <strong>1180</strong><br />(-26 for losing)\n|l|\u2606knolly\n|player|p2|\n", "inputlog": ">version a8376a258c1d4662feba110a92103f3664a72141\n>start {\"formatid\":\"gen9randombattle\",\"seed\":\"sodium,b630e2b63cb0f7abcba7de8be60637bd\",\"rated\":\"Rated battle\"}\n>player p1 {\"name\":\"theimmortal670\",\"avatar\":\"ghetsis-gen5bw\",\"rating\":1186,\"seed\":\"sodium,3c7a4fc02051c5d3a13e812bd3c7b6fd\"}\n>player p2 {\"name\":\"knolly\",\"avatar\":\"169\",\"rating\":1206,\"seed\":\"sodium,d9b85285a6b66a93ca9c02df702d77f7\"}\n>p1 switch 5\n>p2 move nastyplot\n>p1 move shadowball terastallize\n>p2 move shadowball terastallize\n>chat \u2606theimmortal670|uh oh\n>p1 move shadowball\n>p2 move shadowball\n>chat \u2606theimmortal670|i misclicked the tera\n>p1 switch 3\n>p1 move freezedry\n>p2 move makeitrain\n>p2 switch 2\n>p1 switch 4\n>p2 move overheat\n>p1 move stoneedge\n>p2 switch 6\n>p1 switch 5\n>p2 move drainpunch\n>p1 move nastyplot\n>p2 switch 6\n>p1 move psystrike\n>p2 move discharge\n>p2 switch 4\n>p1 move aurasphere\n>p2 move tidyup\n>p2 switch 5\n>p1 move psystrike\n>p2 move nastyplot\n>p2 switch 6\n>p1 move psystrike\n>p2 move knockoff\n>p2 switch 3\n>chat \u2606theimmortal670|wow lol\n>p1 move fireblast\n>p2 move psystrike\n>p1 move fireblast\n>p2 move nastyplot", "uploadtime": 1781453563, "views": 8, "formatid": "gen9randombattle", "rating": 1180, "private": 0, "password": null}