{"id": "gen9randombattle-2631931292", "format": "[Gen 9] Random Battle", "players": ["fewfwfwfwegg", "L1ghtskinn1n"], "log": "|j|\u2606fewfwfwfwegg\n|j|\u203dL1ghtskinn1n\n|t:|1781456950\n|gametype|singles\n|player|p1|fewfwfwfwegg|rood|1000\n|player|p2|L1ghtskinn1n|169|1000\n|gen|9\n|tier|[Gen 9] Random Battle\n|rated|\n|rule|Species Clause: Limit one of each Pok\u00e9mon\n|rule|HP Percentage Mod: HP is shown in percentages\n|rule|Sleep Clause Mod: Limit one foe put to sleep\n|rule|Illusion Level Mod: Illusion disguises the Pok\u00e9mon's true level\n|\n|t:|1781456950\n|teamsize|p1|6\n|teamsize|p2|6\n|start\n|switch|p1a: Glaceon|Glaceon, L94, F|275/275\n|switch|p2a: Haxorus|Haxorus, L77, M|244/244\n|-ability|p2a: Haxorus|Mold Breaker\n|turn|1\n|inactive|Battle timer is ON: inactive players will automatically lose when time's up. (requested by fewfwfwfwegg)\n|\n|t:|1781456971\n|move|p2a: Haxorus|Scale Shot|p1a: Glaceon\n|-damage|p1a: Glaceon|250/275\n|-damage|p1a: Glaceon|228/275\n|-damage|p1a: Glaceon|203/275\n|-damage|p1a: Glaceon|179/275\n|-hitcount|p1a: Glaceon|4\n|-unboost|p2a: Haxorus|def|1\n|-boost|p2a: Haxorus|spe|1\n|move|p1a: Glaceon|Freeze-Dry|p2a: Haxorus\n|-supereffective|p2a: Haxorus\n|-damage|p2a: Haxorus|0 fnt\n|faint|p2a: Haxorus\n|\n|upkeep\n|\n|t:|1781456987\n|switch|p2a: Mew|Mew, L82|298/298\n|turn|2\n|\n|t:|1781457005\n|switch|p2a: Regirock|Regirock, L83|268/268\n|move|p1a: Glaceon|Wish|p1a: Glaceon\n|\n|upkeep\n|turn|3\n|inactive|fewfwfwfwegg has 120 seconds left.\n|\n|t:|1781457036\n|move|p1a: Glaceon|Freeze-Dry|p2a: Regirock\n|-damage|p2a: Regirock|156/268\n|move|p2a: Regirock|Body Press|p1a: Glaceon\n|-supereffective|p1a: Glaceon\n|-damage|p1a: Glaceon|23/275\n|\n|-heal|p1a: Glaceon|160/275|[from] move: Wish|[wisher] Glaceon\n|upkeep\n|turn|4\n|inactive|fewfwfwfwegg has 120 seconds left.\n|\n|t:|1781457054\n|switch|p1a: Dragapult|Dragapult, L77, M|262/262\n|move|p2a: Regirock|Iron Defense|p2a: Regirock\n|-boost|p2a: Regirock|def|2\n|\n|upkeep\n|turn|5\n|inactive|fewfwfwfwegg has 120 seconds left.\n|\n|t:|1781457080\n|move|p1a: Dragapult|Draco Meteor|p2a: Regirock\n|-damage|p2a: Regirock|0 fnt\n|-unboost|p1a: Dragapult|spa|2\n|faint|p2a: Regirock\n|\n|upkeep\n|\n|t:|1781457087\n|switch|p2a: Ariados|Ariados, L95, M|287/287\n|turn|6\n|inactive|fewfwfwfwegg has 120 seconds left.\n|\n|t:|1781457114\n|switch|p1a: Espathra|Espathra, L80, M|283/283\n|-terastallize|p2a: Ariados|Ghost\n|move|p2a: Ariados|Megahorn|p1a: Espathra\n|-supereffective|p1a: Espathra\n|-damage|p1a: Espathra|0 fnt\n|faint|p1a: Espathra\n|\n|upkeep\n|\n|t:|1781457120\n|switch|p1a: Mismagius|Mismagius, L86, M|243/243\n|turn|7\n|\n|t:|1781457138\n|move|p1a: Mismagius|Substitute|p1a: Mismagius\n|-start|p1a: Mismagius|Substitute\n|-damage|p1a: Mismagius|183/243\n|move|p2a: Ariados|Megahorn|p1a: Mismagius\n|-resisted|p1a: Mismagius\n|-end|p1a: Mismagius|Substitute\n|\n|-heal|p1a: Mismagius|198/243|[from] item: Leftovers\n|upkeep\n|turn|8\n|inactive|fewfwfwfwegg has 120 seconds left.\n|inactive|L1ghtskinn1n has 120 seconds left.\n|\n|t:|1781457154\n|switch|p2a: Mew|Mew, L82|298/298\n|move|p1a: Mismagius|Shadow Ball|p2a: Mew\n|-supereffective|p2a: Mew\n|-damage|p2a: Mew|112/298\n|\n|-heal|p1a: Mismagius|213/243|[from] item: Leftovers\n|upkeep\n|turn|9\n|inactive|fewfwfwfwegg has 120 seconds left.\n|inactive|L1ghtskinn1n has 120 seconds left.\n|\n|t:|1781457166\n|move|p1a: Mismagius|Nasty Plot|p1a: Mismagius\n|-boost|p1a: Mismagius|spa|2\n|move|p2a: Mew|Psychic Fangs|p1a: Mismagius\n|-damage|p1a: Mismagius|73/243\n|-damage|p2a: Mew|83/298|[from] item: Life Orb\n|\n|-heal|p1a: Mismagius|88/243|[from] item: Leftovers\n|upkeep\n|turn|10\n|inactive|L1ghtskinn1n has 120 seconds left.\n|\n|t:|1781457177\n|move|p1a: Mismagius|Shadow Ball|p2a: Mew\n|-supereffective|p2a: Mew\n|-damage|p2a: Mew|0 fnt\n|faint|p2a: Mew\n|\n|-heal|p1a: Mismagius|103/243|[from] item: Leftovers\n|upkeep\n|inactive|L1ghtskinn1n has 120 seconds left.\n|\n|t:|1781457186\n|switch|p2a: Ariados|Ariados, L95, M, tera:Ghost|287/287\n|turn|11\n|\n|t:|1781457194\n|-terastallize|p1a: Mismagius|Fighting\n|move|p1a: Mismagius|Shadow Ball|p2a: Ariados\n|-supereffective|p2a: Ariados\n|-damage|p2a: Ariados|0 fnt\n|faint|p2a: Ariados\n|\n|-heal|p1a: Mismagius|118/243|[from] item: Leftovers\n|upkeep\n|\n|t:|1781457204\n|switch|p2a: Honchkrow|Honchkrow, L86, F|312/312\n|turn|12\n|\n|t:|1781457208\n|move|p1a: Mismagius|Tera Blast|p2a: Honchkrow|[anim] Tera Blast Fighting\n|-crit|p2a: Honchkrow\n|-damage|p2a: Honchkrow|0 fnt\n|faint|p2a: Honchkrow\n|\n|-heal|p1a: Mismagius|133/243|[from] item: Leftovers\n|upkeep\n|\n|t:|1781457219\n|switch|p2a: Hatterene|Hatterene, L85, F|236/236\n|turn|13\n|\n|t:|1781457233\n|move|p1a: Mismagius|Shadow Ball|p2a: Hatterene\n|-supereffective|p2a: Hatterene\n|-damage|p2a: Hatterene|30/236\n|move|p2a: Hatterene|Mystical Fire|p1a: Mismagius\n|-damage|p1a: Mismagius|72/243\n|-unboost|p1a: Mismagius|spa|1\n|\n|-heal|p1a: Mismagius|87/243|[from] item: Leftovers\n|upkeep\n|turn|14\n|\n|t:|1781457250\n|move|p1a: Mismagius|Tera Blast|p2a: Hatterene|[anim] Tera Blast Fighting\n|-resisted|p2a: Hatterene\n|-damage|p2a: Hatterene|8/236\n|move|p2a: Hatterene|Draining Kiss|p1a: Mismagius\n|-supereffective|p1a: Mismagius\n|-damage|p1a: Mismagius|0 fnt\n|-heal|p2a: Hatterene|73/236|[from] drain|[of] p1a: Mismagius\n|faint|p1a: Mismagius\n|\n|upkeep\n|\n|t:|1781457254\n|switch|p1a: Sneasler|Sneasler, L74, F|240/240\n|turn|15\n|\n|t:|1781457278\n|move|p1a: Sneasler|Dire Claw|p2a: Hatterene\n|-supereffective|p2a: Hatterene\n|-damage|p2a: Hatterene|0 fnt\n|faint|p2a: Hatterene\n|\n|win|fewfwfwfwegg\n|raw|fewfwfwfwegg's rating: 1000 &rarr; <strong>1040</strong><br />(+40 for winning)\n|raw|L1ghtskinn1n's rating: 1000 &rarr; <strong>1000</strong><br />(+0 for losing)\n|l|\u2606fewfwfwfwegg\n|player|p1|\n|l|\u203dL1ghtskinn1n\n|player|p2|\n", "inputlog": ">version a8376a258c1d4662feba110a92103f3664a72141\n>start {\"formatid\":\"gen9randombattle\",\"seed\":\"sodium,a7fa4f9c822a42b144244174888eefc7\",\"rated\":\"Rated battle\"}\n>player p1 {\"name\":\"fewfwfwfwegg\",\"avatar\":\"rood\",\"rating\":1000,\"seed\":\"sodium,bdd8f93ec4ee493d90ea9008b504da7d\"}\n>player p2 {\"name\":\"L1ghtskinn1n\",\"avatar\":\"169\",\"rating\":1000,\"seed\":\"sodium,162586df6254c00631665e43260cca47\"}\n>p1 move freezedry\n>p2 move scaleshot\n>p2 switch 3\n>p1 move wish\n>p2 switch 6\n>p1 move freezedry\n>p2 move bodypress\n>p1 switch 5\n>p2 move irondefense\n>p1 move dracometeor\n>p2 move rest\n>p2 switch 2\n>p1 switch 2\n>p2 move megahorn terastallize\n>p1 switch 6\n>p1 move substitute\n>p2 move megahorn\n>p1 move shadowball\n>p2 switch 6\n>p1 move nastyplot\n>p2 move psychicfangs\n>p1 move shadowball\n>p2 move psychicfangs\n>p2 switch 6\n>p1 move shadowball terastallize\n>p2 move poisonjab\n>p2 switch 5\n>p1 move terablast\n>p2 move heatwave\n>p2 switch 4\n>p1 move shadowball\n>p2 move mysticalfire\n>p1 move terablast\n>p2 move drainingkiss\n>p1 switch 4\n>p1 move direclaw\n>p2 move drainingkiss", "uploadtime": 1781457401, "views": 30, "formatid": "gen9randombattle", "rating": 1000, "private": 0, "password": null}