{"id": "gen9randombattle-2631945407", "format": "[Gen 9] Random Battle", "players": ["BarqRB", "Denverlepointeur"], "log": "|j|\u2606BarqRB\n|j|\u2606Denverlepointeur\n|t:|1781458517\n|gametype|singles\n|player|p1|BarqRB|hilbert|1426\n|player|p2|Denverlepointeur|byron|1445\n|gen|9\n|tier|[Gen 9] Random Battle\n|rated|\n|rule|Species Clause: Limit one of each Pok\u00e9mon\n|rule|HP Percentage Mod: HP is shown in percentages\n|rule|Sleep Clause Mod: Limit one foe put to sleep\n|rule|Illusion Level Mod: Illusion disguises the Pok\u00e9mon's true level\n|\n|t:|1781458517\n|teamsize|p1|6\n|teamsize|p2|6\n|start\n|switch|p1a: Arceus|Arceus-Flying, L69|279/279\n|switch|p2a: Talonflame|Talonflame, L83, F|265/265\n|turn|1\n|inactive|Battle timer is ON: inactive players will automatically lose when time's up. (requested by Denverlepointeur)\n|c|\u2606Denverlepointeur|gl\n|\n|t:|1781458533\n|move|p2a: Talonflame|Flare Blitz|p1a: Arceus\n|-damage|p1a: Arceus|168/279\n|-damage|p2a: Talonflame|228/265|[from] Recoil\n|move|p1a: Arceus|Calm Mind|p1a: Arceus\n|-boost|p1a: Arceus|spa|1\n|-boost|p1a: Arceus|spd|1\n|\n|upkeep\n|turn|2\n|\n|t:|1781458551\n|move|p2a: Talonflame|Flare Blitz|p1a: Arceus\n|-damage|p1a: Arceus|56/279\n|-damage|p2a: Talonflame|191/265|[from] Recoil\n|move|p1a: Arceus|Recover|p1a: Arceus\n|-heal|p1a: Arceus|196/279\n|\n|upkeep\n|turn|3\n|\n|t:|1781458564\n|move|p2a: Talonflame|Swords Dance|p2a: Talonflame\n|-boost|p2a: Talonflame|atk|2\n|move|p1a: Arceus|Judgment|p2a: Talonflame\n|-damage|p2a: Talonflame|19/265\n|\n|upkeep\n|turn|4\n|\n|t:|1781458575\n|switch|p1a: Ho-Oh|Ho-Oh, L71|268/268\n|move|p2a: Talonflame|Brave Bird|p1a: Ho-Oh\n|-damage|p1a: Ho-Oh|4/268\n|-damage|p2a: Talonflame|0 fnt|[from] Recoil\n|faint|p2a: Talonflame\n|\n|upkeep\n|\n|t:|1781458593\n|switch|p2a: Walking Wake|Walking Wake, L79|286/286\n|turn|5\n|\n|t:|1781458601\n|switch|p1a: Furret|Furret, L94, M|312/312\n|-item|p2a: Walking Wake|Life Orb|[from] ability: Frisk|[of] p1a: Furret\n|move|p2a: Walking Wake|Sunny Day|p2a: Walking Wake\n|-weather|SunnyDay\n|-activate|p2a: Walking Wake|ability: Protosynthesis\n|-start|p2a: Walking Wake|protosynthesisspa\n|\n|-weather|SunnyDay|[upkeep]\n|upkeep\n|turn|6\n|\n|t:|1781458625\n|move|p1a: Furret|Trick|p2a: Walking Wake\n|-activate|p1a: Furret|move: Trick|[of] p2a: Walking Wake\n|-item|p2a: Walking Wake|Choice Band|[from] move: Trick\n|-item|p1a: Furret|Life Orb|[from] move: Trick\n|move|p2a: Walking Wake|Flamethrower|p1a: Furret\n|-damage|p1a: Furret|137/312\n|-status|p1a: Furret|brn\n|\n|-weather|SunnyDay|[upkeep]\n|-damage|p1a: Furret|118/312 brn|[from] brn\n|upkeep\n|turn|7\n|\n|t:|1781458640\n|switch|p1a: Ho-Oh|Ho-Oh, L71|93/268\n|move|p2a: Walking Wake|Flamethrower|p1a: Ho-Oh\n|-resisted|p1a: Ho-Oh\n|-damage|p1a: Ho-Oh|40/268\n|\n|-weather|SunnyDay|[upkeep]\n|upkeep\n|turn|8\n|\n|t:|1781458654\n|move|p2a: Walking Wake|Flamethrower|p1a: Ho-Oh\n|-resisted|p1a: Ho-Oh\n|-damage|p1a: Ho-Oh|0 fnt\n|faint|p1a: Ho-Oh\n|\n|-weather|SunnyDay|[upkeep]\n|upkeep\n|\n|t:|1781458668\n|switch|p1a: Polteageist|Polteageist, L78|222/222\n|turn|9\n|\n|t:|1781458672\n|move|p2a: Walking Wake|Flamethrower|p1a: Polteageist\n|-damage|p1a: Polteageist|101/222\n|-start|p2a: Walking Wake|Disable|Flamethrower|[from] ability: Cursed Body|[of] p1a: Polteageist\n|move|p1a: Polteageist|Shell Smash|p1a: Polteageist\n|-unboost|p1a: Polteageist|def|1\n|-unboost|p1a: Polteageist|spd|1\n|-boost|p1a: Polteageist|atk|2\n|-boost|p1a: Polteageist|spa|2\n|-boost|p1a: Polteageist|spe|2\n|-enditem|p1a: Polteageist|White Herb\n|-clearnegativeboost|p1a: Polteageist|[silent]\n|\n|-weather|none\n|-end|p2a: Walking Wake|Protosynthesis\n|upkeep\n|turn|10\n|\n|t:|1781458702\n|move|p1a: Polteageist|Shell Smash|p1a: Polteageist\n|-unboost|p1a: Polteageist|def|1\n|-unboost|p1a: Polteageist|spd|1\n|-boost|p1a: Polteageist|atk|2\n|-boost|p1a: Polteageist|spa|2\n|-boost|p1a: Polteageist|spe|2\n|-activate|p2a: Walking Wake|move: Struggle\n|move|p2a: Walking Wake|Struggle|p1a: Polteageist\n|-damage|p1a: Polteageist|39/222\n|-damage|p2a: Walking Wake|214/286|[from] recoil\n|\n|upkeep\n|turn|11\n|\n|t:|1781458715\n|move|p1a: Polteageist|Stored Power|p2a: Walking Wake\n|-damage|p2a: Walking Wake|0 fnt\n|faint|p2a: Walking Wake\n|-end|p2a: Walking Wake|Protosynthesis|[silent]\n|\n|upkeep\n|\n|t:|1781458720\n|switch|p2a: Overqwil|Overqwil, L82, F|274/274\n|-ability|p2a: Overqwil|Intimidate|boost\n|-unboost|p1a: Polteageist|atk|1\n|turn|12\n|\n|t:|1781458731\n|-terastallize|p1a: Polteageist|Fighting\n|move|p1a: Polteageist|Tera Blast|p2a: Overqwil|[anim] Tera Blast Fighting\n|-damage|p2a: Overqwil|0 fnt\n|faint|p2a: Overqwil\n|\n|upkeep\n|\n|t:|1781458743\n|switch|p2a: Sinistcha|Sinistcha, L83|254/254\n|turn|13\n|\n|t:|1781458749\n|move|p1a: Polteageist|Stored Power|p2a: Sinistcha\n|-damage|p2a: Sinistcha|0 fnt\n|faint|p2a: Sinistcha\n|\n|upkeep\n|\n|t:|1781458760\n|switch|p2a: Oricorio|Oricorio-Pom-Pom, L82, F|257/257\n|turn|14\n|-message|Denverlepointeur forfeited.\n|\n|win|BarqRB\n|raw|BarqRB's rating: 1426 &rarr; <strong>1447</strong><br />(+21 for winning)\n|raw|Denverlepointeur's rating: 1445 &rarr; <strong>1424</strong><br />(-21 for losing)\n|l|\u2606Denverlepointeur\n|player|p2|\n", "inputlog": ">version a8376a258c1d4662feba110a92103f3664a72141\n>start {\"formatid\":\"gen9randombattle\",\"seed\":\"sodium,5751567794641faf3525783be27d1697\",\"rated\":\"Rated battle\"}\n>player p1 {\"name\":\"BarqRB\",\"avatar\":\"hilbert\",\"rating\":1426,\"seed\":\"sodium,2c10316e1e67f74297bd01553206e0a6\"}\n>player p2 {\"name\":\"Denverlepointeur\",\"avatar\":\"byron\",\"rating\":1445,\"seed\":\"sodium,a922381480f913a0ab5621a2825f32f7\"}\n>chat \u2606Denverlepointeur|gl\n>p1 move calmmind\n>p2 move flareblitz\n>p1 move recover\n>p2 move flareblitz\n>p1 move judgment\n>p2 move swordsdance\n>p1 switch 3\n>p2 move bravebird\n>p2 switch 4\n>p1 switch 6\n>p2 move sunnyday\n>p1 move trick\n>p2 move flamethrower\n>p1 switch 6\n>p2 move flamethrower\n>p1 move recover\n>p2 move flamethrower\n>p1 switch 5\n>p1 move shellsmash\n>p2 move flamethrower\n>p1 move shellsmash\n>p2 move struggle\n>p1 move storedpower\n>p2 move struggle\n>p2 switch 2\n>p1 move terablast terastallize\n>p2 move crunch\n>p2 switch 5\n>p1 move storedpower\n>p2 move matchagotcha\n>p2 switch 3\n>forcelose p2", "uploadtime": 1781458775, "views": 17, "formatid": "gen9randombattle", "rating": 1424, "private": 0, "password": null}