{"id": "gen9randombattle-2631550321", "format": "[Gen 9] Random Battle", "players": ["ukilez012", "Pecoplush"], "log": "|j|\u2606ukilez012\n|j|\u2606Pecoplush\n|t:|1781400016\n|gametype|singles\n|player|p1|ukilez012|170|2139\n|player|p2|Pecoplush|rika|2108\n|gen|9\n|tier|[Gen 9] Random Battle\n|rated|\n|rule|Species Clause: Limit one of each Pok\u00e9mon\n|rule|HP Percentage Mod: HP is shown in percentages\n|rule|Sleep Clause Mod: Limit one foe put to sleep\n|rule|Illusion Level Mod: Illusion disguises the Pok\u00e9mon's true level\n|\n|t:|1781400016\n|teamsize|p1|6\n|teamsize|p2|6\n|start\n|switch|p1a: Luxray|Luxray, L88, F|283/283\n|switch|p2a: Dragonite|Dragonite, L74, F|257/257\n|turn|1\n|inactive|Battle timer is ON: inactive players will automatically lose when time's up. (requested by Pecoplush)\n|inactive|ukilez012 also wants the timer to be on.\n|inactive|Pecoplush has 120 seconds left.\n|\n|t:|1781400051\n|switch|p2a: Regirock|Regirock, L83|268/268\n|move|p1a: Luxray|Trailblaze|p2a: Regirock\n|-supereffective|p2a: Regirock\n|-damage|p2a: Regirock|218/268\n|-boost|p1a: Luxray|spe|1\n|\n|-heal|p2a: Regirock|234/268|[from] item: Leftovers\n|-status|p1a: Luxray|brn|[from] item: Flame Orb\n|upkeep\n|turn|2\n|\n|t:|1781400061\n|move|p1a: Luxray|Supercell Slam|p2a: Regirock\n|-damage|p2a: Regirock|135/268\n|move|p2a: Regirock|Stealth Rock|p1a: Luxray\n|-sidestart|p1: ukilez012|move: Stealth Rock\n|\n|-heal|p2a: Regirock|151/268|[from] item: Leftovers\n|-damage|p1a: Luxray|266/283 brn|[from] brn\n|upkeep\n|turn|3\n|\n|t:|1781400077\n|switch|p2a: Groudon|Groudon, L72|263/263\n|-weather|SunnyDay|[from] ability: Drought|[of] p2a: Groudon\n|move|p1a: Luxray|Supercell Slam|p2a: Groudon\n|-immune|p2a: Groudon\n|-damage|p1a: Luxray|125/283 brn|[from] supercellslam\n|\n|-weather|SunnyDay|[upkeep]\n|-damage|p1a: Luxray|108/283 brn|[from] brn\n|upkeep\n|turn|4\n|\n|t:|1781400093\n|switch|p2a: Regirock|Regirock, L83|151/268\n|move|p1a: Luxray|Facade|p2a: Regirock\n|-resisted|p2a: Regirock\n|-damage|p2a: Regirock|101/268\n|\n|-weather|SunnyDay|[upkeep]\n|-heal|p2a: Regirock|117/268|[from] item: Leftovers\n|-damage|p1a: Luxray|91/283 brn|[from] brn\n|upkeep\n|turn|5\n|\n|t:|1781400098\n|move|p1a: Luxray|Trailblaze|p2a: Regirock\n|-supereffective|p2a: Regirock\n|-damage|p2a: Regirock|47/268\n|-boost|p1a: Luxray|spe|1\n|move|p2a: Regirock|Body Press|p1a: Luxray\n|-damage|p1a: Luxray|0 fnt\n|faint|p1a: Luxray\n|\n|-weather|SunnyDay|[upkeep]\n|-heal|p2a: Regirock|63/268|[from] item: Leftovers\n|upkeep\n|\n|t:|1781400104\n|switch|p1a: Azumarill|Azumarill, L82, F|298/298\n|-damage|p1a: Azumarill|261/298|[from] Stealth Rock\n|turn|6\n|\n|t:|1781400112\n|move|p2a: Regirock|Stone Edge|p1a: Azumarill\n|-damage|p1a: Azumarill|143/298\n|-enditem|p1a: Azumarill|Sitrus Berry|[eat]\n|-heal|p1a: Azumarill|217/298|[from] item: Sitrus Berry\n|move|p1a: Azumarill|Belly Drum|p1a: Azumarill\n|-damage|p1a: Azumarill|68/298\n|-setboost|p1a: Azumarill|atk|6|[from] move: Belly Drum\n|\n|-weather|SunnyDay|[upkeep]\n|-heal|p2a: Regirock|79/268|[from] item: Leftovers\n|upkeep\n|turn|7\n|\n|t:|1781400123\n|move|p1a: Azumarill|Aqua Jet|p2a: Regirock\n|-supereffective|p2a: Regirock\n|-damage|p2a: Regirock|0 fnt\n|faint|p2a: Regirock\n|\n|-weather|none\n|upkeep\n|\n|t:|1781400132\n|switch|p2a: Groudon|Groudon, L72|263/263\n|-weather|SunnyDay|[from] ability: Drought|[of] p2a: Groudon\n|turn|8\n|\n|t:|1781400144\n|move|p1a: Azumarill|Aqua Jet|p2a: Groudon\n|-supereffective|p2a: Groudon\n|-damage|p2a: Groudon|117/263\n|move|p2a: Groudon|Heat Crash|p1a: Azumarill\n|-resisted|p1a: Azumarill\n|-damage|p1a: Azumarill|0 fnt\n|faint|p1a: Azumarill\n|\n|-weather|SunnyDay|[upkeep]\n|-heal|p2a: Groudon|133/263|[from] item: Leftovers\n|upkeep\n|\n|t:|1781400150\n|switch|p1a: Delphox|Delphox, L84, F|263/263\n|-damage|p1a: Delphox|198/263|[from] Stealth Rock\n|turn|9\n|\n|t:|1781400155\n|move|p1a: Delphox|Fire Blast|p2a: Groudon\n|-damage|p2a: Groudon|0 fnt\n|faint|p2a: Groudon\n|\n|-weather|SunnyDay|[upkeep]\n|upkeep\n|\n|t:|1781400164\n|switch|p2a: Snorlax|Snorlax, L82, F|397/397\n|turn|10\n|\n|t:|1781400171\n|switch|p1a: Stonjourner|Stonjourner, L91, M|330/330\n|-damage|p1a: Stonjourner|289/330|[from] Stealth Rock\n|move|p2a: Snorlax|Body Slam|p1a: Stonjourner\n|-resisted|p1a: Stonjourner\n|-damage|p1a: Stonjourner|256/330\n|\n|-weather|SunnyDay|[upkeep]\n|upkeep\n|turn|11\n|\n|t:|1781400189\n|move|p1a: Stonjourner|Stone Edge|p2a: Snorlax\n|-damage|p2a: Snorlax|132/397\n|-damage|p1a: Stonjourner|223/330|[from] item: Life Orb\n|move|p2a: Snorlax|Body Slam|p1a: Stonjourner\n|-resisted|p1a: Stonjourner\n|-damage|p1a: Stonjourner|191/330\n|-status|p1a: Stonjourner|par\n|\n|-weather|SunnyDay|[upkeep]\n|-heal|p2a: Snorlax|156/397|[from] item: Leftovers\n|upkeep\n|turn|12\n|\n|t:|1781400198\n|move|p2a: Snorlax|Body Slam|p1a: Stonjourner\n|-resisted|p1a: Stonjourner\n|-damage|p1a: Stonjourner|158/330 par\n|move|p1a: Stonjourner|Stone Edge|p2a: Snorlax\n|-damage|p2a: Snorlax|0 fnt\n|faint|p2a: Snorlax\n|-damage|p1a: Stonjourner|125/330 par|[from] item: Life Orb\n|\n|-weather|none\n|upkeep\n|\n|t:|1781400211\n|switch|p2a: Lunala|Lunala, L70|308/308\n|turn|13\n|\n|t:|1781400218\n|switch|p1a: Oranguru|Oranguru, L92, M|315/315\n|-damage|p1a: Oranguru|276/315|[from] Stealth Rock\n|move|p2a: Lunala|Moongeist Beam|p1a: Oranguru\n|-immune|p1a: Oranguru\n|\n|-heal|p1a: Oranguru|295/315|[from] item: Leftovers\n|upkeep\n|turn|14\n|\n|t:|1781400228\n|move|p2a: Lunala|Calm Mind|p2a: Lunala\n|-boost|p2a: Lunala|spa|1\n|-boost|p2a: Lunala|spd|1\n|move|p1a: Oranguru|Nasty Plot|p1a: Oranguru\n|-boost|p1a: Oranguru|spa|2\n|\n|-heal|p1a: Oranguru|314/315|[from] item: Leftovers\n|upkeep\n|turn|15\n|\n|t:|1781400231\n|move|p2a: Lunala|Calm Mind|p2a: Lunala\n|-boost|p2a: Lunala|spa|1\n|-boost|p2a: Lunala|spd|1\n|move|p1a: Oranguru|Psyshock|p2a: Lunala\n|-resisted|p2a: Lunala\n|-damage|p2a: Lunala|257/308\n|\n|-heal|p2a: Lunala|276/308|[from] item: Leftovers\n|-heal|p1a: Oranguru|315/315|[from] item: Leftovers\n|upkeep\n|turn|16\n|\n|t:|1781400234\n|move|p2a: Lunala|Moonblast|p1a: Oranguru\n|-damage|p1a: Oranguru|212/315\n|move|p1a: Oranguru|Psyshock|p2a: Lunala\n|-resisted|p2a: Lunala\n|-damage|p2a: Lunala|167/308\n|\n|-heal|p2a: Lunala|186/308|[from] item: Leftovers\n|-heal|p1a: Oranguru|231/315|[from] item: Leftovers\n|upkeep\n|turn|17\n|\n|t:|1781400241\n|move|p2a: Lunala|Moonlight|p2a: Lunala\n|-heal|p2a: Lunala|308/308\n|move|p1a: Oranguru|Nasty Plot|p1a: Oranguru\n|-boost|p1a: Oranguru|spa|2\n|\n|-heal|p1a: Oranguru|250/315|[from] item: Leftovers\n|upkeep\n|turn|18\n|\n|t:|1781400244\n|move|p2a: Lunala|Moonblast|p1a: Oranguru\n|-damage|p1a: Oranguru|148/315\n|move|p1a: Oranguru|Psyshock|p2a: Lunala\n|-resisted|p2a: Lunala\n|-damage|p2a: Lunala|224/308\n|\n|-heal|p2a: Lunala|243/308|[from] item: Leftovers\n|-heal|p1a: Oranguru|167/315|[from] item: Leftovers\n|upkeep\n|turn|19\n|\n|t:|1781400247\n|move|p2a: Lunala|Moonblast|p1a: Oranguru\n|-damage|p1a: Oranguru|73/315\n|-unboost|p1a: Oranguru|spa|1\n|move|p1a: Oranguru|Psyshock|p2a: Lunala\n|-resisted|p2a: Lunala\n|-damage|p2a: Lunala|116/308\n|\n|-heal|p2a: Lunala|135/308|[from] item: Leftovers\n|-heal|p1a: Oranguru|92/315|[from] item: Leftovers\n|upkeep\n|turn|20\n|\n|t:|1781400253\n|move|p2a: Lunala|Moonblast|p1a: Oranguru\n|-damage|p1a: Oranguru|0 fnt\n|faint|p1a: Oranguru\n|\n|-heal|p2a: Lunala|154/308|[from] item: Leftovers\n|upkeep\n|\n|t:|1781400263\n|switch|p1a: Quagsire|Quagsire, L84, M|297/297\n|-damage|p1a: Quagsire|279/297|[from] Stealth Rock\n|turn|21\n|\n|t:|1781400266\n|move|p2a: Lunala|Moongeist Beam|p1a: Quagsire\n|-damage|p1a: Quagsire|23/297\n|move|p1a: Quagsire|Earthquake|p2a: Lunala\n|-damage|p2a: Lunala|36/308\n|\n|-heal|p2a: Lunala|55/308|[from] item: Leftovers\n|-heal|p1a: Quagsire|41/297|[from] item: Leftovers\n|upkeep\n|turn|22\n|-message|ukilez012 forfeited.\n|\n|win|Pecoplush\n", "inputlog": ">version a8376a258c1d4662feba110a92103f3664a72141\n>start {\"formatid\":\"gen9randombattle\",\"seed\":\"sodium,ce0e2a6dc7b7111653528bd406d18621\",\"rated\":\"Rated battle\"}\n>player p1 {\"name\":\"ukilez012\",\"avatar\":\"170\",\"rating\":2139,\"seed\":\"sodium,d4548c0243545d2807c100dafa0fa07d\"}\n>player p2 {\"name\":\"Pecoplush\",\"avatar\":\"rika\",\"rating\":2108,\"seed\":\"sodium,8905a20031c181ffa428fb28fe5f2527\"}\n>p1 move trailblaze\n>p2 switch 3\n>p1 move supercellslam\n>p2 move stealthrock\n>p1 move supercellslam\n>p2 switch 4\n>p1 move facade\n>p2 switch 4\n>p1 move trailblaze\n>p2 move bodypress\n>p1 switch 3\n>p1 move bellydrum\n>p2 move stoneedge\n>p1 move aquajet\n>p2 move stoneedge\n>p2 switch 4\n>p1 move aquajet\n>p2 move heatcrash\n>p1 switch 5\n>p1 move fireblast\n>p2 move precipiceblades\n>p2 switch 5\n>p1 switch 4\n>p2 move bodyslam\n>p1 move stoneedge\n>p2 move bodyslam\n>p1 move stoneedge\n>p2 move bodyslam\n>p2 switch 2\n>p1 switch 2\n>p2 move moongeistbeam\n>p1 move nastyplot\n>p2 move calmmind\n>p1 move psyshock\n>p2 move calmmind\n>p1 move psyshock\n>p2 move moonblast\n>p1 move nastyplot\n>p2 move moonlight\n>p1 move psyshock\n>p2 move moonblast\n>p1 move psyshock\n>p2 move moonblast\n>p1 move psyshock\n>p2 move moonblast\n>p1 switch 6\n>p1 move earthquake\n>p2 move moongeistbeam\n>forcelose p1", "uploadtime": 1781400018, "views": 6, "formatid": "gen9randombattle", "rating": null, "private": 0, "password": null}