{"id": "gen9randombattle-2631392330", "format": "[Gen 9] Random Battle", "players": ["thuggernaut", "AcquiredWolf"], "log": "|j|\u2606thuggernaut\n|j|\u2606AcquiredWolf\n|t:|1781379217\n|gametype|singles\n|player|p1|thuggernaut|266|2105\n|player|p2|AcquiredWolf|265|2078\n|gen|9\n|tier|[Gen 9] Random Battle\n|rated|\n|rule|Species Clause: Limit one of each Pok\u00e9mon\n|rule|HP Percentage Mod: HP is shown in percentages\n|rule|Sleep Clause Mod: Limit one foe put to sleep\n|rule|Illusion Level Mod: Illusion disguises the Pok\u00e9mon's true level\n|\n|t:|1781379217\n|teamsize|p1|6\n|teamsize|p2|6\n|start\n|switch|p1a: Zangoose|Zangoose, L85, M|263/263\n|switch|p2a: Sceptile|Sceptile, L87, F|264/264\n|turn|1\n|inactive|Battle timer is ON: inactive players will automatically lose when time's up. (requested by AcquiredWolf)\n|inactive|thuggernaut has 120 seconds left.\n|inactive|thuggernaut has 90 seconds left.\n|inactive|thuggernaut has 60 seconds left.\n|\n|t:|1781379318\n|switch|p1a: Decidueye|Decidueye-Hisui, L87, F|295/295\n|move|p2a: Sceptile|Focus Blast|p1a: Decidueye\n|-damage|p1a: Decidueye|209/295\n|\n|-heal|p1a: Decidueye|227/295|[from] item: Leftovers\n|upkeep\n|turn|2\n|\n|t:|1781379328\n|switch|p2a: Arbok|Arbok, L87, F|246/246\n|-ability|p2a: Arbok|Intimidate|boost\n|-fail|p1a: Decidueye|unboost|Attack|[from] ability: Scrappy|[of] p1a: Decidueye\n|move|p1a: Decidueye|Triple Arrows|p2a: Arbok\n|-resisted|p2a: Arbok\n|-crit|p2a: Arbok\n|-damage|p2a: Arbok|154/246\n|-unboost|p2a: Arbok|def|1\n|\n|-heal|p2a: Arbok|169/246|[from] item: Leftovers\n|-heal|p1a: Decidueye|245/295|[from] item: Leftovers\n|upkeep\n|turn|3\n|inactive|thuggernaut has 120 seconds left.\n|inactive|AcquiredWolf has 120 seconds left.\n|inactive|thuggernaut has 90 seconds left.\n|\n|t:|1781379376\n|switch|p1a: Uxie|Uxie, L83|260/260\n|move|p2a: Arbok|Trailblaze|p1a: Uxie\n|-damage|p1a: Uxie|233/260\n|-boost|p2a: Arbok|spe|1\n|\n|-heal|p2a: Arbok|184/246|[from] item: Leftovers\n|-heal|p1a: Uxie|249/260|[from] item: Leftovers\n|upkeep\n|turn|4\n|inactive|AcquiredWolf has 120 seconds left.\n|\n|t:|1781379389\n|switch|p2a: Lokix|Lokix, L82, F|251/251\n|move|p1a: Uxie|Psychic Noise|p2a: Lokix\n|-immune|p2a: Lokix\n|\n|-heal|p1a: Uxie|260/260|[from] item: Leftovers\n|upkeep\n|turn|5\n|inactive|AcquiredWolf has 120 seconds left.\n|inactive|thuggernaut has 90 seconds left.\n|\n|t:|1781379424\n|move|p2a: Lokix|First Impression|p1a: Uxie\n|-supereffective|p1a: Uxie\n|-damage|p1a: Uxie|92/260\n|move|p1a: Uxie|U-turn|p2a: Lokix\n|-supereffective|p2a: Lokix\n|-damage|p2a: Lokix|159/251\n|\n|t:|1781379434\n|switch|p1a: Zangoose|Zangoose, L85, M|263/263|[from] U-turn\n|\n|-status|p1a: Zangoose|tox|[from] item: Toxic Orb\n|upkeep\n|turn|6\n|inactive|AcquiredWolf has 120 seconds left.\n|\n|t:|1781379441\n|switch|p2a: Arbok|Arbok, L87, F|184/246\n|-ability|p2a: Arbok|Intimidate|boost\n|-unboost|p1a: Zangoose|atk|1\n|move|p1a: Zangoose|Facade|p2a: Arbok\n|-crit|p2a: Arbok\n|-damage|p2a: Arbok|0 fnt\n|faint|p2a: Arbok\n|\n|-damage|p1a: Zangoose|247/263 tox|[from] psn\n|upkeep\n|inactive|AcquiredWolf has 120 seconds left.\n|\n|t:|1781379457\n|switch|p2a: Haxorus|Haxorus, L77, M|244/244\n|-ability|p2a: Haxorus|Mold Breaker\n|turn|7\n|inactive|AcquiredWolf has 120 seconds left.\n|inactive|thuggernaut has 90 seconds left.\n|\n|t:|1781379479\n|switch|p1a: Houndstone|Houndstone, L86, M|264/264\n|move|p2a: Haxorus|Dragon Dance|p2a: Haxorus\n|-boost|p2a: Haxorus|atk|1\n|-boost|p2a: Haxorus|spe|1\n|\n|upkeep\n|turn|8\n|\n|t:|1781379486\n|move|p2a: Haxorus|Dragon Dance|p2a: Haxorus\n|-boost|p2a: Haxorus|atk|1\n|-boost|p2a: Haxorus|spe|1\n|move|p1a: Houndstone|Poltergeist|p2a: Haxorus\n|-activate|p2a: Haxorus|move: Poltergeist|Lum Berry\n|-damage|p2a: Haxorus|118/244\n|\n|upkeep\n|turn|9\n|inactive|AcquiredWolf has 120 seconds left.\n|\n|t:|1781379504\n|move|p2a: Haxorus|Outrage|p1a: Houndstone\n|-damage|p1a: Houndstone|0 fnt\n|faint|p1a: Houndstone\n|\n|upkeep\n|inactive|thuggernaut has 90 seconds left.\n|\n|t:|1781379539\n|switch|p1a: Tsareena|Tsareena, L87, F|267/267\n|turn|10\n|\n|t:|1781379543\n|-terastallize|p1a: Tsareena|Steel\n|move|p2a: Haxorus|Outrage|p1a: Tsareena|[from] lockedmove\n|-resisted|p1a: Tsareena\n|-damage|p1a: Tsareena|136/267\n|-start|p2a: Haxorus|confusion|[fatigue]\n|-enditem|p2a: Haxorus|Lum Berry|[eat]\n|-end|p2a: Haxorus|confusion\n|move|p1a: Tsareena|Triple Axel|p2a: Haxorus|[miss]\n|-miss|p1a: Tsareena|p2a: Haxorus\n|\n|upkeep\n|turn|11\n|\n|t:|1781379566\n|move|p2a: Haxorus|Earthquake|p1a: Tsareena\n|-supereffective|p1a: Tsareena\n|-crit|p1a: Tsareena\n|-damage|p1a: Tsareena|0 fnt\n|faint|p1a: Tsareena\n|\n|upkeep\n|\n|t:|1781379572\n|switch|p1a: Smeargle|Smeargle, L95, F|258/258\n|turn|12\n|\n|t:|1781379575\n|move|p2a: Haxorus|Iron Head|p1a: Smeargle\n|-damage|p1a: Smeargle|39/258\n|move|p1a: Smeargle|Spore|p2a: Haxorus\n|-status|p2a: Haxorus|slp|[from] move: Spore\n|\n|upkeep\n|turn|13\n|inactive|thuggernaut has 90 seconds left.\n|\n|t:|1781379586\n|switch|p1a: Zangoose|Zangoose, L85, M|247/263 tox\n|cant|p2a: Haxorus|slp\n|\n|-damage|p1a: Zangoose|231/263 tox|[from] psn\n|upkeep\n|turn|14\n|\n|t:|1781379593\n|-curestatus|p2a: Haxorus|slp|[msg]\n|move|p2a: Haxorus|Outrage|p1a: Zangoose\n|-damage|p1a: Zangoose|0 fnt\n|faint|p1a: Zangoose\n|\n|upkeep\n|inactive|thuggernaut has 90 seconds left.\n|c|\u2606thuggernaut|buy lotto\n|-message|thuggernaut forfeited.\n|\n|win|AcquiredWolf\n", "inputlog": ">version a8376a258c1d4662feba110a92103f3664a72141\n>start {\"formatid\":\"gen9randombattle\",\"seed\":\"sodium,c10a36a50707d3ba85a08bd8d19c2270\",\"rated\":\"Rated battle\"}\n>player p1 {\"name\":\"thuggernaut\",\"avatar\":\"266\",\"rating\":2105,\"seed\":\"sodium,977e8c3bf4ac6757ee0589fdb846caea\"}\n>player p2 {\"name\":\"AcquiredWolf\",\"avatar\":\"265\",\"rating\":2078,\"seed\":\"sodium,e660902a3c4d668f66a50e5c36684083\"}\n>p1 switch 4\n>p2 move focusblast\n>p1 move triplearrows\n>p2 switch 6\n>p1 switch 6\n>p2 move trailblaze\n>p1 move psychicnoise\n>p2 switch 3\n>p1 move uturn\n>p2 move firstimpression\n>p1 switch 4\n>p1 move facade\n>p2 switch 3\n>p2 switch 2\n>p1 switch 5\n>p2 move dragondance\n>p1 move poltergeist\n>p2 move dragondance\n>p1 move poltergeist\n>p2 move outrage\n>p1 switch 3\n>p1 move tripleaxel terastallize\n>p2 move outrage\n>p1 move tripleaxel\n>p2 move earthquake\n>p1 switch 2\n>p1 move spore\n>p2 move ironhead\n>p1 switch 5\n>p2 move ironhead\n>p1 move facade\n>p2 move outrage\n>chat \u2606thuggernaut|buy lotto\n>forcelose p1", "uploadtime": 1781379219, "views": 9, "formatid": "gen9randombattle", "rating": null, "private": 0, "password": null}