{"id": "gen9randombattle-2631385787", "format": "[Gen 9] Random Battle", "players": ["regu2", "Copernicusthe54th"], "log": "|j|\u2606regu2\n|j|\u2606Copernicusthe54th\n|t:|1781378461\n|gametype|singles\n|player|p1|regu2|1|2042\n|player|p2|Copernicusthe54th|266|1979\n|gen|9\n|tier|[Gen 9] Random Battle\n|rated|\n|rule|Species Clause: Limit one of each Pok\u00e9mon\n|rule|HP Percentage Mod: HP is shown in percentages\n|rule|Sleep Clause Mod: Limit one foe put to sleep\n|rule|Illusion Level Mod: Illusion disguises the Pok\u00e9mon's true level\n|\n|t:|1781378461\n|teamsize|p1|6\n|teamsize|p2|6\n|start\n|switch|p1a: Garchomp|Garchomp, L74, F|282/282\n|switch|p2a: Spidops|Spidops, L96, M|271/271\n|turn|1\n|inactive|Battle timer is ON: inactive players will automatically lose when time's up. (requested by regu2)\n|\n|t:|1781378475\n|move|p1a: Garchomp|Spikes|p2a: Spidops\n|-sidestart|p2: Copernicusthe54th|Spikes\n|move|p2a: Spidops|Sticky Web|p1a: Garchomp\n|-sidestart|p1: regu2|move: Sticky Web\n|\n|upkeep\n|turn|2\n|\n|t:|1781378478\n|move|p1a: Garchomp|Spikes|p2a: Spidops\n|-sidestart|p2: Copernicusthe54th|Spikes\n|move|p2a: Spidops|Circle Throw|p1a: Garchomp\n|-damage|p1a: Garchomp|232/282\n|-damage|p2a: Spidops|238/271|[from] ability: Rough Skin|[of] p1a: Garchomp\n|-damage|p2a: Spidops|193/271|[from] item: Rocky Helmet|[of] p1a: Garchomp\n|drag|p1a: Persian|Persian, L92, M|269/269\n|-activate|p1a: Persian|move: Sticky Web\n|-unboost|p1a: Persian|spe|1\n|\n|upkeep\n|turn|3\n|\n|t:|1781378483\n|move|p1a: Persian|U-turn|p2a: Spidops\n|-damage|p2a: Spidops|135/271\n|\n|t:|1781378486\n|switch|p1a: Garchomp|Garchomp, L74, F|232/282|[from] U-turn\n|-activate|p1a: Garchomp|move: Sticky Web\n|-unboost|p1a: Garchomp|spe|1\n|move|p2a: Spidops|Toxic Spikes|p1a: Garchomp\n|-sidestart|p1: regu2|move: Toxic Spikes\n|\n|upkeep\n|turn|4\n|\n|t:|1781378498\n|move|p1a: Garchomp|Spikes|p2a: Spidops\n|-sidestart|p2: Copernicusthe54th|Spikes\n|move|p2a: Spidops|Toxic Spikes|p1a: Garchomp\n|-sidestart|p1: regu2|move: Toxic Spikes\n|\n|upkeep\n|turn|5\n|\n|t:|1781378503\n|move|p1a: Garchomp|Dragon Tail|p2a: Spidops\n|-damage|p2a: Spidops|86/271\n|drag|p2a: Zebstrika|Zebstrika, L87, F|272/272\n|-damage|p2a: Zebstrika|204/272|[from] Spikes\n|\n|upkeep\n|turn|6\n|\n|t:|1781378510\n|switch|p2a: Spidops|Spidops, L96, M|86/271\n|move|p1a: Garchomp|Earthquake|p2a: Spidops\n|-resisted|p2a: Spidops\n|-damage|p2a: Spidops|45/271\n|\n|upkeep\n|turn|7\n|\n|t:|1781378517\n|move|p1a: Garchomp|Earthquake|p2a: Spidops\n|-resisted|p2a: Spidops\n|-damage|p2a: Spidops|0 fnt\n|faint|p2a: Spidops\n|\n|upkeep\n|\n|t:|1781378524\n|switch|p2a: Wigglytuff|Wigglytuff, L96, F|424/424\n|-damage|p2a: Wigglytuff|318/424|[from] Spikes\n|turn|8\n|\n|t:|1781378530\n|move|p2a: Wigglytuff|Dazzling Gleam|p1a: Garchomp\n|-supereffective|p1a: Garchomp\n|-damage|p1a: Garchomp|0 fnt\n|faint|p1a: Garchomp\n|\n|-heal|p2a: Wigglytuff|344/424|[from] item: Leftovers\n|upkeep\n|\n|t:|1781378532\n|switch|p1a: Swalot|Swalot, L90, M|326/326\n|-activate|p1a: Swalot|move: Sticky Web\n|-unboost|p1a: Swalot|spe|1\n|-sideend|p1: regu2|move: Toxic Spikes|[of] p1a: Swalot\n|turn|9\n|\n|t:|1781378538\n|switch|p2a: Rhydon|Rhydon, L85, M|317/317\n|-damage|p2a: Rhydon|238/317|[from] Spikes\n|move|p1a: Swalot|Toxic Spikes|p2a: Rhydon\n|-sidestart|p2: Copernicusthe54th|move: Toxic Spikes\n|\n|upkeep\n|turn|10\n|\n|t:|1781378552\n|move|p2a: Rhydon|Swords Dance|p2a: Rhydon\n|-boost|p2a: Rhydon|atk|2\n|move|p1a: Swalot|Knock Off|p2a: Rhydon\n|-damage|p2a: Rhydon|206/317\n|-enditem|p2a: Rhydon|Eviolite|[from] move: Knock Off|[of] p1a: Swalot\n|\n|upkeep\n|turn|11\n|\n|t:|1781378559\n|switch|p1a: Persian|Persian, L92, M|269/269\n|-activate|p1a: Persian|move: Sticky Web\n|-unboost|p1a: Persian|spe|1\n|move|p2a: Rhydon|Earthquake|p1a: Persian\n|-damage|p1a: Persian|0 fnt\n|faint|p1a: Persian\n|\n|upkeep\n|\n|t:|1781378563\n|switch|p1a: Weavile|Weavile, L79, M|239/239\n|-activate|p1a: Weavile|move: Sticky Web\n|-unboost|p1a: Weavile|spe|1\n|turn|12\n|\n|t:|1781378584\n|-terastallize|p2a: Rhydon|Fairy\n|move|p1a: Weavile|Triple Axel|p2a: Rhydon\n|-damage|p2a: Rhydon|178/317\n|-crit|p2a: Rhydon\n|-damage|p2a: Rhydon|96/317\n|-damage|p2a: Rhydon|15/317\n|-hitcount|p2a: Rhydon|3\n|move|p2a: Rhydon|Earthquake|p1a: Weavile\n|-damage|p1a: Weavile|0 fnt\n|faint|p1a: Weavile\n|\n|upkeep\n|\n|t:|1781378598\n|switch|p1a: Swalot|Swalot, L90, M|326/326\n|-activate|p1a: Swalot|move: Sticky Web\n|-unboost|p1a: Swalot|spe|1\n|turn|13\n|\n|t:|1781378603\n|-terastallize|p1a: Swalot|Dark\n|move|p2a: Rhydon|Earthquake|p1a: Swalot\n|-damage|p1a: Swalot|49/326\n|move|p1a: Swalot|Knock Off|p2a: Rhydon\n|-resisted|p2a: Rhydon\n|-damage|p2a: Rhydon|0 fnt\n|faint|p2a: Rhydon\n|\n|-heal|p1a: Swalot|69/326|[from] item: Leftovers\n|upkeep\n|\n|t:|1781378608\n|switch|p2a: Wigglytuff|Wigglytuff, L96, F|344/424\n|-damage|p2a: Wigglytuff|238/424|[from] Spikes\n|-status|p2a: Wigglytuff|psn\n|turn|14\n|\n|t:|1781378613\n|move|p2a: Wigglytuff|Dazzling Gleam|p1a: Swalot\n|-supereffective|p1a: Swalot\n|-damage|p1a: Swalot|0 fnt\n|faint|p1a: Swalot\n|\n|-heal|p2a: Wigglytuff|264/424 psn|[from] item: Leftovers\n|-damage|p2a: Wigglytuff|211/424 psn|[from] psn\n|upkeep\n|\n|t:|1781378614\n|switch|p1a: Goodra|Goodra-Hisui, L82, F|265/265\n|-activate|p1a: Goodra|move: Sticky Web\n|-unboost|p1a: Goodra|spe|1\n|turn|15\n|\n|t:|1781378623\n|move|p2a: Wigglytuff|Wish|p2a: Wigglytuff\n|move|p1a: Goodra|Heavy Slam|p2a: Wigglytuff\n|-supereffective|p2a: Wigglytuff\n|-damage|p2a: Wigglytuff|0 fnt\n|faint|p2a: Wigglytuff\n|\n|upkeep\n|\n|t:|1781378626\n|switch|p2a: Arbok|Arbok, L87, F|246/246\n|-damage|p2a: Arbok|185/246|[from] Spikes\n|-sideend|p2: Copernicusthe54th|move: Toxic Spikes|[of] p2a: Arbok\n|-ability|p2a: Arbok|Intimidate|boost\n|-unboost|p1a: Goodra|atk|1\n|turn|16\n|\n|t:|1781378632\n|switch|p1a: Emboar|Emboar, L84, M|322/322\n|-activate|p1a: Emboar|move: Sticky Web\n|-unboost|p1a: Emboar|spe|1\n|move|p2a: Arbok|Earthquake|p1a: Emboar\n|-supereffective|p1a: Emboar\n|-damage|p1a: Emboar|138/322\n|\n|-heal|p2a: Arbok|246/246|[from] move: Wish|[wisher] Wigglytuff\n|upkeep\n|turn|17\n|\n|t:|1781378636\n|move|p2a: Arbok|Earthquake|p1a: Emboar\n|-supereffective|p1a: Emboar\n|-damage|p1a: Emboar|0 fnt\n|faint|p1a: Emboar\n|\n|upkeep\n|-message|regu2 forfeited.\n|\n|win|Copernicusthe54th\n", "inputlog": ">version a8376a258c1d4662feba110a92103f3664a72141\n>start {\"formatid\":\"gen9randombattle\",\"seed\":\"sodium,c7a761006d3c50ecf80b3f533cec1e3d\",\"rated\":\"Rated battle\"}\n>player p1 {\"name\":\"regu2\",\"avatar\":\"1\",\"rating\":2042,\"seed\":\"sodium,75c9eb5c9cda0a52d2caccd7af2de7f1\"}\n>player p2 {\"name\":\"Copernicusthe54th\",\"avatar\":\"266\",\"rating\":1979,\"seed\":\"sodium,2861dc03d634d1351a98e6a2c5f491c5\"}\n>p1 move spikes\n>p2 move stickyweb\n>p1 move spikes\n>p2 move circlethrow\n>p1 move uturn\n>p2 move toxicspikes\n>p1 switch 5\n>p1 move spikes\n>p2 move toxicspikes\n>p1 move dragontail\n>p2 move circlethrow\n>p1 move earthquake\n>p2 switch 4\n>p1 move earthquake\n>p2 move knockoff\n>p2 switch 6\n>p1 move earthquake\n>p2 move dazzlinggleam\n>p1 switch 3\n>p1 move toxicspikes\n>p2 switch 5\n>p1 move knockoff\n>p2 move swordsdance\n>p1 switch 5\n>p2 move earthquake\n>p1 switch 2\n>p1 move tripleaxel\n>p2 move earthquake terastallize\n>p1 switch 5\n>p1 move knockoff terastallize\n>p2 move earthquake\n>p2 switch 5\n>p1 move sludgebomb\n>p2 move dazzlinggleam\n>p1 switch 6\n>p1 move heavyslam\n>p2 move wish\n>p2 switch 3\n>p1 switch 4\n>p2 move earthquake\n>p1 move flareblitz\n>p2 move earthquake\n>forcelose p1", "uploadtime": 1781378464, "views": 7, "formatid": "gen9randombattle", "rating": null, "private": 0, "password": null}