{"id": "gen9randombattle-2631439883", "format": "[Gen 9] Random Battle", "players": ["moritzvb", "NickPlayeZ"], "log": "|j|\u2606moritzvb\n|j|\u2606NickPlayeZ\n|t:|1781384878\n|gametype|singles\n|player|p1|moritzvb|ariana|2160\n|player|p2|NickPlayeZ|emmet|2121\n|gen|9\n|tier|[Gen 9] Random Battle\n|rated|\n|rule|Species Clause: Limit one of each Pok\u00e9mon\n|rule|HP Percentage Mod: HP is shown in percentages\n|rule|Sleep Clause Mod: Limit one foe put to sleep\n|rule|Illusion Level Mod: Illusion disguises the Pok\u00e9mon's true level\n|\n|t:|1781384878\n|teamsize|p1|6\n|teamsize|p2|6\n|start\n|switch|p1a: Lucario|Lucario, L84, F|255/255\n|switch|p2a: Gouging Fire|Gouging Fire, L74|277/277\n|turn|1\n|inactive|Battle timer is ON: inactive players will automatically lose when time's up. (requested by NickPlayeZ)\n|inactive|moritzvb has 120 seconds left.\n|\n|t:|1781384925\n|switch|p1a: Iron Hands|Iron Hands, L79|373/373\n|move|p2a: Gouging Fire|Dragon Dance|p2a: Gouging Fire\n|-boost|p2a: Gouging Fire|atk|1\n|-boost|p2a: Gouging Fire|spe|1\n|\n|upkeep\n|turn|2\n|\n|t:|1781384937\n|move|p2a: Gouging Fire|Earthquake|p1a: Iron Hands\n|-supereffective|p1a: Iron Hands\n|-crit|p1a: Iron Hands\n|-damage|p1a: Iron Hands|129/373\n|move|p1a: Iron Hands|Swords Dance|p1a: Iron Hands\n|-boost|p1a: Iron Hands|atk|2\n|\n|-heal|p1a: Iron Hands|152/373|[from] item: Leftovers\n|upkeep\n|turn|3\n|\n|t:|1781384942\n|-terastallize|p1a: Iron Hands|Flying\n|move|p2a: Gouging Fire|Earthquake|p1a: Iron Hands\n|-immune|p1a: Iron Hands\n|move|p1a: Iron Hands|Drain Punch|p2a: Gouging Fire\n|-damage|p2a: Gouging Fire|100/277\n|-heal|p1a: Iron Hands|241/373|[from] drain|[of] p2a: Gouging Fire\n|\n|-heal|p1a: Iron Hands|264/373|[from] item: Leftovers\n|upkeep\n|turn|4\n|\n|t:|1781384945\n|move|p2a: Gouging Fire|Outrage|p1a: Iron Hands\n|-damage|p1a: Iron Hands|110/373\n|move|p1a: Iron Hands|Drain Punch|p2a: Gouging Fire\n|-damage|p2a: Gouging Fire|0 fnt\n|-heal|p1a: Iron Hands|160/373|[from] drain|[of] p2a: Gouging Fire\n|faint|p2a: Gouging Fire\n|-end|p2a: Gouging Fire|Protosynthesis|[silent]\n|\n|-heal|p1a: Iron Hands|183/373|[from] item: Leftovers\n|upkeep\n|\n|t:|1781384958\n|switch|p2a: Golurk|Golurk, L87|297/297\n|turn|5\n|\n|t:|1781384962\n|move|p2a: Golurk|Poltergeist|p1a: Iron Hands\n|-activate|p1a: Iron Hands|move: Poltergeist|Leftovers\n|-damage|p1a: Iron Hands|0 fnt\n|faint|p1a: Iron Hands\n|-end|p1a: Iron Hands|Quark Drive|[silent]\n|\n|upkeep\n|\n|t:|1781384982\n|switch|p1a: Glastrier|Glastrier, L86|311/311\n|turn|6\n|\n|t:|1781385000\n|switch|p2a: Scizor|Scizor, L79, F|240/240\n|move|p1a: Glastrier|Heavy Slam|p2a: Scizor\n|-resisted|p2a: Scizor\n|-damage|p2a: Scizor|156/240\n|\n|-heal|p2a: Scizor|171/240|[from] item: Leftovers\n|upkeep\n|turn|7\n|\n|t:|1781385019\n|switch|p1a: Yanmega|Yanmega, L82, M|275/275\n|move|p2a: Scizor|Close Combat|p1a: Yanmega\n|-resisted|p1a: Yanmega\n|-damage|p1a: Yanmega|252/275\n|-unboost|p2a: Scizor|def|1\n|-unboost|p2a: Scizor|spd|1\n|\n|-heal|p2a: Scizor|186/240|[from] item: Leftovers\n|upkeep\n|turn|8\n|inactive|NickPlayeZ has 120 seconds left.\n|\n|t:|1781385048\n|-terastallize|p2a: Scizor|Steel\n|move|p2a: Scizor|Bullet Punch|p1a: Yanmega\n|-crit|p1a: Yanmega\n|-damage|p1a: Yanmega|108/275\n|move|p1a: Yanmega|Bug Buzz|p2a: Scizor\n|-resisted|p2a: Scizor\n|-damage|p2a: Scizor|0 fnt\n|faint|p2a: Scizor\n|\n|upkeep\n|c|\u2606NickPlayeZ|why did a crit do nothing\n|\n|t:|1781385062\n|switch|p2a: Ditto|Ditto, L87|225/225\n|-transform|p2a: Ditto|p1a: Yanmega|[from] ability: Imposter\n|turn|9\n|c|\u2606moritzvb|yanmega is physically defesive\n|\n|t:|1781385070\n|switch|p1a: Sylveon|Sylveon, L85, F|300/300\n|move|p2a: Ditto|Air Slash|p1a: Sylveon\n|-damage|p1a: Sylveon|233/300\n|\n|-heal|p1a: Sylveon|251/300|[from] item: Leftovers\n|upkeep\n|turn|10\n|\n|t:|1781385075\n|switch|p2a: Golurk|Golurk, L87|297/297\n|move|p1a: Sylveon|Hyper Voice|p2a: Golurk\n|-damage|p2a: Golurk|164/297\n|\n|-heal|p1a: Sylveon|269/300|[from] item: Leftovers\n|upkeep\n|turn|11\n|\n|t:|1781385078\n|move|p1a: Sylveon|Protect|p1a: Sylveon\n|-singleturn|p1a: Sylveon|Protect\n|move|p2a: Golurk|Poltergeist|p1a: Sylveon\n|-activate|p1a: Sylveon|move: Protect\n|\n|-heal|p1a: Sylveon|287/300|[from] item: Leftovers\n|upkeep\n|turn|12\n|\n|t:|1781385082\n|switch|p1a: Glastrier|Glastrier, L86|311/311\n|move|p2a: Golurk|Poltergeist|p1a: Glastrier\n|-activate|p1a: Glastrier|move: Poltergeist|Choice Band\n|-damage|p1a: Glastrier|142/311\n|\n|upkeep\n|turn|13\n|\n|t:|1781385086\n|move|p2a: Golurk|Poltergeist|p1a: Glastrier\n|-activate|p1a: Glastrier|move: Poltergeist|Choice Band\n|-damage|p1a: Glastrier|0 fnt\n|faint|p1a: Glastrier\n|\n|upkeep\n|\n|t:|1781385097\n|switch|p1a: Yanmega|Yanmega, L82, M|108/275\n|turn|14\n|c|\u2606NickPlayeZ|and this dogshit as fuck website gave me yet another unwinnable matchup\n|\n|t:|1781385108\n|move|p1a: Yanmega|Bug Buzz|p2a: Golurk\n|-resisted|p2a: Golurk\n|-damage|p2a: Golurk|8/297\n|move|p2a: Golurk|Poltergeist|p1a: Yanmega\n|-activate|p1a: Yanmega|move: Poltergeist|Choice Specs\n|-damage|p1a: Yanmega|0 fnt\n|faint|p1a: Yanmega\n|\n|upkeep\n|c|\u2606NickPlayeZ|thank god\n|\n|t:|1781385117\n|switch|p1a: Lucario|Lucario, L84, F|255/255\n|turn|15\n|c|\u2606NickPlayeZ|that thing literally 6-0d otherwise\n|\n|t:|1781385123\n|move|p1a: Lucario|Meteor Mash|p2a: Golurk\n|-damage|p2a: Golurk|0 fnt\n|faint|p2a: Golurk\n|\n|upkeep\n|\n|t:|1781385128\n|switch|p2a: Conkeldurr|Conkeldurr, L80, F|299/299\n|turn|16\n|\n|t:|1781385133\n|switch|p2a: Ogerpon|Ogerpon, L80, F|259/259\n|move|p1a: Lucario|Meteor Mash|p2a: Ogerpon\n|-damage|p2a: Ogerpon|75/259\n|\n|upkeep\n|turn|17\n|c|\u2606NickPlayeZ|i disagree\n|\n|t:|1781385143\n|move|p2a: Ogerpon|Superpower|p1a: Lucario\n|-supereffective|p1a: Lucario\n|-damage|p1a: Lucario|0 fnt\n|-unboost|p2a: Ogerpon|atk|1\n|-unboost|p2a: Ogerpon|def|1\n|faint|p1a: Lucario\n|-damage|p2a: Ogerpon|50/259|[from] item: Life Orb\n|\n|upkeep\n|\n|t:|1781385148\n|switch|p1a: Sylveon|Sylveon, L85, F|287/300\n|turn|18\n|c|\u2606NickPlayeZ|that kills? damn\n|\n|t:|1781385152\n|switch|p2a: Ditto|Ditto, L87|225/225\n|-transform|p2a: Ditto|p1a: Sylveon|[from] ability: Imposter\n|move|p1a: Sylveon|Hyper Voice|p2a: Ditto\n|-damage|p2a: Ditto|122/225\n|\n|-heal|p1a: Sylveon|300/300|[from] item: Leftovers\n|upkeep\n|turn|19\n|\n|t:|1781385159\n|switch|p2a: Ogerpon|Ogerpon, L80, F|50/259\n|move|p1a: Sylveon|Wish|p1a: Sylveon\n|\n|upkeep\n|turn|20\n|\n|t:|1781385165\n|move|p2a: Ogerpon|Knock Off|p1a: Sylveon\n|-resisted|p1a: Sylveon\n|-damage|p1a: Sylveon|245/300\n|-enditem|p1a: Sylveon|Leftovers|[from] move: Knock Off|[of] p2a: Ogerpon\n|-damage|p2a: Ogerpon|25/259|[from] item: Life Orb\n|move|p1a: Sylveon|Hyper Voice|p2a: Ogerpon\n|-damage|p2a: Ogerpon|0 fnt\n|faint|p2a: Ogerpon\n|\n|-heal|p1a: Sylveon|300/300|[from] move: Wish|[wisher] Sylveon\n|upkeep\n|c|\u2606NickPlayeZ|still unwinnable\n|\n|t:|1781385172\n|switch|p2a: Conkeldurr|Conkeldurr, L80, F|299/299\n|turn|21\n|c|\u2606NickPlayeZ|dogshit as fuck website\n|c|\u2606NickPlayeZ|bg\n|\n|t:|1781385177\n|move|p1a: Sylveon|Hyper Voice|p2a: Conkeldurr\n|-supereffective|p2a: Conkeldurr\n|-damage|p2a: Conkeldurr|0 fnt\n|faint|p2a: Conkeldurr\n|\n|upkeep\n|-message|NickPlayeZ forfeited.\n|\n|win|moritzvb\n", "inputlog": ">version a8376a258c1d4662feba110a92103f3664a72141\n>start {\"formatid\":\"gen9randombattle\",\"seed\":\"sodium,e13cbc0b81f8db739f5fd65074638d42\",\"rated\":\"Rated battle\"}\n>player p1 {\"name\":\"moritzvb\",\"avatar\":\"ariana\",\"rating\":2160,\"seed\":\"sodium,c7b55da8262b5be8a8d94ad3f2bd0b4c\"}\n>player p2 {\"name\":\"NickPlayeZ\",\"avatar\":\"emmet\",\"rating\":2121,\"seed\":\"sodium,dbcb0819a579c5102688d492aa8695aa\"}\n>p1 switch 4\n>p2 move dragondance\n>p1 move swordsdance\n>p2 move earthquake\n>p1 move drainpunch terastallize\n>p2 move earthquake\n>p1 move drainpunch\n>p2 move outrage\n>p2 switch 4\n>p1 move icepunch\n>p2 move poltergeist\n>p1 switch 2\n>p1 move heavyslam\n>p2 switch 3\n>p1 switch 3\n>p2 move closecombat\n>p1 move bugbuzz\n>p2 move bulletpunch terastallize\n>chat \u2606NickPlayeZ|why did a crit do nothing\n>p2 switch 6\n>chat \u2606moritzvb|yanmega is physically defesive\n>p1 switch 6\n>p2 move airslash\n>p1 move hypervoice\n>p2 switch 3\n>p1 move protect\n>p2 move poltergeist\n>p1 switch 3\n>p2 move poltergeist\n>p1 move iciclecrash\n>p2 move poltergeist\n>p1 switch 6\n>chat \u2606NickPlayeZ|and this dogshit as fuck website gave me yet another unwinnable matchup\n>p1 move bugbuzz\n>p2 move poltergeist\n>chat \u2606NickPlayeZ|thank god\n>p1 switch 4\n>chat \u2606NickPlayeZ|that thing literally 6-0d otherwise\n>p1 move meteormash\n>p2 move poltergeist\n>p2 switch 2\n>p1 move meteormash\n>p2 switch 5\n>chat \u2606NickPlayeZ|i disagree\n>p1 move meteormash\n>p2 move superpower\n>p1 switch 3\n>chat \u2606NickPlayeZ|that kills? damn\n>p1 move hypervoice\n>p2 switch 3\n>p1 move wish\n>p2 switch 3\n>p1 move hypervoice\n>p2 move knockoff\n>chat \u2606NickPlayeZ|still unwinnable\n>p2 switch 5\n>chat \u2606NickPlayeZ|dogshit as fuck website\n>chat \u2606NickPlayeZ|bg\n>p1 move hypervoice\n>p2 move facade\n>forcelose p2", "uploadtime": 1781384880, "views": 10, "formatid": "gen9randombattle", "rating": null, "private": 0, "password": null}