{"id": "gen9randombattle-2631882892", "format": "[Gen 9] Random Battle", "players": ["elvinyl", "juhhpann"], "log": "|j|\u2606elvinyl\n|j|\u2606juhhpann\n|t:|1781451692\n|gametype|singles\n|player|p1|elvinyl|hooligans|1209\n|player|p2|juhhpann|266|1195\n|gen|9\n|tier|[Gen 9] Random Battle\n|rated|\n|rule|Species Clause: Limit one of each Pok\u00e9mon\n|rule|HP Percentage Mod: HP is shown in percentages\n|rule|Sleep Clause Mod: Limit one foe put to sleep\n|rule|Illusion Level Mod: Illusion disguises the Pok\u00e9mon's true level\n|\n|t:|1781451692\n|teamsize|p1|6\n|teamsize|p2|6\n|start\n|switch|p1a: Bisharp|Bisharp, L79, F|232/232\n|switch|p2a: Eternatus|Eternatus, L69|308/308\n|-ability|p2a: Eternatus|Pressure\n|turn|1\n|\n|t:|1781451710\n|-terastallize|p1a: Bisharp|Ghost\n|move|p2a: Eternatus|Fire Blast|p1a: Bisharp\n|-damage|p1a: Bisharp|166/232\n|move|p1a: Bisharp|Swords Dance|p1a: Bisharp\n|-boost|p1a: Bisharp|atk|2\n|\n|upkeep\n|turn|2\n|\n|t:|1781451724\n|move|p1a: Bisharp|Sucker Punch|p2a: Eternatus\n|-damage|p2a: Eternatus|109/308\n|move|p2a: Eternatus|Dynamax Cannon|p1a: Bisharp\n|-damage|p1a: Bisharp|81/232\n|\n|upkeep\n|turn|3\n|\n|t:|1781451732\n|move|p1a: Bisharp|Sucker Punch|p2a: Eternatus\n|-damage|p2a: Eternatus|0 fnt\n|faint|p2a: Eternatus\n|\n|upkeep\n|\n|t:|1781451750\n|switch|p2a: Chesnaught|Chesnaught, L84, M|285/285\n|turn|4\n|\n|t:|1781451758\n|move|p2a: Chesnaught|Iron Defense|p2a: Chesnaught\n|-boost|p2a: Chesnaught|def|2\n|move|p1a: Bisharp|Iron Head|p2a: Chesnaught\n|-damage|p2a: Chesnaught|212/285\n|\n|-heal|p2a: Chesnaught|229/285|[from] item: Leftovers\n|upkeep\n|turn|5\n|\n|t:|1781451765\n|move|p1a: Bisharp|Swords Dance|p1a: Bisharp\n|-boost|p1a: Bisharp|atk|2\n|move|p2a: Chesnaught|Iron Defense|p2a: Chesnaught\n|-boost|p2a: Chesnaught|def|2\n|\n|-heal|p2a: Chesnaught|246/285|[from] item: Leftovers\n|upkeep\n|turn|6\n|\n|t:|1781451773\n|move|p1a: Bisharp|Swords Dance|p1a: Bisharp\n|-boost|p1a: Bisharp|atk|2\n|move|p2a: Chesnaught|Trailblaze|p1a: Bisharp\n|-damage|p1a: Bisharp|42/232\n|-boost|p2a: Chesnaught|spe|1\n|\n|-heal|p2a: Chesnaught|263/285|[from] item: Leftovers\n|upkeep\n|turn|7\n|\n|t:|1781451781\n|move|p2a: Chesnaught|Trailblaze|p1a: Bisharp\n|-damage|p1a: Bisharp|3/232\n|-boost|p2a: Chesnaught|spe|1\n|move|p1a: Bisharp|Iron Head|p2a: Chesnaught\n|-crit|p2a: Chesnaught\n|-damage|p2a: Chesnaught|0 fnt\n|faint|p2a: Chesnaught\n|\n|upkeep\n|\n|t:|1781451787\n|switch|p2a: Indeedee|Indeedee-F, L90, F|272/272\n|-fieldstart|move: Psychic Terrain|[from] ability: Psychic Surge|[of] p2a: Indeedee\n|turn|8\n|\n|t:|1781451795\n|move|p1a: Bisharp|Sucker Punch||[still]\n|-fail|p1a: Bisharp\n|move|p2a: Indeedee|Calm Mind|p2a: Indeedee\n|-boost|p2a: Indeedee|spa|1\n|-boost|p2a: Indeedee|spd|1\n|\n|upkeep\n|turn|9\n|\n|t:|1781451802\n|move|p2a: Indeedee|Calm Mind|p2a: Indeedee\n|-boost|p2a: Indeedee|spa|1\n|-boost|p2a: Indeedee|spd|1\n|move|p1a: Bisharp|Iron Head|p2a: Indeedee\n|-damage|p2a: Indeedee|0 fnt\n|faint|p2a: Indeedee\n|\n|upkeep\n|\n|t:|1781451804\n|switch|p2a: Regice|Regice, L88|284/284\n|turn|10\n|-message|juhhpann forfeited.\n|\n|win|elvinyl\n|raw|elvinyl's rating: 1209 &rarr; <strong>1233</strong><br />(+24 for winning)\n|raw|juhhpann's rating: 1195 &rarr; <strong>1171</strong><br />(-24 for losing)\n|l|\u2606juhhpann\n|player|p2|\n", "uploadtime": 1781451816, "views": 12, "formatid": "gen9randombattle", "rating": 1171, "private": 0, "password": null}