{"id": "gen9randombattle-2631913462", "format": "[Gen 9] Random Battle", "players": ["stone douchebag", "gettoon"], "log": "|j|\u2606stone douchebag\n|j|\u2606gettoon\n|t:|1781454999\n|gametype|singles\n|player|p1|stone douchebag|170|1780\n|player|p2|gettoon|brawly|1721\n|gen|9\n|tier|[Gen 9] Random Battle\n|rated|\n|rule|Species Clause: Limit one of each Pok\u00e9mon\n|rule|HP Percentage Mod: HP is shown in percentages\n|rule|Sleep Clause Mod: Limit one foe put to sleep\n|rule|Illusion Level Mod: Illusion disguises the Pok\u00e9mon's true level\n|\n|t:|1781454999\n|teamsize|p1|6\n|teamsize|p2|6\n|start\n|switch|p1a: Hoopa|Hoopa-Unbound, L80|259/259\n|switch|p2a: Virizion|Virizion, L82|283/283\n|turn|1\n|\n|t:|1781455009\n|switch|p1a: Ribombee|Ribombee, L83, M|235/235\n|move|p2a: Virizion|Leaf Blade|p1a: Ribombee\n|-resisted|p1a: Ribombee\n|-damage|p1a: Ribombee|166/235\n|-damage|p2a: Virizion|255/283|[from] item: Life Orb\n|\n|upkeep\n|turn|2\n|inactive|Battle timer is ON: inactive players will automatically lose when time's up. (requested by gettoon)\n|\n|t:|1781455015\n|switch|p2a: Chansey|Chansey, L85, F|564/564\n|move|p1a: Ribombee|Sticky Web|p2a: Chansey\n|-sidestart|p2: gettoon|move: Sticky Web\n|\n|upkeep\n|turn|3\n|\n|t:|1781455026\n|switch|p1a: Dugtrio|Dugtrio-Alola, L84, F|196/196\n|move|p2a: Chansey|Thunder Wave|p1a: Dugtrio\n|-immune|p1a: Dugtrio\n|\n|upkeep\n|turn|4\n|\n|t:|1781455035\n|switch|p2a: Swampert|Swampert, L83, F|302/302\n|-activate|p2a: Swampert|move: Sticky Web\n|-unboost|p2a: Swampert|spe|1\n|move|p1a: Dugtrio|Stealth Rock|p2a: Swampert\n|-sidestart|p2: gettoon|move: Stealth Rock\n|\n|upkeep\n|turn|5\n|inactive|stone douchebag has 120 seconds left.\n|\n|t:|1781455081\n|switch|p1a: Porygon2|Porygon2, L81|270/270\n|-ability|p1a: Porygon2|Download|boost\n|-boost|p1a: Porygon2|spa|1\n|move|p2a: Swampert|Flip Turn|p1a: Porygon2\n|-damage|p1a: Porygon2|221/270\n|inactive|gettoon has 120 seconds left.\n|\n|t:|1781455125\n|switch|p2a: Wigglytuff|Wigglytuff, L96, F|424/424|[from] Flip Turn\n|-activate|p2a: Wigglytuff|move: Sticky Web\n|-unboost|p2a: Wigglytuff|spe|1\n|-ability|p2a: Wigglytuff|Competitive|boost\n|-boost|p2a: Wigglytuff|spa|2\n|-damage|p2a: Wigglytuff|371/424|[from] Stealth Rock\n|\n|-heal|p2a: Wigglytuff|397/424|[from] item: Leftovers\n|upkeep\n|turn|6\n|\n|t:|1781455138\n|move|p1a: Porygon2|Tera Blast|p2a: Wigglytuff\n|-damage|p2a: Wigglytuff|225/424\n|move|p2a: Wigglytuff|Knock Off|p1a: Porygon2\n|-damage|p1a: Porygon2|174/270\n|-enditem|p1a: Porygon2|Eviolite|[from] move: Knock Off|[of] p2a: Wigglytuff\n|\n|-heal|p2a: Wigglytuff|251/424|[from] item: Leftovers\n|upkeep\n|turn|7\n|\n|t:|1781455143\n|move|p2a: Wigglytuff|Protect|p2a: Wigglytuff\n|-singleturn|p2a: Wigglytuff|Protect\n|move|p1a: Porygon2|Recover|p1a: Porygon2\n|-heal|p1a: Porygon2|270/270\n|\n|-heal|p2a: Wigglytuff|277/424|[from] item: Leftovers\n|upkeep\n|turn|8\n|\n|t:|1781455145\n|move|p1a: Porygon2|Tera Blast|p2a: Wigglytuff\n|-damage|p2a: Wigglytuff|103/424\n|move|p2a: Wigglytuff|Wish|p2a: Wigglytuff\n|\n|-heal|p2a: Wigglytuff|129/424|[from] item: Leftovers\n|upkeep\n|turn|9\n|\n|t:|1781455152\n|switch|p1a: Hoopa|Hoopa-Unbound, L80|259/259\n|move|p2a: Wigglytuff|Alluring Voice|p1a: Hoopa\n|-supereffective|p1a: Hoopa\n|-damage|p1a: Hoopa|35/259\n|\n|-heal|p2a: Wigglytuff|341/424|[from] move: Wish|[wisher] Wigglytuff\n|-heal|p2a: Wigglytuff|367/424|[from] item: Leftovers\n|upkeep\n|turn|10\n|n|!stone douchebag|stonedouchebag\n|\n|t:|1781455166\n|move|p1a: Hoopa|Hyperspace Fury|p2a: Wigglytuff\n|-resisted|p2a: Wigglytuff\n|-damage|p2a: Wigglytuff|265/424\n|-unboost|p1a: Hoopa|def|1\n|move|p2a: Wigglytuff|Knock Off|p1a: Hoopa\n|-damage|p1a: Hoopa|0 fnt\n|-enditem|p1a: Hoopa|Assault Vest|[from] move: Knock Off|[of] p2a: Wigglytuff\n|faint|p1a: Hoopa\n|\n|-heal|p2a: Wigglytuff|291/424|[from] item: Leftovers\n|upkeep\n|\n|t:|1781455170\n|switch|p1a: Porygon2|Porygon2, L81|270/270\n|-ability|p1a: Porygon2|Download|boost\n|-boost|p1a: Porygon2|atk|1\n|turn|11\n|\n|t:|1781455175\n|move|p2a: Wigglytuff|Protect|p2a: Wigglytuff\n|-singleturn|p2a: Wigglytuff|Protect\n|move|p1a: Porygon2|Tera Blast|p2a: Wigglytuff\n|-activate|p2a: Wigglytuff|move: Protect\n|\n|-heal|p2a: Wigglytuff|317/424|[from] item: Leftovers\n|upkeep\n|turn|12\n|-message|stone douchebag forfeited.\n|\n|win|gettoon\n", "inputlog": ">version a8376a258c1d4662feba110a92103f3664a72141\n>start {\"formatid\":\"gen9randombattle\",\"seed\":\"sodium,31ba543e50e43617a9433ae652d53083\",\"rated\":\"Rated battle\"}\n>player p1 {\"name\":\"stone douchebag\",\"avatar\":\"170\",\"rating\":1780,\"seed\":\"sodium,4d544e32eb563f10a15d0e3ce42e5c9a\"}\n>player p2 {\"name\":\"gettoon\",\"avatar\":\"brawly\",\"rating\":1721,\"seed\":\"sodium,f04400c2ebbf4f0b48c6898ee4f7a4da\"}\n>p1 switch 4\n>p2 move leafblade\n>p1 move stickyweb\n>p2 switch 4\n>p1 switch 6\n>p2 move thunderwave\n>p1 move stealthrock\n>p2 switch 6\n>p1 switch 5\n>p2 move flipturn\n>p2 switch 3\n>p1 move terablast\n>p2 move knockoff\n>p1 move recover\n>p2 move protect\n>p1 move terablast\n>p2 move wish\n>p1 switch 4\n>p2 move alluringvoice\n>chat \u2606stone douchebag|fuck you mean you dont spam wish\n>p1 move hyperspacefury\n>p2 move knockoff\n>p1 switch 4\n>p1 move terablast\n>p2 move protect\n>forcelose p1", "uploadtime": 1781455166, "views": 4, "formatid": "gen9randombattle", "rating": null, "private": 0, "password": null}