{"id": "gen9randombattle-2631982507", "format": "[Gen 9] Random Battle", "players": ["pagenfranskane", "Ze Memerr"], "log": "|j|\u2606pagenfranskane\n|j|\u2606Ze Memerr\n|t:|1781462559\n|gametype|singles\n|player|p1|pagenfranskane|battlegirl|1987\n|player|p2|Ze Memerr|101|1945\n|gen|9\n|tier|[Gen 9] Random Battle\n|rated|\n|rule|Species Clause: Limit one of each Pok\u00e9mon\n|rule|HP Percentage Mod: HP is shown in percentages\n|rule|Sleep Clause Mod: Limit one foe put to sleep\n|rule|Illusion Level Mod: Illusion disguises the Pok\u00e9mon's true level\n|\n|t:|1781462559\n|teamsize|p1|6\n|teamsize|p2|6\n|start\n|switch|p1a: Klefki|Klefki, L84, M|233/233\n|switch|p2a: Magcargo|Magcargo, L95, F|268/268\n|turn|1\n|inactive|Battle timer is ON: inactive players will automatically lose when time's up. (requested by Ze Memerr)\n|\n|t:|1781462566\n|move|p1a: Klefki|Thunder Wave|p2a: Magcargo\n|-status|p2a: Magcargo|par\n|cant|p2a: Magcargo|par\n|\n|upkeep\n|turn|2\n|\n|t:|1781462570\n|switch|p1a: Samurott|Samurott-Hisui, L77, F|265/265\n|move|p2a: Magcargo|Lava Plume|p1a: Samurott\n|-resisted|p1a: Samurott\n|-damage|p1a: Samurott|191/265\n|-status|p1a: Samurott|brn\n|\n|-damage|p1a: Samurott|175/265 brn|[from] brn\n|upkeep\n|turn|3\n|\n|t:|1781462580\n|switch|p2a: Komala|Komala, L88, F|258/258\n|-ability|p2a: Komala|Comatose\n|move|p1a: Samurott|Ceaseless Edge|p2a: Komala\n|-damage|p2a: Komala|182/258\n|-sidestart|p2: Ze Memerr|Spikes\n|\n|-damage|p1a: Samurott|159/265 brn|[from] brn\n|upkeep\n|turn|4\n|\n|t:|1781462589\n|move|p1a: Samurott|Ceaseless Edge|p2a: Komala\n|-damage|p2a: Komala|104/258\n|-sidestart|p2: Ze Memerr|Spikes\n|move|p2a: Komala|Rapid Spin|p1a: Samurott\n|-damage|p1a: Samurott|81/265 brn\n|-boost|p2a: Komala|spe|1\n|-sideend|p2: Ze Memerr|Spikes|[from] move: Rapid Spin|[of] p2a: Komala\n|\n|-damage|p1a: Samurott|65/265 brn|[from] brn\n|upkeep\n|turn|5\n|\n|t:|1781462597\n|switch|p1a: Okidogi|Okidogi, L77, M|262/262\n|move|p2a: Komala|Body Slam|p1a: Okidogi\n|-damage|p1a: Okidogi|165/262\n|\n|upkeep\n|turn|6\n|\n|t:|1781462606\n|switch|p2a: Medicham|Medicham, L86, M|243/243\n|move|p1a: Okidogi|Knock Off|p2a: Medicham\n|-damage|p2a: Medicham|158/243\n|-status|p2a: Medicham|tox|[from] ability: Toxic Chain|[of] p1a: Okidogi\n|-enditem|p2a: Medicham|Choice Band|[from] move: Knock Off|[of] p1a: Okidogi\n|\n|-damage|p2a: Medicham|143/243 tox|[from] psn\n|upkeep\n|turn|7\n|\n|t:|1781462623\n|switch|p1a: Staraptor|Staraptor, L79, F|263/263\n|move|p2a: Medicham|Close Combat|p1a: Staraptor\n|-damage|p1a: Staraptor|29/263\n|-unboost|p2a: Medicham|def|1\n|-unboost|p2a: Medicham|spd|1\n|\n|-damage|p2a: Medicham|113/243 tox|[from] psn\n|upkeep\n|turn|8\n|\n|t:|1781462630\n|switch|p2a: Magcargo|Magcargo, L95, F|268/268 par\n|move|p1a: Staraptor|Quick Attack|p2a: Magcargo\n|-resisted|p2a: Magcargo\n|-damage|p2a: Magcargo|245/268 par\n|\n|upkeep\n|turn|9\n|\n|t:|1781462637\n|switch|p1a: Samurott|Samurott-Hisui, L77, F|65/265 brn\n|move|p2a: Magcargo|Stealth Rock|p1a: Samurott\n|-sidestart|p1: pagenfranskane|move: Stealth Rock\n|\n|-damage|p1a: Samurott|49/265 brn|[from] brn\n|upkeep\n|turn|10\n|\n|t:|1781462644\n|switch|p2a: Komala|Komala, L88, F|104/258\n|-ability|p2a: Komala|Comatose\n|move|p1a: Samurott|Ceaseless Edge|p2a: Komala\n|-damage|p2a: Komala|20/258\n|-sidestart|p2: Ze Memerr|Spikes\n|\n|-damage|p1a: Samurott|33/265 brn|[from] brn\n|upkeep\n|turn|11\n|\n|t:|1781462659\n|move|p1a: Samurott|Ceaseless Edge|p2a: Komala\n|-crit|p2a: Komala\n|-damage|p2a: Komala|0 fnt\n|-sidestart|p2: Ze Memerr|Spikes\n|faint|p2a: Komala\n|\n|-damage|p1a: Samurott|17/265 brn|[from] brn\n|upkeep\n|inactive|Ze Memerr has 120 seconds left.\n|\n|t:|1781462693\n|switch|p2a: Samurott|Samurott, L88, F|310/310\n|-damage|p2a: Samurott|259/310|[from] Spikes\n|turn|12\n|inactive|pagenfranskane has 120 seconds left.\n|\n|t:|1781462734\n|move|p1a: Samurott|Ceaseless Edge|p2a: Samurott\n|-damage|p2a: Samurott|193/310\n|-sidestart|p2: Ze Memerr|Spikes\n|move|p2a: Samurott|Grass Knot|p1a: Samurott\n|-supereffective|p1a: Samurott\n|-damage|p1a: Samurott|0 fnt\n|faint|p1a: Samurott\n|\n|upkeep\n|\n|t:|1781462742\n|switch|p1a: Okidogi|Okidogi, L77, M|165/262\n|-damage|p1a: Okidogi|149/262|[from] Stealth Rock\n|turn|13\n|\n|t:|1781462751\n|move|p2a: Samurott|Hydro Pump|p1a: Okidogi\n|-damage|p1a: Okidogi|46/262\n|move|p1a: Okidogi|Drain Punch|p2a: Samurott\n|-crit|p2a: Samurott\n|-damage|p2a: Samurott|61/310\n|-heal|p1a: Okidogi|112/262|[from] drain|[of] p2a: Samurott\n|-status|p2a: Samurott|tox|[from] ability: Toxic Chain|[of] p1a: Okidogi\n|\n|-damage|p2a: Samurott|42/310 tox|[from] psn\n|upkeep\n|turn|14\n|\n|t:|1781462758\n|move|p2a: Samurott|Hydro Pump|p1a: Okidogi\n|-damage|p1a: Okidogi|0 fnt\n|faint|p1a: Okidogi\n|\n|-damage|p2a: Samurott|4/310 tox|[from] psn\n|upkeep\n|inactive|pagenfranskane has 120 seconds left.\n|\n|t:|1781462768\n|switch|p1a: Staraptor|Staraptor, L79, F|29/263\n|-damage|p1a: Staraptor|0 fnt|[from] Stealth Rock\n|faint|p1a: Staraptor\n|inactive|pagenfranskane has 120 seconds left.\n|\n|t:|1781462774\n|switch|p1a: Gogoat|Gogoat, L88, M|360/360\n|-damage|p1a: Gogoat|315/360|[from] Stealth Rock\n|turn|15\n|\n|t:|1781462779\n|move|p2a: Samurott|Knock Off|p1a: Gogoat\n|-crit|p1a: Gogoat\n|-damage|p1a: Gogoat|175/360\n|-enditem|p1a: Gogoat|Leftovers|[from] move: Knock Off|[of] p2a: Samurott\n|move|p1a: Gogoat|Bulk Up|p1a: Gogoat\n|-boost|p1a: Gogoat|atk|1\n|-boost|p1a: Gogoat|def|1\n|\n|-damage|p2a: Samurott|0 fnt|[from] psn\n|faint|p2a: Samurott\n|upkeep\n|\n|t:|1781462787\n|switch|p2a: Scovillain|Scovillain, L91, F|266/266\n|-damage|p2a: Scovillain|200/266|[from] Spikes\n|turn|16\n|\n|t:|1781462794\n|move|p2a: Scovillain|Flamethrower|p1a: Gogoat\n|-supereffective|p1a: Gogoat\n|-damage|p1a: Gogoat|0 fnt\n|faint|p1a: Gogoat\n|\n|-heal|p2a: Scovillain|216/266|[from] item: Leftovers\n|upkeep\n|\n|t:|1781462797\n|switch|p1a: Klefki|Klefki, L84, M|233/233\n|-damage|p1a: Klefki|219/233|[from] Stealth Rock\n|turn|17\n|\n|t:|1781462805\n|-terastallize|p1a: Klefki|Water\n|move|p1a: Klefki|Thunder Wave|p2a: Scovillain\n|-status|p2a: Scovillain|par\n|move|p2a: Scovillain|Flamethrower|p1a: Klefki\n|-resisted|p1a: Klefki\n|-damage|p1a: Klefki|153/233\n|\n|-heal|p1a: Klefki|167/233|[from] item: Leftovers\n|-heal|p2a: Scovillain|232/266 par|[from] item: Leftovers\n|upkeep\n|turn|18\n|\n|t:|1781462812\n|move|p1a: Klefki|Play Rough|p2a: Scovillain\n|-resisted|p2a: Scovillain\n|-damage|p2a: Scovillain|188/266 par\n|cant|p2a: Scovillain|par\n|\n|-heal|p1a: Klefki|181/233|[from] item: Leftovers\n|-heal|p2a: Scovillain|204/266 par|[from] item: Leftovers\n|upkeep\n|turn|19\n|\n|t:|1781462817\n|move|p1a: Klefki|Play Rough|p2a: Scovillain\n|-resisted|p2a: Scovillain\n|-damage|p2a: Scovillain|159/266 par\n|move|p2a: Scovillain|Leech Seed|p1a: Klefki\n|-start|p1a: Klefki|move: Leech Seed\n|\n|-heal|p1a: Klefki|195/233|[from] item: Leftovers\n|-heal|p2a: Scovillain|175/266 par|[from] item: Leftovers\n|-damage|p1a: Klefki|166/233|[from] Leech Seed|[of] p2a: Scovillain\n|-heal|p2a: Scovillain|204/266 par|[silent]\n|upkeep\n|turn|20\n|\n|t:|1781462823\n|cant|p2a: Scovillain|par\n|move|p1a: Klefki|Play Rough|p2a: Scovillain\n|-resisted|p2a: Scovillain\n|-damage|p2a: Scovillain|155/266 par\n|\n|-heal|p1a: Klefki|180/233|[from] item: Leftovers\n|-heal|p2a: Scovillain|171/266 par|[from] item: Leftovers\n|-damage|p1a: Klefki|151/233|[from] Leech Seed|[of] p2a: Scovillain\n|-heal|p2a: Scovillain|200/266 par|[silent]\n|upkeep\n|turn|21\n|\n|t:|1781462828\n|move|p2a: Scovillain|Protect|p2a: Scovillain\n|-singleturn|p2a: Scovillain|Protect\n|move|p1a: Klefki|Play Rough|p2a: Scovillain\n|-activate|p2a: Scovillain|move: Protect\n|\n|-heal|p1a: Klefki|165/233|[from] item: Leftovers\n|-heal|p2a: Scovillain|216/266 par|[from] item: Leftovers\n|-damage|p1a: Klefki|136/233|[from] Leech Seed|[of] p2a: Scovillain\n|-heal|p2a: Scovillain|245/266 par|[silent]\n|upkeep\n|turn|22\n|\n|t:|1781462834\n|switch|p1a: Chien-Pao|Chien-Pao, L72|234/234\n|-ability|p1a: Chien-Pao|Sword of Ruin\n|move|p2a: Scovillain|Substitute|p2a: Scovillain\n|-start|p2a: Scovillain|Substitute\n|-damage|p2a: Scovillain|179/266 par\n|\n|-heal|p2a: Scovillain|195/266 par|[from] item: Leftovers\n|upkeep\n|turn|23\n|\n|t:|1781462843\n|move|p1a: Chien-Pao|Swords Dance|p1a: Chien-Pao\n|-boost|p1a: Chien-Pao|atk|2\n|move|p2a: Scovillain|Flamethrower|p1a: Chien-Pao\n|-supereffective|p1a: Chien-Pao\n|-damage|p1a: Chien-Pao|0 fnt\n|faint|p1a: Chien-Pao\n|\n|-heal|p2a: Scovillain|211/266 par|[from] item: Leftovers\n|upkeep\n|-message|pagenfranskane forfeited.\n|\n|win|Ze Memerr\n", "uploadtime": 1781462560, "views": 3, "formatid": "gen9randombattle", "rating": null, "private": 0, "password": null}