{"id": "gen9randombattle-2631748910", "format": "[Gen 9] Random Battle", "players": ["llawlet", "22sty"], "log": "|j|\u2606llawlet\n|j|\u260622sty\n|t:|1781433350\n|gametype|singles\n|player|p1|llawlet|hilda|1175\n|player|p2|22sty|n|1218\n|gen|9\n|tier|[Gen 9] Random Battle\n|rated|\n|rule|Species Clause: Limit one of each Pok\u00e9mon\n|rule|HP Percentage Mod: HP is shown in percentages\n|rule|Sleep Clause Mod: Limit one foe put to sleep\n|rule|Illusion Level Mod: Illusion disguises the Pok\u00e9mon's true level\n|\n|t:|1781433350\n|teamsize|p1|6\n|teamsize|p2|6\n|start\n|switch|p1a: Kingambit|Kingambit, L74, F|270/270\n|switch|p2a: Noivern|Noivern, L82, F|274/274\n|turn|1\n|inactive|Battle timer is ON: inactive players will automatically lose when time's up. (requested by 22sty)\n|\n|t:|1781433366\n|-end|p1a: Kingambit|fallenundefined|[silent]\n|switch|p1a: Swampert|Swampert, L83, F|302/302\n|move|p2a: Noivern|Flamethrower|p1a: Swampert\n|-resisted|p1a: Swampert\n|-damage|p1a: Swampert|274/302\n|\n|-heal|p1a: Swampert|292/302|[from] item: Leftovers\n|upkeep\n|turn|2\n|\n|t:|1781433386\n|switch|p2a: Frosmoth|Frosmoth, L82, F|249/249\n|move|p1a: Swampert|Ice Beam|p2a: Frosmoth\n|-resisted|p2a: Frosmoth\n|-damage|p2a: Frosmoth|236/249\n|\n|-heal|p1a: Swampert|302/302|[from] item: Leftovers\n|upkeep\n|turn|3\n|\n|t:|1781433401\n|switch|p1a: Salazzle|Salazzle, L83, F|249/249\n|move|p2a: Frosmoth|Quiver Dance|p2a: Frosmoth\n|-boost|p2a: Frosmoth|spa|1\n|-boost|p2a: Frosmoth|spd|1\n|-boost|p2a: Frosmoth|spe|1\n|\n|upkeep\n|turn|4\n|\n|t:|1781433418\n|switch|p2a: Zangoose|Zangoose, L85, F|263/263\n|move|p1a: Salazzle|Flamethrower|p2a: Zangoose\n|-damage|p2a: Zangoose|121/263\n|-status|p2a: Zangoose|brn\n|\n|-damage|p2a: Zangoose|105/263 brn|[from] brn\n|upkeep\n|turn|5\n|\n|t:|1781433431\n|move|p2a: Zangoose|Quick Attack|p1a: Salazzle\n|-crit|p1a: Salazzle\n|-damage|p1a: Salazzle|195/249\n|move|p1a: Salazzle|Flamethrower|p2a: Zangoose\n|-damage|p2a: Zangoose|0 fnt\n|faint|p2a: Zangoose\n|\n|-heal|p1a: Salazzle|210/249|[from] item: Leftovers\n|upkeep\n|\n|t:|1781433447\n|switch|p2a: Espathra|Espathra, L80, F|283/283\n|turn|6\n|\n|t:|1781433467\n|switch|p1a: Kingambit|Kingambit, L74, F|270/270\n|move|p2a: Espathra|Dazzling Gleam|p1a: Kingambit\n|-damage|p1a: Kingambit|178/270\n|\n|-heal|p1a: Kingambit|194/270|[from] item: Leftovers\n|-ability|p2a: Espathra|Speed Boost|boost\n|-boost|p2a: Espathra|spe|1\n|upkeep\n|turn|7\n|\n|t:|1781433486\n|switch|p2a: Breloom|Breloom, L83, M|235/235\n|move|p1a: Kingambit|Kowtow Cleave|p2a: Breloom\n|-resisted|p2a: Breloom\n|-damage|p2a: Breloom|186/235\n|\n|-heal|p1a: Kingambit|210/270|[from] item: Leftovers\n|upkeep\n|turn|8\n|\n|t:|1781433498\n|-end|p1a: Kingambit|fallenundefined|[silent]\n|switch|p1a: Virizion|Virizion, L82|283/283\n|move|p2a: Breloom|Rock Tomb|p1a: Virizion\n|-resisted|p1a: Virizion\n|-damage|p1a: Virizion|222/283\n|-unboost|p1a: Virizion|spe|1\n|-damage|p2a: Breloom|163/235|[from] item: Life Orb\n|\n|upkeep\n|turn|9\n|\n|t:|1781433512\n|switch|p2a: Espathra|Espathra, L80, F|283/283\n|move|p1a: Virizion|Close Combat|p2a: Espathra\n|-resisted|p2a: Espathra\n|-damage|p2a: Espathra|178/283\n|-unboost|p1a: Virizion|def|1\n|-unboost|p1a: Virizion|spd|1\n|-damage|p1a: Virizion|194/283|[from] item: Life Orb\n|\n|upkeep\n|turn|10\n|\n|t:|1781433524\n|switch|p1a: Kingambit|Kingambit, L74, F|210/270\n|move|p2a: Espathra|Dazzling Gleam|p1a: Kingambit\n|-damage|p1a: Kingambit|113/270\n|\n|-heal|p1a: Kingambit|129/270|[from] item: Leftovers\n|-ability|p2a: Espathra|Speed Boost|boost\n|-boost|p2a: Espathra|spe|1\n|upkeep\n|turn|11\n|l|\u2606llawlet\n|inactive|llawlet disconnected and has a minute to reconnect!\n|player|p1|\n|j|\u2606llawlet\n|inactive|llawlet reconnected and has 120 seconds left.\n|player|p1|llawlet|hilda|\n|\n|t:|1781433550\n|switch|p2a: Breloom|Breloom, L83, M|163/235\n|move|p1a: Kingambit|Swords Dance|p1a: Kingambit\n|-boost|p1a: Kingambit|atk|2\n|\n|-heal|p1a: Kingambit|145/270|[from] item: Leftovers\n|upkeep\n|turn|12\n|inactive|llawlet has 120 seconds left.\n|\n|t:|1781433562\n|move|p2a: Breloom|Mach Punch|p1a: Kingambit\n|-supereffective|p1a: Kingambit\n|-damage|p1a: Kingambit|0 fnt\n|faint|p1a: Kingambit\n|-end|p1a: Kingambit|fallenundefined|[silent]\n|-damage|p2a: Breloom|140/235|[from] item: Life Orb\n|\n|upkeep\n|\n|t:|1781433570\n|switch|p1a: Ariados|Ariados, L95, F|287/287\n|turn|13\n|inactive|llawlet has 120 seconds left.\n|\n|t:|1781433576\n|move|p2a: Breloom|Rock Tomb|p1a: Ariados\n|-supereffective|p1a: Ariados\n|-damage|p1a: Ariados|87/287\n|-unboost|p1a: Ariados|spe|1\n|-damage|p2a: Breloom|117/235|[from] item: Life Orb\n|move|p1a: Ariados|Sticky Web|p2a: Breloom\n|-sidestart|p2: 22sty|move: Sticky Web\n|\n|upkeep\n|turn|14\n|inactive|llawlet has 120 seconds left.\n|\n|t:|1781433592\n|switch|p1a: Salazzle|Salazzle, L83, F|210/249\n|move|p2a: Breloom|Rock Tomb|p1a: Salazzle\n|-supereffective|p1a: Salazzle\n|-damage|p1a: Salazzle|0 fnt\n|faint|p1a: Salazzle\n|-damage|p2a: Breloom|94/235|[from] item: Life Orb\n|\n|upkeep\n|\n|t:|1781433602\n|switch|p1a: Kingdra|Kingdra, L84, M|263/263\n|turn|15\n|inactive|llawlet has 120 seconds left.\n|\n|t:|1781433615\n|move|p1a: Kingdra|Dragon Dance|p1a: Kingdra\n|-boost|p1a: Kingdra|atk|1\n|-boost|p1a: Kingdra|spe|1\n|move|p2a: Breloom|Rock Tomb|p1a: Kingdra\n|-damage|p1a: Kingdra|173/263\n|-unboost|p1a: Kingdra|spe|1\n|-damage|p2a: Breloom|71/235|[from] item: Life Orb\n|\n|upkeep\n|turn|16\n|\n|t:|1781433627\n|move|p1a: Kingdra|Dragon Dance|p1a: Kingdra\n|-boost|p1a: Kingdra|atk|1\n|-boost|p1a: Kingdra|spe|1\n|move|p2a: Breloom|Bullet Seed|p1a: Kingdra\n|-damage|p1a: Kingdra|113/263\n|-damage|p1a: Kingdra|53/263\n|-hitcount|p1a: Kingdra|2\n|-damage|p2a: Breloom|48/235|[from] item: Life Orb\n|\n|upkeep\n|turn|17\n|\n|t:|1781433637\n|move|p2a: Breloom|Mach Punch|p1a: Kingdra\n|-damage|p1a: Kingdra|0 fnt\n|faint|p1a: Kingdra\n|-damage|p2a: Breloom|25/235|[from] item: Life Orb\n|\n|upkeep\n|\n|t:|1781433648\n|switch|p1a: Virizion|Virizion, L82|194/283\n|turn|18\n|\n|t:|1781433658\n|move|p2a: Breloom|Mach Punch|p1a: Virizion\n|-damage|p1a: Virizion|73/283\n|-damage|p2a: Breloom|2/235|[from] item: Life Orb\n|move|p1a: Virizion|Leaf Blade|p2a: Breloom\n|-resisted|p2a: Breloom\n|-damage|p2a: Breloom|0 fnt\n|faint|p2a: Breloom\n|-damage|p1a: Virizion|45/283|[from] item: Life Orb\n|\n|upkeep\n|inactive|22sty has 120 seconds left.\n|\n|t:|1781433686\n|switch|p2a: Noivern|Noivern, L82, F|274/274\n|turn|19\n|\n|t:|1781433692\n|move|p2a: Noivern|Flamethrower|p1a: Virizion\n|-supereffective|p1a: Virizion\n|-damage|p1a: Virizion|0 fnt\n|faint|p1a: Virizion\n|\n|upkeep\n|\n|t:|1781433697\n|switch|p1a: Swampert|Swampert, L83, F|302/302\n|turn|20\n|\n|t:|1781433714\n|switch|p2a: Frosmoth|Frosmoth, L82, F|236/249\n|move|p1a: Swampert|Yawn|p2a: Frosmoth\n|-start|p2a: Frosmoth|move: Yawn|[of] p1a: Swampert\n|\n|upkeep\n|turn|21\n|\n|t:|1781433726\n|-terastallize|p1a: Swampert|Poison\n|move|p2a: Frosmoth|Giga Drain|p1a: Swampert\n|-resisted|p1a: Swampert\n|-damage|p1a: Swampert|272/302\n|-heal|p2a: Frosmoth|249/249|[from] drain|[of] p1a: Swampert\n|move|p1a: Swampert|Knock Off|p2a: Frosmoth\n|-damage|p2a: Frosmoth|151/249\n|-enditem|p2a: Frosmoth|Heavy-Duty Boots|[from] move: Knock Off|[of] p1a: Swampert\n|\n|-heal|p1a: Swampert|290/302|[from] item: Leftovers\n|-end|p2a: Frosmoth|move: Yawn|[silent]\n|-status|p2a: Frosmoth|slp\n|upkeep\n|turn|22\n|\n|t:|1781433744\n|switch|p2a: Espathra|Espathra, L80, F|178/283\n|-activate|p2a: Espathra|move: Sticky Web\n|-unboost|p2a: Espathra|spe|1\n|move|p1a: Swampert|Knock Off|p2a: Espathra\n|-supereffective|p2a: Espathra\n|-damage|p2a: Espathra|0 fnt\n|-enditem|p2a: Espathra|Choice Specs|[from] move: Knock Off|[of] p1a: Swampert\n|faint|p2a: Espathra\n|\n|-heal|p1a: Swampert|302/302|[from] item: Leftovers\n|upkeep\n|inactive|22sty has 120 seconds left.\n|\n|t:|1781433775\n|switch|p2a: Cyclizar|Cyclizar, L83, F|252/252\n|turn|23\n|\n|t:|1781433782\n|move|p2a: Cyclizar|Draco Meteor|p1a: Swampert\n|-damage|p1a: Swampert|175/302\n|-unboost|p2a: Cyclizar|spa|2\n|move|p1a: Swampert|Ice Beam|p2a: Cyclizar\n|-supereffective|p2a: Cyclizar\n|-damage|p2a: Cyclizar|98/252\n|\n|-heal|p1a: Swampert|193/302|[from] item: Leftovers\n|upkeep\n|turn|24\n|\n|t:|1781433798\n|switch|p2a: Frosmoth|Frosmoth, L82, F|151/249 slp\n|-activate|p2a: Frosmoth|move: Sticky Web\n|-unboost|p2a: Frosmoth|spe|1\n|move|p1a: Swampert|Ice Beam|p2a: Frosmoth\n|-resisted|p2a: Frosmoth\n|-damage|p2a: Frosmoth|136/249 slp\n|\n|-heal|p1a: Swampert|211/302|[from] item: Leftovers\n|upkeep\n|turn|25\n|\n|t:|1781433814\n|move|p1a: Swampert|Knock Off|p2a: Frosmoth\n|-damage|p2a: Frosmoth|66/249 slp\n|cant|p2a: Frosmoth|slp\n|\n|-heal|p1a: Swampert|229/302|[from] item: Leftovers\n|upkeep\n|turn|26\n|\n|t:|1781433822\n|move|p1a: Swampert|Knock Off|p2a: Frosmoth\n|-damage|p2a: Frosmoth|0 fnt\n|faint|p2a: Frosmoth\n|\n|-heal|p1a: Swampert|247/302|[from] item: Leftovers\n|upkeep\n|\n|t:|1781433840\n|switch|p2a: Cyclizar|Cyclizar, L83, F|182/252\n|turn|27\n|\n|t:|1781433845\n|move|p2a: Cyclizar|Draco Meteor|p1a: Swampert\n|-damage|p1a: Swampert|120/302\n|-unboost|p2a: Cyclizar|spa|2\n|move|p1a: Swampert|Ice Beam|p2a: Cyclizar\n|-supereffective|p2a: Cyclizar\n|-damage|p2a: Cyclizar|48/252\n|\n|-heal|p1a: Swampert|138/302|[from] item: Leftovers\n|upkeep\n|turn|28\n|\n|t:|1781433856\n|move|p2a: Cyclizar|Draco Meteor|p1a: Swampert\n|-damage|p1a: Swampert|75/302\n|-unboost|p2a: Cyclizar|spa|2\n|move|p1a: Swampert|Yawn|p2a: Cyclizar\n|-start|p2a: Cyclizar|move: Yawn|[of] p1a: Swampert\n|\n|-heal|p1a: Swampert|93/302|[from] item: Leftovers\n|upkeep\n|turn|29\n|\n|t:|1781433871\n|move|p2a: Cyclizar|Rapid Spin|p1a: Swampert\n|-damage|p1a: Swampert|44/302\n|-boost|p2a: Cyclizar|spe|1\n|-sideend|p2: 22sty|Sticky Web|[from] move: Rapid Spin|[of] p2a: Cyclizar\n|move|p1a: Swampert|Ice Beam|p2a: Cyclizar\n|-supereffective|p2a: Cyclizar\n|-damage|p2a: Cyclizar|0 fnt\n|faint|p2a: Cyclizar\n|\n|-heal|p1a: Swampert|62/302|[from] item: Leftovers\n|upkeep\n|\n|t:|1781433883\n|switch|p2a: Noivern|Noivern, L82, F|274/274\n|turn|30\n|\n|t:|1781433889\n|switch|p1a: Ariados|Ariados, L95, F|87/287\n|move|p2a: Noivern|Flamethrower|p1a: Ariados\n|-supereffective|p1a: Ariados\n|-damage|p1a: Ariados|0 fnt\n|faint|p1a: Ariados\n|\n|upkeep\n|\n|t:|1781433897\n|switch|p1a: Swampert|Swampert, L83, F, tera:Poison|62/302\n|turn|31\n|\n|t:|1781433905\n|-terastallize|p2a: Noivern|Fire\n|move|p2a: Noivern|Flamethrower|p1a: Swampert\n|-damage|p1a: Swampert|0 fnt\n|faint|p1a: Swampert\n|\n|win|22sty\n|raw|llawlet's rating: 1175 &rarr; <strong>1153</strong><br />(-22 for losing)\n|raw|22sty's rating: 1218 &rarr; <strong>1240</strong><br />(+22 for winning)\n", "inputlog": ">version a8376a258c1d4662feba110a92103f3664a72141\n>start {\"formatid\":\"gen9randombattle\",\"seed\":\"sodium,116b0f55df20af790a98cc0bf3b70fd2\",\"rated\":\"Rated battle\"}\n>player p1 {\"name\":\"llawlet\",\"avatar\":\"hilda\",\"rating\":1175,\"seed\":\"sodium,2f24c53c9ffe9deeb2bfbff629ebd371\"}\n>player p2 {\"name\":\"22sty\",\"avatar\":\"n\",\"rating\":1218,\"seed\":\"sodium,38cc04de527e631fc21692714521fb86\"}\n>p1 switch 5\n>p2 move flamethrower\n>p1 move icebeam\n>p2 switch 3\n>p1 switch 3\n>p2 move quiverdance\n>p1 move flamethrower\n>p2 switch 5\n>p1 move flamethrower\n>p2 move quickattack\n>p2 switch 2\n>p1 switch 5\n>p2 move dazzlinggleam\n>p1 move kowtowcleave\n>p2 switch 4\n>p1 switch 6\n>p2 move rocktomb\n>p1 move closecombat\n>p2 switch 4\n>p1 switch 6\n>p2 move dazzlinggleam\n>p1 move swordsdance\n>p2 switch 4\n>p1 move suckerpunch\n>p2 move machpunch\n>p1 switch 2\n>p1 move stickyweb\n>p2 move rocktomb\n>p1 switch 5\n>p2 move rocktomb\n>p1 switch 4\n>p1 move dragondance\n>p2 move rocktomb\n>p1 move dragondance\n>p2 move bulletseed\n>p1 move outrage\n>p2 move machpunch\n>p1 switch 6\n>p1 move leafblade\n>p2 move machpunch\n>p2 switch 3\n>p1 move stoneedge\n>p2 move flamethrower\n>p1 switch 3\n>p1 move yawn\n>p2 switch 5\n>p1 move knockoff terastallize\n>p2 move gigadrain\n>p1 move knockoff\n>p2 switch 4\n>p2 switch 6\n>p1 move icebeam\n>p2 move dracometeor\n>p1 move icebeam\n>p2 switch 4\n>p1 move knockoff\n>p2 move icebeam\n>p1 move knockoff\n>p2 move icebeam\n>p2 switch 4\n>p1 move icebeam\n>p2 move dracometeor\n>p1 move yawn\n>p2 move dracometeor\n>p1 move icebeam\n>p2 move rapidspin\n>p2 switch 5\n>p1 switch 5\n>p2 move flamethrower\n>p1 switch 5\n>p1 move yawn\n>p2 move flamethrower terastallize", "uploadtime": 1781433916, "views": 6, "formatid": "gen9randombattle", "rating": 1153, "private": 0, "password": null}