{"id": "gen9randombattle-2631414278", "format": "[Gen 9] Random Battle", "players": ["David07xd", "Satoshi36"], "log": "|j|\u2606David07xd\n|j|\u2606Satoshi36\n|t:|1781381768\n|gametype|singles\n|player|p1|David07xd|1|\n|player|p2|Satoshi36|ash-alola|\n|gen|9\n|tier|[Gen 9] Random Battle\n|rule|Species Clause: Limit one of each Pok\u00e9mon\n|rule|HP Percentage Mod: HP is shown in percentages\n|rule|Sleep Clause Mod: Limit one foe put to sleep\n|rule|Illusion Level Mod: Illusion disguises the Pok\u00e9mon's true level\n|\n|t:|1781381768\n|teamsize|p1|6\n|teamsize|p2|6\n|start\n|switch|p1a: Honchkrow|Honchkrow, L86, M|312/312\n|switch|p2a: Salazzle|Salazzle, L83, F|249/249\n|turn|1\n|l|\u2606David07xd\n|player|p1|\n|j|\u2606David07xd\n|player|p1|David07xd|1|\n|\n|t:|1781381800\n|move|p2a: Salazzle|Sludge Wave|p1a: Honchkrow\n|-damage|p1a: Honchkrow|158/312\n|move|p1a: Honchkrow|U-turn|p2a: Salazzle\n|-resisted|p2a: Salazzle\n|-damage|p2a: Salazzle|226/249\n|\n|t:|1781381812\n|switch|p1a: Lapras|Lapras, L87, M|367/367|[from] U-turn\n|\n|upkeep\n|turn|2\n|j| yuiluna\n|\n|t:|1781381840\n|switch|p2a: Tauros|Tauros-Paldea-Combat, L82, M|257/257\n|-ability|p2a: Tauros|Intimidate|boost\n|-unboost|p1a: Lapras|atk|1\n|move|p1a: Lapras|Dragon Dance|p1a: Lapras\n|-boost|p1a: Lapras|atk|1\n|-boost|p1a: Lapras|spe|1\n|\n|upkeep\n|turn|3\n|\n|t:|1781381859\n|switch|p1a: Alomomola|Alomomola, L87, M|429/429\n|move|p2a: Tauros|Throat Chop|p1a: Alomomola\n|-damage|p1a: Alomomola|339/429\n|-start|p1a: Alomomola|Throat Chop|[silent]\n|-damage|p2a: Tauros|215/257|[from] item: Rocky Helmet|[of] p1a: Alomomola\n|\n|upkeep\n|turn|4\n|\n|t:|1781381869\n|move|p2a: Tauros|Throat Chop|p1a: Alomomola\n|-damage|p1a: Alomomola|242/429\n|-damage|p2a: Tauros|173/257|[from] item: Rocky Helmet|[of] p1a: Alomomola\n|move|p1a: Alomomola|Flip Turn|p2a: Tauros\n|-damage|p2a: Tauros|127/257\n|\n|t:|1781381878\n|switch|p1a: Honchkrow|Honchkrow, L86, M|158/312|[from] Flip Turn\n|\n|upkeep\n|turn|5\n|\n|t:|1781381885\n|move|p2a: Tauros|Throat Chop|p1a: Honchkrow\n|-resisted|p1a: Honchkrow\n|-damage|p1a: Honchkrow|99/312\n|-start|p1a: Honchkrow|Throat Chop|[silent]\n|move|p1a: Honchkrow|Brave Bird|p2a: Tauros\n|-supereffective|p2a: Tauros\n|-damage|p2a: Tauros|0 fnt\n|faint|p2a: Tauros\n|-ability|p1a: Honchkrow|Moxie|boost\n|-boost|p1a: Honchkrow|atk|1\n|-damage|p1a: Honchkrow|57/312|[from] Recoil\n|\n|upkeep\n|\n|t:|1781381899\n|switch|p2a: Salazzle|Salazzle, L83, F|226/249\n|turn|6\n|\n|t:|1781381906\n|switch|p1a: Alomomola|Alomomola, L87, M|385/429\n|move|p2a: Salazzle|Sludge Wave|p1a: Alomomola\n|-damage|p1a: Alomomola|214/429\n|\n|upkeep\n|turn|7\n|\n|t:|1781381916\n|-terastallize|p2a: Salazzle|Grass\n|move|p1a: Alomomola|Protect|p1a: Alomomola\n|-singleturn|p1a: Alomomola|Protect\n|move|p2a: Salazzle|Tera Blast|p1a: Alomomola|[anim] Tera Blast Grass\n|-activate|p1a: Alomomola|move: Protect\n|\n|upkeep\n|turn|8\n|\n|t:|1781381924\n|move|p2a: Salazzle|Tera Blast|p1a: Alomomola|[anim] Tera Blast Grass\n|-supereffective|p1a: Alomomola\n|-damage|p1a: Alomomola|0 fnt\n|faint|p1a: Alomomola\n|\n|upkeep\n|\n|t:|1781381932\n|switch|p1a: Beartic|Beartic, L91, F|321/321\n|turn|9\n|\n|t:|1781381937\n|move|p2a: Salazzle|Fire Blast|p1a: Beartic\n|-supereffective|p1a: Beartic\n|-damage|p1a: Beartic|85/321\n|move|p1a: Beartic|Icicle Crash|p2a: Salazzle\n|-supereffective|p2a: Salazzle\n|-damage|p2a: Salazzle|0 fnt\n|faint|p2a: Salazzle\n|\n|upkeep\n|\n|t:|1781381943\n|switch|p2a: Tinkaton|Tinkaton, L82, F|274/274\n|-ability|p2a: Tinkaton|Mold Breaker\n|turn|10\n|\n|t:|1781381952\n|switch|p1a: Honchkrow|Honchkrow, L86, M|57/312\n|move|p2a: Tinkaton|Gigaton Hammer|p1a: Honchkrow\n|-damage|p1a: Honchkrow|0 fnt\n|faint|p1a: Honchkrow\n|\n|upkeep\n|\n|t:|1781381961\n|switch|p1a: Lapras|Lapras, L87, M|367/367\n|turn|11\n|\n|t:|1781381981\n|-terastallize|p1a: Lapras|Ground\n|move|p2a: Tinkaton|Play Rough|p1a: Lapras\n|-crit|p1a: Lapras\n|-damage|p1a: Lapras|243/367\n|move|p1a: Lapras|Dragon Dance|p1a: Lapras\n|-boost|p1a: Lapras|atk|1\n|-boost|p1a: Lapras|spe|1\n|\n|upkeep\n|turn|12\n|\n|t:|1781381994\n|move|p1a: Lapras|Earthquake|p2a: Tinkaton\n|-supereffective|p2a: Tinkaton\n|-damage|p2a: Tinkaton|0 fnt\n|faint|p2a: Tinkaton\n|\n|upkeep\n|\n|t:|1781382004\n|switch|p2a: Malamar|Malamar, L82, F|275/275\n|turn|13\n|\n|t:|1781382011\n|move|p1a: Lapras|Waterfall|p2a: Malamar\n|-damage|p2a: Malamar|140/275\n|move|p2a: Malamar|Knock Off|p1a: Lapras\n|-damage|p1a: Lapras|152/367\n|-enditem|p1a: Lapras|Loaded Dice|[from] move: Knock Off|[of] p2a: Malamar\n|\n|-heal|p2a: Malamar|157/275|[from] item: Leftovers\n|upkeep\n|turn|14\n|\n|t:|1781382020\n|move|p1a: Lapras|Dragon Dance|p1a: Lapras\n|-boost|p1a: Lapras|atk|1\n|-boost|p1a: Lapras|spe|1\n|move|p2a: Malamar|Superpower|p1a: Lapras\n|-damage|p1a: Lapras|67/367\n|-boost|p2a: Malamar|atk|1\n|-boost|p2a: Malamar|def|1\n|\n|-heal|p2a: Malamar|174/275|[from] item: Leftovers\n|upkeep\n|turn|15\n|\n|t:|1781382033\n|move|p1a: Lapras|Waterfall|p2a: Malamar\n|-damage|p2a: Malamar|56/275\n|move|p2a: Malamar|Knock Off|p1a: Lapras\n|-damage|p1a: Lapras|0 fnt\n|faint|p1a: Lapras\n|\n|-heal|p2a: Malamar|73/275|[from] item: Leftovers\n|upkeep\n|\n|t:|1781382044\n|switch|p1a: Beartic|Beartic, L91, F|85/321\n|turn|16\n|\n|t:|1781382082\n|move|p2a: Malamar|Rest|p2a: Malamar\n|-status|p2a: Malamar|slp|[from] move: Rest\n|-heal|p2a: Malamar|275/275 slp|[silent]\n|move|p1a: Beartic|Close Combat|p2a: Malamar\n|-damage|p2a: Malamar|157/275 slp\n|-unboost|p1a: Beartic|def|1\n|-unboost|p1a: Beartic|spd|1\n|\n|-heal|p2a: Malamar|174/275 slp|[from] item: Leftovers\n|upkeep\n|turn|17\n|\n|t:|1781382094\n|cant|p2a: Malamar|slp\n|move|p2a: Malamar|Sleep Talk|p2a: Malamar\n|move|p2a: Malamar|Rest||[from] move: Sleep Talk|[still]\n|-fail|p2a: Malamar\n|move|p1a: Beartic|Close Combat|p2a: Malamar\n|-damage|p2a: Malamar|51/275 slp\n|-unboost|p1a: Beartic|def|1\n|-unboost|p1a: Beartic|spd|1\n|\n|-heal|p2a: Malamar|68/275 slp|[from] item: Leftovers\n|upkeep\n|turn|18\n|\n|t:|1781382106\n|cant|p2a: Malamar|slp\n|move|p2a: Malamar|Sleep Talk|p2a: Malamar\n|move|p2a: Malamar|Superpower|p1a: Beartic|[from] move: Sleep Talk\n|-supereffective|p1a: Beartic\n|-damage|p1a: Beartic|0 fnt\n|-boost|p2a: Malamar|atk|1\n|-boost|p2a: Malamar|def|1\n|faint|p1a: Beartic\n|\n|-heal|p2a: Malamar|85/275 slp|[from] item: Leftovers\n|upkeep\n|\n|t:|1781382119\n|switch|p1a: Gardevoir|Gardevoir, L83, M|249/249\n|-ability|p1a: Gardevoir|Contrary|Trace|[from] ability: Trace|[of] p2a: Malamar\n|turn|19\n|\n|t:|1781382128\n|move|p1a: Gardevoir|Moonblast|p2a: Malamar\n|-supereffective|p2a: Malamar\n|-damage|p2a: Malamar|0 fnt\n|faint|p2a: Malamar\n|\n|upkeep\n|\n|t:|1781382144\n|switch|p2a: Tyranitar|Tyranitar, L78, M|284/284\n|-weather|Sandstorm|[from] ability: Sand Stream|[of] p2a: Tyranitar\n|turn|20\n|\n|t:|1781382150\n|move|p1a: Gardevoir|Moonblast|p2a: Tyranitar\n|-supereffective|p2a: Tyranitar\n|-damage|p2a: Tyranitar|128/284\n|-enditem|p2a: Tyranitar|Weakness Policy\n|-boost|p2a: Tyranitar|atk|2|[from] item: Weakness Policy\n|-boost|p2a: Tyranitar|spa|2|[from] item: Weakness Policy\n|move|p2a: Tyranitar|Ice Punch|p1a: Gardevoir\n|-damage|p1a: Gardevoir|91/249\n|\n|-weather|Sandstorm|[upkeep]\n|-damage|p1a: Gardevoir|76/249|[from] Sandstorm\n|upkeep\n|turn|21\n|\n|t:|1781382161\n|move|p1a: Gardevoir|Moonblast|p2a: Tyranitar\n|-supereffective|p2a: Tyranitar\n|-damage|p2a: Tyranitar|0 fnt\n|faint|p2a: Tyranitar\n|\n|-weather|Sandstorm|[upkeep]\n|-damage|p1a: Gardevoir|61/249|[from] Sandstorm\n|upkeep\n|\n|t:|1781382167\n|switch|p2a: Enamorus|Enamorus, L79, F|247/247\n|turn|22\n|\n|t:|1781382173\n|move|p1a: Gardevoir|Moonblast|p2a: Enamorus\n|-damage|p2a: Enamorus|115/247\n|move|p2a: Enamorus|Earth Power|p1a: Gardevoir\n|-damage|p1a: Gardevoir|0 fnt\n|faint|p1a: Gardevoir\n|\n|-weather|Sandstorm|[upkeep]\n|-damage|p2a: Enamorus|100/247|[from] Sandstorm\n|-heal|p2a: Enamorus|115/247|[from] item: Leftovers\n|upkeep\n|\n|t:|1781382184\n|switch|p1a: Bastiodon|Bastiodon, L89, F|252/252\n|turn|23\n|\n|t:|1781382194\n|move|p2a: Enamorus|Earth Power|p1a: Bastiodon\n|-supereffective|p1a: Bastiodon\n|-damage|p1a: Bastiodon|116/252\n|move|p1a: Bastiodon|Iron Defense|p1a: Bastiodon\n|-boost|p1a: Bastiodon|def|2\n|\n|-weather|Sandstorm|[upkeep]\n|-damage|p2a: Enamorus|100/247|[from] Sandstorm\n|-heal|p2a: Enamorus|115/247|[from] item: Leftovers\n|upkeep\n|turn|24\n|\n|t:|1781382206\n|move|p2a: Enamorus|Earth Power|p1a: Bastiodon\n|-supereffective|p1a: Bastiodon\n|-damage|p1a: Bastiodon|0 fnt\n|faint|p1a: Bastiodon\n|\n|win|Satoshi36\n|c|\u2606Satoshi36|eh\n", "inputlog": ">version a8376a258c1d4662feba110a92103f3664a72141\n>start {\"formatid\":\"gen9randombattle\",\"seed\":\"sodium,02c4d90daf463f2716849e1558b0c405\"}\n>player p1 {\"name\":\"David07xd\",\"avatar\":\"1\",\"rating\":0,\"seed\":\"sodium,1aef04745851f19b891769549cec38a2\"}\n>player p2 {\"name\":\"Satoshi36\",\"avatar\":\"ash-alola\",\"rating\":0,\"seed\":\"sodium,46043d8700d3c81a3c07f51f95d8f685\"}\n>p1 move uturn\n>p2 move sludgewave\n>p1 switch 4\n>p1 move dragondance\n>p2 switch 4\n>p1 switch 2\n>p2 move throatchop\n>p1 move flipturn\n>p2 move throatchop\n>p1 switch 4\n>p1 move bravebird\n>p2 move throatchop\n>p2 switch 4\n>p1 switch 4\n>p2 move sludgewave\n>p1 move protect\n>p2 move terablast terastallize\n>p1 move wish\n>p2 move terablast\n>p1 switch 6\n>p1 move iciclecrash\n>p2 move fireblast\n>p2 switch 5\n>p1 switch 4\n>p2 move gigatonhammer\n>p1 switch 2\n>p1 move dragondance terastallize\n>p2 move playrough\n>p1 move earthquake\n>p2 move gigatonhammer\n>p2 switch 6\n>p1 move waterfall\n>p2 move knockoff\n>p1 move dragondance\n>p2 move superpower\n>p1 move waterfall\n>p2 move knockoff\n>p1 switch 4\n>p1 move closecombat\n>p2 move rest\n>p1 move closecombat\n>p2 move sleeptalk\n>p1 move closecombat\n>p2 move sleeptalk\n>p1 switch 5\n>p1 move moonblast\n>p2 move rest\n>p2 switch 3\n>p1 move moonblast\n>p2 move icepunch\n>p1 move moonblast\n>p2 move icepunch\n>p2 switch 2\n>p1 move moonblast\n>p2 move earthpower\n>p1 switch 3\n>p1 move irondefense\n>p2 move earthpower\n>p1 move foulplay\n>p2 move earthpower", "uploadtime": 1781382214, "views": 11, "formatid": "gen9randombattle", "rating": null, "private": 0, "password": null}