{"id": "gen9randombattle-2631489960", "format": "[Gen 9] Random Battle", "players": ["Arsenal0394", "Lujay7"], "log": "|j|\u203dArsenal0394\n|j|\u2606Lujay7\n|t:|1781391602\n|gametype|singles\n|player|p1|Arsenal0394|169|2019\n|player|p2|Lujay7|265|2031\n|gen|9\n|tier|[Gen 9] Random Battle\n|rated|\n|rule|Species Clause: Limit one of each Pok\u00e9mon\n|rule|HP Percentage Mod: HP is shown in percentages\n|rule|Sleep Clause Mod: Limit one foe put to sleep\n|rule|Illusion Level Mod: Illusion disguises the Pok\u00e9mon's true level\n|\n|t:|1781391602\n|teamsize|p1|6\n|teamsize|p2|6\n|start\n|switch|p1a: Klawf|Klawf, L90, M|272/272\n|switch|p2a: Pawmot|Pawmot, L80, F|243/243\n|turn|1\n|inactive|Battle timer is ON: inactive players will automatically lose when time's up. (requested by Lujay7)\n|\n|t:|1781391615\n|move|p2a: Pawmot|Close Combat|p1a: Klawf\n|-supereffective|p1a: Klawf\n|-damage|p1a: Klawf|28/272\n|-unboost|p2a: Pawmot|def|1\n|-unboost|p2a: Pawmot|spd|1\n|-ability|p1a: Klawf|Anger Shell|boost\n|-boost|p1a: Klawf|atk|1\n|-boost|p1a: Klawf|spa|1\n|-boost|p1a: Klawf|spe|1\n|-unboost|p1a: Klawf|def|1\n|-unboost|p1a: Klawf|spd|1\n|-damage|p2a: Pawmot|219/243|[from] item: Life Orb\n|-enditem|p1a: Klawf|Sitrus Berry|[eat]\n|-heal|p1a: Klawf|96/272|[from] item: Sitrus Berry\n|move|p1a: Klawf|High Horsepower|p2a: Pawmot\n|-supereffective|p2a: Pawmot\n|-damage|p2a: Pawmot|0 fnt\n|faint|p2a: Pawmot\n|\n|upkeep\n|\n|t:|1781391626\n|switch|p2a: Sandaconda|Sandaconda, L84, F|258/258\n|turn|2\n|\n|t:|1781391633\n|-terastallize|p2a: Sandaconda|Dragon\n|move|p1a: Klawf|Knock Off|p2a: Sandaconda\n|-damage|p2a: Sandaconda|170/258\n|-enditem|p2a: Sandaconda|Loaded Dice|[from] move: Knock Off|[of] p1a: Klawf\n|move|p2a: Sandaconda|Earthquake|p1a: Klawf\n|-supereffective|p1a: Klawf\n|-damage|p1a: Klawf|0 fnt\n|faint|p1a: Klawf\n|\n|upkeep\n|\n|t:|1781391651\n|switch|p1a: Deoxys|Deoxys-Defense, L84|221/221\n|-ability|p1a: Deoxys|Pressure\n|turn|3\n|\n|t:|1781391661\n|switch|p2a: Bisharp|Bisharp, L79, F|232/232\n|move|p1a: Deoxys|Psychic Noise|p2a: Bisharp\n|-immune|p2a: Bisharp\n|\n|upkeep\n|turn|4\n|\n|t:|1781391668\n|move|p2a: Bisharp|Stealth Rock|p1a: Deoxys\n|-sidestart|p1: Arsenal0394|move: Stealth Rock\n|move|p1a: Deoxys|Teleport|p1a: Deoxys\n|\n|t:|1781391673\n|switch|p1a: Hitmonlee|Hitmonlee, L85, M|224/224|[from] Teleport\n|-damage|p1a: Hitmonlee|210/224|[from] Stealth Rock\n|\n|upkeep\n|turn|5\n|\n|t:|1781391687\n|switch|p2a: Sandaconda|Sandaconda, L84, F, tera:Dragon|170/258\n|move|p1a: Hitmonlee|Swords Dance|p1a: Hitmonlee\n|-boost|p1a: Hitmonlee|atk|2\n|\n|upkeep\n|turn|6\n|\n|t:|1781391700\n|move|p1a: Hitmonlee|Close Combat|p2a: Sandaconda\n|-damage|p2a: Sandaconda|0 fnt\n|-unboost|p1a: Hitmonlee|def|1\n|-unboost|p1a: Hitmonlee|spd|1\n|faint|p2a: Sandaconda\n|-enditem|p1a: Hitmonlee|White Herb\n|-clearnegativeboost|p1a: Hitmonlee|[silent]\n|\n|upkeep\n|\n|t:|1781391711\n|switch|p2a: Plusle|Plusle, L95, F|268/268\n|turn|7\n|\n|t:|1781391716\n|move|p1a: Hitmonlee|Close Combat|p2a: Plusle\n|-damage|p2a: Plusle|0 fnt\n|-unboost|p1a: Hitmonlee|def|1\n|-unboost|p1a: Hitmonlee|spd|1\n|faint|p2a: Plusle\n|\n|upkeep\n|\n|t:|1781391731\n|switch|p2a: Toedscruel|Toedscruel, L87, M|281/281\n|turn|8\n|\n|t:|1781391736\n|move|p1a: Hitmonlee|Close Combat|p2a: Toedscruel\n|-damage|p2a: Toedscruel|0 fnt\n|-unboost|p1a: Hitmonlee|def|1\n|-unboost|p1a: Hitmonlee|spd|1\n|faint|p2a: Toedscruel\n|\n|upkeep\n|\n|t:|1781391738\n|switch|p2a: Bisharp|Bisharp, L79, F|232/232\n|turn|9\n|\n|t:|1781391744\n|move|p2a: Bisharp|Sucker Punch|p1a: Hitmonlee\n|-resisted|p1a: Hitmonlee\n|-damage|p1a: Hitmonlee|95/224\n|move|p1a: Hitmonlee|Close Combat|p2a: Bisharp\n|-supereffective|p2a: Bisharp\n|-damage|p2a: Bisharp|0 fnt\n|-unboost|p1a: Hitmonlee|def|1\n|-unboost|p1a: Hitmonlee|spd|1\n|faint|p2a: Bisharp\n|\n|upkeep\n|inactive|Lujay7 has 120 seconds left.\n|\n|t:|1781391774\n|switch|p2a: Sceptile|Sceptile, L87, F|264/264\n|turn|10\n|\n|t:|1781391777\n|move|p1a: Hitmonlee|Close Combat|p2a: Sceptile\n|-damage|p2a: Sceptile|0 fnt\n|-unboost|p1a: Hitmonlee|def|1\n|-unboost|p1a: Hitmonlee|spd|1\n|faint|p2a: Sceptile\n|\n|win|Arsenal0394\n", "inputlog": ">version a8376a258c1d4662feba110a92103f3664a72141\n>start {\"formatid\":\"gen9randombattle\",\"seed\":\"sodium,0e19c17e70b24f35aa49149a136723b6\",\"rated\":\"Rated battle\"}\n>player p1 {\"name\":\"Arsenal0394\",\"avatar\":\"169\",\"rating\":2019,\"seed\":\"sodium,2571ee682270972c707cc9fab59c6544\"}\n>player p2 {\"name\":\"Lujay7\",\"avatar\":\"265\",\"rating\":2031,\"seed\":\"sodium,db513865e1435d2715da9c50ae5491fc\"}\n>p1 move highhorsepower\n>p2 move closecombat\n>p2 switch 6\n>p1 move knockoff\n>p2 move earthquake terastallize\n>p1 switch 2\n>p1 move psychicnoise\n>p2 switch 3\n>p1 move teleport\n>p2 move stealthrock\n>p1 switch 6\n>p1 move swordsdance\n>p2 switch 3\n>p1 move closecombat\n>p2 move scaleshot\n>p2 switch 5\n>p1 move closecombat\n>p2 move alluringvoice\n>p2 switch 2\n>p1 move closecombat\n>p2 move spore\n>p2 switch 3\n>p1 move closecombat\n>p2 move suckerpunch\n>p2 switch 4\n>p1 move closecombat\n>p2 move gigadrain", "uploadtime": 1781391604, "views": 4, "formatid": "gen9randombattle", "rating": null, "private": 0, "password": null}