{"id": "gen9randombattle-2631664497", "format": "[Gen 9] Random Battle", "players": ["Drumsticks17", "elvinyl"], "log": "|j|\u2606Drumsticks17\n|j|\u2606elvinyl\n|t:|1781417497\n|gametype|singles\n|player|p1|Drumsticks17|pokekid|1145\n|player|p2|elvinyl|hooligans|1210\n|gen|9\n|tier|[Gen 9] Random Battle\n|rated|\n|rule|Species Clause: Limit one of each Pok\u00e9mon\n|rule|HP Percentage Mod: HP is shown in percentages\n|rule|Sleep Clause Mod: Limit one foe put to sleep\n|rule|Illusion Level Mod: Illusion disguises the Pok\u00e9mon's true level\n|\n|t:|1781417497\n|teamsize|p1|6\n|teamsize|p2|6\n|start\n|switch|p1a: Dragapult|Dragapult, L77, M|262/262\n|switch|p2a: Girafarig|Girafarig, L89, F|269/269\n|turn|1\n|\n|t:|1781417506\n|move|p1a: Dragapult|Dragon Dance|p1a: Dragapult\n|-boost|p1a: Dragapult|atk|1\n|-boost|p1a: Dragapult|spe|1\n|move|p2a: Girafarig|Nasty Plot|p2a: Girafarig\n|-boost|p2a: Girafarig|spa|2\n|\n|upkeep\n|turn|2\n|\n|t:|1781417526\n|move|p1a: Dragapult|Dragon Darts|p2a: Girafarig\n|-crit|p2a: Girafarig\n|-damage|p2a: Girafarig|140/269\n|-anim|p1a: Dragapult|Dragon Darts|p2a: Girafarig\n|-damage|p2a: Girafarig|62/269\n|-damage|p1a: Dragapult|236/262|[from] item: Life Orb\n|move|p2a: Girafarig|Psyshock|p1a: Dragapult\n|-damage|p1a: Dragapult|0 fnt\n|faint|p1a: Dragapult\n|\n|upkeep\n|\n|t:|1781417575\n|switch|p1a: Espathra|Espathra, L80, M|283/283\n|turn|3\n|\n|t:|1781417586\n|move|p1a: Espathra|Calm Mind|p1a: Espathra\n|-boost|p1a: Espathra|spa|1\n|-boost|p1a: Espathra|spd|1\n|move|p2a: Girafarig|Thunderbolt|p1a: Espathra\n|-damage|p1a: Espathra|169/283\n|\n|-heal|p1a: Espathra|186/283|[from] item: Leftovers\n|-ability|p1a: Espathra|Speed Boost|boost\n|-boost|p1a: Espathra|spe|1\n|upkeep\n|turn|4\n|\n|t:|1781417610\n|move|p1a: Espathra|Dazzling Gleam|p2a: Girafarig\n|-damage|p2a: Girafarig|0 fnt\n|faint|p2a: Girafarig\n|\n|-heal|p1a: Espathra|203/283|[from] item: Leftovers\n|-ability|p1a: Espathra|Speed Boost|boost\n|-boost|p1a: Espathra|spe|1\n|upkeep\n|\n|t:|1781417623\n|switch|p2a: Tentacruel|Tentacruel, L84, F|272/272\n|turn|5\n|\n|t:|1781417637\n|switch|p1a: Donphan|Donphan, L84, F|288/288\n|move|p2a: Tentacruel|Knock Off|p1a: Donphan\n|-damage|p1a: Donphan|244/288\n|-enditem|p1a: Donphan|Leftovers|[from] move: Knock Off|[of] p2a: Tentacruel\n|\n|upkeep\n|turn|6\n|\n|t:|1781417647\n|move|p2a: Tentacruel|Surf|p1a: Donphan\n|-supereffective|p1a: Donphan\n|-damage|p1a: Donphan|22/288\n|move|p1a: Donphan|Rapid Spin|p2a: Tentacruel\n|-damage|p2a: Tentacruel|222/272\n|-boost|p1a: Donphan|spe|1\n|\n|-heal|p2a: Tentacruel|239/272|[from] item: Leftovers\n|upkeep\n|turn|7\n|\n|t:|1781417660\n|move|p2a: Tentacruel|Surf|p1a: Donphan\n|-supereffective|p1a: Donphan\n|-damage|p1a: Donphan|0 fnt\n|faint|p1a: Donphan\n|\n|-heal|p2a: Tentacruel|256/272|[from] item: Leftovers\n|upkeep\n|\n|t:|1781417675\n|switch|p1a: Espathra|Espathra, L80, M|203/283\n|turn|8\n|\n|t:|1781417679\n|move|p2a: Tentacruel|Knock Off|p1a: Espathra\n|-supereffective|p1a: Espathra\n|-damage|p1a: Espathra|47/283\n|-enditem|p1a: Espathra|Leftovers|[from] move: Knock Off|[of] p2a: Tentacruel\n|move|p1a: Espathra|Calm Mind|p1a: Espathra\n|-boost|p1a: Espathra|spa|1\n|-boost|p1a: Espathra|spd|1\n|\n|-heal|p2a: Tentacruel|272/272|[from] item: Leftovers\n|-ability|p1a: Espathra|Speed Boost|boost\n|-boost|p1a: Espathra|spe|1\n|upkeep\n|turn|9\n|\n|t:|1781417692\n|move|p1a: Espathra|Dazzling Gleam|p2a: Tentacruel\n|-resisted|p2a: Tentacruel\n|-damage|p2a: Tentacruel|239/272\n|move|p2a: Tentacruel|Knock Off|p1a: Espathra\n|-supereffective|p1a: Espathra\n|-damage|p1a: Espathra|0 fnt\n|faint|p1a: Espathra\n|\n|-heal|p2a: Tentacruel|256/272|[from] item: Leftovers\n|upkeep\n|\n|t:|1781417707\n|switch|p1a: Volbeat|Volbeat, L90, M|263/263\n|turn|10\n|\n|t:|1781417716\n|move|p1a: Volbeat|Thunder Wave|p2a: Tentacruel\n|-status|p2a: Tentacruel|par\n|move|p2a: Tentacruel|Toxic|p1a: Volbeat\n|-status|p1a: Volbeat|tox\n|\n|-heal|p2a: Tentacruel|272/272 par|[from] item: Leftovers\n|-damage|p1a: Volbeat|247/263 tox|[from] psn\n|upkeep\n|turn|11\n|\n|t:|1781417725\n|move|p1a: Volbeat|Encore|p2a: Tentacruel\n|-start|p2a: Tentacruel|Encore\n|move|p2a: Tentacruel|Toxic|p1a: Volbeat\n|-fail|p1a: Volbeat|tox\n|\n|-damage|p1a: Volbeat|215/263 tox|[from] psn\n|upkeep\n|turn|12\n|\n|t:|1781417742\n|switch|p2a: Coalossal|Coalossal, L89, F|341/341\n|move|p1a: Volbeat|Lunge|p2a: Coalossal\n|-resisted|p2a: Coalossal\n|-damage|p2a: Coalossal|311/341\n|-unboost|p2a: Coalossal|atk|1\n|\n|-damage|p1a: Volbeat|167/263 tox|[from] psn\n|upkeep\n|turn|13\n|\n|t:|1781417769\n|move|p1a: Volbeat|Lunge|p2a: Coalossal\n|-resisted|p2a: Coalossal\n|-damage|p2a: Coalossal|279/341\n|-unboost|p2a: Coalossal|atk|1\n|move|p2a: Coalossal|Flamethrower|p1a: Volbeat\n|-supereffective|p1a: Volbeat\n|-damage|p1a: Volbeat|0 fnt\n|faint|p1a: Volbeat\n|\n|upkeep\n|\n|t:|1781417794\n|switch|p1a: Rhyperior|Rhyperior, L82, F|323/323\n|turn|14\n|\n|t:|1781417810\n|switch|p2a: Squawkabilly|Squawkabilly, L85, F|278/278\n|move|p1a: Rhyperior|Earthquake|p2a: Squawkabilly\n|-immune|p2a: Squawkabilly\n|\n|-status|p2a: Squawkabilly|brn|[from] item: Flame Orb\n|upkeep\n|turn|15\n|\n|t:|1781417821\n|switch|p1a: Cobalion|Cobalion, L80|277/277\n|move|p2a: Squawkabilly|Facade|p1a: Cobalion\n|-resisted|p1a: Cobalion\n|-damage|p1a: Cobalion|188/277\n|\n|-heal|p1a: Cobalion|205/277|[from] item: Leftovers\n|-damage|p2a: Squawkabilly|261/278 brn|[from] brn\n|upkeep\n|turn|16\n|\n|t:|1781417858\n|move|p1a: Cobalion|Iron Head|p2a: Squawkabilly\n|-damage|p2a: Squawkabilly|150/278 brn\n|cant|p2a: Squawkabilly|flinch\n|\n|-heal|p1a: Cobalion|222/277|[from] item: Leftovers\n|-damage|p2a: Squawkabilly|133/278 brn|[from] brn\n|upkeep\n|turn|17\n|\n|t:|1781417874\n|switch|p1a: Rhyperior|Rhyperior, L82, F|323/323\n|move|p2a: Squawkabilly|Brave Bird|p1a: Rhyperior\n|-resisted|p1a: Rhyperior\n|-damage|p1a: Rhyperior|254/323\n|-damage|p2a: Squawkabilly|110/278 brn|[from] Recoil\n|\n|-damage|p2a: Squawkabilly|93/278 brn|[from] brn\n|upkeep\n|turn|18\n|\n|t:|1781417897\n|move|p2a: Squawkabilly|Facade|p1a: Rhyperior\n|-resisted|p1a: Rhyperior\n|-damage|p1a: Rhyperior|172/323\n|move|p1a: Rhyperior|Rock Polish|p1a: Rhyperior\n|-boost|p1a: Rhyperior|spe|2\n|\n|-damage|p2a: Squawkabilly|76/278 brn|[from] brn\n|upkeep\n|turn|19\n|\n|t:|1781417907\n|move|p1a: Rhyperior|Stone Edge|p2a: Squawkabilly|[miss]\n|-miss|p1a: Rhyperior|p2a: Squawkabilly\n|move|p2a: Squawkabilly|Facade|p1a: Rhyperior\n|-resisted|p1a: Rhyperior\n|-damage|p1a: Rhyperior|93/323\n|\n|-damage|p2a: Squawkabilly|59/278 brn|[from] brn\n|upkeep\n|turn|20\n|\n|t:|1781417920\n|-terastallize|p2a: Squawkabilly|Normal\n|move|p1a: Rhyperior|Stone Edge|p2a: Squawkabilly\n|-crit|p2a: Squawkabilly\n|-damage|p2a: Squawkabilly|0 fnt\n|faint|p2a: Squawkabilly\n|\n|upkeep\n|\n|t:|1781417929\n|switch|p2a: Coalossal|Coalossal, L89, F|279/341\n|turn|21\n|\n|t:|1781417935\n|move|p1a: Rhyperior|Earthquake|p2a: Coalossal\n|-supereffective|p2a: Coalossal\n|-damage|p2a: Coalossal|0 fnt\n|faint|p2a: Coalossal\n|\n|upkeep\n|\n|t:|1781417941\n|switch|p2a: Flutter Mane|Flutter Mane, L74|203/203\n|turn|22\n|\n|t:|1781417965\n|move|p2a: Flutter Mane|Psyshock|p1a: Rhyperior\n|-damage|p1a: Rhyperior|30/323\n|move|p1a: Rhyperior|Stone Edge|p2a: Flutter Mane\n|-damage|p2a: Flutter Mane|0 fnt\n|faint|p2a: Flutter Mane\n|-end|p2a: Flutter Mane|Protosynthesis|[silent]\n|\n|upkeep\n|\n|t:|1781417975\n|switch|p2a: Zekrom|Zekrom, L71|259/259\n|-ability|p2a: Zekrom|Teravolt\n|turn|23\n|\n|t:|1781417993\n|move|p1a: Rhyperior|Earthquake|p2a: Zekrom\n|-supereffective|p2a: Zekrom\n|-damage|p2a: Zekrom|17/259\n|move|p2a: Zekrom|Outrage|p1a: Rhyperior\n|-damage|p1a: Rhyperior|0 fnt\n|faint|p1a: Rhyperior\n|\n|-heal|p2a: Zekrom|33/259|[from] item: Leftovers\n|upkeep\n|\n|t:|1781418003\n|switch|p1a: Cobalion|Cobalion, L80|222/277\n|turn|24\n|\n|t:|1781418028\n|-terastallize|p1a: Cobalion|Fighting\n|move|p1a: Cobalion|Iron Head|p2a: Zekrom\n|-resisted|p2a: Zekrom\n|-crit|p2a: Zekrom\n|-damage|p2a: Zekrom|0 fnt\n|faint|p2a: Zekrom\n|\n|-heal|p1a: Cobalion|239/277|[from] item: Leftovers\n|upkeep\n|\n|t:|1781418036\n|switch|p2a: Tentacruel|Tentacruel, L84, F|272/272 par\n|turn|25\n|\n|t:|1781418044\n|move|p1a: Cobalion|Iron Head|p2a: Tentacruel\n|-resisted|p2a: Tentacruel\n|-damage|p2a: Tentacruel|229/272 par\n|move|p2a: Tentacruel|Toxic|p1a: Cobalion\n|-status|p1a: Cobalion|tox\n|\n|-heal|p1a: Cobalion|256/277 tox|[from] item: Leftovers\n|-heal|p2a: Tentacruel|246/272 par|[from] item: Leftovers\n|-damage|p1a: Cobalion|239/277 tox|[from] psn\n|upkeep\n|turn|26\n|\n|t:|1781418056\n|move|p1a: Cobalion|Swords Dance|p1a: Cobalion\n|-boost|p1a: Cobalion|atk|2\n|move|p2a: Tentacruel|Knock Off|p1a: Cobalion\n|-resisted|p1a: Cobalion\n|-damage|p1a: Cobalion|217/277 tox\n|-ability|p1a: Cobalion|Justified|boost\n|-boost|p1a: Cobalion|atk|1\n|-enditem|p1a: Cobalion|Leftovers|[from] move: Knock Off|[of] p2a: Tentacruel\n|\n|-heal|p2a: Tentacruel|263/272 par|[from] item: Leftovers\n|-damage|p1a: Cobalion|183/277 tox|[from] psn\n|upkeep\n|turn|27\n|\n|t:|1781418073\n|move|p1a: Cobalion|Iron Head|p2a: Tentacruel\n|-resisted|p2a: Tentacruel\n|-damage|p2a: Tentacruel|150/272 par\n|move|p2a: Tentacruel|Sludge Bomb|p1a: Cobalion\n|-damage|p1a: Cobalion|84/277 tox\n|\n|-heal|p2a: Tentacruel|167/272 par|[from] item: Leftovers\n|-damage|p1a: Cobalion|33/277 tox|[from] psn\n|upkeep\n|turn|28\n|\n|t:|1781418088\n|move|p1a: Cobalion|Close Combat|p2a: Tentacruel\n|-resisted|p2a: Tentacruel\n|-damage|p2a: Tentacruel|0 fnt\n|-unboost|p1a: Cobalion|def|1\n|-unboost|p1a: Cobalion|spd|1\n|faint|p2a: Tentacruel\n|\n|win|Drumsticks17\n|raw|Drumsticks17's rating: 1145 &rarr; <strong>1175</strong><br />(+30 for winning)\n|raw|elvinyl's rating: 1210 &rarr; <strong>1180</strong><br />(-30 for losing)\n|l|\u2606elvinyl\n|player|p2|\n", "inputlog": ">version a8376a258c1d4662feba110a92103f3664a72141\n>start {\"formatid\":\"gen9randombattle\",\"seed\":\"sodium,a51742d9eaf93b15b8625ff02e1f2889\",\"rated\":\"Rated battle\"}\n>player p1 {\"name\":\"Drumsticks17\",\"avatar\":\"pokekid\",\"rating\":1145,\"seed\":\"sodium,e620fe4e41d8dc86303d0160d4f7c627\"}\n>player p2 {\"name\":\"elvinyl\",\"avatar\":\"hooligans\",\"rating\":1210,\"seed\":\"sodium,0b0db12e6f6f356b570f386d8244d5f6\"}\n>p1 move dragondance\n>p2 move nastyplot\n>p1 move dragondarts\n>p2 move psyshock\n>p1 switch 2\n>p1 move calmmind\n>p2 move thunderbolt\n>p1 move dazzlinggleam\n>p2 move hypervoice\n>p2 switch 6\n>p1 switch 3\n>p2 move knockoff\n>p1 move rapidspin\n>p2 move surf\n>p1 move earthquake\n>p2 move surf\n>p1 switch 3\n>p1 move calmmind\n>p2 move knockoff\n>p1 move dazzlinggleam\n>p2 move knockoff\n>p1 switch 5\n>p1 move thunderwave\n>p2 move toxic\n>p1 move encore\n>p2 move sludgebomb\n>p1 move lunge\n>p2 switch 3\n>p1 move lunge\n>p2 move flamethrower\n>p1 switch 4\n>p1 move earthquake\n>p2 switch 4\n>p1 switch 6\n>p2 move facade\n>p1 move ironhead\n>p2 move bravebird\n>p1 switch 6\n>p2 move bravebird\n>p1 move rockpolish\n>p2 move facade\n>p1 move stoneedge\n>p2 move facade\n>p1 move stoneedge\n>p2 move facade terastallize\n>p2 switch 4\n>p1 move earthquake\n>p2 move stealthrock\n>p2 switch 2\n>p1 move stoneedge\n>p2 move psyshock\n>p2 switch 5\n>p1 move earthquake\n>p2 move outrage\n>p1 switch 6\n>p1 move ironhead terastallize\n>p2 move outrage\n>p2 switch 3\n>p1 move ironhead\n>p2 move toxic\n>p1 move swordsdance\n>p2 move knockoff\n>p1 move ironhead\n>p2 move sludgebomb\n>p1 move closecombat\n>p2 move sludgebomb", "uploadtime": 1781418103, "views": 11, "formatid": "gen9randombattle", "rating": 1175, "private": 0, "password": null}