{"id": "gen9randombattle-2631539870", "format": "[Gen 9] Random Battle", "players": ["LuCk1saSkill", "bluffmepls"], "log": "|j|\u2606LuCk1saSkill\n|j|\u2606bluffmepls\n|t:|1781398562\n|gametype|singles\n|player|p1|LuCk1saSkill|169|2125\n|player|p2|bluffmepls|266|2127\n|gen|9\n|tier|[Gen 9] Random Battle\n|rated|\n|rule|Species Clause: Limit one of each Pok\u00e9mon\n|rule|HP Percentage Mod: HP is shown in percentages\n|rule|Sleep Clause Mod: Limit one foe put to sleep\n|rule|Illusion Level Mod: Illusion disguises the Pok\u00e9mon's true level\n|\n|t:|1781398562\n|teamsize|p1|6\n|teamsize|p2|6\n|start\n|switch|p1a: Groudon|Groudon, L72|263/263\n|switch|p2a: Oinkologne|Oinkologne-F, L92, F|361/361\n|-weather|SunnyDay|[from] ability: Drought|[of] p1a: Groudon\n|turn|1\n|inactive|Battle timer is ON: inactive players will automatically lose when time's up. (requested by bluffmepls)\n|\n|t:|1781398569\n|move|p2a: Oinkologne|Curse|p2a: Oinkologne\n|-unboost|p2a: Oinkologne|spe|1\n|-boost|p2a: Oinkologne|atk|1\n|-boost|p2a: Oinkologne|def|1\n|move|p1a: Groudon|Thunder Wave|p2a: Oinkologne\n|-status|p2a: Oinkologne|par\n|\n|-weather|SunnyDay|[upkeep]\n|upkeep\n|turn|2\n|\n|t:|1781398572\n|switch|p1a: Pecharunt|Pecharunt, L77|262/262\n|cant|p2a: Oinkologne|par\n|\n|-weather|SunnyDay|[upkeep]\n|upkeep\n|turn|3\n|\n|t:|1781398578\n|switch|p1a: Orthworm|Orthworm, L88, M|266/266\n|move|p2a: Oinkologne|High Horsepower|p1a: Orthworm\n|-immune|p1a: Orthworm|[from] ability: Earth Eater\n|\n|-weather|SunnyDay|[upkeep]\n|upkeep\n|turn|4\n|\n|t:|1781398595\n|switch|p2a: Empoleon|Empoleon, L84, M|278/278\n|move|p1a: Orthworm|Coil|p1a: Orthworm\n|-boost|p1a: Orthworm|atk|1\n|-boost|p1a: Orthworm|def|1\n|-boost|p1a: Orthworm|accuracy|1\n|\n|-weather|SunnyDay|[upkeep]\n|upkeep\n|turn|5\n|inactive|bluffmepls has 120 seconds left.\n|\n|t:|1781398624\n|move|p1a: Orthworm|Body Press|p2a: Empoleon\n|-supereffective|p2a: Empoleon\n|-damage|p2a: Empoleon|16/278\n|move|p2a: Empoleon|Flip Turn|p1a: Orthworm\n|-damage|p1a: Orthworm|254/266\n|inactive|bluffmepls has 120 seconds left.\n|\n|t:|1781398631\n|switch|p2a: Hippowdon|Hippowdon, L82, M|311/311|[from] Flip Turn\n|-weather|Sandstorm|[from] ability: Sand Stream|[of] p2a: Hippowdon\n|\n|-weather|Sandstorm|[upkeep]\n|upkeep\n|turn|6\n|\n|t:|1781398634\n|move|p1a: Orthworm|Iron Tail|p2a: Hippowdon\n|-damage|p2a: Hippowdon|187/311\n|move|p2a: Hippowdon|Curse|p2a: Hippowdon\n|-unboost|p2a: Hippowdon|spe|1\n|-boost|p2a: Hippowdon|atk|1\n|-boost|p2a: Hippowdon|def|1\n|\n|-weather|Sandstorm|[upkeep]\n|-heal|p2a: Hippowdon|206/311|[from] item: Leftovers\n|upkeep\n|turn|7\n|\n|t:|1781398637\n|move|p1a: Orthworm|Coil|p1a: Orthworm\n|-boost|p1a: Orthworm|atk|1\n|-boost|p1a: Orthworm|def|1\n|-boost|p1a: Orthworm|accuracy|1\n|move|p2a: Hippowdon|Slack Off|p2a: Hippowdon\n|-heal|p2a: Hippowdon|311/311\n|\n|-weather|Sandstorm|[upkeep]\n|upkeep\n|turn|8\n|\n|t:|1781398638\n|move|p1a: Orthworm|Coil|p1a: Orthworm\n|-boost|p1a: Orthworm|atk|1\n|-boost|p1a: Orthworm|def|1\n|-boost|p1a: Orthworm|accuracy|1\n|move|p2a: Hippowdon|Curse|p2a: Hippowdon\n|-unboost|p2a: Hippowdon|spe|1\n|-boost|p2a: Hippowdon|atk|1\n|-boost|p2a: Hippowdon|def|1\n|\n|-weather|Sandstorm|[upkeep]\n|upkeep\n|turn|9\n|\n|t:|1781398641\n|move|p1a: Orthworm|Coil|p1a: Orthworm\n|-boost|p1a: Orthworm|atk|1\n|-boost|p1a: Orthworm|def|1\n|-boost|p1a: Orthworm|accuracy|1\n|move|p2a: Hippowdon|Curse|p2a: Hippowdon\n|-unboost|p2a: Hippowdon|spe|1\n|-boost|p2a: Hippowdon|atk|1\n|-boost|p2a: Hippowdon|def|1\n|\n|-weather|none\n|upkeep\n|turn|10\n|\n|t:|1781398642\n|move|p1a: Orthworm|Coil|p1a: Orthworm\n|-boost|p1a: Orthworm|atk|1\n|-boost|p1a: Orthworm|def|1\n|-boost|p1a: Orthworm|accuracy|1\n|move|p2a: Hippowdon|Curse|p2a: Hippowdon\n|-unboost|p2a: Hippowdon|spe|1\n|-boost|p2a: Hippowdon|atk|1\n|-boost|p2a: Hippowdon|def|1\n|\n|upkeep\n|turn|11\n|\n|t:|1781398644\n|move|p1a: Orthworm|Coil|p1a: Orthworm\n|-boost|p1a: Orthworm|atk|1\n|-boost|p1a: Orthworm|def|1\n|-boost|p1a: Orthworm|accuracy|1\n|move|p2a: Hippowdon|Curse|p2a: Hippowdon\n|-unboost|p2a: Hippowdon|spe|1\n|-boost|p2a: Hippowdon|atk|1\n|-boost|p2a: Hippowdon|def|1\n|\n|upkeep\n|turn|12\n|\n|t:|1781398646\n|move|p1a: Orthworm|Iron Tail|p2a: Hippowdon\n|-damage|p2a: Hippowdon|205/311\n|move|p2a: Hippowdon|Curse|p2a: Hippowdon\n|-unboost|p2a: Hippowdon|spe|1\n|-boost|p2a: Hippowdon|atk|1\n|-boost|p2a: Hippowdon|def|1\n|\n|-heal|p2a: Hippowdon|224/311|[from] item: Leftovers\n|upkeep\n|turn|13\n|\n|t:|1781398648\n|move|p1a: Orthworm|Iron Tail|p2a: Hippowdon\n|-damage|p2a: Hippowdon|133/311\n|move|p2a: Hippowdon|Slack Off|p2a: Hippowdon\n|-heal|p2a: Hippowdon|289/311\n|\n|-heal|p2a: Hippowdon|308/311|[from] item: Leftovers\n|upkeep\n|turn|14\n|\n|t:|1781398654\n|move|p1a: Orthworm|Iron Tail|p2a: Hippowdon\n|-damage|p2a: Hippowdon|224/311\n|move|p2a: Hippowdon|Stone Edge|p1a: Orthworm\n|-resisted|p1a: Orthworm\n|-crit|p1a: Orthworm\n|-damage|p1a: Orthworm|108/266\n|\n|-heal|p2a: Hippowdon|243/311|[from] item: Leftovers\n|upkeep\n|turn|15\n|\n|t:|1781398658\n|move|p1a: Orthworm|Iron Tail|p2a: Hippowdon\n|-damage|p2a: Hippowdon|152/311\n|-unboost|p2a: Hippowdon|def|1\n|move|p2a: Hippowdon|Stone Edge|p1a: Orthworm\n|-resisted|p1a: Orthworm\n|-damage|p1a: Orthworm|86/266\n|\n|-heal|p2a: Hippowdon|171/311|[from] item: Leftovers\n|upkeep\n|turn|16\n|\n|t:|1781398660\n|move|p1a: Orthworm|Iron Tail|p2a: Hippowdon\n|-damage|p2a: Hippowdon|77/311\n|-unboost|p2a: Hippowdon|def|1\n|move|p2a: Hippowdon|Slack Off|p2a: Hippowdon\n|-heal|p2a: Hippowdon|233/311\n|\n|-heal|p2a: Hippowdon|252/311|[from] item: Leftovers\n|upkeep\n|turn|17\n|\n|t:|1781398662\n|move|p1a: Orthworm|Iron Tail|p2a: Hippowdon\n|-damage|p2a: Hippowdon|141/311\n|move|p2a: Hippowdon|Stone Edge|p1a: Orthworm\n|-resisted|p1a: Orthworm\n|-crit|p1a: Orthworm\n|-damage|p1a: Orthworm|0 fnt\n|faint|p1a: Orthworm\n|\n|-heal|p2a: Hippowdon|160/311|[from] item: Leftovers\n|upkeep\n|\n|t:|1781398666\n|switch|p1a: Gengar|Gengar, L81, F|230/230\n|turn|18\n|\n|t:|1781398671\n|switch|p2a: Empoleon|Empoleon, L84, M|16/278\n|move|p1a: Gengar|Shadow Ball|p2a: Empoleon\n|-damage|p2a: Empoleon|0 fnt\n|faint|p2a: Empoleon\n|-damage|p1a: Gengar|207/230|[from] item: Life Orb\n|\n|upkeep\n|\n|t:|1781398675\n|switch|p2a: Oinkologne|Oinkologne-F, L92, F|361/361 par\n|turn|19\n|\n|t:|1781398684\n|switch|p1a: Cyclizar|Cyclizar, L83, F|252/252\n|move|p2a: Oinkologne|High Horsepower|p1a: Cyclizar\n|-damage|p1a: Cyclizar|152/252\n|\n|upkeep\n|turn|20\n|\n|t:|1781398699\n|move|p1a: Cyclizar|Shed Tail|p1a: Cyclizar\n|-start|p1a: Cyclizar|Substitute|[from] move: Shed Tail\n|-damage|p1a: Cyclizar|26/252\n|\n|t:|1781398702\n|switch|p1a: Gengar|Gengar, L81, F|207/230|[from] Shed Tail\n|move|p2a: Oinkologne|High Horsepower|p1a: Gengar\n|-supereffective|p1a: Gengar\n|-crit|p1a: Gengar\n|-end|p1a: Gengar|Substitute\n|\n|upkeep\n|turn|21\n|\n|t:|1781398708\n|move|p1a: Gengar|Focus Blast|p2a: Oinkologne|[miss]\n|-miss|p1a: Gengar|p2a: Oinkologne\n|cant|p2a: Oinkologne|par\n|\n|upkeep\n|turn|22\n|\n|t:|1781398712\n|move|p1a: Gengar|Focus Blast|p2a: Oinkologne|[miss]\n|-miss|p1a: Gengar|p2a: Oinkologne\n|move|p2a: Oinkologne|High Horsepower|p1a: Gengar\n|-supereffective|p1a: Gengar\n|-damage|p1a: Gengar|0 fnt\n|faint|p1a: Gengar\n|\n|upkeep\n|-message|LuCk1saSkill forfeited.\n|\n|win|bluffmepls\n", "inputlog": ">version a8376a258c1d4662feba110a92103f3664a72141\n>start {\"formatid\":\"gen9randombattle\",\"seed\":\"sodium,48d5b1a80fbc4c08b4258b4d548b981f\",\"rated\":\"Rated battle\"}\n>player p1 {\"name\":\"LuCk1saSkill\",\"avatar\":\"169\",\"rating\":2125,\"seed\":\"sodium,29563da02d8d5b5f4dfd67729f33a5dc\"}\n>player p2 {\"name\":\"bluffmepls\",\"avatar\":\"266\",\"rating\":2127,\"seed\":\"sodium,b919bcf0ddf2203e49ca7ac064cc2e31\"}\n>p1 move thunderwave\n>p2 move curse\n>p1 switch 4\n>p2 move bodyslam\n>p1 switch 6\n>p2 move highhorsepower\n>p1 move coil\n>p2 switch 3\n>p1 move bodypress\n>p2 move flipturn\n>p2 switch 4\n>p1 move irontail\n>p2 move curse\n>p1 move coil\n>p2 move slackoff\n>p1 move coil\n>p2 move curse\n>p1 move coil\n>p2 move curse\n>p1 move coil\n>p2 move curse\n>p1 move coil\n>p2 move curse\n>p1 move irontail\n>p2 move curse\n>p1 move irontail\n>p2 move slackoff\n>p1 move irontail\n>p2 move stoneedge\n>p1 move irontail\n>p2 move stoneedge\n>p1 move irontail\n>p2 move slackoff\n>p1 move irontail\n>p2 move stoneedge\n>p1 switch 5\n>p1 move shadowball\n>p2 switch 4\n>p2 switch 3\n>p1 switch 3\n>p2 move highhorsepower\n>p1 move shedtail\n>p2 move highhorsepower\n>p1 switch 3\n>p1 move focusblast\n>p2 move highhorsepower\n>p1 move focusblast\n>p2 move highhorsepower\n>forcelose p1", "uploadtime": 1781398565, "views": 8, "formatid": "gen9randombattle", "rating": null, "private": 0, "password": null}