{"id": "gen9randombattle-2631382022", "format": "[Gen 9] Random Battle", "players": ["soap_trusted_you", "knawtchogirl"], "log": "|j|\u2606soap_trusted_you\n|j|\u2606knawtchogirl\n|t:|1781378028\n|gametype|singles\n|player|p1|soap_trusted_you|worker|1900\n|player|p2|knawtchogirl|skyla|1916\n|gen|9\n|tier|[Gen 9] Random Battle\n|rated|\n|rule|Species Clause: Limit one of each Pok\u00e9mon\n|rule|HP Percentage Mod: HP is shown in percentages\n|rule|Sleep Clause Mod: Limit one foe put to sleep\n|rule|Illusion Level Mod: Illusion disguises the Pok\u00e9mon's true level\n|\n|t:|1781378028\n|teamsize|p1|6\n|teamsize|p2|6\n|start\n|switch|p1a: Glalie|Glalie, L96, M|309/309\n|switch|p2a: Beartic|Beartic, L91, M|321/321\n|turn|1\n|inactive|Battle timer is ON: inactive players will automatically lose when time's up. (requested by soap_trusted_you)\n|inactive|knawtchogirl has 120 seconds left.\n|\n|t:|1781378084\n|move|p1a: Glalie|Taunt|p2a: Beartic\n|-start|p2a: Beartic|move: Taunt\n|move|p2a: Beartic|Earthquake|p1a: Glalie\n|-damage|p1a: Glalie|210/309\n|\n|upkeep\n|turn|2\n|\n|t:|1781378091\n|move|p1a: Glalie|Spikes|p2a: Beartic\n|-sidestart|p2: knawtchogirl|Spikes\n|move|p2a: Beartic|Earthquake|p1a: Glalie\n|-damage|p1a: Glalie|117/309\n|\n|upkeep\n|turn|3\n|\n|t:|1781378100\n|switch|p1a: Arceus|Arceus-Fighting, L70|284/284\n|move|p2a: Beartic|Earthquake|p1a: Arceus\n|-damage|p1a: Arceus|182/284\n|\n|-end|p2a: Beartic|move: Taunt\n|upkeep\n|turn|4\n|\n|t:|1781378104\n|switch|p2a: Granbull|Granbull, L88, M|302/302\n|-damage|p2a: Granbull|265/302|[from] Spikes\n|-ability|p2a: Granbull|Intimidate|boost\n|-unboost|p1a: Arceus|atk|1\n|move|p1a: Arceus|Cosmic Power|p1a: Arceus\n|-boost|p1a: Arceus|def|1\n|-boost|p1a: Arceus|spd|1\n|\n|-heal|p2a: Granbull|283/302|[from] item: Leftovers\n|upkeep\n|turn|5\n|\n|t:|1781378113\n|switch|p1a: Luxray|Luxray, L88, M|283/283\n|move|p2a: Granbull|Thunder Wave|p1a: Luxray\n|-immune|p1a: Luxray\n|\n|-heal|p2a: Granbull|301/302|[from] item: Leftovers\n|-status|p1a: Luxray|brn|[from] item: Flame Orb\n|upkeep\n|turn|6\n|\n|t:|1781378128\n|move|p1a: Luxray|Supercell Slam|p2a: Granbull\n|-damage|p2a: Granbull|72/302\n|move|p2a: Granbull|Earthquake|p1a: Luxray\n|-supereffective|p1a: Luxray\n|-damage|p1a: Luxray|101/283 brn\n|\n|-heal|p2a: Granbull|90/302|[from] item: Leftovers\n|-damage|p1a: Luxray|84/283 brn|[from] brn\n|upkeep\n|turn|7\n|\n|t:|1781378138\n|switch|p2a: Camerupt|Camerupt, L91, M|275/275\n|-damage|p2a: Camerupt|241/275|[from] Spikes\n|move|p1a: Luxray|Facade|p2a: Camerupt\n|-damage|p2a: Camerupt|34/275\n|\n|-heal|p2a: Camerupt|51/275|[from] item: Leftovers\n|-damage|p1a: Luxray|67/283 brn|[from] brn\n|upkeep\n|turn|8\n|\n|t:|1781378144\n|move|p1a: Luxray|Trailblaze|p2a: Camerupt\n|-damage|p2a: Camerupt|0 fnt\n|-boost|p1a: Luxray|spe|1\n|faint|p2a: Camerupt\n|\n|-damage|p1a: Luxray|50/283 brn|[from] brn\n|upkeep\n|\n|t:|1781378151\n|switch|p2a: Granbull|Granbull, L88, M|90/302\n|-damage|p2a: Granbull|53/302|[from] Spikes\n|-ability|p2a: Granbull|Intimidate|boost\n|-unboost|p1a: Luxray|atk|1\n|turn|9\n|\n|t:|1781378156\n|move|p1a: Luxray|Facade|p2a: Granbull\n|-damage|p2a: Granbull|0 fnt\n|faint|p2a: Granbull\n|\n|-damage|p1a: Luxray|33/283 brn|[from] brn\n|upkeep\n|\n|t:|1781378161\n|switch|p2a: Beartic|Beartic, L91, M|321/321\n|turn|10\n|\n|t:|1781378168\n|-terastallize|p2a: Beartic|Ground\n|move|p1a: Luxray|Supercell Slam|p2a: Beartic\n|-immune|p2a: Beartic\n|-damage|p1a: Luxray|0 fnt|[from] supercellslam\n|faint|p1a: Luxray\n|move|p2a: Beartic|Swords Dance|p2a: Beartic\n|-boost|p2a: Beartic|atk|2\n|\n|upkeep\n|\n|t:|1781378174\n|switch|p1a: Minun|Minun, L95, M|268/268\n|turn|11\n|\n|t:|1781378183\n|move|p1a: Minun|Encore|p2a: Beartic\n|-start|p2a: Beartic|Encore\n|move|p2a: Beartic|Swords Dance|p2a: Beartic\n|-boost|p2a: Beartic|atk|2\n|\n|upkeep\n|turn|12\n|\n|t:|1781378190\n|switch|p2a: Tatsugiri|Tatsugiri, L87, M|260/260\n|move|p1a: Minun|Nasty Plot|p1a: Minun\n|-boost|p1a: Minun|spa|2\n|\n|upkeep\n|turn|13\n|\n|t:|1781378193\n|move|p1a: Minun|Thunderbolt|p2a: Tatsugiri\n|-damage|p2a: Tatsugiri|33/260\n|-status|p2a: Tatsugiri|par\n|-damage|p1a: Minun|242/268|[from] item: Life Orb\n|move|p2a: Tatsugiri|Rapid Spin|p1a: Minun\n|-damage|p1a: Minun|209/268\n|-boost|p2a: Tatsugiri|spe|1\n|-sideend|p2: knawtchogirl|Spikes|[from] move: Rapid Spin|[of] p2a: Tatsugiri\n|\n|upkeep\n|turn|14\n|\n|t:|1781378200\n|move|p1a: Minun|Thunderbolt|p2a: Tatsugiri\n|-damage|p2a: Tatsugiri|0 fnt\n|faint|p2a: Tatsugiri\n|-damage|p1a: Minun|183/268|[from] item: Life Orb\n|\n|upkeep\n|\n|t:|1781378203\n|switch|p2a: Regidrago|Regidrago, L77|435/435\n|turn|15\n|\n|t:|1781378206\n|switch|p1a: Glalie|Glalie, L96, M|117/309\n|move|p2a: Regidrago|Dragon Energy|p1a: Glalie\n|-damage|p1a: Glalie|0 fnt\n|faint|p1a: Glalie\n|\n|upkeep\n|\n|t:|1781378217\n|switch|p1a: Tsareena|Tsareena, L87, F|267/267\n|turn|16\n|\n|t:|1781378224\n|switch|p2a: Arceus|Arceus-Fighting, L70|284/284\n|move|p1a: Tsareena|Triple Axel|p2a: Arceus\n|-damage|p2a: Arceus|267/284\n|-damage|p2a: Arceus|234/284\n|-damage|p2a: Arceus|184/284\n|-hitcount|p2a: Arceus|3\n|\n|upkeep\n|turn|17\n|\n|t:|1781378232\n|move|p2a: Arceus|Iron Defense|p2a: Arceus\n|-boost|p2a: Arceus|def|2\n|move|p1a: Tsareena|U-turn|p2a: Arceus\n|-resisted|p2a: Arceus\n|-damage|p2a: Arceus|170/284\n|\n|t:|1781378234\n|switch|p1a: Minun|Minun, L95, M|183/268|[from] U-turn\n|\n|upkeep\n|turn|18\n|\n|t:|1781378239\n|switch|p2a: Beartic|Beartic, L91, M, tera:Ground|321/321\n|move|p1a: Minun|Grass Knot|p2a: Beartic\n|-supereffective|p2a: Beartic\n|-damage|p2a: Beartic|82/321\n|-damage|p1a: Minun|157/268|[from] item: Life Orb\n|\n|upkeep\n|turn|19\n|\n|t:|1781378246\n|move|p1a: Minun|Grass Knot|p2a: Beartic\n|-supereffective|p2a: Beartic\n|-damage|p2a: Beartic|0 fnt\n|faint|p2a: Beartic\n|-damage|p1a: Minun|131/268|[from] item: Life Orb\n|\n|upkeep\n|\n|t:|1781378247\n|switch|p2a: Regidrago|Regidrago, L77|435/435\n|turn|20\n|\n|t:|1781378252\n|switch|p1a: Tsareena|Tsareena, L87, F|267/267\n|move|p2a: Regidrago|Dragon Energy|p1a: Tsareena\n|-damage|p1a: Tsareena|152/267\n|\n|upkeep\n|turn|21\n|\n|t:|1781378261\n|move|p2a: Regidrago|Dragon Energy|p1a: Tsareena\n|-crit|p1a: Tsareena\n|-damage|p1a: Tsareena|0 fnt\n|faint|p1a: Tsareena\n|\n|upkeep\n|\n|t:|1781378275\n|switch|p1a: Arceus|Arceus-Fighting, L70|182/284\n|turn|22\n|\n|t:|1781378282\n|-terastallize|p1a: Arceus|Steel\n|move|p2a: Regidrago|Dragon Energy|p1a: Arceus\n|-resisted|p1a: Arceus\n|-damage|p1a: Arceus|80/284\n|move|p1a: Arceus|Recover|p1a: Arceus\n|-heal|p1a: Arceus|222/284\n|\n|upkeep\n|turn|23\n|\n|t:|1781378286\n|switch|p2a: Arceus|Arceus-Fighting, L70|170/284\n|move|p1a: Arceus|Cosmic Power|p1a: Arceus\n|-boost|p1a: Arceus|def|1\n|-boost|p1a: Arceus|spd|1\n|\n|upkeep\n|turn|24\n|\n|t:|1781378295\n|move|p2a: Arceus|Body Press|p1a: Arceus\n|-supereffective|p1a: Arceus\n|-damage|p1a: Arceus|114/284\n|move|p1a: Arceus|Cosmic Power|p1a: Arceus\n|-boost|p1a: Arceus|def|1\n|-boost|p1a: Arceus|spd|1\n|\n|upkeep\n|turn|25\n|\n|t:|1781378300\n|move|p2a: Arceus|Iron Defense|p2a: Arceus\n|-boost|p2a: Arceus|def|2\n|move|p1a: Arceus|Recover|p1a: Arceus\n|-heal|p1a: Arceus|256/284\n|\n|upkeep\n|turn|26\n|\n|t:|1781378303\n|move|p1a: Arceus|Stored Power|p2a: Arceus\n|-supereffective|p2a: Arceus\n|-damage|p2a: Arceus|50/284\n|move|p2a: Arceus|Body Press|p1a: Arceus\n|-supereffective|p1a: Arceus\n|-damage|p1a: Arceus|86/284\n|\n|upkeep\n|turn|27\n|\n|t:|1781378308\n|move|p2a: Arceus|Body Press|p1a: Arceus\n|-supereffective|p1a: Arceus\n|-damage|p1a: Arceus|0 fnt\n|faint|p1a: Arceus\n|\n|upkeep\n|\n|t:|1781378311\n|switch|p1a: Minun|Minun, L95, M|131/268\n|turn|28\n|\n|t:|1781378314\n|move|p1a: Minun|Thunderbolt|p2a: Arceus\n|-damage|p2a: Arceus|0 fnt\n|faint|p2a: Arceus\n|-damage|p1a: Minun|105/268|[from] item: Life Orb\n|\n|upkeep\n|\n|t:|1781378316\n|switch|p2a: Regidrago|Regidrago, L77|435/435\n|turn|29\n|\n|t:|1781378319\n|move|p2a: Regidrago|Outrage|p1a: Minun\n|-damage|p1a: Minun|0 fnt\n|faint|p1a: Minun\n|\n|upkeep\n|\n|t:|1781378325\n|switch|p1a: Blaziken|Blaziken, L76, M|247/247\n|turn|30\n|\n|t:|1781378327\n|move|p2a: Regidrago|Outrage|p1a: Blaziken|[from] lockedmove\n|-damage|p1a: Blaziken|45/247\n|move|p1a: Blaziken|Swords Dance|p1a: Blaziken\n|-boost|p1a: Blaziken|atk|2\n|\n|-ability|p1a: Blaziken|Speed Boost|boost\n|-boost|p1a: Blaziken|spe|1\n|upkeep\n|turn|31\n|\n|t:|1781378331\n|move|p2a: Regidrago|Outrage|p1a: Blaziken|[from] lockedmove\n|-damage|p1a: Blaziken|0 fnt\n|faint|p1a: Blaziken\n|-start|p2a: Regidrago|confusion|[fatigue]\n|\n|win|knawtchogirl\n", "inputlog": ">version a8376a258c1d4662feba110a92103f3664a72141\n>start {\"formatid\":\"gen9randombattle\",\"seed\":\"sodium,34309492bb3cb6fdc3bec32cf8ecc404\",\"rated\":\"Rated battle\"}\n>player p1 {\"name\":\"soap_trusted_you\",\"avatar\":\"worker\",\"rating\":1900,\"seed\":\"sodium,6045ab4e7fff9579768c913b0a0fd40c\"}\n>player p2 {\"name\":\"knawtchogirl\",\"avatar\":\"skyla\",\"rating\":1916,\"seed\":\"sodium,f7115969a91ab5bc56c41e63fb50596f\"}\n>p1 move taunt\n>p2 move earthquake\n>p1 move spikes\n>p2 move earthquake\n>p1 switch 4\n>p2 move earthquake\n>p1 move cosmicpower\n>p2 switch 6\n>p1 switch 2\n>p2 move thunderwave\n>p1 move supercellslam\n>p2 move earthquake\n>p1 move facade\n>p2 switch 2\n>p1 move trailblaze\n>p2 move stealthrock\n>p2 switch 2\n>p1 move facade\n>p2 move earthquake\n>p2 switch 6\n>p1 move supercellslam\n>p2 move swordsdance terastallize\n>p1 switch 3\n>p1 move encore\n>p2 move snowscape\n>p1 move nastyplot\n>p2 switch 3\n>p1 move thunderbolt\n>p2 move rapidspin\n>p1 move thunderbolt\n>p2 move dracometeor\n>p2 switch 4\n>p1 switch 4\n>p2 move dragonenergy\n>p1 switch 6\n>p1 move tripleaxel\n>p2 switch 5\n>p1 move uturn\n>p2 move irondefense\n>p1 switch 4\n>p1 move grassknot\n>p2 switch 3\n>p1 move grassknot\n>p2 move snowscape\n>p2 switch 5\n>p1 switch 4\n>p2 move dragonenergy\n>p1 move rapidspin\n>p2 move dragonenergy\n>p1 switch 2\n>p1 move recover terastallize\n>p2 move dragonenergy\n>p1 move cosmicpower\n>p2 switch 3\n>p1 move cosmicpower\n>p2 move bodypress\n>p1 move recover\n>p2 move irondefense\n>p1 move storedpower\n>p2 move bodypress\n>p1 move storedpower\n>p2 move bodypress\n>p1 switch 4\n>p1 move thunderbolt\n>p2 move bodypress\n>p2 switch 3\n>p1 move thunderbolt\n>p2 move outrage\n>p1 switch 5\n>p1 move swordsdance\n>p2 move outrage\n>p1 move closecombat\n>p2 move outrage", "uploadtime": 1781378029, "views": 7, "formatid": "gen9randombattle", "rating": null, "private": 0, "password": null}