{"id": "gen9randombattle-2631460734", "format": "[Gen 9] Random Battle", "players": ["ArcHale0", "Greedy Rapooh"], "log": "|j|\u203dArcHale0\n|j|\u2606Greedy Rapooh\n|t:|1781387464\n|gametype|singles\n|player|p1|ArcHale0|169|2209\n|player|p2|Greedy Rapooh|acerola-masters|2117\n|gen|9\n|tier|[Gen 9] Random Battle\n|rated|\n|rule|Species Clause: Limit one of each Pok\u00e9mon\n|rule|HP Percentage Mod: HP is shown in percentages\n|rule|Sleep Clause Mod: Limit one foe put to sleep\n|rule|Illusion Level Mod: Illusion disguises the Pok\u00e9mon's true level\n|\n|t:|1781387464\n|teamsize|p1|6\n|teamsize|p2|6\n|start\n|switch|p1a: Glalie|Glalie, L96, F|309/309\n|switch|p2a: Garchomp|Garchomp, L74, F|282/282\n|turn|1\n|\n|t:|1781387494\n|switch|p2a: Incineroar|Incineroar, L82, M|290/290\n|-ability|p2a: Incineroar|Intimidate|boost\n|-fail|p1a: Glalie|unboost|Attack|[from] ability: Inner Focus|[of] p1a: Glalie\n|move|p1a: Glalie|Freeze-Dry|p2a: Incineroar\n|-resisted|p2a: Incineroar\n|-damage|p2a: Incineroar|252/290\n|-status|p2a: Incineroar|frz\n|\n|upkeep\n|turn|2\n|\n|t:|1781387504\n|switch|p1a: Alomomola|Alomomola, L87, F|429/429\n|-curestatus|p2a: Incineroar|frz|[from] move: Flare Blitz\n|move|p2a: Incineroar|Flare Blitz|p1a: Alomomola\n|-resisted|p1a: Alomomola\n|-damage|p1a: Alomomola|357/429\n|-damage|p2a: Incineroar|228/290|[from] Recoil\n|\n|-heal|p1a: Alomomola|383/429|[from] item: Leftovers\n|upkeep\n|turn|3\n|\n|t:|1781387511\n|switch|p2a: Garchomp|Garchomp, L74, F|282/282\n|move|p1a: Alomomola|Flip Turn|p2a: Garchomp\n|-damage|p2a: Garchomp|222/282\n|-damage|p1a: Alomomola|330/429|[from] ability: Rough Skin|[of] p2a: Garchomp\n|-damage|p1a: Alomomola|259/429|[from] item: Rocky Helmet|[of] p2a: Garchomp\n|\n|t:|1781387514\n|switch|p1a: Glalie|Glalie, L96, F|309/309|[from] Flip Turn\n|\n|upkeep\n|turn|4\n|\n|t:|1781387520\n|switch|p2a: Incineroar|Incineroar, L82, M|228/290\n|-ability|p2a: Incineroar|Intimidate|boost\n|-fail|p1a: Glalie|unboost|Attack|[from] ability: Inner Focus|[of] p1a: Glalie\n|move|p1a: Glalie|Freeze-Dry|p2a: Incineroar\n|-resisted|p2a: Incineroar\n|-damage|p2a: Incineroar|190/290\n|\n|upkeep\n|turn|5\n|\n|t:|1781387523\n|switch|p1a: Alomomola|Alomomola, L87, F|402/429\n|move|p2a: Incineroar|Trailblaze|p1a: Alomomola\n|-supereffective|p1a: Alomomola\n|-damage|p1a: Alomomola|320/429\n|-boost|p2a: Incineroar|spe|1\n|\n|-heal|p1a: Alomomola|346/429|[from] item: Leftovers\n|upkeep\n|turn|6\n|\n|t:|1781387528\n|move|p2a: Incineroar|Swords Dance|p2a: Incineroar\n|-boost|p2a: Incineroar|atk|2\n|move|p1a: Alomomola|Flip Turn|p2a: Incineroar\n|-supereffective|p2a: Incineroar\n|-damage|p2a: Incineroar|76/290\n|inactive|Battle timer is ON: inactive players will automatically lose when time's up. (requested by Greedy Rapooh)\n|\n|t:|1781387542\n|switch|p1a: Altaria|Altaria, L89, F|278/278|[from] Flip Turn\n|\n|upkeep\n|turn|7\n|\n|t:|1781387549\n|move|p2a: Incineroar|Knock Off|p1a: Altaria\n|-damage|p1a: Altaria|67/278\n|-enditem|p1a: Altaria|Heavy-Duty Boots|[from] move: Knock Off|[of] p2a: Incineroar\n|move|p1a: Altaria|Haze|p1a: Altaria\n|-clearallboost\n|\n|upkeep\n|turn|8\n|\n|t:|1781387553\n|move|p1a: Altaria|Roost|p1a: Altaria\n|-heal|p1a: Altaria|206/278\n|-singleturn|p1a: Altaria|move: Roost\n|move|p2a: Incineroar|Knock Off|p1a: Altaria\n|-damage|p1a: Altaria|137/278\n|\n|upkeep\n|turn|9\n|\n|t:|1781387559\n|move|p1a: Altaria|Roost|p1a: Altaria\n|-heal|p1a: Altaria|276/278\n|-singleturn|p1a: Altaria|move: Roost\n|move|p2a: Incineroar|Swords Dance|p2a: Incineroar\n|-boost|p2a: Incineroar|atk|2\n|\n|upkeep\n|turn|10\n|\n|t:|1781387564\n|switch|p2a: Hatterene|Hatterene, L85, F|236/236\n|move|p1a: Altaria|Brave Bird|p2a: Hatterene\n|-damage|p2a: Hatterene|140/236\n|-damage|p1a: Altaria|244/278|[from] Recoil\n|\n|upkeep\n|turn|11\n|\n|t:|1781387572\n|move|p1a: Altaria|Brave Bird|p2a: Hatterene\n|-damage|p2a: Hatterene|37/236\n|-damage|p1a: Altaria|210/278|[from] Recoil\n|move|p2a: Hatterene|Draining Kiss|p1a: Altaria\n|-supereffective|p1a: Altaria\n|-damage|p1a: Altaria|94/278\n|-heal|p2a: Hatterene|124/236|[from] drain|[of] p1a: Altaria\n|\n|upkeep\n|turn|12\n|\n|t:|1781387575\n|move|p1a: Altaria|Brave Bird|p2a: Hatterene\n|-damage|p2a: Hatterene|13/236\n|-damage|p1a: Altaria|57/278|[from] Recoil\n|move|p2a: Hatterene|Draining Kiss|p1a: Altaria\n|-supereffective|p1a: Altaria\n|-damage|p1a: Altaria|0 fnt\n|-heal|p2a: Hatterene|56/236|[from] drain|[of] p1a: Altaria\n|faint|p1a: Altaria\n|\n|upkeep\n|\n|t:|1781387583\n|switch|p1a: Glalie|Glalie, L96, F|309/309\n|turn|13\n|\n|t:|1781387587\n|move|p1a: Glalie|Freeze-Dry|p2a: Hatterene\n|-damage|p2a: Hatterene|10/236\n|-status|p2a: Hatterene|frz\n|cant|p2a: Hatterene|frz\n|\n|upkeep\n|turn|14\n|\n|t:|1781387591\n|switch|p2a: Incineroar|Incineroar, L82, M|76/290\n|-ability|p2a: Incineroar|Intimidate|boost\n|-fail|p1a: Glalie|unboost|Attack|[from] ability: Inner Focus|[of] p1a: Glalie\n|move|p1a: Glalie|Spikes|p2a: Incineroar\n|-sidestart|p2: Greedy Rapooh|Spikes\n|\n|upkeep\n|turn|15\n|\n|t:|1781387594\n|move|p1a: Glalie|Earthquake|p2a: Incineroar\n|-supereffective|p2a: Incineroar\n|-damage|p2a: Incineroar|0 fnt\n|faint|p2a: Incineroar\n|\n|upkeep\n|\n|t:|1781387604\n|switch|p2a: Sunflora|Sunflora, M|312/312\n|-damage|p2a: Sunflora|273/312|[from] Spikes\n|turn|16\n|\n|t:|1781387616\n|move|p1a: Glalie|Freeze-Dry|p2a: Sunflora\n|-supereffective|p2a: Sunflora\n|-damage|p2a: Sunflora|121/312\n|move|p2a: Sunflora|Leaf Storm|p1a: Glalie\n|-damage|p1a: Glalie|11/309\n|-unboost|p2a: Sunflora|spa|2\n|\n|upkeep\n|turn|17\n|\n|t:|1781387622\n|move|p1a: Glalie|Freeze-Dry|p2a: Sunflora\n|-supereffective|p2a: Sunflora\n|-damage|p2a: Sunflora|0 fnt\n|faint|p2a: Sunflora\n|\n|upkeep\n|\n|t:|1781387626\n|switch|p2a: Palkia|Palkia-Origin, L72|249/249\n|-damage|p2a: Palkia|218/249|[from] Spikes\n|-ability|p2a: Palkia|Pressure\n|turn|18\n|\n|t:|1781387635\n|move|p2a: Palkia|Fire Blast|p1a: Glalie\n|-supereffective|p1a: Glalie\n|-damage|p1a: Glalie|0 fnt\n|faint|p1a: Glalie\n|\n|upkeep\n|\n|t:|1781387642\n|switch|p1a: Lapras|Lapras, L87, M|367/367\n|turn|19\n|\n|t:|1781387646\n|move|p2a: Palkia|Thunder Wave|p1a: Lapras\n|-status|p1a: Lapras|par\n|move|p1a: Lapras|Freeze-Dry|p2a: Palkia\n|-supereffective|p2a: Palkia\n|-damage|p2a: Palkia|0 fnt\n|faint|p2a: Palkia\n|\n|upkeep\n|\n|t:|1781387650\n|switch|p2a: Mabosstiff|Mabosstiff, L86, M|278/278\n|-damage|p2a: Mabosstiff|244/278|[from] Spikes\n|turn|20\n|\n|t:|1781387655\n|-terastallize|p2a: Mabosstiff|Dark\n|move|p2a: Mabosstiff|Crunch|p1a: Lapras\n|-damage|p1a: Lapras|215/367 par\n|move|p1a: Lapras|Freeze-Dry|p2a: Mabosstiff\n|-damage|p2a: Mabosstiff|130/278\n|\n|upkeep\n|turn|21\n|\n|t:|1781387663\n|move|p2a: Mabosstiff|Crunch|p1a: Lapras\n|-damage|p1a: Lapras|69/367 par\n|-unboost|p1a: Lapras|def|1\n|move|p1a: Lapras|Freeze-Dry|p2a: Mabosstiff\n|-damage|p2a: Mabosstiff|0 fnt\n|faint|p2a: Mabosstiff\n|\n|upkeep\n|\n|t:|1781387666\n|switch|p2a: Garchomp|Garchomp, L74, F|222/282\n|-damage|p2a: Garchomp|187/282|[from] Spikes\n|turn|22\n|\n|t:|1781387670\n|move|p2a: Garchomp|Earthquake|p1a: Lapras\n|-damage|p1a: Lapras|0 fnt\n|faint|p1a: Lapras\n|\n|upkeep\n|\n|t:|1781387681\n|switch|p1a: Alomomola|Alomomola, L87, F|429/429\n|turn|23\n|\n|t:|1781387685\n|move|p2a: Garchomp|Stealth Rock|p1a: Alomomola\n|-sidestart|p1: ArcHale0|move: Stealth Rock\n|move|p1a: Alomomola|Scald|p2a: Garchomp\n|-damage|p2a: Garchomp|132/282\n|\n|upkeep\n|turn|24\n|\n|t:|1781387688\n|move|p2a: Garchomp|Earthquake|p1a: Alomomola\n|-damage|p1a: Alomomola|326/429\n|move|p1a: Alomomola|Scald|p2a: Garchomp\n|-damage|p2a: Garchomp|75/282\n|\n|-heal|p1a: Alomomola|352/429|[from] item: Leftovers\n|upkeep\n|turn|25\n|\n|t:|1781387691\n|move|p2a: Garchomp|Outrage|p1a: Alomomola\n|-damage|p1a: Alomomola|217/429\n|move|p1a: Alomomola|Wish|p1a: Alomomola\n|\n|-heal|p1a: Alomomola|243/429|[from] item: Leftovers\n|upkeep\n|turn|26\n|\n|t:|1781387694\n|move|p1a: Alomomola|Protect|p1a: Alomomola\n|-singleturn|p1a: Alomomola|Protect\n|move|p2a: Garchomp|Outrage|p1a: Alomomola|[from] lockedmove\n|-activate|p1a: Alomomola|move: Protect\n|\n|-heal|p1a: Alomomola|429/429|[from] move: Wish|[wisher] Alomomola\n|upkeep\n|turn|27\n|\n|t:|1781387696\n|move|p2a: Garchomp|Outrage|p1a: Alomomola\n|-damage|p1a: Alomomola|294/429\n|move|p1a: Alomomola|Wish|p1a: Alomomola\n|\n|-heal|p1a: Alomomola|320/429|[from] item: Leftovers\n|upkeep\n|turn|28\n|l|\u2606Greedy Rapooh\n|inactive|Greedy Rapooh disconnected and has a minute to reconnect!\n|player|p2|\n|inactive|Greedy Rapooh has 30 seconds to reconnect!\n|inactive|Greedy Rapooh has 20 seconds to reconnect!\n|inactive|Greedy Rapooh has 15 seconds to reconnect!\n|inactive|Greedy Rapooh has 10 seconds to reconnect!\n|inactive|Greedy Rapooh has 5 seconds to reconnect!\n|-message|Greedy Rapooh lost due to inactivity.\n|\n|win|ArcHale0\n", "inputlog": ">version a8376a258c1d4662feba110a92103f3664a72141\n>start {\"formatid\":\"gen9randombattle\",\"seed\":\"sodium,c2d547f67f479c0645e3fc5296cb6ae7\",\"rated\":\"Rated battle\"}\n>player p1 {\"name\":\"ArcHale0\",\"avatar\":\"169\",\"rating\":2209,\"seed\":\"sodium,d0c0f01dccf0d03b8fa45490c9571bc2\"}\n>player p2 {\"name\":\"Greedy Rapooh\",\"avatar\":\"acerola-masters\",\"rating\":2117,\"seed\":\"sodium,245484c62c349e5a0494424c069896ae\"}\n>p1 move freezedry\n>p2 switch 6\n>p1 switch 3\n>p2 move flareblitz\n>p1 move flipturn\n>p2 switch 6\n>p1 switch 3\n>p1 move freezedry\n>p2 switch 6\n>p1 switch 3\n>p2 move trailblaze\n>p1 move flipturn\n>p2 move swordsdance\n>p1 switch 2\n>p1 move haze\n>p2 move knockoff\n>p1 move roost\n>p2 move knockoff\n>p1 move roost\n>p2 move swordsdance\n>p1 move bravebird\n>p2 switch 4\n>p1 move bravebird\n>p2 move drainingkiss\n>p1 move bravebird\n>p2 move drainingkiss\n>p1 switch 3\n>p1 move freezedry\n>p2 move nuzzle\n>p1 move spikes\n>p2 switch 4\n>p1 move earthquake\n>p2 move flareblitz\n>p2 switch 3\n>p1 move freezedry\n>p2 move leafstorm\n>p1 move freezedry\n>p2 move leafstorm\n>p2 switch 5\n>p1 move spikes\n>p2 move fireblast\n>p1 switch 4\n>p1 move freezedry\n>p2 move thunderwave\n>p2 switch 2\n>p1 move freezedry\n>p2 move crunch terastallize\n>p1 move freezedry\n>p2 move crunch\n>p2 switch 6\n>p1 move freezedry\n>p2 move earthquake\n>p1 switch 2\n>p1 move scald\n>p2 move stealthrock\n>p1 move scald\n>p2 move earthquake\n>p1 move wish\n>p2 move outrage\n>p1 move protect\n>p2 move outrage\n>p1 move wish\n>p2 move outrage\n>forcelose p2", "uploadtime": 1781387466, "views": 6, "formatid": "gen9randombattle", "rating": null, "private": 0, "password": null}