{"id": "gen9randombattle-2632006241", "format": "[Gen 9] Random Battle", "players": ["lucky liu", "Lachrymose"], "log": "|j|\u203dlucky liu\n|j|\u203dLachrymose\n|t:|1781465170\n|gametype|singles\n|player|p1|lucky liu|roxie|2059\n|player|p2|Lachrymose|2|1980\n|gen|9\n|tier|[Gen 9] Random Battle\n|rated|\n|rule|Species Clause: Limit one of each Pok\u00e9mon\n|rule|HP Percentage Mod: HP is shown in percentages\n|rule|Sleep Clause Mod: Limit one foe put to sleep\n|rule|Illusion Level Mod: Illusion disguises the Pok\u00e9mon's true level\n|\n|t:|1781465170\n|teamsize|p1|6\n|teamsize|p2|6\n|start\n|switch|p1a: Rotom|Rotom-Mow, L87|229/229\n|switch|p2a: Vivillon|Vivillon-High Plains, L83, F|268/268\n|turn|1\n|inactive|Battle timer is ON: inactive players will automatically lose when time's up. (requested by Lachrymose)\n|\n|t:|1781465218\n|switch|p2a: Reshiram|Reshiram, L76|277/277\n|-ability|p2a: Reshiram|Turboblaze\n|move|p1a: Rotom|Nasty Plot|p1a: Rotom\n|-boost|p1a: Rotom|spa|2\n|\n|upkeep\n|turn|2\n|\n|t:|1781465229\n|switch|p1a: Talonflame|Talonflame, L83, M|265/265\n|move|p2a: Reshiram|Blue Flare|p1a: Talonflame\n|-resisted|p1a: Talonflame\n|-damage|p1a: Talonflame|169/265\n|\n|upkeep\n|turn|3\n|\n|t:|1781465248\n|-terastallize|p1a: Talonflame|Ground\n|move|p1a: Talonflame|Tera Blast|p2a: Reshiram|[anim] Tera Blast Ground\n|-supereffective|p2a: Reshiram\n|-damage|p2a: Reshiram|143/277\n|move|p2a: Reshiram|Dragon Tail|p1a: Talonflame\n|-damage|p1a: Talonflame|88/265\n|drag|p1a: Bisharp|Bisharp, L79, M|232/232\n|\n|upkeep\n|turn|4\n|\n|t:|1781465259\n|switch|p1a: Zekrom|Zekrom, L71|259/259\n|-ability|p1a: Zekrom|Teravolt\n|move|p2a: Reshiram|Blue Flare|p1a: Zekrom\n|-resisted|p1a: Zekrom\n|-damage|p1a: Zekrom|179/259\n|\n|-heal|p1a: Zekrom|195/259|[from] item: Leftovers\n|upkeep\n|turn|5\n|\n|t:|1781465266\n|switch|p1a: Bisharp|Bisharp, L79, M|232/232\n|move|p2a: Reshiram|Draco Meteor|p1a: Bisharp\n|-resisted|p1a: Bisharp\n|-damage|p1a: Bisharp|159/232\n|-unboost|p2a: Reshiram|spa|2\n|\n|upkeep\n|turn|6\n|\n|t:|1781465276\n|switch|p2a: Greedent|Greedent, L86, M|347/347\n|move|p1a: Bisharp|Throat Chop|p2a: Greedent\n|-damage|p2a: Greedent|256/347\n|-start|p2a: Greedent|Throat Chop|[silent]\n|\n|upkeep\n|turn|7\n|\n|t:|1781465288\n|move|p1a: Bisharp|Iron Head|p2a: Greedent\n|-damage|p2a: Greedent|178/347\n|move|p2a: Greedent|Swords Dance|p2a: Greedent\n|-boost|p2a: Greedent|atk|2\n|\n|-end|p2a: Greedent|Throat Chop|[silent]\n|upkeep\n|turn|8\n|\n|t:|1781465294\n|move|p1a: Bisharp|Iron Head|p2a: Greedent\n|-damage|p2a: Greedent|85/347\n|-enditem|p2a: Greedent|Sitrus Berry|[eat]\n|-heal|p2a: Greedent|171/347|[from] item: Sitrus Berry\n|-heal|p2a: Greedent|286/347|[from] ability: Cheek Pouch\n|cant|p2a: Greedent|flinch\n|\n|upkeep\n|turn|9\n|\n|t:|1781465299\n|move|p1a: Bisharp|Iron Head|p2a: Greedent\n|-damage|p2a: Greedent|207/347\n|move|p2a: Greedent|Earthquake|p1a: Bisharp\n|-supereffective|p1a: Bisharp\n|-damage|p1a: Bisharp|0 fnt\n|faint|p1a: Bisharp\n|\n|upkeep\n|\n|t:|1781465304\n|switch|p1a: Hoopa|Hoopa-Unbound, L80|259/259\n|turn|10\n|\n|t:|1781465314\n|move|p1a: Hoopa|Hyperspace Fury|p2a: Greedent\n|-damage|p2a: Greedent|14/347\n|-unboost|p1a: Hoopa|def|1\n|move|p2a: Greedent|Body Slam|p1a: Hoopa\n|-damage|p1a: Hoopa|0 fnt\n|faint|p1a: Hoopa\n|\n|upkeep\n|\n|t:|1781465321\n|switch|p1a: Zekrom|Zekrom, L71|195/259\n|-ability|p1a: Zekrom|Teravolt\n|turn|11\n|\n|t:|1781465325\n|move|p1a: Zekrom|Bolt Strike|p2a: Greedent\n|-damage|p2a: Greedent|0 fnt\n|faint|p2a: Greedent\n|\n|-heal|p1a: Zekrom|211/259|[from] item: Leftovers\n|upkeep\n|\n|t:|1781465351\n|switch|p2a: Reshiram|Reshiram, L76|143/277\n|-ability|p2a: Reshiram|Turboblaze\n|turn|12\n|inactive|lucky liu has 120 seconds left.\n|inactive|lucky liu has 90 seconds left.\n|inactive|lucky liu has 60 seconds left.\n|\n|t:|1781465455\n|switch|p1a: Reuniclus|Reuniclus, L88, F|337/337\n|move|p2a: Reshiram|Draco Meteor|p1a: Reuniclus\n|-crit|p1a: Reuniclus\n|-damage|p1a: Reuniclus|88/337\n|-unboost|p2a: Reshiram|spa|2\n|\n|upkeep\n|turn|13\n|\n|t:|1781465463\n|move|p2a: Reshiram|Draco Meteor|p1a: Reuniclus\n|-damage|p1a: Reuniclus|10/337\n|-unboost|p2a: Reshiram|spa|2\n|move|p1a: Reuniclus|Recover|p1a: Reuniclus\n|-heal|p1a: Reuniclus|179/337\n|\n|upkeep\n|turn|14\n|\n|t:|1781465472\n|switch|p2a: Vivillon|Vivillon-High Plains, L83, F|268/268\n|move|p1a: Reuniclus|Psyshock|p2a: Vivillon\n|-damage|p2a: Vivillon|30/268\n|\n|upkeep\n|turn|15\n|\n|t:|1781465475\n|switch|p1a: Rotom|Rotom-Mow, L87|229/229\n|move|p2a: Vivillon|Sleep Powder|p1a: Rotom\n|-immune|p1a: Rotom\n|\n|upkeep\n|turn|16\n|\n|t:|1781465482\n|switch|p1a: Talonflame|Talonflame, L83, M, tera:Ground|88/265\n|switch|p2a: Reshiram|Reshiram, L76|143/277\n|-ability|p2a: Reshiram|Turboblaze\n|\n|upkeep\n|turn|17\n|\n|t:|1781465492\n|switch|p2a: Vivillon|Vivillon-High Plains, L83, F|30/268\n|move|p1a: Talonflame|Swords Dance|p1a: Talonflame\n|-boost|p1a: Talonflame|atk|2\n|\n|upkeep\n|turn|18\n|\n|t:|1781465496\n|move|p1a: Talonflame|Brave Bird|p2a: Vivillon\n|-supereffective|p2a: Vivillon\n|-damage|p2a: Vivillon|0 fnt\n|faint|p2a: Vivillon\n|-damage|p1a: Talonflame|78/265|[from] Recoil\n|\n|upkeep\n|\n|t:|1781465499\n|switch|p2a: Scream Tail|Scream Tail, L84|330/330\n|turn|19\n|\n|t:|1781465515\n|switch|p1a: Rotom|Rotom-Mow, L87|229/229\n|move|p2a: Scream Tail|Dazzling Gleam|p1a: Rotom\n|-damage|p1a: Rotom|175/229\n|\n|-heal|p1a: Rotom|189/229|[from] item: Leftovers\n|upkeep\n|turn|20\n|\n|t:|1781465524\n|move|p2a: Scream Tail|Wish|p2a: Scream Tail\n|move|p1a: Rotom|Nasty Plot|p1a: Rotom\n|-boost|p1a: Rotom|spa|2\n|\n|-heal|p1a: Rotom|203/229|[from] item: Leftovers\n|upkeep\n|turn|21\n|\n|t:|1781465533\n|-end|p2a: Scream Tail|Protosynthesis|[silent]\n|switch|p2a: Reshiram|Reshiram, L76|143/277\n|-ability|p2a: Reshiram|Turboblaze\n|move|p1a: Rotom|Leaf Storm|p2a: Reshiram\n|-resisted|p2a: Reshiram\n|-damage|p2a: Reshiram|79/277\n|-unboost|p1a: Rotom|spa|2\n|\n|-heal|p2a: Reshiram|244/277|[from] move: Wish|[wisher] Scream Tail\n|-heal|p1a: Rotom|217/229|[from] item: Leftovers\n|upkeep\n|turn|22\n|\n|t:|1781465540\n|switch|p1a: Talonflame|Talonflame, L83, M, tera:Ground|78/265\n|move|p2a: Reshiram|Blue Flare|p1a: Talonflame|[miss]\n|-miss|p2a: Reshiram|p1a: Talonflame\n|\n|upkeep\n|turn|23\n|\n|t:|1781465544\n|move|p1a: Talonflame|Tera Blast|p2a: Reshiram|[anim] Tera Blast Ground\n|-supereffective|p2a: Reshiram\n|-damage|p2a: Reshiram|88/277\n|move|p2a: Reshiram|Blue Flare|p1a: Talonflame\n|-damage|p1a: Talonflame|0 fnt\n|faint|p1a: Talonflame\n|\n|upkeep\n|inactive|lucky liu has 120 seconds left.\n|\n|t:|1781465550\n|switch|p1a: Reuniclus|Reuniclus, L88, F|179/337\n|turn|24\n|\n|t:|1781465561\n|switch|p2a: Scream Tail|Scream Tail, L84|330/330\n|move|p1a: Reuniclus|Recover|p1a: Reuniclus\n|-heal|p1a: Reuniclus|337/337\n|\n|upkeep\n|turn|25\n|\n|t:|1781465570\n|move|p2a: Scream Tail|Thunder Wave|p1a: Reuniclus\n|-status|p1a: Reuniclus|par\n|move|p1a: Reuniclus|Calm Mind|p1a: Reuniclus\n|-boost|p1a: Reuniclus|spa|1\n|-boost|p1a: Reuniclus|spd|1\n|\n|upkeep\n|turn|26\n|\n|t:|1781465577\n|move|p2a: Scream Tail|Wish|p2a: Scream Tail\n|move|p1a: Reuniclus|Calm Mind|p1a: Reuniclus\n|-boost|p1a: Reuniclus|spa|1\n|-boost|p1a: Reuniclus|spd|1\n|\n|upkeep\n|turn|27\n|\n|t:|1781465585\n|-end|p2a: Scream Tail|Protosynthesis|[silent]\n|switch|p2a: Reshiram|Reshiram, L76|88/277\n|-ability|p2a: Reshiram|Turboblaze\n|cant|p1a: Reuniclus|par\n|\n|-heal|p2a: Reshiram|253/277|[from] move: Wish|[wisher] Scream Tail\n|upkeep\n|turn|28\n|\n|t:|1781465590\n|move|p1a: Reuniclus|Psyshock|p2a: Reshiram\n|-damage|p2a: Reshiram|0 fnt\n|faint|p2a: Reshiram\n|\n|upkeep\n|\n|t:|1781465601\n|switch|p2a: Eternatus|Eternatus, L69|308/308\n|-ability|p2a: Eternatus|Pressure\n|turn|29\n|\n|t:|1781465605\n|-terastallize|p2a: Eternatus|Fire\n|move|p2a: Eternatus|Meteor Beam||[still]\n|-prepare|p2a: Eternatus|Meteor Beam\n|-boost|p2a: Eternatus|spa|1\n|-enditem|p2a: Eternatus|Power Herb\n|-anim|p2a: Eternatus|Meteor Beam|p1a: Reuniclus\n|-crit|p1a: Reuniclus\n|-damage|p1a: Reuniclus|157/337 par\n|move|p1a: Reuniclus|Psyshock|p2a: Eternatus\n|-damage|p2a: Eternatus|0 fnt\n|faint|p2a: Eternatus\n|\n|upkeep\n|\n|t:|1781465619\n|switch|p2a: Salazzle|Salazzle, L83, F|249/249\n|turn|30\n|\n|t:|1781465623\n|move|p2a: Salazzle|Flamethrower|p1a: Reuniclus\n|-damage|p1a: Reuniclus|108/337 par\n|move|p1a: Reuniclus|Psyshock|p2a: Salazzle\n|-supereffective|p2a: Salazzle\n|-damage|p2a: Salazzle|0 fnt\n|faint|p2a: Salazzle\n|\n|upkeep\n|\n|t:|1781465627\n|switch|p2a: Scream Tail|Scream Tail, L84|330/330\n|turn|31\n|\n|t:|1781465629\n|move|p2a: Scream Tail|Dazzling Gleam|p1a: Reuniclus\n|-damage|p1a: Reuniclus|74/337 par\n|move|p1a: Reuniclus|Recover|p1a: Reuniclus\n|-heal|p1a: Reuniclus|243/337 par\n|\n|upkeep\n|turn|32\n|-message|Lachrymose forfeited.\n|\n|win|lucky liu\n", "uploadtime": 1781465171, "views": 2, "formatid": "gen9randombattle", "rating": null, "private": 0, "password": null}