{"id": "gen9randombattle-2631738383", "format": "[Gen 9] Random Battle", "players": ["George Hamhock", "joanfish"], "log": "|j|\u2606George Hamhock\n|j|\u2606joanfish\n|t:|1781431512\n|gametype|singles\n|player|p1|George Hamhock|veteranf|1904\n|player|p2|joanfish|hilbert|1905\n|gen|9\n|tier|[Gen 9] Random Battle\n|rated|\n|rule|Species Clause: Limit one of each Pok\u00e9mon\n|rule|HP Percentage Mod: HP is shown in percentages\n|rule|Sleep Clause Mod: Limit one foe put to sleep\n|rule|Illusion Level Mod: Illusion disguises the Pok\u00e9mon's true level\n|\n|t:|1781431512\n|teamsize|p1|6\n|teamsize|p2|6\n|start\n|switch|p1a: Flapple|Flapple, L88, F|266/266\n|switch|p2a: Snorlax|Snorlax, L82, F|397/397\n|turn|1\n|\n|t:|1781431523\n|move|p1a: Flapple|Dragon Dance|p1a: Flapple\n|-boost|p1a: Flapple|atk|1\n|-boost|p1a: Flapple|spe|1\n|move|p2a: Snorlax|Body Slam|p1a: Flapple\n|-damage|p1a: Flapple|178/266\n|\n|upkeep\n|turn|2\n|inactive|Battle timer is ON: inactive players will automatically lose when time's up. (requested by George Hamhock)\n|\n|t:|1781431536\n|move|p1a: Flapple|Outrage|p2a: Snorlax\n|-damage|p2a: Snorlax|0 fnt\n|faint|p2a: Snorlax\n|\n|upkeep\n|\n|t:|1781431551\n|switch|p2a: Espathra|Espathra, L80, M|283/283\n|turn|3\n|\n|t:|1781431555\n|-terastallize|p2a: Espathra|Fairy\n|move|p1a: Flapple|Outrage|p2a: Espathra|[from] lockedmove\n|-immune|p2a: Espathra\n|move|p2a: Espathra|Calm Mind|p2a: Espathra\n|-boost|p2a: Espathra|spa|1\n|-boost|p2a: Espathra|spd|1\n|\n|-ability|p2a: Espathra|Speed Boost|boost\n|-boost|p2a: Espathra|spe|1\n|upkeep\n|turn|4\n|\n|t:|1781431569\n|move|p2a: Espathra|Dazzling Gleam|p1a: Flapple\n|-supereffective|p1a: Flapple\n|-damage|p1a: Flapple|0 fnt\n|faint|p1a: Flapple\n|\n|-ability|p2a: Espathra|Speed Boost|boost\n|-boost|p2a: Espathra|spe|1\n|upkeep\n|\n|t:|1781431578\n|switch|p1a: Komala|Komala, L88, M|258/258\n|-ability|p1a: Komala|Comatose\n|turn|5\n|\n|t:|1781431585\n|move|p2a: Espathra|Protect|p2a: Espathra\n|-singleturn|p2a: Espathra|Protect\n|move|p1a: Komala|Body Slam|p2a: Espathra\n|-activate|p2a: Espathra|move: Protect\n|\n|-ability|p2a: Espathra|Speed Boost|boost\n|-boost|p2a: Espathra|spe|1\n|upkeep\n|turn|6\n|\n|t:|1781431593\n|move|p2a: Espathra|Stored Power|p1a: Komala\n|-damage|p1a: Komala|141/258\n|move|p1a: Komala|Body Slam|p2a: Espathra\n|-damage|p2a: Espathra|129/283\n|-status|p2a: Espathra|par\n|\n|-heal|p2a: Espathra|146/283 par|[from] item: Leftovers\n|-ability|p2a: Espathra|Speed Boost|boost\n|-boost|p2a: Espathra|spe|1\n|upkeep\n|turn|7\n|\n|t:|1781431601\n|cant|p2a: Espathra|par\n|move|p1a: Komala|Body Slam|p2a: Espathra\n|-damage|p2a: Espathra|0 fnt\n|faint|p2a: Espathra\n|\n|upkeep\n|l|\u2606joanfish\n|inactive|joanfish disconnected and has a minute to reconnect!\n|player|p2|\n|j|\u2606joanfish\n|inactive|joanfish reconnected and has 135 seconds left.\n|player|p2|joanfish|hilbert|\n|l|\u2606joanfish\n|inactive|joanfish disconnected and has a minute to reconnect!\n|player|p2|\n|inactive|joanfish has 30 seconds to reconnect!\n|inactive|joanfish has 20 seconds to reconnect!\n|inactive|joanfish has 15 seconds to reconnect!\n|inactive|joanfish has 10 seconds to reconnect!\n|inactive|joanfish has 5 seconds to reconnect!\n|-message|joanfish lost due to inactivity.\n|\n|win|George Hamhock\n", "uploadtime": 1781431514, "views": 3, "formatid": "gen9randombattle", "rating": null, "private": 0, "password": null}