{"id": "gen9randombattle-2631720554", "format": "[Gen 9] Random Battle", "players": ["Crysys1", "duuhhao"], "log": "|j|\u2606Crysys1\n|j|\u2606duuhhao\n|t:|1781428270\n|gametype|singles\n|player|p1|Crysys1|265|2134\n|player|p2|duuhhao|clair|2142\n|gen|9\n|tier|[Gen 9] Random Battle\n|rated|\n|rule|Species Clause: Limit one of each Pok\u00e9mon\n|rule|HP Percentage Mod: HP is shown in percentages\n|rule|Sleep Clause Mod: Limit one foe put to sleep\n|rule|Illusion Level Mod: Illusion disguises the Pok\u00e9mon's true level\n|\n|t:|1781428270\n|teamsize|p1|6\n|teamsize|p2|6\n|start\n|switch|p1a: Slaking|Slaking, L84, F|389/389\n|switch|p2a: Spiritomb|Spiritomb, L89, F|234/234\n|turn|1\n|\n|t:|1781428298\n|switch|p1a: Gholdengo|Gholdengo, L77|261/261\n|move|p2a: Spiritomb|Foul Play|p1a: Gholdengo\n|-supereffective|p1a: Gholdengo\n|-damage|p1a: Gholdengo|165/261\n|\n|-heal|p1a: Gholdengo|181/261|[from] item: Leftovers\n|upkeep\n|turn|2\n|\n|t:|1781428313\n|move|p1a: Gholdengo|Make It Rain|p2a: Spiritomb\n|-damage|p2a: Spiritomb|129/234\n|-unboost|p1a: Gholdengo|spa|1\n|move|p2a: Spiritomb|Poltergeist|p1a: Gholdengo\n|-activate|p1a: Gholdengo|move: Poltergeist|Leftovers\n|-supereffective|p1a: Gholdengo\n|-damage|p1a: Gholdengo|0 fnt\n|faint|p1a: Gholdengo\n|\n|-heal|p2a: Spiritomb|143/234|[from] item: Leftovers\n|upkeep\n|\n|t:|1781428323\n|switch|p1a: Victreebel|Victreebel, L90, F|290/290\n|turn|3\n|\n|t:|1781428326\n|switch|p2a: Torkoal|Torkoal, L88, M|266/266\n|-weather|SunnyDay|[from] ability: Drought|[of] p2a: Torkoal\n|move|p1a: Victreebel|Power Whip|p2a: Torkoal\n|-resisted|p2a: Torkoal\n|-damage|p2a: Torkoal|195/266\n|-damage|p1a: Victreebel|261/290|[from] item: Life Orb\n|\n|-weather|SunnyDay|[upkeep]\n|upkeep\n|turn|4\n|\n|t:|1781428339\n|switch|p1a: Donphan|Donphan, L84, M|288/288\n|move|p2a: Torkoal|Lava Plume|p1a: Donphan\n|-damage|p1a: Donphan|185/288\n|\n|-weather|SunnyDay|[upkeep]\n|upkeep\n|turn|5\n|\n|t:|1781428349\n|switch|p2a: Mamoswine|Mamoswine, L81, M|311/311\n|move|p1a: Donphan|Earthquake|p2a: Mamoswine\n|-damage|p2a: Mamoswine|166/311\n|\n|-weather|SunnyDay|[upkeep]\n|upkeep\n|turn|6\n|\n|t:|1781428359\n|move|p2a: Mamoswine|Icicle Crash|p1a: Donphan\n|-supereffective|p1a: Donphan\n|-crit|p1a: Donphan\n|-damage|p1a: Donphan|0 fnt\n|faint|p1a: Donphan\n|\n|-weather|SunnyDay|[upkeep]\n|upkeep\n|\n|t:|1781428374\n|switch|p1a: Leafeon|Leafeon, L88, M|258/258\n|turn|7\n|\n|t:|1781428384\n|switch|p2a: Torkoal|Torkoal, L88, M|195/266\n|move|p1a: Leafeon|Substitute|p1a: Leafeon\n|-start|p1a: Leafeon|Substitute\n|-damage|p1a: Leafeon|194/258\n|\n|-weather|none\n|-heal|p1a: Leafeon|210/258|[from] item: Leftovers\n|upkeep\n|turn|8\n|\n|t:|1781428406\n|move|p1a: Leafeon|Knock Off|p2a: Torkoal\n|-crit|p2a: Torkoal\n|-damage|p2a: Torkoal|114/266\n|-enditem|p2a: Torkoal|Heavy-Duty Boots|[from] move: Knock Off|[of] p1a: Leafeon\n|move|p2a: Torkoal|Lava Plume|p1a: Leafeon\n|-supereffective|p1a: Leafeon\n|-end|p1a: Leafeon|Substitute\n|\n|-heal|p1a: Leafeon|226/258|[from] item: Leftovers\n|upkeep\n|turn|9\n|\n|t:|1781428413\n|switch|p1a: Conkeldurr|Conkeldurr, L80, M|299/299\n|move|p2a: Torkoal|Lava Plume|p1a: Conkeldurr\n|-damage|p1a: Conkeldurr|185/299\n|-status|p1a: Conkeldurr|brn\n|\n|-damage|p1a: Conkeldurr|167/299 brn|[from] brn\n|upkeep\n|turn|10\n|\n|t:|1781428425\n|move|p1a: Conkeldurr|Facade|p2a: Torkoal\n|-damage|p2a: Torkoal|0 fnt\n|faint|p2a: Torkoal\n|\n|-damage|p1a: Conkeldurr|149/299 brn|[from] brn\n|upkeep\n|\n|t:|1781428432\n|switch|p2a: Typhlosion|Typhlosion-Hisui, L83, F|257/257\n|turn|11\n|\n|t:|1781428438\n|switch|p1a: Slaking|Slaking, L84, F|389/389\n|move|p2a: Typhlosion|Eruption|p1a: Slaking\n|-damage|p1a: Slaking|167/389\n|\n|upkeep\n|turn|12\n|\n|t:|1781428447\n|switch|p2a: Dipplin|Dipplin, L88, F|284/284\n|move|p1a: Slaking|Knock Off|p2a: Dipplin\n|-damage|p2a: Dipplin|196/284\n|-activate|p2a: Dipplin|ability: Sticky Hold\n|\n|upkeep\n|turn|13\n|\n|t:|1781428453\n|switch|p1a: Victreebel|Victreebel, L90, F|261/290\n|move|p2a: Dipplin|Dragon Pulse|p1a: Victreebel\n|-damage|p1a: Victreebel|161/290\n|\n|upkeep\n|turn|14\n|\n|t:|1781428462\n|move|p1a: Victreebel|Swords Dance|p1a: Victreebel\n|-boost|p1a: Victreebel|atk|2\n|move|p2a: Dipplin|Dragon Pulse|p1a: Victreebel\n|-damage|p1a: Victreebel|46/290\n|\n|upkeep\n|turn|15\n|\n|t:|1781428467\n|move|p2a: Dipplin|Sucker Punch|p1a: Victreebel\n|-damage|p1a: Victreebel|0 fnt\n|faint|p1a: Victreebel\n|\n|upkeep\n|\n|t:|1781428473\n|switch|p1a: Conkeldurr|Conkeldurr, L80, M|149/299 brn\n|turn|16\n|\n|t:|1781428476\n|move|p2a: Dipplin|Recover|p2a: Dipplin\n|-heal|p2a: Dipplin|284/284\n|move|p1a: Conkeldurr|Facade|p2a: Dipplin\n|-damage|p2a: Dipplin|181/284\n|\n|-damage|p1a: Conkeldurr|131/299 brn|[from] brn\n|upkeep\n|turn|17\n|-message|Crysys1 forfeited.\n|\n|win|duuhhao\n", "inputlog": ">version a8376a258c1d4662feba110a92103f3664a72141\n>start {\"formatid\":\"gen9randombattle\",\"seed\":\"sodium,2b17a2737ee6fd8379cf19763176a27b\",\"rated\":\"Rated battle\"}\n>player p1 {\"name\":\"Crysys1\",\"avatar\":\"265\",\"rating\":2134,\"seed\":\"sodium,186d4820e14f6b741f3d19d10cb4f7ff\"}\n>player p2 {\"name\":\"duuhhao\",\"avatar\":\"clair\",\"rating\":2142,\"seed\":\"sodium,f6e1d5dee70694e812e994ef5551fa26\"}\n>p1 switch 2\n>p2 move foulplay\n>p1 move makeitrain\n>p2 move poltergeist\n>p1 switch 4\n>p1 move powerwhip\n>p2 switch 6\n>p1 switch 3\n>p2 move lavaplume\n>p1 move earthquake\n>p2 switch 4\n>p1 move earthquake\n>p2 move iciclecrash\n>p1 switch 5\n>p1 move substitute\n>p2 switch 4\n>p1 move knockoff\n>p2 move lavaplume\n>p1 switch 6\n>p2 move lavaplume\n>p1 move facade\n>p2 move lavaplume\n>p2 switch 5\n>p1 switch 2\n>p2 move eruption\n>p1 move knockoff\n>p2 switch 2\n>p1 switch 3\n>p2 move dragonpulse\n>p1 move swordsdance\n>p2 move dragonpulse\n>p1 move poisonjab\n>p2 move suckerpunch\n>p1 switch 2\n>p1 move facade\n>p2 move recover\n>forcelose p1", "uploadtime": 1781428272, "views": 4, "formatid": "gen9randombattle", "rating": null, "private": 0, "password": null}