{"id": "gen9randombattle-2632001062", "format": "[Gen 9] Random Battle", "players": ["WhatEver2102", "ghostsgoghost"], "log": "|j|\u2606WhatEver2102\n|j|\u2606ghostsgoghost\n|t:|1781464603\n|gametype|singles\n|player|p1|WhatEver2102|juan|1997\n|player|p2|ghostsgoghost|volkner|2013\n|gen|9\n|tier|[Gen 9] Random Battle\n|rated|\n|rule|Species Clause: Limit one of each Pok\u00e9mon\n|rule|HP Percentage Mod: HP is shown in percentages\n|rule|Sleep Clause Mod: Limit one foe put to sleep\n|rule|Illusion Level Mod: Illusion disguises the Pok\u00e9mon's true level\n|\n|t:|1781464603\n|teamsize|p1|6\n|teamsize|p2|6\n|start\n|switch|p1a: Maushold|Maushold-Four, L76|238/238\n|switch|p2a: Typhlosion|Typhlosion-Hisui, L83, M|257/257\n|turn|1\n|\n|t:|1781464628\n|switch|p1a: Poliwrath|Poliwrath, L88, F|302/302\n|move|p2a: Typhlosion|Will-O-Wisp|p1a: Poliwrath\n|-status|p1a: Poliwrath|brn\n|\n|-damage|p1a: Poliwrath|284/302 brn|[from] brn\n|upkeep\n|turn|2\n|inactive|Battle timer is ON: inactive players will automatically lose when time's up. (requested by WhatEver2102)\n|\n|t:|1781464637\n|switch|p2a: Dragalge|Dragalge, L88, M|258/258\n|move|p1a: Poliwrath|Knock Off|p2a: Dragalge\n|-damage|p2a: Dragalge|223/258\n|-enditem|p2a: Dragalge|Assault Vest|[from] move: Knock Off|[of] p1a: Poliwrath\n|\n|-damage|p1a: Poliwrath|266/302 brn|[from] brn\n|upkeep\n|turn|3\n|inactive|WhatEver2102 has 120 seconds left.\n|\n|t:|1781464674\n|move|p1a: Poliwrath|Circle Throw|p2a: Dragalge\n|-resisted|p2a: Dragalge\n|-damage|p2a: Dragalge|208/258\n|drag|p2a: Typhlosion|Typhlosion-Hisui, L83, M|257/257\n|\n|-damage|p1a: Poliwrath|248/302 brn|[from] brn\n|upkeep\n|turn|4\n|\n|t:|1781464697\n|switch|p2a: Dragalge|Dragalge, L88, M|208/258\n|move|p1a: Poliwrath|Knock Off|p2a: Dragalge\n|-damage|p2a: Dragalge|184/258\n|\n|-damage|p1a: Poliwrath|230/302 brn|[from] brn\n|upkeep\n|turn|5\n|inactive|WhatEver2102 has 120 seconds left.\n|\n|t:|1781464714\n|move|p1a: Poliwrath|Liquidation|p2a: Dragalge\n|-resisted|p2a: Dragalge\n|-damage|p2a: Dragalge|162/258\n|-unboost|p2a: Dragalge|def|1\n|move|p2a: Dragalge|Sludge Wave|p1a: Poliwrath\n|-damage|p1a: Poliwrath|136/302 brn\n|\n|-damage|p1a: Poliwrath|118/302 brn|[from] brn\n|upkeep\n|turn|6\n|\n|t:|1781464720\n|move|p1a: Poliwrath|Close Combat|p2a: Dragalge\n|-resisted|p2a: Dragalge\n|-damage|p2a: Dragalge|116/258\n|-unboost|p1a: Poliwrath|def|1\n|-unboost|p1a: Poliwrath|spd|1\n|move|p2a: Dragalge|Sludge Wave|p1a: Poliwrath\n|-damage|p1a: Poliwrath|0 fnt\n|faint|p1a: Poliwrath\n|\n|upkeep\n|\n|t:|1781464725\n|switch|p1a: Mightyena|Mightyena, L96, F|290/290\n|-ability|p1a: Mightyena|Intimidate|boost\n|-unboost|p2a: Dragalge|atk|1\n|turn|7\n|\n|t:|1781464731\n|switch|p2a: Oinkologne|Oinkologne-F, L92, F|361/361\n|move|p1a: Mightyena|Crunch|p2a: Oinkologne\n|-damage|p2a: Oinkologne|250/361\n|\n|-heal|p2a: Oinkologne|272/361|[from] item: Leftovers\n|upkeep\n|turn|8\n|\n|t:|1781464740\n|move|p1a: Mightyena|Taunt|p2a: Oinkologne\n|-block|p2a: Oinkologne|ability: Aroma Veil|[of] p2a: Oinkologne\n|move|p2a: Oinkologne|Body Slam|p1a: Mightyena\n|-damage|p1a: Mightyena|191/290\n|\n|-heal|p1a: Mightyena|209/290|[from] item: Leftovers\n|-heal|p2a: Oinkologne|294/361|[from] item: Leftovers\n|upkeep\n|turn|9\n|inactive|WhatEver2102 has 120 seconds left.\n|\n|t:|1781464778\n|switch|p1a: Palossand|Palossand, L89, F|296/296\n|move|p2a: Oinkologne|Body Slam|p1a: Palossand\n|-immune|p1a: Palossand\n|\n|-heal|p2a: Oinkologne|316/361|[from] item: Leftovers\n|upkeep\n|turn|10\n|inactive|WhatEver2102 has 120 seconds left.\n|\n|t:|1781464794\n|switch|p2a: Furret|Furret, L94, F|312/312\n|-item|p1a: Palossand|Leftovers|[from] ability: Frisk|[of] p2a: Furret\n|move|p1a: Palossand|Sludge Bomb|p2a: Furret\n|-damage|p2a: Furret|228/312\n|\n|upkeep\n|turn|11\n|inactive|WhatEver2102 has 120 seconds left.\n|\n|t:|1781464807\n|switch|p1a: Mightyena|Mightyena, L96, F|209/290\n|-ability|p1a: Mightyena|Intimidate|boost\n|-unboost|p2a: Furret|atk|1\n|move|p2a: Furret|Tidy Up|p2a: Furret\n|-boost|p2a: Furret|atk|1\n|-boost|p2a: Furret|spe|1\n|\n|-heal|p1a: Mightyena|227/290|[from] item: Leftovers\n|upkeep\n|turn|12\n|\n|t:|1781464815\n|move|p2a: Furret|Brick Break|p1a: Mightyena\n|-supereffective|p1a: Mightyena\n|-damage|p1a: Mightyena|68/290\n|-damage|p2a: Furret|197/312|[from] item: Life Orb\n|move|p1a: Mightyena|Crunch|p2a: Furret\n|-damage|p2a: Furret|82/312\n|-unboost|p2a: Furret|def|1\n|\n|-heal|p1a: Mightyena|86/290|[from] item: Leftovers\n|upkeep\n|turn|13\n|\n|t:|1781464821\n|move|p1a: Mightyena|Sucker Punch|p2a: Furret\n|-damage|p2a: Furret|0 fnt\n|faint|p2a: Furret\n|\n|-heal|p1a: Mightyena|104/290|[from] item: Leftovers\n|upkeep\n|\n|t:|1781464827\n|switch|p2a: Dragalge|Dragalge, L88, M|116/258\n|turn|14\n|\n|t:|1781464838\n|move|p1a: Mightyena|Crunch|p2a: Dragalge\n|-damage|p2a: Dragalge|23/258\n|move|p2a: Dragalge|Sludge Wave|p1a: Mightyena\n|-damage|p1a: Mightyena|0 fnt\n|faint|p1a: Mightyena\n|\n|upkeep\n|\n|t:|1781464857\n|switch|p1a: Lilligant|Lilligant, L86, F|261/261\n|turn|15\n|\n|t:|1781464881\n|move|p1a: Lilligant|Alluring Voice|p2a: Dragalge\n|-damage|p2a: Dragalge|0 fnt\n|faint|p2a: Dragalge\n|-damage|p1a: Lilligant|235/261|[from] item: Life Orb\n|\n|upkeep\n|\n|t:|1781464895\n|switch|p2a: Typhlosion|Typhlosion-Hisui, L83, M|257/257\n|turn|16\n|\n|t:|1781464904\n|switch|p2a: Oinkologne|Oinkologne-F, L92, F|316/361\n|move|p1a: Lilligant|Sleep Powder|p2a: Oinkologne\n|-status|p2a: Oinkologne|slp|[from] move: Sleep Powder\n|\n|-heal|p2a: Oinkologne|338/361 slp|[from] item: Leftovers\n|upkeep\n|turn|17\n|\n|t:|1781464910\n|switch|p1a: Sudowoodo|Sudowoodo, L94, M|284/284\n|switch|p2a: Typhlosion|Typhlosion-Hisui, L83, M|257/257\n|\n|upkeep\n|turn|18\n|\n|t:|1781464920\n|move|p2a: Typhlosion|Will-O-Wisp|p1a: Sudowoodo\n|-status|p1a: Sudowoodo|brn\n|move|p1a: Sudowoodo|Head Smash|p2a: Typhlosion\n|-supereffective|p2a: Typhlosion\n|-damage|p2a: Typhlosion|43/257\n|\n|-damage|p1a: Sudowoodo|267/284 brn|[from] brn\n|upkeep\n|turn|19\n|\n|t:|1781464933\n|move|p2a: Typhlosion|Shadow Ball|p1a: Sudowoodo\n|-damage|p1a: Sudowoodo|149/284 brn\n|-unboost|p1a: Sudowoodo|spd|1\n|move|p1a: Sudowoodo|Earthquake|p2a: Typhlosion\n|-supereffective|p2a: Typhlosion\n|-damage|p2a: Typhlosion|0 fnt\n|faint|p2a: Typhlosion\n|\n|-heal|p1a: Sudowoodo|166/284 brn|[from] item: Leftovers\n|-damage|p1a: Sudowoodo|149/284 brn|[from] brn\n|upkeep\n|\n|t:|1781464937\n|switch|p2a: Deoxys|Deoxys, L74|196/196\n|-ability|p2a: Deoxys|Pressure\n|turn|20\n|\n|t:|1781464943\n|move|p1a: Sudowoodo|Sucker Punch|p2a: Deoxys\n|-supereffective|p2a: Deoxys\n|-damage|p2a: Deoxys|100/196\n|move|p2a: Deoxys|Psycho Boost|p1a: Sudowoodo\n|-damage|p1a: Sudowoodo|0 fnt\n|-unboost|p2a: Deoxys|spa|2\n|faint|p1a: Sudowoodo\n|-damage|p2a: Deoxys|81/196|[from] item: Life Orb\n|\n|upkeep\n|\n|t:|1781464953\n|switch|p1a: Lilligant|Lilligant, L86, F|235/261\n|turn|21\n|inactive|ghostsgoghost has 120 seconds left.\n|\n|t:|1781464987\n|move|p2a: Deoxys|Knock Off|p1a: Lilligant\n|-damage|p1a: Lilligant|125/261\n|-enditem|p1a: Lilligant|Life Orb|[from] move: Knock Off|[of] p2a: Deoxys\n|-damage|p2a: Deoxys|62/196|[from] item: Life Orb\n|move|p1a: Lilligant|Quiver Dance|p1a: Lilligant\n|-boost|p1a: Lilligant|spa|1\n|-boost|p1a: Lilligant|spd|1\n|-boost|p1a: Lilligant|spe|1\n|\n|upkeep\n|turn|22\n|inactive|ghostsgoghost has 120 seconds left.\n|\n|t:|1781465009\n|move|p1a: Lilligant|Petal Dance|p2a: Deoxys\n|-damage|p2a: Deoxys|0 fnt\n|faint|p2a: Deoxys\n|\n|upkeep\n|\n|t:|1781465022\n|switch|p2a: Oinkologne|Oinkologne-F, L92, F|338/361 slp\n|turn|23\n|\n|t:|1781465028\n|move|p1a: Lilligant|Petal Dance|p2a: Oinkologne|[from] lockedmove\n|-damage|p2a: Oinkologne|133/361 slp\n|cant|p2a: Oinkologne|slp\n|move|p2a: Oinkologne|Sleep Talk|p2a: Oinkologne\n|move|p2a: Oinkologne|Body Slam|p1a: Lilligant|[from] move: Sleep Talk\n|-damage|p1a: Lilligant|4/261\n|-status|p1a: Lilligant|par\n|\n|-heal|p2a: Oinkologne|155/361 slp|[from] item: Leftovers\n|upkeep\n|turn|24\n|inactive|ghostsgoghost has 120 seconds left.\n|\n|t:|1781465037\n|cant|p2a: Oinkologne|slp\n|move|p2a: Oinkologne|Sleep Talk|p2a: Oinkologne\n|move|p2a: Oinkologne|Body Slam|p1a: Lilligant|[from] move: Sleep Talk\n|-damage|p1a: Lilligant|0 fnt\n|faint|p1a: Lilligant\n|\n|-heal|p2a: Oinkologne|177/361 slp|[from] item: Leftovers\n|upkeep\n|\n|t:|1781465043\n|switch|p1a: Palossand|Palossand, L89, F|296/296\n|turn|25\n|\n|t:|1781465055\n|switch|p2a: Electivire|Electivire, L84, F|263/263\n|move|p1a: Palossand|Earth Power|p2a: Electivire\n|-supereffective|p2a: Electivire\n|-damage|p2a: Electivire|21/263\n|\n|upkeep\n|turn|26\n|\n|t:|1781465064\n|-terastallize|p2a: Electivire|Ice\n|move|p2a: Electivire|Ice Punch|p1a: Palossand\n|-supereffective|p1a: Palossand\n|-damage|p1a: Palossand|106/296\n|-damage|p2a: Electivire|0 fnt|[from] item: Life Orb\n|faint|p2a: Electivire\n|move|p1a: Palossand|Sludge Bomb|p2: Electivire|[notarget]\n|-fail|p1a: Palossand\n|\n|-heal|p1a: Palossand|124/296|[from] item: Leftovers\n|upkeep\n|-message|ghostsgoghost forfeited.\n|\n|win|WhatEver2102\n", "uploadtime": 1781464604, "views": 7, "formatid": "gen9randombattle", "rating": null, "private": 0, "password": null}