{"id": "gen9randombattle-2632017465", "format": "[Gen 9] Random Battle", "players": ["CORVINHO004", "BryanLegal"], "log": "|j|\u2606CORVINHO004\n|j|\u2606BryanLegal\n|t:|1781466403\n|gametype|singles\n|player|p1|CORVINHO004|lucas|\n|player|p2|BryanLegal|blue|\n|gen|9\n|tier|[Gen 9] Random Battle\n|rule|Species Clause: Limit one of each Pok\u00e9mon\n|rule|HP Percentage Mod: HP is shown in percentages\n|rule|Sleep Clause Mod: Limit one foe put to sleep\n|rule|Illusion Level Mod: Illusion disguises the Pok\u00e9mon's true level\n|\n|t:|1781466403\n|teamsize|p1|6\n|teamsize|p2|6\n|start\n|switch|p1a: Basculin|Basculin, L86, F|261/261\n|switch|p2a: Ceruledge|Ceruledge, L78, M|245/245\n|turn|1\n|\n|t:|1781466435\n|switch|p2a: Veluza|Veluza, L85, M|292/292\n|move|p1a: Basculin|Wave Crash|p2a: Veluza\n|-resisted|p2a: Veluza\n|-damage|p2a: Veluza|143/292\n|-enditem|p2a: Veluza|Sitrus Berry|[eat]\n|-heal|p2a: Veluza|216/292|[from] item: Sitrus Berry\n|-damage|p1a: Basculin|212/261|[from] Recoil\n|\n|upkeep\n|turn|2\n|j| isabella rossi\n|\n|t:|1781466446\n|switch|p1a: Jolteon|Jolteon, L84, F|246/246\n|move|p2a: Veluza|Fillet Away|p2a: Veluza\n|-boost|p2a: Veluza|atk|2\n|-boost|p2a: Veluza|spa|2\n|-boost|p2a: Veluza|spe|2\n|-damage|p2a: Veluza|70/292\n|\n|upkeep\n|turn|3\n|\n|t:|1781466468\n|switch|p2a: Eternatus|Eternatus, L69|308/308\n|-ability|p2a: Eternatus|Pressure\n|move|p1a: Jolteon|Shadow Ball|p2a: Eternatus\n|-damage|p2a: Eternatus|217/308\n|-damage|p1a: Jolteon|222/246|[from] item: Life Orb\n|\n|-heal|p2a: Eternatus|236/308|[from] item: Leftovers\n|upkeep\n|turn|4\n|\n|t:|1781466480\n|move|p1a: Jolteon|Calm Mind|p1a: Jolteon\n|-boost|p1a: Jolteon|spa|1\n|-boost|p1a: Jolteon|spd|1\n|move|p2a: Eternatus|Dynamax Cannon|p1a: Jolteon\n|-damage|p1a: Jolteon|159/246\n|\n|-heal|p2a: Eternatus|255/308|[from] item: Leftovers\n|upkeep\n|turn|5\n|\n|t:|1781466488\n|move|p1a: Jolteon|Calm Mind|p1a: Jolteon\n|-boost|p1a: Jolteon|spa|1\n|-boost|p1a: Jolteon|spd|1\n|move|p2a: Eternatus|Sludge Bomb|p1a: Jolteon\n|-damage|p1a: Jolteon|117/246\n|-status|p1a: Jolteon|psn\n|\n|-heal|p2a: Eternatus|274/308|[from] item: Leftovers\n|-damage|p1a: Jolteon|87/246 psn|[from] psn\n|upkeep\n|turn|6\n|\n|t:|1781466503\n|move|p1a: Jolteon|Shadow Ball|p2a: Eternatus\n|-damage|p2a: Eternatus|101/308\n|-damage|p1a: Jolteon|63/246 psn|[from] item: Life Orb\n|move|p2a: Eternatus|Sludge Bomb|p1a: Jolteon\n|-damage|p1a: Jolteon|23/246 psn\n|\n|-heal|p2a: Eternatus|120/308|[from] item: Leftovers\n|-damage|p1a: Jolteon|0 fnt|[from] psn\n|faint|p1a: Jolteon\n|upkeep\n|\n|t:|1781466515\n|switch|p1a: Girafarig|Girafarig, L89, F|269/269\n|turn|7\n|\n|t:|1781466526\n|switch|p2a: Ceruledge|Ceruledge, L78, M|245/245\n|move|p1a: Girafarig|Psyshock|p2a: Ceruledge\n|-damage|p2a: Ceruledge|151/245\n|\n|upkeep\n|turn|8\n|\n|t:|1781466559\n|move|p1a: Girafarig|Shadow Ball|p2a: Ceruledge\n|-supereffective|p2a: Ceruledge\n|-damage|p2a: Ceruledge|35/245\n|move|p2a: Ceruledge|Poltergeist|p1a: Girafarig\n|-immune|p1a: Girafarig\n|\n|upkeep\n|turn|9\n|\n|t:|1781466568\n|move|p1a: Girafarig|Shadow Ball|p2a: Ceruledge\n|-supereffective|p2a: Ceruledge\n|-damage|p2a: Ceruledge|0 fnt\n|faint|p2a: Ceruledge\n|\n|upkeep\n|\n|t:|1781466574\n|switch|p2a: Veluza|Veluza, L85, M|70/292\n|turn|10\n|\n|t:|1781466586\n|move|p1a: Girafarig|Shadow Ball|p2a: Veluza\n|-supereffective|p2a: Veluza\n|-damage|p2a: Veluza|0 fnt\n|faint|p2a: Veluza\n|\n|upkeep\n|\n|t:|1781466590\n|switch|p2a: Overqwil|Overqwil, L82, M|274/274\n|-ability|p2a: Overqwil|Intimidate|boost\n|-unboost|p1a: Girafarig|atk|1\n|turn|11\n|\n|t:|1781466608\n|move|p1a: Girafarig|Thunderbolt|p2a: Overqwil\n|-damage|p2a: Overqwil|186/274\n|-status|p2a: Overqwil|par\n|cant|p2a: Overqwil|par\n|\n|upkeep\n|turn|12\n|\n|t:|1781466626\n|move|p1a: Girafarig|Thunderbolt|p2a: Overqwil\n|-damage|p2a: Overqwil|107/274 par\n|move|p2a: Overqwil|Crunch|p1a: Girafarig\n|-supereffective|p1a: Girafarig\n|-damage|p1a: Girafarig|90/269\n|-damage|p2a: Overqwil|80/274 par|[from] item: Life Orb\n|\n|upkeep\n|turn|13\n|\n|t:|1781466635\n|move|p1a: Girafarig|Thunderbolt|p2a: Overqwil\n|-crit|p2a: Overqwil\n|-damage|p2a: Overqwil|0 fnt\n|faint|p2a: Overqwil\n|\n|upkeep\n|\n|t:|1781466640\n|switch|p2a: Chimecho|Chimecho, L93, F|290/290\n|turn|14\n|\n|t:|1781466648\n|move|p1a: Girafarig|Shadow Ball|p2a: Chimecho\n|-supereffective|p2a: Chimecho\n|-damage|p2a: Chimecho|178/290\n|move|p2a: Chimecho|Knock Off|p1a: Girafarig\n|-supereffective|p1a: Girafarig\n|-damage|p1a: Girafarig|6/269\n|-enditem|p1a: Girafarig|Eviolite|[from] move: Knock Off|[of] p2a: Chimecho\n|\n|-heal|p2a: Chimecho|196/290|[from] item: Leftovers\n|upkeep\n|turn|15\n|\n|t:|1781466657\n|move|p1a: Girafarig|Shadow Ball|p2a: Chimecho\n|-supereffective|p2a: Chimecho\n|-damage|p2a: Chimecho|94/290\n|move|p2a: Chimecho|Knock Off|p1a: Girafarig\n|-supereffective|p1a: Girafarig\n|-damage|p1a: Girafarig|0 fnt\n|faint|p1a: Girafarig\n|\n|-heal|p2a: Chimecho|112/290|[from] item: Leftovers\n|upkeep\n|\n|t:|1781466669\n|switch|p1a: Alomomola|Alomomola, L87, M|429/429\n|turn|16\n|\n|t:|1781466674\n|move|p2a: Chimecho|Recover|p2a: Chimecho\n|-heal|p2a: Chimecho|257/290\n|move|p1a: Alomomola|Scald|p2a: Chimecho\n|-damage|p2a: Chimecho|211/290\n|\n|-heal|p2a: Chimecho|229/290|[from] item: Leftovers\n|upkeep\n|turn|17\n|\n|t:|1781466684\n|switch|p2a: Glastrier|Glastrier, L86|312/312\n|move|p1a: Alomomola|Wish|p1a: Alomomola\n|\n|upkeep\n|turn|18\n|\n|t:|1781466692\n|move|p1a: Alomomola|Flip Turn|p2a: Glastrier\n|-damage|p2a: Glastrier|270/312\n|inactive|Battle timer is ON: inactive players will automatically lose when time's up. (requested by BryanLegal)\n|\n|t:|1781466702\n|switch|p1a: Terrakion|Terrakion, L79|273/273|[from] Flip Turn\n|move|p2a: Glastrier|Close Combat|p1a: Terrakion\n|-supereffective|p1a: Terrakion\n|-damage|p1a: Terrakion|1/273\n|-unboost|p2a: Glastrier|def|1\n|-unboost|p2a: Glastrier|spd|1\n|\n|-heal|p1a: Terrakion|215/273|[from] move: Wish|[wisher] Alomomola\n|upkeep\n|turn|19\n|\n|t:|1781466716\n|move|p1a: Terrakion|Close Combat|p2a: Glastrier\n|-supereffective|p2a: Glastrier\n|-damage|p2a: Glastrier|0 fnt\n|-unboost|p1a: Terrakion|def|1\n|-unboost|p1a: Terrakion|spd|1\n|faint|p2a: Glastrier\n|\n|upkeep\n|\n|t:|1781466718\n|switch|p2a: Eternatus|Eternatus, L69|120/308\n|-ability|p2a: Eternatus|Pressure\n|turn|20\n|\n|t:|1781466727\n|move|p2a: Eternatus|Dynamax Cannon|p1a: Terrakion\n|-damage|p1a: Terrakion|58/273\n|move|p1a: Terrakion|Close Combat|p2a: Eternatus\n|-resisted|p2a: Eternatus\n|-damage|p2a: Eternatus|0 fnt\n|-unboost|p1a: Terrakion|def|1\n|-unboost|p1a: Terrakion|spd|1\n|faint|p2a: Eternatus\n|\n|upkeep\n|\n|t:|1781466731\n|switch|p2a: Chimecho|Chimecho, L93, F|229/290\n|turn|21\n|\n|t:|1781466739\n|move|p1a: Terrakion|Close Combat|p2a: Chimecho\n|-resisted|p2a: Chimecho\n|-damage|p2a: Chimecho|127/290\n|-unboost|p1a: Terrakion|def|1\n|-unboost|p1a: Terrakion|spd|1\n|move|p2a: Chimecho|Encore|p1a: Terrakion\n|-start|p1a: Terrakion|Encore\n|\n|-heal|p2a: Chimecho|145/290|[from] item: Leftovers\n|upkeep\n|turn|22\n|\n|t:|1781466752\n|move|p1a: Terrakion|Close Combat|p2a: Chimecho\n|-resisted|p2a: Chimecho\n|-damage|p2a: Chimecho|52/290\n|-unboost|p1a: Terrakion|def|1\n|-unboost|p1a: Terrakion|spd|1\n|move|p2a: Chimecho|Psychic Noise|p1a: Terrakion\n|-supereffective|p1a: Terrakion\n|-damage|p1a: Terrakion|0 fnt\n|faint|p1a: Terrakion\n|\n|-heal|p2a: Chimecho|70/290|[from] item: Leftovers\n|upkeep\n|\n|t:|1781466763\n|switch|p1a: Kingambit|Kingambit, L74, F|270/270\n|-activate|p1a: Kingambit|ability: Supreme Overlord\n|-start|p1a: Kingambit|fallen3|[silent]\n|turn|23\n|\n|t:|1781466778\n|-terastallize|p2a: Chimecho|Steel\n|move|p2a: Chimecho|Recover|p2a: Chimecho\n|-heal|p2a: Chimecho|215/290\n|move|p1a: Kingambit|Swords Dance|p1a: Kingambit\n|-boost|p1a: Kingambit|atk|2\n|\n|-heal|p2a: Chimecho|233/290|[from] item: Leftovers\n|upkeep\n|turn|24\n|\n|t:|1781466793\n|move|p2a: Chimecho|Encore|p1a: Kingambit\n|-start|p1a: Kingambit|Encore\n|move|p1a: Kingambit|Swords Dance|p1a: Kingambit\n|-boost|p1a: Kingambit|atk|2\n|\n|-heal|p2a: Chimecho|251/290|[from] item: Leftovers\n|upkeep\n|turn|25\n|\n|t:|1781466802\n|move|p2a: Chimecho|Psychic Noise|p1a: Kingambit\n|-immune|p1a: Kingambit\n|move|p1a: Kingambit|Swords Dance|p1a: Kingambit\n|-boost|p1a: Kingambit|atk|2\n|\n|-heal|p2a: Chimecho|269/290|[from] item: Leftovers\n|upkeep\n|turn|26\n|\n|t:|1781466810\n|move|p2a: Chimecho|Knock Off|p1a: Kingambit\n|-resisted|p1a: Kingambit\n|-damage|p1a: Kingambit|247/270\n|-enditem|p1a: Kingambit|Leftovers|[from] move: Knock Off|[of] p2a: Chimecho\n|move|p1a: Kingambit|Swords Dance|p1a: Kingambit\n|-boost|p1a: Kingambit|atk|0\n|\n|-heal|p2a: Chimecho|287/290|[from] item: Leftovers\n|-end|p1a: Kingambit|Encore\n|upkeep\n|turn|27\n|\n|t:|1781466820\n|move|p2a: Chimecho|Knock Off|p1a: Kingambit\n|-resisted|p1a: Kingambit\n|-damage|p1a: Kingambit|231/270\n|move|p1a: Kingambit|Kowtow Cleave|p2a: Chimecho\n|-damage|p2a: Chimecho|0 fnt\n|faint|p2a: Chimecho\n|\n|win|CORVINHO004\n|l|\u2606BryanLegal\n|player|p2|\n", "inputlog": ">version a8376a258c1d4662feba110a92103f3664a72141\n>start {\"formatid\":\"gen9randombattle\",\"seed\":\"sodium,f610fcce5f98937318cb5039a87629f9\"}\n>player p1 {\"name\":\"CORVINHO004\",\"avatar\":\"lucas\",\"rating\":0,\"seed\":\"sodium,1571f88dbeb7227ffd62e4d65a66fe38\"}\n>player p2 {\"name\":\"BryanLegal\",\"avatar\":\"blue\",\"rating\":0,\"seed\":\"sodium,9d990231ec0058e349b79f7217dd6319\"}\n>p1 move wavecrash\n>p2 switch 3\n>p1 switch 5\n>p2 move filletaway\n>p1 move shadowball\n>p2 switch 5\n>p1 move calmmind\n>p2 move dynamaxcannon\n>p1 move calmmind\n>p2 move sludgebomb\n>p1 move shadowball\n>p2 move sludgebomb\n>p1 switch 6\n>p1 move psyshock\n>p2 switch 3\n>p1 move shadowball\n>p2 move poltergeist\n>p1 move shadowball\n>p2 move bitterblade\n>p2 switch 5\n>p1 move shadowball\n>p2 move nightslash\n>p2 switch 2\n>p1 move thunderbolt\n>p2 move crunch\n>p1 move thunderbolt\n>p2 move crunch\n>p1 move thunderbolt\n>p2 move crunch\n>p2 switch 4\n>p1 move shadowball\n>p2 move knockoff\n>p1 move shadowball\n>p2 move knockoff\n>p1 switch 3\n>p1 move scald\n>p2 move recover\n>p1 move wish\n>p2 switch 6\n>p1 move flipturn\n>p2 move closecombat\n>p1 switch 4\n>p1 move closecombat\n>p2 move closecombat\n>p2 switch 3\n>p1 move closecombat\n>p2 move dynamaxcannon\n>p2 switch 6\n>p1 move closecombat\n>p2 move encore\n>p1 move closecombat\n>p2 move psychicnoise\n>p1 switch 2\n>p1 move swordsdance\n>p2 move recover terastallize\n>p1 move kowtowcleave\n>p2 move encore\n>p1 move swordsdance\n>p2 move psychicnoise\n>p1 move swordsdance\n>p2 move knockoff\n>p1 move kowtowcleave\n>p2 move knockoff", "uploadtime": 1781466836, "views": 2, "formatid": "gen9randombattle", "rating": null, "private": 0, "password": null}