{"id": "gen9randombattle-2631917368", "format": "[Gen 9] Random Battle", "players": ["Knayrus", "noKlew"], "log": "|j|\u2606Knayrus\n|j|\u2606noKlew\n|t:|1781455414\n|gametype|singles\n|player|p1|Knayrus|drayden|2177\n|player|p2|noKlew|265|2103\n|gen|9\n|tier|[Gen 9] Random Battle\n|rated|\n|rule|Species Clause: Limit one of each Pok\u00e9mon\n|rule|HP Percentage Mod: HP is shown in percentages\n|rule|Sleep Clause Mod: Limit one foe put to sleep\n|rule|Illusion Level Mod: Illusion disguises the Pok\u00e9mon's true level\n|\n|t:|1781455414\n|teamsize|p1|6\n|teamsize|p2|6\n|start\n|switch|p1a: Dugtrio|Dugtrio-Alola, L84, M|196/196\n|switch|p2a: Toxicroak|Toxicroak, L84, M|277/277\n|turn|1\n|inactive|Battle timer is ON: inactive players will automatically lose when time's up. (requested by noKlew)\n|\n|t:|1781455434\n|switch|p2a: Moltres|Moltres-Galar, L79|271/271\n|move|p1a: Dugtrio|Earthquake|p2a: Moltres\n|-immune|p2a: Moltres\n|\n|upkeep\n|turn|2\n|\n|t:|1781455442\n|switch|p1a: Crawdaunt|Crawdaunt, L84, M|243/243\n|move|p2a: Moltres|Agility|p2a: Moltres\n|-boost|p2a: Moltres|spe|2\n|\n|upkeep\n|turn|3\n|\n|t:|1781455456\n|move|p2a: Moltres|Hurricane|p1a: Crawdaunt|[miss]\n|-miss|p2a: Moltres|p1a: Crawdaunt\n|move|p1a: Crawdaunt|Crabhammer|p2a: Moltres\n|-damage|p2a: Moltres|55/271\n|-ability|p2a: Moltres|Berserk|boost\n|-boost|p2a: Moltres|spa|1\n|-damage|p1a: Crawdaunt|219/243|[from] item: Life Orb\n|\n|upkeep\n|turn|4\n|\n|t:|1781455468\n|move|p1a: Crawdaunt|Aqua Jet|p2a: Moltres\n|-damage|p2a: Moltres|0 fnt\n|faint|p2a: Moltres\n|-damage|p1a: Crawdaunt|195/243|[from] item: Life Orb\n|\n|upkeep\n|\n|t:|1781455493\n|switch|p2a: Urshifu|Urshifu-Rapid-Strike, L75, M|274/274\n|turn|5\n|\n|t:|1781455501\n|move|p2a: Urshifu|Swords Dance|p2a: Urshifu\n|-boost|p2a: Urshifu|atk|2\n|move|p1a: Crawdaunt|Knock Off|p2a: Urshifu\n|-resisted|p2a: Urshifu\n|-damage|p2a: Urshifu|177/274\n|-enditem|p2a: Urshifu|Life Orb|[from] move: Knock Off|[of] p1a: Crawdaunt\n|-damage|p1a: Crawdaunt|171/243|[from] item: Life Orb\n|\n|upkeep\n|turn|6\n|\n|t:|1781455519\n|move|p1a: Crawdaunt|Aqua Jet|p2a: Urshifu\n|-resisted|p2a: Urshifu\n|-damage|p2a: Urshifu|128/274\n|-damage|p1a: Crawdaunt|147/243|[from] item: Life Orb\n|move|p2a: Urshifu|Close Combat|p1a: Crawdaunt\n|-supereffective|p1a: Crawdaunt\n|-damage|p1a: Crawdaunt|0 fnt\n|-unboost|p2a: Urshifu|def|1\n|-unboost|p2a: Urshifu|spd|1\n|faint|p1a: Crawdaunt\n|\n|upkeep\n|\n|t:|1781455531\n|switch|p1a: Inteleon|Inteleon, L81, M|246/246\n|turn|7\n|\n|t:|1781455545\n|switch|p2a: Toxicroak|Toxicroak, L84, M|277/277\n|move|p1a: Inteleon|Hydro Pump|p2a: Toxicroak\n|-immune|p2a: Toxicroak|[from] ability: Dry Skin\n|\n|upkeep\n|turn|8\n|\n|t:|1781455552\n|switch|p1a: Iron Moth|Iron Moth, L78|253/253\n|move|p2a: Toxicroak|Close Combat|p1a: Iron Moth\n|-resisted|p1a: Iron Moth\n|-damage|p1a: Iron Moth|135/253\n|-unboost|p2a: Toxicroak|def|1\n|-unboost|p2a: Toxicroak|spd|1\n|-damage|p2a: Toxicroak|250/277|[from] item: Life Orb\n|\n|upkeep\n|turn|9\n|\n|t:|1781455564\n|switch|p2a: Urshifu|Urshifu-Rapid-Strike, L75, M|128/274\n|move|p1a: Iron Moth|Fiery Dance|p2a: Urshifu\n|-resisted|p2a: Urshifu\n|-damage|p2a: Urshifu|22/274\n|\n|upkeep\n|turn|10\n|\n|t:|1781455570\n|move|p1a: Iron Moth|Fiery Dance|p2a: Urshifu\n|-resisted|p2a: Urshifu\n|-damage|p2a: Urshifu|0 fnt\n|-boost|p1a: Iron Moth|spa|1\n|faint|p2a: Urshifu\n|\n|upkeep\n|\n|t:|1781455576\n|switch|p2a: Barraskewda|Barraskewda, L81, F|231/231\n|turn|11\n|\n|t:|1781455582\n|-end|p1a: Iron Moth|Quark Drive|[silent]\n|switch|p1a: Inteleon|Inteleon, L81, M|246/246\n|move|p2a: Barraskewda|Flip Turn|p1a: Inteleon\n|-resisted|p1a: Inteleon\n|-damage|p1a: Inteleon|182/246\n|\n|t:|1781455592\n|switch|p2a: Toxicroak|Toxicroak, L84, M|250/277|[from] Flip Turn\n|\n|upkeep\n|turn|12\n|\n|t:|1781455602\n|move|p1a: Inteleon|Ice Beam|p2a: Toxicroak\n|-damage|p2a: Toxicroak|123/277\n|move|p2a: Toxicroak|Close Combat|p1a: Inteleon\n|-damage|p1a: Inteleon|0 fnt\n|-unboost|p2a: Toxicroak|def|1\n|-unboost|p2a: Toxicroak|spd|1\n|faint|p1a: Inteleon\n|-damage|p2a: Toxicroak|96/277|[from] item: Life Orb\n|\n|upkeep\n|\n|t:|1781455609\n|switch|p1a: Dugtrio|Dugtrio-Alola, L84, M|196/196\n|turn|13\n|\n|t:|1781455615\n|move|p1a: Dugtrio|Earthquake|p2a: Toxicroak\n|-supereffective|p2a: Toxicroak\n|-damage|p2a: Toxicroak|0 fnt\n|faint|p2a: Toxicroak\n|\n|upkeep\n|\n|t:|1781455620\n|switch|p2a: Barraskewda|Barraskewda, L81, F|231/231\n|turn|14\n|\n|t:|1781455637\n|switch|p1a: Iron Moth|Iron Moth, L78|135/253\n|move|p2a: Barraskewda|Flip Turn|p1a: Iron Moth\n|-supereffective|p1a: Iron Moth\n|-damage|p1a: Iron Moth|0 fnt\n|faint|p1a: Iron Moth\n|-end|p1a: Iron Moth|Quark Drive|[silent]\n|\n|t:|1781455643\n|switch|p2a: Spiritomb|Spiritomb, L89, M|234/234|[from] Flip Turn\n|\n|upkeep\n|\n|t:|1781455650\n|switch|p1a: Dugtrio|Dugtrio-Alola, L84, M|196/196\n|turn|15\n|\n|t:|1781455657\n|move|p1a: Dugtrio|Earthquake|p2a: Spiritomb\n|-damage|p2a: Spiritomb|95/234\n|move|p2a: Spiritomb|Foul Play|p1a: Dugtrio\n|-damage|p1a: Dugtrio|51/196\n|-ability|p1a: Dugtrio|Tangling Hair\n|-unboost|p2a: Spiritomb|spe|1\n|\n|-heal|p2a: Spiritomb|109/234|[from] item: Leftovers\n|upkeep\n|turn|16\n|\n|t:|1781455664\n|move|p2a: Spiritomb|Shadow Sneak|p1a: Dugtrio\n|-damage|p1a: Dugtrio|0 fnt\n|-ability|p1a: Dugtrio|Tangling Hair\n|-unboost|p2a: Spiritomb|spe|1\n|faint|p1a: Dugtrio\n|\n|-heal|p2a: Spiritomb|123/234|[from] item: Leftovers\n|upkeep\n|\n|t:|1781455669\n|switch|p1a: Terapagos|Terapagos, L77, F|265/265\n|-activate|p1a: Terapagos|ability: Tera Shift\n|detailschange|p1a: Terapagos|Terapagos-Terastal, L77, F\n|-heal|p1a: Terapagos|273/273|[silent]\n|turn|17\n|\n|t:|1781455673\n|move|p1a: Terapagos|Calm Mind|p1a: Terapagos\n|-boost|p1a: Terapagos|spa|1\n|-boost|p1a: Terapagos|spd|1\n|move|p2a: Spiritomb|Toxic|p1a: Terapagos\n|-status|p1a: Terapagos|tox\n|\n|-heal|p2a: Spiritomb|137/234|[from] item: Leftovers\n|-damage|p1a: Terapagos|256/273 tox|[from] psn\n|upkeep\n|turn|18\n|\n|t:|1781455686\n|switch|p2a: Cinderace|Cinderace, L77, M|249/249\n|move|p1a: Terapagos|Tera Starstorm|p2a: Cinderace\n|-damage|p2a: Cinderace|29/249\n|\n|-damage|p1a: Terapagos|222/273 tox|[from] psn\n|upkeep\n|turn|19\n|\n|t:|1781455702\n|switch|p1a: Tauros|Tauros-Paldea-Blaze, L81, M|254/254\n|-ability|p1a: Tauros|Intimidate|boost\n|-unboost|p2a: Cinderace|atk|1\n|move|p2a: Cinderace|High Jump Kick|p1a: Tauros\n|-start|p2a: Cinderace|typechange|Fighting|[from] ability: Libero\n|-damage|p1a: Tauros|125/254\n|\n|upkeep\n|turn|20\n|\n|t:|1781455725\n|move|p2a: Cinderace|High Jump Kick|p1a: Tauros|[miss]\n|-miss|p2a: Cinderace|p1a: Tauros\n|-damage|p2a: Cinderace|0 fnt|[from] highjumpkick\n|faint|p2a: Cinderace\n|move|p1a: Tauros|Wild Charge|p2: Cinderace|[notarget]\n|-fail|p1a: Tauros\n|\n|upkeep\n|\n|t:|1781455736\n|switch|p2a: Barraskewda|Barraskewda, L81, F|231/231\n|turn|21\n|\n|t:|1781455742\n|-terastallize|p2a: Barraskewda|Fighting\n|move|p2a: Barraskewda|Close Combat|p1a: Tauros\n|-damage|p1a: Tauros|0 fnt\n|-unboost|p2a: Barraskewda|def|1\n|-unboost|p2a: Barraskewda|spd|1\n|faint|p1a: Tauros\n|\n|upkeep\n|\n|t:|1781455746\n|switch|p1a: Terapagos|Terapagos-Terastal, L77, F|222/273 tox\n|turn|22\n|\n|t:|1781455753\n|-terastallize|p1a: Terapagos|Stellar\n|detailschange|p1a: Terapagos|Terapagos-Stellar, L77, F, tera:Stellar\n|-heal|p1a: Terapagos|322/373 tox|[silent]\n|move|p2a: Barraskewda|Close Combat|p1a: Terapagos\n|-supereffective|p1a: Terapagos\n|-damage|p1a: Terapagos|0 fnt\n|-unboost|p2a: Barraskewda|def|1\n|-unboost|p2a: Barraskewda|spd|1\n|faint|p1a: Terapagos\n|detailschange|p1: Terapagos|Terapagos, L77, F|[silent]\n|\n|win|noKlew\n", "inputlog": ">version a8376a258c1d4662feba110a92103f3664a72141\n>start {\"formatid\":\"gen9randombattle\",\"seed\":\"sodium,c77fae79783272487be2637846310128\",\"rated\":\"Rated battle\"}\n>player p1 {\"name\":\"Knayrus\",\"avatar\":\"drayden\",\"rating\":2177,\"seed\":\"sodium,12d66d89038910fe5ecac00a1ce5e320\"}\n>player p2 {\"name\":\"noKlew\",\"avatar\":\"265\",\"rating\":2103,\"seed\":\"sodium,6e6bdcc726ffdfa2cdcd845698769d09\"}\n>p1 move earthquake\n>p2 switch 4\n>p1 switch 4\n>p2 move agility\n>p1 move crabhammer\n>p2 move hurricane\n>p1 move aquajet\n>p2 move hurricane\n>p2 switch 3\n>p1 move knockoff\n>p2 move swordsdance\n>p1 move aquajet\n>p2 move closecombat\n>p1 switch 5\n>p1 move hydropump\n>p2 switch 4\n>p1 switch 6\n>p2 move closecombat\n>p1 move fierydance\n>p2 switch 4\n>p1 move fierydance\n>p2 move surgingstrikes\n>p2 switch 6\n>p1 switch 6\n>p2 move flipturn\n>p2 switch 4\n>p1 move icebeam\n>p2 move closecombat\n>p1 switch 4\n>p1 move earthquake\n>p2 move closecombat\n>p2 switch 4\n>p1 switch 6\n>p2 move flipturn\n>p2 switch 5\n>p1 switch 6\n>p1 move earthquake\n>p2 move foulplay\n>p1 move earthquake\n>p2 move shadowsneak\n>p1 switch 3\n>p1 move calmmind\n>p2 move toxic\n>p1 move terastarstorm\n>p2 switch 2\n>p1 switch 2\n>p2 move highjumpkick\n>p1 move wildcharge\n>p2 move highjumpkick\n>p2 switch 5\n>p1 move wildcharge\n>p2 move closecombat terastallize\n>p1 switch 2\n>p1 move rest terastallize\n>p2 move closecombat", "uploadtime": 1781455417, "views": 5, "formatid": "gen9randombattle", "rating": null, "private": 0, "password": null}