{"id": "gen9randombattle-2631614461", "format": "[Gen 9] Random Battle", "players": ["zenkijooj", "It'sOnlyRed?"], "log": "|j|\u2606zenkijooj\n|j|\u2606It'sOnlyRed?\n|t:|1781409099\n|gametype|singles\n|player|p1|zenkijooj|rosa|1922\n|player|p2|It'sOnlyRed?|blue-gen3|2026\n|gen|9\n|tier|[Gen 9] Random Battle\n|rated|\n|rule|Species Clause: Limit one of each Pok\u00e9mon\n|rule|HP Percentage Mod: HP is shown in percentages\n|rule|Sleep Clause Mod: Limit one foe put to sleep\n|rule|Illusion Level Mod: Illusion disguises the Pok\u00e9mon's true level\n|\n|t:|1781409099\n|teamsize|p1|6\n|teamsize|p2|6\n|start\n|switch|p1a: Mightyena|Mightyena, L96, F|290/290\n|switch|p2a: Tropius|Tropius, L91, M|328/328\n|-ability|p1a: Mightyena|Intimidate|boost\n|-unboost|p2a: Tropius|atk|1\n|turn|1\n|inactive|Battle timer is ON: inactive players will automatically lose when time's up. (requested by It'sOnlyRed?)\n|\n|t:|1781409125\n|switch|p2a: Orthworm|Orthworm, L88, F|266/266\n|move|p1a: Mightyena|Taunt|p2a: Orthworm\n|-start|p2a: Orthworm|move: Taunt\n|\n|upkeep\n|turn|2\n|\n|t:|1781409147\n|switch|p1a: Jolteon|Jolteon, L84, M|246/246\n|move|p2a: Orthworm|Body Press|p1a: Jolteon\n|-damage|p1a: Jolteon|127/246\n|\n|-heal|p1a: Jolteon|142/246|[from] item: Leftovers\n|upkeep\n|turn|3\n|\n|t:|1781409165\n|switch|p2a: Snorlax|Snorlax, L82, F|397/397\n|move|p1a: Jolteon|Thunderbolt|p2a: Snorlax\n|-damage|p2a: Snorlax|313/397\n|\n|-heal|p1a: Jolteon|157/246|[from] item: Leftovers\n|upkeep\n|turn|4\n|\n|t:|1781409181\n|switch|p1a: Mightyena|Mightyena, L96, F|290/290\n|-ability|p1a: Mightyena|Intimidate|boost\n|-unboost|p2a: Snorlax|atk|1\n|move|p2a: Snorlax|Body Slam|p1a: Mightyena\n|-damage|p1a: Mightyena|229/290\n|\n|-heal|p1a: Mightyena|247/290|[from] item: Leftovers\n|upkeep\n|turn|5\n|inactive|zenkijooj has 120 seconds left.\n|\n|t:|1781409207\n|switch|p1a: Fezandipiti|Fezandipiti, L82, M|278/278\n|switch|p2a: Orthworm|Orthworm, L88, F|266/266\n|\n|upkeep\n|turn|6\n|inactive|zenkijooj has 120 seconds left.\n|\n|t:|1781409230\n|switch|p1a: Mightyena|Mightyena, L96, F|247/290\n|-ability|p1a: Mightyena|Intimidate|boost\n|-unboost|p2a: Orthworm|atk|1\n|move|p2a: Orthworm|Spikes|p1a: Mightyena\n|-sidestart|p1: zenkijooj|Spikes\n|\n|-heal|p1a: Mightyena|265/290|[from] item: Leftovers\n|upkeep\n|turn|7\n|inactive|zenkijooj has 90 seconds left.\n|\n|t:|1781409271\n|move|p1a: Mightyena|Taunt|p2a: Orthworm\n|-start|p2a: Orthworm|move: Taunt\n|move|p2a: Orthworm|Body Press|p1a: Mightyena\n|-supereffective|p1a: Mightyena\n|-damage|p1a: Mightyena|95/290\n|\n|-heal|p1a: Mightyena|113/290|[from] item: Leftovers\n|upkeep\n|turn|8\n|\n|t:|1781409276\n|move|p1a: Mightyena|Throat Chop|p2a: Orthworm\n|-damage|p2a: Orthworm|199/266\n|-start|p2a: Orthworm|Throat Chop|[silent]\n|move|p2a: Orthworm|Body Press|p1a: Mightyena\n|-supereffective|p1a: Mightyena\n|-damage|p1a: Mightyena|0 fnt\n|faint|p1a: Mightyena\n|\n|-heal|p2a: Orthworm|215/266|[from] item: Leftovers\n|upkeep\n|inactive|zenkijooj has 90 seconds left.\n|\n|t:|1781409296\n|switch|p1a: Jolteon|Jolteon, L84, M|157/246\n|-damage|p1a: Jolteon|127/246|[from] Spikes\n|turn|9\n|\n|t:|1781409307\n|switch|p1a: Cloyster|Cloyster, L80, F|211/211\n|-damage|p1a: Cloyster|185/211|[from] Spikes\n|switch|p2a: Snorlax|Snorlax, L82, F|313/397\n|\n|upkeep\n|turn|10\n|\n|t:|1781409315\n|move|p1a: Cloyster|Shell Smash|p1a: Cloyster\n|-unboost|p1a: Cloyster|def|1\n|-unboost|p1a: Cloyster|spd|1\n|-boost|p1a: Cloyster|atk|2\n|-boost|p1a: Cloyster|spa|2\n|-boost|p1a: Cloyster|spe|2\n|-enditem|p1a: Cloyster|White Herb\n|-clearnegativeboost|p1a: Cloyster|[silent]\n|move|p2a: Snorlax|Body Slam|p1a: Cloyster\n|-damage|p1a: Cloyster|131/211\n|\n|upkeep\n|turn|11\n|inactive|zenkijooj has 90 seconds left.\n|\n|t:|1781409325\n|move|p1a: Cloyster|Rock Blast|p2a: Snorlax\n|-damage|p2a: Snorlax|273/397\n|-damage|p2a: Snorlax|232/397\n|-damage|p2a: Snorlax|194/397\n|-damage|p2a: Snorlax|152/397\n|-damage|p2a: Snorlax|111/397\n|-hitcount|p2a: Snorlax|5\n|move|p2a: Snorlax|Body Slam|p1a: Cloyster\n|-crit|p1a: Cloyster\n|-damage|p1a: Cloyster|47/211\n|-status|p1a: Cloyster|par\n|\n|upkeep\n|turn|12\n|inactive|zenkijooj has 90 seconds left.\n|\n|t:|1781409336\n|move|p1a: Cloyster|Rock Blast|p2a: Snorlax\n|-damage|p2a: Snorlax|71/397\n|-damage|p2a: Snorlax|28/397\n|-damage|p2a: Snorlax|0 fnt\n|faint|p2a: Snorlax\n|-hitcount|p2: Snorlax|3\n|\n|upkeep\n|\n|t:|1781409355\n|switch|p2a: Orthworm|Orthworm, L88, F|215/266\n|turn|13\n|\n|t:|1781409362\n|move|p2a: Orthworm|Body Press|p1a: Cloyster\n|-supereffective|p1a: Cloyster\n|-damage|p1a: Cloyster|0 fnt\n|faint|p1a: Cloyster\n|\n|-heal|p2a: Orthworm|231/266|[from] item: Leftovers\n|upkeep\n|inactive|zenkijooj has 90 seconds left.\n|\n|t:|1781409385\n|switch|p1a: Regigigas|Regigigas, L84|322/322\n|-damage|p1a: Regigigas|282/322|[from] Spikes\n|-start|p1a: Regigigas|ability: Slow Start\n|turn|14\n|inactive|zenkijooj has 90 seconds left.\n|inactive|It'sOnlyRed? has 120 seconds left.\n|\n|t:|1781409420\n|switch|p2a: Pecharunt|Pecharunt, L77|262/262\n|move|p1a: Regigigas|Knock Off|p2a: Pecharunt\n|-supereffective|p2a: Pecharunt\n|-damage|p2a: Pecharunt|190/262\n|-enditem|p2a: Pecharunt|Leftovers|[from] move: Knock Off|[of] p1a: Regigigas\n|\n|-heal|p1a: Regigigas|302/322|[from] item: Leftovers\n|upkeep\n|turn|15\n|\n|t:|1781409429\n|move|p1a: Regigigas|Protect|p1a: Regigigas\n|-singleturn|p1a: Regigigas|Protect\n|move|p2a: Pecharunt|Nasty Plot|p2a: Pecharunt\n|-boost|p2a: Pecharunt|spa|2\n|\n|-heal|p1a: Regigigas|322/322|[from] item: Leftovers\n|upkeep\n|turn|16\n|\n|t:|1781409444\n|move|p2a: Pecharunt|Malignant Chain|p1a: Regigigas\n|-damage|p1a: Regigigas|184/322\n|move|p1a: Regigigas|Substitute|p1a: Regigigas\n|-start|p1a: Regigigas|Substitute\n|-damage|p1a: Regigigas|104/322\n|\n|-heal|p1a: Regigigas|124/322|[from] item: Leftovers\n|upkeep\n|turn|17\n|\n|t:|1781409449\n|move|p2a: Pecharunt|Malignant Chain|p1a: Regigigas\n|-end|p1a: Regigigas|Substitute\n|move|p1a: Regigigas|Knock Off|p2a: Pecharunt\n|-supereffective|p2a: Pecharunt\n|-damage|p2a: Pecharunt|142/262\n|\n|-heal|p1a: Regigigas|144/322|[from] item: Leftovers\n|upkeep\n|turn|18\n|\n|t:|1781409454\n|move|p1a: Regigigas|Protect|p1a: Regigigas\n|-singleturn|p1a: Regigigas|Protect\n|move|p2a: Pecharunt|Malignant Chain|p1a: Regigigas\n|-activate|p1a: Regigigas|move: Protect\n|\n|-heal|p1a: Regigigas|164/322|[from] item: Leftovers\n|-end|p1a: Regigigas|Slow Start\n|upkeep\n|turn|19\n|\n|t:|1781409459\n|move|p1a: Regigigas|Knock Off|p2a: Pecharunt\n|-supereffective|p2a: Pecharunt\n|-damage|p2a: Pecharunt|44/262\n|move|p2a: Pecharunt|Malignant Chain|p1a: Regigigas\n|-damage|p1a: Regigigas|25/322\n|-status|p1a: Regigigas|tox\n|-start|p1a: Regigigas|confusion|[from] ability: Poison Puppeteer|[of] p2a: Pecharunt\n|\n|-heal|p1a: Regigigas|45/322 tox|[from] item: Leftovers\n|-damage|p1a: Regigigas|25/322 tox|[from] psn\n|upkeep\n|turn|20\n|\n|t:|1781409464\n|-activate|p1a: Regigigas|confusion\n|move|p1a: Regigigas|Knock Off|p2a: Pecharunt\n|-supereffective|p2a: Pecharunt\n|-damage|p2a: Pecharunt|0 fnt\n|faint|p2a: Pecharunt\n|\n|-heal|p1a: Regigigas|45/322 tox|[from] item: Leftovers\n|-damage|p1a: Regigigas|5/322 tox|[from] psn\n|upkeep\n|\n|t:|1781409479\n|switch|p2a: Iron Thorns|Iron Thorns, L83|302/302\n|-item|p2a: Iron Thorns|Air Balloon\n|turn|21\n|\n|t:|1781409488\n|-activate|p1a: Regigigas|confusion\n|move|p1a: Regigigas|Knock Off|p2a: Iron Thorns\n|-damage|p2a: Iron Thorns|218/302\n|-enditem|p2a: Iron Thorns|Air Balloon\n|move|p2a: Iron Thorns|Stealth Rock|p1a: Regigigas\n|-sidestart|p1: zenkijooj|move: Stealth Rock\n|\n|-heal|p1a: Regigigas|25/322 tox|[from] item: Leftovers\n|-damage|p1a: Regigigas|0 fnt|[from] psn\n|faint|p1a: Regigigas\n|-end|p1a: Regigigas|Slow Start|[silent]\n|upkeep\n|inactive|zenkijooj has 120 seconds left.\n|\n|t:|1781409523\n|switch|p1a: Clefable|Clefable, L83, F|293/293\n|turn|22\n|\n|t:|1781409535\n|move|p2a: Iron Thorns|Wild Charge|p1a: Clefable\n|-damage|p1a: Clefable|161/293\n|-damage|p2a: Iron Thorns|185/302|[from] Recoil\n|move|p1a: Clefable|Moonblast|p2a: Iron Thorns\n|-damage|p2a: Iron Thorns|55/302\n|\n|upkeep\n|turn|23\n|\n|t:|1781409541\n|move|p2a: Iron Thorns|Stone Edge|p1a: Clefable\n|-damage|p1a: Clefable|7/293\n|move|p1a: Clefable|Moonlight|p1a: Clefable\n|-heal|p1a: Clefable|153/293\n|\n|upkeep\n|turn|24\n|\n|t:|1781409546\n|move|p2a: Iron Thorns|Stone Edge|p1a: Clefable\n|-damage|p1a: Clefable|0 fnt\n|faint|p1a: Clefable\n|\n|upkeep\n|\n|t:|1781409558\n|switch|p1a: Fezandipiti|Fezandipiti, L82, M|278/278\n|-damage|p1a: Fezandipiti|244/278|[from] Spikes\n|-damage|p1a: Fezandipiti|210/278|[from] Stealth Rock\n|turn|25\n|\n|t:|1781409561\n|move|p1a: Fezandipiti|Moonblast|p2a: Iron Thorns\n|-damage|p2a: Iron Thorns|0 fnt\n|faint|p2a: Iron Thorns\n|-end|p2a: Iron Thorns|Quark Drive|[silent]\n|\n|-heal|p1a: Fezandipiti|227/278|[from] item: Leftovers\n|upkeep\n|\n|t:|1781409567\n|switch|p2a: Orthworm|Orthworm, L88, F|231/266\n|turn|26\n|\n|t:|1781409575\n|move|p1a: Fezandipiti|Moonblast|p2a: Orthworm\n|-resisted|p2a: Orthworm\n|-damage|p2a: Orthworm|179/266\n|move|p2a: Orthworm|Heavy Slam|p1a: Fezandipiti\n|-supereffective|p1a: Fezandipiti\n|-damage|p1a: Fezandipiti|0 fnt\n|faint|p1a: Fezandipiti\n|\n|-heal|p2a: Orthworm|195/266|[from] item: Leftovers\n|upkeep\n|\n|t:|1781409580\n|switch|p1a: Jolteon|Jolteon, L84, M|127/246\n|-damage|p1a: Jolteon|97/246|[from] Spikes\n|-damage|p1a: Jolteon|67/246|[from] Stealth Rock\n|turn|27\n|\n|t:|1781409585\n|move|p1a: Jolteon|Thunderbolt|p2a: Orthworm\n|-damage|p2a: Orthworm|65/266\n|move|p2a: Orthworm|Heavy Slam|p1a: Jolteon\n|-resisted|p1a: Jolteon\n|-damage|p1a: Jolteon|0 fnt\n|faint|p1a: Jolteon\n|\n|win|It'sOnlyRed?\n", "inputlog": ">version a8376a258c1d4662feba110a92103f3664a72141\n>start {\"formatid\":\"gen9randombattle\",\"seed\":\"sodium,e181c0ce8adc9c2686a5394516c1717e\",\"rated\":\"Rated battle\"}\n>player p1 {\"name\":\"zenkijooj\",\"avatar\":\"rosa\",\"rating\":1922,\"seed\":\"sodium,977848897a4dc9683c9b181f456028b7\"}\n>player p2 {\"name\":\"It'sOnlyRed?\",\"avatar\":\"blue-gen3\",\"rating\":2026,\"seed\":\"sodium,da771822c67bb70011fc98c12a7c4910\"}\n>p1 move taunt\n>p2 switch 3\n>p1 switch 3\n>p2 move bodypress\n>p1 move thunderbolt\n>p2 switch 6\n>p1 switch 3\n>p2 move bodyslam\n>p1 switch 5\n>p2 switch 6\n>p1 switch 5\n>p2 move spikes\n>p1 move taunt\n>p2 move bodypress\n>p1 move throatchop\n>p2 move bodypress\n>p1 switch 3\n>p1 switch 6\n>p2 switch 6\n>p1 move shellsmash\n>p2 move bodyslam\n>p1 move rockblast\n>p2 move bodyslam\n>p1 move rockblast\n>p2 move bodyslam\n>p2 switch 6\n>p1 move iciclespear\n>p2 move bodypress\n>p1 switch 2\n>p1 move knockoff\n>p2 switch 4\n>p1 move protect\n>p2 move nastyplot\n>p1 move substitute\n>p2 move malignantchain\n>p1 move knockoff\n>p2 move malignantchain\n>p1 move protect\n>p2 move malignantchain\n>p1 move knockoff\n>p2 move malignantchain\n>p1 move knockoff\n>p2 move recover\n>p2 switch 2\n>p1 move knockoff\n>p2 move stealthrock\n>p1 switch 4\n>p1 move moonblast\n>p2 move wildcharge\n>p1 move moonlight\n>p2 move stoneedge\n>p1 move moonblast\n>p2 move stoneedge\n>p1 switch 5\n>p1 move moonblast\n>p2 move wildcharge\n>p2 switch 4\n>p1 move moonblast\n>p2 move heavyslam\n>p1 switch 6\n>p1 move thunderbolt\n>p2 move heavyslam", "uploadtime": 1781409101, "views": 4, "formatid": "gen9randombattle", "rating": null, "private": 0, "password": null}