{"id": "gen9randombattle-2631968571", "format": "[Gen 9] Random Battle", "players": ["Mulinha", "pablovr"], "log": "|j|\u2606Mulinha\n|j|\u2606pablovr\n|t:|1781461026\n|gametype|singles\n|player|p1|Mulinha|hooligans|1902\n|player|p2|pablovr|hiker-gen4|1927\n|gen|9\n|tier|[Gen 9] Random Battle\n|rated|\n|rule|Species Clause: Limit one of each Pok\u00e9mon\n|rule|HP Percentage Mod: HP is shown in percentages\n|rule|Sleep Clause Mod: Limit one foe put to sleep\n|rule|Illusion Level Mod: Illusion disguises the Pok\u00e9mon's true level\n|\n|t:|1781461026\n|teamsize|p1|6\n|teamsize|p2|6\n|start\n|switch|p1a: Grimmsnarl|Grimmsnarl, L83, M|293/293\n|switch|p2a: Bruxish|Bruxish, L85, M|254/254\n|turn|1\n|inactive|Battle timer is ON: inactive players will automatically lose when time's up. (requested by Mulinha)\n|\n|t:|1781461047\n|move|p1a: Grimmsnarl|Sucker Punch|p2a: Bruxish\n|-supereffective|p2a: Bruxish\n|-damage|p2a: Bruxish|66/254\n|move|p2a: Bruxish|Wave Crash|p1a: Grimmsnarl\n|-damage|p1a: Grimmsnarl|51/293\n|-damage|p2a: Bruxish|0 fnt|[from] Recoil\n|faint|p2a: Bruxish\n|\n|-heal|p1a: Grimmsnarl|69/293|[from] item: Leftovers\n|upkeep\n|\n|t:|1781461060\n|switch|p2a: Decidueye|Decidueye-Hisui, L87, M|295/295\n|turn|2\n|\n|t:|1781461065\n|move|p1a: Grimmsnarl|Thunder Wave|p2a: Decidueye\n|-status|p2a: Decidueye|par\n|cant|p2a: Decidueye|par\n|\n|-heal|p1a: Grimmsnarl|87/293|[from] item: Leftovers\n|upkeep\n|turn|3\n|\n|t:|1781461073\n|move|p1a: Grimmsnarl|Spirit Break|p2a: Decidueye\n|-supereffective|p2a: Decidueye\n|-damage|p2a: Decidueye|107/295 par\n|-unboost|p2a: Decidueye|spa|1\n|move|p2a: Decidueye|Triple Arrows|p1a: Grimmsnarl\n|-damage|p1a: Grimmsnarl|0 fnt\n|faint|p1a: Grimmsnarl\n|\n|-heal|p2a: Decidueye|125/295 par|[from] item: Leftovers\n|upkeep\n|\n|t:|1781461084\n|switch|p1a: Gardevoir|Gardevoir, L83, M|249/249\n|-ability|p1a: Gardevoir|Scrappy|Trace|[from] ability: Trace|[of] p2a: Decidueye\n|turn|4\n|\n|t:|1781461091\n|move|p1a: Gardevoir|Moonblast|p2a: Decidueye\n|-supereffective|p2a: Decidueye\n|-damage|p2a: Decidueye|0 fnt\n|faint|p2a: Decidueye\n|-damage|p1a: Gardevoir|225/249|[from] item: Life Orb\n|\n|upkeep\n|\n|t:|1781461100\n|switch|p2a: Ambipom|Ambipom, L84, F|263/263\n|turn|5\n|\n|t:|1781461104\n|move|p2a: Ambipom|Fake Out|p1a: Gardevoir\n|-damage|p1a: Gardevoir|123/249\n|cant|p1a: Gardevoir|flinch\n|\n|upkeep\n|turn|6\n|\n|t:|1781461108\n|move|p2a: Ambipom|Double-Edge|p1a: Gardevoir\n|-damage|p1a: Gardevoir|0 fnt\n|faint|p1a: Gardevoir\n|-damage|p2a: Ambipom|222/263|[from] Recoil\n|\n|upkeep\n|\n|t:|1781461115\n|switch|p1a: Mabosstiff|Mabosstiff, L86, M|278/278\n|turn|7\n|\n|t:|1781461122\n|move|p2a: Ambipom|U-turn|p1a: Mabosstiff\n|-supereffective|p1a: Mabosstiff\n|-damage|p1a: Mabosstiff|174/278\n|\n|t:|1781461136\n|switch|p2a: Dipplin|Dipplin, L88, F|284/284|[from] U-turn\n|move|p1a: Mabosstiff|Crunch|p2a: Dipplin\n|-damage|p2a: Dipplin|104/284\n|\n|upkeep\n|turn|8\n|\n|t:|1781461146\n|move|p1a: Mabosstiff|Crunch|p2a: Dipplin\n|-damage|p2a: Dipplin|19/284\n|move|p2a: Dipplin|Recover|p2a: Dipplin\n|-heal|p2a: Dipplin|161/284\n|\n|upkeep\n|turn|9\n|\n|t:|1781461154\n|move|p1a: Mabosstiff|Crunch|p2a: Dipplin\n|-damage|p2a: Dipplin|82/284\n|move|p2a: Dipplin|Recover|p2a: Dipplin\n|-heal|p2a: Dipplin|224/284\n|\n|upkeep\n|turn|10\n|\n|t:|1781461162\n|switch|p1a: Phione|Phione, L91, shiny|293/293\n|move|p2a: Dipplin|Dragon Pulse|p1a: Phione\n|-damage|p1a: Phione|188/293\n|\n|-heal|p1a: Phione|206/293|[from] item: Leftovers\n|upkeep\n|turn|11\n|\n|t:|1781461167\n|move|p1a: Phione|Ice Beam|p2a: Dipplin\n|-supereffective|p2a: Dipplin\n|-damage|p2a: Dipplin|32/284\n|move|p2a: Dipplin|Giga Drain|p1a: Phione\n|-supereffective|p1a: Phione\n|-crit|p1a: Phione\n|-damage|p1a: Phione|0 fnt\n|-heal|p2a: Dipplin|135/284|[from] drain|[of] p1a: Phione\n|faint|p1a: Phione\n|\n|upkeep\n|\n|t:|1781461172\n|switch|p1a: Hitmonlee|Hitmonlee, L85, M|223/223\n|turn|12\n|\n|t:|1781461187\n|move|p1a: Hitmonlee|High Jump Kick|p2a: Dipplin\n|-damage|p2a: Dipplin|0 fnt\n|faint|p2a: Dipplin\n|\n|upkeep\n|\n|t:|1781461201\n|switch|p2a: Ambipom|Ambipom, L84, F|222/263\n|turn|13\n|\n|t:|1781461203\n|switch|p1a: Mabosstiff|Mabosstiff, L86, M|174/278\n|move|p2a: Ambipom|Fake Out|p1a: Mabosstiff\n|-damage|p1a: Mabosstiff|99/278\n|\n|upkeep\n|turn|14\n|\n|t:|1781461207\n|move|p2a: Ambipom|U-turn|p1a: Mabosstiff\n|-supereffective|p1a: Mabosstiff\n|-damage|p1a: Mabosstiff|0 fnt\n|faint|p1a: Mabosstiff\n|\n|t:|1781461211\n|switch|p2a: Squawkabilly|Squawkabilly-White, L89, M|291/291|[from] U-turn\n|\n|upkeep\n|\n|t:|1781461214\n|switch|p1a: Komala|Komala, L88, F|258/258\n|-ability|p1a: Komala|Comatose\n|turn|15\n|\n|t:|1781461226\n|switch|p2a: Pachirisu|Pachirisu, L96, M|271/271\n|move|p1a: Komala|Body Slam|p2a: Pachirisu\n|-damage|p2a: Pachirisu|145/271\n|\n|upkeep\n|turn|16\n|\n|t:|1781461234\n|move|p2a: Pachirisu|Thunderbolt|p1a: Komala\n|-damage|p1a: Komala|215/258\n|move|p1a: Komala|Earthquake|p2a: Pachirisu\n|-supereffective|p2a: Pachirisu\n|-damage|p2a: Pachirisu|0 fnt\n|faint|p2a: Pachirisu\n|\n|upkeep\n|\n|t:|1781461239\n|switch|p2a: Ambipom|Ambipom, L84, F|222/263\n|turn|17\n|\n|t:|1781461241\n|-terastallize|p1a: Komala|Ghost\n|move|p2a: Ambipom|Fake Out|p1a: Komala\n|-immune|p1a: Komala\n|move|p1a: Komala|Body Slam|p2a: Ambipom\n|-damage|p2a: Ambipom|92/263\n|-status|p2a: Ambipom|par\n|\n|upkeep\n|turn|18\n|\n|t:|1781461247\n|move|p1a: Komala|Body Slam|p2a: Ambipom\n|-damage|p2a: Ambipom|0 fnt\n|faint|p2a: Ambipom\n|\n|upkeep\n|\n|t:|1781461249\n|switch|p2a: Squawkabilly|Squawkabilly-White, L89, M|291/291\n|turn|19\n|\n|t:|1781461254\n|-terastallize|p2a: Squawkabilly|Flying\n|move|p2a: Squawkabilly|Brave Bird|p1a: Komala\n|-damage|p1a: Komala|0 fnt\n|faint|p1a: Komala\n|-damage|p2a: Squawkabilly|220/291|[from] Recoil\n|\n|upkeep\n|\n|t:|1781461260\n|switch|p1a: Hitmonlee|Hitmonlee, L85, M|223/223\n|turn|20\n|\n|t:|1781461285\n|move|p2a: Squawkabilly|Brave Bird|p1a: Hitmonlee\n|-supereffective|p1a: Hitmonlee\n|-damage|p1a: Hitmonlee|0 fnt\n|faint|p1a: Hitmonlee\n|-damage|p2a: Squawkabilly|146/291|[from] Recoil\n|\n|win|pablovr\n", "inputlog": ">version a8376a258c1d4662feba110a92103f3664a72141\n>start {\"formatid\":\"gen9randombattle\",\"seed\":\"sodium,a00aa9a21eb640a9016a05f2e0367b06\",\"rated\":\"Rated battle\"}\n>player p1 {\"name\":\"Mulinha\",\"avatar\":\"hooligans\",\"rating\":1902,\"seed\":\"sodium,78cc928d4e31ec11421e6603516d798e\"}\n>player p2 {\"name\":\"pablovr\",\"avatar\":\"hiker-gen4\",\"rating\":1927,\"seed\":\"sodium,f40b3d6c6df71c67ea6cd3cfddf227e2\"}\n>p1 move suckerpunch\n>p2 move wavecrash\n>p2 switch 2\n>p1 move thunderwave\n>p2 move triplearrows\n>p1 move spiritbreak\n>p2 move triplearrows\n>p1 switch 6\n>p1 move moonblast\n>p2 move triplearrows\n>p2 switch 5\n>p1 move focusblast\n>p2 move fakeout\n>p1 move focusblast\n>p2 move doubleedge\n>p1 switch 4\n>p1 move crunch\n>p2 move uturn\n>p2 switch 4\n>p1 move crunch\n>p2 move recover\n>p1 move crunch\n>p2 move recover\n>p1 switch 3\n>p2 move dragonpulse\n>p1 move icebeam\n>p2 move gigadrain\n>p1 switch 5\n>p1 move highjumpkick\n>p2 move dragonpulse\n>p2 switch 4\n>p1 switch 3\n>p2 move fakeout\n>p1 move crunch\n>p2 move uturn\n>p2 switch 6\n>p1 switch 2\n>p1 move bodyslam\n>p2 switch 3\n>p1 move earthquake\n>p2 move thunderbolt\n>p2 switch 6\n>p1 move bodyslam terastallize\n>p2 move fakeout\n>p1 move bodyslam\n>p2 move knockoff\n>p2 switch 3\n>p1 move bodyslam\n>p2 move bravebird terastallize\n>p1 switch 3\n>p1 move knockoff\n>p2 move bravebird", "uploadtime": 1781461027, "views": 4, "formatid": "gen9randombattle", "rating": null, "private": 0, "password": null}