{"id": "gen9randombattle-2631978562", "format": "[Gen 9] Random Battle", "players": ["bitconnnect", "philschmil"], "log": "|j|\u2606bitconnnect\n|j|\u2606philschmil\n|t:|1781462123\n|gametype|singles\n|player|p1|bitconnnect|gentleman-gen4|2001\n|player|p2|philschmil|alder|1951\n|gen|9\n|tier|[Gen 9] Random Battle\n|rated|\n|rule|Species Clause: Limit one of each Pok\u00e9mon\n|rule|HP Percentage Mod: HP is shown in percentages\n|rule|Sleep Clause Mod: Limit one foe put to sleep\n|rule|Illusion Level Mod: Illusion disguises the Pok\u00e9mon's true level\n|\n|t:|1781462123\n|teamsize|p1|6\n|teamsize|p2|6\n|start\n|switch|p1a: Granbull|Granbull, L88, F|302/302\n|switch|p2a: Glastrier|Glastrier, L86|311/311\n|-ability|p1a: Granbull|Intimidate|boost\n|-unboost|p2a: Glastrier|atk|1\n|turn|1\n|inactive|Battle timer is ON: inactive players will automatically lose when time's up. (requested by philschmil)\n|\n|t:|1781462129\n|move|p1a: Granbull|Thunder Wave|p2a: Glastrier|[miss]\n|-miss|p1a: Granbull|p2a: Glastrier\n|move|p2a: Glastrier|Heavy Slam|p1a: Granbull\n|-supereffective|p1a: Granbull\n|-damage|p1a: Granbull|22/302\n|\n|-heal|p1a: Granbull|40/302|[from] item: Leftovers\n|upkeep\n|turn|2\n|\n|t:|1781462137\n|move|p1a: Granbull|Thunder Wave|p2a: Glastrier\n|-status|p2a: Glastrier|par\n|move|p2a: Glastrier|Heavy Slam|p1a: Granbull\n|-supereffective|p1a: Granbull\n|-damage|p1a: Granbull|0 fnt\n|faint|p1a: Granbull\n|-ability|p2a: Glastrier|Chilling Neigh|boost\n|-boost|p2a: Glastrier|atk|1\n|\n|upkeep\n|\n|t:|1781462146\n|switch|p1a: Iron Moth|Iron Moth, L78|253/253\n|turn|3\n|\n|t:|1781462152\n|switch|p2a: Cramorant|Cramorant, L86, F|261/261\n|move|p1a: Iron Moth|U-turn|p2a: Cramorant\n|-resisted|p2a: Cramorant\n|-damage|p2a: Cramorant|236/261\n|\n|t:|1781462160\n|-end|p1a: Iron Moth|Quark Drive|[silent]\n|switch|p1a: Flamigo|Flamigo, L82, M|269/269|[from] U-turn\n|\n|upkeep\n|turn|4\n|\n|t:|1781462169\n|move|p1a: Flamigo|U-turn|p2a: Cramorant\n|-resisted|p2a: Cramorant\n|-damage|p2a: Cramorant|201/261\n|\n|t:|1781462173\n|switch|p1a: Mamoswine|Mamoswine, L81, M|311/311|[from] U-turn\n|move|p2a: Cramorant|Brave Bird|p1a: Mamoswine\n|-damage|p1a: Mamoswine|185/311\n|-damage|p2a: Cramorant|159/261|[from] Recoil\n|\n|upkeep\n|turn|5\n|\n|t:|1781462184\n|move|p1a: Mamoswine|Ice Shard|p2a: Cramorant\n|-damage|p2a: Cramorant|48/261\n|move|p2a: Cramorant|Surf|p1a: Mamoswine\n|-formechange|p2a: Cramorant|Cramorant-Gorging|\n|-supereffective|p1a: Mamoswine\n|-damage|p1a: Mamoswine|0 fnt\n|faint|p1a: Mamoswine\n|\n|upkeep\n|\n|t:|1781462197\n|switch|p1a: Flamigo|Flamigo, L82, M|269/269\n|turn|6\n|\n|t:|1781462207\n|move|p1a: Flamigo|Brave Bird|p2a: Cramorant\n|-damage|p2a: Cramorant|0 fnt\n|-damage|p1a: Flamigo|202/269|[from] ability: Gulp Missile|[of] p2a: Cramorant\n|-status|p1a: Flamigo|par\n|-formechange|p2a: Cramorant|Cramorant|\n|faint|p2a: Cramorant\n|-damage|p1a: Flamigo|186/269 par|[from] Recoil\n|\n|upkeep\n|\n|t:|1781462212\n|switch|p2a: Rayquaza|Rayquaza, L72|270/270\n|-ability|p2a: Rayquaza|Air Lock\n|turn|7\n|\n|t:|1781462215\n|move|p2a: Rayquaza|Swords Dance|p2a: Rayquaza\n|-boost|p2a: Rayquaza|atk|2\n|cant|p1a: Flamigo|par\n|\n|upkeep\n|turn|8\n|\n|t:|1781462221\n|move|p2a: Rayquaza|Swords Dance|p2a: Rayquaza\n|-boost|p2a: Rayquaza|atk|2\n|move|p1a: Flamigo|Brave Bird|p2a: Rayquaza\n|-damage|p2a: Rayquaza|125/270\n|-damage|p1a: Flamigo|138/269 par|[from] Recoil\n|\n|upkeep\n|turn|9\n|\n|t:|1781462226\n|move|p2a: Rayquaza|Extreme Speed|p1a: Flamigo\n|-damage|p1a: Flamigo|0 fnt\n|faint|p1a: Flamigo\n|\n|upkeep\n|\n|t:|1781462232\n|switch|p1a: Yanmega|Yanmega, L82, F|275/275\n|turn|10\n|\n|t:|1781462244\n|-terastallize|p2a: Rayquaza|Normal\n|move|p2a: Rayquaza|Extreme Speed|p1a: Yanmega\n|-damage|p1a: Yanmega|0 fnt\n|faint|p1a: Yanmega\n|\n|upkeep\n|l|\u2606bitconnnect\n|inactive|bitconnnect disconnected and has a minute to reconnect!\n|player|p1|\n|inactive|bitconnnect has 30 seconds to reconnect!\n|inactive|bitconnnect has 20 seconds to reconnect!\n|inactive|bitconnnect has 15 seconds to reconnect!\n|inactive|bitconnnect has 10 seconds to reconnect!\n|inactive|bitconnnect has 5 seconds to reconnect!\n|-message|bitconnnect lost due to inactivity.\n|\n|win|philschmil\n", "inputlog": ">version a8376a258c1d4662feba110a92103f3664a72141\n>start {\"formatid\":\"gen9randombattle\",\"seed\":\"sodium,c408e1dc81c627fa680065ea8800b3b5\",\"rated\":\"Rated battle\"}\n>player p1 {\"name\":\"bitconnnect\",\"avatar\":\"gentleman-gen4\",\"rating\":2001,\"seed\":\"sodium,8e0983662dc83f9673fa15321af0f854\"}\n>player p2 {\"name\":\"philschmil\",\"avatar\":\"alder\",\"rating\":1951,\"seed\":\"sodium,134aff5b7d1ff4cdbb953532d8734d4f\"}\n>p1 move thunderwave\n>p2 move heavyslam\n>p1 move thunderwave\n>p2 move heavyslam\n>p1 switch 2\n>p1 move uturn\n>p2 switch 4\n>p1 switch 3\n>p1 move uturn\n>p2 move bravebird\n>p1 switch 6\n>p1 move iceshard\n>p2 move surf\n>p1 switch 6\n>p1 move bravebird\n>p2 move surf\n>p2 switch 3\n>p1 move bravebird\n>p2 move swordsdance\n>p1 move bravebird\n>p2 move swordsdance\n>p1 move bravebird\n>p2 move extremespeed\n>p1 switch 5\n>p1 move airslash\n>p2 move extremespeed terastallize\n>forcelose p1", "uploadtime": 1781462126, "views": 4, "formatid": "gen9randombattle", "rating": null, "private": 0, "password": null}