{"id": "gen9randombattle-2631941142", "format": "[Gen 9] Random Battle", "players": ["Guybrushseepgood", "elsapito28"], "log": "|j|\u2606Guybrushseepgood\n|j|\u2606elsapito28\n|t:|1781458041\n|gametype|singles\n|player|p1|Guybrushseepgood|266|1679\n|player|p2|elsapito28|266|1738\n|gen|9\n|tier|[Gen 9] Random Battle\n|rated|\n|rule|Species Clause: Limit one of each Pok\u00e9mon\n|rule|HP Percentage Mod: HP is shown in percentages\n|rule|Sleep Clause Mod: Limit one foe put to sleep\n|rule|Illusion Level Mod: Illusion disguises the Pok\u00e9mon's true level\n|\n|t:|1781458041\n|teamsize|p1|6\n|teamsize|p2|6\n|start\n|switch|p1a: Spidops|Spidops, L96, M|271/271\n|switch|p2a: Grimmsnarl|Grimmsnarl, L83, M|293/293\n|turn|1\n|inactive|Battle timer is ON: inactive players will automatically lose when time's up. (requested by elsapito28)\n|\n|t:|1781458048\n|move|p2a: Grimmsnarl|Spirit Break|p1a: Spidops\n|-damage|p1a: Spidops|196/271\n|-unboost|p1a: Spidops|spa|1\n|move|p1a: Spidops|Sticky Web|p2a: Grimmsnarl\n|-sidestart|p2: elsapito28|move: Sticky Web\n|\n|upkeep\n|turn|2\n|\n|t:|1781458051\n|move|p2a: Grimmsnarl|Spirit Break|p1a: Spidops\n|-damage|p1a: Spidops|117/271\n|-unboost|p1a: Spidops|spa|1\n|move|p1a: Spidops|Toxic Spikes|p2a: Grimmsnarl\n|-sidestart|p2: elsapito28|move: Toxic Spikes\n|\n|upkeep\n|turn|3\n|\n|t:|1781458054\n|move|p2a: Grimmsnarl|Spirit Break|p1a: Spidops\n|-damage|p1a: Spidops|44/271\n|-unboost|p1a: Spidops|spa|1\n|move|p1a: Spidops|Toxic Spikes|p2a: Grimmsnarl\n|-sidestart|p2: elsapito28|move: Toxic Spikes\n|\n|upkeep\n|turn|4\n|\n|t:|1781458059\n|switch|p1a: Revavroom|Revavroom, L79, F|256/256\n|move|p2a: Grimmsnarl|Spirit Break|p1a: Revavroom\n|-resisted|p1a: Revavroom\n|-damage|p1a: Revavroom|234/256\n|-unboost|p1a: Revavroom|spa|1\n|\n|upkeep\n|turn|5\n|\n|t:|1781458069\n|-terastallize|p1a: Revavroom|Ground\n|move|p2a: Grimmsnarl|Reflect|p2a: Grimmsnarl\n|-sidestart|p2: elsapito28|Reflect\n|move|p1a: Revavroom|Shift Gear|p1a: Revavroom\n|-boost|p1a: Revavroom|spe|2\n|-boost|p1a: Revavroom|atk|1\n|\n|upkeep\n|turn|6\n|\n|t:|1781458076\n|move|p1a: Revavroom|Shift Gear|p1a: Revavroom\n|-boost|p1a: Revavroom|spe|2\n|-boost|p1a: Revavroom|atk|1\n|move|p2a: Grimmsnarl|Spirit Break|p1a: Revavroom\n|-crit|p1a: Revavroom\n|-damage|p1a: Revavroom|77/256\n|-unboost|p1a: Revavroom|spa|1\n|\n|upkeep\n|turn|7\n|\n|t:|1781458084\n|move|p1a: Revavroom|Gunk Shot|p2a: Grimmsnarl\n|-supereffective|p2a: Grimmsnarl\n|-damage|p2a: Grimmsnarl|0 fnt\n|faint|p2a: Grimmsnarl\n|-damage|p1a: Revavroom|52/256|[from] item: Life Orb\n|\n|upkeep\n|\n|t:|1781458088\n|switch|p2a: Houndoom|Houndoom, L87, F|272/272\n|turn|8\n|\n|t:|1781458091\n|move|p2a: Houndoom|Sucker Punch|p1a: Revavroom\n|-crit|p1a: Revavroom\n|-damage|p1a: Revavroom|0 fnt\n|faint|p1a: Revavroom\n|\n|upkeep\n|\n|t:|1781458093\n|switch|p1a: Great Tusk|Great Tusk, L77|304/304\n|turn|9\n|\n|t:|1781458100\n|-end|p1a: Great Tusk|Protosynthesis|[silent]\n|switch|p1a: Spidops|Spidops, L96, M|44/271\n|move|p2a: Houndoom|Fire Blast|p1a: Spidops\n|-supereffective|p1a: Spidops\n|-damage|p1a: Spidops|0 fnt\n|faint|p1a: Spidops\n|\n|upkeep\n|\n|t:|1781458103\n|switch|p1a: Luvdisc|Luvdisc, M|247/247\n|turn|10\n|\n|t:|1781458110\n|switch|p2a: Pachirisu|Pachirisu, L96, M|271/271\n|move|p1a: Luvdisc|Substitute|p1a: Luvdisc\n|-start|p1a: Luvdisc|Substitute\n|-damage|p1a: Luvdisc|186/247\n|\n|upkeep\n|turn|11\n|\n|t:|1781458114\n|move|p1a: Luvdisc|Surf|p2a: Pachirisu\n|-damage|p2a: Pachirisu|207/271\n|move|p2a: Pachirisu|Discharge|p1a: Luvdisc\n|-supereffective|p1a: Luvdisc\n|-end|p1a: Luvdisc|Substitute\n|\n|upkeep\n|turn|12\n|\n|t:|1781458120\n|move|p1a: Luvdisc|Flip Turn|p2a: Pachirisu\n|-crit|p2a: Pachirisu\n|-damage|p2a: Pachirisu|141/271\n|\n|t:|1781458122\n|switch|p1a: Great Tusk|Great Tusk, L77|304/304|[from] Flip Turn\n|move|p2a: Pachirisu|U-turn|p1a: Great Tusk\n|-resisted|p1a: Great Tusk\n|-damage|p1a: Great Tusk|289/304\n|\n|t:|1781458130\n|switch|p2a: Falinks|Falinks, L84|246/246|[from] U-turn\n|-activate|p2a: Falinks|move: Sticky Web\n|-unboost|p2a: Falinks|spe|1\n|-ability|p2a: Falinks|Defiant|boost\n|-boost|p2a: Falinks|atk|2\n|-status|p2a: Falinks|tox\n|\n|-damage|p2a: Falinks|231/246 tox|[from] psn\n|-sideend|p2: elsapito28|Reflect\n|upkeep\n|turn|13\n|\n|t:|1781458138\n|move|p1a: Great Tusk|Close Combat|p2a: Falinks\n|-damage|p2a: Falinks|111/246 tox\n|-unboost|p1a: Great Tusk|def|1\n|-unboost|p1a: Great Tusk|spd|1\n|move|p2a: Falinks|Close Combat|p1a: Great Tusk\n|-damage|p1a: Great Tusk|0 fnt\n|-unboost|p2a: Falinks|def|1\n|-unboost|p2a: Falinks|spd|1\n|faint|p1a: Great Tusk\n|-end|p1a: Great Tusk|Protosynthesis|[silent]\n|-damage|p2a: Falinks|87/246 tox|[from] item: Life Orb\n|\n|-damage|p2a: Falinks|57/246 tox|[from] psn\n|upkeep\n|\n|t:|1781458145\n|switch|p1a: Luvdisc|Luvdisc, M|186/247\n|turn|14\n|\n|t:|1781458149\n|move|p1a: Luvdisc|Surf|p2a: Falinks\n|-damage|p2a: Falinks|0 fnt\n|faint|p2a: Falinks\n|\n|upkeep\n|\n|t:|1781458152\n|switch|p2a: Pachirisu|Pachirisu, L96, M|141/271\n|turn|15\n|\n|t:|1781458157\n|move|p1a: Luvdisc|Substitute|p1a: Luvdisc\n|-start|p1a: Luvdisc|Substitute\n|-damage|p1a: Luvdisc|125/247\n|move|p2a: Pachirisu|Discharge|p1a: Luvdisc\n|-supereffective|p1a: Luvdisc\n|-end|p1a: Luvdisc|Substitute\n|\n|upkeep\n|turn|16\n|\n|t:|1781458169\n|move|p1a: Luvdisc|Substitute|p1a: Luvdisc\n|-start|p1a: Luvdisc|Substitute\n|-damage|p1a: Luvdisc|64/247\n|move|p2a: Pachirisu|Discharge|p1a: Luvdisc\n|-supereffective|p1a: Luvdisc\n|-end|p1a: Luvdisc|Substitute\n|\n|upkeep\n|turn|17\n|\n|t:|1781458177\n|move|p1a: Luvdisc|Substitute|p1a: Luvdisc\n|-start|p1a: Luvdisc|Substitute\n|-damage|p1a: Luvdisc|3/247\n|move|p2a: Pachirisu|Discharge|p1a: Luvdisc\n|-supereffective|p1a: Luvdisc\n|-end|p1a: Luvdisc|Substitute\n|\n|upkeep\n|turn|18\n|\n|t:|1781458183\n|move|p1a: Luvdisc|Flip Turn|p2a: Pachirisu\n|-damage|p2a: Pachirisu|99/271\n|\n|t:|1781458186\n|switch|p1a: Ceruledge|Ceruledge, L78, M|245/245|[from] Flip Turn\n|move|p2a: Pachirisu|Discharge|p1a: Ceruledge\n|-damage|p1a: Ceruledge|184/245\n|-status|p1a: Ceruledge|par\n|\n|upkeep\n|turn|19\n|\n|t:|1781458192\n|switch|p2a: Houndoom|Houndoom, L87, F|272/272\n|move|p1a: Ceruledge|Bitter Blade|p2a: Houndoom\n|-start|p2a: Houndoom|ability: Flash Fire\n|\n|upkeep\n|turn|20\n|\n|t:|1781458197\n|switch|p1a: Manaphy|Manaphy, L78|284/284\n|move|p2a: Houndoom|Dark Pulse|p1a: Manaphy\n|-damage|p1a: Manaphy|188/284\n|\n|-heal|p1a: Manaphy|205/284|[from] item: Leftovers\n|upkeep\n|turn|21\n|\n|t:|1781458203\n|move|p2a: Houndoom|Dark Pulse|p1a: Manaphy\n|-damage|p1a: Manaphy|102/284\n|move|p1a: Manaphy|Hydro Pump|p2a: Houndoom\n|-supereffective|p2a: Houndoom\n|-damage|p2a: Houndoom|56/272\n|\n|-heal|p1a: Manaphy|119/284|[from] item: Leftovers\n|upkeep\n|turn|22\n|\n|t:|1781458211\n|move|p2a: Houndoom|Dark Pulse|p1a: Manaphy\n|-damage|p1a: Manaphy|25/284\n|move|p1a: Manaphy|Hydro Pump|p2a: Houndoom\n|-supereffective|p2a: Houndoom\n|-damage|p2a: Houndoom|0 fnt\n|faint|p2a: Houndoom\n|\n|-heal|p1a: Manaphy|42/284|[from] item: Leftovers\n|upkeep\n|\n|t:|1781458216\n|switch|p2a: Pachirisu|Pachirisu, L96, M|99/271\n|turn|23\n|\n|t:|1781458220\n|move|p2a: Pachirisu|Discharge|p1a: Manaphy\n|-supereffective|p1a: Manaphy\n|-damage|p1a: Manaphy|0 fnt\n|faint|p1a: Manaphy\n|\n|upkeep\n|\n|t:|1781458221\n|switch|p1a: Luvdisc|Luvdisc, M|3/247\n|turn|24\n|\n|t:|1781458226\n|move|p1a: Luvdisc|Endeavor|p2a: Pachirisu\n|-damage|p2a: Pachirisu|3/271\n|move|p2a: Pachirisu|Discharge|p1a: Luvdisc\n|-supereffective|p1a: Luvdisc\n|-damage|p1a: Luvdisc|0 fnt\n|faint|p1a: Luvdisc\n|\n|upkeep\n|l|\u2606Guybrushseepgood\n|inactive|Guybrushseepgood disconnected and has a minute to reconnect!\n|player|p1|\n|inactive|Guybrushseepgood has 30 seconds to reconnect!\n|inactive|Guybrushseepgood has 20 seconds to reconnect!\n|j|\u2606Guybrushseepgood\n|inactive|Guybrushseepgood reconnected and has 110 seconds left.\n|player|p1|Guybrushseepgood|266|\n|inactive|Guybrushseepgood has 90 seconds left.\n|l|\u2606Guybrushseepgood\n|inactive|Guybrushseepgood disconnected and has a minute to reconnect!\n|player|p1|\n|j|\u2606Guybrushseepgood\n|inactive|Guybrushseepgood reconnected and has 75 seconds left.\n|player|p1|Guybrushseepgood|266|\n|\n|t:|1781458305\n|switch|p1a: Ceruledge|Ceruledge, L78, M|184/245 par\n|turn|25\n|\n|t:|1781458315\n|move|p2a: Pachirisu|Discharge|p1a: Ceruledge\n|-crit|p1a: Ceruledge\n|-damage|p1a: Ceruledge|94/245 par\n|move|p1a: Ceruledge|Bitter Blade|p2a: Pachirisu\n|-damage|p2a: Pachirisu|0 fnt\n|-heal|p1a: Ceruledge|96/245 par|[from] drain|[of] p2a: Pachirisu\n|faint|p2a: Pachirisu\n|\n|upkeep\n|\n|t:|1781458317\n|switch|p2a: Grafaiai|Grafaiai, L86, M|249/249\n|-activate|p2a: Grafaiai|move: Sticky Web\n|-unboost|p2a: Grafaiai|spe|1\n|-sideend|p2: elsapito28|move: Toxic Spikes|[of] p2a: Grafaiai\n|turn|26\n|\n|t:|1781458325\n|move|p2a: Grafaiai|Knock Off|p1a: Ceruledge\n|-supereffective|p1a: Ceruledge\n|-damage|p1a: Ceruledge|0 fnt\n|-enditem|p1a: Ceruledge|Heavy-Duty Boots|[from] move: Knock Off|[of] p2a: Grafaiai\n|faint|p1a: Ceruledge\n|\n|win|elsapito28\n|raw|Guybrushseepgood's rating: 1679 &rarr; <strong>1662</strong><br />(-17 for losing)\n|raw|elsapito28's rating: 1738 &rarr; <strong>1755</strong><br />(+17 for winning)\n|l|\u2606Guybrushseepgood\n|player|p1|\n", "inputlog": ">version a8376a258c1d4662feba110a92103f3664a72141\n>start {\"formatid\":\"gen9randombattle\",\"seed\":\"sodium,43a90ddd08225da6a0a606c41c9fc3d7\",\"rated\":\"Rated battle\"}\n>player p1 {\"name\":\"Guybrushseepgood\",\"avatar\":\"266\",\"rating\":1679,\"seed\":\"sodium,34efd4731d3f0bc667d13224e7d9b89a\"}\n>player p2 {\"name\":\"elsapito28\",\"avatar\":\"266\",\"rating\":1738,\"seed\":\"sodium,fc37a6991735a678b0fed07350615bc8\"}\n>p1 move stickyweb\n>p2 move spiritbreak\n>p1 move toxicspikes\n>p2 move spiritbreak\n>p1 move toxicspikes\n>p2 move spiritbreak\n>p1 switch 5\n>p2 move spiritbreak\n>p1 move shiftgear terastallize\n>p2 move reflect\n>p1 move shiftgear\n>p2 move spiritbreak\n>p1 move gunkshot\n>p2 move spiritbreak\n>p2 switch 2\n>p1 move highhorsepower\n>p2 move suckerpunch\n>p1 switch 6\n>p1 switch 5\n>p2 move fireblast\n>p1 switch 3\n>p1 move substitute\n>p2 switch 3\n>p1 move surf\n>p2 move discharge\n>p1 move flipturn\n>p2 move uturn\n>p1 switch 5\n>p2 switch 5\n>p1 move closecombat\n>p2 move closecombat\n>p1 switch 5\n>p1 move surf\n>p2 move closecombat\n>p2 switch 5\n>p1 move substitute\n>p2 move discharge\n>p1 move substitute\n>p2 move discharge\n>p1 move substitute\n>p2 move discharge\n>p1 move flipturn\n>p2 move discharge\n>p1 switch 4\n>p1 move bitterblade\n>p2 switch 3\n>p1 switch 2\n>p2 move darkpulse\n>p1 move hydropump\n>p2 move darkpulse\n>p1 move hydropump\n>p2 move darkpulse\n>p2 switch 3\n>p1 move hydropump\n>p2 move discharge\n>p1 switch 4\n>p1 move endeavor\n>p2 move discharge\n>p1 switch 2\n>p1 move bitterblade\n>p2 move discharge\n>p2 switch 4\n>p1 move swordsdance\n>p2 move knockoff", "uploadtime": 1781458426, "views": 4, "formatid": "gen9randombattle", "rating": 1662, "private": 0, "password": null}