{"id": "gen9randombattle-2631379335", "format": "[Gen 9] Random Battle", "players": ["KerryPvP", "Foundthemobileuser"], "log": "|j|\u2606KerryPvP\n|j|\u2606Foundthemobileuser\n|t:|1781377707\n|gametype|singles\n|player|p1|KerryPvP|red|1316\n|player|p2|Foundthemobileuser|169|1346\n|gen|9\n|tier|[Gen 9] Random Battle\n|rated|\n|rule|Species Clause: Limit one of each Pok\u00e9mon\n|rule|HP Percentage Mod: HP is shown in percentages\n|rule|Sleep Clause Mod: Limit one foe put to sleep\n|rule|Illusion Level Mod: Illusion disguises the Pok\u00e9mon's true level\n|\n|t:|1781377707\n|teamsize|p1|6\n|teamsize|p2|6\n|start\n|switch|p1a: Articuno|Articuno, L86|295/295\n|switch|p2a: Okidogi|Okidogi, L77, M|262/262\n|-ability|p1a: Articuno|Pressure\n|turn|1\n|\n|t:|1781377714\n|move|p1a: Articuno|Substitute|p1a: Articuno\n|-start|p1a: Articuno|Substitute\n|-damage|p1a: Articuno|222/295\n|move|p2a: Okidogi|Knock Off|p1a: Articuno\n|-activate|p1a: Articuno|move: Substitute|[damage]\n|\n|upkeep\n|turn|2\n|\n|t:|1781377729\n|move|p1a: Articuno|Brave Bird|p2a: Okidogi\n|-supereffective|p2a: Okidogi\n|-damage|p2a: Okidogi|52/262\n|-damage|p1a: Articuno|153/295|[from] Recoil\n|move|p2a: Okidogi|Drain Punch|p1a: Articuno\n|-end|p1a: Articuno|Substitute\n|-heal|p2a: Okidogi|57/262|[from] drain|[of] p1a: Articuno\n|\n|upkeep\n|turn|3\n|\n|t:|1781377753\n|switch|p2a: Comfey|Comfey, L85, M|225/225\n|move|p1a: Articuno|Substitute|p1a: Articuno\n|-start|p1a: Articuno|Substitute\n|-damage|p1a: Articuno|80/295\n|\n|upkeep\n|turn|4\n|\n|t:|1781377769\n|move|p2a: Comfey|Calm Mind|p2a: Comfey\n|-boost|p2a: Comfey|spa|1\n|-boost|p2a: Comfey|spd|1\n|move|p1a: Articuno|Roost|p1a: Articuno\n|-heal|p1a: Articuno|228/295\n|-singleturn|p1a: Articuno|move: Roost\n|\n|upkeep\n|turn|5\n|\n|t:|1781377781\n|move|p2a: Comfey|Calm Mind|p2a: Comfey\n|-boost|p2a: Comfey|spa|1\n|-boost|p2a: Comfey|spd|1\n|move|p1a: Articuno|Brave Bird|p2a: Comfey\n|-damage|p2a: Comfey|108/225\n|-damage|p1a: Articuno|189/295|[from] Recoil\n|\n|-heal|p2a: Comfey|122/225|[from] item: Leftovers\n|upkeep\n|turn|6\n|\n|t:|1781377783\n|move|p2a: Comfey|Draining Kiss|p1a: Articuno\n|-end|p1a: Articuno|Substitute\n|-heal|p2a: Comfey|177/225|[from] drain|[of] p1a: Articuno\n|move|p1a: Articuno|Brave Bird|p2a: Comfey\n|-damage|p2a: Comfey|63/225\n|-damage|p1a: Articuno|151/295|[from] Recoil\n|\n|-heal|p2a: Comfey|77/225|[from] item: Leftovers\n|upkeep\n|turn|7\n|\n|t:|1781377790\n|switch|p1a: Skarmory|Skarmory, L80, F|235/235\n|move|p2a: Comfey|Draining Kiss|p1a: Skarmory\n|-resisted|p1a: Skarmory\n|-damage|p1a: Skarmory|177/235\n|-heal|p2a: Comfey|121/225|[from] drain|[of] p1a: Skarmory\n|\n|-heal|p2a: Comfey|135/225|[from] item: Leftovers\n|-heal|p1a: Skarmory|191/235|[from] item: Leftovers\n|upkeep\n|turn|8\n|\n|t:|1781377797\n|switch|p2a: Dusknoir|Dusknoir, L89, M|225/225\n|-item|p1a: Skarmory|Leftovers|[from] ability: Frisk|[of] p2a: Dusknoir\n|move|p1a: Skarmory|Brave Bird|p2a: Dusknoir\n|-damage|p2a: Dusknoir|159/225\n|-damage|p1a: Skarmory|169/235|[from] Recoil\n|\n|-heal|p1a: Skarmory|183/235|[from] item: Leftovers\n|-heal|p2a: Dusknoir|173/225|[from] item: Leftovers\n|upkeep\n|turn|9\n|\n|t:|1781377807\n|move|p1a: Skarmory|Iron Defense|p1a: Skarmory\n|-boost|p1a: Skarmory|def|2\n|move|p2a: Dusknoir|Will-O-Wisp|p1a: Skarmory|[miss]\n|-miss|p2a: Dusknoir|p1a: Skarmory\n|\n|-heal|p1a: Skarmory|197/235|[from] item: Leftovers\n|-heal|p2a: Dusknoir|187/225|[from] item: Leftovers\n|upkeep\n|turn|10\n|\n|t:|1781377818\n|move|p1a: Skarmory|Iron Defense|p1a: Skarmory\n|-boost|p1a: Skarmory|def|2\n|move|p2a: Dusknoir|Will-O-Wisp|p1a: Skarmory\n|-status|p1a: Skarmory|brn\n|\n|-heal|p1a: Skarmory|211/235 brn|[from] item: Leftovers\n|-heal|p2a: Dusknoir|201/225|[from] item: Leftovers\n|-damage|p1a: Skarmory|197/235 brn|[from] brn\n|upkeep\n|turn|11\n|\n|t:|1781377846\n|switch|p2a: Toxapex|Toxapex, L82, M|216/216\n|move|p1a: Skarmory|Iron Defense|p1a: Skarmory\n|-boost|p1a: Skarmory|def|2\n|\n|-heal|p1a: Skarmory|211/235 brn|[from] item: Leftovers\n|-damage|p1a: Skarmory|197/235 brn|[from] brn\n|upkeep\n|turn|12\n|\n|t:|1781377873\n|move|p1a: Skarmory|Brave Bird|p2a: Toxapex\n|-damage|p2a: Toxapex|181/216\n|-damage|p1a: Skarmory|185/235 brn|[from] Recoil\n|move|p2a: Toxapex|Haze|p2a: Toxapex\n|-clearallboost\n|\n|-heal|p1a: Skarmory|199/235 brn|[from] item: Leftovers\n|-heal|p2a: Toxapex|194/216|[from] item: Leftovers\n|-damage|p1a: Skarmory|185/235 brn|[from] brn\n|upkeep\n|turn|13\n|\n|t:|1781377885\n|move|p1a: Skarmory|Brave Bird|p2a: Toxapex\n|-damage|p2a: Toxapex|162/216\n|-damage|p1a: Skarmory|174/235 brn|[from] Recoil\n|move|p2a: Toxapex|Toxic Spikes|p1a: Skarmory\n|-sidestart|p1: KerryPvP|move: Toxic Spikes\n|\n|-heal|p1a: Skarmory|188/235 brn|[from] item: Leftovers\n|-heal|p2a: Toxapex|175/216|[from] item: Leftovers\n|-damage|p1a: Skarmory|174/235 brn|[from] brn\n|upkeep\n|turn|14\n|\n|t:|1781377897\n|switch|p1a: Great Tusk|Great Tusk, L77|304/304\n|-status|p1a: Great Tusk|psn\n|move|p2a: Toxapex|Toxic Spikes|p1a: Great Tusk\n|-sidestart|p1: KerryPvP|move: Toxic Spikes\n|\n|-heal|p2a: Toxapex|188/216|[from] item: Leftovers\n|-damage|p1a: Great Tusk|266/304 psn|[from] psn\n|upkeep\n|turn|15\n|\n|t:|1781377913\n|switch|p2a: Dusknoir|Dusknoir, L89, M|201/225\n|-item|p1a: Great Tusk|Leftovers|[from] ability: Frisk|[of] p2a: Dusknoir\n|move|p1a: Great Tusk|Bulk Up|p1a: Great Tusk\n|-boost|p1a: Great Tusk|atk|1\n|-boost|p1a: Great Tusk|def|1\n|\n|-heal|p1a: Great Tusk|285/304 psn|[from] item: Leftovers\n|-heal|p2a: Dusknoir|215/225|[from] item: Leftovers\n|-damage|p1a: Great Tusk|247/304 psn|[from] psn\n|upkeep\n|turn|16\n|\n|t:|1781377937\n|move|p1a: Great Tusk|Earthquake|p2a: Dusknoir\n|-damage|p2a: Dusknoir|95/225\n|move|p2a: Dusknoir|Poltergeist|p1a: Great Tusk|[miss]\n|-miss|p2a: Dusknoir|p1a: Great Tusk\n|\n|-heal|p1a: Great Tusk|266/304 psn|[from] item: Leftovers\n|-heal|p2a: Dusknoir|109/225|[from] item: Leftovers\n|-damage|p1a: Great Tusk|228/304 psn|[from] psn\n|upkeep\n|turn|17\n|\n|t:|1781377944\n|move|p1a: Great Tusk|Earthquake|p2a: Dusknoir\n|-damage|p2a: Dusknoir|0 fnt\n|faint|p2a: Dusknoir\n|\n|-heal|p1a: Great Tusk|247/304 psn|[from] item: Leftovers\n|-damage|p1a: Great Tusk|209/304 psn|[from] psn\n|upkeep\n|\n|t:|1781377947\n|switch|p2a: Articuno|Articuno, L86|295/295\n|-ability|p2a: Articuno|Pressure\n|turn|18\n|\n|t:|1781377955\n|move|p2a: Articuno|Freeze-Dry|p1a: Great Tusk\n|-supereffective|p1a: Great Tusk\n|-damage|p1a: Great Tusk|0 fnt\n|faint|p1a: Great Tusk\n|-end|p1a: Great Tusk|Protosynthesis|[silent]\n|\n|upkeep\n|\n|t:|1781377976\n|switch|p1a: Stonjourner|Stonjourner, L91, F|330/330\n|-status|p1a: Stonjourner|tox\n|turn|19\n|\n|t:|1781377985\n|switch|p2a: Toxapex|Toxapex, L82, M|216/216\n|move|p1a: Stonjourner|Rock Polish|p1a: Stonjourner\n|-boost|p1a: Stonjourner|spe|2\n|\n|-damage|p1a: Stonjourner|310/330 tox|[from] psn\n|upkeep\n|turn|20\n|\n|t:|1781378000\n|move|p1a: Stonjourner|Earthquake|p2a: Toxapex\n|-supereffective|p2a: Toxapex\n|-damage|p2a: Toxapex|44/216\n|-damage|p1a: Stonjourner|277/330 tox|[from] item: Life Orb\n|move|p2a: Toxapex|Liquidation|p1a: Stonjourner\n|-supereffective|p1a: Stonjourner\n|-crit|p1a: Stonjourner\n|-damage|p1a: Stonjourner|139/330 tox\n|\n|-heal|p2a: Toxapex|57/216|[from] item: Leftovers\n|-damage|p1a: Stonjourner|99/330 tox|[from] psn\n|upkeep\n|turn|21\n|\n|t:|1781378016\n|switch|p2a: Comfey|Comfey, L85, M|135/225\n|move|p1a: Stonjourner|Earthquake|p2a: Comfey\n|-damage|p2a: Comfey|18/225\n|-damage|p1a: Stonjourner|66/330 tox|[from] item: Life Orb\n|\n|-heal|p2a: Comfey|32/225|[from] item: Leftovers\n|-damage|p1a: Stonjourner|6/330 tox|[from] psn\n|upkeep\n|turn|22\n|\n|t:|1781378032\n|switch|p1a: Skarmory|Skarmory, L80, F|174/235 brn\n|move|p2a: Comfey|Giga Drain|p1a: Skarmory\n|-resisted|p1a: Skarmory\n|-damage|p1a: Skarmory|159/235 brn\n|-heal|p2a: Comfey|40/225|[from] drain|[of] p1a: Skarmory\n|\n|-heal|p2a: Comfey|54/225|[from] item: Leftovers\n|-heal|p1a: Skarmory|173/235 brn|[from] item: Leftovers\n|-damage|p1a: Skarmory|159/235 brn|[from] brn\n|upkeep\n|turn|23\n|\n|t:|1781378037\n|switch|p2a: Toxapex|Toxapex, L82, M|129/216\n|move|p1a: Skarmory|Brave Bird|p2a: Toxapex\n|-damage|p2a: Toxapex|96/216\n|-damage|p1a: Skarmory|148/235 brn|[from] Recoil\n|\n|-heal|p1a: Skarmory|162/235 brn|[from] item: Leftovers\n|-heal|p2a: Toxapex|109/216|[from] item: Leftovers\n|-damage|p1a: Skarmory|148/235 brn|[from] brn\n|upkeep\n|turn|24\n|\n|t:|1781378047\n|move|p1a: Skarmory|Brave Bird|p2a: Toxapex\n|-damage|p2a: Toxapex|78/216\n|-damage|p1a: Skarmory|138/235 brn|[from] Recoil\n|move|p2a: Toxapex|Recover|p2a: Toxapex\n|-heal|p2a: Toxapex|186/216\n|\n|-heal|p1a: Skarmory|152/235 brn|[from] item: Leftovers\n|-heal|p2a: Toxapex|199/216|[from] item: Leftovers\n|-damage|p1a: Skarmory|138/235 brn|[from] brn\n|upkeep\n|turn|25\n|\n|t:|1781378051\n|move|p1a: Skarmory|Brave Bird|p2a: Toxapex\n|-damage|p2a: Toxapex|163/216\n|-damage|p1a: Skarmory|126/235 brn|[from] Recoil\n|move|p2a: Toxapex|Liquidation|p1a: Skarmory\n|-damage|p1a: Skarmory|83/235 brn\n|\n|-heal|p1a: Skarmory|97/235 brn|[from] item: Leftovers\n|-heal|p2a: Toxapex|176/216|[from] item: Leftovers\n|-damage|p1a: Skarmory|83/235 brn|[from] brn\n|upkeep\n|turn|26\n|\n|t:|1781378065\n|move|p1a: Skarmory|Brave Bird|p2a: Toxapex\n|-crit|p2a: Toxapex\n|-damage|p2a: Toxapex|124/216\n|-damage|p1a: Skarmory|66/235 brn|[from] Recoil\n|move|p2a: Toxapex|Liquidation|p1a: Skarmory\n|-damage|p1a: Skarmory|18/235 brn\n|\n|-heal|p1a: Skarmory|32/235 brn|[from] item: Leftovers\n|-heal|p2a: Toxapex|137/216|[from] item: Leftovers\n|-damage|p1a: Skarmory|18/235 brn|[from] brn\n|upkeep\n|turn|27\n|inactive|Battle timer is ON: inactive players will automatically lose when time's up. (requested by Foundthemobileuser)\n|\n|t:|1781378089\n|move|p1a: Skarmory|Brave Bird|p2a: Toxapex\n|-damage|p2a: Toxapex|103/216\n|-damage|p1a: Skarmory|7/235 brn|[from] Recoil\n|move|p2a: Toxapex|Recover|p2a: Toxapex\n|-heal|p2a: Toxapex|211/216\n|\n|-heal|p1a: Skarmory|21/235 brn|[from] item: Leftovers\n|-heal|p2a: Toxapex|216/216|[from] item: Leftovers\n|-damage|p1a: Skarmory|7/235 brn|[from] brn\n|upkeep\n|turn|28\n|\n|t:|1781378108\n|move|p1a: Skarmory|Brave Bird|p2a: Toxapex\n|-damage|p2a: Toxapex|181/216\n|-damage|p1a: Skarmory|0 fnt|[from] Recoil\n|faint|p1a: Skarmory\n|move|p2a: Toxapex|Liquidation|p1: Skarmory|[notarget]\n|-fail|p2a: Toxapex\n|\n|-heal|p2a: Toxapex|194/216|[from] item: Leftovers\n|upkeep\n|\n|t:|1781378111\n|switch|p1a: Trevenant|Trevenant, L89, F|296/296\n|-status|p1a: Trevenant|tox\n|turn|29\n|\n|t:|1781378120\n|switch|p2a: Articuno|Articuno, L86|295/295\n|-ability|p2a: Articuno|Pressure\n|move|p1a: Trevenant|Poltergeist|p2a: Articuno\n|-activate|p2a: Articuno|move: Poltergeist|Heavy-Duty Boots\n|-damage|p2a: Articuno|174/295\n|\n|-damage|p1a: Trevenant|278/296 tox|[from] psn\n|upkeep\n|turn|30\n|\n|t:|1781378130\n|move|p2a: Articuno|Freeze-Dry|p1a: Trevenant\n|-supereffective|p1a: Trevenant\n|-damage|p1a: Trevenant|122/296 tox\n|-enditem|p1a: Trevenant|Sitrus Berry|[eat]\n|-heal|p1a: Trevenant|196/296 tox|[from] item: Sitrus Berry\n|move|p1a: Trevenant|Toxic|p2a: Articuno\n|-status|p2a: Articuno|tox\n|\n|-damage|p2a: Articuno|156/295 tox|[from] psn\n|-damage|p1a: Trevenant|160/296 tox|[from] psn\n|-item|p1a: Trevenant|Sitrus Berry|[from] ability: Harvest\n|upkeep\n|turn|31\n|inactive|KerryPvP has 120 seconds left.\n|\n|t:|1781378178\n|move|p2a: Articuno|Brave Bird|p1a: Trevenant\n|-supereffective|p1a: Trevenant\n|-damage|p1a: Trevenant|0 fnt\n|faint|p1a: Trevenant\n|-damage|p2a: Articuno|103/295 tox|[from] Recoil\n|\n|-damage|p2a: Articuno|67/295 tox|[from] psn\n|upkeep\n|\n|t:|1781378185\n|switch|p1a: Articuno|Articuno, L86|151/295\n|-ability|p1a: Articuno|Pressure\n|turn|32\n|\n|t:|1781378196\n|move|p1a: Articuno|Roost|p1a: Articuno\n|-heal|p1a: Articuno|295/295\n|-singleturn|p1a: Articuno|move: Roost\n|move|p2a: Articuno|Roost|p2a: Articuno\n|-heal|p2a: Articuno|215/295 tox\n|-singleturn|p2a: Articuno|move: Roost\n|\n|-damage|p2a: Articuno|161/295 tox|[from] psn\n|upkeep\n|turn|33\n|\n|t:|1781378205\n|switch|p2a: Toxapex|Toxapex, L82, M|216/216\n|move|p1a: Articuno|Substitute|p1a: Articuno\n|-start|p1a: Articuno|Substitute\n|-damage|p1a: Articuno|222/295\n|\n|upkeep\n|turn|34\n|inactive|KerryPvP has 120 seconds left.\n|\n|t:|1781378212\n|switch|p2a: Comfey|Comfey, L85, M|54/225\n|move|p1a: Articuno|Freeze-Dry|p2a: Comfey\n|-damage|p2a: Comfey|0 fnt\n|faint|p2a: Comfey\n|\n|upkeep\n|\n|t:|1781378221\n|switch|p2a: Toxapex|Toxapex, L82, M|216/216\n|turn|35\n|\n|t:|1781378225\n|-terastallize|p2a: Toxapex|Steel\n|move|p1a: Articuno|Freeze-Dry|p2a: Toxapex\n|-resisted|p2a: Toxapex\n|-damage|p2a: Toxapex|188/216\n|move|p2a: Toxapex|Liquidation|p1a: Articuno\n|-activate|p1a: Articuno|move: Substitute|[damage]\n|\n|-heal|p2a: Toxapex|201/216|[from] item: Leftovers\n|upkeep\n|turn|36\n|\n|t:|1781378244\n|move|p1a: Articuno|Brave Bird|p2a: Toxapex\n|-resisted|p2a: Toxapex\n|-damage|p2a: Toxapex|163/216\n|-damage|p1a: Articuno|209/295|[from] Recoil\n|move|p2a: Toxapex|Liquidation|p1a: Articuno\n|-end|p1a: Articuno|Substitute\n|\n|-heal|p2a: Toxapex|176/216|[from] item: Leftovers\n|upkeep\n|turn|37\n|\n|t:|1781378256\n|move|p1a: Articuno|Substitute|p1a: Articuno\n|-start|p1a: Articuno|Substitute\n|-damage|p1a: Articuno|136/295\n|move|p2a: Toxapex|Recover|p2a: Toxapex\n|-heal|p2a: Toxapex|216/216\n|\n|upkeep\n|turn|38\n|\n|t:|1781378259\n|switch|p2a: Articuno|Articuno, L86|161/295 tox\n|-ability|p2a: Articuno|Pressure\n|move|p1a: Articuno|Brave Bird|p2a: Articuno\n|-damage|p2a: Articuno|62/295 tox\n|-damage|p1a: Articuno|103/295|[from] Recoil\n|\n|-damage|p2a: Articuno|44/295 tox|[from] psn\n|upkeep\n|turn|39\n|\n|t:|1781378267\n|move|p2a: Articuno|Roost|p2a: Articuno\n|-heal|p2a: Articuno|192/295 tox\n|-singleturn|p2a: Articuno|move: Roost\n|move|p1a: Articuno|Roost|p1a: Articuno\n|-heal|p1a: Articuno|251/295\n|-singleturn|p1a: Articuno|move: Roost\n|\n|-damage|p2a: Articuno|156/295 tox|[from] psn\n|upkeep\n|turn|40\n|\n|t:|1781378275\n|switch|p2a: Toxapex|Toxapex, L82, M, tera:Steel|216/216\n|move|p1a: Articuno|Freeze-Dry|p2a: Toxapex\n|-resisted|p2a: Toxapex\n|-damage|p2a: Toxapex|188/216\n|\n|-heal|p2a: Toxapex|201/216|[from] item: Leftovers\n|upkeep\n|turn|41\n|\n|t:|1781378283\n|move|p1a: Articuno|Brave Bird|p2a: Toxapex\n|-resisted|p2a: Toxapex\n|-damage|p2a: Toxapex|158/216\n|-damage|p1a: Articuno|237/295|[from] Recoil\n|move|p2a: Toxapex|Toxic Spikes||[still]\n|-fail|p2a: Toxapex\n|\n|-heal|p2a: Toxapex|171/216|[from] item: Leftovers\n|upkeep\n|turn|42\n|\n|t:|1781378300\n|move|p1a: Articuno|Brave Bird|p2a: Toxapex\n|-resisted|p2a: Toxapex\n|-damage|p2a: Toxapex|130/216\n|-damage|p1a: Articuno|223/295|[from] Recoil\n|move|p2a: Toxapex|Haze|p2a: Toxapex\n|-clearallboost\n|\n|-heal|p2a: Toxapex|143/216|[from] item: Leftovers\n|upkeep\n|turn|43\n|\n|t:|1781378308\n|move|p1a: Articuno|Brave Bird|p2a: Toxapex\n|-resisted|p2a: Toxapex\n|-damage|p2a: Toxapex|104/216\n|-damage|p1a: Articuno|210/295|[from] Recoil\n|move|p2a: Toxapex|Recover|p2a: Toxapex\n|-heal|p2a: Toxapex|212/216\n|\n|-heal|p2a: Toxapex|216/216|[from] item: Leftovers\n|upkeep\n|turn|44\n|\n|t:|1781378312\n|move|p1a: Articuno|Brave Bird|p2a: Toxapex\n|-resisted|p2a: Toxapex\n|-damage|p2a: Toxapex|175/216\n|-damage|p1a: Articuno|196/295|[from] Recoil\n|move|p2a: Toxapex|Haze|p2a: Toxapex\n|-clearallboost\n|\n|-heal|p2a: Toxapex|188/216|[from] item: Leftovers\n|upkeep\n|turn|45\n|\n|t:|1781378326\n|move|p1a: Articuno|Brave Bird|p2a: Toxapex\n|-resisted|p2a: Toxapex\n|-damage|p2a: Toxapex|147/216\n|-damage|p1a: Articuno|182/295|[from] Recoil\n|move|p2a: Toxapex|Haze|p2a: Toxapex\n|-clearallboost\n|\n|-heal|p2a: Toxapex|160/216|[from] item: Leftovers\n|upkeep\n|turn|46\n|\n|t:|1781378335\n|move|p1a: Articuno|Brave Bird|p2a: Toxapex\n|-resisted|p2a: Toxapex\n|-damage|p2a: Toxapex|121/216\n|-damage|p1a: Articuno|169/295|[from] Recoil\n|move|p2a: Toxapex|Haze|p2a: Toxapex\n|-clearallboost\n|\n|-heal|p2a: Toxapex|134/216|[from] item: Leftovers\n|upkeep\n|turn|47\n|\n|t:|1781378343\n|move|p1a: Articuno|Brave Bird|p2a: Toxapex\n|-resisted|p2a: Toxapex\n|-damage|p2a: Toxapex|91/216\n|-damage|p1a: Articuno|155/295|[from] Recoil\n|move|p2a: Toxapex|Recover|p2a: Toxapex\n|-heal|p2a: Toxapex|199/216\n|\n|-heal|p2a: Toxapex|212/216|[from] item: Leftovers\n|upkeep\n|turn|48\n|\n|t:|1781378348\n|move|p1a: Articuno|Brave Bird|p2a: Toxapex\n|-resisted|p2a: Toxapex\n|-damage|p2a: Toxapex|170/216\n|-damage|p1a: Articuno|141/295|[from] Recoil\n|move|p2a: Toxapex|Haze|p2a: Toxapex\n|-clearallboost\n|\n|-heal|p2a: Toxapex|183/216|[from] item: Leftovers\n|upkeep\n|turn|49\n|\n|t:|1781378355\n|switch|p2a: Articuno|Articuno, L86|156/295 tox\n|-ability|p2a: Articuno|Pressure\n|move|p1a: Articuno|Brave Bird|p2a: Articuno\n|-damage|p2a: Articuno|51/295 tox\n|-damage|p1a: Articuno|106/295|[from] Recoil\n|\n|-damage|p2a: Articuno|33/295 tox|[from] psn\n|upkeep\n|turn|50\n|\n|t:|1781378366\n|move|p2a: Articuno|Roost|p2a: Articuno\n|-heal|p2a: Articuno|181/295 tox\n|-singleturn|p2a: Articuno|move: Roost\n|move|p1a: Articuno|Substitute|p1a: Articuno\n|-fail|p1a: Articuno|move: Substitute\n|\n|-damage|p2a: Articuno|145/295 tox|[from] psn\n|upkeep\n|turn|51\n|\n|t:|1781378373\n|switch|p2a: Toxapex|Toxapex, L82, M, tera:Steel|216/216\n|move|p1a: Articuno|Substitute|p1a: Articuno\n|-fail|p1a: Articuno|move: Substitute\n|\n|upkeep\n|turn|52\n|\n|t:|1781378381\n|move|p1a: Articuno|Brave Bird|p2a: Toxapex\n|-resisted|p2a: Toxapex\n|-damage|p2a: Toxapex|174/216\n|-damage|p1a: Articuno|92/295|[from] Recoil\n|move|p2a: Toxapex|Toxic Spikes||[still]\n|-fail|p2a: Toxapex\n|\n|-heal|p2a: Toxapex|187/216|[from] item: Leftovers\n|upkeep\n|turn|53\n|\n|t:|1781378388\n|move|p1a: Articuno|Brave Bird|p2a: Toxapex\n|-resisted|p2a: Toxapex\n|-damage|p2a: Toxapex|148/216\n|-damage|p1a: Articuno|79/295|[from] Recoil\n|move|p2a: Toxapex|Toxic Spikes||[still]\n|-fail|p2a: Toxapex\n|\n|-heal|p2a: Toxapex|161/216|[from] item: Leftovers\n|upkeep\n|turn|54\n|\n|t:|1781378399\n|move|p1a: Articuno|Brave Bird|p2a: Toxapex\n|-resisted|p2a: Toxapex\n|-damage|p2a: Toxapex|122/216\n|-damage|p1a: Articuno|66/295|[from] Recoil\n|move|p2a: Toxapex|Recover|p2a: Toxapex\n|-heal|p2a: Toxapex|216/216\n|\n|upkeep\n|turn|55\n|\n|t:|1781378403\n|switch|p2a: Articuno|Articuno, L86|145/295 tox\n|-ability|p2a: Articuno|Pressure\n|move|p1a: Articuno|Brave Bird|p2a: Articuno\n|-damage|p2a: Articuno|36/295 tox\n|-damage|p1a: Articuno|30/295|[from] Recoil\n|\n|-damage|p2a: Articuno|18/295 tox|[from] psn\n|upkeep\n|turn|56\n|\n|t:|1781378413\n|move|p1a: Articuno|Roost|p1a: Articuno\n|-heal|p1a: Articuno|178/295\n|-singleturn|p1a: Articuno|move: Roost\n|move|p2a: Articuno|Roost|p2a: Articuno\n|-heal|p2a: Articuno|166/295 tox\n|-singleturn|p2a: Articuno|move: Roost\n|\n|-damage|p2a: Articuno|130/295 tox|[from] psn\n|upkeep\n|turn|57\n|\n|t:|1781378423\n|switch|p2a: Toxapex|Toxapex, L82, M, tera:Steel|216/216\n|move|p1a: Articuno|Substitute|p1a: Articuno\n|-fail|p1a: Articuno|move: Substitute\n|\n|upkeep\n|turn|58\n|\n|t:|1781378437\n|move|p1a: Articuno|Freeze-Dry|p2a: Toxapex\n|-resisted|p2a: Toxapex\n|-damage|p2a: Toxapex|191/216\n|move|p2a: Toxapex|Haze|p2a: Toxapex\n|-clearallboost\n|\n|-heal|p2a: Toxapex|204/216|[from] item: Leftovers\n|upkeep\n|turn|59\n|\n|t:|1781378455\n|switch|p2a: Articuno|Articuno, L86|130/295 tox\n|-ability|p2a: Articuno|Pressure\n|move|p1a: Articuno|Freeze-Dry|p2a: Articuno\n|-damage|p2a: Articuno|78/295 tox\n|\n|-damage|p2a: Articuno|60/295 tox|[from] psn\n|upkeep\n|turn|60\n|\n|t:|1781378468\n|move|p1a: Articuno|Brave Bird|p2a: Articuno\n|-damage|p2a: Articuno|0 fnt\n|faint|p2a: Articuno\n|-damage|p1a: Articuno|158/295|[from] Recoil\n|\n|upkeep\n|\n|t:|1781378474\n|switch|p2a: Toxapex|Toxapex, L82, M, tera:Steel|216/216\n|turn|61\n|\n|t:|1781378486\n|move|p1a: Articuno|Freeze-Dry|p2a: Toxapex\n|-resisted|p2a: Toxapex\n|-damage|p2a: Toxapex|188/216\n|move|p2a: Toxapex|Liquidation|p1a: Articuno\n|-activate|p1a: Articuno|move: Substitute|[damage]\n|\n|-heal|p2a: Toxapex|201/216|[from] item: Leftovers\n|upkeep\n|turn|62\n|\n|t:|1781378494\n|switch|p2a: Okidogi|Okidogi, L77, M|57/262\n|move|p1a: Articuno|Brave Bird|p2a: Okidogi\n|-supereffective|p2a: Okidogi\n|-damage|p2a: Okidogi|0 fnt\n|faint|p2a: Okidogi\n|-damage|p1a: Articuno|139/295|[from] Recoil\n|\n|upkeep\n|\n|t:|1781378501\n|switch|p2a: Toxapex|Toxapex, L82, M, tera:Steel|216/216\n|turn|63\n|\n|t:|1781378505\n|move|p1a: Articuno|Freeze-Dry|p2a: Toxapex\n|-resisted|p2a: Toxapex\n|-damage|p2a: Toxapex|191/216\n|move|p2a: Toxapex|Haze|p2a: Toxapex\n|-clearallboost\n|\n|-heal|p2a: Toxapex|204/216|[from] item: Leftovers\n|upkeep\n|turn|64\n|\n|t:|1781378512\n|move|p1a: Articuno|Freeze-Dry|p2a: Toxapex\n|-resisted|p2a: Toxapex\n|-damage|p2a: Toxapex|177/216\n|move|p2a: Toxapex|Haze|p2a: Toxapex\n|-clearallboost\n|\n|-heal|p2a: Toxapex|190/216|[from] item: Leftovers\n|upkeep\n|turn|65\n|\n|t:|1781378527\n|move|p1a: Articuno|Freeze-Dry|p2a: Toxapex\n|-resisted|p2a: Toxapex\n|-damage|p2a: Toxapex|162/216\n|move|p2a: Toxapex|Haze|p2a: Toxapex\n|-clearallboost\n|\n|-heal|p2a: Toxapex|175/216|[from] item: Leftovers\n|upkeep\n|turn|66\n|\n|t:|1781378539\n|move|p1a: Articuno|Freeze-Dry|p2a: Toxapex\n|-resisted|p2a: Toxapex\n|-damage|p2a: Toxapex|150/216\n|move|p2a: Toxapex|Liquidation|p1a: Articuno\n|-end|p1a: Articuno|Substitute\n|\n|-heal|p2a: Toxapex|163/216|[from] item: Leftovers\n|upkeep\n|turn|67\n|\n|t:|1781378549\n|move|p1a: Articuno|Substitute|p1a: Articuno\n|-start|p1a: Articuno|Substitute\n|-damage|p1a: Articuno|66/295\n|move|p2a: Toxapex|Recover|p2a: Toxapex\n|-heal|p2a: Toxapex|216/216\n|\n|upkeep\n|turn|68\n|inactive|KerryPvP has 120 seconds left.\n|\n|t:|1781378581\n|move|p1a: Articuno|Freeze-Dry|p2a: Toxapex\n|-resisted|p2a: Toxapex\n|-damage|p2a: Toxapex|188/216\n|move|p2a: Toxapex|Liquidation|p1a: Articuno\n|-activate|p1a: Articuno|move: Substitute|[damage]\n|\n|-heal|p2a: Toxapex|201/216|[from] item: Leftovers\n|upkeep\n|turn|69\n|inactive|KerryPvP has 120 seconds left.\n|\n|t:|1781378594\n|move|p1a: Articuno|Roost|p1a: Articuno\n|-heal|p1a: Articuno|214/295\n|-singleturn|p1a: Articuno|move: Roost\n|move|p2a: Toxapex|Haze|p2a: Toxapex\n|-clearallboost\n|\n|-heal|p2a: Toxapex|214/216|[from] item: Leftovers\n|upkeep\n|turn|70\n|\n|t:|1781378602\n|move|p1a: Articuno|Freeze-Dry|p2a: Toxapex\n|-resisted|p2a: Toxapex\n|-damage|p2a: Toxapex|185/216\n|move|p2a: Toxapex|Toxic Spikes||[still]\n|-fail|p2a: Toxapex\n|\n|-heal|p2a: Toxapex|198/216|[from] item: Leftovers\n|upkeep\n|turn|71\n|\n|t:|1781378611\n|move|p1a: Articuno|Freeze-Dry|p2a: Toxapex\n|-resisted|p2a: Toxapex\n|-damage|p2a: Toxapex|171/216\n|move|p2a: Toxapex|Toxic Spikes||[still]\n|-fail|p2a: Toxapex\n|\n|-heal|p2a: Toxapex|184/216|[from] item: Leftovers\n|upkeep\n|turn|72\n|\n|t:|1781378627\n|move|p1a: Articuno|Freeze-Dry|p2a: Toxapex\n|-resisted|p2a: Toxapex\n|-damage|p2a: Toxapex|157/216\n|move|p2a: Toxapex|Haze|p2a: Toxapex\n|-clearallboost\n|\n|-heal|p2a: Toxapex|170/216|[from] item: Leftovers\n|upkeep\n|turn|73\n|\n|t:|1781378638\n|move|p1a: Articuno|Freeze-Dry|p2a: Toxapex\n|-resisted|p2a: Toxapex\n|-damage|p2a: Toxapex|142/216\n|move|p2a: Toxapex|Haze|p2a: Toxapex\n|-clearallboost\n|\n|-heal|p2a: Toxapex|155/216|[from] item: Leftovers\n|upkeep\n|turn|74\n|\n|t:|1781378646\n|move|p1a: Articuno|Freeze-Dry|p2a: Toxapex\n|-resisted|p2a: Toxapex\n|-damage|p2a: Toxapex|130/216\n|-status|p2a: Toxapex|frz\n|-curestatus|p2a: Toxapex|frz|[msg]\n|move|p2a: Toxapex|Recover|p2a: Toxapex\n|-heal|p2a: Toxapex|216/216\n|\n|upkeep\n|turn|75\n|\n|t:|1781378659\n|move|p1a: Articuno|Freeze-Dry|p2a: Toxapex\n|-resisted|p2a: Toxapex\n|-damage|p2a: Toxapex|188/216\n|move|p2a: Toxapex|Haze|p2a: Toxapex\n|-clearallboost\n|\n|-heal|p2a: Toxapex|201/216|[from] item: Leftovers\n|upkeep\n|turn|76\n|\n|t:|1781378668\n|move|p1a: Articuno|Freeze-Dry|p2a: Toxapex\n|-resisted|p2a: Toxapex\n|-damage|p2a: Toxapex|174/216\n|move|p2a: Toxapex|Toxic Spikes||[still]\n|-fail|p2a: Toxapex\n|\n|-heal|p2a: Toxapex|187/216|[from] item: Leftovers\n|upkeep\n|turn|77\n|\n|t:|1781378676\n|move|p1a: Articuno|Freeze-Dry|p2a: Toxapex\n|-resisted|p2a: Toxapex\n|-damage|p2a: Toxapex|160/216\n|move|p2a: Toxapex|Haze|p2a: Toxapex\n|-clearallboost\n|\n|-heal|p2a: Toxapex|173/216|[from] item: Leftovers\n|upkeep\n|turn|78\n|\n|t:|1781378693\n|move|p1a: Articuno|Freeze-Dry|p2a: Toxapex\n|-resisted|p2a: Toxapex\n|-damage|p2a: Toxapex|147/216\n|move|p2a: Toxapex|Liquidation|p1a: Articuno\n|-crit|p1a: Articuno\n|-end|p1a: Articuno|Substitute\n|\n|-heal|p2a: Toxapex|160/216|[from] item: Leftovers\n|upkeep\n|turn|79\n|\n|t:|1781378698\n|move|p1a: Articuno|Freeze-Dry|p2a: Toxapex\n|-resisted|p2a: Toxapex\n|-damage|p2a: Toxapex|133/216\n|move|p2a: Toxapex|Toxic Spikes||[still]\n|-fail|p2a: Toxapex\n|\n|-heal|p2a: Toxapex|146/216|[from] item: Leftovers\n|upkeep\n|turn|80\n|\n|t:|1781378703\n|switch|p2a: Roaring Moon|Roaring Moon, L72|270/270\n|move|p1a: Articuno|Freeze-Dry|p2a: Roaring Moon\n|-supereffective|p2a: Roaring Moon\n|-damage|p2a: Roaring Moon|114/270\n|\n|upkeep\n|turn|81\n|\n|t:|1781378715\n|-end|p2a: Roaring Moon|Protosynthesis|[silent]\n|switch|p2a: Toxapex|Toxapex, L82, M, tera:Steel|216/216\n|move|p1a: Articuno|Freeze-Dry|p2a: Toxapex\n|-resisted|p2a: Toxapex\n|-damage|p2a: Toxapex|188/216\n|\n|-heal|p2a: Toxapex|201/216|[from] item: Leftovers\n|upkeep\n|turn|82\n|\n|t:|1781378735\n|move|p1a: Articuno|Substitute|p1a: Articuno\n|-start|p1a: Articuno|Substitute\n|-damage|p1a: Articuno|141/295\n|move|p2a: Toxapex|Haze|p2a: Toxapex\n|-clearallboost\n|\n|-heal|p2a: Toxapex|214/216|[from] item: Leftovers\n|upkeep\n|turn|83\n|\n|t:|1781378747\n|move|p1a: Articuno|Roost|p1a: Articuno\n|-heal|p1a: Articuno|289/295\n|-singleturn|p1a: Articuno|move: Roost\n|move|p2a: Toxapex|Haze|p2a: Toxapex\n|-clearallboost\n|\n|-heal|p2a: Toxapex|216/216|[from] item: Leftovers\n|upkeep\n|turn|84\n|c|\u2606KerryPvP|Ggs\n|\n|t:|1781378762\n|switch|p1a: Regidrago|Regidrago, L77|435/435\n|-status|p1a: Regidrago|tox\n|move|p2a: Toxapex|Toxic Spikes||[still]\n|-fail|p2a: Toxapex\n|\n|-damage|p1a: Regidrago|408/435 tox|[from] psn\n|upkeep\n|turn|85\n|\n|t:|1781378777\n|move|p1a: Regidrago|Earthquake|p2a: Toxapex\n|-supereffective|p2a: Toxapex\n|-damage|p2a: Toxapex|132/216\n|move|p2a: Toxapex|Toxic Spikes||[still]\n|-fail|p2a: Toxapex\n|\n|-heal|p2a: Toxapex|145/216|[from] item: Leftovers\n|-damage|p1a: Regidrago|354/435 tox|[from] psn\n|upkeep\n|turn|86\n|\n|t:|1781378782\n|move|p1a: Regidrago|Earthquake|p2a: Toxapex\n|-supereffective|p2a: Toxapex\n|-damage|p2a: Toxapex|57/216\n|move|p2a: Toxapex|Toxic Spikes||[still]\n|-fail|p2a: Toxapex\n|\n|-heal|p2a: Toxapex|70/216|[from] item: Leftovers\n|-damage|p1a: Regidrago|273/435 tox|[from] psn\n|upkeep\n|turn|87\n|\n|t:|1781378798\n|move|p1a: Regidrago|Earthquake|p2a: Toxapex\n|-supereffective|p2a: Toxapex\n|-damage|p2a: Toxapex|0 fnt\n|faint|p2a: Toxapex\n|\n|-damage|p1a: Regidrago|165/435 tox|[from] psn\n|upkeep\n|\n|t:|1781378802\n|switch|p2a: Roaring Moon|Roaring Moon, L72|114/270\n|turn|88\n|\n|t:|1781378818\n|switch|p1a: Stonjourner|Stonjourner, L91, F|6/330 tox\n|move|p2a: Roaring Moon|Knock Off|p1a: Stonjourner\n|-damage|p1a: Stonjourner|0 fnt\n|-enditem|p1a: Stonjourner|Life Orb|[from] move: Knock Off|[of] p2a: Roaring Moon\n|faint|p1a: Stonjourner\n|\n|upkeep\n|\n|t:|1781378824\n|switch|p1a: Regidrago|Regidrago, L77|165/435 tox\n|turn|89\n|\n|t:|1781378830\n|move|p1a: Regidrago|Outrage|p2a: Roaring Moon\n|-supereffective|p2a: Roaring Moon\n|-damage|p2a: Roaring Moon|0 fnt\n|faint|p2a: Roaring Moon\n|-end|p2a: Roaring Moon|Protosynthesis|[silent]\n|\n|win|KerryPvP\n|raw|KerryPvP's rating: 1316 &rarr; <strong>1338</strong><br />(+22 for winning)\n|raw|Foundthemobileuser's rating: 1346 &rarr; <strong>1324</strong><br />(-22 for losing)\n|l|\u2606Foundthemobileuser\n|player|p2|\n", "uploadtime": 1781378850, "views": 7, "formatid": "gen9randombattle", "rating": 1324, "private": 0, "password": null}