{"id": "gen9randombattle-2631782090", "format": "[Gen 9] Random Battle", "players": ["NickPlayeZ", "LewisBavin"], "log": "|j|\u2606NickPlayeZ\n|j|\u2606LewisBavin\n|t:|1781438819\n|gametype|singles\n|player|p1|NickPlayeZ|emmet|2123\n|player|p2|LewisBavin|102|2184\n|gen|9\n|tier|[Gen 9] Random Battle\n|rated|\n|rule|Species Clause: Limit one of each Pok\u00e9mon\n|rule|HP Percentage Mod: HP is shown in percentages\n|rule|Sleep Clause Mod: Limit one foe put to sleep\n|rule|Illusion Level Mod: Illusion disguises the Pok\u00e9mon's true level\n|\n|t:|1781438819\n|teamsize|p1|6\n|teamsize|p2|6\n|start\n|switch|p1a: Electrode|Electrode, L92|260/260\n|switch|p2a: Veluza|Veluza, L85, M|292/292\n|turn|1\n|inactive|Battle timer is ON: inactive players will automatically lose when time's up. (requested by LewisBavin)\n|inactive|NickPlayeZ also wants the timer to be on.\n|j| VJisHERE\n|\n|t:|1781438830\n|move|p1a: Electrode|Volt Switch|p2a: Veluza\n|-supereffective|p2a: Veluza\n|-damage|p2a: Veluza|50/292\n|-enditem|p2a: Veluza|Sitrus Berry|[eat]\n|-heal|p2a: Veluza|123/292|[from] item: Sitrus Berry\n|-damage|p1a: Electrode|234/260|[from] item: Life Orb\n|\n|t:|1781438837\n|switch|p1a: Suicune|Suicune, L82|298/298|[from] Volt Switch\n|-ability|p1a: Suicune|Pressure\n|move|p2a: Veluza|Aqua Cutter|p1a: Suicune\n|-resisted|p1a: Suicune\n|-damage|p1a: Suicune|250/298\n|\n|-heal|p1a: Suicune|268/298|[from] item: Leftovers\n|upkeep\n|turn|2\n|\n|t:|1781438841\n|move|p1a: Suicune|Scald|p2a: Veluza\n|-resisted|p2a: Veluza\n|-damage|p2a: Veluza|80/292\n|move|p2a: Veluza|Psycho Cut|p1a: Suicune\n|-damage|p1a: Suicune|168/298\n|\n|-heal|p1a: Suicune|186/298|[from] item: Leftovers\n|upkeep\n|turn|3\n|c| VJisHERE|hey\n|\n|t:|1781438844\n|move|p1a: Suicune|Scald|p2a: Veluza\n|-resisted|p2a: Veluza\n|-damage|p2a: Veluza|38/292\n|move|p2a: Veluza|Psycho Cut|p1a: Suicune\n|-damage|p1a: Suicune|86/298\n|\n|-heal|p1a: Suicune|104/298|[from] item: Leftovers\n|upkeep\n|turn|4\n|\n|t:|1781438847\n|move|p1a: Suicune|Protect|p1a: Suicune\n|-singleturn|p1a: Suicune|Protect\n|move|p2a: Veluza|Psycho Cut|p1a: Suicune\n|-activate|p1a: Suicune|move: Protect\n|\n|-heal|p1a: Suicune|122/298|[from] item: Leftovers\n|upkeep\n|turn|5\n|\n|t:|1781438849\n|move|p1a: Suicune|Scald|p2a: Veluza\n|-resisted|p2a: Veluza\n|-damage|p2a: Veluza|0 fnt\n|faint|p2a: Veluza\n|\n|-heal|p1a: Suicune|140/298|[from] item: Leftovers\n|upkeep\n|\n|t:|1781438850\n|switch|p2a: Meowscarada|Meowscarada, L78, F|247/247\n|turn|6\n|\n|t:|1781438857\n|switch|p1a: Tauros|Tauros-Paldea-Blaze, L81, M|254/254\n|-ability|p1a: Tauros|Intimidate|boost\n|-unboost|p2a: Meowscarada|atk|1\n|move|p2a: Meowscarada|Flower Trick|p1a: Tauros\n|-start|p2a: Meowscarada|typechange|Grass|[from] ability: Protean\n|-resisted|p1a: Tauros\n|-crit|p1a: Tauros\n|-damage|p1a: Tauros|208/254\n|\n|upkeep\n|turn|7\n|\n|t:|1781438859\n|move|p2a: Meowscarada|U-turn|p1a: Tauros\n|-resisted|p1a: Tauros\n|-damage|p1a: Tauros|202/254\n|\n|t:|1781438861\n|switch|p2a: Dachsbun|Dachsbun, L92, F|254/254|[from] U-turn\n|move|p1a: Tauros|Close Combat|p2a: Dachsbun\n|-resisted|p2a: Dachsbun\n|-damage|p2a: Dachsbun|176/254\n|-unboost|p1a: Tauros|def|1\n|-unboost|p1a: Tauros|spd|1\n|\n|-heal|p2a: Dachsbun|191/254|[from] item: Leftovers\n|upkeep\n|turn|8\n|\n|t:|1781438875\n|switch|p1a: Plusle|Plusle, L95, M, shiny|268/268\n|move|p2a: Dachsbun|Yawn|p1a: Plusle\n|-start|p1a: Plusle|move: Yawn|[of] p2a: Dachsbun\n|\n|-heal|p2a: Dachsbun|206/254|[from] item: Leftovers\n|upkeep\n|turn|9\n|\n|t:|1781438881\n|switch|p1a: Suicune|Suicune, L82|140/298\n|-ability|p1a: Suicune|Pressure\n|move|p2a: Dachsbun|Play Rough|p1a: Suicune\n|-damage|p1a: Suicune|56/298\n|\n|-heal|p2a: Dachsbun|221/254|[from] item: Leftovers\n|-heal|p1a: Suicune|74/298|[from] item: Leftovers\n|upkeep\n|turn|10\n|\n|t:|1781438884\n|move|p1a: Suicune|Protect|p1a: Suicune\n|-singleturn|p1a: Suicune|Protect\n|move|p2a: Dachsbun|Play Rough|p1a: Suicune\n|-activate|p1a: Suicune|move: Protect\n|\n|-heal|p2a: Dachsbun|236/254|[from] item: Leftovers\n|-heal|p1a: Suicune|92/298|[from] item: Leftovers\n|upkeep\n|turn|11\n|\n|t:|1781438887\n|move|p2a: Dachsbun|Yawn|p1a: Suicune\n|-start|p1a: Suicune|move: Yawn|[of] p2a: Dachsbun\n|move|p1a: Suicune|Scald|p2a: Dachsbun\n|-damage|p2a: Dachsbun|160/254\n|\n|-heal|p2a: Dachsbun|175/254|[from] item: Leftovers\n|-heal|p1a: Suicune|110/298|[from] item: Leftovers\n|upkeep\n|turn|12\n|\n|t:|1781438894\n|move|p2a: Dachsbun|Play Rough|p1a: Suicune\n|-damage|p1a: Suicune|26/298\n|move|p1a: Suicune|Substitute|p1a: Suicune\n|-fail|p1a: Suicune|move: Substitute|[weak]\n|\n|-heal|p2a: Dachsbun|190/254|[from] item: Leftovers\n|-heal|p1a: Suicune|44/298|[from] item: Leftovers\n|-end|p1a: Suicune|move: Yawn|[silent]\n|-status|p1a: Suicune|slp\n|upkeep\n|turn|13\n|\n|t:|1781438901\n|switch|p1a: Clawitzer|Clawitzer, L87, F|265/265\n|move|p2a: Dachsbun|Play Rough|p1a: Clawitzer|[miss]\n|-miss|p2a: Dachsbun|p1a: Clawitzer\n|\n|-heal|p2a: Dachsbun|205/254|[from] item: Leftovers\n|upkeep\n|turn|14\n|c| VJisHERE|hey\n|\n|t:|1781438905\n|move|p2a: Dachsbun|Protect|p2a: Dachsbun\n|-singleturn|p2a: Dachsbun|Protect\n|move|p1a: Clawitzer|Water Pulse|p2a: Dachsbun\n|-activate|p2a: Dachsbun|move: Protect\n|\n|-heal|p2a: Dachsbun|220/254|[from] item: Leftovers\n|upkeep\n|turn|15\n|\n|t:|1781438909\n|move|p2a: Dachsbun|Wish|p2a: Dachsbun\n|move|p1a: Clawitzer|Aura Sphere|p2a: Dachsbun\n|-resisted|p2a: Dachsbun\n|-damage|p2a: Dachsbun|171/254\n|\n|-heal|p2a: Dachsbun|186/254|[from] item: Leftovers\n|upkeep\n|turn|16\n|\n|t:|1781438913\n|move|p2a: Dachsbun|Play Rough|p1a: Clawitzer\n|-damage|p1a: Clawitzer|168/265\n|move|p1a: Clawitzer|Aura Sphere|p2a: Dachsbun\n|-resisted|p2a: Dachsbun\n|-damage|p2a: Dachsbun|131/254\n|\n|-heal|p2a: Dachsbun|254/254|[from] move: Wish|[wisher] Dachsbun\n|upkeep\n|turn|17\n|\n|t:|1781438917\n|move|p2a: Dachsbun|Wish|p2a: Dachsbun\n|move|p1a: Clawitzer|Water Pulse|p2a: Dachsbun\n|-damage|p2a: Dachsbun|130/254\n|\n|-heal|p2a: Dachsbun|145/254|[from] item: Leftovers\n|upkeep\n|turn|18\n|\n|t:|1781438921\n|move|p2a: Dachsbun|Play Rough|p1a: Clawitzer\n|-damage|p1a: Clawitzer|72/265\n|move|p1a: Clawitzer|Water Pulse|p2a: Dachsbun\n|-damage|p2a: Dachsbun|22/254\n|\n|-heal|p2a: Dachsbun|149/254|[from] move: Wish|[wisher] Dachsbun\n|-heal|p2a: Dachsbun|164/254|[from] item: Leftovers\n|upkeep\n|turn|19\n|\n|t:|1781438925\n|move|p2a: Dachsbun|Play Rough|p1a: Clawitzer\n|-crit|p1a: Clawitzer\n|-damage|p1a: Clawitzer|0 fnt\n|faint|p1a: Clawitzer\n|\n|-heal|p2a: Dachsbun|179/254|[from] item: Leftovers\n|upkeep\n|\n|t:|1781438927\n|switch|p1a: Plusle|Plusle, L95, M, shiny|268/268\n|turn|20\n|\n|t:|1781438930\n|switch|p2a: Meowscarada|Meowscarada, L78, F|247/247\n|move|p1a: Plusle|Nasty Plot|p1a: Plusle\n|-boost|p1a: Plusle|spa|2\n|\n|upkeep\n|turn|21\n|\n|t:|1781438937\n|move|p2a: Meowscarada|U-turn|p1a: Plusle\n|-start|p2a: Meowscarada|typechange|Bug|[from] ability: Protean\n|-damage|p1a: Plusle|160/268\n|\n|t:|1781438944\n|switch|p2a: Duraludon|Duraludon, L82, F|249/249|[from] U-turn\n|move|p1a: Plusle|Alluring Voice|p2a: Duraludon\n|-damage|p2a: Duraludon|74/249\n|-damage|p1a: Plusle|134/268|[from] item: Life Orb\n|\n|upkeep\n|turn|22\n|l| VJisHERE\n|\n|t:|1781438947\n|move|p1a: Plusle|Alluring Voice|p2a: Duraludon\n|-damage|p2a: Duraludon|0 fnt\n|faint|p2a: Duraludon\n|-damage|p1a: Plusle|108/268|[from] item: Life Orb\n|\n|upkeep\n|\n|t:|1781438950\n|switch|p2a: Meowscarada|Meowscarada, L78, F|247/247\n|turn|23\n|\n|t:|1781438954\n|switch|p1a: Tauros|Tauros-Paldea-Blaze, L81, M|202/254\n|-ability|p1a: Tauros|Intimidate|boost\n|-unboost|p2a: Meowscarada|atk|1\n|move|p2a: Meowscarada|Flower Trick|p1a: Tauros\n|-start|p2a: Meowscarada|typechange|Grass|[from] ability: Protean\n|-resisted|p1a: Tauros\n|-crit|p1a: Tauros\n|-damage|p1a: Tauros|156/254\n|\n|upkeep\n|turn|24\n|\n|t:|1781438960\n|switch|p1a: Darkrai|Darkrai, L77|234/234\n|move|p2a: Meowscarada|U-turn|p1a: Darkrai\n|-supereffective|p1a: Darkrai\n|-damage|p1a: Darkrai|166/234\n|\n|t:|1781438966\n|switch|p2a: Sudowoodo|Sudowoodo, L94, M|284/284|[from] U-turn\n|\n|upkeep\n|turn|25\n|\n|t:|1781438981\n|move|p1a: Darkrai|Dark Pulse|p2a: Sudowoodo\n|-damage|p2a: Sudowoodo|144/284\n|-damage|p1a: Darkrai|143/234|[from] item: Life Orb\n|move|p2a: Sudowoodo|Head Smash|p1a: Darkrai\n|-damage|p1a: Darkrai|0 fnt\n|faint|p1a: Darkrai\n|\n|upkeep\n|\n|t:|1781438989\n|switch|p1a: Plusle|Plusle, L95, M, shiny|108/268\n|turn|26\n|\n|t:|1781438992\n|switch|p2a: Alcremie|Alcremie-Caramel-Swirl, L90, F|263/263\n|move|p1a: Plusle|Thunderbolt|p2a: Alcremie\n|-damage|p2a: Alcremie|149/263\n|-damage|p1a: Plusle|82/268|[from] item: Life Orb\n|\n|-heal|p2a: Alcremie|165/263|[from] item: Leftovers\n|upkeep\n|turn|27\n|c|\u2606NickPlayeZ|bg\n|-message|NickPlayeZ forfeited.\n|\n|win|LewisBavin\n", "inputlog": ">version a8376a258c1d4662feba110a92103f3664a72141\n>start {\"formatid\":\"gen9randombattle\",\"seed\":\"sodium,cf25f47ed3cdcdb316e3303850b2e171\",\"rated\":\"Rated battle\"}\n>player p1 {\"name\":\"NickPlayeZ\",\"avatar\":\"emmet\",\"rating\":2123,\"seed\":\"sodium,0fbfec0ace6dc905aed9e6e41e0e95be\"}\n>player p2 {\"name\":\"LewisBavin\",\"avatar\":\"102\",\"rating\":2184,\"seed\":\"sodium,c20595a642f30bcdf0af81378440bef1\"}\n>p1 move voltswitch\n>p2 move aquacutter\n>p1 switch 3\n>p1 move scald\n>p2 move psychocut\n>chat  VJisHERE|hey\n>p1 move scald\n>p2 move psychocut\n>p1 move protect\n>p2 move psychocut\n>p1 move scald\n>p2 move psychocut\n>p2 switch 3\n>p1 switch 4\n>p2 move flowertrick\n>p1 move closecombat\n>p2 move uturn\n>p2 switch 2\n>p1 switch 2\n>p2 move yawn\n>p1 switch 4\n>p2 move playrough\n>p1 move protect\n>p2 move playrough\n>p1 move scald\n>p2 move yawn\n>p1 move substitute\n>p2 move playrough\n>p1 switch 5\n>p2 move playrough\n>chat  VJisHERE|hey\n>p1 move waterpulse\n>p2 move protect\n>p1 move aurasphere\n>p2 move wish\n>p1 move aurasphere\n>p2 move playrough\n>p1 move waterpulse\n>p2 move wish\n>p1 move waterpulse\n>p2 move playrough\n>p1 move waterpulse\n>p2 move playrough\n>p1 switch 4\n>p1 move nastyplot\n>p2 switch 2\n>p1 move alluringvoice\n>p2 move uturn\n>p2 switch 5\n>p1 move alluringvoice\n>p2 move dragontail\n>p2 switch 5\n>p1 switch 2\n>p2 move flowertrick\n>p1 switch 6\n>p2 move uturn\n>p2 switch 4\n>p1 move darkpulse\n>p2 move headsmash\n>p1 switch 2\n>p1 move thunderbolt\n>p2 switch 6\n>chat \u2606NickPlayeZ|bg\n>forcelose p1", "uploadtime": 1781438822, "views": 5, "formatid": "gen9randombattle", "rating": null, "private": 0, "password": null}