{"id": "gen9randombattle-2631970738", "format": "[Gen 9] Random Battle", "players": ["LeandroBed2008", "marper8"], "log": "|j|\u2606LeandroBed2008\n|j|\u2606marper8\n|t:|1781461271\n|gametype|singles\n|player|p1|LeandroBed2008|1|2069\n|player|p2|marper8|265|2060\n|gen|9\n|tier|[Gen 9] Random Battle\n|rated|\n|rule|Species Clause: Limit one of each Pok\u00e9mon\n|rule|HP Percentage Mod: HP is shown in percentages\n|rule|Sleep Clause Mod: Limit one foe put to sleep\n|rule|Illusion Level Mod: Illusion disguises the Pok\u00e9mon's true level\n|\n|t:|1781461271\n|teamsize|p1|6\n|teamsize|p2|6\n|start\n|switch|p1a: Ariados|Ariados, L95, M|287/287\n|switch|p2a: Regigigas|Regigigas, L84|322/322\n|-start|p2a: Regigigas|ability: Slow Start\n|turn|1\n|\n|t:|1781461276\n|move|p1a: Ariados|Poison Jab|p2a: Regigigas\n|-damage|p2a: Regigigas|231/322\n|-status|p2a: Regigigas|psn\n|move|p2a: Regigigas|Knock Off|p1a: Ariados\n|-damage|p1a: Ariados|231/287\n|-enditem|p1a: Ariados|Focus Sash|[from] move: Knock Off|[of] p2a: Regigigas\n|\n|-heal|p2a: Regigigas|251/322 psn|[from] item: Leftovers\n|-damage|p2a: Regigigas|211/322 psn|[from] psn\n|upkeep\n|turn|2\n|inactive|Battle timer is ON: inactive players will automatically lose when time's up. (requested by marper8)\n|\n|t:|1781461279\n|move|p1a: Ariados|Knock Off|p2a: Regigigas\n|-damage|p2a: Regigigas|147/322 psn\n|-enditem|p2a: Regigigas|Leftovers|[from] move: Knock Off|[of] p1a: Ariados\n|move|p2a: Regigigas|Body Slam|p1a: Ariados\n|-damage|p1a: Ariados|155/287\n|\n|-damage|p2a: Regigigas|107/322 psn|[from] psn\n|upkeep\n|turn|3\n|\n|t:|1781461282\n|move|p1a: Ariados|Megahorn|p2a: Regigigas\n|-damage|p2a: Regigigas|0 fnt\n|faint|p2a: Regigigas\n|-end|p2a: Regigigas|Slow Start|[silent]\n|\n|upkeep\n|\n|t:|1781461285\n|switch|p2a: Gardevoir|Gardevoir, L83, F|249/249\n|-ability|p2a: Gardevoir|Swarm|Trace|[from] ability: Trace|[of] p1a: Ariados\n|turn|4\n|\n|t:|1781461288\n|switch|p1a: Probopass|Probopass, L91, M|257/257\n|move|p2a: Gardevoir|Psychic|p1a: Probopass\n|-resisted|p1a: Probopass\n|-damage|p1a: Probopass|221/257\n|\n|upkeep\n|turn|5\n|\n|t:|1781461293\n|switch|p2a: Crabominable|Crabominable, L90, M|321/321\n|move|p1a: Probopass|Power Gem|p2a: Crabominable\n|-damage|p2a: Crabominable|222/321\n|\n|upkeep\n|turn|6\n|\n|t:|1781461302\n|switch|p1a: Enamorus|Enamorus-Therian, L83, F|259/259\n|move|p2a: Crabominable|Drain Punch|p1a: Enamorus\n|-resisted|p1a: Enamorus\n|-damage|p1a: Enamorus|213/259\n|-heal|p2a: Crabominable|245/321|[from] drain|[of] p1a: Enamorus\n|\n|upkeep\n|turn|7\n|\n|t:|1781461304\n|switch|p2a: Ariados|Ariados, L95, M|287/287\n|move|p1a: Enamorus|Moonblast|p2a: Ariados\n|-resisted|p2a: Ariados\n|-crit|p2a: Ariados\n|-damage|p2a: Ariados|179/287\n|-unboost|p2a: Ariados|spa|1\n|\n|upkeep\n|turn|8\n|\n|t:|1781461307\n|move|p2a: Ariados|Sticky Web|p1a: Enamorus\n|-sidestart|p1: LeandroBed2008|move: Sticky Web\n|move|p1a: Enamorus|Agility|p1a: Enamorus\n|-boost|p1a: Enamorus|spe|2\n|\n|upkeep\n|turn|9\n|\n|t:|1781461311\n|move|p1a: Enamorus|Mystical Fire|p2a: Ariados\n|-supereffective|p2a: Ariados\n|-damage|p2a: Ariados|43/287\n|-unboost|p2a: Ariados|spa|1\n|move|p2a: Ariados|Poison Jab|p1a: Enamorus\n|-supereffective|p1a: Enamorus\n|-damage|p1a: Enamorus|37/259\n|-status|p1a: Enamorus|psn\n|-enditem|p1a: Enamorus|Weakness Policy\n|-boost|p1a: Enamorus|atk|2|[from] item: Weakness Policy\n|-boost|p1a: Enamorus|spa|2|[from] item: Weakness Policy\n|\n|-damage|p1a: Enamorus|5/259 psn|[from] psn\n|upkeep\n|turn|10\n|\n|t:|1781461319\n|move|p2a: Ariados|Sucker Punch|p1a: Enamorus\n|-resisted|p1a: Enamorus\n|-damage|p1a: Enamorus|0 fnt\n|faint|p1a: Enamorus\n|\n|upkeep\n|\n|t:|1781461325\n|switch|p1a: Glalie|Glalie, L96, F|309/309\n|turn|11\n|\n|t:|1781461335\n|move|p1a: Glalie|Earthquake|p2a: Ariados\n|-crit|p2a: Ariados\n|-damage|p2a: Ariados|0 fnt\n|faint|p2a: Ariados\n|\n|upkeep\n|\n|t:|1781461336\n|switch|p2a: Crabominable|Crabominable, L90, M|245/321\n|turn|12\n|\n|t:|1781461339\n|switch|p1a: Ariados|Ariados, L95, M|155/287\n|-activate|p1a: Ariados|move: Sticky Web\n|-unboost|p1a: Ariados|spe|1\n|move|p2a: Crabominable|Drain Punch|p1a: Ariados\n|-resisted|p1a: Ariados\n|-damage|p1a: Ariados|100/287\n|-heal|p2a: Crabominable|273/321|[from] drain|[of] p1a: Ariados\n|\n|upkeep\n|turn|13\n|\n|t:|1781461343\n|switch|p2a: Porygon-Z|Porygon-Z, L83|277/277\n|-ability|p2a: Porygon-Z|Download|boost\n|-boost|p2a: Porygon-Z|spa|1\n|move|p1a: Ariados|Sticky Web|p2a: Porygon-Z\n|-sidestart|p2: marper8|move: Sticky Web\n|\n|upkeep\n|turn|14\n|\n|t:|1781461346\n|move|p2a: Porygon-Z|Tri Attack|p1a: Ariados\n|-damage|p1a: Ariados|0 fnt\n|faint|p1a: Ariados\n|-damage|p2a: Porygon-Z|250/277|[from] item: Life Orb\n|\n|upkeep\n|\n|t:|1781461353\n|switch|p1a: Florges|Florges-Blue, L85, F|271/271\n|-activate|p1a: Florges|move: Sticky Web\n|-unboost|p1a: Florges|spe|1\n|turn|15\n|\n|t:|1781461355\n|move|p2a: Porygon-Z|Nasty Plot|p2a: Porygon-Z\n|-boost|p2a: Porygon-Z|spa|2\n|move|p1a: Florges|Calm Mind|p1a: Florges\n|-boost|p1a: Florges|spa|1\n|-boost|p1a: Florges|spd|1\n|\n|upkeep\n|turn|16\n|\n|t:|1781461358\n|move|p2a: Porygon-Z|Tri Attack|p1a: Florges\n|-damage|p1a: Florges|114/271\n|-damage|p2a: Porygon-Z|223/277|[from] item: Life Orb\n|move|p1a: Florges|Moonblast|p2a: Porygon-Z\n|-damage|p2a: Porygon-Z|27/277\n|\n|-heal|p1a: Florges|130/271|[from] item: Leftovers\n|upkeep\n|turn|17\n|\n|t:|1781461364\n|switch|p1a: Probopass|Probopass, L91, M|221/257\n|-activate|p1a: Probopass|move: Sticky Web\n|-unboost|p1a: Probopass|spe|1\n|move|p2a: Porygon-Z|Tri Attack|p1a: Probopass\n|-resisted|p1a: Probopass\n|-damage|p1a: Probopass|168/257\n|-damage|p2a: Porygon-Z|0 fnt|[from] item: Life Orb\n|faint|p2a: Porygon-Z\n|\n|upkeep\n|\n|t:|1781461366\n|switch|p2a: Crabominable|Crabominable, L90, M|273/321\n|-activate|p2a: Crabominable|move: Sticky Web\n|-unboost|p2a: Crabominable|spe|1\n|turn|18\n|\n|t:|1781461368\n|-terastallize|p1a: Probopass|Fighting\n|move|p2a: Crabominable|Drain Punch|p1a: Probopass\n|-damage|p1a: Probopass|35/257\n|-heal|p2a: Crabominable|321/321|[from] drain|[of] p1a: Probopass\n|move|p1a: Probopass|Body Press|p2a: Crabominable\n|-supereffective|p2a: Crabominable\n|-damage|p2a: Crabominable|27/321\n|\n|upkeep\n|turn|19\n|\n|t:|1781461372\n|switch|p2a: Gardevoir|Gardevoir, L83, F|249/249\n|-activate|p2a: Gardevoir|move: Sticky Web\n|-unboost|p2a: Gardevoir|spe|1\n|-ability|p2a: Gardevoir|Magnet Pull|Trace|[from] ability: Trace|[of] p1a: Probopass\n|move|p1a: Probopass|Body Press|p2a: Gardevoir\n|-resisted|p2a: Gardevoir\n|-damage|p2a: Gardevoir|207/249\n|\n|upkeep\n|turn|20\n|\n|t:|1781461380\n|move|p2a: Gardevoir|Moonblast|p1a: Probopass\n|-supereffective|p1a: Probopass\n|-damage|p1a: Probopass|0 fnt\n|faint|p1a: Probopass\n|\n|upkeep\n|\n|t:|1781461382\n|switch|p1a: Florges|Florges-Blue, L85, F|130/271\n|-activate|p1a: Florges|move: Sticky Web\n|-unboost|p1a: Florges|spe|1\n|turn|21\n|\n|t:|1781461385\n|switch|p2a: Crabominable|Crabominable, L90, M|27/321\n|-activate|p2a: Crabominable|move: Sticky Web\n|-unboost|p2a: Crabominable|spe|1\n|move|p1a: Florges|Synthesis|p1a: Florges\n|-heal|p1a: Florges|265/271\n|\n|-heal|p1a: Florges|271/271|[from] item: Leftovers\n|upkeep\n|turn|22\n|\n|t:|1781461387\n|move|p1a: Florges|Moonblast|p2a: Crabominable\n|-supereffective|p2a: Crabominable\n|-damage|p2a: Crabominable|0 fnt\n|faint|p2a: Crabominable\n|\n|upkeep\n|\n|t:|1781461392\n|switch|p2a: Polteageist|Polteageist-Antique, L78|222/222\n|-activate|p2a: Polteageist|move: Sticky Web\n|-unboost|p2a: Polteageist|spe|1\n|-enditem|p2a: Polteageist|White Herb\n|-clearnegativeboost|p2a: Polteageist|[silent]\n|turn|23\n|\n|t:|1781461398\n|move|p2a: Polteageist|Shell Smash|p2a: Polteageist\n|-unboost|p2a: Polteageist|def|1\n|-unboost|p2a: Polteageist|spd|1\n|-boost|p2a: Polteageist|atk|2\n|-boost|p2a: Polteageist|spa|2\n|-boost|p2a: Polteageist|spe|2\n|move|p1a: Florges|Moonblast|p2a: Polteageist\n|-damage|p2a: Polteageist|57/222\n|\n|upkeep\n|turn|24\n|\n|t:|1781461401\n|move|p2a: Polteageist|Shadow Ball|p1a: Florges\n|-damage|p1a: Florges|159/271\n|move|p1a: Florges|Moonblast|p2a: Polteageist\n|-damage|p2a: Polteageist|0 fnt\n|-start|p1a: Florges|Disable|Moonblast|[from] ability: Cursed Body|[of] p2a: Polteageist\n|faint|p2a: Polteageist\n|\n|-heal|p1a: Florges|175/271|[from] item: Leftovers\n|upkeep\n|\n|t:|1781461403\n|switch|p2a: Gardevoir|Gardevoir, L83, F|207/249\n|-activate|p2a: Gardevoir|move: Sticky Web\n|-unboost|p2a: Gardevoir|spe|1\n|-ability|p2a: Gardevoir|Flower Veil|Trace|[from] ability: Trace|[of] p1a: Florges\n|turn|25\n|\n|t:|1781461406\n|move|p2a: Gardevoir|Moonblast|p1a: Florges\n|-damage|p1a: Florges|97/271\n|move|p1a: Florges|Synthesis|p1a: Florges\n|-heal|p1a: Florges|232/271\n|\n|-heal|p1a: Florges|248/271|[from] item: Leftovers\n|upkeep\n|turn|26\n|\n|t:|1781461412\n|-terastallize|p2a: Gardevoir|Fairy\n|move|p2a: Gardevoir|Moonblast|p1a: Florges\n|-damage|p1a: Florges|140/271\n|move|p1a: Florges|Calm Mind|p1a: Florges\n|-boost|p1a: Florges|spa|1\n|-boost|p1a: Florges|spd|1\n|\n|-heal|p1a: Florges|156/271|[from] item: Leftovers\n|upkeep\n|turn|27\n|\n|t:|1781461413\n|move|p2a: Gardevoir|Moonblast|p1a: Florges\n|-damage|p1a: Florges|86/271\n|move|p1a: Florges|Synthesis|p1a: Florges\n|-heal|p1a: Florges|221/271\n|\n|-heal|p1a: Florges|237/271|[from] item: Leftovers\n|-end|p1a: Florges|Disable\n|upkeep\n|turn|28\n|\n|t:|1781461415\n|move|p2a: Gardevoir|Moonblast|p1a: Florges\n|-damage|p1a: Florges|161/271\n|-unboost|p1a: Florges|spa|1\n|move|p1a: Florges|Calm Mind|p1a: Florges\n|-boost|p1a: Florges|spa|1\n|-boost|p1a: Florges|spd|1\n|\n|-heal|p1a: Florges|177/271|[from] item: Leftovers\n|upkeep\n|turn|29\n|\n|t:|1781461417\n|move|p2a: Gardevoir|Moonblast|p1a: Florges\n|-damage|p1a: Florges|127/271\n|move|p1a: Florges|Calm Mind|p1a: Florges\n|-boost|p1a: Florges|spa|1\n|-boost|p1a: Florges|spd|1\n|\n|-heal|p1a: Florges|143/271|[from] item: Leftovers\n|upkeep\n|turn|30\n|\n|t:|1781461419\n|move|p2a: Gardevoir|Moonblast|p1a: Florges\n|-damage|p1a: Florges|99/271\n|move|p1a: Florges|Synthesis|p1a: Florges\n|-heal|p1a: Florges|234/271\n|\n|-heal|p1a: Florges|250/271|[from] item: Leftovers\n|upkeep\n|turn|31\n|\n|t:|1781461421\n|move|p2a: Gardevoir|Moonblast|p1a: Florges\n|-damage|p1a: Florges|210/271\n|move|p1a: Florges|Moonblast|p2a: Gardevoir\n|-damage|p2a: Gardevoir|14/249\n|\n|-heal|p1a: Florges|226/271|[from] item: Leftovers\n|upkeep\n|turn|32\n|\n|t:|1781461423\n|move|p2a: Gardevoir|Moonblast|p1a: Florges\n|-damage|p1a: Florges|188/271\n|move|p1a: Florges|Moonblast|p2a: Gardevoir\n|-damage|p2a: Gardevoir|0 fnt\n|faint|p2a: Gardevoir\n|\n|win|LeandroBed2008\n", "inputlog": ">version a8376a258c1d4662feba110a92103f3664a72141\n>start {\"formatid\":\"gen9randombattle\",\"seed\":\"sodium,3cc22e2858824bcedc88c4bb6b2cc026\",\"rated\":\"Rated battle\"}\n>player p1 {\"name\":\"LeandroBed2008\",\"avatar\":\"1\",\"rating\":2069,\"seed\":\"sodium,97e48de271f3c1eeb2739767e25cbfd2\"}\n>player p2 {\"name\":\"marper8\",\"avatar\":\"265\",\"rating\":2060,\"seed\":\"sodium,cee08a7827836eb451e4b857c0d0607d\"}\n>p1 move poisonjab\n>p2 move knockoff\n>p1 move knockoff\n>p2 move bodyslam\n>p1 move megahorn\n>p2 move rest\n>p2 switch 6\n>p1 switch 3\n>p2 move psychic\n>p1 move powergem\n>p2 switch 5\n>p1 switch 4\n>p2 move drainpunch\n>p1 move moonblast\n>p2 switch 2\n>p1 move agility\n>p2 move stickyweb\n>p1 move mysticalfire\n>p2 move poisonjab\n>p1 move moonblast\n>p2 move suckerpunch\n>p1 switch 5\n>p1 move earthquake\n>p2 move poisonjab\n>p2 switch 2\n>p1 switch 3\n>p2 move drainpunch\n>p1 move stickyweb\n>p2 switch 3\n>p1 move knockoff\n>p2 move triattack\n>p1 switch 6\n>p1 move calmmind\n>p2 move nastyplot\n>p1 move moonblast\n>p2 move triattack\n>p1 switch 4\n>p2 move triattack\n>p2 switch 3\n>p1 move bodypress terastallize\n>p2 move drainpunch\n>p1 move bodypress\n>p2 switch 5\n>p1 move rest\n>p2 move moonblast\n>p1 switch 4\n>p1 move synthesis\n>p2 switch 5\n>p1 move moonblast\n>p2 move icehammer\n>p2 switch 4\n>p1 move moonblast\n>p2 move shellsmash\n>p1 move moonblast\n>p2 move shadowball\n>p2 switch 5\n>p1 move synthesis\n>p2 move moonblast\n>p1 move calmmind\n>p2 move moonblast terastallize\n>p1 move synthesis\n>p2 move moonblast\n>p1 move calmmind\n>p2 move moonblast\n>p1 move calmmind\n>p2 move moonblast\n>p1 move synthesis\n>p2 move moonblast\n>p1 move moonblast\n>p2 move moonblast\n>p1 move moonblast\n>p2 move moonblast", "uploadtime": 1781461273, "views": 4, "formatid": "gen9randombattle", "rating": null, "private": 0, "password": null}