{"id": "gen9randombattle-2631795657", "format": "[Gen 9] Random Battle", "players": ["duuhhao", "a rabbit"], "log": "|badge|p2|bronze|gen9randombattle|100-9\n|uhtml|medal-msg|<div class=\"broadcast-blue\">Curious what those medals under the avatar are? PS now has Ladder Seasons! For more information, check out the <a href=\"https://www.smogon.com/forums/threads/3740067/\">thread on Smogon.</a></div>\n|j|\u2606duuhhao\n|j|\u2606a rabbit\n|t:|1781440865\n|gametype|singles\n|player|p1|duuhhao|clair|2234\n|player|p2|a rabbit|#scl2breakers|2347\n|gen|9\n|tier|[Gen 9] Random Battle\n|rated|\n|rule|Species Clause: Limit one of each Pok\u00e9mon\n|rule|HP Percentage Mod: HP is shown in percentages\n|rule|Sleep Clause Mod: Limit one foe put to sleep\n|rule|Illusion Level Mod: Illusion disguises the Pok\u00e9mon's true level\n|\n|t:|1781440865\n|teamsize|p1|6\n|teamsize|p2|6\n|start\n|switch|p1a: Shaymin|Shaymin-Sky, L73|266/266\n|switch|p2a: Mandibuzz|Mandibuzz, L85, F|326/326\n|turn|1\n|\n|t:|1781440910\n|switch|p1a: Probopass|Probopass, L91, F|257/257\n|move|p2a: Mandibuzz|U-turn|p1a: Probopass\n|-resisted|p1a: Probopass\n|-damage|p1a: Probopass|245/257\n|\n|t:|1781440920\n|switch|p2a: Torkoal|Torkoal, L88, M|266/266|[from] U-turn\n|-weather|SunnyDay|[from] ability: Drought|[of] p2a: Torkoal\n|\n|-weather|SunnyDay|[upkeep]\n|-heal|p1a: Probopass|257/257|[from] item: Leftovers\n|upkeep\n|turn|2\n|\n|t:|1781440930\n|move|p1a: Probopass|Power Gem|p2a: Torkoal\n|-supereffective|p2a: Torkoal\n|-damage|p2a: Torkoal|86/266\n|move|p2a: Torkoal|Stealth Rock|p1a: Probopass\n|-sidestart|p1: duuhhao|move: Stealth Rock\n|\n|-weather|SunnyDay|[upkeep]\n|upkeep\n|turn|3\n|\n|t:|1781440935\n|switch|p2a: Muk|Muk, L86, M|321/321\n|move|p1a: Probopass|Power Gem|p2a: Muk\n|-damage|p2a: Muk|254/321\n|\n|-weather|SunnyDay|[upkeep]\n|-heal|p2a: Muk|274/321|[from] item: Leftovers\n|upkeep\n|turn|4\n|\n|t:|1781440943\n|switch|p1a: Golurk|Golurk, L87|297/297\n|-damage|p1a: Golurk|279/297|[from] Stealth Rock\n|move|p2a: Muk|Drain Punch|p1a: Golurk\n|-immune|p1a: Golurk\n|\n|-weather|SunnyDay|[upkeep]\n|-heal|p2a: Muk|294/321|[from] item: Leftovers\n|upkeep\n|turn|5\n|\n|t:|1781440953\n|switch|p2a: Mandibuzz|Mandibuzz, L85, F|326/326\n|move|p1a: Golurk|Earthquake|p2a: Mandibuzz\n|-immune|p2a: Mandibuzz\n|\n|-weather|none\n|upkeep\n|turn|6\n|\n|t:|1781440958\n|move|p2a: Mandibuzz|Foul Play|p1a: Golurk\n|-supereffective|p1a: Golurk\n|-damage|p1a: Golurk|3/297\n|move|p1a: Golurk|Earthquake|p2a: Mandibuzz\n|-immune|p2a: Mandibuzz\n|\n|upkeep\n|turn|7\n|\n|t:|1781440963\n|move|p2a: Mandibuzz|U-turn|p1a: Golurk\n|-resisted|p1a: Golurk\n|-damage|p1a: Golurk|0 fnt\n|faint|p1a: Golurk\n|\n|t:|1781440966\n|switch|p2a: Muk|Muk, L86, M|294/321|[from] U-turn\n|\n|-heal|p2a: Muk|314/321|[from] item: Leftovers\n|upkeep\n|\n|t:|1781440974\n|switch|p1a: Charizard|Charizard, L85, M|271/271\n|turn|8\n|\n|t:|1781440981\n|move|p1a: Charizard|Will-O-Wisp|p2a: Muk\n|-status|p2a: Muk|brn\n|move|p2a: Muk|Knock Off|p1a: Charizard\n|-damage|p1a: Charizard|226/271\n|-status|p1a: Charizard|psn|[from] ability: Poison Touch|[of] p2a: Muk\n|-enditem|p1a: Charizard|Heavy-Duty Boots|[from] move: Knock Off|[of] p2a: Muk\n|\n|-heal|p2a: Muk|321/321 brn|[from] item: Leftovers\n|-damage|p1a: Charizard|193/271 psn|[from] psn\n|-damage|p2a: Muk|301/321 brn|[from] brn\n|upkeep\n|turn|9\n|\n|t:|1781440988\n|move|p1a: Charizard|Flamethrower|p2a: Muk\n|-damage|p2a: Muk|201/321 brn\n|move|p2a: Muk|Toxic Spikes|p1a: Charizard\n|-sidestart|p1: duuhhao|move: Toxic Spikes\n|\n|-heal|p2a: Muk|221/321 brn|[from] item: Leftovers\n|-damage|p1a: Charizard|160/271 psn|[from] psn\n|-damage|p2a: Muk|201/321 brn|[from] brn\n|upkeep\n|turn|10\n|\n|t:|1781440992\n|switch|p2a: Mandibuzz|Mandibuzz, L85, F|326/326\n|move|p1a: Charizard|Flamethrower|p2a: Mandibuzz\n|-damage|p2a: Mandibuzz|232/326\n|\n|-damage|p1a: Charizard|127/271 psn|[from] psn\n|upkeep\n|turn|11\n|\n|t:|1781441003\n|switch|p2a: Muk|Muk, L86, M|201/321 brn\n|move|p1a: Charizard|Flamethrower|p2a: Muk\n|-damage|p2a: Muk|96/321 brn\n|\n|-heal|p2a: Muk|116/321 brn|[from] item: Leftovers\n|-damage|p1a: Charizard|94/271 psn|[from] psn\n|-damage|p2a: Muk|96/321 brn|[from] brn\n|upkeep\n|turn|12\n|\n|t:|1781441010\n|move|p1a: Charizard|Flamethrower|p2a: Muk\n|-damage|p2a: Muk|0 fnt\n|faint|p2a: Muk\n|\n|-damage|p1a: Charizard|61/271 psn|[from] psn\n|upkeep\n|\n|t:|1781441016\n|switch|p2a: Regidrago|Regidrago, L77|435/435\n|turn|13\n|\n|t:|1781441021\n|move|p2a: Regidrago|Dragon Energy|p1a: Charizard\n|-damage|p1a: Charizard|0 fnt\n|faint|p1a: Charizard\n|\n|upkeep\n|\n|t:|1781441024\n|switch|p1a: Probopass|Probopass, L91, F|257/257\n|-damage|p1a: Probopass|241/257|[from] Stealth Rock\n|turn|14\n|\n|t:|1781441031\n|switch|p2a: Torkoal|Torkoal, L88, M|86/266\n|-weather|SunnyDay|[from] ability: Drought|[of] p2a: Torkoal\n|move|p1a: Probopass|Iron Defense|p1a: Probopass\n|-boost|p1a: Probopass|def|2\n|\n|-weather|SunnyDay|[upkeep]\n|-heal|p1a: Probopass|257/257|[from] item: Leftovers\n|upkeep\n|turn|15\n|\n|t:|1781441039\n|move|p1a: Probopass|Body Press|p2a: Torkoal\n|-damage|p2a: Torkoal|0 fnt\n|faint|p2a: Torkoal\n|\n|-weather|SunnyDay|[upkeep]\n|upkeep\n|\n|t:|1781441044\n|switch|p2a: Cresselia|Cresselia, L80, F|323/323\n|turn|16\n|\n|t:|1781441053\n|switch|p1a: Cresselia|Cresselia, L80, F|323/323\n|-damage|p1a: Cresselia|283/323|[from] Stealth Rock\n|move|p2a: Cresselia|Calm Mind|p2a: Cresselia\n|-boost|p2a: Cresselia|spa|1\n|-boost|p2a: Cresselia|spd|1\n|\n|-weather|SunnyDay|[upkeep]\n|-heal|p1a: Cresselia|303/323|[from] item: Leftovers\n|upkeep\n|turn|17\n|\n|t:|1781441060\n|switch|p2a: Mabosstiff|Mabosstiff, L86, M|278/278\n|move|p1a: Cresselia|Calm Mind|p1a: Cresselia\n|-boost|p1a: Cresselia|spa|1\n|-boost|p1a: Cresselia|spd|1\n|\n|-weather|SunnyDay|[upkeep]\n|-heal|p1a: Cresselia|323/323|[from] item: Leftovers\n|upkeep\n|turn|18\n|\n|t:|1781441072\n|switch|p1a: Pawmot|Pawmot, L80, F|243/243\n|-damage|p1a: Pawmot|228/243|[from] Stealth Rock\n|-status|p1a: Pawmot|psn\n|move|p2a: Mabosstiff|Crunch|p1a: Pawmot\n|-resisted|p1a: Pawmot\n|-damage|p1a: Pawmot|50/243 psn\n|\n|-weather|none\n|-damage|p1a: Pawmot|20/243 psn|[from] psn\n|upkeep\n|turn|19\n|\n|t:|1781441083\n|switch|p2a: Cresselia|Cresselia, L80, F|323/323\n|move|p1a: Pawmot|Double Shock|p2a: Cresselia\n|-damage|p2a: Cresselia|214/323\n|-start|p1a: Pawmot|typechange|???/Fighting|[from] move: Double Shock\n|\n|-heal|p2a: Cresselia|234/323|[from] item: Leftovers\n|-damage|p1a: Pawmot|0 fnt|[from] psn\n|faint|p1a: Pawmot\n|upkeep\n|\n|t:|1781441086\n|switch|p1a: Shaymin|Shaymin-Sky, L73|266/266\n|turn|20\n|\n|t:|1781441094\n|move|p1a: Shaymin|Seed Flare|p2a: Cresselia\n|-damage|p2a: Cresselia|134/323\n|-unboost|p2a: Cresselia|spd|2\n|move|p2a: Cresselia|Thunderbolt|p1a: Shaymin\n|-damage|p1a: Shaymin|200/266\n|\n|-heal|p2a: Cresselia|154/323|[from] item: Leftovers\n|upkeep\n|turn|21\n|\n|t:|1781441108\n|switch|p2a: Mandibuzz|Mandibuzz, L85, F|232/326\n|move|p1a: Shaymin|Seed Flare|p2a: Mandibuzz|[miss]\n|-miss|p1a: Shaymin|p2a: Mandibuzz\n|\n|upkeep\n|turn|22\n|\n|t:|1781441113\n|move|p1a: Shaymin|Air Slash|p2a: Mandibuzz\n|-damage|p2a: Mandibuzz|162/326\n|move|p2a: Mandibuzz|U-turn|p1a: Shaymin\n|-damage|p1a: Shaymin|155/266\n|\n|t:|1781441117\n|switch|p2a: Regidrago|Regidrago, L77|435/435|[from] U-turn\n|\n|upkeep\n|turn|23\n|\n|t:|1781441121\n|move|p2a: Regidrago|Dragon Energy|p1a: Shaymin\n|-damage|p1a: Shaymin|0 fnt\n|faint|p1a: Shaymin\n|\n|upkeep\n|\n|t:|1781441124\n|switch|p1a: Probopass|Probopass, L91, F|257/257\n|-damage|p1a: Probopass|241/257|[from] Stealth Rock\n|turn|24\n|\n|t:|1781441130\n|-terastallize|p2a: Regidrago|Dragon\n|move|p2a: Regidrago|Dragon Energy|p1a: Probopass\n|-resisted|p1a: Probopass\n|-damage|p1a: Probopass|162/257\n|move|p1a: Probopass|Iron Defense|p1a: Probopass\n|-boost|p1a: Probopass|def|2\n|\n|-heal|p1a: Probopass|178/257|[from] item: Leftovers\n|upkeep\n|turn|25\n|\n|t:|1781441137\n|move|p2a: Regidrago|Dragon Energy|p1a: Probopass\n|-resisted|p1a: Probopass\n|-damage|p1a: Probopass|91/257\n|move|p1a: Probopass|Iron Defense|p1a: Probopass\n|-boost|p1a: Probopass|def|2\n|\n|-heal|p1a: Probopass|107/257|[from] item: Leftovers\n|upkeep\n|turn|26\n|\n|t:|1781441141\n|move|p2a: Regidrago|Dragon Energy|p1a: Probopass\n|-resisted|p1a: Probopass\n|-damage|p1a: Probopass|18/257\n|move|p1a: Probopass|Body Press|p2a: Regidrago\n|-crit|p2a: Regidrago\n|-damage|p2a: Regidrago|0 fnt\n|faint|p2a: Regidrago\n|\n|-heal|p1a: Probopass|34/257|[from] item: Leftovers\n|upkeep\n|\n|t:|1781441145\n|switch|p2a: Cresselia|Cresselia, L80, F|154/323\n|turn|27\n|\n|t:|1781441149\n|move|p2a: Cresselia|Thunderbolt|p1a: Probopass\n|-damage|p1a: Probopass|6/257\n|move|p1a: Probopass|Body Press|p2a: Cresselia\n|-resisted|p2a: Cresselia\n|-damage|p2a: Cresselia|40/323\n|\n|-heal|p2a: Cresselia|60/323|[from] item: Leftovers\n|-heal|p1a: Probopass|22/257|[from] item: Leftovers\n|upkeep\n|turn|28\n|\n|t:|1781441154\n|move|p2a: Cresselia|Thunderbolt|p1a: Probopass\n|-damage|p1a: Probopass|0 fnt\n|faint|p1a: Probopass\n|\n|-heal|p2a: Cresselia|80/323|[from] item: Leftovers\n|upkeep\n|\n|t:|1781441155\n|switch|p1a: Cresselia|Cresselia, L80, F|323/323\n|-damage|p1a: Cresselia|283/323|[from] Stealth Rock\n|turn|29\n|\n|t:|1781441160\n|move|p1a: Cresselia|Calm Mind|p1a: Cresselia\n|-boost|p1a: Cresselia|spa|1\n|-boost|p1a: Cresselia|spd|1\n|move|p2a: Cresselia|Moonlight|p2a: Cresselia\n|-heal|p2a: Cresselia|241/323\n|\n|-heal|p2a: Cresselia|261/323|[from] item: Leftovers\n|-heal|p1a: Cresselia|303/323|[from] item: Leftovers\n|upkeep\n|turn|30\n|\n|t:|1781441162\n|move|p2a: Cresselia|Calm Mind|p2a: Cresselia\n|-boost|p2a: Cresselia|spa|1\n|-boost|p2a: Cresselia|spd|1\n|move|p1a: Cresselia|Calm Mind|p1a: Cresselia\n|-boost|p1a: Cresselia|spa|1\n|-boost|p1a: Cresselia|spd|1\n|\n|-heal|p1a: Cresselia|323/323|[from] item: Leftovers\n|-heal|p2a: Cresselia|281/323|[from] item: Leftovers\n|upkeep\n|turn|31\n|\n|t:|1781441164\n|move|p1a: Cresselia|Calm Mind|p1a: Cresselia\n|-boost|p1a: Cresselia|spa|1\n|-boost|p1a: Cresselia|spd|1\n|move|p2a: Cresselia|Calm Mind|p2a: Cresselia\n|-boost|p2a: Cresselia|spa|1\n|-boost|p2a: Cresselia|spd|1\n|\n|-heal|p2a: Cresselia|301/323|[from] item: Leftovers\n|upkeep\n|turn|32\n|\n|t:|1781441166\n|move|p1a: Cresselia|Calm Mind|p1a: Cresselia\n|-boost|p1a: Cresselia|spa|1\n|-boost|p1a: Cresselia|spd|1\n|move|p2a: Cresselia|Calm Mind|p2a: Cresselia\n|-boost|p2a: Cresselia|spa|1\n|-boost|p2a: Cresselia|spd|1\n|\n|-heal|p2a: Cresselia|321/323|[from] item: Leftovers\n|upkeep\n|turn|33\n|\n|t:|1781441168\n|move|p1a: Cresselia|Calm Mind|p1a: Cresselia\n|-boost|p1a: Cresselia|spa|1\n|-boost|p1a: Cresselia|spd|1\n|move|p2a: Cresselia|Calm Mind|p2a: Cresselia\n|-boost|p2a: Cresselia|spa|1\n|-boost|p2a: Cresselia|spd|1\n|\n|-heal|p2a: Cresselia|323/323|[from] item: Leftovers\n|upkeep\n|turn|34\n|\n|t:|1781441170\n|move|p1a: Cresselia|Calm Mind|p1a: Cresselia\n|-boost|p1a: Cresselia|spa|1\n|-boost|p1a: Cresselia|spd|1\n|move|p2a: Cresselia|Calm Mind|p2a: Cresselia\n|-boost|p2a: Cresselia|spa|1\n|-boost|p2a: Cresselia|spd|1\n|\n|upkeep\n|turn|35\n|\n|t:|1781441171\n|move|p2a: Cresselia|Calm Mind|p2a: Cresselia\n|-boost|p2a: Cresselia|spa|1\n|-boost|p2a: Cresselia|spd|1\n|move|p1a: Cresselia|Psyshock|p2a: Cresselia\n|-resisted|p2a: Cresselia\n|-damage|p2a: Cresselia|215/323\n|\n|-heal|p2a: Cresselia|235/323|[from] item: Leftovers\n|upkeep\n|turn|36\n|\n|t:|1781441177\n|move|p2a: Cresselia|Thunderbolt|p1a: Cresselia\n|-damage|p1a: Cresselia|282/323\n|move|p1a: Cresselia|Thunderbolt|p2a: Cresselia\n|-damage|p2a: Cresselia|191/323\n|\n|-heal|p1a: Cresselia|302/323|[from] item: Leftovers\n|-heal|p2a: Cresselia|211/323|[from] item: Leftovers\n|upkeep\n|turn|37\n|\n|t:|1781441183\n|move|p2a: Cresselia|Thunderbolt|p1a: Cresselia\n|-damage|p1a: Cresselia|264/323\n|move|p1a: Cresselia|Psyshock|p2a: Cresselia\n|-resisted|p2a: Cresselia\n|-damage|p2a: Cresselia|94/323\n|\n|-heal|p2a: Cresselia|114/323|[from] item: Leftovers\n|-heal|p1a: Cresselia|284/323|[from] item: Leftovers\n|upkeep\n|turn|38\n|\n|t:|1781441187\n|move|p1a: Cresselia|Psyshock|p2a: Cresselia\n|-resisted|p2a: Cresselia\n|-damage|p2a: Cresselia|4/323\n|move|p2a: Cresselia|Moonlight|p2a: Cresselia\n|-heal|p2a: Cresselia|165/323\n|\n|-heal|p1a: Cresselia|304/323|[from] item: Leftovers\n|-heal|p2a: Cresselia|185/323|[from] item: Leftovers\n|upkeep\n|turn|39\n|\n|t:|1781441190\n|move|p2a: Cresselia|Moonlight|p2a: Cresselia\n|-heal|p2a: Cresselia|323/323\n|move|p1a: Cresselia|Thunderbolt|p2a: Cresselia\n|-damage|p2a: Cresselia|283/323\n|\n|-heal|p2a: Cresselia|303/323|[from] item: Leftovers\n|-heal|p1a: Cresselia|323/323|[from] item: Leftovers\n|upkeep\n|turn|40\n|\n|t:|1781441193\n|move|p1a: Cresselia|Thunderbolt|p2a: Cresselia\n|-damage|p2a: Cresselia|264/323\n|move|p2a: Cresselia|Thunderbolt|p1a: Cresselia\n|-damage|p1a: Cresselia|283/323\n|-status|p1a: Cresselia|par\n|\n|-heal|p2a: Cresselia|284/323|[from] item: Leftovers\n|-heal|p1a: Cresselia|303/323 par|[from] item: Leftovers\n|upkeep\n|turn|41\n|\n|t:|1781441198\n|move|p2a: Cresselia|Psyshock|p1a: Cresselia\n|-resisted|p1a: Cresselia\n|-damage|p1a: Cresselia|198/323 par\n|move|p1a: Cresselia|Thunderbolt|p2a: Cresselia\n|-damage|p2a: Cresselia|247/323\n|\n|-heal|p2a: Cresselia|267/323|[from] item: Leftovers\n|-heal|p1a: Cresselia|218/323 par|[from] item: Leftovers\n|upkeep\n|turn|42\n|\n|t:|1781441200\n|move|p2a: Cresselia|Psyshock|p1a: Cresselia\n|-resisted|p1a: Cresselia\n|-damage|p1a: Cresselia|113/323 par\n|move|p1a: Cresselia|Thunderbolt|p2a: Cresselia\n|-damage|p2a: Cresselia|225/323\n|\n|-heal|p2a: Cresselia|245/323|[from] item: Leftovers\n|-heal|p1a: Cresselia|133/323 par|[from] item: Leftovers\n|upkeep\n|turn|43\n|\n|t:|1781441202\n|move|p2a: Cresselia|Psyshock|p1a: Cresselia\n|-resisted|p1a: Cresselia\n|-damage|p1a: Cresselia|17/323 par\n|cant|p1a: Cresselia|par\n|\n|-heal|p2a: Cresselia|265/323|[from] item: Leftovers\n|-heal|p1a: Cresselia|37/323 par|[from] item: Leftovers\n|upkeep\n|turn|44\n|\n|t:|1781441204\n|move|p2a: Cresselia|Psyshock|p1a: Cresselia\n|-resisted|p1a: Cresselia\n|-damage|p1a: Cresselia|0 fnt\n|faint|p1a: Cresselia\n|\n|win|a rabbit\n", "inputlog": ">version a8376a258c1d4662feba110a92103f3664a72141\n>start {\"formatid\":\"gen9randombattle\",\"seed\":\"sodium,38fee052523c71bc456d159fd30417f4\",\"rated\":\"Rated battle\"}\n>player p1 {\"name\":\"duuhhao\",\"avatar\":\"clair\",\"rating\":2234,\"seed\":\"sodium,e1f8283ea44cb0574542ae427fc7948c\"}\n>player p2 {\"name\":\"a rabbit\",\"avatar\":\"#scl2breakers\",\"rating\":2347,\"seed\":\"sodium,dd289e068b56d13788c9a9ee73f9d863\"}\n>p1 switch 6\n>p2 move uturn\n>p2 switch 6\n>p1 move powergem\n>p2 move stealthrock\n>p1 move powergem\n>p2 switch 2\n>p1 switch 3\n>p2 move drainpunch\n>p1 move earthquake\n>p2 switch 6\n>p1 move earthquake\n>p2 move foulplay\n>p1 move earthquake\n>p2 move uturn\n>p2 switch 6\n>p1 switch 5\n>p1 move willowisp\n>p2 move knockoff\n>p1 move flamethrower\n>p2 move toxicspikes\n>p1 move flamethrower\n>p2 switch 6\n>p1 move flamethrower\n>p2 switch 6\n>p1 move flamethrower\n>p2 move gunkshot\n>p2 switch 3\n>p1 move flamethrower\n>p2 move dragonenergy\n>p1 switch 3\n>p1 move irondefense\n>p2 switch 2\n>p1 move bodypress\n>p2 move fireblast\n>p2 switch 5\n>p1 switch 4\n>p2 move calmmind\n>p1 move calmmind\n>p2 switch 4\n>p1 switch 2\n>p2 move crunch\n>p1 move doubleshock\n>p2 switch 4\n>p1 switch 6\n>p1 move seedflare\n>p2 move thunderbolt\n>p1 move seedflare\n>p2 switch 6\n>p1 move airslash\n>p2 move uturn\n>p2 switch 2\n>p1 move airslash\n>p2 move dragonenergy\n>p1 switch 4\n>p1 move irondefense\n>p2 move dragonenergy terastallize\n>p1 move irondefense\n>p2 move dragonenergy\n>p1 move bodypress\n>p2 move dragonenergy\n>p2 switch 6\n>p1 move bodypress\n>p2 move thunderbolt\n>p1 move bodypress\n>p2 move thunderbolt\n>p1 switch 2\n>p1 move calmmind\n>p2 move moonlight\n>p1 move calmmind\n>p2 move calmmind\n>p1 move calmmind\n>p2 move calmmind\n>p1 move calmmind\n>p2 move calmmind\n>p1 move calmmind\n>p2 move calmmind\n>p1 move calmmind\n>p2 move calmmind\n>p1 move psyshock\n>p2 move calmmind\n>p1 move thunderbolt\n>p2 move thunderbolt\n>p1 move psyshock\n>p2 move thunderbolt\n>p1 move psyshock\n>p2 move moonlight\n>p1 move thunderbolt\n>p2 move moonlight\n>p1 move thunderbolt\n>p2 move thunderbolt\n>p1 move thunderbolt\n>p2 move psyshock\n>p1 move thunderbolt\n>p2 move psyshock\n>p1 move moonlight\n>p2 move psyshock\n>p1 move moonlight\n>p2 move psyshock", "uploadtime": 1781440867, "views": 11, "formatid": "gen9randombattle", "rating": null, "private": 0, "password": null, "player_dets": [{"name": "duuhhao", "avatar": "clair", "rating": 2234, "seed": "sodium,e1f8283ea44cb0574542ae427fc7948c"}, {"name": "a rabbit", "avatar": "#scl2breakers", "rating": 2347, "seed": "sodium,dd289e068b56d13788c9a9ee73f9d863"}], "teams_full": [{"Shaymin": {"name": "Shaymin", "species": "Shaymin-Sky", "speciesId": "shayminsky", "gender": "N", "shiny": false, "level": 73, "moves": ["earthpower", "seedflare", "synthesis", "airslash"], "ability": "Serene Grace", "evs": {"hp": 85, "atk": 0, "def": 85, "spa": 85, "spd": 85, "spe": 85}, "ivs": {"hp": 31, "atk": 0, "def": 31, "spa": 31, "spd": 31, "spe": 31}, "item": "Heavy-Duty Boots", "teraType": "Water", "role": "Bulky Attacker", "bvs": {"hp": 100, "atk": 103, "def": 75, "spa": 120, "spd": 75, "spe": 127}, "stats": {"hp": 266, "atk": 155, "def": 152, "spa": 218, "spd": 152, "spe": 228}}, "Pawmot": {"name": "Pawmot", "species": "Pawmot", "speciesId": "pawmot", "gender": "F", "shiny": false, "level": 80, "moves": ["nuzzle", "closecombat", "doubleshock", "revivalblessing"], "ability": "Volt Absorb", "evs": {"hp": 85, "atk": 85, "def": 85, "spa": 85, "spd": 85, "spe": 85}, "ivs": {"hp": 31, "atk": 31, "def": 31, "spa": 31, "spd": 31, "spe": 31}, "item": "Leppa Berry", "teraType": "Electric", "role": "Fast Attacker", "bvs": {"hp": 70, "atk": 115, "def": 70, "spa": 70, "spd": 60, "spe": 105}, "stats": {"hp": 243, "atk": 230, "def": 158, "spa": 158, "spd": 142, "spe": 214}}, "Golurk": {"name": "Golurk", "species": "Golurk", "speciesId": "golurk", "gender": "N", "shiny": false, "level": 87, "moves": ["dynamicpunch", "poltergeist", "earthquake", "stoneedge"], "ability": "No Guard", "evs": {"hp": 85, "atk": 85, "def": 85, "spa": 85, "spd": 85, "spe": 85}, "ivs": {"hp": 31, "atk": 31, "def": 31, "spa": 31, "spd": 31, "spe": 31}, "item": "Choice Band", "teraType": "Ground", "role": "Wallbreaker", "bvs": {"hp": 89, "atk": 124, "def": 80, "spa": 55, "spd": 80, "spe": 55}, "stats": {"hp": 297, "atk": 266, "def": 189, "spa": 145, "spd": 189, "spe": 145}}, "Cresselia": {"name": "Cresselia", "species": "Cresselia", "speciesId": "cresselia", "gender": "F", "shiny": false, "level": 80, "moves": ["psyshock", "calmmind", "thunderbolt", "moonlight"], "ability": "Levitate", "evs": {"hp": 85, "atk": 0, "def": 85, "spa": 85, "spd": 85, "spe": 85}, "ivs": {"hp": 31, "atk": 0, "def": 31, "spa": 31, "spd": 31, "spe": 31}, "item": "Leftovers", "teraType": "Poison", "role": "Bulky Setup", "bvs": {"hp": 120, "atk": 70, "def": 110, "spa": 75, "spd": 120, "spe": 85}, "stats": {"hp": 323, "atk": 117, "def": 222, "spa": 166, "spd": 238, "spe": 182}}, "Charizard": {"name": "Charizard", "species": "Charizard", "speciesId": "charizard", "gender": "M", "shiny": false, "level": 85, "moves": ["focusblast", "flamethrower", "willowisp", "hurricane"], "ability": "Blaze", "evs": {"hp": 85, "atk": 0, "def": 85, "spa": 85, "spd": 85, "spe": 85}, "ivs": {"hp": 31, "atk": 0, "def": 31, "spa": 31, "spd": 31, "spe": 31}, "item": "Heavy-Duty Boots", "teraType": "Dragon", "role": "Fast Attacker", "bvs": {"hp": 78, "atk": 84, "def": 78, "spa": 109, "spd": 85, "spe": 100}, "stats": {"hp": 271, "atk": 147, "def": 181, "spa": 234, "spd": 193, "spe": 219}}, "Probopass": {"name": "Probopass", "species": "Probopass", "speciesId": "probopass", "gender": "F", "shiny": false, "level": 91, "moves": ["powergem", "irondefense", "flashcannon", "bodypress"], "ability": "Magnet Pull", "evs": {"hp": 85, "atk": 0, "def": 85, "spa": 85, "spd": 85, "spe": 85}, "ivs": {"hp": 31, "atk": 0, "def": 31, "spa": 31, "spd": 31, "spe": 31}, "item": "Leftovers", "teraType": "Fighting", "role": "Bulky Setup", "bvs": {"hp": 60, "atk": 55, "def": 145, "spa": 75, "spd": 150, "spe": 40}, "stats": {"hp": 257, "atk": 105, "def": 316, "spa": 188, "spd": 325, "spe": 125}}}, {"Mandibuzz": {"name": "Mandibuzz", "species": "Mandibuzz", "speciesId": "mandibuzz", "gender": "F", "shiny": false, "level": 85, "moves": ["defog", "foulplay", "uturn", "roost"], "ability": "Overcoat", "evs": {"hp": 85, "atk": 85, "def": 85, "spa": 85, "spd": 85, "spe": 85}, "ivs": {"hp": 31, "atk": 31, "def": 31, "spa": 31, "spd": 31, "spe": 31}, "item": "Heavy-Duty Boots", "teraType": "Steel", "role": "Bulky Support", "bvs": {"hp": 110, "atk": 65, "def": 105, "spa": 55, "spd": 95, "spe": 80}, "stats": {"hp": 326, "atk": 159, "def": 227, "spa": 142, "spd": 210, "spe": 185}}, "Muk": {"name": "Muk", "species": "Muk", "speciesId": "muk", "gender": "M", "shiny": false, "level": 86, "moves": ["toxicspikes", "drainpunch", "gunkshot", "knockoff"], "ability": "Poison Touch", "evs": {"hp": 85, "atk": 85, "def": 85, "spa": 85, "spd": 85, "spe": 85}, "ivs": {"hp": 31, "atk": 31, "def": 31, "spa": 31, "spd": 31, "spe": 31}, "item": "Leftovers", "teraType": "Dark", "role": "Bulky Attacker", "bvs": {"hp": 105, "atk": 105, "def": 75, "spa": 65, "spd": 100, "spe": 50}, "stats": {"hp": 321, "atk": 230, "def": 178, "spa": 161, "spd": 221, "spe": 135}}, "Regidrago": {"name": "Regidrago", "species": "Regidrago", "speciesId": "regidrago", "gender": "N", "shiny": false, "level": 77, "moves": ["earthquake", "outrage", "dragonenergy", "dracometeor"], "ability": "Dragon's Maw", "evs": {"hp": 85, "atk": 85, "def": 85, "spa": 85, "spd": 85, "spe": 85}, "ivs": {"hp": 31, "atk": 31, "def": 31, "spa": 31, "spd": 31, "spe": 31}, "item": "Choice Scarf", "teraType": "Dragon", "role": "Fast Attacker", "bvs": {"hp": 200, "atk": 100, "def": 50, "spa": 100, "spd": 50, "spe": 80}, "stats": {"hp": 435, "atk": 199, "def": 122, "spa": 199, "spd": 122, "spe": 168}}, "Mabosstiff": {"name": "Mabosstiff", "species": "Mabosstiff", "speciesId": "mabosstiff", "gender": "M", "shiny": false, "level": 86, "moves": ["wildcharge", "playrough", "crunch", "psychicfangs"], "ability": "Stakeout", "evs": {"hp": 85, "atk": 85, "def": 85, "spa": 85, "spd": 85, "spe": 85}, "ivs": {"hp": 31, "atk": 31, "def": 31, "spa": 31, "spd": 31, "spe": 31}, "item": "Choice Band", "teraType": "Dark", "role": "Bulky Attacker", "bvs": {"hp": 80, "atk": 120, "def": 90, "spa": 60, "spd": 70, "spe": 85}, "stats": {"hp": 278, "atk": 256, "def": 204, "spa": 152, "spd": 170, "spe": 195}}, "Cresselia": {"name": "Cresselia", "species": "Cresselia", "speciesId": "cresselia", "gender": "F", "shiny": false, "level": 80, "moves": ["thunderbolt", "psyshock", "calmmind", "moonlight"], "ability": "Levitate", "evs": {"hp": 85, "atk": 0, "def": 85, "spa": 85, "spd": 85, "spe": 85}, "ivs": {"hp": 31, "atk": 0, "def": 31, "spa": 31, "spd": 31, "spe": 31}, "item": "Leftovers", "teraType": "Poison", "role": "Bulky Setup", "bvs": {"hp": 120, "atk": 70, "def": 110, "spa": 75, "spd": 120, "spe": 85}, "stats": {"hp": 323, "atk": 117, "def": 222, "spa": 166, "spd": 238, "spe": 182}}, "Torkoal": {"name": "Torkoal", "species": "Torkoal", "speciesId": "torkoal", "gender": "M", "shiny": false, "level": 88, "moves": ["fireblast", "solarbeam", "earthquake", "stealthrock"], "ability": "Drought", "evs": {"hp": 85, "atk": 85, "def": 85, "spa": 85, "spd": 85, "spe": 85}, "ivs": {"hp": 31, "atk": 31, "def": 31, "spa": 31, "spd": 31, "spe": 31}, "item": "Heavy-Duty Boots", "teraType": "Grass", "role": "Wallbreaker", "bvs": {"hp": 70, "atk": 85, "def": 140, "spa": 85, "spd": 70, "spe": 20}, "stats": {"hp": 266, "atk": 200, "def": 297, "spa": 200, "spd": 173, "spe": 85}}}]}