{"id": "gen9randombattle-2631739393", "format": "[Gen 9] Random Battle", "players": ["079206025404h", "Dummylechonk"], "log": "|j|\u2606079206025404h\n|j|\u2606Dummylechonk\n|t:|1781431694\n|gametype|singles\n|player|p1|079206025404h|2|1870\n|player|p2|Dummylechonk|swimmerf|1810\n|gen|9\n|tier|[Gen 9] Random Battle\n|rated|\n|rule|Species Clause: Limit one of each Pok\u00e9mon\n|rule|HP Percentage Mod: HP is shown in percentages\n|rule|Sleep Clause Mod: Limit one foe put to sleep\n|rule|Illusion Level Mod: Illusion disguises the Pok\u00e9mon's true level\n|\n|t:|1781431695\n|teamsize|p1|6\n|teamsize|p2|6\n|start\n|switch|p1a: Gouging Fire|Gouging Fire, L74|277/277\n|switch|p2a: Decidueye|Decidueye, L88, F|281/281\n|turn|1\n|inactive|Battle timer is ON: inactive players will automatically lose when time's up. (requested by Dummylechonk)\n|inactive|079206025404h also wants the timer to be on.\n|\n|t:|1781431710\n|switch|p2a: Milotic|Milotic, L83, M|293/293\n|move|p1a: Gouging Fire|Dragon Dance|p1a: Gouging Fire\n|-boost|p1a: Gouging Fire|atk|1\n|-boost|p1a: Gouging Fire|spe|1\n|\n|upkeep\n|turn|2\n|\n|t:|1781431717\n|move|p1a: Gouging Fire|Outrage|p2a: Milotic\n|-damage|p2a: Milotic|112/293\n|move|p2a: Milotic|Haze|p2a: Milotic\n|-clearallboost\n|\n|-heal|p2a: Milotic|130/293|[from] item: Leftovers\n|upkeep\n|turn|3\n|\n|t:|1781431727\n|move|p2a: Milotic|Recover|p2a: Milotic\n|-heal|p2a: Milotic|277/293\n|move|p1a: Gouging Fire|Outrage|p2a: Milotic|[from] lockedmove\n|-damage|p2a: Milotic|157/293\n|\n|-heal|p2a: Milotic|175/293|[from] item: Leftovers\n|upkeep\n|turn|4\n|\n|t:|1781431736\n|move|p2a: Milotic|Recover|p2a: Milotic\n|-heal|p2a: Milotic|293/293\n|move|p1a: Gouging Fire|Outrage|p2a: Milotic|[from] lockedmove\n|-damage|p2a: Milotic|173/293\n|-start|p1a: Gouging Fire|confusion|[fatigue]\n|\n|-heal|p2a: Milotic|191/293|[from] item: Leftovers\n|upkeep\n|turn|5\n|\n|t:|1781431756\n|-end|p1a: Gouging Fire|Protosynthesis|[silent]\n|switch|p1a: Pecharunt|Pecharunt, L77|262/262\n|move|p2a: Milotic|Scald|p1a: Pecharunt\n|-damage|p1a: Pecharunt|160/262\n|\n|-heal|p2a: Milotic|209/293|[from] item: Leftovers\n|upkeep\n|turn|6\n|\n|t:|1781431766\n|switch|p2a: Clodsire|Clodsire, L81, F|343/343\n|move|p1a: Pecharunt|Malignant Chain|p2a: Clodsire\n|-resisted|p2a: Clodsire\n|-damage|p2a: Clodsire|325/343\n|\n|-heal|p2a: Clodsire|343/343|[from] item: Leftovers\n|upkeep\n|turn|7\n|\n|t:|1781431774\n|move|p1a: Pecharunt|Parting Shot|p2a: Clodsire\n|-unboost|p2a: Clodsire|atk|1\n|-unboost|p2a: Clodsire|spa|1\n|\n|t:|1781431791\n|switch|p1a: Milotic|Milotic, L83, F|293/293|[from] Parting Shot\n|move|p2a: Clodsire|Earthquake|p1a: Milotic\n|-damage|p1a: Milotic|236/293\n|\n|-heal|p1a: Milotic|254/293|[from] item: Leftovers\n|upkeep\n|turn|8\n|\n|t:|1781431801\n|switch|p2a: Lapras|Lapras, L87, M|368/368\n|move|p1a: Milotic|Dragon Tail|p2a: Lapras\n|-damage|p2a: Lapras|336/368\n|drag|p2a: Clodsire|Clodsire, L81, F|343/343\n|\n|-heal|p1a: Milotic|272/293|[from] item: Leftovers\n|upkeep\n|turn|9\n|\n|t:|1781431809\n|move|p1a: Milotic|Scald|p2a: Clodsire\n|-immune|p2a: Clodsire|[from] ability: Water Absorb\n|move|p2a: Clodsire|Gunk Shot|p1a: Milotic\n|-damage|p1a: Milotic|160/293\n|\n|-heal|p1a: Milotic|178/293|[from] item: Leftovers\n|upkeep\n|turn|10\n|\n|t:|1781431818\n|switch|p1a: Snorlax|Snorlax, L82, F|397/397\n|move|p2a: Clodsire|Gunk Shot|p1a: Snorlax|[miss]\n|-miss|p2a: Clodsire|p1a: Snorlax\n|\n|upkeep\n|turn|11\n|\n|t:|1781431829\n|switch|p2a: Raichu|Raichu, L88, F|249/249\n|move|p1a: Snorlax|Curse|p1a: Snorlax\n|-unboost|p1a: Snorlax|spe|1\n|-boost|p1a: Snorlax|atk|1\n|-boost|p1a: Snorlax|def|1\n|\n|upkeep\n|turn|12\n|\n|t:|1781431837\n|move|p2a: Raichu|Nuzzle|p1a: Snorlax\n|-damage|p1a: Snorlax|378/397\n|-status|p1a: Snorlax|par\n|move|p1a: Snorlax|Earthquake|p2a: Raichu\n|-supereffective|p2a: Raichu\n|-damage|p2a: Raichu|0 fnt\n|faint|p2a: Raichu\n|\n|upkeep\n|\n|t:|1781431846\n|switch|p2a: Milotic|Milotic, L83, M|209/293\n|turn|13\n|\n|t:|1781431850\n|move|p2a: Milotic|Haze|p2a: Milotic\n|-clearallboost\n|cant|p1a: Snorlax|par\n|\n|-heal|p2a: Milotic|227/293|[from] item: Leftovers\n|upkeep\n|turn|14\n|\n|t:|1781431858\n|move|p2a: Milotic|Scald|p1a: Snorlax\n|-damage|p1a: Snorlax|297/397 par\n|move|p1a: Snorlax|Body Slam|p2a: Milotic\n|-damage|p2a: Milotic|119/293\n|\n|-heal|p2a: Milotic|137/293|[from] item: Leftovers\n|upkeep\n|turn|15\n|\n|t:|1781431867\n|move|p2a: Milotic|Recover|p2a: Milotic\n|-heal|p2a: Milotic|284/293\n|move|p1a: Snorlax|Curse|p1a: Snorlax\n|-unboost|p1a: Snorlax|spe|1\n|-boost|p1a: Snorlax|atk|1\n|-boost|p1a: Snorlax|def|1\n|\n|-heal|p2a: Milotic|293/293|[from] item: Leftovers\n|upkeep\n|turn|16\n|\n|t:|1781431877\n|switch|p2a: Decidueye|Decidueye, L88, F|281/281\n|move|p1a: Snorlax|Body Slam|p2a: Decidueye\n|-immune|p2a: Decidueye\n|\n|upkeep\n|turn|17\n|\n|t:|1781431884\n|switch|p1a: Gouging Fire|Gouging Fire, L74|277/277\n|move|p2a: Decidueye|Leaf Storm|p1a: Gouging Fire\n|-resisted|p1a: Gouging Fire\n|-damage|p1a: Gouging Fire|236/277\n|-unboost|p2a: Decidueye|spa|2\n|\n|upkeep\n|turn|18\n|\n|t:|1781431891\n|-terastallize|p2a: Decidueye|Ghost\n|move|p1a: Gouging Fire|Dragon Dance|p1a: Gouging Fire\n|-boost|p1a: Gouging Fire|atk|1\n|-boost|p1a: Gouging Fire|spe|1\n|move|p2a: Decidueye|Spirit Shackle|p1a: Gouging Fire\n|-damage|p1a: Gouging Fire|122/277\n|-activate|p1a: Gouging Fire|trapped\n|\n|upkeep\n|turn|19\n|\n|t:|1781431903\n|move|p1a: Gouging Fire|Heat Crash|p2a: Decidueye\n|-crit|p2a: Decidueye\n|-damage|p2a: Decidueye|20/281\n|move|p2a: Decidueye|Spirit Shackle|p1a: Gouging Fire\n|-damage|p1a: Gouging Fire|0 fnt\n|faint|p1a: Gouging Fire\n|-end|p1a: Gouging Fire|Protosynthesis|[silent]\n|\n|upkeep\n|\n|t:|1781431914\n|switch|p1a: Milotic|Milotic, L83, F|178/293\n|turn|20\n|\n|t:|1781431920\n|switch|p2a: Lapras|Lapras, L87, M|336/368\n|move|p1a: Milotic|Ice Beam|p2a: Lapras\n|-resisted|p2a: Lapras\n|-damage|p2a: Lapras|321/368\n|\n|-heal|p1a: Milotic|196/293|[from] item: Leftovers\n|upkeep\n|turn|21\n|\n|t:|1781431928\n|move|p1a: Milotic|Recover|p1a: Milotic\n|-heal|p1a: Milotic|293/293\n|move|p2a: Lapras|Sparkling Aria|p1a: Milotic\n|-resisted|p1a: Milotic\n|-damage|p1a: Milotic|259/293\n|\n|-heal|p1a: Milotic|277/293|[from] item: Leftovers\n|upkeep\n|turn|22\n|\n|t:|1781431936\n|move|p2a: Lapras|Freeze-Dry|p1a: Milotic\n|-supereffective|p1a: Milotic\n|-damage|p1a: Milotic|163/293\n|move|p1a: Milotic|Dragon Tail|p2a: Lapras\n|-damage|p2a: Lapras|287/368\n|drag|p2a: Clodsire|Clodsire, L81, F|343/343\n|\n|-heal|p1a: Milotic|181/293|[from] item: Leftovers\n|upkeep\n|turn|23\n|\n|t:|1781431948\n|move|p1a: Milotic|Ice Beam|p2a: Clodsire\n|-supereffective|p2a: Clodsire\n|-damage|p2a: Clodsire|227/343\n|-status|p2a: Clodsire|frz\n|-curestatus|p2a: Clodsire|frz|[msg]\n|move|p2a: Clodsire|Curse|p2a: Clodsire\n|-unboost|p2a: Clodsire|spe|1\n|-boost|p2a: Clodsire|atk|1\n|-boost|p2a: Clodsire|def|1\n|\n|-heal|p1a: Milotic|199/293|[from] item: Leftovers\n|-heal|p2a: Clodsire|248/343|[from] item: Leftovers\n|upkeep\n|turn|24\n|\n|t:|1781431964\n|move|p2a: Clodsire|Earthquake|p1a: Milotic\n|-damage|p1a: Milotic|67/293\n|move|p1a: Milotic|Dragon Tail|p2a: Clodsire\n|-damage|p2a: Clodsire|218/343\n|drag|p2a: Iron Thorns|Iron Thorns, L83|302/302\n|\n|-heal|p1a: Milotic|85/293|[from] item: Leftovers\n|upkeep\n|turn|25\n|\n|t:|1781431973\n|move|p1a: Milotic|Recover|p1a: Milotic\n|-heal|p1a: Milotic|232/293\n|move|p2a: Iron Thorns|Volt Switch|p1a: Milotic\n|-supereffective|p1a: Milotic\n|-damage|p1a: Milotic|148/293\n|\n|t:|1781431976\n|-end|p2a: Iron Thorns|Quark Drive|[silent]\n|switch|p2a: Lapras|Lapras, L87, M|287/368|[from] Volt Switch\n|\n|-heal|p1a: Milotic|166/293|[from] item: Leftovers\n|upkeep\n|turn|26\n|\n|t:|1781431987\n|switch|p1a: Snorlax|Snorlax, L82, F|297/397 par\n|move|p2a: Lapras|Freeze-Dry|p1a: Snorlax\n|-damage|p1a: Snorlax|267/397 par\n|\n|upkeep\n|turn|27\n|\n|t:|1781431994\n|switch|p2a: Decidueye|Decidueye, L88, F, tera:Ghost|20/281\n|move|p1a: Snorlax|Curse|p1a: Snorlax\n|-unboost|p1a: Snorlax|spe|1\n|-boost|p1a: Snorlax|atk|1\n|-boost|p1a: Snorlax|def|1\n|\n|upkeep\n|turn|28\n|\n|t:|1781432003\n|move|p2a: Decidueye|U-turn|p1a: Snorlax\n|-damage|p1a: Snorlax|214/397 par\n|\n|t:|1781432009\n|switch|p2a: Milotic|Milotic, L83, M|293/293|[from] U-turn\n|move|p1a: Snorlax|Earthquake|p2a: Milotic\n|-damage|p2a: Milotic|170/293\n|\n|-heal|p2a: Milotic|188/293|[from] item: Leftovers\n|upkeep\n|turn|29\n|\n|t:|1781432017\n|move|p2a: Milotic|Scald|p1a: Snorlax\n|-damage|p1a: Snorlax|144/397 par\n|move|p1a: Snorlax|Body Slam|p2a: Milotic\n|-damage|p2a: Milotic|43/293\n|\n|-heal|p2a: Milotic|61/293|[from] item: Leftovers\n|upkeep\n|turn|30\n|\n|t:|1781432025\n|move|p2a: Milotic|Recover|p2a: Milotic\n|-heal|p2a: Milotic|208/293\n|move|p1a: Snorlax|Body Slam|p2a: Milotic\n|-damage|p2a: Milotic|46/293\n|\n|-heal|p2a: Milotic|64/293|[from] item: Leftovers\n|upkeep\n|turn|31\n|\n|t:|1781432034\n|switch|p2a: Decidueye|Decidueye, L88, F, tera:Ghost|20/281\n|move|p1a: Snorlax|Body Slam|p2a: Decidueye\n|-immune|p2a: Decidueye\n|\n|upkeep\n|turn|32\n|\n|t:|1781432043\n|switch|p1a: Pecharunt|Pecharunt, L77|160/262\n|move|p2a: Decidueye|Leaf Storm|p1a: Pecharunt\n|-resisted|p1a: Pecharunt\n|-damage|p1a: Pecharunt|40/262\n|-unboost|p2a: Decidueye|spa|2\n|\n|upkeep\n|turn|33\n|\n|t:|1781432050\n|move|p1a: Pecharunt|Shadow Ball|p2a: Decidueye\n|-supereffective|p2a: Decidueye\n|-damage|p2a: Decidueye|0 fnt\n|faint|p2a: Decidueye\n|\n|upkeep\n|\n|t:|1781432056\n|switch|p2a: Milotic|Milotic, L83, M|64/293\n|turn|34\n|\n|t:|1781432063\n|move|p2a: Milotic|Scald|p1a: Pecharunt\n|-crit|p1a: Pecharunt\n|-damage|p1a: Pecharunt|0 fnt\n|faint|p1a: Pecharunt\n|\n|-heal|p2a: Milotic|82/293|[from] item: Leftovers\n|upkeep\n|\n|t:|1781432071\n|switch|p1a: Snorlax|Snorlax, L82, F|144/397 par\n|turn|35\n|\n|t:|1781432075\n|switch|p2a: Iron Thorns|Iron Thorns, L83|302/302\n|cant|p1a: Snorlax|par\n|\n|upkeep\n|turn|36\n|\n|t:|1781432080\n|move|p2a: Iron Thorns|Stone Edge|p1a: Snorlax\n|-damage|p1a: Snorlax|0 fnt\n|faint|p1a: Snorlax\n|\n|upkeep\n|\n|t:|1781432085\n|switch|p1a: Milotic|Milotic, L83, F|166/293\n|turn|37\n|\n|t:|1781432090\n|move|p1a: Milotic|Scald|p2a: Iron Thorns\n|-supereffective|p2a: Iron Thorns\n|-damage|p2a: Iron Thorns|188/302\n|move|p2a: Iron Thorns|Wild Charge|p1a: Milotic\n|-supereffective|p1a: Milotic\n|-damage|p1a: Milotic|0 fnt\n|faint|p1a: Milotic\n|-damage|p2a: Iron Thorns|146/302|[from] Recoil\n|\n|upkeep\n|\n|t:|1781432101\n|switch|p1a: Veluza|Veluza, L85, M|292/292\n|turn|38\n|\n|t:|1781432105\n|-end|p2a: Iron Thorns|Quark Drive|[silent]\n|switch|p2a: Clodsire|Clodsire, L81, F|218/343\n|move|p1a: Veluza|Psycho Cut|p2a: Clodsire\n|-supereffective|p2a: Clodsire\n|-damage|p2a: Clodsire|0 fnt\n|faint|p2a: Clodsire\n|\n|upkeep\n|\n|t:|1781432109\n|switch|p2a: Lapras|Lapras, L87, M|287/368\n|turn|39\n|\n|t:|1781432113\n|move|p1a: Veluza|Psycho Cut|p2a: Lapras\n|-damage|p2a: Lapras|161/368\n|move|p2a: Lapras|Rest|p2a: Lapras\n|-status|p2a: Lapras|slp|[from] move: Rest\n|-heal|p2a: Lapras|368/368 slp|[silent]\n|\n|upkeep\n|turn|40\n|\n|t:|1781432127\n|move|p1a: Veluza|Psycho Cut|p2a: Lapras\n|-crit|p2a: Lapras\n|-damage|p2a: Lapras|185/368 slp\n|cant|p2a: Lapras|slp\n|move|p2a: Lapras|Sleep Talk|p2a: Lapras\n|move|p2a: Lapras|Freeze-Dry|p1a: Veluza|[from] move: Sleep Talk\n|-supereffective|p1a: Veluza\n|-damage|p1a: Veluza|116/292\n|\n|upkeep\n|turn|41\n|\n|t:|1781432136\n|move|p1a: Veluza|Psycho Cut|p2a: Lapras\n|-crit|p2a: Lapras\n|-damage|p2a: Lapras|0 fnt\n|faint|p2a: Lapras\n|\n|upkeep\n|\n|t:|1781432140\n|switch|p2a: Milotic|Milotic, L83, M|82/293\n|turn|42\n|\n|t:|1781432143\n|move|p1a: Veluza|Psycho Cut|p2a: Milotic\n|-damage|p2a: Milotic|0 fnt\n|faint|p2a: Milotic\n|\n|upkeep\n|c|\u2606079206025404h|ggwp\n|\n|t:|1781432147\n|switch|p2a: Iron Thorns|Iron Thorns, L83|146/302\n|turn|43\n|\n|t:|1781432150\n|move|p1a: Veluza|Psycho Cut|p2a: Iron Thorns\n|-damage|p2a: Iron Thorns|49/302\n|move|p2a: Iron Thorns|Volt Switch|p1a: Veluza\n|-supereffective|p1a: Veluza\n|-damage|p1a: Veluza|0 fnt\n|faint|p1a: Veluza\n|\n|upkeep\n|\n|t:|1781432157\n|switch|p1a: Cresselia|Cresselia, L80, F|323/323\n|turn|44\n|\n|t:|1781432160\n|move|p1a: Cresselia|Psyshock|p2a: Iron Thorns\n|-damage|p2a: Iron Thorns|0 fnt\n|faint|p2a: Iron Thorns\n|-end|p2a: Iron Thorns|Quark Drive|[silent]\n|\n|win|079206025404h\n|raw|079206025404h's rating: 1870 &rarr; <strong>1887</strong><br />(+17 for winning)\n|raw|Dummylechonk's rating: 1810 &rarr; <strong>1793</strong><br />(-17 for losing)\n|l|\u2606Dummylechonk\n|player|p2|\n", "inputlog": ">version a8376a258c1d4662feba110a92103f3664a72141\n>start {\"formatid\":\"gen9randombattle\",\"seed\":\"sodium,e4bd1602095cda3bb6eba53b2fa7632d\",\"rated\":\"Rated battle\"}\n>player p1 {\"name\":\"079206025404h\",\"avatar\":\"2\",\"rating\":1870,\"seed\":\"sodium,a769092dfe008a01dac1c9ad3c57c444\"}\n>player p2 {\"name\":\"Dummylechonk\",\"avatar\":\"swimmerf\",\"rating\":1810,\"seed\":\"sodium,d84dc92d0ea56eb016cf5bb42189a522\"}\n>p1 move dragondance\n>p2 switch 5\n>p1 move outrage\n>p2 move haze\n>p1 move outrage\n>p2 move recover\n>p1 move outrage\n>p2 move recover\n>p1 switch 2\n>p2 move scald\n>p1 move malignantchain\n>p2 switch 3\n>p1 move partingshot\n>p2 move earthquake\n>p1 switch 3\n>p1 move dragontail\n>p2 switch 6\n>p1 move scald\n>p2 move gunkshot\n>p1 switch 5\n>p2 move gunkshot\n>p1 move curse\n>p2 switch 4\n>p1 move earthquake\n>p2 move nuzzle\n>p2 switch 3\n>p1 move bodyslam\n>p2 move haze\n>p1 move bodyslam\n>p2 move scald\n>p1 move curse\n>p2 move recover\n>p1 move bodyslam\n>p2 switch 5\n>p1 switch 2\n>p2 move leafstorm\n>p1 move dragondance\n>p2 move spiritshackle terastallize\n>p1 move heatcrash\n>p2 move spiritshackle\n>p1 switch 5\n>p1 move icebeam\n>p2 switch 6\n>p1 move recover\n>p2 move sparklingaria\n>p1 move dragontail\n>p2 move freezedry\n>p1 move icebeam\n>p2 move curse\n>p1 move dragontail\n>p2 move earthquake\n>p1 move recover\n>p2 move voltswitch\n>p2 switch 4\n>p1 switch 2\n>p2 move freezedry\n>p1 move curse\n>p2 switch 6\n>p1 move earthquake\n>p2 move uturn\n>p2 switch 5\n>p1 move bodyslam\n>p2 move scald\n>p1 move bodyslam\n>p2 move recover\n>p1 move bodyslam\n>p2 switch 5\n>p1 switch 3\n>p2 move leafstorm\n>p1 move shadowball\n>p2 move spiritshackle\n>p2 switch 5\n>p1 move shadowball\n>p2 move scald\n>p1 switch 3\n>p1 move rest\n>p2 switch 4\n>p1 move rest\n>p2 move stoneedge\n>p1 switch 2\n>p1 move scald\n>p2 move wildcharge\n>p1 switch 6\n>p1 move psychocut\n>p2 switch 2\n>p2 switch 6\n>p1 move psychocut\n>p2 move rest\n>p1 move psychocut\n>p2 move sleeptalk\n>p1 move psychocut\n>p2 move sleeptalk\n>p2 switch 4\n>p1 move psychocut\n>p2 move recover\n>chat \u2606079206025404h|ggwp\n>p2 switch 2\n>p1 move psychocut\n>p2 move voltswitch\n>p1 switch 4\n>p1 move psyshock\n>p2 move wildcharge", "uploadtime": 1781432167, "views": 21, "formatid": "gen9randombattle", "rating": 1793, "private": 0, "password": null}