{"id": "gen9randombattle-2631951143", "format": "[Gen 9] Random Battle", "players": ["ahuramazda2", "evidencias"], "log": "|j|\u2606ahuramazda2\n|j|\u2606evidencias\n|t:|1781459147\n|gametype|singles\n|player|p1|ahuramazda2|169|1946\n|player|p2|evidencias|rosa|1923\n|gen|9\n|tier|[Gen 9] Random Battle\n|rated|\n|rule|Species Clause: Limit one of each Pok\u00e9mon\n|rule|HP Percentage Mod: HP is shown in percentages\n|rule|Sleep Clause Mod: Limit one foe put to sleep\n|rule|Illusion Level Mod: Illusion disguises the Pok\u00e9mon's true level\n|\n|t:|1781459147\n|teamsize|p1|6\n|teamsize|p2|6\n|start\n|switch|p1a: Abomasnow|Abomasnow, L84, M|287/287\n|switch|p2a: Arceus|Arceus-Ground, L70|284/284\n|-weather|Snowscape|[from] ability: Snow Warning|[of] p1a: Abomasnow\n|turn|1\n|inactive|Battle timer is ON: inactive players will automatically lose when time's up. (requested by evidencias)\n|inactive|ahuramazda2 also wants the timer to be on.\n|\n|t:|1781459164\n|switch|p1a: Oricorio|Oricorio, L84, F|263/263\n|move|p2a: Arceus|Fire Blast|p1a: Oricorio\n|-resisted|p1a: Oricorio\n|-damage|p1a: Oricorio|225/263\n|\n|-weather|Snowscape|[upkeep]\n|upkeep\n|turn|2\n|\n|t:|1781459186\n|switch|p2a: Dachsbun|Dachsbun, L92, F|254/254\n|switch|p1a: Smeargle|Smeargle, L95, M|258/258\n|\n|-weather|Snowscape|[upkeep]\n|upkeep\n|turn|3\n|\n|t:|1781459195\n|move|p2a: Dachsbun|Play Rough|p1a: Smeargle\n|-damage|p1a: Smeargle|102/258\n|move|p1a: Smeargle|Spore|p2a: Dachsbun\n|-status|p2a: Dachsbun|slp|[from] move: Spore\n|\n|-weather|Snowscape|[upkeep]\n|upkeep\n|turn|4\n|inactive|evidencias has 120 seconds left.\n|inactive|evidencias has 90 seconds left.\n|\n|t:|1781459275\n|switch|p2a: Spidops|Spidops, L96, M|271/271\n|move|p1a: Smeargle|Sticky Web|p2a: Spidops\n|-sidestart|p2: evidencias|move: Sticky Web\n|\n|-weather|Snowscape|[upkeep]\n|upkeep\n|turn|5\n|\n|t:|1781459293\n|move|p1a: Smeargle|Stealth Rock|p2a: Spidops\n|-sidestart|p2: evidencias|move: Stealth Rock\n|move|p2a: Spidops|Knock Off|p1a: Smeargle\n|-damage|p1a: Smeargle|0 fnt\n|-enditem|p1a: Smeargle|Focus Sash|[from] move: Knock Off|[of] p2a: Spidops\n|faint|p1a: Smeargle\n|\n|-weather|none\n|upkeep\n|\n|t:|1781459307\n|switch|p1a: Oricorio|Oricorio, L84, F|225/263\n|turn|6\n|\n|t:|1781459310\n|move|p1a: Oricorio|Revelation Dance|p2a: Spidops\n|-supereffective|p2a: Spidops\n|-damage|p2a: Spidops|95/271\n|move|p2a: Spidops|Circle Throw|p1a: Oricorio\n|-resisted|p1a: Oricorio\n|-damage|p1a: Oricorio|197/263\n|drag|p1a: Garchomp|Garchomp, L74, F|282/282\n|\n|upkeep\n|turn|7\n|inactive|evidencias has 90 seconds left.\n|\n|t:|1781459324\n|move|p1a: Garchomp|Outrage|p2a: Spidops\n|-damage|p2a: Spidops|0 fnt\n|faint|p2a: Spidops\n|\n|upkeep\n|\n|t:|1781459336\n|switch|p2a: Cramorant|Cramorant, L86, F|261/261\n|turn|8\n|\n|t:|1781459338\n|move|p2a: Cramorant|Defog|p1a: Garchomp\n|-unboost|p1a: Garchomp|evasion|1\n|-sideend|p2: evidencias|Stealth Rock|[from] move: Defog|[of] p2a: Cramorant\n|-sideend|p2: evidencias|Sticky Web|[from] move: Defog|[of] p2a: Cramorant\n|move|p1a: Garchomp|Outrage|p2a: Cramorant|[from] lockedmove\n|-damage|p2a: Cramorant|77/261\n|\n|upkeep\n|turn|9\n|\n|t:|1781459344\n|move|p2a: Cramorant|Surf|p1a: Garchomp\n|-formechange|p2a: Cramorant|Cramorant-Gorging|\n|-damage|p1a: Garchomp|183/282\n|move|p1a: Garchomp|Outrage|p2a: Cramorant|[from] lockedmove\n|-damage|p2a: Cramorant|0 fnt\n|-damage|p1a: Garchomp|113/282|[from] ability: Gulp Missile|[of] p2a: Cramorant\n|-status|p1a: Garchomp|par\n|-formechange|p2a: Cramorant|Cramorant|\n|faint|p2a: Cramorant\n|-start|p1a: Garchomp|confusion|[fatigue]\n|\n|upkeep\n|inactive|evidencias has 90 seconds left.\n|\n|t:|1781459361\n|switch|p2a: Dachsbun|Dachsbun, L92, F|254/254 slp\n|turn|10\n|\n|t:|1781459367\n|cant|p2a: Dachsbun|slp\n|-activate|p1a: Garchomp|confusion\n|move|p1a: Garchomp|Spikes|p2a: Dachsbun\n|-sidestart|p2: evidencias|Spikes\n|\n|upkeep\n|turn|11\n|\n|t:|1781459373\n|-curestatus|p2a: Dachsbun|slp|[msg]\n|move|p2a: Dachsbun|Play Rough|p1a: Garchomp\n|-supereffective|p1a: Garchomp\n|-damage|p1a: Garchomp|0 fnt\n|-damage|p2a: Dachsbun|223/254|[from] ability: Rough Skin|[of] p1a: Garchomp\n|-damage|p2a: Dachsbun|181/254|[from] item: Rocky Helmet|[of] p1a: Garchomp\n|faint|p1a: Garchomp\n|\n|-heal|p2a: Dachsbun|196/254|[from] item: Leftovers\n|upkeep\n|\n|t:|1781459379\n|switch|p1a: Abomasnow|Abomasnow, L84, M|287/287\n|-weather|Snowscape|[from] ability: Snow Warning|[of] p1a: Abomasnow\n|turn|12\n|\n|t:|1781459387\n|switch|p2a: Minun|Minun, L95, M|268/268\n|-damage|p2a: Minun|235/268|[from] Spikes\n|move|p1a: Abomasnow|Aurora Veil|p1a: Abomasnow\n|-sidestart|p1: ahuramazda2|move: Aurora Veil\n|\n|-weather|Snowscape|[upkeep]\n|upkeep\n|turn|13\n|\n|t:|1781459393\n|move|p2a: Minun|Nasty Plot|p2a: Minun\n|-boost|p2a: Minun|spa|2\n|move|p1a: Abomasnow|Earthquake|p2a: Minun\n|-supereffective|p2a: Minun\n|-damage|p2a: Minun|43/268\n|\n|-weather|Snowscape|[upkeep]\n|upkeep\n|turn|14\n|\n|t:|1781459399\n|move|p1a: Abomasnow|Ice Shard|p2a: Minun\n|-damage|p2a: Minun|0 fnt\n|faint|p2a: Minun\n|\n|-weather|Snowscape|[upkeep]\n|upkeep\n|\n|t:|1781459405\n|switch|p2a: Arceus|Arceus-Ground, L70|284/284\n|-damage|p2a: Arceus|249/284|[from] Spikes\n|turn|15\n|\n|t:|1781459412\n|move|p2a: Arceus|Calm Mind|p2a: Arceus\n|-boost|p2a: Arceus|spa|1\n|-boost|p2a: Arceus|spd|1\n|move|p1a: Abomasnow|Blizzard|p2a: Arceus\n|-supereffective|p2a: Arceus\n|-damage|p2a: Arceus|111/284\n|\n|-weather|Snowscape|[upkeep]\n|upkeep\n|turn|16\n|\n|t:|1781459415\n|move|p2a: Arceus|Fire Blast|p1a: Abomasnow\n|-supereffective|p1a: Abomasnow\n|-crit|p1a: Abomasnow\n|-damage|p1a: Abomasnow|0 fnt\n|faint|p1a: Abomasnow\n|\n|-weather|none\n|upkeep\n|\n|t:|1781459433\n|switch|p1a: Minun|Minun, L95, M|268/268\n|turn|17\n|\n|t:|1781459443\n|move|p1a: Minun|Nasty Plot|p1a: Minun\n|-boost|p1a: Minun|spa|2\n|move|p2a: Arceus|Judgment|p1a: Minun\n|-supereffective|p1a: Minun\n|-damage|p1a: Minun|112/268\n|\n|upkeep\n|turn|18\n|\n|t:|1781459463\n|-terastallize|p1a: Minun|Grass\n|move|p1a: Minun|Grass Knot|p2a: Arceus\n|-supereffective|p2a: Arceus\n|-damage|p2a: Arceus|0 fnt\n|faint|p2a: Arceus\n|-damage|p1a: Minun|86/268|[from] item: Life Orb\n|\n|upkeep\n|\n|t:|1781459468\n|switch|p2a: Reshiram|Reshiram, L76|277/277\n|-ability|p2a: Reshiram|Turboblaze\n|turn|19\n|\n|t:|1781459476\n|move|p1a: Minun|Alluring Voice|p2a: Reshiram\n|-damage|p2a: Reshiram|135/277\n|-damage|p1a: Minun|60/268|[from] item: Life Orb\n|move|p2a: Reshiram|Dragon Dance|p2a: Reshiram\n|-boost|p2a: Reshiram|atk|1\n|-boost|p2a: Reshiram|spe|1\n|\n|-sideend|p1: ahuramazda2|move: Aurora Veil\n|upkeep\n|turn|20\n|\n|t:|1781459484\n|move|p2a: Reshiram|Flare Blitz|p1a: Minun\n|-supereffective|p1a: Minun\n|-damage|p1a: Minun|0 fnt\n|faint|p1a: Minun\n|-damage|p2a: Reshiram|115/277|[from] Recoil\n|\n|upkeep\n|\n|t:|1781459490\n|switch|p1a: Oricorio|Oricorio, L84, F|197/263\n|turn|21\n|\n|t:|1781459498\n|move|p2a: Reshiram|Outrage|p1a: Oricorio\n|-damage|p1a: Oricorio|0 fnt\n|faint|p1a: Oricorio\n|\n|upkeep\n|\n|t:|1781459500\n|switch|p1a: Kommo-o|Kommo-o, L78, F|245/245\n|turn|22\n|\n|t:|1781459506\n|move|p2a: Reshiram|Outrage|p1a: Kommo-o|[from] lockedmove\n|-supereffective|p1a: Kommo-o\n|-damage|p1a: Kommo-o|0 fnt\n|faint|p1a: Kommo-o\n|\n|win|evidencias\n", "inputlog": ">version a8376a258c1d4662feba110a92103f3664a72141\n>start {\"formatid\":\"gen9randombattle\",\"seed\":\"sodium,c00f59841d6b63ab6d1988f2affd572a\",\"rated\":\"Rated battle\"}\n>player p1 {\"name\":\"ahuramazda2\",\"avatar\":\"169\",\"rating\":1946,\"seed\":\"sodium,36cb4fab5788abd9cced3b3195518061\"}\n>player p2 {\"name\":\"evidencias\",\"avatar\":\"rosa\",\"rating\":1923,\"seed\":\"sodium,6183c53c5ac2d362fd221bd638c95a7b\"}\n>p1 switch 3\n>p2 move fireblast\n>p1 switch 4\n>p2 switch 6\n>p1 move spore\n>p2 move playrough\n>p1 move stickyweb\n>p2 switch 2\n>p1 move stealthrock\n>p2 move knockoff\n>p1 switch 4\n>p1 move revelationdance\n>p2 move circlethrow\n>p1 move outrage\n>p2 move knockoff\n>p2 switch 4\n>p1 move outrage\n>p2 move defog\n>p1 move outrage\n>p2 move surf\n>p2 switch 2\n>p1 move spikes\n>p2 move playrough\n>p1 move spikes\n>p2 move playrough\n>p1 switch 3\n>p1 move auroraveil\n>p2 switch 5\n>p1 move earthquake\n>p2 move nastyplot\n>p1 move iceshard\n>p2 move thunderbolt\n>p2 switch 6\n>p1 move blizzard\n>p2 move calmmind\n>p1 move blizzard\n>p2 move fireblast\n>p1 switch 2\n>p1 move nastyplot\n>p2 move judgment\n>p1 move grassknot terastallize\n>p2 move judgment\n>p2 switch 3\n>p1 move alluringvoice\n>p2 move dragondance\n>p1 move alluringvoice\n>p2 move flareblitz\n>p1 switch 6\n>p1 move hurricane\n>p2 move outrage\n>p1 switch 5\n>p1 move clangingscales\n>p2 move outrage", "uploadtime": 1781459150, "views": 5, "formatid": "gen9randombattle", "rating": null, "private": 0, "password": null}