{"id": "gen9randombattle-2631437252", "format": "[Gen 9] Random Battle", "players": ["HudsonStyles30", "Pokeoke"], "log": "|j|\u2606HudsonStyles30\n|j|\u2606Pokeoke\n|t:|1781384558\n|gametype|singles\n|player|p1|HudsonStyles30|266|2059\n|player|p2|Pokeoke|101|2082\n|gen|9\n|tier|[Gen 9] Random Battle\n|rated|\n|rule|Species Clause: Limit one of each Pok\u00e9mon\n|rule|HP Percentage Mod: HP is shown in percentages\n|rule|Sleep Clause Mod: Limit one foe put to sleep\n|rule|Illusion Level Mod: Illusion disguises the Pok\u00e9mon's true level\n|\n|t:|1781384558\n|teamsize|p1|6\n|teamsize|p2|6\n|start\n|switch|p1a: Lokix|Lokix, L82, M|251/251\n|switch|p2a: Tatsugiri|Tatsugiri, L87, F|260/260\n|turn|1\n|\n|t:|1781384582\n|switch|p2a: Avalugg|Avalugg-Hisui, L90, M|317/317\n|move|p1a: Lokix|Knock Off|p2a: Avalugg\n|-damage|p2a: Avalugg|247/317\n|-enditem|p2a: Avalugg|Heavy-Duty Boots|[from] move: Knock Off|[of] p1a: Lokix\n|-damage|p1a: Lokix|226/251|[from] item: Life Orb\n|\n|upkeep\n|turn|2\n|\n|t:|1781384593\n|switch|p1a: Urshifu|Urshifu-Rapid-Strike, L75, M|274/274\n|move|p2a: Avalugg|Stone Edge|p1a: Urshifu\n|-resisted|p1a: Urshifu\n|-damage|p1a: Urshifu|199/274\n|\n|upkeep\n|turn|3\n|\n|t:|1781384618\n|switch|p2a: Vivillon|Vivillon-Modern, L83, M|268/268\n|move|p1a: Urshifu|Close Combat|p2a: Vivillon\n|-resisted|p2a: Vivillon\n|-damage|p2a: Vivillon|206/268\n|-unboost|p1a: Urshifu|def|1\n|-unboost|p1a: Urshifu|spd|1\n|-damage|p1a: Urshifu|172/274|[from] item: Life Orb\n|\n|upkeep\n|turn|4\n|\n|t:|1781384639\n|switch|p1a: Coalossal|Coalossal, L89, F|341/341\n|move|p2a: Vivillon|Sleep Powder|p1a: Coalossal\n|-status|p1a: Coalossal|slp|[from] move: Sleep Powder\n|\n|upkeep\n|turn|5\n|\n|t:|1781384645\n|switch|p2a: Tatsugiri|Tatsugiri, L87, F|260/260\n|cant|p1a: Coalossal|slp\n|\n|upkeep\n|turn|6\n|\n|t:|1781384656\n|switch|p1a: Altaria|Altaria, L89, F|278/278\n|move|p2a: Tatsugiri|Surf|p1a: Altaria\n|-resisted|p1a: Altaria\n|-damage|p1a: Altaria|233/278\n|\n|upkeep\n|turn|7\n|\n|t:|1781384680\n|switch|p1a: Calyrex|Calyrex, L93|337/337\n|-ability|p1a: Calyrex|Unnerve\n|move|p2a: Tatsugiri|Draco Meteor|p1a: Calyrex\n|-damage|p1a: Calyrex|159/337\n|-unboost|p2a: Tatsugiri|spa|2\n|\n|-heal|p1a: Calyrex|180/337|[from] item: Leftovers\n|upkeep\n|turn|8\n|\n|t:|1781384691\n|switch|p2a: Espeon|Espeon, L84, F|246/246\n|move|p1a: Calyrex|Leech Seed|p2a: Espeon\n|move|p2a: Espeon|Leech Seed|p1a: Calyrex|[from] ability: Magic Bounce\n|-immune|p1a: Calyrex\n|\n|-heal|p1a: Calyrex|201/337|[from] item: Leftovers\n|upkeep\n|turn|9\n|inactive|Battle timer is ON: inactive players will automatically lose when time's up. (requested by Pokeoke)\n|\n|t:|1781384727\n|switch|p1a: Lokix|Lokix, L82, M|226/251\n|move|p2a: Espeon|Alluring Voice|p1a: Lokix\n|-supereffective|p1a: Lokix\n|-damage|p1a: Lokix|0 fnt\n|faint|p1a: Lokix\n|-damage|p2a: Espeon|222/246|[from] item: Life Orb\n|\n|upkeep\n|\n|t:|1781384740\n|switch|p1a: Altaria|Altaria, L89, F|233/278\n|turn|10\n|\n|t:|1781384745\n|switch|p2a: Avalugg|Avalugg-Hisui, L90, M|247/317\n|move|p1a: Altaria|Brave Bird|p2a: Avalugg\n|-resisted|p2a: Avalugg\n|-damage|p2a: Avalugg|219/317\n|-damage|p1a: Altaria|224/278|[from] Recoil\n|\n|upkeep\n|turn|11\n|\n|t:|1781384751\n|move|p1a: Altaria|Will-O-Wisp|p2a: Avalugg\n|-status|p2a: Avalugg|brn\n|move|p2a: Avalugg|Recover|p2a: Avalugg\n|-heal|p2a: Avalugg|317/317 brn\n|\n|-damage|p2a: Avalugg|298/317 brn|[from] brn\n|upkeep\n|turn|12\n|\n|t:|1781384766\n|switch|p1a: Coalossal|Coalossal, L89, F|341/341 slp\n|move|p2a: Avalugg|Avalanche|p1a: Coalossal\n|-resisted|p1a: Coalossal\n|-damage|p1a: Coalossal|323/341 slp\n|\n|-damage|p2a: Avalugg|279/317 brn|[from] brn\n|upkeep\n|turn|13\n|\n|t:|1781384772\n|switch|p2a: Tatsugiri|Tatsugiri, L87, F|260/260\n|cant|p1a: Coalossal|slp\n|\n|upkeep\n|turn|14\n|\n|t:|1781384782\n|switch|p1a: Calyrex|Calyrex, L93|201/337\n|-ability|p1a: Calyrex|Unnerve\n|move|p2a: Tatsugiri|Rapid Spin|p1a: Calyrex\n|-damage|p1a: Calyrex|178/337\n|-boost|p2a: Tatsugiri|spe|1\n|\n|-heal|p1a: Calyrex|199/337|[from] item: Leftovers\n|upkeep\n|turn|15\n|\n|t:|1781384789\n|move|p2a: Tatsugiri|Nasty Plot|p2a: Tatsugiri\n|-boost|p2a: Tatsugiri|spa|2\n|move|p1a: Calyrex|Psychic|p2a: Tatsugiri\n|-damage|p2a: Tatsugiri|173/260\n|\n|-heal|p1a: Calyrex|220/337|[from] item: Leftovers\n|upkeep\n|turn|16\n|\n|t:|1781384806\n|move|p2a: Tatsugiri|Draco Meteor|p1a: Calyrex\n|-damage|p1a: Calyrex|0 fnt\n|-unboost|p2a: Tatsugiri|spa|2\n|faint|p1a: Calyrex\n|\n|upkeep\n|\n|t:|1781384813\n|switch|p1a: Lucario|Lucario, L84, F|255/255\n|turn|17\n|\n|t:|1781384831\n|move|p2a: Tatsugiri|Surf|p1a: Lucario\n|-damage|p1a: Lucario|123/255\n|move|p1a: Lucario|Close Combat|p2a: Tatsugiri\n|-damage|p2a: Tatsugiri|0 fnt\n|-unboost|p1a: Lucario|def|1\n|-unboost|p1a: Lucario|spd|1\n|faint|p2a: Tatsugiri\n|\n|upkeep\n|\n|t:|1781384841\n|switch|p2a: Vivillon|Vivillon-Modern, L83, M|206/268\n|turn|18\n|\n|t:|1781384861\n|switch|p1a: Coalossal|Coalossal, L89, F|323/341 slp\n|move|p2a: Vivillon|Hurricane|p1a: Coalossal\n|-resisted|p1a: Coalossal\n|-damage|p1a: Coalossal|269/341 slp\n|\n|upkeep\n|turn|19\n|\n|t:|1781384873\n|switch|p2a: Avalugg|Avalugg-Hisui, L90, M|279/317 brn\n|-curestatus|p1a: Coalossal|slp|[msg]\n|move|p1a: Coalossal|Stone Edge|p2a: Avalugg\n|-supereffective|p2a: Avalugg\n|-damage|p2a: Avalugg|169/317 brn\n|\n|-damage|p2a: Avalugg|150/317 brn|[from] brn\n|upkeep\n|turn|20\n|\n|t:|1781384883\n|move|p2a: Avalugg|Body Press|p1a: Coalossal\n|-supereffective|p1a: Coalossal\n|-damage|p1a: Coalossal|189/341\n|move|p1a: Coalossal|Rapid Spin|p2a: Avalugg\n|-resisted|p2a: Avalugg\n|-damage|p2a: Avalugg|141/317 brn\n|-boost|p1a: Coalossal|spe|1\n|\n|-damage|p2a: Avalugg|122/317 brn|[from] brn\n|upkeep\n|turn|21\n|\n|t:|1781384894\n|move|p1a: Coalossal|Rapid Spin|p2a: Avalugg\n|-resisted|p2a: Avalugg\n|-damage|p2a: Avalugg|112/317 brn\n|-boost|p1a: Coalossal|spe|1\n|move|p2a: Avalugg|Body Press|p1a: Coalossal\n|-supereffective|p1a: Coalossal\n|-damage|p1a: Coalossal|112/341\n|\n|-damage|p2a: Avalugg|93/317 brn|[from] brn\n|upkeep\n|turn|22\n|\n|t:|1781384903\n|move|p1a: Coalossal|Rapid Spin|p2a: Avalugg\n|-resisted|p2a: Avalugg\n|-damage|p2a: Avalugg|85/317 brn\n|-boost|p1a: Coalossal|spe|1\n|move|p2a: Avalugg|Body Press|p1a: Coalossal\n|-supereffective|p1a: Coalossal\n|-damage|p1a: Coalossal|34/341\n|\n|-damage|p2a: Avalugg|66/317 brn|[from] brn\n|upkeep\n|turn|23\n|\n|t:|1781384910\n|move|p1a: Coalossal|Stone Edge|p2a: Avalugg\n|-supereffective|p2a: Avalugg\n|-damage|p2a: Avalugg|0 fnt\n|faint|p2a: Avalugg\n|\n|upkeep\n|\n|t:|1781384920\n|switch|p2a: Ambipom|Ambipom, L84, F|263/263\n|turn|24\n|\n|t:|1781384930\n|-terastallize|p2a: Ambipom|Normal\n|move|p2a: Ambipom|Fake Out|p1a: Coalossal\n|-resisted|p1a: Coalossal\n|-damage|p1a: Coalossal|0 fnt\n|faint|p1a: Coalossal\n|\n|upkeep\n|\n|t:|1781384938\n|switch|p1a: Altaria|Altaria, L89, F|224/278\n|turn|25\n|\n|t:|1781384947\n|switch|p2a: Espeon|Espeon, L84, F|222/246\n|move|p1a: Altaria|Will-O-Wisp|p2a: Espeon\n|move|p2a: Espeon|Will-O-Wisp|p1a: Altaria|[from] ability: Magic Bounce\n|-status|p1a: Altaria|brn\n|\n|-damage|p1a: Altaria|207/278 brn|[from] brn\n|upkeep\n|turn|26\n|\n|t:|1781384954\n|move|p2a: Espeon|Psyshock|p1a: Altaria\n|-damage|p1a: Altaria|69/278 brn\n|-damage|p2a: Espeon|198/246|[from] item: Life Orb\n|move|p1a: Altaria|Brave Bird|p2a: Espeon\n|-damage|p2a: Espeon|129/246\n|-damage|p1a: Altaria|46/278 brn|[from] Recoil\n|\n|-damage|p1a: Altaria|29/278 brn|[from] brn\n|upkeep\n|turn|27\n|\n|t:|1781384958\n|move|p2a: Espeon|Psyshock|p1a: Altaria\n|-damage|p1a: Altaria|0 fnt\n|faint|p1a: Altaria\n|-damage|p2a: Espeon|105/246|[from] item: Life Orb\n|\n|upkeep\n|\n|t:|1781384973\n|switch|p1a: Lucario|Lucario, L84, F|123/255\n|turn|28\n|\n|t:|1781384985\n|move|p1a: Lucario|Extreme Speed|p2a: Espeon\n|-damage|p2a: Espeon|0 fnt\n|faint|p2a: Espeon\n|\n|upkeep\n|\n|t:|1781384993\n|switch|p2a: Ambipom|Ambipom, L84, F, tera:Normal|263/263\n|turn|29\n|\n|t:|1781385024\n|switch|p1a: Urshifu|Urshifu-Rapid-Strike, L75, M|172/274\n|move|p2a: Ambipom|Fake Out|p1a: Urshifu\n|-damage|p1a: Urshifu|66/274\n|\n|upkeep\n|turn|30\n|\n|t:|1781385033\n|switch|p2a: Vivillon|Vivillon-Modern, L83, M|206/268\n|move|p1a: Urshifu|Aqua Jet|p2a: Vivillon\n|-damage|p2a: Vivillon|128/268\n|-damage|p1a: Urshifu|39/274|[from] item: Life Orb\n|\n|upkeep\n|turn|31\n|\n|t:|1781385046\n|move|p1a: Urshifu|Aqua Jet|p2a: Vivillon\n|-damage|p2a: Vivillon|42/268\n|-damage|p1a: Urshifu|12/274|[from] item: Life Orb\n|move|p2a: Vivillon|Bug Buzz|p1a: Urshifu\n|-resisted|p1a: Urshifu\n|-damage|p1a: Urshifu|0 fnt\n|faint|p1a: Urshifu\n|\n|upkeep\n|\n|t:|1781385048\n|switch|p1a: Lucario|Lucario, L84, F|123/255\n|turn|32\n|\n|t:|1781385058\n|-terastallize|p1a: Lucario|Normal\n|move|p1a: Lucario|Extreme Speed|p2a: Vivillon\n|-damage|p2a: Vivillon|0 fnt\n|faint|p2a: Vivillon\n|\n|upkeep\n|\n|t:|1781385062\n|switch|p2a: Ambipom|Ambipom, L84, F, tera:Normal|263/263\n|turn|33\n|\n|t:|1781385064\n|move|p2a: Ambipom|Fake Out|p1a: Lucario\n|-damage|p1a: Lucario|11/255\n|cant|p1a: Lucario|flinch\n|\n|upkeep\n|turn|34\n|\n|t:|1781385066\n|switch|p2a: Jolteon|Jolteon, L84, M|246/246\n|move|p1a: Lucario|Extreme Speed|p2a: Jolteon\n|-damage|p2a: Jolteon|51/246\n|\n|-heal|p2a: Jolteon|66/246|[from] item: Leftovers\n|upkeep\n|turn|35\n|\n|t:|1781385068\n|move|p1a: Lucario|Extreme Speed|p2a: Jolteon\n|-damage|p2a: Jolteon|0 fnt\n|faint|p2a: Jolteon\n|\n|upkeep\n|\n|t:|1781385070\n|switch|p2a: Ambipom|Ambipom, L84, F, tera:Normal|263/263\n|turn|36\n|\n|t:|1781385071\n|move|p2a: Ambipom|Fake Out|p1a: Lucario\n|-damage|p1a: Lucario|0 fnt\n|faint|p1a: Lucario\n|\n|win|Pokeoke\n", "uploadtime": 1781384560, "views": 10, "formatid": "gen9randombattle", "rating": null, "private": 0, "password": null}