{"id": "gen9randombattle-2631729524", "format": "[Gen 9] Random Battle", "players": ["drjfg", "romcou"], "log": "|j|\u2606drjfg\n|j|\u2606romcou\n|t:|1781429904\n|gametype|singles\n|player|p1|drjfg|101|1915\n|player|p2|romcou|266|1911\n|gen|9\n|tier|[Gen 9] Random Battle\n|rated|\n|rule|Species Clause: Limit one of each Pok\u00e9mon\n|rule|HP Percentage Mod: HP is shown in percentages\n|rule|Sleep Clause Mod: Limit one foe put to sleep\n|rule|Illusion Level Mod: Illusion disguises the Pok\u00e9mon's true level\n|\n|t:|1781429904\n|teamsize|p1|6\n|teamsize|p2|6\n|start\n|switch|p1a: Swanna|Swanna, L89, F|278/278\n|switch|p2a: Volcanion|Volcanion, L79|255/255\n|turn|1\n|inactive|Battle timer is ON: inactive players will automatically lose when time's up. (requested by drjfg)\n|inactive|romcou has 120 seconds left.\n|\n|t:|1781429943\n|move|p1a: Swanna|Brave Bird|p2a: Volcanion\n|-damage|p2a: Volcanion|149/255\n|-damage|p1a: Swanna|243/278|[from] Recoil\n|move|p2a: Volcanion|Steam Eruption|p1a: Swanna|[miss]\n|-miss|p2a: Volcanion|p1a: Swanna\n|\n|upkeep\n|turn|2\n|\n|t:|1781429953\n|move|p1a: Swanna|Brave Bird|p2a: Volcanion\n|-damage|p2a: Volcanion|37/255\n|-damage|p1a: Swanna|206/278|[from] Recoil\n|move|p2a: Volcanion|Flame Charge|p1a: Swanna\n|-resisted|p1a: Swanna\n|-damage|p1a: Swanna|176/278\n|-boost|p2a: Volcanion|spe|1\n|\n|upkeep\n|turn|3\n|\n|t:|1781429959\n|move|p2a: Volcanion|Steam Eruption|p1a: Swanna\n|-resisted|p1a: Swanna\n|-damage|p1a: Swanna|99/278\n|move|p1a: Swanna|Brave Bird|p2a: Volcanion\n|-damage|p2a: Volcanion|0 fnt\n|faint|p2a: Volcanion\n|-damage|p1a: Swanna|87/278|[from] Recoil\n|\n|upkeep\n|\n|t:|1781429967\n|switch|p2a: Meowstic|Meowstic, L89, M|277/277\n|turn|4\n|\n|t:|1781429973\n|move|p2a: Meowstic|Psychic Noise|p1a: Swanna\n|-damage|p1a: Swanna|0 fnt\n|faint|p1a: Swanna\n|\n|upkeep\n|\n|t:|1781429976\n|switch|p1a: Flutter Mane|Flutter Mane, L74|203/203\n|turn|5\n|\n|t:|1781429981\n|switch|p2a: Furret|Furret, L94, F|312/312\n|-item|p1a: Flutter Mane|Life Orb|[from] ability: Frisk|[of] p2a: Furret\n|move|p1a: Flutter Mane|Shadow Ball|p2a: Furret\n|-immune|p2a: Furret\n|\n|upkeep\n|turn|6\n|\n|t:|1781429986\n|-end|p1a: Flutter Mane|Protosynthesis|[silent]\n|switch|p1a: Iron Hands|Iron Hands, L79|373/373\n|move|p2a: Furret|Tidy Up|p2a: Furret\n|-boost|p2a: Furret|atk|1\n|-boost|p2a: Furret|spe|1\n|\n|upkeep\n|turn|7\n|\n|t:|1781429990\n|switch|p2a: Arbok|Arbok, L87, M|246/246\n|-ability|p2a: Arbok|Intimidate|boost\n|-unboost|p1a: Iron Hands|atk|1\n|move|p1a: Iron Hands|Drain Punch|p2a: Arbok\n|-resisted|p2a: Arbok\n|-damage|p2a: Arbok|212/246\n|\n|upkeep\n|turn|8\n|\n|t:|1781429996\n|-end|p1a: Iron Hands|Quark Drive|[silent]\n|switch|p1a: Persian|Persian, L92, F|269/269\n|move|p2a: Arbok|Toxic Spikes|p1a: Persian\n|-sidestart|p1: drjfg|move: Toxic Spikes\n|\n|upkeep\n|turn|9\n|\n|t:|1781430006\n|move|p1a: Persian|Double-Edge|p2a: Arbok\n|-damage|p2a: Arbok|10/246\n|-damage|p1a: Persian|202/269|[from] Recoil\n|move|p2a: Arbok|Gunk Shot|p1a: Persian|[miss]\n|-miss|p2a: Arbok|p1a: Persian\n|\n|upkeep\n|turn|10\n|\n|t:|1781430015\n|move|p1a: Persian|Double-Edge|p2a: Arbok\n|-damage|p2a: Arbok|0 fnt\n|faint|p2a: Arbok\n|-damage|p1a: Persian|199/269|[from] Recoil\n|\n|upkeep\n|\n|t:|1781430019\n|switch|p2a: Meowstic|Meowstic, L89, M|277/277\n|turn|11\n|\n|t:|1781430023\n|move|p1a: Persian|Double-Edge|p2a: Meowstic\n|-damage|p2a: Meowstic|103/277\n|-damage|p1a: Persian|142/269|[from] Recoil\n|move|p2a: Meowstic|Psychic Noise|p1a: Persian\n|-damage|p1a: Persian|45/269\n|-start|p1a: Persian|move: Heal Block\n|\n|-heal|p2a: Meowstic|120/277|[from] item: Leftovers\n|upkeep\n|turn|12\n|\n|t:|1781430033\n|move|p2a: Meowstic|Thunder Wave|p1a: Persian\n|-immune|p1a: Persian|[from] ability: Limber\n|move|p1a: Persian|Double-Edge|p2a: Meowstic\n|-damage|p2a: Meowstic|0 fnt\n|faint|p2a: Meowstic\n|-damage|p1a: Persian|5/269|[from] Recoil\n|\n|-end|p1a: Persian|move: Heal Block\n|upkeep\n|\n|t:|1781430039\n|switch|p2a: Phione|Phione, L91|293/293\n|turn|13\n|\n|t:|1781430046\n|move|p1a: Persian|Double-Edge|p2a: Phione\n|-crit|p2a: Phione\n|-damage|p2a: Phione|23/293\n|-damage|p1a: Persian|0 fnt|[from] Recoil\n|faint|p1a: Persian\n|move|p2a: Phione|Take Heart|p2a: Phione\n|-boost|p2a: Phione|spa|1\n|-boost|p2a: Phione|spd|1\n|\n|-heal|p2a: Phione|41/293|[from] item: Leftovers\n|upkeep\n|\n|t:|1781430056\n|switch|p1a: Breloom|Breloom, L83, M|235/235\n|-status|p1a: Breloom|psn\n|turn|14\n|\n|t:|1781430062\n|move|p1a: Breloom|Mach Punch|p2a: Phione\n|-damage|p2a: Phione|0 fnt\n|faint|p2a: Phione\n|-damage|p1a: Breloom|212/235 psn|[from] item: Life Orb\n|\n|-damage|p1a: Breloom|183/235 psn|[from] psn\n|upkeep\n|\n|t:|1781430066\n|switch|p2a: Furret|Furret, L94, F|312/312\n|-item|p1a: Breloom|Life Orb|[from] ability: Frisk|[of] p2a: Furret\n|turn|15\n|\n|t:|1781430074\n|-terastallize|p2a: Furret|Ghost\n|move|p2a: Furret|Tidy Up|p2a: Furret\n|-sideend|p1: drjfg|Toxic Spikes\n|-activate|p2a: Furret|move: Tidy Up\n|-boost|p2a: Furret|atk|1\n|-boost|p2a: Furret|spe|1\n|move|p1a: Breloom|Rock Tomb|p2a: Furret\n|-damage|p2a: Furret|199/312\n|-unboost|p2a: Furret|spe|1\n|-damage|p1a: Breloom|160/235 psn|[from] item: Life Orb\n|\n|-damage|p1a: Breloom|131/235 psn|[from] psn\n|upkeep\n|turn|16\n|\n|t:|1781430082\n|move|p2a: Furret|Double-Edge|p1a: Breloom\n|-damage|p1a: Breloom|0 fnt\n|faint|p1a: Breloom\n|-damage|p2a: Furret|156/312|[from] Recoil\n|-damage|p2a: Furret|125/312|[from] item: Life Orb\n|\n|upkeep\n|\n|t:|1781430098\n|switch|p1a: Iron Hands|Iron Hands, L79|373/373\n|turn|17\n|\n|t:|1781430101\n|move|p2a: Furret|Double-Edge|p1a: Iron Hands\n|-damage|p1a: Iron Hands|122/373\n|-damage|p2a: Furret|42/312|[from] Recoil\n|-damage|p2a: Furret|11/312|[from] item: Life Orb\n|move|p1a: Iron Hands|Wild Charge|p2a: Furret\n|-damage|p2a: Furret|0 fnt\n|faint|p2a: Furret\n|-damage|p1a: Iron Hands|119/373|[from] Recoil\n|\n|-heal|p1a: Iron Hands|142/373|[from] item: Leftovers\n|upkeep\n|\n|t:|1781430106\n|switch|p2a: Gumshoos|Gumshoos, L95, M|321/321\n|turn|18\n|\n|t:|1781430125\n|move|p2a: Gumshoos|Earthquake|p1a: Iron Hands\n|-supereffective|p1a: Iron Hands\n|-damage|p1a: Iron Hands|0 fnt\n|faint|p1a: Iron Hands\n|-end|p1a: Iron Hands|Quark Drive|[silent]\n|\n|upkeep\n|\n|t:|1781430132\n|switch|p1a: Flutter Mane|Flutter Mane, L74|203/203\n|turn|19\n|\n|t:|1781430162\n|move|p1a: Flutter Mane|Moonblast|p2a: Gumshoos\n|-damage|p2a: Gumshoos|168/321\n|-damage|p1a: Flutter Mane|183/203|[from] item: Life Orb\n|move|p2a: Gumshoos|Earthquake|p1a: Flutter Mane\n|-damage|p1a: Flutter Mane|0 fnt\n|faint|p1a: Flutter Mane\n|-end|p1a: Flutter Mane|Protosynthesis|[silent]\n|\n|upkeep\n|\n|t:|1781430167\n|switch|p1a: Terapagos|Terapagos, L77, F|265/265\n|-activate|p1a: Terapagos|ability: Tera Shift\n|detailschange|p1a: Terapagos|Terapagos-Terastal, L77, F\n|-heal|p1a: Terapagos|273/273|[silent]\n|turn|20\n|\n|t:|1781430190\n|-terastallize|p1a: Terapagos|Stellar\n|detailschange|p1a: Terapagos|Terapagos-Stellar, L77, F, tera:Stellar\n|-heal|p1a: Terapagos|373/373|[silent]\n|move|p1a: Terapagos|Tera Starstorm|p2a: Gumshoos\n|-damage|p2a: Gumshoos|41/321\n|move|p2a: Gumshoos|Earthquake|p1a: Terapagos\n|-damage|p1a: Terapagos|230/373\n|\n|upkeep\n|turn|21\n|inactive|romcou has 120 seconds left.\n|\n|t:|1781430223\n|move|p1a: Terapagos|Tera Starstorm|p2a: Gumshoos\n|-damage|p2a: Gumshoos|0 fnt\n|faint|p2a: Gumshoos\n|\n|win|drjfg\n|raw|drjfg's rating: 1915 &rarr; <strong>1935</strong><br />(+20 for winning)\n|raw|romcou's rating: 1911 &rarr; <strong>1891</strong><br />(-20 for losing)\n", "inputlog": ">version a8376a258c1d4662feba110a92103f3664a72141\n>start {\"formatid\":\"gen9randombattle\",\"seed\":\"sodium,298cafa47db6f71f3667810be2d565fa\",\"rated\":\"Rated battle\"}\n>player p1 {\"name\":\"drjfg\",\"avatar\":\"101\",\"rating\":1915,\"seed\":\"sodium,966c982c3b78d6aafcad784bb914c39a\"}\n>player p2 {\"name\":\"romcou\",\"avatar\":\"266\",\"rating\":1911,\"seed\":\"sodium,e1aff606e094a1e4299cd2219c5bde0d\"}\n>p1 move bravebird\n>p2 move steameruption\n>p1 move bravebird\n>p2 move flamecharge\n>p1 move bravebird\n>p2 move steameruption\n>p2 switch 4\n>p1 move defog\n>p2 move psychicnoise\n>p1 switch 2\n>p1 move shadowball\n>p2 switch 5\n>p1 switch 5\n>p2 move tidyup\n>p1 move drainpunch\n>p2 switch 3\n>p1 switch 3\n>p2 move toxicspikes\n>p1 move doubleedge\n>p2 move gunkshot\n>p1 move doubleedge\n>p2 move gunkshot\n>p2 switch 5\n>p1 move doubleedge\n>p2 move psychicnoise\n>p1 move doubleedge\n>p2 move thunderwave\n>p2 switch 6\n>p1 move doubleedge\n>p2 move takeheart\n>p1 switch 6\n>p1 move machpunch\n>p2 move icebeam\n>p2 switch 3\n>p1 move rocktomb\n>p2 move tidyup terastallize\n>p1 move bulletseed\n>p2 move doubleedge\n>p1 switch 3\n>p1 move wildcharge\n>p2 move doubleedge\n>p2 switch 2\n>p1 move drainpunch\n>p2 move earthquake\n>p1 switch 5\n>p1 move moonblast\n>p2 move earthquake\n>p1 switch 4\n>p1 move terastarstorm terastallize\n>p2 move earthquake\n>p1 move terastarstorm\n>p2 move earthquake", "uploadtime": 1781429905, "views": 9, "formatid": "gen9randombattle", "rating": 1891, "private": 0, "password": null}