{"id": "gen9randombattle-2631640294", "format": "[Gen 9] Random Battle", "players": ["puffyy!!", "DerpyEspeon"], "log": "|j|\u2606puffyy!!\n|j|\u2606DerpyEspeon\n|t:|1781413212\n|gametype|singles\n|player|p1|puffyy!!|2|1278\n|player|p2|DerpyEspeon|sabrina|1326\n|gen|9\n|tier|[Gen 9] Random Battle\n|rated|\n|rule|Species Clause: Limit one of each Pok\u00e9mon\n|rule|HP Percentage Mod: HP is shown in percentages\n|rule|Sleep Clause Mod: Limit one foe put to sleep\n|rule|Illusion Level Mod: Illusion disguises the Pok\u00e9mon's true level\n|\n|t:|1781413212\n|teamsize|p1|6\n|teamsize|p2|6\n|start\n|switch|p1a: Zapdos|Zapdos, L78|268/268\n|switch|p2a: Typhlosion|Typhlosion-Hisui, L83, F|257/257\n|turn|1\n|inactive|Battle timer is ON: inactive players will automatically lose when time's up. (requested by DerpyEspeon)\n|\n|t:|1781413221\n|switch|p1a: Latios|Latios, L78, M|253/253\n|move|p2a: Typhlosion|Eruption|p1a: Latios\n|-resisted|p1a: Latios\n|-damage|p1a: Latios|175/253\n|\n|upkeep\n|turn|2\n|\n|t:|1781413232\n|switch|p2a: Fezandipiti|Fezandipiti, L82, M|278/278\n|-terastallize|p1a: Latios|Fighting\n|move|p1a: Latios|Luster Purge|p2a: Fezandipiti\n|-supereffective|p2a: Fezandipiti\n|-damage|p2a: Fezandipiti|84/278\n|\n|-heal|p2a: Fezandipiti|101/278|[from] item: Leftovers\n|upkeep\n|turn|3\n|\n|t:|1781413242\n|switch|p2a: Weavile|Weavile, L79, F|240/240\n|move|p1a: Latios|Luster Purge|p2a: Weavile\n|-immune|p2a: Weavile\n|\n|upkeep\n|turn|4\n|\n|t:|1781413251\n|move|p2a: Weavile|Triple Axel|p1a: Latios\n|-damage|p1a: Latios|150/253\n|-damage|p1a: Latios|98/253\n|-damage|p1a: Latios|17/253\n|-hitcount|p1a: Latios|3\n|move|p1a: Latios|Aura Sphere|p2a: Weavile\n|-supereffective|p2a: Weavile\n|-damage|p2a: Weavile|0 fnt\n|faint|p2a: Weavile\n|\n|upkeep\n|\n|t:|1781413258\n|switch|p2a: Breloom|Breloom, L83, M|235/235\n|turn|5\n|\n|t:|1781413270\n|move|p2a: Breloom|Mach Punch|p1a: Latios\n|-damage|p1a: Latios|0 fnt\n|faint|p1a: Latios\n|-damage|p2a: Breloom|212/235|[from] item: Life Orb\n|\n|upkeep\n|\n|t:|1781413284\n|switch|p1a: Zapdos|Zapdos, L78|268/268\n|turn|6\n|\n|t:|1781413298\n|switch|p2a: Regidrago|Regidrago, L77|435/435\n|move|p1a: Zapdos|Heat Wave|p2a: Regidrago\n|-resisted|p2a: Regidrago\n|-damage|p2a: Regidrago|373/435\n|\n|upkeep\n|turn|7\n|\n|t:|1781413314\n|switch|p1a: Fezandipiti|Fezandipiti, L82, M|278/278\n|move|p2a: Regidrago|Draco Meteor|p1a: Fezandipiti\n|-immune|p1a: Fezandipiti\n|\n|upkeep\n|turn|8\n|inactive|puffyy!! has 120 seconds left.\n|\n|t:|1781413370\n|switch|p2a: Zapdos|Zapdos, L78|268/268\n|switch|p1a: Blaziken|Blaziken, L76, M|247/247\n|\n|upkeep\n|turn|9\n|\n|t:|1781413383\n|switch|p1a: Zapdos|Zapdos, L78|268/268\n|move|p2a: Zapdos|Hurricane|p1a: Zapdos\n|-resisted|p1a: Zapdos\n|-damage|p1a: Zapdos|205/268\n|\n|upkeep\n|turn|10\n|inactive|DerpyEspeon has 120 seconds left.\n|\n|t:|1781413404\n|move|p1a: Zapdos|Roost|p1a: Zapdos\n|-heal|p1a: Zapdos|268/268\n|-singleturn|p1a: Zapdos|move: Roost\n|move|p2a: Zapdos|U-turn|p1a: Zapdos\n|-damage|p1a: Zapdos|223/268\n|inactive|DerpyEspeon has 120 seconds left.\n|\n|t:|1781413420\n|switch|p2a: Fezandipiti|Fezandipiti, L82, M|101/278|[from] U-turn\n|\n|-heal|p2a: Fezandipiti|118/278|[from] item: Leftovers\n|upkeep\n|turn|11\n|inactive|puffyy!! has 120 seconds left.\n|\n|t:|1781413437\n|move|p2a: Fezandipiti|Roost|p2a: Fezandipiti\n|-heal|p2a: Fezandipiti|257/278\n|-singleturn|p2a: Fezandipiti|move: Roost\n|move|p1a: Zapdos|Discharge|p2a: Fezandipiti\n|-damage|p2a: Fezandipiti|184/278\n|-status|p2a: Fezandipiti|par\n|\n|-heal|p2a: Fezandipiti|201/278 par|[from] item: Leftovers\n|upkeep\n|turn|12\n|\n|t:|1781413446\n|move|p1a: Zapdos|Hurricane|p2a: Fezandipiti\n|-damage|p2a: Fezandipiti|110/278 par\n|move|p2a: Fezandipiti|Gunk Shot|p1a: Zapdos|[miss]\n|-miss|p2a: Fezandipiti|p1a: Zapdos\n|\n|-heal|p2a: Fezandipiti|127/278 par|[from] item: Leftovers\n|upkeep\n|turn|13\n|inactive|puffyy!! has 120 seconds left.\n|c|\u2606DerpyEspeon|LOL\n|\n|t:|1781413452\n|move|p1a: Zapdos|Discharge|p2a: Fezandipiti\n|-damage|p2a: Fezandipiti|51/278 par\n|cant|p2a: Fezandipiti|par\n|\n|-heal|p2a: Fezandipiti|68/278 par|[from] item: Leftovers\n|upkeep\n|turn|14\n|\n|t:|1781413457\n|move|p1a: Zapdos|Discharge|p2a: Fezandipiti\n|-damage|p2a: Fezandipiti|2/278 par\n|move|p2a: Fezandipiti|Roost|p2a: Fezandipiti\n|-heal|p2a: Fezandipiti|141/278 par\n|-singleturn|p2a: Fezandipiti|move: Roost\n|\n|-heal|p2a: Fezandipiti|158/278 par|[from] item: Leftovers\n|upkeep\n|turn|15\n|c|\u2606puffyy!!|im just praying to the rng gods\n|c|\u2606puffyy!!|idk how to win this\n|c|\u2606DerpyEspeon|yea and its fucking working\n|c|\u2606puffyy!!|YEAH LOL\n|inactive|puffyy!! has 120 seconds left.\n|\n|t:|1781413480\n|move|p1a: Zapdos|Discharge|p2a: Fezandipiti\n|-damage|p2a: Fezandipiti|86/278 par\n|move|p2a: Fezandipiti|Roost|p2a: Fezandipiti\n|-heal|p2a: Fezandipiti|225/278 par\n|-singleturn|p2a: Fezandipiti|move: Roost\n|\n|-heal|p2a: Fezandipiti|242/278 par|[from] item: Leftovers\n|upkeep\n|turn|16\n|inactive|puffyy!! has 120 seconds left.\n|\n|t:|1781413500\n|move|p1a: Zapdos|Discharge|p2a: Fezandipiti\n|-damage|p2a: Fezandipiti|175/278 par\n|move|p2a: Fezandipiti|Gunk Shot|p1a: Zapdos|[miss]\n|-miss|p2a: Fezandipiti|p1a: Zapdos\n|\n|-heal|p2a: Fezandipiti|192/278 par|[from] item: Leftovers\n|upkeep\n|turn|17\n|inactive|puffyy!! has 120 seconds left.\n|\n|t:|1781413508\n|move|p1a: Zapdos|Hurricane|p2a: Fezandipiti\n|-damage|p2a: Fezandipiti|99/278 par\n|move|p2a: Fezandipiti|Roost|p2a: Fezandipiti\n|-heal|p2a: Fezandipiti|238/278 par\n|-singleturn|p2a: Fezandipiti|move: Roost\n|\n|-heal|p2a: Fezandipiti|255/278 par|[from] item: Leftovers\n|upkeep\n|turn|18\n|\n|t:|1781413513\n|move|p1a: Zapdos|Hurricane|p2a: Fezandipiti\n|-damage|p2a: Fezandipiti|149/278 par\n|move|p2a: Fezandipiti|Gunk Shot|p1a: Zapdos|[miss]\n|-miss|p2a: Fezandipiti|p1a: Zapdos\n|\n|-heal|p2a: Fezandipiti|166/278 par|[from] item: Leftovers\n|upkeep\n|turn|19\n|\n|t:|1781413517\n|move|p1a: Zapdos|Hurricane|p2a: Fezandipiti\n|-damage|p2a: Fezandipiti|64/278 par\n|-start|p2a: Fezandipiti|confusion\n|-activate|p2a: Fezandipiti|confusion\n|-damage|p2a: Fezandipiti|33/278 par|[from] confusion\n|\n|-heal|p2a: Fezandipiti|50/278 par|[from] item: Leftovers\n|upkeep\n|turn|20\n|c|\u2606puffyy!!|wtf\n|c|\u2606DerpyEspeon|cuz i quit\n|-message|DerpyEspeon forfeited.\n|\n|win|puffyy!!\n|raw|puffyy!!'s rating: 1278 &rarr; <strong>1306</strong><br />(+28 for winning)\n|raw|DerpyEspeon's rating: 1326 &rarr; <strong>1303</strong><br />(-23 for losing)\n|l|\u2606DerpyEspeon\n|player|p2|\n|c|\u2606puffyy!!|LMAOOOO\n|j|\u2606DerpyEspeon\n|player|p2|DerpyEspeon|sabrina|\n", "uploadtime": 1781413545, "views": 8, "formatid": "gen9randombattle", "rating": 1303, "private": 0, "password": null}