{"id": "gen9randombattle-2631494179", "format": "[Gen 9] Random Battle", "players": ["AlakazamHer", "Petilil37"], "log": "|j|\u2606AlakazamHer\n|j|\u203dPetilil37\n|t:|1781392133\n|gametype|singles\n|player|p1|AlakazamHer|169|2070\n|player|p2|Petilil37|101|2015\n|gen|9\n|tier|[Gen 9] Random Battle\n|rated|\n|rule|Species Clause: Limit one of each Pok\u00e9mon\n|rule|HP Percentage Mod: HP is shown in percentages\n|rule|Sleep Clause Mod: Limit one foe put to sleep\n|rule|Illusion Level Mod: Illusion disguises the Pok\u00e9mon's true level\n|\n|t:|1781392133\n|teamsize|p1|6\n|teamsize|p2|6\n|start\n|switch|p1a: Ursaluna|Ursaluna-Bloodmoon, L79, M|308/308\n|switch|p2a: Sableye|Sableye, L88, F|231/231\n|turn|1\n|\n|t:|1781392146\n|move|p2a: Sableye|Knock Off|p1a: Ursaluna\n|-damage|p1a: Ursaluna|233/308\n|-enditem|p1a: Ursaluna|Leftovers|[from] move: Knock Off|[of] p2a: Sableye\n|move|p1a: Ursaluna|Calm Mind|p1a: Ursaluna\n|-boost|p1a: Ursaluna|spa|1\n|-boost|p1a: Ursaluna|spd|1\n|\n|upkeep\n|turn|2\n|\n|t:|1781392149\n|move|p2a: Sableye|Encore|p1a: Ursaluna\n|-start|p1a: Ursaluna|Encore\n|move|p1a: Ursaluna|Calm Mind|p1a: Ursaluna\n|-boost|p1a: Ursaluna|spa|1\n|-boost|p1a: Ursaluna|spd|1\n|\n|upkeep\n|turn|3\n|\n|t:|1781392156\n|move|p2a: Sableye|Knock Off|p1a: Ursaluna\n|-crit|p1a: Ursaluna\n|-damage|p1a: Ursaluna|148/308\n|move|p1a: Ursaluna|Calm Mind|p1a: Ursaluna\n|-boost|p1a: Ursaluna|spa|1\n|-boost|p1a: Ursaluna|spd|1\n|\n|upkeep\n|turn|4\n|\n|t:|1781392170\n|move|p2a: Sableye|Will-O-Wisp|p1a: Ursaluna\n|-status|p1a: Ursaluna|brn\n|move|p1a: Ursaluna|Calm Mind|p1a: Ursaluna\n|-boost|p1a: Ursaluna|spa|1\n|-boost|p1a: Ursaluna|spd|1\n|\n|-damage|p1a: Ursaluna|129/308 brn|[from] brn\n|-end|p1a: Ursaluna|Encore\n|upkeep\n|turn|5\n|\n|t:|1781392175\n|switch|p1a: Plusle|Plusle, L95, F|268/268\n|move|p2a: Sableye|Encore||[still]\n|-fail|p2a: Sableye\n|\n|upkeep\n|turn|6\n|\n|t:|1781392187\n|move|p1a: Plusle|Alluring Voice|p2a: Sableye\n|-supereffective|p2a: Sableye\n|-damage|p2a: Sableye|28/231\n|-damage|p1a: Plusle|242/268|[from] item: Life Orb\n|move|p2a: Sableye|Knock Off|p1a: Plusle\n|-damage|p1a: Plusle|89/268\n|-enditem|p1a: Plusle|Life Orb|[from] move: Knock Off|[of] p2a: Sableye\n|\n|-heal|p2a: Sableye|42/231|[from] item: Leftovers\n|upkeep\n|turn|7\n|\n|t:|1781392195\n|switch|p2a: Ambipom|Ambipom, L84, F|263/263\n|move|p1a: Plusle|Thunderbolt|p2a: Ambipom\n|-damage|p2a: Ambipom|130/263\n|-status|p2a: Ambipom|par\n|\n|upkeep\n|turn|8\n|\n|t:|1781392198\n|cant|p2a: Ambipom|par\n|move|p1a: Plusle|Thunderbolt|p2a: Ambipom\n|-damage|p2a: Ambipom|0 fnt\n|faint|p2a: Ambipom\n|\n|upkeep\n|\n|t:|1781392202\n|switch|p2a: Barraskewda|Barraskewda, L81, F|231/231\n|turn|9\n|\n|t:|1781392204\n|switch|p1a: Volcanion|Volcanion, L79|255/255\n|move|p2a: Barraskewda|Flip Turn|p1a: Volcanion\n|-immune|p1a: Volcanion|[from] ability: Water Absorb\n|\n|upkeep\n|turn|10\n|\n|t:|1781392208\n|switch|p2a: Volcanion|Volcanion, L79|255/255\n|move|p1a: Volcanion|Steam Eruption|p2a: Volcanion\n|-immune|p2a: Volcanion|[from] ability: Water Absorb\n|\n|upkeep\n|turn|11\n|\n|t:|1781392213\n|move|p2a: Volcanion|Earth Power|p1a: Volcanion\n|-supereffective|p1a: Volcanion\n|-damage|p1a: Volcanion|161/255\n|move|p1a: Volcanion|Earth Power|p2a: Volcanion\n|-supereffective|p2a: Volcanion\n|-damage|p2a: Volcanion|101/255\n|\n|upkeep\n|turn|12\n|\n|t:|1781392223\n|move|p2a: Volcanion|Earth Power|p1a: Volcanion\n|-supereffective|p1a: Volcanion\n|-damage|p1a: Volcanion|55/255\n|move|p1a: Volcanion|Earth Power|p2a: Volcanion\n|-supereffective|p2a: Volcanion\n|-damage|p2a: Volcanion|0 fnt\n|faint|p2a: Volcanion\n|\n|upkeep\n|\n|t:|1781392232\n|switch|p2a: Arceus|Arceus-Ghost, L69|280/280\n|turn|13\n|\n|t:|1781392239\n|switch|p1a: Toedscruel|Toedscruel, L87, F|281/281\n|move|p2a: Arceus|Judgment|p1a: Toedscruel\n|-damage|p1a: Toedscruel|202/281\n|\n|-heal|p1a: Toedscruel|219/281|[from] item: Leftovers\n|upkeep\n|turn|14\n|\n|t:|1781392247\n|switch|p2a: Sableye|Sableye, L88, F|42/231\n|move|p1a: Toedscruel|Toxic|p2a: Sableye\n|-status|p2a: Sableye|tox\n|\n|-heal|p1a: Toedscruel|236/281|[from] item: Leftovers\n|-heal|p2a: Sableye|56/231 tox|[from] item: Leftovers\n|-damage|p2a: Sableye|42/231 tox|[from] psn\n|upkeep\n|turn|15\n|\n|t:|1781392255\n|move|p2a: Sableye|Encore|p1a: Toedscruel\n|-start|p1a: Toedscruel|Encore\n|move|p1a: Toedscruel|Toxic|p2a: Sableye\n|-fail|p2a: Sableye|tox\n|\n|-heal|p1a: Toedscruel|253/281|[from] item: Leftovers\n|-heal|p2a: Sableye|56/231 tox|[from] item: Leftovers\n|-damage|p2a: Sableye|28/231 tox|[from] psn\n|upkeep\n|turn|16\n|\n|t:|1781392262\n|switch|p1a: Ursaluna|Ursaluna-Bloodmoon, L79, M|129/308 brn\n|move|p2a: Sableye|Knock Off|p1a: Ursaluna\n|-damage|p1a: Ursaluna|74/308 brn\n|\n|-heal|p2a: Sableye|42/231 tox|[from] item: Leftovers\n|-damage|p2a: Sableye|0 fnt|[from] psn\n|faint|p2a: Sableye\n|-damage|p1a: Ursaluna|55/308 brn|[from] brn\n|upkeep\n|\n|t:|1781392264\n|switch|p2a: Arceus|Arceus-Ghost, L69|280/280\n|turn|17\n|\n|t:|1781392271\n|switch|p1a: Toedscruel|Toedscruel, L87, F|253/281\n|move|p2a: Arceus|Calm Mind|p2a: Arceus\n|-boost|p2a: Arceus|spa|1\n|-boost|p2a: Arceus|spd|1\n|\n|-heal|p1a: Toedscruel|270/281|[from] item: Leftovers\n|upkeep\n|turn|18\n|\n|t:|1781392299\n|switch|p2a: Metagross|Metagross, L79|256/256\n|move|p1a: Toedscruel|Toxic|p2a: Metagross\n|-immune|p2a: Metagross\n|\n|-heal|p1a: Toedscruel|281/281|[from] item: Leftovers\n|upkeep\n|turn|19\n|\n|t:|1781392313\n|move|p1a: Toedscruel|Earth Power|p2a: Metagross\n|-supereffective|p2a: Metagross\n|-damage|p2a: Metagross|70/256\n|move|p2a: Metagross|Stealth Rock|p1a: Toedscruel\n|-sidestart|p1: AlakazamHer|move: Stealth Rock\n|\n|-heal|p2a: Metagross|86/256|[from] item: Leftovers\n|upkeep\n|turn|20\n|\n|t:|1781392317\n|move|p2a: Metagross|Bullet Punch|p1a: Toedscruel\n|-damage|p1a: Toedscruel|221/281\n|move|p1a: Toedscruel|Rapid Spin|p2a: Metagross\n|-resisted|p2a: Metagross\n|-damage|p2a: Metagross|74/256\n|-boost|p1a: Toedscruel|spe|1\n|-sideend|p1: AlakazamHer|Stealth Rock|[from] move: Rapid Spin|[of] p1a: Toedscruel\n|\n|-heal|p1a: Toedscruel|238/281|[from] item: Leftovers\n|-heal|p2a: Metagross|90/256|[from] item: Leftovers\n|upkeep\n|turn|21\n|-message|Petilil37 forfeited.\n|\n|win|AlakazamHer\n", "inputlog": ">version a8376a258c1d4662feba110a92103f3664a72141\n>start {\"formatid\":\"gen9randombattle\",\"seed\":\"sodium,b228808362bad13056f0ee49625fb021\",\"rated\":\"Rated battle\"}\n>player p1 {\"name\":\"AlakazamHer\",\"avatar\":\"169\",\"rating\":2070,\"seed\":\"sodium,be958c5d8c2bf8ed051d6ed82ec1c288\"}\n>player p2 {\"name\":\"Petilil37\",\"avatar\":\"101\",\"rating\":2015,\"seed\":\"sodium,c77fcb78a8ee7db98fe69fce8a5b81b9\"}\n>p1 move calmmind\n>p2 move knockoff\n>p1 move bloodmoon\n>p2 move encore\n>p1 move calmmind\n>p2 move knockoff\n>p1 move calmmind\n>p2 move willowisp\n>p1 switch 6\n>p2 move encore\n>p1 move alluringvoice\n>p2 move knockoff\n>p1 move thunderbolt\n>p2 switch 2\n>p1 move thunderbolt\n>p2 move fakeout\n>p2 switch 4\n>p1 switch 4\n>p2 move flipturn\n>p1 move steameruption\n>p2 switch 3\n>p1 move earthpower\n>p2 move earthpower\n>p1 move earthpower\n>p2 move earthpower\n>p2 switch 6\n>p1 switch 3\n>p2 move judgment\n>p1 move toxic\n>p2 switch 2\n>p1 move earthpower\n>p2 move encore\n>p1 switch 6\n>p2 move knockoff\n>p2 switch 2\n>p1 switch 6\n>p2 move calmmind\n>p1 move toxic\n>p2 switch 5\n>p1 move earthpower\n>p2 move stealthrock\n>p1 move rapidspin\n>p2 move bulletpunch\n>forcelose p2", "uploadtime": 1781392135, "views": 4, "formatid": "gen9randombattle", "rating": null, "private": 0, "password": null}