{"id": "gen9randombattle-2631797415", "format": "[Gen 9] Random Battle", "players": ["marrickchill", "masbahlilganteng"], "log": "|j|\u2606marrickchill\n|j|\u2606masbahlilganteng\n|t:|1781441119\n|gametype|singles\n|player|p1|marrickchill|1|2026\n|player|p2|masbahlilganteng|hoopster|2021\n|gen|9\n|tier|[Gen 9] Random Battle\n|rated|\n|rule|Species Clause: Limit one of each Pok\u00e9mon\n|rule|HP Percentage Mod: HP is shown in percentages\n|rule|Sleep Clause Mod: Limit one foe put to sleep\n|rule|Illusion Level Mod: Illusion disguises the Pok\u00e9mon's true level\n|\n|t:|1781441119\n|teamsize|p1|6\n|teamsize|p2|6\n|start\n|switch|p1a: Scream Tail|Scream Tail, L84|330/330\n|switch|p2a: Porygon-Z|Porygon-Z, L83|277/277\n|turn|1\n|inactive|Battle timer is ON: inactive players will automatically lose when time's up. (requested by masbahlilganteng)\n|\n|t:|1781441141\n|move|p1a: Scream Tail|Play Rough|p2a: Porygon-Z\n|-damage|p2a: Porygon-Z|190/277\n|move|p2a: Porygon-Z|Nasty Plot|p2a: Porygon-Z\n|-boost|p2a: Porygon-Z|spa|2\n|\n|upkeep\n|turn|2\n|\n|t:|1781441147\n|move|p1a: Scream Tail|Encore|p2a: Porygon-Z\n|-start|p2a: Porygon-Z|Encore\n|move|p2a: Porygon-Z|Nasty Plot|p2a: Porygon-Z\n|-boost|p2a: Porygon-Z|spa|2\n|\n|upkeep\n|turn|3\n|\n|t:|1781441156\n|switch|p2a: Rhydon|Rhydon, L85, F|317/317\n|move|p1a: Scream Tail|Play Rough|p2a: Rhydon\n|-damage|p2a: Rhydon|277/317\n|\n|upkeep\n|turn|4\n|\n|t:|1781441162\n|move|p1a: Scream Tail|Play Rough|p2a: Rhydon\n|-damage|p2a: Rhydon|237/317\n|move|p2a: Rhydon|Earthquake|p1a: Scream Tail\n|-damage|p1a: Scream Tail|210/330\n|\n|-heal|p1a: Scream Tail|230/330|[from] item: Leftovers\n|upkeep\n|turn|5\n|\n|t:|1781441171\n|-end|p1a: Scream Tail|Protosynthesis|[silent]\n|switch|p1a: Sceptile|Sceptile, L87, M|264/264\n|move|p2a: Rhydon|Earthquake|p1a: Sceptile\n|-resisted|p1a: Sceptile\n|-damage|p1a: Sceptile|175/264\n|\n|upkeep\n|turn|6\n|\n|t:|1781441180\n|switch|p2a: Mandibuzz|Mandibuzz, L85, F|326/326\n|move|p1a: Sceptile|Shed Tail|p1a: Sceptile\n|-start|p1a: Sceptile|Substitute|[from] move: Shed Tail\n|-damage|p1a: Sceptile|43/264\n|\n|t:|1781441189\n|switch|p1a: Suicune|Suicune, L82|298/298|[from] Shed Tail\n|-ability|p1a: Suicune|Pressure\n|\n|upkeep\n|turn|7\n|\n|t:|1781441195\n|move|p1a: Suicune|Calm Mind|p1a: Suicune\n|-boost|p1a: Suicune|spa|1\n|-boost|p1a: Suicune|spd|1\n|move|p2a: Mandibuzz|Foul Play|p1a: Suicune\n|-activate|p1a: Suicune|move: Substitute|[damage]\n|\n|upkeep\n|turn|8\n|\n|t:|1781441199\n|move|p1a: Suicune|Scald|p2a: Mandibuzz\n|-damage|p2a: Mandibuzz|220/326\n|move|p2a: Mandibuzz|Brave Bird|p1a: Suicune\n|-end|p1a: Suicune|Substitute\n|-damage|p2a: Mandibuzz|215/326|[from] Recoil|[of] p1a: Suicune\n|\n|upkeep\n|turn|9\n|\n|t:|1781441205\n|move|p1a: Suicune|Substitute|p1a: Suicune\n|-start|p1a: Suicune|Substitute\n|-damage|p1a: Suicune|224/298\n|move|p2a: Mandibuzz|Toxic||[still]\n|-fail|p2a: Mandibuzz\n|\n|-heal|p1a: Suicune|242/298|[from] item: Leftovers\n|upkeep\n|turn|10\n|\n|t:|1781441209\n|move|p1a: Suicune|Calm Mind|p1a: Suicune\n|-boost|p1a: Suicune|spa|1\n|-boost|p1a: Suicune|spd|1\n|move|p2a: Mandibuzz|Brave Bird|p1a: Suicune\n|-end|p1a: Suicune|Substitute\n|-damage|p2a: Mandibuzz|191/326|[from] Recoil|[of] p1a: Suicune\n|\n|-heal|p1a: Suicune|260/298|[from] item: Leftovers\n|upkeep\n|turn|11\n|\n|t:|1781441225\n|move|p1a: Suicune|Substitute|p1a: Suicune\n|-start|p1a: Suicune|Substitute\n|-damage|p1a: Suicune|186/298\n|move|p2a: Mandibuzz|Brave Bird|p1a: Suicune\n|-end|p1a: Suicune|Substitute\n|-damage|p2a: Mandibuzz|167/326|[from] Recoil|[of] p1a: Suicune\n|\n|-heal|p1a: Suicune|204/298|[from] item: Leftovers\n|upkeep\n|turn|12\n|\n|t:|1781441236\n|move|p1a: Suicune|Ice Beam|p2a: Mandibuzz\n|-supereffective|p2a: Mandibuzz\n|-damage|p2a: Mandibuzz|0 fnt\n|faint|p2a: Mandibuzz\n|\n|-heal|p1a: Suicune|222/298|[from] item: Leftovers\n|upkeep\n|\n|t:|1781441242\n|switch|p2a: Raichu|Raichu-Alola, L87, F|246/246\n|turn|13\n|\n|t:|1781441247\n|move|p2a: Raichu|Volt Switch|p1a: Suicune\n|-supereffective|p1a: Suicune\n|-damage|p1a: Suicune|132/298\n|inactive|masbahlilganteng has 120 seconds left.\n|\n|t:|1781441275\n|switch|p2a: Clawitzer|Clawitzer, L87, M|265/265|[from] Volt Switch\n|move|p1a: Suicune|Scald|p2a: Clawitzer\n|-resisted|p2a: Clawitzer\n|-damage|p2a: Clawitzer|190/265\n|\n|-heal|p1a: Suicune|150/298|[from] item: Leftovers\n|upkeep\n|turn|14\n|\n|t:|1781441281\n|move|p1a: Suicune|Scald|p2a: Clawitzer\n|-resisted|p2a: Clawitzer\n|-damage|p2a: Clawitzer|118/265\n|-status|p2a: Clawitzer|brn\n|move|p2a: Clawitzer|Dragon Pulse|p1a: Suicune\n|-damage|p1a: Suicune|80/298\n|\n|-heal|p1a: Suicune|98/298|[from] item: Leftovers\n|-damage|p2a: Clawitzer|102/265 brn|[from] brn\n|upkeep\n|turn|15\n|\n|t:|1781441290\n|move|p1a: Suicune|Substitute|p1a: Suicune\n|-start|p1a: Suicune|Substitute\n|-damage|p1a: Suicune|24/298\n|move|p2a: Clawitzer|Dragon Pulse|p1a: Suicune\n|-activate|p1a: Suicune|move: Substitute|[damage]\n|\n|-heal|p1a: Suicune|42/298|[from] item: Leftovers\n|-damage|p2a: Clawitzer|86/265 brn|[from] brn\n|upkeep\n|turn|16\n|\n|t:|1781441295\n|move|p1a: Suicune|Calm Mind|p1a: Suicune\n|-boost|p1a: Suicune|spa|1\n|-boost|p1a: Suicune|spd|1\n|move|p2a: Clawitzer|Dragon Pulse|p1a: Suicune\n|-end|p1a: Suicune|Substitute\n|\n|-heal|p1a: Suicune|60/298|[from] item: Leftovers\n|-damage|p2a: Clawitzer|70/265 brn|[from] brn\n|upkeep\n|turn|17\n|\n|t:|1781441300\n|move|p1a: Suicune|Calm Mind|p1a: Suicune\n|-boost|p1a: Suicune|spa|1\n|-boost|p1a: Suicune|spd|1\n|move|p2a: Clawitzer|Dragon Pulse|p1a: Suicune\n|-damage|p1a: Suicune|16/298\n|\n|-heal|p1a: Suicune|34/298|[from] item: Leftovers\n|-damage|p2a: Clawitzer|54/265 brn|[from] brn\n|upkeep\n|turn|18\n|\n|t:|1781441303\n|move|p1a: Suicune|Scald|p2a: Clawitzer\n|-resisted|p2a: Clawitzer\n|-damage|p2a: Clawitzer|0 fnt\n|faint|p2a: Clawitzer\n|\n|-heal|p1a: Suicune|52/298|[from] item: Leftovers\n|upkeep\n|\n|t:|1781441309\n|switch|p2a: Raichu|Raichu-Alola, L87, F|246/246\n|turn|19\n|\n|t:|1781441315\n|switch|p1a: Mudsdale|Mudsdale, L83, F|302/302\n|move|p2a: Raichu|Thunderbolt|p1a: Mudsdale\n|-immune|p1a: Mudsdale\n|\n|upkeep\n|turn|20\n|\n|t:|1781441319\n|switch|p2a: Oricorio|Oricorio-Pa'u, L87, M|272/272\n|move|p1a: Mudsdale|Earthquake|p2a: Oricorio\n|-immune|p2a: Oricorio\n|\n|upkeep\n|turn|21\n|\n|t:|1781441324\n|move|p2a: Oricorio|Quiver Dance|p2a: Oricorio\n|-boost|p2a: Oricorio|spa|1\n|-boost|p2a: Oricorio|spd|1\n|-boost|p2a: Oricorio|spe|1\n|move|p1a: Mudsdale|Stone Edge|p2a: Oricorio\n|-supereffective|p2a: Oricorio\n|-crit|p2a: Oricorio\n|-damage|p2a: Oricorio|0 fnt\n|faint|p2a: Oricorio\n|\n|upkeep\n|\n|t:|1781441332\n|switch|p2a: Raichu|Raichu-Alola, L87, F|246/246\n|turn|22\n|\n|t:|1781441337\n|switch|p1a: Suicune|Suicune, L82|52/298\n|-ability|p1a: Suicune|Pressure\n|-terastallize|p2a: Raichu|Water\n|move|p2a: Raichu|Surf|p1a: Suicune\n|-resisted|p1a: Suicune\n|-damage|p1a: Suicune|0 fnt\n|faint|p1a: Suicune\n|\n|upkeep\n|\n|t:|1781441345\n|switch|p1a: Sceptile|Sceptile, L87, M|43/264\n|turn|23\n|\n|t:|1781441352\n|switch|p2a: Porygon-Z|Porygon-Z, L83|190/277\n|move|p1a: Sceptile|Leaf Storm|p2a: Porygon-Z\n|-damage|p2a: Porygon-Z|0 fnt\n|-unboost|p1a: Sceptile|spa|2\n|faint|p2a: Porygon-Z\n|-damage|p1a: Sceptile|17/264|[from] item: Life Orb\n|\n|upkeep\n|\n|t:|1781441365\n|switch|p2a: Rhydon|Rhydon, L85, F|237/317\n|turn|24\n|\n|t:|1781441371\n|move|p1a: Sceptile|Leaf Storm|p2a: Rhydon|[miss]\n|-miss|p1a: Sceptile|p2a: Rhydon\n|move|p2a: Rhydon|Earthquake|p1a: Sceptile\n|-resisted|p1a: Sceptile\n|-damage|p1a: Sceptile|0 fnt\n|faint|p1a: Sceptile\n|\n|upkeep\n|\n|t:|1781441380\n|switch|p1a: Scream Tail|Scream Tail, L84|230/330\n|turn|25\n|\n|t:|1781441384\n|move|p1a: Scream Tail|Play Rough|p2a: Rhydon\n|-damage|p2a: Rhydon|200/317\n|-unboost|p2a: Rhydon|atk|1\n|move|p2a: Rhydon|Earthquake|p1a: Scream Tail\n|-damage|p1a: Scream Tail|148/330\n|\n|-heal|p1a: Scream Tail|168/330|[from] item: Leftovers\n|upkeep\n|turn|26\n|\n|t:|1781441389\n|switch|p2a: Raichu|Raichu-Alola, L87, F, tera:Water|246/246\n|move|p1a: Scream Tail|Play Rough|p2a: Raichu\n|-damage|p2a: Raichu|146/246\n|\n|-heal|p1a: Scream Tail|188/330|[from] item: Leftovers\n|upkeep\n|turn|27\n|\n|t:|1781441393\n|move|p1a: Scream Tail|Protect|p1a: Scream Tail\n|-singleturn|p1a: Scream Tail|Protect\n|move|p2a: Raichu|Surf|p1a: Scream Tail\n|-activate|p1a: Scream Tail|move: Protect\n|\n|-heal|p1a: Scream Tail|208/330|[from] item: Leftovers\n|upkeep\n|turn|28\n|\n|t:|1781441397\n|move|p2a: Raichu|Surf|p1a: Scream Tail\n|-damage|p1a: Scream Tail|90/330\n|move|p1a: Scream Tail|Play Rough|p2a: Raichu\n|-damage|p2a: Raichu|37/246\n|\n|-heal|p1a: Scream Tail|110/330|[from] item: Leftovers\n|upkeep\n|turn|29\n|\n|t:|1781441402\n|move|p1a: Scream Tail|Protect|p1a: Scream Tail\n|-singleturn|p1a: Scream Tail|Protect\n|move|p2a: Raichu|Surf|p1a: Scream Tail\n|-activate|p1a: Scream Tail|move: Protect\n|\n|-heal|p1a: Scream Tail|130/330|[from] item: Leftovers\n|upkeep\n|turn|30\n|\n|t:|1781441409\n|move|p1a: Scream Tail|Protect||[still]\n|-fail|p1a: Scream Tail\n|move|p2a: Raichu|Surf|p1a: Scream Tail\n|-damage|p1a: Scream Tail|12/330\n|\n|-heal|p1a: Scream Tail|32/330|[from] item: Leftovers\n|upkeep\n|turn|31\n|\n|t:|1781441412\n|move|p2a: Raichu|Surf|p1a: Scream Tail\n|-damage|p1a: Scream Tail|0 fnt\n|faint|p1a: Scream Tail\n|-end|p1a: Scream Tail|Protosynthesis|[silent]\n|\n|upkeep\n|\n|t:|1781441415\n|switch|p1a: Reshiram|Reshiram, L76|277/277\n|-ability|p1a: Reshiram|Turboblaze\n|turn|32\n|\n|t:|1781441420\n|move|p2a: Raichu|Surf|p1a: Reshiram\n|-damage|p1a: Reshiram|157/277\n|move|p1a: Reshiram|Dragon Dance|p1a: Reshiram\n|-boost|p1a: Reshiram|atk|1\n|-boost|p1a: Reshiram|spe|1\n|\n|upkeep\n|turn|33\n|\n|t:|1781441427\n|switch|p2a: Rhydon|Rhydon, L85, F|200/317\n|-terastallize|p1a: Reshiram|Dragon\n|move|p1a: Reshiram|Outrage|p2a: Rhydon\n|-damage|p2a: Rhydon|82/317\n|\n|upkeep\n|turn|34\n|\n|t:|1781441431\n|move|p1a: Reshiram|Outrage|p2a: Rhydon|[from] lockedmove\n|-damage|p2a: Rhydon|0 fnt\n|faint|p2a: Rhydon\n|-start|p1a: Reshiram|confusion|[fatigue]\n|\n|upkeep\n|\n|t:|1781441434\n|switch|p2a: Raichu|Raichu-Alola, L87, F, tera:Water|37/246\n|turn|35\n|\n|t:|1781441438\n|switch|p1a: Smeargle|Smeargle, L95, F|258/258\n|move|p2a: Raichu|Surf|p1a: Smeargle\n|-damage|p1a: Smeargle|33/258\n|\n|upkeep\n|turn|36\n|\n|t:|1781441445\n|move|p2a: Raichu|Surf|p1a: Smeargle\n|-damage|p1a: Smeargle|0 fnt\n|faint|p1a: Smeargle\n|\n|upkeep\n|\n|t:|1781441447\n|switch|p1a: Reshiram|Reshiram, L76, tera:Dragon|157/277\n|-ability|p1a: Reshiram|Turboblaze\n|turn|37\n|\n|t:|1781441452\n|move|p2a: Raichu|Surf|p1a: Reshiram\n|-resisted|p1a: Reshiram\n|-damage|p1a: Reshiram|93/277\n|move|p1a: Reshiram|Outrage|p2a: Raichu\n|-damage|p2a: Raichu|0 fnt\n|faint|p2a: Raichu\n|\n|win|marrickchill\n", "inputlog": ">version a8376a258c1d4662feba110a92103f3664a72141\n>start {\"formatid\":\"gen9randombattle\",\"seed\":\"sodium,8933fb1464962bc065f28cf822614d10\",\"rated\":\"Rated battle\"}\n>player p1 {\"name\":\"marrickchill\",\"avatar\":\"1\",\"rating\":2026,\"seed\":\"sodium,c1ea53c043c68b47e850b72af7bd81fb\"}\n>player p2 {\"name\":\"masbahlilganteng\",\"avatar\":\"hoopster\",\"rating\":2021,\"seed\":\"sodium,fa83c7231d9793badb2a4990be7f2c6a\"}\n>p1 move playrough\n>p2 move nastyplot\n>p1 move encore\n>p2 move shadowball\n>p1 move playrough\n>p2 switch 2\n>p1 move playrough\n>p2 move earthquake\n>p1 switch 6\n>p2 move earthquake\n>p1 move shedtail\n>p2 switch 5\n>p1 switch 5\n>p1 move calmmind\n>p2 move foulplay\n>p1 move scald\n>p2 move bravebird\n>p1 move substitute\n>p2 move toxic\n>p1 move calmmind\n>p2 move bravebird\n>p1 move substitute\n>p2 move bravebird\n>p1 move icebeam\n>p2 move roost\n>p2 switch 4\n>p1 move scald\n>p2 move voltswitch\n>p2 switch 6\n>p1 move scald\n>p2 move dragonpulse\n>p1 move substitute\n>p2 move dragonpulse\n>p1 move calmmind\n>p2 move dragonpulse\n>p1 move calmmind\n>p2 move dragonpulse\n>p1 move scald\n>p2 move dragonpulse\n>p2 switch 6\n>p1 switch 2\n>p2 move thunderbolt\n>p1 move earthquake\n>p2 switch 3\n>p1 move stoneedge\n>p2 move quiverdance\n>p2 switch 3\n>p1 switch 2\n>p2 move surf terastallize\n>p1 switch 5\n>p1 move leafstorm\n>p2 switch 2\n>p2 switch 5\n>p1 move leafstorm\n>p2 move earthquake\n>p1 switch 6\n>p1 move playrough\n>p2 move earthquake\n>p1 move playrough\n>p2 switch 2\n>p1 move protect\n>p2 move surf\n>p1 move playrough\n>p2 move surf\n>p1 move protect\n>p2 move surf\n>p1 move protect\n>p2 move surf\n>p1 move playrough\n>p2 move surf\n>p1 switch 4\n>p1 move dragondance\n>p2 move surf\n>p1 move outrage terastallize\n>p2 switch 2\n>p1 move outrage\n>p2 move earthquake\n>p2 switch 2\n>p1 switch 3\n>p2 move surf\n>p1 move populationbomb\n>p2 move surf\n>p1 switch 3\n>p1 move outrage\n>p2 move surf", "uploadtime": 1781441121, "views": 4, "formatid": "gen9randombattle", "rating": null, "private": 0, "password": null}