{"id": "gen9randombattle-2631579250", "format": "[Gen 9] Random Battle", "players": ["isnothingeasy", "boxhero147"], "log": "|j|\u2606isnothingeasy\n|j|\u2606boxhero147\n|t:|1781403980\n|gametype|singles\n|player|p1|isnothingeasy|lady|2034\n|player|p2|boxhero147|169|2081\n|gen|9\n|tier|[Gen 9] Random Battle\n|rated|\n|rule|Species Clause: Limit one of each Pok\u00e9mon\n|rule|HP Percentage Mod: HP is shown in percentages\n|rule|Sleep Clause Mod: Limit one foe put to sleep\n|rule|Illusion Level Mod: Illusion disguises the Pok\u00e9mon's true level\n|\n|t:|1781403980\n|teamsize|p1|6\n|teamsize|p2|6\n|start\n|switch|p1a: Forretress|Forretress, L84, M|263/263\n|switch|p2a: Rillaboom|Rillaboom, L79, F|288/288\n|-fieldstart|move: Grassy Terrain|[from] ability: Grassy Surge|[of] p2a: Rillaboom\n|turn|1\n|\n|t:|1781403994\n|move|p2a: Rillaboom|U-turn|p1a: Forretress\n|-resisted|p1a: Forretress\n|-damage|p1a: Forretress|235/263\n|\n|t:|1781404010\n|switch|p2a: Hitmonlee|Hitmonlee, L85, M|223/223|[from] U-turn\n|move|p1a: Forretress|Stealth Rock|p2a: Hitmonlee\n|-sidestart|p2: boxhero147|move: Stealth Rock\n|\n|-heal|p1a: Forretress|251/263|[from] Grassy Terrain\n|-heal|p1a: Forretress|263/263|[from] item: Leftovers\n|upkeep\n|turn|2\n|\n|t:|1781404023\n|switch|p1a: Rayquaza|Rayquaza, L72|270/270\n|-ability|p1a: Rayquaza|Air Lock\n|move|p2a: Hitmonlee|High Jump Kick|p1a: Rayquaza\n|-resisted|p1a: Rayquaza\n|-damage|p1a: Rayquaza|148/270\n|\n|upkeep\n|turn|3\n|\n|t:|1781404032\n|-terastallize|p2a: Hitmonlee|Fighting\n|move|p2a: Hitmonlee|High Jump Kick|p1a: Rayquaza|[miss]\n|-miss|p2a: Hitmonlee|p1a: Rayquaza\n|-damage|p2a: Hitmonlee|112/223|[from] highjumpkick\n|move|p1a: Rayquaza|Dragon Ascent|p2a: Hitmonlee\n|-supereffective|p2a: Hitmonlee\n|-damage|p2a: Hitmonlee|0 fnt\n|-unboost|p1a: Rayquaza|def|1\n|-unboost|p1a: Rayquaza|spd|1\n|faint|p2a: Hitmonlee\n|\n|upkeep\n|\n|t:|1781404039\n|switch|p2a: Delibird|Delibird, M|252/252\n|turn|4\n|\n|t:|1781404043\n|switch|p1a: Forretress|Forretress, L84, M|263/263\n|move|p2a: Delibird|Rapid Spin|p1a: Forretress\n|-resisted|p1a: Forretress\n|-damage|p1a: Forretress|251/263\n|-boost|p2a: Delibird|spe|1\n|-sideend|p2: boxhero147|Stealth Rock|[from] move: Rapid Spin|[of] p2a: Delibird\n|\n|-heal|p1a: Forretress|263/263|[from] Grassy Terrain\n|upkeep\n|turn|5\n|\n|t:|1781404047\n|move|p2a: Delibird|Brave Bird|p1a: Forretress\n|-damage|p1a: Forretress|172/263\n|-damage|p2a: Delibird|222/252|[from] Recoil\n|move|p1a: Forretress|Iron Head|p2a: Delibird\n|-supereffective|p2a: Delibird\n|-damage|p2a: Delibird|0 fnt\n|faint|p2a: Delibird\n|\n|-heal|p1a: Forretress|188/263|[from] Grassy Terrain\n|-heal|p1a: Forretress|204/263|[from] item: Leftovers\n|-fieldend|move: Grassy Terrain\n|upkeep\n|\n|t:|1781404054\n|switch|p2a: Zekrom|Zekrom, L71|259/259\n|-ability|p2a: Zekrom|Teravolt\n|turn|6\n|\n|t:|1781404065\n|switch|p1a: Luxray|Luxray, L88, M|283/283\n|move|p2a: Zekrom|Dragon Dance|p2a: Zekrom\n|-boost|p2a: Zekrom|atk|1\n|-boost|p2a: Zekrom|spe|1\n|\n|-status|p1a: Luxray|brn|[from] item: Flame Orb\n|upkeep\n|turn|7\n|\n|t:|1781404073\n|move|p2a: Zekrom|Substitute|p2a: Zekrom\n|-start|p2a: Zekrom|Substitute\n|-damage|p2a: Zekrom|195/259\n|move|p1a: Luxray|Play Rough|p2a: Zekrom\n|-supereffective|p2a: Zekrom\n|-end|p2a: Zekrom|Substitute\n|\n|-heal|p2a: Zekrom|211/259|[from] item: Leftovers\n|-damage|p1a: Luxray|266/283 brn|[from] brn\n|upkeep\n|turn|8\n|\n|t:|1781404078\n|move|p2a: Zekrom|Dragon Dance|p2a: Zekrom\n|-boost|p2a: Zekrom|atk|1\n|-boost|p2a: Zekrom|spe|1\n|move|p1a: Luxray|Facade|p2a: Zekrom\n|-damage|p2a: Zekrom|18/259\n|\n|-heal|p2a: Zekrom|34/259|[from] item: Leftovers\n|-damage|p1a: Luxray|249/283 brn|[from] brn\n|upkeep\n|turn|9\n|\n|t:|1781404087\n|move|p2a: Zekrom|Outrage|p1a: Luxray\n|-damage|p1a: Luxray|0 fnt\n|faint|p1a: Luxray\n|\n|-heal|p2a: Zekrom|50/259|[from] item: Leftovers\n|upkeep\n|\n|t:|1781404089\n|switch|p1a: Forretress|Forretress, L84, M|204/263\n|turn|10\n|\n|t:|1781404093\n|move|p2a: Zekrom|Outrage|p1a: Forretress|[from] lockedmove\n|-resisted|p1a: Forretress\n|-damage|p1a: Forretress|108/263\n|move|p1a: Forretress|Body Press|p2a: Zekrom\n|-damage|p2a: Zekrom|0 fnt\n|faint|p2a: Zekrom\n|\n|-heal|p1a: Forretress|124/263|[from] item: Leftovers\n|upkeep\n|\n|t:|1781404100\n|switch|p2a: Houndstone|Houndstone, L86, M|264/264\n|turn|11\n|\n|t:|1781404104\n|switch|p1a: Smeargle|Smeargle, L95, F|258/258\n|move|p2a: Houndstone|Body Press|p1a: Smeargle\n|-supereffective|p1a: Smeargle\n|-damage|p1a: Smeargle|0 fnt\n|faint|p1a: Smeargle\n|\n|upkeep\n|\n|t:|1781404107\n|switch|p1a: Armarouge|Armarouge, L80, F|267/267\n|turn|12\n|\n|t:|1781404114\n|switch|p2a: Rillaboom|Rillaboom, L79, F|288/288\n|-fieldstart|move: Grassy Terrain|[from] ability: Grassy Surge|[of] p2a: Rillaboom\n|move|p1a: Armarouge|Armor Cannon|p2a: Rillaboom\n|-supereffective|p2a: Rillaboom\n|-damage|p2a: Rillaboom|0 fnt\n|-unboost|p1a: Armarouge|def|1\n|-unboost|p1a: Armarouge|spd|1\n|faint|p2a: Rillaboom\n|\n|upkeep\n|\n|t:|1781404117\n|switch|p2a: Houndstone|Houndstone, L86, M|264/264\n|turn|13\n|\n|t:|1781404121\n|move|p1a: Armarouge|Armor Cannon|p2a: Houndstone\n|-damage|p2a: Houndstone|12/264\n|-unboost|p1a: Armarouge|def|1\n|-unboost|p1a: Armarouge|spd|1\n|move|p2a: Houndstone|Poltergeist|p1a: Armarouge\n|-activate|p1a: Armarouge|move: Poltergeist|Power Herb\n|-supereffective|p1a: Armarouge\n|-damage|p1a: Armarouge|0 fnt\n|faint|p1a: Armarouge\n|\n|-heal|p2a: Houndstone|28/264|[from] Grassy Terrain\n|upkeep\n|\n|t:|1781404125\n|switch|p1a: Rayquaza|Rayquaza, L72|148/270\n|-ability|p1a: Rayquaza|Air Lock\n|turn|14\n|\n|t:|1781404129\n|switch|p2a: Slowking|Slowking-Galar, L85, F|300/300\n|move|p1a: Rayquaza|Scale Shot|p2a: Slowking\n|-damage|p2a: Slowking|272/300\n|-damage|p2a: Slowking|244/300\n|-damage|p2a: Slowking|214/300\n|-damage|p2a: Slowking|184/300\n|-damage|p2a: Slowking|154/300\n|-hitcount|p2a: Slowking|5\n|-unboost|p1a: Rayquaza|def|1\n|-boost|p1a: Rayquaza|spe|1\n|\n|-heal|p2a: Slowking|172/300|[from] Grassy Terrain\n|upkeep\n|turn|15\n|\n|t:|1781404134\n|move|p1a: Rayquaza|Dragon Ascent|p2a: Slowking\n|-damage|p2a: Slowking|40/300\n|-unboost|p1a: Rayquaza|def|1\n|-unboost|p1a: Rayquaza|spd|1\n|move|p2a: Slowking|Psychic Noise|p1a: Rayquaza\n|-damage|p1a: Rayquaza|3/270\n|-start|p1a: Rayquaza|move: Heal Block\n|\n|-heal|p2a: Slowking|58/300|[from] Grassy Terrain\n|upkeep\n|turn|16\n|\n|t:|1781404143\n|move|p1a: Rayquaza|Dragon Ascent|p2a: Slowking\n|-damage|p2a: Slowking|0 fnt\n|-unboost|p1a: Rayquaza|def|1\n|-unboost|p1a: Rayquaza|spd|1\n|faint|p2a: Slowking\n|\n|-end|p1a: Rayquaza|move: Heal Block\n|-fieldend|move: Grassy Terrain\n|upkeep\n|\n|t:|1781404144\n|switch|p2a: Houndstone|Houndstone, L86, M|28/264\n|turn|17\n|\n|t:|1781404147\n|move|p2a: Houndstone|Shadow Sneak|p1a: Rayquaza\n|-damage|p1a: Rayquaza|0 fnt\n|faint|p1a: Rayquaza\n|\n|upkeep\n|\n|t:|1781404149\n|switch|p1a: Heracross|Heracross, L80, F|259/259\n|turn|18\n|\n|t:|1781404152\n|move|p2a: Houndstone|Shadow Sneak|p1a: Heracross\n|-damage|p1a: Heracross|184/259\n|move|p1a: Heracross|Knock Off|p2a: Houndstone\n|-supereffective|p2a: Houndstone\n|-damage|p2a: Houndstone|0 fnt\n|-enditem|p2a: Houndstone|Choice Band|[from] move: Knock Off|[of] p1a: Heracross\n|faint|p2a: Houndstone\n|\n|win|isnothingeasy\n", "inputlog": ">version a8376a258c1d4662feba110a92103f3664a72141\n>start {\"formatid\":\"gen9randombattle\",\"seed\":\"sodium,958700b69e8a94554113bcbd17d6fe82\",\"rated\":\"Rated battle\"}\n>player p1 {\"name\":\"isnothingeasy\",\"avatar\":\"lady\",\"rating\":2034,\"seed\":\"sodium,7a5c2a3821b145be803264144aaed139\"}\n>player p2 {\"name\":\"boxhero147\",\"avatar\":\"169\",\"rating\":2081,\"seed\":\"sodium,e758b79318ddc0f569bab95074bc5ccb\"}\n>p1 move stealthrock\n>p2 move uturn\n>p2 switch 4\n>p1 switch 2\n>p2 move highjumpkick\n>p1 move dragonascent\n>p2 move highjumpkick terastallize\n>p2 switch 5\n>p1 switch 2\n>p2 move rapidspin\n>p1 move ironhead\n>p2 move bravebird\n>p2 switch 6\n>p1 switch 5\n>p2 move dragondance\n>p1 move playrough\n>p2 move substitute\n>p1 move facade\n>p2 move dragondance\n>p1 move facade\n>p2 move outrage\n>p1 switch 5\n>p1 move bodypress\n>p2 move outrage\n>p2 switch 2\n>p1 switch 4\n>p2 move bodypress\n>p1 switch 6\n>p1 move armorcannon\n>p2 switch 4\n>p2 switch 4\n>p1 move armorcannon\n>p2 move poltergeist\n>p1 switch 2\n>p1 move scaleshot\n>p2 switch 3\n>p1 move dragonascent\n>p2 move psychicnoise\n>p1 move dragonascent\n>p2 move psychicnoise\n>p2 switch 3\n>p1 move dragonascent\n>p2 move shadowsneak\n>p1 switch 3\n>p1 move knockoff\n>p2 move shadowsneak", "uploadtime": 1781403981, "views": 4, "formatid": "gen9randombattle", "rating": null, "private": 0, "password": null}