{"id": "gen9randombattle-2631474369", "format": "[Gen 9] Random Battle", "players": ["fortnitekid1212", "bruce winchill"], "log": "|j|\u2606fortnitekid1212\n|j|\u2606bruce winchill\n|t:|1781389356\n|gametype|singles\n|player|p1|fortnitekid1212|169|2006\n|player|p2|bruce winchill|gentleman-gen4|1995\n|gen|9\n|tier|[Gen 9] Random Battle\n|rated|\n|rule|Species Clause: Limit one of each Pok\u00e9mon\n|rule|HP Percentage Mod: HP is shown in percentages\n|rule|Sleep Clause Mod: Limit one foe put to sleep\n|rule|Illusion Level Mod: Illusion disguises the Pok\u00e9mon's true level\n|\n|t:|1781389356\n|teamsize|p1|6\n|teamsize|p2|6\n|start\n|switch|p1a: Regirock|Regirock, L83|268/268\n|switch|p2a: Meowstic|Meowstic, L89, M|277/277\n|turn|1\n|inactive|Battle timer is ON: inactive players will automatically lose when time's up. (requested by bruce winchill)\n|\n|t:|1781389374\n|move|p2a: Meowstic|Reflect|p2a: Meowstic\n|-sidestart|p2: bruce winchill|Reflect\n|move|p1a: Regirock|Stone Edge|p2a: Meowstic\n|-damage|p2a: Meowstic|217/277\n|\n|upkeep\n|turn|2\n|\n|t:|1781389382\n|move|p2a: Meowstic|Yawn|p1a: Regirock\n|-start|p1a: Regirock|move: Yawn|[of] p2a: Meowstic\n|move|p1a: Regirock|Stone Edge|p2a: Meowstic\n|-damage|p2a: Meowstic|159/277\n|\n|upkeep\n|turn|3\n|\n|t:|1781389390\n|switch|p1a: Dondozo|Dondozo, L78, M|362/362\n|move|p2a: Meowstic|Light Screen|p2a: Meowstic\n|-sidestart|p2: bruce winchill|move: Light Screen\n|\n|upkeep\n|turn|4\n|\n|t:|1781389406\n|switch|p2a: Wyrdeer|Wyrdeer, L87, F|321/321\n|-ability|p2a: Wyrdeer|Intimidate|boost\n|-unboost|p1a: Dondozo|atk|1\n|move|p1a: Dondozo|Wave Crash|p2a: Wyrdeer\n|-damage|p2a: Wyrdeer|276/321\n|-damage|p1a: Dondozo|347/362|[from] Recoil\n|\n|-heal|p2a: Wyrdeer|296/321|[from] item: Leftovers\n|-heal|p1a: Dondozo|362/362|[from] item: Leftovers\n|upkeep\n|turn|5\n|\n|t:|1781389413\n|switch|p1a: Tinkaton|Tinkaton, L82, F|274/274\n|-ability|p1a: Tinkaton|Mold Breaker\n|move|p2a: Wyrdeer|Thunder Wave|p1a: Tinkaton\n|-status|p1a: Tinkaton|par\n|\n|-heal|p2a: Wyrdeer|316/321|[from] item: Leftovers\n|upkeep\n|turn|6\n|\n|t:|1781389416\n|move|p2a: Wyrdeer|Earthquake|p1a: Tinkaton\n|-supereffective|p1a: Tinkaton\n|-damage|p1a: Tinkaton|82/274 par\n|cant|p1a: Tinkaton|par\n|\n|-heal|p2a: Wyrdeer|321/321|[from] item: Leftovers\n|-heal|p1a: Tinkaton|99/274 par|[from] item: Leftovers\n|upkeep\n|turn|7\n|l|\u2606fortnitekid1212\n|inactive|fortnitekid1212 disconnected and has a minute to reconnect!\n|player|p1|\n|inactive|fortnitekid1212 has 30 seconds to reconnect!\n|inactive|fortnitekid1212 has 20 seconds to reconnect!\n|inactive|fortnitekid1212 has 15 seconds to reconnect!\n|inactive|fortnitekid1212 has 10 seconds to reconnect!\n|inactive|fortnitekid1212 has 5 seconds to reconnect!\n|-message|fortnitekid1212 lost due to inactivity.\n|\n|win|bruce winchill\n", "uploadtime": 1781389358, "views": 4, "formatid": "gen9randombattle", "rating": null, "private": 0, "password": null}