{"id": "gen9randombattle-2631861454", "format": "[Gen 9] Random Battle", "players": ["coolguyinasuit", "Micael Lopes"], "log": "|j|\u2606coolguyinasuit\n|j|\u2606Micael Lopes\n|t:|1781449292\n|gametype|singles\n|player|p1|coolguyinasuit|colress|1713\n|player|p2|Micael Lopes|benga|1761\n|gen|9\n|tier|[Gen 9] Random Battle\n|rated|\n|rule|Species Clause: Limit one of each Pok\u00e9mon\n|rule|HP Percentage Mod: HP is shown in percentages\n|rule|Sleep Clause Mod: Limit one foe put to sleep\n|rule|Illusion Level Mod: Illusion disguises the Pok\u00e9mon's true level\n|\n|t:|1781449292\n|teamsize|p1|6\n|teamsize|p2|6\n|start\n|switch|p1a: Gallade|Gallade, L80, M|240/240\n|switch|p2a: Raikou|Raikou, L81|278/278\n|-ability|p2a: Raikou|Pressure\n|turn|1\n|inactive|Battle timer is ON: inactive players will automatically lose when time's up. (requested by Micael Lopes)\n|\n|t:|1781449320\n|move|p2a: Raikou|Scald|p1a: Gallade\n|-damage|p1a: Gallade|158/240\n|-status|p1a: Gallade|brn\n|move|p1a: Gallade|Sacred Sword|p2a: Raikou\n|-damage|p2a: Raikou|128/278\n|\n|-damage|p1a: Gallade|143/240 brn|[from] brn\n|upkeep\n|turn|2\n|\n|t:|1781449329\n|switch|p2a: Polteageist|Polteageist-Antique, L78|222/222\n|move|p1a: Gallade|Sacred Sword|p2a: Polteageist\n|-immune|p2a: Polteageist\n|\n|-damage|p1a: Gallade|128/240 brn|[from] brn\n|upkeep\n|turn|3\n|\n|t:|1781449339\n|switch|p1a: Arboliva|Arboliva, L91, M|290/290\n|switch|p2a: Cacturne|Cacturne, L92, F|278/278\n|\n|upkeep\n|turn|4\n|\n|t:|1781449342\n|move|p2a: Cacturne|Knock Off|p1a: Arboliva\n|-damage|p1a: Arboliva|125/290\n|-fieldstart|move: Grassy Terrain|[from] ability: Seed Sower|[of] p1a: Arboliva\n|-enditem|p1a: Arboliva|Leftovers|[from] move: Knock Off|[of] p2a: Cacturne\n|-damage|p2a: Cacturne|251/278|[from] item: Life Orb\n|move|p1a: Arboliva|Hyper Voice|p2a: Cacturne\n|-damage|p2a: Cacturne|88/278\n|\n|-heal|p2a: Cacturne|105/278|[from] Grassy Terrain\n|-heal|p1a: Arboliva|143/290|[from] Grassy Terrain\n|upkeep\n|turn|5\n|\n|t:|1781449348\n|move|p2a: Cacturne|Focus Blast|p1a: Arboliva|[miss]\n|-miss|p2a: Cacturne|p1a: Arboliva\n|move|p1a: Arboliva|Strength Sap|p2a: Cacturne\n|-unboost|p2a: Cacturne|atk|1\n|-heal|p1a: Arboliva|290/290\n|\n|-heal|p2a: Cacturne|122/278|[from] Grassy Terrain\n|upkeep\n|turn|6\n|\n|t:|1781449366\n|switch|p1a: Gallade|Gallade, L80, M|128/240 brn\n|move|p2a: Cacturne|Focus Blast|p1a: Gallade\n|-resisted|p1a: Gallade\n|-damage|p1a: Gallade|63/240 brn\n|-damage|p2a: Cacturne|95/278|[from] item: Life Orb\n|\n|-heal|p1a: Gallade|78/240 brn|[from] Grassy Terrain\n|-heal|p2a: Cacturne|112/278|[from] Grassy Terrain\n|-damage|p1a: Gallade|63/240 brn|[from] brn\n|upkeep\n|turn|7\n|\n|t:|1781449371\n|move|p2a: Cacturne|Sucker Punch|p1a: Gallade\n|-damage|p1a: Gallade|0 fnt\n|faint|p1a: Gallade\n|-damage|p2a: Cacturne|85/278|[from] item: Life Orb\n|\n|-heal|p2a: Cacturne|102/278|[from] Grassy Terrain\n|upkeep\n|\n|t:|1781449384\n|switch|p1a: Feraligatr|Feraligatr, L79, M|264/264\n|turn|8\n|\n|t:|1781449395\n|switch|p2a: Lanturn|Lanturn, L89, F|367/367\n|move|p1a: Feraligatr|Ice Punch|p2a: Lanturn\n|-resisted|p2a: Lanturn\n|-damage|p2a: Lanturn|316/367\n|\n|-heal|p2a: Lanturn|338/367|[from] Grassy Terrain\n|-fieldend|move: Grassy Terrain\n|upkeep\n|turn|9\n|\n|t:|1781449410\n|switch|p1a: Arboliva|Arboliva, L91, M|290/290\n|move|p2a: Lanturn|Thunder Wave|p1a: Arboliva|[miss]\n|-miss|p2a: Lanturn|p1a: Arboliva\n|\n|upkeep\n|turn|10\n|\n|t:|1781449420\n|move|p2a: Lanturn|Thunder Wave|p1a: Arboliva\n|-status|p1a: Arboliva|par\n|move|p1a: Arboliva|Energy Ball|p2a: Lanturn\n|-supereffective|p2a: Lanturn\n|-damage|p2a: Lanturn|26/367\n|\n|upkeep\n|turn|11\n|\n|t:|1781449431\n|move|p2a: Lanturn|Volt Switch|p1a: Arboliva\n|-resisted|p1a: Arboliva\n|-damage|p1a: Arboliva|263/290 par\n|-fieldstart|move: Grassy Terrain|[from] ability: Seed Sower|[of] p1a: Arboliva\n|\n|t:|1781449434\n|switch|p2a: Cacturne|Cacturne, L92, F|102/278|[from] Volt Switch\n|move|p1a: Arboliva|Hyper Voice|p2a: Cacturne\n|-damage|p2a: Cacturne|0 fnt\n|faint|p2a: Cacturne\n|\n|-heal|p1a: Arboliva|281/290 par|[from] Grassy Terrain\n|upkeep\n|\n|t:|1781449436\n|switch|p2a: Toucannon|Toucannon, L88, M|284/284\n|turn|12\n|\n|t:|1781449449\n|switch|p1a: Donphan|Donphan, L84, F|288/288\n|-singleturn|p2a: Toucannon|move: Beak Blast\n|move|p2a: Toucannon|Beak Blast|p1a: Donphan\n|-damage|p1a: Donphan|177/288\n|\n|-heal|p1a: Donphan|195/288|[from] Grassy Terrain\n|-heal|p1a: Donphan|213/288|[from] item: Leftovers\n|upkeep\n|turn|13\n|\n|t:|1781449461\n|move|p2a: Toucannon|Bullet Seed|p1a: Donphan\n|-supereffective|p1a: Donphan\n|-damage|p1a: Donphan|173/288\n|-supereffective|p1a: Donphan\n|-damage|p1a: Donphan|137/288\n|-supereffective|p1a: Donphan\n|-damage|p1a: Donphan|99/288\n|-supereffective|p1a: Donphan\n|-damage|p1a: Donphan|65/288\n|-supereffective|p1a: Donphan\n|-damage|p1a: Donphan|29/288\n|-hitcount|p1a: Donphan|5\n|move|p1a: Donphan|Stealth Rock|p2a: Toucannon\n|-sidestart|p2: Micael Lopes|move: Stealth Rock\n|\n|-heal|p1a: Donphan|47/288|[from] Grassy Terrain\n|-heal|p1a: Donphan|65/288|[from] item: Leftovers\n|upkeep\n|turn|14\n|\n|t:|1781449471\n|move|p1a: Donphan|Ice Shard|p2a: Toucannon\n|-supereffective|p2a: Toucannon\n|-damage|p2a: Toucannon|208/284\n|move|p2a: Toucannon|Boomburst|p1a: Donphan\n|-damage|p1a: Donphan|0 fnt\n|faint|p1a: Donphan\n|\n|upkeep\n|\n|t:|1781449479\n|switch|p1a: Chandelure|Chandelure, L83, F|235/235\n|turn|15\n|\n|t:|1781449498\n|-singleturn|p2a: Toucannon|move: Beak Blast\n|move|p1a: Chandelure|Fire Blast|p2a: Toucannon\n|-damage|p2a: Toucannon|52/284\n|move|p2a: Toucannon|Beak Blast|p1a: Chandelure\n|-damage|p1a: Chandelure|108/235\n|\n|-heal|p1a: Chandelure|122/235|[from] Grassy Terrain\n|-fieldend|move: Grassy Terrain\n|upkeep\n|turn|16\n|\n|t:|1781449516\n|move|p1a: Chandelure|Fire Blast|p2a: Toucannon|[miss]\n|-miss|p1a: Chandelure|p2a: Toucannon\n|move|p2a: Toucannon|Roost|p2a: Toucannon\n|-heal|p2a: Toucannon|194/284\n|-singleturn|p2a: Toucannon|move: Roost\n|\n|upkeep\n|turn|17\n|\n|t:|1781449526\n|switch|p1a: Tatsugiri|Tatsugiri, L87, F|260/260\n|-singleturn|p2a: Toucannon|move: Beak Blast\n|move|p2a: Toucannon|Beak Blast|p1a: Tatsugiri\n|-damage|p1a: Tatsugiri|70/260\n|\n|upkeep\n|turn|18\n|-message|coolguyinasuit forfeited.\n|\n|win|Micael Lopes\n|raw|coolguyinasuit's rating: 1713 &rarr; <strong>1697</strong><br />(-16 for losing)\n|raw|Micael Lopes's rating: 1781 &rarr; <strong>1797</strong><br />(+16 for winning)\n|l|\u2606coolguyinasuit\n|player|p1|\n|c|\u2606Micael Lopes|**__Sexy game.__**\n", "inputlog": ">version a8376a258c1d4662feba110a92103f3664a72141\n>start {\"formatid\":\"gen9randombattle\",\"seed\":\"sodium,5740cf609f11bce803a4c2032553ff45\",\"rated\":\"Rated battle\"}\n>player p1 {\"name\":\"coolguyinasuit\",\"avatar\":\"colress\",\"rating\":1713,\"seed\":\"sodium,e154349f4759084b0ceb32978b44c513\"}\n>player p2 {\"name\":\"Micael Lopes\",\"avatar\":\"benga\",\"rating\":1761,\"seed\":\"sodium,120cd2bd965e9cbdd6fb4a41deda2ab0\"}\n>p1 move sacredsword\n>p2 move scald\n>p1 move sacredsword\n>p2 switch 6\n>p1 switch 4\n>p2 switch 4\n>p1 move hypervoice\n>p2 move knockoff\n>p1 move strengthsap\n>p2 move focusblast\n>p1 switch 4\n>p2 move focusblast\n>p1 move sacredsword\n>p2 move suckerpunch\n>p1 switch 2\n>p1 move icepunch\n>p2 switch 5\n>p1 switch 4\n>p2 move thunderwave\n>p1 move energyball\n>p2 move thunderwave\n>p1 move hypervoice\n>p2 move voltswitch\n>p2 switch 5\n>p2 switch 2\n>p1 switch 3\n>p2 move beakblast\n>p1 move stealthrock\n>p2 move bulletseed\n>p1 move iceshard\n>p2 move boomburst\n>p1 switch 5\n>p1 move fireblast\n>p2 move beakblast\n>p1 move fireblast\n>p2 move roost\n>p1 switch 6\n>p2 move beakblast\n>forcelose p1", "uploadtime": 1781449571, "views": 4, "formatid": "gen9randombattle", "rating": 1697, "private": 0, "password": null}