{"id": "gen9randombattle-2632017888", "format": "[Gen 9] Random Battle", "players": ["EmpereurLoutre", "rinigan_minato"], "log": "|j|\u2606EmpereurLoutre\n|j|\u2606rinigan_minato\n|t:|1781466453\n|gametype|singles\n|player|p1|EmpereurLoutre|will|1670\n|player|p2|rinigan_minato|volkner|1707\n|gen|9\n|tier|[Gen 9] Random Battle\n|rated|\n|rule|Species Clause: Limit one of each Pok\u00e9mon\n|rule|HP Percentage Mod: HP is shown in percentages\n|rule|Sleep Clause Mod: Limit one foe put to sleep\n|rule|Illusion Level Mod: Illusion disguises the Pok\u00e9mon's true level\n|\n|t:|1781466453\n|teamsize|p1|6\n|teamsize|p2|6\n|start\n|switch|p1a: Keldeo|Keldeo-Resolute, L79|273/273\n|switch|p2a: Heatran|Heatran, L79, F|273/273\n|-item|p2a: Heatran|Air Balloon\n|turn|1\n|\n|t:|1781466469\n|switch|p2a: Shaymin|Shaymin-Sky, L73|266/266\n|move|p1a: Keldeo|Calm Mind|p1a: Keldeo\n|-boost|p1a: Keldeo|spa|1\n|-boost|p1a: Keldeo|spd|1\n|\n|upkeep\n|turn|2\n|\n|t:|1781466481\n|switch|p1a: Staraptor|Staraptor, L79, F|263/263\n|move|p2a: Shaymin|Air Slash|p1a: Staraptor\n|-damage|p1a: Staraptor|166/263\n|\n|upkeep\n|turn|3\n|inactive|Battle timer is ON: inactive players will automatically lose when time's up. (requested by EmpereurLoutre)\n|\n|t:|1781466486\n|move|p2a: Shaymin|Air Slash|p1a: Staraptor\n|-damage|p1a: Staraptor|58/263\n|cant|p1a: Staraptor|flinch\n|\n|upkeep\n|turn|4\n|\n|t:|1781466490\n|move|p2a: Shaymin|Air Slash|p1a: Staraptor\n|-damage|p1a: Staraptor|0 fnt\n|faint|p1a: Staraptor\n|\n|upkeep\n|\n|t:|1781466494\n|switch|p1a: Garganacl|Garganacl, L80, F|291/291\n|turn|5\n|\n|t:|1781466502\n|move|p2a: Shaymin|Seed Flare|p1a: Garganacl\n|-supereffective|p1a: Garganacl\n|-damage|p1a: Garganacl|67/291\n|move|p1a: Garganacl|Salt Cure|p2a: Shaymin\n|-supereffective|p2a: Shaymin\n|-damage|p2a: Shaymin|162/266\n|-start|p2a: Shaymin|Salt Cure\n|\n|-heal|p1a: Garganacl|85/291|[from] item: Leftovers\n|-damage|p2a: Shaymin|129/266|[from] Salt Cure\n|upkeep\n|turn|6\n|\n|t:|1781466510\n|switch|p1a: Falinks|Falinks, L84|246/246\n|move|p2a: Shaymin|Earth Power|p1a: Falinks\n|-damage|p1a: Falinks|168/246\n|-unboost|p1a: Falinks|spd|1\n|-ability|p1a: Falinks|Defiant|boost\n|-boost|p1a: Falinks|atk|2\n|\n|-damage|p2a: Shaymin|96/266|[from] Salt Cure\n|upkeep\n|turn|7\n|\n|t:|1781466518\n|-terastallize|p1a: Falinks|Dark\n|move|p2a: Shaymin|Air Slash|p1a: Falinks\n|-damage|p1a: Falinks|35/246\n|cant|p1a: Falinks|flinch\n|\n|-damage|p2a: Shaymin|63/266|[from] Salt Cure\n|upkeep\n|turn|8\n|\n|t:|1781466524\n|move|p2a: Shaymin|Earth Power|p1a: Falinks\n|-damage|p1a: Falinks|0 fnt\n|faint|p1a: Falinks\n|\n|-damage|p2a: Shaymin|30/266|[from] Salt Cure\n|upkeep\n|-message|EmpereurLoutre forfeited.\n|\n|win|rinigan_minato\n|raw|EmpereurLoutre's rating: 1670 &rarr; <strong>1652</strong><br />(-18 for losing)\n|raw|rinigan_minato's rating: 1707 &rarr; <strong>1725</strong><br />(+18 for winning)\n|l|\u2606EmpereurLoutre\n|player|p1|\n", "uploadtime": 1781466530, "views": 0, "formatid": "gen9randombattle", "rating": 1652, "private": 0, "password": null}