{"id": "gen9randombattle-2631905420", "format": "[Gen 9] Random Battle", "players": ["SingWay", "marper8"], "log": "|j|\u2606SingWay\n|j|\u2606marper8\n|t:|1781454136\n|gametype|singles\n|player|p1|SingWay|burglar|2070\n|player|p2|marper8|265|2125\n|gen|9\n|tier|[Gen 9] Random Battle\n|rated|\n|rule|Species Clause: Limit one of each Pok\u00e9mon\n|rule|HP Percentage Mod: HP is shown in percentages\n|rule|Sleep Clause Mod: Limit one foe put to sleep\n|rule|Illusion Level Mod: Illusion disguises the Pok\u00e9mon's true level\n|\n|t:|1781454136\n|teamsize|p1|6\n|teamsize|p2|6\n|start\n|switch|p1a: Enamorus|Enamorus, L79, F|247/247\n|switch|p2a: Salamence|Salamence, L77, F|273/273\n|turn|1\n|inactive|Battle timer is ON: inactive players will automatically lose when time's up. (requested by marper8)\n|\n|t:|1781454150\n|switch|p2a: Incineroar|Incineroar, L82, F|290/290\n|-ability|p2a: Incineroar|Intimidate|boost\n|-unboost|p1a: Enamorus|atk|1\n|move|p1a: Enamorus|Moonblast|p2a: Incineroar\n|-damage|p2a: Incineroar|214/290\n|\n|upkeep\n|turn|2\n|\n|t:|1781454159\n|switch|p1a: Gurdurr|Gurdurr, L85, F|283/283\n|move|p2a: Incineroar|Fake Out|p1a: Gurdurr\n|-damage|p1a: Gurdurr|260/283\n|\n|upkeep\n|turn|3\n|\n|t:|1781454166\n|move|p2a: Incineroar|Knock Off|p1a: Gurdurr\n|-resisted|p1a: Gurdurr\n|-damage|p1a: Gurdurr|223/283\n|-enditem|p1a: Gurdurr|Eviolite|[from] move: Knock Off|[of] p2a: Incineroar\n|move|p1a: Gurdurr|Knock Off|p2a: Incineroar\n|-resisted|p2a: Incineroar\n|-damage|p2a: Incineroar|177/290\n|-enditem|p2a: Incineroar|Assault Vest|[from] move: Knock Off|[of] p1a: Gurdurr\n|\n|upkeep\n|turn|4\n|\n|t:|1781454174\n|move|p2a: Incineroar|U-turn|p1a: Gurdurr\n|-resisted|p1a: Gurdurr\n|-damage|p1a: Gurdurr|196/283\n|\n|t:|1781454176\n|switch|p2a: Salamence|Salamence, L77, F|273/273|[from] U-turn\n|move|p1a: Gurdurr|Knock Off|p2a: Salamence\n|-damage|p2a: Salamence|187/273\n|-enditem|p2a: Salamence|Heavy-Duty Boots|[from] move: Knock Off|[of] p1a: Gurdurr\n|\n|upkeep\n|turn|5\n|\n|t:|1781454185\n|switch|p1a: Piloswine|Piloswine, L85, F|309/309\n|move|p2a: Salamence|Dragon Dance|p2a: Salamence\n|-boost|p2a: Salamence|atk|1\n|-boost|p2a: Salamence|spe|1\n|\n|upkeep\n|turn|6\n|\n|t:|1781454190\n|switch|p2a: Hitmontop|Hitmontop, L88, M|231/231\n|move|p1a: Piloswine|Stealth Rock|p2a: Hitmontop\n|-sidestart|p2: marper8|move: Stealth Rock\n|\n|upkeep\n|turn|7\n|\n|t:|1781454203\n|switch|p1a: Pelipper|Pelipper, L86, F|243/243\n|-weather|RainDance|[from] ability: Drizzle|[of] p1a: Pelipper\n|move|p2a: Hitmontop|Rapid Spin|p1a: Pelipper\n|-damage|p1a: Pelipper|189/243\n|-boost|p2a: Hitmontop|spe|1\n|-sideend|p2: marper8|Stealth Rock|[from] move: Rapid Spin|[of] p2a: Hitmontop\n|\n|-weather|RainDance|[upkeep]\n|upkeep\n|turn|8\n|\n|t:|1781454207\n|switch|p2a: Blissey|Blissey, L85, F|572/572\n|move|p1a: Pelipper|Weather Ball|p2a: Blissey\n|-damage|p2a: Blissey|388/572\n|\n|-weather|RainDance|[upkeep]\n|-heal|p2a: Blissey|423/572|[from] item: Leftovers\n|upkeep\n|turn|9\n|\n|t:|1781454211\n|switch|p1a: Gurdurr|Gurdurr, L85, F|196/283\n|move|p2a: Blissey|Stealth Rock|p1a: Gurdurr\n|-sidestart|p1: SingWay|move: Stealth Rock\n|\n|-weather|RainDance|[upkeep]\n|-heal|p2a: Blissey|458/572|[from] item: Leftovers\n|upkeep\n|turn|10\n|\n|t:|1781454219\n|switch|p2a: Salamence|Salamence, L77, F|187/273\n|move|p1a: Gurdurr|Bulk Up|p1a: Gurdurr\n|-boost|p1a: Gurdurr|atk|1\n|-boost|p1a: Gurdurr|def|1\n|\n|-weather|RainDance|[upkeep]\n|upkeep\n|turn|11\n|\n|t:|1781454228\n|move|p2a: Salamence|Dragon Dance|p2a: Salamence\n|-boost|p2a: Salamence|atk|1\n|-boost|p2a: Salamence|spe|1\n|move|p1a: Gurdurr|Bulk Up|p1a: Gurdurr\n|-boost|p1a: Gurdurr|atk|1\n|-boost|p1a: Gurdurr|def|1\n|\n|-weather|none\n|upkeep\n|turn|12\n|\n|t:|1781454231\n|-terastallize|p1a: Gurdurr|Steel\n|move|p2a: Salamence|Dual Wingbeat|p1a: Gurdurr\n|-resisted|p1a: Gurdurr\n|-damage|p1a: Gurdurr|177/283\n|-resisted|p1a: Gurdurr\n|-damage|p1a: Gurdurr|159/283\n|-hitcount|p1a: Gurdurr|2\n|move|p1a: Gurdurr|Bulk Up|p1a: Gurdurr\n|-boost|p1a: Gurdurr|atk|1\n|-boost|p1a: Gurdurr|def|1\n|\n|upkeep\n|turn|13\n|\n|t:|1781454234\n|move|p2a: Salamence|Earthquake|p1a: Gurdurr\n|-supereffective|p1a: Gurdurr\n|-damage|p1a: Gurdurr|55/283\n|move|p1a: Gurdurr|Drain Punch|p2a: Salamence\n|-resisted|p2a: Salamence\n|-damage|p2a: Salamence|55/273\n|-heal|p1a: Gurdurr|121/283|[from] drain|[of] p2a: Salamence\n|\n|upkeep\n|turn|14\n|l|\u2606SingWay\n|inactive|SingWay disconnected and has a minute to reconnect!\n|player|p1|\n|j|\u2606SingWay\n|inactive|SingWay reconnected and has 140 seconds left.\n|player|p1|SingWay|burglar|\n|\n|t:|1781454252\n|move|p1a: Gurdurr|Mach Punch|p2a: Salamence\n|-resisted|p2a: Salamence\n|-damage|p2a: Salamence|0 fnt\n|faint|p2a: Salamence\n|\n|upkeep\n|\n|t:|1781454255\n|switch|p2a: Hitmontop|Hitmontop, L88, M|231/231\n|turn|15\n|\n|t:|1781454258\n|move|p2a: Hitmontop|Close Combat|p1a: Gurdurr\n|-supereffective|p1a: Gurdurr\n|-damage|p1a: Gurdurr|19/283\n|-unboost|p2a: Hitmontop|def|1\n|-unboost|p2a: Hitmontop|spd|1\n|move|p1a: Gurdurr|Drain Punch|p2a: Hitmontop\n|-damage|p2a: Hitmontop|0 fnt\n|-heal|p1a: Gurdurr|135/283|[from] drain|[of] p2a: Hitmontop\n|faint|p2a: Hitmontop\n|\n|upkeep\n|\n|t:|1781454261\n|switch|p2a: Barraskewda|Barraskewda, L81, M|231/231\n|turn|16\n|\n|t:|1781454263\n|move|p2a: Barraskewda|Close Combat|p1a: Gurdurr\n|-supereffective|p1a: Gurdurr\n|-damage|p1a: Gurdurr|27/283\n|-unboost|p2a: Barraskewda|def|1\n|-unboost|p2a: Barraskewda|spd|1\n|move|p1a: Gurdurr|Drain Punch|p2a: Barraskewda\n|-damage|p2a: Barraskewda|0 fnt\n|-heal|p1a: Gurdurr|143/283|[from] drain|[of] p2a: Barraskewda\n|faint|p2a: Barraskewda\n|\n|upkeep\n|-message|marper8 forfeited.\n|\n|win|SingWay\n", "inputlog": ">version a8376a258c1d4662feba110a92103f3664a72141\n>start {\"formatid\":\"gen9randombattle\",\"seed\":\"sodium,ddb37925e65ad033c320173afe88b5b0\",\"rated\":\"Rated battle\"}\n>player p1 {\"name\":\"SingWay\",\"avatar\":\"burglar\",\"rating\":2070,\"seed\":\"sodium,669382e8b216383774e9ff01cfe7f15c\"}\n>player p2 {\"name\":\"marper8\",\"avatar\":\"265\",\"rating\":2125,\"seed\":\"sodium,406c1d20cf69e0430c91841f48c0a365\"}\n>p1 move moonblast\n>p2 switch 6\n>p1 switch 2\n>p2 move fakeout\n>p1 move knockoff\n>p2 move knockoff\n>p1 move knockoff\n>p2 move uturn\n>p2 switch 6\n>p1 switch 3\n>p2 move dragondance\n>p1 move stealthrock\n>p2 switch 3\n>p1 switch 6\n>p2 move rapidspin\n>p1 move weatherball\n>p2 switch 5\n>p1 switch 3\n>p2 move stealthrock\n>p1 move bulkup\n>p2 switch 3\n>p1 move bulkup\n>p2 move dragondance\n>p1 move bulkup terastallize\n>p2 move dualwingbeat\n>p1 move drainpunch\n>p2 move earthquake\n>p1 move machpunch\n>p2 move earthquake\n>p2 switch 5\n>p1 move drainpunch\n>p2 move closecombat\n>p2 switch 4\n>p1 move drainpunch\n>p2 move closecombat\n>forcelose p2", "uploadtime": 1781454138, "views": 5, "formatid": "gen9randombattle", "rating": null, "private": 0, "password": null}