{"id": "gen9randombattle-2631613737", "format": "[Gen 9] Random Battle", "players": ["stone douchebag", "gangsta spongebob"], "log": "|j|\u2606stone douchebag\n|j|\u2606gangsta spongebob\n|t:|1781408987\n|gametype|singles\n|player|p1|stone douchebag|266|1930\n|player|p2|gangsta spongebob|170|1956\n|gen|9\n|tier|[Gen 9] Random Battle\n|rated|\n|rule|Species Clause: Limit one of each Pok\u00e9mon\n|rule|HP Percentage Mod: HP is shown in percentages\n|rule|Sleep Clause Mod: Limit one foe put to sleep\n|rule|Illusion Level Mod: Illusion disguises the Pok\u00e9mon's true level\n|\n|t:|1781408987\n|teamsize|p1|6\n|teamsize|p2|6\n|start\n|switch|p1a: Dragonite|Dragonite, L74, M|257/257\n|switch|p2a: Suicune|Suicune, L82|298/298\n|-ability|p2a: Suicune|Pressure\n|turn|1\n|c|\u2606gangsta spongebob|gl hf\n|\n|t:|1781408998\n|switch|p1a: Hypno|Hypno, L95, M|315/315\n|move|p2a: Suicune|Substitute|p2a: Suicune\n|-start|p2a: Suicune|Substitute\n|-damage|p2a: Suicune|224/298\n|\n|-heal|p2a: Suicune|242/298|[from] item: Leftovers\n|upkeep\n|turn|2\n|\n|t:|1781409014\n|move|p2a: Suicune|Scald|p1a: Hypno\n|-damage|p1a: Hypno|264/315\n|move|p1a: Hypno|Encore|p2a: Suicune\n|-start|p2a: Suicune|Encore\n|\n|-heal|p2a: Suicune|260/298|[from] item: Leftovers\n|-heal|p1a: Hypno|283/315|[from] item: Leftovers\n|upkeep\n|turn|3\n|\n|t:|1781409020\n|switch|p2a: Iron Leaves|Iron Leaves, L80|275/275\n|move|p1a: Hypno|Knock Off|p2a: Iron Leaves\n|-supereffective|p2a: Iron Leaves\n|-damage|p2a: Iron Leaves|125/275\n|-enditem|p2a: Iron Leaves|Choice Band|[from] move: Knock Off|[of] p1a: Hypno\n|\n|-heal|p1a: Hypno|302/315|[from] item: Leftovers\n|upkeep\n|turn|4\n|inactive|Battle timer is ON: inactive players will automatically lose when time's up. (requested by gangsta spongebob)\n|\n|t:|1781409046\n|move|p2a: Iron Leaves|Megahorn|p1a: Hypno|[miss]\n|-miss|p2a: Iron Leaves|p1a: Hypno\n|move|p1a: Hypno|Toxic|p2a: Iron Leaves\n|-status|p2a: Iron Leaves|tox\n|\n|-heal|p1a: Hypno|315/315|[from] item: Leftovers\n|-damage|p2a: Iron Leaves|108/275 tox|[from] psn\n|upkeep\n|turn|5\n|\n|t:|1781409063\n|move|p2a: Iron Leaves|Megahorn|p1a: Hypno\n|-supereffective|p1a: Hypno\n|-damage|p1a: Hypno|125/315\n|move|p1a: Hypno|Encore|p2a: Iron Leaves\n|-start|p2a: Iron Leaves|Encore\n|\n|-heal|p1a: Hypno|144/315|[from] item: Leftovers\n|-damage|p2a: Iron Leaves|74/275 tox|[from] psn\n|upkeep\n|turn|6\n|\n|t:|1781409067\n|switch|p1a: Oricorio|Oricorio-Sensu, L85, F|266/266\n|move|p2a: Iron Leaves|Megahorn|p1a: Oricorio\n|-resisted|p1a: Oricorio\n|-damage|p1a: Oricorio|236/266\n|\n|-damage|p2a: Iron Leaves|23/275 tox|[from] psn\n|upkeep\n|turn|7\n|\n|t:|1781409072\n|-end|p2a: Iron Leaves|Quark Drive|[silent]\n|switch|p2a: Pincurchin|Pincurchin, F|258/258\n|-fieldstart|move: Electric Terrain|[from] ability: Electric Surge|[of] p2a: Pincurchin\n|move|p1a: Oricorio|Quiver Dance|p1a: Oricorio\n|-boost|p1a: Oricorio|spa|1\n|-boost|p1a: Oricorio|spd|1\n|-boost|p1a: Oricorio|spe|1\n|\n|upkeep\n|turn|8\n|\n|t:|1781409078\n|switch|p1a: Hypno|Hypno, L95, M|144/315\n|move|p2a: Pincurchin|Thunderbolt|p1a: Hypno\n|-damage|p1a: Hypno|27/315\n|\n|-heal|p1a: Hypno|46/315|[from] item: Leftovers\n|upkeep\n|turn|9\n|\n|t:|1781409084\n|move|p1a: Hypno|Toxic|p2a: Pincurchin\n|-status|p2a: Pincurchin|tox\n|move|p2a: Pincurchin|Thunderbolt|p1a: Hypno\n|-damage|p1a: Hypno|0 fnt\n|faint|p1a: Hypno\n|\n|-damage|p2a: Pincurchin|242/258 tox|[from] psn\n|upkeep\n|\n|t:|1781409096\n|switch|p1a: Meowscarada|Meowscarada, L78, F|247/247\n|turn|10\n|\n|t:|1781409104\n|move|p1a: Meowscarada|Flower Trick|p2a: Pincurchin\n|-start|p1a: Meowscarada|typechange|Grass|[from] ability: Protean\n|-crit|p2a: Pincurchin\n|-damage|p2a: Pincurchin|121/258 tox\n|-damage|p1a: Meowscarada|223/247|[from] item: Life Orb\n|move|p2a: Pincurchin|Scald|p1a: Meowscarada\n|-resisted|p1a: Meowscarada\n|-damage|p1a: Meowscarada|173/247\n|\n|-heal|p2a: Pincurchin|137/258 tox|[from] item: Leftovers\n|-damage|p2a: Pincurchin|105/258 tox|[from] psn\n|upkeep\n|turn|11\n|\n|t:|1781409114\n|move|p1a: Meowscarada|Flower Trick|p2a: Pincurchin\n|-crit|p2a: Pincurchin\n|-damage|p2a: Pincurchin|0 fnt\n|faint|p2a: Pincurchin\n|-damage|p1a: Meowscarada|149/247|[from] item: Life Orb\n|\n|-fieldend|move: Electric Terrain\n|upkeep\n|\n|t:|1781409118\n|switch|p2a: Weezing|Weezing-Galar, L86, F|252/252\n|turn|12\n|\n|t:|1781409128\n|switch|p1a: Magcargo|Magcargo, L95, F|268/268\n|move|p2a: Weezing|Strange Steam|p1a: Magcargo\n|-resisted|p1a: Magcargo\n|-damage|p1a: Magcargo|223/268\n|\n|upkeep\n|turn|13\n|\n|t:|1781409136\n|switch|p2a: Primarina|Primarina, L83, F|268/268\n|move|p1a: Magcargo|Stealth Rock|p2a: Primarina\n|-sidestart|p2: gangsta spongebob|move: Stealth Rock\n|\n|upkeep\n|turn|14\n|\n|t:|1781409163\n|move|p2a: Primarina|Draining Kiss|p1a: Magcargo\n|-resisted|p1a: Magcargo\n|-damage|p1a: Magcargo|194/268\n|move|p1a: Magcargo|Power Gem|p2a: Primarina\n|-damage|p2a: Primarina|181/268\n|\n|-heal|p2a: Primarina|197/268|[from] item: Leftovers\n|upkeep\n|turn|15\n|\n|t:|1781409171\n|move|p2a: Primarina|Sparkling Aria|p1a: Magcargo\n|-supereffective|p1a: Magcargo\n|-damage|p1a: Magcargo|0 fnt\n|faint|p1a: Magcargo\n|\n|-heal|p2a: Primarina|213/268|[from] item: Leftovers\n|upkeep\n|\n|t:|1781409173\n|switch|p1a: Meowscarada|Meowscarada, L78, F|149/247\n|turn|16\n|\n|t:|1781409177\n|switch|p2a: Iron Leaves|Iron Leaves, L80|23/275 tox\n|-damage|p2a: Iron Leaves|0 fnt|[from] Stealth Rock\n|faint|p2a: Iron Leaves\n|-end|p2a: Iron Leaves|Quark Drive|[silent]\n|move|p1a: Meowscarada|Flower Trick|p2: Iron Leaves|[notarget]\n|-fail|p1a: Meowscarada\n|\n|upkeep\n|\n|t:|1781409182\n|switch|p2a: Weezing|Weezing-Galar, L86, F|252/252\n|-damage|p2a: Weezing|221/252|[from] Stealth Rock\n|turn|17\n|\n|t:|1781409188\n|move|p1a: Meowscarada|Toxic Spikes|p2a: Weezing\n|-start|p1a: Meowscarada|typechange|Poison|[from] ability: Protean\n|-sidestart|p2: gangsta spongebob|move: Toxic Spikes\n|move|p2a: Weezing|Defog|p1a: Meowscarada\n|-unboost|p1a: Meowscarada|evasion|1\n|-sideend|p2: gangsta spongebob|Toxic Spikes|[from] move: Defog|[of] p2a: Weezing\n|-sideend|p2: gangsta spongebob|Stealth Rock|[from] move: Defog|[of] p2a: Weezing\n|\n|-heal|p2a: Weezing|236/252|[from] item: Leftovers\n|upkeep\n|turn|18\n|\n|t:|1781409199\n|switch|p1a: Espathra|Espathra, L80, M|283/283\n|move|p2a: Weezing|Strange Steam|p1a: Espathra\n|-damage|p1a: Espathra|153/283\n|\n|-heal|p1a: Espathra|170/283|[from] item: Leftovers\n|-heal|p2a: Weezing|251/252|[from] item: Leftovers\n|upkeep\n|turn|19\n|\n|t:|1781409204\n|move|p1a: Espathra|Calm Mind|p1a: Espathra\n|-boost|p1a: Espathra|spa|1\n|-boost|p1a: Espathra|spd|1\n|move|p2a: Weezing|Gunk Shot|p1a: Espathra\n|-damage|p1a: Espathra|2/283\n|\n|-heal|p1a: Espathra|19/283|[from] item: Leftovers\n|-heal|p2a: Weezing|252/252|[from] item: Leftovers\n|-ability|p1a: Espathra|Speed Boost|boost\n|-boost|p1a: Espathra|spe|1\n|upkeep\n|turn|20\n|\n|t:|1781409210\n|-terastallize|p2a: Weezing|Steel\n|move|p1a: Espathra|Stored Power|p2a: Weezing\n|-resisted|p2a: Weezing\n|-damage|p2a: Weezing|186/252\n|move|p2a: Weezing|Strange Steam|p1a: Espathra\n|-damage|p1a: Espathra|0 fnt\n|faint|p1a: Espathra\n|\n|-heal|p2a: Weezing|201/252|[from] item: Leftovers\n|upkeep\n|\n|t:|1781409216\n|switch|p1a: Dragonite|Dragonite, L74, M|257/257\n|turn|21\n|\n|t:|1781409227\n|move|p1a: Dragonite|Dragon Dance|p1a: Dragonite\n|-boost|p1a: Dragonite|atk|1\n|-boost|p1a: Dragonite|spe|1\n|move|p2a: Weezing|Strange Steam|p1a: Dragonite\n|-supereffective|p1a: Dragonite\n|-damage|p1a: Dragonite|169/257\n|-start|p1a: Dragonite|confusion\n|\n|-heal|p2a: Weezing|216/252|[from] item: Leftovers\n|upkeep\n|turn|22\n|\n|t:|1781409233\n|-activate|p1a: Dragonite|confusion\n|-damage|p1a: Dragonite|126/257|[from] confusion\n|move|p2a: Weezing|Strange Steam|p1a: Dragonite\n|-supereffective|p1a: Dragonite\n|-damage|p1a: Dragonite|0 fnt\n|faint|p1a: Dragonite\n|\n|-heal|p2a: Weezing|231/252|[from] item: Leftovers\n|upkeep\n|-message|stone douchebag forfeited.\n|\n|win|gangsta spongebob\n", "inputlog": ">version a8376a258c1d4662feba110a92103f3664a72141\n>start {\"formatid\":\"gen9randombattle\",\"seed\":\"sodium,e332d03b9c07ea3d84bd6413ae8b3eaf\",\"rated\":\"Rated battle\"}\n>player p1 {\"name\":\"stone douchebag\",\"avatar\":\"266\",\"rating\":1930,\"seed\":\"sodium,0b6b94fa2d9f430c880fb696caec31ad\"}\n>player p2 {\"name\":\"gangsta spongebob\",\"avatar\":\"170\",\"rating\":1956,\"seed\":\"sodium,7770370842ef7ec9d4a696480deec92a\"}\n>chat \u2606gangsta spongebob|gl hf\n>p1 switch 2\n>p2 move substitute\n>p1 move encore\n>p2 move scald\n>p1 move knockoff\n>p2 switch 6\n>p1 move toxic\n>p2 move megahorn\n>p1 move encore\n>p2 move megahorn\n>p1 switch 3\n>p2 move megahorn\n>p1 move quiverdance\n>p2 switch 4\n>p1 switch 3\n>p2 move thunderbolt\n>p1 move toxic\n>p2 move thunderbolt\n>p1 switch 5\n>p1 move flowertrick\n>p2 move scald\n>p1 move flowertrick\n>p2 move scald\n>p2 switch 2\n>p1 switch 6\n>p2 move strangesteam\n>p1 move stealthrock\n>p2 switch 3\n>p1 move powergem\n>p2 move drainingkiss\n>p1 move powergem\n>p2 move sparklingaria\n>p1 switch 6\n>p1 move flowertrick\n>p2 switch 4\n>p2 switch 3\n>p1 move toxicspikes\n>p2 move defog\n>p1 switch 4\n>p2 move strangesteam\n>p1 move calmmind\n>p2 move gunkshot\n>p1 move storedpower\n>p2 move strangesteam terastallize\n>p1 switch 2\n>p1 move dragondance\n>p2 move strangesteam\n>p1 move earthquake\n>p2 move strangesteam\n>forcelose p1", "uploadtime": 1781408989, "views": 4, "formatid": "gen9randombattle", "rating": null, "private": 0, "password": null}