{"id": "gen9randombattle-2631803821", "format": "[Gen 9] Random Battle", "players": ["marrickchill", "Greedy Rapooh"], "log": "|j|\u2606marrickchill\n|j|\u2606Greedy Rapooh\n|t:|1781442034\n|gametype|singles\n|player|p1|marrickchill|1|2069\n|player|p2|Greedy Rapooh|acerola-masters|2098\n|gen|9\n|tier|[Gen 9] Random Battle\n|rated|\n|rule|Species Clause: Limit one of each Pok\u00e9mon\n|rule|HP Percentage Mod: HP is shown in percentages\n|rule|Sleep Clause Mod: Limit one foe put to sleep\n|rule|Illusion Level Mod: Illusion disguises the Pok\u00e9mon's true level\n|\n|t:|1781442034\n|teamsize|p1|6\n|teamsize|p2|6\n|start\n|switch|p1a: Scizor|Scizor, L79, M|240/240\n|switch|p2a: Dondozo|Dondozo, L78, F|362/362\n|turn|1\n|j| mugimogger\n|\n|t:|1781442044\n|move|p1a: Scizor|Knock Off|p2a: Dondozo\n|-damage|p2a: Dondozo|281/362\n|-enditem|p2a: Dondozo|Leftovers|[from] move: Knock Off|[of] p1a: Scizor\n|-damage|p1a: Scizor|216/240|[from] item: Life Orb\n|move|p2a: Dondozo|Wave Crash|p1a: Scizor\n|-damage|p1a: Scizor|111/240\n|-damage|p2a: Dondozo|246/362|[from] Recoil\n|\n|upkeep\n|turn|2\n|inactive|Battle timer is ON: inactive players will automatically lose when time's up. (requested by Greedy Rapooh)\n|\n|t:|1781442047\n|switch|p1a: Gastrodon|Gastrodon-East, L86, M|331/331\n|move|p2a: Dondozo|Wave Crash|p1a: Gastrodon\n|-ability|p1a: Gastrodon|Storm Drain|boost\n|-boost|p1a: Gastrodon|spa|1\n|\n|upkeep\n|turn|3\n|\n|t:|1781442050\n|switch|p2a: Glaceon|Glaceon, L94, F|275/275\n|move|p1a: Gastrodon|Stealth Rock|p2a: Glaceon\n|-sidestart|p2: Greedy Rapooh|move: Stealth Rock\n|\n|upkeep\n|turn|4\n|\n|t:|1781442055\n|switch|p1a: Scizor|Scizor, L79, M|111/240\n|move|p2a: Glaceon|Wish|p2a: Glaceon\n|\n|upkeep\n|turn|5\n|\n|t:|1781442059\n|switch|p2a: Swanna|Swanna, L89, M|278/278\n|move|p1a: Scizor|Swords Dance|p1a: Scizor\n|-boost|p1a: Scizor|atk|2\n|\n|upkeep\n|turn|6\n|\n|t:|1781442063\n|move|p1a: Scizor|Bullet Punch|p2a: Swanna\n|-resisted|p2a: Swanna\n|-damage|p2a: Swanna|174/278\n|-damage|p1a: Scizor|87/240|[from] item: Life Orb\n|move|p2a: Swanna|Hydro Pump|p1a: Scizor|[miss]\n|-miss|p2a: Swanna|p1a: Scizor\n|\n|upkeep\n|turn|7\n|\n|t:|1781442068\n|move|p1a: Scizor|Bullet Punch|p2a: Swanna\n|-resisted|p2a: Swanna\n|-damage|p2a: Swanna|73/278\n|-damage|p1a: Scizor|63/240|[from] item: Life Orb\n|move|p2a: Swanna|Defog|p1a: Scizor\n|-unboost|p1a: Scizor|evasion|1\n|-sideend|p2: Greedy Rapooh|Stealth Rock|[from] move: Defog|[of] p2a: Swanna\n|\n|upkeep\n|turn|8\n|\n|t:|1781442071\n|switch|p2a: Dondozo|Dondozo, L78, F|246/362\n|move|p1a: Scizor|Bullet Punch|p2a: Dondozo\n|-resisted|p2a: Dondozo\n|-damage|p2a: Dondozo|203/362\n|-damage|p1a: Scizor|39/240|[from] item: Life Orb\n|\n|upkeep\n|turn|9\n|\n|t:|1781442076\n|move|p1a: Scizor|Bug Bite|p2a: Dondozo\n|-damage|p2a: Dondozo|73/362\n|-damage|p1a: Scizor|15/240|[from] item: Life Orb\n|move|p2a: Dondozo|Rest|p2a: Dondozo\n|-status|p2a: Dondozo|slp|[from] move: Rest\n|-heal|p2a: Dondozo|362/362 slp|[silent]\n|\n|upkeep\n|turn|10\n|\n|t:|1781442080\n|switch|p1a: Gastrodon|Gastrodon-East, L86, M|331/331\n|cant|p2a: Dondozo|slp\n|move|p2a: Dondozo|Sleep Talk|p2a: Dondozo\n|move|p2a: Dondozo|Rest||[from] move: Sleep Talk|[still]\n|-fail|p2a: Dondozo\n|\n|upkeep\n|turn|11\n|\n|t:|1781442083\n|switch|p2a: Swanna|Swanna, L89, M|73/278\n|move|p1a: Gastrodon|Sludge Bomb|p2a: Swanna\n|-damage|p2a: Swanna|0 fnt\n|faint|p2a: Swanna\n|\n|upkeep\n|\n|t:|1781442086\n|switch|p2a: Hawlucha|Hawlucha, L80, F|256/256\n|turn|12\n|\n|t:|1781442089\n|switch|p1a: Lunala|Lunala, L70|308/308\n|move|p2a: Hawlucha|Swords Dance|p2a: Hawlucha\n|-boost|p2a: Hawlucha|atk|2\n|\n|upkeep\n|turn|13\n|\n|t:|1781442094\n|switch|p1a: Scizor|Scizor, L79, M|15/240\n|move|p2a: Hawlucha|Throat Chop|p1a: Scizor\n|-damage|p1a: Scizor|0 fnt\n|faint|p1a: Scizor\n|\n|upkeep\n|\n|t:|1781442098\n|switch|p1a: Toxtricity|Toxtricity, L82, M|257/257\n|turn|14\n|\n|t:|1781442103\n|move|p2a: Hawlucha|Throat Chop|p1a: Toxtricity\n|-damage|p1a: Toxtricity|128/257\n|-start|p1a: Toxtricity|Throat Chop|[silent]\n|cant|p1a: Toxtricity|move: Throat Chop\n|\n|upkeep\n|turn|15\n|\n|t:|1781442109\n|move|p2a: Hawlucha|Swords Dance|p2a: Hawlucha\n|-boost|p2a: Hawlucha|atk|2\n|move|p1a: Toxtricity|Gunk Shot|p2a: Hawlucha\n|-damage|p2a: Hawlucha|118/256\n|-status|p2a: Hawlucha|psn\n|\n|-damage|p2a: Hawlucha|86/256 psn|[from] psn\n|-end|p1a: Toxtricity|Throat Chop|[silent]\n|upkeep\n|turn|16\n|\n|t:|1781442114\n|switch|p1a: Brambleghast|Brambleghast, L88, F|240/240\n|move|p2a: Hawlucha|Close Combat|p1a: Brambleghast\n|-immune|p1a: Brambleghast\n|\n|-damage|p2a: Hawlucha|54/256 psn|[from] psn\n|upkeep\n|turn|17\n|\n|t:|1781442120\n|switch|p1a: Toxtricity|Toxtricity, L82, M|128/257\n|move|p2a: Hawlucha|Throat Chop|p1a: Toxtricity\n|-damage|p1a: Toxtricity|0 fnt\n|faint|p1a: Toxtricity\n|\n|-damage|p2a: Hawlucha|22/256 psn|[from] psn\n|upkeep\n|\n|t:|1781442127\n|switch|p1a: Gastrodon|Gastrodon-East, L86, M|331/331\n|turn|18\n|\n|t:|1781442134\n|move|p2a: Hawlucha|Brave Bird|p1a: Gastrodon\n|-damage|p1a: Gastrodon|0 fnt\n|faint|p1a: Gastrodon\n|-damage|p2a: Hawlucha|0 fnt|[from] Recoil\n|faint|p2a: Hawlucha\n|\n|upkeep\n|\n|t:|1781442141\n|switch|p2a: Raikou|Raikou, L81|278/278\n|switch|p1a: Flamigo|Flamigo, L82, F|269/269\n|-ability|p2a: Raikou|Pressure\n|turn|19\n|\n|t:|1781442144\n|switch|p1a: Brambleghast|Brambleghast, L88, F|240/240\n|move|p2a: Raikou|Calm Mind|p2a: Raikou\n|-boost|p2a: Raikou|spa|1\n|-boost|p2a: Raikou|spd|1\n|\n|upkeep\n|turn|20\n|\n|t:|1781442148\n|move|p2a: Raikou|Scald|p1a: Brambleghast\n|-resisted|p1a: Brambleghast\n|-damage|p1a: Brambleghast|188/240\n|move|p1a: Brambleghast|Power Whip|p2a: Raikou\n|-damage|p2a: Raikou|86/278\n|\n|-heal|p2a: Raikou|103/278|[from] item: Leftovers\n|-heal|p1a: Brambleghast|203/240|[from] item: Leftovers\n|upkeep\n|turn|21\n|\n|t:|1781442152\n|move|p2a: Raikou|Scald|p1a: Brambleghast\n|-resisted|p1a: Brambleghast\n|-damage|p1a: Brambleghast|156/240\n|-status|p1a: Brambleghast|brn\n|move|p1a: Brambleghast|Poltergeist|p2a: Raikou\n|-activate|p2a: Raikou|move: Poltergeist|Leftovers\n|-damage|p2a: Raikou|20/278\n|\n|-heal|p2a: Raikou|37/278|[from] item: Leftovers\n|-heal|p1a: Brambleghast|171/240 brn|[from] item: Leftovers\n|-damage|p1a: Brambleghast|156/240 brn|[from] brn\n|upkeep\n|turn|22\n|\n|t:|1781442159\n|switch|p2a: Glaceon|Glaceon, L94, F|275/275\n|move|p1a: Brambleghast|Spikes|p2a: Glaceon\n|-sidestart|p2: Greedy Rapooh|Spikes\n|\n|-heal|p1a: Brambleghast|171/240 brn|[from] item: Leftovers\n|-damage|p1a: Brambleghast|156/240 brn|[from] brn\n|upkeep\n|turn|23\n|\n|t:|1781442163\n|move|p1a: Brambleghast|Spikes|p2a: Glaceon\n|-sidestart|p2: Greedy Rapooh|Spikes\n|move|p2a: Glaceon|Freeze-Dry|p1a: Brambleghast\n|-supereffective|p1a: Brambleghast\n|-damage|p1a: Brambleghast|0 fnt\n|faint|p1a: Brambleghast\n|\n|upkeep\n|\n|t:|1781442167\n|switch|p1a: Flamigo|Flamigo, L82, F|269/269\n|turn|24\n|\n|t:|1781442170\n|-terastallize|p1a: Flamigo|Fighting\n|move|p1a: Flamigo|Close Combat|p2a: Glaceon\n|-supereffective|p2a: Glaceon\n|-damage|p2a: Glaceon|0 fnt\n|-unboost|p1a: Flamigo|def|1\n|-unboost|p1a: Flamigo|spd|1\n|faint|p2a: Glaceon\n|-damage|p1a: Flamigo|243/269|[from] item: Life Orb\n|\n|upkeep\n|j| keroconext1\n|\n|t:|1781442174\n|switch|p2a: Typhlosion|Typhlosion, L84, F|267/267\n|-damage|p2a: Typhlosion|223/267|[from] Spikes\n|turn|25\n|\n|t:|1781442178\n|-terastallize|p2a: Typhlosion|Fire\n|move|p2a: Typhlosion|Eruption|p1a: Flamigo\n|-damage|p1a: Flamigo|0 fnt\n|faint|p1a: Flamigo\n|\n|upkeep\n|\n|t:|1781442180\n|switch|p1a: Lunala|Lunala, L70|308/308\n|turn|26\n|\n|t:|1781442184\n|move|p2a: Typhlosion|Eruption|p1a: Lunala\n|-damage|p1a: Lunala|211/308\n|move|p1a: Lunala|Moongeist Beam|p2a: Typhlosion\n|-damage|p2a: Typhlosion|126/267\n|\n|-heal|p1a: Lunala|230/308|[from] item: Leftovers\n|upkeep\n|turn|27\n|\n|t:|1781442189\n|move|p2a: Typhlosion|Eruption|p1a: Lunala\n|-damage|p1a: Lunala|110/308\n|move|p1a: Lunala|Calm Mind|p1a: Lunala\n|-boost|p1a: Lunala|spa|1\n|-boost|p1a: Lunala|spd|1\n|\n|-heal|p1a: Lunala|129/308|[from] item: Leftovers\n|upkeep\n|turn|28\n|\n|t:|1781442194\n|switch|p2a: Dondozo|Dondozo, L78, F|362/362 slp\n|-damage|p2a: Dondozo|302/362 slp|[from] Spikes\n|move|p1a: Lunala|Moonlight|p1a: Lunala\n|-heal|p1a: Lunala|283/308\n|\n|-heal|p1a: Lunala|302/308|[from] item: Leftovers\n|upkeep\n|turn|29\n|\n|t:|1781442198\n|move|p1a: Lunala|Moongeist Beam|p2a: Dondozo\n|-damage|p2a: Dondozo|88/362 slp\n|cant|p2a: Dondozo|slp\n|move|p2a: Dondozo|Sleep Talk|p2a: Dondozo\n|move|p2a: Dondozo|Rest||[from] move: Sleep Talk|[still]\n|-fail|p2a: Dondozo\n|\n|-heal|p1a: Lunala|308/308|[from] item: Leftovers\n|upkeep\n|turn|30\n|\n|t:|1781442202\n|move|p1a: Lunala|Moongeist Beam|p2a: Dondozo\n|-damage|p2a: Dondozo|0 fnt\n|faint|p2a: Dondozo\n|\n|upkeep\n|\n|t:|1781442204\n|switch|p2a: Raikou|Raikou, L81|37/278\n|-damage|p2a: Raikou|0 fnt|[from] Spikes\n|faint|p2a: Raikou\n|\n|t:|1781442206\n|switch|p2a: Typhlosion|Typhlosion, L84, F, tera:Fire|126/267\n|-damage|p2a: Typhlosion|82/267|[from] Spikes\n|turn|31\n|l|\u2606Greedy Rapooh\n|inactive|Greedy Rapooh disconnected and has a minute to reconnect!\n|player|p2|\n|inactive|Greedy Rapooh has 30 seconds to reconnect!\n|inactive|Greedy Rapooh has 20 seconds to reconnect!\n|inactive|Greedy Rapooh has 15 seconds to reconnect!\n|inactive|Greedy Rapooh has 10 seconds to reconnect!\n|inactive|Greedy Rapooh has 5 seconds to reconnect!\n|-message|Greedy Rapooh lost due to inactivity.\n|\n|win|marrickchill\n", "inputlog": ">version a8376a258c1d4662feba110a92103f3664a72141\n>start {\"formatid\":\"gen9randombattle\",\"seed\":\"sodium,59ccb10c22e42ab5909482ebe228865d\",\"rated\":\"Rated battle\"}\n>player p1 {\"name\":\"marrickchill\",\"avatar\":\"1\",\"rating\":2069,\"seed\":\"sodium,6332aae1063d62ace908672e6d29870f\"}\n>player p2 {\"name\":\"Greedy Rapooh\",\"avatar\":\"acerola-masters\",\"rating\":2098,\"seed\":\"sodium,737589488216ce51623d169ad2a5029c\"}\n>p1 move knockoff\n>p2 move wavecrash\n>p1 switch 4\n>p2 move wavecrash\n>p1 move stealthrock\n>p2 switch 4\n>p1 switch 4\n>p2 move wish\n>p1 move swordsdance\n>p2 switch 6\n>p1 move bulletpunch\n>p2 move hydropump\n>p1 move bulletpunch\n>p2 move defog\n>p1 move bulletpunch\n>p2 switch 4\n>p1 move bugbite\n>p2 move rest\n>p1 switch 4\n>p2 move sleeptalk\n>p1 move sludgebomb\n>p2 switch 4\n>p2 switch 5\n>p1 switch 3\n>p2 move swordsdance\n>p1 switch 4\n>p2 move throatchop\n>p1 switch 2\n>p1 move overdrive\n>p2 move throatchop\n>p1 move gunkshot\n>p2 move swordsdance\n>p1 switch 5\n>p2 move closecombat\n>p1 switch 5\n>p2 move throatchop\n>p1 switch 3\n>p1 move stealthrock\n>p2 move bravebird\n>p1 switch 6\n>p2 switch 2\n>p1 switch 5\n>p2 move calmmind\n>p1 move powerwhip\n>p2 move scald\n>p1 move poltergeist\n>p2 move scald\n>p1 move spikes\n>p2 switch 6\n>p1 move spikes\n>p2 move freezedry\n>p1 switch 5\n>p1 move closecombat terastallize\n>p2 move freezedry\n>p2 switch 3\n>p1 move closecombat\n>p2 move eruption terastallize\n>p1 switch 4\n>p1 move moongeistbeam\n>p2 move eruption\n>p1 move calmmind\n>p2 move eruption\n>p1 move moonlight\n>p2 switch 4\n>p1 move moongeistbeam\n>p2 move sleeptalk\n>p1 move moongeistbeam\n>p2 move wavecrash\n>p2 switch 6\n>p2 switch 4\n>forcelose p2", "uploadtime": 1781442036, "views": 4, "formatid": "gen9randombattle", "rating": null, "private": 0, "password": null}