{"id": "gen9randombattle-2631981266", "format": "[Gen 9] Random Battle", "players": ["personanongrattata", "aceguy123"], "log": "|j|\u2606personanongrattata\n|j|\u2606aceguy123\n|t:|1781462420\n|gametype|singles\n|player|p1|personanongrattata|youngster-gen4dp|2217\n|player|p2|aceguy123|firebreather|2262\n|gen|9\n|tier|[Gen 9] Random Battle\n|rated|\n|rule|Species Clause: Limit one of each Pok\u00e9mon\n|rule|HP Percentage Mod: HP is shown in percentages\n|rule|Sleep Clause Mod: Limit one foe put to sleep\n|rule|Illusion Level Mod: Illusion disguises the Pok\u00e9mon's true level\n|\n|t:|1781462420\n|teamsize|p1|6\n|teamsize|p2|6\n|start\n|switch|p1a: Annihilape|Annihilape, L76, M|292/292\n|switch|p2a: Ambipom|Ambipom, L84, F|263/263\n|turn|1\n|inactive|Battle timer is ON: inactive players will automatically lose when time's up. (requested by personanongrattata)\n|inactive|aceguy123 has 120 seconds left.\n|\n|t:|1781462456\n|switch|p2a: Hippowdon|Hippowdon, L82, F|311/311\n|-weather|Sandstorm|[from] ability: Sand Stream|[of] p2a: Hippowdon\n|move|p1a: Annihilape|Bulk Up|p1a: Annihilape\n|-boost|p1a: Annihilape|atk|1\n|-boost|p1a: Annihilape|def|1\n|\n|-weather|Sandstorm|[upkeep]\n|-damage|p1a: Annihilape|274/292|[from] Sandstorm\n|upkeep\n|turn|2\n|\n|t:|1781462469\n|switch|p2a: Indeedee|Indeedee-F, L90, F|272/272\n|-fieldstart|move: Psychic Terrain|[from] ability: Psychic Surge|[of] p2a: Indeedee\n|move|p1a: Annihilape|Bulk Up|p1a: Annihilape\n|-boost|p1a: Annihilape|atk|1\n|-boost|p1a: Annihilape|def|1\n|\n|-weather|Sandstorm|[upkeep]\n|-damage|p2a: Indeedee|255/272|[from] Sandstorm\n|-damage|p1a: Annihilape|256/292|[from] Sandstorm\n|upkeep\n|turn|3\n|\n|t:|1781462474\n|switch|p1a: Mabosstiff|Mabosstiff, L86, F|278/278\n|move|p2a: Indeedee|Psyshock|p1a: Mabosstiff\n|-immune|p1a: Mabosstiff\n|\n|-weather|Sandstorm|[upkeep]\n|-damage|p2a: Indeedee|238/272|[from] Sandstorm\n|-damage|p1a: Mabosstiff|261/278|[from] Sandstorm\n|upkeep\n|turn|4\n|\n|t:|1781462492\n|switch|p2a: Hippowdon|Hippowdon, L82, F|311/311\n|move|p1a: Mabosstiff|Crunch|p2a: Hippowdon\n|-damage|p2a: Hippowdon|71/311\n|\n|-weather|Sandstorm|[upkeep]\n|-damage|p1a: Mabosstiff|244/278|[from] Sandstorm\n|-heal|p2a: Hippowdon|90/311|[from] item: Leftovers\n|upkeep\n|turn|5\n|\n|t:|1781462497\n|move|p1a: Mabosstiff|Crunch|p2a: Hippowdon\n|-damage|p2a: Hippowdon|0 fnt\n|faint|p2a: Hippowdon\n|\n|-weather|none\n|upkeep\n|\n|t:|1781462504\n|switch|p2a: Urshifu|Urshifu-Rapid-Strike, L75, F|274/274\n|turn|6\n|\n|t:|1781462514\n|switch|p1a: Venomoth|Venomoth, L84, F|255/255\n|move|p2a: Urshifu|U-turn|p1a: Venomoth\n|-resisted|p1a: Venomoth\n|-damage|p1a: Venomoth|203/255\n|\n|t:|1781462538\n|switch|p2a: Indeedee|Indeedee-F, L90, F|238/272|[from] U-turn\n|\n|-fieldend|move: Psychic Terrain\n|upkeep\n|turn|7\n|\n|t:|1781462544\n|switch|p1a: Wo-Chien|Wo-Chien, L83|277/277\n|-ability|p1a: Wo-Chien|Tablets of Ruin\n|move|p2a: Indeedee|Calm Mind|p2a: Indeedee\n|-boost|p2a: Indeedee|spa|1\n|-boost|p2a: Indeedee|spd|1\n|\n|upkeep\n|turn|8\n|\n|t:|1781462548\n|move|p2a: Indeedee|Dazzling Gleam|p1a: Wo-Chien\n|-supereffective|p1a: Wo-Chien\n|-damage|p1a: Wo-Chien|90/277\n|-damage|p2a: Indeedee|211/272|[from] item: Life Orb\n|move|p1a: Wo-Chien|Stun Spore|p2a: Indeedee|[miss]\n|-miss|p1a: Wo-Chien|p2a: Indeedee\n|\n|-heal|p1a: Wo-Chien|107/277|[from] item: Leftovers\n|upkeep\n|turn|9\n|\n|t:|1781462572\n|move|p2a: Indeedee|Hyper Voice|p1a: Wo-Chien\n|-damage|p1a: Wo-Chien|0 fnt\n|faint|p1a: Wo-Chien\n|-damage|p2a: Indeedee|184/272|[from] item: Life Orb\n|\n|upkeep\n|\n|t:|1781462582\n|switch|p1a: Terapagos|Terapagos, L77, F|265/265\n|-activate|p1a: Terapagos|ability: Tera Shift\n|detailschange|p1a: Terapagos|Terapagos-Terastal, L77, F\n|-heal|p1a: Terapagos|273/273|[silent]\n|turn|10\n|\n|t:|1781462591\n|move|p2a: Indeedee|Hyper Voice|p1a: Terapagos\n|-activate|p1a: Terapagos|ability: Tera Shell\n|-resisted|p1a: Terapagos\n|-damage|p1a: Terapagos|172/273\n|-damage|p2a: Indeedee|157/272|[from] item: Life Orb\n|move|p1a: Terapagos|Calm Mind|p1a: Terapagos\n|-boost|p1a: Terapagos|spa|1\n|-boost|p1a: Terapagos|spd|1\n|\n|upkeep\n|turn|11\n|\n|t:|1781462595\n|move|p2a: Indeedee|Psyshock|p1a: Terapagos\n|-damage|p1a: Terapagos|0 fnt\n|faint|p1a: Terapagos\n|-damage|p2a: Indeedee|130/272|[from] item: Life Orb\n|\n|upkeep\n|\n|t:|1781462600\n|switch|p1a: Palafin|Palafin, L77, F|281/281\n|turn|12\n|\n|t:|1781462604\n|move|p2a: Indeedee|Psyshock|p1a: Palafin\n|-damage|p1a: Palafin|61/281\n|-damage|p2a: Indeedee|103/272|[from] item: Life Orb\n|move|p1a: Palafin|Flip Turn|p2a: Indeedee\n|-damage|p2a: Indeedee|34/272\n|\n|t:|1781462610\n|detailschange|p1a: Palafin|Palafin-Hero, L77, F\n|switch|p1a: Mabosstiff|Mabosstiff, L86, F|244/278|[from] Flip Turn\n|\n|upkeep\n|turn|13\n|\n|t:|1781462615\n|move|p2a: Indeedee|Dazzling Gleam|p1a: Mabosstiff\n|-supereffective|p1a: Mabosstiff\n|-damage|p1a: Mabosstiff|0 fnt\n|faint|p1a: Mabosstiff\n|-damage|p2a: Indeedee|7/272|[from] item: Life Orb\n|\n|upkeep\n|\n|t:|1781462618\n|switch|p1a: Palafin|Palafin-Hero, L77, F|61/281\n|-activate|p1a: Palafin|ability: Zero to Hero\n|turn|14\n|\n|t:|1781462623\n|switch|p2a: Tsareena|Tsareena, L87, F|267/267\n|move|p1a: Palafin|Jet Punch||[still]\n|cant|p2a: Tsareena|ability: Queenly Majesty|Jet Punch|[of] p1a: Palafin\n|\n|upkeep\n|turn|15\n|\n|t:|1781462631\n|switch|p1a: Annihilape|Annihilape, L76, M|256/292\n|switch|p2a: Indeedee|Indeedee-F, L90, F|7/272\n|-fieldstart|move: Psychic Terrain|[from] ability: Psychic Surge|[of] p2a: Indeedee\n|\n|upkeep\n|turn|16\n|\n|t:|1781462634\n|switch|p1a: Palafin|Palafin-Hero, L77, F|61/281\n|move|p2a: Indeedee|Psyshock|p1a: Palafin\n|-damage|p1a: Palafin|0 fnt\n|faint|p1a: Palafin\n|-damage|p2a: Indeedee|0 fnt|[from] item: Life Orb\n|faint|p2a: Indeedee\n|\n|upkeep\n|\n|t:|1781462641\n|switch|p2a: Urshifu|Urshifu-Rapid-Strike, L75, F|274/274\n|switch|p1a: Annihilape|Annihilape, L76, M|256/292\n|turn|17\n|\n|t:|1781462658\n|move|p2a: Urshifu|U-turn|p1a: Annihilape\n|-resisted|p1a: Annihilape\n|-damage|p1a: Annihilape|235/292\n|\n|t:|1781462659\n|switch|p2a: Ambipom|Ambipom, L84, F|263/263|[from] U-turn\n|move|p1a: Annihilape|Rest|p1a: Annihilape\n|-status|p1a: Annihilape|slp|[from] move: Rest\n|-heal|p1a: Annihilape|292/292 slp|[silent]\n|-enditem|p1a: Annihilape|Chesto Berry|[eat]\n|-curestatus|p1a: Annihilape|slp|[msg]\n|\n|upkeep\n|turn|18\n|\n|t:|1781462662\n|move|p2a: Ambipom|Knock Off|p1a: Annihilape\n|-damage|p1a: Annihilape|212/292\n|move|p1a: Annihilape|Bulk Up|p1a: Annihilape\n|-boost|p1a: Annihilape|atk|1\n|-boost|p1a: Annihilape|def|1\n|\n|upkeep\n|turn|19\n|\n|t:|1781462664\n|move|p2a: Ambipom|Knock Off|p1a: Annihilape\n|-damage|p1a: Annihilape|157/292\n|move|p1a: Annihilape|Drain Punch|p2a: Ambipom\n|-supereffective|p2a: Ambipom\n|-damage|p2a: Ambipom|0 fnt\n|-heal|p1a: Annihilape|289/292|[from] drain|[of] p2a: Ambipom\n|faint|p2a: Ambipom\n|\n|-fieldend|move: Psychic Terrain\n|upkeep\n|\n|t:|1781462667\n|switch|p2a: Urshifu|Urshifu-Rapid-Strike, L75, F|274/274\n|turn|20\n|\n|t:|1781462670\n|-terastallize|p2a: Urshifu|Water\n|move|p2a: Urshifu|Surging Strikes|p1a: Annihilape\n|-crit|p1a: Annihilape\n|-damage|p1a: Annihilape|193/292\n|-crit|p1a: Annihilape\n|-damage|p1a: Annihilape|93/292\n|-crit|p1a: Annihilape\n|-damage|p1a: Annihilape|0 fnt\n|faint|p1a: Annihilape\n|-hitcount|p1: Annihilape|3\n|\n|upkeep\n|\n|t:|1781462672\n|switch|p1a: Venomoth|Venomoth, L84, F|203/255\n|turn|21\n|\n|t:|1781462677\n|move|p1a: Venomoth|Sleep Powder|p2a: Urshifu\n|-status|p2a: Urshifu|slp|[from] move: Sleep Powder\n|cant|p2a: Urshifu|slp\n|\n|upkeep\n|turn|22\n|\n|t:|1781462680\n|move|p1a: Venomoth|Quiver Dance|p1a: Venomoth\n|-boost|p1a: Venomoth|spa|1\n|-boost|p1a: Venomoth|spd|1\n|-boost|p1a: Venomoth|spe|1\n|cant|p2a: Urshifu|slp\n|\n|upkeep\n|turn|23\n|\n|t:|1781462683\n|-terastallize|p1a: Venomoth|Bug\n|move|p1a: Venomoth|Bug Buzz|p2a: Urshifu\n|-damage|p2a: Urshifu|6/274 slp\n|cant|p2a: Urshifu|slp\n|\n|upkeep\n|turn|24\n|\n|t:|1781462694\n|move|p1a: Venomoth|Sludge Wave|p2a: Urshifu\n|-damage|p2a: Urshifu|0 fnt\n|faint|p2a: Urshifu\n|\n|upkeep\n|\n|t:|1781462696\n|switch|p2a: Tsareena|Tsareena, L87, F|267/267\n|turn|25\n|\n|t:|1781462699\n|move|p1a: Venomoth|Sludge Wave|p2a: Tsareena\n|-supereffective|p2a: Tsareena\n|-damage|p2a: Tsareena|9/267\n|move|p2a: Tsareena|Knock Off|p1a: Venomoth\n|-damage|p1a: Venomoth|63/255\n|-enditem|p1a: Venomoth|Heavy-Duty Boots|[from] move: Knock Off|[of] p2a: Tsareena\n|-damage|p2a: Tsareena|0 fnt|[from] item: Life Orb\n|faint|p2a: Tsareena\n|\n|upkeep\n|\n|t:|1781462701\n|switch|p2a: Annihilape|Annihilape, L76, M|292/292\n|turn|26\n|\n|t:|1781462707\n|move|p1a: Venomoth|Sleep Powder|p2a: Annihilape\n|-status|p2a: Annihilape|slp|[from] move: Sleep Powder\n|cant|p2a: Annihilape|slp\n|\n|upkeep\n|turn|27\n|\n|t:|1781462709\n|move|p1a: Venomoth|Quiver Dance|p1a: Venomoth\n|-boost|p1a: Venomoth|spa|1\n|-boost|p1a: Venomoth|spd|1\n|-boost|p1a: Venomoth|spe|1\n|cant|p2a: Annihilape|slp\n|\n|upkeep\n|turn|28\n|\n|t:|1781462711\n|move|p1a: Venomoth|Sludge Wave|p2a: Annihilape\n|-resisted|p2a: Annihilape\n|-damage|p2a: Annihilape|70/292 slp\n|cant|p2a: Annihilape|slp\n|\n|-heal|p2a: Annihilape|88/292 slp|[from] item: Leftovers\n|upkeep\n|turn|29\n|-message|aceguy123 forfeited.\n|\n|win|personanongrattata\n", "uploadtime": 1781462422, "views": 5, "formatid": "gen9randombattle", "rating": null, "private": 0, "password": null}