{"id": "gen9randombattle-2631590142", "format": "[Gen 9] Random Battle", "players": ["mztmztmzt123", "Datboydougy"], "log": "|j|\u2606mztmztmzt123\n|j|\u203dDatboydougy\n|t:|1781405477\n|gametype|singles\n|player|p1|mztmztmzt123|170|2194\n|player|p2|Datboydougy|102|2200\n|gen|9\n|tier|[Gen 9] Random Battle\n|rated|\n|rule|Species Clause: Limit one of each Pok\u00e9mon\n|rule|HP Percentage Mod: HP is shown in percentages\n|rule|Sleep Clause Mod: Limit one foe put to sleep\n|rule|Illusion Level Mod: Illusion disguises the Pok\u00e9mon's true level\n|\n|t:|1781405477\n|teamsize|p1|6\n|teamsize|p2|6\n|start\n|switch|p1a: Regieleki|Regieleki, L79|256/256\n|switch|p2a: Comfey|Comfey, L85, F|225/225\n|turn|1\n|inactive|Battle timer is ON: inactive players will automatically lose when time's up. (requested by mztmztmzt123)\n|inactive|Datboydougy has 120 seconds left.\n|\n|t:|1781405518\n|switch|p2a: Kilowattrel|Kilowattrel, L83, F|252/252\n|move|p1a: Regieleki|Volt Switch|p2a: Kilowattrel\n|-immune|p2a: Kilowattrel|[from] ability: Volt Absorb\n|\n|upkeep\n|turn|2\n|\n|t:|1781405530\n|switch|p1a: Zekrom|Zekrom, L71|259/259\n|-ability|p1a: Zekrom|Teravolt\n|move|p2a: Kilowattrel|U-turn|p1a: Zekrom\n|-damage|p1a: Zekrom|223/259\n|\n|t:|1781405547\n|switch|p2a: Dewgong|Dewgong, L94, M|322/322|[from] U-turn\n|\n|-heal|p1a: Zekrom|239/259|[from] item: Leftovers\n|upkeep\n|turn|3\n|\n|t:|1781405560\n|-terastallize|p1a: Zekrom|Electric\n|move|p2a: Dewgong|Ice Beam|p1a: Zekrom\n|-damage|p1a: Zekrom|143/259\n|move|p1a: Zekrom|Bolt Strike|p2a: Dewgong|[miss]\n|-miss|p1a: Zekrom|p2a: Dewgong\n|\n|-heal|p1a: Zekrom|159/259|[from] item: Leftovers\n|upkeep\n|turn|4\n|inactive|Datboydougy has 120 seconds left.\n|inactive|Datboydougy has 90 seconds left.\n|\n|t:|1781405629\n|switch|p2a: Kilowattrel|Kilowattrel, L83, F|252/252\n|move|p1a: Zekrom|Dragon Dance|p1a: Zekrom\n|-boost|p1a: Zekrom|atk|1\n|-boost|p1a: Zekrom|spe|1\n|\n|-heal|p1a: Zekrom|175/259|[from] item: Leftovers\n|upkeep\n|turn|5\n|inactive|Datboydougy has 90 seconds left.\n|\n|t:|1781405640\n|move|p2a: Kilowattrel|U-turn|p1a: Zekrom\n|-damage|p1a: Zekrom|138/259\n|\n|t:|1781405644\n|switch|p2a: Comfey|Comfey, L85, F|225/225|[from] U-turn\n|move|p1a: Zekrom|Substitute|p1a: Zekrom\n|-start|p1a: Zekrom|Substitute\n|-damage|p1a: Zekrom|74/259\n|\n|-heal|p1a: Zekrom|90/259|[from] item: Leftovers\n|upkeep\n|turn|6\n|inactive|Datboydougy has 90 seconds left.\n|\n|t:|1781405670\n|switch|p2a: Kilowattrel|Kilowattrel, L83, F|252/252\n|move|p1a: Zekrom|Bolt Strike|p2a: Kilowattrel|[miss]\n|-miss|p1a: Zekrom|p2a: Kilowattrel\n|\n|-heal|p1a: Zekrom|106/259|[from] item: Leftovers\n|upkeep\n|turn|7\n|\n|t:|1781405682\n|move|p2a: Kilowattrel|U-turn|p1a: Zekrom\n|-activate|p1a: Zekrom|move: Substitute|[damage]\n|\n|t:|1781405685\n|switch|p2a: Comfey|Comfey, L85, F|225/225|[from] U-turn\n|move|p1a: Zekrom|Dragon Dance|p1a: Zekrom\n|-boost|p1a: Zekrom|atk|1\n|-boost|p1a: Zekrom|spe|1\n|\n|-heal|p1a: Zekrom|122/259|[from] item: Leftovers\n|upkeep\n|turn|8\n|\n|t:|1781405690\n|move|p2a: Comfey|Draining Kiss|p1a: Zekrom\n|-end|p1a: Zekrom|Substitute\n|move|p1a: Zekrom|Bolt Strike|p2a: Comfey\n|-damage|p2a: Comfey|0 fnt\n|faint|p2a: Comfey\n|\n|-heal|p1a: Zekrom|138/259|[from] item: Leftovers\n|upkeep\n|-message|Datboydougy forfeited.\n|\n|win|mztmztmzt123\n", "inputlog": ">version a8376a258c1d4662feba110a92103f3664a72141\n>start {\"formatid\":\"gen9randombattle\",\"seed\":\"sodium,c90ae6f3e2a1b779891788568f4f5fa6\",\"rated\":\"Rated battle\"}\n>player p1 {\"name\":\"mztmztmzt123\",\"avatar\":\"170\",\"rating\":2194,\"seed\":\"sodium,7744846c0e7558bcaee8063f30366c75\"}\n>player p2 {\"name\":\"Datboydougy\",\"avatar\":\"102\",\"rating\":2200,\"seed\":\"sodium,5584fb39b98c3224353a6b0b679bf379\"}\n>p1 move voltswitch\n>p2 switch 2\n>p1 switch 3\n>p2 move uturn\n>p2 switch 5\n>p1 move boltstrike terastallize\n>p2 move icebeam\n>p1 move dragondance\n>p2 switch 5\n>p1 move substitute\n>p2 move uturn\n>p2 switch 2\n>p1 move boltstrike\n>p2 switch 2\n>p1 move dragondance\n>p2 move uturn\n>p2 switch 2\n>p1 move boltstrike\n>p2 move drainingkiss\n>forcelose p2", "uploadtime": 1781405479, "views": 5, "formatid": "gen9randombattle", "rating": null, "private": 0, "password": null}