{"id": "gen9randombattle-2631626062", "format": "[Gen 9] Random Battle", "players": ["furiko", "Hunrito"], "log": "|j|\u2606furiko\n|j|\u2606Hunrito\n|t:|1781410906\n|gametype|singles\n|player|p1|furiko|shadowtriad|1991\n|player|p2|Hunrito|170|1926\n|gen|9\n|tier|[Gen 9] Random Battle\n|rated|\n|rule|Species Clause: Limit one of each Pok\u00e9mon\n|rule|HP Percentage Mod: HP is shown in percentages\n|rule|Sleep Clause Mod: Limit one foe put to sleep\n|rule|Illusion Level Mod: Illusion disguises the Pok\u00e9mon's true level\n|\n|t:|1781410906\n|teamsize|p1|6\n|teamsize|p2|6\n|start\n|switch|p1a: Scream Tail|Scream Tail, L84|330/330\n|switch|p2a: Snorlax|Snorlax, L82, F|397/397\n|turn|1\n|inactive|Battle timer is ON: inactive players will automatically lose when time's up. (requested by Hunrito)\n|\n|t:|1781410926\n|-end|p1a: Scream Tail|Protosynthesis|[silent]\n|switch|p1a: Swampert|Swampert, L83, M|302/302\n|move|p2a: Snorlax|Body Slam|p1a: Swampert\n|-damage|p1a: Swampert|214/302\n|\n|-heal|p1a: Swampert|232/302|[from] item: Leftovers\n|upkeep\n|turn|2\n|\n|t:|1781410932\n|move|p1a: Swampert|Stealth Rock|p2a: Snorlax\n|-sidestart|p2: Hunrito|move: Stealth Rock\n|move|p2a: Snorlax|Body Slam|p1a: Swampert\n|-damage|p1a: Swampert|138/302\n|\n|-heal|p1a: Swampert|156/302|[from] item: Leftovers\n|upkeep\n|turn|3\n|\n|t:|1781410936\n|move|p1a: Swampert|Knock Off|p2a: Snorlax\n|-damage|p2a: Snorlax|299/397\n|-enditem|p2a: Snorlax|Chesto Berry|[from] move: Knock Off|[of] p1a: Swampert\n|move|p2a: Snorlax|Curse|p2a: Snorlax\n|-unboost|p2a: Snorlax|spe|1\n|-boost|p2a: Snorlax|atk|1\n|-boost|p2a: Snorlax|def|1\n|\n|-heal|p1a: Swampert|174/302|[from] item: Leftovers\n|upkeep\n|turn|4\n|\n|t:|1781410938\n|move|p2a: Snorlax|Body Slam|p1a: Swampert\n|-damage|p1a: Swampert|33/302\n|move|p1a: Swampert|Roar|p2a: Snorlax\n|drag|p2a: Blaziken|Blaziken, L76, M|247/247\n|-damage|p2a: Blaziken|217/247|[from] Stealth Rock\n|\n|-heal|p1a: Swampert|51/302|[from] item: Leftovers\n|upkeep\n|turn|5\n|\n|t:|1781410944\n|move|p2a: Blaziken|Knock Off|p1a: Swampert\n|-damage|p1a: Swampert|0 fnt\n|-enditem|p1a: Swampert|Leftovers|[from] move: Knock Off|[of] p2a: Blaziken\n|faint|p1a: Swampert\n|-damage|p2a: Blaziken|193/247|[from] item: Life Orb\n|\n|-ability|p2a: Blaziken|Speed Boost|boost\n|-boost|p2a: Blaziken|spe|1\n|upkeep\n|\n|t:|1781410951\n|switch|p1a: Scream Tail|Scream Tail, L84|330/330\n|turn|6\n|\n|t:|1781410954\n|switch|p2a: Snorlax|Snorlax, L82, F|299/397\n|-damage|p2a: Snorlax|250/397|[from] Stealth Rock\n|move|p1a: Scream Tail|Thunder Wave|p2a: Snorlax|[miss]\n|-miss|p1a: Scream Tail|p2a: Snorlax\n|\n|upkeep\n|turn|7\n|\n|t:|1781410958\n|move|p1a: Scream Tail|Thunder Wave|p2a: Snorlax\n|-status|p2a: Snorlax|par\n|cant|p2a: Snorlax|par\n|\n|upkeep\n|turn|8\n|\n|t:|1781410967\n|-end|p1a: Scream Tail|Protosynthesis|[silent]\n|switch|p1a: Landorus|Landorus, L75, M|257/257\n|cant|p2a: Snorlax|par\n|\n|upkeep\n|turn|9\n|\n|t:|1781410973\n|move|p1a: Landorus|Focus Blast|p2a: Snorlax\n|-supereffective|p2a: Snorlax\n|-damage|p2a: Snorlax|37/397 par\n|move|p2a: Snorlax|Body Slam|p1a: Landorus\n|-damage|p1a: Landorus|149/257\n|\n|upkeep\n|turn|10\n|\n|t:|1781410977\n|move|p1a: Landorus|Earth Power|p2a: Snorlax\n|-damage|p2a: Snorlax|0 fnt\n|faint|p2a: Snorlax\n|\n|upkeep\n|\n|t:|1781410978\n|switch|p2a: Lumineon|Lumineon, L93, F|279/279\n|turn|11\n|\n|t:|1781410982\n|switch|p1a: Scream Tail|Scream Tail, L84|330/330\n|move|p2a: Lumineon|U-turn|p1a: Scream Tail\n|-damage|p1a: Scream Tail|286/330\n|\n|t:|1781410991\n|switch|p2a: Vespiquen|Vespiquen, L99, F|299/299|[from] U-turn\n|-ability|p2a: Vespiquen|Pressure\n|\n|-heal|p1a: Scream Tail|306/330|[from] item: Leftovers\n|upkeep\n|turn|12\n|\n|t:|1781411003\n|-end|p1a: Scream Tail|Protosynthesis|[silent]\n|switch|p1a: Braviary|Braviary-Hisui, L85, M|326/326\n|move|p2a: Vespiquen|Spikes|p1a: Braviary\n|-sidestart|p1: furiko|Spikes\n|\n|upkeep\n|turn|13\n|\n|t:|1781411009\n|move|p1a: Braviary|Esper Wing|p2a: Vespiquen\n|-damage|p2a: Vespiquen|223/299\n|-boost|p1a: Braviary|spe|1\n|move|p2a: Vespiquen|U-turn|p1a: Braviary\n|-damage|p1a: Braviary|217/326\n|\n|t:|1781411019\n|switch|p2a: Blaziken|Blaziken, L76, M|193/247|[from] U-turn\n|-damage|p2a: Blaziken|163/247|[from] Stealth Rock\n|\n|upkeep\n|turn|14\n|\n|t:|1781411034\n|-terastallize|p2a: Blaziken|Dark\n|move|p1a: Braviary|Esper Wing|p2a: Blaziken\n|-immune|p2a: Blaziken\n|move|p2a: Blaziken|Swords Dance|p2a: Blaziken\n|-boost|p2a: Blaziken|atk|2\n|\n|-ability|p2a: Blaziken|Speed Boost|boost\n|-boost|p2a: Blaziken|spe|1\n|upkeep\n|turn|15\n|\n|t:|1781411041\n|switch|p1a: Scream Tail|Scream Tail, L84|306/330\n|-damage|p1a: Scream Tail|265/330|[from] Spikes\n|move|p2a: Blaziken|Knock Off|p1a: Scream Tail\n|-damage|p1a: Scream Tail|39/330\n|-enditem|p1a: Scream Tail|Leftovers|[from] move: Knock Off|[of] p2a: Blaziken\n|-damage|p2a: Blaziken|139/247|[from] item: Life Orb\n|\n|-ability|p2a: Blaziken|Speed Boost|boost\n|-boost|p2a: Blaziken|spe|1\n|upkeep\n|turn|16\n|\n|t:|1781411045\n|move|p1a: Scream Tail|Protect|p1a: Scream Tail\n|-singleturn|p1a: Scream Tail|Protect\n|move|p2a: Blaziken|Knock Off|p1a: Scream Tail\n|-activate|p1a: Scream Tail|move: Protect\n|\n|-ability|p2a: Blaziken|Speed Boost|boost\n|-boost|p2a: Blaziken|spe|1\n|upkeep\n|turn|17\n|\n|t:|1781411050\n|move|p2a: Blaziken|Knock Off|p1a: Scream Tail\n|-damage|p1a: Scream Tail|0 fnt\n|faint|p1a: Scream Tail\n|-end|p1a: Scream Tail|Protosynthesis|[silent]\n|-damage|p2a: Blaziken|115/247|[from] item: Life Orb\n|\n|-ability|p2a: Blaziken|Speed Boost|boost\n|-boost|p2a: Blaziken|spe|1\n|upkeep\n|-message|furiko forfeited.\n|\n|win|Hunrito\n", "inputlog": ">version a8376a258c1d4662feba110a92103f3664a72141\n>start {\"formatid\":\"gen9randombattle\",\"seed\":\"sodium,fb6c4d05016b477b517b7611f5d5e9f0\",\"rated\":\"Rated battle\"}\n>player p1 {\"name\":\"furiko\",\"avatar\":\"shadowtriad\",\"rating\":1991,\"seed\":\"sodium,39bd1e2dee2df566406bd2e8376a619b\"}\n>player p2 {\"name\":\"Hunrito\",\"avatar\":\"170\",\"rating\":1926,\"seed\":\"sodium,ab8ba208eb25c8b4d0c5fbc91e215ff0\"}\n>p1 switch 6\n>p2 move bodyslam\n>p1 move stealthrock\n>p2 move bodyslam\n>p1 move knockoff\n>p2 move curse\n>p1 move roar\n>p2 move bodyslam\n>p1 move roar\n>p2 move knockoff\n>p1 switch 6\n>p1 move thunderwave\n>p2 switch 3\n>p1 move thunderwave\n>p2 move bodyslam\n>p1 switch 3\n>p2 move bodyslam\n>p1 move focusblast\n>p2 move bodyslam\n>p1 move earthpower\n>p2 move rest\n>p2 switch 2\n>p1 switch 3\n>p2 move uturn\n>p2 switch 4\n>p1 switch 2\n>p2 move spikes\n>p1 move esperwing\n>p2 move uturn\n>p2 switch 3\n>p1 move esperwing\n>p2 move swordsdance terastallize\n>p1 switch 2\n>p2 move knockoff\n>p1 move protect\n>p2 move knockoff\n>p1 move dazzlinggleam\n>p2 move knockoff\n>forcelose p1", "uploadtime": 1781410908, "views": 4, "formatid": "gen9randombattle", "rating": null, "private": 0, "password": null}