{"id": "gen9randombattle-2631777487", "format": "[Gen 9] Random Battle", "players": ["Higgelhiggel", "Crysys1"], "log": "|j|\u2606Higgelhiggel\n|j|\u2606Crysys1\n|t:|1781438105\n|gametype|singles\n|player|p1|Higgelhiggel|1|2165\n|player|p2|Crysys1|265|2207\n|gen|9\n|tier|[Gen 9] Random Battle\n|rated|\n|rule|Species Clause: Limit one of each Pok\u00e9mon\n|rule|HP Percentage Mod: HP is shown in percentages\n|rule|Sleep Clause Mod: Limit one foe put to sleep\n|rule|Illusion Level Mod: Illusion disguises the Pok\u00e9mon's true level\n|\n|t:|1781438105\n|teamsize|p1|6\n|teamsize|p2|6\n|start\n|switch|p1a: Tinkaton|Tinkaton, L82, F|274/274\n|switch|p2a: Vigoroth|Vigoroth, L85, F|275/275\n|-ability|p1a: Tinkaton|Mold Breaker\n|turn|1\n|inactive|Battle timer is ON: inactive players will automatically lose when time's up. (requested by Higgelhiggel)\n|inactive|Crysys1 has 120 seconds left.\n|inactive|Crysys1 has 90 seconds left.\n|\n|t:|1781438199\n|move|p2a: Vigoroth|Bulk Up|p2a: Vigoroth\n|-boost|p2a: Vigoroth|atk|1\n|-boost|p2a: Vigoroth|def|1\n|move|p1a: Tinkaton|Stealth Rock|p2a: Vigoroth\n|-sidestart|p2: Crysys1|move: Stealth Rock\n|\n|upkeep\n|turn|2\n|\n|t:|1781438203\n|move|p2a: Vigoroth|Knock Off|p1a: Tinkaton\n|-resisted|p1a: Tinkaton\n|-damage|p1a: Tinkaton|222/274\n|-enditem|p1a: Tinkaton|Leftovers|[from] move: Knock Off|[of] p2a: Vigoroth\n|move|p1a: Tinkaton|Encore|p2a: Vigoroth\n|-start|p2a: Vigoroth|Encore\n|\n|upkeep\n|turn|3\n|\n|t:|1781438210\n|switch|p1a: Zamazenta|Zamazenta-Crowned, L68|238/238\n|-ability|p1a: Zamazenta|Dauntless Shield|boost\n|-boost|p1a: Zamazenta|def|1\n|move|p2a: Vigoroth|Knock Off|p1a: Zamazenta\n|-resisted|p1a: Zamazenta\n|-damage|p1a: Zamazenta|222/238\n|\n|upkeep\n|turn|4\n|\n|t:|1781438216\n|switch|p2a: Lunala|Lunala, L70|308/308\n|-damage|p2a: Lunala|270/308|[from] Stealth Rock\n|move|p1a: Zamazenta|Iron Defense|p1a: Zamazenta\n|-boost|p1a: Zamazenta|def|2\n|\n|-heal|p2a: Lunala|289/308|[from] item: Leftovers\n|upkeep\n|turn|5\n|\n|t:|1781438226\n|switch|p1a: Tinkaton|Tinkaton, L82, F|222/274\n|-ability|p1a: Tinkaton|Mold Breaker\n|move|p2a: Lunala|Moongeist Beam|p1a: Tinkaton\n|-crit|p1a: Tinkaton\n|-damage|p1a: Tinkaton|78/274\n|\n|-heal|p2a: Lunala|308/308|[from] item: Leftovers\n|upkeep\n|turn|6\n|\n|t:|1781438236\n|move|p1a: Tinkaton|Gigaton Hammer|p2a: Lunala\n|-damage|p2a: Lunala|236/308\n|move|p2a: Lunala|Moongeist Beam|p1a: Tinkaton\n|-damage|p1a: Tinkaton|0 fnt\n|faint|p1a: Tinkaton\n|\n|-heal|p2a: Lunala|255/308|[from] item: Leftovers\n|upkeep\n|\n|t:|1781438252\n|switch|p1a: Hariyama|Hariyama, L87, M|392/392\n|turn|7\n|j| MeantMage\n|inactive|Crysys1 has 120 seconds left.\n|\n|t:|1781438286\n|switch|p2a: Delibird|Delibird, M|252/252\n|move|p1a: Hariyama|Knock Off|p2a: Delibird\n|-damage|p2a: Delibird|132/252\n|-enditem|p2a: Delibird|Heavy-Duty Boots|[from] move: Knock Off|[of] p1a: Hariyama\n|\n|upkeep\n|turn|8\n|\n|t:|1781438290\n|move|p2a: Delibird|Rapid Spin|p1a: Hariyama\n|-damage|p1a: Hariyama|352/392\n|-boost|p2a: Delibird|spe|1\n|-sideend|p2: Crysys1|Stealth Rock|[from] move: Rapid Spin|[of] p2a: Delibird\n|move|p1a: Hariyama|Heavy Slam|p2a: Delibird\n|-supereffective|p2a: Delibird\n|-damage|p2a: Delibird|0 fnt\n|faint|p2a: Delibird\n|\n|upkeep\n|\n|t:|1781438300\n|switch|p2a: Raikou|Raikou, L81|278/278\n|-ability|p2a: Raikou|Pressure\n|turn|9\n|\n|t:|1781438304\n|move|p2a: Raikou|Calm Mind|p2a: Raikou\n|-boost|p2a: Raikou|spa|1\n|-boost|p2a: Raikou|spd|1\n|move|p1a: Hariyama|Headlong Rush|p2a: Raikou\n|-supereffective|p2a: Raikou\n|-damage|p2a: Raikou|46/278\n|-unboost|p1a: Hariyama|def|1\n|-unboost|p1a: Hariyama|spd|1\n|\n|-heal|p2a: Raikou|63/278|[from] item: Leftovers\n|upkeep\n|turn|10\n|\n|t:|1781438307\n|move|p2a: Raikou|Thunderbolt|p1a: Hariyama\n|-damage|p1a: Hariyama|156/392\n|move|p1a: Hariyama|Knock Off|p2a: Raikou\n|-damage|p2a: Raikou|0 fnt\n|-enditem|p2a: Raikou|Leftovers|[from] move: Knock Off|[of] p1a: Hariyama\n|faint|p2a: Raikou\n|\n|upkeep\n|\n|t:|1781438313\n|switch|p2a: Lunala|Lunala, L70|255/308\n|turn|11\n|\n|t:|1781438315\n|move|p2a: Lunala|Psyshock|p1a: Hariyama\n|-supereffective|p1a: Hariyama\n|-damage|p1a: Hariyama|0 fnt\n|faint|p1a: Hariyama\n|\n|-heal|p2a: Lunala|274/308|[from] item: Leftovers\n|upkeep\n|\n|t:|1781438323\n|switch|p1a: Golurk|Golurk, L87|297/297\n|turn|12\n|\n|t:|1781438331\n|switch|p2a: Vigoroth|Vigoroth, L85, F|275/275\n|-terastallize|p1a: Golurk|Ground\n|move|p1a: Golurk|Earthquake|p2a: Vigoroth\n|-damage|p2a: Vigoroth|77/275\n|\n|upkeep\n|turn|13\n|\n|t:|1781438335\n|switch|p1a: Zamazenta|Zamazenta-Crowned, L68|222/238\n|move|p2a: Vigoroth|Body Slam|p1a: Zamazenta\n|-resisted|p1a: Zamazenta\n|-damage|p1a: Zamazenta|186/238\n|\n|upkeep\n|turn|14\n|\n|t:|1781438340\n|switch|p2a: Lunala|Lunala, L70|274/308\n|move|p1a: Zamazenta|Heavy Slam|p2a: Lunala\n|-damage|p2a: Lunala|147/308\n|\n|-heal|p2a: Lunala|166/308|[from] item: Leftovers\n|upkeep\n|turn|15\n|\n|t:|1781438346\n|move|p1a: Zamazenta|Heavy Slam|p2a: Lunala\n|-damage|p2a: Lunala|42/308\n|move|p2a: Lunala|Moonlight|p2a: Lunala\n|-heal|p2a: Lunala|196/308\n|\n|-heal|p2a: Lunala|215/308|[from] item: Leftovers\n|upkeep\n|turn|16\n|\n|t:|1781438353\n|switch|p1a: Golurk|Golurk, L87, tera:Ground|297/297\n|move|p2a: Lunala|Moonlight|p2a: Lunala\n|-heal|p2a: Lunala|308/308\n|\n|upkeep\n|turn|17\n|\n|t:|1781438363\n|switch|p2a: Vigoroth|Vigoroth, L85, F|77/275\n|move|p1a: Golurk|Poltergeist|p2a: Vigoroth\n|-immune|p2a: Vigoroth\n|\n|upkeep\n|turn|18\n|\n|t:|1781438370\n|switch|p1a: Zamazenta|Zamazenta-Crowned, L68|186/238\n|move|p2a: Vigoroth|Slack Off|p2a: Vigoroth\n|-heal|p2a: Vigoroth|215/275\n|\n|upkeep\n|turn|19\n|\n|t:|1781438376\n|switch|p2a: Lunala|Lunala, L70|308/308\n|move|p1a: Zamazenta|Heavy Slam|p2a: Lunala\n|-damage|p2a: Lunala|251/308\n|\n|-heal|p2a: Lunala|270/308|[from] item: Leftovers\n|upkeep\n|turn|20\n|\n|t:|1781438384\n|switch|p1a: Chansey|Chansey, L85, F|564/564\n|move|p2a: Lunala|Moongeist Beam|p1a: Chansey\n|-immune|p1a: Chansey\n|\n|-heal|p2a: Lunala|289/308|[from] item: Leftovers\n|upkeep\n|turn|21\n|\n|t:|1781438390\n|switch|p2a: Ursaluna|Ursaluna, L79, F|335/335\n|move|p1a: Chansey|Thunder Wave|p2a: Ursaluna\n|-immune|p2a: Ursaluna\n|\n|-status|p2a: Ursaluna|brn|[from] item: Flame Orb\n|upkeep\n|turn|22\n|\n|t:|1781438404\n|switch|p1a: Zamazenta|Zamazenta-Crowned, L68|186/238\n|move|p2a: Ursaluna|Facade|p1a: Zamazenta\n|-resisted|p1a: Zamazenta\n|-damage|p1a: Zamazenta|76/238\n|\n|-damage|p2a: Ursaluna|315/335 brn|[from] brn\n|upkeep\n|turn|23\n|\n|t:|1781438412\n|switch|p2a: Lunala|Lunala, L70|289/308\n|move|p1a: Zamazenta|Body Press|p2a: Lunala\n|-immune|p2a: Lunala\n|\n|-heal|p2a: Lunala|308/308|[from] item: Leftovers\n|upkeep\n|turn|24\n|\n|t:|1781438417\n|move|p1a: Zamazenta|Heavy Slam|p2a: Lunala\n|-damage|p2a: Lunala|250/308\n|move|p2a: Lunala|Psyshock|p1a: Zamazenta\n|-damage|p1a: Zamazenta|4/238\n|\n|-heal|p2a: Lunala|269/308|[from] item: Leftovers\n|upkeep\n|turn|25\n|\n|t:|1781438422\n|move|p1a: Zamazenta|Stone Edge|p2a: Lunala\n|-damage|p2a: Lunala|198/308\n|move|p2a: Lunala|Calm Mind|p2a: Lunala\n|-boost|p2a: Lunala|spa|1\n|-boost|p2a: Lunala|spd|1\n|\n|-heal|p2a: Lunala|217/308|[from] item: Leftovers\n|upkeep\n|turn|26\n|\n|t:|1781438427\n|move|p1a: Zamazenta|Heavy Slam|p2a: Lunala\n|-damage|p2a: Lunala|106/308\n|move|p2a: Lunala|Moonlight|p2a: Lunala\n|-heal|p2a: Lunala|260/308\n|\n|-heal|p2a: Lunala|279/308|[from] item: Leftovers\n|upkeep\n|turn|27\n|\n|t:|1781438431\n|move|p1a: Zamazenta|Heavy Slam|p2a: Lunala\n|-damage|p2a: Lunala|159/308\n|move|p2a: Lunala|Psyshock|p1a: Zamazenta\n|-damage|p1a: Zamazenta|0 fnt\n|faint|p1a: Zamazenta\n|\n|-heal|p2a: Lunala|178/308|[from] item: Leftovers\n|upkeep\n|\n|t:|1781438437\n|switch|p1a: Golurk|Golurk, L87, tera:Ground|297/297\n|turn|28\n|inactive|Crysys1 has 120 seconds left.\n|\n|t:|1781438470\n|switch|p2a: Vigoroth|Vigoroth, L85, F|215/275\n|move|p1a: Golurk|Earthquake|p2a: Vigoroth\n|-damage|p2a: Vigoroth|29/275\n|\n|upkeep\n|turn|29\n|\n|t:|1781438477\n|switch|p1a: Iron Boulder|Iron Boulder, L77|265/265\n|-enditem|p1a: Iron Boulder|Booster Energy\n|-activate|p1a: Iron Boulder|ability: Quark Drive|[fromitem]\n|-start|p1a: Iron Boulder|quarkdrivespe\n|move|p2a: Vigoroth|Body Slam|p1a: Iron Boulder\n|-resisted|p1a: Iron Boulder\n|-damage|p1a: Iron Boulder|219/265\n|-status|p1a: Iron Boulder|par\n|\n|upkeep\n|turn|30\n|\n|t:|1781438486\n|move|p2a: Vigoroth|Slack Off|p2a: Vigoroth\n|-heal|p2a: Vigoroth|167/275\n|move|p1a: Iron Boulder|Swords Dance|p1a: Iron Boulder\n|-boost|p1a: Iron Boulder|atk|2\n|\n|upkeep\n|turn|31\n|\n|t:|1781438499\n|move|p2a: Vigoroth|Slack Off|p2a: Vigoroth\n|-heal|p2a: Vigoroth|275/275\n|move|p1a: Iron Boulder|Close Combat|p2a: Vigoroth\n|-supereffective|p2a: Vigoroth\n|-damage|p2a: Vigoroth|59/275\n|-unboost|p1a: Iron Boulder|def|1\n|-unboost|p1a: Iron Boulder|spd|1\n|\n|upkeep\n|turn|32\n|\n|t:|1781438503\n|move|p2a: Vigoroth|Knock Off|p1a: Iron Boulder\n|-supereffective|p1a: Iron Boulder\n|-damage|p1a: Iron Boulder|81/265 par\n|move|p1a: Iron Boulder|Close Combat|p2a: Vigoroth\n|-supereffective|p2a: Vigoroth\n|-damage|p2a: Vigoroth|0 fnt\n|-unboost|p1a: Iron Boulder|def|1\n|-unboost|p1a: Iron Boulder|spd|1\n|faint|p2a: Vigoroth\n|\n|upkeep\n|\n|t:|1781438515\n|switch|p2a: Revavroom|Revavroom, L79, M|256/256\n|turn|33\n|\n|t:|1781438520\n|move|p2a: Revavroom|Iron Head|p1a: Iron Boulder\n|-supereffective|p1a: Iron Boulder\n|-damage|p1a: Iron Boulder|0 fnt\n|faint|p1a: Iron Boulder\n|-end|p1a: Iron Boulder|Quark Drive|[silent]\n|-damage|p2a: Revavroom|231/256|[from] item: Life Orb\n|\n|upkeep\n|\n|t:|1781438525\n|switch|p1a: Golurk|Golurk, L87, tera:Ground|297/297\n|turn|34\n|\n|t:|1781438546\n|move|p2a: Revavroom|Iron Head|p1a: Golurk\n|-damage|p1a: Golurk|184/297\n|-damage|p2a: Revavroom|206/256|[from] item: Life Orb\n|cant|p1a: Golurk|flinch\n|\n|upkeep\n|turn|35\n|\n|t:|1781438549\n|move|p2a: Revavroom|Iron Head|p1a: Golurk\n|-damage|p1a: Golurk|62/297\n|-damage|p2a: Revavroom|181/256|[from] item: Life Orb\n|move|p1a: Golurk|Earthquake|p2a: Revavroom\n|-supereffective|p2a: Revavroom\n|-damage|p2a: Revavroom|0 fnt\n|faint|p2a: Revavroom\n|\n|upkeep\n|c|\u2606Higgelhiggel|Gg\n|\n|t:|1781438553\n|switch|p2a: Ursaluna|Ursaluna, L79, F|315/335 brn\n|turn|36\n|\n|t:|1781438555\n|move|p1a: Golurk|Earthquake|p2a: Ursaluna\n|-damage|p2a: Ursaluna|81/335 brn\n|move|p2a: Ursaluna|Trailblaze|p1a: Golurk\n|-supereffective|p1a: Golurk\n|-damage|p1a: Golurk|0 fnt\n|-boost|p2a: Ursaluna|spe|1\n|faint|p1a: Golurk\n|\n|-damage|p2a: Ursaluna|61/335 brn|[from] brn\n|upkeep\n|\n|t:|1781438558\n|switch|p1a: Chansey|Chansey, L85, F|564/564\n|turn|37\n|\n|t:|1781438562\n|-terastallize|p2a: Ursaluna|Normal\n|move|p2a: Ursaluna|Facade|p1a: Chansey\n|-damage|p1a: Chansey|0 fnt\n|faint|p1a: Chansey\n|\n|win|Crysys1\n", "uploadtime": 1781438106, "views": 5, "formatid": "gen9randombattle", "rating": null, "private": 0, "password": null}