{"id": "gen9randombattle-2631505196", "format": "[Gen 9] Random Battle", "players": ["slowpoke/wooper", "BigBatzen"], "log": "|j|\u2606slowpoke/wooper\n|j|\u2606BigBatzen\n|t:|1781393685\n|gametype|singles\n|player|p1|slowpoke/wooper|cynthia-gen4|1979\n|player|p2|BigBatzen|102|2070\n|gen|9\n|tier|[Gen 9] Random Battle\n|rated|\n|rule|Species Clause: Limit one of each Pok\u00e9mon\n|rule|HP Percentage Mod: HP is shown in percentages\n|rule|Sleep Clause Mod: Limit one foe put to sleep\n|rule|Illusion Level Mod: Illusion disguises the Pok\u00e9mon's true level\n|\n|t:|1781393685\n|teamsize|p1|6\n|teamsize|p2|6\n|start\n|switch|p1a: Piloswine|Piloswine, L85, F|309/309\n|switch|p2a: Keldeo|Keldeo-Resolute, L79|273/273\n|turn|1\n|inactive|Battle timer is ON: inactive players will automatically lose when time's up. (requested by slowpoke/wooper)\n|\n|t:|1781393699\n|move|p2a: Keldeo|Hydro Pump|p1a: Piloswine|[miss]\n|-miss|p2a: Keldeo|p1a: Piloswine\n|move|p1a: Piloswine|Earthquake|p2a: Keldeo\n|-damage|p2a: Keldeo|152/273\n|\n|upkeep\n|turn|2\n|\n|t:|1781393702\n|switch|p1a: Milotic|Milotic, L83, F|293/293\n|move|p2a: Keldeo|Secret Sword|p1a: Milotic\n|-damage|p1a: Milotic|145/293\n|-damage|p2a: Keldeo|125/273|[from] item: Life Orb\n|\n|-heal|p1a: Milotic|163/293|[from] item: Leftovers\n|upkeep\n|turn|3\n|\n|t:|1781393708\n|move|p2a: Keldeo|Calm Mind|p2a: Keldeo\n|-boost|p2a: Keldeo|spa|1\n|-boost|p2a: Keldeo|spd|1\n|move|p1a: Milotic|Recover|p1a: Milotic\n|-heal|p1a: Milotic|293/293\n|\n|upkeep\n|turn|4\n|\n|t:|1781393711\n|move|p2a: Keldeo|Secret Sword|p1a: Milotic\n|-damage|p1a: Milotic|71/293\n|-damage|p2a: Keldeo|98/273|[from] item: Life Orb\n|move|p1a: Milotic|Dragon Tail|p2a: Keldeo\n|-damage|p2a: Keldeo|69/273\n|drag|p2a: Dusknoir|Dusknoir, L89, M|225/225\n|-item|p1a: Milotic|Leftovers|[from] ability: Frisk|[of] p2a: Dusknoir\n|\n|-heal|p1a: Milotic|89/293|[from] item: Leftovers\n|upkeep\n|turn|5\n|\n|t:|1781393716\n|move|p1a: Milotic|Recover|p1a: Milotic\n|-heal|p1a: Milotic|236/293\n|move|p2a: Dusknoir|Poltergeist|p1a: Milotic\n|-activate|p1a: Milotic|move: Poltergeist|Leftovers\n|-damage|p1a: Milotic|101/293\n|\n|-heal|p1a: Milotic|119/293|[from] item: Leftovers\n|upkeep\n|turn|6\n|\n|t:|1781393723\n|move|p1a: Milotic|Recover|p1a: Milotic\n|-heal|p1a: Milotic|266/293\n|move|p2a: Dusknoir|Substitute|p2a: Dusknoir\n|-start|p2a: Dusknoir|Substitute\n|-damage|p2a: Dusknoir|169/225\n|\n|-heal|p1a: Milotic|284/293|[from] item: Leftovers\n|-heal|p2a: Dusknoir|183/225|[from] item: Leftovers\n|upkeep\n|turn|7\n|\n|t:|1781393726\n|switch|p1a: Piloswine|Piloswine, L85, F|309/309\n|-singleturn|p2a: Dusknoir|move: Focus Punch\n|move|p2a: Dusknoir|Focus Punch|p1a: Piloswine\n|-supereffective|p1a: Piloswine\n|-damage|p1a: Piloswine|143/309\n|\n|-heal|p2a: Dusknoir|197/225|[from] item: Leftovers\n|upkeep\n|turn|8\n|\n|t:|1781393733\n|move|p2a: Dusknoir|Poltergeist|p1a: Piloswine\n|-activate|p1a: Piloswine|move: Poltergeist|Eviolite\n|-damage|p1a: Piloswine|50/309\n|move|p1a: Piloswine|Roar|p2a: Dusknoir\n|drag|p2a: Cryogonal|Cryogonal, L89|287/287\n|\n|upkeep\n|turn|9\n|\n|t:|1781393739\n|move|p2a: Cryogonal|Flash Cannon|p1a: Piloswine\n|-supereffective|p1a: Piloswine\n|-damage|p1a: Piloswine|0 fnt\n|faint|p1a: Piloswine\n|\n|upkeep\n|\n|t:|1781393749\n|switch|p1a: Mew|Mew, L82|298/298\n|turn|10\n|\n|t:|1781393752\n|move|p2a: Cryogonal|Freeze-Dry|p1a: Mew\n|-damage|p1a: Mew|225/298\n|move|p1a: Mew|Nasty Plot|p1a: Mew\n|-boost|p1a: Mew|spa|2\n|\n|upkeep\n|turn|11\n|\n|t:|1781393760\n|switch|p2a: Mewtwo|Mewtwo, L72|272/272\n|-ability|p2a: Mewtwo|Unnerve\n|move|p1a: Mew|Psyshock|p2a: Mewtwo\n|-resisted|p2a: Mewtwo\n|-crit|p2a: Mewtwo\n|-damage|p2a: Mewtwo|104/272\n|-damage|p1a: Mew|196/298|[from] item: Life Orb\n|\n|upkeep\n|turn|12\n|\n|t:|1781393766\n|move|p2a: Mewtwo|Dark Pulse|p1a: Mew\n|-supereffective|p1a: Mew\n|-damage|p1a: Mew|40/298\n|-damage|p2a: Mewtwo|77/272|[from] item: Life Orb\n|move|p1a: Mew|Psyshock|p2a: Mewtwo\n|-resisted|p2a: Mewtwo\n|-damage|p2a: Mewtwo|0 fnt\n|faint|p2a: Mewtwo\n|-damage|p1a: Mew|11/298|[from] item: Life Orb\n|\n|upkeep\n|\n|t:|1781393771\n|switch|p2a: Cryogonal|Cryogonal, L89|287/287\n|turn|13\n|\n|t:|1781393773\n|move|p2a: Cryogonal|Freeze-Dry|p1a: Mew\n|-damage|p1a: Mew|0 fnt\n|faint|p1a: Mew\n|\n|upkeep\n|\n|t:|1781393775\n|switch|p1a: Terrakion|Terrakion, L79|273/273\n|turn|14\n|\n|t:|1781393781\n|move|p2a: Cryogonal|Flash Cannon|p1a: Terrakion\n|-supereffective|p1a: Terrakion\n|-damage|p1a: Terrakion|151/273\n|move|p1a: Terrakion|Stone Edge|p2a: Cryogonal\n|-supereffective|p2a: Cryogonal\n|-damage|p2a: Cryogonal|0 fnt\n|faint|p2a: Cryogonal\n|-damage|p1a: Terrakion|124/273|[from] item: Life Orb\n|\n|upkeep\n|\n|t:|1781393789\n|switch|p2a: Scizor|Scizor, L79, M|240/240\n|turn|15\n|\n|t:|1781393792\n|switch|p1a: Milotic|Milotic, L83, F|284/293\n|move|p2a: Scizor|U-turn|p1a: Milotic\n|-damage|p1a: Milotic|158/293\n|\n|t:|1781393797\n|switch|p2a: Dusknoir|Dusknoir, L89, M|197/225|[from] U-turn\n|-item|p1a: Milotic|Leftovers|[from] ability: Frisk|[of] p2a: Dusknoir\n|\n|-heal|p1a: Milotic|176/293|[from] item: Leftovers\n|-heal|p2a: Dusknoir|211/225|[from] item: Leftovers\n|upkeep\n|turn|16\n|\n|t:|1781393801\n|move|p1a: Milotic|Recover|p1a: Milotic\n|-heal|p1a: Milotic|293/293\n|move|p2a: Dusknoir|Substitute|p2a: Dusknoir\n|-start|p2a: Dusknoir|Substitute\n|-damage|p2a: Dusknoir|155/225\n|\n|-heal|p2a: Dusknoir|169/225|[from] item: Leftovers\n|upkeep\n|turn|17\n|\n|t:|1781393804\n|switch|p1a: Terrakion|Terrakion, L79|124/273\n|-singleturn|p2a: Dusknoir|move: Focus Punch\n|move|p2a: Dusknoir|Focus Punch|p1a: Terrakion\n|-supereffective|p1a: Terrakion\n|-damage|p1a: Terrakion|0 fnt\n|faint|p1a: Terrakion\n|\n|-heal|p2a: Dusknoir|183/225|[from] item: Leftovers\n|upkeep\n|\n|t:|1781393809\n|switch|p1a: Milotic|Milotic, L83, F|293/293\n|turn|18\n|\n|t:|1781393811\n|-singleturn|p2a: Dusknoir|move: Focus Punch\n|move|p1a: Milotic|Scald|p2a: Dusknoir\n|-end|p2a: Dusknoir|Substitute\n|move|p2a: Dusknoir|Focus Punch|p1a: Milotic\n|-damage|p1a: Milotic|161/293\n|\n|-heal|p1a: Milotic|179/293|[from] item: Leftovers\n|-heal|p2a: Dusknoir|197/225|[from] item: Leftovers\n|upkeep\n|turn|19\n|\n|t:|1781393814\n|move|p1a: Milotic|Scald|p2a: Dusknoir\n|-damage|p2a: Dusknoir|136/225\n|move|p2a: Dusknoir|Poltergeist|p1a: Milotic\n|-activate|p1a: Milotic|move: Poltergeist|Leftovers\n|-damage|p1a: Milotic|26/293\n|\n|-heal|p1a: Milotic|44/293|[from] item: Leftovers\n|-heal|p2a: Dusknoir|150/225|[from] item: Leftovers\n|upkeep\n|turn|20\n|\n|t:|1781393818\n|move|p1a: Milotic|Scald|p2a: Dusknoir\n|-damage|p2a: Dusknoir|95/225\n|move|p2a: Dusknoir|Poltergeist|p1a: Milotic\n|-activate|p1a: Milotic|move: Poltergeist|Leftovers\n|-damage|p1a: Milotic|0 fnt\n|faint|p1a: Milotic\n|\n|-heal|p2a: Dusknoir|109/225|[from] item: Leftovers\n|upkeep\n|\n|t:|1781393821\n|switch|p1a: Thundurus|Thundurus-Therian, L80, M|258/258\n|turn|21\n|\n|t:|1781393824\n|move|p1a: Thundurus|Thunderbolt|p2a: Dusknoir\n|-damage|p2a: Dusknoir|0 fnt\n|faint|p2a: Dusknoir\n|\n|upkeep\n|\n|t:|1781393835\n|switch|p2a: Vivillon|Vivillon-Jungle, L83, M|268/268\n|turn|22\n|\n|t:|1781393840\n|switch|p1a: Cryogonal|Cryogonal, L89|287/287\n|-terastallize|p2a: Vivillon|Ground\n|move|p2a: Vivillon|Quiver Dance|p2a: Vivillon\n|-boost|p2a: Vivillon|spa|1\n|-boost|p2a: Vivillon|spd|1\n|-boost|p2a: Vivillon|spe|1\n|\n|upkeep\n|turn|23\n|\n|t:|1781393844\n|move|p2a: Vivillon|Sleep Powder|p1a: Cryogonal\n|-status|p1a: Cryogonal|slp|[from] move: Sleep Powder\n|cant|p1a: Cryogonal|slp\n|\n|upkeep\n|turn|24\n|\n|t:|1781393847\n|move|p2a: Vivillon|Hurricane|p1a: Cryogonal\n|-damage|p1a: Cryogonal|176/287 slp\n|cant|p1a: Cryogonal|slp\n|\n|upkeep\n|turn|25\n|\n|t:|1781393861\n|-terastallize|p1a: Cryogonal|Steel\n|move|p2a: Vivillon|Hurricane|p1a: Cryogonal\n|-resisted|p1a: Cryogonal\n|-damage|p1a: Cryogonal|119/287 slp\n|cant|p1a: Cryogonal|slp\n|\n|upkeep\n|turn|26\n|\n|t:|1781393865\n|move|p2a: Vivillon|Quiver Dance|p2a: Vivillon\n|-boost|p2a: Vivillon|spa|1\n|-boost|p2a: Vivillon|spd|1\n|-boost|p2a: Vivillon|spe|1\n|-curestatus|p1a: Cryogonal|slp|[msg]\n|move|p1a: Cryogonal|Recover|p1a: Cryogonal\n|-heal|p1a: Cryogonal|263/287\n|\n|upkeep\n|turn|27\n|\n|t:|1781393869\n|move|p2a: Vivillon|Sleep Powder|p1a: Cryogonal\n|-status|p1a: Cryogonal|slp|[from] move: Sleep Powder\n|cant|p1a: Cryogonal|slp\n|\n|upkeep\n|turn|28\n|\n|t:|1781393873\n|move|p2a: Vivillon|Quiver Dance|p2a: Vivillon\n|-boost|p2a: Vivillon|spa|1\n|-boost|p2a: Vivillon|spd|1\n|-boost|p2a: Vivillon|spe|1\n|cant|p1a: Cryogonal|slp\n|\n|upkeep\n|turn|29\n|\n|t:|1781393880\n|move|p2a: Vivillon|Hurricane|p1a: Cryogonal\n|-resisted|p1a: Cryogonal\n|-damage|p1a: Cryogonal|179/287 slp\n|-curestatus|p1a: Cryogonal|slp|[msg]\n|move|p1a: Cryogonal|Haze|p1a: Cryogonal\n|-clearallboost\n|\n|upkeep\n|turn|30\n|\n|t:|1781393885\n|move|p1a: Cryogonal|Freeze-Dry|p2a: Vivillon\n|-supereffective|p2a: Vivillon\n|-damage|p2a: Vivillon|38/268\n|move|p2a: Vivillon|Sleep Powder|p1a: Cryogonal\n|-status|p1a: Cryogonal|slp|[from] move: Sleep Powder\n|\n|upkeep\n|turn|31\n|\n|t:|1781393889\n|switch|p2a: Scizor|Scizor, L79, M|240/240\n|cant|p1a: Cryogonal|slp\n|\n|upkeep\n|turn|32\n|\n|t:|1781393893\n|-curestatus|p1a: Cryogonal|slp|[msg]\n|move|p1a: Cryogonal|Freeze-Dry|p2a: Scizor\n|-resisted|p2a: Scizor\n|-damage|p2a: Scizor|195/240\n|move|p2a: Scizor|Close Combat|p1a: Cryogonal\n|-supereffective|p1a: Cryogonal\n|-crit|p1a: Cryogonal\n|-damage|p1a: Cryogonal|0 fnt\n|-unboost|p2a: Scizor|def|1\n|-unboost|p2a: Scizor|spd|1\n|faint|p1a: Cryogonal\n|\n|upkeep\n|\n|t:|1781393896\n|switch|p1a: Thundurus|Thundurus-Therian, L80, M|258/258\n|turn|33\n|\n|t:|1781393900\n|switch|p2a: Vivillon|Vivillon-Jungle, L83, M, tera:Ground|38/268\n|move|p1a: Thundurus|Psychic|p2a: Vivillon\n|-damage|p2a: Vivillon|0 fnt\n|faint|p2a: Vivillon\n|\n|upkeep\n|\n|t:|1781393903\n|switch|p2a: Keldeo|Keldeo-Resolute, L79|69/273\n|turn|34\n|\n|t:|1781393906\n|move|p2a: Keldeo|Hydro Pump|p1a: Thundurus\n|-damage|p1a: Thundurus|75/258\n|-damage|p2a: Keldeo|42/273|[from] item: Life Orb\n|move|p1a: Thundurus|Psychic|p2a: Keldeo\n|-supereffective|p2a: Keldeo\n|-damage|p2a: Keldeo|0 fnt\n|faint|p2a: Keldeo\n|\n|upkeep\n|\n|t:|1781393909\n|switch|p2a: Scizor|Scizor, L79, M|195/240\n|turn|35\n|\n|t:|1781393911\n|move|p2a: Scizor|Bullet Punch|p1a: Thundurus\n|-resisted|p1a: Thundurus\n|-damage|p1a: Thundurus|11/258\n|move|p1a: Thundurus|Psychic|p2a: Scizor\n|-resisted|p2a: Scizor\n|-damage|p2a: Scizor|129/240\n|\n|upkeep\n|turn|36\n|\n|t:|1781393914\n|move|p2a: Scizor|Bullet Punch|p1a: Thundurus\n|-resisted|p1a: Thundurus\n|-damage|p1a: Thundurus|0 fnt\n|faint|p1a: Thundurus\n|\n|win|BigBatzen\n", "uploadtime": 1781393687, "views": 3, "formatid": "gen9randombattle", "rating": null, "private": 0, "password": null}