{"id": "gen9randombattle-2631555894", "format": "[Gen 9] Random Battle", "players": ["bonbonbo", "hotdragon20"], "log": "|j|\u2606bonbonbo\n|j|\u2606hotdragon20\n|t:|1781400783\n|gametype|singles\n|player|p1|bonbonbo|170|1993\n|player|p2|hotdragon20|170|2078\n|gen|9\n|tier|[Gen 9] Random Battle\n|rated|\n|rule|Species Clause: Limit one of each Pok\u00e9mon\n|rule|HP Percentage Mod: HP is shown in percentages\n|rule|Sleep Clause Mod: Limit one foe put to sleep\n|rule|Illusion Level Mod: Illusion disguises the Pok\u00e9mon's true level\n|\n|t:|1781400783\n|teamsize|p1|6\n|teamsize|p2|6\n|start\n|switch|p1a: Revavroom|Revavroom, L79, M|256/256\n|switch|p2a: Clodsire|Clodsire, L81, F|343/343\n|turn|1\n|\n|t:|1781400842\n|move|p1a: Revavroom|High Horsepower|p2a: Clodsire\n|-supereffective|p2a: Clodsire\n|-damage|p2a: Clodsire|99/343\n|-damage|p1a: Revavroom|231/256|[from] item: Life Orb\n|move|p2a: Clodsire|Earthquake|p1a: Revavroom\n|-supereffective|p1a: Revavroom\n|-damage|p1a: Revavroom|0 fnt\n|faint|p1a: Revavroom\n|\n|-heal|p2a: Clodsire|120/343|[from] item: Leftovers\n|upkeep\n|\n|t:|1781400860\n|switch|p1a: Furret|Furret, L94, M|312/312\n|-item|p2a: Clodsire|Leftovers|[from] ability: Frisk|[of] p1a: Furret\n|turn|2\n|\n|t:|1781400871\n|move|p1a: Furret|Double-Edge|p2a: Clodsire\n|-damage|p2a: Clodsire|0 fnt\n|faint|p2a: Clodsire\n|-damage|p1a: Furret|272/312|[from] Recoil\n|-damage|p1a: Furret|241/312|[from] item: Life Orb\n|\n|upkeep\n|\n|t:|1781400881\n|switch|p2a: Ambipom|Ambipom, L84, M|263/263\n|turn|3\n|\n|t:|1781400889\n|move|p2a: Ambipom|Knock Off|p1a: Furret\n|-damage|p1a: Furret|124/312\n|-enditem|p1a: Furret|Life Orb|[from] move: Knock Off|[of] p2a: Ambipom\n|move|p1a: Furret|Double-Edge|p2a: Ambipom\n|-damage|p2a: Ambipom|110/263\n|-damage|p1a: Furret|74/312|[from] Recoil\n|\n|upkeep\n|turn|4\n|\n|t:|1781400895\n|move|p2a: Ambipom|Knock Off|p1a: Furret\n|-damage|p1a: Furret|0 fnt\n|faint|p1a: Furret\n|\n|upkeep\n|\n|t:|1781400898\n|switch|p1a: Gardevoir|Gardevoir, L83, F|249/249\n|-ability|p1a: Gardevoir|Technician|Trace|[from] ability: Trace|[of] p2a: Ambipom\n|turn|5\n|\n|t:|1781400929\n|move|p1a: Gardevoir|Moonblast|p2a: Ambipom\n|-damage|p2a: Ambipom|0 fnt\n|faint|p2a: Ambipom\n|\n|upkeep\n|\n|t:|1781400933\n|switch|p2a: Sneasler|Sneasler, L74, M|240/240\n|turn|6\n|\n|t:|1781400946\n|switch|p1a: Mandibuzz|Mandibuzz, L85, F|326/326\n|move|p2a: Sneasler|U-turn|p1a: Mandibuzz\n|-damage|p1a: Mandibuzz|262/326\n|\n|t:|1781400952\n|switch|p2a: Enamorus|Enamorus, L79, F|247/247|[from] U-turn\n|\n|upkeep\n|turn|7\n|\n|t:|1781400955\n|move|p2a: Enamorus|Superpower|p1a: Mandibuzz\n|-damage|p1a: Mandibuzz|189/326\n|-boost|p2a: Enamorus|atk|1\n|-boost|p2a: Enamorus|def|1\n|move|p1a: Mandibuzz|Brave Bird|p2a: Enamorus\n|-crit|p2a: Enamorus\n|-damage|p2a: Enamorus|72/247\n|-damage|p1a: Mandibuzz|131/326|[from] Recoil\n|\n|-heal|p2a: Enamorus|87/247|[from] item: Leftovers\n|upkeep\n|turn|8\n|\n|t:|1781400968\n|switch|p1a: Gardevoir|Gardevoir, L83, F|249/249\n|-ability|p1a: Gardevoir|Contrary|Trace|[from] ability: Trace|[of] p2a: Enamorus\n|move|p2a: Enamorus|Play Rough|p1a: Gardevoir|[miss]\n|-miss|p2a: Enamorus|p1a: Gardevoir\n|\n|-heal|p2a: Enamorus|102/247|[from] item: Leftovers\n|upkeep\n|turn|9\n|\n|t:|1781400981\n|move|p1a: Gardevoir|Psychic|p2a: Enamorus\n|-damage|p2a: Enamorus|0 fnt\n|faint|p2a: Enamorus\n|\n|upkeep\n|\n|t:|1781400999\n|switch|p2a: Cloyster|Cloyster, L80, M|211/211\n|turn|10\n|\n|t:|1781401002\n|move|p1a: Gardevoir|Psychic|p2a: Cloyster\n|-damage|p2a: Cloyster|12/211\n|-unboost|p2a: Cloyster|spd|1\n|-enditem|p2a: Cloyster|White Herb\n|-clearnegativeboost|p2a: Cloyster|[silent]\n|move|p2a: Cloyster|Shell Smash|p2a: Cloyster\n|-unboost|p2a: Cloyster|def|1\n|-unboost|p2a: Cloyster|spd|1\n|-boost|p2a: Cloyster|atk|2\n|-boost|p2a: Cloyster|spa|2\n|-boost|p2a: Cloyster|spe|2\n|\n|upkeep\n|turn|11\n|\n|t:|1781401021\n|switch|p1a: Mandibuzz|Mandibuzz, L85, F|131/326\n|move|p2a: Cloyster|Icicle Spear|p1a: Mandibuzz\n|-supereffective|p1a: Mandibuzz\n|-damage|p1a: Mandibuzz|47/326\n|-supereffective|p1a: Mandibuzz\n|-damage|p1a: Mandibuzz|0 fnt\n|faint|p1a: Mandibuzz\n|-hitcount|p1: Mandibuzz|2\n|\n|upkeep\n|\n|t:|1781401023\n|switch|p1a: Kyurem|Kyurem, L77|319/319\n|-ability|p1a: Kyurem|Pressure\n|turn|12\n|\n|t:|1781401028\n|move|p2a: Cloyster|Rock Blast|p1a: Kyurem\n|-supereffective|p1a: Kyurem\n|-crit|p1a: Kyurem\n|-damage|p1a: Kyurem|219/319\n|-supereffective|p1a: Kyurem\n|-damage|p1a: Kyurem|143/319\n|-supereffective|p1a: Kyurem\n|-damage|p1a: Kyurem|73/319\n|-supereffective|p1a: Kyurem\n|-damage|p1a: Kyurem|3/319\n|-supereffective|p1a: Kyurem\n|-damage|p1a: Kyurem|0 fnt\n|faint|p1a: Kyurem\n|-hitcount|p1: Kyurem|5\n|\n|upkeep\n|\n|t:|1781401032\n|switch|p1a: Gardevoir|Gardevoir, L83, F|249/249\n|-ability|p1a: Gardevoir|Skill Link|Trace|[from] ability: Trace|[of] p2a: Cloyster\n|turn|13\n|\n|t:|1781401034\n|move|p2a: Cloyster|Icicle Spear|p1a: Gardevoir\n|-damage|p1a: Gardevoir|189/249\n|-damage|p1a: Gardevoir|129/249\n|-damage|p1a: Gardevoir|62/249\n|-damage|p1a: Gardevoir|4/249\n|-damage|p1a: Gardevoir|0 fnt\n|faint|p1a: Gardevoir\n|-hitcount|p1: Gardevoir|5\n|\n|upkeep\n|-message|bonbonbo forfeited.\n|\n|win|hotdragon20\n|raw|bonbonbo's rating: 1993 &rarr; <strong>1978</strong><br />(-15 for losing)\n|raw|hotdragon20's rating: 2078 &rarr; <strong>2093</strong><br />(+15 for winning)\n", "uploadtime": 1781400785, "views": 5, "formatid": "gen9randombattle", "rating": 1978, "private": 0, "password": null}