{"id": "gen9randombattle-2631498117", "format": "[Gen 9] Random Battle", "players": ["NZQ", "f91swdg"], "log": "|j|\u2606NZQ\n|j|\u2606f91swdg\n|t:|1781392681\n|gametype|singles\n|player|p1|NZQ|170|2080\n|player|p2|f91swdg|biker-gen4|2156\n|gen|9\n|tier|[Gen 9] Random Battle\n|rated|\n|rule|Species Clause: Limit one of each Pok\u00e9mon\n|rule|HP Percentage Mod: HP is shown in percentages\n|rule|Sleep Clause Mod: Limit one foe put to sleep\n|rule|Illusion Level Mod: Illusion disguises the Pok\u00e9mon's true level\n|\n|t:|1781392681\n|teamsize|p1|6\n|teamsize|p2|6\n|start\n|switch|p1a: Malamar|Malamar, L82, F|275/275\n|switch|p2a: Vespiquen|Vespiquen, L99, F|299/299\n|-ability|p2a: Vespiquen|Pressure\n|turn|1\n|inactive|Battle timer is ON: inactive players will automatically lose when time's up. (requested by f91swdg)\n|\n|t:|1781392699\n|switch|p1a: Terrakion|Terrakion, L79|273/273\n|move|p2a: Vespiquen|U-turn|p1a: Terrakion\n|-resisted|p1a: Terrakion\n|-damage|p1a: Terrakion|226/273\n|\n|t:|1781392706\n|switch|p2a: Basculegion|Basculegion, L80, M|323/323|[from] U-turn\n|\n|upkeep\n|turn|2\n|\n|t:|1781392732\n|move|p1a: Terrakion|Stone Edge|p2a: Basculegion\n|-damage|p2a: Basculegion|127/323\n|-damage|p1a: Terrakion|199/273|[from] item: Life Orb\n|move|p2a: Basculegion|Flip Turn|p1a: Terrakion\n|-supereffective|p1a: Terrakion\n|-damage|p1a: Terrakion|11/273\n|\n|t:|1781392753\n|switch|p2a: Cyclizar|Cyclizar, L83, F|252/252|[from] Flip Turn\n|\n|upkeep\n|turn|3\n|\n|t:|1781392760\n|move|p2a: Cyclizar|Rapid Spin|p1a: Terrakion\n|-resisted|p1a: Terrakion\n|-damage|p1a: Terrakion|0 fnt\n|-boost|p2a: Cyclizar|spe|1\n|faint|p1a: Terrakion\n|\n|upkeep\n|\n|t:|1781392768\n|switch|p1a: Snorlax|Snorlax, L82, M|397/397\n|turn|4\n|\n|t:|1781392771\n|move|p2a: Cyclizar|Taunt|p1a: Snorlax\n|-start|p1a: Snorlax|move: Taunt\n|cant|p1a: Snorlax|move: Taunt|Curse\n|\n|upkeep\n|turn|5\n|\n|t:|1781392779\n|move|p2a: Cyclizar|Shed Tail|p2a: Cyclizar\n|-start|p2a: Cyclizar|Substitute|[from] move: Shed Tail\n|-damage|p2a: Cyclizar|126/252\n|\n|t:|1781392784\n|switch|p2a: Luxray|Luxray, L88, M|283/283|[from] Shed Tail\n|move|p1a: Snorlax|Crunch|p2a: Luxray\n|-activate|p2a: Luxray|move: Substitute|[damage]\n|\n|-status|p2a: Luxray|brn|[from] item: Flame Orb\n|upkeep\n|turn|6\n|\n|t:|1781392794\n|move|p2a: Luxray|Trailblaze|p1a: Snorlax\n|-damage|p1a: Snorlax|306/397\n|-boost|p2a: Luxray|spe|1\n|move|p1a: Snorlax|Body Slam|p2a: Luxray\n|-end|p2a: Luxray|Substitute\n|\n|-heal|p1a: Snorlax|330/397|[from] item: Leftovers\n|-damage|p2a: Luxray|266/283 brn|[from] brn\n|-end|p1a: Snorlax|move: Taunt\n|upkeep\n|turn|7\n|\n|t:|1781392797\n|-terastallize|p2a: Luxray|Normal\n|move|p2a: Luxray|Facade|p1a: Snorlax\n|-damage|p1a: Snorlax|0 fnt\n|faint|p1a: Snorlax\n|\n|-damage|p2a: Luxray|249/283 brn|[from] brn\n|upkeep\n|\n|t:|1781392802\n|switch|p1a: Oranguru|Oranguru, L92, M|315/315\n|turn|8\n|\n|t:|1781392812\n|move|p2a: Luxray|Facade|p1a: Oranguru\n|-damage|p1a: Oranguru|47/315\n|move|p1a: Oranguru|Hyper Voice|p2a: Luxray\n|-damage|p2a: Luxray|109/283 brn\n|-damage|p1a: Oranguru|16/315|[from] item: Life Orb\n|\n|-damage|p2a: Luxray|92/283 brn|[from] brn\n|upkeep\n|turn|9\n|\n|t:|1781392817\n|move|p2a: Luxray|Trailblaze|p1a: Oranguru\n|-damage|p1a: Oranguru|0 fnt\n|-boost|p2a: Luxray|spe|1\n|faint|p1a: Oranguru\n|\n|-damage|p2a: Luxray|75/283 brn|[from] brn\n|upkeep\n|\n|t:|1781392821\n|switch|p1a: Great Tusk|Great Tusk, L77|304/304\n|turn|10\n|\n|t:|1781392824\n|move|p2a: Luxray|Facade|p1a: Great Tusk\n|-damage|p1a: Great Tusk|91/304\n|move|p1a: Great Tusk|Earthquake|p2a: Luxray\n|-crit|p2a: Luxray\n|-damage|p2a: Luxray|0 fnt\n|faint|p2a: Luxray\n|\n|-heal|p1a: Great Tusk|110/304|[from] item: Leftovers\n|upkeep\n|\n|t:|1781392831\n|switch|p2a: Basculegion|Basculegion, L80, M|127/323\n|turn|11\n|\n|t:|1781392835\n|move|p1a: Great Tusk|Earthquake|p2a: Basculegion\n|-damage|p2a: Basculegion|0 fnt\n|faint|p2a: Basculegion\n|\n|-heal|p1a: Great Tusk|129/304|[from] item: Leftovers\n|upkeep\n|\n|t:|1781392841\n|switch|p2a: Cyclizar|Cyclizar, L83, F|210/252\n|turn|12\n|\n|t:|1781392847\n|-terastallize|p1a: Great Tusk|Steel\n|move|p2a: Cyclizar|Shed Tail|p2a: Cyclizar\n|-start|p2a: Cyclizar|Substitute|[from] move: Shed Tail\n|-damage|p2a: Cyclizar|84/252\n|\n|t:|1781392854\n|switch|p2a: Lugia|Lugia, L73|275/275|[from] Shed Tail\n|move|p1a: Great Tusk|Close Combat|p2a: Lugia\n|-resisted|p2a: Lugia\n|-activate|p2a: Lugia|move: Substitute|[damage]\n|-unboost|p1a: Great Tusk|def|1\n|-unboost|p1a: Great Tusk|spd|1\n|\n|-heal|p1a: Great Tusk|148/304|[from] item: Leftovers\n|upkeep\n|turn|13\n|\n|t:|1781392858\n|move|p2a: Lugia|Calm Mind|p2a: Lugia\n|-boost|p2a: Lugia|spa|1\n|-boost|p2a: Lugia|spd|1\n|move|p1a: Great Tusk|Stone Edge|p2a: Lugia|[miss]\n|-miss|p1a: Great Tusk|p2a: Lugia\n|\n|-heal|p1a: Great Tusk|167/304|[from] item: Leftovers\n|upkeep\n|turn|14\n|\n|t:|1781392862\n|move|p2a: Lugia|Earth Power|p1a: Great Tusk\n|-supereffective|p1a: Great Tusk\n|-damage|p1a: Great Tusk|0 fnt\n|faint|p1a: Great Tusk\n|-end|p1a: Great Tusk|Protosynthesis|[silent]\n|\n|upkeep\n|\n|t:|1781392865\n|switch|p1a: Malamar|Malamar, L82, F|275/275\n|turn|15\n|\n|t:|1781392870\n|move|p2a: Lugia|Aeroblast|p1a: Malamar\n|-crit|p1a: Malamar\n|-damage|p1a: Malamar|74/275\n|move|p1a: Malamar|Superpower|p2a: Lugia\n|-resisted|p2a: Lugia\n|-activate|p2a: Lugia|move: Substitute|[damage]\n|-boost|p1a: Malamar|atk|1\n|-boost|p1a: Malamar|def|1\n|\n|-heal|p1a: Malamar|91/275|[from] item: Leftovers\n|upkeep\n|turn|16\n|\n|t:|1781392873\n|move|p2a: Lugia|Aeroblast|p1a: Malamar\n|-damage|p1a: Malamar|0 fnt\n|faint|p1a: Malamar\n|\n|upkeep\n|\n|t:|1781392878\n|switch|p1a: Barraskewda|Barraskewda, L81, F|231/231\n|turn|17\n|\n|t:|1781392883\n|move|p1a: Barraskewda|Waterfall|p2a: Lugia\n|-end|p2a: Lugia|Substitute\n|move|p2a: Lugia|Aeroblast|p1a: Barraskewda\n|-damage|p1a: Barraskewda|50/231\n|\n|upkeep\n|turn|18\n|\n|t:|1781392888\n|move|p1a: Barraskewda|Waterfall|p2a: Lugia\n|-damage|p2a: Lugia|218/275\n|move|p2a: Lugia|Aeroblast|p1a: Barraskewda\n|-crit|p1a: Barraskewda\n|-damage|p1a: Barraskewda|0 fnt\n|faint|p1a: Barraskewda\n|\n|win|f91swdg\n", "uploadtime": 1781392683, "views": 3, "formatid": "gen9randombattle", "rating": null, "private": 0, "password": null}