{"id": "gen9randombattle-2631403504", "format": "[Gen 9] Random Battle", "players": ["lopunny luvr", "MAYBEsebas"], "log": "|j|\u2606lopunny luvr\n|j|\u2606MAYBEsebas\n|t:|1781380497\n|gametype|singles\n|player|p1|lopunny luvr|sailor|2091\n|player|p2|MAYBEsebas|rocketgrunt|2121\n|gen|9\n|tier|[Gen 9] Random Battle\n|rated|\n|rule|Species Clause: Limit one of each Pok\u00e9mon\n|rule|HP Percentage Mod: HP is shown in percentages\n|rule|Sleep Clause Mod: Limit one foe put to sleep\n|rule|Illusion Level Mod: Illusion disguises the Pok\u00e9mon's true level\n|\n|t:|1781380497\n|teamsize|p1|6\n|teamsize|p2|6\n|start\n|switch|p1a: Heracross|Heracross, L80, M|259/259\n|switch|p2a: Ogerpon|Ogerpon-Wellspring, L76, F|247/247\n|turn|1\n|inactive|Battle timer is ON: inactive players will automatically lose when time's up. (requested by lopunny luvr)\n|\n|t:|1781380537\n|move|p2a: Ogerpon|Ivy Cudgel|p1a: Heracross|[anim] Ivy Cudgel Water\n|-damage|p1a: Heracross|108/259\n|move|p1a: Heracross|Megahorn|p2a: Ogerpon\n|-supereffective|p2a: Ogerpon\n|-crit|p2a: Ogerpon\n|-damage|p2a: Ogerpon|0 fnt\n|faint|p2a: Ogerpon\n|-ability|p1a: Heracross|Moxie|boost\n|-boost|p1a: Heracross|atk|1\n|\n|upkeep\n|\n|t:|1781380551\n|switch|p2a: Bombirdier|Bombirdier, L85, F|258/258\n|turn|2\n|\n|t:|1781380573\n|switch|p1a: Pachirisu|Pachirisu, L96, F|271/271\n|move|p2a: Bombirdier|Brave Bird|p1a: Pachirisu\n|-resisted|p1a: Pachirisu\n|-damage|p1a: Pachirisu|171/271\n|-damage|p2a: Bombirdier|225/258|[from] Recoil\n|\n|upkeep\n|turn|3\n|\n|t:|1781380587\n|switch|p2a: Spidops|Spidops, L96, F|271/271\n|move|p1a: Pachirisu|Super Fang|p2a: Spidops\n|-damage|p2a: Spidops|136/271\n|\n|upkeep\n|turn|4\n|\n|t:|1781380603\n|move|p1a: Pachirisu|Discharge|p2a: Spidops\n|-damage|p2a: Spidops|78/271\n|move|p2a: Spidops|Sticky Web|p1a: Pachirisu\n|-sidestart|p1: lopunny luvr|move: Sticky Web\n|\n|upkeep\n|turn|5\n|inactive|lopunny luvr has 120 seconds left.\n|inactive|MAYBEsebas has 120 seconds left.\n|\n|t:|1781380635\n|move|p1a: Pachirisu|Encore|p2a: Spidops\n|-start|p2a: Spidops|Encore\n|move|p2a: Spidops|Sticky Web||[still]\n|-fail|p2a: Spidops\n|\n|upkeep\n|turn|6\n|\n|t:|1781380638\n|switch|p2a: Avalugg|Avalugg, L88, M|310/310\n|move|p1a: Pachirisu|U-turn|p2a: Avalugg\n|-damage|p2a: Avalugg|287/310\n|inactive|lopunny luvr has 120 seconds left.\n|\n|t:|1781380644\n|switch|p1a: Conkeldurr|Conkeldurr, L80, M|299/299|[from] U-turn\n|-activate|p1a: Conkeldurr|move: Sticky Web\n|-unboost|p1a: Conkeldurr|spe|1\n|\n|-status|p1a: Conkeldurr|brn|[from] item: Flame Orb\n|upkeep\n|turn|7\n|inactive|lopunny luvr has 120 seconds left.\n|inactive|MAYBEsebas has 120 seconds left.\n|\n|t:|1781380675\n|move|p1a: Conkeldurr|Close Combat|p2a: Avalugg\n|-supereffective|p2a: Avalugg\n|-damage|p2a: Avalugg|39/310\n|-unboost|p1a: Conkeldurr|def|1\n|-unboost|p1a: Conkeldurr|spd|1\n|move|p2a: Avalugg|Avalanche|p1a: Conkeldurr\n|-damage|p1a: Conkeldurr|55/299 brn\n|\n|-damage|p1a: Conkeldurr|37/299 brn|[from] brn\n|upkeep\n|turn|8\n|inactive|MAYBEsebas has 120 seconds left.\n|\n|t:|1781380691\n|move|p1a: Conkeldurr|Mach Punch|p2a: Avalugg\n|-supereffective|p2a: Avalugg\n|-damage|p2a: Avalugg|0 fnt\n|faint|p2a: Avalugg\n|\n|-damage|p1a: Conkeldurr|19/299 brn|[from] brn\n|upkeep\n|\n|t:|1781380693\n|switch|p2a: Spidops|Spidops, L96, F|78/271\n|turn|9\n|inactive|MAYBEsebas has 120 seconds left.\n|\n|t:|1781380716\n|move|p1a: Conkeldurr|Mach Punch|p2a: Spidops\n|-resisted|p2a: Spidops\n|-crit|p2a: Spidops\n|-damage|p2a: Spidops|26/271\n|move|p2a: Spidops|Spikes|p1a: Conkeldurr\n|-sidestart|p1: lopunny luvr|Spikes\n|\n|-damage|p1a: Conkeldurr|1/299 brn|[from] brn\n|upkeep\n|turn|10\n|\n|t:|1781380730\n|switch|p1a: Excadrill|Excadrill, L79, F|303/303\n|-activate|p1a: Excadrill|move: Sticky Web\n|-unboost|p1a: Excadrill|spe|1\n|-damage|p1a: Excadrill|266/303|[from] Spikes\n|-ability|p1a: Excadrill|Mold Breaker\n|move|p2a: Spidops|Spikes|p1a: Excadrill\n|-sidestart|p1: lopunny luvr|Spikes\n|\n|-heal|p1a: Excadrill|284/303|[from] item: Leftovers\n|upkeep\n|turn|11\n|\n|t:|1781380736\n|switch|p2a: Bombirdier|Bombirdier, L85, F|225/258\n|move|p1a: Excadrill|Rapid Spin|p2a: Bombirdier\n|-crit|p2a: Bombirdier\n|-damage|p2a: Bombirdier|161/258\n|-boost|p1a: Excadrill|spe|1\n|-sideend|p1: lopunny luvr|Spikes|[from] move: Rapid Spin|[of] p1a: Excadrill\n|-sideend|p1: lopunny luvr|Sticky Web|[from] move: Rapid Spin|[of] p1a: Excadrill\n|\n|-heal|p1a: Excadrill|302/303|[from] item: Leftovers\n|upkeep\n|turn|12\n|inactive|MAYBEsebas has 120 seconds left.\n|\n|t:|1781380745\n|switch|p1a: Conkeldurr|Conkeldurr, L80, M|1/299 brn\n|move|p2a: Bombirdier|Knock Off|p1a: Conkeldurr\n|-resisted|p1a: Conkeldurr\n|-damage|p1a: Conkeldurr|0 fnt\n|-enditem|p1a: Conkeldurr|Flame Orb|[from] move: Knock Off|[of] p2a: Bombirdier\n|faint|p1a: Conkeldurr\n|\n|upkeep\n|\n|t:|1781380763\n|switch|p1a: Heracross|Heracross, L80, M|108/259\n|turn|13\n|\n|t:|1781380771\n|switch|p2a: Spidops|Spidops, L96, F|26/271\n|move|p1a: Heracross|Close Combat|p2a: Spidops\n|-resisted|p2a: Spidops\n|-damage|p2a: Spidops|0 fnt\n|-unboost|p1a: Heracross|def|1\n|-unboost|p1a: Heracross|spd|1\n|faint|p2a: Spidops\n|-ability|p1a: Heracross|Moxie|boost\n|-boost|p1a: Heracross|atk|1\n|\n|upkeep\n|\n|t:|1781380777\n|switch|p2a: Bombirdier|Bombirdier, L85, F|161/258\n|turn|14\n|\n|t:|1781380797\n|move|p2a: Bombirdier|Knock Off|p1a: Heracross\n|-resisted|p1a: Heracross\n|-damage|p1a: Heracross|0 fnt\n|-enditem|p1a: Heracross|Choice Band|[from] move: Knock Off|[of] p2a: Bombirdier\n|faint|p1a: Heracross\n|\n|upkeep\n|\n|t:|1781380798\n|switch|p1a: Pachirisu|Pachirisu, L96, F|171/271\n|turn|15\n|\n|t:|1781380816\n|move|p1a: Pachirisu|Discharge|p2a: Bombirdier\n|-supereffective|p2a: Bombirdier\n|-damage|p2a: Bombirdier|39/258\n|move|p2a: Bombirdier|Knock Off|p1a: Pachirisu\n|-damage|p1a: Pachirisu|3/271\n|-enditem|p1a: Pachirisu|Heavy-Duty Boots|[from] move: Knock Off|[of] p2a: Bombirdier\n|\n|upkeep\n|turn|16\n|\n|t:|1781380827\n|move|p1a: Pachirisu|Discharge|p2a: Bombirdier\n|-supereffective|p2a: Bombirdier\n|-damage|p2a: Bombirdier|0 fnt\n|faint|p2a: Bombirdier\n|\n|upkeep\n|\n|t:|1781380830\n|switch|p2a: Empoleon|Empoleon, L84, M|278/278\n|turn|17\n|\n|t:|1781380844\n|move|p1a: Pachirisu|Discharge|p2a: Empoleon\n|-supereffective|p2a: Empoleon\n|-crit|p2a: Empoleon\n|-damage|p2a: Empoleon|92/278\n|move|p2a: Empoleon|Surf|p1a: Pachirisu\n|-damage|p1a: Pachirisu|0 fnt\n|faint|p1a: Pachirisu\n|\n|-heal|p2a: Empoleon|109/278|[from] item: Leftovers\n|upkeep\n|\n|t:|1781380853\n|switch|p1a: Excadrill|Excadrill, L79, F|302/303\n|-ability|p1a: Excadrill|Mold Breaker\n|turn|18\n|\n|t:|1781380858\n|move|p1a: Excadrill|Earthquake|p2a: Empoleon\n|-supereffective|p2a: Empoleon\n|-damage|p2a: Empoleon|0 fnt\n|faint|p2a: Empoleon\n|\n|-heal|p1a: Excadrill|303/303|[from] item: Leftovers\n|upkeep\n|\n|t:|1781380860\n|switch|p2a: Iron Leaves|Iron Leaves, L80|275/275\n|turn|19\n|\n|t:|1781380874\n|move|p2a: Iron Leaves|Swords Dance|p2a: Iron Leaves\n|-boost|p2a: Iron Leaves|atk|2\n|move|p1a: Excadrill|Rapid Spin|p2a: Iron Leaves\n|-damage|p2a: Iron Leaves|228/275\n|-boost|p1a: Excadrill|spe|1\n|\n|upkeep\n|turn|20\n|\n|t:|1781380879\n|move|p1a: Excadrill|Iron Head|p2a: Iron Leaves\n|-damage|p2a: Iron Leaves|134/275\n|cant|p2a: Iron Leaves|flinch\n|\n|upkeep\n|turn|21\n|\n|t:|1781380883\n|move|p1a: Excadrill|Iron Head|p2a: Iron Leaves\n|-damage|p2a: Iron Leaves|34/275\n|move|p2a: Iron Leaves|Leaf Blade|p1a: Excadrill\n|-damage|p1a: Excadrill|0 fnt\n|faint|p1a: Excadrill\n|-damage|p2a: Iron Leaves|7/275|[from] item: Life Orb\n|\n|upkeep\n|\n|t:|1781380885\n|switch|p1a: Dragapult|Dragapult, L77, M|262/262\n|turn|22\n|-message|MAYBEsebas forfeited.\n|\n|win|lopunny luvr\n", "uploadtime": 1781380499, "views": 7, "formatid": "gen9randombattle", "rating": null, "private": 0, "password": null}