{"id": "gen9randombattle-2631647851", "format": "[Gen 9] Random Battle", "players": ["Brennnnnn75", "Slippy491x"], "log": "|j|\u2606Brennnnnn75\n|j|\u2606Slippy491x\n|t:|1781414509\n|gametype|singles\n|player|p1|Brennnnnn75|ghetsis-gen5bw|1120\n|player|p2|Slippy491x|waitress-gen4|1112\n|gen|9\n|tier|[Gen 9] Random Battle\n|rated|\n|rule|Species Clause: Limit one of each Pok\u00e9mon\n|rule|HP Percentage Mod: HP is shown in percentages\n|rule|Sleep Clause Mod: Limit one foe put to sleep\n|rule|Illusion Level Mod: Illusion disguises the Pok\u00e9mon's true level\n|\n|t:|1781414509\n|teamsize|p1|6\n|teamsize|p2|6\n|start\n|switch|p1a: Mabosstiff|Mabosstiff, L86, F|278/278\n|switch|p2a: Meowstic|Meowstic-F, L89, F|277/277\n|turn|1\n|\n|t:|1781414520\n|switch|p2a: Tauros|Tauros-Paldea-Combat, L82, M|257/257\n|-ability|p2a: Tauros|Intimidate|boost\n|-unboost|p1a: Mabosstiff|atk|1\n|move|p1a: Mabosstiff|Crunch|p2a: Tauros\n|-resisted|p2a: Tauros\n|-damage|p2a: Tauros|191/257\n|\n|upkeep\n|turn|2\n|\n|t:|1781414529\n|switch|p1a: Latias|Latias, L79, F|256/256\n|move|p2a: Tauros|Bulk Up|p2a: Tauros\n|-boost|p2a: Tauros|atk|1\n|-boost|p2a: Tauros|def|1\n|\n|upkeep\n|turn|3\n|\n|t:|1781414538\n|move|p1a: Latias|Psyshock|p2a: Tauros\n|-supereffective|p2a: Tauros\n|-damage|p2a: Tauros|71/257\n|move|p2a: Tauros|Throat Chop|p1a: Latias\n|-supereffective|p1a: Latias\n|-crit|p1a: Latias\n|-damage|p1a: Latias|0 fnt\n|faint|p1a: Latias\n|-damage|p2a: Tauros|46/257|[from] item: Life Orb\n|\n|upkeep\n|\n|t:|1781414543\n|switch|p1a: Mabosstiff|Mabosstiff, L86, F|278/278\n|turn|4\n|\n|t:|1781414546\n|move|p1a: Mabosstiff|Play Rough|p2a: Tauros\n|-supereffective|p2a: Tauros\n|-damage|p2a: Tauros|0 fnt\n|faint|p2a: Tauros\n|\n|upkeep\n|\n|t:|1781414549\n|switch|p2a: Pawmot|Pawmot, L80, F|243/243\n|turn|5\n|\n|t:|1781414555\n|move|p1a: Mabosstiff|Play Rough|p2a: Pawmot|[miss]\n|-miss|p1a: Mabosstiff|p2a: Pawmot\n|move|p2a: Pawmot|Close Combat|p1a: Mabosstiff\n|-supereffective|p1a: Mabosstiff\n|-damage|p1a: Mabosstiff|0 fnt\n|-unboost|p2a: Pawmot|def|1\n|-unboost|p2a: Pawmot|spd|1\n|faint|p1a: Mabosstiff\n|-damage|p2a: Pawmot|219/243|[from] item: Life Orb\n|\n|upkeep\n|\n|t:|1781414560\n|switch|p1a: Weezing|Weezing-Galar, L86, M|252/252\n|turn|6\n|\n|t:|1781414584\n|switch|p2a: Regidrago|Regidrago, L77|435/435\n|move|p1a: Weezing|Strange Steam|p2a: Regidrago\n|-supereffective|p2a: Regidrago\n|-damage|p2a: Regidrago|163/435\n|\n|upkeep\n|turn|7\n|\n|t:|1781414594\n|move|p2a: Regidrago|Earthquake|p1a: Weezing\n|-immune|p1a: Weezing|[from] ability: Levitate\n|move|p1a: Weezing|Strange Steam|p2a: Regidrago\n|-supereffective|p2a: Regidrago\n|-damage|p2a: Regidrago|0 fnt\n|faint|p2a: Regidrago\n|\n|upkeep\n|\n|t:|1781414602\n|switch|p2a: Dusknoir|Dusknoir, L89, M|225/225\n|-item|p1a: Weezing|Leftovers|[from] ability: Frisk|[of] p2a: Dusknoir\n|turn|8\n|\n|t:|1781414608\n|move|p1a: Weezing|Strange Steam|p2a: Dusknoir\n|-damage|p2a: Dusknoir|165/225\n|move|p2a: Dusknoir|Poltergeist|p1a: Weezing\n|-activate|p1a: Weezing|move: Poltergeist|Leftovers\n|-damage|p1a: Weezing|131/252\n|-damage|p2a: Dusknoir|143/225|[from] item: Life Orb\n|\n|-heal|p1a: Weezing|146/252|[from] item: Leftovers\n|upkeep\n|turn|9\n|\n|t:|1781414624\n|move|p1a: Weezing|Strange Steam|p2a: Dusknoir\n|-damage|p2a: Dusknoir|80/225\n|move|p2a: Dusknoir|Poltergeist|p1a: Weezing\n|-activate|p1a: Weezing|move: Poltergeist|Leftovers\n|-damage|p1a: Weezing|8/252\n|-damage|p2a: Dusknoir|58/225|[from] item: Life Orb\n|\n|-heal|p1a: Weezing|23/252|[from] item: Leftovers\n|upkeep\n|turn|10\n|\n|t:|1781414627\n|move|p2a: Dusknoir|Shadow Sneak|p1a: Weezing\n|-damage|p1a: Weezing|0 fnt\n|faint|p1a: Weezing\n|-damage|p2a: Dusknoir|36/225|[from] item: Life Orb\n|\n|upkeep\n|\n|t:|1781414642\n|switch|p1a: Whiscash|Whiscash, L88, M|337/337\n|turn|11\n|\n|t:|1781414649\n|move|p1a: Whiscash|Dragon Dance|p1a: Whiscash\n|-boost|p1a: Whiscash|atk|1\n|-boost|p1a: Whiscash|spe|1\n|move|p2a: Dusknoir|Poltergeist|p1a: Whiscash\n|-activate|p1a: Whiscash|move: Poltergeist|Life Orb\n|-damage|p1a: Whiscash|137/337\n|-damage|p2a: Dusknoir|14/225|[from] item: Life Orb\n|\n|upkeep\n|turn|12\n|\n|t:|1781414662\n|move|p2a: Dusknoir|Shadow Sneak|p1a: Whiscash\n|-damage|p1a: Whiscash|63/337\n|-damage|p2a: Dusknoir|0 fnt|[from] item: Life Orb\n|faint|p2a: Dusknoir\n|move|p1a: Whiscash|Stone Edge|p2: Dusknoir|[notarget]\n|-fail|p1a: Whiscash\n|\n|upkeep\n|\n|t:|1781414674\n|switch|p2a: Ludicolo|Ludicolo, L90, F|290/290\n|turn|13\n|\n|t:|1781414682\n|move|p1a: Whiscash|Stone Edge|p2a: Ludicolo\n|-damage|p2a: Ludicolo|142/290\n|-damage|p1a: Whiscash|30/337|[from] item: Life Orb\n|move|p2a: Ludicolo|Giga Drain|p1a: Whiscash\n|-supereffective|p1a: Whiscash\n|-damage|p1a: Whiscash|0 fnt\n|-heal|p2a: Ludicolo|157/290|[from] drain|[of] p1a: Whiscash\n|faint|p1a: Whiscash\n|\n|upkeep\n|\n|t:|1781414686\n|switch|p1a: Staraptor|Staraptor, L79, F|263/263\n|turn|14\n|\n|t:|1781414708\n|switch|p2a: Meowstic|Meowstic-F, L89, F|277/277\n|move|p1a: Staraptor|Brave Bird|p2a: Meowstic\n|-damage|p2a: Meowstic|21/277\n|-damage|p1a: Staraptor|179/263|[from] Recoil\n|\n|upkeep\n|turn|15\n|\n|t:|1781414711\n|move|p2a: Meowstic|Thunderbolt|p1a: Staraptor\n|-supereffective|p1a: Staraptor\n|-damage|p1a: Staraptor|0 fnt\n|faint|p1a: Staraptor\n|-damage|p2a: Meowstic|0 fnt|[from] item: Life Orb\n|faint|p2a: Meowstic\n|\n|upkeep\n|\n|t:|1781414719\n|switch|p2a: Pawmot|Pawmot, L80, F|219/243\n|switch|p1a: Scrafty|Scrafty, L83, M|244/244\n|turn|16\n|\n|t:|1781414727\n|-terastallize|p1a: Scrafty|Poison\n|move|p2a: Pawmot|Close Combat|p1a: Scrafty\n|-resisted|p1a: Scrafty\n|-damage|p1a: Scrafty|175/244\n|-unboost|p2a: Pawmot|def|1\n|-unboost|p2a: Pawmot|spd|1\n|-damage|p2a: Pawmot|195/243|[from] item: Life Orb\n|move|p1a: Scrafty|Bulk Up|p1a: Scrafty\n|-boost|p1a: Scrafty|atk|1\n|-boost|p1a: Scrafty|def|1\n|\n|-heal|p1a: Scrafty|190/244|[from] item: Leftovers\n|upkeep\n|turn|17\n|\n|t:|1781414734\n|move|p2a: Pawmot|Double Shock|p1a: Scrafty\n|-damage|p1a: Scrafty|93/244\n|-start|p2a: Pawmot|typechange|???/Fighting|[from] move: Double Shock\n|-damage|p2a: Pawmot|171/243|[from] item: Life Orb\n|move|p1a: Scrafty|Bulk Up|p1a: Scrafty\n|-boost|p1a: Scrafty|atk|1\n|-boost|p1a: Scrafty|def|1\n|\n|-heal|p1a: Scrafty|108/244|[from] item: Leftovers\n|upkeep\n|turn|18\n|\n|t:|1781414745\n|move|p2a: Pawmot|Revival Blessing|p2a: Pawmot\n|\n|t:|1781414749\n|-heal|p2: Meowstic|138/277|[from] move: Revival Blessing\n|move|p1a: Scrafty|Drain Punch|p2a: Pawmot\n|-damage|p2a: Pawmot|0 fnt\n|-heal|p1a: Scrafty|194/244|[from] drain|[of] p2a: Pawmot\n|faint|p2a: Pawmot\n|\n|-heal|p1a: Scrafty|209/244|[from] item: Leftovers\n|upkeep\n|\n|t:|1781414752\n|switch|p2a: Ludicolo|Ludicolo, L90, F|157/290\n|turn|19\n|\n|t:|1781414758\n|move|p2a: Ludicolo|Giga Drain|p1a: Scrafty\n|-resisted|p1a: Scrafty\n|-damage|p1a: Scrafty|158/244\n|-heal|p2a: Ludicolo|183/290|[from] drain|[of] p1a: Scrafty\n|move|p1a: Scrafty|Bulk Up|p1a: Scrafty\n|-boost|p1a: Scrafty|atk|1\n|-boost|p1a: Scrafty|def|1\n|\n|-heal|p1a: Scrafty|173/244|[from] item: Leftovers\n|upkeep\n|turn|20\n|\n|t:|1781414762\n|move|p2a: Ludicolo|Giga Drain|p1a: Scrafty\n|-resisted|p1a: Scrafty\n|-damage|p1a: Scrafty|117/244\n|-heal|p2a: Ludicolo|211/290|[from] drain|[of] p1a: Scrafty\n|move|p1a: Scrafty|Bulk Up|p1a: Scrafty\n|-boost|p1a: Scrafty|atk|1\n|-boost|p1a: Scrafty|def|1\n|\n|-heal|p1a: Scrafty|132/244|[from] item: Leftovers\n|upkeep\n|turn|21\n|\n|t:|1781414764\n|move|p2a: Ludicolo|Giga Drain|p1a: Scrafty\n|-resisted|p1a: Scrafty\n|-damage|p1a: Scrafty|82/244\n|-heal|p2a: Ludicolo|236/290|[from] drain|[of] p1a: Scrafty\n|move|p1a: Scrafty|Bulk Up|p1a: Scrafty\n|-boost|p1a: Scrafty|atk|1\n|-boost|p1a: Scrafty|def|1\n|\n|-heal|p1a: Scrafty|97/244|[from] item: Leftovers\n|upkeep\n|turn|22\n|\n|t:|1781414766\n|move|p2a: Ludicolo|Giga Drain|p1a: Scrafty\n|-resisted|p1a: Scrafty\n|-damage|p1a: Scrafty|45/244\n|-heal|p2a: Ludicolo|262/290|[from] drain|[of] p1a: Scrafty\n|move|p1a: Scrafty|Bulk Up|p1a: Scrafty\n|-boost|p1a: Scrafty|atk|1\n|-boost|p1a: Scrafty|def|1\n|\n|-heal|p1a: Scrafty|60/244|[from] item: Leftovers\n|upkeep\n|turn|23\n|\n|t:|1781414768\n|move|p2a: Ludicolo|Giga Drain|p1a: Scrafty\n|-resisted|p1a: Scrafty\n|-damage|p1a: Scrafty|6/244\n|-heal|p2a: Ludicolo|289/290|[from] drain|[of] p1a: Scrafty\n|move|p1a: Scrafty|Drain Punch|p2a: Ludicolo\n|-damage|p2a: Ludicolo|0 fnt\n|-heal|p1a: Scrafty|151/244|[from] drain|[of] p2a: Ludicolo\n|faint|p2a: Ludicolo\n|\n|-heal|p1a: Scrafty|166/244|[from] item: Leftovers\n|upkeep\n|\n|t:|1781414771\n|switch|p2a: Meowstic|Meowstic-F, L89, F|138/277\n|turn|24\n|\n|t:|1781414776\n|move|p2a: Meowstic|Psychic|p1a: Scrafty\n|-supereffective|p1a: Scrafty\n|-damage|p1a: Scrafty|0 fnt\n|faint|p1a: Scrafty\n|-damage|p2a: Meowstic|111/277|[from] item: Life Orb\n|\n|win|Slippy491x\n|raw|Brennnnnn75's rating: 1120 &rarr; <strong>1094</strong><br />(-26 for losing)\n|raw|Slippy491x's rating: 1112 &rarr; <strong>1138</strong><br />(+26 for winning)\n|c|\u2606Slippy491x|gg\n|l|\u2606Brennnnnn75\n|player|p1|\n", "uploadtime": 1781414801, "views": 4, "formatid": "gen9randombattle", "rating": 1094, "private": 0, "password": null}