{"id": "gen9randombattle-2631394167", "format": "[Gen 9] Random Battle", "players": ["christiansraw", "CandleBlue"], "log": "|j|\u2606christiansraw\n|j|\u2606CandleBlue\n|t:|1781379419\n|gametype|singles\n|player|p1|christiansraw|jogger|1968\n|player|p2|CandleBlue|266|2053\n|gen|9\n|tier|[Gen 9] Random Battle\n|rated|\n|rule|Species Clause: Limit one of each Pok\u00e9mon\n|rule|HP Percentage Mod: HP is shown in percentages\n|rule|Sleep Clause Mod: Limit one foe put to sleep\n|rule|Illusion Level Mod: Illusion disguises the Pok\u00e9mon's true level\n|\n|t:|1781379419\n|teamsize|p1|6\n|teamsize|p2|6\n|start\n|switch|p1a: Iron Treads|Iron Treads, L77|265/265\n|switch|p2a: Grimmsnarl|Grimmsnarl, L83, M|293/293\n|turn|1\n|\n|t:|1781379473\n|move|p2a: Grimmsnarl|Reflect|p2a: Grimmsnarl\n|-sidestart|p2: CandleBlue|Reflect\n|move|p1a: Iron Treads|Iron Head|p2a: Grimmsnarl\n|-supereffective|p2a: Grimmsnarl\n|-damage|p2a: Grimmsnarl|197/293\n|\n|upkeep\n|turn|2\n|\n|t:|1781379487\n|switch|p2a: Grumpig|Grumpig, L92, F|297/297\n|move|p1a: Iron Treads|Volt Switch|p2a: Grumpig\n|-damage|p2a: Grumpig|269/297\n|\n|t:|1781379494\n|-end|p1a: Iron Treads|Quark Drive|[silent]\n|switch|p1a: Sandy Shocks|Sandy Shocks, L80|267/267|[from] Volt Switch\n|\n|-heal|p2a: Grumpig|287/297|[from] item: Leftovers\n|upkeep\n|turn|3\n|\n|t:|1781379505\n|move|p1a: Sandy Shocks|Thunder Wave|p2a: Grumpig\n|-status|p2a: Grumpig|par\n|move|p2a: Grumpig|Nasty Plot|p2a: Grumpig\n|-boost|p2a: Grumpig|spa|2\n|\n|-heal|p2a: Grumpig|297/297 par|[from] item: Leftovers\n|upkeep\n|turn|4\n|\n|t:|1781379515\n|move|p1a: Sandy Shocks|Earth Power|p2a: Grumpig\n|-damage|p2a: Grumpig|216/297 par\n|cant|p2a: Grumpig|par\n|\n|-heal|p2a: Grumpig|234/297 par|[from] item: Leftovers\n|upkeep\n|turn|5\n|\n|t:|1781379519\n|move|p1a: Sandy Shocks|Earth Power|p2a: Grumpig\n|-damage|p2a: Grumpig|146/297 par\n|move|p2a: Grumpig|Psychic|p1a: Sandy Shocks\n|-damage|p1a: Sandy Shocks|48/267\n|\n|-heal|p1a: Sandy Shocks|64/267|[from] item: Leftovers\n|-heal|p2a: Grumpig|164/297 par|[from] item: Leftovers\n|upkeep\n|turn|6\n|\n|t:|1781379529\n|move|p1a: Sandy Shocks|Thunderbolt|p2a: Grumpig\n|-damage|p2a: Grumpig|83/297 par\n|move|p2a: Grumpig|Shadow Ball|p1a: Sandy Shocks\n|-damage|p1a: Sandy Shocks|0 fnt\n|faint|p1a: Sandy Shocks\n|-end|p1a: Sandy Shocks|Protosynthesis|[silent]\n|\n|-heal|p2a: Grumpig|101/297 par|[from] item: Leftovers\n|upkeep\n|\n|t:|1781379538\n|switch|p1a: Iron Treads|Iron Treads, L77|265/265\n|turn|7\n|\n|t:|1781379549\n|move|p1a: Iron Treads|Iron Head|p2a: Grumpig\n|-damage|p2a: Grumpig|58/297 par\n|move|p2a: Grumpig|Focus Blast|p1a: Iron Treads|[miss]\n|-miss|p2a: Grumpig|p1a: Iron Treads\n|\n|-heal|p2a: Grumpig|76/297 par|[from] item: Leftovers\n|upkeep\n|turn|8\n|\n|t:|1781379567\n|switch|p2a: Bellibolt|Bellibolt, L84, F|320/320\n|move|p1a: Iron Treads|Iron Head|p2a: Bellibolt\n|-resisted|p2a: Bellibolt\n|-damage|p2a: Bellibolt|302/320\n|-start|p2a: Bellibolt|Charge|Iron Head|[from] ability: Electromorphosis\n|\n|-heal|p2a: Bellibolt|320/320|[from] item: Leftovers\n|-sideend|p2: CandleBlue|Reflect\n|upkeep\n|turn|9\n|\n|t:|1781379572\n|switch|p2a: Squawkabilly|Squawkabilly-Yellow, L89, F|291/291\n|move|p1a: Iron Treads|Earthquake|p2a: Squawkabilly\n|-immune|p2a: Squawkabilly\n|\n|upkeep\n|turn|10\n|\n|t:|1781379582\n|move|p2a: Squawkabilly|Foul Play|p1a: Iron Treads\n|-damage|p1a: Iron Treads|128/265\n|move|p1a: Iron Treads|Volt Switch|p2a: Squawkabilly\n|-supereffective|p2a: Squawkabilly\n|-damage|p2a: Squawkabilly|207/291\n|\n|t:|1781379588\n|-end|p1a: Iron Treads|Quark Drive|[silent]\n|switch|p1a: Chien-Pao|Chien-Pao, L72|234/234|[from] Volt Switch\n|-ability|p1a: Chien-Pao|Sword of Ruin\n|\n|upkeep\n|turn|11\n|\n|t:|1781379598\n|switch|p2a: Grumpig|Grumpig, L92, F|76/297 par\n|move|p1a: Chien-Pao|Icicle Crash|p2a: Grumpig\n|-damage|p2a: Grumpig|0 fnt\n|faint|p2a: Grumpig\n|\n|upkeep\n|\n|t:|1781379609\n|switch|p2a: Bellibolt|Bellibolt, L84, F|320/320\n|turn|12\n|\n|t:|1781379621\n|move|p1a: Chien-Pao|Icicle Crash|p2a: Bellibolt\n|-damage|p2a: Bellibolt|169/320\n|-start|p2a: Bellibolt|Charge|Icicle Crash|[from] ability: Electromorphosis\n|cant|p2a: Bellibolt|flinch\n|\n|-heal|p2a: Bellibolt|189/320|[from] item: Leftovers\n|upkeep\n|turn|13\n|\n|t:|1781379628\n|switch|p1a: Iron Treads|Iron Treads, L77|128/265\n|move|p2a: Bellibolt|Slack Off|p2a: Bellibolt\n|-heal|p2a: Bellibolt|320/320\n|\n|upkeep\n|turn|14\n|\n|t:|1781379635\n|switch|p2a: Squawkabilly|Squawkabilly-Yellow, L89, F|207/291\n|move|p1a: Iron Treads|Earthquake|p2a: Squawkabilly\n|-immune|p2a: Squawkabilly\n|\n|upkeep\n|turn|15\n|\n|t:|1781379643\n|-end|p1a: Iron Treads|Quark Drive|[silent]\n|switch|p1a: Toxapex|Toxapex, L82, F|216/216\n|move|p2a: Squawkabilly|Brave Bird|p1a: Toxapex\n|-damage|p1a: Toxapex|5/216\n|-damage|p2a: Squawkabilly|159/291|[from] item: Rocky Helmet|[of] p1a: Toxapex\n|-damage|p2a: Squawkabilly|89/291|[from] Recoil\n|\n|upkeep\n|turn|16\n|\n|t:|1781379658\n|move|p2a: Squawkabilly|Brave Bird|p1a: Toxapex\n|-damage|p1a: Toxapex|0 fnt\n|-damage|p2a: Squawkabilly|41/291|[from] item: Rocky Helmet|[of] p1a: Toxapex\n|faint|p1a: Toxapex\n|-damage|p2a: Squawkabilly|39/291|[from] Recoil\n|\n|upkeep\n|\n|t:|1781379667\n|switch|p1a: Palafin|Palafin, L77, F|281/281\n|turn|17\n|\n|t:|1781379683\n|switch|p2a: Grimmsnarl|Grimmsnarl, L83, M|197/293\n|move|p1a: Palafin|Jet Punch|p2a: Grimmsnarl\n|-damage|p2a: Grimmsnarl|112/293\n|\n|upkeep\n|turn|18\n|\n|t:|1781379693\n|move|p1a: Palafin|Jet Punch|p2a: Grimmsnarl\n|-damage|p2a: Grimmsnarl|39/293\n|move|p2a: Grimmsnarl|Reflect|p2a: Grimmsnarl\n|-sidestart|p2: CandleBlue|Reflect\n|\n|upkeep\n|turn|19\n|\n|t:|1781379705\n|move|p1a: Palafin|Jet Punch|p2a: Grimmsnarl\n|-damage|p2a: Grimmsnarl|0 fnt\n|faint|p2a: Grimmsnarl\n|\n|upkeep\n|\n|t:|1781379708\n|switch|p2a: Galvantula|Galvantula, L82, F|249/249\n|turn|20\n|j| feraligatr77\n|\n|t:|1781379723\n|switch|p2a: Squawkabilly|Squawkabilly-Yellow, L89, F|39/291\n|detailschange|p1a: Palafin|Palafin-Hero, L77, F\n|switch|p1a: Iron Treads|Iron Treads, L77|128/265\n|\n|upkeep\n|turn|21\n|\n|t:|1781379742\n|-end|p1a: Iron Treads|Quark Drive|[silent]\n|switch|p1a: Chien-Pao|Chien-Pao, L72|234/234\n|-ability|p1a: Chien-Pao|Sword of Ruin\n|move|p2a: Squawkabilly|Foul Play|p1a: Chien-Pao|[miss]\n|-miss|p2a: Squawkabilly|p1a: Chien-Pao\n|\n|upkeep\n|turn|22\n|\n|t:|1781379755\n|move|p1a: Chien-Pao|Throat Chop|p2a: Squawkabilly\n|-damage|p2a: Squawkabilly|0 fnt\n|faint|p2a: Squawkabilly\n|\n|upkeep\n|\n|t:|1781379763\n|switch|p2a: Metagross|Metagross, L79|256/256\n|turn|23\n|\n|t:|1781379769\n|switch|p1a: Palafin|Palafin-Hero, L77, F|281/281\n|-activate|p1a: Palafin|ability: Zero to Hero\n|move|p2a: Metagross|Agility|p2a: Metagross\n|-boost|p2a: Metagross|spe|2\n|\n|upkeep\n|turn|24\n|\n|t:|1781379783\n|move|p2a: Metagross|Knock Off|p1a: Palafin\n|-damage|p1a: Palafin|200/281\n|-enditem|p1a: Palafin|Choice Band|[from] move: Knock Off|[of] p2a: Metagross\n|move|p1a: Palafin|Flip Turn|p2a: Metagross\n|-damage|p2a: Metagross|227/256\n|\n|t:|1781379789\n|switch|p1a: Rabsca|Rabsca, L91, F|284/284|[from] Flip Turn\n|\n|upkeep\n|turn|25\n|\n|t:|1781379796\n|move|p2a: Metagross|Knock Off|p1a: Rabsca\n|-supereffective|p1a: Rabsca\n|-damage|p1a: Rabsca|146/284\n|-enditem|p1a: Rabsca|Heavy-Duty Boots|[from] move: Knock Off|[of] p2a: Metagross\n|move|p1a: Rabsca|Revival Blessing|p1a: Rabsca\n|\n|t:|1781379802\n|-heal|p1: Sandy Shocks|133/267|[from] move: Revival Blessing\n|\n|-sideend|p2: CandleBlue|Reflect\n|upkeep\n|turn|26\n|\n|t:|1781379811\n|move|p2a: Metagross|Heavy Slam|p1a: Rabsca\n|-damage|p1a: Rabsca|14/284\n|move|p1a: Rabsca|Recover|p1a: Rabsca\n|-heal|p1a: Rabsca|156/284\n|\n|upkeep\n|turn|27\n|\n|t:|1781379822\n|switch|p1a: Sandy Shocks|Sandy Shocks, L80|133/267\n|move|p2a: Metagross|Heavy Slam|p1a: Sandy Shocks\n|-resisted|p1a: Sandy Shocks\n|-crit|p1a: Sandy Shocks\n|-damage|p1a: Sandy Shocks|18/267\n|\n|-heal|p1a: Sandy Shocks|34/267|[from] item: Leftovers\n|upkeep\n|turn|28\n|\n|t:|1781379831\n|move|p2a: Metagross|Heavy Slam|p1a: Sandy Shocks\n|-resisted|p1a: Sandy Shocks\n|-damage|p1a: Sandy Shocks|0 fnt\n|faint|p1a: Sandy Shocks\n|-end|p1a: Sandy Shocks|Protosynthesis|[silent]\n|\n|upkeep\n|\n|t:|1781379856\n|switch|p1a: Palafin|Palafin-Hero, L77, F|200/281\n|turn|29\n|\n|t:|1781379866\n|move|p2a: Metagross|Earthquake|p1a: Palafin\n|-damage|p1a: Palafin|114/281\n|move|p1a: Palafin|Wave Crash|p2a: Metagross\n|-damage|p2a: Metagross|106/256\n|-damage|p1a: Palafin|74/281|[from] Recoil\n|\n|upkeep\n|turn|30\n|\n|t:|1781379881\n|move|p1a: Palafin|Jet Punch|p2a: Metagross\n|-damage|p2a: Metagross|40/256\n|move|p2a: Metagross|Earthquake|p1a: Palafin\n|-damage|p1a: Palafin|0 fnt\n|faint|p1a: Palafin\n|\n|upkeep\n|\n|t:|1781379885\n|switch|p1a: Rabsca|Rabsca, L91, F|156/284\n|turn|31\n|c|\u2606christiansraw|damn even without the weakness policy that guy is just\n|c|\u2606christiansraw|meaty\n|\n|t:|1781379928\n|move|p2a: Metagross|Heavy Slam|p1a: Rabsca\n|-crit|p1a: Rabsca\n|-damage|p1a: Rabsca|0 fnt\n|faint|p1a: Rabsca\n|\n|upkeep\n|\n|t:|1781379932\n|switch|p1a: Iron Treads|Iron Treads, L77|128/265\n|turn|32\n|c|\u2606CandleBlue|he a bulky boi\n|\n|t:|1781379949\n|-terastallize|p1a: Iron Treads|Dragon\n|move|p2a: Metagross|Earthquake|p1a: Iron Treads\n|-crit|p1a: Iron Treads\n|-damage|p1a: Iron Treads|18/265\n|move|p1a: Iron Treads|Volt Switch|p2a: Metagross\n|-damage|p2a: Metagross|8/256\n|\n|t:|1781379954\n|-end|p1a: Iron Treads|Quark Drive|[silent]\n|switch|p1a: Chien-Pao|Chien-Pao, L72|234/234|[from] Volt Switch\n|-ability|p1a: Chien-Pao|Sword of Ruin\n|\n|upkeep\n|turn|33\n|\n|t:|1781379962\n|move|p1a: Chien-Pao|Ice Shard|p2a: Metagross\n|-resisted|p2a: Metagross\n|-damage|p2a: Metagross|0 fnt\n|faint|p2a: Metagross\n|\n|upkeep\n|\n|t:|1781379967\n|switch|p2a: Bellibolt|Bellibolt, L84, F|320/320\n|turn|34\n|c|\u2606christiansraw|critical boy too\n|\n|t:|1781379972\n|switch|p1a: Iron Treads|Iron Treads, L77, tera:Dragon|18/265\n|move|p2a: Bellibolt|Thunderbolt|p1a: Iron Treads\n|-resisted|p1a: Iron Treads\n|-damage|p1a: Iron Treads|0 fnt\n|faint|p1a: Iron Treads\n|-end|p1a: Iron Treads|Quark Drive|[silent]\n|\n|upkeep\n|\n|t:|1781379977\n|switch|p1a: Chien-Pao|Chien-Pao, L72|234/234\n|-ability|p1a: Chien-Pao|Sword of Ruin\n|turn|35\n|c|\u2606CandleBlue|true, the goat tbh\n|\n|t:|1781379998\n|-terastallize|p2a: Bellibolt|Electric\n|move|p1a: Chien-Pao|Throat Chop|p2a: Bellibolt\n|-damage|p2a: Bellibolt|179/320\n|-start|p2a: Bellibolt|Throat Chop|[silent]\n|-start|p2a: Bellibolt|Charge|Throat Chop|[from] ability: Electromorphosis\n|move|p2a: Bellibolt|Thunderbolt|p1a: Chien-Pao\n|-damage|p1a: Chien-Pao|0 fnt\n|faint|p1a: Chien-Pao\n|-end|p2a: Bellibolt|Charge|[silent]\n|\n|win|CandleBlue\n", "uploadtime": 1781379421, "views": 7, "formatid": "gen9randombattle", "rating": null, "private": 0, "password": null}