{"id": "gen9randombattle-2631475824", "format": "[Gen 9] Random Battle", "players": ["SattleBimulator", "Cygnus11235"], "log": "|j|\u2606SattleBimulator\n|j|\u2606Cygnus11235\n|t:|1781389569\n|gametype|singles\n|player|p1|SattleBimulator|266|1989\n|player|p2|Cygnus11235|170|1938\n|gen|9\n|tier|[Gen 9] Random Battle\n|rated|\n|rule|Species Clause: Limit one of each Pok\u00e9mon\n|rule|HP Percentage Mod: HP is shown in percentages\n|rule|Sleep Clause Mod: Limit one foe put to sleep\n|rule|Illusion Level Mod: Illusion disguises the Pok\u00e9mon's true level\n|\n|t:|1781389569\n|teamsize|p1|6\n|teamsize|p2|6\n|start\n|switch|p1a: Gurdurr|Gurdurr, L85, M|283/283\n|switch|p2a: Ursaluna|Ursaluna, L79, M|335/335\n|turn|1\n|inactive|Battle timer is ON: inactive players will automatically lose when time's up. (requested by SattleBimulator)\n|\n|t:|1781389579\n|switch|p2a: Volcarona|Volcarona, L77, M|257/257\n|move|p1a: Gurdurr|Bulk Up|p1a: Gurdurr\n|-boost|p1a: Gurdurr|atk|1\n|-boost|p1a: Gurdurr|def|1\n|\n|upkeep\n|turn|2\n|\n|t:|1781389590\n|move|p2a: Volcarona|Quiver Dance|p2a: Volcarona\n|-boost|p2a: Volcarona|spa|1\n|-boost|p2a: Volcarona|spd|1\n|-boost|p2a: Volcarona|spe|1\n|move|p1a: Gurdurr|Knock Off|p2a: Volcarona\n|-damage|p2a: Volcarona|101/257\n|-enditem|p2a: Volcarona|Heavy-Duty Boots|[from] move: Knock Off|[of] p1a: Gurdurr\n|\n|upkeep\n|turn|3\n|\n|t:|1781389593\n|move|p2a: Volcarona|Fire Blast|p1a: Gurdurr\n|-damage|p1a: Gurdurr|93/283\n|move|p1a: Gurdurr|Drain Punch|p2a: Volcarona\n|-resisted|p2a: Volcarona\n|-damage|p2a: Volcarona|11/257\n|-heal|p1a: Gurdurr|138/283|[from] drain|[of] p2a: Volcarona\n|\n|upkeep\n|turn|4\n|\n|t:|1781389597\n|move|p1a: Gurdurr|Mach Punch|p2a: Volcarona\n|-resisted|p2a: Volcarona\n|-damage|p2a: Volcarona|0 fnt\n|faint|p2a: Volcarona\n|\n|upkeep\n|\n|t:|1781389599\n|switch|p2a: Cyclizar|Cyclizar, L83, F|252/252\n|turn|5\n|\n|t:|1781389602\n|move|p1a: Gurdurr|Mach Punch|p2a: Cyclizar\n|-supereffective|p2a: Cyclizar\n|-damage|p2a: Cyclizar|72/252\n|move|p2a: Cyclizar|Draco Meteor|p1a: Gurdurr\n|-crit|p1a: Gurdurr\n|-damage|p1a: Gurdurr|0 fnt\n|-unboost|p2a: Cyclizar|spa|2\n|faint|p1a: Gurdurr\n|\n|upkeep\n|\n|t:|1781389609\n|switch|p1a: Darkrai|Darkrai, L77|234/234\n|turn|6\n|\n|t:|1781389614\n|switch|p2a: Mienshao|Mienshao, L83, F|244/244\n|move|p1a: Darkrai|Substitute|p1a: Darkrai\n|-start|p1a: Darkrai|Substitute\n|-damage|p1a: Darkrai|176/234\n|\n|-heal|p1a: Darkrai|190/234|[from] item: Leftovers\n|upkeep\n|turn|7\n|\n|t:|1781389618\n|-terastallize|p1a: Darkrai|Poison\n|move|p1a: Darkrai|Nasty Plot|p1a: Darkrai\n|-boost|p1a: Darkrai|spa|2\n|move|p2a: Mienshao|U-turn|p1a: Darkrai\n|-resisted|p1a: Darkrai\n|-activate|p1a: Darkrai|move: Substitute|[damage]\n|\n|t:|1781389629\n|switch|p2a: Cyclizar|Cyclizar, L83, F|156/252|[from] U-turn\n|\n|-heal|p1a: Darkrai|204/234|[from] item: Leftovers\n|upkeep\n|turn|8\n|\n|t:|1781389635\n|move|p2a: Cyclizar|Shed Tail|p2a: Cyclizar\n|-start|p2a: Cyclizar|Substitute|[from] move: Shed Tail\n|-damage|p2a: Cyclizar|30/252\n|\n|t:|1781389636\n|switch|p2a: Mienshao|Mienshao, L83, F|244/244|[from] Shed Tail\n|move|p1a: Darkrai|Dark Pulse|p2a: Mienshao\n|-resisted|p2a: Mienshao\n|-end|p2a: Mienshao|Substitute\n|\n|-heal|p1a: Darkrai|218/234|[from] item: Leftovers\n|upkeep\n|turn|9\n|\n|t:|1781389639\n|move|p1a: Darkrai|Sludge Bomb|p2a: Mienshao\n|-damage|p2a: Mienshao|63/244\n|-status|p2a: Mienshao|psn\n|move|p2a: Mienshao|Knock Off|p1a: Darkrai\n|-end|p1a: Darkrai|Substitute\n|\n|-heal|p1a: Darkrai|232/234|[from] item: Leftovers\n|-damage|p2a: Mienshao|33/244 psn|[from] psn\n|upkeep\n|turn|10\n|\n|t:|1781389647\n|move|p1a: Darkrai|Dark Pulse|p2a: Mienshao\n|-resisted|p2a: Mienshao\n|-damage|p2a: Mienshao|0 fnt\n|faint|p2a: Mienshao\n|\n|-heal|p1a: Darkrai|234/234|[from] item: Leftovers\n|upkeep\n|\n|t:|1781389651\n|switch|p2a: Cyclizar|Cyclizar, L83, F|114/252\n|turn|11\n|\n|t:|1781389653\n|-terastallize|p2a: Cyclizar|Dragon\n|move|p2a: Cyclizar|Draco Meteor|p1a: Darkrai\n|-damage|p1a: Darkrai|66/234\n|-unboost|p2a: Cyclizar|spa|2\n|move|p1a: Darkrai|Dark Pulse|p2a: Cyclizar\n|-damage|p2a: Cyclizar|0 fnt\n|faint|p2a: Cyclizar\n|\n|-heal|p1a: Darkrai|80/234|[from] item: Leftovers\n|upkeep\n|\n|t:|1781389656\n|switch|p2a: Ursaluna|Ursaluna, L79, M|335/335\n|turn|12\n|\n|t:|1781389659\n|move|p1a: Darkrai|Dark Pulse|p2a: Ursaluna\n|-damage|p2a: Ursaluna|142/335\n|cant|p2a: Ursaluna|flinch\n|\n|-heal|p1a: Darkrai|94/234|[from] item: Leftovers\n|-status|p2a: Ursaluna|brn|[from] item: Flame Orb\n|upkeep\n|turn|13\n|-message|Cygnus11235 forfeited.\n|\n|win|SattleBimulator\n", "uploadtime": 1781389571, "views": 3, "formatid": "gen9randombattle", "rating": null, "private": 0, "password": null}