{"id": "gen9randombattle-2631574317", "format": "[Gen 9] Random Battle", "players": ["SattleBimulator", "latias999999999"], "log": "|j|\u2606SattleBimulator\n|j|\u2606latias999999999\n|t:|1781403306\n|gametype|singles\n|player|p1|SattleBimulator|265|1992\n|player|p2|latias999999999|gardenia|2129\n|gen|9\n|tier|[Gen 9] Random Battle\n|rated|\n|rule|Species Clause: Limit one of each Pok\u00e9mon\n|rule|HP Percentage Mod: HP is shown in percentages\n|rule|Sleep Clause Mod: Limit one foe put to sleep\n|rule|Illusion Level Mod: Illusion disguises the Pok\u00e9mon's true level\n|\n|t:|1781403306\n|teamsize|p1|6\n|teamsize|p2|6\n|start\n|switch|p1a: Wugtrio|Wugtrio, L91, M|212/212\n|switch|p2a: Passimian|Passimian, L83, F|302/302\n|turn|1\n|inactive|Battle timer is ON: inactive players will automatically lose when time's up. (requested by SattleBimulator)\n|\n|t:|1781403324\n|move|p1a: Wugtrio|Liquidation|p2a: Passimian\n|-damage|p2a: Passimian|143/302\n|move|p2a: Passimian|Close Combat|p1a: Wugtrio\n|-damage|p1a: Wugtrio|0 fnt\n|-unboost|p2a: Passimian|def|1\n|-unboost|p2a: Passimian|spd|1\n|-ability|p1a: Wugtrio|Gooey\n|-unboost|p2a: Passimian|spe|1\n|-ability|p2a: Passimian|Defiant|boost\n|-boost|p2a: Passimian|atk|2\n|faint|p1a: Wugtrio\n|\n|upkeep\n|\n|t:|1781403346\n|switch|p1a: Malamar|Malamar, L82, M|275/275\n|turn|2\n|\n|t:|1781403354\n|switch|p1a: Weezing|Weezing-Galar, L86, F|252/252\n|switch|p2a: Uxie|Uxie, L83|260/260\n|\n|upkeep\n|turn|3\n|\n|t:|1781403368\n|move|p2a: Uxie|Stealth Rock|p1a: Weezing\n|-sidestart|p1: SattleBimulator|move: Stealth Rock\n|move|p1a: Weezing|Gunk Shot|p2a: Uxie|[miss]\n|-miss|p1a: Weezing|p2a: Uxie\n|\n|upkeep\n|turn|4\n|\n|t:|1781403372\n|move|p2a: Uxie|Psychic Noise|p1a: Weezing\n|-supereffective|p1a: Weezing\n|-damage|p1a: Weezing|114/252\n|-start|p1a: Weezing|move: Heal Block\n|move|p1a: Weezing|Gunk Shot|p2a: Uxie|[miss]\n|-miss|p1a: Weezing|p2a: Uxie\n|\n|upkeep\n|turn|5\n|\n|t:|1781403378\n|move|p2a: Uxie|Psychic Noise|p1a: Weezing\n|-supereffective|p1a: Weezing\n|-damage|p1a: Weezing|0 fnt\n|faint|p1a: Weezing\n|\n|upkeep\n|\n|t:|1781403381\n|switch|p1a: Malamar|Malamar, L82, M|275/275\n|-damage|p1a: Malamar|241/275|[from] Stealth Rock\n|turn|6\n|\n|t:|1781403387\n|move|p2a: Uxie|Knock Off|p1a: Malamar\n|-damage|p1a: Malamar|185/275\n|-enditem|p1a: Malamar|Leftovers|[from] move: Knock Off|[of] p2a: Uxie\n|move|p1a: Malamar|Superpower|p2a: Uxie\n|-resisted|p2a: Uxie\n|-damage|p2a: Uxie|233/260\n|-boost|p1a: Malamar|atk|1\n|-boost|p1a: Malamar|def|1\n|\n|-heal|p2a: Uxie|249/260|[from] item: Leftovers\n|upkeep\n|turn|7\n|\n|t:|1781403391\n|move|p2a: Uxie|Encore|p1a: Malamar\n|-start|p1a: Malamar|Encore\n|move|p1a: Malamar|Superpower|p2a: Uxie\n|-resisted|p2a: Uxie\n|-damage|p2a: Uxie|210/260\n|-boost|p1a: Malamar|atk|1\n|-boost|p1a: Malamar|def|1\n|\n|-heal|p2a: Uxie|226/260|[from] item: Leftovers\n|upkeep\n|turn|8\n|\n|t:|1781403395\n|switch|p2a: Chandelure|Chandelure, L83, F|235/235\n|move|p1a: Malamar|Superpower|p2a: Chandelure\n|-immune|p2a: Chandelure\n|\n|upkeep\n|turn|9\n|\n|t:|1781403400\n|move|p2a: Chandelure|Shadow Ball|p1a: Malamar\n|-damage|p1a: Malamar|64/275\n|-boost|p1a: Malamar|spd|1\n|move|p1a: Malamar|Superpower|p2a: Chandelure\n|-immune|p2a: Chandelure\n|\n|-end|p1a: Malamar|Encore\n|upkeep\n|turn|10\n|\n|t:|1781403404\n|move|p2a: Chandelure|Shadow Ball|p1a: Malamar\n|-damage|p1a: Malamar|0 fnt\n|faint|p1a: Malamar\n|\n|upkeep\n|\n|t:|1781403406\n|switch|p1a: Chien-Pao|Chien-Pao, L72|234/234\n|-damage|p1a: Chien-Pao|176/234|[from] Stealth Rock\n|-ability|p1a: Chien-Pao|Sword of Ruin\n|turn|11\n|\n|t:|1781403416\n|move|p1a: Chien-Pao|Crunch|p2a: Chandelure\n|-supereffective|p2a: Chandelure\n|-damage|p2a: Chandelure|0 fnt\n|faint|p2a: Chandelure\n|\n|upkeep\n|\n|t:|1781403419\n|switch|p2a: Komala|Komala, L88, M|258/258\n|-ability|p2a: Komala|Comatose\n|turn|12\n|\n|t:|1781403433\n|switch|p1a: Glastrier|Glastrier, L86|312/312\n|move|p2a: Komala|Rapid Spin|p1a: Glastrier\n|-damage|p1a: Glastrier|267/312\n|-boost|p2a: Komala|spe|1\n|\n|upkeep\n|turn|13\n|\n|t:|1781403444\n|switch|p2a: Uxie|Uxie, L83|226/260\n|move|p1a: Glastrier|Close Combat|p2a: Uxie\n|-resisted|p2a: Uxie\n|-damage|p2a: Uxie|183/260\n|-unboost|p1a: Glastrier|def|1\n|-unboost|p1a: Glastrier|spd|1\n|\n|-heal|p2a: Uxie|199/260|[from] item: Leftovers\n|upkeep\n|turn|14\n|\n|t:|1781403448\n|move|p2a: Uxie|Knock Off|p1a: Glastrier\n|-damage|p1a: Glastrier|203/312\n|-enditem|p1a: Glastrier|Heavy-Duty Boots|[from] move: Knock Off|[of] p2a: Uxie\n|move|p1a: Glastrier|Swords Dance|p1a: Glastrier\n|-boost|p1a: Glastrier|atk|2\n|\n|-heal|p2a: Uxie|215/260|[from] item: Leftovers\n|upkeep\n|turn|15\n|\n|t:|1781403453\n|switch|p1a: Chien-Pao|Chien-Pao, L72|176/234\n|-damage|p1a: Chien-Pao|118/234|[from] Stealth Rock\n|-ability|p1a: Chien-Pao|Sword of Ruin\n|move|p2a: Uxie|Encore||[still]\n|-fail|p2a: Uxie\n|\n|-heal|p2a: Uxie|231/260|[from] item: Leftovers\n|upkeep\n|turn|16\n|\n|t:|1781403458\n|-terastallize|p1a: Chien-Pao|Dark\n|move|p1a: Chien-Pao|Crunch|p2a: Uxie\n|-supereffective|p2a: Uxie\n|-damage|p2a: Uxie|0 fnt\n|faint|p2a: Uxie\n|\n|upkeep\n|\n|t:|1781403463\n|switch|p2a: Shiftry|Shiftry, L89, F|305/305\n|turn|17\n|\n|t:|1781403472\n|switch|p1a: Glastrier|Glastrier, L86|203/312\n|-damage|p1a: Glastrier|125/312|[from] Stealth Rock\n|move|p2a: Shiftry|Leaf Storm|p1a: Glastrier\n|-damage|p1a: Glastrier|0 fnt\n|-unboost|p2a: Shiftry|spa|2\n|faint|p1a: Glastrier\n|-damage|p2a: Shiftry|275/305|[from] item: Life Orb\n|\n|upkeep\n|\n|t:|1781403476\n|switch|p1a: Chien-Pao|Chien-Pao, L72, tera:Dark|118/234\n|-damage|p1a: Chien-Pao|89/234|[from] Stealth Rock\n|-ability|p1a: Chien-Pao|Sword of Ruin\n|turn|18\n|\n|t:|1781403488\n|switch|p2a: Passimian|Passimian, L83, F|143/302\n|move|p1a: Chien-Pao|Icicle Crash|p2a: Passimian|[miss]\n|-miss|p1a: Chien-Pao|p2a: Passimian\n|\n|upkeep\n|turn|19\n|\n|t:|1781403492\n|move|p1a: Chien-Pao|Icicle Crash|p2a: Passimian\n|-damage|p2a: Passimian|0 fnt\n|faint|p2a: Passimian\n|\n|upkeep\n|\n|t:|1781403499\n|switch|p2a: Komala|Komala, L88, M|258/258\n|-ability|p2a: Komala|Comatose\n|turn|20\n|\n|t:|1781403501\n|move|p1a: Chien-Pao|Icicle Crash|p2a: Komala\n|-crit|p2a: Komala\n|-damage|p2a: Komala|0 fnt\n|faint|p2a: Komala\n|\n|upkeep\n|\n|t:|1781403512\n|switch|p2a: Shiftry|Shiftry, L89, F|275/305\n|turn|21\n|\n|t:|1781403514\n|-terastallize|p2a: Shiftry|Dark\n|move|p2a: Shiftry|Sucker Punch|p1a: Chien-Pao\n|-resisted|p1a: Chien-Pao\n|-damage|p1a: Chien-Pao|0 fnt\n|faint|p1a: Chien-Pao\n|-damage|p2a: Shiftry|245/305|[from] item: Life Orb\n|\n|upkeep\n|\n|t:|1781403518\n|switch|p1a: Regieleki|Regieleki, L79|256/256\n|-damage|p1a: Regieleki|224/256|[from] Stealth Rock\n|turn|22\n|\n|t:|1781403520\n|move|p2a: Shiftry|Sucker Punch|p1a: Regieleki\n|-damage|p1a: Regieleki|3/256\n|-damage|p2a: Shiftry|215/305|[from] item: Life Orb\n|move|p1a: Regieleki|Thunderbolt|p2a: Shiftry\n|-damage|p2a: Shiftry|53/305\n|\n|upkeep\n|turn|23\n|\n|t:|1781403524\n|move|p2a: Shiftry|Sucker Punch|p1a: Regieleki\n|-damage|p1a: Regieleki|0 fnt\n|faint|p1a: Regieleki\n|-damage|p2a: Shiftry|23/305|[from] item: Life Orb\n|\n|win|latias999999999\n", "uploadtime": 1781403309, "views": 3, "formatid": "gen9randombattle", "rating": null, "private": 0, "password": null}