{"id": "gen9randombattle-2631913598", "format": "[Gen 9] Random Battle", "players": ["JaviC04", "F Boogie"], "log": "|j|\u2606JaviC04\n|j|\u2606F Boogie\n|t:|1781455013\n|gametype|singles\n|player|p1|JaviC04|artist|2101\n|player|p2|F Boogie|veteran-gen4|2111\n|gen|9\n|tier|[Gen 9] Random Battle\n|rated|\n|rule|Species Clause: Limit one of each Pok\u00e9mon\n|rule|HP Percentage Mod: HP is shown in percentages\n|rule|Sleep Clause Mod: Limit one foe put to sleep\n|rule|Illusion Level Mod: Illusion disguises the Pok\u00e9mon's true level\n|\n|t:|1781455013\n|teamsize|p1|6\n|teamsize|p2|6\n|start\n|switch|p1a: Iron Moth|Iron Moth, L78|253/253\n|switch|p2a: Misdreavus|Misdreavus, L90, F|254/254\n|turn|1\n|inactive|Battle timer is ON: inactive players will automatically lose when time's up. (requested by JaviC04)\n|inactive|F Boogie has 120 seconds left.\n|\n|t:|1781455071\n|move|p1a: Iron Moth|Fire Blast|p2a: Misdreavus\n|-damage|p2a: Misdreavus|172/254\n|move|p2a: Misdreavus|Calm Mind|p2a: Misdreavus\n|-boost|p2a: Misdreavus|spa|1\n|-boost|p2a: Misdreavus|spd|1\n|\n|upkeep\n|turn|2\n|\n|t:|1781455086\n|move|p1a: Iron Moth|Fire Blast|p2a: Misdreavus\n|-damage|p2a: Misdreavus|109/254\n|move|p2a: Misdreavus|Calm Mind|p2a: Misdreavus\n|-boost|p2a: Misdreavus|spa|1\n|-boost|p2a: Misdreavus|spd|1\n|\n|upkeep\n|turn|3\n|\n|t:|1781455088\n|move|p1a: Iron Moth|Fire Blast|p2a: Misdreavus\n|-damage|p2a: Misdreavus|61/254\n|move|p2a: Misdreavus|Shadow Ball|p1a: Iron Moth\n|-damage|p1a: Iron Moth|94/253\n|\n|upkeep\n|turn|4\n|\n|t:|1781455091\n|move|p1a: Iron Moth|Fire Blast|p2a: Misdreavus\n|-damage|p2a: Misdreavus|16/254\n|move|p2a: Misdreavus|Shadow Ball|p1a: Iron Moth\n|-damage|p1a: Iron Moth|0 fnt\n|faint|p1a: Iron Moth\n|-end|p1a: Iron Moth|Quark Drive|[silent]\n|\n|upkeep\n|\n|t:|1781455099\n|switch|p1a: Iron Bundle|Iron Bundle, L78|215/215\n|turn|5\n|\n|t:|1781455102\n|move|p1a: Iron Bundle|Ice Beam|p2a: Misdreavus\n|-damage|p2a: Misdreavus|0 fnt\n|faint|p2a: Misdreavus\n|\n|upkeep\n|\n|t:|1781455105\n|switch|p2a: Lanturn|Lanturn, L89, F|367/367\n|turn|6\n|\n|t:|1781455109\n|-end|p1a: Iron Bundle|Quark Drive|[silent]\n|switch|p1a: Arbok|Arbok, L87, F|246/246\n|-ability|p1a: Arbok|Intimidate|boost\n|-unboost|p2a: Lanturn|atk|1\n|move|p2a: Lanturn|Thunder Wave|p1a: Arbok\n|-status|p1a: Arbok|par\n|\n|upkeep\n|turn|7\n|\n|t:|1781455120\n|move|p2a: Lanturn|Thunderbolt|p1a: Arbok\n|-damage|p1a: Arbok|146/246 par\n|move|p1a: Arbok|Toxic Spikes|p2a: Lanturn\n|-sidestart|p2: F Boogie|move: Toxic Spikes\n|\n|upkeep\n|turn|8\n|\n|t:|1781455129\n|move|p2a: Lanturn|Thunderbolt|p1a: Arbok\n|-damage|p1a: Arbok|61/246 par\n|cant|p1a: Arbok|par\n|\n|upkeep\n|turn|9\n|\n|t:|1781455135\n|move|p2a: Lanturn|Thunderbolt|p1a: Arbok\n|-damage|p1a: Arbok|0 fnt\n|faint|p1a: Arbok\n|\n|upkeep\n|\n|t:|1781455139\n|switch|p1a: Iron Valiant|Iron Valiant, L78|244/244\n|turn|10\n|c|\u2606F Boogie|this futuristic ass team damn\n|\n|t:|1781455149\n|move|p1a: Iron Valiant|Knock Off|p2a: Lanturn\n|-damage|p2a: Lanturn|233/367\n|-enditem|p2a: Lanturn|Leftovers|[from] move: Knock Off|[of] p1a: Iron Valiant\n|-damage|p1a: Iron Valiant|220/244|[from] item: Life Orb\n|move|p2a: Lanturn|Thunder Wave|p1a: Iron Valiant\n|-status|p1a: Iron Valiant|par\n|\n|upkeep\n|turn|11\n|\n|t:|1781455155\n|move|p2a: Lanturn|Thunderbolt|p1a: Iron Valiant\n|-damage|p1a: Iron Valiant|102/244 par\n|move|p1a: Iron Valiant|Close Combat|p2a: Lanturn\n|-damage|p2a: Lanturn|15/367\n|-unboost|p1a: Iron Valiant|def|1\n|-unboost|p1a: Iron Valiant|spd|1\n|-damage|p1a: Iron Valiant|78/244 par|[from] item: Life Orb\n|\n|upkeep\n|turn|12\n|\n|t:|1781455161\n|move|p2a: Lanturn|Thunderbolt|p1a: Iron Valiant\n|-damage|p1a: Iron Valiant|0 fnt\n|faint|p1a: Iron Valiant\n|-end|p1a: Iron Valiant|Quark Drive|[silent]\n|\n|upkeep\n|\n|t:|1781455163\n|switch|p1a: Iron Bundle|Iron Bundle, L78|215/215\n|turn|13\n|\n|t:|1781455165\n|move|p1a: Iron Bundle|Flip Turn|p2a: Lanturn\n|-resisted|p2a: Lanturn\n|-damage|p2a: Lanturn|0 fnt\n|faint|p2a: Lanturn\n|\n|t:|1781455167\n|-end|p1a: Iron Bundle|Quark Drive|[silent]\n|switch|p1a: Magearna|Magearna, L77|250/250|[from] Flip Turn\n|\n|upkeep\n|\n|t:|1781455173\n|switch|p2a: Dusknoir|Dusknoir, L89, F|225/225\n|-status|p2a: Dusknoir|psn\n|-item|p1a: Magearna|Leftovers|[from] ability: Frisk|[of] p2a: Dusknoir\n|turn|14\n|\n|t:|1781455178\n|move|p1a: Magearna|Shift Gear|p1a: Magearna\n|-boost|p1a: Magearna|spe|2\n|-boost|p1a: Magearna|atk|1\n|move|p2a: Dusknoir|Earthquake|p1a: Magearna\n|-supereffective|p1a: Magearna\n|-damage|p1a: Magearna|22/250\n|\n|-heal|p1a: Magearna|37/250|[from] item: Leftovers\n|-damage|p2a: Dusknoir|197/225 psn|[from] psn\n|upkeep\n|turn|15\n|\n|t:|1781455185\n|-terastallize|p1a: Magearna|Flying\n|move|p1a: Magearna|Calm Mind|p1a: Magearna\n|-boost|p1a: Magearna|spa|1\n|-boost|p1a: Magearna|spd|1\n|move|p2a: Dusknoir|Earthquake|p1a: Magearna\n|-immune|p1a: Magearna\n|\n|-heal|p1a: Magearna|52/250|[from] item: Leftovers\n|-damage|p2a: Dusknoir|169/225 psn|[from] psn\n|upkeep\n|turn|16\n|\n|t:|1781455191\n|switch|p2a: Dondozo|Dondozo, L78, F|362/362\n|-status|p2a: Dondozo|psn\n|move|p1a: Magearna|Flash Cannon|p2a: Dondozo\n|-resisted|p2a: Dondozo\n|-damage|p2a: Dondozo|307/362 psn\n|\n|-heal|p1a: Magearna|67/250|[from] item: Leftovers\n|-heal|p2a: Dondozo|329/362 psn|[from] item: Leftovers\n|-damage|p2a: Dondozo|284/362 psn|[from] psn\n|upkeep\n|turn|17\n|\n|t:|1781455193\n|move|p1a: Magearna|Fleur Cannon|p2a: Dondozo|[miss]\n|-miss|p1a: Magearna|p2a: Dondozo\n|move|p2a: Dondozo|Wave Crash|p1a: Magearna\n|-damage|p1a: Magearna|0 fnt\n|faint|p1a: Magearna\n|-damage|p2a: Dondozo|262/362 psn|[from] Recoil\n|\n|-heal|p2a: Dondozo|284/362 psn|[from] item: Leftovers\n|-damage|p2a: Dondozo|239/362 psn|[from] psn\n|upkeep\n|\n|t:|1781455200\n|switch|p1a: Iron Bundle|Iron Bundle, L78|215/215\n|turn|18\n|\n|t:|1781455205\n|move|p1a: Iron Bundle|Hydro Pump|p2a: Dondozo\n|-resisted|p2a: Dondozo\n|-damage|p2a: Dondozo|121/362 psn\n|move|p2a: Dondozo|Rest|p2a: Dondozo\n|-status|p2a: Dondozo|slp|[from] move: Rest\n|-heal|p2a: Dondozo|362/362 slp|[silent]\n|\n|upkeep\n|turn|19\n|\n|t:|1781455211\n|-end|p1a: Iron Bundle|Quark Drive|[silent]\n|switch|p1a: Inteleon|Inteleon, L81, M|246/246\n|cant|p2a: Dondozo|slp\n|move|p2a: Dondozo|Sleep Talk|p2a: Dondozo\n|move|p2a: Dondozo|Rest||[from] move: Sleep Talk|[still]\n|-fail|p2a: Dondozo\n|\n|upkeep\n|turn|20\n|\n|t:|1781455214\n|move|p1a: Inteleon|U-turn|p2a: Dondozo\n|-crit|p2a: Dondozo\n|-damage|p2a: Dondozo|305/362 slp\n|\n|t:|1781455215\n|switch|p1a: Iron Bundle|Iron Bundle, L78|215/215|[from] U-turn\n|cant|p2a: Dondozo|slp\n|move|p2a: Dondozo|Sleep Talk|p2a: Dondozo\n|move|p2a: Dondozo|Wave Crash|p1a: Iron Bundle|[from] move: Sleep Talk\n|-resisted|p1a: Iron Bundle\n|-damage|p1a: Iron Bundle|165/215\n|-damage|p2a: Dondozo|288/362 slp|[from] Recoil\n|\n|-heal|p2a: Dondozo|310/362 slp|[from] item: Leftovers\n|upkeep\n|turn|21\n|\n|t:|1781455219\n|move|p1a: Iron Bundle|Freeze-Dry|p2a: Dondozo\n|-supereffective|p2a: Dondozo\n|-damage|p2a: Dondozo|0 fnt\n|faint|p2a: Dondozo\n|\n|upkeep\n|\n|t:|1781455222\n|switch|p2a: Urshifu|Urshifu, L74, F|270/270\n|-status|p2a: Urshifu|psn\n|turn|22\n|\n|t:|1781455227\n|move|p1a: Iron Bundle|Freeze-Dry|p2a: Urshifu\n|-damage|p2a: Urshifu|99/270 psn\n|move|p2a: Urshifu|Wicked Blow|p1a: Iron Bundle\n|-crit|p1a: Iron Bundle\n|-damage|p1a: Iron Bundle|25/215\n|-damage|p2a: Urshifu|72/270 psn|[from] item: Life Orb\n|\n|-damage|p2a: Urshifu|39/270 psn|[from] psn\n|upkeep\n|turn|23\n|\n|t:|1781455230\n|move|p1a: Iron Bundle|Freeze-Dry|p2a: Urshifu\n|-damage|p2a: Urshifu|0 fnt\n|faint|p2a: Urshifu\n|\n|upkeep\n|\n|t:|1781455232\n|switch|p2a: Dusknoir|Dusknoir, L89, F|169/225 psn\n|-item|p1a: Iron Bundle|Choice Specs|[from] ability: Frisk|[of] p2a: Dusknoir\n|turn|24\n|\n|t:|1781455241\n|move|p2a: Dusknoir|Shadow Sneak|p1a: Iron Bundle\n|-damage|p1a: Iron Bundle|0 fnt\n|faint|p1a: Iron Bundle\n|-end|p1a: Iron Bundle|Quark Drive|[silent]\n|\n|-damage|p2a: Dusknoir|141/225 psn|[from] psn\n|upkeep\n|\n|t:|1781455243\n|switch|p1a: Inteleon|Inteleon, L81, M|246/246\n|turn|25\n|\n|t:|1781455245\n|move|p2a: Dusknoir|Shadow Sneak|p1a: Inteleon\n|-damage|p1a: Inteleon|155/246\n|move|p1a: Inteleon|Hydro Pump|p2a: Dusknoir|[miss]\n|-miss|p1a: Inteleon|p2a: Dusknoir\n|\n|-damage|p2a: Dusknoir|113/225 psn|[from] psn\n|upkeep\n|turn|26\n|\n|t:|1781455247\n|move|p2a: Dusknoir|Shadow Sneak|p1a: Inteleon\n|-damage|p1a: Inteleon|67/246\n|move|p1a: Inteleon|Hydro Pump|p2a: Dusknoir|[miss]\n|-miss|p1a: Inteleon|p2a: Dusknoir\n|\n|-damage|p2a: Dusknoir|85/225 psn|[from] psn\n|upkeep\n|turn|27\n|\n|t:|1781455250\n|move|p2a: Dusknoir|Shadow Sneak|p1a: Inteleon\n|-damage|p1a: Inteleon|0 fnt\n|faint|p1a: Inteleon\n|\n|win|F Boogie\n", "uploadtime": 1781455015, "views": 3, "formatid": "gen9randombattle", "rating": null, "private": 0, "password": null}