{"id": "gen9randombattle-2631513992", "format": "[Gen 9] Random Battle", "players": ["renz3554", "AcquiredWolf"], "log": "|j|\u2606renz3554\n|j|\u2606AcquiredWolf\n|t:|1781394912\n|gametype|singles\n|player|p1|renz3554|169|2111\n|player|p2|AcquiredWolf|diantha|2070\n|gen|9\n|tier|[Gen 9] Random Battle\n|rated|\n|rule|Species Clause: Limit one of each Pok\u00e9mon\n|rule|HP Percentage Mod: HP is shown in percentages\n|rule|Sleep Clause Mod: Limit one foe put to sleep\n|rule|Illusion Level Mod: Illusion disguises the Pok\u00e9mon's true level\n|\n|t:|1781394912\n|teamsize|p1|6\n|teamsize|p2|6\n|start\n|switch|p1a: Piloswine|Piloswine, L85, M|309/309\n|switch|p2a: Hariyama|Hariyama, L87, F|392/392\n|turn|1\n|inactive|Battle timer is ON: inactive players will automatically lose when time's up. (requested by AcquiredWolf)\n|\n|t:|1781394922\n|switch|p1a: Vespiquen|Vespiquen, L99, F|299/299\n|-ability|p1a: Vespiquen|Pressure\n|move|p2a: Hariyama|Knock Off|p1a: Vespiquen\n|-damage|p1a: Vespiquen|236/299\n|-enditem|p1a: Vespiquen|Heavy-Duty Boots|[from] move: Knock Off|[of] p2a: Hariyama\n|\n|-status|p2a: Hariyama|brn|[from] item: Flame Orb\n|upkeep\n|turn|2\n|\n|t:|1781394937\n|switch|p2a: Bellibolt|Bellibolt, L84, M|320/320\n|move|p1a: Vespiquen|Hurricane|p2a: Bellibolt\n|-resisted|p2a: Bellibolt\n|-damage|p2a: Bellibolt|253/320\n|-start|p2a: Bellibolt|confusion\n|-start|p2a: Bellibolt|Charge|Hurricane|[from] ability: Electromorphosis\n|\n|-heal|p2a: Bellibolt|273/320|[from] item: Leftovers\n|upkeep\n|turn|3\n|\n|t:|1781394949\n|move|p1a: Vespiquen|Spikes|p2a: Bellibolt\n|-sidestart|p2: AcquiredWolf|Spikes\n|-activate|p2a: Bellibolt|confusion\n|-damage|p2a: Bellibolt|259/320|[from] confusion\n|\n|-heal|p2a: Bellibolt|279/320|[from] item: Leftovers\n|upkeep\n|turn|4\n|\n|t:|1781394956\n|move|p1a: Vespiquen|U-turn|p2a: Bellibolt\n|-damage|p2a: Bellibolt|188/320\n|-start|p2a: Bellibolt|Charge|U-turn|[from] ability: Electromorphosis\n|\n|t:|1781394960\n|switch|p1a: Garchomp|Garchomp, L74, M|282/282|[from] U-turn\n|-activate|p2a: Bellibolt|confusion\n|move|p2a: Bellibolt|Toxic|p1a: Garchomp\n|-status|p1a: Garchomp|tox\n|\n|-heal|p2a: Bellibolt|208/320|[from] item: Leftovers\n|-damage|p1a: Garchomp|265/282 tox|[from] psn\n|upkeep\n|turn|5\n|\n|t:|1781394975\n|switch|p2a: Primarina|Primarina, L83, F|268/268\n|-damage|p2a: Primarina|235/268|[from] Spikes\n|move|p1a: Garchomp|Dragon Tail|p2a: Primarina\n|-immune|p2a: Primarina\n|\n|-heal|p2a: Primarina|251/268|[from] item: Leftovers\n|-damage|p1a: Garchomp|231/282 tox|[from] psn\n|upkeep\n|turn|6\n|\n|t:|1781394986\n|switch|p1a: Sceptile|Sceptile, L87, F|264/264\n|move|p2a: Primarina|Calm Mind|p2a: Primarina\n|-boost|p2a: Primarina|spa|1\n|-boost|p2a: Primarina|spd|1\n|\n|-heal|p2a: Primarina|267/268|[from] item: Leftovers\n|upkeep\n|turn|7\n|\n|t:|1781395015\n|switch|p2a: Gothitelle|Gothitelle, L90, F|272/272\n|-damage|p2a: Gothitelle|238/272|[from] Spikes\n|move|p1a: Sceptile|Giga Drain|p2a: Gothitelle\n|-damage|p2a: Gothitelle|148/272\n|-damage|p1a: Sceptile|238/264|[from] item: Life Orb\n|\n|-heal|p2a: Gothitelle|165/272|[from] item: Leftovers\n|upkeep\n|turn|8\n|\n|t:|1781395028\n|move|p1a: Sceptile|Shed Tail|p1a: Sceptile\n|-start|p1a: Sceptile|Substitute|[from] move: Shed Tail\n|-damage|p1a: Sceptile|106/264\n|\n|t:|1781395043\n|switch|p1a: Vespiquen|Vespiquen, L99, F|236/299|[from] Shed Tail\n|-ability|p1a: Vespiquen|Pressure\n|move|p2a: Gothitelle|Psychic Noise|p1a: Vespiquen\n|-damage|p1a: Vespiquen|169/299\n|-start|p1a: Vespiquen|move: Heal Block\n|\n|-heal|p2a: Gothitelle|182/272|[from] item: Leftovers\n|upkeep\n|turn|9\n|\n|t:|1781395062\n|move|p2a: Gothitelle|Thunderbolt|p1a: Vespiquen\n|-supereffective|p1a: Vespiquen\n|-end|p1a: Vespiquen|Substitute\n|move|p1a: Vespiquen|Spikes|p2a: Gothitelle\n|-sidestart|p2: AcquiredWolf|Spikes\n|\n|-heal|p2a: Gothitelle|199/272|[from] item: Leftovers\n|-end|p1a: Vespiquen|move: Heal Block\n|upkeep\n|turn|10\n|\n|t:|1781395071\n|move|p2a: Gothitelle|Thunderbolt|p1a: Vespiquen\n|-supereffective|p1a: Vespiquen\n|-damage|p1a: Vespiquen|59/299\n|-status|p1a: Vespiquen|par\n|cant|p1a: Vespiquen|par\n|\n|-heal|p2a: Gothitelle|216/272|[from] item: Leftovers\n|upkeep\n|turn|11\n|\n|t:|1781395080\n|move|p2a: Gothitelle|Psychic Noise|p1a: Vespiquen\n|-damage|p1a: Vespiquen|0 fnt\n|faint|p1a: Vespiquen\n|\n|-heal|p2a: Gothitelle|233/272|[from] item: Leftovers\n|upkeep\n|\n|t:|1781395086\n|switch|p1a: Garchomp|Garchomp, L74, M|231/282 tox\n|turn|12\n|-message|renz3554 forfeited.\n|\n|win|AcquiredWolf\n", "uploadtime": 1781394914, "views": 3, "formatid": "gen9randombattle", "rating": null, "private": 0, "password": null}