{"id": "gen9randombattle-2631937673", "format": "[Gen 9] Random Battle", "players": ["Dragonyte", "ftaochaphet"], "log": "|j|\u2606Dragonyte\n|j|\u2606ftaochaphet\n|t:|1781457660\n|gametype|singles\n|player|p1|Dragonyte|hoopster|2078\n|player|p2|ftaochaphet|265|2232\n|gen|9\n|tier|[Gen 9] Random Battle\n|rated|\n|rule|Species Clause: Limit one of each Pok\u00e9mon\n|rule|HP Percentage Mod: HP is shown in percentages\n|rule|Sleep Clause Mod: Limit one foe put to sleep\n|rule|Illusion Level Mod: Illusion disguises the Pok\u00e9mon's true level\n|\n|t:|1781457660\n|teamsize|p1|6\n|teamsize|p2|6\n|start\n|switch|p1a: Empoleon|Empoleon, L84, F|278/278\n|switch|p2a: Phione|Phione, L91|293/293\n|turn|1\n|inactive|Battle timer is ON: inactive players will automatically lose when time's up. (requested by ftaochaphet)\n|\n|t:|1781457689\n|move|p2a: Phione|Take Heart|p2a: Phione\n|-boost|p2a: Phione|spa|1\n|-boost|p2a: Phione|spd|1\n|move|p1a: Empoleon|Knock Off|p2a: Phione\n|-damage|p2a: Phione|230/293\n|-enditem|p2a: Phione|Leftovers|[from] move: Knock Off|[of] p1a: Empoleon\n|\n|upkeep\n|turn|2\n|\n|t:|1781457693\n|switch|p1a: Venusaur|Venusaur, L84, M|272/272\n|move|p2a: Phione|Take Heart|p2a: Phione\n|-boost|p2a: Phione|spa|1\n|-boost|p2a: Phione|spd|1\n|\n|upkeep\n|turn|3\n|\n|t:|1781457701\n|move|p2a: Phione|Take Heart|p2a: Phione\n|-boost|p2a: Phione|spa|1\n|-boost|p2a: Phione|spd|1\n|move|p1a: Venusaur|Leech Seed|p2a: Phione\n|-start|p2a: Phione|move: Leech Seed\n|\n|-damage|p2a: Phione|194/293|[from] Leech Seed|[of] p1a: Venusaur\n|upkeep\n|turn|4\n|\n|t:|1781457707\n|move|p2a: Phione|Ice Beam|p1a: Venusaur\n|-supereffective|p1a: Venusaur\n|-damage|p1a: Venusaur|0 fnt\n|faint|p1a: Venusaur\n|\n|upkeep\n|\n|t:|1781457724\n|switch|p1a: Ogerpon|Ogerpon-Wellspring, L76, F|247/247\n|turn|5\n|\n|t:|1781457751\n|move|p1a: Ogerpon|Wood Hammer|p2a: Phione\n|-supereffective|p2a: Phione\n|-damage|p2a: Phione|0 fnt\n|faint|p2a: Phione\n|-damage|p1a: Ogerpon|183/247|[from] Recoil\n|\n|upkeep\n|inactive|ftaochaphet has 120 seconds left.\n|\n|t:|1781457763\n|switch|p2a: Kricketune|Kricketune, L99, M|312/312\n|turn|6\n|\n|t:|1781457775\n|-terastallize|p1a: Ogerpon|Water\n|detailschange|p1a: Ogerpon|Ogerpon-Wellspring-Tera, L76, F, tera:Water\n|-ability|p1a: Ogerpon|Embody Aspect (Wellspring)|boost\n|-boost|p1a: Ogerpon|spd|1\n|move|p1a: Ogerpon|Ivy Cudgel|p2a: Kricketune|[anim] Ivy Cudgel Water\n|-damage|p2a: Kricketune|98/312\n|move|p2a: Kricketune|Pounce|p1a: Ogerpon\n|-damage|p1a: Ogerpon|75/247\n|-unboost|p1a: Ogerpon|spe|1\n|\n|upkeep\n|turn|7\n|inactive|ftaochaphet has 120 seconds left.\n|\n|t:|1781457795\n|switch|p1a: Empoleon|Empoleon, L84, F|278/278\n|move|p2a: Kricketune|Sticky Web|p1a: Empoleon\n|-sidestart|p1: Dragonyte|move: Sticky Web\n|\n|upkeep\n|turn|8\n|inactive|ftaochaphet has 120 seconds left.\n|\n|t:|1781457810\n|move|p2a: Kricketune|Knock Off|p1a: Empoleon\n|-damage|p1a: Empoleon|189/278\n|-enditem|p1a: Empoleon|Leftovers|[from] move: Knock Off|[of] p2a: Kricketune\n|move|p1a: Empoleon|Surf|p2a: Kricketune\n|-damage|p2a: Kricketune|0 fnt\n|faint|p2a: Kricketune\n|\n|upkeep\n|\n|t:|1781457823\n|switch|p2a: Garchomp|Garchomp, L74, M|282/282\n|turn|9\n|\n|t:|1781457825\n|move|p2a: Garchomp|Swords Dance|p2a: Garchomp\n|-boost|p2a: Garchomp|atk|2\n|move|p1a: Empoleon|Ice Beam|p2a: Garchomp\n|-supereffective|p2a: Garchomp\n|-damage|p2a: Garchomp|0 fnt\n|faint|p2a: Garchomp\n|\n|upkeep\n|inactive|ftaochaphet has 120 seconds left.\n|\n|t:|1781457844\n|switch|p2a: Necrozma|Necrozma-Dawn-Wings, L76|272/272\n|turn|10\n|\n|t:|1781457850\n|move|p2a: Necrozma|Calm Mind|p2a: Necrozma\n|-boost|p2a: Necrozma|spa|1\n|-boost|p2a: Necrozma|spd|1\n|move|p1a: Empoleon|Knock Off|p2a: Necrozma\n|-supereffective|p2a: Necrozma\n|-damage|p2a: Necrozma|107/272\n|-enditem|p2a: Necrozma|Leftovers|[from] move: Knock Off|[of] p1a: Empoleon\n|\n|upkeep\n|turn|11\n|\n|t:|1781457857\n|move|p2a: Necrozma|Moonlight|p2a: Necrozma\n|-heal|p2a: Necrozma|243/272\n|move|p1a: Empoleon|Knock Off|p2a: Necrozma\n|-supereffective|p2a: Necrozma\n|-damage|p2a: Necrozma|126/272\n|\n|upkeep\n|turn|12\n|\n|t:|1781457872\n|move|p2a: Necrozma|Moonlight|p2a: Necrozma\n|-heal|p2a: Necrozma|262/272\n|move|p1a: Empoleon|Knock Off|p2a: Necrozma\n|-supereffective|p2a: Necrozma\n|-damage|p2a: Necrozma|151/272\n|\n|upkeep\n|turn|13\n|\n|t:|1781457878\n|move|p2a: Necrozma|Moonlight|p2a: Necrozma\n|-heal|p2a: Necrozma|272/272\n|move|p1a: Empoleon|Knock Off|p2a: Necrozma\n|-supereffective|p2a: Necrozma\n|-damage|p2a: Necrozma|161/272\n|\n|upkeep\n|turn|14\n|\n|t:|1781457881\n|move|p2a: Necrozma|Calm Mind|p2a: Necrozma\n|-boost|p2a: Necrozma|spa|1\n|-boost|p2a: Necrozma|spd|1\n|move|p1a: Empoleon|Knock Off|p2a: Necrozma\n|-supereffective|p2a: Necrozma\n|-damage|p2a: Necrozma|41/272\n|\n|upkeep\n|turn|15\n|\n|t:|1781457890\n|switch|p1a: Grumpig|Grumpig, L92, M|297/297\n|-activate|p1a: Grumpig|move: Sticky Web\n|-unboost|p1a: Grumpig|spe|1\n|move|p2a: Necrozma|Moonlight|p2a: Necrozma\n|-heal|p2a: Necrozma|177/272\n|\n|upkeep\n|turn|16\n|\n|t:|1781457896\n|move|p2a: Necrozma|Moongeist Beam|p1a: Grumpig\n|-supereffective|p1a: Grumpig\n|-damage|p1a: Grumpig|0 fnt\n|faint|p1a: Grumpig\n|\n|upkeep\n|\n|t:|1781457904\n|switch|p1a: Indeedee|Indeedee, L84, M|238/238\n|-activate|p1a: Indeedee|move: Sticky Web\n|-unboost|p1a: Indeedee|spe|1\n|-fieldstart|move: Psychic Terrain|[from] ability: Psychic Surge|[of] p1a: Indeedee\n|turn|17\n|\n|t:|1781457919\n|move|p2a: Necrozma|Photon Geyser|p1a: Indeedee\n|-resisted|p1a: Indeedee\n|-damage|p1a: Indeedee|91/238\n|move|p1a: Indeedee|Calm Mind|p1a: Indeedee\n|-boost|p1a: Indeedee|spa|1\n|-boost|p1a: Indeedee|spd|1\n|\n|upkeep\n|turn|18\n|\n|t:|1781457927\n|move|p2a: Necrozma|Photon Geyser|p1a: Indeedee\n|-resisted|p1a: Indeedee\n|-damage|p1a: Indeedee|0 fnt\n|faint|p1a: Indeedee\n|\n|upkeep\n|l|\u2606Dragonyte\n|inactive|Dragonyte disconnected and has a minute to reconnect!\n|player|p1|\n|inactive|Dragonyte has 30 seconds to reconnect!\n|inactive|Dragonyte has 20 seconds to reconnect!\n|inactive|Dragonyte has 15 seconds to reconnect!\n|inactive|Dragonyte has 10 seconds to reconnect!\n|inactive|Dragonyte has 5 seconds to reconnect!\n|-message|Dragonyte lost due to inactivity.\n|\n|win|ftaochaphet\n", "uploadtime": 1781457662, "views": 3, "formatid": "gen9randombattle", "rating": null, "private": 0, "password": null}