{"id": "gen9randombattle-2631941981", "format": "[Gen 9] Random Battle", "players": ["im not your adc", "MasterMaind"], "log": "|j|\u2606im not your adc\n|j|\u2606MasterMaind\n|t:|1781458137\n|gametype|singles\n|player|p1|im not your adc|102|1406\n|player|p2|MasterMaind|cyrus|1364\n|gen|9\n|tier|[Gen 9] Random Battle\n|rated|\n|rule|Species Clause: Limit one of each Pok\u00e9mon\n|rule|HP Percentage Mod: HP is shown in percentages\n|rule|Sleep Clause Mod: Limit one foe put to sleep\n|rule|Illusion Level Mod: Illusion disguises the Pok\u00e9mon's true level\n|\n|t:|1781458137\n|teamsize|p1|6\n|teamsize|p2|6\n|start\n|switch|p1a: Misdreavus|Misdreavus, L90, M|254/254\n|switch|p2a: Tornadus|Tornadus, L82, M|263/263\n|turn|1\n|\n|t:|1781458148\n|move|p2a: Tornadus|Bleakwind Storm|p1a: Misdreavus\n|-damage|p1a: Misdreavus|136/254\n|move|p1a: Misdreavus|Calm Mind|p1a: Misdreavus\n|-boost|p1a: Misdreavus|spa|1\n|-boost|p1a: Misdreavus|spd|1\n|\n|upkeep\n|turn|2\n|\n|t:|1781458153\n|move|p2a: Tornadus|Bleakwind Storm|p1a: Misdreavus\n|-damage|p1a: Misdreavus|58/254\n|-unboost|p1a: Misdreavus|spe|1\n|move|p1a: Misdreavus|Draining Kiss|p2a: Tornadus\n|-damage|p2a: Tornadus|205/263\n|-heal|p1a: Misdreavus|102/254|[from] drain|[of] p2a: Tornadus\n|\n|upkeep\n|turn|3\n|\n|t:|1781458160\n|switch|p2a: Sandslash|Sandslash-Alola, L88, M|275/275\n|move|p1a: Misdreavus|Draining Kiss|p2a: Sandslash\n|-resisted|p2a: Sandslash\n|-damage|p2a: Sandslash|251/275\n|-heal|p1a: Misdreavus|120/254|[from] drain|[of] p2a: Sandslash\n|\n|upkeep\n|turn|4\n|\n|t:|1781458169\n|move|p2a: Sandslash|Triple Axel|p1a: Misdreavus\n|-damage|p1a: Misdreavus|99/254\n|-damage|p1a: Misdreavus|57/254\n|-hitcount|p1a: Misdreavus|2\n|move|p1a: Misdreavus|Will-O-Wisp|p2a: Sandslash\n|-status|p2a: Sandslash|brn\n|\n|-damage|p2a: Sandslash|234/275 brn|[from] brn\n|upkeep\n|turn|5\n|-message|MasterMaind forfeited.\n|\n|win|im not your adc\n|raw|im not your adc's rating: 1406 &rarr; <strong>1424</strong><br />(+18 for winning)\n|raw|MasterMaind's rating: 1364 &rarr; <strong>1346</strong><br />(-18 for losing)\n|l|\u2606MasterMaind\n|player|p2|\n", "uploadtime": 1781458180, "views": 2, "formatid": "gen9randombattle", "rating": 1346, "private": 0, "password": null}