{"id": "gen9randombattle-2631996975", "format": "[Gen 9] Random Battle", "players": ["Scarf bonsley", "aceguy123"], "log": "|j|\u2606Scarf bonsley\n|j|\u2606aceguy123\n|t:|1781464155\n|gametype|singles\n|player|p1|Scarf bonsley|marlon|2208\n|player|p2|aceguy123|firebreather|2261\n|gen|9\n|tier|[Gen 9] Random Battle\n|rated|\n|rule|Species Clause: Limit one of each Pok\u00e9mon\n|rule|HP Percentage Mod: HP is shown in percentages\n|rule|Sleep Clause Mod: Limit one foe put to sleep\n|rule|Illusion Level Mod: Illusion disguises the Pok\u00e9mon's true level\n|\n|t:|1781464155\n|teamsize|p1|6\n|teamsize|p2|6\n|start\n|switch|p1a: Greninja|Greninja, L80, M|246/246\n|switch|p2a: Vivillon|Vivillon-Tundra, L83, F|268/268\n|turn|1\n|j| palpatine1234\n|inactive|Battle timer is ON: inactive players will automatically lose when time's up. (requested by aceguy123)\n|\n|t:|1781464177\n|switch|p1a: Lapras|Lapras, L87, M|368/368\n|switch|p2a: Wigglytuff|Wigglytuff, L96, F|424/424\n|\n|upkeep\n|turn|2\n|\n|t:|1781464186\n|move|p1a: Lapras|Sparkling Aria|p2a: Wigglytuff\n|-damage|p2a: Wigglytuff|304/424\n|move|p2a: Wigglytuff|Thunder Wave|p1a: Lapras|[miss]\n|-miss|p2a: Wigglytuff|p1a: Lapras\n|\n|-heal|p2a: Wigglytuff|330/424|[from] item: Leftovers\n|upkeep\n|turn|3\n|\n|t:|1781464191\n|move|p1a: Lapras|Sparkling Aria|p2a: Wigglytuff\n|-damage|p2a: Wigglytuff|218/424\n|move|p2a: Wigglytuff|Wish|p2a: Wigglytuff\n|\n|-heal|p2a: Wigglytuff|244/424|[from] item: Leftovers\n|upkeep\n|turn|4\n|l| palpatine1234\n|inactive|Scarf bonsley has 120 seconds left.\n|\n|t:|1781464237\n|move|p1a: Lapras|Sparkling Aria|p2a: Wigglytuff\n|-damage|p2a: Wigglytuff|124/424\n|move|p2a: Wigglytuff|Thunder Wave|p1a: Lapras\n|-status|p1a: Lapras|par\n|\n|-heal|p2a: Wigglytuff|336/424|[from] move: Wish|[wisher] Wigglytuff\n|-heal|p2a: Wigglytuff|362/424|[from] item: Leftovers\n|upkeep\n|turn|5\n|\n|t:|1781464244\n|move|p2a: Wigglytuff|Wish|p2a: Wigglytuff\n|move|p1a: Lapras|Sparkling Aria|p2a: Wigglytuff\n|-damage|p2a: Wigglytuff|241/424\n|\n|-heal|p2a: Wigglytuff|267/424|[from] item: Leftovers\n|upkeep\n|turn|6\n|\n|t:|1781464248\n|move|p2a: Wigglytuff|Alluring Voice|p1a: Lapras\n|-damage|p1a: Lapras|283/368 par\n|cant|p1a: Lapras|par\n|\n|-heal|p2a: Wigglytuff|424/424|[from] move: Wish|[wisher] Wigglytuff\n|upkeep\n|turn|7\n|\n|t:|1781464254\n|move|p2a: Wigglytuff|Wish|p2a: Wigglytuff\n|move|p1a: Lapras|Freeze-Dry|p2a: Wigglytuff\n|-damage|p2a: Wigglytuff|325/424\n|\n|-heal|p2a: Wigglytuff|351/424|[from] item: Leftovers\n|upkeep\n|turn|8\n|\n|t:|1781464269\n|switch|p2a: Kleavor|Kleavor, L78, F|237/237\n|cant|p1a: Lapras|par\n|\n|upkeep\n|turn|9\n|\n|t:|1781464276\n|switch|p1a: Great Tusk|Great Tusk, L77|304/304\n|-enditem|p1a: Great Tusk|Booster Energy\n|-activate|p1a: Great Tusk|ability: Protosynthesis|[fromitem]\n|-start|p1a: Great Tusk|protosynthesisatk\n|move|p2a: Kleavor|Stone Axe|p1a: Great Tusk\n|-resisted|p1a: Great Tusk\n|-crit|p1a: Great Tusk\n|-damage|p1a: Great Tusk|270/304\n|-sidestart|p1: Scarf bonsley|move: Stealth Rock\n|\n|upkeep\n|turn|10\n|\n|t:|1781464285\n|switch|p2a: Vivillon|Vivillon-Tundra, L83, F|268/268\n|move|p1a: Great Tusk|Rapid Spin|p2a: Vivillon\n|-damage|p2a: Vivillon|190/268\n|-boost|p1a: Great Tusk|spe|1\n|-sideend|p1: Scarf bonsley|Stealth Rock|[from] move: Rapid Spin|[of] p1a: Great Tusk\n|\n|upkeep\n|turn|11\n|\n|t:|1781464300\n|-end|p1a: Great Tusk|Protosynthesis|[silent]\n|switch|p1a: Lapras|Lapras, L87, M|283/368 par\n|move|p2a: Vivillon|Quiver Dance|p2a: Vivillon\n|-boost|p2a: Vivillon|spa|1\n|-boost|p2a: Vivillon|spd|1\n|-boost|p2a: Vivillon|spe|1\n|\n|upkeep\n|turn|12\n|\n|t:|1781464308\n|move|p2a: Vivillon|Hurricane|p1a: Lapras\n|-crit|p1a: Lapras\n|-damage|p1a: Lapras|54/368 par\n|move|p1a: Lapras|Freeze-Dry|p2a: Vivillon\n|-supereffective|p2a: Vivillon\n|-damage|p2a: Vivillon|52/268\n|\n|upkeep\n|turn|13\n|\n|t:|1781464314\n|move|p2a: Vivillon|Hurricane|p1a: Lapras\n|-damage|p1a: Lapras|0 fnt\n|faint|p1a: Lapras\n|\n|upkeep\n|\n|t:|1781464316\n|switch|p1a: Decidueye|Decidueye, L88, F|281/281\n|turn|14\n|\n|t:|1781464321\n|switch|p2a: Wigglytuff|Wigglytuff, L96, F|351/424\n|move|p1a: Decidueye|Shadow Sneak|p2a: Wigglytuff\n|-immune|p2a: Wigglytuff\n|\n|-heal|p2a: Wigglytuff|377/424|[from] item: Leftovers\n|upkeep\n|turn|15\n|\n|t:|1781464331\n|switch|p1a: Bastiodon|Bastiodon, L89, F|252/252\n|move|p2a: Wigglytuff|Thunder Wave|p1a: Bastiodon\n|-status|p1a: Bastiodon|par\n|\n|-heal|p2a: Wigglytuff|403/424|[from] item: Leftovers\n|upkeep\n|turn|16\n|\n|t:|1781464336\n|move|p2a: Wigglytuff|Wish|p2a: Wigglytuff\n|cant|p1a: Bastiodon|par\n|\n|-heal|p2a: Wigglytuff|424/424|[from] item: Leftovers\n|upkeep\n|turn|17\n|\n|t:|1781464342\n|switch|p2a: Vivillon|Vivillon-Tundra, L83, F|52/268\n|move|p1a: Bastiodon|Iron Defense|p1a: Bastiodon\n|-boost|p1a: Bastiodon|def|2\n|\n|-heal|p2a: Vivillon|264/268|[from] move: Wish|[wisher] Wigglytuff\n|upkeep\n|turn|18\n|\n|t:|1781464353\n|switch|p1a: Decidueye|Decidueye, L88, F|281/281\n|move|p2a: Vivillon|Quiver Dance|p2a: Vivillon\n|-boost|p2a: Vivillon|spa|1\n|-boost|p2a: Vivillon|spd|1\n|-boost|p2a: Vivillon|spe|1\n|\n|upkeep\n|turn|19\n|\n|t:|1781464356\n|-terastallize|p1a: Decidueye|Ghost\n|move|p2a: Vivillon|Hurricane|p1a: Decidueye|[miss]\n|-miss|p2a: Vivillon|p1a: Decidueye\n|move|p1a: Decidueye|Poltergeist|p2a: Vivillon\n|-activate|p2a: Vivillon|move: Poltergeist|Heavy-Duty Boots\n|-damage|p2a: Vivillon|0 fnt\n|faint|p2a: Vivillon\n|-damage|p1a: Decidueye|253/281|[from] item: Life Orb\n|\n|upkeep\n|\n|t:|1781464381\n|switch|p2a: Duraludon|Duraludon, L82, M|249/249\n|turn|20\n|\n|t:|1781464386\n|move|p2a: Duraludon|Iron Defense|p2a: Duraludon\n|-boost|p2a: Duraludon|def|2\n|move|p1a: Decidueye|Poltergeist|p2a: Duraludon\n|-activate|p2a: Duraludon|move: Poltergeist|Eviolite\n|-damage|p2a: Duraludon|187/249\n|-damage|p1a: Decidueye|225/281|[from] item: Life Orb\n|\n|upkeep\n|turn|21\n|\n|t:|1781464390\n|move|p2a: Duraludon|Flash Cannon|p1a: Decidueye\n|-damage|p1a: Decidueye|143/281\n|move|p1a: Decidueye|Swords Dance|p1a: Decidueye\n|-boost|p1a: Decidueye|atk|2\n|\n|upkeep\n|turn|22\n|\n|t:|1781464400\n|move|p2a: Duraludon|Draco Meteor|p1a: Decidueye\n|-damage|p1a: Decidueye|14/281\n|-unboost|p2a: Duraludon|spa|2\n|move|p1a: Decidueye|Poltergeist|p2a: Duraludon\n|-activate|p2a: Duraludon|move: Poltergeist|Eviolite\n|-damage|p2a: Duraludon|44/249\n|-damage|p1a: Decidueye|0 fnt|[from] item: Life Orb\n|faint|p1a: Decidueye\n|\n|upkeep\n|\n|t:|1781464412\n|switch|p1a: Greninja|Greninja, L80, M|246/246\n|turn|23\n|\n|t:|1781464419\n|switch|p2a: Wigglytuff|Wigglytuff, L96, F|424/424\n|move|p1a: Greninja|Dark Pulse|p2a: Wigglytuff\n|-resisted|p2a: Wigglytuff\n|-crit|p2a: Wigglytuff\n|-damage|p2a: Wigglytuff|323/424\n|-damage|p1a: Greninja|222/246|[from] item: Life Orb\n|\n|-heal|p2a: Wigglytuff|349/424|[from] item: Leftovers\n|upkeep\n|turn|24\n|\n|t:|1781464424\n|switch|p1a: Bastiodon|Bastiodon, L89, F|252/252 par\n|move|p2a: Wigglytuff|Protect||[still]\n|-fail|p2a: Wigglytuff\n|\n|-heal|p2a: Wigglytuff|375/424|[from] item: Leftovers\n|upkeep\n|turn|25\n|\n|t:|1781464432\n|switch|p2a: Sceptile|Sceptile, L87, F|264/264\n|move|p1a: Bastiodon|Iron Defense|p1a: Bastiodon\n|-boost|p1a: Bastiodon|def|2\n|\n|upkeep\n|turn|26\n|\n|t:|1781464443\n|move|p2a: Sceptile|Substitute|p2a: Sceptile\n|-start|p2a: Sceptile|Substitute\n|-damage|p2a: Sceptile|198/264\n|move|p1a: Bastiodon|Body Press|p2a: Sceptile\n|-end|p2a: Sceptile|Substitute\n|\n|-heal|p2a: Sceptile|214/264|[from] item: Leftovers\n|upkeep\n|turn|27\n|\n|t:|1781464447\n|switch|p1a: Leavanny|Leavanny, L86, F|269/269\n|move|p2a: Sceptile|Focus Blast|p1a: Leavanny\n|-resisted|p1a: Leavanny\n|-damage|p1a: Leavanny|223/269\n|-unboost|p1a: Leavanny|spd|1\n|\n|-heal|p2a: Sceptile|230/264|[from] item: Leftovers\n|upkeep\n|turn|28\n|\n|t:|1781464455\n|switch|p2a: Kleavor|Kleavor, L78, F|237/237\n|move|p1a: Leavanny|Sticky Web|p2a: Kleavor\n|-sidestart|p2: aceguy123|move: Sticky Web\n|\n|upkeep\n|turn|29\n|\n|t:|1781464460\n|switch|p1a: Great Tusk|Great Tusk, L77|270/304\n|move|p2a: Kleavor|Defog|p1a: Great Tusk\n|-unboost|p1a: Great Tusk|evasion|1\n|-sideend|p2: aceguy123|Sticky Web|[from] move: Defog|[of] p2a: Kleavor\n|\n|upkeep\n|turn|30\n|\n|t:|1781464472\n|switch|p2a: Wigglytuff|Wigglytuff, L96, F|375/424\n|move|p1a: Great Tusk|Close Combat|p2a: Wigglytuff\n|-damage|p2a: Wigglytuff|195/424\n|-unboost|p1a: Great Tusk|def|1\n|-unboost|p1a: Great Tusk|spd|1\n|\n|-heal|p2a: Wigglytuff|221/424|[from] item: Leftovers\n|upkeep\n|turn|31\n|\n|t:|1781464486\n|-end|p1a: Great Tusk|Protosynthesis|[silent]\n|switch|p1a: Bastiodon|Bastiodon, L89, F|252/252 par\n|move|p2a: Wigglytuff|Wish|p2a: Wigglytuff\n|\n|-heal|p2a: Wigglytuff|247/424|[from] item: Leftovers\n|upkeep\n|turn|32\n|\n|t:|1781464505\n|switch|p2a: Sceptile|Sceptile, L87, F|230/264\n|move|p1a: Bastiodon|Iron Defense|p1a: Bastiodon\n|-boost|p1a: Bastiodon|def|2\n|\n|-heal|p2a: Sceptile|264/264|[from] move: Wish|[wisher] Wigglytuff\n|upkeep\n|turn|33\n|\n|t:|1781464525\n|switch|p2a: Mimikyu|Mimikyu, L79, M|216/216\n|switch|p1a: Leavanny|Leavanny, L86, F|223/269\n|\n|upkeep\n|turn|34\n|\n|t:|1781464532\n|switch|p1a: Bastiodon|Bastiodon, L89, F|252/252 par\n|move|p2a: Mimikyu|Swords Dance|p2a: Mimikyu\n|-boost|p2a: Mimikyu|atk|2\n|\n|upkeep\n|turn|35\n|\n|t:|1781464537\n|move|p2a: Mimikyu|Shadow Claw|p1a: Bastiodon\n|-damage|p1a: Bastiodon|165/252 par\n|-damage|p2a: Mimikyu|195/216|[from] item: Life Orb\n|move|p1a: Bastiodon|Iron Defense|p1a: Bastiodon\n|-boost|p1a: Bastiodon|def|2\n|\n|upkeep\n|turn|36\n|\n|t:|1781464544\n|switch|p2a: Sceptile|Sceptile, L87, F|264/264\n|cant|p1a: Bastiodon|par\n|\n|upkeep\n|turn|37\n|\n|t:|1781464551\n|switch|p1a: Leavanny|Leavanny, L86, F|223/269\n|move|p2a: Sceptile|Focus Blast|p1a: Leavanny\n|-resisted|p1a: Leavanny\n|-damage|p1a: Leavanny|170/269\n|\n|upkeep\n|turn|38\n|\n|t:|1781464556\n|switch|p2a: Kleavor|Kleavor, L78, F|237/237\n|move|p1a: Leavanny|Triple Axel|p2a: Kleavor|[miss]\n|-miss|p1a: Leavanny|p2a: Kleavor\n|\n|upkeep\n|turn|39\n|\n|t:|1781464563\n|switch|p1a: Great Tusk|Great Tusk, L77|270/304\n|move|p2a: Kleavor|Stone Axe|p1a: Great Tusk\n|-resisted|p1a: Great Tusk\n|-damage|p1a: Great Tusk|247/304\n|-sidestart|p1: Scarf bonsley|move: Stealth Rock\n|\n|upkeep\n|turn|40\n|\n|t:|1781464567\n|switch|p2a: Mimikyu|Mimikyu, L79, M|195/216\n|move|p1a: Great Tusk|Rapid Spin|p2a: Mimikyu\n|-immune|p2a: Mimikyu\n|\n|upkeep\n|turn|41\n|\n|t:|1781464572\n|-end|p1a: Great Tusk|Protosynthesis|[silent]\n|switch|p1a: Bastiodon|Bastiodon, L89, F|165/252 par\n|-damage|p1a: Bastiodon|150/252 par|[from] Stealth Rock\n|move|p2a: Mimikyu|Swords Dance|p2a: Mimikyu\n|-boost|p2a: Mimikyu|atk|2\n|\n|upkeep\n|turn|42\n|\n|t:|1781464574\n|move|p2a: Mimikyu|Shadow Claw|p1a: Bastiodon\n|-damage|p1a: Bastiodon|64/252 par\n|-damage|p2a: Mimikyu|174/216|[from] item: Life Orb\n|move|p1a: Bastiodon|Rest|p1a: Bastiodon\n|-status|p1a: Bastiodon|slp|[from] move: Rest\n|-heal|p1a: Bastiodon|252/252 slp|[silent]\n|-enditem|p1a: Bastiodon|Chesto Berry|[eat]\n|-curestatus|p1a: Bastiodon|slp|[msg]\n|\n|upkeep\n|turn|43\n|\n|t:|1781464591\n|switch|p2a: Sceptile|Sceptile, L87, F|264/264\n|move|p1a: Bastiodon|Iron Defense|p1a: Bastiodon\n|-boost|p1a: Bastiodon|def|2\n|\n|upkeep\n|turn|44\n|\n|t:|1781464606\n|move|p2a: Sceptile|Substitute|p2a: Sceptile\n|-start|p2a: Sceptile|Substitute\n|-damage|p2a: Sceptile|198/264\n|move|p1a: Bastiodon|Body Press|p2a: Sceptile\n|-end|p2a: Sceptile|Substitute\n|\n|-heal|p2a: Sceptile|214/264|[from] item: Leftovers\n|upkeep\n|turn|45\n|\n|t:|1781464620\n|switch|p1a: Leavanny|Leavanny, L86, F|170/269\n|-damage|p1a: Leavanny|103/269|[from] Stealth Rock\n|move|p2a: Sceptile|Focus Blast|p1a: Leavanny\n|-resisted|p1a: Leavanny\n|-damage|p1a: Leavanny|54/269\n|\n|-heal|p2a: Sceptile|230/264|[from] item: Leftovers\n|upkeep\n|turn|46\n|\n|t:|1781464629\n|switch|p2a: Kleavor|Kleavor, L78, F|237/237\n|move|p1a: Leavanny|Triple Axel|p2a: Kleavor|[miss]\n|-miss|p1a: Leavanny|p2a: Kleavor\n|\n|upkeep\n|turn|47\n|c|\u2606Scarf bonsley|Could you get any luckier? Jfc\n|\n|t:|1781464642\n|move|p1a: Leavanny|Sticky Web|p2a: Kleavor\n|-sidestart|p2: aceguy123|move: Sticky Web\n|move|p2a: Kleavor|X-Scissor|p1a: Leavanny\n|-supereffective|p1a: Leavanny\n|-damage|p1a: Leavanny|0 fnt\n|faint|p1a: Leavanny\n|\n|upkeep\n|\n|t:|1781464644\n|switch|p1a: Greninja|Greninja, L80, M|222/246\n|-damage|p1a: Greninja|192/246|[from] Stealth Rock\n|turn|48\n|\n|t:|1781464662\n|-terastallize|p2a: Kleavor|Bug\n|move|p1a: Greninja|Hydro Pump|p2a: Kleavor\n|-damage|p2a: Kleavor|60/237\n|-damage|p1a: Greninja|168/246|[from] item: Life Orb\n|move|p2a: Kleavor|X-Scissor|p1a: Greninja\n|-supereffective|p1a: Greninja\n|-damage|p1a: Greninja|0 fnt\n|faint|p1a: Greninja\n|\n|upkeep\n|\n|t:|1781464668\n|switch|p1a: Great Tusk|Great Tusk, L77|247/304\n|-damage|p1a: Great Tusk|238/304|[from] Stealth Rock\n|turn|49\n|\n|t:|1781464682\n|move|p1a: Great Tusk|Close Combat|p2a: Kleavor\n|-resisted|p2a: Kleavor\n|-damage|p2a: Kleavor|0 fnt\n|-unboost|p1a: Great Tusk|def|1\n|-unboost|p1a: Great Tusk|spd|1\n|faint|p2a: Kleavor\n|\n|upkeep\n|\n|t:|1781464698\n|switch|p2a: Wigglytuff|Wigglytuff, L96, F|247/424\n|-activate|p2a: Wigglytuff|move: Sticky Web\n|-unboost|p2a: Wigglytuff|spe|1\n|-ability|p2a: Wigglytuff|Competitive|boost\n|-boost|p2a: Wigglytuff|spa|2\n|turn|50\n|\n|t:|1781464709\n|-end|p1a: Great Tusk|Protosynthesis|[silent]\n|switch|p1a: Bastiodon|Bastiodon, L89, F|252/252\n|-damage|p1a: Bastiodon|237/252|[from] Stealth Rock\n|move|p2a: Wigglytuff|Wish|p2a: Wigglytuff\n|\n|-heal|p2a: Wigglytuff|273/424|[from] item: Leftovers\n|upkeep\n|turn|51\n|\n|t:|1781464716\n|move|p1a: Bastiodon|Iron Defense|p1a: Bastiodon\n|-boost|p1a: Bastiodon|def|2\n|move|p2a: Wigglytuff|Thunder Wave|p1a: Bastiodon\n|-status|p1a: Bastiodon|par\n|\n|-heal|p2a: Wigglytuff|424/424|[from] move: Wish|[wisher] Wigglytuff\n|upkeep\n|turn|52\n|\n|t:|1781464734\n|switch|p2a: Duraludon|Duraludon, L82, M|44/249\n|-activate|p2a: Duraludon|move: Sticky Web\n|-unboost|p2a: Duraludon|spe|1\n|move|p1a: Bastiodon|Body Press|p2a: Duraludon\n|-supereffective|p2a: Duraludon\n|-damage|p2a: Duraludon|0 fnt\n|faint|p2a: Duraludon\n|\n|upkeep\n|\n|t:|1781464736\n|switch|p2a: Sceptile|Sceptile, L87, F|230/264\n|-activate|p2a: Sceptile|move: Sticky Web\n|-unboost|p2a: Sceptile|spe|1\n|turn|53\n|\n|t:|1781464740\n|move|p2a: Sceptile|Focus Blast|p1a: Bastiodon\n|-supereffective|p1a: Bastiodon\n|-damage|p1a: Bastiodon|0 fnt\n|faint|p1a: Bastiodon\n|\n|-heal|p2a: Sceptile|246/264|[from] item: Leftovers\n|upkeep\n|-message|Scarf bonsley forfeited.\n|\n|win|aceguy123\n", "uploadtime": 1781464157, "views": 3, "formatid": "gen9randombattle", "rating": null, "private": 0, "password": null}