{"id": "gen9randombattle-2631373634", "format": "[Gen 9] Random Battle", "players": ["Pepe Zombi", "Elite 4 Anubis"], "log": "|j|\u2606Pepe Zombi\n|j|\u2606Elite 4 Anubis\n|t:|1781377043\n|gametype|singles\n|player|p1|Pepe Zombi|miku-ghost|2194\n|player|p2|Elite 4 Anubis|102|2253\n|gen|9\n|tier|[Gen 9] Random Battle\n|rated|\n|rule|Species Clause: Limit one of each Pok\u00e9mon\n|rule|HP Percentage Mod: HP is shown in percentages\n|rule|Sleep Clause Mod: Limit one foe put to sleep\n|rule|Illusion Level Mod: Illusion disguises the Pok\u00e9mon's true level\n|\n|t:|1781377043\n|teamsize|p1|6\n|teamsize|p2|6\n|start\n|switch|p1a: Morpeko|Morpeko, L88, F|245/245\n|switch|p2a: Sawsbuck|Sawsbuck-Autumn, L88, M|284/284\n|turn|1\n|inactive|Battle timer is ON: inactive players will automatically lose when time's up. (requested by Pepe Zombi)\n|\n|t:|1781377053\n|switch|p1a: Tsareena|Tsareena, L87, F|267/267\n|move|p2a: Sawsbuck|Horn Leech|p1a: Tsareena\n|-resisted|p1a: Tsareena\n|-damage|p1a: Tsareena|218/267\n|-damage|p2a: Sawsbuck|256/284|[from] item: Life Orb\n|\n|upkeep\n|turn|2\n|\n|t:|1781377067\n|move|p2a: Sawsbuck|Headbutt|p1a: Tsareena\n|-damage|p1a: Tsareena|117/267\n|-damage|p2a: Sawsbuck|228/284|[from] item: Life Orb\n|cant|p1a: Tsareena|flinch\n|\n|upkeep\n|turn|3\n|inactive|Elite 4 Anubis has 120 seconds left.\n|\n|t:|1781377106\n|move|p2a: Sawsbuck|Headbutt|p1a: Tsareena\n|-damage|p1a: Tsareena|27/267\n|-damage|p2a: Sawsbuck|200/284|[from] item: Life Orb\n|move|p1a: Tsareena|High Jump Kick|p2a: Sawsbuck|[miss]\n|-miss|p1a: Tsareena|p2a: Sawsbuck\n|-damage|p1a: Tsareena|0 fnt|[from] highjumpkick\n|faint|p1a: Tsareena\n|\n|upkeep\n|\n|t:|1781377116\n|switch|p1a: Slowbro|Slowbro-Galar, L87, M|307/307\n|turn|4\n|inactive|Elite 4 Anubis has 120 seconds left.\n|\n|t:|1781377137\n|switch|p2a: Bruxish|Bruxish, L85, F|254/254\n|move|p1a: Slowbro|Shell Side Arm|p2a: Bruxish|[anim] Shell Side Arm Special\n|-damage|p2a: Bruxish|140/254\n|-hint|Special Shell Side Arm\n|\n|upkeep\n|turn|5\n|\n|t:|1781377146\n|switch|p1a: Arbok|Arbok, L87, F|246/246\n|-ability|p1a: Arbok|Intimidate|boost\n|-unboost|p2a: Bruxish|atk|1\n|move|p2a: Bruxish|Swords Dance|p2a: Bruxish\n|-boost|p2a: Bruxish|atk|2\n|\n|upkeep\n|turn|6\n|inactive|Elite 4 Anubis has 120 seconds left.\n|\n|t:|1781377153\n|move|p2a: Bruxish|Wave Crash|p1a: Arbok\n|-crit|p1a: Arbok\n|-damage|p1a: Arbok|0 fnt\n|faint|p1a: Arbok\n|-damage|p2a: Bruxish|59/254|[from] Recoil\n|-damage|p2a: Bruxish|34/254|[from] item: Life Orb\n|\n|upkeep\n|\n|t:|1781377158\n|switch|p1a: Morpeko|Morpeko, L88, F|245/245\n|turn|7\n|\n|t:|1781377165\n|move|p1a: Morpeko|Knock Off|p2a: Bruxish\n|-supereffective|p2a: Bruxish\n|-damage|p2a: Bruxish|0 fnt\n|-enditem|p2a: Bruxish|Life Orb|[from] move: Knock Off|[of] p1a: Morpeko\n|faint|p2a: Bruxish\n|\n|-formechange|p1a: Morpeko|Morpeko-Hangry||[from] ability: Hunger Switch\n|upkeep\n|\n|t:|1781377175\n|switch|p2a: Orthworm|Orthworm, L88, M|266/266\n|turn|8\n|l|\u2606Pepe Zombi\n|inactive|Pepe Zombi disconnected and has a minute to reconnect!\n|player|p1|\n|inactive|Pepe Zombi has 30 seconds to reconnect!\n|inactive|Pepe Zombi has 20 seconds to reconnect!\n|inactive|Pepe Zombi has 15 seconds to reconnect!\n|inactive|Pepe Zombi has 10 seconds to reconnect!\n|inactive|Pepe Zombi has 5 seconds to reconnect!\n|-message|Pepe Zombi lost due to inactivity.\n|\n|win|Elite 4 Anubis\n", "uploadtime": 1781377045, "views": 7, "formatid": "gen9randombattle", "rating": null, "private": 0, "password": null}