{"id": "gen9randombattle-2631405736", "format": "[Gen 9] Random Battle", "players": ["justinprim", "alvx"], "log": "|j|\u2606justinprim\n|j|\u2606alvx\n|t:|1781380746\n|gametype|singles\n|player|p1|justinprim|265|2115\n|player|p2|alvx|alder|2068\n|gen|9\n|tier|[Gen 9] Random Battle\n|rated|\n|rule|Species Clause: Limit one of each Pok\u00e9mon\n|rule|HP Percentage Mod: HP is shown in percentages\n|rule|Sleep Clause Mod: Limit one foe put to sleep\n|rule|Illusion Level Mod: Illusion disguises the Pok\u00e9mon's true level\n|\n|t:|1781380746\n|teamsize|p1|6\n|teamsize|p2|6\n|start\n|switch|p1a: Bellibolt|Bellibolt, L84, F|320/320\n|switch|p2a: Emboar|Emboar, L84, M|322/322\n|turn|1\n|inactive|Battle timer is ON: inactive players will automatically lose when time's up. (requested by alvx)\n|\n|t:|1781380771\n|move|p2a: Emboar|Knock Off|p1a: Bellibolt\n|-damage|p1a: Bellibolt|203/320\n|-start|p1a: Bellibolt|Charge|Knock Off|[from] ability: Electromorphosis\n|-enditem|p1a: Bellibolt|Leftovers|[from] move: Knock Off|[of] p2a: Emboar\n|move|p1a: Bellibolt|Muddy Water|p2a: Emboar\n|-supereffective|p2a: Emboar\n|-damage|p2a: Emboar|158/322\n|\n|upkeep\n|turn|2\n|\n|t:|1781380800\n|switch|p2a: Garganacl|Garganacl, L80, M|291/291\n|move|p1a: Bellibolt|Slack Off|p1a: Bellibolt\n|-heal|p1a: Bellibolt|320/320\n|\n|upkeep\n|turn|3\n|\n|t:|1781380807\n|move|p1a: Bellibolt|Muddy Water|p2a: Garganacl|[miss]\n|-miss|p1a: Bellibolt|p2a: Garganacl\n|move|p2a: Garganacl|Salt Cure|p1a: Bellibolt\n|-damage|p1a: Bellibolt|280/320\n|-start|p1a: Bellibolt|Salt Cure\n|-start|p1a: Bellibolt|Charge|Salt Cure|[from] ability: Electromorphosis\n|\n|-damage|p1a: Bellibolt|240/320|[from] Salt Cure\n|upkeep\n|turn|4\n|\n|t:|1781380813\n|switch|p1a: Copperajah|Copperajah, L86, M|350/350\n|move|p2a: Garganacl|Protect||[still]\n|-fail|p2a: Garganacl\n|\n|upkeep\n|turn|5\n|\n|t:|1781380830\n|move|p2a: Garganacl|Protect|p2a: Garganacl\n|-singleturn|p2a: Garganacl|Protect\n|move|p1a: Copperajah|Earthquake|p2a: Garganacl\n|-activate|p2a: Garganacl|move: Protect\n|\n|upkeep\n|turn|6\n|\n|t:|1781380837\n|switch|p2a: Cramorant|Cramorant, L86, M|261/261\n|move|p1a: Copperajah|Iron Head|p2a: Cramorant\n|-resisted|p2a: Cramorant\n|-damage|p2a: Cramorant|132/261\n|\n|upkeep\n|turn|7\n|\n|t:|1781380849\n|switch|p1a: Bellibolt|Bellibolt, L84, F|240/320\n|move|p2a: Cramorant|Surf|p1a: Bellibolt\n|-formechange|p2a: Cramorant|Cramorant-Gulping|\n|-damage|p1a: Bellibolt|141/320\n|-start|p1a: Bellibolt|Charge|Surf|[from] ability: Electromorphosis\n|\n|upkeep\n|turn|8\n|\n|t:|1781380858\n|switch|p2a: Garganacl|Garganacl, L80, M|291/291\n|move|p1a: Bellibolt|Slack Off|p1a: Bellibolt\n|-heal|p1a: Bellibolt|301/320\n|\n|upkeep\n|turn|9\n|\n|t:|1781380864\n|move|p1a: Bellibolt|Muddy Water|p2a: Garganacl\n|-supereffective|p2a: Garganacl\n|-damage|p2a: Garganacl|143/291\n|move|p2a: Garganacl|Salt Cure|p1a: Bellibolt\n|-damage|p1a: Bellibolt|262/320\n|-start|p1a: Bellibolt|Salt Cure\n|-start|p1a: Bellibolt|Charge|Salt Cure|[from] ability: Electromorphosis\n|\n|-heal|p2a: Garganacl|161/291|[from] item: Leftovers\n|-damage|p1a: Bellibolt|222/320|[from] Salt Cure\n|upkeep\n|turn|10\n|\n|t:|1781380874\n|switch|p1a: Copperajah|Copperajah, L86, M|350/350\n|move|p2a: Garganacl|Recover|p2a: Garganacl\n|-heal|p2a: Garganacl|291/291\n|\n|upkeep\n|turn|11\n|\n|t:|1781380885\n|switch|p2a: Chesnaught|Chesnaught, L84, F|285/285\n|move|p1a: Copperajah|Stealth Rock|p2a: Chesnaught\n|-sidestart|p2: alvx|move: Stealth Rock\n|\n|upkeep\n|turn|12\n|\n|t:|1781380888\n|move|p2a: Chesnaught|Iron Defense|p2a: Chesnaught\n|-boost|p2a: Chesnaught|def|2\n|move|p1a: Copperajah|Play Rough|p2a: Chesnaught\n|-supereffective|p2a: Chesnaught\n|-damage|p2a: Chesnaught|181/285\n|\n|-heal|p2a: Chesnaught|198/285|[from] item: Leftovers\n|upkeep\n|turn|13\n|\n|t:|1781380892\n|switch|p1a: Espathra|Espathra, L80, F|283/283\n|move|p2a: Chesnaught|Trailblaze|p1a: Espathra\n|-damage|p1a: Espathra|196/283\n|-boost|p2a: Chesnaught|spe|1\n|\n|-heal|p2a: Chesnaught|215/285|[from] item: Leftovers\n|upkeep\n|turn|14\n|\n|t:|1781380903\n|-terastallize|p2a: Chesnaught|Steel\n|move|p2a: Chesnaught|Iron Defense|p2a: Chesnaught\n|-boost|p2a: Chesnaught|def|2\n|move|p1a: Espathra|Lumina Crash|p2a: Chesnaught\n|-resisted|p2a: Chesnaught\n|-damage|p2a: Chesnaught|152/285\n|-unboost|p2a: Chesnaught|spd|2\n|\n|-heal|p2a: Chesnaught|169/285|[from] item: Leftovers\n|-ability|p1a: Espathra|Speed Boost|boost\n|-boost|p1a: Espathra|spe|1\n|upkeep\n|turn|15\n|\n|t:|1781380907\n|move|p1a: Espathra|Lumina Crash|p2a: Chesnaught\n|-resisted|p2a: Chesnaught\n|-damage|p2a: Chesnaught|43/285\n|-unboost|p2a: Chesnaught|spd|2\n|move|p2a: Chesnaught|Body Press|p1a: Espathra\n|-resisted|p1a: Espathra\n|-damage|p1a: Espathra|0 fnt\n|faint|p1a: Espathra\n|\n|-heal|p2a: Chesnaught|60/285|[from] item: Leftovers\n|upkeep\n|\n|t:|1781380918\n|switch|p1a: Gogoat|Gogoat, L88, F|360/360\n|turn|16\n|-message|justinprim forfeited.\n|\n|win|alvx\n", "uploadtime": 1781380748, "views": 6, "formatid": "gen9randombattle", "rating": null, "private": 0, "password": null}