{"id": "gen9randombattle-2631927267", "format": "[Gen 9] Random Battle", "players": ["Aminator3000", "pikaerino"], "log": "|j|\u2606Aminator3000\n|j|\u2606pikaerino\n|t:|1781456496\n|gametype|singles\n|player|p1|Aminator3000|veteran|1978\n|player|p2|pikaerino|ingo|1943\n|gen|9\n|tier|[Gen 9] Random Battle\n|rated|\n|rule|Species Clause: Limit one of each Pok\u00e9mon\n|rule|HP Percentage Mod: HP is shown in percentages\n|rule|Sleep Clause Mod: Limit one foe put to sleep\n|rule|Illusion Level Mod: Illusion disguises the Pok\u00e9mon's true level\n|\n|t:|1781456496\n|teamsize|p1|6\n|teamsize|p2|6\n|start\n|switch|p1a: Breloom|Breloom, L83, F|235/235\n|switch|p2a: Tsareena|Tsareena, L87, F|267/267\n|turn|1\n|inactive|Battle timer is ON: inactive players will automatically lose when time's up. (requested by pikaerino)\n|\n|t:|1781456515\n|switch|p1a: Dipplin|Dipplin, L88, F|284/284\n|move|p2a: Tsareena|High Jump Kick|p1a: Dipplin\n|-damage|p1a: Dipplin|218/284\n|\n|upkeep\n|turn|2\n|\n|t:|1781456532\n|switch|p2a: Duraludon|Duraludon, L82, M|249/249\n|move|p1a: Dipplin|Dragon Pulse|p2a: Duraludon\n|-damage|p2a: Duraludon|149/249\n|\n|upkeep\n|turn|3\n|\n|t:|1781456540\n|move|p2a: Duraludon|Draco Meteor|p1a: Dipplin\n|-supereffective|p1a: Dipplin\n|-damage|p1a: Dipplin|2/284\n|-unboost|p2a: Duraludon|spa|2\n|move|p1a: Dipplin|Dragon Pulse|p2a: Duraludon\n|-damage|p2a: Duraludon|58/249\n|\n|upkeep\n|turn|4\n|\n|t:|1781456550\n|move|p1a: Dipplin|Sucker Punch|p2a: Duraludon\n|-damage|p2a: Duraludon|30/249\n|move|p2a: Duraludon|Body Press|p1a: Dipplin\n|-damage|p1a: Dipplin|0 fnt\n|faint|p1a: Dipplin\n|\n|upkeep\n|\n|t:|1781456561\n|switch|p1a: Mesprit|Mesprit, L85|275/275\n|turn|5\n|\n|t:|1781456569\n|switch|p2a: Kingdra|Kingdra, L84, F|263/263\n|move|p1a: Mesprit|Stealth Rock|p2a: Kingdra\n|-sidestart|p2: pikaerino|move: Stealth Rock\n|\n|upkeep\n|turn|6\n|\n|t:|1781456576\n|move|p2a: Kingdra|Dragon Dance|p2a: Kingdra\n|-boost|p2a: Kingdra|atk|1\n|-boost|p2a: Kingdra|spe|1\n|move|p1a: Mesprit|Knock Off|p2a: Kingdra\n|-damage|p2a: Kingdra|189/263\n|-enditem|p2a: Kingdra|Lum Berry|[from] move: Knock Off|[of] p1a: Mesprit\n|\n|upkeep\n|turn|7\n|\n|t:|1781456585\n|move|p2a: Kingdra|Outrage|p1a: Mesprit\n|-damage|p1a: Mesprit|116/275\n|move|p1a: Mesprit|Psychic Noise|p2a: Kingdra\n|-damage|p2a: Kingdra|113/263\n|-start|p2a: Kingdra|move: Heal Block\n|\n|-heal|p1a: Mesprit|133/275|[from] item: Leftovers\n|upkeep\n|turn|8\n|\n|t:|1781456598\n|move|p2a: Kingdra|Outrage|p1a: Mesprit|[from] lockedmove\n|-damage|p1a: Mesprit|0 fnt\n|faint|p1a: Mesprit\n|\n|-end|p2a: Kingdra|move: Heal Block\n|upkeep\n|\n|t:|1781456607\n|switch|p1a: Vigoroth|Vigoroth, L85, F|275/275\n|turn|9\n|\n|t:|1781456612\n|move|p2a: Kingdra|Outrage|p1a: Vigoroth|[from] lockedmove\n|-damage|p1a: Vigoroth|131/275\n|-start|p2a: Kingdra|confusion|[fatigue]\n|move|p1a: Vigoroth|Body Slam|p2a: Kingdra\n|-damage|p2a: Kingdra|35/263\n|\n|upkeep\n|turn|10\n|\n|t:|1781456621\n|-activate|p2a: Kingdra|confusion\n|move|p2a: Kingdra|Outrage|p1a: Vigoroth\n|-damage|p1a: Vigoroth|2/275\n|move|p1a: Vigoroth|Body Slam|p2a: Kingdra\n|-damage|p2a: Kingdra|0 fnt\n|faint|p2a: Kingdra\n|\n|upkeep\n|\n|t:|1781456631\n|switch|p2a: Toedscruel|Toedscruel, L87, M|281/281\n|-damage|p2a: Toedscruel|264/281|[from] Stealth Rock\n|turn|11\n|\n|t:|1781456639\n|switch|p1a: Komala|Komala, L88, F|258/258\n|-ability|p1a: Komala|Comatose\n|move|p2a: Toedscruel|Knock Off|p1a: Komala\n|-damage|p1a: Komala|187/258\n|-enditem|p1a: Komala|Assault Vest|[from] move: Knock Off|[of] p2a: Toedscruel\n|\n|-heal|p2a: Toedscruel|281/281|[from] item: Leftovers\n|upkeep\n|turn|12\n|\n|t:|1781456650\n|switch|p2a: Duraludon|Duraludon, L82, M|30/249\n|-damage|p2a: Duraludon|15/249|[from] Stealth Rock\n|move|p1a: Komala|Rapid Spin|p2a: Duraludon\n|-resisted|p2a: Duraludon\n|-damage|p2a: Duraludon|0 fnt\n|-boost|p1a: Komala|spe|1\n|faint|p2a: Duraludon\n|\n|upkeep\n|\n|t:|1781456654\n|switch|p2a: Infernape|Infernape, L82, F|259/259\n|-damage|p2a: Infernape|227/259|[from] Stealth Rock\n|turn|13\n|\n|t:|1781456664\n|move|p2a: Infernape|Close Combat|p1a: Komala\n|-supereffective|p1a: Komala\n|-damage|p1a: Komala|0 fnt\n|-unboost|p2a: Infernape|def|1\n|-unboost|p2a: Infernape|spd|1\n|faint|p1a: Komala\n|\n|upkeep\n|\n|t:|1781456671\n|switch|p1a: Latias|Latias, L79, F|256/256\n|turn|14\n|\n|t:|1781456679\n|switch|p2a: Toedscruel|Toedscruel, L87, M|281/281\n|-damage|p2a: Toedscruel|264/281|[from] Stealth Rock\n|move|p1a: Latias|Psyshock|p2a: Toedscruel\n|-damage|p2a: Toedscruel|141/281\n|\n|-heal|p2a: Toedscruel|158/281|[from] item: Leftovers\n|upkeep\n|turn|15\n|\n|t:|1781456689\n|move|p1a: Latias|Psyshock|p2a: Toedscruel\n|-damage|p2a: Toedscruel|31/281\n|move|p2a: Toedscruel|Toxic|p1a: Latias\n|-status|p1a: Latias|tox\n|\n|-heal|p2a: Toedscruel|48/281|[from] item: Leftovers\n|-damage|p1a: Latias|240/256 tox|[from] psn\n|upkeep\n|turn|16\n|\n|t:|1781456700\n|move|p2a: Toedscruel|Knock Off|p1a: Latias\n|-supereffective|p1a: Latias\n|-damage|p1a: Latias|114/256 tox\n|-enditem|p1a: Latias|Soul Dew|[from] move: Knock Off|[of] p2a: Toedscruel\n|move|p1a: Latias|Psyshock|p2a: Toedscruel\n|-damage|p2a: Toedscruel|0 fnt\n|faint|p2a: Toedscruel\n|\n|-damage|p1a: Latias|82/256 tox|[from] psn\n|upkeep\n|inactive|pikaerino has 120 seconds left.\n|\n|t:|1781456727\n|switch|p2a: Infernape|Infernape, L82, F|227/259\n|-damage|p2a: Infernape|195/259|[from] Stealth Rock\n|turn|17\n|\n|t:|1781456732\n|switch|p1a: Vigoroth|Vigoroth, L85, F|2/275\n|move|p2a: Infernape|Knock Off|p1a: Vigoroth\n|-damage|p1a: Vigoroth|0 fnt\n|-enditem|p1a: Vigoroth|Eviolite|[from] move: Knock Off|[of] p2a: Infernape\n|faint|p1a: Vigoroth\n|\n|upkeep\n|\n|t:|1781456746\n|switch|p1a: Breloom|Breloom, L83, F|235/235\n|turn|18\n|\n|t:|1781456752\n|switch|p2a: Tsareena|Tsareena, L87, F|267/267\n|move|p1a: Breloom|Rock Tomb|p2a: Tsareena\n|-damage|p2a: Tsareena|177/267\n|-unboost|p2a: Tsareena|spe|1\n|-damage|p1a: Breloom|212/235|[from] item: Life Orb\n|\n|upkeep\n|turn|19\n|\n|t:|1781456765\n|move|p1a: Breloom|Rock Tomb|p2a: Tsareena\n|-damage|p2a: Tsareena|91/267\n|-unboost|p2a: Tsareena|spe|1\n|-damage|p1a: Breloom|189/235|[from] item: Life Orb\n|move|p2a: Tsareena|High Jump Kick|p1a: Breloom\n|-damage|p1a: Breloom|66/235\n|\n|upkeep\n|turn|20\n|\n|t:|1781456774\n|move|p1a: Breloom|Rock Tomb|p2a: Tsareena|[miss]\n|-miss|p1a: Breloom|p2a: Tsareena\n|move|p2a: Tsareena|Synthesis|p2a: Tsareena\n|-heal|p2a: Tsareena|224/267\n|\n|upkeep\n|turn|21\n|-message|Aminator3000 forfeited.\n|\n|win|pikaerino\n", "uploadtime": 1781456498, "views": 3, "formatid": "gen9randombattle", "rating": null, "private": 0, "password": null}