{"id": "gen9randombattle-2631724171", "format": "[Gen 9] Random Battle", "players": ["errtyuikh55125", "Pyaasapunjabi"], "log": "|j|\u2606errtyuikh55125\n|j|\u2606Pyaasapunjabi\n|t:|1781428940\n|gametype|singles\n|player|p1|errtyuikh55125|102|1074\n|player|p2|Pyaasapunjabi|2|1084\n|gen|9\n|tier|[Gen 9] Random Battle\n|rated|\n|rule|Species Clause: Limit one of each Pok\u00e9mon\n|rule|HP Percentage Mod: HP is shown in percentages\n|rule|Sleep Clause Mod: Limit one foe put to sleep\n|rule|Illusion Level Mod: Illusion disguises the Pok\u00e9mon's true level\n|\n|t:|1781428940\n|teamsize|p1|6\n|teamsize|p2|6\n|start\n|switch|p1a: Wyrdeer|Wyrdeer, L87, F|321/321\n|switch|p2a: Kleavor|Kleavor, L78, M|237/237\n|-ability|p1a: Wyrdeer|Intimidate|boost\n|-unboost|p2a: Kleavor|atk|1\n|turn|1\n|inactive|Battle timer is ON: inactive players will automatically lose when time's up. (requested by errtyuikh55125)\n|\n|t:|1781428956\n|-terastallize|p1a: Wyrdeer|Ground\n|move|p2a: Kleavor|X-Scissor|p1a: Wyrdeer\n|-damage|p1a: Wyrdeer|216/321\n|move|p1a: Wyrdeer|Earthquake|p2a: Kleavor\n|-damage|p2a: Kleavor|119/237\n|\n|upkeep\n|turn|2\n|\n|t:|1781428979\n|switch|p2a: Quagsire|Quagsire, L84, F|297/297\n|move|p1a: Wyrdeer|Psychic Noise|p2a: Quagsire\n|-damage|p2a: Quagsire|180/297\n|-start|p2a: Quagsire|move: Heal Block\n|\n|upkeep\n|turn|3\n|\n|t:|1781428993\n|move|p1a: Wyrdeer|Megahorn|p2a: Quagsire\n|-damage|p2a: Quagsire|88/297\n|move|p2a: Quagsire|Earthquake|p1a: Wyrdeer\n|-damage|p1a: Wyrdeer|99/321\n|\n|-end|p2a: Quagsire|move: Heal Block\n|upkeep\n|turn|4\n|\n|t:|1781429005\n|move|p1a: Wyrdeer|Psychic Noise|p2a: Quagsire\n|-damage|p2a: Quagsire|0 fnt\n|faint|p2a: Quagsire\n|\n|upkeep\n|\n|t:|1781429020\n|switch|p2a: Great Tusk|Great Tusk, L77|304/304\n|turn|5\n|\n|t:|1781429033\n|move|p2a: Great Tusk|Close Combat|p1a: Wyrdeer\n|-damage|p1a: Wyrdeer|0 fnt\n|-unboost|p2a: Great Tusk|def|1\n|-unboost|p2a: Great Tusk|spd|1\n|faint|p1a: Wyrdeer\n|\n|upkeep\n|\n|t:|1781429042\n|switch|p1a: Veluza|Veluza, L85, F|292/292\n|turn|6\n|\n|t:|1781429055\n|-end|p2a: Great Tusk|Protosynthesis|[silent]\n|switch|p2a: Bellossom|Bellossom, L84, M|263/263\n|move|p1a: Veluza|Psycho Cut|p2a: Bellossom\n|-damage|p2a: Bellossom|148/263\n|\n|-heal|p2a: Bellossom|164/263|[from] item: Leftovers\n|upkeep\n|turn|7\n|\n|t:|1781429065\n|switch|p1a: Blaziken|Blaziken, L76, M|247/247\n|move|p2a: Bellossom|Giga Drain|p1a: Blaziken\n|-resisted|p1a: Blaziken\n|-damage|p1a: Blaziken|201/247\n|-heal|p2a: Bellossom|187/263|[from] drain|[of] p1a: Blaziken\n|\n|-heal|p2a: Bellossom|203/263|[from] item: Leftovers\n|upkeep\n|turn|8\n|\n|t:|1781429079\n|switch|p2a: Bruxish|Bruxish, L85, M|254/254\n|move|p1a: Blaziken|Knock Off|p2a: Bruxish\n|-supereffective|p2a: Bruxish\n|-crit|p2a: Bruxish\n|-damage|p2a: Bruxish|0 fnt\n|-enditem|p2a: Bruxish|Choice Scarf|[from] move: Knock Off|[of] p1a: Blaziken\n|faint|p2a: Bruxish\n|-damage|p1a: Blaziken|177/247|[from] item: Life Orb\n|\n|-ability|p1a: Blaziken|Speed Boost|boost\n|-boost|p1a: Blaziken|spe|1\n|upkeep\n|\n|t:|1781429094\n|switch|p2a: Great Tusk|Great Tusk, L77|304/304\n|turn|9\n|\n|t:|1781429102\n|switch|p1a: Veluza|Veluza, L85, F|292/292\n|-terastallize|p2a: Great Tusk|Ground\n|move|p2a: Great Tusk|Headlong Rush|p1a: Veluza\n|-damage|p1a: Veluza|80/292\n|-unboost|p2a: Great Tusk|def|1\n|-unboost|p2a: Great Tusk|spd|1\n|\n|upkeep\n|turn|10\n|\n|t:|1781429114\n|move|p1a: Veluza|Flip Turn|p2a: Great Tusk\n|-supereffective|p2a: Great Tusk\n|-damage|p2a: Great Tusk|152/304\n|\n|t:|1781429124\n|switch|p1a: Luvdisc|Luvdisc, F|247/247|[from] Flip Turn\n|move|p2a: Great Tusk|Headlong Rush|p1a: Luvdisc\n|-damage|p1a: Luvdisc|51/247\n|-unboost|p2a: Great Tusk|def|1\n|-unboost|p2a: Great Tusk|spd|1\n|\n|upkeep\n|turn|11\n|\n|t:|1781429135\n|move|p1a: Luvdisc|Flip Turn|p2a: Great Tusk\n|-supereffective|p2a: Great Tusk\n|-damage|p2a: Great Tusk|8/304\n|\n|t:|1781429143\n|switch|p1a: Ursaluna|Ursaluna-Bloodmoon, L79, M|308/308|[from] Flip Turn\n|move|p2a: Great Tusk|Headlong Rush|p1a: Ursaluna\n|-damage|p1a: Ursaluna|154/308\n|-unboost|p2a: Great Tusk|def|1\n|-unboost|p2a: Great Tusk|spd|1\n|\n|-heal|p1a: Ursaluna|173/308|[from] item: Leftovers\n|upkeep\n|turn|12\n|\n|t:|1781429159\n|move|p1a: Ursaluna|Vacuum Wave|p2a: Great Tusk\n|-damage|p2a: Great Tusk|0 fnt\n|faint|p2a: Great Tusk\n|-end|p2a: Great Tusk|Protosynthesis|[silent]\n|\n|-heal|p1a: Ursaluna|192/308|[from] item: Leftovers\n|upkeep\n|\n|t:|1781429170\n|switch|p2a: Kleavor|Kleavor, L78, M|119/237\n|turn|13\n|\n|t:|1781429185\n|move|p2a: Kleavor|Close Combat|p1a: Ursaluna\n|-supereffective|p1a: Ursaluna\n|-damage|p1a: Ursaluna|40/308\n|-unboost|p2a: Kleavor|def|1\n|-unboost|p2a: Kleavor|spd|1\n|move|p1a: Ursaluna|Moonlight|p1a: Ursaluna\n|-heal|p1a: Ursaluna|194/308\n|\n|-heal|p1a: Ursaluna|213/308|[from] item: Leftovers\n|upkeep\n|turn|14\n|\n|t:|1781429205\n|move|p2a: Kleavor|Close Combat|p1a: Ursaluna\n|-supereffective|p1a: Ursaluna\n|-damage|p1a: Ursaluna|41/308\n|-unboost|p2a: Kleavor|def|1\n|-unboost|p2a: Kleavor|spd|1\n|move|p1a: Ursaluna|Calm Mind|p1a: Ursaluna\n|-boost|p1a: Ursaluna|spa|1\n|-boost|p1a: Ursaluna|spd|1\n|\n|-heal|p1a: Ursaluna|60/308|[from] item: Leftovers\n|upkeep\n|turn|15\n|\n|t:|1781429216\n|move|p2a: Kleavor|Close Combat|p1a: Ursaluna\n|-supereffective|p1a: Ursaluna\n|-damage|p1a: Ursaluna|0 fnt\n|-unboost|p2a: Kleavor|def|1\n|-unboost|p2a: Kleavor|spd|1\n|faint|p1a: Ursaluna\n|\n|upkeep\n|\n|t:|1781429220\n|switch|p1a: Blaziken|Blaziken, L76, M|177/247\n|turn|16\n|\n|t:|1781429240\n|move|p2a: Kleavor|Stone Axe|p1a: Blaziken\n|-damage|p1a: Blaziken|36/247\n|-sidestart|p1: errtyuikh55125|move: Stealth Rock\n|move|p1a: Blaziken|Flare Blitz|p2a: Kleavor\n|-damage|p2a: Kleavor|0 fnt\n|faint|p2a: Kleavor\n|-damage|p1a: Blaziken|0 fnt|[from] Recoil\n|faint|p1a: Blaziken\n|\n|upkeep\n|\n|t:|1781429260\n|switch|p2a: Lokix|Lokix, L82, M|251/251\n|switch|p1a: Veluza|Veluza, L85, F|80/292\n|-damage|p1a: Veluza|44/292|[from] Stealth Rock\n|turn|17\n|inactive|Pyaasapunjabi has 120 seconds left.\n|\n|t:|1781429277\n|move|p2a: Lokix|First Impression|p1a: Veluza\n|-supereffective|p1a: Veluza\n|-damage|p1a: Veluza|0 fnt\n|faint|p1a: Veluza\n|\n|upkeep\n|\n|t:|1781429283\n|switch|p1a: Luvdisc|Luvdisc, F|51/247\n|turn|18\n|inactive|Pyaasapunjabi has 120 seconds left.\n|\n|t:|1781429299\n|move|p1a: Luvdisc|Endeavor|p2a: Lokix\n|-damage|p2a: Lokix|51/251\n|move|p2a: Lokix|U-turn|p1a: Luvdisc\n|-damage|p1a: Luvdisc|0 fnt\n|faint|p1a: Luvdisc\n|inactive|Pyaasapunjabi has 120 seconds left.\n|\n|t:|1781429306\n|switch|p2a: Bellossom|Bellossom, L84, M|203/263|[from] U-turn\n|\n|-heal|p2a: Bellossom|219/263|[from] item: Leftovers\n|upkeep\n|\n|t:|1781429312\n|switch|p1a: Jolteon|Jolteon, L84, F|246/246\n|-damage|p1a: Jolteon|216/246|[from] Stealth Rock\n|turn|19\n|\n|t:|1781429323\n|move|p1a: Jolteon|Substitute|p1a: Jolteon\n|-start|p1a: Jolteon|Substitute\n|-damage|p1a: Jolteon|155/246\n|move|p2a: Bellossom|Giga Drain|p1a: Jolteon\n|-end|p1a: Jolteon|Substitute\n|-heal|p2a: Bellossom|250/263|[from] drain|[of] p1a: Jolteon\n|\n|-heal|p1a: Jolteon|170/246|[from] item: Leftovers\n|-heal|p2a: Bellossom|263/263|[from] item: Leftovers\n|upkeep\n|turn|20\n|\n|t:|1781429333\n|move|p1a: Jolteon|Thunderbolt|p2a: Bellossom\n|-resisted|p2a: Bellossom\n|-damage|p2a: Bellossom|218/263\n|move|p2a: Bellossom|Giga Drain|p1a: Jolteon\n|-damage|p1a: Jolteon|95/246\n|-heal|p2a: Bellossom|256/263|[from] drain|[of] p1a: Jolteon\n|\n|-heal|p1a: Jolteon|110/246|[from] item: Leftovers\n|-heal|p2a: Bellossom|263/263|[from] item: Leftovers\n|upkeep\n|turn|21\n|\n|t:|1781429346\n|move|p1a: Jolteon|Tera Blast|p2a: Bellossom\n|-damage|p2a: Bellossom|204/263\n|move|p2a: Bellossom|Tera Blast|p1a: Jolteon\n|-damage|p1a: Jolteon|60/246\n|\n|-heal|p1a: Jolteon|75/246|[from] item: Leftovers\n|-heal|p2a: Bellossom|220/263|[from] item: Leftovers\n|upkeep\n|turn|22\n|c|\u2606errtyuikh55125|oye paaji tere maa ki fuddi\n|inactive|errtyuikh55125 has 120 seconds left.\n|-message|errtyuikh55125 forfeited.\n|\n|win|Pyaasapunjabi\n", "uploadtime": 1781429372, "views": 5, "formatid": "gen9randombattle", "rating": null, "private": 0, "password": null}