{"id": "gen9randombattle-2631838542", "format": "[Gen 9] Random Battle", "players": ["arno123", "matthewma654321"], "log": "|j|\u2606arno123\n|j|\u2606matthewma654321\n|t:|1781446575\n|gametype|singles\n|player|p1|arno123|169|1929\n|player|p2|matthewma654321|102|1981\n|gen|9\n|tier|[Gen 9] Random Battle\n|rated|\n|rule|Species Clause: Limit one of each Pok\u00e9mon\n|rule|HP Percentage Mod: HP is shown in percentages\n|rule|Sleep Clause Mod: Limit one foe put to sleep\n|rule|Illusion Level Mod: Illusion disguises the Pok\u00e9mon's true level\n|\n|t:|1781446575\n|teamsize|p1|6\n|teamsize|p2|6\n|start\n|switch|p1a: Iron Crown|Iron Crown, L78|268/268\n|switch|p2a: Duraludon|Duraludon, L82, M|249/249\n|turn|1\n|inactive|Battle timer is ON: inactive players will automatically lose when time's up. (requested by arno123)\n|\n|t:|1781446594\n|switch|p2a: Mismagius|Mismagius, L86, F|243/243\n|move|p1a: Iron Crown|Focus Blast|p2a: Mismagius\n|-immune|p2a: Mismagius\n|\n|upkeep\n|turn|2\n|\n|t:|1781446607\n|-end|p1a: Iron Crown|Quark Drive|[silent]\n|switch|p1a: Mightyena|Mightyena, L96, M|290/290\n|-ability|p1a: Mightyena|Intimidate|boost\n|-unboost|p2a: Mismagius|atk|1\n|move|p2a: Mismagius|Dazzling Gleam|p1a: Mightyena\n|-supereffective|p1a: Mightyena\n|-damage|p1a: Mightyena|84/290\n|\n|upkeep\n|turn|3\n|\n|t:|1781446628\n|switch|p2a: Duraludon|Duraludon, L82, M|249/249\n|move|p1a: Mightyena|Sucker Punch||[still]\n|-fail|p1a: Mightyena\n|\n|upkeep\n|turn|4\n|\n|t:|1781446632\n|switch|p1a: Iron Crown|Iron Crown, L78|268/268\n|move|p2a: Duraludon|Body Press|p1a: Iron Crown\n|-damage|p1a: Iron Crown|204/268\n|\n|-heal|p1a: Iron Crown|220/268|[from] item: Leftovers\n|upkeep\n|turn|5\n|\n|t:|1781446648\n|switch|p2a: Mismagius|Mismagius, L86, F|243/243\n|move|p1a: Iron Crown|Calm Mind|p1a: Iron Crown\n|-boost|p1a: Iron Crown|spa|1\n|-boost|p1a: Iron Crown|spd|1\n|\n|-heal|p1a: Iron Crown|236/268|[from] item: Leftovers\n|upkeep\n|turn|6\n|\n|t:|1781446657\n|move|p2a: Mismagius|Shadow Ball|p1a: Iron Crown\n|-supereffective|p1a: Iron Crown\n|-damage|p1a: Iron Crown|60/268\n|move|p1a: Iron Crown|Psyshock|p2a: Mismagius\n|-damage|p2a: Mismagius|60/243\n|\n|-heal|p1a: Iron Crown|76/268|[from] item: Leftovers\n|upkeep\n|turn|7\n|\n|t:|1781446663\n|-end|p1a: Iron Crown|Quark Drive|[silent]\n|switch|p1a: Mightyena|Mightyena, L96, M|84/290\n|-ability|p1a: Mightyena|Intimidate|boost\n|-unboost|p2a: Mismagius|atk|1\n|move|p2a: Mismagius|Shadow Ball|p1a: Mightyena\n|-resisted|p1a: Mightyena\n|-damage|p1a: Mightyena|0 fnt\n|faint|p1a: Mightyena\n|\n|upkeep\n|\n|t:|1781446688\n|switch|p1a: Toxicroak|Toxicroak, L84, F|277/277\n|turn|8\n|\n|t:|1781446708\n|move|p2a: Mismagius|Shadow Ball|p1a: Toxicroak\n|-damage|p1a: Toxicroak|105/277\n|move|p1a: Toxicroak|Knock Off|p2a: Mismagius\n|-supereffective|p2a: Mismagius\n|-damage|p2a: Mismagius|0 fnt\n|-enditem|p2a: Mismagius|Choice Specs|[from] move: Knock Off|[of] p1a: Toxicroak\n|faint|p2a: Mismagius\n|\n|upkeep\n|inactive|matthewma654321 has 120 seconds left.\n|\n|t:|1781446724\n|switch|p2a: Crawdaunt|Crawdaunt, L84, M|243/243\n|turn|9\n|\n|t:|1781446737\n|switch|p1a: Donphan|Donphan, L84, M|288/288\n|move|p2a: Crawdaunt|Dragon Dance|p2a: Crawdaunt\n|-boost|p2a: Crawdaunt|atk|1\n|-boost|p2a: Crawdaunt|spe|1\n|\n|upkeep\n|turn|10\n|\n|t:|1781446745\n|switch|p1a: Toxicroak|Toxicroak, L84, F|105/277\n|move|p2a: Crawdaunt|Knock Off|p1a: Toxicroak\n|-resisted|p1a: Toxicroak\n|-damage|p1a: Toxicroak|0 fnt\n|-enditem|p1a: Toxicroak|Choice Band|[from] move: Knock Off|[of] p2a: Crawdaunt\n|faint|p1a: Toxicroak\n|-damage|p2a: Crawdaunt|219/243|[from] item: Life Orb\n|\n|upkeep\n|\n|t:|1781446759\n|switch|p1a: Appletun|Appletun, L92, M|352/352\n|turn|11\n|\n|t:|1781446785\n|-terastallize|p2a: Crawdaunt|Fighting\n|move|p2a: Crawdaunt|Knock Off|p1a: Appletun\n|-damage|p1a: Appletun|101/352\n|-enditem|p1a: Appletun|Leftovers|[from] move: Knock Off|[of] p2a: Crawdaunt\n|-damage|p2a: Crawdaunt|195/243|[from] item: Life Orb\n|move|p1a: Appletun|Apple Acid|p2a: Crawdaunt\n|-damage|p2a: Crawdaunt|45/243\n|-unboost|p2a: Crawdaunt|spd|1\n|\n|upkeep\n|turn|12\n|\n|t:|1781446801\n|move|p2a: Crawdaunt|Knock Off|p1a: Appletun\n|-damage|p1a: Appletun|0 fnt\n|faint|p1a: Appletun\n|-damage|p2a: Crawdaunt|21/243|[from] item: Life Orb\n|\n|upkeep\n|\n|t:|1781446808\n|switch|p1a: Iron Crown|Iron Crown, L78|76/268\n|turn|13\n|\n|t:|1781446813\n|move|p2a: Crawdaunt|Knock Off|p1a: Iron Crown\n|-supereffective|p1a: Iron Crown\n|-damage|p1a: Iron Crown|0 fnt\n|-enditem|p1a: Iron Crown|Leftovers|[from] move: Knock Off|[of] p2a: Crawdaunt\n|faint|p1a: Iron Crown\n|-end|p1a: Iron Crown|Quark Drive|[silent]\n|-damage|p2a: Crawdaunt|0 fnt|[from] item: Life Orb\n|faint|p2a: Crawdaunt\n|\n|upkeep\n|\n|t:|1781446816\n|switch|p1a: Donphan|Donphan, L84, M|288/288\n|switch|p2a: Phione|Phione, L91|293/293\n|turn|14\n|\n|t:|1781446821\n|move|p2a: Phione|Scald|p1a: Donphan\n|-supereffective|p1a: Donphan\n|-damage|p1a: Donphan|72/288\n|move|p1a: Donphan|Stealth Rock|p2a: Phione\n|-sidestart|p2: matthewma654321|move: Stealth Rock\n|\n|-heal|p1a: Donphan|90/288|[from] item: Leftovers\n|upkeep\n|turn|15\n|\n|t:|1781446828\n|move|p2a: Phione|Take Heart|p2a: Phione\n|-boost|p2a: Phione|spa|1\n|-boost|p2a: Phione|spd|1\n|move|p1a: Donphan|Knock Off|p2a: Phione\n|-damage|p2a: Phione|213/293\n|-enditem|p2a: Phione|Leftovers|[from] move: Knock Off|[of] p1a: Donphan\n|\n|-heal|p1a: Donphan|108/288|[from] item: Leftovers\n|upkeep\n|turn|16\n|\n|t:|1781446834\n|move|p2a: Phione|Scald|p1a: Donphan\n|-supereffective|p1a: Donphan\n|-damage|p1a: Donphan|0 fnt\n|faint|p1a: Donphan\n|\n|upkeep\n|\n|t:|1781446837\n|switch|p1a: Haxorus|Haxorus, L77, M|244/244\n|-ability|p1a: Haxorus|Mold Breaker\n|turn|17\n|\n|t:|1781446858\n|move|p2a: Phione|Scald|p1a: Haxorus\n|-resisted|p1a: Haxorus\n|-damage|p1a: Haxorus|168/244\n|move|p1a: Haxorus|Swords Dance|p1a: Haxorus\n|-boost|p1a: Haxorus|atk|2\n|\n|upkeep\n|turn|18\n|\n|t:|1781446870\n|move|p2a: Phione|Scald|p1a: Haxorus\n|-resisted|p1a: Haxorus\n|-damage|p1a: Haxorus|86/244\n|move|p1a: Haxorus|Scale Shot|p2a: Phione\n|-damage|p2a: Phione|155/293\n|-damage|p2a: Phione|89/293\n|-damage|p2a: Phione|23/293\n|-damage|p2a: Phione|0 fnt\n|faint|p2a: Phione\n|-hitcount|p2: Phione|4\n|-unboost|p1a: Haxorus|def|1\n|-boost|p1a: Haxorus|spe|1\n|\n|upkeep\n|\n|t:|1781446881\n|switch|p2a: Ogerpon|Ogerpon-Cornerstone, L76, F|247/247\n|-damage|p2a: Ogerpon|217/247|[from] Stealth Rock\n|turn|19\n|\n|t:|1781446890\n|move|p1a: Haxorus|Iron Head|p2a: Ogerpon\n|-supereffective|p2a: Ogerpon\n|-damage|p2a: Ogerpon|0 fnt\n|faint|p2a: Ogerpon\n|\n|upkeep\n|\n|t:|1781446892\n|switch|p2a: Duraludon|Duraludon, L82, M|249/249\n|-damage|p2a: Duraludon|234/249|[from] Stealth Rock\n|turn|20\n|\n|t:|1781446900\n|-terastallize|p1a: Haxorus|Steel\n|move|p1a: Haxorus|Close Combat|p2a: Duraludon\n|-supereffective|p2a: Duraludon\n|-damage|p2a: Duraludon|2/249\n|-unboost|p1a: Haxorus|def|1\n|-unboost|p1a: Haxorus|spd|1\n|move|p2a: Duraludon|Body Press|p1a: Haxorus\n|-supereffective|p1a: Haxorus\n|-damage|p1a: Haxorus|0 fnt\n|faint|p1a: Haxorus\n|\n|win|matthewma654321\n", "uploadtime": 1781446576, "views": 8, "formatid": "gen9randombattle", "rating": null, "private": 0, "password": null}