{"id": "gen9randombattle-2631588414", "format": "[Gen 9] Random Battle", "players": ["Roddpotoow", "toxicwyvern"], "log": "|j|\u2606Roddpotoow\n|j|\u2606toxicwyvern\n|t:|1781405239\n|gametype|singles\n|player|p1|Roddpotoow|1|1488\n|player|p2|toxicwyvern|102|1507\n|gen|9\n|tier|[Gen 9] Random Battle\n|rated|\n|rule|Species Clause: Limit one of each Pok\u00e9mon\n|rule|HP Percentage Mod: HP is shown in percentages\n|rule|Sleep Clause Mod: Limit one foe put to sleep\n|rule|Illusion Level Mod: Illusion disguises the Pok\u00e9mon's true level\n|\n|t:|1781405239\n|teamsize|p1|6\n|teamsize|p2|6\n|start\n|switch|p1a: Oinkologne|Oinkologne-F, L92, F|361/361\n|switch|p2a: Vivillon|Vivillon-River, L83, F|268/268\n|turn|1\n|inactive|Battle timer is ON: inactive players will automatically lose when time's up. (requested by Roddpotoow)\n|inactive|toxicwyvern has 120 seconds left.\n|\n|t:|1781405309\n|move|p2a: Vivillon|Sleep Powder|p1a: Oinkologne\n|-status|p1a: Oinkologne|slp|[from] move: Sleep Powder\n|cant|p1a: Oinkologne|slp\n|\n|upkeep\n|turn|2\n|\n|t:|1781405327\n|switch|p2a: Palafin|Palafin, L77, F|281/281\n|switch|p1a: Torkoal|Torkoal, L88, F|266/266\n|-weather|SunnyDay|[from] ability: Drought|[of] p1a: Torkoal\n|\n|-weather|SunnyDay|[upkeep]\n|upkeep\n|turn|3\n|\n|t:|1781405341\n|detailschange|p2a: Palafin|Palafin-Hero, L77, F\n|switch|p2a: Whiscash|Whiscash, L88, F|337/337\n|switch|p1a: Vileplume|Vileplume, L85, M|266/266\n|\n|-weather|SunnyDay|[upkeep]\n|upkeep\n|turn|4\n|\n|t:|1781405356\n|switch|p2a: Gengar|Gengar, L81, F|230/230\n|move|p1a: Vileplume|Leech Seed|p2a: Gengar\n|-start|p2a: Gengar|move: Leech Seed\n|\n|-weather|SunnyDay|[upkeep]\n|-damage|p2a: Gengar|202/230|[from] Leech Seed|[of] p1a: Vileplume\n|upkeep\n|turn|5\n|\n|t:|1781405363\n|switch|p1a: Slaking|Slaking, L84, M|389/389\n|move|p2a: Gengar|Sludge Wave|p1a: Slaking\n|-damage|p1a: Slaking|185/389\n|-status|p1a: Slaking|psn\n|-damage|p2a: Gengar|179/230|[from] item: Life Orb\n|\n|-weather|SunnyDay|[upkeep]\n|-damage|p2a: Gengar|151/230|[from] Leech Seed|[of] p1a: Slaking\n|-heal|p1a: Slaking|213/389 psn|[silent]\n|-damage|p1a: Slaking|165/389 psn|[from] psn\n|upkeep\n|turn|6\n|\n|t:|1781405373\n|switch|p2a: Whiscash|Whiscash, L88, F|337/337\n|move|p1a: Slaking|Knock Off|p2a: Whiscash\n|-damage|p2a: Whiscash|183/337\n|-enditem|p2a: Whiscash|Life Orb|[from] move: Knock Off|[of] p1a: Slaking\n|\n|-weather|none\n|-damage|p1a: Slaking|117/389 psn|[from] psn\n|upkeep\n|turn|7\n|\n|t:|1781405380\n|switch|p1a: Vileplume|Vileplume, L85, M|266/266\n|move|p2a: Whiscash|Dragon Dance|p2a: Whiscash\n|-boost|p2a: Whiscash|atk|1\n|-boost|p2a: Whiscash|spe|1\n|\n|upkeep\n|turn|8\n|\n|t:|1781405385\n|switch|p2a: Gengar|Gengar, L81, F|151/230\n|move|p1a: Vileplume|Giga Drain|p2a: Gengar\n|-resisted|p2a: Gengar\n|-damage|p2a: Gengar|99/230\n|-start|p1a: Vileplume|Disable|Giga Drain|[from] ability: Cursed Body|[of] p2a: Gengar\n|\n|upkeep\n|turn|9\n|\n|t:|1781405390\n|switch|p1a: Slaking|Slaking, L84, M|117/389 psn\n|move|p2a: Gengar|Toxic Spikes|p1a: Slaking\n|-sidestart|p1: Roddpotoow|move: Toxic Spikes\n|\n|-damage|p1a: Slaking|69/389 psn|[from] psn\n|upkeep\n|turn|10\n|\n|t:|1781405399\n|switch|p2a: Whiscash|Whiscash, L88, F|183/337\n|move|p1a: Slaking|Giga Impact|p2a: Whiscash\n|-damage|p2a: Whiscash|0 fnt\n|-mustrecharge|p1a: Slaking\n|faint|p2a: Whiscash\n|\n|-damage|p1a: Slaking|21/389 psn|[from] psn\n|upkeep\n|\n|t:|1781405411\n|switch|p2a: Vivillon|Vivillon-River, L83, F|268/268\n|turn|11\n|\n|t:|1781405417\n|cant|p1a: Slaking|recharge\n|move|p2a: Vivillon|Quiver Dance|p2a: Vivillon\n|-boost|p2a: Vivillon|spa|1\n|-boost|p2a: Vivillon|spd|1\n|-boost|p2a: Vivillon|spe|1\n|\n|-damage|p1a: Slaking|0 fnt|[from] psn\n|faint|p1a: Slaking\n|upkeep\n|\n|t:|1781405427\n|switch|p1a: Torkoal|Torkoal, L88, F|266/266\n|-weather|SunnyDay|[from] ability: Drought|[of] p1a: Torkoal\n|turn|12\n|\n|t:|1781405434\n|-terastallize|p2a: Vivillon|Ground\n|move|p2a: Vivillon|Tera Blast|p1a: Torkoal|[anim] Tera Blast Ground\n|-supereffective|p1a: Torkoal\n|-damage|p1a: Torkoal|20/266\n|move|p1a: Torkoal|Lava Plume|p2a: Vivillon\n|-damage|p2a: Vivillon|150/268\n|\n|-weather|SunnyDay|[upkeep]\n|upkeep\n|turn|13\n|\n|t:|1781405441\n|move|p2a: Vivillon|Tera Blast|p1a: Torkoal|[anim] Tera Blast Ground\n|-supereffective|p1a: Torkoal\n|-damage|p1a: Torkoal|0 fnt\n|faint|p1a: Torkoal\n|\n|-weather|SunnyDay|[upkeep]\n|upkeep\n|\n|t:|1781405444\n|switch|p1a: Vileplume|Vileplume, L85, M|266/266\n|-sideend|p1: Roddpotoow|move: Toxic Spikes|[of] p1a: Vileplume\n|turn|14\n|\n|t:|1781405453\n|switch|p2a: Gengar|Gengar, L81, F|99/230\n|-terastallize|p1a: Vileplume|Water\n|move|p1a: Vileplume|Giga Drain|p2a: Gengar\n|-resisted|p2a: Gengar\n|-damage|p2a: Gengar|48/230\n|\n|-weather|SunnyDay|[upkeep]\n|upkeep\n|turn|15\n|\n|t:|1781405462\n|switch|p1a: Mabosstiff|Mabosstiff, L86, M|278/278\n|move|p2a: Gengar|Toxic Spikes|p1a: Mabosstiff\n|-sidestart|p1: Roddpotoow|move: Toxic Spikes\n|\n|-weather|SunnyDay|[upkeep]\n|upkeep\n|turn|16\n|\n|t:|1781405467\n|move|p1a: Mabosstiff|Crunch|p2a: Gengar\n|-supereffective|p2a: Gengar\n|-damage|p2a: Gengar|0 fnt\n|-start|p1a: Mabosstiff|Disable|Crunch|[from] ability: Cursed Body|[of] p2a: Gengar\n|faint|p2a: Gengar\n|\n|-weather|none\n|upkeep\n|\n|t:|1781405475\n|switch|p2a: Palafin|Palafin-Hero, L77, F|281/281\n|-activate|p2a: Palafin|ability: Zero to Hero\n|turn|17\n|\n|t:|1781405489\n|switch|p1a: Vileplume|Vileplume, L85, M, tera:Water|266/266\n|-status|p1a: Vileplume|psn\n|switch|p2a: Banette|Banette, L93, F|270/270\n|\n|-damage|p1a: Vileplume|233/266 psn|[from] psn\n|upkeep\n|turn|18\n|\n|t:|1781405497\n|move|p2a: Banette|Poltergeist|p1a: Vileplume\n|-activate|p1a: Vileplume|move: Poltergeist|Leftovers\n|-damage|p1a: Vileplume|29/266 psn\n|-damage|p2a: Banette|243/270|[from] item: Life Orb\n|move|p1a: Vileplume|Leech Seed|p2a: Banette\n|-start|p2a: Banette|move: Leech Seed\n|\n|-heal|p1a: Vileplume|45/266 psn|[from] item: Leftovers\n|-damage|p2a: Banette|210/270|[from] Leech Seed|[of] p1a: Vileplume\n|-heal|p1a: Vileplume|78/266 psn|[silent]\n|-damage|p1a: Vileplume|45/266 psn|[from] psn\n|upkeep\n|turn|19\n|\n|t:|1781405502\n|move|p2a: Banette|Poltergeist|p1a: Vileplume\n|-activate|p1a: Vileplume|move: Poltergeist|Leftovers\n|-damage|p1a: Vileplume|0 fnt\n|faint|p1a: Vileplume\n|-damage|p2a: Banette|183/270|[from] item: Life Orb\n|\n|upkeep\n|\n|t:|1781405506\n|switch|p1a: Oinkologne|Oinkologne-F, L92, F|361/361 slp\n|turn|20\n|\n|t:|1781405511\n|switch|p2a: Palafin|Palafin-Hero, L77, F|281/281\n|cant|p1a: Oinkologne|slp\n|\n|upkeep\n|turn|21\n|-message|Roddpotoow forfeited.\n|\n|win|toxicwyvern\n|raw|Roddpotoow's rating: 1488 &rarr; <strong>1469</strong><br />(-19 for losing)\n|raw|toxicwyvern's rating: 1507 &rarr; <strong>1526</strong><br />(+19 for winning)\n|l|\u2606Roddpotoow\n|player|p1|\n", "uploadtime": 1781405521, "views": 2, "formatid": "gen9randombattle", "rating": 1469, "private": 0, "password": null}