{"id": "gen9randombattle-2631613781", "format": "[Gen 9] Random Battle", "players": ["Shomsnack", "rrrpppp"], "log": "|j|\u203dShomsnack\n|j|\u2606rrrpppp\n|t:|1781408993\n|gametype|singles\n|player|p1|Shomsnack|170|1985\n|player|p2|rrrpppp|265|1992\n|gen|9\n|tier|[Gen 9] Random Battle\n|rated|\n|rule|Species Clause: Limit one of each Pok\u00e9mon\n|rule|HP Percentage Mod: HP is shown in percentages\n|rule|Sleep Clause Mod: Limit one foe put to sleep\n|rule|Illusion Level Mod: Illusion disguises the Pok\u00e9mon's true level\n|\n|t:|1781408993\n|teamsize|p1|6\n|teamsize|p2|6\n|start\n|switch|p1a: Meowstic|Meowstic, L89, M|277/277\n|switch|p2a: Kyogre|Kyogre, L71|259/259\n|-weather|RainDance|[from] ability: Drizzle|[of] p2a: Kyogre\n|turn|1\n|inactive|Battle timer is ON: inactive players will automatically lose when time's up. (requested by Shomsnack)\n|\n|t:|1781409011\n|switch|p2a: Magearna|Magearna, L77|250/250\n|move|p1a: Meowstic|Light Screen|p1a: Meowstic\n|-sidestart|p1: Shomsnack|move: Light Screen\n|\n|-weather|RainDance|[upkeep]\n|upkeep\n|turn|2\n|\n|t:|1781409018\n|move|p1a: Meowstic|Yawn|p2a: Magearna\n|-start|p2a: Magearna|move: Yawn|[of] p1a: Meowstic\n|move|p2a: Magearna|Calm Mind|p2a: Magearna\n|-boost|p2a: Magearna|spa|1\n|-boost|p2a: Magearna|spd|1\n|\n|-weather|RainDance|[upkeep]\n|upkeep\n|turn|3\n|\n|t:|1781409025\n|switch|p1a: Mismagius|Mismagius, L86, F|243/243\n|move|p2a: Magearna|Shift Gear|p2a: Magearna\n|-boost|p2a: Magearna|spe|2\n|-boost|p2a: Magearna|atk|1\n|\n|-weather|RainDance|[upkeep]\n|-end|p2a: Magearna|move: Yawn|[silent]\n|-status|p2a: Magearna|slp\n|upkeep\n|turn|4\n|\n|t:|1781409035\n|cant|p2a: Magearna|slp\n|move|p1a: Mismagius|Nasty Plot|p1a: Mismagius\n|-boost|p1a: Mismagius|spa|2\n|\n|-weather|RainDance|[upkeep]\n|upkeep\n|turn|5\n|\n|t:|1781409044\n|cant|p2a: Magearna|slp\n|move|p1a: Mismagius|Substitute|p1a: Mismagius\n|-start|p1a: Mismagius|Substitute\n|-damage|p1a: Mismagius|183/243\n|\n|-weather|none\n|-heal|p1a: Mismagius|198/243|[from] item: Leftovers\n|upkeep\n|turn|6\n|\n|t:|1781409050\n|-curestatus|p2a: Magearna|slp|[msg]\n|move|p2a: Magearna|Flash Cannon|p1a: Mismagius\n|-end|p1a: Mismagius|Substitute\n|move|p1a: Mismagius|Nasty Plot|p1a: Mismagius\n|-boost|p1a: Mismagius|spa|2\n|\n|-heal|p1a: Mismagius|213/243|[from] item: Leftovers\n|upkeep\n|turn|7\n|\n|t:|1781409059\n|move|p2a: Magearna|Flash Cannon|p1a: Mismagius\n|-damage|p1a: Mismagius|155/243\n|move|p1a: Mismagius|Shadow Ball|p2a: Magearna\n|-damage|p2a: Magearna|75/250\n|\n|-heal|p2a: Magearna|90/250|[from] item: Leftovers\n|-heal|p1a: Mismagius|170/243|[from] item: Leftovers\n|upkeep\n|turn|8\n|\n|t:|1781409067\n|move|p2a: Magearna|Fleur Cannon|p1a: Mismagius\n|-damage|p1a: Mismagius|71/243\n|-unboost|p2a: Magearna|spa|2\n|move|p1a: Mismagius|Shadow Ball|p2a: Magearna\n|-damage|p2a: Magearna|0 fnt\n|faint|p2a: Magearna\n|\n|-heal|p1a: Mismagius|86/243|[from] item: Leftovers\n|-sideend|p1: Shomsnack|move: Light Screen\n|upkeep\n|\n|t:|1781409080\n|switch|p2a: Tsareena|Tsareena, L87, F|267/267\n|turn|9\n|\n|t:|1781409088\n|move|p1a: Mismagius|Shadow Ball|p2a: Tsareena\n|-damage|p2a: Tsareena|95/267\n|move|p2a: Tsareena|Triple Axel|p1a: Mismagius\n|-damage|p1a: Mismagius|60/243\n|-damage|p1a: Mismagius|13/243\n|-damage|p1a: Mismagius|0 fnt\n|faint|p1a: Mismagius\n|-hitcount|p1: Mismagius|3\n|\n|upkeep\n|\n|t:|1781409099\n|switch|p1a: Meowscarada|Meowscarada, L78, M|247/247\n|turn|10\n|\n|t:|1781409107\n|move|p1a: Meowscarada|Knock Off|p2a: Tsareena\n|-start|p1a: Meowscarada|typechange|Dark|[from] ability: Protean\n|-damage|p2a: Tsareena|0 fnt\n|-enditem|p2a: Tsareena|Assault Vest|[from] move: Knock Off|[of] p1a: Meowscarada\n|faint|p2a: Tsareena\n|-damage|p1a: Meowscarada|223/247|[from] item: Life Orb\n|\n|upkeep\n|\n|t:|1781409117\n|switch|p2a: Rotom|Rotom-Fan, L86|226/226\n|turn|11\n|\n|t:|1781409122\n|move|p1a: Meowscarada|Triple Axel|p2a: Rotom\n|-supereffective|p2a: Rotom\n|-damage|p2a: Rotom|195/226\n|-supereffective|p2a: Rotom\n|-damage|p2a: Rotom|133/226\n|-supereffective|p2a: Rotom\n|-damage|p2a: Rotom|39/226\n|-hitcount|p2a: Rotom|3\n|-damage|p1a: Meowscarada|199/247|[from] item: Life Orb\n|move|p2a: Rotom|Thunder Wave|p1a: Meowscarada\n|-status|p1a: Meowscarada|par\n|\n|upkeep\n|turn|12\n|\n|t:|1781409136\n|move|p2a: Rotom|Air Slash|p1a: Meowscarada\n|-damage|p1a: Meowscarada|85/247 par\n|cant|p1a: Meowscarada|par\n|\n|upkeep\n|turn|13\n|\n|t:|1781409140\n|switch|p1a: Electrode|Electrode-Hisui, L87|246/246\n|move|p2a: Rotom|Thunderbolt|p1a: Electrode\n|-resisted|p1a: Electrode\n|-damage|p1a: Electrode|219/246\n|\n|-heal|p1a: Electrode|234/246|[from] item: Leftovers\n|upkeep\n|turn|14\n|\n|t:|1781409152\n|switch|p2a: Jirachi|Jirachi, L80|291/291\n|move|p1a: Electrode|Substitute|p1a: Electrode\n|-start|p1a: Electrode|Substitute\n|-damage|p1a: Electrode|173/246\n|\n|-heal|p1a: Electrode|188/246|[from] item: Leftovers\n|upkeep\n|turn|15\n|\n|t:|1781409160\n|move|p1a: Electrode|Thunderbolt|p2a: Jirachi\n|-damage|p2a: Jirachi|215/291\n|move|p2a: Jirachi|Iron Head|p1a: Electrode\n|-resisted|p1a: Electrode\n|-activate|p1a: Electrode|move: Substitute|[damage]\n|\n|-heal|p1a: Electrode|203/246|[from] item: Leftovers\n|-heal|p2a: Jirachi|233/291|[from] item: Leftovers\n|upkeep\n|turn|16\n|\n|t:|1781409168\n|move|p2a: Jirachi|Protect|p2a: Jirachi\n|-singleturn|p2a: Jirachi|Protect\n|move|p1a: Electrode|Thunderbolt|p2a: Jirachi\n|-activate|p2a: Jirachi|move: Protect\n|\n|-heal|p1a: Electrode|218/246|[from] item: Leftovers\n|-heal|p2a: Jirachi|251/291|[from] item: Leftovers\n|upkeep\n|turn|17\n|\n|t:|1781409175\n|move|p1a: Electrode|Leech Seed|p2a: Jirachi\n|-start|p2a: Jirachi|move: Leech Seed\n|move|p2a: Jirachi|Body Slam|p1a: Electrode\n|-end|p1a: Electrode|Substitute\n|\n|-heal|p1a: Electrode|233/246|[from] item: Leftovers\n|-heal|p2a: Jirachi|269/291|[from] item: Leftovers\n|-damage|p2a: Jirachi|233/291|[from] Leech Seed|[of] p1a: Electrode\n|-heal|p1a: Electrode|246/246|[silent]\n|upkeep\n|turn|18\n|\n|t:|1781409185\n|move|p1a: Electrode|Substitute|p1a: Electrode\n|-start|p1a: Electrode|Substitute\n|-damage|p1a: Electrode|185/246\n|move|p2a: Jirachi|Body Slam|p1a: Electrode\n|-end|p1a: Electrode|Substitute\n|\n|-heal|p1a: Electrode|200/246|[from] item: Leftovers\n|-heal|p2a: Jirachi|251/291|[from] item: Leftovers\n|-damage|p2a: Jirachi|215/291|[from] Leech Seed|[of] p1a: Electrode\n|-heal|p1a: Electrode|236/246|[silent]\n|upkeep\n|turn|19\n|\n|t:|1781409195\n|switch|p2a: Ursaluna|Ursaluna, L79, F|335/335\n|move|p1a: Electrode|Substitute|p1a: Electrode\n|-start|p1a: Electrode|Substitute\n|-damage|p1a: Electrode|175/246\n|\n|-heal|p1a: Electrode|190/246|[from] item: Leftovers\n|-status|p2a: Ursaluna|brn|[from] item: Flame Orb\n|upkeep\n|turn|20\n|\n|t:|1781409208\n|switch|p2a: Jirachi|Jirachi, L80|215/291\n|move|p1a: Electrode|Giga Drain|p2a: Jirachi\n|-resisted|p2a: Jirachi\n|-damage|p2a: Jirachi|177/291\n|-heal|p1a: Electrode|209/246|[from] drain|[of] p2a: Jirachi\n|\n|-heal|p1a: Electrode|224/246|[from] item: Leftovers\n|-heal|p2a: Jirachi|195/291|[from] item: Leftovers\n|upkeep\n|turn|21\n|\n|t:|1781409217\n|move|p1a: Electrode|Leech Seed|p2a: Jirachi\n|-start|p2a: Jirachi|move: Leech Seed\n|move|p2a: Jirachi|Body Slam|p1a: Electrode\n|-activate|p1a: Electrode|move: Substitute|[damage]\n|\n|-heal|p1a: Electrode|239/246|[from] item: Leftovers\n|-heal|p2a: Jirachi|213/291|[from] item: Leftovers\n|-damage|p2a: Jirachi|177/291|[from] Leech Seed|[of] p1a: Electrode\n|-heal|p1a: Electrode|246/246|[silent]\n|upkeep\n|turn|22\n|\n|t:|1781409226\n|move|p1a: Electrode|Thunderbolt|p2a: Jirachi\n|-damage|p2a: Jirachi|96/291\n|-status|p2a: Jirachi|par\n|cant|p2a: Jirachi|par\n|\n|-heal|p2a: Jirachi|114/291 par|[from] item: Leftovers\n|-damage|p2a: Jirachi|78/291 par|[from] Leech Seed|[of] p1a: Electrode\n|upkeep\n|turn|23\n|\n|t:|1781409235\n|move|p1a: Electrode|Thunderbolt|p2a: Jirachi\n|-damage|p2a: Jirachi|0 fnt\n|faint|p2a: Jirachi\n|\n|upkeep\n|\n|t:|1781409245\n|switch|p2a: Ursaluna|Ursaluna, L79, F|335/335 brn\n|turn|24\n|\n|t:|1781409254\n|-terastallize|p2a: Ursaluna|Normal\n|move|p1a: Electrode|Giga Drain|p2a: Ursaluna\n|-damage|p2a: Ursaluna|253/335 brn\n|move|p2a: Ursaluna|Trailblaze|p1a: Electrode\n|-resisted|p1a: Electrode\n|-end|p1a: Electrode|Substitute\n|-boost|p2a: Ursaluna|spe|1\n|\n|-damage|p2a: Ursaluna|233/335 brn|[from] brn\n|upkeep\n|turn|25\n|\n|t:|1781409269\n|move|p1a: Electrode|Thunderbolt|p2a: Ursaluna\n|-damage|p2a: Ursaluna|140/335 brn\n|move|p2a: Ursaluna|Facade|p1a: Electrode\n|-damage|p1a: Electrode|0 fnt\n|faint|p1a: Electrode\n|\n|-damage|p2a: Ursaluna|120/335 brn|[from] brn\n|upkeep\n|\n|t:|1781409277\n|switch|p1a: Meowstic|Meowstic, L89, M|277/277\n|turn|26\n|\n|t:|1781409282\n|move|p1a: Meowstic|Psychic Noise|p2a: Ursaluna\n|-damage|p2a: Ursaluna|24/335 brn\n|-start|p2a: Ursaluna|move: Heal Block\n|move|p2a: Ursaluna|Trailblaze|p1a: Meowstic\n|-damage|p1a: Meowstic|208/277\n|-boost|p2a: Ursaluna|spe|1\n|\n|-damage|p2a: Ursaluna|4/335 brn|[from] brn\n|upkeep\n|turn|27\n|\n|t:|1781409292\n|move|p1a: Meowstic|Light Screen|p1a: Meowstic\n|-sidestart|p1: Shomsnack|move: Light Screen\n|move|p2a: Ursaluna|Facade|p1a: Meowstic\n|-damage|p1a: Meowstic|0 fnt\n|faint|p1a: Meowstic\n|\n|-damage|p2a: Ursaluna|0 fnt|[from] brn\n|faint|p2a: Ursaluna\n|upkeep\n|\n|t:|1781409299\n|switch|p1a: Luxray|Luxray, L88, M|284/284\n|switch|p2a: Rotom|Rotom-Fan, L86|39/226\n|-ability|p1a: Luxray|Intimidate|boost\n|-unboost|p2a: Rotom|atk|1\n|turn|28\n|\n|t:|1781409308\n|move|p2a: Rotom|Air Slash|p1a: Luxray\n|-resisted|p1a: Luxray\n|-damage|p1a: Luxray|269/284\n|cant|p1a: Luxray|flinch\n|\n|upkeep\n|turn|29\n|\n|t:|1781409314\n|move|p2a: Rotom|Thunderbolt|p1a: Luxray\n|-resisted|p1a: Luxray\n|-damage|p1a: Luxray|249/284\n|move|p1a: Luxray|Wild Charge|p2a: Rotom\n|-damage|p2a: Rotom|0 fnt\n|faint|p2a: Rotom\n|-damage|p1a: Luxray|239/284|[from] Recoil\n|\n|upkeep\n|\n|t:|1781409321\n|switch|p2a: Kyogre|Kyogre, L71|259/259\n|-weather|RainDance|[from] ability: Drizzle|[of] p2a: Kyogre\n|turn|30\n|\n|t:|1781409325\n|move|p1a: Luxray|Wild Charge|p2a: Kyogre\n|-supereffective|p2a: Kyogre\n|-damage|p2a: Kyogre|0 fnt\n|faint|p2a: Kyogre\n|-damage|p1a: Luxray|174/284|[from] Recoil\n|\n|win|Shomsnack\n", "uploadtime": 1781408995, "views": 4, "formatid": "gen9randombattle", "rating": null, "private": 0, "password": null}