{"id": "gen9randombattle-2631906600", "format": "[Gen 9] Random Battle", "players": ["KlausUnbound", "a rabbit"], "log": "|badge|p2|silver|gen9randombattle|30-9\n|uhtml|medal-msg|<div class=\"broadcast-blue\">Curious what those medals under the avatar are? PS now has Ladder Seasons! For more information, check out the <a href=\"https://www.smogon.com/forums/threads/3740067/\">thread on Smogon.</a></div>\n|j|\u2606KlausUnbound\n|j|\u2606a rabbit\n|t:|1781454263\n|gametype|singles\n|player|p1|KlausUnbound|heroine2-conquest|2274\n|player|p2|a rabbit|#scl2breakers|2392\n|gen|9\n|tier|[Gen 9] Random Battle\n|rated|\n|rule|Species Clause: Limit one of each Pok\u00e9mon\n|rule|HP Percentage Mod: HP is shown in percentages\n|rule|Sleep Clause Mod: Limit one foe put to sleep\n|rule|Illusion Level Mod: Illusion disguises the Pok\u00e9mon's true level\n|\n|t:|1781454263\n|teamsize|p1|6\n|teamsize|p2|6\n|start\n|switch|p1a: Leafeon|Leafeon, L88, M|258/258\n|switch|p2a: Porygon2|Porygon2, L81|270/270\n|-ability|p2a: Porygon2|Download|boost\n|-boost|p2a: Porygon2|spa|1\n|turn|1\n|inactive|Battle timer is ON: inactive players will automatically lose when time's up. (requested by KlausUnbound)\n|\n|t:|1781454276\n|switch|p2a: Dodrio|Dodrio, L85, F|241/241\n|move|p1a: Leafeon|Substitute|p1a: Leafeon\n|-start|p1a: Leafeon|Substitute\n|-damage|p1a: Leafeon|194/258\n|\n|-heal|p1a: Leafeon|210/258|[from] item: Leftovers\n|upkeep\n|turn|2\n|c|\u2606KlausUnbound|hmm\n|\n|t:|1781454282\n|move|p2a: Dodrio|Brave Bird|p1a: Leafeon\n|-supereffective|p1a: Leafeon\n|-end|p1a: Leafeon|Substitute\n|-damage|p2a: Dodrio|220/241|[from] Recoil|[of] p1a: Leafeon\n|move|p1a: Leafeon|Double-Edge|p2a: Dodrio\n|-damage|p2a: Dodrio|98/241\n|-damage|p1a: Leafeon|170/258|[from] Recoil\n|\n|-heal|p1a: Leafeon|186/258|[from] item: Leftovers\n|upkeep\n|turn|3\n|\n|t:|1781454291\n|switch|p1a: Duraludon|Duraludon, L82, M|249/249\n|move|p2a: Dodrio|Brave Bird|p1a: Duraludon\n|-resisted|p1a: Duraludon\n|-damage|p1a: Duraludon|210/249\n|-damage|p2a: Dodrio|85/241|[from] Recoil\n|\n|upkeep\n|turn|4\n|\n|t:|1781454301\n|move|p2a: Dodrio|Drill Run|p1a: Duraludon\n|-supereffective|p1a: Duraludon\n|-damage|p1a: Duraludon|134/249\n|move|p1a: Duraludon|Body Press|p2a: Dodrio\n|-damage|p2a: Dodrio|15/241\n|\n|upkeep\n|turn|5\n|\n|t:|1781454305\n|move|p2a: Dodrio|Drill Run|p1a: Duraludon\n|-supereffective|p1a: Duraludon\n|-damage|p1a: Duraludon|58/249\n|move|p1a: Duraludon|Flash Cannon|p2a: Dodrio\n|-damage|p2a: Dodrio|0 fnt\n|faint|p2a: Dodrio\n|\n|upkeep\n|c|\u2606KlausUnbound|bro\n|\n|t:|1781454315\n|switch|p2a: Darkrai|Darkrai, L77|234/234\n|turn|6\n|c|\u2606KlausUnbound|im my mind for oponent are frezzai\n|\n|t:|1781454340\n|move|p2a: Darkrai|Substitute|p2a: Darkrai\n|-start|p2a: Darkrai|Substitute\n|-damage|p2a: Darkrai|176/234\n|move|p1a: Duraludon|Body Press|p2a: Darkrai\n|-supereffective|p2a: Darkrai\n|-end|p2a: Darkrai|Substitute\n|\n|-heal|p2a: Darkrai|190/234|[from] item: Leftovers\n|upkeep\n|turn|7\n|\n|t:|1781454347\n|switch|p1a: Luvdisc|Luvdisc, M|247/247\n|move|p2a: Darkrai|Dark Pulse|p1a: Luvdisc\n|-crit|p1a: Luvdisc\n|-damage|p1a: Luvdisc|94/247\n|\n|-heal|p2a: Darkrai|204/234|[from] item: Leftovers\n|upkeep\n|turn|8\n|\n|t:|1781454352\n|switch|p2a: Sinistcha|Sinistcha, L83|254/254\n|move|p1a: Luvdisc|Endeavor|p2a: Sinistcha\n|-immune|p2a: Sinistcha\n|\n|upkeep\n|turn|9\n|\n|t:|1781454358\n|switch|p1a: Duraludon|Duraludon, L82, M|58/249\n|move|p2a: Sinistcha|Shadow Ball|p1a: Duraludon\n|-damage|p1a: Duraludon|0 fnt\n|faint|p1a: Duraludon\n|\n|upkeep\n|\n|t:|1781454360\n|switch|p1a: Annihilape|Annihilape, L76, M|292/292\n|turn|10\n|\n|t:|1781454376\n|move|p1a: Annihilape|Bulk Up|p1a: Annihilape\n|-boost|p1a: Annihilape|atk|1\n|-boost|p1a: Annihilape|def|1\n|move|p2a: Sinistcha|Calm Mind|p2a: Sinistcha\n|-boost|p2a: Sinistcha|spa|1\n|-boost|p2a: Sinistcha|spd|1\n|\n|upkeep\n|turn|11\n|\n|t:|1781454390\n|move|p1a: Annihilape|Rage Fist|p2a: Sinistcha\n|-supereffective|p2a: Sinistcha\n|-damage|p2a: Sinistcha|122/254\n|move|p2a: Sinistcha|Shadow Ball|p1a: Annihilape\n|-supereffective|p1a: Annihilape\n|-damage|p1a: Annihilape|0 fnt\n|faint|p1a: Annihilape\n|\n|-heal|p2a: Sinistcha|137/254|[from] item: Leftovers\n|upkeep\n|\n|t:|1781454396\n|switch|p1a: Oranguru|Oranguru, L92, F|315/315\n|turn|12\n|\n|t:|1781454401\n|move|p2a: Sinistcha|Matcha Gotcha|p1a: Oranguru\n|-crit|p1a: Oranguru\n|-damage|p1a: Oranguru|141/315\n|-heal|p2a: Sinistcha|224/254|[from] drain|[of] p1a: Oranguru\n|move|p1a: Oranguru|Nasty Plot|p1a: Oranguru\n|-boost|p1a: Oranguru|spa|2\n|\n|-heal|p2a: Sinistcha|239/254|[from] item: Leftovers\n|-heal|p1a: Oranguru|160/315|[from] item: Leftovers\n|upkeep\n|turn|13\n|\n|t:|1781454413\n|move|p2a: Sinistcha|Matcha Gotcha|p1a: Oranguru\n|-damage|p1a: Oranguru|40/315\n|-heal|p2a: Sinistcha|254/254|[from] drain|[of] p1a: Oranguru\n|move|p1a: Oranguru|Psychic|p2a: Sinistcha\n|-damage|p2a: Sinistcha|107/254\n|\n|-heal|p2a: Sinistcha|122/254|[from] item: Leftovers\n|-heal|p1a: Oranguru|59/315|[from] item: Leftovers\n|upkeep\n|turn|14\n|\n|t:|1781454421\n|move|p2a: Sinistcha|Matcha Gotcha|p1a: Oranguru|[miss]\n|-miss|p2a: Sinistcha|p1a: Oranguru\n|move|p1a: Oranguru|Psychic|p2a: Sinistcha\n|-damage|p2a: Sinistcha|0 fnt\n|faint|p2a: Sinistcha\n|\n|-heal|p1a: Oranguru|78/315|[from] item: Leftovers\n|upkeep\n|\n|t:|1781454438\n|switch|p2a: Darkrai|Darkrai, L77|204/234\n|turn|15\n|\n|t:|1781454458\n|-terastallize|p1a: Oranguru|Electric\n|move|p2a: Darkrai|Dark Pulse|p1a: Oranguru\n|-damage|p1a: Oranguru|0 fnt\n|faint|p1a: Oranguru\n|\n|-heal|p2a: Darkrai|218/234|[from] item: Leftovers\n|upkeep\n|\n|t:|1781454462\n|switch|p1a: Barraskewda|Barraskewda, L81, F|231/231\n|turn|16\n|\n|t:|1781454471\n|switch|p2a: Virizion|Virizion, L82|283/283\n|move|p1a: Barraskewda|Flip Turn|p2a: Virizion\n|-resisted|p2a: Virizion\n|-damage|p2a: Virizion|223/283\n|\n|t:|1781454475\n|switch|p1a: Luvdisc|Luvdisc, M|94/247|[from] Flip Turn\n|\n|upkeep\n|turn|17\n|\n|t:|1781454480\n|switch|p2a: Porygon2|Porygon2, L81|270/270\n|-ability|p2a: Porygon2|Download|boost\n|-boost|p2a: Porygon2|atk|1\n|move|p1a: Luvdisc|Substitute|p1a: Luvdisc\n|-start|p1a: Luvdisc|Substitute\n|-damage|p1a: Luvdisc|33/247\n|\n|upkeep\n|turn|18\n|\n|t:|1781454484\n|move|p1a: Luvdisc|Endeavor|p2a: Porygon2\n|-damage|p2a: Porygon2|33/270\n|move|p2a: Porygon2|Tera Blast|p1a: Luvdisc\n|-end|p1a: Luvdisc|Substitute\n|\n|upkeep\n|turn|19\n|\n|t:|1781454488\n|move|p1a: Luvdisc|Surf|p2a: Porygon2\n|-damage|p2a: Porygon2|0 fnt\n|faint|p2a: Porygon2\n|\n|upkeep\n|\n|t:|1781454498\n|switch|p2a: Virizion|Virizion, L82|223/283\n|turn|20\n|\n|t:|1781454501\n|move|p1a: Luvdisc|Endeavor|p2a: Virizion\n|-damage|p2a: Virizion|33/283\n|move|p2a: Virizion|Leaf Blade|p1a: Luvdisc\n|-supereffective|p1a: Luvdisc\n|-damage|p1a: Luvdisc|0 fnt\n|faint|p1a: Luvdisc\n|-damage|p2a: Virizion|5/283|[from] item: Life Orb\n|\n|upkeep\n|\n|t:|1781454508\n|switch|p1a: Barraskewda|Barraskewda, L81, F|231/231\n|turn|21\n|\n|t:|1781454512\n|move|p1a: Barraskewda|Waterfall|p2a: Virizion\n|-resisted|p2a: Virizion\n|-damage|p2a: Virizion|0 fnt\n|faint|p2a: Virizion\n|\n|upkeep\n|\n|t:|1781454514\n|switch|p2a: Regirock|Regirock, L83|268/268\n|turn|22\n|\n|t:|1781454516\n|-terastallize|p2a: Regirock|Fighting\n|move|p1a: Barraskewda|Waterfall|p2a: Regirock\n|-damage|p2a: Regirock|190/268\n|move|p2a: Regirock|Thunder Wave|p1a: Barraskewda\n|-status|p1a: Barraskewda|par\n|\n|-heal|p2a: Regirock|206/268|[from] item: Leftovers\n|upkeep\n|turn|23\n|\n|t:|1781454522\n|cant|p1a: Barraskewda|par\n|move|p2a: Regirock|Body Press|p1a: Barraskewda\n|-damage|p1a: Barraskewda|11/231 par\n|\n|-heal|p2a: Regirock|222/268|[from] item: Leftovers\n|upkeep\n|turn|24\n|\n|t:|1781454526\n|move|p1a: Barraskewda|Waterfall|p2a: Regirock\n|-damage|p2a: Regirock|153/268\n|move|p2a: Regirock|Body Press|p1a: Barraskewda\n|-damage|p1a: Barraskewda|0 fnt\n|faint|p1a: Barraskewda\n|\n|-heal|p2a: Regirock|169/268|[from] item: Leftovers\n|upkeep\n|\n|t:|1781454529\n|switch|p1a: Leafeon|Leafeon, L88, M|186/258\n|turn|25\n|\n|t:|1781454531\n|move|p1a: Leafeon|Swords Dance|p1a: Leafeon\n|-boost|p1a: Leafeon|atk|2\n|move|p2a: Regirock|Body Press|p1a: Leafeon\n|-damage|p1a: Leafeon|72/258\n|\n|-heal|p1a: Leafeon|88/258|[from] item: Leftovers\n|-heal|p2a: Regirock|185/268|[from] item: Leftovers\n|upkeep\n|turn|26\n|\n|t:|1781454534\n|move|p1a: Leafeon|Leaf Blade|p2a: Regirock\n|-damage|p2a: Regirock|65/268\n|move|p2a: Regirock|Body Press|p1a: Leafeon\n|-damage|p1a: Leafeon|0 fnt\n|faint|p1a: Leafeon\n|\n|win|a rabbit\n", "uploadtime": 1781454265, "views": 3, "formatid": "gen9randombattle", "rating": null, "private": 0, "password": null}