{"id": "gen9randombattle-2631964162", "format": "[Gen 9] Random Battle", "players": ["lkj47", "JhuniorCq"], "log": "|j|\u2606lkj47\n|j|\u2606JhuniorCq\n|t:|1781460537\n|gametype|singles\n|player|p1|lkj47|hilbert|1917\n|player|p2|JhuniorCq|169|1979\n|gen|9\n|tier|[Gen 9] Random Battle\n|rated|\n|rule|Species Clause: Limit one of each Pok\u00e9mon\n|rule|HP Percentage Mod: HP is shown in percentages\n|rule|Sleep Clause Mod: Limit one foe put to sleep\n|rule|Illusion Level Mod: Illusion disguises the Pok\u00e9mon's true level\n|\n|t:|1781460537\n|teamsize|p1|6\n|teamsize|p2|6\n|start\n|switch|p1a: Greninja|Greninja, L80, M|246/246\n|switch|p2a: Palkia|Palkia-Origin, L72|249/249\n|-ability|p2a: Palkia|Pressure\n|turn|1\n|\n|t:|1781460553\n|switch|p1a: Toedscruel|Toedscruel, L87, F|281/281\n|move|p2a: Palkia|Thunder Wave|p1a: Toedscruel\n|-immune|p1a: Toedscruel\n|\n|upkeep\n|turn|2\n|\n|t:|1781460558\n|switch|p2a: Vespiquen|Vespiquen, L99, F|299/299\n|-ability|p2a: Vespiquen|Pressure\n|move|p1a: Toedscruel|Knock Off|p2a: Vespiquen\n|-damage|p2a: Vespiquen|256/299\n|-enditem|p2a: Vespiquen|Heavy-Duty Boots|[from] move: Knock Off|[of] p1a: Toedscruel\n|\n|upkeep\n|turn|3\n|\n|t:|1781460563\n|switch|p1a: Iron Treads|Iron Treads, L77|265/265\n|move|p2a: Vespiquen|Toxic|p1a: Iron Treads\n|-immune|p1a: Iron Treads\n|\n|upkeep\n|turn|4\n|\n|t:|1781460573\n|move|p1a: Iron Treads|Earthquake|p2a: Vespiquen\n|-immune|p2a: Vespiquen\n|move|p2a: Vespiquen|U-turn|p1a: Iron Treads\n|-resisted|p1a: Iron Treads\n|-damage|p1a: Iron Treads|227/265\n|\n|t:|1781460580\n|switch|p2a: Iron Bundle|Iron Bundle, L78|215/215|[from] U-turn\n|\n|upkeep\n|turn|5\n|\n|t:|1781460585\n|-end|p1a: Iron Treads|Quark Drive|[silent]\n|switch|p1a: Oinkologne|Oinkologne, L92, M|352/352\n|move|p2a: Iron Bundle|Flip Turn|p1a: Oinkologne\n|-damage|p1a: Oinkologne|301/352\n|\n|t:|1781460599\n|-end|p2a: Iron Bundle|Quark Drive|[silent]\n|switch|p2a: Palkia|Palkia-Origin, L72|249/249|[from] Flip Turn\n|-ability|p2a: Palkia|Pressure\n|\n|-heal|p1a: Oinkologne|323/352|[from] item: Leftovers\n|upkeep\n|turn|6\n|\n|t:|1781460606\n|move|p2a: Palkia|Spacial Rend|p1a: Oinkologne\n|-damage|p1a: Oinkologne|185/352\n|move|p1a: Oinkologne|Double-Edge|p2a: Palkia\n|-damage|p2a: Palkia|90/249\n|-damage|p1a: Oinkologne|133/352|[from] Recoil\n|\n|-heal|p1a: Oinkologne|155/352|[from] item: Leftovers\n|upkeep\n|turn|7\n|\n|t:|1781460612\n|switch|p1a: Toedscruel|Toedscruel, L87, F|281/281\n|move|p2a: Palkia|Hydro Pump|p1a: Toedscruel|[miss]\n|-miss|p2a: Palkia|p1a: Toedscruel\n|\n|upkeep\n|turn|8\n|\n|t:|1781460618\n|switch|p2a: Vespiquen|Vespiquen, L99, F|256/299\n|-ability|p2a: Vespiquen|Pressure\n|move|p1a: Toedscruel|Spore|p2a: Vespiquen\n|-status|p2a: Vespiquen|slp|[from] move: Spore\n|\n|upkeep\n|turn|9\n|\n|t:|1781460626\n|switch|p1a: Iron Treads|Iron Treads, L77|227/265\n|switch|p2a: Iron Jugulis|Iron Jugulis, L77|271/271\n|\n|upkeep\n|turn|10\n|\n|t:|1781460631\n|move|p2a: Iron Jugulis|Earth Power|p1a: Iron Treads\n|-supereffective|p1a: Iron Treads\n|-damage|p1a: Iron Treads|65/265\n|move|p1a: Iron Treads|Rapid Spin|p2a: Iron Jugulis\n|-damage|p2a: Iron Jugulis|230/271\n|-boost|p1a: Iron Treads|spe|1\n|\n|upkeep\n|turn|11\n|\n|t:|1781460645\n|-end|p2a: Iron Jugulis|Quark Drive|[silent]\n|switch|p2a: Vespiquen|Vespiquen, L99, F|256/299 slp\n|-ability|p2a: Vespiquen|Pressure\n|move|p1a: Iron Treads|Iron Head|p2a: Vespiquen\n|-damage|p2a: Vespiquen|190/299 slp\n|\n|upkeep\n|turn|12\n|\n|t:|1781460655\n|-end|p1a: Iron Treads|Quark Drive|[silent]\n|switch|p1a: Greninja|Greninja, L80, M|246/246\n|cant|p2a: Vespiquen|slp\n|\n|upkeep\n|turn|13\n|\n|t:|1781460667\n|switch|p2a: Palkia|Palkia-Origin, L72|90/249\n|-ability|p2a: Palkia|Pressure\n|move|p1a: Greninja|Ice Beam|p2a: Palkia\n|-damage|p2a: Palkia|15/249\n|-damage|p1a: Greninja|222/246|[from] item: Life Orb\n|\n|upkeep\n|turn|14\n|\n|t:|1781460671\n|move|p1a: Greninja|Dark Pulse|p2a: Palkia\n|-damage|p2a: Palkia|0 fnt\n|faint|p2a: Palkia\n|-ability|p1a: Greninja|Battle Bond|boost\n|-boost|p1a: Greninja|atk|1\n|-boost|p1a: Greninja|spa|1\n|-boost|p1a: Greninja|spe|1\n|-activate|p1a: Greninja|ability: Battle Bond\n|-damage|p1a: Greninja|198/246|[from] item: Life Orb\n|\n|upkeep\n|\n|t:|1781460689\n|switch|p2a: Banette|Banette, L93, M|270/270\n|turn|15\n|\n|t:|1781460693\n|-terastallize|p2a: Banette|Poison\n|move|p1a: Greninja|Dark Pulse|p2a: Banette\n|-damage|p2a: Banette|91/270\n|-damage|p1a: Greninja|174/246|[from] item: Life Orb\n|cant|p2a: Banette|flinch\n|\n|upkeep\n|turn|16\n|\n|t:|1781460700\n|move|p2a: Banette|Shadow Sneak|p1a: Greninja\n|-resisted|p1a: Greninja\n|-damage|p1a: Greninja|122/246\n|-damage|p2a: Banette|64/270|[from] item: Life Orb\n|move|p1a: Greninja|Dark Pulse|p2a: Banette\n|-crit|p2a: Banette\n|-damage|p2a: Banette|0 fnt\n|faint|p2a: Banette\n|-damage|p1a: Greninja|98/246|[from] item: Life Orb\n|\n|upkeep\n|\n|t:|1781460703\n|switch|p2a: Iron Bundle|Iron Bundle, L78|215/215\n|turn|17\n|\n|t:|1781460712\n|move|p1a: Greninja|Dark Pulse|p2a: Iron Bundle\n|-damage|p2a: Iron Bundle|8/215\n|-damage|p1a: Greninja|74/246|[from] item: Life Orb\n|move|p2a: Iron Bundle|Freeze-Dry|p1a: Greninja\n|-supereffective|p1a: Greninja\n|-damage|p1a: Greninja|0 fnt\n|faint|p1a: Greninja\n|\n|upkeep\n|\n|t:|1781460719\n|switch|p1a: Scizor|Scizor, L79, F|240/240\n|turn|18\n|\n|t:|1781460724\n|-end|p2a: Iron Bundle|Quark Drive|[silent]\n|switch|p2a: Mudsdale|Mudsdale, L83, F|302/302\n|move|p1a: Scizor|Swords Dance|p1a: Scizor\n|-boost|p1a: Scizor|atk|2\n|\n|upkeep\n|turn|19\n|\n|t:|1781460728\n|switch|p1a: Toedscruel|Toedscruel, L87, F|281/281\n|move|p2a: Mudsdale|Earthquake|p1a: Toedscruel\n|-resisted|p1a: Toedscruel\n|-damage|p1a: Toedscruel|206/281\n|\n|-heal|p1a: Toedscruel|223/281|[from] item: Leftovers\n|upkeep\n|turn|20\n|\n|t:|1781460735\n|switch|p1a: Oinkologne|Oinkologne, L92, M|155/352\n|switch|p2a: Iron Jugulis|Iron Jugulis, L77|230/271\n|\n|-heal|p1a: Oinkologne|177/352|[from] item: Leftovers\n|upkeep\n|turn|21\n|\n|t:|1781460741\n|move|p2a: Iron Jugulis|Dark Pulse|p1a: Oinkologne\n|-damage|p1a: Oinkologne|47/352\n|cant|p1a: Oinkologne|flinch\n|\n|-heal|p1a: Oinkologne|69/352|[from] item: Leftovers\n|upkeep\n|turn|22\n|\n|t:|1781460744\n|switch|p1a: Florges|Florges-White, L85, F|271/271\n|move|p2a: Iron Jugulis|Dark Pulse|p1a: Florges\n|-resisted|p1a: Florges\n|-damage|p1a: Florges|227/271\n|\n|-heal|p1a: Florges|243/271|[from] item: Leftovers\n|upkeep\n|turn|23\n|\n|t:|1781460750\n|-end|p2a: Iron Jugulis|Quark Drive|[silent]\n|switch|p2a: Mudsdale|Mudsdale, L83, F|302/302\n|move|p1a: Florges|Calm Mind|p1a: Florges\n|-boost|p1a: Florges|spa|1\n|-boost|p1a: Florges|spd|1\n|\n|-heal|p1a: Florges|259/271|[from] item: Leftovers\n|upkeep\n|turn|24\n|\n|t:|1781460758\n|move|p1a: Florges|Moonblast|p2a: Mudsdale\n|-damage|p2a: Mudsdale|115/302\n|-unboost|p2a: Mudsdale|spa|1\n|-ability|p2a: Mudsdale|Stamina|boost\n|-boost|p2a: Mudsdale|def|1\n|move|p2a: Mudsdale|Heavy Slam|p1a: Florges\n|-supereffective|p1a: Florges\n|-damage|p1a: Florges|0 fnt\n|faint|p1a: Florges\n|\n|-heal|p2a: Mudsdale|133/302|[from] item: Leftovers\n|upkeep\n|\n|t:|1781460765\n|switch|p1a: Iron Treads|Iron Treads, L77|65/265\n|turn|25\n|\n|t:|1781460775\n|move|p1a: Iron Treads|Knock Off|p2a: Mudsdale\n|-damage|p2a: Mudsdale|93/302\n|-ability|p2a: Mudsdale|Stamina|boost\n|-boost|p2a: Mudsdale|def|1\n|-enditem|p2a: Mudsdale|Leftovers|[from] move: Knock Off|[of] p1a: Iron Treads\n|move|p2a: Mudsdale|Earthquake|p1a: Iron Treads\n|-supereffective|p1a: Iron Treads\n|-damage|p1a: Iron Treads|0 fnt\n|faint|p1a: Iron Treads\n|-end|p1a: Iron Treads|Quark Drive|[silent]\n|\n|upkeep\n|\n|t:|1781460779\n|switch|p1a: Toedscruel|Toedscruel, L87, F|223/281\n|turn|26\n|\n|t:|1781460781\n|switch|p2a: Vespiquen|Vespiquen, L99, F|190/299 slp\n|-ability|p2a: Vespiquen|Pressure\n|move|p1a: Toedscruel|Earth Power|p2a: Vespiquen\n|-immune|p2a: Vespiquen\n|\n|-heal|p1a: Toedscruel|240/281|[from] item: Leftovers\n|upkeep\n|turn|27\n|\n|t:|1781460785\n|switch|p1a: Oinkologne|Oinkologne, L92, M|69/352\n|-curestatus|p2a: Vespiquen|slp|[msg]\n|move|p2a: Vespiquen|U-turn|p1a: Oinkologne\n|-damage|p1a: Oinkologne|0 fnt\n|faint|p1a: Oinkologne\n|\n|t:|1781460791\n|switch|p2a: Iron Jugulis|Iron Jugulis, L77|230/271|[from] U-turn\n|\n|upkeep\n|\n|t:|1781460794\n|switch|p1a: Toedscruel|Toedscruel, L87, F|240/281\n|turn|28\n|\n|t:|1781460803\n|-end|p2a: Iron Jugulis|Quark Drive|[silent]\n|switch|p2a: Vespiquen|Vespiquen, L99, F|190/299\n|-ability|p2a: Vespiquen|Pressure\n|-terastallize|p1a: Toedscruel|Water\n|move|p1a: Toedscruel|Spore|p2a: Vespiquen\n|-status|p2a: Vespiquen|slp|[from] move: Spore\n|\n|-heal|p1a: Toedscruel|257/281|[from] item: Leftovers\n|upkeep\n|turn|29\n|\n|t:|1781460812\n|switch|p1a: Scizor|Scizor, L79, F|240/240\n|cant|p2a: Vespiquen|slp\n|\n|upkeep\n|turn|30\n|\n|t:|1781460816\n|switch|p2a: Iron Jugulis|Iron Jugulis, L77|230/271\n|move|p1a: Scizor|Swords Dance|p1a: Scizor\n|-boost|p1a: Scizor|atk|2\n|\n|upkeep\n|turn|31\n|\n|t:|1781460818\n|move|p1a: Scizor|Bullet Punch|p2a: Iron Jugulis\n|-damage|p2a: Iron Jugulis|16/271\n|-damage|p1a: Scizor|216/240|[from] item: Life Orb\n|move|p2a: Iron Jugulis|Fire Blast|p1a: Scizor\n|-supereffective|p1a: Scizor\n|-damage|p1a: Scizor|0 fnt\n|faint|p1a: Scizor\n|\n|upkeep\n|\n|t:|1781460822\n|switch|p1a: Toedscruel|Toedscruel, L87, F, tera:Water|257/281\n|turn|32\n|\n|t:|1781460828\n|-end|p2a: Iron Jugulis|Quark Drive|[silent]\n|switch|p2a: Mudsdale|Mudsdale, L83, F|93/302\n|move|p1a: Toedscruel|Knock Off|p2a: Mudsdale\n|-damage|p2a: Mudsdale|56/302\n|-ability|p2a: Mudsdale|Stamina|boost\n|-boost|p2a: Mudsdale|def|1\n|\n|-heal|p1a: Toedscruel|274/281|[from] item: Leftovers\n|upkeep\n|turn|33\n|\n|t:|1781460832\n|move|p1a: Toedscruel|Earth Power|p2a: Mudsdale\n|-damage|p2a: Mudsdale|0 fnt\n|faint|p2a: Mudsdale\n|\n|-heal|p1a: Toedscruel|281/281|[from] item: Leftovers\n|upkeep\n|\n|t:|1781460845\n|switch|p2a: Vespiquen|Vespiquen, L99, F|190/299 slp\n|-ability|p2a: Vespiquen|Pressure\n|turn|34\n|\n|t:|1781460847\n|move|p1a: Toedscruel|Knock Off|p2a: Vespiquen\n|-damage|p2a: Vespiquen|159/299 slp\n|-curestatus|p2a: Vespiquen|slp|[msg]\n|move|p2a: Vespiquen|Roost|p2a: Vespiquen\n|-heal|p2a: Vespiquen|299/299\n|-singleturn|p2a: Vespiquen|move: Roost\n|\n|upkeep\n|turn|35\n|-message|lkj47 forfeited.\n|\n|win|JhuniorCq\n", "uploadtime": 1781460539, "views": 3, "formatid": "gen9randombattle", "rating": null, "private": 0, "password": null}