{"id": "gen9randombattle-2631445583", "format": "[Gen 9] Random Battle", "players": ["Petilil37", "cococem"], "log": "|j|\u203dPetilil37\n|j|\u2606cococem\n|t:|1781385574\n|gametype|singles\n|player|p1|Petilil37|2|2121\n|player|p2|cococem|2|2162\n|gen|9\n|tier|[Gen 9] Random Battle\n|rated|\n|rule|Species Clause: Limit one of each Pok\u00e9mon\n|rule|HP Percentage Mod: HP is shown in percentages\n|rule|Sleep Clause Mod: Limit one foe put to sleep\n|rule|Illusion Level Mod: Illusion disguises the Pok\u00e9mon's true level\n|\n|t:|1781385574\n|teamsize|p1|6\n|teamsize|p2|6\n|start\n|switch|p1a: Vespiquen|Vespiquen, L99, F|299/299\n|switch|p2a: Toxtricity|Toxtricity, L82, F|257/257\n|-ability|p1a: Vespiquen|Pressure\n|turn|1\n|\n|t:|1781385584\n|move|p2a: Toxtricity|Shift Gear|p2a: Toxtricity\n|-boost|p2a: Toxtricity|spe|2\n|-boost|p2a: Toxtricity|atk|1\n|move|p1a: Vespiquen|U-turn|p2a: Toxtricity\n|-resisted|p2a: Toxtricity\n|-damage|p2a: Toxtricity|200/257\n|\n|t:|1781385590\n|switch|p1a: Hariyama|Hariyama, L87, M|392/392|[from] U-turn\n|\n|-status|p1a: Hariyama|brn|[from] item: Flame Orb\n|upkeep\n|turn|2\n|j| rufoush\n|\n|t:|1781385614\n|move|p2a: Toxtricity|Gunk Shot|p1a: Hariyama\n|-crit|p1a: Hariyama\n|-damage|p1a: Hariyama|25/392 brn\n|move|p1a: Hariyama|Facade|p2a: Toxtricity\n|-damage|p2a: Toxtricity|0 fnt\n|faint|p2a: Toxtricity\n|\n|-damage|p1a: Hariyama|1/392 brn|[from] brn\n|upkeep\n|\n|t:|1781385622\n|switch|p2a: Ogerpon|Ogerpon-Hearthflame, L74, F|239/239\n|-ability|p2a: Ogerpon|Mold Breaker\n|turn|3\n|\n|t:|1781385639\n|move|p2a: Ogerpon|Trailblaze|p1a: Hariyama\n|-damage|p1a: Hariyama|0 fnt\n|-boost|p2a: Ogerpon|spe|1\n|faint|p1a: Hariyama\n|\n|upkeep\n|\n|t:|1781385675\n|switch|p1a: Basculegion|Basculegion, L80, M|323/323\n|turn|4\n|\n|t:|1781385693\n|switch|p2a: Vileplume|Vileplume, L85, F|266/266\n|move|p1a: Basculegion|Wave Crash|p2a: Vileplume\n|-resisted|p2a: Vileplume\n|-damage|p2a: Vileplume|175/266\n|-damage|p1a: Basculegion|293/323|[from] Recoil\n|\n|-heal|p2a: Vileplume|191/266|[from] item: Leftovers\n|upkeep\n|turn|5\n|\n|t:|1781385698\n|move|p1a: Basculegion|Shadow Ball|p2a: Vileplume\n|-damage|p2a: Vileplume|109/266\n|move|p2a: Vileplume|Sleep Powder|p1a: Basculegion\n|-status|p1a: Basculegion|slp|[from] move: Sleep Powder\n|\n|-heal|p2a: Vileplume|125/266|[from] item: Leftovers\n|upkeep\n|turn|6\n|\n|t:|1781385719\n|switch|p2a: Ampharos|Ampharos, L88, F|302/302\n|cant|p1a: Basculegion|slp\n|\n|upkeep\n|turn|7\n|\n|t:|1781385727\n|cant|p1a: Basculegion|slp\n|move|p2a: Ampharos|Thunderbolt|p1a: Basculegion\n|-supereffective|p1a: Basculegion\n|-damage|p1a: Basculegion|11/323 slp\n|\n|upkeep\n|turn|8\n|\n|t:|1781385732\n|-curestatus|p1a: Basculegion|slp|[msg]\n|move|p1a: Basculegion|Wave Crash|p2a: Ampharos\n|-damage|p2a: Ampharos|144/302\n|-damage|p1a: Basculegion|0 fnt|[from] Recoil\n|faint|p1a: Basculegion\n|move|p2a: Ampharos|Thunderbolt|p1: Basculegion|[notarget]\n|-fail|p2a: Ampharos\n|\n|upkeep\n|\n|t:|1781385735\n|switch|p1a: Meloetta|Meloetta, L82|298/298\n|turn|9\n|l|\u2606cococem\n|player|p2|\n|j|\u2606cococem\n|player|p2|cococem|2|\n|l|\u2606cococem\n|player|p2|\n|j|\u2606cococem\n|player|p2|cococem|2|\n|\n|t:|1781385758\n|move|p1a: Meloetta|Psyshock|p2a: Ampharos\n|-damage|p2a: Ampharos|6/302\n|move|p2a: Ampharos|Thunderbolt|p1a: Meloetta\n|-damage|p1a: Meloetta|160/298\n|\n|upkeep\n|turn|10\n|\n|t:|1781385771\n|move|p1a: Meloetta|Psyshock|p2a: Ampharos\n|-damage|p2a: Ampharos|0 fnt\n|faint|p2a: Ampharos\n|\n|upkeep\n|\n|t:|1781385786\n|switch|p2a: Mabosstiff|Mabosstiff, L86, F|278/278\n|turn|11\n|\n|t:|1781385798\n|switch|p1a: Azumarill|Azumarill, L82, F|298/298\n|move|p2a: Mabosstiff|Crunch|p1a: Azumarill\n|-resisted|p1a: Azumarill\n|-damage|p1a: Azumarill|178/298\n|\n|upkeep\n|turn|12\n|\n|t:|1781385806\n|move|p2a: Mabosstiff|Crunch|p1a: Azumarill\n|-resisted|p1a: Azumarill\n|-damage|p1a: Azumarill|120/298\n|-enditem|p1a: Azumarill|Sitrus Berry|[eat]\n|-heal|p1a: Azumarill|194/298|[from] item: Sitrus Berry\n|move|p1a: Azumarill|Belly Drum|p1a: Azumarill\n|-damage|p1a: Azumarill|45/298\n|-setboost|p1a: Azumarill|atk|6|[from] move: Belly Drum\n|\n|upkeep\n|turn|13\n|\n|t:|1781385827\n|move|p1a: Azumarill|Aqua Jet|p2a: Mabosstiff\n|-damage|p2a: Mabosstiff|94/278\n|move|p2a: Mabosstiff|Crunch|p1a: Azumarill\n|-resisted|p1a: Azumarill\n|-damage|p1a: Azumarill|0 fnt\n|faint|p1a: Azumarill\n|\n|upkeep\n|\n|t:|1781385832\n|switch|p1a: Vespiquen|Vespiquen, L99, F|299/299\n|-ability|p1a: Vespiquen|Pressure\n|turn|14\n|\n|t:|1781385836\n|move|p2a: Mabosstiff|Crunch|p1a: Vespiquen\n|-damage|p1a: Vespiquen|214/299\n|move|p1a: Vespiquen|U-turn|p2a: Mabosstiff\n|-supereffective|p2a: Mabosstiff\n|-damage|p2a: Mabosstiff|0 fnt\n|faint|p2a: Mabosstiff\n|\n|t:|1781385843\n|switch|p1a: Raging Bolt|Raging Bolt, L78|323/323|[from] U-turn\n|\n|upkeep\n|\n|t:|1781385849\n|switch|p2a: Rhyperior|Rhyperior, L82, M|323/323\n|turn|15\n|\n|t:|1781385856\n|move|p1a: Raging Bolt|Draco Meteor|p2a: Rhyperior\n|-damage|p2a: Rhyperior|106/323\n|-unboost|p1a: Raging Bolt|spa|2\n|move|p2a: Rhyperior|Ice Punch|p1a: Raging Bolt\n|-supereffective|p1a: Raging Bolt\n|-damage|p1a: Raging Bolt|127/323\n|\n|upkeep\n|turn|16\n|l| rufoush\n|\n|t:|1781385881\n|move|p1a: Raging Bolt|Draco Meteor|p2a: Rhyperior|[miss]\n|-miss|p1a: Raging Bolt|p2a: Rhyperior\n|move|p2a: Rhyperior|Ice Punch|p1a: Raging Bolt\n|-supereffective|p1a: Raging Bolt\n|-damage|p1a: Raging Bolt|0 fnt\n|faint|p1a: Raging Bolt\n|-end|p1a: Raging Bolt|Protosynthesis|[silent]\n|\n|upkeep\n|-message|Petilil37 forfeited.\n|\n|win|cococem\n", "uploadtime": 1781385575, "views": 12, "formatid": "gen9randombattle", "rating": null, "private": 0, "password": null}