{"id": "gen9randombattle-2631495344", "format": "[Gen 9] Random Battle", "players": ["monrayhudson", "marper8"], "log": "|j|\u2606monrayhudson\n|j|\u2606marper8\n|t:|1781392288\n|gametype|singles\n|player|p1|monrayhudson|blue|1957\n|player|p2|marper8|265|2177\n|gen|9\n|tier|[Gen 9] Random Battle\n|rated|\n|rule|Species Clause: Limit one of each Pok\u00e9mon\n|rule|HP Percentage Mod: HP is shown in percentages\n|rule|Sleep Clause Mod: Limit one foe put to sleep\n|rule|Illusion Level Mod: Illusion disguises the Pok\u00e9mon's true level\n|\n|t:|1781392288\n|teamsize|p1|6\n|teamsize|p2|6\n|start\n|switch|p1a: Blaziken|Blaziken, L76, F|247/247\n|switch|p2a: Greedent|Greedent, L86, M|347/347\n|turn|1\n|inactive|Battle timer is ON: inactive players will automatically lose when time's up. (requested by marper8)\n|\n|t:|1781392307\n|move|p1a: Blaziken|Swords Dance|p1a: Blaziken\n|-boost|p1a: Blaziken|atk|2\n|move|p2a: Greedent|Earthquake|p1a: Blaziken\n|-supereffective|p1a: Blaziken\n|-damage|p1a: Blaziken|71/247\n|\n|-ability|p1a: Blaziken|Speed Boost|boost\n|-boost|p1a: Blaziken|spe|1\n|upkeep\n|turn|2\n|\n|t:|1781392325\n|-terastallize|p2a: Greedent|Ghost\n|move|p1a: Blaziken|Close Combat|p2a: Greedent\n|-immune|p2a: Greedent\n|move|p2a: Greedent|Earthquake|p1a: Blaziken\n|-supereffective|p1a: Blaziken\n|-damage|p1a: Blaziken|0 fnt\n|faint|p1a: Blaziken\n|\n|upkeep\n|\n|t:|1781392336\n|switch|p1a: Honchkrow|Honchkrow, L86, F|312/312\n|turn|3\n|\n|t:|1781392342\n|switch|p2a: Ampharos|Ampharos, L88, F|302/302\n|move|p1a: Honchkrow|Lash Out|p2a: Ampharos\n|-damage|p2a: Ampharos|193/302\n|\n|upkeep\n|turn|4\n|\n|t:|1781392361\n|switch|p1a: Rhydon|Rhydon, L85, F|317/317\n|move|p2a: Ampharos|Discharge|p1a: Rhydon\n|-ability|p1a: Rhydon|Lightning Rod|boost\n|-boost|p1a: Rhydon|spa|1\n|\n|upkeep\n|turn|5\n|\n|t:|1781392366\n|move|p2a: Ampharos|Focus Blast|p1a: Rhydon\n|-supereffective|p1a: Rhydon\n|-damage|p1a: Rhydon|81/317\n|move|p1a: Rhydon|Stealth Rock|p2a: Ampharos\n|-sidestart|p2: marper8|move: Stealth Rock\n|\n|upkeep\n|turn|6\n|\n|t:|1781392371\n|move|p2a: Ampharos|Focus Blast|p1a: Rhydon\n|-supereffective|p1a: Rhydon\n|-damage|p1a: Rhydon|0 fnt\n|faint|p1a: Rhydon\n|\n|upkeep\n|-message|monrayhudson forfeited.\n|\n|win|marper8\n", "uploadtime": 1781392290, "views": 3, "formatid": "gen9randombattle", "rating": null, "private": 0, "password": null}