{"id": "gen9randombattle-2631374441", "format": "[Gen 9] Random Battle", "players": ["Micael Lopes", "pineapplenoah"], "log": "|j|\u2606Micael Lopes\n|j|\u2606pineapplenoah\n|t:|1781377135\n|gametype|singles\n|player|p1|Micael Lopes|benga|1566\n|player|p2|pineapplenoah|linebacker|1606\n|gen|9\n|tier|[Gen 9] Random Battle\n|rated|\n|rule|Species Clause: Limit one of each Pok\u00e9mon\n|rule|HP Percentage Mod: HP is shown in percentages\n|rule|Sleep Clause Mod: Limit one foe put to sleep\n|rule|Illusion Level Mod: Illusion disguises the Pok\u00e9mon's true level\n|\n|t:|1781377135\n|teamsize|p1|6\n|teamsize|p2|6\n|start\n|switch|p1a: Jumpluff|Jumpluff, L87, F|271/271\n|switch|p2a: Great Tusk|Great Tusk, L77|304/304\n|turn|1\n|inactive|Battle timer is ON: inactive players will automatically lose when time's up. (requested by Micael Lopes)\n|\n|t:|1781377164\n|-end|p2a: Great Tusk|Protosynthesis|[silent]\n|switch|p2a: Luxray|Luxray, L88, F|284/284\n|-ability|p2a: Luxray|Intimidate|boost\n|-unboost|p1a: Jumpluff|atk|1\n|move|p1a: Jumpluff|Strength Sap|p2a: Luxray\n|-unboost|p2a: Luxray|atk|1\n|\n|upkeep\n|turn|2\n|\n|t:|1781377178\n|move|p1a: Jumpluff|U-turn|p2a: Luxray\n|-damage|p2a: Luxray|260/284\n|\n|t:|1781377181\n|switch|p1a: Magmortar|Magmortar, L88, F|275/275|[from] U-turn\n|move|p2a: Luxray|Ice Fang|p1a: Magmortar\n|-resisted|p1a: Magmortar\n|-damage|p1a: Magmortar|253/275\n|\n|upkeep\n|turn|3\n|\n|t:|1781377190\n|switch|p2a: Eelektross|Eelektross, L87, M|290/290\n|move|p1a: Magmortar|Scorching Sands|p2a: Eelektross\n|-immune|p2a: Eelektross|[from] ability: Levitate\n|\n|upkeep\n|turn|4\n|\n|t:|1781377199\n|switch|p1a: Jumpluff|Jumpluff, L87, F|271/271\n|move|p2a: Eelektross|Discharge|p1a: Jumpluff\n|-damage|p1a: Jumpluff|180/271\n|\n|upkeep\n|turn|5\n|\n|t:|1781377208\n|move|p1a: Jumpluff|Encore|p2a: Eelektross\n|-start|p2a: Eelektross|Encore\n|move|p2a: Eelektross|Discharge|p1a: Jumpluff\n|-damage|p1a: Jumpluff|93/271\n|\n|upkeep\n|turn|6\n|\n|t:|1781377217\n|move|p1a: Jumpluff|U-turn|p2a: Eelektross\n|-damage|p2a: Eelektross|250/290\n|\n|t:|1781377219\n|switch|p1a: Miraidon|Miraidon, L65|238/238|[from] U-turn\n|-fieldstart|move: Electric Terrain|[from] ability: Hadron Engine|[of] p1a: Miraidon\n|move|p2a: Eelektross|Discharge|p1a: Miraidon\n|-resisted|p1a: Miraidon\n|-damage|p1a: Miraidon|211/238\n|\n|upkeep\n|turn|7\n|\n|t:|1781377230\n|switch|p2a: Revavroom|Revavroom, L79, M|256/256\n|move|p1a: Miraidon|Draco Meteor|p2a: Revavroom\n|-resisted|p2a: Revavroom\n|-crit|p2a: Revavroom\n|-damage|p2a: Revavroom|41/256\n|-unboost|p1a: Miraidon|spa|2\n|\n|upkeep\n|turn|8\n|\n|t:|1781377237\n|move|p1a: Miraidon|Draco Meteor|p2a: Revavroom\n|-resisted|p2a: Revavroom\n|-damage|p2a: Revavroom|0 fnt\n|-unboost|p1a: Miraidon|spa|2\n|faint|p2a: Revavroom\n|\n|upkeep\n|\n|t:|1781377244\n|switch|p2a: Luxray|Luxray, L88, F|260/284\n|-ability|p2a: Luxray|Intimidate|boost\n|-unboost|p1a: Miraidon|atk|1\n|turn|9\n|\n|t:|1781377249\n|switch|p1a: Magmortar|Magmortar, L88, F|253/275\n|move|p2a: Luxray|Ice Fang|p1a: Magmortar\n|-resisted|p1a: Magmortar\n|-damage|p1a: Magmortar|217/275\n|\n|upkeep\n|turn|10\n|inactive|pineapplenoah has 120 seconds left.\n|\n|t:|1781377283\n|move|p1a: Magmortar|Scorching Sands|p2a: Luxray\n|-supereffective|p2a: Luxray\n|-damage|p2a: Luxray|110/284\n|-status|p2a: Luxray|brn\n|move|p2a: Luxray|Wild Charge|p1a: Magmortar\n|-crit|p1a: Magmortar\n|-damage|p1a: Magmortar|83/275\n|-damage|p2a: Luxray|76/284 brn|[from] Recoil\n|\n|-damage|p2a: Luxray|59/284 brn|[from] brn\n|-fieldend|move: Electric Terrain\n|upkeep\n|turn|11\n|inactive|pineapplenoah has 120 seconds left.\n|\n|t:|1781377295\n|switch|p1a: Miraidon|Miraidon, L65|211/238\n|-fieldstart|move: Electric Terrain|[from] ability: Hadron Engine|[of] p1a: Miraidon\n|move|p2a: Luxray|Wild Charge|p1a: Miraidon\n|-resisted|p1a: Miraidon\n|-crit|p1a: Miraidon\n|-damage|p1a: Miraidon|178/238\n|-damage|p2a: Luxray|51/284 brn|[from] Recoil\n|\n|-damage|p2a: Luxray|34/284 brn|[from] brn\n|upkeep\n|turn|12\n|\n|t:|1781377300\n|move|p1a: Miraidon|Volt Switch|p2a: Luxray\n|-resisted|p2a: Luxray\n|-damage|p2a: Luxray|0 fnt\n|faint|p2a: Luxray\n|\n|t:|1781377305\n|switch|p1a: Magmortar|Magmortar, L88, F|83/275|[from] Volt Switch\n|\n|upkeep\n|\n|t:|1781377310\n|switch|p2a: Arceus|Arceus-Water, L71|288/288\n|turn|13\n|\n|t:|1781377333\n|switch|p1a: Jumpluff|Jumpluff, L87, F|93/271\n|move|p2a: Arceus|Calm Mind|p2a: Arceus\n|-boost|p2a: Arceus|spa|1\n|-boost|p2a: Arceus|spd|1\n|\n|upkeep\n|turn|14\n|\n|t:|1781377348\n|move|p1a: Jumpluff|Encore|p2a: Arceus\n|-start|p2a: Arceus|Encore\n|move|p2a: Arceus|Calm Mind|p2a: Arceus\n|-boost|p2a: Arceus|spa|1\n|-boost|p2a: Arceus|spd|1\n|\n|upkeep\n|turn|15\n|\n|t:|1781377352\n|move|p1a: Jumpluff|Strength Sap|p2a: Arceus\n|-unboost|p2a: Arceus|atk|1\n|-heal|p1a: Jumpluff|268/271\n|move|p2a: Arceus|Calm Mind|p2a: Arceus\n|-boost|p2a: Arceus|spa|1\n|-boost|p2a: Arceus|spd|1\n|\n|-fieldend|move: Electric Terrain\n|upkeep\n|turn|16\n|\n|t:|1781377375\n|move|p1a: Jumpluff|Acrobatics|p2a: Arceus\n|-damage|p2a: Arceus|216/288\n|move|p2a: Arceus|Calm Mind|p2a: Arceus\n|-boost|p2a: Arceus|spa|1\n|-boost|p2a: Arceus|spd|1\n|\n|-end|p2a: Arceus|Encore\n|upkeep\n|turn|17\n|\n|t:|1781377385\n|move|p1a: Jumpluff|Encore|p2a: Arceus\n|-start|p2a: Arceus|Encore\n|move|p2a: Arceus|Calm Mind|p2a: Arceus\n|-boost|p2a: Arceus|spa|1\n|-boost|p2a: Arceus|spd|1\n|\n|upkeep\n|turn|18\n|\n|t:|1781377398\n|move|p1a: Jumpluff|Acrobatics|p2a: Arceus\n|-damage|p2a: Arceus|138/288\n|move|p2a: Arceus|Calm Mind|p2a: Arceus\n|-boost|p2a: Arceus|spa|1\n|-boost|p2a: Arceus|spd|1\n|\n|upkeep\n|turn|19\n|\n|t:|1781377404\n|switch|p2a: Groudon|Groudon, L72|263/263\n|-weather|SunnyDay|[from] ability: Drought|[of] p2a: Groudon\n|move|p1a: Jumpluff|Acrobatics|p2a: Groudon\n|-damage|p2a: Groudon|197/263\n|\n|-weather|SunnyDay|[upkeep]\n|-heal|p2a: Groudon|213/263|[from] item: Leftovers\n|upkeep\n|turn|20\n|inactive|Micael Lopes has 120 seconds left.\n|\n|t:|1781377442\n|move|p1a: Jumpluff|Strength Sap|p2a: Groudon\n|-unboost|p2a: Groudon|atk|1\n|-heal|p1a: Jumpluff|271/271\n|move|p2a: Groudon|Roar|p1a: Jumpluff\n|drag|p1a: Magmortar|Magmortar, L88, F|83/275\n|\n|-weather|SunnyDay|[upkeep]\n|-heal|p2a: Groudon|229/263|[from] item: Leftovers\n|upkeep\n|turn|21\n|inactive|Micael Lopes has 120 seconds left.\n|\n|t:|1781377457\n|move|p1a: Magmortar|Fire Blast|p2a: Groudon\n|-damage|p2a: Groudon|0 fnt\n|faint|p2a: Groudon\n|\n|-weather|SunnyDay|[upkeep]\n|upkeep\n|\n|t:|1781377462\n|switch|p2a: Arceus|Arceus-Water, L71|138/288\n|turn|22\n|\n|t:|1781377473\n|switch|p1a: Jumpluff|Jumpluff, L87, F|271/271\n|move|p2a: Arceus|Recover|p2a: Arceus\n|-heal|p2a: Arceus|282/288\n|\n|-weather|SunnyDay|[upkeep]\n|upkeep\n|turn|23\n|\n|t:|1781377481\n|switch|p2a: Eelektross|Eelektross, L87, M|250/290\n|move|p1a: Jumpluff|Strength Sap|p2a: Eelektross\n|-unboost|p2a: Eelektross|atk|1\n|\n|-weather|none\n|upkeep\n|turn|24\n|\n|t:|1781377494\n|move|p1a: Jumpluff|U-turn|p2a: Eelektross\n|-crit|p2a: Eelektross\n|-damage|p2a: Eelektross|193/290\n|inactive|Micael Lopes has 120 seconds left.\n|\n|t:|1781377529\n|switch|p1a: Miraidon|Miraidon, L65|178/238|[from] U-turn\n|-fieldstart|move: Electric Terrain|[from] ability: Hadron Engine|[of] p1a: Miraidon\n|move|p2a: Eelektross|U-turn|p1a: Miraidon\n|-damage|p1a: Miraidon|133/238\n|\n|t:|1781377538\n|switch|p2a: Great Tusk|Great Tusk, L77|304/304|[from] U-turn\n|\n|upkeep\n|turn|25\n|inactive|Micael Lopes has 120 seconds left.\n|\n|t:|1781377571\n|move|p1a: Miraidon|Draco Meteor|p2a: Great Tusk\n|-damage|p2a: Great Tusk|0 fnt\n|-unboost|p1a: Miraidon|spa|2\n|faint|p2a: Great Tusk\n|-end|p2a: Great Tusk|Protosynthesis|[silent]\n|\n|upkeep\n|\n|t:|1781377574\n|switch|p2a: Eelektross|Eelektross, L87, M|193/290\n|turn|26\n|\n|t:|1781377595\n|move|p1a: Miraidon|Draco Meteor|p2a: Eelektross\n|-damage|p2a: Eelektross|111/290\n|-unboost|p1a: Miraidon|spa|2\n|move|p2a: Eelektross|Knock Off|p1a: Miraidon\n|-damage|p1a: Miraidon|37/238\n|-enditem|p1a: Miraidon|Choice Specs|[from] move: Knock Off|[of] p2a: Eelektross\n|\n|upkeep\n|turn|27\n|\n|t:|1781377609\n|move|p1a: Miraidon|Volt Switch|p2a: Eelektross\n|-resisted|p2a: Eelektross\n|-damage|p2a: Eelektross|98/290\n|\n|t:|1781377616\n|switch|p1a: Jumpluff|Jumpluff, L87, F|271/271|[from] Volt Switch\n|move|p2a: Eelektross|Knock Off|p1a: Jumpluff\n|-damage|p1a: Jumpluff|208/271\n|\n|upkeep\n|turn|28\n|\n|t:|1781377629\n|move|p1a: Jumpluff|Encore|p2a: Eelektross\n|-start|p2a: Eelektross|Encore\n|move|p2a: Eelektross|Knock Off|p1a: Jumpluff\n|-damage|p1a: Jumpluff|145/271\n|\n|-fieldend|move: Electric Terrain\n|upkeep\n|turn|29\n|\n|t:|1781377634\n|move|p1a: Jumpluff|Strength Sap|p2a: Eelektross\n|-unboost|p2a: Eelektross|atk|1\n|-heal|p1a: Jumpluff|271/271\n|move|p2a: Eelektross|Knock Off|p1a: Jumpluff\n|-damage|p1a: Jumpluff|224/271\n|\n|upkeep\n|turn|30\n|-message|pineapplenoah forfeited.\n|\n|win|Micael Lopes\n|raw|Micael Lopes's rating: 1607 &rarr; <strong>1627</strong><br />(+20 for winning)\n|raw|pineapplenoah's rating: 1606 &rarr; <strong>1586</strong><br />(-20 for losing)\n|l|\u2606pineapplenoah\n|player|p2|\n|c|\u2606Micael Lopes|**__Sexy game.__**\n", "uploadtime": 1781377642, "views": 6, "formatid": "gen9randombattle", "rating": 1586, "private": 0, "password": null}