{"id": "gen9randombattle-2631694845", "format": "[Gen 9] Random Battle", "players": ["PotatoeOfLife", "drjfg"], "log": "|j|\u2606PotatoeOfLife\n|j|\u2606drjfg\n|t:|1781423357\n|gametype|singles\n|player|p1|PotatoeOfLife|pokemonbreeder-gen4|1965\n|player|p2|drjfg|101|1935\n|gen|9\n|tier|[Gen 9] Random Battle\n|rated|\n|rule|Species Clause: Limit one of each Pok\u00e9mon\n|rule|HP Percentage Mod: HP is shown in percentages\n|rule|Sleep Clause Mod: Limit one foe put to sleep\n|rule|Illusion Level Mod: Illusion disguises the Pok\u00e9mon's true level\n|\n|t:|1781423357\n|teamsize|p1|6\n|teamsize|p2|6\n|start\n|switch|p1a: Sinistcha|Sinistcha, L83|254/254\n|switch|p2a: Greedent|Greedent, L86, F|347/347\n|turn|1\n|inactive|Battle timer is ON: inactive players will automatically lose when time's up. (requested by drjfg)\n|\n|t:|1781423394\n|move|p1a: Sinistcha|Calm Mind|p1a: Sinistcha\n|-boost|p1a: Sinistcha|spa|1\n|-boost|p1a: Sinistcha|spd|1\n|move|p2a: Greedent|Knock Off|p1a: Sinistcha\n|-supereffective|p1a: Sinistcha\n|-damage|p1a: Sinistcha|134/254\n|-enditem|p1a: Sinistcha|Leftovers|[from] move: Knock Off|[of] p2a: Greedent\n|\n|upkeep\n|turn|2\n|\n|t:|1781423400\n|switch|p2a: Goodra|Goodra, L85, M|292/292\n|move|p1a: Sinistcha|Calm Mind|p1a: Sinistcha\n|-boost|p1a: Sinistcha|spa|1\n|-boost|p1a: Sinistcha|spd|1\n|\n|upkeep\n|turn|3\n|\n|t:|1781423405\n|move|p2a: Goodra|Fire Blast|p1a: Sinistcha\n|-supereffective|p1a: Sinistcha\n|-damage|p1a: Sinistcha|88/254\n|move|p1a: Sinistcha|Shadow Ball|p2a: Goodra\n|-damage|p2a: Goodra|204/292\n|\n|upkeep\n|turn|4\n|\n|t:|1781423411\n|move|p2a: Goodra|Fire Blast|p1a: Sinistcha\n|-supereffective|p1a: Sinistcha\n|-damage|p1a: Sinistcha|42/254\n|move|p1a: Sinistcha|Shadow Ball|p2a: Goodra\n|-damage|p2a: Goodra|110/292\n|\n|upkeep\n|turn|5\n|\n|t:|1781423420\n|move|p2a: Goodra|Fire Blast|p1a: Sinistcha\n|-supereffective|p1a: Sinistcha\n|-damage|p1a: Sinistcha|0 fnt\n|faint|p1a: Sinistcha\n|\n|upkeep\n|\n|t:|1781423436\n|switch|p1a: Dragapult|Dragapult, L77, M|262/262\n|turn|6\n|\n|t:|1781423451\n|move|p1a: Dragapult|Dragon Darts|p2a: Goodra\n|-supereffective|p2a: Goodra\n|-damage|p2a: Goodra|0 fnt\n|faint|p2a: Goodra\n|\n|upkeep\n|\n|t:|1781423459\n|switch|p2a: Swampert|Swampert, L83, F|302/302\n|turn|7\n|\n|t:|1781423463\n|move|p1a: Dragapult|Will-O-Wisp|p2a: Swampert\n|-status|p2a: Swampert|brn\n|move|p2a: Swampert|Knock Off|p1a: Dragapult\n|-supereffective|p1a: Dragapult\n|-damage|p1a: Dragapult|166/262\n|-enditem|p1a: Dragapult|Heavy-Duty Boots|[from] move: Knock Off|[of] p2a: Swampert\n|\n|-damage|p2a: Swampert|284/302 brn|[from] brn\n|upkeep\n|turn|8\n|\n|t:|1781423470\n|move|p1a: Dragapult|Hex|p2a: Swampert\n|-damage|p2a: Swampert|157/302 brn\n|move|p2a: Swampert|Ice Beam|p1a: Dragapult\n|-supereffective|p1a: Dragapult\n|-damage|p1a: Dragapult|22/262\n|\n|-heal|p2a: Swampert|175/302 brn|[from] item: Leftovers\n|-damage|p2a: Swampert|157/302 brn|[from] brn\n|upkeep\n|turn|9\n|\n|t:|1781423478\n|move|p1a: Dragapult|U-turn|p2a: Swampert\n|-damage|p2a: Swampert|110/302 brn\n|\n|t:|1781423482\n|switch|p1a: Komala|Komala, L88, F|258/258|[from] U-turn\n|-ability|p1a: Komala|Comatose\n|move|p2a: Swampert|Ice Beam|p1a: Komala\n|-damage|p1a: Komala|223/258\n|\n|-heal|p2a: Swampert|128/302 brn|[from] item: Leftovers\n|-damage|p2a: Swampert|110/302 brn|[from] brn\n|upkeep\n|turn|10\n|\n|t:|1781423490\n|move|p1a: Komala|Body Slam|p2a: Swampert\n|-damage|p2a: Swampert|0 fnt\n|faint|p2a: Swampert\n|\n|upkeep\n|\n|t:|1781423494\n|switch|p2a: Palossand|Palossand, L89, M|296/296\n|turn|11\n|\n|t:|1781423497\n|move|p1a: Komala|Knock Off|p2a: Palossand\n|-supereffective|p2a: Palossand\n|-damage|p2a: Palossand|160/296\n|-enditem|p2a: Palossand|Leftovers|[from] move: Knock Off|[of] p1a: Komala\n|move|p2a: Palossand|Stealth Rock|p1a: Komala\n|-sidestart|p1: PotatoeOfLife|move: Stealth Rock\n|\n|upkeep\n|turn|12\n|\n|t:|1781423502\n|move|p1a: Komala|Knock Off|p2a: Palossand\n|-supereffective|p2a: Palossand\n|-damage|p2a: Palossand|64/296\n|move|p2a: Palossand|Shore Up|p2a: Palossand\n|-heal|p2a: Palossand|212/296\n|\n|upkeep\n|turn|13\n|\n|t:|1781423517\n|move|p1a: Komala|Knock Off|p2a: Palossand\n|-supereffective|p2a: Palossand\n|-damage|p2a: Palossand|118/296\n|move|p2a: Palossand|Shore Up|p2a: Palossand\n|-heal|p2a: Palossand|266/296\n|\n|upkeep\n|turn|14\n|\n|t:|1781423520\n|move|p1a: Komala|Knock Off|p2a: Palossand\n|-supereffective|p2a: Palossand\n|-damage|p2a: Palossand|164/296\n|move|p2a: Palossand|Earth Power|p1a: Komala\n|-damage|p1a: Komala|156/258\n|\n|upkeep\n|turn|15\n|\n|t:|1781423526\n|move|p1a: Komala|Knock Off|p2a: Palossand\n|-supereffective|p2a: Palossand\n|-damage|p2a: Palossand|74/296\n|move|p2a: Palossand|Earth Power|p1a: Komala\n|-damage|p1a: Komala|90/258\n|\n|upkeep\n|turn|16\n|\n|t:|1781423533\n|move|p1a: Komala|Knock Off|p2a: Palossand\n|-supereffective|p2a: Palossand\n|-damage|p2a: Palossand|0 fnt\n|faint|p2a: Palossand\n|\n|upkeep\n|\n|t:|1781423537\n|switch|p2a: Indeedee|Indeedee-F, L90, F|272/272\n|-fieldstart|move: Psychic Terrain|[from] ability: Psychic Surge|[of] p2a: Indeedee\n|turn|17\n|\n|t:|1781423545\n|move|p2a: Indeedee|Psyshock|p1a: Komala\n|-damage|p1a: Komala|0 fnt\n|faint|p1a: Komala\n|\n|upkeep\n|\n|t:|1781423552\n|switch|p1a: Oinkologne|Oinkologne, L92, M|352/352\n|-damage|p1a: Oinkologne|308/352|[from] Stealth Rock\n|turn|18\n|\n|t:|1781423556\n|move|p2a: Indeedee|Psyshock|p1a: Oinkologne\n|-damage|p1a: Oinkologne|119/352\n|move|p1a: Oinkologne|Body Slam|p2a: Indeedee\n|-damage|p2a: Indeedee|149/272\n|-status|p2a: Indeedee|par\n|\n|-heal|p1a: Oinkologne|141/352|[from] item: Leftovers\n|upkeep\n|turn|19\n|\n|t:|1781423564\n|move|p1a: Oinkologne|Lash Out|p2a: Indeedee\n|-supereffective|p2a: Indeedee\n|-damage|p2a: Indeedee|0 fnt\n|faint|p2a: Indeedee\n|\n|-heal|p1a: Oinkologne|163/352|[from] item: Leftovers\n|upkeep\n|inactive|drjfg has 120 seconds left.\n|inactive|drjfg has 90 seconds left.\n|\n|t:|1781423641\n|switch|p2a: Greedent|Greedent, L86, F|347/347\n|turn|20\n|\n|t:|1781423646\n|move|p1a: Oinkologne|Curse|p1a: Oinkologne\n|-unboost|p1a: Oinkologne|spe|1\n|-boost|p1a: Oinkologne|atk|1\n|-boost|p1a: Oinkologne|def|1\n|move|p2a: Greedent|Knock Off|p1a: Oinkologne\n|-damage|p1a: Oinkologne|116/352\n|-enditem|p1a: Oinkologne|Leftovers|[from] move: Knock Off|[of] p2a: Greedent\n|\n|upkeep\n|turn|21\n|inactive|drjfg has 90 seconds left.\n|\n|t:|1781423674\n|move|p1a: Oinkologne|Body Slam|p2a: Greedent\n|-damage|p2a: Greedent|190/347\n|move|p2a: Greedent|Swords Dance|p2a: Greedent\n|-boost|p2a: Greedent|atk|2\n|\n|-fieldend|move: Psychic Terrain\n|upkeep\n|turn|22\n|\n|t:|1781423685\n|move|p1a: Oinkologne|Body Slam|p2a: Greedent\n|-damage|p2a: Greedent|36/347\n|-status|p2a: Greedent|par\n|-enditem|p2a: Greedent|Sitrus Berry|[eat]\n|-heal|p2a: Greedent|122/347 par|[from] item: Sitrus Berry\n|-heal|p2a: Greedent|237/347 par|[from] ability: Cheek Pouch\n|cant|p2a: Greedent|par\n|\n|upkeep\n|turn|23\n|inactive|drjfg has 90 seconds left.\n|\n|t:|1781423697\n|move|p1a: Oinkologne|Curse|p1a: Oinkologne\n|-unboost|p1a: Oinkologne|spe|1\n|-boost|p1a: Oinkologne|atk|1\n|-boost|p1a: Oinkologne|def|1\n|cant|p2a: Greedent|par\n|\n|upkeep\n|turn|24\n|\n|t:|1781423699\n|move|p1a: Oinkologne|Body Slam|p2a: Greedent\n|-damage|p2a: Greedent|24/347 par\n|move|p2a: Greedent|Double-Edge|p1a: Oinkologne\n|-damage|p1a: Oinkologne|0 fnt\n|faint|p1a: Oinkologne\n|-damage|p2a: Greedent|0 fnt|[from] Recoil\n|faint|p2a: Greedent\n|\n|upkeep\n|inactive|drjfg has 90 seconds left.\n|\n|t:|1781423719\n|switch|p1a: Hitmonchan|Hitmonchan, L87, M|229/229\n|switch|p2a: Exeggutor|Exeggutor-Alola, L89, M|314/314\n|-damage|p1a: Hitmonchan|215/229|[from] Stealth Rock\n|-item|p1a: Hitmonchan|Life Orb|[from] ability: Frisk|[of] p2a: Exeggutor\n|turn|25\n|inactive|drjfg has 90 seconds left.\n|\n|t:|1781423728\n|move|p1a: Hitmonchan|Ice Punch|p2a: Exeggutor\n|-supereffective|p2a: Exeggutor\n|-damage|p2a: Exeggutor|0 fnt\n|faint|p2a: Exeggutor\n|-damage|p1a: Hitmonchan|193/229|[from] item: Life Orb\n|\n|win|PotatoeOfLife\n|raw|PotatoeOfLife's rating: 1965 &rarr; <strong>1983</strong><br />(+18 for winning)\n|raw|drjfg's rating: 1935 &rarr; <strong>1917</strong><br />(-18 for losing)\n", "uploadtime": 1781423728, "views": 4, "formatid": "gen9randombattle", "rating": 1917, "private": 0, "password": null}