{"id": "gen9randombattle-2631754673", "format": "[Gen 9] Random Battle", "players": ["Henningsen", "basic-burger"], "log": "|j|\u2606Henningsen\n|j|\u2606basic-burger\n|t:|1781434336\n|gametype|singles\n|player|p1|Henningsen|dawn|1439\n|player|p2|basic-burger|1|1451\n|gen|9\n|tier|[Gen 9] Random Battle\n|rated|\n|rule|Species Clause: Limit one of each Pok\u00e9mon\n|rule|HP Percentage Mod: HP is shown in percentages\n|rule|Sleep Clause Mod: Limit one foe put to sleep\n|rule|Illusion Level Mod: Illusion disguises the Pok\u00e9mon's true level\n|\n|t:|1781434336\n|teamsize|p1|6\n|teamsize|p2|6\n|start\n|switch|p1a: Tyranitar|Tyranitar, L78, M|284/284\n|switch|p2a: Basculin|Basculin, L86, F|261/261\n|-weather|Sandstorm|[from] ability: Sand Stream|[of] p1a: Tyranitar\n|turn|1\n|\n|t:|1781434355\n|switch|p1a: Raging Bolt|Raging Bolt, L78|323/323\n|move|p2a: Basculin|Flip Turn|p1a: Raging Bolt\n|-resisted|p1a: Raging Bolt\n|-damage|p1a: Raging Bolt|255/323\n|\n|t:|1781434370\n|switch|p2a: Hypno|Hypno, L95, F|315/315|[from] Flip Turn\n|\n|-weather|Sandstorm|[upkeep]\n|-damage|p2a: Hypno|296/315|[from] Sandstorm\n|-damage|p1a: Raging Bolt|235/323|[from] Sandstorm\n|-heal|p2a: Hypno|315/315|[from] item: Leftovers\n|upkeep\n|turn|2\n|\n|t:|1781434376\n|switch|p2a: Thundurus|Thundurus-Therian, L80, M|258/258\n|move|p1a: Raging Bolt|Volt Switch|p2a: Thundurus\n|-immune|p2a: Thundurus|[from] ability: Volt Absorb\n|\n|-weather|Sandstorm|[upkeep]\n|-damage|p2a: Thundurus|242/258|[from] Sandstorm\n|-damage|p1a: Raging Bolt|215/323|[from] Sandstorm\n|upkeep\n|turn|3\n|\n|t:|1781434389\n|switch|p2a: Hypno|Hypno, L95, F|315/315\n|move|p1a: Raging Bolt|Draco Meteor|p2a: Hypno\n|-damage|p2a: Hypno|198/315\n|-unboost|p1a: Raging Bolt|spa|2\n|\n|-weather|Sandstorm|[upkeep]\n|-damage|p2a: Hypno|179/315|[from] Sandstorm\n|-damage|p1a: Raging Bolt|195/323|[from] Sandstorm\n|-heal|p2a: Hypno|198/315|[from] item: Leftovers\n|upkeep\n|turn|4\n|\n|t:|1781434399\n|-end|p1a: Raging Bolt|Protosynthesis|[silent]\n|switch|p1a: Heatran|Heatran, L79, F|273/273\n|-item|p1a: Heatran|Air Balloon\n|move|p2a: Hypno|Toxic|p1a: Heatran\n|-immune|p1a: Heatran\n|\n|-weather|Sandstorm|[upkeep]\n|-damage|p2a: Hypno|179/315|[from] Sandstorm\n|-heal|p2a: Hypno|198/315|[from] item: Leftovers\n|upkeep\n|turn|5\n|\n|t:|1781434404\n|move|p2a: Hypno|Focus Blast|p1a: Heatran\n|-supereffective|p1a: Heatran\n|-damage|p1a: Heatran|99/273\n|-enditem|p1a: Heatran|Air Balloon\n|move|p1a: Heatran|Stealth Rock|p2a: Hypno\n|-sidestart|p2: basic-burger|move: Stealth Rock\n|\n|-weather|none\n|-heal|p2a: Hypno|217/315|[from] item: Leftovers\n|upkeep\n|turn|6\n|\n|t:|1781434410\n|switch|p1a: Cramorant|Cramorant, L86, M|261/261\n|move|p2a: Hypno|Focus Blast|p1a: Cramorant|[miss]\n|-miss|p2a: Hypno|p1a: Cramorant\n|\n|-heal|p2a: Hypno|236/315|[from] item: Leftovers\n|upkeep\n|turn|7\n|\n|t:|1781434416\n|move|p1a: Cramorant|Brave Bird|p2a: Hypno\n|-damage|p2a: Hypno|118/315\n|-damage|p1a: Cramorant|222/261|[from] Recoil\n|move|p2a: Hypno|Toxic|p1a: Cramorant\n|-status|p1a: Cramorant|tox\n|\n|-heal|p2a: Hypno|137/315|[from] item: Leftovers\n|-damage|p1a: Cramorant|206/261 tox|[from] psn\n|upkeep\n|turn|8\n|\n|t:|1781434421\n|move|p2a: Hypno|Protect|p2a: Hypno\n|-singleturn|p2a: Hypno|Protect\n|move|p1a: Cramorant|Brave Bird|p2a: Hypno\n|-activate|p2a: Hypno|move: Protect\n|\n|-heal|p2a: Hypno|156/315|[from] item: Leftovers\n|-damage|p1a: Cramorant|174/261 tox|[from] psn\n|upkeep\n|turn|9\n|\n|t:|1781434423\n|move|p1a: Cramorant|Brave Bird|p2a: Hypno\n|-damage|p2a: Hypno|27/315\n|-damage|p1a: Cramorant|131/261 tox|[from] Recoil\n|move|p2a: Hypno|Psychic Noise|p1a: Cramorant\n|-damage|p1a: Cramorant|58/261 tox\n|-start|p1a: Cramorant|move: Heal Block\n|\n|-heal|p2a: Hypno|46/315|[from] item: Leftovers\n|-damage|p1a: Cramorant|10/261 tox|[from] psn\n|upkeep\n|turn|10\n|\n|t:|1781434429\n|move|p2a: Hypno|Protect|p2a: Hypno\n|-singleturn|p2a: Hypno|Protect\n|move|p1a: Cramorant|Surf|p2a: Hypno\n|-activate|p2a: Hypno|move: Protect\n|\n|-heal|p2a: Hypno|65/315|[from] item: Leftovers\n|-damage|p1a: Cramorant|0 fnt|[from] psn\n|faint|p1a: Cramorant\n|upkeep\n|inactive|Battle timer is ON: inactive players will automatically lose when time's up. (requested by basic-burger)\n|\n|t:|1781434442\n|switch|p1a: Raging Bolt|Raging Bolt, L78|195/323\n|turn|11\n|\n|t:|1781434455\n|move|p2a: Hypno|Toxic|p1a: Raging Bolt\n|-status|p1a: Raging Bolt|tox\n|move|p1a: Raging Bolt|Draco Meteor|p2a: Hypno\n|-damage|p2a: Hypno|0 fnt\n|-unboost|p1a: Raging Bolt|spa|2\n|faint|p2a: Hypno\n|\n|-damage|p1a: Raging Bolt|175/323 tox|[from] psn\n|upkeep\n|\n|t:|1781434468\n|switch|p2a: Garchomp|Garchomp, L74, F|282/282\n|-damage|p2a: Garchomp|265/282|[from] Stealth Rock\n|turn|12\n|\n|t:|1781434481\n|-end|p1a: Raging Bolt|Protosynthesis|[silent]\n|switch|p1a: Heatran|Heatran, L79, F|99/273\n|move|p2a: Garchomp|Stealth Rock|p1a: Heatran\n|-sidestart|p1: Henningsen|move: Stealth Rock\n|\n|upkeep\n|turn|13\n|\n|t:|1781434487\n|move|p2a: Garchomp|Earthquake|p1a: Heatran\n|-supereffective|p1a: Heatran\n|-damage|p1a: Heatran|0 fnt\n|faint|p1a: Heatran\n|\n|upkeep\n|\n|t:|1781434498\n|switch|p1a: Ariados|Ariados, L95, M|287/287\n|turn|14\n|inactive|basic-burger has 120 seconds left.\n|\n|t:|1781434534\n|switch|p2a: Necrozma|Necrozma, L80|286/286\n|-damage|p2a: Necrozma|251/286|[from] Stealth Rock\n|move|p1a: Ariados|Sticky Web|p2a: Necrozma\n|-sidestart|p2: basic-burger|move: Sticky Web\n|\n|upkeep\n|turn|15\n|inactive|basic-burger has 120 seconds left.\n|\n|t:|1781434553\n|switch|p1a: Tyranitar|Tyranitar, L78, M|284/284\n|-damage|p1a: Tyranitar|249/284|[from] Stealth Rock\n|-weather|Sandstorm|[from] ability: Sand Stream|[of] p1a: Tyranitar\n|move|p2a: Necrozma|Photon Geyser|p1a: Tyranitar\n|-immune|p1a: Tyranitar\n|\n|-weather|Sandstorm|[upkeep]\n|-damage|p2a: Necrozma|234/286|[from] Sandstorm\n|upkeep\n|turn|16\n|\n|t:|1781434559\n|-terastallize|p2a: Necrozma|Steel\n|move|p2a: Necrozma|Swords Dance|p2a: Necrozma\n|-boost|p2a: Necrozma|atk|2\n|move|p1a: Tyranitar|Dragon Dance|p1a: Tyranitar\n|-boost|p1a: Tyranitar|atk|1\n|-boost|p1a: Tyranitar|spe|1\n|\n|-weather|Sandstorm|[upkeep]\n|upkeep\n|turn|17\n|\n|t:|1781434564\n|move|p1a: Tyranitar|Earthquake|p2a: Necrozma\n|-supereffective|p2a: Necrozma\n|-damage|p2a: Necrozma|80/286\n|move|p2a: Necrozma|Earthquake|p1a: Tyranitar\n|-supereffective|p1a: Tyranitar\n|-damage|p1a: Tyranitar|0 fnt\n|faint|p1a: Tyranitar\n|-damage|p2a: Necrozma|52/286|[from] item: Life Orb\n|\n|-weather|Sandstorm|[upkeep]\n|upkeep\n|inactive|Henningsen has 120 seconds left.\n|\n|t:|1781434594\n|switch|p1a: Porygon2|Porygon2, L81|270/270\n|-damage|p1a: Porygon2|237/270|[from] Stealth Rock\n|-ability|p1a: Porygon2|Download|boost\n|-boost|p1a: Porygon2|spa|1\n|turn|18\n|inactive|Henningsen has 120 seconds left.\n|\n|t:|1781434607\n|move|p2a: Necrozma|Knock Off|p1a: Porygon2\n|-damage|p1a: Porygon2|108/270\n|-enditem|p1a: Porygon2|Eviolite|[from] move: Knock Off|[of] p2a: Necrozma\n|-damage|p2a: Necrozma|24/286|[from] item: Life Orb\n|move|p1a: Porygon2|Shadow Ball|p2a: Necrozma\n|-damage|p2a: Necrozma|0 fnt\n|faint|p2a: Necrozma\n|\n|-weather|Sandstorm|[upkeep]\n|-damage|p1a: Porygon2|92/270|[from] Sandstorm\n|upkeep\n|\n|t:|1781434617\n|switch|p2a: Thundurus|Thundurus-Therian, L80, M|242/258\n|turn|19\n|\n|t:|1781434626\n|move|p2a: Thundurus|Thunderbolt|p1a: Porygon2\n|-damage|p1a: Porygon2|0 fnt\n|faint|p1a: Porygon2\n|\n|-weather|none\n|upkeep\n|\n|t:|1781434634\n|switch|p1a: Ariados|Ariados, L95, M|287/287\n|turn|20\n|\n|t:|1781434638\n|-terastallize|p1a: Ariados|Ghost\n|move|p2a: Thundurus|Thunderbolt|p1a: Ariados\n|-damage|p1a: Ariados|161/287\n|move|p1a: Ariados|Knock Off|p2a: Thundurus\n|-crit|p2a: Thundurus\n|-damage|p2a: Thundurus|83/258\n|-enditem|p2a: Thundurus|Heavy-Duty Boots|[from] move: Knock Off|[of] p1a: Ariados\n|\n|upkeep\n|turn|21\n|\n|t:|1781434668\n|move|p2a: Thundurus|Thunderbolt|p1a: Ariados\n|-damage|p1a: Ariados|41/287\n|move|p1a: Ariados|Poison Jab|p2a: Thundurus\n|-damage|p2a: Thundurus|0 fnt\n|faint|p2a: Thundurus\n|\n|upkeep\n|\n|t:|1781434671\n|switch|p2a: Basculin|Basculin, L86, F|261/261\n|-damage|p2a: Basculin|229/261|[from] Stealth Rock\n|-activate|p2a: Basculin|move: Sticky Web\n|-unboost|p2a: Basculin|spe|1\n|turn|22\n|\n|t:|1781434687\n|move|p2a: Basculin|Aqua Jet|p1a: Ariados\n|-damage|p1a: Ariados|0 fnt\n|faint|p1a: Ariados\n|\n|upkeep\n|\n|t:|1781434689\n|switch|p1a: Raging Bolt|Raging Bolt, L78|175/323 tox\n|-damage|p1a: Raging Bolt|135/323 tox|[from] Stealth Rock\n|turn|23\n|\n|t:|1781434693\n|move|p2a: Basculin|Aqua Jet|p1a: Raging Bolt\n|-resisted|p1a: Raging Bolt\n|-damage|p1a: Raging Bolt|94/323 tox\n|move|p1a: Raging Bolt|Thunderbolt|p2a: Basculin\n|-supereffective|p2a: Basculin\n|-damage|p2a: Basculin|0 fnt\n|faint|p2a: Basculin\n|\n|-damage|p1a: Raging Bolt|74/323 tox|[from] psn\n|upkeep\n|\n|t:|1781434698\n|switch|p2a: Garchomp|Garchomp, L74, F|265/282\n|-damage|p2a: Garchomp|248/282|[from] Stealth Rock\n|-activate|p2a: Garchomp|move: Sticky Web\n|-unboost|p2a: Garchomp|spe|1\n|turn|24\n|\n|t:|1781434700\n|move|p1a: Raging Bolt|Draco Meteor|p2a: Garchomp\n|-supereffective|p2a: Garchomp\n|-damage|p2a: Garchomp|0 fnt\n|-unboost|p1a: Raging Bolt|spa|2\n|faint|p2a: Garchomp\n|\n|-damage|p1a: Raging Bolt|34/323 tox|[from] psn\n|upkeep\n|\n|t:|1781434702\n|switch|p2a: Dragapult|Dragapult, L77, M|262/262\n|-damage|p2a: Dragapult|230/262|[from] Stealth Rock\n|-activate|p2a: Dragapult|move: Sticky Web\n|-unboost|p2a: Dragapult|spe|1\n|turn|25\n|\n|t:|1781434704\n|move|p2a: Dragapult|Shadow Ball|p1a: Raging Bolt\n|-damage|p1a: Raging Bolt|0 fnt\n|faint|p1a: Raging Bolt\n|-end|p1a: Raging Bolt|Protosynthesis|[silent]\n|\n|win|basic-burger\n|raw|Henningsen's rating: 1439 &rarr; <strong>1420</strong><br />(-19 for losing)\n|raw|basic-burger's rating: 1451 &rarr; <strong>1470</strong><br />(+19 for winning)\n", "uploadtime": 1781434710, "views": 2, "formatid": "gen9randombattle", "rating": 1420, "private": 0, "password": null}