{"id": "gen9randombattle-2631770370", "format": "[Gen 9] Random Battle", "players": ["35Q71N", "alolandrake"], "log": "|j|\u260635Q71N\n|j|\u2606alolandrake\n|t:|1781436960\n|gametype|singles\n|player|p1|35Q71N|byron|2039\n|player|p2|alolandrake|169|2040\n|gen|9\n|tier|[Gen 9] Random Battle\n|rated|\n|rule|Species Clause: Limit one of each Pok\u00e9mon\n|rule|HP Percentage Mod: HP is shown in percentages\n|rule|Sleep Clause Mod: Limit one foe put to sleep\n|rule|Illusion Level Mod: Illusion disguises the Pok\u00e9mon's true level\n|\n|t:|1781436960\n|teamsize|p1|6\n|teamsize|p2|6\n|start\n|switch|p1a: Oricorio|Oricorio-Sensu, L85, M|266/266\n|switch|p2a: Ditto|Ditto, L87|225/225\n|-transform|p2a: Ditto|p1a: Oricorio|[from] ability: Imposter\n|turn|1\n|c|\u260635Q71N|Glhf\n|\n|t:|1781437001\n|switch|p1a: Chansey|Chansey, L85, F|564/564\n|move|p2a: Ditto|Revelation Dance|p1a: Chansey\n|-immune|p1a: Chansey\n|\n|upkeep\n|turn|2\n|\n|t:|1781437036\n|switch|p2a: Gastrodon|Gastrodon-East, L86, M|331/331\n|move|p1a: Chansey|Stealth Rock|p2a: Gastrodon\n|-sidestart|p2: alolandrake|move: Stealth Rock\n|\n|upkeep\n|turn|3\n|j| afdasfafafdsaf\n|\n|t:|1781437066\n|switch|p1a: Hydrapple|Hydrapple, L83, M|312/312\n|move|p2a: Gastrodon|Earthquake|p1a: Hydrapple\n|-resisted|p1a: Hydrapple\n|-damage|p1a: Hydrapple|267/312\n|\n|upkeep\n|turn|4\n|\n|t:|1781437099\n|move|p1a: Hydrapple|Draco Meteor|p2a: Gastrodon|[miss]\n|-miss|p1a: Hydrapple|p2a: Gastrodon\n|move|p2a: Gastrodon|Ice Beam|p1a: Hydrapple\n|-supereffective|p1a: Hydrapple\n|-damage|p1a: Hydrapple|0 fnt\n|faint|p1a: Hydrapple\n|\n|upkeep\n|\n|t:|1781437116\n|switch|p1a: Slither Wing|Slither Wing, L81|270/270\n|turn|5\n|\n|t:|1781437131\n|move|p1a: Slither Wing|Will-O-Wisp|p2a: Gastrodon\n|-status|p2a: Gastrodon|brn\n|move|p2a: Gastrodon|Surf|p1a: Slither Wing\n|-damage|p1a: Slither Wing|186/270\n|\n|-damage|p2a: Gastrodon|311/331 brn|[from] brn\n|upkeep\n|turn|6\n|\n|t:|1781437164\n|move|p1a: Slither Wing|U-turn|p2a: Gastrodon\n|-damage|p2a: Gastrodon|212/331 brn\n|\n|t:|1781437171\n|-end|p1a: Slither Wing|Protosynthesis|[silent]\n|switch|p1a: Golduck|Golduck, L90, F|290/290|[from] U-turn\n|-ability|p1a: Golduck|Cloud Nine\n|move|p2a: Gastrodon|Surf|p1a: Golduck\n|-resisted|p1a: Golduck\n|-damage|p1a: Golduck|246/290\n|\n|-heal|p1a: Golduck|264/290|[from] item: Leftovers\n|-heal|p2a: Gastrodon|232/331 brn|[from] item: Leftovers\n|-damage|p2a: Gastrodon|212/331 brn|[from] brn\n|upkeep\n|turn|7\n|\n|t:|1781437181\n|switch|p2a: Espeon|Espeon, L84, F|246/246\n|-damage|p2a: Espeon|216/246|[from] Stealth Rock\n|move|p1a: Golduck|Encore|p2a: Espeon\n|move|p2a: Espeon|Encore||[from] ability: Magic Bounce|[still]\n|-fail|p2a: Espeon\n|\n|-heal|p1a: Golduck|282/290|[from] item: Leftovers\n|upkeep\n|turn|8\n|\n|t:|1781437223\n|move|p2a: Espeon|Calm Mind|p2a: Espeon\n|-boost|p2a: Espeon|spa|1\n|-boost|p2a: Espeon|spd|1\n|move|p1a: Golduck|Hydro Pump|p2a: Espeon\n|-damage|p2a: Espeon|126/246\n|\n|-heal|p1a: Golduck|290/290|[from] item: Leftovers\n|upkeep\n|turn|9\n|\n|t:|1781437249\n|switch|p1a: Slither Wing|Slither Wing, L81|186/270\n|move|p2a: Espeon|Morning Sun|p2a: Espeon\n|-heal|p2a: Espeon|246/246\n|\n|upkeep\n|turn|10\n|\n|t:|1781437256\n|-terastallize|p1a: Slither Wing|Steel\n|move|p2a: Espeon|Psyshock|p1a: Slither Wing\n|-resisted|p1a: Slither Wing\n|-damage|p1a: Slither Wing|66/270\n|-damage|p2a: Espeon|222/246|[from] item: Life Orb\n|move|p1a: Slither Wing|U-turn|p2a: Espeon\n|-supereffective|p2a: Espeon\n|-damage|p2a: Espeon|4/246\n|\n|t:|1781437262\n|-end|p1a: Slither Wing|Protosynthesis|[silent]\n|switch|p1a: Grafaiai|Grafaiai, L86, F|249/249|[from] U-turn\n|\n|upkeep\n|turn|11\n|\n|t:|1781437268\n|move|p1a: Grafaiai|Knock Off|p2a: Espeon\n|-supereffective|p2a: Espeon\n|-damage|p2a: Espeon|0 fnt\n|-enditem|p2a: Espeon|Life Orb|[from] move: Knock Off|[of] p1a: Grafaiai\n|faint|p2a: Espeon\n|-damage|p1a: Grafaiai|225/249|[from] item: Life Orb\n|\n|upkeep\n|\n|t:|1781437293\n|switch|p2a: Gastrodon|Gastrodon-East, L86, M|212/331 brn\n|-damage|p2a: Gastrodon|192/331 brn|[from] Stealth Rock\n|turn|12\n|\n|t:|1781437303\n|switch|p1a: Chansey|Chansey, L85, F|564/564\n|move|p2a: Gastrodon|Recover|p2a: Gastrodon\n|-heal|p2a: Gastrodon|331/331 brn\n|\n|-damage|p2a: Gastrodon|311/331 brn|[from] brn\n|upkeep\n|turn|13\n|\n|t:|1781437305\n|move|p1a: Chansey|Seismic Toss|p2a: Gastrodon\n|-damage|p2a: Gastrodon|226/331 brn\n|move|p2a: Gastrodon|Earthquake|p1a: Chansey\n|-damage|p1a: Chansey|445/564\n|\n|-heal|p2a: Gastrodon|246/331 brn|[from] item: Leftovers\n|-damage|p2a: Gastrodon|226/331 brn|[from] brn\n|upkeep\n|turn|14\n|\n|t:|1781437313\n|switch|p2a: Zangoose|Zangoose, L85, M|263/263\n|-damage|p2a: Zangoose|231/263|[from] Stealth Rock\n|move|p1a: Chansey|Seismic Toss|p2a: Zangoose\n|-damage|p2a: Zangoose|146/263\n|\n|-status|p2a: Zangoose|tox|[from] item: Toxic Orb\n|upkeep\n|turn|15\n|\n|t:|1781437327\n|switch|p1a: Oricorio|Oricorio-Sensu, L85, M|266/266\n|move|p2a: Zangoose|Knock Off|p1a: Oricorio\n|-supereffective|p1a: Oricorio\n|-damage|p1a: Oricorio|6/266\n|-enditem|p1a: Oricorio|Heavy-Duty Boots|[from] move: Knock Off|[of] p2a: Zangoose\n|\n|-damage|p2a: Zangoose|130/263 tox|[from] psn\n|upkeep\n|turn|16\n|\n|t:|1781437334\n|move|p1a: Oricorio|Hurricane|p2a: Zangoose\n|-damage|p2a: Zangoose|0 fnt\n|faint|p2a: Zangoose\n|\n|upkeep\n|\n|t:|1781437347\n|switch|p2a: Espathra|Espathra, L80, M|283/283\n|-damage|p2a: Espathra|248/283|[from] Stealth Rock\n|turn|17\n|\n|t:|1781437355\n|move|p2a: Espathra|Lumina Crash|p1a: Oricorio\n|-damage|p1a: Oricorio|0 fnt\n|faint|p1a: Oricorio\n|\n|-ability|p2a: Espathra|Speed Boost|boost\n|-boost|p2a: Espathra|spe|1\n|upkeep\n|\n|t:|1781437377\n|switch|p1a: Slither Wing|Slither Wing, L81, tera:Steel|66/270\n|turn|18\n|\n|t:|1781437379\n|move|p2a: Espathra|Lumina Crash|p1a: Slither Wing\n|-resisted|p1a: Slither Wing\n|-damage|p1a: Slither Wing|6/270\n|-unboost|p1a: Slither Wing|spd|2\n|move|p1a: Slither Wing|U-turn|p2a: Espathra\n|-supereffective|p2a: Espathra\n|-damage|p2a: Espathra|14/283\n|\n|t:|1781437384\n|-end|p1a: Slither Wing|Protosynthesis|[silent]\n|switch|p1a: Chansey|Chansey, L85, F|445/564|[from] U-turn\n|\n|-ability|p2a: Espathra|Speed Boost|boost\n|-boost|p2a: Espathra|spe|1\n|upkeep\n|turn|19\n|\n|t:|1781437387\n|move|p2a: Espathra|Lumina Crash|p1a: Chansey\n|-damage|p1a: Chansey|376/564\n|-unboost|p1a: Chansey|spd|2\n|move|p1a: Chansey|Seismic Toss|p2a: Espathra\n|-damage|p2a: Espathra|0 fnt\n|faint|p2a: Espathra\n|\n|upkeep\n|\n|t:|1781437394\n|switch|p2a: Spectrier|Spectrier, L75|274/274\n|-damage|p2a: Spectrier|240/274|[from] Stealth Rock\n|turn|20\n|\n|t:|1781437426\n|move|p2a: Spectrier|Nasty Plot|p2a: Spectrier\n|-boost|p2a: Spectrier|spa|2\n|move|p1a: Chansey|Thunder Wave|p2a: Spectrier\n|-status|p2a: Spectrier|par\n|\n|upkeep\n|turn|21\n|\n|t:|1781437431\n|switch|p1a: Slither Wing|Slither Wing, L81, tera:Steel|6/270\n|move|p2a: Spectrier|Dark Pulse|p1a: Slither Wing\n|-damage|p1a: Slither Wing|0 fnt\n|faint|p1a: Slither Wing\n|-end|p1a: Slither Wing|Protosynthesis|[silent]\n|-ability|p2a: Spectrier|Grim Neigh|boost\n|-boost|p2a: Spectrier|spa|1\n|-damage|p2a: Spectrier|213/274 par|[from] item: Life Orb\n|\n|upkeep\n|\n|t:|1781437434\n|switch|p1a: Grafaiai|Grafaiai, L86, F|225/249\n|turn|22\n|\n|t:|1781437438\n|-terastallize|p2a: Spectrier|Dark\n|move|p1a: Grafaiai|Knock Off|p2a: Spectrier\n|-resisted|p2a: Spectrier\n|-damage|p2a: Spectrier|148/274 par\n|-enditem|p2a: Spectrier|Life Orb|[from] move: Knock Off|[of] p1a: Grafaiai\n|-damage|p1a: Grafaiai|201/249|[from] item: Life Orb\n|move|p2a: Spectrier|Dark Pulse|p1a: Grafaiai\n|-damage|p1a: Grafaiai|0 fnt\n|faint|p1a: Grafaiai\n|-ability|p2a: Spectrier|Grim Neigh|boost\n|-boost|p2a: Spectrier|spa|1\n|\n|upkeep\n|\n|t:|1781437446\n|switch|p1a: Chansey|Chansey, L85, F|376/564\n|turn|23\n|\n|t:|1781437450\n|move|p1a: Chansey|Seismic Toss|p2a: Spectrier\n|-damage|p2a: Spectrier|63/274 par\n|cant|p2a: Spectrier|par\n|\n|upkeep\n|turn|24\n|\n|t:|1781437455\n|move|p1a: Chansey|Seismic Toss|p2a: Spectrier\n|-damage|p2a: Spectrier|0 fnt\n|faint|p2a: Spectrier\n|\n|upkeep\n|\n|t:|1781437460\n|switch|p2a: Gastrodon|Gastrodon-East, L86, M|226/331 brn\n|-damage|p2a: Gastrodon|206/331 brn|[from] Stealth Rock\n|turn|25\n|\n|t:|1781437462\n|move|p1a: Chansey|Soft-Boiled|p1a: Chansey\n|-heal|p1a: Chansey|564/564\n|move|p2a: Gastrodon|Earthquake|p1a: Chansey\n|-damage|p1a: Chansey|445/564\n|\n|-heal|p2a: Gastrodon|226/331 brn|[from] item: Leftovers\n|-damage|p2a: Gastrodon|206/331 brn|[from] brn\n|upkeep\n|turn|26\n|\n|t:|1781437465\n|move|p1a: Chansey|Seismic Toss|p2a: Gastrodon\n|-damage|p2a: Gastrodon|121/331 brn\n|move|p2a: Gastrodon|Recover|p2a: Gastrodon\n|-heal|p2a: Gastrodon|287/331 brn\n|\n|-heal|p2a: Gastrodon|307/331 brn|[from] item: Leftovers\n|-damage|p2a: Gastrodon|287/331 brn|[from] brn\n|upkeep\n|turn|27\n|\n|t:|1781437468\n|move|p1a: Chansey|Seismic Toss|p2a: Gastrodon\n|-damage|p2a: Gastrodon|202/331 brn\n|move|p2a: Gastrodon|Earthquake|p1a: Chansey\n|-damage|p1a: Chansey|328/564\n|\n|-heal|p2a: Gastrodon|222/331 brn|[from] item: Leftovers\n|-damage|p2a: Gastrodon|202/331 brn|[from] brn\n|upkeep\n|turn|28\n|\n|t:|1781437471\n|move|p1a: Chansey|Seismic Toss|p2a: Gastrodon\n|-damage|p2a: Gastrodon|117/331 brn\n|move|p2a: Gastrodon|Recover|p2a: Gastrodon\n|-heal|p2a: Gastrodon|283/331 brn\n|\n|-heal|p2a: Gastrodon|303/331 brn|[from] item: Leftovers\n|-damage|p2a: Gastrodon|283/331 brn|[from] brn\n|upkeep\n|turn|29\n|\n|t:|1781437474\n|move|p1a: Chansey|Seismic Toss|p2a: Gastrodon\n|-damage|p2a: Gastrodon|198/331 brn\n|move|p2a: Gastrodon|Earthquake|p1a: Chansey\n|-damage|p1a: Chansey|211/564\n|\n|-heal|p2a: Gastrodon|218/331 brn|[from] item: Leftovers\n|-damage|p2a: Gastrodon|198/331 brn|[from] brn\n|upkeep\n|turn|30\n|\n|t:|1781437480\n|move|p1a: Chansey|Soft-Boiled|p1a: Chansey\n|-heal|p1a: Chansey|493/564\n|move|p2a: Gastrodon|Earthquake|p1a: Chansey\n|-damage|p1a: Chansey|389/564\n|\n|-heal|p2a: Gastrodon|218/331 brn|[from] item: Leftovers\n|-damage|p2a: Gastrodon|198/331 brn|[from] brn\n|upkeep\n|turn|31\n|\n|t:|1781437483\n|switch|p1a: Golduck|Golduck, L90, F|290/290\n|-ability|p1a: Golduck|Cloud Nine\n|move|p2a: Gastrodon|Recover|p2a: Gastrodon\n|-heal|p2a: Gastrodon|331/331 brn\n|\n|-damage|p2a: Gastrodon|311/331 brn|[from] brn\n|upkeep\n|turn|32\n|\n|t:|1781437488\n|move|p1a: Golduck|Encore|p2a: Gastrodon\n|-start|p2a: Gastrodon|Encore\n|move|p2a: Gastrodon|Recover|p2a: Gastrodon\n|-heal|p2a: Gastrodon|331/331 brn\n|\n|-damage|p2a: Gastrodon|311/331 brn|[from] brn\n|upkeep\n|turn|33\n|l| afdasfafafdsaf\n|\n|t:|1781437493\n|switch|p2a: Ditto|Ditto, L87|225/225\n|-damage|p2a: Ditto|197/225|[from] Stealth Rock\n|-transform|p2a: Ditto|p1a: Golduck|[from] ability: Imposter\n|move|p1a: Golduck|Ice Beam|p2a: Ditto\n|-resisted|p2a: Ditto\n|-damage|p2a: Ditto|160/225\n|\n|upkeep\n|turn|34\n|\n|t:|1781437501\n|switch|p2a: Gastrodon|Gastrodon-East, L86, M|311/331 brn\n|-damage|p2a: Gastrodon|291/331 brn|[from] Stealth Rock\n|switch|p1a: Chansey|Chansey, L85, F|389/564\n|\n|-heal|p2a: Gastrodon|311/331 brn|[from] item: Leftovers\n|-damage|p2a: Gastrodon|291/331 brn|[from] brn\n|upkeep\n|turn|35\n|\n|t:|1781437503\n|move|p1a: Chansey|Seismic Toss|p2a: Gastrodon\n|-damage|p2a: Gastrodon|206/331 brn\n|move|p2a: Gastrodon|Earthquake|p1a: Chansey\n|-damage|p1a: Chansey|275/564\n|\n|-heal|p2a: Gastrodon|226/331 brn|[from] item: Leftovers\n|-damage|p2a: Gastrodon|206/331 brn|[from] brn\n|upkeep\n|turn|36\n|\n|t:|1781437510\n|move|p1a: Chansey|Soft-Boiled|p1a: Chansey\n|-heal|p1a: Chansey|557/564\n|move|p2a: Gastrodon|Earthquake|p1a: Chansey\n|-damage|p1a: Chansey|446/564\n|\n|-heal|p2a: Gastrodon|226/331 brn|[from] item: Leftovers\n|-damage|p2a: Gastrodon|206/331 brn|[from] brn\n|upkeep\n|turn|37\n|\n|t:|1781437513\n|switch|p1a: Golduck|Golduck, L90, F|290/290\n|-ability|p1a: Golduck|Cloud Nine\n|move|p2a: Gastrodon|Earthquake|p1a: Golduck\n|-damage|p1a: Golduck|239/290\n|\n|-heal|p1a: Golduck|257/290|[from] item: Leftovers\n|-heal|p2a: Gastrodon|226/331 brn|[from] item: Leftovers\n|-damage|p2a: Gastrodon|206/331 brn|[from] brn\n|upkeep\n|turn|38\n|\n|t:|1781437519\n|move|p1a: Golduck|Ice Beam|p2a: Gastrodon\n|-damage|p2a: Gastrodon|128/331 brn\n|move|p2a: Gastrodon|Surf|p1a: Golduck\n|-resisted|p1a: Golduck\n|-damage|p1a: Golduck|208/290\n|\n|-heal|p1a: Golduck|226/290|[from] item: Leftovers\n|-heal|p2a: Gastrodon|148/331 brn|[from] item: Leftovers\n|-damage|p2a: Gastrodon|128/331 brn|[from] brn\n|upkeep\n|turn|39\n|\n|t:|1781437522\n|move|p1a: Golduck|Encore|p2a: Gastrodon\n|-start|p2a: Gastrodon|Encore\n|move|p2a: Gastrodon|Surf|p1a: Golduck\n|-resisted|p1a: Golduck\n|-damage|p1a: Golduck|178/290\n|\n|-heal|p1a: Golduck|196/290|[from] item: Leftovers\n|-heal|p2a: Gastrodon|148/331 brn|[from] item: Leftovers\n|-damage|p2a: Gastrodon|128/331 brn|[from] brn\n|upkeep\n|turn|40\n|-message|alolandrake forfeited.\n|\n|win|35Q71N\n", "uploadtime": 1781436961, "views": 4, "formatid": "gen9randombattle", "rating": null, "private": 0, "password": null}