{"id": "gen9randombattle-2631443181", "format": "[Gen 9] Random Battle", "players": ["stop_aa", "fugupineapple"], "log": "|j|\u2606stop_aa\n|j|\u2606fugupineapple\n|t:|1781385285\n|gametype|singles\n|player|p1|stop_aa|101|2017\n|player|p2|fugupineapple|266|2073\n|gen|9\n|tier|[Gen 9] Random Battle\n|rated|\n|rule|Species Clause: Limit one of each Pok\u00e9mon\n|rule|HP Percentage Mod: HP is shown in percentages\n|rule|Sleep Clause Mod: Limit one foe put to sleep\n|rule|Illusion Level Mod: Illusion disguises the Pok\u00e9mon's true level\n|\n|t:|1781385285\n|teamsize|p1|6\n|teamsize|p2|6\n|start\n|switch|p1a: Scrafty|Scrafty, L83, F|244/244\n|switch|p2a: Porygon2|Porygon2, L81|270/270\n|-ability|p2a: Porygon2|Download|boost\n|-boost|p2a: Porygon2|spa|1\n|turn|1\n|\n|t:|1781385309\n|switch|p2a: Lurantis|Lurantis, L87, F|264/264\n|move|p1a: Scrafty|Knock Off|p2a: Lurantis\n|-damage|p2a: Lurantis|171/264\n|-enditem|p2a: Lurantis|Leftovers|[from] move: Knock Off|[of] p1a: Scrafty\n|\n|upkeep\n|turn|2\n|inactive|Battle timer is ON: inactive players will automatically lose when time's up. (requested by fugupineapple)\n|\n|t:|1781385327\n|switch|p1a: Munkidori|Munkidori, L79, M|269/269\n|move|p2a: Lurantis|Synthesis|p2a: Lurantis\n|-heal|p2a: Lurantis|264/264\n|\n|upkeep\n|turn|3\n|\n|t:|1781385336\n|switch|p2a: Incineroar|Incineroar, L82, M|290/290\n|-ability|p2a: Incineroar|Intimidate|boost\n|-unboost|p1a: Munkidori|atk|1\n|move|p1a: Munkidori|Fake Out|p2a: Incineroar\n|-damage|p2a: Incineroar|277/290\n|\n|upkeep\n|turn|4\n|\n|t:|1781385341\n|move|p1a: Munkidori|U-turn|p2a: Incineroar\n|-damage|p2a: Incineroar|250/290\n|\n|t:|1781385345\n|switch|p1a: Scrafty|Scrafty, L83, F|244/244|[from] U-turn\n|move|p2a: Incineroar|Knock Off|p1a: Scrafty\n|-resisted|p1a: Scrafty\n|-damage|p1a: Scrafty|223/244\n|-enditem|p1a: Scrafty|Leftovers|[from] move: Knock Off|[of] p2a: Incineroar\n|\n|upkeep\n|turn|5\n|\n|t:|1781385348\n|switch|p2a: Lurantis|Lurantis, L87, F|264/264\n|move|p1a: Scrafty|Drain Punch|p2a: Lurantis\n|-damage|p2a: Lurantis|198/264\n|-heal|p1a: Scrafty|244/244|[from] drain|[of] p2a: Lurantis\n|\n|upkeep\n|turn|6\n|\n|t:|1781385364\n|switch|p1a: Munkidori|Munkidori, L79, M|269/269\n|switch|p2a: Porygon2|Porygon2, L81|270/270\n|-ability|p2a: Porygon2|Download|boost\n|-boost|p2a: Porygon2|atk|1\n|\n|upkeep\n|turn|7\n|\n|t:|1781385368\n|move|p1a: Munkidori|Fake Out|p2a: Porygon2\n|-damage|p2a: Porygon2|254/270\n|cant|p2a: Porygon2|flinch\n|\n|upkeep\n|turn|8\n|\n|t:|1781385373\n|move|p1a: Munkidori|U-turn|p2a: Porygon2\n|-damage|p2a: Porygon2|228/270\n|\n|t:|1781385390\n|switch|p1a: Scrafty|Scrafty, L83, F|244/244|[from] U-turn\n|move|p2a: Porygon2|Thunder Wave|p1a: Scrafty\n|-status|p1a: Scrafty|par\n|\n|upkeep\n|turn|9\n|\n|t:|1781385396\n|switch|p2a: Lurantis|Lurantis, L87, F|198/264\n|move|p1a: Scrafty|Drain Punch|p2a: Lurantis\n|-damage|p2a: Lurantis|125/264\n|\n|upkeep\n|turn|10\n|\n|t:|1781385401\n|switch|p1a: Munkidori|Munkidori, L79, M|269/269\n|move|p2a: Lurantis|Synthesis|p2a: Lurantis\n|-heal|p2a: Lurantis|257/264\n|\n|upkeep\n|turn|11\n|\n|t:|1781385405\n|move|p1a: Munkidori|Sludge Wave|p2a: Lurantis\n|-supereffective|p2a: Lurantis\n|-damage|p2a: Lurantis|33/264\n|move|p2a: Lurantis|Leaf Storm|p1a: Munkidori\n|-resisted|p1a: Munkidori\n|-damage|p1a: Munkidori|227/269\n|-boost|p2a: Lurantis|spa|2\n|\n|upkeep\n|turn|12\n|\n|t:|1781385411\n|move|p1a: Munkidori|U-turn|p2a: Lurantis\n|-supereffective|p2a: Lurantis\n|-damage|p2a: Lurantis|0 fnt\n|faint|p2a: Lurantis\n|\n|t:|1781385413\n|switch|p1a: Scrafty|Scrafty, L83, F|244/244 par|[from] U-turn\n|\n|-activate|p1a: Scrafty|ability: Shed Skin\n|-curestatus|p1a: Scrafty|par|[msg]\n|upkeep\n|\n|t:|1781385419\n|switch|p2a: Whimsicott|Whimsicott, L84, M|238/238\n|turn|13\n|\n|t:|1781385427\n|switch|p1a: Munkidori|Munkidori, L79, M|227/269\n|move|p2a: Whimsicott|Substitute|p2a: Whimsicott\n|-start|p2a: Whimsicott|Substitute\n|-damage|p2a: Whimsicott|179/238\n|\n|-heal|p2a: Whimsicott|193/238|[from] item: Leftovers\n|upkeep\n|turn|14\n|\n|t:|1781385435\n|move|p2a: Whimsicott|Leech Seed|p1a: Munkidori\n|-start|p1a: Munkidori|move: Leech Seed\n|move|p1a: Munkidori|Psychic Noise|p2a: Whimsicott\n|-damage|p2a: Whimsicott|100/238\n|-start|p2a: Whimsicott|move: Heal Block\n|-status|p2a: Whimsicott|tox|[from] ability: Toxic Chain|[of] p1a: Munkidori\n|\n|-damage|p1a: Munkidori|194/269|[from] Leech Seed|[of] p2a: Whimsicott\n|-damage|p2a: Whimsicott|86/238 tox|[from] psn\n|upkeep\n|turn|15\n|\n|t:|1781385445\n|switch|p2a: Incineroar|Incineroar, L82, M|250/290\n|-ability|p2a: Incineroar|Intimidate|boost\n|-unboost|p1a: Munkidori|atk|1\n|move|p1a: Munkidori|U-turn|p2a: Incineroar\n|-damage|p2a: Incineroar|226/290\n|\n|t:|1781385459\n|switch|p1a: Scrafty|Scrafty, L83, F|244/244|[from] U-turn\n|\n|upkeep\n|turn|16\n|\n|t:|1781385464\n|move|p2a: Incineroar|Swords Dance|p2a: Incineroar\n|-boost|p2a: Incineroar|atk|2\n|move|p1a: Scrafty|Knock Off|p2a: Incineroar\n|-resisted|p2a: Incineroar\n|-damage|p2a: Incineroar|175/290\n|-enditem|p2a: Incineroar|Heavy-Duty Boots|[from] move: Knock Off|[of] p1a: Scrafty\n|\n|upkeep\n|turn|17\n|\n|t:|1781385468\n|move|p2a: Incineroar|Flare Blitz|p1a: Scrafty\n|-damage|p1a: Scrafty|25/244\n|-damage|p2a: Incineroar|103/290|[from] Recoil\n|move|p1a: Scrafty|Drain Punch|p2a: Incineroar\n|-supereffective|p2a: Incineroar\n|-damage|p2a: Incineroar|0 fnt\n|-heal|p1a: Scrafty|77/244|[from] drain|[of] p2a: Incineroar\n|faint|p2a: Incineroar\n|\n|upkeep\n|\n|t:|1781385477\n|switch|p2a: Luxray|Luxray, L88, M|284/284\n|-ability|p2a: Luxray|Intimidate|boost\n|-unboost|p1a: Scrafty|atk|1\n|turn|18\n|\n|t:|1781385484\n|move|p2a: Luxray|Wild Charge|p1a: Scrafty\n|-damage|p1a: Scrafty|0 fnt\n|faint|p1a: Scrafty\n|-damage|p2a: Luxray|265/284|[from] Recoil\n|\n|upkeep\n|\n|t:|1781385489\n|switch|p1a: Entei|Entei, L78|307/307\n|turn|19\n|\n|t:|1781385500\n|switch|p2a: Whimsicott|Whimsicott, L84, M|86/238 tox\n|move|p1a: Entei|Sacred Fire|p2a: Whimsicott\n|-supereffective|p2a: Whimsicott\n|-damage|p2a: Whimsicott|0 fnt\n|faint|p2a: Whimsicott\n|\n|upkeep\n|\n|t:|1781385503\n|switch|p2a: Cyclizar|Cyclizar, L83, F|252/252\n|turn|20\n|\n|t:|1781385510\n|move|p2a: Cyclizar|Draco Meteor|p1a: Entei\n|-damage|p1a: Entei|168/307\n|-unboost|p2a: Cyclizar|spa|2\n|move|p1a: Entei|Sacred Fire|p2a: Cyclizar\n|-resisted|p2a: Cyclizar\n|-damage|p2a: Cyclizar|156/252\n|-status|p2a: Cyclizar|brn\n|\n|-damage|p2a: Cyclizar|141/252 brn|[from] brn\n|upkeep\n|turn|21\n|\n|t:|1781385531\n|switch|p1a: Munkidori|Munkidori, L79, M|194/269\n|move|p2a: Cyclizar|Shed Tail|p2a: Cyclizar\n|-start|p2a: Cyclizar|Substitute|[from] move: Shed Tail\n|-damage|p2a: Cyclizar|15/252 brn\n|\n|t:|1781385534\n|switch|p2a: Luxray|Luxray, L88, M|265/284|[from] Shed Tail\n|-ability|p2a: Luxray|Intimidate|boost\n|-unboost|p1a: Munkidori|atk|1\n|\n|upkeep\n|turn|22\n|\n|t:|1781385540\n|move|p1a: Munkidori|Sludge Wave|p2a: Luxray\n|-end|p2a: Luxray|Substitute\n|move|p2a: Luxray|Throat Chop|p1a: Munkidori\n|-supereffective|p1a: Munkidori\n|-damage|p1a: Munkidori|0 fnt\n|faint|p1a: Munkidori\n|\n|upkeep\n|\n|t:|1781385545\n|switch|p1a: Entei|Entei, L78|168/307\n|turn|23\n|\n|t:|1781385551\n|switch|p2a: Porygon2|Porygon2, L81|228/270\n|-ability|p2a: Porygon2|Download|boost\n|-boost|p2a: Porygon2|spa|1\n|move|p1a: Entei|Sacred Fire|p2a: Porygon2\n|-damage|p2a: Porygon2|125/270\n|\n|upkeep\n|turn|24\n|\n|t:|1781385573\n|switch|p1a: Hatterene|Hatterene, L85, F|236/236\n|move|p2a: Porygon2|Recover|p2a: Porygon2\n|-heal|p2a: Porygon2|260/270\n|\n|upkeep\n|turn|25\n|\n|t:|1781385578\n|move|p2a: Porygon2|Shadow Ball|p1a: Hatterene\n|-supereffective|p1a: Hatterene\n|-damage|p1a: Hatterene|136/236\n|move|p1a: Hatterene|Psychic Noise|p2a: Porygon2\n|-damage|p2a: Porygon2|185/270\n|-start|p2a: Porygon2|move: Heal Block\n|\n|upkeep\n|turn|26\n|\n|t:|1781385589\n|move|p2a: Porygon2|Shadow Ball|p1a: Hatterene\n|-supereffective|p1a: Hatterene\n|-damage|p1a: Hatterene|46/236\n|move|p1a: Hatterene|Nuzzle|p2a: Porygon2\n|-damage|p2a: Porygon2|175/270\n|-status|p2a: Porygon2|par\n|\n|-end|p2a: Porygon2|move: Heal Block\n|upkeep\n|turn|27\n|\n|t:|1781385601\n|move|p1a: Hatterene|Psychic Noise|p2a: Porygon2\n|-damage|p2a: Porygon2|99/270 par\n|-start|p2a: Porygon2|move: Heal Block\n|cant|p2a: Porygon2|par\n|\n|upkeep\n|turn|28\n|\n|t:|1781385605\n|move|p1a: Hatterene|Psychic Noise|p2a: Porygon2\n|-damage|p2a: Porygon2|32/270 par\n|move|p2a: Porygon2|Shadow Ball|p1a: Hatterene\n|-supereffective|p1a: Hatterene\n|-damage|p1a: Hatterene|0 fnt\n|faint|p1a: Hatterene\n|\n|-end|p2a: Porygon2|move: Heal Block\n|upkeep\n|inactive|stop_aa has 120 seconds left.\n|\n|t:|1781385641\n|switch|p1a: Moltres|Moltres-Galar, L79|271/271\n|turn|29\n|\n|t:|1781385649\n|move|p1a: Moltres|Fiery Wrath|p2a: Porygon2\n|-damage|p2a: Porygon2|0 fnt\n|faint|p2a: Porygon2\n|\n|upkeep\n|\n|t:|1781385651\n|switch|p2a: Luxray|Luxray, L88, M|265/284\n|-ability|p2a: Luxray|Intimidate|boost\n|-unboost|p1a: Moltres|atk|1\n|turn|30\n|\n|t:|1781385658\n|-terastallize|p2a: Luxray|Fairy\n|move|p1a: Moltres|Fiery Wrath|p2a: Luxray\n|-resisted|p2a: Luxray\n|-damage|p2a: Luxray|236/284\n|move|p2a: Luxray|Play Rough|p1a: Moltres|[miss]\n|-miss|p2a: Luxray|p1a: Moltres\n|\n|upkeep\n|turn|31\n|\n|t:|1781385681\n|move|p1a: Moltres|Hurricane|p2a: Luxray\n|-damage|p2a: Luxray|160/284\n|move|p2a: Luxray|Volt Switch|p1a: Moltres\n|-supereffective|p1a: Moltres\n|-damage|p1a: Moltres|131/271\n|-enditem|p1a: Moltres|Weakness Policy\n|-boost|p1a: Moltres|atk|2|[from] item: Weakness Policy\n|-boost|p1a: Moltres|spa|2|[from] item: Weakness Policy\n|-ability|p1a: Moltres|Berserk|boost\n|-boost|p1a: Moltres|spa|1\n|\n|t:|1781385683\n|switch|p2a: Cyclizar|Cyclizar, L83, F|99/252 brn|[from] Volt Switch\n|\n|-damage|p2a: Cyclizar|84/252 brn|[from] brn\n|upkeep\n|turn|32\n|\n|t:|1781385696\n|-terastallize|p1a: Moltres|Steel\n|move|p2a: Cyclizar|Draco Meteor|p1a: Moltres\n|-resisted|p1a: Moltres\n|-damage|p1a: Moltres|83/271\n|-unboost|p2a: Cyclizar|spa|2\n|move|p1a: Moltres|Agility|p1a: Moltres\n|-boost|p1a: Moltres|spe|2\n|\n|-damage|p2a: Cyclizar|69/252 brn|[from] brn\n|upkeep\n|turn|33\n|-message|fugupineapple forfeited.\n|\n|win|stop_aa\n", "uploadtime": 1781385287, "views": 6, "formatid": "gen9randombattle", "rating": null, "private": 0, "password": null}