{"id": "gen9randombattle-2631481603", "format": "[Gen 9] Random Battle", "players": ["ifishboi", "gamergray23"], "log": "|j|\u203difishboi\n|j|\u2606gamergray23\n|t:|1781390423\n|gametype|singles\n|player|p1|ifishboi|roxie-masters|1934\n|player|p2|gamergray23|cynthia-masters4|1908\n|gen|9\n|tier|[Gen 9] Random Battle\n|rated|\n|rule|Species Clause: Limit one of each Pok\u00e9mon\n|rule|HP Percentage Mod: HP is shown in percentages\n|rule|Sleep Clause Mod: Limit one foe put to sleep\n|rule|Illusion Level Mod: Illusion disguises the Pok\u00e9mon's true level\n|\n|t:|1781390423\n|teamsize|p1|6\n|teamsize|p2|6\n|start\n|switch|p1a: Vespiquen|Vespiquen, L99, F|299/299\n|switch|p2a: Sudowoodo|Sudowoodo, L94, F|284/284\n|-ability|p1a: Vespiquen|Pressure\n|turn|1\n|inactive|Battle timer is ON: inactive players will automatically lose when time's up. (requested by gamergray23)\n|inactive|ifishboi has 120 seconds left.\n|\n|t:|1781390498\n|move|p1a: Vespiquen|U-turn|p2a: Sudowoodo\n|-damage|p2a: Sudowoodo|215/284\n|\n|t:|1781390502\n|switch|p1a: Lucario|Lucario, L84, M|255/255|[from] U-turn\n|move|p2a: Sudowoodo|Stealth Rock|p1a: Lucario\n|-sidestart|p1: ifishboi|move: Stealth Rock\n|\n|-heal|p2a: Sudowoodo|232/284|[from] item: Leftovers\n|upkeep\n|turn|2\n|inactive|gamergray23 has 120 seconds left.\n|\n|t:|1781390533\n|move|p1a: Lucario|Flash Cannon|p2a: Sudowoodo\n|-supereffective|p2a: Sudowoodo\n|-damage|p2a: Sudowoodo|0 fnt\n|faint|p2a: Sudowoodo\n|-damage|p1a: Lucario|230/255|[from] item: Life Orb\n|\n|upkeep\n|inactive|gamergray23 has 120 seconds left.\n|\n|t:|1781390548\n|switch|p2a: Dragapult|Dragapult, L77, M|262/262\n|turn|3\n|inactive|gamergray23 has 120 seconds left.\n|\n|t:|1781390558\n|switch|p1a: Samurott|Samurott, L88, M|310/310\n|-damage|p1a: Samurott|272/310|[from] Stealth Rock\n|move|p2a: Dragapult|Dragon Dance|p2a: Dragapult\n|-boost|p2a: Dragapult|atk|1\n|-boost|p2a: Dragapult|spe|1\n|\n|upkeep\n|turn|4\n|\n|t:|1781390565\n|move|p2a: Dragapult|Dragon Darts|p1a: Samurott\n|-damage|p1a: Samurott|163/310\n|-anim|p2a: Dragapult|Dragon Darts|p1a: Samurott\n|-damage|p1a: Samurott|69/310\n|-damage|p2a: Dragapult|236/262|[from] item: Life Orb\n|move|p1a: Samurott|Knock Off|p2a: Dragapult\n|-supereffective|p2a: Dragapult\n|-damage|p2a: Dragapult|30/262\n|-enditem|p2a: Dragapult|Life Orb|[from] move: Knock Off|[of] p1a: Samurott\n|\n|upkeep\n|turn|5\n|\n|t:|1781390576\n|move|p2a: Dragapult|Dragon Darts|p1a: Samurott\n|-damage|p1a: Samurott|0 fnt\n|faint|p1a: Samurott\n|\n|upkeep\n|\n|t:|1781390579\n|switch|p1a: Vespiquen|Vespiquen, L99, F|299/299\n|-ability|p1a: Vespiquen|Pressure\n|turn|6\n|\n|t:|1781390587\n|move|p2a: Dragapult|Dragon Darts|p1a: Vespiquen\n|-damage|p1a: Vespiquen|241/299\n|-anim|p2a: Dragapult|Dragon Darts|p1a: Vespiquen\n|-damage|p1a: Vespiquen|181/299\n|move|p1a: Vespiquen|Air Slash|p2a: Dragapult\n|-damage|p2a: Dragapult|0 fnt\n|faint|p2a: Dragapult\n|\n|upkeep\n|\n|t:|1781390607\n|switch|p2a: Regigigas|Regigigas, L84|322/322\n|-start|p2a: Regigigas|ability: Slow Start\n|turn|7\n|\n|t:|1781390620\n|move|p1a: Vespiquen|Spikes|p2a: Regigigas\n|-sidestart|p2: gamergray23|Spikes\n|move|p2a: Regigigas|Knock Off|p1a: Vespiquen\n|-damage|p1a: Vespiquen|142/299\n|-enditem|p1a: Vespiquen|Heavy-Duty Boots|[from] move: Knock Off|[of] p2a: Regigigas\n|\n|upkeep\n|turn|8\n|\n|t:|1781390626\n|move|p1a: Vespiquen|U-turn|p2a: Regigigas\n|-damage|p2a: Regigigas|249/322\n|\n|t:|1781390628\n|switch|p1a: Lucario|Lucario, L84, M|230/255|[from] U-turn\n|-damage|p1a: Lucario|223/255|[from] Stealth Rock\n|move|p2a: Regigigas|Body Slam|p1a: Lucario\n|-resisted|p1a: Lucario\n|-damage|p1a: Lucario|183/255\n|\n|-heal|p2a: Regigigas|269/322|[from] item: Leftovers\n|upkeep\n|turn|9\n|\n|t:|1781390636\n|-terastallize|p2a: Regigigas|Ghost\n|move|p1a: Lucario|Nasty Plot|p1a: Lucario\n|-boost|p1a: Lucario|spa|2\n|move|p2a: Regigigas|Body Slam|p1a: Lucario\n|-resisted|p1a: Lucario\n|-damage|p1a: Lucario|145/255\n|\n|-heal|p2a: Regigigas|289/322|[from] item: Leftovers\n|upkeep\n|turn|10\n|\n|t:|1781390643\n|move|p1a: Lucario|Flash Cannon|p2a: Regigigas\n|-damage|p2a: Regigigas|62/322\n|-damage|p1a: Lucario|120/255|[from] item: Life Orb\n|move|p2a: Regigigas|Body Slam|p1a: Lucario\n|-resisted|p1a: Lucario\n|-damage|p1a: Lucario|82/255\n|\n|-heal|p2a: Regigigas|82/322|[from] item: Leftovers\n|upkeep\n|turn|11\n|\n|t:|1781390659\n|switch|p2a: Phione|Phione, L91|293/293\n|-damage|p2a: Phione|257/293|[from] Spikes\n|move|p1a: Lucario|Flash Cannon|p2a: Phione\n|-resisted|p2a: Phione\n|-damage|p2a: Phione|127/293\n|-damage|p1a: Lucario|57/255|[from] item: Life Orb\n|\n|-heal|p2a: Phione|145/293|[from] item: Leftovers\n|upkeep\n|turn|12\n|\n|t:|1781390666\n|move|p1a: Lucario|Vacuum Wave|p2a: Phione\n|-damage|p2a: Phione|28/293\n|-damage|p1a: Lucario|32/255|[from] item: Life Orb\n|move|p2a: Phione|Scald|p1a: Lucario\n|-damage|p1a: Lucario|0 fnt\n|faint|p1a: Lucario\n|\n|-heal|p2a: Phione|46/293|[from] item: Leftovers\n|upkeep\n|\n|t:|1781390689\n|switch|p1a: Ceruledge|Ceruledge, L78, F|245/245\n|turn|13\n|inactive|gamergray23 has 120 seconds left.\n|\n|t:|1781390726\n|move|p2a: Phione|Scald|p1a: Ceruledge\n|-supereffective|p1a: Ceruledge\n|-damage|p1a: Ceruledge|71/245\n|move|p1a: Ceruledge|Bitter Blade|p2a: Phione\n|-resisted|p2a: Phione\n|-damage|p2a: Phione|0 fnt\n|-heal|p1a: Ceruledge|94/245|[from] drain|[of] p2a: Phione\n|faint|p2a: Phione\n|\n|upkeep\n|\n|t:|1781390739\n|switch|p2a: Chien-Pao|Chien-Pao, L72|234/234\n|-ability|p2a: Chien-Pao|Sword of Ruin\n|turn|14\n|\n|t:|1781390746\n|move|p2a: Chien-Pao|Throat Chop|p1a: Ceruledge\n|-supereffective|p1a: Ceruledge\n|-damage|p1a: Ceruledge|0 fnt\n|faint|p1a: Ceruledge\n|\n|upkeep\n|\n|t:|1781390750\n|switch|p1a: Copperajah|Copperajah, L86, M|350/350\n|-damage|p1a: Copperajah|329/350|[from] Stealth Rock\n|turn|15\n|inactive|gamergray23 has 120 seconds left.\n|\n|t:|1781390794\n|switch|p2a: Regigigas|Regigigas, L84, tera:Ghost|82/322\n|-damage|p2a: Regigigas|42/322|[from] Spikes\n|-start|p2a: Regigigas|ability: Slow Start\n|move|p1a: Copperajah|Iron Head|p2a: Regigigas\n|-damage|p2a: Regigigas|0 fnt\n|faint|p2a: Regigigas\n|-end|p2a: Regigigas|Slow Start|[silent]\n|\n|upkeep\n|\n|t:|1781390797\n|switch|p2a: Toxicroak|Toxicroak, L84, M|277/277\n|-damage|p2a: Toxicroak|243/277|[from] Spikes\n|turn|16\n|\n|t:|1781390816\n|switch|p1a: Vespiquen|Vespiquen, L99, F|142/299\n|-damage|p1a: Vespiquen|0 fnt|[from] Stealth Rock\n|faint|p1a: Vespiquen\n|move|p2a: Toxicroak|Close Combat|p1: Vespiquen|[notarget]\n|-fail|p2a: Toxicroak\n|\n|upkeep\n|\n|t:|1781390821\n|switch|p1a: Copperajah|Copperajah, L86, M|329/350\n|-damage|p1a: Copperajah|308/350|[from] Stealth Rock\n|turn|17\n|\n|t:|1781390828\n|-terastallize|p1a: Copperajah|Fairy\n|move|p2a: Toxicroak|Close Combat|p1a: Copperajah\n|-resisted|p1a: Copperajah\n|-crit|p1a: Copperajah\n|-damage|p1a: Copperajah|140/350\n|-unboost|p2a: Toxicroak|def|1\n|-unboost|p2a: Toxicroak|spd|1\n|-damage|p2a: Toxicroak|216/277|[from] item: Life Orb\n|move|p1a: Copperajah|Iron Head|p2a: Toxicroak\n|-damage|p2a: Toxicroak|0 fnt\n|faint|p2a: Toxicroak\n|\n|upkeep\n|\n|t:|1781390830\n|switch|p2a: Chien-Pao|Chien-Pao, L72|234/234\n|-ability|p2a: Chien-Pao|Sword of Ruin\n|turn|18\n|inactive|gamergray23 has 120 seconds left.\n|c|\u2606gamergray23|flinch for the one time\n|\n|t:|1781390843\n|move|p2a: Chien-Pao|Icicle Crash|p1a: Copperajah\n|-damage|p1a: Copperajah|28/350\n|move|p1a: Copperajah|Iron Head|p2a: Chien-Pao\n|-supereffective|p2a: Chien-Pao\n|-damage|p2a: Chien-Pao|0 fnt\n|faint|p2a: Chien-Pao\n|\n|win|ifishboi\n", "uploadtime": 1781390425, "views": 3, "formatid": "gen9randombattle", "rating": null, "private": 0, "password": null}