{"id": "gen9randombattle-2631974163", "format": "[Gen 9] Random Battle", "players": ["flaviodssts", "rgrgreger"], "log": "|j|\u2606flaviodssts\n|j|\u2606rgrgreger\n|t:|1781461645\n|gametype|singles\n|player|p1|flaviodssts|burglar|1957\n|player|p2|rgrgreger|zinzolin|1961\n|gen|9\n|tier|[Gen 9] Random Battle\n|rated|\n|rule|Species Clause: Limit one of each Pok\u00e9mon\n|rule|HP Percentage Mod: HP is shown in percentages\n|rule|Sleep Clause Mod: Limit one foe put to sleep\n|rule|Illusion Level Mod: Illusion disguises the Pok\u00e9mon's true level\n|\n|t:|1781461645\n|teamsize|p1|6\n|teamsize|p2|6\n|start\n|switch|p1a: Pachirisu|Pachirisu, L96, M|271/271\n|switch|p2a: Moltres|Moltres-Galar, L79|271/271\n|turn|1\n|inactive|Battle timer is ON: inactive players will automatically lose when time's up. (requested by rgrgreger)\n|inactive|flaviodssts also wants the timer to be on.\n|\n|t:|1781461655\n|switch|p2a: Giratina|Giratina, L75|349/349\n|-ability|p2a: Giratina|Pressure\n|move|p1a: Pachirisu|Discharge|p2a: Giratina\n|-resisted|p2a: Giratina\n|-damage|p2a: Giratina|322/349\n|\n|-heal|p2a: Giratina|343/349|[from] item: Leftovers\n|upkeep\n|turn|2\n|\n|t:|1781461667\n|move|p1a: Pachirisu|U-turn|p2a: Giratina\n|-resisted|p2a: Giratina\n|-damage|p2a: Giratina|325/349\n|\n|t:|1781461671\n|switch|p1a: Gumshoos|Gumshoos, L95, M|321/321|[from] U-turn\n|move|p2a: Giratina|Dragon Tail|p1a: Gumshoos\n|-damage|p1a: Gumshoos|263/321\n|drag|p1a: Tauros|Tauros-Paldea-Aqua, L81, M|252/252\n|\n|-heal|p2a: Giratina|346/349|[from] item: Leftovers\n|upkeep\n|turn|3\n|\n|t:|1781461678\n|move|p1a: Tauros|Substitute|p1a: Tauros\n|-start|p1a: Tauros|Substitute\n|-damage|p1a: Tauros|189/252\n|move|p2a: Giratina|Shadow Ball|p1a: Tauros\n|-end|p1a: Tauros|Substitute\n|\n|-heal|p2a: Giratina|349/349|[from] item: Leftovers\n|upkeep\n|turn|4\n|\n|t:|1781461687\n|switch|p1a: Gumshoos|Gumshoos, L95, M|263/321\n|move|p2a: Giratina|Shadow Ball|p1a: Gumshoos\n|-immune|p1a: Gumshoos\n|\n|upkeep\n|turn|5\n|\n|t:|1781461698\n|move|p1a: Gumshoos|Knock Off|p2a: Giratina\n|-supereffective|p2a: Giratina\n|-damage|p2a: Giratina|91/349\n|-enditem|p2a: Giratina|Leftovers|[from] move: Knock Off|[of] p1a: Gumshoos\n|move|p2a: Giratina|Dragon Tail|p1a: Gumshoos\n|-damage|p1a: Gumshoos|203/321\n|drag|p1a: Latias|Latias, L79, F|256/256\n|\n|upkeep\n|turn|6\n|\n|t:|1781461705\n|move|p1a: Latias|Draco Meteor|p2a: Giratina\n|-supereffective|p2a: Giratina\n|-damage|p2a: Giratina|0 fnt\n|-unboost|p1a: Latias|spa|2\n|faint|p2a: Giratina\n|\n|upkeep\n|\n|t:|1781461714\n|switch|p2a: Grafaiai|Grafaiai, L86, F|249/249\n|turn|7\n|\n|t:|1781461724\n|switch|p1a: Dugtrio|Dugtrio, L84, M|196/196\n|move|p2a: Grafaiai|Super Fang|p1a: Dugtrio\n|-damage|p1a: Dugtrio|98/196\n|\n|upkeep\n|turn|8\n|\n|t:|1781461732\n|move|p1a: Dugtrio|Earthquake|p2a: Grafaiai\n|-supereffective|p2a: Grafaiai\n|-damage|p2a: Grafaiai|0 fnt\n|faint|p2a: Grafaiai\n|\n|upkeep\n|\n|t:|1781461735\n|switch|p2a: Vivillon|Vivillon-Icy Snow, L83, F|268/268\n|turn|9\n|\n|t:|1781461740\n|switch|p1a: Pachirisu|Pachirisu, L96, M|271/271\n|move|p2a: Vivillon|Quiver Dance|p2a: Vivillon\n|-boost|p2a: Vivillon|spa|1\n|-boost|p2a: Vivillon|spd|1\n|-boost|p2a: Vivillon|spe|1\n|\n|upkeep\n|turn|10\n|\n|t:|1781461747\n|-terastallize|p2a: Vivillon|Ground\n|move|p2a: Vivillon|Quiver Dance|p2a: Vivillon\n|-boost|p2a: Vivillon|spa|1\n|-boost|p2a: Vivillon|spd|1\n|-boost|p2a: Vivillon|spe|1\n|move|p1a: Pachirisu|Discharge|p2a: Vivillon\n|-immune|p2a: Vivillon\n|\n|upkeep\n|turn|11\n|\n|t:|1781461752\n|move|p2a: Vivillon|Tera Blast|p1a: Pachirisu|[anim] Tera Blast Ground\n|-supereffective|p1a: Pachirisu\n|-damage|p1a: Pachirisu|17/271\n|move|p1a: Pachirisu|Encore|p2a: Vivillon\n|-start|p2a: Vivillon|Encore\n|\n|upkeep\n|turn|12\n|\n|t:|1781461757\n|switch|p1a: Latias|Latias, L79, F|256/256\n|move|p2a: Vivillon|Tera Blast|p1a: Latias|[anim] Tera Blast Ground\n|-immune|p1a: Latias|[from] ability: Levitate\n|\n|upkeep\n|turn|13\n|\n|t:|1781461761\n|move|p2a: Vivillon|Tera Blast|p1a: Latias|[anim] Tera Blast Ground\n|-immune|p1a: Latias|[from] ability: Levitate\n|move|p1a: Latias|Psyshock|p2a: Vivillon\n|-damage|p2a: Vivillon|118/268\n|\n|upkeep\n|turn|14\n|\n|t:|1781461767\n|move|p2a: Vivillon|Tera Blast|p1a: Latias|[anim] Tera Blast Ground\n|-immune|p1a: Latias|[from] ability: Levitate\n|move|p1a: Latias|Psyshock|p2a: Vivillon\n|-damage|p2a: Vivillon|0 fnt\n|faint|p2a: Vivillon\n|\n|upkeep\n|\n|t:|1781461768\n|switch|p2a: Moltres|Moltres-Galar, L79|271/271\n|turn|15\n|\n|t:|1781461776\n|switch|p1a: Pachirisu|Pachirisu, L96, M|17/271\n|move|p2a: Moltres|Agility|p2a: Moltres\n|-boost|p2a: Moltres|spe|2\n|\n|upkeep\n|turn|16\n|\n|t:|1781461780\n|move|p2a: Moltres|Fiery Wrath|p1a: Pachirisu\n|-damage|p1a: Pachirisu|0 fnt\n|faint|p1a: Pachirisu\n|\n|upkeep\n|\n|t:|1781461787\n|switch|p1a: Mamoswine|Mamoswine, L81, M|311/311\n|turn|17\n|\n|t:|1781461791\n|switch|p2a: Suicune|Suicune, L82|298/298\n|-ability|p2a: Suicune|Pressure\n|move|p1a: Mamoswine|Icicle Crash|p2a: Suicune\n|-resisted|p2a: Suicune\n|-damage|p2a: Suicune|245/298\n|-damage|p1a: Mamoswine|280/311|[from] item: Life Orb\n|\n|-heal|p2a: Suicune|263/298|[from] item: Leftovers\n|upkeep\n|turn|18\n|\n|t:|1781461797\n|switch|p1a: Latias|Latias, L79, F|256/256\n|move|p2a: Suicune|Substitute|p2a: Suicune\n|-start|p2a: Suicune|Substitute\n|-damage|p2a: Suicune|189/298\n|\n|-heal|p2a: Suicune|207/298|[from] item: Leftovers\n|upkeep\n|turn|19\n|\n|t:|1781461802\n|move|p1a: Latias|Calm Mind|p1a: Latias\n|-boost|p1a: Latias|spa|1\n|-boost|p1a: Latias|spd|1\n|move|p2a: Suicune|Scald|p1a: Latias\n|-resisted|p1a: Latias\n|-damage|p1a: Latias|237/256\n|-status|p1a: Latias|brn\n|\n|-heal|p2a: Suicune|225/298|[from] item: Leftovers\n|-damage|p1a: Latias|221/256 brn|[from] brn\n|upkeep\n|turn|20\n|\n|t:|1781461807\n|switch|p2a: Moltres|Moltres-Galar, L79|271/271\n|move|p1a: Latias|Calm Mind|p1a: Latias\n|-boost|p1a: Latias|spa|1\n|-boost|p1a: Latias|spd|1\n|\n|-damage|p1a: Latias|205/256 brn|[from] brn\n|upkeep\n|turn|21\n|\n|t:|1781461811\n|move|p1a: Latias|Draco Meteor|p2a: Moltres\n|-damage|p2a: Moltres|28/271\n|-unboost|p1a: Latias|spa|2\n|-ability|p2a: Moltres|Berserk|boost\n|-boost|p2a: Moltres|spa|1\n|move|p2a: Moltres|Agility|p2a: Moltres\n|-boost|p2a: Moltres|spe|2\n|\n|-damage|p1a: Latias|189/256 brn|[from] brn\n|upkeep\n|turn|22\n|\n|t:|1781461819\n|move|p2a: Moltres|Fiery Wrath|p1a: Latias\n|-supereffective|p1a: Latias\n|-damage|p1a: Latias|91/256 brn\n|move|p1a: Latias|Draco Meteor|p2a: Moltres\n|-crit|p2a: Moltres\n|-damage|p2a: Moltres|0 fnt\n|-unboost|p1a: Latias|spa|2\n|faint|p2a: Moltres\n|\n|-damage|p1a: Latias|75/256 brn|[from] brn\n|upkeep\n|\n|t:|1781461827\n|switch|p2a: Diancie|Diancie, L82|216/216\n|turn|23\n|\n|t:|1781461834\n|switch|p1a: Gumshoos|Gumshoos, L95, M|203/321\n|move|p2a: Diancie|Diamond Storm|p1a: Gumshoos\n|-damage|p1a: Gumshoos|77/321\n|\n|upkeep\n|turn|24\n|\n|t:|1781461848\n|move|p1a: Gumshoos|Earthquake|p2a: Diancie\n|-supereffective|p2a: Diancie\n|-damage|p2a: Diancie|16/216\n|move|p2a: Diancie|Diamond Storm|p1a: Gumshoos\n|-damage|p1a: Gumshoos|0 fnt\n|faint|p1a: Gumshoos\n|\n|upkeep\n|\n|t:|1781461854\n|switch|p1a: Dugtrio|Dugtrio, L84, M|98/196\n|turn|25\n|\n|t:|1781461856\n|move|p1a: Dugtrio|Earthquake|p2a: Diancie\n|-supereffective|p2a: Diancie\n|-damage|p2a: Diancie|0 fnt\n|faint|p2a: Diancie\n|\n|upkeep\n|\n|t:|1781461858\n|switch|p2a: Suicune|Suicune, L82|225/298\n|-ability|p2a: Suicune|Pressure\n|turn|26\n|\n|t:|1781461860\n|move|p1a: Dugtrio|Earthquake|p2a: Suicune\n|-damage|p2a: Suicune|90/298\n|move|p2a: Suicune|Scald|p1a: Dugtrio\n|-supereffective|p1a: Dugtrio\n|-damage|p1a: Dugtrio|0 fnt\n|faint|p1a: Dugtrio\n|\n|-heal|p2a: Suicune|108/298|[from] item: Leftovers\n|upkeep\n|\n|t:|1781461866\n|switch|p1a: Tauros|Tauros-Paldea-Aqua, L81, M|189/252\n|turn|27\n|\n|t:|1781461868\n|move|p1a: Tauros|Close Combat|p2a: Suicune\n|-damage|p2a: Suicune|5/298\n|-unboost|p1a: Tauros|def|1\n|-unboost|p1a: Tauros|spd|1\n|move|p2a: Suicune|Scald|p1a: Tauros\n|-resisted|p1a: Tauros\n|-damage|p1a: Tauros|118/252\n|-enditem|p1a: Tauros|Sitrus Berry|[eat]\n|-heal|p1a: Tauros|181/252|[from] item: Sitrus Berry\n|\n|-heal|p2a: Suicune|23/298|[from] item: Leftovers\n|upkeep\n|turn|28\n|\n|t:|1781461874\n|move|p1a: Tauros|Close Combat|p2a: Suicune\n|-damage|p2a: Suicune|0 fnt\n|-unboost|p1a: Tauros|def|1\n|-unboost|p1a: Tauros|spd|1\n|faint|p2a: Suicune\n|\n|win|flaviodssts\n", "uploadtime": 1781461647, "views": 6, "formatid": "gen9randombattle", "rating": null, "private": 0, "password": null}