{"id": "gen9randombattle-2631930911", "format": "[Gen 9] Random Battle", "players": ["i'm_new_so_be_cool", "arrdamoin"], "log": "|badge|p1|bronze|gen9ubers|100-9\n|uhtml|medal-msg|<div class=\"broadcast-blue\">Curious what those medals under the avatar are? PS now has Ladder Seasons! For more information, check out the <a href=\"https://www.smogon.com/forums/threads/3740067/\">thread on Smogon.</a></div>\n|j|\u2606i'm_new_so_be_cool\n|j|\u2606arrdamoin\n|t:|1781456907\n|gametype|singles\n|player|p1|i'm_new_so_be_cool|miku-ice|2148\n|player|p2|arrdamoin|flint|2127\n|gen|9\n|tier|[Gen 9] Random Battle\n|rated|\n|rule|Species Clause: Limit one of each Pok\u00e9mon\n|rule|HP Percentage Mod: HP is shown in percentages\n|rule|Sleep Clause Mod: Limit one foe put to sleep\n|rule|Illusion Level Mod: Illusion disguises the Pok\u00e9mon's true level\n|\n|t:|1781456907\n|teamsize|p1|6\n|teamsize|p2|6\n|start\n|switch|p1a: Sawsbuck|Sawsbuck-Autumn, L88, F|284/284\n|switch|p2a: Tentacruel|Tentacruel, L84, F|272/272\n|turn|1\n|j| GoPlayCatch\n|\n|t:|1781456936\n|move|p1a: Sawsbuck|High Horsepower|p2a: Tentacruel\n|-supereffective|p2a: Tentacruel\n|-damage|p2a: Tentacruel|28/272\n|-damage|p1a: Sawsbuck|256/284|[from] item: Life Orb\n|move|p2a: Tentacruel|Sludge Bomb|p1a: Sawsbuck\n|-supereffective|p1a: Sawsbuck\n|-damage|p1a: Sawsbuck|58/284\n|\n|upkeep\n|turn|2\n|\n|t:|1781456947\n|move|p1a: Sawsbuck|High Horsepower|p2a: Tentacruel\n|-supereffective|p2a: Tentacruel\n|-damage|p2a: Tentacruel|0 fnt\n|faint|p2a: Tentacruel\n|-damage|p1a: Sawsbuck|30/284|[from] item: Life Orb\n|\n|upkeep\n|\n|t:|1781456957\n|switch|p2a: Gardevoir|Gardevoir, L83, M|249/249\n|-ability|p2a: Gardevoir|Sap Sipper|Trace|[from] ability: Trace|[of] p1a: Sawsbuck\n|turn|3\n|\n|t:|1781456987\n|move|p2a: Gardevoir|Moonblast|p1a: Sawsbuck\n|-damage|p1a: Sawsbuck|0 fnt\n|faint|p1a: Sawsbuck\n|\n|upkeep\n|\n|t:|1781456993\n|switch|p1a: Basculegion|Basculegion-F, L83, F|335/335\n|turn|4\n|\n|t:|1781457004\n|move|p2a: Gardevoir|Moonblast|p1a: Basculegion\n|-damage|p1a: Basculegion|236/335\n|move|p1a: Basculegion|Flip Turn|p2a: Gardevoir\n|-damage|p2a: Gardevoir|155/249\n|\n|t:|1781457014\n|switch|p1a: Staraptor|Staraptor, L79, M|263/263|[from] Flip Turn\n|\n|upkeep\n|turn|5\n|\n|t:|1781457024\n|move|p2a: Gardevoir|Moonblast|p1a: Staraptor\n|-damage|p1a: Staraptor|94/263\n|-unboost|p1a: Staraptor|spa|1\n|move|p1a: Staraptor|Brave Bird|p2a: Gardevoir\n|-damage|p2a: Gardevoir|0 fnt\n|faint|p2a: Gardevoir\n|-damage|p1a: Staraptor|43/263|[from] Recoil\n|\n|upkeep\n|\n|t:|1781457034\n|switch|p2a: Iron Moth|Iron Moth, L78|253/253\n|turn|6\n|\n|t:|1781457068\n|switch|p1a: Basculegion|Basculegion-F, L83, F|236/335\n|move|p2a: Iron Moth|Energy Ball|p1a: Basculegion\n|-supereffective|p1a: Basculegion\n|-damage|p1a: Basculegion|76/335\n|-unboost|p1a: Basculegion|spd|1\n|\n|upkeep\n|turn|7\n|inactive|Battle timer is ON: inactive players will automatically lose when time's up. (requested by arrdamoin)\n|\n|t:|1781457096\n|switch|p1a: Meowscarada|Meowscarada, L78, M|247/247\n|move|p2a: Iron Moth|Energy Ball|p1a: Meowscarada\n|-resisted|p1a: Meowscarada\n|-crit|p1a: Meowscarada\n|-damage|p1a: Meowscarada|148/247\n|\n|upkeep\n|turn|8\n|\n|t:|1781457111\n|-end|p2a: Iron Moth|Quark Drive|[silent]\n|switch|p2a: Pincurchin|Pincurchin, M|258/258\n|-fieldstart|move: Electric Terrain|[from] ability: Electric Surge|[of] p2a: Pincurchin\n|move|p1a: Meowscarada|Knock Off|p2a: Pincurchin\n|-start|p1a: Meowscarada|typechange|Dark|[from] ability: Protean\n|-damage|p2a: Pincurchin|159/258\n|-enditem|p2a: Pincurchin|Leftovers|[from] move: Knock Off|[of] p1a: Meowscarada\n|-damage|p1a: Meowscarada|124/247|[from] item: Life Orb\n|\n|upkeep\n|turn|9\n|inactive|i'm_new_so_be_cool has 120 seconds left.\n|\n|t:|1781457168\n|move|p1a: Meowscarada|Triple Axel|p2a: Pincurchin\n|-damage|p2a: Pincurchin|143/258\n|-damage|p2a: Pincurchin|116/258\n|-damage|p2a: Pincurchin|74/258\n|-hitcount|p2a: Pincurchin|3\n|-damage|p1a: Meowscarada|100/247|[from] item: Life Orb\n|move|p2a: Pincurchin|Toxic Spikes|p1a: Meowscarada\n|-sidestart|p1: i'm_new_so_be_cool|move: Toxic Spikes\n|\n|upkeep\n|turn|10\n|inactive|i'm_new_so_be_cool has 90 seconds left.\n|\n|t:|1781457192\n|move|p1a: Meowscarada|Triple Axel|p2a: Pincurchin\n|-damage|p2a: Pincurchin|57/258\n|-hitcount|p2a: Pincurchin|1\n|-damage|p1a: Meowscarada|76/247|[from] item: Life Orb\n|move|p2a: Pincurchin|Recover|p2a: Pincurchin\n|-heal|p2a: Pincurchin|186/258\n|\n|upkeep\n|turn|11\n|inactive|i'm_new_so_be_cool has 90 seconds left.\n|\n|t:|1781457201\n|move|p1a: Meowscarada|Triple Axel|p2a: Pincurchin|[miss]\n|-miss|p1a: Meowscarada|p2a: Pincurchin\n|move|p2a: Pincurchin|Recover|p2a: Pincurchin\n|-heal|p2a: Pincurchin|258/258\n|\n|upkeep\n|turn|12\n|inactive|i'm_new_so_be_cool has 90 seconds left.\n|\n|t:|1781457211\n|move|p1a: Meowscarada|Triple Axel|p2a: Pincurchin\n|-damage|p2a: Pincurchin|242/258\n|-damage|p2a: Pincurchin|212/258\n|-damage|p2a: Pincurchin|167/258\n|-hitcount|p2a: Pincurchin|3\n|-damage|p1a: Meowscarada|52/247|[from] item: Life Orb\n|move|p2a: Pincurchin|Thunderbolt|p1a: Meowscarada\n|-damage|p1a: Meowscarada|0 fnt\n|faint|p1a: Meowscarada\n|\n|-fieldend|move: Electric Terrain\n|upkeep\n|inactive|i'm_new_so_be_cool has 90 seconds left.\n|\n|t:|1781457224\n|switch|p1a: Staraptor|Staraptor, L79, M|43/263\n|turn|13\n|\n|t:|1781457227\n|move|p1a: Staraptor|Double-Edge|p2a: Pincurchin\n|-damage|p2a: Pincurchin|0 fnt\n|faint|p2a: Pincurchin\n|-damage|p1a: Staraptor|0 fnt|[from] Recoil\n|faint|p1a: Staraptor\n|\n|upkeep\n|inactive|i'm_new_so_be_cool has 90 seconds left.\n|\n|t:|1781457265\n|switch|p1a: Iron Valiant|Iron Valiant, L78|244/244\n|switch|p2a: Iron Moth|Iron Moth, L78|253/253\n|-status|p1a: Iron Valiant|psn\n|turn|14\n|inactive|i'm_new_so_be_cool has 60 seconds left.\n|\n|t:|1781457296\n|move|p1a: Iron Valiant|Psychic|p2a: Iron Moth\n|-supereffective|p2a: Iron Moth\n|-damage|p2a: Iron Moth|89/253\n|-damage|p1a: Iron Valiant|220/244 psn|[from] item: Life Orb\n|move|p2a: Iron Moth|Sludge Wave|p1a: Iron Valiant\n|-supereffective|p1a: Iron Valiant\n|-damage|p1a: Iron Valiant|0 fnt\n|faint|p1a: Iron Valiant\n|-end|p1a: Iron Valiant|Quark Drive|[silent]\n|\n|upkeep\n|\n|t:|1781457301\n|switch|p1a: Basculegion|Basculegion-F, L83, F|76/335\n|-status|p1a: Basculegion|psn\n|turn|15\n|\n|t:|1781457304\n|move|p2a: Iron Moth|Sludge Wave|p1a: Basculegion\n|-resisted|p1a: Basculegion\n|-damage|p1a: Basculegion|6/335 psn\n|move|p1a: Basculegion|Flip Turn|p2a: Iron Moth\n|-supereffective|p2a: Iron Moth\n|-damage|p2a: Iron Moth|0 fnt\n|faint|p2a: Iron Moth\n|-end|p2a: Iron Moth|Quark Drive|[silent]\n|\n|t:|1781457306\n|switch|p1a: Cloyster|Cloyster, L80, M|211/211|[from] Flip Turn\n|-status|p1a: Cloyster|psn\n|\n|-damage|p1a: Cloyster|185/211 psn|[from] psn\n|upkeep\n|\n|t:|1781457313\n|switch|p2a: Hitmonlee|Hitmonlee, L85, M|223/223\n|turn|16\n|inactive|i'm_new_so_be_cool has 60 seconds left.\n|inactive|i'm_new_so_be_cool has 30 seconds left.\n|\n|t:|1781457369\n|-terastallize|p1a: Cloyster|Ground\n|move|p2a: Hitmonlee|High Jump Kick|p1a: Cloyster\n|-damage|p1a: Cloyster|76/211 psn\n|move|p1a: Cloyster|Shell Smash|p1a: Cloyster\n|-unboost|p1a: Cloyster|def|1\n|-unboost|p1a: Cloyster|spd|1\n|-boost|p1a: Cloyster|atk|2\n|-boost|p1a: Cloyster|spa|2\n|-boost|p1a: Cloyster|spe|2\n|-enditem|p1a: Cloyster|White Herb\n|-clearnegativeboost|p1a: Cloyster|[silent]\n|\n|-damage|p1a: Cloyster|50/211 psn|[from] psn\n|upkeep\n|turn|17\n|inactive|i'm_new_so_be_cool has 30 seconds left.\n|inactive|i'm_new_so_be_cool has 20 seconds left.\n|\n|t:|1781457387\n|move|p1a: Cloyster|Icicle Spear|p2a: Hitmonlee\n|-damage|p2a: Hitmonlee|156/223\n|-damage|p2a: Hitmonlee|87/223\n|-damage|p2a: Hitmonlee|17/223\n|-damage|p2a: Hitmonlee|0 fnt\n|faint|p2a: Hitmonlee\n|-hitcount|p2: Hitmonlee|4\n|\n|-damage|p1a: Cloyster|24/211 psn|[from] psn\n|upkeep\n|\n|t:|1781457389\n|switch|p2a: Rayquaza|Rayquaza, L72|270/270\n|-ability|p2a: Rayquaza|Air Lock\n|turn|18\n|inactive|i'm_new_so_be_cool has 30 seconds left.\n|\n|t:|1781457397\n|-terastallize|p2a: Rayquaza|Flying\n|move|p1a: Cloyster|Icicle Spear|p2a: Rayquaza\n|-supereffective|p2a: Rayquaza\n|-damage|p2a: Rayquaza|154/270\n|-supereffective|p2a: Rayquaza\n|-damage|p2a: Rayquaza|50/270\n|-supereffective|p2a: Rayquaza\n|-damage|p2a: Rayquaza|0 fnt\n|faint|p2a: Rayquaza\n|-hitcount|p2: Rayquaza|3\n|\n|win|i'm_new_so_be_cool\n", "uploadtime": 1781456909, "views": 4, "formatid": "gen9randombattle", "rating": null, "private": 0, "password": null}