{"id": "gen9randombattle-2632013117", "format": "[Gen 9] Random Battle", "players": ["AmroE13", "Highster5"], "log": "|j|\u2606AmroE13\n|j|\u2606Highster5\n|t:|1781465919\n|gametype|singles\n|player|p1|AmroE13|266|2004\n|player|p2|Highster5|nemona-masters|2067\n|gen|9\n|tier|[Gen 9] Random Battle\n|rated|\n|rule|Species Clause: Limit one of each Pok\u00e9mon\n|rule|HP Percentage Mod: HP is shown in percentages\n|rule|Sleep Clause Mod: Limit one foe put to sleep\n|rule|Illusion Level Mod: Illusion disguises the Pok\u00e9mon's true level\n|\n|t:|1781465919\n|teamsize|p1|6\n|teamsize|p2|6\n|start\n|switch|p1a: Empoleon|Empoleon, L84, F|278/278\n|switch|p2a: Duraludon|Duraludon, L82, F|249/249\n|turn|1\n|inactive|Battle timer is ON: inactive players will automatically lose when time's up. (requested by Highster5)\n|\n|t:|1781465932\n|move|p2a: Duraludon|Stealth Rock|p1a: Empoleon\n|-sidestart|p1: AmroE13|move: Stealth Rock\n|move|p1a: Empoleon|Ice Beam|p2a: Duraludon\n|-damage|p2a: Duraludon|178/249\n|\n|upkeep\n|turn|2\n|\n|t:|1781465958\n|switch|p2a: Galvantula|Galvantula, L82, M|249/249\n|switch|p1a: Spectrier|Spectrier, L75|274/274\n|-damage|p1a: Spectrier|240/274|[from] Stealth Rock\n|\n|upkeep\n|turn|3\n|\n|t:|1781465965\n|move|p1a: Spectrier|Nasty Plot|p1a: Spectrier\n|-boost|p1a: Spectrier|spa|2\n|move|p2a: Galvantula|Thunder|p1a: Spectrier\n|-damage|p1a: Spectrier|101/274\n|\n|upkeep\n|turn|4\n|\n|t:|1781465972\n|move|p1a: Spectrier|Draining Kiss|p2a: Galvantula\n|-damage|p2a: Galvantula|122/249\n|-heal|p1a: Spectrier|196/274|[from] drain|[of] p2a: Galvantula\n|-damage|p1a: Spectrier|169/274|[from] item: Life Orb\n|move|p2a: Galvantula|Thunder|p1a: Spectrier\n|-damage|p1a: Spectrier|42/274\n|\n|upkeep\n|turn|5\n|\n|t:|1781465992\n|switch|p2a: Lugia|Lugia, L73|275/275\n|move|p1a: Spectrier|Draining Kiss|p2a: Lugia\n|-damage|p2a: Lugia|236/275\n|-heal|p1a: Spectrier|71/274|[from] drain|[of] p2a: Lugia\n|-damage|p1a: Spectrier|44/274|[from] item: Life Orb\n|\n|upkeep\n|turn|6\n|\n|t:|1781466016\n|-terastallize|p2a: Lugia|Steel\n|move|p1a: Spectrier|Shadow Ball|p2a: Lugia\n|-damage|p2a: Lugia|55/275\n|-damage|p1a: Spectrier|17/274|[from] item: Life Orb\n|move|p2a: Lugia|Calm Mind|p2a: Lugia\n|-boost|p2a: Lugia|spa|1\n|-boost|p2a: Lugia|spd|1\n|\n|upkeep\n|turn|7\n|\n|t:|1781466025\n|move|p1a: Spectrier|Draining Kiss|p2a: Lugia\n|-resisted|p2a: Lugia\n|-damage|p2a: Lugia|29/275\n|-heal|p1a: Spectrier|37/274|[from] drain|[of] p2a: Lugia\n|-damage|p1a: Spectrier|10/274|[from] item: Life Orb\n|move|p2a: Lugia|Recover|p2a: Lugia\n|-heal|p2a: Lugia|167/275\n|\n|upkeep\n|turn|8\n|\n|t:|1781466035\n|move|p1a: Spectrier|Shadow Ball|p2a: Lugia\n|-damage|p2a: Lugia|49/275\n|-damage|p1a: Spectrier|0 fnt|[from] item: Life Orb\n|faint|p1a: Spectrier\n|move|p2a: Lugia|Recover|p2a: Lugia\n|-heal|p2a: Lugia|187/275\n|\n|upkeep\n|inactive|AmroE13 has 120 seconds left.\n|\n|t:|1781466063\n|switch|p1a: Dewgong|Dewgong, L94, M|322/322\n|turn|9\n|\n|t:|1781466073\n|move|p2a: Lugia|Aeroblast|p1a: Dewgong\n|-damage|p1a: Dewgong|228/322\n|move|p1a: Dewgong|Encore|p2a: Lugia\n|-start|p2a: Lugia|Encore\n|\n|upkeep\n|turn|10\n|\n|t:|1781466081\n|move|p2a: Lugia|Aeroblast|p1a: Dewgong\n|-damage|p1a: Dewgong|134/322\n|move|p1a: Dewgong|Flip Turn|p2a: Lugia\n|-damage|p2a: Lugia|135/275\n|inactive|AmroE13 has 120 seconds left.\n|\n|t:|1781466105\n|switch|p1a: Chansey|Chansey, L85, F|564/564|[from] Flip Turn\n|-damage|p1a: Chansey|494/564|[from] Stealth Rock\n|\n|upkeep\n|turn|11\n|\n|t:|1781466111\n|switch|p2a: Galvantula|Galvantula, L82, M|122/249\n|move|p1a: Chansey|Seismic Toss|p2a: Galvantula\n|-damage|p2a: Galvantula|37/249\n|\n|upkeep\n|turn|12\n|\n|t:|1781466115\n|move|p2a: Galvantula|Sticky Web|p1a: Chansey\n|-sidestart|p1: AmroE13|move: Sticky Web\n|move|p1a: Chansey|Seismic Toss|p2a: Galvantula\n|-damage|p2a: Galvantula|0 fnt\n|faint|p2a: Galvantula\n|\n|upkeep\n|\n|t:|1781466122\n|switch|p2a: Zekrom|Zekrom, L71|259/259\n|-ability|p2a: Zekrom|Teravolt\n|turn|13\n|\n|t:|1781466132\n|switch|p1a: Dewgong|Dewgong, L94, M|134/322\n|move|p2a: Zekrom|Dragon Dance|p2a: Zekrom\n|-boost|p2a: Zekrom|atk|1\n|-boost|p2a: Zekrom|spe|1\n|\n|upkeep\n|turn|14\n|\n|t:|1781466138\n|move|p2a: Zekrom|Bolt Strike|p1a: Dewgong|[miss]\n|-miss|p2a: Zekrom|p1a: Dewgong\n|move|p1a: Dewgong|Encore|p2a: Zekrom\n|-start|p2a: Zekrom|Encore\n|\n|upkeep\n|turn|15\n|\n|t:|1781466142\n|switch|p1a: Shaymin|Shaymin, L82|298/298\n|-damage|p1a: Shaymin|261/298|[from] Stealth Rock\n|-activate|p1a: Shaymin|move: Sticky Web\n|-unboost|p1a: Shaymin|spe|1\n|move|p2a: Zekrom|Bolt Strike|p1a: Shaymin|[miss]\n|-miss|p2a: Zekrom|p1a: Shaymin\n|\n|-heal|p1a: Shaymin|279/298|[from] item: Leftovers\n|upkeep\n|turn|16\n|\n|t:|1781466156\n|switch|p2a: Duraludon|Duraludon, L82, F|178/249\n|move|p1a: Shaymin|Substitute|p1a: Shaymin\n|-start|p1a: Shaymin|Substitute\n|-damage|p1a: Shaymin|205/298\n|\n|-heal|p1a: Shaymin|223/298|[from] item: Leftovers\n|upkeep\n|turn|17\n|\n|t:|1781466161\n|move|p2a: Duraludon|Flash Cannon|p1a: Shaymin\n|-end|p1a: Shaymin|Substitute\n|move|p1a: Shaymin|Leech Seed|p2a: Duraludon\n|-start|p2a: Duraludon|move: Leech Seed\n|\n|-heal|p1a: Shaymin|241/298|[from] item: Leftovers\n|-damage|p2a: Duraludon|147/249|[from] Leech Seed|[of] p1a: Shaymin\n|-heal|p1a: Shaymin|272/298|[silent]\n|upkeep\n|turn|18\n|\n|t:|1781466167\n|switch|p2a: Zekrom|Zekrom, L71|259/259\n|-ability|p2a: Zekrom|Teravolt\n|move|p1a: Shaymin|Substitute|p1a: Shaymin\n|-start|p1a: Shaymin|Substitute\n|-damage|p1a: Shaymin|198/298\n|\n|-heal|p1a: Shaymin|216/298|[from] item: Leftovers\n|upkeep\n|turn|19\n|\n|t:|1781466171\n|move|p2a: Zekrom|Substitute|p2a: Zekrom\n|-start|p2a: Zekrom|Substitute\n|-damage|p2a: Zekrom|195/259\n|move|p1a: Shaymin|Seed Flare|p2a: Zekrom\n|-resisted|p2a: Zekrom\n|-end|p2a: Zekrom|Substitute\n|\n|-heal|p2a: Zekrom|211/259|[from] item: Leftovers\n|-heal|p1a: Shaymin|234/298|[from] item: Leftovers\n|upkeep\n|turn|20\n|\n|t:|1781466178\n|move|p2a: Zekrom|Substitute|p2a: Zekrom\n|-start|p2a: Zekrom|Substitute\n|-damage|p2a: Zekrom|147/259\n|move|p1a: Shaymin|Seed Flare|p2a: Zekrom|[miss]\n|-miss|p1a: Shaymin|p2a: Zekrom\n|\n|-heal|p2a: Zekrom|163/259|[from] item: Leftovers\n|-heal|p1a: Shaymin|252/298|[from] item: Leftovers\n|upkeep\n|turn|21\n|l|\u2606AmroE13\n|inactive|AmroE13 disconnected and has a minute to reconnect!\n|player|p1|\n|inactive|AmroE13 has 30 seconds to reconnect!\n|inactive|AmroE13 has 20 seconds to reconnect!\n|inactive|AmroE13 has 15 seconds to reconnect!\n|inactive|AmroE13 has 10 seconds to reconnect!\n|inactive|AmroE13 has 5 seconds to reconnect!\n|-message|AmroE13 lost due to inactivity.\n|\n|win|Highster5\n", "uploadtime": 1781465921, "views": 2, "formatid": "gen9randombattle", "rating": null, "private": 0, "password": null}