{"id": "gen9randombattle-2631936968", "format": "[Gen 9] Random Battle", "players": ["Kosaji", "pablovr"], "log": "|j|\u2606Kosaji\n|j|\u2606pablovr\n|t:|1781457578\n|gametype|singles\n|player|p1|Kosaji|zinnia-masters|1910\n|player|p2|pablovr|hiker-gen4|1903\n|gen|9\n|tier|[Gen 9] Random Battle\n|rated|\n|rule|Species Clause: Limit one of each Pok\u00e9mon\n|rule|HP Percentage Mod: HP is shown in percentages\n|rule|Sleep Clause Mod: Limit one foe put to sleep\n|rule|Illusion Level Mod: Illusion disguises the Pok\u00e9mon's true level\n|\n|t:|1781457578\n|teamsize|p1|6\n|teamsize|p2|6\n|start\n|switch|p1a: Breloom|Breloom, L83, F|235/235\n|switch|p2a: Toxapex|Toxapex, L82, F|216/216\n|turn|1\n|inactive|Battle timer is ON: inactive players will automatically lose when time's up. (requested by Kosaji)\n|\n|t:|1781457588\n|switch|p1a: Espeon|Espeon, L84, M|246/246\n|move|p2a: Toxapex|Toxic Spikes|p1a: Espeon\n|move|p1a: Espeon|Toxic Spikes|p2a: Toxapex|[from] ability: Magic Bounce\n|-sidestart|p2: pablovr|move: Toxic Spikes\n|\n|upkeep\n|turn|2\n|\n|t:|1781457604\n|switch|p2a: Farigiraf|Farigiraf, L90, F|362/362\n|-status|p2a: Farigiraf|psn\n|move|p1a: Espeon|Calm Mind|p1a: Espeon\n|-boost|p1a: Espeon|spa|1\n|-boost|p1a: Espeon|spd|1\n|\n|-damage|p2a: Farigiraf|317/362 psn|[from] psn\n|upkeep\n|turn|3\n|\n|t:|1781457612\n|switch|p1a: Overqwil|Overqwil, L82, F|274/274\n|-ability|p1a: Overqwil|Intimidate|boost\n|-unboost|p2a: Farigiraf|atk|1\n|move|p2a: Farigiraf|Body Slam|p1a: Overqwil\n|-damage|p1a: Overqwil|210/274\n|\n|-heal|p2a: Farigiraf|339/362 psn|[from] item: Leftovers\n|-damage|p2a: Farigiraf|294/362 psn|[from] psn\n|upkeep\n|turn|4\n|\n|t:|1781457625\n|switch|p2a: Toxapex|Toxapex, L82, F|216/216\n|-sideend|p2: pablovr|move: Toxic Spikes|[of] p2a: Toxapex\n|move|p1a: Overqwil|Crunch|p2a: Toxapex\n|-damage|p2a: Toxapex|142/216\n|-unboost|p2a: Toxapex|def|1\n|-damage|p1a: Overqwil|165/274|[from] item: Rocky Helmet|[of] p2a: Toxapex\n|-damage|p1a: Overqwil|138/274|[from] item: Life Orb\n|\n|upkeep\n|turn|5\n|\n|t:|1781457632\n|move|p1a: Overqwil|Swords Dance|p1a: Overqwil\n|-boost|p1a: Overqwil|atk|2\n|move|p2a: Toxapex|Recover|p2a: Toxapex\n|-heal|p2a: Toxapex|216/216\n|\n|upkeep\n|turn|6\n|\n|t:|1781457635\n|move|p1a: Overqwil|Crunch|p2a: Toxapex\n|-damage|p2a: Toxapex|0 fnt\n|-damage|p1a: Overqwil|93/274|[from] item: Rocky Helmet|[of] p2a: Toxapex\n|faint|p2a: Toxapex\n|-damage|p1a: Overqwil|66/274|[from] item: Life Orb\n|\n|upkeep\n|inactive|pablovr has 120 seconds left.\n|\n|t:|1781457668\n|switch|p2a: Spectrier|Spectrier, L75|274/274\n|turn|7\n|\n|t:|1781457677\n|move|p2a: Spectrier|Draining Kiss|p1a: Overqwil\n|-damage|p1a: Overqwil|4/274\n|-damage|p2a: Spectrier|247/274|[from] item: Life Orb\n|move|p1a: Overqwil|Crunch|p2a: Spectrier\n|-supereffective|p2a: Spectrier\n|-damage|p2a: Spectrier|0 fnt\n|faint|p2a: Spectrier\n|-damage|p1a: Overqwil|0 fnt|[from] item: Life Orb\n|faint|p1a: Overqwil\n|\n|upkeep\n|\n|t:|1781457691\n|switch|p2a: Farigiraf|Farigiraf, L90, F|294/362 psn\n|switch|p1a: Bruxish|Bruxish, L85, F|254/254\n|turn|8\n|\n|t:|1781457699\n|move|p1a: Bruxish|Swords Dance|p1a: Bruxish\n|-boost|p1a: Bruxish|atk|2\n|move|p2a: Farigiraf|Body Slam|p1a: Bruxish\n|-damage|p1a: Bruxish|146/254\n|-status|p1a: Bruxish|par\n|\n|-heal|p2a: Farigiraf|316/362 psn|[from] item: Leftovers\n|-damage|p2a: Farigiraf|271/362 psn|[from] psn\n|upkeep\n|turn|9\n|\n|t:|1781457711\n|move|p2a: Farigiraf|Body Slam|p1a: Bruxish\n|-damage|p1a: Bruxish|22/254 par\n|move|p1a: Bruxish|Wave Crash|p2a: Farigiraf\n|-damage|p2a: Farigiraf|0 fnt\n|faint|p2a: Farigiraf\n|-damage|p1a: Bruxish|0 fnt|[from] Recoil\n|faint|p1a: Bruxish\n|\n|upkeep\n|l|\u2606pablovr\n|inactive|pablovr disconnected and has a minute to reconnect!\n|player|p2|\n|inactive|pablovr has 30 seconds to reconnect!\n|inactive|pablovr has 20 seconds to reconnect!\n|j|\u2606pablovr\n|inactive|pablovr reconnected and has 85 seconds left.\n|player|p2|pablovr|hiker-gen4|\n|inactive|pablovr has 60 seconds left.\n|\n|t:|1781457806\n|switch|p1a: Mimikyu|Mimikyu, L79, F|216/216\n|switch|p2a: Azelf|Azelf, L82|257/257\n|turn|10\n|\n|t:|1781457834\n|move|p1a: Mimikyu|Shadow Sneak|p2a: Azelf\n|-supereffective|p2a: Azelf\n|-crit|p2a: Azelf\n|-damage|p2a: Azelf|91/257\n|-damage|p1a: Mimikyu|195/216|[from] item: Life Orb\n|move|p2a: Azelf|U-turn|p1a: Mimikyu\n|-activate|p1a: Mimikyu|ability: Disguise\n|-damage|p1a: Mimikyu|195/216\n|detailschange|p1a: Mimikyu|Mimikyu-Busted, L79, F\n|-damage|p1a: Mimikyu|168/216|[from] pokemon: Mimikyu-Busted\n|\n|t:|1781457840\n|switch|p2a: Clodsire|Clodsire, L81, F|343/343|[from] U-turn\n|\n|upkeep\n|turn|11\n|inactive|Kosaji has 120 seconds left.\n|\n|t:|1781457868\n|switch|p1a: Espeon|Espeon, L84, M|246/246\n|move|p2a: Clodsire|Earthquake|p1a: Espeon\n|-damage|p1a: Espeon|143/246\n|\n|upkeep\n|turn|12\n|inactive|Kosaji has 120 seconds left.\n|\n|t:|1781457887\n|move|p1a: Espeon|Morning Sun|p1a: Espeon\n|-heal|p1a: Espeon|246/246\n|move|p2a: Clodsire|Earthquake|p1a: Espeon\n|-damage|p1a: Espeon|134/246\n|\n|upkeep\n|turn|13\n|\n|t:|1781457899\n|move|p1a: Espeon|Psychic|p2a: Clodsire\n|-supereffective|p2a: Clodsire\n|-damage|p2a: Clodsire|28/343\n|-damage|p1a: Espeon|110/246|[from] item: Life Orb\n|move|p2a: Clodsire|Earthquake|p1a: Espeon\n|-damage|p1a: Espeon|1/246\n|\n|-heal|p2a: Clodsire|49/343|[from] item: Leftovers\n|upkeep\n|turn|14\n|\n|t:|1781457904\n|move|p1a: Espeon|Shadow Ball|p2a: Clodsire\n|-damage|p2a: Clodsire|0 fnt\n|faint|p2a: Clodsire\n|-damage|p1a: Espeon|0 fnt|[from] item: Life Orb\n|faint|p1a: Espeon\n|\n|upkeep\n|\n|t:|1781457915\n|switch|p1a: Mimikyu|Mimikyu-Busted, L79, F|168/216\n|switch|p2a: Feraligatr|Feraligatr, L79, M|264/264\n|turn|15\n|\n|t:|1781457924\n|move|p1a: Mimikyu|Play Rough|p2a: Feraligatr|[miss]\n|-miss|p1a: Mimikyu|p2a: Feraligatr\n|move|p2a: Feraligatr|Dragon Dance|p2a: Feraligatr\n|-boost|p2a: Feraligatr|atk|1\n|-boost|p2a: Feraligatr|spe|1\n|\n|upkeep\n|turn|16\n|\n|t:|1781457927\n|move|p2a: Feraligatr|Liquidation|p1a: Mimikyu\n|-damage|p1a: Mimikyu|0 fnt\n|faint|p1a: Mimikyu\n|\n|upkeep\n|\n|t:|1781457934\n|switch|p1a: Breloom|Breloom, L83, F|235/235\n|turn|17\n|\n|t:|1781457937\n|-terastallize|p1a: Breloom|Rock\n|move|p2a: Feraligatr|Dragon Dance|p2a: Feraligatr\n|-boost|p2a: Feraligatr|atk|1\n|-boost|p2a: Feraligatr|spe|1\n|move|p1a: Breloom|Rock Tomb|p2a: Feraligatr\n|-crit|p2a: Feraligatr\n|-damage|p2a: Feraligatr|48/264\n|-unboost|p2a: Feraligatr|spe|1\n|-damage|p1a: Breloom|212/235|[from] item: Life Orb\n|\n|upkeep\n|turn|18\n|\n|t:|1781457941\n|move|p1a: Breloom|Mach Punch|p2a: Feraligatr\n|-damage|p2a: Feraligatr|0 fnt\n|faint|p2a: Feraligatr\n|-damage|p1a: Breloom|189/235|[from] item: Life Orb\n|\n|upkeep\n|\n|t:|1781457943\n|switch|p2a: Azelf|Azelf, L82|91/257\n|turn|19\n|\n|t:|1781457955\n|move|p2a: Azelf|Psychic|p1a: Breloom\n|-damage|p1a: Breloom|0 fnt\n|faint|p1a: Breloom\n|\n|upkeep\n|\n|t:|1781457957\n|switch|p1a: Oricorio|Oricorio-Pom-Pom, L82, M|257/257\n|turn|20\n|\n|t:|1781457966\n|move|p2a: Azelf|Psychic|p1a: Oricorio\n|-damage|p1a: Oricorio|61/257\n|move|p1a: Oricorio|Revelation Dance|p2a: Azelf\n|-crit|p2a: Azelf\n|-damage|p2a: Azelf|0 fnt\n|faint|p2a: Azelf\n|\n|win|Kosaji\n", "uploadtime": 1781457580, "views": 3, "formatid": "gen9randombattle", "rating": null, "private": 0, "password": null}