{"id": "gen9randombattle-2631856726", "format": "[Gen 9] Random Battle", "players": ["hhjjtghm", "nupakachi"], "log": "|j|\u2606hhjjtghm\n|j|\u2606nupakachi\n|t:|1781448742\n|gametype|singles\n|player|p1|hhjjtghm|265|1024\n|player|p2|nupakachi|rocketgrunt|1025\n|gen|9\n|tier|[Gen 9] Random Battle\n|rated|\n|rule|Species Clause: Limit one of each Pok\u00e9mon\n|rule|HP Percentage Mod: HP is shown in percentages\n|rule|Sleep Clause Mod: Limit one foe put to sleep\n|rule|Illusion Level Mod: Illusion disguises the Pok\u00e9mon's true level\n|\n|t:|1781448742\n|teamsize|p1|6\n|teamsize|p2|6\n|start\n|switch|p1a: Mightyena|Mightyena, L96, F|290/290\n|switch|p2a: Oricorio|Oricorio-Pom-Pom, L82, M|257/257\n|-ability|p1a: Mightyena|Intimidate|boost\n|-unboost|p2a: Oricorio|atk|1\n|turn|1\n|\n|t:|1781448754\n|move|p2a: Oricorio|Quiver Dance|p2a: Oricorio\n|-boost|p2a: Oricorio|spa|1\n|-boost|p2a: Oricorio|spd|1\n|-boost|p2a: Oricorio|spe|1\n|move|p1a: Mightyena|Poison Fang|p2a: Oricorio\n|-damage|p2a: Oricorio|180/257\n|-status|p2a: Oricorio|tox\n|\n|-damage|p2a: Oricorio|164/257 tox|[from] psn\n|upkeep\n|turn|2\n|\n|t:|1781448776\n|move|p2a: Oricorio|Hurricane|p1a: Mightyena\n|-damage|p1a: Mightyena|89/290\n|move|p1a: Mightyena|Poison Fang|p2a: Oricorio\n|-damage|p2a: Oricorio|92/257 tox\n|\n|-damage|p2a: Oricorio|60/257 tox|[from] psn\n|upkeep\n|turn|3\n|\n|t:|1781448789\n|switch|p1a: Glaceon|Glaceon, L94, M|275/275\n|move|p2a: Oricorio|Revelation Dance|p1a: Glaceon\n|-damage|p1a: Glaceon|158/275\n|\n|-damage|p2a: Oricorio|12/257 tox|[from] psn\n|upkeep\n|turn|4\n|\n|t:|1781448804\n|move|p2a: Oricorio|Hurricane|p1a: Glaceon\n|-damage|p1a: Glaceon|5/275\n|move|p1a: Glaceon|Wish|p1a: Glaceon\n|\n|-damage|p2a: Oricorio|0 fnt|[from] psn\n|faint|p2a: Oricorio\n|upkeep\n|\n|t:|1781448815\n|switch|p2a: Bruxish|Bruxish, L85, M|254/254\n|turn|5\n|\n|t:|1781448820\n|move|p1a: Glaceon|Protect|p1a: Glaceon\n|-singleturn|p1a: Glaceon|Protect\n|move|p2a: Bruxish|Flip Turn|p1a: Glaceon\n|-activate|p1a: Glaceon|move: Protect\n|\n|-heal|p1a: Glaceon|142/275|[from] move: Wish|[wisher] Glaceon\n|upkeep\n|turn|6\n|\n|t:|1781448837\n|move|p2a: Bruxish|Flip Turn|p1a: Glaceon\n|-damage|p1a: Glaceon|63/275\n|\n|t:|1781448847\n|switch|p2a: Glimmora|Glimmora, L75, F|248/248|[from] Flip Turn\n|-item|p2a: Glimmora|Air Balloon\n|move|p1a: Glaceon|Wish|p1a: Glaceon\n|\n|upkeep\n|turn|7\n|\n|t:|1781448855\n|move|p1a: Glaceon|Protect|p1a: Glaceon\n|-singleturn|p1a: Glaceon|Protect\n|move|p2a: Glimmora|Power Gem|p1a: Glaceon\n|-activate|p1a: Glaceon|move: Protect\n|\n|-heal|p1a: Glaceon|200/275|[from] move: Wish|[wisher] Glaceon\n|upkeep\n|turn|8\n|\n|t:|1781448866\n|move|p1a: Glaceon|Mud Shot|p2a: Glimmora\n|-immune|p2a: Glimmora\n|move|p2a: Glimmora|Power Gem|p1a: Glaceon\n|-supereffective|p1a: Glaceon\n|-damage|p1a: Glaceon|56/275\n|\n|upkeep\n|turn|9\n|\n|t:|1781448876\n|move|p1a: Glaceon|Freeze-Dry|p2a: Glimmora\n|-damage|p2a: Glimmora|101/248\n|-enditem|p2a: Glimmora|Air Balloon\n|move|p2a: Glimmora|Power Gem|p1a: Glaceon\n|-supereffective|p1a: Glaceon\n|-damage|p1a: Glaceon|0 fnt\n|faint|p1a: Glaceon\n|\n|upkeep\n|\n|t:|1781448898\n|switch|p1a: Fezandipiti|Fezandipiti, L82, M|278/278\n|turn|10\n|\n|t:|1781448921\n|move|p1a: Fezandipiti|Moonblast|p2a: Glimmora\n|-resisted|p2a: Glimmora\n|-damage|p2a: Glimmora|56/248\n|move|p2a: Glimmora|Earth Power|p1a: Fezandipiti\n|-supereffective|p1a: Fezandipiti\n|-damage|p1a: Fezandipiti|172/278\n|\n|-heal|p1a: Fezandipiti|189/278|[from] item: Leftovers\n|upkeep\n|turn|11\n|\n|t:|1781448931\n|move|p1a: Fezandipiti|Gunk Shot|p2a: Glimmora\n|-resisted|p2a: Glimmora\n|-damage|p2a: Glimmora|27/248\n|-activate|p2a: Glimmora|ability: Toxic Debris\n|-sidestart|p1: hhjjtghm|move: Toxic Spikes\n|move|p2a: Glimmora|Earth Power|p1a: Fezandipiti\n|-supereffective|p1a: Fezandipiti\n|-damage|p1a: Fezandipiti|89/278\n|\n|-heal|p1a: Fezandipiti|106/278|[from] item: Leftovers\n|upkeep\n|turn|12\n|\n|t:|1781448944\n|move|p1a: Fezandipiti|Beat Up|p2a: Glimmora\n|-crit|p2a: Glimmora\n|-damage|p2a: Glimmora|11/248\n|-activate|p2a: Glimmora|ability: Toxic Debris\n|-sidestart|p1: hhjjtghm|move: Toxic Spikes\n|-damage|p2a: Glimmora|0 fnt\n|faint|p2a: Glimmora\n|-hitcount|p2: Glimmora|2\n|\n|-heal|p1a: Fezandipiti|123/278|[from] item: Leftovers\n|upkeep\n|\n|t:|1781448953\n|switch|p2a: Torterra|Torterra, L78, F|276/276\n|turn|13\n|\n|t:|1781448962\n|move|p1a: Fezandipiti|Gunk Shot|p2a: Torterra\n|-damage|p2a: Torterra|164/276\n|-status|p2a: Torterra|tox|[from] ability: Toxic Chain|[of] p1a: Fezandipiti\n|move|p2a: Torterra|Shell Smash|p2a: Torterra\n|-unboost|p2a: Torterra|def|1\n|-unboost|p2a: Torterra|spd|1\n|-boost|p2a: Torterra|atk|2\n|-boost|p2a: Torterra|spa|2\n|-boost|p2a: Torterra|spe|2\n|\n|-heal|p1a: Fezandipiti|140/278|[from] item: Leftovers\n|-damage|p2a: Torterra|147/276 tox|[from] psn\n|upkeep\n|turn|14\n|inactive|Battle timer is ON: inactive players will automatically lose when time's up. (requested by nupakachi)\n|\n|t:|1781448999\n|switch|p1a: Mightyena|Mightyena, L96, F|89/290\n|-status|p1a: Mightyena|tox\n|-ability|p1a: Mightyena|Intimidate|boost\n|-unboost|p2a: Torterra|atk|1\n|move|p2a: Torterra|Headlong Rush|p1a: Mightyena\n|-damage|p1a: Mightyena|0 fnt\n|-unboost|p2a: Torterra|def|1\n|-unboost|p2a: Torterra|spd|1\n|faint|p1a: Mightyena\n|\n|-damage|p2a: Torterra|113/276 tox|[from] psn\n|upkeep\n|\n|t:|1781449013\n|switch|p1a: Fezandipiti|Fezandipiti, L82, M|140/278\n|-sideend|p1: hhjjtghm|move: Toxic Spikes|[of] p1a: Fezandipiti\n|turn|15\n|\n|t:|1781449019\n|move|p2a: Torterra|Headlong Rush|p1a: Fezandipiti\n|-supereffective|p1a: Fezandipiti\n|-damage|p1a: Fezandipiti|0 fnt\n|-unboost|p2a: Torterra|def|1\n|-unboost|p2a: Torterra|spd|1\n|faint|p1a: Fezandipiti\n|\n|-damage|p2a: Torterra|62/276 tox|[from] psn\n|upkeep\n|\n|t:|1781449036\n|switch|p1a: Mew|Mew, L82|298/298\n|turn|16\n|\n|t:|1781449052\n|move|p2a: Torterra|Rock Blast|p1a: Mew\n|-damage|p1a: Mew|273/298\n|-damage|p1a: Mew|249/298\n|-damage|p1a: Mew|225/298\n|-damage|p1a: Mew|201/298\n|-damage|p1a: Mew|176/298\n|-hitcount|p1a: Mew|5\n|move|p1a: Mew|U-turn|p2a: Torterra\n|-supereffective|p2a: Torterra\n|-damage|p2a: Torterra|0 fnt\n|faint|p2a: Torterra\n|\n|t:|1781449066\n|switch|p1a: Greedent|Greedent, L86, M|347/347|[from] U-turn\n|\n|upkeep\n|\n|t:|1781449073\n|switch|p2a: Farigiraf|Farigiraf, L90, F|362/362\n|turn|17\n|\n|t:|1781449080\n|move|p2a: Farigiraf|Wish|p2a: Farigiraf\n|move|p1a: Greedent|Swords Dance|p1a: Greedent\n|-boost|p1a: Greedent|atk|2\n|\n|upkeep\n|turn|18\n|\n|t:|1781449088\n|move|p2a: Farigiraf|Psychic Noise|p1a: Greedent\n|-damage|p1a: Greedent|239/347\n|-start|p1a: Greedent|move: Heal Block\n|move|p1a: Greedent|Knock Off|p2a: Farigiraf\n|-supereffective|p2a: Farigiraf\n|-damage|p2a: Farigiraf|56/362\n|-enditem|p2a: Farigiraf|Leftovers|[from] move: Knock Off|[of] p1a: Greedent\n|\n|-heal|p2a: Farigiraf|237/362|[from] move: Wish|[wisher] Farigiraf\n|upkeep\n|turn|19\n|\n|t:|1781449103\n|move|p2a: Farigiraf|Body Slam|p1a: Greedent\n|-damage|p1a: Greedent|146/347\n|-status|p1a: Greedent|par\n|move|p1a: Greedent|Body Slam|p2a: Farigiraf\n|-damage|p2a: Farigiraf|26/362\n|\n|-end|p1a: Greedent|move: Heal Block\n|upkeep\n|-enditem|p1a: Greedent|Sitrus Berry|[eat]\n|-heal|p1a: Greedent|232/347 par|[from] item: Sitrus Berry\n|-heal|p1a: Greedent|347/347 par|[from] ability: Cheek Pouch\n|turn|20\n|\n|t:|1781449117\n|move|p2a: Farigiraf|Psychic Noise|p1a: Greedent\n|-damage|p1a: Greedent|230/347 par\n|-start|p1a: Greedent|move: Heal Block\n|move|p1a: Greedent|Body Slam|p2a: Farigiraf\n|-damage|p2a: Farigiraf|0 fnt\n|faint|p2a: Farigiraf\n|\n|upkeep\n|\n|t:|1781449122\n|switch|p2a: Bruxish|Bruxish, L85, M|254/254\n|turn|21\n|\n|t:|1781449130\n|move|p2a: Bruxish|Psychic Fangs|p1a: Greedent\n|-damage|p1a: Greedent|22/347 par\n|move|p1a: Greedent|Swords Dance|p1a: Greedent\n|-boost|p1a: Greedent|atk|2\n|\n|-end|p1a: Greedent|move: Heal Block\n|upkeep\n|turn|22\n|\n|t:|1781449139\n|move|p2a: Bruxish|Psychic Fangs|p1a: Greedent\n|-damage|p1a: Greedent|0 fnt\n|faint|p1a: Greedent\n|\n|upkeep\n|\n|t:|1781449148\n|switch|p1a: Mew|Mew, L82|176/298\n|turn|23\n|\n|t:|1781449156\n|move|p1a: Mew|Psychic Noise|p2a: Bruxish\n|-resisted|p2a: Bruxish\n|-damage|p2a: Bruxish|209/254\n|-start|p2a: Bruxish|move: Heal Block\n|move|p2a: Bruxish|Psychic Fangs|p1a: Mew\n|-resisted|p1a: Mew\n|-damage|p1a: Mew|73/298\n|\n|-heal|p1a: Mew|91/298|[from] item: Leftovers\n|upkeep\n|turn|24\n|\n|t:|1781449170\n|move|p1a: Mew|U-turn|p2a: Bruxish\n|-supereffective|p2a: Bruxish\n|-damage|p2a: Bruxish|101/254\n|\n|t:|1781449173\n|switch|p1a: Slither Wing|Slither Wing, L81|270/270|[from] U-turn\n|-enditem|p1a: Slither Wing|Booster Energy\n|-activate|p1a: Slither Wing|ability: Protosynthesis|[fromitem]\n|-start|p1a: Slither Wing|protosynthesisatk\n|move|p2a: Bruxish|Psychic Fangs|p1a: Slither Wing\n|-supereffective|p1a: Slither Wing\n|-damage|p1a: Slither Wing|0 fnt\n|faint|p1a: Slither Wing\n|-end|p1a: Slither Wing|Protosynthesis|[silent]\n|\n|-end|p2a: Bruxish|move: Heal Block\n|upkeep\n|\n|t:|1781449185\n|switch|p1a: Mew|Mew, L82|91/298\n|turn|25\n|\n|t:|1781449191\n|move|p1a: Mew|U-turn|p2a: Bruxish\n|-supereffective|p2a: Bruxish\n|-damage|p2a: Bruxish|0 fnt\n|faint|p2a: Bruxish\n|\n|-heal|p1a: Mew|109/298|[from] item: Leftovers\n|upkeep\n|\n|t:|1781449196\n|switch|p2a: Sandy Shocks|Sandy Shocks, L80|267/267\n|turn|26\n|\n|t:|1781449208\n|move|p1a: Mew|Psychic Noise|p2a: Sandy Shocks\n|-damage|p2a: Sandy Shocks|177/267\n|-start|p2a: Sandy Shocks|move: Heal Block\n|move|p2a: Sandy Shocks|Thunder Wave|p1a: Mew\n|-status|p1a: Mew|par\n|-activate|p1a: Mew|ability: Synchronize\n|-immune|p2a: Sandy Shocks\n|\n|-heal|p1a: Mew|127/298 par|[from] item: Leftovers\n|upkeep\n|turn|27\n|\n|t:|1781449223\n|move|p2a: Sandy Shocks|Earth Power|p1a: Mew\n|-damage|p1a: Mew|21/298 par\n|-unboost|p1a: Mew|spd|1\n|move|p1a: Mew|Psychic Noise|p2a: Sandy Shocks\n|-damage|p2a: Sandy Shocks|93/267\n|\n|-heal|p1a: Mew|39/298 par|[from] item: Leftovers\n|-end|p2a: Sandy Shocks|move: Heal Block\n|upkeep\n|turn|28\n|-message|hhjjtghm forfeited.\n|\n|win|nupakachi\n|raw|hhjjtghm's rating: 1024 &rarr; <strong>1010</strong><br />(-14 for losing)\n|raw|nupakachi's rating: 1025 &rarr; <strong>1061</strong><br />(+36 for winning)\n|l|\u2606hhjjtghm\n|player|p1|\n", "uploadtime": 1781449239, "views": 2, "formatid": "gen9randombattle", "rating": 1010, "private": 0, "password": null}