{"id": "gen9randombattle-2631755015", "format": "[Gen 9] Random Battle", "players": ["L4V", "moenke"], "log": "|j|\u2606L4V\n|j|\u2606moenke\n|t:|1781434396\n|gametype|singles\n|player|p1|L4V|psychic-gen6|1947\n|player|p2|moenke|1|2069\n|gen|9\n|tier|[Gen 9] Random Battle\n|rated|\n|rule|Species Clause: Limit one of each Pok\u00e9mon\n|rule|HP Percentage Mod: HP is shown in percentages\n|rule|Sleep Clause Mod: Limit one foe put to sleep\n|rule|Illusion Level Mod: Illusion disguises the Pok\u00e9mon's true level\n|\n|t:|1781434396\n|teamsize|p1|6\n|teamsize|p2|6\n|start\n|switch|p1a: Flutter Mane|Flutter Mane, L74|203/203\n|switch|p2a: Granbull|Granbull, L88, M|302/302\n|-ability|p2a: Granbull|Intimidate|boost\n|-unboost|p1a: Flutter Mane|atk|1\n|turn|1\n|inactive|Battle timer is ON: inactive players will automatically lose when time's up. (requested by L4V)\n|\n|t:|1781434423\n|-end|p1a: Flutter Mane|Protosynthesis|[silent]\n|switch|p1a: Torkoal|Torkoal, L88, F|266/266\n|-weather|SunnyDay|[from] ability: Drought|[of] p1a: Torkoal\n|move|p2a: Granbull|Thunder Wave|p1a: Torkoal\n|-status|p1a: Torkoal|par\n|\n|-weather|SunnyDay|[upkeep]\n|upkeep\n|turn|2\n|\n|t:|1781434430\n|move|p2a: Granbull|Earthquake|p1a: Torkoal\n|-supereffective|p1a: Torkoal\n|-damage|p1a: Torkoal|136/266 par\n|move|p1a: Torkoal|Lava Plume|p2a: Granbull\n|-damage|p2a: Granbull|157/302\n|-status|p2a: Granbull|brn\n|\n|-weather|SunnyDay|[upkeep]\n|-heal|p2a: Granbull|175/302 brn|[from] item: Leftovers\n|-damage|p2a: Granbull|157/302 brn|[from] brn\n|upkeep\n|turn|3\n|\n|t:|1781434438\n|move|p2a: Granbull|Earthquake|p1a: Torkoal\n|-supereffective|p1a: Torkoal\n|-damage|p1a: Torkoal|74/266 par\n|move|p1a: Torkoal|Lava Plume|p2a: Granbull\n|-damage|p2a: Granbull|3/302 brn\n|\n|-weather|SunnyDay|[upkeep]\n|-heal|p2a: Granbull|21/302 brn|[from] item: Leftovers\n|-damage|p2a: Granbull|3/302 brn|[from] brn\n|upkeep\n|turn|4\n|\n|t:|1781434444\n|move|p2a: Granbull|Earthquake|p1a: Torkoal\n|-supereffective|p1a: Torkoal\n|-damage|p1a: Torkoal|18/266 par\n|move|p1a: Torkoal|Rapid Spin|p2a: Granbull\n|-damage|p2a: Granbull|0 fnt\n|-boost|p1a: Torkoal|spe|1\n|faint|p2a: Granbull\n|\n|-weather|SunnyDay|[upkeep]\n|upkeep\n|inactive|moenke has 120 seconds left.\n|\n|t:|1781434474\n|switch|p2a: Plusle|Plusle, L95, M|268/268\n|turn|5\n|\n|t:|1781434485\n|switch|p1a: Hypno|Hypno, L95, M|315/315\n|move|p2a: Plusle|Thunderbolt|p1a: Hypno\n|-damage|p1a: Hypno|205/315\n|-damage|p2a: Plusle|242/268|[from] item: Life Orb\n|\n|-weather|none\n|-heal|p1a: Hypno|224/315|[from] item: Leftovers\n|upkeep\n|turn|6\n|\n|t:|1781434496\n|switch|p2a: Corviknight|Corviknight, L80, F|288/288\n|-ability|p2a: Corviknight|Pressure\n|move|p1a: Hypno|Toxic|p2a: Corviknight\n|-immune|p2a: Corviknight\n|\n|-heal|p1a: Hypno|243/315|[from] item: Leftovers\n|upkeep\n|turn|7\n|\n|t:|1781434509\n|switch|p1a: Torkoal|Torkoal, L88, F|18/266 par\n|-weather|SunnyDay|[from] ability: Drought|[of] p1a: Torkoal\n|move|p2a: Corviknight|Brave Bird|p1a: Torkoal\n|-damage|p1a: Torkoal|0 fnt\n|faint|p1a: Torkoal\n|-damage|p2a: Corviknight|282/288|[from] Recoil\n|\n|-weather|SunnyDay|[upkeep]\n|-heal|p2a: Corviknight|288/288|[from] item: Leftovers\n|upkeep\n|\n|t:|1781434511\n|switch|p1a: Flutter Mane|Flutter Mane, L74|203/203\n|-activate|p1a: Flutter Mane|ability: Protosynthesis\n|-start|p1a: Flutter Mane|protosynthesisspa\n|turn|8\n|\n|t:|1781434519\n|move|p1a: Flutter Mane|Shadow Ball|p2a: Corviknight\n|-crit|p2a: Corviknight\n|-damage|p2a: Corviknight|24/288\n|move|p2a: Corviknight|Brave Bird|p1a: Flutter Mane\n|-crit|p1a: Flutter Mane\n|-damage|p1a: Flutter Mane|0 fnt\n|faint|p1a: Flutter Mane\n|-end|p1a: Flutter Mane|Protosynthesis|[silent]\n|-damage|p2a: Corviknight|0 fnt|[from] Recoil\n|faint|p2a: Corviknight\n|\n|-weather|SunnyDay|[upkeep]\n|upkeep\n|\n|t:|1781434527\n|switch|p1a: Glimmora|Glimmora, L75, F|248/248\n|switch|p2a: Lokix|Lokix, L82, M|251/251\n|turn|9\n|\n|t:|1781434532\n|switch|p2a: Golurk|Golurk, L87|297/297\n|move|p1a: Glimmora|Power Gem|p2a: Golurk\n|-resisted|p2a: Golurk\n|-damage|p2a: Golurk|251/297\n|\n|-weather|SunnyDay|[upkeep]\n|upkeep\n|turn|10\n|\n|t:|1781434537\n|switch|p1a: Regigigas|Regigigas, L84|322/322\n|-start|p1a: Regigigas|ability: Slow Start\n|move|p2a: Golurk|Stealth Rock|p1a: Regigigas\n|-sidestart|p1: L4V|move: Stealth Rock\n|\n|-weather|SunnyDay|[upkeep]\n|upkeep\n|turn|11\n|\n|t:|1781434539\n|move|p2a: Golurk|Dynamic Punch|p1a: Regigigas\n|-supereffective|p1a: Regigigas\n|-damage|p1a: Regigigas|135/322\n|-start|p1a: Regigigas|confusion\n|-damage|p2a: Golurk|222/297|[from] item: Life Orb\n|-activate|p1a: Regigigas|confusion\n|-damage|p1a: Regigigas|101/322|[from] confusion\n|\n|-weather|none\n|-heal|p1a: Regigigas|121/322|[from] item: Leftovers\n|upkeep\n|turn|12\n|\n|t:|1781434548\n|move|p2a: Golurk|Earthquake|p1a: Regigigas\n|-damage|p1a: Regigigas|0 fnt\n|faint|p1a: Regigigas\n|-end|p1a: Regigigas|Slow Start|[silent]\n|-damage|p2a: Golurk|193/297|[from] item: Life Orb\n|\n|upkeep\n|\n|t:|1781434553\n|switch|p1a: Regidrago|Regidrago, L77|435/435\n|-damage|p1a: Regidrago|381/435|[from] Stealth Rock\n|turn|13\n|\n|t:|1781434565\n|-terastallize|p1a: Regidrago|Dragon\n|move|p1a: Regidrago|Dragon Energy|p2a: Golurk\n|-damage|p2a: Golurk|0 fnt\n|faint|p2a: Golurk\n|\n|upkeep\n|\n|t:|1781434581\n|switch|p2a: Lokix|Lokix, L82, M|251/251\n|turn|14\n|\n|t:|1781434585\n|switch|p1a: Glimmora|Glimmora, L75, F|248/248\n|-damage|p1a: Glimmora|217/248|[from] Stealth Rock\n|move|p2a: Lokix|First Impression|p1a: Glimmora\n|-resisted|p1a: Glimmora\n|-damage|p1a: Glimmora|91/248\n|-activate|p1a: Glimmora|ability: Toxic Debris\n|-sidestart|p2: moenke|move: Toxic Spikes\n|\n|upkeep\n|turn|15\n|\n|t:|1781434594\n|move|p2a: Lokix|Knock Off|p1a: Glimmora\n|-crit|p1a: Glimmora\n|-damage|p1a: Glimmora|0 fnt\n|-activate|p1a: Glimmora|ability: Toxic Debris\n|-sidestart|p2: moenke|move: Toxic Spikes\n|-enditem|p1a: Glimmora|Assault Vest|[from] move: Knock Off|[of] p2a: Lokix\n|faint|p1a: Glimmora\n|\n|upkeep\n|\n|t:|1781434599\n|switch|p1a: Regidrago|Regidrago, L77, tera:Dragon|381/435\n|-damage|p1a: Regidrago|327/435|[from] Stealth Rock\n|turn|16\n|\n|t:|1781434604\n|move|p2a: Lokix|Sucker Punch|p1a: Regidrago\n|-damage|p1a: Regidrago|215/435\n|move|p1a: Regidrago|Outrage|p2a: Lokix\n|-damage|p2a: Lokix|0 fnt\n|faint|p2a: Lokix\n|\n|upkeep\n|\n|t:|1781434610\n|switch|p2a: Calyrex|Calyrex-Ice, L72|263/263\n|-ability|p2a: Calyrex|As One\n|-ability|p2a: Calyrex|Unnerve\n|turn|17\n|\n|t:|1781434618\n|move|p1a: Regidrago|Outrage|p2a: Calyrex|[from] lockedmove\n|-damage|p2a: Calyrex|101/263\n|-start|p1a: Regidrago|confusion|[fatigue]\n|move|p2a: Calyrex|Trick Room|p2a: Calyrex\n|-fieldstart|move: Trick Room|[of] p2a: Calyrex\n|\n|upkeep\n|turn|18\n|\n|t:|1781434622\n|move|p2a: Calyrex|Glacial Lance|p1a: Regidrago\n|-supereffective|p1a: Regidrago\n|-damage|p1a: Regidrago|0 fnt\n|faint|p1a: Regidrago\n|-ability|p2a: Calyrex|Chilling Neigh|boost\n|-boost|p2a: Calyrex|atk|1\n|\n|upkeep\n|\n|t:|1781434624\n|switch|p1a: Hypno|Hypno, L95, M|243/315\n|-damage|p1a: Hypno|204/315|[from] Stealth Rock\n|turn|19\n|\n|t:|1781434630\n|move|p2a: Calyrex|Glacial Lance|p1a: Hypno\n|-damage|p1a: Hypno|0 fnt\n|faint|p1a: Hypno\n|\n|win|moenke\n", "uploadtime": 1781434398, "views": 4, "formatid": "gen9randombattle", "rating": null, "private": 0, "password": null}