{"id": "gen9randombattle-2631808469", "format": "[Gen 9] Random Battle", "players": ["kapersthekrap", "MasterJ007"], "log": "|badge|p2|bronze|gen9randombattle|100-9\n|uhtml|medal-msg|<div class=\"broadcast-blue\">Curious what those medals under the avatar are? PS now has Ladder Seasons! For more information, check out the <a href=\"https://www.smogon.com/forums/threads/3740067/\">thread on Smogon.</a></div>\n|j|\u2606kapersthekrap\n|j|\u2606MasterJ007\n|t:|1781442703\n|gametype|singles\n|player|p1|kapersthekrap|alder|2117\n|player|p2|MasterJ007|#rbtt7teamsuicune|2337\n|gen|9\n|tier|[Gen 9] Random Battle\n|rated|\n|rule|Species Clause: Limit one of each Pok\u00e9mon\n|rule|HP Percentage Mod: HP is shown in percentages\n|rule|Sleep Clause Mod: Limit one foe put to sleep\n|rule|Illusion Level Mod: Illusion disguises the Pok\u00e9mon's true level\n|\n|t:|1781442703\n|teamsize|p1|6\n|teamsize|p2|6\n|start\n|switch|p1a: Crabominable|Crabominable, L90, F|321/321\n|switch|p2a: Goodra|Goodra-Hisui, L82, F|265/265\n|turn|1\n|inactive|Battle timer is ON: inactive players will automatically lose when time's up. (requested by kapersthekrap)\n|inactive|MasterJ007 also wants the timer to be on.\n|inactive|MasterJ007 has 120 seconds left.\n|inactive|kapersthekrap has 120 seconds left.\n|\n|t:|1781442746\n|switch|p2a: Politoed|Politoed, L88, M|302/302\n|-weather|RainDance|[from] ability: Drizzle|[of] p2a: Politoed\n|move|p1a: Crabominable|Knock Off|p2a: Politoed\n|-damage|p2a: Politoed|183/302\n|-enditem|p2a: Politoed|Chesto Berry|[from] move: Knock Off|[of] p1a: Crabominable\n|\n|-weather|RainDance|[upkeep]\n|upkeep\n|turn|2\n|inactive|kapersthekrap has 120 seconds left.\n|\n|t:|1781442782\n|move|p2a: Politoed|Surf|p1a: Crabominable\n|-damage|p1a: Crabominable|200/321\n|move|p1a: Crabominable|Drain Punch|p2a: Politoed\n|-damage|p2a: Politoed|35/302\n|-heal|p1a: Crabominable|274/321|[from] drain|[of] p2a: Politoed\n|\n|-weather|RainDance|[upkeep]\n|upkeep\n|turn|3\n|inactive|kapersthekrap has 120 seconds left.\n|\n|t:|1781442788\n|move|p2a: Politoed|Surf|p1a: Crabominable\n|-damage|p1a: Crabominable|160/321\n|move|p1a: Crabominable|Drain Punch|p2a: Politoed\n|-damage|p2a: Politoed|0 fnt\n|-heal|p1a: Crabominable|178/321|[from] drain|[of] p2a: Politoed\n|faint|p2a: Politoed\n|\n|-weather|RainDance|[upkeep]\n|upkeep\n|\n|t:|1781442795\n|switch|p2a: Sylveon|Sylveon, L85, M|300/300\n|turn|4\n|inactive|kapersthekrap has 120 seconds left.\n|\n|t:|1781442813\n|switch|p1a: Perrserker|Perrserker, L89, F|269/269\n|move|p2a: Sylveon|Hyper Voice|p1a: Perrserker\n|-resisted|p1a: Perrserker\n|-damage|p1a: Perrserker|191/269\n|\n|-weather|RainDance|[upkeep]\n|upkeep\n|turn|5\n|\n|t:|1781442828\n|move|p2a: Sylveon|Protect|p2a: Sylveon\n|-singleturn|p2a: Sylveon|Protect\n|move|p1a: Perrserker|Stealth Rock|p2a: Sylveon\n|-sidestart|p2: MasterJ007|move: Stealth Rock\n|\n|-weather|none\n|upkeep\n|turn|6\n|\n|t:|1781442832\n|switch|p2a: Goodra|Goodra-Hisui, L82, F|265/265\n|-damage|p2a: Goodra|249/265|[from] Stealth Rock\n|move|p1a: Perrserker|U-turn|p2a: Goodra\n|-resisted|p2a: Goodra\n|-damage|p2a: Goodra|197/265\n|-damage|p1a: Perrserker|165/269|[from] item: Life Orb\n|\n|t:|1781442835\n|switch|p1a: Crabominable|Crabominable, L90, F|178/321|[from] U-turn\n|\n|upkeep\n|turn|7\n|\n|t:|1781442840\n|switch|p2a: Sylveon|Sylveon, L85, M|300/300\n|-damage|p2a: Sylveon|263/300|[from] Stealth Rock\n|move|p1a: Crabominable|Drain Punch|p2a: Sylveon\n|-resisted|p2a: Sylveon\n|-damage|p2a: Sylveon|171/300\n|-heal|p1a: Crabominable|224/321|[from] drain|[of] p2a: Sylveon\n|\n|-heal|p2a: Sylveon|189/300|[from] item: Leftovers\n|upkeep\n|turn|8\n|\n|t:|1781442847\n|switch|p1a: Grafaiai|Grafaiai, L86, M|249/249\n|move|p2a: Sylveon|Hyper Voice|p1a: Grafaiai\n|-resisted|p1a: Grafaiai\n|-damage|p1a: Grafaiai|171/249\n|\n|-heal|p2a: Sylveon|207/300|[from] item: Leftovers\n|upkeep\n|turn|9\n|\n|t:|1781442854\n|move|p2a: Sylveon|Protect|p2a: Sylveon\n|-singleturn|p2a: Sylveon|Protect\n|move|p1a: Grafaiai|Knock Off|p2a: Sylveon\n|-activate|p2a: Sylveon|move: Protect\n|\n|-heal|p2a: Sylveon|225/300|[from] item: Leftovers\n|upkeep\n|turn|10\n|\n|t:|1781442860\n|switch|p2a: Goodra|Goodra-Hisui, L82, F|197/265\n|-damage|p2a: Goodra|181/265|[from] Stealth Rock\n|move|p1a: Grafaiai|Knock Off|p2a: Goodra\n|-damage|p2a: Goodra|95/265\n|-enditem|p2a: Goodra|Assault Vest|[from] move: Knock Off|[of] p1a: Grafaiai\n|-damage|p1a: Grafaiai|147/249|[from] item: Life Orb\n|\n|upkeep\n|turn|11\n|\n|t:|1781442865\n|move|p1a: Grafaiai|Low Kick|p2a: Goodra\n|-supereffective|p2a: Goodra\n|-damage|p2a: Goodra|0 fnt\n|faint|p2a: Goodra\n|-damage|p1a: Grafaiai|123/249|[from] item: Life Orb\n|\n|upkeep\n|\n|t:|1781442872\n|switch|p2a: Beartic|Beartic, L91, M|321/321\n|turn|12\n|\n|t:|1781442886\n|move|p1a: Grafaiai|Low Kick|p2a: Beartic\n|-supereffective|p2a: Beartic\n|-damage|p2a: Beartic|97/321\n|-damage|p1a: Grafaiai|99/249|[from] item: Life Orb\n|move|p2a: Beartic|Earthquake|p1a: Grafaiai\n|-supereffective|p1a: Grafaiai\n|-damage|p1a: Grafaiai|0 fnt\n|faint|p1a: Grafaiai\n|\n|upkeep\n|\n|t:|1781442899\n|switch|p1a: Sandaconda|Sandaconda, L84, F|258/258\n|turn|13\n|\n|t:|1781442903\n|move|p1a: Sandaconda|Earthquake|p2a: Beartic\n|-damage|p2a: Beartic|0 fnt\n|faint|p2a: Beartic\n|\n|upkeep\n|\n|t:|1781442911\n|switch|p2a: Victreebel|Victreebel, L90, M|290/290\n|-damage|p2a: Victreebel|254/290|[from] Stealth Rock\n|turn|14\n|\n|t:|1781442923\n|switch|p1a: Brambleghast|Brambleghast, L88, M|240/240\n|move|p2a: Victreebel|Power Whip|p1a: Brambleghast\n|-resisted|p1a: Brambleghast\n|-damage|p1a: Brambleghast|118/240\n|-damage|p2a: Victreebel|225/290|[from] item: Life Orb\n|\n|-heal|p1a: Brambleghast|133/240|[from] item: Leftovers\n|upkeep\n|turn|15\n|\n|t:|1781442933\n|move|p1a: Brambleghast|Poltergeist|p2a: Victreebel\n|-activate|p2a: Victreebel|move: Poltergeist|Life Orb\n|-damage|p2a: Victreebel|57/290\n|move|p2a: Victreebel|Sludge Wave|p1a: Brambleghast\n|-damage|p1a: Brambleghast|0 fnt\n|faint|p1a: Brambleghast\n|-damage|p2a: Victreebel|28/290|[from] item: Life Orb\n|\n|upkeep\n|\n|t:|1781442941\n|switch|p1a: Infernape|Infernape, L82, M|259/259\n|turn|16\n|\n|t:|1781442946\n|move|p1a: Infernape|U-turn|p2a: Victreebel\n|-damage|p2a: Victreebel|0 fnt\n|faint|p2a: Victreebel\n|\n|t:|1781442952\n|switch|p1a: Perrserker|Perrserker, L89, F|165/269|[from] U-turn\n|\n|upkeep\n|\n|t:|1781442955\n|switch|p2a: Oranguru|Oranguru, L92, F|315/315\n|-damage|p2a: Oranguru|276/315|[from] Stealth Rock\n|turn|17\n|\n|t:|1781442965\n|move|p2a: Oranguru|Hyper Voice|p1a: Perrserker\n|-resisted|p1a: Perrserker\n|-damage|p1a: Perrserker|72/269\n|move|p1a: Perrserker|U-turn|p2a: Oranguru\n|-supereffective|p2a: Oranguru\n|-damage|p2a: Oranguru|63/315\n|-damage|p1a: Perrserker|46/269|[from] item: Life Orb\n|\n|t:|1781442971\n|switch|p1a: Infernape|Infernape, L82, M|259/259|[from] U-turn\n|\n|upkeep\n|turn|18\n|\n|t:|1781442975\n|move|p1a: Infernape|U-turn|p2a: Oranguru\n|-supereffective|p2a: Oranguru\n|-damage|p2a: Oranguru|0 fnt\n|faint|p2a: Oranguru\n|\n|t:|1781442983\n|switch|p1a: Perrserker|Perrserker, L89, F|46/269|[from] U-turn\n|\n|upkeep\n|\n|t:|1781442985\n|switch|p2a: Sylveon|Sylveon, L85, M|225/300\n|-damage|p2a: Sylveon|188/300|[from] Stealth Rock\n|turn|19\n|\n|t:|1781442989\n|move|p2a: Sylveon|Protect|p2a: Sylveon\n|-singleturn|p2a: Sylveon|Protect\n|move|p1a: Perrserker|Iron Head|p2a: Sylveon\n|-activate|p2a: Sylveon|move: Protect\n|\n|-heal|p2a: Sylveon|206/300|[from] item: Leftovers\n|upkeep\n|turn|20\n|\n|t:|1781442992\n|move|p2a: Sylveon|Hyper Voice|p1a: Perrserker\n|-resisted|p1a: Perrserker\n|-damage|p1a: Perrserker|0 fnt\n|faint|p1a: Perrserker\n|\n|-heal|p2a: Sylveon|224/300|[from] item: Leftovers\n|upkeep\n|\n|t:|1781442995\n|switch|p1a: Sandaconda|Sandaconda, L84, F|258/258\n|turn|21\n|\n|t:|1781443007\n|-terastallize|p1a: Sandaconda|Steel\n|move|p1a: Sandaconda|Earthquake|p2a: Sylveon\n|-damage|p2a: Sylveon|82/300\n|move|p2a: Sylveon|Wish|p2a: Sylveon\n|\n|-heal|p2a: Sylveon|100/300|[from] item: Leftovers\n|upkeep\n|turn|22\n|\n|t:|1781443019\n|move|p1a: Sandaconda|Coil|p1a: Sandaconda\n|-boost|p1a: Sandaconda|atk|1\n|-boost|p1a: Sandaconda|def|1\n|-boost|p1a: Sandaconda|accuracy|1\n|move|p2a: Sylveon|Hyper Voice|p1a: Sandaconda\n|-resisted|p1a: Sandaconda\n|-damage|p1a: Sandaconda|177/258\n|\n|-heal|p2a: Sylveon|250/300|[from] move: Wish|[wisher] Sylveon\n|-heal|p1a: Sandaconda|193/258|[from] item: Leftovers\n|-heal|p2a: Sylveon|268/300|[from] item: Leftovers\n|upkeep\n|turn|23\n|\n|t:|1781443024\n|move|p1a: Sandaconda|Earthquake|p2a: Sylveon\n|-damage|p2a: Sylveon|66/300\n|move|p2a: Sylveon|Hyper Voice|p1a: Sandaconda\n|-resisted|p1a: Sandaconda\n|-damage|p1a: Sandaconda|111/258\n|\n|-heal|p1a: Sandaconda|127/258|[from] item: Leftovers\n|-heal|p2a: Sylveon|84/300|[from] item: Leftovers\n|upkeep\n|turn|24\n|\n|t:|1781443028\n|move|p1a: Sandaconda|Earthquake|p2a: Sylveon\n|-damage|p2a: Sylveon|0 fnt\n|faint|p2a: Sylveon\n|\n|win|kapersthekrap\n", "uploadtime": 1781442704, "views": 4, "formatid": "gen9randombattle", "rating": null, "private": 0, "password": null}