{"id": "gen9randombattle-2631583487", "format": "[Gen 9] Random Battle", "players": ["bonbonbo", "pipisniperz"], "log": "|j|\u2606bonbonbo\n|j|\u2606pipisniperz\n|t:|1781404567\n|gametype|singles\n|player|p1|bonbonbo|170|2022\n|player|p2|pipisniperz|2|1984\n|gen|9\n|tier|[Gen 9] Random Battle\n|rated|\n|rule|Species Clause: Limit one of each Pok\u00e9mon\n|rule|HP Percentage Mod: HP is shown in percentages\n|rule|Sleep Clause Mod: Limit one foe put to sleep\n|rule|Illusion Level Mod: Illusion disguises the Pok\u00e9mon's true level\n|\n|t:|1781404567\n|teamsize|p1|6\n|teamsize|p2|6\n|start\n|switch|p1a: Vaporeon|Vaporeon, L86, M|364/364\n|switch|p2a: Shaymin|Shaymin-Sky, L73|266/266\n|turn|1\n|\n|t:|1781404573\n|move|p1a: Vaporeon|Protect|p1a: Vaporeon\n|-singleturn|p1a: Vaporeon|Protect\n|move|p2a: Shaymin|Seed Flare|p1a: Vaporeon\n|-activate|p1a: Vaporeon|move: Protect\n|\n|upkeep\n|turn|2\n|inactive|Battle timer is ON: inactive players will automatically lose when time's up. (requested by pipisniperz)\n|\n|t:|1781404599\n|switch|p1a: Ariados|Ariados, L95, F|287/287\n|move|p2a: Shaymin|Air Slash|p1a: Ariados\n|-supereffective|p1a: Ariados\n|-damage|p1a: Ariados|129/287\n|\n|upkeep\n|turn|3\n|\n|t:|1781404607\n|switch|p1a: Diancie|Diancie, L82|216/216\n|move|p2a: Shaymin|Air Slash|p1a: Diancie\n|-resisted|p1a: Diancie\n|-damage|p1a: Diancie|199/216\n|\n|upkeep\n|turn|4\n|\n|t:|1781404614\n|move|p2a: Shaymin|Earth Power|p1a: Diancie\n|-supereffective|p1a: Diancie\n|-damage|p1a: Diancie|145/216\n|move|p1a: Diancie|Diamond Storm|p2a: Shaymin\n|-supereffective|p2a: Shaymin\n|-damage|p2a: Shaymin|0 fnt\n|-boost|p1a: Diancie|def|2\n|faint|p2a: Shaymin\n|\n|upkeep\n|\n|t:|1781404631\n|switch|p2a: Crawdaunt|Crawdaunt, L84, F|243/243\n|turn|5\n|\n|t:|1781404654\n|move|p2a: Crawdaunt|Crabhammer|p1a: Diancie\n|-supereffective|p1a: Diancie\n|-damage|p1a: Diancie|0 fnt\n|faint|p1a: Diancie\n|\n|upkeep\n|\n|t:|1781404662\n|switch|p1a: Scyther|Scyther, L82, F|249/249\n|turn|6\n|\n|t:|1781404673\n|switch|p2a: Skarmory|Skarmory, L80, M|235/235\n|move|p1a: Scyther|U-turn|p2a: Skarmory\n|-resisted|p2a: Skarmory\n|-damage|p2a: Skarmory|222/235\n|\n|t:|1781404681\n|switch|p1a: Vaporeon|Vaporeon, L86, M|364/364|[from] U-turn\n|\n|-heal|p2a: Skarmory|235/235|[from] item: Leftovers\n|upkeep\n|turn|7\n|\n|t:|1781404685\n|move|p1a: Vaporeon|Scald|p2a: Skarmory\n|-damage|p2a: Skarmory|111/235\n|move|p2a: Skarmory|Stealth Rock|p1a: Vaporeon\n|-sidestart|p1: bonbonbo|move: Stealth Rock\n|\n|-heal|p2a: Skarmory|125/235|[from] item: Leftovers\n|upkeep\n|turn|8\n|\n|t:|1781404709\n|move|p1a: Vaporeon|Scald|p2a: Skarmory\n|-damage|p2a: Skarmory|8/235\n|move|p2a: Skarmory|Roost|p2a: Skarmory\n|-heal|p2a: Skarmory|126/235\n|-singleturn|p2a: Skarmory|move: Roost\n|\n|-heal|p2a: Skarmory|140/235|[from] item: Leftovers\n|upkeep\n|turn|9\n|\n|t:|1781404718\n|switch|p2a: Breloom|Breloom, L83, M|235/235\n|move|p1a: Vaporeon|Scald|p2a: Breloom\n|-resisted|p2a: Breloom\n|-damage|p2a: Breloom|169/235\n|-status|p2a: Breloom|brn\n|\n|-damage|p2a: Breloom|155/235 brn|[from] brn\n|upkeep\n|turn|10\n|\n|t:|1781404724\n|switch|p1a: Tropius|Tropius, L91, M|328/328\n|-damage|p1a: Tropius|246/328|[from] Stealth Rock\n|move|p2a: Breloom|Spore|p1a: Tropius\n|-immune|p1a: Tropius\n|\n|-damage|p2a: Breloom|141/235 brn|[from] brn\n|upkeep\n|turn|11\n|\n|t:|1781404735\n|switch|p1a: Vaporeon|Vaporeon, L86, M|364/364\n|-damage|p1a: Vaporeon|319/364|[from] Stealth Rock\n|move|p2a: Breloom|Rock Tomb|p1a: Vaporeon\n|-damage|p1a: Vaporeon|249/364\n|-unboost|p1a: Vaporeon|spe|1\n|-damage|p2a: Breloom|118/235 brn|[from] item: Life Orb\n|\n|-heal|p1a: Vaporeon|271/364|[from] item: Leftovers\n|-damage|p2a: Breloom|104/235 brn|[from] brn\n|upkeep\n|turn|12\n|\n|t:|1781404742\n|move|p1a: Vaporeon|Protect|p1a: Vaporeon\n|-singleturn|p1a: Vaporeon|Protect\n|move|p2a: Breloom|Rock Tomb|p1a: Vaporeon\n|-activate|p1a: Vaporeon|move: Protect\n|\n|-heal|p1a: Vaporeon|293/364|[from] item: Leftovers\n|-damage|p2a: Breloom|90/235 brn|[from] brn\n|upkeep\n|turn|13\n|\n|t:|1781404748\n|move|p2a: Breloom|Bullet Seed|p1a: Vaporeon\n|-supereffective|p1a: Vaporeon\n|-damage|p1a: Vaporeon|210/364\n|-supereffective|p1a: Vaporeon\n|-damage|p1a: Vaporeon|127/364\n|-supereffective|p1a: Vaporeon\n|-damage|p1a: Vaporeon|40/364\n|-hitcount|p1a: Vaporeon|3\n|-damage|p2a: Breloom|67/235 brn|[from] item: Life Orb\n|move|p1a: Vaporeon|Wish|p1a: Vaporeon\n|\n|-heal|p1a: Vaporeon|62/364|[from] item: Leftovers\n|-damage|p2a: Breloom|53/235 brn|[from] brn\n|upkeep\n|turn|14\n|\n|t:|1781404755\n|move|p1a: Vaporeon|Protect|p1a: Vaporeon\n|-singleturn|p1a: Vaporeon|Protect\n|move|p2a: Breloom|Rock Tomb|p1a: Vaporeon\n|-activate|p1a: Vaporeon|move: Protect\n|\n|-heal|p1a: Vaporeon|244/364|[from] move: Wish|[wisher] Vaporeon\n|-heal|p1a: Vaporeon|266/364|[from] item: Leftovers\n|-damage|p2a: Breloom|39/235 brn|[from] brn\n|upkeep\n|turn|15\n|\n|t:|1781404765\n|move|p2a: Breloom|Bullet Seed|p1a: Vaporeon\n|-supereffective|p1a: Vaporeon\n|-damage|p1a: Vaporeon|180/364\n|-supereffective|p1a: Vaporeon\n|-damage|p1a: Vaporeon|101/364\n|-supereffective|p1a: Vaporeon\n|-damage|p1a: Vaporeon|23/364\n|-hitcount|p1a: Vaporeon|3\n|-damage|p2a: Breloom|16/235 brn|[from] item: Life Orb\n|move|p1a: Vaporeon|Wish|p1a: Vaporeon\n|\n|-heal|p1a: Vaporeon|45/364|[from] item: Leftovers\n|-damage|p2a: Breloom|2/235 brn|[from] brn\n|upkeep\n|turn|16\n|\n|t:|1781404781\n|switch|p2a: Crawdaunt|Crawdaunt, L84, F|243/243\n|move|p1a: Vaporeon|Protect||[still]\n|-fail|p1a: Vaporeon\n|\n|-heal|p1a: Vaporeon|227/364|[from] move: Wish|[wisher] Vaporeon\n|-heal|p1a: Vaporeon|249/364|[from] item: Leftovers\n|upkeep\n|turn|17\n|\n|t:|1781404803\n|move|p2a: Crawdaunt|Knock Off|p1a: Vaporeon\n|-damage|p1a: Vaporeon|0 fnt\n|-enditem|p1a: Vaporeon|Leftovers|[from] move: Knock Off|[of] p2a: Crawdaunt\n|faint|p1a: Vaporeon\n|\n|upkeep\n|\n|t:|1781404809\n|switch|p1a: Scyther|Scyther, L82, F|249/249\n|turn|18\n|\n|t:|1781404815\n|switch|p2a: Skarmory|Skarmory, L80, M|140/235\n|move|p1a: Scyther|U-turn|p2a: Skarmory\n|-resisted|p2a: Skarmory\n|-damage|p2a: Skarmory|125/235\n|\n|t:|1781404817\n|switch|p1a: Terrakion|Terrakion, L79|273/273|[from] U-turn\n|-damage|p1a: Terrakion|256/273|[from] Stealth Rock\n|\n|-heal|p2a: Skarmory|139/235|[from] item: Leftovers\n|upkeep\n|turn|19\n|\n|t:|1781404827\n|-terastallize|p1a: Terrakion|Fighting\n|move|p1a: Terrakion|Close Combat|p2a: Skarmory\n|-damage|p2a: Skarmory|0 fnt\n|-unboost|p1a: Terrakion|def|1\n|-unboost|p1a: Terrakion|spd|1\n|faint|p2a: Skarmory\n|-damage|p1a: Terrakion|229/273|[from] item: Life Orb\n|\n|upkeep\n|\n|t:|1781404848\n|switch|p2a: Kommo-o|Kommo-o, L78, F|245/245\n|turn|20\n|\n|t:|1781404855\n|switch|p1a: Scyther|Scyther, L82, F|249/249\n|move|p2a: Kommo-o|Scale Shot|p1a: Scyther\n|-damage|p1a: Scyther|221/249\n|-damage|p1a: Scyther|194/249\n|-damage|p1a: Scyther|167/249\n|-damage|p1a: Scyther|136/249\n|-damage|p1a: Scyther|105/249\n|-hitcount|p1a: Scyther|5\n|-unboost|p2a: Kommo-o|def|1\n|-boost|p2a: Kommo-o|spe|1\n|\n|upkeep\n|turn|21\n|inactive|bonbonbo has 120 seconds left.\n|inactive|pipisniperz has 120 seconds left.\n|inactive|bonbonbo has 90 seconds left.\n|inactive|bonbonbo has 60 seconds left.\n|inactive|bonbonbo has 30 seconds left.\n|inactive|bonbonbo has 20 seconds left.\n|inactive|bonbonbo has 15 seconds left.\n|inactive|bonbonbo has 10 seconds left.\n|inactive|bonbonbo has 5 seconds left.\n|-message|bonbonbo lost due to inactivity.\n|\n|win|pipisniperz\n|raw|bonbonbo's rating: 2022 &rarr; <strong>2000</strong><br />(-22 for losing)\n|raw|pipisniperz's rating: 1984 &rarr; <strong>2006</strong><br />(+22 for winning)\n", "uploadtime": 1781404569, "views": 11, "formatid": "gen9randombattle", "rating": 2000, "private": 0, "password": null}