{"id": "gen9randombattle-2631839392", "format": "[Gen 9] Random Battle", "players": ["mota gorilla", "SHONE"], "log": "|j|\u2606mota gorilla\n|j|\u2606SHONE\n|t:|1781446677\n|gametype|singles\n|player|p1|mota gorilla|169|\n|player|p2|SHONE|#hplvikochiquakers|\n|gen|9\n|tier|[Gen 9] Random Battle\n|rule|Species Clause: Limit one of each Pok\u00e9mon\n|rule|HP Percentage Mod: HP is shown in percentages\n|rule|Sleep Clause Mod: Limit one foe put to sleep\n|rule|Illusion Level Mod: Illusion disguises the Pok\u00e9mon's true level\n|\n|t:|1781446677\n|teamsize|p1|6\n|teamsize|p2|6\n|start\n|switch|p1a: Espathra|Espathra, L80, F|283/283\n|switch|p2a: Dragonite|Dragonite, L74, M|257/257\n|turn|1\n|j| Faaagamer@!\n|j| shitc\n|j| Kochu_shak\n|\n|t:|1781446701\n|move|p1a: Espathra|U-turn|p2a: Dragonite\n|-resisted|p2a: Dragonite\n|-damage|p2a: Dragonite|249/257\n|j| Prateekkp@!\n|\n|t:|1781446706\n|switch|p1a: Carbink|Carbink, L90|236/236|[from] U-turn\n|move|p2a: Dragonite|Dragon Dance|p2a: Dragonite\n|-boost|p2a: Dragonite|atk|1\n|-boost|p2a: Dragonite|spe|1\n|\n|upkeep\n|turn|2\n|c| Faaagamer|oooh\n|\n|t:|1781446717\n|move|p2a: Dragonite|Iron Head|p1a: Carbink\n|-supereffective|p1a: Carbink\n|-damage|p1a: Carbink|16/236\n|cant|p1a: Carbink|flinch\n|\n|-heal|p1a: Carbink|30/236|[from] item: Leftovers\n|upkeep\n|turn|3\n|c|\u2606SHONE|?\n|l| Kochu_shak\n|c|\u2606SHONE|mb\n|\n|t:|1781446724\n|move|p2a: Dragonite|Iron Head|p1a: Carbink\n|-supereffective|p1a: Carbink\n|-damage|p1a: Carbink|0 fnt\n|faint|p1a: Carbink\n|\n|upkeep\n|c| Faaagamer|info\n|c| Prateekkp|yea\n|c|\u2606SHONE|which info\n|\n|t:|1781446737\n|switch|p1a: Espathra|Espathra, L80, F|283/283\n|turn|4\n|c| Faaagamer|not ghosting\n|c| Prateekkp|smh\n|\n|t:|1781446743\n|move|p2a: Dragonite|Dragon Dance|p2a: Dragonite\n|-boost|p2a: Dragonite|atk|1\n|-boost|p2a: Dragonite|spe|1\n|move|p1a: Espathra|Dazzling Gleam|p2a: Dragonite\n|-supereffective|p2a: Dragonite\n|-damage|p2a: Dragonite|71/257\n|\n|-ability|p1a: Espathra|Speed Boost|boost\n|-boost|p1a: Espathra|spe|1\n|upkeep\n|turn|5\n|c|\u2606SHONE|waise last mon wo tha hi nahi\n|c|\u2606SHONE|fir bhi haa jata\n|c|\u2606SHONE|raiku tha\n|c|\u2606SHONE|lol\n|c| shitc|Ooh\n|\n|t:|1781446781\n|move|p2a: Dragonite|Outrage|p1a: Espathra\n|-damage|p1a: Espathra|0 fnt\n|faint|p1a: Espathra\n|\n|upkeep\n|c| shitc|Tera normal double edge\n|c|\u2606SHONE|2 mons the\n|c|\u2606SHONE|ek bulky tha\n|\n|t:|1781446808\n|switch|p1a: Mudsdale|Mudsdale, L83, M|302/302\n|turn|6\n|c|\u2606SHONE|magic guard wala psychic mon\n|c|\u2606SHONE|naam nahi yaad hai\n|\n|t:|1781446818\n|move|p2a: Dragonite|Outrage|p1a: Mudsdale|[from] lockedmove\n|-damage|p1a: Mudsdale|67/302\n|-ability|p1a: Mudsdale|Stamina|boost\n|-boost|p1a: Mudsdale|def|1\n|move|p1a: Mudsdale|Stone Edge|p2a: Dragonite|[miss]\n|-miss|p1a: Mudsdale|p2a: Dragonite\n|\n|-heal|p1a: Mudsdale|85/302|[from] item: Leftovers\n|upkeep\n|turn|7\n|c| Faaagamer|reuniclus\n|c|\u2606SHONE|haa\n|c|\u2606SHONE|lol\n|c|\u2606SHONE|mb\n|\n|t:|1781446830\n|move|p2a: Dragonite|Outrage|p1a: Mudsdale|[from] lockedmove\n|-damage|p1a: Mudsdale|0 fnt\n|faint|p1a: Mudsdale\n|-start|p2a: Dragonite|confusion|[fatigue]\n|\n|upkeep\n|c| Faaagamer|dodrio would've died to recoil then\n|c|\u2606SHONE|haa\n|\n|t:|1781446845\n|switch|p1a: Kyogre|Kyogre, L71|259/259\n|-weather|RainDance|[from] ability: Drizzle|[of] p1a: Kyogre\n|turn|8\n|\n|t:|1781446850\n|-activate|p2a: Dragonite|confusion\n|move|p2a: Dragonite|Outrage|p1a: Kyogre\n|-damage|p1a: Kyogre|0 fnt\n|faint|p1a: Kyogre\n|\n|-weather|RainDance|[upkeep]\n|upkeep\n|\n|t:|1781446856\n|switch|p1a: Reuniclus|Reuniclus, L88, F|337/337\n|turn|9\n|c|\u2606SHONE|sweep\n|c|\u2606SHONE|no\n|\n|t:|1781446864\n|-activate|p2a: Dragonite|confusion\n|-damage|p2a: Dragonite|15/257|[from] confusion\n|move|p1a: Reuniclus|Calm Mind|p1a: Reuniclus\n|-boost|p1a: Reuniclus|spa|1\n|-boost|p1a: Reuniclus|spd|1\n|\n|-weather|RainDance|[upkeep]\n|upkeep\n|turn|10\n|c| Faaagamer|.....\n|c| Prateekkp|,\n|c| Faaagamer|hit again\n|\n|t:|1781446874\n|-end|p2a: Dragonite|confusion\n|move|p2a: Dragonite|Outrage|p1a: Reuniclus\n|-damage|p1a: Reuniclus|63/337\n|move|p1a: Reuniclus|Calm Mind|p1a: Reuniclus\n|-boost|p1a: Reuniclus|spa|1\n|-boost|p1a: Reuniclus|spd|1\n|\n|-weather|RainDance|[upkeep]\n|upkeep\n|turn|11\n|c| Faaagamer|noo\n|-message|mota gorilla forfeited.\n|\n|win|SHONE\n|l|\u2606mota gorilla\n|player|p1|\n|c|\u2606SHONE|ggs\n|l| Faaagamer\n|l| Prateekkp\n|l| shitc\n", "uploadtime": 1781446887, "views": 7, "formatid": "gen9randombattle", "rating": null, "private": 0, "password": null}