{"id": "gen9randombattle-2631508687", "format": "[Gen 9] Random Battle", "players": ["AlakazamHer", "Arcangel666"], "log": "|j|\u2606AlakazamHer\n|j|\u2606Arcangel666\n|t:|1781394164\n|gametype|singles\n|player|p1|AlakazamHer|169|2087\n|player|p2|Arcangel666|piers-masters|2083\n|gen|9\n|tier|[Gen 9] Random Battle\n|rated|\n|rule|Species Clause: Limit one of each Pok\u00e9mon\n|rule|HP Percentage Mod: HP is shown in percentages\n|rule|Sleep Clause Mod: Limit one foe put to sleep\n|rule|Illusion Level Mod: Illusion disguises the Pok\u00e9mon's true level\n|\n|t:|1781394164\n|teamsize|p1|6\n|teamsize|p2|6\n|start\n|switch|p1a: Rampardos|Rampardos, L90, M|321/321\n|switch|p2a: Blaziken|Blaziken, L76, F|247/247\n|turn|1\n|\n|t:|1781394179\n|move|p2a: Blaziken|Protect|p2a: Blaziken\n|-singleturn|p2a: Blaziken|Protect\n|move|p1a: Rampardos|Head Smash|p2a: Blaziken\n|-activate|p2a: Blaziken|move: Protect\n|\n|-ability|p2a: Blaziken|Speed Boost|boost\n|-boost|p2a: Blaziken|spe|1\n|upkeep\n|turn|2\n|\n|t:|1781394186\n|switch|p1a: Wyrdeer|Wyrdeer, L87, M|321/321\n|-ability|p1a: Wyrdeer|Intimidate|boost\n|-unboost|p2a: Blaziken|atk|1\n|move|p2a: Blaziken|Close Combat|p1a: Wyrdeer\n|-damage|p1a: Wyrdeer|207/321\n|-unboost|p2a: Blaziken|def|1\n|-unboost|p2a: Blaziken|spd|1\n|-damage|p2a: Blaziken|223/247|[from] item: Life Orb\n|\n|-heal|p1a: Wyrdeer|227/321|[from] item: Leftovers\n|-ability|p2a: Blaziken|Speed Boost|boost\n|-boost|p2a: Blaziken|spe|1\n|upkeep\n|turn|3\n|\n|t:|1781394195\n|switch|p2a: Greninja|Greninja, L80, M|246/246\n|move|p1a: Wyrdeer|Psychic Noise|p2a: Greninja\n|-immune|p2a: Greninja\n|\n|-heal|p1a: Wyrdeer|247/321|[from] item: Leftovers\n|upkeep\n|turn|4\n|\n|t:|1781394201\n|move|p2a: Greninja|Dark Pulse|p1a: Wyrdeer\n|-supereffective|p1a: Wyrdeer\n|-damage|p1a: Wyrdeer|18/321\n|-damage|p2a: Greninja|222/246|[from] item: Life Orb\n|move|p1a: Wyrdeer|Thunder Wave|p2a: Greninja\n|-status|p2a: Greninja|par\n|\n|-heal|p1a: Wyrdeer|38/321|[from] item: Leftovers\n|upkeep\n|turn|5\n|\n|t:|1781394206\n|switch|p1a: Bombirdier|Bombirdier, L85, F|258/258\n|move|p2a: Greninja|Dark Pulse|p1a: Bombirdier\n|-resisted|p1a: Bombirdier\n|-damage|p1a: Bombirdier|206/258\n|-damage|p2a: Greninja|198/246 par|[from] item: Life Orb\n|\n|upkeep\n|turn|6\n|\n|t:|1781394210\n|move|p1a: Bombirdier|U-turn|p2a: Greninja\n|-supereffective|p2a: Greninja\n|-damage|p2a: Greninja|66/246 par\n|\n|t:|1781394217\n|switch|p1a: Zangoose|Zangoose, L85, F|263/263|[from] U-turn\n|cant|p2a: Greninja|par\n|\n|-status|p1a: Zangoose|tox|[from] item: Toxic Orb\n|upkeep\n|turn|7\n|\n|t:|1781394221\n|move|p1a: Zangoose|Facade|p2a: Greninja\n|-damage|p2a: Greninja|0 fnt\n|faint|p2a: Greninja\n|\n|-damage|p1a: Zangoose|247/263 tox|[from] psn\n|upkeep\n|\n|t:|1781394223\n|switch|p2a: Blaziken|Blaziken, L76, F|223/247\n|turn|8\n|\n|t:|1781394226\n|move|p2a: Blaziken|Protect|p2a: Blaziken\n|-singleturn|p2a: Blaziken|Protect\n|move|p1a: Zangoose|Facade|p2a: Blaziken\n|-activate|p2a: Blaziken|move: Protect\n|\n|-damage|p1a: Zangoose|215/263 tox|[from] psn\n|-ability|p2a: Blaziken|Speed Boost|boost\n|-boost|p2a: Blaziken|spe|1\n|upkeep\n|turn|9\n|\n|t:|1781394232\n|switch|p1a: Wyrdeer|Wyrdeer, L87, M|38/321\n|-ability|p1a: Wyrdeer|Intimidate|boost\n|-unboost|p2a: Blaziken|atk|1\n|move|p2a: Blaziken|Close Combat|p1a: Wyrdeer\n|-damage|p1a: Wyrdeer|0 fnt\n|-unboost|p2a: Blaziken|def|1\n|-unboost|p2a: Blaziken|spd|1\n|faint|p1a: Wyrdeer\n|-damage|p2a: Blaziken|199/247|[from] item: Life Orb\n|\n|-ability|p2a: Blaziken|Speed Boost|boost\n|-boost|p2a: Blaziken|spe|1\n|upkeep\n|\n|t:|1781394237\n|switch|p1a: Sandslash|Sandslash, L89, F|278/278\n|turn|10\n|\n|t:|1781394240\n|switch|p2a: Flamigo|Flamigo, L82, M|269/269\n|move|p1a: Sandslash|Spikes|p2a: Flamigo\n|-sidestart|p2: Arcangel666|Spikes\n|\n|upkeep\n|turn|11\n|\n|t:|1781394249\n|move|p2a: Flamigo|Swords Dance|p2a: Flamigo\n|-boost|p2a: Flamigo|atk|2\n|move|p1a: Sandslash|Knock Off|p2a: Flamigo\n|-resisted|p2a: Flamigo\n|-damage|p2a: Flamigo|226/269\n|-enditem|p2a: Flamigo|Life Orb|[from] move: Knock Off|[of] p1a: Sandslash\n|\n|upkeep\n|turn|12\n|\n|t:|1781394253\n|move|p2a: Flamigo|Close Combat|p1a: Sandslash\n|-damage|p1a: Sandslash|65/278\n|-unboost|p2a: Flamigo|def|1\n|-unboost|p2a: Flamigo|spd|1\n|move|p1a: Sandslash|Spikes|p2a: Flamigo\n|-sidestart|p2: Arcangel666|Spikes\n|\n|-heal|p1a: Sandslash|82/278|[from] item: Leftovers\n|upkeep\n|turn|13\n|\n|t:|1781394261\n|move|p2a: Flamigo|Brave Bird|p1a: Sandslash\n|-damage|p1a: Sandslash|0 fnt\n|faint|p1a: Sandslash\n|-damage|p2a: Flamigo|199/269|[from] Recoil\n|\n|upkeep\n|\n|t:|1781394266\n|switch|p1a: Zangoose|Zangoose, L85, F|215/263 tox\n|turn|14\n|\n|t:|1781394268\n|move|p1a: Zangoose|Facade|p2a: Flamigo\n|-damage|p2a: Flamigo|0 fnt\n|faint|p2a: Flamigo\n|\n|-damage|p1a: Zangoose|199/263 tox|[from] psn\n|upkeep\n|\n|t:|1781394269\n|switch|p2a: Blaziken|Blaziken, L76, F|199/247\n|-damage|p2a: Blaziken|158/247|[from] Spikes\n|turn|15\n|\n|t:|1781394271\n|move|p2a: Blaziken|Protect|p2a: Blaziken\n|-singleturn|p2a: Blaziken|Protect\n|move|p1a: Zangoose|Swords Dance|p1a: Zangoose\n|-boost|p1a: Zangoose|atk|2\n|\n|-damage|p1a: Zangoose|167/263 tox|[from] psn\n|-ability|p2a: Blaziken|Speed Boost|boost\n|-boost|p2a: Blaziken|spe|1\n|upkeep\n|turn|16\n|\n|t:|1781394275\n|move|p1a: Zangoose|Quick Attack|p2a: Blaziken\n|-damage|p2a: Blaziken|0 fnt\n|faint|p2a: Blaziken\n|\n|-damage|p1a: Zangoose|119/263 tox|[from] psn\n|upkeep\n|\n|t:|1781394277\n|switch|p2a: Maushold|Maushold-Four, L76|238/238\n|-damage|p2a: Maushold|199/238|[from] Spikes\n|turn|17\n|\n|t:|1781394286\n|move|p1a: Zangoose|Quick Attack|p2a: Maushold\n|-damage|p2a: Maushold|1/238\n|move|p2a: Maushold|Population Bomb|p1a: Zangoose\n|-damage|p1a: Zangoose|88/263 tox\n|-damage|p1a: Zangoose|57/263 tox\n|-damage|p1a: Zangoose|30/263 tox\n|-damage|p1a: Zangoose|2/263 tox\n|-damage|p1a: Zangoose|0 fnt\n|faint|p1a: Zangoose\n|-hitcount|p1: Zangoose|5\n|\n|upkeep\n|\n|t:|1781394291\n|switch|p1a: Rampardos|Rampardos, L90, M|321/321\n|turn|18\n|\n|t:|1781394294\n|move|p1a: Rampardos|Earthquake|p2a: Maushold\n|-damage|p2a: Maushold|0 fnt\n|faint|p2a: Maushold\n|\n|upkeep\n|\n|t:|1781394296\n|switch|p2a: Delibird|Delibird, M|252/252\n|turn|19\n|\n|t:|1781394300\n|switch|p1a: Sudowoodo|Sudowoodo, L94, M|284/284\n|move|p2a: Delibird|Ice Spinner|p1a: Sudowoodo\n|-damage|p1a: Sudowoodo|197/284\n|\n|-heal|p1a: Sudowoodo|214/284|[from] item: Leftovers\n|upkeep\n|turn|20\n|\n|t:|1781394306\n|move|p2a: Delibird|Drill Run|p1a: Sudowoodo\n|-supereffective|p1a: Sudowoodo\n|-damage|p1a: Sudowoodo|104/284\n|move|p1a: Sudowoodo|Head Smash|p2a: Delibird\n|-supereffective|p2a: Delibird\n|-damage|p2a: Delibird|0 fnt\n|faint|p2a: Delibird\n|\n|-heal|p1a: Sudowoodo|121/284|[from] item: Leftovers\n|upkeep\n|\n|t:|1781394308\n|switch|p2a: Snorlax|Snorlax, L82, M|397/397\n|-damage|p2a: Snorlax|331/397|[from] Spikes\n|turn|21\n|\n|t:|1781394316\n|-terastallize|p1a: Sudowoodo|Rock\n|-terastallize|p2a: Snorlax|Ground\n|move|p1a: Sudowoodo|Head Smash|p2a: Snorlax\n|-resisted|p2a: Snorlax\n|-damage|p2a: Snorlax|154/397\n|move|p2a: Snorlax|Curse|p2a: Snorlax\n|-unboost|p2a: Snorlax|spe|1\n|-boost|p2a: Snorlax|atk|1\n|-boost|p2a: Snorlax|def|1\n|\n|-heal|p1a: Sudowoodo|138/284|[from] item: Leftovers\n|-heal|p2a: Snorlax|178/397|[from] item: Leftovers\n|upkeep\n|turn|22\n|\n|t:|1781394322\n|move|p1a: Sudowoodo|Wood Hammer|p2a: Snorlax\n|-supereffective|p2a: Snorlax\n|-damage|p2a: Snorlax|0 fnt\n|faint|p2a: Snorlax\n|\n|win|AlakazamHer\n", "uploadtime": 1781394166, "views": 3, "formatid": "gen9randombattle", "rating": null, "private": 0, "password": null}