{"id": "gen9randombattle-2631599385", "format": "[Gen 9] Random Battle", "players": ["lil_spica", "megaclemente12"], "log": "|j|\u2606lil_spica\n|j|\u2606megaclemente12\n|t:|1781406786\n|gametype|singles\n|player|p1|lil_spica|skierf|\n|player|p2|megaclemente12|karen|\n|gen|9\n|tier|[Gen 9] Random Battle\n|rule|Species Clause: Limit one of each Pok\u00e9mon\n|rule|HP Percentage Mod: HP is shown in percentages\n|rule|Sleep Clause Mod: Limit one foe put to sleep\n|rule|Illusion Level Mod: Illusion disguises the Pok\u00e9mon's true level\n|\n|t:|1781406786\n|teamsize|p1|6\n|teamsize|p2|6\n|start\n|switch|p1a: Morpeko|Morpeko, L88, M|245/245\n|switch|p2a: Iron Treads|Iron Treads, L77|265/265\n|turn|1\n|inactive|Battle timer is ON: inactive players will automatically lose when time's up. (requested by lil_spica)\n|\n|t:|1781406800\n|switch|p1a: Krookodile|Krookodile, L79, M|280/280\n|-ability|p1a: Krookodile|Intimidate|boost\n|-unboost|p2a: Iron Treads|atk|1\n|move|p2a: Iron Treads|Earthquake|p1a: Krookodile\n|-damage|p1a: Krookodile|202/280\n|\n|upkeep\n|turn|2\n|\n|t:|1781406828\n|move|p2a: Iron Treads|Rapid Spin|p1a: Krookodile\n|-damage|p1a: Krookodile|179/280\n|-boost|p2a: Iron Treads|spe|1\n|move|p1a: Krookodile|Earthquake|p2a: Iron Treads\n|-supereffective|p2a: Iron Treads\n|-damage|p2a: Iron Treads|1/265\n|\n|upkeep\n|turn|3\n|\n|t:|1781406839\n|move|p2a: Iron Treads|Knock Off|p1a: Krookodile\n|-resisted|p1a: Krookodile\n|-damage|p1a: Krookodile|156/280\n|-enditem|p1a: Krookodile|Choice Band|[from] move: Knock Off|[of] p2a: Iron Treads\n|move|p1a: Krookodile|Earthquake|p2a: Iron Treads\n|-supereffective|p2a: Iron Treads\n|-damage|p2a: Iron Treads|0 fnt\n|faint|p2a: Iron Treads\n|-end|p2a: Iron Treads|Quark Drive|[silent]\n|\n|upkeep\n|\n|t:|1781406847\n|switch|p2a: Rotom|Rotom, L88|231/231\n|turn|4\n|\n|t:|1781406856\n|move|p2a: Rotom|Will-O-Wisp|p1a: Krookodile\n|-status|p1a: Krookodile|brn\n|move|p1a: Krookodile|Knock Off|p2a: Rotom\n|-supereffective|p2a: Rotom\n|-damage|p2a: Rotom|120/231\n|-enditem|p2a: Rotom|Life Orb|[from] move: Knock Off|[of] p1a: Krookodile\n|\n|-damage|p1a: Krookodile|139/280 brn|[from] brn\n|upkeep\n|turn|5\n|\n|t:|1781406874\n|switch|p2a: Gogoat|Gogoat, L88, F|360/360\n|switch|p1a: Morpeko|Morpeko, L88, M|245/245\n|\n|-formechange|p1a: Morpeko|Morpeko-Hangry||[from] ability: Hunger Switch\n|upkeep\n|turn|6\n|inactive|megaclemente12 has 270 seconds left.\n|\n|t:|1781406900\n|move|p1a: Morpeko|Knock Off|p2a: Gogoat\n|-damage|p2a: Gogoat|215/360\n|-enditem|p2a: Gogoat|Leftovers|[from] move: Knock Off|[of] p1a: Morpeko\n|move|p2a: Gogoat|Earthquake|p1a: Morpeko\n|-supereffective|p1a: Morpeko\n|-damage|p1a: Morpeko|51/245\n|\n|-heal|p1a: Morpeko|66/245|[from] item: Leftovers\n|-formechange|p1a: Morpeko|Morpeko||[from] ability: Hunger Switch\n|upkeep\n|turn|7\n|\n|t:|1781406912\n|switch|p1a: Krookodile|Krookodile, L79, M|139/280 brn\n|-ability|p1a: Krookodile|Intimidate|boost\n|-unboost|p2a: Gogoat|atk|1\n|move|p2a: Gogoat|Horn Leech|p1a: Krookodile\n|-supereffective|p1a: Krookodile\n|-damage|p1a: Krookodile|5/280 brn\n|-heal|p2a: Gogoat|282/360|[from] drain|[of] p1a: Krookodile\n|\n|-damage|p1a: Krookodile|0 fnt|[from] brn\n|faint|p1a: Krookodile\n|upkeep\n|\n|t:|1781406920\n|switch|p1a: Polteageist|Polteageist-Antique, L78|222/222\n|turn|8\n|\n|t:|1781406940\n|move|p2a: Gogoat|Bulk Up|p2a: Gogoat\n|-boost|p2a: Gogoat|atk|1\n|-boost|p2a: Gogoat|def|1\n|move|p1a: Polteageist|Shell Smash|p1a: Polteageist\n|-unboost|p1a: Polteageist|def|1\n|-unboost|p1a: Polteageist|spd|1\n|-boost|p1a: Polteageist|atk|2\n|-boost|p1a: Polteageist|spa|2\n|-boost|p1a: Polteageist|spe|2\n|-enditem|p1a: Polteageist|White Herb\n|-clearnegativeboost|p1a: Polteageist|[silent]\n|\n|upkeep\n|turn|9\n|\n|t:|1781406955\n|move|p1a: Polteageist|Strength Sap|p2a: Gogoat\n|-ability|p2a: Gogoat|Sap Sipper|boost\n|-boost|p2a: Gogoat|atk|1\n|move|p2a: Gogoat|Horn Leech|p1a: Polteageist\n|-damage|p1a: Polteageist|42/222\n|-heal|p2a: Gogoat|360/360|[from] drain|[of] p1a: Polteageist\n|\n|upkeep\n|turn|10\n|\n|t:|1781406966\n|-terastallize|p1a: Polteageist|Psychic\n|move|p1a: Polteageist|Stored Power|p2a: Gogoat\n|-damage|p2a: Gogoat|12/360\n|move|p2a: Gogoat|Horn Leech|p1a: Polteageist\n|-damage|p1a: Polteageist|0 fnt\n|-heal|p2a: Gogoat|33/360|[from] drain|[of] p1a: Polteageist\n|faint|p1a: Polteageist\n|\n|upkeep\n|inactive|lil_spica has 270 seconds left.\n|\n|t:|1781406997\n|switch|p1a: Zebstrika|Zebstrika, L87, F|272/272\n|turn|11\n|\n|t:|1781407004\n|move|p1a: Zebstrika|Overheat|p2a: Gogoat|[miss]\n|-miss|p1a: Zebstrika|p2a: Gogoat\n|move|p2a: Gogoat|Milk Drink|p2a: Gogoat\n|-heal|p2a: Gogoat|213/360\n|\n|upkeep\n|turn|12\n|\n|t:|1781407011\n|-terastallize|p2a: Gogoat|Water\n|move|p1a: Zebstrika|Overheat|p2a: Gogoat\n|-resisted|p2a: Gogoat\n|-damage|p2a: Gogoat|161/360\n|-unboost|p1a: Zebstrika|spa|2\n|-damage|p1a: Zebstrika|245/272|[from] item: Life Orb\n|move|p2a: Gogoat|Earthquake|p1a: Zebstrika\n|-supereffective|p1a: Zebstrika\n|-damage|p1a: Zebstrika|0 fnt\n|faint|p1a: Zebstrika\n|\n|upkeep\n|inactive|lil_spica has 270 seconds left.\n|\n|t:|1781407027\n|switch|p1a: Haxorus|Haxorus, L77, M|244/244\n|-ability|p1a: Haxorus|Mold Breaker\n|turn|13\n|\n|t:|1781407036\n|move|p1a: Haxorus|Swords Dance|p1a: Haxorus\n|-boost|p1a: Haxorus|atk|2\n|move|p2a: Gogoat|Bulk Up|p2a: Gogoat\n|-boost|p2a: Gogoat|atk|1\n|-boost|p2a: Gogoat|def|1\n|\n|upkeep\n|turn|14\n|inactive|lil_spica has 270 seconds left.\n|\n|t:|1781407045\n|move|p1a: Haxorus|Swords Dance|p1a: Haxorus\n|-boost|p1a: Haxorus|atk|2\n|move|p2a: Gogoat|Milk Drink|p2a: Gogoat\n|-heal|p2a: Gogoat|341/360\n|\n|upkeep\n|turn|15\n|inactive|lil_spica has 270 seconds left.\n|\n|t:|1781407061\n|move|p1a: Haxorus|Swords Dance|p1a: Haxorus\n|-boost|p1a: Haxorus|atk|2\n|move|p2a: Gogoat|Bulk Up|p2a: Gogoat\n|-boost|p2a: Gogoat|atk|1\n|-boost|p2a: Gogoat|def|1\n|\n|upkeep\n|turn|16\n|inactive|lil_spica has 270 seconds left.\n|\n|t:|1781407067\n|move|p1a: Haxorus|Earthquake|p2a: Gogoat\n|-damage|p2a: Gogoat|180/360\n|move|p2a: Gogoat|Earthquake|p1a: Haxorus\n|-damage|p1a: Haxorus|33/244\n|\n|upkeep\n|turn|17\n|\n|t:|1781407076\n|move|p1a: Haxorus|Scale Shot|p2a: Gogoat\n|-damage|p2a: Gogoat|114/360\n|-damage|p2a: Gogoat|47/360\n|-damage|p2a: Gogoat|0 fnt\n|faint|p2a: Gogoat\n|-hitcount|p2: Gogoat|3\n|-unboost|p1a: Haxorus|def|1\n|-boost|p1a: Haxorus|spe|1\n|\n|upkeep\n|l|\u2606megaclemente12\n|inactive|megaclemente12 disconnected and has 300 seconds to reconnect!\n|player|p2|\n|j|\u2606megaclemente12\n|inactive|megaclemente12 reconnected and has 290 seconds left.\n|player|p2|megaclemente12|karen|\n|\n|t:|1781407105\n|switch|p2a: Bruxish|Bruxish, L85, F|254/254\n|turn|18\n|\n|t:|1781407111\n|move|p1a: Haxorus|Scale Shot|p2a: Bruxish|[miss]\n|-miss|p1a: Haxorus|p2a: Bruxish\n|move|p2a: Bruxish|Psychic Fangs|p1a: Haxorus\n|-damage|p1a: Haxorus|0 fnt\n|faint|p1a: Haxorus\n|\n|upkeep\n|\n|t:|1781407117\n|switch|p1a: Morpeko|Morpeko, L88, M|66/245\n|turn|19\n|\n|t:|1781407124\n|switch|p2a: Victreebel|Victreebel, L90, F|290/290\n|move|p1a: Morpeko|Aura Wheel|p2a: Victreebel\n|-resisted|p2a: Victreebel\n|-damage|p2a: Victreebel|223/290\n|-boost|p1a: Morpeko|spe|1\n|\n|-heal|p1a: Morpeko|81/245|[from] item: Leftovers\n|-formechange|p1a: Morpeko|Morpeko-Hangry||[from] ability: Hunger Switch\n|upkeep\n|turn|20\n|\n|t:|1781407141\n|move|p1a: Morpeko|Aura Wheel|p2a: Victreebel\n|-damage|p2a: Victreebel|69/290\n|-boost|p1a: Morpeko|spe|1\n|move|p2a: Victreebel|Poison Jab|p1a: Morpeko\n|-damage|p1a: Morpeko|0 fnt\n|faint|p1a: Morpeko\n|-damage|p2a: Victreebel|40/290|[from] item: Life Orb\n|\n|upkeep\n|\n|t:|1781407147\n|switch|p1a: Porygon2|Porygon2, L81|270/270\n|-ability|p1a: Porygon2|Download|boost\n|-boost|p1a: Porygon2|atk|1\n|turn|21\n|\n|t:|1781407160\n|move|p2a: Victreebel|Sucker Punch|p1a: Porygon2\n|-damage|p1a: Porygon2|213/270\n|-damage|p2a: Victreebel|11/290|[from] item: Life Orb\n|move|p1a: Porygon2|Shadow Ball|p2a: Victreebel\n|-crit|p2a: Victreebel\n|-damage|p2a: Victreebel|0 fnt\n|faint|p2a: Victreebel\n|\n|upkeep\n|\n|t:|1781407173\n|switch|p2a: Bruxish|Bruxish, L85, F|254/254\n|turn|22\n|\n|t:|1781407189\n|move|p2a: Bruxish|Psychic Fangs|p1a: Porygon2\n|-crit|p1a: Porygon2\n|-damage|p1a: Porygon2|0 fnt\n|faint|p1a: Porygon2\n|\n|win|megaclemente12\n", "uploadtime": 1781407201, "views": 5, "formatid": "gen9randombattle", "rating": null, "private": 0, "password": null}