{"id": "gen9randombattle-2631566814", "format": "[Gen 9] Random Battle", "players": ["Sergiobscr", "florb morb"], "log": "|j|\u2606Sergiobscr\n|j|\u2606florb morb\n|t:|1781402281\n|gametype|singles\n|player|p1|Sergiobscr|cynthia-gen4|1309\n|player|p2|florb morb|benga|1293\n|gen|9\n|tier|[Gen 9] Random Battle\n|rated|\n|rule|Species Clause: Limit one of each Pok\u00e9mon\n|rule|HP Percentage Mod: HP is shown in percentages\n|rule|Sleep Clause Mod: Limit one foe put to sleep\n|rule|Illusion Level Mod: Illusion disguises the Pok\u00e9mon's true level\n|\n|t:|1781402281\n|teamsize|p1|6\n|teamsize|p2|6\n|start\n|switch|p1a: Toucannon|Toucannon, L88, F|284/284\n|switch|p2a: Tentacruel|Tentacruel, L84, M|272/272\n|turn|1\n|\n|t:|1781402309\n|-singleturn|p1a: Toucannon|move: Beak Blast\n|move|p2a: Tentacruel|Haze|p2a: Tentacruel\n|-clearallboost\n|move|p1a: Toucannon|Beak Blast|p2a: Tentacruel\n|-crit|p2a: Tentacruel\n|-damage|p2a: Tentacruel|0 fnt\n|faint|p2a: Tentacruel\n|\n|upkeep\n|\n|t:|1781402333\n|switch|p2a: Reuniclus|Reuniclus, L88, M|337/337\n|turn|2\n|\n|t:|1781402343\n|-singleturn|p1a: Toucannon|move: Beak Blast\n|move|p2a: Reuniclus|Calm Mind|p2a: Reuniclus\n|-boost|p2a: Reuniclus|spa|1\n|-boost|p2a: Reuniclus|spd|1\n|move|p1a: Toucannon|Beak Blast|p2a: Reuniclus\n|-damage|p2a: Reuniclus|193/337\n|\n|upkeep\n|turn|3\n|\n|t:|1781402369\n|move|p1a: Toucannon|Bullet Seed|p2a: Reuniclus\n|-damage|p2a: Reuniclus|165/337\n|-damage|p2a: Reuniclus|141/337\n|-damage|p2a: Reuniclus|113/337\n|-damage|p2a: Reuniclus|89/337\n|-damage|p2a: Reuniclus|63/337\n|-hitcount|p2a: Reuniclus|5\n|move|p2a: Reuniclus|Recover|p2a: Reuniclus\n|-heal|p2a: Reuniclus|232/337\n|\n|upkeep\n|turn|4\n|\n|t:|1781402383\n|-singleturn|p1a: Toucannon|move: Beak Blast\n|move|p2a: Reuniclus|Psyshock|p1a: Toucannon\n|-damage|p1a: Toucannon|25/284\n|move|p1a: Toucannon|Beak Blast|p2a: Reuniclus\n|-damage|p2a: Reuniclus|82/337\n|\n|upkeep\n|turn|5\n|\n|t:|1781402395\n|move|p1a: Toucannon|Roost|p1a: Toucannon\n|-heal|p1a: Toucannon|167/284\n|-singleturn|p1a: Toucannon|move: Roost\n|move|p2a: Reuniclus|Recover|p2a: Reuniclus\n|-heal|p2a: Reuniclus|251/337\n|\n|upkeep\n|turn|6\n|\n|t:|1781402404\n|-singleturn|p1a: Toucannon|move: Beak Blast\n|move|p2a: Reuniclus|Psyshock|p1a: Toucannon\n|-damage|p1a: Toucannon|0 fnt\n|faint|p1a: Toucannon\n|\n|upkeep\n|\n|t:|1781402421\n|switch|p1a: Mandibuzz|Mandibuzz, L85, F|326/326\n|turn|7\n|\n|t:|1781402459\n|-terastallize|p2a: Reuniclus|Fighting\n|move|p1a: Mandibuzz|Foul Play|p2a: Reuniclus\n|-resisted|p2a: Reuniclus\n|-damage|p2a: Reuniclus|219/337\n|move|p2a: Reuniclus|Focus Blast|p1a: Mandibuzz\n|-damage|p1a: Mandibuzz|17/326\n|\n|upkeep\n|turn|8\n|inactive|Battle timer is ON: inactive players will automatically lose when time's up. (requested by Sergiobscr)\n|\n|t:|1781402473\n|move|p1a: Mandibuzz|Roost|p1a: Mandibuzz\n|-heal|p1a: Mandibuzz|180/326\n|-singleturn|p1a: Mandibuzz|move: Roost\n|move|p2a: Reuniclus|Focus Blast|p1a: Mandibuzz|[miss]\n|-miss|p2a: Reuniclus|p1a: Mandibuzz\n|\n|upkeep\n|turn|9\n|\n|t:|1781402487\n|move|p1a: Mandibuzz|Roost|p1a: Mandibuzz\n|-heal|p1a: Mandibuzz|326/326\n|-singleturn|p1a: Mandibuzz|move: Roost\n|move|p2a: Reuniclus|Focus Blast|p1a: Mandibuzz|[miss]\n|-miss|p2a: Reuniclus|p1a: Mandibuzz\n|\n|upkeep\n|turn|10\n|\n|t:|1781402501\n|move|p1a: Mandibuzz|U-turn|p2a: Reuniclus\n|-resisted|p2a: Reuniclus\n|-damage|p2a: Reuniclus|199/337\n|\n|t:|1781402516\n|switch|p1a: Carbink|Carbink, L90|236/236|[from] U-turn\n|move|p2a: Reuniclus|Focus Blast|p1a: Carbink|[miss]\n|-miss|p2a: Reuniclus|p1a: Carbink\n|\n|upkeep\n|turn|11\n|\n|t:|1781402527\n|move|p1a: Carbink|Moonblast|p2a: Reuniclus\n|-supereffective|p2a: Reuniclus\n|-damage|p2a: Reuniclus|107/337\n|move|p2a: Reuniclus|Calm Mind|p2a: Reuniclus\n|-boost|p2a: Reuniclus|spa|1\n|-boost|p2a: Reuniclus|spd|1\n|\n|upkeep\n|turn|12\n|\n|t:|1781402543\n|move|p1a: Carbink|Moonblast|p2a: Reuniclus\n|-supereffective|p2a: Reuniclus\n|-damage|p2a: Reuniclus|29/337\n|move|p2a: Reuniclus|Recover|p2a: Reuniclus\n|-heal|p2a: Reuniclus|198/337\n|\n|upkeep\n|turn|13\n|\n|t:|1781402561\n|move|p1a: Carbink|Iron Defense|p1a: Carbink\n|-boost|p1a: Carbink|def|2\n|move|p2a: Reuniclus|Psyshock|p1a: Carbink\n|-damage|p1a: Carbink|145/236\n|\n|-heal|p1a: Carbink|159/236|[from] item: Leftovers\n|upkeep\n|turn|14\n|\n|t:|1781402566\n|move|p1a: Carbink|Body Press|p2a: Reuniclus\n|-damage|p2a: Reuniclus|8/337\n|move|p2a: Reuniclus|Calm Mind|p2a: Reuniclus\n|-boost|p2a: Reuniclus|spa|1\n|-boost|p2a: Reuniclus|spd|1\n|\n|-heal|p1a: Carbink|173/236|[from] item: Leftovers\n|upkeep\n|turn|15\n|\n|t:|1781402589\n|move|p1a: Carbink|Moonblast|p2a: Reuniclus\n|-supereffective|p2a: Reuniclus\n|-damage|p2a: Reuniclus|0 fnt\n|faint|p2a: Reuniclus\n|\n|-heal|p1a: Carbink|187/236|[from] item: Leftovers\n|upkeep\n|\n|t:|1781402599\n|switch|p2a: Iron Jugulis|Iron Jugulis, L77|271/271\n|turn|16\n|\n|t:|1781402606\n|move|p2a: Iron Jugulis|Earth Power|p1a: Carbink\n|-supereffective|p1a: Carbink\n|-damage|p1a: Carbink|103/236\n|move|p1a: Carbink|Moonblast|p2a: Iron Jugulis\n|-supereffective|p2a: Iron Jugulis\n|-damage|p2a: Iron Jugulis|101/271\n|\n|-heal|p1a: Carbink|117/236|[from] item: Leftovers\n|upkeep\n|turn|17\n|\n|t:|1781402619\n|move|p2a: Iron Jugulis|Meteor Beam||[still]\n|-prepare|p2a: Iron Jugulis|Meteor Beam\n|-boost|p2a: Iron Jugulis|spa|1\n|-enditem|p2a: Iron Jugulis|Power Herb\n|-anim|p2a: Iron Jugulis|Meteor Beam|p1a: Carbink\n|-damage|p1a: Carbink|43/236\n|move|p1a: Carbink|Moonblast|p2a: Iron Jugulis\n|-supereffective|p2a: Iron Jugulis\n|-damage|p2a: Iron Jugulis|0 fnt\n|faint|p2a: Iron Jugulis\n|-end|p2a: Iron Jugulis|Quark Drive|[silent]\n|\n|-heal|p1a: Carbink|57/236|[from] item: Leftovers\n|upkeep\n|\n|t:|1781402626\n|switch|p2a: Duraludon|Duraludon, L82, M|249/249\n|turn|18\n|\n|t:|1781402632\n|move|p2a: Duraludon|Flash Cannon|p1a: Carbink\n|-supereffective|p1a: Carbink\n|-damage|p1a: Carbink|0 fnt\n|faint|p1a: Carbink\n|\n|upkeep\n|\n|t:|1781402638\n|switch|p1a: Brambleghast|Brambleghast, L88, F|240/240\n|turn|19\n|\n|t:|1781402647\n|move|p1a: Brambleghast|Spikes|p2a: Duraludon\n|-sidestart|p2: florb morb|Spikes\n|move|p2a: Duraludon|Dragon Tail|p1a: Brambleghast\n|-damage|p1a: Brambleghast|171/240\n|drag|p1a: Flareon|Flareon, L90, M|263/263\n|\n|-status|p1a: Flareon|tox|[from] item: Toxic Orb\n|upkeep\n|turn|20\n|\n|t:|1781402659\n|move|p1a: Flareon|Flare Blitz|p2a: Duraludon\n|-damage|p2a: Duraludon|105/249\n|-damage|p1a: Flareon|215/263 tox|[from] Recoil\n|move|p2a: Duraludon|Dragon Tail|p1a: Flareon\n|-damage|p1a: Flareon|140/263 tox\n|drag|p1a: Lanturn|Lanturn, L89, M|367/367\n|\n|upkeep\n|turn|21\n|\n|t:|1781402672\n|switch|p2a: Calyrex|Calyrex-Ice, L72|263/263\n|-ability|p2a: Calyrex|As One\n|-ability|p2a: Calyrex|Unnerve\n|move|p1a: Lanturn|Thunder Wave|p2a: Calyrex\n|-status|p2a: Calyrex|par\n|\n|upkeep\n|turn|22\n|\n|t:|1781402683\n|move|p1a: Lanturn|Volt Switch|p2a: Calyrex\n|-damage|p2a: Calyrex|203/263 par\n|\n|t:|1781402686\n|switch|p1a: Flareon|Flareon, L90, M|140/263 tox|[from] Volt Switch\n|move|p2a: Calyrex|Trick Room|p2a: Calyrex\n|-fieldstart|move: Trick Room|[of] p2a: Calyrex\n|\n|-damage|p1a: Flareon|124/263 tox|[from] psn\n|upkeep\n|turn|23\n|\n|t:|1781402690\n|move|p2a: Calyrex|High Horsepower|p1a: Flareon\n|-supereffective|p1a: Flareon\n|-damage|p1a: Flareon|0 fnt\n|faint|p1a: Flareon\n|-ability|p2a: Calyrex|Chilling Neigh|boost\n|-boost|p2a: Calyrex|atk|1\n|\n|upkeep\n|\n|t:|1781402696\n|switch|p1a: Mandibuzz|Mandibuzz, L85, F|326/326\n|turn|24\n|\n|t:|1781402701\n|cant|p2a: Calyrex|par\n|move|p1a: Mandibuzz|Foul Play|p2a: Calyrex\n|-supereffective|p2a: Calyrex\n|-damage|p2a: Calyrex|0 fnt\n|faint|p2a: Calyrex\n|\n|upkeep\n|\n|t:|1781402715\n|switch|p2a: Duraludon|Duraludon, L82, M|105/249\n|-damage|p2a: Duraludon|74/249|[from] Spikes\n|turn|25\n|\n|t:|1781402725\n|move|p1a: Mandibuzz|Foul Play|p2a: Duraludon\n|-damage|p2a: Duraludon|16/249\n|move|p2a: Duraludon|Body Press|p1a: Mandibuzz\n|-damage|p1a: Mandibuzz|273/326\n|\n|upkeep\n|turn|26\n|\n|t:|1781402729\n|move|p1a: Mandibuzz|Foul Play|p2a: Duraludon\n|-damage|p2a: Duraludon|0 fnt\n|faint|p2a: Duraludon\n|\n|-fieldend|move: Trick Room\n|upkeep\n|\n|t:|1781402736\n|switch|p2a: Jumpluff|Jumpluff, L87, M|271/271\n|turn|27\n|\n|t:|1781402741\n|move|p2a: Jumpluff|Sleep Powder|p1a: Mandibuzz\n|-immune|p1a: Mandibuzz|[from] ability: Overcoat\n|move|p1a: Mandibuzz|Foul Play|p2a: Jumpluff\n|-damage|p2a: Jumpluff|187/271\n|\n|upkeep\n|turn|28\n|\n|t:|1781402749\n|move|p2a: Jumpluff|Sleep Powder|p1a: Mandibuzz\n|-immune|p1a: Mandibuzz|[from] ability: Overcoat\n|move|p1a: Mandibuzz|U-turn|p2a: Jumpluff\n|-damage|p2a: Jumpluff|145/271\n|\n|t:|1781402754\n|switch|p1a: Lanturn|Lanturn, L89, M|367/367|[from] U-turn\n|\n|upkeep\n|turn|29\n|-message|florb morb forfeited.\n|\n|win|Sergiobscr\n|raw|Sergiobscr's rating: 1309 &rarr; <strong>1328</strong><br />(+19 for winning)\n|raw|florb morb's rating: 1293 &rarr; <strong>1269</strong><br />(-24 for losing)\n|l|\u2606florb morb\n|player|p2|\n", "uploadtime": 1781402757, "views": 2, "formatid": "gen9randombattle", "rating": 1269, "private": 0, "password": null}