{"id": "gen9randombattle-2631401948", "format": "[Gen 9] Random Battle", "players": ["beanburrito1017", "good pork"], "log": "|j|\u2606beanburrito1017\n|j|\u2606good pork\n|t:|1781380314\n|gametype|singles\n|player|p1|beanburrito1017|102|2033\n|player|p2|good pork|266|2084\n|gen|9\n|tier|[Gen 9] Random Battle\n|rated|\n|rule|Species Clause: Limit one of each Pok\u00e9mon\n|rule|HP Percentage Mod: HP is shown in percentages\n|rule|Sleep Clause Mod: Limit one foe put to sleep\n|rule|Illusion Level Mod: Illusion disguises the Pok\u00e9mon's true level\n|\n|t:|1781380314\n|teamsize|p1|6\n|teamsize|p2|6\n|start\n|switch|p1a: Skeledirge|Skeledirge, L79, M|294/294\n|switch|p2a: Arboliva|Arboliva, L91, F|290/290\n|turn|1\n|inactive|Battle timer is ON: inactive players will automatically lose when time's up. (requested by beanburrito1017)\n|\n|t:|1781380323\n|switch|p2a: Cramorant|Cramorant, L86, M|261/261\n|move|p1a: Skeledirge|Torch Song|p2a: Cramorant\n|-resisted|p2a: Cramorant\n|-damage|p2a: Cramorant|223/261\n|-boost|p1a: Skeledirge|spa|1\n|\n|upkeep\n|turn|2\n|\n|t:|1781380344\n|switch|p1a: Komala|Komala, L88, M|258/258\n|-ability|p1a: Komala|Comatose\n|move|p2a: Cramorant|Surf|p1a: Komala\n|-formechange|p2a: Cramorant|Cramorant-Gulping|\n|-damage|p1a: Komala|206/258\n|\n|upkeep\n|turn|3\n|\n|t:|1781380351\n|switch|p2a: Pecharunt|Pecharunt, L77|262/262\n|move|p1a: Komala|Rapid Spin|p2a: Pecharunt\n|-immune|p2a: Pecharunt\n|\n|upkeep\n|turn|4\n|\n|t:|1781380357\n|move|p2a: Pecharunt|Parting Shot|p1a: Komala\n|-unboost|p1a: Komala|atk|1\n|-unboost|p1a: Komala|spa|1\n|\n|t:|1781380359\n|switch|p2a: Quaquaval|Quaquaval, L79, M|264/264|[from] Parting Shot\n|move|p1a: Komala|Knock Off|p2a: Quaquaval\n|-resisted|p2a: Quaquaval\n|-damage|p2a: Quaquaval|231/264\n|-enditem|p2a: Quaquaval|Leftovers|[from] move: Knock Off|[of] p1a: Komala\n|\n|upkeep\n|turn|5\n|\n|t:|1781380372\n|move|p2a: Quaquaval|Close Combat|p1a: Komala\n|-supereffective|p1a: Komala\n|-damage|p1a: Komala|0 fnt\n|-unboost|p2a: Quaquaval|def|1\n|-unboost|p2a: Quaquaval|spd|1\n|faint|p1a: Komala\n|-ability|p2a: Quaquaval|Moxie|boost\n|-boost|p2a: Quaquaval|atk|1\n|\n|upkeep\n|\n|t:|1781380381\n|switch|p1a: Mightyena|Mightyena, L96, M|290/290\n|-ability|p1a: Mightyena|Intimidate|boost\n|-unboost|p2a: Quaquaval|atk|1\n|turn|6\n|\n|t:|1781380387\n|switch|p2a: Pecharunt|Pecharunt, L77|262/262\n|move|p1a: Mightyena|Play Rough|p2a: Pecharunt\n|-resisted|p2a: Pecharunt\n|-damage|p2a: Pecharunt|236/262\n|-unboost|p2a: Pecharunt|atk|1\n|\n|-heal|p2a: Pecharunt|252/262|[from] item: Leftovers\n|upkeep\n|turn|7\n|\n|t:|1781380393\n|switch|p2a: Quaquaval|Quaquaval, L79, M|231/264\n|move|p1a: Mightyena|Crunch|p2a: Quaquaval\n|-resisted|p2a: Quaquaval\n|-damage|p2a: Quaquaval|170/264\n|\n|upkeep\n|turn|8\n|\n|t:|1781380405\n|switch|p2a: Magmortar|Magmortar, L88, F|275/275\n|move|p1a: Mightyena|Play Rough|p2a: Magmortar\n|-resisted|p2a: Magmortar\n|-damage|p2a: Magmortar|230/275\n|-status|p1a: Mightyena|brn|[from] ability: Flame Body|[of] p2a: Magmortar\n|\n|-damage|p1a: Mightyena|272/290 brn|[from] brn\n|upkeep\n|turn|9\n|\n|t:|1781380416\n|move|p2a: Magmortar|Fire Blast|p1a: Mightyena\n|-damage|p1a: Mightyena|161/290 brn\n|move|p1a: Mightyena|Super Fang|p2a: Magmortar|[miss]\n|-miss|p1a: Mightyena|p2a: Magmortar\n|\n|-damage|p1a: Mightyena|143/290 brn|[from] brn\n|upkeep\n|turn|10\n|\n|t:|1781380426\n|switch|p2a: Pecharunt|Pecharunt, L77|252/262\n|switch|p1a: Chandelure|Chandelure, L83, M|235/235\n|\n|-heal|p2a: Pecharunt|262/262|[from] item: Leftovers\n|upkeep\n|turn|11\n|\n|t:|1781380435\n|move|p1a: Chandelure|Trick|p2a: Pecharunt\n|-activate|p1a: Chandelure|move: Trick|[of] p2a: Pecharunt\n|-item|p2a: Pecharunt|Choice Scarf|[from] move: Trick\n|-item|p1a: Chandelure|Leftovers|[from] move: Trick\n|move|p2a: Pecharunt|Parting Shot|p1a: Chandelure\n|-unboost|p1a: Chandelure|atk|1\n|-unboost|p1a: Chandelure|spa|1\n|\n|t:|1781380445\n|switch|p2a: Cramorant|Cramorant, L86, M|223/261|[from] Parting Shot\n|\n|upkeep\n|turn|12\n|\n|t:|1781380459\n|move|p2a: Cramorant|Surf|p1a: Chandelure\n|-formechange|p2a: Cramorant|Cramorant-Gulping|\n|-supereffective|p1a: Chandelure\n|-damage|p1a: Chandelure|53/235\n|move|p1a: Chandelure|Shadow Ball|p2a: Cramorant\n|-damage|p2a: Cramorant|153/261\n|-damage|p1a: Chandelure|0 fnt|[from] ability: Gulp Missile|[of] p2a: Cramorant\n|-formechange|p2a: Cramorant|Cramorant|\n|faint|p1a: Chandelure\n|\n|upkeep\n|\n|t:|1781380468\n|switch|p1a: Garganacl|Garganacl, L80, F|291/291\n|turn|13\n|\n|t:|1781380478\n|move|p2a: Cramorant|Surf|p1a: Garganacl\n|-formechange|p2a: Cramorant|Cramorant-Gulping|\n|-supereffective|p1a: Garganacl\n|-damage|p1a: Garganacl|91/291\n|move|p1a: Garganacl|Salt Cure|p2a: Cramorant\n|-supereffective|p2a: Cramorant\n|-damage|p2a: Cramorant|37/261\n|-start|p2a: Cramorant|Salt Cure\n|-damage|p1a: Garganacl|19/291|[from] ability: Gulp Missile|[of] p2a: Cramorant\n|-unboost|p1a: Garganacl|def|1\n|-formechange|p2a: Cramorant|Cramorant|\n|\n|-heal|p1a: Garganacl|37/291|[from] item: Leftovers\n|-damage|p2a: Cramorant|0 fnt|[from] Salt Cure\n|faint|p2a: Cramorant\n|upkeep\n|\n|t:|1781380484\n|switch|p2a: Quaquaval|Quaquaval, L79, M|170/264\n|turn|14\n|\n|t:|1781380489\n|switch|p1a: Skeledirge|Skeledirge, L79, M|294/294\n|move|p2a: Quaquaval|Aqua Step|p1a: Skeledirge\n|-supereffective|p1a: Skeledirge\n|-damage|p1a: Skeledirge|130/294\n|-boost|p2a: Quaquaval|spe|1\n|\n|upkeep\n|turn|15\n|\n|t:|1781380494\n|switch|p1a: Mightyena|Mightyena, L96, M|143/290 brn\n|-ability|p1a: Mightyena|Intimidate|boost\n|-unboost|p2a: Quaquaval|atk|1\n|move|p2a: Quaquaval|Aqua Step|p1a: Mightyena\n|-damage|p1a: Mightyena|80/290 brn\n|-boost|p2a: Quaquaval|spe|1\n|\n|-damage|p1a: Mightyena|62/290 brn|[from] brn\n|upkeep\n|turn|16\n|\n|t:|1781380500\n|move|p2a: Quaquaval|Aqua Step|p1a: Mightyena\n|-damage|p1a: Mightyena|0 fnt\n|-boost|p2a: Quaquaval|spe|1\n|faint|p1a: Mightyena\n|-ability|p2a: Quaquaval|Moxie|boost\n|-boost|p2a: Quaquaval|atk|1\n|\n|upkeep\n|\n|t:|1781380509\n|switch|p1a: Skeledirge|Skeledirge, L79, M|130/294\n|turn|17\n|\n|t:|1781380525\n|switch|p2a: Pecharunt|Pecharunt, L77|262/262\n|-terastallize|p1a: Skeledirge|Water\n|move|p1a: Skeledirge|Will-O-Wisp|p2a: Pecharunt\n|-status|p2a: Pecharunt|brn\n|\n|-damage|p2a: Pecharunt|246/262 brn|[from] brn\n|upkeep\n|turn|18\n|\n|t:|1781380531\n|move|p2a: Pecharunt|Malignant Chain|p1a: Skeledirge\n|-damage|p1a: Skeledirge|31/294\n|-status|p1a: Skeledirge|tox\n|-start|p1a: Skeledirge|confusion|[from] ability: Poison Puppeteer|[of] p2a: Pecharunt\n|-activate|p1a: Skeledirge|confusion\n|-damage|p1a: Skeledirge|15/294 tox|[from] confusion\n|\n|-damage|p1a: Skeledirge|0 fnt|[from] psn\n|faint|p1a: Skeledirge\n|-damage|p2a: Pecharunt|230/262 brn|[from] brn\n|upkeep\n|\n|t:|1781380536\n|switch|p1a: Kricketune|Kricketune, L99, F|312/312\n|turn|19\n|\n|t:|1781380539\n|move|p2a: Pecharunt|Malignant Chain|p1a: Kricketune\n|-damage|p1a: Kricketune|207/312\n|move|p1a: Kricketune|Sticky Web|p2a: Pecharunt\n|-sidestart|p2: good pork|move: Sticky Web\n|\n|-damage|p2a: Pecharunt|214/262 brn|[from] brn\n|upkeep\n|turn|20\n|\n|t:|1781380548\n|move|p2a: Pecharunt|Malignant Chain|p1a: Kricketune\n|-damage|p1a: Kricketune|98/312\n|-status|p1a: Kricketune|tox\n|-start|p1a: Kricketune|confusion|[from] ability: Poison Puppeteer|[of] p2a: Pecharunt\n|-activate|p1a: Kricketune|confusion\n|move|p1a: Kricketune|Pounce|p2a: Pecharunt\n|-resisted|p2a: Pecharunt\n|-damage|p2a: Pecharunt|197/262 brn\n|-unboost|p2a: Pecharunt|spe|1\n|\n|-damage|p1a: Kricketune|79/312 tox|[from] psn\n|-damage|p2a: Pecharunt|181/262 brn|[from] brn\n|upkeep\n|turn|21\n|\n|t:|1781380555\n|-activate|p1a: Kricketune|confusion\n|move|p1a: Kricketune|Pounce|p2a: Pecharunt\n|-resisted|p2a: Pecharunt\n|-damage|p2a: Pecharunt|164/262 brn\n|-unboost|p2a: Pecharunt|spe|1\n|move|p2a: Pecharunt|Malignant Chain|p1a: Kricketune\n|-damage|p1a: Kricketune|0 fnt\n|faint|p1a: Kricketune\n|\n|-damage|p2a: Pecharunt|148/262 brn|[from] brn\n|upkeep\n|\n|t:|1781380561\n|switch|p1a: Garganacl|Garganacl, L80, F|37/291\n|turn|22\n|\n|t:|1781380565\n|move|p2a: Pecharunt|Malignant Chain|p1a: Garganacl\n|-resisted|p1a: Garganacl\n|-damage|p1a: Garganacl|0 fnt\n|faint|p1a: Garganacl\n|\n|win|good pork\n", "uploadtime": 1781380317, "views": 9, "formatid": "gen9randombattle", "rating": null, "private": 0, "password": null}