{"id": "gen9randombattle-2631609532", "format": "[Gen 9] Random Battle", "players": ["TheHandred", "Tyyyyyyu"], "log": "|j|\u2606TheHandred\n|j|\u2606Tyyyyyyu\n|t:|1781408358\n|gametype|singles\n|player|p1|TheHandred|lucas-gen4pt|1378\n|player|p2|Tyyyyyyu|lady-gen4|1380\n|gen|9\n|tier|[Gen 9] Random Battle\n|rated|\n|rule|Species Clause: Limit one of each Pok\u00e9mon\n|rule|HP Percentage Mod: HP is shown in percentages\n|rule|Sleep Clause Mod: Limit one foe put to sleep\n|rule|Illusion Level Mod: Illusion disguises the Pok\u00e9mon's true level\n|\n|t:|1781408358\n|teamsize|p1|6\n|teamsize|p2|6\n|start\n|switch|p1a: Illumise|Illumise, L91, F|266/266\n|switch|p2a: Scovillain|Scovillain, L91, M|266/266\n|turn|1\n|\n|t:|1781408371\n|move|p1a: Illumise|Bug Buzz|p2a: Scovillain\n|-crit|p2a: Scovillain\n|-damage|p2a: Scovillain|116/266\n|move|p2a: Scovillain|Fire Blast|p1a: Illumise\n|-supereffective|p1a: Illumise\n|-damage|p1a: Illumise|2/266\n|\n|upkeep\n|turn|2\n|\n|t:|1781408376\n|move|p1a: Illumise|Bug Buzz|p2a: Scovillain\n|-damage|p2a: Scovillain|8/266\n|-unboost|p2a: Scovillain|spd|1\n|move|p2a: Scovillain|Fire Blast|p1a: Illumise|[miss]\n|-miss|p2a: Scovillain|p1a: Illumise\n|\n|upkeep\n|turn|3\n|\n|t:|1781408385\n|move|p1a: Illumise|Bug Buzz|p2a: Scovillain\n|-damage|p2a: Scovillain|0 fnt\n|faint|p2a: Scovillain\n|\n|upkeep\n|\n|t:|1781408389\n|switch|p2a: Pachirisu|Pachirisu, L96, F|271/271\n|turn|4\n|\n|t:|1781408395\n|move|p1a: Illumise|Roost|p1a: Illumise\n|-heal|p1a: Illumise|135/266\n|-singleturn|p1a: Illumise|move: Roost\n|move|p2a: Pachirisu|U-turn|p1a: Illumise\n|-damage|p1a: Illumise|96/266\n|\n|t:|1781408411\n|switch|p2a: Illumise|Illumise, L91, F|266/266|[from] U-turn\n|\n|upkeep\n|turn|5\n|\n|t:|1781408425\n|switch|p1a: Espeon|Espeon, L84, F|246/246\n|move|p2a: Illumise|Encore|p1a: Espeon\n|move|p1a: Espeon|Encore||[from] ability: Magic Bounce|[still]\n|-fail|p1a: Espeon\n|\n|upkeep\n|turn|6\n|\n|t:|1781408443\n|switch|p1a: Skarmory|Skarmory, L80, F|235/235\n|move|p2a: Illumise|Bug Buzz|p1a: Skarmory\n|-resisted|p1a: Skarmory\n|-damage|p1a: Skarmory|205/235\n|-unboost|p1a: Skarmory|spd|1\n|\n|upkeep\n|turn|7\n|\n|t:|1781408458\n|switch|p2a: Pachirisu|Pachirisu, L96, F|271/271\n|move|p1a: Skarmory|Stealth Rock|p2a: Pachirisu\n|-sidestart|p2: Tyyyyyyu|move: Stealth Rock\n|\n|upkeep\n|turn|8\n|\n|t:|1781408491\n|switch|p1a: Illumise|Illumise, L91, F|96/266\n|move|p2a: Pachirisu|Discharge|p1a: Illumise\n|-damage|p1a: Illumise|36/266\n|-status|p1a: Illumise|par\n|\n|upkeep\n|turn|9\n|\n|t:|1781408501\n|move|p1a: Illumise|Roost|p1a: Illumise\n|-heal|p1a: Illumise|169/266 par\n|-singleturn|p1a: Illumise|move: Roost\n|move|p2a: Pachirisu|U-turn|p1a: Illumise\n|-damage|p1a: Illumise|132/266 par\n|\n|t:|1781408504\n|switch|p2a: Illumise|Illumise, L91, F|266/266|[from] U-turn\n|\n|upkeep\n|turn|10\n|\n|t:|1781408512\n|switch|p2a: Pachirisu|Pachirisu, L96, F|271/271\n|move|p1a: Illumise|Thunder Wave|p2a: Pachirisu\n|-immune|p2a: Pachirisu|[from] ability: Volt Absorb\n|\n|upkeep\n|turn|11\n|\n|t:|1781408522\n|move|p1a: Illumise|Roost|p1a: Illumise\n|-heal|p1a: Illumise|265/266 par\n|-singleturn|p1a: Illumise|move: Roost\n|move|p2a: Pachirisu|Discharge|p1a: Illumise\n|-damage|p1a: Illumise|205/266 par\n|\n|upkeep\n|turn|12\n|\n|t:|1781408530\n|move|p2a: Pachirisu|Discharge|p1a: Illumise\n|-damage|p1a: Illumise|144/266 par\n|move|p1a: Illumise|Bug Buzz|p2a: Pachirisu\n|-damage|p2a: Pachirisu|199/271\n|\n|upkeep\n|turn|13\n|\n|t:|1781408535\n|cant|p1a: Illumise|par\n|move|p2a: Pachirisu|Super Fang|p1a: Illumise\n|-damage|p1a: Illumise|72/266 par\n|\n|upkeep\n|turn|14\n|\n|t:|1781408536\n|move|p1a: Illumise|Roost|p1a: Illumise\n|-heal|p1a: Illumise|205/266 par\n|-singleturn|p1a: Illumise|move: Roost\n|move|p2a: Pachirisu|Discharge|p1a: Illumise\n|-damage|p1a: Illumise|139/266 par\n|\n|upkeep\n|turn|15\n|\n|t:|1781408540\n|move|p1a: Illumise|Roost|p1a: Illumise\n|-heal|p1a: Illumise|266/266 par\n|-singleturn|p1a: Illumise|move: Roost\n|move|p2a: Pachirisu|Encore|p1a: Illumise\n|-start|p1a: Illumise|Encore\n|\n|upkeep\n|turn|16\n|\n|t:|1781408543\n|switch|p1a: Revavroom|Revavroom, L79, F|256/256\n|move|p2a: Pachirisu|Super Fang|p1a: Revavroom\n|-damage|p1a: Revavroom|128/256\n|\n|upkeep\n|turn|17\n|\n|t:|1781408558\n|-terastallize|p1a: Revavroom|Ground\n|move|p2a: Pachirisu|U-turn|p1a: Revavroom\n|-damage|p1a: Revavroom|84/256\n|\n|t:|1781408560\n|switch|p2a: Illumise|Illumise, L91, F|266/266|[from] U-turn\n|move|p1a: Revavroom|High Horsepower|p2a: Illumise\n|-resisted|p2a: Illumise\n|-damage|p2a: Illumise|191/266\n|-damage|p1a: Revavroom|59/256|[from] item: Life Orb\n|\n|upkeep\n|turn|18\n|\n|t:|1781408571\n|move|p2a: Illumise|Bug Buzz|p1a: Revavroom\n|-damage|p1a: Revavroom|0 fnt\n|faint|p1a: Revavroom\n|\n|upkeep\n|\n|t:|1781408575\n|switch|p1a: Skarmory|Skarmory, L80, F|205/235\n|turn|19\n|\n|t:|1781408582\n|switch|p2a: Pachirisu|Pachirisu, L96, F|199/271\n|move|p1a: Skarmory|Body Press|p2a: Pachirisu\n|-damage|p2a: Pachirisu|132/271\n|\n|upkeep\n|turn|20\n|\n|t:|1781408587\n|switch|p1a: Illumise|Illumise, L91, F|266/266 par\n|move|p2a: Pachirisu|Discharge|p1a: Illumise\n|-damage|p1a: Illumise|203/266 par\n|\n|upkeep\n|turn|21\n|\n|t:|1781408593\n|move|p2a: Pachirisu|Super Fang|p1a: Illumise\n|-damage|p1a: Illumise|102/266 par\n|cant|p1a: Illumise|par\n|\n|upkeep\n|turn|22\n|\n|t:|1781408605\n|cant|p1a: Illumise|par\n|move|p2a: Pachirisu|Discharge|p1a: Illumise\n|-damage|p1a: Illumise|42/266 par\n|\n|upkeep\n|turn|23\n|\n|t:|1781408613\n|move|p1a: Illumise|Roost|p1a: Illumise\n|-heal|p1a: Illumise|175/266 par\n|-singleturn|p1a: Illumise|move: Roost\n|move|p2a: Pachirisu|Discharge|p1a: Illumise\n|-damage|p1a: Illumise|118/266 par\n|\n|upkeep\n|turn|24\n|\n|t:|1781408633\n|switch|p1a: Ursaring|Ursaring, L84, F|288/288\n|move|p2a: Pachirisu|Encore||[still]\n|-fail|p2a: Pachirisu\n|\n|-status|p1a: Ursaring|tox|[from] item: Toxic Orb\n|upkeep\n|turn|25\n|\n|t:|1781408637\n|move|p2a: Pachirisu|U-turn|p1a: Ursaring\n|-damage|p1a: Ursaring|247/288 tox\n|\n|t:|1781408657\n|switch|p2a: Iron Hands|Iron Hands, L79|373/373|[from] U-turn\n|-damage|p2a: Iron Hands|350/373|[from] Stealth Rock\n|move|p1a: Ursaring|Facade|p2a: Iron Hands\n|-damage|p2a: Iron Hands|194/373\n|\n|-heal|p2a: Iron Hands|217/373|[from] item: Leftovers\n|-damage|p1a: Ursaring|229/288 tox|[from] psn\n|upkeep\n|turn|26\n|\n|t:|1781408673\n|switch|p1a: Slowbro|Slowbro-Galar, L87, M|307/307\n|move|p2a: Iron Hands|Drain Punch|p1a: Slowbro\n|-resisted|p1a: Slowbro\n|-damage|p1a: Slowbro|287/307\n|-heal|p2a: Iron Hands|227/373|[from] drain|[of] p1a: Slowbro\n|\n|-heal|p2a: Iron Hands|250/373|[from] item: Leftovers\n|upkeep\n|turn|27\n|\n|t:|1781408682\n|-end|p2a: Iron Hands|Quark Drive|[silent]\n|switch|p2a: Wo-Chien|Wo-Chien, L83|277/277\n|-damage|p2a: Wo-Chien|243/277|[from] Stealth Rock\n|-ability|p2a: Wo-Chien|Tablets of Ruin\n|move|p1a: Slowbro|Trick Room|p1a: Slowbro\n|-fieldstart|move: Trick Room|[of] p1a: Slowbro\n|\n|-heal|p2a: Wo-Chien|260/277|[from] item: Leftovers\n|upkeep\n|turn|28\n|\n|t:|1781408697\n|move|p1a: Slowbro|Shell Side Arm|p2a: Wo-Chien|[anim] Shell Side Arm Physical\n|-supereffective|p2a: Wo-Chien\n|-damage|p2a: Wo-Chien|78/277\n|-hint|Physical Shell Side Arm\n|-damage|p1a: Slowbro|257/307|[from] item: Life Orb\n|move|p2a: Wo-Chien|Knock Off|p1a: Slowbro\n|-supereffective|p1a: Slowbro\n|-damage|p1a: Slowbro|87/307\n|-enditem|p1a: Slowbro|Life Orb|[from] move: Knock Off|[of] p2a: Wo-Chien\n|\n|-heal|p2a: Wo-Chien|95/277|[from] item: Leftovers\n|upkeep\n|turn|29\n|\n|t:|1781408720\n|move|p2a: Wo-Chien|Protect|p2a: Wo-Chien\n|-singleturn|p2a: Wo-Chien|Protect\n|move|p1a: Slowbro|Shell Side Arm|p2a: Wo-Chien|[anim] Shell Side Arm Physical\n|-activate|p2a: Wo-Chien|move: Protect\n|\n|-heal|p2a: Wo-Chien|112/277|[from] item: Leftovers\n|upkeep\n|turn|30\n|\n|t:|1781408740\n|-terastallize|p2a: Wo-Chien|Poison\n|move|p1a: Slowbro|Shell Side Arm|p2a: Wo-Chien|[anim] Shell Side Arm Physical\n|-resisted|p2a: Wo-Chien\n|-damage|p2a: Wo-Chien|79/277\n|-hint|Physical Shell Side Arm\n|move|p2a: Wo-Chien|Knock Off|p1a: Slowbro\n|-supereffective|p1a: Slowbro\n|-damage|p1a: Slowbro|0 fnt\n|faint|p1a: Slowbro\n|\n|-heal|p2a: Wo-Chien|96/277|[from] item: Leftovers\n|upkeep\n|\n|t:|1781408750\n|switch|p1a: Skarmory|Skarmory, L80, F|205/235\n|turn|31\n|\n|t:|1781408754\n|move|p2a: Wo-Chien|Protect|p2a: Wo-Chien\n|-singleturn|p2a: Wo-Chien|Protect\n|move|p1a: Skarmory|Brave Bird|p2a: Wo-Chien\n|-activate|p2a: Wo-Chien|move: Protect\n|\n|-heal|p2a: Wo-Chien|113/277|[from] item: Leftovers\n|-fieldend|move: Trick Room\n|upkeep\n|turn|32\n|\n|t:|1781408762\n|move|p2a: Wo-Chien|Leech Seed|p1a: Skarmory\n|-start|p1a: Skarmory|move: Leech Seed\n|move|p1a: Skarmory|Brave Bird|p2a: Wo-Chien\n|-damage|p2a: Wo-Chien|47/277\n|-damage|p1a: Skarmory|183/235|[from] Recoil\n|\n|-heal|p2a: Wo-Chien|64/277|[from] item: Leftovers\n|-damage|p1a: Skarmory|154/235|[from] Leech Seed|[of] p2a: Wo-Chien\n|-heal|p2a: Wo-Chien|93/277|[silent]\n|upkeep\n|turn|33\n|\n|t:|1781408770\n|switch|p1a: Ursaring|Ursaring, L84, F|229/288 tox\n|move|p2a: Wo-Chien|Knock Off|p1a: Ursaring\n|-damage|p1a: Ursaring|123/288 tox\n|-enditem|p1a: Ursaring|Toxic Orb|[from] move: Knock Off|[of] p2a: Wo-Chien\n|\n|-heal|p2a: Wo-Chien|110/277|[from] item: Leftovers\n|-damage|p1a: Ursaring|105/288 tox|[from] psn\n|upkeep\n|turn|34\n|\n|t:|1781408778\n|move|p2a: Wo-Chien|Protect|p2a: Wo-Chien\n|-singleturn|p2a: Wo-Chien|Protect\n|move|p1a: Ursaring|Swords Dance|p1a: Ursaring\n|-boost|p1a: Ursaring|atk|2\n|\n|-heal|p2a: Wo-Chien|127/277|[from] item: Leftovers\n|-damage|p1a: Ursaring|69/288 tox|[from] psn\n|upkeep\n|turn|35\n|\n|t:|1781408782\n|move|p1a: Ursaring|Facade|p2a: Wo-Chien\n|-damage|p2a: Wo-Chien|0 fnt\n|faint|p2a: Wo-Chien\n|\n|-damage|p1a: Ursaring|15/288 tox|[from] psn\n|upkeep\n|\n|t:|1781408791\n|switch|p2a: Pachirisu|Pachirisu, L96, F|132/271\n|turn|36\n|\n|t:|1781408793\n|move|p2a: Pachirisu|U-turn|p1a: Ursaring\n|-damage|p1a: Ursaring|0 fnt\n|faint|p1a: Ursaring\n|\n|t:|1781408795\n|switch|p2a: Iron Hands|Iron Hands, L79|250/373|[from] U-turn\n|-damage|p2a: Iron Hands|227/373|[from] Stealth Rock\n|\n|-heal|p2a: Iron Hands|250/373|[from] item: Leftovers\n|upkeep\n|\n|t:|1781408798\n|switch|p1a: Skarmory|Skarmory, L80, F|154/235\n|turn|37\n|\n|t:|1781408801\n|move|p1a: Skarmory|Brave Bird|p2a: Iron Hands\n|-damage|p2a: Iron Hands|163/373\n|-damage|p1a: Skarmory|125/235|[from] Recoil\n|move|p2a: Iron Hands|Wild Charge|p1a: Skarmory\n|-supereffective|p1a: Skarmory\n|-damage|p1a: Skarmory|0 fnt\n|-damage|p2a: Iron Hands|101/373|[from] item: Rocky Helmet|[of] p1a: Skarmory\n|faint|p1a: Skarmory\n|-damage|p2a: Iron Hands|70/373|[from] Recoil\n|\n|-heal|p2a: Iron Hands|93/373|[from] item: Leftovers\n|upkeep\n|\n|t:|1781408803\n|switch|p1a: Espeon|Espeon, L84, F|246/246\n|turn|38\n|\n|t:|1781408809\n|move|p1a: Espeon|Calm Mind|p1a: Espeon\n|-boost|p1a: Espeon|spa|1\n|-boost|p1a: Espeon|spd|1\n|move|p2a: Iron Hands|Drain Punch|p1a: Espeon\n|-resisted|p1a: Espeon\n|-damage|p1a: Espeon|187/246\n|-heal|p2a: Iron Hands|123/373|[from] drain|[of] p1a: Espeon\n|\n|-heal|p2a: Iron Hands|146/373|[from] item: Leftovers\n|upkeep\n|turn|39\n|\n|t:|1781408815\n|move|p1a: Espeon|Calm Mind|p1a: Espeon\n|-boost|p1a: Espeon|spa|1\n|-boost|p1a: Espeon|spd|1\n|move|p2a: Iron Hands|Wild Charge|p1a: Espeon\n|-damage|p1a: Espeon|48/246\n|-damage|p2a: Iron Hands|111/373|[from] Recoil\n|\n|-heal|p2a: Iron Hands|134/373|[from] item: Leftovers\n|upkeep\n|turn|40\n|\n|t:|1781408816\n|move|p1a: Espeon|Psyshock|p2a: Iron Hands\n|-supereffective|p2a: Iron Hands\n|-damage|p2a: Iron Hands|0 fnt\n|faint|p2a: Iron Hands\n|-end|p2a: Iron Hands|Quark Drive|[silent]\n|-damage|p1a: Espeon|24/246|[from] item: Life Orb\n|\n|upkeep\n|\n|t:|1781408823\n|switch|p2a: Pachirisu|Pachirisu, L96, F|132/271\n|turn|41\n|\n|t:|1781408828\n|move|p2a: Pachirisu|U-turn|p1a: Espeon\n|-supereffective|p1a: Espeon\n|-damage|p1a: Espeon|0 fnt\n|faint|p1a: Espeon\n|\n|t:|1781408831\n|switch|p2a: Illumise|Illumise, L91, F|191/266|[from] U-turn\n|\n|upkeep\n|c|\u2606TheHandred|Gg\n|-message|TheHandred forfeited.\n|\n|win|Tyyyyyyu\n|raw|TheHandred's rating: 1378 &rarr; <strong>1358</strong><br />(-20 for losing)\n|raw|Tyyyyyyu's rating: 1380 &rarr; <strong>1400</strong><br />(+20 for winning)\n|l|\u2606TheHandred\n|player|p1|\n", "uploadtime": 1781408844, "views": 4, "formatid": "gen9randombattle", "rating": 1358, "private": 0, "password": null}