{"id": "gen9randombattle-2631767808", "format": "[Gen 9] Random Battle", "players": ["daan0112", "Marble Gamerz YT"], "log": "|j|\u2606daan0112\n|j|\u2606Marble Gamerz YT\n|t:|1781436545\n|gametype|singles\n|player|p1|daan0112|102|1474\n|player|p2|Marble Gamerz YT|canari|1490\n|gen|9\n|tier|[Gen 9] Random Battle\n|rated|\n|rule|Species Clause: Limit one of each Pok\u00e9mon\n|rule|HP Percentage Mod: HP is shown in percentages\n|rule|Sleep Clause Mod: Limit one foe put to sleep\n|rule|Illusion Level Mod: Illusion disguises the Pok\u00e9mon's true level\n|\n|t:|1781436545\n|teamsize|p1|6\n|teamsize|p2|6\n|start\n|switch|p1a: Brambleghast|Brambleghast, L88, M|240/240\n|switch|p2a: Flapple|Flapple, L88, F|266/266\n|turn|1\n|inactive|Battle timer is ON: inactive players will automatically lose when time's up. (requested by Marble Gamerz YT)\n|\n|t:|1781436556\n|move|p1a: Brambleghast|Poltergeist|p2a: Flapple\n|-activate|p2a: Flapple|move: Poltergeist|Lum Berry\n|-damage|p2a: Flapple|109/266\n|move|p2a: Flapple|Dragon Dance|p2a: Flapple\n|-boost|p2a: Flapple|atk|1\n|-boost|p2a: Flapple|spe|1\n|\n|upkeep\n|turn|2\n|\n|t:|1781436572\n|-terastallize|p1a: Brambleghast|Fairy\n|move|p2a: Flapple|Sucker Punch|p1a: Brambleghast\n|-resisted|p1a: Brambleghast\n|-damage|p1a: Brambleghast|166/240\n|move|p1a: Brambleghast|Poltergeist|p2a: Flapple\n|-activate|p2a: Flapple|move: Poltergeist|Lum Berry\n|-damage|p2a: Flapple|0 fnt\n|faint|p2a: Flapple\n|\n|upkeep\n|\n|t:|1781436586\n|switch|p2a: Tornadus|Tornadus, L82, M|264/264\n|turn|3\n|\n|t:|1781436604\n|move|p2a: Tornadus|Bleakwind Storm|p1a: Brambleghast\n|-ability|p1a: Brambleghast|Wind Rider|boost\n|-boost|p1a: Brambleghast|atk|1\n|move|p1a: Brambleghast|Strength Sap|p2a: Tornadus\n|-unboost|p2a: Tornadus|atk|1\n|-heal|p1a: Brambleghast|240/240\n|\n|upkeep\n|turn|4\n|\n|t:|1781436618\n|switch|p2a: Goodra|Goodra, L85, M|292/292\n|move|p1a: Brambleghast|Rapid Spin|p2a: Goodra\n|-damage|p2a: Goodra|219/292\n|-boost|p1a: Brambleghast|spe|1\n|\n|upkeep\n|turn|5\n|\n|t:|1781436639\n|move|p1a: Brambleghast|Poltergeist|p2a: Goodra\n|-activate|p2a: Goodra|move: Poltergeist|Assault Vest\n|-damage|p2a: Goodra|0 fnt\n|faint|p2a: Goodra\n|\n|upkeep\n|\n|t:|1781436643\n|switch|p2a: Sudowoodo|Sudowoodo, L94, F|235/235\n|turn|6\n|\n|t:|1781436651\n|move|p1a: Brambleghast|Power Whip|p2a: Sudowoodo|[miss]\n|-miss|p1a: Brambleghast|p2a: Sudowoodo\n|move|p2a: Sudowoodo|Sludge Bomb|p1a: Brambleghast\n|-supereffective|p1a: Brambleghast\n|-damage|p1a: Brambleghast|10/240\n|\n|upkeep\n|turn|7\n|\n|t:|1781436658\n|move|p1a: Brambleghast|Power Whip|p2a: Sudowoodo\n|-damage|p2a: Sudowoodo|0 fnt\n|replace|p2a: Zoroark|Zoroark, L83, F\n|-end|p2a: Zoroark|Illusion\n|-hint|Illusion Level Mod is active, so this Pok\u00e9mon's true level was hidden.\n|faint|p2a: Zoroark\n|\n|upkeep\n|\n|t:|1781436663\n|switch|p2a: Sudowoodo|Sudowoodo, L94, F|284/284\n|turn|8\n|\n|t:|1781436667\n|move|p2a: Sudowoodo|Sucker Punch|p1a: Brambleghast\n|-resisted|p1a: Brambleghast\n|-damage|p1a: Brambleghast|0 fnt\n|faint|p1a: Brambleghast\n|\n|upkeep\n|\n|t:|1781436679\n|switch|p1a: Donphan|Donphan, L84, F|288/288\n|turn|9\n|\n|t:|1781436687\n|move|p1a: Donphan|Earthquake|p2a: Sudowoodo\n|-supereffective|p2a: Sudowoodo\n|-damage|p2a: Sudowoodo|14/284\n|move|p2a: Sudowoodo|Wood Hammer|p1a: Donphan\n|-supereffective|p1a: Donphan\n|-damage|p1a: Donphan|130/288\n|\n|-heal|p2a: Sudowoodo|31/284|[from] item: Leftovers\n|upkeep\n|turn|10\n|\n|t:|1781436697\n|move|p1a: Donphan|Earthquake|p2a: Sudowoodo\n|-supereffective|p2a: Sudowoodo\n|-damage|p2a: Sudowoodo|0 fnt\n|faint|p2a: Sudowoodo\n|\n|upkeep\n|\n|t:|1781436699\n|switch|p2a: Drednaw|Drednaw, L81, F|278/278\n|turn|11\n|\n|t:|1781436704\n|-terastallize|p2a: Drednaw|Dark\n|move|p2a: Drednaw|Shell Smash|p2a: Drednaw\n|-unboost|p2a: Drednaw|def|1\n|-unboost|p2a: Drednaw|spd|1\n|-boost|p2a: Drednaw|atk|2\n|-boost|p2a: Drednaw|spa|2\n|-boost|p2a: Drednaw|spe|2\n|-enditem|p2a: Drednaw|White Herb\n|-clearnegativeboost|p2a: Drednaw|[silent]\n|move|p1a: Donphan|Earthquake|p2a: Drednaw\n|-damage|p2a: Drednaw|85/278\n|\n|upkeep\n|turn|12\n|\n|t:|1781436716\n|move|p2a: Drednaw|Liquidation|p1a: Donphan\n|-supereffective|p1a: Donphan\n|-damage|p1a: Donphan|0 fnt\n|faint|p1a: Donphan\n|\n|upkeep\n|inactive|daan0112 has 120 seconds left.\n|\n|t:|1781436744\n|switch|p1a: Beartic|Beartic, L91, F|321/321\n|turn|13\n|\n|t:|1781436750\n|move|p1a: Beartic|Aqua Jet|p2a: Drednaw\n|-damage|p2a: Drednaw|22/278\n|move|p2a: Drednaw|Stone Edge|p1a: Beartic\n|-supereffective|p1a: Beartic\n|-damage|p1a: Beartic|0 fnt\n|faint|p1a: Beartic\n|\n|upkeep\n|inactive|daan0112 has 120 seconds left.\n|\n|t:|1781436765\n|switch|p1a: Ribombee|Ribombee, L83, M|235/235\n|turn|14\n|\n|t:|1781436772\n|move|p2a: Drednaw|Stone Edge|p1a: Ribombee\n|-supereffective|p1a: Ribombee\n|-damage|p1a: Ribombee|0 fnt\n|faint|p1a: Ribombee\n|\n|upkeep\n|\n|t:|1781436778\n|switch|p1a: Torkoal|Torkoal, L88, M|266/266\n|-weather|SunnyDay|[from] ability: Drought|[of] p1a: Torkoal\n|turn|15\n|\n|t:|1781436785\n|move|p2a: Drednaw|Stone Edge|p1a: Torkoal\n|-supereffective|p1a: Torkoal\n|-damage|p1a: Torkoal|0 fnt\n|faint|p1a: Torkoal\n|\n|-weather|SunnyDay|[upkeep]\n|upkeep\n|\n|t:|1781436791\n|switch|p1a: Jolteon|Jolteon, L84, M|246/246\n|turn|16\n|\n|t:|1781436804\n|move|p2a: Drednaw|Crunch|p1a: Jolteon\n|-damage|p1a: Jolteon|0 fnt\n|faint|p1a: Jolteon\n|\n|win|Marble Gamerz YT\n|raw|daan0112's rating: 1474 &rarr; <strong>1455</strong><br />(-19 for losing)\n|raw|Marble Gamerz YT's rating: 1490 &rarr; <strong>1509</strong><br />(+19 for winning)\n|c|\u2606daan0112|damn gg\n|c|\u2606Marble Gamerz YT|That damn brambleghast\n|c|\u2606Marble Gamerz YT|gg\n|l|\u2606daan0112\n|player|p1|\n", "uploadtime": 1781436840, "views": 4, "formatid": "gen9randombattle", "rating": 1455, "private": 0, "password": null}