{"id": "gen9randombattle-2631823013", "format": "[Gen 9] Random Battle", "players": ["MiracleEggy", "Chicken347"], "log": "|j|\u203dMiracleEggy\n|j|\u2606Chicken347\n|t:|1781444649\n|gametype|singles\n|player|p1|MiracleEggy|soliera|2040\n|player|p2|Chicken347|266|2023\n|gen|9\n|tier|[Gen 9] Random Battle\n|rated|\n|rule|Species Clause: Limit one of each Pok\u00e9mon\n|rule|HP Percentage Mod: HP is shown in percentages\n|rule|Sleep Clause Mod: Limit one foe put to sleep\n|rule|Illusion Level Mod: Illusion disguises the Pok\u00e9mon's true level\n|\n|t:|1781444649\n|teamsize|p1|6\n|teamsize|p2|6\n|start\n|switch|p1a: Ting-Lu|Ting-Lu, L78|370/370\n|switch|p2a: Gumshoos|Gumshoos, L95, M|321/321\n|-ability|p1a: Ting-Lu|Vessel of Ruin\n|turn|1\n|inactive|Battle timer is ON: inactive players will automatically lose when time's up. (requested by MiracleEggy)\n|\n|t:|1781444675\n|move|p2a: Gumshoos|U-turn|p1a: Ting-Lu\n|-supereffective|p1a: Ting-Lu\n|-damage|p1a: Ting-Lu|198/370\n|\n|t:|1781444685\n|switch|p2a: Milotic|Milotic, L83, M|293/293|[from] U-turn\n|move|p1a: Ting-Lu|Payback|p2a: Milotic\n|-damage|p2a: Milotic|241/293\n|\n|-heal|p2a: Milotic|259/293|[from] item: Leftovers\n|-heal|p1a: Ting-Lu|221/370|[from] item: Leftovers\n|upkeep\n|turn|2\n|\n|t:|1781444708\n|switch|p1a: Pecharunt|Pecharunt, L77|262/262\n|move|p2a: Milotic|Dragon Tail|p1a: Pecharunt\n|-damage|p1a: Pecharunt|239/262\n|drag|p1a: Dunsparce|Dunsparce, L86, M|312/312\n|\n|-heal|p2a: Milotic|277/293|[from] item: Leftovers\n|upkeep\n|turn|3\n|\n|t:|1781444728\n|switch|p1a: Pecharunt|Pecharunt, L77|239/262\n|move|p2a: Milotic|Scald|p1a: Pecharunt\n|-damage|p1a: Pecharunt|145/262\n|\n|-heal|p2a: Milotic|293/293|[from] item: Leftovers\n|-heal|p1a: Pecharunt|161/262|[from] item: Leftovers\n|upkeep\n|turn|4\n|\n|t:|1781444734\n|switch|p2a: Overqwil|Overqwil, L82, M|274/274\n|-ability|p2a: Overqwil|Intimidate|boost\n|-unboost|p1a: Pecharunt|atk|1\n|move|p1a: Pecharunt|Malignant Chain|p2a: Overqwil\n|-resisted|p2a: Overqwil\n|-damage|p2a: Overqwil|217/274\n|\n|-heal|p1a: Pecharunt|177/262|[from] item: Leftovers\n|upkeep\n|turn|5\n|\n|t:|1781444748\n|switch|p1a: Dunsparce|Dunsparce, L86, M|312/312\n|move|p2a: Overqwil|Scale Shot|p1a: Dunsparce\n|-damage|p1a: Dunsparce|297/312\n|-damage|p1a: Dunsparce|282/312\n|-damage|p1a: Dunsparce|268/312\n|-damage|p1a: Dunsparce|253/312\n|-hitcount|p1a: Dunsparce|4\n|-unboost|p2a: Overqwil|def|1\n|-boost|p2a: Overqwil|spe|1\n|\n|upkeep\n|turn|6\n|\n|t:|1781444763\n|switch|p2a: Annihilape|Annihilape, L76, F|292/292\n|move|p1a: Dunsparce|Body Slam|p2a: Annihilape\n|-immune|p2a: Annihilape\n|\n|upkeep\n|turn|7\n|\n|t:|1781444777\n|switch|p1a: Oricorio|Oricorio-Pa'u, L87, M|272/272\n|move|p2a: Annihilape|Bulk Up|p2a: Annihilape\n|-boost|p2a: Annihilape|atk|1\n|-boost|p2a: Annihilape|def|1\n|\n|upkeep\n|turn|8\n|\n|t:|1781444791\n|move|p1a: Oricorio|Revelation Dance|p2a: Annihilape\n|-supereffective|p2a: Annihilape\n|-damage|p2a: Annihilape|82/292\n|move|p2a: Annihilape|Taunt|p1a: Oricorio\n|-start|p1a: Oricorio|move: Taunt\n|\n|-heal|p2a: Annihilape|100/292|[from] item: Leftovers\n|upkeep\n|turn|9\n|\n|t:|1781444797\n|-terastallize|p2a: Annihilape|Steel\n|move|p1a: Oricorio|Hurricane|p2a: Annihilape\n|-resisted|p2a: Annihilape\n|-damage|p2a: Annihilape|34/292\n|move|p2a: Annihilape|Rage Fist|p1a: Oricorio\n|-supereffective|p1a: Oricorio\n|-damage|p1a: Oricorio|0 fnt\n|faint|p1a: Oricorio\n|\n|-heal|p2a: Annihilape|52/292|[from] item: Leftovers\n|upkeep\n|\n|t:|1781444809\n|switch|p1a: Rampardos|Rampardos, L90, M|321/321\n|turn|10\n|inactive|Chicken347 has 120 seconds left.\n|\n|t:|1781444841\n|switch|p2a: Overqwil|Overqwil, L82, M|217/274\n|-ability|p2a: Overqwil|Intimidate|boost\n|-unboost|p1a: Rampardos|atk|1\n|move|p1a: Rampardos|Earthquake|p2a: Overqwil\n|-supereffective|p2a: Overqwil\n|-damage|p2a: Overqwil|57/274\n|\n|upkeep\n|turn|11\n|\n|t:|1781444869\n|move|p1a: Rampardos|Earthquake|p2a: Overqwil\n|-supereffective|p2a: Overqwil\n|-damage|p2a: Overqwil|0 fnt\n|faint|p2a: Overqwil\n|\n|upkeep\n|\n|t:|1781444878\n|switch|p2a: Milotic|Milotic, L83, M|293/293\n|turn|12\n|inactive|MiracleEggy has 120 seconds left.\n|\n|t:|1781444904\n|switch|p1a: Pecharunt|Pecharunt, L77|177/262\n|move|p2a: Milotic|Scald|p1a: Pecharunt\n|-damage|p1a: Pecharunt|80/262\n|\n|-heal|p1a: Pecharunt|96/262|[from] item: Leftovers\n|upkeep\n|turn|13\n|inactive|MiracleEggy has 120 seconds left.\n|\n|t:|1781444915\n|move|p2a: Milotic|Scald|p1a: Pecharunt\n|-damage|p1a: Pecharunt|6/262\n|move|p1a: Pecharunt|Malignant Chain|p2a: Milotic\n|-damage|p2a: Milotic|224/293\n|-status|p2a: Milotic|tox\n|-start|p2a: Milotic|confusion|[from] ability: Poison Puppeteer|[of] p1a: Pecharunt\n|\n|-heal|p2a: Milotic|242/293 tox|[from] item: Leftovers\n|-heal|p1a: Pecharunt|22/262|[from] item: Leftovers\n|-damage|p2a: Milotic|224/293 tox|[from] psn\n|upkeep\n|turn|14\n|\n|t:|1781444925\n|switch|p1a: Dunsparce|Dunsparce, L86, M|253/312\n|-activate|p2a: Milotic|confusion\n|move|p2a: Milotic|Scald|p1a: Dunsparce\n|-damage|p1a: Dunsparce|181/312\n|-status|p1a: Dunsparce|brn\n|\n|-heal|p2a: Milotic|242/293 tox|[from] item: Leftovers\n|-damage|p2a: Milotic|206/293 tox|[from] psn\n|-damage|p1a: Dunsparce|162/312 brn|[from] brn\n|upkeep\n|turn|15\n|\n|t:|1781444945\n|switch|p2a: Annihilape|Annihilape, L76, F, tera:Steel|52/292\n|move|p1a: Dunsparce|Earthquake|p2a: Annihilape\n|-supereffective|p2a: Annihilape\n|-damage|p2a: Annihilape|0 fnt\n|faint|p2a: Annihilape\n|\n|-damage|p1a: Dunsparce|143/312 brn|[from] brn\n|upkeep\n|inactive|Chicken347 has 120 seconds left.\n|\n|t:|1781444981\n|switch|p2a: Gumshoos|Gumshoos, L95, M|321/321\n|turn|16\n|\n|t:|1781444995\n|move|p2a: Gumshoos|Double-Edge|p1a: Dunsparce\n|-damage|p1a: Dunsparce|0 fnt\n|faint|p1a: Dunsparce\n|-damage|p2a: Gumshoos|274/321|[from] Recoil\n|\n|upkeep\n|inactive|MiracleEggy has 120 seconds left.\n|\n|t:|1781445017\n|switch|p1a: Pecharunt|Pecharunt, L77|22/262\n|turn|17\n|inactive|Chicken347 has 120 seconds left.\n|\n|t:|1781445035\n|switch|p2a: Milotic|Milotic, L83, M|206/293 tox\n|move|p1a: Pecharunt|Recover|p1a: Pecharunt\n|-heal|p1a: Pecharunt|153/262\n|\n|-heal|p2a: Milotic|224/293 tox|[from] item: Leftovers\n|-heal|p1a: Pecharunt|169/262|[from] item: Leftovers\n|-damage|p2a: Milotic|206/293 tox|[from] psn\n|upkeep\n|turn|18\n|inactive|MiracleEggy has 120 seconds left.\n|\n|t:|1781445059\n|move|p2a: Milotic|Scald|p1a: Pecharunt\n|-damage|p1a: Pecharunt|81/262\n|-status|p1a: Pecharunt|brn\n|move|p1a: Pecharunt|Recover|p1a: Pecharunt\n|-heal|p1a: Pecharunt|212/262 brn\n|\n|-heal|p2a: Milotic|224/293 tox|[from] item: Leftovers\n|-heal|p1a: Pecharunt|228/262 brn|[from] item: Leftovers\n|-damage|p2a: Milotic|188/293 tox|[from] psn\n|-damage|p1a: Pecharunt|212/262 brn|[from] brn\n|upkeep\n|turn|19\n|\n|t:|1781445064\n|switch|p2a: Maushold|Maushold-Four, L76|238/238\n|move|p1a: Pecharunt|Nasty Plot|p1a: Pecharunt\n|-boost|p1a: Pecharunt|spa|2\n|\n|-heal|p1a: Pecharunt|228/262 brn|[from] item: Leftovers\n|-damage|p1a: Pecharunt|212/262 brn|[from] brn\n|upkeep\n|turn|20\n|\n|t:|1781445074\n|switch|p1a: Rampardos|Rampardos, L90, M|321/321\n|move|p2a: Maushold|Encore||[still]\n|-fail|p2a: Maushold\n|\n|upkeep\n|turn|21\n|inactive|Chicken347 has 120 seconds left.\n|\n|t:|1781445092\n|switch|p2a: Ampharos|Ampharos, L88, M|302/302\n|move|p1a: Rampardos|Rock Slide|p2a: Ampharos\n|-damage|p2a: Ampharos|133/302\n|\n|upkeep\n|turn|22\n|inactive|Chicken347 has 120 seconds left.\n|inactive|MiracleEggy has 120 seconds left.\n|\n|t:|1781445118\n|move|p1a: Rampardos|Rock Slide|p2a: Ampharos\n|-damage|p2a: Ampharos|0 fnt\n|faint|p2a: Ampharos\n|\n|upkeep\n|inactive|Chicken347 has 120 seconds left.\n|\n|t:|1781445123\n|switch|p2a: Gumshoos|Gumshoos, L95, M|274/321\n|turn|23\n|\n|t:|1781445127\n|switch|p1a: Ting-Lu|Ting-Lu, L78|221/370\n|-ability|p1a: Ting-Lu|Vessel of Ruin\n|move|p2a: Gumshoos|Earthquake|p1a: Ting-Lu\n|-damage|p1a: Ting-Lu|0 fnt\n|faint|p1a: Ting-Lu\n|\n|upkeep\n|\n|t:|1781445133\n|switch|p1a: Zacian|Zacian, L69|241/241\n|-ability|p1a: Zacian|Intrepid Sword|boost\n|-boost|p1a: Zacian|atk|1\n|turn|24\n|\n|t:|1781445148\n|-terastallize|p1a: Zacian|Fighting\n|move|p1a: Zacian|Close Combat|p2a: Gumshoos\n|-supereffective|p2a: Gumshoos\n|-damage|p2a: Gumshoos|0 fnt\n|-unboost|p1a: Zacian|def|1\n|-unboost|p1a: Zacian|spd|1\n|faint|p2a: Gumshoos\n|\n|upkeep\n|\n|t:|1781445157\n|switch|p2a: Milotic|Milotic, L83, M|188/293 tox\n|turn|25\n|\n|t:|1781445159\n|move|p1a: Zacian|Close Combat|p2a: Milotic\n|-damage|p2a: Milotic|0 fnt\n|-unboost|p1a: Zacian|def|1\n|-unboost|p1a: Zacian|spd|1\n|faint|p2a: Milotic\n|\n|upkeep\n|\n|t:|1781445162\n|switch|p2a: Maushold|Maushold-Four, L76|238/238\n|turn|26\n|\n|t:|1781445165\n|move|p1a: Zacian|Close Combat|p2a: Maushold\n|-supereffective|p2a: Maushold\n|-damage|p2a: Maushold|0 fnt\n|-unboost|p1a: Zacian|def|1\n|-unboost|p1a: Zacian|spd|1\n|faint|p2a: Maushold\n|\n|win|MiracleEggy\n", "uploadtime": 1781444652, "views": 5, "formatid": "gen9randombattle", "rating": null, "private": 0, "password": null}