{"id": "gen9randombattle-2631497670", "format": "[Gen 9] Random Battle", "players": ["TheSkiDY", "100taka"], "log": "|j|\u2606TheSkiDY\n|j|\u2606100taka\n|t:|1781392616\n|gametype|singles\n|player|p1|TheSkiDY|backersf|1957\n|player|p2|100taka|265|1920\n|gen|9\n|tier|[Gen 9] Random Battle\n|rated|\n|rule|Species Clause: Limit one of each Pok\u00e9mon\n|rule|HP Percentage Mod: HP is shown in percentages\n|rule|Sleep Clause Mod: Limit one foe put to sleep\n|rule|Illusion Level Mod: Illusion disguises the Pok\u00e9mon's true level\n|\n|t:|1781392616\n|teamsize|p1|6\n|teamsize|p2|6\n|start\n|switch|p1a: Dondozo|Dondozo, L78, M|362/362\n|switch|p2a: Toucannon|Toucannon, L88, M|284/284\n|turn|1\n|\n|t:|1781392649\n|switch|p1a: Jolteon|Jolteon, L84, M|246/246\n|move|p2a: Toucannon|Boomburst|p1a: Jolteon\n|-damage|p1a: Jolteon|128/246\n|\n|-heal|p1a: Jolteon|143/246|[from] item: Leftovers\n|upkeep\n|turn|2\n|\n|t:|1781392653\n|switch|p2a: Flygon|Flygon, L82, M|265/265\n|move|p1a: Jolteon|Thunderbolt|p2a: Flygon\n|-immune|p2a: Flygon\n|\n|-heal|p1a: Jolteon|158/246|[from] item: Leftovers\n|upkeep\n|turn|3\n|\n|t:|1781392672\n|switch|p1a: Poliwrath|Poliwrath, L88, M|302/302\n|move|p2a: Flygon|U-turn|p1a: Poliwrath\n|-resisted|p1a: Poliwrath\n|-damage|p1a: Poliwrath|278/302\n|\n|t:|1781392675\n|switch|p2a: Toucannon|Toucannon, L88, M|284/284|[from] U-turn\n|\n|upkeep\n|turn|4\n|\n|t:|1781392685\n|switch|p1a: Munkidori|Munkidori, L79, M|269/269\n|-singleturn|p2a: Toucannon|move: Beak Blast\n|move|p2a: Toucannon|Beak Blast|p1a: Munkidori\n|-damage|p1a: Munkidori|85/269\n|\n|upkeep\n|turn|5\n|\n|t:|1781392696\n|switch|p2a: Meowstic|Meowstic, L89, M|277/277\n|move|p1a: Munkidori|Fake Out|p2a: Meowstic\n|-damage|p2a: Meowstic|255/277\n|\n|upkeep\n|turn|6\n|\n|t:|1781392722\n|move|p2a: Meowstic|Light Screen|p2a: Meowstic\n|-sidestart|p2: 100taka|move: Light Screen\n|move|p1a: Munkidori|U-turn|p2a: Meowstic\n|-supereffective|p2a: Meowstic\n|-damage|p2a: Meowstic|179/277\n|\n|t:|1781392731\n|switch|p1a: Hoopa|Hoopa-Unbound, L80|259/259|[from] U-turn\n|\n|upkeep\n|turn|7\n|\n|t:|1781392739\n|switch|p2a: Lucario|Lucario, L84, F|255/255\n|move|p1a: Hoopa|Trick|p2a: Lucario\n|-activate|p1a: Hoopa|move: Trick|[of] p2a: Lucario\n|-item|p2a: Lucario|Choice Band|[from] move: Trick\n|-item|p1a: Hoopa|Life Orb|[from] move: Trick\n|\n|upkeep\n|turn|8\n|\n|t:|1781392754\n|move|p2a: Lucario|Flash Cannon|p1a: Hoopa\n|-damage|p1a: Hoopa|186/259\n|move|p1a: Hoopa|Drain Punch|p2a: Lucario\n|-supereffective|p2a: Lucario\n|-damage|p2a: Lucario|21/255\n|-heal|p1a: Hoopa|259/259|[from] drain|[of] p2a: Lucario\n|-damage|p1a: Hoopa|234/259|[from] item: Life Orb\n|\n|upkeep\n|turn|9\n|\n|t:|1781392763\n|move|p2a: Lucario|Flash Cannon|p1a: Hoopa\n|-damage|p1a: Hoopa|152/259\n|move|p1a: Hoopa|Drain Punch|p2a: Lucario\n|-supereffective|p2a: Lucario\n|-damage|p2a: Lucario|0 fnt\n|-heal|p1a: Hoopa|163/259|[from] drain|[of] p2a: Lucario\n|faint|p2a: Lucario\n|-damage|p1a: Hoopa|138/259|[from] item: Life Orb\n|\n|upkeep\n|\n|t:|1781392767\n|switch|p2a: Flygon|Flygon, L82, M|265/265\n|turn|10\n|\n|t:|1781392779\n|switch|p1a: Poliwrath|Poliwrath, L88, M|278/302\n|move|p2a: Flygon|U-turn|p1a: Poliwrath\n|-resisted|p1a: Poliwrath\n|-damage|p1a: Poliwrath|256/302\n|\n|t:|1781392782\n|switch|p2a: Toucannon|Toucannon, L88, M|284/284|[from] U-turn\n|\n|upkeep\n|turn|11\n|\n|t:|1781392790\n|switch|p1a: Jolteon|Jolteon, L84, M|158/246\n|-singleturn|p2a: Toucannon|move: Beak Blast\n|move|p2a: Toucannon|Beak Blast|p1a: Jolteon\n|-resisted|p1a: Jolteon\n|-crit|p1a: Jolteon\n|-damage|p1a: Jolteon|29/246\n|\n|-heal|p1a: Jolteon|44/246|[from] item: Leftovers\n|upkeep\n|turn|12\n|\n|t:|1781392798\n|move|p1a: Jolteon|Thunderbolt|p2a: Toucannon\n|-supereffective|p2a: Toucannon\n|-damage|p2a: Toucannon|166/284\n|move|p2a: Toucannon|U-turn|p1a: Jolteon\n|-damage|p1a: Jolteon|0 fnt\n|faint|p1a: Jolteon\n|\n|t:|1781392803\n|switch|p2a: Meowstic|Meowstic, L89, M|179/277|[from] U-turn\n|\n|upkeep\n|\n|t:|1781392812\n|switch|p1a: Hoopa|Hoopa-Unbound, L80|138/259\n|turn|13\n|\n|t:|1781392816\n|move|p2a: Meowstic|Reflect|p2a: Meowstic\n|-sidestart|p2: 100taka|Reflect\n|move|p1a: Hoopa|Hyperspace Fury|p2a: Meowstic\n|-supereffective|p2a: Meowstic\n|-damage|p2a: Meowstic|0 fnt\n|-unboost|p1a: Hoopa|def|1\n|faint|p2a: Meowstic\n|-damage|p1a: Hoopa|113/259|[from] item: Life Orb\n|\n|-sideend|p2: 100taka|move: Light Screen\n|upkeep\n|\n|t:|1781392819\n|switch|p2a: Flygon|Flygon, L82, M|265/265\n|turn|14\n|\n|t:|1781392830\n|switch|p1a: Dondozo|Dondozo, L78, M|362/362\n|move|p2a: Flygon|U-turn|p1a: Dondozo\n|-damage|p1a: Dondozo|318/362\n|\n|t:|1781392832\n|switch|p2a: Toucannon|Toucannon, L88, M|166/284|[from] U-turn\n|\n|-heal|p1a: Dondozo|340/362|[from] item: Leftovers\n|upkeep\n|turn|15\n|\n|t:|1781392847\n|move|p2a: Toucannon|Boomburst|p1a: Dondozo\n|-damage|p1a: Dondozo|166/362\n|move|p1a: Dondozo|Curse|p1a: Dondozo\n|-unboost|p1a: Dondozo|spe|1\n|-boost|p1a: Dondozo|atk|1\n|-boost|p1a: Dondozo|def|1\n|\n|-heal|p1a: Dondozo|188/362|[from] item: Leftovers\n|upkeep\n|turn|16\n|\n|t:|1781392856\n|move|p2a: Toucannon|U-turn|p1a: Dondozo\n|-damage|p1a: Dondozo|150/362\n|\n|t:|1781392857\n|switch|p2a: Glalie|Glalie, L96, F|309/309|[from] U-turn\n|move|p1a: Dondozo|Rest|p1a: Dondozo\n|-status|p1a: Dondozo|slp|[from] move: Rest\n|-heal|p1a: Dondozo|362/362 slp|[silent]\n|\n|upkeep\n|turn|17\n|\n|t:|1781392873\n|-terastallize|p1a: Dondozo|Fairy\n|move|p2a: Glalie|Spikes|p1a: Dondozo\n|-sidestart|p1: TheSkiDY|Spikes\n|cant|p1a: Dondozo|slp\n|move|p1a: Dondozo|Sleep Talk|p1a: Dondozo\n|move|p1a: Dondozo|Wave Crash|p2a: Glalie|[from] move: Sleep Talk\n|-damage|p2a: Glalie|222/309\n|-damage|p1a: Dondozo|333/362 slp|[from] Recoil\n|\n|-heal|p1a: Dondozo|355/362 slp|[from] item: Leftovers\n|upkeep\n|turn|18\n|\n|t:|1781392881\n|move|p2a: Glalie|Taunt|p1a: Dondozo\n|-start|p1a: Dondozo|move: Taunt\n|cant|p1a: Dondozo|slp\n|cant|p1a: Dondozo|move: Taunt|Sleep Talk\n|\n|-heal|p1a: Dondozo|362/362 slp|[from] item: Leftovers\n|upkeep\n|turn|19\n|\n|t:|1781392891\n|switch|p2a: Toucannon|Toucannon, L88, M|166/284\n|-curestatus|p1a: Dondozo|slp|[msg]\n|move|p1a: Dondozo|Wave Crash|p2a: Toucannon\n|-damage|p2a: Toucannon|75/284\n|-damage|p1a: Dondozo|332/362|[from] Recoil\n|\n|-heal|p1a: Dondozo|354/362|[from] item: Leftovers\n|upkeep\n|turn|20\n|\n|t:|1781392902\n|switch|p1a: Munkidori|Munkidori, L79, M|85/269\n|-damage|p1a: Munkidori|52/269|[from] Spikes\n|-singleturn|p2a: Toucannon|move: Beak Blast\n|move|p2a: Toucannon|Beak Blast|p1a: Munkidori\n|-damage|p1a: Munkidori|0 fnt\n|faint|p1a: Munkidori\n|\n|-sideend|p2: 100taka|Reflect\n|upkeep\n|\n|t:|1781392920\n|switch|p1a: Poliwrath|Poliwrath, L88, M|256/302\n|-damage|p1a: Poliwrath|219/302|[from] Spikes\n|turn|21\n|\n|t:|1781392923\n|-singleturn|p2a: Toucannon|move: Beak Blast\n|move|p1a: Poliwrath|Liquidation|p2a: Toucannon\n|-damage|p2a: Toucannon|0 fnt\n|-status|p1a: Poliwrath|brn\n|faint|p2a: Toucannon\n|-damage|p1a: Poliwrath|189/302 brn|[from] item: Life Orb\n|\n|-damage|p1a: Poliwrath|171/302 brn|[from] brn\n|upkeep\n|\n|t:|1781392928\n|switch|p2a: Arceus|Arceus-Psychic, L69|280/280\n|turn|22\n|\n|t:|1781392935\n|move|p2a: Arceus|Cosmic Power|p2a: Arceus\n|-boost|p2a: Arceus|def|1\n|-boost|p2a: Arceus|spd|1\n|move|p1a: Poliwrath|Knock Off|p2a: Arceus\n|-supereffective|p2a: Arceus\n|-damage|p2a: Arceus|236/280\n|-damage|p1a: Poliwrath|141/302 brn|[from] item: Life Orb\n|\n|-damage|p1a: Poliwrath|123/302 brn|[from] brn\n|upkeep\n|turn|23\n|\n|t:|1781392939\n|switch|p1a: Revavroom|Revavroom, L79, F|256/256\n|-damage|p1a: Revavroom|224/256|[from] Spikes\n|move|p2a: Arceus|Cosmic Power|p2a: Arceus\n|-boost|p2a: Arceus|def|1\n|-boost|p2a: Arceus|spd|1\n|\n|upkeep\n|turn|24\n|\n|t:|1781392948\n|move|p2a: Arceus|Cosmic Power|p2a: Arceus\n|-boost|p2a: Arceus|def|1\n|-boost|p2a: Arceus|spd|1\n|move|p1a: Revavroom|Gunk Shot|p2a: Arceus\n|-damage|p2a: Arceus|168/280\n|-damage|p1a: Revavroom|199/256|[from] item: Life Orb\n|\n|upkeep\n|turn|25\n|\n|t:|1781392952\n|move|p2a: Arceus|Recover|p2a: Arceus\n|-heal|p2a: Arceus|280/280\n|move|p1a: Revavroom|Gunk Shot|p2a: Arceus\n|-damage|p2a: Arceus|216/280\n|-damage|p1a: Revavroom|174/256|[from] item: Life Orb\n|\n|upkeep\n|turn|26\n|\n|t:|1781392955\n|move|p2a: Arceus|Stored Power|p1a: Revavroom\n|-damage|p1a: Revavroom|0 fnt\n|faint|p1a: Revavroom\n|\n|upkeep\n|\n|t:|1781392958\n|switch|p1a: Hoopa|Hoopa-Unbound, L80|113/259\n|-damage|p1a: Hoopa|81/259|[from] Spikes\n|turn|27\n|\n|t:|1781392961\n|move|p2a: Arceus|Body Press|p1a: Hoopa\n|-damage|p1a: Hoopa|0 fnt\n|faint|p1a: Hoopa\n|\n|upkeep\n|-message|TheSkiDY forfeited.\n|\n|win|100taka\n", "uploadtime": 1781392617, "views": 3, "formatid": "gen9randombattle", "rating": null, "private": 0, "password": null}