{"id": "gen9randombattle-2631560432", "format": "[Gen 9] Random Battle", "players": ["Arienne<3", "speedeclipse"], "log": "|j|\u2606Arienne<3\n|j|\u2606speedeclipse\n|t:|1781401422\n|gametype|singles\n|player|p1|Arienne<3|caitlin|\n|player|p2|speedeclipse|169|\n|gen|9\n|tier|[Gen 9] Random Battle\n|rule|Species Clause: Limit one of each Pok\u00e9mon\n|rule|HP Percentage Mod: HP is shown in percentages\n|rule|Sleep Clause Mod: Limit one foe put to sleep\n|rule|Illusion Level Mod: Illusion disguises the Pok\u00e9mon's true level\n|\n|t:|1781401422\n|teamsize|p1|6\n|teamsize|p2|6\n|start\n|switch|p1a: Coalossal|Coalossal, L89, M|341/341\n|switch|p2a: Grafaiai|Grafaiai, L86, F|249/249\n|turn|1\n|\n|t:|1781401458\n|move|p2a: Grafaiai|U-turn|p1a: Coalossal\n|-resisted|p1a: Coalossal\n|-damage|p1a: Coalossal|322/341\n|inactive|Battle timer is ON: inactive players will automatically lose when time's up. (requested by Arienne<3)\n|\n|t:|1781401465\n|switch|p2a: Magmortar|Magmortar, L88, M|275/275|[from] U-turn\n|move|p1a: Coalossal|Spikes|p2a: Magmortar\n|-sidestart|p2: speedeclipse|Spikes\n|\n|upkeep\n|turn|2\n|\n|t:|1781401473\n|move|p2a: Magmortar|Scorching Sands|p1a: Coalossal\n|-supereffective|p1a: Coalossal\n|-damage|p1a: Coalossal|70/341\n|move|p1a: Coalossal|Spikes|p2a: Magmortar\n|-sidestart|p2: speedeclipse|Spikes\n|\n|upkeep\n|turn|3\n|\n|t:|1781401489\n|switch|p1a: Politoed|Politoed, L88, M|302/302\n|-weather|RainDance|[from] ability: Drizzle|[of] p1a: Politoed\n|move|p2a: Magmortar|Scorching Sands|p1a: Politoed\n|-damage|p1a: Politoed|245/302\n|\n|-weather|RainDance|[upkeep]\n|-heal|p1a: Politoed|263/302|[from] item: Leftovers\n|upkeep\n|turn|4\n|\n|t:|1781401500\n|-terastallize|p2a: Magmortar|Electric\n|move|p2a: Magmortar|Thunderbolt|p1a: Politoed\n|-supereffective|p1a: Politoed\n|-damage|p1a: Politoed|27/302\n|move|p1a: Politoed|Hydro Pump|p2a: Magmortar\n|-crit|p2a: Magmortar\n|-damage|p2a: Magmortar|25/275\n|\n|-weather|RainDance|[upkeep]\n|-heal|p1a: Politoed|45/302|[from] item: Leftovers\n|upkeep\n|turn|5\n|\n|t:|1781401509\n|switch|p1a: Ursaluna|Ursaluna, L79, M|335/335\n|move|p2a: Magmortar|Thunderbolt|p1a: Ursaluna\n|-immune|p1a: Ursaluna\n|\n|-weather|RainDance|[upkeep]\n|-status|p1a: Ursaluna|brn|[from] item: Flame Orb\n|upkeep\n|turn|6\n|\n|t:|1781401532\n|move|p2a: Magmortar|Fire Blast|p1a: Ursaluna\n|-damage|p1a: Ursaluna|248/335 brn\n|move|p1a: Ursaluna|Swords Dance|p1a: Ursaluna\n|-boost|p1a: Ursaluna|atk|2\n|\n|-weather|RainDance|[upkeep]\n|-damage|p1a: Ursaluna|228/335 brn|[from] brn\n|upkeep\n|turn|7\n|\n|t:|1781401543\n|-terastallize|p1a: Ursaluna|Normal\n|move|p2a: Magmortar|Knock Off|p1a: Ursaluna\n|-damage|p1a: Ursaluna|162/335 brn\n|-enditem|p1a: Ursaluna|Flame Orb|[from] move: Knock Off|[of] p2a: Magmortar\n|move|p1a: Ursaluna|Facade|p2a: Magmortar\n|-damage|p2a: Magmortar|0 fnt\n|faint|p2a: Magmortar\n|\n|-weather|none\n|-damage|p1a: Ursaluna|142/335 brn|[from] brn\n|upkeep\n|inactive|speedeclipse has 270 seconds left.\n|\n|t:|1781401580\n|switch|p2a: Grafaiai|Grafaiai, L86, F|249/249\n|-damage|p2a: Grafaiai|208/249|[from] Spikes\n|turn|8\n|\n|t:|1781401588\n|move|p2a: Grafaiai|Gunk Shot|p1a: Ursaluna\n|-damage|p1a: Ursaluna|21/335 brn\n|move|p1a: Ursaluna|Facade|p2a: Grafaiai\n|-damage|p2a: Grafaiai|0 fnt\n|faint|p2a: Grafaiai\n|\n|-damage|p1a: Ursaluna|1/335 brn|[from] brn\n|upkeep\n|\n|t:|1781401598\n|switch|p2a: Wigglytuff|Wigglytuff, L96, M|424/424\n|-damage|p2a: Wigglytuff|354/424|[from] Spikes\n|turn|9\n|\n|t:|1781401607\n|switch|p1a: Sneasler|Sneasler, L74, M|240/240\n|move|p2a: Wigglytuff|Protect||[still]\n|-fail|p2a: Wigglytuff\n|\n|-heal|p2a: Wigglytuff|380/424|[from] item: Leftovers\n|upkeep\n|turn|10\n|inactive|speedeclipse has 270 seconds left.\n|\n|t:|1781401641\n|move|p1a: Sneasler|Swords Dance|p1a: Sneasler\n|-boost|p1a: Sneasler|atk|2\n|move|p2a: Wigglytuff|Fire Blast|p1a: Sneasler|[miss]\n|-miss|p2a: Wigglytuff|p1a: Sneasler\n|\n|-heal|p2a: Wigglytuff|406/424|[from] item: Leftovers\n|upkeep\n|turn|11\n|\n|t:|1781401650\n|move|p1a: Sneasler|Swords Dance|p1a: Sneasler\n|-boost|p1a: Sneasler|atk|2\n|move|p2a: Wigglytuff|Fire Blast|p1a: Sneasler|[miss]\n|-miss|p2a: Wigglytuff|p1a: Sneasler\n|\n|-heal|p2a: Wigglytuff|424/424|[from] item: Leftovers\n|upkeep\n|turn|12\n|\n|t:|1781401663\n|move|p2a: Wigglytuff|Protect|p2a: Wigglytuff\n|-singleturn|p2a: Wigglytuff|Protect\n|move|p1a: Sneasler|Gunk Shot|p2a: Wigglytuff\n|-activate|p2a: Wigglytuff|move: Protect\n|\n|upkeep\n|turn|13\n|\n|t:|1781401677\n|move|p1a: Sneasler|Gunk Shot|p2a: Wigglytuff\n|-supereffective|p2a: Wigglytuff\n|-damage|p2a: Wigglytuff|0 fnt\n|faint|p2a: Wigglytuff\n|\n|upkeep\n|\n|t:|1781401683\n|switch|p2a: Victreebel|Victreebel, L90, F|290/290\n|-damage|p2a: Victreebel|242/290|[from] Spikes\n|turn|14\n|\n|t:|1781401694\n|move|p2a: Victreebel|Sucker Punch|p1a: Sneasler\n|-resisted|p1a: Sneasler\n|-damage|p1a: Sneasler|184/240\n|-damage|p2a: Victreebel|213/290|[from] item: Life Orb\n|move|p1a: Sneasler|Acrobatics|p2a: Victreebel\n|-supereffective|p2a: Victreebel\n|-damage|p2a: Victreebel|0 fnt\n|faint|p2a: Victreebel\n|\n|upkeep\n|\n|t:|1781401703\n|switch|p2a: Jolteon|Jolteon, L84, M|246/246\n|-damage|p2a: Jolteon|205/246|[from] Spikes\n|turn|15\n|\n|t:|1781401708\n|move|p2a: Jolteon|Thunderbolt|p1a: Sneasler\n|-crit|p1a: Sneasler\n|-damage|p1a: Sneasler|7/240\n|move|p1a: Sneasler|Close Combat|p2a: Jolteon\n|-damage|p2a: Jolteon|0 fnt\n|-unboost|p1a: Sneasler|def|1\n|-unboost|p1a: Sneasler|spd|1\n|faint|p2a: Jolteon\n|-enditem|p1a: Sneasler|White Herb\n|-clearnegativeboost|p1a: Sneasler|[silent]\n|\n|upkeep\n|\n|t:|1781401720\n|switch|p2a: Clefable|Clefable, L83, M|293/293\n|-damage|p2a: Clefable|245/293|[from] Spikes\n|turn|16\n|\n|t:|1781401729\n|move|p1a: Sneasler|Gunk Shot|p2a: Clefable\n|-supereffective|p2a: Clefable\n|-damage|p2a: Clefable|0 fnt\n|faint|p2a: Clefable\n|\n|win|Arienne<3\n", "uploadtime": 1781401734, "views": 4, "formatid": "gen9randombattle", "rating": null, "private": 0, "password": null}