{"id": "gen9randombattle-2631657568", "format": "[Gen 9] Random Battle", "players": ["Distanthero", "Trikeanu"], "log": "|j|\u2606Distanthero\n|j|\u2606Trikeanu\n|t:|1781416235\n|gametype|singles\n|player|p1|Distanthero|265|1921\n|player|p2|Trikeanu|2|2047\n|gen|9\n|tier|[Gen 9] Random Battle\n|rated|\n|rule|Species Clause: Limit one of each Pok\u00e9mon\n|rule|HP Percentage Mod: HP is shown in percentages\n|rule|Sleep Clause Mod: Limit one foe put to sleep\n|rule|Illusion Level Mod: Illusion disguises the Pok\u00e9mon's true level\n|\n|t:|1781416235\n|teamsize|p1|6\n|teamsize|p2|6\n|start\n|switch|p1a: Raging Bolt|Raging Bolt, L78|323/323\n|switch|p2a: Flamigo|Flamigo, L82, F|269/269\n|turn|1\n|inactive|Battle timer is ON: inactive players will automatically lose when time's up. (requested by Trikeanu)\n|\n|t:|1781416245\n|move|p2a: Flamigo|U-turn|p1a: Raging Bolt\n|-damage|p1a: Raging Bolt|241/323\n|\n|t:|1781416254\n|switch|p2a: Rillaboom|Rillaboom, L79, F|288/288|[from] U-turn\n|-fieldstart|move: Grassy Terrain|[from] ability: Grassy Surge|[of] p2a: Rillaboom\n|move|p1a: Raging Bolt|Volt Switch|p2a: Rillaboom\n|-resisted|p2a: Rillaboom\n|-damage|p2a: Rillaboom|232/288\n|\n|t:|1781416265\n|-end|p1a: Raging Bolt|Protosynthesis|[silent]\n|switch|p1a: Glimmora|Glimmora, L75, F|248/248|[from] Volt Switch\n|\n|-heal|p2a: Rillaboom|250/288|[from] Grassy Terrain\n|upkeep\n|turn|2\n|\n|t:|1781416273\n|switch|p1a: Arboliva|Arboliva, L91, M|290/290\n|move|p2a: Rillaboom|High Horsepower|p1a: Arboliva\n|-resisted|p1a: Arboliva\n|-damage|p1a: Arboliva|240/290\n|\n|-heal|p2a: Rillaboom|268/288|[from] Grassy Terrain\n|-heal|p1a: Arboliva|258/290|[from] Grassy Terrain\n|-heal|p1a: Arboliva|276/290|[from] item: Leftovers\n|upkeep\n|turn|3\n|\n|t:|1781416280\n|switch|p2a: Flamigo|Flamigo, L82, F|269/269\n|move|p1a: Arboliva|Strength Sap|p2a: Flamigo\n|-unboost|p2a: Flamigo|atk|1\n|-heal|p1a: Arboliva|290/290\n|\n|upkeep\n|turn|4\n|\n|t:|1781416290\n|switch|p1a: Glimmora|Glimmora, L75, F|248/248\n|move|p2a: Flamigo|U-turn|p1a: Glimmora\n|-resisted|p1a: Glimmora\n|-damage|p1a: Glimmora|216/248\n|-activate|p1a: Glimmora|ability: Toxic Debris\n|-sidestart|p2: Trikeanu|move: Toxic Spikes\n|\n|t:|1781416309\n|switch|p2a: Kyogre|Kyogre, L71|259/259|[from] U-turn\n|-status|p2a: Kyogre|psn\n|-weather|RainDance|[from] ability: Drizzle|[of] p2a: Kyogre\n|\n|-weather|RainDance|[upkeep]\n|-heal|p1a: Glimmora|231/248|[from] Grassy Terrain\n|-damage|p2a: Kyogre|227/259 psn|[from] psn\n|upkeep\n|turn|5\n|\n|t:|1781416316\n|switch|p1a: Arboliva|Arboliva, L91, M|290/290\n|move|p2a: Kyogre|Calm Mind|p2a: Kyogre\n|-boost|p2a: Kyogre|spa|1\n|-boost|p2a: Kyogre|spd|1\n|\n|-weather|RainDance|[upkeep]\n|-heal|p2a: Kyogre|243/259 psn|[from] Grassy Terrain\n|-heal|p2a: Kyogre|259/259 psn|[from] item: Leftovers\n|-damage|p2a: Kyogre|227/259 psn|[from] psn\n|-fieldend|move: Grassy Terrain\n|upkeep\n|turn|6\n|\n|t:|1781416328\n|move|p2a: Kyogre|Ice Beam|p1a: Arboliva\n|-supereffective|p1a: Arboliva\n|-damage|p1a: Arboliva|134/290\n|-fieldstart|move: Grassy Terrain|[from] ability: Seed Sower|[of] p1a: Arboliva\n|move|p1a: Arboliva|Energy Ball|p2a: Kyogre\n|-supereffective|p2a: Kyogre\n|-damage|p2a: Kyogre|23/259 psn\n|\n|-weather|RainDance|[upkeep]\n|-heal|p2a: Kyogre|39/259 psn|[from] Grassy Terrain\n|-heal|p2a: Kyogre|55/259 psn|[from] item: Leftovers\n|-heal|p1a: Arboliva|152/290|[from] Grassy Terrain\n|-heal|p1a: Arboliva|170/290|[from] item: Leftovers\n|-damage|p2a: Kyogre|23/259 psn|[from] psn\n|upkeep\n|turn|7\n|\n|t:|1781416344\n|switch|p1a: Ursaring|Ursaring, L84, M|288/288\n|move|p2a: Kyogre|Calm Mind|p2a: Kyogre\n|-boost|p2a: Kyogre|spa|1\n|-boost|p2a: Kyogre|spd|1\n|\n|-weather|RainDance|[upkeep]\n|-heal|p2a: Kyogre|39/259 psn|[from] Grassy Terrain\n|-heal|p2a: Kyogre|55/259 psn|[from] item: Leftovers\n|-damage|p2a: Kyogre|23/259 psn|[from] psn\n|upkeep\n|turn|8\n|\n|t:|1781416349\n|move|p2a: Kyogre|Origin Pulse|p1a: Ursaring\n|-crit|p1a: Ursaring\n|-damage|p1a: Ursaring|0 fnt\n|faint|p1a: Ursaring\n|\n|-weather|none\n|-heal|p2a: Kyogre|39/259 psn|[from] Grassy Terrain\n|-heal|p2a: Kyogre|55/259 psn|[from] item: Leftovers\n|-damage|p2a: Kyogre|23/259 psn|[from] psn\n|upkeep\n|\n|t:|1781416360\n|switch|p1a: Glimmora|Glimmora, L75, F|231/248\n|turn|9\n|\n|t:|1781416366\n|move|p1a: Glimmora|Energy Ball|p2a: Kyogre\n|-supereffective|p2a: Kyogre\n|-damage|p2a: Kyogre|0 fnt\n|faint|p2a: Kyogre\n|\n|-heal|p1a: Glimmora|246/248|[from] Grassy Terrain\n|upkeep\n|\n|t:|1781416394\n|switch|p2a: Palkia|Palkia, L75|259/259\n|-status|p2a: Palkia|psn\n|-ability|p2a: Palkia|Pressure\n|turn|10\n|\n|t:|1781416403\n|move|p2a: Palkia|Spacial Rend|p1a: Glimmora\n|-damage|p1a: Glimmora|99/248\n|move|p1a: Glimmora|Energy Ball|p2a: Palkia\n|-damage|p2a: Palkia|187/259 psn\n|\n|-heal|p2a: Palkia|203/259 psn|[from] Grassy Terrain\n|-heal|p1a: Glimmora|114/248|[from] Grassy Terrain\n|-damage|p2a: Palkia|171/259 psn|[from] psn\n|-fieldend|move: Grassy Terrain\n|upkeep\n|turn|11\n|\n|t:|1781416414\n|move|p2a: Palkia|Spacial Rend|p1a: Glimmora\n|-damage|p1a: Glimmora|0 fnt\n|faint|p1a: Glimmora\n|\n|-damage|p2a: Palkia|139/259 psn|[from] psn\n|upkeep\n|\n|t:|1781416417\n|switch|p1a: Arboliva|Arboliva, L91, M|170/290\n|turn|12\n|\n|t:|1781416420\n|move|p2a: Palkia|Spacial Rend|p1a: Arboliva\n|-damage|p1a: Arboliva|73/290\n|-fieldstart|move: Grassy Terrain|[from] ability: Seed Sower|[of] p1a: Arboliva\n|move|p1a: Arboliva|Strength Sap|p2a: Palkia\n|-unboost|p2a: Palkia|atk|1\n|-heal|p1a: Arboliva|258/290\n|\n|-heal|p2a: Palkia|155/259 psn|[from] Grassy Terrain\n|-heal|p1a: Arboliva|276/290|[from] Grassy Terrain\n|-heal|p1a: Arboliva|290/290|[from] item: Leftovers\n|-damage|p2a: Palkia|123/259 psn|[from] psn\n|upkeep\n|turn|13\n|\n|t:|1781416430\n|switch|p2a: Scovillain|Scovillain, L91, M|266/266\n|move|p1a: Arboliva|Hyper Voice|p2a: Scovillain\n|-damage|p2a: Scovillain|110/266\n|\n|-heal|p2a: Scovillain|126/266|[from] Grassy Terrain\n|upkeep\n|turn|14\n|\n|t:|1781416438\n|switch|p1a: Kingdra|Kingdra, L84, F|263/263\n|move|p2a: Scovillain|Fire Blast|p1a: Kingdra\n|-resisted|p1a: Kingdra\n|-damage|p1a: Kingdra|231/263\n|\n|-heal|p1a: Kingdra|247/263|[from] Grassy Terrain\n|-heal|p2a: Scovillain|142/266|[from] Grassy Terrain\n|upkeep\n|turn|15\n|\n|t:|1781416445\n|move|p1a: Kingdra|Dragon Dance|p1a: Kingdra\n|-boost|p1a: Kingdra|atk|1\n|-boost|p1a: Kingdra|spe|1\n|move|p2a: Scovillain|Sunny Day|p2a: Scovillain\n|-weather|SunnyDay\n|\n|-weather|SunnyDay|[upkeep]\n|-heal|p2a: Scovillain|158/266|[from] Grassy Terrain\n|-heal|p1a: Kingdra|263/263|[from] Grassy Terrain\n|upkeep\n|turn|16\n|\n|t:|1781416453\n|move|p2a: Scovillain|Energy Ball|p1a: Kingdra\n|-damage|p1a: Kingdra|116/263\n|move|p1a: Kingdra|Dragon Dance|p1a: Kingdra\n|-boost|p1a: Kingdra|atk|1\n|-boost|p1a: Kingdra|spe|1\n|\n|-weather|SunnyDay|[upkeep]\n|-heal|p1a: Kingdra|132/263|[from] Grassy Terrain\n|-heal|p2a: Scovillain|174/266|[from] Grassy Terrain\n|-fieldend|move: Grassy Terrain\n|upkeep\n|turn|17\n|\n|t:|1781416460\n|move|p1a: Kingdra|Outrage|p2a: Scovillain\n|-damage|p2a: Scovillain|0 fnt\n|faint|p2a: Scovillain\n|\n|-weather|SunnyDay|[upkeep]\n|upkeep\n|\n|t:|1781416474\n|switch|p2a: Rillaboom|Rillaboom, L79, F|268/288\n|-status|p2a: Rillaboom|psn\n|-fieldstart|move: Grassy Terrain|[from] ability: Grassy Surge|[of] p2a: Rillaboom\n|turn|18\n|\n|t:|1781416482\n|move|p1a: Kingdra|Outrage|p2a: Rillaboom|[from] lockedmove\n|-damage|p2a: Rillaboom|0 fnt\n|faint|p2a: Rillaboom\n|\n|-weather|SunnyDay|[upkeep]\n|-heal|p1a: Kingdra|148/263|[from] Grassy Terrain\n|upkeep\n|\n|t:|1781416491\n|switch|p2a: Palkia|Palkia, L75|123/259 psn\n|-ability|p2a: Palkia|Pressure\n|turn|19\n|\n|t:|1781416494\n|move|p1a: Kingdra|Outrage|p2a: Palkia|[from] lockedmove\n|-supereffective|p2a: Palkia\n|-damage|p2a: Palkia|0 fnt\n|faint|p2a: Palkia\n|-start|p1a: Kingdra|confusion|[fatigue]\n|-enditem|p1a: Kingdra|Lum Berry|[eat]\n|-end|p1a: Kingdra|confusion\n|\n|-weather|none\n|-heal|p1a: Kingdra|164/263|[from] Grassy Terrain\n|upkeep\n|\n|t:|1781416499\n|switch|p2a: Flamigo|Flamigo, L82, F|269/269\n|turn|20\n|\n|t:|1781416503\n|move|p1a: Kingdra|Outrage|p2a: Flamigo\n|-damage|p2a: Flamigo|0 fnt\n|faint|p2a: Flamigo\n|\n|-heal|p1a: Kingdra|180/263|[from] Grassy Terrain\n|upkeep\n|\n|t:|1781416505\n|switch|p2a: Grumpig|Grumpig, L92, M|297/297\n|-status|p2a: Grumpig|psn\n|turn|21\n|\n|t:|1781416515\n|move|p1a: Kingdra|Outrage|p2a: Grumpig|[from] lockedmove\n|-damage|p2a: Grumpig|24/297 psn\n|move|p2a: Grumpig|Psyshock|p1a: Kingdra\n|-damage|p1a: Kingdra|93/263\n|\n|-heal|p1a: Kingdra|109/263|[from] Grassy Terrain\n|-heal|p2a: Grumpig|42/297 psn|[from] Grassy Terrain\n|-damage|p2a: Grumpig|5/297 psn|[from] psn\n|upkeep\n|turn|22\n|\n|t:|1781416518\n|move|p1a: Kingdra|Outrage|p2a: Grumpig|[from] lockedmove\n|-damage|p2a: Grumpig|0 fnt\n|faint|p2a: Grumpig\n|-start|p1a: Kingdra|confusion|[fatigue]\n|\n|win|Distanthero\n|raw|Distanthero's rating: 1921 &rarr; <strong>1948</strong><br />(+27 for winning)\n|raw|Trikeanu's rating: 2047 &rarr; <strong>2020</strong><br />(-27 for losing)\n", "uploadtime": 1781416237, "views": 4, "formatid": "gen9randombattle", "rating": 1948, "private": 0, "password": null}