{"id": "gen9randombattle-2631620524", "format": "[Gen 9] Random Battle", "players": ["SoldRpp", "Flappell Roan"], "log": "|j|\u2606SoldRpp\n|j|\u2606Flappell Roan\n|t:|1781410028\n|gametype|singles\n|player|p1|SoldRpp|265|1941\n|player|p2|Flappell Roan|skyla|1969\n|gen|9\n|tier|[Gen 9] Random Battle\n|rated|\n|rule|Species Clause: Limit one of each Pok\u00e9mon\n|rule|HP Percentage Mod: HP is shown in percentages\n|rule|Sleep Clause Mod: Limit one foe put to sleep\n|rule|Illusion Level Mod: Illusion disguises the Pok\u00e9mon's true level\n|\n|t:|1781410028\n|teamsize|p1|6\n|teamsize|p2|6\n|start\n|switch|p1a: Lapras|Lapras, L87, M|367/367\n|switch|p2a: Keldeo|Keldeo-Resolute, L79|273/273\n|turn|1\n|inactive|Battle timer is ON: inactive players will automatically lose when time's up. (requested by Flappell Roan)\n|j| focagigamega\n|l| focagigamega\n|\n|t:|1781410046\n|move|p2a: Keldeo|Calm Mind|p2a: Keldeo\n|-boost|p2a: Keldeo|spa|1\n|-boost|p2a: Keldeo|spd|1\n|move|p1a: Lapras|Freeze-Dry|p2a: Keldeo\n|-supereffective|p2a: Keldeo\n|-damage|p2a: Keldeo|133/273\n|\n|-heal|p2a: Keldeo|150/273|[from] item: Leftovers\n|upkeep\n|turn|2\n|\n|t:|1781410059\n|move|p2a: Keldeo|Calm Mind|p2a: Keldeo\n|-boost|p2a: Keldeo|spa|1\n|-boost|p2a: Keldeo|spd|1\n|move|p1a: Lapras|Freeze-Dry|p2a: Keldeo\n|-supereffective|p2a: Keldeo\n|-crit|p2a: Keldeo\n|-damage|p2a: Keldeo|0 fnt\n|faint|p2a: Keldeo\n|\n|upkeep\n|\n|t:|1781410072\n|switch|p2a: Gengar|Gengar, L81, M|230/230\n|turn|3\n|inactive|SoldRpp has 120 seconds left.\n|\n|t:|1781410104\n|switch|p1a: Hippowdon|Hippowdon, L82, F|311/311\n|-weather|Sandstorm|[from] ability: Sand Stream|[of] p1a: Hippowdon\n|move|p2a: Gengar|Nasty Plot|p2a: Gengar\n|-boost|p2a: Gengar|spa|2\n|\n|-weather|Sandstorm|[upkeep]\n|-damage|p2a: Gengar|216/230|[from] Sandstorm\n|upkeep\n|turn|4\n|inactive|SoldRpp has 120 seconds left.\n|\n|t:|1781410129\n|-terastallize|p2a: Gengar|Fighting\n|move|p2a: Gengar|Focus Blast|p1a: Hippowdon|[miss]\n|-miss|p2a: Gengar|p1a: Hippowdon\n|move|p1a: Hippowdon|Stealth Rock|p2a: Gengar\n|-sidestart|p2: Flappell Roan|move: Stealth Rock\n|\n|-weather|Sandstorm|[upkeep]\n|-damage|p2a: Gengar|202/230|[from] Sandstorm\n|upkeep\n|turn|5\n|\n|t:|1781410139\n|move|p2a: Gengar|Focus Blast|p1a: Hippowdon\n|-damage|p1a: Hippowdon|0 fnt\n|faint|p1a: Hippowdon\n|-damage|p2a: Gengar|179/230|[from] item: Life Orb\n|\n|-weather|Sandstorm|[upkeep]\n|-damage|p2a: Gengar|165/230|[from] Sandstorm\n|upkeep\n|\n|t:|1781410142\n|switch|p1a: Talonflame|Talonflame, L83, F|265/265\n|turn|6\n|\n|t:|1781410152\n|switch|p2a: Scream Tail|Scream Tail, L84|330/330\n|-damage|p2a: Scream Tail|289/330|[from] Stealth Rock\n|move|p1a: Talonflame|Brave Bird|p2a: Scream Tail\n|-damage|p2a: Scream Tail|195/330\n|-damage|p1a: Talonflame|234/265|[from] Recoil\n|\n|-weather|Sandstorm|[upkeep]\n|-damage|p1a: Talonflame|218/265|[from] Sandstorm\n|-damage|p2a: Scream Tail|175/330|[from] Sandstorm\n|-heal|p2a: Scream Tail|195/330|[from] item: Leftovers\n|upkeep\n|turn|7\n|inactive|SoldRpp has 120 seconds left.\n|inactive|SoldRpp has 90 seconds left.\n|\n|t:|1781410201\n|-terastallize|p1a: Talonflame|Ground\n|move|p1a: Talonflame|Swords Dance|p1a: Talonflame\n|-boost|p1a: Talonflame|atk|2\n|move|p2a: Scream Tail|Wish|p2a: Scream Tail\n|\n|-weather|none\n|-heal|p2a: Scream Tail|215/330|[from] item: Leftovers\n|upkeep\n|turn|8\n|inactive|SoldRpp has 90 seconds left.\n|\n|t:|1781410231\n|move|p1a: Talonflame|Brave Bird|p2a: Scream Tail\n|-damage|p2a: Scream Tail|26/330\n|-damage|p1a: Talonflame|156/265|[from] Recoil\n|move|p2a: Scream Tail|Play Rough|p1a: Talonflame\n|-damage|p1a: Talonflame|75/265\n|\n|-heal|p2a: Scream Tail|191/330|[from] move: Wish|[wisher] Scream Tail\n|-heal|p2a: Scream Tail|211/330|[from] item: Leftovers\n|upkeep\n|turn|9\n|j| Tre ballers\n|\n|t:|1781410245\n|move|p1a: Talonflame|Swords Dance|p1a: Talonflame\n|-boost|p1a: Talonflame|atk|2\n|move|p2a: Scream Tail|Encore|p1a: Talonflame\n|-start|p1a: Talonflame|Encore\n|\n|-heal|p2a: Scream Tail|231/330|[from] item: Leftovers\n|upkeep\n|turn|10\n|\n|t:|1781410262\n|move|p1a: Talonflame|Swords Dance|p1a: Talonflame\n|-boost|p1a: Talonflame|atk|2\n|move|p2a: Scream Tail|Play Rough|p1a: Talonflame\n|-damage|p1a: Talonflame|0 fnt\n|faint|p1a: Talonflame\n|\n|-heal|p2a: Scream Tail|251/330|[from] item: Leftovers\n|upkeep\n|\n|t:|1781410269\n|switch|p1a: Regice|Regice, L88|284/284\n|turn|11\n|\n|t:|1781410277\n|move|p2a: Scream Tail|Wish|p2a: Scream Tail\n|move|p1a: Regice|Ice Beam|p2a: Scream Tail\n|-damage|p2a: Scream Tail|155/330\n|\n|-heal|p2a: Scream Tail|175/330|[from] item: Leftovers\n|upkeep\n|turn|12\n|\n|t:|1781410285\n|-end|p2a: Scream Tail|Protosynthesis|[silent]\n|switch|p2a: Forretress|Forretress, L84, F|263/263\n|-damage|p2a: Forretress|231/263|[from] Stealth Rock\n|move|p1a: Regice|Ice Beam|p2a: Forretress\n|-resisted|p2a: Forretress\n|-damage|p2a: Forretress|164/263\n|-status|p2a: Forretress|frz\n|\n|-heal|p2a: Forretress|263/263 frz|[from] move: Wish|[wisher] Scream Tail\n|upkeep\n|turn|13\n|inactive|SoldRpp has 90 seconds left.\n|\n|t:|1781410310\n|switch|p1a: Lapras|Lapras, L87, M|367/367\n|cant|p2a: Forretress|frz\n|\n|upkeep\n|turn|14\n|\n|t:|1781410319\n|move|p1a: Lapras|Sparkling Aria|p2a: Forretress\n|-damage|p2a: Forretress|77/263 frz\n|-curestatus|p2a: Forretress|frz|[msg]\n|move|p2a: Forretress|Rapid Spin|p1a: Lapras\n|-damage|p1a: Lapras|332/367\n|-boost|p2a: Forretress|spe|1\n|-sideend|p2: Flappell Roan|Stealth Rock|[from] move: Rapid Spin|[of] p2a: Forretress\n|\n|-heal|p2a: Forretress|93/263|[from] item: Leftovers\n|upkeep\n|turn|15\n|\n|t:|1781410335\n|move|p2a: Forretress|Stealth Rock|p1a: Lapras\n|-sidestart|p1: SoldRpp|move: Stealth Rock\n|move|p1a: Lapras|Sparkling Aria|p2a: Forretress\n|-damage|p2a: Forretress|0 fnt\n|faint|p2a: Forretress\n|\n|upkeep\n|\n|t:|1781410343\n|switch|p2a: Tatsugiri|Tatsugiri, L87, M|260/260\n|turn|16\n|\n|t:|1781410351\n|switch|p1a: Regice|Regice, L88|284/284\n|move|p2a: Tatsugiri|Nasty Plot|p2a: Tatsugiri\n|-boost|p2a: Tatsugiri|spa|2\n|\n|upkeep\n|turn|17\n|\n|t:|1781410359\n|move|p2a: Tatsugiri|Hydro Pump|p1a: Regice\n|-damage|p1a: Regice|134/284\n|move|p1a: Regice|Ice Beam|p2a: Tatsugiri\n|-damage|p2a: Tatsugiri|154/260\n|\n|upkeep\n|turn|18\n|inactive|SoldRpp has 120 seconds left.\n|\n|t:|1781410366\n|move|p2a: Tatsugiri|Hydro Pump|p1a: Regice\n|-damage|p1a: Regice|0 fnt\n|faint|p1a: Regice\n|\n|upkeep\n|\n|t:|1781410371\n|switch|p1a: Infernape|Infernape, L82, F|259/259\n|-damage|p1a: Infernape|227/259|[from] Stealth Rock\n|turn|19\n|\n|t:|1781410377\n|switch|p2a: Scream Tail|Scream Tail, L84|175/330\n|move|p1a: Infernape|Close Combat|p2a: Scream Tail\n|-resisted|p2a: Scream Tail\n|-damage|p2a: Scream Tail|135/330\n|-unboost|p1a: Infernape|def|1\n|-unboost|p1a: Infernape|spd|1\n|-damage|p1a: Infernape|202/259|[from] item: Life Orb\n|\n|-heal|p2a: Scream Tail|155/330|[from] item: Leftovers\n|upkeep\n|turn|20\n|-message|SoldRpp forfeited.\n|\n|win|Flappell Roan\n", "uploadtime": 1781410030, "views": 3, "formatid": "gen9randombattle", "rating": null, "private": 0, "password": null}