{"id": "gen9randombattle-2631590916", "format": "[Gen 9] Random Battle", "players": ["LinkNinjaTC11", "Blendedcats"], "log": "|j|\u2606LinkNinjaTC11\n|j|\u2606Blendedcats\n|t:|1781405584\n|gametype|singles\n|player|p1|LinkNinjaTC11|veteran|1969\n|player|p2|Blendedcats|picnicker|1928\n|gen|9\n|tier|[Gen 9] Random Battle\n|rated|\n|rule|Species Clause: Limit one of each Pok\u00e9mon\n|rule|HP Percentage Mod: HP is shown in percentages\n|rule|Sleep Clause Mod: Limit one foe put to sleep\n|rule|Illusion Level Mod: Illusion disguises the Pok\u00e9mon's true level\n|\n|t:|1781405584\n|teamsize|p1|6\n|teamsize|p2|6\n|start\n|switch|p1a: Glaceon|Glaceon, L94, F|275/275\n|switch|p2a: Noctowl|Noctowl, L95, M|344/344\n|turn|1\n|inactive|Battle timer is ON: inactive players will automatically lose when time's up. (requested by Blendedcats)\n|inactive|LinkNinjaTC11 also wants the timer to be on.\n|\n|t:|1781405609\n|move|p2a: Noctowl|Calm Mind|p2a: Noctowl\n|-boost|p2a: Noctowl|spa|1\n|-boost|p2a: Noctowl|spd|1\n|move|p1a: Glaceon|Freeze-Dry|p2a: Noctowl\n|-supereffective|p2a: Noctowl\n|-damage|p2a: Noctowl|204/344\n|\n|upkeep\n|turn|2\n|\n|t:|1781405616\n|switch|p1a: Raikou|Raikou, L81|278/278\n|-ability|p1a: Raikou|Pressure\n|move|p2a: Noctowl|Calm Mind|p2a: Noctowl\n|-boost|p2a: Noctowl|spa|1\n|-boost|p2a: Noctowl|spd|1\n|\n|upkeep\n|turn|3\n|\n|t:|1781405621\n|move|p1a: Raikou|Thunderbolt|p2a: Noctowl\n|-supereffective|p2a: Noctowl\n|-damage|p2a: Noctowl|64/344\n|move|p2a: Noctowl|Roost|p2a: Noctowl\n|-heal|p2a: Noctowl|236/344\n|-singleturn|p2a: Noctowl|move: Roost\n|\n|upkeep\n|turn|4\n|\n|t:|1781405625\n|move|p1a: Raikou|Thunderbolt|p2a: Noctowl\n|-supereffective|p2a: Noctowl\n|-damage|p2a: Noctowl|114/344\n|-status|p2a: Noctowl|par\n|move|p2a: Noctowl|Hurricane|p1a: Raikou\n|-resisted|p1a: Raikou\n|-damage|p1a: Raikou|2/278\n|\n|upkeep\n|turn|5\n|\n|t:|1781405629\n|switch|p2a: Meganium|Meganium, L90, M|290/290\n|move|p1a: Raikou|Thunderbolt|p2a: Meganium\n|-resisted|p2a: Meganium\n|-damage|p2a: Meganium|221/290\n|\n|-heal|p2a: Meganium|239/290|[from] item: Leftovers\n|upkeep\n|turn|6\n|\n|t:|1781405632\n|switch|p1a: Glaceon|Glaceon, L94, F|275/275\n|move|p2a: Meganium|Knock Off|p1a: Glaceon\n|-damage|p1a: Glaceon|221/275\n|-enditem|p1a: Glaceon|Heavy-Duty Boots|[from] move: Knock Off|[of] p2a: Meganium\n|\n|-heal|p2a: Meganium|257/290|[from] item: Leftovers\n|upkeep\n|turn|7\n|\n|t:|1781405646\n|move|p2a: Meganium|Leech Seed|p1a: Glaceon\n|-start|p1a: Glaceon|move: Leech Seed\n|move|p1a: Glaceon|Freeze-Dry|p2a: Meganium\n|-supereffective|p2a: Meganium\n|-damage|p2a: Meganium|53/290\n|\n|-heal|p2a: Meganium|71/290|[from] item: Leftovers\n|-damage|p1a: Glaceon|187/275|[from] Leech Seed|[of] p2a: Meganium\n|-heal|p2a: Meganium|105/290|[silent]\n|upkeep\n|turn|8\n|\n|t:|1781405654\n|move|p2a: Meganium|Energy Ball|p1a: Glaceon\n|-damage|p1a: Glaceon|106/275\n|move|p1a: Glaceon|Freeze-Dry|p2a: Meganium\n|-supereffective|p2a: Meganium\n|-damage|p2a: Meganium|0 fnt\n|faint|p2a: Meganium\n|\n|upkeep\n|\n|t:|1781405661\n|switch|p2a: Annihilape|Annihilape, L76, F|292/292\n|turn|9\n|\n|t:|1781405667\n|switch|p1a: Florges|Florges-Orange, L85, F|271/271\n|move|p2a: Annihilape|Bulk Up|p2a: Annihilape\n|-boost|p2a: Annihilape|atk|1\n|-boost|p2a: Annihilape|def|1\n|\n|upkeep\n|turn|10\n|\n|t:|1781405685\n|move|p2a: Annihilape|Bulk Up|p2a: Annihilape\n|-boost|p2a: Annihilape|atk|1\n|-boost|p2a: Annihilape|def|1\n|move|p1a: Florges|Moonblast|p2a: Annihilape\n|-supereffective|p2a: Annihilape\n|-damage|p2a: Annihilape|52/292\n|-unboost|p2a: Annihilape|spa|1\n|-ability|p2a: Annihilape|Defiant|boost\n|-boost|p2a: Annihilape|atk|2\n|\n|upkeep\n|turn|11\n|\n|t:|1781405690\n|move|p2a: Annihilape|Rage Fist|p1a: Florges\n|-damage|p1a: Florges|0 fnt\n|faint|p1a: Florges\n|\n|upkeep\n|\n|t:|1781405696\n|switch|p1a: Raikou|Raikou, L81|2/278\n|-ability|p1a: Raikou|Pressure\n|turn|12\n|\n|t:|1781405698\n|switch|p2a: Noctowl|Noctowl, L95, M|114/344 par\n|move|p1a: Raikou|Thunderbolt|p2a: Noctowl\n|-supereffective|p2a: Noctowl\n|-damage|p2a: Noctowl|0 fnt\n|faint|p2a: Noctowl\n|\n|upkeep\n|\n|t:|1781405700\n|switch|p2a: Munkidori|Munkidori, L79, M|269/269\n|turn|13\n|\n|t:|1781405703\n|switch|p1a: Kingambit|Kingambit, L74, F|270/270\n|-activate|p1a: Kingambit|ability: Supreme Overlord\n|-start|p1a: Kingambit|fallen1|[silent]\n|move|p2a: Munkidori|Sludge Wave|p1a: Kingambit\n|-immune|p1a: Kingambit\n|\n|upkeep\n|turn|14\n|\n|t:|1781405708\n|move|p2a: Munkidori|Focus Blast|p1a: Kingambit|[miss]\n|-miss|p2a: Munkidori|p1a: Kingambit\n|move|p1a: Kingambit|Swords Dance|p1a: Kingambit\n|-boost|p1a: Kingambit|atk|2\n|\n|upkeep\n|turn|15\n|\n|t:|1781405711\n|-terastallize|p2a: Munkidori|Fighting\n|move|p1a: Kingambit|Sucker Punch|p2a: Munkidori\n|-resisted|p2a: Munkidori\n|-damage|p2a: Munkidori|156/269\n|move|p2a: Munkidori|Focus Blast|p1a: Kingambit\n|-supereffective|p1a: Kingambit\n|-damage|p1a: Kingambit|0 fnt\n|faint|p1a: Kingambit\n|-end|p1a: Kingambit|fallen1|[silent]\n|-damage|p2a: Munkidori|130/269|[from] item: Life Orb\n|\n|upkeep\n|\n|t:|1781405728\n|switch|p1a: Poliwrath|Poliwrath, L88, M|302/302\n|turn|16\n|\n|t:|1781405734\n|move|p2a: Munkidori|Psyshock|p1a: Poliwrath\n|-supereffective|p1a: Poliwrath\n|-damage|p1a: Poliwrath|76/302\n|-damage|p2a: Munkidori|104/269|[from] item: Life Orb\n|move|p1a: Poliwrath|Liquidation|p2a: Munkidori\n|-damage|p2a: Munkidori|0 fnt\n|faint|p2a: Munkidori\n|\n|-heal|p1a: Poliwrath|94/302|[from] item: Leftovers\n|upkeep\n|\n|t:|1781405736\n|switch|p2a: Annihilape|Annihilape, L76, F|52/292\n|turn|17\n|\n|t:|1781405746\n|move|p2a: Annihilape|Rage Fist|p1a: Poliwrath\n|-damage|p1a: Poliwrath|9/302\n|move|p1a: Poliwrath|Liquidation|p2a: Annihilape\n|-damage|p2a: Annihilape|0 fnt\n|faint|p2a: Annihilape\n|\n|-heal|p1a: Poliwrath|27/302|[from] item: Leftovers\n|upkeep\n|\n|t:|1781405751\n|switch|p2a: Mimikyu|Mimikyu, L79, F|216/216\n|turn|18\n|\n|t:|1781405759\n|switch|p1a: Iron Hands|Iron Hands, L79|373/373\n|move|p2a: Mimikyu|Shadow Sneak|p1a: Iron Hands\n|-damage|p1a: Iron Hands|330/373\n|-damage|p2a: Mimikyu|195/216|[from] item: Life Orb\n|\n|-heal|p1a: Iron Hands|353/373|[from] item: Leftovers\n|upkeep\n|turn|19\n|\n|t:|1781405773\n|-terastallize|p1a: Iron Hands|Flying\n|move|p2a: Mimikyu|Swords Dance|p2a: Mimikyu\n|-boost|p2a: Mimikyu|atk|2\n|move|p1a: Iron Hands|Ice Punch|p2a: Mimikyu\n|-activate|p2a: Mimikyu|ability: Disguise\n|-damage|p2a: Mimikyu|195/216\n|detailschange|p2a: Mimikyu|Mimikyu-Busted, L79, F\n|-damage|p2a: Mimikyu|168/216|[from] pokemon: Mimikyu-Busted\n|\n|-heal|p1a: Iron Hands|373/373|[from] item: Leftovers\n|upkeep\n|turn|20\n|\n|t:|1781405778\n|move|p2a: Mimikyu|Play Rough|p1a: Iron Hands\n|-damage|p1a: Iron Hands|169/373\n|-damage|p2a: Mimikyu|147/216|[from] item: Life Orb\n|move|p1a: Iron Hands|Wild Charge|p2a: Mimikyu\n|-damage|p2a: Mimikyu|27/216\n|-damage|p1a: Iron Hands|139/373|[from] Recoil\n|\n|-heal|p1a: Iron Hands|162/373|[from] item: Leftovers\n|upkeep\n|turn|21\n|\n|t:|1781405785\n|-end|p1a: Iron Hands|Quark Drive|[silent]\n|switch|p1a: Glaceon|Glaceon, L94, F|106/275\n|move|p2a: Mimikyu|Play Rough|p1a: Glaceon\n|-damage|p1a: Glaceon|0 fnt\n|faint|p1a: Glaceon\n|-damage|p2a: Mimikyu|6/216|[from] item: Life Orb\n|\n|upkeep\n|\n|t:|1781405789\n|switch|p1a: Poliwrath|Poliwrath, L88, M|27/302\n|turn|22\n|\n|t:|1781405793\n|move|p2a: Mimikyu|Shadow Sneak|p1a: Poliwrath\n|-damage|p1a: Poliwrath|0 fnt\n|faint|p1a: Poliwrath\n|-damage|p2a: Mimikyu|0 fnt|[from] item: Life Orb\n|faint|p2a: Mimikyu\n|\n|upkeep\n|\n|t:|1781405795\n|switch|p2a: Toucannon|Toucannon, L88, M|284/284\n|switch|p1a: Raikou|Raikou, L81|2/278\n|-ability|p1a: Raikou|Pressure\n|turn|23\n|\n|t:|1781405802\n|move|p1a: Raikou|Thunderbolt|p2a: Toucannon\n|-supereffective|p2a: Toucannon\n|-damage|p2a: Toucannon|0 fnt\n|faint|p2a: Toucannon\n|\n|win|LinkNinjaTC11\n", "uploadtime": 1781405587, "views": 3, "formatid": "gen9randombattle", "rating": null, "private": 0, "password": null}