{"id": "gen9randombattle-2631388912", "format": "[Gen 9] Random Battle", "players": ["knawtchogirl", "thebollocks"], "log": "|j|\u2606knawtchogirl\n|j|\u2606thebollocks\n|t:|1781378824\n|gametype|singles\n|player|p1|knawtchogirl|skyla|1912\n|player|p2|thebollocks|1|1848\n|gen|9\n|tier|[Gen 9] Random Battle\n|rated|\n|rule|Species Clause: Limit one of each Pok\u00e9mon\n|rule|HP Percentage Mod: HP is shown in percentages\n|rule|Sleep Clause Mod: Limit one foe put to sleep\n|rule|Illusion Level Mod: Illusion disguises the Pok\u00e9mon's true level\n|\n|t:|1781378824\n|teamsize|p1|6\n|teamsize|p2|6\n|start\n|switch|p1a: Chien-Pao|Chien-Pao, L72|234/234\n|switch|p2a: Phione|Phione, L91|293/293\n|-ability|p1a: Chien-Pao|Sword of Ruin\n|turn|1\n|inactive|Battle timer is ON: inactive players will automatically lose when time's up. (requested by knawtchogirl)\n|\n|t:|1781378845\n|move|p1a: Chien-Pao|Swords Dance|p1a: Chien-Pao\n|-boost|p1a: Chien-Pao|atk|2\n|move|p2a: Phione|Scald|p1a: Chien-Pao\n|-damage|p1a: Chien-Pao|107/234\n|\n|upkeep\n|turn|2\n|\n|t:|1781378850\n|move|p1a: Chien-Pao|Throat Chop|p2a: Phione\n|-damage|p2a: Phione|82/293\n|-start|p2a: Phione|Throat Chop|[silent]\n|move|p2a: Phione|Scald|p1a: Chien-Pao\n|-damage|p1a: Chien-Pao|0 fnt\n|faint|p1a: Chien-Pao\n|\n|-heal|p2a: Phione|100/293|[from] item: Leftovers\n|upkeep\n|\n|t:|1781378855\n|switch|p1a: Drednaw|Drednaw, L81, F|278/278\n|turn|3\n|\n|t:|1781378859\n|move|p2a: Phione|Scald|p1a: Drednaw\n|-damage|p1a: Drednaw|178/278\n|-status|p1a: Drednaw|brn\n|move|p1a: Drednaw|Shell Smash|p1a: Drednaw\n|-unboost|p1a: Drednaw|def|1\n|-unboost|p1a: Drednaw|spd|1\n|-boost|p1a: Drednaw|atk|2\n|-boost|p1a: Drednaw|spa|2\n|-boost|p1a: Drednaw|spe|2\n|-enditem|p1a: Drednaw|White Herb\n|-clearnegativeboost|p1a: Drednaw|[silent]\n|\n|-heal|p2a: Phione|118/293|[from] item: Leftovers\n|-damage|p1a: Drednaw|161/278 brn|[from] brn\n|-end|p2a: Phione|Throat Chop|[silent]\n|upkeep\n|turn|4\n|\n|t:|1781378866\n|move|p1a: Drednaw|Stone Edge|p2a: Phione\n|-damage|p2a: Phione|12/293\n|move|p2a: Phione|Scald|p1a: Drednaw\n|-damage|p1a: Drednaw|58/278 brn\n|\n|-heal|p2a: Phione|30/293|[from] item: Leftovers\n|-damage|p1a: Drednaw|41/278 brn|[from] brn\n|upkeep\n|turn|5\n|\n|t:|1781378871\n|move|p1a: Drednaw|Liquidation|p2a: Phione\n|-resisted|p2a: Phione\n|-damage|p2a: Phione|0 fnt\n|faint|p2a: Phione\n|\n|-damage|p1a: Drednaw|24/278 brn|[from] brn\n|upkeep\n|\n|t:|1781378901\n|switch|p2a: Spiritomb|Spiritomb, L89, M|234/234\n|turn|6\n|\n|t:|1781378905\n|move|p2a: Spiritomb|Sucker Punch|p1a: Drednaw\n|-damage|p1a: Drednaw|0 fnt\n|faint|p1a: Drednaw\n|\n|upkeep\n|\n|t:|1781378908\n|switch|p1a: Gardevoir|Gardevoir, L83, F|249/249\n|-ability|p1a: Gardevoir|Infiltrator|Trace|[from] ability: Trace|[of] p2a: Spiritomb\n|turn|7\n|\n|t:|1781378924\n|move|p1a: Gardevoir|Moonblast|p2a: Spiritomb\n|-supereffective|p2a: Spiritomb\n|-crit|p2a: Spiritomb\n|-damage|p2a: Spiritomb|0 fnt\n|faint|p2a: Spiritomb\n|\n|upkeep\n|\n|t:|1781378932\n|switch|p2a: Froslass|Froslass, L87, F|263/263\n|turn|8\n|\n|t:|1781378935\n|move|p2a: Froslass|Poltergeist|p1a: Gardevoir\n|-activate|p1a: Gardevoir|move: Poltergeist|Choice Specs\n|-supereffective|p1a: Gardevoir\n|-damage|p1a: Gardevoir|0 fnt\n|faint|p1a: Gardevoir\n|\n|upkeep\n|\n|t:|1781378938\n|switch|p1a: Hydreigon|Hydreigon, L79, M|275/275\n|turn|9\n|\n|t:|1781378954\n|-terastallize|p1a: Hydreigon|Fire\n|move|p2a: Froslass|Spikes|p1a: Hydreigon\n|-sidestart|p1: knawtchogirl|Spikes\n|move|p1a: Hydreigon|Dark Pulse|p2a: Froslass\n|-supereffective|p2a: Froslass\n|-damage|p2a: Froslass|0 fnt\n|faint|p2a: Froslass\n|\n|upkeep\n|\n|t:|1781378969\n|switch|p2a: Manaphy|Manaphy, L78|284/284\n|turn|10\n|\n|t:|1781378974\n|move|p2a: Manaphy|Hydro Pump|p1a: Hydreigon\n|-supereffective|p1a: Hydreigon\n|-damage|p1a: Hydreigon|63/275\n|move|p1a: Hydreigon|Dark Pulse|p2a: Manaphy\n|-damage|p2a: Manaphy|160/284\n|\n|-heal|p2a: Manaphy|177/284|[from] item: Leftovers\n|upkeep\n|turn|11\n|\n|t:|1781378983\n|switch|p1a: Breloom|Breloom, L83, F|235/235\n|-damage|p1a: Breloom|206/235|[from] Spikes\n|move|p2a: Manaphy|Hydro Pump|p1a: Breloom\n|-resisted|p1a: Breloom\n|-damage|p1a: Breloom|132/235\n|\n|-heal|p2a: Manaphy|194/284|[from] item: Leftovers\n|upkeep\n|turn|12\n|\n|t:|1781378987\n|move|p1a: Breloom|Mach Punch|p2a: Manaphy\n|-damage|p2a: Manaphy|99/284\n|-damage|p1a: Breloom|109/235|[from] item: Life Orb\n|move|p2a: Manaphy|Ice Beam|p1a: Breloom\n|-supereffective|p1a: Breloom\n|-damage|p1a: Breloom|0 fnt\n|faint|p1a: Breloom\n|\n|-heal|p2a: Manaphy|116/284|[from] item: Leftovers\n|upkeep\n|\n|t:|1781378990\n|switch|p1a: Infernape|Infernape, L82, F|259/259\n|-damage|p1a: Infernape|227/259|[from] Spikes\n|turn|13\n|\n|t:|1781379000\n|switch|p2a: Hippowdon|Hippowdon, L82, M|311/311\n|-weather|Sandstorm|[from] ability: Sand Stream|[of] p2a: Hippowdon\n|move|p1a: Infernape|Close Combat|p2a: Hippowdon\n|-damage|p2a: Hippowdon|177/311\n|-unboost|p1a: Infernape|def|1\n|-unboost|p1a: Infernape|spd|1\n|-damage|p1a: Infernape|184/259|[from] item: Rocky Helmet|[of] p2a: Hippowdon\n|-damage|p1a: Infernape|159/259|[from] item: Life Orb\n|\n|-weather|Sandstorm|[upkeep]\n|-damage|p1a: Infernape|143/259|[from] Sandstorm\n|upkeep\n|turn|14\n|\n|t:|1781379011\n|move|p1a: Infernape|Grass Knot|p2a: Hippowdon\n|-supereffective|p2a: Hippowdon\n|-damage|p2a: Hippowdon|0 fnt\n|-damage|p1a: Infernape|100/259|[from] item: Rocky Helmet|[of] p2a: Hippowdon\n|faint|p2a: Hippowdon\n|-damage|p1a: Infernape|75/259|[from] item: Life Orb\n|\n|-weather|Sandstorm|[upkeep]\n|-damage|p1a: Infernape|59/259|[from] Sandstorm\n|upkeep\n|\n|t:|1781379024\n|switch|p2a: Mewtwo|Mewtwo, L72|272/272\n|-ability|p2a: Mewtwo|Unnerve\n|turn|15\n|\n|t:|1781379028\n|move|p2a: Mewtwo|Psystrike|p1a: Infernape\n|-supereffective|p1a: Infernape\n|-damage|p1a: Infernape|0 fnt\n|faint|p1a: Infernape\n|-damage|p2a: Mewtwo|245/272|[from] item: Life Orb\n|\n|-weather|Sandstorm|[upkeep]\n|-damage|p2a: Mewtwo|228/272|[from] Sandstorm\n|upkeep\n|-message|knawtchogirl forfeited.\n|\n|win|thebollocks\n|raw|knawtchogirl's rating: 1912 &rarr; <strong>1888</strong><br />(-24 for losing)\n|raw|thebollocks's rating: 1848 &rarr; <strong>1872</strong><br />(+24 for winning)\n", "uploadtime": 1781379031, "views": 5, "formatid": "gen9randombattle", "rating": 1872, "private": 0, "password": null}