{"id": "gen9randombattle-2631668597", "format": "[Gen 9] Random Battle", "players": ["yes eye on1", "who's jellies?"], "log": "|j|\u2606yes eye on1\n|j|\u2606who's jellies?\n|t:|1781418265\n|gametype|singles\n|player|p1|yes eye on1|266|1312\n|player|p2|who's jellies?|swimmer|1359\n|gen|9\n|tier|[Gen 9] Random Battle\n|rated|\n|rule|Species Clause: Limit one of each Pok\u00e9mon\n|rule|HP Percentage Mod: HP is shown in percentages\n|rule|Sleep Clause Mod: Limit one foe put to sleep\n|rule|Illusion Level Mod: Illusion disguises the Pok\u00e9mon's true level\n|\n|t:|1781418265\n|teamsize|p1|6\n|teamsize|p2|6\n|start\n|switch|p1a: Honchkrow|Honchkrow, L86, F|312/312\n|switch|p2a: Ceruledge|Ceruledge, L78, F|245/245\n|turn|1\n|inactive|Battle timer is ON: inactive players will automatically lose when time's up. (requested by who's jellies?)\n|\n|t:|1781418284\n|move|p2a: Ceruledge|Bitter Blade|p1a: Honchkrow\n|-damage|p1a: Honchkrow|167/312\n|move|p1a: Honchkrow|Brave Bird|p2a: Ceruledge\n|-damage|p2a: Ceruledge|58/245\n|-ability|p2a: Ceruledge|Weak Armor|boost\n|-unboost|p2a: Ceruledge|def|1\n|-boost|p2a: Ceruledge|spe|2\n|-damage|p1a: Honchkrow|105/312|[from] Recoil\n|\n|upkeep\n|turn|2\n|\n|t:|1781418302\n|move|p2a: Ceruledge|Shadow Sneak|p1a: Honchkrow\n|-resisted|p1a: Honchkrow\n|-damage|p1a: Honchkrow|73/312\n|move|p1a: Honchkrow|Sucker Punch||[still]\n|-fail|p1a: Honchkrow\n|\n|upkeep\n|turn|3\n|\n|t:|1781418317\n|move|p1a: Honchkrow|Sucker Punch|p2a: Ceruledge\n|-supereffective|p2a: Ceruledge\n|-damage|p2a: Ceruledge|0 fnt\n|faint|p2a: Ceruledge\n|-ability|p1a: Honchkrow|Moxie|boost\n|-boost|p1a: Honchkrow|atk|1\n|\n|upkeep\n|\n|t:|1781418327\n|switch|p2a: Falinks|Falinks, L84|246/246\n|turn|4\n|\n|t:|1781418350\n|move|p2a: Falinks|Close Combat|p1a: Honchkrow\n|-damage|p1a: Honchkrow|0 fnt\n|-unboost|p2a: Falinks|def|1\n|-unboost|p2a: Falinks|spd|1\n|faint|p1a: Honchkrow\n|-damage|p2a: Falinks|222/246|[from] item: Life Orb\n|\n|upkeep\n|\n|t:|1781418360\n|switch|p1a: Deoxys|Deoxys-Defense, L84|221/221\n|-ability|p1a: Deoxys|Pressure\n|turn|5\n|\n|t:|1781418376\n|-terastallize|p2a: Falinks|Dark\n|move|p1a: Deoxys|Psychic Noise|p2a: Falinks\n|-immune|p2a: Falinks\n|move|p2a: Falinks|No Retreat|p2a: Falinks\n|-boost|p2a: Falinks|atk|1\n|-boost|p2a: Falinks|def|1\n|-boost|p2a: Falinks|spa|1\n|-boost|p2a: Falinks|spd|1\n|-boost|p2a: Falinks|spe|1\n|-start|p2a: Falinks|move: No Retreat\n|\n|upkeep\n|turn|6\n|\n|t:|1781418392\n|move|p2a: Falinks|Knock Off|p1a: Deoxys\n|-supereffective|p1a: Deoxys\n|-damage|p1a: Deoxys|0 fnt\n|-damage|p2a: Falinks|181/246|[from] item: Rocky Helmet|[of] p1a: Deoxys\n|-enditem|p1a: Deoxys|Rocky Helmet|[from] move: Knock Off|[of] p2a: Falinks\n|faint|p1a: Deoxys\n|-damage|p2a: Falinks|157/246|[from] item: Life Orb\n|\n|upkeep\n|\n|t:|1781418402\n|switch|p1a: Tinkaton|Tinkaton, L82, F|274/274\n|-ability|p1a: Tinkaton|Mold Breaker\n|turn|7\n|\n|t:|1781418409\n|move|p2a: Falinks|Iron Head|p1a: Tinkaton\n|-damage|p1a: Tinkaton|152/274\n|-damage|p2a: Falinks|133/246|[from] item: Life Orb\n|move|p1a: Tinkaton|Play Rough|p2a: Falinks\n|-supereffective|p2a: Falinks\n|-damage|p2a: Falinks|0 fnt\n|faint|p2a: Falinks\n|\n|-heal|p1a: Tinkaton|169/274|[from] item: Leftovers\n|upkeep\n|\n|t:|1781418424\n|switch|p2a: Blaziken|Blaziken, L76, M|247/247\n|turn|8\n|\n|t:|1781418439\n|move|p2a: Blaziken|Protect|p2a: Blaziken\n|-singleturn|p2a: Blaziken|Protect\n|move|p1a: Tinkaton|Play Rough|p2a: Blaziken\n|-activate|p2a: Blaziken|move: Protect\n|\n|-heal|p1a: Tinkaton|186/274|[from] item: Leftovers\n|-ability|p2a: Blaziken|Speed Boost|boost\n|-boost|p2a: Blaziken|spe|1\n|upkeep\n|turn|9\n|\n|t:|1781418449\n|move|p2a: Blaziken|Flare Blitz|p1a: Tinkaton\n|-supereffective|p1a: Tinkaton\n|-damage|p1a: Tinkaton|0 fnt\n|faint|p1a: Tinkaton\n|-damage|p2a: Blaziken|186/247|[from] Recoil\n|-damage|p2a: Blaziken|162/247|[from] item: Life Orb\n|\n|-ability|p2a: Blaziken|Speed Boost|boost\n|-boost|p2a: Blaziken|spe|1\n|upkeep\n|\n|t:|1781418463\n|switch|p1a: Arceus|Arceus-Fairy, L69|280/280\n|turn|10\n|\n|t:|1781418467\n|move|p2a: Blaziken|Flare Blitz|p1a: Arceus\n|-damage|p1a: Arceus|127/280\n|-damage|p2a: Blaziken|112/247|[from] Recoil\n|-damage|p2a: Blaziken|88/247|[from] item: Life Orb\n|move|p1a: Arceus|Judgment|p2a: Blaziken\n|-damage|p2a: Blaziken|0 fnt\n|faint|p2a: Blaziken\n|\n|upkeep\n|\n|t:|1781418481\n|switch|p2a: Cinccino|Cinccino, L83, M|260/260\n|turn|11\n|\n|t:|1781418487\n|move|p2a: Cinccino|Tail Slap|p1a: Arceus\n|-damage|p1a: Arceus|93/280\n|-damage|p1a: Arceus|54/280\n|-damage|p1a: Arceus|18/280\n|-damage|p1a: Arceus|0 fnt\n|faint|p1a: Arceus\n|-hitcount|p1: Arceus|4\n|\n|upkeep\n|\n|t:|1781418493\n|switch|p1a: Brute Bonnet|Brute Bonnet, L80|309/309\n|turn|12\n|\n|t:|1781418503\n|move|p2a: Cinccino|Triple Axel|p1a: Brute Bonnet\n|-supereffective|p1a: Brute Bonnet\n|-damage|p1a: Brute Bonnet|263/309\n|-supereffective|p1a: Brute Bonnet\n|-damage|p1a: Brute Bonnet|177/309\n|-supereffective|p1a: Brute Bonnet\n|-damage|p1a: Brute Bonnet|55/309\n|-hitcount|p1a: Brute Bonnet|3\n|move|p1a: Brute Bonnet|Close Combat|p2a: Cinccino\n|-supereffective|p2a: Cinccino\n|-damage|p2a: Cinccino|18/260\n|-unboost|p1a: Brute Bonnet|def|1\n|-unboost|p1a: Brute Bonnet|spd|1\n|\n|-heal|p1a: Brute Bonnet|74/309|[from] item: Leftovers\n|upkeep\n|turn|13\n|\n|t:|1781418519\n|switch|p2a: Zangoose|Zangoose, L85, M|263/263\n|move|p1a: Brute Bonnet|Sucker Punch||[still]\n|-fail|p1a: Brute Bonnet\n|\n|-heal|p1a: Brute Bonnet|93/309|[from] item: Leftovers\n|-status|p2a: Zangoose|tox|[from] item: Toxic Orb\n|upkeep\n|turn|14\n|\n|t:|1781418531\n|move|p1a: Brute Bonnet|Sucker Punch|p2a: Zangoose\n|-damage|p2a: Zangoose|157/263 tox\n|move|p2a: Zangoose|Facade|p1a: Brute Bonnet\n|-damage|p1a: Brute Bonnet|0 fnt\n|faint|p1a: Brute Bonnet\n|-end|p1a: Brute Bonnet|Protosynthesis|[silent]\n|\n|-damage|p2a: Zangoose|141/263 tox|[from] psn\n|upkeep\n|\n|t:|1781418536\n|switch|p1a: Blissey|Blissey, L85, F|572/572\n|turn|15\n|\n|t:|1781418544\n|-terastallize|p1a: Blissey|Fairy\n|move|p2a: Zangoose|Facade|p1a: Blissey\n|-damage|p1a: Blissey|0 fnt\n|faint|p1a: Blissey\n|\n|win|who's jellies?\n|raw|yes eye on1's rating: 1312 &rarr; <strong>1295</strong><br />(-17 for losing)\n|raw|who&apos;s jellies?'s rating: 1359 &rarr; <strong>1376</strong><br />(+17 for winning)\n|l|\u2606yes eye on1\n|player|p1|\n", "uploadtime": 1781418558, "views": 5, "formatid": "gen9randombattle", "rating": 1295, "private": 0, "password": null}