{"id": "gen9randombattle-2631617940", "format": "[Gen 9] Random Battle", "players": ["bulrug", "WezTheNub"], "log": "|j|\u203dbulrug\n|j|\u2606WezTheNub\n|t:|1781409629\n|gametype|singles\n|player|p1|bulrug|burglar|2029\n|player|p2|WezTheNub|norman|2050\n|gen|9\n|tier|[Gen 9] Random Battle\n|rated|\n|rule|Species Clause: Limit one of each Pok\u00e9mon\n|rule|HP Percentage Mod: HP is shown in percentages\n|rule|Sleep Clause Mod: Limit one foe put to sleep\n|rule|Illusion Level Mod: Illusion disguises the Pok\u00e9mon's true level\n|\n|t:|1781409629\n|teamsize|p1|6\n|teamsize|p2|6\n|start\n|switch|p1a: Cyclizar|Cyclizar, L83, M|252/252\n|switch|p2a: Rhyperior|Rhyperior, L82, F|323/323\n|turn|1\n|\n|t:|1781409651\n|switch|p2a: Hariyama|Hariyama, L87, M|392/392\n|move|p1a: Cyclizar|Shed Tail|p1a: Cyclizar\n|-start|p1a: Cyclizar|Substitute|[from] move: Shed Tail\n|-damage|p1a: Cyclizar|126/252\n|\n|t:|1781409654\n|switch|p1a: Uxie|Uxie, L83|260/260|[from] Shed Tail\n|\n|upkeep\n|turn|2\n|\n|t:|1781409688\n|move|p1a: Uxie|Psychic Noise|p2a: Hariyama\n|-supereffective|p2a: Hariyama\n|-damage|p2a: Hariyama|288/392\n|-start|p2a: Hariyama|move: Heal Block\n|move|p2a: Hariyama|Knock Off|p1a: Uxie\n|-supereffective|p1a: Uxie\n|-end|p1a: Uxie|Substitute\n|\n|upkeep\n|turn|3\n|\n|t:|1781409717\n|move|p1a: Uxie|Psychic Noise|p2a: Hariyama\n|-supereffective|p2a: Hariyama\n|-damage|p2a: Hariyama|172/392\n|move|p2a: Hariyama|Knock Off|p1a: Uxie\n|-supereffective|p1a: Uxie\n|-damage|p1a: Uxie|134/260\n|-enditem|p1a: Uxie|Leftovers|[from] move: Knock Off|[of] p2a: Hariyama\n|\n|-end|p2a: Hariyama|move: Heal Block\n|upkeep\n|turn|4\n|\n|t:|1781409731\n|switch|p2a: Tornadus|Tornadus-Therian, L79, M|254/254\n|move|p1a: Uxie|Psychic Noise|p2a: Tornadus\n|-damage|p2a: Tornadus|188/254\n|-start|p2a: Tornadus|move: Heal Block\n|\n|upkeep\n|turn|5\n|\n|t:|1781409743\n|move|p2a: Tornadus|Bleakwind Storm|p1a: Uxie|[miss]\n|-miss|p2a: Tornadus|p1a: Uxie\n|move|p1a: Uxie|U-turn|p2a: Tornadus\n|-resisted|p2a: Tornadus\n|-damage|p2a: Tornadus|166/254\n|\n|t:|1781409753\n|switch|p1a: Munkidori|Munkidori, L79, M|269/269|[from] U-turn\n|\n|-end|p2a: Tornadus|move: Heal Block\n|upkeep\n|turn|6\n|\n|t:|1781409763\n|switch|p2a: Necrozma|Necrozma-Dusk-Mane, L69|248/248\n|move|p1a: Munkidori|Sludge Wave|p2a: Necrozma\n|-immune|p2a: Necrozma\n|\n|upkeep\n|turn|7\n|\n|t:|1781409774\n|switch|p1a: Swampert|Swampert, L83, F|302/302\n|move|p2a: Necrozma|Sunsteel Strike|p1a: Swampert\n|-resisted|p1a: Swampert\n|-damage|p1a: Swampert|253/302\n|\n|-heal|p1a: Swampert|271/302|[from] item: Leftovers\n|upkeep\n|turn|8\n|\n|t:|1781409783\n|switch|p2a: Tornadus|Tornadus-Therian, L79, M|250/254\n|move|p1a: Swampert|Roar|p2a: Tornadus\n|drag|p2a: Necrozma|Necrozma-Dusk-Mane, L69|248/248\n|\n|-heal|p1a: Swampert|289/302|[from] item: Leftovers\n|upkeep\n|turn|9\n|\n|t:|1781409788\n|switch|p2a: Tornadus|Tornadus-Therian, L79, M|254/254\n|move|p1a: Swampert|Knock Off|p2a: Tornadus\n|-damage|p2a: Tornadus|176/254\n|-enditem|p2a: Tornadus|Choice Specs|[from] move: Knock Off|[of] p1a: Swampert\n|\n|-heal|p1a: Swampert|302/302|[from] item: Leftovers\n|upkeep\n|turn|10\n|\n|t:|1781409794\n|switch|p1a: Munkidori|Munkidori, L79, M|269/269\n|move|p2a: Tornadus|Bleakwind Storm|p1a: Munkidori\n|-damage|p1a: Munkidori|158/269\n|\n|upkeep\n|turn|11\n|\n|t:|1781409799\n|move|p2a: Tornadus|U-turn|p1a: Munkidori\n|-damage|p1a: Munkidori|100/269\n|\n|t:|1781409801\n|switch|p2a: Necrozma|Necrozma-Dusk-Mane, L69|248/248|[from] U-turn\n|move|p1a: Munkidori|U-turn|p2a: Necrozma\n|-damage|p2a: Necrozma|214/248\n|\n|t:|1781409809\n|switch|p1a: Swampert|Swampert, L83, F|302/302|[from] U-turn\n|\n|upkeep\n|turn|12\n|\n|t:|1781409816\n|switch|p2a: Tornadus|Tornadus-Therian, L79, M|254/254\n|move|p1a: Swampert|Earthquake|p2a: Tornadus\n|-immune|p2a: Tornadus\n|\n|upkeep\n|turn|13\n|\n|t:|1781409821\n|move|p2a: Tornadus|Bleakwind Storm|p1a: Swampert\n|-damage|p1a: Swampert|203/302\n|move|p1a: Swampert|Flip Turn|p2a: Tornadus\n|-damage|p2a: Tornadus|170/254\n|\n|t:|1781409828\n|switch|p1a: Cyclizar|Cyclizar, L83, M|210/252|[from] Flip Turn\n|\n|upkeep\n|turn|14\n|\n|t:|1781409836\n|move|p1a: Cyclizar|Draco Meteor|p2a: Tornadus\n|-damage|p2a: Tornadus|52/254\n|-unboost|p1a: Cyclizar|spa|2\n|move|p2a: Tornadus|Bleakwind Storm|p1a: Cyclizar\n|-damage|p1a: Cyclizar|78/252\n|\n|upkeep\n|turn|15\n|\n|t:|1781409843\n|move|p1a: Cyclizar|Draco Meteor|p2a: Tornadus\n|-damage|p2a: Tornadus|0 fnt\n|-unboost|p1a: Cyclizar|spa|2\n|faint|p2a: Tornadus\n|\n|upkeep\n|\n|t:|1781409857\n|switch|p2a: Zapdos|Zapdos-Galar, L77|265/265\n|turn|16\n|\n|t:|1781409862\n|switch|p1a: Munkidori|Munkidori, L79, M|100/269\n|move|p2a: Zapdos|Bulk Up|p2a: Zapdos\n|-boost|p2a: Zapdos|atk|1\n|-boost|p2a: Zapdos|def|1\n|\n|upkeep\n|turn|17\n|\n|t:|1781409894\n|-terastallize|p2a: Zapdos|Dark\n|move|p1a: Munkidori|Psyshock|p2a: Zapdos\n|-immune|p2a: Zapdos\n|move|p2a: Zapdos|Knock Off|p1a: Munkidori\n|-supereffective|p1a: Munkidori\n|-damage|p1a: Munkidori|0 fnt\n|-enditem|p1a: Munkidori|Choice Specs|[from] move: Knock Off|[of] p2a: Zapdos\n|faint|p1a: Munkidori\n|-damage|p2a: Zapdos|239/265|[from] item: Life Orb\n|\n|upkeep\n|\n|t:|1781409900\n|switch|p1a: Illumise|Illumise, L91, F|266/266\n|turn|18\n|\n|t:|1781409903\n|move|p1a: Illumise|Bug Buzz|p2a: Zapdos\n|-supereffective|p2a: Zapdos\n|-damage|p2a: Zapdos|57/265\n|move|p2a: Zapdos|Brave Bird|p1a: Illumise\n|-supereffective|p1a: Illumise\n|-damage|p1a: Illumise|0 fnt\n|faint|p1a: Illumise\n|-damage|p2a: Zapdos|0 fnt|[from] Recoil\n|faint|p2a: Zapdos\n|\n|upkeep\n|\n|t:|1781409915\n|switch|p1a: Swampert|Swampert, L83, F|203/302\n|switch|p2a: Hariyama|Hariyama, L87, M|172/392\n|turn|19\n|\n|t:|1781409922\n|switch|p2a: Alomomola|Alomomola, L87, F|429/429\n|move|p1a: Swampert|Earthquake|p2a: Alomomola\n|-damage|p2a: Alomomola|318/429\n|\n|-heal|p2a: Alomomola|344/429|[from] item: Leftovers\n|-heal|p1a: Swampert|221/302|[from] item: Leftovers\n|upkeep\n|turn|20\n|\n|t:|1781409927\n|move|p2a: Alomomola|Wish|p2a: Alomomola\n|move|p1a: Swampert|Knock Off|p2a: Alomomola\n|-damage|p2a: Alomomola|265/429\n|-enditem|p2a: Alomomola|Leftovers|[from] move: Knock Off|[of] p1a: Swampert\n|\n|-heal|p1a: Swampert|239/302|[from] item: Leftovers\n|upkeep\n|turn|21\n|\n|t:|1781409931\n|move|p2a: Alomomola|Flip Turn|p1a: Swampert\n|-damage|p1a: Swampert|184/302\n|\n|t:|1781409932\n|switch|p2a: Hariyama|Hariyama, L87, M|172/392|[from] Flip Turn\n|move|p1a: Swampert|Flip Turn|p2a: Hariyama\n|-damage|p2a: Hariyama|90/392\n|\n|t:|1781409936\n|switch|p1a: Uxie|Uxie, L83|134/260|[from] Flip Turn\n|\n|-heal|p2a: Hariyama|304/392|[from] move: Wish|[wisher] Alomomola\n|upkeep\n|turn|22\n|\n|t:|1781409939\n|move|p1a: Uxie|Psychic Noise|p2a: Hariyama\n|-supereffective|p2a: Hariyama\n|-damage|p2a: Hariyama|200/392\n|-start|p2a: Hariyama|move: Heal Block\n|move|p2a: Hariyama|Knock Off|p1a: Uxie\n|-supereffective|p1a: Uxie\n|-damage|p1a: Uxie|48/260\n|\n|upkeep\n|turn|23\n|\n|t:|1781409947\n|move|p1a: Uxie|Psychic Noise|p2a: Hariyama\n|-supereffective|p2a: Hariyama\n|-damage|p2a: Hariyama|84/392\n|move|p2a: Hariyama|Knock Off|p1a: Uxie\n|-supereffective|p1a: Uxie\n|-crit|p1a: Uxie\n|-damage|p1a: Uxie|0 fnt\n|faint|p1a: Uxie\n|\n|-end|p2a: Hariyama|move: Heal Block\n|upkeep\n|\n|t:|1781409954\n|switch|p1a: Swampert|Swampert, L83, F|184/302\n|turn|24\n|\n|t:|1781409957\n|switch|p2a: Alomomola|Alomomola, L87, F|408/429\n|move|p1a: Swampert|Earthquake|p2a: Alomomola\n|-damage|p2a: Alomomola|299/429\n|\n|-heal|p1a: Swampert|202/302|[from] item: Leftovers\n|upkeep\n|turn|25\n|\n|t:|1781409962\n|move|p2a: Alomomola|Scald|p1a: Swampert\n|-damage|p1a: Swampert|150/302\n|-status|p1a: Swampert|brn\n|move|p1a: Swampert|Roar|p2a: Alomomola\n|drag|p2a: Hariyama|Hariyama, L87, M|84/392\n|\n|-heal|p1a: Swampert|168/302 brn|[from] item: Leftovers\n|-damage|p1a: Swampert|150/302 brn|[from] brn\n|upkeep\n|turn|26\n|\n|t:|1781409968\n|switch|p2a: Alomomola|Alomomola, L87, F|429/429\n|move|p1a: Swampert|Earthquake|p2a: Alomomola\n|-damage|p2a: Alomomola|374/429\n|\n|-heal|p1a: Swampert|168/302 brn|[from] item: Leftovers\n|-damage|p1a: Swampert|150/302 brn|[from] brn\n|upkeep\n|turn|27\n|\n|t:|1781409978\n|move|p2a: Alomomola|Scald|p1a: Swampert\n|-damage|p1a: Swampert|98/302 brn\n|move|p1a: Swampert|Flip Turn|p2a: Alomomola\n|-resisted|p2a: Alomomola\n|-damage|p2a: Alomomola|347/429\n|\n|t:|1781409980\n|switch|p1a: Bellossom|Bellossom, L84, F|263/263|[from] Flip Turn\n|\n|upkeep\n|turn|28\n|\n|t:|1781410010\n|move|p2a: Alomomola|Flip Turn|p1a: Bellossom\n|-resisted|p1a: Bellossom\n|-damage|p1a: Bellossom|235/263\n|\n|t:|1781410011\n|switch|p2a: Necrozma|Necrozma-Dusk-Mane, L69|214/248|[from] Flip Turn\n|move|p1a: Bellossom|Quiver Dance|p1a: Bellossom\n|-boost|p1a: Bellossom|spa|1\n|-boost|p1a: Bellossom|spd|1\n|-boost|p1a: Bellossom|spe|1\n|\n|-heal|p1a: Bellossom|251/263|[from] item: Leftovers\n|upkeep\n|turn|29\n|\n|t:|1781410019\n|move|p1a: Bellossom|Quiver Dance|p1a: Bellossom\n|-boost|p1a: Bellossom|spa|1\n|-boost|p1a: Bellossom|spd|1\n|-boost|p1a: Bellossom|spe|1\n|move|p2a: Necrozma|Dragon Dance|p2a: Necrozma\n|-boost|p2a: Necrozma|atk|1\n|-boost|p2a: Necrozma|spe|1\n|\n|-heal|p1a: Bellossom|263/263|[from] item: Leftovers\n|upkeep\n|turn|30\n|\n|t:|1781410033\n|move|p1a: Bellossom|Giga Drain|p2a: Necrozma\n|-resisted|p2a: Necrozma\n|-damage|p2a: Necrozma|142/248\n|move|p2a: Necrozma|Photon Geyser|p1a: Bellossom\n|-crit|p1a: Bellossom\n|-damage|p1a: Bellossom|46/263\n|\n|-heal|p1a: Bellossom|62/263|[from] item: Leftovers\n|upkeep\n|turn|31\n|\n|t:|1781410039\n|move|p1a: Bellossom|Strength Sap|p2a: Necrozma\n|-unboost|p2a: Necrozma|atk|1\n|-heal|p1a: Bellossom|263/263\n|move|p2a: Necrozma|Dragon Dance|p2a: Necrozma\n|-boost|p2a: Necrozma|atk|1\n|-boost|p2a: Necrozma|spe|1\n|\n|upkeep\n|turn|32\n|\n|t:|1781410044\n|move|p2a: Necrozma|Photon Geyser|p1a: Bellossom\n|-damage|p1a: Bellossom|100/263\n|move|p1a: Bellossom|Quiver Dance|p1a: Bellossom\n|-boost|p1a: Bellossom|spa|1\n|-boost|p1a: Bellossom|spd|1\n|-boost|p1a: Bellossom|spe|1\n|\n|-heal|p1a: Bellossom|116/263|[from] item: Leftovers\n|upkeep\n|turn|33\n|\n|t:|1781410047\n|move|p1a: Bellossom|Strength Sap|p2a: Necrozma\n|-unboost|p2a: Necrozma|atk|1\n|-heal|p1a: Bellossom|263/263\n|move|p2a: Necrozma|Dragon Dance|p2a: Necrozma\n|-boost|p2a: Necrozma|atk|1\n|-boost|p2a: Necrozma|spe|1\n|\n|upkeep\n|turn|34\n|\n|t:|1781410050\n|move|p2a: Necrozma|Dragon Dance|p2a: Necrozma\n|-boost|p2a: Necrozma|atk|1\n|-boost|p2a: Necrozma|spe|1\n|move|p1a: Bellossom|Giga Drain|p2a: Necrozma\n|-resisted|p2a: Necrozma\n|-crit|p2a: Necrozma\n|-damage|p2a: Necrozma|0 fnt\n|faint|p2a: Necrozma\n|\n|upkeep\n|-message|WezTheNub forfeited.\n|\n|win|bulrug\n", "uploadtime": 1781409631, "views": 3, "formatid": "gen9randombattle", "rating": null, "private": 0, "password": null}