{"id": "gen9randombattle-2631462674", "format": "[Gen 9] Random Battle", "players": ["Jfsosa10", "Jonkwell"], "log": "|j|\u2606Jfsosa10\n|j|\u2606Jonkwell\n|t:|1781387712\n|gametype|singles\n|player|p1|Jfsosa10|102|1486\n|player|p2|Jonkwell|1|1493\n|gen|9\n|tier|[Gen 9] Random Battle\n|rated|\n|rule|Species Clause: Limit one of each Pok\u00e9mon\n|rule|HP Percentage Mod: HP is shown in percentages\n|rule|Sleep Clause Mod: Limit one foe put to sleep\n|rule|Illusion Level Mod: Illusion disguises the Pok\u00e9mon's true level\n|\n|t:|1781387712\n|teamsize|p1|6\n|teamsize|p2|6\n|start\n|switch|p1a: Raichu|Raichu, L88, M|249/249\n|switch|p2a: Baxcalibur|Baxcalibur, L75, F|296/296\n|turn|1\n|\n|t:|1781387719\n|move|p1a: Raichu|Focus Blast|p2a: Baxcalibur\n|-supereffective|p2a: Baxcalibur\n|-crit|p2a: Baxcalibur\n|-damage|p2a: Baxcalibur|0 fnt\n|faint|p2a: Baxcalibur\n|\n|upkeep\n|\n|t:|1781387730\n|switch|p2a: Torterra|Torterra, L78, M|276/276\n|turn|2\n|\n|t:|1781387737\n|switch|p1a: Grafaiai|Grafaiai, L86, M|249/249\n|move|p2a: Torterra|Shell Smash|p2a: Torterra\n|-unboost|p2a: Torterra|def|1\n|-unboost|p2a: Torterra|spd|1\n|-boost|p2a: Torterra|atk|2\n|-boost|p2a: Torterra|spa|2\n|-boost|p2a: Torterra|spe|2\n|\n|upkeep\n|turn|3\n|\n|t:|1781387746\n|move|p1a: Grafaiai|Encore|p2a: Torterra\n|-start|p2a: Torterra|Encore\n|move|p2a: Torterra|Shell Smash|p2a: Torterra\n|-unboost|p2a: Torterra|def|1\n|-unboost|p2a: Torterra|spd|1\n|-boost|p2a: Torterra|atk|2\n|-boost|p2a: Torterra|spa|2\n|-boost|p2a: Torterra|spe|2\n|\n|upkeep\n|turn|4\n|\n|t:|1781387756\n|switch|p2a: Houndoom|Houndoom, L87, F|272/272\n|move|p1a: Grafaiai|Parting Shot|p2a: Houndoom\n|-hint|Since gen 7, Dark is immune to Prankster moves.\n|-immune|p2a: Houndoom\n|\n|upkeep\n|turn|5\n|\n|t:|1781387765\n|move|p1a: Grafaiai|Knock Off|p2a: Houndoom\n|-resisted|p2a: Houndoom\n|-damage|p2a: Houndoom|225/272\n|-enditem|p2a: Houndoom|Heavy-Duty Boots|[from] move: Knock Off|[of] p1a: Grafaiai\n|move|p2a: Houndoom|Nasty Plot|p2a: Houndoom\n|-boost|p2a: Houndoom|spa|2\n|\n|upkeep\n|turn|6\n|\n|t:|1781387773\n|move|p1a: Grafaiai|Gunk Shot|p2a: Houndoom\n|-damage|p2a: Houndoom|24/272\n|move|p2a: Houndoom|Fire Blast|p1a: Grafaiai|[miss]\n|-miss|p2a: Houndoom|p1a: Grafaiai\n|\n|upkeep\n|turn|7\n|\n|t:|1781387780\n|move|p2a: Houndoom|Sucker Punch|p1a: Grafaiai\n|-crit|p1a: Grafaiai\n|-damage|p1a: Grafaiai|107/249\n|move|p1a: Grafaiai|Knock Off|p2a: Houndoom\n|-resisted|p2a: Houndoom\n|-damage|p2a: Houndoom|0 fnt\n|faint|p2a: Houndoom\n|\n|upkeep\n|\n|t:|1781387788\n|switch|p2a: Cacturne|Cacturne, L92, F|278/278\n|turn|8\n|\n|t:|1781387792\n|move|p2a: Cacturne|Sucker Punch|p1a: Grafaiai\n|-damage|p1a: Grafaiai|0 fnt\n|faint|p1a: Grafaiai\n|-damage|p2a: Cacturne|251/278|[from] item: Life Orb\n|\n|upkeep\n|\n|t:|1781387796\n|switch|p1a: Scizor|Scizor, L79, F|240/240\n|turn|9\n|\n|t:|1781387808\n|move|p2a: Cacturne|Swords Dance|p2a: Cacturne\n|-boost|p2a: Cacturne|atk|2\n|move|p1a: Scizor|U-turn|p2a: Cacturne\n|-supereffective|p2a: Cacturne\n|-damage|p2a: Cacturne|0 fnt\n|faint|p2a: Cacturne\n|-message|Jonkwell forfeited.\n|\n|win|Jfsosa10\n|raw|Jfsosa10's rating: 1486 &rarr; <strong>1506</strong><br />(+20 for winning)\n|raw|Jonkwell's rating: 1493 &rarr; <strong>1473</strong><br />(-20 for losing)\n|l|\u2606Jonkwell\n|player|p2|\n", "uploadtime": 1781387816, "views": 4, "formatid": "gen9randombattle", "rating": 1473, "private": 0, "password": null}