{"id": "gen9randombattle-2632006774", "format": "[Gen 9] Random Battle", "players": ["rinigan_minato", "l3ague0fShadows"], "log": "|j|\u2606rinigan_minato\n|j|\u2606l3ague0fShadows\n|t:|1781465232\n|gametype|singles\n|player|p1|rinigan_minato|volkner|1704\n|player|p2|l3ague0fShadows|1|1711\n|gen|9\n|tier|[Gen 9] Random Battle\n|rated|\n|rule|Species Clause: Limit one of each Pok\u00e9mon\n|rule|HP Percentage Mod: HP is shown in percentages\n|rule|Sleep Clause Mod: Limit one foe put to sleep\n|rule|Illusion Level Mod: Illusion disguises the Pok\u00e9mon's true level\n|\n|t:|1781465232\n|teamsize|p1|6\n|teamsize|p2|6\n|start\n|switch|p1a: Wugtrio|Wugtrio, L91, F|212/212\n|switch|p2a: Terapagos|Terapagos, L77, M|265/265\n|-activate|p2a: Terapagos|ability: Tera Shift\n|detailschange|p2a: Terapagos|Terapagos-Terastal, L77, M\n|-heal|p2a: Terapagos|273/273|[silent]\n|turn|1\n|inactive|Battle timer is ON: inactive players will automatically lose when time's up. (requested by l3ague0fShadows)\n|\n|t:|1781465240\n|switch|p2a: Wyrdeer|Wyrdeer, L87, M|321/321\n|-ability|p2a: Wyrdeer|Intimidate|boost\n|-unboost|p1a: Wugtrio|atk|1\n|move|p1a: Wugtrio|Liquidation|p2a: Wyrdeer\n|-damage|p2a: Wyrdeer|201/321\n|\n|-heal|p2a: Wyrdeer|221/321|[from] item: Leftovers\n|upkeep\n|turn|2\n|\n|t:|1781465251\n|switch|p1a: Mabosstiff|Mabosstiff, L86, F|278/278\n|move|p2a: Wyrdeer|Thunder Wave|p1a: Mabosstiff\n|-status|p1a: Mabosstiff|par\n|\n|-heal|p2a: Wyrdeer|241/321|[from] item: Leftovers\n|upkeep\n|turn|3\n|\n|t:|1781465262\n|switch|p2a: Gurdurr|Gurdurr, L85, M|283/283\n|move|p1a: Mabosstiff|Crunch|p2a: Gurdurr\n|-resisted|p2a: Gurdurr\n|-damage|p2a: Gurdurr|185/283\n|\n|upkeep\n|turn|4\n|\n|t:|1781465274\n|switch|p1a: Wugtrio|Wugtrio, L91, F|212/212\n|move|p2a: Gurdurr|Drain Punch|p1a: Wugtrio\n|-damage|p1a: Wugtrio|95/212\n|-heal|p2a: Gurdurr|244/283|[from] drain|[of] p1a: Wugtrio\n|-ability|p1a: Wugtrio|Gooey\n|-unboost|p2a: Gurdurr|spe|1\n|\n|upkeep\n|turn|5\n|\n|t:|1781465284\n|move|p1a: Wugtrio|Liquidation|p2a: Gurdurr\n|-damage|p2a: Gurdurr|139/283\n|move|p2a: Gurdurr|Drain Punch|p1a: Wugtrio\n|-crit|p1a: Wugtrio\n|-damage|p1a: Wugtrio|0 fnt\n|-heal|p2a: Gurdurr|187/283|[from] drain|[of] p1a: Wugtrio\n|-ability|p1a: Wugtrio|Gooey\n|-unboost|p2a: Gurdurr|spe|1\n|faint|p1a: Wugtrio\n|\n|upkeep\n|\n|t:|1781465290\n|switch|p1a: Bruxish|Bruxish, L85, F|254/254\n|turn|6\n|\n|t:|1781465295\n|switch|p2a: Wyrdeer|Wyrdeer, L87, M|241/321\n|-ability|p2a: Wyrdeer|Intimidate|boost\n|-unboost|p1a: Bruxish|atk|1\n|move|p1a: Bruxish|Wave Crash|p2a: Wyrdeer\n|-damage|p2a: Wyrdeer|96/321\n|-damage|p1a: Bruxish|206/254|[from] Recoil\n|\n|-heal|p2a: Wyrdeer|116/321|[from] item: Leftovers\n|upkeep\n|turn|7\n|\n|t:|1781465306\n|move|p1a: Bruxish|Wave Crash|p2a: Wyrdeer\n|-damage|p2a: Wyrdeer|0 fnt\n|faint|p2a: Wyrdeer\n|-damage|p1a: Bruxish|168/254|[from] Recoil\n|\n|upkeep\n|l|\u2606l3ague0fShadows\n|inactive|l3ague0fShadows disconnected and has a minute to reconnect!\n|player|p2|\n|j|\u2606l3ague0fShadows\n|inactive|l3ague0fShadows reconnected and has 140 seconds left.\n|player|p2|l3ague0fShadows|1|\n|\n|t:|1781465319\n|switch|p2a: Gurdurr|Gurdurr, L85, M|187/283\n|turn|8\n|\n|t:|1781465325\n|switch|p1a: Gengar|Gengar, L81, F|230/230\n|move|p2a: Gurdurr|Knock Off|p1a: Gengar\n|-supereffective|p1a: Gengar\n|-damage|p1a: Gengar|14/230\n|-enditem|p1a: Gengar|Choice Specs|[from] move: Knock Off|[of] p2a: Gurdurr\n|\n|upkeep\n|turn|9\n|\n|t:|1781465334\n|move|p1a: Gengar|Trick|p2a: Gurdurr\n|-activate|p1a: Gengar|move: Trick|[of] p2a: Gurdurr\n|-enditem|p2a: Gurdurr|Eviolite|[silent]|[from] move: Trick\n|-item|p1a: Gengar|Eviolite|[from] move: Trick\n|move|p2a: Gurdurr|Knock Off|p1a: Gengar\n|-supereffective|p1a: Gengar\n|-damage|p1a: Gengar|0 fnt\n|-enditem|p1a: Gengar|Eviolite|[from] move: Knock Off|[of] p2a: Gurdurr\n|faint|p1a: Gengar\n|\n|upkeep\n|\n|t:|1781465342\n|switch|p1a: Bruxish|Bruxish, L85, F|168/254\n|turn|10\n|\n|t:|1781465344\n|move|p1a: Bruxish|Psychic Fangs|p2a: Gurdurr\n|-supereffective|p2a: Gurdurr\n|-damage|p2a: Gurdurr|0 fnt\n|faint|p2a: Gurdurr\n|\n|upkeep\n|\n|t:|1781465355\n|switch|p2a: Haxorus|Haxorus, L77, F|244/244\n|-ability|p2a: Haxorus|Mold Breaker\n|turn|11\n|\n|t:|1781465362\n|-terastallize|p1a: Bruxish|Psychic\n|move|p1a: Bruxish|Psychic Fangs|p2a: Haxorus\n|-damage|p2a: Haxorus|0 fnt\n|faint|p2a: Haxorus\n|\n|upkeep\n|\n|t:|1781465370\n|switch|p2a: Terrakion|Terrakion, L79|273/273\n|turn|12\n|\n|t:|1781465387\n|move|p2a: Terrakion|Stone Edge|p1a: Bruxish\n|-damage|p1a: Bruxish|0 fnt\n|faint|p1a: Bruxish\n|\n|upkeep\n|\n|t:|1781465392\n|switch|p1a: Metagross|Metagross, L79|256/256\n|turn|13\n|\n|t:|1781465396\n|switch|p2a: Terapagos|Terapagos-Terastal, L77, M|273/273\n|move|p1a: Metagross|Agility|p1a: Metagross\n|-boost|p1a: Metagross|spe|2\n|\n|upkeep\n|turn|14\n|\n|t:|1781465404\n|move|p1a: Metagross|Knock Off|p2a: Terapagos\n|-activate|p2a: Terapagos|ability: Tera Shell\n|-resisted|p2a: Terapagos\n|-damage|p2a: Terapagos|239/273\n|-enditem|p2a: Terapagos|Chesto Berry|[from] move: Knock Off|[of] p1a: Metagross\n|move|p2a: Terapagos|Calm Mind|p2a: Terapagos\n|-boost|p2a: Terapagos|spa|1\n|-boost|p2a: Terapagos|spd|1\n|\n|upkeep\n|turn|15\n|\n|t:|1781465419\n|move|p1a: Metagross|Heavy Slam|p2a: Terapagos\n|-damage|p2a: Terapagos|95/273\n|move|p2a: Terapagos|Earth Power|p1a: Metagross\n|-supereffective|p1a: Metagross\n|-damage|p1a: Metagross|72/256\n|-enditem|p1a: Metagross|Weakness Policy\n|-boost|p1a: Metagross|atk|2|[from] item: Weakness Policy\n|-boost|p1a: Metagross|spa|2|[from] item: Weakness Policy\n|\n|upkeep\n|turn|16\n|\n|t:|1781465425\n|move|p1a: Metagross|Heavy Slam|p2a: Terapagos\n|-damage|p2a: Terapagos|0 fnt\n|faint|p2a: Terapagos\n|\n|upkeep\n|\n|t:|1781465433\n|switch|p2a: Terrakion|Terrakion, L79|273/273\n|turn|17\n|\n|t:|1781465439\n|move|p2a: Terrakion|Quick Attack|p1a: Metagross\n|-resisted|p1a: Metagross\n|-damage|p1a: Metagross|55/256\n|move|p1a: Metagross|Heavy Slam|p2a: Terrakion\n|-supereffective|p2a: Terrakion\n|-damage|p2a: Terrakion|0 fnt\n|faint|p2a: Terrakion\n|\n|upkeep\n|\n|t:|1781465442\n|switch|p2a: Frosmoth|Frosmoth, L82, F|249/249\n|turn|18\n|\n|t:|1781465457\n|-terastallize|p2a: Frosmoth|Water\n|move|p1a: Metagross|Earthquake|p2a: Frosmoth\n|-damage|p2a: Frosmoth|49/249\n|move|p2a: Frosmoth|Giga Drain|p1a: Metagross\n|-resisted|p1a: Metagross\n|-damage|p1a: Metagross|23/256\n|-heal|p2a: Frosmoth|65/249|[from] drain|[of] p1a: Metagross\n|\n|upkeep\n|turn|19\n|\n|t:|1781465463\n|move|p1a: Metagross|Earthquake|p2a: Frosmoth\n|-damage|p2a: Frosmoth|0 fnt\n|faint|p2a: Frosmoth\n|\n|win|rinigan_minato\n|raw|rinigan_minato's rating: 1704 &rarr; <strong>1724</strong><br />(+20 for winning)\n|raw|l3ague0fShadows's rating: 1711 &rarr; <strong>1691</strong><br />(-20 for losing)\n", "uploadtime": 1781465468, "views": 4, "formatid": "gen9randombattle", "rating": 1691, "private": 0, "password": null}