{"id": "gen9randombattle-2631490798", "format": "[Gen 9] Random Battle", "players": ["endallbeallball", "Profschnitzel"], "log": "|j|\u2606endallbeallball\n|j|\u2606Profschnitzel\n|t:|1781391709\n|gametype|singles\n|player|p1|endallbeallball|medium|1985\n|player|p2|Profschnitzel|steven|2006\n|gen|9\n|tier|[Gen 9] Random Battle\n|rated|\n|rule|Species Clause: Limit one of each Pok\u00e9mon\n|rule|HP Percentage Mod: HP is shown in percentages\n|rule|Sleep Clause Mod: Limit one foe put to sleep\n|rule|Illusion Level Mod: Illusion disguises the Pok\u00e9mon's true level\n|\n|t:|1781391709\n|teamsize|p1|6\n|teamsize|p2|6\n|start\n|switch|p1a: Roaring Moon|Roaring Moon, L72|270/270\n|switch|p2a: Lucario|Lucario, L84, M|255/255\n|turn|1\n|inactive|Battle timer is ON: inactive players will automatically lose when time's up. (requested by Profschnitzel)\n|\n|t:|1781391728\n|switch|p2a: Forretress|Forretress, L84, M|263/263\n|move|p1a: Roaring Moon|U-turn|p2a: Forretress\n|-resisted|p2a: Forretress\n|-damage|p2a: Forretress|238/263\n|\n|t:|1781391731\n|-end|p1a: Roaring Moon|Protosynthesis|[silent]\n|switch|p1a: Volcarona|Volcarona, L77, M|257/257|[from] U-turn\n|\n|-heal|p2a: Forretress|254/263|[from] item: Leftovers\n|upkeep\n|turn|2\n|\n|t:|1781391745\n|switch|p2a: Swalot|Swalot, L90, M|326/326\n|move|p1a: Volcarona|Fire Blast|p2a: Swalot\n|-damage|p2a: Swalot|200/326\n|\n|-heal|p2a: Swalot|220/326|[from] item: Leftovers\n|upkeep\n|turn|3\n|\n|t:|1781391750\n|switch|p1a: Scizor|Scizor, L79, F|240/240\n|move|p2a: Swalot|Toxic|p1a: Scizor\n|-immune|p1a: Scizor\n|\n|-heal|p2a: Swalot|240/326|[from] item: Leftovers\n|upkeep\n|turn|4\n|\n|t:|1781391757\n|move|p2a: Swalot|Protect|p2a: Swalot\n|-singleturn|p2a: Swalot|Protect\n|move|p1a: Scizor|Knock Off|p2a: Swalot\n|-activate|p2a: Swalot|move: Protect\n|\n|-heal|p2a: Swalot|260/326|[from] item: Leftovers\n|upkeep\n|turn|5\n|\n|t:|1781391761\n|switch|p2a: Magmortar|Magmortar, L88, M|275/275\n|move|p1a: Scizor|Knock Off|p2a: Magmortar\n|-damage|p2a: Magmortar|179/275\n|-enditem|p2a: Magmortar|Heavy-Duty Boots|[from] move: Knock Off|[of] p1a: Scizor\n|\n|upkeep\n|turn|6\n|\n|t:|1781391779\n|switch|p1a: Roaring Moon|Roaring Moon, L72|270/270\n|move|p2a: Magmortar|Knock Off|p1a: Roaring Moon\n|-resisted|p1a: Roaring Moon\n|-damage|p1a: Roaring Moon|224/270\n|-enditem|p1a: Roaring Moon|Choice Band|[from] move: Knock Off|[of] p2a: Magmortar\n|\n|upkeep\n|turn|7\n|\n|t:|1781391787\n|switch|p2a: Forretress|Forretress, L84, M|254/263\n|move|p1a: Roaring Moon|U-turn|p2a: Forretress\n|-resisted|p2a: Forretress\n|-damage|p2a: Forretress|237/263\n|\n|t:|1781391791\n|-end|p1a: Roaring Moon|Protosynthesis|[silent]\n|switch|p1a: Volcarona|Volcarona, L77, M|257/257|[from] U-turn\n|\n|-heal|p2a: Forretress|253/263|[from] item: Leftovers\n|upkeep\n|turn|8\n|\n|t:|1781391796\n|switch|p2a: Oricorio|Oricorio-Sensu, L85, F|266/266\n|move|p1a: Volcarona|Fire Blast|p2a: Oricorio\n|-damage|p2a: Oricorio|110/266\n|\n|upkeep\n|turn|9\n|\n|t:|1781391809\n|switch|p1a: Scizor|Scizor, L79, F|240/240\n|move|p2a: Oricorio|Quiver Dance|p2a: Oricorio\n|-boost|p2a: Oricorio|spa|1\n|-boost|p2a: Oricorio|spd|1\n|-boost|p2a: Oricorio|spe|1\n|\n|upkeep\n|turn|10\n|\n|t:|1781391813\n|switch|p2a: Forretress|Forretress, L84, M|253/263\n|move|p1a: Scizor|Knock Off|p2a: Forretress\n|-damage|p2a: Forretress|195/263\n|-enditem|p2a: Forretress|Leftovers|[from] move: Knock Off|[of] p1a: Scizor\n|\n|upkeep\n|turn|11\n|\n|t:|1781391816\n|move|p1a: Scizor|Close Combat|p2a: Forretress\n|-damage|p2a: Forretress|133/263\n|-unboost|p1a: Scizor|def|1\n|-unboost|p1a: Scizor|spd|1\n|move|p2a: Forretress|Toxic Spikes|p1a: Scizor\n|-sidestart|p1: endallbeallball|move: Toxic Spikes\n|\n|upkeep\n|turn|12\n|\n|t:|1781391819\n|move|p1a: Scizor|Close Combat|p2a: Forretress\n|-damage|p2a: Forretress|69/263\n|-unboost|p1a: Scizor|def|1\n|-unboost|p1a: Scizor|spd|1\n|move|p2a: Forretress|Volt Switch|p1a: Scizor\n|-damage|p1a: Scizor|164/240\n|\n|t:|1781391828\n|switch|p2a: Magmortar|Magmortar, L88, M|179/275|[from] Volt Switch\n|\n|-heal|p1a: Scizor|179/240|[from] item: Leftovers\n|upkeep\n|turn|13\n|\n|t:|1781391836\n|switch|p1a: Latias|Latias, L79, F|256/256\n|move|p2a: Magmortar|Fire Blast|p1a: Latias|[miss]\n|-miss|p2a: Magmortar|p1a: Latias\n|\n|upkeep\n|turn|14\n|\n|t:|1781391840\n|move|p1a: Latias|Draco Meteor|p2a: Magmortar\n|-damage|p2a: Magmortar|41/275\n|-unboost|p1a: Latias|spa|2\n|move|p2a: Magmortar|Knock Off|p1a: Latias\n|-supereffective|p1a: Latias\n|-damage|p1a: Latias|108/256\n|-enditem|p1a: Latias|Soul Dew|[from] move: Knock Off|[of] p2a: Magmortar\n|\n|upkeep\n|turn|15\n|\n|t:|1781391847\n|switch|p2a: Enamorus|Enamorus-Therian, L83, F|259/259\n|move|p1a: Latias|Recover|p1a: Latias\n|-heal|p1a: Latias|236/256\n|\n|upkeep\n|turn|16\n|\n|t:|1781391853\n|switch|p1a: Roaring Moon|Roaring Moon, L72|224/270\n|-status|p1a: Roaring Moon|psn\n|move|p2a: Enamorus|Agility|p2a: Enamorus\n|-boost|p2a: Enamorus|spe|2\n|\n|-damage|p1a: Roaring Moon|191/270 psn|[from] psn\n|upkeep\n|turn|17\n|\n|t:|1781391865\n|move|p2a: Enamorus|Moonblast|p1a: Roaring Moon\n|-supereffective|p1a: Roaring Moon\n|-damage|p1a: Roaring Moon|0 fnt\n|faint|p1a: Roaring Moon\n|-end|p1a: Roaring Moon|Protosynthesis|[silent]\n|\n|upkeep\n|inactive|endallbeallball has 120 seconds left.\n|\n|t:|1781391898\n|switch|p1a: Grafaiai|Grafaiai, L86, F|249/249\n|-sideend|p1: endallbeallball|move: Toxic Spikes|[of] p1a: Grafaiai\n|turn|18\n|\n|t:|1781391904\n|-terastallize|p2a: Enamorus|Ground\n|move|p2a: Enamorus|Earth Power|p1a: Grafaiai\n|-supereffective|p1a: Grafaiai\n|-damage|p1a: Grafaiai|0 fnt\n|faint|p1a: Grafaiai\n|\n|upkeep\n|\n|t:|1781391908\n|switch|p1a: Mimikyu|Mimikyu, L79, M|216/216\n|turn|19\n|\n|t:|1781391913\n|move|p2a: Enamorus|Moonblast|p1a: Mimikyu\n|-activate|p1a: Mimikyu|ability: Disguise\n|-damage|p1a: Mimikyu|216/216\n|detailschange|p1a: Mimikyu|Mimikyu-Busted, L79, M\n|-damage|p1a: Mimikyu|189/216|[from] pokemon: Mimikyu-Busted\n|move|p1a: Mimikyu|Shadow Claw|p2a: Enamorus\n|-damage|p2a: Enamorus|189/259\n|-damage|p1a: Mimikyu|168/216|[from] item: Life Orb\n|\n|upkeep\n|turn|20\n|\n|t:|1781391921\n|move|p1a: Mimikyu|Shadow Sneak|p2a: Enamorus\n|-damage|p2a: Enamorus|149/259\n|-damage|p1a: Mimikyu|147/216|[from] item: Life Orb\n|move|p2a: Enamorus|Earth Power|p1a: Mimikyu\n|-damage|p1a: Mimikyu|35/216\n|\n|upkeep\n|turn|21\n|\n|t:|1781391925\n|move|p1a: Mimikyu|Shadow Sneak|p2a: Enamorus\n|-damage|p2a: Enamorus|110/259\n|-damage|p1a: Mimikyu|14/216|[from] item: Life Orb\n|move|p2a: Enamorus|Earth Power|p1a: Mimikyu\n|-damage|p1a: Mimikyu|0 fnt\n|faint|p1a: Mimikyu\n|\n|upkeep\n|\n|t:|1781391932\n|switch|p1a: Scizor|Scizor, L79, F|179/240\n|turn|22\n|\n|t:|1781391935\n|move|p1a: Scizor|Bullet Punch|p2a: Enamorus\n|-damage|p2a: Enamorus|44/259\n|move|p2a: Enamorus|Earth Power|p1a: Scizor\n|-damage|p1a: Scizor|52/240\n|\n|-heal|p1a: Scizor|67/240|[from] item: Leftovers\n|upkeep\n|turn|23\n|\n|t:|1781391940\n|move|p1a: Scizor|Bullet Punch|p2a: Enamorus\n|-damage|p2a: Enamorus|0 fnt\n|faint|p2a: Enamorus\n|\n|-heal|p1a: Scizor|82/240|[from] item: Leftovers\n|upkeep\n|\n|t:|1781391942\n|switch|p2a: Magmortar|Magmortar, L88, M|41/275\n|turn|24\n|\n|t:|1781391950\n|move|p1a: Scizor|Bullet Punch|p2a: Magmortar\n|-resisted|p2a: Magmortar\n|-damage|p2a: Magmortar|0 fnt\n|-status|p1a: Scizor|brn|[from] ability: Flame Body|[of] p2a: Magmortar\n|faint|p2a: Magmortar\n|\n|-heal|p1a: Scizor|97/240 brn|[from] item: Leftovers\n|-damage|p1a: Scizor|82/240 brn|[from] brn\n|upkeep\n|\n|t:|1781391953\n|switch|p2a: Oricorio|Oricorio-Sensu, L85, F|110/266\n|turn|25\n|\n|t:|1781391959\n|move|p2a: Oricorio|Quiver Dance|p2a: Oricorio\n|-boost|p2a: Oricorio|spa|1\n|-boost|p2a: Oricorio|spd|1\n|-boost|p2a: Oricorio|spe|1\n|move|p1a: Scizor|Knock Off|p2a: Oricorio\n|-supereffective|p2a: Oricorio\n|-damage|p2a: Oricorio|15/266\n|-enditem|p2a: Oricorio|Heavy-Duty Boots|[from] move: Knock Off|[of] p1a: Scizor\n|\n|-heal|p1a: Scizor|97/240 brn|[from] item: Leftovers\n|-damage|p1a: Scizor|82/240 brn|[from] brn\n|upkeep\n|turn|26\n|\n|t:|1781391967\n|switch|p2a: Swalot|Swalot, L90, M|260/326\n|move|p1a: Scizor|Bullet Punch|p2a: Swalot\n|-damage|p2a: Swalot|226/326\n|\n|-heal|p2a: Swalot|246/326|[from] item: Leftovers\n|-heal|p1a: Scizor|97/240 brn|[from] item: Leftovers\n|-damage|p1a: Scizor|82/240 brn|[from] brn\n|upkeep\n|turn|27\n|\n|t:|1781391978\n|switch|p2a: Oricorio|Oricorio-Sensu, L85, F|15/266\n|move|p1a: Scizor|Knock Off|p2a: Oricorio\n|-supereffective|p2a: Oricorio\n|-damage|p2a: Oricorio|0 fnt\n|faint|p2a: Oricorio\n|\n|-heal|p1a: Scizor|97/240 brn|[from] item: Leftovers\n|-damage|p1a: Scizor|82/240 brn|[from] brn\n|upkeep\n|\n|t:|1781391980\n|switch|p2a: Lucario|Lucario, L84, M|255/255\n|turn|28\n|\n|t:|1781391984\n|move|p2a: Lucario|Nasty Plot|p2a: Lucario\n|-boost|p2a: Lucario|spa|2\n|move|p1a: Scizor|Close Combat|p2a: Lucario\n|-supereffective|p2a: Lucario\n|-damage|p2a: Lucario|138/255\n|-unboost|p1a: Scizor|def|1\n|-unboost|p1a: Scizor|spd|1\n|\n|-heal|p1a: Scizor|97/240 brn|[from] item: Leftovers\n|-damage|p1a: Scizor|82/240 brn|[from] brn\n|upkeep\n|turn|29\n|\n|t:|1781391988\n|move|p2a: Lucario|Vacuum Wave|p1a: Scizor\n|-damage|p1a: Scizor|0 fnt\n|faint|p1a: Scizor\n|-damage|p2a: Lucario|113/255|[from] item: Life Orb\n|\n|upkeep\n|\n|t:|1781391991\n|switch|p1a: Latias|Latias, L79, F|236/256\n|turn|30\n|\n|t:|1781391994\n|move|p1a: Latias|Psyshock|p2a: Lucario\n|-damage|p2a: Lucario|14/255\n|move|p2a: Lucario|Flash Cannon|p1a: Latias\n|-damage|p1a: Latias|41/256\n|-damage|p2a: Lucario|0 fnt|[from] item: Life Orb\n|faint|p2a: Lucario\n|\n|upkeep\n|\n|t:|1781392001\n|switch|p2a: Swalot|Swalot, L90, M|246/326\n|turn|31\n|\n|t:|1781392004\n|-terastallize|p1a: Latias|Steel\n|move|p1a: Latias|Recover|p1a: Latias\n|-heal|p1a: Latias|169/256\n|move|p2a: Swalot|Sludge Bomb|p1a: Latias\n|-immune|p1a: Latias\n|\n|-heal|p2a: Swalot|266/326|[from] item: Leftovers\n|upkeep\n|turn|32\n|-message|Profschnitzel forfeited.\n|\n|win|endallbeallball\n", "uploadtime": 1781391712, "views": 4, "formatid": "gen9randombattle", "rating": null, "private": 0, "password": null}