{"id": "gen9randombattle-2631611422", "format": "[Gen 9] Random Battle", "players": ["itsbaloney", "superdogger"], "log": "|j|\u2606itsbaloney\n|j|\u2606superdogger\n|t:|1781408639\n|gametype|singles\n|player|p1|itsbaloney|giovanni|2010\n|player|p2|superdogger|170|1989\n|gen|9\n|tier|[Gen 9] Random Battle\n|rated|\n|rule|Species Clause: Limit one of each Pok\u00e9mon\n|rule|HP Percentage Mod: HP is shown in percentages\n|rule|Sleep Clause Mod: Limit one foe put to sleep\n|rule|Illusion Level Mod: Illusion disguises the Pok\u00e9mon's true level\n|\n|t:|1781408639\n|teamsize|p1|6\n|teamsize|p2|6\n|start\n|switch|p1a: Pikachu|Pikachu-Hoenn, L93, M|216/216\n|switch|p2a: Ogerpon|Ogerpon-Hearthflame, L74, F|239/239\n|-ability|p2a: Ogerpon|Mold Breaker\n|turn|1\n|inactive|Battle timer is ON: inactive players will automatically lose when time's up. (requested by superdogger)\n|\n|t:|1781408651\n|switch|p1a: Palkia|Palkia, L75|259/259\n|-ability|p1a: Palkia|Pressure\n|move|p2a: Ogerpon|Trailblaze|p1a: Palkia\n|-damage|p1a: Palkia|195/259\n|-boost|p2a: Ogerpon|spe|1\n|\n|upkeep\n|turn|2\n|\n|t:|1781408658\n|move|p2a: Ogerpon|Swords Dance|p2a: Ogerpon\n|-boost|p2a: Ogerpon|atk|2\n|move|p1a: Palkia|Spacial Rend|p2a: Ogerpon\n|-damage|p2a: Ogerpon|52/239\n|\n|upkeep\n|turn|3\n|\n|t:|1781408663\n|move|p2a: Ogerpon|Horn Leech|p1a: Palkia\n|-damage|p1a: Palkia|21/259\n|-heal|p2a: Ogerpon|139/239|[from] drain|[of] p1a: Palkia\n|move|p1a: Palkia|Spacial Rend|p2a: Ogerpon\n|-damage|p2a: Ogerpon|0 fnt\n|faint|p2a: Ogerpon\n|\n|upkeep\n|\n|t:|1781408676\n|switch|p2a: Toedscruel|Toedscruel, L87, M|281/281\n|turn|4\n|\n|t:|1781408682\n|switch|p1a: Dodrio|Dodrio, L85, M|241/241\n|move|p2a: Toedscruel|Knock Off|p1a: Dodrio\n|-crit|p1a: Dodrio\n|-damage|p1a: Dodrio|138/241\n|-enditem|p1a: Dodrio|Choice Band|[from] move: Knock Off|[of] p2a: Toedscruel\n|\n|upkeep\n|turn|5\n|\n|t:|1781408697\n|switch|p2a: Tornadus|Tornadus-Therian, L79, M|254/254\n|move|p1a: Dodrio|Double-Edge|p2a: Tornadus\n|-crit|p2a: Tornadus\n|-damage|p2a: Tornadus|25/254\n|-damage|p1a: Dodrio|62/241|[from] Recoil\n|\n|upkeep\n|turn|6\n|\n|t:|1781408704\n|move|p1a: Dodrio|Quick Attack|p2a: Tornadus\n|-damage|p2a: Tornadus|0 fnt\n|faint|p2a: Tornadus\n|\n|upkeep\n|\n|t:|1781408709\n|switch|p2a: Malamar|Malamar, L82, M|275/275\n|turn|7\n|\n|t:|1781408720\n|move|p1a: Dodrio|Brave Bird|p2a: Malamar\n|-damage|p2a: Malamar|118/275\n|-damage|p1a: Dodrio|10/241|[from] Recoil\n|move|p2a: Malamar|Superpower|p1a: Dodrio\n|-damage|p1a: Dodrio|0 fnt\n|-boost|p2a: Malamar|atk|1\n|-boost|p2a: Malamar|def|1\n|faint|p1a: Dodrio\n|\n|upkeep\n|\n|t:|1781408723\n|switch|p1a: Palkia|Palkia, L75|21/259\n|-ability|p1a: Palkia|Pressure\n|turn|8\n|\n|t:|1781408730\n|move|p1a: Palkia|Spacial Rend|p2a: Malamar\n|-damage|p2a: Malamar|0 fnt\n|faint|p2a: Malamar\n|\n|upkeep\n|\n|t:|1781408731\n|switch|p2a: Toedscruel|Toedscruel, L87, M|281/281\n|turn|9\n|\n|t:|1781408735\n|switch|p1a: Mandibuzz|Mandibuzz, L85, F|326/326\n|move|p2a: Toedscruel|Knock Off|p1a: Mandibuzz\n|-resisted|p1a: Mandibuzz\n|-damage|p1a: Mandibuzz|302/326\n|-enditem|p1a: Mandibuzz|Heavy-Duty Boots|[from] move: Knock Off|[of] p2a: Toedscruel\n|\n|upkeep\n|turn|10\n|\n|t:|1781408740\n|switch|p2a: Roaring Moon|Roaring Moon, L72|270/270\n|move|p1a: Mandibuzz|U-turn|p2a: Roaring Moon\n|-supereffective|p2a: Roaring Moon\n|-damage|p2a: Roaring Moon|168/270\n|\n|t:|1781408748\n|switch|p1a: Dewgong|Dewgong, L94, F|322/322|[from] U-turn\n|\n|upkeep\n|turn|11\n|\n|t:|1781408754\n|move|p2a: Roaring Moon|Knock Off|p1a: Dewgong\n|-damage|p1a: Dewgong|232/322\n|-enditem|p1a: Dewgong|Assault Vest|[from] move: Knock Off|[of] p2a: Roaring Moon\n|move|p1a: Dewgong|Ice Beam|p2a: Roaring Moon\n|-supereffective|p2a: Roaring Moon\n|-damage|p2a: Roaring Moon|0 fnt\n|faint|p2a: Roaring Moon\n|-end|p2a: Roaring Moon|Protosynthesis|[silent]\n|\n|upkeep\n|-message|superdogger forfeited.\n|\n|win|itsbaloney\n", "uploadtime": 1781408640, "views": 4, "formatid": "gen9randombattle", "rating": null, "private": 0, "password": null}