{"id": "gen9randombattle-2631544944", "format": "[Gen 9] Random Battle", "players": ["Petilil37", "samuelayers"], "log": "|j|\u203dPetilil37\n|j|\u2606samuelayers\n|t:|1781399271\n|gametype|singles\n|player|p1|Petilil37|266|2077\n|player|p2|samuelayers|gentleman-gen4dp|2111\n|gen|9\n|tier|[Gen 9] Random Battle\n|rated|\n|rule|Species Clause: Limit one of each Pok\u00e9mon\n|rule|HP Percentage Mod: HP is shown in percentages\n|rule|Sleep Clause Mod: Limit one foe put to sleep\n|rule|Illusion Level Mod: Illusion disguises the Pok\u00e9mon's true level\n|\n|t:|1781399271\n|teamsize|p1|6\n|teamsize|p2|6\n|start\n|switch|p1a: Bellibolt|Bellibolt, L84, M|320/320\n|switch|p2a: Typhlosion|Typhlosion, L84, F|267/267\n|turn|1\n|inactive|Battle timer is ON: inactive players will automatically lose when time's up. (requested by samuelayers)\n|\n|t:|1781399284\n|switch|p2a: Pawmot|Pawmot, L80, F|243/243\n|-terastallize|p1a: Bellibolt|Water\n|move|p1a: Bellibolt|Thunderbolt|p2a: Pawmot\n|-resisted|p2a: Pawmot\n|-damage|p2a: Pawmot|177/243\n|\n|upkeep\n|turn|2\n|\n|t:|1781399295\n|switch|p1a: Pikachu|Pikachu, L93, M|216/216\n|move|p2a: Pawmot|Close Combat|p1a: Pikachu\n|-damage|p1a: Pikachu|0 fnt\n|-unboost|p2a: Pawmot|def|1\n|-unboost|p2a: Pawmot|spd|1\n|faint|p1a: Pikachu\n|-damage|p2a: Pawmot|153/243|[from] item: Life Orb\n|\n|upkeep\n|\n|t:|1781399299\n|switch|p1a: Tornadus|Tornadus-Therian, L79, M|254/254\n|turn|3\n|\n|t:|1781399305\n|switch|p2a: Weavile|Weavile, L79, F|240/240\n|move|p1a: Tornadus|U-turn|p2a: Weavile\n|-supereffective|p2a: Weavile\n|-damage|p2a: Weavile|124/240\n|\n|t:|1781399309\n|switch|p1a: Duraludon|Duraludon, L82, F|249/249|[from] U-turn\n|\n|upkeep\n|turn|4\n|\n|t:|1781399318\n|switch|p2a: Pawmot|Pawmot, L80, F|153/243\n|move|p1a: Duraludon|Body Press|p2a: Pawmot\n|-damage|p2a: Pawmot|74/243\n|\n|upkeep\n|turn|5\n|\n|t:|1781399333\n|switch|p1a: Farigiraf|Farigiraf, L90, F|362/362\n|move|p2a: Pawmot|Close Combat|p1a: Farigiraf\n|-damage|p1a: Farigiraf|175/362\n|-unboost|p2a: Pawmot|def|1\n|-unboost|p2a: Pawmot|spd|1\n|-damage|p2a: Pawmot|50/243|[from] item: Life Orb\n|\n|-heal|p1a: Farigiraf|197/362|[from] item: Leftovers\n|upkeep\n|turn|6\n|\n|t:|1781399349\n|switch|p2a: Weavile|Weavile, L79, F|124/240\n|move|p1a: Farigiraf|Body Slam|p2a: Weavile\n|-damage|p2a: Weavile|6/240\n|\n|-heal|p1a: Farigiraf|219/362|[from] item: Leftovers\n|upkeep\n|turn|7\n|\n|t:|1781399355\n|switch|p1a: Duraludon|Duraludon, L82, F|249/249\n|move|p2a: Weavile|Knock Off|p1a: Duraludon\n|-damage|p1a: Duraludon|185/249\n|-enditem|p1a: Duraludon|Eviolite|[from] move: Knock Off|[of] p2a: Weavile\n|\n|upkeep\n|turn|8\n|\n|t:|1781399362\n|move|p2a: Weavile|Triple Axel|p1a: Duraludon\n|-damage|p1a: Duraludon|166/249\n|-crit|p1a: Duraludon\n|-damage|p1a: Duraludon|112/249\n|-damage|p1a: Duraludon|54/249\n|-hitcount|p1a: Duraludon|3\n|move|p1a: Duraludon|Body Press|p2a: Weavile\n|-supereffective|p2a: Weavile\n|-damage|p2a: Weavile|0 fnt\n|faint|p2a: Weavile\n|\n|upkeep\n|\n|t:|1781399383\n|switch|p2a: Palafin|Palafin, L77, M|281/281\n|turn|9\n|\n|t:|1781399390\n|switch|p1a: Bellibolt|Bellibolt, L84, M, tera:Water|320/320\n|move|p2a: Palafin|Drain Punch|p1a: Bellibolt\n|-damage|p1a: Bellibolt|286/320\n|-start|p1a: Bellibolt|Charge|Drain Punch|[from] ability: Electromorphosis\n|\n|-heal|p1a: Bellibolt|306/320|[from] item: Leftovers\n|upkeep\n|turn|10\n|\n|t:|1781399402\n|detailschange|p2a: Palafin|Palafin-Hero, L77, M\n|switch|p2a: Pawmot|Pawmot, L80, F|50/243\n|move|p1a: Bellibolt|Volt Switch|p2a: Pawmot\n|-resisted|p2a: Pawmot\n|-damage|p2a: Pawmot|0 fnt\n|faint|p2a: Pawmot\n|-end|p1a: Bellibolt|Charge|[silent]\n|\n|t:|1781399410\n|switch|p1a: Tornadus|Tornadus-Therian, L79, M|254/254|[from] Volt Switch\n|\n|upkeep\n|\n|t:|1781399417\n|switch|p2a: Wugtrio|Wugtrio, L91, M|212/212\n|turn|11\n|\n|t:|1781399427\n|switch|p2a: Iron Valiant|Iron Valiant, L78|244/244\n|switch|p1a: Bellibolt|Bellibolt, L84, M, tera:Water|306/320\n|\n|-heal|p1a: Bellibolt|320/320|[from] item: Leftovers\n|upkeep\n|turn|12\n|\n|t:|1781399433\n|switch|p1a: Tornadus|Tornadus-Therian, L79, M|254/254\n|move|p2a: Iron Valiant|Calm Mind|p2a: Iron Valiant\n|-boost|p2a: Iron Valiant|spa|1\n|-boost|p2a: Iron Valiant|spd|1\n|\n|upkeep\n|turn|13\n|\n|t:|1781399440\n|move|p1a: Tornadus|Bleakwind Storm|p2a: Iron Valiant|[miss]\n|-miss|p1a: Tornadus|p2a: Iron Valiant\n|move|p2a: Iron Valiant|Moonblast|p1a: Tornadus\n|-damage|p1a: Tornadus|108/254\n|-damage|p2a: Iron Valiant|220/244|[from] item: Life Orb\n|\n|upkeep\n|turn|14\n|\n|t:|1781399451\n|move|p1a: Tornadus|U-turn|p2a: Iron Valiant\n|-resisted|p2a: Iron Valiant\n|-damage|p2a: Iron Valiant|209/244\n|\n|t:|1781399452\n|switch|p1a: Duraludon|Duraludon, L82, F|54/249|[from] U-turn\n|move|p2a: Iron Valiant|Moonblast|p1a: Duraludon\n|-damage|p1a: Duraludon|0 fnt\n|faint|p1a: Duraludon\n|-damage|p2a: Iron Valiant|185/244|[from] item: Life Orb\n|\n|upkeep\n|\n|t:|1781399454\n|switch|p1a: Tornadus|Tornadus-Therian, L79, M|192/254\n|turn|15\n|\n|t:|1781399457\n|-end|p2a: Iron Valiant|Quark Drive|[silent]\n|switch|p2a: Palafin|Palafin-Hero, L77, M|281/281\n|-activate|p2a: Palafin|ability: Zero to Hero\n|move|p1a: Tornadus|Bleakwind Storm|p2a: Palafin\n|-damage|p2a: Palafin|161/281\n|-unboost|p2a: Palafin|spe|1\n|\n|-heal|p2a: Palafin|178/281|[from] item: Leftovers\n|upkeep\n|turn|16\n|-message|samuelayers forfeited.\n|\n|win|Petilil37\n", "uploadtime": 1781399273, "views": 4, "formatid": "gen9randombattle", "rating": null, "private": 0, "password": null}