{"id": "gen9randombattle-2631747478", "format": "[Gen 9] Random Battle", "players": ["Saaskin", "JayClaw"], "log": "|j|\u2606Saaskin\n|j|\u2606JayClaw\n|t:|1781433108\n|gametype|singles\n|player|p1|Saaskin|265|2039\n|player|p2|JayClaw|red|2055\n|gen|9\n|tier|[Gen 9] Random Battle\n|rated|\n|rule|Species Clause: Limit one of each Pok\u00e9mon\n|rule|HP Percentage Mod: HP is shown in percentages\n|rule|Sleep Clause Mod: Limit one foe put to sleep\n|rule|Illusion Level Mod: Illusion disguises the Pok\u00e9mon's true level\n|\n|t:|1781433109\n|teamsize|p1|6\n|teamsize|p2|6\n|start\n|switch|p1a: Samurott|Samurott, L88, M|310/310\n|switch|p2a: Swanna|Swanna, L89, M|278/278\n|turn|1\n|inactive|Battle timer is ON: inactive players will automatically lose when time's up. (requested by Saaskin)\n|\n|t:|1781433133\n|switch|p2a: Phione|Phione, L91|293/293\n|move|p1a: Samurott|Swords Dance|p1a: Samurott\n|-boost|p1a: Samurott|atk|2\n|\n|upkeep\n|turn|2\n|\n|t:|1781433147\n|move|p2a: Phione|Scald|p1a: Samurott\n|-resisted|p1a: Samurott\n|-crit|p1a: Samurott\n|-damage|p1a: Samurott|241/310\n|move|p1a: Samurott|Swords Dance|p1a: Samurott\n|-boost|p1a: Samurott|atk|2\n|\n|upkeep\n|turn|3\n|\n|t:|1781433153\n|move|p2a: Phione|Scald|p1a: Samurott\n|-resisted|p1a: Samurott\n|-damage|p1a: Samurott|195/310\n|move|p1a: Samurott|Knock Off|p2a: Phione\n|-damage|p2a: Phione|0 fnt\n|-enditem|p2a: Phione|Leftovers|[from] move: Knock Off|[of] p1a: Samurott\n|faint|p2a: Phione\n|-damage|p1a: Samurott|164/310|[from] item: Life Orb\n|\n|upkeep\n|\n|t:|1781433163\n|switch|p2a: Swanna|Swanna, L89, M|278/278\n|turn|4\n|\n|t:|1781433166\n|move|p2a: Swanna|Brave Bird|p1a: Samurott\n|-damage|p1a: Samurott|46/310\n|-damage|p2a: Swanna|239/278|[from] Recoil\n|move|p1a: Samurott|Knock Off|p2a: Swanna\n|-damage|p2a: Swanna|0 fnt\n|-enditem|p2a: Swanna|Heavy-Duty Boots|[from] move: Knock Off|[of] p1a: Samurott\n|faint|p2a: Swanna\n|-damage|p1a: Samurott|15/310|[from] item: Life Orb\n|\n|upkeep\n|\n|t:|1781433177\n|switch|p2a: Qwilfish|Qwilfish-Hisui, L83, M|244/244\n|-ability|p2a: Qwilfish|Intimidate|boost\n|-unboost|p1a: Samurott|atk|1\n|turn|5\n|\n|t:|1781433191\n|move|p2a: Qwilfish|Toxic Spikes|p1a: Samurott\n|-sidestart|p1: Saaskin|move: Toxic Spikes\n|move|p1a: Samurott|Liquidation|p2a: Qwilfish\n|-damage|p2a: Qwilfish|0 fnt\n|faint|p2a: Qwilfish\n|-damage|p1a: Samurott|0 fnt|[from] item: Life Orb\n|faint|p1a: Samurott\n|\n|upkeep\n|\n|t:|1781433202\n|switch|p2a: Vespiquen|Vespiquen, L99, F|299/299\n|switch|p1a: Araquanid|Araquanid, L82, F|246/246\n|-ability|p2a: Vespiquen|Pressure\n|turn|6\n|\n|t:|1781433209\n|move|p2a: Vespiquen|Air Slash|p1a: Araquanid\n|-supereffective|p1a: Araquanid\n|-damage|p1a: Araquanid|112/246\n|cant|p1a: Araquanid|flinch\n|\n|upkeep\n|turn|7\n|\n|t:|1781433220\n|switch|p1a: Iron Treads|Iron Treads, L77|265/265\n|move|p2a: Vespiquen|Air Slash|p1a: Iron Treads\n|-resisted|p1a: Iron Treads\n|-damage|p1a: Iron Treads|225/265\n|\n|upkeep\n|turn|8\n|\n|t:|1781433232\n|switch|p2a: Avalugg|Avalugg, L88, M|310/310\n|move|p1a: Iron Treads|Rapid Spin|p2a: Avalugg\n|-damage|p2a: Avalugg|291/310\n|-boost|p1a: Iron Treads|spe|1\n|-sideend|p1: Saaskin|Toxic Spikes|[from] move: Rapid Spin|[of] p1a: Iron Treads\n|\n|upkeep\n|turn|9\n|\n|t:|1781433242\n|move|p1a: Iron Treads|Volt Switch|p2a: Avalugg\n|-damage|p2a: Avalugg|243/310\n|\n|t:|1781433244\n|-end|p1a: Iron Treads|Quark Drive|[silent]\n|switch|p1a: Araquanid|Araquanid, L82, F|112/246|[from] Volt Switch\n|move|p2a: Avalugg|Avalanche|p1a: Araquanid\n|-resisted|p1a: Araquanid\n|-damage|p1a: Araquanid|73/246\n|\n|upkeep\n|turn|10\n|\n|t:|1781433253\n|move|p1a: Araquanid|Hydro Pump|p2a: Avalugg\n|-damage|p2a: Avalugg|20/310\n|move|p2a: Avalugg|Body Press|p1a: Araquanid\n|-resisted|p1a: Araquanid\n|-damage|p1a: Araquanid|18/246\n|\n|upkeep\n|turn|11\n|\n|t:|1781433258\n|move|p1a: Araquanid|Liquidation|p2a: Avalugg\n|-damage|p2a: Avalugg|0 fnt\n|faint|p2a: Avalugg\n|\n|upkeep\n|\n|t:|1781433261\n|switch|p2a: Vespiquen|Vespiquen, L99, F|299/299\n|-ability|p2a: Vespiquen|Pressure\n|turn|12\n|\n|t:|1781433266\n|switch|p1a: Iron Treads|Iron Treads, L77|225/265\n|move|p2a: Vespiquen|Air Slash|p1a: Iron Treads\n|-resisted|p1a: Iron Treads\n|-damage|p1a: Iron Treads|186/265\n|\n|upkeep\n|turn|13\n|\n|t:|1781433273\n|move|p1a: Iron Treads|Iron Head|p2a: Vespiquen\n|-damage|p2a: Vespiquen|236/299\n|cant|p2a: Vespiquen|flinch\n|\n|upkeep\n|turn|14\n|\n|t:|1781433280\n|move|p1a: Iron Treads|Iron Head|p2a: Vespiquen\n|-crit|p2a: Vespiquen\n|-damage|p2a: Vespiquen|142/299\n|cant|p2a: Vespiquen|flinch\n|\n|upkeep\n|turn|15\n|\n|t:|1781433287\n|move|p1a: Iron Treads|Volt Switch|p2a: Vespiquen\n|-supereffective|p2a: Vespiquen\n|-damage|p2a: Vespiquen|94/299\n|\n|t:|1781433288\n|-end|p1a: Iron Treads|Quark Drive|[silent]\n|switch|p1a: Delphox|Delphox, L84, F|263/263|[from] Volt Switch\n|move|p2a: Vespiquen|Roost|p2a: Vespiquen\n|-heal|p2a: Vespiquen|244/299\n|-singleturn|p2a: Vespiquen|move: Roost\n|\n|upkeep\n|turn|16\n|\n|t:|1781433296\n|move|p1a: Delphox|Fire Blast|p2a: Vespiquen\n|-supereffective|p2a: Vespiquen\n|-damage|p2a: Vespiquen|0 fnt\n|faint|p2a: Vespiquen\n|\n|upkeep\n|\n|t:|1781433301\n|switch|p2a: Blaziken|Blaziken, L76, F|247/247\n|turn|17\n|\n|t:|1781433306\n|switch|p1a: Whimsicott|Whimsicott, L84, M|238/238\n|move|p2a: Blaziken|Swords Dance|p2a: Blaziken\n|-boost|p2a: Blaziken|atk|2\n|\n|-ability|p2a: Blaziken|Speed Boost|boost\n|-boost|p2a: Blaziken|spe|1\n|upkeep\n|turn|18\n|\n|t:|1781433317\n|-terastallize|p2a: Blaziken|Dark\n|move|p1a: Whimsicott|Encore|p2a: Blaziken\n|-hint|Since gen 7, Dark is immune to Prankster moves.\n|-immune|p2a: Blaziken\n|move|p2a: Blaziken|Swords Dance|p2a: Blaziken\n|-boost|p2a: Blaziken|atk|2\n|\n|-ability|p2a: Blaziken|Speed Boost|boost\n|-boost|p2a: Blaziken|spe|1\n|upkeep\n|turn|19\n|inactive|JayClaw has 120 seconds left.\n|\n|t:|1781433354\n|switch|p1a: Araquanid|Araquanid, L82, F|18/246\n|move|p2a: Blaziken|Flare Blitz|p1a: Araquanid\n|-damage|p1a: Araquanid|0 fnt\n|faint|p1a: Araquanid\n|-damage|p2a: Blaziken|241/247|[from] Recoil\n|-damage|p2a: Blaziken|217/247|[from] item: Life Orb\n|\n|-ability|p2a: Blaziken|Speed Boost|boost\n|-boost|p2a: Blaziken|spe|1\n|upkeep\n|\n|t:|1781433361\n|switch|p1a: Whimsicott|Whimsicott, L84, M|238/238\n|turn|20\n|\n|t:|1781433370\n|switch|p1a: Iron Treads|Iron Treads, L77|186/265\n|move|p2a: Blaziken|Close Combat|p1a: Iron Treads\n|-supereffective|p1a: Iron Treads\n|-damage|p1a: Iron Treads|0 fnt\n|-unboost|p2a: Blaziken|def|1\n|-unboost|p2a: Blaziken|spd|1\n|faint|p1a: Iron Treads\n|-end|p1a: Iron Treads|Quark Drive|[silent]\n|-damage|p2a: Blaziken|193/247|[from] item: Life Orb\n|\n|-ability|p2a: Blaziken|Speed Boost|boost\n|-boost|p2a: Blaziken|spe|1\n|upkeep\n|\n|t:|1781433374\n|switch|p1a: Whimsicott|Whimsicott, L84, M|238/238\n|turn|21\n|\n|t:|1781433383\n|move|p2a: Blaziken|Flare Blitz|p1a: Whimsicott\n|-supereffective|p1a: Whimsicott\n|-damage|p1a: Whimsicott|0 fnt\n|faint|p1a: Whimsicott\n|-damage|p2a: Blaziken|114/247|[from] Recoil\n|-damage|p2a: Blaziken|90/247|[from] item: Life Orb\n|\n|-ability|p2a: Blaziken|Speed Boost|boost\n|-boost|p2a: Blaziken|spe|1\n|upkeep\n|\n|t:|1781433387\n|switch|p1a: Delphox|Delphox, L84, F|263/263\n|turn|22\n|\n|t:|1781433394\n|-terastallize|p1a: Delphox|Grass\n|move|p2a: Blaziken|Close Combat|p1a: Delphox\n|-damage|p1a: Delphox|0 fnt\n|-unboost|p2a: Blaziken|def|1\n|-unboost|p2a: Blaziken|spd|1\n|faint|p1a: Delphox\n|-damage|p2a: Blaziken|66/247|[from] item: Life Orb\n|\n|-ability|p2a: Blaziken|Speed Boost|boost\n|-boost|p2a: Blaziken|spe|1\n|upkeep\n|-message|Saaskin forfeited.\n|\n|win|JayClaw\n", "uploadtime": 1781433110, "views": 4, "formatid": "gen9randombattle", "rating": null, "private": 0, "password": null}