{"id": "gen9randombattle-2631895197", "format": "[Gen 9] Random Battle", "players": ["khf uggjh", "cleytom009"], "log": "|j|\u2606khf uggjh\n|j|\u2606cleytom009\n|t:|1781453033\n|gametype|singles\n|player|p1|khf uggjh|101|1000\n|player|p2|cleytom009|hiker-gen4|1037\n|gen|9\n|tier|[Gen 9] Random Battle\n|rated|\n|rule|Species Clause: Limit one of each Pok\u00e9mon\n|rule|HP Percentage Mod: HP is shown in percentages\n|rule|Sleep Clause Mod: Limit one foe put to sleep\n|rule|Illusion Level Mod: Illusion disguises the Pok\u00e9mon's true level\n|\n|t:|1781453033\n|teamsize|p1|6\n|teamsize|p2|6\n|start\n|switch|p1a: Tornadus|Tornadus, L82, M|264/264\n|switch|p2a: Gothitelle|Gothitelle, L90, M|272/272\n|turn|1\n|inactive|Battle timer is ON: inactive players will automatically lose when time's up. (requested by cleytom009)\n|\n|t:|1781453058\n|move|p1a: Tornadus|Nasty Plot|p1a: Tornadus\n|-boost|p1a: Tornadus|spa|2\n|move|p2a: Gothitelle|Psychic|p1a: Tornadus\n|-damage|p1a: Tornadus|138/264\n|\n|upkeep\n|turn|2\n|\n|t:|1781453068\n|move|p2a: Gothitelle|Psychic|p1a: Tornadus\n|-damage|p1a: Tornadus|24/264\n|move|p1a: Tornadus|Bleakwind Storm|p2a: Gothitelle\n|-damage|p2a: Gothitelle|79/272\n|\n|upkeep\n|turn|3\n|\n|t:|1781453083\n|move|p2a: Gothitelle|Psychic|p1a: Tornadus\n|-damage|p1a: Tornadus|0 fnt\n|faint|p1a: Tornadus\n|\n|upkeep\n|\n|t:|1781453088\n|switch|p1a: Misdreavus|Misdreavus, L90, F|254/254\n|turn|4\n|\n|t:|1781453097\n|switch|p2a: Minun|Minun, L95, M|268/268\n|move|p1a: Misdreavus|Shadow Ball|p2a: Minun\n|-damage|p2a: Minun|192/268\n|-unboost|p2a: Minun|spd|1\n|\n|upkeep\n|turn|5\n|\n|t:|1781453106\n|move|p2a: Minun|Nasty Plot|p2a: Minun\n|-boost|p2a: Minun|spa|2\n|move|p1a: Misdreavus|Will-O-Wisp|p2a: Minun|[miss]\n|-miss|p1a: Misdreavus|p2a: Minun\n|\n|upkeep\n|turn|6\n|\n|t:|1781453114\n|move|p2a: Minun|Thunderbolt|p1a: Misdreavus\n|-damage|p1a: Misdreavus|82/254\n|-damage|p2a: Minun|166/268|[from] item: Life Orb\n|move|p1a: Misdreavus|Draining Kiss|p2a: Minun\n|-damage|p2a: Minun|113/268\n|-heal|p1a: Misdreavus|122/254|[from] drain|[of] p2a: Minun\n|\n|upkeep\n|turn|7\n|\n|t:|1781453136\n|move|p2a: Minun|Thunderbolt|p1a: Misdreavus\n|-damage|p1a: Misdreavus|0 fnt\n|faint|p1a: Misdreavus\n|-damage|p2a: Minun|87/268|[from] item: Life Orb\n|\n|upkeep\n|-message|khf uggjh forfeited.\n|\n|win|cleytom009\n|raw|khf uggjh's rating: 1000 &rarr; <strong>1000</strong><br />(+0 for losing)\n|raw|cleytom009's rating: 1037 &rarr; <strong>1068</strong><br />(+31 for winning)\n|l|\u2606khf uggjh\n|player|p1|\n", "uploadtime": 1781453143, "views": 4, "formatid": "gen9randombattle", "rating": 1000, "private": 0, "password": null}