{"id": "gen9randombattle-2631797822", "format": "[Gen 9] Random Battle", "players": ["Alekii", "shooflie"], "log": "|j|\u2606Alekii\n|j|\u2606shooflie\n|t:|1781441179\n|gametype|singles\n|player|p1|Alekii|101|\n|player|p2|shooflie|volkner|\n|gen|9\n|tier|[Gen 9] Random Battle\n|rule|Species Clause: Limit one of each Pok\u00e9mon\n|rule|HP Percentage Mod: HP is shown in percentages\n|rule|Sleep Clause Mod: Limit one foe put to sleep\n|rule|Illusion Level Mod: Illusion disguises the Pok\u00e9mon's true level\n|\n|t:|1781441179\n|teamsize|p1|6\n|teamsize|p2|6\n|start\n|switch|p1a: Smeargle|Smeargle, L95, F|258/258\n|switch|p2a: Eiscue|Eiscue, L88, F|274/274\n|turn|1\n|\n|t:|1781441203\n|move|p1a: Smeargle|Spore|p2a: Eiscue\n|-status|p2a: Eiscue|slp|[from] move: Spore\n|cant|p2a: Eiscue|slp\n|\n|upkeep\n|turn|2\n|c|\u2606shooflie|WHAT!\n|\n|t:|1781441210\n|move|p1a: Smeargle|Ceaseless Edge|p2a: Eiscue\n|-activate|p2a: Eiscue|ability: Ice Face\n|-damage|p2a: Eiscue|274/274 slp\n|-sidestart|p2: shooflie|Spikes\n|detailschange|p2a: Eiscue|Eiscue-Noice, L88, F\n|cant|p2a: Eiscue|slp\n|\n|upkeep\n|turn|3\n|\n|t:|1781441223\n|switch|p2a: Gurdurr|Gurdurr, L85, F|283/283\n|-damage|p2a: Gurdurr|248/283|[from] Spikes\n|move|p1a: Smeargle|Ceaseless Edge|p2a: Gurdurr\n|-resisted|p2a: Gurdurr\n|-damage|p2a: Gurdurr|240/283\n|-sidestart|p2: shooflie|Spikes\n|\n|upkeep\n|turn|4\n|\n|t:|1781441250\n|-terastallize|p1a: Smeargle|Ghost\n|move|p2a: Gurdurr|Drain Punch|p1a: Smeargle\n|-immune|p1a: Smeargle\n|move|p1a: Smeargle|Whirlwind|p2a: Gurdurr\n|drag|p2a: Eiscue|Eiscue-Noice, L88, F|274/274 slp\n|-damage|p2a: Eiscue|229/274 slp|[from] Spikes\n|\n|upkeep\n|turn|5\n|\n|t:|1781441264\n|cant|p2a: Eiscue|slp\n|move|p1a: Smeargle|Ceaseless Edge|p2a: Eiscue\n|-damage|p2a: Eiscue|204/274 slp\n|-sidestart|p2: shooflie|Spikes\n|\n|upkeep\n|turn|6\n|\n|t:|1781441269\n|-curestatus|p2a: Eiscue|slp|[msg]\n|move|p2a: Eiscue|Liquidation|p1a: Smeargle\n|-damage|p1a: Smeargle|156/258\n|move|p1a: Smeargle|Sticky Web|p2a: Eiscue\n|-sidestart|p2: shooflie|move: Sticky Web\n|\n|upkeep\n|turn|7\n|\n|t:|1781441276\n|move|p2a: Eiscue|Liquidation|p1a: Smeargle\n|-damage|p1a: Smeargle|68/258\n|move|p1a: Smeargle|Spore|p2a: Eiscue\n|-status|p2a: Eiscue|slp|[from] move: Spore\n|\n|upkeep\n|turn|8\n|\n|t:|1781441281\n|cant|p2a: Eiscue|slp\n|move|p1a: Smeargle|Whirlwind|p2a: Eiscue\n|drag|p2a: Kyurem|Kyurem-Black, L71|295/295\n|-damage|p2a: Kyurem|222/295|[from] Spikes\n|-activate|p2a: Kyurem|move: Sticky Web\n|-unboost|p2a: Kyurem|spe|1\n|-ability|p2a: Kyurem|Teravolt\n|\n|upkeep\n|turn|9\n|\n|t:|1781441296\n|switch|p1a: Azumarill|Azumarill, L82, F|298/298\n|move|p2a: Kyurem|Dragon Dance|p2a: Kyurem\n|-boost|p2a: Kyurem|atk|1\n|-boost|p2a: Kyurem|spe|1\n|\n|upkeep\n|turn|10\n|\n|t:|1781441304\n|-terastallize|p2a: Kyurem|Electric\n|move|p2a: Kyurem|Dragon Dance|p2a: Kyurem\n|-boost|p2a: Kyurem|atk|1\n|-boost|p2a: Kyurem|spe|1\n|move|p1a: Azumarill|Play Rough|p2a: Kyurem\n|-damage|p2a: Kyurem|56/295\n|-unboost|p2a: Kyurem|atk|1\n|\n|upkeep\n|turn|11\n|\n|t:|1781441312\n|move|p2a: Kyurem|Fusion Bolt|p1a: Azumarill\n|-supereffective|p1a: Azumarill\n|-damage|p1a: Azumarill|0 fnt\n|faint|p1a: Azumarill\n|\n|upkeep\n|\n|t:|1781441322\n|switch|p1a: Lycanroc|Lycanroc, L86, F|269/269\n|turn|12\n|\n|t:|1781441334\n|switch|p2a: Gurdurr|Gurdurr, L85, F|240/283\n|-damage|p2a: Gurdurr|170/283|[from] Spikes\n|-activate|p2a: Gurdurr|move: Sticky Web\n|-unboost|p2a: Gurdurr|spe|1\n|move|p1a: Lycanroc|Accelerock|p2a: Gurdurr\n|-resisted|p2a: Gurdurr\n|-damage|p2a: Gurdurr|145/283\n|\n|upkeep\n|turn|13\n|\n|t:|1781441349\n|switch|p1a: Hypno|Hypno, L95, M|315/315\n|move|p2a: Gurdurr|Defog|p1a: Hypno\n|-unboost|p1a: Hypno|evasion|1\n|-sideend|p2: shooflie|Spikes|[from] move: Defog|[of] p2a: Gurdurr\n|-sideend|p2: shooflie|Sticky Web|[from] move: Defog|[of] p2a: Gurdurr\n|\n|upkeep\n|turn|14\n|c|\u2606Alekii|WHEW\n|\n|t:|1781441363\n|move|p1a: Hypno|Psychic Noise|p2a: Gurdurr\n|-supereffective|p2a: Gurdurr\n|-damage|p2a: Gurdurr|0 fnt\n|faint|p2a: Gurdurr\n|\n|upkeep\n|\n|t:|1781441372\n|switch|p2a: Arceus|Arceus-Psychic, L69|280/280\n|turn|15\n|\n|t:|1781441376\n|move|p2a: Arceus|Cosmic Power|p2a: Arceus\n|-boost|p2a: Arceus|def|1\n|-boost|p2a: Arceus|spd|1\n|move|p1a: Hypno|Toxic|p2a: Arceus\n|-status|p2a: Arceus|tox\n|\n|-damage|p2a: Arceus|263/280 tox|[from] psn\n|upkeep\n|turn|16\n|\n|t:|1781441389\n|switch|p1a: Morpeko|Morpeko, L88, M|245/245\n|move|p2a: Arceus|Cosmic Power|p2a: Arceus\n|-boost|p2a: Arceus|def|1\n|-boost|p2a: Arceus|spd|1\n|\n|-damage|p2a: Arceus|229/280 tox|[from] psn\n|-formechange|p1a: Morpeko|Morpeko-Hangry||[from] ability: Hunger Switch\n|upkeep\n|turn|17\n|\n|t:|1781441393\n|move|p1a: Morpeko|Aura Wheel|p2a: Arceus\n|-supereffective|p2a: Arceus\n|-damage|p2a: Arceus|119/280 tox\n|-boost|p1a: Morpeko|spe|1\n|move|p2a: Arceus|Body Press|p1a: Morpeko\n|-supereffective|p1a: Morpeko\n|-damage|p1a: Morpeko|0 fnt\n|faint|p1a: Morpeko\n|\n|-damage|p2a: Arceus|68/280 tox|[from] psn\n|upkeep\n|\n|t:|1781441406\n|switch|p1a: Lycanroc|Lycanroc, L86, F|269/269\n|turn|18\n|\n|t:|1781441415\n|move|p1a: Lycanroc|Stone Edge|p2a: Arceus\n|-damage|p2a: Arceus|0 fnt\n|faint|p2a: Arceus\n|\n|upkeep\n|\n|t:|1781441424\n|switch|p2a: Golduck|Golduck, L90, M|290/290\n|-ability|p2a: Golduck|Cloud Nine\n|turn|19\n|\n|t:|1781441433\n|switch|p1a: Hypno|Hypno, L95, M|315/315\n|move|p2a: Golduck|Hydro Pump|p1a: Hypno\n|-damage|p1a: Hypno|227/315\n|\n|-heal|p1a: Hypno|246/315|[from] item: Leftovers\n|upkeep\n|turn|20\n|\n|t:|1781441440\n|move|p2a: Golduck|Nasty Plot|p2a: Golduck\n|-boost|p2a: Golduck|spa|2\n|move|p1a: Hypno|Psychic Noise|p2a: Golduck\n|-damage|p2a: Golduck|209/290\n|-start|p2a: Golduck|move: Heal Block\n|\n|-heal|p1a: Hypno|265/315|[from] item: Leftovers\n|upkeep\n|turn|21\n|\n|t:|1781441446\n|move|p2a: Golduck|Hydro Pump|p1a: Hypno\n|-damage|p1a: Hypno|63/315\n|move|p1a: Hypno|Toxic|p2a: Golduck\n|-status|p2a: Golduck|tox\n|\n|-heal|p1a: Hypno|82/315|[from] item: Leftovers\n|-damage|p2a: Golduck|191/290 tox|[from] psn\n|-end|p2a: Golduck|move: Heal Block\n|upkeep\n|turn|22\n|\n|t:|1781441455\n|move|p1a: Hypno|Protect|p1a: Hypno\n|-singleturn|p1a: Hypno|Protect\n|move|p2a: Golduck|Hydro Pump|p1a: Hypno\n|-activate|p1a: Hypno|move: Protect\n|\n|-heal|p2a: Golduck|209/290 tox|[from] item: Leftovers\n|-heal|p1a: Hypno|101/315|[from] item: Leftovers\n|-damage|p2a: Golduck|173/290 tox|[from] psn\n|upkeep\n|turn|23\n|\n|t:|1781441486\n|move|p1a: Hypno|Protect||[still]\n|-fail|p1a: Hypno\n|move|p2a: Golduck|Hydro Pump|p1a: Hypno\n|-damage|p1a: Hypno|0 fnt\n|faint|p1a: Hypno\n|\n|-heal|p2a: Golduck|191/290 tox|[from] item: Leftovers\n|-damage|p2a: Golduck|137/290 tox|[from] psn\n|upkeep\n|\n|t:|1781441490\n|switch|p1a: Lycanroc|Lycanroc, L86, F|269/269\n|turn|24\n|\n|t:|1781441498\n|move|p1a: Lycanroc|Close Combat|p2a: Golduck\n|-damage|p2a: Golduck|0 fnt\n|-unboost|p1a: Lycanroc|def|1\n|-unboost|p1a: Lycanroc|spd|1\n|faint|p2a: Golduck\n|\n|upkeep\n|\n|t:|1781441512\n|switch|p2a: Stonjourner|Stonjourner, L91, M|330/330\n|turn|25\n|\n|t:|1781441516\n|move|p1a: Lycanroc|Close Combat|p2a: Stonjourner\n|-supereffective|p2a: Stonjourner\n|-damage|p2a: Stonjourner|134/330\n|-unboost|p1a: Lycanroc|def|1\n|-unboost|p1a: Lycanroc|spd|1\n|move|p2a: Stonjourner|Earthquake|p1a: Lycanroc\n|-supereffective|p1a: Lycanroc\n|-damage|p1a: Lycanroc|0 fnt\n|faint|p1a: Lycanroc\n|-damage|p2a: Stonjourner|101/330|[from] item: Life Orb\n|\n|upkeep\n|\n|t:|1781441535\n|switch|p1a: Reshiram|Reshiram, L76|277/277\n|-ability|p1a: Reshiram|Turboblaze\n|turn|26\n|\n|t:|1781441541\n|move|p1a: Reshiram|Earth Power|p2a: Stonjourner\n|-supereffective|p2a: Stonjourner\n|-damage|p2a: Stonjourner|0 fnt\n|faint|p2a: Stonjourner\n|\n|upkeep\n|\n|t:|1781441545\n|switch|p2a: Eiscue|Eiscue-Noice, L88, F|204/274 slp\n|turn|27\n|\n|t:|1781441552\n|cant|p2a: Eiscue|slp\n|move|p1a: Reshiram|Blue Flare|p2a: Eiscue|[miss]\n|-miss|p1a: Reshiram|p2a: Eiscue\n|\n|upkeep\n|turn|28\n|\n|t:|1781441555\n|-curestatus|p2a: Eiscue|slp|[msg]\n|move|p2a: Eiscue|Ice Spinner|p1a: Reshiram\n|-damage|p1a: Reshiram|193/277\n|move|p1a: Reshiram|Blue Flare|p2a: Eiscue\n|-supereffective|p2a: Eiscue\n|-damage|p2a: Eiscue|0 fnt\n|faint|p2a: Eiscue\n|\n|upkeep\n|\n|t:|1781441561\n|switch|p2a: Kyurem|Kyurem-Black, L71, tera:Electric|56/295\n|-ability|p2a: Kyurem|Teravolt\n|turn|29\n|\n|t:|1781441565\n|move|p1a: Reshiram|Earth Power|p2a: Kyurem\n|-supereffective|p2a: Kyurem\n|-damage|p2a: Kyurem|0 fnt\n|faint|p2a: Kyurem\n|\n|win|Alekii\n|c|\u2606shooflie|ur a weird hoe.\n|c|\u2606Alekii|HOW\n", "uploadtime": 1781441579, "views": 9, "formatid": "gen9randombattle", "rating": null, "private": 0, "password": null}