{"id": "gen9randombattle-2631505060", "format": "[Gen 9] Random Battle", "players": ["123Gold321", "Mozole"], "log": "|j|\u2606123Gold321\n|j|\u2606Mozole\n|t:|1781393667\n|gametype|singles\n|player|p1|123Gold321|170|1084\n|player|p2|Mozole|265|1065\n|gen|9\n|tier|[Gen 9] Random Battle\n|rated|\n|rule|Species Clause: Limit one of each Pok\u00e9mon\n|rule|HP Percentage Mod: HP is shown in percentages\n|rule|Sleep Clause Mod: Limit one foe put to sleep\n|rule|Illusion Level Mod: Illusion disguises the Pok\u00e9mon's true level\n|\n|t:|1781393667\n|teamsize|p1|6\n|teamsize|p2|6\n|start\n|switch|p1a: Raichu|Raichu-Alola, L87, M|246/246\n|switch|p2a: Polteageist|Polteageist, L78|222/222\n|turn|1\n|\n|t:|1781393684\n|switch|p2a: Landorus|Landorus-Therian, L76, M|260/260\n|-ability|p2a: Landorus|Intimidate|boost\n|-unboost|p1a: Raichu|atk|1\n|move|p1a: Raichu|Nasty Plot|p1a: Raichu\n|-boost|p1a: Raichu|spa|2\n|\n|upkeep\n|turn|2\n|\n|t:|1781393692\n|move|p1a: Raichu|Surf|p2a: Landorus\n|-supereffective|p2a: Landorus\n|-damage|p2a: Landorus|0 fnt\n|faint|p2a: Landorus\n|-damage|p1a: Raichu|222/246|[from] item: Life Orb\n|\n|upkeep\n|\n|t:|1781393706\n|switch|p2a: Duraludon|Duraludon, L82, F|249/249\n|turn|3\n|\n|t:|1781393718\n|move|p1a: Raichu|Thunderbolt|p2a: Duraludon\n|-resisted|p2a: Duraludon\n|-damage|p2a: Duraludon|122/249\n|-status|p2a: Duraludon|par\n|-damage|p1a: Raichu|198/246|[from] item: Life Orb\n|move|p2a: Duraludon|Flash Cannon|p1a: Raichu\n|-resisted|p1a: Raichu\n|-damage|p1a: Raichu|152/246\n|\n|upkeep\n|turn|4\n|\n|t:|1781393729\n|move|p1a: Raichu|Thunderbolt|p2a: Duraludon\n|-resisted|p2a: Duraludon\n|-damage|p2a: Duraludon|0 fnt\n|faint|p2a: Duraludon\n|-damage|p1a: Raichu|128/246|[from] item: Life Orb\n|\n|upkeep\n|\n|t:|1781393742\n|switch|p2a: Muk|Muk-Alola, L82, F|306/306\n|turn|5\n|\n|t:|1781393755\n|move|p1a: Raichu|Thunderbolt|p2a: Muk\n|-damage|p2a: Muk|131/306\n|-status|p2a: Muk|par\n|-damage|p1a: Raichu|104/246|[from] item: Life Orb\n|move|p2a: Muk|Knock Off|p1a: Raichu\n|-supereffective|p1a: Raichu\n|-damage|p1a: Raichu|0 fnt\n|-enditem|p1a: Raichu|Life Orb|[from] move: Knock Off|[of] p2a: Muk\n|faint|p1a: Raichu\n|\n|upkeep\n|\n|t:|1781393760\n|switch|p1a: Araquanid|Araquanid, L82, F|246/246\n|turn|6\n|\n|t:|1781393769\n|move|p1a: Araquanid|Sticky Web|p2a: Muk\n|-sidestart|p2: Mozole|move: Sticky Web\n|cant|p2a: Muk|par\n|\n|upkeep\n|turn|7\n|\n|t:|1781393774\n|move|p1a: Araquanid|Liquidation|p2a: Muk\n|-damage|p2a: Muk|0 fnt\n|faint|p2a: Muk\n|\n|upkeep\n|\n|t:|1781393781\n|switch|p2a: Dragalge|Dragalge, L88, F|258/258\n|-activate|p2a: Dragalge|move: Sticky Web\n|-unboost|p2a: Dragalge|spe|1\n|turn|8\n|\n|t:|1781393791\n|move|p1a: Araquanid|Liquidation|p2a: Dragalge\n|-resisted|p2a: Dragalge\n|-damage|p2a: Dragalge|194/258\n|move|p2a: Dragalge|Toxic|p1a: Araquanid\n|-status|p1a: Araquanid|tox\n|\n|-heal|p2a: Dragalge|210/258|[from] item: Leftovers\n|-damage|p1a: Araquanid|231/246 tox|[from] psn\n|upkeep\n|turn|9\n|\n|t:|1781393803\n|move|p1a: Araquanid|Liquidation|p2a: Dragalge\n|-resisted|p2a: Dragalge\n|-damage|p2a: Dragalge|149/258\n|move|p2a: Dragalge|Focus Blast|p1a: Araquanid|[miss]\n|-miss|p2a: Dragalge|p1a: Araquanid\n|\n|-heal|p2a: Dragalge|165/258|[from] item: Leftovers\n|-damage|p1a: Araquanid|201/246 tox|[from] psn\n|upkeep\n|turn|10\n|\n|t:|1781393813\n|move|p1a: Araquanid|Liquidation|p2a: Dragalge\n|-resisted|p2a: Dragalge\n|-damage|p2a: Dragalge|99/258\n|move|p2a: Dragalge|Sludge Wave|p1a: Araquanid\n|-damage|p1a: Araquanid|97/246 tox\n|\n|-heal|p2a: Dragalge|115/258|[from] item: Leftovers\n|-damage|p1a: Araquanid|52/246 tox|[from] psn\n|upkeep\n|turn|11\n|\n|t:|1781393821\n|move|p1a: Araquanid|Liquidation|p2a: Dragalge\n|-resisted|p2a: Dragalge\n|-crit|p2a: Dragalge\n|-damage|p2a: Dragalge|28/258\n|move|p2a: Dragalge|Sludge Wave|p1a: Araquanid\n|-damage|p1a: Araquanid|0 fnt\n|faint|p1a: Araquanid\n|\n|-heal|p2a: Dragalge|44/258|[from] item: Leftovers\n|upkeep\n|\n|t:|1781393828\n|switch|p1a: Dedenne|Dedenne, L88, M|261/261\n|turn|12\n|\n|t:|1781393832\n|move|p1a: Dedenne|Dazzling Gleam|p2a: Dragalge\n|-damage|p2a: Dragalge|0 fnt\n|faint|p2a: Dragalge\n|\n|upkeep\n|\n|t:|1781393839\n|switch|p2a: Polteageist|Polteageist, L78|222/222\n|-activate|p2a: Polteageist|move: Sticky Web\n|-unboost|p2a: Polteageist|spe|1\n|-enditem|p2a: Polteageist|White Herb\n|-clearnegativeboost|p2a: Polteageist|[silent]\n|turn|13\n|\n|t:|1781393845\n|move|p1a: Dedenne|Thunderbolt|p2a: Polteageist\n|-damage|p2a: Polteageist|135/222\n|-start|p1a: Dedenne|Disable|Thunderbolt|[from] ability: Cursed Body|[of] p2a: Polteageist\n|move|p2a: Polteageist|Shell Smash|p2a: Polteageist\n|-unboost|p2a: Polteageist|def|1\n|-unboost|p2a: Polteageist|spd|1\n|-boost|p2a: Polteageist|atk|2\n|-boost|p2a: Polteageist|spa|2\n|-boost|p2a: Polteageist|spe|2\n|\n|upkeep\n|turn|14\n|\n|t:|1781393860\n|move|p2a: Polteageist|Shadow Ball|p1a: Dedenne\n|-damage|p1a: Dedenne|47/261\n|-enditem|p1a: Dedenne|Sitrus Berry|[eat]\n|-heal|p1a: Dedenne|112/261|[from] item: Sitrus Berry\n|-heal|p1a: Dedenne|199/261|[from] ability: Cheek Pouch\n|move|p1a: Dedenne|Dazzling Gleam|p2a: Polteageist\n|-damage|p2a: Polteageist|17/222\n|\n|upkeep\n|turn|15\n|\n|t:|1781393871\n|move|p2a: Polteageist|Shadow Ball|p1a: Dedenne\n|-damage|p1a: Dedenne|0 fnt\n|faint|p1a: Dedenne\n|\n|upkeep\n|\n|t:|1781393877\n|switch|p1a: Ninetales|Ninetales-Alola, L78, F|242/242\n|-weather|Snowscape|[from] ability: Snow Warning|[of] p1a: Ninetales\n|turn|16\n|\n|t:|1781393887\n|move|p2a: Polteageist|Shadow Ball|p1a: Ninetales\n|-damage|p1a: Ninetales|47/242\n|-unboost|p1a: Ninetales|spd|1\n|move|p1a: Ninetales|Blizzard|p2a: Polteageist\n|-damage|p2a: Polteageist|0 fnt\n|faint|p2a: Polteageist\n|\n|-weather|Snowscape|[upkeep]\n|upkeep\n|\n|t:|1781393895\n|switch|p2a: Exeggutor|Exeggutor, L89, F|312/312\n|-activate|p2a: Exeggutor|move: Sticky Web\n|-unboost|p2a: Exeggutor|spe|1\n|turn|17\n|\n|t:|1781393905\n|-terastallize|p2a: Exeggutor|Steel\n|move|p1a: Ninetales|Blizzard|p2a: Exeggutor\n|-resisted|p2a: Exeggutor\n|-damage|p2a: Exeggutor|267/312\n|move|p2a: Exeggutor|Psychic Noise|p1a: Ninetales\n|-damage|p1a: Ninetales|0 fnt\n|faint|p1a: Ninetales\n|\n|-weather|Snowscape|[upkeep]\n|upkeep\n|\n|t:|1781393911\n|switch|p1a: Hippowdon|Hippowdon, L82, F|311/311\n|-weather|Sandstorm|[from] ability: Sand Stream|[of] p1a: Hippowdon\n|turn|18\n|\n|t:|1781393917\n|-terastallize|p1a: Hippowdon|Steel\n|move|p1a: Hippowdon|Earthquake|p2a: Exeggutor\n|-supereffective|p2a: Exeggutor\n|-damage|p2a: Exeggutor|61/312\n|-enditem|p2a: Exeggutor|Sitrus Berry|[eat]\n|-heal|p2a: Exeggutor|139/312|[from] item: Sitrus Berry\n|move|p2a: Exeggutor|Leech Seed|p1a: Hippowdon\n|-start|p1a: Hippowdon|move: Leech Seed\n|\n|-weather|Sandstorm|[upkeep]\n|-damage|p1a: Hippowdon|273/311|[from] Leech Seed|[of] p2a: Exeggutor\n|-heal|p2a: Exeggutor|177/312|[silent]\n|upkeep\n|turn|19\n|\n|t:|1781393928\n|move|p2a: Exeggutor|Protect|p2a: Exeggutor\n|-singleturn|p2a: Exeggutor|Protect\n|move|p1a: Hippowdon|Earthquake|p2a: Exeggutor\n|-activate|p2a: Exeggutor|move: Protect\n|\n|-weather|Sandstorm|[upkeep]\n|-heal|p1a: Hippowdon|292/311|[from] item: Leftovers\n|-damage|p1a: Hippowdon|254/311|[from] Leech Seed|[of] p2a: Exeggutor\n|-heal|p2a: Exeggutor|215/312|[silent]\n|upkeep\n|turn|20\n|\n|t:|1781393940\n|move|p1a: Hippowdon|Earthquake|p2a: Exeggutor\n|-supereffective|p2a: Exeggutor\n|-crit|p2a: Exeggutor\n|-damage|p2a: Exeggutor|0 fnt\n|faint|p2a: Exeggutor\n|\n|win|123Gold321\n|raw|123Gold321's rating: 1084 &rarr; <strong>1110</strong><br />(+26 for winning)\n|raw|Mozole's rating: 1065 &rarr; <strong>1046</strong><br />(-19 for losing)\n", "uploadtime": 1781393941, "views": 2, "formatid": "gen9randombattle", "rating": 1046, "private": 0, "password": null}