{"id": "gen9randombattle-2631597064", "format": "[Gen 9] Random Battle", "players": ["catlib", "lenee"], "log": "|j|\u2606catlib\n|j|\u2606lenee\n|t:|1781406453\n|gametype|singles\n|player|p1|catlib|birdkeeper|1947\n|player|p2|lenee|1|2029\n|gen|9\n|tier|[Gen 9] Random Battle\n|rated|\n|rule|Species Clause: Limit one of each Pok\u00e9mon\n|rule|HP Percentage Mod: HP is shown in percentages\n|rule|Sleep Clause Mod: Limit one foe put to sleep\n|rule|Illusion Level Mod: Illusion disguises the Pok\u00e9mon's true level\n|\n|t:|1781406453\n|teamsize|p1|6\n|teamsize|p2|6\n|start\n|switch|p1a: Deoxys|Deoxys-Defense, L84|221/221\n|switch|p2a: Victreebel|Victreebel, L90, F|290/290\n|-ability|p1a: Deoxys|Pressure\n|turn|1\n|\n|t:|1781406483\n|switch|p2a: Hatterene|Hatterene, L85, F|236/236\n|move|p1a: Deoxys|Cosmic Power|p1a: Deoxys\n|-boost|p1a: Deoxys|def|1\n|-boost|p1a: Deoxys|spd|1\n|\n|upkeep\n|turn|2\n|l|\u2606lenee\n|player|p2|\n|inactive|Battle timer is ON: inactive players will automatically lose when time's up. (requested by catlib)\n|inactive|lenee has 30 seconds to reconnect!\n|j|\u2606lenee\n|inactive|lenee reconnected and has 115 seconds left.\n|player|p2|lenee|1|\n|inactive|lenee has 90 seconds left.\n|\n|t:|1781406556\n|move|p1a: Deoxys|Night Shade|p2a: Hatterene\n|-damage|p2a: Hatterene|152/236\n|move|p2a: Hatterene|Calm Mind|p2a: Hatterene\n|-boost|p2a: Hatterene|spa|1\n|-boost|p2a: Hatterene|spd|1\n|\n|-heal|p2a: Hatterene|166/236|[from] item: Leftovers\n|upkeep\n|turn|3\n|\n|t:|1781406568\n|move|p1a: Deoxys|Night Shade|p2a: Hatterene\n|-damage|p2a: Hatterene|82/236\n|move|p2a: Hatterene|Calm Mind|p2a: Hatterene\n|-boost|p2a: Hatterene|spa|1\n|-boost|p2a: Hatterene|spd|1\n|\n|-heal|p2a: Hatterene|96/236|[from] item: Leftovers\n|upkeep\n|turn|4\n|\n|t:|1781406571\n|move|p1a: Deoxys|Night Shade|p2a: Hatterene\n|-damage|p2a: Hatterene|12/236\n|move|p2a: Hatterene|Draining Kiss|p1a: Deoxys\n|-crit|p1a: Deoxys\n|-damage|p1a: Deoxys|91/221\n|-heal|p2a: Hatterene|110/236|[from] drain|[of] p1a: Deoxys\n|\n|-heal|p1a: Deoxys|104/221|[from] item: Leftovers\n|-heal|p2a: Hatterene|124/236|[from] item: Leftovers\n|upkeep\n|turn|5\n|\n|t:|1781406579\n|move|p1a: Deoxys|Recover|p1a: Deoxys\n|-heal|p1a: Deoxys|215/221\n|move|p2a: Hatterene|Draining Kiss|p1a: Deoxys\n|-damage|p1a: Deoxys|151/221\n|-heal|p2a: Hatterene|172/236|[from] drain|[of] p1a: Deoxys\n|\n|-heal|p1a: Deoxys|164/221|[from] item: Leftovers\n|-heal|p2a: Hatterene|186/236|[from] item: Leftovers\n|upkeep\n|turn|6\n|inactive|catlib has 120 seconds left.\n|\n|t:|1781406616\n|move|p1a: Deoxys|Night Shade|p2a: Hatterene\n|-damage|p2a: Hatterene|102/236\n|move|p2a: Hatterene|Calm Mind|p2a: Hatterene\n|-boost|p2a: Hatterene|spa|1\n|-boost|p2a: Hatterene|spd|1\n|\n|-heal|p1a: Deoxys|177/221|[from] item: Leftovers\n|-heal|p2a: Hatterene|116/236|[from] item: Leftovers\n|upkeep\n|turn|7\n|\n|t:|1781406620\n|move|p1a: Deoxys|Night Shade|p2a: Hatterene\n|-damage|p2a: Hatterene|32/236\n|move|p2a: Hatterene|Draining Kiss|p1a: Deoxys\n|-damage|p1a: Deoxys|107/221\n|-heal|p2a: Hatterene|85/236|[from] drain|[of] p1a: Deoxys\n|\n|-heal|p1a: Deoxys|120/221|[from] item: Leftovers\n|-heal|p2a: Hatterene|99/236|[from] item: Leftovers\n|upkeep\n|turn|8\n|\n|t:|1781406627\n|move|p1a: Deoxys|Night Shade|p2a: Hatterene\n|-damage|p2a: Hatterene|15/236\n|move|p2a: Hatterene|Draining Kiss|p1a: Deoxys\n|-damage|p1a: Deoxys|48/221\n|-heal|p2a: Hatterene|69/236|[from] drain|[of] p1a: Deoxys\n|\n|-heal|p1a: Deoxys|61/221|[from] item: Leftovers\n|-heal|p2a: Hatterene|83/236|[from] item: Leftovers\n|upkeep\n|turn|9\n|\n|t:|1781406635\n|move|p1a: Deoxys|Recover|p1a: Deoxys\n|-heal|p1a: Deoxys|172/221\n|move|p2a: Hatterene|Draining Kiss|p1a: Deoxys\n|-damage|p1a: Deoxys|97/221\n|-heal|p2a: Hatterene|139/236|[from] drain|[of] p1a: Deoxys\n|\n|-heal|p1a: Deoxys|110/221|[from] item: Leftovers\n|-heal|p2a: Hatterene|153/236|[from] item: Leftovers\n|upkeep\n|turn|10\n|\n|t:|1781406640\n|move|p1a: Deoxys|Cosmic Power|p1a: Deoxys\n|-boost|p1a: Deoxys|def|1\n|-boost|p1a: Deoxys|spd|1\n|move|p2a: Hatterene|Draining Kiss|p1a: Deoxys\n|-damage|p1a: Deoxys|58/221\n|-heal|p2a: Hatterene|192/236|[from] drain|[of] p1a: Deoxys\n|\n|-heal|p1a: Deoxys|71/221|[from] item: Leftovers\n|-heal|p2a: Hatterene|206/236|[from] item: Leftovers\n|upkeep\n|turn|11\n|\n|t:|1781406657\n|move|p1a: Deoxys|Recover|p1a: Deoxys\n|-heal|p1a: Deoxys|182/221\n|move|p2a: Hatterene|Mystical Fire|p1a: Deoxys\n|-damage|p1a: Deoxys|123/221\n|-unboost|p1a: Deoxys|spa|1\n|\n|-heal|p1a: Deoxys|136/221|[from] item: Leftovers\n|-heal|p2a: Hatterene|220/236|[from] item: Leftovers\n|upkeep\n|turn|12\n|\n|t:|1781406664\n|move|p1a: Deoxys|Night Shade|p2a: Hatterene\n|-damage|p2a: Hatterene|136/236\n|move|p2a: Hatterene|Mystical Fire|p1a: Deoxys\n|-damage|p1a: Deoxys|81/221\n|-unboost|p1a: Deoxys|spa|1\n|\n|-heal|p1a: Deoxys|94/221|[from] item: Leftovers\n|-heal|p2a: Hatterene|150/236|[from] item: Leftovers\n|upkeep\n|turn|13\n|\n|t:|1781406670\n|move|p1a: Deoxys|Recover|p1a: Deoxys\n|-heal|p1a: Deoxys|205/221\n|move|p2a: Hatterene|Draining Kiss|p1a: Deoxys\n|-damage|p1a: Deoxys|145/221\n|-heal|p2a: Hatterene|195/236|[from] drain|[of] p1a: Deoxys\n|\n|-heal|p1a: Deoxys|158/221|[from] item: Leftovers\n|-heal|p2a: Hatterene|209/236|[from] item: Leftovers\n|upkeep\n|turn|14\n|\n|t:|1781406690\n|move|p1a: Deoxys|Cosmic Power|p1a: Deoxys\n|-boost|p1a: Deoxys|def|1\n|-boost|p1a: Deoxys|spd|1\n|move|p2a: Hatterene|Mystical Fire|p1a: Deoxys\n|-damage|p1a: Deoxys|111/221\n|-unboost|p1a: Deoxys|spa|1\n|\n|-heal|p1a: Deoxys|124/221|[from] item: Leftovers\n|-heal|p2a: Hatterene|223/236|[from] item: Leftovers\n|upkeep\n|turn|15\n|\n|t:|1781406700\n|move|p1a: Deoxys|Night Shade|p2a: Hatterene\n|-damage|p2a: Hatterene|139/236\n|move|p2a: Hatterene|Mystical Fire|p1a: Deoxys\n|-damage|p1a: Deoxys|80/221\n|-unboost|p1a: Deoxys|spa|1\n|\n|-heal|p1a: Deoxys|93/221|[from] item: Leftovers\n|-heal|p2a: Hatterene|153/236|[from] item: Leftovers\n|upkeep\n|turn|16\n|\n|t:|1781406707\n|move|p1a: Deoxys|Recover|p1a: Deoxys\n|-heal|p1a: Deoxys|204/221\n|move|p2a: Hatterene|Draining Kiss|p1a: Deoxys\n|-damage|p1a: Deoxys|155/221\n|-heal|p2a: Hatterene|190/236|[from] drain|[of] p1a: Deoxys\n|\n|-heal|p1a: Deoxys|168/221|[from] item: Leftovers\n|-heal|p2a: Hatterene|204/236|[from] item: Leftovers\n|upkeep\n|turn|17\n|\n|t:|1781406721\n|switch|p2a: Ho-Oh|Ho-Oh, L71|268/268\n|move|p1a: Deoxys|Night Shade|p2a: Ho-Oh\n|-damage|p2a: Ho-Oh|184/268\n|\n|-heal|p1a: Deoxys|181/221|[from] item: Leftovers\n|upkeep\n|turn|18\n|\n|t:|1781406726\n|move|p1a: Deoxys|Night Shade|p2a: Ho-Oh\n|-damage|p2a: Ho-Oh|100/268\n|move|p2a: Ho-Oh|Sacred Fire|p1a: Deoxys\n|-damage|p1a: Deoxys|157/221\n|-status|p1a: Deoxys|brn\n|\n|-heal|p1a: Deoxys|170/221 brn|[from] item: Leftovers\n|-damage|p1a: Deoxys|157/221 brn|[from] brn\n|upkeep\n|turn|19\n|\n|t:|1781406733\n|move|p1a: Deoxys|Night Shade|p2a: Ho-Oh\n|-damage|p2a: Ho-Oh|16/268\n|move|p2a: Ho-Oh|Recover|p2a: Ho-Oh\n|-heal|p2a: Ho-Oh|150/268\n|\n|-heal|p1a: Deoxys|170/221 brn|[from] item: Leftovers\n|-damage|p1a: Deoxys|157/221 brn|[from] brn\n|upkeep\n|turn|20\n|\n|t:|1781406759\n|move|p1a: Deoxys|Cosmic Power|p1a: Deoxys\n|-boost|p1a: Deoxys|def|1\n|-boost|p1a: Deoxys|spd|1\n|move|p2a: Ho-Oh|Recover|p2a: Ho-Oh\n|-heal|p2a: Ho-Oh|268/268\n|\n|-heal|p1a: Deoxys|170/221 brn|[from] item: Leftovers\n|-damage|p1a: Deoxys|157/221 brn|[from] brn\n|upkeep\n|turn|21\n|\n|t:|1781406764\n|move|p1a: Deoxys|Night Shade|p2a: Ho-Oh\n|-damage|p2a: Ho-Oh|184/268\n|move|p2a: Ho-Oh|Brave Bird|p1a: Deoxys\n|-damage|p1a: Deoxys|132/221 brn\n|-damage|p2a: Ho-Oh|176/268|[from] Recoil\n|\n|-heal|p1a: Deoxys|145/221 brn|[from] item: Leftovers\n|-damage|p1a: Deoxys|132/221 brn|[from] brn\n|upkeep\n|turn|22\n|\n|t:|1781406771\n|move|p1a: Deoxys|Night Shade|p2a: Ho-Oh\n|-damage|p2a: Ho-Oh|92/268\n|move|p2a: Ho-Oh|Recover|p2a: Ho-Oh\n|-heal|p2a: Ho-Oh|226/268\n|\n|-heal|p1a: Deoxys|145/221 brn|[from] item: Leftovers\n|-damage|p1a: Deoxys|132/221 brn|[from] brn\n|upkeep\n|turn|23\n|\n|t:|1781406774\n|move|p1a: Deoxys|Night Shade|p2a: Ho-Oh\n|-damage|p2a: Ho-Oh|142/268\n|move|p2a: Ho-Oh|Sacred Fire|p1a: Deoxys\n|-damage|p1a: Deoxys|110/221 brn\n|\n|-heal|p1a: Deoxys|123/221 brn|[from] item: Leftovers\n|-damage|p1a: Deoxys|110/221 brn|[from] brn\n|upkeep\n|turn|24\n|\n|t:|1781406781\n|move|p1a: Deoxys|Recover|p1a: Deoxys\n|-heal|p1a: Deoxys|221/221 brn\n|move|p2a: Ho-Oh|Recover|p2a: Ho-Oh\n|-heal|p2a: Ho-Oh|268/268\n|\n|-damage|p1a: Deoxys|208/221 brn|[from] brn\n|upkeep\n|turn|25\n|\n|t:|1781406807\n|move|p1a: Deoxys|Night Shade|p2a: Ho-Oh\n|-damage|p2a: Ho-Oh|184/268\n|move|p2a: Ho-Oh|Brave Bird|p1a: Deoxys\n|-crit|p1a: Deoxys\n|-damage|p1a: Deoxys|94/221 brn\n|-damage|p2a: Ho-Oh|146/268|[from] Recoil\n|\n|-heal|p1a: Deoxys|107/221 brn|[from] item: Leftovers\n|-damage|p1a: Deoxys|94/221 brn|[from] brn\n|upkeep\n|turn|26\n|\n|t:|1781406814\n|move|p1a: Deoxys|Recover|p1a: Deoxys\n|-heal|p1a: Deoxys|205/221 brn\n|move|p2a: Ho-Oh|Recover|p2a: Ho-Oh\n|-heal|p2a: Ho-Oh|268/268\n|\n|-heal|p1a: Deoxys|218/221 brn|[from] item: Leftovers\n|-damage|p1a: Deoxys|205/221 brn|[from] brn\n|upkeep\n|turn|27\n|\n|t:|1781406834\n|move|p1a: Deoxys|Night Shade|p2a: Ho-Oh\n|-damage|p2a: Ho-Oh|184/268\n|move|p2a: Ho-Oh|Brave Bird|p1a: Deoxys\n|-damage|p1a: Deoxys|181/221 brn\n|-damage|p2a: Ho-Oh|176/268|[from] Recoil\n|\n|-heal|p1a: Deoxys|194/221 brn|[from] item: Leftovers\n|-damage|p1a: Deoxys|181/221 brn|[from] brn\n|upkeep\n|turn|28\n|\n|t:|1781406838\n|move|p1a: Deoxys|Night Shade|p2a: Ho-Oh\n|-damage|p2a: Ho-Oh|92/268\n|move|p2a: Ho-Oh|Recover|p2a: Ho-Oh\n|-heal|p2a: Ho-Oh|226/268\n|\n|-heal|p1a: Deoxys|194/221 brn|[from] item: Leftovers\n|-damage|p1a: Deoxys|181/221 brn|[from] brn\n|upkeep\n|turn|29\n|inactive|catlib has 120 seconds left.\n|\n|t:|1781406882\n|move|p1a: Deoxys|Night Shade|p2a: Ho-Oh\n|-damage|p2a: Ho-Oh|142/268\n|move|p2a: Ho-Oh|Brave Bird|p1a: Deoxys\n|-damage|p1a: Deoxys|156/221 brn\n|-damage|p2a: Ho-Oh|134/268|[from] Recoil\n|\n|-heal|p1a: Deoxys|169/221 brn|[from] item: Leftovers\n|-damage|p1a: Deoxys|156/221 brn|[from] brn\n|upkeep\n|turn|30\n|\n|t:|1781406885\n|move|p1a: Deoxys|Night Shade|p2a: Ho-Oh\n|-damage|p2a: Ho-Oh|50/268\n|move|p2a: Ho-Oh|Recover|p2a: Ho-Oh\n|-heal|p2a: Ho-Oh|184/268\n|\n|-heal|p1a: Deoxys|169/221 brn|[from] item: Leftovers\n|-damage|p1a: Deoxys|156/221 brn|[from] brn\n|upkeep\n|turn|31\n|\n|t:|1781406891\n|move|p1a: Deoxys|Night Shade|p2a: Ho-Oh\n|-damage|p2a: Ho-Oh|100/268\n|move|p2a: Ho-Oh|Earthquake|p1a: Deoxys\n|-damage|p1a: Deoxys|141/221 brn\n|\n|-heal|p1a: Deoxys|154/221 brn|[from] item: Leftovers\n|-damage|p1a: Deoxys|141/221 brn|[from] brn\n|upkeep\n|turn|32\n|\n|t:|1781406902\n|switch|p2a: Comfey|Comfey, L85, F|225/225\n|move|p1a: Deoxys|Night Shade|p2a: Comfey\n|-damage|p2a: Comfey|141/225\n|\n|-heal|p2a: Comfey|155/225|[from] item: Leftovers\n|-heal|p1a: Deoxys|154/221 brn|[from] item: Leftovers\n|-damage|p1a: Deoxys|141/221 brn|[from] brn\n|upkeep\n|turn|33\n|\n|t:|1781406908\n|move|p2a: Comfey|Synthesis|p2a: Comfey\n|-heal|p2a: Comfey|225/225\n|move|p1a: Deoxys|Night Shade|p2a: Comfey\n|-damage|p2a: Comfey|141/225\n|\n|-heal|p2a: Comfey|155/225|[from] item: Leftovers\n|-heal|p1a: Deoxys|154/221 brn|[from] item: Leftovers\n|-damage|p1a: Deoxys|141/221 brn|[from] brn\n|upkeep\n|turn|34\n|\n|t:|1781406920\n|switch|p1a: Rhydon|Rhydon, L85, F|317/317\n|move|p2a: Comfey|Calm Mind|p2a: Comfey\n|-boost|p2a: Comfey|spa|1\n|-boost|p2a: Comfey|spd|1\n|\n|-heal|p2a: Comfey|169/225|[from] item: Leftovers\n|upkeep\n|turn|35\n|\n|t:|1781406925\n|move|p2a: Comfey|Draining Kiss|p1a: Rhydon\n|-damage|p1a: Rhydon|238/317\n|-heal|p2a: Comfey|225/225|[from] drain|[of] p1a: Rhydon\n|move|p1a: Rhydon|Earthquake|p2a: Comfey\n|-damage|p2a: Comfey|80/225\n|\n|-heal|p2a: Comfey|94/225|[from] item: Leftovers\n|upkeep\n|turn|36\n|\n|t:|1781406930\n|move|p2a: Comfey|Draining Kiss|p1a: Rhydon\n|-damage|p1a: Rhydon|166/317\n|-heal|p2a: Comfey|148/225|[from] drain|[of] p1a: Rhydon\n|move|p1a: Rhydon|Earthquake|p2a: Comfey\n|-damage|p2a: Comfey|19/225\n|\n|-heal|p2a: Comfey|33/225|[from] item: Leftovers\n|upkeep\n|turn|37\n|\n|t:|1781406934\n|-terastallize|p2a: Comfey|Ground\n|move|p2a: Comfey|Tera Blast|p1a: Rhydon|[anim] Tera Blast Ground\n|-supereffective|p1a: Rhydon\n|-damage|p1a: Rhydon|0 fnt\n|faint|p1a: Rhydon\n|\n|-heal|p2a: Comfey|47/225|[from] item: Leftovers\n|upkeep\n|\n|t:|1781406959\n|switch|p1a: Exeggutor|Exeggutor, L89, F|314/314\n|turn|38\n|\n|t:|1781406967\n|move|p2a: Comfey|Draining Kiss|p1a: Exeggutor\n|-damage|p1a: Exeggutor|235/314\n|-heal|p2a: Comfey|106/225|[from] drain|[of] p1a: Exeggutor\n|move|p1a: Exeggutor|Calm Mind|p1a: Exeggutor\n|-boost|p1a: Exeggutor|spa|1\n|-boost|p1a: Exeggutor|spd|1\n|\n|-heal|p2a: Comfey|120/225|[from] item: Leftovers\n|upkeep\n|turn|39\n|\n|t:|1781406974\n|switch|p2a: Victreebel|Victreebel, L90, F|290/290\n|move|p1a: Exeggutor|Giga Drain|p2a: Victreebel\n|-resisted|p2a: Victreebel\n|-damage|p2a: Victreebel|244/290\n|-heal|p1a: Exeggutor|258/314|[from] drain|[of] p2a: Victreebel\n|\n|upkeep\n|turn|40\n|\n|t:|1781406979\n|move|p2a: Victreebel|Knock Off|p1a: Exeggutor\n|-supereffective|p1a: Exeggutor\n|-damage|p1a: Exeggutor|60/314\n|-enditem|p1a: Exeggutor|Sitrus Berry|[from] move: Knock Off|[of] p2a: Victreebel\n|-damage|p2a: Victreebel|215/290|[from] item: Life Orb\n|move|p1a: Exeggutor|Psyshock|p2a: Victreebel\n|-supereffective|p2a: Victreebel\n|-damage|p2a: Victreebel|0 fnt\n|faint|p2a: Victreebel\n|\n|upkeep\n|\n|t:|1781406991\n|switch|p2a: Palafin|Palafin, L77, F|281/281\n|turn|41\n|\n|t:|1781407004\n|move|p2a: Palafin|Ice Punch|p1a: Exeggutor\n|-supereffective|p1a: Exeggutor\n|-damage|p1a: Exeggutor|0 fnt\n|faint|p1a: Exeggutor\n|\n|upkeep\n|\n|t:|1781407010\n|switch|p1a: Phione|Phione, L91|293/293\n|turn|42\n|\n|t:|1781407024\n|detailschange|p2a: Palafin|Palafin-Hero, L77, F\n|switch|p2a: Comfey|Comfey, L85, F, tera:Ground|120/225\n|move|p1a: Phione|Take Heart|p1a: Phione\n|-boost|p1a: Phione|spa|1\n|-boost|p1a: Phione|spd|1\n|\n|-heal|p2a: Comfey|134/225|[from] item: Leftovers\n|upkeep\n|turn|43\n|\n|t:|1781407030\n|move|p2a: Comfey|Calm Mind|p2a: Comfey\n|-boost|p2a: Comfey|spa|1\n|-boost|p2a: Comfey|spd|1\n|move|p1a: Phione|Scald|p2a: Comfey\n|-supereffective|p2a: Comfey\n|-damage|p2a: Comfey|0 fnt\n|faint|p2a: Comfey\n|\n|upkeep\n|\n|t:|1781407033\n|switch|p2a: Palafin|Palafin-Hero, L77, F|281/281\n|-activate|p2a: Palafin|ability: Zero to Hero\n|turn|44\n|\n|t:|1781407040\n|move|p2a: Palafin|Bulk Up|p2a: Palafin\n|-boost|p2a: Palafin|atk|1\n|-boost|p2a: Palafin|def|1\n|move|p1a: Phione|Grass Knot|p2a: Palafin\n|-supereffective|p2a: Palafin\n|-damage|p2a: Palafin|101/281\n|\n|-heal|p2a: Palafin|118/281|[from] item: Leftovers\n|upkeep\n|turn|45\n|\n|t:|1781407044\n|move|p2a: Palafin|Drain Punch|p1a: Phione\n|-damage|p1a: Phione|196/293\n|-heal|p2a: Palafin|167/281|[from] drain|[of] p1a: Phione\n|move|p1a: Phione|Grass Knot|p2a: Palafin\n|-supereffective|p2a: Palafin\n|-damage|p2a: Palafin|0 fnt\n|faint|p2a: Palafin\n|\n|-heal|p1a: Phione|214/293|[from] item: Leftovers\n|upkeep\n|\n|t:|1781407049\n|switch|p2a: Honchkrow|Honchkrow, L86, F|312/312\n|turn|46\n|\n|t:|1781407056\n|move|p1a: Phione|Ice Beam|p2a: Honchkrow\n|-supereffective|p2a: Honchkrow\n|-damage|p2a: Honchkrow|40/312\n|move|p2a: Honchkrow|Brave Bird|p1a: Phione\n|-damage|p1a: Phione|61/293\n|-damage|p2a: Honchkrow|0 fnt|[from] Recoil\n|faint|p2a: Honchkrow\n|\n|-heal|p1a: Phione|79/293|[from] item: Leftovers\n|upkeep\n|-message|lenee forfeited.\n|\n|win|catlib\n", "uploadtime": 1781406455, "views": 7, "formatid": "gen9randombattle", "rating": null, "private": 0, "password": null}