{"id": "gen9randombattle-2631898570", "format": "[Gen 9] Random Battle", "players": ["ElyasTheGreat", "holy s m i t e"], "log": "|badge|p1|silver|gen9randombattle|30-9\n|uhtml|medal-msg|<div class=\"broadcast-blue\">Curious what those medals under the avatar are? PS now has Ladder Seasons! For more information, check out the <a href=\"https://www.smogon.com/forums/threads/3740067/\">thread on Smogon.</a></div>\n|badge|p2|bronze|gen9randombattle|100-9\n|uhtml|medal-msg|<div class=\"broadcast-blue\">Curious what those medals under the avatar are? PS now has Ladder Seasons! For more information, check out the <a href=\"https://www.smogon.com/forums/threads/3740067/\">thread on Smogon.</a></div>\n|j|\u2606ElyasTheGreat\n|j|\u2606holy s m i t e\n|t:|1781453390\n|gametype|singles\n|player|p1|ElyasTheGreat|alder|2374\n|player|p2|holy s m i t e|1|2359\n|gen|9\n|tier|[Gen 9] Random Battle\n|rated|\n|rule|Species Clause: Limit one of each Pok\u00e9mon\n|rule|HP Percentage Mod: HP is shown in percentages\n|rule|Sleep Clause Mod: Limit one foe put to sleep\n|rule|Illusion Level Mod: Illusion disguises the Pok\u00e9mon's true level\n|\n|t:|1781453390\n|teamsize|p1|6\n|teamsize|p2|6\n|start\n|switch|p1a: Hoopa|Hoopa-Unbound, L80|259/259\n|switch|p2a: Toedscruel|Toedscruel, L87, F|281/281\n|turn|1\n|inactive|Battle timer is ON: inactive players will automatically lose when time's up. (requested by holy s m i t e)\n|inactive|ElyasTheGreat has 120 seconds left.\n|\n|t:|1781453450\n|switch|p1a: Torterra|Torterra, L78, F|276/276\n|switch|p2a: Scrafty|Scrafty, L83, M|244/244\n|-ability|p2a: Scrafty|Intimidate|boost\n|-unboost|p1a: Torterra|atk|1\n|\n|upkeep\n|turn|2\n|\n|t:|1781453460\n|switch|p1a: Sneasler|Sneasler, L74, M|240/240\n|move|p2a: Scrafty|Knock Off|p1a: Sneasler\n|-resisted|p1a: Sneasler\n|-damage|p1a: Sneasler|168/240\n|-enditem|p1a: Sneasler|White Herb|[from] move: Knock Off|[of] p2a: Scrafty\n|\n|upkeep\n|turn|3\n|\n|t:|1781453484\n|switch|p2a: Groudon|Groudon, L72|263/263\n|-weather|SunnyDay|[from] ability: Drought|[of] p2a: Groudon\n|move|p1a: Sneasler|Swords Dance|p1a: Sneasler\n|-boost|p1a: Sneasler|atk|2\n|\n|-weather|SunnyDay|[upkeep]\n|upkeep\n|turn|4\n|\n|t:|1781453493\n|move|p1a: Sneasler|Dire Claw|p2a: Groudon\n|-resisted|p2a: Groudon\n|-damage|p2a: Groudon|197/263\n|move|p2a: Groudon|Heat Crash|p1a: Sneasler\n|-damage|p1a: Sneasler|0 fnt\n|faint|p1a: Sneasler\n|\n|-weather|SunnyDay|[upkeep]\n|-heal|p2a: Groudon|213/263|[from] item: Leftovers\n|upkeep\n|\n|t:|1781453502\n|switch|p1a: Glaceon|Glaceon, L94, F|275/275\n|turn|5\n|\n|t:|1781453513\n|-terastallize|p2a: Groudon|Fire\n|move|p1a: Glaceon|Freeze-Dry|p2a: Groudon\n|-resisted|p2a: Groudon\n|-damage|p2a: Groudon|141/263\n|move|p2a: Groudon|Heat Crash|p1a: Glaceon\n|-supereffective|p1a: Glaceon\n|-damage|p1a: Glaceon|0 fnt\n|faint|p1a: Glaceon\n|\n|-weather|SunnyDay|[upkeep]\n|-heal|p2a: Groudon|157/263|[from] item: Leftovers\n|upkeep\n|\n|t:|1781453526\n|switch|p1a: Torterra|Torterra, L78, F|276/276\n|turn|6\n|\n|t:|1781453538\n|move|p2a: Groudon|Heat Crash|p1a: Torterra\n|-supereffective|p1a: Torterra\n|-damage|p1a: Torterra|36/276\n|move|p1a: Torterra|Shell Smash|p1a: Torterra\n|-unboost|p1a: Torterra|def|1\n|-unboost|p1a: Torterra|spd|1\n|-boost|p1a: Torterra|atk|2\n|-boost|p1a: Torterra|spa|2\n|-boost|p1a: Torterra|spe|2\n|\n|-weather|SunnyDay|[upkeep]\n|-heal|p2a: Groudon|173/263|[from] item: Leftovers\n|upkeep\n|turn|7\n|\n|t:|1781453561\n|switch|p2a: Probopass|Probopass, L91, M|257/257\n|move|p1a: Torterra|Headlong Rush|p2a: Probopass\n|-supereffective|p2a: Probopass\n|-damage|p2a: Probopass|0 fnt\n|-unboost|p1a: Torterra|def|1\n|-unboost|p1a: Torterra|spd|1\n|faint|p2a: Probopass\n|\n|-weather|none\n|upkeep\n|\n|t:|1781453564\n|switch|p2a: Scrafty|Scrafty, L83, M|244/244\n|-ability|p2a: Scrafty|Intimidate|boost\n|-unboost|p1a: Torterra|atk|1\n|turn|8\n|\n|t:|1781453567\n|move|p1a: Torterra|Bullet Seed|p2a: Scrafty\n|-damage|p2a: Scrafty|196/244\n|-damage|p2a: Scrafty|148/244\n|-damage|p2a: Scrafty|99/244\n|-damage|p2a: Scrafty|53/244\n|-hitcount|p2a: Scrafty|4\n|move|p2a: Scrafty|Drain Punch|p1a: Torterra\n|-damage|p1a: Torterra|0 fnt\n|-heal|p2a: Scrafty|71/244|[from] drain|[of] p1a: Torterra\n|faint|p1a: Torterra\n|\n|-heal|p2a: Scrafty|86/244|[from] item: Leftovers\n|upkeep\n|\n|t:|1781453577\n|switch|p1a: Dialga|Dialga, L73|266/266\n|-ability|p1a: Dialga|Pressure\n|turn|9\n|\n|t:|1781453580\n|move|p1a: Dialga|Heavy Slam|p2a: Scrafty\n|-damage|p2a: Scrafty|0 fnt\n|faint|p2a: Scrafty\n|\n|upkeep\n|\n|t:|1781453588\n|switch|p2a: Toedscruel|Toedscruel, L87, F|281/281\n|turn|10\n|inactive|ElyasTheGreat has 120 seconds left.\n|inactive|ElyasTheGreat has 90 seconds left.\n|\n|t:|1781453664\n|move|p2a: Toedscruel|Earth Power|p1a: Dialga\n|-supereffective|p1a: Dialga\n|-damage|p1a: Dialga|92/266\n|-unboost|p1a: Dialga|spd|1\n|move|p1a: Dialga|Fire Blast|p2a: Toedscruel\n|-supereffective|p2a: Toedscruel\n|-damage|p2a: Toedscruel|147/281\n|\n|-heal|p2a: Toedscruel|164/281|[from] item: Leftovers\n|-heal|p1a: Dialga|108/266|[from] item: Leftovers\n|upkeep\n|turn|11\n|\n|t:|1781453672\n|move|p2a: Toedscruel|Earth Power|p1a: Dialga\n|-supereffective|p1a: Dialga\n|-damage|p1a: Dialga|0 fnt\n|faint|p1a: Dialga\n|\n|-heal|p2a: Toedscruel|181/281|[from] item: Leftovers\n|upkeep\n|\n|t:|1781453674\n|switch|p1a: Hoopa|Hoopa-Unbound, L80|259/259\n|turn|12\n|inactive|ElyasTheGreat has 90 seconds left.\n|\n|t:|1781453680\n|move|p1a: Hoopa|Hyperspace Fury|p2a: Toedscruel\n|-damage|p2a: Toedscruel|7/281\n|-unboost|p1a: Hoopa|def|1\n|move|p2a: Toedscruel|Earth Power|p1a: Hoopa\n|-damage|p1a: Hoopa|190/259\n|\n|-heal|p2a: Toedscruel|24/281|[from] item: Leftovers\n|upkeep\n|turn|13\n|\n|t:|1781453684\n|move|p1a: Hoopa|Hyperspace Fury|p2a: Toedscruel\n|-damage|p2a: Toedscruel|0 fnt\n|-unboost|p1a: Hoopa|def|1\n|faint|p2a: Toedscruel\n|\n|upkeep\n|\n|t:|1781453685\n|switch|p2a: Dondozo|Dondozo, L78, M|362/362\n|turn|14\n|\n|t:|1781453689\n|move|p1a: Hoopa|Hyperspace Fury|p2a: Dondozo\n|-damage|p2a: Dondozo|241/362\n|-unboost|p1a: Hoopa|def|1\n|move|p2a: Dondozo|Wave Crash|p1a: Hoopa\n|-damage|p1a: Hoopa|43/259\n|-damage|p2a: Dondozo|192/362|[from] Recoil\n|\n|-heal|p2a: Dondozo|214/362|[from] item: Leftovers\n|upkeep\n|turn|15\n|\n|t:|1781453692\n|move|p1a: Hoopa|Hyperspace Fury|p2a: Dondozo\n|-crit|p2a: Dondozo\n|-damage|p2a: Dondozo|10/362\n|-unboost|p1a: Hoopa|def|1\n|move|p2a: Dondozo|Rest|p2a: Dondozo\n|-status|p2a: Dondozo|slp|[from] move: Rest\n|-heal|p2a: Dondozo|362/362 slp|[silent]\n|\n|upkeep\n|turn|16\n|\n|t:|1781453697\n|move|p1a: Hoopa|Hyperspace Fury|p2a: Dondozo\n|-damage|p2a: Dondozo|239/362 slp\n|-unboost|p1a: Hoopa|def|1\n|cant|p2a: Dondozo|slp\n|move|p2a: Dondozo|Sleep Talk|p2a: Dondozo\n|move|p2a: Dondozo|Rest||[from] move: Sleep Talk|[still]\n|-fail|p2a: Dondozo\n|\n|-heal|p2a: Dondozo|261/362 slp|[from] item: Leftovers\n|upkeep\n|turn|17\n|\n|t:|1781453700\n|move|p1a: Hoopa|Hyperspace Fury|p2a: Dondozo\n|-damage|p2a: Dondozo|137/362 slp\n|-unboost|p1a: Hoopa|def|1\n|cant|p2a: Dondozo|slp\n|move|p2a: Dondozo|Sleep Talk|p2a: Dondozo\n|move|p2a: Dondozo|Rest||[from] move: Sleep Talk|[still]\n|-fail|p2a: Dondozo\n|\n|-heal|p2a: Dondozo|159/362 slp|[from] item: Leftovers\n|upkeep\n|turn|18\n|\n|t:|1781453702\n|move|p1a: Hoopa|Hyperspace Fury|p2a: Dondozo\n|-damage|p2a: Dondozo|21/362 slp\n|-curestatus|p2a: Dondozo|slp|[msg]\n|move|p2a: Dondozo|Rest|p2a: Dondozo\n|-status|p2a: Dondozo|slp|[from] move: Rest\n|-heal|p2a: Dondozo|362/362 slp|[silent]\n|\n|upkeep\n|turn|19\n|\n|t:|1781453704\n|switch|p1a: Golem|Golem, L87, M|281/281\n|cant|p2a: Dondozo|slp\n|move|p2a: Dondozo|Sleep Talk|p2a: Dondozo\n|move|p2a: Dondozo|Rest||[from] move: Sleep Talk|[still]\n|-fail|p2a: Dondozo\n|\n|upkeep\n|turn|20\n|\n|t:|1781453711\n|switch|p1a: Hoopa|Hoopa-Unbound, L80|43/259\n|cant|p2a: Dondozo|slp\n|move|p2a: Dondozo|Sleep Talk|p2a: Dondozo\n|move|p2a: Dondozo|Curse|p2a: Dondozo|[from] move: Sleep Talk\n|-unboost|p2a: Dondozo|spe|1\n|-boost|p2a: Dondozo|atk|1\n|-boost|p2a: Dondozo|def|1\n|\n|upkeep\n|turn|21\n|\n|t:|1781453725\n|move|p1a: Hoopa|Psychic|p2a: Dondozo\n|-damage|p2a: Dondozo|164/362 slp\n|-curestatus|p2a: Dondozo|slp|[msg]\n|move|p2a: Dondozo|Wave Crash|p1a: Hoopa\n|-damage|p1a: Hoopa|0 fnt\n|faint|p1a: Hoopa\n|-damage|p2a: Dondozo|150/362|[from] Recoil\n|\n|-heal|p2a: Dondozo|172/362|[from] item: Leftovers\n|upkeep\n|\n|t:|1781453727\n|switch|p1a: Golem|Golem, L87, M|281/281\n|turn|22\n|\n|t:|1781453733\n|move|p1a: Golem|Rock Polish|p1a: Golem\n|-boost|p1a: Golem|spe|2\n|move|p2a: Dondozo|Rest|p2a: Dondozo\n|-status|p2a: Dondozo|slp|[from] move: Rest\n|-heal|p2a: Dondozo|362/362 slp|[silent]\n|\n|upkeep\n|turn|23\n|\n|t:|1781453746\n|move|p1a: Golem|Stone Edge|p2a: Dondozo\n|-damage|p2a: Dondozo|289/362 slp\n|cant|p2a: Dondozo|slp\n|move|p2a: Dondozo|Sleep Talk|p2a: Dondozo\n|move|p2a: Dondozo|Wave Crash|p1a: Golem|[from] move: Sleep Talk\n|-supereffective|p1a: Golem\n|-ability|p1a: Golem|Sturdy\n|-damage|p1a: Golem|1/281\n|-enditem|p1a: Golem|Weakness Policy\n|-boost|p1a: Golem|atk|2|[from] item: Weakness Policy\n|-boost|p1a: Golem|spa|2|[from] item: Weakness Policy\n|-damage|p2a: Dondozo|197/362 slp|[from] Recoil\n|\n|-heal|p2a: Dondozo|219/362 slp|[from] item: Leftovers\n|upkeep\n|turn|24\n|\n|t:|1781453753\n|move|p1a: Golem|Stone Edge|p2a: Dondozo\n|-damage|p2a: Dondozo|147/362 slp\n|cant|p2a: Dondozo|slp\n|move|p2a: Dondozo|Sleep Talk|p2a: Dondozo\n|move|p2a: Dondozo|Wave Crash|p1a: Golem|[from] move: Sleep Talk\n|-supereffective|p1a: Golem\n|-damage|p1a: Golem|0 fnt\n|faint|p1a: Golem\n|-damage|p2a: Dondozo|146/362 slp|[from] Recoil\n|\n|win|holy s m i t e\n", "uploadtime": 1781453392, "views": 3, "formatid": "gen9randombattle", "rating": null, "private": 0, "password": null}