{"id": "gen9randombattle-2631748172", "format": "[Gen 9] Random Battle", "players": ["Schibi", "It'sOnlyRed?"], "log": "|j|\u2606Schibi\n|j|\u2606It'sOnlyRed?\n|t:|1781433225\n|gametype|singles\n|player|p1|Schibi|2|2010\n|player|p2|It'sOnlyRed?|blue-gen3|2037\n|gen|9\n|tier|[Gen 9] Random Battle\n|rated|\n|rule|Species Clause: Limit one of each Pok\u00e9mon\n|rule|HP Percentage Mod: HP is shown in percentages\n|rule|Sleep Clause Mod: Limit one foe put to sleep\n|rule|Illusion Level Mod: Illusion disguises the Pok\u00e9mon's true level\n|\n|t:|1781433225\n|teamsize|p1|6\n|teamsize|p2|6\n|start\n|switch|p1a: Smeargle|Smeargle, L95, M|258/258\n|switch|p2a: Orthworm|Orthworm, L88, M|266/266\n|turn|1\n|inactive|Battle timer is ON: inactive players will automatically lose when time's up. (requested by It'sOnlyRed?)\n|\n|t:|1781433236\n|move|p1a: Smeargle|Spore|p2a: Orthworm\n|-status|p2a: Orthworm|slp|[from] move: Spore\n|-enditem|p2a: Orthworm|Chesto Berry|[eat]\n|-curestatus|p2a: Orthworm|slp|[msg]\n|move|p2a: Orthworm|Body Press|p1a: Smeargle\n|-supereffective|p1a: Smeargle\n|-damage|p1a: Smeargle|0 fnt\n|faint|p1a: Smeargle\n|\n|upkeep\n|\n|t:|1781433244\n|switch|p1a: Azelf|Azelf, L82|257/257\n|turn|2\n|\n|t:|1781433259\n|switch|p2a: Iron Thorns|Iron Thorns, L83|302/302\n|-enditem|p2a: Iron Thorns|Booster Energy\n|-activate|p2a: Iron Thorns|ability: Quark Drive|[fromitem]\n|-start|p2a: Iron Thorns|quarkdriveatk\n|move|p1a: Azelf|Fire Blast|p2a: Iron Thorns\n|-resisted|p2a: Iron Thorns\n|-damage|p2a: Iron Thorns|228/302\n|\n|upkeep\n|turn|3\n|\n|t:|1781433276\n|switch|p1a: Toxapex|Toxapex, L82, F|216/216\n|move|p2a: Iron Thorns|Dragon Dance|p2a: Iron Thorns\n|-boost|p2a: Iron Thorns|atk|1\n|-boost|p2a: Iron Thorns|spe|1\n|\n|upkeep\n|turn|4\n|\n|t:|1781433281\n|move|p2a: Iron Thorns|Wild Charge|p1a: Toxapex\n|-supereffective|p1a: Toxapex\n|-damage|p1a: Toxapex|0 fnt\n|-damage|p2a: Iron Thorns|178/302|[from] item: Rocky Helmet|[of] p1a: Toxapex\n|faint|p1a: Toxapex\n|-damage|p2a: Iron Thorns|124/302|[from] Recoil\n|\n|upkeep\n|\n|t:|1781433285\n|switch|p1a: Flygon|Flygon, L82, M|265/265\n|turn|5\n|\n|t:|1781433293\n|move|p1a: Flygon|U-turn|p2a: Iron Thorns\n|-damage|p2a: Iron Thorns|86/302\n|\n|t:|1781433295\n|switch|p1a: Dudunsparce|Dudunsparce, L83, M|343/343|[from] U-turn\n|move|p2a: Iron Thorns|Ice Punch|p1a: Dudunsparce\n|-damage|p1a: Dudunsparce|204/343\n|-status|p1a: Dudunsparce|frz\n|\n|-heal|p1a: Dudunsparce|225/343 frz|[from] item: Leftovers\n|upkeep\n|turn|6\n|\n|t:|1781433301\n|move|p2a: Iron Thorns|Stone Edge|p1a: Dudunsparce\n|-damage|p1a: Dudunsparce|0 fnt\n|faint|p1a: Dudunsparce\n|\n|upkeep\n|\n|t:|1781433304\n|switch|p1a: Flygon|Flygon, L82, M|265/265\n|turn|7\n|-message|Schibi forfeited.\n|\n|win|It'sOnlyRed?\n", "uploadtime": 1781433227, "views": 3, "formatid": "gen9randombattle", "rating": null, "private": 0, "password": null}