{"id": "gen9randombattle-2632017310", "format": "[Gen 9] Random Battle", "players": ["Glinteighty", "igothighjumpkick"], "log": "|j|\u2606Glinteighty\n|j|\u2606igothighjumpkick\n|t:|1781466387\n|gametype|singles\n|player|p1|Glinteighty|266|1961\n|player|p2|igothighjumpkick|zinzolin|1923\n|gen|9\n|tier|[Gen 9] Random Battle\n|rated|\n|rule|Species Clause: Limit one of each Pok\u00e9mon\n|rule|HP Percentage Mod: HP is shown in percentages\n|rule|Sleep Clause Mod: Limit one foe put to sleep\n|rule|Illusion Level Mod: Illusion disguises the Pok\u00e9mon's true level\n|\n|t:|1781466387\n|teamsize|p1|6\n|teamsize|p2|6\n|start\n|switch|p1a: Ninetales|Ninetales-Alola, L78, F|242/242\n|switch|p2a: Kyurem|Kyurem-White, L73|303/303\n|-weather|Snowscape|[from] ability: Snow Warning|[of] p1a: Ninetales\n|-ability|p2a: Kyurem|Turboblaze\n|turn|1\n|inactive|Battle timer is ON: inactive players will automatically lose when time's up. (requested by igothighjumpkick)\n|\n|t:|1781466405\n|move|p1a: Ninetales|Aurora Veil|p1a: Ninetales\n|-sidestart|p1: Glinteighty|move: Aurora Veil\n|move|p2a: Kyurem|Fusion Flare|p1a: Ninetales\n|-supereffective|p1a: Ninetales\n|-damage|p1a: Ninetales|116/242\n|\n|-weather|Snowscape|[upkeep]\n|upkeep\n|turn|2\n|\n|t:|1781466412\n|switch|p1a: Typhlosion|Typhlosion-Hisui, L83, F|257/257\n|switch|p2a: Incineroar|Incineroar, L82, F|290/290\n|-ability|p2a: Incineroar|Intimidate|boost\n|-unboost|p1a: Typhlosion|atk|1\n|\n|-weather|Snowscape|[upkeep]\n|upkeep\n|turn|3\n|\n|t:|1781466424\n|switch|p1a: Drednaw|Drednaw, L81, F|278/278\n|move|p2a: Incineroar|Knock Off|p1a: Drednaw\n|-damage|p1a: Drednaw|220/278\n|-enditem|p1a: Drednaw|White Herb|[from] move: Knock Off|[of] p2a: Incineroar\n|\n|-weather|Snowscape|[upkeep]\n|upkeep\n|turn|4\n|\n|t:|1781466429\n|move|p1a: Drednaw|Shell Smash|p1a: Drednaw\n|-unboost|p1a: Drednaw|def|1\n|-unboost|p1a: Drednaw|spd|1\n|-boost|p1a: Drednaw|atk|2\n|-boost|p1a: Drednaw|spa|2\n|-boost|p1a: Drednaw|spe|2\n|move|p2a: Incineroar|Trailblaze|p1a: Drednaw\n|-supereffective|p1a: Drednaw\n|-damage|p1a: Drednaw|110/278\n|-boost|p2a: Incineroar|spe|1\n|\n|-weather|Snowscape|[upkeep]\n|upkeep\n|turn|5\n|\n|t:|1781466432\n|-terastallize|p2a: Incineroar|Grass\n|move|p1a: Drednaw|Liquidation|p2a: Incineroar\n|-resisted|p2a: Incineroar\n|-damage|p2a: Incineroar|198/290\n|move|p2a: Incineroar|Trailblaze|p1a: Drednaw\n|-supereffective|p1a: Drednaw\n|-damage|p1a: Drednaw|0 fnt\n|-boost|p2a: Incineroar|spe|1\n|faint|p1a: Drednaw\n|\n|-weather|none\n|upkeep\n|\n|t:|1781466437\n|switch|p1a: Flamigo|Flamigo, L82, M|269/269\n|turn|6\n|\n|t:|1781466439\n|move|p2a: Incineroar|Flare Blitz|p1a: Flamigo\n|-damage|p1a: Flamigo|194/269\n|-damage|p2a: Incineroar|173/290|[from] Recoil\n|move|p1a: Flamigo|Brave Bird|p2a: Incineroar\n|-supereffective|p2a: Incineroar\n|-damage|p2a: Incineroar|0 fnt\n|faint|p2a: Incineroar\n|-damage|p1a: Flamigo|137/269|[from] Recoil\n|\n|upkeep\n|\n|t:|1781466446\n|switch|p2a: Clawitzer|Clawitzer, L87, M|265/265\n|turn|7\n|\n|t:|1781466448\n|move|p1a: Flamigo|Brave Bird|p2a: Clawitzer\n|-damage|p2a: Clawitzer|129/265\n|-damage|p1a: Flamigo|92/269|[from] Recoil\n|move|p2a: Clawitzer|Water Pulse|p1a: Flamigo\n|-damage|p1a: Flamigo|20/269\n|\n|upkeep\n|turn|8\n|\n|t:|1781466453\n|move|p1a: Flamigo|Brave Bird|p2a: Clawitzer\n|-damage|p2a: Clawitzer|0 fnt\n|faint|p2a: Clawitzer\n|-damage|p1a: Flamigo|0 fnt|[from] Recoil\n|faint|p1a: Flamigo\n|\n|-sideend|p1: Glinteighty|move: Aurora Veil\n|upkeep\n|\n|t:|1781466462\n|switch|p1a: Clefable|Clefable, L83, M|293/293\n|switch|p2a: Ariados|Ariados, L95, M|287/287\n|turn|9\n|\n|t:|1781466467\n|move|p1a: Clefable|Fire Blast|p2a: Ariados|[miss]\n|-miss|p1a: Clefable|p2a: Ariados\n|move|p2a: Ariados|Toxic Spikes|p1a: Clefable\n|-sidestart|p1: Glinteighty|move: Toxic Spikes\n|\n|upkeep\n|turn|10\n|\n|t:|1781466475\n|switch|p2a: Kyurem|Kyurem-White, L73|303/303\n|-ability|p2a: Kyurem|Turboblaze\n|move|p1a: Clefable|Fire Blast|p2a: Kyurem|[miss]\n|-miss|p1a: Clefable|p2a: Kyurem\n|\n|upkeep\n|turn|11\n|\n|t:|1781466487\n|move|p2a: Kyurem|Ice Beam|p1a: Clefable\n|-damage|p1a: Clefable|116/293\n|move|p1a: Clefable|Calm Mind|p1a: Clefable\n|-boost|p1a: Clefable|spa|1\n|-boost|p1a: Clefable|spd|1\n|\n|upkeep\n|turn|12\n|\n|t:|1781466491\n|move|p2a: Kyurem|Ice Beam|p1a: Clefable\n|-damage|p1a: Clefable|8/293\n|move|p1a: Clefable|Moonlight|p1a: Clefable\n|-heal|p1a: Clefable|154/293\n|\n|upkeep\n|turn|13\n|\n|t:|1781466495\n|move|p2a: Kyurem|Ice Beam|p1a: Clefable\n|-damage|p1a: Clefable|36/293\n|move|p1a: Clefable|Moonlight|p1a: Clefable\n|-heal|p1a: Clefable|182/293\n|\n|upkeep\n|turn|14\n|\n|t:|1781466497\n|move|p2a: Kyurem|Ice Beam|p1a: Clefable\n|-damage|p1a: Clefable|74/293\n|-status|p1a: Clefable|frz\n|cant|p1a: Clefable|frz\n|\n|upkeep\n|turn|15\n|\n|t:|1781466500\n|switch|p2a: Ariados|Ariados, L95, M|287/287\n|cant|p1a: Clefable|frz\n|\n|upkeep\n|turn|16\n|\n|t:|1781466504\n|cant|p1a: Clefable|frz\n|move|p2a: Ariados|Sticky Web|p1a: Clefable\n|-sidestart|p1: Glinteighty|move: Sticky Web\n|\n|upkeep\n|turn|17\n|\n|t:|1781466508\n|cant|p1a: Clefable|frz\n|move|p2a: Ariados|Toxic Spikes|p1a: Clefable\n|-sidestart|p1: Glinteighty|move: Toxic Spikes\n|\n|upkeep\n|turn|18\n|\n|t:|1781466510\n|cant|p1a: Clefable|frz\n|move|p2a: Ariados|Poison Jab|p1a: Clefable\n|-supereffective|p1a: Clefable\n|-damage|p1a: Clefable|0 fnt\n|faint|p1a: Clefable\n|\n|upkeep\n|\n|t:|1781466519\n|switch|p1a: Drifblim|Drifblim, L86, M|398/398\n|turn|19\n|\n|t:|1781466524\n|switch|p2a: Maushold|Maushold, L76|238/238\n|move|p1a: Drifblim|Defog|p2a: Maushold\n|-unboost|p2a: Maushold|evasion|1\n|-sideend|p1: Glinteighty|Toxic Spikes|[from] move: Defog|[of] p1a: Drifblim\n|-sideend|p1: Glinteighty|Sticky Web|[from] move: Defog|[of] p1a: Drifblim\n|\n|upkeep\n|turn|20\n|\n|t:|1781466531\n|move|p2a: Maushold|Tidy Up|p2a: Maushold\n|-boost|p2a: Maushold|atk|1\n|-boost|p2a: Maushold|spe|1\n|move|p1a: Drifblim|Air Slash|p2a: Maushold\n|-damage|p2a: Maushold|136/238\n|\n|upkeep\n|turn|21\n|\n|t:|1781466534\n|move|p2a: Maushold|Bite|p1a: Drifblim\n|-supereffective|p1a: Drifblim\n|-damage|p1a: Drifblim|190/398\n|move|p1a: Drifblim|Air Slash|p2a: Maushold\n|-damage|p2a: Maushold|40/238\n|\n|upkeep\n|turn|22\n|\n|t:|1781466538\n|switch|p1a: Ninetales|Ninetales-Alola, L78, F|116/242\n|-weather|Snowscape|[from] ability: Snow Warning|[of] p1a: Ninetales\n|move|p2a: Maushold|Bite|p1a: Ninetales\n|-resisted|p1a: Ninetales\n|-damage|p1a: Ninetales|91/242\n|\n|-weather|Snowscape|[upkeep]\n|upkeep\n|turn|23\n|\n|t:|1781466549\n|switch|p1a: Drifblim|Drifblim, L86, M|190/398\n|move|p2a: Maushold|Population Bomb|p1a: Drifblim\n|-immune|p1a: Drifblim\n|\n|-weather|Snowscape|[upkeep]\n|upkeep\n|turn|24\n|\n|t:|1781466553\n|move|p2a: Maushold|Bite|p1a: Drifblim\n|-supereffective|p1a: Drifblim\n|-damage|p1a: Drifblim|0 fnt\n|-damage|p2a: Maushold|0 fnt|[from] ability: Aftermath|[of] p1a: Drifblim\n|faint|p1a: Drifblim\n|faint|p2a: Maushold\n|\n|-weather|Snowscape|[upkeep]\n|upkeep\n|\n|t:|1781466564\n|switch|p2a: Ariados|Ariados, L95, M|287/287\n|switch|p1a: Typhlosion|Typhlosion-Hisui, L83, F|257/257\n|turn|25\n|\n|t:|1781466573\n|move|p1a: Typhlosion|Substitute|p1a: Typhlosion\n|-start|p1a: Typhlosion|Substitute\n|-damage|p1a: Typhlosion|193/257\n|move|p2a: Ariados|Poison Jab|p1a: Typhlosion\n|-resisted|p1a: Typhlosion\n|-crit|p1a: Typhlosion\n|-end|p1a: Typhlosion|Substitute\n|\n|-weather|Snowscape|[upkeep]\n|-heal|p1a: Typhlosion|209/257|[from] item: Leftovers\n|upkeep\n|turn|26\n|\n|t:|1781466579\n|move|p1a: Typhlosion|Substitute|p1a: Typhlosion\n|-start|p1a: Typhlosion|Substitute\n|-damage|p1a: Typhlosion|145/257\n|move|p2a: Ariados|Poison Jab|p1a: Typhlosion\n|-resisted|p1a: Typhlosion\n|-activate|p1a: Typhlosion|move: Substitute|[damage]\n|\n|-weather|none\n|-heal|p1a: Typhlosion|161/257|[from] item: Leftovers\n|upkeep\n|turn|27\n|\n|t:|1781466582\n|move|p1a: Typhlosion|Calm Mind|p1a: Typhlosion\n|-boost|p1a: Typhlosion|spa|1\n|-boost|p1a: Typhlosion|spd|1\n|move|p2a: Ariados|Poison Jab|p1a: Typhlosion\n|-resisted|p1a: Typhlosion\n|-end|p1a: Typhlosion|Substitute\n|\n|-heal|p1a: Typhlosion|177/257|[from] item: Leftovers\n|upkeep\n|turn|28\n|\n|t:|1781466586\n|move|p1a: Typhlosion|Substitute|p1a: Typhlosion\n|-start|p1a: Typhlosion|Substitute\n|-damage|p1a: Typhlosion|113/257\n|move|p2a: Ariados|Poison Jab|p1a: Typhlosion\n|-resisted|p1a: Typhlosion\n|-activate|p1a: Typhlosion|move: Substitute|[damage]\n|\n|-heal|p1a: Typhlosion|129/257|[from] item: Leftovers\n|upkeep\n|turn|29\n|\n|t:|1781466595\n|move|p1a: Typhlosion|Fire Blast|p2a: Ariados|[miss]\n|-miss|p1a: Typhlosion|p2a: Ariados\n|move|p2a: Ariados|Poison Jab|p1a: Typhlosion\n|-resisted|p1a: Typhlosion\n|-end|p1a: Typhlosion|Substitute\n|\n|-heal|p1a: Typhlosion|145/257|[from] item: Leftovers\n|upkeep\n|turn|30\n|\n|t:|1781466601\n|move|p1a: Typhlosion|Substitute|p1a: Typhlosion\n|-start|p1a: Typhlosion|Substitute\n|-damage|p1a: Typhlosion|81/257\n|move|p2a: Ariados|Megahorn|p1a: Typhlosion\n|-resisted|p1a: Typhlosion\n|-activate|p1a: Typhlosion|move: Substitute|[damage]\n|\n|-heal|p1a: Typhlosion|97/257|[from] item: Leftovers\n|upkeep\n|turn|31\n|\n|t:|1781466614\n|move|p1a: Typhlosion|Calm Mind|p1a: Typhlosion\n|-boost|p1a: Typhlosion|spa|1\n|-boost|p1a: Typhlosion|spd|1\n|move|p2a: Ariados|Poison Jab|p1a: Typhlosion\n|-resisted|p1a: Typhlosion\n|-end|p1a: Typhlosion|Substitute\n|\n|-heal|p1a: Typhlosion|113/257|[from] item: Leftovers\n|upkeep\n|turn|32\n|\n|t:|1781466622\n|move|p1a: Typhlosion|Substitute|p1a: Typhlosion\n|-start|p1a: Typhlosion|Substitute\n|-damage|p1a: Typhlosion|49/257\n|move|p2a: Ariados|Poison Jab|p1a: Typhlosion\n|-resisted|p1a: Typhlosion\n|-activate|p1a: Typhlosion|move: Substitute|[damage]\n|\n|-heal|p1a: Typhlosion|65/257|[from] item: Leftovers\n|upkeep\n|turn|33\n|\n|t:|1781466625\n|move|p1a: Typhlosion|Fire Blast|p2a: Ariados|[miss]\n|-miss|p1a: Typhlosion|p2a: Ariados\n|move|p2a: Ariados|Poison Jab|p1a: Typhlosion\n|-resisted|p1a: Typhlosion\n|-end|p1a: Typhlosion|Substitute\n|\n|-heal|p1a: Typhlosion|81/257|[from] item: Leftovers\n|upkeep\n|turn|34\n|\n|t:|1781466632\n|move|p1a: Typhlosion|Substitute|p1a: Typhlosion\n|-start|p1a: Typhlosion|Substitute\n|-damage|p1a: Typhlosion|17/257\n|move|p2a: Ariados|Poison Jab|p1a: Typhlosion\n|-resisted|p1a: Typhlosion\n|-activate|p1a: Typhlosion|move: Substitute|[damage]\n|\n|-heal|p1a: Typhlosion|33/257|[from] item: Leftovers\n|upkeep\n|turn|35\n|\n|t:|1781466635\n|move|p1a: Typhlosion|Fire Blast|p2a: Ariados\n|-supereffective|p2a: Ariados\n|-damage|p2a: Ariados|0 fnt\n|faint|p2a: Ariados\n|\n|-heal|p1a: Typhlosion|49/257|[from] item: Leftovers\n|upkeep\n|\n|t:|1781466638\n|switch|p2a: Kyurem|Kyurem-White, L73|303/303\n|-ability|p2a: Kyurem|Turboblaze\n|turn|36\n|\n|t:|1781466645\n|-terastallize|p1a: Typhlosion|Fire\n|move|p1a: Typhlosion|Fire Blast|p2a: Kyurem\n|-damage|p2a: Kyurem|0 fnt\n|faint|p2a: Kyurem\n|\n|-heal|p1a: Typhlosion|65/257|[from] item: Leftovers\n|upkeep\n|-message|igothighjumpkick forfeited.\n|\n|win|Glinteighty\n", "uploadtime": 1781466388, "views": 5, "formatid": "gen9randombattle", "rating": null, "private": 0, "password": null}