{"id": "gen9randombattle-2631801670", "format": "[Gen 9] Random Battle", "players": ["l'ingegnere", "Isitshine11"], "log": "|j|\u2606l'ingegnere\n|j|\u2606Isitshine11\n|t:|1781441730\n|gametype|singles\n|player|p1|l'ingegnere|scientist-gen4|1970\n|player|p2|Isitshine11|medium|2005\n|gen|9\n|tier|[Gen 9] Random Battle\n|rated|\n|rule|Species Clause: Limit one of each Pok\u00e9mon\n|rule|HP Percentage Mod: HP is shown in percentages\n|rule|Sleep Clause Mod: Limit one foe put to sleep\n|rule|Illusion Level Mod: Illusion disguises the Pok\u00e9mon's true level\n|\n|t:|1781441730\n|teamsize|p1|6\n|teamsize|p2|6\n|start\n|switch|p1a: Dialga|Dialga, L73|266/266\n|switch|p2a: Gallade|Gallade, L80, M|240/240\n|-ability|p1a: Dialga|Pressure\n|turn|1\n|inactive|Battle timer is ON: inactive players will automatically lose when time's up. (requested by Isitshine11)\n|\n|t:|1781441748\n|switch|p1a: Bombirdier|Bombirdier, L85, F|258/258\n|move|p2a: Gallade|Sacred Sword|p1a: Bombirdier\n|-damage|p1a: Bombirdier|20/258\n|\n|upkeep\n|turn|2\n|\n|t:|1781441758\n|switch|p2a: Lumineon|Lumineon, L93, M|279/279\n|move|p1a: Bombirdier|Knock Off|p2a: Lumineon\n|-damage|p2a: Lumineon|176/279\n|-enditem|p2a: Lumineon|Heavy-Duty Boots|[from] move: Knock Off|[of] p1a: Bombirdier\n|\n|upkeep\n|turn|3\n|\n|t:|1781441773\n|switch|p1a: Raging Bolt|Raging Bolt, L78|323/323\n|move|p2a: Lumineon|U-turn|p1a: Raging Bolt\n|-damage|p1a: Raging Bolt|275/323\n|\n|t:|1781441785\n|switch|p2a: Gallade|Gallade, L80, M|240/240|[from] U-turn\n|\n|-heal|p1a: Raging Bolt|295/323|[from] item: Leftovers\n|upkeep\n|turn|4\n|\n|t:|1781441797\n|move|p2a: Gallade|Sacred Sword|p1a: Raging Bolt\n|-damage|p1a: Raging Bolt|21/323\n|move|p1a: Raging Bolt|Thunderbolt|p2a: Gallade\n|-damage|p2a: Gallade|146/240\n|\n|-heal|p1a: Raging Bolt|41/323|[from] item: Leftovers\n|upkeep\n|turn|5\n|\n|t:|1781441801\n|move|p1a: Raging Bolt|Thunderclap|p2a: Gallade\n|-damage|p2a: Gallade|77/240\n|move|p2a: Gallade|Sacred Sword|p1a: Raging Bolt\n|-damage|p1a: Raging Bolt|0 fnt\n|faint|p1a: Raging Bolt\n|-end|p1a: Raging Bolt|Protosynthesis|[silent]\n|\n|upkeep\n|\n|t:|1781441810\n|switch|p1a: Bombirdier|Bombirdier, L85, F|20/258\n|turn|6\n|\n|t:|1781441818\n|switch|p2a: Lumineon|Lumineon, L93, M|176/279\n|move|p1a: Bombirdier|Brave Bird|p2a: Lumineon\n|-damage|p2a: Lumineon|31/279\n|-damage|p1a: Bombirdier|0 fnt|[from] Recoil\n|faint|p1a: Bombirdier\n|\n|upkeep\n|\n|t:|1781441837\n|switch|p1a: Zebstrika|Zebstrika, L87, M|272/272\n|turn|7\n|\n|t:|1781441842\n|move|p1a: Zebstrika|Volt Switch|p2a: Lumineon\n|-supereffective|p2a: Lumineon\n|-damage|p2a: Lumineon|0 fnt\n|faint|p2a: Lumineon\n|-damage|p1a: Zebstrika|245/272|[from] item: Life Orb\n|\n|t:|1781441844\n|switch|p1a: Scizor|Scizor, L79, F|240/240|[from] Volt Switch\n|\n|upkeep\n|\n|t:|1781441849\n|switch|p2a: Dewgong|Dewgong, L94, F|322/322\n|turn|8\n|\n|t:|1781441858\n|move|p2a: Dewgong|Knock Off|p1a: Scizor\n|-damage|p1a: Scizor|180/240\n|-enditem|p1a: Scizor|Choice Band|[from] move: Knock Off|[of] p2a: Dewgong\n|move|p1a: Scizor|U-turn|p2a: Dewgong\n|-damage|p2a: Dewgong|249/322\n|\n|t:|1781441862\n|switch|p1a: Zebstrika|Zebstrika, L87, M|245/272|[from] U-turn\n|\n|upkeep\n|turn|9\n|\n|t:|1781441866\n|move|p1a: Zebstrika|Volt Switch|p2a: Dewgong\n|-supereffective|p2a: Dewgong\n|-damage|p2a: Dewgong|155/322\n|-damage|p1a: Zebstrika|218/272|[from] item: Life Orb\n|\n|t:|1781441871\n|switch|p1a: Scizor|Scizor, L79, F|180/240|[from] Volt Switch\n|move|p2a: Dewgong|Flip Turn|p1a: Scizor\n|-damage|p1a: Scizor|122/240\n|\n|t:|1781441886\n|switch|p2a: Gallade|Gallade, L80, M|77/240|[from] Flip Turn\n|\n|upkeep\n|turn|10\n|\n|t:|1781441908\n|switch|p2a: Dewgong|Dewgong, L94, F|155/322\n|move|p1a: Scizor|Bullet Punch|p2a: Dewgong\n|-damage|p2a: Dewgong|88/322\n|\n|upkeep\n|turn|11\n|\n|t:|1781441922\n|move|p2a: Dewgong|Surf|p1a: Scizor\n|-damage|p1a: Scizor|23/240\n|move|p1a: Scizor|Knock Off|p2a: Dewgong\n|-damage|p2a: Dewgong|19/322\n|-enditem|p2a: Dewgong|Assault Vest|[from] move: Knock Off|[of] p1a: Scizor\n|\n|upkeep\n|turn|12\n|\n|t:|1781441929\n|switch|p2a: Metagross|Metagross, L79|256/256\n|move|p1a: Scizor|Bullet Punch|p2a: Metagross\n|-resisted|p2a: Metagross\n|-damage|p2a: Metagross|229/256\n|\n|upkeep\n|turn|13\n|\n|t:|1781441937\n|switch|p1a: Dialga|Dialga, L73|266/266\n|-ability|p1a: Dialga|Pressure\n|move|p2a: Metagross|Earthquake|p1a: Dialga\n|-supereffective|p1a: Dialga\n|-damage|p1a: Dialga|114/266\n|\n|upkeep\n|turn|14\n|\n|t:|1781441944\n|move|p1a: Dialga|Fire Blast|p2a: Metagross\n|-supereffective|p2a: Metagross\n|-damage|p2a: Metagross|61/256\n|-enditem|p2a: Metagross|Weakness Policy\n|-boost|p2a: Metagross|atk|2|[from] item: Weakness Policy\n|-boost|p2a: Metagross|spa|2|[from] item: Weakness Policy\n|move|p2a: Metagross|Earthquake|p1a: Dialga\n|-supereffective|p1a: Dialga\n|-damage|p1a: Dialga|0 fnt\n|faint|p1a: Dialga\n|\n|upkeep\n|\n|t:|1781441952\n|switch|p1a: Zebstrika|Zebstrika, L87, M|218/272\n|turn|15\n|\n|t:|1781441956\n|-terastallize|p2a: Metagross|Ground\n|move|p1a: Zebstrika|High Horsepower|p2a: Metagross\n|-damage|p2a: Metagross|0 fnt\n|faint|p2a: Metagross\n|-damage|p1a: Zebstrika|191/272|[from] item: Life Orb\n|\n|upkeep\n|\n|t:|1781441962\n|switch|p2a: Goodra|Goodra, L85, F|292/292\n|turn|16\n|\n|t:|1781441967\n|switch|p1a: Scizor|Scizor, L79, F|23/240\n|move|p2a: Goodra|Scald|p1a: Scizor\n|-damage|p1a: Scizor|0 fnt\n|faint|p1a: Scizor\n|\n|upkeep\n|\n|t:|1781441969\n|switch|p1a: Mamoswine|Mamoswine, L81, F|311/311\n|turn|17\n|\n|t:|1781441979\n|switch|p2a: Dewgong|Dewgong, L94, F|19/322\n|-terastallize|p1a: Mamoswine|Ice\n|move|p1a: Mamoswine|Icicle Crash|p2a: Dewgong\n|-resisted|p2a: Dewgong\n|-damage|p2a: Dewgong|0 fnt\n|faint|p2a: Dewgong\n|\n|upkeep\n|\n|t:|1781441989\n|switch|p2a: Rampardos|Rampardos, L90, M|321/321\n|turn|18\n|\n|t:|1781441992\n|move|p1a: Mamoswine|Icicle Crash|p2a: Rampardos\n|-damage|p2a: Rampardos|59/321\n|move|p2a: Rampardos|Rock Slide|p1a: Mamoswine\n|-supereffective|p1a: Mamoswine\n|-damage|p1a: Mamoswine|0 fnt\n|faint|p1a: Mamoswine\n|\n|upkeep\n|\n|t:|1781441997\n|switch|p1a: Zebstrika|Zebstrika, L87, M|191/272\n|turn|19\n|\n|t:|1781442003\n|move|p1a: Zebstrika|Volt Switch|p2a: Rampardos\n|-damage|p2a: Rampardos|0 fnt\n|faint|p2a: Rampardos\n|-damage|p1a: Zebstrika|164/272|[from] item: Life Orb\n|\n|upkeep\n|\n|t:|1781442008\n|switch|p2a: Gallade|Gallade, L80, M|77/240\n|turn|20\n|\n|t:|1781442012\n|move|p1a: Zebstrika|Supercell Slam|p2a: Gallade\n|-damage|p2a: Gallade|0 fnt\n|faint|p2a: Gallade\n|-damage|p1a: Zebstrika|137/272|[from] item: Life Orb\n|\n|upkeep\n|\n|t:|1781442015\n|switch|p2a: Goodra|Goodra, L85, F|292/292\n|turn|21\n|\n|t:|1781442026\n|move|p1a: Zebstrika|High Horsepower|p2a: Goodra\n|-damage|p2a: Goodra|182/292\n|-damage|p1a: Zebstrika|110/272|[from] item: Life Orb\n|move|p2a: Goodra|Draco Meteor|p1a: Zebstrika\n|-damage|p1a: Zebstrika|0 fnt\n|-unboost|p2a: Goodra|spa|2\n|faint|p1a: Zebstrika\n|\n|win|Isitshine11\n", "uploadtime": 1781441732, "views": 5, "formatid": "gen9randombattle", "rating": null, "private": 0, "password": null}