{"id": "gen9randombattle-2631404193", "format": "[Gen 9] Random Battle", "players": ["Sparrow666x", "jimothy cool yt"], "log": "|badge|p2|silver|gen9randombattle|30-9\n|uhtml|medal-msg|<div class=\"broadcast-blue\">Curious what those medals under the avatar are? PS now has Ladder Seasons! For more information, check out the <a href=\"https://www.smogon.com/forums/threads/3740067/\">thread on Smogon.</a></div>\n|j|\u2606Sparrow666x\n|j|\u2606jimothy cool yt\n|t:|1781380574\n|gametype|singles\n|player|p1|Sparrow666x|2|2257\n|player|p2|jimothy cool yt|lucas|2425\n|gen|9\n|tier|[Gen 9] Random Battle\n|rated|\n|rule|Species Clause: Limit one of each Pok\u00e9mon\n|rule|HP Percentage Mod: HP is shown in percentages\n|rule|Sleep Clause Mod: Limit one foe put to sleep\n|rule|Illusion Level Mod: Illusion disguises the Pok\u00e9mon's true level\n|\n|t:|1781380574\n|teamsize|p1|6\n|teamsize|p2|6\n|start\n|switch|p1a: Coalossal|Coalossal, L89, M|341/341\n|switch|p2a: Clodsire|Clodsire, L81, F|343/343\n|turn|1\n|inactive|Battle timer is ON: inactive players will automatically lose when time's up. (requested by jimothy cool yt)\n|inactive|Sparrow666x has 120 seconds left.\n|j| Rabiesdfsdf\n|\n|t:|1781380621\n|switch|p1a: Porygon-Z|Porygon-Z, L83|277/277\n|-ability|p1a: Porygon-Z|Download|boost\n|-boost|p1a: Porygon-Z|atk|1\n|move|p2a: Clodsire|Toxic Spikes|p1a: Porygon-Z\n|-sidestart|p1: Sparrow666x|move: Toxic Spikes\n|\n|upkeep\n|turn|2\n|\n|t:|1781380642\n|switch|p2a: Lanturn|Lanturn, L89, M|367/367\n|move|p1a: Porygon-Z|Trick|p2a: Lanturn\n|-activate|p1a: Porygon-Z|move: Trick|[of] p2a: Lanturn\n|-item|p2a: Lanturn|Choice Scarf|[from] move: Trick\n|-item|p1a: Porygon-Z|Heavy-Duty Boots|[from] move: Trick\n|\n|upkeep\n|turn|3\n|\n|t:|1781380664\n|switch|p1a: Leavanny|Leavanny, L86, M|269/269\n|-status|p1a: Leavanny|psn\n|move|p2a: Lanturn|Volt Switch|p1a: Leavanny\n|-resisted|p1a: Leavanny\n|-damage|p1a: Leavanny|232/269 psn\n|inactive|jimothy cool yt has 120 seconds left.\n|\n|t:|1781380681\n|switch|p2a: Scizor|Scizor, L79, M|240/240|[from] Volt Switch\n|\n|-damage|p1a: Leavanny|199/269 psn|[from] psn\n|upkeep\n|turn|4\n|\n|t:|1781380687\n|switch|p1a: Coalossal|Coalossal, L89, M|341/341\n|move|p2a: Scizor|U-turn|p1a: Coalossal\n|-resisted|p1a: Coalossal\n|-crit|p1a: Coalossal\n|-damage|p1a: Coalossal|266/341\n|inactive|jimothy cool yt has 120 seconds left.\n|\n|t:|1781380697\n|switch|p2a: Lanturn|Lanturn, L89, M|367/367|[from] U-turn\n|\n|upkeep\n|turn|5\n|\n|t:|1781380711\n|switch|p1a: Leavanny|Leavanny, L86, M|199/269 psn\n|move|p2a: Lanturn|Volt Switch|p1a: Leavanny\n|-resisted|p1a: Leavanny\n|-damage|p1a: Leavanny|163/269 psn\n|\n|t:|1781380716\n|switch|p2a: Scizor|Scizor, L79, M|240/240|[from] Volt Switch\n|\n|-damage|p1a: Leavanny|130/269 psn|[from] psn\n|upkeep\n|turn|6\n|\n|t:|1781380733\n|switch|p1a: Coalossal|Coalossal, L89, M|266/341\n|move|p2a: Scizor|U-turn|p1a: Coalossal\n|-resisted|p1a: Coalossal\n|-damage|p1a: Coalossal|223/341\n|-status|p2a: Scizor|brn|[from] ability: Flame Body|[of] p1a: Coalossal\n|\n|t:|1781380737\n|switch|p2a: Lanturn|Lanturn, L89, M|367/367|[from] U-turn\n|\n|upkeep\n|turn|7\n|\n|t:|1781380746\n|switch|p1a: Leavanny|Leavanny, L86, M|130/269 psn\n|move|p2a: Lanturn|Volt Switch|p1a: Leavanny\n|-resisted|p1a: Leavanny\n|-damage|p1a: Leavanny|91/269 psn\n|\n|t:|1781380748\n|switch|p2a: Scizor|Scizor, L79, M|240/240 brn|[from] Volt Switch\n|\n|-damage|p1a: Leavanny|58/269 psn|[from] psn\n|-damage|p2a: Scizor|225/240 brn|[from] brn\n|upkeep\n|turn|8\n|\n|t:|1781380757\n|move|p1a: Leavanny|Sticky Web|p2a: Scizor\n|-sidestart|p2: jimothy cool yt|move: Sticky Web\n|move|p2a: Scizor|U-turn|p1a: Leavanny\n|-supereffective|p1a: Leavanny\n|-crit|p1a: Leavanny\n|-damage|p1a: Leavanny|0 fnt\n|faint|p1a: Leavanny\n|\n|t:|1781380761\n|switch|p2a: Clodsire|Clodsire, L81, F|343/343|[from] U-turn\n|-activate|p2a: Clodsire|move: Sticky Web\n|-unboost|p2a: Clodsire|spe|1\n|\n|upkeep\n|inactive|Sparrow666x has 120 seconds left.\n|\n|t:|1781380809\n|switch|p1a: Coalossal|Coalossal, L89, M|223/341\n|turn|9\n|\n|t:|1781380816\n|-terastallize|p1a: Coalossal|Water\n|move|p1a: Coalossal|Rapid Spin|p2a: Clodsire\n|-damage|p2a: Clodsire|296/343\n|-boost|p1a: Coalossal|spe|1\n|-sideend|p1: Sparrow666x|Toxic Spikes|[from] move: Rapid Spin|[of] p1a: Coalossal\n|move|p2a: Clodsire|Earthquake|p1a: Coalossal\n|-crit|p1a: Coalossal\n|-damage|p1a: Coalossal|129/341\n|\n|-heal|p2a: Clodsire|317/343|[from] item: Leftovers\n|upkeep\n|turn|10\n|inactive|Sparrow666x has 120 seconds left.\n|\n|t:|1781380842\n|switch|p1a: Gardevoir|Gardevoir, L83, F|249/249\n|-ability|p1a: Gardevoir|Water Absorb|Trace|[from] ability: Trace|[of] p2a: Clodsire\n|move|p2a: Clodsire|Toxic Spikes|p1a: Gardevoir\n|-sidestart|p1: Sparrow666x|move: Toxic Spikes\n|\n|-heal|p2a: Clodsire|338/343|[from] item: Leftovers\n|upkeep\n|turn|11\n|\n|t:|1781380857\n|switch|p1a: Coalossal|Coalossal, L89, M, tera:Water|129/341\n|switch|p2a: Scizor|Scizor, L79, M|225/240 brn\n|-activate|p2a: Scizor|move: Sticky Web\n|-unboost|p2a: Scizor|spe|1\n|\n|-damage|p2a: Scizor|210/240 brn|[from] brn\n|upkeep\n|turn|12\n|\n|t:|1781380871\n|switch|p2a: Lanturn|Lanturn, L89, M|367/367\n|-activate|p2a: Lanturn|move: Sticky Web\n|-unboost|p2a: Lanturn|spe|1\n|move|p1a: Coalossal|Rapid Spin|p2a: Lanturn\n|-damage|p2a: Lanturn|319/367\n|-boost|p1a: Coalossal|spe|1\n|-sideend|p1: Sparrow666x|Toxic Spikes|[from] move: Rapid Spin|[of] p1a: Coalossal\n|\n|upkeep\n|turn|13\n|\n|t:|1781380885\n|switch|p2a: Brambleghast|Brambleghast, L88, F|240/240\n|switch|p1a: Gardevoir|Gardevoir, L83, F|249/249\n|-ability|p1a: Gardevoir|Wind Rider|Trace|[from] ability: Trace|[of] p2a: Brambleghast\n|\n|upkeep\n|turn|14\n|inactive|Sparrow666x has 90 seconds left.\n|\n|t:|1781380914\n|switch|p1a: Coalossal|Coalossal, L89, M, tera:Water|129/341\n|move|p2a: Brambleghast|Rapid Spin|p1a: Coalossal\n|-damage|p1a: Coalossal|94/341\n|-boost|p2a: Brambleghast|spe|1\n|-sideend|p2: jimothy cool yt|Sticky Web|[from] move: Rapid Spin|[of] p2a: Brambleghast\n|\n|upkeep\n|turn|15\n|inactive|Sparrow666x has 90 seconds left.\n|j| Manxas\n|\n|t:|1781380928\n|move|p2a: Brambleghast|Poltergeist|p1a: Coalossal\n|-activate|p1a: Coalossal|move: Poltergeist|Heavy-Duty Boots\n|-damage|p1a: Coalossal|0 fnt\n|faint|p1a: Coalossal\n|\n|upkeep\n|\n|t:|1781380951\n|switch|p1a: Volcanion|Volcanion, L79|255/255\n|turn|16\n|\n|t:|1781380968\n|switch|p2a: Clodsire|Clodsire, L81, F|338/343\n|move|p1a: Volcanion|Flamethrower|p2a: Clodsire\n|-crit|p2a: Clodsire\n|-damage|p2a: Clodsire|197/343\n|\n|-heal|p2a: Clodsire|218/343|[from] item: Leftovers\n|upkeep\n|turn|17\n|\n|t:|1781380989\n|move|p1a: Volcanion|Steam Eruption|p2a: Clodsire\n|-heal|p2a: Clodsire|303/343|[from] ability: Water Absorb|[of] p1a: Volcanion\n|move|p2a: Clodsire|Recover|p2a: Clodsire\n|-heal|p2a: Clodsire|343/343\n|\n|upkeep\n|turn|18\n|\n|t:|1781380998\n|move|p1a: Volcanion|Earth Power|p2a: Clodsire\n|-supereffective|p2a: Clodsire\n|-damage|p2a: Clodsire|207/343\n|move|p2a: Clodsire|Toxic Spikes|p1a: Volcanion\n|-sidestart|p1: Sparrow666x|move: Toxic Spikes\n|\n|-heal|p2a: Clodsire|228/343|[from] item: Leftovers\n|upkeep\n|turn|19\n|\n|t:|1781381004\n|move|p1a: Volcanion|Earth Power|p2a: Clodsire\n|-supereffective|p2a: Clodsire\n|-damage|p2a: Clodsire|90/343\n|move|p2a: Clodsire|Recover|p2a: Clodsire\n|-heal|p2a: Clodsire|262/343\n|\n|-heal|p2a: Clodsire|283/343|[from] item: Leftovers\n|upkeep\n|turn|20\n|\n|t:|1781381010\n|move|p1a: Volcanion|Earth Power|p2a: Clodsire\n|-supereffective|p2a: Clodsire\n|-damage|p2a: Clodsire|155/343\n|move|p2a: Clodsire|Recover|p2a: Clodsire\n|-heal|p2a: Clodsire|327/343\n|\n|-heal|p2a: Clodsire|343/343|[from] item: Leftovers\n|upkeep\n|turn|21\n|\n|t:|1781381015\n|move|p1a: Volcanion|Earth Power|p2a: Clodsire\n|-supereffective|p2a: Clodsire\n|-damage|p2a: Clodsire|211/343\n|-unboost|p2a: Clodsire|spd|1\n|move|p2a: Clodsire|Earthquake|p1a: Volcanion\n|-supereffective|p1a: Volcanion\n|-damage|p1a: Volcanion|105/255\n|\n|-heal|p2a: Clodsire|232/343|[from] item: Leftovers\n|upkeep\n|turn|22\n|inactive|Sparrow666x has 90 seconds left.\n|\n|t:|1781381037\n|move|p1a: Volcanion|Flame Charge|p2a: Clodsire\n|-damage|p2a: Clodsire|163/343\n|-boost|p1a: Volcanion|spe|1\n|move|p2a: Clodsire|Recover|p2a: Clodsire\n|-heal|p2a: Clodsire|335/343\n|\n|-heal|p2a: Clodsire|343/343|[from] item: Leftovers\n|upkeep\n|turn|23\n|\n|t:|1781381047\n|switch|p2a: Lanturn|Lanturn, L89, M|319/367\n|move|p1a: Volcanion|Earth Power|p2a: Lanturn\n|-supereffective|p2a: Lanturn\n|-damage|p2a: Lanturn|173/367\n|\n|upkeep\n|turn|24\n|\n|t:|1781381055\n|switch|p1a: Gardevoir|Gardevoir, L83, F|249/249\n|-status|p1a: Gardevoir|psn\n|-ability|p1a: Gardevoir|Volt Absorb|Trace|[from] ability: Trace|[of] p2a: Lanturn\n|move|p2a: Lanturn|Thunderbolt|p1a: Gardevoir\n|-immune|p1a: Gardevoir|[from] ability: Volt Absorb\n|\n|-damage|p1a: Gardevoir|218/249 psn|[from] psn\n|upkeep\n|turn|25\n|inactive|Sparrow666x has 90 seconds left.\n|\n|t:|1781381065\n|switch|p2a: Scizor|Scizor, L79, M|210/240 brn\n|move|p1a: Gardevoir|Mystical Fire|p2a: Scizor\n|-supereffective|p2a: Scizor\n|-damage|p2a: Scizor|0 fnt\n|faint|p2a: Scizor\n|\n|-damage|p1a: Gardevoir|187/249 psn|[from] psn\n|upkeep\n|\n|t:|1781381077\n|switch|p2a: Clodsire|Clodsire, L81, F|343/343\n|turn|26\n|\n|t:|1781381090\n|switch|p1a: Porygon-Z|Porygon-Z, L83|277/277\n|-ability|p1a: Porygon-Z|Download|boost\n|-boost|p1a: Porygon-Z|atk|1\n|move|p2a: Clodsire|Toxic Spikes|p1a: Porygon-Z\n|-sidestart|p1: Sparrow666x|move: Toxic Spikes\n|\n|upkeep\n|turn|27\n|\n|t:|1781381102\n|move|p1a: Porygon-Z|Ice Beam|p2a: Clodsire\n|-supereffective|p2a: Clodsire\n|-damage|p2a: Clodsire|177/343\n|move|p2a: Clodsire|Gunk Shot|p1a: Porygon-Z\n|-damage|p1a: Porygon-Z|156/277\n|\n|-heal|p2a: Clodsire|198/343|[from] item: Leftovers\n|upkeep\n|turn|28\n|\n|t:|1781381108\n|move|p1a: Porygon-Z|Ice Beam|p2a: Clodsire\n|-supereffective|p2a: Clodsire\n|-damage|p2a: Clodsire|42/343\n|move|p2a: Clodsire|Recover|p2a: Clodsire\n|-heal|p2a: Clodsire|214/343\n|\n|-heal|p2a: Clodsire|235/343|[from] item: Leftovers\n|upkeep\n|turn|29\n|\n|t:|1781381114\n|switch|p2a: Lanturn|Lanturn, L89, M|173/367\n|move|p1a: Porygon-Z|Ice Beam|p2a: Lanturn\n|-resisted|p2a: Lanturn\n|-damage|p2a: Lanturn|130/367\n|\n|upkeep\n|turn|30\n|\n|t:|1781381138\n|switch|p2a: Brambleghast|Brambleghast, L88, F|240/240\n|move|p1a: Porygon-Z|Tri Attack|p2a: Brambleghast\n|-immune|p2a: Brambleghast\n|\n|upkeep\n|turn|31\n|\n|t:|1781381151\n|switch|p1a: Volcanion|Volcanion, L79|105/255\n|-status|p1a: Volcanion|tox\n|move|p2a: Brambleghast|Power Whip|p1a: Volcanion\n|-damage|p1a: Volcanion|0 fnt\n|faint|p1a: Volcanion\n|\n|upkeep\n|\n|t:|1781381157\n|switch|p1a: Clefable|Clefable, L83, F|293/293\n|-status|p1a: Clefable|tox\n|turn|32\n|\n|t:|1781381165\n|switch|p2a: Gothitelle|Gothitelle, L90, F|272/272\n|move|p1a: Clefable|Fire Blast|p2a: Gothitelle|[miss]\n|-miss|p1a: Clefable|p2a: Gothitelle\n|\n|-damage|p1a: Clefable|275/293 tox|[from] psn\n|upkeep\n|turn|33\n|-message|Sparrow666x forfeited.\n|\n|win|jimothy cool yt\n", "uploadtime": 1781380576, "views": 10, "formatid": "gen9randombattle", "rating": null, "private": 0, "password": null}