{"id": "gen9randombattle-2631846120", "format": "[Gen 9] Random Battle", "players": ["Yaya50", "BlueCatWhiteHat"], "log": "|j|\u2606Yaya50\n|j|\u2606BlueCatWhiteHat\n|t:|1781447503\n|gametype|singles\n|player|p1|Yaya50|blackbelt-gen4dp|1683\n|player|p2|BlueCatWhiteHat|steven|1654\n|gen|9\n|tier|[Gen 9] Random Battle\n|rated|\n|rule|Species Clause: Limit one of each Pok\u00e9mon\n|rule|HP Percentage Mod: HP is shown in percentages\n|rule|Sleep Clause Mod: Limit one foe put to sleep\n|rule|Illusion Level Mod: Illusion disguises the Pok\u00e9mon's true level\n|\n|t:|1781447503\n|teamsize|p1|6\n|teamsize|p2|6\n|start\n|switch|p1a: Misdreavus|Misdreavus, L90, F|254/254\n|switch|p2a: Cryogonal|Cryogonal, L89|287/287\n|turn|1\n|inactive|Battle timer is ON: inactive players will automatically lose when time's up. (requested by BlueCatWhiteHat)\n|\n|t:|1781447513\n|switch|p2a: Klefki|Klefki, L84, F|233/233\n|move|p1a: Misdreavus|Calm Mind|p1a: Misdreavus\n|-boost|p1a: Misdreavus|spa|1\n|-boost|p1a: Misdreavus|spd|1\n|\n|upkeep\n|turn|2\n|\n|t:|1781447517\n|switch|p1a: Morpeko|Morpeko, L88, M|245/245\n|move|p2a: Klefki|Thunder Wave|p1a: Morpeko\n|-immune|p1a: Morpeko\n|\n|-formechange|p1a: Morpeko|Morpeko-Hangry||[from] ability: Hunger Switch\n|upkeep\n|turn|3\n|\n|t:|1781447532\n|switch|p1a: Pincurchin|Pincurchin, M|258/258\n|-fieldstart|move: Electric Terrain|[from] ability: Electric Surge|[of] p1a: Pincurchin\n|switch|p2a: Swampert|Swampert, L83, M|302/302\n|\n|upkeep\n|turn|4\n|\n|t:|1781447541\n|switch|p1a: Misdreavus|Misdreavus, L90, F|254/254\n|move|p2a: Swampert|Flip Turn|p1a: Misdreavus\n|-damage|p1a: Misdreavus|194/254\n|\n|t:|1781447545\n|switch|p2a: Klefki|Klefki, L84, F|233/233|[from] Flip Turn\n|\n|upkeep\n|turn|5\n|\n|t:|1781447549\n|switch|p1a: Pincurchin|Pincurchin, M|258/258\n|move|p2a: Klefki|Play Rough|p1a: Pincurchin\n|-damage|p1a: Pincurchin|195/258\n|\n|-heal|p1a: Pincurchin|211/258|[from] item: Leftovers\n|upkeep\n|turn|6\n|\n|t:|1781447554\n|switch|p2a: Swampert|Swampert, L83, M|302/302\n|move|p1a: Pincurchin|Toxic Spikes|p2a: Swampert\n|-sidestart|p2: BlueCatWhiteHat|move: Toxic Spikes\n|\n|-heal|p1a: Pincurchin|227/258|[from] item: Leftovers\n|upkeep\n|turn|7\n|\n|t:|1781447561\n|switch|p1a: Misdreavus|Misdreavus, L90, F|194/254\n|move|p2a: Swampert|Earthquake|p1a: Misdreavus\n|-immune|p1a: Misdreavus|[from] ability: Levitate\n|\n|-fieldend|move: Electric Terrain\n|upkeep\n|turn|8\n|\n|t:|1781447566\n|move|p1a: Misdreavus|Will-O-Wisp|p2a: Swampert\n|-status|p2a: Swampert|brn\n|move|p2a: Swampert|Flip Turn|p1a: Misdreavus\n|-damage|p1a: Misdreavus|165/254\n|\n|t:|1781447569\n|switch|p2a: Cryogonal|Cryogonal, L89|287/287|[from] Flip Turn\n|\n|upkeep\n|turn|9\n|\n|t:|1781447573\n|move|p2a: Cryogonal|Flash Cannon|p1a: Misdreavus\n|-damage|p1a: Misdreavus|128/254\n|move|p1a: Misdreavus|Calm Mind|p1a: Misdreavus\n|-boost|p1a: Misdreavus|spa|1\n|-boost|p1a: Misdreavus|spd|1\n|\n|upkeep\n|turn|10\n|\n|t:|1781447578\n|switch|p2a: Klefki|Klefki, L84, F|233/233\n|move|p1a: Misdreavus|Draining Kiss|p2a: Klefki\n|-resisted|p2a: Klefki\n|-damage|p2a: Klefki|203/233\n|-heal|p1a: Misdreavus|151/254|[from] drain|[of] p2a: Klefki\n|\n|-heal|p2a: Klefki|217/233|[from] item: Leftovers\n|upkeep\n|turn|11\n|\n|t:|1781447581\n|switch|p1a: Pincurchin|Pincurchin, M|227/258\n|-fieldstart|move: Electric Terrain|[from] ability: Electric Surge|[of] p1a: Pincurchin\n|move|p2a: Klefki|Thunder Wave|p1a: Pincurchin\n|-immune|p1a: Pincurchin\n|\n|-heal|p2a: Klefki|231/233|[from] item: Leftovers\n|-heal|p1a: Pincurchin|243/258|[from] item: Leftovers\n|upkeep\n|turn|12\n|\n|t:|1781447584\n|switch|p2a: Swampert|Swampert, L83, M|302/302 brn\n|move|p1a: Pincurchin|Toxic Spikes|p2a: Swampert\n|-sidestart|p2: BlueCatWhiteHat|move: Toxic Spikes\n|\n|-heal|p1a: Pincurchin|258/258|[from] item: Leftovers\n|-damage|p2a: Swampert|284/302 brn|[from] brn\n|upkeep\n|turn|13\n|\n|t:|1781447590\n|move|p2a: Swampert|Yawn|p1a: Pincurchin\n|-activate|p1a: Pincurchin|move: Electric Terrain\n|move|p1a: Pincurchin|Scald|p2a: Swampert\n|-damage|p2a: Swampert|204/302 brn\n|\n|-heal|p2a: Swampert|222/302 brn|[from] item: Leftovers\n|-damage|p2a: Swampert|204/302 brn|[from] brn\n|upkeep\n|turn|14\n|\n|t:|1781447593\n|move|p2a: Swampert|Earthquake|p1a: Pincurchin\n|-supereffective|p1a: Pincurchin\n|-damage|p1a: Pincurchin|164/258\n|move|p1a: Pincurchin|Scald|p2a: Swampert\n|-damage|p2a: Swampert|126/302 brn\n|\n|-heal|p2a: Swampert|144/302 brn|[from] item: Leftovers\n|-heal|p1a: Pincurchin|180/258|[from] item: Leftovers\n|-damage|p2a: Swampert|126/302 brn|[from] brn\n|upkeep\n|turn|15\n|\n|t:|1781447598\n|move|p2a: Swampert|Earthquake|p1a: Pincurchin\n|-supereffective|p1a: Pincurchin\n|-damage|p1a: Pincurchin|87/258\n|move|p1a: Pincurchin|Scald|p2a: Swampert\n|-damage|p2a: Swampert|56/302 brn\n|\n|-heal|p2a: Swampert|74/302 brn|[from] item: Leftovers\n|-heal|p1a: Pincurchin|103/258|[from] item: Leftovers\n|-damage|p2a: Swampert|56/302 brn|[from] brn\n|-fieldend|move: Electric Terrain\n|upkeep\n|turn|16\n|\n|t:|1781447602\n|move|p2a: Swampert|Earthquake|p1a: Pincurchin\n|-supereffective|p1a: Pincurchin\n|-damage|p1a: Pincurchin|13/258\n|move|p1a: Pincurchin|Recover|p1a: Pincurchin\n|-heal|p1a: Pincurchin|142/258\n|\n|-heal|p2a: Swampert|74/302 brn|[from] item: Leftovers\n|-heal|p1a: Pincurchin|158/258|[from] item: Leftovers\n|-damage|p2a: Swampert|56/302 brn|[from] brn\n|upkeep\n|turn|17\n|\n|t:|1781447605\n|move|p2a: Swampert|Earthquake|p1a: Pincurchin\n|-supereffective|p1a: Pincurchin\n|-damage|p1a: Pincurchin|70/258\n|move|p1a: Pincurchin|Recover|p1a: Pincurchin\n|-heal|p1a: Pincurchin|199/258\n|\n|-heal|p2a: Swampert|74/302 brn|[from] item: Leftovers\n|-heal|p1a: Pincurchin|215/258|[from] item: Leftovers\n|-damage|p2a: Swampert|56/302 brn|[from] brn\n|upkeep\n|turn|18\n|\n|t:|1781447610\n|move|p2a: Swampert|Earthquake|p1a: Pincurchin\n|-supereffective|p1a: Pincurchin\n|-damage|p1a: Pincurchin|122/258\n|move|p1a: Pincurchin|Recover|p1a: Pincurchin\n|-heal|p1a: Pincurchin|251/258\n|\n|-heal|p2a: Swampert|74/302 brn|[from] item: Leftovers\n|-heal|p1a: Pincurchin|258/258|[from] item: Leftovers\n|-damage|p2a: Swampert|56/302 brn|[from] brn\n|upkeep\n|turn|19\n|\n|t:|1781447613\n|switch|p1a: Misdreavus|Misdreavus, L90, F|151/254\n|move|p2a: Swampert|Yawn|p1a: Misdreavus\n|-start|p1a: Misdreavus|move: Yawn|[of] p2a: Swampert\n|\n|-heal|p2a: Swampert|74/302 brn|[from] item: Leftovers\n|-damage|p2a: Swampert|56/302 brn|[from] brn\n|upkeep\n|turn|20\n|\n|t:|1781447619\n|switch|p1a: Pincurchin|Pincurchin, M|258/258\n|-fieldstart|move: Electric Terrain|[from] ability: Electric Surge|[of] p1a: Pincurchin\n|move|p2a: Swampert|Flip Turn|p1a: Pincurchin\n|-damage|p1a: Pincurchin|216/258\n|\n|t:|1781447622\n|switch|p2a: Cryogonal|Cryogonal, L89|287/287|[from] Flip Turn\n|\n|-heal|p1a: Pincurchin|232/258|[from] item: Leftovers\n|upkeep\n|turn|21\n|\n|t:|1781447625\n|switch|p1a: Misdreavus|Misdreavus, L90, F|151/254\n|move|p2a: Cryogonal|Rapid Spin|p1a: Misdreavus\n|-immune|p1a: Misdreavus\n|\n|upkeep\n|turn|22\n|\n|t:|1781447629\n|switch|p2a: Klefki|Klefki, L84, F|231/233\n|move|p1a: Misdreavus|Shadow Ball|p2a: Klefki\n|-damage|p2a: Klefki|143/233\n|\n|-heal|p2a: Klefki|157/233|[from] item: Leftovers\n|upkeep\n|turn|23\n|\n|t:|1781447632\n|switch|p1a: Pincurchin|Pincurchin, M|232/258\n|move|p2a: Klefki|Thunder Wave|p1a: Pincurchin\n|-immune|p1a: Pincurchin\n|\n|-heal|p2a: Klefki|171/233|[from] item: Leftovers\n|-heal|p1a: Pincurchin|248/258|[from] item: Leftovers\n|upkeep\n|turn|24\n|\n|t:|1781447635\n|move|p2a: Klefki|Play Rough|p1a: Pincurchin\n|-damage|p1a: Pincurchin|185/258\n|move|p1a: Pincurchin|Scald|p2a: Klefki\n|-damage|p2a: Klefki|93/233\n|-status|p2a: Klefki|brn\n|\n|-heal|p2a: Klefki|107/233 brn|[from] item: Leftovers\n|-heal|p1a: Pincurchin|201/258|[from] item: Leftovers\n|-damage|p2a: Klefki|93/233 brn|[from] brn\n|-fieldend|move: Electric Terrain\n|upkeep\n|turn|25\n|\n|t:|1781447642\n|switch|p2a: Swampert|Swampert, L83, M|56/302 brn\n|move|p1a: Pincurchin|Discharge|p2a: Swampert\n|-immune|p2a: Swampert\n|\n|-heal|p2a: Swampert|74/302 brn|[from] item: Leftovers\n|-heal|p1a: Pincurchin|217/258|[from] item: Leftovers\n|-damage|p2a: Swampert|56/302 brn|[from] brn\n|upkeep\n|turn|26\n|\n|t:|1781447646\n|move|p2a: Swampert|Yawn|p1a: Pincurchin\n|-start|p1a: Pincurchin|move: Yawn|[of] p2a: Swampert\n|move|p1a: Pincurchin|Recover|p1a: Pincurchin\n|-heal|p1a: Pincurchin|258/258\n|\n|-heal|p2a: Swampert|74/302 brn|[from] item: Leftovers\n|-damage|p2a: Swampert|56/302 brn|[from] brn\n|upkeep\n|turn|27\n|\n|t:|1781447653\n|switch|p1a: Misdreavus|Misdreavus, L90, F|151/254\n|move|p2a: Swampert|Flip Turn|p1a: Misdreavus\n|-damage|p1a: Misdreavus|112/254\n|\n|t:|1781447661\n|switch|p2a: Klefki|Klefki, L84, F|93/233 brn|[from] Flip Turn\n|\n|-heal|p2a: Klefki|107/233 brn|[from] item: Leftovers\n|-damage|p2a: Klefki|93/233 brn|[from] brn\n|upkeep\n|turn|28\n|\n|t:|1781447664\n|switch|p1a: Pincurchin|Pincurchin, M|258/258\n|-fieldstart|move: Electric Terrain|[from] ability: Electric Surge|[of] p1a: Pincurchin\n|move|p2a: Klefki|Play Rough|p1a: Pincurchin\n|-damage|p1a: Pincurchin|222/258\n|\n|-heal|p2a: Klefki|107/233 brn|[from] item: Leftovers\n|-heal|p1a: Pincurchin|238/258|[from] item: Leftovers\n|-damage|p2a: Klefki|93/233 brn|[from] brn\n|upkeep\n|turn|29\n|\n|t:|1781447672\n|move|p2a: Klefki|Spikes|p1a: Pincurchin\n|-sidestart|p1: Yaya50|Spikes\n|move|p1a: Pincurchin|Scald|p2a: Klefki\n|-damage|p2a: Klefki|19/233 brn\n|\n|-heal|p2a: Klefki|33/233 brn|[from] item: Leftovers\n|-heal|p1a: Pincurchin|254/258|[from] item: Leftovers\n|-damage|p2a: Klefki|19/233 brn|[from] brn\n|upkeep\n|turn|30\n|\n|t:|1781447679\n|switch|p2a: Swampert|Swampert, L83, M|56/302 brn\n|move|p1a: Pincurchin|Scald|p2a: Swampert\n|-damage|p2a: Swampert|0 fnt\n|faint|p2a: Swampert\n|\n|-heal|p1a: Pincurchin|258/258|[from] item: Leftovers\n|upkeep\n|\n|t:|1781447689\n|switch|p2a: Galvantula|Galvantula, L82, F|249/249\n|turn|31\n|\n|t:|1781447696\n|move|p2a: Galvantula|Sticky Web|p1a: Pincurchin\n|-sidestart|p1: Yaya50|move: Sticky Web\n|move|p1a: Pincurchin|Scald|p2a: Galvantula\n|-damage|p2a: Galvantula|154/249\n|\n|upkeep\n|turn|32\n|\n|t:|1781447701\n|move|p2a: Galvantula|Bug Buzz|p1a: Pincurchin\n|-damage|p1a: Pincurchin|180/258\n|move|p1a: Pincurchin|Scald|p2a: Galvantula\n|-damage|p2a: Galvantula|53/249\n|-status|p2a: Galvantula|brn\n|\n|-heal|p1a: Pincurchin|196/258|[from] item: Leftovers\n|-damage|p2a: Galvantula|38/249 brn|[from] brn\n|-fieldend|move: Electric Terrain\n|upkeep\n|turn|33\n|\n|t:|1781447710\n|move|p2a: Galvantula|Bug Buzz|p1a: Pincurchin\n|-damage|p1a: Pincurchin|115/258\n|-unboost|p1a: Pincurchin|spd|1\n|move|p1a: Pincurchin|Recover|p1a: Pincurchin\n|-heal|p1a: Pincurchin|244/258\n|\n|-heal|p1a: Pincurchin|258/258|[from] item: Leftovers\n|-damage|p2a: Galvantula|23/249 brn|[from] brn\n|upkeep\n|turn|34\n|\n|t:|1781447715\n|move|p2a: Galvantula|Volt Switch|p1a: Pincurchin\n|-resisted|p1a: Pincurchin\n|-damage|p1a: Pincurchin|212/258\n|\n|t:|1781447722\n|switch|p2a: Cryogonal|Cryogonal, L89|287/287|[from] Volt Switch\n|move|p1a: Pincurchin|Recover|p1a: Pincurchin\n|-heal|p1a: Pincurchin|258/258\n|\n|upkeep\n|turn|35\n|\n|t:|1781447725\n|switch|p1a: Misdreavus|Misdreavus, L90, F|112/254\n|move|p2a: Cryogonal|Flash Cannon|p1a: Misdreavus\n|-damage|p1a: Misdreavus|73/254\n|\n|upkeep\n|turn|36\n|\n|t:|1781447730\n|move|p2a: Cryogonal|Flash Cannon|p1a: Misdreavus\n|-damage|p1a: Misdreavus|32/254\n|move|p1a: Misdreavus|Shadow Ball|p2a: Cryogonal\n|-damage|p2a: Cryogonal|223/287\n|\n|upkeep\n|turn|37\n|\n|t:|1781447735\n|switch|p1a: Morpeko|Morpeko, L88, M|245/245\n|-damage|p1a: Morpeko|215/245|[from] Spikes\n|-activate|p1a: Morpeko|move: Sticky Web\n|-unboost|p1a: Morpeko|spe|1\n|move|p2a: Cryogonal|Flash Cannon|p1a: Morpeko\n|-resisted|p1a: Morpeko\n|-damage|p1a: Morpeko|175/245\n|\n|-heal|p1a: Morpeko|190/245|[from] item: Leftovers\n|-formechange|p1a: Morpeko|Morpeko-Hangry||[from] ability: Hunger Switch\n|upkeep\n|turn|38\n|\n|t:|1781447748\n|switch|p2a: Carbink|Carbink, L90|236/236\n|-status|p2a: Carbink|tox\n|move|p1a: Morpeko|Rapid Spin|p2a: Carbink\n|-resisted|p2a: Carbink\n|-damage|p2a: Carbink|224/236 tox\n|-boost|p1a: Morpeko|spe|1\n|-sideend|p1: Yaya50|Spikes|[from] move: Rapid Spin|[of] p1a: Morpeko\n|-sideend|p1: Yaya50|Sticky Web|[from] move: Rapid Spin|[of] p1a: Morpeko\n|\n|-heal|p1a: Morpeko|205/245|[from] item: Leftovers\n|-damage|p2a: Carbink|210/236 tox|[from] psn\n|-formechange|p1a: Morpeko|Morpeko||[from] ability: Hunger Switch\n|upkeep\n|turn|39\n|\n|t:|1781447757\n|switch|p1a: Mudsdale|Mudsdale, L83, F|302/302\n|move|p2a: Carbink|Iron Defense|p2a: Carbink\n|-boost|p2a: Carbink|def|2\n|\n|-damage|p2a: Carbink|182/236 tox|[from] psn\n|upkeep\n|turn|40\n|\n|t:|1781447766\n|move|p2a: Carbink|Iron Defense|p2a: Carbink\n|-boost|p2a: Carbink|def|2\n|move|p1a: Mudsdale|Heavy Slam|p2a: Carbink\n|-supereffective|p2a: Carbink\n|-damage|p2a: Carbink|102/236 tox\n|\n|-damage|p2a: Carbink|60/236 tox|[from] psn\n|upkeep\n|turn|41\n|\n|t:|1781447774\n|switch|p1a: Misdreavus|Misdreavus, L90, F|32/254\n|move|p2a: Carbink|Rest|p2a: Carbink\n|-status|p2a: Carbink|slp|[from] move: Rest\n|-heal|p2a: Carbink|236/236 slp|[silent]\n|-enditem|p2a: Carbink|Chesto Berry|[eat]\n|-curestatus|p2a: Carbink|slp|[msg]\n|\n|upkeep\n|turn|42\n|\n|t:|1781447783\n|move|p1a: Misdreavus|Will-O-Wisp|p2a: Carbink\n|-status|p2a: Carbink|brn\n|move|p2a: Carbink|Moonblast|p1a: Misdreavus\n|-damage|p1a: Misdreavus|0 fnt\n|faint|p1a: Misdreavus\n|\n|-damage|p2a: Carbink|222/236 brn|[from] brn\n|upkeep\n|\n|t:|1781447789\n|switch|p1a: Mudsdale|Mudsdale, L83, F|302/302\n|turn|43\n|\n|t:|1781447792\n|move|p2a: Carbink|Iron Defense|p2a: Carbink\n|-boost|p2a: Carbink|def|2\n|move|p1a: Mudsdale|Heavy Slam|p2a: Carbink\n|-supereffective|p2a: Carbink\n|-damage|p2a: Carbink|154/236 brn\n|\n|-damage|p2a: Carbink|140/236 brn|[from] brn\n|upkeep\n|turn|44\n|\n|t:|1781447801\n|move|p2a: Carbink|Rest|p2a: Carbink\n|-status|p2a: Carbink|slp|[from] move: Rest\n|-heal|p2a: Carbink|236/236 slp|[silent]\n|move|p1a: Mudsdale|Heavy Slam|p2a: Carbink\n|-supereffective|p2a: Carbink\n|-damage|p2a: Carbink|172/236 slp\n|\n|upkeep\n|turn|45\n|\n|t:|1781447807\n|-terastallize|p2a: Carbink|Fighting\n|-terastallize|p1a: Mudsdale|Steel\n|cant|p2a: Carbink|slp\n|move|p1a: Mudsdale|Heavy Slam|p2a: Carbink\n|-damage|p2a: Carbink|147/236 slp\n|\n|upkeep\n|turn|46\n|\n|t:|1781447816\n|switch|p1a: Pyroar|Pyroar, L88, M|295/295\n|-ability|p1a: Pyroar|Unnerve\n|cant|p2a: Carbink|slp\n|\n|upkeep\n|turn|47\n|\n|t:|1781447824\n|move|p1a: Pyroar|Fire Blast|p2a: Carbink\n|-damage|p2a: Carbink|60/236 slp\n|-curestatus|p2a: Carbink|slp|[msg]\n|move|p2a: Carbink|Body Press|p1a: Pyroar\n|-supereffective|p1a: Pyroar\n|-damage|p1a: Pyroar|0 fnt\n|faint|p1a: Pyroar\n|\n|upkeep\n|\n|t:|1781447837\n|switch|p1a: Pincurchin|Pincurchin, M|258/258\n|-fieldstart|move: Electric Terrain|[from] ability: Electric Surge|[of] p1a: Pincurchin\n|turn|48\n|\n|t:|1781447851\n|move|p2a: Carbink|Body Press|p1a: Pincurchin\n|-damage|p1a: Pincurchin|0 fnt\n|faint|p1a: Pincurchin\n|\n|upkeep\n|\n|t:|1781447866\n|switch|p1a: Mudsdale|Mudsdale, L83, F, tera:Steel|302/302\n|turn|49\n|\n|t:|1781447871\n|move|p2a: Carbink|Body Press|p1a: Mudsdale\n|-supereffective|p1a: Mudsdale\n|-damage|p1a: Mudsdale|0 fnt\n|faint|p1a: Mudsdale\n|\n|upkeep\n|\n|t:|1781447877\n|switch|p1a: Baxcalibur|Baxcalibur, L75, M|296/296\n|turn|50\n|\n|t:|1781447884\n|move|p1a: Baxcalibur|Glaive Rush|p2a: Carbink\n|-damage|p2a: Carbink|36/236\n|-singlemove|p1a: Baxcalibur|Glaive Rush|[silent]\n|move|p2a: Carbink|Body Press|p1a: Baxcalibur\n|-supereffective|p1a: Baxcalibur\n|-damage|p1a: Baxcalibur|0 fnt\n|faint|p1a: Baxcalibur\n|\n|upkeep\n|\n|t:|1781447888\n|switch|p1a: Morpeko|Morpeko, L88, M|205/245\n|turn|51\n|\n|t:|1781447891\n|move|p1a: Morpeko|Aura Wheel|p2a: Carbink\n|-damage|p2a: Carbink|8/236\n|-boost|p1a: Morpeko|spe|1\n|move|p2a: Carbink|Body Press|p1a: Morpeko\n|-supereffective|p1a: Morpeko\n|-damage|p1a: Morpeko|0 fnt\n|faint|p1a: Morpeko\n|\n|win|BlueCatWhiteHat\n|raw|Yaya50's rating: 1683 &rarr; <strong>1661</strong><br />(-22 for losing)\n|raw|BlueCatWhiteHat's rating: 1654 &rarr; <strong>1676</strong><br />(+22 for winning)\n|c|\u2606BlueCatWhiteHat|Gg\n|c|\u2606Yaya50|Lucky shit\n|c|\u2606Yaya50|Stfu\n|c|\u2606BlueCatWhiteHat|Ooo\n|l|\u2606Yaya50\n|player|p1|\n|c|\u2606BlueCatWhiteHat|Ez\n", "uploadtime": 1781447914, "views": 3, "formatid": "gen9randombattle", "rating": 1661, "private": 0, "password": null}