{"id": "gen9randombattle-2631590842", "format": "[Gen 9] Random Battle", "players": ["flaviodssts", "Pokeoke"], "log": "|j|\u2606flaviodssts\n|j|\u2606Pokeoke\n|t:|1781405574\n|gametype|singles\n|player|p1|flaviodssts|burglar|1966\n|player|p2|Pokeoke|265|2044\n|gen|9\n|tier|[Gen 9] Random Battle\n|rated|\n|rule|Species Clause: Limit one of each Pok\u00e9mon\n|rule|HP Percentage Mod: HP is shown in percentages\n|rule|Sleep Clause Mod: Limit one foe put to sleep\n|rule|Illusion Level Mod: Illusion disguises the Pok\u00e9mon's true level\n|\n|t:|1781405574\n|teamsize|p1|6\n|teamsize|p2|6\n|start\n|switch|p1a: Hydreigon|Hydreigon, L79, F|275/275\n|switch|p2a: Alomomola|Alomomola, L87, M|429/429\n|turn|1\n|inactive|Battle timer is ON: inactive players will automatically lose when time's up. (requested by flaviodssts)\n|\n|t:|1781405586\n|move|p1a: Hydreigon|U-turn|p2a: Alomomola\n|-damage|p2a: Alomomola|383/429\n|\n|t:|1781405588\n|switch|p1a: Brambleghast|Brambleghast, L88, M|240/240|[from] U-turn\n|move|p2a: Alomomola|Flip Turn|p1a: Brambleghast\n|-resisted|p1a: Brambleghast\n|-damage|p1a: Brambleghast|209/240\n|\n|t:|1781405605\n|switch|p2a: Iron Jugulis|Iron Jugulis, L77|271/271|[from] Flip Turn\n|\n|-heal|p1a: Brambleghast|224/240|[from] item: Leftovers\n|upkeep\n|turn|2\n|\n|t:|1781405624\n|switch|p1a: Hydreigon|Hydreigon, L79, F|275/275\n|move|p2a: Iron Jugulis|Dark Pulse|p1a: Hydreigon\n|-resisted|p1a: Hydreigon\n|-damage|p1a: Hydreigon|212/275\n|\n|upkeep\n|turn|3\n|\n|t:|1781405630\n|-end|p2a: Iron Jugulis|Quark Drive|[silent]\n|switch|p2a: Diancie|Diancie, L82|216/216\n|move|p1a: Hydreigon|U-turn|p2a: Diancie\n|-resisted|p2a: Diancie\n|-damage|p2a: Diancie|200/216\n|\n|t:|1781405643\n|switch|p1a: Brambleghast|Brambleghast, L88, M|224/240|[from] U-turn\n|\n|-heal|p1a: Brambleghast|239/240|[from] item: Leftovers\n|-heal|p2a: Diancie|213/216|[from] item: Leftovers\n|upkeep\n|turn|4\n|\n|t:|1781405661\n|switch|p2a: Iron Jugulis|Iron Jugulis, L77|271/271\n|move|p1a: Brambleghast|Power Whip|p2a: Iron Jugulis\n|-resisted|p2a: Iron Jugulis\n|-damage|p2a: Iron Jugulis|185/271\n|\n|-heal|p1a: Brambleghast|240/240|[from] item: Leftovers\n|upkeep\n|turn|5\n|\n|t:|1781405666\n|move|p2a: Iron Jugulis|Dark Pulse|p1a: Brambleghast\n|-supereffective|p1a: Brambleghast\n|-damage|p1a: Brambleghast|0 fnt\n|faint|p1a: Brambleghast\n|\n|upkeep\n|-message|flaviodssts forfeited.\n|\n|win|Pokeoke\n", "uploadtime": 1781405575, "views": 3, "formatid": "gen9randombattle", "rating": null, "private": 0, "password": null}