{"id": "gen9randombattle-2631491800", "format": "[Gen 9] Random Battle", "players": ["bluffmepls", "Sekkari-"], "log": "|j|\u2606bluffmepls\n|j|\u2606Sekkari-\n|t:|1781391834\n|gametype|singles\n|player|p1|bluffmepls|266|2222\n|player|p2|Sekkari-|170|2255\n|gen|9\n|tier|[Gen 9] Random Battle\n|rated|\n|rule|Species Clause: Limit one of each Pok\u00e9mon\n|rule|HP Percentage Mod: HP is shown in percentages\n|rule|Sleep Clause Mod: Limit one foe put to sleep\n|rule|Illusion Level Mod: Illusion disguises the Pok\u00e9mon's true level\n|\n|t:|1781391834\n|teamsize|p1|6\n|teamsize|p2|6\n|start\n|switch|p1a: Koraidon|Koraidon, L64|235/235\n|switch|p2a: Chandelure|Chandelure, L83, F|235/235\n|-weather|SunnyDay|[from] ability: Orichalcum Pulse|[of] p1a: Koraidon\n|-activate|p1a: Koraidon|Orichalcum Pulse|[source]\n|turn|1\n|inactive|Battle timer is ON: inactive players will automatically lose when time's up. (requested by bluffmepls)\n|\n|t:|1781391862\n|move|p1a: Koraidon|Outrage|p2a: Chandelure\n|-damage|p2a: Chandelure|39/235\n|move|p2a: Chandelure|Shadow Ball|p1a: Koraidon\n|-damage|p1a: Koraidon|106/235\n|\n|-weather|SunnyDay|[upkeep]\n|upkeep\n|turn|2\n|j| zekoby\n|\n|t:|1781391873\n|switch|p2a: Ting-Lu|Ting-Lu, L78|370/370\n|-ability|p2a: Ting-Lu|Vessel of Ruin\n|move|p1a: Koraidon|Outrage|p2a: Ting-Lu|[from] lockedmove\n|-damage|p2a: Ting-Lu|201/370\n|-start|p1a: Koraidon|confusion|[fatigue]\n|\n|-weather|SunnyDay|[upkeep]\n|-heal|p2a: Ting-Lu|224/370|[from] item: Leftovers\n|upkeep\n|turn|3\n|\n|t:|1781391897\n|switch|p1a: Lurantis|Lurantis, L87, F|264/264\n|switch|p2a: Grumpig|Grumpig, L92, M|297/297\n|\n|-weather|SunnyDay|[upkeep]\n|upkeep\n|turn|4\n|j| Tusclomb\n|\n|t:|1781391910\n|switch|p2a: Chandelure|Chandelure, L83, F|39/235\n|move|p1a: Lurantis|Knock Off|p2a: Chandelure\n|-supereffective|p2a: Chandelure\n|-damage|p2a: Chandelure|0 fnt\n|-enditem|p2a: Chandelure|Heavy-Duty Boots|[from] move: Knock Off|[of] p1a: Lurantis\n|faint|p2a: Chandelure\n|\n|-weather|SunnyDay|[upkeep]\n|upkeep\n|\n|t:|1781391915\n|switch|p2a: Squawkabilly|Squawkabilly-White, L89, M|291/291\n|turn|5\n|\n|t:|1781391929\n|switch|p1a: Zekrom|Zekrom, L71|259/259\n|-ability|p1a: Zekrom|Teravolt\n|move|p2a: Squawkabilly|Brave Bird|p1a: Zekrom|[miss]\n|-miss|p2a: Squawkabilly|p1a: Zekrom\n|\n|-weather|none\n|upkeep\n|turn|6\n|\n|t:|1781391938\n|switch|p2a: Ting-Lu|Ting-Lu, L78|224/370\n|-ability|p2a: Ting-Lu|Vessel of Ruin\n|move|p1a: Zekrom|Dragon Dance|p1a: Zekrom\n|-boost|p1a: Zekrom|atk|1\n|-boost|p1a: Zekrom|spe|1\n|\n|-heal|p2a: Ting-Lu|247/370|[from] item: Leftovers\n|upkeep\n|turn|7\n|\n|t:|1781391947\n|switch|p1a: Lurantis|Lurantis, L87, F|264/264\n|move|p2a: Ting-Lu|Earthquake|p1a: Lurantis\n|-resisted|p1a: Lurantis\n|-damage|p1a: Lurantis|219/264\n|\n|-heal|p2a: Ting-Lu|270/370|[from] item: Leftovers\n|upkeep\n|turn|8\n|\n|t:|1781391950\n|switch|p2a: Squawkabilly|Squawkabilly-White, L89, M|291/291\n|move|p1a: Lurantis|Superpower|p2a: Squawkabilly\n|-damage|p2a: Squawkabilly|166/291\n|-boost|p1a: Lurantis|atk|1\n|-boost|p1a: Lurantis|def|1\n|\n|upkeep\n|turn|9\n|\n|t:|1781391972\n|move|p2a: Squawkabilly|Brave Bird|p1a: Lurantis\n|-supereffective|p1a: Lurantis\n|-damage|p1a: Lurantis|0 fnt\n|faint|p1a: Lurantis\n|-damage|p2a: Squawkabilly|94/291|[from] Recoil\n|\n|upkeep\n|\n|t:|1781391979\n|switch|p1a: Iron Hands|Iron Hands, L79|373/373\n|turn|10\n|\n|t:|1781391986\n|move|p2a: Squawkabilly|Brave Bird|p1a: Iron Hands\n|-damage|p1a: Iron Hands|103/373\n|-damage|p2a: Squawkabilly|5/291|[from] Recoil\n|move|p1a: Iron Hands|Volt Switch|p2a: Squawkabilly\n|-supereffective|p2a: Squawkabilly\n|-damage|p2a: Squawkabilly|0 fnt\n|faint|p2a: Squawkabilly\n|\n|t:|1781391992\n|-end|p1a: Iron Hands|Quark Drive|[silent]\n|switch|p1a: Koraidon|Koraidon, L64|106/235|[from] Volt Switch\n|-weather|SunnyDay|[from] ability: Orichalcum Pulse|[of] p1a: Koraidon\n|-activate|p1a: Koraidon|Orichalcum Pulse|[source]\n|\n|-weather|SunnyDay|[upkeep]\n|upkeep\n|\n|t:|1781391999\n|switch|p2a: Grumpig|Grumpig, L92, M|297/297\n|turn|11\n|\n|t:|1781392003\n|move|p1a: Koraidon|U-turn|p2a: Grumpig\n|-supereffective|p2a: Grumpig\n|-damage|p2a: Grumpig|115/297\n|\n|t:|1781392006\n|switch|p1a: Iron Hands|Iron Hands, L79|103/373|[from] U-turn\n|move|p2a: Grumpig|Psyshock|p1a: Iron Hands\n|-supereffective|p1a: Iron Hands\n|-damage|p1a: Iron Hands|0 fnt\n|faint|p1a: Iron Hands\n|-end|p1a: Iron Hands|Quark Drive|[silent]\n|\n|-weather|SunnyDay|[upkeep]\n|-heal|p2a: Grumpig|133/297|[from] item: Leftovers\n|upkeep\n|\n|t:|1781392008\n|switch|p1a: Koraidon|Koraidon, L64|106/235\n|-activate|p1a: Koraidon|ability: Orichalcum Pulse\n|turn|12\n|\n|t:|1781392012\n|move|p1a: Koraidon|U-turn|p2a: Grumpig\n|-supereffective|p2a: Grumpig\n|-damage|p2a: Grumpig|0 fnt\n|faint|p2a: Grumpig\n|\n|t:|1781392017\n|switch|p1a: Araquanid|Araquanid, L82, F|246/246|[from] U-turn\n|\n|-weather|SunnyDay|[upkeep]\n|upkeep\n|\n|t:|1781392021\n|switch|p2a: Rotom|Rotom-Mow, L87|229/229\n|turn|13\n|\n|t:|1781392031\n|switch|p1a: Koraidon|Koraidon, L64|106/235\n|-activate|p1a: Koraidon|ability: Orichalcum Pulse\n|move|p2a: Rotom|Thunderbolt|p1a: Koraidon\n|-resisted|p1a: Koraidon\n|-damage|p1a: Koraidon|42/235\n|-status|p1a: Koraidon|par\n|\n|-weather|SunnyDay|[upkeep]\n|upkeep\n|turn|14\n|\n|t:|1781392036\n|move|p2a: Rotom|Thunderbolt|p1a: Koraidon\n|-resisted|p1a: Koraidon\n|-damage|p1a: Koraidon|0 fnt\n|faint|p1a: Koraidon\n|\n|-weather|none\n|upkeep\n|\n|t:|1781392040\n|switch|p1a: Cetitan|Cetitan, L82, F|413/413\n|turn|15\n|\n|t:|1781392044\n|move|p2a: Rotom|Thunderbolt|p1a: Cetitan\n|-damage|p1a: Cetitan|272/413\n|move|p1a: Cetitan|Icicle Crash|p2a: Rotom\n|-supereffective|p2a: Rotom\n|-damage|p2a: Rotom|0 fnt\n|faint|p2a: Rotom\n|\n|upkeep\n|\n|t:|1781392054\n|switch|p2a: Ting-Lu|Ting-Lu, L78|270/370\n|-ability|p2a: Ting-Lu|Vessel of Ruin\n|turn|16\n|\n|t:|1781392058\n|-terastallize|p2a: Ting-Lu|Steel\n|move|p1a: Cetitan|Icicle Crash|p2a: Ting-Lu\n|-resisted|p2a: Ting-Lu\n|-damage|p2a: Ting-Lu|204/370\n|move|p2a: Ting-Lu|Heavy Slam|p1a: Cetitan\n|-supereffective|p1a: Cetitan\n|-damage|p1a: Cetitan|174/413\n|\n|-heal|p2a: Ting-Lu|227/370|[from] item: Leftovers\n|upkeep\n|turn|17\n|\n|t:|1781392064\n|move|p1a: Cetitan|Earthquake|p2a: Ting-Lu\n|-supereffective|p2a: Ting-Lu\n|-damage|p2a: Ting-Lu|68/370\n|-damage|p1a: Cetitan|133/413|[from] item: Life Orb\n|move|p2a: Ting-Lu|Heavy Slam|p1a: Cetitan\n|-supereffective|p1a: Cetitan\n|-damage|p1a: Cetitan|23/413\n|\n|-heal|p2a: Ting-Lu|91/370|[from] item: Leftovers\n|upkeep\n|turn|18\n|\n|t:|1781392067\n|move|p1a: Cetitan|Earthquake|p2a: Ting-Lu\n|-supereffective|p2a: Ting-Lu\n|-damage|p2a: Ting-Lu|0 fnt\n|faint|p2a: Ting-Lu\n|-damage|p1a: Cetitan|0 fnt|[from] item: Life Orb\n|faint|p1a: Cetitan\n|\n|upkeep\n|\n|t:|1781392074\n|switch|p1a: Zekrom|Zekrom, L71|259/259\n|switch|p2a: Chansey|Chansey, L85, F|564/564\n|-ability|p1a: Zekrom|Teravolt\n|turn|19\n|\n|t:|1781392080\n|move|p1a: Zekrom|Bolt Strike|p2a: Chansey\n|-damage|p2a: Chansey|245/564\n|move|p2a: Chansey|Seismic Toss|p1a: Zekrom\n|-damage|p1a: Zekrom|174/259\n|\n|-heal|p1a: Zekrom|190/259|[from] item: Leftovers\n|upkeep\n|turn|20\n|\n|t:|1781392083\n|move|p1a: Zekrom|Outrage|p2a: Chansey\n|-damage|p2a: Chansey|0 fnt\n|faint|p2a: Chansey\n|\n|win|bluffmepls\n", "uploadtime": 1781391836, "views": 3, "formatid": "gen9randombattle", "rating": null, "private": 0, "password": null}