{"id": "gen9randombattle-2631385890", "format": "[Gen 9] Random Battle", "players": ["thuggernaut", "scampy789"], "log": "|j|\u2606thuggernaut\n|j|\u2606scampy789\n|t:|1781378473\n|gametype|singles\n|player|p1|thuggernaut|266|2069\n|player|p2|scampy789|101|2056\n|gen|9\n|tier|[Gen 9] Random Battle\n|rated|\n|rule|Species Clause: Limit one of each Pok\u00e9mon\n|rule|HP Percentage Mod: HP is shown in percentages\n|rule|Sleep Clause Mod: Limit one foe put to sleep\n|rule|Illusion Level Mod: Illusion disguises the Pok\u00e9mon's true level\n|\n|t:|1781378473\n|teamsize|p1|6\n|teamsize|p2|6\n|start\n|switch|p1a: Falinks|Falinks, L84|246/246\n|switch|p2a: Slowking|Slowking, L88, F|310/310\n|turn|1\n|inactive|Battle timer is ON: inactive players will automatically lose when time's up. (requested by scampy789)\n|\n|t:|1781378485\n|move|p1a: Falinks|No Retreat|p1a: Falinks\n|-boost|p1a: Falinks|atk|1\n|-boost|p1a: Falinks|def|1\n|-boost|p1a: Falinks|spa|1\n|-boost|p1a: Falinks|spd|1\n|-boost|p1a: Falinks|spe|1\n|-start|p1a: Falinks|move: No Retreat\n|move|p2a: Slowking|Future Sight|p1a: Falinks\n|-start|p2a: Slowking|move: Future Sight\n|\n|upkeep\n|turn|2\n|\n|t:|1781378509\n|switch|p2a: Tyranitar|Tyranitar, L78, F|284/284\n|-weather|Sandstorm|[from] ability: Sand Stream|[of] p2a: Tyranitar\n|move|p1a: Falinks|Knock Off|p2a: Tyranitar\n|-resisted|p2a: Tyranitar\n|-damage|p2a: Tyranitar|227/284\n|-enditem|p2a: Tyranitar|Assault Vest|[from] move: Knock Off|[of] p1a: Falinks\n|-damage|p1a: Falinks|222/246|[from] item: Life Orb\n|\n|-weather|Sandstorm|[upkeep]\n|-damage|p1a: Falinks|207/246|[from] Sandstorm\n|upkeep\n|turn|3\n|\n|t:|1781378527\n|switch|p2a: Slowking|Slowking, L88, F|310/310\n|move|p1a: Falinks|Close Combat|p2a: Slowking\n|-resisted|p2a: Slowking\n|-damage|p2a: Slowking|172/310\n|-unboost|p1a: Falinks|def|1\n|-unboost|p1a: Falinks|spd|1\n|-damage|p1a: Falinks|183/246|[from] item: Life Orb\n|\n|-weather|Sandstorm|[upkeep]\n|-damage|p1a: Falinks|168/246|[from] Sandstorm\n|-damage|p2a: Slowking|153/310|[from] Sandstorm\n|-end|p1a: Falinks|move: Future Sight\n|-supereffective|p1a: Falinks\n|-damage|p1a: Falinks|0 fnt\n|faint|p1a: Falinks\n|upkeep\n|\n|t:|1781378537\n|switch|p1a: Decidueye|Decidueye-Hisui, L87, M|295/295\n|turn|4\n|inactive|scampy789 has 120 seconds left.\n|\n|t:|1781378558\n|switch|p2a: Ninetales|Ninetales, L85, F|263/263\n|-weather|SunnyDay|[from] ability: Drought|[of] p2a: Ninetales\n|move|p1a: Decidueye|Leaf Blade|p2a: Ninetales\n|-resisted|p2a: Ninetales\n|-damage|p2a: Ninetales|197/263\n|\n|-weather|SunnyDay|[upkeep]\n|upkeep\n|turn|5\n|\n|t:|1781378566\n|switch|p1a: Chandelure|Chandelure, L83, F|235/235\n|move|p2a: Ninetales|Fire Blast|p1a: Chandelure\n|-start|p1a: Chandelure|ability: Flash Fire\n|\n|-weather|SunnyDay|[upkeep]\n|upkeep\n|turn|6\n|\n|t:|1781378580\n|move|p1a: Chandelure|Fire Blast|p2a: Ninetales\n|-resisted|p2a: Ninetales\n|-damage|p2a: Ninetales|43/263\n|move|p2a: Ninetales|Scorching Sands|p1a: Chandelure\n|-supereffective|p1a: Chandelure\n|-damage|p1a: Chandelure|143/235\n|\n|-weather|SunnyDay|[upkeep]\n|upkeep\n|turn|7\n|\n|t:|1781378593\n|move|p1a: Chandelure|Fire Blast|p2a: Ninetales\n|-resisted|p2a: Ninetales\n|-damage|p2a: Ninetales|0 fnt\n|faint|p2a: Ninetales\n|\n|-weather|SunnyDay|[upkeep]\n|upkeep\n|\n|t:|1781378596\n|switch|p2a: Tyranitar|Tyranitar, L78, F|227/284\n|-weather|Sandstorm|[from] ability: Sand Stream|[of] p2a: Tyranitar\n|turn|8\n|\n|t:|1781378607\n|-end|p1a: Chandelure|ability: Flash Fire|[silent]\n|switch|p1a: Skarmory|Skarmory, L80, M|235/235\n|move|p2a: Tyranitar|Knock Off|p1a: Skarmory\n|-damage|p1a: Skarmory|156/235\n|-damage|p2a: Tyranitar|180/284|[from] item: Rocky Helmet|[of] p1a: Skarmory\n|-enditem|p1a: Skarmory|Rocky Helmet|[from] move: Knock Off|[of] p2a: Tyranitar\n|\n|-weather|Sandstorm|[upkeep]\n|upkeep\n|turn|9\n|inactive|scampy789 has 120 seconds left.\n|\n|t:|1781378633\n|move|p1a: Skarmory|Stealth Rock|p2a: Tyranitar\n|-sidestart|p2: scampy789|move: Stealth Rock\n|move|p2a: Tyranitar|Ice Beam|p1a: Skarmory\n|-damage|p1a: Skarmory|84/235\n|\n|-weather|Sandstorm|[upkeep]\n|upkeep\n|turn|10\n|\n|t:|1781378639\n|move|p1a: Skarmory|Roost|p1a: Skarmory\n|-heal|p1a: Skarmory|202/235\n|-singleturn|p1a: Skarmory|move: Roost\n|move|p2a: Tyranitar|Dragon Tail|p1a: Skarmory\n|-resisted|p1a: Skarmory\n|-damage|p1a: Skarmory|184/235\n|drag|p1a: Decidueye|Decidueye-Hisui, L87, M|295/295\n|\n|-weather|Sandstorm|[upkeep]\n|-damage|p1a: Decidueye|277/295|[from] Sandstorm\n|-heal|p1a: Decidueye|295/295|[from] item: Leftovers\n|upkeep\n|turn|11\n|\n|t:|1781378651\n|move|p1a: Decidueye|Triple Arrows|p2a: Tyranitar\n|-supereffective|p2a: Tyranitar\n|-damage|p2a: Tyranitar|0 fnt\n|faint|p2a: Tyranitar\n|\n|-weather|Sandstorm|[upkeep]\n|-damage|p1a: Decidueye|277/295|[from] Sandstorm\n|-heal|p1a: Decidueye|295/295|[from] item: Leftovers\n|upkeep\n|\n|t:|1781378656\n|switch|p2a: Malamar|Malamar, L82, M|275/275\n|-damage|p2a: Malamar|241/275|[from] Stealth Rock\n|turn|12\n|\n|t:|1781378669\n|move|p2a: Malamar|Superpower|p1a: Decidueye\n|-damage|p1a: Decidueye|220/295\n|-boost|p2a: Malamar|atk|1\n|-boost|p2a: Malamar|def|1\n|move|p1a: Decidueye|Leaf Blade|p2a: Malamar\n|-damage|p2a: Malamar|160/275\n|\n|-weather|none\n|-heal|p2a: Malamar|177/275|[from] item: Leftovers\n|-heal|p1a: Decidueye|238/295|[from] item: Leftovers\n|upkeep\n|turn|13\n|\n|t:|1781378687\n|switch|p1a: Skarmory|Skarmory, L80, M|184/235\n|move|p2a: Malamar|Knock Off|p1a: Skarmory\n|-damage|p1a: Skarmory|118/235\n|\n|-heal|p2a: Malamar|194/275|[from] item: Leftovers\n|upkeep\n|turn|14\n|\n|t:|1781378693\n|move|p2a: Malamar|Superpower|p1a: Skarmory\n|-damage|p1a: Skarmory|36/235\n|-boost|p2a: Malamar|atk|1\n|-boost|p2a: Malamar|def|1\n|move|p1a: Skarmory|Whirlwind|p2a: Malamar\n|drag|p2a: Slowking|Slowking, L88, F|256/310\n|\n|upkeep\n|turn|15\n|\n|t:|1781378705\n|move|p1a: Skarmory|Roost|p1a: Skarmory\n|-heal|p1a: Skarmory|154/235\n|-singleturn|p1a: Skarmory|move: Roost\n|move|p2a: Slowking|Scald|p1a: Skarmory\n|-damage|p1a: Skarmory|27/235\n|\n|upkeep\n|turn|16\n|\n|t:|1781378712\n|move|p1a: Skarmory|Brave Bird|p2a: Slowking\n|-damage|p2a: Slowking|148/310\n|-damage|p1a: Skarmory|0 fnt|[from] Recoil\n|faint|p1a: Skarmory\n|move|p2a: Slowking|Scald|p1: Skarmory|[notarget]\n|-fail|p2a: Slowking\n|\n|upkeep\n|\n|t:|1781378727\n|switch|p1a: Froslass|Froslass, L87, F|263/263\n|turn|17\n|\n|t:|1781378734\n|switch|p2a: Dudunsparce|Dudunsparce-Three-Segment, L83, M|343/343\n|-damage|p2a: Dudunsparce|301/343|[from] Stealth Rock\n|move|p1a: Froslass|Poltergeist|p2a: Dudunsparce\n|-immune|p2a: Dudunsparce\n|\n|-heal|p2a: Dudunsparce|322/343|[from] item: Leftovers\n|upkeep\n|turn|18\n|\n|t:|1781378741\n|move|p1a: Froslass|Taunt|p2a: Dudunsparce\n|-start|p2a: Dudunsparce|move: Taunt\n|cant|p2a: Dudunsparce|move: Taunt|Toxic\n|\n|-heal|p2a: Dudunsparce|343/343|[from] item: Leftovers\n|upkeep\n|turn|19\n|\n|t:|1781378749\n|switch|p2a: Greedent|Greedent, L86, M|347/347\n|-damage|p2a: Greedent|304/347|[from] Stealth Rock\n|move|p1a: Froslass|Will-O-Wisp|p2a: Greedent\n|-status|p2a: Greedent|brn\n|\n|-damage|p2a: Greedent|283/347 brn|[from] brn\n|upkeep\n|turn|20\n|\n|t:|1781378761\n|switch|p1a: Decidueye|Decidueye-Hisui, L87, M|238/295\n|move|p2a: Greedent|Knock Off|p1a: Decidueye\n|-resisted|p1a: Decidueye\n|-damage|p1a: Decidueye|219/295\n|-enditem|p1a: Decidueye|Leftovers|[from] move: Knock Off|[of] p2a: Greedent\n|\n|-damage|p2a: Greedent|262/347 brn|[from] brn\n|upkeep\n|turn|21\n|inactive|scampy789 has 120 seconds left.\n|\n|t:|1781378793\n|move|p1a: Decidueye|Triple Arrows|p2a: Greedent\n|-supereffective|p2a: Greedent\n|-damage|p2a: Greedent|46/347 brn\n|-enditem|p2a: Greedent|Sitrus Berry|[eat]\n|-heal|p2a: Greedent|132/347 brn|[from] item: Sitrus Berry\n|-heal|p2a: Greedent|247/347 brn|[from] ability: Cheek Pouch\n|move|p2a: Greedent|Body Slam|p1a: Decidueye\n|-damage|p1a: Decidueye|172/295\n|\n|-damage|p2a: Greedent|226/347 brn|[from] brn\n|upkeep\n|turn|22\n|\n|t:|1781378801\n|move|p1a: Decidueye|Triple Arrows|p2a: Greedent\n|-supereffective|p2a: Greedent\n|-damage|p2a: Greedent|34/347 brn\n|-unboost|p2a: Greedent|def|1\n|move|p2a: Greedent|Body Slam|p1a: Decidueye\n|-damage|p1a: Decidueye|122/295\n|\n|-damage|p2a: Greedent|13/347 brn|[from] brn\n|upkeep\n|turn|23\n|\n|t:|1781378806\n|move|p1a: Decidueye|Roost|p1a: Decidueye\n|-heal|p1a: Decidueye|270/295\n|-singleturn|p1a: Decidueye|move: Roost\n|move|p2a: Greedent|Body Slam|p1a: Decidueye\n|-damage|p1a: Decidueye|222/295\n|-status|p1a: Decidueye|par\n|\n|-damage|p2a: Greedent|0 fnt|[from] brn\n|faint|p2a: Greedent\n|upkeep\n|\n|t:|1781378819\n|switch|p2a: Malamar|Malamar, L82, M|194/275\n|-damage|p2a: Malamar|160/275|[from] Stealth Rock\n|turn|24\n|\n|t:|1781378827\n|switch|p1a: Chandelure|Chandelure, L83, F|143/235\n|move|p2a: Malamar|Superpower|p1a: Chandelure\n|-immune|p1a: Chandelure\n|\n|-heal|p2a: Malamar|177/275|[from] item: Leftovers\n|upkeep\n|turn|25\n|\n|t:|1781378840\n|switch|p2a: Slowking|Slowking, L88, F|251/310\n|move|p1a: Chandelure|Fire Blast|p2a: Slowking\n|-resisted|p2a: Slowking\n|-damage|p2a: Slowking|193/310\n|\n|upkeep\n|turn|26\n|\n|t:|1781378854\n|switch|p1a: Decidueye|Decidueye-Hisui, L87, M|222/295 par\n|move|p2a: Slowking|Future Sight|p1a: Decidueye\n|-start|p2a: Slowking|move: Future Sight\n|\n|upkeep\n|turn|27\n|\n|t:|1781378864\n|switch|p2a: Malamar|Malamar, L82, M|177/275\n|-damage|p2a: Malamar|143/275|[from] Stealth Rock\n|move|p1a: Decidueye|Leaf Blade|p2a: Malamar\n|-damage|p2a: Malamar|25/275\n|\n|-heal|p2a: Malamar|42/275|[from] item: Leftovers\n|upkeep\n|turn|28\n|\n|t:|1781378888\n|move|p2a: Malamar|Rest|p2a: Malamar\n|-status|p2a: Malamar|slp|[from] move: Rest\n|-heal|p2a: Malamar|275/275 slp|[silent]\n|move|p1a: Decidueye|Leaf Blade|p2a: Malamar\n|-damage|p2a: Malamar|163/275 slp\n|\n|-end|p1a: Decidueye|move: Future Sight\n|-supereffective|p1a: Decidueye\n|-damage|p1a: Decidueye|0 fnt\n|faint|p1a: Decidueye\n|-heal|p2a: Malamar|180/275 slp|[from] item: Leftovers\n|upkeep\n|inactive|thuggernaut has 120 seconds left.\n|\n|t:|1781378911\n|switch|p1a: Chandelure|Chandelure, L83, F|143/235\n|turn|29\n|inactive|thuggernaut has 120 seconds left.\n|\n|t:|1781378920\n|switch|p2a: Slowking|Slowking, L88, F|296/310\n|move|p1a: Chandelure|Trick|p2a: Slowking\n|-activate|p1a: Chandelure|move: Trick|[of] p2a: Slowking\n|-item|p2a: Slowking|Choice Scarf|[from] move: Trick\n|-item|p1a: Chandelure|Heavy-Duty Boots|[from] move: Trick\n|\n|upkeep\n|turn|30\n|inactive|thuggernaut has 120 seconds left.\n|\n|t:|1781378934\n|-terastallize|p1a: Chandelure|Ghost\n|move|p1a: Chandelure|Shadow Ball|p2a: Slowking\n|-supereffective|p2a: Slowking\n|-damage|p2a: Slowking|36/310\n|move|p2a: Slowking|Scald|p1a: Chandelure\n|-damage|p1a: Chandelure|44/235\n|\n|upkeep\n|turn|31\n|\n|t:|1781378953\n|move|p1a: Chandelure|Energy Ball|p2a: Slowking\n|-supereffective|p2a: Slowking\n|-damage|p2a: Slowking|0 fnt\n|faint|p2a: Slowking\n|\n|upkeep\n|\n|t:|1781378960\n|switch|p2a: Dudunsparce|Dudunsparce-Three-Segment, L83, M|343/343\n|-damage|p2a: Dudunsparce|301/343|[from] Stealth Rock\n|turn|32\n|\n|t:|1781378971\n|move|p1a: Chandelure|Trick|p2a: Dudunsparce\n|-activate|p1a: Chandelure|move: Trick|[of] p2a: Dudunsparce\n|-item|p2a: Dudunsparce|Heavy-Duty Boots|[from] move: Trick\n|-item|p1a: Chandelure|Leftovers|[from] move: Trick\n|move|p2a: Dudunsparce|Earthquake|p1a: Chandelure\n|-damage|p1a: Chandelure|0 fnt\n|faint|p1a: Chandelure\n|\n|upkeep\n|\n|t:|1781378981\n|switch|p1a: Sandslash|Sandslash, L89, M|278/278\n|turn|33\n|\n|t:|1781378993\n|switch|p2a: Malamar|Malamar, L82, M|180/275 slp\n|-damage|p2a: Malamar|146/275 slp|[from] Stealth Rock\n|move|p1a: Sandslash|Swords Dance|p1a: Sandslash\n|-boost|p1a: Sandslash|atk|2\n|\n|-heal|p2a: Malamar|163/275 slp|[from] item: Leftovers\n|upkeep\n|turn|34\n|\n|t:|1781379001\n|cant|p2a: Malamar|slp\n|move|p2a: Malamar|Sleep Talk|p2a: Malamar\n|move|p2a: Malamar|Rest||[from] move: Sleep Talk|[still]\n|-fail|p2a: Malamar\n|move|p1a: Sandslash|Earthquake|p2a: Malamar\n|-damage|p2a: Malamar|0 fnt\n|faint|p2a: Malamar\n|\n|upkeep\n|-message|scampy789 forfeited.\n|\n|win|thuggernaut\n|raw|thuggernaut's rating: 2069 &rarr; <strong>2088</strong><br />(+19 for winning)\n|raw|scampy789's rating: 2056 &rarr; <strong>2037</strong><br />(-19 for losing)\n", "uploadtime": 1781378476, "views": 6, "formatid": "gen9randombattle", "rating": 2037, "private": 0, "password": null}