{"id": "gen9randombattle-2631510626", "format": "[Gen 9] Random Battle", "players": ["Colddeckj", "Illuminating_Fate"], "log": "|j|\u2606Colddeckj\n|j|\u2606Illuminating_Fate\n|t:|1781394435\n|gametype|singles\n|player|p1|Colddeckj|wattson|2047\n|player|p2|Illuminating_Fate|lucas|2082\n|gen|9\n|tier|[Gen 9] Random Battle\n|rated|\n|rule|Species Clause: Limit one of each Pok\u00e9mon\n|rule|HP Percentage Mod: HP is shown in percentages\n|rule|Sleep Clause Mod: Limit one foe put to sleep\n|rule|Illusion Level Mod: Illusion disguises the Pok\u00e9mon's true level\n|\n|t:|1781394435\n|teamsize|p1|6\n|teamsize|p2|6\n|start\n|switch|p1a: Klefki|Klefki, L84, F|233/233\n|switch|p2a: Drednaw|Drednaw, L81, F|278/278\n|turn|1\n|inactive|Battle timer is ON: inactive players will automatically lose when time's up. (requested by Colddeckj)\n|\n|t:|1781394447\n|switch|p2a: Morpeko|Morpeko, L88, F|245/245\n|move|p1a: Klefki|Thunder Wave|p2a: Morpeko\n|-immune|p2a: Morpeko\n|\n|-formechange|p2a: Morpeko|Morpeko-Hangry||[from] ability: Hunger Switch\n|upkeep\n|turn|2\n|\n|t:|1781394450\n|move|p2a: Morpeko|Parting Shot|p1a: Klefki\n|-unboost|p1a: Klefki|atk|1\n|-unboost|p1a: Klefki|spa|1\n|inactive|Illuminating_Fate has 120 seconds left.\n|\n|t:|1781394486\n|switch|p2a: Braviary|Braviary-Hisui, L85, M|326/326|[from] Parting Shot\n|move|p1a: Klefki|Play Rough|p2a: Braviary|[miss]\n|-miss|p1a: Klefki|p2a: Braviary\n|\n|upkeep\n|turn|3\n|\n|t:|1781394493\n|move|p1a: Klefki|Spikes|p2a: Braviary\n|-sidestart|p2: Illuminating_Fate|Spikes\n|move|p2a: Braviary|Heat Wave|p1a: Klefki\n|-supereffective|p1a: Klefki\n|-damage|p1a: Klefki|0 fnt\n|faint|p1a: Klefki\n|\n|upkeep\n|\n|t:|1781394499\n|switch|p1a: Palafin|Palafin, L77, F|281/281\n|turn|4\n|\n|t:|1781394505\n|move|p1a: Palafin|Flip Turn|p2a: Braviary\n|-damage|p2a: Braviary|250/326\n|\n|t:|1781394510\n|detailschange|p1a: Palafin|Palafin-Hero, L77, F\n|switch|p1a: Slowking|Slowking, L88, M|310/310|[from] Flip Turn\n|move|p2a: Braviary|Agility|p2a: Braviary\n|-boost|p2a: Braviary|spe|2\n|\n|upkeep\n|turn|5\n|\n|t:|1781394517\n|move|p2a: Braviary|Hurricane|p1a: Slowking|[miss]\n|-miss|p2a: Braviary|p1a: Slowking\n|move|p1a: Slowking|Thunder Wave|p2a: Braviary\n|-status|p2a: Braviary|par\n|\n|upkeep\n|turn|6\n|\n|t:|1781394523\n|move|p2a: Braviary|Hurricane|p1a: Slowking\n|-damage|p1a: Slowking|138/310\n|move|p1a: Slowking|Scald|p2a: Braviary\n|-damage|p2a: Braviary|142/326 par\n|\n|-heal|p1a: Slowking|157/310|[from] item: Leftovers\n|upkeep\n|turn|7\n|\n|t:|1781394529\n|switch|p1a: Toxtricity|Toxtricity, L82, F|257/257\n|move|p2a: Braviary|Hurricane|p1a: Toxtricity\n|-resisted|p1a: Toxtricity\n|-damage|p1a: Toxtricity|115/257\n|\n|upkeep\n|turn|8\n|\n|t:|1781394539\n|move|p1a: Toxtricity|Boomburst|p2a: Braviary\n|-damage|p2a: Braviary|0 fnt\n|faint|p2a: Braviary\n|-enditem|p1a: Toxtricity|Throat Spray\n|-boost|p1a: Toxtricity|spa|1|[from] item: Throat Spray\n|\n|upkeep\n|\n|t:|1781394542\n|switch|p2a: Morpeko|Morpeko, L88, F|245/245\n|turn|9\n|\n|t:|1781394550\n|move|p2a: Morpeko|Protect|p2a: Morpeko\n|-singleturn|p2a: Morpeko|Protect\n|move|p1a: Toxtricity|Shift Gear|p1a: Toxtricity\n|-boost|p1a: Toxtricity|spe|2\n|-boost|p1a: Toxtricity|atk|1\n|\n|-formechange|p2a: Morpeko|Morpeko-Hangry||[from] ability: Hunger Switch\n|upkeep\n|turn|10\n|\n|t:|1781394556\n|-terastallize|p1a: Toxtricity|Normal\n|move|p1a: Toxtricity|Boomburst|p2a: Morpeko\n|-damage|p2a: Morpeko|0 fnt\n|faint|p2a: Morpeko\n|\n|upkeep\n|\n|t:|1781394560\n|switch|p2a: Gurdurr|Gurdurr, L85, F|283/283\n|-damage|p2a: Gurdurr|248/283|[from] Spikes\n|turn|11\n|\n|t:|1781394564\n|switch|p1a: Slowking|Slowking, L88, M|260/310\n|move|p2a: Gurdurr|Mach Punch|p1a: Slowking\n|-resisted|p1a: Slowking\n|-damage|p1a: Slowking|237/310\n|\n|-heal|p1a: Slowking|256/310|[from] item: Leftovers\n|upkeep\n|turn|12\n|\n|t:|1781394571\n|move|p2a: Gurdurr|Knock Off|p1a: Slowking\n|-supereffective|p1a: Slowking\n|-damage|p1a: Slowking|92/310\n|-enditem|p1a: Slowking|Leftovers|[from] move: Knock Off|[of] p2a: Gurdurr\n|move|p1a: Slowking|Psyshock|p2a: Gurdurr\n|-supereffective|p2a: Gurdurr\n|-damage|p2a: Gurdurr|108/283\n|\n|upkeep\n|turn|13\n|\n|t:|1781394581\n|switch|p1a: Toxtricity|Toxtricity, L82, F, tera:Normal|115/257\n|move|p2a: Gurdurr|Knock Off|p1a: Toxtricity\n|-damage|p1a: Toxtricity|57/257\n|\n|upkeep\n|turn|14\n|\n|t:|1781394587\n|move|p2a: Gurdurr|Mach Punch|p1a: Toxtricity\n|-supereffective|p1a: Toxtricity\n|-damage|p1a: Toxtricity|0 fnt\n|faint|p1a: Toxtricity\n|\n|upkeep\n|\n|t:|1781394592\n|switch|p1a: Slowking|Slowking, L88, M|195/310\n|turn|15\n|\n|t:|1781394595\n|move|p2a: Gurdurr|Knock Off|p1a: Slowking\n|-supereffective|p1a: Slowking\n|-damage|p1a: Slowking|81/310\n|move|p1a: Slowking|Psyshock|p2a: Gurdurr\n|-supereffective|p2a: Gurdurr\n|-damage|p2a: Gurdurr|0 fnt\n|faint|p2a: Gurdurr\n|\n|upkeep\n|\n|t:|1781394598\n|switch|p2a: Drednaw|Drednaw, L81, F|278/278\n|-damage|p2a: Drednaw|244/278|[from] Spikes\n|turn|16\n|\n|t:|1781394601\n|move|p2a: Drednaw|Shell Smash|p2a: Drednaw\n|-unboost|p2a: Drednaw|def|1\n|-unboost|p2a: Drednaw|spd|1\n|-boost|p2a: Drednaw|atk|2\n|-boost|p2a: Drednaw|spa|2\n|-boost|p2a: Drednaw|spe|2\n|-enditem|p2a: Drednaw|White Herb\n|-clearnegativeboost|p2a: Drednaw|[silent]\n|move|p1a: Slowking|Scald|p2a: Drednaw\n|-damage|p2a: Drednaw|130/278\n|-status|p2a: Drednaw|brn\n|\n|-damage|p2a: Drednaw|113/278 brn|[from] brn\n|upkeep\n|turn|17\n|\n|t:|1781394605\n|move|p2a: Drednaw|Crunch|p1a: Slowking\n|-supereffective|p1a: Slowking\n|-damage|p1a: Slowking|0 fnt\n|faint|p1a: Slowking\n|\n|-damage|p2a: Drednaw|96/278 brn|[from] brn\n|upkeep\n|\n|t:|1781394611\n|switch|p1a: Palafin|Palafin-Hero, L77, F|281/281\n|-activate|p1a: Palafin|ability: Zero to Hero\n|turn|18\n|\n|t:|1781394616\n|move|p1a: Palafin|Jet Punch|p2a: Drednaw\n|-damage|p2a: Drednaw|0 fnt\n|faint|p2a: Drednaw\n|\n|upkeep\n|\n|t:|1781394619\n|switch|p2a: Gyarados|Gyarados, L79, M|280/280\n|-ability|p2a: Gyarados|Intimidate|boost\n|-unboost|p1a: Palafin|atk|1\n|turn|19\n|\n|t:|1781394627\n|switch|p1a: Mewtwo|Mewtwo, L72|272/272\n|-ability|p1a: Mewtwo|Unnerve\n|move|p2a: Gyarados|Dragon Dance|p2a: Gyarados\n|-boost|p2a: Gyarados|atk|1\n|-boost|p2a: Gyarados|spe|1\n|\n|upkeep\n|turn|20\n|\n|t:|1781394630\n|move|p2a: Gyarados|Waterfall|p1a: Mewtwo\n|-damage|p1a: Mewtwo|115/272\n|cant|p1a: Mewtwo|flinch\n|\n|upkeep\n|turn|21\n|\n|t:|1781394635\n|move|p2a: Gyarados|Waterfall|p1a: Mewtwo\n|-damage|p1a: Mewtwo|0 fnt\n|faint|p1a: Mewtwo\n|\n|upkeep\n|\n|t:|1781394637\n|switch|p1a: Staraptor|Staraptor, L79, M|263/263\n|turn|22\n|\n|t:|1781394639\n|move|p2a: Gyarados|Waterfall|p1a: Staraptor\n|-crit|p1a: Staraptor\n|-damage|p1a: Staraptor|0 fnt\n|faint|p1a: Staraptor\n|\n|upkeep\n|\n|t:|1781394642\n|switch|p1a: Palafin|Palafin-Hero, L77, F|281/281\n|turn|23\n|\n|t:|1781394646\n|move|p2a: Gyarados|Earthquake|p1a: Palafin\n|-damage|p1a: Palafin|159/281\n|move|p1a: Palafin|Wave Crash|p2a: Gyarados\n|-resisted|p2a: Gyarados\n|-damage|p2a: Gyarados|151/280\n|-damage|p1a: Palafin|116/281|[from] Recoil\n|\n|upkeep\n|turn|24\n|\n|t:|1781394649\n|move|p2a: Gyarados|Earthquake|p1a: Palafin\n|-damage|p1a: Palafin|10/281\n|move|p1a: Palafin|Wave Crash|p2a: Gyarados\n|-resisted|p2a: Gyarados\n|-damage|p2a: Gyarados|16/280\n|-damage|p1a: Palafin|0 fnt|[from] Recoil\n|faint|p1a: Palafin\n|\n|win|Illuminating_Fate\n", "uploadtime": 1781394437, "views": 6, "formatid": "gen9randombattle", "rating": null, "private": 0, "password": null}