{"id": "gen9randombattle-2631397215", "format": "[Gen 9] Random Battle", "players": ["Hadhellitshard", "The impimp"], "log": "|j|\u2606Hadhellitshard\n|j|\u2606The impimp\n|t:|1781379764\n|gametype|singles\n|player|p1|Hadhellitshard|102|1096\n|player|p2|The impimp|2|1076\n|gen|9\n|tier|[Gen 9] Random Battle\n|rated|\n|rule|Species Clause: Limit one of each Pok\u00e9mon\n|rule|HP Percentage Mod: HP is shown in percentages\n|rule|Sleep Clause Mod: Limit one foe put to sleep\n|rule|Illusion Level Mod: Illusion disguises the Pok\u00e9mon's true level\n|\n|t:|1781379764\n|teamsize|p1|6\n|teamsize|p2|6\n|start\n|switch|p1a: Crawdaunt|Crawdaunt, L84, F|243/243\n|switch|p2a: Haxorus|Haxorus, L77, M|244/244\n|-ability|p2a: Haxorus|Mold Breaker\n|turn|1\n|\n|t:|1781379774\n|switch|p2a: Lokix|Lokix, L82, F|251/251\n|move|p1a: Crawdaunt|Knock Off|p2a: Lokix\n|-resisted|p2a: Lokix\n|-damage|p2a: Lokix|107/251\n|-enditem|p2a: Lokix|Life Orb|[from] move: Knock Off|[of] p1a: Crawdaunt\n|\n|upkeep\n|turn|2\n|\n|t:|1781379787\n|switch|p1a: Arcanine|Arcanine-Hisui, L79, F|279/279\n|move|p2a: Lokix|First Impression|p1a: Arcanine\n|-resisted|p1a: Arcanine\n|-damage|p1a: Arcanine|179/279\n|\n|upkeep\n|turn|3\n|\n|t:|1781379801\n|switch|p2a: Coalossal|Coalossal, L89, M|341/341\n|move|p1a: Arcanine|Head Smash|p2a: Coalossal\n|-supereffective|p2a: Coalossal\n|-damage|p2a: Coalossal|0 fnt\n|faint|p2a: Coalossal\n|\n|upkeep\n|\n|t:|1781379810\n|switch|p2a: Regigigas|Regigigas, L84|322/322\n|-start|p2a: Regigigas|ability: Slow Start\n|turn|4\n|\n|t:|1781379833\n|switch|p1a: Frosmoth|Frosmoth, L82, F|249/249\n|move|p2a: Regigigas|Knock Off|p1a: Frosmoth\n|-damage|p1a: Frosmoth|182/249\n|-enditem|p1a: Frosmoth|Heavy-Duty Boots|[from] move: Knock Off|[of] p2a: Regigigas\n|\n|upkeep\n|turn|5\n|\n|t:|1781379842\n|switch|p2a: Umbreon|Umbreon, L84, M|297/297\n|move|p1a: Frosmoth|Quiver Dance|p1a: Frosmoth\n|-boost|p1a: Frosmoth|spa|1\n|-boost|p1a: Frosmoth|spd|1\n|-boost|p1a: Frosmoth|spe|1\n|\n|upkeep\n|turn|6\n|\n|t:|1781379851\n|move|p1a: Frosmoth|Giga Drain|p2a: Umbreon\n|-damage|p2a: Umbreon|230/297\n|-heal|p1a: Frosmoth|216/249|[from] drain|[of] p2a: Umbreon\n|move|p2a: Umbreon|Toxic|p1a: Frosmoth\n|-status|p1a: Frosmoth|tox\n|\n|-heal|p2a: Umbreon|248/297|[from] item: Leftovers\n|-damage|p1a: Frosmoth|201/249 tox|[from] psn\n|upkeep\n|turn|7\n|\n|t:|1781379862\n|move|p2a: Umbreon|Protect|p2a: Umbreon\n|-singleturn|p2a: Umbreon|Protect\n|move|p1a: Frosmoth|Quiver Dance|p1a: Frosmoth\n|-boost|p1a: Frosmoth|spa|1\n|-boost|p1a: Frosmoth|spd|1\n|-boost|p1a: Frosmoth|spe|1\n|\n|-heal|p2a: Umbreon|266/297|[from] item: Leftovers\n|-damage|p1a: Frosmoth|171/249 tox|[from] psn\n|upkeep\n|turn|8\n|\n|t:|1781379872\n|switch|p2a: Regigigas|Regigigas, L84|322/322\n|-start|p2a: Regigigas|ability: Slow Start\n|move|p1a: Frosmoth|Giga Drain|p2a: Regigigas\n|-damage|p2a: Regigigas|217/322\n|-heal|p1a: Frosmoth|224/249 tox|[from] drain|[of] p2a: Regigigas\n|\n|-heal|p2a: Regigigas|237/322|[from] item: Leftovers\n|-damage|p1a: Frosmoth|179/249 tox|[from] psn\n|upkeep\n|turn|9\n|\n|t:|1781379885\n|move|p1a: Frosmoth|Quiver Dance|p1a: Frosmoth\n|-boost|p1a: Frosmoth|spa|1\n|-boost|p1a: Frosmoth|spd|1\n|-boost|p1a: Frosmoth|spe|1\n|move|p2a: Regigigas|Body Slam|p1a: Frosmoth\n|-damage|p1a: Frosmoth|89/249 tox\n|\n|-heal|p2a: Regigigas|257/322|[from] item: Leftovers\n|-damage|p1a: Frosmoth|29/249 tox|[from] psn\n|upkeep\n|turn|10\n|\n|t:|1781379902\n|move|p1a: Frosmoth|Ice Beam|p2a: Regigigas\n|-damage|p2a: Regigigas|17/322\n|move|p2a: Regigigas|Rest|p2a: Regigigas\n|-status|p2a: Regigigas|slp|[from] move: Rest\n|-heal|p2a: Regigigas|322/322 slp|[silent]\n|\n|-damage|p1a: Frosmoth|0 fnt|[from] psn\n|faint|p1a: Frosmoth\n|upkeep\n|\n|t:|1781379922\n|switch|p1a: Arcanine|Arcanine-Hisui, L79, F|179/279\n|turn|11\n|\n|t:|1781379927\n|move|p1a: Arcanine|Head Smash|p2a: Regigigas\n|-damage|p2a: Regigigas|135/322 slp\n|cant|p2a: Regigigas|slp\n|move|p2a: Regigigas|Sleep Talk|p2a: Regigigas\n|move|p2a: Regigigas|Knock Off|p1a: Arcanine|[from] move: Sleep Talk\n|-damage|p1a: Arcanine|124/279\n|-enditem|p1a: Arcanine|Choice Band|[from] move: Knock Off|[of] p2a: Regigigas\n|\n|-heal|p2a: Regigigas|155/322 slp|[from] item: Leftovers\n|upkeep\n|turn|12\n|\n|t:|1781379941\n|move|p1a: Arcanine|Flare Blitz|p2a: Regigigas\n|-damage|p2a: Regigigas|52/322 slp\n|cant|p2a: Regigigas|slp\n|move|p2a: Regigigas|Sleep Talk|p2a: Regigigas\n|move|p2a: Regigigas|Body Slam|p1a: Arcanine|[from] move: Sleep Talk\n|-resisted|p1a: Arcanine\n|-damage|p1a: Arcanine|89/279\n|-status|p1a: Arcanine|par\n|\n|-heal|p2a: Regigigas|72/322 slp|[from] item: Leftovers\n|upkeep\n|turn|13\n|\n|t:|1781379954\n|-curestatus|p2a: Regigigas|slp|[msg]\n|move|p2a: Regigigas|Rest|p2a: Regigigas\n|-status|p2a: Regigigas|slp|[from] move: Rest\n|-heal|p2a: Regigigas|322/322 slp|[silent]\n|cant|p1a: Arcanine|par\n|\n|-end|p2a: Regigigas|Slow Start\n|upkeep\n|turn|14\n|\n|t:|1781379971\n|switch|p1a: Crawdaunt|Crawdaunt, L84, F|243/243\n|cant|p2a: Regigigas|slp\n|move|p2a: Regigigas|Sleep Talk|p2a: Regigigas\n|move|p2a: Regigigas|Knock Off|p1a: Crawdaunt|[from] move: Sleep Talk\n|-resisted|p1a: Crawdaunt\n|-damage|p1a: Crawdaunt|191/243\n|-enditem|p1a: Crawdaunt|Choice Band|[from] move: Knock Off|[of] p2a: Regigigas\n|\n|upkeep\n|turn|15\n|\n|t:|1781379983\n|-terastallize|p1a: Crawdaunt|Fighting\n|cant|p2a: Regigigas|slp\n|move|p2a: Regigigas|Sleep Talk|p2a: Regigigas\n|move|p2a: Regigigas|Rest||[from] move: Sleep Talk|[still]\n|-fail|p2a: Regigigas\n|move|p1a: Crawdaunt|Close Combat|p2a: Regigigas\n|-supereffective|p2a: Regigigas\n|-damage|p2a: Regigigas|2/322 slp\n|-unboost|p1a: Crawdaunt|def|1\n|-unboost|p1a: Crawdaunt|spd|1\n|\n|-heal|p2a: Regigigas|22/322 slp|[from] item: Leftovers\n|upkeep\n|turn|16\n|\n|t:|1781379999\n|move|p1a: Crawdaunt|Aqua Jet|p2a: Regigigas\n|-damage|p2a: Regigigas|0 fnt\n|faint|p2a: Regigigas\n|-end|p2a: Regigigas|Slow Start|[silent]\n|\n|upkeep\n|\n|t:|1781380003\n|switch|p2a: Lokix|Lokix, L82, F|107/251\n|turn|17\n|\n|t:|1781380009\n|switch|p1a: Arcanine|Arcanine-Hisui, L79, F|89/279 par\n|move|p2a: Lokix|First Impression|p1a: Arcanine\n|-resisted|p1a: Arcanine\n|-damage|p1a: Arcanine|0 fnt\n|faint|p1a: Arcanine\n|\n|upkeep\n|\n|t:|1781380021\n|switch|p1a: Crawdaunt|Crawdaunt, L84, F, tera:Fighting|191/243\n|turn|18\n|\n|t:|1781380028\n|switch|p2a: Vikavolt|Vikavolt, L83, M|263/263\n|move|p1a: Crawdaunt|Aqua Jet|p2a: Vikavolt\n|-damage|p2a: Vikavolt|211/263\n|\n|upkeep\n|turn|19\n|\n|t:|1781380035\n|move|p1a: Crawdaunt|Knock Off|p2a: Vikavolt\n|-damage|p2a: Vikavolt|91/263\n|-enditem|p2a: Vikavolt|Heavy-Duty Boots|[from] move: Knock Off|[of] p1a: Crawdaunt\n|move|p2a: Vikavolt|Sticky Web|p1a: Crawdaunt\n|-sidestart|p1: Hadhellitshard|move: Sticky Web\n|\n|upkeep\n|turn|20\n|\n|t:|1781380043\n|move|p1a: Crawdaunt|Crabhammer|p2a: Vikavolt|[miss]\n|-miss|p1a: Crawdaunt|p2a: Vikavolt\n|move|p2a: Vikavolt|Thunderbolt|p1a: Crawdaunt\n|-damage|p1a: Crawdaunt|13/243\n|\n|upkeep\n|turn|21\n|\n|t:|1781380050\n|move|p1a: Crawdaunt|Crabhammer|p2a: Vikavolt\n|-damage|p2a: Vikavolt|0 fnt\n|faint|p2a: Vikavolt\n|\n|upkeep\n|\n|t:|1781380052\n|switch|p2a: Lokix|Lokix, L82, F|107/251\n|turn|22\n|\n|t:|1781380061\n|move|p2a: Lokix|First Impression|p1a: Crawdaunt\n|-resisted|p1a: Crawdaunt\n|-damage|p1a: Crawdaunt|0 fnt\n|faint|p1a: Crawdaunt\n|\n|upkeep\n|\n|t:|1781380076\n|switch|p1a: Ampharos|Ampharos, L88, M|302/302\n|-activate|p1a: Ampharos|move: Sticky Web\n|-unboost|p1a: Ampharos|spe|1\n|turn|23\n|\n|t:|1781380089\n|move|p2a: Lokix|Leech Life|p1a: Ampharos\n|-damage|p1a: Ampharos|224/302\n|-heal|p2a: Lokix|146/251|[from] drain|[of] p1a: Ampharos\n|move|p1a: Ampharos|Dazzling Gleam|p2a: Lokix\n|-supereffective|p2a: Lokix\n|-damage|p2a: Lokix|0 fnt\n|faint|p2a: Lokix\n|\n|upkeep\n|\n|t:|1781380097\n|switch|p2a: Umbreon|Umbreon, L84, M|266/297\n|turn|24\n|\n|t:|1781380101\n|move|p2a: Umbreon|Toxic|p1a: Ampharos\n|-status|p1a: Ampharos|tox\n|move|p1a: Ampharos|Dazzling Gleam|p2a: Umbreon\n|-supereffective|p2a: Umbreon\n|-damage|p2a: Umbreon|98/297\n|\n|-heal|p2a: Umbreon|116/297|[from] item: Leftovers\n|-damage|p1a: Ampharos|206/302 tox|[from] psn\n|upkeep\n|turn|25\n|\n|t:|1781380113\n|move|p2a: Umbreon|Protect|p2a: Umbreon\n|-singleturn|p2a: Umbreon|Protect\n|move|p1a: Ampharos|Dazzling Gleam|p2a: Umbreon\n|-activate|p2a: Umbreon|move: Protect\n|\n|-heal|p2a: Umbreon|134/297|[from] item: Leftovers\n|-damage|p1a: Ampharos|170/302 tox|[from] psn\n|upkeep\n|turn|26\n|\n|t:|1781380122\n|move|p2a: Umbreon|Protect||[still]\n|-fail|p2a: Umbreon\n|move|p1a: Ampharos|Dazzling Gleam|p2a: Umbreon\n|-supereffective|p2a: Umbreon\n|-damage|p2a: Umbreon|0 fnt\n|faint|p2a: Umbreon\n|\n|-damage|p1a: Ampharos|116/302 tox|[from] psn\n|upkeep\n|\n|t:|1781380126\n|switch|p2a: Haxorus|Haxorus, L77, M|244/244\n|-ability|p2a: Haxorus|Mold Breaker\n|turn|27\n|\n|t:|1781380135\n|-terastallize|p2a: Haxorus|Steel\n|move|p2a: Haxorus|Dragon Dance|p2a: Haxorus\n|-boost|p2a: Haxorus|atk|1\n|-boost|p2a: Haxorus|spe|1\n|move|p1a: Ampharos|Dazzling Gleam|p2a: Haxorus\n|-resisted|p2a: Haxorus\n|-damage|p2a: Haxorus|181/244\n|\n|-damage|p1a: Ampharos|44/302 tox|[from] psn\n|upkeep\n|turn|28\n|\n|t:|1781380146\n|switch|p1a: Floatzel|Floatzel, L86, M|286/286\n|-activate|p1a: Floatzel|move: Sticky Web\n|-unboost|p1a: Floatzel|spe|1\n|move|p2a: Haxorus|Dragon Dance|p2a: Haxorus\n|-boost|p2a: Haxorus|atk|1\n|-boost|p2a: Haxorus|spe|1\n|\n|upkeep\n|turn|29\n|\n|t:|1781380155\n|move|p2a: Haxorus|Dragon Dance|p2a: Haxorus\n|-boost|p2a: Haxorus|atk|1\n|-boost|p2a: Haxorus|spe|1\n|move|p1a: Floatzel|Ice Spinner|p2a: Haxorus\n|-resisted|p2a: Haxorus\n|-damage|p2a: Haxorus|129/244\n|\n|upkeep\n|turn|30\n|\n|t:|1781380163\n|switch|p1a: Ampharos|Ampharos, L88, M|44/302 tox\n|-activate|p1a: Ampharos|move: Sticky Web\n|-unboost|p1a: Ampharos|spe|1\n|move|p2a: Haxorus|Dragon Dance|p2a: Haxorus\n|-boost|p2a: Haxorus|atk|1\n|-boost|p2a: Haxorus|spe|1\n|\n|-damage|p1a: Ampharos|26/302 tox|[from] psn\n|upkeep\n|turn|31\n|\n|t:|1781380175\n|move|p2a: Haxorus|Iron Head|p1a: Ampharos\n|-resisted|p1a: Ampharos\n|-damage|p1a: Ampharos|0 fnt\n|-status|p2a: Haxorus|par|[from] ability: Static|[of] p1a: Ampharos\n|-enditem|p2a: Haxorus|Lum Berry|[eat]\n|-curestatus|p2a: Haxorus|par|[msg]\n|faint|p1a: Ampharos\n|\n|upkeep\n|\n|t:|1781380188\n|switch|p1a: Arceus|Arceus-Rock, L74|300/300\n|-activate|p1a: Arceus|move: Sticky Web\n|-unboost|p1a: Arceus|spe|1\n|turn|32\n|\n|t:|1781380196\n|move|p2a: Haxorus|Dragon Dance|p2a: Haxorus\n|-boost|p2a: Haxorus|atk|1\n|-boost|p2a: Haxorus|spe|1\n|move|p1a: Arceus|Earth Power|p2a: Haxorus\n|-supereffective|p2a: Haxorus\n|-damage|p2a: Haxorus|0 fnt\n|faint|p2a: Haxorus\n|\n|win|Hadhellitshard\n|raw|Hadhellitshard's rating: 1096 &rarr; <strong>1120</strong><br />(+24 for winning)\n|raw|The impimp's rating: 1076 &rarr; <strong>1056</strong><br />(-20 for losing)\n", "uploadtime": 1781380199, "views": 7, "formatid": "gen9randombattle", "rating": 1056, "private": 0, "password": null}