{"id": "gen9randombattle-2631365384", "format": "[Gen 9] Random Battle", "players": ["rgrgreger", "Ismusicalschool"], "log": "|j|\u2606rgrgreger\n|j|\u2606Ismusicalschool\n|t:|1781376109\n|gametype|singles\n|player|p1|rgrgreger|zinzolin|1895\n|player|p2|Ismusicalschool|caitlin|1946\n|gen|9\n|tier|[Gen 9] Random Battle\n|rated|\n|rule|Species Clause: Limit one of each Pok\u00e9mon\n|rule|HP Percentage Mod: HP is shown in percentages\n|rule|Sleep Clause Mod: Limit one foe put to sleep\n|rule|Illusion Level Mod: Illusion disguises the Pok\u00e9mon's true level\n|\n|t:|1781376110\n|teamsize|p1|6\n|teamsize|p2|6\n|start\n|switch|p1a: Electrode|Electrode-Hisui, L87|246/246\n|switch|p2a: Iron Treads|Iron Treads, L77|265/265\n|turn|1\n|inactive|Battle timer is ON: inactive players will automatically lose when time's up. (requested by rgrgreger)\n|\n|t:|1781376120\n|move|p1a: Electrode|Taunt|p2a: Iron Treads\n|-start|p2a: Iron Treads|move: Taunt\n|cant|p2a: Iron Treads|move: Taunt|Stealth Rock\n|\n|upkeep\n|turn|2\n|\n|t:|1781376125\n|move|p1a: Electrode|Leaf Storm|p2a: Iron Treads\n|-damage|p2a: Iron Treads|58/265\n|-unboost|p1a: Electrode|spa|2\n|-damage|p1a: Electrode|222/246|[from] item: Life Orb\n|move|p2a: Iron Treads|Earthquake|p1a: Electrode\n|-damage|p1a: Electrode|107/246\n|\n|-heal|p2a: Iron Treads|74/265|[from] item: Leftovers\n|upkeep\n|turn|3\n|\n|t:|1781376138\n|-end|p2a: Iron Treads|Quark Drive|[silent]\n|switch|p2a: Houndoom|Houndoom, L87, F|272/272\n|move|p1a: Electrode|Leaf Storm|p2a: Houndoom\n|-resisted|p2a: Houndoom\n|-damage|p2a: Houndoom|232/272\n|-unboost|p1a: Electrode|spa|2\n|-damage|p1a: Electrode|83/246|[from] item: Life Orb\n|\n|upkeep\n|turn|4\n|\n|t:|1781376146\n|switch|p1a: Flareon|Flareon, L90, M|263/263\n|move|p2a: Houndoom|Sucker Punch||[still]\n|-fail|p2a: Houndoom\n|\n|-status|p1a: Flareon|tox|[from] item: Toxic Orb\n|upkeep\n|turn|5\n|\n|t:|1781376152\n|move|p2a: Houndoom|Dark Pulse|p1a: Flareon\n|-damage|p1a: Flareon|179/263 tox\n|move|p1a: Flareon|Trailblaze|p2a: Houndoom\n|-resisted|p2a: Houndoom\n|-damage|p2a: Houndoom|173/272\n|-boost|p1a: Flareon|spe|1\n|\n|-damage|p1a: Flareon|163/263 tox|[from] psn\n|upkeep\n|turn|6\n|\n|t:|1781376163\n|switch|p2a: Iron Treads|Iron Treads, L77|74/265\n|move|p1a: Flareon|Facade|p2a: Iron Treads\n|-resisted|p2a: Iron Treads\n|-damage|p2a: Iron Treads|0 fnt\n|faint|p2a: Iron Treads\n|-end|p2a: Iron Treads|Quark Drive|[silent]\n|\n|-damage|p1a: Flareon|131/263 tox|[from] psn\n|upkeep\n|\n|t:|1781376174\n|switch|p2a: Luvdisc|Luvdisc, M|247/247\n|turn|7\n|\n|t:|1781376182\n|move|p1a: Flareon|Facade|p2a: Luvdisc\n|-damage|p2a: Luvdisc|0 fnt\n|faint|p2a: Luvdisc\n|\n|-damage|p1a: Flareon|83/263 tox|[from] psn\n|upkeep\n|\n|t:|1781376191\n|switch|p2a: Slowking|Slowking, L88, F|310/310\n|turn|8\n|\n|t:|1781376199\n|move|p1a: Flareon|Facade|p2a: Slowking\n|-damage|p2a: Slowking|98/310\n|move|p2a: Slowking|Scald|p1a: Flareon\n|-supereffective|p1a: Flareon\n|-damage|p1a: Flareon|0 fnt\n|faint|p1a: Flareon\n|\n|upkeep\n|\n|t:|1781376203\n|switch|p1a: Electrode|Electrode-Hisui, L87|83/246\n|turn|9\n|\n|t:|1781376210\n|-terastallize|p2a: Slowking|Dragon\n|move|p1a: Electrode|Thunderbolt|p2a: Slowking\n|-resisted|p2a: Slowking\n|-damage|p2a: Slowking|54/310\n|-damage|p1a: Electrode|59/246|[from] item: Life Orb\n|-prepare|p2a: Slowking|Chilly Reception|[premajor]\n|move|p2a: Slowking|Chilly Reception|p2a: Slowking\n|-weather|Snowscape\n|\n|t:|1781376219\n|switch|p2a: Houndoom|Houndoom, L87, F|173/272|[from] Chilly Reception\n|\n|-weather|Snowscape|[upkeep]\n|upkeep\n|turn|10\n|\n|t:|1781376224\n|move|p1a: Electrode|Thunder Wave|p2a: Houndoom\n|-status|p2a: Houndoom|par\n|move|p2a: Houndoom|Fire Blast|p1a: Electrode\n|-supereffective|p1a: Electrode\n|-damage|p1a: Electrode|0 fnt\n|faint|p1a: Electrode\n|\n|-weather|Snowscape|[upkeep]\n|upkeep\n|\n|t:|1781376230\n|switch|p1a: Donphan|Donphan, L84, M|288/288\n|turn|11\n|\n|t:|1781376236\n|switch|p2a: Hippowdon|Hippowdon, L82, M|311/311\n|-weather|Sandstorm|[from] ability: Sand Stream|[of] p2a: Hippowdon\n|move|p1a: Donphan|Earthquake|p2a: Hippowdon\n|-damage|p2a: Hippowdon|208/311\n|\n|-weather|Sandstorm|[upkeep]\n|upkeep\n|turn|12\n|\n|t:|1781376244\n|move|p1a: Donphan|Knock Off|p2a: Hippowdon\n|-damage|p2a: Hippowdon|139/311\n|-damage|p1a: Donphan|240/288|[from] item: Rocky Helmet|[of] p2a: Hippowdon\n|-enditem|p2a: Hippowdon|Rocky Helmet|[from] move: Knock Off|[of] p1a: Donphan\n|move|p2a: Hippowdon|Slack Off|p2a: Hippowdon\n|-heal|p2a: Hippowdon|295/311\n|\n|-weather|Sandstorm|[upkeep]\n|upkeep\n|turn|13\n|\n|t:|1781376253\n|move|p1a: Donphan|Ice Spinner|p2a: Hippowdon\n|-supereffective|p2a: Hippowdon\n|-damage|p2a: Hippowdon|175/311\n|move|p2a: Hippowdon|Earthquake|p1a: Donphan\n|-damage|p1a: Donphan|144/288\n|\n|-weather|Sandstorm|[upkeep]\n|upkeep\n|turn|14\n|\n|t:|1781376260\n|switch|p1a: Sudowoodo|Sudowoodo, L94, F|284/284\n|move|p2a: Hippowdon|Slack Off|p2a: Hippowdon\n|-heal|p2a: Hippowdon|311/311\n|\n|-weather|Sandstorm|[upkeep]\n|upkeep\n|turn|15\n|\n|t:|1781376269\n|move|p2a: Hippowdon|Earthquake|p1a: Sudowoodo\n|-supereffective|p1a: Sudowoodo\n|-damage|p1a: Sudowoodo|110/284\n|move|p1a: Sudowoodo|Stealth Rock|p2a: Hippowdon\n|-sidestart|p2: Ismusicalschool|move: Stealth Rock\n|\n|-weather|none\n|-heal|p1a: Sudowoodo|127/284|[from] item: Leftovers\n|upkeep\n|turn|16\n|\n|t:|1781376276\n|move|p2a: Hippowdon|Earthquake|p1a: Sudowoodo\n|-supereffective|p1a: Sudowoodo\n|-damage|p1a: Sudowoodo|0 fnt\n|faint|p1a: Sudowoodo\n|\n|upkeep\n|\n|t:|1781376277\n|switch|p1a: Primarina|Primarina, L83, F|268/268\n|turn|17\n|\n|t:|1781376289\n|move|p1a: Primarina|Calm Mind|p1a: Primarina\n|-boost|p1a: Primarina|spa|1\n|-boost|p1a: Primarina|spd|1\n|move|p2a: Hippowdon|Earthquake|p1a: Primarina\n|-damage|p1a: Primarina|136/268\n|\n|-heal|p1a: Primarina|152/268|[from] item: Leftovers\n|upkeep\n|turn|18\n|\n|t:|1781376300\n|move|p1a: Primarina|Psychic Noise|p2a: Hippowdon\n|-supereffective|p2a: Hippowdon\n|-damage|p2a: Hippowdon|0 fnt\n|faint|p2a: Hippowdon\n|\n|-heal|p1a: Primarina|168/268|[from] item: Leftovers\n|upkeep\n|\n|t:|1781376310\n|switch|p2a: Lugia|Lugia, L73|275/275\n|turn|19\n|\n|t:|1781376318\n|-terastallize|p1a: Primarina|Poison\n|move|p2a: Lugia|Calm Mind|p2a: Lugia\n|-boost|p2a: Lugia|spa|1\n|-boost|p2a: Lugia|spd|1\n|move|p1a: Primarina|Calm Mind|p1a: Primarina\n|-boost|p1a: Primarina|spa|1\n|-boost|p1a: Primarina|spd|1\n|\n|-heal|p1a: Primarina|184/268|[from] item: Leftovers\n|upkeep\n|turn|20\n|\n|t:|1781376326\n|move|p2a: Lugia|Calm Mind|p2a: Lugia\n|-boost|p2a: Lugia|spa|1\n|-boost|p2a: Lugia|spd|1\n|move|p1a: Primarina|Psychic Noise|p2a: Lugia\n|-damage|p2a: Lugia|238/275\n|-start|p2a: Lugia|move: Heal Block\n|\n|-heal|p1a: Primarina|200/268|[from] item: Leftovers\n|upkeep\n|turn|21\n|\n|t:|1781376334\n|move|p2a: Lugia|Calm Mind|p2a: Lugia\n|-boost|p2a: Lugia|spa|1\n|-boost|p2a: Lugia|spd|1\n|move|p1a: Primarina|Psychic Noise|p2a: Lugia\n|-damage|p2a: Lugia|183/275\n|\n|-heal|p1a: Primarina|216/268|[from] item: Leftovers\n|-end|p2a: Lugia|move: Heal Block\n|upkeep\n|turn|22\n|\n|t:|1781376343\n|move|p2a: Lugia|Calm Mind|p2a: Lugia\n|-boost|p2a: Lugia|spa|1\n|-boost|p2a: Lugia|spd|1\n|move|p1a: Primarina|Psychic Noise|p2a: Lugia\n|-damage|p2a: Lugia|138/275\n|-start|p2a: Lugia|move: Heal Block\n|\n|-heal|p1a: Primarina|232/268|[from] item: Leftovers\n|upkeep\n|turn|23\n|\n|t:|1781376347\n|move|p2a: Lugia|Calm Mind|p2a: Lugia\n|-boost|p2a: Lugia|spa|1\n|-boost|p2a: Lugia|spd|1\n|move|p1a: Primarina|Calm Mind|p1a: Primarina\n|-boost|p1a: Primarina|spa|1\n|-boost|p1a: Primarina|spd|1\n|\n|-heal|p1a: Primarina|248/268|[from] item: Leftovers\n|-end|p2a: Lugia|move: Heal Block\n|upkeep\n|turn|24\n|\n|t:|1781376369\n|move|p2a: Lugia|Recover|p2a: Lugia\n|-heal|p2a: Lugia|275/275\n|move|p1a: Primarina|Calm Mind|p1a: Primarina\n|-boost|p1a: Primarina|spa|1\n|-boost|p1a: Primarina|spd|1\n|\n|-heal|p1a: Primarina|264/268|[from] item: Leftovers\n|upkeep\n|turn|25\n|\n|t:|1781376376\n|move|p2a: Lugia|Calm Mind|p2a: Lugia\n|-boost|p2a: Lugia|spa|1\n|-boost|p2a: Lugia|spd|1\n|move|p1a: Primarina|Calm Mind|p1a: Primarina\n|-boost|p1a: Primarina|spa|1\n|-boost|p1a: Primarina|spd|1\n|\n|-heal|p1a: Primarina|268/268|[from] item: Leftovers\n|upkeep\n|turn|26\n|\n|t:|1781376381\n|move|p2a: Lugia|Aeroblast|p1a: Primarina\n|-damage|p1a: Primarina|192/268\n|move|p1a: Primarina|Calm Mind|p1a: Primarina\n|-boost|p1a: Primarina|spa|1\n|-boost|p1a: Primarina|spd|1\n|\n|-heal|p1a: Primarina|208/268|[from] item: Leftovers\n|upkeep\n|turn|27\n|\n|t:|1781376386\n|move|p2a: Lugia|Aeroblast|p1a: Primarina\n|-damage|p1a: Primarina|150/268\n|move|p1a: Primarina|Moonblast|p2a: Lugia\n|-damage|p2a: Lugia|232/275\n|-unboost|p2a: Lugia|spa|1\n|\n|-heal|p1a: Primarina|166/268|[from] item: Leftovers\n|upkeep\n|turn|28\n|\n|t:|1781376394\n|move|p2a: Lugia|Aeroblast|p1a: Primarina\n|-damage|p1a: Primarina|111/268\n|move|p1a: Primarina|Moonblast|p2a: Lugia\n|-damage|p2a: Lugia|138/275\n|\n|-heal|p1a: Primarina|127/268|[from] item: Leftovers\n|upkeep\n|turn|29\n|\n|t:|1781376401\n|move|p2a: Lugia|Recover|p2a: Lugia\n|-heal|p2a: Lugia|275/275\n|move|p1a: Primarina|Draining Kiss|p2a: Lugia\n|-damage|p2a: Lugia|251/275\n|-heal|p1a: Primarina|145/268|[from] drain|[of] p2a: Lugia\n|\n|-heal|p1a: Primarina|161/268|[from] item: Leftovers\n|upkeep\n|turn|30\n|\n|t:|1781376407\n|move|p2a: Lugia|Earth Power|p1a: Primarina\n|-supereffective|p1a: Primarina\n|-damage|p1a: Primarina|99/268\n|move|p1a: Primarina|Draining Kiss|p2a: Lugia\n|-damage|p2a: Lugia|200/275\n|-heal|p1a: Primarina|137/268|[from] drain|[of] p2a: Lugia\n|\n|-heal|p1a: Primarina|153/268|[from] item: Leftovers\n|upkeep\n|turn|31\n|\n|t:|1781376430\n|move|p2a: Lugia|Recover|p2a: Lugia\n|-heal|p2a: Lugia|275/275\n|move|p1a: Primarina|Draining Kiss|p2a: Lugia\n|-damage|p2a: Lugia|250/275\n|-heal|p1a: Primarina|172/268|[from] drain|[of] p2a: Lugia\n|\n|-heal|p1a: Primarina|188/268|[from] item: Leftovers\n|upkeep\n|turn|32\n|\n|t:|1781376433\n|move|p2a: Lugia|Aeroblast|p1a: Primarina\n|-damage|p1a: Primarina|134/268\n|move|p1a: Primarina|Draining Kiss|p2a: Lugia\n|-crit|p2a: Lugia\n|-damage|p2a: Lugia|0 fnt\n|-heal|p1a: Primarina|268/268|[from] drain|[of] p2a: Lugia\n|faint|p2a: Lugia\n|\n|upkeep\n|c|\u2606Ismusicalschool|ooch\n|c|\u2606Ismusicalschool|gg\n|-message|Ismusicalschool forfeited.\n|\n|win|rgrgreger\n|raw|rgrgreger's rating: 1895 &rarr; <strong>1918</strong><br />(+23 for winning)\n|raw|Ismusicalschool's rating: 1946 &rarr; <strong>1923</strong><br />(-23 for losing)\n", "uploadtime": 1781376449, "views": 5, "formatid": "gen9randombattle", "rating": 1918, "private": 0, "password": null}