{"id": "gen9randombattle-2631870028", "format": "[Gen 9] Random Battle", "players": ["velvet", "SaberTB"], "log": "|j|\u2606velvet\n|j|\u2606SaberTB\n|t:|1781450247\n|gametype|singles\n|player|p1|velvet|#agwliiikyogres|2165\n|player|p2|SaberTB|102|2087\n|gen|9\n|tier|[Gen 9] Random Battle\n|rated|\n|rule|Species Clause: Limit one of each Pok\u00e9mon\n|rule|HP Percentage Mod: HP is shown in percentages\n|rule|Sleep Clause Mod: Limit one foe put to sleep\n|rule|Illusion Level Mod: Illusion disguises the Pok\u00e9mon's true level\n|\n|t:|1781450247\n|teamsize|p1|6\n|teamsize|p2|6\n|start\n|switch|p1a: Lucario|Lucario, L84, F|255/255\n|switch|p2a: Conkeldurr|Conkeldurr, L80, M|299/299\n|turn|1\n|\n|t:|1781450297\n|switch|p1a: Wigglytuff|Wigglytuff, L96, M|424/424\n|move|p2a: Conkeldurr|Close Combat|p1a: Wigglytuff\n|-damage|p1a: Wigglytuff|223/424\n|-unboost|p2a: Conkeldurr|def|1\n|-unboost|p2a: Conkeldurr|spd|1\n|\n|-heal|p1a: Wigglytuff|249/424|[from] item: Leftovers\n|-status|p2a: Conkeldurr|brn|[from] item: Flame Orb\n|upkeep\n|turn|2\n|\n|t:|1781450330\n|switch|p2a: Lanturn|Lanturn, L89, F|367/367\n|move|p1a: Wigglytuff|Wish|p1a: Wigglytuff\n|\n|-heal|p1a: Wigglytuff|275/424|[from] item: Leftovers\n|upkeep\n|turn|3\n|\n|t:|1781450336\n|move|p1a: Wigglytuff|Protect|p1a: Wigglytuff\n|-singleturn|p1a: Wigglytuff|Protect\n|move|p2a: Lanturn|Thunder Wave|p1a: Wigglytuff\n|-activate|p1a: Wigglytuff|move: Protect\n|\n|-heal|p1a: Wigglytuff|424/424|[from] move: Wish|[wisher] Wigglytuff\n|upkeep\n|turn|4\n|\n|t:|1781450341\n|switch|p1a: Lanturn|Lanturn, L89, F|367/367\n|move|p2a: Lanturn|Thunder Wave|p1a: Lanturn\n|-immune|p1a: Lanturn|[from] ability: Volt Absorb\n|\n|upkeep\n|turn|5\n|\n|t:|1781450352\n|switch|p2a: Hydrapple|Hydrapple, L83, F|312/312\n|move|p1a: Lanturn|Scald|p2a: Hydrapple\n|-resisted|p2a: Hydrapple\n|-damage|p2a: Hydrapple|289/312\n|-status|p2a: Hydrapple|brn\n|\n|-heal|p2a: Hydrapple|308/312 brn|[from] item: Leftovers\n|-damage|p2a: Hydrapple|289/312 brn|[from] brn\n|upkeep\n|turn|6\n|\n|t:|1781450358\n|move|p1a: Lanturn|Volt Switch|p2a: Hydrapple\n|-resisted|p2a: Hydrapple\n|-damage|p2a: Hydrapple|271/312 brn\n|\n|t:|1781450380\n|switch|p1a: Wigglytuff|Wigglytuff, L96, M|424/424|[from] Volt Switch\n|move|p2a: Hydrapple|Earth Power|p1a: Wigglytuff\n|-damage|p1a: Wigglytuff|335/424\n|\n|-heal|p1a: Wigglytuff|361/424|[from] item: Leftovers\n|-heal|p2a: Hydrapple|290/312 brn|[from] item: Leftovers\n|-damage|p2a: Hydrapple|271/312 brn|[from] brn\n|upkeep\n|turn|7\n|\n|t:|1781450391\n|switch|p2a: Lanturn|Lanturn, L89, F|367/367\n|move|p1a: Wigglytuff|Alluring Voice|p2a: Lanturn\n|-damage|p2a: Lanturn|258/367\n|\n|-heal|p1a: Wigglytuff|387/424|[from] item: Leftovers\n|upkeep\n|turn|8\n|\n|t:|1781450401\n|move|p2a: Lanturn|Scald|p1a: Wigglytuff\n|-damage|p1a: Wigglytuff|293/424\n|move|p1a: Wigglytuff|Alluring Voice|p2a: Lanturn\n|-damage|p2a: Lanturn|150/367\n|\n|-heal|p1a: Wigglytuff|319/424|[from] item: Leftovers\n|upkeep\n|turn|9\n|\n|t:|1781450431\n|move|p1a: Wigglytuff|Protect|p1a: Wigglytuff\n|-singleturn|p1a: Wigglytuff|Protect\n|move|p2a: Lanturn|Scald|p1a: Wigglytuff\n|-activate|p1a: Wigglytuff|move: Protect\n|\n|-heal|p1a: Wigglytuff|345/424|[from] item: Leftovers\n|upkeep\n|turn|10\n|\n|t:|1781450439\n|switch|p1a: Lanturn|Lanturn, L89, F|367/367\n|move|p2a: Lanturn|Scald|p1a: Lanturn\n|-resisted|p1a: Lanturn\n|-damage|p1a: Lanturn|323/367\n|-status|p1a: Lanturn|brn\n|\n|-damage|p1a: Lanturn|301/367 brn|[from] brn\n|upkeep\n|turn|11\n|\n|t:|1781450526\n|switch|p2a: Hydrapple|Hydrapple, L83, F|312/312 brn\n|switch|p1a: Wigglytuff|Wigglytuff, L96, M|345/424\n|\n|-heal|p1a: Wigglytuff|371/424|[from] item: Leftovers\n|-damage|p2a: Hydrapple|293/312 brn|[from] brn\n|upkeep\n|turn|12\n|\n|t:|1781450545\n|switch|p2a: Lanturn|Lanturn, L89, F|150/367\n|move|p1a: Wigglytuff|Wish|p1a: Wigglytuff\n|\n|-heal|p1a: Wigglytuff|397/424|[from] item: Leftovers\n|upkeep\n|turn|13\n|\n|t:|1781450552\n|move|p2a: Lanturn|Volt Switch|p1a: Wigglytuff\n|-damage|p1a: Wigglytuff|313/424\n|\n|t:|1781450557\n|switch|p2a: Calyrex|Calyrex-Shadow, L64|235/235|[from] Volt Switch\n|-ability|p2a: Calyrex|As One\n|-ability|p2a: Calyrex|Unnerve\n|move|p1a: Wigglytuff|Alluring Voice|p2a: Calyrex\n|-damage|p2a: Calyrex|124/235\n|\n|-heal|p1a: Wigglytuff|424/424|[from] move: Wish|[wisher] Wigglytuff\n|upkeep\n|turn|14\n|\n|t:|1781450562\n|move|p1a: Wigglytuff|Protect|p1a: Wigglytuff\n|-singleturn|p1a: Wigglytuff|Protect\n|move|p2a: Calyrex|Psyshock|p1a: Wigglytuff\n|-activate|p1a: Wigglytuff|move: Protect\n|\n|upkeep\n|turn|15\n|\n|t:|1781450566\n|move|p2a: Calyrex|Psyshock|p1a: Wigglytuff\n|-damage|p1a: Wigglytuff|250/424\n|move|p1a: Wigglytuff|Alluring Voice|p2a: Calyrex\n|-damage|p2a: Calyrex|0 fnt\n|faint|p2a: Calyrex\n|\n|-heal|p1a: Wigglytuff|276/424|[from] item: Leftovers\n|upkeep\n|-message|SaberTB forfeited.\n|\n|win|velvet\n", "uploadtime": 1781450248, "views": 5, "formatid": "gen9randombattle", "rating": null, "private": 0, "password": null}