{"id": "gen9randombattle-2631720939", "format": "[Gen 9] Random Battle", "players": ["symitry", "Ggstarmie"], "log": "|j|\u2606symitry\n|j|\u2606Ggstarmie\n|t:|1781428344\n|gametype|singles\n|player|p1|symitry|102|1980\n|player|p2|Ggstarmie|102|2070\n|gen|9\n|tier|[Gen 9] Random Battle\n|rated|\n|rule|Species Clause: Limit one of each Pok\u00e9mon\n|rule|HP Percentage Mod: HP is shown in percentages\n|rule|Sleep Clause Mod: Limit one foe put to sleep\n|rule|Illusion Level Mod: Illusion disguises the Pok\u00e9mon's true level\n|\n|t:|1781428344\n|teamsize|p1|6\n|teamsize|p2|6\n|start\n|switch|p1a: Inteleon|Inteleon, L81, F|246/246\n|switch|p2a: Orthworm|Orthworm, L88, F|266/266\n|turn|1\n|inactive|Battle timer is ON: inactive players will automatically lose when time's up. (requested by symitry)\n|\n|t:|1781428363\n|switch|p2a: Brambleghast|Brambleghast, L88, M|240/240\n|move|p1a: Inteleon|Scald|p2a: Brambleghast\n|-resisted|p2a: Brambleghast\n|-damage|p2a: Brambleghast|151/240\n|\n|upkeep\n|turn|2\n|\n|t:|1781428391\n|move|p1a: Inteleon|Scald|p2a: Brambleghast\n|-resisted|p2a: Brambleghast\n|-damage|p2a: Brambleghast|69/240\n|move|p2a: Brambleghast|Poltergeist|p1a: Inteleon\n|-activate|p1a: Inteleon|move: Poltergeist|Choice Specs\n|-damage|p1a: Inteleon|44/246\n|\n|upkeep\n|turn|3\n|\n|t:|1781428396\n|switch|p2a: Iron Bundle|Iron Bundle, L78|215/215\n|move|p1a: Inteleon|Scald|p2a: Iron Bundle\n|-resisted|p2a: Iron Bundle\n|-damage|p2a: Iron Bundle|68/215\n|\n|upkeep\n|turn|4\n|\n|t:|1781428403\n|switch|p1a: Gastrodon|Gastrodon, L86, F|331/331\n|move|p2a: Iron Bundle|Freeze-Dry|p1a: Gastrodon\n|-supereffective|p1a: Gastrodon\n|-damage|p1a: Gastrodon|0 fnt\n|faint|p1a: Gastrodon\n|\n|upkeep\n|\n|t:|1781428410\n|switch|p1a: Incineroar|Incineroar, L82, M|290/290\n|-ability|p1a: Incineroar|Intimidate|boost\n|-unboost|p2a: Iron Bundle|atk|1\n|turn|5\n|\n|t:|1781428420\n|-end|p2a: Iron Bundle|Quark Drive|[silent]\n|switch|p2a: Munkidori|Munkidori, L79, M|269/269\n|-terastallize|p1a: Incineroar|Grass\n|move|p1a: Incineroar|Trailblaze|p2a: Munkidori\n|-resisted|p2a: Munkidori\n|-damage|p2a: Munkidori|224/269\n|-boost|p1a: Incineroar|spe|1\n|\n|upkeep\n|turn|6\n|\n|t:|1781428443\n|move|p2a: Munkidori|Fake Out|p1a: Incineroar\n|-damage|p1a: Incineroar|268/290\n|-status|p1a: Incineroar|tox|[from] ability: Toxic Chain|[of] p2a: Munkidori\n|cant|p1a: Incineroar|flinch\n|\n|-damage|p1a: Incineroar|250/290 tox|[from] psn\n|upkeep\n|turn|7\n|inactive|Ggstarmie has 120 seconds left.\n|\n|t:|1781428479\n|move|p1a: Incineroar|Knock Off|p2a: Munkidori\n|-supereffective|p2a: Munkidori\n|-crit|p2a: Munkidori\n|-damage|p2a: Munkidori|0 fnt\n|-enditem|p2a: Munkidori|Assault Vest|[from] move: Knock Off|[of] p1a: Incineroar\n|faint|p2a: Munkidori\n|\n|-damage|p1a: Incineroar|214/290 tox|[from] psn\n|upkeep\n|\n|t:|1781428498\n|switch|p2a: Orthworm|Orthworm, L88, F|266/266\n|turn|8\n|\n|t:|1781428511\n|move|p1a: Incineroar|Flare Blitz|p2a: Orthworm\n|-supereffective|p2a: Orthworm\n|-damage|p2a: Orthworm|80/266\n|-damage|p1a: Incineroar|153/290 tox|[from] Recoil\n|move|p2a: Orthworm|Coil|p2a: Orthworm\n|-boost|p2a: Orthworm|atk|1\n|-boost|p2a: Orthworm|def|1\n|-boost|p2a: Orthworm|accuracy|1\n|\n|-damage|p1a: Incineroar|99/290 tox|[from] psn\n|upkeep\n|turn|9\n|\n|t:|1781428527\n|move|p1a: Incineroar|Flare Blitz|p2a: Orthworm\n|-supereffective|p2a: Orthworm\n|-damage|p2a: Orthworm|0 fnt\n|faint|p2a: Orthworm\n|-damage|p1a: Incineroar|73/290 tox|[from] Recoil\n|\n|-damage|p1a: Incineroar|1/290 tox|[from] psn\n|upkeep\n|j| Poi890\n|l| Poi890\n|\n|t:|1781428532\n|switch|p2a: Beartic|Beartic, L91, F|321/321\n|turn|10\n|\n|t:|1781428548\n|move|p2a: Beartic|Aqua Jet|p1a: Incineroar\n|-resisted|p1a: Incineroar\n|-damage|p1a: Incineroar|0 fnt\n|faint|p1a: Incineroar\n|\n|upkeep\n|\n|t:|1781428555\n|switch|p1a: Iron Moth|Iron Moth, L78|253/253\n|turn|11\n|\n|t:|1781428561\n|move|p2a: Beartic|Aqua Jet|p1a: Iron Moth\n|-supereffective|p1a: Iron Moth\n|-damage|p1a: Iron Moth|61/253\n|move|p1a: Iron Moth|Fire Blast|p2a: Beartic\n|-supereffective|p2a: Beartic\n|-damage|p2a: Beartic|0 fnt\n|faint|p2a: Beartic\n|\n|upkeep\n|\n|t:|1781428564\n|switch|p2a: Iron Bundle|Iron Bundle, L78|68/215\n|turn|12\n|\n|t:|1781428573\n|move|p2a: Iron Bundle|Flip Turn|p1a: Iron Moth\n|-supereffective|p1a: Iron Moth\n|-damage|p1a: Iron Moth|0 fnt\n|faint|p1a: Iron Moth\n|-end|p1a: Iron Moth|Quark Drive|[silent]\n|\n|t:|1781428583\n|-end|p2a: Iron Bundle|Quark Drive|[silent]\n|switch|p2a: Brambleghast|Brambleghast, L88, M|69/240|[from] Flip Turn\n|\n|upkeep\n|\n|t:|1781428611\n|switch|p1a: Cetitan|Cetitan, L82, M|413/413\n|turn|13\n|\n|t:|1781428624\n|move|p1a: Cetitan|Ice Shard|p2a: Brambleghast\n|-supereffective|p2a: Brambleghast\n|-damage|p2a: Brambleghast|0 fnt\n|faint|p2a: Brambleghast\n|-damage|p1a: Cetitan|372/413|[from] item: Life Orb\n|\n|upkeep\n|\n|t:|1781428625\n|switch|p2a: Staraptor|Staraptor, L79, F|263/263\n|turn|14\n|\n|t:|1781428639\n|switch|p1a: Calyrex|Calyrex-Shadow, L64|235/235\n|-ability|p1a: Calyrex|As One\n|-ability|p1a: Calyrex|Unnerve\n|move|p2a: Staraptor|Close Combat|p1a: Calyrex\n|-immune|p1a: Calyrex\n|\n|upkeep\n|turn|15\n|\n|t:|1781428644\n|switch|p2a: Iron Bundle|Iron Bundle, L78|68/215\n|move|p1a: Calyrex|Astral Barrage|p2a: Iron Bundle\n|-damage|p2a: Iron Bundle|0 fnt\n|faint|p2a: Iron Bundle\n|-end|p2a: Iron Bundle|Quark Drive|[silent]\n|-ability|p1a: Calyrex|Grim Neigh|boost\n|-boost|p1a: Calyrex|spa|1\n|-damage|p1a: Calyrex|212/235|[from] item: Life Orb\n|\n|upkeep\n|\n|t:|1781428646\n|switch|p2a: Staraptor|Staraptor, L79, F|263/263\n|turn|16\n|\n|t:|1781428661\n|-terastallize|p2a: Staraptor|Flying\n|move|p1a: Calyrex|Psyshock|p2a: Staraptor\n|-damage|p2a: Staraptor|76/263\n|-damage|p1a: Calyrex|189/235|[from] item: Life Orb\n|move|p2a: Staraptor|Brave Bird|p1a: Calyrex\n|-damage|p1a: Calyrex|0 fnt\n|faint|p1a: Calyrex\n|-damage|p2a: Staraptor|14/263|[from] Recoil\n|\n|upkeep\n|\n|t:|1781428664\n|switch|p1a: Cetitan|Cetitan, L82, M|372/413\n|turn|17\n|\n|t:|1781428683\n|move|p1a: Cetitan|Ice Shard|p2a: Staraptor\n|-supereffective|p2a: Staraptor\n|-damage|p2a: Staraptor|0 fnt\n|faint|p2a: Staraptor\n|-damage|p1a: Cetitan|331/413|[from] item: Life Orb\n|\n|win|symitry\n", "uploadtime": 1781428346, "views": 3, "formatid": "gen9randombattle", "rating": null, "private": 0, "password": null}