{"id": "gen9randombattle-2631618863", "format": "[Gen 9] Random Battle", "players": ["fat boy wonder", "Ascent-SG"], "log": "|j|\u2606fat boy wonder\n|j|\u2606Ascent-SG\n|t:|1781409771\n|gametype|singles\n|player|p1|fat boy wonder|2|1973\n|player|p2|Ascent-SG|lucas|1955\n|gen|9\n|tier|[Gen 9] Random Battle\n|rated|\n|rule|Species Clause: Limit one of each Pok\u00e9mon\n|rule|HP Percentage Mod: HP is shown in percentages\n|rule|Sleep Clause Mod: Limit one foe put to sleep\n|rule|Illusion Level Mod: Illusion disguises the Pok\u00e9mon's true level\n|\n|t:|1781409771\n|teamsize|p1|6\n|teamsize|p2|6\n|start\n|switch|p1a: Lapras|Lapras, L87, F|368/368\n|switch|p2a: Iron Thorns|Iron Thorns, L83|302/302\n|-item|p2a: Iron Thorns|Air Balloon\n|turn|1\n|inactive|Battle timer is ON: inactive players will automatically lose when time's up. (requested by fat boy wonder)\n|\n|t:|1781409806\n|switch|p1a: Dialga|Dialga, L73|266/266\n|-ability|p1a: Dialga|Pressure\n|move|p2a: Iron Thorns|Spikes|p1a: Dialga\n|-sidestart|p1: fat boy wonder|Spikes\n|\n|upkeep\n|turn|2\n|\n|t:|1781409818\n|move|p2a: Iron Thorns|Earthquake|p1a: Dialga\n|-supereffective|p1a: Dialga\n|-damage|p1a: Dialga|92/266\n|move|p1a: Dialga|Dragon Tail|p2a: Iron Thorns\n|-damage|p2a: Iron Thorns|248/302\n|-enditem|p2a: Iron Thorns|Air Balloon\n|-end|p2a: Iron Thorns|Quark Drive|[silent]\n|drag|p2a: Zamazenta|Zamazenta, L71|248/248\n|-ability|p2a: Zamazenta|Dauntless Shield|boost\n|-boost|p2a: Zamazenta|def|1\n|\n|upkeep\n|turn|3\n|\n|t:|1781409828\n|switch|p1a: Dragalge|Dragalge, L88, M|258/258\n|-damage|p1a: Dragalge|226/258|[from] Spikes\n|move|p2a: Zamazenta|Body Press|p1a: Dragalge\n|-resisted|p1a: Dragalge\n|-damage|p1a: Dragalge|178/258\n|\n|-heal|p1a: Dragalge|194/258|[from] item: Leftovers\n|upkeep\n|turn|4\n|\n|t:|1781409840\n|move|p2a: Zamazenta|Iron Head|p1a: Dragalge\n|-damage|p1a: Dragalge|152/258\n|move|p1a: Dragalge|Toxic Spikes|p2a: Zamazenta\n|-sidestart|p2: Ascent-SG|move: Toxic Spikes\n|\n|-heal|p1a: Dragalge|168/258|[from] item: Leftovers\n|upkeep\n|turn|5\n|\n|t:|1781409844\n|move|p2a: Zamazenta|Iron Defense|p2a: Zamazenta\n|-boost|p2a: Zamazenta|def|2\n|move|p1a: Dragalge|Toxic Spikes|p2a: Zamazenta\n|-sidestart|p2: Ascent-SG|move: Toxic Spikes\n|\n|-heal|p1a: Dragalge|184/258|[from] item: Leftovers\n|upkeep\n|turn|6\n|\n|t:|1781409848\n|move|p2a: Zamazenta|Body Press|p1a: Dragalge\n|-resisted|p1a: Dragalge\n|-damage|p1a: Dragalge|97/258\n|move|p1a: Dragalge|Sludge Wave|p2a: Zamazenta\n|-crit|p2a: Zamazenta\n|-damage|p2a: Zamazenta|40/248\n|\n|-heal|p2a: Zamazenta|55/248|[from] item: Leftovers\n|-heal|p1a: Dragalge|113/258|[from] item: Leftovers\n|upkeep\n|turn|7\n|\n|t:|1781409858\n|move|p2a: Zamazenta|Body Press|p1a: Dragalge\n|-resisted|p1a: Dragalge\n|-damage|p1a: Dragalge|36/258\n|move|p1a: Dragalge|Sludge Wave|p2a: Zamazenta\n|-damage|p2a: Zamazenta|0 fnt\n|faint|p2a: Zamazenta\n|\n|-heal|p1a: Dragalge|52/258|[from] item: Leftovers\n|upkeep\n|\n|t:|1781409871\n|switch|p2a: Tinkaton|Tinkaton, L82, F|274/274\n|-ability|p2a: Tinkaton|Mold Breaker\n|turn|8\n|\n|t:|1781409877\n|move|p2a: Tinkaton|Play Rough|p1a: Dragalge|[miss]\n|-miss|p2a: Tinkaton|p1a: Dragalge\n|move|p1a: Dragalge|Focus Blast|p2a: Tinkaton\n|-damage|p2a: Tinkaton|192/274\n|\n|-heal|p2a: Tinkaton|209/274|[from] item: Leftovers\n|-heal|p1a: Dragalge|68/258|[from] item: Leftovers\n|upkeep\n|turn|9\n|\n|t:|1781409883\n|move|p2a: Tinkaton|Stealth Rock|p1a: Dragalge\n|-sidestart|p1: fat boy wonder|move: Stealth Rock\n|move|p1a: Dragalge|Focus Blast|p2a: Tinkaton\n|-damage|p2a: Tinkaton|132/274\n|\n|-heal|p2a: Tinkaton|149/274|[from] item: Leftovers\n|-heal|p1a: Dragalge|84/258|[from] item: Leftovers\n|upkeep\n|turn|10\n|\n|t:|1781409888\n|move|p2a: Tinkaton|Play Rough|p1a: Dragalge\n|-damage|p1a: Dragalge|15/258\n|-unboost|p1a: Dragalge|atk|1\n|move|p1a: Dragalge|Focus Blast|p2a: Tinkaton\n|-crit|p2a: Tinkaton\n|-damage|p2a: Tinkaton|15/274\n|\n|-heal|p2a: Tinkaton|32/274|[from] item: Leftovers\n|-heal|p1a: Dragalge|31/258|[from] item: Leftovers\n|upkeep\n|turn|11\n|\n|t:|1781409896\n|move|p2a: Tinkaton|Play Rough|p1a: Dragalge\n|-damage|p1a: Dragalge|0 fnt\n|faint|p1a: Dragalge\n|\n|-heal|p2a: Tinkaton|49/274|[from] item: Leftovers\n|upkeep\n|\n|t:|1781409900\n|switch|p1a: Ambipom|Ambipom, L84, F|263/263\n|-damage|p1a: Ambipom|231/263|[from] Spikes\n|-damage|p1a: Ambipom|199/263|[from] Stealth Rock\n|turn|12\n|\n|t:|1781409905\n|move|p1a: Ambipom|Low Kick|p2a: Tinkaton\n|-damage|p2a: Tinkaton|0 fnt\n|faint|p2a: Tinkaton\n|\n|upkeep\n|\n|t:|1781409909\n|switch|p2a: Iron Thorns|Iron Thorns, L83|219/219\n|-status|p2a: Iron Thorns|tox\n|turn|13\n|\n|t:|1781409921\n|move|p1a: Ambipom|Low Kick|p2a: Iron Thorns\n|-immune|p2a: Iron Thorns\n|move|p2a: Iron Thorns|Hyper Voice|p1a: Ambipom\n|-damage|p1a: Ambipom|12/263\n|-damage|p2a: Iron Thorns|198/219 tox|[from] item: Life Orb\n|\n|-damage|p2a: Iron Thorns|185/219 tox|[from] psn\n|upkeep\n|turn|14\n|\n|t:|1781409928\n|move|p1a: Ambipom|Low Kick|p2a: Iron Thorns\n|-immune|p2a: Iron Thorns\n|move|p2a: Iron Thorns|Hyper Voice|p1a: Ambipom\n|-damage|p1a: Ambipom|0 fnt\n|faint|p1a: Ambipom\n|-damage|p2a: Iron Thorns|164/219 tox|[from] item: Life Orb\n|\n|-damage|p2a: Iron Thorns|138/219 tox|[from] psn\n|upkeep\n|\n|t:|1781409934\n|switch|p1a: Lapras|Lapras, L87, F|368/368\n|turn|15\n|\n|t:|1781409946\n|-terastallize|p2a: Iron Thorns|Fighting\n|move|p2a: Iron Thorns|Focus Blast|p1a: Lapras|[miss]\n|-miss|p2a: Iron Thorns|p1a: Lapras\n|move|p1a: Lapras|Sparkling Aria|p2a: Iron Thorns\n|-damage|p2a: Iron Thorns|18/219 tox\n|replace|p2a: Zoroark|Zoroark-Hisui, L80, F\n|-end|p2a: Zoroark|Illusion\n|-hint|Illusion Level Mod is active, so this Pok\u00e9mon's true level was hidden.\n|\n|-damage|p2a: Zoroark|0 fnt|[from] psn\n|faint|p2a: Zoroark\n|upkeep\n|c|\u2606Ascent-SG|this game is shit\n|\n|t:|1781409959\n|switch|p2a: Iron Thorns|Iron Thorns, L83|248/302\n|-status|p2a: Iron Thorns|tox\n|turn|16\n|\n|t:|1781409978\n|-terastallize|p1a: Lapras|Dragon\n|move|p2a: Iron Thorns|Wild Charge|p1a: Lapras\n|-resisted|p1a: Lapras\n|-damage|p1a: Lapras|302/368\n|-damage|p2a: Iron Thorns|231/302 tox|[from] Recoil\n|move|p1a: Lapras|Sparkling Aria|p2a: Iron Thorns\n|-supereffective|p2a: Iron Thorns\n|-damage|p2a: Iron Thorns|43/302 tox\n|\n|-damage|p2a: Iron Thorns|25/302 tox|[from] psn\n|upkeep\n|turn|17\n|\n|t:|1781409988\n|switch|p1a: Dialga|Dialga, L73|92/266\n|-damage|p1a: Dialga|59/266|[from] Spikes\n|-damage|p1a: Dialga|43/266|[from] Stealth Rock\n|-ability|p1a: Dialga|Pressure\n|move|p2a: Iron Thorns|Spikes|p1a: Dialga\n|-sidestart|p1: fat boy wonder|Spikes\n|\n|-damage|p2a: Iron Thorns|0 fnt|[from] psn\n|faint|p2a: Iron Thorns\n|-end|p2a: Iron Thorns|Quark Drive|[silent]\n|upkeep\n|\n|t:|1781410001\n|switch|p2a: Snorlax|Snorlax, L82, M|397/397\n|-status|p2a: Snorlax|tox\n|turn|18\n|\n|t:|1781410007\n|move|p1a: Dialga|Draco Meteor|p2a: Snorlax\n|-damage|p2a: Snorlax|256/397 tox\n|-unboost|p1a: Dialga|spa|2\n|move|p2a: Snorlax|Earthquake|p1a: Dialga\n|-supereffective|p1a: Dialga\n|-damage|p1a: Dialga|0 fnt\n|faint|p1a: Dialga\n|\n|-damage|p2a: Snorlax|232/397 tox|[from] psn\n|upkeep\n|\n|t:|1781410034\n|switch|p1a: Hatterene|Hatterene, L85, F|236/236\n|-damage|p1a: Hatterene|197/236|[from] Spikes\n|-damage|p1a: Hatterene|168/236|[from] Stealth Rock\n|turn|19\n|\n|t:|1781410050\n|move|p1a: Hatterene|Psychic|p2a: Snorlax\n|-damage|p2a: Snorlax|112/397 tox\n|move|p2a: Snorlax|Body Slam|p1a: Hatterene\n|-damage|p1a: Hatterene|78/236\n|-status|p1a: Hatterene|par\n|\n|-damage|p2a: Snorlax|64/397 tox|[from] psn\n|upkeep\n|turn|20\n|\n|t:|1781410055\n|move|p2a: Snorlax|Rest|p2a: Snorlax\n|-status|p2a: Snorlax|slp|[from] move: Rest\n|-heal|p2a: Snorlax|397/397 slp|[silent]\n|-enditem|p2a: Snorlax|Chesto Berry|[eat]\n|-curestatus|p2a: Snorlax|slp|[msg]\n|cant|p1a: Hatterene|par\n|\n|upkeep\n|turn|21\n|\n|t:|1781410060\n|move|p2a: Snorlax|Body Slam|p1a: Hatterene\n|-damage|p1a: Hatterene|0 fnt\n|faint|p1a: Hatterene\n|\n|upkeep\n|\n|t:|1781410062\n|switch|p1a: Lapras|Lapras, L87, F, tera:Dragon|302/368\n|turn|22\n|\n|t:|1781410069\n|move|p1a: Lapras|Sparkling Aria|p2a: Snorlax\n|-damage|p2a: Snorlax|316/397\n|move|p2a: Snorlax|Curse|p2a: Snorlax\n|-unboost|p2a: Snorlax|spe|1\n|-boost|p2a: Snorlax|atk|1\n|-boost|p2a: Snorlax|def|1\n|\n|upkeep\n|turn|23\n|\n|t:|1781410072\n|move|p1a: Lapras|Sparkling Aria|p2a: Snorlax\n|-damage|p2a: Snorlax|234/397\n|move|p2a: Snorlax|Body Slam|p1a: Lapras\n|-damage|p1a: Lapras|149/368\n|\n|upkeep\n|turn|24\n|\n|t:|1781410085\n|move|p1a: Lapras|Sparkling Aria|p2a: Snorlax\n|-damage|p2a: Snorlax|152/397\n|move|p2a: Snorlax|Body Slam|p1a: Lapras\n|-damage|p1a: Lapras|7/368\n|\n|upkeep\n|turn|25\n|\n|t:|1781410088\n|move|p1a: Lapras|Freeze-Dry|p2a: Snorlax\n|-damage|p2a: Snorlax|119/397\n|move|p2a: Snorlax|Rest|p2a: Snorlax\n|-status|p2a: Snorlax|slp|[from] move: Rest\n|-heal|p2a: Snorlax|397/397 slp|[silent]\n|\n|upkeep\n|turn|26\n|\n|t:|1781410091\n|move|p1a: Lapras|Sparkling Aria|p2a: Snorlax\n|-damage|p2a: Snorlax|324/397 slp\n|cant|p2a: Snorlax|slp\n|\n|upkeep\n|turn|27\n|\n|t:|1781410093\n|move|p1a: Lapras|Sparkling Aria|p2a: Snorlax\n|-damage|p2a: Snorlax|240/397 slp\n|cant|p2a: Snorlax|slp\n|\n|upkeep\n|turn|28\n|\n|t:|1781410098\n|move|p1a: Lapras|Rest|p1a: Lapras\n|-status|p1a: Lapras|slp|[from] move: Rest\n|-heal|p1a: Lapras|368/368 slp|[silent]\n|-curestatus|p2a: Snorlax|slp|[msg]\n|move|p2a: Snorlax|Body Slam|p1a: Lapras\n|-damage|p1a: Lapras|214/368 slp\n|\n|upkeep\n|turn|29\n|\n|t:|1781410103\n|cant|p1a: Lapras|slp\n|move|p1a: Lapras|Sleep Talk|p1a: Lapras\n|move|p1a: Lapras|Sparkling Aria|p2a: Snorlax|[from] move: Sleep Talk\n|-damage|p2a: Snorlax|165/397\n|move|p2a: Snorlax|Body Slam|p1a: Lapras\n|-damage|p1a: Lapras|70/368 slp\n|\n|upkeep\n|turn|30\n|\n|t:|1781410113\n|cant|p1a: Lapras|slp\n|move|p1a: Lapras|Sleep Talk|p1a: Lapras\n|move|p1a: Lapras|Rest||[from] move: Sleep Talk|[still]\n|-fail|p1a: Lapras\n|move|p2a: Snorlax|Rest|p2a: Snorlax\n|-status|p2a: Snorlax|slp|[from] move: Rest\n|-heal|p2a: Snorlax|397/397 slp|[silent]\n|\n|upkeep\n|turn|31\n|\n|t:|1781410117\n|-curestatus|p1a: Lapras|slp|[msg]\n|move|p1a: Lapras|Sparkling Aria|p2a: Snorlax\n|-damage|p2a: Snorlax|318/397 slp\n|cant|p2a: Snorlax|slp\n|\n|upkeep\n|turn|32\n|\n|t:|1781410120\n|move|p1a: Lapras|Rest|p1a: Lapras\n|-status|p1a: Lapras|slp|[from] move: Rest\n|-heal|p1a: Lapras|368/368 slp|[silent]\n|cant|p2a: Snorlax|slp\n|\n|upkeep\n|turn|33\n|\n|t:|1781410123\n|cant|p1a: Lapras|slp\n|move|p1a: Lapras|Sleep Talk|p1a: Lapras\n|move|p1a: Lapras|Sparkling Aria|p2a: Snorlax|[from] move: Sleep Talk\n|-crit|p2a: Snorlax\n|-damage|p2a: Snorlax|197/397 slp\n|-curestatus|p2a: Snorlax|slp|[msg]\n|move|p2a: Snorlax|Body Slam|p1a: Lapras\n|-damage|p1a: Lapras|223/368 slp\n|\n|upkeep\n|turn|34\n|\n|t:|1781410130\n|cant|p1a: Lapras|slp\n|move|p1a: Lapras|Sleep Talk|p1a: Lapras\n|move|p1a: Lapras|Sparkling Aria|p2a: Snorlax|[from] move: Sleep Talk\n|-damage|p2a: Snorlax|115/397\n|move|p2a: Snorlax|Curse|p2a: Snorlax\n|-unboost|p2a: Snorlax|spe|1\n|-boost|p2a: Snorlax|atk|1\n|-boost|p2a: Snorlax|def|1\n|\n|upkeep\n|turn|35\n|\n|t:|1781410132\n|-curestatus|p1a: Lapras|slp|[msg]\n|move|p1a: Lapras|Sparkling Aria|p2a: Snorlax\n|-damage|p2a: Snorlax|36/397\n|move|p2a: Snorlax|Rest|p2a: Snorlax\n|-status|p2a: Snorlax|slp|[from] move: Rest\n|-heal|p2a: Snorlax|397/397 slp|[silent]\n|\n|upkeep\n|turn|36\n|\n|t:|1781410138\n|move|p1a: Lapras|Sparkling Aria|p2a: Snorlax\n|-damage|p2a: Snorlax|312/397 slp\n|cant|p2a: Snorlax|slp\n|\n|upkeep\n|turn|37\n|\n|t:|1781410140\n|move|p1a: Lapras|Sparkling Aria|p2a: Snorlax\n|-damage|p2a: Snorlax|231/397 slp\n|cant|p2a: Snorlax|slp\n|\n|upkeep\n|turn|38\n|\n|t:|1781410143\n|move|p1a: Lapras|Sparkling Aria|p2a: Snorlax\n|-damage|p2a: Snorlax|152/397 slp\n|-curestatus|p2a: Snorlax|slp|[msg]\n|move|p2a: Snorlax|Body Slam|p1a: Lapras\n|-damage|p1a: Lapras|34/368\n|\n|upkeep\n|turn|39\n|\n|t:|1781410148\n|move|p1a: Lapras|Sparkling Aria|p2a: Snorlax\n|-damage|p2a: Snorlax|74/397\n|move|p2a: Snorlax|Rest|p2a: Snorlax\n|-status|p2a: Snorlax|slp|[from] move: Rest\n|-heal|p2a: Snorlax|397/397 slp|[silent]\n|\n|upkeep\n|turn|40\n|\n|t:|1781410157\n|move|p1a: Lapras|Rest|p1a: Lapras\n|-status|p1a: Lapras|slp|[from] move: Rest\n|-heal|p1a: Lapras|368/368 slp|[silent]\n|cant|p2a: Snorlax|slp\n|\n|upkeep\n|turn|41\n|\n|t:|1781410160\n|cant|p1a: Lapras|slp\n|move|p1a: Lapras|Sleep Talk|p1a: Lapras\n|move|p1a: Lapras|Rest||[from] move: Sleep Talk|[still]\n|-fail|p1a: Lapras\n|cant|p2a: Snorlax|slp\n|\n|upkeep\n|turn|42\n|\n|t:|1781410162\n|cant|p1a: Lapras|slp\n|-curestatus|p2a: Snorlax|slp|[msg]\n|move|p2a: Snorlax|Body Slam|p1a: Lapras\n|-damage|p1a: Lapras|161/368 slp\n|\n|upkeep\n|turn|43\n|\n|t:|1781410167\n|-curestatus|p1a: Lapras|slp|[msg]\n|move|p1a: Lapras|Freeze-Dry|p2a: Snorlax\n|-damage|p2a: Snorlax|367/397\n|move|p2a: Snorlax|Body Slam|p1a: Lapras\n|-damage|p1a: Lapras|0 fnt\n|faint|p1a: Lapras\n|\n|upkeep\n|\n|t:|1781410169\n|switch|p1a: Arceus|Arceus-Electric, L70|284/284\n|-damage|p1a: Arceus|237/284|[from] Spikes\n|-damage|p1a: Arceus|202/284|[from] Stealth Rock\n|turn|44\n|\n|t:|1781410173\n|move|p1a: Arceus|Ice Beam|p2a: Snorlax\n|-damage|p2a: Snorlax|343/397\n|move|p2a: Snorlax|Earthquake|p1a: Arceus\n|-supereffective|p1a: Arceus\n|-damage|p1a: Arceus|0 fnt\n|faint|p1a: Arceus\n|\n|win|Ascent-SG\n", "uploadtime": 1781409773, "views": 5, "formatid": "gen9randombattle", "rating": null, "private": 0, "password": null}