{"id": "gen9randombattle-2631903209", "format": "[Gen 9] Random Battle", "players": ["noKlew", "bot17334"], "log": "|j|\u2606noKlew\n|j|\u2606bot17334\n|t:|1781453892\n|gametype|singles\n|player|p1|noKlew|265|2006\n|player|p2|bot17334|169|2017\n|gen|9\n|tier|[Gen 9] Random Battle\n|rated|\n|rule|Species Clause: Limit one of each Pok\u00e9mon\n|rule|HP Percentage Mod: HP is shown in percentages\n|rule|Sleep Clause Mod: Limit one foe put to sleep\n|rule|Illusion Level Mod: Illusion disguises the Pok\u00e9mon's true level\n|\n|t:|1781453892\n|teamsize|p1|6\n|teamsize|p2|6\n|start\n|switch|p1a: Gardevoir|Gardevoir, L83, F|249/249\n|switch|p2a: Decidueye|Decidueye-Hisui, L87, F|295/295\n|-ability|p1a: Gardevoir|Scrappy|Trace|[from] ability: Trace|[of] p2a: Decidueye\n|turn|1\n|inactive|Battle timer is ON: inactive players will automatically lose when time's up. (requested by noKlew)\n|\n|t:|1781453906\n|switch|p2a: Orthworm|Orthworm, L88, M|266/266\n|move|p1a: Gardevoir|Moonblast|p2a: Orthworm\n|-resisted|p2a: Orthworm\n|-damage|p2a: Orthworm|188/266\n|-unboost|p2a: Orthworm|spa|1\n|\n|-heal|p2a: Orthworm|204/266|[from] item: Leftovers\n|upkeep\n|turn|2\n|\n|t:|1781453924\n|switch|p1a: Lunala|Lunala, L70|308/308\n|move|p2a: Orthworm|Stealth Rock|p1a: Lunala\n|-sidestart|p1: noKlew|move: Stealth Rock\n|\n|-heal|p2a: Orthworm|220/266|[from] item: Leftovers\n|upkeep\n|turn|3\n|\n|t:|1781453944\n|move|p1a: Lunala|Calm Mind|p1a: Lunala\n|-boost|p1a: Lunala|spa|1\n|-boost|p1a: Lunala|spd|1\n|move|p2a: Orthworm|Shed Tail|p2a: Orthworm\n|-start|p2a: Orthworm|Substitute|[from] move: Shed Tail\n|-damage|p2a: Orthworm|87/266\n|\n|t:|1781453949\n|switch|p2a: Banette|Banette, L93, F|270/270|[from] Shed Tail\n|\n|upkeep\n|turn|4\n|\n|t:|1781453976\n|switch|p1a: Duraludon|Duraludon, L82, M|249/249\n|-damage|p1a: Duraludon|234/249|[from] Stealth Rock\n|move|p2a: Banette|Thunder Wave|p1a: Duraludon\n|-status|p1a: Duraludon|par\n|\n|upkeep\n|turn|5\n|\n|t:|1781453985\n|move|p2a: Banette|Poltergeist|p1a: Duraludon|[miss]\n|-miss|p2a: Banette|p1a: Duraludon\n|move|p1a: Duraludon|Flash Cannon|p2a: Banette\n|-end|p2a: Banette|Substitute\n|\n|upkeep\n|turn|6\n|\n|t:|1781453993\n|move|p2a: Banette|Poltergeist|p1a: Duraludon\n|-activate|p1a: Duraludon|move: Poltergeist|Eviolite\n|-crit|p1a: Duraludon\n|-damage|p1a: Duraludon|47/249 par\n|-damage|p2a: Banette|243/270|[from] item: Life Orb\n|move|p1a: Duraludon|Dragon Tail|p2a: Banette\n|-damage|p2a: Banette|170/270\n|drag|p2a: Flygon|Flygon, L82, M|265/265\n|\n|upkeep\n|turn|7\n|\n|t:|1781454004\n|move|p2a: Flygon|Earthquake|p1a: Duraludon\n|-supereffective|p1a: Duraludon\n|-damage|p1a: Duraludon|0 fnt\n|faint|p1a: Duraludon\n|\n|upkeep\n|\n|t:|1781454012\n|switch|p1a: Gardevoir|Gardevoir, L83, F|249/249\n|-damage|p1a: Gardevoir|218/249|[from] Stealth Rock\n|-ability|p1a: Gardevoir|Levitate|Trace|[from] ability: Trace|[of] p2a: Flygon\n|turn|8\n|\n|t:|1781454022\n|switch|p2a: Luvdisc|Luvdisc, M|247/247\n|move|p1a: Gardevoir|Moonblast|p2a: Luvdisc\n|-damage|p2a: Luvdisc|118/247\n|-unboost|p2a: Luvdisc|spa|1\n|\n|upkeep\n|turn|9\n|\n|t:|1781454030\n|move|p1a: Gardevoir|Moonblast|p2a: Luvdisc\n|-damage|p2a: Luvdisc|0 fnt\n|faint|p2a: Luvdisc\n|\n|upkeep\n|\n|t:|1781454034\n|switch|p2a: Orthworm|Orthworm, L88, M|87/266\n|turn|10\n|\n|t:|1781454041\n|switch|p1a: Pyroar|Pyroar, L88, M|295/295\n|-ability|p1a: Pyroar|Unnerve\n|move|p2a: Orthworm|Heavy Slam|p1a: Pyroar\n|-resisted|p1a: Pyroar\n|-damage|p1a: Pyroar|248/295\n|\n|-heal|p2a: Orthworm|103/266|[from] item: Leftovers\n|upkeep\n|turn|11\n|\n|t:|1781454050\n|switch|p2a: Flygon|Flygon, L82, M|265/265\n|move|p1a: Pyroar|Fire Blast|p2a: Flygon\n|-resisted|p2a: Flygon\n|-damage|p2a: Flygon|187/265\n|\n|upkeep\n|turn|12\n|\n|t:|1781454056\n|switch|p1a: Gardevoir|Gardevoir, L83, F|218/249\n|-damage|p1a: Gardevoir|187/249|[from] Stealth Rock\n|-ability|p1a: Gardevoir|Levitate|Trace|[from] ability: Trace|[of] p2a: Flygon\n|move|p2a: Flygon|Dragon Dance|p2a: Flygon\n|-boost|p2a: Flygon|atk|1\n|-boost|p2a: Flygon|spe|1\n|\n|upkeep\n|turn|13\n|\n|t:|1781454066\n|move|p2a: Flygon|Stone Edge|p1a: Gardevoir\n|-damage|p1a: Gardevoir|51/249\n|move|p1a: Gardevoir|Moonblast|p2a: Flygon\n|-supereffective|p2a: Flygon\n|-damage|p2a: Flygon|0 fnt\n|faint|p2a: Flygon\n|\n|upkeep\n|\n|t:|1781454095\n|switch|p2a: Banette|Banette, L93, F|170/270\n|turn|14\n|\n|t:|1781454102\n|switch|p1a: Pyroar|Pyroar, L88, M|248/295\n|-ability|p1a: Pyroar|Unnerve\n|move|p2a: Banette|Gunk Shot|p1a: Pyroar\n|-damage|p1a: Pyroar|74/295\n|-status|p1a: Pyroar|psn\n|-damage|p2a: Banette|143/270|[from] item: Life Orb\n|\n|-damage|p1a: Pyroar|38/295 psn|[from] psn\n|upkeep\n|turn|15\n|\n|t:|1781454120\n|switch|p2a: Orthworm|Orthworm, L88, M|103/266\n|move|p1a: Pyroar|Fire Blast|p2a: Orthworm\n|-supereffective|p2a: Orthworm\n|-damage|p2a: Orthworm|0 fnt\n|faint|p2a: Orthworm\n|\n|-damage|p1a: Pyroar|2/295 psn|[from] psn\n|upkeep\n|\n|t:|1781454128\n|switch|p2a: Great Tusk|Great Tusk, L77|304/304\n|turn|16\n|\n|t:|1781454137\n|move|p1a: Pyroar|Fire Blast|p2a: Great Tusk\n|-damage|p2a: Great Tusk|166/304\n|move|p2a: Great Tusk|Rapid Spin|p1a: Pyroar\n|-damage|p1a: Pyroar|0 fnt\n|-boost|p2a: Great Tusk|spe|1\n|faint|p1a: Pyroar\n|\n|upkeep\n|\n|t:|1781454160\n|switch|p1a: Gardevoir|Gardevoir, L83, F|51/249\n|-damage|p1a: Gardevoir|20/249|[from] Stealth Rock\n|turn|17\n|\n|t:|1781454168\n|move|p1a: Gardevoir|Moonblast|p2a: Great Tusk\n|-supereffective|p2a: Great Tusk\n|-damage|p2a: Great Tusk|0 fnt\n|faint|p2a: Great Tusk\n|-end|p2a: Great Tusk|Protosynthesis|[silent]\n|\n|upkeep\n|\n|t:|1781454172\n|switch|p2a: Banette|Banette, L93, F|143/270\n|-ability|p1a: Gardevoir|Insomnia|Trace|[from] ability: Trace|[of] p2a: Banette\n|turn|18\n|\n|t:|1781454177\n|move|p2a: Banette|Shadow Sneak|p1a: Gardevoir\n|-supereffective|p1a: Gardevoir\n|-damage|p1a: Gardevoir|0 fnt\n|faint|p1a: Gardevoir\n|-damage|p2a: Banette|116/270|[from] item: Life Orb\n|\n|upkeep\n|\n|t:|1781454194\n|switch|p1a: Sudowoodo|Sudowoodo, L94, F|284/284\n|-damage|p1a: Sudowoodo|249/284|[from] Stealth Rock\n|turn|19\n|\n|t:|1781454204\n|switch|p2a: Decidueye|Decidueye-Hisui, L87, F|295/295\n|move|p1a: Sudowoodo|Head Smash|p2a: Decidueye\n|-resisted|p2a: Decidueye\n|-damage|p2a: Decidueye|197/295\n|\n|-heal|p2a: Decidueye|215/295|[from] item: Leftovers\n|-heal|p1a: Sudowoodo|266/284|[from] item: Leftovers\n|upkeep\n|turn|20\n|\n|t:|1781454213\n|move|p2a: Decidueye|Triple Arrows|p1a: Sudowoodo\n|-supereffective|p1a: Sudowoodo\n|-damage|p1a: Sudowoodo|104/284\n|cant|p1a: Sudowoodo|flinch\n|\n|-heal|p2a: Decidueye|233/295|[from] item: Leftovers\n|-heal|p1a: Sudowoodo|121/284|[from] item: Leftovers\n|upkeep\n|turn|21\n|\n|t:|1781454221\n|move|p2a: Decidueye|Triple Arrows|p1a: Sudowoodo\n|-supereffective|p1a: Sudowoodo\n|-damage|p1a: Sudowoodo|0 fnt\n|faint|p1a: Sudowoodo\n|\n|-heal|p2a: Decidueye|251/295|[from] item: Leftovers\n|upkeep\n|\n|t:|1781454241\n|switch|p1a: Mimikyu|Mimikyu, L79, F|216/216\n|-damage|p1a: Mimikyu|189/216|[from] Stealth Rock\n|turn|22\n|\n|t:|1781454253\n|-terastallize|p2a: Decidueye|Water\n|move|p1a: Mimikyu|Swords Dance|p1a: Mimikyu\n|-boost|p1a: Mimikyu|atk|2\n|move|p2a: Decidueye|Leaf Blade|p1a: Mimikyu\n|-activate|p1a: Mimikyu|ability: Disguise\n|-damage|p1a: Mimikyu|189/216\n|detailschange|p1a: Mimikyu|Mimikyu-Busted, L79, F\n|-damage|p1a: Mimikyu|162/216|[from] pokemon: Mimikyu-Busted\n|\n|-heal|p2a: Decidueye|269/295|[from] item: Leftovers\n|upkeep\n|turn|23\n|\n|t:|1781454271\n|move|p1a: Mimikyu|Drain Punch|p2a: Decidueye\n|-damage|p2a: Decidueye|148/295\n|-heal|p1a: Mimikyu|216/216|[from] drain|[of] p2a: Decidueye\n|-damage|p1a: Mimikyu|195/216|[from] item: Life Orb\n|move|p2a: Decidueye|Leaf Blade|p1a: Mimikyu\n|-damage|p1a: Mimikyu|74/216\n|\n|-heal|p2a: Decidueye|166/295|[from] item: Leftovers\n|upkeep\n|turn|24\n|\n|t:|1781454281\n|move|p1a: Mimikyu|Play Rough|p2a: Decidueye\n|-damage|p2a: Decidueye|0 fnt\n|faint|p2a: Decidueye\n|-damage|p1a: Mimikyu|53/216|[from] item: Life Orb\n|\n|upkeep\n|c|\u2606bot17334|gg\n|\n|t:|1781454287\n|switch|p2a: Banette|Banette, L93, F|116/270\n|turn|25\n|c|\u2606noKlew|gg\n|\n|t:|1781454292\n|move|p1a: Mimikyu|Shadow Sneak|p2a: Banette\n|-supereffective|p2a: Banette\n|-crit|p2a: Banette\n|-damage|p2a: Banette|0 fnt\n|faint|p2a: Banette\n|-damage|p1a: Mimikyu|32/216|[from] item: Life Orb\n|\n|win|noKlew\n|raw|noKlew's rating: 2006 &rarr; <strong>2027</strong><br />(+21 for winning)\n|raw|bot17334's rating: 2017 &rarr; <strong>1996</strong><br />(-21 for losing)\n", "uploadtime": 1781453895, "views": 3, "formatid": "gen9randombattle", "rating": 1996, "private": 0, "password": null}