{"id": "gen9randombattle-2631502523", "format": "[Gen 9] Random Battle", "players": ["manwhocouldntcook", "MandoWarrior"], "log": "|j|\u2606manwhocouldntcook\n|j|\u2606MandoWarrior\n|t:|1781393308\n|gametype|singles\n|player|p1|manwhocouldntcook|valerie|2101\n|player|p2|MandoWarrior|giovanni|2134\n|gen|9\n|tier|[Gen 9] Random Battle\n|rated|\n|rule|Species Clause: Limit one of each Pok\u00e9mon\n|rule|HP Percentage Mod: HP is shown in percentages\n|rule|Sleep Clause Mod: Limit one foe put to sleep\n|rule|Illusion Level Mod: Illusion disguises the Pok\u00e9mon's true level\n|\n|t:|1781393308\n|teamsize|p1|6\n|teamsize|p2|6\n|start\n|switch|p1a: Walking Wake|Walking Wake, L79|286/286\n|switch|p2a: Glastrier|Glastrier, L86|312/312\n|turn|1\n|inactive|Battle timer is ON: inactive players will automatically lose when time's up. (requested by MandoWarrior)\n|\n|t:|1781393317\n|switch|p2a: Tentacruel|Tentacruel, L84, F|272/272\n|move|p1a: Walking Wake|Flamethrower|p2a: Tentacruel\n|-resisted|p2a: Tentacruel\n|-damage|p2a: Tentacruel|240/272\n|-damage|p1a: Walking Wake|258/286|[from] item: Life Orb\n|\n|-heal|p2a: Tentacruel|257/272|[from] item: Leftovers\n|upkeep\n|turn|2\n|\n|t:|1781393323\n|-end|p1a: Walking Wake|Protosynthesis|[silent]\n|switch|p1a: Cobalion|Cobalion, L80|277/277\n|move|p2a: Tentacruel|Toxic Spikes|p1a: Cobalion\n|-sidestart|p1: manwhocouldntcook|move: Toxic Spikes\n|\n|-heal|p2a: Tentacruel|272/272|[from] item: Leftovers\n|upkeep\n|turn|3\n|\n|t:|1781393336\n|switch|p2a: Chandelure|Chandelure, L83, F|235/235\n|move|p1a: Cobalion|Stealth Rock|p2a: Chandelure\n|-sidestart|p2: MandoWarrior|move: Stealth Rock\n|\n|upkeep\n|turn|4\n|\n|t:|1781393342\n|move|p1a: Cobalion|Volt Switch|p2a: Chandelure\n|-damage|p2a: Chandelure|190/235\n|\n|t:|1781393345\n|switch|p1a: Dewgong|Dewgong, L94, M|322/322|[from] Volt Switch\n|move|p2a: Chandelure|Fire Blast|p1a: Dewgong\n|-damage|p1a: Dewgong|259/322\n|\n|-heal|p2a: Chandelure|204/235|[from] item: Leftovers\n|upkeep\n|turn|5\n|\n|t:|1781393353\n|switch|p2a: Glastrier|Glastrier, L86|312/312\n|move|p1a: Dewgong|Flip Turn|p2a: Glastrier\n|-crit|p2a: Glastrier\n|-damage|p2a: Glastrier|245/312\n|\n|t:|1781393356\n|switch|p1a: Forretress|Forretress, L84, F|263/263|[from] Flip Turn\n|\n|upkeep\n|turn|6\n|\n|t:|1781393367\n|move|p1a: Forretress|Spikes|p2a: Glastrier\n|-sidestart|p2: MandoWarrior|Spikes\n|move|p2a: Glastrier|Swords Dance|p2a: Glastrier\n|-boost|p2a: Glastrier|atk|2\n|\n|upkeep\n|turn|7\n|\n|t:|1781393379\n|switch|p2a: Tentacruel|Tentacruel, L84, F|272/272\n|-damage|p2a: Tentacruel|238/272|[from] Stealth Rock\n|-damage|p2a: Tentacruel|204/272|[from] Spikes\n|move|p1a: Forretress|Iron Head|p2a: Tentacruel\n|-resisted|p2a: Tentacruel\n|-damage|p2a: Tentacruel|152/272\n|\n|-heal|p2a: Tentacruel|169/272|[from] item: Leftovers\n|upkeep\n|turn|8\n|\n|t:|1781393390\n|move|p2a: Tentacruel|Surf|p1a: Forretress\n|-damage|p1a: Forretress|158/263\n|move|p1a: Forretress|Rapid Spin|p2a: Tentacruel\n|-damage|p2a: Tentacruel|129/272\n|-boost|p1a: Forretress|spe|1\n|-sideend|p1: manwhocouldntcook|Toxic Spikes|[from] move: Rapid Spin|[of] p1a: Forretress\n|\n|-heal|p2a: Tentacruel|146/272|[from] item: Leftovers\n|-heal|p1a: Forretress|174/263|[from] item: Leftovers\n|upkeep\n|turn|9\n|\n|t:|1781393401\n|move|p2a: Tentacruel|Rapid Spin|p1a: Forretress\n|-resisted|p1a: Forretress\n|-damage|p1a: Forretress|165/263\n|-boost|p2a: Tentacruel|spe|1\n|-sideend|p2: MandoWarrior|Spikes|[from] move: Rapid Spin|[of] p2a: Tentacruel\n|-sideend|p2: MandoWarrior|Stealth Rock|[from] move: Rapid Spin|[of] p2a: Tentacruel\n|move|p1a: Forretress|Iron Head|p2a: Tentacruel\n|-resisted|p2a: Tentacruel\n|-damage|p2a: Tentacruel|98/272\n|\n|-heal|p2a: Tentacruel|115/272|[from] item: Leftovers\n|-heal|p1a: Forretress|181/263|[from] item: Leftovers\n|upkeep\n|turn|10\n|\n|t:|1781393404\n|move|p2a: Tentacruel|Surf|p1a: Forretress\n|-damage|p1a: Forretress|63/263\n|move|p1a: Forretress|Iron Head|p2a: Tentacruel\n|-resisted|p2a: Tentacruel\n|-damage|p2a: Tentacruel|69/272\n|\n|-heal|p2a: Tentacruel|86/272|[from] item: Leftovers\n|-heal|p1a: Forretress|79/263|[from] item: Leftovers\n|upkeep\n|turn|11\n|\n|t:|1781393408\n|move|p2a: Tentacruel|Surf|p1a: Forretress\n|-damage|p1a: Forretress|0 fnt\n|faint|p1a: Forretress\n|\n|-heal|p2a: Tentacruel|103/272|[from] item: Leftovers\n|upkeep\n|\n|t:|1781393415\n|switch|p1a: Appletun|Appletun, L92, F|352/352\n|turn|12\n|\n|t:|1781393419\n|switch|p2a: Yanmega|Yanmega, L82, M|275/275\n|move|p1a: Appletun|Draco Meteor|p2a: Yanmega\n|-damage|p2a: Yanmega|40/275\n|-unboost|p1a: Appletun|spa|2\n|\n|upkeep\n|turn|13\n|\n|t:|1781393423\n|switch|p1a: Cobalion|Cobalion, L80|277/277\n|move|p2a: Yanmega|Air Slash|p1a: Cobalion|[miss]\n|-miss|p2a: Yanmega|p1a: Cobalion\n|\n|-ability|p2a: Yanmega|Speed Boost|boost\n|-boost|p2a: Yanmega|spe|1\n|upkeep\n|turn|14\n|\n|t:|1781393429\n|switch|p2a: Chandelure|Chandelure, L83, F|204/235\n|move|p1a: Cobalion|Volt Switch|p2a: Chandelure\n|-damage|p2a: Chandelure|163/235\n|\n|t:|1781393431\n|switch|p1a: Walking Wake|Walking Wake, L79|258/286|[from] Volt Switch\n|\n|-heal|p2a: Chandelure|177/235|[from] item: Leftovers\n|upkeep\n|turn|15\n|\n|t:|1781393436\n|switch|p2a: Yanmega|Yanmega, L82, M|40/275\n|move|p1a: Walking Wake|Sunny Day|p1a: Walking Wake\n|-weather|SunnyDay\n|-activate|p1a: Walking Wake|ability: Protosynthesis\n|-start|p1a: Walking Wake|protosynthesisspa\n|\n|-weather|SunnyDay|[upkeep]\n|upkeep\n|turn|16\n|\n|t:|1781393440\n|move|p2a: Yanmega|Protect|p2a: Yanmega\n|-singleturn|p2a: Yanmega|Protect\n|move|p1a: Walking Wake|Hydro Steam|p2a: Yanmega\n|-activate|p2a: Yanmega|move: Protect\n|\n|-weather|SunnyDay|[upkeep]\n|-ability|p2a: Yanmega|Speed Boost|boost\n|-boost|p2a: Yanmega|spe|1\n|upkeep\n|turn|17\n|\n|t:|1781393442\n|move|p2a: Yanmega|Air Slash|p1a: Walking Wake\n|-damage|p1a: Walking Wake|168/286\n|cant|p1a: Walking Wake|flinch\n|\n|-weather|SunnyDay|[upkeep]\n|-ability|p2a: Yanmega|Speed Boost|boost\n|-boost|p2a: Yanmega|spe|1\n|upkeep\n|turn|18\n|\n|t:|1781393444\n|move|p2a: Yanmega|Protect|p2a: Yanmega\n|-singleturn|p2a: Yanmega|Protect\n|move|p1a: Walking Wake|Hydro Steam|p2a: Yanmega\n|-activate|p2a: Yanmega|move: Protect\n|\n|-weather|SunnyDay|[upkeep]\n|-ability|p2a: Yanmega|Speed Boost|boost\n|-boost|p2a: Yanmega|spe|1\n|upkeep\n|turn|19\n|\n|t:|1781393446\n|move|p2a: Yanmega|Air Slash|p1a: Walking Wake\n|-damage|p1a: Walking Wake|72/286\n|move|p1a: Walking Wake|Hydro Steam|p2a: Yanmega\n|-damage|p2a: Yanmega|0 fnt\n|faint|p2a: Yanmega\n|-damage|p1a: Walking Wake|44/286|[from] item: Life Orb\n|\n|-weather|none\n|-end|p1a: Walking Wake|Protosynthesis\n|upkeep\n|\n|t:|1781393452\n|switch|p2a: Tentacruel|Tentacruel, L84, F|103/272\n|turn|20\n|\n|t:|1781393456\n|move|p1a: Walking Wake|Sunny Day|p1a: Walking Wake\n|-weather|SunnyDay\n|-activate|p1a: Walking Wake|ability: Protosynthesis\n|-start|p1a: Walking Wake|protosynthesisspa\n|move|p2a: Tentacruel|Toxic Spikes|p1a: Walking Wake\n|-sidestart|p1: manwhocouldntcook|move: Toxic Spikes\n|\n|-weather|SunnyDay|[upkeep]\n|-heal|p2a: Tentacruel|120/272|[from] item: Leftovers\n|upkeep\n|turn|21\n|\n|t:|1781393461\n|move|p1a: Walking Wake|Draco Meteor|p2a: Tentacruel\n|-damage|p2a: Tentacruel|0 fnt\n|-unboost|p1a: Walking Wake|spa|2\n|faint|p2a: Tentacruel\n|-damage|p1a: Walking Wake|16/286|[from] item: Life Orb\n|\n|-weather|SunnyDay|[upkeep]\n|upkeep\n|\n|t:|1781393466\n|switch|p2a: Regigigas|Regigigas, L84|322/322\n|-start|p2a: Regigigas|ability: Slow Start\n|turn|22\n|\n|t:|1781393468\n|move|p1a: Walking Wake|Hydro Steam|p2a: Regigigas\n|-damage|p2a: Regigigas|228/322\n|-damage|p1a: Walking Wake|0 fnt|[from] item: Life Orb\n|faint|p1a: Walking Wake\n|-end|p1a: Walking Wake|Protosynthesis|[silent]\n|move|p2a: Regigigas|Substitute|p2a: Regigigas\n|-start|p2a: Regigigas|Substitute\n|-damage|p2a: Regigigas|148/322\n|\n|-weather|SunnyDay|[upkeep]\n|-heal|p2a: Regigigas|168/322|[from] item: Leftovers\n|upkeep\n|\n|t:|1781393471\n|switch|p1a: Cobalion|Cobalion, L80|277/277\n|turn|23\n|\n|t:|1781393475\n|move|p2a: Regigigas|Protect|p2a: Regigigas\n|-singleturn|p2a: Regigigas|Protect\n|move|p1a: Cobalion|Body Press|p2a: Regigigas\n|-activate|p2a: Regigigas|move: Protect\n|\n|-weather|SunnyDay|[upkeep]\n|-heal|p2a: Regigigas|188/322|[from] item: Leftovers\n|upkeep\n|turn|24\n|\n|t:|1781393477\n|move|p1a: Cobalion|Body Press|p2a: Regigigas\n|-supereffective|p2a: Regigigas\n|-end|p2a: Regigigas|Substitute\n|move|p2a: Regigigas|Body Slam|p1a: Cobalion\n|-resisted|p1a: Cobalion\n|-damage|p1a: Cobalion|250/277\n|\n|-weather|none\n|-heal|p1a: Cobalion|267/277|[from] item: Leftovers\n|-heal|p2a: Regigigas|208/322|[from] item: Leftovers\n|upkeep\n|turn|25\n|\n|t:|1781393481\n|move|p1a: Cobalion|Stealth Rock|p2a: Regigigas\n|-sidestart|p2: MandoWarrior|move: Stealth Rock\n|move|p2a: Regigigas|Body Slam|p1a: Cobalion\n|-resisted|p1a: Cobalion\n|-damage|p1a: Cobalion|243/277\n|\n|-heal|p1a: Cobalion|260/277|[from] item: Leftovers\n|-heal|p2a: Regigigas|228/322|[from] item: Leftovers\n|upkeep\n|turn|26\n|\n|t:|1781393483\n|move|p2a: Regigigas|Protect|p2a: Regigigas\n|-singleturn|p2a: Regigigas|Protect\n|move|p1a: Cobalion|Body Press|p2a: Regigigas\n|-activate|p2a: Regigigas|move: Protect\n|\n|-heal|p1a: Cobalion|277/277|[from] item: Leftovers\n|-heal|p2a: Regigigas|248/322|[from] item: Leftovers\n|-end|p2a: Regigigas|Slow Start\n|upkeep\n|turn|27\n|\n|t:|1781393487\n|switch|p2a: Chandelure|Chandelure, L83, F|177/235\n|-damage|p2a: Chandelure|119/235|[from] Stealth Rock\n|move|p1a: Cobalion|Body Press|p2a: Chandelure\n|-immune|p2a: Chandelure\n|\n|-heal|p2a: Chandelure|133/235|[from] item: Leftovers\n|upkeep\n|turn|28\n|\n|t:|1781393492\n|move|p1a: Cobalion|Volt Switch|p2a: Chandelure\n|-damage|p2a: Chandelure|89/235\n|\n|t:|1781393494\n|switch|p1a: Dewgong|Dewgong, L94, M|259/322|[from] Volt Switch\n|move|p2a: Chandelure|Shadow Ball|p1a: Dewgong\n|-damage|p1a: Dewgong|165/322\n|\n|-heal|p2a: Chandelure|103/235|[from] item: Leftovers\n|upkeep\n|turn|29\n|\n|t:|1781393501\n|switch|p2a: Glastrier|Glastrier, L86|245/312\n|move|p1a: Dewgong|Surf|p2a: Glastrier\n|-damage|p2a: Glastrier|170/312\n|\n|upkeep\n|turn|30\n|\n|t:|1781393507\n|move|p1a: Dewgong|Surf|p2a: Glastrier\n|-damage|p2a: Glastrier|95/312\n|move|p2a: Glastrier|Heavy Slam|p1a: Dewgong\n|-damage|p1a: Dewgong|41/322\n|\n|upkeep\n|turn|31\n|\n|t:|1781393512\n|move|p1a: Dewgong|Surf|p2a: Glastrier\n|-damage|p2a: Glastrier|22/312\n|move|p2a: Glastrier|High Horsepower|p1a: Dewgong\n|-damage|p1a: Dewgong|0 fnt\n|faint|p1a: Dewgong\n|-ability|p2a: Glastrier|Chilling Neigh|boost\n|-boost|p2a: Glastrier|atk|1\n|\n|upkeep\n|\n|t:|1781393514\n|switch|p1a: Cobalion|Cobalion, L80|277/277\n|turn|32\n|\n|t:|1781393517\n|move|p1a: Cobalion|Iron Head|p2a: Glastrier\n|-supereffective|p2a: Glastrier\n|-damage|p2a: Glastrier|0 fnt\n|faint|p2a: Glastrier\n|\n|upkeep\n|\n|t:|1781393519\n|switch|p2a: Clawitzer|Clawitzer, L87, M|265/265\n|-damage|p2a: Clawitzer|232/265|[from] Stealth Rock\n|turn|33\n|\n|t:|1781393523\n|move|p1a: Cobalion|Volt Switch|p2a: Clawitzer\n|-supereffective|p2a: Clawitzer\n|-damage|p2a: Clawitzer|152/265\n|\n|t:|1781393525\n|switch|p1a: Illumise|Illumise, L91, F|266/266|[from] Volt Switch\n|move|p2a: Clawitzer|Aura Sphere|p1a: Illumise\n|-resisted|p1a: Illumise\n|-damage|p1a: Illumise|187/266\n|\n|upkeep\n|turn|34\n|\n|t:|1781393530\n|switch|p2a: Chandelure|Chandelure, L83, F|103/235\n|-damage|p2a: Chandelure|45/235|[from] Stealth Rock\n|move|p1a: Illumise|Bug Buzz|p2a: Chandelure\n|-resisted|p2a: Chandelure\n|-damage|p2a: Chandelure|24/235\n|-unboost|p2a: Chandelure|spd|1\n|\n|-heal|p2a: Chandelure|38/235|[from] item: Leftovers\n|upkeep\n|turn|35\n|\n|t:|1781393533\n|move|p1a: Illumise|Bug Buzz|p2a: Chandelure\n|-resisted|p2a: Chandelure\n|-damage|p2a: Chandelure|6/235\n|move|p2a: Chandelure|Fire Blast|p1a: Illumise\n|-supereffective|p1a: Illumise\n|-damage|p1a: Illumise|0 fnt\n|faint|p1a: Illumise\n|\n|-heal|p2a: Chandelure|20/235|[from] item: Leftovers\n|upkeep\n|\n|t:|1781393536\n|switch|p1a: Cobalion|Cobalion, L80|277/277\n|turn|36\n|\n|t:|1781393539\n|move|p1a: Cobalion|Iron Head|p2a: Chandelure\n|-resisted|p2a: Chandelure\n|-damage|p2a: Chandelure|0 fnt\n|faint|p2a: Chandelure\n|\n|upkeep\n|\n|t:|1781393542\n|switch|p2a: Clawitzer|Clawitzer, L87, M|152/265\n|-damage|p2a: Clawitzer|119/265|[from] Stealth Rock\n|turn|37\n|\n|t:|1781393545\n|switch|p2a: Regigigas|Regigigas, L84|248/322\n|-damage|p2a: Regigigas|208/322|[from] Stealth Rock\n|-start|p2a: Regigigas|ability: Slow Start\n|move|p1a: Cobalion|Volt Switch|p2a: Regigigas\n|-damage|p2a: Regigigas|170/322\n|\n|t:|1781393547\n|switch|p1a: Appletun|Appletun, L92, F|352/352|[from] Volt Switch\n|-status|p1a: Appletun|psn\n|\n|-heal|p2a: Regigigas|190/322|[from] item: Leftovers\n|-damage|p1a: Appletun|308/352 psn|[from] psn\n|upkeep\n|turn|38\n|\n|t:|1781393551\n|move|p2a: Regigigas|Protect|p2a: Regigigas\n|-singleturn|p2a: Regigigas|Protect\n|move|p1a: Appletun|Dragon Tail|p2a: Regigigas\n|-activate|p2a: Regigigas|move: Protect\n|\n|-heal|p1a: Appletun|330/352 psn|[from] item: Leftovers\n|-heal|p2a: Regigigas|210/322|[from] item: Leftovers\n|-damage|p1a: Appletun|286/352 psn|[from] psn\n|upkeep\n|turn|39\n|\n|t:|1781393557\n|move|p2a: Regigigas|Substitute|p2a: Regigigas\n|-start|p2a: Regigigas|Substitute\n|-damage|p2a: Regigigas|130/322\n|move|p1a: Appletun|Apple Acid|p2a: Regigigas\n|-end|p2a: Regigigas|Substitute\n|\n|-heal|p2a: Regigigas|150/322|[from] item: Leftovers\n|-heal|p1a: Appletun|308/352 psn|[from] item: Leftovers\n|-damage|p1a: Appletun|264/352 psn|[from] psn\n|upkeep\n|turn|40\n|\n|t:|1781393560\n|move|p2a: Regigigas|Protect|p2a: Regigigas\n|-singleturn|p2a: Regigigas|Protect\n|move|p1a: Appletun|Apple Acid|p2a: Regigigas\n|-activate|p2a: Regigigas|move: Protect\n|\n|-heal|p1a: Appletun|286/352 psn|[from] item: Leftovers\n|-heal|p2a: Regigigas|170/322|[from] item: Leftovers\n|-damage|p1a: Appletun|242/352 psn|[from] psn\n|upkeep\n|turn|41\n|\n|t:|1781393562\n|move|p1a: Appletun|Apple Acid|p2a: Regigigas\n|-damage|p2a: Regigigas|77/322\n|-unboost|p2a: Regigigas|spd|1\n|move|p2a: Regigigas|Substitute|p2a: Regigigas\n|-fail|p2a: Regigigas|move: Substitute|[weak]\n|\n|-heal|p2a: Regigigas|97/322|[from] item: Leftovers\n|-heal|p1a: Appletun|264/352 psn|[from] item: Leftovers\n|-damage|p1a: Appletun|220/352 psn|[from] psn\n|upkeep\n|turn|42\n|\n|t:|1781393565\n|move|p2a: Regigigas|Protect|p2a: Regigigas\n|-singleturn|p2a: Regigigas|Protect\n|move|p1a: Appletun|Recover|p1a: Appletun\n|-heal|p1a: Appletun|352/352 psn\n|\n|-heal|p2a: Regigigas|117/322|[from] item: Leftovers\n|-damage|p1a: Appletun|308/352 psn|[from] psn\n|-end|p2a: Regigigas|Slow Start\n|upkeep\n|turn|43\n|\n|t:|1781393573\n|move|p2a: Regigigas|Body Slam|p1a: Appletun\n|-damage|p1a: Appletun|178/352 psn\n|move|p1a: Appletun|Apple Acid|p2a: Regigigas\n|-damage|p2a: Regigigas|0 fnt\n|faint|p2a: Regigigas\n|-end|p2a: Regigigas|Slow Start|[silent]\n|\n|-heal|p1a: Appletun|200/352 psn|[from] item: Leftovers\n|-damage|p1a: Appletun|156/352 psn|[from] psn\n|upkeep\n|\n|t:|1781393575\n|switch|p2a: Clawitzer|Clawitzer, L87, M|119/265\n|-damage|p2a: Clawitzer|86/265|[from] Stealth Rock\n|turn|44\n|\n|t:|1781393577\n|move|p2a: Clawitzer|Aura Sphere|p1a: Appletun\n|-damage|p1a: Appletun|0 fnt\n|faint|p1a: Appletun\n|\n|upkeep\n|\n|t:|1781393578\n|switch|p1a: Cobalion|Cobalion, L80|277/277\n|turn|45\n|\n|t:|1781393582\n|-terastallize|p1a: Cobalion|Ghost\n|-terastallize|p2a: Clawitzer|Dark\n|move|p1a: Cobalion|Body Press|p2a: Clawitzer\n|-supereffective|p2a: Clawitzer\n|-damage|p2a: Clawitzer|0 fnt\n|faint|p2a: Clawitzer\n|\n|win|manwhocouldntcook\n", "uploadtime": 1781393310, "views": 3, "formatid": "gen9randombattle", "rating": null, "private": 0, "password": null}