{"id": "gen9randombattle-2631478281", "format": "[Gen 9] Random Battle", "players": ["paradox2713", "catlib"], "log": "|j|\u2606paradox2713\n|j|\u2606catlib\n|t:|1781389919\n|gametype|singles\n|player|p1|paradox2713|169|1926\n|player|p2|catlib|birdkeeper|1920\n|gen|9\n|tier|[Gen 9] Random Battle\n|rated|\n|rule|Species Clause: Limit one of each Pok\u00e9mon\n|rule|HP Percentage Mod: HP is shown in percentages\n|rule|Sleep Clause Mod: Limit one foe put to sleep\n|rule|Illusion Level Mod: Illusion disguises the Pok\u00e9mon's true level\n|\n|t:|1781389919\n|teamsize|p1|6\n|teamsize|p2|6\n|start\n|switch|p1a: Sceptile|Sceptile, L87, M|264/264\n|switch|p2a: Sinistcha|Sinistcha-Masterpiece, L83|254/254\n|turn|1\n|inactive|Battle timer is ON: inactive players will automatically lose when time's up. (requested by catlib)\n|\n|t:|1781389944\n|switch|p1a: Amoonguss|Amoonguss, L82, M|321/321\n|move|p2a: Sinistcha|Shadow Ball|p1a: Amoonguss\n|-damage|p1a: Amoonguss|212/321\n|\n|-heal|p1a: Amoonguss|232/321|[from] item: Leftovers\n|upkeep\n|turn|2\n|\n|t:|1781389951\n|move|p2a: Sinistcha|Calm Mind|p2a: Sinistcha\n|-boost|p2a: Sinistcha|spa|1\n|-boost|p2a: Sinistcha|spd|1\n|move|p1a: Amoonguss|Sludge Bomb|p2a: Sinistcha\n|-damage|p2a: Sinistcha|191/254\n|\n|-heal|p2a: Sinistcha|206/254|[from] item: Leftovers\n|-heal|p1a: Amoonguss|252/321|[from] item: Leftovers\n|upkeep\n|turn|3\n|\n|t:|1781389957\n|move|p2a: Sinistcha|Shadow Ball|p1a: Amoonguss\n|-damage|p1a: Amoonguss|77/321\n|-unboost|p1a: Amoonguss|spd|1\n|move|p1a: Amoonguss|Clear Smog|p2a: Sinistcha\n|-damage|p2a: Sinistcha|173/254\n|-clearboost|p2a: Sinistcha\n|\n|-heal|p2a: Sinistcha|188/254|[from] item: Leftovers\n|-heal|p1a: Amoonguss|97/321|[from] item: Leftovers\n|upkeep\n|turn|4\n|\n|t:|1781389973\n|switch|p1a: Excadrill|Excadrill, L79, M|303/303\n|-ability|p1a: Excadrill|Mold Breaker\n|move|p2a: Sinistcha|Shadow Ball|p1a: Excadrill\n|-damage|p1a: Excadrill|219/303\n|\n|-heal|p2a: Sinistcha|203/254|[from] item: Leftovers\n|upkeep\n|turn|5\n|\n|t:|1781389987\n|move|p1a: Excadrill|Iron Head|p2a: Sinistcha\n|-damage|p2a: Sinistcha|109/254\n|move|p2a: Sinistcha|Strength Sap|p1a: Excadrill\n|-unboost|p1a: Excadrill|atk|1\n|-heal|p2a: Sinistcha|254/254\n|\n|upkeep\n|turn|6\n|\n|t:|1781390004\n|switch|p1a: Amoonguss|Amoonguss, L82, M|204/321\n|switch|p2a: Decidueye|Decidueye-Hisui, L87, M|295/295\n|\n|-heal|p1a: Amoonguss|224/321|[from] item: Leftovers\n|upkeep\n|turn|7\n|\n|t:|1781390020\n|switch|p2a: Salazzle|Salazzle, L83, F|249/249\n|move|p1a: Amoonguss|Sludge Bomb|p2a: Salazzle\n|-resisted|p2a: Salazzle\n|-crit|p2a: Salazzle\n|-damage|p2a: Salazzle|171/249\n|\n|-heal|p1a: Amoonguss|244/321|[from] item: Leftovers\n|upkeep\n|turn|8\n|\n|t:|1781390025\n|switch|p1a: Basculin|Basculin-Blue-Striped, L86, F|261/261\n|move|p2a: Salazzle|Fire Blast|p1a: Basculin\n|-resisted|p1a: Basculin\n|-damage|p1a: Basculin|172/261\n|\n|upkeep\n|turn|9\n|\n|t:|1781390033\n|switch|p2a: Palafin|Palafin, L77, M|281/281\n|move|p1a: Basculin|Flip Turn|p2a: Palafin\n|-resisted|p2a: Palafin\n|-damage|p2a: Palafin|201/281\n|\n|t:|1781390042\n|switch|p1a: Annihilape|Annihilape, L76, F|292/292|[from] Flip Turn\n|\n|-heal|p2a: Palafin|218/281|[from] item: Leftovers\n|upkeep\n|turn|10\n|\n|t:|1781390051\n|detailschange|p2a: Palafin|Palafin-Hero, L77, M\n|switch|p2a: Eiscue|Eiscue, L88, M|274/274\n|move|p1a: Annihilape|Bulk Up|p1a: Annihilape\n|-boost|p1a: Annihilape|atk|1\n|-boost|p1a: Annihilape|def|1\n|\n|upkeep\n|turn|11\n|\n|t:|1781390057\n|move|p1a: Annihilape|Bulk Up|p1a: Annihilape\n|-boost|p1a: Annihilape|atk|1\n|-boost|p1a: Annihilape|def|1\n|move|p2a: Eiscue|Belly Drum|p2a: Eiscue\n|-damage|p2a: Eiscue|137/274\n|-setboost|p2a: Eiscue|atk|6|[from] move: Belly Drum\n|-enditem|p2a: Eiscue|Sitrus Berry|[eat]\n|-heal|p2a: Eiscue|205/274|[from] item: Sitrus Berry\n|\n|upkeep\n|turn|12\n|\n|t:|1781390072\n|move|p1a: Annihilape|Bulk Up|p1a: Annihilape\n|-boost|p1a: Annihilape|atk|1\n|-boost|p1a: Annihilape|def|1\n|move|p2a: Eiscue|Ice Spinner|p1a: Annihilape\n|-damage|p1a: Annihilape|136/292\n|\n|upkeep\n|turn|13\n|\n|t:|1781390079\n|move|p1a: Annihilape|Bulk Up|p1a: Annihilape\n|-boost|p1a: Annihilape|atk|1\n|-boost|p1a: Annihilape|def|1\n|move|p2a: Eiscue|Ice Spinner|p1a: Annihilape\n|-damage|p1a: Annihilape|19/292\n|\n|upkeep\n|turn|14\n|\n|t:|1781390085\n|move|p1a: Annihilape|Rest|p1a: Annihilape\n|-status|p1a: Annihilape|slp|[from] move: Rest\n|-heal|p1a: Annihilape|292/292 slp|[silent]\n|-enditem|p1a: Annihilape|Chesto Berry|[eat]\n|-curestatus|p1a: Annihilape|slp|[msg]\n|move|p2a: Eiscue|Ice Spinner|p1a: Annihilape\n|-crit|p1a: Annihilape\n|-damage|p1a: Annihilape|0 fnt\n|faint|p1a: Annihilape\n|\n|upkeep\n|\n|t:|1781390103\n|switch|p1a: Amoonguss|Amoonguss, L82, M|321/321\n|turn|15\n|\n|t:|1781390106\n|-terastallize|p1a: Amoonguss|Water\n|move|p2a: Eiscue|Ice Spinner|p1a: Amoonguss\n|-resisted|p1a: Amoonguss\n|-damage|p1a: Amoonguss|128/321\n|move|p1a: Amoonguss|Spore|p2a: Eiscue\n|-status|p2a: Eiscue|slp|[from] move: Spore\n|\n|-heal|p1a: Amoonguss|148/321|[from] item: Leftovers\n|upkeep\n|turn|16\n|\n|t:|1781390117\n|switch|p1a: Dragapult|Dragapult, L77, F|262/262\n|cant|p2a: Eiscue|slp\n|\n|upkeep\n|turn|17\n|\n|t:|1781390121\n|move|p1a: Dragapult|Dragon Dance|p1a: Dragapult\n|-boost|p1a: Dragapult|atk|1\n|-boost|p1a: Dragapult|spe|1\n|cant|p2a: Eiscue|slp\n|\n|upkeep\n|turn|18\n|\n|t:|1781390128\n|move|p1a: Dragapult|Dragon Darts|p2a: Eiscue\n|-activate|p2a: Eiscue|ability: Ice Face\n|-damage|p2a: Eiscue|205/274 slp\n|detailschange|p2a: Eiscue|Eiscue-Noice, L88, M\n|-anim|p1a: Dragapult|Dragon Darts|p2a: Eiscue\n|-damage|p2a: Eiscue|79/274 slp\n|-damage|p1a: Dragapult|236/262|[from] item: Life Orb\n|-curestatus|p2a: Eiscue|slp|[msg]\n|move|p2a: Eiscue|Ice Spinner|p1a: Dragapult\n|-supereffective|p1a: Dragapult\n|-damage|p1a: Dragapult|0 fnt\n|faint|p1a: Dragapult\n|\n|upkeep\n|\n|t:|1781390150\n|switch|p1a: Basculin|Basculin-Blue-Striped, L86, F|172/261\n|turn|19\n|\n|t:|1781390160\n|-terastallize|p2a: Eiscue|Water\n|move|p1a: Basculin|Aqua Jet|p2a: Eiscue\n|-resisted|p2a: Eiscue\n|-damage|p2a: Eiscue|34/274\n|move|p2a: Eiscue|Liquidation|p1a: Basculin\n|-resisted|p1a: Basculin\n|-damage|p1a: Basculin|0 fnt\n|faint|p1a: Basculin\n|\n|upkeep\n|\n|t:|1781390168\n|switch|p1a: Amoonguss|Amoonguss, L82, M, tera:Water|255/321\n|turn|20\n|\n|t:|1781390172\n|move|p2a: Eiscue|Liquidation|p1a: Amoonguss\n|-resisted|p1a: Amoonguss\n|-damage|p1a: Amoonguss|61/321\n|move|p1a: Amoonguss|Giga Drain|p2a: Eiscue\n|-supereffective|p2a: Eiscue\n|-damage|p2a: Eiscue|0 fnt\n|-heal|p1a: Amoonguss|78/321|[from] drain|[of] p2a: Eiscue\n|faint|p2a: Eiscue\n|\n|-heal|p1a: Amoonguss|98/321|[from] item: Leftovers\n|upkeep\n|\n|t:|1781390184\n|switch|p2a: Salazzle|Salazzle, L83, F|171/249\n|turn|21\n|-message|paradox2713 forfeited.\n|\n|win|catlib\n|raw|paradox2713's rating: 1926 &rarr; <strong>1906</strong><br />(-20 for losing)\n|raw|catlib's rating: 1920 &rarr; <strong>1940</strong><br />(+20 for winning)\n|l|\u2606paradox2713\n|player|p1|\n", "uploadtime": 1781389921, "views": 6, "formatid": "gen9randombattle", "rating": 1906, "private": 0, "password": null}