{"id": "gen9randombattle-2631474974", "format": "[Gen 9] Random Battle", "players": ["64stadiumannouncer", "noocha"], "log": "|j|\u260664stadiumannouncer\n|j|\u2606noocha\n|t:|1781389442\n|gametype|singles\n|player|p1|64stadiumannouncer|170|2085\n|player|p2|noocha|hanbei-conquest|2046\n|gen|9\n|tier|[Gen 9] Random Battle\n|rated|\n|rule|Species Clause: Limit one of each Pok\u00e9mon\n|rule|HP Percentage Mod: HP is shown in percentages\n|rule|Sleep Clause Mod: Limit one foe put to sleep\n|rule|Illusion Level Mod: Illusion disguises the Pok\u00e9mon's true level\n|\n|t:|1781389442\n|teamsize|p1|6\n|teamsize|p2|6\n|start\n|switch|p1a: Zarude|Zarude-Dada, L77|288/288\n|switch|p2a: Smeargle|Smeargle, L95, F|258/258\n|turn|1\n|\n|t:|1781389463\n|switch|p2a: Hitmontop|Hitmontop, L88, M|231/231\n|move|p1a: Zarude|Close Combat|p2a: Hitmontop\n|-crit|p2a: Hitmontop\n|-damage|p2a: Hitmontop|117/231\n|-unboost|p1a: Zarude|def|1\n|-unboost|p1a: Zarude|spd|1\n|\n|-heal|p2a: Hitmontop|131/231|[from] item: Leftovers\n|upkeep\n|turn|2\n|\n|t:|1781389478\n|switch|p1a: Metagross|Metagross, L79|256/256\n|move|p2a: Hitmontop|Rapid Spin|p1a: Metagross\n|-resisted|p1a: Metagross\n|-damage|p1a: Metagross|234/256\n|-boost|p2a: Hitmontop|spe|1\n|\n|-heal|p2a: Hitmontop|145/231|[from] item: Leftovers\n|upkeep\n|turn|3\n|\n|t:|1781389487\n|move|p2a: Hitmontop|Bulk Up|p2a: Hitmontop\n|-boost|p2a: Hitmontop|atk|1\n|-boost|p2a: Hitmontop|def|1\n|move|p1a: Metagross|Heavy Slam|p2a: Hitmontop\n|-damage|p2a: Hitmontop|22/231\n|\n|-heal|p2a: Hitmontop|36/231|[from] item: Leftovers\n|upkeep\n|turn|4\n|\n|t:|1781389496\n|move|p2a: Hitmontop|Close Combat|p1a: Metagross\n|-crit|p1a: Metagross\n|-damage|p1a: Metagross|0 fnt\n|-unboost|p2a: Hitmontop|def|1\n|-unboost|p2a: Hitmontop|spd|1\n|faint|p1a: Metagross\n|\n|-heal|p2a: Hitmontop|50/231|[from] item: Leftovers\n|upkeep\n|c|\u2606noocha|mb\n|c|\u260664stadiumannouncer|all good brother\n|\n|t:|1781389525\n|switch|p1a: Sylveon|Sylveon, L85, F|300/300\n|turn|5\n|\n|t:|1781389528\n|move|p2a: Hitmontop|Triple Axel|p1a: Sylveon\n|-damage|p1a: Sylveon|255/300\n|-damage|p1a: Sylveon|165/300\n|-damage|p1a: Sylveon|29/300\n|-hitcount|p1a: Sylveon|3\n|move|p1a: Sylveon|Hyper Voice|p2a: Hitmontop\n|-supereffective|p2a: Hitmontop\n|-damage|p2a: Hitmontop|0 fnt\n|faint|p2a: Hitmontop\n|\n|-heal|p1a: Sylveon|47/300|[from] item: Leftovers\n|upkeep\n|\n|t:|1781389536\n|switch|p2a: Glalie|Glalie, L96, M|309/309\n|turn|6\n|\n|t:|1781389549\n|switch|p1a: Azelf|Azelf, L82|257/257\n|move|p2a: Glalie|Freeze-Dry|p1a: Azelf\n|-damage|p1a: Azelf|148/257\n|\n|upkeep\n|turn|7\n|\n|t:|1781389557\n|switch|p2a: Arboliva|Arboliva, L91, M|288/288\n|move|p1a: Azelf|Psychic|p2a: Arboliva\n|-damage|p2a: Arboliva|183/288\n|-damage|p1a: Azelf|123/257|[from] item: Life Orb\n|\n|upkeep\n|turn|8\n|\n|t:|1781389567\n|move|p1a: Azelf|Knock Off|p2a: Arboliva\n|-damage|p2a: Arboliva|89/288\n|-enditem|p2a: Arboliva|Sitrus Berry|[from] move: Knock Off|[of] p1a: Azelf\n|-damage|p1a: Azelf|98/257|[from] item: Life Orb\n|move|p2a: Arboliva|Hyper Voice|p1a: Azelf\n|-damage|p1a: Azelf|0 fnt\n|faint|p1a: Azelf\n|\n|upkeep\n|\n|t:|1781389577\n|switch|p1a: Zarude|Zarude-Dada, L77|288/288\n|turn|9\n|\n|t:|1781389581\n|move|p1a: Zarude|Close Combat|p2a: Arboliva\n|-supereffective|p2a: Arboliva\n|-damage|p2a: Arboliva|0 fnt\n|-unboost|p1a: Zarude|def|1\n|-unboost|p1a: Zarude|spd|1\n|faint|p2a: Arboliva\n|\n|upkeep\n|\n|t:|1781389589\n|switch|p2a: Malamar|Malamar, L82, F|275/275\n|turn|10\n|\n|t:|1781389609\n|move|p1a: Zarude|Close Combat|p2a: Malamar\n|-damage|p2a: Malamar|187/275\n|-unboost|p1a: Zarude|def|1\n|-unboost|p1a: Zarude|spd|1\n|move|p2a: Malamar|Superpower|p1a: Zarude\n|-supereffective|p1a: Zarude\n|-damage|p1a: Zarude|14/288\n|-boost|p2a: Malamar|atk|1\n|-boost|p2a: Malamar|def|1\n|\n|upkeep\n|turn|11\n|\n|t:|1781389619\n|move|p1a: Zarude|Close Combat|p2a: Malamar\n|-damage|p2a: Malamar|134/275\n|-unboost|p1a: Zarude|def|1\n|-unboost|p1a: Zarude|spd|1\n|move|p2a: Malamar|Rest|p2a: Malamar\n|-status|p2a: Malamar|slp|[from] move: Rest\n|-heal|p2a: Malamar|275/275 slp|[silent]\n|-enditem|p2a: Malamar|Chesto Berry|[eat]\n|-curestatus|p2a: Malamar|slp|[msg]\n|\n|upkeep\n|turn|12\n|\n|t:|1781389632\n|switch|p1a: Sylveon|Sylveon, L85, F|47/300\n|move|p2a: Malamar|Superpower|p1a: Sylveon\n|-resisted|p1a: Sylveon\n|-damage|p1a: Sylveon|0 fnt\n|-boost|p2a: Malamar|atk|1\n|-boost|p2a: Malamar|def|1\n|faint|p1a: Sylveon\n|\n|upkeep\n|j| lomomis\n|l| lomomis\n|\n|t:|1781389646\n|switch|p1a: Lanturn|Lanturn, L89, F|367/367\n|turn|13\n|\n|t:|1781389650\n|move|p1a: Lanturn|Scald|p2a: Malamar\n|-crit|p2a: Malamar\n|-damage|p2a: Malamar|128/275\n|-status|p2a: Malamar|brn\n|move|p2a: Malamar|Superpower|p1a: Lanturn\n|-damage|p1a: Lanturn|275/367\n|-boost|p2a: Malamar|atk|1\n|-boost|p2a: Malamar|def|1\n|\n|-damage|p2a: Malamar|111/275 brn|[from] brn\n|upkeep\n|turn|14\n|\n|t:|1781389662\n|move|p1a: Lanturn|Thunderbolt|p2a: Malamar\n|-damage|p2a: Malamar|18/275 brn\n|move|p2a: Malamar|Rest|p2a: Malamar\n|-status|p2a: Malamar|slp|[from] move: Rest\n|-heal|p2a: Malamar|275/275 slp|[silent]\n|\n|upkeep\n|turn|15\n|\n|t:|1781389674\n|move|p1a: Lanturn|Thunderbolt|p2a: Malamar\n|-damage|p2a: Malamar|169/275 slp\n|cant|p2a: Malamar|slp\n|\n|upkeep\n|turn|16\n|\n|t:|1781389679\n|move|p1a: Lanturn|Thunderbolt|p2a: Malamar\n|-damage|p2a: Malamar|60/275 slp\n|cant|p2a: Malamar|slp\n|\n|upkeep\n|turn|17\n|\n|t:|1781389683\n|move|p1a: Lanturn|Thunderbolt|p2a: Malamar\n|-crit|p2a: Malamar\n|-damage|p2a: Malamar|0 fnt\n|faint|p2a: Malamar\n|\n|upkeep\n|\n|t:|1781389696\n|switch|p2a: Smeargle|Smeargle, L95, F|258/258\n|turn|18\n|\n|t:|1781389703\n|move|p2a: Smeargle|Population Bomb|p1a: Lanturn\n|-damage|p1a: Lanturn|253/367\n|-crit|p1a: Lanturn\n|-damage|p1a: Lanturn|219/367\n|-damage|p1a: Lanturn|200/367\n|-damage|p1a: Lanturn|179/367\n|-damage|p1a: Lanturn|160/367\n|-damage|p1a: Lanturn|138/367\n|-damage|p1a: Lanturn|117/367\n|-damage|p1a: Lanturn|98/367\n|-damage|p1a: Lanturn|79/367\n|-damage|p1a: Lanturn|58/367\n|-hitcount|p1a: Lanturn|10\n|move|p1a: Lanturn|Thunder Wave|p2a: Smeargle\n|-status|p2a: Smeargle|par\n|\n|upkeep\n|turn|19\n|\n|t:|1781389721\n|move|p1a: Lanturn|Thunderbolt|p2a: Smeargle\n|-damage|p2a: Smeargle|131/258 par\n|cant|p2a: Smeargle|par\n|\n|upkeep\n|turn|20\n|\n|t:|1781389727\n|move|p1a: Lanturn|Thunderbolt|p2a: Smeargle\n|-damage|p2a: Smeargle|4/258 par\n|cant|p2a: Smeargle|par\n|\n|upkeep\n|turn|21\n|\n|t:|1781389733\n|move|p1a: Lanturn|Volt Switch|p2a: Smeargle\n|-damage|p2a: Smeargle|0 fnt\n|faint|p2a: Smeargle\n|\n|t:|1781389737\n|switch|p1a: Zarude|Zarude-Dada, L77|14/288|[from] Volt Switch\n|\n|upkeep\n|\n|t:|1781389745\n|switch|p2a: Glalie|Glalie, L96, M|309/309\n|turn|22\n|\n|t:|1781389748\n|move|p1a: Zarude|U-turn|p2a: Glalie\n|-damage|p2a: Glalie|266/309\n|\n|t:|1781389751\n|switch|p1a: Lanturn|Lanturn, L89, F|58/367|[from] U-turn\n|move|p2a: Glalie|Freeze-Dry|p1a: Lanturn\n|-supereffective|p1a: Lanturn\n|-damage|p1a: Lanturn|0 fnt\n|faint|p1a: Lanturn\n|\n|upkeep\n|\n|t:|1781389757\n|switch|p1a: Ogerpon|Ogerpon-Hearthflame, L74, F|239/239\n|-ability|p1a: Ogerpon|Mold Breaker\n|turn|23\n|\n|t:|1781389767\n|-terastallize|p1a: Ogerpon|Fire\n|detailschange|p1a: Ogerpon|Ogerpon-Hearthflame-Tera, L74, F, tera:Fire\n|-ability|p1a: Ogerpon|Embody Aspect (Hearthflame)|boost\n|-boost|p1a: Ogerpon|atk|1\n|move|p2a: Glalie|Taunt|p1a: Ogerpon\n|-start|p1a: Ogerpon|move: Taunt\n|move|p1a: Ogerpon|Ivy Cudgel|p2a: Glalie|[anim] Ivy Cudgel Fire\n|-supereffective|p2a: Glalie\n|-damage|p2a: Glalie|0 fnt\n|faint|p2a: Glalie\n|\n|upkeep\n|\n|t:|1781389769\n|switch|p2a: Ogerpon|Ogerpon-Hearthflame, L74, F|239/239\n|-ability|p2a: Ogerpon|Mold Breaker\n|turn|24\n|\n|t:|1781389788\n|-terastallize|p2a: Ogerpon|Fire\n|detailschange|p2a: Ogerpon|Ogerpon-Hearthflame-Tera, L74, F, tera:Fire\n|-ability|p2a: Ogerpon|Embody Aspect (Hearthflame)|boost\n|-boost|p2a: Ogerpon|atk|1\n|move|p1a: Ogerpon|Ivy Cudgel|p2a: Ogerpon|[anim] Ivy Cudgel Fire\n|-resisted|p2a: Ogerpon\n|-damage|p2a: Ogerpon|93/239\n|move|p2a: Ogerpon|Trailblaze|p1a: Ogerpon\n|-resisted|p1a: Ogerpon\n|-damage|p1a: Ogerpon|183/239\n|-boost|p2a: Ogerpon|spe|1\n|\n|upkeep\n|turn|25\n|\n|t:|1781389800\n|move|p2a: Ogerpon|Ivy Cudgel|p1a: Ogerpon|[anim] Ivy Cudgel Fire\n|-resisted|p1a: Ogerpon\n|-damage|p1a: Ogerpon|46/239\n|move|p1a: Ogerpon|Ivy Cudgel|p2a: Ogerpon|[anim] Ivy Cudgel Fire\n|-resisted|p2a: Ogerpon\n|-damage|p2a: Ogerpon|0 fnt\n|faint|p2a: Ogerpon\n|detailschange|p2: Ogerpon|Ogerpon-Hearthflame, L74, F|[silent]\n|\n|win|64stadiumannouncer\n", "uploadtime": 1781389444, "views": 3, "formatid": "gen9randombattle", "rating": null, "private": 0, "password": null}