{"id": "gen9randombattle-2631730168", "format": "[Gen 9] Random Battle", "players": ["rover ray", "DaMoistAvocado"], "log": "|j|\u2606rover ray\n|j|\u2606DaMoistAvocado\n|t:|1781430027\n|gametype|singles\n|player|p1|rover ray|1|1921\n|player|p2|DaMoistAvocado|steven|1948\n|gen|9\n|tier|[Gen 9] Random Battle\n|rated|\n|rule|Species Clause: Limit one of each Pok\u00e9mon\n|rule|HP Percentage Mod: HP is shown in percentages\n|rule|Sleep Clause Mod: Limit one foe put to sleep\n|rule|Illusion Level Mod: Illusion disguises the Pok\u00e9mon's true level\n|\n|t:|1781430027\n|teamsize|p1|6\n|teamsize|p2|6\n|start\n|switch|p1a: Lanturn|Lanturn, L89, M|367/367\n|switch|p2a: Klefki|Klefki, L84, M|233/233\n|turn|1\n|inactive|Battle timer is ON: inactive players will automatically lose when time's up. (requested by rover ray)\n|\n|t:|1781430035\n|move|p2a: Klefki|Play Rough|p1a: Lanturn\n|-damage|p1a: Lanturn|268/367\n|move|p1a: Lanturn|Thunder Wave|p2a: Klefki\n|-status|p2a: Klefki|par\n|\n|upkeep\n|turn|2\n|\n|t:|1781430039\n|move|p2a: Klefki|Spikes|p1a: Lanturn\n|-sidestart|p1: rover ray|Spikes\n|move|p1a: Lanturn|Thunderbolt|p2a: Klefki\n|-damage|p2a: Klefki|148/233 par\n|\n|-heal|p2a: Klefki|162/233 par|[from] item: Leftovers\n|upkeep\n|turn|3\n|\n|t:|1781430046\n|move|p2a: Klefki|Spikes|p1a: Lanturn\n|-sidestart|p1: rover ray|Spikes\n|move|p1a: Lanturn|Thunderbolt|p2a: Klefki\n|-damage|p2a: Klefki|65/233 par\n|\n|-heal|p2a: Klefki|79/233 par|[from] item: Leftovers\n|upkeep\n|turn|4\n|\n|t:|1781430052\n|move|p2a: Klefki|Spikes|p1a: Lanturn\n|-sidestart|p1: rover ray|Spikes\n|move|p1a: Lanturn|Thunderbolt|p2a: Klefki\n|-damage|p2a: Klefki|0 fnt\n|faint|p2a: Klefki\n|\n|upkeep\n|\n|t:|1781430069\n|switch|p2a: Azelf|Azelf, L82|257/257\n|turn|5\n|\n|t:|1781430072\n|move|p2a: Azelf|Psychic|p1a: Lanturn\n|-crit|p1a: Lanturn\n|-damage|p1a: Lanturn|12/367\n|move|p1a: Lanturn|Thunder Wave|p2a: Azelf\n|-status|p2a: Azelf|par\n|\n|upkeep\n|turn|6\n|\n|t:|1781430093\n|move|p1a: Lanturn|Thunderbolt|p2a: Azelf\n|-damage|p2a: Azelf|143/257 par\n|cant|p2a: Azelf|par\n|\n|upkeep\n|turn|7\n|\n|t:|1781430104\n|move|p1a: Lanturn|Thunderbolt|p2a: Azelf\n|-damage|p2a: Azelf|28/257 par\n|move|p2a: Azelf|Psychic|p1a: Lanturn\n|-damage|p1a: Lanturn|0 fnt\n|faint|p1a: Lanturn\n|\n|upkeep\n|\n|t:|1781430110\n|switch|p1a: Cinderace|Cinderace, L77, M|249/249\n|turn|8\n|\n|t:|1781430118\n|move|p1a: Cinderace|Court Change|p1a: Cinderace\n|-start|p1a: Cinderace|typechange|Normal|[from] ability: Libero\n|-swapsideconditions\n|-activate|p1a: Cinderace|move: Court Change\n|move|p2a: Azelf|Psychic|p1a: Cinderace\n|-damage|p1a: Cinderace|59/249\n|\n|upkeep\n|turn|9\n|\n|t:|1781430125\n|move|p1a: Cinderace|U-turn|p2a: Azelf\n|-supereffective|p2a: Azelf\n|-damage|p2a: Azelf|0 fnt\n|faint|p2a: Azelf\n|\n|t:|1781430142\n|switch|p1a: Meloetta|Meloetta, L82|298/298|[from] U-turn\n|\n|upkeep\n|inactive|DaMoistAvocado has 120 seconds left.\n|inactive|DaMoistAvocado has 90 seconds left.\n|\n|t:|1781430221\n|switch|p2a: Houndoom|Houndoom, L87, F|272/272\n|turn|10\n|\n|t:|1781430226\n|move|p2a: Houndoom|Dark Pulse|p1a: Meloetta\n|-supereffective|p1a: Meloetta\n|-damage|p1a: Meloetta|142/298\n|move|p1a: Meloetta|Relic Song|p2a: Houndoom\n|-damage|p2a: Houndoom|151/272\n|-formechange|p1a: Meloetta|Meloetta-Pirouette|[msg]\n|-damage|p1a: Meloetta|113/298|[from] item: Life Orb\n|\n|upkeep\n|turn|11\n|\n|t:|1781430231\n|switch|p2a: Gurdurr|Gurdurr, L85, F|283/283\n|-damage|p2a: Gurdurr|213/283|[from] Spikes\n|move|p1a: Meloetta|Close Combat|p2a: Gurdurr\n|-damage|p2a: Gurdurr|80/283\n|-unboost|p1a: Meloetta|def|1\n|-unboost|p1a: Meloetta|spd|1\n|-damage|p1a: Meloetta|84/298|[from] item: Life Orb\n|\n|upkeep\n|turn|12\n|\n|t:|1781430238\n|move|p2a: Gurdurr|Mach Punch|p1a: Meloetta\n|-supereffective|p1a: Meloetta\n|-damage|p1a: Meloetta|0 fnt\n|faint|p1a: Meloetta\n|\n|upkeep\n|\n|t:|1781430243\n|switch|p1a: Hypno|Hypno, L95, M|315/315\n|turn|13\n|inactive|DaMoistAvocado has 120 seconds left.\n|\n|t:|1781430255\n|move|p1a: Hypno|Psychic Noise|p2a: Gurdurr\n|-supereffective|p2a: Gurdurr\n|-damage|p2a: Gurdurr|0 fnt\n|faint|p2a: Gurdurr\n|\n|upkeep\n|\n|t:|1781430257\n|switch|p2a: Houndoom|Houndoom, L87, F|151/272\n|turn|14\n|\n|t:|1781430266\n|move|p2a: Houndoom|Dark Pulse|p1a: Hypno\n|-supereffective|p1a: Hypno\n|-damage|p1a: Hypno|171/315\n|cant|p1a: Hypno|flinch\n|\n|-heal|p1a: Hypno|190/315|[from] item: Leftovers\n|upkeep\n|turn|15\n|\n|t:|1781430277\n|move|p2a: Houndoom|Dark Pulse|p1a: Hypno\n|-supereffective|p1a: Hypno\n|-damage|p1a: Hypno|38/315\n|move|p1a: Hypno|Knock Off|p2a: Houndoom\n|-resisted|p2a: Houndoom\n|-damage|p2a: Houndoom|100/272\n|-enditem|p2a: Houndoom|Heavy-Duty Boots|[from] move: Knock Off|[of] p1a: Hypno\n|\n|-heal|p1a: Hypno|57/315|[from] item: Leftovers\n|upkeep\n|turn|16\n|inactive|DaMoistAvocado has 120 seconds left.\n|inactive|DaMoistAvocado has 90 seconds left.\n|\n|t:|1781430344\n|move|p2a: Houndoom|Dark Pulse|p1a: Hypno\n|-supereffective|p1a: Hypno\n|-damage|p1a: Hypno|0 fnt\n|faint|p1a: Hypno\n|\n|upkeep\n|\n|t:|1781430350\n|switch|p1a: Cinderace|Cinderace, L77, M|59/249\n|turn|17\n|inactive|DaMoistAvocado has 90 seconds left.\n|\n|t:|1781430373\n|move|p1a: Cinderace|High Jump Kick|p2a: Houndoom\n|-start|p1a: Cinderace|typechange|Fighting|[from] ability: Libero\n|-supereffective|p2a: Houndoom\n|-damage|p2a: Houndoom|0 fnt\n|faint|p2a: Houndoom\n|\n|upkeep\n|\n|t:|1781430380\n|switch|p2a: Lapras|Lapras, L87, M|367/367\n|-damage|p2a: Lapras|276/367|[from] Spikes\n|turn|18\n|\n|t:|1781430389\n|-terastallize|p2a: Lapras|Ground\n|move|p1a: Cinderace|High Jump Kick|p2a: Lapras\n|-damage|p2a: Lapras|137/367\n|move|p2a: Lapras|Dragon Dance|p2a: Lapras\n|-boost|p2a: Lapras|atk|1\n|-boost|p2a: Lapras|spe|1\n|\n|upkeep\n|turn|19\n|inactive|DaMoistAvocado has 60 seconds left.\n|\n|t:|1781430433\n|move|p2a: Lapras|Waterfall|p1a: Cinderace\n|-damage|p1a: Cinderace|0 fnt\n|faint|p1a: Cinderace\n|\n|upkeep\n|\n|t:|1781430436\n|switch|p1a: Tsareena|Tsareena, L87, F|267/267\n|turn|20\n|inactive|DaMoistAvocado has 60 seconds left.\n|\n|t:|1781430454\n|-terastallize|p1a: Tsareena|Fighting\n|move|p2a: Lapras|Icicle Spear|p1a: Tsareena\n|-damage|p1a: Tsareena|233/267\n|-damage|p1a: Tsareena|200/267\n|-damage|p1a: Tsareena|163/267\n|-damage|p1a: Tsareena|130/267\n|-hitcount|p1a: Tsareena|4\n|move|p1a: Tsareena|Power Whip|p2a: Lapras|[miss]\n|-miss|p1a: Tsareena|p2a: Lapras\n|\n|upkeep\n|turn|21\n|\n|t:|1781430463\n|move|p2a: Lapras|Icicle Spear|p1a: Tsareena\n|-damage|p1a: Tsareena|91/267\n|-damage|p1a: Tsareena|57/267\n|-damage|p1a: Tsareena|24/267\n|-damage|p1a: Tsareena|0 fnt\n|faint|p1a: Tsareena\n|-hitcount|p1: Tsareena|4\n|\n|upkeep\n|\n|t:|1781430467\n|switch|p1a: Miraidon|Miraidon, L65|238/238\n|-fieldstart|move: Electric Terrain|[from] ability: Hadron Engine|[of] p1a: Miraidon\n|turn|22\n|inactive|DaMoistAvocado has 60 seconds left.\n|\n|t:|1781430483\n|move|p2a: Lapras|Icicle Spear|p1a: Miraidon\n|-supereffective|p1a: Miraidon\n|-damage|p1a: Miraidon|152/238\n|-supereffective|p1a: Miraidon\n|-damage|p1a: Miraidon|68/238\n|-supereffective|p1a: Miraidon\n|-damage|p1a: Miraidon|0 fnt\n|faint|p1a: Miraidon\n|-hitcount|p1: Miraidon|3\n|\n|win|DaMoistAvocado\n", "uploadtime": 1781430029, "views": 5, "formatid": "gen9randombattle", "rating": null, "private": 0, "password": null}