{"id": "gen9randombattle-2631731824", "format": "[Gen 9] Random Battle", "players": ["nqg", "Highster5"], "log": "|j|\u2606nqg\n|j|\u2606Highster5\n|t:|1781430316\n|gametype|singles\n|player|p1|nqg|102|1951\n|player|p2|Highster5|blue|2021\n|gen|9\n|tier|[Gen 9] Random Battle\n|rated|\n|rule|Species Clause: Limit one of each Pok\u00e9mon\n|rule|HP Percentage Mod: HP is shown in percentages\n|rule|Sleep Clause Mod: Limit one foe put to sleep\n|rule|Illusion Level Mod: Illusion disguises the Pok\u00e9mon's true level\n|\n|t:|1781430316\n|teamsize|p1|6\n|teamsize|p2|6\n|start\n|switch|p1a: Blissey|Blissey, L85, F|572/572\n|switch|p2a: Sableye|Sableye, L88, F|231/231\n|turn|1\n|inactive|Battle timer is ON: inactive players will automatically lose when time's up. (requested by Highster5)\n|\n|t:|1781430335\n|switch|p1a: Meganium|Meganium, L90, M|290/290\n|move|p2a: Sableye|Knock Off|p1a: Meganium\n|-damage|p1a: Meganium|215/290\n|-enditem|p1a: Meganium|Leftovers|[from] move: Knock Off|[of] p2a: Sableye\n|\n|upkeep\n|turn|2\n|\n|t:|1781430355\n|move|p2a: Sableye|Will-O-Wisp|p1a: Meganium|[miss]\n|-miss|p2a: Sableye|p1a: Meganium\n|move|p1a: Meganium|Knock Off|p2a: Sableye\n|-damage|p2a: Sableye|154/231\n|-enditem|p2a: Sableye|Leftovers|[from] move: Knock Off|[of] p1a: Meganium\n|\n|upkeep\n|turn|3\n|\n|t:|1781430360\n|move|p2a: Sableye|Will-O-Wisp|p1a: Meganium|[miss]\n|-miss|p2a: Sableye|p1a: Meganium\n|move|p1a: Meganium|Energy Ball|p2a: Sableye\n|-damage|p2a: Sableye|27/231\n|\n|upkeep\n|turn|4\n|\n|t:|1781430364\n|switch|p2a: Corviknight|Corviknight, L80, F|288/288\n|-ability|p2a: Corviknight|Pressure\n|move|p1a: Meganium|Energy Ball|p2a: Corviknight\n|-resisted|p2a: Corviknight\n|-damage|p2a: Corviknight|261/288\n|\n|-heal|p2a: Corviknight|279/288|[from] item: Leftovers\n|upkeep\n|turn|5\n|inactive|nqg has 120 seconds left.\n|\n|t:|1781430420\n|switch|p1a: Mabosstiff|Mabosstiff, L86, F|278/278\n|move|p2a: Corviknight|Brave Bird|p1a: Mabosstiff\n|-damage|p1a: Mabosstiff|170/278\n|-damage|p2a: Corviknight|243/288|[from] Recoil\n|\n|-heal|p2a: Corviknight|261/288|[from] item: Leftovers\n|upkeep\n|turn|6\n|\n|t:|1781430426\n|move|p1a: Mabosstiff|Wild Charge|p2a: Corviknight\n|-supereffective|p2a: Corviknight\n|-damage|p2a: Corviknight|59/288\n|-damage|p1a: Mabosstiff|119/278|[from] Recoil\n|move|p2a: Corviknight|U-turn|p1a: Mabosstiff\n|-supereffective|p1a: Mabosstiff\n|-crit|p1a: Mabosstiff\n|-damage|p1a: Mabosstiff|5/278\n|\n|t:|1781430429\n|switch|p2a: Eiscue|Eiscue, L88, F|274/274|[from] U-turn\n|\n|upkeep\n|turn|7\n|\n|t:|1781430450\n|move|p1a: Mabosstiff|Wild Charge|p2a: Eiscue\n|-activate|p2a: Eiscue|ability: Ice Face\n|-damage|p2a: Eiscue|274/274\n|detailschange|p2a: Eiscue|Eiscue-Noice, L88, F\n|move|p2a: Eiscue|Belly Drum|p2a: Eiscue\n|-damage|p2a: Eiscue|137/274\n|-setboost|p2a: Eiscue|atk|6|[from] move: Belly Drum\n|-enditem|p2a: Eiscue|Sitrus Berry|[eat]\n|-heal|p2a: Eiscue|205/274|[from] item: Sitrus Berry\n|\n|upkeep\n|turn|8\n|inactive|Highster5 has 120 seconds left.\n|\n|t:|1781430482\n|move|p2a: Eiscue|Ice Spinner|p1a: Mabosstiff\n|-damage|p1a: Mabosstiff|0 fnt\n|faint|p1a: Mabosstiff\n|\n|upkeep\n|inactive|nqg has 90 seconds left.\n|\n|t:|1781430507\n|switch|p1a: Quaquaval|Quaquaval, L79, M|264/264\n|turn|9\n|\n|t:|1781430513\n|-terastallize|p2a: Eiscue|Ground\n|move|p2a: Eiscue|Tera Blast|p1a: Quaquaval|[anim] Tera Blast Ground\n|-damage|p1a: Quaquaval|0 fnt\n|faint|p1a: Quaquaval\n|\n|upkeep\n|\n|t:|1781430521\n|switch|p1a: Lapras|Lapras, L87, M|367/367\n|turn|10\n|\n|t:|1781430525\n|move|p2a: Eiscue|Tera Blast|p1a: Lapras|[anim] Tera Blast Ground\n|-damage|p1a: Lapras|39/367\n|move|p1a: Lapras|Icicle Spear|p2a: Eiscue\n|-supereffective|p2a: Eiscue\n|-damage|p2a: Eiscue|143/274\n|-supereffective|p2a: Eiscue\n|-crit|p2a: Eiscue\n|-damage|p2a: Eiscue|53/274\n|-supereffective|p2a: Eiscue\n|-damage|p2a: Eiscue|0 fnt\n|faint|p2a: Eiscue\n|-hitcount|p2: Eiscue|3\n|\n|upkeep\n|\n|t:|1781430534\n|switch|p2a: Veluza|Veluza, L85, F|292/292\n|turn|11\n|inactive|nqg has 120 seconds left.\n|\n|t:|1781430545\n|move|p2a: Veluza|Psycho Cut|p1a: Lapras\n|-crit|p1a: Lapras\n|-damage|p1a: Lapras|0 fnt\n|faint|p1a: Lapras\n|\n|upkeep\n|inactive|nqg has 90 seconds left.\n|\n|t:|1781430576\n|switch|p1a: Meganium|Meganium, L90, M|215/290\n|turn|12\n|\n|t:|1781430582\n|switch|p2a: Corviknight|Corviknight, L80, F|59/288\n|-ability|p2a: Corviknight|Pressure\n|move|p1a: Meganium|Dragon Tail|p2a: Corviknight\n|-resisted|p2a: Corviknight\n|-damage|p2a: Corviknight|41/288\n|drag|p2a: Veluza|Veluza, L85, F|292/292\n|\n|upkeep\n|turn|13\n|inactive|nqg has 90 seconds left.\n|\n|t:|1781430601\n|move|p2a: Veluza|Psycho Cut|p1a: Meganium\n|-damage|p1a: Meganium|113/290\n|move|p1a: Meganium|Energy Ball|p2a: Veluza\n|-supereffective|p2a: Veluza\n|-damage|p2a: Veluza|70/292\n|\n|upkeep\n|turn|14\n|inactive|nqg has 90 seconds left.\n|\n|t:|1781430625\n|move|p2a: Veluza|Psycho Cut|p1a: Meganium\n|-crit|p1a: Meganium\n|-damage|p1a: Meganium|0 fnt\n|faint|p1a: Meganium\n|\n|upkeep\n|inactive|nqg has 60 seconds left.\n|inactive|nqg has 30 seconds left.\n|inactive|nqg has 20 seconds left.\n|\n|t:|1781430692\n|switch|p1a: Blissey|Blissey, L85, F|572/572\n|turn|15\n|inactive|nqg has 30 seconds left this turn.\n|\n|t:|1781430699\n|switch|p2a: Sableye|Sableye, L88, F|27/231\n|move|p1a: Blissey|Seismic Toss|p2a: Sableye\n|-immune|p2a: Sableye\n|\n|upkeep\n|turn|16\n|\n|t:|1781430706\n|switch|p1a: Slither Wing|Slither Wing, L81|270/270\n|-enditem|p1a: Slither Wing|Booster Energy\n|-activate|p1a: Slither Wing|ability: Protosynthesis|[fromitem]\n|-start|p1a: Slither Wing|protosynthesisatk\n|move|p2a: Sableye|Knock Off|p1a: Slither Wing\n|-resisted|p1a: Slither Wing\n|-crit|p1a: Slither Wing\n|-damage|p1a: Slither Wing|218/270\n|\n|upkeep\n|turn|17\n|\n|t:|1781430715\n|switch|p2a: Corviknight|Corviknight, L80, F|41/288\n|-ability|p2a: Corviknight|Pressure\n|move|p1a: Slither Wing|Acrobatics|p2a: Corviknight\n|-resisted|p2a: Corviknight\n|-damage|p2a: Corviknight|0 fnt\n|faint|p2a: Corviknight\n|\n|upkeep\n|\n|t:|1781430724\n|switch|p2a: Skeledirge|Skeledirge, L79, M|294/294\n|turn|18\n|\n|t:|1781430729\n|-terastallize|p1a: Slither Wing|Flying\n|move|p1a: Slither Wing|Acrobatics|p2a: Skeledirge\n|-damage|p2a: Skeledirge|119/294\n|move|p2a: Skeledirge|Will-O-Wisp|p1a: Slither Wing\n|-status|p1a: Slither Wing|brn\n|\n|-damage|p1a: Slither Wing|202/270 brn|[from] brn\n|upkeep\n|turn|19\n|\n|t:|1781430736\n|move|p1a: Slither Wing|Acrobatics|p2a: Skeledirge\n|-damage|p2a: Skeledirge|35/294\n|move|p2a: Skeledirge|Slack Off|p2a: Skeledirge\n|-heal|p2a: Skeledirge|182/294\n|\n|-damage|p1a: Slither Wing|186/270 brn|[from] brn\n|upkeep\n|turn|20\n|\n|t:|1781430739\n|-end|p1a: Slither Wing|Protosynthesis|[silent]\n|switch|p1a: Blissey|Blissey, L85, F|572/572\n|move|p2a: Skeledirge|Slack Off|p2a: Skeledirge\n|-heal|p2a: Skeledirge|294/294\n|\n|upkeep\n|turn|21\n|\n|t:|1781430746\n|switch|p2a: Alomomola|Alomomola, L87, M|429/429\n|move|p1a: Blissey|Thunder Wave|p2a: Alomomola|[miss]\n|-miss|p1a: Blissey|p2a: Alomomola\n|\n|upkeep\n|turn|22\n|-message|nqg forfeited.\n|\n|win|Highster5\n", "uploadtime": 1781430318, "views": 6, "formatid": "gen9randombattle", "rating": null, "private": 0, "password": null}