{"id": "gen9randombattle-2631561268", "format": "[Gen 9] Random Battle", "players": ["ViPa", "Sowla"], "log": "|j|\u2606ViPa\n|j|\u203dSowla\n|t:|1781401542\n|gametype|singles\n|player|p1|ViPa|guitarist|2234\n|player|p2|Sowla|1|2295\n|gen|9\n|tier|[Gen 9] Random Battle\n|rated|\n|rule|Species Clause: Limit one of each Pok\u00e9mon\n|rule|HP Percentage Mod: HP is shown in percentages\n|rule|Sleep Clause Mod: Limit one foe put to sleep\n|rule|Illusion Level Mod: Illusion disguises the Pok\u00e9mon's true level\n|\n|t:|1781401542\n|teamsize|p1|6\n|teamsize|p2|6\n|start\n|switch|p1a: Groudon|Groudon, L72|263/263\n|switch|p2a: Girafarig|Girafarig, L89, F|269/269\n|-weather|SunnyDay|[from] ability: Drought|[of] p1a: Groudon\n|turn|1\n|inactive|Battle timer is ON: inactive players will automatically lose when time's up. (requested by Sowla)\n|\n|t:|1781401554\n|move|p2a: Girafarig|Nasty Plot|p2a: Girafarig\n|-boost|p2a: Girafarig|spa|2\n|move|p1a: Groudon|Spikes|p2a: Girafarig\n|-sidestart|p2: Sowla|Spikes\n|\n|-weather|SunnyDay|[upkeep]\n|upkeep\n|turn|2\n|\n|t:|1781401558\n|switch|p1a: Bronzong|Bronzong, L88|261/261\n|move|p2a: Girafarig|Shadow Ball|p1a: Bronzong\n|-supereffective|p1a: Bronzong\n|-damage|p1a: Bronzong|87/261\n|-unboost|p1a: Bronzong|spd|1\n|\n|-weather|SunnyDay|[upkeep]\n|-heal|p1a: Bronzong|103/261|[from] item: Leftovers\n|upkeep\n|turn|3\n|\n|t:|1781401576\n|switch|p1a: Raichu|Raichu, L88, F|249/249\n|move|p2a: Girafarig|Shadow Ball|p1a: Raichu\n|-damage|p1a: Raichu|136/249\n|\n|-weather|SunnyDay|[upkeep]\n|upkeep\n|turn|4\n|\n|t:|1781401586\n|move|p1a: Raichu|Thunderbolt|p2a: Girafarig\n|-damage|p2a: Girafarig|166/269\n|-damage|p1a: Raichu|112/249|[from] item: Life Orb\n|move|p2a: Girafarig|Psyshock|p1a: Raichu\n|-damage|p1a: Raichu|0 fnt\n|faint|p1a: Raichu\n|\n|-weather|SunnyDay|[upkeep]\n|upkeep\n|\n|t:|1781401599\n|switch|p1a: Skeledirge|Skeledirge, L79, F|294/294\n|turn|5\n|\n|t:|1781401604\n|-terastallize|p1a: Skeledirge|Fairy\n|move|p2a: Girafarig|Shadow Ball|p1a: Skeledirge\n|-damage|p1a: Skeledirge|216/294\n|move|p1a: Skeledirge|Torch Song|p2a: Girafarig\n|-damage|p2a: Girafarig|75/269\n|-boost|p1a: Skeledirge|spa|1\n|\n|-weather|none\n|upkeep\n|turn|6\n|\n|t:|1781401613\n|move|p2a: Girafarig|Psyshock|p1a: Skeledirge\n|-damage|p1a: Skeledirge|123/294\n|move|p1a: Skeledirge|Torch Song|p2a: Girafarig\n|-damage|p2a: Girafarig|0 fnt\n|-boost|p1a: Skeledirge|spa|1\n|faint|p2a: Girafarig\n|\n|upkeep\n|\n|t:|1781401619\n|switch|p2a: Iron Moth|Iron Moth, L78|253/253\n|turn|7\n|\n|t:|1781401634\n|switch|p1a: Landorus|Landorus, L75, M|257/257\n|move|p2a: Iron Moth|Fire Blast|p1a: Landorus\n|-damage|p1a: Landorus|103/257\n|\n|upkeep\n|turn|8\n|\n|t:|1781401642\n|move|p2a: Iron Moth|Fire Blast|p1a: Landorus|[miss]\n|-miss|p2a: Iron Moth|p1a: Landorus\n|move|p1a: Landorus|Earth Power|p2a: Iron Moth\n|-supereffective|p2a: Iron Moth\n|-damage|p2a: Iron Moth|0 fnt\n|faint|p2a: Iron Moth\n|-end|p2a: Iron Moth|Quark Drive|[silent]\n|\n|upkeep\n|\n|t:|1781401649\n|switch|p2a: Hoopa|Hoopa, L85|275/275\n|-damage|p2a: Hoopa|241/275|[from] Spikes\n|turn|9\n|\n|t:|1781401660\n|move|p2a: Hoopa|Shadow Ball|p1a: Landorus\n|-damage|p1a: Landorus|0 fnt\n|faint|p1a: Landorus\n|\n|upkeep\n|\n|t:|1781401666\n|switch|p1a: Groudon|Groudon, L72|263/263\n|-weather|SunnyDay|[from] ability: Drought|[of] p1a: Groudon\n|turn|10\n|\n|t:|1781401680\n|switch|p2a: Skarmory|Skarmory, L80, F|235/235\n|move|p1a: Groudon|Heat Crash|p2a: Skarmory\n|-supereffective|p2a: Skarmory\n|-damage|p2a: Skarmory|47/235\n|\n|-weather|SunnyDay|[upkeep]\n|-heal|p2a: Skarmory|61/235|[from] item: Leftovers\n|upkeep\n|turn|11\n|\n|t:|1781401688\n|move|p1a: Groudon|Heat Crash|p2a: Skarmory\n|-supereffective|p2a: Skarmory\n|-damage|p2a: Skarmory|0 fnt\n|faint|p2a: Skarmory\n|\n|-weather|SunnyDay|[upkeep]\n|upkeep\n|\n|t:|1781401696\n|switch|p2a: Torkoal|Torkoal, L88, M|266/266\n|turn|12\n|\n|t:|1781401704\n|switch|p1a: Bronzong|Bronzong, L88|103/261\n|move|p2a: Torkoal|Solar Beam||[still]\n|-prepare|p2a: Torkoal|Solar Beam\n|-anim|p2a: Torkoal|Solar Beam|p1a: Bronzong\n|-resisted|p1a: Bronzong\n|-damage|p1a: Bronzong|71/261\n|\n|-weather|SunnyDay|[upkeep]\n|-heal|p1a: Bronzong|87/261|[from] item: Leftovers\n|upkeep\n|turn|13\n|\n|t:|1781401711\n|move|p1a: Bronzong|Stealth Rock|p2a: Torkoal\n|-sidestart|p2: Sowla|move: Stealth Rock\n|move|p2a: Torkoal|Stealth Rock|p1a: Bronzong\n|-sidestart|p1: ViPa|move: Stealth Rock\n|\n|-weather|SunnyDay|[upkeep]\n|-heal|p1a: Bronzong|103/261|[from] item: Leftovers\n|upkeep\n|turn|14\n|\n|t:|1781401715\n|move|p1a: Bronzong|Hypnosis|p2a: Torkoal|[miss]\n|-miss|p1a: Bronzong|p2a: Torkoal\n|move|p2a: Torkoal|Lava Plume|p1a: Bronzong\n|-supereffective|p1a: Bronzong\n|-crit|p1a: Bronzong\n|-damage|p1a: Bronzong|0 fnt\n|faint|p1a: Bronzong\n|\n|-weather|none\n|upkeep\n|\n|t:|1781401737\n|switch|p1a: Skeledirge|Skeledirge, L79, F, tera:Fairy|123/294\n|turn|15\n|\n|t:|1781401741\n|move|p1a: Skeledirge|Slack Off|p1a: Skeledirge\n|-heal|p1a: Skeledirge|270/294\n|move|p2a: Torkoal|Lava Plume|p1a: Skeledirge\n|-damage|p1a: Skeledirge|165/294\n|\n|upkeep\n|turn|16\n|\n|t:|1781401747\n|move|p1a: Skeledirge|Torch Song|p2a: Torkoal\n|-resisted|p2a: Torkoal\n|-damage|p2a: Torkoal|218/266\n|-boost|p1a: Skeledirge|spa|1\n|move|p2a: Torkoal|Lava Plume|p1a: Skeledirge\n|-damage|p1a: Skeledirge|62/294\n|\n|upkeep\n|turn|17\n|\n|t:|1781401749\n|move|p1a: Skeledirge|Slack Off|p1a: Skeledirge\n|-heal|p1a: Skeledirge|209/294\n|move|p2a: Torkoal|Lava Plume|p1a: Skeledirge\n|-damage|p1a: Skeledirge|107/294\n|\n|upkeep\n|turn|18\n|\n|t:|1781401754\n|move|p1a: Skeledirge|Slack Off|p1a: Skeledirge\n|-heal|p1a: Skeledirge|254/294\n|move|p2a: Torkoal|Lava Plume|p1a: Skeledirge\n|-damage|p1a: Skeledirge|160/294\n|-status|p1a: Skeledirge|brn\n|\n|-damage|p1a: Skeledirge|142/294 brn|[from] brn\n|upkeep\n|turn|19\n|\n|t:|1781401761\n|move|p1a: Skeledirge|Hex|p2a: Torkoal\n|-damage|p2a: Torkoal|94/266\n|move|p2a: Torkoal|Lava Plume|p1a: Skeledirge\n|-damage|p1a: Skeledirge|40/294 brn\n|\n|-damage|p1a: Skeledirge|22/294 brn|[from] brn\n|upkeep\n|turn|20\n|\n|t:|1781401765\n|move|p1a: Skeledirge|Hex|p2a: Torkoal\n|-damage|p2a: Torkoal|0 fnt\n|faint|p2a: Torkoal\n|\n|-damage|p1a: Skeledirge|4/294 brn|[from] brn\n|upkeep\n|\n|t:|1781401782\n|switch|p2a: Hoopa|Hoopa, L85|241/275\n|-damage|p2a: Hoopa|207/275|[from] Spikes\n|-damage|p2a: Hoopa|173/275|[from] Stealth Rock\n|turn|21\n|\n|t:|1781401785\n|move|p2a: Hoopa|Shadow Ball|p1a: Skeledirge\n|-damage|p1a: Skeledirge|0 fnt\n|faint|p1a: Skeledirge\n|\n|upkeep\n|\n|t:|1781401788\n|switch|p1a: Groudon|Groudon, L72|263/263\n|-damage|p1a: Groudon|247/263|[from] Stealth Rock\n|-weather|SunnyDay|[from] ability: Drought|[of] p1a: Groudon\n|turn|22\n|\n|t:|1781401792\n|move|p2a: Hoopa|Shadow Ball|p1a: Groudon\n|-damage|p1a: Groudon|112/263\n|-unboost|p1a: Groudon|spd|1\n|move|p1a: Groudon|Heat Crash|p2a: Hoopa\n|-damage|p2a: Hoopa|0 fnt\n|faint|p2a: Hoopa\n|\n|-weather|SunnyDay|[upkeep]\n|-heal|p1a: Groudon|128/263|[from] item: Leftovers\n|upkeep\n|\n|t:|1781401794\n|switch|p2a: Scrafty|Scrafty, L83, M|244/244\n|-damage|p2a: Scrafty|214/244|[from] Spikes\n|-damage|p2a: Scrafty|199/244|[from] Stealth Rock\n|-ability|p2a: Scrafty|Intimidate|boost\n|-unboost|p1a: Groudon|atk|1\n|turn|23\n|j| MNSD\n|\n|t:|1781401803\n|switch|p1a: Cloyster|Cloyster, L80, M|211/211\n|-damage|p1a: Cloyster|159/211|[from] Stealth Rock\n|move|p2a: Scrafty|Dragon Dance|p2a: Scrafty\n|-boost|p2a: Scrafty|atk|1\n|-boost|p2a: Scrafty|spe|1\n|\n|-weather|SunnyDay|[upkeep]\n|-heal|p2a: Scrafty|214/244|[from] item: Leftovers\n|upkeep\n|turn|24\n|\n|t:|1781401831\n|move|p2a: Scrafty|Drain Punch|p1a: Cloyster\n|-supereffective|p1a: Cloyster\n|-damage|p1a: Cloyster|21/211\n|-heal|p2a: Scrafty|244/244|[from] drain|[of] p1a: Cloyster\n|move|p1a: Cloyster|Shell Smash|p1a: Cloyster\n|-unboost|p1a: Cloyster|def|1\n|-unboost|p1a: Cloyster|spd|1\n|-boost|p1a: Cloyster|atk|2\n|-boost|p1a: Cloyster|spa|2\n|-boost|p1a: Cloyster|spe|2\n|-enditem|p1a: Cloyster|White Herb\n|-clearnegativeboost|p1a: Cloyster|[silent]\n|\n|-weather|SunnyDay|[upkeep]\n|upkeep\n|turn|25\n|\n|t:|1781401840\n|move|p1a: Cloyster|Icicle Spear|p2a: Scrafty\n|-damage|p2a: Scrafty|205/244\n|-damage|p2a: Scrafty|162/244\n|-damage|p2a: Scrafty|123/244\n|-damage|p2a: Scrafty|84/244\n|-damage|p2a: Scrafty|45/244\n|-hitcount|p2a: Scrafty|5\n|move|p2a: Scrafty|Drain Punch|p1a: Cloyster\n|-supereffective|p1a: Cloyster\n|-damage|p1a: Cloyster|0 fnt\n|-heal|p2a: Scrafty|56/244|[from] drain|[of] p1a: Cloyster\n|faint|p1a: Cloyster\n|\n|-weather|SunnyDay|[upkeep]\n|-heal|p2a: Scrafty|71/244|[from] item: Leftovers\n|upkeep\n|\n|t:|1781401847\n|switch|p1a: Groudon|Groudon, L72|128/263\n|-damage|p1a: Groudon|112/263|[from] Stealth Rock\n|turn|26\n|\n|t:|1781401850\n|move|p2a: Scrafty|Knock Off|p1a: Groudon\n|-damage|p1a: Groudon|0 fnt\n|-enditem|p1a: Groudon|Leftovers|[from] move: Knock Off|[of] p2a: Scrafty\n|faint|p1a: Groudon\n|\n|win|Sowla\n", "uploadtime": 1781401544, "views": 3, "formatid": "gen9randombattle", "rating": null, "private": 0, "password": null}