{"id": "gen9randombattle-2631985357", "format": "[Gen 9] Random Battle", "players": ["Malog7", "OverthereStair"], "log": "|j|\u2606Malog7\n|j|\u2606OverthereStair\n|t:|1781462867\n|gametype|singles\n|player|p1|Malog7|steven|2023\n|player|p2|OverthereStair|hilda|2053\n|gen|9\n|tier|[Gen 9] Random Battle\n|rated|\n|rule|Species Clause: Limit one of each Pok\u00e9mon\n|rule|HP Percentage Mod: HP is shown in percentages\n|rule|Sleep Clause Mod: Limit one foe put to sleep\n|rule|Illusion Level Mod: Illusion disguises the Pok\u00e9mon's true level\n|\n|t:|1781462867\n|teamsize|p1|6\n|teamsize|p2|6\n|start\n|switch|p1a: Vespiquen|Vespiquen, L99, F|299/299\n|switch|p2a: Dialga|Dialga, L73|266/266\n|-ability|p2a: Dialga|Pressure\n|-ability|p1a: Vespiquen|Pressure\n|turn|1\n|inactive|Battle timer is ON: inactive players will automatically lose when time's up. (requested by Malog7)\n|\n|t:|1781462874\n|move|p2a: Dialga|Stealth Rock|p1a: Vespiquen\n|-sidestart|p1: Malog7|move: Stealth Rock\n|move|p1a: Vespiquen|Spikes|p2a: Dialga\n|-sidestart|p2: OverthereStair|Spikes\n|\n|upkeep\n|turn|2\n|\n|t:|1781462881\n|move|p2a: Dialga|Fire Blast|p1a: Vespiquen|[miss]\n|-miss|p2a: Dialga|p1a: Vespiquen\n|move|p1a: Vespiquen|Spikes|p2a: Dialga\n|-sidestart|p2: OverthereStair|Spikes\n|\n|upkeep\n|turn|3\n|\n|t:|1781462896\n|move|p2a: Dialga|Fire Blast|p1a: Vespiquen\n|-supereffective|p1a: Vespiquen\n|-damage|p1a: Vespiquen|163/299\n|move|p1a: Vespiquen|Spikes|p2a: Dialga\n|-sidestart|p2: OverthereStair|Spikes\n|\n|upkeep\n|turn|4\n|\n|t:|1781462903\n|switch|p1a: Gastrodon|Gastrodon-East, L86, F|331/331\n|-damage|p1a: Gastrodon|311/331|[from] Stealth Rock\n|move|p2a: Dialga|Heavy Slam|p1a: Gastrodon\n|-resisted|p1a: Gastrodon\n|-damage|p1a: Gastrodon|239/331\n|\n|-heal|p1a: Gastrodon|259/331|[from] item: Leftovers\n|upkeep\n|turn|5\n|\n|t:|1781462910\n|switch|p2a: Amoonguss|Amoonguss, L82, F|321/321\n|-damage|p2a: Amoonguss|241/321|[from] Spikes\n|move|p1a: Gastrodon|Earthquake|p2a: Amoonguss\n|-damage|p2a: Amoonguss|112/321\n|\n|-heal|p1a: Gastrodon|279/331|[from] item: Leftovers\n|upkeep\n|turn|6\n|\n|t:|1781462920\n|switch|p2a: Bellossom|Bellossom, L84, F|263/263\n|-damage|p2a: Bellossom|198/263|[from] Spikes\n|move|p1a: Gastrodon|Earthquake|p2a: Bellossom\n|-resisted|p2a: Bellossom\n|-damage|p2a: Bellossom|156/263\n|\n|-heal|p2a: Bellossom|172/263|[from] item: Leftovers\n|-heal|p1a: Gastrodon|299/331|[from] item: Leftovers\n|upkeep\n|turn|7\n|\n|t:|1781462926\n|switch|p1a: Rotom|Rotom-Heat, L83|219/219\n|move|p2a: Bellossom|Strength Sap|p1a: Rotom\n|-unboost|p1a: Rotom|atk|1\n|-heal|p2a: Bellossom|263/263\n|\n|upkeep\n|turn|8\n|\n|t:|1781462932\n|switch|p2a: Eternatus|Eternatus, L69|308/308\n|-damage|p2a: Eternatus|231/308|[from] Spikes\n|-ability|p2a: Eternatus|Pressure\n|move|p1a: Rotom|Will-O-Wisp|p2a: Eternatus\n|-status|p2a: Eternatus|brn\n|\n|-damage|p2a: Eternatus|212/308 brn|[from] brn\n|upkeep\n|turn|9\n|\n|t:|1781462948\n|switch|p1a: Gastrodon|Gastrodon-East, L86, F|299/331\n|-damage|p1a: Gastrodon|279/331|[from] Stealth Rock\n|move|p2a: Eternatus|Sludge Bomb|p1a: Gastrodon\n|-resisted|p1a: Gastrodon\n|-damage|p1a: Gastrodon|236/331\n|-status|p1a: Gastrodon|psn\n|\n|-heal|p1a: Gastrodon|256/331 psn|[from] item: Leftovers\n|-damage|p1a: Gastrodon|215/331 psn|[from] psn\n|-damage|p2a: Eternatus|193/308 brn|[from] brn\n|upkeep\n|turn|10\n|\n|t:|1781462959\n|move|p2a: Eternatus|Dynamax Cannon|p1a: Gastrodon\n|-damage|p1a: Gastrodon|115/331 psn\n|move|p1a: Gastrodon|Ice Beam|p2a: Eternatus\n|-supereffective|p2a: Eternatus\n|-damage|p2a: Eternatus|57/308 brn\n|\n|-heal|p1a: Gastrodon|135/331 psn|[from] item: Leftovers\n|-damage|p1a: Gastrodon|94/331 psn|[from] psn\n|-damage|p2a: Eternatus|38/308 brn|[from] brn\n|upkeep\n|turn|11\n|\n|t:|1781462969\n|move|p2a: Eternatus|Dynamax Cannon|p1a: Gastrodon\n|-damage|p1a: Gastrodon|0 fnt\n|faint|p1a: Gastrodon\n|\n|-damage|p2a: Eternatus|19/308 brn|[from] brn\n|upkeep\n|\n|t:|1781462971\n|switch|p1a: Sandy Shocks|Sandy Shocks, L80|267/267\n|-damage|p1a: Sandy Shocks|251/267|[from] Stealth Rock\n|turn|12\n|\n|t:|1781462976\n|move|p2a: Eternatus|Recover|p2a: Eternatus\n|-heal|p2a: Eternatus|173/308 brn\n|move|p1a: Sandy Shocks|Stealth Rock|p2a: Eternatus\n|-sidestart|p2: OverthereStair|move: Stealth Rock\n|\n|-heal|p1a: Sandy Shocks|267/267|[from] item: Leftovers\n|-damage|p2a: Eternatus|154/308 brn|[from] brn\n|upkeep\n|turn|13\n|\n|t:|1781462979\n|move|p2a: Eternatus|Dynamax Cannon|p1a: Sandy Shocks\n|-damage|p1a: Sandy Shocks|158/267\n|move|p1a: Sandy Shocks|Earth Power|p2a: Eternatus\n|-supereffective|p2a: Eternatus\n|-damage|p2a: Eternatus|0 fnt\n|faint|p2a: Eternatus\n|\n|-heal|p1a: Sandy Shocks|174/267|[from] item: Leftovers\n|upkeep\n|\n|t:|1781462982\n|switch|p2a: Cinccino|Cinccino, L83, F|260/260\n|-damage|p2a: Cinccino|195/260|[from] Spikes\n|-damage|p2a: Cinccino|163/260|[from] Stealth Rock\n|turn|14\n|\n|t:|1781462987\n|move|p2a: Cinccino|Tidy Up|p2a: Cinccino\n|-sideend|p2: OverthereStair|Spikes\n|-sideend|p2: OverthereStair|Stealth Rock\n|-sideend|p1: Malog7|Stealth Rock\n|-activate|p2a: Cinccino|move: Tidy Up\n|-boost|p2a: Cinccino|atk|1\n|-boost|p2a: Cinccino|spe|1\n|move|p1a: Sandy Shocks|Thunderbolt|p2a: Cinccino\n|-damage|p2a: Cinccino|12/260\n|\n|-heal|p1a: Sandy Shocks|190/267|[from] item: Leftovers\n|upkeep\n|turn|15\n|\n|t:|1781463000\n|-end|p1a: Sandy Shocks|Protosynthesis|[silent]\n|switch|p1a: Vespiquen|Vespiquen, L99, F|163/299\n|-ability|p1a: Vespiquen|Pressure\n|move|p2a: Cinccino|Bullet Seed|p1a: Vespiquen\n|-resisted|p1a: Vespiquen\n|-damage|p1a: Vespiquen|156/299\n|-resisted|p1a: Vespiquen\n|-damage|p1a: Vespiquen|149/299\n|-resisted|p1a: Vespiquen\n|-damage|p1a: Vespiquen|142/299\n|-resisted|p1a: Vespiquen\n|-damage|p1a: Vespiquen|136/299\n|-resisted|p1a: Vespiquen\n|-damage|p1a: Vespiquen|129/299\n|-hitcount|p1a: Vespiquen|5\n|\n|upkeep\n|turn|16\n|\n|t:|1781463015\n|move|p2a: Cinccino|Triple Axel|p1a: Vespiquen\n|-supereffective|p1a: Vespiquen\n|-damage|p1a: Vespiquen|85/299\n|-supereffective|p1a: Vespiquen\n|-damage|p1a: Vespiquen|0 fnt\n|faint|p1a: Vespiquen\n|-hitcount|p1: Vespiquen|2\n|\n|upkeep\n|\n|t:|1781463018\n|switch|p1a: Rotom|Rotom-Heat, L83|219/219\n|turn|17\n|\n|t:|1781463022\n|move|p2a: Cinccino|Tail Slap|p1a: Rotom\n|-damage|p1a: Rotom|171/219\n|-damage|p1a: Rotom|119/219\n|-damage|p1a: Rotom|70/219\n|-damage|p1a: Rotom|15/219\n|-damage|p1a: Rotom|0 fnt\n|faint|p1a: Rotom\n|-hitcount|p1: Rotom|5\n|\n|upkeep\n|\n|t:|1781463034\n|switch|p1a: Appletun|Appletun, L92, F|352/352\n|turn|18\n|\n|t:|1781463040\n|-terastallize|p1a: Appletun|Steel\n|move|p2a: Cinccino|Triple Axel|p1a: Appletun\n|-resisted|p1a: Appletun\n|-damage|p1a: Appletun|344/352\n|-resisted|p1a: Appletun\n|-damage|p1a: Appletun|328/352\n|-resisted|p1a: Appletun\n|-damage|p1a: Appletun|306/352\n|-hitcount|p1a: Appletun|3\n|move|p1a: Appletun|Apple Acid|p2a: Cinccino\n|-damage|p2a: Cinccino|0 fnt\n|faint|p2a: Cinccino\n|\n|-heal|p1a: Appletun|328/352|[from] item: Leftovers\n|upkeep\n|\n|t:|1781463047\n|switch|p2a: Amoonguss|Amoonguss, L82, F|219/321\n|turn|19\n|\n|t:|1781463051\n|move|p1a: Appletun|Dragon Pulse|p2a: Amoonguss\n|-damage|p2a: Amoonguss|90/321\n|move|p2a: Amoonguss|Spore|p1a: Appletun\n|-status|p1a: Appletun|slp|[from] move: Spore\n|\n|-heal|p1a: Appletun|350/352 slp|[from] item: Leftovers\n|upkeep\n|turn|20\n|\n|t:|1781463058\n|switch|p1a: Zangoose|Zangoose, L85, M|263/263\n|switch|p2a: Lokix|Lokix, L82, M|251/251\n|\n|-status|p1a: Zangoose|tox|[from] item: Toxic Orb\n|upkeep\n|turn|21\n|\n|t:|1781463066\n|switch|p1a: Appletun|Appletun, L92, F, tera:Steel|350/352 slp\n|switch|p2a: Dialga|Dialga, L73|266/266\n|-ability|p2a: Dialga|Pressure\n|\n|-heal|p1a: Appletun|352/352 slp|[from] item: Leftovers\n|upkeep\n|turn|22\n|\n|t:|1781463071\n|switch|p2a: Amoonguss|Amoonguss, L82, F|197/321\n|switch|p1a: Sandy Shocks|Sandy Shocks, L80|190/267\n|\n|-heal|p1a: Sandy Shocks|206/267|[from] item: Leftovers\n|upkeep\n|turn|23\n|\n|t:|1781463076\n|move|p1a: Sandy Shocks|Earth Power|p2a: Amoonguss\n|-damage|p2a: Amoonguss|80/321\n|move|p2a: Amoonguss|Giga Drain|p1a: Sandy Shocks\n|-supereffective|p1a: Sandy Shocks\n|-damage|p1a: Sandy Shocks|66/267\n|-heal|p2a: Amoonguss|150/321|[from] drain|[of] p1a: Sandy Shocks\n|\n|-heal|p1a: Sandy Shocks|82/267|[from] item: Leftovers\n|upkeep\n|turn|24\n|\n|t:|1781463084\n|move|p1a: Sandy Shocks|Earth Power|p2a: Amoonguss\n|-damage|p2a: Amoonguss|26/321\n|move|p2a: Amoonguss|Giga Drain|p1a: Sandy Shocks\n|-supereffective|p1a: Sandy Shocks\n|-damage|p1a: Sandy Shocks|0 fnt\n|-heal|p2a: Amoonguss|67/321|[from] drain|[of] p1a: Sandy Shocks\n|faint|p1a: Sandy Shocks\n|-end|p1a: Sandy Shocks|Protosynthesis|[silent]\n|\n|upkeep\n|\n|t:|1781463089\n|switch|p1a: Zangoose|Zangoose, L85, M|263/263 tox\n|turn|25\n|\n|t:|1781463095\n|move|p1a: Zangoose|Facade|p2a: Amoonguss\n|-damage|p2a: Amoonguss|0 fnt\n|-damage|p1a: Zangoose|220/263 tox|[from] item: Rocky Helmet|[of] p2a: Amoonguss\n|faint|p2a: Amoonguss\n|\n|-damage|p1a: Zangoose|204/263 tox|[from] psn\n|upkeep\n|\n|t:|1781463101\n|switch|p2a: Bellossom|Bellossom, L84, F|263/263\n|turn|26\n|\n|t:|1781463105\n|move|p1a: Zangoose|Facade|p2a: Bellossom\n|-damage|p2a: Bellossom|4/263\n|move|p2a: Bellossom|Giga Drain|p1a: Zangoose\n|-damage|p1a: Zangoose|104/263 tox\n|-heal|p2a: Bellossom|54/263|[from] drain|[of] p1a: Zangoose\n|\n|-heal|p2a: Bellossom|70/263|[from] item: Leftovers\n|-damage|p1a: Zangoose|72/263 tox|[from] psn\n|upkeep\n|turn|27\n|\n|t:|1781463110\n|move|p1a: Zangoose|Knock Off|p2a: Bellossom\n|-damage|p2a: Bellossom|0 fnt\n|-enditem|p2a: Bellossom|Leftovers|[from] move: Knock Off|[of] p1a: Zangoose\n|faint|p2a: Bellossom\n|\n|-damage|p1a: Zangoose|24/263 tox|[from] psn\n|upkeep\n|\n|t:|1781463116\n|switch|p2a: Lokix|Lokix, L82, M|251/251\n|turn|28\n|\n|t:|1781463120\n|move|p2a: Lokix|Sucker Punch|p1a: Zangoose\n|-damage|p1a: Zangoose|0 fnt\n|faint|p1a: Zangoose\n|-damage|p2a: Lokix|226/251|[from] item: Life Orb\n|\n|upkeep\n|\n|t:|1781463122\n|switch|p1a: Appletun|Appletun, L92, F, tera:Steel|352/352 slp\n|turn|29\n|\n|t:|1781463125\n|move|p2a: Lokix|Swords Dance|p2a: Lokix\n|-boost|p2a: Lokix|atk|2\n|cant|p1a: Appletun|slp\n|\n|upkeep\n|turn|30\n|\n|t:|1781463127\n|move|p2a: Lokix|Knock Off|p1a: Appletun\n|-damage|p1a: Appletun|79/352 slp\n|-enditem|p1a: Appletun|Leftovers|[from] move: Knock Off|[of] p2a: Lokix\n|-damage|p2a: Lokix|201/251|[from] item: Life Orb\n|-curestatus|p1a: Appletun|slp|[msg]\n|move|p1a: Appletun|Dragon Pulse|p2a: Lokix\n|-damage|p2a: Lokix|47/251\n|\n|upkeep\n|turn|31\n|\n|t:|1781463130\n|move|p2a: Lokix|Knock Off|p1a: Appletun\n|-damage|p1a: Appletun|0 fnt\n|faint|p1a: Appletun\n|-damage|p2a: Lokix|22/251|[from] item: Life Orb\n|\n|win|OverthereStair\n", "uploadtime": 1781462869, "views": 4, "formatid": "gen9randombattle", "rating": null, "private": 0, "password": null}