{"id": "gen9randombattle-2631415245", "format": "[Gen 9] Random Battle", "players": ["Batneen", "mmmmmmaaaaaaa"], "log": "|j|\u2606Batneen\n|j|\u2606mmmmmmaaaaaaa\n|t:|1781381888\n|gametype|singles\n|player|p1|Batneen|102|1402\n|player|p2|mmmmmmaaaaaaa|doubleteam|1439\n|gen|9\n|tier|[Gen 9] Random Battle\n|rated|\n|rule|Species Clause: Limit one of each Pok\u00e9mon\n|rule|HP Percentage Mod: HP is shown in percentages\n|rule|Sleep Clause Mod: Limit one foe put to sleep\n|rule|Illusion Level Mod: Illusion disguises the Pok\u00e9mon's true level\n|\n|t:|1781381888\n|teamsize|p1|6\n|teamsize|p2|6\n|start\n|switch|p1a: Lurantis|Lurantis, L87, M|264/264\n|switch|p2a: Eternatus|Eternatus, L69|308/308\n|-ability|p2a: Eternatus|Pressure\n|turn|1\n|c|\u2606mmmmmmaaaaaaa|gl hf\n|c|\u2606Batneen|f u\n|inactive|Battle timer is ON: inactive players will automatically lose when time's up. (requested by mmmmmmaaaaaaa)\n|inactive|Batneen has 120 seconds left.\n|\n|t:|1781381928\n|switch|p1a: Pachirisu|Pachirisu, L96, F|271/271\n|move|p2a: Eternatus|Toxic|p1a: Pachirisu\n|-status|p1a: Pachirisu|tox\n|\n|-damage|p1a: Pachirisu|255/271 tox|[from] psn\n|upkeep\n|turn|2\n|inactive|mmmmmmaaaaaaa has 120 seconds left.\n|\n|t:|1781381966\n|move|p1a: Pachirisu|Encore|p2a: Eternatus\n|-start|p2a: Eternatus|Encore\n|move|p2a: Eternatus|Toxic|p1a: Pachirisu\n|-fail|p1a: Pachirisu|tox\n|\n|-damage|p1a: Pachirisu|223/271 tox|[from] psn\n|upkeep\n|turn|3\n|inactive|mmmmmmaaaaaaa has 120 seconds left.\n|\n|t:|1781381973\n|switch|p2a: Chesnaught|Chesnaught, L84, M|285/285\n|move|p1a: Pachirisu|U-turn|p2a: Chesnaught\n|-damage|p2a: Chesnaught|253/285\n|\n|t:|1781381981\n|switch|p1a: Lurantis|Lurantis, L87, M|264/264|[from] U-turn\n|\n|-heal|p2a: Chesnaught|270/285|[from] item: Leftovers\n|upkeep\n|turn|4\n|\n|t:|1781381987\n|move|p2a: Chesnaught|Iron Defense|p2a: Chesnaught\n|-boost|p2a: Chesnaught|def|2\n|move|p1a: Lurantis|Superpower|p2a: Chesnaught\n|-damage|p2a: Chesnaught|231/285\n|-boost|p1a: Lurantis|atk|1\n|-boost|p1a: Lurantis|def|1\n|\n|-heal|p2a: Chesnaught|248/285|[from] item: Leftovers\n|upkeep\n|turn|5\n|\n|t:|1781381993\n|move|p2a: Chesnaught|Iron Defense|p2a: Chesnaught\n|-boost|p2a: Chesnaught|def|2\n|move|p1a: Lurantis|Superpower|p2a: Chesnaught\n|-damage|p2a: Chesnaught|214/285\n|-boost|p1a: Lurantis|atk|1\n|-boost|p1a: Lurantis|def|1\n|\n|-heal|p2a: Chesnaught|231/285|[from] item: Leftovers\n|upkeep\n|turn|6\n|\n|t:|1781381998\n|move|p2a: Chesnaught|Iron Defense|p2a: Chesnaught\n|-boost|p2a: Chesnaught|def|2\n|move|p1a: Lurantis|Leaf Storm|p2a: Chesnaught\n|-resisted|p2a: Chesnaught\n|-damage|p2a: Chesnaught|158/285\n|-boost|p1a: Lurantis|spa|2\n|\n|-heal|p2a: Chesnaught|175/285|[from] item: Leftovers\n|upkeep\n|turn|7\n|\n|t:|1781382003\n|move|p2a: Chesnaught|Body Press|p1a: Lurantis\n|-damage|p1a: Lurantis|80/264\n|move|p1a: Lurantis|Leaf Storm|p2a: Chesnaught\n|-resisted|p2a: Chesnaught\n|-crit|p2a: Chesnaught\n|-damage|p2a: Chesnaught|0 fnt\n|-boost|p1a: Lurantis|spa|2\n|faint|p2a: Chesnaught\n|\n|upkeep\n|\n|t:|1781382011\n|switch|p2a: Eternatus|Eternatus, L69|308/308\n|-ability|p2a: Eternatus|Pressure\n|turn|8\n|\n|t:|1781382015\n|-terastallize|p1a: Lurantis|Steel\n|move|p2a: Eternatus|Flamethrower|p1a: Lurantis\n|-supereffective|p1a: Lurantis\n|-damage|p1a: Lurantis|6/264\n|move|p1a: Lurantis|Leech Life|p2a: Eternatus\n|-resisted|p2a: Eternatus\n|-damage|p2a: Eternatus|241/308\n|-heal|p1a: Lurantis|40/264|[from] drain|[of] p2a: Eternatus\n|-damage|p1a: Lurantis|0 fnt|[from] item: Rocky Helmet|[of] p2a: Eternatus\n|faint|p1a: Lurantis\n|\n|upkeep\n|\n|t:|1781382024\n|switch|p1a: Toedscruel|Toedscruel, L87, M|281/281\n|turn|9\n|\n|t:|1781382032\n|switch|p2a: Piloswine|Piloswine, L85, M|309/309\n|move|p1a: Toedscruel|Earth Power|p2a: Piloswine\n|-damage|p2a: Piloswine|237/309\n|\n|upkeep\n|turn|10\n|\n|t:|1781382039\n|switch|p1a: Cinderace|Cinderace, L77, M|249/249\n|move|p2a: Piloswine|Icicle Crash|p1a: Cinderace\n|-resisted|p1a: Cinderace\n|-damage|p1a: Cinderace|194/249\n|\n|upkeep\n|turn|11\n|\n|t:|1781382048\n|switch|p2a: Toxapex|Toxapex, L82, M|216/216\n|move|p1a: Cinderace|Pyro Ball|p2a: Toxapex\n|-resisted|p2a: Toxapex\n|-damage|p2a: Toxapex|175/216\n|\n|-heal|p2a: Toxapex|188/216|[from] item: Leftovers\n|upkeep\n|turn|12\n|\n|t:|1781382057\n|switch|p1a: Pachirisu|Pachirisu, L96, F|223/271 tox\n|move|p2a: Toxapex|Liquidation|p1a: Pachirisu\n|-damage|p1a: Pachirisu|159/271 tox\n|\n|-heal|p2a: Toxapex|201/216|[from] item: Leftovers\n|-damage|p1a: Pachirisu|143/271 tox|[from] psn\n|upkeep\n|turn|13\n|\n|t:|1781382074\n|move|p1a: Pachirisu|Discharge|p2a: Toxapex\n|-supereffective|p2a: Toxapex\n|-damage|p2a: Toxapex|109/216\n|move|p2a: Toxapex|Liquidation|p1a: Pachirisu\n|-damage|p1a: Pachirisu|77/271 tox\n|\n|-heal|p2a: Toxapex|122/216|[from] item: Leftovers\n|-damage|p1a: Pachirisu|45/271 tox|[from] psn\n|upkeep\n|turn|14\n|\n|t:|1781382083\n|switch|p2a: Piloswine|Piloswine, L85, M|237/309\n|move|p1a: Pachirisu|Discharge|p2a: Piloswine\n|-immune|p2a: Piloswine\n|\n|-damage|p1a: Pachirisu|0 fnt|[from] psn\n|faint|p1a: Pachirisu\n|upkeep\n|\n|t:|1781382095\n|switch|p1a: Zacian|Zacian, L69|241/241\n|-ability|p1a: Zacian|Intrepid Sword|boost\n|-boost|p1a: Zacian|atk|1\n|turn|15\n|\n|t:|1781382103\n|move|p1a: Zacian|Wild Charge|p2a: Piloswine\n|-immune|p2a: Piloswine\n|move|p2a: Piloswine|Earthquake|p1a: Zacian\n|-damage|p1a: Zacian|130/241\n|\n|upkeep\n|turn|16\n|\n|t:|1781382112\n|move|p1a: Zacian|Wild Charge|p2a: Piloswine\n|-immune|p2a: Piloswine\n|move|p2a: Piloswine|Icicle Crash|p1a: Zacian\n|-damage|p1a: Zacian|31/241\n|\n|upkeep\n|turn|17\n|-message|Batneen forfeited.\n|\n|win|mmmmmmaaaaaaa\n", "uploadtime": 1781381960, "views": 7, "formatid": "gen9randombattle", "rating": null, "private": 0, "password": null}