{"id": "gen9randombattle-2632016107", "format": "[Gen 9] Random Battle", "players": ["kheladi7", "Emily Montes"], "log": "|j|\u2606kheladi7\n|j|\u2606Emily Montes\n|t:|1781466252\n|gametype|singles\n|player|p1|kheladi7|102|1990\n|player|p2|Emily Montes|pokekid|2058\n|gen|9\n|tier|[Gen 9] Random Battle\n|rated|\n|rule|Species Clause: Limit one of each Pok\u00e9mon\n|rule|HP Percentage Mod: HP is shown in percentages\n|rule|Sleep Clause Mod: Limit one foe put to sleep\n|rule|Illusion Level Mod: Illusion disguises the Pok\u00e9mon's true level\n|\n|t:|1781466252\n|teamsize|p1|6\n|teamsize|p2|6\n|start\n|switch|p1a: Sceptile|Sceptile, L87, F|264/264\n|switch|p2a: Perrserker|Perrserker, L89, M|269/269\n|turn|1\n|\n|t:|1781466284\n|move|p1a: Sceptile|Focus Blast|p2a: Perrserker\n|-supereffective|p2a: Perrserker\n|-damage|p2a: Perrserker|31/269\n|move|p2a: Perrserker|U-turn|p1a: Sceptile\n|-supereffective|p1a: Sceptile\n|-damage|p1a: Sceptile|0 fnt\n|faint|p1a: Sceptile\n|c|\u2606kheladi7|wow\n|\n|t:|1781466297\n|switch|p2a: Inteleon|Inteleon, L81, F|246/246|[from] U-turn\n|\n|upkeep\n|\n|t:|1781466309\n|switch|p1a: Misdreavus|Misdreavus, L90, F|254/254\n|turn|2\n|\n|t:|1781466316\n|move|p2a: Inteleon|U-turn|p1a: Misdreavus\n|-resisted|p1a: Misdreavus\n|-damage|p1a: Misdreavus|236/254\n|\n|t:|1781466319\n|switch|p2a: Illumise|Illumise, L91, F|266/266|[from] U-turn\n|move|p1a: Misdreavus|Calm Mind|p1a: Misdreavus\n|-boost|p1a: Misdreavus|spa|1\n|-boost|p1a: Misdreavus|spd|1\n|\n|upkeep\n|turn|3\n|\n|t:|1781466335\n|switch|p1a: Kingambit|Kingambit, L74, M|270/270\n|-activate|p1a: Kingambit|ability: Supreme Overlord\n|-start|p1a: Kingambit|fallen1|[silent]\n|move|p2a: Illumise|Thunder Wave|p1a: Kingambit\n|-hint|Since gen 7, Dark is immune to Prankster moves.\n|-immune|p1a: Kingambit\n|\n|upkeep\n|turn|4\n|\n|t:|1781466351\n|-end|p1a: Kingambit|fallen1|[silent]\n|switch|p1a: Misdreavus|Misdreavus, L90, F|236/254\n|move|p2a: Illumise|Bug Buzz|p1a: Misdreavus\n|-resisted|p1a: Misdreavus\n|-damage|p1a: Misdreavus|205/254\n|\n|upkeep\n|turn|5\n|\n|t:|1781466357\n|move|p2a: Illumise|Thunder Wave|p1a: Misdreavus\n|-status|p1a: Misdreavus|par\n|cant|p1a: Misdreavus|par\n|\n|upkeep\n|turn|6\n|\n|t:|1781466382\n|switch|p2a: Morpeko|Morpeko, L88, M|245/245\n|move|p1a: Misdreavus|Will-O-Wisp|p2a: Morpeko\n|-status|p2a: Morpeko|brn\n|\n|-damage|p2a: Morpeko|230/245 brn|[from] brn\n|-formechange|p2a: Morpeko|Morpeko-Hangry||[from] ability: Hunger Switch\n|upkeep\n|turn|7\n|\n|t:|1781466390\n|move|p2a: Morpeko|Parting Shot|p1a: Misdreavus\n|-unboost|p1a: Misdreavus|atk|1\n|-unboost|p1a: Misdreavus|spa|1\n|\n|t:|1781466393\n|switch|p2a: Baxcalibur|Baxcalibur, L75, M|295/295|[from] Parting Shot\n|move|p1a: Misdreavus|Draining Kiss|p2a: Baxcalibur\n|-supereffective|p2a: Baxcalibur\n|-damage|p2a: Baxcalibur|237/295\n|-heal|p1a: Misdreavus|249/254 par|[from] drain|[of] p2a: Baxcalibur\n|\n|upkeep\n|turn|8\n|\n|t:|1781466404\n|switch|p1a: Milotic|Milotic, L83, M|293/293\n|move|p2a: Baxcalibur|Swords Dance|p2a: Baxcalibur\n|-boost|p2a: Baxcalibur|atk|2\n|\n|upkeep\n|turn|9\n|\n|t:|1781466412\n|move|p2a: Baxcalibur|Scale Shot|p1a: Milotic\n|-damage|p1a: Milotic|232/293\n|-damage|p1a: Milotic|166/293\n|-damage|p1a: Milotic|102/293\n|-damage|p1a: Milotic|42/293\n|-damage|p1a: Milotic|0 fnt\n|faint|p1a: Milotic\n|-hitcount|p1: Milotic|5\n|-unboost|p2a: Baxcalibur|def|1\n|-boost|p2a: Baxcalibur|spe|1\n|\n|upkeep\n|\n|t:|1781466423\n|switch|p1a: Misdreavus|Misdreavus, L90, F|249/254 par\n|turn|10\n|\n|t:|1781466439\n|move|p2a: Baxcalibur|Icicle Spear|p1a: Misdreavus\n|-damage|p1a: Misdreavus|197/254 par\n|-damage|p1a: Misdreavus|145/254 par\n|-damage|p1a: Misdreavus|93/254 par\n|-damage|p1a: Misdreavus|39/254 par\n|-hitcount|p1a: Misdreavus|4\n|move|p1a: Misdreavus|Draining Kiss|p2a: Baxcalibur\n|-supereffective|p2a: Baxcalibur\n|-damage|p2a: Baxcalibur|147/295\n|-heal|p1a: Misdreavus|107/254 par|[from] drain|[of] p2a: Baxcalibur\n|\n|upkeep\n|turn|11\n|\n|t:|1781466470\n|move|p2a: Baxcalibur|Icicle Spear|p1a: Misdreavus\n|-damage|p1a: Misdreavus|59/254 par\n|-damage|p1a: Misdreavus|8/254 par\n|-damage|p1a: Misdreavus|0 fnt\n|faint|p1a: Misdreavus\n|-hitcount|p1: Misdreavus|3\n|\n|upkeep\n|\n|t:|1781466477\n|switch|p1a: Kingambit|Kingambit, L74, M|270/270\n|-activate|p1a: Kingambit|ability: Supreme Overlord\n|-start|p1a: Kingambit|fallen3|[silent]\n|turn|12\n|\n|t:|1781466484\n|switch|p2a: Politoed|Politoed, L88, F|302/302\n|-weather|RainDance|[from] ability: Drizzle|[of] p2a: Politoed\n|move|p1a: Kingambit|Sucker Punch||[still]\n|-fail|p1a: Kingambit\n|\n|-weather|RainDance|[upkeep]\n|upkeep\n|turn|13\n|\n|t:|1781466492\n|-end|p1a: Kingambit|fallen3|[silent]\n|switch|p1a: Baxcalibur|Baxcalibur, L75, M|295/295\n|move|p2a: Politoed|Weather Ball|p1a: Baxcalibur\n|-resisted|p1a: Baxcalibur\n|-damage|p1a: Baxcalibur|160/295\n|\n|-weather|RainDance|[upkeep]\n|upkeep\n|turn|14\n|\n|t:|1781466500\n|move|p1a: Baxcalibur|Glaive Rush|p2a: Politoed\n|-damage|p2a: Politoed|71/302\n|-singlemove|p1a: Baxcalibur|Glaive Rush|[silent]\n|move|p2a: Politoed|Weather Ball|p1a: Baxcalibur\n|-resisted|p1a: Baxcalibur\n|-damage|p1a: Baxcalibur|0 fnt\n|faint|p1a: Baxcalibur\n|\n|-weather|RainDance|[upkeep]\n|upkeep\n|\n|t:|1781466515\n|switch|p1a: Kingambit|Kingambit, L74, M|270/270\n|-activate|p1a: Kingambit|ability: Supreme Overlord\n|-start|p1a: Kingambit|fallen4|[silent]\n|turn|15\n|\n|t:|1781466523\n|move|p2a: Politoed|Weather Ball|p1a: Kingambit\n|-damage|p1a: Kingambit|0 fnt\n|faint|p1a: Kingambit\n|-end|p1a: Kingambit|fallen4|[silent]\n|\n|-weather|RainDance|[upkeep]\n|upkeep\n|\n|t:|1781466528\n|switch|p1a: Necrozma|Necrozma, L80|286/286\n|turn|16\n|\n|t:|1781466536\n|move|p1a: Necrozma|Photon Geyser|p2a: Politoed\n|-damage|p2a: Politoed|0 fnt\n|faint|p2a: Politoed\n|-damage|p1a: Necrozma|258/286|[from] item: Life Orb\n|\n|-weather|none\n|upkeep\n|\n|t:|1781466543\n|switch|p2a: Illumise|Illumise, L91, F|266/266\n|turn|17\n|\n|t:|1781466548\n|move|p2a: Illumise|Encore|p1a: Necrozma\n|-start|p1a: Necrozma|Encore\n|move|p1a: Necrozma|Photon Geyser|p2a: Illumise\n|-damage|p2a: Illumise|114/266\n|-damage|p1a: Necrozma|230/286|[from] item: Life Orb\n|\n|upkeep\n|turn|18\n|\n|t:|1781466559\n|move|p2a: Illumise|Roost|p2a: Illumise\n|-heal|p2a: Illumise|247/266\n|-singleturn|p2a: Illumise|move: Roost\n|move|p1a: Necrozma|Photon Geyser|p2a: Illumise\n|-damage|p2a: Illumise|98/266\n|-damage|p1a: Necrozma|202/286|[from] item: Life Orb\n|\n|upkeep\n|turn|19\n|-message|kheladi7 forfeited.\n|\n|win|Emily Montes\n", "uploadtime": 1781466254, "views": 3, "formatid": "gen9randombattle", "rating": null, "private": 0, "password": null}