{"id": "gen9randombattle-2631637798", "format": "[Gen 9] Random Battle", "players": ["masbahlilganteng", "DEVILICEMIN"], "log": "|j|\u2606masbahlilganteng\n|j|\u2606DEVILICEMIN\n|t:|1781412801\n|gametype|singles\n|player|p1|masbahlilganteng|hoopster|2021\n|player|p2|DEVILICEMIN|winona-gen6|2017\n|gen|9\n|tier|[Gen 9] Random Battle\n|rated|\n|rule|Species Clause: Limit one of each Pok\u00e9mon\n|rule|HP Percentage Mod: HP is shown in percentages\n|rule|Sleep Clause Mod: Limit one foe put to sleep\n|rule|Illusion Level Mod: Illusion disguises the Pok\u00e9mon's true level\n|\n|t:|1781412801\n|teamsize|p1|6\n|teamsize|p2|6\n|start\n|switch|p1a: Brambleghast|Brambleghast, L88, F|240/240\n|switch|p2a: Rhyperior|Rhyperior, L82, M|323/323\n|turn|1\n|inactive|Battle timer is ON: inactive players will automatically lose when time's up. (requested by masbahlilganteng)\n|\n|t:|1781412813\n|switch|p2a: Cobalion|Cobalion, L80|277/277\n|move|p1a: Brambleghast|Spikes|p2a: Cobalion\n|-sidestart|p2: DEVILICEMIN|Spikes\n|\n|upkeep\n|turn|2\n|\n|t:|1781412819\n|move|p2a: Cobalion|Swords Dance|p2a: Cobalion\n|-boost|p2a: Cobalion|atk|2\n|move|p1a: Brambleghast|Spikes|p2a: Cobalion\n|-sidestart|p2: DEVILICEMIN|Spikes\n|\n|upkeep\n|turn|3\n|\n|t:|1781412825\n|move|p2a: Cobalion|Iron Head|p1a: Brambleghast\n|-damage|p1a: Brambleghast|24/240\n|-damage|p2a: Cobalion|250/277|[from] item: Life Orb\n|move|p1a: Brambleghast|Strength Sap|p2a: Cobalion\n|-unboost|p2a: Cobalion|atk|1\n|-heal|p1a: Brambleghast|240/240\n|\n|upkeep\n|turn|4\n|\n|t:|1781412836\n|move|p2a: Cobalion|Iron Head|p1a: Brambleghast\n|-damage|p1a: Brambleghast|84/240\n|-damage|p2a: Cobalion|223/277|[from] item: Life Orb\n|move|p1a: Brambleghast|Spikes|p2a: Cobalion\n|-sidestart|p2: DEVILICEMIN|Spikes\n|\n|-heal|p1a: Brambleghast|99/240|[from] item: Leftovers\n|upkeep\n|turn|5\n|\n|t:|1781412851\n|switch|p1a: Scizor|Scizor, L79, F|240/240\n|move|p2a: Cobalion|Iron Head|p1a: Scizor\n|-resisted|p1a: Scizor\n|-damage|p1a: Scizor|172/240\n|-damage|p2a: Cobalion|196/277|[from] item: Life Orb\n|\n|-heal|p1a: Scizor|187/240|[from] item: Leftovers\n|upkeep\n|turn|6\n|\n|t:|1781412855\n|move|p2a: Cobalion|Close Combat|p1a: Scizor\n|-damage|p1a: Scizor|0 fnt\n|-unboost|p2a: Cobalion|def|1\n|-unboost|p2a: Cobalion|spd|1\n|faint|p1a: Scizor\n|-damage|p2a: Cobalion|169/277|[from] item: Life Orb\n|\n|upkeep\n|\n|t:|1781412863\n|switch|p1a: Dodrio|Dodrio, L85, M|241/241\n|turn|7\n|\n|t:|1781412879\n|move|p1a: Dodrio|Brave Bird|p2a: Cobalion\n|-damage|p2a: Cobalion|0 fnt\n|faint|p2a: Cobalion\n|-damage|p1a: Dodrio|185/241|[from] Recoil\n|\n|upkeep\n|\n|t:|1781412892\n|switch|p2a: Rhyperior|Rhyperior, L82, M|323/323\n|-damage|p2a: Rhyperior|243/323|[from] Spikes\n|turn|8\n|\n|t:|1781412898\n|switch|p1a: Piloswine|Piloswine, L85, F|309/309\n|move|p2a: Rhyperior|Rock Polish|p2a: Rhyperior\n|-boost|p2a: Rhyperior|spe|2\n|\n|upkeep\n|turn|9\n|\n|t:|1781412923\n|move|p2a: Rhyperior|Stone Edge|p1a: Piloswine|[miss]\n|-miss|p2a: Rhyperior|p1a: Piloswine\n|move|p1a: Piloswine|Earthquake|p2a: Rhyperior\n|-supereffective|p2a: Rhyperior\n|-damage|p2a: Rhyperior|117/323\n|-enditem|p2a: Rhyperior|Weakness Policy\n|-boost|p2a: Rhyperior|atk|2|[from] item: Weakness Policy\n|-boost|p2a: Rhyperior|spa|2|[from] item: Weakness Policy\n|\n|upkeep\n|turn|10\n|\n|t:|1781412930\n|move|p2a: Rhyperior|Stone Edge|p1a: Piloswine\n|-damage|p1a: Piloswine|107/309\n|move|p1a: Piloswine|Earthquake|p2a: Rhyperior\n|-supereffective|p2a: Rhyperior\n|-damage|p2a: Rhyperior|0 fnt\n|faint|p2a: Rhyperior\n|\n|upkeep\n|\n|t:|1781412942\n|switch|p2a: Alomomola|Alomomola, L87, F|429/429\n|turn|11\n|\n|t:|1781412952\n|switch|p1a: Brambleghast|Brambleghast, L88, F|99/240\n|move|p2a: Alomomola|Scald|p1a: Brambleghast\n|-resisted|p1a: Brambleghast\n|-damage|p1a: Brambleghast|71/240\n|\n|-heal|p1a: Brambleghast|86/240|[from] item: Leftovers\n|upkeep\n|turn|12\n|\n|t:|1781412965\n|move|p2a: Alomomola|Protect|p2a: Alomomola\n|-singleturn|p2a: Alomomola|Protect\n|move|p1a: Brambleghast|Strength Sap|p2a: Alomomola\n|-activate|p2a: Alomomola|move: Protect\n|\n|-heal|p1a: Brambleghast|101/240|[from] item: Leftovers\n|upkeep\n|turn|13\n|\n|t:|1781412970\n|move|p1a: Brambleghast|Power Whip|p2a: Alomomola\n|-supereffective|p2a: Alomomola\n|-damage|p2a: Alomomola|115/429\n|move|p2a: Alomomola|Flip Turn|p1a: Brambleghast\n|-resisted|p1a: Brambleghast\n|-damage|p1a: Brambleghast|71/240\n|\n|t:|1781412980\n|switch|p2a: Flygon|Flygon, L82, F|265/265|[from] Flip Turn\n|\n|-heal|p1a: Brambleghast|86/240|[from] item: Leftovers\n|upkeep\n|turn|14\n|\n|t:|1781412987\n|move|p2a: Flygon|U-turn|p1a: Brambleghast\n|-damage|p1a: Brambleghast|26/240\n|\n|t:|1781412998\n|switch|p2a: Magnezone|Magnezone, L85|258/258|[from] U-turn\n|-damage|p2a: Magnezone|194/258|[from] Spikes\n|move|p1a: Brambleghast|Strength Sap|p2a: Magnezone\n|-unboost|p2a: Magnezone|atk|1\n|-heal|p1a: Brambleghast|150/240\n|\n|-heal|p1a: Brambleghast|165/240|[from] item: Leftovers\n|upkeep\n|turn|15\n|\n|t:|1781413010\n|move|p1a: Brambleghast|Poltergeist|p2a: Magnezone\n|-activate|p2a: Magnezone|move: Poltergeist|Assault Vest\n|-damage|p2a: Magnezone|74/258\n|move|p2a: Magnezone|Volt Switch|p1a: Brambleghast\n|-resisted|p1a: Brambleghast\n|-damage|p1a: Brambleghast|110/240\n|\n|t:|1781413019\n|switch|p2a: Flygon|Flygon, L82, F|265/265|[from] Volt Switch\n|\n|-heal|p1a: Brambleghast|125/240|[from] item: Leftovers\n|upkeep\n|turn|16\n|\n|t:|1781413026\n|switch|p1a: Hatterene|Hatterene, L85, F|236/236\n|move|p2a: Flygon|Outrage|p1a: Hatterene\n|-immune|p1a: Hatterene\n|\n|upkeep\n|turn|17\n|\n|t:|1781413035\n|switch|p2a: Magnezone|Magnezone, L85|74/258\n|-damage|p2a: Magnezone|10/258|[from] Spikes\n|move|p1a: Hatterene|Nuzzle|p2a: Magnezone\n|-resisted|p2a: Magnezone\n|-crit|p2a: Magnezone\n|-damage|p2a: Magnezone|1/258\n|\n|upkeep\n|turn|18\n|\n|t:|1781413044\n|switch|p1a: Zekrom|Zekrom, L71|259/259\n|-ability|p1a: Zekrom|Teravolt\n|move|p2a: Magnezone|Flash Cannon|p1a: Zekrom\n|-resisted|p1a: Zekrom\n|-crit|p1a: Zekrom\n|-damage|p1a: Zekrom|178/259\n|-unboost|p1a: Zekrom|spd|1\n|\n|-heal|p1a: Zekrom|194/259|[from] item: Leftovers\n|upkeep\n|turn|19\n|\n|t:|1781413052\n|move|p1a: Zekrom|Dragon Dance|p1a: Zekrom\n|-boost|p1a: Zekrom|atk|1\n|-boost|p1a: Zekrom|spe|1\n|move|p2a: Magnezone|Flash Cannon|p1a: Zekrom\n|-resisted|p1a: Zekrom\n|-damage|p1a: Zekrom|105/259\n|\n|-heal|p1a: Zekrom|121/259|[from] item: Leftovers\n|upkeep\n|turn|20\n|\n|t:|1781413059\n|move|p1a: Zekrom|Dragon Dance|p1a: Zekrom\n|-boost|p1a: Zekrom|atk|1\n|-boost|p1a: Zekrom|spe|1\n|move|p2a: Magnezone|Flash Cannon|p1a: Zekrom\n|-resisted|p1a: Zekrom\n|-damage|p1a: Zekrom|29/259\n|\n|-heal|p1a: Zekrom|45/259|[from] item: Leftovers\n|upkeep\n|turn|21\n|\n|t:|1781413064\n|move|p1a: Zekrom|Bolt Strike|p2a: Magnezone\n|-resisted|p2a: Magnezone\n|-crit|p2a: Magnezone\n|-damage|p2a: Magnezone|0 fnt\n|faint|p2a: Magnezone\n|\n|-heal|p1a: Zekrom|61/259|[from] item: Leftovers\n|upkeep\n|\n|t:|1781413066\n|switch|p2a: Flygon|Flygon, L82, F|265/265\n|turn|22\n|\n|t:|1781413079\n|-terastallize|p2a: Flygon|Ground\n|move|p1a: Zekrom|Outrage|p2a: Flygon\n|-damage|p2a: Flygon|3/265\n|move|p2a: Flygon|Earthquake|p1a: Zekrom\n|-supereffective|p1a: Zekrom\n|-damage|p1a: Zekrom|0 fnt\n|faint|p1a: Zekrom\n|\n|upkeep\n|\n|t:|1781413087\n|switch|p1a: Brambleghast|Brambleghast, L88, F|125/240\n|turn|23\n|\n|t:|1781413093\n|switch|p2a: Alomomola|Alomomola, L87, F|258/429\n|move|p1a: Brambleghast|Strength Sap|p2a: Alomomola\n|-unboost|p2a: Alomomola|atk|1\n|-heal|p1a: Brambleghast|240/240\n|\n|upkeep\n|turn|24\n|\n|t:|1781413098\n|move|p1a: Brambleghast|Power Whip|p2a: Alomomola\n|-supereffective|p2a: Alomomola\n|-damage|p2a: Alomomola|0 fnt\n|faint|p2a: Alomomola\n|\n|upkeep\n|\n|t:|1781413101\n|switch|p2a: Venomoth|Venomoth, L84, F|255/255\n|turn|25\n|\n|t:|1781413113\n|move|p1a: Brambleghast|Poltergeist|p2a: Venomoth|[miss]\n|-miss|p1a: Brambleghast|p2a: Venomoth\n|move|p2a: Venomoth|Quiver Dance|p2a: Venomoth\n|-boost|p2a: Venomoth|spa|1\n|-boost|p2a: Venomoth|spd|1\n|-boost|p2a: Venomoth|spe|1\n|\n|upkeep\n|turn|26\n|\n|t:|1781413121\n|move|p2a: Venomoth|Sludge Wave|p1a: Brambleghast\n|-damage|p1a: Brambleghast|71/240\n|move|p1a: Brambleghast|Poltergeist|p2a: Venomoth\n|-activate|p2a: Venomoth|move: Poltergeist|Heavy-Duty Boots\n|-damage|p2a: Venomoth|71/255\n|\n|-heal|p1a: Brambleghast|86/240|[from] item: Leftovers\n|upkeep\n|turn|27\n|\n|t:|1781413129\n|move|p2a: Venomoth|Sludge Wave|p1a: Brambleghast\n|-damage|p1a: Brambleghast|0 fnt\n|faint|p1a: Brambleghast\n|\n|upkeep\n|\n|t:|1781413136\n|switch|p1a: Dodrio|Dodrio, L85, M|185/241\n|turn|28\n|\n|t:|1781413139\n|move|p1a: Dodrio|Quick Attack|p2a: Venomoth\n|-damage|p2a: Venomoth|0 fnt\n|faint|p2a: Venomoth\n|\n|upkeep\n|\n|t:|1781413140\n|switch|p2a: Flygon|Flygon, L82, F, tera:Ground|3/265\n|turn|29\n|\n|t:|1781413142\n|move|p1a: Dodrio|Quick Attack|p2a: Flygon\n|-damage|p2a: Flygon|0 fnt\n|faint|p2a: Flygon\n|\n|win|masbahlilganteng\n|raw|masbahlilganteng's rating: 2021 &rarr; <strong>2041</strong><br />(+20 for winning)\n|raw|DEVILICEMIN's rating: 2017 &rarr; <strong>1997</strong><br />(-20 for losing)\n|l|\u2606DEVILICEMIN\n|player|p2|\n", "uploadtime": 1781412803, "views": 5, "formatid": "gen9randombattle", "rating": 1997, "private": 0, "password": null}