{"id": "gen9randombattle-2631832542", "format": "[Gen 9] Random Battle", "players": ["mannipuliert", "dyltrott"], "log": "|j|\u2606mannipuliert\n|j|\u2606dyltrott\n|t:|1781445850\n|gametype|singles\n|player|p1|mannipuliert|policeman-gen4|1927\n|player|p2|dyltrott|170|1911\n|gen|9\n|tier|[Gen 9] Random Battle\n|rated|\n|rule|Species Clause: Limit one of each Pok\u00e9mon\n|rule|HP Percentage Mod: HP is shown in percentages\n|rule|Sleep Clause Mod: Limit one foe put to sleep\n|rule|Illusion Level Mod: Illusion disguises the Pok\u00e9mon's true level\n|\n|t:|1781445850\n|teamsize|p1|6\n|teamsize|p2|6\n|start\n|switch|p1a: Mesprit|Mesprit, L85|275/275\n|switch|p2a: Scovillain|Scovillain, L91, F|266/266\n|turn|1\n|c|\u2606dyltrott|glhf\n|inactive|Battle timer is ON: inactive players will automatically lose when time's up. (requested by dyltrott)\n|\n|t:|1781445888\n|move|p2a: Scovillain|Protect|p2a: Scovillain\n|-singleturn|p2a: Scovillain|Protect\n|move|p1a: Mesprit|Psychic|p2a: Scovillain\n|-activate|p2a: Scovillain|move: Protect\n|\n|upkeep\n|turn|2\n|\n|t:|1781445902\n|switch|p2a: Uxie|Uxie, L83|260/260\n|move|p1a: Mesprit|Psychic|p2a: Uxie\n|-resisted|p2a: Uxie\n|-damage|p2a: Uxie|201/260\n|\n|-heal|p2a: Uxie|217/260|[from] item: Leftovers\n|upkeep\n|turn|3\n|\n|t:|1781445913\n|switch|p1a: Leavanny|Leavanny, L86, F|269/269\n|move|p2a: Uxie|Stealth Rock|p1a: Leavanny\n|-sidestart|p1: mannipuliert|move: Stealth Rock\n|\n|-heal|p2a: Uxie|233/260|[from] item: Leftovers\n|upkeep\n|turn|4\n|\n|t:|1781445922\n|move|p1a: Leavanny|Sticky Web|p2a: Uxie\n|-sidestart|p2: dyltrott|move: Sticky Web\n|move|p2a: Uxie|Knock Off|p1a: Leavanny\n|-damage|p1a: Leavanny|212/269\n|-enditem|p1a: Leavanny|Heavy-Duty Boots|[from] move: Knock Off|[of] p2a: Uxie\n|\n|-heal|p2a: Uxie|249/260|[from] item: Leftovers\n|upkeep\n|turn|5\n|\n|t:|1781445930\n|switch|p2a: Yanmega|Yanmega, L82, F|275/275\n|move|p1a: Leavanny|Knock Off|p2a: Yanmega\n|-damage|p2a: Yanmega|202/275\n|-enditem|p2a: Yanmega|Heavy-Duty Boots|[from] move: Knock Off|[of] p1a: Leavanny\n|\n|upkeep\n|turn|6\n|inactive|mannipuliert has 120 seconds left.\n|\n|t:|1781445972\n|switch|p1a: Gholdengo|Gholdengo, L77|261/261\n|-damage|p1a: Gholdengo|245/261|[from] Stealth Rock\n|move|p2a: Yanmega|Bug Buzz|p1a: Gholdengo\n|-resisted|p1a: Gholdengo\n|-damage|p1a: Gholdengo|217/261\n|\n|-heal|p1a: Gholdengo|233/261|[from] item: Leftovers\n|-ability|p2a: Yanmega|Speed Boost|boost\n|-boost|p2a: Yanmega|spe|1\n|upkeep\n|turn|7\n|inactive|dyltrott has 120 seconds left.\n|\n|t:|1781446007\n|switch|p2a: Scovillain|Scovillain, L91, F|266/266\n|-activate|p2a: Scovillain|move: Sticky Web\n|-unboost|p2a: Scovillain|spe|1\n|move|p1a: Gholdengo|Make It Rain|p2a: Scovillain\n|-resisted|p2a: Scovillain\n|-damage|p2a: Scovillain|185/266\n|-unboost|p1a: Gholdengo|spa|1\n|\n|-heal|p1a: Gholdengo|249/261|[from] item: Leftovers\n|-heal|p2a: Scovillain|201/266|[from] item: Leftovers\n|upkeep\n|turn|8\n|inactive|dyltrott has 120 seconds left.\n|\n|t:|1781446035\n|switch|p1a: Mesprit|Mesprit, L85|275/275\n|-damage|p1a: Mesprit|241/275|[from] Stealth Rock\n|move|p2a: Scovillain|Flamethrower|p1a: Mesprit\n|-damage|p1a: Mesprit|133/275\n|\n|-heal|p2a: Scovillain|217/266|[from] item: Leftovers\n|upkeep\n|turn|9\n|inactive|mannipuliert has 90 seconds left.\n|\n|t:|1781446054\n|move|p2a: Scovillain|Protect|p2a: Scovillain\n|-singleturn|p2a: Scovillain|Protect\n|move|p1a: Mesprit|U-turn|p2a: Scovillain\n|-activate|p2a: Scovillain|move: Protect\n|\n|-heal|p2a: Scovillain|233/266|[from] item: Leftovers\n|upkeep\n|turn|10\n|\n|t:|1781446062\n|move|p1a: Mesprit|U-turn|p2a: Scovillain\n|-damage|p2a: Scovillain|171/266\n|\n|t:|1781446068\n|switch|p1a: Chimecho|Chimecho, L93, M|290/290|[from] U-turn\n|-damage|p1a: Chimecho|254/290|[from] Stealth Rock\n|move|p2a: Scovillain|Flamethrower|p1a: Chimecho\n|-damage|p1a: Chimecho|145/290\n|\n|-heal|p1a: Chimecho|163/290|[from] item: Leftovers\n|-heal|p2a: Scovillain|187/266|[from] item: Leftovers\n|upkeep\n|turn|11\n|\n|t:|1781446084\n|switch|p2a: Uxie|Uxie, L83|249/260\n|move|p1a: Chimecho|Calm Mind|p1a: Chimecho\n|-boost|p1a: Chimecho|spa|1\n|-boost|p1a: Chimecho|spd|1\n|\n|-heal|p2a: Uxie|260/260|[from] item: Leftovers\n|-heal|p1a: Chimecho|181/290|[from] item: Leftovers\n|upkeep\n|turn|12\n|inactive|mannipuliert has 90 seconds left.\n|\n|t:|1781446110\n|move|p2a: Uxie|Yawn|p1a: Chimecho\n|-start|p1a: Chimecho|move: Yawn|[of] p2a: Uxie\n|move|p1a: Chimecho|Recover|p1a: Chimecho\n|-heal|p1a: Chimecho|290/290\n|\n|upkeep\n|turn|13\n|inactive|mannipuliert has 90 seconds left.\n|\n|t:|1781446138\n|move|p2a: Uxie|Knock Off|p1a: Chimecho\n|-supereffective|p1a: Chimecho\n|-damage|p1a: Chimecho|190/290\n|-enditem|p1a: Chimecho|Leftovers|[from] move: Knock Off|[of] p2a: Uxie\n|move|p1a: Chimecho|Calm Mind|p1a: Chimecho\n|-boost|p1a: Chimecho|spa|1\n|-boost|p1a: Chimecho|spd|1\n|\n|-end|p1a: Chimecho|move: Yawn|[silent]\n|-status|p1a: Chimecho|slp\n|upkeep\n|turn|14\n|\n|t:|1781446154\n|switch|p2a: Roaring Moon|Roaring Moon, L72|270/270\n|-activate|p2a: Roaring Moon|move: Sticky Web\n|-unboost|p2a: Roaring Moon|spe|1\n|cant|p1a: Chimecho|slp\n|\n|upkeep\n|turn|15\n|inactive|mannipuliert has 60 seconds left.\n|\n|t:|1781446187\n|cant|p1a: Chimecho|slp\n|move|p2a: Roaring Moon|Knock Off|p1a: Chimecho\n|-supereffective|p1a: Chimecho\n|-damage|p1a: Chimecho|0 fnt\n|faint|p1a: Chimecho\n|\n|upkeep\n|\n|t:|1781446211\n|switch|p1a: Leavanny|Leavanny, L86, F|212/269\n|-damage|p1a: Leavanny|145/269|[from] Stealth Rock\n|turn|16\n|inactive|mannipuliert has 30 seconds left.\n|inactive|mannipuliert has 20 seconds left.\n|\n|t:|1781446246\n|-end|p2a: Roaring Moon|Protosynthesis|[silent]\n|switch|p2a: Yanmega|Yanmega, L82, F|202/275\n|move|p1a: Leavanny|Lunge|p2a: Yanmega\n|-resisted|p2a: Yanmega\n|-damage|p2a: Yanmega|154/275\n|-unboost|p2a: Yanmega|atk|1\n|\n|upkeep\n|turn|17\n|inactive|mannipuliert has 30 seconds left this turn.\n|\n|t:|1781446258\n|switch|p1a: Bastiodon|Bastiodon, L89, M|252/252\n|-damage|p1a: Bastiodon|237/252|[from] Stealth Rock\n|switch|p2a: Scovillain|Scovillain, L91, F|187/266\n|-activate|p2a: Scovillain|move: Sticky Web\n|-unboost|p2a: Scovillain|spe|1\n|\n|-heal|p2a: Scovillain|203/266|[from] item: Leftovers\n|upkeep\n|turn|18\n|inactive|mannipuliert has 30 seconds left.\n|inactive|mannipuliert has 20 seconds left.\n|inactive|mannipuliert has 15 seconds left.\n|\n|t:|1781446281\n|switch|p1a: Mesprit|Mesprit, L85|133/275\n|-damage|p1a: Mesprit|99/275|[from] Stealth Rock\n|move|p2a: Scovillain|Leech Seed|p1a: Mesprit\n|-start|p1a: Mesprit|move: Leech Seed\n|\n|-heal|p2a: Scovillain|219/266|[from] item: Leftovers\n|-damage|p1a: Mesprit|65/275|[from] Leech Seed|[of] p2a: Scovillain\n|-heal|p2a: Scovillain|253/266|[silent]\n|upkeep\n|turn|19\n|inactive|mannipuliert has 25 seconds left this turn.\n|inactive|mannipuliert has 20 seconds left.\n|\n|t:|1781446293\n|switch|p1a: Leavanny|Leavanny, L86, F|145/269\n|-damage|p1a: Leavanny|78/269|[from] Stealth Rock\n|move|p2a: Scovillain|Flamethrower|p1a: Leavanny\n|-supereffective|p1a: Leavanny\n|-damage|p1a: Leavanny|0 fnt\n|faint|p1a: Leavanny\n|\n|-heal|p2a: Scovillain|266/266|[from] item: Leftovers\n|upkeep\n|inactive|mannipuliert has 25 seconds left this turn.\n|inactive|mannipuliert has 20 seconds left.\n|inactive|mannipuliert has 15 seconds left.\n|\n|t:|1781446304\n|switch|p1a: Infernape|Infernape, L82, F|259/259\n|-damage|p1a: Infernape|227/259|[from] Stealth Rock\n|turn|20\n|inactive|mannipuliert has 25 seconds left this turn.\n|\n|t:|1781446323\n|switch|p2a: Uxie|Uxie, L83|260/260\n|move|p1a: Infernape|Overheat|p2a: Uxie|[miss]\n|-miss|p1a: Infernape|p2a: Uxie\n|\n|upkeep\n|turn|21\n|inactive|mannipuliert has 30 seconds left.\n|inactive|mannipuliert has 20 seconds left.\n|\n|t:|1781446340\n|switch|p1a: Bastiodon|Bastiodon, L89, M|237/252\n|-damage|p1a: Bastiodon|222/252|[from] Stealth Rock\n|move|p2a: Uxie|Psychic Noise|p1a: Bastiodon\n|-immune|p1a: Bastiodon|[from] ability: Soundproof\n|\n|upkeep\n|turn|22\n|inactive|mannipuliert has 30 seconds left this turn.\n|inactive|mannipuliert has 20 seconds left.\n|inactive|mannipuliert has 15 seconds left.\n|inactive|dyltrott has 120 seconds left.\n|\n|t:|1781446368\n|move|p2a: Uxie|Yawn|p1a: Bastiodon\n|-start|p1a: Bastiodon|move: Yawn|[of] p2a: Uxie\n|move|p1a: Bastiodon|Iron Defense|p1a: Bastiodon\n|-boost|p1a: Bastiodon|def|2\n|\n|upkeep\n|turn|23\n|inactive|mannipuliert has 25 seconds left this turn.\n|inactive|mannipuliert has 20 seconds left.\n|inactive|mannipuliert has 15 seconds left.\n|inactive|mannipuliert has 10 seconds left.\n|\n|t:|1781446388\n|move|p2a: Uxie|Knock Off|p1a: Bastiodon\n|-damage|p1a: Bastiodon|206/252\n|-enditem|p1a: Bastiodon|Chesto Berry|[from] move: Knock Off|[of] p2a: Uxie\n|move|p1a: Bastiodon|Iron Defense|p1a: Bastiodon\n|-boost|p1a: Bastiodon|def|2\n|\n|-end|p1a: Bastiodon|move: Yawn|[silent]\n|-status|p1a: Bastiodon|slp\n|upkeep\n|turn|24\n|inactive|mannipuliert has 20 seconds left this turn.\n|inactive|mannipuliert has 15 seconds left.\n|\n|t:|1781446397\n|switch|p2a: Yanmega|Yanmega, L82, F|154/275\n|cant|p1a: Bastiodon|slp\n|\n|upkeep\n|turn|25\n|inactive|mannipuliert has 25 seconds left this turn.\n|inactive|mannipuliert has 20 seconds left.\n|inactive|mannipuliert has 15 seconds left.\n|\n|t:|1781446411\n|-terastallize|p2a: Yanmega|Ground\n|-terastallize|p1a: Bastiodon|Fighting\n|move|p2a: Yanmega|Tera Blast|p1a: Bastiodon|[anim] Tera Blast Ground\n|-damage|p1a: Bastiodon|149/252 slp\n|-curestatus|p1a: Bastiodon|slp|[msg]\n|move|p1a: Bastiodon|Body Press|p2a: Yanmega\n|-crit|p2a: Yanmega\n|-damage|p2a: Yanmega|0 fnt\n|faint|p2a: Yanmega\n|\n|upkeep\n|\n|t:|1781446427\n|switch|p2a: Espathra|Espathra, L80, M|283/283\n|-activate|p2a: Espathra|move: Sticky Web\n|-unboost|p2a: Espathra|spe|1\n|turn|26\n|inactive|mannipuliert has 30 seconds left this turn.\n|\n|t:|1781446435\n|move|p2a: Espathra|Lumina Crash|p1a: Bastiodon\n|-supereffective|p1a: Bastiodon\n|-damage|p1a: Bastiodon|0 fnt\n|faint|p1a: Bastiodon\n|\n|-ability|p2a: Espathra|Speed Boost|boost\n|-boost|p2a: Espathra|spe|1\n|upkeep\n|inactive|mannipuliert has 30 seconds left this turn.\n|\n|t:|1781446442\n|switch|p1a: Gholdengo|Gholdengo, L77|249/261\n|-damage|p1a: Gholdengo|233/261|[from] Stealth Rock\n|turn|27\n|inactive|mannipuliert has 30 seconds left.\n|\n|t:|1781446454\n|move|p2a: Espathra|Lumina Crash|p1a: Gholdengo\n|-resisted|p1a: Gholdengo\n|-damage|p1a: Gholdengo|165/261\n|-unboost|p1a: Gholdengo|spd|2\n|move|p1a: Gholdengo|Nasty Plot|p1a: Gholdengo\n|-boost|p1a: Gholdengo|spa|2\n|\n|-heal|p1a: Gholdengo|181/261|[from] item: Leftovers\n|-ability|p2a: Espathra|Speed Boost|boost\n|-boost|p2a: Espathra|spe|1\n|upkeep\n|turn|28\n|inactive|mannipuliert has 30 seconds left.\n|\n|t:|1781446467\n|move|p2a: Espathra|Lumina Crash|p1a: Gholdengo\n|-resisted|p1a: Gholdengo\n|-damage|p1a: Gholdengo|49/261\n|-unboost|p1a: Gholdengo|spd|2\n|move|p1a: Gholdengo|Shadow Ball|p2a: Espathra\n|-supereffective|p2a: Espathra\n|-damage|p2a: Espathra|0 fnt\n|faint|p2a: Espathra\n|\n|-heal|p1a: Gholdengo|65/261|[from] item: Leftovers\n|upkeep\n|\n|t:|1781446482\n|switch|p2a: Slither Wing|Slither Wing, L81|270/270\n|-activate|p2a: Slither Wing|move: Sticky Web\n|-unboost|p2a: Slither Wing|spe|1\n|turn|29\n|inactive|mannipuliert has 30 seconds left.\n|inactive|mannipuliert has 20 seconds left.\n|inactive|mannipuliert has 15 seconds left.\n|inactive|mannipuliert has 10 seconds left.\n|\n|t:|1781446513\n|move|p1a: Gholdengo|Make It Rain|p2a: Slither Wing\n|-damage|p2a: Slither Wing|6/270\n|-unboost|p1a: Gholdengo|spa|1\n|move|p2a: Slither Wing|U-turn|p1a: Gholdengo\n|-resisted|p1a: Gholdengo\n|-damage|p1a: Gholdengo|35/261\n|-damage|p2a: Slither Wing|0 fnt|[from] item: Life Orb\n|faint|p2a: Slither Wing\n|-end|p2a: Slither Wing|Protosynthesis|[silent]\n|\n|-heal|p1a: Gholdengo|51/261|[from] item: Leftovers\n|upkeep\n|\n|t:|1781446526\n|switch|p2a: Roaring Moon|Roaring Moon, L72|270/270\n|-activate|p2a: Roaring Moon|move: Sticky Web\n|-unboost|p2a: Roaring Moon|spe|1\n|turn|30\n|inactive|mannipuliert has 25 seconds left this turn.\n|inactive|mannipuliert has 20 seconds left.\n|inactive|mannipuliert has 15 seconds left.\n|inactive|mannipuliert has 10 seconds left.\n|inactive|mannipuliert has 5 seconds left.\n|\n|t:|1781446547\n|move|p1a: Gholdengo|Make It Rain|p2a: Roaring Moon\n|-crit|p2a: Roaring Moon\n|-damage|p2a: Roaring Moon|0 fnt\n|-unboost|p1a: Gholdengo|spa|1\n|faint|p2a: Roaring Moon\n|-end|p2a: Roaring Moon|Protosynthesis|[silent]\n|\n|-heal|p1a: Gholdengo|67/261|[from] item: Leftovers\n|upkeep\n|\n|t:|1781446557\n|switch|p2a: Uxie|Uxie, L83|260/260\n|turn|31\n|inactive|mannipuliert has 20 seconds left this turn.\n|inactive|mannipuliert has 15 seconds left.\n|inactive|mannipuliert has 10 seconds left.\n|\n|t:|1781446568\n|switch|p1a: Mesprit|Mesprit, L85|65/275\n|-damage|p1a: Mesprit|31/275|[from] Stealth Rock\n|move|p2a: Uxie|Psychic Noise|p1a: Mesprit\n|-resisted|p1a: Mesprit\n|-damage|p1a: Mesprit|1/275\n|-start|p1a: Mesprit|move: Heal Block\n|\n|upkeep\n|turn|32\n|inactive|mannipuliert has 20 seconds left this turn.\n|inactive|mannipuliert has 15 seconds left.\n|inactive|mannipuliert has 10 seconds left.\n|\n|t:|1781446580\n|move|p2a: Uxie|Knock Off|p1a: Mesprit\n|-supereffective|p1a: Mesprit\n|-damage|p1a: Mesprit|0 fnt\n|-enditem|p1a: Mesprit|Choice Specs|[from] move: Knock Off|[of] p2a: Uxie\n|faint|p1a: Mesprit\n|\n|upkeep\n|inactive|mannipuliert has 15 seconds left this turn.\n|inactive|mannipuliert has 10 seconds left.\n|\n|t:|1781446585\n|switch|p1a: Infernape|Infernape, L82, F|227/259\n|-damage|p1a: Infernape|195/259|[from] Stealth Rock\n|turn|33\n|inactive|mannipuliert has 20 seconds left this turn.\n|inactive|mannipuliert has 15 seconds left.\n|inactive|mannipuliert has 10 seconds left.\n|\n|t:|1781446596\n|move|p1a: Infernape|Stone Edge|p2a: Uxie\n|-crit|p2a: Uxie\n|-damage|p2a: Uxie|159/260\n|-damage|p1a: Infernape|170/259|[from] item: Life Orb\n|move|p2a: Uxie|Psychic Noise|p1a: Infernape\n|-supereffective|p1a: Infernape\n|-damage|p1a: Infernape|24/259\n|-start|p1a: Infernape|move: Heal Block\n|\n|-heal|p2a: Uxie|175/260|[from] item: Leftovers\n|upkeep\n|turn|34\n|inactive|mannipuliert has 20 seconds left this turn.\n|inactive|mannipuliert has 15 seconds left.\n|inactive|mannipuliert has 10 seconds left.\n|\n|t:|1781446608\n|move|p1a: Infernape|Overheat|p2a: Uxie\n|-damage|p2a: Uxie|0 fnt\n|-unboost|p1a: Infernape|spa|2\n|faint|p2a: Uxie\n|-damage|p1a: Infernape|0 fnt|[from] item: Life Orb\n|faint|p1a: Infernape\n|\n|upkeep\n|inactive|mannipuliert has 15 seconds left this turn.\n|\n|t:|1781446615\n|switch|p1a: Gholdengo|Gholdengo, L77|67/261\n|switch|p2a: Scovillain|Scovillain, L91, F|266/266\n|-activate|p2a: Scovillain|move: Sticky Web\n|-unboost|p2a: Scovillain|spe|1\n|-damage|p1a: Gholdengo|51/261|[from] Stealth Rock\n|turn|35\n|inactive|mannipuliert has 25 seconds left this turn.\n|inactive|mannipuliert has 20 seconds left.\n|\n|t:|1781446622\n|move|p1a: Gholdengo|Shadow Ball|p2a: Scovillain\n|-damage|p2a: Scovillain|157/266\n|move|p2a: Scovillain|Flamethrower|p1a: Gholdengo\n|-supereffective|p1a: Gholdengo\n|-damage|p1a: Gholdengo|0 fnt\n|faint|p1a: Gholdengo\n|\n|win|dyltrott\n", "uploadtime": 1781445851, "views": 6, "formatid": "gen9randombattle", "rating": null, "private": 0, "password": null}