{"id": "gen9randombattle-2631917815", "format": "[Gen 9] Random Battle", "players": ["Crinjal", "masbahlilganteng"], "log": "|j|\u2606Crinjal\n|j|\u2606masbahlilganteng\n|t:|1781455460\n|gametype|singles\n|player|p1|Crinjal|veteran|1993\n|player|p2|masbahlilganteng|hoopster|2022\n|gen|9\n|tier|[Gen 9] Random Battle\n|rated|\n|rule|Species Clause: Limit one of each Pok\u00e9mon\n|rule|HP Percentage Mod: HP is shown in percentages\n|rule|Sleep Clause Mod: Limit one foe put to sleep\n|rule|Illusion Level Mod: Illusion disguises the Pok\u00e9mon's true level\n|\n|t:|1781455460\n|teamsize|p1|6\n|teamsize|p2|6\n|start\n|switch|p1a: Conkeldurr|Conkeldurr, L80, M|299/299\n|switch|p2a: Cloyster|Cloyster, L80, M|211/211\n|turn|1\n|inactive|Battle timer is ON: inactive players will automatically lose when time's up. (requested by masbahlilganteng)\n|\n|t:|1781455475\n|switch|p2a: Weezing|Weezing-Galar, L86, M|252/252\n|move|p1a: Conkeldurr|Close Combat|p2a: Weezing\n|-resisted|p2a: Weezing\n|-damage|p2a: Weezing|221/252\n|-unboost|p1a: Conkeldurr|def|1\n|-unboost|p1a: Conkeldurr|spd|1\n|\n|-heal|p2a: Weezing|236/252|[from] item: Leftovers\n|-status|p1a: Conkeldurr|brn|[from] item: Flame Orb\n|upkeep\n|turn|2\n|\n|t:|1781455485\n|switch|p1a: Salazzle|Salazzle, L83, F|249/249\n|move|p2a: Weezing|Strange Steam|p1a: Salazzle\n|-resisted|p1a: Salazzle\n|-damage|p1a: Salazzle|217/249\n|-start|p1a: Salazzle|confusion\n|\n|-heal|p1a: Salazzle|232/249|[from] item: Leftovers\n|-heal|p2a: Weezing|251/252|[from] item: Leftovers\n|upkeep\n|turn|3\n|\n|t:|1781455495\n|switch|p2a: Groudon|Groudon, L72|263/263\n|-weather|SunnyDay|[from] ability: Drought|[of] p2a: Groudon\n|-activate|p1a: Salazzle|confusion\n|move|p1a: Salazzle|Substitute|p1a: Salazzle\n|-start|p1a: Salazzle|Substitute\n|-damage|p1a: Salazzle|170/249\n|\n|-weather|SunnyDay|[upkeep]\n|-heal|p1a: Salazzle|185/249|[from] item: Leftovers\n|upkeep\n|turn|4\n|\n|t:|1781455521\n|-end|p1a: Salazzle|confusion\n|move|p1a: Salazzle|Flamethrower|p2a: Groudon\n|-damage|p2a: Groudon|70/263\n|move|p2a: Groudon|Precipice Blades|p1a: Salazzle\n|-supereffective|p1a: Salazzle\n|-end|p1a: Salazzle|Substitute\n|\n|-weather|SunnyDay|[upkeep]\n|-heal|p1a: Salazzle|200/249|[from] item: Leftovers\n|-heal|p2a: Groudon|86/263|[from] item: Leftovers\n|upkeep\n|turn|5\n|inactive|masbahlilganteng has 120 seconds left.\n|inactive|masbahlilganteng has 90 seconds left.\n|\n|t:|1781455568\n|-terastallize|p2a: Groudon|Fire\n|move|p1a: Salazzle|Flamethrower|p2a: Groudon\n|-resisted|p2a: Groudon\n|-damage|p2a: Groudon|0 fnt\n|faint|p2a: Groudon\n|\n|-weather|SunnyDay|[upkeep]\n|-heal|p1a: Salazzle|215/249|[from] item: Leftovers\n|upkeep\n|inactive|masbahlilganteng has 90 seconds left.\n|-message|masbahlilganteng forfeited.\n|\n|win|Crinjal\n", "uploadtime": 1781455463, "views": 3, "formatid": "gen9randombattle", "rating": null, "private": 0, "password": null}