{"id": "gen9randombattle-2631531534", "format": "[Gen 9] Random Battle", "players": ["dkwaslw", "jifhrif"], "log": "|j|\u2606dkwaslw\n|j|\u2606jifhrif\n|t:|1781397411\n|gametype|singles\n|player|p1|dkwaslw|1|\n|player|p2|jifhrif|2|\n|gen|9\n|tier|[Gen 9] Random Battle\n|rule|Species Clause: Limit one of each Pok\u00e9mon\n|rule|HP Percentage Mod: HP is shown in percentages\n|rule|Sleep Clause Mod: Limit one foe put to sleep\n|rule|Illusion Level Mod: Illusion disguises the Pok\u00e9mon's true level\n|\n|t:|1781397411\n|teamsize|p1|6\n|teamsize|p2|6\n|start\n|switch|p1a: Luxray|Luxray, L88, M|283/283\n|switch|p2a: Gogoat|Gogoat, L88, M|360/360\n|turn|1\n|\n|t:|1781397425\n|move|p1a: Luxray|Play Rough|p2a: Gogoat\n|-damage|p2a: Gogoat|249/360\n|move|p2a: Gogoat|Earthquake|p1a: Luxray\n|-supereffective|p1a: Luxray\n|-damage|p1a: Luxray|121/283\n|\n|-heal|p2a: Gogoat|271/360|[from] item: Leftovers\n|-status|p1a: Luxray|brn|[from] item: Flame Orb\n|upkeep\n|turn|2\n|\n|t:|1781397472\n|move|p1a: Luxray|Play Rough|p2a: Gogoat\n|-damage|p2a: Gogoat|130/360\n|move|p2a: Gogoat|Milk Drink|p2a: Gogoat\n|-heal|p2a: Gogoat|310/360\n|\n|-heal|p2a: Gogoat|332/360|[from] item: Leftovers\n|-damage|p1a: Luxray|104/283 brn|[from] brn\n|upkeep\n|turn|3\n|\n|t:|1781397483\n|move|p1a: Luxray|Supercell Slam|p2a: Gogoat\n|-resisted|p2a: Gogoat\n|-damage|p2a: Gogoat|208/360\n|move|p2a: Gogoat|Earthquake|p1a: Luxray\n|-supereffective|p1a: Luxray\n|-damage|p1a: Luxray|0 fnt\n|faint|p1a: Luxray\n|\n|-heal|p2a: Gogoat|230/360|[from] item: Leftovers\n|upkeep\n|\n|t:|1781397499\n|switch|p1a: Moltres|Moltres, L81|278/278\n|turn|4\n|\n|t:|1781397505\n|move|p1a: Moltres|Fire Blast|p2a: Gogoat\n|-supereffective|p2a: Gogoat\n|-damage|p2a: Gogoat|0 fnt\n|faint|p2a: Gogoat\n|\n|upkeep\n|\n|t:|1781397511\n|switch|p2a: Snorlax|Snorlax, L82, M|397/397\n|turn|5\n|\n|t:|1781397516\n|move|p1a: Moltres|Will-O-Wisp|p2a: Snorlax\n|-status|p2a: Snorlax|brn\n|move|p2a: Snorlax|Sleep Talk||[still]\n|-fail|p2a: Snorlax\n|\n|-damage|p2a: Snorlax|373/397 brn|[from] brn\n|upkeep\n|turn|6\n|\n|t:|1781397524\n|switch|p1a: Jumpluff|Jumpluff, L87, M|271/271\n|move|p2a: Snorlax|Curse|p2a: Snorlax\n|-unboost|p2a: Snorlax|spe|1\n|-boost|p2a: Snorlax|atk|1\n|-boost|p2a: Snorlax|def|1\n|\n|-heal|p2a: Snorlax|397/397 brn|[from] item: Leftovers\n|-damage|p2a: Snorlax|373/397 brn|[from] brn\n|upkeep\n|turn|7\n|\n|t:|1781397537\n|move|p1a: Jumpluff|Leech Seed|p2a: Snorlax\n|-start|p2a: Snorlax|move: Leech Seed\n|move|p2a: Snorlax|Body Slam|p1a: Jumpluff\n|-damage|p1a: Jumpluff|192/271\n|\n|-heal|p2a: Snorlax|397/397 brn|[from] item: Leftovers\n|-damage|p2a: Snorlax|348/397 brn|[from] Leech Seed|[of] p1a: Jumpluff\n|-heal|p1a: Jumpluff|241/271|[silent]\n|-damage|p2a: Snorlax|324/397 brn|[from] brn\n|upkeep\n|turn|8\n|\n|t:|1781397548\n|switch|p2a: Magmortar|Magmortar, L88, M|275/275\n|move|p1a: Jumpluff|Substitute|p1a: Jumpluff\n|-start|p1a: Jumpluff|Substitute\n|-damage|p1a: Jumpluff|174/271\n|\n|upkeep\n|turn|9\n|\n|t:|1781397558\n|move|p1a: Jumpluff|Acrobatics|p2a: Magmortar\n|-damage|p2a: Magmortar|187/275\n|move|p2a: Magmortar|Fire Blast|p1a: Jumpluff\n|-supereffective|p1a: Jumpluff\n|-end|p1a: Jumpluff|Substitute\n|\n|upkeep\n|turn|10\n|\n|t:|1781397569\n|move|p1a: Jumpluff|Substitute|p1a: Jumpluff\n|-start|p1a: Jumpluff|Substitute\n|-damage|p1a: Jumpluff|107/271\n|move|p2a: Magmortar|Thunderbolt|p1a: Jumpluff\n|-end|p1a: Jumpluff|Substitute\n|\n|upkeep\n|turn|11\n|\n|t:|1781397576\n|move|p1a: Jumpluff|Strength Sap|p2a: Magmortar\n|-unboost|p2a: Magmortar|atk|1\n|-heal|p1a: Jumpluff|271/271\n|move|p2a: Magmortar|Knock Off|p1a: Jumpluff\n|-damage|p1a: Jumpluff|230/271\n|\n|upkeep\n|turn|12\n|\n|t:|1781397586\n|switch|p2a: Bellossom|Bellossom, L84, F|263/263\n|move|p1a: Jumpluff|Strength Sap|p2a: Bellossom\n|-unboost|p2a: Bellossom|atk|1\n|-heal|p1a: Jumpluff|271/271\n|\n|upkeep\n|turn|13\n|\n|t:|1781397594\n|switch|p1a: Moltres|Moltres, L81|278/278\n|move|p2a: Bellossom|Tera Blast|p1a: Moltres\n|-damage|p1a: Moltres|220/278\n|\n|upkeep\n|turn|14\n|\n|t:|1781397601\n|move|p1a: Moltres|Fire Blast|p2a: Bellossom\n|-supereffective|p2a: Bellossom\n|-damage|p2a: Bellossom|39/263\n|move|p2a: Bellossom|Tera Blast|p1a: Moltres\n|-damage|p1a: Moltres|165/278\n|\n|-heal|p2a: Bellossom|55/263|[from] item: Leftovers\n|upkeep\n|turn|15\n|\n|t:|1781397610\n|switch|p2a: Snorlax|Snorlax, L82, M|324/397 brn\n|move|p1a: Moltres|Fire Blast|p2a: Snorlax\n|-damage|p2a: Snorlax|269/397 brn\n|\n|-heal|p2a: Snorlax|293/397 brn|[from] item: Leftovers\n|-damage|p2a: Snorlax|269/397 brn|[from] brn\n|upkeep\n|turn|16\n|\n|t:|1781397620\n|switch|p1a: Arbok|Arbok, L87, F|246/246\n|-ability|p1a: Arbok|Intimidate|boost\n|-unboost|p2a: Snorlax|atk|1\n|move|p2a: Snorlax|Body Slam|p1a: Arbok\n|-damage|p1a: Arbok|208/246\n|\n|-heal|p2a: Snorlax|293/397 brn|[from] item: Leftovers\n|-damage|p2a: Snorlax|269/397 brn|[from] brn\n|upkeep\n|turn|17\n|\n|t:|1781397632\n|switch|p2a: Magmortar|Magmortar, L88, M|187/275\n|move|p1a: Arbok|Earthquake|p2a: Magmortar\n|-supereffective|p2a: Magmortar\n|-damage|p2a: Magmortar|0 fnt\n|faint|p2a: Magmortar\n|-damage|p1a: Arbok|184/246|[from] item: Life Orb\n|\n|upkeep\n|\n|t:|1781397642\n|switch|p2a: Snorlax|Snorlax, L82, M|269/397 brn\n|turn|18\n|\n|t:|1781397646\n|move|p1a: Arbok|Earthquake|p2a: Snorlax\n|-crit|p2a: Snorlax\n|-damage|p2a: Snorlax|79/397 brn\n|-damage|p1a: Arbok|160/246|[from] item: Life Orb\n|move|p2a: Snorlax|Curse|p2a: Snorlax\n|-unboost|p2a: Snorlax|spe|1\n|-boost|p2a: Snorlax|atk|1\n|-boost|p2a: Snorlax|def|1\n|\n|-heal|p2a: Snorlax|103/397 brn|[from] item: Leftovers\n|-damage|p2a: Snorlax|79/397 brn|[from] brn\n|upkeep\n|turn|19\n|\n|t:|1781397661\n|switch|p2a: Glastrier|Glastrier, L86|311/311\n|move|p1a: Arbok|Earthquake|p2a: Glastrier\n|-damage|p2a: Glastrier|247/311\n|-damage|p1a: Arbok|136/246|[from] item: Life Orb\n|\n|upkeep\n|turn|20\n|\n|t:|1781397671\n|move|p1a: Arbok|Toxic Spikes|p2a: Glastrier\n|-sidestart|p2: jifhrif|move: Toxic Spikes\n|move|p2a: Glastrier|Heavy Slam|p1a: Arbok\n|-damage|p1a: Arbok|0 fnt\n|faint|p1a: Arbok\n|-ability|p2a: Glastrier|Chilling Neigh|boost\n|-boost|p2a: Glastrier|atk|1\n|\n|upkeep\n|\n|t:|1781397674\n|switch|p1a: Moltres|Moltres, L81|165/278\n|turn|21\n|\n|t:|1781397683\n|move|p1a: Moltres|Fire Blast|p2a: Glastrier\n|-supereffective|p2a: Glastrier\n|-damage|p2a: Glastrier|43/311\n|move|p2a: Glastrier|Heavy Slam|p1a: Moltres\n|-resisted|p1a: Moltres\n|-damage|p1a: Moltres|36/278\n|-status|p2a: Glastrier|brn|[from] ability: Flame Body|[of] p1a: Moltres\n|\n|-damage|p2a: Glastrier|24/311 brn|[from] brn\n|upkeep\n|turn|22\n|\n|t:|1781397692\n|move|p1a: Moltres|Fire Blast|p2a: Glastrier|[miss]\n|-miss|p1a: Moltres|p2a: Glastrier\n|move|p2a: Glastrier|Heavy Slam|p1a: Moltres\n|-resisted|p1a: Moltres\n|-damage|p1a: Moltres|0 fnt\n|faint|p1a: Moltres\n|-ability|p2a: Glastrier|Chilling Neigh|boost\n|-boost|p2a: Glastrier|atk|1\n|\n|-damage|p2a: Glastrier|5/311 brn|[from] brn\n|upkeep\n|\n|t:|1781397704\n|switch|p1a: Persian|Persian, L92, F|269/269\n|turn|23\n|\n|t:|1781397709\n|switch|p2a: Oranguru|Oranguru, L92, M|315/315\n|-status|p2a: Oranguru|psn\n|move|p1a: Persian|Knock Off|p2a: Oranguru\n|-supereffective|p2a: Oranguru\n|-damage|p2a: Oranguru|139/315 psn\n|-enditem|p2a: Oranguru|Leftovers|[from] move: Knock Off|[of] p1a: Persian\n|\n|-damage|p2a: Oranguru|100/315 psn|[from] psn\n|upkeep\n|turn|24\n|\n|t:|1781397721\n|move|p1a: Persian|Knock Off|p2a: Oranguru\n|-supereffective|p2a: Oranguru\n|-damage|p2a: Oranguru|0 fnt\n|faint|p2a: Oranguru\n|\n|upkeep\n|\n|t:|1781397727\n|switch|p2a: Snorlax|Snorlax, L82, M|79/397 brn\n|turn|25\n|\n|t:|1781397731\n|move|p1a: Persian|Knock Off|p2a: Snorlax\n|-damage|p2a: Snorlax|0 fnt\n|-enditem|p2a: Snorlax|Leftovers|[from] move: Knock Off|[of] p1a: Persian\n|faint|p2a: Snorlax\n|\n|upkeep\n|\n|t:|1781397737\n|switch|p2a: Bellossom|Bellossom, L84, F|55/263\n|-status|p2a: Bellossom|psn\n|turn|26\n|\n|t:|1781397742\n|move|p1a: Persian|Knock Off|p2a: Bellossom\n|-damage|p2a: Bellossom|0 fnt\n|-enditem|p2a: Bellossom|Leftovers|[from] move: Knock Off|[of] p1a: Persian\n|faint|p2a: Bellossom\n|\n|upkeep\n|\n|t:|1781397747\n|switch|p2a: Glastrier|Glastrier, L86|5/311 brn\n|turn|27\n|\n|t:|1781397754\n|-terastallize|p2a: Glastrier|Steel\n|move|p1a: Persian|Knock Off|p2a: Glastrier\n|-damage|p2a: Glastrier|0 fnt\n|-enditem|p2a: Glastrier|Choice Band|[from] move: Knock Off|[of] p1a: Persian\n|faint|p2a: Glastrier\n|\n|win|dkwaslw\n", "uploadtime": 1781397760, "views": 2, "formatid": "gen9randombattle", "rating": null, "private": 0, "password": null}