{"id": "gen9randombattle-2631372173", "format": "[Gen 9] Random Battle", "players": ["I_like_2_meme", "Lukkss_0"], "log": "|j|\u2606I_like_2_meme\n|j|\u2606Lukkss_0\n|t:|1781376877\n|gametype|singles\n|player|p1|I_like_2_meme|brycen|1009\n|player|p2|Lukkss_0|170|1000\n|gen|9\n|tier|[Gen 9] Random Battle\n|rated|\n|rule|Species Clause: Limit one of each Pok\u00e9mon\n|rule|HP Percentage Mod: HP is shown in percentages\n|rule|Sleep Clause Mod: Limit one foe put to sleep\n|rule|Illusion Level Mod: Illusion disguises the Pok\u00e9mon's true level\n|\n|t:|1781376877\n|teamsize|p1|6\n|teamsize|p2|6\n|start\n|switch|p1a: Noivern|Noivern, L82, F|274/274\n|switch|p2a: Vespiquen|Vespiquen, L99, F|299/299\n|-ability|p2a: Vespiquen|Pressure\n|turn|1\n|inactive|Battle timer is ON: inactive players will automatically lose when time's up. (requested by I_like_2_meme)\n|\n|t:|1781376897\n|-terastallize|p2a: Vespiquen|Steel\n|move|p1a: Noivern|Hurricane|p2a: Vespiquen\n|-resisted|p2a: Vespiquen\n|-damage|p2a: Vespiquen|241/299\n|move|p2a: Vespiquen|Toxic Spikes|p1a: Noivern\n|-sidestart|p1: I_like_2_meme|move: Toxic Spikes\n|\n|upkeep\n|turn|2\n|\n|t:|1781376905\n|switch|p1a: Groudon|Groudon, L72|263/263\n|-status|p1a: Groudon|psn\n|-weather|SunnyDay|[from] ability: Drought|[of] p1a: Groudon\n|move|p2a: Vespiquen|Toxic Spikes|p1a: Groudon\n|-sidestart|p1: I_like_2_meme|move: Toxic Spikes\n|\n|-weather|SunnyDay|[upkeep]\n|-damage|p1a: Groudon|231/263 psn|[from] psn\n|upkeep\n|turn|3\n|\n|t:|1781376922\n|switch|p2a: Conkeldurr|Conkeldurr, L80, F|299/299\n|move|p1a: Groudon|Spikes|p2a: Conkeldurr\n|-sidestart|p2: Lukkss_0|Spikes\n|\n|-weather|SunnyDay|[upkeep]\n|-heal|p1a: Groudon|247/263 psn|[from] item: Leftovers\n|-damage|p1a: Groudon|215/263 psn|[from] psn\n|-status|p2a: Conkeldurr|brn|[from] item: Flame Orb\n|upkeep\n|turn|4\n|\n|t:|1781376939\n|move|p1a: Groudon|Heat Crash|p2a: Conkeldurr\n|-damage|p2a: Conkeldurr|177/299 brn\n|move|p2a: Conkeldurr|Close Combat|p1a: Groudon\n|-damage|p1a: Groudon|35/263 psn\n|-unboost|p2a: Conkeldurr|def|1\n|-unboost|p2a: Conkeldurr|spd|1\n|\n|-weather|SunnyDay|[upkeep]\n|-heal|p1a: Groudon|51/263 psn|[from] item: Leftovers\n|-damage|p1a: Groudon|19/263 psn|[from] psn\n|-damage|p2a: Conkeldurr|159/299 brn|[from] brn\n|upkeep\n|turn|5\n|\n|t:|1781376952\n|move|p2a: Conkeldurr|Mach Punch|p1a: Groudon\n|-damage|p1a: Groudon|0 fnt\n|faint|p1a: Groudon\n|\n|-weather|SunnyDay|[upkeep]\n|-damage|p2a: Conkeldurr|141/299 brn|[from] brn\n|upkeep\n|\n|t:|1781376972\n|switch|p1a: Noivern|Noivern, L82, F|274/274\n|turn|6\n|\n|t:|1781376988\n|move|p2a: Conkeldurr|Mach Punch|p1a: Noivern\n|-resisted|p1a: Noivern\n|-damage|p1a: Noivern|232/274\n|move|p1a: Noivern|Boomburst|p2a: Conkeldurr\n|-damage|p2a: Conkeldurr|0 fnt\n|faint|p2a: Conkeldurr\n|\n|-weather|none\n|upkeep\n|inactive|Lukkss_0 has 120 seconds left.\n|\n|t:|1781377022\n|switch|p2a: Vespiquen|Vespiquen, L99, F, tera:Steel|241/299\n|-ability|p2a: Vespiquen|Pressure\n|turn|7\n|\n|t:|1781377029\n|move|p1a: Noivern|Boomburst|p2a: Vespiquen\n|-resisted|p2a: Vespiquen\n|-damage|p2a: Vespiquen|186/299\n|move|p2a: Vespiquen|Hurricane|p1a: Noivern\n|-damage|p1a: Noivern|87/274\n|\n|upkeep\n|turn|8\n|\n|t:|1781377040\n|move|p1a: Noivern|Boomburst|p2a: Vespiquen\n|-resisted|p2a: Vespiquen\n|-damage|p2a: Vespiquen|135/299\n|move|p2a: Vespiquen|Hurricane|p1a: Noivern\n|-damage|p1a: Noivern|0 fnt\n|faint|p1a: Noivern\n|\n|upkeep\n|\n|t:|1781377068\n|switch|p1a: Flutter Mane|Flutter Mane, L74|203/203\n|-status|p1a: Flutter Mane|tox\n|turn|9\n|inactive|Lukkss_0 has 120 seconds left.\n|\n|t:|1781377078\n|move|p1a: Flutter Mane|Shadow Ball|p2a: Vespiquen\n|-damage|p2a: Vespiquen|41/299\n|move|p2a: Vespiquen|Roost|p2a: Vespiquen\n|-heal|p2a: Vespiquen|191/299\n|\n|-damage|p1a: Flutter Mane|191/203 tox|[from] psn\n|upkeep\n|turn|10\n|\n|t:|1781377087\n|move|p1a: Flutter Mane|Shadow Ball|p2a: Vespiquen\n|-damage|p2a: Vespiquen|89/299\n|move|p2a: Vespiquen|Roost|p2a: Vespiquen\n|-heal|p2a: Vespiquen|239/299\n|\n|-damage|p1a: Flutter Mane|167/203 tox|[from] psn\n|upkeep\n|turn|11\n|c|\u2606I_like_2_meme|bruh\n|\n|t:|1781377096\n|move|p1a: Flutter Mane|Shadow Ball|p2a: Vespiquen\n|-damage|p2a: Vespiquen|149/299\n|move|p2a: Vespiquen|Roost|p2a: Vespiquen\n|-heal|p2a: Vespiquen|299/299\n|\n|-damage|p1a: Flutter Mane|131/203 tox|[from] psn\n|upkeep\n|turn|12\n|\n|t:|1781377112\n|move|p1a: Flutter Mane|Shadow Ball|p2a: Vespiquen\n|-damage|p2a: Vespiquen|193/299\n|move|p2a: Vespiquen|Hurricane|p1a: Flutter Mane\n|-damage|p1a: Flutter Mane|29/203 tox\n|\n|-damage|p1a: Flutter Mane|0 fnt|[from] psn\n|faint|p1a: Flutter Mane\n|-end|p1a: Flutter Mane|Protosynthesis|[silent]\n|upkeep\n|\n|t:|1781377117\n|switch|p1a: Deoxys|Deoxys, L74|196/196\n|-status|p1a: Deoxys|tox\n|-ability|p1a: Deoxys|Pressure\n|turn|13\n|inactive|Lukkss_0 has 120 seconds left.\n|\n|t:|1781377153\n|move|p1a: Deoxys|Superpower|p2a: Vespiquen\n|-supereffective|p2a: Vespiquen\n|-damage|p2a: Vespiquen|1/299\n|-unboost|p1a: Deoxys|atk|1\n|-unboost|p1a: Deoxys|def|1\n|-damage|p1a: Deoxys|177/196 tox|[from] item: Life Orb\n|move|p2a: Vespiquen|Spikes|p1a: Deoxys\n|-sidestart|p1: I_like_2_meme|Spikes\n|\n|-damage|p1a: Deoxys|165/196 tox|[from] psn\n|upkeep\n|turn|14\n|\n|t:|1781377165\n|move|p1a: Deoxys|Extreme Speed|p2a: Vespiquen\n|-resisted|p2a: Vespiquen\n|-damage|p2a: Vespiquen|0 fnt\n|faint|p2a: Vespiquen\n|-damage|p1a: Deoxys|146/196 tox|[from] item: Life Orb\n|\n|-damage|p1a: Deoxys|122/196 tox|[from] psn\n|upkeep\n|\n|t:|1781377182\n|switch|p2a: Araquanid|Araquanid, L82, M|246/246\n|turn|15\n|\n|t:|1781377192\n|move|p1a: Deoxys|Psycho Boost|p2a: Araquanid\n|-damage|p2a: Araquanid|77/246\n|-unboost|p1a: Deoxys|spa|2\n|-damage|p1a: Deoxys|103/196 tox|[from] item: Life Orb\n|move|p2a: Araquanid|Leech Life|p1a: Deoxys\n|-supereffective|p1a: Deoxys\n|-damage|p1a: Deoxys|0 fnt\n|-heal|p2a: Araquanid|129/246|[from] drain|[of] p1a: Deoxys\n|faint|p1a: Deoxys\n|\n|upkeep\n|\n|t:|1781377204\n|switch|p1a: Azumarill|Azumarill, L82, F|298/298\n|-status|p1a: Azumarill|tox\n|-damage|p1a: Azumarill|261/298 tox|[from] Spikes\n|turn|16\n|\n|t:|1781377212\n|move|p1a: Azumarill|Play Rough|p2a: Araquanid\n|-damage|p2a: Araquanid|11/246\n|move|p2a: Araquanid|Sticky Web|p1a: Azumarill\n|-sidestart|p1: I_like_2_meme|move: Sticky Web\n|\n|-damage|p1a: Azumarill|243/298 tox|[from] psn\n|upkeep\n|turn|17\n|\n|t:|1781377222\n|move|p1a: Azumarill|Aqua Jet|p2a: Araquanid\n|-resisted|p2a: Araquanid\n|-damage|p2a: Araquanid|0 fnt\n|faint|p2a: Araquanid\n|\n|-damage|p1a: Azumarill|207/298 tox|[from] psn\n|upkeep\n|\n|t:|1781377238\n|switch|p2a: Palkia|Palkia-Origin, L72|249/249\n|-damage|p2a: Palkia|218/249|[from] Spikes\n|-ability|p2a: Palkia|Pressure\n|turn|18\n|\n|t:|1781377246\n|move|p2a: Palkia|Thunder Wave||[still]\n|-fail|p2a: Palkia\n|move|p1a: Azumarill|Play Rough|p2a: Palkia\n|-supereffective|p2a: Palkia\n|-damage|p2a: Palkia|0 fnt\n|faint|p2a: Palkia\n|\n|-damage|p1a: Azumarill|153/298 tox|[from] psn\n|upkeep\n|\n|t:|1781377269\n|switch|p2a: Landorus|Landorus, L75, M|257/257\n|turn|19\n|inactive|Lukkss_0 has 90 seconds left.\n|\n|t:|1781377291\n|move|p1a: Azumarill|Aqua Jet|p2a: Landorus\n|-supereffective|p2a: Landorus\n|-damage|p2a: Landorus|149/257\n|move|p2a: Landorus|Earth Power|p1a: Azumarill\n|-damage|p1a: Azumarill|0 fnt\n|faint|p1a: Azumarill\n|\n|upkeep\n|\n|t:|1781377298\n|switch|p1a: Calyrex|Calyrex-Ice, L72|263/263\n|-ability|p1a: Calyrex|As One\n|-ability|p1a: Calyrex|Unnerve\n|-status|p1a: Calyrex|tox\n|-damage|p1a: Calyrex|231/263 tox|[from] Spikes\n|-activate|p1a: Calyrex|move: Sticky Web\n|-unboost|p1a: Calyrex|spe|1\n|turn|20\n|inactive|Lukkss_0 has 90 seconds left.\n|\n|t:|1781377326\n|-terastallize|p1a: Calyrex|Ground\n|move|p2a: Landorus|Psychic|p1a: Calyrex\n|-damage|p1a: Calyrex|150/263 tox\n|move|p1a: Calyrex|Agility|p1a: Calyrex\n|-boost|p1a: Calyrex|spe|2\n|\n|-damage|p1a: Calyrex|134/263 tox|[from] psn\n|upkeep\n|turn|21\n|\n|t:|1781377343\n|move|p2a: Landorus|Sludge Wave|p1a: Calyrex\n|-resisted|p1a: Calyrex\n|-damage|p1a: Calyrex|90/263 tox\n|move|p1a: Calyrex|Glacial Lance|p2a: Landorus\n|-supereffective|p2a: Landorus\n|-damage|p2a: Landorus|0 fnt\n|faint|p2a: Landorus\n|-ability|p1a: Calyrex|Chilling Neigh|boost\n|-boost|p1a: Calyrex|atk|1\n|\n|-damage|p1a: Calyrex|58/263 tox|[from] psn\n|upkeep\n|\n|t:|1781377354\n|switch|p2a: Terapagos|Terapagos, L77, F|265/265\n|-activate|p2a: Terapagos|ability: Tera Shift\n|detailschange|p2a: Terapagos|Terapagos-Terastal, L77, F\n|-heal|p2a: Terapagos|273/273|[silent]\n|-damage|p2a: Terapagos|239/273|[from] Spikes\n|turn|22\n|inactive|Lukkss_0 has 60 seconds left.\n|\n|t:|1781377373\n|move|p2a: Terapagos|Tera Starstorm|p1a: Calyrex\n|-damage|p1a: Calyrex|0 fnt\n|faint|p1a: Calyrex\n|\n|win|Lukkss_0\n|raw|I_like_2_meme's rating: 1009 &rarr; <strong>1000</strong><br />(-9 for losing)\n|raw|Lukkss_0's rating: 1000 &rarr; <strong>1041</strong><br />(+41 for winning)\n|c|\u2606I_like_2_meme|noooooo\n|c|\u2606I_like_2_meme|I had the move ready\n|l|\u2606Lukkss_0\n|player|p2|\n|c|\u2606I_like_2_meme|why did bro have to be so slow\n|c|\u2606I_like_2_meme|GG\n", "uploadtime": 1781377389, "views": 12, "formatid": "gen9randombattle", "rating": 1000, "private": 0, "password": null}