{"id": "gen9randombattle-2631636620", "format": "[Gen 9] Random Battle", "players": ["ryanWave", "elpablocs"], "log": "|j|\u2606ryanWave\n|j|\u2606elpablocs\n|t:|1781412607\n|gametype|singles\n|player|p1|ryanWave|102|1577\n|player|p2|elpablocs|102|1527\n|gen|9\n|tier|[Gen 9] Random Battle\n|rated|\n|rule|Species Clause: Limit one of each Pok\u00e9mon\n|rule|HP Percentage Mod: HP is shown in percentages\n|rule|Sleep Clause Mod: Limit one foe put to sleep\n|rule|Illusion Level Mod: Illusion disguises the Pok\u00e9mon's true level\n|\n|t:|1781412607\n|teamsize|p1|6\n|teamsize|p2|6\n|start\n|switch|p1a: Torterra|Torterra, L78, F|276/276\n|switch|p2a: Heatran|Heatran, L79, M|273/273\n|-item|p2a: Heatran|Air Balloon\n|turn|1\n|inactive|Battle timer is ON: inactive players will automatically lose when time's up. (requested by elpablocs)\n|inactive|ryanWave has 120 seconds left.\n|\n|t:|1781412652\n|switch|p1a: Regigigas|Regigigas, L84|322/322\n|-start|p1a: Regigigas|ability: Slow Start\n|move|p2a: Heatran|Stealth Rock|p1a: Regigigas\n|-sidestart|p1: ryanWave|move: Stealth Rock\n|\n|upkeep\n|turn|2\n|inactive|elpablocs has 120 seconds left.\n|\n|t:|1781412686\n|switch|p2a: Quagsire|Quagsire, L84, M, shiny|297/297\n|move|p1a: Regigigas|Body Slam|p2a: Quagsire\n|-damage|p2a: Quagsire|224/297\n|-status|p2a: Quagsire|par\n|\n|-heal|p2a: Quagsire|242/297 par|[from] item: Leftovers\n|upkeep\n|turn|3\n|inactive|ryanWave has 120 seconds left.\n|inactive|ryanWave has 90 seconds left.\n|c|\u2606elpablocs|????\n|inactive|ryanWave has 60 seconds left.\n|inactive|ryanWave has 30 seconds left.\n|n|!elpablocs|elpablocs\n|inactive|ryanWave has 20 seconds left.\n|inactive|ryanWave has 15 seconds left.\n|inactive|ryanWave has 10 seconds left.\n|\n|t:|1781412827\n|switch|p1a: Torterra|Torterra, L78, F|276/276\n|-damage|p1a: Torterra|259/276|[from] Stealth Rock\n|move|p2a: Quagsire|Toxic|p1a: Torterra\n|-status|p1a: Torterra|tox\n|\n|-heal|p2a: Quagsire|260/297 par|[from] item: Leftovers\n|-damage|p1a: Torterra|242/276 tox|[from] psn\n|upkeep\n|turn|4\n|inactive|ryanWave has 20 seconds left this turn.\n|inactive|elpablocs has 120 seconds left.\n|\n|t:|1781412849\n|switch|p2a: Heatran|Heatran, L79, M|273/273\n|-item|p2a: Heatran|Air Balloon\n|move|p1a: Torterra|Shell Smash|p1a: Torterra\n|-unboost|p1a: Torterra|def|1\n|-unboost|p1a: Torterra|spd|1\n|-boost|p1a: Torterra|atk|2\n|-boost|p1a: Torterra|spa|2\n|-boost|p1a: Torterra|spe|2\n|\n|-damage|p1a: Torterra|208/276 tox|[from] psn\n|upkeep\n|turn|5\n|inactive|ryanWave has 30 seconds left this turn.\n|inactive|elpablocs has 120 seconds left.\n|inactive|ryanWave has 20 seconds left.\n|\n|t:|1781412861\n|-terastallize|p1a: Torterra|Rock\n|move|p1a: Torterra|Rock Blast|p2a: Heatran\n|-crit|p2a: Heatran\n|-damage|p2a: Heatran|201/273\n|-enditem|p2a: Heatran|Air Balloon\n|-damage|p2a: Heatran|153/273\n|-damage|p2a: Heatran|107/273\n|-damage|p2a: Heatran|62/273\n|-hitcount|p2a: Heatran|4\n|move|p2a: Heatran|Lava Plume|p1a: Torterra\n|-resisted|p1a: Torterra\n|-damage|p1a: Torterra|126/276 tox\n|\n|-damage|p1a: Torterra|75/276 tox|[from] psn\n|upkeep\n|turn|6\n|inactive|ryanWave has 30 seconds left this turn.\n|inactive|elpablocs has 120 seconds left.\n|\n|t:|1781412877\n|move|p1a: Torterra|Rock Blast|p2a: Heatran\n|-damage|p2a: Heatran|11/273\n|-damage|p2a: Heatran|0 fnt\n|faint|p2a: Heatran\n|-hitcount|p2: Heatran|2\n|\n|-damage|p1a: Torterra|7/276 tox|[from] psn\n|upkeep\n|\n|t:|1781412896\n|switch|p2a: Glaceon|Glaceon, L94, F|275/275\n|turn|7\n|\n|t:|1781412899\n|move|p2a: Glaceon|Protect|p2a: Glaceon\n|-singleturn|p2a: Glaceon|Protect\n|move|p1a: Torterra|Rock Blast|p2a: Glaceon\n|-activate|p2a: Glaceon|move: Protect\n|\n|-damage|p1a: Torterra|0 fnt|[from] psn\n|faint|p1a: Torterra\n|upkeep\n|inactive|ryanWave has 30 seconds left.\n|\n|t:|1781412915\n|switch|p1a: Regigigas|Regigigas, L84|322/322\n|-damage|p1a: Regigigas|282/322|[from] Stealth Rock\n|-start|p1a: Regigigas|ability: Slow Start\n|turn|8\n|inactive|elpablocs has 120 seconds left.\n|\n|t:|1781412938\n|move|p2a: Glaceon|Freeze-Dry|p1a: Regigigas\n|-damage|p1a: Regigigas|183/322\n|move|p1a: Regigigas|Knock Off|p2a: Glaceon\n|-damage|p2a: Glaceon|237/275\n|-enditem|p2a: Glaceon|Heavy-Duty Boots|[from] move: Knock Off|[of] p1a: Regigigas\n|\n|-heal|p1a: Regigigas|203/322|[from] item: Leftovers\n|upkeep\n|turn|9\n|\n|t:|1781412948\n|move|p2a: Glaceon|Freeze-Dry|p1a: Regigigas\n|-damage|p1a: Regigigas|104/322\n|move|p1a: Regigigas|Body Slam|p2a: Glaceon\n|-damage|p2a: Glaceon|189/275\n|\n|-heal|p1a: Regigigas|124/322|[from] item: Leftovers\n|upkeep\n|turn|10\n|inactive|elpablocs has 120 seconds left.\n|\n|t:|1781412956\n|move|p2a: Glaceon|Freeze-Dry|p1a: Regigigas\n|-damage|p1a: Regigigas|27/322\n|move|p1a: Regigigas|Rest|p1a: Regigigas\n|-status|p1a: Regigigas|slp|[from] move: Rest\n|-heal|p1a: Regigigas|322/322 slp|[silent]\n|\n|upkeep\n|turn|11\n|inactive|elpablocs has 120 seconds left.\n|\n|t:|1781412970\n|switch|p2a: Dodrio|Dodrio, L85, F|241/241\n|cant|p1a: Regigigas|slp\n|move|p1a: Regigigas|Sleep Talk|p1a: Regigigas\n|move|p1a: Regigigas|Rest||[from] move: Sleep Talk|[still]\n|-fail|p1a: Regigigas\n|\n|upkeep\n|turn|12\n|\n|t:|1781412978\n|move|p2a: Dodrio|Swords Dance|p2a: Dodrio\n|-boost|p2a: Dodrio|atk|2\n|cant|p1a: Regigigas|slp\n|move|p1a: Regigigas|Sleep Talk|p1a: Regigigas\n|move|p1a: Regigigas|Body Slam|p2a: Dodrio|[from] move: Sleep Talk\n|-damage|p2a: Dodrio|169/241\n|\n|-end|p1a: Regigigas|Slow Start\n|upkeep\n|turn|13\n|inactive|ryanWave has 60 seconds left.\n|inactive|elpablocs has 120 seconds left.\n|\n|t:|1781413003\n|move|p2a: Dodrio|Double-Edge|p1a: Regigigas\n|-crit|p1a: Regigigas\n|-damage|p1a: Regigigas|0 fnt\n|faint|p1a: Regigigas\n|-end|p1a: Regigigas|Slow Start|[silent]\n|-damage|p2a: Dodrio|63/241|[from] Recoil\n|\n|upkeep\n|\n|t:|1781413023\n|switch|p1a: Primarina|Primarina, L83, F|268/268\n|-damage|p1a: Primarina|235/268|[from] Stealth Rock\n|turn|14\n|inactive|elpablocs has 120 seconds left.\n|\n|t:|1781413033\n|move|p2a: Dodrio|Double-Edge|p1a: Primarina\n|-damage|p1a: Primarina|0 fnt\n|faint|p1a: Primarina\n|-damage|p2a: Dodrio|0 fnt|[from] Recoil\n|faint|p2a: Dodrio\n|\n|upkeep\n|inactive|elpablocs has 120 seconds left.\n|inactive|ryanWave has 30 seconds left.\n|inactive|ryanWave has 20 seconds left.\n|inactive|ryanWave has 15 seconds left.\n|\n|t:|1781413077\n|switch|p2a: Carbink|Carbink, L90|236/236\n|switch|p1a: Ogerpon|Ogerpon-Hearthflame, L74, F|239/239\n|-damage|p1a: Ogerpon|180/239|[from] Stealth Rock\n|-ability|p1a: Ogerpon|Mold Breaker\n|turn|15\n|inactive|ryanWave has 25 seconds left this turn.\n|\n|t:|1781413093\n|move|p1a: Ogerpon|Swords Dance|p1a: Ogerpon\n|-boost|p1a: Ogerpon|atk|2\n|move|p2a: Carbink|Iron Defense|p2a: Carbink\n|-boost|p2a: Carbink|def|2\n|\n|upkeep\n|turn|16\n|inactive|ryanWave has 30 seconds left.\n|inactive|elpablocs has 90 seconds left.\n|\n|t:|1781413113\n|-terastallize|p2a: Carbink|Fighting\n|move|p1a: Ogerpon|Power Whip|p2a: Carbink\n|-damage|p2a: Carbink|149/236\n|move|p2a: Carbink|Body Press|p1a: Ogerpon\n|-damage|p1a: Ogerpon|0 fnt\n|faint|p1a: Ogerpon\n|\n|-heal|p2a: Carbink|163/236|[from] item: Leftovers\n|upkeep\n|inactive|ryanWave has 30 seconds left this turn.\n|inactive|ryanWave has 20 seconds left.\n|inactive|ryanWave has 15 seconds left.\n|\n|t:|1781413132\n|switch|p1a: Oricorio|Oricorio-Pa'u, L87, F|272/272\n|turn|17\n|inactive|ryanWave has 25 seconds left this turn.\n|inactive|ryanWave has 20 seconds left.\n|inactive|ryanWave has 15 seconds left.\n|inactive|elpablocs has 90 seconds left.\n|\n|t:|1781413149\n|switch|p2a: Glaceon|Glaceon, L94, F|189/275\n|move|p1a: Oricorio|Quiver Dance|p1a: Oricorio\n|-boost|p1a: Oricorio|spa|1\n|-boost|p1a: Oricorio|spd|1\n|-boost|p1a: Oricorio|spe|1\n|\n|upkeep\n|turn|18\n|inactive|ryanWave has 25 seconds left this turn.\n|inactive|ryanWave has 20 seconds left.\n|inactive|ryanWave has 15 seconds left.\n|inactive|ryanWave has 10 seconds left.\n|\n|t:|1781413165\n|move|p1a: Oricorio|Revelation Dance|p2a: Glaceon\n|-damage|p2a: Glaceon|53/275\n|move|p2a: Glaceon|Freeze-Dry|p1a: Oricorio\n|-supereffective|p1a: Oricorio\n|-damage|p1a: Oricorio|84/272\n|\n|upkeep\n|turn|19\n|inactive|ryanWave has 20 seconds left this turn.\n|inactive|ryanWave has 15 seconds left.\n|\n|t:|1781413178\n|move|p1a: Oricorio|Revelation Dance|p2a: Glaceon\n|-damage|p2a: Glaceon|0 fnt\n|faint|p2a: Glaceon\n|\n|upkeep\n|\n|t:|1781413185\n|switch|p2a: Quagsire|Quagsire, L84, M, shiny|260/297 par\n|turn|20\n|inactive|ryanWave has 30 seconds left this turn.\n|\n|t:|1781413189\n|move|p1a: Oricorio|Roost|p1a: Oricorio\n|-heal|p1a: Oricorio|220/272\n|-singleturn|p1a: Oricorio|move: Roost\n|move|p2a: Quagsire|Toxic|p1a: Oricorio\n|-status|p1a: Oricorio|tox\n|\n|-heal|p2a: Quagsire|278/297 par|[from] item: Leftovers\n|-damage|p1a: Oricorio|203/272 tox|[from] psn\n|upkeep\n|turn|21\n|\n|t:|1781413202\n|move|p1a: Oricorio|Quiver Dance|p1a: Oricorio\n|-boost|p1a: Oricorio|spa|1\n|-boost|p1a: Oricorio|spd|1\n|-boost|p1a: Oricorio|spe|1\n|move|p2a: Quagsire|Recover|p2a: Quagsire\n|-heal|p2a: Quagsire|297/297 par\n|\n|-damage|p1a: Oricorio|169/272 tox|[from] psn\n|upkeep\n|turn|22\n|\n|t:|1781413221\n|move|p1a: Oricorio|Hurricane|p2a: Quagsire|[miss]\n|-miss|p1a: Oricorio|p2a: Quagsire\n|move|p2a: Quagsire|Recover||[still]\n|-fail|p2a: Quagsire|heal\n|\n|-damage|p1a: Oricorio|118/272 tox|[from] psn\n|upkeep\n|turn|23\n|\n|t:|1781413228\n|move|p1a: Oricorio|Revelation Dance|p2a: Quagsire\n|-damage|p2a: Quagsire|177/297 par\n|move|p2a: Quagsire|Recover|p2a: Quagsire\n|-heal|p2a: Quagsire|297/297 par\n|\n|-damage|p1a: Oricorio|50/272 tox|[from] psn\n|upkeep\n|turn|24\n|n|\u2606elpablocs|elpablocs\n|inactive|elpablocs has 120 seconds left.\n|\n|t:|1781413238\n|switch|p1a: Clawitzer|Clawitzer, L87, F|265/265\n|-damage|p1a: Clawitzer|232/265|[from] Stealth Rock\n|move|p2a: Quagsire|Spikes|p1a: Clawitzer\n|-sidestart|p1: ryanWave|Spikes\n|\n|upkeep\n|turn|25\n|\n|t:|1781413255\n|move|p1a: Clawitzer|Dark Pulse|p2a: Quagsire\n|-damage|p2a: Quagsire|91/297 par\n|move|p2a: Quagsire|Toxic|p1a: Clawitzer\n|-status|p1a: Clawitzer|tox\n|\n|-heal|p2a: Quagsire|109/297 par|[from] item: Leftovers\n|-damage|p1a: Clawitzer|216/265 tox|[from] psn\n|upkeep\n|turn|26\n|inactive|elpablocs has 120 seconds left.\n|\n|t:|1781413288\n|switch|p2a: Tentacruel|Tentacruel, L84, F|272/272\n|move|p1a: Clawitzer|Dark Pulse|p2a: Tentacruel\n|-damage|p2a: Tentacruel|181/272\n|\n|-damage|p1a: Clawitzer|184/265 tox|[from] psn\n|upkeep\n|turn|27\n|inactive|ryanWave has 30 seconds left.\n|inactive|ryanWave has 20 seconds left.\n|\n|t:|1781413332\n|move|p2a: Tentacruel|Sludge Bomb|p1a: Clawitzer\n|-damage|p1a: Clawitzer|99/265 tox\n|move|p1a: Clawitzer|Dark Pulse|p2a: Tentacruel\n|-damage|p2a: Tentacruel|101/272\n|\n|-damage|p1a: Clawitzer|51/265 tox|[from] psn\n|upkeep\n|turn|28\n|inactive|ryanWave has 30 seconds left this turn.\n|\n|t:|1781413341\n|move|p2a: Tentacruel|Sludge Bomb|p1a: Clawitzer\n|-damage|p1a: Clawitzer|0 fnt\n|faint|p1a: Clawitzer\n|\n|upkeep\n|inactive|ryanWave has 30 seconds left this turn.\n|\n|t:|1781413344\n|switch|p1a: Oricorio|Oricorio-Pa'u, L87, F|50/272 tox\n|turn|29\n|inactive|elpablocs has 120 seconds left.\n|\n|t:|1781413351\n|move|p2a: Tentacruel|Surf|p1a: Oricorio\n|-damage|p1a: Oricorio|0 fnt\n|faint|p1a: Oricorio\n|\n|win|elpablocs\n", "uploadtime": 1781412809, "views": 3, "formatid": "gen9randombattle", "rating": null, "private": 0, "password": null}