{"id": "gen9randombattle-2631602410", "format": "[Gen 9] Random Battle", "players": ["angsi", "Deleuzional"], "log": "|j|\u2606angsi\n|j|\u2606Deleuzional\n|t:|1781407256\n|gametype|singles\n|player|p1|angsi|1|1953\n|player|p2|Deleuzional|169|1975\n|gen|9\n|tier|[Gen 9] Random Battle\n|rated|\n|rule|Species Clause: Limit one of each Pok\u00e9mon\n|rule|HP Percentage Mod: HP is shown in percentages\n|rule|Sleep Clause Mod: Limit one foe put to sleep\n|rule|Illusion Level Mod: Illusion disguises the Pok\u00e9mon's true level\n|\n|t:|1781407256\n|teamsize|p1|6\n|teamsize|p2|6\n|start\n|switch|p1a: Slaking|Slaking, L84, M|389/389\n|switch|p2a: Umbreon|Umbreon, L84, M|297/297\n|turn|1\n|\n|t:|1781407264\n|switch|p1a: Tinkaton|Tinkaton, L82, F|274/274\n|-ability|p1a: Tinkaton|Mold Breaker\n|move|p2a: Umbreon|Toxic|p1a: Tinkaton\n|-immune|p1a: Tinkaton\n|\n|upkeep\n|turn|2\n|inactive|Battle timer is ON: inactive players will automatically lose when time's up. (requested by angsi)\n|\n|t:|1781407272\n|switch|p2a: Camerupt|Camerupt, L91, M|275/275\n|move|p1a: Tinkaton|Knock Off|p2a: Camerupt\n|-damage|p2a: Camerupt|218/275\n|-enditem|p2a: Camerupt|Leftovers|[from] move: Knock Off|[of] p1a: Tinkaton\n|\n|upkeep\n|turn|3\n|\n|t:|1781407282\n|switch|p1a: Hypno|Hypno, L95, F|315/315\n|move|p2a: Camerupt|Stealth Rock|p1a: Hypno\n|-sidestart|p1: angsi|move: Stealth Rock\n|\n|upkeep\n|turn|4\n|\n|t:|1781407295\n|switch|p2a: Duraludon|Duraludon, L82, F|249/249\n|move|p1a: Hypno|Toxic|p2a: Duraludon\n|-immune|p2a: Duraludon\n|\n|upkeep\n|turn|5\n|\n|t:|1781407301\n|move|p1a: Hypno|Focus Blast|p2a: Duraludon\n|-supereffective|p2a: Duraludon\n|-damage|p2a: Duraludon|53/249\n|move|p2a: Duraludon|Dragon Tail|p1a: Hypno\n|-damage|p1a: Hypno|255/315\n|drag|p1a: Electivire|Electivire, L84, M|263/263\n|-damage|p1a: Electivire|231/263|[from] Stealth Rock\n|\n|upkeep\n|turn|6\n|\n|t:|1781407314\n|switch|p2a: Umbreon|Umbreon, L84, M|297/297\n|move|p1a: Electivire|Earthquake|p2a: Umbreon\n|-damage|p2a: Umbreon|211/297\n|-damage|p1a: Electivire|205/263|[from] item: Life Orb\n|\n|-heal|p2a: Umbreon|229/297|[from] item: Leftovers\n|upkeep\n|turn|7\n|\n|t:|1781407323\n|switch|p1a: Tinkaton|Tinkaton, L82, F|274/274\n|-damage|p1a: Tinkaton|257/274|[from] Stealth Rock\n|-ability|p1a: Tinkaton|Mold Breaker\n|move|p2a: Umbreon|Foul Play|p1a: Tinkaton\n|-resisted|p1a: Tinkaton\n|-damage|p1a: Tinkaton|213/274\n|\n|-heal|p1a: Tinkaton|230/274|[from] item: Leftovers\n|-heal|p2a: Umbreon|247/297|[from] item: Leftovers\n|upkeep\n|turn|8\n|\n|t:|1781407336\n|switch|p1a: Lumineon|Lumineon, L93, F|279/279\n|-damage|p1a: Lumineon|245/279|[from] Stealth Rock\n|move|p2a: Umbreon|Wish|p2a: Umbreon\n|\n|-heal|p2a: Umbreon|265/297|[from] item: Leftovers\n|upkeep\n|turn|9\n|\n|t:|1781407348\n|switch|p2a: Articuno|Articuno, L86|295/295\n|-ability|p2a: Articuno|Pressure\n|move|p1a: Lumineon|Alluring Voice|p2a: Articuno\n|-damage|p2a: Articuno|246/295\n|-damage|p1a: Lumineon|218/279|[from] item: Life Orb\n|\n|-heal|p2a: Articuno|295/295|[from] move: Wish|[wisher] Umbreon\n|upkeep\n|turn|10\n|\n|t:|1781407361\n|switch|p1a: Stonjourner|Stonjourner, L91, F|330/330\n|-damage|p1a: Stonjourner|289/330|[from] Stealth Rock\n|move|p2a: Articuno|Brave Bird|p1a: Stonjourner\n|-resisted|p1a: Stonjourner\n|-damage|p1a: Stonjourner|247/330\n|-damage|p2a: Articuno|281/295|[from] Recoil\n|\n|upkeep\n|turn|11\n|\n|t:|1781407372\n|switch|p2a: Hitmontop|Hitmontop, L88, M|231/231\n|-ability|p2a: Hitmontop|Intimidate|boost\n|-unboost|p1a: Stonjourner|atk|1\n|move|p1a: Stonjourner|Stealth Rock|p2a: Hitmontop\n|-sidestart|p2: Deleuzional|move: Stealth Rock\n|\n|upkeep\n|turn|12\n|\n|t:|1781407379\n|switch|p1a: Hypno|Hypno, L95, F|255/315\n|-damage|p1a: Hypno|216/315|[from] Stealth Rock\n|move|p2a: Hitmontop|Rapid Spin|p1a: Hypno\n|-damage|p1a: Hypno|174/315\n|-boost|p2a: Hitmontop|spe|1\n|-sideend|p2: Deleuzional|Stealth Rock|[from] move: Rapid Spin|[of] p2a: Hitmontop\n|\n|-heal|p1a: Hypno|193/315|[from] item: Leftovers\n|upkeep\n|turn|13\n|\n|t:|1781407399\n|switch|p2a: Duraludon|Duraludon, L82, F|53/249\n|move|p1a: Hypno|Psychic Noise|p2a: Duraludon\n|-resisted|p2a: Duraludon\n|-damage|p2a: Duraludon|14/249\n|-start|p2a: Duraludon|move: Heal Block\n|\n|-heal|p1a: Hypno|212/315|[from] item: Leftovers\n|upkeep\n|turn|14\n|\n|t:|1781407409\n|move|p2a: Duraludon|Draco Meteor|p1a: Hypno\n|-damage|p1a: Hypno|110/315\n|-unboost|p2a: Duraludon|spa|2\n|move|p1a: Hypno|Psychic Noise|p2a: Duraludon\n|-resisted|p2a: Duraludon\n|-damage|p2a: Duraludon|0 fnt\n|faint|p2a: Duraludon\n|\n|-heal|p1a: Hypno|129/315|[from] item: Leftovers\n|upkeep\n|\n|t:|1781407421\n|switch|p2a: Floatzel|Floatzel, L86, F|286/286\n|turn|15\n|\n|t:|1781407433\n|move|p2a: Floatzel|Wave Crash|p1a: Hypno\n|-damage|p1a: Hypno|0 fnt\n|faint|p1a: Hypno\n|-damage|p2a: Floatzel|243/286|[from] Recoil\n|\n|-heal|p2a: Floatzel|260/286|[from] item: Leftovers\n|upkeep\n|\n|t:|1781407436\n|switch|p1a: Lumineon|Lumineon, L93, F|218/279\n|-damage|p1a: Lumineon|184/279|[from] Stealth Rock\n|turn|16\n|l|\u2606Deleuzional\n|inactive|Deleuzional disconnected and has a minute to reconnect!\n|player|p2|\n|j|\u2606Deleuzional\n|inactive|Deleuzional reconnected and has 135 seconds left.\n|player|p2|Deleuzional|169|\n|\n|t:|1781407462\n|switch|p2a: Articuno|Articuno, L86|281/295\n|-ability|p2a: Articuno|Pressure\n|switch|p1a: Electivire|Electivire, L84, M|205/263\n|-damage|p1a: Electivire|173/263|[from] Stealth Rock\n|\n|upkeep\n|turn|17\n|\n|t:|1781407472\n|switch|p2a: Umbreon|Umbreon, L84, M|265/297\n|move|p1a: Electivire|Bulk Up|p1a: Electivire\n|-boost|p1a: Electivire|atk|1\n|-boost|p1a: Electivire|def|1\n|\n|-heal|p2a: Umbreon|283/297|[from] item: Leftovers\n|upkeep\n|turn|18\n|\n|t:|1781407482\n|move|p1a: Electivire|Supercell Slam|p2a: Umbreon\n|-crit|p2a: Umbreon\n|-damage|p2a: Umbreon|0 fnt\n|faint|p2a: Umbreon\n|-damage|p1a: Electivire|147/263|[from] item: Life Orb\n|\n|upkeep\n|\n|t:|1781407494\n|switch|p2a: Hitmontop|Hitmontop, L88, M|231/231\n|-ability|p2a: Hitmontop|Intimidate|boost\n|-unboost|p1a: Electivire|atk|1\n|turn|19\n|\n|t:|1781407504\n|move|p1a: Electivire|Bulk Up|p1a: Electivire\n|-boost|p1a: Electivire|atk|1\n|-boost|p1a: Electivire|def|1\n|move|p2a: Hitmontop|Rapid Spin|p1a: Electivire\n|-damage|p1a: Electivire|122/263\n|-boost|p2a: Hitmontop|spe|1\n|\n|upkeep\n|turn|20\n|\n|t:|1781407511\n|move|p2a: Hitmontop|Earthquake|p1a: Electivire\n|-supereffective|p1a: Electivire\n|-crit|p1a: Electivire\n|-damage|p1a: Electivire|0 fnt\n|faint|p1a: Electivire\n|\n|upkeep\n|\n|t:|1781407518\n|switch|p1a: Slaking|Slaking, L84, M|389/389\n|-damage|p1a: Slaking|341/389|[from] Stealth Rock\n|turn|21\n|\n|t:|1781407524\n|-terastallize|p1a: Slaking|Normal\n|move|p1a: Slaking|Giga Impact|p2a: Hitmontop\n|-damage|p2a: Hitmontop|0 fnt\n|-mustrecharge|p1a: Slaking\n|faint|p2a: Hitmontop\n|\n|upkeep\n|\n|t:|1781407544\n|switch|p2a: Camerupt|Camerupt, L91, M|218/275\n|turn|22\n|\n|t:|1781407547\n|cant|p1a: Slaking|recharge\n|move|p2a: Camerupt|Overheat|p1a: Slaking\n|-damage|p1a: Slaking|146/389\n|-unboost|p2a: Camerupt|spa|2\n|\n|upkeep\n|turn|23\n|\n|t:|1781407555\n|move|p1a: Slaking|Giga Impact|p2a: Camerupt\n|-damage|p2a: Camerupt|0 fnt\n|-mustrecharge|p1a: Slaking\n|faint|p2a: Camerupt\n|\n|upkeep\n|\n|t:|1781407562\n|switch|p2a: Floatzel|Floatzel, L86, F|260/286\n|turn|24\n|\n|t:|1781407566\n|cant|p1a: Slaking|recharge\n|move|p2a: Floatzel|Wave Crash|p1a: Slaking\n|-damage|p1a: Slaking|23/389\n|-damage|p2a: Floatzel|219/286|[from] Recoil\n|\n|-heal|p2a: Floatzel|236/286|[from] item: Leftovers\n|upkeep\n|turn|25\n|c|\u2606Deleuzional|ffs\n|\n|t:|1781407575\n|-terastallize|p2a: Floatzel|Steel\n|move|p1a: Slaking|Giga Impact|p2a: Floatzel\n|-resisted|p2a: Floatzel\n|-damage|p2a: Floatzel|22/286\n|-mustrecharge|p1a: Slaking\n|move|p2a: Floatzel|Bulk Up|p2a: Floatzel\n|-boost|p2a: Floatzel|atk|1\n|-boost|p2a: Floatzel|def|1\n|\n|-heal|p2a: Floatzel|39/286|[from] item: Leftovers\n|upkeep\n|turn|26\n|\n|t:|1781407585\n|cant|p1a: Slaking|recharge\n|move|p2a: Floatzel|Ice Spinner|p1a: Slaking\n|-damage|p1a: Slaking|0 fnt\n|faint|p1a: Slaking\n|\n|-heal|p2a: Floatzel|56/286|[from] item: Leftovers\n|upkeep\n|\n|t:|1781407588\n|switch|p1a: Lumineon|Lumineon, L93, F|184/279\n|-damage|p1a: Lumineon|150/279|[from] Stealth Rock\n|turn|27\n|j| BislikeDlacks\n|\n|t:|1781407606\n|switch|p2a: Articuno|Articuno, L86|281/295\n|-ability|p2a: Articuno|Pressure\n|move|p1a: Lumineon|Hydro Pump|p2a: Articuno\n|-crit|p2a: Articuno\n|-damage|p2a: Articuno|124/295\n|-damage|p1a: Lumineon|123/279|[from] item: Life Orb\n|\n|upkeep\n|turn|28\n|\n|t:|1781407615\n|move|p1a: Lumineon|Hydro Pump|p2a: Articuno\n|-damage|p2a: Articuno|21/295\n|-damage|p1a: Lumineon|96/279|[from] item: Life Orb\n|move|p2a: Articuno|Roost|p2a: Articuno\n|-heal|p2a: Articuno|169/295\n|-singleturn|p2a: Articuno|move: Roost\n|\n|upkeep\n|turn|29\n|\n|t:|1781407628\n|switch|p1a: Tinkaton|Tinkaton, L82, F|230/274\n|-damage|p1a: Tinkaton|213/274|[from] Stealth Rock\n|-ability|p1a: Tinkaton|Mold Breaker\n|switch|p2a: Floatzel|Floatzel, L86, F, tera:Steel|56/286\n|\n|-heal|p2a: Floatzel|73/286|[from] item: Leftovers\n|-heal|p1a: Tinkaton|230/274|[from] item: Leftovers\n|upkeep\n|turn|30\n|\n|t:|1781407640\n|move|p2a: Floatzel|Wave Crash|p1a: Tinkaton\n|-damage|p1a: Tinkaton|82/274\n|-damage|p2a: Floatzel|24/286|[from] Recoil\n|move|p1a: Tinkaton|Encore|p2a: Floatzel\n|-start|p2a: Floatzel|Encore\n|\n|-heal|p2a: Floatzel|41/286|[from] item: Leftovers\n|-heal|p1a: Tinkaton|99/274|[from] item: Leftovers\n|upkeep\n|turn|31\n|\n|t:|1781407650\n|move|p2a: Floatzel|Wave Crash|p1a: Tinkaton\n|-damage|p1a: Tinkaton|0 fnt\n|faint|p1a: Tinkaton\n|-damage|p2a: Floatzel|8/286|[from] Recoil\n|\n|-heal|p2a: Floatzel|25/286|[from] item: Leftovers\n|upkeep\n|\n|t:|1781407655\n|switch|p1a: Lumineon|Lumineon, L93, F|96/279\n|-damage|p1a: Lumineon|62/279|[from] Stealth Rock\n|turn|32\n|\n|t:|1781407663\n|switch|p2a: Articuno|Articuno, L86|169/295\n|-ability|p2a: Articuno|Pressure\n|move|p1a: Lumineon|Hydro Pump|p2a: Articuno\n|-damage|p2a: Articuno|68/295\n|-damage|p1a: Lumineon|35/279|[from] item: Life Orb\n|\n|upkeep\n|turn|33\n|\n|t:|1781407672\n|move|p1a: Lumineon|Hydro Pump|p2a: Articuno\n|-damage|p2a: Articuno|0 fnt\n|faint|p2a: Articuno\n|-damage|p1a: Lumineon|8/279|[from] item: Life Orb\n|\n|upkeep\n|j| kaedehara\n|\n|t:|1781407677\n|switch|p2a: Floatzel|Floatzel, L86, F, tera:Steel|25/286\n|turn|34\n|\n|t:|1781407681\n|move|p2a: Floatzel|Ice Spinner|p1a: Lumineon\n|-resisted|p1a: Lumineon\n|-damage|p1a: Lumineon|0 fnt\n|faint|p1a: Lumineon\n|\n|-heal|p2a: Floatzel|42/286|[from] item: Leftovers\n|upkeep\n|\n|t:|1781407682\n|switch|p1a: Stonjourner|Stonjourner, L91, F|247/330\n|-damage|p1a: Stonjourner|206/330|[from] Stealth Rock\n|turn|35\n|\n|t:|1781407690\n|move|p2a: Floatzel|Wave Crash|p1a: Stonjourner\n|-supereffective|p1a: Stonjourner\n|-crit|p1a: Stonjourner\n|-damage|p1a: Stonjourner|0 fnt\n|faint|p1a: Stonjourner\n|-damage|p2a: Floatzel|0 fnt|[from] Recoil\n|faint|p2a: Floatzel\n|\n|win|Deleuzional\n", "uploadtime": 1781407257, "views": 6, "formatid": "gen9randombattle", "rating": null, "private": 0, "password": null}