{"id": "gen9randombattle-2631926710", "format": "[Gen 9] Random Battle", "players": ["Tutudile", "lexam22"], "log": "|j|\u2606Tutudile\n|j|\u2606lexam22\n|t:|1781456430\n|gametype|singles\n|player|p1|Tutudile|red|2137\n|player|p2|lexam22|clair|2219\n|gen|9\n|tier|[Gen 9] Random Battle\n|rated|\n|rule|Species Clause: Limit one of each Pok\u00e9mon\n|rule|HP Percentage Mod: HP is shown in percentages\n|rule|Sleep Clause Mod: Limit one foe put to sleep\n|rule|Illusion Level Mod: Illusion disguises the Pok\u00e9mon's true level\n|\n|t:|1781456430\n|teamsize|p1|6\n|teamsize|p2|6\n|start\n|switch|p1a: Eelektross|Eelektross, L87, F|290/290\n|switch|p2a: Ogerpon|Ogerpon-Cornerstone, L76, F|247/247\n|turn|1\n|inactive|Battle timer is ON: inactive players will automatically lose when time's up. (requested by Tutudile)\n|j| Sanatan Dharma\n|\n|t:|1781456448\n|switch|p1a: Iron Treads|Iron Treads, L77|265/265\n|move|p2a: Ogerpon|Ivy Cudgel|p1a: Iron Treads|[anim] Ivy Cudgel Rock\n|-resisted|p1a: Iron Treads\n|-damage|p1a: Iron Treads|241/265\n|\n|upkeep\n|turn|2\n|\n|t:|1781456466\n|switch|p2a: Azumarill|Azumarill, L82, F|298/298\n|move|p1a: Iron Treads|Iron Head|p2a: Azumarill\n|-damage|p2a: Azumarill|217/298\n|\n|upkeep\n|turn|3\n|\n|t:|1781456474\n|move|p1a: Iron Treads|Volt Switch|p2a: Azumarill\n|-supereffective|p2a: Azumarill\n|-damage|p2a: Azumarill|137/298\n|-enditem|p2a: Azumarill|Sitrus Berry|[eat]\n|-heal|p2a: Azumarill|211/298|[from] item: Sitrus Berry\n|\n|t:|1781456495\n|-end|p1a: Iron Treads|Quark Drive|[silent]\n|switch|p1a: Glaceon|Glaceon, L94, F|275/275|[from] Volt Switch\n|move|p2a: Azumarill|Liquidation|p1a: Glaceon\n|-damage|p1a: Glaceon|199/275\n|\n|upkeep\n|turn|4\n|\n|t:|1781456504\n|switch|p2a: Rampardos|Rampardos, L90, M|321/321\n|move|p1a: Glaceon|Freeze-Dry|p2a: Rampardos\n|-damage|p2a: Rampardos|150/321\n|\n|upkeep\n|turn|5\n|\n|t:|1781456514\n|move|p1a: Glaceon|Protect|p1a: Glaceon\n|-singleturn|p1a: Glaceon|Protect\n|move|p2a: Rampardos|Fire Punch|p1a: Glaceon\n|-activate|p1a: Glaceon|move: Protect\n|\n|upkeep\n|turn|6\n|\n|t:|1781456528\n|switch|p1a: Veluza|Veluza, L85, F|292/292\n|move|p2a: Rampardos|Fire Punch|p1a: Veluza\n|-resisted|p1a: Veluza\n|-damage|p1a: Veluza|222/292\n|\n|upkeep\n|turn|7\n|\n|t:|1781456542\n|switch|p2a: Glaceon|Glaceon, L94, M|275/275\n|move|p1a: Veluza|Aqua Cutter|p2a: Glaceon\n|-damage|p2a: Glaceon|185/275\n|\n|upkeep\n|turn|8\n|inactive|Tutudile has 120 seconds left.\n|\n|t:|1781456578\n|switch|p1a: Iron Treads|Iron Treads, L77|241/265\n|move|p2a: Glaceon|Wish|p2a: Glaceon\n|\n|upkeep\n|turn|9\n|inactive|Tutudile has 120 seconds left.\n|\n|t:|1781456589\n|switch|p2a: Azumarill|Azumarill, L82, F|211/298\n|move|p1a: Iron Treads|Volt Switch|p2a: Azumarill\n|-supereffective|p2a: Azumarill\n|-damage|p2a: Azumarill|129/298\n|\n|t:|1781456608\n|-end|p1a: Iron Treads|Quark Drive|[silent]\n|switch|p1a: Eelektross|Eelektross, L87, F|290/290|[from] Volt Switch\n|\n|-heal|p2a: Azumarill|266/298|[from] move: Wish|[wisher] Glaceon\n|upkeep\n|turn|10\n|\n|t:|1781456617\n|switch|p2a: Dragapult|Dragapult, L77, M|262/262\n|move|p1a: Eelektross|Discharge|p2a: Dragapult\n|-resisted|p2a: Dragapult\n|-damage|p2a: Dragapult|200/262\n|\n|upkeep\n|turn|11\n|\n|t:|1781456628\n|switch|p1a: Spidops|Spidops, L96, M|271/271\n|move|p2a: Dragapult|Will-O-Wisp|p1a: Spidops\n|-status|p1a: Spidops|brn\n|\n|-damage|p1a: Spidops|255/271 brn|[from] brn\n|upkeep\n|turn|12\n|\n|t:|1781456647\n|move|p2a: Dragapult|Hex|p1a: Spidops\n|-damage|p1a: Spidops|146/271 brn\n|move|p1a: Spidops|Sticky Web|p2a: Dragapult\n|-sidestart|p2: lexam22|move: Sticky Web\n|\n|-damage|p1a: Spidops|130/271 brn|[from] brn\n|upkeep\n|turn|13\n|inactive|Tutudile has 120 seconds left.\n|\n|t:|1781456656\n|move|p2a: Dragapult|Hex|p1a: Spidops\n|-crit|p1a: Spidops\n|-damage|p1a: Spidops|0 fnt\n|faint|p1a: Spidops\n|\n|upkeep\n|inactive|Tutudile has 120 seconds left.\n|\n|t:|1781456666\n|switch|p1a: Glaceon|Glaceon, L94, F|199/275\n|turn|14\n|\n|t:|1781456686\n|move|p2a: Dragapult|U-turn|p1a: Glaceon\n|-damage|p1a: Glaceon|161/275\n|\n|t:|1781456689\n|switch|p2a: Glaceon|Glaceon, L94, M|185/275|[from] U-turn\n|move|p1a: Glaceon|Wish|p1a: Glaceon\n|\n|upkeep\n|turn|15\n|inactive|Tutudile has 120 seconds left.\n|\n|t:|1781456712\n|switch|p1a: Iron Treads|Iron Treads, L77|241/265\n|move|p2a: Glaceon|Wish|p2a: Glaceon\n|\n|-heal|p1a: Iron Treads|265/265|[from] move: Wish|[wisher] Glaceon\n|upkeep\n|turn|16\n|\n|t:|1781456720\n|-terastallize|p2a: Glaceon|Water\n|move|p1a: Iron Treads|Iron Head|p2a: Glaceon\n|-resisted|p2a: Glaceon\n|-damage|p2a: Glaceon|153/275\n|cant|p2a: Glaceon|flinch\n|\n|-heal|p2a: Glaceon|275/275|[from] move: Wish|[wisher] Glaceon\n|upkeep\n|turn|17\n|\n|t:|1781456730\n|move|p1a: Iron Treads|Volt Switch|p2a: Glaceon\n|-supereffective|p2a: Glaceon\n|-damage|p2a: Glaceon|221/275\n|\n|t:|1781456739\n|-end|p1a: Iron Treads|Quark Drive|[silent]\n|switch|p1a: Glaceon|Glaceon, L94, F|161/275|[from] Volt Switch\n|move|p2a: Glaceon|Calm Mind|p2a: Glaceon\n|-boost|p2a: Glaceon|spa|1\n|-boost|p2a: Glaceon|spd|1\n|\n|upkeep\n|turn|18\n|\n|t:|1781456747\n|move|p1a: Glaceon|Calm Mind|p1a: Glaceon\n|-boost|p1a: Glaceon|spa|1\n|-boost|p1a: Glaceon|spd|1\n|move|p2a: Glaceon|Calm Mind|p2a: Glaceon\n|-boost|p2a: Glaceon|spa|1\n|-boost|p2a: Glaceon|spd|1\n|\n|upkeep\n|turn|19\n|\n|t:|1781456754\n|move|p2a: Glaceon|Calm Mind|p2a: Glaceon\n|-boost|p2a: Glaceon|spa|1\n|-boost|p2a: Glaceon|spd|1\n|move|p1a: Glaceon|Wish|p1a: Glaceon\n|\n|upkeep\n|turn|20\n|\n|t:|1781456759\n|move|p1a: Glaceon|Calm Mind|p1a: Glaceon\n|-boost|p1a: Glaceon|spa|1\n|-boost|p1a: Glaceon|spd|1\n|move|p2a: Glaceon|Calm Mind|p2a: Glaceon\n|-boost|p2a: Glaceon|spa|1\n|-boost|p2a: Glaceon|spd|1\n|\n|-heal|p1a: Glaceon|275/275|[from] move: Wish|[wisher] Glaceon\n|upkeep\n|turn|21\n|l| Sanatan Dharma\n|\n|t:|1781456768\n|move|p2a: Glaceon|Calm Mind|p2a: Glaceon\n|-boost|p2a: Glaceon|spa|1\n|-boost|p2a: Glaceon|spd|1\n|move|p1a: Glaceon|Calm Mind|p1a: Glaceon\n|-boost|p1a: Glaceon|spa|1\n|-boost|p1a: Glaceon|spd|1\n|\n|upkeep\n|turn|22\n|\n|t:|1781456775\n|move|p2a: Glaceon|Calm Mind|p2a: Glaceon\n|-boost|p2a: Glaceon|spa|1\n|-boost|p2a: Glaceon|spd|1\n|move|p1a: Glaceon|Calm Mind|p1a: Glaceon\n|-boost|p1a: Glaceon|spa|1\n|-boost|p1a: Glaceon|spd|1\n|\n|upkeep\n|turn|23\n|\n|t:|1781456782\n|move|p2a: Glaceon|Freeze-Dry|p1a: Glaceon\n|-resisted|p1a: Glaceon\n|-damage|p1a: Glaceon|211/275\n|move|p1a: Glaceon|Calm Mind|p1a: Glaceon\n|-boost|p1a: Glaceon|spa|1\n|-boost|p1a: Glaceon|spd|1\n|\n|upkeep\n|turn|24\n|\n|t:|1781456793\n|move|p1a: Glaceon|Wish|p1a: Glaceon\n|move|p2a: Glaceon|Freeze-Dry|p1a: Glaceon\n|-resisted|p1a: Glaceon\n|-damage|p1a: Glaceon|157/275\n|\n|upkeep\n|turn|25\n|\n|t:|1781456799\n|move|p2a: Glaceon|Wish|p2a: Glaceon\n|move|p1a: Glaceon|Calm Mind|p1a: Glaceon\n|-boost|p1a: Glaceon|spa|1\n|-boost|p1a: Glaceon|spd|1\n|\n|-heal|p1a: Glaceon|275/275|[from] move: Wish|[wisher] Glaceon\n|upkeep\n|turn|26\n|\n|t:|1781456807\n|move|p1a: Glaceon|Freeze-Dry|p2a: Glaceon\n|-supereffective|p2a: Glaceon\n|-crit|p2a: Glaceon\n|-damage|p2a: Glaceon|0 fnt\n|faint|p2a: Glaceon\n|\n|upkeep\n|\n|t:|1781456820\n|switch|p2a: Ogerpon|Ogerpon-Cornerstone, L76, F|247/247\n|-activate|p2a: Ogerpon|move: Sticky Web\n|-unboost|p2a: Ogerpon|spe|1\n|turn|27\n|\n|t:|1781456827\n|-terastallize|p1a: Glaceon|Water\n|move|p1a: Glaceon|Freeze-Dry|p2a: Ogerpon\n|-supereffective|p2a: Ogerpon\n|-ability|p2a: Ogerpon|Sturdy\n|-damage|p2a: Ogerpon|1/247\n|move|p2a: Ogerpon|Ivy Cudgel|p1a: Glaceon|[anim] Ivy Cudgel Rock\n|-damage|p1a: Glaceon|185/275\n|\n|upkeep\n|turn|28\n|\n|t:|1781456839\n|move|p1a: Glaceon|Freeze-Dry|p2a: Ogerpon\n|-supereffective|p2a: Ogerpon\n|-damage|p2a: Ogerpon|0 fnt\n|faint|p2a: Ogerpon\n|\n|upkeep\n|\n|t:|1781456845\n|switch|p2a: Rampardos|Rampardos, L90, M|150/321\n|-activate|p2a: Rampardos|move: Sticky Web\n|-unboost|p2a: Rampardos|spe|1\n|turn|29\n|\n|t:|1781456850\n|move|p1a: Glaceon|Freeze-Dry|p2a: Rampardos\n|-damage|p2a: Rampardos|0 fnt\n|faint|p2a: Rampardos\n|\n|upkeep\n|inactive|lexam22 has 120 seconds left.\n|inactive|lexam22 has 90 seconds left.\n|inactive|lexam22 has 60 seconds left.\n|inactive|lexam22 has 30 seconds left.\n|inactive|lexam22 has 20 seconds left.\n|inactive|lexam22 has 15 seconds left.\n|inactive|lexam22 has 10 seconds left.\n|inactive|lexam22 has 5 seconds left.\n|-message|lexam22 lost due to inactivity.\n|\n|win|Tutudile\n", "uploadtime": 1781456432, "views": 3, "formatid": "gen9randombattle", "rating": null, "private": 0, "password": null}