{"id": "gen9randombattle-2631844408", "format": "[Gen 9] Random Battle", "players": ["hdjci", "fugupineapple"], "log": "|j|\u2606hdjci\n|j|\u2606fugupineapple\n|t:|1781447288\n|gametype|singles\n|player|p1|hdjci|265|1932\n|player|p2|fugupineapple|2|2000\n|gen|9\n|tier|[Gen 9] Random Battle\n|rated|\n|rule|Species Clause: Limit one of each Pok\u00e9mon\n|rule|HP Percentage Mod: HP is shown in percentages\n|rule|Sleep Clause Mod: Limit one foe put to sleep\n|rule|Illusion Level Mod: Illusion disguises the Pok\u00e9mon's true level\n|\n|t:|1781447288\n|teamsize|p1|6\n|teamsize|p2|6\n|start\n|switch|p1a: Iron Bundle|Iron Bundle, L78|215/215\n|switch|p2a: Zangoose|Zangoose, L85, M|263/263\n|turn|1\n|inactive|Battle timer is ON: inactive players will automatically lose when time's up. (requested by fugupineapple)\n|inactive|hdjci has 120 seconds left.\n|\n|t:|1781447347\n|move|p1a: Iron Bundle|Flip Turn|p2a: Zangoose\n|-damage|p2a: Zangoose|200/263\n|\n|t:|1781447353\n|-end|p1a: Iron Bundle|Quark Drive|[silent]\n|switch|p1a: Annihilape|Annihilape, L76, F|292/292|[from] Flip Turn\n|move|p2a: Zangoose|Close Combat|p1a: Annihilape\n|-immune|p1a: Annihilape\n|\n|-status|p2a: Zangoose|tox|[from] item: Toxic Orb\n|upkeep\n|turn|2\n|\n|t:|1781447381\n|switch|p2a: Giratina|Giratina-Origin, L72|335/335\n|move|p1a: Annihilape|Drain Punch|p2a: Giratina\n|-immune|p2a: Giratina\n|\n|upkeep\n|turn|3\n|\n|t:|1781447410\n|switch|p1a: Sandslash|Sandslash, L89, M|278/278\n|move|p2a: Giratina|Will-O-Wisp|p1a: Sandslash\n|-status|p1a: Sandslash|brn\n|\n|-damage|p1a: Sandslash|261/278 brn|[from] brn\n|upkeep\n|turn|4\n|inactive|fugupineapple has 120 seconds left.\n|\n|t:|1781447438\n|move|p2a: Giratina|Draco Meteor|p1a: Sandslash\n|-damage|p1a: Sandslash|81/278 brn\n|-unboost|p2a: Giratina|spa|2\n|move|p1a: Sandslash|Knock Off|p2a: Giratina\n|-supereffective|p2a: Giratina\n|-damage|p2a: Giratina|281/335\n|\n|-heal|p1a: Sandslash|98/278 brn|[from] item: Leftovers\n|-damage|p1a: Sandslash|81/278 brn|[from] brn\n|upkeep\n|turn|5\n|inactive|fugupineapple has 120 seconds left.\n|inactive|hdjci has 120 seconds left.\n|\n|t:|1781447469\n|move|p2a: Giratina|Poltergeist|p1a: Sandslash|[miss]\n|-miss|p2a: Giratina|p1a: Sandslash\n|move|p1a: Sandslash|Knock Off|p2a: Giratina\n|-supereffective|p2a: Giratina\n|-damage|p2a: Giratina|223/335\n|\n|-heal|p1a: Sandslash|98/278 brn|[from] item: Leftovers\n|-damage|p1a: Sandslash|81/278 brn|[from] brn\n|upkeep\n|turn|6\n|inactive|fugupineapple has 120 seconds left.\n|\n|t:|1781447486\n|move|p2a: Giratina|Poltergeist|p1a: Sandslash\n|-activate|p1a: Sandslash|move: Poltergeist|Leftovers\n|-damage|p1a: Sandslash|0 fnt\n|faint|p1a: Sandslash\n|\n|upkeep\n|\n|t:|1781447490\n|switch|p1a: Annihilape|Annihilape, L76, F|292/292\n|turn|7\n|\n|t:|1781447497\n|move|p1a: Annihilape|Bulk Up|p1a: Annihilape\n|-boost|p1a: Annihilape|atk|1\n|-boost|p1a: Annihilape|def|1\n|move|p2a: Giratina|Will-O-Wisp|p1a: Annihilape\n|-status|p1a: Annihilape|brn\n|\n|-damage|p1a: Annihilape|274/292 brn|[from] brn\n|upkeep\n|turn|8\n|\n|t:|1781447505\n|switch|p2a: Sandy Shocks|Sandy Shocks, L80|267/267\n|move|p1a: Annihilape|Bulk Up|p1a: Annihilape\n|-boost|p1a: Annihilape|atk|1\n|-boost|p1a: Annihilape|def|1\n|\n|-damage|p1a: Annihilape|256/292 brn|[from] brn\n|upkeep\n|turn|9\n|\n|t:|1781447519\n|move|p2a: Sandy Shocks|Spikes|p1a: Annihilape\n|-sidestart|p1: hdjci|Spikes\n|move|p1a: Annihilape|Drain Punch|p2a: Sandy Shocks\n|-damage|p2a: Sandy Shocks|198/267\n|-heal|p1a: Annihilape|291/292 brn|[from] drain|[of] p2a: Sandy Shocks\n|\n|-heal|p2a: Sandy Shocks|214/267|[from] item: Leftovers\n|-damage|p1a: Annihilape|273/292 brn|[from] brn\n|upkeep\n|turn|10\n|\n|t:|1781447525\n|move|p2a: Sandy Shocks|Spikes|p1a: Annihilape\n|-sidestart|p1: hdjci|Spikes\n|move|p1a: Annihilape|Bulk Up|p1a: Annihilape\n|-boost|p1a: Annihilape|atk|1\n|-boost|p1a: Annihilape|def|1\n|\n|-heal|p2a: Sandy Shocks|230/267|[from] item: Leftovers\n|-damage|p1a: Annihilape|255/292 brn|[from] brn\n|upkeep\n|turn|11\n|\n|t:|1781447551\n|-end|p2a: Sandy Shocks|Protosynthesis|[silent]\n|switch|p2a: Giratina|Giratina-Origin, L72|223/335\n|move|p1a: Annihilape|Drain Punch|p2a: Giratina\n|-immune|p2a: Giratina\n|\n|-damage|p1a: Annihilape|237/292 brn|[from] brn\n|upkeep\n|turn|12\n|\n|t:|1781447557\n|move|p1a: Annihilape|Rest|p1a: Annihilape\n|-status|p1a: Annihilape|slp|[from] move: Rest\n|-heal|p1a: Annihilape|292/292 slp|[silent]\n|-enditem|p1a: Annihilape|Chesto Berry|[eat]\n|-curestatus|p1a: Annihilape|slp|[msg]\n|move|p2a: Giratina|Draco Meteor|p1a: Annihilape\n|-damage|p1a: Annihilape|135/292\n|-unboost|p2a: Giratina|spa|2\n|\n|upkeep\n|turn|13\n|\n|t:|1781447586\n|move|p1a: Annihilape|Rage Fist|p2a: Giratina\n|-supereffective|p2a: Giratina\n|-damage|p2a: Giratina|0 fnt\n|faint|p2a: Giratina\n|\n|upkeep\n|\n|t:|1781447590\n|switch|p2a: Iron Moth|Iron Moth, L78|253/253\n|turn|14\n|\n|t:|1781447616\n|-terastallize|p2a: Iron Moth|Fire\n|move|p2a: Iron Moth|Fiery Dance|p1a: Annihilape\n|-damage|p1a: Annihilape|0 fnt\n|faint|p1a: Annihilape\n|\n|upkeep\n|inactive|hdjci has 120 seconds left.\n|\n|t:|1781447628\n|switch|p1a: Iron Bundle|Iron Bundle, L78|215/215\n|turn|15\n|\n|t:|1781447644\n|-end|p2a: Iron Moth|Quark Drive|[silent]\n|switch|p2a: Rillaboom|Rillaboom, L79, F|288/288\n|-fieldstart|move: Grassy Terrain|[from] ability: Grassy Surge|[of] p2a: Rillaboom\n|move|p1a: Iron Bundle|Hydro Pump|p2a: Rillaboom\n|-resisted|p2a: Rillaboom\n|-damage|p2a: Rillaboom|216/288\n|\n|-heal|p2a: Rillaboom|234/288|[from] Grassy Terrain\n|upkeep\n|turn|16\n|\n|t:|1781447657\n|-end|p1a: Iron Bundle|Quark Drive|[silent]\n|switch|p1a: Brambleghast|Brambleghast, L88, F|240/240\n|-damage|p1a: Brambleghast|200/240|[from] Spikes\n|move|p2a: Rillaboom|Wood Hammer|p1a: Brambleghast\n|-resisted|p1a: Brambleghast\n|-damage|p1a: Brambleghast|77/240\n|-damage|p2a: Rillaboom|193/288|[from] Recoil\n|-damage|p2a: Rillaboom|165/288|[from] item: Life Orb\n|\n|-heal|p1a: Brambleghast|92/240|[from] Grassy Terrain\n|-heal|p1a: Brambleghast|107/240|[from] item: Leftovers\n|-heal|p2a: Rillaboom|183/288|[from] Grassy Terrain\n|upkeep\n|turn|17\n|\n|t:|1781447673\n|switch|p2a: Iron Moth|Iron Moth, L78, tera:Fire|253/253\n|move|p1a: Brambleghast|Strength Sap|p2a: Iron Moth\n|-unboost|p2a: Iron Moth|atk|1\n|-heal|p1a: Brambleghast|221/240\n|\n|-heal|p1a: Brambleghast|236/240|[from] Grassy Terrain\n|-heal|p1a: Brambleghast|240/240|[from] item: Leftovers\n|upkeep\n|turn|18\n|\n|t:|1781447685\n|move|p2a: Iron Moth|Fiery Dance|p1a: Brambleghast\n|-supereffective|p1a: Brambleghast\n|-damage|p1a: Brambleghast|0 fnt\n|-boost|p2a: Iron Moth|spa|1\n|faint|p1a: Brambleghast\n|\n|upkeep\n|\n|t:|1781447689\n|switch|p1a: Iron Bundle|Iron Bundle, L78|215/215\n|turn|19\n|\n|t:|1781447703\n|move|p1a: Iron Bundle|Hydro Pump|p2a: Iron Moth\n|-supereffective|p2a: Iron Moth\n|-damage|p2a: Iron Moth|25/253\n|move|p2a: Iron Moth|Fiery Dance|p1a: Iron Bundle\n|-damage|p1a: Iron Bundle|0 fnt\n|faint|p1a: Iron Bundle\n|-end|p1a: Iron Bundle|Quark Drive|[silent]\n|\n|-heal|p2a: Iron Moth|40/253|[from] Grassy Terrain\n|-fieldend|move: Grassy Terrain\n|upkeep\n|inactive|hdjci has 120 seconds left.\n|inactive|hdjci has 90 seconds left.\n|\n|t:|1781447767\n|switch|p1a: Azelf|Azelf, L82|257/257\n|turn|20\n|\n|t:|1781447773\n|move|p1a: Azelf|Psychic|p2a: Iron Moth\n|-damage|p2a: Iron Moth|0 fnt\n|faint|p2a: Iron Moth\n|-end|p2a: Iron Moth|Quark Drive|[silent]\n|-damage|p1a: Azelf|232/257|[from] item: Life Orb\n|\n|upkeep\n|\n|t:|1781447788\n|switch|p2a: Sandy Shocks|Sandy Shocks, L80|230/267\n|turn|21\n|\n|t:|1781447802\n|move|p1a: Azelf|Nasty Plot|p1a: Azelf\n|-boost|p1a: Azelf|spa|2\n|move|p2a: Sandy Shocks|Thunderbolt|p1a: Azelf\n|-damage|p1a: Azelf|115/257\n|\n|-heal|p2a: Sandy Shocks|246/267|[from] item: Leftovers\n|upkeep\n|turn|22\n|\n|t:|1781447811\n|move|p1a: Azelf|Psychic|p2a: Sandy Shocks\n|-damage|p2a: Sandy Shocks|0 fnt\n|faint|p2a: Sandy Shocks\n|-end|p2a: Sandy Shocks|Protosynthesis|[silent]\n|-damage|p1a: Azelf|90/257|[from] item: Life Orb\n|\n|upkeep\n|\n|t:|1781447812\n|switch|p2a: Rillaboom|Rillaboom, L79, F|183/288\n|-fieldstart|move: Grassy Terrain|[from] ability: Grassy Surge|[of] p2a: Rillaboom\n|turn|23\n|inactive|hdjci has 120 seconds left.\n|\n|t:|1781447820\n|move|p2a: Rillaboom|Grassy Glide|p1a: Azelf\n|-damage|p1a: Azelf|0 fnt\n|faint|p1a: Azelf\n|-damage|p2a: Rillaboom|155/288|[from] item: Life Orb\n|\n|-heal|p2a: Rillaboom|173/288|[from] Grassy Terrain\n|upkeep\n|\n|t:|1781447824\n|switch|p1a: Plusle|Plusle, L95, M|268/268\n|-damage|p1a: Plusle|224/268|[from] Spikes\n|turn|24\n|inactive|hdjci has 120 seconds left.\n|\n|t:|1781447842\n|-terastallize|p1a: Plusle|Fairy\n|move|p1a: Plusle|Alluring Voice|p2a: Rillaboom\n|-damage|p2a: Rillaboom|4/288\n|-damage|p1a: Plusle|198/268|[from] item: Life Orb\n|move|p2a: Rillaboom|High Horsepower|p1a: Plusle\n|-damage|p1a: Plusle|47/268\n|-damage|p2a: Rillaboom|0 fnt|[from] item: Life Orb\n|faint|p2a: Rillaboom\n|\n|-heal|p1a: Plusle|63/268|[from] Grassy Terrain\n|upkeep\n|-message|hdjci forfeited.\n|\n|win|fugupineapple\n", "uploadtime": 1781447290, "views": 3, "formatid": "gen9randombattle", "rating": null, "private": 0, "password": null}