{"id": "gen9randombattle-2631523977", "format": "[Gen 9] Random Battle", "players": ["AerachAisteach", "Cheesio"], "log": "|j|\u2606AerachAisteach\n|j|\u2606Cheesio\n|t:|1781396357\n|gametype|singles\n|player|p1|AerachAisteach|169|2026\n|player|p2|Cheesio|morty|1975\n|gen|9\n|tier|[Gen 9] Random Battle\n|rated|\n|rule|Species Clause: Limit one of each Pok\u00e9mon\n|rule|HP Percentage Mod: HP is shown in percentages\n|rule|Sleep Clause Mod: Limit one foe put to sleep\n|rule|Illusion Level Mod: Illusion disguises the Pok\u00e9mon's true level\n|\n|t:|1781396357\n|teamsize|p1|6\n|teamsize|p2|6\n|start\n|switch|p1a: Orthworm|Orthworm, L88, M|266/266\n|switch|p2a: Furret|Furret, L94, M|312/312\n|-item|p1a: Orthworm|Chesto Berry|[from] ability: Frisk|[of] p2a: Furret\n|turn|1\n|inactive|Battle timer is ON: inactive players will automatically lose when time's up. (requested by Cheesio)\n|inactive|AerachAisteach has 120 seconds left.\n|\n|t:|1781396396\n|move|p2a: Furret|U-turn|p1a: Orthworm\n|-resisted|p1a: Orthworm\n|-damage|p1a: Orthworm|241/266\n|\n|t:|1781396400\n|switch|p2a: Ho-Oh|Ho-Oh, L71|268/268|[from] U-turn\n|move|p1a: Orthworm|Body Press|p2a: Ho-Oh\n|-resisted|p2a: Ho-Oh\n|-damage|p2a: Ho-Oh|214/268\n|\n|upkeep\n|turn|2\n|\n|t:|1781396409\n|switch|p1a: Chandelure|Chandelure, L83, F|235/235\n|move|p2a: Ho-Oh|Sacred Fire|p1a: Chandelure\n|-start|p1a: Chandelure|ability: Flash Fire\n|\n|upkeep\n|turn|3\n|\n|t:|1781396414\n|move|p1a: Chandelure|Calm Mind|p1a: Chandelure\n|-boost|p1a: Chandelure|spa|1\n|-boost|p1a: Chandelure|spd|1\n|move|p2a: Ho-Oh|Earthquake|p1a: Chandelure\n|-supereffective|p1a: Chandelure\n|-damage|p1a: Chandelure|105/235\n|\n|upkeep\n|turn|4\n|\n|t:|1781396423\n|switch|p2a: Furret|Furret, L94, M|312/312\n|-item|p1a: Chandelure|Heavy-Duty Boots|[from] ability: Frisk|[of] p2a: Furret\n|move|p1a: Chandelure|Shadow Ball|p2a: Furret\n|-immune|p2a: Furret\n|\n|upkeep\n|turn|5\n|\n|t:|1781396428\n|-end|p1a: Chandelure|ability: Flash Fire|[silent]\n|switch|p1a: Emboar|Emboar, L84, F|322/322\n|move|p2a: Furret|Knock Off|p1a: Emboar\n|-resisted|p1a: Emboar\n|-damage|p1a: Emboar|255/322\n|-enditem|p1a: Emboar|Assault Vest|[from] move: Knock Off|[of] p2a: Furret\n|\n|upkeep\n|turn|6\n|\n|t:|1781396432\n|switch|p2a: Drifblim|Drifblim, L86, F|396/396\n|move|p1a: Emboar|Scald|p2a: Drifblim\n|-damage|p2a: Drifblim|313/396\n|\n|upkeep\n|turn|7\n|\n|t:|1781396436\n|move|p2a: Drifblim|Air Slash|p1a: Emboar\n|-supereffective|p1a: Emboar\n|-damage|p1a: Emboar|73/322\n|move|p1a: Emboar|Flare Blitz|p2a: Drifblim\n|-damage|p2a: Drifblim|22/396\n|-enditem|p2a: Drifblim|Sitrus Berry|[eat]\n|-heal|p2a: Drifblim|121/396|[from] item: Sitrus Berry\n|-damage|p1a: Emboar|0 fnt|[from] Recoil\n|faint|p1a: Emboar\n|\n|upkeep\n|\n|t:|1781396441\n|switch|p1a: Sylveon|Sylveon, L85, F|300/300\n|turn|8\n|\n|t:|1781396446\n|switch|p2a: Ariados|Ariados, L95, M|287/287\n|move|p1a: Sylveon|Calm Mind|p1a: Sylveon\n|-boost|p1a: Sylveon|spa|1\n|-boost|p1a: Sylveon|spd|1\n|\n|upkeep\n|turn|9\n|\n|t:|1781396449\n|move|p1a: Sylveon|Calm Mind|p1a: Sylveon\n|-boost|p1a: Sylveon|spa|1\n|-boost|p1a: Sylveon|spd|1\n|move|p2a: Ariados|Poison Jab|p1a: Sylveon\n|-supereffective|p1a: Sylveon\n|-damage|p1a: Sylveon|48/300\n|-status|p1a: Sylveon|psn\n|\n|-heal|p1a: Sylveon|66/300 psn|[from] item: Leftovers\n|-damage|p1a: Sylveon|29/300 psn|[from] psn\n|upkeep\n|turn|10\n|\n|t:|1781396453\n|move|p1a: Sylveon|Wish|p1a: Sylveon\n|move|p2a: Ariados|Knock Off|p1a: Sylveon\n|-resisted|p1a: Sylveon\n|-damage|p1a: Sylveon|0 fnt\n|-enditem|p1a: Sylveon|Leftovers|[from] move: Knock Off|[of] p2a: Ariados\n|faint|p1a: Sylveon\n|\n|upkeep\n|-message|AerachAisteach forfeited.\n|\n|win|Cheesio\n", "uploadtime": 1781396358, "views": 5, "formatid": "gen9randombattle", "rating": null, "private": 0, "password": null}