{"id": "gen9randombattle-2631962681", "format": "[Gen 9] Random Battle", "players": ["cyb", "Irongraf"], "log": "|j|\u2606cyb\n|j|\u2606Irongraf\n|t:|1781460385\n|gametype|singles\n|player|p1|cyb|erika|2041\n|player|p2|Irongraf|steven|2085\n|gen|9\n|tier|[Gen 9] Random Battle\n|rated|\n|rule|Species Clause: Limit one of each Pok\u00e9mon\n|rule|HP Percentage Mod: HP is shown in percentages\n|rule|Sleep Clause Mod: Limit one foe put to sleep\n|rule|Illusion Level Mod: Illusion disguises the Pok\u00e9mon's true level\n|\n|t:|1781460385\n|teamsize|p1|6\n|teamsize|p2|6\n|start\n|switch|p1a: Gouging Fire|Gouging Fire, L74|277/277\n|switch|p2a: Blissey|Blissey, L85, F|572/572\n|turn|1\n|inactive|Battle timer is ON: inactive players will automatically lose when time's up. (requested by Irongraf)\n|\n|t:|1781460393\n|-end|p1a: Gouging Fire|Protosynthesis|[silent]\n|switch|p1a: Clodsire|Clodsire, L81, F|343/343\n|move|p2a: Blissey|Thunder Wave|p1a: Clodsire\n|-immune|p1a: Clodsire\n|\n|upkeep\n|turn|2\n|\n|t:|1781460405\n|switch|p2a: Basculin|Basculin-Blue-Striped, L86, M|261/261\n|move|p1a: Clodsire|Spikes|p2a: Basculin\n|-sidestart|p2: Irongraf|Spikes\n|\n|upkeep\n|turn|3\n|\n|t:|1781460410\n|move|p2a: Basculin|Wave Crash|p1a: Clodsire\n|-immune|p1a: Clodsire|[from] ability: Water Absorb\n|move|p1a: Clodsire|Spikes|p2a: Basculin\n|-sidestart|p2: Irongraf|Spikes\n|\n|upkeep\n|turn|4\n|\n|t:|1781460416\n|switch|p2a: Brambleghast|Brambleghast, L88, F|240/240\n|move|p1a: Clodsire|Gunk Shot|p2a: Brambleghast|[miss]\n|-miss|p1a: Clodsire|p2a: Brambleghast\n|\n|upkeep\n|turn|5\n|\n|t:|1781460425\n|switch|p1a: Spiritomb|Spiritomb, L89, F|234/234\n|move|p2a: Brambleghast|Rapid Spin|p1a: Spiritomb\n|-immune|p1a: Spiritomb\n|\n|upkeep\n|turn|6\n|\n|t:|1781460432\n|move|p2a: Brambleghast|Power Whip|p1a: Spiritomb|[miss]\n|-miss|p2a: Brambleghast|p1a: Spiritomb\n|move|p1a: Spiritomb|Foul Play|p2a: Brambleghast\n|-supereffective|p2a: Brambleghast\n|-damage|p2a: Brambleghast|0 fnt\n|faint|p2a: Brambleghast\n|\n|upkeep\n|-message|Irongraf forfeited.\n|\n|win|cyb\n", "uploadtime": 1781460387, "views": 4, "formatid": "gen9randombattle", "rating": null, "private": 0, "password": null}