{"id": "gen9randombattle-2631485475", "format": "[Gen 9] Random Battle", "players": ["YveltalNL", "rhinoshark007"], "log": "|badge|p2|bronze|gen9randombattle|100-9\n|uhtml|medal-msg|<div class=\"broadcast-blue\">Curious what those medals under the avatar are? PS now has Ladder Seasons! For more information, check out the <a href=\"https://www.smogon.com/forums/threads/3740067/\">thread on Smogon.</a></div>\n|j|\u2606YveltalNL\n|j|\u2606rhinoshark007\n|t:|1781390999\n|gametype|singles\n|player|p1|YveltalNL|#yveltalnl|2174\n|player|p2|rhinoshark007|elesa|2305\n|gen|9\n|tier|[Gen 9] Random Battle\n|rated|\n|rule|Species Clause: Limit one of each Pok\u00e9mon\n|rule|HP Percentage Mod: HP is shown in percentages\n|rule|Sleep Clause Mod: Limit one foe put to sleep\n|rule|Illusion Level Mod: Illusion disguises the Pok\u00e9mon's true level\n|\n|t:|1781390999\n|teamsize|p1|6\n|teamsize|p2|6\n|start\n|switch|p1a: Beartic|Beartic, L91, F|321/321\n|switch|p2a: Whimsicott|Whimsicott, L84, M|238/238\n|turn|1\n|inactive|Battle timer is ON: inactive players will automatically lose when time's up. (requested by YveltalNL)\n|\n|t:|1781391026\n|move|p2a: Whimsicott|U-turn|p1a: Beartic\n|-damage|p1a: Beartic|282/321\n|\n|t:|1781391028\n|switch|p2a: Orthworm|Orthworm, L88, F|266/266|[from] U-turn\n|move|p1a: Beartic|Icicle Crash|p2a: Orthworm\n|-resisted|p2a: Orthworm\n|-damage|p2a: Orthworm|227/266\n|\n|-heal|p2a: Orthworm|243/266|[from] item: Leftovers\n|upkeep\n|turn|2\n|\n|t:|1781391036\n|switch|p1a: Deoxys|Deoxys-Defense, L84|221/221\n|-ability|p1a: Deoxys|Pressure\n|move|p2a: Orthworm|Spikes|p1a: Deoxys\n|-sidestart|p1: YveltalNL|Spikes\n|\n|-heal|p2a: Orthworm|259/266|[from] item: Leftovers\n|upkeep\n|turn|3\n|\n|t:|1781391042\n|move|p1a: Deoxys|Stealth Rock|p2a: Orthworm\n|-sidestart|p2: rhinoshark007|move: Stealth Rock\n|move|p2a: Orthworm|Spikes|p1a: Deoxys\n|-sidestart|p1: YveltalNL|Spikes\n|\n|-heal|p2a: Orthworm|266/266|[from] item: Leftovers\n|upkeep\n|turn|4\n|\n|t:|1781391052\n|move|p1a: Deoxys|Psychic Noise|p2a: Orthworm\n|-resisted|p2a: Orthworm\n|-damage|p2a: Orthworm|221/266\n|-start|p2a: Orthworm|move: Heal Block\n|move|p2a: Orthworm|Spikes|p1a: Deoxys\n|-sidestart|p1: YveltalNL|Spikes\n|\n|upkeep\n|turn|5\n|\n|t:|1781391057\n|move|p2a: Orthworm|Shed Tail|p2a: Orthworm\n|-start|p2a: Orthworm|Substitute|[from] move: Shed Tail\n|-damage|p2a: Orthworm|88/266\n|\n|t:|1781391062\n|switch|p2a: Iron Boulder|Iron Boulder, L77|265/265|[from] Shed Tail\n|-damage|p2a: Iron Boulder|232/265|[from] Stealth Rock\n|move|p1a: Deoxys|Teleport|p1a: Deoxys\n|\n|t:|1781391067\n|switch|p1a: Palossand|Palossand, L89, F|296/296|[from] Teleport\n|-damage|p1a: Palossand|222/296|[from] Spikes\n|\n|-heal|p1a: Palossand|240/296|[from] item: Leftovers\n|upkeep\n|turn|6\n|\n|t:|1781391074\n|move|p2a: Iron Boulder|Swords Dance|p2a: Iron Boulder\n|-boost|p2a: Iron Boulder|atk|2\n|move|p1a: Palossand|Shadow Ball|p2a: Iron Boulder\n|-supereffective|p2a: Iron Boulder\n|-end|p2a: Iron Boulder|Substitute\n|\n|-heal|p1a: Palossand|258/296|[from] item: Leftovers\n|upkeep\n|turn|7\n|\n|t:|1781391079\n|-terastallize|p2a: Iron Boulder|Fighting\n|move|p2a: Iron Boulder|Zen Headbutt|p1a: Palossand\n|-damage|p1a: Palossand|89/296\n|-damage|p2a: Iron Boulder|206/265|[from] item: Life Orb\n|move|p1a: Palossand|Earth Power|p2a: Iron Boulder\n|-damage|p2a: Iron Boulder|106/265\n|\n|-heal|p1a: Palossand|107/296|[from] item: Leftovers\n|upkeep\n|turn|8\n|\n|t:|1781391088\n|switch|p1a: Deoxys|Deoxys-Defense, L84|221/221\n|-damage|p1a: Deoxys|166/221|[from] Spikes\n|-ability|p1a: Deoxys|Pressure\n|move|p2a: Iron Boulder|Zen Headbutt|p1a: Deoxys|[miss]\n|-miss|p2a: Iron Boulder|p1a: Deoxys\n|\n|upkeep\n|turn|9\n|\n|t:|1781391093\n|move|p2a: Iron Boulder|Mighty Cleave|p1a: Deoxys\n|-damage|p1a: Deoxys|20/221\n|-damage|p2a: Iron Boulder|62/265|[from] item: Rocky Helmet|[of] p1a: Deoxys\n|-damage|p2a: Iron Boulder|36/265|[from] item: Life Orb\n|move|p1a: Deoxys|Recover|p1a: Deoxys\n|-heal|p1a: Deoxys|131/221\n|\n|upkeep\n|turn|10\n|c|\u2606YveltalNL|big question\n|c|\u2606YveltalNL|why didnt i atttack\n|c|\u2606YveltalNL|the reason is that it is 1am\n|\n|t:|1781391118\n|move|p2a: Iron Boulder|Mighty Cleave|p1a: Deoxys\n|-damage|p1a: Deoxys|0 fnt\n|-damage|p2a: Iron Boulder|0 fnt|[from] item: Rocky Helmet|[of] p1a: Deoxys\n|faint|p1a: Deoxys\n|faint|p2a: Iron Boulder\n|-end|p2a: Iron Boulder|Quark Drive|[silent]\n|\n|upkeep\n|c|\u2606rhinoshark007|lol\n|\n|t:|1781391126\n|switch|p2a: Bellibolt|Bellibolt, L84, M|320/320\n|switch|p1a: Thundurus|Thundurus, L80, M|258/258\n|-damage|p2a: Bellibolt|280/320|[from] Stealth Rock\n|turn|11\n|\n|t:|1781391132\n|move|p1a: Thundurus|Knock Off|p2a: Bellibolt\n|-damage|p2a: Bellibolt|210/320\n|-start|p2a: Bellibolt|Charge|Knock Off|[from] ability: Electromorphosis\n|-enditem|p2a: Bellibolt|Leftovers|[from] move: Knock Off|[of] p1a: Thundurus\n|move|p2a: Bellibolt|Muddy Water|p1a: Thundurus\n|-damage|p1a: Thundurus|180/258\n|\n|upkeep\n|turn|12\n|\n|t:|1781391136\n|move|p1a: Thundurus|U-turn|p2a: Bellibolt\n|-damage|p2a: Bellibolt|159/320\n|-start|p2a: Bellibolt|Charge|U-turn|[from] ability: Electromorphosis\n|\n|t:|1781391139\n|switch|p1a: Palossand|Palossand, L89, F|107/296|[from] U-turn\n|-damage|p1a: Palossand|33/296|[from] Spikes\n|move|p2a: Bellibolt|Slack Off|p2a: Bellibolt\n|-heal|p2a: Bellibolt|319/320\n|\n|-heal|p1a: Palossand|51/296|[from] item: Leftovers\n|upkeep\n|turn|13\n|\n|t:|1781391145\n|move|p2a: Bellibolt|Muddy Water|p1a: Palossand\n|-supereffective|p1a: Palossand\n|-damage|p1a: Palossand|0 fnt\n|faint|p1a: Palossand\n|\n|upkeep\n|\n|t:|1781391149\n|switch|p1a: Beartic|Beartic, L91, F|282/321\n|turn|14\n|\n|t:|1781391155\n|move|p1a: Beartic|Earthquake|p2a: Bellibolt\n|-supereffective|p2a: Bellibolt\n|-damage|p2a: Bellibolt|99/320\n|-start|p2a: Bellibolt|Charge|Earthquake|[from] ability: Electromorphosis\n|move|p2a: Bellibolt|Thunderbolt|p1a: Beartic\n|-damage|p1a: Beartic|84/321\n|-end|p2a: Bellibolt|Charge|[silent]\n|\n|upkeep\n|turn|15\n|\n|t:|1781391162\n|move|p1a: Beartic|Icicle Crash|p2a: Bellibolt\n|-damage|p2a: Bellibolt|0 fnt\n|faint|p2a: Bellibolt\n|\n|upkeep\n|\n|t:|1781391174\n|switch|p2a: Ambipom|Ambipom, L84, M|263/263\n|-damage|p2a: Ambipom|231/263|[from] Stealth Rock\n|turn|16\n|\n|t:|1781391179\n|move|p2a: Ambipom|Double-Edge|p1a: Beartic\n|-damage|p1a: Beartic|0 fnt\n|faint|p1a: Beartic\n|-damage|p2a: Ambipom|203/263|[from] Recoil\n|\n|upkeep\n|\n|t:|1781391182\n|switch|p1a: Poliwrath|Poliwrath, L88, F|302/302\n|-damage|p1a: Poliwrath|227/302|[from] Spikes\n|turn|17\n|\n|t:|1781391184\n|move|p2a: Ambipom|Double-Edge|p1a: Poliwrath\n|-damage|p1a: Poliwrath|64/302\n|-damage|p2a: Ambipom|149/263|[from] Recoil\n|move|p1a: Poliwrath|Knock Off|p2a: Ambipom\n|-damage|p2a: Ambipom|28/263\n|-enditem|p2a: Ambipom|Choice Band|[from] move: Knock Off|[of] p1a: Poliwrath\n|-damage|p1a: Poliwrath|34/302|[from] item: Life Orb\n|\n|upkeep\n|turn|18\n|\n|t:|1781391188\n|move|p2a: Ambipom|Double-Edge|p1a: Poliwrath\n|-damage|p1a: Poliwrath|0 fnt\n|faint|p1a: Poliwrath\n|-damage|p2a: Ambipom|17/263|[from] Recoil\n|\n|upkeep\n|\n|t:|1781391191\n|switch|p1a: Urshifu|Urshifu-Rapid-Strike, L75, M|274/274\n|-damage|p1a: Urshifu|206/274|[from] Spikes\n|turn|19\n|\n|t:|1781391195\n|move|p2a: Ambipom|Double-Edge|p1a: Urshifu\n|-damage|p1a: Urshifu|73/274\n|-damage|p2a: Ambipom|0 fnt|[from] Recoil\n|faint|p2a: Ambipom\n|move|p1a: Urshifu|Surging Strikes|p2: Ambipom|[notarget]\n|-fail|p1a: Urshifu\n|\n|upkeep\n|\n|t:|1781391197\n|switch|p2a: Whimsicott|Whimsicott, L84, M|238/238\n|turn|20\n|\n|t:|1781391199\n|move|p2a: Whimsicott|Moonblast|p1a: Urshifu\n|-supereffective|p1a: Urshifu\n|-damage|p1a: Urshifu|0 fnt\n|faint|p1a: Urshifu\n|\n|upkeep\n|\n|t:|1781391200\n|switch|p1a: Thundurus|Thundurus, L80, M|180/258\n|turn|21\n|\n|t:|1781391203\n|move|p2a: Whimsicott|Moonblast|p1a: Thundurus\n|-damage|p1a: Thundurus|75/258\n|move|p1a: Thundurus|Sludge Wave|p2a: Whimsicott\n|-supereffective|p2a: Whimsicott\n|-damage|p2a: Whimsicott|0 fnt\n|faint|p2a: Whimsicott\n|\n|upkeep\n|\n|t:|1781391218\n|switch|p2a: Delibird|Delibird, M|252/252\n|turn|22\n|\n|t:|1781391221\n|move|p1a: Thundurus|Thunderbolt|p2a: Delibird\n|-supereffective|p2a: Delibird\n|-damage|p2a: Delibird|0 fnt\n|faint|p2a: Delibird\n|\n|upkeep\n|c|\u2606YveltalNL|i forgot you terad already\n|c|\u2606rhinoshark007|why did they not give me shard lol\n|\n|t:|1781391231\n|switch|p2a: Orthworm|Orthworm, L88, F|88/266\n|-damage|p2a: Orthworm|72/266|[from] Stealth Rock\n|turn|23\n|c|\u2606YveltalNL|i was like why didnt he tera whimsi\n|\n|t:|1781391235\n|move|p1a: Thundurus|Thunderbolt|p2a: Orthworm\n|-damage|p2a: Orthworm|0 fnt\n|faint|p2a: Orthworm\n|\n|win|YveltalNL\n", "uploadtime": 1781391000, "views": 3, "formatid": "gen9randombattle", "rating": null, "private": 0, "password": null}