{"id": "gen9randombattle-2631651616", "format": "[Gen 9] Random Battle", "players": ["Cqtaclysm", "oppopu"], "log": "|j|\u2606Cqtaclysm\n|j|\u2606oppopu\n|t:|1781415168\n|gametype|singles\n|player|p1|Cqtaclysm|1|1362\n|player|p2|oppopu|101|1405\n|gen|9\n|tier|[Gen 9] Random Battle\n|rated|\n|rule|Species Clause: Limit one of each Pok\u00e9mon\n|rule|HP Percentage Mod: HP is shown in percentages\n|rule|Sleep Clause Mod: Limit one foe put to sleep\n|rule|Illusion Level Mod: Illusion disguises the Pok\u00e9mon's true level\n|\n|t:|1781415168\n|teamsize|p1|6\n|teamsize|p2|6\n|start\n|switch|p1a: Toucannon|Toucannon, L88, M|284/284\n|switch|p2a: Bastiodon|Bastiodon, L89, M|252/252\n|turn|1\n|\n|t:|1781415194\n|move|p1a: Toucannon|U-turn|p2a: Bastiodon\n|-resisted|p2a: Bastiodon\n|-damage|p2a: Bastiodon|234/252\n|\n|t:|1781415204\n|switch|p1a: Kyogre|Kyogre, L71|259/259|[from] U-turn\n|-weather|RainDance|[from] ability: Drizzle|[of] p1a: Kyogre\n|move|p2a: Bastiodon|Iron Defense|p2a: Bastiodon\n|-boost|p2a: Bastiodon|def|2\n|\n|-weather|RainDance|[upkeep]\n|upkeep\n|turn|2\n|\n|t:|1781415213\n|switch|p2a: Munkidori|Munkidori, L79, M|269/269\n|move|p1a: Kyogre|Origin Pulse|p2a: Munkidori|[miss]\n|-miss|p1a: Kyogre|p2a: Munkidori\n|\n|-weather|RainDance|[upkeep]\n|upkeep\n|turn|3\n|\n|t:|1781415221\n|move|p2a: Munkidori|Fake Out|p1a: Kyogre\n|-damage|p1a: Kyogre|234/259\n|-status|p1a: Kyogre|tox|[from] ability: Toxic Chain|[of] p2a: Munkidori\n|cant|p1a: Kyogre|flinch\n|\n|-weather|RainDance|[upkeep]\n|-heal|p1a: Kyogre|250/259 tox|[from] item: Leftovers\n|-damage|p1a: Kyogre|234/259 tox|[from] psn\n|upkeep\n|turn|4\n|\n|t:|1781415230\n|move|p2a: Munkidori|U-turn|p1a: Kyogre\n|-damage|p1a: Kyogre|190/259 tox\n|\n|t:|1781415235\n|switch|p2a: Azumarill|Azumarill, L82, M|298/298|[from] U-turn\n|move|p1a: Kyogre|Origin Pulse|p2a: Azumarill|[miss]\n|-miss|p1a: Kyogre|p2a: Azumarill\n|\n|-weather|RainDance|[upkeep]\n|-heal|p1a: Kyogre|206/259 tox|[from] item: Leftovers\n|-damage|p1a: Kyogre|174/259 tox|[from] psn\n|upkeep\n|turn|5\n|\n|t:|1781415247\n|switch|p2a: Munkidori|Munkidori, L79, M|269/269\n|-terastallize|p1a: Kyogre|Electric\n|move|p1a: Kyogre|Thunder|p2a: Munkidori\n|-damage|p2a: Munkidori|193/269\n|\n|-weather|none\n|-heal|p1a: Kyogre|190/259 tox|[from] item: Leftovers\n|-damage|p1a: Kyogre|142/259 tox|[from] psn\n|upkeep\n|turn|6\n|\n|t:|1781415259\n|move|p2a: Munkidori|Fake Out|p1a: Kyogre\n|-damage|p1a: Kyogre|117/259 tox\n|cant|p1a: Kyogre|flinch\n|\n|-heal|p1a: Kyogre|133/259 tox|[from] item: Leftovers\n|-damage|p1a: Kyogre|69/259 tox|[from] psn\n|upkeep\n|turn|7\n|inactive|Battle timer is ON: inactive players will automatically lose when time's up. (requested by Cqtaclysm)\n|\n|t:|1781415266\n|move|p2a: Munkidori|Sludge Wave|p1a: Kyogre\n|-damage|p1a: Kyogre|0 fnt\n|faint|p1a: Kyogre\n|\n|upkeep\n|\n|t:|1781415285\n|switch|p1a: Malamar|Malamar, L82, F|275/275\n|turn|8\n|\n|t:|1781415294\n|move|p2a: Munkidori|U-turn|p1a: Malamar\n|-supereffective|p1a: Malamar\n|-damage|p1a: Malamar|131/275\n|\n|t:|1781415301\n|switch|p2a: Spidops|Spidops, L96, F|271/271|[from] U-turn\n|move|p1a: Malamar|Knock Off|p2a: Spidops\n|-damage|p2a: Spidops|192/271\n|-enditem|p2a: Spidops|Heavy-Duty Boots|[from] move: Knock Off|[of] p1a: Malamar\n|\n|upkeep\n|turn|9\n|\n|t:|1781415320\n|switch|p1a: Toucannon|Toucannon, L88, M|284/284\n|move|p2a: Spidops|U-turn|p1a: Toucannon\n|-resisted|p1a: Toucannon\n|-damage|p1a: Toucannon|190/284\n|\n|t:|1781415325\n|switch|p2a: Bastiodon|Bastiodon, L89, M|234/252|[from] U-turn\n|\n|upkeep\n|turn|10\n|\n|t:|1781415333\n|move|p1a: Toucannon|U-turn|p2a: Bastiodon\n|-resisted|p2a: Bastiodon\n|-damage|p2a: Bastiodon|215/252\n|\n|t:|1781415341\n|switch|p1a: Hydrapple|Hydrapple, L83, F|312/312|[from] U-turn\n|move|p2a: Bastiodon|Iron Defense|p2a: Bastiodon\n|-boost|p2a: Bastiodon|def|2\n|\n|upkeep\n|turn|11\n|\n|t:|1781415350\n|-terastallize|p2a: Bastiodon|Fighting\n|move|p1a: Hydrapple|Earth Power|p2a: Bastiodon\n|-damage|p2a: Bastiodon|155/252\n|-damage|p1a: Hydrapple|281/312|[from] item: Life Orb\n|move|p2a: Bastiodon|Iron Defense|p2a: Bastiodon\n|-boost|p2a: Bastiodon|def|2\n|\n|upkeep\n|turn|12\n|\n|t:|1781415359\n|move|p1a: Hydrapple|Fickle Beam|p2a: Bastiodon\n|-damage|p2a: Bastiodon|69/252\n|-damage|p1a: Hydrapple|250/312|[from] item: Life Orb\n|move|p2a: Bastiodon|Rest|p2a: Bastiodon\n|-status|p2a: Bastiodon|slp|[from] move: Rest\n|-heal|p2a: Bastiodon|252/252 slp|[silent]\n|-enditem|p2a: Bastiodon|Chesto Berry|[eat]\n|-curestatus|p2a: Bastiodon|slp|[msg]\n|\n|upkeep\n|turn|13\n|\n|t:|1781415369\n|move|p1a: Hydrapple|Fickle Beam|p2a: Bastiodon|[anim] Fickle Beam All Out\n|-activate|p1a: Hydrapple|move: Fickle Beam\n|-damage|p2a: Bastiodon|75/252\n|-damage|p1a: Hydrapple|219/312|[from] item: Life Orb\n|move|p2a: Bastiodon|Body Press|p1a: Hydrapple\n|-damage|p1a: Hydrapple|0 fnt\n|faint|p1a: Hydrapple\n|\n|upkeep\n|\n|t:|1781415380\n|switch|p1a: Malamar|Malamar, L82, F|131/275\n|turn|14\n|\n|t:|1781415384\n|move|p1a: Malamar|Psycho Cut|p2a: Bastiodon\n|-supereffective|p2a: Bastiodon\n|-damage|p2a: Bastiodon|49/252\n|move|p2a: Bastiodon|Body Press|p1a: Malamar\n|-damage|p1a: Malamar|0 fnt\n|faint|p1a: Malamar\n|\n|upkeep\n|\n|t:|1781415391\n|switch|p1a: Toucannon|Toucannon, L88, M|190/284\n|turn|15\n|\n|t:|1781415394\n|-singleturn|p1a: Toucannon|move: Beak Blast\n|move|p2a: Bastiodon|Rest|p2a: Bastiodon\n|-status|p2a: Bastiodon|slp|[from] move: Rest\n|-heal|p2a: Bastiodon|252/252 slp|[silent]\n|move|p1a: Toucannon|Beak Blast|p2a: Bastiodon\n|-supereffective|p2a: Bastiodon\n|-damage|p2a: Bastiodon|202/252 slp\n|\n|upkeep\n|turn|16\n|\n|t:|1781415403\n|-singleturn|p1a: Toucannon|move: Beak Blast\n|cant|p2a: Bastiodon|slp\n|move|p1a: Toucannon|Beak Blast|p2a: Bastiodon\n|-supereffective|p2a: Bastiodon\n|-damage|p2a: Bastiodon|152/252 slp\n|\n|upkeep\n|turn|17\n|\n|t:|1781415411\n|-singleturn|p1a: Toucannon|move: Beak Blast\n|cant|p2a: Bastiodon|slp\n|move|p1a: Toucannon|Beak Blast|p2a: Bastiodon\n|-supereffective|p2a: Bastiodon\n|-damage|p2a: Bastiodon|102/252 slp\n|\n|upkeep\n|turn|18\n|\n|t:|1781415418\n|-singleturn|p1a: Toucannon|move: Beak Blast\n|-curestatus|p2a: Bastiodon|slp|[msg]\n|move|p2a: Bastiodon|Body Press|p1a: Toucannon\n|-damage|p1a: Toucannon|0 fnt\n|-status|p2a: Bastiodon|brn\n|faint|p1a: Toucannon\n|\n|-damage|p2a: Bastiodon|87/252 brn|[from] brn\n|upkeep\n|\n|t:|1781415428\n|switch|p1a: Grafaiai|Grafaiai, L86, F|249/249\n|turn|19\n|\n|t:|1781415433\n|move|p1a: Grafaiai|Gunk Shot|p2a: Bastiodon\n|-damage|p2a: Bastiodon|63/252 brn\n|move|p2a: Bastiodon|Body Press|p1a: Grafaiai\n|-damage|p1a: Grafaiai|0 fnt\n|faint|p1a: Grafaiai\n|\n|-damage|p2a: Bastiodon|48/252 brn|[from] brn\n|upkeep\n|\n|t:|1781415441\n|switch|p1a: Araquanid|Araquanid, L82, M|246/246\n|turn|20\n|\n|t:|1781415446\n|move|p1a: Araquanid|Liquidation|p2a: Bastiodon\n|-damage|p2a: Bastiodon|24/252 brn\n|-unboost|p2a: Bastiodon|def|1\n|move|p2a: Bastiodon|Body Press|p1a: Araquanid\n|-resisted|p1a: Araquanid\n|-damage|p1a: Araquanid|156/246\n|\n|-damage|p2a: Bastiodon|9/252 brn|[from] brn\n|upkeep\n|turn|21\n|\n|t:|1781415455\n|switch|p2a: Girafarig|Girafarig, L89, M|269/269\n|move|p1a: Araquanid|Liquidation|p2a: Girafarig\n|-damage|p2a: Girafarig|160/269\n|\n|upkeep\n|turn|22\n|\n|t:|1781415460\n|move|p2a: Girafarig|Thunderbolt|p1a: Araquanid\n|-supereffective|p1a: Araquanid\n|-damage|p1a: Araquanid|60/246\n|move|p1a: Araquanid|Sticky Web|p2a: Girafarig\n|-sidestart|p2: oppopu|move: Sticky Web\n|\n|upkeep\n|turn|23\n|\n|t:|1781415467\n|move|p2a: Girafarig|Thunderbolt|p1a: Araquanid\n|-supereffective|p1a: Araquanid\n|-damage|p1a: Araquanid|0 fnt\n|faint|p1a: Araquanid\n|\n|win|oppopu\n|raw|Cqtaclysm's rating: 1362 &rarr; <strong>1344</strong><br />(-18 for losing)\n|raw|oppopu's rating: 1405 &rarr; <strong>1423</strong><br />(+18 for winning)\n|l|\u2606Cqtaclysm\n|player|p1|\n", "uploadtime": 1781415476, "views": 2, "formatid": "gen9randombattle", "rating": 1344, "private": 0, "password": null}