{"id": "gen9randombattle-2631980892", "format": "[Gen 9] Random Battle", "players": ["randbatsluvr", "Yume_Shinkirou"], "log": "|j|\u2606randbatsluvr\n|j|\u2606Yume_Shinkirou\n|t:|1781462382\n|gametype|singles\n|player|p1|randbatsluvr|266|1359\n|player|p2|Yume_Shinkirou|iris|1339\n|gen|9\n|tier|[Gen 9] Random Battle\n|rated|\n|rule|Species Clause: Limit one of each Pok\u00e9mon\n|rule|HP Percentage Mod: HP is shown in percentages\n|rule|Sleep Clause Mod: Limit one foe put to sleep\n|rule|Illusion Level Mod: Illusion disguises the Pok\u00e9mon's true level\n|\n|t:|1781462382\n|teamsize|p1|6\n|teamsize|p2|6\n|start\n|switch|p1a: Vespiquen|Vespiquen, L99, F|299/299\n|switch|p2a: Moltres|Moltres, L81|278/278\n|-ability|p1a: Vespiquen|Pressure\n|turn|1\n|inactive|Battle timer is ON: inactive players will automatically lose when time's up. (requested by Yume_Shinkirou)\n|inactive|randbatsluvr also wants the timer to be on.\n|inactive|Yume_Shinkirou has 120 seconds left.\n|\n|t:|1781462429\n|switch|p1a: Reshiram|Reshiram, L76|277/277\n|-ability|p1a: Reshiram|Turboblaze\n|move|p2a: Moltres|Fire Blast|p1a: Reshiram\n|-resisted|p1a: Reshiram\n|-damage|p1a: Reshiram|247/277\n|\n|upkeep\n|turn|2\n|\n|t:|1781462440\n|move|p2a: Moltres|Brave Bird|p1a: Reshiram\n|-damage|p1a: Reshiram|114/277\n|-damage|p2a: Moltres|234/278|[from] Recoil\n|move|p1a: Reshiram|Stone Edge|p2a: Moltres\n|-supereffective|p2a: Moltres\n|-damage|p2a: Moltres|0 fnt\n|faint|p2a: Moltres\n|\n|upkeep\n|\n|t:|1781462453\n|switch|p2a: Whimsicott|Whimsicott, L84, F|238/238\n|turn|3\n|\n|t:|1781462457\n|move|p2a: Whimsicott|Stun Spore|p1a: Reshiram\n|-status|p1a: Reshiram|par\n|move|p1a: Reshiram|Flare Blitz|p2a: Whimsicott\n|-supereffective|p2a: Whimsicott\n|-damage|p2a: Whimsicott|0 fnt\n|faint|p2a: Whimsicott\n|-damage|p1a: Reshiram|35/277 par|[from] Recoil\n|\n|upkeep\n|\n|t:|1781462469\n|switch|p2a: Breloom|Breloom, L83, F|235/235\n|turn|4\n|\n|t:|1781462475\n|switch|p1a: Wigglytuff|Wigglytuff, L96, M|424/424\n|move|p2a: Breloom|Mach Punch|p1a: Wigglytuff\n|-damage|p1a: Wigglytuff|288/424\n|-damage|p2a: Breloom|212/235|[from] item: Life Orb\n|\n|-heal|p1a: Wigglytuff|314/424|[from] item: Leftovers\n|upkeep\n|turn|5\n|\n|t:|1781462483\n|move|p2a: Breloom|Spore|p1a: Wigglytuff\n|-status|p1a: Wigglytuff|slp|[from] move: Spore\n|cant|p1a: Wigglytuff|slp\n|\n|-heal|p1a: Wigglytuff|340/424 slp|[from] item: Leftovers\n|upkeep\n|turn|6\n|\n|t:|1781462490\n|-terastallize|p1a: Wigglytuff|Steel\n|move|p2a: Breloom|Swords Dance|p2a: Breloom\n|-boost|p2a: Breloom|atk|2\n|-curestatus|p1a: Wigglytuff|slp|[msg]\n|move|p1a: Wigglytuff|Alluring Voice|p2a: Breloom\n|-supereffective|p2a: Breloom\n|-crit|p2a: Breloom\n|-damage|p2a: Breloom|0 fnt\n|faint|p2a: Breloom\n|\n|-heal|p1a: Wigglytuff|366/424|[from] item: Leftovers\n|upkeep\n|\n|t:|1781462501\n|switch|p2a: Scrafty|Scrafty, L83, M|244/244\n|turn|7\n|\n|t:|1781462508\n|-terastallize|p2a: Scrafty|Poison\n|move|p2a: Scrafty|Bulk Up|p2a: Scrafty\n|-boost|p2a: Scrafty|atk|1\n|-boost|p2a: Scrafty|def|1\n|move|p1a: Wigglytuff|Alluring Voice|p2a: Scrafty\n|-resisted|p2a: Scrafty\n|-damage|p2a: Scrafty|202/244\n|-start|p2a: Scrafty|confusion\n|\n|-heal|p2a: Scrafty|217/244|[from] item: Leftovers\n|-heal|p1a: Wigglytuff|392/424|[from] item: Leftovers\n|upkeep\n|turn|8\n|\n|t:|1781462519\n|move|p1a: Wigglytuff|Protect|p1a: Wigglytuff\n|-singleturn|p1a: Wigglytuff|Protect\n|-activate|p2a: Scrafty|confusion\n|move|p2a: Scrafty|Drain Punch|p1a: Wigglytuff\n|-activate|p1a: Wigglytuff|move: Protect\n|\n|-heal|p2a: Scrafty|232/244|[from] item: Leftovers\n|-heal|p1a: Wigglytuff|418/424|[from] item: Leftovers\n|upkeep\n|turn|9\n|\n|t:|1781462526\n|-activate|p2a: Scrafty|confusion\n|move|p2a: Scrafty|Drain Punch|p1a: Wigglytuff\n|-supereffective|p1a: Wigglytuff\n|-damage|p1a: Wigglytuff|106/424\n|-heal|p2a: Scrafty|244/244|[from] drain|[of] p1a: Wigglytuff\n|move|p1a: Wigglytuff|Thunder Wave|p2a: Scrafty\n|-status|p2a: Scrafty|par\n|\n|-heal|p1a: Wigglytuff|132/424|[from] item: Leftovers\n|upkeep\n|turn|10\n|\n|t:|1781462538\n|move|p1a: Wigglytuff|Protect|p1a: Wigglytuff\n|-singleturn|p1a: Wigglytuff|Protect\n|-activate|p2a: Scrafty|confusion\n|cant|p2a: Scrafty|par\n|\n|-heal|p1a: Wigglytuff|158/424|[from] item: Leftovers\n|-activate|p2a: Scrafty|ability: Shed Skin\n|-curestatus|p2a: Scrafty|par|[msg]\n|upkeep\n|turn|11\n|\n|t:|1781462547\n|switch|p1a: Vespiquen|Vespiquen, L99, F|299/299\n|-ability|p1a: Vespiquen|Pressure\n|-end|p2a: Scrafty|confusion\n|move|p2a: Scrafty|Drain Punch|p1a: Vespiquen\n|-resisted|p1a: Vespiquen\n|-damage|p1a: Vespiquen|280/299\n|\n|upkeep\n|turn|12\n|\n|t:|1781462555\n|move|p2a: Scrafty|Knock Off|p1a: Vespiquen\n|-damage|p1a: Vespiquen|171/299\n|-enditem|p1a: Vespiquen|Heavy-Duty Boots|[from] move: Knock Off|[of] p2a: Scrafty\n|move|p1a: Vespiquen|Air Slash|p2a: Scrafty\n|-damage|p2a: Scrafty|166/244\n|\n|-heal|p2a: Scrafty|181/244|[from] item: Leftovers\n|upkeep\n|turn|13\n|\n|t:|1781462562\n|move|p2a: Scrafty|Bulk Up|p2a: Scrafty\n|-boost|p2a: Scrafty|atk|1\n|-boost|p2a: Scrafty|def|1\n|move|p1a: Vespiquen|Roost|p1a: Vespiquen\n|-heal|p1a: Vespiquen|299/299\n|-singleturn|p1a: Vespiquen|move: Roost\n|\n|-heal|p2a: Scrafty|196/244|[from] item: Leftovers\n|upkeep\n|turn|14\n|\n|t:|1781462570\n|move|p2a: Scrafty|Bulk Up|p2a: Scrafty\n|-boost|p2a: Scrafty|atk|1\n|-boost|p2a: Scrafty|def|1\n|move|p1a: Vespiquen|Air Slash|p2a: Scrafty\n|-damage|p2a: Scrafty|114/244\n|\n|-heal|p2a: Scrafty|129/244|[from] item: Leftovers\n|upkeep\n|turn|15\n|\n|t:|1781462578\n|move|p2a: Scrafty|Knock Off|p1a: Vespiquen\n|-damage|p1a: Vespiquen|179/299\n|move|p1a: Vespiquen|Air Slash|p2a: Scrafty\n|-damage|p2a: Scrafty|53/244\n|\n|-heal|p2a: Scrafty|68/244|[from] item: Leftovers\n|upkeep\n|turn|16\n|\n|t:|1781462585\n|move|p2a: Scrafty|Rest|p2a: Scrafty\n|-status|p2a: Scrafty|slp|[from] move: Rest\n|-heal|p2a: Scrafty|244/244 slp|[silent]\n|move|p1a: Vespiquen|Air Slash|p2a: Scrafty\n|-damage|p2a: Scrafty|165/244 slp\n|\n|-heal|p2a: Scrafty|180/244 slp|[from] item: Leftovers\n|upkeep\n|turn|17\n|\n|t:|1781462593\n|cant|p2a: Scrafty|slp\n|move|p1a: Vespiquen|Air Slash|p2a: Scrafty\n|-damage|p2a: Scrafty|108/244 slp\n|\n|-heal|p2a: Scrafty|123/244 slp|[from] item: Leftovers\n|upkeep\n|turn|18\n|\n|t:|1781462599\n|cant|p2a: Scrafty|slp\n|move|p1a: Vespiquen|Air Slash|p2a: Scrafty\n|-damage|p2a: Scrafty|39/244 slp\n|\n|-activate|p2a: Scrafty|ability: Shed Skin\n|-curestatus|p2a: Scrafty|slp|[msg]\n|-heal|p2a: Scrafty|54/244|[from] item: Leftovers\n|upkeep\n|turn|19\n|\n|t:|1781462621\n|move|p2a: Scrafty|Rest|p2a: Scrafty\n|-status|p2a: Scrafty|slp|[from] move: Rest\n|-heal|p2a: Scrafty|244/244 slp|[silent]\n|move|p1a: Vespiquen|Air Slash|p2a: Scrafty|[miss]\n|-miss|p1a: Vespiquen|p2a: Scrafty\n|\n|-activate|p2a: Scrafty|ability: Shed Skin\n|-curestatus|p2a: Scrafty|slp|[msg]\n|upkeep\n|turn|20\n|\n|t:|1781462630\n|move|p2a: Scrafty|Knock Off|p1a: Vespiquen\n|-crit|p1a: Vespiquen\n|-damage|p1a: Vespiquen|0 fnt\n|faint|p1a: Vespiquen\n|\n|upkeep\n|\n|t:|1781462635\n|switch|p1a: Duraludon|Duraludon, L82, M|249/249\n|turn|21\n|\n|t:|1781462638\n|move|p1a: Duraludon|Draco Meteor|p2a: Scrafty\n|-damage|p2a: Scrafty|115/244\n|-unboost|p1a: Duraludon|spa|2\n|move|p2a: Scrafty|Drain Punch|p1a: Duraludon\n|-supereffective|p1a: Duraludon\n|-damage|p1a: Duraludon|49/249\n|-heal|p2a: Scrafty|215/244|[from] drain|[of] p1a: Duraludon\n|\n|-heal|p2a: Scrafty|230/244|[from] item: Leftovers\n|upkeep\n|turn|22\n|\n|t:|1781462647\n|move|p1a: Duraludon|Thunder Wave|p2a: Scrafty\n|-status|p2a: Scrafty|par\n|move|p2a: Scrafty|Bulk Up|p2a: Scrafty\n|-boost|p2a: Scrafty|atk|1\n|-boost|p2a: Scrafty|def|1\n|\n|-heal|p2a: Scrafty|244/244 par|[from] item: Leftovers\n|upkeep\n|turn|23\n|\n|t:|1781462655\n|move|p1a: Duraludon|Draco Meteor|p2a: Scrafty\n|-damage|p2a: Scrafty|181/244 par\n|-unboost|p1a: Duraludon|spa|2\n|cant|p2a: Scrafty|par\n|\n|-heal|p2a: Scrafty|196/244 par|[from] item: Leftovers\n|upkeep\n|turn|24\n|\n|t:|1781462662\n|move|p1a: Duraludon|Flash Cannon|p2a: Scrafty\n|-damage|p2a: Scrafty|169/244 par\n|move|p2a: Scrafty|Drain Punch|p1a: Duraludon\n|-supereffective|p1a: Duraludon\n|-damage|p1a: Duraludon|0 fnt\n|-heal|p2a: Scrafty|194/244 par|[from] drain|[of] p1a: Duraludon\n|faint|p1a: Duraludon\n|\n|-heal|p2a: Scrafty|209/244 par|[from] item: Leftovers\n|upkeep\n|\n|t:|1781462668\n|switch|p1a: Passimian|Passimian, L83, F|302/302\n|turn|25\n|\n|t:|1781462677\n|move|p1a: Passimian|Knock Off|p2a: Scrafty\n|-damage|p2a: Scrafty|185/244 par\n|-enditem|p2a: Scrafty|Leftovers|[from] move: Knock Off|[of] p1a: Passimian\n|move|p2a: Scrafty|Knock Off|p1a: Passimian\n|-resisted|p1a: Passimian\n|-damage|p1a: Passimian|160/302\n|-enditem|p1a: Passimian|Leftovers|[from] move: Knock Off|[of] p2a: Scrafty\n|\n|-activate|p2a: Scrafty|ability: Shed Skin\n|-curestatus|p2a: Scrafty|par|[msg]\n|upkeep\n|turn|26\n|\n|t:|1781462686\n|move|p1a: Passimian|Gunk Shot|p2a: Scrafty|[miss]\n|-miss|p1a: Passimian|p2a: Scrafty\n|move|p2a: Scrafty|Drain Punch|p1a: Passimian\n|-damage|p1a: Passimian|0 fnt\n|-heal|p2a: Scrafty|244/244|[from] drain|[of] p1a: Passimian\n|faint|p1a: Passimian\n|\n|upkeep\n|\n|t:|1781462692\n|switch|p1a: Reshiram|Reshiram, L76|35/277 par\n|-ability|p1a: Reshiram|Turboblaze\n|turn|27\n|\n|t:|1781462698\n|move|p2a: Scrafty|Drain Punch|p1a: Reshiram\n|-damage|p1a: Reshiram|0 fnt\n|faint|p1a: Reshiram\n|\n|upkeep\n|\n|t:|1781462704\n|switch|p1a: Wigglytuff|Wigglytuff, L96, M, tera:Steel|158/424\n|turn|28\n|\n|t:|1781462708\n|move|p1a: Wigglytuff|Protect|p1a: Wigglytuff\n|-singleturn|p1a: Wigglytuff|Protect\n|move|p2a: Scrafty|Drain Punch|p1a: Wigglytuff\n|-activate|p1a: Wigglytuff|move: Protect\n|\n|-heal|p1a: Wigglytuff|184/424|[from] item: Leftovers\n|upkeep\n|turn|29\n|\n|t:|1781462715\n|move|p2a: Scrafty|Knock Off|p1a: Wigglytuff\n|-damage|p1a: Wigglytuff|0 fnt\n|-enditem|p1a: Wigglytuff|Leftovers|[from] move: Knock Off|[of] p2a: Scrafty\n|faint|p1a: Wigglytuff\n|\n|upkeep\n|\n|t:|1781462719\n|switch|p1a: Meloetta|Meloetta, L82|298/298\n|turn|30\n|\n|t:|1781462725\n|move|p1a: Meloetta|Relic Song|p2a: Scrafty\n|-damage|p2a: Scrafty|141/244\n|-formechange|p1a: Meloetta|Meloetta-Pirouette|[msg]\n|-damage|p1a: Meloetta|269/298|[from] item: Life Orb\n|move|p2a: Scrafty|Knock Off|p1a: Meloetta\n|-resisted|p1a: Meloetta\n|-damage|p1a: Meloetta|116/298\n|-enditem|p1a: Meloetta|Life Orb|[from] move: Knock Off|[of] p2a: Scrafty\n|\n|upkeep\n|turn|31\n|\n|t:|1781462733\n|move|p1a: Meloetta|Relic Song|p2a: Scrafty\n|-damage|p2a: Scrafty|90/244\n|-formechange|p1a: Meloetta|Meloetta|[msg]\n|move|p2a: Scrafty|Drain Punch|p1a: Meloetta\n|-damage|p1a: Meloetta|0 fnt\n|-heal|p2a: Scrafty|148/244|[from] drain|[of] p1a: Meloetta\n|faint|p1a: Meloetta\n|\n|win|Yume_Shinkirou\n|raw|randbatsluvr's rating: 1343 &rarr; <strong>1323</strong><br />(-20 for losing)\n|raw|Yume_Shinkirou's rating: 1339 &rarr; <strong>1359</strong><br />(+20 for winning)\n|l|\u2606randbatsluvr\n|player|p1|\n", "uploadtime": 1781462745, "views": 2, "formatid": "gen9randombattle", "rating": 1323, "private": 0, "password": null}