{"id": "gen9randombattle-2631736402", "format": "[Gen 9] Random Battle", "players": ["duuhhao", "haxion"], "log": "|j|\u2606duuhhao\n|j|\u2606haxion\n|t:|1781431152\n|gametype|singles\n|player|p1|duuhhao|clair|2170\n|player|p2|haxion|preschooler|2264\n|gen|9\n|tier|[Gen 9] Random Battle\n|rated|\n|rule|Species Clause: Limit one of each Pok\u00e9mon\n|rule|HP Percentage Mod: HP is shown in percentages\n|rule|Sleep Clause Mod: Limit one foe put to sleep\n|rule|Illusion Level Mod: Illusion disguises the Pok\u00e9mon's true level\n|\n|t:|1781431152\n|teamsize|p1|6\n|teamsize|p2|6\n|start\n|switch|p1a: Goodra|Goodra-Hisui, L82, F|265/265\n|switch|p2a: Pikachu|Pikachu-World, L93, F|216/216\n|turn|1\n|inactive|Battle timer is ON: inactive players will automatically lose when time's up. (requested by haxion)\n|\n|t:|1781431167\n|switch|p2a: Skarmory|Skarmory, L80, F|235/235\n|move|p1a: Goodra|Draco Meteor|p2a: Skarmory\n|-resisted|p2a: Skarmory\n|-damage|p2a: Skarmory|154/235\n|-unboost|p1a: Goodra|spa|2\n|\n|upkeep\n|turn|2\n|\n|t:|1781431177\n|switch|p1a: Pikachu|Pikachu, L93, F|216/216\n|move|p2a: Skarmory|Spikes|p1a: Pikachu\n|-sidestart|p1: duuhhao|Spikes\n|\n|upkeep\n|turn|3\n|inactive|haxion has 120 seconds left.\n|\n|t:|1781431209\n|switch|p2a: Sudowoodo|Sudowoodo, L94, F|284/284\n|move|p1a: Pikachu|Surf|p2a: Sudowoodo\n|-supereffective|p2a: Sudowoodo\n|-damage|p2a: Sudowoodo|52/284\n|\n|-heal|p2a: Sudowoodo|69/284|[from] item: Leftovers\n|upkeep\n|turn|4\n|\n|t:|1781431218\n|move|p2a: Sudowoodo|Sucker Punch|p1a: Pikachu\n|-damage|p1a: Pikachu|117/216\n|move|p1a: Pikachu|Surf|p2a: Sudowoodo\n|-supereffective|p2a: Sudowoodo\n|-damage|p2a: Sudowoodo|0 fnt\n|faint|p2a: Sudowoodo\n|\n|upkeep\n|inactive|haxion has 120 seconds left.\n|\n|t:|1781431228\n|switch|p2a: Pikachu|Pikachu-World, L93, F|216/216\n|turn|5\n|\n|t:|1781431235\n|move|p1a: Pikachu|Knock Off|p2a: Pikachu\n|-damage|p2a: Pikachu|45/216\n|-enditem|p2a: Pikachu|Light Ball|[from] move: Knock Off|[of] p1a: Pikachu\n|move|p2a: Pikachu|Knock Off|p1a: Pikachu\n|-damage|p1a: Pikachu|35/216\n|-enditem|p1a: Pikachu|Light Ball|[from] move: Knock Off|[of] p2a: Pikachu\n|\n|upkeep\n|turn|6\n|c|\u2606haxion|of course :'(\n|inactive|haxion has 120 seconds left.\n|c|\u2606duuhhao|brother u forced the speed tie \ud83d\ude02\n|c|\u2606haxion|I was supposed to win it u_u\n|inactive|haxion has 90 seconds left.\n|\n|t:|1781431292\n|move|p1a: Pikachu|Knock Off|p2a: Pikachu\n|-damage|p2a: Pikachu|0 fnt\n|faint|p2a: Pikachu\n|\n|upkeep\n|c|\u2606haxion|naaaah\n|c|\u2606haxion|not twice in a row\n|c|\u2606haxion|life is unfair\n|c|\u2606duuhhao|this a casino\n|j| 90909jiji\n|inactive|haxion has 60 seconds left.\n|\n|t:|1781431323\n|switch|p2a: Medicham|Medicham, L86, F|243/243\n|turn|7\n|\n|t:|1781431325\n|move|p2a: Medicham|Bullet Punch|p1a: Pikachu\n|-resisted|p1a: Pikachu\n|-damage|p1a: Pikachu|0 fnt\n|faint|p1a: Pikachu\n|\n|upkeep\n|\n|t:|1781431330\n|switch|p1a: Deoxys|Deoxys-Attack, L72|191/191\n|-damage|p1a: Deoxys|168/191|[from] Spikes\n|-ability|p1a: Deoxys|Pressure\n|turn|8\n|c|\u2606haxion|don't think that was a good trade for me, 2 pok\u00e9mons for 1\n|\n|t:|1781431349\n|move|p2a: Medicham|Bullet Punch|p1a: Deoxys\n|-damage|p1a: Deoxys|7/191\n|move|p1a: Deoxys|Psycho Boost|p2a: Medicham\n|-damage|p2a: Medicham|0 fnt\n|-unboost|p1a: Deoxys|spa|2\n|faint|p2a: Medicham\n|-damage|p1a: Deoxys|0 fnt|[from] item: Life Orb\n|faint|p1a: Deoxys\n|\n|upkeep\n|c|\u2606haxion|come on\n|c|\u2606haxion|min roll??\n|c|\u2606haxion|in this economy?\n|inactive|haxion has 60 seconds left.\n|\n|t:|1781431377\n|switch|p1a: Urshifu|Urshifu-Rapid-Strike, L75, F|274/274\n|switch|p2a: Skarmory|Skarmory, L80, F|154/235\n|-damage|p1a: Urshifu|240/274|[from] Spikes\n|turn|9\n|\n|t:|1781431385\n|-terastallize|p1a: Urshifu|Water\n|move|p1a: Urshifu|Surging Strikes|p2a: Skarmory\n|-crit|p2a: Skarmory\n|-damage|p2a: Skarmory|96/235\n|-damage|p1a: Urshifu|195/274|[from] item: Rocky Helmet|[of] p2a: Skarmory\n|-crit|p2a: Skarmory\n|-damage|p2a: Skarmory|28/235\n|-damage|p1a: Urshifu|150/274|[from] item: Rocky Helmet|[of] p2a: Skarmory\n|-crit|p2a: Skarmory\n|-damage|p2a: Skarmory|0 fnt\n|-damage|p1a: Urshifu|105/274|[from] item: Rocky Helmet|[of] p2a: Skarmory\n|faint|p2a: Skarmory\n|-hitcount|p2: Skarmory|3\n|\n|upkeep\n|c|\u2606haxion|should have tera\n|\n|t:|1781431406\n|switch|p2a: Porygon-Z|Porygon-Z, L83|277/277\n|turn|10\n|\n|t:|1781431417\n|move|p2a: Porygon-Z|Tera Blast|p1a: Urshifu\n|-damage|p1a: Urshifu|0 fnt\n|faint|p1a: Urshifu\n|-damage|p2a: Porygon-Z|250/277|[from] item: Life Orb\n|\n|upkeep\n|\n|t:|1781431423\n|switch|p1a: Goodra|Goodra-Hisui, L82, F|265/265\n|-damage|p1a: Goodra|232/265|[from] Spikes\n|turn|11\n|\n|t:|1781431436\n|switch|p2a: Scrafty|Scrafty, L83, F|244/244\n|move|p1a: Goodra|Heavy Slam|p2a: Scrafty\n|-damage|p2a: Scrafty|136/244\n|\n|-heal|p2a: Scrafty|151/244|[from] item: Leftovers\n|upkeep\n|turn|12\n|\n|t:|1781431464\n|move|p2a: Scrafty|Rest|p2a: Scrafty\n|-status|p2a: Scrafty|slp|[from] move: Rest\n|-heal|p2a: Scrafty|244/244 slp|[silent]\n|move|p1a: Goodra|Dragon Tail|p2a: Scrafty|[miss]\n|-miss|p1a: Goodra|p2a: Scrafty\n|\n|-activate|p2a: Scrafty|ability: Shed Skin\n|-curestatus|p2a: Scrafty|slp|[msg]\n|upkeep\n|turn|13\n|\n|t:|1781431474\n|move|p1a: Goodra|Heavy Slam|p2a: Scrafty\n|-damage|p2a: Scrafty|147/244\n|move|p2a: Scrafty|Drain Punch|p1a: Goodra\n|-supereffective|p1a: Goodra\n|-damage|p1a: Goodra|94/265\n|-heal|p2a: Scrafty|216/244|[from] drain|[of] p1a: Goodra\n|\n|-heal|p2a: Scrafty|231/244|[from] item: Leftovers\n|upkeep\n|turn|14\n|\n|t:|1781431482\n|move|p1a: Goodra|Draco Meteor|p2a: Scrafty\n|-damage|p2a: Scrafty|114/244\n|-unboost|p1a: Goodra|spa|2\n|move|p2a: Scrafty|Drain Punch|p1a: Goodra\n|-supereffective|p1a: Goodra\n|-damage|p1a: Goodra|0 fnt\n|-heal|p2a: Scrafty|161/244|[from] drain|[of] p1a: Goodra\n|faint|p1a: Goodra\n|\n|-heal|p2a: Scrafty|176/244|[from] item: Leftovers\n|upkeep\n|\n|t:|1781431486\n|switch|p1a: Eiscue|Eiscue, L88, M|274/274\n|-damage|p1a: Eiscue|240/274|[from] Spikes\n|turn|15\n|inactive|haxion has 60 seconds left.\n|c|\u2606haxion|the devil\n|inactive|haxion has 30 seconds left.\n|inactive|haxion has 20 seconds left.\n|inactive|haxion has 15 seconds left.\n|inactive|haxion has 10 seconds left.\n|\n|t:|1781431543\n|switch|p2a: Porygon-Z|Porygon-Z, L83|250/277\n|move|p1a: Eiscue|Belly Drum|p1a: Eiscue\n|-damage|p1a: Eiscue|103/274\n|-setboost|p1a: Eiscue|atk|6|[from] move: Belly Drum\n|-enditem|p1a: Eiscue|Sitrus Berry|[eat]\n|-heal|p1a: Eiscue|171/274|[from] item: Sitrus Berry\n|\n|upkeep\n|turn|16\n|inactive|haxion has 20 seconds left this turn.\n|inactive|haxion has 15 seconds left.\n|inactive|haxion has 10 seconds left.\n|c|\u2606haxion|come on\n|c|\u2606haxion|nice roll\n|\n|t:|1781431558\n|move|p2a: Porygon-Z|Tera Blast|p1a: Eiscue\n|-damage|p1a: Eiscue|10/274\n|-damage|p2a: Porygon-Z|223/277|[from] item: Life Orb\n|move|p1a: Eiscue|Ice Spinner|p2a: Porygon-Z\n|-damage|p2a: Porygon-Z|0 fnt\n|faint|p2a: Porygon-Z\n|\n|upkeep\n|inactive|haxion has 15 seconds left this turn.\n|inactive|haxion has 10 seconds left.\n|c|\u2606haxion|fucking hell\n|\n|t:|1781431567\n|switch|p2a: Scrafty|Scrafty, L83, F|176/244\n|turn|17\n|inactive|haxion has 20 seconds left this turn.\n|\n|t:|1781431569\n|move|p2a: Scrafty|Knock Off|p1a: Eiscue\n|-activate|p1a: Eiscue|ability: Ice Face\n|-damage|p1a: Eiscue|10/274\n|detailschange|p1a: Eiscue|Eiscue-Noice, L88, M\n|move|p1a: Eiscue|Ice Spinner|p2a: Scrafty\n|-damage|p2a: Scrafty|0 fnt\n|faint|p2a: Scrafty\n|\n|win|duuhhao\n", "uploadtime": 1781431154, "views": 5, "formatid": "gen9randombattle", "rating": null, "private": 0, "password": null}