{"id": "gen9randombattle-2631369701", "format": "[Gen 9] Random Battle", "players": ["woopre", "busme"], "log": "|j|\u2606woopre\n|j|\u2606busme\n|t:|1781376599\n|gametype|singles\n|player|p1|woopre|#solomodspliii|2071\n|player|p2|busme|ruinmaniac|2016\n|gen|9\n|tier|[Gen 9] Random Battle\n|rated|\n|rule|Species Clause: Limit one of each Pok\u00e9mon\n|rule|HP Percentage Mod: HP is shown in percentages\n|rule|Sleep Clause Mod: Limit one foe put to sleep\n|rule|Illusion Level Mod: Illusion disguises the Pok\u00e9mon's true level\n|\n|t:|1781376599\n|teamsize|p1|6\n|teamsize|p2|6\n|start\n|switch|p1a: Iron Boulder|Iron Boulder, L77|265/265\n|switch|p2a: Tornadus|Tornadus-Therian, L79, M|254/254\n|turn|1\n|inactive|Battle timer is ON: inactive players will automatically lose when time's up. (requested by busme)\n|inactive|woopre also wants the timer to be on.\n|inactive|busme has 120 seconds left.\n|\n|t:|1781376637\n|move|p2a: Tornadus|U-turn|p1a: Iron Boulder\n|-supereffective|p1a: Iron Boulder\n|-damage|p1a: Iron Boulder|153/265\n|\n|t:|1781376640\n|switch|p2a: Dipplin|Dipplin, L88, F|284/284|[from] U-turn\n|move|p1a: Iron Boulder|Close Combat|p2a: Dipplin\n|-damage|p2a: Dipplin|224/284\n|-unboost|p1a: Iron Boulder|def|1\n|-unboost|p1a: Iron Boulder|spd|1\n|-damage|p1a: Iron Boulder|127/265|[from] item: Life Orb\n|\n|upkeep\n|turn|2\n|\n|t:|1781376649\n|-end|p1a: Iron Boulder|Quark Drive|[silent]\n|switch|p1a: Volcarona|Volcarona, L77, M|257/257\n|move|p2a: Dipplin|Dragon Tail|p1a: Volcarona\n|-damage|p1a: Volcarona|172/257\n|drag|p1a: Plusle|Plusle, L95, M|268/268\n|\n|upkeep\n|turn|3\n|\n|t:|1781376658\n|move|p1a: Plusle|Alluring Voice|p2a: Dipplin\n|-supereffective|p2a: Dipplin\n|-damage|p2a: Dipplin|104/284\n|-damage|p1a: Plusle|242/268|[from] item: Life Orb\n|move|p2a: Dipplin|Dragon Pulse|p1a: Plusle\n|-damage|p1a: Plusle|152/268\n|\n|upkeep\n|turn|4\n|\n|t:|1781376668\n|switch|p2a: Solgaleo|Solgaleo, L74|325/325\n|move|p1a: Plusle|Nasty Plot|p1a: Plusle\n|-boost|p1a: Plusle|spa|2\n|\n|upkeep\n|turn|5\n|\n|t:|1781376689\n|switch|p2a: Lanturn|Lanturn, L89, F|367/367\n|move|p1a: Plusle|Thunderbolt|p2a: Lanturn\n|-immune|p2a: Lanturn|[from] ability: Volt Absorb\n|\n|upkeep\n|turn|6\n|\n|t:|1781376694\n|move|p1a: Plusle|Grass Knot|p2a: Lanturn\n|-supereffective|p2a: Lanturn\n|-damage|p2a: Lanturn|195/367\n|-damage|p1a: Plusle|126/268|[from] item: Life Orb\n|move|p2a: Lanturn|Scald|p1a: Plusle\n|-damage|p1a: Plusle|53/268\n|\n|-heal|p2a: Lanturn|217/367|[from] item: Leftovers\n|upkeep\n|turn|7\n|\n|t:|1781376701\n|move|p1a: Plusle|Alluring Voice|p2a: Lanturn\n|-damage|p2a: Lanturn|23/367\n|-damage|p1a: Plusle|27/268|[from] item: Life Orb\n|move|p2a: Lanturn|Scald|p1a: Plusle\n|-damage|p1a: Plusle|0 fnt\n|faint|p1a: Plusle\n|\n|-heal|p2a: Lanturn|45/367|[from] item: Leftovers\n|upkeep\n|\n|t:|1781376709\n|switch|p1a: Iron Jugulis|Iron Jugulis, L77|271/271\n|turn|8\n|inactive|busme has 120 seconds left.\n|\n|t:|1781376750\n|move|p1a: Iron Jugulis|Dark Pulse|p2a: Lanturn\n|-damage|p2a: Lanturn|0 fnt\n|faint|p2a: Lanturn\n|\n|upkeep\n|inactive|busme has 90 seconds left.\n|\n|t:|1781376784\n|switch|p2a: Tornadus|Tornadus-Therian, L79, M|254/254\n|turn|9\n|\n|t:|1781376788\n|move|p2a: Tornadus|Bleakwind Storm|p1a: Iron Jugulis\n|-damage|p1a: Iron Jugulis|145/271\n|-unboost|p1a: Iron Jugulis|spe|1\n|move|p1a: Iron Jugulis|Meteor Beam||[still]\n|-prepare|p1a: Iron Jugulis|Meteor Beam\n|-boost|p1a: Iron Jugulis|spa|1\n|-enditem|p1a: Iron Jugulis|Power Herb\n|-anim|p1a: Iron Jugulis|Meteor Beam|p2a: Tornadus|[miss]\n|-miss|p1a: Iron Jugulis|p2a: Tornadus\n|\n|upkeep\n|turn|10\n|\n|t:|1781376798\n|move|p2a: Tornadus|Bleakwind Storm|p1a: Iron Jugulis|[miss]\n|-miss|p2a: Tornadus|p1a: Iron Jugulis\n|move|p1a: Iron Jugulis|Hurricane|p2a: Tornadus|[miss]\n|-miss|p1a: Iron Jugulis|p2a: Tornadus\n|\n|upkeep\n|turn|11\n|\n|t:|1781376803\n|move|p2a: Tornadus|Bleakwind Storm|p1a: Iron Jugulis\n|-damage|p1a: Iron Jugulis|25/271\n|move|p1a: Iron Jugulis|Hurricane|p2a: Tornadus|[miss]\n|-miss|p1a: Iron Jugulis|p2a: Tornadus\n|\n|upkeep\n|turn|12\n|c|\u2606woopre|Ok lol\n|c|\u2606busme|damn mb\n|\n|t:|1781376820\n|move|p2a: Tornadus|Bleakwind Storm|p1a: Iron Jugulis\n|-damage|p1a: Iron Jugulis|0 fnt\n|faint|p1a: Iron Jugulis\n|-end|p1a: Iron Jugulis|Quark Drive|[silent]\n|\n|upkeep\n|\n|t:|1781376828\n|switch|p1a: Enamorus|Enamorus-Therian, L83, F|259/259\n|turn|13\n|\n|t:|1781376841\n|move|p2a: Tornadus|Bleakwind Storm|p1a: Enamorus|[miss]\n|-miss|p2a: Tornadus|p1a: Enamorus\n|move|p1a: Enamorus|Earth Power|p2a: Tornadus\n|-immune|p2a: Tornadus\n|\n|upkeep\n|turn|14\n|l|\u2606woopre\n|inactive|woopre disconnected and has a minute to reconnect!\n|player|p1|\n|j|\u2606woopre\n|inactive|woopre reconnected and has 125 seconds left.\n|player|p1|woopre|#solomodspliii|\n|\n|t:|1781376869\n|move|p2a: Tornadus|Bleakwind Storm|p1a: Enamorus|[miss]\n|-miss|p2a: Tornadus|p1a: Enamorus\n|move|p1a: Enamorus|Earth Power|p2a: Tornadus\n|-immune|p2a: Tornadus\n|\n|upkeep\n|turn|15\n|\n|t:|1781376872\n|move|p2a: Tornadus|Bleakwind Storm|p1a: Enamorus\n|-damage|p1a: Enamorus|196/259\n|-unboost|p1a: Enamorus|spe|1\n|move|p1a: Enamorus|Moonblast|p2a: Tornadus\n|-damage|p2a: Tornadus|164/254\n|\n|upkeep\n|turn|16\n|\n|t:|1781376884\n|move|p2a: Tornadus|Knock Off|p1a: Enamorus\n|-resisted|p1a: Enamorus\n|-damage|p1a: Enamorus|170/259\n|-enditem|p1a: Enamorus|Assault Vest|[from] move: Knock Off|[of] p2a: Tornadus\n|move|p1a: Enamorus|Earth Power|p2a: Tornadus\n|-immune|p2a: Tornadus\n|\n|upkeep\n|turn|17\n|-message|woopre forfeited.\n|\n|win|busme\n", "uploadtime": 1781376600, "views": 6, "formatid": "gen9randombattle", "rating": null, "private": 0, "password": null}