{"id": "gen9randombattle-2631504057", "format": "[Gen 9] Random Battle", "players": ["bojangles mkII", "Jefejenaro"], "log": "|j|\u2606bojangles mkII\n|j|\u2606Jefejenaro\n|t:|1781393530\n|gametype|singles\n|player|p1|bojangles mkII|unknown|1976\n|player|p2|Jefejenaro|wallace|1976\n|gen|9\n|tier|[Gen 9] Random Battle\n|rated|\n|rule|Species Clause: Limit one of each Pok\u00e9mon\n|rule|HP Percentage Mod: HP is shown in percentages\n|rule|Sleep Clause Mod: Limit one foe put to sleep\n|rule|Illusion Level Mod: Illusion disguises the Pok\u00e9mon's true level\n|\n|t:|1781393530\n|teamsize|p1|6\n|teamsize|p2|6\n|start\n|switch|p1a: Swampert|Swampert, L83, F|302/302\n|switch|p2a: Bisharp|Bisharp, L79, F|232/232\n|turn|1\n|inactive|Battle timer is ON: inactive players will automatically lose when time's up. (requested by bojangles mkII)\n|\n|t:|1781393539\n|move|p2a: Bisharp|Stealth Rock|p1a: Swampert\n|-sidestart|p1: bojangles mkII|move: Stealth Rock\n|move|p1a: Swampert|Knock Off|p2a: Bisharp\n|-resisted|p2a: Bisharp\n|-damage|p2a: Bisharp|209/232\n|-enditem|p2a: Bisharp|Eviolite|[from] move: Knock Off|[of] p1a: Swampert\n|\n|upkeep\n|turn|2\n|\n|t:|1781393547\n|switch|p2a: Mandibuzz|Mandibuzz, L85, F|326/326\n|move|p1a: Swampert|Earthquake|p2a: Mandibuzz\n|-immune|p2a: Mandibuzz\n|\n|upkeep\n|turn|3\n|\n|t:|1781393551\n|move|p2a: Mandibuzz|Toxic|p1a: Swampert|[miss]\n|-miss|p2a: Mandibuzz|p1a: Swampert\n|move|p1a: Swampert|Yawn|p2a: Mandibuzz\n|-start|p2a: Mandibuzz|move: Yawn|[of] p1a: Swampert\n|\n|upkeep\n|turn|4\n|\n|t:|1781393553\n|move|p2a: Mandibuzz|Toxic|p1a: Swampert\n|-status|p1a: Swampert|tox\n|move|p1a: Swampert|Flip Turn|p2a: Mandibuzz\n|-damage|p2a: Mandibuzz|266/326\n|\n|t:|1781393561\n|switch|p1a: Excadrill|Excadrill, L79, M|303/303|[from] Flip Turn\n|-damage|p1a: Excadrill|294/303|[from] Stealth Rock\n|-ability|p1a: Excadrill|Mold Breaker\n|\n|-heal|p1a: Excadrill|303/303|[from] item: Leftovers\n|-end|p2a: Mandibuzz|move: Yawn|[silent]\n|-status|p2a: Mandibuzz|slp\n|upkeep\n|turn|5\n|\n|t:|1781393571\n|switch|p2a: Lunala|Lunala, L70|308/308\n|move|p1a: Excadrill|Rapid Spin|p2a: Lunala\n|-immune|p2a: Lunala\n|\n|upkeep\n|turn|6\n|\n|t:|1781393581\n|move|p1a: Excadrill|Iron Head|p2a: Lunala\n|-damage|p2a: Lunala|253/308\n|move|p2a: Lunala|Moongeist Beam|p1a: Excadrill\n|-damage|p1a: Excadrill|162/303\n|\n|-heal|p1a: Excadrill|180/303|[from] item: Leftovers\n|-heal|p2a: Lunala|272/308|[from] item: Leftovers\n|upkeep\n|turn|7\n|\n|t:|1781393589\n|move|p1a: Excadrill|Earthquake|p2a: Lunala\n|-damage|p2a: Lunala|127/308\n|move|p2a: Lunala|Moongeist Beam|p1a: Excadrill\n|-damage|p1a: Excadrill|41/303\n|\n|-heal|p1a: Excadrill|59/303|[from] item: Leftovers\n|-heal|p2a: Lunala|146/308|[from] item: Leftovers\n|upkeep\n|turn|8\n|\n|t:|1781393597\n|switch|p2a: Sawsbuck|Sawsbuck-Autumn, L88, F|284/284\n|move|p1a: Excadrill|Earthquake|p2a: Sawsbuck\n|-resisted|p2a: Sawsbuck\n|-damage|p2a: Sawsbuck|218/284\n|\n|-heal|p1a: Excadrill|77/303|[from] item: Leftovers\n|upkeep\n|turn|9\n|\n|t:|1781393601\n|switch|p1a: Decidueye|Decidueye-Hisui, L87, F|295/295\n|-damage|p1a: Decidueye|277/295|[from] Stealth Rock\n|move|p2a: Sawsbuck|Horn Leech|p1a: Decidueye\n|-resisted|p1a: Decidueye\n|-damage|p1a: Decidueye|212/295\n|-heal|p2a: Sawsbuck|251/284|[from] drain|[of] p1a: Decidueye\n|-damage|p2a: Sawsbuck|223/284|[from] item: Life Orb\n|\n|-heal|p1a: Decidueye|230/295|[from] item: Leftovers\n|upkeep\n|turn|10\n|\n|t:|1781393625\n|switch|p2a: Clodsire|Clodsire, L81, M|343/343\n|move|p1a: Decidueye|Triple Arrows|p2a: Clodsire\n|-resisted|p2a: Clodsire\n|-damage|p2a: Clodsire|261/343\n|\n|-heal|p1a: Decidueye|248/295|[from] item: Leftovers\n|-heal|p2a: Clodsire|282/343|[from] item: Leftovers\n|upkeep\n|turn|11\n|\n|t:|1781393631\n|move|p1a: Decidueye|Leaf Blade|p2a: Clodsire\n|-damage|p2a: Clodsire|117/343\n|move|p2a: Clodsire|Gunk Shot|p1a: Decidueye\n|-supereffective|p1a: Decidueye\n|-damage|p1a: Decidueye|56/295\n|\n|-heal|p1a: Decidueye|74/295|[from] item: Leftovers\n|-heal|p2a: Clodsire|138/343|[from] item: Leftovers\n|upkeep\n|turn|12\n|\n|t:|1781393637\n|switch|p2a: Mandibuzz|Mandibuzz, L85, F|266/326 slp\n|move|p1a: Decidueye|Roost|p1a: Decidueye\n|-heal|p1a: Decidueye|222/295\n|-singleturn|p1a: Decidueye|move: Roost\n|\n|-heal|p1a: Decidueye|240/295|[from] item: Leftovers\n|upkeep\n|turn|13\n|\n|t:|1781393646\n|cant|p2a: Mandibuzz|slp\n|move|p1a: Decidueye|U-turn|p2a: Mandibuzz\n|-damage|p2a: Mandibuzz|213/326 slp\n|\n|t:|1781393652\n|switch|p1a: Furret|Furret, L94, F|312/312|[from] U-turn\n|-damage|p1a: Furret|273/312|[from] Stealth Rock\n|-item|p2a: Mandibuzz|Heavy-Duty Boots|[from] ability: Frisk|[of] p1a: Furret\n|\n|upkeep\n|turn|14\n|\n|t:|1781393666\n|move|p1a: Furret|Tidy Up|p1a: Furret\n|-sideend|p1: bojangles mkII|Stealth Rock\n|-activate|p1a: Furret|move: Tidy Up\n|-boost|p1a: Furret|atk|1\n|-boost|p1a: Furret|spe|1\n|-curestatus|p2a: Mandibuzz|slp|[msg]\n|move|p2a: Mandibuzz|Foul Play|p1a: Furret\n|-crit|p1a: Furret\n|-damage|p1a: Furret|17/312\n|\n|upkeep\n|turn|15\n|c|\u2606bojangles mkII|why do i assume anything good will happen\n|\n|t:|1781393678\n|switch|p2a: Bisharp|Bisharp, L79, F|209/232\n|move|p1a: Furret|Double-Edge|p2a: Bisharp\n|-resisted|p2a: Bisharp\n|-damage|p2a: Bisharp|76/232\n|-damage|p1a: Furret|0 fnt|[from] Recoil\n|faint|p1a: Furret\n|\n|upkeep\n|\n|t:|1781393681\n|switch|p1a: Decidueye|Decidueye-Hisui, L87, F|240/295\n|turn|16\n|\n|t:|1781393685\n|move|p2a: Bisharp|Stealth Rock|p1a: Decidueye\n|-sidestart|p1: bojangles mkII|move: Stealth Rock\n|move|p1a: Decidueye|Triple Arrows|p2a: Bisharp\n|-supereffective|p2a: Bisharp\n|-damage|p2a: Bisharp|0 fnt\n|faint|p2a: Bisharp\n|\n|-heal|p1a: Decidueye|258/295|[from] item: Leftovers\n|upkeep\n|\n|t:|1781393699\n|switch|p2a: Mandibuzz|Mandibuzz, L85, F|213/326\n|turn|17\n|\n|t:|1781393711\n|move|p2a: Mandibuzz|Brave Bird|p1a: Decidueye\n|-supereffective|p1a: Decidueye\n|-damage|p1a: Decidueye|0 fnt\n|faint|p1a: Decidueye\n|-damage|p2a: Mandibuzz|128/326|[from] Recoil\n|\n|upkeep\n|\n|t:|1781393718\n|switch|p1a: Excadrill|Excadrill, L79, M|77/303\n|-damage|p1a: Excadrill|68/303|[from] Stealth Rock\n|-ability|p1a: Excadrill|Mold Breaker\n|turn|18\n|\n|t:|1781393721\n|move|p2a: Mandibuzz|Foul Play|p1a: Excadrill\n|-damage|p1a: Excadrill|0 fnt\n|faint|p1a: Excadrill\n|\n|upkeep\n|\n|t:|1781393736\n|switch|p1a: Swampert|Swampert, L83, F|302/302 tox\n|-damage|p1a: Swampert|284/302 tox|[from] Stealth Rock\n|turn|19\n|\n|t:|1781393741\n|move|p2a: Mandibuzz|Roost|p2a: Mandibuzz\n|-heal|p2a: Mandibuzz|291/326\n|-singleturn|p2a: Mandibuzz|move: Roost\n|move|p1a: Swampert|Yawn|p2a: Mandibuzz\n|-start|p2a: Mandibuzz|move: Yawn|[of] p1a: Swampert\n|\n|-heal|p1a: Swampert|302/302 tox|[from] item: Leftovers\n|-damage|p1a: Swampert|284/302 tox|[from] psn\n|upkeep\n|turn|20\n|\n|t:|1781393752\n|switch|p2a: Sawsbuck|Sawsbuck-Autumn, L88, F|223/284\n|move|p1a: Swampert|Yawn|p2a: Sawsbuck\n|-start|p2a: Sawsbuck|move: Yawn|[of] p1a: Swampert\n|\n|-heal|p1a: Swampert|302/302 tox|[from] item: Leftovers\n|-damage|p1a: Swampert|266/302 tox|[from] psn\n|upkeep\n|turn|21\n|\n|t:|1781393757\n|switch|p2a: Mandibuzz|Mandibuzz, L85, F|291/326\n|move|p1a: Swampert|Flip Turn|p2a: Mandibuzz\n|-damage|p2a: Mandibuzz|231/326\n|\n|t:|1781393759\n|switch|p1a: Carbink|Carbink, L90|236/236|[from] Flip Turn\n|-damage|p1a: Carbink|207/236|[from] Stealth Rock\n|\n|upkeep\n|turn|22\n|\n|t:|1781393764\n|move|p2a: Mandibuzz|Toxic|p1a: Carbink\n|-status|p1a: Carbink|tox\n|move|p1a: Carbink|Moonblast|p2a: Mandibuzz\n|-supereffective|p2a: Mandibuzz\n|-crit|p2a: Mandibuzz\n|-damage|p2a: Mandibuzz|25/326\n|\n|-damage|p1a: Carbink|193/236 tox|[from] psn\n|upkeep\n|turn|23\n|\n|t:|1781393770\n|switch|p2a: Clodsire|Clodsire, L81, M|138/343\n|move|p1a: Carbink|Moonblast|p2a: Clodsire\n|-resisted|p2a: Clodsire\n|-damage|p2a: Clodsire|107/343\n|\n|-heal|p2a: Clodsire|128/343|[from] item: Leftovers\n|-damage|p1a: Carbink|165/236 tox|[from] psn\n|upkeep\n|turn|24\n|\n|t:|1781393776\n|move|p1a: Carbink|Iron Defense|p1a: Carbink\n|-boost|p1a: Carbink|def|2\n|move|p2a: Clodsire|Recover|p2a: Clodsire\n|-heal|p2a: Clodsire|300/343\n|\n|-heal|p2a: Clodsire|321/343|[from] item: Leftovers\n|-damage|p1a: Carbink|123/236 tox|[from] psn\n|upkeep\n|turn|25\n|\n|t:|1781393782\n|move|p1a: Carbink|Body Press|p2a: Clodsire\n|-resisted|p2a: Clodsire\n|-damage|p2a: Clodsire|261/343\n|move|p2a: Clodsire|Earthquake|p1a: Carbink\n|-supereffective|p1a: Carbink\n|-damage|p1a: Carbink|15/236 tox\n|\n|-heal|p2a: Clodsire|282/343|[from] item: Leftovers\n|-damage|p1a: Carbink|0 fnt|[from] psn\n|faint|p1a: Carbink\n|upkeep\n|\n|t:|1781393785\n|switch|p1a: Swampert|Swampert, L83, F|266/302 tox\n|-damage|p1a: Swampert|248/302 tox|[from] Stealth Rock\n|turn|26\n|\n|t:|1781393791\n|-terastallize|p2a: Clodsire|Flying\n|move|p1a: Swampert|Yawn|p2a: Clodsire\n|-start|p2a: Clodsire|move: Yawn|[of] p1a: Swampert\n|move|p2a: Clodsire|Toxic Spikes|p1a: Swampert\n|-sidestart|p1: bojangles mkII|move: Toxic Spikes\n|\n|-heal|p1a: Swampert|266/302 tox|[from] item: Leftovers\n|-heal|p2a: Clodsire|303/343|[from] item: Leftovers\n|-damage|p1a: Swampert|248/302 tox|[from] psn\n|upkeep\n|turn|27\n|\n|t:|1781393801\n|move|p1a: Swampert|Yawn||[still]\n|-fail|p1a: Swampert\n|move|p2a: Clodsire|Toxic Spikes|p1a: Swampert\n|-sidestart|p1: bojangles mkII|move: Toxic Spikes\n|\n|-heal|p1a: Swampert|266/302 tox|[from] item: Leftovers\n|-heal|p2a: Clodsire|324/343|[from] item: Leftovers\n|-damage|p1a: Swampert|230/302 tox|[from] psn\n|-end|p2a: Clodsire|move: Yawn|[silent]\n|-status|p2a: Clodsire|slp\n|upkeep\n|turn|28\n|\n|t:|1781393806\n|move|p1a: Swampert|Flip Turn|p2a: Clodsire\n|-crit|p2a: Clodsire\n|-damage|p2a: Clodsire|182/343 slp\n|\n|t:|1781393808\n|switch|p1a: Hitmonchan|Hitmonchan, L87, M|229/229|[from] Flip Turn\n|-damage|p1a: Hitmonchan|215/229|[from] Stealth Rock\n|-status|p1a: Hitmonchan|tox\n|cant|p2a: Clodsire|slp\n|\n|-heal|p1a: Hitmonchan|229/229 tox|[from] item: Leftovers\n|-heal|p2a: Clodsire|203/343 slp|[from] item: Leftovers\n|-damage|p1a: Hitmonchan|215/229 tox|[from] psn\n|upkeep\n|turn|29\n|\n|t:|1781393817\n|move|p1a: Hitmonchan|Rapid Spin|p2a: Clodsire\n|-damage|p2a: Clodsire|151/343 slp\n|-boost|p1a: Hitmonchan|spe|1\n|-sideend|p1: bojangles mkII|Toxic Spikes|[from] move: Rapid Spin|[of] p1a: Hitmonchan\n|-sideend|p1: bojangles mkII|Stealth Rock|[from] move: Rapid Spin|[of] p1a: Hitmonchan\n|cant|p2a: Clodsire|slp\n|\n|-heal|p1a: Hitmonchan|229/229 tox|[from] item: Leftovers\n|-heal|p2a: Clodsire|172/343 slp|[from] item: Leftovers\n|-damage|p1a: Hitmonchan|201/229 tox|[from] psn\n|upkeep\n|turn|30\n|\n|t:|1781393828\n|move|p1a: Hitmonchan|Swords Dance|p1a: Hitmonchan\n|-boost|p1a: Hitmonchan|atk|2\n|cant|p2a: Clodsire|slp\n|\n|-heal|p1a: Hitmonchan|215/229 tox|[from] item: Leftovers\n|-heal|p2a: Clodsire|193/343 slp|[from] item: Leftovers\n|-damage|p1a: Hitmonchan|173/229 tox|[from] psn\n|upkeep\n|turn|31\n|\n|t:|1781393838\n|move|p1a: Hitmonchan|Knock Off|p2a: Clodsire\n|-damage|p2a: Clodsire|83/343 slp\n|-enditem|p2a: Clodsire|Leftovers|[from] move: Knock Off|[of] p1a: Hitmonchan\n|-curestatus|p2a: Clodsire|slp|[msg]\n|move|p2a: Clodsire|Earthquake|p1a: Hitmonchan\n|-damage|p1a: Hitmonchan|86/229 tox\n|\n|-heal|p1a: Hitmonchan|100/229 tox|[from] item: Leftovers\n|-damage|p1a: Hitmonchan|44/229 tox|[from] psn\n|upkeep\n|turn|32\n|\n|t:|1781393848\n|move|p1a: Hitmonchan|Drain Punch|p2a: Clodsire\n|-resisted|p2a: Clodsire\n|-damage|p2a: Clodsire|8/343\n|-heal|p1a: Hitmonchan|82/229 tox|[from] drain|[of] p2a: Clodsire\n|move|p2a: Clodsire|Earthquake|p1a: Hitmonchan\n|-damage|p1a: Hitmonchan|0 fnt\n|faint|p1a: Hitmonchan\n|\n|upkeep\n|c|\u2606bojangles mkII|cant touch this team as is, didnt need the 1 turn sleep into crit foul play on the one chance i had to get any footing\n|-message|bojangles mkII forfeited.\n|\n|win|Jefejenaro\n", "uploadtime": 1781393532, "views": 4, "formatid": "gen9randombattle", "rating": null, "private": 0, "password": null}