{"id": "gen9randombattle-2631939888", "format": "[Gen 9] Random Battle", "players": ["CATFANONE", "Soul Gem"], "log": "|j|\u2606CATFANONE\n|j|\u2606Soul Gem\n|t:|1781457902\n|gametype|singles\n|player|p1|CATFANONE|channeler-lgpe|1948\n|player|p2|Soul Gem|misty|1987\n|gen|9\n|tier|[Gen 9] Random Battle\n|rated|\n|rule|Species Clause: Limit one of each Pok\u00e9mon\n|rule|HP Percentage Mod: HP is shown in percentages\n|rule|Sleep Clause Mod: Limit one foe put to sleep\n|rule|Illusion Level Mod: Illusion disguises the Pok\u00e9mon's true level\n|\n|t:|1781457902\n|teamsize|p1|6\n|teamsize|p2|6\n|start\n|switch|p1a: Incineroar|Incineroar, L82, M|290/290\n|switch|p2a: Suicune|Suicune, L82|298/298\n|-ability|p2a: Suicune|Pressure\n|-ability|p1a: Incineroar|Intimidate|boost\n|-unboost|p2a: Suicune|atk|1\n|turn|1\n|\n|t:|1781457938\n|switch|p1a: Pachirisu|Pachirisu, L96, M|271/271\n|move|p2a: Suicune|Calm Mind|p2a: Suicune\n|-boost|p2a: Suicune|spa|1\n|-boost|p2a: Suicune|spd|1\n|\n|upkeep\n|turn|2\n|\n|t:|1781457950\n|switch|p2a: Rhyperior|Rhyperior, L82, F|323/323\n|move|p1a: Pachirisu|Encore||[still]\n|-fail|p1a: Pachirisu\n|\n|upkeep\n|turn|3\n|\n|t:|1781457957\n|move|p1a: Pachirisu|U-turn|p2a: Rhyperior\n|-damage|p2a: Rhyperior|293/323\n|\n|t:|1781457962\n|switch|p1a: Tsareena|Tsareena, L87, F|267/267|[from] U-turn\n|move|p2a: Rhyperior|Earthquake|p1a: Tsareena\n|-resisted|p1a: Tsareena\n|-damage|p1a: Tsareena|212/267\n|\n|upkeep\n|turn|4\n|\n|t:|1781457972\n|switch|p2a: Bisharp|Bisharp, L79, M|232/232\n|move|p1a: Tsareena|Power Whip|p2a: Bisharp\n|-resisted|p2a: Bisharp\n|-damage|p2a: Bisharp|152/232\n|\n|upkeep\n|turn|5\n|\n|t:|1781458006\n|switch|p1a: Iron Hands|Iron Hands, L79|373/373\n|move|p2a: Bisharp|Stealth Rock|p1a: Iron Hands\n|-sidestart|p1: CATFANONE|move: Stealth Rock\n|\n|upkeep\n|turn|6\n|\n|t:|1781458017\n|switch|p2a: Oranguru|Oranguru, L92, M|315/315\n|move|p1a: Iron Hands|Close Combat|p2a: Oranguru\n|-damage|p2a: Oranguru|159/315\n|-unboost|p1a: Iron Hands|def|1\n|-unboost|p1a: Iron Hands|spd|1\n|\n|-heal|p2a: Oranguru|178/315|[from] item: Leftovers\n|upkeep\n|turn|7\n|\n|t:|1781458031\n|move|p2a: Oranguru|Focus Blast|p1a: Iron Hands\n|-damage|p1a: Iron Hands|244/373\n|move|p1a: Iron Hands|Volt Switch|p2a: Oranguru\n|-damage|p2a: Oranguru|147/315\n|\n|t:|1781458046\n|-end|p1a: Iron Hands|Quark Drive|[silent]\n|switch|p1a: Tsareena|Tsareena, L87, F|212/267|[from] Volt Switch\n|-damage|p1a: Tsareena|179/267|[from] Stealth Rock\n|\n|-heal|p2a: Oranguru|166/315|[from] item: Leftovers\n|upkeep\n|turn|8\n|\n|t:|1781458053\n|switch|p2a: Bisharp|Bisharp, L79, M|152/232\n|move|p1a: Tsareena|High Jump Kick|p2a: Bisharp\n|-supereffective|p2a: Bisharp\n|-damage|p2a: Bisharp|0 fnt\n|faint|p2a: Bisharp\n|\n|upkeep\n|\n|t:|1781458078\n|switch|p2a: Suicune|Suicune, L82|298/298\n|-ability|p2a: Suicune|Pressure\n|turn|9\n|\n|t:|1781458087\n|switch|p1a: Iron Hands|Iron Hands, L79|244/373\n|-damage|p1a: Iron Hands|221/373|[from] Stealth Rock\n|move|p2a: Suicune|Scald|p1a: Iron Hands\n|-damage|p1a: Iron Hands|161/373\n|\n|upkeep\n|turn|10\n|\n|t:|1781458095\n|switch|p2a: Oranguru|Oranguru, L92, M|166/315\n|move|p1a: Iron Hands|Close Combat|p2a: Oranguru\n|-damage|p2a: Oranguru|13/315\n|-unboost|p1a: Iron Hands|def|1\n|-unboost|p1a: Iron Hands|spd|1\n|\n|-heal|p2a: Oranguru|32/315|[from] item: Leftovers\n|upkeep\n|turn|11\n|\n|t:|1781458102\n|-end|p1a: Iron Hands|Quark Drive|[silent]\n|switch|p1a: Pachirisu|Pachirisu, L96, M|271/271\n|move|p2a: Oranguru|Psyshock|p1a: Pachirisu\n|-damage|p1a: Pachirisu|163/271\n|\n|-heal|p2a: Oranguru|51/315|[from] item: Leftovers\n|upkeep\n|turn|12\n|\n|t:|1781458107\n|switch|p2a: Rhyperior|Rhyperior, L82, F|293/323\n|move|p1a: Pachirisu|U-turn|p2a: Rhyperior\n|-damage|p2a: Rhyperior|264/323\n|\n|t:|1781458120\n|switch|p1a: Tsareena|Tsareena, L87, F|179/267|[from] U-turn\n|-damage|p1a: Tsareena|146/267|[from] Stealth Rock\n|\n|upkeep\n|turn|13\n|\n|t:|1781458124\n|switch|p2a: Oranguru|Oranguru, L92, M|51/315\n|move|p1a: Tsareena|Power Whip|p2a: Oranguru\n|-damage|p2a: Oranguru|0 fnt\n|faint|p2a: Oranguru\n|\n|upkeep\n|\n|t:|1781458137\n|switch|p2a: Eiscue|Eiscue, L88, M|274/274\n|turn|14\n|\n|t:|1781458147\n|switch|p1a: Pachirisu|Pachirisu, L96, M|163/271\n|move|p2a: Eiscue|Ice Spinner|p1a: Pachirisu\n|-damage|p1a: Pachirisu|84/271\n|\n|upkeep\n|turn|15\n|\n|t:|1781458155\n|switch|p2a: Rhyperior|Rhyperior, L82, F|264/323\n|move|p1a: Pachirisu|U-turn|p2a: Rhyperior\n|-damage|p2a: Rhyperior|232/323\n|\n|t:|1781458171\n|switch|p1a: Sylveon|Sylveon, L85, M|300/300|[from] U-turn\n|-damage|p1a: Sylveon|263/300|[from] Stealth Rock\n|\n|-heal|p1a: Sylveon|281/300|[from] item: Leftovers\n|upkeep\n|turn|16\n|\n|t:|1781458181\n|switch|p2a: Suicune|Suicune, L82|298/298\n|-ability|p2a: Suicune|Pressure\n|move|p1a: Sylveon|Hyper Voice|p2a: Suicune\n|-damage|p2a: Suicune|187/298\n|\n|-heal|p2a: Suicune|205/298|[from] item: Leftovers\n|-heal|p1a: Sylveon|299/300|[from] item: Leftovers\n|upkeep\n|turn|17\n|\n|t:|1781458195\n|move|p2a: Suicune|Scald|p1a: Sylveon\n|-crit|p1a: Sylveon\n|-damage|p1a: Sylveon|218/300\n|move|p1a: Sylveon|Calm Mind|p1a: Sylveon\n|-boost|p1a: Sylveon|spa|1\n|-boost|p1a: Sylveon|spd|1\n|\n|-heal|p2a: Suicune|223/298|[from] item: Leftovers\n|-heal|p1a: Sylveon|236/300|[from] item: Leftovers\n|upkeep\n|turn|18\n|\n|t:|1781458199\n|move|p2a: Suicune|Calm Mind|p2a: Suicune\n|-boost|p2a: Suicune|spa|1\n|-boost|p2a: Suicune|spd|1\n|move|p1a: Sylveon|Hyper Voice|p2a: Suicune\n|-damage|p2a: Suicune|112/298\n|\n|-heal|p2a: Suicune|130/298|[from] item: Leftovers\n|-heal|p1a: Sylveon|254/300|[from] item: Leftovers\n|upkeep\n|turn|19\n|\n|t:|1781458207\n|move|p2a: Suicune|Calm Mind|p2a: Suicune\n|-boost|p2a: Suicune|spa|1\n|-boost|p2a: Suicune|spd|1\n|move|p1a: Sylveon|Hyper Voice|p2a: Suicune\n|-damage|p2a: Suicune|51/298\n|\n|-heal|p2a: Suicune|69/298|[from] item: Leftovers\n|-heal|p1a: Sylveon|272/300|[from] item: Leftovers\n|upkeep\n|turn|20\n|\n|t:|1781458213\n|move|p2a: Suicune|Rest|p2a: Suicune\n|-status|p2a: Suicune|slp|[from] move: Rest\n|-heal|p2a: Suicune|298/298 slp|[silent]\n|move|p1a: Sylveon|Hyper Voice|p2a: Suicune\n|-damage|p2a: Suicune|216/298 slp\n|\n|-heal|p2a: Suicune|234/298 slp|[from] item: Leftovers\n|-heal|p1a: Sylveon|290/300|[from] item: Leftovers\n|upkeep\n|turn|21\n|\n|t:|1781458216\n|cant|p2a: Suicune|slp\n|move|p2a: Suicune|Sleep Talk|p2a: Suicune\n|move|p2a: Suicune|Scald|p1a: Sylveon|[from] move: Sleep Talk\n|-damage|p1a: Sylveon|212/300\n|-status|p1a: Sylveon|brn\n|move|p1a: Sylveon|Calm Mind|p1a: Sylveon\n|-boost|p1a: Sylveon|spa|1\n|-boost|p1a: Sylveon|spd|1\n|\n|-heal|p2a: Suicune|252/298 slp|[from] item: Leftovers\n|-heal|p1a: Sylveon|230/300 brn|[from] item: Leftovers\n|-damage|p1a: Sylveon|212/300 brn|[from] brn\n|upkeep\n|turn|22\n|\n|t:|1781458222\n|cant|p2a: Suicune|slp\n|move|p2a: Suicune|Sleep Talk|p2a: Suicune\n|move|p2a: Suicune|Scald|p1a: Sylveon|[from] move: Sleep Talk\n|-damage|p1a: Sylveon|155/300 brn\n|move|p1a: Sylveon|Calm Mind|p1a: Sylveon\n|-boost|p1a: Sylveon|spa|1\n|-boost|p1a: Sylveon|spd|1\n|\n|-heal|p2a: Suicune|270/298 slp|[from] item: Leftovers\n|-heal|p1a: Sylveon|173/300 brn|[from] item: Leftovers\n|-damage|p1a: Sylveon|155/300 brn|[from] brn\n|upkeep\n|turn|23\n|\n|t:|1781458227\n|-curestatus|p2a: Suicune|slp|[msg]\n|move|p2a: Suicune|Calm Mind|p2a: Suicune\n|-boost|p2a: Suicune|spa|1\n|-boost|p2a: Suicune|spd|1\n|move|p1a: Sylveon|Wish|p1a: Sylveon\n|\n|-heal|p2a: Suicune|288/298|[from] item: Leftovers\n|-heal|p1a: Sylveon|173/300 brn|[from] item: Leftovers\n|-damage|p1a: Sylveon|155/300 brn|[from] brn\n|upkeep\n|turn|24\n|\n|t:|1781458231\n|move|p2a: Suicune|Calm Mind|p2a: Suicune\n|-boost|p2a: Suicune|spa|1\n|-boost|p2a: Suicune|spd|1\n|move|p1a: Sylveon|Calm Mind|p1a: Sylveon\n|-boost|p1a: Sylveon|spa|1\n|-boost|p1a: Sylveon|spd|1\n|\n|-heal|p1a: Sylveon|300/300 brn|[from] move: Wish|[wisher] Sylveon\n|-heal|p2a: Suicune|298/298|[from] item: Leftovers\n|-damage|p1a: Sylveon|282/300 brn|[from] brn\n|upkeep\n|turn|25\n|\n|t:|1781458233\n|move|p2a: Suicune|Calm Mind|p2a: Suicune\n|-boost|p2a: Suicune|spa|1\n|-boost|p2a: Suicune|spd|1\n|move|p1a: Sylveon|Calm Mind|p1a: Sylveon\n|-boost|p1a: Sylveon|spa|1\n|-boost|p1a: Sylveon|spd|1\n|\n|-heal|p1a: Sylveon|300/300 brn|[from] item: Leftovers\n|-damage|p1a: Sylveon|282/300 brn|[from] brn\n|upkeep\n|turn|26\n|\n|t:|1781458235\n|move|p2a: Suicune|Calm Mind|p2a: Suicune\n|-boost|p2a: Suicune|spa|1\n|-boost|p2a: Suicune|spd|1\n|move|p1a: Sylveon|Calm Mind|p1a: Sylveon\n|-boost|p1a: Sylveon|spa|1\n|-boost|p1a: Sylveon|spd|1\n|\n|-heal|p1a: Sylveon|300/300 brn|[from] item: Leftovers\n|-damage|p1a: Sylveon|282/300 brn|[from] brn\n|upkeep\n|turn|27\n|\n|t:|1781458238\n|move|p2a: Suicune|Scald|p1a: Sylveon\n|-damage|p1a: Sylveon|227/300 brn\n|move|p1a: Sylveon|Wish|p1a: Sylveon\n|\n|-heal|p1a: Sylveon|245/300 brn|[from] item: Leftovers\n|-damage|p1a: Sylveon|227/300 brn|[from] brn\n|upkeep\n|turn|28\n|\n|t:|1781458245\n|move|p2a: Suicune|Calm Mind|p2a: Suicune\n|-boost|p2a: Suicune|spa|0\n|-boost|p2a: Suicune|spd|0\n|move|p1a: Sylveon|Hyper Voice|p2a: Suicune\n|-damage|p2a: Suicune|189/298\n|\n|-heal|p1a: Sylveon|300/300 brn|[from] move: Wish|[wisher] Sylveon\n|-heal|p2a: Suicune|207/298|[from] item: Leftovers\n|-damage|p1a: Sylveon|282/300 brn|[from] brn\n|upkeep\n|turn|29\n|\n|t:|1781458255\n|move|p2a: Suicune|Scald|p1a: Sylveon\n|-damage|p1a: Sylveon|230/300 brn\n|move|p1a: Sylveon|Wish|p1a: Sylveon\n|\n|-heal|p2a: Suicune|225/298|[from] item: Leftovers\n|-heal|p1a: Sylveon|248/300 brn|[from] item: Leftovers\n|-damage|p1a: Sylveon|230/300 brn|[from] brn\n|upkeep\n|turn|30\n|\n|t:|1781458262\n|move|p2a: Suicune|Scald|p1a: Sylveon\n|-damage|p1a: Sylveon|176/300 brn\n|move|p1a: Sylveon|Calm Mind|p1a: Sylveon\n|-boost|p1a: Sylveon|spa|0\n|-boost|p1a: Sylveon|spd|0\n|\n|-heal|p1a: Sylveon|300/300 brn|[from] move: Wish|[wisher] Sylveon\n|-heal|p2a: Suicune|243/298|[from] item: Leftovers\n|-damage|p1a: Sylveon|282/300 brn|[from] brn\n|upkeep\n|turn|31\n|\n|t:|1781458269\n|move|p2a: Suicune|Scald|p1a: Sylveon\n|-damage|p1a: Sylveon|228/300 brn\n|move|p1a: Sylveon|Wish|p1a: Sylveon\n|\n|-heal|p2a: Suicune|261/298|[from] item: Leftovers\n|-heal|p1a: Sylveon|246/300 brn|[from] item: Leftovers\n|-damage|p1a: Sylveon|228/300 brn|[from] brn\n|upkeep\n|turn|32\n|\n|t:|1781458280\n|move|p2a: Suicune|Calm Mind|p2a: Suicune\n|-boost|p2a: Suicune|spa|0\n|-boost|p2a: Suicune|spd|0\n|move|p1a: Sylveon|Hyper Voice|p2a: Suicune\n|-damage|p2a: Suicune|147/298\n|\n|-heal|p1a: Sylveon|300/300 brn|[from] move: Wish|[wisher] Sylveon\n|-heal|p2a: Suicune|165/298|[from] item: Leftovers\n|-damage|p1a: Sylveon|282/300 brn|[from] brn\n|upkeep\n|turn|33\n|\n|t:|1781458290\n|move|p2a: Suicune|Scald|p1a: Sylveon\n|-crit|p1a: Sylveon\n|-damage|p1a: Sylveon|0 fnt\n|faint|p1a: Sylveon\n|\n|-heal|p2a: Suicune|183/298|[from] item: Leftovers\n|upkeep\n|-message|CATFANONE forfeited.\n|\n|win|Soul Gem\n|raw|CATFANONE's rating: 1948 &rarr; <strong>1930</strong><br />(-18 for losing)\n|raw|Soul Gem's rating: 1987 &rarr; <strong>2005</strong><br />(+18 for winning)\n|l|\u2606CATFANONE\n|player|p1|\n", "uploadtime": 1781457903, "views": 6, "formatid": "gen9randombattle", "rating": 1930, "private": 0, "password": null}