{"id": "gen9randombattle-2631772407", "format": "[Gen 9] Random Battle", "players": ["UTJUTJ", "regu2"], "log": "|j|\u2606UTJUTJ\n|j|\u2606regu2\n|t:|1781437287\n|gametype|singles\n|player|p1|UTJUTJ|101|1979\n|player|p2|regu2|2|1956\n|gen|9\n|tier|[Gen 9] Random Battle\n|rated|\n|rule|Species Clause: Limit one of each Pok\u00e9mon\n|rule|HP Percentage Mod: HP is shown in percentages\n|rule|Sleep Clause Mod: Limit one foe put to sleep\n|rule|Illusion Level Mod: Illusion disguises the Pok\u00e9mon's true level\n|\n|t:|1781437287\n|teamsize|p1|6\n|teamsize|p2|6\n|start\n|switch|p1a: Munkidori|Munkidori, L79, M|269/269\n|switch|p2a: Lilligant|Lilligant-Hisui, L79, F|240/240\n|turn|1\n|inactive|Battle timer is ON: inactive players will automatically lose when time's up. (requested by regu2)\n|\n|t:|1781437295\n|switch|p2a: Skuntank|Skuntank, L84, M|310/310\n|move|p1a: Munkidori|Sludge Wave|p2a: Skuntank\n|-resisted|p2a: Skuntank\n|-damage|p2a: Skuntank|233/310\n|\n|upkeep\n|turn|2\n|\n|t:|1781437310\n|switch|p1a: Golem|Golem-Alola, L93, M|300/300\n|move|p2a: Skuntank|Knock Off|p1a: Golem\n|-damage|p1a: Golem|231/300\n|-enditem|p1a: Golem|Life Orb|[from] move: Knock Off|[of] p2a: Skuntank\n|\n|upkeep\n|turn|3\n|\n|t:|1781437325\n|switch|p2a: Lilligant|Lilligant-Hisui, L79, F|240/240\n|move|p1a: Golem|Double-Edge|p2a: Lilligant\n|-resisted|p2a: Lilligant\n|-damage|p2a: Lilligant|112/240\n|-damage|p1a: Golem|189/300|[from] Recoil\n|\n|upkeep\n|turn|4\n|\n|t:|1781437334\n|switch|p1a: Gengar|Gengar, L81, M|230/230\n|move|p2a: Lilligant|Victory Dance|p2a: Lilligant\n|-boost|p2a: Lilligant|atk|1\n|-boost|p2a: Lilligant|def|1\n|-boost|p2a: Lilligant|spe|1\n|\n|upkeep\n|turn|5\n|\n|t:|1781437343\n|move|p2a: Lilligant|Sleep Powder|p1a: Gengar\n|-status|p1a: Gengar|slp|[from] move: Sleep Powder\n|cant|p1a: Gengar|slp\n|\n|upkeep\n|turn|6\n|\n|t:|1781437348\n|move|p2a: Lilligant|Leaf Blade|p1a: Gengar\n|-resisted|p1a: Gengar\n|-damage|p1a: Gengar|105/230 slp\n|-start|p2a: Lilligant|Disable|Leaf Blade|[from] ability: Cursed Body|[of] p1a: Gengar\n|cant|p1a: Gengar|slp\n|\n|upkeep\n|turn|7\n|\n|t:|1781437355\n|switch|p2a: Skuntank|Skuntank, L84, M|233/310\n|cant|p1a: Gengar|slp\n|\n|upkeep\n|turn|8\n|\n|t:|1781437361\n|switch|p1a: Golem|Golem-Alola, L93, M|189/300\n|switch|p2a: Lilligant|Lilligant-Hisui, L79, F|112/240\n|\n|upkeep\n|turn|9\n|\n|t:|1781437369\n|move|p2a: Lilligant|Victory Dance|p2a: Lilligant\n|-boost|p2a: Lilligant|atk|1\n|-boost|p2a: Lilligant|def|1\n|-boost|p2a: Lilligant|spe|1\n|move|p1a: Golem|Double-Edge|p2a: Lilligant\n|-resisted|p2a: Lilligant\n|-damage|p2a: Lilligant|16/240\n|-damage|p1a: Golem|157/300|[from] Recoil\n|\n|upkeep\n|turn|10\n|\n|t:|1781437390\n|switch|p1a: Tropius|Tropius, L91, M|328/328\n|move|p2a: Lilligant|Leaf Blade|p1a: Tropius\n|-resisted|p1a: Tropius\n|-damage|p1a: Tropius|279/328\n|\n|upkeep\n|turn|11\n|\n|t:|1781437402\n|switch|p1a: Chimecho|Chimecho, L93, F|290/290\n|move|p2a: Lilligant|Close Combat|p1a: Chimecho\n|-resisted|p1a: Chimecho\n|-damage|p1a: Chimecho|153/290\n|-unboost|p2a: Lilligant|def|1\n|-unboost|p2a: Lilligant|spd|1\n|\n|-heal|p1a: Chimecho|171/290|[from] item: Leftovers\n|upkeep\n|turn|12\n|\n|t:|1781437413\n|switch|p1a: Tropius|Tropius, L91, M|279/328\n|move|p2a: Lilligant|Victory Dance|p2a: Lilligant\n|-boost|p2a: Lilligant|atk|1\n|-boost|p2a: Lilligant|def|1\n|-boost|p2a: Lilligant|spe|1\n|\n|upkeep\n|turn|13\n|\n|t:|1781437422\n|move|p2a: Lilligant|Close Combat|p1a: Tropius\n|-resisted|p1a: Tropius\n|-damage|p1a: Tropius|116/328\n|-unboost|p2a: Lilligant|def|1\n|-unboost|p2a: Lilligant|spd|1\n|-enditem|p1a: Tropius|Sitrus Berry|[eat]\n|-heal|p1a: Tropius|198/328|[from] item: Sitrus Berry\n|move|p1a: Tropius|Dual Wingbeat|p2a: Lilligant\n|-supereffective|p2a: Lilligant\n|-damage|p2a: Lilligant|0 fnt\n|faint|p2a: Lilligant\n|-hitcount|p2: Lilligant|1\n|\n|upkeep\n|\n|t:|1781437434\n|switch|p2a: Yanmega|Yanmega, L82, F|275/275\n|turn|14\n|\n|t:|1781437443\n|switch|p1a: Golem|Golem-Alola, L93, M|157/300\n|move|p2a: Yanmega|Air Slash|p1a: Golem\n|-resisted|p1a: Golem\n|-crit|p1a: Golem\n|-damage|p1a: Golem|53/300\n|\n|upkeep\n|turn|15\n|\n|t:|1781437452\n|move|p2a: Yanmega|Air Slash|p1a: Golem\n|-resisted|p1a: Golem\n|-damage|p1a: Golem|0 fnt\n|faint|p1a: Golem\n|\n|upkeep\n|\n|t:|1781437463\n|switch|p1a: Inteleon|Inteleon, L81, F|246/246\n|turn|16\n|\n|t:|1781437468\n|switch|p2a: Golduck|Golduck, L90, M|290/290\n|-ability|p2a: Golduck|Cloud Nine\n|move|p1a: Inteleon|Ice Beam|p2a: Golduck\n|-resisted|p2a: Golduck\n|-damage|p2a: Golduck|238/290\n|\n|upkeep\n|turn|17\n|\n|t:|1781437475\n|switch|p1a: Chimecho|Chimecho, L93, F|171/290\n|move|p2a: Golduck|Nasty Plot|p2a: Golduck\n|-boost|p2a: Golduck|spa|2\n|\n|-heal|p1a: Chimecho|189/290|[from] item: Leftovers\n|upkeep\n|turn|18\n|\n|t:|1781437485\n|move|p2a: Golduck|Hydro Pump|p1a: Chimecho\n|-damage|p1a: Chimecho|0 fnt\n|faint|p1a: Chimecho\n|-damage|p2a: Golduck|209/290|[from] item: Life Orb\n|\n|upkeep\n|\n|t:|1781437492\n|switch|p1a: Munkidori|Munkidori, L79, M|269/269\n|turn|19\n|\n|t:|1781437498\n|switch|p2a: Skuntank|Skuntank, L84, M|233/310\n|move|p1a: Munkidori|Sludge Wave|p2a: Skuntank\n|-resisted|p2a: Skuntank\n|-damage|p2a: Skuntank|157/310\n|\n|upkeep\n|turn|20\n|inactive|UTJUTJ has 120 seconds left.\n|\n|t:|1781437529\n|-terastallize|p1a: Munkidori|Fighting\n|move|p1a: Munkidori|Sludge Wave|p2a: Skuntank\n|-resisted|p2a: Skuntank\n|-damage|p2a: Skuntank|88/310\n|move|p2a: Skuntank|Gunk Shot|p1a: Munkidori|[miss]\n|-miss|p2a: Skuntank|p1a: Munkidori\n|\n|upkeep\n|turn|21\n|inactive|UTJUTJ has 120 seconds left.\n|\n|t:|1781437540\n|switch|p1a: Gengar|Gengar, L81, M|105/230 slp\n|move|p2a: Skuntank|Gunk Shot|p1a: Gengar|[miss]\n|-miss|p2a: Skuntank|p1a: Gengar\n|\n|upkeep\n|turn|22\n|\n|t:|1781437547\n|move|p2a: Skuntank|Sucker Punch|p1a: Gengar\n|-supereffective|p1a: Gengar\n|-damage|p1a: Gengar|0 fnt\n|faint|p1a: Gengar\n|\n|upkeep\n|inactive|UTJUTJ has 120 seconds left.\n|\n|t:|1781437562\n|switch|p1a: Inteleon|Inteleon, L81, F|246/246\n|turn|23\n|\n|t:|1781437569\n|move|p2a: Skuntank|Sucker Punch|p1a: Inteleon\n|-damage|p1a: Inteleon|153/246\n|move|p1a: Inteleon|Scald|p2a: Skuntank\n|-damage|p2a: Skuntank|0 fnt\n|faint|p2a: Skuntank\n|\n|upkeep\n|\n|t:|1781437580\n|switch|p2a: Yanmega|Yanmega, L82, F|275/275\n|turn|24\n|\n|t:|1781437584\n|switch|p1a: Munkidori|Munkidori, L79, M, tera:Fighting|269/269\n|move|p2a: Yanmega|Bug Buzz|p1a: Munkidori\n|-resisted|p1a: Munkidori\n|-damage|p1a: Munkidori|101/269\n|\n|upkeep\n|turn|25\n|\n|t:|1781437595\n|move|p1a: Munkidori|Sludge Wave|p2a: Yanmega\n|-damage|p2a: Yanmega|35/275\n|move|p2a: Yanmega|Bug Buzz|p1a: Munkidori\n|-resisted|p1a: Munkidori\n|-damage|p1a: Munkidori|0 fnt\n|faint|p1a: Munkidori\n|\n|upkeep\n|\n|t:|1781437608\n|switch|p1a: Tropius|Tropius, L91, M|198/328\n|turn|26\n|\n|t:|1781437614\n|move|p2a: Yanmega|Bug Buzz|p1a: Tropius\n|-damage|p1a: Tropius|57/328\n|move|p1a: Tropius|Dragon Dance|p1a: Tropius\n|-boost|p1a: Tropius|atk|1\n|-boost|p1a: Tropius|spe|1\n|\n|upkeep\n|turn|27\n|\n|t:|1781437619\n|move|p1a: Tropius|Synthesis|p1a: Tropius\n|-heal|p1a: Tropius|221/328\n|move|p2a: Yanmega|Bug Buzz|p1a: Tropius\n|-damage|p1a: Tropius|86/328\n|\n|upkeep\n|turn|28\n|\n|t:|1781437629\n|switch|p2a: Lugia|Lugia, L73|275/275\n|move|p1a: Tropius|Synthesis|p1a: Tropius\n|-heal|p1a: Tropius|250/328\n|\n|upkeep\n|turn|29\n|\n|t:|1781437635\n|move|p1a: Tropius|Dual Wingbeat|p2a: Lugia\n|-damage|p2a: Lugia|251/275\n|-damage|p2a: Lugia|199/275\n|-hitcount|p2a: Lugia|2\n|move|p2a: Lugia|Aeroblast|p1a: Tropius\n|-supereffective|p1a: Tropius\n|-damage|p1a: Tropius|110/328\n|\n|upkeep\n|turn|30\n|\n|t:|1781437644\n|move|p1a: Tropius|Synthesis|p1a: Tropius\n|-heal|p1a: Tropius|274/328\n|move|p2a: Lugia|Calm Mind|p2a: Lugia\n|-boost|p2a: Lugia|spa|1\n|-boost|p2a: Lugia|spd|1\n|\n|-item|p1a: Tropius|Sitrus Berry|[from] ability: Harvest\n|upkeep\n|turn|31\n|\n|t:|1781437659\n|move|p1a: Tropius|Dragon Dance|p1a: Tropius\n|-boost|p1a: Tropius|atk|1\n|-boost|p1a: Tropius|spe|1\n|move|p2a: Lugia|Recover|p2a: Lugia\n|-heal|p2a: Lugia|275/275\n|\n|upkeep\n|turn|32\n|\n|t:|1781437674\n|move|p1a: Tropius|Dual Wingbeat|p2a: Lugia\n|-damage|p2a: Lugia|243/275\n|-damage|p2a: Lugia|176/275\n|-hitcount|p2a: Lugia|2\n|move|p2a: Lugia|Calm Mind|p2a: Lugia\n|-boost|p2a: Lugia|spa|1\n|-boost|p2a: Lugia|spd|1\n|\n|upkeep\n|turn|33\n|\n|t:|1781437680\n|move|p1a: Tropius|Dual Wingbeat|p2a: Lugia\n|-damage|p2a: Lugia|106/275\n|-damage|p2a: Lugia|45/275\n|-hitcount|p2a: Lugia|2\n|move|p2a: Lugia|Aeroblast|p1a: Tropius\n|-supereffective|p1a: Tropius\n|-crit|p1a: Tropius\n|-damage|p1a: Tropius|0 fnt\n|faint|p1a: Tropius\n|\n|upkeep\n|\n|t:|1781437685\n|switch|p1a: Inteleon|Inteleon, L81, F|153/246\n|turn|34\n|\n|t:|1781437695\n|move|p1a: Inteleon|Scald|p2a: Lugia\n|-damage|p2a: Lugia|0 fnt\n|faint|p2a: Lugia\n|\n|upkeep\n|\n|t:|1781437699\n|switch|p2a: Florges|Florges-Orange, L85, F|271/271\n|turn|35\n|\n|t:|1781437702\n|move|p1a: Inteleon|Scald|p2a: Florges\n|-damage|p2a: Florges|181/271\n|move|p2a: Florges|Calm Mind|p2a: Florges\n|-boost|p2a: Florges|spa|1\n|-boost|p2a: Florges|spd|1\n|\n|-heal|p2a: Florges|197/271|[from] item: Leftovers\n|upkeep\n|turn|36\n|\n|t:|1781437707\n|move|p1a: Inteleon|Scald|p2a: Florges\n|-damage|p2a: Florges|131/271\n|-status|p2a: Florges|brn\n|move|p2a: Florges|Calm Mind|p2a: Florges\n|-boost|p2a: Florges|spa|1\n|-boost|p2a: Florges|spd|1\n|\n|-heal|p2a: Florges|147/271 brn|[from] item: Leftovers\n|-damage|p2a: Florges|131/271 brn|[from] brn\n|upkeep\n|turn|37\n|\n|t:|1781437713\n|move|p1a: Inteleon|Scald|p2a: Florges\n|-damage|p2a: Florges|85/271 brn\n|move|p2a: Florges|Synthesis|p2a: Florges\n|-heal|p2a: Florges|220/271 brn\n|\n|-heal|p2a: Florges|236/271 brn|[from] item: Leftovers\n|-damage|p2a: Florges|220/271 brn|[from] brn\n|upkeep\n|turn|38\n|\n|t:|1781437719\n|move|p1a: Inteleon|Scald|p2a: Florges\n|-damage|p2a: Florges|172/271 brn\n|move|p2a: Florges|Moonblast|p1a: Inteleon\n|-damage|p1a: Inteleon|0 fnt\n|faint|p1a: Inteleon\n|\n|win|regu2\n", "uploadtime": 1781437289, "views": 6, "formatid": "gen9randombattle", "rating": null, "private": 0, "password": null}