{"id": "gen9randombattle-2631936338", "format": "[Gen 9] Random Battle", "players": ["resku", "Crocodoro"], "log": "|j|\u2606resku\n|j|\u2606Crocodoro\n|t:|1781457510\n|gametype|singles\n|player|p1|resku|1|\n|player|p2|Crocodoro|steven|\n|gen|9\n|tier|[Gen 9] Random Battle\n|rule|Species Clause: Limit one of each Pok\u00e9mon\n|rule|HP Percentage Mod: HP is shown in percentages\n|rule|Sleep Clause Mod: Limit one foe put to sleep\n|rule|Illusion Level Mod: Illusion disguises the Pok\u00e9mon's true level\n|\n|t:|1781457510\n|teamsize|p1|6\n|teamsize|p2|6\n|start\n|switch|p1a: Mismagius|Mismagius, L86, F|243/243\n|switch|p2a: Empoleon|Empoleon, L84, M|278/278\n|turn|1\n|\n|t:|1781457534\n|move|p1a: Mismagius|Shadow Ball|p2a: Empoleon\n|-damage|p2a: Empoleon|151/278\n|move|p2a: Empoleon|Surf|p1a: Mismagius\n|-damage|p1a: Mismagius|156/243\n|\n|-heal|p2a: Empoleon|168/278|[from] item: Leftovers\n|upkeep\n|turn|2\n|\n|t:|1781457545\n|move|p1a: Mismagius|Shadow Ball|p2a: Empoleon\n|-damage|p2a: Empoleon|30/278\n|move|p2a: Empoleon|Ice Beam|p1a: Mismagius\n|-damage|p1a: Mismagius|95/243\n|\n|-heal|p2a: Empoleon|47/278|[from] item: Leftovers\n|upkeep\n|turn|3\n|\n|t:|1781457555\n|move|p1a: Mismagius|Shadow Ball|p2a: Empoleon\n|-damage|p2a: Empoleon|0 fnt\n|faint|p2a: Empoleon\n|\n|upkeep\n|\n|t:|1781457561\n|switch|p2a: Zangoose|Zangoose, L85, F|263/263\n|turn|4\n|\n|t:|1781457569\n|switch|p1a: Oricorio|Oricorio-Sensu, L85, M|266/266\n|move|p2a: Zangoose|Knock Off|p1a: Oricorio\n|-supereffective|p1a: Oricorio\n|-damage|p1a: Oricorio|60/266\n|-enditem|p1a: Oricorio|Heavy-Duty Boots|[from] move: Knock Off|[of] p2a: Zangoose\n|\n|-status|p2a: Zangoose|tox|[from] item: Toxic Orb\n|upkeep\n|turn|5\n|\n|t:|1781457579\n|move|p1a: Oricorio|Roost|p1a: Oricorio\n|-heal|p1a: Oricorio|193/266\n|-singleturn|p1a: Oricorio|move: Roost\n|move|p2a: Zangoose|Knock Off|p1a: Oricorio\n|-supereffective|p1a: Oricorio\n|-damage|p1a: Oricorio|0 fnt\n|faint|p1a: Oricorio\n|\n|-damage|p2a: Zangoose|247/263 tox|[from] psn\n|upkeep\n|\n|t:|1781457599\n|switch|p1a: Iron Bundle|Iron Bundle, L78|215/215\n|turn|6\n|\n|t:|1781457610\n|move|p1a: Iron Bundle|Freeze-Dry|p2a: Zangoose\n|-damage|p2a: Zangoose|148/263 tox\n|move|p2a: Zangoose|Facade|p1a: Iron Bundle\n|-damage|p1a: Iron Bundle|0 fnt\n|faint|p1a: Iron Bundle\n|-end|p1a: Iron Bundle|Quark Drive|[silent]\n|\n|-damage|p2a: Zangoose|116/263 tox|[from] psn\n|upkeep\n|\n|t:|1781457614\n|switch|p1a: Stonjourner|Stonjourner, L91, F|330/330\n|turn|7\n|\n|t:|1781457623\n|move|p2a: Zangoose|Facade|p1a: Stonjourner\n|-resisted|p1a: Stonjourner\n|-damage|p1a: Stonjourner|240/330\n|move|p1a: Stonjourner|Stone Edge|p2a: Zangoose\n|-damage|p2a: Zangoose|0 fnt\n|faint|p2a: Zangoose\n|-damage|p1a: Stonjourner|207/330|[from] item: Life Orb\n|\n|upkeep\n|\n|t:|1781457644\n|switch|p2a: Grumpig|Grumpig, L92, M|297/297\n|turn|8\n|\n|t:|1781457658\n|-terastallize|p1a: Stonjourner|Ground\n|move|p2a: Grumpig|Focus Blast|p1a: Stonjourner\n|-damage|p1a: Stonjourner|10/330\n|move|p1a: Stonjourner|Stone Edge|p2a: Grumpig\n|-damage|p2a: Grumpig|83/297\n|-damage|p1a: Stonjourner|0 fnt|[from] item: Life Orb\n|faint|p1a: Stonjourner\n|\n|upkeep\n|\n|t:|1781457668\n|switch|p1a: Krookodile|Krookodile, L79, M|280/280\n|-ability|p1a: Krookodile|Intimidate|boost\n|-unboost|p2a: Grumpig|atk|1\n|turn|9\n|\n|t:|1781457676\n|move|p2a: Grumpig|Focus Blast|p1a: Krookodile|[miss]\n|-miss|p2a: Grumpig|p1a: Krookodile\n|move|p1a: Krookodile|Knock Off|p2a: Grumpig\n|-supereffective|p2a: Grumpig\n|-damage|p2a: Grumpig|0 fnt\n|-enditem|p2a: Grumpig|Choice Scarf|[from] move: Knock Off|[of] p1a: Krookodile\n|faint|p2a: Grumpig\n|\n|upkeep\n|\n|t:|1781457690\n|switch|p2a: Coalossal|Coalossal, L89, M|341/341\n|turn|10\n|\n|t:|1781457698\n|move|p1a: Krookodile|Earthquake|p2a: Coalossal\n|-supereffective|p2a: Coalossal\n|-damage|p2a: Coalossal|41/341\n|move|p2a: Coalossal|Overheat|p1a: Krookodile\n|-damage|p1a: Krookodile|118/280\n|-unboost|p2a: Coalossal|spa|2\n|\n|-heal|p1a: Krookodile|135/280|[from] item: Leftovers\n|upkeep\n|turn|11\n|\n|t:|1781457709\n|switch|p2a: Oricorio|Oricorio-Pa'u, L87, M|272/272\n|move|p1a: Krookodile|Earthquake|p2a: Oricorio\n|-immune|p2a: Oricorio\n|\n|-heal|p1a: Krookodile|152/280|[from] item: Leftovers\n|upkeep\n|turn|12\n|\n|t:|1781457718\n|move|p2a: Oricorio|Quiver Dance|p2a: Oricorio\n|-boost|p2a: Oricorio|spa|1\n|-boost|p2a: Oricorio|spd|1\n|-boost|p2a: Oricorio|spe|1\n|move|p1a: Krookodile|Knock Off|p2a: Oricorio\n|-supereffective|p2a: Oricorio\n|-damage|p2a: Oricorio|54/272\n|-enditem|p2a: Oricorio|Heavy-Duty Boots|[from] move: Knock Off|[of] p1a: Krookodile\n|\n|-heal|p1a: Krookodile|169/280|[from] item: Leftovers\n|upkeep\n|turn|13\n|\n|t:|1781457730\n|move|p2a: Oricorio|Hurricane|p1a: Krookodile\n|-damage|p1a: Krookodile|0 fnt\n|faint|p1a: Krookodile\n|\n|upkeep\n|\n|t:|1781457737\n|switch|p1a: Leafeon|Leafeon, L88, M|258/258\n|turn|14\n|\n|t:|1781457744\n|move|p2a: Oricorio|Hurricane|p1a: Leafeon\n|-supereffective|p1a: Leafeon\n|-damage|p1a: Leafeon|0 fnt\n|faint|p1a: Leafeon\n|\n|upkeep\n|\n|t:|1781457747\n|switch|p1a: Mismagius|Mismagius, L86, F|95/243\n|turn|15\n|\n|t:|1781457754\n|move|p2a: Oricorio|Revelation Dance|p1a: Mismagius\n|-damage|p1a: Mismagius|0 fnt\n|faint|p1a: Mismagius\n|\n|win|Crocodoro\n|l|\u2606Crocodoro\n|player|p2|\n", "uploadtime": 1781457762, "views": 2, "formatid": "gen9randombattle", "rating": null, "private": 0, "password": null}