{"id": "gen9randombattle-2631402541", "format": "[Gen 9] Random Battle", "players": ["magic1010505", "Teholb"], "log": "|j|\u2606magic1010505\n|j|\u2606Teholb\n|t:|1781380383\n|gametype|singles\n|player|p1|magic1010505|169|1694\n|player|p2|Teholb|bellelba|1664\n|gen|9\n|tier|[Gen 9] Random Battle\n|rated|\n|rule|Species Clause: Limit one of each Pok\u00e9mon\n|rule|HP Percentage Mod: HP is shown in percentages\n|rule|Sleep Clause Mod: Limit one foe put to sleep\n|rule|Illusion Level Mod: Illusion disguises the Pok\u00e9mon's true level\n|\n|t:|1781380383\n|teamsize|p1|6\n|teamsize|p2|6\n|start\n|switch|p1a: Yanmega|Yanmega, L82, F|275/275\n|switch|p2a: Latios|Latios, L78, M|253/253\n|turn|1\n|inactive|Battle timer is ON: inactive players will automatically lose when time's up. (requested by Teholb)\n|\n|t:|1781380390\n|move|p2a: Latios|Draco Meteor|p1a: Yanmega\n|-damage|p1a: Yanmega|1/275\n|-unboost|p2a: Latios|spa|2\n|move|p1a: Yanmega|Bug Buzz|p2a: Latios\n|-supereffective|p2a: Latios\n|-damage|p2a: Latios|73/253\n|\n|-ability|p1a: Yanmega|Speed Boost|boost\n|-boost|p1a: Yanmega|spe|1\n|upkeep\n|turn|2\n|\n|t:|1781380400\n|switch|p2a: Bisharp|Bisharp, L79, F|232/232\n|move|p1a: Yanmega|Bug Buzz|p2a: Bisharp\n|-damage|p2a: Bisharp|150/232\n|\n|-ability|p1a: Yanmega|Speed Boost|boost\n|-boost|p1a: Yanmega|spe|1\n|upkeep\n|turn|3\n|\n|t:|1781380421\n|move|p1a: Yanmega|Bug Buzz|p2a: Bisharp\n|-damage|p2a: Bisharp|65/232\n|move|p2a: Bisharp|Throat Chop|p1a: Yanmega\n|-damage|p1a: Yanmega|0 fnt\n|faint|p1a: Yanmega\n|\n|upkeep\n|inactive|magic1010505 has 120 seconds left.\n|\n|t:|1781380445\n|switch|p1a: Toxtricity|Toxtricity, L82, M|257/257\n|turn|4\n|inactive|magic1010505 has 120 seconds left.\n|\n|t:|1781380452\n|move|p2a: Bisharp|Sucker Punch|p1a: Toxtricity\n|-damage|p1a: Toxtricity|158/257\n|move|p1a: Toxtricity|Boomburst|p2a: Bisharp\n|-resisted|p2a: Bisharp\n|-damage|p2a: Bisharp|12/232\n|\n|upkeep\n|turn|5\n|\n|t:|1781380461\n|move|p1a: Toxtricity|Boomburst|p2a: Bisharp\n|-resisted|p2a: Bisharp\n|-damage|p2a: Bisharp|0 fnt\n|faint|p2a: Bisharp\n|\n|upkeep\n|\n|t:|1781380466\n|switch|p2a: Exeggutor|Exeggutor, L89, M|312/312\n|turn|6\n|\n|t:|1781380472\n|switch|p1a: Venomoth|Venomoth, L84, F|255/255\n|move|p2a: Exeggutor|Psychic Noise|p1a: Venomoth\n|-supereffective|p1a: Venomoth\n|-damage|p1a: Venomoth|15/255\n|-start|p1a: Venomoth|move: Heal Block\n|\n|upkeep\n|turn|7\n|\n|t:|1781380478\n|move|p1a: Venomoth|Sludge Wave|p2a: Exeggutor\n|-supereffective|p2a: Exeggutor\n|-damage|p2a: Exeggutor|100/312\n|-enditem|p2a: Exeggutor|Sitrus Berry|[eat]\n|-heal|p2a: Exeggutor|178/312|[from] item: Sitrus Berry\n|move|p2a: Exeggutor|Psychic Noise|p1a: Venomoth\n|-supereffective|p1a: Venomoth\n|-damage|p1a: Venomoth|0 fnt\n|faint|p1a: Venomoth\n|\n|upkeep\n|\n|t:|1781380484\n|switch|p1a: Toxtricity|Toxtricity, L82, M|158/257\n|turn|8\n|\n|t:|1781380488\n|move|p2a: Exeggutor|Protect|p2a: Exeggutor\n|-singleturn|p2a: Exeggutor|Protect\n|move|p1a: Toxtricity|Sludge Wave|p2a: Exeggutor\n|-activate|p2a: Exeggutor|move: Protect\n|\n|upkeep\n|turn|9\n|\n|t:|1781380492\n|-terastallize|p2a: Exeggutor|Steel\n|move|p1a: Toxtricity|Sludge Wave|p2a: Exeggutor\n|-immune|p2a: Exeggutor\n|move|p2a: Exeggutor|Psychic Noise|p1a: Toxtricity\n|-supereffective|p1a: Toxtricity\n|-damage|p1a: Toxtricity|23/257\n|-start|p1a: Toxtricity|move: Heal Block\n|\n|upkeep\n|turn|10\n|\n|t:|1781380500\n|switch|p1a: Abomasnow|Abomasnow, L84, M|287/287\n|-weather|Snowscape|[from] ability: Snow Warning|[of] p1a: Abomasnow\n|move|p2a: Exeggutor|Substitute|p2a: Exeggutor\n|-start|p2a: Exeggutor|Substitute\n|-damage|p2a: Exeggutor|100/312\n|\n|-weather|Snowscape|[upkeep]\n|-item|p2a: Exeggutor|Sitrus Berry|[from] ability: Harvest\n|upkeep\n|-enditem|p2a: Exeggutor|Sitrus Berry|[eat]\n|-heal|p2a: Exeggutor|178/312|[from] item: Sitrus Berry\n|turn|11\n|\n|t:|1781380503\n|move|p1a: Abomasnow|Aurora Veil|p1a: Abomasnow\n|-sidestart|p1: magic1010505|move: Aurora Veil\n|move|p2a: Exeggutor|Psychic Noise|p1a: Abomasnow\n|-damage|p1a: Abomasnow|230/287\n|-start|p1a: Abomasnow|move: Heal Block\n|\n|-weather|Snowscape|[upkeep]\n|upkeep\n|turn|12\n|\n|t:|1781380507\n|move|p2a: Exeggutor|Protect|p2a: Exeggutor\n|-singleturn|p2a: Exeggutor|Protect\n|move|p1a: Abomasnow|Earthquake|p2a: Exeggutor\n|-activate|p2a: Exeggutor|move: Protect\n|\n|-weather|Snowscape|[upkeep]\n|-end|p1a: Abomasnow|move: Heal Block\n|-item|p2a: Exeggutor|Sitrus Berry|[from] ability: Harvest\n|upkeep\n|turn|13\n|\n|t:|1781380512\n|move|p1a: Abomasnow|Earthquake|p2a: Exeggutor\n|-supereffective|p2a: Exeggutor\n|-end|p2a: Exeggutor|Substitute\n|move|p2a: Exeggutor|Substitute|p2a: Exeggutor\n|-start|p2a: Exeggutor|Substitute\n|-damage|p2a: Exeggutor|100/312\n|-enditem|p2a: Exeggutor|Sitrus Berry|[eat]\n|-heal|p2a: Exeggutor|178/312|[from] item: Sitrus Berry\n|\n|-weather|Snowscape|[upkeep]\n|-item|p2a: Exeggutor|Sitrus Berry|[from] ability: Harvest\n|upkeep\n|turn|14\n|\n|t:|1781380515\n|move|p1a: Abomasnow|Earthquake|p2a: Exeggutor\n|-supereffective|p2a: Exeggutor\n|-end|p2a: Exeggutor|Substitute\n|move|p2a: Exeggutor|Psychic Noise|p1a: Abomasnow\n|-damage|p1a: Abomasnow|174/287\n|-start|p1a: Abomasnow|move: Heal Block\n|\n|-weather|none\n|upkeep\n|turn|15\n|\n|t:|1781380518\n|move|p2a: Exeggutor|Protect|p2a: Exeggutor\n|-singleturn|p2a: Exeggutor|Protect\n|move|p1a: Abomasnow|Earthquake|p2a: Exeggutor\n|-activate|p2a: Exeggutor|move: Protect\n|\n|-end|p1a: Abomasnow|move: Heal Block\n|upkeep\n|turn|16\n|\n|t:|1781380521\n|switch|p2a: Latios|Latios, L78, M|73/253\n|move|p1a: Abomasnow|Earthquake|p2a: Latios\n|-immune|p2a: Latios|[from] ability: Levitate\n|\n|upkeep\n|turn|17\n|\n|t:|1781380525\n|switch|p2a: Exeggutor|Exeggutor, L89, M, tera:Steel|178/312\n|move|p1a: Abomasnow|Blizzard|p2a: Exeggutor\n|-resisted|p2a: Exeggutor\n|-damage|p2a: Exeggutor|121/312\n|-enditem|p2a: Exeggutor|Sitrus Berry|[eat]\n|-heal|p2a: Exeggutor|199/312|[from] item: Sitrus Berry\n|\n|upkeep\n|turn|18\n|\n|t:|1781380528\n|move|p1a: Abomasnow|Earthquake|p2a: Exeggutor\n|-supereffective|p2a: Exeggutor\n|-damage|p2a: Exeggutor|61/312\n|move|p2a: Exeggutor|Psychic Noise|p1a: Abomasnow\n|-damage|p1a: Abomasnow|120/287\n|-start|p1a: Abomasnow|move: Heal Block\n|\n|-sideend|p1: magic1010505|move: Aurora Veil\n|upkeep\n|turn|19\n|\n|t:|1781380533\n|switch|p1a: Toxtricity|Toxtricity, L82, M|23/257\n|move|p2a: Exeggutor|Protect||[still]\n|-fail|p2a: Exeggutor\n|\n|-item|p2a: Exeggutor|Sitrus Berry|[from] ability: Harvest\n|upkeep\n|-enditem|p2a: Exeggutor|Sitrus Berry|[eat]\n|-heal|p2a: Exeggutor|139/312|[from] item: Sitrus Berry\n|turn|20\n|\n|t:|1781380537\n|move|p1a: Toxtricity|Overdrive|p2a: Exeggutor\n|-damage|p2a: Exeggutor|12/312\n|move|p2a: Exeggutor|Psychic Noise|p1a: Toxtricity\n|-supereffective|p1a: Toxtricity\n|-damage|p1a: Toxtricity|0 fnt\n|faint|p1a: Toxtricity\n|\n|upkeep\n|\n|t:|1781380545\n|switch|p1a: Lycanroc|Lycanroc, L86, M|269/269\n|turn|21\n|\n|t:|1781380548\n|move|p1a: Lycanroc|Crunch|p2a: Exeggutor\n|-damage|p2a: Exeggutor|0 fnt\n|faint|p2a: Exeggutor\n|\n|upkeep\n|\n|t:|1781380550\n|switch|p2a: Zamazenta|Zamazenta, L71|248/248\n|-ability|p2a: Zamazenta|Dauntless Shield|boost\n|-boost|p2a: Zamazenta|def|1\n|turn|22\n|\n|t:|1781380557\n|switch|p1a: Primarina|Primarina, L83, M|268/268\n|move|p2a: Zamazenta|Close Combat|p1a: Primarina\n|-resisted|p1a: Primarina\n|-damage|p1a: Primarina|172/268\n|-unboost|p2a: Zamazenta|def|1\n|-unboost|p2a: Zamazenta|spd|1\n|\n|upkeep\n|turn|23\n|\n|t:|1781380564\n|switch|p2a: Latios|Latios, L78, M|73/253\n|move|p1a: Primarina|Moonblast|p2a: Latios\n|-supereffective|p2a: Latios\n|-damage|p2a: Latios|0 fnt\n|faint|p2a: Latios\n|\n|upkeep\n|\n|t:|1781380569\n|switch|p2a: Arceus|Arceus-Electric, L70|284/284\n|turn|24\n|\n|t:|1781380575\n|switch|p1a: Abomasnow|Abomasnow, L84, M|120/287\n|-weather|Snowscape|[from] ability: Snow Warning|[of] p1a: Abomasnow\n|move|p2a: Arceus|Calm Mind|p2a: Arceus\n|-boost|p2a: Arceus|spa|1\n|-boost|p2a: Arceus|spd|1\n|\n|-weather|Snowscape|[upkeep]\n|upkeep\n|turn|25\n|\n|t:|1781380578\n|move|p2a: Arceus|Ice Beam|p1a: Abomasnow\n|-damage|p1a: Abomasnow|32/287\n|move|p1a: Abomasnow|Aurora Veil|p1a: Abomasnow\n|-sidestart|p1: magic1010505|move: Aurora Veil\n|\n|-weather|Snowscape|[upkeep]\n|upkeep\n|turn|26\n|\n|t:|1781380583\n|move|p2a: Arceus|Ice Beam|p1a: Abomasnow\n|-damage|p1a: Abomasnow|0 fnt\n|faint|p1a: Abomasnow\n|\n|-weather|Snowscape|[upkeep]\n|upkeep\n|\n|t:|1781380587\n|switch|p1a: Lycanroc|Lycanroc, L86, M|269/269\n|turn|27\n|\n|t:|1781380599\n|-terastallize|p1a: Lycanroc|Fighting\n|move|p1a: Lycanroc|Close Combat|p2a: Arceus\n|-damage|p2a: Arceus|85/284\n|-unboost|p1a: Lycanroc|def|1\n|-unboost|p1a: Lycanroc|spd|1\n|move|p2a: Arceus|Judgment|p1a: Lycanroc\n|-damage|p1a: Lycanroc|125/269\n|\n|-weather|Snowscape|[upkeep]\n|upkeep\n|turn|28\n|\n|t:|1781380613\n|switch|p2a: Chi-Yu|Chi-Yu, L77|211/211\n|-ability|p2a: Chi-Yu|Beads of Ruin\n|move|p1a: Lycanroc|Close Combat|p2a: Chi-Yu\n|-supereffective|p2a: Chi-Yu\n|-damage|p2a: Chi-Yu|0 fnt\n|-unboost|p1a: Lycanroc|def|1\n|-unboost|p1a: Lycanroc|spd|1\n|faint|p2a: Chi-Yu\n|\n|-weather|none\n|upkeep\n|\n|t:|1781380615\n|switch|p2a: Zamazenta|Zamazenta, L71|248/248\n|turn|29\n|\n|t:|1781380625\n|move|p1a: Lycanroc|Close Combat|p2a: Zamazenta\n|-crit|p2a: Zamazenta\n|-damage|p2a: Zamazenta|0 fnt\n|-unboost|p1a: Lycanroc|def|1\n|-unboost|p1a: Lycanroc|spd|1\n|faint|p2a: Zamazenta\n|\n|upkeep\n|-message|Teholb forfeited.\n|\n|win|magic1010505\n|raw|magic1010505's rating: 1694 &rarr; <strong>1712</strong><br />(+18 for winning)\n|raw|Teholb's rating: 1664 &rarr; <strong>1646</strong><br />(-18 for losing)\n|l|\u2606Teholb\n|player|p2|\n|c|\u2606magic1010505|I got lucky\n", "uploadtime": 1781380650, "views": 25, "formatid": "gen9randombattle", "rating": 1646, "private": 0, "password": null}