{"id": "gen9randombattle-2631853372", "format": "[Gen 9] Random Battle", "players": ["Micael Lopes", "Samsonite 22"], "log": "|j|\u2606Micael Lopes\n|j|\u2606Samsonite 22\n|t:|1781448347\n|gametype|singles\n|player|p1|Micael Lopes|benga|1720\n|player|p2|Samsonite 22|102|1766\n|gen|9\n|tier|[Gen 9] Random Battle\n|rated|\n|rule|Species Clause: Limit one of each Pok\u00e9mon\n|rule|HP Percentage Mod: HP is shown in percentages\n|rule|Sleep Clause Mod: Limit one foe put to sleep\n|rule|Illusion Level Mod: Illusion disguises the Pok\u00e9mon's true level\n|\n|t:|1781448347\n|teamsize|p1|6\n|teamsize|p2|6\n|start\n|switch|p1a: Carbink|Carbink, L90|236/236\n|switch|p2a: Honchkrow|Honchkrow, L86, M|312/312\n|turn|1\n|inactive|Battle timer is ON: inactive players will automatically lose when time's up. (requested by Micael Lopes)\n|\n|t:|1781448356\n|move|p2a: Honchkrow|U-turn|p1a: Carbink\n|-resisted|p1a: Carbink\n|-damage|p1a: Carbink|216/236\n|\n|t:|1781448374\n|switch|p2a: Gardevoir|Gardevoir, L83, F|249/249|[from] U-turn\n|-ability|p2a: Gardevoir|Sturdy|Trace|[from] ability: Trace|[of] p1a: Carbink\n|move|p1a: Carbink|Moonblast|p2a: Gardevoir\n|-damage|p2a: Gardevoir|194/249\n|\n|upkeep\n|turn|2\n|\n|t:|1781448384\n|switch|p1a: Zacian|Zacian-Crowned, L64|225/225\n|-ability|p1a: Zacian|Intrepid Sword|boost\n|-boost|p1a: Zacian|atk|1\n|move|p2a: Gardevoir|Calm Mind|p2a: Gardevoir\n|-boost|p2a: Gardevoir|spa|1\n|-boost|p2a: Gardevoir|spd|1\n|\n|upkeep\n|turn|3\n|\n|t:|1781448401\n|switch|p2a: Sandaconda|Sandaconda, L84, F|258/258\n|-terastallize|p1a: Zacian|Fighting\n|move|p1a: Zacian|Close Combat|p2a: Sandaconda\n|-damage|p2a: Sandaconda|131/258\n|-unboost|p1a: Zacian|def|1\n|-unboost|p1a: Zacian|spd|1\n|\n|-heal|p2a: Sandaconda|147/258|[from] item: Leftovers\n|upkeep\n|turn|4\n|\n|t:|1781448414\n|move|p1a: Zacian|Swords Dance|p1a: Zacian\n|-boost|p1a: Zacian|atk|2\n|move|p2a: Sandaconda|Rest|p2a: Sandaconda\n|-status|p2a: Sandaconda|slp|[from] move: Rest\n|-heal|p2a: Sandaconda|258/258 slp|[silent]\n|\n|upkeep\n|turn|5\n|\n|t:|1781448431\n|move|p1a: Zacian|Close Combat|p2a: Sandaconda\n|-damage|p2a: Sandaconda|42/258 slp\n|-unboost|p1a: Zacian|def|1\n|-unboost|p1a: Zacian|spd|1\n|cant|p2a: Sandaconda|slp\n|\n|-activate|p2a: Sandaconda|ability: Shed Skin\n|-curestatus|p2a: Sandaconda|slp|[msg]\n|-heal|p2a: Sandaconda|58/258|[from] item: Leftovers\n|upkeep\n|turn|6\n|\n|t:|1781448442\n|move|p1a: Zacian|Behemoth Blade|p2a: Sandaconda\n|-damage|p2a: Sandaconda|0 fnt\n|faint|p2a: Sandaconda\n|\n|upkeep\n|\n|t:|1781448454\n|switch|p2a: Brambleghast|Brambleghast, L88, M|240/240\n|turn|7\n|\n|t:|1781448463\n|move|p1a: Zacian|Behemoth Blade|p2a: Brambleghast\n|-damage|p2a: Brambleghast|0 fnt\n|faint|p2a: Brambleghast\n|\n|upkeep\n|\n|t:|1781448471\n|switch|p2a: Iron Crown|Iron Crown, L78|268/268\n|turn|8\n|\n|t:|1781448492\n|move|p1a: Zacian|Close Combat|p2a: Iron Crown\n|-damage|p2a: Iron Crown|0 fnt\n|-unboost|p1a: Zacian|def|1\n|-unboost|p1a: Zacian|spd|1\n|faint|p2a: Iron Crown\n|-end|p2a: Iron Crown|Quark Drive|[silent]\n|\n|upkeep\n|\n|t:|1781448504\n|switch|p2a: Honchkrow|Honchkrow, L86, M|312/312\n|turn|9\n|\n|t:|1781448523\n|-terastallize|p2a: Honchkrow|Dark\n|move|p2a: Honchkrow|Sucker Punch|p1a: Zacian\n|-resisted|p1a: Zacian\n|-damage|p1a: Zacian|55/225\n|move|p1a: Zacian|Close Combat|p2a: Honchkrow\n|-supereffective|p2a: Honchkrow\n|-damage|p2a: Honchkrow|0 fnt\n|-unboost|p1a: Zacian|def|1\n|-unboost|p1a: Zacian|spd|1\n|faint|p2a: Honchkrow\n|\n|upkeep\n|-message|Samsonite 22 forfeited.\n|\n|win|Micael Lopes\n|raw|Micael Lopes's rating: 1720 &rarr; <strong>1743</strong><br />(+23 for winning)\n|raw|Samsonite 22's rating: 1766 &rarr; <strong>1743</strong><br />(-23 for losing)\n|l|\u2606Samsonite 22\n|player|p2|\n|c|\u2606Micael Lopes|**__Sexy game.__**\n", "uploadtime": 1781448535, "views": 2, "formatid": "gen9randombattle", "rating": 1743, "private": 0, "password": null}