{"id": "gen9randombattle-2631682212", "format": "[Gen 9] Random Battle", "players": ["tonhua", "chichbarca"], "log": "|j|\u2606tonhua\n|j|\u2606chichbarca\n|t:|1781420845\n|gametype|singles\n|player|p1|tonhua|2|1909\n|player|p2|chichbarca|265|1964\n|gen|9\n|tier|[Gen 9] Random Battle\n|rated|\n|rule|Species Clause: Limit one of each Pok\u00e9mon\n|rule|HP Percentage Mod: HP is shown in percentages\n|rule|Sleep Clause Mod: Limit one foe put to sleep\n|rule|Illusion Level Mod: Illusion disguises the Pok\u00e9mon's true level\n|\n|t:|1781420845\n|teamsize|p1|6\n|teamsize|p2|6\n|start\n|switch|p1a: Rhydon|Rhydon, L85, F|317/317\n|switch|p2a: Minior|Minior-Orange, L79|224/224\n|-formechange|p2a: Minior|Minior-Meteor||[from] ability: Shields Down\n|turn|1\n|inactive|Battle timer is ON: inactive players will automatically lose when time's up. (requested by chichbarca)\n|inactive|chichbarca has 120 seconds left.\n|\n|t:|1781420888\n|switch|p2a: Vileplume|Vileplume, L85, M|266/266\n|switch|p1a: Phione|Phione, L91|293/293\n|\n|upkeep\n|turn|2\n|\n|t:|1781420901\n|switch|p1a: Sandslash|Sandslash-Alola, L88, F|275/275\n|move|p2a: Vileplume|Leech Seed|p1a: Sandslash\n|-start|p1a: Sandslash|move: Leech Seed\n|\n|-damage|p1a: Sandslash|241/275|[from] Leech Seed|[of] p2a: Vileplume\n|upkeep\n|turn|3\n|inactive|chichbarca has 120 seconds left.\n|\n|t:|1781420934\n|switch|p2a: Quagsire|Quagsire, L84, M|297/297\n|move|p1a: Sandslash|Knock Off|p2a: Quagsire\n|-damage|p2a: Quagsire|187/297\n|-enditem|p2a: Quagsire|Leftovers|[from] move: Knock Off|[of] p1a: Sandslash\n|\n|-damage|p1a: Sandslash|207/275|[from] Leech Seed|[of] p2a: Quagsire\n|-heal|p2a: Quagsire|221/297|[silent]\n|upkeep\n|turn|4\n|\n|t:|1781420944\n|switch|p1a: Phione|Phione, L91|293/293\n|move|p2a: Quagsire|Spikes|p1a: Phione\n|-sidestart|p1: tonhua|Spikes\n|\n|upkeep\n|turn|5\n|inactive|chichbarca has 120 seconds left.\n|\n|t:|1781420982\n|switch|p2a: Vileplume|Vileplume, L85, M|266/266\n|move|p1a: Phione|Take Heart|p1a: Phione\n|-boost|p1a: Phione|spa|1\n|-boost|p1a: Phione|spd|1\n|\n|upkeep\n|turn|6\n|inactive|chichbarca has 90 seconds left.\n|\n|t:|1781421019\n|-terastallize|p1a: Phione|Grass\n|move|p1a: Phione|Take Heart|p1a: Phione\n|-boost|p1a: Phione|spa|1\n|-boost|p1a: Phione|spd|1\n|move|p2a: Vileplume|Giga Drain|p1a: Phione\n|-resisted|p1a: Phione\n|-damage|p1a: Phione|272/293\n|\n|-heal|p1a: Phione|290/293|[from] item: Leftovers\n|upkeep\n|turn|7\n|\n|t:|1781421031\n|move|p1a: Phione|Take Heart|p1a: Phione\n|-boost|p1a: Phione|spa|1\n|-boost|p1a: Phione|spd|1\n|move|p2a: Vileplume|Sludge Bomb|p1a: Phione\n|-supereffective|p1a: Phione\n|-damage|p1a: Phione|204/293\n|\n|-heal|p1a: Phione|222/293|[from] item: Leftovers\n|upkeep\n|turn|8\n|inactive|chichbarca has 90 seconds left.\n|\n|t:|1781421041\n|move|p1a: Phione|Take Heart|p1a: Phione\n|-boost|p1a: Phione|spa|1\n|-boost|p1a: Phione|spd|1\n|move|p2a: Vileplume|Sludge Bomb|p1a: Phione\n|-supereffective|p1a: Phione\n|-damage|p1a: Phione|156/293\n|\n|-heal|p1a: Phione|174/293|[from] item: Leftovers\n|upkeep\n|turn|9\n|inactive|chichbarca has 90 seconds left.\n|\n|t:|1781421077\n|move|p1a: Phione|Ice Beam|p2a: Vileplume\n|-supereffective|p2a: Vileplume\n|-damage|p2a: Vileplume|0 fnt\n|faint|p2a: Vileplume\n|\n|-heal|p1a: Phione|192/293|[from] item: Leftovers\n|upkeep\n|\n|t:|1781421084\n|switch|p2a: Kricketune|Kricketune, L99, M|312/312\n|turn|10\n|\n|t:|1781421093\n|move|p1a: Phione|Scald|p2a: Kricketune\n|-damage|p2a: Kricketune|0 fnt\n|faint|p2a: Kricketune\n|\n|-heal|p1a: Phione|210/293|[from] item: Leftovers\n|upkeep\n|inactive|chichbarca has 60 seconds left.\n|\n|t:|1781421120\n|switch|p2a: Quagsire|Quagsire, L84, M|221/297\n|turn|11\n|inactive|chichbarca has 60 seconds left.\n|\n|t:|1781421127\n|move|p1a: Phione|Grass Knot|p2a: Quagsire\n|-supereffective|p2a: Quagsire\n|-damage|p2a: Quagsire|0 fnt\n|faint|p2a: Quagsire\n|\n|-heal|p1a: Phione|228/293|[from] item: Leftovers\n|upkeep\n|\n|t:|1781421131\n|switch|p2a: Revavroom|Revavroom, L79, F|256/256\n|turn|12\n|\n|t:|1781421139\n|move|p1a: Phione|Scald|p2a: Revavroom\n|-damage|p2a: Revavroom|0 fnt\n|faint|p2a: Revavroom\n|\n|-heal|p1a: Phione|246/293|[from] item: Leftovers\n|upkeep\n|\n|t:|1781421145\n|switch|p2a: Hoopa|Hoopa-Unbound, L80|259/259\n|turn|13\n|\n|t:|1781421151\n|move|p2a: Hoopa|Hyperspace Fury|p1a: Phione\n|-damage|p1a: Phione|102/293\n|-unboost|p2a: Hoopa|def|1\n|move|p1a: Phione|Grass Knot|p2a: Hoopa\n|-damage|p2a: Hoopa|0 fnt\n|faint|p2a: Hoopa\n|\n|-heal|p1a: Phione|120/293|[from] item: Leftovers\n|upkeep\n|\n|t:|1781421156\n|switch|p2a: Minior|Minior-Orange, L79|224/224\n|-formechange|p2a: Minior|Minior-Meteor||[from] ability: Shields Down\n|turn|14\n|\n|t:|1781421168\n|-terastallize|p2a: Minior|Water\n|move|p1a: Phione|Scald|p2a: Minior\n|-resisted|p2a: Minior\n|-damage|p2a: Minior|104/224\n|move|p2a: Minior|Shell Smash|p2a: Minior\n|-unboost|p2a: Minior|def|1\n|-unboost|p2a: Minior|spd|1\n|-boost|p2a: Minior|atk|2\n|-boost|p2a: Minior|spa|2\n|-boost|p2a: Minior|spe|2\n|-enditem|p2a: Minior|White Herb\n|-clearnegativeboost|p2a: Minior|[silent]\n|\n|-heal|p1a: Phione|138/293|[from] item: Leftovers\n|-formechange|p2a: Minior|Minior-Orange||[from] ability: Shields Down\n|upkeep\n|turn|15\n|\n|t:|1781421175\n|move|p2a: Minior|Acrobatics|p1a: Phione\n|-supereffective|p1a: Phione\n|-damage|p1a: Phione|0 fnt\n|faint|p1a: Phione\n|\n|upkeep\n|\n|t:|1781421186\n|switch|p1a: Grimmsnarl|Grimmsnarl, L83, M|293/293\n|-damage|p1a: Grimmsnarl|257/293|[from] Spikes\n|turn|16\n|inactive|chichbarca has 120 seconds left.\n|\n|t:|1781421194\n|move|p1a: Grimmsnarl|Reflect|p1a: Grimmsnarl\n|-sidestart|p1: tonhua|Reflect\n|move|p2a: Minior|Acrobatics|p1a: Grimmsnarl\n|-damage|p1a: Grimmsnarl|122/293\n|\n|upkeep\n|turn|17\n|\n|t:|1781421200\n|move|p1a: Grimmsnarl|Parting Shot|p2a: Minior\n|-unboost|p2a: Minior|atk|1\n|-unboost|p2a: Minior|spa|1\n|\n|t:|1781421204\n|switch|p1a: Rhydon|Rhydon, L85, F|317/317|[from] Parting Shot\n|-damage|p1a: Rhydon|278/317|[from] Spikes\n|move|p2a: Minior|Power Gem|p1a: Rhydon\n|-resisted|p1a: Rhydon\n|-damage|p1a: Rhydon|215/317\n|\n|upkeep\n|turn|18\n|\n|t:|1781421222\n|move|p2a: Minior|Earthquake|p1a: Rhydon\n|-supereffective|p1a: Rhydon\n|-damage|p1a: Rhydon|162/317\n|move|p1a: Rhydon|Earthquake|p2a: Minior\n|-crit|p2a: Minior\n|-damage|p2a: Minior|0 fnt\n|faint|p2a: Minior\n|\n|win|tonhua\n|raw|tonhua's rating: 1909 &rarr; <strong>1931</strong><br />(+22 for winning)\n|raw|chichbarca's rating: 1946 &rarr; <strong>1924</strong><br />(-22 for losing)\n", "uploadtime": 1781421222, "views": 3, "formatid": "gen9randombattle", "rating": 1924, "private": 0, "password": null}