{"id": "gen9randombattle-2631642681", "format": "[Gen 9] Random Battle", "players": ["Hatred is blind", "elvinyl"], "log": "|j|\u2606Hatred is blind\n|j|\u2606elvinyl\n|t:|1781413613\n|gametype|singles\n|player|p1|Hatred is blind|red|1067\n|player|p2|elvinyl|169|1040\n|gen|9\n|tier|[Gen 9] Random Battle\n|rated|\n|rule|Species Clause: Limit one of each Pok\u00e9mon\n|rule|HP Percentage Mod: HP is shown in percentages\n|rule|Sleep Clause Mod: Limit one foe put to sleep\n|rule|Illusion Level Mod: Illusion disguises the Pok\u00e9mon's true level\n|\n|t:|1781413613\n|teamsize|p1|6\n|teamsize|p2|6\n|start\n|switch|p1a: Regirock|Regirock, L83|268/268\n|switch|p2a: Frosmoth|Frosmoth, L82, F|249/249\n|turn|1\n|inactive|Battle timer is ON: inactive players will automatically lose when time's up. (requested by Hatred is blind)\n|\n|t:|1781413637\n|move|p2a: Frosmoth|Quiver Dance|p2a: Frosmoth\n|-boost|p2a: Frosmoth|spa|1\n|-boost|p2a: Frosmoth|spd|1\n|-boost|p2a: Frosmoth|spe|1\n|move|p1a: Regirock|Curse|p1a: Regirock\n|-unboost|p1a: Regirock|spe|1\n|-boost|p1a: Regirock|atk|1\n|-boost|p1a: Regirock|def|1\n|\n|upkeep\n|turn|2\n|\n|t:|1781413654\n|move|p2a: Frosmoth|Bug Buzz|p1a: Regirock\n|-damage|p1a: Regirock|106/268\n|move|p1a: Regirock|Stone Edge|p2a: Frosmoth\n|-supereffective|p2a: Frosmoth\n|-damage|p2a: Frosmoth|0 fnt\n|faint|p2a: Frosmoth\n|\n|upkeep\n|\n|t:|1781413667\n|switch|p2a: Grumpig|Grumpig, L92, M|297/297\n|turn|3\n|\n|t:|1781413679\n|move|p2a: Grumpig|Shadow Ball|p1a: Regirock\n|-damage|p1a: Regirock|52/268\n|move|p1a: Regirock|Rest|p1a: Regirock\n|-status|p1a: Regirock|slp|[from] move: Rest\n|-heal|p1a: Regirock|268/268 slp|[silent]\n|-enditem|p1a: Regirock|Chesto Berry|[eat]\n|-curestatus|p1a: Regirock|slp|[msg]\n|\n|upkeep\n|turn|4\n|\n|t:|1781413690\n|-terastallize|p2a: Grumpig|Fighting\n|move|p2a: Grumpig|Shadow Ball|p1a: Regirock\n|-crit|p1a: Regirock\n|-damage|p1a: Regirock|179/268\n|move|p1a: Regirock|Stone Edge|p2a: Grumpig|[miss]\n|-miss|p1a: Regirock|p2a: Grumpig\n|\n|upkeep\n|turn|5\n|\n|t:|1781413705\n|move|p2a: Grumpig|Shadow Ball|p1a: Regirock\n|-damage|p1a: Regirock|120/268\n|move|p1a: Regirock|Body Press|p2a: Grumpig\n|-damage|p2a: Grumpig|129/297\n|\n|upkeep\n|turn|6\n|\n|t:|1781413716\n|switch|p1a: Iron Leaves|Iron Leaves, L80|275/275\n|move|p2a: Grumpig|Shadow Ball|p1a: Iron Leaves\n|-supereffective|p1a: Iron Leaves\n|-damage|p1a: Iron Leaves|155/275\n|\n|upkeep\n|turn|7\n|\n|t:|1781413731\n|move|p2a: Grumpig|Shadow Ball|p1a: Iron Leaves\n|-supereffective|p1a: Iron Leaves\n|-crit|p1a: Iron Leaves\n|-damage|p1a: Iron Leaves|0 fnt\n|faint|p1a: Iron Leaves\n|-end|p1a: Iron Leaves|Quark Drive|[silent]\n|\n|upkeep\n|\n|t:|1781413740\n|switch|p1a: Regirock|Regirock, L83|120/268\n|turn|8\n|\n|t:|1781413757\n|move|p2a: Grumpig|Shadow Ball|p1a: Regirock\n|-damage|p1a: Regirock|62/268\n|move|p1a: Regirock|Body Press|p2a: Grumpig\n|-damage|p2a: Grumpig|7/297\n|\n|upkeep\n|turn|9\n|\n|t:|1781413766\n|move|p2a: Grumpig|Shadow Ball|p1a: Regirock\n|-damage|p1a: Regirock|5/268\n|move|p1a: Regirock|Rest|p1a: Regirock\n|-status|p1a: Regirock|slp|[from] move: Rest\n|-heal|p1a: Regirock|268/268 slp|[silent]\n|\n|upkeep\n|turn|10\n|\n|t:|1781413776\n|move|p2a: Grumpig|Shadow Ball|p1a: Regirock\n|-damage|p1a: Regirock|207/268 slp\n|cant|p1a: Regirock|slp\n|\n|upkeep\n|turn|11\n|\n|t:|1781413783\n|move|p2a: Grumpig|Shadow Ball|p1a: Regirock\n|-damage|p1a: Regirock|145/268 slp\n|cant|p1a: Regirock|slp\n|\n|upkeep\n|turn|12\n|\n|t:|1781413791\n|move|p2a: Grumpig|Shadow Ball|p1a: Regirock\n|-damage|p1a: Regirock|84/268 slp\n|-curestatus|p1a: Regirock|slp|[msg]\n|move|p1a: Regirock|Body Press|p2a: Grumpig\n|-damage|p2a: Grumpig|0 fnt\n|faint|p2a: Grumpig\n|\n|upkeep\n|\n|t:|1781413801\n|switch|p2a: Luvdisc|Luvdisc, M|247/247\n|turn|13\n|\n|t:|1781413819\n|move|p2a: Luvdisc|Surf|p1a: Regirock\n|-supereffective|p1a: Regirock\n|-damage|p1a: Regirock|0 fnt\n|faint|p1a: Regirock\n|\n|upkeep\n|\n|t:|1781413831\n|switch|p1a: Iron Bundle|Iron Bundle, L78|215/215\n|turn|14\n|inactive|elvinyl has 120 seconds left.\n|\n|t:|1781413866\n|switch|p2a: Wigglytuff|Wigglytuff, L96, M|424/424\n|-terastallize|p1a: Iron Bundle|Water\n|move|p1a: Iron Bundle|Freeze-Dry|p2a: Wigglytuff\n|-damage|p2a: Wigglytuff|324/424\n|\n|-heal|p2a: Wigglytuff|350/424|[from] item: Leftovers\n|upkeep\n|turn|15\n|inactive|elvinyl has 120 seconds left.\n|inactive|Hatred is blind has 120 seconds left.\n|\n|t:|1781413891\n|-end|p1a: Iron Bundle|Quark Drive|[silent]\n|switch|p1a: Polteageist|Polteageist-Antique, L78|222/222\n|move|p2a: Wigglytuff|Knock Off|p1a: Polteageist\n|-supereffective|p1a: Polteageist\n|-damage|p1a: Polteageist|42/222\n|-enditem|p1a: Polteageist|White Herb|[from] move: Knock Off|[of] p2a: Wigglytuff\n|\n|-heal|p2a: Wigglytuff|376/424|[from] item: Leftovers\n|upkeep\n|turn|16\n|inactive|Hatred is blind has 120 seconds left.\n|inactive|elvinyl has 120 seconds left.\n|\n|t:|1781413906\n|move|p1a: Polteageist|Strength Sap|p2a: Wigglytuff\n|-unboost|p2a: Wigglytuff|atk|1\n|-ability|p2a: Wigglytuff|Competitive|boost\n|-boost|p2a: Wigglytuff|spa|2\n|-heal|p1a: Polteageist|222/222\n|move|p2a: Wigglytuff|Knock Off|p1a: Polteageist\n|-supereffective|p1a: Polteageist\n|-damage|p1a: Polteageist|140/222\n|\n|-heal|p2a: Wigglytuff|402/424|[from] item: Leftovers\n|upkeep\n|turn|17\n|inactive|Hatred is blind has 120 seconds left.\n|inactive|elvinyl has 120 seconds left.\n|\n|t:|1781413921\n|move|p1a: Polteageist|Strength Sap|p2a: Wigglytuff\n|-unboost|p2a: Wigglytuff|atk|1\n|-ability|p2a: Wigglytuff|Competitive|boost\n|-boost|p2a: Wigglytuff|spa|2\n|-heal|p1a: Polteageist|222/222\n|move|p2a: Wigglytuff|Alluring Voice|p1a: Polteageist\n|-damage|p1a: Polteageist|0 fnt\n|faint|p1a: Polteageist\n|\n|-heal|p2a: Wigglytuff|424/424|[from] item: Leftovers\n|upkeep\n|\n|t:|1781413937\n|switch|p1a: Iron Bundle|Iron Bundle, L78, tera:Water|215/215\n|turn|18\n|\n|t:|1781413942\n|move|p1a: Iron Bundle|Hydro Pump|p2a: Wigglytuff|[miss]\n|-miss|p1a: Iron Bundle|p2a: Wigglytuff\n|move|p2a: Wigglytuff|Alluring Voice|p1a: Iron Bundle\n|-damage|p1a: Iron Bundle|0 fnt\n|faint|p1a: Iron Bundle\n|-end|p1a: Iron Bundle|Quark Drive|[silent]\n|\n|upkeep\n|\n|t:|1781413952\n|switch|p1a: Veluza|Veluza, L85, M|292/292\n|turn|19\n|\n|t:|1781413963\n|move|p1a: Veluza|Aqua Cutter|p2a: Wigglytuff\n|-damage|p2a: Wigglytuff|258/424\n|move|p2a: Wigglytuff|Alluring Voice|p1a: Veluza\n|-damage|p1a: Veluza|0 fnt\n|faint|p1a: Veluza\n|\n|-heal|p2a: Wigglytuff|284/424|[from] item: Leftovers\n|upkeep\n|-message|Hatred is blind forfeited.\n|\n|win|elvinyl\n|raw|Hatred is blind's rating: 1067 &rarr; <strong>1045</strong><br />(-22 for losing)\n|raw|elvinyl's rating: 1040 &rarr; <strong>1077</strong><br />(+37 for winning)\n|l|\u2606Hatred is blind\n|player|p1|\n", "uploadtime": 1781413981, "views": 14, "formatid": "gen9randombattle", "rating": 1045, "private": 0, "password": null}