{"id": "gen9randombattle-2631780602", "format": "[Gen 9] Random Battle", "players": ["Tuki VN", "actuary97"], "log": "|j|\u2606Tuki VN\n|j|\u2606actuary97\n|t:|1781438592\n|gametype|singles\n|player|p1|Tuki VN|lance-gen1rb|2034\n|player|p2|actuary97|sabrina-frlg|2071\n|gen|9\n|tier|[Gen 9] Random Battle\n|rated|\n|rule|Species Clause: Limit one of each Pok\u00e9mon\n|rule|HP Percentage Mod: HP is shown in percentages\n|rule|Sleep Clause Mod: Limit one foe put to sleep\n|rule|Illusion Level Mod: Illusion disguises the Pok\u00e9mon's true level\n|\n|t:|1781438592\n|teamsize|p1|6\n|teamsize|p2|6\n|start\n|switch|p1a: Volcanion|Volcanion, L79|256/256\n|switch|p2a: Dunsparce|Dunsparce, L86, M|312/312\n|turn|1\n|inactive|Battle timer is ON: inactive players will automatically lose when time's up. (requested by actuary97)\n|\n|t:|1781438604\n|switch|p1a: Misdreavus|Misdreavus, L90, M|254/254\n|move|p2a: Dunsparce|Body Slam|p1a: Misdreavus\n|-immune|p1a: Misdreavus\n|\n|upkeep\n|turn|2\n|inactive|actuary97 has 120 seconds left.\n|\n|t:|1781438637\n|switch|p2a: Bronzong|Bronzong, L88|261/261\n|move|p1a: Misdreavus|Will-O-Wisp|p2a: Bronzong\n|-status|p2a: Bronzong|brn\n|\n|-damage|p2a: Bronzong|245/261 brn|[from] brn\n|upkeep\n|turn|3\n|\n|t:|1781438651\n|switch|p1a: Donphan|Donphan, L84, F|288/288\n|move|p2a: Bronzong|Hypnosis|p1a: Donphan|[miss]\n|-miss|p2a: Bronzong|p1a: Donphan\n|\n|-heal|p2a: Bronzong|261/261 brn|[from] item: Leftovers\n|-damage|p2a: Bronzong|245/261 brn|[from] brn\n|upkeep\n|turn|4\n|\n|t:|1781438658\n|switch|p2a: Leafeon|Leafeon, L88, M|258/258\n|move|p1a: Donphan|Stealth Rock|p2a: Leafeon\n|-sidestart|p2: actuary97|move: Stealth Rock\n|\n|upkeep\n|turn|5\n|\n|t:|1781438668\n|move|p2a: Leafeon|Swords Dance|p2a: Leafeon\n|-boost|p2a: Leafeon|atk|2\n|move|p1a: Donphan|Ice Spinner|p2a: Leafeon\n|-supereffective|p2a: Leafeon\n|-damage|p2a: Leafeon|158/258\n|\n|upkeep\n|turn|6\n|\n|t:|1781438679\n|move|p2a: Leafeon|Leaf Blade|p1a: Donphan\n|-supereffective|p1a: Donphan\n|-crit|p1a: Donphan\n|-ability|p1a: Donphan|Sturdy\n|-damage|p1a: Donphan|1/288\n|-damage|p2a: Leafeon|133/258|[from] item: Life Orb\n|move|p1a: Donphan|Ice Spinner|p2a: Leafeon\n|-supereffective|p2a: Leafeon\n|-damage|p2a: Leafeon|41/258\n|\n|-heal|p1a: Donphan|19/288|[from] item: Leftovers\n|upkeep\n|turn|7\n|\n|t:|1781438682\n|move|p1a: Donphan|Ice Shard|p2a: Leafeon\n|-supereffective|p2a: Leafeon\n|-damage|p2a: Leafeon|0 fnt\n|faint|p2a: Leafeon\n|\n|-heal|p1a: Donphan|37/288|[from] item: Leftovers\n|upkeep\n|\n|t:|1781438691\n|switch|p2a: Ursaluna|Ursaluna, L79, M|335/335\n|-damage|p2a: Ursaluna|315/335|[from] Stealth Rock\n|turn|8\n|\n|t:|1781438699\n|move|p1a: Donphan|Ice Spinner|p2a: Ursaluna\n|-supereffective|p2a: Ursaluna\n|-damage|p2a: Ursaluna|189/335\n|move|p2a: Ursaluna|Trailblaze|p1a: Donphan\n|-supereffective|p1a: Donphan\n|-damage|p1a: Donphan|0 fnt\n|-boost|p2a: Ursaluna|spe|1\n|faint|p1a: Donphan\n|\n|-status|p2a: Ursaluna|brn|[from] item: Flame Orb\n|upkeep\n|\n|t:|1781438704\n|switch|p1a: Krookodile|Krookodile, L79, F|280/280\n|-ability|p1a: Krookodile|Intimidate|boost\n|-unboost|p2a: Ursaluna|atk|1\n|turn|9\n|j| afdasfafafdsaf\n|l| afdasfafafdsaf\n|\n|t:|1781438725\n|move|p1a: Krookodile|Earthquake|p2a: Ursaluna\n|-damage|p2a: Ursaluna|96/335 brn\n|move|p2a: Ursaluna|Facade|p1a: Krookodile\n|-damage|p1a: Krookodile|96/280\n|\n|-heal|p1a: Krookodile|113/280|[from] item: Leftovers\n|-damage|p2a: Ursaluna|76/335 brn|[from] brn\n|upkeep\n|turn|10\n|\n|t:|1781438729\n|move|p1a: Krookodile|Earthquake|p2a: Ursaluna\n|-damage|p2a: Ursaluna|0 fnt\n|faint|p2a: Ursaluna\n|\n|-heal|p1a: Krookodile|130/280|[from] item: Leftovers\n|upkeep\n|\n|t:|1781438741\n|switch|p2a: Dunsparce|Dunsparce, L86, M|312/312\n|-damage|p2a: Dunsparce|273/312|[from] Stealth Rock\n|turn|11\n|\n|t:|1781438746\n|switch|p2a: Urshifu|Urshifu-Rapid-Strike, L75, M|274/274\n|-damage|p2a: Urshifu|257/274|[from] Stealth Rock\n|move|p1a: Krookodile|Knock Off|p2a: Urshifu\n|-resisted|p2a: Urshifu\n|-damage|p2a: Urshifu|203/274\n|-enditem|p2a: Urshifu|Choice Band|[from] move: Knock Off|[of] p1a: Krookodile\n|\n|-heal|p1a: Krookodile|147/280|[from] item: Leftovers\n|upkeep\n|turn|12\n|\n|t:|1781438755\n|-terastallize|p2a: Urshifu|Water\n|move|p2a: Urshifu|Aqua Jet|p1a: Krookodile\n|-supereffective|p1a: Krookodile\n|-damage|p1a: Krookodile|7/280\n|move|p1a: Krookodile|Earthquake|p2a: Urshifu\n|-damage|p2a: Urshifu|92/274\n|\n|-heal|p1a: Krookodile|24/280|[from] item: Leftovers\n|upkeep\n|turn|13\n|\n|t:|1781438762\n|switch|p1a: Volcanion|Volcanion, L79|256/256\n|move|p2a: Urshifu|Close Combat|p1a: Volcanion\n|-damage|p1a: Volcanion|141/256\n|-unboost|p2a: Urshifu|def|1\n|-unboost|p2a: Urshifu|spd|1\n|\n|upkeep\n|turn|14\n|\n|t:|1781438771\n|switch|p2a: Dunsparce|Dunsparce, L86, M|273/312\n|-damage|p2a: Dunsparce|234/312|[from] Stealth Rock\n|move|p1a: Volcanion|Steam Eruption|p2a: Dunsparce\n|-damage|p2a: Dunsparce|122/312\n|\n|upkeep\n|turn|15\n|\n|t:|1781438777\n|move|p1a: Volcanion|Steam Eruption|p2a: Dunsparce\n|-damage|p2a: Dunsparce|19/312\n|-status|p2a: Dunsparce|brn\n|move|p2a: Dunsparce|Roost|p2a: Dunsparce\n|-heal|p2a: Dunsparce|175/312 brn\n|-singleturn|p2a: Dunsparce|move: Roost\n|\n|-damage|p2a: Dunsparce|156/312 brn|[from] brn\n|upkeep\n|turn|16\n|\n|t:|1781438783\n|switch|p1a: Krookodile|Krookodile, L79, F|24/280\n|-ability|p1a: Krookodile|Intimidate|boost\n|-unboost|p2a: Dunsparce|atk|1\n|move|p2a: Dunsparce|Roost|p2a: Dunsparce\n|-heal|p2a: Dunsparce|312/312 brn\n|-singleturn|p2a: Dunsparce|move: Roost\n|\n|-heal|p1a: Krookodile|41/280|[from] item: Leftovers\n|-damage|p2a: Dunsparce|293/312 brn|[from] brn\n|upkeep\n|turn|17\n|\n|t:|1781438787\n|move|p1a: Krookodile|Knock Off|p2a: Dunsparce\n|-damage|p2a: Dunsparce|218/312 brn\n|-enditem|p2a: Dunsparce|Eviolite|[from] move: Knock Off|[of] p1a: Krookodile\n|move|p2a: Dunsparce|Body Slam|p1a: Krookodile\n|-damage|p1a: Krookodile|14/280\n|\n|-heal|p1a: Krookodile|31/280|[from] item: Leftovers\n|-damage|p2a: Dunsparce|199/312 brn|[from] brn\n|upkeep\n|turn|18\n|\n|t:|1781438793\n|move|p1a: Krookodile|Earthquake|p2a: Dunsparce\n|-damage|p2a: Dunsparce|84/312 brn\n|move|p2a: Dunsparce|Body Slam|p1a: Krookodile\n|-damage|p1a: Krookodile|2/280\n|-status|p1a: Krookodile|par\n|\n|-heal|p1a: Krookodile|19/280 par|[from] item: Leftovers\n|-damage|p2a: Dunsparce|65/312 brn|[from] brn\n|upkeep\n|turn|19\n|\n|t:|1781438796\n|move|p2a: Dunsparce|Roost|p2a: Dunsparce\n|-heal|p2a: Dunsparce|221/312 brn\n|-singleturn|p2a: Dunsparce|move: Roost\n|move|p1a: Krookodile|Earthquake|p2a: Dunsparce\n|-damage|p2a: Dunsparce|85/312 brn\n|\n|-heal|p1a: Krookodile|36/280 par|[from] item: Leftovers\n|-damage|p2a: Dunsparce|66/312 brn|[from] brn\n|upkeep\n|turn|20\n|\n|t:|1781438798\n|move|p2a: Dunsparce|Roost|p2a: Dunsparce\n|-heal|p2a: Dunsparce|222/312 brn\n|-singleturn|p2a: Dunsparce|move: Roost\n|move|p1a: Krookodile|Earthquake|p2a: Dunsparce\n|-damage|p2a: Dunsparce|98/312 brn\n|\n|-heal|p1a: Krookodile|53/280 par|[from] item: Leftovers\n|-damage|p2a: Dunsparce|79/312 brn|[from] brn\n|upkeep\n|turn|21\n|\n|t:|1781438801\n|move|p2a: Dunsparce|Roost|p2a: Dunsparce\n|-heal|p2a: Dunsparce|235/312 brn\n|-singleturn|p2a: Dunsparce|move: Roost\n|move|p1a: Krookodile|Earthquake|p2a: Dunsparce\n|-damage|p2a: Dunsparce|114/312 brn\n|\n|-heal|p1a: Krookodile|70/280 par|[from] item: Leftovers\n|-damage|p2a: Dunsparce|95/312 brn|[from] brn\n|upkeep\n|turn|22\n|\n|t:|1781438803\n|move|p2a: Dunsparce|Body Slam|p1a: Krookodile\n|-damage|p1a: Krookodile|41/280 par\n|move|p1a: Krookodile|Earthquake|p2a: Dunsparce\n|-damage|p2a: Dunsparce|0 fnt\n|faint|p2a: Dunsparce\n|\n|-heal|p1a: Krookodile|58/280 par|[from] item: Leftovers\n|upkeep\n|\n|t:|1781438809\n|switch|p2a: Regirock|Regirock, L83|268/268\n|-damage|p2a: Regirock|235/268|[from] Stealth Rock\n|turn|23\n|\n|t:|1781438811\n|move|p2a: Regirock|Iron Defense|p2a: Regirock\n|-boost|p2a: Regirock|def|2\n|move|p1a: Krookodile|Knock Off|p2a: Regirock\n|-damage|p2a: Regirock|208/268\n|-enditem|p2a: Regirock|Chesto Berry|[from] move: Knock Off|[of] p1a: Krookodile\n|\n|-heal|p1a: Krookodile|75/280 par|[from] item: Leftovers\n|upkeep\n|turn|24\n|\n|t:|1781438816\n|switch|p1a: Misdreavus|Misdreavus, L90, M|254/254\n|move|p2a: Regirock|Iron Defense|p2a: Regirock\n|-boost|p2a: Regirock|def|2\n|\n|upkeep\n|turn|25\n|\n|t:|1781438820\n|move|p1a: Misdreavus|Will-O-Wisp|p2a: Regirock\n|-status|p2a: Regirock|brn\n|move|p2a: Regirock|Stone Edge|p1a: Misdreavus|[miss]\n|-miss|p2a: Regirock|p1a: Misdreavus\n|\n|-damage|p2a: Regirock|192/268 brn|[from] brn\n|upkeep\n|turn|26\n|\n|t:|1781438836\n|move|p1a: Misdreavus|Calm Mind|p1a: Misdreavus\n|-boost|p1a: Misdreavus|spa|1\n|-boost|p1a: Misdreavus|spd|1\n|move|p2a: Regirock|Stone Edge|p1a: Misdreavus\n|-damage|p1a: Misdreavus|209/254\n|\n|-damage|p2a: Regirock|176/268 brn|[from] brn\n|upkeep\n|turn|27\n|\n|t:|1781438846\n|move|p1a: Misdreavus|Calm Mind|p1a: Misdreavus\n|-boost|p1a: Misdreavus|spa|1\n|-boost|p1a: Misdreavus|spd|1\n|move|p2a: Regirock|Rest|p2a: Regirock\n|-status|p2a: Regirock|slp|[from] move: Rest\n|-heal|p2a: Regirock|268/268 slp|[silent]\n|\n|upkeep\n|turn|28\n|\n|t:|1781438851\n|move|p1a: Misdreavus|Calm Mind|p1a: Misdreavus\n|-boost|p1a: Misdreavus|spa|1\n|-boost|p1a: Misdreavus|spd|1\n|cant|p2a: Regirock|slp\n|\n|upkeep\n|turn|29\n|\n|t:|1781438857\n|move|p1a: Misdreavus|Calm Mind|p1a: Misdreavus\n|-boost|p1a: Misdreavus|spa|1\n|-boost|p1a: Misdreavus|spd|1\n|cant|p2a: Regirock|slp\n|\n|upkeep\n|turn|30\n|\n|t:|1781438859\n|move|p1a: Misdreavus|Draining Kiss|p2a: Regirock\n|-damage|p2a: Regirock|160/268 slp\n|-heal|p1a: Misdreavus|254/254|[from] drain|[of] p2a: Regirock\n|-curestatus|p2a: Regirock|slp|[msg]\n|move|p2a: Regirock|Stone Edge|p1a: Misdreavus\n|-damage|p1a: Misdreavus|170/254\n|\n|upkeep\n|turn|31\n|\n|t:|1781438867\n|move|p1a: Misdreavus|Draining Kiss|p2a: Regirock\n|-crit|p2a: Regirock\n|-damage|p2a: Regirock|0 fnt\n|-heal|p1a: Misdreavus|254/254|[from] drain|[of] p2a: Regirock\n|faint|p2a: Regirock\n|\n|upkeep\n|-message|actuary97 forfeited.\n|\n|win|Tuki VN\n", "uploadtime": 1781438594, "views": 6, "formatid": "gen9randombattle", "rating": null, "private": 0, "password": null}