{"id": "gen9randombattle-2631755469", "format": "[Gen 9] Random Battle", "players": ["spectral sapphic", "Etjx"], "log": "|j|\u2606spectral sapphic\n|j|\u2606Etjx@!\n|t:|1781434474\n|gametype|singles\n|player|p1|spectral sapphic|skyla|2051\n|player|p2|Etjx|policeman-gen4|2108\n|gen|9\n|tier|[Gen 9] Random Battle\n|rated|\n|rule|Species Clause: Limit one of each Pok\u00e9mon\n|rule|HP Percentage Mod: HP is shown in percentages\n|rule|Sleep Clause Mod: Limit one foe put to sleep\n|rule|Illusion Level Mod: Illusion disguises the Pok\u00e9mon's true level\n|\n|t:|1781434475\n|teamsize|p1|6\n|teamsize|p2|6\n|start\n|switch|p1a: Venomoth|Venomoth, L84, F|255/255\n|switch|p2a: Hariyama|Hariyama, L87, F|392/392\n|turn|1\n|inactive|Battle timer is ON: inactive players will automatically lose when time's up. (requested by Etjx)\n|c|\u2606spectral sapphic|glhf\n|inactive|Etjx has 120 seconds left.\n|\n|t:|1781434511\n|move|p1a: Venomoth|Sleep Powder|p2a: Hariyama\n|-status|p2a: Hariyama|slp|[from] move: Sleep Powder\n|cant|p2a: Hariyama|slp\n|\n|upkeep\n|turn|2\n|\n|t:|1781434520\n|switch|p2a: Terrakion|Terrakion, L79|273/273\n|move|p1a: Venomoth|Quiver Dance|p1a: Venomoth\n|-boost|p1a: Venomoth|spa|1\n|-boost|p1a: Venomoth|spd|1\n|-boost|p1a: Venomoth|spe|1\n|\n|upkeep\n|turn|3\n|\n|t:|1781434529\n|move|p1a: Venomoth|Sludge Wave|p2a: Terrakion\n|-resisted|p2a: Terrakion\n|-damage|p2a: Terrakion|131/273\n|move|p2a: Terrakion|Stone Edge|p1a: Venomoth\n|-supereffective|p1a: Venomoth\n|-damage|p1a: Venomoth|0 fnt\n|faint|p1a: Venomoth\n|-damage|p2a: Terrakion|104/273|[from] item: Life Orb\n|\n|upkeep\n|\n|t:|1781434543\n|switch|p1a: Pachirisu|Pachirisu, L96, M|271/271\n|turn|4\n|\n|t:|1781434548\n|move|p1a: Pachirisu|Thunderbolt|p2a: Terrakion\n|-damage|p2a: Terrakion|25/273\n|move|p2a: Terrakion|Earthquake|p1a: Pachirisu\n|-supereffective|p1a: Pachirisu\n|-damage|p1a: Pachirisu|60/271\n|-damage|p2a: Terrakion|0 fnt|[from] item: Life Orb\n|faint|p2a: Terrakion\n|\n|upkeep\n|\n|t:|1781434554\n|switch|p2a: Mesprit|Mesprit, L85|275/275\n|turn|5\n|\n|t:|1781434560\n|move|p1a: Pachirisu|Nuzzle|p2a: Mesprit\n|-damage|p2a: Mesprit|262/275\n|-status|p2a: Mesprit|par\n|move|p2a: Mesprit|Knock Off|p1a: Pachirisu\n|-damage|p1a: Pachirisu|0 fnt\n|-enditem|p1a: Pachirisu|Assault Vest|[from] move: Knock Off|[of] p2a: Mesprit\n|faint|p1a: Pachirisu\n|\n|-heal|p2a: Mesprit|275/275 par|[from] item: Leftovers\n|upkeep\n|\n|t:|1781434567\n|switch|p1a: Flapple|Flapple, L88, M|266/266\n|turn|6\n|\n|t:|1781434579\n|move|p1a: Flapple|U-turn|p2a: Mesprit|[miss]\n|-miss|p1a: Flapple|p2a: Mesprit\n|move|p2a: Mesprit|Thunder Wave|p1a: Flapple\n|-status|p1a: Flapple|par\n|\n|upkeep\n|turn|7\n|\n|t:|1781434583\n|move|p2a: Mesprit|U-turn|p1a: Flapple\n|-supereffective|p1a: Flapple\n|-damage|p1a: Flapple|156/266 par\n|\n|t:|1781434585\n|switch|p2a: Hariyama|Hariyama, L87, F|392/392 slp|[from] U-turn\n|move|p1a: Flapple|U-turn|p2a: Hariyama\n|-resisted|p2a: Hariyama\n|-damage|p2a: Hariyama|306/392 slp\n|\n|t:|1781434595\n|switch|p1a: Arceus|Arceus-Electric, L70|284/284|[from] U-turn\n|\n|upkeep\n|turn|8\n|\n|t:|1781434616\n|move|p1a: Arceus|Calm Mind|p1a: Arceus\n|-boost|p1a: Arceus|spa|1\n|-boost|p1a: Arceus|spd|1\n|cant|p2a: Hariyama|slp\n|\n|upkeep\n|turn|9\n|\n|t:|1781434625\n|move|p1a: Arceus|Calm Mind|p1a: Arceus\n|-boost|p1a: Arceus|spa|1\n|-boost|p1a: Arceus|spd|1\n|-curestatus|p2a: Hariyama|slp|[msg]\n|move|p2a: Hariyama|Headlong Rush|p1a: Arceus\n|-supereffective|p1a: Arceus\n|-crit|p1a: Arceus\n|-damage|p1a: Arceus|0 fnt\n|-unboost|p2a: Hariyama|def|1\n|-unboost|p2a: Hariyama|spd|1\n|faint|p1a: Arceus\n|\n|upkeep\n|\n|t:|1781434631\n|switch|p1a: Flapple|Flapple, L88, M|156/266 par\n|turn|10\n|\n|t:|1781434637\n|move|p2a: Hariyama|Knock Off|p1a: Flapple\n|-damage|p1a: Flapple|60/266 par\n|-enditem|p1a: Flapple|Choice Band|[from] move: Knock Off|[of] p2a: Hariyama\n|move|p1a: Flapple|Grav Apple|p2a: Hariyama\n|-damage|p2a: Hariyama|0 fnt\n|faint|p2a: Hariyama\n|\n|upkeep\n|\n|t:|1781434641\n|switch|p2a: Mesprit|Mesprit, L85|275/275 par\n|turn|11\n|\n|t:|1781434647\n|move|p1a: Flapple|Sucker Punch|p2a: Mesprit\n|-supereffective|p2a: Mesprit\n|-damage|p2a: Mesprit|125/275 par\n|move|p2a: Mesprit|Psychic Noise|p1a: Flapple\n|-damage|p1a: Flapple|0 fnt\n|faint|p1a: Flapple\n|\n|-heal|p2a: Mesprit|142/275 par|[from] item: Leftovers\n|upkeep\n|\n|t:|1781434660\n|switch|p1a: Ogerpon|Ogerpon-Cornerstone, L76, F|247/247\n|turn|12\n|\n|t:|1781434689\n|-terastallize|p1a: Ogerpon|Rock\n|detailschange|p1a: Ogerpon|Ogerpon-Cornerstone-Tera, L76, F, tera:Rock\n|-ability|p1a: Ogerpon|Embody Aspect (Cornerstone)|boost\n|-boost|p1a: Ogerpon|def|1\n|move|p1a: Ogerpon|Ivy Cudgel|p2a: Mesprit|[anim] Ivy Cudgel Rock\n|-damage|p2a: Mesprit|4/275 par\n|cant|p2a: Mesprit|par\n|\n|-heal|p2a: Mesprit|21/275 par|[from] item: Leftovers\n|upkeep\n|turn|13\n|\n|t:|1781434695\n|move|p1a: Ogerpon|Ivy Cudgel|p2a: Mesprit|[anim] Ivy Cudgel Rock\n|-damage|p2a: Mesprit|0 fnt\n|faint|p2a: Mesprit\n|\n|upkeep\n|\n|t:|1781434696\n|switch|p2a: Scizor|Scizor, L79, F|240/240\n|turn|14\n|\n|t:|1781434700\n|switch|p1a: Goodra|Goodra-Hisui, L82, M|265/265\n|move|p2a: Scizor|Close Combat|p1a: Goodra\n|-supereffective|p1a: Goodra\n|-damage|p1a: Goodra|93/265\n|-unboost|p2a: Scizor|def|1\n|-unboost|p2a: Scizor|spd|1\n|\n|upkeep\n|turn|15\n|\n|t:|1781434707\n|move|p2a: Scizor|Close Combat|p1a: Goodra\n|-supereffective|p1a: Goodra\n|-damage|p1a: Goodra|0 fnt\n|-unboost|p2a: Scizor|def|1\n|-unboost|p2a: Scizor|spd|1\n|faint|p1a: Goodra\n|\n|upkeep\n|\n|t:|1781434708\n|switch|p1a: Ogerpon|Ogerpon-Cornerstone-Tera, L76, F, tera:Rock|247/247\n|-ability|p1a: Ogerpon|Embody Aspect (Cornerstone)|boost\n|-boost|p1a: Ogerpon|def|1\n|turn|16\n|\n|t:|1781434712\n|switch|p2a: Rampardos|Rampardos, L90, M|321/321\n|move|p1a: Ogerpon|Ivy Cudgel|p2a: Rampardos|[anim] Ivy Cudgel Rock\n|-damage|p2a: Rampardos|133/321\n|\n|upkeep\n|turn|17\n|\n|t:|1781434716\n|-terastallize|p2a: Rampardos|Ground\n|move|p2a: Rampardos|Earthquake|p1a: Ogerpon\n|-supereffective|p1a: Ogerpon\n|-damage|p1a: Ogerpon|0 fnt\n|faint|p1a: Ogerpon\n|detailschange|p1: Ogerpon|Ogerpon-Cornerstone, L76, F|[silent]\n|\n|win|Etjx\n", "uploadtime": 1781434476, "views": 3, "formatid": "gen9randombattle", "rating": null, "private": 0, "password": null}