{"id": "gen9randombattle-2631609027", "format": "[Gen 9] Random Battle", "players": ["laggyexe", "shootermcgavin3700"], "log": "|j|\u203dlaggyexe\n|j|\u2606shootermcgavin3700\n|t:|1781408275\n|gametype|singles\n|player|p1|laggyexe|266|1850\n|player|p2|shootermcgavin3700|101|1904\n|gen|9\n|tier|[Gen 9] Random Battle\n|rated|\n|rule|Species Clause: Limit one of each Pok\u00e9mon\n|rule|HP Percentage Mod: HP is shown in percentages\n|rule|Sleep Clause Mod: Limit one foe put to sleep\n|rule|Illusion Level Mod: Illusion disguises the Pok\u00e9mon's true level\n|\n|t:|1781408275\n|teamsize|p1|6\n|teamsize|p2|6\n|start\n|switch|p1a: Urshifu|Urshifu-Rapid-Strike, L75, M|274/274\n|switch|p2a: Grumpig|Grumpig, L92, M|297/297\n|turn|1\n|inactive|Battle timer is ON: inactive players will automatically lose when time's up. (requested by shootermcgavin3700)\n|inactive|laggyexe also wants the timer to be on.\n|\n|t:|1781408282\n|switch|p1a: Hatterene|Hatterene, L85, F|236/236\n|move|p2a: Grumpig|Psychic|p1a: Hatterene\n|-resisted|p1a: Hatterene\n|-damage|p1a: Hatterene|204/236\n|\n|upkeep\n|turn|2\n|\n|t:|1781408291\n|switch|p2a: Munkidori|Munkidori, L79, M|269/269\n|move|p1a: Hatterene|Nuzzle|p2a: Munkidori\n|-damage|p2a: Munkidori|251/269\n|-status|p2a: Munkidori|par\n|\n|upkeep\n|turn|3\n|\n|t:|1781408308\n|switch|p1a: Talonflame|Talonflame, L83, M|265/265\n|cant|p2a: Munkidori|par\n|\n|upkeep\n|turn|4\n|\n|t:|1781408313\n|move|p1a: Talonflame|Overheat|p2a: Munkidori\n|-damage|p2a: Munkidori|169/269 par\n|-unboost|p1a: Talonflame|spa|2\n|cant|p2a: Munkidori|par\n|\n|upkeep\n|turn|5\n|\n|t:|1781408318\n|move|p1a: Talonflame|Brave Bird|p2a: Munkidori\n|-damage|p2a: Munkidori|22/269 par\n|-damage|p1a: Talonflame|216/265|[from] Recoil\n|move|p2a: Munkidori|Sludge Wave|p1a: Talonflame\n|-damage|p1a: Talonflame|83/265\n|-status|p1a: Talonflame|tox|[from] ability: Toxic Chain|[of] p2a: Munkidori\n|\n|-damage|p1a: Talonflame|67/265 tox|[from] psn\n|upkeep\n|turn|6\n|\n|t:|1781408326\n|move|p1a: Talonflame|Brave Bird|p2a: Munkidori\n|-crit|p2a: Munkidori\n|-damage|p2a: Munkidori|0 fnt\n|faint|p2a: Munkidori\n|-damage|p1a: Talonflame|60/265 tox|[from] Recoil\n|\n|-damage|p1a: Talonflame|28/265 tox|[from] psn\n|upkeep\n|\n|t:|1781408328\n|switch|p2a: Pelipper|Pelipper, L86, F|243/243\n|-weather|RainDance|[from] ability: Drizzle|[of] p2a: Pelipper\n|turn|7\n|\n|t:|1781408332\n|move|p1a: Talonflame|Brave Bird|p2a: Pelipper\n|-damage|p2a: Pelipper|152/243\n|-damage|p1a: Talonflame|0 fnt|[from] Recoil\n|faint|p1a: Talonflame\n|move|p2a: Pelipper|Hurricane|p1: Talonflame|[notarget]\n|-fail|p2a: Pelipper\n|\n|-weather|RainDance|[upkeep]\n|upkeep\n|\n|t:|1781408340\n|switch|p1a: Hatterene|Hatterene, L85, F|204/236\n|turn|8\n|\n|t:|1781408342\n|move|p2a: Pelipper|Hurricane|p1a: Hatterene\n|-damage|p1a: Hatterene|92/236\n|move|p1a: Hatterene|Nuzzle|p2a: Pelipper\n|-supereffective|p2a: Pelipper\n|-damage|p2a: Pelipper|96/243\n|-status|p2a: Pelipper|par\n|\n|-weather|RainDance|[upkeep]\n|upkeep\n|turn|9\n|\n|t:|1781408349\n|move|p1a: Hatterene|Draining Kiss|p2a: Pelipper\n|-damage|p2a: Pelipper|6/243 par\n|-heal|p1a: Hatterene|160/236|[from] drain|[of] p2a: Pelipper\n|move|p2a: Pelipper|Hurricane|p1a: Hatterene\n|-damage|p1a: Hatterene|57/236\n|-start|p1a: Hatterene|confusion\n|\n|-weather|RainDance|[upkeep]\n|upkeep\n|turn|10\n|\n|t:|1781408354\n|-activate|p1a: Hatterene|confusion\n|move|p1a: Hatterene|Draining Kiss|p2a: Pelipper\n|-damage|p2a: Pelipper|0 fnt\n|-heal|p1a: Hatterene|62/236|[from] drain|[of] p2a: Pelipper\n|faint|p2a: Pelipper\n|\n|-weather|RainDance|[upkeep]\n|upkeep\n|\n|t:|1781408360\n|switch|p2a: Grumpig|Grumpig, L92, M|297/297\n|turn|11\n|\n|t:|1781408362\n|move|p2a: Grumpig|Shadow Ball|p1a: Hatterene\n|-supereffective|p1a: Hatterene\n|-damage|p1a: Hatterene|0 fnt\n|faint|p1a: Hatterene\n|\n|-weather|none\n|upkeep\n|\n|t:|1781408367\n|switch|p1a: Dudunsparce|Dudunsparce, L83, M|343/343\n|turn|12\n|\n|t:|1781408369\n|switch|p2a: Quagsire|Quagsire, L84, M|297/297\n|move|p1a: Dudunsparce|Toxic|p2a: Quagsire\n|-status|p2a: Quagsire|tox\n|\n|-damage|p2a: Quagsire|279/297 tox|[from] psn\n|upkeep\n|turn|13\n|\n|t:|1781408374\n|switch|p1a: Alomomola|Alomomola, L87, F|429/429\n|move|p2a: Quagsire|Toxic|p1a: Alomomola\n|-status|p1a: Alomomola|tox\n|\n|-heal|p2a: Quagsire|297/297 tox|[from] item: Leftovers\n|-damage|p1a: Alomomola|403/429 tox|[from] psn\n|-damage|p2a: Quagsire|261/297 tox|[from] psn\n|upkeep\n|turn|14\n|\n|t:|1781408379\n|move|p1a: Alomomola|Wish|p1a: Alomomola\n|move|p2a: Quagsire|Spikes|p1a: Alomomola\n|-sidestart|p1: laggyexe|Spikes\n|\n|-heal|p1a: Alomomola|429/429 tox|[from] item: Leftovers\n|-heal|p2a: Quagsire|279/297 tox|[from] item: Leftovers\n|-damage|p1a: Alomomola|377/429 tox|[from] psn\n|-damage|p2a: Quagsire|225/297 tox|[from] psn\n|upkeep\n|turn|15\n|\n|t:|1781408383\n|switch|p1a: Urshifu|Urshifu-Rapid-Strike, L75, M|274/274\n|-damage|p1a: Urshifu|240/274|[from] Spikes\n|move|p2a: Quagsire|Spikes|p1a: Urshifu\n|-sidestart|p1: laggyexe|Spikes\n|\n|-heal|p1a: Urshifu|274/274|[from] move: Wish|[wisher] Alomomola\n|-heal|p2a: Quagsire|243/297 tox|[from] item: Leftovers\n|-damage|p2a: Quagsire|171/297 tox|[from] psn\n|upkeep\n|turn|16\n|\n|t:|1781408388\n|move|p1a: Urshifu|Swords Dance|p1a: Urshifu\n|-boost|p1a: Urshifu|atk|2\n|move|p2a: Quagsire|Toxic|p1a: Urshifu\n|-status|p1a: Urshifu|tox\n|\n|-heal|p2a: Quagsire|189/297 tox|[from] item: Leftovers\n|-damage|p1a: Urshifu|257/274 tox|[from] psn\n|-damage|p2a: Quagsire|99/297 tox|[from] psn\n|upkeep\n|turn|17\n|\n|t:|1781408392\n|move|p1a: Urshifu|Surging Strikes|p2a: Quagsire\n|-crit|p2a: Quagsire\n|-damage|p2a: Quagsire|37/297 tox\n|-crit|p2a: Quagsire\n|-damage|p2a: Quagsire|0 fnt\n|faint|p2a: Quagsire\n|-hitcount|p2: Quagsire|2\n|-damage|p1a: Urshifu|230/274 tox|[from] item: Life Orb\n|\n|-damage|p1a: Urshifu|196/274 tox|[from] psn\n|upkeep\n|\n|t:|1781408395\n|switch|p2a: Ninetales|Ninetales-Alola, L78, M|242/242\n|-weather|Snowscape|[from] ability: Snow Warning|[of] p2a: Ninetales\n|turn|18\n|\n|t:|1781408398\n|-terastallize|p1a: Urshifu|Water\n|move|p2a: Ninetales|Freeze-Dry|p1a: Urshifu\n|-supereffective|p1a: Urshifu\n|-damage|p1a: Urshifu|22/274 tox\n|move|p1a: Urshifu|Surging Strikes|p2a: Ninetales\n|-crit|p2a: Ninetales\n|-damage|p2a: Ninetales|133/242\n|-crit|p2a: Ninetales\n|-damage|p2a: Ninetales|13/242\n|-crit|p2a: Ninetales\n|-damage|p2a: Ninetales|0 fnt\n|faint|p2a: Ninetales\n|-hitcount|p2: Ninetales|3\n|-damage|p1a: Urshifu|0 fnt|[from] item: Life Orb\n|faint|p1a: Urshifu\n|\n|-weather|Snowscape|[upkeep]\n|upkeep\n|\n|t:|1781408409\n|switch|p2a: Grumpig|Grumpig, L92, M|297/297\n|switch|p1a: Dudunsparce|Dudunsparce, L83, M|343/343\n|-damage|p1a: Dudunsparce|286/343|[from] Spikes\n|turn|19\n|\n|t:|1781408413\n|move|p2a: Grumpig|Trick|p1a: Dudunsparce\n|-activate|p2a: Grumpig|move: Trick|[of] p1a: Dudunsparce\n|-item|p1a: Dudunsparce|Choice Scarf|[from] move: Trick\n|-item|p2a: Grumpig|Leftovers|[from] move: Trick\n|move|p1a: Dudunsparce|Toxic|p2a: Grumpig|[miss]\n|-miss|p1a: Dudunsparce|p2a: Grumpig\n|\n|-weather|Snowscape|[upkeep]\n|upkeep\n|turn|20\n|\n|t:|1781408417\n|move|p1a: Dudunsparce|Toxic|p2a: Grumpig|[miss]\n|-miss|p1a: Dudunsparce|p2a: Grumpig\n|move|p2a: Grumpig|Psychic|p1a: Dudunsparce\n|-damage|p1a: Dudunsparce|162/343\n|-unboost|p1a: Dudunsparce|spd|1\n|\n|-weather|Snowscape|[upkeep]\n|upkeep\n|turn|21\n|\n|t:|1781408419\n|move|p1a: Dudunsparce|Toxic|p2a: Grumpig\n|-status|p2a: Grumpig|tox\n|move|p2a: Grumpig|Psychic|p1a: Dudunsparce\n|-damage|p1a: Dudunsparce|0 fnt\n|faint|p1a: Dudunsparce\n|\n|-weather|Snowscape|[upkeep]\n|-damage|p2a: Grumpig|279/297 tox|[from] psn\n|upkeep\n|\n|t:|1781408423\n|switch|p1a: Alomomola|Alomomola, L87, F|429/429 tox\n|-damage|p1a: Alomomola|358/429 tox|[from] Spikes\n|turn|22\n|\n|t:|1781408430\n|switch|p2a: Articuno|Articuno, L86|295/295\n|-ability|p2a: Articuno|Pressure\n|move|p1a: Alomomola|Scald|p2a: Articuno\n|-damage|p2a: Articuno|259/295\n|-status|p2a: Articuno|brn\n|\n|-weather|none\n|-heal|p1a: Alomomola|384/429 tox|[from] item: Leftovers\n|-damage|p1a: Alomomola|358/429 tox|[from] psn\n|-damage|p2a: Articuno|241/295 brn|[from] brn\n|upkeep\n|turn|23\n|\n|t:|1781408434\n|move|p2a: Articuno|Freeze-Dry|p1a: Alomomola\n|-supereffective|p1a: Alomomola\n|-damage|p1a: Alomomola|128/429 tox\n|move|p1a: Alomomola|Wish|p1a: Alomomola\n|\n|-heal|p1a: Alomomola|154/429 tox|[from] item: Leftovers\n|-damage|p1a: Alomomola|102/429 tox|[from] psn\n|-damage|p2a: Articuno|223/295 brn|[from] brn\n|upkeep\n|turn|24\n|\n|t:|1781408440\n|move|p2a: Articuno|Roost|p2a: Articuno\n|-heal|p2a: Articuno|295/295 brn\n|-singleturn|p2a: Articuno|move: Roost\n|move|p1a: Alomomola|Scald|p2a: Articuno\n|-damage|p2a: Articuno|256/295 brn\n|\n|-heal|p1a: Alomomola|316/429 tox|[from] move: Wish|[wisher] Alomomola\n|-heal|p1a: Alomomola|342/429 tox|[from] item: Leftovers\n|-damage|p1a: Alomomola|264/429 tox|[from] psn\n|-damage|p2a: Articuno|238/295 brn|[from] brn\n|upkeep\n|turn|25\n|\n|t:|1781408444\n|move|p2a: Articuno|Freeze-Dry|p1a: Alomomola\n|-supereffective|p1a: Alomomola\n|-damage|p1a: Alomomola|28/429 tox\n|move|p1a: Alomomola|Wish|p1a: Alomomola\n|\n|-heal|p1a: Alomomola|54/429 tox|[from] item: Leftovers\n|-damage|p1a: Alomomola|0 fnt|[from] psn\n|faint|p1a: Alomomola\n|-damage|p2a: Articuno|220/295 brn|[from] brn\n|upkeep\n|\n|t:|1781408447\n|switch|p1a: Ogerpon|Ogerpon-Hearthflame, L74, F|239/239\n|-damage|p1a: Ogerpon|200/239|[from] Spikes\n|-ability|p1a: Ogerpon|Mold Breaker\n|turn|26\n|\n|t:|1781408450\n|move|p1a: Ogerpon|Swords Dance|p1a: Ogerpon\n|-boost|p1a: Ogerpon|atk|2\n|move|p2a: Articuno|Freeze-Dry|p1a: Ogerpon\n|-damage|p1a: Ogerpon|119/239\n|\n|-heal|p1a: Ogerpon|239/239|[from] move: Wish|[wisher] Alomomola\n|-damage|p2a: Articuno|202/295 brn|[from] brn\n|upkeep\n|turn|27\n|\n|t:|1781408455\n|move|p1a: Ogerpon|Ivy Cudgel|p2a: Articuno|[anim] Ivy Cudgel Fire\n|-supereffective|p2a: Articuno\n|-damage|p2a: Articuno|0 fnt\n|faint|p2a: Articuno\n|\n|upkeep\n|\n|t:|1781408457\n|switch|p2a: Grumpig|Grumpig, L92, M|279/297 tox\n|turn|28\n|\n|t:|1781408461\n|move|p1a: Ogerpon|Horn Leech|p2a: Grumpig\n|-damage|p2a: Grumpig|66/297 tox\n|move|p2a: Grumpig|Psychic|p1a: Ogerpon\n|-damage|p1a: Ogerpon|128/239\n|\n|-heal|p2a: Grumpig|84/297 tox|[from] item: Leftovers\n|-damage|p2a: Grumpig|66/297 tox|[from] psn\n|upkeep\n|turn|29\n|\n|t:|1781408463\n|move|p1a: Ogerpon|Horn Leech|p2a: Grumpig\n|-damage|p2a: Grumpig|0 fnt\n|-heal|p1a: Ogerpon|161/239|[from] drain|[of] p2a: Grumpig\n|faint|p2a: Grumpig\n|\n|win|laggyexe\n|raw|laggyexe's rating: 1850 &rarr; <strong>1873</strong><br />(+23 for winning)\n|raw|shootermcgavin3700's rating: 1904 &rarr; <strong>1881</strong><br />(-23 for losing)\n", "uploadtime": 1781408463, "views": 2, "formatid": "gen9randombattle", "rating": 1873, "private": 0, "password": null}