{"id": "gen9randombattle-2631744894", "format": "[Gen 9] Random Battle", "players": ["Schibi", "JeanPaulPot"], "log": "|j|\u2606Schibi\n|j|\u2606JeanPaulPot\n|t:|1781432651\n|gametype|singles\n|player|p1|Schibi|2|1970\n|player|p2|JeanPaulPot|infielder|1972\n|gen|9\n|tier|[Gen 9] Random Battle\n|rated|\n|rule|Species Clause: Limit one of each Pok\u00e9mon\n|rule|HP Percentage Mod: HP is shown in percentages\n|rule|Sleep Clause Mod: Limit one foe put to sleep\n|rule|Illusion Level Mod: Illusion disguises the Pok\u00e9mon's true level\n|\n|t:|1781432651\n|teamsize|p1|6\n|teamsize|p2|6\n|start\n|switch|p1a: Eelektross|Eelektross, L87, M|290/290\n|switch|p2a: Mew|Mew, L82|298/298\n|turn|1\n|inactive|Battle timer is ON: inactive players will automatically lose when time's up. (requested by Schibi)\n|\n|t:|1781432677\n|move|p2a: Mew|Stealth Rock|p1a: Eelektross\n|-sidestart|p1: Schibi|move: Stealth Rock\n|move|p1a: Eelektross|U-turn|p2a: Mew\n|-supereffective|p2a: Mew\n|-damage|p2a: Mew|186/298\n|\n|t:|1781432686\n|switch|p1a: Krookodile|Krookodile, L79, F|280/280|[from] U-turn\n|-damage|p1a: Krookodile|263/280|[from] Stealth Rock\n|-ability|p1a: Krookodile|Intimidate|boost\n|-unboost|p2a: Mew|atk|1\n|\n|-heal|p2a: Mew|204/298|[from] item: Leftovers\n|-heal|p1a: Krookodile|280/280|[from] item: Leftovers\n|upkeep\n|turn|2\n|\n|t:|1781432708\n|move|p2a: Mew|U-turn|p1a: Krookodile\n|-supereffective|p1a: Krookodile\n|-damage|p1a: Krookodile|204/280\n|\n|t:|1781432711\n|switch|p2a: Araquanid|Araquanid, L82, F|246/246|[from] U-turn\n|move|p1a: Krookodile|Knock Off|p2a: Araquanid\n|-damage|p2a: Araquanid|144/246\n|-enditem|p2a: Araquanid|Heavy-Duty Boots|[from] move: Knock Off|[of] p1a: Krookodile\n|\n|-heal|p1a: Krookodile|221/280|[from] item: Leftovers\n|upkeep\n|turn|3\n|\n|t:|1781432725\n|switch|p1a: Flapple|Flapple, L88, M|266/266\n|-damage|p1a: Flapple|233/266|[from] Stealth Rock\n|move|p2a: Araquanid|Sticky Web|p1a: Flapple\n|-sidestart|p1: Schibi|move: Sticky Web\n|\n|upkeep\n|turn|4\n|\n|t:|1781432746\n|move|p1a: Flapple|Grav Apple|p2a: Araquanid\n|-damage|p2a: Araquanid|0 fnt\n|faint|p2a: Araquanid\n|\n|upkeep\n|inactive|JeanPaulPot has 120 seconds left.\n|\n|t:|1781432758\n|switch|p2a: Toxtricity|Toxtricity, L82, F|257/257\n|turn|5\n|\n|t:|1781432765\n|move|p1a: Flapple|Outrage|p2a: Toxtricity\n|-damage|p2a: Toxtricity|0 fnt\n|faint|p2a: Toxtricity\n|\n|upkeep\n|inactive|JeanPaulPot has 120 seconds left.\n|\n|t:|1781432786\n|switch|p2a: Gholdengo|Gholdengo, L77|261/261\n|turn|6\n|\n|t:|1781432793\n|move|p2a: Gholdengo|Make It Rain|p1a: Flapple\n|-damage|p1a: Flapple|74/266\n|-unboost|p2a: Gholdengo|spa|1\n|move|p1a: Flapple|Outrage|p2a: Gholdengo|[from] lockedmove\n|-resisted|p2a: Gholdengo\n|-damage|p2a: Gholdengo|135/261\n|\n|upkeep\n|turn|7\n|\n|t:|1781432797\n|move|p2a: Gholdengo|Make It Rain|p1a: Flapple\n|-damage|p1a: Flapple|0 fnt\n|-unboost|p2a: Gholdengo|spa|1\n|faint|p1a: Flapple\n|\n|upkeep\n|\n|t:|1781432804\n|switch|p1a: Krookodile|Krookodile, L79, F|221/280\n|-damage|p1a: Krookodile|204/280|[from] Stealth Rock\n|-activate|p1a: Krookodile|move: Sticky Web\n|-unboost|p1a: Krookodile|spe|1\n|-ability|p1a: Krookodile|Intimidate|boost\n|-unboost|p2a: Gholdengo|atk|1\n|turn|8\n|\n|t:|1781432818\n|switch|p2a: Furret|Furret, L94, M|312/312\n|-item|p1a: Krookodile|Leftovers|[from] ability: Frisk|[of] p2a: Furret\n|move|p1a: Krookodile|Bulk Up|p1a: Krookodile\n|-boost|p1a: Krookodile|atk|1\n|-boost|p1a: Krookodile|def|1\n|\n|-heal|p1a: Krookodile|221/280|[from] item: Leftovers\n|upkeep\n|turn|9\n|\n|t:|1781432836\n|move|p2a: Furret|U-turn|p1a: Krookodile\n|-supereffective|p1a: Krookodile\n|-damage|p1a: Krookodile|109/280\n|\n|t:|1781432840\n|switch|p2a: Mew|Mew, L82|204/298|[from] U-turn\n|move|p1a: Krookodile|Earthquake|p2a: Mew\n|-damage|p2a: Mew|53/298\n|\n|-heal|p2a: Mew|71/298|[from] item: Leftovers\n|-heal|p1a: Krookodile|126/280|[from] item: Leftovers\n|upkeep\n|turn|10\n|\n|t:|1781432852\n|move|p2a: Mew|Toxic Spikes|p1a: Krookodile\n|-sidestart|p1: Schibi|move: Toxic Spikes\n|move|p1a: Krookodile|Knock Off|p2a: Mew\n|-supereffective|p2a: Mew\n|-damage|p2a: Mew|0 fnt\n|-enditem|p2a: Mew|Leftovers|[from] move: Knock Off|[of] p1a: Krookodile\n|faint|p2a: Mew\n|\n|-heal|p1a: Krookodile|143/280|[from] item: Leftovers\n|upkeep\n|\n|t:|1781432856\n|switch|p2a: Furret|Furret, L94, M|312/312\n|-item|p1a: Krookodile|Leftovers|[from] ability: Frisk|[of] p2a: Furret\n|turn|11\n|\n|t:|1781432861\n|move|p2a: Furret|Double-Edge|p1a: Krookodile\n|-damage|p1a: Krookodile|0 fnt\n|faint|p1a: Krookodile\n|-damage|p2a: Furret|265/312|[from] Recoil\n|\n|upkeep\n|\n|t:|1781432868\n|switch|p1a: Eelektross|Eelektross, L87, M|290/290\n|-damage|p1a: Eelektross|254/290|[from] Stealth Rock\n|turn|12\n|\n|t:|1781432874\n|move|p2a: Furret|Double-Edge|p1a: Eelektross\n|-damage|p1a: Eelektross|68/290\n|-damage|p2a: Furret|204/312|[from] Recoil\n|move|p1a: Eelektross|Close Combat|p2a: Furret\n|-supereffective|p2a: Furret\n|-damage|p2a: Furret|0 fnt\n|-unboost|p1a: Eelektross|def|1\n|-unboost|p1a: Eelektross|spd|1\n|faint|p2a: Furret\n|\n|upkeep\n|\n|t:|1781432881\n|switch|p2a: Espathra|Espathra, L80, F|283/283\n|turn|13\n|\n|t:|1781432885\n|move|p2a: Espathra|Lumina Crash|p1a: Eelektross\n|-damage|p1a: Eelektross|0 fnt\n|faint|p1a: Eelektross\n|\n|-ability|p2a: Espathra|Speed Boost|boost\n|-boost|p2a: Espathra|spe|1\n|upkeep\n|\n|t:|1781432890\n|switch|p1a: Clefable|Clefable, L83, M|293/293\n|-damage|p1a: Clefable|257/293|[from] Stealth Rock\n|-activate|p1a: Clefable|move: Sticky Web\n|-unboost|p1a: Clefable|spe|1\n|-status|p1a: Clefable|psn\n|turn|14\n|\n|t:|1781432903\n|switch|p2a: Gholdengo|Gholdengo, L77|135/261\n|move|p1a: Clefable|Knock Off|p2a: Gholdengo\n|-supereffective|p2a: Gholdengo\n|-damage|p2a: Gholdengo|27/261\n|-enditem|p2a: Gholdengo|Choice Scarf|[from] move: Knock Off|[of] p1a: Clefable\n|\n|-heal|p1a: Clefable|275/293 psn|[from] item: Leftovers\n|-damage|p1a: Clefable|239/293 psn|[from] psn\n|upkeep\n|turn|15\n|\n|t:|1781432911\n|-terastallize|p1a: Clefable|Steel\n|move|p2a: Gholdengo|Make It Rain|p1a: Clefable\n|-resisted|p1a: Clefable\n|-damage|p1a: Clefable|170/293 psn\n|-unboost|p2a: Gholdengo|spa|1\n|move|p1a: Clefable|Knock Off|p2a: Gholdengo\n|-supereffective|p2a: Gholdengo\n|-damage|p2a: Gholdengo|0 fnt\n|faint|p2a: Gholdengo\n|\n|-heal|p1a: Clefable|188/293 psn|[from] item: Leftovers\n|-damage|p1a: Clefable|152/293 psn|[from] psn\n|upkeep\n|\n|t:|1781432917\n|switch|p2a: Espathra|Espathra, L80, F|283/283\n|turn|16\n|\n|t:|1781432932\n|-terastallize|p2a: Espathra|Psychic\n|move|p2a: Espathra|Lumina Crash|p1a: Clefable\n|-resisted|p1a: Clefable\n|-damage|p1a: Clefable|76/293 psn\n|-unboost|p1a: Clefable|spd|2\n|move|p1a: Clefable|Knock Off|p2a: Espathra\n|-supereffective|p2a: Espathra\n|-crit|p2a: Espathra\n|-damage|p2a: Espathra|53/283\n|-enditem|p2a: Espathra|Choice Specs|[from] move: Knock Off|[of] p1a: Clefable\n|\n|-heal|p1a: Clefable|94/293 psn|[from] item: Leftovers\n|-damage|p1a: Clefable|58/293 psn|[from] psn\n|-ability|p2a: Espathra|Speed Boost|boost\n|-boost|p2a: Espathra|spe|1\n|upkeep\n|turn|17\n|\n|t:|1781432944\n|move|p2a: Espathra|Shadow Ball|p1a: Clefable\n|-damage|p1a: Clefable|0 fnt\n|faint|p1a: Clefable\n|\n|-ability|p2a: Espathra|Speed Boost|boost\n|-boost|p2a: Espathra|spe|1\n|upkeep\n|\n|t:|1781432952\n|switch|p1a: Lycanroc|Lycanroc-Dusk, L81, M|254/254\n|-damage|p1a: Lycanroc|223/254|[from] Stealth Rock\n|-activate|p1a: Lycanroc|move: Sticky Web\n|-unboost|p1a: Lycanroc|spe|1\n|-status|p1a: Lycanroc|psn\n|turn|18\n|\n|t:|1781432957\n|move|p1a: Lycanroc|Accelerock|p2a: Espathra\n|-damage|p2a: Espathra|0 fnt\n|faint|p2a: Espathra\n|\n|win|Schibi\n", "uploadtime": 1781432653, "views": 3, "formatid": "gen9randombattle", "rating": null, "private": 0, "password": null}