{"id": "gen9randombattle-2631414614", "format": "[Gen 9] Random Battle", "players": ["SwampertSimp69", "SoCapable"], "log": "|j|\u2606SwampertSimp69\n|j|\u2606SoCapable\n|t:|1781381808\n|gametype|singles\n|player|p1|SwampertSimp69|265|2106\n|player|p2|SoCapable|silver|2182\n|gen|9\n|tier|[Gen 9] Random Battle\n|rated|\n|rule|Species Clause: Limit one of each Pok\u00e9mon\n|rule|HP Percentage Mod: HP is shown in percentages\n|rule|Sleep Clause Mod: Limit one foe put to sleep\n|rule|Illusion Level Mod: Illusion disguises the Pok\u00e9mon's true level\n|\n|t:|1781381808\n|teamsize|p1|6\n|teamsize|p2|6\n|start\n|switch|p1a: Cyclizar|Cyclizar, L83, M|252/252\n|switch|p2a: Espeon|Espeon, L84, M|246/246\n|turn|1\n|inactive|Battle timer is ON: inactive players will automatically lose when time's up. (requested by SwampertSimp69)\n|\n|t:|1781381826\n|move|p1a: Cyclizar|Shed Tail|p1a: Cyclizar\n|-start|p1a: Cyclizar|Substitute|[from] move: Shed Tail\n|-damage|p1a: Cyclizar|126/252\n|\n|t:|1781381835\n|switch|p1a: Oinkologne|Oinkologne-F, L92, F|361/361|[from] Shed Tail\n|move|p2a: Espeon|Alluring Voice|p1a: Oinkologne\n|-damage|p1a: Oinkologne|275/361\n|-damage|p2a: Espeon|222/246|[from] item: Life Orb\n|\n|-heal|p1a: Oinkologne|297/361|[from] item: Leftovers\n|upkeep\n|turn|2\n|\n|t:|1781381842\n|switch|p2a: Garganacl|Garganacl, L80, F|291/291\n|move|p1a: Oinkologne|Lash Out|p2a: Garganacl\n|-damage|p2a: Garganacl|248/291\n|\n|-heal|p1a: Oinkologne|319/361|[from] item: Leftovers\n|-heal|p2a: Garganacl|266/291|[from] item: Leftovers\n|upkeep\n|turn|3\n|\n|t:|1781381848\n|move|p1a: Oinkologne|Curse|p1a: Oinkologne\n|-unboost|p1a: Oinkologne|spe|1\n|-boost|p1a: Oinkologne|atk|1\n|-boost|p1a: Oinkologne|def|1\n|move|p2a: Garganacl|Body Press|p1a: Oinkologne\n|-supereffective|p1a: Oinkologne\n|-end|p1a: Oinkologne|Substitute\n|\n|-heal|p1a: Oinkologne|341/361|[from] item: Leftovers\n|-heal|p2a: Garganacl|284/291|[from] item: Leftovers\n|upkeep\n|turn|4\n|\n|t:|1781381852\n|move|p1a: Oinkologne|High Horsepower|p2a: Garganacl\n|-supereffective|p2a: Garganacl\n|-damage|p2a: Garganacl|106/291\n|move|p2a: Garganacl|Iron Defense|p2a: Garganacl\n|-boost|p2a: Garganacl|def|2\n|\n|-heal|p1a: Oinkologne|361/361|[from] item: Leftovers\n|-heal|p2a: Garganacl|124/291|[from] item: Leftovers\n|upkeep\n|turn|5\n|\n|t:|1781381858\n|move|p1a: Oinkologne|High Horsepower|p2a: Garganacl\n|-supereffective|p2a: Garganacl\n|-damage|p2a: Garganacl|44/291\n|move|p2a: Garganacl|Recover|p2a: Garganacl\n|-heal|p2a: Garganacl|190/291\n|\n|-heal|p2a: Garganacl|208/291|[from] item: Leftovers\n|upkeep\n|turn|6\n|\n|t:|1781381871\n|switch|p1a: Slowbro|Slowbro, L85, F|300/300\n|move|p2a: Garganacl|Salt Cure|p1a: Slowbro\n|-damage|p1a: Slowbro|269/300\n|-start|p1a: Slowbro|Salt Cure\n|\n|-heal|p2a: Garganacl|226/291|[from] item: Leftovers\n|-damage|p1a: Slowbro|194/300|[from] Salt Cure\n|upkeep\n|turn|7\n|\n|t:|1781381880\n|switch|p2a: Komala|Komala, L88, M|258/258\n|-ability|p2a: Komala|Comatose\n|move|p1a: Slowbro|Scald|p2a: Komala\n|-damage|p2a: Komala|207/258\n|\n|-damage|p1a: Slowbro|119/300|[from] Salt Cure\n|upkeep\n|turn|8\n|-message|SoCapable forfeited.\n|\n|win|SwampertSimp69\n", "uploadtime": 1781381810, "views": 8, "formatid": "gen9randombattle", "rating": null, "private": 0, "password": null}