{"id": "gen9randombattle-2631728915", "format": "[Gen 9] Random Battle", "players": ["Oginotakashi", "hong hoornstaart"], "log": "|j|\u2606Oginotakashi\n|j|\u2606hong hoornstaart\n|t:|1781429802\n|gametype|singles\n|player|p1|Oginotakashi|1|2183\n|player|p2|hong hoornstaart|medium|2244\n|gen|9\n|tier|[Gen 9] Random Battle\n|rated|\n|rule|Species Clause: Limit one of each Pok\u00e9mon\n|rule|HP Percentage Mod: HP is shown in percentages\n|rule|Sleep Clause Mod: Limit one foe put to sleep\n|rule|Illusion Level Mod: Illusion disguises the Pok\u00e9mon's true level\n|\n|t:|1781429802\n|teamsize|p1|6\n|teamsize|p2|6\n|start\n|switch|p1a: Toucannon|Toucannon, L88, M|284/284\n|switch|p2a: Deoxys|Deoxys-Defense, L84|221/221\n|-ability|p2a: Deoxys|Pressure\n|turn|1\n|\n|t:|1781429816\n|switch|p2a: Klefki|Klefki, L84, F|233/233\n|move|p1a: Toucannon|Boomburst|p2a: Klefki\n|-resisted|p2a: Klefki\n|-damage|p2a: Klefki|167/233\n|\n|-heal|p2a: Klefki|181/233|[from] item: Leftovers\n|upkeep\n|turn|2\n|\n|t:|1781429831\n|switch|p1a: Magmortar|Magmortar, L88, M|275/275\n|move|p2a: Klefki|Spikes|p1a: Magmortar\n|-sidestart|p1: Oginotakashi|Spikes\n|\n|-heal|p2a: Klefki|195/233|[from] item: Leftovers\n|upkeep\n|turn|3\n|\n|t:|1781429838\n|move|p2a: Klefki|Thunder Wave|p1a: Magmortar\n|-status|p1a: Magmortar|par\n|move|p1a: Magmortar|Fire Blast|p2a: Klefki|[miss]\n|-miss|p1a: Magmortar|p2a: Klefki\n|\n|-heal|p2a: Klefki|209/233|[from] item: Leftovers\n|upkeep\n|turn|4\n|inactive|Battle timer is ON: inactive players will automatically lose when time's up. (requested by Oginotakashi)\n|\n|t:|1781429842\n|move|p2a: Klefki|Spikes|p1a: Magmortar\n|-sidestart|p1: Oginotakashi|Spikes\n|cant|p1a: Magmortar|par\n|\n|-heal|p2a: Klefki|223/233|[from] item: Leftovers\n|upkeep\n|turn|5\n|\n|t:|1781429844\n|move|p2a: Klefki|Spikes|p1a: Magmortar\n|-sidestart|p1: Oginotakashi|Spikes\n|move|p1a: Magmortar|Fire Blast|p2a: Klefki|[miss]\n|-miss|p1a: Magmortar|p2a: Klefki\n|\n|-heal|p2a: Klefki|233/233|[from] item: Leftovers\n|upkeep\n|turn|6\n|c|\u2606Oginotakashi|Gg\n|c|\u2606Oginotakashi|lol\n|-message|Oginotakashi forfeited.\n|\n|win|hong hoornstaart\n", "uploadtime": 1781429804, "views": 6, "formatid": "gen9randombattle", "rating": null, "private": 0, "password": null}