{"id": "gen9randombattle-2631715563", "format": "[Gen 9] Random Battle", "players": ["vCreeze", "John Five"], "log": "|j|\u2606vCreeze\n|j|\u2606John Five\n|t:|1781427321\n|gametype|singles\n|player|p1|vCreeze|marnie-masters|1938\n|player|p2|John Five|veteranf|2035\n|gen|9\n|tier|[Gen 9] Random Battle\n|rated|\n|rule|Species Clause: Limit one of each Pok\u00e9mon\n|rule|HP Percentage Mod: HP is shown in percentages\n|rule|Sleep Clause Mod: Limit one foe put to sleep\n|rule|Illusion Level Mod: Illusion disguises the Pok\u00e9mon's true level\n|\n|t:|1781427321\n|teamsize|p1|6\n|teamsize|p2|6\n|start\n|switch|p1a: Quagsire|Quagsire, L84, F|297/297\n|switch|p2a: Veluza|Veluza, L85, F|292/292\n|turn|1\n|\n|t:|1781427335\n|switch|p2a: Swampert|Swampert, L83, M|302/302\n|move|p1a: Quagsire|Toxic|p2a: Swampert\n|-status|p2a: Swampert|tox\n|\n|-damage|p2a: Swampert|284/302 tox|[from] psn\n|upkeep\n|turn|2\n|inactive|Battle timer is ON: inactive players will automatically lose when time's up. (requested by John Five)\n|\n|t:|1781427356\n|switch|p1a: Oranguru|Oranguru, L92, F|315/315\n|move|p2a: Swampert|Stealth Rock|p1a: Oranguru\n|-sidestart|p1: vCreeze|move: Stealth Rock\n|\n|-heal|p2a: Swampert|302/302 tox|[from] item: Leftovers\n|-damage|p2a: Swampert|266/302 tox|[from] psn\n|upkeep\n|turn|3\n|\n|t:|1781427362\n|move|p1a: Oranguru|Hyper Voice|p2a: Swampert\n|-damage|p2a: Swampert|104/302 tox\n|move|p2a: Swampert|Flip Turn|p1a: Oranguru\n|-damage|p1a: Oranguru|249/315\n|inactive|John Five has 120 seconds left.\n|\n|t:|1781427400\n|switch|p2a: Dudunsparce|Dudunsparce-Three-Segment, L83, M|343/343|[from] Flip Turn\n|\n|upkeep\n|turn|4\n|inactive|John Five has 120 seconds left.\n|\n|t:|1781427406\n|switch|p1a: Quagsire|Quagsire, L84, F|297/297\n|-damage|p1a: Quagsire|279/297|[from] Stealth Rock\n|move|p2a: Dudunsparce|Calm Mind|p2a: Dudunsparce\n|-boost|p2a: Dudunsparce|spa|1\n|-boost|p2a: Dudunsparce|spd|1\n|\n|-heal|p1a: Quagsire|297/297|[from] item: Leftovers\n|upkeep\n|turn|5\n|\n|t:|1781427412\n|move|p2a: Dudunsparce|Boomburst|p1a: Quagsire\n|-damage|p1a: Quagsire|122/297\n|move|p1a: Quagsire|Toxic|p2a: Dudunsparce\n|-status|p2a: Dudunsparce|tox\n|\n|-heal|p1a: Quagsire|140/297|[from] item: Leftovers\n|-damage|p2a: Dudunsparce|322/343 tox|[from] psn\n|upkeep\n|turn|6\n|\n|t:|1781427418\n|switch|p1a: Lunala|Lunala, L70|308/308\n|-damage|p1a: Lunala|270/308|[from] Stealth Rock\n|move|p2a: Dudunsparce|Boomburst|p1a: Lunala\n|-immune|p1a: Lunala\n|\n|-heal|p1a: Lunala|289/308|[from] item: Leftovers\n|-heal|p2a: Dudunsparce|343/343 tox|[from] item: Leftovers\n|-damage|p2a: Dudunsparce|301/343 tox|[from] psn\n|upkeep\n|turn|7\n|\n|t:|1781427431\n|move|p1a: Lunala|Moonlight|p1a: Lunala\n|-heal|p1a: Lunala|308/308\n|move|p2a: Dudunsparce|Shadow Ball|p1a: Lunala\n|-supereffective|p1a: Lunala\n|-crit|p1a: Lunala\n|-damage|p1a: Lunala|62/308\n|\n|-heal|p1a: Lunala|81/308|[from] item: Leftovers\n|-heal|p2a: Dudunsparce|322/343 tox|[from] item: Leftovers\n|-damage|p2a: Dudunsparce|259/343 tox|[from] psn\n|upkeep\n|turn|8\n|\n|t:|1781427447\n|switch|p1a: Oranguru|Oranguru, L92, F|249/315\n|-damage|p1a: Oranguru|210/315|[from] Stealth Rock\n|move|p2a: Dudunsparce|Boomburst|p1a: Oranguru\n|-damage|p1a: Oranguru|50/315\n|\n|-heal|p2a: Dudunsparce|280/343 tox|[from] item: Leftovers\n|-damage|p2a: Dudunsparce|196/343 tox|[from] psn\n|upkeep\n|turn|9\n|\n|t:|1781427458\n|move|p1a: Oranguru|Psyshock|p2a: Dudunsparce\n|-damage|p2a: Dudunsparce|37/343 tox\n|move|p2a: Dudunsparce|Boomburst|p1a: Oranguru\n|-crit|p1a: Oranguru\n|-damage|p1a: Oranguru|0 fnt\n|faint|p1a: Oranguru\n|\n|-heal|p2a: Dudunsparce|58/343 tox|[from] item: Leftovers\n|-damage|p2a: Dudunsparce|0 fnt|[from] psn\n|faint|p2a: Dudunsparce\n|upkeep\n|inactive|vCreeze has 120 seconds left.\n|\n|t:|1781427499\n|switch|p1a: Lunala|Lunala, L70|81/308\n|switch|p2a: Chandelure|Chandelure, L83, F|235/235\n|-damage|p1a: Lunala|43/308|[from] Stealth Rock\n|turn|10\n|\n|t:|1781427507\n|move|p2a: Chandelure|Shadow Ball|p1a: Lunala\n|-supereffective|p1a: Lunala\n|-damage|p1a: Lunala|0 fnt\n|faint|p1a: Lunala\n|\n|upkeep\n|\n|t:|1781427515\n|switch|p1a: Volcarona|Volcarona, L77, M|257/257\n|turn|11\n|\n|t:|1781427526\n|move|p2a: Chandelure|Shadow Ball|p1a: Volcarona\n|-damage|p1a: Volcarona|154/257\n|move|p1a: Volcarona|Quiver Dance|p1a: Volcarona\n|-boost|p1a: Volcarona|spa|1\n|-boost|p1a: Volcarona|spd|1\n|-boost|p1a: Volcarona|spe|1\n|\n|upkeep\n|turn|12\n|\n|t:|1781427531\n|move|p1a: Volcarona|Quiver Dance|p1a: Volcarona\n|-boost|p1a: Volcarona|spa|1\n|-boost|p1a: Volcarona|spd|1\n|-boost|p1a: Volcarona|spe|1\n|move|p2a: Chandelure|Shadow Ball|p1a: Volcarona\n|-damage|p1a: Volcarona|94/257\n|\n|upkeep\n|turn|13\n|\n|t:|1781427534\n|move|p1a: Volcarona|Morning Sun|p1a: Volcarona\n|-heal|p1a: Volcarona|222/257\n|move|p2a: Chandelure|Shadow Ball|p1a: Volcarona\n|-damage|p1a: Volcarona|164/257\n|\n|upkeep\n|turn|14\n|\n|t:|1781427548\n|move|p1a: Volcarona|Quiver Dance|p1a: Volcarona\n|-boost|p1a: Volcarona|spa|1\n|-boost|p1a: Volcarona|spd|1\n|-boost|p1a: Volcarona|spe|1\n|move|p2a: Chandelure|Shadow Ball|p1a: Volcarona\n|-damage|p1a: Volcarona|122/257\n|\n|upkeep\n|turn|15\n|\n|t:|1781427554\n|move|p1a: Volcarona|Quiver Dance|p1a: Volcarona\n|-boost|p1a: Volcarona|spa|1\n|-boost|p1a: Volcarona|spd|1\n|-boost|p1a: Volcarona|spe|1\n|move|p2a: Chandelure|Shadow Ball|p1a: Volcarona\n|-damage|p1a: Volcarona|83/257\n|\n|upkeep\n|turn|16\n|\n|t:|1781427556\n|move|p1a: Volcarona|Morning Sun|p1a: Volcarona\n|-heal|p1a: Volcarona|211/257\n|move|p2a: Chandelure|Shadow Ball|p1a: Volcarona\n|-damage|p1a: Volcarona|171/257\n|\n|upkeep\n|turn|17\n|\n|t:|1781427561\n|move|p1a: Volcarona|Quiver Dance|p1a: Volcarona\n|-boost|p1a: Volcarona|spa|1\n|-boost|p1a: Volcarona|spd|1\n|-boost|p1a: Volcarona|spe|1\n|move|p2a: Chandelure|Shadow Ball|p1a: Volcarona\n|-damage|p1a: Volcarona|138/257\n|\n|upkeep\n|turn|18\n|\n|t:|1781427564\n|move|p1a: Volcarona|Quiver Dance|p1a: Volcarona\n|-boost|p1a: Volcarona|spa|1\n|-boost|p1a: Volcarona|spd|1\n|-boost|p1a: Volcarona|spe|1\n|move|p2a: Chandelure|Shadow Ball|p1a: Volcarona\n|-damage|p1a: Volcarona|108/257\n|\n|upkeep\n|turn|19\n|\n|t:|1781427566\n|move|p1a: Volcarona|Morning Sun|p1a: Volcarona\n|-heal|p1a: Volcarona|236/257\n|move|p2a: Chandelure|Shadow Ball|p1a: Volcarona\n|-damage|p1a: Volcarona|206/257\n|\n|upkeep\n|turn|20\n|\n|t:|1781427574\n|move|p1a: Volcarona|Giga Drain|p2a: Chandelure\n|-resisted|p2a: Chandelure\n|-damage|p2a: Chandelure|121/235\n|-heal|p1a: Volcarona|257/257|[from] drain|[of] p2a: Chandelure\n|move|p2a: Chandelure|Shadow Ball|p1a: Volcarona\n|-damage|p1a: Volcarona|230/257\n|\n|upkeep\n|turn|21\n|\n|t:|1781427580\n|move|p1a: Volcarona|Giga Drain|p2a: Chandelure\n|-resisted|p2a: Chandelure\n|-damage|p2a: Chandelure|2/235\n|-heal|p1a: Volcarona|257/257|[from] drain|[of] p2a: Chandelure\n|move|p2a: Chandelure|Shadow Ball|p1a: Volcarona\n|-damage|p1a: Volcarona|230/257\n|-unboost|p1a: Volcarona|spd|1\n|\n|upkeep\n|turn|22\n|\n|t:|1781427594\n|move|p1a: Volcarona|Giga Drain|p2a: Chandelure\n|-resisted|p2a: Chandelure\n|-damage|p2a: Chandelure|0 fnt\n|-heal|p1a: Volcarona|231/257|[from] drain|[of] p2a: Chandelure\n|faint|p2a: Chandelure\n|\n|upkeep\n|\n|t:|1781427600\n|switch|p2a: Regice|Regice, L88|284/284\n|turn|23\n|\n|t:|1781427605\n|-terastallize|p2a: Regice|Electric\n|move|p1a: Volcarona|Fire Blast|p2a: Regice\n|-crit|p2a: Regice\n|-damage|p2a: Regice|0 fnt\n|faint|p2a: Regice\n|\n|upkeep\n|-message|John Five forfeited.\n|\n|win|vCreeze\n", "uploadtime": 1781427331, "views": 3, "formatid": "gen9randombattle", "rating": null, "private": 0, "password": null}