{"id": "gen9randombattle-2631548213", "format": "[Gen 9] Random Battle", "players": ["oneispo", "angsi"], "log": "|j|\u2606oneispo\n|j|\u2606angsi\n|t:|1781399718\n|gametype|singles\n|player|p1|oneispo|2|1906\n|player|p2|angsi|1|1929\n|gen|9\n|tier|[Gen 9] Random Battle\n|rated|\n|rule|Species Clause: Limit one of each Pok\u00e9mon\n|rule|HP Percentage Mod: HP is shown in percentages\n|rule|Sleep Clause Mod: Limit one foe put to sleep\n|rule|Illusion Level Mod: Illusion disguises the Pok\u00e9mon's true level\n|\n|t:|1781399718\n|teamsize|p1|6\n|teamsize|p2|6\n|start\n|switch|p1a: Chi-Yu|Chi-Yu, L77|211/211\n|switch|p2a: Tatsugiri|Tatsugiri, L87, F|260/260\n|-ability|p1a: Chi-Yu|Beads of Ruin\n|turn|1\n|inactive|Battle timer is ON: inactive players will automatically lose when time's up. (requested by oneispo)\n|\n|t:|1781399741\n|switch|p1a: Poliwrath|Poliwrath, L88, F|302/302\n|move|p2a: Tatsugiri|Draco Meteor|p1a: Poliwrath\n|-damage|p1a: Poliwrath|188/302\n|-unboost|p2a: Tatsugiri|spa|2\n|\n|upkeep\n|turn|2\n|\n|t:|1781399750\n|switch|p2a: Swanna|Swanna, L89, M|278/278\n|move|p1a: Poliwrath|Knock Off|p2a: Swanna\n|-damage|p2a: Swanna|186/278\n|-enditem|p2a: Swanna|Heavy-Duty Boots|[from] move: Knock Off|[of] p1a: Poliwrath\n|\n|upkeep\n|turn|3\n|\n|t:|1781399771\n|move|p2a: Swanna|Roost|p2a: Swanna\n|-heal|p2a: Swanna|278/278\n|-singleturn|p2a: Swanna|move: Roost\n|move|p1a: Poliwrath|Circle Throw|p2a: Swanna\n|-damage|p2a: Swanna|191/278\n|drag|p2a: Iron Jugulis|Iron Jugulis, L77|271/271\n|\n|upkeep\n|turn|4\n|\n|t:|1781399781\n|move|p2a: Iron Jugulis|Hurricane|p1a: Poliwrath|[miss]\n|-miss|p2a: Iron Jugulis|p1a: Poliwrath\n|move|p1a: Poliwrath|Knock Off|p2a: Iron Jugulis\n|-resisted|p2a: Iron Jugulis\n|-damage|p2a: Iron Jugulis|233/271\n|-enditem|p2a: Iron Jugulis|Power Herb|[from] move: Knock Off|[of] p1a: Poliwrath\n|\n|upkeep\n|turn|5\n|\n|t:|1781399790\n|switch|p1a: Arceus|Arceus-Rock, L74|300/300\n|move|p2a: Iron Jugulis|Hurricane|p1a: Arceus\n|-resisted|p1a: Arceus\n|-damage|p1a: Arceus|251/300\n|-start|p1a: Arceus|confusion\n|\n|upkeep\n|turn|6\n|\n|t:|1781399803\n|switch|p1a: Poliwrath|Poliwrath, L88, F|188/302\n|-end|p2a: Iron Jugulis|Quark Drive|[silent]\n|switch|p2a: Hitmontop|Hitmontop, L88, M|231/231\n|-ability|p2a: Hitmontop|Intimidate|boost\n|-unboost|p1a: Poliwrath|atk|1\n|\n|upkeep\n|turn|7\n|\n|t:|1781399817\n|move|p2a: Hitmontop|Close Combat|p1a: Poliwrath\n|-damage|p1a: Poliwrath|0 fnt\n|-unboost|p2a: Hitmontop|def|1\n|-unboost|p2a: Hitmontop|spd|1\n|faint|p1a: Poliwrath\n|\n|upkeep\n|\n|t:|1781399825\n|switch|p1a: Chi-Yu|Chi-Yu, L77|211/211\n|-ability|p1a: Chi-Yu|Beads of Ruin\n|turn|8\n|\n|t:|1781399830\n|switch|p2a: Houndoom|Houndoom, L87, M|272/272\n|move|p1a: Chi-Yu|Psychic|p2a: Houndoom\n|-immune|p2a: Houndoom\n|\n|upkeep\n|turn|9\n|\n|t:|1781399838\n|switch|p2a: Hitmontop|Hitmontop, L88, M|231/231\n|-ability|p2a: Hitmontop|Intimidate|boost\n|-unboost|p1a: Chi-Yu|atk|1\n|switch|p1a: Zamazenta|Zamazenta, L71|248/248\n|-ability|p1a: Zamazenta|Dauntless Shield|boost\n|-boost|p1a: Zamazenta|def|1\n|\n|upkeep\n|turn|10\n|\n|t:|1781399856\n|switch|p2a: Iron Jugulis|Iron Jugulis, L77|233/271\n|move|p1a: Zamazenta|Stone Edge|p2a: Iron Jugulis\n|-supereffective|p2a: Iron Jugulis\n|-damage|p2a: Iron Jugulis|19/271\n|\n|upkeep\n|turn|11\n|\n|t:|1781399863\n|move|p1a: Zamazenta|Stone Edge|p2a: Iron Jugulis\n|-supereffective|p2a: Iron Jugulis\n|-damage|p2a: Iron Jugulis|0 fnt\n|faint|p2a: Iron Jugulis\n|-end|p2a: Iron Jugulis|Quark Drive|[silent]\n|\n|upkeep\n|\n|t:|1781399865\n|switch|p2a: Tatsugiri|Tatsugiri, L87, F|260/260\n|turn|12\n|\n|t:|1781399872\n|move|p1a: Zamazenta|Stone Edge|p2a: Tatsugiri\n|-damage|p2a: Tatsugiri|153/260\n|move|p2a: Tatsugiri|Draco Meteor|p1a: Zamazenta\n|-crit|p1a: Zamazenta\n|-damage|p1a: Zamazenta|11/248\n|-unboost|p2a: Tatsugiri|spa|2\n|\n|upkeep\n|turn|13\n|\n|t:|1781399880\n|switch|p2a: Hitmontop|Hitmontop, L88, M|231/231\n|-ability|p2a: Hitmontop|Intimidate|boost\n|-unboost|p1a: Zamazenta|atk|1\n|move|p1a: Zamazenta|Stone Edge|p2a: Hitmontop\n|-resisted|p2a: Hitmontop\n|-damage|p2a: Hitmontop|204/231\n|\n|upkeep\n|turn|14\n|\n|t:|1781399888\n|move|p1a: Zamazenta|Stone Edge|p2a: Hitmontop|[miss]\n|-miss|p1a: Zamazenta|p2a: Hitmontop\n|move|p2a: Hitmontop|Close Combat|p1a: Zamazenta\n|-damage|p1a: Zamazenta|0 fnt\n|-unboost|p2a: Hitmontop|def|1\n|-unboost|p2a: Hitmontop|spd|1\n|faint|p1a: Zamazenta\n|\n|upkeep\n|\n|t:|1781399897\n|switch|p1a: Muk|Muk-Alola, L82, F|306/306\n|turn|15\n|\n|t:|1781399902\n|switch|p2a: Excadrill|Excadrill, L79, M|303/303\n|-ability|p2a: Excadrill|Mold Breaker\n|move|p1a: Muk|Poison Jab|p2a: Excadrill\n|-immune|p2a: Excadrill\n|\n|upkeep\n|turn|16\n|\n|t:|1781399910\n|switch|p1a: Dudunsparce|Dudunsparce-Three-Segment, L83, F|343/343\n|move|p2a: Excadrill|Rapid Spin|p1a: Dudunsparce\n|-damage|p1a: Dudunsparce|301/343\n|-boost|p2a: Excadrill|spe|1\n|\n|-heal|p1a: Dudunsparce|322/343|[from] item: Leftovers\n|upkeep\n|turn|17\n|\n|t:|1781399919\n|-terastallize|p2a: Excadrill|Ground\n|move|p2a: Excadrill|Swords Dance|p2a: Excadrill\n|-boost|p2a: Excadrill|atk|2\n|move|p1a: Dudunsparce|Earthquake|p2a: Excadrill\n|-damage|p2a: Excadrill|204/303\n|\n|-heal|p2a: Excadrill|222/303|[from] item: Leftovers\n|-heal|p1a: Dudunsparce|343/343|[from] item: Leftovers\n|upkeep\n|turn|18\n|\n|t:|1781399930\n|move|p2a: Excadrill|Earthquake|p1a: Dudunsparce\n|-damage|p1a: Dudunsparce|15/343\n|move|p1a: Dudunsparce|Boomburst|p2a: Excadrill\n|-damage|p2a: Excadrill|41/303\n|\n|-heal|p2a: Excadrill|59/303|[from] item: Leftovers\n|-heal|p1a: Dudunsparce|36/343|[from] item: Leftovers\n|upkeep\n|turn|19\n|\n|t:|1781399937\n|move|p2a: Excadrill|Rapid Spin|p1a: Dudunsparce\n|-damage|p1a: Dudunsparce|0 fnt\n|-boost|p2a: Excadrill|spe|1\n|faint|p1a: Dudunsparce\n|\n|-heal|p2a: Excadrill|77/303|[from] item: Leftovers\n|upkeep\n|-message|oneispo forfeited.\n|\n|win|angsi\n|raw|oneispo's rating: 1906 &rarr; <strong>1887</strong><br />(-19 for losing)\n|raw|angsi's rating: 1929 &rarr; <strong>1948</strong><br />(+19 for winning)\n", "uploadtime": 1781399719, "views": 3, "formatid": "gen9randombattle", "rating": 1887, "private": 0, "password": null}