{"id": "gen9randombattle-2631829888", "format": "[Gen 9] Random Battle", "players": ["Lord Stantler", "Jefejenaro"], "log": "|j|\u2606Lord Stantler\n|j|\u2606Jefejenaro\n|t:|1781445520\n|gametype|singles\n|player|p1|Lord Stantler|169|1953\n|player|p2|Jefejenaro|wallace|1996\n|gen|9\n|tier|[Gen 9] Random Battle\n|rated|\n|rule|Species Clause: Limit one of each Pok\u00e9mon\n|rule|HP Percentage Mod: HP is shown in percentages\n|rule|Sleep Clause Mod: Limit one foe put to sleep\n|rule|Illusion Level Mod: Illusion disguises the Pok\u00e9mon's true level\n|\n|t:|1781445520\n|teamsize|p1|6\n|teamsize|p2|6\n|start\n|switch|p1a: Scrafty|Scrafty, L83, M|244/244\n|switch|p2a: Dachsbun|Dachsbun, L92, M|254/254\n|-ability|p1a: Scrafty|Intimidate|boost\n|-unboost|p2a: Dachsbun|atk|1\n|turn|1\n|inactive|Battle timer is ON: inactive players will automatically lose when time's up. (requested by Lord Stantler)\n|\n|t:|1781445535\n|switch|p1a: Wigglytuff|Wigglytuff, L96, F|424/424\n|move|p2a: Dachsbun|Play Rough|p1a: Wigglytuff\n|-damage|p1a: Wigglytuff|340/424\n|\n|-heal|p1a: Wigglytuff|366/424|[from] item: Leftovers\n|upkeep\n|turn|2\n|\n|t:|1781445553\n|switch|p2a: Magearna|Magearna, L77|250/250\n|move|p1a: Wigglytuff|Knock Off|p2a: Magearna\n|-resisted|p2a: Magearna\n|-damage|p2a: Magearna|218/250\n|-enditem|p2a: Magearna|Leftovers|[from] move: Knock Off|[of] p1a: Wigglytuff\n|\n|-heal|p1a: Wigglytuff|392/424|[from] item: Leftovers\n|upkeep\n|turn|3\n|\n|t:|1781445563\n|move|p2a: Magearna|Spikes|p1a: Wigglytuff\n|-sidestart|p1: Lord Stantler|Spikes\n|move|p1a: Wigglytuff|Thunder Wave|p2a: Magearna\n|-status|p2a: Magearna|par\n|\n|-heal|p1a: Wigglytuff|418/424|[from] item: Leftovers\n|upkeep\n|turn|4\n|\n|t:|1781445589\n|move|p1a: Wigglytuff|Fire Blast|p2a: Magearna\n|-supereffective|p2a: Magearna\n|-damage|p2a: Magearna|46/250 par\n|move|p2a: Magearna|Spikes|p1a: Wigglytuff\n|-sidestart|p1: Lord Stantler|Spikes\n|\n|-heal|p1a: Wigglytuff|424/424|[from] item: Leftovers\n|upkeep\n|turn|5\n|\n|t:|1781445598\n|move|p1a: Wigglytuff|Knock Off|p2a: Magearna\n|-resisted|p2a: Magearna\n|-damage|p2a: Magearna|24/250 par\n|cant|p2a: Magearna|par\n|\n|upkeep\n|turn|6\n|\n|t:|1781445603\n|move|p1a: Wigglytuff|Dazzling Gleam|p2a: Magearna\n|-resisted|p2a: Magearna\n|-damage|p2a: Magearna|0 fnt\n|faint|p2a: Magearna\n|\n|upkeep\n|\n|t:|1781445615\n|switch|p2a: Empoleon|Empoleon, L84, M|278/278\n|turn|7\n|\n|t:|1781445620\n|move|p2a: Empoleon|Knock Off|p1a: Wigglytuff\n|-resisted|p1a: Wigglytuff\n|-crit|p1a: Wigglytuff\n|-damage|p1a: Wigglytuff|361/424\n|-enditem|p1a: Wigglytuff|Leftovers|[from] move: Knock Off|[of] p2a: Empoleon\n|move|p1a: Wigglytuff|Thunder Wave|p2a: Empoleon\n|-status|p2a: Empoleon|par\n|\n|upkeep\n|turn|8\n|\n|t:|1781445624\n|move|p1a: Wigglytuff|Knock Off|p2a: Empoleon\n|-damage|p2a: Empoleon|205/278 par\n|-enditem|p2a: Empoleon|Leftovers|[from] move: Knock Off|[of] p1a: Wigglytuff\n|cant|p2a: Empoleon|par\n|\n|upkeep\n|turn|9\n|\n|t:|1781445630\n|move|p1a: Wigglytuff|Knock Off|p2a: Empoleon\n|-damage|p2a: Empoleon|155/278 par\n|move|p2a: Empoleon|Yawn|p1a: Wigglytuff\n|-start|p1a: Wigglytuff|move: Yawn|[of] p2a: Empoleon\n|\n|upkeep\n|turn|10\n|\n|t:|1781445645\n|switch|p1a: Dedenne|Dedenne, L88, M|261/261\n|-damage|p1a: Dedenne|218/261|[from] Spikes\n|move|p2a: Empoleon|Roost|p2a: Empoleon\n|-heal|p2a: Empoleon|278/278 par\n|-singleturn|p2a: Empoleon|move: Roost\n|\n|upkeep\n|turn|11\n|\n|t:|1781445665\n|move|p1a: Dedenne|Thunderbolt|p2a: Empoleon\n|-supereffective|p2a: Empoleon\n|-damage|p2a: Empoleon|126/278 par\n|move|p2a: Empoleon|Knock Off|p1a: Dedenne\n|-resisted|p1a: Dedenne\n|-damage|p1a: Dedenne|177/261\n|-enditem|p1a: Dedenne|Sitrus Berry|[from] move: Knock Off|[of] p2a: Empoleon\n|\n|upkeep\n|turn|12\n|\n|t:|1781445679\n|switch|p2a: Galvantula|Galvantula, L82, F|249/249\n|move|p1a: Dedenne|Thunderbolt|p2a: Galvantula\n|-resisted|p2a: Galvantula\n|-damage|p2a: Galvantula|189/249\n|\n|upkeep\n|turn|13\n|\n|t:|1781445683\n|move|p1a: Dedenne|Super Fang|p2a: Galvantula\n|-damage|p2a: Galvantula|95/249\n|move|p2a: Galvantula|Sticky Web|p1a: Dedenne\n|-sidestart|p1: Lord Stantler|move: Sticky Web\n|\n|upkeep\n|turn|14\n|\n|t:|1781445691\n|move|p1a: Dedenne|Dazzling Gleam|p2a: Galvantula\n|-damage|p2a: Galvantula|0 fnt\n|faint|p2a: Galvantula\n|\n|upkeep\n|\n|t:|1781445699\n|switch|p2a: Dachsbun|Dachsbun, L92, M|254/254\n|turn|15\n|\n|t:|1781445703\n|move|p1a: Dedenne|Thunderbolt|p2a: Dachsbun\n|-damage|p2a: Dachsbun|170/254\n|move|p2a: Dachsbun|Play Rough|p1a: Dedenne\n|-damage|p1a: Dedenne|56/261\n|\n|-heal|p2a: Dachsbun|185/254|[from] item: Leftovers\n|upkeep\n|turn|16\n|\n|t:|1781445708\n|move|p2a: Dachsbun|Protect|p2a: Dachsbun\n|-singleturn|p2a: Dachsbun|Protect\n|move|p1a: Dedenne|Thunderbolt|p2a: Dachsbun\n|-activate|p2a: Dachsbun|move: Protect\n|\n|-heal|p2a: Dachsbun|200/254|[from] item: Leftovers\n|upkeep\n|turn|17\n|\n|t:|1781445712\n|move|p1a: Dedenne|Thunderbolt|p2a: Dachsbun\n|-damage|p2a: Dachsbun|110/254\n|-status|p2a: Dachsbun|par\n|move|p2a: Dachsbun|Play Rough|p1a: Dedenne\n|-damage|p1a: Dedenne|0 fnt\n|faint|p1a: Dedenne\n|\n|-heal|p2a: Dachsbun|125/254 par|[from] item: Leftovers\n|upkeep\n|\n|t:|1781445722\n|switch|p1a: Wigglytuff|Wigglytuff, L96, F|361/424\n|-damage|p1a: Wigglytuff|291/424|[from] Spikes\n|-activate|p1a: Wigglytuff|move: Sticky Web\n|-unboost|p1a: Wigglytuff|spe|1\n|-ability|p1a: Wigglytuff|Competitive|boost\n|-boost|p1a: Wigglytuff|spa|2\n|turn|18\n|\n|t:|1781445735\n|move|p2a: Dachsbun|Play Rough|p1a: Wigglytuff\n|-damage|p1a: Wigglytuff|158/424\n|move|p1a: Wigglytuff|Dazzling Gleam|p2a: Dachsbun\n|-damage|p2a: Dachsbun|0 fnt\n|faint|p2a: Dachsbun\n|\n|upkeep\n|\n|t:|1781445748\n|switch|p2a: Empoleon|Empoleon, L84, M|126/278 par\n|turn|19\n|\n|t:|1781445752\n|move|p1a: Wigglytuff|Fire Blast|p2a: Empoleon\n|-damage|p2a: Empoleon|0 fnt\n|faint|p2a: Empoleon\n|\n|upkeep\n|\n|t:|1781445756\n|switch|p2a: Drifblim|Drifblim, L86, M|398/398\n|turn|20\n|\n|t:|1781445758\n|move|p2a: Drifblim|Air Slash|p1a: Wigglytuff\n|-damage|p1a: Wigglytuff|52/424\n|cant|p1a: Wigglytuff|flinch\n|\n|upkeep\n|turn|21\n|\n|t:|1781445762\n|move|p2a: Drifblim|Air Slash|p1a: Wigglytuff\n|-damage|p1a: Wigglytuff|0 fnt\n|faint|p1a: Wigglytuff\n|\n|upkeep\n|\n|t:|1781445770\n|switch|p1a: Scrafty|Scrafty, L83, M|244/244\n|-damage|p1a: Scrafty|204/244|[from] Spikes\n|-activate|p1a: Scrafty|move: Sticky Web\n|-unboost|p1a: Scrafty|spe|1\n|-ability|p1a: Scrafty|Intimidate|boost\n|-unboost|p2a: Drifblim|atk|1\n|turn|22\n|\n|t:|1781445777\n|move|p2a: Drifblim|Air Slash|p1a: Scrafty\n|-supereffective|p1a: Scrafty\n|-damage|p1a: Scrafty|82/244\n|move|p1a: Scrafty|Dragon Dance|p1a: Scrafty\n|-boost|p1a: Scrafty|atk|1\n|-boost|p1a: Scrafty|spe|1\n|\n|-heal|p1a: Scrafty|97/244|[from] item: Leftovers\n|upkeep\n|turn|23\n|\n|t:|1781445783\n|-terastallize|p1a: Scrafty|Poison\n|move|p2a: Drifblim|Air Slash|p1a: Scrafty\n|-damage|p1a: Scrafty|37/244\n|move|p1a: Scrafty|Dragon Dance|p1a: Scrafty\n|-boost|p1a: Scrafty|atk|1\n|-boost|p1a: Scrafty|spe|1\n|\n|-heal|p1a: Scrafty|52/244|[from] item: Leftovers\n|upkeep\n|turn|24\n|\n|t:|1781445792\n|move|p1a: Scrafty|Knock Off|p2a: Drifblim\n|-supereffective|p2a: Drifblim\n|-crit|p2a: Drifblim\n|-damage|p2a: Drifblim|0 fnt\n|-damage|p1a: Scrafty|0 fnt|[from] ability: Aftermath|[of] p2a: Drifblim\n|faint|p2a: Drifblim\n|faint|p1a: Scrafty\n|\n|upkeep\n|\n|t:|1781445799\n|switch|p2a: Charizard|Charizard, L85, M|271/271\n|switch|p1a: Mienshao|Mienshao, L83, M|244/244\n|-damage|p1a: Mienshao|204/244|[from] Spikes\n|-activate|p1a: Mienshao|move: Sticky Web\n|-unboost|p1a: Mienshao|spe|1\n|turn|25\n|\n|t:|1781445804\n|move|p2a: Charizard|Hurricane|p1a: Mienshao\n|-supereffective|p1a: Mienshao\n|-damage|p1a: Mienshao|0 fnt\n|faint|p1a: Mienshao\n|\n|upkeep\n|\n|t:|1781445805\n|switch|p1a: Flygon|Flygon, L82, F|265/265\n|turn|26\n|\n|t:|1781445818\n|move|p2a: Charizard|Hurricane|p1a: Flygon\n|-damage|p1a: Flygon|130/265\n|move|p1a: Flygon|Stone Edge|p2a: Charizard\n|-supereffective|p2a: Charizard\n|-damage|p2a: Charizard|0 fnt\n|faint|p2a: Charizard\n|\n|win|Lord Stantler\n", "uploadtime": 1781445522, "views": 6, "formatid": "gen9randombattle", "rating": null, "private": 0, "password": null}