{"id": "gen9randombattle-2631448209", "format": "[Gen 9] Random Battle", "players": ["moritzvb", "nooks n grannies"], "log": "|j|\u2606moritzvb\n|j|\u2606nooks n grannies\n|t:|1781385897\n|gametype|singles\n|player|p1|moritzvb|ariana|2180\n|player|p2|nooks n grannies|madame|2258\n|gen|9\n|tier|[Gen 9] Random Battle\n|rated|\n|rule|Species Clause: Limit one of each Pok\u00e9mon\n|rule|HP Percentage Mod: HP is shown in percentages\n|rule|Sleep Clause Mod: Limit one foe put to sleep\n|rule|Illusion Level Mod: Illusion disguises the Pok\u00e9mon's true level\n|\n|t:|1781385898\n|teamsize|p1|6\n|teamsize|p2|6\n|start\n|switch|p1a: Mimikyu|Mimikyu, L79, M|216/216\n|switch|p2a: Squawkabilly|Squawkabilly, L85, F|278/278\n|turn|1\n|inactive|Battle timer is ON: inactive players will automatically lose when time's up. (requested by nooks n grannies)\n|\n|t:|1781385926\n|switch|p1a: Ampharos|Ampharos, L88, M|302/302\n|move|p2a: Squawkabilly|U-turn|p1a: Ampharos\n|-damage|p1a: Ampharos|249/302\n|\n|t:|1781385937\n|switch|p2a: Gliscor|Gliscor, L76, M|239/239|[from] U-turn\n|\n|-status|p2a: Gliscor|tox|[from] item: Toxic Orb\n|upkeep\n|turn|2\n|\n|t:|1781385954\n|switch|p1a: Golem|Golem, L87, M|281/281\n|move|p2a: Gliscor|Knock Off|p1a: Golem\n|-damage|p1a: Golem|238/281\n|-enditem|p1a: Golem|Custap Berry|[from] move: Knock Off|[of] p2a: Gliscor\n|\n|upkeep\n|turn|3\n|\n|t:|1781385972\n|move|p2a: Gliscor|Earthquake|p1a: Golem\n|-supereffective|p1a: Golem\n|-damage|p1a: Golem|110/281\n|move|p1a: Golem|Stealth Rock|p2a: Gliscor\n|-sidestart|p2: nooks n grannies|move: Stealth Rock\n|\n|upkeep\n|turn|4\n|\n|t:|1781385978\n|switch|p1a: Delibird|Delibird, F|252/252\n|move|p2a: Gliscor|Earthquake|p1a: Delibird\n|-immune|p1a: Delibird\n|\n|upkeep\n|turn|5\n|inactive|nooks n grannies has 120 seconds left.\n|\n|t:|1781386016\n|-terastallize|p2a: Gliscor|Water\n|move|p1a: Delibird|Spikes|p2a: Gliscor\n|-sidestart|p2: nooks n grannies|Spikes\n|move|p2a: Gliscor|Toxic|p1a: Delibird\n|-status|p1a: Delibird|tox\n|\n|-damage|p1a: Delibird|237/252 tox|[from] psn\n|upkeep\n|turn|6\n|inactive|nooks n grannies has 120 seconds left.\n|\n|t:|1781386022\n|move|p1a: Delibird|Spikes|p2a: Gliscor\n|-sidestart|p2: nooks n grannies|Spikes\n|move|p2a: Gliscor|Knock Off|p1a: Delibird\n|-damage|p1a: Delibird|167/252 tox\n|-enditem|p1a: Delibird|Heavy-Duty Boots|[from] move: Knock Off|[of] p2a: Gliscor\n|\n|-damage|p1a: Delibird|137/252 tox|[from] psn\n|upkeep\n|turn|7\n|\n|t:|1781386026\n|move|p1a: Delibird|Freeze-Dry|p2a: Gliscor\n|-supereffective|p2a: Gliscor\n|-damage|p2a: Gliscor|39/239 tox\n|move|p2a: Gliscor|Knock Off|p1a: Delibird\n|-damage|p1a: Delibird|85/252 tox\n|\n|-damage|p1a: Delibird|40/252 tox|[from] psn\n|-heal|p2a: Gliscor|68/239 tox|[from] ability: Poison Heal\n|upkeep\n|turn|8\n|\n|t:|1781386030\n|switch|p1a: Mismagius|Mismagius, L86, F|243/243\n|move|p2a: Gliscor|Protect||[still]\n|-fail|p2a: Gliscor\n|\n|-heal|p2a: Gliscor|97/239 tox|[from] ability: Poison Heal\n|upkeep\n|turn|9\n|\n|t:|1781386041\n|switch|p2a: Sableye|Sableye, L88, M|231/231\n|-damage|p2a: Sableye|203/231|[from] Stealth Rock\n|-damage|p2a: Sableye|165/231|[from] Spikes\n|move|p1a: Mismagius|Dazzling Gleam|p2a: Sableye\n|-supereffective|p2a: Sableye\n|-damage|p2a: Sableye|0 fnt\n|faint|p2a: Sableye\n|-damage|p1a: Mismagius|219/243|[from] item: Life Orb\n|\n|upkeep\n|\n|t:|1781386055\n|switch|p2a: Squawkabilly|Squawkabilly, L85, F|278/278\n|-damage|p2a: Squawkabilly|209/278|[from] Stealth Rock\n|turn|10\n|\n|t:|1781386062\n|switch|p1a: Golem|Golem, L87, M|110/281\n|move|p2a: Squawkabilly|Brave Bird|p1a: Golem\n|-resisted|p1a: Golem\n|-damage|p1a: Golem|62/281\n|-damage|p2a: Squawkabilly|193/278|[from] Recoil\n|\n|-status|p2a: Squawkabilly|brn|[from] item: Flame Orb\n|upkeep\n|turn|11\n|\n|t:|1781386068\n|move|p2a: Squawkabilly|Facade|p1a: Golem\n|-resisted|p1a: Golem\n|-damage|p1a: Golem|0 fnt\n|faint|p1a: Golem\n|\n|-damage|p2a: Squawkabilly|176/278 brn|[from] brn\n|upkeep\n|\n|t:|1781386079\n|switch|p1a: Delibird|Delibird, F|40/252 tox\n|turn|12\n|\n|t:|1781386087\n|move|p2a: Squawkabilly|Quick Attack|p1a: Delibird\n|-damage|p1a: Delibird|0 fnt\n|faint|p1a: Delibird\n|\n|-damage|p2a: Squawkabilly|159/278 brn|[from] brn\n|upkeep\n|\n|t:|1781386092\n|switch|p1a: Ampharos|Ampharos, L88, M|249/302\n|turn|13\n|\n|t:|1781386099\n|switch|p1a: Mismagius|Mismagius, L86, F|219/243\n|move|p2a: Squawkabilly|Facade|p1a: Mismagius\n|-immune|p1a: Mismagius\n|\n|-damage|p2a: Squawkabilly|142/278 brn|[from] brn\n|upkeep\n|turn|14\n|\n|t:|1781386114\n|switch|p1a: Ampharos|Ampharos, L88, M|249/302\n|move|p2a: Squawkabilly|Brave Bird|p1a: Ampharos\n|-resisted|p1a: Ampharos\n|-damage|p1a: Ampharos|153/302\n|-damage|p2a: Squawkabilly|110/278 brn|[from] Recoil\n|\n|-damage|p2a: Squawkabilly|93/278 brn|[from] brn\n|upkeep\n|turn|15\n|\n|t:|1781386123\n|move|p2a: Squawkabilly|Brave Bird|p1a: Ampharos\n|-resisted|p1a: Ampharos\n|-damage|p1a: Ampharos|57/302\n|-damage|p2a: Squawkabilly|61/278 brn|[from] Recoil\n|move|p1a: Ampharos|Dazzling Gleam|p2a: Squawkabilly\n|-damage|p2a: Squawkabilly|0 fnt\n|faint|p2a: Squawkabilly\n|\n|upkeep\n|\n|t:|1781386135\n|switch|p2a: Gliscor|Gliscor, L76, M, tera:Water|97/239 tox\n|-damage|p2a: Gliscor|68/239 tox|[from] Stealth Rock\n|-damage|p2a: Gliscor|29/239 tox|[from] Spikes\n|turn|16\n|\n|t:|1781386142\n|move|p2a: Gliscor|Earthquake|p1a: Ampharos\n|-supereffective|p1a: Ampharos\n|-damage|p1a: Ampharos|0 fnt\n|faint|p1a: Ampharos\n|\n|-heal|p2a: Gliscor|58/239 tox|[from] ability: Poison Heal\n|upkeep\n|\n|t:|1781386144\n|switch|p1a: Mismagius|Mismagius, L86, F|219/243\n|turn|17\n|\n|t:|1781386152\n|move|p2a: Gliscor|Protect|p2a: Gliscor\n|-singleturn|p2a: Gliscor|Protect\n|move|p1a: Mismagius|Shadow Ball|p2a: Gliscor\n|-activate|p2a: Gliscor|move: Protect\n|\n|-heal|p2a: Gliscor|87/239 tox|[from] ability: Poison Heal\n|upkeep\n|turn|18\n|\n|t:|1781386166\n|switch|p2a: Cyclizar|Cyclizar, L83, F|252/252\n|move|p1a: Mismagius|Dazzling Gleam|p2a: Cyclizar\n|-supereffective|p2a: Cyclizar\n|-damage|p2a: Cyclizar|34/252\n|-damage|p1a: Mismagius|195/243|[from] item: Life Orb\n|\n|upkeep\n|turn|19\n|\n|t:|1781386178\n|move|p2a: Cyclizar|Draco Meteor|p1a: Mismagius\n|-damage|p1a: Mismagius|87/243\n|-unboost|p2a: Cyclizar|spa|2\n|move|p1a: Mismagius|Dazzling Gleam|p2a: Cyclizar\n|-supereffective|p2a: Cyclizar\n|-damage|p2a: Cyclizar|0 fnt\n|faint|p2a: Cyclizar\n|-damage|p1a: Mismagius|63/243|[from] item: Life Orb\n|\n|upkeep\n|\n|t:|1781386191\n|switch|p2a: Chandelure|Chandelure, L83, F|235/235\n|turn|20\n|\n|t:|1781386196\n|move|p1a: Mismagius|Shadow Ball|p2a: Chandelure\n|-supereffective|p2a: Chandelure\n|-damage|p2a: Chandelure|1/235\n|-damage|p1a: Mismagius|39/243|[from] item: Life Orb\n|move|p2a: Chandelure|Shadow Ball|p1a: Mismagius\n|-supereffective|p1a: Mismagius\n|-damage|p1a: Mismagius|0 fnt\n|faint|p1a: Mismagius\n|\n|upkeep\n|\n|t:|1781386201\n|switch|p1a: Mimikyu|Mimikyu, L79, M|216/216\n|turn|21\n|\n|t:|1781386207\n|move|p1a: Mimikyu|Shadow Sneak|p2a: Chandelure\n|-supereffective|p2a: Chandelure\n|-damage|p2a: Chandelure|0 fnt\n|faint|p2a: Chandelure\n|-damage|p1a: Mimikyu|195/216|[from] item: Life Orb\n|\n|upkeep\n|\n|t:|1781386217\n|switch|p2a: Gliscor|Gliscor, L76, M, tera:Water|87/239 tox\n|-damage|p2a: Gliscor|58/239 tox|[from] Stealth Rock\n|-damage|p2a: Gliscor|19/239 tox|[from] Spikes\n|turn|22\n|\n|t:|1781386222\n|move|p2a: Gliscor|Protect|p2a: Gliscor\n|-singleturn|p2a: Gliscor|Protect\n|move|p1a: Mimikyu|Shadow Sneak|p2a: Gliscor\n|-activate|p2a: Gliscor|move: Protect\n|\n|-heal|p2a: Gliscor|48/239 tox|[from] ability: Poison Heal\n|upkeep\n|turn|23\n|\n|t:|1781386228\n|move|p1a: Mimikyu|Play Rough|p2a: Gliscor\n|-damage|p2a: Gliscor|0 fnt\n|faint|p2a: Gliscor\n|-damage|p1a: Mimikyu|174/216|[from] item: Life Orb\n|\n|upkeep\n|\n|t:|1781386231\n|switch|p2a: Calyrex|Calyrex-Ice, L72|263/263\n|-ability|p2a: Calyrex|As One\n|-ability|p2a: Calyrex|Unnerve\n|turn|24\n|\n|t:|1781386239\n|move|p1a: Mimikyu|Swords Dance|p1a: Mimikyu\n|-boost|p1a: Mimikyu|atk|2\n|move|p2a: Calyrex|Glacial Lance|p1a: Mimikyu\n|-activate|p1a: Mimikyu|ability: Disguise\n|-damage|p1a: Mimikyu|174/216\n|detailschange|p1a: Mimikyu|Mimikyu-Busted, L79, M\n|-damage|p1a: Mimikyu|147/216|[from] pokemon: Mimikyu-Busted\n|\n|upkeep\n|turn|25\n|\n|t:|1781386244\n|move|p1a: Mimikyu|Drain Punch|p2a: Calyrex\n|-damage|p2a: Calyrex|167/263\n|-heal|p1a: Mimikyu|195/216|[from] drain|[of] p2a: Calyrex\n|-damage|p1a: Mimikyu|174/216|[from] item: Life Orb\n|move|p2a: Calyrex|Glacial Lance|p1a: Mimikyu\n|-damage|p1a: Mimikyu|0 fnt\n|faint|p1a: Mimikyu\n|-ability|p2a: Calyrex|Chilling Neigh|boost\n|-boost|p2a: Calyrex|atk|1\n|\n|upkeep\n|\n|t:|1781386249\n|switch|p1a: Gumshoos|Gumshoos, L95, F|321/321\n|turn|26\n|\n|t:|1781386257\n|move|p1a: Gumshoos|Knock Off|p2a: Calyrex\n|-supereffective|p2a: Calyrex\n|-damage|p2a: Calyrex|0 fnt\n|-enditem|p2a: Calyrex|Heavy-Duty Boots|[from] move: Knock Off|[of] p1a: Gumshoos\n|faint|p2a: Calyrex\n|\n|win|moritzvb\n", "uploadtime": 1781385900, "views": 4, "formatid": "gen9randombattle", "rating": null, "private": 0, "password": null}