{"id": "gen9randombattle-2631991073", "format": "[Gen 9] Random Battle", "players": ["aceguy123", "Illuminating_Fate"], "log": "|j|\u2606aceguy123\n|j|\u2606Illuminating_Fate\n|t:|1781463502\n|gametype|singles\n|player|p1|aceguy123|firebreather|2272\n|player|p2|Illuminating_Fate|lucas|2181\n|gen|9\n|tier|[Gen 9] Random Battle\n|rated|\n|rule|Species Clause: Limit one of each Pok\u00e9mon\n|rule|HP Percentage Mod: HP is shown in percentages\n|rule|Sleep Clause Mod: Limit one foe put to sleep\n|rule|Illusion Level Mod: Illusion disguises the Pok\u00e9mon's true level\n|\n|t:|1781463502\n|teamsize|p1|6\n|teamsize|p2|6\n|start\n|switch|p1a: Basculegion|Basculegion-F, L83, F|335/335\n|switch|p2a: Slowking|Slowking, L88, M|310/310\n|turn|1\n|inactive|Battle timer is ON: inactive players will automatically lose when time's up. (requested by aceguy123)\n|\n|t:|1781463507\n|switch|p2a: Brute Bonnet|Brute Bonnet, L80|309/309\n|move|p1a: Basculegion|Shadow Ball|p2a: Brute Bonnet\n|-resisted|p2a: Brute Bonnet\n|-damage|p2a: Brute Bonnet|250/309\n|\n|-heal|p2a: Brute Bonnet|269/309|[from] item: Leftovers\n|upkeep\n|turn|2\n|\n|t:|1781463512\n|move|p1a: Basculegion|Flip Turn|p2a: Brute Bonnet\n|-resisted|p2a: Brute Bonnet\n|-damage|p2a: Brute Bonnet|229/309\n|\n|t:|1781463520\n|switch|p1a: Houndstone|Houndstone, L86, F|264/264|[from] Flip Turn\n|move|p2a: Brute Bonnet|Spore|p1a: Houndstone\n|-status|p1a: Houndstone|slp|[from] move: Spore\n|\n|-heal|p2a: Brute Bonnet|248/309|[from] item: Leftovers\n|upkeep\n|turn|3\n|\n|t:|1781463531\n|switch|p1a: Magcargo|Magcargo, L95, M|268/268\n|move|p2a: Brute Bonnet|Crunch|p1a: Magcargo\n|-damage|p1a: Magcargo|202/268\n|-ability|p1a: Magcargo|Weak Armor|boost\n|-unboost|p1a: Magcargo|def|1\n|-boost|p1a: Magcargo|spe|2\n|\n|-heal|p2a: Brute Bonnet|267/309|[from] item: Leftovers\n|upkeep\n|turn|4\n|\n|t:|1781463550\n|switch|p1a: Cinccino|Cinccino, L83, F|260/260\n|move|p2a: Brute Bonnet|Crunch|p1a: Cinccino\n|-crit|p1a: Cinccino\n|-damage|p1a: Cinccino|73/260\n|\n|-heal|p2a: Brute Bonnet|286/309|[from] item: Leftovers\n|upkeep\n|turn|5\n|\n|t:|1781463556\n|move|p2a: Brute Bonnet|Sucker Punch|p1a: Cinccino\n|-damage|p1a: Cinccino|0 fnt\n|faint|p1a: Cinccino\n|\n|-heal|p2a: Brute Bonnet|305/309|[from] item: Leftovers\n|upkeep\n|\n|t:|1781463570\n|switch|p1a: Magcargo|Magcargo, L95, M|202/268\n|turn|6\n|\n|t:|1781463575\n|-end|p2a: Brute Bonnet|Protosynthesis|[silent]\n|switch|p2a: Slowking|Slowking, L88, M|310/310\n|move|p1a: Magcargo|Fire Blast|p2a: Slowking\n|-resisted|p2a: Slowking\n|-crit|p2a: Slowking\n|-damage|p2a: Slowking|230/310\n|\n|upkeep\n|turn|7\n|\n|t:|1781463582\n|switch|p1a: Primarina|Primarina, L83, F|268/268\n|move|p2a: Slowking|Future Sight|p1a: Primarina\n|-start|p2a: Slowking|move: Future Sight\n|\n|upkeep\n|turn|8\n|\n|t:|1781463586\n|move|p1a: Primarina|Calm Mind|p1a: Primarina\n|-boost|p1a: Primarina|spa|1\n|-boost|p1a: Primarina|spd|1\n|-prepare|p2a: Slowking|Chilly Reception|[premajor]\n|move|p2a: Slowking|Chilly Reception|p2a: Slowking\n|-weather|Snowscape\n|\n|t:|1781463594\n|switch|p2a: Eternatus|Eternatus, L69|308/308|[from] Chilly Reception\n|-ability|p2a: Eternatus|Pressure\n|\n|-weather|Snowscape|[upkeep]\n|upkeep\n|turn|9\n|\n|t:|1781463607\n|-terastallize|p1a: Primarina|Poison\n|move|p2a: Eternatus|Toxic|p1a: Primarina\n|-immune|p1a: Primarina\n|move|p1a: Primarina|Calm Mind|p1a: Primarina\n|-boost|p1a: Primarina|spa|1\n|-boost|p1a: Primarina|spd|1\n|\n|-weather|Snowscape|[upkeep]\n|-end|p1a: Primarina|move: Future Sight\n|-supereffective|p1a: Primarina\n|-damage|p1a: Primarina|158/268\n|-heal|p1a: Primarina|174/268|[from] item: Leftovers\n|upkeep\n|turn|10\n|\n|t:|1781463615\n|move|p2a: Eternatus|Dynamax Cannon|p1a: Primarina\n|-damage|p1a: Primarina|132/268\n|move|p1a: Primarina|Calm Mind|p1a: Primarina\n|-boost|p1a: Primarina|spa|1\n|-boost|p1a: Primarina|spd|1\n|\n|-weather|Snowscape|[upkeep]\n|-heal|p1a: Primarina|148/268|[from] item: Leftovers\n|upkeep\n|turn|11\n|\n|t:|1781463618\n|move|p2a: Eternatus|Flamethrower|p1a: Primarina\n|-damage|p1a: Primarina|129/268\n|move|p1a: Primarina|Draining Kiss|p2a: Eternatus\n|-damage|p2a: Eternatus|133/308\n|-heal|p1a: Primarina|260/268|[from] drain|[of] p2a: Eternatus\n|-damage|p1a: Primarina|216/268|[from] item: Rocky Helmet|[of] p2a: Eternatus\n|\n|-weather|Snowscape|[upkeep]\n|-heal|p1a: Primarina|232/268|[from] item: Leftovers\n|upkeep\n|turn|12\n|\n|t:|1781463623\n|move|p2a: Eternatus|Flamethrower|p1a: Primarina\n|-damage|p1a: Primarina|212/268\n|move|p1a: Primarina|Draining Kiss|p2a: Eternatus\n|-damage|p2a: Eternatus|0 fnt\n|-heal|p1a: Primarina|268/268|[from] drain|[of] p2a: Eternatus\n|-damage|p1a: Primarina|224/268|[from] item: Rocky Helmet|[of] p2a: Eternatus\n|faint|p2a: Eternatus\n|\n|-weather|none\n|-heal|p1a: Primarina|240/268|[from] item: Leftovers\n|upkeep\n|\n|t:|1781463650\n|switch|p2a: Slowking|Slowking, L88, M|310/310\n|turn|13\n|\n|t:|1781463653\n|move|p1a: Primarina|Moonblast|p2a: Slowking\n|-damage|p2a: Slowking|52/310\n|-unboost|p2a: Slowking|spa|1\n|move|p2a: Slowking|Future Sight|p1a: Primarina\n|-start|p2a: Slowking|move: Future Sight\n|\n|-heal|p1a: Primarina|256/268|[from] item: Leftovers\n|upkeep\n|turn|14\n|\n|t:|1781463659\n|move|p1a: Primarina|Moonblast|p2a: Slowking\n|-damage|p2a: Slowking|0 fnt\n|faint|p2a: Slowking\n|\n|-heal|p1a: Primarina|268/268|[from] item: Leftovers\n|upkeep\n|\n|t:|1781463660\n|switch|p2a: Electrode|Electrode, L92|260/260\n|turn|15\n|\n|t:|1781463664\n|move|p2a: Electrode|Explosion|p1a: Primarina\n|-damage|p1a: Primarina|115/268\n|faint|p2a: Electrode\n|move|p1a: Primarina|Draining Kiss|p2: Electrode|[notarget]\n|-fail|p1a: Primarina\n|\n|-end|p1a: Primarina|move: Future Sight\n|-supereffective|p1a: Primarina\n|-damage|p1a: Primarina|25/268\n|-heal|p1a: Primarina|41/268|[from] item: Leftovers\n|upkeep\n|\n|t:|1781463670\n|switch|p2a: Porygon-Z|Porygon-Z, L83|277/277\n|turn|16\n|\n|t:|1781463675\n|move|p2a: Porygon-Z|Tera Blast|p1a: Primarina\n|-damage|p1a: Primarina|0 fnt\n|faint|p1a: Primarina\n|-damage|p2a: Porygon-Z|250/277|[from] item: Life Orb\n|\n|upkeep\n|\n|t:|1781463680\n|switch|p1a: Magcargo|Magcargo, L95, M|202/268\n|turn|17\n|\n|t:|1781463688\n|move|p2a: Porygon-Z|Agility|p2a: Porygon-Z\n|-boost|p2a: Porygon-Z|spe|2\n|move|p1a: Magcargo|Shell Smash|p1a: Magcargo\n|-unboost|p1a: Magcargo|def|1\n|-unboost|p1a: Magcargo|spd|1\n|-boost|p1a: Magcargo|atk|2\n|-boost|p1a: Magcargo|spa|2\n|-boost|p1a: Magcargo|spe|2\n|\n|upkeep\n|turn|18\n|inactive|aceguy123 has 120 seconds left.\n|\n|t:|1781463734\n|-terastallize|p2a: Porygon-Z|Fighting\n|move|p2a: Porygon-Z|Tera Blast|p1a: Magcargo|[anim] Tera Blast Fighting\n|-supereffective|p1a: Magcargo\n|-damage|p1a: Magcargo|0 fnt\n|faint|p1a: Magcargo\n|-damage|p2a: Porygon-Z|223/277|[from] item: Life Orb\n|\n|upkeep\n|\n|t:|1781463753\n|switch|p1a: Basculegion|Basculegion-F, L83, F|335/335\n|turn|19\n|\n|t:|1781463761\n|move|p2a: Porygon-Z|Shadow Ball|p1a: Basculegion\n|-supereffective|p1a: Basculegion\n|-damage|p1a: Basculegion|195/335\n|-damage|p2a: Porygon-Z|196/277|[from] item: Life Orb\n|move|p1a: Basculegion|Shadow Ball|p2a: Porygon-Z\n|-damage|p2a: Porygon-Z|60/277\n|\n|upkeep\n|turn|20\n|\n|t:|1781463768\n|move|p2a: Porygon-Z|Shadow Ball|p1a: Basculegion\n|-supereffective|p1a: Basculegion\n|-crit|p1a: Basculegion\n|-damage|p1a: Basculegion|0 fnt\n|faint|p1a: Basculegion\n|-damage|p2a: Porygon-Z|33/277|[from] item: Life Orb\n|\n|upkeep\n|\n|t:|1781463776\n|switch|p1a: Houndstone|Houndstone, L86, F|264/264 slp\n|turn|21\n|\n|t:|1781463778\n|cant|p1a: Houndstone|slp\n|move|p2a: Porygon-Z|Nasty Plot|p2a: Porygon-Z\n|-boost|p2a: Porygon-Z|spa|2\n|\n|upkeep\n|turn|22\n|\n|t:|1781463780\n|cant|p1a: Houndstone|slp\n|move|p2a: Porygon-Z|Shadow Ball|p1a: Houndstone\n|-supereffective|p1a: Houndstone\n|-damage|p1a: Houndstone|0 fnt\n|faint|p1a: Houndstone\n|-damage|p2a: Porygon-Z|6/277|[from] item: Life Orb\n|\n|upkeep\n|-message|aceguy123 forfeited.\n|\n|win|Illuminating_Fate\n", "uploadtime": 1781463504, "views": 4, "formatid": "gen9randombattle", "rating": null, "private": 0, "password": null}