{"id": "gen9randombattle-2631373359", "format": "[Gen 9] Random Battle", "players": ["Lord Stantler", "laundry bias"], "log": "|j|\u2606Lord Stantler\n|j|\u2606laundry bias\n|t:|1781377012\n|gametype|singles\n|player|p1|Lord Stantler|266|1981\n|player|p2|laundry bias|101|1972\n|gen|9\n|tier|[Gen 9] Random Battle\n|rated|\n|rule|Species Clause: Limit one of each Pok\u00e9mon\n|rule|HP Percentage Mod: HP is shown in percentages\n|rule|Sleep Clause Mod: Limit one foe put to sleep\n|rule|Illusion Level Mod: Illusion disguises the Pok\u00e9mon's true level\n|\n|t:|1781377012\n|teamsize|p1|6\n|teamsize|p2|6\n|start\n|switch|p1a: Dipplin|Dipplin, L88, M|284/284\n|switch|p2a: Iron Moth|Iron Moth, L78|253/253\n|turn|1\n|inactive|Battle timer is ON: inactive players will automatically lose when time's up. (requested by Lord Stantler)\n|inactive|Lord Stantler has 120 seconds left.\n|\n|t:|1781377046\n|switch|p1a: Cramorant|Cramorant, L86, F|261/261\n|move|p2a: Iron Moth|Toxic Spikes|p1a: Cramorant\n|-sidestart|p1: Lord Stantler|move: Toxic Spikes\n|\n|upkeep\n|turn|2\n|\n|t:|1781377073\n|-end|p2a: Iron Moth|Quark Drive|[silent]\n|switch|p2a: Sudowoodo|Sudowoodo, L94, F|284/284\n|move|p1a: Cramorant|Surf|p2a: Sudowoodo\n|-formechange|p1a: Cramorant|Cramorant-Gulping|\n|-supereffective|p2a: Sudowoodo\n|-damage|p2a: Sudowoodo|90/284\n|\n|upkeep\n|turn|3\n|\n|t:|1781377085\n|move|p2a: Sudowoodo|Sucker Punch|p1a: Cramorant\n|-damage|p1a: Cramorant|130/261\n|-damage|p2a: Sudowoodo|19/284|[from] ability: Gulp Missile|[of] p1a: Cramorant\n|-unboost|p2a: Sudowoodo|def|1\n|-formechange|p1a: Cramorant|Cramorant|\n|move|p1a: Cramorant|Surf|p2a: Sudowoodo\n|-formechange|p1a: Cramorant|Cramorant-Gorging|\n|-supereffective|p2a: Sudowoodo\n|-damage|p2a: Sudowoodo|0 fnt\n|faint|p2a: Sudowoodo\n|\n|upkeep\n|\n|t:|1781377093\n|switch|p2a: Forretress|Forretress, L84, M|263/263\n|turn|4\n|\n|t:|1781377098\n|move|p1a: Cramorant|Defog|p2a: Forretress\n|-unboost|p2a: Forretress|evasion|1\n|-sideend|p1: Lord Stantler|Toxic Spikes|[from] move: Defog|[of] p1a: Cramorant\n|move|p2a: Forretress|Volt Switch|p1a: Cramorant\n|-supereffective|p1a: Cramorant\n|-damage|p1a: Cramorant|6/261\n|-damage|p2a: Forretress|198/263|[from] ability: Gulp Missile|[of] p1a: Cramorant\n|-status|p2a: Forretress|par\n|-formechange|p1a: Cramorant|Cramorant|\n|\n|t:|1781377103\n|switch|p2a: Iron Moth|Iron Moth, L78|253/253|[from] Volt Switch\n|\n|upkeep\n|turn|5\n|\n|t:|1781377116\n|switch|p1a: Masquerain|Masquerain, L87, M|264/264\n|-ability|p1a: Masquerain|Intimidate|boost\n|-unboost|p2a: Iron Moth|atk|1\n|move|p2a: Iron Moth|Fiery Dance|p1a: Masquerain\n|-supereffective|p1a: Masquerain\n|-damage|p1a: Masquerain|78/264\n|-boost|p2a: Iron Moth|spa|1\n|\n|upkeep\n|turn|6\n|\n|t:|1781377137\n|switch|p1a: Florges|Florges, L85, F|271/271\n|move|p2a: Iron Moth|Fiery Dance|p1a: Florges\n|-damage|p1a: Florges|183/271\n|-boost|p2a: Iron Moth|spa|1\n|\n|-heal|p1a: Florges|199/271|[from] item: Leftovers\n|upkeep\n|turn|7\n|\n|t:|1781377145\n|-terastallize|p1a: Florges|Ground\n|move|p2a: Iron Moth|Sludge Wave|p1a: Florges\n|-resisted|p1a: Florges\n|-damage|p1a: Florges|127/271\n|move|p1a: Florges|Tera Blast|p2a: Iron Moth|[anim] Tera Blast Ground\n|-supereffective|p2a: Iron Moth\n|-damage|p2a: Iron Moth|0 fnt\n|faint|p2a: Iron Moth\n|-end|p2a: Iron Moth|Quark Drive|[silent]\n|\n|-heal|p1a: Florges|143/271|[from] item: Leftovers\n|upkeep\n|\n|t:|1781377157\n|switch|p2a: Beartic|Beartic, L91, M|321/321\n|turn|8\n|\n|t:|1781377174\n|move|p1a: Florges|Moonblast|p2a: Beartic\n|-damage|p2a: Beartic|198/321\n|-unboost|p2a: Beartic|spa|1\n|move|p2a: Beartic|Icicle Crash|p1a: Florges\n|-supereffective|p1a: Florges\n|-damage|p1a: Florges|0 fnt\n|faint|p1a: Florges\n|\n|upkeep\n|\n|t:|1781377176\n|switch|p1a: Cramorant|Cramorant, L86, F|6/261\n|turn|9\n|inactive|laundry bias has 120 seconds left.\n|\n|t:|1781377210\n|move|p1a: Cramorant|Surf|p2a: Beartic\n|-formechange|p1a: Cramorant|Cramorant-Gorging|\n|-damage|p2a: Beartic|101/321\n|move|p2a: Beartic|Swords Dance|p2a: Beartic\n|-boost|p2a: Beartic|atk|2\n|\n|upkeep\n|turn|10\n|\n|t:|1781377217\n|move|p1a: Cramorant|Surf|p2a: Beartic\n|-damage|p2a: Beartic|8/321\n|move|p2a: Beartic|Close Combat|p1a: Cramorant\n|-resisted|p1a: Cramorant\n|-damage|p1a: Cramorant|0 fnt\n|-unboost|p2a: Beartic|def|1\n|-unboost|p2a: Beartic|spd|1\n|-damage|p2a: Beartic|0 fnt|[from] ability: Gulp Missile|[of] p1a: Cramorant\n|-formechange|p1a: Cramorant|Cramorant|\n|faint|p1a: Cramorant\n|faint|p2a: Beartic\n|\n|upkeep\n|\n|t:|1781377226\n|switch|p1a: Masquerain|Masquerain, L87, M|78/264\n|switch|p2a: Forretress|Forretress, L84, M|198/263 par\n|-ability|p1a: Masquerain|Intimidate|boost\n|-unboost|p2a: Forretress|atk|1\n|turn|11\n|\n|t:|1781377253\n|move|p1a: Masquerain|Hurricane|p2a: Forretress|[miss]\n|-miss|p1a: Masquerain|p2a: Forretress\n|cant|p2a: Forretress|par\n|\n|-heal|p2a: Forretress|214/263 par|[from] item: Leftovers\n|upkeep\n|turn|12\n|\n|t:|1781377257\n|move|p1a: Masquerain|Hurricane|p2a: Forretress\n|-damage|p2a: Forretress|61/263 par\n|-start|p2a: Forretress|confusion\n|-activate|p2a: Forretress|confusion\n|cant|p2a: Forretress|par\n|\n|-heal|p2a: Forretress|77/263 par|[from] item: Leftovers\n|upkeep\n|turn|13\n|\n|t:|1781377273\n|move|p1a: Masquerain|Hydro Pump|p2a: Forretress\n|-damage|p2a: Forretress|0 fnt\n|faint|p2a: Forretress\n|\n|upkeep\n|\n|t:|1781377278\n|switch|p2a: Spectrier|Spectrier, L75|274/274\n|turn|14\n|\n|t:|1781377290\n|switch|p1a: Dipplin|Dipplin, L88, M|284/284\n|move|p2a: Spectrier|Substitute|p2a: Spectrier\n|-start|p2a: Spectrier|Substitute\n|-damage|p2a: Spectrier|206/274\n|\n|-heal|p2a: Spectrier|223/274|[from] item: Leftovers\n|upkeep\n|turn|15\n|\n|t:|1781377294\n|move|p2a: Spectrier|Nasty Plot|p2a: Spectrier\n|-boost|p2a: Spectrier|spa|2\n|move|p1a: Dipplin|Giga Drain|p2a: Spectrier\n|-end|p2a: Spectrier|Substitute\n|\n|-heal|p2a: Spectrier|240/274|[from] item: Leftovers\n|upkeep\n|turn|16\n|inactive|laundry bias has 120 seconds left.\n|\n|t:|1781377346\n|move|p2a: Spectrier|Nasty Plot|p2a: Spectrier\n|-boost|p2a: Spectrier|spa|2\n|move|p1a: Dipplin|Dragon Pulse|p2a: Spectrier\n|-damage|p2a: Spectrier|117/274\n|\n|-heal|p2a: Spectrier|134/274|[from] item: Leftovers\n|upkeep\n|turn|17\n|\n|t:|1781377353\n|move|p2a: Spectrier|Shadow Ball|p1a: Dipplin\n|-damage|p1a: Dipplin|101/284\n|move|p1a: Dipplin|Dragon Pulse|p2a: Spectrier\n|-damage|p2a: Spectrier|20/274\n|\n|-heal|p2a: Spectrier|37/274|[from] item: Leftovers\n|upkeep\n|turn|18\n|\n|t:|1781377358\n|move|p1a: Dipplin|Sucker Punch|p2a: Spectrier\n|-supereffective|p2a: Spectrier\n|-damage|p2a: Spectrier|0 fnt\n|faint|p2a: Spectrier\n|\n|upkeep\n|\n|t:|1781377360\n|switch|p2a: Rhyperior|Rhyperior, L82, F|323/323\n|turn|19\n|inactive|laundry bias has 120 seconds left.\n|-message|laundry bias forfeited.\n|\n|win|Lord Stantler\n", "uploadtime": 1781377014, "views": 7, "formatid": "gen9randombattle", "rating": null, "private": 0, "password": null}