{"id": "gen9randombattle-2631515567", "format": "[Gen 9] Random Battle", "players": ["iamtotallynotsatan", "GrandeEqua"], "log": "|j|\u2606iamtotallynotsatan\n|j|\u2606GrandeEqua\n|t:|1781395152\n|gametype|singles\n|player|p1|iamtotallynotsatan|102|1910\n|player|p2|GrandeEqua|nobunaga-conquest|1912\n|gen|9\n|tier|[Gen 9] Random Battle\n|rated|\n|rule|Species Clause: Limit one of each Pok\u00e9mon\n|rule|HP Percentage Mod: HP is shown in percentages\n|rule|Sleep Clause Mod: Limit one foe put to sleep\n|rule|Illusion Level Mod: Illusion disguises the Pok\u00e9mon's true level\n|\n|t:|1781395152\n|teamsize|p1|6\n|teamsize|p2|6\n|start\n|switch|p1a: Ting-Lu|Ting-Lu, L78|370/370\n|switch|p2a: Cloyster|Cloyster, L80, F|211/211\n|-ability|p1a: Ting-Lu|Vessel of Ruin\n|turn|1\n|c|\u2606iamtotallynotsatan|gl\n|inactive|Battle timer is ON: inactive players will automatically lose when time's up. (requested by iamtotallynotsatan)\n|\n|t:|1781395171\n|move|p2a: Cloyster|Icicle Spear|p1a: Ting-Lu\n|-supereffective|p1a: Ting-Lu\n|-damage|p1a: Ting-Lu|328/370\n|-supereffective|p1a: Ting-Lu\n|-damage|p1a: Ting-Lu|286/370\n|-supereffective|p1a: Ting-Lu\n|-damage|p1a: Ting-Lu|244/370\n|-supereffective|p1a: Ting-Lu\n|-damage|p1a: Ting-Lu|206/370\n|-supereffective|p1a: Ting-Lu\n|-damage|p1a: Ting-Lu|164/370\n|-hitcount|p1a: Ting-Lu|5\n|move|p1a: Ting-Lu|Ruination|p2a: Cloyster\n|-damage|p2a: Cloyster|106/211\n|\n|-heal|p1a: Ting-Lu|187/370|[from] item: Leftovers\n|upkeep\n|turn|2\n|\n|t:|1781395195\n|switch|p1a: Misdreavus|Misdreavus, L90, F|254/254\n|move|p2a: Cloyster|Shell Smash|p2a: Cloyster\n|-unboost|p2a: Cloyster|def|1\n|-unboost|p2a: Cloyster|spd|1\n|-boost|p2a: Cloyster|atk|2\n|-boost|p2a: Cloyster|spa|2\n|-boost|p2a: Cloyster|spe|2\n|-enditem|p2a: Cloyster|White Herb\n|-clearnegativeboost|p2a: Cloyster|[silent]\n|\n|upkeep\n|turn|3\n|\n|t:|1781395205\n|move|p2a: Cloyster|Icicle Spear|p1a: Misdreavus\n|-damage|p1a: Misdreavus|211/254\n|-damage|p1a: Misdreavus|169/254\n|-damage|p1a: Misdreavus|127/254\n|-damage|p1a: Misdreavus|87/254\n|-damage|p1a: Misdreavus|50/254\n|-hitcount|p1a: Misdreavus|5\n|move|p1a: Misdreavus|Shadow Ball|p2a: Cloyster\n|-damage|p2a: Cloyster|0 fnt\n|faint|p2a: Cloyster\n|\n|upkeep\n|inactive|GrandeEqua has 120 seconds left.\n|\n|t:|1781395233\n|switch|p2a: Jumpluff|Jumpluff, L87, M|271/271\n|turn|4\n|\n|t:|1781395237\n|move|p2a: Jumpluff|Acrobatics|p1a: Misdreavus\n|-damage|p1a: Misdreavus|0 fnt\n|faint|p1a: Misdreavus\n|\n|upkeep\n|\n|t:|1781395239\n|switch|p1a: Ting-Lu|Ting-Lu, L78|187/370\n|-ability|p1a: Ting-Lu|Vessel of Ruin\n|turn|5\n|\n|t:|1781395243\n|move|p2a: Jumpluff|U-turn|p1a: Ting-Lu\n|-supereffective|p1a: Ting-Lu\n|-crit|p1a: Ting-Lu\n|-damage|p1a: Ting-Lu|105/370\n|\n|t:|1781395252\n|switch|p2a: Palkia|Palkia-Origin, L72|249/249|[from] U-turn\n|-ability|p2a: Palkia|Pressure\n|move|p1a: Ting-Lu|Spikes|p2a: Palkia\n|-sidestart|p2: GrandeEqua|Spikes\n|\n|-heal|p1a: Ting-Lu|128/370|[from] item: Leftovers\n|upkeep\n|turn|6\n|\n|t:|1781395264\n|move|p2a: Palkia|Hydro Pump|p1a: Ting-Lu\n|-supereffective|p1a: Ting-Lu\n|-damage|p1a: Ting-Lu|0 fnt\n|faint|p1a: Ting-Lu\n|\n|upkeep\n|\n|t:|1781395270\n|switch|p1a: Mienshao|Mienshao, L83, F|243/243\n|turn|7\n|\n|t:|1781395281\n|switch|p2a: Jumpluff|Jumpluff, L87, M|271/271\n|move|p1a: Mienshao|High Jump Kick|p2a: Jumpluff\n|-resisted|p2a: Jumpluff\n|-damage|p2a: Jumpluff|100/271\n|\n|upkeep\n|turn|8\n|\n|t:|1781395287\n|switch|p1a: Flamigo|Flamigo, L82, F|269/269\n|move|p2a: Jumpluff|Strength Sap|p1a: Flamigo\n|-unboost|p1a: Flamigo|atk|1\n|-heal|p2a: Jumpluff|271/271\n|\n|upkeep\n|turn|9\n|\n|t:|1781395294\n|move|p1a: Flamigo|Brave Bird|p2a: Jumpluff\n|-supereffective|p2a: Jumpluff\n|-damage|p2a: Jumpluff|65/271\n|-damage|p1a: Flamigo|201/269|[from] Recoil\n|move|p2a: Jumpluff|Acrobatics|p1a: Flamigo\n|-supereffective|p1a: Flamigo\n|-damage|p1a: Flamigo|15/269\n|\n|upkeep\n|turn|10\n|\n|t:|1781395324\n|switch|p1a: Eternatus|Eternatus, L69|308/308\n|-ability|p1a: Eternatus|Pressure\n|switch|p2a: Talonflame|Talonflame, L83, M|265/265\n|\n|upkeep\n|turn|11\n|\n|t:|1781395331\n|move|p2a: Talonflame|Swords Dance|p2a: Talonflame\n|-boost|p2a: Talonflame|atk|2\n|move|p1a: Eternatus|Meteor Beam||[still]\n|-prepare|p1a: Eternatus|Meteor Beam\n|-boost|p1a: Eternatus|spa|1\n|-enditem|p1a: Eternatus|Power Herb\n|-anim|p1a: Eternatus|Meteor Beam|p2a: Talonflame|[miss]\n|-miss|p1a: Eternatus|p2a: Talonflame\n|\n|upkeep\n|turn|12\n|c|\u2606iamtotallynotsatan|dam\n|inactive|GrandeEqua has 120 seconds left.\n|\n|t:|1781395358\n|-terastallize|p2a: Talonflame|Ground\n|move|p2a: Talonflame|Tera Blast|p1a: Eternatus|[anim] Tera Blast Ground\n|-supereffective|p1a: Eternatus\n|-damage|p1a: Eternatus|0 fnt\n|faint|p1a: Eternatus\n|\n|upkeep\n|\n|t:|1781395365\n|switch|p1a: Flamigo|Flamigo, L82, F|15/269\n|turn|13\n|\n|t:|1781395370\n|move|p1a: Flamigo|Close Combat|p2a: Talonflame\n|-damage|p2a: Talonflame|97/265\n|-unboost|p1a: Flamigo|def|1\n|-unboost|p1a: Flamigo|spd|1\n|-status|p1a: Flamigo|brn|[from] ability: Flame Body|[of] p2a: Talonflame\n|move|p2a: Talonflame|Brave Bird|p1a: Flamigo\n|-supereffective|p1a: Flamigo\n|-damage|p1a: Flamigo|0 fnt\n|faint|p1a: Flamigo\n|-damage|p2a: Talonflame|92/265|[from] Recoil\n|\n|upkeep\n|\n|t:|1781395377\n|switch|p1a: Kingambit|Kingambit, L74, M|270/270\n|-activate|p1a: Kingambit|ability: Supreme Overlord\n|-start|p1a: Kingambit|fallen4|[silent]\n|turn|14\n|\n|t:|1781395382\n|move|p1a: Kingambit|Sucker Punch||[still]\n|-fail|p1a: Kingambit\n|move|p2a: Talonflame|Swords Dance|p2a: Talonflame\n|-boost|p2a: Talonflame|atk|2\n|\n|upkeep\n|turn|15\n|\n|t:|1781395386\n|move|p1a: Kingambit|Sucker Punch||[still]\n|-fail|p1a: Kingambit\n|move|p2a: Talonflame|Swords Dance|p2a: Talonflame\n|-boost|p2a: Talonflame|atk|2\n|\n|upkeep\n|turn|16\n|\n|t:|1781395390\n|move|p1a: Kingambit|Sucker Punch||[still]\n|-fail|p1a: Kingambit\n|move|p2a: Talonflame|Swords Dance|p2a: Talonflame\n|-boost|p2a: Talonflame|atk|0\n|\n|upkeep\n|turn|17\n|\n|t:|1781395394\n|move|p1a: Kingambit|Sucker Punch|p2a: Talonflame\n|-damage|p2a: Talonflame|0 fnt\n|-status|p1a: Kingambit|brn|[from] ability: Flame Body|[of] p2a: Talonflame\n|faint|p2a: Talonflame\n|\n|-damage|p1a: Kingambit|254/270 brn|[from] brn\n|upkeep\n|\n|t:|1781395400\n|switch|p2a: Koraidon|Koraidon, L64|235/235\n|-damage|p2a: Koraidon|206/235|[from] Spikes\n|-weather|SunnyDay|[from] ability: Orichalcum Pulse|[of] p2a: Koraidon\n|-activate|p2a: Koraidon|Orichalcum Pulse|[source]\n|turn|18\n|c|\u2606iamtotallynotsatan|dam\n|\n|t:|1781395406\n|move|p1a: Kingambit|Sucker Punch|p2a: Koraidon\n|-resisted|p2a: Koraidon\n|-damage|p2a: Koraidon|176/235\n|move|p2a: Koraidon|Close Combat|p1a: Kingambit\n|-supereffective|p1a: Kingambit\n|-damage|p1a: Kingambit|0 fnt\n|-unboost|p2a: Koraidon|def|1\n|-unboost|p2a: Koraidon|spd|1\n|faint|p1a: Kingambit\n|-end|p1a: Kingambit|fallen4|[silent]\n|\n|-weather|SunnyDay|[upkeep]\n|upkeep\n|\n|t:|1781395409\n|switch|p1a: Mienshao|Mienshao, L83, F|243/243\n|turn|19\n|\n|t:|1781395413\n|-terastallize|p1a: Mienshao|Fighting\n|move|p1a: Mienshao|High Jump Kick|p2a: Koraidon\n|-damage|p2a: Koraidon|0 fnt\n|faint|p2a: Koraidon\n|\n|-weather|SunnyDay|[upkeep]\n|upkeep\n|\n|t:|1781395422\n|switch|p2a: Jumpluff|Jumpluff, L87, M|65/271\n|turn|20\n|\n|t:|1781395425\n|move|p2a: Jumpluff|Strength Sap|p1a: Mienshao\n|-unboost|p1a: Mienshao|atk|1\n|-heal|p2a: Jumpluff|271/271\n|move|p1a: Mienshao|High Jump Kick|p2a: Jumpluff\n|-resisted|p2a: Jumpluff\n|-damage|p2a: Jumpluff|115/271\n|\n|-weather|SunnyDay|[upkeep]\n|upkeep\n|turn|21\n|\n|t:|1781395435\n|move|p2a: Jumpluff|Acrobatics|p1a: Mienshao\n|-supereffective|p1a: Mienshao\n|-damage|p1a: Mienshao|37/243\n|move|p1a: Mienshao|High Jump Kick|p2a: Jumpluff\n|-resisted|p2a: Jumpluff\n|-damage|p2a: Jumpluff|0 fnt\n|faint|p2a: Jumpluff\n|\n|-weather|SunnyDay|[upkeep]\n|upkeep\n|\n|t:|1781395441\n|switch|p2a: Falinks|Falinks, L84|246/246\n|-damage|p2a: Falinks|216/246|[from] Spikes\n|turn|22\n|\n|t:|1781395448\n|move|p1a: Mienshao|High Jump Kick|p2a: Falinks|[miss]\n|-miss|p1a: Mienshao|p2a: Falinks\n|-damage|p1a: Mienshao|0 fnt|[from] highjumpkick\n|faint|p1a: Mienshao\n|\n|win|GrandeEqua\n|raw|iamtotallynotsatan's rating: 1910 &rarr; <strong>1890</strong><br />(-20 for losing)\n|raw|GrandeEqua's rating: 1912 &rarr; <strong>1932</strong><br />(+20 for winning)\n", "uploadtime": 1781395154, "views": 7, "formatid": "gen9randombattle", "rating": 1890, "private": 0, "password": null}