{"id": "gen9randombattle-2631599112", "format": "[Gen 9] Random Battle", "players": ["LinkNinjaTC11", "Kvngnick18"], "log": "|j|\u2606LinkNinjaTC11\n|j|\u2606Kvngnick18\n|t:|1781406749\n|gametype|singles\n|player|p1|LinkNinjaTC11|veteran|1928\n|player|p2|Kvngnick18|265|1914\n|gen|9\n|tier|[Gen 9] Random Battle\n|rated|\n|rule|Species Clause: Limit one of each Pok\u00e9mon\n|rule|HP Percentage Mod: HP is shown in percentages\n|rule|Sleep Clause Mod: Limit one foe put to sleep\n|rule|Illusion Level Mod: Illusion disguises the Pok\u00e9mon's true level\n|\n|t:|1781406750\n|teamsize|p1|6\n|teamsize|p2|6\n|start\n|switch|p1a: Electrode|Electrode-Hisui, L87|246/246\n|switch|p2a: Moltres|Moltres, L81|278/278\n|turn|1\n|inactive|Battle timer is ON: inactive players will automatically lose when time's up. (requested by LinkNinjaTC11)\n|\n|t:|1781406759\n|switch|p1a: Basculegion|Basculegion-F, L83, F|335/335\n|move|p2a: Moltres|Fire Blast|p1a: Basculegion\n|-resisted|p1a: Basculegion\n|-damage|p1a: Basculegion|280/335\n|-status|p1a: Basculegion|brn\n|\n|-damage|p1a: Basculegion|260/335 brn|[from] brn\n|upkeep\n|turn|2\n|\n|t:|1781406770\n|switch|p2a: Phione|Phione, L91|293/293\n|move|p1a: Basculegion|Hydro Pump|p2a: Phione\n|-resisted|p2a: Phione\n|-damage|p2a: Phione|217/293\n|\n|-heal|p2a: Phione|235/293|[from] item: Leftovers\n|-damage|p1a: Basculegion|240/335 brn|[from] brn\n|upkeep\n|turn|3\n|\n|t:|1781406784\n|switch|p2a: Delphox|Delphox, L84, F|263/263\n|switch|p1a: Electrode|Electrode-Hisui, L87|246/246\n|\n|upkeep\n|turn|4\n|\n|t:|1781406788\n|switch|p1a: Slowking|Slowking, L88, F|310/310\n|move|p2a: Delphox|Psyshock|p1a: Slowking\n|-resisted|p1a: Slowking\n|-damage|p1a: Slowking|233/310\n|\n|upkeep\n|turn|5\n|\n|t:|1781406795\n|switch|p2a: Mabosstiff|Mabosstiff, L86, M|278/278\n|move|p1a: Slowking|Scald|p2a: Mabosstiff\n|-damage|p2a: Mabosstiff|169/278\n|\n|upkeep\n|turn|6\n|\n|t:|1781406800\n|switch|p1a: Clefable|Clefable, L83, M|293/293\n|move|p2a: Mabosstiff|Crunch|p1a: Clefable\n|-resisted|p1a: Clefable\n|-damage|p1a: Clefable|110/293\n|\n|upkeep\n|turn|7\n|\n|t:|1781406821\n|switch|p2a: Phione|Phione, L91|235/293\n|move|p1a: Clefable|Thunder Wave|p2a: Phione\n|-status|p2a: Phione|par\n|\n|-heal|p2a: Phione|253/293 par|[from] item: Leftovers\n|upkeep\n|turn|8\n|\n|t:|1781406825\n|move|p1a: Clefable|Moonlight|p1a: Clefable\n|-heal|p1a: Clefable|256/293\n|move|p2a: Phione|Take Heart|p2a: Phione\n|-boost|p2a: Phione|spa|1\n|-boost|p2a: Phione|spd|1\n|-curestatus|p2a: Phione|par|[msg]\n|\n|-heal|p2a: Phione|271/293|[from] item: Leftovers\n|upkeep\n|turn|9\n|\n|t:|1781406830\n|move|p2a: Phione|Take Heart|p2a: Phione\n|-boost|p2a: Phione|spa|1\n|-boost|p2a: Phione|spd|1\n|move|p1a: Clefable|Thunder Wave|p2a: Phione\n|-status|p2a: Phione|par\n|\n|-heal|p2a: Phione|289/293 par|[from] item: Leftovers\n|upkeep\n|turn|10\n|\n|t:|1781406835\n|switch|p1a: Pikachu|Pikachu-World, L93, F|216/216\n|move|p2a: Phione|Take Heart|p2a: Phione\n|-boost|p2a: Phione|spa|1\n|-boost|p2a: Phione|spd|1\n|-curestatus|p2a: Phione|par|[msg]\n|\n|-heal|p2a: Phione|293/293|[from] item: Leftovers\n|upkeep\n|turn|11\n|\n|t:|1781406842\n|-terastallize|p2a: Phione|Grass\n|move|p1a: Pikachu|Volt Tackle|p2a: Phione\n|-resisted|p2a: Phione\n|-damage|p2a: Phione|188/293\n|-damage|p1a: Pikachu|181/216|[from] Recoil\n|move|p2a: Phione|Scald|p1a: Pikachu\n|-damage|p1a: Pikachu|0 fnt\n|faint|p1a: Pikachu\n|\n|-heal|p2a: Phione|206/293|[from] item: Leftovers\n|upkeep\n|inactive|LinkNinjaTC11 has 120 seconds left.\n|-message|LinkNinjaTC11 forfeited.\n|\n|win|Kvngnick18\n", "uploadtime": 1781406751, "views": 3, "formatid": "gen9randombattle", "rating": null, "private": 0, "password": null}