{"id": "gen9randombattle-2631851941", "format": "[Gen 9] Random Battle", "players": ["falsetactician", "Omaryot87"], "log": "|j|\u2606falsetactician\n|j|\u2606Omaryot87\n|t:|1781448183\n|gametype|singles\n|player|p1|falsetactician|proton|1323\n|player|p2|Omaryot87|1|1272\n|gen|9\n|tier|[Gen 9] Random Battle\n|rated|\n|rule|Species Clause: Limit one of each Pok\u00e9mon\n|rule|HP Percentage Mod: HP is shown in percentages\n|rule|Sleep Clause Mod: Limit one foe put to sleep\n|rule|Illusion Level Mod: Illusion disguises the Pok\u00e9mon's true level\n|\n|t:|1781448183\n|teamsize|p1|6\n|teamsize|p2|6\n|start\n|switch|p1a: Pincurchin|Pincurchin, M|258/258\n|switch|p2a: Alomomola|Alomomola, L87, M|429/429\n|-fieldstart|move: Electric Terrain|[from] ability: Electric Surge|[of] p1a: Pincurchin\n|turn|1\n|inactive|Battle timer is ON: inactive players will automatically lose when time's up. (requested by Omaryot87)\n|\n|t:|1781448196\n|switch|p2a: Pachirisu|Pachirisu, L96, M|271/271\n|move|p1a: Pincurchin|Curse|p1a: Pincurchin\n|-unboost|p1a: Pincurchin|spe|1\n|-boost|p1a: Pincurchin|atk|1\n|-boost|p1a: Pincurchin|def|1\n|\n|upkeep\n|turn|2\n|\n|t:|1781448209\n|move|p2a: Pachirisu|Super Fang|p1a: Pincurchin\n|-damage|p1a: Pincurchin|129/258\n|move|p1a: Pincurchin|Liquidation|p2a: Pachirisu\n|-damage|p2a: Pachirisu|128/271\n|\n|-heal|p1a: Pincurchin|145/258|[from] item: Leftovers\n|upkeep\n|turn|3\n|\n|t:|1781448219\n|move|p2a: Pachirisu|Super Fang|p1a: Pincurchin\n|-damage|p1a: Pincurchin|73/258\n|move|p1a: Pincurchin|Liquidation|p2a: Pachirisu\n|-damage|p2a: Pachirisu|0 fnt\n|faint|p2a: Pachirisu\n|\n|-heal|p1a: Pincurchin|89/258|[from] item: Leftovers\n|upkeep\n|\n|t:|1781448231\n|switch|p2a: Scizor|Scizor, L79, M|240/240\n|turn|4\n|\n|t:|1781448242\n|move|p2a: Scizor|Knock Off|p1a: Pincurchin\n|-damage|p1a: Pincurchin|28/258\n|-enditem|p1a: Pincurchin|Leftovers|[from] move: Knock Off|[of] p2a: Scizor\n|move|p1a: Pincurchin|Recover|p1a: Pincurchin\n|-heal|p1a: Pincurchin|157/258\n|\n|upkeep\n|turn|5\n|\n|t:|1781448262\n|switch|p2a: Gumshoos|Gumshoos, L95, F|321/321\n|move|p1a: Pincurchin|Zing Zap|p2a: Gumshoos\n|-damage|p2a: Gumshoos|51/321\n|\n|-fieldend|move: Electric Terrain\n|upkeep\n|turn|6\n|-message|Omaryot87 forfeited.\n|\n|win|falsetactician\n|raw|falsetactician's rating: 1323 &rarr; <strong>1340</strong><br />(+17 for winning)\n|raw|Omaryot87's rating: 1272 &rarr; <strong>1251</strong><br />(-21 for losing)\n|l|\u2606Omaryot87\n|player|p2|\n", "uploadtime": 1781448277, "views": 5, "formatid": "gen9randombattle", "rating": 1251, "private": 0, "password": null}