{"id": "gen9randombattle-2631732436", "format": "[Gen 9] Random Battle", "players": ["green8Bit", "marrickchill"], "log": "|j|\u2606green8Bit\n|j|\u2606marrickchill\n|t:|1781430426\n|gametype|singles\n|player|p1|green8Bit|102|2032\n|player|p2|marrickchill|266|2073\n|gen|9\n|tier|[Gen 9] Random Battle\n|rated|\n|rule|Species Clause: Limit one of each Pok\u00e9mon\n|rule|HP Percentage Mod: HP is shown in percentages\n|rule|Sleep Clause Mod: Limit one foe put to sleep\n|rule|Illusion Level Mod: Illusion disguises the Pok\u00e9mon's true level\n|\n|t:|1781430427\n|teamsize|p1|6\n|teamsize|p2|6\n|start\n|switch|p1a: Brambleghast|Brambleghast, L88, M|240/240\n|switch|p2a: Dachsbun|Dachsbun, L92, M|254/254\n|turn|1\n|j| mattiaaaa\n|\n|t:|1781430450\n|switch|p2a: Incineroar|Incineroar, L82, M|290/290\n|-ability|p2a: Incineroar|Intimidate|boost\n|-unboost|p1a: Brambleghast|atk|1\n|move|p1a: Brambleghast|Spikes|p2a: Incineroar\n|-sidestart|p2: marrickchill|Spikes\n|\n|upkeep\n|turn|2\n|\n|t:|1781430481\n|switch|p1a: Dondozo|Dondozo, L78, M|362/362\n|move|p2a: Incineroar|Knock Off|p1a: Dondozo\n|-damage|p1a: Dondozo|263/362\n|-enditem|p1a: Dondozo|Leftovers|[from] move: Knock Off|[of] p2a: Incineroar\n|\n|upkeep\n|turn|3\n|\n|t:|1781430487\n|move|p2a: Incineroar|U-turn|p1a: Dondozo\n|-damage|p1a: Dondozo|215/362\n|\n|t:|1781430489\n|switch|p2a: Vikavolt|Vikavolt, L83, F|263/263|[from] U-turn\n|move|p1a: Dondozo|Curse|p1a: Dondozo\n|-unboost|p1a: Dondozo|spe|1\n|-boost|p1a: Dondozo|atk|1\n|-boost|p1a: Dondozo|def|1\n|\n|upkeep\n|turn|4\n|\n|t:|1781430525\n|switch|p1a: Brambleghast|Brambleghast, L88, M|240/240\n|move|p2a: Vikavolt|Volt Switch|p1a: Brambleghast\n|-resisted|p1a: Brambleghast\n|-damage|p1a: Brambleghast|183/240\n|\n|t:|1781430530\n|switch|p2a: Delibird|Delibird, F|252/252|[from] Volt Switch\n|\n|upkeep\n|turn|5\n|l| mattiaaaa\n|\n|t:|1781430549\n|move|p1a: Brambleghast|Poltergeist|p2a: Delibird\n|-activate|p2a: Delibird|move: Poltergeist|Heavy-Duty Boots\n|-damage|p2a: Delibird|72/252\n|move|p2a: Delibird|Brave Bird|p1a: Brambleghast\n|-supereffective|p1a: Brambleghast\n|-damage|p1a: Brambleghast|0 fnt\n|faint|p1a: Brambleghast\n|-damage|p2a: Delibird|12/252|[from] Recoil\n|\n|upkeep\n|\n|t:|1781430573\n|switch|p1a: Greninja|Greninja, L80, M|246/246\n|turn|6\n|\n|t:|1781430585\n|move|p1a: Greninja|Ice Beam|p2a: Delibird\n|-start|p1a: Greninja|typechange|Ice|[from] ability: Protean\n|-damage|p2a: Delibird|0 fnt\n|faint|p2a: Delibird\n|\n|upkeep\n|\n|t:|1781430593\n|switch|p2a: Vikavolt|Vikavolt, L83, F|263/263\n|turn|7\n|\n|t:|1781430597\n|switch|p1a: Piloswine|Piloswine, L85, M|309/309\n|move|p2a: Vikavolt|Sticky Web|p1a: Piloswine\n|-sidestart|p1: green8Bit|move: Sticky Web\n|\n|upkeep\n|turn|8\n|\n|t:|1781430604\n|switch|p2a: Dachsbun|Dachsbun, L92, M|254/254\n|-damage|p2a: Dachsbun|223/254|[from] Spikes\n|move|p1a: Piloswine|Stealth Rock|p2a: Dachsbun\n|-sidestart|p2: marrickchill|move: Stealth Rock\n|\n|-heal|p2a: Dachsbun|238/254|[from] item: Leftovers\n|upkeep\n|turn|9\n|\n|t:|1781430612\n|switch|p1a: Dondozo|Dondozo, L78, M|215/362\n|-activate|p1a: Dondozo|move: Sticky Web\n|-unboost|p1a: Dondozo|spe|1\n|move|p2a: Dachsbun|Body Press|p1a: Dondozo\n|-damage|p1a: Dondozo|145/362\n|\n|-heal|p2a: Dachsbun|253/254|[from] item: Leftovers\n|upkeep\n|turn|10\n|\n|t:|1781430634\n|switch|p2a: Vikavolt|Vikavolt, L83, F|263/263\n|move|p1a: Dondozo|Curse|p1a: Dondozo\n|-unboost|p1a: Dondozo|spe|1\n|-boost|p1a: Dondozo|atk|1\n|-boost|p1a: Dondozo|def|1\n|\n|upkeep\n|turn|11\n|\n|t:|1781430638\n|switch|p1a: Piloswine|Piloswine, L85, M|309/309\n|-activate|p1a: Piloswine|move: Sticky Web\n|-unboost|p1a: Piloswine|spe|1\n|move|p2a: Vikavolt|Discharge|p1a: Piloswine\n|-immune|p1a: Piloswine\n|\n|upkeep\n|turn|12\n|\n|t:|1781430657\n|move|p2a: Vikavolt|Bug Buzz|p1a: Piloswine\n|-damage|p1a: Piloswine|195/309\n|move|p1a: Piloswine|Earthquake|p2a: Vikavolt\n|-immune|p2a: Vikavolt|[from] ability: Levitate\n|\n|upkeep\n|turn|13\n|\n|t:|1781430661\n|move|p2a: Vikavolt|Bug Buzz|p1a: Piloswine\n|-damage|p1a: Piloswine|84/309\n|move|p1a: Piloswine|Icicle Crash|p2a: Vikavolt\n|-damage|p2a: Vikavolt|160/263\n|\n|upkeep\n|turn|14\n|\n|t:|1781430677\n|move|p2a: Vikavolt|Bug Buzz|p1a: Piloswine\n|-damage|p1a: Piloswine|0 fnt\n|faint|p1a: Piloswine\n|\n|upkeep\n|\n|t:|1781430695\n|switch|p1a: Greninja|Greninja, L80, M|246/246\n|-activate|p1a: Greninja|move: Sticky Web\n|-unboost|p1a: Greninja|spe|1\n|turn|15\n|\n|t:|1781430700\n|move|p1a: Greninja|Hydro Pump|p2a: Vikavolt\n|-start|p1a: Greninja|typechange|Water|[from] ability: Protean\n|-damage|p2a: Vikavolt|0 fnt\n|faint|p2a: Vikavolt\n|\n|upkeep\n|\n|t:|1781430705\n|switch|p2a: Seviper|Seviper, L93, F|287/287\n|-damage|p2a: Seviper|252/287|[from] Spikes\n|-damage|p2a: Seviper|217/287|[from] Stealth Rock\n|turn|16\n|\n|t:|1781430726\n|switch|p1a: Greedent|Greedent, L86, F|347/347\n|-activate|p1a: Greedent|move: Sticky Web\n|-unboost|p1a: Greedent|spe|1\n|move|p2a: Seviper|Giga Drain|p1a: Greedent\n|-damage|p1a: Greedent|256/347\n|-heal|p2a: Seviper|263/287|[from] drain|[of] p1a: Greedent\n|-damage|p2a: Seviper|235/287|[from] item: Life Orb\n|\n|upkeep\n|turn|17\n|\n|t:|1781430747\n|switch|p2a: Incineroar|Incineroar, L82, M|290/290\n|-damage|p2a: Incineroar|254/290|[from] Spikes\n|-damage|p2a: Incineroar|182/290|[from] Stealth Rock\n|-ability|p2a: Incineroar|Intimidate|boost\n|-unboost|p1a: Greedent|atk|1\n|move|p1a: Greedent|Swords Dance|p1a: Greedent\n|-boost|p1a: Greedent|atk|2\n|\n|upkeep\n|turn|18\n|\n|t:|1781430760\n|move|p2a: Incineroar|Knock Off|p1a: Greedent\n|-damage|p1a: Greedent|148/347\n|-enditem|p1a: Greedent|Sitrus Berry|[from] move: Knock Off|[of] p2a: Incineroar\n|move|p1a: Greedent|Earthquake|p2a: Incineroar\n|-supereffective|p2a: Incineroar\n|-damage|p2a: Incineroar|0 fnt\n|faint|p2a: Incineroar\n|\n|upkeep\n|\n|t:|1781430766\n|switch|p2a: Dachsbun|Dachsbun, L92, M|253/254\n|-damage|p2a: Dachsbun|222/254|[from] Spikes\n|-damage|p2a: Dachsbun|191/254|[from] Stealth Rock\n|turn|19\n|\n|t:|1781430787\n|move|p2a: Dachsbun|Body Press|p1a: Greedent\n|-supereffective|p1a: Greedent\n|-damage|p1a: Greedent|16/347\n|move|p1a: Greedent|Body Slam|p2a: Dachsbun\n|-damage|p2a: Dachsbun|83/254\n|\n|-heal|p2a: Dachsbun|98/254|[from] item: Leftovers\n|upkeep\n|turn|20\n|\n|t:|1781430797\n|move|p2a: Dachsbun|Wish|p2a: Dachsbun\n|move|p1a: Greedent|Body Slam|p2a: Dachsbun\n|-damage|p2a: Dachsbun|0 fnt\n|faint|p2a: Dachsbun\n|\n|upkeep\n|\n|t:|1781430801\n|switch|p2a: Seviper|Seviper, L93, F|235/287\n|-damage|p2a: Seviper|200/287|[from] Spikes\n|-damage|p2a: Seviper|165/287|[from] Stealth Rock\n|turn|21\n|\n|t:|1781430806\n|move|p2a: Seviper|Giga Drain|p1a: Greedent\n|-damage|p1a: Greedent|0 fnt\n|-heal|p2a: Seviper|173/287|[from] drain|[of] p1a: Greedent\n|faint|p1a: Greedent\n|-damage|p2a: Seviper|145/287|[from] item: Life Orb\n|\n|-heal|p2a: Seviper|272/287|[from] move: Wish|[wisher] Dachsbun\n|upkeep\n|\n|t:|1781430827\n|switch|p1a: Minior|Minior, L79|224/224\n|-formechange|p1a: Minior|Minior-Meteor||[from] ability: Shields Down\n|turn|22\n|\n|t:|1781430841\n|move|p2a: Seviper|Gunk Shot|p1a: Minior|[miss]\n|-miss|p2a: Seviper|p1a: Minior\n|move|p1a: Minior|Shell Smash|p1a: Minior\n|-unboost|p1a: Minior|def|1\n|-unboost|p1a: Minior|spd|1\n|-boost|p1a: Minior|atk|2\n|-boost|p1a: Minior|spa|2\n|-boost|p1a: Minior|spe|2\n|-enditem|p1a: Minior|White Herb\n|-clearnegativeboost|p1a: Minior|[silent]\n|\n|upkeep\n|turn|23\n|-message|marrickchill forfeited.\n|\n|win|green8Bit\n", "uploadtime": 1781430429, "views": 6, "formatid": "gen9randombattle", "rating": null, "private": 0, "password": null}