{"id": "gen9randombattle-2631533504", "format": "[Gen 9] Random Battle", "players": ["SoCapable", "KlausUnbound"], "log": "|j|\u2606SoCapable\n|j|\u2606KlausUnbound\n|t:|1781397686\n|gametype|singles\n|player|p1|SoCapable|silver|2177\n|player|p2|KlausUnbound|heroine2-conquest|2219\n|gen|9\n|tier|[Gen 9] Random Battle\n|rated|\n|rule|Species Clause: Limit one of each Pok\u00e9mon\n|rule|HP Percentage Mod: HP is shown in percentages\n|rule|Sleep Clause Mod: Limit one foe put to sleep\n|rule|Illusion Level Mod: Illusion disguises the Pok\u00e9mon's true level\n|\n|t:|1781397686\n|teamsize|p1|6\n|teamsize|p2|6\n|start\n|switch|p1a: Pikachu|Pikachu-Kalos, L93, F|216/216\n|switch|p2a: Comfey|Comfey, L85, M|225/225\n|turn|1\n|inactive|Battle timer is ON: inactive players will automatically lose when time's up. (requested by KlausUnbound)\n|\n|t:|1781397699\n|switch|p2a: Pachirisu|Pachirisu, L96, M|271/271\n|move|p1a: Pikachu|Volt Switch|p2a: Pachirisu\n|-immune|p2a: Pachirisu|[from] ability: Volt Absorb\n|\n|upkeep\n|turn|2\n|\n|t:|1781397703\n|move|p2a: Pachirisu|Super Fang|p1a: Pikachu\n|-damage|p1a: Pikachu|108/216\n|move|p1a: Pikachu|Knock Off|p2a: Pachirisu\n|-damage|p2a: Pachirisu|149/271\n|-enditem|p2a: Pachirisu|Assault Vest|[from] move: Knock Off|[of] p1a: Pikachu\n|\n|upkeep\n|turn|3\n|\n|t:|1781397708\n|switch|p1a: Tsareena|Tsareena, L87, F|267/267\n|move|p2a: Pachirisu|Super Fang|p1a: Tsareena\n|-damage|p1a: Tsareena|134/267\n|\n|upkeep\n|turn|4\n|\n|t:|1781397712\n|move|p1a: Tsareena|Power Whip|p2a: Pachirisu\n|-damage|p2a: Pachirisu|0 fnt\n|faint|p2a: Pachirisu\n|\n|upkeep\n|\n|t:|1781397727\n|switch|p2a: Magmortar|Magmortar, L88, F|275/275\n|turn|5\n|\n|t:|1781397733\n|switch|p1a: Volcanion|Volcanion, L79|256/256\n|move|p2a: Magmortar|Fire Blast|p1a: Volcanion\n|-resisted|p1a: Volcanion\n|-damage|p1a: Volcanion|215/256\n|\n|upkeep\n|turn|6\n|\n|t:|1781397737\n|move|p2a: Magmortar|Scorching Sands|p1a: Volcanion\n|-supereffective|p1a: Volcanion\n|-damage|p1a: Volcanion|77/256\n|move|p1a: Volcanion|Steam Eruption|p2a: Magmortar|[miss]\n|-miss|p1a: Volcanion|p2a: Magmortar\n|\n|upkeep\n|turn|7\n|\n|t:|1781397743\n|move|p2a: Magmortar|Scorching Sands|p1a: Volcanion\n|-supereffective|p1a: Volcanion\n|-damage|p1a: Volcanion|0 fnt\n|faint|p1a: Volcanion\n|\n|upkeep\n|\n|t:|1781397744\n|switch|p1a: Gumshoos|Gumshoos, L95, F|321/321\n|turn|8\n|\n|t:|1781397751\n|-terastallize|p2a: Magmortar|Fighting\n|move|p2a: Magmortar|Focus Blast|p1a: Gumshoos\n|-supereffective|p1a: Gumshoos\n|-damage|p1a: Gumshoos|0 fnt\n|faint|p1a: Gumshoos\n|\n|upkeep\n|inactive|SoCapable has 120 seconds left.\n|\n|t:|1781397783\n|switch|p1a: Pikachu|Pikachu-Kalos, L93, F|108/216\n|turn|9\n|\n|t:|1781397787\n|move|p1a: Pikachu|Volt Tackle|p2a: Magmortar\n|-damage|p2a: Magmortar|25/275\n|-damage|p1a: Pikachu|25/216|[from] Recoil\n|move|p2a: Magmortar|Scorching Sands|p1a: Pikachu\n|-supereffective|p1a: Pikachu\n|-damage|p1a: Pikachu|0 fnt\n|faint|p1a: Pikachu\n|\n|upkeep\n|\n|t:|1781397793\n|switch|p1a: Ninetales|Ninetales-Alola, L78, M|242/242\n|-weather|Snowscape|[from] ability: Snow Warning|[of] p1a: Ninetales\n|turn|10\n|\n|t:|1781397797\n|switch|p2a: Dialga|Dialga-Origin, L73|266/266\n|-ability|p2a: Dialga|Pressure\n|move|p1a: Ninetales|Blizzard|p2a: Dialga\n|-damage|p2a: Dialga|187/266\n|\n|-weather|Snowscape|[upkeep]\n|upkeep\n|turn|11\n|\n|t:|1781397800\n|switch|p1a: Trevenant|Trevenant, L89, M|296/296\n|move|p2a: Dialga|Heavy Slam|p1a: Trevenant\n|-damage|p1a: Trevenant|160/296\n|\n|-weather|Snowscape|[upkeep]\n|upkeep\n|turn|12\n|\n|t:|1781397804\n|move|p2a: Dialga|Draco Meteor|p1a: Trevenant\n|-damage|p1a: Trevenant|0 fnt\n|-unboost|p2a: Dialga|spa|2\n|faint|p1a: Trevenant\n|\n|-weather|Snowscape|[upkeep]\n|upkeep\n|\n|t:|1781397808\n|switch|p1a: Ninetales|Ninetales-Alola, L78, M|242/242\n|turn|13\n|-message|SoCapable forfeited.\n|\n|win|KlausUnbound\n|raw|SoCapable's rating: 2177 &rarr; <strong>2159</strong><br />(-18 for losing)\n|raw|KlausUnbound's rating: 2219 &rarr; <strong>2237</strong><br />(+18 for winning)\n", "uploadtime": 1781397688, "views": 4, "formatid": "gen9randombattle", "rating": 2159, "private": 0, "password": null}