{"id": "gen9randombattle-2631534061", "format": "[Gen 9] Random Battle", "players": ["masbahlilganteng", "mztmztmzt123"], "log": "|j|\u2606masbahlilganteng\n|j|\u2606mztmztmzt123\n|t:|1781397763\n|gametype|singles\n|player|p1|masbahlilganteng|hoopster|2101\n|player|p2|mztmztmzt123|266|2232\n|gen|9\n|tier|[Gen 9] Random Battle\n|rated|\n|rule|Species Clause: Limit one of each Pok\u00e9mon\n|rule|HP Percentage Mod: HP is shown in percentages\n|rule|Sleep Clause Mod: Limit one foe put to sleep\n|rule|Illusion Level Mod: Illusion disguises the Pok\u00e9mon's true level\n|\n|t:|1781397763\n|teamsize|p1|6\n|teamsize|p2|6\n|start\n|switch|p1a: Rabsca|Rabsca, L91, F|284/284\n|switch|p2a: Corviknight|Corviknight, L80, F|288/288\n|turn|1\n|inactive|Battle timer is ON: inactive players will automatically lose when time's up. (requested by masbahlilganteng)\n|inactive|masbahlilganteng has 120 seconds left.\n|\n|t:|1781397816\n|switch|p1a: Gothitelle|Gothitelle, L90, F|272/272\n|move|p2a: Corviknight|U-turn|p1a: Gothitelle\n|-supereffective|p1a: Gothitelle\n|-damage|p1a: Gothitelle|200/272\n|inactive|mztmztmzt123 has 120 seconds left.\n|\n|t:|1781397867\n|switch|p2a: Barraskewda|Barraskewda, L81, M|231/231|[from] U-turn\n|\n|-heal|p1a: Gothitelle|217/272|[from] item: Leftovers\n|upkeep\n|turn|2\n|\n|t:|1781397886\n|switch|p1a: Feraligatr|Feraligatr, L79, F|264/264\n|move|p2a: Barraskewda|Flip Turn|p1a: Feraligatr\n|-resisted|p1a: Feraligatr\n|-damage|p1a: Feraligatr|215/264\n|\n|t:|1781397896\n|switch|p2a: Iron Bundle|Iron Bundle, L78|215/215|[from] Flip Turn\n|\n|upkeep\n|turn|3\n|\n|t:|1781397909\n|switch|p1a: Gothitelle|Gothitelle, L90, F|217/272\n|move|p2a: Iron Bundle|Freeze-Dry|p1a: Gothitelle\n|-damage|p1a: Gothitelle|123/272\n|\n|-heal|p1a: Gothitelle|140/272|[from] item: Leftovers\n|upkeep\n|turn|4\n|\n|t:|1781397928\n|move|p2a: Iron Bundle|Freeze-Dry|p1a: Gothitelle\n|-damage|p1a: Gothitelle|50/272\n|move|p1a: Gothitelle|Focus Blast|p2a: Iron Bundle\n|-supereffective|p2a: Iron Bundle\n|-damage|p2a: Iron Bundle|0 fnt\n|faint|p2a: Iron Bundle\n|-end|p2a: Iron Bundle|Quark Drive|[silent]\n|\n|-heal|p1a: Gothitelle|67/272|[from] item: Leftovers\n|upkeep\n|\n|t:|1781397934\n|switch|p2a: Barraskewda|Barraskewda, L81, M|231/231\n|turn|5\n|\n|t:|1781397944\n|move|p2a: Barraskewda|Flip Turn|p1a: Gothitelle\n|-damage|p1a: Gothitelle|0 fnt\n|faint|p1a: Gothitelle\n|\n|t:|1781397950\n|switch|p2a: Corviknight|Corviknight, L80, F|288/288|[from] Flip Turn\n|\n|upkeep\n|\n|t:|1781397957\n|switch|p1a: Feraligatr|Feraligatr, L79, F|215/264\n|turn|6\n|\n|t:|1781397960\n|move|p1a: Feraligatr|Dragon Dance|p1a: Feraligatr\n|-boost|p1a: Feraligatr|atk|1\n|-boost|p1a: Feraligatr|spe|1\n|move|p2a: Corviknight|U-turn|p1a: Feraligatr\n|-damage|p1a: Feraligatr|175/264\n|\n|t:|1781397963\n|switch|p2a: Granbull|Granbull, L88, F|302/302|[from] U-turn\n|-ability|p2a: Granbull|Intimidate|boost\n|-unboost|p1a: Feraligatr|atk|1\n|\n|upkeep\n|turn|7\n|\n|t:|1781397971\n|move|p1a: Feraligatr|Dragon Dance|p1a: Feraligatr\n|-boost|p1a: Feraligatr|atk|1\n|-boost|p1a: Feraligatr|spe|1\n|move|p2a: Granbull|Thunder Wave|p1a: Feraligatr\n|-status|p1a: Feraligatr|par\n|\n|upkeep\n|turn|8\n|\n|t:|1781397981\n|move|p1a: Feraligatr|Dragon Dance|p1a: Feraligatr\n|-boost|p1a: Feraligatr|atk|1\n|-boost|p1a: Feraligatr|spe|1\n|move|p2a: Granbull|Play Rough|p1a: Feraligatr\n|-damage|p1a: Feraligatr|66/264 par\n|\n|upkeep\n|turn|9\n|\n|t:|1781397986\n|move|p1a: Feraligatr|Liquidation|p2a: Granbull\n|-damage|p2a: Granbull|10/302\n|move|p2a: Granbull|Play Rough|p1a: Feraligatr\n|-damage|p1a: Feraligatr|0 fnt\n|faint|p1a: Feraligatr\n|\n|-heal|p2a: Granbull|28/302|[from] item: Leftovers\n|upkeep\n|\n|t:|1781398007\n|switch|p1a: Muk|Muk, L86, M|321/321\n|turn|10\n|\n|t:|1781398015\n|switch|p2a: Corviknight|Corviknight, L80, F|288/288\n|move|p1a: Muk|Knock Off|p2a: Corviknight\n|-damage|p2a: Corviknight|221/288\n|-damage|p1a: Muk|268/321|[from] item: Rocky Helmet|[of] p2a: Corviknight\n|-enditem|p2a: Corviknight|Rocky Helmet|[from] move: Knock Off|[of] p1a: Muk\n|\n|-heal|p1a: Muk|288/321|[from] item: Leftovers\n|upkeep\n|turn|11\n|\n|t:|1781398021\n|move|p2a: Corviknight|U-turn|p1a: Muk\n|-resisted|p1a: Muk\n|-crit|p1a: Muk\n|-damage|p1a: Muk|255/321\n|\n|t:|1781398023\n|switch|p2a: Metagross|Metagross, L79|256/256|[from] U-turn\n|move|p1a: Muk|Toxic Spikes|p2a: Metagross\n|-sidestart|p2: mztmztmzt123|move: Toxic Spikes\n|\n|-heal|p1a: Muk|275/321|[from] item: Leftovers\n|upkeep\n|turn|12\n|\n|t:|1781398034\n|move|p2a: Metagross|Stealth Rock|p1a: Muk\n|-sidestart|p1: masbahlilganteng|move: Stealth Rock\n|move|p1a: Muk|Drain Punch|p2a: Metagross\n|-damage|p2a: Metagross|212/256\n|-heal|p1a: Muk|297/321|[from] drain|[of] p2a: Metagross\n|\n|-heal|p2a: Metagross|228/256|[from] item: Leftovers\n|-heal|p1a: Muk|317/321|[from] item: Leftovers\n|upkeep\n|turn|13\n|\n|t:|1781398044\n|move|p2a: Metagross|Earthquake|p1a: Muk\n|-supereffective|p1a: Muk\n|-damage|p1a: Muk|125/321\n|move|p1a: Muk|Knock Off|p2a: Metagross\n|-supereffective|p2a: Metagross\n|-damage|p2a: Metagross|104/256\n|-enditem|p2a: Metagross|Leftovers|[from] move: Knock Off|[of] p1a: Muk\n|\n|-heal|p1a: Muk|145/321|[from] item: Leftovers\n|upkeep\n|turn|14\n|\n|t:|1781398062\n|switch|p1a: Scyther|Scyther, L82, M|249/249\n|move|p2a: Metagross|Heavy Slam|p1a: Scyther\n|-damage|p1a: Scyther|74/249\n|\n|upkeep\n|turn|15\n|\n|t:|1781398069\n|move|p1a: Scyther|Close Combat|p2a: Metagross\n|-damage|p2a: Metagross|34/256\n|-unboost|p1a: Scyther|def|1\n|-unboost|p1a: Scyther|spd|1\n|move|p2a: Metagross|Heavy Slam|p1a: Scyther\n|-damage|p1a: Scyther|0 fnt\n|faint|p1a: Scyther\n|\n|upkeep\n|\n|t:|1781398077\n|switch|p1a: Conkeldurr|Conkeldurr, L80, M|299/299\n|-damage|p1a: Conkeldurr|281/299|[from] Stealth Rock\n|turn|16\n|\n|t:|1781398083\n|move|p2a: Metagross|Bullet Punch|p1a: Conkeldurr\n|-damage|p1a: Conkeldurr|235/299\n|move|p1a: Conkeldurr|Mach Punch|p2a: Metagross\n|-damage|p2a: Metagross|0 fnt\n|faint|p2a: Metagross\n|\n|-status|p1a: Conkeldurr|brn|[from] item: Flame Orb\n|upkeep\n|\n|t:|1781398089\n|switch|p2a: Zamazenta|Zamazenta, L71|248/248\n|-status|p2a: Zamazenta|psn\n|-ability|p2a: Zamazenta|Dauntless Shield|boost\n|-boost|p2a: Zamazenta|def|1\n|turn|17\n|\n|t:|1781398098\n|move|p2a: Zamazenta|Iron Defense|p2a: Zamazenta\n|-boost|p2a: Zamazenta|def|2\n|move|p1a: Conkeldurr|Close Combat|p2a: Zamazenta\n|-damage|p2a: Zamazenta|155/248 psn\n|-unboost|p1a: Conkeldurr|def|1\n|-unboost|p1a: Conkeldurr|spd|1\n|\n|-damage|p2a: Zamazenta|124/248 psn|[from] psn\n|-damage|p1a: Conkeldurr|217/299 brn|[from] brn\n|upkeep\n|turn|18\n|\n|t:|1781398107\n|switch|p1a: Rabsca|Rabsca, L91, F|284/284\n|move|p2a: Zamazenta|Body Press|p1a: Rabsca\n|-resisted|p1a: Rabsca\n|-crit|p1a: Rabsca\n|-damage|p1a: Rabsca|225/284\n|\n|-damage|p2a: Zamazenta|93/248 psn|[from] psn\n|upkeep\n|turn|19\n|\n|t:|1781398110\n|-terastallize|p2a: Zamazenta|Steel\n|move|p2a: Zamazenta|Rest|p2a: Zamazenta\n|-status|p2a: Zamazenta|slp|[from] move: Rest\n|-heal|p2a: Zamazenta|248/248 slp|[silent]\n|-enditem|p2a: Zamazenta|Chesto Berry|[eat]\n|-curestatus|p2a: Zamazenta|slp|[msg]\n|move|p1a: Rabsca|Revival Blessing|p1a: Rabsca\n|\n|t:|1781398126\n|-heal|p1: Feraligatr|132/264|[from] move: Revival Blessing\n|\n|upkeep\n|turn|20\n|\n|t:|1781398129\n|move|p2a: Zamazenta|Iron Head|p1a: Rabsca\n|-damage|p1a: Rabsca|152/284\n|move|p1a: Rabsca|Earth Power|p2a: Zamazenta\n|-supereffective|p2a: Zamazenta\n|-damage|p2a: Zamazenta|94/248\n|\n|upkeep\n|turn|21\n|\n|t:|1781398138\n|move|p2a: Zamazenta|Iron Head|p1a: Rabsca\n|-damage|p1a: Rabsca|79/284\n|move|p1a: Rabsca|Earth Power|p2a: Zamazenta\n|-supereffective|p2a: Zamazenta\n|-damage|p2a: Zamazenta|0 fnt\n|faint|p2a: Zamazenta\n|\n|upkeep\n|\n|t:|1781398158\n|switch|p2a: Barraskewda|Barraskewda, L81, M|231/231\n|-status|p2a: Barraskewda|psn\n|turn|22\n|\n|t:|1781398169\n|move|p2a: Barraskewda|Flip Turn|p1a: Rabsca\n|-damage|p1a: Rabsca|0 fnt\n|faint|p1a: Rabsca\n|\n|t:|1781398171\n|switch|p2a: Corviknight|Corviknight, L80, F|221/288|[from] Flip Turn\n|\n|upkeep\n|\n|t:|1781398181\n|switch|p1a: Conkeldurr|Conkeldurr, L80, M|217/299 brn\n|-damage|p1a: Conkeldurr|199/299 brn|[from] Stealth Rock\n|turn|23\n|\n|t:|1781398194\n|-terastallize|p1a: Conkeldurr|Normal\n|move|p2a: Corviknight|Brave Bird|p1a: Conkeldurr\n|-damage|p1a: Conkeldurr|87/299 brn\n|-damage|p2a: Corviknight|184/288|[from] Recoil\n|move|p1a: Conkeldurr|Facade|p2a: Corviknight\n|-resisted|p2a: Corviknight\n|-damage|p2a: Corviknight|48/288\n|\n|-damage|p1a: Conkeldurr|69/299 brn|[from] brn\n|upkeep\n|turn|24\n|\n|t:|1781398207\n|move|p1a: Conkeldurr|Mach Punch|p2a: Corviknight\n|-damage|p2a: Corviknight|0 fnt\n|faint|p2a: Corviknight\n|\n|-damage|p1a: Conkeldurr|51/299 brn|[from] brn\n|upkeep\n|\n|t:|1781398209\n|switch|p2a: Barraskewda|Barraskewda, L81, M|231/231 psn\n|turn|25\n|\n|t:|1781398228\n|move|p1a: Conkeldurr|Mach Punch|p2a: Barraskewda\n|-damage|p2a: Barraskewda|123/231 psn\n|move|p2a: Barraskewda|Waterfall|p1a: Conkeldurr\n|-damage|p1a: Conkeldurr|0 fnt\n|faint|p1a: Conkeldurr\n|\n|-damage|p2a: Barraskewda|95/231 psn|[from] psn\n|upkeep\n|\n|t:|1781398234\n|switch|p1a: Feraligatr|Feraligatr, L79, F|132/264\n|-damage|p1a: Feraligatr|99/264|[from] Stealth Rock\n|turn|26\n|\n|t:|1781398243\n|move|p2a: Barraskewda|Waterfall|p1a: Feraligatr\n|-resisted|p1a: Feraligatr\n|-damage|p1a: Feraligatr|27/264\n|move|p1a: Feraligatr|Trailblaze|p2a: Barraskewda\n|-supereffective|p2a: Barraskewda\n|-damage|p2a: Barraskewda|0 fnt\n|faint|p2a: Barraskewda\n|\n|upkeep\n|-message|mztmztmzt123 forfeited.\n|\n|win|masbahlilganteng\n|raw|masbahlilganteng's rating: 2101 &rarr; <strong>2128</strong><br />(+27 for winning)\n|raw|mztmztmzt123's rating: 2232 &rarr; <strong>2205</strong><br />(-27 for losing)\n|l|\u2606mztmztmzt123\n|player|p2|\n", "uploadtime": 1781397764, "views": 3, "formatid": "gen9randombattle", "rating": 2128, "private": 0, "password": null}