{"id": "gen9randombattle-2631821828", "format": "[Gen 9] Random Battle", "players": ["smellybuttfart", "cool859"], "log": "|j|\u2606smellybuttfart\n|j|\u2606cool859\n|t:|1781444491\n|gametype|singles\n|player|p1|smellybuttfart|unknown|1436\n|player|p2|cool859|dawn|1490\n|gen|9\n|tier|[Gen 9] Random Battle\n|rated|\n|rule|Species Clause: Limit one of each Pok\u00e9mon\n|rule|HP Percentage Mod: HP is shown in percentages\n|rule|Sleep Clause Mod: Limit one foe put to sleep\n|rule|Illusion Level Mod: Illusion disguises the Pok\u00e9mon's true level\n|\n|t:|1781444491\n|teamsize|p1|6\n|teamsize|p2|6\n|start\n|switch|p1a: Sinistcha|Sinistcha-Masterpiece, L83|254/254\n|switch|p2a: Sandy Shocks|Sandy Shocks, L80|267/267\n|turn|1\n|inactive|Battle timer is ON: inactive players will automatically lose when time's up. (requested by smellybuttfart)\n|\n|t:|1781444498\n|move|p2a: Sandy Shocks|Volt Switch|p1a: Sinistcha\n|-resisted|p1a: Sinistcha\n|-damage|p1a: Sinistcha|210/254\n|\n|t:|1781444510\n|-end|p2a: Sandy Shocks|Protosynthesis|[silent]\n|switch|p2a: Alcremie|Alcremie-Matcha-Cream, L90, F|263/263|[from] Volt Switch\n|move|p1a: Sinistcha|Calm Mind|p1a: Sinistcha\n|-boost|p1a: Sinistcha|spa|1\n|-boost|p1a: Sinistcha|spd|1\n|\n|-heal|p1a: Sinistcha|225/254|[from] item: Leftovers\n|upkeep\n|turn|2\n|\n|t:|1781444523\n|move|p2a: Alcremie|Calm Mind|p2a: Alcremie\n|-boost|p2a: Alcremie|spa|1\n|-boost|p2a: Alcremie|spd|1\n|move|p1a: Sinistcha|Shadow Ball|p2a: Alcremie\n|-damage|p2a: Alcremie|190/263\n|\n|-heal|p2a: Alcremie|206/263|[from] item: Leftovers\n|-heal|p1a: Sinistcha|240/254|[from] item: Leftovers\n|upkeep\n|turn|3\n|\n|t:|1781444540\n|move|p2a: Alcremie|Calm Mind|p2a: Alcremie\n|-boost|p2a: Alcremie|spa|1\n|-boost|p2a: Alcremie|spd|1\n|move|p1a: Sinistcha|Shadow Ball|p2a: Alcremie\n|-damage|p2a: Alcremie|152/263\n|\n|-heal|p2a: Alcremie|168/263|[from] item: Leftovers\n|-heal|p1a: Sinistcha|254/254|[from] item: Leftovers\n|upkeep\n|turn|4\n|\n|t:|1781444542\n|move|p2a: Alcremie|Recover|p2a: Alcremie\n|-heal|p2a: Alcremie|263/263\n|move|p1a: Sinistcha|Calm Mind|p1a: Sinistcha\n|-boost|p1a: Sinistcha|spa|1\n|-boost|p1a: Sinistcha|spd|1\n|\n|upkeep\n|turn|5\n|\n|t:|1781444550\n|move|p2a: Alcremie|Calm Mind|p2a: Alcremie\n|-boost|p2a: Alcremie|spa|1\n|-boost|p2a: Alcremie|spd|1\n|move|p1a: Sinistcha|Calm Mind|p1a: Sinistcha\n|-boost|p1a: Sinistcha|spa|1\n|-boost|p1a: Sinistcha|spd|1\n|\n|upkeep\n|turn|6\n|\n|t:|1781444554\n|move|p2a: Alcremie|Alluring Voice|p1a: Sinistcha\n|-damage|p1a: Sinistcha|128/254\n|move|p1a: Sinistcha|Calm Mind|p1a: Sinistcha\n|-boost|p1a: Sinistcha|spa|1\n|-boost|p1a: Sinistcha|spd|1\n|\n|-heal|p1a: Sinistcha|143/254|[from] item: Leftovers\n|upkeep\n|turn|7\n|\n|t:|1781444559\n|move|p2a: Alcremie|Calm Mind|p2a: Alcremie\n|-boost|p2a: Alcremie|spa|1\n|-boost|p2a: Alcremie|spd|1\n|move|p1a: Sinistcha|Shadow Ball|p2a: Alcremie\n|-damage|p2a: Alcremie|188/263\n|\n|-heal|p2a: Alcremie|204/263|[from] item: Leftovers\n|-heal|p1a: Sinistcha|158/254|[from] item: Leftovers\n|upkeep\n|turn|8\n|\n|t:|1781444569\n|move|p2a: Alcremie|Calm Mind|p2a: Alcremie\n|-boost|p2a: Alcremie|spa|1\n|-boost|p2a: Alcremie|spd|1\n|move|p1a: Sinistcha|Matcha Gotcha|p2a: Alcremie\n|-damage|p2a: Alcremie|143/263\n|-heal|p1a: Sinistcha|189/254|[from] drain|[of] p2a: Alcremie\n|\n|-heal|p2a: Alcremie|159/263|[from] item: Leftovers\n|-heal|p1a: Sinistcha|204/254|[from] item: Leftovers\n|upkeep\n|turn|9\n|\n|t:|1781444575\n|move|p2a: Alcremie|Alluring Voice|p1a: Sinistcha\n|-damage|p1a: Sinistcha|63/254\n|move|p1a: Sinistcha|Calm Mind|p1a: Sinistcha\n|-boost|p1a: Sinistcha|spa|1\n|-boost|p1a: Sinistcha|spd|1\n|\n|-heal|p2a: Alcremie|175/263|[from] item: Leftovers\n|-heal|p1a: Sinistcha|78/254|[from] item: Leftovers\n|upkeep\n|turn|10\n|\n|t:|1781444580\n|move|p2a: Alcremie|Recover|p2a: Alcremie\n|-heal|p2a: Alcremie|263/263\n|move|p1a: Sinistcha|Strength Sap|p2a: Alcremie\n|-unboost|p2a: Alcremie|atk|1\n|-heal|p1a: Sinistcha|191/254\n|\n|-heal|p1a: Sinistcha|206/254|[from] item: Leftovers\n|upkeep\n|turn|11\n|\n|t:|1781444588\n|move|p2a: Alcremie|Alluring Voice|p1a: Sinistcha\n|-damage|p1a: Sinistcha|97/254\n|move|p1a: Sinistcha|Calm Mind|p1a: Sinistcha\n|-boost|p1a: Sinistcha|spa|1\n|-boost|p1a: Sinistcha|spd|1\n|\n|-heal|p1a: Sinistcha|112/254|[from] item: Leftovers\n|upkeep\n|turn|12\n|\n|t:|1781444592\n|move|p2a: Alcremie|Calm Mind|p2a: Alcremie\n|-boost|p2a: Alcremie|spa|1\n|-boost|p2a: Alcremie|spd|1\n|move|p1a: Sinistcha|Matcha Gotcha|p2a: Alcremie\n|-damage|p2a: Alcremie|187/263\n|-heal|p1a: Sinistcha|150/254|[from] drain|[of] p2a: Alcremie\n|-status|p2a: Alcremie|brn\n|\n|-heal|p2a: Alcremie|203/263 brn|[from] item: Leftovers\n|-heal|p1a: Sinistcha|165/254|[from] item: Leftovers\n|-damage|p2a: Alcremie|187/263 brn|[from] brn\n|upkeep\n|turn|13\n|\n|t:|1781444597\n|move|p2a: Alcremie|Alluring Voice|p1a: Sinistcha\n|-damage|p1a: Sinistcha|48/254\n|move|p1a: Sinistcha|Matcha Gotcha|p2a: Alcremie\n|-damage|p2a: Alcremie|120/263 brn\n|-heal|p1a: Sinistcha|82/254|[from] drain|[of] p2a: Alcremie\n|\n|-heal|p2a: Alcremie|136/263 brn|[from] item: Leftovers\n|-heal|p1a: Sinistcha|97/254|[from] item: Leftovers\n|-damage|p2a: Alcremie|120/263 brn|[from] brn\n|upkeep\n|turn|14\n|\n|t:|1781444603\n|move|p2a: Alcremie|Recover|p2a: Alcremie\n|-heal|p2a: Alcremie|252/263 brn\n|move|p1a: Sinistcha|Matcha Gotcha|p2a: Alcremie\n|-damage|p2a: Alcremie|180/263 brn\n|-heal|p1a: Sinistcha|133/254|[from] drain|[of] p2a: Alcremie\n|\n|-heal|p2a: Alcremie|196/263 brn|[from] item: Leftovers\n|-heal|p1a: Sinistcha|148/254|[from] item: Leftovers\n|-damage|p2a: Alcremie|180/263 brn|[from] brn\n|upkeep\n|turn|15\n|\n|t:|1781444629\n|move|p2a: Alcremie|Alluring Voice|p1a: Sinistcha\n|-damage|p1a: Sinistcha|39/254\n|move|p1a: Sinistcha|Shadow Ball|p2a: Alcremie\n|-damage|p2a: Alcremie|104/263 brn\n|\n|-heal|p2a: Alcremie|120/263 brn|[from] item: Leftovers\n|-heal|p1a: Sinistcha|54/254|[from] item: Leftovers\n|-damage|p2a: Alcremie|104/263 brn|[from] brn\n|upkeep\n|turn|16\n|\n|t:|1781444638\n|move|p2a: Alcremie|Alluring Voice|p1a: Sinistcha\n|-damage|p1a: Sinistcha|0 fnt\n|faint|p1a: Sinistcha\n|\n|-heal|p2a: Alcremie|120/263 brn|[from] item: Leftovers\n|-damage|p2a: Alcremie|104/263 brn|[from] brn\n|upkeep\n|\n|t:|1781444653\n|switch|p1a: Braviary|Braviary, L85, M|309/309\n|turn|17\n|\n|t:|1781444658\n|move|p1a: Braviary|Brave Bird|p2a: Alcremie\n|-damage|p2a: Alcremie|0 fnt\n|faint|p2a: Alcremie\n|-damage|p1a: Braviary|275/309|[from] Recoil\n|\n|upkeep\n|\n|t:|1781444661\n|switch|p2a: Sandy Shocks|Sandy Shocks, L80|267/267\n|turn|18\n|\n|t:|1781444664\n|switch|p1a: Plusle|Plusle, L95, F|268/268\n|move|p2a: Sandy Shocks|Stealth Rock|p1a: Plusle\n|-sidestart|p1: smellybuttfart|move: Stealth Rock\n|\n|upkeep\n|turn|19\n|\n|t:|1781444677\n|move|p1a: Plusle|Grass Knot|p2a: Sandy Shocks\n|-supereffective|p2a: Sandy Shocks\n|-damage|p2a: Sandy Shocks|90/267\n|-damage|p1a: Plusle|242/268|[from] item: Life Orb\n|move|p2a: Sandy Shocks|Earth Power|p1a: Plusle\n|-supereffective|p1a: Plusle\n|-damage|p1a: Plusle|48/268\n|\n|upkeep\n|turn|20\n|inactive|cool859 has 120 seconds left.\n|\n|t:|1781444713\n|move|p1a: Plusle|Grass Knot|p2a: Sandy Shocks\n|-supereffective|p2a: Sandy Shocks\n|-damage|p2a: Sandy Shocks|0 fnt\n|faint|p2a: Sandy Shocks\n|-end|p2a: Sandy Shocks|Protosynthesis|[silent]\n|-damage|p1a: Plusle|22/268|[from] item: Life Orb\n|\n|upkeep\n|\n|t:|1781444716\n|switch|p2a: Mamoswine|Mamoswine, L81, M|311/311\n|turn|21\n|\n|t:|1781444719\n|move|p2a: Mamoswine|Ice Shard|p1a: Plusle\n|-damage|p1a: Plusle|0 fnt\n|faint|p1a: Plusle\n|\n|upkeep\n|\n|t:|1781444724\n|switch|p1a: Azumarill|Azumarill, L82, M|298/298\n|-damage|p1a: Azumarill|261/298|[from] Stealth Rock\n|turn|22\n|inactive|cool859 has 120 seconds left.\n|\n|t:|1781444774\n|switch|p2a: Toxicroak|Toxicroak, L84, M|277/277\n|move|p1a: Azumarill|Liquidation|p2a: Toxicroak\n|-immune|p2a: Toxicroak|[from] ability: Dry Skin\n|\n|upkeep\n|turn|23\n|\n|t:|1781444778\n|switch|p1a: Duraludon|Duraludon, L82, M|249/249\n|-damage|p1a: Duraludon|234/249|[from] Stealth Rock\n|move|p2a: Toxicroak|Swords Dance|p2a: Toxicroak\n|-boost|p2a: Toxicroak|atk|2\n|\n|upkeep\n|turn|24\n|\n|t:|1781444790\n|-terastallize|p1a: Duraludon|Fighting\n|move|p2a: Toxicroak|Close Combat|p1a: Duraludon\n|-damage|p1a: Duraludon|35/249\n|-unboost|p2a: Toxicroak|def|1\n|-unboost|p2a: Toxicroak|spd|1\n|-damage|p2a: Toxicroak|250/277|[from] item: Life Orb\n|move|p1a: Duraludon|Thunder Wave|p2a: Toxicroak\n|-status|p2a: Toxicroak|par\n|\n|upkeep\n|turn|25\n|inactive|cool859 has 120 seconds left.\n|inactive|cool859 has 90 seconds left.\n|\n|t:|1781444842\n|move|p1a: Duraludon|Flash Cannon|p2a: Toxicroak\n|-damage|p2a: Toxicroak|57/277 par\n|cant|p2a: Toxicroak|par\n|\n|upkeep\n|turn|26\n|\n|t:|1781444845\n|move|p1a: Duraludon|Flash Cannon|p2a: Toxicroak\n|-damage|p2a: Toxicroak|0 fnt\n|faint|p2a: Toxicroak\n|\n|upkeep\n|\n|t:|1781444857\n|switch|p2a: Mamoswine|Mamoswine, L81, M|311/311\n|turn|27\n|\n|t:|1781444862\n|move|p2a: Mamoswine|Ice Shard|p1a: Duraludon\n|-damage|p1a: Duraludon|0 fnt\n|faint|p1a: Duraludon\n|\n|upkeep\n|\n|t:|1781444867\n|switch|p1a: Azumarill|Azumarill, L82, M|261/298\n|-damage|p1a: Azumarill|224/298|[from] Stealth Rock\n|turn|28\n|\n|t:|1781444872\n|switch|p2a: Orthworm|Orthworm, L88, F|266/266\n|move|p1a: Azumarill|Liquidation|p2a: Orthworm\n|-damage|p2a: Orthworm|163/266\n|\n|-heal|p2a: Orthworm|179/266|[from] item: Leftovers\n|upkeep\n|turn|29\n|\n|t:|1781444887\n|move|p2a: Orthworm|Shed Tail|p2a: Orthworm\n|-start|p2a: Orthworm|Substitute|[from] move: Shed Tail\n|-damage|p2a: Orthworm|46/266\n|\n|t:|1781444890\n|switch|p2a: Falinks|Falinks, L84|246/246|[from] Shed Tail\n|move|p1a: Azumarill|Liquidation|p2a: Falinks\n|-crit|p2a: Falinks\n|-end|p2a: Falinks|Substitute\n|\n|upkeep\n|turn|30\n|\n|t:|1781444903\n|switch|p1a: Braviary|Braviary, L85, M|275/309\n|move|p2a: Falinks|No Retreat|p2a: Falinks\n|-boost|p2a: Falinks|atk|1\n|-boost|p2a: Falinks|def|1\n|-boost|p2a: Falinks|spa|1\n|-boost|p2a: Falinks|spd|1\n|-boost|p2a: Falinks|spe|1\n|-start|p2a: Falinks|move: No Retreat\n|\n|upkeep\n|turn|31\n|\n|t:|1781444919\n|-terastallize|p2a: Falinks|Steel\n|move|p2a: Falinks|Close Combat|p1a: Braviary\n|-damage|p1a: Braviary|0 fnt\n|-unboost|p2a: Falinks|def|1\n|-unboost|p2a: Falinks|spd|1\n|faint|p1a: Braviary\n|-damage|p2a: Falinks|222/246|[from] item: Life Orb\n|\n|upkeep\n|\n|t:|1781444929\n|switch|p1a: Sneasler|Sneasler, L74, M|240/240\n|-damage|p1a: Sneasler|225/240|[from] Stealth Rock\n|turn|32\n|\n|t:|1781444934\n|move|p2a: Falinks|Iron Head|p1a: Sneasler\n|-damage|p1a: Sneasler|0 fnt\n|faint|p1a: Sneasler\n|-damage|p2a: Falinks|198/246|[from] item: Life Orb\n|\n|upkeep\n|-message|smellybuttfart forfeited.\n|\n|win|cool859\n|raw|smellybuttfart's rating: 1436 &rarr; <strong>1419</strong><br />(-17 for losing)\n|raw|cool859's rating: 1490 &rarr; <strong>1507</strong><br />(+17 for winning)\n", "uploadtime": 1781444938, "views": 3, "formatid": "gen9randombattle", "rating": 1419, "private": 0, "password": null}