{"id": "gen9randombattle-2631506302", "format": "[Gen 9] Random Battle", "players": ["rei51", "yhkbl"], "log": "|j|\u2606rei51\n|j|\u2606yhkbl\n|t:|1781393833\n|gametype|singles\n|player|p1|rei51|cyclist|1429\n|player|p2|yhkbl|ghetsis|1427\n|gen|9\n|tier|[Gen 9] Random Battle\n|rated|\n|rule|Species Clause: Limit one of each Pok\u00e9mon\n|rule|HP Percentage Mod: HP is shown in percentages\n|rule|Sleep Clause Mod: Limit one foe put to sleep\n|rule|Illusion Level Mod: Illusion disguises the Pok\u00e9mon's true level\n|\n|t:|1781393833\n|teamsize|p1|6\n|teamsize|p2|6\n|start\n|switch|p1a: Spidops|Spidops, L96, M|271/271\n|switch|p2a: Spiritomb|Spiritomb, L89, F|234/234\n|turn|1\n|\n|t:|1781393844\n|switch|p2a: Quaquaval|Quaquaval, L79, M|264/264\n|move|p1a: Spidops|Sticky Web|p2a: Quaquaval\n|-sidestart|p2: yhkbl|move: Sticky Web\n|\n|upkeep\n|turn|2\n|inactive|Battle timer is ON: inactive players will automatically lose when time's up. (requested by yhkbl)\n|\n|t:|1781393855\n|move|p2a: Quaquaval|Encore|p1a: Spidops\n|-start|p1a: Spidops|Encore\n|move|p1a: Spidops|Sticky Web||[still]\n|-fail|p1a: Spidops\n|\n|upkeep\n|turn|3\n|\n|t:|1781393862\n|move|p2a: Quaquaval|Swords Dance|p2a: Quaquaval\n|-boost|p2a: Quaquaval|atk|2\n|move|p1a: Spidops|Sticky Web||[still]\n|-fail|p1a: Spidops\n|\n|upkeep\n|turn|4\n|\n|t:|1781393870\n|switch|p1a: Phione|Phione, L91|293/293\n|move|p2a: Quaquaval|Aqua Step|p1a: Phione\n|-resisted|p1a: Phione\n|-damage|p1a: Phione|172/293\n|-boost|p2a: Quaquaval|spe|1\n|-damage|p2a: Quaquaval|238/264|[from] item: Life Orb\n|\n|-heal|p1a: Phione|190/293|[from] item: Leftovers\n|upkeep\n|turn|5\n|\n|t:|1781393892\n|switch|p1a: Spidops|Spidops, L96, M|271/271\n|move|p2a: Quaquaval|Close Combat|p1a: Spidops\n|-resisted|p1a: Spidops\n|-damage|p1a: Spidops|135/271\n|-unboost|p2a: Quaquaval|def|1\n|-unboost|p2a: Quaquaval|spd|1\n|-damage|p2a: Quaquaval|212/264|[from] item: Life Orb\n|\n|upkeep\n|turn|6\n|\n|t:|1781393904\n|-terastallize|p2a: Quaquaval|Fighting\n|move|p2a: Quaquaval|Close Combat|p1a: Spidops\n|-resisted|p1a: Spidops\n|-damage|p1a: Spidops|0 fnt\n|-unboost|p2a: Quaquaval|def|1\n|-unboost|p2a: Quaquaval|spd|1\n|faint|p1a: Spidops\n|-ability|p2a: Quaquaval|Moxie|boost\n|-boost|p2a: Quaquaval|atk|1\n|-damage|p2a: Quaquaval|186/264|[from] item: Life Orb\n|\n|upkeep\n|inactive|rei51 has 120 seconds left.\n|\n|t:|1781393922\n|switch|p1a: Ceruledge|Ceruledge, L78, F|245/245\n|turn|7\n|inactive|rei51 has 120 seconds left.\n|\n|t:|1781393935\n|-terastallize|p1a: Ceruledge|Ghost\n|move|p2a: Quaquaval|Aqua Step|p1a: Ceruledge\n|-damage|p1a: Ceruledge|0 fnt\n|-boost|p2a: Quaquaval|spe|1\n|faint|p1a: Ceruledge\n|-ability|p2a: Quaquaval|Moxie|boost\n|-boost|p2a: Quaquaval|atk|1\n|-damage|p2a: Quaquaval|160/264|[from] item: Life Orb\n|\n|upkeep\n|inactive|rei51 has 120 seconds left.\n|\n|t:|1781393948\n|switch|p1a: Ursaring|Ursaring, L84, F|288/288\n|turn|8\n|inactive|rei51 has 120 seconds left.\n|\n|t:|1781393954\n|move|p2a: Quaquaval|Close Combat|p1a: Ursaring\n|-supereffective|p1a: Ursaring\n|-damage|p1a: Ursaring|0 fnt\n|-unboost|p2a: Quaquaval|def|1\n|-unboost|p2a: Quaquaval|spd|1\n|faint|p1a: Ursaring\n|-ability|p2a: Quaquaval|Moxie|boost\n|-boost|p2a: Quaquaval|atk|1\n|-damage|p2a: Quaquaval|134/264|[from] item: Life Orb\n|\n|upkeep\n|inactive|rei51 has 120 seconds left.\n|\n|t:|1781393962\n|switch|p1a: Phione|Phione, L91|190/293\n|turn|9\n|\n|t:|1781393969\n|move|p2a: Quaquaval|Close Combat|p1a: Phione\n|-damage|p1a: Phione|0 fnt\n|-unboost|p2a: Quaquaval|def|1\n|-unboost|p2a: Quaquaval|spd|1\n|faint|p1a: Phione\n|-ability|p2a: Quaquaval|Moxie|boost\n|-boost|p2a: Quaquaval|atk|1\n|-damage|p2a: Quaquaval|108/264|[from] item: Life Orb\n|\n|upkeep\n|\n|t:|1781393974\n|switch|p1a: Sandy Shocks|Sandy Shocks, L80|267/267\n|turn|10\n|\n|t:|1781393980\n|move|p2a: Quaquaval|Aqua Step|p1a: Sandy Shocks\n|-supereffective|p1a: Sandy Shocks\n|-damage|p1a: Sandy Shocks|0 fnt\n|-boost|p2a: Quaquaval|spe|1\n|faint|p1a: Sandy Shocks\n|-end|p1a: Sandy Shocks|Protosynthesis|[silent]\n|-damage|p2a: Quaquaval|82/264|[from] item: Life Orb\n|\n|upkeep\n|\n|t:|1781393982\n|switch|p1a: Volcarona|Volcarona, L77, M|257/257\n|turn|11\n|\n|t:|1781393988\n|move|p2a: Quaquaval|Aqua Step|p1a: Volcarona\n|-supereffective|p1a: Volcarona\n|-damage|p1a: Volcarona|0 fnt\n|-boost|p2a: Quaquaval|spe|1\n|faint|p1a: Volcarona\n|-damage|p2a: Quaquaval|56/264|[from] item: Life Orb\n|\n|win|yhkbl\n|raw|rei51's rating: 1429 &rarr; <strong>1409</strong><br />(-20 for losing)\n|raw|yhkbl's rating: 1427 &rarr; <strong>1447</strong><br />(+20 for winning)\n", "uploadtime": 1781393990, "views": 2, "formatid": "gen9randombattle", "rating": 1409, "private": 0, "password": null}