{"id": "gen9randombattle-2631599571", "format": "[Gen 9] Random Battle", "players": ["DalmiroM1", "watercell"], "log": "|j|\u2606DalmiroM1\n|j|\u2606watercell\n|t:|1781406815\n|gametype|singles\n|player|p1|DalmiroM1|101|1911\n|player|p2|watercell|fisherman-gen4|1916\n|gen|9\n|tier|[Gen 9] Random Battle\n|rated|\n|rule|Species Clause: Limit one of each Pok\u00e9mon\n|rule|HP Percentage Mod: HP is shown in percentages\n|rule|Sleep Clause Mod: Limit one foe put to sleep\n|rule|Illusion Level Mod: Illusion disguises the Pok\u00e9mon's true level\n|\n|t:|1781406815\n|teamsize|p1|6\n|teamsize|p2|6\n|start\n|switch|p1a: Toxicroak|Toxicroak, L84, M|277/277\n|switch|p2a: Scizor|Scizor, L79, M|240/240\n|turn|1\n|inactive|Battle timer is ON: inactive players will automatically lose when time's up. (requested by watercell)\n|inactive|DalmiroM1 has 120 seconds left.\n|\n|t:|1781406877\n|move|p1a: Toxicroak|Swords Dance|p1a: Toxicroak\n|-boost|p1a: Toxicroak|atk|2\n|move|p2a: Scizor|U-turn|p1a: Toxicroak\n|-resisted|p1a: Toxicroak\n|-damage|p1a: Toxicroak|253/277\n|\n|t:|1781406906\n|switch|p2a: Haxorus|Haxorus, L77, M|244/244|[from] U-turn\n|-ability|p2a: Haxorus|Mold Breaker\n|\n|upkeep\n|turn|2\n|\n|t:|1781406916\n|move|p2a: Haxorus|Earthquake|p1a: Toxicroak\n|-supereffective|p1a: Toxicroak\n|-damage|p1a: Toxicroak|43/277\n|move|p1a: Toxicroak|Close Combat|p2a: Haxorus\n|-damage|p2a: Haxorus|0 fnt\n|-unboost|p1a: Toxicroak|def|1\n|-unboost|p1a: Toxicroak|spd|1\n|faint|p2a: Haxorus\n|-damage|p1a: Toxicroak|16/277|[from] item: Life Orb\n|\n|upkeep\n|\n|t:|1781406920\n|switch|p2a: Scizor|Scizor, L79, M|240/240\n|turn|3\n|\n|t:|1781406924\n|move|p1a: Toxicroak|Sucker Punch|p2a: Scizor\n|-damage|p2a: Scizor|106/240\n|-damage|p1a: Toxicroak|0 fnt|[from] item: Life Orb\n|faint|p1a: Toxicroak\n|move|p2a: Scizor|Bullet Punch|p1: Toxicroak|[notarget]\n|-fail|p2a: Scizor\n|\n|-heal|p2a: Scizor|121/240|[from] item: Leftovers\n|upkeep\n|\n|t:|1781406931\n|switch|p1a: Weezing|Weezing, L88, F|258/258\n|turn|4\n|\n|t:|1781406946\n|switch|p2a: Archaludon|Archaludon, L78, F|268/268\n|move|p1a: Weezing|Fire Blast|p2a: Archaludon\n|-damage|p2a: Archaludon|168/268\n|-ability|p2a: Archaludon|Stamina|boost\n|-boost|p2a: Archaludon|def|1\n|\n|-heal|p2a: Archaludon|184/268|[from] item: Leftovers\n|upkeep\n|turn|5\n|\n|t:|1781406963\n|move|p2a: Archaludon|Stealth Rock|p1a: Weezing\n|-sidestart|p1: DalmiroM1|move: Stealth Rock\n|move|p1a: Weezing|Fire Blast|p2a: Archaludon\n|-damage|p2a: Archaludon|85/268\n|-ability|p2a: Archaludon|Stamina|boost\n|-boost|p2a: Archaludon|def|1\n|\n|-heal|p2a: Archaludon|101/268|[from] item: Leftovers\n|upkeep\n|turn|6\n|\n|t:|1781406969\n|move|p2a: Archaludon|Flash Cannon|p1a: Weezing\n|-damage|p1a: Weezing|150/258\n|move|p1a: Weezing|Fire Blast|p2a: Archaludon\n|-damage|p2a: Archaludon|0 fnt\n|faint|p2a: Archaludon\n|\n|-heal|p1a: Weezing|166/258|[from] item: Leftovers\n|upkeep\n|\n|t:|1781406983\n|switch|p2a: Furret|Furret, L94, F|312/312\n|-item|p1a: Weezing|Leftovers|[from] ability: Frisk|[of] p2a: Furret\n|turn|7\n|\n|t:|1781406987\n|move|p2a: Furret|Double-Edge|p1a: Weezing\n|-damage|p1a: Weezing|31/258\n|-damage|p2a: Furret|267/312|[from] Recoil\n|move|p1a: Weezing|Pain Split|p2a: Furret\n|-sethp|p2a: Furret|149/312|[from] move: Pain Split|[silent]\n|-sethp|p1a: Weezing|149/258|[from] move: Pain Split\n|\n|-heal|p1a: Weezing|165/258|[from] item: Leftovers\n|upkeep\n|turn|8\n|-message|watercell forfeited.\n|\n|win|DalmiroM1\n", "uploadtime": 1781406816, "views": 3, "formatid": "gen9randombattle", "rating": null, "private": 0, "password": null}