{"id": "gen9randombattle-2631722542", "format": "[Gen 9] Random Battle", "players": ["Harvester", "demoivrestheorem"], "log": "|j|\u2606Harvester\n|j|\u2606demoivrestheorem\n|t:|1781428639\n|gametype|singles\n|player|p1|Harvester|1|1976\n|player|p2|demoivrestheorem|richboy|1962\n|gen|9\n|tier|[Gen 9] Random Battle\n|rated|\n|rule|Species Clause: Limit one of each Pok\u00e9mon\n|rule|HP Percentage Mod: HP is shown in percentages\n|rule|Sleep Clause Mod: Limit one foe put to sleep\n|rule|Illusion Level Mod: Illusion disguises the Pok\u00e9mon's true level\n|\n|t:|1781428639\n|teamsize|p1|6\n|teamsize|p2|6\n|start\n|switch|p1a: Emboar|Emboar, L84, F|322/322\n|switch|p2a: Piloswine|Piloswine, L85, M|309/309\n|turn|1\n|inactive|Battle timer is ON: inactive players will automatically lose when time's up. (requested by demoivrestheorem)\n|\n|t:|1781428662\n|switch|p1a: Quagsire|Quagsire, L84, M|297/297\n|switch|p2a: Ampharos|Ampharos, L88, M|302/302\n|\n|upkeep\n|turn|2\n|\n|t:|1781428677\n|switch|p2a: Cacturne|Cacturne, L92, F|278/278\n|move|p1a: Quagsire|Toxic|p2a: Cacturne\n|-status|p2a: Cacturne|tox\n|\n|-damage|p2a: Cacturne|261/278 tox|[from] psn\n|upkeep\n|turn|3\n|\n|t:|1781428685\n|switch|p1a: Emboar|Emboar, L84, F|322/322\n|move|p2a: Cacturne|Knock Off|p1a: Emboar\n|-resisted|p1a: Emboar\n|-crit|p1a: Emboar\n|-damage|p1a: Emboar|150/322\n|-enditem|p1a: Emboar|Choice Scarf|[from] move: Knock Off|[of] p2a: Cacturne\n|-damage|p2a: Cacturne|234/278 tox|[from] item: Life Orb\n|\n|-damage|p2a: Cacturne|200/278 tox|[from] psn\n|upkeep\n|turn|4\n|\n|t:|1781428703\n|switch|p2a: Ampharos|Ampharos, L88, M|302/302\n|move|p1a: Emboar|Close Combat|p2a: Ampharos\n|-crit|p2a: Ampharos\n|-damage|p2a: Ampharos|85/302\n|-unboost|p1a: Emboar|def|1\n|-unboost|p1a: Emboar|spd|1\n|\n|upkeep\n|turn|5\n|\n|t:|1781428711\n|move|p1a: Emboar|Close Combat|p2a: Ampharos\n|-damage|p2a: Ampharos|0 fnt\n|-unboost|p1a: Emboar|def|1\n|-unboost|p1a: Emboar|spd|1\n|-status|p1a: Emboar|par|[from] ability: Static|[of] p2a: Ampharos\n|faint|p2a: Ampharos\n|\n|upkeep\n|\n|t:|1781428716\n|switch|p2a: Quaquaval|Quaquaval, L79, F|264/264\n|turn|6\n|\n|t:|1781428723\n|switch|p1a: Toxicroak|Toxicroak, L84, F|277/277\n|move|p2a: Quaquaval|Aqua Step|p1a: Toxicroak\n|-immune|p1a: Toxicroak|[from] ability: Dry Skin\n|\n|upkeep\n|turn|7\n|\n|t:|1781428733\n|switch|p2a: Victreebel|Victreebel, L90, F|290/290\n|move|p1a: Toxicroak|Swords Dance|p1a: Toxicroak\n|-boost|p1a: Toxicroak|atk|2\n|\n|upkeep\n|turn|8\n|\n|t:|1781428740\n|move|p1a: Toxicroak|Gunk Shot|p2a: Victreebel|[miss]\n|-miss|p1a: Toxicroak|p2a: Victreebel\n|move|p2a: Victreebel|Power Whip|p1a: Toxicroak\n|-resisted|p1a: Toxicroak\n|-damage|p1a: Toxicroak|152/277\n|-damage|p2a: Victreebel|261/290|[from] item: Life Orb\n|\n|upkeep\n|turn|9\n|\n|t:|1781428748\n|move|p2a: Victreebel|Sucker Punch|p1a: Toxicroak\n|-resisted|p1a: Toxicroak\n|-damage|p1a: Toxicroak|101/277\n|-damage|p2a: Victreebel|232/290|[from] item: Life Orb\n|move|p1a: Toxicroak|Gunk Shot|p2a: Victreebel|[miss]\n|-miss|p1a: Toxicroak|p2a: Victreebel\n|\n|upkeep\n|turn|10\n|\n|t:|1781428756\n|move|p1a: Toxicroak|Gunk Shot|p2a: Victreebel\n|-damage|p2a: Victreebel|0 fnt\n|faint|p2a: Victreebel\n|-damage|p1a: Toxicroak|74/277|[from] item: Life Orb\n|\n|upkeep\n|\n|t:|1781428761\n|switch|p2a: Cacturne|Cacturne, L92, F|200/278 tox\n|turn|11\n|\n|t:|1781428768\n|move|p2a: Cacturne|Sucker Punch|p1a: Toxicroak\n|-resisted|p1a: Toxicroak\n|-damage|p1a: Toxicroak|0 fnt\n|faint|p1a: Toxicroak\n|-damage|p2a: Cacturne|173/278 tox|[from] item: Life Orb\n|\n|-damage|p2a: Cacturne|156/278 tox|[from] psn\n|upkeep\n|\n|t:|1781428782\n|switch|p1a: Honchkrow|Honchkrow, L86, F|312/312\n|turn|12\n|\n|t:|1781428793\n|switch|p2a: Piloswine|Piloswine, L85, M|309/309\n|move|p1a: Honchkrow|Heat Wave|p2a: Piloswine\n|-supereffective|p2a: Piloswine\n|-damage|p2a: Piloswine|243/309\n|\n|upkeep\n|turn|13\n|\n|t:|1781428801\n|move|p1a: Honchkrow|U-turn|p2a: Piloswine\n|-damage|p2a: Piloswine|197/309\n|\n|t:|1781428804\n|switch|p1a: Emboar|Emboar, L84, F|150/322 par|[from] U-turn\n|move|p2a: Piloswine|Stealth Rock|p1a: Emboar\n|-sidestart|p1: Harvester|move: Stealth Rock\n|\n|upkeep\n|turn|14\n|\n|t:|1781428812\n|move|p2a: Piloswine|Earthquake|p1a: Emboar\n|-supereffective|p1a: Emboar\n|-damage|p1a: Emboar|0 fnt\n|faint|p1a: Emboar\n|\n|upkeep\n|\n|t:|1781428823\n|switch|p1a: Venusaur|Venusaur, L84, F|272/272\n|-damage|p1a: Venusaur|238/272|[from] Stealth Rock\n|turn|15\n|\n|t:|1781428829\n|switch|p2a: Cacturne|Cacturne, L92, F|156/278 tox\n|move|p1a: Venusaur|Sleep Powder|p2a: Cacturne\n|-immune|p2a: Cacturne\n|\n|-heal|p1a: Venusaur|255/272|[from] item: Leftovers\n|-damage|p2a: Cacturne|139/278 tox|[from] psn\n|upkeep\n|turn|16\n|\n|t:|1781428839\n|move|p2a: Cacturne|Sucker Punch|p1a: Venusaur\n|-damage|p1a: Venusaur|126/272\n|-damage|p2a: Cacturne|112/278 tox|[from] item: Life Orb\n|move|p1a: Venusaur|Sludge Bomb|p2a: Cacturne\n|-supereffective|p2a: Cacturne\n|-damage|p2a: Cacturne|0 fnt\n|faint|p2a: Cacturne\n|\n|-heal|p1a: Venusaur|143/272|[from] item: Leftovers\n|upkeep\n|\n|t:|1781428850\n|switch|p2a: Chansey|Chansey, L85, F|564/564\n|turn|17\n|\n|t:|1781428854\n|move|p1a: Venusaur|Knock Off|p2a: Chansey\n|-damage|p2a: Chansey|425/564\n|-enditem|p2a: Chansey|Eviolite|[from] move: Knock Off|[of] p1a: Venusaur\n|move|p2a: Chansey|Seismic Toss|p1a: Venusaur\n|-damage|p1a: Venusaur|58/272\n|\n|-heal|p1a: Venusaur|75/272|[from] item: Leftovers\n|upkeep\n|turn|18\n|\n|t:|1781428879\n|move|p1a: Venusaur|Synthesis|p1a: Venusaur\n|-heal|p1a: Venusaur|211/272\n|move|p2a: Chansey|Seismic Toss|p1a: Venusaur\n|-damage|p1a: Venusaur|126/272\n|\n|-heal|p1a: Venusaur|143/272|[from] item: Leftovers\n|upkeep\n|turn|19\n|\n|t:|1781428887\n|move|p1a: Venusaur|Sleep Powder|p2a: Chansey\n|-status|p2a: Chansey|slp|[from] move: Sleep Powder\n|cant|p2a: Chansey|slp\n|\n|-heal|p1a: Venusaur|160/272|[from] item: Leftovers\n|upkeep\n|turn|20\n|\n|t:|1781428896\n|-curestatus|p2a: Chansey|slp|[from] ability: Natural Cure|[silent]\n|switch|p2a: Piloswine|Piloswine, L85, M|197/309\n|move|p1a: Venusaur|Synthesis|p1a: Venusaur\n|-heal|p1a: Venusaur|272/272\n|\n|upkeep\n|turn|21\n|\n|t:|1781428905\n|move|p1a: Venusaur|Sleep Powder|p2a: Piloswine\n|-status|p2a: Piloswine|slp|[from] move: Sleep Powder\n|cant|p2a: Piloswine|slp\n|\n|upkeep\n|turn|22\n|\n|t:|1781428911\n|switch|p2a: Chansey|Chansey, L85, F|425/564\n|move|p1a: Venusaur|Knock Off|p2a: Chansey\n|-damage|p2a: Chansey|284/564\n|\n|upkeep\n|turn|23\n|\n|t:|1781428918\n|move|p1a: Venusaur|Sleep Powder|p2a: Chansey\n|-message|Sleep Clause Mod activated.\n|-hint|Sleep Clause Mod prevents players from putting more than one of their opponent's Pok\u00e9mon to sleep at a time\n|move|p2a: Chansey|Thunder Wave|p1a: Venusaur\n|-status|p1a: Venusaur|par\n|\n|upkeep\n|turn|24\n|\n|t:|1781428935\n|switch|p1a: Quagsire|Quagsire, L84, M|297/297\n|-damage|p1a: Quagsire|279/297|[from] Stealth Rock\n|move|p2a: Chansey|Soft-Boiled|p2a: Chansey\n|-heal|p2a: Chansey|564/564\n|\n|-heal|p1a: Quagsire|297/297|[from] item: Leftovers\n|upkeep\n|turn|25\n|\n|t:|1781428963\n|move|p2a: Chansey|Seismic Toss|p1a: Quagsire\n|-damage|p1a: Quagsire|212/297\n|move|p1a: Quagsire|Earthquake|p2a: Chansey\n|-damage|p2a: Chansey|215/564\n|\n|-heal|p1a: Quagsire|230/297|[from] item: Leftovers\n|upkeep\n|turn|26\n|\n|t:|1781428975\n|move|p2a: Chansey|Seismic Toss|p1a: Quagsire\n|-damage|p1a: Quagsire|145/297\n|move|p1a: Quagsire|Recover|p1a: Quagsire\n|-heal|p1a: Quagsire|294/297\n|\n|-heal|p1a: Quagsire|297/297|[from] item: Leftovers\n|upkeep\n|turn|27\n|\n|t:|1781428984\n|switch|p2a: Piloswine|Piloswine, L85, M|197/309 slp\n|move|p1a: Quagsire|Earthquake|p2a: Piloswine\n|-damage|p2a: Piloswine|127/309 slp\n|\n|upkeep\n|turn|28\n|\n|t:|1781429013\n|switch|p1a: Honchkrow|Honchkrow, L86, F|312/312\n|cant|p2a: Piloswine|slp\n|\n|upkeep\n|turn|29\n|\n|t:|1781429020\n|move|p1a: Honchkrow|Brave Bird|p2a: Piloswine\n|-damage|p2a: Piloswine|21/309 slp\n|-damage|p1a: Honchkrow|277/312|[from] Recoil\n|cant|p2a: Piloswine|slp\n|\n|upkeep\n|turn|30\n|\n|t:|1781429028\n|move|p1a: Honchkrow|Brave Bird|p2a: Piloswine\n|-damage|p2a: Piloswine|0 fnt\n|faint|p2a: Piloswine\n|-ability|p1a: Honchkrow|Moxie|boost\n|-boost|p1a: Honchkrow|atk|1\n|-damage|p1a: Honchkrow|270/312|[from] Recoil\n|\n|upkeep\n|\n|t:|1781429031\n|switch|p2a: Quaquaval|Quaquaval, L79, F|264/264\n|turn|31\n|\n|t:|1781429045\n|-terastallize|p1a: Honchkrow|Flying\n|move|p2a: Quaquaval|Triple Axel|p1a: Honchkrow\n|-supereffective|p1a: Honchkrow\n|-damage|p1a: Honchkrow|206/312\n|-supereffective|p1a: Honchkrow\n|-damage|p1a: Honchkrow|92/312\n|-supereffective|p1a: Honchkrow\n|-damage|p1a: Honchkrow|0 fnt\n|faint|p1a: Honchkrow\n|-ability|p2a: Quaquaval|Moxie|boost\n|-boost|p2a: Quaquaval|atk|1\n|-hitcount|p1: Honchkrow|3\n|\n|upkeep\n|\n|t:|1781429061\n|switch|p1a: Articuno|Articuno, L86|295/295\n|-ability|p1a: Articuno|Pressure\n|turn|32\n|\n|t:|1781429066\n|move|p1a: Articuno|Brave Bird|p2a: Quaquaval\n|-supereffective|p2a: Quaquaval\n|-damage|p2a: Quaquaval|0 fnt\n|faint|p2a: Quaquaval\n|-damage|p1a: Articuno|208/295|[from] Recoil\n|\n|upkeep\n|\n|t:|1781429069\n|switch|p2a: Chansey|Chansey, L85, F|215/564\n|turn|33\n|\n|t:|1781429075\n|move|p1a: Articuno|Brave Bird|p2a: Chansey\n|-damage|p2a: Chansey|0 fnt\n|faint|p2a: Chansey\n|-damage|p1a: Articuno|137/295|[from] Recoil\n|\n|win|Harvester\n", "uploadtime": 1781428641, "views": 4, "formatid": "gen9randombattle", "rating": null, "private": 0, "password": null}