{"id": "gen9randombattle-2631989652", "format": "[Gen 9] Random Battle", "players": ["Mulinha", "rgrgreger"], "log": "|j|\u2606Mulinha\n|j|\u2606rgrgreger\n|t:|1781463343\n|gametype|singles\n|player|p1|Mulinha|hooligans|1945\n|player|p2|rgrgreger|zinzolin|1924\n|gen|9\n|tier|[Gen 9] Random Battle\n|rated|\n|rule|Species Clause: Limit one of each Pok\u00e9mon\n|rule|HP Percentage Mod: HP is shown in percentages\n|rule|Sleep Clause Mod: Limit one foe put to sleep\n|rule|Illusion Level Mod: Illusion disguises the Pok\u00e9mon's true level\n|\n|t:|1781463344\n|teamsize|p1|6\n|teamsize|p2|6\n|start\n|switch|p1a: Shiftry|Shiftry, L89, M|305/305\n|switch|p2a: Araquanid|Araquanid, L82, F|246/246\n|turn|1\n|inactive|Battle timer is ON: inactive players will automatically lose when time's up. (requested by rgrgreger)\n|inactive|Mulinha also wants the timer to be on.\n|\n|t:|1781463351\n|move|p1a: Shiftry|Swords Dance|p1a: Shiftry\n|-boost|p1a: Shiftry|atk|2\n|move|p2a: Araquanid|Leech Life|p1a: Shiftry\n|-supereffective|p1a: Shiftry\n|-damage|p1a: Shiftry|0 fnt\n|faint|p1a: Shiftry\n|\n|upkeep\n|\n|t:|1781463355\n|switch|p1a: Plusle|Plusle, L95, F|268/268\n|turn|2\n|\n|t:|1781463363\n|move|p1a: Plusle|Nasty Plot|p1a: Plusle\n|-boost|p1a: Plusle|spa|2\n|move|p2a: Araquanid|Liquidation|p1a: Plusle\n|-damage|p1a: Plusle|57/268\n|\n|upkeep\n|turn|3\n|\n|t:|1781463367\n|switch|p2a: Oinkologne|Oinkologne, L92, M|352/352\n|move|p1a: Plusle|Thunderbolt|p2a: Oinkologne\n|-damage|p2a: Oinkologne|70/352\n|-damage|p1a: Plusle|31/268|[from] item: Life Orb\n|\n|-heal|p2a: Oinkologne|92/352|[from] item: Leftovers\n|upkeep\n|turn|4\n|\n|t:|1781463372\n|move|p1a: Plusle|Thunderbolt|p2a: Oinkologne\n|-damage|p2a: Oinkologne|0 fnt\n|faint|p2a: Oinkologne\n|-damage|p1a: Plusle|5/268|[from] item: Life Orb\n|\n|upkeep\n|\n|t:|1781463377\n|switch|p2a: Deoxys|Deoxys-Attack, L72|191/191\n|-ability|p2a: Deoxys|Pressure\n|turn|5\n|\n|t:|1781463379\n|move|p2a: Deoxys|Knock Off|p1a: Plusle\n|-damage|p1a: Plusle|0 fnt\n|-enditem|p1a: Plusle|Life Orb|[from] move: Knock Off|[of] p2a: Deoxys\n|faint|p1a: Plusle\n|-damage|p2a: Deoxys|172/191|[from] item: Life Orb\n|\n|upkeep\n|\n|t:|1781463384\n|switch|p1a: Donphan|Donphan, L84, M|288/288\n|turn|6\n|\n|t:|1781463389\n|switch|p1a: Torterra|Torterra, L78, M|276/276\n|move|p2a: Deoxys|Psycho Boost|p1a: Torterra\n|-damage|p1a: Torterra|13/276\n|-unboost|p2a: Deoxys|spa|2\n|-damage|p2a: Deoxys|153/191|[from] item: Life Orb\n|\n|upkeep\n|turn|7\n|-message|Mulinha forfeited.\n|\n|win|rgrgreger\n", "uploadtime": 1781463345, "views": 3, "formatid": "gen9randombattle", "rating": null, "private": 0, "password": null}