{"id": "gen9randombattle-2631835167", "format": "[Gen 9] Random Battle", "players": ["ZannaBianca99", "bimiuchiratnhieu"], "log": "|j|\u2606ZannaBianca99\n|j|\u2606bimiuchiratnhieu\n|t:|1781446163\n|gametype|singles\n|player|p1|ZannaBianca99|102|2083\n|player|p2|bimiuchiratnhieu|hilda|2162\n|gen|9\n|tier|[Gen 9] Random Battle\n|rated|\n|rule|Species Clause: Limit one of each Pok\u00e9mon\n|rule|HP Percentage Mod: HP is shown in percentages\n|rule|Sleep Clause Mod: Limit one foe put to sleep\n|rule|Illusion Level Mod: Illusion disguises the Pok\u00e9mon's true level\n|\n|t:|1781446163\n|teamsize|p1|6\n|teamsize|p2|6\n|start\n|switch|p1a: Skarmory|Skarmory, L80, F|235/235\n|switch|p2a: Golduck|Golduck, L90, F|290/290\n|-ability|p2a: Golduck|Cloud Nine\n|turn|1\n|inactive|Battle timer is ON: inactive players will automatically lose when time's up. (requested by bimiuchiratnhieu)\n|\n|t:|1781446176\n|switch|p1a: Zarude|Zarude-Dada, L77|288/288\n|move|p2a: Golduck|Nasty Plot|p2a: Golduck\n|-boost|p2a: Golduck|spa|2\n|\n|upkeep\n|turn|2\n|\n|t:|1781446183\n|switch|p2a: Registeel|Registeel, L81|262/262\n|move|p1a: Zarude|U-turn|p2a: Registeel\n|-resisted|p2a: Registeel\n|-damage|p2a: Registeel|239/262\n|\n|t:|1781446186\n|switch|p1a: Ninetales|Ninetales, L85, M|263/263|[from] U-turn\n|-weather|SunnyDay|[from] ability: Drought|[of] p1a: Ninetales\n|\n|-weather|SunnyDay|[upkeep]\n|upkeep\n|turn|3\n|\n|t:|1781446200\n|switch|p1a: Skarmory|Skarmory, L80, F|235/235\n|switch|p2a: Golduck|Golduck, L90, F|290/290\n|-ability|p2a: Golduck|Cloud Nine\n|\n|-weather|SunnyDay|[upkeep]\n|upkeep\n|turn|4\n|\n|t:|1781446208\n|move|p2a: Golduck|Hydro Pump|p1a: Skarmory|[miss]\n|-miss|p2a: Golduck|p1a: Skarmory\n|move|p1a: Skarmory|Spikes|p2a: Golduck\n|-sidestart|p2: bimiuchiratnhieu|Spikes\n|\n|-weather|SunnyDay|[upkeep]\n|upkeep\n|turn|5\n|\n|t:|1781446210\n|switch|p1a: Zarude|Zarude-Dada, L77|288/288\n|move|p2a: Golduck|Hydro Pump|p1a: Zarude\n|-resisted|p1a: Zarude\n|-damage|p1a: Zarude|214/288\n|\n|-weather|SunnyDay|[upkeep]\n|upkeep\n|turn|6\n|\n|t:|1781446216\n|switch|p2a: Cramorant|Cramorant, L86, M|261/261\n|move|p1a: Zarude|Knock Off|p2a: Cramorant\n|-damage|p2a: Cramorant|50/261\n|-enditem|p2a: Cramorant|Heavy-Duty Boots|[from] move: Knock Off|[of] p1a: Zarude\n|\n|-weather|none\n|upkeep\n|turn|7\n|\n|t:|1781446224\n|switch|p2a: Dachsbun|Dachsbun, L92, M|254/254\n|-damage|p2a: Dachsbun|223/254|[from] Spikes\n|move|p1a: Zarude|Knock Off|p2a: Dachsbun\n|-resisted|p2a: Dachsbun\n|-damage|p2a: Dachsbun|172/254\n|-enditem|p2a: Dachsbun|Leftovers|[from] move: Knock Off|[of] p1a: Zarude\n|\n|upkeep\n|turn|8\n|\n|t:|1781446227\n|switch|p1a: Skarmory|Skarmory, L80, F|235/235\n|move|p2a: Dachsbun|Wish|p2a: Dachsbun\n|\n|upkeep\n|turn|9\n|\n|t:|1781446232\n|switch|p2a: Cramorant|Cramorant, L86, M|50/261\n|move|p1a: Skarmory|Brave Bird|p2a: Cramorant\n|-damage|p2a: Cramorant|0 fnt\n|faint|p2a: Cramorant\n|-damage|p1a: Skarmory|218/235|[from] Recoil\n|\n|upkeep\n|\n|t:|1781446235\n|switch|p2a: Dachsbun|Dachsbun, L92, M|172/254\n|-damage|p2a: Dachsbun|141/254|[from] Spikes\n|turn|10\n|\n|t:|1781446238\n|move|p2a: Dachsbun|Wish|p2a: Dachsbun\n|move|p1a: Skarmory|Spikes|p2a: Dachsbun\n|-sidestart|p2: bimiuchiratnhieu|Spikes\n|\n|upkeep\n|turn|11\n|\n|t:|1781446243\n|move|p2a: Dachsbun|Body Press|p1a: Skarmory\n|-damage|p1a: Skarmory|165/235\n|-damage|p2a: Dachsbun|99/254|[from] item: Rocky Helmet|[of] p1a: Skarmory\n|move|p1a: Skarmory|Spikes|p2a: Dachsbun\n|-sidestart|p2: bimiuchiratnhieu|Spikes\n|\n|-heal|p2a: Dachsbun|226/254|[from] move: Wish|[wisher] Dachsbun\n|upkeep\n|turn|12\n|\n|t:|1781446248\n|move|p2a: Dachsbun|Wish|p2a: Dachsbun\n|move|p1a: Skarmory|Brave Bird|p2a: Dachsbun\n|-damage|p2a: Dachsbun|156/254\n|-damage|p1a: Skarmory|142/235|[from] Recoil\n|\n|upkeep\n|turn|13\n|\n|t:|1781446261\n|switch|p2a: Pikachu|Pikachu, L93, F|216/216\n|-damage|p2a: Pikachu|162/216|[from] Spikes\n|move|p1a: Skarmory|Roost|p1a: Skarmory\n|-heal|p1a: Skarmory|235/235\n|-singleturn|p1a: Skarmory|move: Roost\n|\n|-heal|p2a: Pikachu|216/216|[from] move: Wish|[wisher] Dachsbun\n|upkeep\n|turn|14\n|\n|t:|1781446276\n|move|p2a: Pikachu|Volt Tackle|p1a: Skarmory\n|-supereffective|p1a: Skarmory\n|-ability|p1a: Skarmory|Sturdy\n|-damage|p1a: Skarmory|1/235\n|-damage|p2a: Pikachu|180/216|[from] item: Rocky Helmet|[of] p1a: Skarmory\n|-damage|p2a: Pikachu|103/216|[from] Recoil\n|move|p1a: Skarmory|Body Press|p2a: Pikachu\n|-damage|p2a: Pikachu|0 fnt\n|faint|p2a: Pikachu\n|\n|upkeep\n|\n|t:|1781446284\n|switch|p2a: Dachsbun|Dachsbun, L92, M|156/254\n|-damage|p2a: Dachsbun|93/254|[from] Spikes\n|turn|15\n|\n|t:|1781446297\n|switch|p1a: Lapras|Lapras, L87, M|367/367\n|move|p2a: Dachsbun|Body Press|p1a: Lapras\n|-supereffective|p1a: Lapras\n|-damage|p1a: Lapras|217/367\n|\n|upkeep\n|turn|16\n|\n|t:|1781446309\n|move|p2a: Dachsbun|Body Press|p1a: Lapras\n|-supereffective|p1a: Lapras\n|-damage|p1a: Lapras|51/367\n|move|p1a: Lapras|Dragon Dance|p1a: Lapras\n|-boost|p1a: Lapras|atk|1\n|-boost|p1a: Lapras|spe|1\n|\n|upkeep\n|turn|17\n|\n|t:|1781446321\n|switch|p2a: Golduck|Golduck, L90, F|290/290\n|-damage|p2a: Golduck|218/290|[from] Spikes\n|-ability|p2a: Golduck|Cloud Nine\n|move|p1a: Lapras|Waterfall|p2a: Golduck\n|-resisted|p2a: Golduck\n|-damage|p2a: Golduck|152/290\n|\n|-heal|p2a: Golduck|170/290|[from] item: Leftovers\n|upkeep\n|turn|18\n|\n|t:|1781446328\n|-terastallize|p1a: Lapras|Ground\n|move|p1a: Lapras|Earthquake|p2a: Golduck\n|-damage|p2a: Golduck|20/290\n|move|p2a: Golduck|Grass Knot|p1a: Lapras\n|-supereffective|p1a: Lapras\n|-damage|p1a: Lapras|0 fnt\n|faint|p1a: Lapras\n|\n|-heal|p2a: Golduck|38/290|[from] item: Leftovers\n|upkeep\n|\n|t:|1781446334\n|switch|p1a: Infernape|Infernape, L82, F|259/259\n|turn|19\n|\n|t:|1781446337\n|move|p1a: Infernape|Close Combat|p2a: Golduck\n|-damage|p2a: Golduck|0 fnt\n|-unboost|p1a: Infernape|def|1\n|-unboost|p1a: Infernape|spd|1\n|faint|p2a: Golduck\n|-damage|p1a: Infernape|234/259|[from] item: Life Orb\n|\n|upkeep\n|\n|t:|1781446350\n|switch|p2a: Dachsbun|Dachsbun, L92, M|93/254\n|-damage|p2a: Dachsbun|30/254|[from] Spikes\n|turn|20\n|\n|t:|1781446355\n|move|p2a: Dachsbun|Wish|p2a: Dachsbun\n|move|p1a: Infernape|Close Combat|p2a: Dachsbun\n|-resisted|p2a: Dachsbun\n|-damage|p2a: Dachsbun|0 fnt\n|-unboost|p1a: Infernape|def|1\n|-unboost|p1a: Infernape|spd|1\n|faint|p2a: Dachsbun\n|-damage|p1a: Infernape|209/259|[from] item: Life Orb\n|\n|upkeep\n|\n|t:|1781446369\n|switch|p2a: Kyurem|Kyurem-Black, L71|295/295\n|-damage|p2a: Kyurem|222/295|[from] Spikes\n|-ability|p2a: Kyurem|Teravolt\n|turn|21\n|\n|t:|1781446376\n|-terastallize|p2a: Kyurem|Ground\n|move|p1a: Infernape|Close Combat|p2a: Kyurem\n|-damage|p2a: Kyurem|30/295\n|-unboost|p1a: Infernape|def|1\n|-unboost|p1a: Infernape|spd|1\n|-damage|p1a: Infernape|184/259|[from] item: Life Orb\n|move|p2a: Kyurem|Dragon Dance|p2a: Kyurem\n|-boost|p2a: Kyurem|atk|1\n|-boost|p2a: Kyurem|spe|1\n|\n|-heal|p2a: Kyurem|157/295|[from] move: Wish|[wisher] Dachsbun\n|upkeep\n|turn|22\n|\n|t:|1781446384\n|move|p1a: Infernape|Mach Punch|p2a: Kyurem\n|-damage|p2a: Kyurem|83/295\n|-damage|p1a: Infernape|159/259|[from] item: Life Orb\n|move|p2a: Kyurem|Tera Blast|p1a: Infernape|[anim] Tera Blast Ground\n|-supereffective|p1a: Infernape\n|-damage|p1a: Infernape|0 fnt\n|faint|p1a: Infernape\n|\n|upkeep\n|\n|t:|1781446389\n|switch|p1a: Ninetales|Ninetales, L85, M|263/263\n|-weather|SunnyDay|[from] ability: Drought|[of] p1a: Ninetales\n|turn|23\n|\n|t:|1781446401\n|move|p2a: Kyurem|Tera Blast|p1a: Ninetales|[anim] Tera Blast Ground\n|-supereffective|p1a: Ninetales\n|-damage|p1a: Ninetales|0 fnt\n|faint|p1a: Ninetales\n|\n|-weather|SunnyDay|[upkeep]\n|upkeep\n|\n|t:|1781446405\n|switch|p1a: Zarude|Zarude-Dada, L77|214/288\n|turn|24\n|\n|t:|1781446407\n|move|p2a: Kyurem|Icicle Spear|p1a: Zarude\n|-supereffective|p1a: Zarude\n|-damage|p1a: Zarude|128/288\n|-supereffective|p1a: Zarude\n|-damage|p1a: Zarude|42/288\n|-supereffective|p1a: Zarude\n|-damage|p1a: Zarude|0 fnt\n|faint|p1a: Zarude\n|-hitcount|p1: Zarude|3\n|\n|-weather|SunnyDay|[upkeep]\n|upkeep\n|\n|t:|1781446409\n|switch|p1a: Vivillon|Vivillon-Continental, L83, M|268/268\n|turn|25\n|\n|t:|1781446412\n|move|p2a: Kyurem|Icicle Spear|p1a: Vivillon\n|-supereffective|p1a: Vivillon\n|-crit|p1a: Vivillon\n|-damage|p1a: Vivillon|62/268\n|-supereffective|p1a: Vivillon\n|-damage|p1a: Vivillon|0 fnt\n|faint|p1a: Vivillon\n|-hitcount|p1: Vivillon|2\n|\n|-weather|SunnyDay|[upkeep]\n|upkeep\n|\n|t:|1781446414\n|switch|p1a: Skarmory|Skarmory, L80, F|1/235\n|turn|26\n|\n|t:|1781446416\n|move|p2a: Kyurem|Icicle Spear|p1a: Skarmory\n|-damage|p1a: Skarmory|0 fnt\n|faint|p1a: Skarmory\n|-hitcount|p1: Skarmory|1\n|\n|win|bimiuchiratnhieu\n", "uploadtime": 1781446167, "views": 3, "formatid": "gen9randombattle", "rating": null, "private": 0, "password": null}