{"id": "gen9randombattle-2631984586", "format": "[Gen 9] Random Battle", "players": ["philschmil", "Rediyu"], "log": "|j|\u2606philschmil\n|j|\u2606Rediyu\n|t:|1781462785\n|gametype|singles\n|player|p1|philschmil|alder|1966\n|player|p2|Rediyu|265|1989\n|gen|9\n|tier|[Gen 9] Random Battle\n|rated|\n|rule|Species Clause: Limit one of each Pok\u00e9mon\n|rule|HP Percentage Mod: HP is shown in percentages\n|rule|Sleep Clause Mod: Limit one foe put to sleep\n|rule|Illusion Level Mod: Illusion disguises the Pok\u00e9mon's true level\n|\n|t:|1781462785\n|teamsize|p1|6\n|teamsize|p2|6\n|start\n|switch|p1a: Iron Thorns|Iron Thorns, L83|302/302\n|switch|p2a: Chimecho|Chimecho, L93, F|290/290\n|turn|1\n|inactive|Battle timer is ON: inactive players will automatically lose when time's up. (requested by philschmil)\n|\n|t:|1781462803\n|move|p2a: Chimecho|Cosmic Power|p2a: Chimecho\n|-boost|p2a: Chimecho|def|1\n|-boost|p2a: Chimecho|spd|1\n|move|p1a: Iron Thorns|Stone Edge|p2a: Chimecho\n|-damage|p2a: Chimecho|203/290\n|\n|-heal|p2a: Chimecho|221/290|[from] item: Leftovers\n|upkeep\n|turn|2\n|\n|t:|1781462806\n|move|p2a: Chimecho|Cosmic Power|p2a: Chimecho\n|-boost|p2a: Chimecho|def|1\n|-boost|p2a: Chimecho|spd|1\n|move|p1a: Iron Thorns|Volt Switch|p2a: Chimecho\n|-damage|p2a: Chimecho|191/290\n|\n|t:|1781462813\n|-end|p1a: Iron Thorns|Quark Drive|[silent]\n|switch|p1a: Amoonguss|Amoonguss, L82, F|321/321|[from] Volt Switch\n|\n|-heal|p2a: Chimecho|209/290|[from] item: Leftovers\n|upkeep\n|turn|3\n|\n|t:|1781462818\n|move|p2a: Chimecho|Stored Power|p1a: Amoonguss\n|-supereffective|p1a: Amoonguss\n|-damage|p1a: Amoonguss|21/321\n|move|p1a: Amoonguss|Spore|p2a: Chimecho\n|-status|p2a: Chimecho|slp|[from] move: Spore\n|\n|-heal|p2a: Chimecho|227/290 slp|[from] item: Leftovers\n|upkeep\n|turn|4\n|\n|t:|1781462826\n|switch|p1a: Carbink|Carbink, L90|236/236\n|cant|p2a: Chimecho|slp\n|\n|-heal|p2a: Chimecho|245/290 slp|[from] item: Leftovers\n|upkeep\n|turn|5\n|\n|t:|1781462830\n|cant|p2a: Chimecho|slp\n|move|p1a: Carbink|Iron Defense|p1a: Carbink\n|-boost|p1a: Carbink|def|2\n|\n|-heal|p2a: Chimecho|263/290 slp|[from] item: Leftovers\n|upkeep\n|turn|6\n|\n|t:|1781462834\n|cant|p2a: Chimecho|slp\n|move|p1a: Carbink|Iron Defense|p1a: Carbink\n|-boost|p1a: Carbink|def|2\n|\n|-heal|p2a: Chimecho|281/290 slp|[from] item: Leftovers\n|upkeep\n|turn|7\n|\n|t:|1781462838\n|-curestatus|p2a: Chimecho|slp|[msg]\n|move|p2a: Chimecho|Cosmic Power|p2a: Chimecho\n|-boost|p2a: Chimecho|def|1\n|-boost|p2a: Chimecho|spd|1\n|move|p1a: Carbink|Iron Defense|p1a: Carbink\n|-boost|p1a: Carbink|def|2\n|\n|-heal|p2a: Chimecho|290/290|[from] item: Leftovers\n|upkeep\n|turn|8\n|\n|t:|1781462841\n|move|p2a: Chimecho|Cosmic Power|p2a: Chimecho\n|-boost|p2a: Chimecho|def|1\n|-boost|p2a: Chimecho|spd|1\n|move|p1a: Carbink|Rock Polish|p1a: Carbink\n|-boost|p1a: Carbink|spe|2\n|\n|upkeep\n|turn|9\n|\n|t:|1781462844\n|move|p1a: Carbink|Body Press|p2a: Chimecho\n|-resisted|p2a: Chimecho\n|-damage|p2a: Chimecho|229/290\n|move|p2a: Chimecho|Stored Power|p1a: Carbink\n|-damage|p1a: Carbink|91/236\n|\n|-heal|p1a: Carbink|105/236|[from] item: Leftovers\n|-heal|p2a: Chimecho|247/290|[from] item: Leftovers\n|upkeep\n|turn|10\n|\n|t:|1781462849\n|move|p1a: Carbink|Body Press|p2a: Chimecho\n|-resisted|p2a: Chimecho\n|-damage|p2a: Chimecho|185/290\n|move|p2a: Chimecho|Stored Power|p1a: Carbink\n|-damage|p1a: Carbink|0 fnt\n|faint|p1a: Carbink\n|\n|-heal|p2a: Chimecho|203/290|[from] item: Leftovers\n|upkeep\n|\n|t:|1781462857\n|switch|p1a: Roaring Moon|Roaring Moon, L72|270/270\n|-enditem|p1a: Roaring Moon|Booster Energy\n|-activate|p1a: Roaring Moon|ability: Protosynthesis|[fromitem]\n|-start|p1a: Roaring Moon|protosynthesisatk\n|turn|11\n|\n|t:|1781462862\n|-terastallize|p1a: Roaring Moon|Flying\n|-terastallize|p2a: Chimecho|Steel\n|move|p1a: Roaring Moon|Dragon Dance|p1a: Roaring Moon\n|-boost|p1a: Roaring Moon|atk|1\n|-boost|p1a: Roaring Moon|spe|1\n|move|p2a: Chimecho|Dazzling Gleam|p1a: Roaring Moon\n|-damage|p1a: Roaring Moon|198/270\n|\n|-heal|p2a: Chimecho|221/290|[from] item: Leftovers\n|upkeep\n|turn|12\n|\n|t:|1781462866\n|move|p1a: Roaring Moon|Knock Off|p2a: Chimecho\n|-damage|p2a: Chimecho|161/290\n|-enditem|p2a: Chimecho|Leftovers|[from] move: Knock Off|[of] p1a: Roaring Moon\n|move|p2a: Chimecho|Cosmic Power|p2a: Chimecho\n|-boost|p2a: Chimecho|def|1\n|-boost|p2a: Chimecho|spd|1\n|\n|upkeep\n|turn|13\n|\n|t:|1781462872\n|move|p1a: Roaring Moon|Knock Off|p2a: Chimecho\n|-damage|p2a: Chimecho|122/290\n|move|p2a: Chimecho|Recover|p2a: Chimecho\n|-heal|p2a: Chimecho|267/290\n|\n|upkeep\n|turn|14\n|\n|t:|1781462874\n|move|p1a: Roaring Moon|Dragon Dance|p1a: Roaring Moon\n|-boost|p1a: Roaring Moon|atk|1\n|-boost|p1a: Roaring Moon|spe|1\n|move|p2a: Chimecho|Stored Power|p1a: Roaring Moon\n|-damage|p1a: Roaring Moon|0 fnt\n|faint|p1a: Roaring Moon\n|-end|p1a: Roaring Moon|Protosynthesis|[silent]\n|\n|upkeep\n|\n|t:|1781462878\n|switch|p1a: Deoxys|Deoxys-Attack, L72|191/191\n|-ability|p1a: Deoxys|Pressure\n|turn|15\n|\n|t:|1781462881\n|move|p1a: Deoxys|Superpower|p2a: Chimecho\n|-supereffective|p2a: Chimecho\n|-damage|p2a: Chimecho|194/290\n|-unboost|p1a: Deoxys|atk|1\n|-unboost|p1a: Deoxys|def|1\n|-damage|p1a: Deoxys|172/191|[from] item: Life Orb\n|move|p2a: Chimecho|Stored Power|p1a: Deoxys\n|-resisted|p1a: Deoxys\n|-damage|p1a: Deoxys|0 fnt\n|faint|p1a: Deoxys\n|\n|upkeep\n|\n|t:|1781462884\n|switch|p1a: Enamorus|Enamorus, L79, F|247/247\n|turn|16\n|\n|t:|1781462887\n|move|p1a: Enamorus|Superpower|p2a: Chimecho\n|-supereffective|p2a: Chimecho\n|-damage|p2a: Chimecho|150/290\n|-boost|p1a: Enamorus|atk|1\n|-boost|p1a: Enamorus|def|1\n|move|p2a: Chimecho|Recover|p2a: Chimecho\n|-heal|p2a: Chimecho|290/290\n|\n|upkeep\n|turn|17\n|\n|t:|1781462893\n|move|p1a: Enamorus|Superpower|p2a: Chimecho\n|-supereffective|p2a: Chimecho\n|-damage|p2a: Chimecho|216/290\n|-boost|p1a: Enamorus|atk|1\n|-boost|p1a: Enamorus|def|1\n|move|p2a: Chimecho|Stored Power|p1a: Enamorus\n|-damage|p1a: Enamorus|0 fnt\n|faint|p1a: Enamorus\n|\n|upkeep\n|-message|philschmil forfeited.\n|\n|win|Rediyu\n", "uploadtime": 1781462788, "views": 3, "formatid": "gen9randombattle", "rating": null, "private": 0, "password": null}