{"id": "gen9randombattle-2631899988", "format": "[Gen 9] Random Battle", "players": ["bimiuchiratnhieu", "Atelophobia"], "log": "|j|\u2606bimiuchiratnhieu\n|j|\u2606Atelophobia\n|t:|1781453548\n|gametype|singles\n|player|p1|bimiuchiratnhieu|hilda|1961\n|player|p2|Atelophobia|1|1941\n|gen|9\n|tier|[Gen 9] Random Battle\n|rated|\n|rule|Species Clause: Limit one of each Pok\u00e9mon\n|rule|HP Percentage Mod: HP is shown in percentages\n|rule|Sleep Clause Mod: Limit one foe put to sleep\n|rule|Illusion Level Mod: Illusion disguises the Pok\u00e9mon's true level\n|\n|t:|1781453548\n|teamsize|p1|6\n|teamsize|p2|6\n|start\n|switch|p1a: Meloetta|Meloetta, L82|298/298\n|switch|p2a: Urshifu|Urshifu, L74, F|270/270\n|turn|1\n|inactive|Battle timer is ON: inactive players will automatically lose when time's up. (requested by bimiuchiratnhieu)\n|\n|t:|1781453569\n|switch|p1a: Blastoise|Blastoise, L80, F|258/258\n|move|p2a: Urshifu|U-turn|p1a: Blastoise\n|-damage|p1a: Blastoise|188/258\n|\n|t:|1781453572\n|switch|p2a: Brambleghast|Brambleghast, L88, M|240/240|[from] U-turn\n|\n|upkeep\n|turn|2\n|\n|t:|1781453586\n|switch|p1a: Scovillain|Scovillain, L91, M|266/266\n|move|p2a: Brambleghast|Power Whip|p1a: Scovillain|[miss]\n|-miss|p2a: Brambleghast|p1a: Scovillain\n|\n|upkeep\n|turn|3\n|\n|t:|1781453592\n|switch|p2a: Noivern|Noivern, L82, F|274/274\n|move|p1a: Scovillain|Sunny Day|p1a: Scovillain\n|-weather|SunnyDay\n|\n|-weather|SunnyDay|[upkeep]\n|upkeep\n|turn|4\n|inactive|bimiuchiratnhieu has 120 seconds left.\n|\n|t:|1781453626\n|switch|p1a: Basculegion|Basculegion-F, L83, F|335/335\n|move|p2a: Noivern|Draco Meteor|p1a: Basculegion\n|-damage|p1a: Basculegion|236/335\n|-unboost|p2a: Noivern|spa|2\n|\n|-weather|SunnyDay|[upkeep]\n|upkeep\n|turn|5\n|\n|t:|1781453637\n|switch|p2a: Qwilfish|Qwilfish, L86, F|252/252\n|-ability|p2a: Qwilfish|Intimidate|boost\n|-unboost|p1a: Basculegion|atk|1\n|move|p1a: Basculegion|Shadow Ball|p2a: Qwilfish\n|-damage|p2a: Qwilfish|88/252\n|\n|-weather|SunnyDay|[upkeep]\n|upkeep\n|turn|6\n|\n|t:|1781453649\n|move|p2a: Qwilfish|Toxic Spikes|p1a: Basculegion\n|-sidestart|p1: bimiuchiratnhieu|move: Toxic Spikes\n|move|p1a: Basculegion|Shadow Ball|p2a: Qwilfish\n|-damage|p2a: Qwilfish|0 fnt\n|faint|p2a: Qwilfish\n|\n|-weather|SunnyDay|[upkeep]\n|upkeep\n|\n|t:|1781453652\n|switch|p2a: Brambleghast|Brambleghast, L88, M|240/240\n|turn|7\n|inactive|bimiuchiratnhieu has 120 seconds left.\n|\n|t:|1781453691\n|switch|p1a: Tauros|Tauros, L82, M|257/257\n|-status|p1a: Tauros|psn\n|move|p2a: Brambleghast|Poltergeist|p1a: Tauros\n|-immune|p1a: Tauros\n|\n|-weather|none\n|-damage|p1a: Tauros|225/257 psn|[from] psn\n|upkeep\n|turn|8\n|\n|t:|1781453698\n|move|p1a: Tauros|Throat Chop|p2a: Brambleghast\n|-supereffective|p2a: Brambleghast\n|-damage|p2a: Brambleghast|16/240\n|move|p2a: Brambleghast|Rapid Spin|p1a: Tauros\n|-damage|p1a: Tauros|179/257 psn\n|-boost|p2a: Brambleghast|spe|1\n|\n|-damage|p1a: Tauros|147/257 psn|[from] psn\n|upkeep\n|turn|9\n|inactive|bimiuchiratnhieu has 120 seconds left.\n|\n|t:|1781453729\n|move|p2a: Brambleghast|Strength Sap|p1a: Tauros\n|-unboost|p1a: Tauros|atk|1\n|-heal|p2a: Brambleghast|227/240\n|move|p1a: Tauros|Throat Chop|p2a: Brambleghast\n|-supereffective|p2a: Brambleghast\n|-damage|p2a: Brambleghast|81/240\n|\n|-damage|p1a: Tauros|115/257 psn|[from] psn\n|upkeep\n|turn|10\n|\n|t:|1781453743\n|switch|p1a: Meloetta|Meloetta, L82|298/298\n|-status|p1a: Meloetta|psn\n|move|p2a: Brambleghast|Strength Sap|p1a: Meloetta\n|-unboost|p1a: Meloetta|atk|1\n|-heal|p2a: Brambleghast|240/240\n|\n|-damage|p1a: Meloetta|261/298 psn|[from] psn\n|upkeep\n|turn|11\n|\n|t:|1781453749\n|move|p2a: Brambleghast|Power Whip|p1a: Meloetta\n|-damage|p1a: Meloetta|87/298 psn\n|move|p1a: Meloetta|Psyshock|p2a: Brambleghast\n|-damage|p2a: Brambleghast|62/240\n|\n|-damage|p1a: Meloetta|50/298 psn|[from] psn\n|upkeep\n|turn|12\n|\n|t:|1781453757\n|move|p2a: Brambleghast|Power Whip|p1a: Meloetta|[miss]\n|-miss|p2a: Brambleghast|p1a: Meloetta\n|move|p1a: Meloetta|Psyshock|p2a: Brambleghast\n|-damage|p2a: Brambleghast|0 fnt\n|faint|p2a: Brambleghast\n|\n|-damage|p1a: Meloetta|13/298 psn|[from] psn\n|upkeep\n|\n|t:|1781453763\n|switch|p2a: Noivern|Noivern, L82, F|274/274\n|turn|13\n|inactive|bimiuchiratnhieu has 120 seconds left.\n|\n|t:|1781453785\n|switch|p1a: Basculegion|Basculegion-F, L83, F|236/335\n|-status|p1a: Basculegion|psn\n|move|p2a: Noivern|Flamethrower|p1a: Basculegion\n|-resisted|p1a: Basculegion\n|-damage|p1a: Basculegion|215/335 psn\n|\n|-damage|p1a: Basculegion|174/335 psn|[from] psn\n|upkeep\n|turn|14\n|\n|t:|1781453792\n|move|p2a: Noivern|Hurricane|p1a: Basculegion\n|-damage|p1a: Basculegion|90/335 psn\n|move|p1a: Basculegion|Shadow Ball|p2a: Noivern\n|-damage|p2a: Noivern|142/274\n|\n|-damage|p1a: Basculegion|49/335 psn|[from] psn\n|upkeep\n|turn|15\n|inactive|bimiuchiratnhieu has 120 seconds left.\n|\n|t:|1781453805\n|move|p2a: Noivern|Roost|p2a: Noivern\n|-heal|p2a: Noivern|274/274\n|-singleturn|p2a: Noivern|move: Roost\n|move|p1a: Basculegion|Shadow Ball|p2a: Noivern\n|-damage|p2a: Noivern|140/274\n|\n|-damage|p1a: Basculegion|8/335 psn|[from] psn\n|upkeep\n|turn|16\n|\n|t:|1781453808\n|move|p2a: Noivern|Roost|p2a: Noivern\n|-heal|p2a: Noivern|274/274\n|-singleturn|p2a: Noivern|move: Roost\n|move|p1a: Basculegion|Shadow Ball|p2a: Noivern\n|-damage|p2a: Noivern|148/274\n|\n|-damage|p1a: Basculegion|0 fnt|[from] psn\n|faint|p1a: Basculegion\n|upkeep\n|\n|t:|1781453817\n|switch|p1a: Blastoise|Blastoise, L80, F|188/258\n|-status|p1a: Blastoise|psn\n|turn|17\n|\n|t:|1781453822\n|move|p2a: Noivern|Draco Meteor|p1a: Blastoise\n|-damage|p1a: Blastoise|77/258 psn\n|-unboost|p2a: Noivern|spa|2\n|move|p1a: Blastoise|Shell Smash|p1a: Blastoise\n|-unboost|p1a: Blastoise|def|1\n|-unboost|p1a: Blastoise|spd|1\n|-boost|p1a: Blastoise|atk|2\n|-boost|p1a: Blastoise|spa|2\n|-boost|p1a: Blastoise|spe|2\n|-enditem|p1a: Blastoise|White Herb\n|-clearnegativeboost|p1a: Blastoise|[silent]\n|\n|-damage|p1a: Blastoise|45/258 psn|[from] psn\n|upkeep\n|turn|18\n|\n|t:|1781453842\n|switch|p2a: Lucario|Lucario, L84, F|255/255\n|move|p1a: Blastoise|Ice Beam|p2a: Lucario\n|-resisted|p2a: Lucario\n|-damage|p2a: Lucario|189/255\n|\n|-damage|p1a: Blastoise|13/258 psn|[from] psn\n|upkeep\n|turn|19\n|\n|t:|1781453845\n|move|p2a: Lucario|Extreme Speed|p1a: Blastoise\n|-damage|p1a: Blastoise|0 fnt\n|faint|p1a: Blastoise\n|-damage|p2a: Lucario|164/255|[from] item: Life Orb\n|\n|upkeep\n|\n|t:|1781453855\n|switch|p1a: Delphox|Delphox, L84, F|263/263\n|turn|20\n|\n|t:|1781453861\n|switch|p2a: Noivern|Noivern, L82, F|148/274\n|move|p1a: Delphox|Fire Blast|p2a: Noivern\n|-resisted|p2a: Noivern\n|-damage|p2a: Noivern|80/274\n|\n|upkeep\n|turn|21\n|\n|t:|1781453871\n|switch|p1a: Meloetta|Meloetta, L82|13/298 psn\n|move|p2a: Noivern|Roost|p2a: Noivern\n|-heal|p2a: Noivern|217/274\n|-singleturn|p2a: Noivern|move: Roost\n|\n|-damage|p1a: Meloetta|0 fnt|[from] psn\n|faint|p1a: Meloetta\n|upkeep\n|\n|t:|1781453877\n|switch|p1a: Scovillain|Scovillain, L91, M|266/266\n|turn|22\n|\n|t:|1781453884\n|-terastallize|p1a: Scovillain|Ground\n|move|p2a: Noivern|Hurricane|p1a: Scovillain\n|-damage|p1a: Scovillain|130/266\n|-start|p1a: Scovillain|confusion\n|-activate|p1a: Scovillain|confusion\n|move|p1a: Scovillain|Sunny Day|p1a: Scovillain\n|-weather|SunnyDay\n|\n|-weather|SunnyDay|[upkeep]\n|upkeep\n|turn|23\n|\n|t:|1781453892\n|-end|p1a: Scovillain|confusion\n|move|p1a: Scovillain|Fire Blast|p2a: Noivern\n|-resisted|p2a: Noivern\n|-damage|p2a: Noivern|101/274\n|move|p2a: Noivern|Flamethrower|p1a: Scovillain\n|-crit|p1a: Scovillain\n|-damage|p1a: Scovillain|0 fnt\n|faint|p1a: Scovillain\n|\n|-weather|SunnyDay|[upkeep]\n|upkeep\n|\n|t:|1781453904\n|switch|p1a: Tauros|Tauros, L82, M|115/257 psn\n|turn|24\n|\n|t:|1781453912\n|-terastallize|p2a: Noivern|Fire\n|move|p2a: Noivern|Flamethrower|p1a: Tauros\n|-damage|p1a: Tauros|0 fnt\n|faint|p1a: Tauros\n|\n|-weather|SunnyDay|[upkeep]\n|upkeep\n|\n|t:|1781453923\n|switch|p1a: Delphox|Delphox, L84, F|263/263\n|turn|25\n|\n|t:|1781453929\n|move|p2a: Noivern|Draco Meteor|p1a: Delphox\n|-damage|p1a: Delphox|139/263\n|-unboost|p2a: Noivern|spa|2\n|move|p1a: Delphox|Nasty Plot|p1a: Delphox\n|-boost|p1a: Delphox|spa|2\n|\n|-weather|SunnyDay|[upkeep]\n|upkeep\n|turn|26\n|\n|t:|1781453933\n|move|p2a: Noivern|Draco Meteor|p1a: Delphox\n|-damage|p1a: Delphox|76/263\n|-unboost|p2a: Noivern|spa|2\n|move|p1a: Delphox|Psyshock|p2a: Noivern\n|-damage|p2a: Noivern|0 fnt\n|faint|p2a: Noivern\n|\n|-weather|none\n|upkeep\n|\n|t:|1781453938\n|switch|p2a: Lucario|Lucario, L84, F|164/255\n|turn|27\n|\n|t:|1781453945\n|move|p2a: Lucario|Extreme Speed|p1a: Delphox\n|-damage|p1a: Delphox|0 fnt\n|faint|p1a: Delphox\n|-damage|p2a: Lucario|139/255|[from] item: Life Orb\n|\n|win|Atelophobia\n", "uploadtime": 1781453550, "views": 8, "formatid": "gen9randombattle", "rating": null, "private": 0, "password": null}