{"id": "gen9randombattle-2631906981", "format": "[Gen 9] Random Battle", "players": ["Unknown Warrior", "Rolfj"], "log": "|j|\u2606Unknown Warrior\n|j|\u2606Rolfj\n|t:|1781454306\n|gametype|singles\n|player|p1|Unknown Warrior|2|1921\n|player|p2|Rolfj|169|1900\n|gen|9\n|tier|[Gen 9] Random Battle\n|rated|\n|rule|Species Clause: Limit one of each Pok\u00e9mon\n|rule|HP Percentage Mod: HP is shown in percentages\n|rule|Sleep Clause Mod: Limit one foe put to sleep\n|rule|Illusion Level Mod: Illusion disguises the Pok\u00e9mon's true level\n|\n|t:|1781454306\n|teamsize|p1|6\n|teamsize|p2|6\n|start\n|switch|p1a: Frosmoth|Frosmoth, L82, M|249/249\n|switch|p2a: Ogerpon|Ogerpon-Cornerstone, L76, F|247/247\n|turn|1\n|\n|t:|1781454321\n|switch|p1a: Pecharunt|Pecharunt, L77|262/262\n|move|p2a: Ogerpon|Ivy Cudgel|p1a: Pecharunt|[anim] Ivy Cudgel Rock\n|-damage|p1a: Pecharunt|174/262\n|\n|-heal|p1a: Pecharunt|190/262|[from] item: Leftovers\n|upkeep\n|turn|2\n|\n|t:|1781454328\n|switch|p2a: Iron Treads|Iron Treads, L77|265/265\n|move|p1a: Pecharunt|Recover|p1a: Pecharunt\n|-heal|p1a: Pecharunt|262/262\n|\n|upkeep\n|turn|3\n|\n|t:|1781454332\n|switch|p1a: Sinistcha|Sinistcha-Masterpiece, L83|254/254\n|move|p2a: Iron Treads|Volt Switch|p1a: Sinistcha\n|-resisted|p1a: Sinistcha\n|-damage|p1a: Sinistcha|237/254\n|\n|t:|1781454338\n|-end|p2a: Iron Treads|Quark Drive|[silent]\n|switch|p2a: Araquanid|Araquanid, L82, M|246/246|[from] Volt Switch\n|\n|-heal|p1a: Sinistcha|252/254|[from] item: Leftovers\n|upkeep\n|turn|4\n|\n|t:|1781454344\n|move|p1a: Sinistcha|Calm Mind|p1a: Sinistcha\n|-boost|p1a: Sinistcha|spa|1\n|-boost|p1a: Sinistcha|spd|1\n|move|p2a: Araquanid|Sticky Web|p1a: Sinistcha\n|-sidestart|p1: Unknown Warrior|move: Sticky Web\n|\n|-heal|p1a: Sinistcha|254/254|[from] item: Leftovers\n|upkeep\n|turn|5\n|\n|t:|1781454353\n|move|p1a: Sinistcha|Calm Mind|p1a: Sinistcha\n|-boost|p1a: Sinistcha|spa|1\n|-boost|p1a: Sinistcha|spd|1\n|move|p2a: Araquanid|Mirror Coat||[still]\n|-fail|p2a: Araquanid\n|\n|upkeep\n|turn|6\n|\n|t:|1781454356\n|move|p1a: Sinistcha|Calm Mind|p1a: Sinistcha\n|-boost|p1a: Sinistcha|spa|1\n|-boost|p1a: Sinistcha|spd|1\n|move|p2a: Araquanid|Leech Life|p1a: Sinistcha\n|-damage|p1a: Sinistcha|203/254\n|\n|-heal|p1a: Sinistcha|218/254|[from] item: Leftovers\n|upkeep\n|turn|7\n|\n|t:|1781454365\n|move|p1a: Sinistcha|Matcha Gotcha|p2a: Araquanid\n|-damage|p2a: Araquanid|69/246\n|-heal|p1a: Sinistcha|254/254|[from] drain|[of] p2a: Araquanid\n|move|p2a: Araquanid|Leech Life|p1a: Sinistcha\n|-damage|p1a: Sinistcha|200/254\n|-heal|p2a: Araquanid|96/246|[from] drain|[of] p1a: Sinistcha\n|\n|-heal|p1a: Sinistcha|215/254|[from] item: Leftovers\n|upkeep\n|turn|8\n|\n|t:|1781454370\n|move|p1a: Sinistcha|Matcha Gotcha|p2a: Araquanid|[miss]\n|-miss|p1a: Sinistcha|p2a: Araquanid\n|move|p2a: Araquanid|Mirror Coat||[still]\n|-fail|p2a: Araquanid\n|\n|-heal|p1a: Sinistcha|230/254|[from] item: Leftovers\n|upkeep\n|turn|9\n|\n|t:|1781454373\n|move|p1a: Sinistcha|Matcha Gotcha|p2a: Araquanid\n|-damage|p2a: Araquanid|0 fnt\n|-heal|p1a: Sinistcha|254/254|[from] drain|[of] p2a: Araquanid\n|faint|p2a: Araquanid\n|\n|upkeep\n|inactive|Battle timer is ON: inactive players will automatically lose when time's up. (requested by Rolfj)\n|\n|t:|1781454381\n|switch|p2a: Iron Treads|Iron Treads, L77|265/265\n|turn|10\n|\n|t:|1781454384\n|move|p2a: Iron Treads|Iron Head|p1a: Sinistcha\n|-damage|p1a: Sinistcha|181/254\n|move|p1a: Sinistcha|Matcha Gotcha|p2a: Iron Treads\n|-damage|p2a: Iron Treads|55/265\n|-heal|p1a: Sinistcha|254/254|[from] drain|[of] p2a: Iron Treads\n|-status|p2a: Iron Treads|brn\n|\n|-damage|p2a: Iron Treads|39/265 brn|[from] brn\n|upkeep\n|turn|11\n|\n|t:|1781454387\n|move|p2a: Iron Treads|Iron Head|p1a: Sinistcha\n|-damage|p1a: Sinistcha|222/254\n|move|p1a: Sinistcha|Matcha Gotcha|p2a: Iron Treads\n|-damage|p2a: Iron Treads|0 fnt\n|-heal|p1a: Sinistcha|242/254|[from] drain|[of] p2a: Iron Treads\n|faint|p2a: Iron Treads\n|-end|p2a: Iron Treads|Quark Drive|[silent]\n|\n|-heal|p1a: Sinistcha|254/254|[from] item: Leftovers\n|upkeep\n|\n|t:|1781454398\n|switch|p2a: Ogerpon|Ogerpon-Cornerstone, L76, F|247/247\n|turn|12\n|\n|t:|1781454404\n|move|p2a: Ogerpon|Ivy Cudgel|p1a: Sinistcha|[anim] Ivy Cudgel Rock\n|-damage|p1a: Sinistcha|146/254\n|move|p1a: Sinistcha|Strength Sap|p2a: Ogerpon\n|-unboost|p2a: Ogerpon|atk|1\n|-heal|p1a: Sinistcha|254/254\n|\n|upkeep\n|turn|13\n|\n|t:|1781454407\n|move|p2a: Ogerpon|Encore|p1a: Sinistcha\n|-start|p1a: Sinistcha|Encore\n|move|p1a: Sinistcha|Strength Sap|p2a: Ogerpon\n|-unboost|p2a: Ogerpon|atk|1\n|\n|upkeep\n|turn|14\n|\n|t:|1781454422\n|switch|p2a: Clefable|Clefable, L83, F|293/293\n|move|p1a: Sinistcha|Strength Sap|p2a: Clefable\n|-unboost|p2a: Clefable|atk|1\n|\n|upkeep\n|turn|15\n|\n|t:|1781454428\n|switch|p1a: Pecharunt|Pecharunt, L77|262/262\n|-activate|p1a: Pecharunt|move: Sticky Web\n|-unboost|p1a: Pecharunt|spe|1\n|switch|p2a: Ogerpon|Ogerpon-Cornerstone, L76, F|247/247\n|\n|upkeep\n|turn|16\n|\n|t:|1781454441\n|switch|p2a: Clefable|Clefable, L83, F|293/293\n|move|p1a: Pecharunt|Malignant Chain|p2a: Clefable\n|-supereffective|p2a: Clefable\n|-damage|p2a: Clefable|117/293\n|-status|p2a: Clefable|tox\n|-start|p2a: Clefable|confusion|[from] ability: Poison Puppeteer|[of] p1a: Pecharunt\n|\n|upkeep\n|turn|17\n|\n|t:|1781454447\n|-activate|p2a: Clefable|confusion\n|-damage|p2a: Clefable|89/293 tox|[from] confusion\n|move|p1a: Pecharunt|Malignant Chain|p2a: Clefable\n|-supereffective|p2a: Clefable\n|-damage|p2a: Clefable|0 fnt\n|faint|p2a: Clefable\n|\n|upkeep\n|\n|t:|1781454455\n|switch|p2a: Raging Bolt|Raging Bolt, L78|323/323\n|-enditem|p2a: Raging Bolt|Booster Energy\n|-activate|p2a: Raging Bolt|ability: Protosynthesis|[fromitem]\n|-start|p2a: Raging Bolt|protosynthesisspa\n|turn|18\n|\n|t:|1781454460\n|switch|p1a: Alcremie|Alcremie-Lemon-Cream, L90, F|263/263\n|-activate|p1a: Alcremie|move: Sticky Web\n|-unboost|p1a: Alcremie|spe|1\n|move|p2a: Raging Bolt|Calm Mind|p2a: Raging Bolt\n|-boost|p2a: Raging Bolt|spa|1\n|-boost|p2a: Raging Bolt|spd|1\n|\n|upkeep\n|turn|19\n|\n|t:|1781454467\n|move|p2a: Raging Bolt|Thunderbolt|p1a: Alcremie\n|-damage|p1a: Alcremie|109/263\n|move|p1a: Alcremie|Alluring Voice|p2a: Raging Bolt\n|-supereffective|p2a: Raging Bolt\n|-damage|p2a: Raging Bolt|179/323\n|\n|-heal|p1a: Alcremie|125/263|[from] item: Leftovers\n|upkeep\n|turn|20\n|\n|t:|1781454470\n|move|p2a: Raging Bolt|Thunderbolt|p1a: Alcremie\n|-damage|p1a: Alcremie|0 fnt\n|faint|p1a: Alcremie\n|\n|upkeep\n|\n|t:|1781454472\n|switch|p1a: Mamoswine|Mamoswine, L81, M|311/311\n|-activate|p1a: Mamoswine|move: Sticky Web\n|-unboost|p1a: Mamoswine|spe|1\n|turn|21\n|\n|t:|1781454482\n|move|p1a: Mamoswine|Ice Shard|p2a: Raging Bolt\n|-supereffective|p2a: Raging Bolt\n|-damage|p2a: Raging Bolt|46/323\n|-damage|p1a: Mamoswine|280/311|[from] item: Life Orb\n|move|p2a: Raging Bolt|Dragon Pulse|p1a: Mamoswine\n|-damage|p1a: Mamoswine|0 fnt\n|faint|p1a: Mamoswine\n|\n|upkeep\n|\n|t:|1781454487\n|switch|p1a: Frosmoth|Frosmoth, L82, M|249/249\n|turn|22\n|\n|t:|1781454511\n|move|p2a: Raging Bolt|Dragon Pulse|p1a: Frosmoth\n|-damage|p1a: Frosmoth|149/249\n|move|p1a: Frosmoth|Ice Beam|p2a: Raging Bolt\n|-supereffective|p2a: Raging Bolt\n|-damage|p2a: Raging Bolt|0 fnt\n|faint|p2a: Raging Bolt\n|-end|p2a: Raging Bolt|Protosynthesis|[silent]\n|\n|upkeep\n|\n|t:|1781454514\n|switch|p2a: Ogerpon|Ogerpon-Cornerstone, L76, F|247/247\n|turn|23\n|\n|t:|1781454517\n|switch|p1a: Pecharunt|Pecharunt, L77|262/262\n|-activate|p1a: Pecharunt|move: Sticky Web\n|-unboost|p1a: Pecharunt|spe|1\n|move|p2a: Ogerpon|Ivy Cudgel|p1a: Pecharunt|[anim] Ivy Cudgel Rock\n|-damage|p1a: Pecharunt|181/262\n|\n|-heal|p1a: Pecharunt|197/262|[from] item: Leftovers\n|upkeep\n|turn|24\n|\n|t:|1781454531\n|move|p2a: Ogerpon|Ivy Cudgel|p1a: Pecharunt|[anim] Ivy Cudgel Rock\n|-damage|p1a: Pecharunt|109/262\n|move|p1a: Pecharunt|Malignant Chain|p2a: Ogerpon\n|-damage|p2a: Ogerpon|157/247\n|-status|p2a: Ogerpon|tox\n|-start|p2a: Ogerpon|confusion|[from] ability: Poison Puppeteer|[of] p1a: Pecharunt\n|\n|-heal|p1a: Pecharunt|125/262|[from] item: Leftovers\n|-damage|p2a: Ogerpon|142/247 tox|[from] psn\n|upkeep\n|turn|25\n|\n|t:|1781454534\n|-activate|p2a: Ogerpon|confusion\n|-damage|p2a: Ogerpon|112/247 tox|[from] confusion\n|move|p1a: Pecharunt|Recover|p1a: Pecharunt\n|-heal|p1a: Pecharunt|256/262\n|\n|-heal|p1a: Pecharunt|262/262|[from] item: Leftovers\n|-damage|p2a: Ogerpon|82/247 tox|[from] psn\n|upkeep\n|turn|26\n|\n|t:|1781454537\n|switch|p1a: Sinistcha|Sinistcha-Masterpiece, L83|254/254\n|-activate|p1a: Sinistcha|move: Sticky Web\n|-unboost|p1a: Sinistcha|spe|1\n|-activate|p2a: Ogerpon|confusion\n|-damage|p2a: Ogerpon|51/247 tox|[from] confusion\n|\n|-damage|p2a: Ogerpon|6/247 tox|[from] psn\n|upkeep\n|turn|27\n|\n|t:|1781454542\n|-activate|p2a: Ogerpon|confusion\n|move|p2a: Ogerpon|Ivy Cudgel|p1a: Sinistcha|[anim] Ivy Cudgel Rock\n|-crit|p1a: Sinistcha\n|-damage|p1a: Sinistcha|103/254\n|move|p1a: Sinistcha|Strength Sap|p2a: Ogerpon\n|-unboost|p2a: Ogerpon|atk|1\n|-heal|p1a: Sinistcha|254/254\n|\n|-damage|p2a: Ogerpon|0 fnt|[from] psn\n|faint|p2a: Ogerpon\n|upkeep\n|\n|t:|1781454546\n|switch|p2a: Vigoroth|Vigoroth, L85, F|275/275\n|turn|28\n|\n|t:|1781454551\n|move|p2a: Vigoroth|Bulk Up|p2a: Vigoroth\n|-boost|p2a: Vigoroth|atk|1\n|-boost|p2a: Vigoroth|def|1\n|move|p1a: Sinistcha|Strength Sap|p2a: Vigoroth\n|-unboost|p2a: Vigoroth|atk|1\n|\n|upkeep\n|turn|29\n|\n|t:|1781454555\n|switch|p1a: Pecharunt|Pecharunt, L77|262/262\n|-activate|p1a: Pecharunt|move: Sticky Web\n|-unboost|p1a: Pecharunt|spe|1\n|move|p2a: Vigoroth|Bulk Up|p2a: Vigoroth\n|-boost|p2a: Vigoroth|atk|1\n|-boost|p2a: Vigoroth|def|1\n|\n|upkeep\n|turn|30\n|\n|t:|1781454558\n|move|p2a: Vigoroth|Earthquake|p1a: Pecharunt\n|-supereffective|p1a: Pecharunt\n|-damage|p1a: Pecharunt|128/262\n|move|p1a: Pecharunt|Malignant Chain|p2a: Vigoroth\n|-damage|p2a: Vigoroth|203/275\n|-status|p2a: Vigoroth|tox\n|-start|p2a: Vigoroth|confusion|[from] ability: Poison Puppeteer|[of] p1a: Pecharunt\n|\n|-heal|p1a: Pecharunt|144/262|[from] item: Leftovers\n|-damage|p2a: Vigoroth|186/275 tox|[from] psn\n|upkeep\n|turn|31\n|-message|Rolfj forfeited.\n|\n|win|Unknown Warrior\n", "uploadtime": 1781454309, "views": 7, "formatid": "gen9randombattle", "rating": null, "private": 0, "password": null}