{"id": "gen9randombattle-2631417026", "format": "[Gen 9] Random Battle", "players": ["nocomment3", "Unknown Warrior"], "log": "|j|\u2606nocomment3\n|j|\u2606Unknown Warrior\n|t:|1781382104\n|gametype|singles\n|player|p1|nocomment3|2|2013\n|player|p2|Unknown Warrior|266|2024\n|gen|9\n|tier|[Gen 9] Random Battle\n|rated|\n|rule|Species Clause: Limit one of each Pok\u00e9mon\n|rule|HP Percentage Mod: HP is shown in percentages\n|rule|Sleep Clause Mod: Limit one foe put to sleep\n|rule|Illusion Level Mod: Illusion disguises the Pok\u00e9mon's true level\n|\n|t:|1781382104\n|teamsize|p1|6\n|teamsize|p2|6\n|start\n|switch|p1a: Kilowattrel|Kilowattrel, L83, F|252/252\n|switch|p2a: Mightyena|Mightyena, L96, F|290/290\n|-ability|p2a: Mightyena|Intimidate|boost\n|-unboost|p1a: Kilowattrel|atk|1\n|turn|1\n|\n|t:|1781382125\n|move|p1a: Kilowattrel|U-turn|p2a: Mightyena\n|-supereffective|p2a: Mightyena\n|-damage|p2a: Mightyena|236/290\n|\n|t:|1781382152\n|switch|p1a: Chesnaught|Chesnaught, L84, M|285/285|[from] U-turn\n|move|p2a: Mightyena|Crunch|p1a: Chesnaught\n|-resisted|p1a: Chesnaught\n|-damage|p1a: Chesnaught|230/285\n|\n|-heal|p1a: Chesnaught|247/285|[from] item: Leftovers\n|upkeep\n|turn|2\n|\n|t:|1781382159\n|switch|p2a: Charizard|Charizard, L85, F|271/271\n|move|p1a: Chesnaught|Body Press|p2a: Charizard\n|-resisted|p2a: Charizard\n|-damage|p2a: Charizard|217/271\n|\n|-heal|p1a: Chesnaught|264/285|[from] item: Leftovers\n|upkeep\n|turn|3\n|\n|t:|1781382167\n|switch|p1a: Mesprit|Mesprit, L85|275/275\n|move|p2a: Charizard|Will-O-Wisp|p1a: Mesprit\n|-status|p1a: Mesprit|brn\n|\n|-damage|p1a: Mesprit|258/275 brn|[from] brn\n|upkeep\n|turn|4\n|\n|t:|1781382173\n|switch|p2a: Gumshoos|Gumshoos, L95, M|321/321\n|move|p1a: Mesprit|Thunder Wave|p2a: Gumshoos\n|-status|p2a: Gumshoos|par\n|\n|-heal|p1a: Mesprit|275/275 brn|[from] item: Leftovers\n|-damage|p1a: Mesprit|258/275 brn|[from] brn\n|upkeep\n|turn|5\n|\n|t:|1781382186\n|move|p1a: Mesprit|Knock Off|p2a: Gumshoos\n|-damage|p2a: Gumshoos|277/321 par\n|-enditem|p2a: Gumshoos|Choice Band|[from] move: Knock Off|[of] p1a: Mesprit\n|move|p2a: Gumshoos|U-turn|p1a: Mesprit\n|-supereffective|p1a: Mesprit\n|-damage|p1a: Mesprit|136/275 brn\n|\n|t:|1781382194\n|switch|p2a: Houndoom|Houndoom, L87, F|272/272|[from] U-turn\n|\n|-heal|p1a: Mesprit|153/275 brn|[from] item: Leftovers\n|-damage|p1a: Mesprit|136/275 brn|[from] brn\n|upkeep\n|turn|6\n|\n|t:|1781382214\n|switch|p2a: Gumshoos|Gumshoos, L95, M|277/321 par\n|switch|p1a: Grafaiai|Grafaiai, L86, F|249/249\n|\n|upkeep\n|turn|7\n|\n|t:|1781382222\n|move|p1a: Grafaiai|Gunk Shot|p2a: Gumshoos\n|-damage|p2a: Gumshoos|126/321 par\n|move|p2a: Gumshoos|Double-Edge|p1a: Grafaiai\n|-damage|p1a: Grafaiai|41/249\n|-damage|p2a: Gumshoos|57/321 par|[from] Recoil\n|\n|upkeep\n|turn|8\n|\n|t:|1781382234\n|move|p1a: Grafaiai|Knock Off|p2a: Gumshoos\n|-damage|p2a: Gumshoos|2/321 par\n|move|p2a: Gumshoos|Double-Edge|p1a: Grafaiai\n|-damage|p1a: Grafaiai|0 fnt\n|faint|p1a: Grafaiai\n|-damage|p2a: Gumshoos|0 fnt|[from] Recoil\n|faint|p2a: Gumshoos\n|\n|upkeep\n|\n|t:|1781382245\n|switch|p1a: Kilowattrel|Kilowattrel, L83, F|252/252\n|switch|p2a: Mightyena|Mightyena, L96, F|236/290\n|-ability|p2a: Mightyena|Intimidate|boost\n|-unboost|p1a: Kilowattrel|atk|1\n|turn|9\n|\n|t:|1781382254\n|move|p1a: Kilowattrel|U-turn|p2a: Mightyena\n|-supereffective|p2a: Mightyena\n|-damage|p2a: Mightyena|186/290\n|\n|t:|1781382257\n|switch|p1a: Mesprit|Mesprit, L85|136/275 brn|[from] U-turn\n|move|p2a: Mightyena|Play Rough|p1a: Mesprit\n|-damage|p1a: Mesprit|33/275 brn\n|\n|-heal|p1a: Mesprit|50/275 brn|[from] item: Leftovers\n|-damage|p1a: Mesprit|33/275 brn|[from] brn\n|upkeep\n|turn|10\n|\n|t:|1781382265\n|switch|p2a: Lurantis|Lurantis, L87, M|264/264\n|move|p1a: Mesprit|Knock Off|p2a: Lurantis\n|-damage|p2a: Lurantis|231/264\n|-enditem|p2a: Lurantis|Assault Vest|[from] move: Knock Off|[of] p1a: Mesprit\n|\n|-heal|p1a: Mesprit|50/275 brn|[from] item: Leftovers\n|-damage|p1a: Mesprit|33/275 brn|[from] brn\n|upkeep\n|turn|11\n|\n|t:|1781382272\n|move|p1a: Mesprit|Thunder Wave|p2a: Lurantis\n|-status|p2a: Lurantis|par\n|cant|p2a: Lurantis|par\n|\n|-heal|p1a: Mesprit|50/275 brn|[from] item: Leftovers\n|-damage|p1a: Mesprit|33/275 brn|[from] brn\n|upkeep\n|turn|12\n|\n|t:|1781382277\n|move|p1a: Mesprit|Stealth Rock|p2a: Lurantis\n|-sidestart|p2: Unknown Warrior|move: Stealth Rock\n|move|p2a: Lurantis|Superpower|p1a: Mesprit\n|-resisted|p1a: Mesprit\n|-damage|p1a: Mesprit|0 fnt\n|-boost|p2a: Lurantis|atk|1\n|-boost|p2a: Lurantis|def|1\n|faint|p1a: Mesprit\n|\n|upkeep\n|\n|t:|1781382305\n|switch|p1a: Dragonite|Dragonite, L74, F|257/257\n|turn|13\n|\n|t:|1781382310\n|move|p1a: Dragonite|Dragon Dance|p1a: Dragonite\n|-boost|p1a: Dragonite|atk|1\n|-boost|p1a: Dragonite|spe|1\n|move|p2a: Lurantis|Knock Off|p1a: Dragonite\n|-damage|p1a: Dragonite|201/257\n|-enditem|p1a: Dragonite|Heavy-Duty Boots|[from] move: Knock Off|[of] p2a: Lurantis\n|\n|upkeep\n|turn|14\n|\n|t:|1781382316\n|move|p1a: Dragonite|Dragon Dance|p1a: Dragonite\n|-boost|p1a: Dragonite|atk|1\n|-boost|p1a: Dragonite|spe|1\n|cant|p2a: Lurantis|par\n|\n|upkeep\n|turn|15\n|\n|t:|1781382321\n|move|p1a: Dragonite|Dragon Dance|p1a: Dragonite\n|-boost|p1a: Dragonite|atk|1\n|-boost|p1a: Dragonite|spe|1\n|move|p2a: Lurantis|Superpower|p1a: Dragonite\n|-resisted|p1a: Dragonite\n|-damage|p1a: Dragonite|131/257\n|-boost|p2a: Lurantis|atk|1\n|-boost|p2a: Lurantis|def|1\n|\n|upkeep\n|turn|16\n|\n|t:|1781382330\n|move|p1a: Dragonite|Outrage|p2a: Lurantis\n|-damage|p2a: Lurantis|69/264 par\n|cant|p2a: Lurantis|par\n|\n|upkeep\n|turn|17\n|\n|t:|1781382336\n|move|p1a: Dragonite|Outrage|p2a: Lurantis|[from] lockedmove\n|-damage|p2a: Lurantis|0 fnt\n|faint|p2a: Lurantis\n|-start|p1a: Dragonite|confusion|[fatigue]\n|\n|upkeep\n|\n|t:|1781382340\n|switch|p2a: Mightyena|Mightyena, L96, F|186/290\n|-damage|p2a: Mightyena|150/290|[from] Stealth Rock\n|-ability|p2a: Mightyena|Intimidate|boost\n|-unboost|p1a: Dragonite|atk|1\n|turn|18\n|\n|t:|1781382348\n|-terastallize|p2a: Mightyena|Fairy\n|-activate|p1a: Dragonite|confusion\n|move|p1a: Dragonite|Outrage|p2a: Mightyena\n|-immune|p2a: Mightyena\n|move|p2a: Mightyena|Play Rough|p1a: Dragonite\n|-supereffective|p1a: Dragonite\n|-damage|p1a: Dragonite|0 fnt\n|faint|p1a: Dragonite\n|\n|upkeep\n|\n|t:|1781382354\n|switch|p1a: Kilowattrel|Kilowattrel, L83, F|252/252\n|turn|19\n|\n|t:|1781382359\n|switch|p2a: Houndoom|Houndoom, L87, F|272/272\n|move|p1a: Kilowattrel|Discharge|p2a: Houndoom\n|-damage|p2a: Houndoom|181/272\n|\n|upkeep\n|turn|20\n|\n|t:|1781382364\n|move|p1a: Kilowattrel|Discharge|p2a: Houndoom\n|-damage|p2a: Houndoom|88/272\n|move|p2a: Houndoom|Dark Pulse|p1a: Kilowattrel\n|-damage|p1a: Kilowattrel|108/252\n|\n|upkeep\n|turn|21\n|\n|t:|1781382371\n|move|p1a: Kilowattrel|Hurricane|p2a: Houndoom\n|-damage|p2a: Houndoom|0 fnt\n|faint|p2a: Houndoom\n|\n|upkeep\n|\n|t:|1781382380\n|switch|p2a: Mightyena|Mightyena, L96, F, tera:Fairy|150/290\n|-damage|p2a: Mightyena|114/290|[from] Stealth Rock\n|-ability|p2a: Mightyena|Intimidate|boost\n|-unboost|p1a: Kilowattrel|atk|1\n|turn|22\n|\n|t:|1781382385\n|move|p1a: Kilowattrel|Discharge|p2a: Mightyena\n|-damage|p2a: Mightyena|18/290\n|move|p2a: Mightyena|Play Rough|p1a: Kilowattrel\n|-damage|p1a: Kilowattrel|0 fnt\n|faint|p1a: Kilowattrel\n|\n|upkeep\n|\n|t:|1781382391\n|switch|p1a: Iron Bundle|Iron Bundle, L78|215/215\n|turn|23\n|\n|t:|1781382394\n|move|p1a: Iron Bundle|Freeze-Dry|p2a: Mightyena\n|-damage|p2a: Mightyena|0 fnt\n|faint|p2a: Mightyena\n|\n|upkeep\n|\n|t:|1781382396\n|switch|p2a: Charizard|Charizard, L85, F|217/271\n|turn|24\n|\n|t:|1781382403\n|move|p1a: Iron Bundle|Hydro Pump|p2a: Charizard|[miss]\n|-miss|p1a: Iron Bundle|p2a: Charizard\n|move|p2a: Charizard|Flamethrower|p1a: Iron Bundle\n|-damage|p1a: Iron Bundle|49/215\n|\n|upkeep\n|turn|25\n|\n|t:|1781382409\n|move|p1a: Iron Bundle|Hydro Pump|p2a: Charizard\n|-supereffective|p2a: Charizard\n|-damage|p2a: Charizard|0 fnt\n|faint|p2a: Charizard\n|\n|upkeep\n|\n|t:|1781382412\n|switch|p2a: Lilligant|Lilligant, L86, F|261/261\n|-damage|p2a: Lilligant|229/261|[from] Stealth Rock\n|turn|26\n|\n|t:|1781382420\n|-terastallize|p1a: Iron Bundle|Ice\n|move|p1a: Iron Bundle|Ice Beam|p2a: Lilligant\n|-supereffective|p2a: Lilligant\n|-damage|p2a: Lilligant|0 fnt\n|faint|p2a: Lilligant\n|\n|win|nocomment3\n", "uploadtime": 1781382106, "views": 10, "formatid": "gen9randombattle", "rating": null, "private": 0, "password": null}