{"id": "gen9randombattle-2631376625", "format": "[Gen 9] Random Battle", "players": ["RedDudeN64", "hepooo"], "log": "|j|\u2606RedDudeN64\n|j|\u2606hepooo\n|t:|1781377389\n|gametype|singles\n|player|p1|RedDudeN64|red|2190\n|player|p2|hepooo|morty|2210\n|gen|9\n|tier|[Gen 9] Random Battle\n|rated|\n|rule|Species Clause: Limit one of each Pok\u00e9mon\n|rule|HP Percentage Mod: HP is shown in percentages\n|rule|Sleep Clause Mod: Limit one foe put to sleep\n|rule|Illusion Level Mod: Illusion disguises the Pok\u00e9mon's true level\n|\n|t:|1781377389\n|teamsize|p1|6\n|teamsize|p2|6\n|start\n|switch|p1a: Shiftry|Shiftry, L89, M|305/305\n|switch|p2a: Chandelure|Chandelure, L83, M|235/235\n|turn|1\n|inactive|Battle timer is ON: inactive players will automatically lose when time's up. (requested by RedDudeN64)\n|\n|t:|1781377409\n|move|p2a: Chandelure|Fire Blast|p1a: Shiftry\n|-supereffective|p1a: Shiftry\n|-damage|p1a: Shiftry|0 fnt\n|faint|p1a: Shiftry\n|\n|upkeep\n|\n|t:|1781377416\n|switch|p1a: Mesprit|Mesprit, L85|275/275\n|turn|2\n|\n|t:|1781377446\n|move|p2a: Chandelure|Fire Blast|p1a: Mesprit\n|-damage|p1a: Mesprit|140/275\n|move|p1a: Mesprit|Stealth Rock|p2a: Chandelure\n|-sidestart|p2: hepooo|move: Stealth Rock\n|\n|-heal|p1a: Mesprit|157/275|[from] item: Leftovers\n|upkeep\n|turn|3\n|\n|t:|1781377467\n|move|p2a: Chandelure|Fire Blast|p1a: Mesprit\n|-damage|p1a: Mesprit|21/275\n|move|p1a: Mesprit|Knock Off|p2a: Chandelure\n|-supereffective|p2a: Chandelure\n|-damage|p2a: Chandelure|91/235\n|-enditem|p2a: Chandelure|Choice Scarf|[from] move: Knock Off|[of] p1a: Mesprit\n|\n|-heal|p1a: Mesprit|38/275|[from] item: Leftovers\n|upkeep\n|turn|4\n|inactive|hepooo has 120 seconds left.\n|\n|t:|1781377501\n|move|p1a: Mesprit|Knock Off|p2a: Chandelure\n|-supereffective|p2a: Chandelure\n|-damage|p2a: Chandelure|0 fnt\n|faint|p2a: Chandelure\n|\n|-heal|p1a: Mesprit|55/275|[from] item: Leftovers\n|upkeep\n|\n|t:|1781377507\n|switch|p2a: Salazzle|Salazzle, L83, F|249/249\n|-damage|p2a: Salazzle|187/249|[from] Stealth Rock\n|turn|5\n|\n|t:|1781377518\n|move|p2a: Salazzle|Flamethrower|p1a: Mesprit\n|-damage|p1a: Mesprit|0 fnt\n|faint|p1a: Mesprit\n|\n|-heal|p2a: Salazzle|202/249|[from] item: Leftovers\n|upkeep\n|\n|t:|1781377521\n|switch|p1a: Zebstrika|Zebstrika, L87, F|272/272\n|turn|6\n|inactive|hepooo has 120 seconds left.\n|\n|t:|1781377551\n|switch|p2a: Glaceon|Glaceon, L94, F|275/275\n|move|p1a: Zebstrika|High Horsepower|p2a: Glaceon\n|-damage|p2a: Glaceon|204/275\n|-damage|p1a: Zebstrika|245/272|[from] item: Life Orb\n|\n|upkeep\n|turn|7\n|inactive|RedDudeN64 has 120 seconds left.\n|\n|t:|1781377583\n|switch|p1a: Chimecho|Chimecho, L93, M|290/290\n|-terastallize|p2a: Glaceon|Ground\n|move|p2a: Glaceon|Mud Shot|p1a: Chimecho\n|-immune|p1a: Chimecho|[from] ability: Levitate\n|\n|upkeep\n|turn|8\n|inactive|hepooo has 120 seconds left.\n|\n|t:|1781377589\n|switch|p2a: Salazzle|Salazzle, L83, F|202/249\n|-damage|p2a: Salazzle|140/249|[from] Stealth Rock\n|move|p1a: Chimecho|Knock Off|p2a: Salazzle\n|-damage|p2a: Salazzle|69/249\n|-enditem|p2a: Salazzle|Leftovers|[from] move: Knock Off|[of] p1a: Chimecho\n|\n|upkeep\n|turn|9\n|\n|t:|1781377592\n|move|p2a: Salazzle|Toxic|p1a: Chimecho\n|-status|p1a: Chimecho|tox\n|move|p1a: Chimecho|Psychic Noise|p2a: Salazzle\n|-supereffective|p2a: Salazzle\n|-damage|p2a: Salazzle|0 fnt\n|faint|p2a: Salazzle\n|\n|-damage|p1a: Chimecho|272/290 tox|[from] psn\n|upkeep\n|\n|t:|1781377601\n|switch|p2a: Terapagos|Terapagos, L77, F|265/265\n|-activate|p2a: Terapagos|ability: Tera Shift\n|detailschange|p2a: Terapagos|Terapagos-Terastal, L77, F\n|-heal|p2a: Terapagos|273/273|[silent]\n|-damage|p2a: Terapagos|239/273|[from] Stealth Rock\n|turn|10\n|\n|t:|1781377614\n|move|p2a: Terapagos|Calm Mind|p2a: Terapagos\n|-boost|p2a: Terapagos|spa|1\n|-boost|p2a: Terapagos|spd|1\n|move|p1a: Chimecho|Heal Bell|p1a: Chimecho\n|-activate|p1a: Chimecho|move: Heal Bell\n|-curestatus|p1a: Chimecho|tox|[msg]\n|\n|-heal|p1a: Chimecho|290/290|[from] item: Leftovers\n|upkeep\n|turn|11\n|\n|t:|1781377623\n|move|p2a: Terapagos|Calm Mind|p2a: Terapagos\n|-boost|p2a: Terapagos|spa|1\n|-boost|p2a: Terapagos|spd|1\n|move|p1a: Chimecho|Knock Off|p2a: Terapagos\n|-damage|p2a: Terapagos|191/273\n|-enditem|p2a: Terapagos|Chesto Berry|[from] move: Knock Off|[of] p1a: Chimecho\n|\n|upkeep\n|turn|12\n|\n|t:|1781377640\n|switch|p1a: Zebstrika|Zebstrika, L87, F|245/272\n|move|p2a: Terapagos|Tera Starstorm|p1a: Zebstrika\n|-damage|p1a: Zebstrika|0 fnt\n|faint|p1a: Zebstrika\n|\n|upkeep\n|\n|t:|1781377648\n|switch|p1a: Yanmega|Yanmega, L82, M|275/275\n|turn|13\n|\n|t:|1781377651\n|move|p1a: Yanmega|Air Slash|p2a: Terapagos\n|-damage|p2a: Terapagos|154/273\n|cant|p2a: Terapagos|flinch\n|\n|-ability|p1a: Yanmega|Speed Boost|boost\n|-boost|p1a: Yanmega|spe|1\n|upkeep\n|turn|14\n|\n|t:|1781377657\n|move|p1a: Yanmega|Air Slash|p2a: Terapagos\n|-damage|p2a: Terapagos|114/273\n|cant|p2a: Terapagos|flinch\n|\n|-ability|p1a: Yanmega|Speed Boost|boost\n|-boost|p1a: Yanmega|spe|1\n|upkeep\n|turn|15\n|\n|t:|1781377662\n|move|p1a: Yanmega|Air Slash|p2a: Terapagos\n|-damage|p2a: Terapagos|75/273\n|cant|p2a: Terapagos|flinch\n|\n|-ability|p1a: Yanmega|Speed Boost|boost\n|-boost|p1a: Yanmega|spe|1\n|upkeep\n|turn|16\n|\n|t:|1781377666\n|move|p1a: Yanmega|Air Slash|p2a: Terapagos\n|-damage|p2a: Terapagos|38/273\n|cant|p2a: Terapagos|flinch\n|\n|-ability|p1a: Yanmega|Speed Boost|boost\n|-boost|p1a: Yanmega|spe|1\n|upkeep\n|turn|17\n|c|\u2606RedDudeN64|damn\n|\n|t:|1781377674\n|move|p1a: Yanmega|Bug Buzz|p2a: Terapagos\n|-damage|p2a: Terapagos|0 fnt\n|faint|p2a: Terapagos\n|\n|-ability|p1a: Yanmega|Speed Boost|boost\n|-boost|p1a: Yanmega|spe|1\n|upkeep\n|\n|t:|1781377679\n|switch|p2a: Dragalge|Dragalge, L88, M|258/258\n|-damage|p2a: Dragalge|226/258|[from] Stealth Rock\n|turn|18\n|\n|t:|1781377683\n|move|p1a: Yanmega|Air Slash|p2a: Dragalge\n|-damage|p2a: Dragalge|183/258\n|cant|p2a: Dragalge|flinch\n|\n|-ability|p1a: Yanmega|Speed Boost|boost\n|-boost|p1a: Yanmega|spe|1\n|upkeep\n|turn|19\n|\n|t:|1781377696\n|switch|p1a: Chimecho|Chimecho, L93, M|290/290\n|move|p2a: Dragalge|Sludge Wave|p1a: Chimecho\n|-damage|p1a: Chimecho|154/290\n|\n|-heal|p1a: Chimecho|172/290|[from] item: Leftovers\n|upkeep\n|turn|20\n|\n|t:|1781377709\n|move|p1a: Chimecho|Knock Off|p2a: Dragalge\n|-damage|p2a: Dragalge|131/258\n|-enditem|p2a: Dragalge|Assault Vest|[from] move: Knock Off|[of] p1a: Chimecho\n|move|p2a: Dragalge|Draco Meteor|p1a: Chimecho\n|-damage|p1a: Chimecho|0 fnt\n|-unboost|p2a: Dragalge|spa|2\n|faint|p1a: Chimecho\n|\n|upkeep\n|\n|t:|1781377728\n|switch|p1a: Yanmega|Yanmega, L82, M|275/275\n|turn|21\n|\n|t:|1781377744\n|switch|p2a: Glaceon|Glaceon, L94, F, tera:Ground|204/275\n|move|p1a: Yanmega|Air Slash|p2a: Glaceon\n|-damage|p2a: Glaceon|129/275\n|\n|-ability|p1a: Yanmega|Speed Boost|boost\n|-boost|p1a: Yanmega|spe|1\n|upkeep\n|turn|22\n|\n|t:|1781377749\n|move|p1a: Yanmega|Bug Buzz|p2a: Glaceon\n|-damage|p2a: Glaceon|42/275\n|-unboost|p2a: Glaceon|spd|1\n|move|p2a: Glaceon|Freeze-Dry|p1a: Yanmega\n|-supereffective|p1a: Yanmega\n|-damage|p1a: Yanmega|0 fnt\n|faint|p1a: Yanmega\n|\n|upkeep\n|\n|t:|1781377753\n|switch|p1a: Blaziken|Blaziken, L76, M|247/247\n|turn|23\n|\n|t:|1781377759\n|-terastallize|p1a: Blaziken|Dark\n|move|p2a: Glaceon|Mud Shot|p1a: Blaziken\n|-damage|p1a: Blaziken|106/247\n|-unboost|p1a: Blaziken|spe|1\n|move|p1a: Blaziken|Knock Off|p2a: Glaceon\n|-damage|p2a: Glaceon|0 fnt\n|-enditem|p2a: Glaceon|Heavy-Duty Boots|[from] move: Knock Off|[of] p1a: Blaziken\n|faint|p2a: Glaceon\n|-damage|p1a: Blaziken|82/247|[from] item: Life Orb\n|\n|-ability|p1a: Blaziken|Speed Boost|boost\n|-boost|p1a: Blaziken|spe|1\n|upkeep\n|\n|t:|1781377767\n|switch|p2a: Ditto|Ditto, L87|225/225\n|-damage|p2a: Ditto|197/225|[from] Stealth Rock\n|-transform|p2a: Ditto|p1a: Blaziken|[from] ability: Imposter\n|-start|p2a: Ditto|typechange|Fire/Fighting|[silent]\n|turn|24\n|\n|t:|1781377770\n|move|p2a: Ditto|Close Combat|p1a: Blaziken\n|-supereffective|p1a: Blaziken\n|-damage|p1a: Blaziken|0 fnt\n|-unboost|p2a: Ditto|def|1\n|-unboost|p2a: Ditto|spd|1\n|faint|p1a: Blaziken\n|\n|win|hepooo\n", "uploadtime": 1781377391, "views": 6, "formatid": "gen9randombattle", "rating": null, "private": 0, "password": null}