{"id": "gen9randombattle-2631489632", "format": "[Gen 9] Random Battle", "players": ["catlib", "Fortre"], "log": "|j|\u2606catlib\n|j|\u2606Fortre\n|t:|1781391557\n|gametype|singles\n|player|p1|catlib|birdkeeper|1978\n|player|p2|Fortre|1|2051\n|gen|9\n|tier|[Gen 9] Random Battle\n|rated|\n|rule|Species Clause: Limit one of each Pok\u00e9mon\n|rule|HP Percentage Mod: HP is shown in percentages\n|rule|Sleep Clause Mod: Limit one foe put to sleep\n|rule|Illusion Level Mod: Illusion disguises the Pok\u00e9mon's true level\n|\n|t:|1781391557\n|teamsize|p1|6\n|teamsize|p2|6\n|start\n|switch|p1a: Diancie|Diancie, L82|216/216\n|switch|p2a: Bellossom|Bellossom, L84, M|263/263\n|turn|1\n|inactive|Battle timer is ON: inactive players will automatically lose when time's up. (requested by catlib)\n|\n|t:|1781391574\n|switch|p1a: Ogerpon|Ogerpon, L80, F|259/259\n|move|p2a: Bellossom|Quiver Dance|p2a: Bellossom\n|-boost|p2a: Bellossom|spa|1\n|-boost|p2a: Bellossom|spd|1\n|-boost|p2a: Bellossom|spe|1\n|\n|upkeep\n|turn|2\n|inactive|Fortre has 120 seconds left.\n|\n|t:|1781391630\n|move|p1a: Ogerpon|Encore|p2a: Bellossom\n|-start|p2a: Bellossom|Encore\n|move|p2a: Bellossom|Quiver Dance|p2a: Bellossom\n|-boost|p2a: Bellossom|spa|1\n|-boost|p2a: Bellossom|spd|1\n|-boost|p2a: Bellossom|spe|1\n|\n|upkeep\n|turn|3\n|\n|t:|1781391646\n|move|p2a: Bellossom|Quiver Dance|p2a: Bellossom\n|-boost|p2a: Bellossom|spa|1\n|-boost|p2a: Bellossom|spd|1\n|-boost|p2a: Bellossom|spe|1\n|move|p1a: Ogerpon|U-turn|p2a: Bellossom\n|-supereffective|p2a: Bellossom\n|-damage|p2a: Bellossom|163/263\n|\n|t:|1781391651\n|switch|p1a: Kricketune|Kricketune, L99, M|312/312|[from] U-turn\n|\n|-heal|p2a: Bellossom|179/263|[from] item: Leftovers\n|upkeep\n|turn|4\n|\n|t:|1781391657\n|-terastallize|p2a: Bellossom|Fire\n|move|p2a: Bellossom|Quiver Dance|p2a: Bellossom\n|-boost|p2a: Bellossom|spa|1\n|-boost|p2a: Bellossom|spd|1\n|-boost|p2a: Bellossom|spe|1\n|move|p1a: Kricketune|Pounce|p2a: Bellossom\n|-resisted|p2a: Bellossom\n|-damage|p2a: Bellossom|134/263\n|-unboost|p2a: Bellossom|spe|1\n|\n|-heal|p2a: Bellossom|150/263|[from] item: Leftovers\n|-end|p2a: Bellossom|Encore\n|upkeep\n|turn|5\n|\n|t:|1781391682\n|move|p2a: Bellossom|Tera Blast|p1a: Kricketune|[anim] Tera Blast Fire\n|-supereffective|p1a: Kricketune\n|-damage|p1a: Kricketune|0 fnt\n|faint|p1a: Kricketune\n|\n|-heal|p2a: Bellossom|166/263|[from] item: Leftovers\n|upkeep\n|\n|t:|1781391691\n|switch|p1a: Regieleki|Regieleki, L79|256/256\n|turn|6\n|\n|t:|1781391711\n|switch|p2a: Bastiodon|Bastiodon, L89, M|252/252\n|move|p1a: Regieleki|Volt Switch|p2a: Bastiodon\n|-damage|p2a: Bastiodon|186/252\n|\n|t:|1781391724\n|switch|p1a: Alomomola|Alomomola, L87, M|429/429|[from] Volt Switch\n|\n|upkeep\n|turn|7\n|\n|t:|1781391735\n|switch|p2a: Brute Bonnet|Brute Bonnet, L80|309/309\n|move|p1a: Alomomola|Scald|p2a: Brute Bonnet\n|-resisted|p2a: Brute Bonnet\n|-damage|p2a: Brute Bonnet|284/309\n|\n|-heal|p2a: Brute Bonnet|303/309|[from] item: Leftovers\n|upkeep\n|turn|8\n|\n|t:|1781391753\n|switch|p1a: Ogerpon|Ogerpon, L80, F|259/259\n|move|p2a: Brute Bonnet|Crunch|p1a: Ogerpon\n|-damage|p1a: Ogerpon|163/259\n|\n|-heal|p2a: Brute Bonnet|309/309|[from] item: Leftovers\n|upkeep\n|turn|9\n|\n|t:|1781391757\n|move|p1a: Ogerpon|U-turn|p2a: Brute Bonnet\n|-supereffective|p2a: Brute Bonnet\n|-damage|p2a: Brute Bonnet|105/309\n|\n|t:|1781391773\n|switch|p1a: Alomomola|Alomomola, L87, M|429/429|[from] U-turn\n|move|p2a: Brute Bonnet|Crunch|p1a: Alomomola\n|-damage|p1a: Alomomola|320/429\n|-unboost|p1a: Alomomola|def|1\n|\n|-heal|p2a: Brute Bonnet|124/309|[from] item: Leftovers\n|upkeep\n|turn|10\n|\n|t:|1781391785\n|move|p1a: Alomomola|Flip Turn|p2a: Brute Bonnet\n|-resisted|p2a: Brute Bonnet\n|-damage|p2a: Brute Bonnet|97/309\n|\n|t:|1781391803\n|switch|p1a: Ogerpon|Ogerpon, L80, F|163/259|[from] Flip Turn\n|move|p2a: Brute Bonnet|Crunch|p1a: Ogerpon\n|-crit|p1a: Ogerpon\n|-damage|p1a: Ogerpon|0 fnt\n|faint|p1a: Ogerpon\n|\n|-heal|p2a: Brute Bonnet|116/309|[from] item: Leftovers\n|upkeep\n|inactive|catlib has 120 seconds left.\n|\n|t:|1781391818\n|switch|p1a: Urshifu|Urshifu-Rapid-Strike, L75, M|274/274\n|turn|11\n|\n|t:|1781391835\n|-end|p2a: Brute Bonnet|Protosynthesis|[silent]\n|switch|p2a: Polteageist|Polteageist-Antique, L78|222/222\n|move|p1a: Urshifu|Ice Spinner|p2a: Polteageist\n|-damage|p2a: Polteageist|117/222\n|-damage|p1a: Urshifu|247/274|[from] item: Life Orb\n|\n|upkeep\n|turn|12\n|\n|t:|1781391846\n|switch|p2a: Brute Bonnet|Brute Bonnet, L80|116/309\n|move|p1a: Urshifu|Surging Strikes|p2a: Brute Bonnet\n|-resisted|p2a: Brute Bonnet\n|-crit|p2a: Brute Bonnet\n|-damage|p2a: Brute Bonnet|90/309\n|-resisted|p2a: Brute Bonnet\n|-crit|p2a: Brute Bonnet\n|-damage|p2a: Brute Bonnet|64/309\n|-resisted|p2a: Brute Bonnet\n|-crit|p2a: Brute Bonnet\n|-damage|p2a: Brute Bonnet|41/309\n|-hitcount|p2a: Brute Bonnet|3\n|-damage|p1a: Urshifu|220/274|[from] item: Life Orb\n|\n|-heal|p2a: Brute Bonnet|60/309|[from] item: Leftovers\n|upkeep\n|turn|13\n|\n|t:|1781391867\n|move|p2a: Brute Bonnet|Sucker Punch|p1a: Urshifu\n|-resisted|p1a: Urshifu\n|-damage|p1a: Urshifu|176/274\n|move|p1a: Urshifu|Surging Strikes|p2a: Brute Bonnet\n|-resisted|p2a: Brute Bonnet\n|-crit|p2a: Brute Bonnet\n|-damage|p2a: Brute Bonnet|33/309\n|-resisted|p2a: Brute Bonnet\n|-crit|p2a: Brute Bonnet\n|-damage|p2a: Brute Bonnet|6/309\n|-resisted|p2a: Brute Bonnet\n|-crit|p2a: Brute Bonnet\n|-damage|p2a: Brute Bonnet|0 fnt\n|faint|p2a: Brute Bonnet\n|-end|p2a: Brute Bonnet|Protosynthesis|[silent]\n|-hitcount|p2: Brute Bonnet|3\n|-damage|p1a: Urshifu|149/274|[from] item: Life Orb\n|\n|upkeep\n|\n|t:|1781391871\n|switch|p2a: Vivillon|Vivillon-Monsoon, L83, F|268/268\n|turn|14\n|\n|t:|1781391896\n|switch|p1a: Regieleki|Regieleki, L79|256/256\n|move|p2a: Vivillon|Sleep Powder|p1a: Regieleki\n|-status|p1a: Regieleki|slp|[from] move: Sleep Powder\n|\n|upkeep\n|turn|15\n|\n|t:|1781391917\n|switch|p1a: Diancie|Diancie, L82|216/216\n|move|p2a: Vivillon|Bug Buzz|p1a: Diancie\n|-resisted|p1a: Diancie\n|-damage|p1a: Diancie|184/216\n|\n|-heal|p1a: Diancie|197/216|[from] item: Leftovers\n|upkeep\n|turn|16\n|\n|t:|1781391930\n|switch|p2a: Bastiodon|Bastiodon, L89, M|186/252\n|move|p1a: Diancie|Calm Mind|p1a: Diancie\n|-boost|p1a: Diancie|spa|1\n|-boost|p1a: Diancie|spd|1\n|\n|-heal|p1a: Diancie|210/216|[from] item: Leftovers\n|upkeep\n|turn|17\n|\n|t:|1781391935\n|move|p1a: Diancie|Earth Power|p2a: Bastiodon\n|-supereffective|p2a: Bastiodon\n|-damage|p2a: Bastiodon|0 fnt\n|faint|p2a: Bastiodon\n|\n|-heal|p1a: Diancie|216/216|[from] item: Leftovers\n|upkeep\n|\n|t:|1781391944\n|switch|p2a: Polteageist|Polteageist-Antique, L78|117/222\n|turn|18\n|\n|t:|1781391960\n|move|p2a: Polteageist|Shadow Ball|p1a: Diancie\n|-damage|p1a: Diancie|171/216\n|move|p1a: Diancie|Diamond Storm|p2a: Polteageist\n|-damage|p2a: Polteageist|0 fnt\n|faint|p2a: Polteageist\n|\n|-heal|p1a: Diancie|184/216|[from] item: Leftovers\n|upkeep\n|-message|Fortre forfeited.\n|\n|win|catlib\n", "uploadtime": 1781391559, "views": 3, "formatid": "gen9randombattle", "rating": null, "private": 0, "password": null}