{"id": "gen9randombattle-2631978452", "format": "[Gen 9] Random Battle", "players": ["Boogey", "deadmanwhuo"], "log": "|j|\u2606Boogey\n|j|\u2606deadmanwhuo\n|t:|1781462111\n|gametype|singles\n|player|p1|Boogey|265|1963\n|player|p2|deadmanwhuo|fisherman-gen4|1982\n|gen|9\n|tier|[Gen 9] Random Battle\n|rated|\n|rule|Species Clause: Limit one of each Pok\u00e9mon\n|rule|HP Percentage Mod: HP is shown in percentages\n|rule|Sleep Clause Mod: Limit one foe put to sleep\n|rule|Illusion Level Mod: Illusion disguises the Pok\u00e9mon's true level\n|\n|t:|1781462111\n|teamsize|p1|6\n|teamsize|p2|6\n|start\n|switch|p1a: Hydrapple|Hydrapple, L83, M|312/312\n|switch|p2a: Lilligant|Lilligant-Hisui, L79, F|240/240\n|turn|1\n|inactive|Battle timer is ON: inactive players will automatically lose when time's up. (requested by Boogey)\n|\n|t:|1781462123\n|switch|p1a: Arbok|Arbok, L87, M|246/246\n|-ability|p1a: Arbok|Intimidate|boost\n|-unboost|p2a: Lilligant|atk|1\n|move|p2a: Lilligant|Victory Dance|p2a: Lilligant\n|-boost|p2a: Lilligant|atk|1\n|-boost|p2a: Lilligant|def|1\n|-boost|p2a: Lilligant|spe|1\n|\n|upkeep\n|turn|2\n|\n|t:|1781462136\n|-terastallize|p2a: Lilligant|Fighting\n|move|p2a: Lilligant|Victory Dance|p2a: Lilligant\n|-boost|p2a: Lilligant|atk|1\n|-boost|p2a: Lilligant|def|1\n|-boost|p2a: Lilligant|spe|1\n|move|p1a: Arbok|Gunk Shot|p2a: Lilligant\n|-damage|p2a: Lilligant|158/240\n|-status|p2a: Lilligant|psn\n|\n|-damage|p2a: Lilligant|128/240 psn|[from] psn\n|upkeep\n|turn|3\n|\n|t:|1781462144\n|move|p2a: Lilligant|Ice Spinner|p1a: Arbok\n|-damage|p1a: Arbok|120/246\n|move|p1a: Arbok|Gunk Shot|p2a: Lilligant\n|-damage|p2a: Lilligant|46/240 psn\n|\n|-heal|p1a: Arbok|135/246|[from] item: Leftovers\n|-damage|p2a: Lilligant|16/240 psn|[from] psn\n|upkeep\n|turn|4\n|\n|t:|1781462151\n|move|p1a: Arbok|Sucker Punch|p2a: Lilligant\n|-resisted|p2a: Lilligant\n|-damage|p2a: Lilligant|1/240 psn\n|move|p2a: Lilligant|Close Combat|p1a: Arbok\n|-resisted|p1a: Arbok\n|-damage|p1a: Arbok|0 fnt\n|-unboost|p2a: Lilligant|def|1\n|-unboost|p2a: Lilligant|spd|1\n|faint|p1a: Arbok\n|\n|-damage|p2a: Lilligant|0 fnt|[from] psn\n|faint|p2a: Lilligant\n|upkeep\n|\n|t:|1781462161\n|switch|p2a: Hypno|Hypno, L95, M|315/315\n|switch|p1a: Ninetales|Ninetales-Alola, L78, F|242/242\n|-weather|Snowscape|[from] ability: Snow Warning|[of] p1a: Ninetales\n|turn|5\n|\n|t:|1781462166\n|move|p1a: Ninetales|Aurora Veil|p1a: Ninetales\n|-sidestart|p1: Boogey|move: Aurora Veil\n|move|p2a: Hypno|Toxic|p1a: Ninetales\n|-status|p1a: Ninetales|tox\n|\n|-weather|Snowscape|[upkeep]\n|-damage|p1a: Ninetales|227/242 tox|[from] psn\n|upkeep\n|turn|6\n|\n|t:|1781462180\n|switch|p1a: Bronzong|Bronzong, L88|261/261\n|move|p2a: Hypno|Psychic Noise|p1a: Bronzong\n|-resisted|p1a: Bronzong\n|-damage|p1a: Bronzong|253/261\n|-start|p1a: Bronzong|move: Heal Block\n|\n|-weather|Snowscape|[upkeep]\n|upkeep\n|turn|7\n|l|\u2606Boogey\n|inactive|Boogey disconnected and has a minute to reconnect!\n|player|p1|\n|inactive|deadmanwhuo has 120 seconds left.\n|\n|t:|1781462210\n|switch|p2a: Trevenant|Trevenant, L89, M|296/296\n|move|p1a: Bronzong|Iron Head|p2a: Trevenant\n|-damage|p2a: Trevenant|199/296\n|\n|-weather|Snowscape|[upkeep]\n|-end|p1a: Bronzong|move: Heal Block\n|upkeep\n|turn|8\n|j|\u2606Boogey\n|inactive|Boogey reconnected and has 150 seconds left.\n|player|p1|Boogey|265|\n|\n|t:|1781462220\n|switch|p1a: Iron Jugulis|Iron Jugulis, L77|271/271\n|move|p2a: Trevenant|Poltergeist|p1a: Iron Jugulis\n|-activate|p1a: Iron Jugulis|move: Poltergeist|Choice Specs\n|-resisted|p1a: Iron Jugulis\n|-damage|p1a: Iron Jugulis|218/271\n|-damage|p2a: Trevenant|170/296|[from] item: Life Orb\n|\n|-weather|Snowscape|[upkeep]\n|upkeep\n|turn|9\n|inactive|deadmanwhuo has 120 seconds left.\n|\n|t:|1781462236\n|switch|p2a: Koraidon|Koraidon, L64|235/235\n|-weather|SunnyDay|[from] ability: Orichalcum Pulse|[of] p2a: Koraidon\n|-activate|p2a: Koraidon|Orichalcum Pulse|[source]\n|move|p1a: Iron Jugulis|Dark Pulse|p2a: Koraidon\n|-resisted|p2a: Koraidon\n|-damage|p2a: Koraidon|163/235\n|\n|-weather|SunnyDay|[upkeep]\n|upkeep\n|turn|10\n|l|\u2606Boogey\n|inactive|Boogey disconnected and has a minute to reconnect!\n|player|p1|\n|inactive|deadmanwhuo has 120 seconds left.\n|j|\u2606Boogey\n|inactive|Boogey reconnected and has 135 seconds left.\n|player|p1|Boogey|265|\n|\n|t:|1781462261\n|-end|p1a: Iron Jugulis|Quark Drive|[silent]\n|switch|p1a: Azumarill|Azumarill, L82, F|298/298\n|move|p2a: Koraidon|Swords Dance|p2a: Koraidon\n|-boost|p2a: Koraidon|atk|2\n|\n|-weather|SunnyDay|[upkeep]\n|upkeep\n|turn|11\n|\n|t:|1781462268\n|switch|p2a: Trevenant|Trevenant, L89, M|170/296\n|move|p1a: Azumarill|Play Rough|p2a: Trevenant\n|-damage|p2a: Trevenant|0 fnt\n|faint|p2a: Trevenant\n|\n|-weather|SunnyDay|[upkeep]\n|upkeep\n|\n|t:|1781462275\n|switch|p2a: Magnezone|Magnezone, L85|258/258\n|turn|12\n|\n|t:|1781462281\n|switch|p1a: Hydrapple|Hydrapple, L83, M|312/312\n|move|p2a: Magnezone|Volt Switch|p1a: Hydrapple\n|-resisted|p1a: Hydrapple\n|-damage|p1a: Hydrapple|298/312\n|inactive|deadmanwhuo has 120 seconds left.\n|l|\u2606Boogey\n|inactive|Boogey disconnected and has a minute to reconnect!\n|player|p1|\n|inactive|deadmanwhuo has 90 seconds left.\n|j|\u2606Boogey\n|inactive|Boogey reconnected.\n|player|p1|Boogey|265|\n|\n|t:|1781462350\n|switch|p2a: Hypno|Hypno, L95, M|315/315|[from] Volt Switch\n|\n|-weather|SunnyDay|[upkeep]\n|-sideend|p1: Boogey|move: Aurora Veil\n|upkeep\n|turn|13\n|\n|t:|1781462360\n|switch|p2a: Magnezone|Magnezone, L85|258/258\n|switch|p1a: Ninetales|Ninetales-Alola, L78, F|227/242 tox\n|-weather|Snowscape|[from] ability: Snow Warning|[of] p1a: Ninetales\n|\n|-weather|Snowscape|[upkeep]\n|-damage|p1a: Ninetales|212/242 tox|[from] psn\n|upkeep\n|turn|14\n|\n|t:|1781462370\n|switch|p1a: Bronzong|Bronzong, L88|253/261\n|move|p2a: Magnezone|Flash Cannon|p1a: Bronzong\n|-resisted|p1a: Bronzong\n|-damage|p1a: Bronzong|214/261\n|\n|-weather|Snowscape|[upkeep]\n|-heal|p1a: Bronzong|230/261|[from] item: Leftovers\n|upkeep\n|turn|15\n|\n|t:|1781462374\n|switch|p2a: Koraidon|Koraidon, L64|163/235\n|-weather|SunnyDay|[from] ability: Orichalcum Pulse|[of] p2a: Koraidon\n|-activate|p2a: Koraidon|Orichalcum Pulse|[source]\n|move|p1a: Bronzong|Earthquake|p2a: Koraidon\n|-damage|p2a: Koraidon|87/235\n|\n|-weather|SunnyDay|[upkeep]\n|-heal|p1a: Bronzong|246/261|[from] item: Leftovers\n|upkeep\n|turn|16\n|\n|t:|1781462382\n|switch|p1a: Azumarill|Azumarill, L82, F|298/298\n|move|p2a: Koraidon|Flare Blitz|p1a: Azumarill\n|-resisted|p1a: Azumarill\n|-damage|p1a: Azumarill|225/298\n|-damage|p2a: Koraidon|63/235|[from] Recoil\n|\n|-weather|SunnyDay|[upkeep]\n|upkeep\n|turn|17\n|\n|t:|1781462389\n|move|p2a: Koraidon|Flare Blitz|p1a: Azumarill\n|-resisted|p1a: Azumarill\n|-damage|p1a: Azumarill|149/298\n|-damage|p2a: Koraidon|38/235|[from] Recoil\n|move|p1a: Azumarill|Superpower|p2a: Koraidon\n|-damage|p2a: Koraidon|0 fnt\n|-unboost|p1a: Azumarill|atk|1\n|-unboost|p1a: Azumarill|def|1\n|faint|p2a: Koraidon\n|\n|-weather|SunnyDay|[upkeep]\n|upkeep\n|\n|t:|1781462395\n|switch|p2a: Hypno|Hypno, L95, M|315/315\n|turn|18\n|\n|t:|1781462401\n|switch|p1a: Ninetales|Ninetales-Alola, L78, F|212/242 tox\n|-weather|Snowscape|[from] ability: Snow Warning|[of] p1a: Ninetales\n|move|p2a: Hypno|Psychic Noise|p1a: Ninetales\n|-damage|p1a: Ninetales|125/242 tox\n|-start|p1a: Ninetales|move: Heal Block\n|\n|-weather|Snowscape|[upkeep]\n|-damage|p1a: Ninetales|110/242 tox|[from] psn\n|upkeep\n|turn|19\n|\n|t:|1781462406\n|move|p1a: Ninetales|Aurora Veil|p1a: Ninetales\n|-sidestart|p1: Boogey|move: Aurora Veil\n|move|p2a: Hypno|Psychic Noise|p1a: Ninetales\n|-damage|p1a: Ninetales|73/242 tox\n|\n|-weather|Snowscape|[upkeep]\n|-damage|p1a: Ninetales|43/242 tox|[from] psn\n|-end|p1a: Ninetales|move: Heal Block\n|upkeep\n|turn|20\n|\n|t:|1781462411\n|move|p1a: Ninetales|Blizzard|p2a: Hypno\n|-damage|p2a: Hypno|252/315\n|move|p2a: Hypno|Psychic Noise|p1a: Ninetales\n|-damage|p1a: Ninetales|1/242 tox\n|-start|p1a: Ninetales|move: Heal Block\n|\n|-weather|Snowscape|[upkeep]\n|-heal|p2a: Hypno|271/315|[from] item: Leftovers\n|-damage|p1a: Ninetales|0 fnt|[from] psn\n|faint|p1a: Ninetales\n|upkeep\n|\n|t:|1781462414\n|switch|p1a: Iron Jugulis|Iron Jugulis, L77|218/271\n|turn|21\n|\n|t:|1781462418\n|move|p1a: Iron Jugulis|Dark Pulse|p2a: Hypno\n|-supereffective|p2a: Hypno\n|-damage|p2a: Hypno|91/315\n|move|p2a: Hypno|Toxic|p1a: Iron Jugulis|[miss]\n|-miss|p2a: Hypno|p1a: Iron Jugulis\n|\n|-weather|Snowscape|[upkeep]\n|-heal|p2a: Hypno|110/315|[from] item: Leftovers\n|upkeep\n|turn|22\n|\n|t:|1781462424\n|move|p2a: Hypno|Protect|p2a: Hypno\n|-singleturn|p2a: Hypno|Protect\n|move|p1a: Iron Jugulis|Dark Pulse|p2a: Hypno\n|-activate|p2a: Hypno|move: Protect\n|\n|-weather|none\n|-heal|p2a: Hypno|129/315|[from] item: Leftovers\n|upkeep\n|turn|23\n|\n|t:|1781462430\n|switch|p2a: Magnezone|Magnezone, L85|258/258\n|move|p1a: Iron Jugulis|Dark Pulse|p2a: Magnezone\n|-damage|p2a: Magnezone|126/258\n|\n|upkeep\n|turn|24\n|\n|t:|1781462437\n|move|p2a: Magnezone|Volt Switch|p1a: Iron Jugulis\n|-supereffective|p1a: Iron Jugulis\n|-damage|p1a: Iron Jugulis|101/271\n|\n|t:|1781462441\n|switch|p2a: Lycanroc|Lycanroc-Dusk, L81, F|254/254|[from] Volt Switch\n|move|p1a: Iron Jugulis|Dark Pulse|p2a: Lycanroc\n|-damage|p2a: Lycanroc|89/254\n|\n|upkeep\n|turn|25\n|\n|t:|1781462446\n|-end|p1a: Iron Jugulis|Quark Drive|[silent]\n|switch|p1a: Bronzong|Bronzong, L88|246/261\n|move|p2a: Lycanroc|Stone Edge|p1a: Bronzong\n|-resisted|p1a: Bronzong\n|-damage|p1a: Bronzong|219/261\n|-damage|p2a: Lycanroc|64/254|[from] item: Life Orb\n|\n|-heal|p1a: Bronzong|235/261|[from] item: Leftovers\n|upkeep\n|turn|26\n|\n|t:|1781462455\n|switch|p2a: Magnezone|Magnezone, L85|126/258\n|move|p1a: Bronzong|Earthquake|p2a: Magnezone\n|-supereffective|p2a: Magnezone\n|-damage|p2a: Magnezone|0 fnt\n|faint|p2a: Magnezone\n|\n|-heal|p1a: Bronzong|251/261|[from] item: Leftovers\n|-sideend|p1: Boogey|move: Aurora Veil\n|upkeep\n|\n|t:|1781462460\n|switch|p2a: Lycanroc|Lycanroc-Dusk, L81, F|64/254\n|turn|27\n|\n|t:|1781462468\n|move|p2a: Lycanroc|Close Combat|p1a: Bronzong\n|-damage|p1a: Bronzong|125/261\n|-unboost|p2a: Lycanroc|def|1\n|-unboost|p2a: Lycanroc|spd|1\n|-damage|p2a: Lycanroc|39/254|[from] item: Life Orb\n|move|p1a: Bronzong|Iron Head|p2a: Lycanroc\n|-supereffective|p2a: Lycanroc\n|-damage|p2a: Lycanroc|0 fnt\n|faint|p2a: Lycanroc\n|\n|-heal|p1a: Bronzong|141/261|[from] item: Leftovers\n|upkeep\n|\n|t:|1781462471\n|switch|p2a: Hypno|Hypno, L95, M|129/315\n|turn|28\n|-message|deadmanwhuo forfeited.\n|\n|win|Boogey\n", "uploadtime": 1781462114, "views": 3, "formatid": "gen9randombattle", "rating": null, "private": 0, "password": null}