{"id": "gen9randombattle-2631462524", "format": "[Gen 9] Random Battle", "players": ["schleeby", "monrayhudson"], "log": "|j|\u2606schleeby\n|j|\u2606monrayhudson\n|t:|1781387694\n|gametype|singles\n|player|p1|schleeby|rosa|1934\n|player|p2|monrayhudson|blue|1931\n|gen|9\n|tier|[Gen 9] Random Battle\n|rated|\n|rule|Species Clause: Limit one of each Pok\u00e9mon\n|rule|HP Percentage Mod: HP is shown in percentages\n|rule|Sleep Clause Mod: Limit one foe put to sleep\n|rule|Illusion Level Mod: Illusion disguises the Pok\u00e9mon's true level\n|\n|t:|1781387694\n|teamsize|p1|6\n|teamsize|p2|6\n|start\n|switch|p1a: Toxtricity|Toxtricity, L82, F|257/257\n|switch|p2a: Lilligant|Lilligant, L86, F|261/261\n|turn|1\n|inactive|Battle timer is ON: inactive players will automatically lose when time's up. (requested by monrayhudson)\n|\n|t:|1781387704\n|switch|p2a: Dusknoir|Dusknoir, L89, F|225/225\n|-item|p1a: Toxtricity|Choice Scarf|[from] ability: Frisk|[of] p2a: Dusknoir\n|move|p1a: Toxtricity|Sludge Wave|p2a: Dusknoir\n|-resisted|p2a: Dusknoir\n|-damage|p2a: Dusknoir|186/225\n|\n|-heal|p2a: Dusknoir|200/225|[from] item: Leftovers\n|upkeep\n|turn|2\n|\n|t:|1781387715\n|switch|p1a: Ursaring|Ursaring, L84, M|288/288\n|move|p2a: Dusknoir|Poltergeist|p1a: Ursaring\n|-immune|p1a: Ursaring\n|\n|-heal|p2a: Dusknoir|214/225|[from] item: Leftovers\n|-status|p1a: Ursaring|tox|[from] item: Toxic Orb\n|upkeep\n|turn|3\n|\n|t:|1781387728\n|switch|p2a: Golduck|Golduck, L90, F|290/290\n|-ability|p2a: Golduck|Cloud Nine\n|move|p1a: Ursaring|Crunch|p2a: Golduck\n|-damage|p2a: Golduck|219/290\n|\n|-heal|p2a: Golduck|237/290|[from] item: Leftovers\n|-damage|p1a: Ursaring|270/288 tox|[from] psn\n|upkeep\n|turn|4\n|\n|t:|1781387734\n|move|p1a: Ursaring|Facade|p2a: Golduck\n|-damage|p2a: Golduck|33/290\n|move|p2a: Golduck|Encore|p1a: Ursaring\n|-start|p1a: Ursaring|Encore\n|\n|-heal|p2a: Golduck|51/290|[from] item: Leftovers\n|-damage|p1a: Ursaring|234/288 tox|[from] psn\n|upkeep\n|turn|5\n|\n|t:|1781387740\n|switch|p1a: Toxapex|Toxapex, L82, M|216/216\n|switch|p2a: Dusknoir|Dusknoir, L89, F|214/225\n|-item|p1a: Toxapex|Rocky Helmet|[from] ability: Frisk|[of] p2a: Dusknoir\n|\n|-heal|p2a: Dusknoir|225/225|[from] item: Leftovers\n|upkeep\n|turn|6\n|\n|t:|1781387748\n|switch|p2a: Espeon|Espeon, L84, M|246/246\n|move|p1a: Toxapex|Toxic Spikes|p2a: Espeon\n|move|p2a: Espeon|Toxic Spikes|p1a: Toxapex|[from] ability: Magic Bounce\n|-sidestart|p1: schleeby|move: Toxic Spikes\n|\n|upkeep\n|turn|7\n|\n|t:|1781387756\n|switch|p1a: Ursaring|Ursaring, L84, M|234/288 tox\n|move|p2a: Espeon|Psychic|p1a: Ursaring\n|-damage|p1a: Ursaring|15/288 tox\n|\n|-damage|p1a: Ursaring|0 fnt|[from] psn\n|faint|p1a: Ursaring\n|upkeep\n|\n|t:|1781387762\n|switch|p1a: Toxtricity|Toxtricity, L82, F|257/257\n|-sideend|p1: schleeby|move: Toxic Spikes|[of] p1a: Toxtricity\n|turn|8\n|\n|t:|1781387777\n|switch|p2a: Dusknoir|Dusknoir, L89, F|225/225\n|-item|p1a: Toxtricity|Choice Scarf|[from] ability: Frisk|[of] p2a: Dusknoir\n|move|p1a: Toxtricity|Volt Switch|p2a: Dusknoir\n|-damage|p2a: Dusknoir|171/225\n|\n|t:|1781387791\n|switch|p1a: Alcremie|Alcremie-Lemon-Cream, L90, F|263/263|[from] Volt Switch\n|\n|-heal|p2a: Dusknoir|185/225|[from] item: Leftovers\n|upkeep\n|turn|9\n|\n|t:|1781387797\n|move|p1a: Alcremie|Alluring Voice|p2a: Dusknoir\n|-damage|p2a: Dusknoir|104/225\n|move|p2a: Dusknoir|Poltergeist|p1a: Alcremie\n|-activate|p1a: Alcremie|move: Poltergeist|Leftovers\n|-damage|p1a: Alcremie|115/263\n|\n|-heal|p1a: Alcremie|131/263|[from] item: Leftovers\n|-heal|p2a: Dusknoir|118/225|[from] item: Leftovers\n|upkeep\n|turn|10\n|\n|t:|1781387804\n|move|p1a: Alcremie|Recover|p1a: Alcremie\n|-heal|p1a: Alcremie|263/263\n|move|p2a: Dusknoir|Poltergeist|p1a: Alcremie\n|-activate|p1a: Alcremie|move: Poltergeist|Leftovers\n|-damage|p1a: Alcremie|131/263\n|\n|-heal|p1a: Alcremie|147/263|[from] item: Leftovers\n|-heal|p2a: Dusknoir|132/225|[from] item: Leftovers\n|upkeep\n|turn|11\n|\n|t:|1781387808\n|move|p1a: Alcremie|Recover|p1a: Alcremie\n|-heal|p1a: Alcremie|263/263\n|move|p2a: Dusknoir|Pain Split|p1a: Alcremie\n|-sethp|p1a: Alcremie|197/263|[from] move: Pain Split|[silent]\n|-sethp|p2a: Dusknoir|197/225|[from] move: Pain Split\n|\n|-heal|p1a: Alcremie|213/263|[from] item: Leftovers\n|-heal|p2a: Dusknoir|211/225|[from] item: Leftovers\n|upkeep\n|turn|12\n|\n|t:|1781387815\n|move|p1a: Alcremie|Alluring Voice|p2a: Dusknoir\n|-damage|p2a: Dusknoir|142/225\n|move|p2a: Dusknoir|Poltergeist|p1a: Alcremie\n|-activate|p1a: Alcremie|move: Poltergeist|Leftovers\n|-damage|p1a: Alcremie|81/263\n|\n|-heal|p1a: Alcremie|97/263|[from] item: Leftovers\n|-heal|p2a: Dusknoir|156/225|[from] item: Leftovers\n|upkeep\n|turn|13\n|\n|t:|1781387825\n|move|p1a: Alcremie|Recover|p1a: Alcremie\n|-heal|p1a: Alcremie|229/263\n|move|p2a: Dusknoir|Poltergeist|p1a: Alcremie\n|-activate|p1a: Alcremie|move: Poltergeist|Leftovers\n|-damage|p1a: Alcremie|91/263\n|\n|-heal|p1a: Alcremie|107/263|[from] item: Leftovers\n|-heal|p2a: Dusknoir|170/225|[from] item: Leftovers\n|upkeep\n|turn|14\n|\n|t:|1781387839\n|switch|p2a: Golduck|Golduck, L90, F|51/290\n|-ability|p2a: Golduck|Cloud Nine\n|move|p1a: Alcremie|Recover|p1a: Alcremie\n|-heal|p1a: Alcremie|239/263\n|\n|-heal|p2a: Golduck|69/290|[from] item: Leftovers\n|-heal|p1a: Alcremie|255/263|[from] item: Leftovers\n|upkeep\n|turn|15\n|\n|t:|1781387844\n|move|p2a: Golduck|Encore|p1a: Alcremie\n|-block|p1a: Alcremie|ability: Aroma Veil|[of] p1a: Alcremie\n|move|p1a: Alcremie|Alluring Voice|p2a: Golduck\n|-damage|p2a: Golduck|0 fnt\n|faint|p2a: Golduck\n|\n|-heal|p1a: Alcremie|263/263|[from] item: Leftovers\n|upkeep\n|\n|t:|1781387852\n|switch|p2a: Chandelure|Chandelure, L83, F|235/235\n|turn|16\n|\n|t:|1781387859\n|switch|p1a: Toxapex|Toxapex, L82, M|216/216\n|move|p2a: Chandelure|Shadow Ball|p1a: Toxapex\n|-damage|p1a: Toxapex|131/216\n|\n|upkeep\n|turn|17\n|\n|t:|1781387870\n|switch|p2a: Espeon|Espeon, L84, M|246/246\n|move|p1a: Toxapex|Liquidation|p2a: Espeon\n|-damage|p2a: Espeon|170/246\n|\n|upkeep\n|turn|18\n|\n|t:|1781387880\n|switch|p1a: Giratina|Giratina, L75|349/349\n|-ability|p1a: Giratina|Pressure\n|move|p2a: Espeon|Psychic|p1a: Giratina\n|-damage|p1a: Giratina|199/349\n|\n|-heal|p1a: Giratina|220/349|[from] item: Leftovers\n|upkeep\n|turn|19\n|\n|t:|1781387890\n|switch|p2a: Lilligant|Lilligant, L86, F|261/261\n|move|p1a: Giratina|Dragon Tail|p2a: Lilligant\n|-damage|p2a: Lilligant|207/261\n|drag|p2a: Espeon|Espeon, L84, M|170/246\n|\n|-heal|p1a: Giratina|241/349|[from] item: Leftovers\n|upkeep\n|turn|20\n|\n|t:|1781387897\n|switch|p2a: Lilligant|Lilligant, L86, F|207/261\n|switch|p1a: Toxapex|Toxapex, L82, M|203/216\n|\n|upkeep\n|turn|21\n|\n|t:|1781387906\n|move|p2a: Lilligant|Sleep Powder|p1a: Toxapex\n|-status|p1a: Toxapex|slp|[from] move: Sleep Powder\n|cant|p1a: Toxapex|slp\n|\n|upkeep\n|turn|22\n|\n|t:|1781387910\n|move|p2a: Lilligant|Quiver Dance|p2a: Lilligant\n|-boost|p2a: Lilligant|spa|1\n|-boost|p2a: Lilligant|spd|1\n|-boost|p2a: Lilligant|spe|1\n|cant|p1a: Toxapex|slp\n|\n|upkeep\n|turn|23\n|\n|t:|1781387913\n|move|p2a: Lilligant|Quiver Dance|p2a: Lilligant\n|-boost|p2a: Lilligant|spa|1\n|-boost|p2a: Lilligant|spd|1\n|-boost|p2a: Lilligant|spe|1\n|cant|p1a: Toxapex|slp\n|\n|upkeep\n|turn|24\n|\n|t:|1781387917\n|move|p2a: Lilligant|Petal Dance|p1a: Toxapex\n|-damage|p1a: Toxapex|0 fnt\n|-damage|p2a: Lilligant|164/261|[from] item: Rocky Helmet|[of] p1a: Toxapex\n|faint|p1a: Toxapex\n|-damage|p2a: Lilligant|138/261|[from] item: Life Orb\n|\n|upkeep\n|\n|t:|1781387922\n|switch|p1a: Giratina|Giratina, L75|241/349\n|-ability|p1a: Giratina|Pressure\n|turn|25\n|\n|t:|1781387931\n|move|p2a: Lilligant|Petal Dance|p1a: Giratina|[from] lockedmove\n|-resisted|p1a: Giratina\n|-damage|p1a: Giratina|66/349\n|-damage|p2a: Lilligant|112/261|[from] item: Life Orb\n|move|p1a: Giratina|Dragon Tail|p2a: Lilligant\n|-damage|p2a: Lilligant|54/261\n|drag|p2a: Chandelure|Chandelure, L83, F|235/235\n|\n|-heal|p1a: Giratina|87/349|[from] item: Leftovers\n|upkeep\n|turn|26\n|\n|t:|1781387941\n|move|p2a: Chandelure|Shadow Ball|p1a: Giratina\n|-supereffective|p1a: Giratina\n|-damage|p1a: Giratina|0 fnt\n|faint|p1a: Giratina\n|\n|upkeep\n|\n|t:|1781387943\n|switch|p1a: Urshifu|Urshifu-Rapid-Strike, L75, M|274/274\n|turn|27\n|\n|t:|1781387951\n|switch|p2a: Dusknoir|Dusknoir, L89, F|170/225\n|-item|p1a: Urshifu|Life Orb|[from] ability: Frisk|[of] p2a: Dusknoir\n|move|p1a: Urshifu|Swords Dance|p1a: Urshifu\n|-boost|p1a: Urshifu|atk|2\n|\n|-heal|p2a: Dusknoir|184/225|[from] item: Leftovers\n|upkeep\n|turn|28\n|\n|t:|1781387960\n|-terastallize|p1a: Urshifu|Water\n|move|p1a: Urshifu|Surging Strikes|p2a: Dusknoir\n|-crit|p2a: Dusknoir\n|-damage|p2a: Dusknoir|88/225\n|-crit|p2a: Dusknoir\n|-damage|p2a: Dusknoir|0 fnt\n|faint|p2a: Dusknoir\n|-hitcount|p2: Dusknoir|2\n|-damage|p1a: Urshifu|247/274|[from] item: Life Orb\n|\n|upkeep\n|\n|t:|1781387967\n|switch|p2a: Lilligant|Lilligant, L86, F|54/261\n|turn|29\n|\n|t:|1781387972\n|move|p2a: Lilligant|Petal Dance|p1a: Urshifu\n|-supereffective|p1a: Urshifu\n|-damage|p1a: Urshifu|0 fnt\n|faint|p1a: Urshifu\n|-damage|p2a: Lilligant|28/261|[from] item: Life Orb\n|\n|upkeep\n|-message|schleeby forfeited.\n|\n|win|monrayhudson\n", "uploadtime": 1781387695, "views": 6, "formatid": "gen9randombattle", "rating": null, "private": 0, "password": null}