{"id": "gen9randombattle-2631937015", "format": "[Gen 9] Random Battle", "players": ["NEMOASUKA", "memegameguy"], "log": "|j|\u2606NEMOASUKA\n|j|\u2606memegameguy\n|t:|1781457583\n|gametype|singles\n|player|p1|NEMOASUKA|lucas|1978\n|player|p2|memegameguy|hilbert|2013\n|gen|9\n|tier|[Gen 9] Random Battle\n|rated|\n|rule|Species Clause: Limit one of each Pok\u00e9mon\n|rule|HP Percentage Mod: HP is shown in percentages\n|rule|Sleep Clause Mod: Limit one foe put to sleep\n|rule|Illusion Level Mod: Illusion disguises the Pok\u00e9mon's true level\n|\n|t:|1781457583\n|teamsize|p1|6\n|teamsize|p2|6\n|start\n|switch|p1a: Weavile|Weavile, L79, F|240/240\n|switch|p2a: Drednaw|Drednaw, L81, M|278/278\n|turn|1\n|inactive|Battle timer is ON: inactive players will automatically lose when time's up. (requested by NEMOASUKA)\n|\n|t:|1781457613\n|switch|p1a: Arceus|Arceus-Fighting, L70|284/284\n|move|p2a: Drednaw|Stone Edge|p1a: Arceus|[miss]\n|-miss|p2a: Drednaw|p1a: Arceus\n|\n|upkeep\n|turn|2\n|\n|t:|1781457627\n|switch|p2a: Cresselia|Cresselia, L80, F|323/323\n|move|p1a: Arceus|Cosmic Power|p1a: Arceus\n|-boost|p1a: Arceus|def|1\n|-boost|p1a: Arceus|spd|1\n|\n|upkeep\n|turn|3\n|\n|t:|1781457643\n|switch|p1a: Suicune|Suicune, L82|298/298\n|-ability|p1a: Suicune|Pressure\n|switch|p2a: Iron Leaves|Iron Leaves, L80|275/275\n|\n|upkeep\n|turn|4\n|\n|t:|1781457661\n|switch|p1a: Cresselia|Cresselia, L80, F|323/323\n|move|p2a: Iron Leaves|Leaf Blade|p1a: Cresselia\n|-damage|p1a: Cresselia|182/323\n|\n|-heal|p1a: Cresselia|202/323|[from] item: Leftovers\n|upkeep\n|turn|5\n|\n|t:|1781457677\n|move|p2a: Iron Leaves|Leaf Blade|p1a: Cresselia\n|-damage|p1a: Cresselia|51/323\n|move|p1a: Cresselia|Moonlight|p1a: Cresselia\n|-heal|p1a: Cresselia|212/323\n|\n|-heal|p1a: Cresselia|232/323|[from] item: Leftovers\n|upkeep\n|turn|6\n|\n|t:|1781457685\n|move|p2a: Iron Leaves|Leaf Blade|p1a: Cresselia\n|-crit|p1a: Cresselia\n|-damage|p1a: Cresselia|12/323\n|move|p1a: Cresselia|Moonlight|p1a: Cresselia\n|-heal|p1a: Cresselia|173/323\n|\n|-heal|p1a: Cresselia|193/323|[from] item: Leftovers\n|upkeep\n|turn|7\n|\n|t:|1781457697\n|switch|p1a: Weezing|Weezing, L88, M|258/258\n|move|p2a: Iron Leaves|Leaf Blade|p1a: Weezing\n|-resisted|p1a: Weezing\n|-damage|p1a: Weezing|196/258\n|\n|-heal|p1a: Weezing|212/258|[from] item: Leftovers\n|upkeep\n|turn|8\n|inactive|memegameguy has 120 seconds left.\n|\n|t:|1781457744\n|-end|p2a: Iron Leaves|Quark Drive|[silent]\n|switch|p2a: Komala|Komala, L88, F|258/258\n|-ability|p2a: Komala|Comatose\n|move|p1a: Weezing|Will-O-Wisp|p2a: Komala|[miss]\n|-miss|p1a: Weezing|p2a: Komala\n|\n|-heal|p1a: Weezing|228/258|[from] item: Leftovers\n|upkeep\n|turn|9\n|inactive|NEMOASUKA has 120 seconds left.\n|\n|t:|1781457796\n|move|p2a: Komala|Body Slam|p1a: Weezing\n|-damage|p1a: Weezing|150/258\n|move|p1a: Weezing|Sludge Bomb|p2a: Komala\n|-damage|p2a: Komala|204/258\n|\n|-heal|p1a: Weezing|166/258|[from] item: Leftovers\n|upkeep\n|turn|10\n|\n|t:|1781457803\n|move|p2a: Komala|Body Slam|p1a: Weezing\n|-damage|p1a: Weezing|76/258\n|move|p1a: Weezing|Sludge Bomb|p2a: Komala\n|-damage|p2a: Komala|141/258\n|\n|-heal|p1a: Weezing|92/258|[from] item: Leftovers\n|upkeep\n|turn|11\n|\n|t:|1781457808\n|move|p2a: Komala|Body Slam|p1a: Weezing\n|-crit|p1a: Weezing\n|-damage|p1a: Weezing|0 fnt\n|faint|p1a: Weezing\n|\n|upkeep\n|\n|t:|1781457812\n|switch|p1a: Arceus|Arceus-Fighting, L70|284/284\n|turn|12\n|inactive|NEMOASUKA has 120 seconds left.\n|\n|t:|1781457823\n|switch|p1a: Suicune|Suicune, L82|298/298\n|-ability|p1a: Suicune|Pressure\n|switch|p2a: Iron Leaves|Iron Leaves, L80|275/275\n|\n|upkeep\n|turn|13\n|inactive|NEMOASUKA has 120 seconds left.\n|\n|t:|1781457838\n|-end|p2a: Iron Leaves|Quark Drive|[silent]\n|switch|p2a: Komala|Komala, L88, F|141/258\n|-ability|p2a: Komala|Comatose\n|-terastallize|p1a: Suicune|Steel\n|move|p1a: Suicune|Substitute|p1a: Suicune\n|-start|p1a: Suicune|Substitute\n|-damage|p1a: Suicune|224/298\n|\n|-heal|p1a: Suicune|242/298|[from] item: Leftovers\n|upkeep\n|turn|14\n|\n|t:|1781457853\n|move|p1a: Suicune|Protect|p1a: Suicune\n|-singleturn|p1a: Suicune|Protect\n|move|p2a: Komala|Knock Off|p1a: Suicune\n|-activate|p1a: Suicune|move: Protect\n|\n|-heal|p1a: Suicune|260/298|[from] item: Leftovers\n|upkeep\n|turn|15\n|\n|t:|1781457857\n|move|p1a: Suicune|Scald|p2a: Komala\n|-damage|p2a: Komala|96/258\n|move|p2a: Komala|Knock Off|p1a: Suicune\n|-end|p1a: Suicune|Substitute\n|\n|-heal|p1a: Suicune|278/298|[from] item: Leftovers\n|upkeep\n|turn|16\n|\n|t:|1781457864\n|move|p1a: Suicune|Protect|p1a: Suicune\n|-singleturn|p1a: Suicune|Protect\n|move|p2a: Komala|Knock Off|p1a: Suicune\n|-activate|p1a: Suicune|move: Protect\n|\n|-heal|p1a: Suicune|296/298|[from] item: Leftovers\n|upkeep\n|turn|17\n|\n|t:|1781457867\n|switch|p1a: Arceus|Arceus-Fighting, L70|284/284\n|move|p2a: Komala|Knock Off|p1a: Arceus\n|-resisted|p1a: Arceus\n|-damage|p1a: Arceus|256/284\n|\n|upkeep\n|turn|18\n|\n|t:|1781457881\n|switch|p1a: Weavile|Weavile, L79, F|240/240\n|move|p2a: Komala|U-turn|p1a: Weavile\n|-supereffective|p1a: Weavile\n|-damage|p1a: Weavile|60/240\n|\n|t:|1781457897\n|switch|p2a: Basculin|Basculin, L86, M|261/261|[from] U-turn\n|\n|upkeep\n|turn|19\n|\n|t:|1781457912\n|switch|p1a: Walking Wake|Walking Wake, L79|286/286\n|move|p2a: Basculin|Aqua Jet|p1a: Walking Wake\n|-resisted|p1a: Walking Wake\n|-damage|p1a: Walking Wake|263/286\n|\n|upkeep\n|turn|20\n|\n|t:|1781457919\n|switch|p2a: Komala|Komala, L88, F|96/258\n|-ability|p2a: Komala|Comatose\n|move|p1a: Walking Wake|Sunny Day|p1a: Walking Wake\n|-weather|SunnyDay\n|-activate|p1a: Walking Wake|ability: Protosynthesis\n|-start|p1a: Walking Wake|protosynthesisspa\n|\n|-weather|SunnyDay|[upkeep]\n|upkeep\n|turn|21\n|\n|t:|1781457929\n|move|p1a: Walking Wake|Hydro Steam|p2a: Komala\n|-damage|p2a: Komala|0 fnt\n|faint|p2a: Komala\n|-damage|p1a: Walking Wake|235/286|[from] item: Life Orb\n|\n|-weather|SunnyDay|[upkeep]\n|upkeep\n|\n|t:|1781457935\n|switch|p2a: Cresselia|Cresselia, L80, F|323/323\n|turn|22\n|\n|t:|1781457941\n|move|p1a: Walking Wake|Hydro Steam|p2a: Cresselia\n|-damage|p2a: Cresselia|120/323\n|-damage|p1a: Walking Wake|207/286|[from] item: Life Orb\n|move|p2a: Cresselia|Calm Mind|p2a: Cresselia\n|-boost|p2a: Cresselia|spa|1\n|-boost|p2a: Cresselia|spd|1\n|\n|-weather|SunnyDay|[upkeep]\n|-heal|p2a: Cresselia|140/323|[from] item: Leftovers\n|upkeep\n|turn|23\n|\n|t:|1781457955\n|-end|p1a: Walking Wake|Protosynthesis|[silent]\n|switch|p1a: Suicune|Suicune, L82, tera:Steel|296/298\n|-ability|p1a: Suicune|Pressure\n|move|p2a: Cresselia|Moonlight|p2a: Cresselia\n|-heal|p2a: Cresselia|323/323\n|\n|-weather|SunnyDay|[upkeep]\n|-heal|p1a: Suicune|298/298|[from] item: Leftovers\n|upkeep\n|turn|24\n|\n|t:|1781457961\n|move|p1a: Suicune|Substitute|p1a: Suicune\n|-start|p1a: Suicune|Substitute\n|-damage|p1a: Suicune|224/298\n|move|p2a: Cresselia|Calm Mind|p2a: Cresselia\n|-boost|p2a: Cresselia|spa|1\n|-boost|p2a: Cresselia|spd|1\n|\n|-weather|none\n|-heal|p1a: Suicune|242/298|[from] item: Leftovers\n|upkeep\n|turn|25\n|\n|t:|1781457965\n|move|p1a: Suicune|Calm Mind|p1a: Suicune\n|-boost|p1a: Suicune|spa|1\n|-boost|p1a: Suicune|spd|1\n|move|p2a: Cresselia|Calm Mind|p2a: Cresselia\n|-boost|p2a: Cresselia|spa|1\n|-boost|p2a: Cresselia|spd|1\n|\n|-heal|p1a: Suicune|260/298|[from] item: Leftovers\n|upkeep\n|turn|26\n|\n|t:|1781457969\n|move|p1a: Suicune|Calm Mind|p1a: Suicune\n|-boost|p1a: Suicune|spa|1\n|-boost|p1a: Suicune|spd|1\n|move|p2a: Cresselia|Calm Mind|p2a: Cresselia\n|-boost|p2a: Cresselia|spa|1\n|-boost|p2a: Cresselia|spd|1\n|\n|-heal|p1a: Suicune|278/298|[from] item: Leftovers\n|upkeep\n|turn|27\n|\n|t:|1781457976\n|move|p1a: Suicune|Calm Mind|p1a: Suicune\n|-boost|p1a: Suicune|spa|1\n|-boost|p1a: Suicune|spd|1\n|move|p2a: Cresselia|Calm Mind|p2a: Cresselia\n|-boost|p2a: Cresselia|spa|1\n|-boost|p2a: Cresselia|spd|1\n|\n|-heal|p1a: Suicune|296/298|[from] item: Leftovers\n|upkeep\n|turn|28\n|\n|t:|1781457980\n|move|p1a: Suicune|Calm Mind|p1a: Suicune\n|-boost|p1a: Suicune|spa|1\n|-boost|p1a: Suicune|spd|1\n|move|p2a: Cresselia|Calm Mind|p2a: Cresselia\n|-boost|p2a: Cresselia|spa|1\n|-boost|p2a: Cresselia|spd|1\n|\n|-heal|p1a: Suicune|298/298|[from] item: Leftovers\n|upkeep\n|turn|29\n|\n|t:|1781457984\n|move|p1a: Suicune|Calm Mind|p1a: Suicune\n|-boost|p1a: Suicune|spa|1\n|-boost|p1a: Suicune|spd|1\n|move|p2a: Cresselia|Thunderbolt|p1a: Suicune\n|-activate|p1a: Suicune|move: Substitute|[damage]\n|\n|upkeep\n|turn|30\n|\n|t:|1781457991\n|move|p1a: Suicune|Calm Mind|p1a: Suicune\n|-boost|p1a: Suicune|spa|1\n|-boost|p1a: Suicune|spd|1\n|move|p2a: Cresselia|Thunderbolt|p1a: Suicune\n|-end|p1a: Suicune|Substitute\n|\n|upkeep\n|turn|31\n|\n|t:|1781457996\n|move|p1a: Suicune|Substitute|p1a: Suicune\n|-start|p1a: Suicune|Substitute\n|-damage|p1a: Suicune|224/298\n|move|p2a: Cresselia|Psyshock|p1a: Suicune\n|-resisted|p1a: Suicune\n|-end|p1a: Suicune|Substitute\n|\n|-heal|p1a: Suicune|242/298|[from] item: Leftovers\n|upkeep\n|turn|32\n|\n|t:|1781458002\n|move|p1a: Suicune|Protect|p1a: Suicune\n|-singleturn|p1a: Suicune|Protect\n|move|p2a: Cresselia|Thunderbolt|p1a: Suicune\n|-activate|p1a: Suicune|move: Protect\n|\n|-heal|p1a: Suicune|260/298|[from] item: Leftovers\n|upkeep\n|turn|33\n|\n|t:|1781458007\n|move|p1a: Suicune|Substitute|p1a: Suicune\n|-start|p1a: Suicune|Substitute\n|-damage|p1a: Suicune|186/298\n|move|p2a: Cresselia|Psyshock|p1a: Suicune\n|-resisted|p1a: Suicune\n|-end|p1a: Suicune|Substitute\n|\n|-heal|p1a: Suicune|204/298|[from] item: Leftovers\n|upkeep\n|turn|34\n|\n|t:|1781458018\n|move|p1a: Suicune|Protect|p1a: Suicune\n|-singleturn|p1a: Suicune|Protect\n|move|p2a: Cresselia|Calm Mind|p2a: Cresselia\n|-boost|p2a: Cresselia|spa|0\n|-boost|p2a: Cresselia|spd|0\n|\n|-heal|p1a: Suicune|222/298|[from] item: Leftovers\n|upkeep\n|turn|35\n|\n|t:|1781458024\n|switch|p1a: Weavile|Weavile, L79, F|60/240\n|move|p2a: Cresselia|Psyshock|p1a: Weavile\n|-immune|p1a: Weavile\n|\n|upkeep\n|turn|36\n|\n|t:|1781458057\n|-terastallize|p2a: Cresselia|Electric\n|move|p1a: Weavile|Triple Axel|p2a: Cresselia\n|-damage|p2a: Cresselia|302/323\n|-hitcount|p2a: Cresselia|1\n|move|p2a: Cresselia|Thunderbolt|p1a: Weavile\n|-damage|p1a: Weavile|0 fnt\n|faint|p1a: Weavile\n|\n|-heal|p2a: Cresselia|322/323|[from] item: Leftovers\n|upkeep\n|-message|NEMOASUKA forfeited.\n|\n|win|memegameguy\n", "uploadtime": 1781457585, "views": 3, "formatid": "gen9randombattle", "rating": null, "private": 0, "password": null}