{"id": "gen9randombattle-2631405937", "format": "[Gen 9] Random Battle", "players": ["Petilil37", "vCreeze"], "log": "|j|\u203dPetilil37\n|j|\u2606vCreeze\n|t:|1781380770\n|gametype|singles\n|player|p1|Petilil37|2|1980\n|player|p2|vCreeze|marnie-masters|2002\n|gen|9\n|tier|[Gen 9] Random Battle\n|rated|\n|rule|Species Clause: Limit one of each Pok\u00e9mon\n|rule|HP Percentage Mod: HP is shown in percentages\n|rule|Sleep Clause Mod: Limit one foe put to sleep\n|rule|Illusion Level Mod: Illusion disguises the Pok\u00e9mon's true level\n|\n|t:|1781380770\n|teamsize|p1|6\n|teamsize|p2|6\n|start\n|switch|p1a: Lucario|Lucario, L84, M|255/255\n|switch|p2a: Pawmot|Pawmot, L80, M|243/243\n|turn|1\n|inactive|Battle timer is ON: inactive players will automatically lose when time's up. (requested by vCreeze)\n|\n|t:|1781380795\n|switch|p1a: Pecharunt|Pecharunt, L77|262/262\n|move|p2a: Pawmot|Nuzzle|p1a: Pecharunt\n|-damage|p1a: Pecharunt|247/262\n|-status|p1a: Pecharunt|par\n|\n|-heal|p1a: Pecharunt|262/262 par|[from] item: Leftovers\n|upkeep\n|turn|2\n|\n|t:|1781380810\n|switch|p2a: Dragalge|Dragalge, L88, M|258/258\n|move|p1a: Pecharunt|Malignant Chain|p2a: Dragalge\n|-resisted|p2a: Dragalge\n|-damage|p2a: Dragalge|225/258\n|\n|-heal|p2a: Dragalge|241/258|[from] item: Leftovers\n|upkeep\n|turn|3\n|\n|t:|1781380825\n|switch|p1a: Hariyama|Hariyama, L87, F|392/392\n|move|p2a: Dragalge|Sludge Wave|p1a: Hariyama\n|-damage|p1a: Hariyama|218/392\n|\n|-heal|p2a: Dragalge|257/258|[from] item: Leftovers\n|-status|p1a: Hariyama|brn|[from] item: Flame Orb\n|upkeep\n|turn|4\n|\n|t:|1781380831\n|switch|p2a: Scyther|Scyther, L82, M|249/249\n|move|p1a: Hariyama|Headlong Rush|p2a: Scyther\n|-immune|p2a: Scyther\n|\n|-damage|p1a: Hariyama|194/392 brn|[from] brn\n|upkeep\n|turn|5\n|\n|t:|1781380846\n|switch|p1a: Pecharunt|Pecharunt, L77|262/262 par\n|move|p2a: Scyther|Dual Wingbeat|p1a: Pecharunt\n|-damage|p1a: Pecharunt|216/262 par\n|-damage|p1a: Pecharunt|170/262 par\n|-hitcount|p1a: Pecharunt|2\n|\n|-heal|p1a: Pecharunt|186/262 par|[from] item: Leftovers\n|upkeep\n|turn|6\n|\n|t:|1781380865\n|move|p2a: Scyther|U-turn|p1a: Pecharunt\n|-resisted|p1a: Pecharunt\n|-damage|p1a: Pecharunt|173/262 par\n|\n|t:|1781380868\n|switch|p2a: Dragalge|Dragalge, L88, M|257/258|[from] U-turn\n|move|p1a: Pecharunt|Shadow Ball|p2a: Dragalge\n|-damage|p2a: Dragalge|208/258\n|\n|-heal|p2a: Dragalge|224/258|[from] item: Leftovers\n|-heal|p1a: Pecharunt|189/262 par|[from] item: Leftovers\n|upkeep\n|turn|7\n|\n|t:|1781380874\n|switch|p1a: Hariyama|Hariyama, L87, F|194/392 brn\n|move|p2a: Dragalge|Sludge Wave|p1a: Hariyama\n|-crit|p1a: Hariyama\n|-damage|p1a: Hariyama|0 fnt\n|faint|p1a: Hariyama\n|\n|-heal|p2a: Dragalge|240/258|[from] item: Leftovers\n|upkeep\n|\n|t:|1781380882\n|switch|p1a: Lucario|Lucario, L84, M|255/255\n|turn|8\n|\n|t:|1781380901\n|move|p1a: Lucario|Meteor Mash|p2a: Dragalge\n|-damage|p2a: Dragalge|89/258\n|move|p2a: Dragalge|Focus Blast|p1a: Lucario|[miss]\n|-miss|p2a: Dragalge|p1a: Lucario\n|\n|-heal|p2a: Dragalge|105/258|[from] item: Leftovers\n|upkeep\n|turn|9\n|\n|t:|1781380906\n|switch|p2a: Pawmot|Pawmot, L80, M|243/243\n|move|p1a: Lucario|Meteor Mash|p2a: Pawmot\n|-resisted|p2a: Pawmot\n|-damage|p2a: Pawmot|152/243\n|\n|upkeep\n|turn|10\n|\n|t:|1781380917\n|switch|p1a: Pecharunt|Pecharunt, L77|189/262 par\n|move|p2a: Pawmot|Double Shock|p1a: Pecharunt\n|-damage|p1a: Pecharunt|96/262 par\n|-start|p2a: Pawmot|typechange|???/Fighting|[from] move: Double Shock\n|\n|-heal|p1a: Pecharunt|112/262 par|[from] item: Leftovers\n|upkeep\n|turn|11\n|\n|t:|1781380930\n|-terastallize|p2a: Pawmot|Electric\n|move|p2a: Pawmot|Double Shock|p1a: Pecharunt\n|-damage|p1a: Pecharunt|27/262 par\n|-start|p2a: Pawmot|typechange|Electric|[from] move: Double Shock\n|move|p1a: Pecharunt|Recover|p1a: Pecharunt\n|-heal|p1a: Pecharunt|158/262 par\n|\n|-heal|p1a: Pecharunt|174/262 par|[from] item: Leftovers\n|upkeep\n|turn|12\n|\n|t:|1781380938\n|move|p2a: Pawmot|Double Shock|p1a: Pecharunt\n|-damage|p1a: Pecharunt|77/262 par\n|-start|p2a: Pawmot|typechange|Electric|[from] move: Double Shock\n|cant|p1a: Pecharunt|par\n|\n|-heal|p1a: Pecharunt|93/262 par|[from] item: Leftovers\n|upkeep\n|turn|13\n|\n|t:|1781380946\n|move|p2a: Pawmot|Double Shock|p1a: Pecharunt\n|-damage|p1a: Pecharunt|3/262 par\n|-start|p2a: Pawmot|typechange|Electric|[from] move: Double Shock\n|move|p1a: Pecharunt|Malignant Chain|p2a: Pawmot\n|-damage|p2a: Pawmot|43/243\n|-status|p2a: Pawmot|tox\n|-start|p2a: Pawmot|confusion|[from] ability: Poison Puppeteer|[of] p1a: Pecharunt\n|\n|-heal|p1a: Pecharunt|19/262 par|[from] item: Leftovers\n|-damage|p2a: Pawmot|28/243 tox|[from] psn\n|upkeep\n|turn|14\n|\n|t:|1781380954\n|-activate|p2a: Pawmot|confusion\n|-damage|p2a: Pawmot|0 fnt|[from] confusion\n|faint|p2a: Pawmot\n|move|p1a: Pecharunt|Recover|p1a: Pecharunt\n|-heal|p1a: Pecharunt|150/262 par\n|\n|-heal|p1a: Pecharunt|166/262 par|[from] item: Leftovers\n|upkeep\n|\n|t:|1781380957\n|switch|p2a: Deoxys|Deoxys, L74|196/196\n|-ability|p2a: Deoxys|Pressure\n|turn|15\n|\n|t:|1781380967\n|switch|p1a: Crawdaunt|Crawdaunt, L84, M|243/243\n|move|p2a: Deoxys|Psycho Boost|p1a: Crawdaunt\n|-immune|p1a: Crawdaunt\n|\n|upkeep\n|turn|16\n|\n|t:|1781380975\n|-terastallize|p1a: Crawdaunt|Fighting\n|move|p2a: Deoxys|Superpower|p1a: Crawdaunt\n|-damage|p1a: Crawdaunt|121/243\n|-unboost|p2a: Deoxys|atk|1\n|-unboost|p2a: Deoxys|def|1\n|-damage|p2a: Deoxys|177/196|[from] item: Life Orb\n|move|p1a: Crawdaunt|Knock Off|p2a: Deoxys\n|-supereffective|p2a: Deoxys\n|-damage|p2a: Deoxys|0 fnt\n|-enditem|p2a: Deoxys|Life Orb|[from] move: Knock Off|[of] p1a: Crawdaunt\n|faint|p2a: Deoxys\n|-damage|p1a: Crawdaunt|97/243|[from] item: Life Orb\n|\n|upkeep\n|\n|t:|1781380981\n|switch|p2a: Scyther|Scyther, L82, M|249/249\n|turn|17\n|\n|t:|1781381006\n|move|p2a: Scyther|Dual Wingbeat|p1a: Crawdaunt\n|-supereffective|p1a: Crawdaunt\n|-damage|p1a: Crawdaunt|0 fnt\n|faint|p1a: Crawdaunt\n|-hitcount|p1: Crawdaunt|1\n|\n|upkeep\n|\n|t:|1781381011\n|switch|p1a: Pecharunt|Pecharunt, L77|166/262 par\n|turn|18\n|\n|t:|1781381015\n|move|p2a: Scyther|U-turn|p1a: Pecharunt\n|-resisted|p1a: Pecharunt\n|-damage|p1a: Pecharunt|152/262 par\n|\n|t:|1781381016\n|switch|p2a: Dragalge|Dragalge, L88, M|105/258|[from] U-turn\n|move|p1a: Pecharunt|Malignant Chain|p2a: Dragalge\n|-resisted|p2a: Dragalge\n|-damage|p2a: Dragalge|76/258\n|\n|-heal|p2a: Dragalge|92/258|[from] item: Leftovers\n|-heal|p1a: Pecharunt|168/262 par|[from] item: Leftovers\n|upkeep\n|turn|19\n|\n|t:|1781381019\n|switch|p1a: Lucario|Lucario, L84, M|255/255\n|move|p2a: Dragalge|Sludge Wave|p1a: Lucario\n|-immune|p1a: Lucario\n|\n|-heal|p2a: Dragalge|108/258|[from] item: Leftovers\n|upkeep\n|turn|20\n|\n|t:|1781381033\n|switch|p2a: Scyther|Scyther, L82, M|249/249\n|move|p1a: Lucario|Meteor Mash|p2a: Scyther\n|-damage|p2a: Scyther|77/249\n|-boost|p1a: Lucario|atk|1\n|\n|upkeep\n|turn|21\n|\n|t:|1781381037\n|switch|p1a: Pecharunt|Pecharunt, L77|168/262 par\n|move|p2a: Scyther|Close Combat|p1a: Pecharunt\n|-immune|p1a: Pecharunt\n|\n|-heal|p1a: Pecharunt|184/262 par|[from] item: Leftovers\n|upkeep\n|turn|22\n|\n|t:|1781381042\n|move|p2a: Scyther|U-turn|p1a: Pecharunt\n|-resisted|p1a: Pecharunt\n|-damage|p1a: Pecharunt|171/262 par\n|\n|t:|1781381043\n|switch|p2a: Dragalge|Dragalge, L88, M|108/258|[from] U-turn\n|move|p1a: Pecharunt|Recover|p1a: Pecharunt\n|-heal|p1a: Pecharunt|262/262 par\n|\n|-heal|p2a: Dragalge|124/258|[from] item: Leftovers\n|upkeep\n|turn|23\n|\n|t:|1781381047\n|switch|p1a: Lucario|Lucario, L84, M|255/255\n|move|p2a: Dragalge|Focus Blast|p1a: Lucario\n|-supereffective|p1a: Lucario\n|-damage|p1a: Lucario|37/255\n|-unboost|p1a: Lucario|spd|1\n|\n|-heal|p2a: Dragalge|140/258|[from] item: Leftovers\n|upkeep\n|turn|24\n|\n|t:|1781381055\n|switch|p2a: Scyther|Scyther, L82, M|77/249\n|move|p1a: Lucario|Meteor Mash|p2a: Scyther\n|-damage|p2a: Scyther|0 fnt\n|faint|p2a: Scyther\n|\n|upkeep\n|\n|t:|1781381061\n|switch|p2a: Lunala|Lunala, L70|308/308\n|turn|25\n|\n|t:|1781381080\n|move|p1a: Lucario|Meteor Mash|p2a: Lunala\n|-damage|p2a: Lunala|212/308\n|move|p2a: Lunala|Moongeist Beam|p1a: Lucario\n|-damage|p1a: Lucario|0 fnt\n|faint|p1a: Lucario\n|\n|-heal|p2a: Lunala|231/308|[from] item: Leftovers\n|upkeep\n|\n|t:|1781381091\n|switch|p1a: Bastiodon|Bastiodon, L89, M|252/252\n|turn|26\n|\n|t:|1781381096\n|switch|p2a: Dragalge|Dragalge, L88, M|140/258\n|move|p1a: Bastiodon|Foul Play|p2a: Dragalge\n|-damage|p2a: Dragalge|93/258\n|\n|-heal|p2a: Dragalge|109/258|[from] item: Leftovers\n|upkeep\n|turn|27\n|\n|t:|1781381100\n|switch|p1a: Pecharunt|Pecharunt, L77|262/262 par\n|move|p2a: Dragalge|Focus Blast|p1a: Pecharunt\n|-immune|p1a: Pecharunt\n|\n|-heal|p2a: Dragalge|125/258|[from] item: Leftovers\n|upkeep\n|turn|28\n|\n|t:|1781381105\n|move|p2a: Dragalge|Sludge Wave|p1a: Pecharunt\n|-resisted|p1a: Pecharunt\n|-damage|p1a: Pecharunt|221/262 par\n|move|p1a: Pecharunt|Nasty Plot|p1a: Pecharunt\n|-boost|p1a: Pecharunt|spa|2\n|\n|-heal|p2a: Dragalge|141/258|[from] item: Leftovers\n|-heal|p1a: Pecharunt|237/262 par|[from] item: Leftovers\n|upkeep\n|turn|29\n|\n|t:|1781381109\n|move|p2a: Dragalge|Draco Meteor|p1a: Pecharunt\n|-damage|p1a: Pecharunt|15/262 par\n|-unboost|p2a: Dragalge|spa|2\n|move|p1a: Pecharunt|Shadow Ball|p2a: Dragalge\n|-damage|p2a: Dragalge|36/258\n|\n|-heal|p2a: Dragalge|52/258|[from] item: Leftovers\n|-heal|p1a: Pecharunt|31/262 par|[from] item: Leftovers\n|upkeep\n|turn|30\n|\n|t:|1781381117\n|move|p2a: Dragalge|Draco Meteor|p1a: Pecharunt\n|-damage|p1a: Pecharunt|0 fnt\n|-unboost|p2a: Dragalge|spa|2\n|faint|p1a: Pecharunt\n|\n|-heal|p2a: Dragalge|68/258|[from] item: Leftovers\n|upkeep\n|\n|t:|1781381119\n|switch|p1a: Sunflora|Sunflora, M|312/312\n|turn|31\n|\n|t:|1781381130\n|switch|p2a: Blaziken|Blaziken, L76, M|247/247\n|move|p1a: Sunflora|Sunny Day|p1a: Sunflora\n|-weather|SunnyDay\n|\n|-weather|SunnyDay|[upkeep]\n|upkeep\n|turn|32\n|\n|t:|1781381136\n|move|p1a: Sunflora|Earth Power|p2a: Blaziken\n|-supereffective|p2a: Blaziken\n|-damage|p2a: Blaziken|0 fnt\n|faint|p2a: Blaziken\n|-damage|p1a: Sunflora|281/312|[from] item: Life Orb\n|\n|-weather|SunnyDay|[upkeep]\n|upkeep\n|\n|t:|1781381139\n|switch|p2a: Lunala|Lunala, L70|231/308\n|turn|33\n|\n|t:|1781381143\n|move|p1a: Sunflora|Solar Beam||[still]\n|-prepare|p1a: Sunflora|Solar Beam\n|-anim|p1a: Sunflora|Solar Beam|p2a: Lunala\n|-damage|p2a: Lunala|0 fnt\n|faint|p2a: Lunala\n|-damage|p1a: Sunflora|250/312|[from] item: Life Orb\n|\n|-weather|SunnyDay|[upkeep]\n|upkeep\n|\n|t:|1781381146\n|switch|p2a: Dragalge|Dragalge, L88, M|68/258\n|turn|34\n|\n|t:|1781381148\n|move|p1a: Sunflora|Earth Power|p2a: Dragalge\n|-supereffective|p2a: Dragalge\n|-damage|p2a: Dragalge|0 fnt\n|faint|p2a: Dragalge\n|-damage|p1a: Sunflora|219/312|[from] item: Life Orb\n|\n|win|Petilil37\n", "uploadtime": 1781380771, "views": 6, "formatid": "gen9randombattle", "rating": null, "private": 0, "password": null}