{"id": "gen9randombattle-2631423109", "format": "[Gen 9] Random Battle", "players": ["Ponclex", "Z10101"], "log": "|j|\u2606Ponclex\n|j|\u2606Z10101\n|t:|1781382827\n|gametype|singles\n|player|p1|Ponclex|265|2077\n|player|p2|Z10101|266|2069\n|gen|9\n|tier|[Gen 9] Random Battle\n|rated|\n|rule|Species Clause: Limit one of each Pok\u00e9mon\n|rule|HP Percentage Mod: HP is shown in percentages\n|rule|Sleep Clause Mod: Limit one foe put to sleep\n|rule|Illusion Level Mod: Illusion disguises the Pok\u00e9mon's true level\n|\n|t:|1781382827\n|teamsize|p1|6\n|teamsize|p2|6\n|start\n|switch|p1a: Palkia|Palkia-Origin, L72|249/249\n|switch|p2a: Blissey|Blissey, L85, F|572/572\n|-ability|p1a: Palkia|Pressure\n|turn|1\n|\n|t:|1781382835\n|switch|p1a: Regigigas|Regigigas, L84|322/322\n|-start|p1a: Regigigas|ability: Slow Start\n|move|p2a: Blissey|Thunder Wave|p1a: Regigigas\n|-status|p1a: Regigigas|par\n|\n|upkeep\n|turn|2\n|inactive|Battle timer is ON: inactive players will automatically lose when time's up. (requested by Ponclex)\n|\n|t:|1781382848\n|switch|p2a: Overqwil|Overqwil, L82, F|274/274\n|-ability|p2a: Overqwil|Intimidate|boost\n|-unboost|p1a: Regigigas|atk|1\n|cant|p1a: Regigigas|par\n|\n|upkeep\n|turn|3\n|inactive|Ponclex has 120 seconds left.\n|\n|t:|1781382882\n|move|p2a: Overqwil|Crunch|p1a: Regigigas\n|-damage|p1a: Regigigas|205/322 par\n|move|p1a: Regigigas|Body Slam|p2a: Overqwil\n|-damage|p2a: Overqwil|231/274\n|-status|p2a: Overqwil|par\n|\n|-heal|p1a: Regigigas|225/322 par|[from] item: Leftovers\n|upkeep\n|turn|4\n|\n|t:|1781382896\n|cant|p2a: Overqwil|par\n|cant|p1a: Regigigas|par\n|\n|-heal|p1a: Regigigas|245/322 par|[from] item: Leftovers\n|upkeep\n|turn|5\n|\n|t:|1781382900\n|move|p2a: Overqwil|Crunch|p1a: Regigigas\n|-damage|p1a: Regigigas|128/322 par\n|move|p1a: Regigigas|Knock Off|p2a: Overqwil\n|-resisted|p2a: Overqwil\n|-damage|p2a: Overqwil|213/274 par\n|-enditem|p2a: Overqwil|Choice Band|[from] move: Knock Off|[of] p1a: Regigigas\n|\n|-heal|p1a: Regigigas|148/322 par|[from] item: Leftovers\n|upkeep\n|turn|6\n|\n|t:|1781382910\n|move|p2a: Overqwil|Crunch|p1a: Regigigas\n|-damage|p1a: Regigigas|75/322 par\n|-unboost|p1a: Regigigas|def|1\n|cant|p1a: Regigigas|par\n|\n|-heal|p1a: Regigigas|95/322 par|[from] item: Leftovers\n|-end|p1a: Regigigas|Slow Start\n|upkeep\n|turn|7\n|\n|t:|1781382918\n|cant|p1a: Regigigas|par\n|move|p2a: Overqwil|Crunch|p1a: Regigigas\n|-damage|p1a: Regigigas|0 fnt\n|faint|p1a: Regigigas\n|-end|p1a: Regigigas|Slow Start|[silent]\n|\n|upkeep\n|inactive|Ponclex has 120 seconds left.\n|\n|t:|1781382950\n|switch|p1a: Ursaluna|Ursaluna-Bloodmoon, L79, M|308/308\n|turn|8\n|\n|t:|1781382966\n|move|p1a: Ursaluna|Calm Mind|p1a: Ursaluna\n|-boost|p1a: Ursaluna|spa|1\n|-boost|p1a: Ursaluna|spd|1\n|move|p2a: Overqwil|Liquidation|p1a: Ursaluna\n|-supereffective|p1a: Ursaluna\n|-damage|p1a: Ursaluna|202/308\n|\n|-heal|p1a: Ursaluna|221/308|[from] item: Leftovers\n|upkeep\n|turn|9\n|\n|t:|1781382976\n|move|p2a: Overqwil|Aqua Jet|p1a: Ursaluna\n|-supereffective|p1a: Ursaluna\n|-damage|p1a: Ursaluna|169/308\n|move|p1a: Ursaluna|Blood Moon|p2a: Overqwil\n|-damage|p2a: Overqwil|0 fnt\n|faint|p2a: Overqwil\n|\n|-heal|p1a: Ursaluna|188/308|[from] item: Leftovers\n|upkeep\n|\n|t:|1781382987\n|switch|p2a: Blissey|Blissey, L85, F|572/572\n|turn|10\n|\n|t:|1781382994\n|move|p2a: Blissey|Seismic Toss|p1a: Ursaluna\n|-damage|p1a: Ursaluna|103/308\n|move|p1a: Ursaluna|Calm Mind|p1a: Ursaluna\n|-boost|p1a: Ursaluna|spa|1\n|-boost|p1a: Ursaluna|spd|1\n|\n|-heal|p1a: Ursaluna|122/308|[from] item: Leftovers\n|upkeep\n|turn|11\n|\n|t:|1781382999\n|move|p2a: Blissey|Seismic Toss|p1a: Ursaluna\n|-damage|p1a: Ursaluna|37/308\n|move|p1a: Ursaluna|Moonlight|p1a: Ursaluna\n|-heal|p1a: Ursaluna|191/308\n|\n|-heal|p1a: Ursaluna|210/308|[from] item: Leftovers\n|upkeep\n|turn|12\n|\n|t:|1781383003\n|move|p2a: Blissey|Seismic Toss|p1a: Ursaluna\n|-damage|p1a: Ursaluna|125/308\n|move|p1a: Ursaluna|Calm Mind|p1a: Ursaluna\n|-boost|p1a: Ursaluna|spa|1\n|-boost|p1a: Ursaluna|spd|1\n|\n|-heal|p1a: Ursaluna|144/308|[from] item: Leftovers\n|upkeep\n|turn|13\n|\n|t:|1781383006\n|move|p2a: Blissey|Seismic Toss|p1a: Ursaluna\n|-damage|p1a: Ursaluna|59/308\n|move|p1a: Ursaluna|Moonlight|p1a: Ursaluna\n|-heal|p1a: Ursaluna|213/308\n|\n|-heal|p1a: Ursaluna|232/308|[from] item: Leftovers\n|upkeep\n|turn|14\n|\n|t:|1781383008\n|move|p2a: Blissey|Seismic Toss|p1a: Ursaluna\n|-damage|p1a: Ursaluna|147/308\n|move|p1a: Ursaluna|Calm Mind|p1a: Ursaluna\n|-boost|p1a: Ursaluna|spa|1\n|-boost|p1a: Ursaluna|spd|1\n|\n|-heal|p1a: Ursaluna|166/308|[from] item: Leftovers\n|upkeep\n|turn|15\n|\n|t:|1781383011\n|move|p2a: Blissey|Seismic Toss|p1a: Ursaluna\n|-damage|p1a: Ursaluna|81/308\n|move|p1a: Ursaluna|Moonlight|p1a: Ursaluna\n|-heal|p1a: Ursaluna|235/308\n|\n|-heal|p1a: Ursaluna|254/308|[from] item: Leftovers\n|upkeep\n|turn|16\n|\n|t:|1781383013\n|move|p2a: Blissey|Seismic Toss|p1a: Ursaluna\n|-damage|p1a: Ursaluna|169/308\n|move|p1a: Ursaluna|Calm Mind|p1a: Ursaluna\n|-boost|p1a: Ursaluna|spa|1\n|-boost|p1a: Ursaluna|spd|1\n|\n|-heal|p1a: Ursaluna|188/308|[from] item: Leftovers\n|upkeep\n|turn|17\n|\n|t:|1781383019\n|move|p2a: Blissey|Seismic Toss|p1a: Ursaluna\n|-damage|p1a: Ursaluna|103/308\n|move|p1a: Ursaluna|Calm Mind|p1a: Ursaluna\n|-boost|p1a: Ursaluna|spa|1\n|-boost|p1a: Ursaluna|spd|1\n|\n|-heal|p1a: Ursaluna|122/308|[from] item: Leftovers\n|upkeep\n|turn|18\n|\n|t:|1781383023\n|move|p2a: Blissey|Seismic Toss|p1a: Ursaluna\n|-damage|p1a: Ursaluna|37/308\n|move|p1a: Ursaluna|Moonlight|p1a: Ursaluna\n|-heal|p1a: Ursaluna|191/308\n|\n|-heal|p1a: Ursaluna|210/308|[from] item: Leftovers\n|upkeep\n|turn|19\n|\n|t:|1781383027\n|move|p2a: Blissey|Seismic Toss|p1a: Ursaluna\n|-damage|p1a: Ursaluna|125/308\n|move|p1a: Ursaluna|Blood Moon|p2a: Blissey\n|-damage|p2a: Blissey|127/572\n|\n|-heal|p2a: Blissey|162/572|[from] item: Leftovers\n|-heal|p1a: Ursaluna|144/308|[from] item: Leftovers\n|upkeep\n|turn|20\n|\n|t:|1781383034\n|move|p1a: Ursaluna|Vacuum Wave|p2a: Blissey\n|-supereffective|p2a: Blissey\n|-damage|p2a: Blissey|0 fnt\n|faint|p2a: Blissey\n|\n|-heal|p1a: Ursaluna|163/308|[from] item: Leftovers\n|upkeep\n|\n|t:|1781383049\n|switch|p2a: Swalot|Swalot, L90, M|326/326\n|turn|21\n|\n|t:|1781383065\n|switch|p1a: Solgaleo|Solgaleo, L74|325/325\n|move|p2a: Swalot|Protect||[still]\n|-fail|p2a: Swalot\n|\n|upkeep\n|turn|22\n|\n|t:|1781383072\n|switch|p2a: Terapagos|Terapagos, L77, M|265/265\n|-activate|p2a: Terapagos|ability: Tera Shift\n|detailschange|p2a: Terapagos|Terapagos-Terastal, L77, M\n|-heal|p2a: Terapagos|273/273|[silent]\n|move|p1a: Solgaleo|Earthquake|p2a: Terapagos\n|-activate|p2a: Terapagos|ability: Tera Shell\n|-resisted|p2a: Terapagos\n|-damage|p2a: Terapagos|240/273\n|\n|upkeep\n|turn|23\n|\n|t:|1781383082\n|move|p1a: Solgaleo|Sunsteel Strike|p2a: Terapagos\n|-damage|p2a: Terapagos|144/273\n|move|p2a: Terapagos|Calm Mind|p2a: Terapagos\n|-boost|p2a: Terapagos|spa|1\n|-boost|p2a: Terapagos|spd|1\n|\n|upkeep\n|turn|24\n|\n|t:|1781383087\n|move|p1a: Solgaleo|Sunsteel Strike|p2a: Terapagos\n|-damage|p2a: Terapagos|50/273\n|move|p2a: Terapagos|Rest|p2a: Terapagos\n|-status|p2a: Terapagos|slp|[from] move: Rest\n|-heal|p2a: Terapagos|273/273 slp|[silent]\n|-enditem|p2a: Terapagos|Chesto Berry|[eat]\n|-curestatus|p2a: Terapagos|slp|[msg]\n|\n|upkeep\n|turn|25\n|\n|t:|1781383096\n|move|p1a: Solgaleo|Sunsteel Strike|p2a: Terapagos\n|-damage|p2a: Terapagos|173/273\n|move|p2a: Terapagos|Calm Mind|p2a: Terapagos\n|-boost|p2a: Terapagos|spa|1\n|-boost|p2a: Terapagos|spd|1\n|\n|upkeep\n|turn|26\n|\n|t:|1781383101\n|move|p1a: Solgaleo|Sunsteel Strike|p2a: Terapagos\n|-damage|p2a: Terapagos|71/273\n|move|p2a: Terapagos|Dark Pulse|p1a: Solgaleo\n|-supereffective|p1a: Solgaleo\n|-damage|p1a: Solgaleo|119/325\n|\n|-heal|p1a: Solgaleo|139/325|[from] item: Leftovers\n|upkeep\n|turn|27\n|\n|t:|1781383114\n|-terastallize|p2a: Terapagos|Stellar\n|detailschange|p2a: Terapagos|Terapagos-Stellar, L77, M, tera:Stellar\n|-heal|p2a: Terapagos|171/373|[silent]\n|move|p1a: Solgaleo|Sunsteel Strike|p2a: Terapagos\n|-damage|p2a: Terapagos|68/373\n|move|p2a: Terapagos|Dark Pulse|p1a: Solgaleo\n|-supereffective|p1a: Solgaleo\n|-damage|p1a: Solgaleo|0 fnt\n|faint|p1a: Solgaleo\n|\n|upkeep\n|\n|t:|1781383135\n|switch|p1a: Palkia|Palkia-Origin, L72|249/249\n|-ability|p1a: Palkia|Pressure\n|turn|28\n|\n|t:|1781383138\n|move|p1a: Palkia|Spacial Rend|p2a: Terapagos\n|-damage|p2a: Terapagos|2/373\n|move|p2a: Terapagos|Rest|p2a: Terapagos\n|-status|p2a: Terapagos|slp|[from] move: Rest\n|-heal|p2a: Terapagos|373/373 slp|[silent]\n|\n|upkeep\n|turn|29\n|\n|t:|1781383143\n|switch|p1a: Phione|Phione, L91|293/293\n|cant|p2a: Terapagos|slp\n|\n|upkeep\n|turn|30\n|\n|t:|1781383146\n|move|p1a: Phione|Take Heart|p1a: Phione\n|-boost|p1a: Phione|spa|1\n|-boost|p1a: Phione|spd|1\n|cant|p2a: Terapagos|slp\n|\n|upkeep\n|turn|31\n|\n|t:|1781383148\n|move|p1a: Phione|Take Heart|p1a: Phione\n|-boost|p1a: Phione|spa|1\n|-boost|p1a: Phione|spd|1\n|-curestatus|p2a: Terapagos|slp|[msg]\n|move|p2a: Terapagos|Tera Starstorm|p1a: Phione\n|-damage|p1a: Phione|178/293\n|\n|-heal|p1a: Phione|196/293|[from] item: Leftovers\n|upkeep\n|turn|32\n|\n|t:|1781383154\n|move|p1a: Phione|Take Heart|p1a: Phione\n|-boost|p1a: Phione|spa|1\n|-boost|p1a: Phione|spd|1\n|move|p2a: Terapagos|Calm Mind|p2a: Terapagos\n|-boost|p2a: Terapagos|spa|1\n|-boost|p2a: Terapagos|spd|1\n|\n|-heal|p1a: Phione|214/293|[from] item: Leftovers\n|upkeep\n|turn|33\n|\n|t:|1781383158\n|move|p1a: Phione|Take Heart|p1a: Phione\n|-boost|p1a: Phione|spa|1\n|-boost|p1a: Phione|spd|1\n|move|p2a: Terapagos|Calm Mind|p2a: Terapagos\n|-boost|p2a: Terapagos|spa|1\n|-boost|p2a: Terapagos|spd|1\n|\n|-heal|p1a: Phione|232/293|[from] item: Leftovers\n|upkeep\n|turn|34\n|\n|t:|1781383161\n|move|p1a: Phione|Take Heart|p1a: Phione\n|-boost|p1a: Phione|spa|1\n|-boost|p1a: Phione|spd|1\n|move|p2a: Terapagos|Calm Mind|p2a: Terapagos\n|-boost|p2a: Terapagos|spa|1\n|-boost|p2a: Terapagos|spd|1\n|\n|-heal|p1a: Phione|250/293|[from] item: Leftovers\n|upkeep\n|turn|35\n|\n|t:|1781383163\n|move|p1a: Phione|Take Heart|p1a: Phione\n|-boost|p1a: Phione|spa|1\n|-boost|p1a: Phione|spd|1\n|move|p2a: Terapagos|Calm Mind|p2a: Terapagos\n|-boost|p2a: Terapagos|spa|1\n|-boost|p2a: Terapagos|spd|1\n|\n|-heal|p1a: Phione|268/293|[from] item: Leftovers\n|upkeep\n|turn|36\n|\n|t:|1781383164\n|move|p1a: Phione|Scald|p2a: Terapagos\n|-damage|p2a: Terapagos|300/373\n|-status|p2a: Terapagos|brn\n|move|p2a: Terapagos|Tera Starstorm|p1a: Phione\n|-damage|p1a: Phione|161/293\n|\n|-heal|p1a: Phione|179/293|[from] item: Leftovers\n|-damage|p2a: Terapagos|277/373 brn|[from] brn\n|upkeep\n|turn|37\n|\n|t:|1781383169\n|move|p1a: Phione|Scald|p2a: Terapagos\n|-damage|p2a: Terapagos|196/373 brn\n|move|p2a: Terapagos|Tera Starstorm|p1a: Phione\n|-damage|p1a: Phione|79/293\n|\n|-heal|p1a: Phione|97/293|[from] item: Leftovers\n|-damage|p2a: Terapagos|173/373 brn|[from] brn\n|upkeep\n|turn|38\n|\n|t:|1781383175\n|move|p1a: Phione|Scald|p2a: Terapagos\n|-damage|p2a: Terapagos|89/373 brn\n|move|p2a: Terapagos|Tera Starstorm|p1a: Phione\n|-damage|p1a: Phione|0 fnt\n|faint|p1a: Phione\n|\n|-damage|p2a: Terapagos|66/373 brn|[from] brn\n|upkeep\n|-message|Ponclex forfeited.\n|\n|win|Z10101\n", "uploadtime": 1781382829, "views": 7, "formatid": "gen9randombattle", "rating": null, "private": 0, "password": null}