{"id": "gen9randombattle-2631879987", "format": "[Gen 9] Random Battle", "players": ["shaggy_god_lv99", "hot limon"], "log": "|j|\u2606shaggy_god_lv99\n|j|\u2606hot limon\n|t:|1781451365\n|gametype|singles\n|player|p1|shaggy_god_lv99|101|1901\n|player|p2|hot limon|101|1911\n|gen|9\n|tier|[Gen 9] Random Battle\n|rated|\n|rule|Species Clause: Limit one of each Pok\u00e9mon\n|rule|HP Percentage Mod: HP is shown in percentages\n|rule|Sleep Clause Mod: Limit one foe put to sleep\n|rule|Illusion Level Mod: Illusion disguises the Pok\u00e9mon's true level\n|\n|t:|1781451365\n|teamsize|p1|6\n|teamsize|p2|6\n|start\n|switch|p1a: Medicham|Medicham, L86, F|243/243\n|switch|p2a: Meganium|Meganium, L90, M|290/290\n|turn|1\n|inactive|Battle timer is ON: inactive players will automatically lose when time's up. (requested by hot limon)\n|\n|t:|1781451371\n|move|p2a: Meganium|Energy Ball|p1a: Medicham\n|-damage|p1a: Medicham|132/243\n|move|p1a: Medicham|Ice Punch|p2a: Meganium\n|-supereffective|p2a: Meganium\n|-damage|p2a: Meganium|92/290\n|\n|-heal|p2a: Meganium|110/290|[from] item: Leftovers\n|upkeep\n|turn|2\n|\n|t:|1781451378\n|switch|p2a: Perrserker|Perrserker, L89, F|269/269\n|move|p1a: Medicham|Ice Punch|p2a: Perrserker\n|-resisted|p2a: Perrserker\n|-damage|p2a: Perrserker|215/269\n|\n|upkeep\n|turn|3\n|\n|t:|1781451388\n|switch|p1a: Manaphy|Manaphy, L78|284/284\n|move|p2a: Perrserker|Stealth Rock|p1a: Manaphy\n|-sidestart|p1: shaggy_god_lv99|move: Stealth Rock\n|\n|upkeep\n|turn|4\n|\n|t:|1781451397\n|switch|p2a: Walking Wake|Walking Wake, L79|286/286\n|move|p1a: Manaphy|Tail Glow|p1a: Manaphy\n|-boost|p1a: Manaphy|spa|3\n|\n|upkeep\n|turn|5\n|\n|t:|1781451409\n|move|p2a: Walking Wake|Draco Meteor|p1a: Manaphy\n|-damage|p1a: Manaphy|77/284\n|-unboost|p2a: Walking Wake|spa|2\n|move|p1a: Manaphy|Ice Beam|p2a: Walking Wake\n|-damage|p2a: Walking Wake|125/286\n|\n|-heal|p1a: Manaphy|94/284|[from] item: Leftovers\n|upkeep\n|turn|6\n|\n|t:|1781451417\n|move|p2a: Walking Wake|Draco Meteor|p1a: Manaphy\n|-damage|p1a: Manaphy|0 fnt\n|-unboost|p2a: Walking Wake|spa|2\n|faint|p1a: Manaphy\n|\n|upkeep\n|l|\u2606hot limon\n|inactive|hot limon disconnected and has a minute to reconnect!\n|player|p2|\n|\n|t:|1781451431\n|switch|p1a: Crawdaunt|Crawdaunt, L84, F|243/243\n|-damage|p1a: Crawdaunt|213/243|[from] Stealth Rock\n|turn|7\n|inactive|hot limon has 30 seconds to reconnect!\n|inactive|hot limon has 20 seconds to reconnect!\n|j|\u2606hot limon\n|inactive|hot limon reconnected and has 110 seconds left.\n|player|p2|hot limon|101|\n|\n|t:|1781451483\n|-end|p2a: Walking Wake|Protosynthesis|[silent]\n|switch|p2a: Perrserker|Perrserker, L89, F|215/269\n|move|p1a: Crawdaunt|Dragon Dance|p1a: Crawdaunt\n|-boost|p1a: Crawdaunt|atk|1\n|-boost|p1a: Crawdaunt|spe|1\n|\n|upkeep\n|turn|8\n|\n|t:|1781451491\n|move|p1a: Crawdaunt|Close Combat|p2a: Perrserker\n|-supereffective|p2a: Perrserker\n|-damage|p2a: Perrserker|0 fnt\n|-unboost|p1a: Crawdaunt|def|1\n|-unboost|p1a: Crawdaunt|spd|1\n|faint|p2a: Perrserker\n|-damage|p1a: Crawdaunt|189/243|[from] item: Life Orb\n|\n|upkeep\n|\n|t:|1781451494\n|switch|p2a: Walking Wake|Walking Wake, L79|125/286\n|turn|9\n|\n|t:|1781451501\n|switch|p1a: Hatterene|Hatterene, L85, F|236/236\n|-damage|p1a: Hatterene|207/236|[from] Stealth Rock\n|move|p2a: Walking Wake|Draco Meteor|p1a: Hatterene\n|-immune|p1a: Hatterene\n|\n|-heal|p1a: Hatterene|221/236|[from] item: Leftovers\n|upkeep\n|turn|10\n|inactive|hot limon has 120 seconds left.\n|inactive|shaggy_god_lv99 has 120 seconds left.\n|\n|t:|1781451558\n|-end|p2a: Walking Wake|Protosynthesis|[silent]\n|switch|p2a: Gumshoos|Gumshoos, L95, F|321/321\n|move|p1a: Hatterene|Calm Mind|p1a: Hatterene\n|-boost|p1a: Hatterene|spa|1\n|-boost|p1a: Hatterene|spd|1\n|\n|-heal|p1a: Hatterene|235/236|[from] item: Leftovers\n|upkeep\n|turn|11\n|l|\u2606hot limon\n|inactive|hot limon disconnected and has a minute to reconnect!\n|player|p2|\n|j|\u2606hot limon\n|inactive|hot limon reconnected and has 115 seconds left.\n|player|p2|hot limon|101|\n|\n|t:|1781451576\n|-terastallize|p1a: Hatterene|Steel\n|move|p2a: Gumshoos|Double-Edge|p1a: Hatterene\n|-resisted|p1a: Hatterene\n|-damage|p1a: Hatterene|55/236\n|-damage|p2a: Gumshoos|262/321|[from] Recoil\n|move|p1a: Hatterene|Calm Mind|p1a: Hatterene\n|-boost|p1a: Hatterene|spa|1\n|-boost|p1a: Hatterene|spd|1\n|\n|-heal|p1a: Hatterene|69/236|[from] item: Leftovers\n|upkeep\n|turn|12\n|\n|t:|1781451590\n|move|p2a: Gumshoos|Double-Edge|p1a: Hatterene\n|-resisted|p1a: Hatterene\n|-damage|p1a: Hatterene|0 fnt\n|faint|p1a: Hatterene\n|-damage|p2a: Gumshoos|239/321|[from] Recoil\n|\n|upkeep\n|\n|t:|1781451598\n|switch|p1a: Medicham|Medicham, L86, F|132/243\n|-damage|p1a: Medicham|117/243|[from] Stealth Rock\n|turn|13\n|l|\u2606hot limon\n|inactive|hot limon disconnected and has a minute to reconnect!\n|player|p2|\n|j|\u2606hot limon\n|inactive|hot limon reconnected and has 125 seconds left.\n|player|p2|hot limon|101|\n|inactive|hot limon has 120 seconds left.\n|\n|t:|1781451619\n|switch|p2a: Palossand|Palossand, L89, M|296/296\n|move|p1a: Medicham|Close Combat|p2a: Palossand\n|-immune|p2a: Palossand\n|\n|upkeep\n|turn|14\n|-message|shaggy_god_lv99 forfeited.\n|\n|win|hot limon\n", "uploadtime": 1781451367, "views": 3, "formatid": "gen9randombattle", "rating": null, "private": 0, "password": null}