{"id": "gen9randombattle-2631938795", "format": "[Gen 9] Random Battle", "players": ["Ara Ara Armin", "Pokeoke"], "log": "|j|\u2606Ara Ara Armin\n|j|\u2606Pokeoke\n|t:|1781457781\n|gametype|singles\n|player|p1|Ara Ara Armin|102|2006\n|player|p2|Pokeoke|169|2013\n|gen|9\n|tier|[Gen 9] Random Battle\n|rated|\n|rule|Species Clause: Limit one of each Pok\u00e9mon\n|rule|HP Percentage Mod: HP is shown in percentages\n|rule|Sleep Clause Mod: Limit one foe put to sleep\n|rule|Illusion Level Mod: Illusion disguises the Pok\u00e9mon's true level\n|\n|t:|1781457781\n|teamsize|p1|6\n|teamsize|p2|6\n|start\n|switch|p1a: Hydreigon|Hydreigon, L79, F|275/275\n|switch|p2a: Snorlax|Snorlax, L82, M|397/397\n|turn|1\n|inactive|Battle timer is ON: inactive players will automatically lose when time's up. (requested by Ara Ara Armin)\n|\n|t:|1781457797\n|move|p1a: Hydreigon|U-turn|p2a: Snorlax\n|-damage|p2a: Snorlax|338/397\n|\n|t:|1781457799\n|switch|p1a: Regigigas|Regigigas, L84|322/322|[from] U-turn\n|-start|p1a: Regigigas|ability: Slow Start\n|move|p2a: Snorlax|Body Slam|p1a: Regigigas\n|-damage|p1a: Regigigas|246/322\n|-status|p1a: Regigigas|par\n|\n|-heal|p2a: Snorlax|362/397|[from] item: Leftovers\n|-heal|p1a: Regigigas|266/322 par|[from] item: Leftovers\n|upkeep\n|turn|2\n|\n|t:|1781457813\n|switch|p2a: Gliscor|Gliscor, L76, F|239/239\n|move|p1a: Regigigas|Knock Off|p2a: Gliscor\n|-damage|p2a: Gliscor|197/239\n|-enditem|p2a: Gliscor|Toxic Orb|[from] move: Knock Off|[of] p1a: Regigigas\n|\n|-heal|p1a: Regigigas|286/322 par|[from] item: Leftovers\n|upkeep\n|turn|3\n|\n|t:|1781457819\n|move|p2a: Gliscor|Knock Off|p1a: Regigigas\n|-damage|p1a: Regigigas|242/322 par\n|-enditem|p1a: Regigigas|Leftovers|[from] move: Knock Off|[of] p2a: Gliscor\n|move|p1a: Regigigas|Body Slam|p2a: Gliscor\n|-damage|p2a: Gliscor|140/239\n|\n|upkeep\n|turn|4\n|\n|t:|1781457825\n|move|p2a: Gliscor|Earthquake|p1a: Regigigas\n|-damage|p1a: Regigigas|169/322 par\n|cant|p1a: Regigigas|par\n|\n|upkeep\n|turn|5\n|\n|t:|1781457830\n|move|p2a: Gliscor|Earthquake|p1a: Regigigas\n|-damage|p1a: Regigigas|96/322 par\n|move|p1a: Regigigas|Body Slam|p2a: Gliscor\n|-damage|p2a: Gliscor|77/239\n|-status|p2a: Gliscor|par\n|\n|upkeep\n|turn|6\n|\n|t:|1781457837\n|cant|p1a: Regigigas|par\n|cant|p2a: Gliscor|par\n|\n|-end|p1a: Regigigas|Slow Start\n|upkeep\n|turn|7\n|\n|t:|1781457841\n|cant|p1a: Regigigas|par\n|cant|p2a: Gliscor|par\n|\n|upkeep\n|turn|8\n|\n|t:|1781457844\n|move|p1a: Regigigas|Body Slam|p2a: Gliscor\n|-damage|p2a: Gliscor|0 fnt\n|faint|p2a: Gliscor\n|\n|upkeep\n|\n|t:|1781457848\n|switch|p2a: Polteageist|Polteageist, L78|222/222\n|turn|9\n|\n|t:|1781457855\n|-terastallize|p2a: Polteageist|Dark\n|move|p2a: Polteageist|Shell Smash|p2a: Polteageist\n|-unboost|p2a: Polteageist|def|1\n|-unboost|p2a: Polteageist|spd|1\n|-boost|p2a: Polteageist|atk|2\n|-boost|p2a: Polteageist|spa|2\n|-boost|p2a: Polteageist|spe|2\n|-enditem|p2a: Polteageist|White Herb\n|-clearnegativeboost|p2a: Polteageist|[silent]\n|cant|p1a: Regigigas|par\n|\n|upkeep\n|turn|10\n|\n|t:|1781457867\n|move|p2a: Polteageist|Stored Power|p1a: Regigigas\n|-damage|p1a: Regigigas|0 fnt\n|faint|p1a: Regigigas\n|-end|p1a: Regigigas|Slow Start|[silent]\n|\n|upkeep\n|\n|t:|1781457877\n|switch|p1a: Muk|Muk-Alola, L82, F|306/306\n|turn|11\n|\n|t:|1781457881\n|move|p2a: Polteageist|Strength Sap|p1a: Muk\n|-unboost|p1a: Muk|atk|1\n|move|p1a: Muk|Drain Punch|p2a: Polteageist\n|-supereffective|p2a: Polteageist\n|-damage|p2a: Polteageist|126/222\n|-start|p1a: Muk|Disable|Drain Punch|[from] ability: Cursed Body|[of] p2a: Polteageist\n|-status|p2a: Polteageist|psn|[from] ability: Poison Touch|[of] p1a: Muk\n|\n|-damage|p2a: Polteageist|99/222 psn|[from] psn\n|upkeep\n|turn|12\n|\n|t:|1781457892\n|move|p2a: Polteageist|Shadow Ball|p1a: Muk\n|-resisted|p1a: Muk\n|-damage|p1a: Muk|250/306\n|-unboost|p1a: Muk|spd|1\n|move|p1a: Muk|Poison Jab|p2a: Polteageist\n|-crit|p2a: Polteageist\n|-damage|p2a: Polteageist|0 fnt\n|faint|p2a: Polteageist\n|\n|upkeep\n|\n|t:|1781457903\n|switch|p2a: Empoleon|Empoleon, L84, F|278/278\n|turn|13\n|\n|t:|1781457908\n|move|p2a: Empoleon|Knock Off|p1a: Muk\n|-resisted|p1a: Muk\n|-damage|p1a: Muk|211/306\n|-enditem|p1a: Muk|Assault Vest|[from] move: Knock Off|[of] p2a: Empoleon\n|move|p1a: Muk|Knock Off|p2a: Empoleon\n|-damage|p2a: Empoleon|205/278\n|-enditem|p2a: Empoleon|Leftovers|[from] move: Knock Off|[of] p1a: Muk\n|\n|upkeep\n|turn|14\n|\n|t:|1781457925\n|switch|p1a: Electrode|Electrode-Hisui, L87|246/246\n|move|p2a: Empoleon|Surf|p1a: Electrode\n|-resisted|p1a: Electrode\n|-damage|p1a: Electrode|186/246\n|\n|upkeep\n|turn|15\n|\n|t:|1781457932\n|switch|p2a: Decidueye|Decidueye, L88, M|281/281\n|move|p1a: Electrode|Thunder Wave|p2a: Decidueye\n|-status|p2a: Decidueye|par\n|\n|upkeep\n|turn|16\n|\n|t:|1781457942\n|switch|p1a: Muk|Muk-Alola, L82, F|211/306\n|move|p2a: Decidueye|U-turn|p1a: Muk\n|-damage|p1a: Muk|147/306\n|\n|t:|1781457950\n|switch|p2a: Avalugg|Avalugg, L88, F|310/310|[from] U-turn\n|\n|upkeep\n|turn|17\n|\n|t:|1781457957\n|move|p1a: Muk|Drain Punch|p2a: Avalugg\n|-supereffective|p2a: Avalugg\n|-damage|p2a: Avalugg|250/310\n|-heal|p1a: Muk|177/306|[from] drain|[of] p2a: Avalugg\n|-status|p2a: Avalugg|psn|[from] ability: Poison Touch|[of] p1a: Muk\n|move|p2a: Avalugg|Rapid Spin|p1a: Muk\n|-damage|p1a: Muk|123/306\n|-boost|p2a: Avalugg|spe|1\n|\n|-damage|p2a: Avalugg|212/310 psn|[from] psn\n|upkeep\n|turn|18\n|\n|t:|1781457962\n|move|p2a: Avalugg|Rapid Spin|p1a: Muk\n|-damage|p1a: Muk|67/306\n|-boost|p2a: Avalugg|spe|1\n|move|p1a: Muk|Drain Punch|p2a: Avalugg\n|-supereffective|p2a: Avalugg\n|-damage|p2a: Avalugg|160/310 psn\n|-heal|p1a: Muk|93/306|[from] drain|[of] p2a: Avalugg\n|\n|-damage|p2a: Avalugg|122/310 psn|[from] psn\n|upkeep\n|turn|19\n|\n|t:|1781457973\n|switch|p1a: Skeledirge|Skeledirge, L79, M|294/294\n|move|p2a: Avalugg|Recover|p2a: Avalugg\n|-heal|p2a: Avalugg|277/310 psn\n|\n|-damage|p2a: Avalugg|239/310 psn|[from] psn\n|upkeep\n|turn|20\n|-message|Pokeoke forfeited.\n|\n|win|Ara Ara Armin\n|raw|Ara Ara Armin's rating: 2006 &rarr; <strong>2027</strong><br />(+21 for winning)\n|raw|Pokeoke's rating: 2032 &rarr; <strong>2011</strong><br />(-21 for losing)\n", "uploadtime": 1781457783, "views": 3, "formatid": "gen9randombattle", "rating": 2011, "private": 0, "password": null}