{"id": "gen9randombattle-2631899452", "format": "[Gen 9] Random Battle", "players": ["I Am The Shaman", "KlausUnbound"], "log": "|j|\u2606I Am The Shaman\n|j|\u2606KlausUnbound\n|t:|1781453487\n|gametype|singles\n|player|p1|I Am The Shaman|rood|2176\n|player|p2|KlausUnbound|heroine2-conquest|2245\n|gen|9\n|tier|[Gen 9] Random Battle\n|rated|\n|rule|Species Clause: Limit one of each Pok\u00e9mon\n|rule|HP Percentage Mod: HP is shown in percentages\n|rule|Sleep Clause Mod: Limit one foe put to sleep\n|rule|Illusion Level Mod: Illusion disguises the Pok\u00e9mon's true level\n|\n|t:|1781453487\n|teamsize|p1|6\n|teamsize|p2|6\n|start\n|switch|p1a: Gouging Fire|Gouging Fire, L74|277/277\n|switch|p2a: Hydrapple|Hydrapple, L83, F|312/312\n|turn|1\n|inactive|Battle timer is ON: inactive players will automatically lose when time's up. (requested by KlausUnbound)\n|inactive|I Am The Shaman also wants the timer to be on.\n|inactive|I Am The Shaman has 120 seconds left.\n|\n|t:|1781453535\n|-end|p1a: Gouging Fire|Protosynthesis|[silent]\n|switch|p1a: Illumise|Illumise, L91, F|266/266\n|move|p2a: Hydrapple|Fickle Beam|p1a: Illumise|[anim] Fickle Beam All Out\n|-activate|p2a: Hydrapple|move: Fickle Beam\n|-damage|p1a: Illumise|10/266\n|\n|upkeep\n|turn|2\n|inactive|I Am The Shaman has 120 seconds left.\n|\n|t:|1781453594\n|move|p1a: Illumise|Bug Buzz|p2a: Hydrapple\n|-supereffective|p2a: Hydrapple\n|-damage|p2a: Hydrapple|108/312\n|move|p2a: Hydrapple|Fickle Beam|p1a: Illumise\n|-damage|p1a: Illumise|0 fnt\n|faint|p1a: Illumise\n|\n|upkeep\n|inactive|I Am The Shaman has 90 seconds left.\n|\n|t:|1781453609\n|switch|p1a: Houndoom|Houndoom, L87, M|272/272\n|turn|3\n|\n|t:|1781453616\n|switch|p2a: Coalossal|Coalossal, L89, F|341/341\n|move|p1a: Houndoom|Fire Blast|p2a: Coalossal\n|-resisted|p2a: Coalossal\n|-damage|p2a: Coalossal|309/341\n|\n|upkeep\n|turn|4\n|\n|t:|1781453625\n|switch|p1a: Quaquaval|Quaquaval, L79, M|264/264\n|move|p2a: Coalossal|Stealth Rock|p1a: Quaquaval\n|-sidestart|p1: I Am The Shaman|move: Stealth Rock\n|\n|upkeep\n|turn|5\n|\n|t:|1781453639\n|move|p1a: Quaquaval|Close Combat|p2a: Coalossal\n|-supereffective|p2a: Coalossal\n|-damage|p2a: Coalossal|31/341\n|-unboost|p1a: Quaquaval|def|1\n|-unboost|p1a: Quaquaval|spd|1\n|-status|p1a: Quaquaval|brn|[from] ability: Flame Body|[of] p2a: Coalossal\n|move|p2a: Coalossal|Spikes|p1a: Quaquaval\n|-sidestart|p1: I Am The Shaman|Spikes\n|\n|-damage|p1a: Quaquaval|248/264 brn|[from] brn\n|upkeep\n|turn|6\n|\n|t:|1781453649\n|switch|p2a: Noctowl|Noctowl, L95, F|344/344\n|move|p1a: Quaquaval|Close Combat|p2a: Noctowl\n|-damage|p2a: Noctowl|212/344\n|-unboost|p1a: Quaquaval|def|1\n|-unboost|p1a: Quaquaval|spd|1\n|\n|-damage|p1a: Quaquaval|232/264 brn|[from] brn\n|upkeep\n|turn|7\n|\n|t:|1781453654\n|move|p2a: Noctowl|Roost|p2a: Noctowl\n|-heal|p2a: Noctowl|344/344\n|-singleturn|p2a: Noctowl|move: Roost\n|move|p1a: Quaquaval|Close Combat|p2a: Noctowl\n|-supereffective|p2a: Noctowl\n|-damage|p2a: Noctowl|92/344\n|-unboost|p1a: Quaquaval|def|1\n|-unboost|p1a: Quaquaval|spd|1\n|\n|-damage|p1a: Quaquaval|216/264 brn|[from] brn\n|upkeep\n|turn|8\n|\n|t:|1781453659\n|switch|p1a: Iron Boulder|Iron Boulder, L77|265/265\n|-damage|p1a: Iron Boulder|232/265|[from] Stealth Rock\n|-damage|p1a: Iron Boulder|199/265|[from] Spikes\n|-enditem|p1a: Iron Boulder|Booster Energy\n|-activate|p1a: Iron Boulder|ability: Quark Drive|[fromitem]\n|-start|p1a: Iron Boulder|quarkdrivespe\n|move|p2a: Noctowl|Hyper Voice|p1a: Iron Boulder\n|-resisted|p1a: Iron Boulder\n|-damage|p1a: Iron Boulder|89/265\n|\n|upkeep\n|turn|9\n|\n|t:|1781453666\n|switch|p2a: Coalossal|Coalossal, L89, F|31/341\n|move|p1a: Iron Boulder|Mighty Cleave|p2a: Coalossal\n|-supereffective|p2a: Coalossal\n|-damage|p2a: Coalossal|0 fnt\n|faint|p2a: Coalossal\n|\n|upkeep\n|\n|t:|1781453683\n|switch|p2a: Wugtrio|Wugtrio, L91, M|212/212\n|turn|10\n|\n|t:|1781453697\n|move|p2a: Wugtrio|Aqua Jet|p1a: Iron Boulder\n|-supereffective|p1a: Iron Boulder\n|-damage|p1a: Iron Boulder|0 fnt\n|faint|p1a: Iron Boulder\n|-end|p1a: Iron Boulder|Quark Drive|[silent]\n|\n|upkeep\n|\n|t:|1781453704\n|switch|p1a: Gouging Fire|Gouging Fire, L74|277/277\n|turn|11\n|\n|t:|1781453708\n|switch|p2a: Snorlax|Snorlax, L82, M|397/397\n|move|p1a: Gouging Fire|Dragon Dance|p1a: Gouging Fire\n|-boost|p1a: Gouging Fire|atk|1\n|-boost|p1a: Gouging Fire|spe|1\n|\n|upkeep\n|turn|12\n|\n|t:|1781453716\n|move|p1a: Gouging Fire|Outrage|p2a: Snorlax\n|-damage|p2a: Snorlax|183/397\n|move|p2a: Snorlax|Curse|p2a: Snorlax\n|-unboost|p2a: Snorlax|spe|1\n|-boost|p2a: Snorlax|atk|1\n|-boost|p2a: Snorlax|def|1\n|\n|-heal|p2a: Snorlax|207/397|[from] item: Leftovers\n|upkeep\n|turn|13\n|\n|t:|1781453719\n|-terastallize|p2a: Snorlax|Fairy\n|move|p1a: Gouging Fire|Outrage|p2a: Snorlax|[from] lockedmove\n|-immune|p2a: Snorlax\n|-start|p1a: Gouging Fire|confusion|[fatigue]\n|move|p2a: Snorlax|Curse|p2a: Snorlax\n|-unboost|p2a: Snorlax|spe|1\n|-boost|p2a: Snorlax|atk|1\n|-boost|p2a: Snorlax|def|1\n|\n|-heal|p2a: Snorlax|231/397|[from] item: Leftovers\n|upkeep\n|turn|14\n|\n|t:|1781453732\n|-end|p1a: Gouging Fire|Protosynthesis|[silent]\n|switch|p1a: Quaquaval|Quaquaval, L79, M|216/264 brn\n|-damage|p1a: Quaquaval|200/264 brn|[from] Stealth Rock\n|-damage|p1a: Quaquaval|167/264 brn|[from] Spikes\n|move|p2a: Snorlax|Body Slam|p1a: Quaquaval\n|-damage|p1a: Quaquaval|0 fnt\n|faint|p1a: Quaquaval\n|\n|-heal|p2a: Snorlax|255/397|[from] item: Leftovers\n|upkeep\n|\n|t:|1781453734\n|switch|p1a: Houndoom|Houndoom, L87, M|272/272\n|turn|15\n|\n|t:|1781453738\n|move|p1a: Houndoom|Sludge Bomb|p2a: Snorlax\n|-supereffective|p2a: Snorlax\n|-damage|p2a: Snorlax|121/397\n|-status|p2a: Snorlax|psn\n|move|p2a: Snorlax|Body Slam|p1a: Houndoom\n|-damage|p1a: Houndoom|14/272\n|-status|p1a: Houndoom|par\n|\n|-heal|p2a: Snorlax|145/397 psn|[from] item: Leftovers\n|-damage|p2a: Snorlax|96/397 psn|[from] psn\n|upkeep\n|turn|16\n|\n|t:|1781453748\n|cant|p1a: Houndoom|par\n|move|p2a: Snorlax|Rest|p2a: Snorlax\n|-status|p2a: Snorlax|slp|[from] move: Rest\n|-heal|p2a: Snorlax|397/397 slp|[silent]\n|\n|upkeep\n|turn|17\n|\n|t:|1781453767\n|switch|p2a: Iron Treads|Iron Treads, L77|265/265\n|move|p1a: Houndoom|Sludge Bomb|p2a: Iron Treads\n|-immune|p2a: Iron Treads\n|\n|upkeep\n|turn|18\n|\n|t:|1781453775\n|move|p1a: Houndoom|Sucker Punch|p2a: Iron Treads\n|-damage|p2a: Iron Treads|196/265\n|move|p2a: Iron Treads|Rapid Spin|p1a: Houndoom\n|-damage|p1a: Houndoom|0 fnt\n|-boost|p2a: Iron Treads|spe|1\n|faint|p1a: Houndoom\n|\n|upkeep\n|\n|t:|1781453779\n|switch|p1a: Conkeldurr|Conkeldurr, L80, F|299/299\n|-damage|p1a: Conkeldurr|281/299|[from] Stealth Rock\n|-damage|p1a: Conkeldurr|244/299|[from] Spikes\n|turn|19\n|\n|t:|1781453804\n|-end|p2a: Iron Treads|Quark Drive|[silent]\n|switch|p2a: Noctowl|Noctowl, L95, F|92/344\n|move|p1a: Conkeldurr|Close Combat|p2a: Noctowl\n|-damage|p2a: Noctowl|0 fnt\n|-unboost|p1a: Conkeldurr|def|1\n|-unboost|p1a: Conkeldurr|spd|1\n|faint|p2a: Noctowl\n|\n|-status|p1a: Conkeldurr|brn|[from] item: Flame Orb\n|upkeep\n|\n|t:|1781453813\n|switch|p2a: Wugtrio|Wugtrio, L91, M|212/212\n|turn|20\n|c|\u2606KlausUnbound|gg\n|\n|t:|1781453836\n|move|p2a: Wugtrio|Liquidation|p1a: Conkeldurr\n|-damage|p1a: Conkeldurr|19/299 brn\n|-unboost|p1a: Conkeldurr|def|1\n|move|p1a: Conkeldurr|Close Combat|p2a: Wugtrio\n|-damage|p2a: Wugtrio|0 fnt\n|-unboost|p1a: Conkeldurr|def|1\n|-unboost|p1a: Conkeldurr|spd|1\n|-ability|p2a: Wugtrio|Gooey\n|-unboost|p1a: Conkeldurr|spe|1\n|faint|p2a: Wugtrio\n|\n|-damage|p1a: Conkeldurr|1/299 brn|[from] brn\n|upkeep\n|\n|t:|1781453840\n|switch|p2a: Iron Treads|Iron Treads, L77|196/265\n|turn|21\n|\n|t:|1781453846\n|move|p1a: Conkeldurr|Mach Punch|p2a: Iron Treads\n|-supereffective|p2a: Iron Treads\n|-damage|p2a: Iron Treads|64/265\n|move|p2a: Iron Treads|Rapid Spin|p1a: Conkeldurr\n|-damage|p1a: Conkeldurr|0 fnt\n|-boost|p2a: Iron Treads|spe|1\n|faint|p1a: Conkeldurr\n|\n|upkeep\n|\n|t:|1781453850\n|switch|p1a: Gouging Fire|Gouging Fire, L74|277/277\n|turn|22\n|\n|t:|1781453857\n|-terastallize|p1a: Gouging Fire|Fairy\n|move|p2a: Iron Treads|Earthquake|p1a: Gouging Fire\n|-damage|p1a: Gouging Fire|190/277\n|move|p1a: Gouging Fire|Heat Crash|p2a: Iron Treads\n|-supereffective|p2a: Iron Treads\n|-damage|p2a: Iron Treads|0 fnt\n|faint|p2a: Iron Treads\n|-end|p2a: Iron Treads|Quark Drive|[silent]\n|\n|upkeep\n|\n|t:|1781453864\n|switch|p2a: Hydrapple|Hydrapple, L83, F|212/312\n|turn|23\n|\n|t:|1781453868\n|move|p1a: Gouging Fire|Morning Sun|p1a: Gouging Fire\n|-heal|p1a: Gouging Fire|277/277\n|move|p2a: Hydrapple|Leaf Storm|p1a: Gouging Fire\n|-damage|p1a: Gouging Fire|0 fnt\n|-unboost|p2a: Hydrapple|spa|2\n|faint|p1a: Gouging Fire\n|-end|p1a: Gouging Fire|Protosynthesis|[silent]\n|\n|win|KlausUnbound\n|raw|I Am The Shaman's rating: 2176 &rarr; <strong>2160</strong><br />(-16 for losing)\n|raw|KlausUnbound's rating: 2245 &rarr; <strong>2261</strong><br />(+16 for winning)\n", "uploadtime": 1781453490, "views": 3, "formatid": "gen9randombattle", "rating": 2160, "private": 0, "password": null}