{"id": "gen9randombattle-2631400478", "format": "[Gen 9] Random Battle", "players": ["Gwiks", "Dmacriz"], "log": "|j|\u2606Gwiks\n|j|\u2606Dmacriz\n|t:|1781380144\n|gametype|singles\n|player|p1|Gwiks|colress|1601\n|player|p2|Dmacriz|cyrus|1593\n|gen|9\n|tier|[Gen 9] Random Battle\n|rated|\n|rule|Species Clause: Limit one of each Pok\u00e9mon\n|rule|HP Percentage Mod: HP is shown in percentages\n|rule|Sleep Clause Mod: Limit one foe put to sleep\n|rule|Illusion Level Mod: Illusion disguises the Pok\u00e9mon's true level\n|\n|t:|1781380144\n|teamsize|p1|6\n|teamsize|p2|6\n|start\n|switch|p1a: Sylveon|Sylveon, L85, F|300/300\n|switch|p2a: Hydrapple|Hydrapple, L83, M|312/312\n|turn|1\n|inactive|Battle timer is ON: inactive players will automatically lose when time's up. (requested by Gwiks)\n|\n|t:|1781380165\n|switch|p2a: Mamoswine|Mamoswine, L81, F|311/311\n|move|p1a: Sylveon|Calm Mind|p1a: Sylveon\n|-boost|p1a: Sylveon|spa|1\n|-boost|p1a: Sylveon|spd|1\n|\n|upkeep\n|turn|2\n|\n|t:|1781380173\n|move|p1a: Sylveon|Protect|p1a: Sylveon\n|-singleturn|p1a: Sylveon|Protect\n|move|p2a: Mamoswine|Earthquake|p1a: Sylveon\n|-activate|p1a: Sylveon|move: Protect\n|\n|upkeep\n|turn|3\n|\n|t:|1781380179\n|move|p2a: Mamoswine|Earthquake|p1a: Sylveon\n|-damage|p1a: Sylveon|89/300\n|move|p1a: Sylveon|Hyper Voice|p2a: Mamoswine\n|-damage|p2a: Mamoswine|46/311\n|\n|-heal|p1a: Sylveon|107/300|[from] item: Leftovers\n|upkeep\n|turn|4\n|\n|t:|1781380187\n|switch|p1a: Bombirdier|Bombirdier, L85, M|258/258\n|move|p2a: Mamoswine|Earthquake|p1a: Bombirdier\n|-immune|p1a: Bombirdier\n|\n|upkeep\n|turn|5\n|\n|t:|1781380198\n|switch|p2a: Sandy Shocks|Sandy Shocks, L80|267/267\n|move|p1a: Bombirdier|Knock Off|p2a: Sandy Shocks\n|-damage|p2a: Sandy Shocks|149/267\n|-enditem|p2a: Sandy Shocks|Leftovers|[from] move: Knock Off|[of] p1a: Bombirdier\n|\n|upkeep\n|turn|6\n|\n|t:|1781380208\n|switch|p1a: Great Tusk|Great Tusk, L77|304/304\n|-enditem|p1a: Great Tusk|Booster Energy\n|-activate|p1a: Great Tusk|ability: Protosynthesis|[fromitem]\n|-start|p1a: Great Tusk|protosynthesisatk\n|move|p2a: Sandy Shocks|Stealth Rock|p1a: Great Tusk\n|-sidestart|p1: Gwiks|move: Stealth Rock\n|\n|upkeep\n|turn|7\n|\n|t:|1781380217\n|-end|p2a: Sandy Shocks|Protosynthesis|[silent]\n|switch|p2a: Misdreavus|Misdreavus, L90, M|254/254\n|move|p1a: Great Tusk|Rapid Spin|p2a: Misdreavus\n|-immune|p2a: Misdreavus\n|\n|upkeep\n|turn|8\n|\n|t:|1781380226\n|-end|p1a: Great Tusk|Protosynthesis|[silent]\n|switch|p1a: Qwilfish|Qwilfish-Hisui, L83, M|244/244\n|-damage|p1a: Qwilfish|214/244|[from] Stealth Rock\n|-ability|p1a: Qwilfish|Intimidate|boost\n|-unboost|p2a: Misdreavus|atk|1\n|move|p2a: Misdreavus|Will-O-Wisp|p1a: Qwilfish\n|-status|p1a: Qwilfish|brn\n|\n|-damage|p1a: Qwilfish|199/244 brn|[from] brn\n|upkeep\n|turn|9\n|\n|t:|1781380246\n|switch|p2a: Mamoswine|Mamoswine, L81, F|46/311\n|move|p1a: Qwilfish|Toxic Spikes|p2a: Mamoswine\n|-sidestart|p2: Dmacriz|move: Toxic Spikes\n|\n|-damage|p1a: Qwilfish|184/244 brn|[from] brn\n|upkeep\n|turn|10\n|\n|t:|1781380255\n|move|p2a: Mamoswine|Ice Shard|p1a: Qwilfish\n|-damage|p1a: Qwilfish|129/244 brn\n|move|p1a: Qwilfish|Crunch|p2a: Mamoswine\n|-damage|p2a: Mamoswine|2/311\n|\n|-damage|p1a: Qwilfish|114/244 brn|[from] brn\n|upkeep\n|turn|11\n|\n|t:|1781380266\n|move|p2a: Mamoswine|Ice Shard|p1a: Qwilfish\n|-damage|p1a: Qwilfish|63/244 brn\n|move|p1a: Qwilfish|Crunch|p2a: Mamoswine\n|-damage|p2a: Mamoswine|0 fnt\n|faint|p2a: Mamoswine\n|\n|-damage|p1a: Qwilfish|48/244 brn|[from] brn\n|upkeep\n|\n|t:|1781380289\n|switch|p2a: Weavile|Weavile, L79, F|240/240\n|turn|12\n|\n|t:|1781380296\n|move|p2a: Weavile|Swords Dance|p2a: Weavile\n|-boost|p2a: Weavile|atk|2\n|move|p1a: Qwilfish|Toxic Spikes|p2a: Weavile\n|-sidestart|p2: Dmacriz|move: Toxic Spikes\n|\n|-damage|p1a: Qwilfish|33/244 brn|[from] brn\n|upkeep\n|turn|13\n|\n|t:|1781380305\n|move|p2a: Weavile|Swords Dance|p2a: Weavile\n|-boost|p2a: Weavile|atk|2\n|move|p1a: Qwilfish|Gunk Shot|p2a: Weavile|[miss]\n|-miss|p1a: Qwilfish|p2a: Weavile\n|\n|-damage|p1a: Qwilfish|18/244 brn|[from] brn\n|upkeep\n|turn|14\n|\n|t:|1781380314\n|move|p2a: Weavile|Swords Dance|p2a: Weavile\n|-boost|p2a: Weavile|atk|2\n|move|p1a: Qwilfish|Gunk Shot|p2a: Weavile\n|-damage|p2a: Weavile|163/240\n|\n|-damage|p1a: Qwilfish|3/244 brn|[from] brn\n|upkeep\n|turn|15\n|\n|t:|1781380323\n|move|p2a: Weavile|Knock Off|p1a: Qwilfish\n|-resisted|p1a: Qwilfish\n|-damage|p1a: Qwilfish|0 fnt\n|-enditem|p1a: Qwilfish|Eviolite|[from] move: Knock Off|[of] p2a: Weavile\n|faint|p1a: Qwilfish\n|\n|upkeep\n|\n|t:|1781380330\n|switch|p1a: Bombirdier|Bombirdier, L85, M|258/258\n|turn|16\n|\n|t:|1781380335\n|-terastallize|p1a: Bombirdier|Steel\n|move|p2a: Weavile|Triple Axel|p1a: Bombirdier\n|-resisted|p1a: Bombirdier\n|-damage|p1a: Bombirdier|214/258\n|-resisted|p1a: Bombirdier\n|-damage|p1a: Bombirdier|125/258\n|-resisted|p1a: Bombirdier\n|-damage|p1a: Bombirdier|0 fnt\n|faint|p1a: Bombirdier\n|-hitcount|p1: Bombirdier|3\n|\n|upkeep\n|-message|Gwiks forfeited.\n|\n|win|Dmacriz\n|raw|Gwiks's rating: 1601 &rarr; <strong>1581</strong><br />(-20 for losing)\n|raw|Dmacriz's rating: 1593 &rarr; <strong>1613</strong><br />(+20 for winning)\n|l|\u2606Gwiks\n|player|p1|\n", "uploadtime": 1781380344, "views": 7, "formatid": "gen9randombattle", "rating": 1581, "private": 0, "password": null}