{"id": "gen9randombattle-2631372779", "format": "[Gen 9] Random Battle", "players": ["Chicken347", "TheeSalesman"], "log": "|j|\u2606Chicken347\n|j|\u2606TheeSalesman\n|t:|1781376942\n|gametype|singles\n|player|p1|Chicken347|266|2024\n|player|p2|TheeSalesman|clerk|2025\n|gen|9\n|tier|[Gen 9] Random Battle\n|rated|\n|rule|Species Clause: Limit one of each Pok\u00e9mon\n|rule|HP Percentage Mod: HP is shown in percentages\n|rule|Sleep Clause Mod: Limit one foe put to sleep\n|rule|Illusion Level Mod: Illusion disguises the Pok\u00e9mon's true level\n|\n|t:|1781376942\n|teamsize|p1|6\n|teamsize|p2|6\n|start\n|switch|p1a: Reuniclus|Reuniclus, L88, F|337/337\n|switch|p2a: Hydrapple|Hydrapple, L83, F|312/312\n|turn|1\n|inactive|Battle timer is ON: inactive players will automatically lose when time's up. (requested by TheeSalesman)\n|\n|t:|1781376958\n|switch|p1a: Okidogi|Okidogi, L77, M|262/262\n|move|p2a: Hydrapple|Dragon Tail|p1a: Okidogi\n|-damage|p1a: Okidogi|217/262\n|drag|p1a: Reuniclus|Reuniclus, L88, F|337/337\n|\n|upkeep\n|turn|2\n|\n|t:|1781376971\n|move|p2a: Hydrapple|Fickle Beam|p1a: Reuniclus|[anim] Fickle Beam All Out\n|-activate|p2a: Hydrapple|move: Fickle Beam\n|-damage|p1a: Reuniclus|148/337\n|move|p1a: Reuniclus|Psyshock|p2a: Hydrapple\n|-damage|p2a: Hydrapple|190/312\n|\n|upkeep\n|turn|3\n|\n|t:|1781376981\n|switch|p1a: Okidogi|Okidogi, L77, M|217/262\n|move|p2a: Hydrapple|Fickle Beam|p1a: Okidogi\n|-damage|p1a: Okidogi|147/262\n|\n|upkeep\n|turn|4\n|\n|t:|1781376997\n|switch|p2a: Eelektross|Eelektross, L87, F|290/290\n|move|p1a: Okidogi|Drain Punch|p2a: Eelektross\n|-damage|p2a: Eelektross|202/290\n|-heal|p1a: Okidogi|191/262|[from] drain|[of] p2a: Eelektross\n|\n|upkeep\n|turn|5\n|\n|t:|1781377009\n|switch|p1a: Volbeat|Volbeat, L90, M|263/263\n|move|p2a: Eelektross|Discharge|p1a: Volbeat\n|-damage|p1a: Volbeat|172/263\n|-status|p1a: Volbeat|par\n|\n|upkeep\n|turn|6\n|\n|t:|1781377031\n|switch|p1a: Okidogi|Okidogi, L77, M|191/262\n|move|p2a: Eelektross|Discharge|p1a: Okidogi\n|-damage|p1a: Okidogi|124/262\n|\n|upkeep\n|turn|7\n|\n|t:|1781377037\n|move|p1a: Okidogi|Drain Punch|p2a: Eelektross\n|-damage|p2a: Eelektross|118/290\n|-heal|p1a: Okidogi|166/262|[from] drain|[of] p2a: Eelektross\n|move|p2a: Eelektross|Discharge|p1a: Okidogi\n|-damage|p1a: Okidogi|88/262\n|\n|upkeep\n|turn|8\n|\n|t:|1781377044\n|move|p1a: Okidogi|Drain Punch|p2a: Eelektross\n|-damage|p2a: Eelektross|28/290\n|-heal|p1a: Okidogi|133/262|[from] drain|[of] p2a: Eelektross\n|move|p2a: Eelektross|Discharge|p1a: Okidogi\n|-damage|p1a: Okidogi|66/262\n|\n|upkeep\n|turn|9\n|\n|t:|1781377050\n|move|p1a: Okidogi|Drain Punch|p2a: Eelektross\n|-damage|p2a: Eelektross|0 fnt\n|-heal|p1a: Okidogi|80/262|[from] drain|[of] p2a: Eelektross\n|faint|p2a: Eelektross\n|\n|upkeep\n|\n|t:|1781377052\n|switch|p2a: Quaquaval|Quaquaval, L79, M|264/264\n|turn|10\n|\n|t:|1781377066\n|switch|p1a: Lurantis|Lurantis, L87, F|264/264\n|move|p2a: Quaquaval|Aqua Step|p1a: Lurantis\n|-resisted|p1a: Lurantis\n|-damage|p1a: Lurantis|206/264\n|-boost|p2a: Quaquaval|spe|1\n|-damage|p2a: Quaquaval|238/264|[from] item: Life Orb\n|\n|-heal|p1a: Lurantis|222/264|[from] item: Leftovers\n|upkeep\n|turn|11\n|\n|t:|1781377081\n|switch|p2a: Hydrapple|Hydrapple, L83, F|294/312\n|switch|p1a: Okidogi|Okidogi, L77, M|80/262\n|\n|upkeep\n|turn|12\n|\n|t:|1781377095\n|switch|p2a: Iron Boulder|Iron Boulder, L77|265/265\n|move|p1a: Okidogi|Drain Punch|p2a: Iron Boulder\n|-damage|p2a: Iron Boulder|166/265\n|-heal|p1a: Okidogi|130/262|[from] drain|[of] p2a: Iron Boulder\n|\n|upkeep\n|turn|13\n|\n|t:|1781377103\n|move|p2a: Iron Boulder|Zen Headbutt|p1a: Okidogi\n|-supereffective|p1a: Okidogi\n|-damage|p1a: Okidogi|0 fnt\n|faint|p1a: Okidogi\n|-damage|p2a: Iron Boulder|140/265|[from] item: Life Orb\n|\n|upkeep\n|inactive|Chicken347 has 120 seconds left.\n|\n|t:|1781377143\n|switch|p1a: Volbeat|Volbeat, L90, M|172/263 par\n|turn|14\n|\n|t:|1781377146\n|cant|p1a: Volbeat|par\n|move|p2a: Iron Boulder|Mighty Cleave|p1a: Volbeat\n|-supereffective|p1a: Volbeat\n|-damage|p1a: Volbeat|0 fnt\n|faint|p1a: Volbeat\n|-damage|p2a: Iron Boulder|114/265|[from] item: Life Orb\n|\n|upkeep\n|inactive|Chicken347 has 120 seconds left.\n|\n|t:|1781377164\n|switch|p1a: Komala|Komala, L88, M|258/258\n|-ability|p1a: Komala|Comatose\n|turn|15\n|\n|t:|1781377173\n|-terastallize|p1a: Komala|Ghost\n|move|p2a: Iron Boulder|Close Combat|p1a: Komala\n|-immune|p1a: Komala\n|move|p1a: Komala|Earthquake|p2a: Iron Boulder\n|-supereffective|p2a: Iron Boulder\n|-damage|p2a: Iron Boulder|0 fnt\n|faint|p2a: Iron Boulder\n|-end|p2a: Iron Boulder|Quark Drive|[silent]\n|\n|upkeep\n|\n|t:|1781377183\n|switch|p2a: Quaquaval|Quaquaval, L79, M|238/264\n|turn|16\n|inactive|Chicken347 has 120 seconds left.\n|\n|t:|1781377204\n|move|p2a: Quaquaval|Swords Dance|p2a: Quaquaval\n|-boost|p2a: Quaquaval|atk|2\n|move|p1a: Komala|Body Slam|p2a: Quaquaval\n|-damage|p2a: Quaquaval|100/264\n|\n|upkeep\n|turn|17\n|\n|t:|1781377213\n|-terastallize|p2a: Quaquaval|Water\n|move|p2a: Quaquaval|Aqua Step|p1a: Komala\n|-crit|p1a: Komala\n|-damage|p1a: Komala|0 fnt\n|-boost|p2a: Quaquaval|spe|1\n|faint|p1a: Komala\n|-ability|p2a: Quaquaval|Moxie|boost\n|-boost|p2a: Quaquaval|atk|1\n|-damage|p2a: Quaquaval|74/264|[from] item: Life Orb\n|\n|upkeep\n|\n|t:|1781377222\n|switch|p1a: Lurantis|Lurantis, L87, F|222/264\n|turn|18\n|\n|t:|1781377224\n|move|p2a: Quaquaval|Close Combat|p1a: Lurantis\n|-damage|p1a: Lurantis|0 fnt\n|-unboost|p2a: Quaquaval|def|1\n|-unboost|p2a: Quaquaval|spd|1\n|faint|p1a: Lurantis\n|-ability|p2a: Quaquaval|Moxie|boost\n|-boost|p2a: Quaquaval|atk|1\n|-damage|p2a: Quaquaval|48/264|[from] item: Life Orb\n|\n|upkeep\n|\n|t:|1781377238\n|switch|p1a: Iron Moth|Iron Moth, L78|253/253\n|turn|19\n|\n|t:|1781377241\n|-end|p1a: Iron Moth|Quark Drive|[silent]\n|switch|p1a: Reuniclus|Reuniclus, L88, F|148/337\n|move|p2a: Quaquaval|Aqua Step|p1a: Reuniclus\n|-damage|p1a: Reuniclus|0 fnt\n|-boost|p2a: Quaquaval|spe|1\n|faint|p1a: Reuniclus\n|-ability|p2a: Quaquaval|Moxie|boost\n|-boost|p2a: Quaquaval|atk|1\n|-damage|p2a: Quaquaval|22/264|[from] item: Life Orb\n|\n|upkeep\n|\n|t:|1781377243\n|switch|p1a: Iron Moth|Iron Moth, L78|253/253\n|turn|20\n|\n|t:|1781377245\n|move|p2a: Quaquaval|Aqua Step|p1a: Iron Moth\n|-supereffective|p1a: Iron Moth\n|-damage|p1a: Iron Moth|0 fnt\n|-boost|p2a: Quaquaval|spe|1\n|faint|p1a: Iron Moth\n|-end|p1a: Iron Moth|Quark Drive|[silent]\n|-damage|p2a: Quaquaval|0 fnt|[from] item: Life Orb\n|faint|p2a: Quaquaval\n|\n|win|TheeSalesman\n", "uploadtime": 1781376944, "views": 6, "formatid": "gen9randombattle", "rating": null, "private": 0, "password": null}