{"id": "gen9randombattle-2631593935", "format": "[Gen 9] Random Battle", "players": ["Derpager", "euphoricpoptarts"], "log": "|j|\u2606Derpager\n|j|\u2606euphoricpoptarts\n|t:|1781406004\n|gametype|singles\n|player|p1|Derpager|266|2150\n|player|p2|euphoricpoptarts|unknown|2132\n|gen|9\n|tier|[Gen 9] Random Battle\n|rated|\n|rule|Species Clause: Limit one of each Pok\u00e9mon\n|rule|HP Percentage Mod: HP is shown in percentages\n|rule|Sleep Clause Mod: Limit one foe put to sleep\n|rule|Illusion Level Mod: Illusion disguises the Pok\u00e9mon's true level\n|\n|t:|1781406004\n|teamsize|p1|6\n|teamsize|p2|6\n|start\n|switch|p1a: Haxorus|Haxorus, L77, F|244/244\n|switch|p2a: Rotom|Rotom-Mow, L87|229/229\n|-ability|p1a: Haxorus|Mold Breaker\n|turn|1\n|inactive|Battle timer is ON: inactive players will automatically lose when time's up. (requested by euphoricpoptarts)\n|\n|t:|1781406025\n|move|p2a: Rotom|Trick|p1a: Haxorus\n|-activate|p2a: Rotom|move: Trick|[of] p1a: Haxorus\n|-item|p1a: Haxorus|Choice Scarf|[from] move: Trick\n|-item|p2a: Rotom|Lum Berry|[from] move: Trick\n|move|p1a: Haxorus|Dragon Dance|p1a: Haxorus\n|-boost|p1a: Haxorus|atk|1\n|-boost|p1a: Haxorus|spe|1\n|\n|upkeep\n|turn|2\n|\n|t:|1781406035\n|switch|p1a: Rhyperior|Rhyperior, L82, M|323/323\n|move|p2a: Rotom|Thunderbolt|p1a: Rhyperior\n|-immune|p1a: Rhyperior\n|\n|upkeep\n|turn|3\n|\n|t:|1781406047\n|switch|p1a: Komala|Komala, L88, F|258/258\n|-ability|p1a: Komala|Comatose\n|move|p2a: Rotom|Thunderbolt|p1a: Komala\n|-damage|p1a: Komala|194/258\n|\n|upkeep\n|turn|4\n|\n|t:|1781406060\n|move|p2a: Rotom|Volt Switch|p1a: Komala\n|-damage|p1a: Komala|143/258\n|\n|t:|1781406069\n|switch|p2a: Weezing|Weezing, L88, M|258/258|[from] Volt Switch\n|move|p1a: Komala|Body Slam|p2a: Weezing\n|-damage|p2a: Weezing|168/258\n|\n|-heal|p2a: Weezing|184/258|[from] item: Leftovers\n|upkeep\n|turn|5\n|\n|t:|1781406081\n|move|p1a: Komala|Body Slam|p2a: Weezing\n|-damage|p2a: Weezing|97/258\n|move|p2a: Weezing|Gunk Shot|p1a: Komala\n|-damage|p1a: Komala|0 fnt\n|faint|p1a: Komala\n|\n|-heal|p2a: Weezing|113/258|[from] item: Leftovers\n|upkeep\n|inactive|Derpager has 120 seconds left.\n|\n|t:|1781406140\n|switch|p1a: Breloom|Breloom, L83, M|235/235\n|turn|6\n|\n|t:|1781406150\n|switch|p2a: Rotom|Rotom-Mow, L87|229/229\n|move|p1a: Breloom|Spore|p2a: Rotom\n|-immune|p2a: Rotom\n|\n|upkeep\n|turn|7\n|\n|t:|1781406168\n|move|p2a: Rotom|Thunderbolt|p1a: Breloom\n|-resisted|p1a: Breloom\n|-damage|p1a: Breloom|168/235\n|move|p1a: Breloom|Swords Dance|p1a: Breloom\n|-boost|p1a: Breloom|atk|2\n|\n|upkeep\n|turn|8\n|inactive|Derpager has 90 seconds left.\n|\n|t:|1781406202\n|move|p2a: Rotom|Thunderbolt|p1a: Breloom\n|-resisted|p1a: Breloom\n|-damage|p1a: Breloom|93/235\n|move|p1a: Breloom|Swords Dance|p1a: Breloom\n|-boost|p1a: Breloom|atk|2\n|\n|upkeep\n|turn|9\n|\n|t:|1781406214\n|move|p1a: Breloom|Mach Punch|p2a: Rotom\n|-damage|p2a: Rotom|0 fnt\n|faint|p2a: Rotom\n|-damage|p1a: Breloom|70/235|[from] item: Life Orb\n|\n|upkeep\n|inactive|euphoricpoptarts has 120 seconds left.\n|\n|t:|1781406235\n|switch|p2a: Zebstrika|Zebstrika, L87, M|272/272\n|turn|10\n|\n|t:|1781406244\n|switch|p2a: Weezing|Weezing, L88, M|113/258\n|move|p1a: Breloom|Mach Punch|p2a: Weezing\n|-resisted|p2a: Weezing\n|-damage|p2a: Weezing|0 fnt\n|faint|p2a: Weezing\n|-damage|p1a: Breloom|47/235|[from] item: Life Orb\n|\n|upkeep\n|inactive|euphoricpoptarts has 120 seconds left.\n|\n|t:|1781406272\n|switch|p2a: Smeargle|Smeargle, L95, M|258/258\n|turn|11\n|inactive|Derpager has 90 seconds left.\n|\n|t:|1781406311\n|-terastallize|p2a: Smeargle|Ghost\n|move|p2a: Smeargle|Ceaseless Edge|p1a: Breloom\n|-resisted|p1a: Breloom\n|-damage|p1a: Breloom|34/235\n|-sidestart|p1: Derpager|Spikes\n|move|p1a: Breloom|Bullet Seed|p2a: Smeargle\n|-enditem|p2a: Smeargle|Focus Sash\n|-damage|p2a: Smeargle|1/258\n|-damage|p2a: Smeargle|0 fnt\n|faint|p2a: Smeargle\n|-hitcount|p2: Smeargle|2\n|-damage|p1a: Breloom|11/235|[from] item: Life Orb\n|\n|upkeep\n|\n|t:|1781406329\n|switch|p2a: Zebstrika|Zebstrika, L87, M|272/272\n|turn|12\n|\n|t:|1781406333\n|move|p1a: Breloom|Mach Punch|p2a: Zebstrika\n|-damage|p2a: Zebstrika|0 fnt\n|faint|p2a: Zebstrika\n|-damage|p1a: Breloom|0 fnt|[from] item: Life Orb\n|faint|p1a: Breloom\n|\n|upkeep\n|\n|t:|1781406342\n|switch|p2a: Lurantis|Lurantis, L87, M|264/264\n|switch|p1a: Rhyperior|Rhyperior, L82, M|323/323\n|-damage|p1a: Rhyperior|283/323|[from] Spikes\n|turn|13\n|\n|t:|1781406352\n|move|p2a: Lurantis|Superpower|p1a: Rhyperior\n|-supereffective|p1a: Rhyperior\n|-damage|p1a: Rhyperior|171/323\n|-boost|p2a: Lurantis|atk|1\n|-boost|p2a: Lurantis|def|1\n|-enditem|p1a: Rhyperior|Weakness Policy\n|-boost|p1a: Rhyperior|atk|2|[from] item: Weakness Policy\n|-boost|p1a: Rhyperior|spa|2|[from] item: Weakness Policy\n|move|p1a: Rhyperior|Megahorn|p2a: Lurantis\n|-supereffective|p2a: Lurantis\n|-damage|p2a: Lurantis|0 fnt\n|faint|p2a: Lurantis\n|\n|upkeep\n|\n|t:|1781406358\n|switch|p2a: Moltres|Moltres-Galar, L79|271/271\n|turn|14\n|\n|t:|1781406367\n|move|p2a: Moltres|Nasty Plot|p2a: Moltres\n|-boost|p2a: Moltres|spa|2\n|move|p1a: Rhyperior|Stone Edge|p2a: Moltres\n|-supereffective|p2a: Moltres\n|-damage|p2a: Moltres|0 fnt\n|faint|p2a: Moltres\n|\n|win|Derpager\n", "uploadtime": 1781406006, "views": 3, "formatid": "gen9randombattle", "rating": null, "private": 0, "password": null}