{"id": "gen9randombattle-2631379878", "format": "[Gen 9] Random Battle", "players": ["Rolfj", "canbetaught2"], "log": "|j|\u2606Rolfj\n|j|\u2606canbetaught2\n|t:|1781377775\n|gametype|singles\n|player|p1|Rolfj|102|2016\n|player|p2|canbetaught2|hilda|1941\n|gen|9\n|tier|[Gen 9] Random Battle\n|rated|\n|rule|Species Clause: Limit one of each Pok\u00e9mon\n|rule|HP Percentage Mod: HP is shown in percentages\n|rule|Sleep Clause Mod: Limit one foe put to sleep\n|rule|Illusion Level Mod: Illusion disguises the Pok\u00e9mon's true level\n|\n|t:|1781377775\n|teamsize|p1|6\n|teamsize|p2|6\n|start\n|switch|p1a: Oricorio|Oricorio-Sensu, L85, M|266/266\n|switch|p2a: Toucannon|Toucannon, L88, M|284/284\n|turn|1\n|inactive|Battle timer is ON: inactive players will automatically lose when time's up. (requested by canbetaught2)\n|\n|t:|1781377784\n|move|p1a: Oricorio|Quiver Dance|p1a: Oricorio\n|-boost|p1a: Oricorio|spa|1\n|-boost|p1a: Oricorio|spd|1\n|-boost|p1a: Oricorio|spe|1\n|move|p2a: Toucannon|Knock Off|p1a: Oricorio\n|-supereffective|p1a: Oricorio\n|-damage|p1a: Oricorio|66/266\n|-enditem|p1a: Oricorio|Heavy-Duty Boots|[from] move: Knock Off|[of] p2a: Toucannon\n|\n|upkeep\n|turn|2\n|\n|t:|1781377791\n|-singleturn|p2a: Toucannon|move: Beak Blast\n|move|p1a: Oricorio|Roost|p1a: Oricorio\n|-heal|p1a: Oricorio|199/266\n|-singleturn|p1a: Oricorio|move: Roost\n|move|p2a: Toucannon|Beak Blast|p1a: Oricorio\n|-damage|p1a: Oricorio|33/266\n|\n|upkeep\n|turn|3\n|\n|t:|1781377795\n|-singleturn|p2a: Toucannon|move: Beak Blast\n|move|p1a: Oricorio|Hurricane|p2a: Toucannon|[miss]\n|-miss|p1a: Oricorio|p2a: Toucannon\n|move|p2a: Toucannon|Beak Blast|p1a: Oricorio\n|-damage|p1a: Oricorio|0 fnt\n|faint|p1a: Oricorio\n|\n|upkeep\n|\n|t:|1781377802\n|switch|p1a: Dugtrio|Dugtrio-Alola, L84, M|196/196\n|turn|4\n|\n|t:|1781377815\n|-singleturn|p2a: Toucannon|move: Beak Blast\n|move|p1a: Dugtrio|Stone Edge|p2a: Toucannon\n|-supereffective|p2a: Toucannon\n|-damage|p2a: Toucannon|44/284\n|move|p2a: Toucannon|Beak Blast|p1a: Dugtrio\n|-resisted|p1a: Dugtrio\n|-damage|p1a: Dugtrio|104/196\n|\n|upkeep\n|turn|5\n|\n|t:|1781377821\n|switch|p2a: Rotom|Rotom-Mow, L87|229/229\n|move|p1a: Dugtrio|Stone Edge|p2a: Rotom|[miss]\n|-miss|p1a: Dugtrio|p2a: Rotom\n|\n|upkeep\n|turn|6\n|\n|t:|1781377826\n|switch|p1a: Chansey|Chansey, L85, F|564/564\n|move|p2a: Rotom|Leaf Storm|p1a: Chansey\n|-damage|p1a: Chansey|476/564\n|-unboost|p2a: Rotom|spa|2\n|\n|upkeep\n|turn|7\n|\n|t:|1781377834\n|switch|p2a: Toucannon|Toucannon, L88, M|44/284\n|move|p1a: Chansey|Seismic Toss|p2a: Toucannon\n|-damage|p2a: Toucannon|0 fnt\n|faint|p2a: Toucannon\n|\n|upkeep\n|\n|t:|1781377838\n|switch|p2a: Donphan|Donphan, L84, F|288/288\n|turn|8\n|\n|t:|1781377848\n|switch|p1a: Tauros|Tauros, L82, M|257/257\n|move|p2a: Donphan|Earthquake|p1a: Tauros\n|-damage|p1a: Tauros|128/257\n|\n|upkeep\n|turn|9\n|\n|t:|1781377858\n|switch|p2a: Cloyster|Cloyster, L80, M|211/211\n|move|p1a: Tauros|Body Slam|p2a: Cloyster\n|-crit|p2a: Cloyster\n|-damage|p2a: Cloyster|77/211\n|\n|upkeep\n|turn|10\n|\n|t:|1781377864\n|move|p1a: Tauros|Body Slam|p2a: Cloyster\n|-damage|p2a: Cloyster|0 fnt\n|faint|p2a: Cloyster\n|\n|upkeep\n|\n|t:|1781377868\n|switch|p2a: Dachsbun|Dachsbun, L92, M|254/254\n|turn|11\n|\n|t:|1781377873\n|move|p1a: Tauros|Body Slam|p2a: Dachsbun\n|-damage|p2a: Dachsbun|144/254\n|move|p2a: Dachsbun|Body Press|p1a: Tauros\n|-supereffective|p1a: Tauros\n|-damage|p1a: Tauros|0 fnt\n|faint|p1a: Tauros\n|\n|-heal|p2a: Dachsbun|159/254|[from] item: Leftovers\n|upkeep\n|\n|t:|1781377878\n|switch|p1a: Masquerain|Masquerain, L87, M|264/264\n|-ability|p1a: Masquerain|Intimidate|boost\n|-unboost|p2a: Dachsbun|atk|1\n|turn|12\n|\n|t:|1781377884\n|switch|p2a: Phione|Phione, L91|293/293\n|move|p1a: Masquerain|Quiver Dance|p1a: Masquerain\n|-boost|p1a: Masquerain|spa|1\n|-boost|p1a: Masquerain|spd|1\n|-boost|p1a: Masquerain|spe|1\n|\n|upkeep\n|turn|13\n|\n|t:|1781377887\n|move|p1a: Masquerain|Quiver Dance|p1a: Masquerain\n|-boost|p1a: Masquerain|spa|1\n|-boost|p1a: Masquerain|spd|1\n|-boost|p1a: Masquerain|spe|1\n|move|p2a: Phione|Take Heart|p2a: Phione\n|-boost|p2a: Phione|spa|1\n|-boost|p2a: Phione|spd|1\n|\n|upkeep\n|turn|14\n|\n|t:|1781377889\n|move|p1a: Masquerain|Hurricane|p2a: Phione\n|-damage|p2a: Phione|115/293\n|move|p2a: Phione|Take Heart|p2a: Phione\n|-boost|p2a: Phione|spa|1\n|-boost|p2a: Phione|spd|1\n|\n|-heal|p2a: Phione|133/293|[from] item: Leftovers\n|upkeep\n|turn|15\n|\n|t:|1781377895\n|move|p1a: Masquerain|Hurricane|p2a: Phione\n|-damage|p2a: Phione|0 fnt\n|faint|p2a: Phione\n|\n|upkeep\n|\n|t:|1781377900\n|switch|p2a: Donphan|Donphan, L84, F|288/288\n|turn|16\n|\n|t:|1781377907\n|move|p1a: Masquerain|Hydro Pump|p2a: Donphan\n|-supereffective|p2a: Donphan\n|-damage|p2a: Donphan|6/288\n|move|p2a: Donphan|Ice Spinner|p1a: Masquerain\n|-supereffective|p1a: Masquerain\n|-damage|p1a: Masquerain|108/264\n|\n|upkeep\n|turn|17\n|\n|t:|1781377911\n|move|p2a: Donphan|Ice Shard|p1a: Masquerain\n|-supereffective|p1a: Masquerain\n|-damage|p1a: Masquerain|20/264\n|move|p1a: Masquerain|Bug Buzz|p2a: Donphan\n|-damage|p2a: Donphan|0 fnt\n|faint|p2a: Donphan\n|\n|upkeep\n|\n|t:|1781377913\n|switch|p2a: Rotom|Rotom-Mow, L87|229/229\n|turn|18\n|\n|t:|1781377922\n|move|p1a: Masquerain|Bug Buzz|p2a: Rotom\n|-supereffective|p2a: Rotom\n|-damage|p2a: Rotom|0 fnt\n|faint|p2a: Rotom\n|\n|upkeep\n|-message|canbetaught2 forfeited.\n|\n|win|Rolfj\n", "uploadtime": 1781377777, "views": 10, "formatid": "gen9randombattle", "rating": null, "private": 0, "password": null}