{"id": "gen9randombattle-2631966754", "format": "[Gen 9] Random Battle", "players": ["SattleBimulator", "Rocksas"], "log": "|j|\u2606SattleBimulator\n|j|\u2606Rocksas\n|t:|1781460821\n|gametype|singles\n|player|p1|SattleBimulator|101|1961\n|player|p2|Rocksas|n|1939\n|gen|9\n|tier|[Gen 9] Random Battle\n|rated|\n|rule|Species Clause: Limit one of each Pok\u00e9mon\n|rule|HP Percentage Mod: HP is shown in percentages\n|rule|Sleep Clause Mod: Limit one foe put to sleep\n|rule|Illusion Level Mod: Illusion disguises the Pok\u00e9mon's true level\n|\n|t:|1781460821\n|teamsize|p1|6\n|teamsize|p2|6\n|start\n|switch|p1a: Dedenne|Dedenne, L88, F|261/261\n|switch|p2a: Zebstrika|Zebstrika, L87, M|272/272\n|turn|1\n|inactive|Battle timer is ON: inactive players will automatically lose when time's up. (requested by SattleBimulator)\n|\n|t:|1781460831\n|move|p2a: Zebstrika|High Horsepower|p1a: Dedenne\n|-supereffective|p1a: Dedenne\n|-damage|p1a: Dedenne|32/261\n|-enditem|p1a: Dedenne|Sitrus Berry|[eat]\n|-heal|p1a: Dedenne|97/261|[from] item: Sitrus Berry\n|-heal|p1a: Dedenne|184/261|[from] ability: Cheek Pouch\n|-damage|p2a: Zebstrika|245/272|[from] item: Life Orb\n|move|p1a: Dedenne|U-turn|p2a: Zebstrika\n|-damage|p2a: Zebstrika|198/272\n|\n|t:|1781460846\n|switch|p1a: Excadrill|Excadrill, L79, M|303/303|[from] U-turn\n|-ability|p1a: Excadrill|Mold Breaker\n|\n|upkeep\n|turn|2\n|\n|t:|1781460853\n|move|p2a: Zebstrika|Overheat|p1a: Excadrill\n|-supereffective|p1a: Excadrill\n|-damage|p1a: Excadrill|126/303\n|-unboost|p2a: Zebstrika|spa|2\n|-damage|p2a: Zebstrika|171/272|[from] item: Life Orb\n|move|p1a: Excadrill|Rapid Spin|p2a: Zebstrika\n|-damage|p2a: Zebstrika|117/272\n|-boost|p1a: Excadrill|spe|1\n|\n|upkeep\n|turn|3\n|\n|t:|1781460857\n|move|p1a: Excadrill|Earthquake|p2a: Zebstrika\n|-supereffective|p2a: Zebstrika\n|-damage|p2a: Zebstrika|0 fnt\n|faint|p2a: Zebstrika\n|\n|upkeep\n|\n|t:|1781460886\n|switch|p2a: Gogoat|Gogoat, L88, M|360/360\n|turn|4\n|\n|t:|1781460889\n|move|p1a: Excadrill|Iron Head|p2a: Gogoat\n|-damage|p2a: Gogoat|239/360\n|move|p2a: Gogoat|Horn Leech|p1a: Excadrill\n|-damage|p1a: Excadrill|0 fnt\n|-heal|p2a: Gogoat|302/360|[from] drain|[of] p1a: Excadrill\n|faint|p1a: Excadrill\n|\n|-heal|p2a: Gogoat|324/360|[from] item: Leftovers\n|upkeep\n|\n|t:|1781460893\n|switch|p1a: Dedenne|Dedenne, L88, F|184/261\n|turn|5\n|\n|t:|1781460895\n|move|p1a: Dedenne|Nuzzle|p2a: Gogoat\n|-resisted|p2a: Gogoat\n|-damage|p2a: Gogoat|313/360\n|-status|p2a: Gogoat|par\n|cant|p2a: Gogoat|par\n|\n|-heal|p2a: Gogoat|335/360 par|[from] item: Leftovers\n|upkeep\n|turn|6\n|\n|t:|1781460901\n|move|p1a: Dedenne|U-turn|p2a: Gogoat\n|-supereffective|p2a: Gogoat\n|-damage|p2a: Gogoat|247/360 par\n|\n|t:|1781460910\n|switch|p1a: Politoed|Politoed, L88, F|302/302|[from] U-turn\n|-weather|RainDance|[from] ability: Drizzle|[of] p1a: Politoed\n|cant|p2a: Gogoat|par\n|\n|-weather|RainDance|[upkeep]\n|-heal|p2a: Gogoat|269/360 par|[from] item: Leftovers\n|upkeep\n|turn|7\n|\n|t:|1781460917\n|move|p1a: Politoed|Ice Beam|p2a: Gogoat\n|-supereffective|p2a: Gogoat\n|-damage|p2a: Gogoat|79/360 par\n|move|p2a: Gogoat|Horn Leech|p1a: Politoed\n|-supereffective|p1a: Politoed\n|-damage|p1a: Politoed|92/302\n|-heal|p2a: Gogoat|184/360 par|[from] drain|[of] p1a: Politoed\n|\n|-weather|RainDance|[upkeep]\n|-heal|p2a: Gogoat|206/360 par|[from] item: Leftovers\n|upkeep\n|turn|8\n|\n|t:|1781460928\n|move|p1a: Politoed|Ice Beam|p2a: Gogoat\n|-supereffective|p2a: Gogoat\n|-damage|p2a: Gogoat|12/360 par\n|move|p2a: Gogoat|Milk Drink|p2a: Gogoat\n|-heal|p2a: Gogoat|192/360 par\n|\n|-weather|RainDance|[upkeep]\n|-heal|p2a: Gogoat|214/360 par|[from] item: Leftovers\n|upkeep\n|turn|9\n|\n|t:|1781460935\n|move|p1a: Politoed|Ice Beam|p2a: Gogoat\n|-supereffective|p2a: Gogoat\n|-damage|p2a: Gogoat|4/360 par\n|move|p2a: Gogoat|Horn Leech|p1a: Politoed\n|-supereffective|p1a: Politoed\n|-damage|p1a: Politoed|0 fnt\n|-heal|p2a: Gogoat|50/360 par|[from] drain|[of] p1a: Politoed\n|faint|p1a: Politoed\n|\n|-weather|RainDance|[upkeep]\n|-heal|p2a: Gogoat|72/360 par|[from] item: Leftovers\n|upkeep\n|\n|t:|1781460944\n|switch|p1a: Primarina|Primarina, L83, F|268/268\n|turn|10\n|\n|t:|1781460949\n|move|p1a: Primarina|Sparkling Aria|p2a: Gogoat\n|-resisted|p2a: Gogoat\n|-damage|p2a: Gogoat|0 fnt\n|faint|p2a: Gogoat\n|\n|-weather|none\n|upkeep\n|\n|t:|1781460955\n|switch|p2a: Luxray|Luxray, L88, M|283/283\n|turn|11\n|\n|t:|1781460959\n|switch|p1a: Raichu|Raichu, L88, F|249/249\n|move|p2a: Luxray|Trailblaze|p1a: Raichu\n|-damage|p1a: Raichu|193/249\n|-boost|p2a: Luxray|spe|1\n|\n|-status|p2a: Luxray|brn|[from] item: Flame Orb\n|upkeep\n|turn|12\n|\n|t:|1781460966\n|switch|p1a: Primarina|Primarina, L83, F|268/268\n|-terastallize|p2a: Luxray|Normal\n|move|p2a: Luxray|Facade|p1a: Primarina\n|-damage|p1a: Primarina|0 fnt\n|faint|p1a: Primarina\n|\n|-damage|p2a: Luxray|266/283 brn|[from] brn\n|upkeep\n|\n|t:|1781460977\n|switch|p1a: Raichu|Raichu, L88, F|193/249\n|turn|13\n|\n|t:|1781460982\n|-terastallize|p1a: Raichu|Water\n|move|p2a: Luxray|Facade|p1a: Raichu\n|-damage|p1a: Raichu|0 fnt\n|faint|p1a: Raichu\n|\n|-damage|p2a: Luxray|249/283 brn|[from] brn\n|upkeep\n|-message|SattleBimulator forfeited.\n|\n|win|Rocksas\n", "uploadtime": 1781460822, "views": 3, "formatid": "gen9randombattle", "rating": null, "private": 0, "password": null}