{"id": "gen9randombattle-2631838342", "format": "[Gen 9] Random Battle", "players": ["goooze", "katsuge5"], "log": "|j|\u2606goooze\n|j|\u2606katsuge5\n|t:|1781446550\n|gametype|singles\n|player|p1|goooze|sage|2236\n|player|p2|katsuge5|101|2259\n|gen|9\n|tier|[Gen 9] Random Battle\n|rated|\n|rule|Species Clause: Limit one of each Pok\u00e9mon\n|rule|HP Percentage Mod: HP is shown in percentages\n|rule|Sleep Clause Mod: Limit one foe put to sleep\n|rule|Illusion Level Mod: Illusion disguises the Pok\u00e9mon's true level\n|\n|t:|1781446550\n|teamsize|p1|6\n|teamsize|p2|6\n|start\n|switch|p1a: Gardevoir|Gardevoir, L83, M|249/249\n|switch|p2a: Gholdengo|Gholdengo, L77|261/261\n|-ability|p1a: Gardevoir|Good as Gold|Trace|[from] ability: Trace|[of] p2a: Gholdengo\n|turn|1\n|inactive|Battle timer is ON: inactive players will automatically lose when time's up. (requested by goooze)\n|\n|t:|1781446568\n|move|p1a: Gardevoir|Mystical Fire|p2a: Gholdengo\n|-supereffective|p2a: Gholdengo\n|-damage|p2a: Gholdengo|47/261\n|-unboost|p2a: Gholdengo|spa|1\n|move|p2a: Gholdengo|Thunder Wave|p1a: Gardevoir\n|-immune|p1a: Gardevoir|[from] ability: Good as Gold\n|\n|-heal|p2a: Gholdengo|63/261|[from] item: Leftovers\n|upkeep\n|turn|2\n|c|\u2606katsuge5|oh right\n|c|\u2606katsuge5|oops\n|inactive|katsuge5 has 120 seconds left.\n|\n|t:|1781446616\n|switch|p2a: Conkeldurr|Conkeldurr, L80, M|299/299\n|move|p1a: Gardevoir|Mystical Fire|p2a: Conkeldurr\n|-damage|p2a: Conkeldurr|185/299\n|-unboost|p2a: Conkeldurr|spa|1\n|\n|-status|p2a: Conkeldurr|brn|[from] item: Flame Orb\n|upkeep\n|turn|3\n|inactive|goooze has 120 seconds left.\n|\n|t:|1781446660\n|switch|p1a: Armarouge|Armarouge, L80, F|267/267\n|move|p2a: Conkeldurr|Facade|p1a: Armarouge\n|-damage|p1a: Armarouge|94/267\n|-ability|p1a: Armarouge|Weak Armor|boost\n|-unboost|p1a: Armarouge|def|1\n|-boost|p1a: Armarouge|spe|2\n|\n|-damage|p2a: Conkeldurr|167/299 brn|[from] brn\n|upkeep\n|turn|4\n|inactive|katsuge5 has 90 seconds left.\n|inactive|katsuge5 has 60 seconds left.\n|inactive|katsuge5 has 30 seconds left.\n|inactive|katsuge5 has 20 seconds left.\n|\n|t:|1781446760\n|move|p2a: Conkeldurr|Mach Punch|p1a: Armarouge\n|-resisted|p1a: Armarouge\n|-damage|p1a: Armarouge|37/267\n|-ability|p1a: Armarouge|Weak Armor|boost\n|-unboost|p1a: Armarouge|def|1\n|-boost|p1a: Armarouge|spe|2\n|move|p1a: Armarouge|Psyshock|p2a: Conkeldurr\n|-supereffective|p2a: Conkeldurr\n|-damage|p2a: Conkeldurr|0 fnt\n|faint|p2a: Conkeldurr\n|\n|upkeep\n|inactive|katsuge5 has 25 seconds left this turn.\n|inactive|katsuge5 has 20 seconds left.\n|\n|t:|1781446768\n|switch|p2a: Bombirdier|Bombirdier, L85, F|258/258\n|turn|5\n|inactive|katsuge5 has 30 seconds left this turn.\n|inactive|goooze has 120 seconds left.\n|inactive|katsuge5 has 20 seconds left.\n|inactive|katsuge5 has 15 seconds left.\n|\n|t:|1781446786\n|switch|p1a: Regirock|Regirock, L83|268/268\n|move|p2a: Bombirdier|Knock Off|p1a: Regirock\n|-damage|p1a: Regirock|189/268\n|-enditem|p1a: Regirock|Leftovers|[from] move: Knock Off|[of] p2a: Bombirdier\n|\n|upkeep\n|turn|6\n|inactive|katsuge5 has 25 seconds left this turn.\n|inactive|katsuge5 has 20 seconds left.\n|inactive|goooze has 120 seconds left.\n|inactive|katsuge5 has 15 seconds left.\n|inactive|katsuge5 has 10 seconds left.\n|inactive|katsuge5 has 5 seconds left.\n|\n|t:|1781446810\n|switch|p2a: Gholdengo|Gholdengo, L77|63/261\n|move|p1a: Regirock|Thunder Wave|p2a: Gholdengo\n|-immune|p2a: Gholdengo|[from] ability: Good as Gold\n|\n|-heal|p2a: Gholdengo|79/261|[from] item: Leftovers\n|upkeep\n|turn|7\n|inactive|katsuge5 has 15 seconds left this turn.\n|\n|t:|1781446836\n|switch|p1a: Armarouge|Armarouge, L80, F|37/267\n|move|p2a: Gholdengo|Recover|p2a: Gholdengo\n|-heal|p2a: Gholdengo|210/261\n|\n|-heal|p2a: Gholdengo|226/261|[from] item: Leftovers\n|upkeep\n|turn|8\n|inactive|katsuge5 has 25 seconds left this turn.\n|inactive|katsuge5 has 20 seconds left.\n|inactive|katsuge5 has 15 seconds left.\n|\n|t:|1781446848\n|move|p2a: Gholdengo|Shadow Ball|p1a: Armarouge\n|-supereffective|p1a: Armarouge\n|-damage|p1a: Armarouge|0 fnt\n|faint|p1a: Armarouge\n|\n|-heal|p2a: Gholdengo|242/261|[from] item: Leftovers\n|upkeep\n|\n|t:|1781446857\n|switch|p1a: Gardevoir|Gardevoir, L83, M|249/249\n|-ability|p1a: Gardevoir|Good as Gold|Trace|[from] ability: Trace|[of] p2a: Gholdengo\n|turn|9\n|inactive|katsuge5 has 30 seconds left this turn.\n|inactive|katsuge5 has 20 seconds left.\n|inactive|katsuge5 has 15 seconds left.\n|inactive|katsuge5 has 10 seconds left.\n|\n|t:|1781446877\n|switch|p2a: Cinderace|Cinderace, L77, F|249/249\n|-terastallize|p1a: Gardevoir|Fire\n|move|p1a: Gardevoir|Mystical Fire|p2a: Cinderace\n|-resisted|p2a: Cinderace\n|-damage|p2a: Cinderace|159/249\n|-unboost|p2a: Cinderace|spa|1\n|\n|upkeep\n|turn|10\n|inactive|katsuge5 has 20 seconds left this turn.\n|inactive|katsuge5 has 15 seconds left.\n|inactive|katsuge5 has 10 seconds left.\n|\n|t:|1781446899\n|switch|p1a: Golduck|Golduck, L90, F|290/290\n|-ability|p1a: Golduck|Cloud Nine\n|move|p2a: Cinderace|U-turn|p1a: Golduck\n|-start|p2a: Cinderace|typechange|Bug|[from] ability: Libero\n|-damage|p1a: Golduck|223/290\n|inactive|katsuge5 has 15 seconds left this turn.\n|inactive|katsuge5 has 10 seconds left.\n|inactive|katsuge5 has 5 seconds left.\n|\n|t:|1781446912\n|switch|p2a: Metagross|Metagross, L79|256/256|[from] U-turn\n|\n|-heal|p1a: Golduck|241/290|[from] item: Leftovers\n|upkeep\n|turn|11\n|inactive|katsuge5 has 15 seconds left this turn.\n|\n|t:|1781446923\n|move|p1a: Golduck|Nasty Plot|p1a: Golduck\n|-boost|p1a: Golduck|spa|2\n|move|p2a: Metagross|Stealth Rock|p1a: Golduck\n|-sidestart|p1: goooze|move: Stealth Rock\n|\n|-heal|p1a: Golduck|259/290|[from] item: Leftovers\n|upkeep\n|turn|12\n|inactive|katsuge5 has 25 seconds left this turn.\n|inactive|katsuge5 has 20 seconds left.\n|inactive|katsuge5 has 15 seconds left.\n|\n|t:|1781446934\n|-terastallize|p2a: Metagross|Water\n|move|p1a: Golduck|Hydro Pump|p2a: Metagross|[miss]\n|-miss|p1a: Golduck|p2a: Metagross\n|move|p2a: Metagross|Psychic Fangs|p1a: Golduck\n|-damage|p1a: Golduck|148/290\n|\n|-heal|p1a: Golduck|166/290|[from] item: Leftovers\n|upkeep\n|turn|13\n|inactive|katsuge5 has 25 seconds left this turn.\n|inactive|goooze has 120 seconds left.\n|inactive|katsuge5 has 20 seconds left.\n|inactive|katsuge5 has 15 seconds left.\n|inactive|katsuge5 has 10 seconds left.\n|\n|t:|1781446952\n|move|p1a: Golduck|Grass Knot|p2a: Metagross\n|-supereffective|p2a: Metagross\n|-damage|p2a: Metagross|0 fnt\n|faint|p2a: Metagross\n|\n|-heal|p1a: Golduck|184/290|[from] item: Leftovers\n|upkeep\n|inactive|katsuge5 has 15 seconds left this turn.\n|inactive|katsuge5 has 10 seconds left.\n|inactive|katsuge5 has 5 seconds left.\n|\n|t:|1781446966\n|switch|p2a: Bombirdier|Bombirdier, L85, F|258/258\n|turn|14\n|inactive|katsuge5 has 15 seconds left this turn.\n|\n|t:|1781446973\n|switch|p1a: Regirock|Regirock, L83|189/268\n|-damage|p1a: Regirock|156/268|[from] Stealth Rock\n|move|p2a: Bombirdier|Sucker Punch||[still]\n|-fail|p2a: Bombirdier\n|\n|upkeep\n|turn|15\n|inactive|katsuge5 has 25 seconds left this turn.\n|\n|t:|1781446979\n|switch|p2a: Gholdengo|Gholdengo, L77|242/261\n|switch|p1a: Gardevoir|Gardevoir, L83, M, tera:Fire|249/249\n|-damage|p1a: Gardevoir|187/249|[from] Stealth Rock\n|-ability|p1a: Gardevoir|Good as Gold|Trace|[from] ability: Trace|[of] p2a: Gholdengo\n|\n|-heal|p2a: Gholdengo|258/261|[from] item: Leftovers\n|upkeep\n|turn|16\n|inactive|katsuge5 has 30 seconds left.\n|\n|t:|1781446990\n|switch|p2a: Cinderace|Cinderace, L77, F|159/249\n|move|p1a: Gardevoir|Mystical Fire|p2a: Cinderace\n|-resisted|p2a: Cinderace\n|-damage|p2a: Cinderace|69/249\n|-unboost|p2a: Cinderace|spa|1\n|\n|upkeep\n|turn|17\n|inactive|goooze has 120 seconds left.\n|\n|t:|1781447032\n|switch|p1a: Golduck|Golduck, L90, F|184/290\n|-damage|p1a: Golduck|148/290|[from] Stealth Rock\n|-ability|p1a: Golduck|Cloud Nine\n|move|p2a: Cinderace|U-turn|p1a: Golduck\n|-start|p2a: Cinderace|typechange|Bug|[from] ability: Libero\n|-damage|p1a: Golduck|76/290\n|inactive|katsuge5 has 30 seconds left.\n|inactive|katsuge5 has 20 seconds left.\n|\n|t:|1781447057\n|switch|p2a: Gholdengo|Gholdengo, L77|258/261|[from] U-turn\n|\n|-heal|p1a: Golduck|94/290|[from] item: Leftovers\n|-heal|p2a: Gholdengo|261/261|[from] item: Leftovers\n|upkeep\n|turn|18\n|inactive|katsuge5 has 30 seconds left this turn.\n|inactive|goooze has 120 seconds left.\n|\n|t:|1781447066\n|move|p1a: Golduck|Hydro Pump|p2a: Gholdengo\n|-damage|p2a: Gholdengo|113/261\n|move|p2a: Gholdengo|Thunder Wave|p1a: Golduck\n|-status|p1a: Golduck|par\n|\n|-heal|p2a: Gholdengo|129/261|[from] item: Leftovers\n|-heal|p1a: Golduck|112/290 par|[from] item: Leftovers\n|upkeep\n|turn|19\n|inactive|katsuge5 has 30 seconds left.\n|inactive|katsuge5 has 20 seconds left.\n|\n|t:|1781447083\n|move|p2a: Gholdengo|Recover|p2a: Gholdengo\n|-heal|p2a: Gholdengo|260/261\n|move|p1a: Golduck|Hydro Pump|p2a: Gholdengo\n|-damage|p2a: Gholdengo|124/261\n|\n|-heal|p2a: Gholdengo|140/261|[from] item: Leftovers\n|-heal|p1a: Golduck|130/290 par|[from] item: Leftovers\n|upkeep\n|turn|20\n|inactive|katsuge5 has 30 seconds left this turn.\n|\n|t:|1781447096\n|move|p2a: Gholdengo|Recover|p2a: Gholdengo\n|-heal|p2a: Gholdengo|261/261\n|cant|p1a: Golduck|par\n|\n|-heal|p1a: Golduck|148/290 par|[from] item: Leftovers\n|upkeep\n|turn|21\n|\n|t:|1781447103\n|move|p2a: Gholdengo|Shadow Ball|p1a: Golduck\n|-damage|p1a: Golduck|61/290 par\n|cant|p1a: Golduck|par\n|\n|-heal|p1a: Golduck|79/290 par|[from] item: Leftovers\n|upkeep\n|turn|22\n|\n|t:|1781447110\n|move|p2a: Gholdengo|Shadow Ball|p1a: Golduck\n|-damage|p1a: Golduck|0 fnt\n|faint|p1a: Golduck\n|\n|upkeep\n|\n|t:|1781447126\n|switch|p1a: Gardevoir|Gardevoir, L83, M, tera:Fire|187/249\n|-damage|p1a: Gardevoir|125/249|[from] Stealth Rock\n|-ability|p1a: Gardevoir|Good as Gold|Trace|[from] ability: Trace|[of] p2a: Gholdengo\n|turn|23\n|inactive|katsuge5 has 60 seconds left.\n|\n|t:|1781447134\n|switch|p2a: Bombirdier|Bombirdier, L85, F|258/258\n|move|p1a: Gardevoir|Mystical Fire|p2a: Bombirdier\n|-damage|p2a: Bombirdier|114/258\n|-unboost|p2a: Bombirdier|spa|1\n|\n|upkeep\n|turn|24\n|inactive|katsuge5 has 60 seconds left.\n|\n|t:|1781447147\n|switch|p1a: Regirock|Regirock, L83|156/268\n|-damage|p1a: Regirock|123/268|[from] Stealth Rock\n|move|p2a: Bombirdier|Knock Off|p1a: Regirock\n|-damage|p1a: Regirock|66/268\n|\n|upkeep\n|turn|25\n|\n|t:|1781447158\n|switch|p2a: Gholdengo|Gholdengo, L77|261/261\n|move|p1a: Regirock|Thunder Wave|p2a: Gholdengo\n|-immune|p2a: Gholdengo|[from] ability: Good as Gold\n|\n|upkeep\n|turn|26\n|\n|t:|1781447170\n|move|p2a: Gholdengo|Shadow Ball|p1a: Regirock\n|-damage|p1a: Regirock|0 fnt\n|faint|p1a: Regirock\n|\n|upkeep\n|\n|t:|1781447174\n|switch|p1a: Gardevoir|Gardevoir, L83, M, tera:Fire|125/249\n|-damage|p1a: Gardevoir|63/249|[from] Stealth Rock\n|-ability|p1a: Gardevoir|Good as Gold|Trace|[from] ability: Trace|[of] p2a: Gholdengo\n|turn|27\n|\n|t:|1781447185\n|switch|p2a: Kingdra|Kingdra, L84, F|263/263\n|move|p1a: Gardevoir|Mystical Fire|p2a: Kingdra\n|-resisted|p2a: Kingdra\n|-damage|p2a: Kingdra|228/263\n|-unboost|p2a: Kingdra|spa|1\n|\n|upkeep\n|turn|28\n|\n|t:|1781447196\n|switch|p1a: Zacian|Zacian, L69|241/241\n|-damage|p1a: Zacian|211/241|[from] Stealth Rock\n|-ability|p1a: Zacian|Intrepid Sword|boost\n|-boost|p1a: Zacian|atk|1\n|move|p2a: Kingdra|Dragon Dance|p2a: Kingdra\n|-boost|p2a: Kingdra|atk|1\n|-boost|p2a: Kingdra|spe|1\n|\n|upkeep\n|turn|29\n|inactive|katsuge5 has 90 seconds left.\n|\n|t:|1781447230\n|move|p2a: Kingdra|Wave Crash|p1a: Zacian\n|-damage|p1a: Zacian|12/241\n|-damage|p2a: Kingdra|162/263|[from] Recoil\n|move|p1a: Zacian|Close Combat|p2a: Kingdra\n|-damage|p2a: Kingdra|45/263\n|-unboost|p1a: Zacian|def|1\n|-unboost|p1a: Zacian|spd|1\n|-damage|p1a: Zacian|0 fnt|[from] item: Life Orb\n|faint|p1a: Zacian\n|\n|upkeep\n|\n|t:|1781447236\n|switch|p1a: Gardevoir|Gardevoir, L83, M, tera:Fire|63/249\n|-damage|p1a: Gardevoir|1/249|[from] Stealth Rock\n|-ability|p1a: Gardevoir|Sniper|Trace|[from] ability: Trace|[of] p2a: Kingdra\n|turn|30\n|\n|t:|1781447239\n|move|p2a: Kingdra|Waterfall|p1a: Gardevoir\n|-supereffective|p1a: Gardevoir\n|-damage|p1a: Gardevoir|0 fnt\n|faint|p1a: Gardevoir\n|\n|upkeep\n|-message|goooze forfeited.\n|\n|win|katsuge5\n", "uploadtime": 1781446552, "views": 4, "formatid": "gen9randombattle", "rating": null, "private": 0, "password": null}