{"id": "gen9randombattle-2631920960", "format": "[Gen 9] Random Battle", "players": ["ZannaBianca99", "noKlew"], "log": "|j|\u2606ZannaBianca99\n|j|\u2606noKlew\n|t:|1781455803\n|gametype|singles\n|player|p1|ZannaBianca99|102|1979\n|player|p2|noKlew|265|2127\n|gen|9\n|tier|[Gen 9] Random Battle\n|rated|\n|rule|Species Clause: Limit one of each Pok\u00e9mon\n|rule|HP Percentage Mod: HP is shown in percentages\n|rule|Sleep Clause Mod: Limit one foe put to sleep\n|rule|Illusion Level Mod: Illusion disguises the Pok\u00e9mon's true level\n|\n|t:|1781455803\n|teamsize|p1|6\n|teamsize|p2|6\n|start\n|switch|p1a: Iron Valiant|Iron Valiant, L78|244/244\n|switch|p2a: Sableye|Sableye, L88, M|231/231\n|turn|1\n|inactive|Battle timer is ON: inactive players will automatically lose when time's up. (requested by noKlew)\n|\n|t:|1781455822\n|switch|p2a: Scizor|Scizor, L79, F|240/240\n|move|p1a: Iron Valiant|Moonblast|p2a: Scizor\n|-resisted|p2a: Scizor\n|-damage|p2a: Scizor|163/240\n|-unboost|p2a: Scizor|spa|1\n|-damage|p1a: Iron Valiant|220/244|[from] item: Life Orb\n|\n|-heal|p2a: Scizor|178/240|[from] item: Leftovers\n|upkeep\n|turn|2\n|inactive|ZannaBianca99 has 120 seconds left.\n|\n|t:|1781455853\n|-end|p1a: Iron Valiant|Quark Drive|[silent]\n|switch|p1a: Blaziken|Blaziken, L76, F|247/247\n|move|p2a: Scizor|Bullet Punch|p1a: Blaziken\n|-resisted|p1a: Blaziken\n|-damage|p1a: Blaziken|202/247\n|\n|-heal|p2a: Scizor|193/240|[from] item: Leftovers\n|upkeep\n|turn|3\n|\n|t:|1781455865\n|switch|p2a: Sableye|Sableye, L88, M|231/231\n|move|p1a: Blaziken|Swords Dance|p1a: Blaziken\n|-boost|p1a: Blaziken|atk|2\n|\n|-ability|p1a: Blaziken|Speed Boost|boost\n|-boost|p1a: Blaziken|spe|1\n|upkeep\n|turn|4\n|\n|t:|1781455870\n|-terastallize|p1a: Blaziken|Dark\n|move|p2a: Sableye|Encore|p1a: Blaziken\n|-hint|Since gen 7, Dark is immune to Prankster moves.\n|-immune|p1a: Blaziken\n|move|p1a: Blaziken|Knock Off|p2a: Sableye\n|-damage|p2a: Sableye|0 fnt\n|-enditem|p2a: Sableye|Leftovers|[from] move: Knock Off|[of] p1a: Blaziken\n|faint|p2a: Sableye\n|-damage|p1a: Blaziken|178/247|[from] item: Life Orb\n|\n|-ability|p1a: Blaziken|Speed Boost|boost\n|-boost|p1a: Blaziken|spe|1\n|upkeep\n|inactive|noKlew has 120 seconds left.\n|\n|t:|1781455909\n|switch|p2a: Greedent|Greedent, L86, F|347/347\n|turn|5\n|inactive|noKlew has 120 seconds left.\n|\n|t:|1781455922\n|move|p1a: Blaziken|Knock Off|p2a: Greedent\n|-crit|p2a: Greedent\n|-damage|p2a: Greedent|0 fnt\n|-enditem|p2a: Greedent|Sitrus Berry|[from] move: Knock Off|[of] p1a: Blaziken\n|faint|p2a: Greedent\n|-damage|p1a: Blaziken|154/247|[from] item: Life Orb\n|\n|-ability|p1a: Blaziken|Speed Boost|boost\n|-boost|p1a: Blaziken|spe|1\n|upkeep\n|inactive|noKlew has 120 seconds left.\n|inactive|noKlew has 90 seconds left.\n|\n|t:|1781455961\n|switch|p2a: Malamar|Malamar, L82, M|275/275\n|turn|6\n|\n|t:|1781455969\n|move|p1a: Blaziken|Close Combat|p2a: Malamar\n|-damage|p2a: Malamar|0 fnt\n|-unboost|p1a: Blaziken|def|1\n|-unboost|p1a: Blaziken|spd|1\n|faint|p2a: Malamar\n|-damage|p1a: Blaziken|130/247|[from] item: Life Orb\n|\n|-ability|p1a: Blaziken|Speed Boost|boost\n|-boost|p1a: Blaziken|spe|1\n|upkeep\n|\n|t:|1781455975\n|switch|p2a: Scizor|Scizor, L79, F|193/240\n|turn|7\n|\n|t:|1781455981\n|switch|p1a: Braviary|Braviary, L85, M|309/309\n|move|p2a: Scizor|Bullet Punch|p1a: Braviary\n|-damage|p1a: Braviary|227/309\n|\n|-heal|p2a: Scizor|208/240|[from] item: Leftovers\n|upkeep\n|turn|8\n|\n|t:|1781455988\n|switch|p2a: Kleavor|Kleavor, L78, F|237/237\n|move|p1a: Braviary|Bulk Up|p1a: Braviary\n|-boost|p1a: Braviary|atk|1\n|-boost|p1a: Braviary|def|1\n|\n|upkeep\n|turn|9\n|\n|t:|1781455992\n|switch|p1a: Iron Crown|Iron Crown, L78|268/268\n|move|p2a: Kleavor|Stone Axe|p1a: Iron Crown\n|-resisted|p1a: Iron Crown\n|-damage|p1a: Iron Crown|183/268\n|-sidestart|p1: ZannaBianca99|move: Stealth Rock\n|\n|-heal|p1a: Iron Crown|199/268|[from] item: Leftovers\n|upkeep\n|turn|10\n|\n|t:|1781456003\n|switch|p2a: Scizor|Scizor, L79, F|208/240\n|move|p1a: Iron Crown|Calm Mind|p1a: Iron Crown\n|-boost|p1a: Iron Crown|spa|1\n|-boost|p1a: Iron Crown|spd|1\n|\n|-heal|p1a: Iron Crown|215/268|[from] item: Leftovers\n|-heal|p2a: Scizor|223/240|[from] item: Leftovers\n|upkeep\n|turn|11\n|\n|t:|1781456008\n|move|p1a: Iron Crown|Focus Blast|p2a: Scizor\n|-damage|p2a: Scizor|63/240\n|move|p2a: Scizor|Knock Off|p1a: Iron Crown\n|-supereffective|p1a: Iron Crown\n|-damage|p1a: Iron Crown|73/268\n|-enditem|p1a: Iron Crown|Leftovers|[from] move: Knock Off|[of] p2a: Scizor\n|\n|-heal|p2a: Scizor|78/240|[from] item: Leftovers\n|upkeep\n|turn|12\n|inactive|noKlew has 120 seconds left.\n|\n|t:|1781456029\n|move|p1a: Iron Crown|Tachyon Cutter|p2a: Scizor\n|-resisted|p2a: Scizor\n|-damage|p2a: Scizor|29/240\n|-resisted|p2a: Scizor\n|-damage|p2a: Scizor|0 fnt\n|faint|p2a: Scizor\n|-hitcount|p2: Scizor|2\n|\n|upkeep\n|inactive|noKlew has 120 seconds left.\n|\n|t:|1781456038\n|switch|p2a: Bellossom|Bellossom, L84, F|263/263\n|turn|13\n|\n|t:|1781456050\n|move|p1a: Iron Crown|Psyshock|p2a: Bellossom\n|-damage|p2a: Bellossom|148/263\n|move|p2a: Bellossom|Quiver Dance|p2a: Bellossom\n|-boost|p2a: Bellossom|spa|1\n|-boost|p2a: Bellossom|spd|1\n|-boost|p2a: Bellossom|spe|1\n|\n|-heal|p2a: Bellossom|164/263|[from] item: Leftovers\n|upkeep\n|turn|14\n|inactive|noKlew has 120 seconds left.\n|\n|t:|1781456073\n|move|p2a: Bellossom|Quiver Dance|p2a: Bellossom\n|-boost|p2a: Bellossom|spa|1\n|-boost|p2a: Bellossom|spd|1\n|-boost|p2a: Bellossom|spe|1\n|move|p1a: Iron Crown|Calm Mind|p1a: Iron Crown\n|-boost|p1a: Iron Crown|spa|1\n|-boost|p1a: Iron Crown|spd|1\n|\n|-heal|p2a: Bellossom|180/263|[from] item: Leftovers\n|upkeep\n|turn|15\n|inactive|noKlew has 120 seconds left.\n|\n|t:|1781456080\n|move|p2a: Bellossom|Giga Drain|p1a: Iron Crown\n|-resisted|p1a: Iron Crown\n|-damage|p1a: Iron Crown|38/268\n|-heal|p2a: Bellossom|198/263|[from] drain|[of] p1a: Iron Crown\n|move|p1a: Iron Crown|Psyshock|p2a: Bellossom\n|-damage|p2a: Bellossom|20/263\n|\n|-heal|p2a: Bellossom|36/263|[from] item: Leftovers\n|upkeep\n|turn|16\n|\n|t:|1781456088\n|move|p2a: Bellossom|Giga Drain|p1a: Iron Crown\n|-resisted|p1a: Iron Crown\n|-damage|p1a: Iron Crown|2/268\n|-heal|p2a: Bellossom|54/263|[from] drain|[of] p1a: Iron Crown\n|move|p1a: Iron Crown|Psyshock|p2a: Bellossom\n|-damage|p2a: Bellossom|0 fnt\n|faint|p2a: Bellossom\n|\n|upkeep\n|\n|t:|1781456094\n|switch|p2a: Kleavor|Kleavor, L78, F|237/237\n|turn|17\n|\n|t:|1781456103\n|-terastallize|p2a: Kleavor|Fighting\n|move|p1a: Iron Crown|Tachyon Cutter|p2a: Kleavor\n|-damage|p2a: Kleavor|89/237\n|-damage|p2a: Kleavor|0 fnt\n|faint|p2a: Kleavor\n|-hitcount|p2: Kleavor|2\n|\n|win|ZannaBianca99\n", "uploadtime": 1781455805, "views": 4, "formatid": "gen9randombattle", "rating": null, "private": 0, "password": null}