{"id": "gen9randombattle-2631712061", "format": "[Gen 9] Random Battle", "players": ["KoffeeArchive", "HIDDENj"], "log": "|j|\u2606KoffeeArchive\n|j|\u2606HIDDENj\n|t:|1781426665\n|gametype|singles\n|player|p1|KoffeeArchive|clair|2049\n|player|p2|HIDDENj|170|2034\n|gen|9\n|tier|[Gen 9] Random Battle\n|rated|\n|rule|Species Clause: Limit one of each Pok\u00e9mon\n|rule|HP Percentage Mod: HP is shown in percentages\n|rule|Sleep Clause Mod: Limit one foe put to sleep\n|rule|Illusion Level Mod: Illusion disguises the Pok\u00e9mon's true level\n|\n|t:|1781426665\n|teamsize|p1|6\n|teamsize|p2|6\n|start\n|switch|p1a: Suicune|Suicune, L82|298/298\n|switch|p2a: Poliwrath|Poliwrath, L88, M|302/302\n|-ability|p1a: Suicune|Pressure\n|turn|1\n|inactive|Battle timer is ON: inactive players will automatically lose when time's up. (requested by KoffeeArchive)\n|inactive|HIDDENj has 120 seconds left.\n|\n|t:|1781426722\n|switch|p1a: Araquanid|Araquanid, L82, F|246/246\n|switch|p2a: Luxray|Luxray, L88, M|283/283\n|\n|-status|p2a: Luxray|brn|[from] item: Flame Orb\n|upkeep\n|turn|2\n|\n|t:|1781426732\n|move|p2a: Luxray|Supercell Slam|p1a: Araquanid\n|-supereffective|p1a: Araquanid\n|-damage|p1a: Araquanid|0 fnt\n|faint|p1a: Araquanid\n|\n|-damage|p2a: Luxray|266/283 brn|[from] brn\n|upkeep\n|\n|t:|1781426737\n|switch|p1a: Sandy Shocks|Sandy Shocks, L80|267/267\n|turn|3\n|\n|t:|1781426755\n|-terastallize|p2a: Luxray|Normal\n|move|p1a: Sandy Shocks|Stealth Rock|p2a: Luxray\n|-sidestart|p2: HIDDENj|move: Stealth Rock\n|move|p2a: Luxray|Trailblaze|p1a: Sandy Shocks\n|-supereffective|p1a: Sandy Shocks\n|-damage|p1a: Sandy Shocks|133/267\n|-boost|p2a: Luxray|spe|1\n|\n|-heal|p1a: Sandy Shocks|149/267|[from] item: Leftovers\n|-damage|p2a: Luxray|249/283 brn|[from] brn\n|upkeep\n|turn|4\n|\n|t:|1781426760\n|-end|p1a: Sandy Shocks|Protosynthesis|[silent]\n|switch|p1a: Dusknoir|Dusknoir, L89, M|225/225\n|-item|p2a: Luxray|Flame Orb|[from] ability: Frisk|[of] p1a: Dusknoir\n|move|p2a: Luxray|Facade|p1a: Dusknoir\n|-immune|p1a: Dusknoir\n|\n|-damage|p2a: Luxray|232/283 brn|[from] brn\n|upkeep\n|turn|5\n|\n|t:|1781426765\n|move|p2a: Luxray|Throat Chop|p1a: Dusknoir\n|-supereffective|p1a: Dusknoir\n|-damage|p1a: Dusknoir|63/225\n|-start|p1a: Dusknoir|Throat Chop|[silent]\n|move|p1a: Dusknoir|Pain Split|p2a: Luxray\n|-sethp|p2a: Luxray|147/283 brn|[from] move: Pain Split|[silent]\n|-sethp|p1a: Dusknoir|147/225|[from] move: Pain Split\n|\n|-damage|p2a: Luxray|130/283 brn|[from] brn\n|upkeep\n|turn|6\n|\n|t:|1781426770\n|move|p2a: Luxray|Throat Chop|p1a: Dusknoir\n|-supereffective|p1a: Dusknoir\n|-crit|p1a: Dusknoir\n|-damage|p1a: Dusknoir|0 fnt\n|faint|p1a: Dusknoir\n|\n|-damage|p2a: Luxray|113/283 brn|[from] brn\n|upkeep\n|\n|t:|1781426777\n|switch|p1a: Zamazenta|Zamazenta-Crowned, L68|238/238\n|-ability|p1a: Zamazenta|Dauntless Shield|boost\n|-boost|p1a: Zamazenta|def|1\n|turn|7\n|\n|t:|1781426782\n|move|p2a: Luxray|Facade|p1a: Zamazenta\n|-resisted|p1a: Zamazenta\n|-damage|p1a: Zamazenta|162/238\n|move|p1a: Zamazenta|Iron Defense|p1a: Zamazenta\n|-boost|p1a: Zamazenta|def|2\n|\n|-damage|p2a: Luxray|96/283 brn|[from] brn\n|upkeep\n|turn|8\n|\n|t:|1781426791\n|-terastallize|p1a: Zamazenta|Ghost\n|move|p2a: Luxray|Supercell Slam|p1a: Zamazenta\n|-damage|p1a: Zamazenta|90/238\n|move|p1a: Zamazenta|Iron Defense|p1a: Zamazenta\n|-boost|p1a: Zamazenta|def|2\n|\n|-damage|p2a: Luxray|79/283 brn|[from] brn\n|upkeep\n|turn|9\n|\n|t:|1781426796\n|move|p2a: Luxray|Supercell Slam|p1a: Zamazenta\n|-damage|p1a: Zamazenta|35/238\n|move|p1a: Zamazenta|Body Press|p2a: Luxray\n|-supereffective|p2a: Luxray\n|-damage|p2a: Luxray|0 fnt\n|faint|p2a: Luxray\n|\n|upkeep\n|\n|t:|1781426803\n|switch|p2a: Gothitelle|Gothitelle, L90, F|272/272\n|-damage|p2a: Gothitelle|238/272|[from] Stealth Rock\n|turn|10\n|\n|t:|1781426808\n|move|p2a: Gothitelle|Psychic|p1a: Zamazenta\n|-damage|p1a: Zamazenta|0 fnt\n|faint|p1a: Zamazenta\n|\n|upkeep\n|-message|KoffeeArchive forfeited.\n|\n|win|HIDDENj\n", "uploadtime": 1781426666, "views": 3, "formatid": "gen9randombattle", "rating": null, "private": 0, "password": null}