{"id": "gen9randombattle-2631984265", "format": "[Gen 9] Random Battle", "players": ["lkj47", "nanofan_lad"], "log": "|j|\u2606lkj47\n|j|\u2606nanofan_lad\n|t:|1781462751\n|gametype|singles\n|player|p1|lkj47|hilbert|1943\n|player|p2|nanofan_lad|1|1970\n|gen|9\n|tier|[Gen 9] Random Battle\n|rated|\n|rule|Species Clause: Limit one of each Pok\u00e9mon\n|rule|HP Percentage Mod: HP is shown in percentages\n|rule|Sleep Clause Mod: Limit one foe put to sleep\n|rule|Illusion Level Mod: Illusion disguises the Pok\u00e9mon's true level\n|\n|t:|1781462751\n|teamsize|p1|6\n|teamsize|p2|6\n|start\n|switch|p1a: Masquerain|Masquerain, L87, F|264/264\n|switch|p2a: Chi-Yu|Chi-Yu, L77|211/211\n|-ability|p2a: Chi-Yu|Beads of Ruin\n|-ability|p1a: Masquerain|Intimidate|boost\n|-unboost|p2a: Chi-Yu|atk|1\n|turn|1\n|inactive|Battle timer is ON: inactive players will automatically lose when time's up. (requested by nanofan_lad)\n|\n|t:|1781462776\n|move|p2a: Chi-Yu|Fire Blast|p1a: Masquerain\n|-supereffective|p1a: Masquerain\n|-damage|p1a: Masquerain|0 fnt\n|faint|p1a: Masquerain\n|\n|upkeep\n|\n|t:|1781462782\n|switch|p1a: Dugtrio|Dugtrio, L84, M|196/196\n|turn|2\n|\n|t:|1781462790\n|move|p1a: Dugtrio|Earthquake|p2a: Chi-Yu\n|-supereffective|p2a: Chi-Yu\n|-damage|p2a: Chi-Yu|0 fnt\n|faint|p2a: Chi-Yu\n|\n|upkeep\n|\n|t:|1781462796\n|switch|p2a: Whiscash|Whiscash, L88, M|337/337\n|turn|3\n|\n|t:|1781462801\n|switch|p1a: Porygon-Z|Porygon-Z, L83|277/277\n|move|p2a: Whiscash|Dragon Dance|p2a: Whiscash\n|-boost|p2a: Whiscash|atk|1\n|-boost|p2a: Whiscash|spe|1\n|\n|upkeep\n|turn|4\n|\n|t:|1781462809\n|move|p2a: Whiscash|Earthquake|p1a: Porygon-Z\n|-damage|p1a: Porygon-Z|50/277\n|-damage|p2a: Whiscash|304/337|[from] item: Life Orb\n|move|p1a: Porygon-Z|Agility|p1a: Porygon-Z\n|-boost|p1a: Porygon-Z|spe|2\n|\n|upkeep\n|turn|5\n|\n|t:|1781462816\n|move|p1a: Porygon-Z|Tera Blast|p2a: Whiscash\n|-damage|p2a: Whiscash|73/337\n|-damage|p1a: Porygon-Z|23/277|[from] item: Life Orb\n|move|p2a: Whiscash|Liquidation|p1a: Porygon-Z\n|-damage|p1a: Porygon-Z|0 fnt\n|faint|p1a: Porygon-Z\n|-damage|p2a: Whiscash|40/337|[from] item: Life Orb\n|\n|upkeep\n|\n|t:|1781462820\n|switch|p1a: Dugtrio|Dugtrio, L84, M|196/196\n|turn|6\n|\n|t:|1781462824\n|move|p1a: Dugtrio|Sucker Punch||[still]\n|-fail|p1a: Dugtrio\n|move|p2a: Whiscash|Dragon Dance|p2a: Whiscash\n|-boost|p2a: Whiscash|atk|1\n|-boost|p2a: Whiscash|spe|1\n|\n|upkeep\n|turn|7\n|\n|t:|1781462833\n|move|p1a: Dugtrio|Sucker Punch||[still]\n|-fail|p1a: Dugtrio\n|move|p2a: Whiscash|Dragon Dance|p2a: Whiscash\n|-boost|p2a: Whiscash|atk|1\n|-boost|p2a: Whiscash|spe|1\n|\n|upkeep\n|turn|8\n|\n|t:|1781462838\n|switch|p1a: Haxorus|Haxorus, L77, F|244/244\n|-ability|p1a: Haxorus|Mold Breaker\n|move|p2a: Whiscash|Dragon Dance|p2a: Whiscash\n|-boost|p2a: Whiscash|atk|1\n|-boost|p2a: Whiscash|spe|1\n|\n|upkeep\n|turn|9\n|\n|t:|1781462843\n|move|p2a: Whiscash|Earthquake|p1a: Haxorus\n|-damage|p1a: Haxorus|0 fnt\n|faint|p1a: Haxorus\n|-damage|p2a: Whiscash|7/337|[from] item: Life Orb\n|\n|upkeep\n|\n|t:|1781462847\n|switch|p1a: Dugtrio|Dugtrio, L84, M|196/196\n|turn|10\n|\n|t:|1781462851\n|move|p2a: Whiscash|Dragon Dance|p2a: Whiscash\n|-boost|p2a: Whiscash|atk|1\n|-boost|p2a: Whiscash|spe|1\n|move|p1a: Dugtrio|Earthquake|p2a: Whiscash\n|-damage|p2a: Whiscash|0 fnt\n|faint|p2a: Whiscash\n|\n|upkeep\n|\n|t:|1781462856\n|switch|p2a: Tsareena|Tsareena, L87, F|267/267\n|turn|11\n|\n|t:|1781462859\n|switch|p1a: Sandslash|Sandslash-Alola, L88, F|275/275\n|move|p2a: Tsareena|Power Whip|p1a: Sandslash\n|-resisted|p1a: Sandslash\n|-damage|p1a: Sandslash|217/275\n|\n|upkeep\n|turn|12\n|\n|t:|1781462867\n|-terastallize|p1a: Sandslash|Flying\n|move|p2a: Tsareena|High Jump Kick|p1a: Sandslash\n|-resisted|p1a: Sandslash\n|-damage|p1a: Sandslash|173/275\n|move|p1a: Sandslash|Rapid Spin|p2a: Tsareena\n|-damage|p2a: Tsareena|229/267\n|-boost|p1a: Sandslash|spe|1\n|\n|upkeep\n|turn|13\n|\n|t:|1781462879\n|switch|p2a: Armarouge|Armarouge, L80, M|267/267\n|move|p1a: Sandslash|Triple Axel|p2a: Armarouge\n|-resisted|p2a: Armarouge\n|-damage|p2a: Armarouge|255/267\n|-ability|p2a: Armarouge|Weak Armor|boost\n|-unboost|p2a: Armarouge|def|1\n|-boost|p2a: Armarouge|spe|2\n|-resisted|p2a: Armarouge\n|-damage|p2a: Armarouge|219/267\n|-ability|p2a: Armarouge|Weak Armor|boost\n|-unboost|p2a: Armarouge|def|1\n|-boost|p2a: Armarouge|spe|2\n|-resisted|p2a: Armarouge\n|-damage|p2a: Armarouge|151/267\n|-ability|p2a: Armarouge|Weak Armor|boost\n|-unboost|p2a: Armarouge|def|1\n|-boost|p2a: Armarouge|spe|2\n|-hitcount|p2a: Armarouge|3\n|\n|upkeep\n|turn|14\n|\n|t:|1781462886\n|move|p2a: Armarouge|Armor Cannon|p1a: Sandslash\n|-damage|p1a: Sandslash|0 fnt\n|-unboost|p2a: Armarouge|def|1\n|-unboost|p2a: Armarouge|spd|1\n|faint|p1a: Sandslash\n|\n|upkeep\n|\n|t:|1781462890\n|switch|p1a: Dugtrio|Dugtrio, L84, M|196/196\n|turn|15\n|\n|t:|1781462894\n|move|p1a: Dugtrio|Sucker Punch|p2a: Armarouge\n|-supereffective|p2a: Armarouge\n|-damage|p2a: Armarouge|0 fnt\n|faint|p2a: Armarouge\n|\n|upkeep\n|\n|t:|1781462906\n|switch|p2a: Electrode|Electrode-Hisui, L87|246/246\n|turn|16\n|\n|t:|1781462911\n|switch|p1a: Falinks|Falinks, L84|246/246\n|move|p2a: Electrode|Substitute|p2a: Electrode\n|-start|p2a: Electrode|Substitute\n|-damage|p2a: Electrode|185/246\n|\n|-heal|p2a: Electrode|200/246|[from] item: Leftovers\n|upkeep\n|turn|17\n|-message|lkj47 forfeited.\n|\n|win|nanofan_lad\n", "uploadtime": 1781462753, "views": 3, "formatid": "gen9randombattle", "rating": null, "private": 0, "password": null}