{"id": "gen9randombattle-2631991661", "format": "[Gen 9] Random Battle", "players": ["castiel123", "Mitchel531"], "log": "|j|\u2606castiel123\n|j|\u2606Mitchel531\n|t:|1781463567\n|gametype|singles\n|player|p1|castiel123|170|2025\n|player|p2|Mitchel531|266|1997\n|gen|9\n|tier|[Gen 9] Random Battle\n|rated|\n|rule|Species Clause: Limit one of each Pok\u00e9mon\n|rule|HP Percentage Mod: HP is shown in percentages\n|rule|Sleep Clause Mod: Limit one foe put to sleep\n|rule|Illusion Level Mod: Illusion disguises the Pok\u00e9mon's true level\n|\n|t:|1781463567\n|teamsize|p1|6\n|teamsize|p2|6\n|start\n|switch|p1a: Mabosstiff|Mabosstiff, L86, M|278/278\n|switch|p2a: Hitmontop|Hitmontop, L88, M|231/231\n|-ability|p2a: Hitmontop|Intimidate|boost\n|-unboost|p1a: Mabosstiff|atk|1\n|turn|1\n|inactive|Battle timer is ON: inactive players will automatically lose when time's up. (requested by Mitchel531)\n|\n|t:|1781463580\n|switch|p1a: Jumpluff|Jumpluff, L87, F|271/271\n|move|p2a: Hitmontop|Close Combat|p1a: Jumpluff\n|-resisted|p1a: Jumpluff\n|-damage|p1a: Jumpluff|190/271\n|-unboost|p2a: Hitmontop|def|1\n|-unboost|p2a: Hitmontop|spd|1\n|\n|upkeep\n|turn|2\n|\n|t:|1781463595\n|switch|p2a: Malamar|Malamar, L82, F|275/275\n|move|p1a: Jumpluff|Sleep Powder|p2a: Malamar\n|-status|p2a: Malamar|slp|[from] move: Sleep Powder\n|\n|upkeep\n|turn|3\n|\n|t:|1781463606\n|move|p1a: Jumpluff|U-turn|p2a: Malamar\n|-supereffective|p2a: Malamar\n|-damage|p2a: Malamar|139/275 slp\n|\n|t:|1781463609\n|switch|p1a: Kyurem|Kyurem-White, L73|303/303|[from] U-turn\n|-ability|p1a: Kyurem|Turboblaze\n|cant|p2a: Malamar|slp\n|move|p2a: Malamar|Sleep Talk|p2a: Malamar\n|move|p2a: Malamar|Rest||[from] move: Sleep Talk|[still]\n|-fail|p2a: Malamar\n|\n|-heal|p2a: Malamar|156/275 slp|[from] item: Leftovers\n|upkeep\n|turn|4\n|inactive|Mitchel531 has 120 seconds left.\n|\n|t:|1781463639\n|move|p1a: Kyurem|Ice Beam|p2a: Malamar\n|-damage|p2a: Malamar|26/275 slp\n|-curestatus|p2a: Malamar|slp|[msg]\n|move|p2a: Malamar|Sleep Talk||[still]\n|-fail|p2a: Malamar\n|\n|-heal|p2a: Malamar|43/275|[from] item: Leftovers\n|upkeep\n|turn|5\n|inactive|Mitchel531 has 120 seconds left.\n|\n|t:|1781463654\n|switch|p2a: Hitmontop|Hitmontop, L88, M|231/231\n|-ability|p2a: Hitmontop|Intimidate|boost\n|-unboost|p1a: Kyurem|atk|1\n|move|p1a: Kyurem|Ice Beam|p2a: Hitmontop\n|-damage|p2a: Hitmontop|171/231\n|-status|p2a: Hitmontop|frz\n|\n|upkeep\n|turn|6\n|\n|t:|1781463662\n|move|p1a: Kyurem|Ice Beam|p2a: Hitmontop\n|-damage|p2a: Hitmontop|105/231 frz\n|cant|p2a: Hitmontop|frz\n|\n|upkeep\n|turn|7\n|\n|t:|1781463665\n|move|p1a: Kyurem|Ice Beam|p2a: Hitmontop\n|-damage|p2a: Hitmontop|45/231 frz\n|cant|p2a: Hitmontop|frz\n|\n|upkeep\n|turn|8\n|\n|t:|1781463673\n|switch|p2a: Slowbro|Slowbro, L85, F|300/300\n|move|p1a: Kyurem|Ice Beam|p2a: Slowbro\n|-resisted|p2a: Slowbro\n|-damage|p2a: Slowbro|234/300\n|\n|upkeep\n|turn|9\n|\n|t:|1781463680\n|switch|p1a: Muk|Muk-Alola, L82, F|306/306\n|move|p2a: Slowbro|Psychic Noise|p1a: Muk\n|-immune|p1a: Muk\n|\n|upkeep\n|turn|10\n|\n|t:|1781463685\n|switch|p2a: Hitmontop|Hitmontop, L88, M|45/231 frz\n|-ability|p2a: Hitmontop|Intimidate|boost\n|-unboost|p1a: Muk|atk|1\n|move|p1a: Muk|Knock Off|p2a: Hitmontop\n|-resisted|p2a: Hitmontop\n|-damage|p2a: Hitmontop|13/231 frz\n|-enditem|p2a: Hitmontop|Assault Vest|[from] move: Knock Off|[of] p1a: Muk\n|\n|upkeep\n|turn|11\n|\n|t:|1781463692\n|cant|p2a: Hitmontop|frz\n|move|p1a: Muk|Poison Jab|p2a: Hitmontop\n|-damage|p2a: Hitmontop|0 fnt\n|faint|p2a: Hitmontop\n|\n|upkeep\n|\n|t:|1781463702\n|switch|p2a: Malamar|Malamar, L82, F|43/275\n|turn|12\n|\n|t:|1781463717\n|switch|p1a: Jumpluff|Jumpluff, L87, F|190/271\n|move|p2a: Malamar|Rest|p2a: Malamar\n|-status|p2a: Malamar|slp|[from] move: Rest\n|-heal|p2a: Malamar|275/275 slp|[silent]\n|\n|upkeep\n|turn|13\n|\n|t:|1781463725\n|switch|p2a: Oricorio|Oricorio, L84, M|263/263\n|move|p1a: Jumpluff|U-turn|p2a: Oricorio\n|-resisted|p2a: Oricorio\n|-damage|p2a: Oricorio|253/263\n|\n|t:|1781463735\n|switch|p1a: Kyurem|Kyurem-White, L73|303/303|[from] U-turn\n|-ability|p1a: Kyurem|Turboblaze\n|\n|upkeep\n|turn|14\n|\n|t:|1781463747\n|move|p1a: Kyurem|Ice Beam|p2a: Oricorio\n|-damage|p2a: Oricorio|118/263\n|move|p2a: Oricorio|Quiver Dance|p2a: Oricorio\n|-boost|p2a: Oricorio|spa|1\n|-boost|p2a: Oricorio|spd|1\n|-boost|p2a: Oricorio|spe|1\n|\n|upkeep\n|turn|15\n|\n|t:|1781463751\n|move|p2a: Oricorio|Roost|p2a: Oricorio\n|-heal|p2a: Oricorio|250/263\n|-singleturn|p2a: Oricorio|move: Roost\n|move|p1a: Kyurem|Ice Beam|p2a: Oricorio\n|-resisted|p2a: Oricorio\n|-damage|p2a: Oricorio|203/263\n|-status|p2a: Oricorio|frz\n|\n|upkeep\n|turn|16\n|\n|t:|1781463760\n|cant|p2a: Oricorio|frz\n|move|p1a: Kyurem|Ice Beam|p2a: Oricorio\n|-damage|p2a: Oricorio|112/263 frz\n|\n|upkeep\n|turn|17\n|\n|t:|1781463765\n|cant|p2a: Oricorio|frz\n|move|p1a: Kyurem|Ice Beam|p2a: Oricorio\n|-damage|p2a: Oricorio|22/263 frz\n|\n|upkeep\n|turn|18\n|\n|t:|1781463767\n|-curestatus|p2a: Oricorio|frz|[msg]\n|move|p2a: Oricorio|Roost|p2a: Oricorio\n|-heal|p2a: Oricorio|154/263\n|-singleturn|p2a: Oricorio|move: Roost\n|move|p1a: Kyurem|Ice Beam|p2a: Oricorio\n|-resisted|p2a: Oricorio\n|-damage|p2a: Oricorio|108/263\n|\n|upkeep\n|turn|19\n|\n|t:|1781463770\n|move|p2a: Oricorio|Roost|p2a: Oricorio\n|-heal|p2a: Oricorio|240/263\n|-singleturn|p2a: Oricorio|move: Roost\n|move|p1a: Kyurem|Ice Beam|p2a: Oricorio\n|-resisted|p2a: Oricorio\n|-damage|p2a: Oricorio|193/263\n|\n|upkeep\n|turn|20\n|\n|t:|1781463774\n|move|p2a: Oricorio|Quiver Dance|p2a: Oricorio\n|-boost|p2a: Oricorio|spa|1\n|-boost|p2a: Oricorio|spd|1\n|-boost|p2a: Oricorio|spe|1\n|move|p1a: Kyurem|Ice Beam|p2a: Oricorio\n|-damage|p2a: Oricorio|129/263\n|\n|upkeep\n|turn|21\n|\n|t:|1781463776\n|move|p2a: Oricorio|Roost|p2a: Oricorio\n|-heal|p2a: Oricorio|261/263\n|-singleturn|p2a: Oricorio|move: Roost\n|move|p1a: Kyurem|Ice Beam|p2a: Oricorio\n|-resisted|p2a: Oricorio\n|-damage|p2a: Oricorio|227/263\n|\n|upkeep\n|turn|22\n|\n|t:|1781463786\n|switch|p1a: Mabosstiff|Mabosstiff, L86, M|278/278\n|move|p2a: Oricorio|Quiver Dance|p2a: Oricorio\n|-boost|p2a: Oricorio|spa|1\n|-boost|p2a: Oricorio|spd|1\n|-boost|p2a: Oricorio|spe|1\n|\n|upkeep\n|turn|23\n|\n|t:|1781463795\n|move|p2a: Oricorio|Revelation Dance|p1a: Mabosstiff\n|-damage|p1a: Mabosstiff|25/278\n|move|p1a: Mabosstiff|Crunch|p2a: Oricorio\n|-damage|p2a: Oricorio|46/263\n|\n|upkeep\n|turn|24\n|\n|t:|1781463803\n|switch|p1a: Terapagos|Terapagos, L77, F|265/265\n|-activate|p1a: Terapagos|ability: Tera Shift\n|detailschange|p1a: Terapagos|Terapagos-Terastal, L77, F\n|-heal|p1a: Terapagos|273/273|[silent]\n|move|p2a: Oricorio|Revelation Dance|p1a: Terapagos\n|-activate|p1a: Terapagos|ability: Tera Shell\n|-resisted|p1a: Terapagos\n|-crit|p1a: Terapagos\n|-damage|p1a: Terapagos|114/273\n|\n|upkeep\n|turn|25\n|\n|t:|1781463812\n|move|p2a: Oricorio|Roost|p2a: Oricorio\n|-heal|p2a: Oricorio|178/263\n|-singleturn|p2a: Oricorio|move: Roost\n|move|p1a: Terapagos|Tera Starstorm|p2a: Oricorio\n|-damage|p2a: Oricorio|124/263\n|\n|upkeep\n|turn|26\n|\n|t:|1781463818\n|switch|p1a: Muk|Muk-Alola, L82, F|306/306\n|move|p2a: Oricorio|Roost|p2a: Oricorio\n|-heal|p2a: Oricorio|256/263\n|-singleturn|p2a: Oricorio|move: Roost\n|\n|upkeep\n|turn|27\n|\n|t:|1781463824\n|move|p2a: Oricorio|Revelation Dance|p1a: Muk\n|-damage|p1a: Muk|159/306\n|move|p1a: Muk|Poison Jab|p2a: Oricorio\n|-damage|p2a: Oricorio|153/263\n|-status|p2a: Oricorio|psn|[from] ability: Poison Touch|[of] p1a: Muk\n|\n|-damage|p2a: Oricorio|121/263 psn|[from] psn\n|upkeep\n|turn|28\n|\n|t:|1781463830\n|move|p2a: Oricorio|Hurricane|p1a: Muk\n|-damage|p1a: Muk|0 fnt\n|faint|p1a: Muk\n|\n|-damage|p2a: Oricorio|89/263 psn|[from] psn\n|upkeep\n|\n|t:|1781463835\n|switch|p1a: Jumpluff|Jumpluff, L87, F|190/271\n|turn|29\n|\n|t:|1781463840\n|-terastallize|p1a: Jumpluff|Steel\n|move|p2a: Oricorio|Revelation Dance|p1a: Jumpluff\n|-supereffective|p1a: Jumpluff\n|-damage|p1a: Jumpluff|0 fnt\n|faint|p1a: Jumpluff\n|\n|-damage|p2a: Oricorio|57/263 psn|[from] psn\n|upkeep\n|\n|t:|1781463847\n|switch|p1a: Flareon|Flareon, L90, F|263/263\n|turn|30\n|\n|t:|1781463853\n|move|p2a: Oricorio|Hurricane|p1a: Flareon\n|-damage|p1a: Flareon|25/263\n|-start|p1a: Flareon|confusion\n|-activate|p1a: Flareon|confusion\n|move|p1a: Flareon|Flare Blitz|p2a: Oricorio\n|-resisted|p2a: Oricorio\n|-damage|p2a: Oricorio|0 fnt\n|faint|p2a: Oricorio\n|-damage|p1a: Flareon|6/263|[from] Recoil\n|\n|-status|p1a: Flareon|tox|[from] item: Toxic Orb\n|upkeep\n|\n|t:|1781463871\n|switch|p2a: Cinccino|Cinccino, L83, M|260/260\n|turn|31\n|\n|t:|1781463876\n|move|p2a: Cinccino|Bullet Seed|p1a: Flareon\n|-resisted|p1a: Flareon\n|-damage|p1a: Flareon|0 fnt\n|faint|p1a: Flareon\n|-hitcount|p1: Flareon|1\n|\n|upkeep\n|\n|t:|1781463882\n|switch|p1a: Kyurem|Kyurem-White, L73|303/303\n|-ability|p1a: Kyurem|Turboblaze\n|turn|32\n|\n|t:|1781463889\n|move|p1a: Kyurem|Draco Meteor|p2a: Cinccino\n|-damage|p2a: Cinccino|56/260\n|-unboost|p1a: Kyurem|spa|2\n|move|p2a: Cinccino|Tail Slap|p1a: Kyurem\n|-damage|p1a: Kyurem|255/303\n|-damage|p1a: Kyurem|207/303\n|-damage|p1a: Kyurem|162/303\n|-damage|p1a: Kyurem|120/303\n|-hitcount|p1a: Kyurem|4\n|\n|upkeep\n|turn|33\n|\n|t:|1781463900\n|switch|p1a: Terapagos|Terapagos-Terastal, L77, F|114/273\n|switch|p2a: Slowbro|Slowbro, L85, F|300/300\n|\n|upkeep\n|turn|34\n|\n|t:|1781463908\n|move|p1a: Terapagos|Calm Mind|p1a: Terapagos\n|-boost|p1a: Terapagos|spa|1\n|-boost|p1a: Terapagos|spd|1\n|move|p2a: Slowbro|Scald|p1a: Terapagos\n|-damage|p1a: Terapagos|57/273\n|\n|upkeep\n|turn|35\n|\n|t:|1781463911\n|move|p1a: Terapagos|Rest|p1a: Terapagos\n|-status|p1a: Terapagos|slp|[from] move: Rest\n|-heal|p1a: Terapagos|273/273 slp|[silent]\n|-enditem|p1a: Terapagos|Chesto Berry|[eat]\n|-curestatus|p1a: Terapagos|slp|[msg]\n|move|p2a: Slowbro|Psychic Noise|p1a: Terapagos\n|-activate|p1a: Terapagos|ability: Tera Shell\n|-resisted|p1a: Terapagos\n|-damage|p1a: Terapagos|245/273\n|-start|p1a: Terapagos|move: Heal Block\n|\n|upkeep\n|turn|36\n|\n|t:|1781463925\n|switch|p2a: Appletun|Appletun, L92, F|352/352\n|move|p1a: Terapagos|Calm Mind|p1a: Terapagos\n|-boost|p1a: Terapagos|spa|1\n|-boost|p1a: Terapagos|spd|1\n|\n|-end|p1a: Terapagos|move: Heal Block\n|upkeep\n|turn|37\n|\n|t:|1781463930\n|move|p1a: Terapagos|Calm Mind|p1a: Terapagos\n|-boost|p1a: Terapagos|spa|1\n|-boost|p1a: Terapagos|spd|1\n|move|p2a: Appletun|Dragon Tail|p1a: Terapagos\n|-damage|p1a: Terapagos|176/273\n|drag|p1a: Mabosstiff|Mabosstiff, L86, M|25/278\n|\n|upkeep\n|turn|38\n|\n|t:|1781463939\n|move|p1a: Mabosstiff|Play Rough|p2a: Appletun\n|-supereffective|p2a: Appletun\n|-damage|p2a: Appletun|138/352\n|move|p2a: Appletun|Dragon Pulse|p1a: Mabosstiff\n|-damage|p1a: Mabosstiff|0 fnt\n|faint|p1a: Mabosstiff\n|\n|-heal|p2a: Appletun|160/352|[from] item: Leftovers\n|upkeep\n|\n|t:|1781463941\n|switch|p1a: Kyurem|Kyurem-White, L73|120/303\n|-ability|p1a: Kyurem|Turboblaze\n|turn|39\n|\n|t:|1781463946\n|switch|p2a: Slowbro|Slowbro, L85, F|300/300\n|move|p1a: Kyurem|Freeze-Dry|p2a: Slowbro\n|-supereffective|p2a: Slowbro\n|-damage|p2a: Slowbro|100/300\n|\n|upkeep\n|turn|40\n|\n|t:|1781463955\n|move|p1a: Kyurem|Freeze-Dry|p2a: Slowbro\n|-supereffective|p2a: Slowbro\n|-damage|p2a: Slowbro|0 fnt\n|faint|p2a: Slowbro\n|\n|upkeep\n|\n|t:|1781463960\n|switch|p2a: Malamar|Malamar, L82, F|275/275 slp\n|turn|41\n|\n|t:|1781463964\n|move|p1a: Kyurem|Freeze-Dry|p2a: Malamar\n|-damage|p2a: Malamar|163/275 slp\n|cant|p2a: Malamar|slp\n|move|p2a: Malamar|Sleep Talk|p2a: Malamar\n|move|p2a: Malamar|Rest||[from] move: Sleep Talk|[still]\n|-fail|p2a: Malamar\n|\n|-heal|p2a: Malamar|180/275 slp|[from] item: Leftovers\n|upkeep\n|turn|42\n|\n|t:|1781463968\n|move|p1a: Kyurem|Freeze-Dry|p2a: Malamar\n|-damage|p2a: Malamar|81/275 slp\n|cant|p2a: Malamar|slp\n|move|p2a: Malamar|Sleep Talk|p2a: Malamar\n|move|p2a: Malamar|Knock Off|p1a: Kyurem|[from] move: Sleep Talk\n|-damage|p1a: Kyurem|6/303\n|-enditem|p1a: Kyurem|Choice Scarf|[from] move: Knock Off|[of] p2a: Malamar\n|\n|-heal|p2a: Malamar|98/275 slp|[from] item: Leftovers\n|upkeep\n|turn|43\n|\n|t:|1781463982\n|move|p1a: Kyurem|Ice Beam|p2a: Malamar\n|-damage|p2a: Malamar|0 fnt\n|faint|p2a: Malamar\n|\n|upkeep\n|\n|t:|1781463987\n|switch|p2a: Cinccino|Cinccino, L83, M|56/260\n|turn|44\n|\n|t:|1781463991\n|move|p2a: Cinccino|Bullet Seed|p1a: Kyurem\n|-resisted|p1a: Kyurem\n|-damage|p1a: Kyurem|0 fnt\n|faint|p1a: Kyurem\n|-hitcount|p1: Kyurem|1\n|\n|upkeep\n|\n|t:|1781463992\n|switch|p1a: Terapagos|Terapagos-Terastal, L77, F|176/273\n|turn|45\n|\n|t:|1781464003\n|move|p2a: Cinccino|Tail Slap|p1a: Terapagos|[miss]\n|-miss|p2a: Cinccino|p1a: Terapagos\n|move|p1a: Terapagos|Tera Starstorm|p2a: Cinccino\n|-damage|p2a: Cinccino|0 fnt\n|faint|p2a: Cinccino\n|\n|upkeep\n|\n|t:|1781464008\n|switch|p2a: Appletun|Appletun, L92, F|160/352\n|turn|46\n|\n|t:|1781464012\n|move|p1a: Terapagos|Calm Mind|p1a: Terapagos\n|-boost|p1a: Terapagos|spa|1\n|-boost|p1a: Terapagos|spd|1\n|move|p2a: Appletun|Recover|p2a: Appletun\n|-heal|p2a: Appletun|336/352\n|\n|-heal|p2a: Appletun|352/352|[from] item: Leftovers\n|upkeep\n|turn|47\n|\n|t:|1781464015\n|move|p1a: Terapagos|Calm Mind|p1a: Terapagos\n|-boost|p1a: Terapagos|spa|1\n|-boost|p1a: Terapagos|spd|1\n|move|p2a: Appletun|Apple Acid|p1a: Terapagos\n|-damage|p1a: Terapagos|128/273\n|-unboost|p1a: Terapagos|spd|1\n|\n|upkeep\n|turn|48\n|\n|t:|1781464019\n|move|p1a: Terapagos|Calm Mind|p1a: Terapagos\n|-boost|p1a: Terapagos|spa|1\n|-boost|p1a: Terapagos|spd|1\n|move|p2a: Appletun|Apple Acid|p1a: Terapagos\n|-crit|p1a: Terapagos\n|-damage|p1a: Terapagos|0 fnt\n|faint|p1a: Terapagos\n|\n|win|Mitchel531\n", "uploadtime": 1781463569, "views": 3, "formatid": "gen9randombattle", "rating": null, "private": 0, "password": null}