{"id": "gen9randombattle-2631509472", "format": "[Gen 9] Random Battle", "players": ["Tinchotalargaa", "RCABRON"], "log": "|j|\u2606Tinchotalargaa\n|j|\u2606RCABRON\n|t:|1781394271\n|gametype|singles\n|player|p1|Tinchotalargaa|lucas|\n|player|p2|RCABRON|lucas|\n|gen|9\n|tier|[Gen 9] Random Battle\n|rule|Species Clause: Limit one of each Pok\u00e9mon\n|rule|HP Percentage Mod: HP is shown in percentages\n|rule|Sleep Clause Mod: Limit one foe put to sleep\n|rule|Illusion Level Mod: Illusion disguises the Pok\u00e9mon's true level\n|\n|t:|1781394271\n|teamsize|p1|6\n|teamsize|p2|6\n|start\n|switch|p1a: Gyarados|Gyarados, L79, M|280/280\n|switch|p2a: Iron Valiant|Iron Valiant, L78|244/244\n|turn|1\n|\n|t:|1781394308\n|-end|p2a: Iron Valiant|Quark Drive|[silent]\n|switch|p2a: Iron Leaves|Iron Leaves, L80|275/275\n|-terastallize|p1a: Gyarados|Ground\n|move|p1a: Gyarados|Earthquake|p2a: Iron Leaves\n|-resisted|p2a: Iron Leaves\n|-damage|p2a: Iron Leaves|215/275\n|\n|upkeep\n|turn|2\n|\n|t:|1781394341\n|switch|p1a: Abomasnow|Abomasnow, L84, M|287/287\n|-weather|Snowscape|[from] ability: Snow Warning|[of] p1a: Abomasnow\n|move|p2a: Iron Leaves|Leaf Blade|p1a: Abomasnow\n|-resisted|p1a: Abomasnow\n|-damage|p1a: Abomasnow|229/287\n|\n|-weather|Snowscape|[upkeep]\n|upkeep\n|turn|3\n|\n|t:|1781394369\n|-end|p2a: Iron Leaves|Quark Drive|[silent]\n|switch|p2a: Ting-Lu|Ting-Lu, L78|370/370\n|-ability|p2a: Ting-Lu|Vessel of Ruin\n|move|p1a: Abomasnow|Blizzard|p2a: Ting-Lu\n|-supereffective|p2a: Ting-Lu\n|-crit|p2a: Ting-Lu\n|-damage|p2a: Ting-Lu|80/370\n|\n|-weather|Snowscape|[upkeep]\n|-heal|p2a: Ting-Lu|103/370|[from] item: Leftovers\n|upkeep\n|turn|4\n|\n|t:|1781394389\n|move|p1a: Abomasnow|Ice Shard|p2a: Ting-Lu\n|-supereffective|p2a: Ting-Lu\n|-damage|p2a: Ting-Lu|31/370\n|move|p2a: Ting-Lu|Spikes|p1a: Abomasnow\n|-sidestart|p1: Tinchotalargaa|Spikes\n|\n|-weather|Snowscape|[upkeep]\n|-heal|p2a: Ting-Lu|54/370|[from] item: Leftovers\n|upkeep\n|turn|5\n|\n|t:|1781394406\n|switch|p2a: Iron Valiant|Iron Valiant, L78|244/244\n|move|p1a: Abomasnow|Blizzard|p2a: Iron Valiant\n|-damage|p2a: Iron Valiant|97/244\n|-status|p2a: Iron Valiant|frz\n|\n|-weather|Snowscape|[upkeep]\n|upkeep\n|turn|6\n|\n|t:|1781394417\n|cant|p2a: Iron Valiant|frz\n|move|p1a: Abomasnow|Blizzard|p2a: Iron Valiant\n|-crit|p2a: Iron Valiant\n|-damage|p2a: Iron Valiant|0 fnt\n|faint|p2a: Iron Valiant\n|-end|p2a: Iron Valiant|Quark Drive|[silent]\n|\n|-weather|none\n|upkeep\n|\n|t:|1781394426\n|switch|p2a: Furret|Furret, L94, M|312/312\n|-item|p1a: Abomasnow|Light Clay|[from] ability: Frisk|[of] p2a: Furret\n|turn|7\n|\n|t:|1781394433\n|move|p2a: Furret|Brick Break|p1a: Abomasnow\n|-supereffective|p1a: Abomasnow\n|-damage|p1a: Abomasnow|63/287\n|-damage|p2a: Furret|281/312|[from] item: Life Orb\n|move|p1a: Abomasnow|Earthquake|p2a: Furret\n|-damage|p2a: Furret|209/312\n|\n|upkeep\n|turn|8\n|\n|t:|1781394455\n|switch|p1a: Furret|Furret, L94, F|312/312\n|-damage|p1a: Furret|273/312|[from] Spikes\n|-item|p2a: Furret|Life Orb|[from] ability: Frisk|[of] p1a: Furret\n|move|p2a: Furret|Brick Break|p1a: Furret\n|-supereffective|p1a: Furret\n|-damage|p1a: Furret|117/312\n|-damage|p2a: Furret|178/312|[from] item: Life Orb\n|\n|upkeep\n|turn|9\n|\n|t:|1781394480\n|move|p2a: Furret|Brick Break|p1a: Furret\n|-supereffective|p1a: Furret\n|-damage|p1a: Furret|0 fnt\n|faint|p1a: Furret\n|-damage|p2a: Furret|147/312|[from] item: Life Orb\n|\n|upkeep\n|\n|t:|1781394490\n|switch|p1a: Granbull|Granbull, L88, M|302/302\n|-damage|p1a: Granbull|265/302|[from] Spikes\n|-ability|p1a: Granbull|Intimidate|boost\n|-unboost|p2a: Furret|atk|1\n|turn|10\n|\n|t:|1781394509\n|switch|p2a: Empoleon|Empoleon, L84, M|278/278\n|move|p1a: Granbull|Earthquake|p2a: Empoleon\n|-supereffective|p2a: Empoleon\n|-damage|p2a: Empoleon|102/278\n|\n|-heal|p2a: Empoleon|119/278|[from] item: Leftovers\n|-heal|p1a: Granbull|283/302|[from] item: Leftovers\n|upkeep\n|turn|11\n|\n|t:|1781394523\n|switch|p2a: Iron Leaves|Iron Leaves, L80|215/275\n|move|p1a: Granbull|Earthquake|p2a: Iron Leaves\n|-resisted|p2a: Iron Leaves\n|-damage|p2a: Iron Leaves|167/275\n|\n|-heal|p1a: Granbull|301/302|[from] item: Leftovers\n|upkeep\n|turn|12\n|\n|t:|1781394567\n|move|p2a: Iron Leaves|Leaf Blade|p1a: Granbull\n|-damage|p1a: Granbull|130/302\n|move|p1a: Granbull|Thunder Wave|p2a: Iron Leaves\n|-status|p2a: Iron Leaves|par\n|\n|-heal|p1a: Granbull|148/302|[from] item: Leftovers\n|upkeep\n|turn|13\n|\n|t:|1781394596\n|switch|p1a: Kyurem|Kyurem-White, L73|303/303\n|-damage|p1a: Kyurem|266/303|[from] Spikes\n|-ability|p1a: Kyurem|Turboblaze\n|move|p2a: Iron Leaves|Leaf Blade|p1a: Kyurem\n|-resisted|p1a: Kyurem\n|-damage|p1a: Kyurem|164/303\n|\n|upkeep\n|turn|14\n|\n|t:|1781394615\n|-end|p2a: Iron Leaves|Quark Drive|[silent]\n|switch|p2a: Vespiquen|Vespiquen, L99, F|299/299\n|-ability|p2a: Vespiquen|Pressure\n|move|p1a: Kyurem|Freeze-Dry|p2a: Vespiquen\n|-supereffective|p2a: Vespiquen\n|-damage|p2a: Vespiquen|101/299\n|\n|upkeep\n|turn|15\n|\n|t:|1781394625\n|move|p1a: Kyurem|Freeze-Dry|p2a: Vespiquen\n|-supereffective|p2a: Vespiquen\n|-damage|p2a: Vespiquen|0 fnt\n|faint|p2a: Vespiquen\n|\n|upkeep\n|\n|t:|1781394632\n|switch|p2a: Empoleon|Empoleon, L84, M|119/278\n|turn|16\n|\n|t:|1781394647\n|move|p1a: Kyurem|Freeze-Dry|p2a: Empoleon\n|-damage|p2a: Empoleon|0 fnt\n|faint|p2a: Empoleon\n|\n|upkeep\n|\n|t:|1781394654\n|switch|p2a: Ting-Lu|Ting-Lu, L78|54/370\n|-ability|p2a: Ting-Lu|Vessel of Ruin\n|turn|17\n|\n|t:|1781394664\n|move|p1a: Kyurem|Freeze-Dry|p2a: Ting-Lu\n|-supereffective|p2a: Ting-Lu\n|-damage|p2a: Ting-Lu|0 fnt\n|faint|p2a: Ting-Lu\n|\n|upkeep\n|\n|t:|1781394669\n|switch|p2a: Furret|Furret, L94, M|147/312\n|-item|p1a: Kyurem|Choice Specs|[from] ability: Frisk|[of] p2a: Furret\n|turn|18\n|\n|t:|1781394677\n|move|p2a: Furret|Brick Break|p1a: Kyurem\n|-supereffective|p1a: Kyurem\n|-damage|p1a: Kyurem|0 fnt\n|faint|p1a: Kyurem\n|-damage|p2a: Furret|116/312|[from] item: Life Orb\n|\n|upkeep\n|\n|t:|1781394690\n|switch|p1a: Gyarados|Gyarados, L79, M, tera:Ground|280/280\n|turn|19\n|\n|t:|1781394702\n|move|p2a: Furret|Knock Off|p1a: Gyarados\n|-damage|p1a: Gyarados|168/280\n|-enditem|p1a: Gyarados|Heavy-Duty Boots|[from] move: Knock Off|[of] p2a: Furret\n|-damage|p2a: Furret|85/312|[from] item: Life Orb\n|move|p1a: Gyarados|Dragon Dance|p1a: Gyarados\n|-boost|p1a: Gyarados|atk|1\n|-boost|p1a: Gyarados|spe|1\n|\n|upkeep\n|turn|20\n|\n|t:|1781394717\n|switch|p2a: Iron Leaves|Iron Leaves, L80|167/275 par\n|move|p1a: Gyarados|Earthquake|p2a: Iron Leaves\n|-resisted|p2a: Iron Leaves\n|-damage|p2a: Iron Leaves|85/275 par\n|\n|upkeep\n|turn|21\n|\n|t:|1781394728\n|switch|p1a: Electivire|Electivire, L84, M|263/263\n|-damage|p1a: Electivire|231/263|[from] Spikes\n|move|p2a: Iron Leaves|Psyblade|p1a: Electivire\n|-damage|p1a: Electivire|66/263\n|\n|upkeep\n|turn|22\n|\n|t:|1781394737\n|move|p1a: Electivire|Flamethrower|p2a: Iron Leaves\n|-supereffective|p2a: Iron Leaves\n|-damage|p2a: Iron Leaves|0 fnt\n|faint|p2a: Iron Leaves\n|-end|p2a: Iron Leaves|Quark Drive|[silent]\n|-damage|p1a: Electivire|40/263|[from] item: Life Orb\n|\n|upkeep\n|\n|t:|1781394743\n|switch|p2a: Furret|Furret, L94, M|85/312\n|-item|p1a: Electivire|Life Orb|[from] ability: Frisk|[of] p2a: Furret\n|turn|23\n|\n|t:|1781394755\n|move|p2a: Furret|Brick Break|p1a: Electivire\n|-damage|p1a: Electivire|0 fnt\n|faint|p1a: Electivire\n|-damage|p2a: Furret|54/312|[from] item: Life Orb\n|\n|upkeep\n|\n|t:|1781394762\n|switch|p1a: Abomasnow|Abomasnow, L84, M|63/287\n|-damage|p1a: Abomasnow|28/287|[from] Spikes\n|-weather|Snowscape|[from] ability: Snow Warning|[of] p1a: Abomasnow\n|turn|24\n|\n|t:|1781394769\n|move|p1a: Abomasnow|Ice Shard|p2a: Furret\n|-damage|p2a: Furret|11/312\n|move|p2a: Furret|Knock Off|p1a: Abomasnow\n|-damage|p1a: Abomasnow|0 fnt\n|-enditem|p1a: Abomasnow|Light Clay|[from] move: Knock Off|[of] p2a: Furret\n|faint|p1a: Abomasnow\n|-damage|p2a: Furret|0 fnt|[from] item: Life Orb\n|faint|p2a: Furret\n|\n|win|Tinchotalargaa\n", "uploadtime": 1781394769, "views": 2, "formatid": "gen9randombattle", "rating": null, "private": 0, "password": null}