{"id": "gen9randombattle-2631734278", "format": "[Gen 9] Random Battle", "players": ["Jadasteel", "vogabal"], "log": "|j|\u2606Jadasteel\n|j|\u2606vogabal\n|t:|1781430762\n|gametype|singles\n|player|p1|Jadasteel|fantina|2046\n|player|p2|vogabal|169|1982\n|gen|9\n|tier|[Gen 9] Random Battle\n|rated|\n|rule|Species Clause: Limit one of each Pok\u00e9mon\n|rule|HP Percentage Mod: HP is shown in percentages\n|rule|Sleep Clause Mod: Limit one foe put to sleep\n|rule|Illusion Level Mod: Illusion disguises the Pok\u00e9mon's true level\n|\n|t:|1781430762\n|teamsize|p1|6\n|teamsize|p2|6\n|start\n|switch|p1a: Iron Thorns|Iron Thorns, L83|302/302\n|switch|p2a: Slaking|Slaking, L84, M|389/389\n|-item|p1a: Iron Thorns|Air Balloon\n|turn|1\n|inactive|Battle timer is ON: inactive players will automatically lose when time's up. (requested by Jadasteel)\n|\n|t:|1781430778\n|move|p2a: Slaking|Knock Off|p1a: Iron Thorns\n|-crit|p1a: Iron Thorns\n|-damage|p1a: Iron Thorns|121/302\n|-enditem|p1a: Iron Thorns|Air Balloon\n|move|p1a: Iron Thorns|Spikes|p2a: Slaking\n|-sidestart|p2: vogabal|Spikes\n|\n|upkeep\n|turn|2\n|\n|t:|1781430785\n|switch|p2a: Gogoat|Gogoat, L88, M|360/360\n|-damage|p2a: Gogoat|315/360|[from] Spikes\n|move|p1a: Iron Thorns|Spikes|p2a: Gogoat\n|-sidestart|p2: vogabal|Spikes\n|\n|-heal|p2a: Gogoat|337/360|[from] item: Leftovers\n|upkeep\n|turn|3\n|\n|t:|1781430792\n|-end|p1a: Iron Thorns|Quark Drive|[silent]\n|switch|p1a: Granbull|Granbull, L88, F|302/302\n|-ability|p1a: Granbull|Intimidate|boost\n|-unboost|p2a: Gogoat|atk|1\n|move|p2a: Gogoat|Horn Leech|p1a: Granbull\n|-crit|p1a: Granbull\n|-damage|p1a: Granbull|167/302\n|-heal|p2a: Gogoat|360/360|[from] drain|[of] p1a: Granbull\n|\n|-heal|p1a: Granbull|185/302|[from] item: Leftovers\n|upkeep\n|turn|4\n|\n|t:|1781430798\n|switch|p2a: Muk|Muk-Alola, L82, M|306/306\n|-damage|p2a: Muk|255/306|[from] Spikes\n|move|p1a: Granbull|Thunder Wave|p2a: Muk|[miss]\n|-miss|p1a: Granbull|p2a: Muk\n|\n|-heal|p1a: Granbull|203/302|[from] item: Leftovers\n|upkeep\n|turn|5\n|\n|t:|1781430804\n|switch|p1a: Iron Thorns|Iron Thorns, L83|121/302\n|move|p2a: Muk|Gunk Shot|p1a: Iron Thorns\n|-resisted|p1a: Iron Thorns\n|-damage|p1a: Iron Thorns|67/302\n|\n|upkeep\n|turn|6\n|\n|t:|1781430811\n|move|p1a: Iron Thorns|Wild Charge|p2a: Muk\n|-damage|p2a: Muk|107/306\n|-damage|p1a: Iron Thorns|30/302|[from] Recoil\n|move|p2a: Muk|Drain Punch|p1a: Iron Thorns\n|-supereffective|p1a: Iron Thorns\n|-damage|p1a: Iron Thorns|0 fnt\n|-heal|p2a: Muk|122/306|[from] drain|[of] p1a: Iron Thorns\n|faint|p1a: Iron Thorns\n|-end|p1a: Iron Thorns|Quark Drive|[silent]\n|\n|upkeep\n|\n|t:|1781430818\n|switch|p1a: Spidops|Spidops, L96, M|271/271\n|turn|7\n|\n|t:|1781430825\n|move|p2a: Muk|Knock Off|p1a: Spidops\n|-damage|p1a: Spidops|186/271\n|-enditem|p1a: Spidops|Heavy-Duty Boots|[from] move: Knock Off|[of] p2a: Muk\n|move|p1a: Spidops|Sticky Web|p2a: Muk\n|-sidestart|p2: vogabal|move: Sticky Web\n|\n|upkeep\n|turn|8\n|\n|t:|1781430831\n|move|p2a: Muk|Gunk Shot|p1a: Spidops\n|-damage|p1a: Spidops|72/271\n|move|p1a: Spidops|Circle Throw|p2a: Muk\n|-damage|p2a: Muk|67/306\n|drag|p2a: Slaking|Slaking, L84, M|389/389\n|-damage|p2a: Slaking|325/389|[from] Spikes\n|-activate|p2a: Slaking|move: Sticky Web\n|-unboost|p2a: Slaking|spe|1\n|\n|upkeep\n|turn|9\n|\n|t:|1781430841\n|switch|p2a: Muk|Muk-Alola, L82, M|67/306\n|-damage|p2a: Muk|16/306|[from] Spikes\n|-activate|p2a: Muk|move: Sticky Web\n|-unboost|p2a: Muk|spe|1\n|move|p1a: Spidops|Spikes|p2a: Muk\n|-sidestart|p2: vogabal|Spikes\n|\n|upkeep\n|turn|10\n|\n|t:|1781430847\n|move|p2a: Muk|Shadow Sneak|p1a: Spidops\n|-damage|p1a: Spidops|48/271\n|move|p1a: Spidops|Toxic Spikes|p2a: Muk\n|-sidestart|p2: vogabal|move: Toxic Spikes\n|\n|upkeep\n|turn|11\n|\n|t:|1781430851\n|move|p2a: Muk|Shadow Sneak|p1a: Spidops\n|-damage|p1a: Spidops|24/271\n|-status|p1a: Spidops|psn|[from] ability: Poison Touch|[of] p2a: Muk\n|move|p1a: Spidops|Circle Throw|p2a: Muk|[miss]\n|-miss|p1a: Spidops|p2a: Muk\n|\n|-damage|p1a: Spidops|0 fnt|[from] psn\n|faint|p1a: Spidops\n|upkeep\n|\n|t:|1781430872\n|switch|p1a: Sableye|Sableye, L88, M|231/231\n|turn|12\n|\n|t:|1781430874\n|move|p2a: Muk|Shadow Sneak|p1a: Sableye\n|-damage|p1a: Sableye|201/231\n|move|p1a: Sableye|Knock Off|p2a: Muk\n|-resisted|p2a: Muk\n|-damage|p2a: Muk|0 fnt\n|-enditem|p2a: Muk|Assault Vest|[from] move: Knock Off|[of] p1a: Sableye\n|faint|p2a: Muk\n|\n|-heal|p1a: Sableye|215/231|[from] item: Leftovers\n|upkeep\n|\n|t:|1781430878\n|switch|p2a: Cramorant|Cramorant, L86, M|261/261\n|turn|13\n|\n|t:|1781430890\n|move|p1a: Sableye|Thunder Wave|p2a: Cramorant\n|-status|p2a: Cramorant|par\n|cant|p2a: Cramorant|par\n|\n|-heal|p1a: Sableye|229/231|[from] item: Leftovers\n|upkeep\n|turn|14\n|\n|t:|1781430895\n|switch|p1a: Eelektross|Eelektross, L87, M|290/290\n|move|p2a: Cramorant|Defog|p1a: Eelektross\n|-unboost|p1a: Eelektross|evasion|1\n|-sideend|p2: vogabal|Spikes|[from] move: Defog|[of] p2a: Cramorant\n|-sideend|p2: vogabal|Toxic Spikes|[from] move: Defog|[of] p2a: Cramorant\n|-sideend|p2: vogabal|Sticky Web|[from] move: Defog|[of] p2a: Cramorant\n|\n|upkeep\n|turn|15\n|\n|t:|1781430901\n|switch|p2a: Sableye|Sableye, L88, F|231/231\n|move|p1a: Eelektross|Discharge|p2a: Sableye\n|-damage|p2a: Sableye|117/231\n|-status|p2a: Sableye|par\n|\n|-heal|p2a: Sableye|131/231 par|[from] item: Leftovers\n|upkeep\n|turn|16\n|\n|t:|1781430910\n|move|p1a: Eelektross|Knock Off|p2a: Sableye\n|-damage|p2a: Sableye|49/231 par\n|-enditem|p2a: Sableye|Leftovers|[from] move: Knock Off|[of] p1a: Eelektross\n|move|p2a: Sableye|Knock Off|p1a: Eelektross\n|-damage|p1a: Eelektross|191/290\n|-enditem|p1a: Eelektross|Assault Vest|[from] move: Knock Off|[of] p2a: Sableye\n|\n|upkeep\n|turn|17\n|\n|t:|1781430915\n|switch|p2a: Gogoat|Gogoat, L88, M|360/360\n|move|p1a: Eelektross|Discharge|p2a: Gogoat\n|-resisted|p2a: Gogoat\n|-damage|p2a: Gogoat|314/360\n|\n|-heal|p2a: Gogoat|336/360|[from] item: Leftovers\n|upkeep\n|turn|18\n|\n|t:|1781430919\n|move|p2a: Gogoat|Horn Leech|p1a: Eelektross\n|-damage|p1a: Eelektross|91/290\n|-heal|p2a: Gogoat|360/360|[from] drain|[of] p1a: Eelektross\n|move|p1a: Eelektross|Flamethrower|p2a: Gogoat\n|-supereffective|p2a: Gogoat\n|-crit|p2a: Gogoat\n|-damage|p2a: Gogoat|124/360\n|\n|-heal|p2a: Gogoat|146/360|[from] item: Leftovers\n|upkeep\n|turn|19\n|\n|t:|1781430926\n|move|p2a: Gogoat|Horn Leech|p1a: Eelektross\n|-damage|p1a: Eelektross|0 fnt\n|-heal|p2a: Gogoat|192/360|[from] drain|[of] p1a: Eelektross\n|faint|p1a: Eelektross\n|\n|-heal|p2a: Gogoat|214/360|[from] item: Leftovers\n|upkeep\n|\n|t:|1781430946\n|switch|p1a: Granbull|Granbull, L88, F|203/302\n|-ability|p1a: Granbull|Intimidate|boost\n|-unboost|p2a: Gogoat|atk|1\n|turn|20\n|\n|t:|1781430951\n|switch|p2a: Cramorant|Cramorant, L86, M|261/261 par\n|move|p1a: Granbull|Play Rough|p2a: Cramorant\n|-damage|p2a: Cramorant|78/261 par\n|\n|-heal|p1a: Granbull|221/302|[from] item: Leftovers\n|upkeep\n|turn|21\n|\n|t:|1781430956\n|move|p1a: Granbull|Play Rough|p2a: Cramorant\n|-damage|p2a: Cramorant|0 fnt\n|faint|p2a: Cramorant\n|\n|-heal|p1a: Granbull|239/302|[from] item: Leftovers\n|upkeep\n|\n|t:|1781430957\n|switch|p2a: Grafaiai|Grafaiai, L86, F|249/249\n|turn|22\n|\n|t:|1781430968\n|-terastallize|p1a: Granbull|Ground\n|move|p2a: Grafaiai|Encore|p1a: Granbull\n|-start|p1a: Granbull|Encore\n|move|p1a: Granbull|Play Rough|p2a: Grafaiai\n|-resisted|p2a: Grafaiai\n|-damage|p2a: Grafaiai|180/249\n|\n|-heal|p1a: Granbull|257/302|[from] item: Leftovers\n|upkeep\n|turn|23\n|\n|t:|1781430974\n|switch|p1a: Sableye|Sableye, L88, M|229/231\n|move|p2a: Grafaiai|Knock Off|p1a: Sableye\n|-damage|p1a: Sableye|159/231\n|-enditem|p1a: Sableye|Leftovers|[from] move: Knock Off|[of] p2a: Grafaiai\n|\n|upkeep\n|turn|24\n|\n|t:|1781430981\n|move|p2a: Grafaiai|Gunk Shot|p1a: Sableye\n|-resisted|p1a: Sableye\n|-damage|p1a: Sableye|87/231\n|move|p1a: Sableye|Knock Off|p2a: Grafaiai\n|-damage|p2a: Grafaiai|59/249\n|-enditem|p2a: Grafaiai|Heavy-Duty Boots|[from] move: Knock Off|[of] p1a: Sableye\n|\n|upkeep\n|turn|25\n|\n|t:|1781430991\n|move|p1a: Sableye|Recover|p1a: Sableye\n|-heal|p1a: Sableye|203/231\n|move|p2a: Grafaiai|Gunk Shot|p1a: Sableye\n|-resisted|p1a: Sableye\n|-damage|p1a: Sableye|133/231\n|-status|p1a: Sableye|psn\n|\n|-damage|p1a: Sableye|105/231 psn|[from] psn\n|upkeep\n|turn|26\n|\n|t:|1781430996\n|switch|p2a: Sableye|Sableye, L88, F|49/231 par\n|move|p1a: Sableye|Thunder Wave|p2a: Sableye\n|-hint|Since gen 7, Dark is immune to Prankster moves.\n|-immune|p2a: Sableye\n|\n|-damage|p1a: Sableye|77/231 psn|[from] psn\n|upkeep\n|turn|27\n|\n|t:|1781430998\n|move|p2a: Sableye|Recover|p2a: Sableye\n|-heal|p2a: Sableye|165/231 par\n|move|p1a: Sableye|Knock Off|p2a: Sableye\n|-damage|p2a: Sableye|96/231 par\n|\n|-damage|p1a: Sableye|49/231 psn|[from] psn\n|upkeep\n|turn|28\n|\n|t:|1781431002\n|move|p1a: Sableye|Recover|p1a: Sableye\n|-heal|p1a: Sableye|165/231 psn\n|move|p2a: Sableye|Knock Off|p1a: Sableye\n|-damage|p1a: Sableye|99/231 psn\n|\n|-damage|p1a: Sableye|71/231 psn|[from] psn\n|upkeep\n|turn|29\n|\n|t:|1781431007\n|move|p1a: Sableye|Recover|p1a: Sableye\n|-heal|p1a: Sableye|187/231 psn\n|move|p2a: Sableye|Recover|p2a: Sableye\n|-heal|p2a: Sableye|212/231 par\n|\n|-damage|p1a: Sableye|159/231 psn|[from] psn\n|upkeep\n|turn|30\n|\n|t:|1781431010\n|switch|p1a: Granbull|Granbull, L88, F, tera:Ground|257/302\n|-ability|p1a: Granbull|Intimidate|boost\n|-unboost|p2a: Sableye|atk|1\n|move|p2a: Sableye|Knock Off|p1a: Granbull\n|-damage|p1a: Granbull|187/302\n|-enditem|p1a: Granbull|Leftovers|[from] move: Knock Off|[of] p2a: Sableye\n|\n|upkeep\n|turn|31\n|\n|t:|1781431019\n|switch|p2a: Grafaiai|Grafaiai, L86, F|59/249\n|move|p1a: Granbull|Earthquake|p2a: Grafaiai\n|-supereffective|p2a: Grafaiai\n|-damage|p2a: Grafaiai|0 fnt\n|faint|p2a: Grafaiai\n|\n|upkeep\n|\n|t:|1781431021\n|switch|p2a: Gogoat|Gogoat, L88, M|214/360\n|turn|32\n|\n|t:|1781431025\n|switch|p1a: Sableye|Sableye, L88, M|159/231 psn\n|move|p2a: Gogoat|Horn Leech|p1a: Sableye\n|-damage|p1a: Sableye|68/231 psn\n|-heal|p2a: Gogoat|260/360|[from] drain|[of] p1a: Sableye\n|\n|-heal|p2a: Gogoat|282/360|[from] item: Leftovers\n|-damage|p1a: Sableye|40/231 psn|[from] psn\n|upkeep\n|turn|33\n|\n|t:|1781431034\n|-terastallize|p2a: Gogoat|Ground\n|move|p1a: Sableye|Recover|p1a: Sableye\n|-heal|p1a: Sableye|156/231 psn\n|move|p2a: Gogoat|Horn Leech|p1a: Sableye\n|-damage|p1a: Sableye|62/231 psn\n|-heal|p2a: Gogoat|329/360|[from] drain|[of] p1a: Sableye\n|\n|-heal|p2a: Gogoat|351/360|[from] item: Leftovers\n|-damage|p1a: Sableye|34/231 psn|[from] psn\n|upkeep\n|turn|34\n|\n|t:|1781431046\n|move|p2a: Gogoat|Horn Leech|p1a: Sableye\n|-damage|p1a: Sableye|0 fnt\n|-heal|p2a: Gogoat|360/360|[from] drain|[of] p1a: Sableye\n|faint|p1a: Sableye\n|\n|upkeep\n|\n|t:|1781431048\n|switch|p1a: Hitmontop|Hitmontop, L88, M|231/231\n|turn|35\n|\n|t:|1781431055\n|move|p1a: Hitmontop|Bulk Up|p1a: Hitmontop\n|-boost|p1a: Hitmontop|atk|1\n|-boost|p1a: Hitmontop|def|1\n|move|p2a: Gogoat|Horn Leech|p1a: Hitmontop\n|-damage|p1a: Hitmontop|180/231\n|\n|-heal|p1a: Hitmontop|194/231|[from] item: Leftovers\n|upkeep\n|turn|36\n|\n|t:|1781431059\n|switch|p2a: Sableye|Sableye, L88, F|212/231 par\n|move|p1a: Hitmontop|Triple Axel|p2a: Sableye\n|-damage|p2a: Sableye|171/231 par\n|-damage|p2a: Sableye|100/231 par\n|-damage|p2a: Sableye|0 fnt\n|faint|p2a: Sableye\n|-hitcount|p2: Sableye|3\n|\n|-heal|p1a: Hitmontop|208/231|[from] item: Leftovers\n|upkeep\n|\n|t:|1781431065\n|switch|p2a: Slaking|Slaking, L84, M|325/389\n|turn|37\n|\n|t:|1781431078\n|switch|p1a: Granbull|Granbull, L88, F, tera:Ground|187/302\n|-ability|p1a: Granbull|Intimidate|boost\n|-unboost|p2a: Slaking|atk|1\n|move|p2a: Slaking|Giga Impact|p1a: Granbull\n|-damage|p1a: Granbull|0 fnt\n|-mustrecharge|p2a: Slaking\n|faint|p1a: Granbull\n|\n|upkeep\n|\n|t:|1781431081\n|switch|p1a: Hitmontop|Hitmontop, L88, M|208/231\n|turn|38\n|\n|t:|1781431084\n|cant|p2a: Slaking|recharge\n|move|p1a: Hitmontop|Bulk Up|p1a: Hitmontop\n|-boost|p1a: Hitmontop|atk|1\n|-boost|p1a: Hitmontop|def|1\n|\n|-heal|p1a: Hitmontop|222/231|[from] item: Leftovers\n|upkeep\n|turn|39\n|\n|t:|1781431100\n|move|p2a: Slaking|Giga Impact|p1a: Hitmontop\n|-damage|p1a: Hitmontop|86/231\n|-mustrecharge|p2a: Slaking\n|move|p1a: Hitmontop|Close Combat|p2a: Slaking\n|-supereffective|p2a: Slaking\n|-damage|p2a: Slaking|0 fnt\n|-unboost|p1a: Hitmontop|def|1\n|-unboost|p1a: Hitmontop|spd|1\n|faint|p2a: Slaking\n|\n|-heal|p1a: Hitmontop|100/231|[from] item: Leftovers\n|upkeep\n|\n|t:|1781431104\n|switch|p2a: Gogoat|Gogoat, L88, M, tera:Ground|360/360\n|turn|40\n|\n|t:|1781431111\n|move|p1a: Hitmontop|Triple Axel|p2a: Gogoat\n|-supereffective|p2a: Gogoat\n|-damage|p2a: Gogoat|274/360\n|-supereffective|p2a: Gogoat\n|-damage|p2a: Gogoat|118/360\n|-supereffective|p2a: Gogoat\n|-damage|p2a: Gogoat|0 fnt\n|faint|p2a: Gogoat\n|-hitcount|p2: Gogoat|3\n|\n|win|Jadasteel\n", "uploadtime": 1781430763, "views": 3, "formatid": "gen9randombattle", "rating": null, "private": 0, "password": null}