{"id": "gen9randombattle-2631499985", "format": "[Gen 9] Random Battle", "players": ["Jefejenaro", "vexdelised"], "log": "|j|\u2606Jefejenaro\n|j|\u2606vexdelised\n|t:|1781392950\n|gametype|singles\n|player|p1|Jefejenaro|wallace|1942\n|player|p2|vexdelised|hooligans|1941\n|gen|9\n|tier|[Gen 9] Random Battle\n|rated|\n|rule|Species Clause: Limit one of each Pok\u00e9mon\n|rule|HP Percentage Mod: HP is shown in percentages\n|rule|Sleep Clause Mod: Limit one foe put to sleep\n|rule|Illusion Level Mod: Illusion disguises the Pok\u00e9mon's true level\n|\n|t:|1781392950\n|teamsize|p1|6\n|teamsize|p2|6\n|start\n|switch|p1a: Luxray|Luxray, L88, F|284/284\n|switch|p2a: Kricketune|Kricketune, L99, F|311/311\n|-ability|p1a: Luxray|Intimidate|boost\n|-unboost|p2a: Kricketune|atk|1\n|turn|1\n|inactive|Battle timer is ON: inactive players will automatically lose when time's up. (requested by vexdelised)\n|\n|t:|1781392969\n|move|p2a: Kricketune|Sticky Web|p1a: Luxray\n|-sidestart|p1: Jefejenaro|move: Sticky Web\n|move|p1a: Luxray|Wild Charge|p2a: Kricketune\n|-damage|p2a: Kricketune|157/311\n|-damage|p1a: Luxray|245/284|[from] Recoil\n|\n|upkeep\n|turn|2\n|\n|t:|1781392995\n|move|p2a: Kricketune|Pounce|p1a: Luxray\n|-damage|p1a: Luxray|179/284\n|-unboost|p1a: Luxray|spe|1\n|move|p1a: Luxray|Wild Charge|p2a: Kricketune\n|-damage|p2a: Kricketune|0 fnt\n|faint|p2a: Kricketune\n|-damage|p1a: Luxray|140/284|[from] Recoil\n|\n|upkeep\n|\n|t:|1781393010\n|switch|p2a: Bombirdier|Bombirdier, L85, F|258/258\n|turn|3\n|\n|t:|1781393029\n|switch|p1a: Mandibuzz|Mandibuzz, L85, F|326/326\n|move|p2a: Bombirdier|Knock Off|p1a: Mandibuzz\n|-resisted|p1a: Mandibuzz\n|-damage|p1a: Mandibuzz|254/326\n|-enditem|p1a: Mandibuzz|Heavy-Duty Boots|[from] move: Knock Off|[of] p2a: Bombirdier\n|\n|upkeep\n|turn|4\n|\n|t:|1781393044\n|switch|p2a: Florges|Florges-Blue, L85, F|271/271\n|move|p1a: Mandibuzz|Defog|p2a: Florges\n|-unboost|p2a: Florges|evasion|1\n|-sideend|p1: Jefejenaro|Sticky Web|[from] move: Defog|[of] p1a: Mandibuzz\n|\n|upkeep\n|turn|5\n|\n|t:|1781393054\n|switch|p1a: Regice|Regice, L88|284/284\n|move|p2a: Florges|Calm Mind|p2a: Florges\n|-boost|p2a: Florges|spa|1\n|-boost|p2a: Florges|spd|1\n|\n|upkeep\n|turn|6\n|\n|t:|1781393074\n|move|p2a: Florges|Calm Mind|p2a: Florges\n|-boost|p2a: Florges|spa|1\n|-boost|p2a: Florges|spd|1\n|move|p1a: Regice|Thunder Wave|p2a: Florges\n|-status|p2a: Florges|par\n|\n|upkeep\n|turn|7\n|\n|t:|1781393093\n|switch|p1a: Raichu|Raichu, L88, F|249/249\n|move|p2a: Florges|Moonblast|p1a: Raichu\n|-crit|p1a: Raichu\n|-damage|p1a: Raichu|2/249\n|\n|upkeep\n|turn|8\n|\n|t:|1781393105\n|move|p1a: Raichu|Knock Off|p2a: Florges\n|-resisted|p2a: Florges\n|-damage|p2a: Florges|228/271 par\n|-enditem|p2a: Florges|Leftovers|[from] move: Knock Off|[of] p1a: Raichu\n|move|p2a: Florges|Moonblast|p1a: Raichu\n|-damage|p1a: Raichu|0 fnt\n|faint|p1a: Raichu\n|\n|upkeep\n|inactive|Jefejenaro has 120 seconds left.\n|\n|t:|1781393133\n|switch|p1a: Jumpluff|Jumpluff, L87, M|271/271\n|turn|9\n|\n|t:|1781393143\n|move|p1a: Jumpluff|Acrobatics|p2a: Florges\n|-damage|p2a: Florges|134/271 par\n|cant|p2a: Florges|par\n|\n|upkeep\n|turn|10\n|\n|t:|1781393147\n|move|p1a: Jumpluff|Acrobatics|p2a: Florges\n|-damage|p2a: Florges|43/271 par\n|cant|p2a: Florges|par\n|\n|upkeep\n|turn|11\n|\n|t:|1781393163\n|move|p1a: Jumpluff|Acrobatics|p2a: Florges\n|-crit|p2a: Florges\n|-damage|p2a: Florges|0 fnt\n|faint|p2a: Florges\n|\n|upkeep\n|\n|t:|1781393182\n|switch|p2a: Iron Thorns|Iron Thorns, L83|302/302\n|-enditem|p2a: Iron Thorns|Booster Energy\n|-activate|p2a: Iron Thorns|ability: Quark Drive|[fromitem]\n|-start|p2a: Iron Thorns|quarkdriveatk\n|turn|12\n|\n|t:|1781393201\n|move|p1a: Jumpluff|Sleep Powder|p2a: Iron Thorns\n|-status|p2a: Iron Thorns|slp|[from] move: Sleep Powder\n|cant|p2a: Iron Thorns|slp\n|\n|upkeep\n|turn|13\n|\n|t:|1781393212\n|move|p1a: Jumpluff|Strength Sap|p2a: Iron Thorns\n|-unboost|p2a: Iron Thorns|atk|1\n|-curestatus|p2a: Iron Thorns|slp|[msg]\n|move|p2a: Iron Thorns|Dragon Dance|p2a: Iron Thorns\n|-boost|p2a: Iron Thorns|atk|1\n|-boost|p2a: Iron Thorns|spe|1\n|\n|upkeep\n|turn|14\n|\n|t:|1781393220\n|switch|p1a: Luxray|Luxray, L88, F|140/284\n|-ability|p1a: Luxray|Intimidate|boost\n|-unboost|p2a: Iron Thorns|atk|1\n|move|p2a: Iron Thorns|Stone Edge|p1a: Luxray|[miss]\n|-miss|p2a: Iron Thorns|p1a: Luxray\n|\n|upkeep\n|turn|15\n|\n|t:|1781393228\n|move|p2a: Iron Thorns|Dragon Dance|p2a: Iron Thorns\n|-boost|p2a: Iron Thorns|atk|1\n|-boost|p2a: Iron Thorns|spe|1\n|move|p1a: Luxray|Volt Switch|p2a: Iron Thorns\n|-resisted|p2a: Iron Thorns\n|-damage|p2a: Iron Thorns|263/302\n|\n|t:|1781393242\n|switch|p1a: Shiftry|Shiftry, L89, F|305/305|[from] Volt Switch\n|\n|upkeep\n|turn|16\n|\n|t:|1781393257\n|-end|p2a: Iron Thorns|Quark Drive|[silent]\n|switch|p2a: Iron Jugulis|Iron Jugulis, L77|271/271\n|move|p1a: Shiftry|Leaf Blade|p2a: Iron Jugulis\n|-resisted|p2a: Iron Jugulis\n|-damage|p2a: Iron Jugulis|200/271\n|-damage|p1a: Shiftry|275/305|[from] item: Life Orb\n|\n|upkeep\n|turn|17\n|\n|t:|1781393270\n|switch|p1a: Mandibuzz|Mandibuzz, L85, F|254/326\n|move|p2a: Iron Jugulis|Meteor Beam||[still]\n|-prepare|p2a: Iron Jugulis|Meteor Beam\n|-boost|p2a: Iron Jugulis|spa|1\n|-enditem|p2a: Iron Jugulis|Power Herb\n|-anim|p2a: Iron Jugulis|Meteor Beam|p1a: Mandibuzz\n|-supereffective|p1a: Mandibuzz\n|-damage|p1a: Mandibuzz|8/326\n|\n|upkeep\n|turn|18\n|\n|t:|1781393279\n|move|p2a: Iron Jugulis|Dark Pulse|p1a: Mandibuzz\n|-resisted|p1a: Mandibuzz\n|-damage|p1a: Mandibuzz|0 fnt\n|faint|p1a: Mandibuzz\n|\n|upkeep\n|\n|t:|1781393301\n|switch|p1a: Regice|Regice, L88|284/284\n|turn|19\n|inactive|vexdelised has 120 seconds left.\n|\n|t:|1781393347\n|-end|p2a: Iron Jugulis|Quark Drive|[silent]\n|switch|p2a: Iron Thorns|Iron Thorns, L83|263/302\n|move|p1a: Regice|Ice Beam|p2a: Iron Thorns\n|-damage|p2a: Iron Thorns|140/302\n|\n|upkeep\n|turn|20\n|\n|t:|1781393368\n|switch|p1a: Luxray|Luxray, L88, F|140/284\n|-ability|p1a: Luxray|Intimidate|boost\n|-unboost|p2a: Iron Thorns|atk|1\n|move|p2a: Iron Thorns|Dragon Dance|p2a: Iron Thorns\n|-boost|p2a: Iron Thorns|atk|1\n|-boost|p2a: Iron Thorns|spe|1\n|\n|upkeep\n|turn|21\n|\n|t:|1781393374\n|move|p2a: Iron Thorns|Earthquake|p1a: Luxray\n|-supereffective|p1a: Luxray\n|-damage|p1a: Luxray|0 fnt\n|faint|p1a: Luxray\n|\n|upkeep\n|\n|t:|1781393379\n|switch|p1a: Shiftry|Shiftry, L89, F|275/305\n|turn|22\n|\n|t:|1781393385\n|-end|p2a: Iron Thorns|Quark Drive|[silent]\n|switch|p2a: Iron Jugulis|Iron Jugulis, L77|200/271\n|move|p1a: Shiftry|Tailwind|p1a: Shiftry\n|-sidestart|p1: Jefejenaro|move: Tailwind\n|-ability|p1a: Shiftry|Wind Rider|boost\n|-boost|p1a: Shiftry|atk|1\n|\n|upkeep\n|turn|23\n|\n|t:|1781393406\n|switch|p1a: Regice|Regice, L88|284/284\n|move|p2a: Iron Jugulis|Meteor Beam||[still]\n|-prepare|p2a: Iron Jugulis|Meteor Beam\n|-boost|p2a: Iron Jugulis|spa|1\n|\n|upkeep\n|turn|24\n|\n|t:|1781393412\n|move|p1a: Regice|Ice Beam|p2a: Iron Jugulis\n|-supereffective|p2a: Iron Jugulis\n|-damage|p2a: Iron Jugulis|0 fnt\n|faint|p2a: Iron Jugulis\n|-end|p2a: Iron Jugulis|Quark Drive|[silent]\n|\n|upkeep\n|\n|t:|1781393419\n|switch|p2a: Bombirdier|Bombirdier, L85, F|258/258\n|turn|25\n|\n|t:|1781393423\n|move|p1a: Regice|Ice Beam|p2a: Bombirdier\n|-supereffective|p2a: Bombirdier\n|-damage|p2a: Bombirdier|46/258\n|move|p2a: Bombirdier|Stone Edge|p1a: Regice|[miss]\n|-miss|p2a: Bombirdier|p1a: Regice\n|\n|-sideend|p1: Jefejenaro|move: Tailwind\n|upkeep\n|turn|26\n|\n|t:|1781393430\n|switch|p1a: Jumpluff|Jumpluff, L87, M|271/271\n|move|p2a: Bombirdier|Stone Edge|p1a: Jumpluff|[miss]\n|-miss|p2a: Bombirdier|p1a: Jumpluff\n|\n|upkeep\n|turn|27\n|c|\u2606vexdelised|are u serious game\n|\n|t:|1781393443\n|move|p1a: Jumpluff|Acrobatics|p2a: Bombirdier\n|-damage|p2a: Bombirdier|0 fnt\n|faint|p2a: Bombirdier\n|\n|upkeep\n|\n|t:|1781393462\n|switch|p2a: Iron Thorns|Iron Thorns, L83|140/302\n|turn|28\n|\n|t:|1781393476\n|move|p1a: Jumpluff|Sleep Powder|p2a: Iron Thorns\n|-status|p2a: Iron Thorns|slp|[from] move: Sleep Powder\n|cant|p2a: Iron Thorns|slp\n|\n|upkeep\n|turn|29\n|\n|t:|1781393482\n|move|p1a: Jumpluff|U-turn|p2a: Iron Thorns\n|-damage|p2a: Iron Thorns|112/302 slp\n|\n|t:|1781393484\n|switch|p1a: Shiftry|Shiftry, L89, F|275/305|[from] U-turn\n|cant|p2a: Iron Thorns|slp\n|\n|upkeep\n|turn|30\n|\n|t:|1781393487\n|move|p1a: Shiftry|Leaf Blade|p2a: Iron Thorns\n|-supereffective|p2a: Iron Thorns\n|-damage|p2a: Iron Thorns|0 fnt\n|faint|p2a: Iron Thorns\n|-end|p2a: Iron Thorns|Quark Drive|[silent]\n|-damage|p1a: Shiftry|245/305|[from] item: Life Orb\n|\n|upkeep\n|\n|t:|1781393490\n|switch|p2a: Latias|Latias, L79, F|256/256\n|turn|31\n|\n|t:|1781393505\n|-terastallize|p2a: Latias|Steel\n|move|p2a: Latias|Calm Mind|p2a: Latias\n|-boost|p2a: Latias|spa|1\n|-boost|p2a: Latias|spd|1\n|move|p1a: Shiftry|Tailwind|p1a: Shiftry\n|-sidestart|p1: Jefejenaro|move: Tailwind\n|-ability|p1a: Shiftry|Wind Rider|boost\n|-boost|p1a: Shiftry|atk|1\n|\n|upkeep\n|turn|32\n|\n|t:|1781393525\n|-terastallize|p1a: Shiftry|Dark\n|move|p1a: Shiftry|Knock Off|p2a: Latias\n|-damage|p2a: Latias|0 fnt\n|-enditem|p2a: Latias|Soul Dew|[from] move: Knock Off|[of] p1a: Shiftry\n|faint|p2a: Latias\n|-damage|p1a: Shiftry|215/305|[from] item: Life Orb\n|\n|win|Jefejenaro\n", "uploadtime": 1781392952, "views": 3, "formatid": "gen9randombattle", "rating": null, "private": 0, "password": null}