{"id": "gen9randombattle-2631665202", "format": "[Gen 9] Random Battle", "players": ["toxic_manchild", "The_Real_Zenshi"], "log": "|j|\u2606toxic_manchild\n|j|\u2606The_Real_Zenshi\n|t:|1781417623\n|gametype|singles\n|player|p1|toxic_manchild|101|1305\n|player|p2|The_Real_Zenshi|red|1321\n|gen|9\n|tier|[Gen 9] Random Battle\n|rated|\n|rule|Species Clause: Limit one of each Pok\u00e9mon\n|rule|HP Percentage Mod: HP is shown in percentages\n|rule|Sleep Clause Mod: Limit one foe put to sleep\n|rule|Illusion Level Mod: Illusion disguises the Pok\u00e9mon's true level\n|\n|t:|1781417623\n|teamsize|p1|6\n|teamsize|p2|6\n|start\n|switch|p1a: Azumarill|Azumarill, L82, F|298/298\n|switch|p2a: Archaludon|Archaludon, L78, M|268/268\n|turn|1\n|inactive|Battle timer is ON: inactive players will automatically lose when time's up. (requested by The_Real_Zenshi)\n|l|\u2606toxic_manchild\n|inactive|toxic_manchild disconnected and has a minute to reconnect!\n|player|p1|\n|j|\u2606toxic_manchild\n|inactive|toxic_manchild reconnected and has 130 seconds left.\n|player|p1|toxic_manchild|101|\n|inactive|toxic_manchild has 120 seconds left.\n|\n|t:|1781417656\n|switch|p1a: Torterra|Torterra, L78, F|276/276\n|move|p2a: Archaludon|Thunder Wave|p1a: Torterra\n|-immune|p1a: Torterra\n|\n|upkeep\n|turn|2\n|\n|t:|1781417667\n|move|p2a: Archaludon|Body Press|p1a: Torterra\n|-damage|p1a: Torterra|221/276\n|move|p1a: Torterra|Shell Smash|p1a: Torterra\n|-unboost|p1a: Torterra|def|1\n|-unboost|p1a: Torterra|spd|1\n|-boost|p1a: Torterra|atk|2\n|-boost|p1a: Torterra|spa|2\n|-boost|p1a: Torterra|spe|2\n|\n|upkeep\n|turn|3\n|\n|t:|1781417685\n|move|p1a: Torterra|Headlong Rush|p2a: Archaludon\n|-supereffective|p2a: Archaludon\n|-damage|p2a: Archaludon|0 fnt\n|-unboost|p1a: Torterra|def|1\n|-unboost|p1a: Torterra|spd|1\n|faint|p2a: Archaludon\n|\n|upkeep\n|\n|t:|1781417702\n|switch|p2a: Manaphy|Manaphy, L78|284/284\n|turn|4\n|\n|t:|1781417709\n|switch|p1a: Dewgong|Dewgong, L94, M|322/322\n|move|p2a: Manaphy|Ice Beam|p1a: Dewgong\n|-resisted|p1a: Dewgong\n|-damage|p1a: Dewgong|318/322\n|\n|upkeep\n|turn|5\n|l|\u2606toxic_manchild\n|inactive|toxic_manchild disconnected and has a minute to reconnect!\n|player|p1|\n|\n|t:|1781417722\n|switch|p2a: Venusaur|Venusaur, L84, M|272/272\n|move|p1a: Dewgong|Flip Turn|p2a: Venusaur\n|-resisted|p2a: Venusaur\n|-damage|p2a: Venusaur|241/272\n|inactive|toxic_manchild has 30 seconds to reconnect!\n|inactive|toxic_manchild has 20 seconds to reconnect!\n|inactive|toxic_manchild has 15 seconds to reconnect!\n|inactive|toxic_manchild has 10 seconds to reconnect!\n|inactive|toxic_manchild has 5 seconds to reconnect!\n|j|\u2606toxic_manchild\n|inactive|toxic_manchild reconnected and has 95 seconds left.\n|player|p1|toxic_manchild|101|\n|inactive|toxic_manchild has 90 seconds left.\n|\n|t:|1781417790\n|switch|p1a: Torterra|Torterra, L78, F|221/276|[from] Flip Turn\n|\n|-heal|p2a: Venusaur|258/272|[from] item: Leftovers\n|upkeep\n|turn|6\n|\n|t:|1781417797\n|move|p2a: Venusaur|Sludge Bomb|p1a: Torterra\n|-damage|p1a: Torterra|112/276\n|-status|p1a: Torterra|psn\n|move|p1a: Torterra|Headlong Rush|p2a: Venusaur\n|-damage|p2a: Venusaur|122/272\n|-unboost|p1a: Torterra|def|1\n|-unboost|p1a: Torterra|spd|1\n|\n|-heal|p2a: Venusaur|139/272|[from] item: Leftovers\n|-damage|p1a: Torterra|78/276 psn|[from] psn\n|upkeep\n|turn|7\n|\n|t:|1781417804\n|move|p2a: Venusaur|Sludge Bomb|p1a: Torterra\n|-damage|p1a: Torterra|0 fnt\n|faint|p1a: Torterra\n|\n|-heal|p2a: Venusaur|156/272|[from] item: Leftovers\n|upkeep\n|\n|t:|1781417815\n|switch|p1a: Bombirdier|Bombirdier, L85, F|258/258\n|turn|8\n|\n|t:|1781417819\n|move|p1a: Bombirdier|Brave Bird|p2a: Venusaur\n|-supereffective|p2a: Venusaur\n|-damage|p2a: Venusaur|0 fnt\n|faint|p2a: Venusaur\n|-damage|p1a: Bombirdier|207/258|[from] Recoil\n|\n|upkeep\n|\n|t:|1781417825\n|switch|p2a: Krookodile|Krookodile, L79, M|280/280\n|-ability|p2a: Krookodile|Intimidate|boost\n|-unboost|p1a: Bombirdier|atk|1\n|turn|9\n|inactive|toxic_manchild has 120 seconds left.\n|\n|t:|1781417832\n|switch|p1a: Azumarill|Azumarill, L82, F|298/298\n|move|p2a: Krookodile|Stealth Rock|p1a: Azumarill\n|-sidestart|p1: toxic_manchild|move: Stealth Rock\n|\n|upkeep\n|turn|10\n|\n|t:|1781417840\n|switch|p2a: Manaphy|Manaphy, L78|284/284\n|move|p1a: Azumarill|Belly Drum|p1a: Azumarill\n|-damage|p1a: Azumarill|149/298\n|-setboost|p1a: Azumarill|atk|6|[from] move: Belly Drum\n|-enditem|p1a: Azumarill|Sitrus Berry|[eat]\n|-heal|p1a: Azumarill|223/298|[from] item: Sitrus Berry\n|\n|upkeep\n|turn|11\n|\n|t:|1781417847\n|move|p2a: Manaphy|Energy Ball|p1a: Azumarill\n|-supereffective|p1a: Azumarill\n|-damage|p1a: Azumarill|95/298\n|move|p1a: Azumarill|Play Rough|p2a: Manaphy\n|-damage|p2a: Manaphy|0 fnt\n|faint|p2a: Manaphy\n|\n|upkeep\n|\n|t:|1781417856\n|switch|p2a: Rampardos|Rampardos, L90, M|321/321\n|turn|12\n|\n|t:|1781417861\n|move|p1a: Azumarill|Aqua Jet|p2a: Rampardos\n|-supereffective|p2a: Rampardos\n|-damage|p2a: Rampardos|0 fnt\n|faint|p2a: Rampardos\n|\n|upkeep\n|\n|t:|1781417872\n|switch|p2a: Volcarona|Volcarona, L77, M|257/257\n|turn|13\n|\n|t:|1781417876\n|-terastallize|p2a: Volcarona|Grass\n|move|p1a: Azumarill|Aqua Jet|p2a: Volcarona\n|-resisted|p2a: Volcarona\n|-damage|p2a: Volcarona|126/257\n|move|p2a: Volcarona|Quiver Dance|p2a: Volcarona\n|-boost|p2a: Volcarona|spa|1\n|-boost|p2a: Volcarona|spd|1\n|-boost|p2a: Volcarona|spe|1\n|\n|upkeep\n|turn|14\n|\n|t:|1781417880\n|move|p1a: Azumarill|Aqua Jet|p2a: Volcarona\n|-resisted|p2a: Volcarona\n|-damage|p2a: Volcarona|3/257\n|move|p2a: Volcarona|Giga Drain|p1a: Azumarill\n|-supereffective|p1a: Azumarill\n|-damage|p1a: Azumarill|0 fnt\n|-heal|p2a: Volcarona|51/257|[from] drain|[of] p1a: Azumarill\n|faint|p1a: Azumarill\n|\n|upkeep\n|\n|t:|1781417894\n|switch|p1a: Clefable|Clefable, L83, M|293/293\n|-damage|p1a: Clefable|257/293|[from] Stealth Rock\n|turn|15\n|\n|t:|1781417904\n|move|p2a: Volcarona|Giga Drain|p1a: Clefable\n|-damage|p1a: Clefable|175/293\n|-heal|p2a: Volcarona|92/257|[from] drain|[of] p1a: Clefable\n|move|p1a: Clefable|Moonblast|p2a: Volcarona\n|-damage|p2a: Volcarona|2/257\n|\n|-heal|p1a: Clefable|193/293|[from] item: Leftovers\n|upkeep\n|turn|16\n|\n|t:|1781417908\n|move|p2a: Volcarona|Giga Drain|p1a: Clefable\n|-damage|p1a: Clefable|102/293\n|-heal|p2a: Volcarona|48/257|[from] drain|[of] p1a: Clefable\n|move|p1a: Clefable|Moonblast|p2a: Volcarona\n|-damage|p2a: Volcarona|0 fnt\n|faint|p2a: Volcarona\n|\n|-heal|p1a: Clefable|120/293|[from] item: Leftovers\n|upkeep\n|\n|t:|1781417912\n|switch|p2a: Krookodile|Krookodile, L79, M|280/280\n|-ability|p2a: Krookodile|Intimidate|boost\n|-unboost|p1a: Clefable|atk|1\n|turn|17\n|\n|t:|1781417923\n|move|p2a: Krookodile|Stone Edge|p1a: Clefable\n|-damage|p1a: Clefable|17/293\n|-damage|p2a: Krookodile|252/280|[from] item: Life Orb\n|move|p1a: Clefable|Moonblast|p2a: Krookodile\n|-supereffective|p2a: Krookodile\n|-damage|p2a: Krookodile|0 fnt\n|faint|p2a: Krookodile\n|\n|win|toxic_manchild\n|raw|toxic_manchild's rating: 1305 &rarr; <strong>1326</strong><br />(+21 for winning)\n|raw|The_Real_Zenshi's rating: 1321 &rarr; <strong>1300</strong><br />(-21 for losing)\n", "uploadtime": 1781417925, "views": 2, "formatid": "gen9randombattle", "rating": 1300, "private": 0, "password": null}