{"id": "gen9randombattle-2631842411", "format": "[Gen 9] Random Battle", "players": ["quin&slash", "Micael Lopes"], "log": "|j|\u2606quin&slash\n|j|\u2606Micael Lopes\n|t:|1781447047\n|gametype|singles\n|player|p1|quin&slash|morty|1584\n|player|p2|Micael Lopes|benga|1602\n|gen|9\n|tier|[Gen 9] Random Battle\n|rated|\n|rule|Species Clause: Limit one of each Pok\u00e9mon\n|rule|HP Percentage Mod: HP is shown in percentages\n|rule|Sleep Clause Mod: Limit one foe put to sleep\n|rule|Illusion Level Mod: Illusion disguises the Pok\u00e9mon's true level\n|\n|t:|1781447047\n|teamsize|p1|6\n|teamsize|p2|6\n|start\n|switch|p1a: Tropius|Tropius, L91, M|328/328\n|switch|p2a: Piloswine|Piloswine, L85, F|309/309\n|turn|1\n|inactive|Battle timer is ON: inactive players will automatically lose when time's up. (requested by Micael Lopes)\n|\n|t:|1781447065\n|switch|p1a: Rotom|Rotom-Heat, L83|219/219\n|move|p2a: Piloswine|Earthquake|p1a: Rotom\n|-immune|p1a: Rotom|[from] ability: Levitate\n|\n|upkeep\n|turn|2\n|\n|t:|1781447073\n|switch|p2a: Iron Moth|Iron Moth, L78|253/253\n|move|p1a: Rotom|Will-O-Wisp|p2a: Iron Moth\n|-immune|p2a: Iron Moth\n|\n|upkeep\n|turn|3\n|\n|t:|1781447088\n|switch|p1a: Rhydon|Rhydon, L85, F|317/317\n|move|p2a: Iron Moth|Toxic Spikes|p1a: Rhydon\n|-sidestart|p1: quin&slash|move: Toxic Spikes\n|\n|upkeep\n|turn|4\n|\n|t:|1781447100\n|move|p2a: Iron Moth|Energy Ball|p1a: Rhydon\n|-supereffective|p1a: Rhydon\n|-damage|p1a: Rhydon|17/317\n|move|p1a: Rhydon|Stealth Rock|p2a: Iron Moth\n|-sidestart|p2: Micael Lopes|move: Stealth Rock\n|\n|upkeep\n|turn|5\n|\n|t:|1781447108\n|move|p2a: Iron Moth|Sludge Wave|p1a: Rhydon\n|-resisted|p1a: Rhydon\n|-crit|p1a: Rhydon\n|-damage|p1a: Rhydon|0 fnt\n|faint|p1a: Rhydon\n|\n|upkeep\n|\n|t:|1781447119\n|switch|p1a: Zangoose|Zangoose, L85, F|263/263\n|-status|p1a: Zangoose|psn\n|turn|6\n|\n|t:|1781447124\n|move|p2a: Iron Moth|Toxic Spikes|p1a: Zangoose\n|-sidestart|p1: quin&slash|move: Toxic Spikes\n|move|p1a: Zangoose|Facade|p2a: Iron Moth\n|-damage|p2a: Iron Moth|0 fnt\n|faint|p2a: Iron Moth\n|-end|p2a: Iron Moth|Quark Drive|[silent]\n|\n|-damage|p1a: Zangoose|231/263 psn|[from] psn\n|upkeep\n|\n|t:|1781447129\n|switch|p2a: Piloswine|Piloswine, L85, F|309/309\n|-damage|p2a: Piloswine|271/309|[from] Stealth Rock\n|turn|7\n|\n|t:|1781447143\n|move|p1a: Zangoose|Swords Dance|p1a: Zangoose\n|-boost|p1a: Zangoose|atk|2\n|move|p2a: Piloswine|Earthquake|p1a: Zangoose\n|-damage|p1a: Zangoose|72/263 psn\n|\n|-damage|p1a: Zangoose|40/263 psn|[from] psn\n|upkeep\n|turn|8\n|\n|t:|1781447150\n|move|p1a: Zangoose|Quick Attack|p2a: Piloswine\n|-damage|p2a: Piloswine|160/309\n|move|p2a: Piloswine|Ice Shard|p1a: Zangoose\n|-damage|p1a: Zangoose|0 fnt\n|faint|p1a: Zangoose\n|\n|upkeep\n|\n|t:|1781447156\n|switch|p1a: Rotom|Rotom-Heat, L83|219/219\n|turn|9\n|\n|t:|1781447171\n|move|p1a: Rotom|Will-O-Wisp|p2a: Piloswine\n|-status|p2a: Piloswine|brn\n|move|p2a: Piloswine|Roar|p1a: Rotom\n|drag|p1a: Tropius|Tropius, L91, M|328/328\n|\n|-damage|p2a: Piloswine|141/309 brn|[from] brn\n|upkeep\n|turn|10\n|\n|t:|1781447178\n|switch|p1a: Rotom|Rotom-Heat, L83|219/219\n|move|p2a: Piloswine|Roar|p1a: Rotom\n|drag|p1a: Tropius|Tropius, L91, M|328/328\n|\n|-damage|p2a: Piloswine|122/309 brn|[from] brn\n|upkeep\n|turn|11\n|\n|t:|1781447181\n|switch|p1a: Rotom|Rotom-Heat, L83|219/219\n|move|p2a: Piloswine|Roar|p1a: Rotom\n|drag|p1a: Tropius|Tropius, L91, M|328/328\n|\n|-damage|p2a: Piloswine|103/309 brn|[from] brn\n|upkeep\n|turn|12\n|\n|t:|1781447186\n|switch|p1a: Rotom|Rotom-Heat, L83|219/219\n|move|p2a: Piloswine|Roar|p1a: Rotom\n|drag|p1a: Deoxys|Deoxys-Attack, L72|191/191\n|-status|p1a: Deoxys|tox\n|-ability|p1a: Deoxys|Pressure\n|\n|-damage|p1a: Deoxys|180/191 tox|[from] psn\n|-damage|p2a: Piloswine|84/309 brn|[from] brn\n|upkeep\n|turn|13\n|\n|t:|1781447193\n|move|p2a: Piloswine|Ice Shard|p1a: Deoxys\n|-damage|p1a: Deoxys|116/191 tox\n|move|p1a: Deoxys|Psycho Boost|p2a: Piloswine|[miss]\n|-miss|p1a: Deoxys|p2a: Piloswine\n|\n|-damage|p1a: Deoxys|94/191 tox|[from] psn\n|-damage|p2a: Piloswine|65/309 brn|[from] brn\n|upkeep\n|turn|14\n|\n|t:|1781447199\n|switch|p2a: Chi-Yu|Chi-Yu, L77|211/211\n|-ability|p2a: Chi-Yu|Beads of Ruin\n|move|p1a: Deoxys|Knock Off|p2a: Chi-Yu\n|-resisted|p2a: Chi-Yu\n|-damage|p2a: Chi-Yu|147/211\n|-enditem|p2a: Chi-Yu|Heavy-Duty Boots|[from] move: Knock Off|[of] p1a: Deoxys\n|-damage|p1a: Deoxys|75/191 tox|[from] item: Life Orb\n|\n|-damage|p1a: Deoxys|42/191 tox|[from] psn\n|upkeep\n|turn|15\n|\n|t:|1781447208\n|switch|p2a: Sylveon|Sylveon, L85, M|300/300\n|-damage|p2a: Sylveon|263/300|[from] Stealth Rock\n|move|p1a: Deoxys|Superpower|p2a: Sylveon\n|-resisted|p2a: Sylveon\n|-damage|p2a: Sylveon|175/300\n|-unboost|p1a: Deoxys|atk|1\n|-unboost|p1a: Deoxys|def|1\n|-damage|p1a: Deoxys|23/191 tox|[from] item: Life Orb\n|\n|-heal|p2a: Sylveon|193/300|[from] item: Leftovers\n|-damage|p1a: Deoxys|0 fnt|[from] psn\n|faint|p1a: Deoxys\n|upkeep\n|\n|t:|1781447236\n|switch|p1a: Tropius|Tropius, L91, M|328/328\n|turn|16\n|\n|t:|1781447241\n|move|p2a: Sylveon|Wish|p2a: Sylveon\n|move|p1a: Tropius|Dragon Dance|p1a: Tropius\n|-boost|p1a: Tropius|atk|1\n|-boost|p1a: Tropius|spe|1\n|\n|-heal|p2a: Sylveon|211/300|[from] item: Leftovers\n|upkeep\n|turn|17\n|\n|t:|1781447251\n|switch|p2a: Articuno|Articuno, L86|295/295\n|-ability|p2a: Articuno|Pressure\n|move|p1a: Tropius|Dragon Dance|p1a: Tropius\n|-boost|p1a: Tropius|atk|1\n|-boost|p1a: Tropius|spe|1\n|\n|upkeep\n|turn|18\n|\n|t:|1781447267\n|-terastallize|p1a: Tropius|Ground\n|move|p1a: Tropius|Dragon Dance|p1a: Tropius\n|-boost|p1a: Tropius|atk|1\n|-boost|p1a: Tropius|spe|1\n|move|p2a: Articuno|Haze|p2a: Articuno\n|-clearallboost\n|\n|upkeep\n|turn|19\n|-message|quin&slash forfeited.\n|\n|win|Micael Lopes\n|raw|quin&amp;slash's rating: 1584 &rarr; <strong>1565</strong><br />(-19 for losing)\n|raw|Micael Lopes's rating: 1602 &rarr; <strong>1621</strong><br />(+19 for winning)\n|l|\u2606quin&slash\n|player|p1|\n|c|\u2606Micael Lopes|**__Sexy game.__**\n", "uploadtime": 1781447277, "views": 6, "formatid": "gen9randombattle", "rating": 1565, "private": 0, "password": null}