{"id": "gen9randombattle-2631917370", "format": "[Gen 9] Random Battle", "players": ["annieliorate", "Micael Lopes"], "log": "|j|\u2606annieliorate\n|j|\u2606Micael Lopes\n|t:|1781455414\n|gametype|singles\n|player|p1|annieliorate|miku-flying|1733\n|player|p2|Micael Lopes|benga|1687\n|gen|9\n|tier|[Gen 9] Random Battle\n|rated|\n|rule|Species Clause: Limit one of each Pok\u00e9mon\n|rule|HP Percentage Mod: HP is shown in percentages\n|rule|Sleep Clause Mod: Limit one foe put to sleep\n|rule|Illusion Level Mod: Illusion disguises the Pok\u00e9mon's true level\n|\n|t:|1781455414\n|teamsize|p1|6\n|teamsize|p2|6\n|start\n|switch|p1a: Bombirdier|Bombirdier, L85, M|258/258\n|switch|p2a: Virizion|Virizion, L82|283/283\n|turn|1\n|inactive|Battle timer is ON: inactive players will automatically lose when time's up. (requested by Micael Lopes)\n|inactive|annieliorate also wants the timer to be on.\n|\n|t:|1781455425\n|-terastallize|p2a: Virizion|Rock\n|move|p2a: Virizion|Stone Edge|p1a: Bombirdier\n|-supereffective|p1a: Bombirdier\n|-damage|p1a: Bombirdier|29/258\n|-damage|p2a: Virizion|255/283|[from] item: Life Orb\n|move|p1a: Bombirdier|Brave Bird|p2a: Virizion\n|-resisted|p2a: Virizion\n|-damage|p2a: Virizion|180/283\n|-damage|p1a: Bombirdier|4/258|[from] Recoil\n|\n|upkeep\n|turn|2\n|\n|t:|1781455445\n|switch|p1a: Toedscruel|Toedscruel, L87, F|281/281\n|move|p2a: Virizion|Swords Dance|p2a: Virizion\n|-boost|p2a: Virizion|atk|2\n|\n|upkeep\n|turn|3\n|\n|t:|1781455460\n|move|p2a: Virizion|Close Combat|p1a: Toedscruel\n|-damage|p1a: Toedscruel|0 fnt\n|-unboost|p2a: Virizion|def|1\n|-unboost|p2a: Virizion|spd|1\n|faint|p1a: Toedscruel\n|-damage|p2a: Virizion|152/283|[from] item: Life Orb\n|\n|upkeep\n|\n|t:|1781455478\n|switch|p1a: Dunsparce|Dunsparce, L86, M|312/312\n|turn|4\n|\n|t:|1781455505\n|-terastallize|p1a: Dunsparce|Ghost\n|move|p2a: Virizion|Stone Edge|p1a: Dunsparce\n|-damage|p1a: Dunsparce|112/312\n|-damage|p2a: Virizion|124/283|[from] item: Life Orb\n|move|p1a: Dunsparce|Earthquake|p2a: Virizion\n|-supereffective|p2a: Virizion\n|-crit|p2a: Virizion\n|-damage|p2a: Virizion|0 fnt\n|faint|p2a: Virizion\n|\n|upkeep\n|\n|t:|1781455508\n|switch|p2a: Lokix|Lokix, L82, M|251/251\n|turn|5\n|\n|t:|1781455522\n|switch|p1a: Pelipper|Pelipper, L86, F|243/243\n|-weather|RainDance|[from] ability: Drizzle|[of] p1a: Pelipper\n|move|p2a: Lokix|Knock Off|p1a: Pelipper\n|-damage|p1a: Pelipper|136/243\n|-enditem|p1a: Pelipper|Heavy-Duty Boots|[from] move: Knock Off|[of] p2a: Lokix\n|-damage|p2a: Lokix|226/251|[from] item: Life Orb\n|\n|-weather|RainDance|[upkeep]\n|upkeep\n|turn|6\n|\n|t:|1781455529\n|switch|p2a: Kyogre|Kyogre, L71|259/259\n|move|p1a: Pelipper|Roost|p1a: Pelipper\n|-heal|p1a: Pelipper|243/243\n|-singleturn|p1a: Pelipper|move: Roost\n|\n|-weather|RainDance|[upkeep]\n|upkeep\n|turn|7\n|inactive|Micael Lopes has 120 seconds left.\n|\n|t:|1781455563\n|switch|p1a: Blissey|Blissey, L85, F|572/572\n|move|p2a: Kyogre|Thunder|p1a: Blissey\n|-damage|p1a: Blissey|519/572\n|\n|-weather|RainDance|[upkeep]\n|-heal|p1a: Blissey|554/572|[from] item: Leftovers\n|upkeep\n|turn|8\n|inactive|Micael Lopes has 120 seconds left.\n|\n|t:|1781455577\n|switch|p2a: Klefki|Klefki, L84, F|233/233\n|move|p1a: Blissey|Stealth Rock|p2a: Klefki\n|-sidestart|p2: Micael Lopes|move: Stealth Rock\n|\n|-weather|RainDance|[upkeep]\n|-heal|p1a: Blissey|572/572|[from] item: Leftovers\n|upkeep\n|turn|9\n|\n|t:|1781455597\n|move|p2a: Klefki|Spikes|p1a: Blissey\n|-sidestart|p1: annieliorate|Spikes\n|move|p1a: Blissey|Thunder Wave|p2a: Klefki\n|-status|p2a: Klefki|par\n|\n|-weather|none\n|upkeep\n|turn|10\n|\n|t:|1781455605\n|cant|p2a: Klefki|par\n|move|p1a: Blissey|Seismic Toss|p2a: Klefki\n|-damage|p2a: Klefki|148/233 par\n|\n|-heal|p2a: Klefki|162/233 par|[from] item: Leftovers\n|upkeep\n|turn|11\n|\n|t:|1781455618\n|switch|p1a: Dunsparce|Dunsparce, L86, M, tera:Ghost|112/312\n|-damage|p1a: Dunsparce|73/312|[from] Spikes\n|move|p2a: Klefki|Thunder Wave|p1a: Dunsparce\n|-status|p1a: Dunsparce|par\n|\n|-heal|p2a: Klefki|176/233 par|[from] item: Leftovers\n|upkeep\n|turn|12\n|\n|t:|1781455625\n|move|p2a: Klefki|Foul Play|p1a: Dunsparce\n|-supereffective|p1a: Dunsparce\n|-crit|p1a: Dunsparce\n|-damage|p1a: Dunsparce|0 fnt\n|faint|p1a: Dunsparce\n|\n|-heal|p2a: Klefki|190/233 par|[from] item: Leftovers\n|upkeep\n|\n|t:|1781455637\n|switch|p1a: Blissey|Blissey, L85, F|572/572\n|-damage|p1a: Blissey|501/572|[from] Spikes\n|turn|13\n|\n|t:|1781455650\n|move|p2a: Klefki|Thunder Wave|p1a: Blissey\n|-status|p1a: Blissey|par\n|cant|p1a: Blissey|par\n|\n|-heal|p2a: Klefki|204/233 par|[from] item: Leftovers\n|-heal|p1a: Blissey|536/572 par|[from] item: Leftovers\n|upkeep\n|turn|14\n|\n|t:|1781455657\n|cant|p2a: Klefki|par\n|move|p1a: Blissey|Seismic Toss|p2a: Klefki\n|-damage|p2a: Klefki|119/233 par\n|\n|-heal|p2a: Klefki|133/233 par|[from] item: Leftovers\n|-heal|p1a: Blissey|571/572 par|[from] item: Leftovers\n|upkeep\n|turn|15\n|\n|t:|1781455680\n|cant|p2a: Klefki|par\n|move|p1a: Blissey|Seismic Toss|p2a: Klefki\n|-damage|p2a: Klefki|48/233 par\n|\n|-heal|p2a: Klefki|62/233 par|[from] item: Leftovers\n|-heal|p1a: Blissey|572/572 par|[from] item: Leftovers\n|upkeep\n|turn|16\n|\n|t:|1781455690\n|move|p2a: Klefki|Spikes|p1a: Blissey\n|-sidestart|p1: annieliorate|Spikes\n|move|p1a: Blissey|Seismic Toss|p2a: Klefki\n|-damage|p2a: Klefki|0 fnt\n|faint|p2a: Klefki\n|\n|upkeep\n|\n|t:|1781455692\n|switch|p2a: Lokix|Lokix, L82, M|226/251\n|-damage|p2a: Lokix|164/251|[from] Stealth Rock\n|turn|17\n|\n|t:|1781455713\n|move|p2a: Lokix|Swords Dance|p2a: Lokix\n|-boost|p2a: Lokix|atk|2\n|move|p1a: Blissey|Thunder Wave|p2a: Lokix\n|-status|p2a: Lokix|par\n|\n|upkeep\n|turn|18\n|\n|t:|1781455726\n|-curestatus|p1a: Blissey|par|[from] ability: Natural Cure|[silent]\n|switch|p1a: Drednaw|Drednaw, L81, M|278/278\n|-damage|p1a: Drednaw|232/278|[from] Spikes\n|move|p2a: Lokix|Leech Life|p1a: Drednaw\n|-crit|p1a: Drednaw\n|-damage|p1a: Drednaw|0 fnt\n|-heal|p2a: Lokix|251/251 par|[from] drain|[of] p1a: Drednaw\n|faint|p1a: Drednaw\n|-damage|p2a: Lokix|226/251 par|[from] item: Life Orb\n|\n|upkeep\n|\n|t:|1781455734\n|switch|p1a: Pelipper|Pelipper, L86, F|243/243\n|-weather|RainDance|[from] ability: Drizzle|[of] p1a: Pelipper\n|turn|19\n|\n|t:|1781455748\n|move|p2a: Lokix|Sucker Punch|p1a: Pelipper\n|-crit|p1a: Pelipper\n|-damage|p1a: Pelipper|0 fnt\n|faint|p1a: Pelipper\n|-damage|p2a: Lokix|201/251 par|[from] item: Life Orb\n|\n|-weather|RainDance|[upkeep]\n|upkeep\n|\n|t:|1781455757\n|switch|p1a: Bombirdier|Bombirdier, L85, M|4/258\n|turn|20\n|\n|t:|1781455769\n|move|p1a: Bombirdier|Roost|p1a: Bombirdier\n|-heal|p1a: Bombirdier|133/258\n|-singleturn|p1a: Bombirdier|move: Roost\n|move|p2a: Lokix|Swords Dance|p2a: Lokix\n|-boost|p2a: Lokix|atk|2\n|\n|-weather|RainDance|[upkeep]\n|upkeep\n|turn|21\n|\n|t:|1781455775\n|move|p2a: Lokix|Sucker Punch|p1a: Bombirdier\n|-resisted|p1a: Bombirdier\n|-crit|p1a: Bombirdier\n|-damage|p1a: Bombirdier|0 fnt\n|faint|p1a: Bombirdier\n|-damage|p2a: Lokix|176/251 par|[from] item: Life Orb\n|\n|-weather|RainDance|[upkeep]\n|upkeep\n|\n|t:|1781455777\n|switch|p1a: Blissey|Blissey, L85, F|572/572\n|-damage|p1a: Blissey|477/572|[from] Spikes\n|turn|22\n|\n|t:|1781455787\n|move|p1a: Blissey|Seismic Toss|p2a: Lokix\n|-damage|p2a: Lokix|91/251 par\n|move|p2a: Lokix|Leech Life|p1a: Blissey\n|-damage|p1a: Blissey|0 fnt\n|-heal|p2a: Lokix|251/251 par|[from] drain|[of] p1a: Blissey\n|faint|p1a: Blissey\n|-damage|p2a: Lokix|226/251 par|[from] item: Life Orb\n|\n|win|Micael Lopes\n|raw|annieliorate's rating: 1733 &rarr; <strong>1709</strong><br />(-24 for losing)\n|raw|Micael Lopes's rating: 1668 &rarr; <strong>1692</strong><br />(+24 for winning)\n|c|\u2606Micael Lopes|**__Sexy game.__**\n|l|\u2606annieliorate\n|player|p1|\n", "uploadtime": 1781455793, "views": 6, "formatid": "gen9randombattle", "rating": 1692, "private": 0, "password": null}