{"id": "gen9randombattle-2631896978", "format": "[Gen 9] Random Battle", "players": ["rongus", "mundigsters"], "log": "|j|\u2606rongus\n|j|\u2606mundigsters\n|t:|1781453225\n|gametype|singles\n|player|p1|rongus|266|1928\n|player|p2|mundigsters|101|1981\n|gen|9\n|tier|[Gen 9] Random Battle\n|rated|\n|rule|Species Clause: Limit one of each Pok\u00e9mon\n|rule|HP Percentage Mod: HP is shown in percentages\n|rule|Sleep Clause Mod: Limit one foe put to sleep\n|rule|Illusion Level Mod: Illusion disguises the Pok\u00e9mon's true level\n|\n|t:|1781453225\n|teamsize|p1|6\n|teamsize|p2|6\n|start\n|switch|p1a: Masquerain|Masquerain, L87, M|264/264\n|switch|p2a: Arboliva|Arboliva, L91, F|290/290\n|-ability|p1a: Masquerain|Intimidate|boost\n|-unboost|p2a: Arboliva|atk|1\n|turn|1\n|inactive|Battle timer is ON: inactive players will automatically lose when time's up. (requested by rongus)\n|\n|t:|1781453241\n|switch|p2a: Yanmega|Yanmega, L82, F|275/275\n|move|p1a: Masquerain|Quiver Dance|p1a: Masquerain\n|-boost|p1a: Masquerain|spa|1\n|-boost|p1a: Masquerain|spd|1\n|-boost|p1a: Masquerain|spe|1\n|\n|upkeep\n|turn|2\n|\n|t:|1781453246\n|move|p2a: Yanmega|Protect|p2a: Yanmega\n|-singleturn|p2a: Yanmega|Protect\n|move|p1a: Masquerain|Hurricane|p2a: Yanmega\n|-activate|p2a: Yanmega|move: Protect\n|\n|-ability|p2a: Yanmega|Speed Boost|boost\n|-boost|p2a: Yanmega|spe|1\n|upkeep\n|turn|3\n|\n|t:|1781453249\n|move|p2a: Yanmega|Air Slash|p1a: Masquerain\n|-supereffective|p1a: Masquerain\n|-damage|p1a: Masquerain|142/264\n|move|p1a: Masquerain|Hurricane|p2a: Yanmega\n|-supereffective|p2a: Yanmega\n|-damage|p2a: Yanmega|0 fnt\n|faint|p2a: Yanmega\n|\n|upkeep\n|\n|t:|1781453256\n|switch|p2a: Magcargo|Magcargo, L95, M|268/268\n|turn|4\n|\n|t:|1781453260\n|-terastallize|p2a: Magcargo|Dragon\n|move|p1a: Masquerain|Hydro Pump|p2a: Magcargo\n|-resisted|p2a: Magcargo\n|-damage|p2a: Magcargo|208/268\n|move|p2a: Magcargo|Power Gem|p1a: Masquerain\n|-supereffective|p1a: Masquerain\n|-damage|p1a: Masquerain|0 fnt\n|faint|p1a: Masquerain\n|\n|upkeep\n|\n|t:|1781453272\n|switch|p1a: Clawitzer|Clawitzer, L87, F|265/265\n|turn|5\n|\n|t:|1781453281\n|move|p1a: Clawitzer|Dragon Pulse|p2a: Magcargo\n|-supereffective|p2a: Magcargo\n|-damage|p2a: Magcargo|0 fnt\n|faint|p2a: Magcargo\n|\n|upkeep\n|\n|t:|1781453285\n|switch|p2a: Arboliva|Arboliva, L91, F|290/290\n|turn|6\n|\n|t:|1781453289\n|move|p1a: Clawitzer|U-turn|p2a: Arboliva\n|-supereffective|p2a: Arboliva\n|-damage|p2a: Arboliva|208/290\n|-fieldstart|move: Grassy Terrain|[from] ability: Seed Sower|[of] p2a: Arboliva\n|\n|t:|1781453295\n|switch|p1a: Arceus|Arceus-Ice, L72|291/291|[from] U-turn\n|move|p2a: Arboliva|Hyper Voice|p1a: Arceus\n|-damage|p1a: Arceus|165/291\n|\n|-heal|p1a: Arceus|183/291|[from] Grassy Terrain\n|-heal|p2a: Arboliva|226/290|[from] Grassy Terrain\n|-heal|p2a: Arboliva|244/290|[from] item: Leftovers\n|upkeep\n|turn|7\n|\n|t:|1781453300\n|move|p1a: Arceus|Judgment|p2a: Arboliva\n|-supereffective|p2a: Arboliva\n|-damage|p2a: Arboliva|62/290\n|move|p2a: Arboliva|Energy Ball|p1a: Arceus\n|-damage|p1a: Arceus|17/291\n|\n|-heal|p1a: Arceus|35/291|[from] Grassy Terrain\n|-heal|p2a: Arboliva|80/290|[from] Grassy Terrain\n|-heal|p2a: Arboliva|98/290|[from] item: Leftovers\n|upkeep\n|turn|8\n|\n|t:|1781453304\n|move|p1a: Arceus|Judgment|p2a: Arboliva\n|-supereffective|p2a: Arboliva\n|-damage|p2a: Arboliva|0 fnt\n|faint|p2a: Arboliva\n|\n|-heal|p1a: Arceus|53/291|[from] Grassy Terrain\n|upkeep\n|\n|t:|1781453307\n|switch|p2a: Latios|Latios, L78, M|253/253\n|turn|9\n|\n|t:|1781453312\n|move|p2a: Latios|Luster Purge|p1a: Arceus\n|-damage|p1a: Arceus|0 fnt\n|faint|p1a: Arceus\n|\n|upkeep\n|\n|t:|1781453316\n|switch|p1a: Clawitzer|Clawitzer, L87, F|265/265\n|turn|10\n|\n|t:|1781453324\n|move|p2a: Latios|Luster Purge|p1a: Clawitzer\n|-damage|p1a: Clawitzer|183/265\n|move|p1a: Clawitzer|Dragon Pulse|p2a: Latios\n|-supereffective|p2a: Latios\n|-damage|p2a: Latios|51/253\n|\n|-heal|p1a: Clawitzer|199/265|[from] Grassy Terrain\n|-fieldend|move: Grassy Terrain\n|upkeep\n|turn|11\n|\n|t:|1781453332\n|move|p2a: Latios|Draco Meteor|p1a: Clawitzer\n|-damage|p1a: Clawitzer|76/265\n|-unboost|p2a: Latios|spa|2\n|move|p1a: Clawitzer|Dragon Pulse|p2a: Latios\n|-supereffective|p2a: Latios\n|-damage|p2a: Latios|0 fnt\n|faint|p2a: Latios\n|\n|upkeep\n|\n|t:|1781453335\n|switch|p2a: Emboar|Emboar, L84, M|322/322\n|turn|12\n|\n|t:|1781453338\n|move|p2a: Emboar|Wild Charge|p1a: Clawitzer\n|-supereffective|p1a: Clawitzer\n|-damage|p1a: Clawitzer|0 fnt\n|faint|p1a: Clawitzer\n|-damage|p2a: Emboar|303/322|[from] Recoil\n|\n|upkeep\n|\n|t:|1781453341\n|switch|p1a: Groudon|Groudon, L72|263/263\n|-weather|SunnyDay|[from] ability: Drought|[of] p1a: Groudon\n|turn|13\n|\n|t:|1781453354\n|move|p1a: Groudon|Precipice Blades|p2a: Emboar\n|-supereffective|p2a: Emboar\n|-damage|p2a: Emboar|0 fnt\n|faint|p2a: Emboar\n|\n|-weather|SunnyDay|[upkeep]\n|upkeep\n|\n|t:|1781453356\n|switch|p2a: Garganacl|Garganacl, L80, M|291/291\n|turn|14\n|\n|t:|1781453359\n|move|p1a: Groudon|Precipice Blades|p2a: Garganacl\n|-supereffective|p2a: Garganacl\n|-crit|p2a: Garganacl\n|-damage|p2a: Garganacl|0 fnt\n|faint|p2a: Garganacl\n|\n|win|rongus\n", "uploadtime": 1781453227, "views": 5, "formatid": "gen9randombattle", "rating": null, "private": 0, "password": null}