{"id": "gen9randombattle-2631598592", "format": "[Gen 9] Random Battle", "players": ["leafy30", "Mondo_C00l"], "log": "|j|\u2606leafy30\n|j|\u2606Mondo_C00l\n|t:|1781406677\n|gametype|singles\n|player|p1|leafy30|drayden|1331\n|player|p2|Mondo_C00l|pokemonranger-gen4|1374\n|gen|9\n|tier|[Gen 9] Random Battle\n|rated|\n|rule|Species Clause: Limit one of each Pok\u00e9mon\n|rule|HP Percentage Mod: HP is shown in percentages\n|rule|Sleep Clause Mod: Limit one foe put to sleep\n|rule|Illusion Level Mod: Illusion disguises the Pok\u00e9mon's true level\n|\n|t:|1781406677\n|teamsize|p1|6\n|teamsize|p2|6\n|start\n|switch|p1a: Kommo-o|Kommo-o, L78, F|245/245\n|switch|p2a: Salamence|Salamence, L77, F|273/273\n|turn|1\n|\n|t:|1781406731\n|switch|p1a: Flutter Mane|Flutter Mane, L74|203/203\n|move|p2a: Salamence|Dragon Dance|p2a: Salamence\n|-boost|p2a: Salamence|atk|1\n|-boost|p2a: Salamence|spe|1\n|\n|upkeep\n|turn|2\n|\n|t:|1781406743\n|move|p2a: Salamence|Dual Wingbeat|p1a: Flutter Mane\n|-damage|p1a: Flutter Mane|86/203\n|-damage|p1a: Flutter Mane|0 fnt\n|faint|p1a: Flutter Mane\n|-end|p1a: Flutter Mane|Protosynthesis|[silent]\n|-ability|p2a: Salamence|Moxie|boost\n|-boost|p2a: Salamence|atk|1\n|-hitcount|p1: Flutter Mane|2\n|\n|upkeep\n|\n|t:|1781406754\n|switch|p1a: Bruxish|Bruxish, L85, F|254/254\n|turn|3\n|inactive|Battle timer is ON: inactive players will automatically lose when time's up. (requested by leafy30)\n|\n|t:|1781406766\n|move|p2a: Salamence|Outrage|p1a: Bruxish\n|-damage|p1a: Bruxish|0 fnt\n|faint|p1a: Bruxish\n|-ability|p2a: Salamence|Moxie|boost\n|-boost|p2a: Salamence|atk|1\n|\n|upkeep\n|\n|t:|1781406783\n|switch|p1a: Kommo-o|Kommo-o, L78, F|245/245\n|turn|4\n|\n|t:|1781406787\n|-terastallize|p1a: Kommo-o|Steel\n|move|p2a: Salamence|Outrage|p1a: Kommo-o|[from] lockedmove\n|-resisted|p1a: Kommo-o\n|-damage|p1a: Kommo-o|97/245\n|move|p1a: Kommo-o|Clangorous Soul|p1a: Kommo-o\n|-boost|p1a: Kommo-o|atk|1\n|-boost|p1a: Kommo-o|def|1\n|-boost|p1a: Kommo-o|spa|1\n|-boost|p1a: Kommo-o|spd|1\n|-boost|p1a: Kommo-o|spe|1\n|-damage|p1a: Kommo-o|17/245\n|-enditem|p1a: Kommo-o|Throat Spray\n|-boost|p1a: Kommo-o|spa|1|[from] item: Throat Spray\n|\n|upkeep\n|turn|5\n|\n|t:|1781406799\n|move|p2a: Salamence|Outrage|p1a: Kommo-o|[from] lockedmove\n|-resisted|p1a: Kommo-o\n|-damage|p1a: Kommo-o|0 fnt\n|faint|p1a: Kommo-o\n|-ability|p2a: Salamence|Moxie|boost\n|-boost|p2a: Salamence|atk|1\n|-start|p2a: Salamence|confusion|[fatigue]\n|\n|upkeep\n|\n|t:|1781406803\n|switch|p1a: Krookodile|Krookodile, L79, M|280/280\n|-ability|p1a: Krookodile|Intimidate|boost\n|-unboost|p2a: Salamence|atk|1\n|turn|6\n|inactive|Mondo_C00l has 120 seconds left.\n|\n|t:|1781406834\n|switch|p2a: Gogoat|Gogoat, L88, F|360/360\n|move|p1a: Krookodile|Gunk Shot|p2a: Gogoat|[miss]\n|-miss|p1a: Krookodile|p2a: Gogoat\n|\n|upkeep\n|turn|7\n|\n|t:|1781406842\n|move|p1a: Krookodile|Gunk Shot|p2a: Gogoat\n|-supereffective|p2a: Gogoat\n|-damage|p2a: Gogoat|134/360\n|move|p2a: Gogoat|Horn Leech|p1a: Krookodile\n|-supereffective|p1a: Krookodile\n|-damage|p1a: Krookodile|68/280\n|-heal|p2a: Gogoat|240/360|[from] drain|[of] p1a: Krookodile\n|\n|-heal|p1a: Krookodile|85/280|[from] item: Leftovers\n|-heal|p2a: Gogoat|262/360|[from] item: Leftovers\n|upkeep\n|turn|8\n|\n|t:|1781406851\n|move|p1a: Krookodile|Gunk Shot|p2a: Gogoat\n|-supereffective|p2a: Gogoat\n|-damage|p2a: Gogoat|42/360\n|move|p2a: Gogoat|Horn Leech|p1a: Krookodile\n|-supereffective|p1a: Krookodile\n|-damage|p1a: Krookodile|0 fnt\n|-heal|p2a: Gogoat|85/360|[from] drain|[of] p1a: Krookodile\n|faint|p1a: Krookodile\n|\n|-heal|p2a: Gogoat|107/360|[from] item: Leftovers\n|upkeep\n|\n|t:|1781406860\n|switch|p1a: Swanna|Swanna, L89, F|278/278\n|turn|9\n|\n|t:|1781406868\n|switch|p2a: Mesprit|Mesprit, L85|275/275\n|move|p1a: Swanna|Brave Bird|p2a: Mesprit\n|-damage|p2a: Mesprit|160/275\n|-damage|p1a: Swanna|240/278|[from] Recoil\n|\n|upkeep\n|turn|10\n|\n|t:|1781406877\n|move|p1a: Swanna|Hydro Pump|p2a: Mesprit\n|-damage|p2a: Mesprit|66/275\n|move|p2a: Mesprit|Thunderbolt|p1a: Swanna\n|-supereffective|p1a: Swanna\n|-crit|p1a: Swanna\n|-damage|p1a: Swanna|0 fnt\n|faint|p1a: Swanna\n|-damage|p2a: Mesprit|39/275|[from] item: Life Orb\n|\n|upkeep\n|\n|t:|1781406882\n|switch|p1a: Oinkologne|Oinkologne, L92, M|352/352\n|turn|11\n|\n|t:|1781406894\n|switch|p2a: Tauros|Tauros-Paldea-Combat, L82, M|257/257\n|-ability|p2a: Tauros|Intimidate|boost\n|-unboost|p1a: Oinkologne|atk|1\n|move|p1a: Oinkologne|Curse|p1a: Oinkologne\n|-unboost|p1a: Oinkologne|spe|1\n|-boost|p1a: Oinkologne|atk|1\n|-boost|p1a: Oinkologne|def|1\n|\n|upkeep\n|turn|12\n|\n|t:|1781406908\n|move|p2a: Tauros|Close Combat|p1a: Oinkologne\n|-supereffective|p1a: Oinkologne\n|-damage|p1a: Oinkologne|126/352\n|-unboost|p2a: Tauros|def|1\n|-unboost|p2a: Tauros|spd|1\n|-damage|p2a: Tauros|232/257|[from] item: Life Orb\n|move|p1a: Oinkologne|Body Slam|p2a: Tauros\n|-damage|p2a: Tauros|94/257\n|\n|-heal|p1a: Oinkologne|148/352|[from] item: Leftovers\n|upkeep\n|turn|13\n|\n|t:|1781406919\n|move|p2a: Tauros|Close Combat|p1a: Oinkologne\n|-supereffective|p1a: Oinkologne\n|-damage|p1a: Oinkologne|0 fnt\n|-unboost|p2a: Tauros|def|1\n|-unboost|p2a: Tauros|spd|1\n|faint|p1a: Oinkologne\n|-damage|p2a: Tauros|69/257|[from] item: Life Orb\n|\n|win|Mondo_C00l\n|raw|leafy30's rating: 1353 &rarr; <strong>1334</strong><br />(-19 for losing)\n|raw|Mondo_C00l's rating: 1374 &rarr; <strong>1393</strong><br />(+19 for winning)\n|l|\u2606leafy30\n|player|p1|\n", "uploadtime": 1781406927, "views": 3, "formatid": "gen9randombattle", "rating": 1334, "private": 0, "password": null}