{"id": "gen9randombattle-2631570106", "format": "[Gen 9] Random Battle", "players": ["Scarf bonsley", "Mr.Superfreak"], "log": "|j|\u2606Scarf bonsley\n|j|\u2606Mr.Superfreak\n|t:|1781402721\n|gametype|singles\n|player|p1|Scarf bonsley|marlon|2198\n|player|p2|Mr.Superfreak|ballguy|2199\n|gen|9\n|tier|[Gen 9] Random Battle\n|rated|\n|rule|Species Clause: Limit one of each Pok\u00e9mon\n|rule|HP Percentage Mod: HP is shown in percentages\n|rule|Sleep Clause Mod: Limit one foe put to sleep\n|rule|Illusion Level Mod: Illusion disguises the Pok\u00e9mon's true level\n|\n|t:|1781402721\n|teamsize|p1|6\n|teamsize|p2|6\n|start\n|switch|p1a: Sceptile|Sceptile, L87, M|264/264\n|switch|p2a: Tatsugiri|Tatsugiri, L87, F|260/260\n|turn|1\n|inactive|Battle timer is ON: inactive players will automatically lose when time's up. (requested by Scarf bonsley)\n|\n|t:|1781402734\n|switch|p1a: Clawitzer|Clawitzer, L87, M|265/265\n|move|p2a: Tatsugiri|Draco Meteor|p1a: Clawitzer\n|-damage|p1a: Clawitzer|163/265\n|-unboost|p2a: Tatsugiri|spa|2\n|\n|upkeep\n|turn|2\n|\n|t:|1781402741\n|switch|p2a: Oinkologne|Oinkologne-F, L92, F|361/361\n|move|p1a: Clawitzer|U-turn|p2a: Oinkologne\n|-damage|p2a: Oinkologne|313/361\n|\n|t:|1781402757\n|switch|p1a: Kleavor|Kleavor, L78, F|237/237|[from] U-turn\n|\n|-heal|p2a: Oinkologne|335/361|[from] item: Leftovers\n|upkeep\n|turn|3\n|\n|t:|1781402770\n|move|p1a: Kleavor|Stone Axe|p2a: Oinkologne\n|-damage|p2a: Oinkologne|215/361\n|-sidestart|p2: Mr.Superfreak|move: Stealth Rock\n|move|p2a: Oinkologne|Curse|p2a: Oinkologne\n|-unboost|p2a: Oinkologne|spe|1\n|-boost|p2a: Oinkologne|atk|1\n|-boost|p2a: Oinkologne|def|1\n|\n|-heal|p2a: Oinkologne|237/361|[from] item: Leftovers\n|upkeep\n|turn|4\n|\n|t:|1781402777\n|move|p1a: Kleavor|Swords Dance|p1a: Kleavor\n|-boost|p1a: Kleavor|atk|2\n|move|p2a: Oinkologne|Body Slam|p1a: Kleavor\n|-resisted|p1a: Kleavor\n|-damage|p1a: Kleavor|165/237\n|-status|p1a: Kleavor|par\n|\n|-heal|p2a: Oinkologne|259/361|[from] item: Leftovers\n|upkeep\n|turn|5\n|\n|t:|1781402782\n|move|p2a: Oinkologne|Body Slam|p1a: Kleavor\n|-resisted|p1a: Kleavor\n|-damage|p1a: Kleavor|93/237 par\n|move|p1a: Kleavor|Close Combat|p2a: Oinkologne\n|-supereffective|p2a: Oinkologne\n|-damage|p2a: Oinkologne|0 fnt\n|-unboost|p1a: Kleavor|def|1\n|-unboost|p1a: Kleavor|spd|1\n|faint|p2a: Oinkologne\n|\n|upkeep\n|\n|t:|1781402794\n|switch|p2a: Tatsugiri|Tatsugiri, L87, F|260/260\n|turn|6\n|\n|t:|1781402798\n|switch|p1a: Sableye|Sableye, L88, F|231/231\n|move|p2a: Tatsugiri|Hydro Pump|p1a: Sableye\n|-damage|p1a: Sableye|56/231\n|\n|-heal|p1a: Sableye|70/231|[from] item: Leftovers\n|upkeep\n|turn|7\n|\n|t:|1781402803\n|switch|p2a: Plusle|Plusle, L95, F|268/268\n|-damage|p2a: Plusle|235/268|[from] Stealth Rock\n|move|p1a: Sableye|Will-O-Wisp|p2a: Plusle\n|-status|p2a: Plusle|brn\n|\n|-heal|p1a: Sableye|84/231|[from] item: Leftovers\n|-damage|p2a: Plusle|219/268 brn|[from] brn\n|upkeep\n|turn|8\n|\n|t:|1781402808\n|switch|p1a: Victreebel|Victreebel, L90, M|290/290\n|move|p2a: Plusle|Alluring Voice|p1a: Victreebel\n|-resisted|p1a: Victreebel\n|-damage|p1a: Victreebel|241/290\n|-damage|p2a: Plusle|193/268 brn|[from] item: Life Orb\n|\n|-damage|p2a: Plusle|177/268 brn|[from] brn\n|upkeep\n|turn|9\n|\n|t:|1781402815\n|switch|p2a: Flareon|Flareon, L90, F|263/263\n|-damage|p2a: Flareon|198/263|[from] Stealth Rock\n|move|p1a: Victreebel|Poison Jab|p2a: Flareon\n|-damage|p2a: Flareon|21/263\n|-damage|p1a: Victreebel|212/290|[from] item: Life Orb\n|\n|-status|p2a: Flareon|tox|[from] item: Toxic Orb\n|upkeep\n|turn|10\n|\n|t:|1781402818\n|move|p1a: Victreebel|Sucker Punch|p2a: Flareon\n|-damage|p2a: Flareon|0 fnt\n|faint|p2a: Flareon\n|-damage|p1a: Victreebel|183/290|[from] item: Life Orb\n|\n|upkeep\n|\n|t:|1781402823\n|switch|p2a: Rayquaza|Rayquaza, L72|270/270\n|-ability|p2a: Rayquaza|Air Lock\n|turn|11\n|\n|t:|1781402825\n|move|p2a: Rayquaza|Dragon Ascent|p1a: Victreebel\n|-supereffective|p1a: Victreebel\n|-damage|p1a: Victreebel|0 fnt\n|-unboost|p2a: Rayquaza|def|1\n|-unboost|p2a: Rayquaza|spd|1\n|faint|p1a: Victreebel\n|\n|upkeep\n|\n|t:|1781402839\n|switch|p1a: Sableye|Sableye, L88, F|84/231\n|turn|12\n|\n|t:|1781402850\n|move|p2a: Rayquaza|Dragon Ascent|p1a: Sableye\n|-damage|p1a: Sableye|0 fnt\n|-unboost|p2a: Rayquaza|def|1\n|-unboost|p2a: Rayquaza|spd|1\n|faint|p1a: Sableye\n|\n|upkeep\n|\n|t:|1781402855\n|switch|p1a: Quaquaval|Quaquaval, L79, M|264/264\n|turn|13\n|\n|t:|1781402859\n|switch|p2a: Tatsugiri|Tatsugiri, L87, F|260/260\n|move|p1a: Quaquaval|Triple Axel|p2a: Tatsugiri\n|-damage|p2a: Tatsugiri|230/260\n|-damage|p2a: Tatsugiri|170/260\n|-damage|p2a: Tatsugiri|88/260\n|-hitcount|p2a: Tatsugiri|3\n|\n|upkeep\n|turn|14\n|\n|t:|1781402864\n|switch|p1a: Kleavor|Kleavor, L78, F|93/237 par\n|move|p2a: Tatsugiri|Draco Meteor|p1a: Kleavor\n|-damage|p1a: Kleavor|0 fnt\n|-unboost|p2a: Tatsugiri|spa|2\n|faint|p1a: Kleavor\n|\n|upkeep\n|\n|t:|1781402869\n|switch|p1a: Sceptile|Sceptile, L87, M|264/264\n|turn|15\n|\n|t:|1781402871\n|move|p1a: Sceptile|Leaf Storm|p2a: Tatsugiri\n|-damage|p2a: Tatsugiri|0 fnt\n|-unboost|p1a: Sceptile|spa|2\n|faint|p2a: Tatsugiri\n|-damage|p1a: Sceptile|238/264|[from] item: Life Orb\n|\n|upkeep\n|\n|t:|1781402873\n|switch|p2a: Rayquaza|Rayquaza, L72|270/270\n|-ability|p2a: Rayquaza|Air Lock\n|turn|16\n|\n|t:|1781402876\n|move|p1a: Sceptile|Rock Slide|p2a: Rayquaza\n|-supereffective|p2a: Rayquaza\n|-damage|p2a: Rayquaza|124/270\n|-damage|p1a: Sceptile|212/264|[from] item: Life Orb\n|move|p2a: Rayquaza|Dragon Dance|p2a: Rayquaza\n|-boost|p2a: Rayquaza|atk|1\n|-boost|p2a: Rayquaza|spe|1\n|\n|upkeep\n|turn|17\n|\n|t:|1781402882\n|-terastallize|p1a: Sceptile|Steel\n|move|p2a: Rayquaza|Dragon Ascent|p1a: Sceptile\n|-resisted|p1a: Sceptile\n|-damage|p1a: Sceptile|97/264\n|-unboost|p2a: Rayquaza|def|1\n|-unboost|p2a: Rayquaza|spd|1\n|move|p1a: Sceptile|Rock Slide|p2a: Rayquaza\n|-supereffective|p2a: Rayquaza\n|-damage|p2a: Rayquaza|0 fnt\n|faint|p2a: Rayquaza\n|-damage|p1a: Sceptile|71/264|[from] item: Life Orb\n|\n|upkeep\n|\n|t:|1781402886\n|switch|p2a: Blastoise|Blastoise, L80, F|258/258\n|-damage|p2a: Blastoise|226/258|[from] Stealth Rock\n|turn|18\n|\n|t:|1781402890\n|move|p1a: Sceptile|Leaf Storm|p2a: Blastoise\n|-supereffective|p2a: Blastoise\n|-damage|p2a: Blastoise|0 fnt\n|-unboost|p1a: Sceptile|spa|2\n|faint|p2a: Blastoise\n|-damage|p1a: Sceptile|45/264|[from] item: Life Orb\n|\n|upkeep\n|\n|t:|1781402892\n|switch|p2a: Plusle|Plusle, L95, F|177/268 brn\n|-damage|p2a: Plusle|144/268 brn|[from] Stealth Rock\n|turn|19\n|\n|t:|1781402899\n|switch|p1a: Clawitzer|Clawitzer, L87, M|163/265\n|move|p2a: Plusle|Nasty Plot|p2a: Plusle\n|-boost|p2a: Plusle|spa|2\n|\n|-damage|p2a: Plusle|128/268 brn|[from] brn\n|upkeep\n|turn|20\n|\n|t:|1781402902\n|move|p2a: Plusle|Thunderbolt|p1a: Clawitzer\n|-supereffective|p1a: Clawitzer\n|-damage|p1a: Clawitzer|0 fnt\n|faint|p1a: Clawitzer\n|-damage|p2a: Plusle|102/268 brn|[from] item: Life Orb\n|\n|-damage|p2a: Plusle|86/268 brn|[from] brn\n|upkeep\n|\n|t:|1781402904\n|switch|p1a: Sceptile|Sceptile, L87, M, tera:Steel|45/264\n|turn|21\n|\n|t:|1781402906\n|move|p1a: Sceptile|Leaf Storm|p2a: Plusle\n|-damage|p2a: Plusle|0 fnt\n|-unboost|p1a: Sceptile|spa|2\n|faint|p2a: Plusle\n|-damage|p1a: Sceptile|19/264|[from] item: Life Orb\n|\n|win|Scarf bonsley\n", "uploadtime": 1781402722, "views": 3, "formatid": "gen9randombattle", "rating": null, "private": 0, "password": null}