{"id": "gen9randombattle-2631413637", "format": "[Gen 9] Random Battle", "players": ["Usummega", "jimothy cool yt"], "log": "|badge|p1|bronze|gen9randombattle|100-9\n|uhtml|medal-msg|<div class=\"broadcast-blue\">Curious what those medals under the avatar are? PS now has Ladder Seasons! For more information, check out the <a href=\"https://www.smogon.com/forums/threads/3740067/\">thread on Smogon.</a></div>\n|badge|p2|silver|gen9randombattle|30-9\n|uhtml|medal-msg|<div class=\"broadcast-blue\">Curious what those medals under the avatar are? PS now has Ladder Seasons! For more information, check out the <a href=\"https://www.smogon.com/forums/threads/3740067/\">thread on Smogon.</a></div>\n|j|\u2606Usummega\n|j|\u2606jimothy cool yt\n|t:|1781381691\n|gametype|singles\n|player|p1|Usummega|maxie-gen6|2371\n|player|p2|jimothy cool yt|lucas|2450\n|gen|9\n|tier|[Gen 9] Random Battle\n|rated|\n|rule|Species Clause: Limit one of each Pok\u00e9mon\n|rule|HP Percentage Mod: HP is shown in percentages\n|rule|Sleep Clause Mod: Limit one foe put to sleep\n|rule|Illusion Level Mod: Illusion disguises the Pok\u00e9mon's true level\n|\n|t:|1781381691\n|teamsize|p1|6\n|teamsize|p2|6\n|start\n|switch|p1a: Mandibuzz|Mandibuzz, L85, F|326/326\n|switch|p2a: Muk|Muk, L86, F|321/321\n|turn|1\n|inactive|Battle timer is ON: inactive players will automatically lose when time's up. (requested by jimothy cool yt)\n|inactive|Usummega has 120 seconds left.\n|j| rufoush\n|inactive|Usummega has 90 seconds left.\n|\n|t:|1781381758\n|move|p1a: Mandibuzz|Foul Play|p2a: Muk\n|-damage|p2a: Muk|192/321\n|move|p2a: Muk|Poison Jab|p1a: Mandibuzz\n|-damage|p1a: Mandibuzz|239/326\n|\n|upkeep\n|turn|2\n|\n|t:|1781381761\n|move|p1a: Mandibuzz|Foul Play|p2a: Muk\n|-damage|p2a: Muk|63/321\n|move|p2a: Muk|Poison Jab|p1a: Mandibuzz\n|-damage|p1a: Mandibuzz|155/326\n|\n|upkeep\n|turn|3\n|\n|t:|1781381765\n|move|p1a: Mandibuzz|Foul Play|p2a: Muk\n|-damage|p2a: Muk|0 fnt\n|faint|p2a: Muk\n|\n|upkeep\n|\n|t:|1781381772\n|switch|p2a: Enamorus|Enamorus, L79, F|247/247\n|turn|4\n|inactive|Usummega has 120 seconds left.\n|\n|t:|1781381809\n|switch|p1a: Lurantis|Lurantis, L87, M|264/264\n|move|p2a: Enamorus|Substitute|p2a: Enamorus\n|-start|p2a: Enamorus|Substitute\n|-damage|p2a: Enamorus|186/247\n|\n|-heal|p2a: Enamorus|201/247|[from] item: Leftovers\n|upkeep\n|turn|5\n|inactive|Usummega has 120 seconds left.\n|\n|t:|1781381838\n|move|p2a: Enamorus|Superpower|p1a: Lurantis\n|-damage|p1a: Lurantis|187/264\n|-boost|p2a: Enamorus|atk|1\n|-boost|p2a: Enamorus|def|1\n|move|p1a: Lurantis|Leaf Storm|p2a: Enamorus\n|-resisted|p2a: Enamorus\n|-end|p2a: Enamorus|Substitute\n|-boost|p1a: Lurantis|spa|2\n|\n|-heal|p2a: Enamorus|216/247|[from] item: Leftovers\n|-heal|p1a: Lurantis|203/264|[from] item: Leftovers\n|upkeep\n|turn|6\n|\n|t:|1781381847\n|move|p2a: Enamorus|Superpower|p1a: Lurantis\n|-damage|p1a: Lurantis|91/264\n|-boost|p2a: Enamorus|atk|1\n|-boost|p2a: Enamorus|def|1\n|move|p1a: Lurantis|Superpower|p2a: Enamorus\n|-resisted|p2a: Enamorus\n|-damage|p2a: Enamorus|201/247\n|-boost|p1a: Lurantis|atk|1\n|-boost|p1a: Lurantis|def|1\n|\n|-heal|p2a: Enamorus|216/247|[from] item: Leftovers\n|-heal|p1a: Lurantis|107/264|[from] item: Leftovers\n|upkeep\n|turn|7\n|inactive|jimothy cool yt has 120 seconds left.\n|\n|t:|1781381885\n|move|p2a: Enamorus|Play Rough|p1a: Lurantis\n|-damage|p1a: Lurantis|0 fnt\n|faint|p1a: Lurantis\n|\n|-heal|p2a: Enamorus|231/247|[from] item: Leftovers\n|upkeep\n|\n|t:|1781381903\n|switch|p1a: Deoxys|Deoxys-Speed, L82|216/216\n|-ability|p1a: Deoxys|Pressure\n|turn|8\n|inactive|jimothy cool yt has 120 seconds left.\n|\n|t:|1781381921\n|move|p1a: Deoxys|Nasty Plot|p1a: Deoxys\n|-boost|p1a: Deoxys|spa|2\n|move|p2a: Enamorus|Play Rough|p1a: Deoxys\n|-damage|p1a: Deoxys|20/216\n|\n|-heal|p2a: Enamorus|246/247|[from] item: Leftovers\n|upkeep\n|turn|9\n|inactive|jimothy cool yt has 120 seconds left.\n|\n|t:|1781381945\n|switch|p2a: Armarouge|Armarouge, L80, M|267/267\n|move|p1a: Deoxys|Psycho Boost|p2a: Armarouge\n|-resisted|p2a: Armarouge\n|-damage|p2a: Armarouge|64/267\n|-unboost|p1a: Deoxys|spa|2\n|-damage|p1a: Deoxys|0 fnt|[from] item: Life Orb\n|faint|p1a: Deoxys\n|\n|upkeep\n|inactive|Usummega has 90 seconds left.\n|j| Manxas\n|\n|t:|1781381976\n|switch|p1a: Iron Thorns|Iron Thorns, L83|302/302\n|turn|10\n|\n|t:|1781381984\n|move|p1a: Iron Thorns|Wild Charge|p2a: Armarouge\n|-damage|p2a: Armarouge|0 fnt\n|faint|p2a: Armarouge\n|-damage|p1a: Iron Thorns|286/302|[from] Recoil\n|\n|upkeep\n|\n|t:|1781382012\n|switch|p2a: Gumshoos|Gumshoos, L95, F|321/321\n|turn|11\n|inactive|Usummega has 90 seconds left.\n|\n|t:|1781382043\n|move|p1a: Iron Thorns|Volt Switch|p2a: Gumshoos\n|-damage|p2a: Gumshoos|252/321\n|\n|t:|1781382046\n|-end|p1a: Iron Thorns|Quark Drive|[silent]\n|switch|p1a: Mandibuzz|Mandibuzz, L85, F|155/326|[from] Volt Switch\n|move|p2a: Gumshoos|U-turn|p1a: Mandibuzz\n|-damage|p1a: Mandibuzz|0 fnt\n|faint|p1a: Mandibuzz\n|\n|t:|1781382053\n|switch|p2a: Bruxish|Bruxish, L85, M|254/254|[from] U-turn\n|\n|upkeep\n|\n|t:|1781382072\n|switch|p1a: Sceptile|Sceptile, L87, M|264/264\n|turn|12\n|inactive|jimothy cool yt has 120 seconds left.\n|\n|t:|1781382083\n|switch|p1a: Iron Thorns|Iron Thorns, L83|286/302\n|move|p2a: Bruxish|Psychic Fangs|p1a: Iron Thorns\n|-damage|p1a: Iron Thorns|106/302\n|\n|upkeep\n|turn|13\n|\n|t:|1781382091\n|move|p2a: Bruxish|Psychic Fangs|p1a: Iron Thorns\n|-damage|p1a: Iron Thorns|0 fnt\n|faint|p1a: Iron Thorns\n|-end|p1a: Iron Thorns|Quark Drive|[silent]\n|\n|upkeep\n|\n|t:|1781382094\n|switch|p1a: Sceptile|Sceptile, L87, M|264/264\n|turn|14\n|\n|t:|1781382099\n|-terastallize|p1a: Sceptile|Grass\n|move|p1a: Sceptile|Giga Drain|p2a: Bruxish\n|-supereffective|p2a: Bruxish\n|-damage|p2a: Bruxish|0 fnt\n|faint|p2a: Bruxish\n|-damage|p1a: Sceptile|238/264|[from] item: Life Orb\n|\n|upkeep\n|inactive|jimothy cool yt has 120 seconds left.\n|\n|t:|1781382135\n|switch|p2a: Gumshoos|Gumshoos, L95, F|252/321\n|turn|15\n|\n|t:|1781382142\n|switch|p1a: Passimian|Passimian, L83, F|302/302\n|move|p2a: Gumshoos|U-turn|p1a: Passimian\n|-resisted|p1a: Passimian\n|-damage|p1a: Passimian|192/302\n|\n|t:|1781382146\n|switch|p2a: Enamorus|Enamorus, L79, F|246/247|[from] U-turn\n|\n|-heal|p2a: Enamorus|247/247|[from] item: Leftovers\n|upkeep\n|turn|16\n|inactive|jimothy cool yt has 120 seconds left.\n|\n|t:|1781382169\n|move|p2a: Enamorus|Superpower|p1a: Passimian\n|-damage|p1a: Passimian|109/302\n|-boost|p2a: Enamorus|atk|1\n|-boost|p2a: Enamorus|def|1\n|move|p1a: Passimian|Rock Slide|p2a: Enamorus\n|-supereffective|p2a: Enamorus\n|-damage|p2a: Enamorus|91/247\n|\n|-heal|p2a: Enamorus|106/247|[from] item: Leftovers\n|upkeep\n|turn|17\n|inactive|Usummega has 120 seconds left.\n|inactive|jimothy cool yt has 120 seconds left.\n|\n|t:|1781382202\n|-terastallize|p2a: Enamorus|Fighting\n|move|p2a: Enamorus|Substitute|p2a: Enamorus\n|-start|p2a: Enamorus|Substitute\n|-damage|p2a: Enamorus|45/247\n|move|p1a: Passimian|Rock Slide|p2a: Enamorus\n|-resisted|p2a: Enamorus\n|-activate|p2a: Enamorus|move: Substitute|[damage]\n|\n|-heal|p2a: Enamorus|60/247|[from] item: Leftovers\n|upkeep\n|turn|18\n|l|\u2606Usummega\n|inactive|Usummega disconnected and has a minute to reconnect!\n|player|p1|\n|inactive|Usummega has 30 seconds to reconnect!\n|j|\u2606Usummega\n|inactive|Usummega reconnected and has 70 seconds left.\n|player|p1|Usummega|maxie-gen6|\n|-message|Usummega forfeited.\n|\n|win|jimothy cool yt\n|raw|Usummega's rating: 2386 &rarr; <strong>2370</strong><br />(-16 for losing)\n|raw|jimothy cool yt's rating: 2450 &rarr; <strong>2466</strong><br />(+16 for winning)\n|l|\u2606Usummega\n|player|p1|\n", "uploadtime": 1781381693, "views": 17, "formatid": "gen9randombattle", "rating": 2370, "private": 0, "password": null}