{"id": "gen9randombattle-2631833632", "format": "[Gen 9] Random Battle", "players": ["Lantern Snake", "BCena"], "log": "|j|\u2606Lantern Snake\n|j|\u2606BCena\n|t:|1781445977\n|gametype|singles\n|player|p1|Lantern Snake|depotagent|1930\n|player|p2|BCena|red|1913\n|gen|9\n|tier|[Gen 9] Random Battle\n|rated|\n|rule|Species Clause: Limit one of each Pok\u00e9mon\n|rule|HP Percentage Mod: HP is shown in percentages\n|rule|Sleep Clause Mod: Limit one foe put to sleep\n|rule|Illusion Level Mod: Illusion disguises the Pok\u00e9mon's true level\n|\n|t:|1781445977\n|teamsize|p1|6\n|teamsize|p2|6\n|start\n|switch|p1a: Meganium|Meganium, L90, M|290/290\n|switch|p2a: Zekrom|Zekrom, L71|259/259\n|-ability|p2a: Zekrom|Teravolt\n|turn|1\n|\n|t:|1781445998\n|switch|p2a: Houndoom|Houndoom, L87, F|272/272\n|move|p1a: Meganium|Dragon Tail|p2a: Houndoom\n|-damage|p2a: Houndoom|206/272\n|drag|p2a: Zekrom|Zekrom, L71|259/259\n|-ability|p2a: Zekrom|Teravolt\n|\n|upkeep\n|turn|2\n|\n|t:|1781446017\n|move|p2a: Zekrom|Outrage|p1a: Meganium\n|-damage|p1a: Meganium|181/290\n|move|p1a: Meganium|Dragon Tail|p2a: Zekrom\n|-supereffective|p2a: Zekrom\n|-crit|p2a: Zekrom\n|-damage|p2a: Zekrom|143/259\n|drag|p2a: Gothitelle|Gothitelle, L90, M|272/272\n|\n|-heal|p1a: Meganium|199/290|[from] item: Leftovers\n|upkeep\n|turn|3\n|inactive|Battle timer is ON: inactive players will automatically lose when time's up. (requested by BCena)\n|\n|t:|1781446028\n|move|p2a: Gothitelle|Trick|p1a: Meganium\n|-activate|p2a: Gothitelle|move: Trick|[of] p1a: Meganium\n|-item|p1a: Meganium|Choice Scarf|[from] move: Trick\n|-item|p2a: Gothitelle|Leftovers|[from] move: Trick\n|move|p1a: Meganium|Knock Off|p2a: Gothitelle\n|-supereffective|p2a: Gothitelle\n|-damage|p2a: Gothitelle|156/272\n|-enditem|p2a: Gothitelle|Leftovers|[from] move: Knock Off|[of] p1a: Meganium\n|\n|upkeep\n|turn|4\n|\n|t:|1781446037\n|switch|p2a: Houndoom|Houndoom, L87, F|206/272\n|move|p1a: Meganium|Knock Off|p2a: Houndoom\n|-resisted|p2a: Houndoom\n|-damage|p2a: Houndoom|154/272\n|-enditem|p2a: Houndoom|Heavy-Duty Boots|[from] move: Knock Off|[of] p1a: Meganium\n|\n|upkeep\n|turn|5\n|\n|t:|1781446045\n|switch|p1a: Magmortar|Magmortar, L88, F|275/275\n|move|p2a: Houndoom|Nasty Plot|p2a: Houndoom\n|-boost|p2a: Houndoom|spa|2\n|\n|upkeep\n|turn|6\n|\n|t:|1781446063\n|move|p2a: Houndoom|Dark Pulse|p1a: Magmortar\n|-damage|p1a: Magmortar|112/275\n|move|p1a: Magmortar|Focus Blast|p2a: Houndoom\n|-supereffective|p2a: Houndoom\n|-crit|p2a: Houndoom\n|-damage|p2a: Houndoom|0 fnt\n|faint|p2a: Houndoom\n|\n|upkeep\n|\n|t:|1781446079\n|switch|p2a: Gothitelle|Gothitelle, L90, M|156/272\n|turn|7\n|\n|t:|1781446088\n|move|p1a: Magmortar|Knock Off|p2a: Gothitelle\n|-supereffective|p2a: Gothitelle\n|-damage|p2a: Gothitelle|68/272\n|move|p2a: Gothitelle|Psychic|p1a: Magmortar\n|-damage|p1a: Magmortar|12/275\n|-unboost|p1a: Magmortar|spd|1\n|\n|upkeep\n|turn|8\n|\n|t:|1781446094\n|move|p1a: Magmortar|Knock Off|p2a: Gothitelle\n|-supereffective|p2a: Gothitelle\n|-damage|p2a: Gothitelle|0 fnt\n|faint|p2a: Gothitelle\n|\n|upkeep\n|\n|t:|1781446100\n|switch|p2a: Salazzle|Salazzle, L83, F|249/249\n|turn|9\n|\n|t:|1781446106\n|move|p2a: Salazzle|Flamethrower|p1a: Magmortar\n|-resisted|p1a: Magmortar\n|-damage|p1a: Magmortar|0 fnt\n|faint|p1a: Magmortar\n|\n|upkeep\n|\n|t:|1781446119\n|switch|p1a: Hoopa|Hoopa-Unbound, L80|259/259\n|turn|10\n|\n|t:|1781446129\n|move|p2a: Salazzle|Flamethrower|p1a: Hoopa\n|-damage|p1a: Hoopa|180/259\n|move|p1a: Hoopa|Hyperspace Fury|p2a: Salazzle\n|-damage|p2a: Salazzle|0 fnt\n|-unboost|p1a: Hoopa|def|1\n|faint|p2a: Salazzle\n|\n|upkeep\n|\n|t:|1781446141\n|switch|p2a: Zekrom|Zekrom, L71|143/259\n|-ability|p2a: Zekrom|Teravolt\n|turn|11\n|\n|t:|1781446148\n|move|p1a: Hoopa|Hyperspace Fury|p2a: Zekrom\n|-damage|p2a: Zekrom|0 fnt\n|-unboost|p1a: Hoopa|def|1\n|faint|p2a: Zekrom\n|\n|upkeep\n|\n|t:|1781446151\n|switch|p2a: Greninja|Greninja, L80, M|246/246\n|turn|12\n|\n|t:|1781446161\n|move|p2a: Greninja|Gunk Shot|p1a: Hoopa\n|-start|p2a: Greninja|typechange|Poison|[from] ability: Protean\n|-damage|p1a: Hoopa|0 fnt\n|faint|p1a: Hoopa\n|-damage|p2a: Greninja|222/246|[from] item: Life Orb\n|\n|upkeep\n|\n|t:|1781446169\n|switch|p1a: Spidops|Spidops, L96, M|271/271\n|turn|13\n|\n|t:|1781446179\n|move|p2a: Greninja|Gunk Shot|p1a: Spidops\n|-damage|p1a: Spidops|138/271\n|-status|p1a: Spidops|psn\n|-damage|p2a: Greninja|198/246|[from] item: Life Orb\n|move|p1a: Spidops|Sticky Web|p2a: Greninja\n|-sidestart|p2: BCena|move: Sticky Web\n|\n|-damage|p1a: Spidops|105/271 psn|[from] psn\n|upkeep\n|turn|14\n|\n|t:|1781446184\n|move|p2a: Greninja|Gunk Shot|p1a: Spidops|[miss]\n|-miss|p2a: Greninja|p1a: Spidops\n|move|p1a: Spidops|Circle Throw|p2a: Greninja\n|-resisted|p2a: Greninja\n|-damage|p2a: Greninja|169/246\n|drag|p2a: Regidrago|Regidrago, L77|435/435\n|-activate|p2a: Regidrago|move: Sticky Web\n|-unboost|p2a: Regidrago|spe|1\n|\n|-damage|p1a: Spidops|72/271 psn|[from] psn\n|upkeep\n|turn|15\n|\n|t:|1781446193\n|move|p2a: Regidrago|Dragon Energy|p1a: Spidops\n|-damage|p1a: Spidops|0 fnt\n|faint|p1a: Spidops\n|\n|upkeep\n|\n|t:|1781446208\n|switch|p1a: Thundurus|Thundurus, L80, M|258/258\n|turn|16\n|\n|t:|1781446212\n|move|p1a: Thundurus|Acrobatics|p2a: Regidrago\n|-damage|p2a: Regidrago|248/435\n|move|p2a: Regidrago|Dragon Energy|p1a: Thundurus\n|-damage|p1a: Thundurus|126/258\n|\n|upkeep\n|turn|17\n|\n|t:|1781446221\n|move|p1a: Thundurus|Acrobatics|p2a: Regidrago\n|-damage|p2a: Regidrago|56/435\n|move|p2a: Regidrago|Dragon Energy|p1a: Thundurus\n|-damage|p1a: Thundurus|98/258\n|\n|upkeep\n|turn|18\n|\n|t:|1781446227\n|move|p1a: Thundurus|Acrobatics|p2a: Regidrago\n|-damage|p2a: Regidrago|0 fnt\n|faint|p2a: Regidrago\n|\n|upkeep\n|\n|t:|1781446232\n|switch|p2a: Greninja|Greninja, L80, M|169/246\n|-activate|p2a: Greninja|move: Sticky Web\n|-unboost|p2a: Greninja|spe|1\n|turn|19\n|\n|t:|1781446236\n|-terastallize|p2a: Greninja|Poison\n|move|p1a: Thundurus|Acrobatics|p2a: Greninja\n|-damage|p2a: Greninja|18/246\n|move|p2a: Greninja|Ice Beam|p1a: Thundurus\n|-supereffective|p1a: Thundurus\n|-damage|p1a: Thundurus|0 fnt\n|faint|p1a: Thundurus\n|-damage|p2a: Greninja|0 fnt|[from] item: Life Orb\n|faint|p2a: Greninja\n|\n|win|Lantern Snake\n", "uploadtime": 1781445979, "views": 3, "formatid": "gen9randombattle", "rating": null, "private": 0, "password": null}