{"id": "gen9randombattle-2631586233", "format": "[Gen 9] Random Battle", "players": ["nickolassbomfim", "jonuz"], "log": "|j|\u2606nickolassbomfim\n|j|\u2606jonuz\n|t:|1781404941\n|gametype|singles\n|player|p1|nickolassbomfim|red-masters|1936\n|player|p2|jonuz|265|1942\n|gen|9\n|tier|[Gen 9] Random Battle\n|rated|\n|rule|Species Clause: Limit one of each Pok\u00e9mon\n|rule|HP Percentage Mod: HP is shown in percentages\n|rule|Sleep Clause Mod: Limit one foe put to sleep\n|rule|Illusion Level Mod: Illusion disguises the Pok\u00e9mon's true level\n|\n|t:|1781404941\n|teamsize|p1|6\n|teamsize|p2|6\n|start\n|switch|p1a: Sudowoodo|Sudowoodo, L94, F|284/284\n|switch|p2a: Palossand|Palossand, L89, M|296/296\n|turn|1\n|\n|t:|1781404946\n|move|p2a: Palossand|Earth Power|p1a: Sudowoodo\n|-supereffective|p1a: Sudowoodo\n|-damage|p1a: Sudowoodo|38/284\n|move|p1a: Sudowoodo|Stealth Rock|p2a: Palossand\n|-sidestart|p2: jonuz|move: Stealth Rock\n|\n|-heal|p1a: Sudowoodo|55/284|[from] item: Leftovers\n|upkeep\n|turn|2\n|inactive|Battle timer is ON: inactive players will automatically lose when time's up. (requested by nickolassbomfim)\n|\n|t:|1781404950\n|move|p1a: Sudowoodo|Sucker Punch|p2a: Palossand\n|-supereffective|p2a: Palossand\n|-damage|p2a: Palossand|202/296\n|move|p2a: Palossand|Shadow Ball|p1a: Sudowoodo\n|-damage|p1a: Sudowoodo|0 fnt\n|faint|p1a: Sudowoodo\n|\n|-heal|p2a: Palossand|220/296|[from] item: Leftovers\n|upkeep\n|\n|t:|1781404956\n|switch|p1a: Leavanny|Leavanny, L86, M|269/269\n|turn|3\n|\n|t:|1781404963\n|switch|p2a: Skarmory|Skarmory, L80, M|235/235\n|-damage|p2a: Skarmory|206/235|[from] Stealth Rock\n|move|p1a: Leavanny|Knock Off|p2a: Skarmory\n|-damage|p2a: Skarmory|154/235\n|-damage|p1a: Leavanny|225/269|[from] item: Rocky Helmet|[of] p2a: Skarmory\n|-enditem|p2a: Skarmory|Rocky Helmet|[from] move: Knock Off|[of] p1a: Leavanny\n|\n|upkeep\n|turn|4\n|\n|t:|1781404970\n|move|p1a: Leavanny|Sticky Web|p2a: Skarmory\n|-sidestart|p2: jonuz|move: Sticky Web\n|move|p2a: Skarmory|Stealth Rock|p1a: Leavanny\n|-sidestart|p1: nickolassbomfim|move: Stealth Rock\n|\n|upkeep\n|turn|5\n|\n|t:|1781404980\n|switch|p1a: Clefable|Clefable, L83, F|293/293\n|move|p2a: Skarmory|Roost|p2a: Skarmory\n|-heal|p2a: Skarmory|235/235\n|-singleturn|p2a: Skarmory|move: Roost\n|\n|upkeep\n|turn|6\n|\n|t:|1781404988\n|switch|p2a: Palossand|Palossand, L89, M|220/296\n|-damage|p2a: Palossand|202/296|[from] Stealth Rock\n|-activate|p2a: Palossand|move: Sticky Web\n|-unboost|p2a: Palossand|spe|1\n|move|p1a: Clefable|Knock Off|p2a: Palossand\n|-supereffective|p2a: Palossand\n|-damage|p2a: Palossand|101/296\n|-enditem|p2a: Palossand|Leftovers|[from] move: Knock Off|[of] p1a: Clefable\n|\n|upkeep\n|turn|7\n|\n|t:|1781404990\n|move|p1a: Clefable|Moonblast|p2a: Palossand\n|-damage|p2a: Palossand|0 fnt\n|faint|p2a: Palossand\n|\n|upkeep\n|\n|t:|1781404995\n|switch|p2a: Lycanroc|Lycanroc-Dusk, L81, M|254/254\n|-damage|p2a: Lycanroc|223/254|[from] Stealth Rock\n|-activate|p2a: Lycanroc|move: Sticky Web\n|-unboost|p2a: Lycanroc|spe|1\n|turn|8\n|\n|t:|1781404998\n|move|p2a: Lycanroc|Stone Edge|p1a: Clefable|[miss]\n|-miss|p2a: Lycanroc|p1a: Clefable\n|move|p1a: Clefable|Knock Off|p2a: Lycanroc\n|-damage|p2a: Lycanroc|137/254\n|-enditem|p2a: Lycanroc|Choice Band|[from] move: Knock Off|[of] p1a: Clefable\n|\n|upkeep\n|turn|9\n|\n|t:|1781405001\n|move|p2a: Lycanroc|Stone Edge|p1a: Clefable\n|-damage|p1a: Clefable|163/293\n|move|p1a: Clefable|Thunder Wave|p2a: Lycanroc\n|-status|p2a: Lycanroc|par\n|\n|upkeep\n|turn|10\n|\n|t:|1781405005\n|move|p1a: Clefable|Moonlight|p1a: Clefable\n|-heal|p1a: Clefable|293/293\n|move|p2a: Lycanroc|Stone Edge|p1a: Clefable\n|-crit|p1a: Clefable\n|-damage|p1a: Clefable|89/293\n|\n|upkeep\n|turn|11\n|\n|t:|1781405018\n|cant|p2a: Lycanroc|par\n|move|p1a: Clefable|Moonlight|p1a: Clefable\n|-heal|p1a: Clefable|235/293\n|\n|upkeep\n|turn|12\n|\n|t:|1781405021\n|move|p1a: Clefable|Moonblast|p2a: Lycanroc\n|-damage|p2a: Lycanroc|0 fnt\n|faint|p2a: Lycanroc\n|\n|upkeep\n|\n|t:|1781405030\n|switch|p2a: Skarmory|Skarmory, L80, M|235/235\n|-damage|p2a: Skarmory|206/235|[from] Stealth Rock\n|turn|13\n|\n|t:|1781405034\n|move|p2a: Skarmory|Brave Bird|p1a: Clefable\n|-damage|p1a: Clefable|108/293\n|-damage|p2a: Skarmory|164/235|[from] Recoil\n|move|p1a: Clefable|Thunder Wave|p2a: Skarmory|[miss]\n|-miss|p1a: Clefable|p2a: Skarmory\n|\n|upkeep\n|turn|14\n|\n|t:|1781405037\n|move|p2a: Skarmory|Brave Bird|p1a: Clefable\n|-damage|p1a: Clefable|0 fnt\n|faint|p1a: Clefable\n|-damage|p2a: Skarmory|128/235|[from] Recoil\n|\n|upkeep\n|\n|t:|1781405040\n|switch|p1a: Eternatus|Eternatus, L69|308/308\n|-damage|p1a: Eternatus|270/308|[from] Stealth Rock\n|-ability|p1a: Eternatus|Pressure\n|turn|15\n|\n|t:|1781405043\n|move|p1a: Eternatus|Meteor Beam||[still]\n|-prepare|p1a: Eternatus|Meteor Beam\n|-boost|p1a: Eternatus|spa|1\n|-enditem|p1a: Eternatus|Power Herb\n|-anim|p1a: Eternatus|Meteor Beam|p2a: Skarmory\n|-damage|p2a: Skarmory|0 fnt\n|faint|p2a: Skarmory\n|\n|upkeep\n|\n|t:|1781405052\n|switch|p2a: Flutter Mane|Flutter Mane, L74|203/203\n|-damage|p2a: Flutter Mane|178/203|[from] Stealth Rock\n|-activate|p2a: Flutter Mane|move: Sticky Web\n|-unboost|p2a: Flutter Mane|spe|1\n|turn|16\n|\n|t:|1781405057\n|-terastallize|p1a: Eternatus|Poison\n|move|p1a: Eternatus|Sludge Bomb|p2a: Flutter Mane\n|-damage|p2a: Flutter Mane|32/203\n|move|p2a: Flutter Mane|Psyshock|p1a: Eternatus\n|-supereffective|p1a: Eternatus\n|-damage|p1a: Eternatus|60/308\n|\n|upkeep\n|turn|17\n|\n|t:|1781405064\n|move|p1a: Eternatus|Sludge Bomb|p2a: Flutter Mane\n|-damage|p2a: Flutter Mane|0 fnt\n|faint|p2a: Flutter Mane\n|-end|p2a: Flutter Mane|Protosynthesis|[silent]\n|\n|upkeep\n|\n|t:|1781405067\n|switch|p2a: Scrafty|Scrafty, L83, M|244/244\n|-damage|p2a: Scrafty|229/244|[from] Stealth Rock\n|-activate|p2a: Scrafty|move: Sticky Web\n|-unboost|p2a: Scrafty|spe|1\n|turn|18\n|\n|t:|1781405071\n|-terastallize|p2a: Scrafty|Poison\n|move|p1a: Eternatus|Dynamax Cannon|p2a: Scrafty\n|-damage|p2a: Scrafty|97/244\n|move|p2a: Scrafty|Knock Off|p1a: Eternatus\n|-damage|p1a: Eternatus|0 fnt\n|faint|p1a: Eternatus\n|\n|-heal|p2a: Scrafty|112/244|[from] item: Leftovers\n|upkeep\n|\n|t:|1781405075\n|switch|p1a: Iron Hands|Iron Hands, L79|373/373\n|-damage|p1a: Iron Hands|350/373|[from] Stealth Rock\n|turn|19\n|\n|t:|1781405079\n|switch|p2a: Zarude|Zarude, L77|288/288\n|-damage|p2a: Zarude|252/288|[from] Stealth Rock\n|-activate|p2a: Zarude|move: Sticky Web\n|-unboost|p2a: Zarude|spe|1\n|move|p1a: Iron Hands|Swords Dance|p1a: Iron Hands\n|-boost|p1a: Iron Hands|atk|2\n|\n|-heal|p1a: Iron Hands|373/373|[from] item: Leftovers\n|upkeep\n|turn|20\n|\n|t:|1781405084\n|move|p2a: Zarude|Power Whip|p1a: Iron Hands\n|-damage|p1a: Iron Hands|204/373\n|move|p1a: Iron Hands|Drain Punch|p2a: Zarude\n|-supereffective|p2a: Zarude\n|-damage|p2a: Zarude|0 fnt\n|-heal|p1a: Iron Hands|330/373|[from] drain|[of] p2a: Zarude\n|faint|p2a: Zarude\n|\n|-heal|p1a: Iron Hands|353/373|[from] item: Leftovers\n|upkeep\n|\n|t:|1781405087\n|switch|p2a: Scrafty|Scrafty, L83, M, tera:Poison|112/244\n|-damage|p2a: Scrafty|82/244|[from] Stealth Rock\n|-activate|p2a: Scrafty|move: Sticky Web\n|-unboost|p2a: Scrafty|spe|1\n|turn|21\n|\n|t:|1781405090\n|move|p1a: Iron Hands|Wild Charge|p2a: Scrafty\n|-damage|p2a: Scrafty|0 fnt\n|faint|p2a: Scrafty\n|-damage|p1a: Iron Hands|332/373|[from] Recoil\n|\n|win|nickolassbomfim\n", "uploadtime": 1781404942, "views": 7, "formatid": "gen9randombattle", "rating": null, "private": 0, "password": null}