{"id": "gen9randombattle-2631908704", "format": "[Gen 9] Random Battle", "players": ["DEVILICEMIN", "noKlew"], "log": "|j|\u2606DEVILICEMIN\n|j|\u2606noKlew\n|t:|1781454489\n|gametype|singles\n|player|p1|DEVILICEMIN|265|2052\n|player|p2|noKlew|265|2047\n|gen|9\n|tier|[Gen 9] Random Battle\n|rated|\n|rule|Species Clause: Limit one of each Pok\u00e9mon\n|rule|HP Percentage Mod: HP is shown in percentages\n|rule|Sleep Clause Mod: Limit one foe put to sleep\n|rule|Illusion Level Mod: Illusion disguises the Pok\u00e9mon's true level\n|\n|t:|1781454489\n|teamsize|p1|6\n|teamsize|p2|6\n|start\n|switch|p1a: Barraskewda|Barraskewda, L81, M|231/231\n|switch|p2a: Sawsbuck|Sawsbuck-Autumn, L88, M|284/284\n|turn|1\n|inactive|Battle timer is ON: inactive players will automatically lose when time's up. (requested by noKlew)\n|\n|t:|1781454507\n|switch|p2a: Ampharos|Ampharos, L88, F|302/302\n|move|p1a: Barraskewda|Close Combat|p2a: Ampharos\n|-damage|p2a: Ampharos|154/302\n|-unboost|p1a: Barraskewda|def|1\n|-unboost|p1a: Barraskewda|spd|1\n|\n|upkeep\n|turn|2\n|\n|t:|1781454520\n|switch|p1a: Slowking|Slowking-Galar, L85, M|300/300\n|move|p2a: Ampharos|Dazzling Gleam|p1a: Slowking\n|-resisted|p1a: Slowking\n|-damage|p1a: Slowking|262/300\n|-damage|p2a: Ampharos|124/302|[from] item: Life Orb\n|\n|-heal|p1a: Slowking|280/300|[from] item: Leftovers\n|upkeep\n|turn|3\n|\n|t:|1781454530\n|switch|p2a: Bastiodon|Bastiodon, L89, F|252/252\n|move|p1a: Slowking|Sludge Bomb|p2a: Bastiodon\n|-immune|p2a: Bastiodon\n|\n|-heal|p1a: Slowking|298/300|[from] item: Leftovers\n|upkeep\n|turn|4\n|\n|t:|1781454550\n|switch|p1a: Greninja|Greninja, L80, M|246/246\n|move|p2a: Bastiodon|Iron Defense|p2a: Bastiodon\n|-boost|p2a: Bastiodon|def|2\n|\n|upkeep\n|turn|5\n|\n|t:|1781454557\n|move|p1a: Greninja|Hydro Pump|p2a: Bastiodon|[miss]\n|-miss|p1a: Greninja|p2a: Bastiodon\n|move|p2a: Bastiodon|Body Press|p1a: Greninja\n|-supereffective|p1a: Greninja\n|-damage|p1a: Greninja|0 fnt\n|faint|p1a: Greninja\n|\n|upkeep\n|\n|t:|1781454568\n|switch|p1a: Perrserker|Perrserker, L89, M|269/269\n|turn|6\n|\n|t:|1781454571\n|move|p1a: Perrserker|Close Combat|p2a: Bastiodon\n|-supereffective|p2a: Bastiodon\n|-damage|p2a: Bastiodon|44/252\n|-unboost|p1a: Perrserker|def|1\n|-unboost|p1a: Perrserker|spd|1\n|-damage|p1a: Perrserker|243/269|[from] item: Life Orb\n|move|p2a: Bastiodon|Body Press|p1a: Perrserker\n|-supereffective|p1a: Perrserker\n|-damage|p1a: Perrserker|0 fnt\n|faint|p1a: Perrserker\n|\n|upkeep\n|\n|t:|1781454588\n|switch|p1a: Barraskewda|Barraskewda, L81, M|231/231\n|turn|7\n|\n|t:|1781454591\n|switch|p2a: Ampharos|Ampharos, L88, F|124/302\n|move|p1a: Barraskewda|Flip Turn|p2a: Ampharos\n|-damage|p2a: Ampharos|13/302\n|-status|p1a: Barraskewda|par|[from] ability: Static|[of] p2a: Ampharos\n|\n|t:|1781454597\n|switch|p1a: Indeedee|Indeedee, L84, M|238/238|[from] Flip Turn\n|-fieldstart|move: Psychic Terrain|[from] ability: Psychic Surge|[of] p1a: Indeedee\n|\n|upkeep\n|turn|8\n|\n|t:|1781454602\n|move|p1a: Indeedee|Calm Mind|p1a: Indeedee\n|-boost|p1a: Indeedee|spa|1\n|-boost|p1a: Indeedee|spd|1\n|move|p2a: Ampharos|Thunderbolt|p1a: Indeedee\n|-damage|p1a: Indeedee|144/238\n|-damage|p2a: Ampharos|0 fnt|[from] item: Life Orb\n|faint|p2a: Ampharos\n|\n|upkeep\n|\n|t:|1781454629\n|switch|p2a: Sawsbuck|Sawsbuck-Autumn, L88, M|284/284\n|turn|9\n|\n|t:|1781454634\n|move|p2a: Sawsbuck|Double-Edge|p1a: Indeedee\n|-damage|p1a: Indeedee|0 fnt\n|faint|p1a: Indeedee\n|-damage|p2a: Sawsbuck|236/284|[from] Recoil\n|-damage|p2a: Sawsbuck|208/284|[from] item: Life Orb\n|\n|upkeep\n|\n|t:|1781454638\n|switch|p1a: Incineroar|Incineroar, L82, F|290/290\n|-ability|p1a: Incineroar|Intimidate|boost\n|-unboost|p2a: Sawsbuck|atk|1\n|turn|10\n|\n|t:|1781454664\n|switch|p2a: Wugtrio|Wugtrio, L91, F|212/212\n|move|p1a: Incineroar|Knock Off|p2a: Wugtrio\n|-damage|p2a: Wugtrio|71/212\n|-ability|p2a: Wugtrio|Gooey\n|-unboost|p1a: Incineroar|spe|1\n|-enditem|p2a: Wugtrio|Choice Band|[from] move: Knock Off|[of] p1a: Incineroar\n|\n|upkeep\n|turn|11\n|\n|t:|1781454672\n|switch|p1a: Barraskewda|Barraskewda, L81, M|231/231 par\n|move|p2a: Wugtrio|Liquidation|p1a: Barraskewda\n|-resisted|p1a: Barraskewda\n|-damage|p1a: Barraskewda|162/231 par\n|-unboost|p1a: Barraskewda|def|1\n|\n|-fieldend|move: Psychic Terrain\n|upkeep\n|turn|12\n|\n|t:|1781454678\n|move|p2a: Wugtrio|Throat Chop|p1a: Barraskewda\n|-damage|p1a: Barraskewda|27/231 par\n|-start|p1a: Barraskewda|Throat Chop|[silent]\n|move|p1a: Barraskewda|Poison Jab|p2a: Wugtrio\n|-damage|p2a: Wugtrio|0 fnt\n|-ability|p2a: Wugtrio|Gooey\n|-unboost|p1a: Barraskewda|spe|1\n|faint|p2a: Wugtrio\n|\n|upkeep\n|inactive|noKlew has 120 seconds left.\n|\n|t:|1781454699\n|switch|p2a: Bastiodon|Bastiodon, L89, F|44/252\n|turn|13\n|\n|t:|1781454704\n|switch|p1a: Incineroar|Incineroar, L82, F|290/290\n|-ability|p1a: Incineroar|Intimidate|boost\n|-unboost|p2a: Bastiodon|atk|1\n|move|p2a: Bastiodon|Rest|p2a: Bastiodon\n|-status|p2a: Bastiodon|slp|[from] move: Rest\n|-heal|p2a: Bastiodon|252/252 slp|[silent]\n|-enditem|p2a: Bastiodon|Chesto Berry|[eat]\n|-curestatus|p2a: Bastiodon|slp|[msg]\n|\n|upkeep\n|turn|14\n|\n|t:|1781454718\n|switch|p2a: Basculin|Basculin, L86, M|261/261\n|move|p1a: Incineroar|Swords Dance|p1a: Incineroar\n|-boost|p1a: Incineroar|atk|2\n|\n|upkeep\n|turn|15\n|\n|t:|1781454728\n|-terastallize|p1a: Incineroar|Grass\n|move|p2a: Basculin|Double-Edge|p1a: Incineroar\n|-damage|p1a: Incineroar|161/290\n|-damage|p2a: Basculin|218/261|[from] Recoil\n|move|p1a: Incineroar|Trailblaze|p2a: Basculin\n|-supereffective|p2a: Basculin\n|-damage|p2a: Basculin|0 fnt\n|-boost|p1a: Incineroar|spe|1\n|faint|p2a: Basculin\n|\n|upkeep\n|\n|t:|1781454744\n|switch|p2a: Bastiodon|Bastiodon, L89, F|252/252\n|turn|16\n|\n|t:|1781454753\n|move|p1a: Incineroar|Flare Blitz|p2a: Bastiodon\n|-damage|p2a: Bastiodon|89/252\n|-damage|p1a: Incineroar|107/290|[from] Recoil\n|move|p2a: Bastiodon|Foul Play|p1a: Incineroar\n|-damage|p1a: Incineroar|0 fnt\n|faint|p1a: Incineroar\n|\n|upkeep\n|\n|t:|1781454758\n|switch|p1a: Barraskewda|Barraskewda, L81, M|27/231 par\n|turn|17\n|inactive|noKlew has 120 seconds left.\n|\n|t:|1781454802\n|switch|p2a: Sawsbuck|Sawsbuck-Autumn, L88, M|208/284\n|cant|p1a: Barraskewda|par\n|\n|upkeep\n|turn|18\n|\n|t:|1781454807\n|switch|p1a: Slowking|Slowking-Galar, L85, M|300/300\n|move|p2a: Sawsbuck|High Horsepower|p1a: Slowking\n|-supereffective|p1a: Slowking\n|-damage|p1a: Slowking|92/300\n|-damage|p2a: Sawsbuck|180/284|[from] item: Life Orb\n|\n|-heal|p1a: Slowking|110/300|[from] item: Leftovers\n|upkeep\n|turn|19\n|c|\u2606DEVILICEMIN|._.\n|\n|t:|1781454819\n|move|p2a: Sawsbuck|Double-Edge|p1a: Slowking\n|-damage|p1a: Slowking|0 fnt\n|faint|p1a: Slowking\n|-damage|p2a: Sawsbuck|144/284|[from] Recoil\n|-damage|p2a: Sawsbuck|116/284|[from] item: Life Orb\n|\n|upkeep\n|c|\u2606noKlew|gg\n|-message|DEVILICEMIN forfeited.\n|\n|win|noKlew\n", "uploadtime": 1781454491, "views": 6, "formatid": "gen9randombattle", "rating": null, "private": 0, "password": null}