{"id": "gen9randombattle-2631911021", "format": "[Gen 9] Random Battle", "players": ["ProSemitic", "SanJacoboUwU"], "log": "|j|\u2606ProSemitic\n|j|\u2606SanJacoboUwU\n|t:|1781454740\n|gametype|singles\n|player|p1|ProSemitic|lady-gen4|1619\n|player|p2|SanJacoboUwU|ethan|1591\n|gen|9\n|tier|[Gen 9] Random Battle\n|rated|\n|rule|Species Clause: Limit one of each Pok\u00e9mon\n|rule|HP Percentage Mod: HP is shown in percentages\n|rule|Sleep Clause Mod: Limit one foe put to sleep\n|rule|Illusion Level Mod: Illusion disguises the Pok\u00e9mon's true level\n|\n|t:|1781454740\n|teamsize|p1|6\n|teamsize|p2|6\n|start\n|switch|p1a: Golurk|Golurk, L87|297/297\n|switch|p2a: Mandibuzz|Mandibuzz, L85, F|326/326\n|turn|1\n|inactive|Battle timer is ON: inactive players will automatically lose when time's up. (requested by ProSemitic)\n|inactive|ProSemitic has 120 seconds left.\n|\n|t:|1781454792\n|move|p2a: Mandibuzz|Foul Play|p1a: Golurk\n|-supereffective|p1a: Golurk\n|-damage|p1a: Golurk|15/297\n|move|p1a: Golurk|Stealth Rock|p2a: Mandibuzz\n|-sidestart|p2: SanJacoboUwU|move: Stealth Rock\n|\n|upkeep\n|turn|2\n|\n|t:|1781454803\n|switch|p1a: Swalot|Swalot, L90, F|326/326\n|move|p2a: Mandibuzz|Foul Play|p1a: Swalot\n|-damage|p1a: Swalot|239/326\n|\n|-heal|p1a: Swalot|259/326|[from] item: Leftovers\n|upkeep\n|turn|3\n|inactive|SanJacoboUwU has 120 seconds left.\n|inactive|SanJacoboUwU has 90 seconds left.\n|inactive|SanJacoboUwU has 60 seconds left.\n|\n|t:|1781454897\n|switch|p2a: Pyroar|Pyroar, L88, M|295/295\n|-ability|p2a: Pyroar|Unnerve\n|move|p1a: Swalot|Toxic|p2a: Pyroar\n|-status|p2a: Pyroar|tox\n|\n|-heal|p1a: Swalot|279/326|[from] item: Leftovers\n|-damage|p2a: Pyroar|277/295 tox|[from] psn\n|upkeep\n|turn|4\n|inactive|SanJacoboUwU has 60 seconds left.\n|\n|t:|1781454910\n|move|p2a: Pyroar|Fire Blast|p1a: Swalot\n|-damage|p1a: Swalot|131/326\n|move|p1a: Swalot|Earthquake|p2a: Pyroar\n|-supereffective|p2a: Pyroar\n|-damage|p2a: Pyroar|133/295 tox\n|\n|-heal|p1a: Swalot|151/326|[from] item: Leftovers\n|-damage|p2a: Pyroar|97/295 tox|[from] psn\n|upkeep\n|turn|5\n|inactive|SanJacoboUwU has 60 seconds left.\n|\n|t:|1781454936\n|move|p1a: Swalot|Protect|p1a: Swalot\n|-singleturn|p1a: Swalot|Protect\n|move|p2a: Pyroar|Fire Blast|p1a: Swalot\n|-activate|p1a: Swalot|move: Protect\n|\n|-heal|p1a: Swalot|171/326|[from] item: Leftovers\n|-damage|p2a: Pyroar|43/295 tox|[from] psn\n|upkeep\n|turn|6\n|\n|t:|1781454940\n|switch|p1a: Golurk|Golurk, L87|15/297\n|move|p2a: Pyroar|Fire Blast|p1a: Golurk\n|-damage|p1a: Golurk|0 fnt\n|faint|p1a: Golurk\n|\n|-damage|p2a: Pyroar|0 fnt|[from] psn\n|faint|p2a: Pyroar\n|upkeep\n|\n|t:|1781454960\n|switch|p2a: Lilligant|Lilligant, L86, F|261/261\n|switch|p1a: Pikachu|Pikachu-Sinnoh, L93, M|216/216\n|-damage|p2a: Lilligant|229/261|[from] Stealth Rock\n|turn|7\n|\n|t:|1781454971\n|move|p1a: Pikachu|Volt Switch|p2a: Lilligant\n|-resisted|p2a: Lilligant\n|-crit|p2a: Lilligant\n|-damage|p2a: Lilligant|138/261\n|\n|t:|1781454974\n|switch|p1a: Bellossom|Bellossom, L84, M|263/263|[from] Volt Switch\n|move|p2a: Lilligant|Quiver Dance|p2a: Lilligant\n|-boost|p2a: Lilligant|spa|1\n|-boost|p2a: Lilligant|spd|1\n|-boost|p2a: Lilligant|spe|1\n|\n|upkeep\n|turn|8\n|inactive|SanJacoboUwU has 30 seconds left.\n|\n|t:|1781455008\n|move|p2a: Lilligant|Quiver Dance|p2a: Lilligant\n|-boost|p2a: Lilligant|spa|1\n|-boost|p2a: Lilligant|spd|1\n|-boost|p2a: Lilligant|spe|1\n|move|p1a: Bellossom|Sludge Bomb|p2a: Lilligant\n|-supereffective|p2a: Lilligant\n|-damage|p2a: Lilligant|72/261\n|\n|upkeep\n|turn|9\n|inactive|SanJacoboUwU has 30 seconds left.\n|\n|t:|1781455026\n|-terastallize|p1a: Bellossom|Poison\n|move|p2a: Lilligant|Alluring Voice|p1a: Bellossom\n|-resisted|p1a: Bellossom\n|-damage|p1a: Bellossom|182/263\n|-damage|p2a: Lilligant|46/261|[from] item: Life Orb\n|move|p1a: Bellossom|Sludge Bomb|p2a: Lilligant\n|-supereffective|p2a: Lilligant\n|-damage|p2a: Lilligant|0 fnt\n|faint|p2a: Lilligant\n|\n|-heal|p1a: Bellossom|198/263|[from] item: Leftovers\n|upkeep\n|inactive|SanJacoboUwU has 30 seconds left.\n|inactive|SanJacoboUwU has 20 seconds left.\n|inactive|SanJacoboUwU has 15 seconds left.\n|inactive|SanJacoboUwU has 10 seconds left.\n|inactive|SanJacoboUwU has 5 seconds left.\n|\n|t:|1781455057\n|switch|p2a: Houndstone|Houndstone, L86, F|264/264\n|-damage|p2a: Houndstone|231/264|[from] Stealth Rock\n|turn|10\n|inactive|SanJacoboUwU has 15 seconds left this turn.\n|inactive|SanJacoboUwU has 10 seconds left.\n|\n|t:|1781455063\n|move|p2a: Houndstone|Poltergeist|p1a: Bellossom\n|-activate|p1a: Bellossom|move: Poltergeist|Leftovers\n|-damage|p1a: Bellossom|9/263\n|move|p1a: Bellossom|Quiver Dance|p1a: Bellossom\n|-boost|p1a: Bellossom|spa|1\n|-boost|p1a: Bellossom|spd|1\n|-boost|p1a: Bellossom|spe|1\n|\n|-heal|p1a: Bellossom|25/263|[from] item: Leftovers\n|upkeep\n|turn|11\n|inactive|SanJacoboUwU has 20 seconds left this turn.\n|inactive|SanJacoboUwU has 15 seconds left.\n|\n|t:|1781455072\n|move|p1a: Bellossom|Strength Sap|p2a: Houndstone\n|-unboost|p2a: Houndstone|atk|1\n|-heal|p1a: Bellossom|248/263\n|move|p2a: Houndstone|Poltergeist|p1a: Bellossom\n|-activate|p1a: Bellossom|move: Poltergeist|Leftovers\n|-damage|p1a: Bellossom|137/263\n|\n|-heal|p1a: Bellossom|153/263|[from] item: Leftovers\n|upkeep\n|turn|12\n|inactive|SanJacoboUwU has 25 seconds left this turn.\n|inactive|SanJacoboUwU has 20 seconds left.\n|inactive|SanJacoboUwU has 15 seconds left.\n|\n|t:|1781455085\n|switch|p2a: Drifblim|Drifblim, L86, M|396/396\n|-damage|p2a: Drifblim|297/396|[from] Stealth Rock\n|move|p1a: Bellossom|Strength Sap|p2a: Drifblim\n|-unboost|p2a: Drifblim|atk|1\n|-heal|p1a: Bellossom|263/263\n|\n|upkeep\n|turn|13\n|inactive|SanJacoboUwU has 25 seconds left this turn.\n|inactive|SanJacoboUwU has 20 seconds left.\n|inactive|SanJacoboUwU has 15 seconds left.\n|\n|t:|1781455100\n|move|p1a: Bellossom|Quiver Dance|p1a: Bellossom\n|-boost|p1a: Bellossom|spa|1\n|-boost|p1a: Bellossom|spd|1\n|-boost|p1a: Bellossom|spe|1\n|move|p2a: Drifblim|Calm Mind|p2a: Drifblim\n|-boost|p2a: Drifblim|spa|1\n|-boost|p2a: Drifblim|spd|1\n|\n|upkeep\n|turn|14\n|inactive|SanJacoboUwU has 25 seconds left this turn.\n|\n|t:|1781455104\n|move|p1a: Bellossom|Sludge Bomb|p2a: Drifblim\n|-resisted|p2a: Drifblim\n|-damage|p2a: Drifblim|210/396\n|-status|p2a: Drifblim|psn\n|move|p2a: Drifblim|Calm Mind|p2a: Drifblim\n|-boost|p2a: Drifblim|spa|1\n|-boost|p2a: Drifblim|spd|1\n|\n|-damage|p2a: Drifblim|161/396 psn|[from] psn\n|upkeep\n|-enditem|p2a: Drifblim|Sitrus Berry|[eat]\n|-heal|p2a: Drifblim|260/396 psn|[from] item: Sitrus Berry\n|turn|15\n|inactive|SanJacoboUwU has 30 seconds left.\n|\n|t:|1781455114\n|move|p2a: Drifblim|Calm Mind|p2a: Drifblim\n|-boost|p2a: Drifblim|spa|1\n|-boost|p2a: Drifblim|spd|1\n|move|p1a: Bellossom|Quiver Dance|p1a: Bellossom\n|-boost|p1a: Bellossom|spa|1\n|-boost|p1a: Bellossom|spd|1\n|-boost|p1a: Bellossom|spe|1\n|\n|-damage|p2a: Drifblim|211/396 psn|[from] psn\n|upkeep\n|turn|16\n|\n|t:|1781455120\n|move|p2a: Drifblim|Calm Mind|p2a: Drifblim\n|-boost|p2a: Drifblim|spa|1\n|-boost|p2a: Drifblim|spd|1\n|move|p1a: Bellossom|Quiver Dance|p1a: Bellossom\n|-boost|p1a: Bellossom|spa|1\n|-boost|p1a: Bellossom|spd|1\n|-boost|p1a: Bellossom|spe|1\n|\n|-damage|p2a: Drifblim|162/396 psn|[from] psn\n|upkeep\n|turn|17\n|inactive|SanJacoboUwU has 30 seconds left.\n|\n|t:|1781455136\n|move|p1a: Bellossom|Sludge Bomb|p2a: Drifblim\n|-resisted|p2a: Drifblim\n|-damage|p2a: Drifblim|96/396 psn\n|move|p2a: Drifblim|Strength Sap|p1a: Bellossom\n|-unboost|p1a: Bellossom|atk|1\n|-heal|p2a: Drifblim|235/396 psn\n|\n|-damage|p2a: Drifblim|186/396 psn|[from] psn\n|upkeep\n|turn|18\n|inactive|SanJacoboUwU has 30 seconds left.\n|\n|t:|1781455150\n|move|p1a: Bellossom|Strength Sap|p2a: Drifblim\n|-unboost|p2a: Drifblim|atk|1\n|move|p2a: Drifblim|Shadow Ball|p1a: Bellossom\n|-damage|p1a: Bellossom|191/263\n|\n|-heal|p1a: Bellossom|207/263|[from] item: Leftovers\n|-damage|p2a: Drifblim|137/396 psn|[from] psn\n|upkeep\n|turn|19\n|\n|t:|1781455157\n|move|p1a: Bellossom|Quiver Dance|p1a: Bellossom\n|-boost|p1a: Bellossom|spa|1\n|-boost|p1a: Bellossom|spd|1\n|-boost|p1a: Bellossom|spe|1\n|move|p2a: Drifblim|Shadow Ball|p1a: Bellossom\n|-damage|p1a: Bellossom|138/263\n|\n|-heal|p1a: Bellossom|154/263|[from] item: Leftovers\n|-damage|p2a: Drifblim|88/396 psn|[from] psn\n|upkeep\n|turn|20\n|\n|t:|1781455162\n|move|p1a: Bellossom|Giga Drain|p2a: Drifblim\n|-resisted|p2a: Drifblim\n|-damage|p2a: Drifblim|29/396 psn\n|-heal|p1a: Bellossom|184/263|[from] drain|[of] p2a: Drifblim\n|move|p2a: Drifblim|Shadow Ball|p1a: Bellossom\n|-damage|p1a: Bellossom|121/263\n|\n|-heal|p1a: Bellossom|137/263|[from] item: Leftovers\n|-damage|p2a: Drifblim|0 fnt|[from] psn\n|faint|p2a: Drifblim\n|upkeep\n|\n|t:|1781455175\n|switch|p2a: Grimmsnarl|Grimmsnarl, L83, M|293/293\n|-damage|p2a: Grimmsnarl|257/293|[from] Stealth Rock\n|turn|21\n|\n|t:|1781455182\n|-terastallize|p2a: Grimmsnarl|Steel\n|move|p2a: Grimmsnarl|Thunder Wave|p1a: Bellossom\n|-status|p1a: Bellossom|par\n|move|p1a: Bellossom|Giga Drain|p2a: Grimmsnarl\n|-resisted|p2a: Grimmsnarl\n|-damage|p2a: Grimmsnarl|115/293\n|-heal|p1a: Bellossom|208/263 par|[from] drain|[of] p2a: Grimmsnarl\n|\n|-heal|p1a: Bellossom|224/263 par|[from] item: Leftovers\n|upkeep\n|turn|22\n|\n|t:|1781455191\n|move|p2a: Grimmsnarl|Light Screen|p2a: Grimmsnarl\n|-sidestart|p2: SanJacoboUwU|move: Light Screen\n|move|p1a: Bellossom|Giga Drain|p2a: Grimmsnarl\n|-resisted|p2a: Grimmsnarl\n|-damage|p2a: Grimmsnarl|45/293\n|-heal|p1a: Bellossom|259/263 par|[from] drain|[of] p2a: Grimmsnarl\n|\n|-heal|p1a: Bellossom|263/263 par|[from] item: Leftovers\n|upkeep\n|turn|23\n|\n|t:|1781455210\n|move|p1a: Bellossom|Quiver Dance|p1a: Bellossom\n|-boost|p1a: Bellossom|spa|1\n|-boost|p1a: Bellossom|spd|1\n|-boost|p1a: Bellossom|spe|1\n|move|p2a: Grimmsnarl|Spirit Break|p1a: Bellossom\n|-resisted|p1a: Bellossom\n|-damage|p1a: Bellossom|220/263 par\n|-unboost|p1a: Bellossom|spa|1\n|\n|-heal|p1a: Bellossom|236/263 par|[from] item: Leftovers\n|upkeep\n|turn|24\n|\n|t:|1781455217\n|move|p1a: Bellossom|Strength Sap|p2a: Grimmsnarl\n|-unboost|p2a: Grimmsnarl|atk|1\n|-heal|p1a: Bellossom|263/263 par\n|move|p2a: Grimmsnarl|Spirit Break|p1a: Bellossom\n|-resisted|p1a: Bellossom\n|-damage|p1a: Bellossom|232/263 par\n|-unboost|p1a: Bellossom|spa|1\n|\n|-heal|p1a: Bellossom|248/263 par|[from] item: Leftovers\n|upkeep\n|turn|25\n|inactive|SanJacoboUwU has 60 seconds left.\n|\n|t:|1781455224\n|move|p1a: Bellossom|Quiver Dance|p1a: Bellossom\n|-boost|p1a: Bellossom|spa|1\n|-boost|p1a: Bellossom|spd|0\n|-boost|p1a: Bellossom|spe|0\n|move|p2a: Grimmsnarl|Spirit Break|p1a: Bellossom\n|-resisted|p1a: Bellossom\n|-damage|p1a: Bellossom|217/263 par\n|-unboost|p1a: Bellossom|spa|1\n|\n|-heal|p1a: Bellossom|233/263 par|[from] item: Leftovers\n|upkeep\n|turn|26\n|\n|t:|1781455230\n|move|p1a: Bellossom|Quiver Dance|p1a: Bellossom\n|-boost|p1a: Bellossom|spa|1\n|-boost|p1a: Bellossom|spd|0\n|-boost|p1a: Bellossom|spe|0\n|move|p2a: Grimmsnarl|Spirit Break|p1a: Bellossom\n|-resisted|p1a: Bellossom\n|-damage|p1a: Bellossom|202/263 par\n|-unboost|p1a: Bellossom|spa|1\n|\n|-heal|p1a: Bellossom|218/263 par|[from] item: Leftovers\n|upkeep\n|turn|27\n|\n|t:|1781455233\n|cant|p1a: Bellossom|par\n|move|p2a: Grimmsnarl|Spirit Break|p1a: Bellossom\n|-resisted|p1a: Bellossom\n|-damage|p1a: Bellossom|189/263 par\n|-unboost|p1a: Bellossom|spa|1\n|\n|-heal|p1a: Bellossom|205/263 par|[from] item: Leftovers\n|upkeep\n|turn|28\n|\n|t:|1781455243\n|move|p1a: Bellossom|Quiver Dance|p1a: Bellossom\n|-boost|p1a: Bellossom|spa|1\n|-boost|p1a: Bellossom|spd|0\n|-boost|p1a: Bellossom|spe|0\n|move|p2a: Grimmsnarl|Spirit Break|p1a: Bellossom\n|-resisted|p1a: Bellossom\n|-damage|p1a: Bellossom|175/263 par\n|-unboost|p1a: Bellossom|spa|1\n|\n|-heal|p1a: Bellossom|191/263 par|[from] item: Leftovers\n|upkeep\n|turn|29\n|\n|t:|1781455249\n|move|p1a: Bellossom|Giga Drain|p2a: Grimmsnarl\n|-resisted|p2a: Grimmsnarl\n|-damage|p2a: Grimmsnarl|0 fnt\n|-heal|p1a: Bellossom|214/263 par|[from] drain|[of] p2a: Grimmsnarl\n|faint|p2a: Grimmsnarl\n|\n|-heal|p1a: Bellossom|230/263 par|[from] item: Leftovers\n|-sideend|p2: SanJacoboUwU|move: Light Screen\n|upkeep\n|\n|t:|1781455258\n|switch|p2a: Houndstone|Houndstone, L86, F|231/264\n|-damage|p2a: Houndstone|198/264|[from] Stealth Rock\n|turn|30\n|inactive|SanJacoboUwU has 90 seconds left.\n|\n|t:|1781455266\n|cant|p1a: Bellossom|par\n|move|p2a: Houndstone|Poltergeist|p1a: Bellossom\n|-activate|p1a: Bellossom|move: Poltergeist|Leftovers\n|-damage|p1a: Bellossom|49/263 par\n|\n|-heal|p1a: Bellossom|65/263 par|[from] item: Leftovers\n|upkeep\n|turn|31\n|\n|t:|1781455272\n|cant|p1a: Bellossom|par\n|move|p2a: Houndstone|Poltergeist|p1a: Bellossom|[miss]\n|-miss|p2a: Houndstone|p1a: Bellossom\n|\n|-heal|p1a: Bellossom|81/263 par|[from] item: Leftovers\n|upkeep\n|turn|32\n|\n|t:|1781455278\n|cant|p1a: Bellossom|par\n|move|p2a: Houndstone|Poltergeist|p1a: Bellossom\n|-activate|p1a: Bellossom|move: Poltergeist|Leftovers\n|-damage|p1a: Bellossom|0 fnt\n|faint|p1a: Bellossom\n|\n|upkeep\n|\n|t:|1781455285\n|switch|p1a: Pikachu|Pikachu-Sinnoh, L93, M|216/216\n|turn|33\n|\n|t:|1781455290\n|move|p1a: Pikachu|Volt Switch|p2a: Houndstone\n|-damage|p2a: Houndstone|90/264\n|\n|t:|1781455293\n|switch|p1a: Swalot|Swalot, L90, F|171/326|[from] Volt Switch\n|move|p2a: Houndstone|Poltergeist|p1a: Swalot\n|-activate|p1a: Swalot|move: Poltergeist|Leftovers\n|-damage|p1a: Swalot|0 fnt\n|faint|p1a: Swalot\n|\n|upkeep\n|\n|t:|1781455295\n|switch|p1a: Pikachu|Pikachu-Sinnoh, L93, M|216/216\n|turn|34\n|\n|t:|1781455300\n|move|p1a: Pikachu|Volt Tackle|p2a: Houndstone\n|-damage|p2a: Houndstone|0 fnt\n|faint|p2a: Houndstone\n|-damage|p1a: Pikachu|186/216|[from] Recoil\n|\n|upkeep\n|\n|t:|1781455303\n|switch|p2a: Mandibuzz|Mandibuzz, L85, F|326/326\n|turn|35\n|\n|t:|1781455308\n|move|p1a: Pikachu|Volt Tackle|p2a: Mandibuzz\n|-supereffective|p2a: Mandibuzz\n|-damage|p2a: Mandibuzz|0 fnt\n|faint|p2a: Mandibuzz\n|-damage|p1a: Pikachu|78/216|[from] Recoil\n|\n|win|ProSemitic\n|raw|ProSemitic's rating: 1619 &rarr; <strong>1637</strong><br />(+18 for winning)\n|raw|SanJacoboUwU's rating: 1591 &rarr; <strong>1573</strong><br />(-18 for losing)\n|l|\u2606SanJacoboUwU\n|player|p2|\n", "uploadtime": 1781455317, "views": 2, "formatid": "gen9randombattle", "rating": 1573, "private": 0, "password": null}