{"id": "gen9randombattle-2631827090", "format": "[Gen 9] Random Battle", "players": ["Biggusnoobus", "Cygnus11235"], "log": "|j|\u2606Biggusnoobus\n|j|\u2606Cygnus11235\n|t:|1781445172\n|gametype|singles\n|player|p1|Biggusnoobus|cyrus|1914\n|player|p2|Cygnus11235|169|1945\n|gen|9\n|tier|[Gen 9] Random Battle\n|rated|\n|rule|Species Clause: Limit one of each Pok\u00e9mon\n|rule|HP Percentage Mod: HP is shown in percentages\n|rule|Sleep Clause Mod: Limit one foe put to sleep\n|rule|Illusion Level Mod: Illusion disguises the Pok\u00e9mon's true level\n|\n|t:|1781445172\n|teamsize|p1|6\n|teamsize|p2|6\n|start\n|switch|p1a: Tsareena|Tsareena, L87, F|267/267\n|switch|p2a: Hydreigon|Hydreigon, L79, F|275/275\n|turn|1\n|\n|t:|1781445179\n|switch|p2a: Ninetales|Ninetales-Alola, L78, M|242/242\n|-weather|Snowscape|[from] ability: Snow Warning|[of] p2a: Ninetales\n|switch|p1a: Dachsbun|Dachsbun, L92, F|254/254\n|\n|-weather|Snowscape|[upkeep]\n|upkeep\n|turn|2\n|\n|t:|1781445191\n|move|p1a: Dachsbun|Yawn|p2a: Ninetales\n|-start|p2a: Ninetales|move: Yawn|[of] p1a: Dachsbun\n|move|p2a: Ninetales|Aurora Veil|p2a: Ninetales\n|-sidestart|p2: Cygnus11235|move: Aurora Veil\n|\n|-weather|Snowscape|[upkeep]\n|upkeep\n|turn|3\n|\n|t:|1781445207\n|switch|p2a: Pecharunt|Pecharunt, L77|262/262\n|move|p1a: Dachsbun|Wish|p1a: Dachsbun\n|\n|-weather|Snowscape|[upkeep]\n|upkeep\n|turn|4\n|\n|t:|1781445213\n|switch|p1a: Grafaiai|Grafaiai, L86, F|249/249\n|move|p2a: Pecharunt|Malignant Chain|p1a: Grafaiai\n|-resisted|p1a: Grafaiai\n|-damage|p1a: Grafaiai|219/249\n|\n|-weather|Snowscape|[upkeep]\n|-heal|p1a: Grafaiai|249/249|[from] move: Wish|[wisher] Dachsbun\n|upkeep\n|turn|5\n|\n|t:|1781445219\n|switch|p2a: Ursaluna|Ursaluna, L79, M|335/335\n|move|p1a: Grafaiai|Knock Off|p2a: Ursaluna\n|-damage|p2a: Ursaluna|300/335\n|-status|p2a: Ursaluna|psn|[from] ability: Poison Touch|[of] p1a: Grafaiai\n|-enditem|p2a: Ursaluna|Flame Orb|[from] move: Knock Off|[of] p1a: Grafaiai\n|\n|-weather|none\n|-damage|p2a: Ursaluna|259/335 psn|[from] psn\n|upkeep\n|turn|6\n|\n|t:|1781445248\n|move|p1a: Grafaiai|U-turn|p2a: Ursaluna\n|-damage|p2a: Ursaluna|234/335 psn\n|\n|t:|1781445251\n|switch|p1a: Dachsbun|Dachsbun, L92, F|254/254|[from] U-turn\n|move|p2a: Ursaluna|Headlong Rush|p1a: Dachsbun\n|-damage|p1a: Dachsbun|100/254\n|-unboost|p2a: Ursaluna|def|1\n|-unboost|p2a: Ursaluna|spd|1\n|\n|-heal|p1a: Dachsbun|115/254|[from] item: Leftovers\n|-damage|p2a: Ursaluna|193/335 psn|[from] psn\n|upkeep\n|turn|7\n|\n|t:|1781445255\n|move|p1a: Dachsbun|Protect|p1a: Dachsbun\n|-singleturn|p1a: Dachsbun|Protect\n|move|p2a: Ursaluna|Facade|p1a: Dachsbun\n|-activate|p1a: Dachsbun|move: Protect\n|\n|-heal|p1a: Dachsbun|130/254|[from] item: Leftovers\n|-damage|p2a: Ursaluna|152/335 psn|[from] psn\n|upkeep\n|turn|8\n|\n|t:|1781445264\n|move|p1a: Dachsbun|Play Rough|p2a: Ursaluna\n|-damage|p2a: Ursaluna|89/335 psn\n|move|p2a: Ursaluna|Facade|p1a: Dachsbun\n|-damage|p1a: Dachsbun|0 fnt\n|faint|p1a: Dachsbun\n|\n|-damage|p2a: Ursaluna|48/335 psn|[from] psn\n|upkeep\n|\n|t:|1781445280\n|switch|p1a: Dialga|Dialga-Origin, L73|266/266\n|-ability|p1a: Dialga|Pressure\n|turn|9\n|\n|t:|1781445284\n|move|p1a: Dialga|Flash Cannon|p2a: Ursaluna\n|-damage|p2a: Ursaluna|0 fnt\n|faint|p2a: Ursaluna\n|\n|-sideend|p2: Cygnus11235|move: Aurora Veil\n|upkeep\n|\n|t:|1781445313\n|switch|p2a: Hydreigon|Hydreigon, L79, F|275/275\n|turn|10\n|\n|t:|1781445318\n|move|p2a: Hydreigon|Draco Meteor|p1a: Dialga\n|-damage|p1a: Dialga|85/266\n|-unboost|p2a: Hydreigon|spa|2\n|-damage|p2a: Hydreigon|248/275|[from] item: Life Orb\n|move|p1a: Dialga|Draco Meteor|p2a: Hydreigon\n|-supereffective|p2a: Hydreigon\n|-damage|p2a: Hydreigon|0 fnt\n|-unboost|p1a: Dialga|spa|2\n|faint|p2a: Hydreigon\n|\n|upkeep\n|\n|t:|1781445332\n|switch|p2a: Pecharunt|Pecharunt, L77|262/262\n|turn|11\n|\n|t:|1781445335\n|switch|p1a: Grafaiai|Grafaiai, L86, F|249/249\n|move|p2a: Pecharunt|Nasty Plot|p2a: Pecharunt\n|-boost|p2a: Pecharunt|spa|2\n|\n|upkeep\n|turn|12\n|\n|t:|1781445341\n|move|p1a: Grafaiai|Knock Off|p2a: Pecharunt\n|-supereffective|p2a: Pecharunt\n|-damage|p2a: Pecharunt|164/262\n|-enditem|p2a: Pecharunt|Leftovers|[from] move: Knock Off|[of] p1a: Grafaiai\n|move|p2a: Pecharunt|Nasty Plot|p2a: Pecharunt\n|-boost|p2a: Pecharunt|spa|2\n|\n|upkeep\n|turn|13\n|\n|t:|1781445363\n|move|p1a: Grafaiai|Knock Off|p2a: Pecharunt\n|-supereffective|p2a: Pecharunt\n|-damage|p2a: Pecharunt|104/262\n|move|p2a: Pecharunt|Recover|p2a: Pecharunt\n|-heal|p2a: Pecharunt|235/262\n|\n|upkeep\n|turn|14\n|\n|t:|1781445366\n|move|p1a: Grafaiai|Knock Off|p2a: Pecharunt\n|-supereffective|p2a: Pecharunt\n|-damage|p2a: Pecharunt|175/262\n|move|p2a: Pecharunt|Nasty Plot|p2a: Pecharunt\n|-boost|p2a: Pecharunt|spa|2\n|\n|upkeep\n|turn|15\n|\n|t:|1781445374\n|move|p1a: Grafaiai|Knock Off|p2a: Pecharunt\n|-supereffective|p2a: Pecharunt\n|-damage|p2a: Pecharunt|111/262\n|move|p2a: Pecharunt|Recover|p2a: Pecharunt\n|-heal|p2a: Pecharunt|242/262\n|\n|upkeep\n|turn|16\n|\n|t:|1781445376\n|move|p1a: Grafaiai|Knock Off|p2a: Pecharunt\n|-supereffective|p2a: Pecharunt\n|-damage|p2a: Pecharunt|170/262\n|move|p2a: Pecharunt|Malignant Chain|p1a: Grafaiai\n|-resisted|p1a: Grafaiai\n|-crit|p1a: Grafaiai\n|-damage|p1a: Grafaiai|77/249\n|\n|upkeep\n|turn|17\n|\n|t:|1781445379\n|move|p1a: Grafaiai|Knock Off|p2a: Pecharunt\n|-supereffective|p2a: Pecharunt\n|-damage|p2a: Pecharunt|104/262\n|move|p2a: Pecharunt|Recover|p2a: Pecharunt\n|-heal|p2a: Pecharunt|235/262\n|\n|upkeep\n|turn|18\n|\n|t:|1781445381\n|move|p1a: Grafaiai|Knock Off|p2a: Pecharunt\n|-supereffective|p2a: Pecharunt\n|-damage|p2a: Pecharunt|169/262\n|move|p2a: Pecharunt|Malignant Chain|p1a: Grafaiai\n|-resisted|p1a: Grafaiai\n|-damage|p1a: Grafaiai|0 fnt\n|faint|p1a: Grafaiai\n|\n|upkeep\n|\n|t:|1781445394\n|switch|p1a: Mewtwo|Mewtwo, L72|272/272\n|-ability|p1a: Mewtwo|Pressure\n|turn|19\n|\n|t:|1781445400\n|switch|p1a: Dialga|Dialga-Origin, L73|85/266\n|-ability|p1a: Dialga|Pressure\n|-terastallize|p2a: Pecharunt|Dark\n|move|p2a: Pecharunt|Shadow Ball|p1a: Dialga\n|-damage|p1a: Dialga|0 fnt\n|faint|p1a: Dialga\n|\n|upkeep\n|\n|t:|1781445417\n|switch|p1a: Magearna|Magearna-Original, L77|250/250\n|turn|20\n|\n|t:|1781445421\n|move|p2a: Pecharunt|Shadow Ball|p1a: Magearna\n|-crit|p1a: Magearna\n|-damage|p1a: Magearna|0 fnt\n|faint|p1a: Magearna\n|\n|upkeep\n|\n|t:|1781445424\n|switch|p1a: Mewtwo|Mewtwo, L72|272/272\n|-ability|p1a: Mewtwo|Pressure\n|turn|21\n|\n|t:|1781445432\n|switch|p2a: Ninetales|Ninetales-Alola, L78, M|242/242\n|-weather|Snowscape|[from] ability: Snow Warning|[of] p2a: Ninetales\n|move|p1a: Mewtwo|Aura Sphere|p2a: Ninetales\n|-damage|p2a: Ninetales|171/242\n|-damage|p1a: Mewtwo|245/272|[from] item: Life Orb\n|\n|-weather|Snowscape|[upkeep]\n|upkeep\n|turn|22\n|\n|t:|1781445437\n|move|p1a: Mewtwo|Fire Blast|p2a: Ninetales\n|-supereffective|p2a: Ninetales\n|-damage|p2a: Ninetales|0 fnt\n|faint|p2a: Ninetales\n|-damage|p1a: Mewtwo|218/272|[from] item: Life Orb\n|\n|-weather|Snowscape|[upkeep]\n|upkeep\n|\n|t:|1781445443\n|switch|p2a: Ambipom|Ambipom, L84, F|263/263\n|turn|23\n|\n|t:|1781445447\n|switch|p1a: Tsareena|Tsareena, L87, F|267/267\n|move|p2a: Ambipom|Double-Edge|p1a: Tsareena\n|-crit|p1a: Tsareena\n|-damage|p1a: Tsareena|0 fnt\n|faint|p1a: Tsareena\n|-damage|p2a: Ambipom|175/263|[from] Recoil\n|\n|-weather|Snowscape|[upkeep]\n|upkeep\n|\n|t:|1781445450\n|switch|p1a: Mewtwo|Mewtwo, L72|218/272\n|-ability|p1a: Mewtwo|Pressure\n|turn|24\n|\n|t:|1781445453\n|switch|p2a: Pecharunt|Pecharunt, L77, tera:Dark|169/262\n|move|p1a: Mewtwo|Aura Sphere|p2a: Pecharunt\n|-supereffective|p2a: Pecharunt\n|-damage|p2a: Pecharunt|0 fnt\n|faint|p2a: Pecharunt\n|-damage|p1a: Mewtwo|191/272|[from] item: Life Orb\n|\n|-weather|Snowscape|[upkeep]\n|upkeep\n|\n|t:|1781445457\n|switch|p2a: Ambipom|Ambipom, L84, F|175/263\n|turn|25\n|\n|t:|1781445460\n|move|p2a: Ambipom|U-turn|p1a: Mewtwo\n|-supereffective|p1a: Mewtwo\n|-damage|p1a: Mewtwo|5/272\n|\n|t:|1781445462\n|switch|p2a: Clefable|Clefable, L83, F|293/293|[from] U-turn\n|move|p1a: Mewtwo|Aura Sphere|p2a: Clefable\n|-resisted|p2a: Clefable\n|-damage|p2a: Clefable|254/293\n|-damage|p1a: Mewtwo|0 fnt|[from] item: Life Orb\n|faint|p1a: Mewtwo\n|\n|win|Cygnus11235\n", "uploadtime": 1781445174, "views": 3, "formatid": "gen9randombattle", "rating": null, "private": 0, "password": null}