{"id": "gen9randombattle-2631552126", "format": "[Gen 9] Random Battle", "players": ["Jefejenaro", "JayCroc"], "log": "|j|\u2606Jefejenaro\n|j|\u2606JayCroc\n|t:|1781400254\n|gametype|singles\n|player|p1|Jefejenaro|wallace|1934\n|player|p2|JayCroc|ivor|2009\n|gen|9\n|tier|[Gen 9] Random Battle\n|rated|\n|rule|Species Clause: Limit one of each Pok\u00e9mon\n|rule|HP Percentage Mod: HP is shown in percentages\n|rule|Sleep Clause Mod: Limit one foe put to sleep\n|rule|Illusion Level Mod: Illusion disguises the Pok\u00e9mon's true level\n|\n|t:|1781400254\n|teamsize|p1|6\n|teamsize|p2|6\n|start\n|switch|p1a: Brambleghast|Brambleghast, L88, F|240/240\n|switch|p2a: Glaceon|Glaceon, L94, F|275/275\n|turn|1\n|inactive|Battle timer is ON: inactive players will automatically lose when time's up. (requested by JayCroc)\n|inactive|Jefejenaro has 120 seconds left.\n|inactive|Jefejenaro has 90 seconds left.\n|\n|t:|1781400379\n|switch|p1a: Chansey|Chansey, L85, F|564/564\n|move|p2a: Glaceon|Freeze-Dry|p1a: Chansey\n|-damage|p1a: Chansey|501/564\n|\n|upkeep\n|turn|2\n|\n|t:|1781400402\n|switch|p2a: Toxapex|Toxapex, L82, M|216/216\n|move|p1a: Chansey|Stealth Rock|p2a: Toxapex\n|-sidestart|p2: JayCroc|move: Stealth Rock\n|\n|upkeep\n|turn|3\n|\n|t:|1781400412\n|move|p1a: Chansey|Seismic Toss|p2a: Toxapex\n|-damage|p2a: Toxapex|131/216\n|move|p2a: Toxapex|Toxic Spikes|p1a: Chansey\n|-sidestart|p1: Jefejenaro|move: Toxic Spikes\n|\n|-heal|p2a: Toxapex|144/216|[from] item: Leftovers\n|upkeep\n|turn|4\n|\n|t:|1781400418\n|move|p1a: Chansey|Seismic Toss|p2a: Toxapex\n|-damage|p2a: Toxapex|59/216\n|move|p2a: Toxapex|Liquidation|p1a: Chansey\n|-damage|p1a: Chansey|362/564\n|\n|-heal|p2a: Toxapex|72/216|[from] item: Leftovers\n|upkeep\n|turn|5\n|\n|t:|1781400430\n|switch|p2a: Glaceon|Glaceon, L94, F|275/275\n|move|p1a: Chansey|Seismic Toss|p2a: Glaceon\n|-damage|p2a: Glaceon|190/275\n|\n|upkeep\n|turn|6\n|\n|t:|1781400445\n|move|p2a: Glaceon|Wish|p2a: Glaceon\n|move|p1a: Chansey|Thunder Wave|p2a: Glaceon\n|-status|p2a: Glaceon|par\n|\n|upkeep\n|turn|7\n|\n|t:|1781400451\n|switch|p2a: Toxapex|Toxapex, L82, M|144/216\n|-damage|p2a: Toxapex|117/216|[from] Stealth Rock\n|move|p1a: Chansey|Seismic Toss|p2a: Toxapex\n|-damage|p2a: Toxapex|32/216\n|\n|-heal|p2a: Toxapex|169/216|[from] move: Wish|[wisher] Glaceon\n|-heal|p2a: Toxapex|182/216|[from] item: Leftovers\n|upkeep\n|turn|8\n|\n|t:|1781400461\n|move|p1a: Chansey|Seismic Toss|p2a: Toxapex\n|-damage|p2a: Toxapex|97/216\n|move|p2a: Toxapex|Liquidation|p1a: Chansey\n|-damage|p1a: Chansey|217/564\n|\n|-heal|p2a: Toxapex|110/216|[from] item: Leftovers\n|upkeep\n|turn|9\n|\n|t:|1781400471\n|move|p1a: Chansey|Soft-Boiled|p1a: Chansey\n|-heal|p1a: Chansey|499/564\n|move|p2a: Toxapex|Recover|p2a: Toxapex\n|-heal|p2a: Toxapex|216/216\n|\n|upkeep\n|turn|10\n|\n|t:|1781400478\n|switch|p1a: Dragalge|Dragalge, L88, F|258/258\n|-sideend|p1: Jefejenaro|move: Toxic Spikes|[of] p1a: Dragalge\n|move|p2a: Toxapex|Liquidation|p1a: Dragalge\n|-resisted|p1a: Dragalge\n|-damage|p1a: Dragalge|229/258\n|\n|-heal|p1a: Dragalge|245/258|[from] item: Leftovers\n|upkeep\n|turn|11\n|\n|t:|1781400487\n|move|p1a: Dragalge|Draco Meteor|p2a: Toxapex\n|-damage|p2a: Toxapex|64/216\n|-unboost|p1a: Dragalge|spa|2\n|move|p2a: Toxapex|Toxic Spikes|p1a: Dragalge\n|-sidestart|p1: Jefejenaro|move: Toxic Spikes\n|\n|-heal|p1a: Dragalge|258/258|[from] item: Leftovers\n|-heal|p2a: Toxapex|77/216|[from] item: Leftovers\n|upkeep\n|turn|12\n|\n|t:|1781400495\n|switch|p2a: Girafarig|Girafarig, L89, M|269/269\n|-damage|p2a: Girafarig|236/269|[from] Stealth Rock\n|move|p1a: Dragalge|Draco Meteor|p2a: Girafarig\n|-damage|p2a: Girafarig|156/269\n|-unboost|p1a: Dragalge|spa|2\n|\n|upkeep\n|turn|13\n|\n|t:|1781400518\n|move|p2a: Girafarig|Nasty Plot|p2a: Girafarig\n|-boost|p2a: Girafarig|spa|2\n|move|p1a: Dragalge|Toxic|p2a: Girafarig\n|-status|p2a: Girafarig|tox\n|\n|-damage|p2a: Girafarig|140/269 tox|[from] psn\n|upkeep\n|turn|14\n|\n|t:|1781400537\n|switch|p1a: Politoed|Politoed, L88, F|302/302\n|-status|p1a: Politoed|psn\n|-weather|RainDance|[from] ability: Drizzle|[of] p1a: Politoed\n|move|p2a: Girafarig|Psychic|p1a: Politoed\n|-damage|p1a: Politoed|118/302 psn\n|\n|-weather|RainDance|[upkeep]\n|-heal|p1a: Politoed|136/302 psn|[from] item: Leftovers\n|-damage|p2a: Girafarig|108/269 tox|[from] psn\n|-damage|p1a: Politoed|99/302 psn|[from] psn\n|upkeep\n|turn|15\n|\n|t:|1781400551\n|move|p2a: Girafarig|Psychic|p1a: Politoed\n|-damage|p1a: Politoed|0 fnt\n|faint|p1a: Politoed\n|\n|-weather|RainDance|[upkeep]\n|-damage|p2a: Girafarig|60/269 tox|[from] psn\n|upkeep\n|\n|t:|1781400554\n|switch|p1a: Noivern|Noivern, L82, M|274/274\n|turn|16\n|\n|t:|1781400558\n|move|p1a: Noivern|Hurricane|p2a: Girafarig\n|-damage|p2a: Girafarig|0 fnt\n|faint|p2a: Girafarig\n|\n|-weather|RainDance|[upkeep]\n|upkeep\n|\n|t:|1781400564\n|switch|p2a: Glaceon|Glaceon, L94, F|190/275 par\n|turn|17\n|\n|t:|1781400574\n|switch|p1a: Chansey|Chansey, L85, F|499/564\n|-status|p1a: Chansey|psn\n|move|p2a: Glaceon|Wish|p2a: Glaceon\n|\n|-weather|RainDance|[upkeep]\n|-damage|p1a: Chansey|429/564 psn|[from] psn\n|upkeep\n|turn|18\n|\n|t:|1781400587\n|switch|p2a: Toxapex|Toxapex, L82, M|149/216\n|-damage|p2a: Toxapex|122/216|[from] Stealth Rock\n|move|p1a: Chansey|Thunder Wave|p2a: Toxapex\n|-status|p2a: Toxapex|par\n|\n|-weather|none\n|-heal|p2a: Toxapex|216/216 par|[from] move: Wish|[wisher] Glaceon\n|-damage|p1a: Chansey|359/564 psn|[from] psn\n|upkeep\n|turn|19\n|\n|t:|1781400598\n|move|p1a: Chansey|Soft-Boiled|p1a: Chansey\n|-heal|p1a: Chansey|564/564 psn\n|move|p2a: Toxapex|Liquidation|p1a: Chansey\n|-damage|p1a: Chansey|429/564 psn\n|\n|-damage|p1a: Chansey|359/564 psn|[from] psn\n|upkeep\n|turn|20\n|\n|t:|1781400606\n|-curestatus|p1a: Chansey|psn|[from] ability: Natural Cure|[silent]\n|switch|p1a: Dragalge|Dragalge, L88, F|258/258\n|-sideend|p1: Jefejenaro|move: Toxic Spikes|[of] p1a: Dragalge\n|switch|p2a: Hydreigon|Hydreigon, L79, M|275/275\n|-damage|p2a: Hydreigon|241/275|[from] Stealth Rock\n|\n|upkeep\n|turn|21\n|\n|t:|1781400615\n|switch|p1a: Chansey|Chansey, L85, F|359/564\n|move|p2a: Hydreigon|Draco Meteor|p1a: Chansey\n|-damage|p1a: Chansey|223/564\n|-unboost|p2a: Hydreigon|spa|2\n|\n|upkeep\n|turn|22\n|\n|t:|1781400621\n|switch|p2a: Toxapex|Toxapex, L82, M|216/216 par\n|-damage|p2a: Toxapex|189/216 par|[from] Stealth Rock\n|move|p1a: Chansey|Soft-Boiled|p1a: Chansey\n|-heal|p1a: Chansey|505/564\n|\n|-heal|p2a: Toxapex|202/216 par|[from] item: Leftovers\n|upkeep\n|turn|23\n|\n|t:|1781400634\n|switch|p1a: Brambleghast|Brambleghast, L88, F|240/240\n|move|p2a: Toxapex|Toxic Spikes|p1a: Brambleghast\n|-sidestart|p1: Jefejenaro|move: Toxic Spikes\n|\n|-heal|p2a: Toxapex|215/216 par|[from] item: Leftovers\n|upkeep\n|turn|24\n|\n|t:|1781400645\n|switch|p2a: Hydreigon|Hydreigon, L79, M|241/275\n|-damage|p2a: Hydreigon|207/275|[from] Stealth Rock\n|move|p1a: Brambleghast|Spikes|p2a: Hydreigon\n|-sidestart|p2: JayCroc|Spikes\n|\n|upkeep\n|turn|25\n|\n|t:|1781400652\n|switch|p1a: Chansey|Chansey, L85, F|505/564\n|-status|p1a: Chansey|psn\n|move|p2a: Hydreigon|U-turn|p1a: Chansey\n|-damage|p1a: Chansey|389/564 psn\n|\n|t:|1781400661\n|switch|p2a: Toxapex|Toxapex, L82, M|216/216 par|[from] U-turn\n|-damage|p2a: Toxapex|189/216 par|[from] Stealth Rock\n|-damage|p2a: Toxapex|162/216 par|[from] Spikes\n|\n|-heal|p2a: Toxapex|175/216 par|[from] item: Leftovers\n|-damage|p1a: Chansey|319/564 psn|[from] psn\n|upkeep\n|turn|26\n|\n|t:|1781400673\n|switch|p2a: Hydreigon|Hydreigon, L79, M|207/275\n|-damage|p2a: Hydreigon|173/275|[from] Stealth Rock\n|move|p1a: Chansey|Soft-Boiled|p1a: Chansey\n|-heal|p1a: Chansey|564/564 psn\n|\n|-damage|p1a: Chansey|494/564 psn|[from] psn\n|upkeep\n|turn|27\n|\n|t:|1781400680\n|move|p2a: Hydreigon|U-turn|p1a: Chansey\n|-damage|p1a: Chansey|385/564 psn\n|\n|t:|1781400683\n|switch|p2a: Toxapex|Toxapex, L82, M|216/216 par|[from] U-turn\n|-damage|p2a: Toxapex|189/216 par|[from] Stealth Rock\n|-damage|p2a: Toxapex|162/216 par|[from] Spikes\n|move|p1a: Chansey|Seismic Toss|p2a: Toxapex\n|-damage|p2a: Toxapex|77/216 par\n|\n|-heal|p2a: Toxapex|90/216 par|[from] item: Leftovers\n|-damage|p1a: Chansey|315/564 psn|[from] psn\n|upkeep\n|turn|28\n|\n|t:|1781400694\n|move|p1a: Chansey|Soft-Boiled|p1a: Chansey\n|-heal|p1a: Chansey|564/564 psn\n|move|p2a: Toxapex|Recover|p2a: Toxapex\n|-heal|p2a: Toxapex|198/216 par\n|\n|-heal|p2a: Toxapex|211/216 par|[from] item: Leftovers\n|-damage|p1a: Chansey|494/564 psn|[from] psn\n|upkeep\n|turn|29\n|\n|t:|1781400702\n|move|p1a: Chansey|Seismic Toss|p2a: Toxapex\n|-damage|p2a: Toxapex|126/216 par\n|cant|p2a: Toxapex|par\n|\n|-heal|p2a: Toxapex|139/216 par|[from] item: Leftovers\n|-damage|p1a: Chansey|424/564 psn|[from] psn\n|upkeep\n|turn|30\n|\n|t:|1781400709\n|-curestatus|p1a: Chansey|psn|[from] ability: Natural Cure|[silent]\n|switch|p1a: Dragalge|Dragalge, L88, F|258/258\n|-sideend|p1: Jefejenaro|move: Toxic Spikes|[of] p1a: Dragalge\n|cant|p2a: Toxapex|par\n|\n|-heal|p2a: Toxapex|152/216 par|[from] item: Leftovers\n|upkeep\n|turn|31\n|\n|t:|1781400719\n|move|p1a: Dragalge|Draco Meteor|p2a: Toxapex\n|-damage|p2a: Toxapex|0 fnt\n|-unboost|p1a: Dragalge|spa|2\n|faint|p2a: Toxapex\n|\n|upkeep\n|\n|t:|1781400727\n|switch|p2a: Venomoth|Venomoth, L84, M|255/255\n|turn|32\n|\n|t:|1781400733\n|move|p2a: Venomoth|Quiver Dance|p2a: Venomoth\n|-boost|p2a: Venomoth|spa|1\n|-boost|p2a: Venomoth|spd|1\n|-boost|p2a: Venomoth|spe|1\n|move|p1a: Dragalge|Toxic|p2a: Venomoth\n|-immune|p2a: Venomoth\n|\n|upkeep\n|turn|33\n|\n|t:|1781400739\n|switch|p1a: Chansey|Chansey, L85, F|424/564\n|move|p2a: Venomoth|Quiver Dance|p2a: Venomoth\n|-boost|p2a: Venomoth|spa|1\n|-boost|p2a: Venomoth|spd|1\n|-boost|p2a: Venomoth|spe|1\n|\n|upkeep\n|turn|34\n|\n|t:|1781400745\n|move|p2a: Venomoth|Sleep Powder|p1a: Chansey|[miss]\n|-miss|p2a: Venomoth|p1a: Chansey\n|move|p1a: Chansey|Thunder Wave|p2a: Venomoth\n|-status|p2a: Venomoth|par\n|\n|upkeep\n|turn|35\n|-message|JayCroc forfeited.\n|\n|win|Jefejenaro\n", "uploadtime": 1781400256, "views": 3, "formatid": "gen9randombattle", "rating": null, "private": 0, "password": null}