{"id": "gen9randombattle-2631466072", "format": "[Gen 9] Random Battle", "players": ["Son of Sandslash", "Ponclex"], "log": "|j|\u2606Son of Sandslash\n|j|\u2606Ponclex\n|t:|1781388162\n|gametype|singles\n|player|p1|Son of Sandslash|266|2066\n|player|p2|Ponclex|265|2135\n|gen|9\n|tier|[Gen 9] Random Battle\n|rated|\n|rule|Species Clause: Limit one of each Pok\u00e9mon\n|rule|HP Percentage Mod: HP is shown in percentages\n|rule|Sleep Clause Mod: Limit one foe put to sleep\n|rule|Illusion Level Mod: Illusion disguises the Pok\u00e9mon's true level\n|\n|t:|1781388162\n|teamsize|p1|6\n|teamsize|p2|6\n|start\n|switch|p1a: Jirachi|Jirachi, L80|291/291\n|switch|p2a: Gumshoos|Gumshoos, L95, F|321/321\n|turn|1\n|\n|t:|1781388177\n|move|p1a: Jirachi|U-turn|p2a: Gumshoos\n|-damage|p2a: Gumshoos|264/321\n|\n|t:|1781388181\n|switch|p1a: Overqwil|Overqwil, L82, M|274/274|[from] U-turn\n|-ability|p1a: Overqwil|Intimidate|boost\n|-unboost|p2a: Gumshoos|atk|1\n|move|p2a: Gumshoos|Knock Off|p1a: Overqwil\n|-resisted|p1a: Overqwil\n|-damage|p1a: Overqwil|188/274\n|-enditem|p1a: Overqwil|Loaded Dice|[from] move: Knock Off|[of] p2a: Gumshoos\n|\n|upkeep\n|turn|2\n|\n|t:|1781388194\n|switch|p2a: Mabosstiff|Mabosstiff, L86, F|278/278\n|move|p1a: Overqwil|Gunk Shot|p2a: Mabosstiff|[miss]\n|-miss|p1a: Overqwil|p2a: Mabosstiff\n|\n|upkeep\n|turn|3\n|\n|t:|1781388204\n|move|p2a: Mabosstiff|Wild Charge|p1a: Overqwil\n|-damage|p1a: Overqwil|67/274\n|-damage|p2a: Mabosstiff|248/278|[from] Recoil\n|move|p1a: Overqwil|Gunk Shot|p2a: Mabosstiff\n|-damage|p2a: Mabosstiff|124/278\n|\n|upkeep\n|turn|4\n|\n|t:|1781388215\n|switch|p1a: Leafeon|Leafeon, L88, F|258/258\n|move|p2a: Mabosstiff|Wild Charge|p1a: Leafeon\n|-resisted|p1a: Leafeon\n|-damage|p1a: Leafeon|177/258\n|-damage|p2a: Mabosstiff|104/278|[from] Recoil\n|\n|-heal|p1a: Leafeon|193/258|[from] item: Leftovers\n|upkeep\n|turn|5\n|\n|t:|1781388224\n|switch|p2a: Hydrapple|Hydrapple, L83, F|312/312\n|move|p1a: Leafeon|Leaf Blade|p2a: Hydrapple\n|-resisted|p2a: Hydrapple\n|-damage|p2a: Hydrapple|286/312\n|\n|-heal|p1a: Leafeon|209/258|[from] item: Leftovers\n|upkeep\n|turn|6\n|\n|t:|1781388242\n|switch|p1a: Lugia|Lugia, L73|275/275\n|move|p2a: Hydrapple|Draco Meteor|p1a: Lugia\n|-damage|p1a: Lugia|186/275\n|-unboost|p2a: Hydrapple|spa|2\n|\n|upkeep\n|turn|7\n|\n|t:|1781388250\n|switch|p2a: Pikachu|Pikachu-Original, L93, F|216/216\n|move|p1a: Lugia|Recover|p1a: Lugia\n|-heal|p1a: Lugia|275/275\n|\n|upkeep\n|turn|8\n|\n|t:|1781388263\n|switch|p1a: Leafeon|Leafeon, L88, F|209/258\n|move|p2a: Pikachu|Knock Off|p1a: Leafeon\n|-damage|p1a: Leafeon|134/258\n|-enditem|p1a: Leafeon|Leftovers|[from] move: Knock Off|[of] p2a: Pikachu\n|\n|upkeep\n|turn|9\n|\n|t:|1781388272\n|switch|p2a: Hydrapple|Hydrapple, L83, F|312/312\n|move|p1a: Leafeon|Swords Dance|p1a: Leafeon\n|-boost|p1a: Leafeon|atk|2\n|\n|upkeep\n|turn|10\n|\n|t:|1781388278\n|move|p1a: Leafeon|Double-Edge|p2a: Hydrapple\n|-damage|p2a: Hydrapple|132/312\n|-damage|p1a: Leafeon|75/258|[from] Recoil\n|move|p2a: Hydrapple|Fickle Beam|p1a: Leafeon|[anim] Fickle Beam All Out\n|-activate|p2a: Hydrapple|move: Fickle Beam\n|-damage|p1a: Leafeon|0 fnt\n|faint|p1a: Leafeon\n|\n|upkeep\n|\n|t:|1781388294\n|switch|p1a: Ludicolo|Ludicolo, L90, M|290/290\n|turn|11\n|\n|t:|1781388304\n|switch|p2a: Indeedee|Indeedee, L84, M|238/238\n|-fieldstart|move: Psychic Terrain|[from] ability: Psychic Surge|[of] p2a: Indeedee\n|move|p1a: Ludicolo|Ice Beam|p2a: Indeedee\n|-damage|p2a: Indeedee|145/238\n|\n|upkeep\n|turn|12\n|inactive|Battle timer is ON: inactive players will automatically lose when time's up. (requested by Ponclex)\n|\n|t:|1781388346\n|switch|p1a: Jirachi|Jirachi, L80|291/291\n|move|p2a: Indeedee|Shadow Ball|p1a: Jirachi\n|-supereffective|p1a: Jirachi\n|-damage|p1a: Jirachi|184/291\n|-unboost|p1a: Jirachi|spd|1\n|-damage|p2a: Indeedee|122/238|[from] item: Life Orb\n|\n|upkeep\n|turn|13\n|\n|t:|1781388364\n|switch|p1a: Overqwil|Overqwil, L82, M|67/274\n|-ability|p1a: Overqwil|Intimidate|boost\n|-unboost|p2a: Indeedee|atk|1\n|move|p2a: Indeedee|Shadow Ball|p1a: Overqwil\n|-resisted|p1a: Overqwil\n|-damage|p1a: Overqwil|16/274\n|-unboost|p1a: Overqwil|spd|1\n|-damage|p2a: Indeedee|99/238|[from] item: Life Orb\n|\n|upkeep\n|turn|14\n|\n|t:|1781388373\n|move|p2a: Indeedee|Shadow Ball|p1a: Overqwil\n|-resisted|p1a: Overqwil\n|-damage|p1a: Overqwil|0 fnt\n|faint|p1a: Overqwil\n|-damage|p2a: Indeedee|76/238|[from] item: Life Orb\n|\n|upkeep\n|\n|t:|1781388381\n|switch|p1a: Typhlosion|Typhlosion, L84, F|267/267\n|turn|15\n|\n|t:|1781388388\n|switch|p2a: Tatsugiri|Tatsugiri, L87, F|260/260\n|move|p1a: Typhlosion|Eruption|p2a: Tatsugiri\n|-resisted|p2a: Tatsugiri\n|-damage|p2a: Tatsugiri|224/260\n|\n|-fieldend|move: Psychic Terrain\n|upkeep\n|turn|16\n|\n|t:|1781388404\n|switch|p1a: Jirachi|Jirachi, L80|184/291\n|move|p2a: Tatsugiri|Draco Meteor|p1a: Jirachi\n|-resisted|p1a: Jirachi\n|-damage|p1a: Jirachi|130/291\n|-unboost|p2a: Tatsugiri|spa|2\n|\n|upkeep\n|turn|17\n|\n|t:|1781388412\n|switch|p2a: Mabosstiff|Mabosstiff, L86, F|104/278\n|move|p1a: Jirachi|Body Slam|p2a: Mabosstiff\n|-damage|p2a: Mabosstiff|50/278\n|\n|upkeep\n|turn|18\n|\n|t:|1781388420\n|move|p1a: Jirachi|Drain Punch|p2a: Mabosstiff\n|-supereffective|p2a: Mabosstiff\n|-damage|p2a: Mabosstiff|0 fnt\n|-heal|p1a: Jirachi|155/291|[from] drain|[of] p2a: Mabosstiff\n|faint|p2a: Mabosstiff\n|\n|upkeep\n|\n|t:|1781388422\n|switch|p2a: Pikachu|Pikachu-Original, L93, F|216/216\n|turn|19\n|\n|t:|1781388442\n|move|p2a: Pikachu|Knock Off|p1a: Jirachi\n|-supereffective|p1a: Jirachi\n|-damage|p1a: Jirachi|0 fnt\n|-enditem|p1a: Jirachi|Assault Vest|[from] move: Knock Off|[of] p2a: Pikachu\n|faint|p1a: Jirachi\n|\n|upkeep\n|\n|t:|1781388449\n|switch|p1a: Typhlosion|Typhlosion, L84, F|267/267\n|turn|20\n|inactive|Ponclex has 120 seconds left.\n|inactive|Ponclex has 90 seconds left.\n|\n|t:|1781388509\n|-terastallize|p2a: Pikachu|Water\n|move|p1a: Typhlosion|Scorching Sands|p2a: Pikachu\n|-damage|p2a: Pikachu|139/216\n|move|p2a: Pikachu|Surf|p1a: Typhlosion\n|-supereffective|p1a: Typhlosion\n|-damage|p1a: Typhlosion|0 fnt\n|faint|p1a: Typhlosion\n|\n|upkeep\n|\n|t:|1781388522\n|switch|p1a: Ludicolo|Ludicolo, L90, M|290/290\n|turn|21\n|\n|t:|1781388527\n|switch|p2a: Hydrapple|Hydrapple, L83, F|236/312\n|move|p1a: Ludicolo|Ice Beam|p2a: Hydrapple\n|-supereffective|p2a: Hydrapple\n|-damage|p2a: Hydrapple|0 fnt\n|faint|p2a: Hydrapple\n|\n|upkeep\n|\n|t:|1781388540\n|switch|p2a: Tatsugiri|Tatsugiri, L87, F|224/260\n|turn|22\n|\n|t:|1781388562\n|switch|p1a: Lugia|Lugia, L73|275/275\n|move|p2a: Tatsugiri|Nasty Plot|p2a: Tatsugiri\n|-boost|p2a: Tatsugiri|spa|2\n|\n|upkeep\n|turn|23\n|\n|t:|1781388571\n|move|p1a: Lugia|Calm Mind|p1a: Lugia\n|-boost|p1a: Lugia|spa|1\n|-boost|p1a: Lugia|spd|1\n|move|p2a: Tatsugiri|Rapid Spin|p1a: Lugia\n|-damage|p1a: Lugia|265/275\n|-boost|p2a: Tatsugiri|spe|1\n|\n|upkeep\n|turn|24\n|\n|t:|1781388581\n|move|p2a: Tatsugiri|Nasty Plot|p2a: Tatsugiri\n|-boost|p2a: Tatsugiri|spa|2\n|move|p1a: Lugia|Recover|p1a: Lugia\n|-heal|p1a: Lugia|275/275\n|\n|upkeep\n|turn|25\n|\n|t:|1781388589\n|move|p2a: Tatsugiri|Hydro Pump|p1a: Lugia\n|-damage|p1a: Lugia|170/275\n|move|p1a: Lugia|Calm Mind|p1a: Lugia\n|-boost|p1a: Lugia|spa|1\n|-boost|p1a: Lugia|spd|1\n|\n|upkeep\n|turn|26\n|\n|t:|1781388595\n|-terastallize|p1a: Lugia|Steel\n|move|p2a: Tatsugiri|Hydro Pump|p1a: Lugia\n|-damage|p1a: Lugia|0 fnt\n|faint|p1a: Lugia\n|\n|upkeep\n|-message|Son of Sandslash forfeited.\n|\n|win|Ponclex\n", "uploadtime": 1781388165, "views": 4, "formatid": "gen9randombattle", "rating": null, "private": 0, "password": null}