{"id": "gen9randombattle-2631445794", "format": "[Gen 9] Random Battle", "players": ["JeanPaulPot", "Zabalilla"], "log": "|j|\u2606JeanPaulPot\n|j|\u2606Zabalilla\n|t:|1781385597\n|gametype|singles\n|player|p1|JeanPaulPot|infielder|2040\n|player|p2|Zabalilla|170|2016\n|gen|9\n|tier|[Gen 9] Random Battle\n|rated|\n|rule|Species Clause: Limit one of each Pok\u00e9mon\n|rule|HP Percentage Mod: HP is shown in percentages\n|rule|Sleep Clause Mod: Limit one foe put to sleep\n|rule|Illusion Level Mod: Illusion disguises the Pok\u00e9mon's true level\n|\n|t:|1781385597\n|teamsize|p1|6\n|teamsize|p2|6\n|start\n|switch|p1a: Blaziken|Blaziken, L76, M|247/247\n|switch|p2a: Noivern|Noivern, L82, M|274/274\n|turn|1\n|inactive|Battle timer is ON: inactive players will automatically lose when time's up. (requested by Zabalilla)\n|inactive|JeanPaulPot has 120 seconds left.\n|inactive|JeanPaulPot has 90 seconds left.\n|\n|t:|1781385674\n|switch|p1a: Eiscue|Eiscue, L88, F|274/274\n|move|p2a: Noivern|Hurricane|p1a: Eiscue\n|-damage|p1a: Eiscue|123/274\n|-enditem|p1a: Eiscue|Sitrus Berry|[eat]\n|-heal|p1a: Eiscue|191/274|[from] item: Sitrus Berry\n|\n|upkeep\n|turn|2\n|\n|t:|1781385686\n|switch|p2a: Phione|Phione, L91|293/293\n|move|p1a: Eiscue|Ice Spinner|p2a: Phione\n|-resisted|p2a: Phione\n|-damage|p2a: Phione|249/293\n|\n|-heal|p2a: Phione|267/293|[from] item: Leftovers\n|upkeep\n|turn|3\n|\n|t:|1781385698\n|switch|p1a: Regieleki|Regieleki, L79|256/256\n|move|p2a: Phione|Take Heart|p2a: Phione\n|-boost|p2a: Phione|spa|1\n|-boost|p2a: Phione|spd|1\n|\n|-heal|p2a: Phione|285/293|[from] item: Leftovers\n|upkeep\n|turn|4\n|\n|t:|1781385705\n|move|p1a: Regieleki|Thunderbolt|p2a: Phione\n|-supereffective|p2a: Phione\n|-damage|p2a: Phione|117/293\n|-status|p2a: Phione|par\n|move|p2a: Phione|Scald|p1a: Regieleki\n|-damage|p1a: Regieleki|60/256\n|\n|-heal|p2a: Phione|135/293 par|[from] item: Leftovers\n|upkeep\n|turn|5\n|\n|t:|1781385715\n|switch|p2a: Spiritomb|Spiritomb, L89, M|234/234\n|move|p1a: Regieleki|Thunderbolt|p2a: Spiritomb\n|-damage|p2a: Spiritomb|119/234\n|\n|-heal|p2a: Spiritomb|133/234|[from] item: Leftovers\n|upkeep\n|turn|6\n|\n|t:|1781385723\n|switch|p1a: Masquerain|Masquerain, L87, M|264/264\n|-ability|p1a: Masquerain|Intimidate|boost\n|-unboost|p2a: Spiritomb|atk|1\n|move|p2a: Spiritomb|Shadow Sneak|p1a: Masquerain\n|-damage|p1a: Masquerain|227/264\n|\n|-heal|p2a: Spiritomb|147/234|[from] item: Leftovers\n|upkeep\n|turn|7\n|\n|t:|1781385737\n|move|p1a: Masquerain|Quiver Dance|p1a: Masquerain\n|-boost|p1a: Masquerain|spa|1\n|-boost|p1a: Masquerain|spd|1\n|-boost|p1a: Masquerain|spe|1\n|move|p2a: Spiritomb|Poltergeist|p1a: Masquerain\n|-activate|p1a: Masquerain|move: Poltergeist|Heavy-Duty Boots\n|-damage|p1a: Masquerain|115/264\n|\n|-heal|p2a: Spiritomb|161/234|[from] item: Leftovers\n|upkeep\n|turn|8\n|\n|t:|1781385743\n|move|p1a: Masquerain|Bug Buzz|p2a: Spiritomb\n|-damage|p2a: Spiritomb|32/234\n|-unboost|p2a: Spiritomb|spd|1\n|move|p2a: Spiritomb|Poltergeist|p1a: Masquerain\n|-activate|p1a: Masquerain|move: Poltergeist|Heavy-Duty Boots\n|-damage|p1a: Masquerain|16/264\n|\n|-heal|p2a: Spiritomb|46/234|[from] item: Leftovers\n|upkeep\n|turn|9\n|\n|t:|1781385756\n|switch|p1a: Eiscue|Eiscue, L88, F|191/274\n|move|p2a: Spiritomb|Shadow Sneak|p1a: Eiscue\n|-activate|p1a: Eiscue|ability: Ice Face\n|-damage|p1a: Eiscue|191/274\n|detailschange|p1a: Eiscue|Eiscue-Noice, L88, F\n|\n|-heal|p2a: Spiritomb|60/234|[from] item: Leftovers\n|upkeep\n|turn|10\n|\n|t:|1781385762\n|move|p1a: Eiscue|Ice Spinner|p2a: Spiritomb\n|-damage|p2a: Spiritomb|0 fnt\n|faint|p2a: Spiritomb\n|\n|upkeep\n|\n|t:|1781385769\n|switch|p2a: Sandslash|Sandslash-Alola, L88, F|275/275\n|turn|11\n|\n|t:|1781385791\n|move|p1a: Eiscue|Liquidation|p2a: Sandslash\n|-crit|p2a: Sandslash\n|-damage|p2a: Sandslash|206/275\n|move|p2a: Sandslash|Rapid Spin|p1a: Eiscue\n|-damage|p1a: Eiscue|149/274\n|-boost|p2a: Sandslash|spe|1\n|\n|upkeep\n|turn|12\n|\n|t:|1781385799\n|move|p1a: Eiscue|Liquidation|p2a: Sandslash\n|-damage|p2a: Sandslash|164/275\n|move|p2a: Sandslash|Rapid Spin|p1a: Eiscue\n|-damage|p1a: Eiscue|100/274\n|-boost|p2a: Sandslash|spe|1\n|\n|upkeep\n|turn|13\n|\n|t:|1781385802\n|move|p2a: Sandslash|Rapid Spin|p1a: Eiscue\n|-damage|p1a: Eiscue|53/274\n|-boost|p2a: Sandslash|spe|1\n|move|p1a: Eiscue|Liquidation|p2a: Sandslash\n|-damage|p2a: Sandslash|118/275\n|\n|upkeep\n|turn|14\n|\n|t:|1781385811\n|move|p2a: Sandslash|Rapid Spin|p1a: Eiscue\n|-damage|p1a: Eiscue|5/274\n|-boost|p2a: Sandslash|spe|1\n|move|p1a: Eiscue|Liquidation|p2a: Sandslash\n|-damage|p2a: Sandslash|78/275\n|\n|upkeep\n|turn|15\n|\n|t:|1781385817\n|move|p2a: Sandslash|Rapid Spin|p1a: Eiscue\n|-damage|p1a: Eiscue|0 fnt\n|-boost|p2a: Sandslash|spe|1\n|faint|p1a: Eiscue\n|\n|upkeep\n|inactive|JeanPaulPot has 120 seconds left.\n|\n|t:|1781385858\n|switch|p1a: Greninja|Greninja, L80, M|246/246\n|turn|16\n|\n|t:|1781385861\n|move|p2a: Sandslash|Knock Off|p1a: Greninja\n|-resisted|p1a: Greninja\n|-damage|p1a: Greninja|198/246\n|-enditem|p1a: Greninja|Life Orb|[from] move: Knock Off|[of] p2a: Sandslash\n|move|p1a: Greninja|Dark Pulse|p2a: Sandslash\n|-start|p1a: Greninja|typechange|Dark|[from] ability: Protean\n|-damage|p2a: Sandslash|12/275\n|\n|upkeep\n|turn|17\n|inactive|JeanPaulPot has 120 seconds left.\n|\n|t:|1781385893\n|move|p2a: Sandslash|Triple Axel|p1a: Greninja\n|-damage|p1a: Greninja|167/246\n|-damage|p1a: Greninja|109/246\n|-hitcount|p1a: Greninja|2\n|move|p1a: Greninja|Dark Pulse|p2a: Sandslash\n|-damage|p2a: Sandslash|0 fnt\n|faint|p2a: Sandslash\n|\n|upkeep\n|\n|t:|1781385903\n|switch|p2a: Noivern|Noivern, L82, M|274/274\n|turn|18\n|\n|t:|1781385924\n|move|p2a: Noivern|Boomburst|p1a: Greninja\n|-damage|p1a: Greninja|0 fnt\n|faint|p1a: Greninja\n|\n|upkeep\n|\n|t:|1781385931\n|switch|p1a: Regieleki|Regieleki, L79|60/256\n|turn|19\n|\n|t:|1781385936\n|move|p1a: Regieleki|Volt Switch|p2a: Noivern\n|-damage|p2a: Noivern|159/274\n|\n|t:|1781385939\n|switch|p1a: Masquerain|Masquerain, L87, M|16/264|[from] Volt Switch\n|-ability|p1a: Masquerain|Intimidate|boost\n|-unboost|p2a: Noivern|atk|1\n|move|p2a: Noivern|Boomburst|p1a: Masquerain\n|-damage|p1a: Masquerain|0 fnt\n|faint|p1a: Masquerain\n|\n|upkeep\n|\n|t:|1781385940\n|switch|p1a: Regieleki|Regieleki, L79|60/256\n|turn|20\n|\n|t:|1781385944\n|switch|p2a: Virizion|Virizion, L82|283/283\n|move|p1a: Regieleki|Explosion|p2a: Virizion\n|-damage|p2a: Virizion|84/283\n|faint|p1a: Regieleki\n|\n|upkeep\n|inactive|JeanPaulPot has 120 seconds left.\n|inactive|JeanPaulPot has 90 seconds left.\n|\n|t:|1781386004\n|switch|p1a: Emboar|Emboar, L84, M|322/322\n|turn|21\n|\n|t:|1781386012\n|move|p1a: Emboar|Close Combat|p2a: Virizion\n|-damage|p2a: Virizion|0 fnt\n|-unboost|p1a: Emboar|def|1\n|-unboost|p1a: Emboar|spd|1\n|faint|p2a: Virizion\n|\n|upkeep\n|\n|t:|1781386018\n|switch|p2a: Cresselia|Cresselia, L80, F|323/323\n|turn|22\n|\n|t:|1781386023\n|switch|p1a: Blaziken|Blaziken, L76, M|247/247\n|move|p2a: Cresselia|Calm Mind|p2a: Cresselia\n|-boost|p2a: Cresselia|spa|1\n|-boost|p2a: Cresselia|spd|1\n|\n|upkeep\n|turn|23\n|\n|t:|1781386027\n|-terastallize|p1a: Blaziken|Dark\n|move|p2a: Cresselia|Psyshock|p1a: Blaziken\n|-immune|p1a: Blaziken\n|move|p1a: Blaziken|Swords Dance|p1a: Blaziken\n|-boost|p1a: Blaziken|atk|2\n|\n|-ability|p1a: Blaziken|Speed Boost|boost\n|-boost|p1a: Blaziken|spe|1\n|upkeep\n|turn|24\n|\n|t:|1781386035\n|-terastallize|p2a: Cresselia|Steel\n|move|p1a: Blaziken|Knock Off|p2a: Cresselia\n|-damage|p2a: Cresselia|85/323\n|-enditem|p2a: Cresselia|Leftovers|[from] move: Knock Off|[of] p1a: Blaziken\n|-damage|p1a: Blaziken|223/247|[from] item: Life Orb\n|move|p2a: Cresselia|Thunderbolt|p1a: Blaziken\n|-damage|p1a: Blaziken|124/247\n|\n|-ability|p1a: Blaziken|Speed Boost|boost\n|-boost|p1a: Blaziken|spe|1\n|upkeep\n|turn|25\n|\n|t:|1781386046\n|move|p1a: Blaziken|Knock Off|p2a: Cresselia\n|-damage|p2a: Cresselia|0 fnt\n|faint|p2a: Cresselia\n|-damage|p1a: Blaziken|100/247|[from] item: Life Orb\n|\n|-ability|p1a: Blaziken|Speed Boost|boost\n|-boost|p1a: Blaziken|spe|1\n|upkeep\n|\n|t:|1781386048\n|switch|p2a: Phione|Phione, L91|135/293 par\n|turn|26\n|\n|t:|1781386051\n|move|p1a: Blaziken|Knock Off|p2a: Phione\n|-damage|p2a: Phione|0 fnt\n|-enditem|p2a: Phione|Leftovers|[from] move: Knock Off|[of] p1a: Blaziken\n|faint|p2a: Phione\n|-damage|p1a: Blaziken|76/247|[from] item: Life Orb\n|\n|-ability|p1a: Blaziken|Speed Boost|boost\n|-boost|p1a: Blaziken|spe|1\n|upkeep\n|\n|t:|1781386052\n|switch|p2a: Noivern|Noivern, L82, M|159/274\n|turn|27\n|\n|t:|1781386054\n|move|p1a: Blaziken|Knock Off|p2a: Noivern\n|-damage|p2a: Noivern|0 fnt\n|-enditem|p2a: Noivern|Choice Specs|[from] move: Knock Off|[of] p1a: Blaziken\n|faint|p2a: Noivern\n|-damage|p1a: Blaziken|52/247|[from] item: Life Orb\n|\n|win|JeanPaulPot\n", "uploadtime": 1781385598, "views": 6, "formatid": "gen9randombattle", "rating": null, "private": 0, "password": null}