{"id": "gen9randombattle-2631901095", "format": "[Gen 9] Random Battle", "players": ["SingWay", "DEVILICEMIN"], "log": "|j|\u2606SingWay\n|j|\u2606DEVILICEMIN\n|t:|1781453667\n|gametype|singles\n|player|p1|SingWay|burglar|2050\n|player|p2|DEVILICEMIN|265|2051\n|gen|9\n|tier|[Gen 9] Random Battle\n|rated|\n|rule|Species Clause: Limit one of each Pok\u00e9mon\n|rule|HP Percentage Mod: HP is shown in percentages\n|rule|Sleep Clause Mod: Limit one foe put to sleep\n|rule|Illusion Level Mod: Illusion disguises the Pok\u00e9mon's true level\n|\n|t:|1781453667\n|teamsize|p1|6\n|teamsize|p2|6\n|start\n|switch|p1a: Krookodile|Krookodile, L79, M|280/280\n|switch|p2a: Chien-Pao|Chien-Pao, L72|234/234\n|-ability|p1a: Krookodile|Intimidate|boost\n|-unboost|p2a: Chien-Pao|atk|1\n|-ability|p2a: Chien-Pao|Sword of Ruin\n|turn|1\n|inactive|Battle timer is ON: inactive players will automatically lose when time's up. (requested by SingWay)\n|\n|t:|1781453680\n|move|p1a: Krookodile|Stone Edge|p2a: Chien-Pao\n|-supereffective|p2a: Chien-Pao\n|-damage|p2a: Chien-Pao|54/234\n|move|p2a: Chien-Pao|Icicle Crash|p1a: Krookodile\n|-supereffective|p1a: Krookodile\n|-damage|p1a: Krookodile|118/280\n|\n|upkeep\n|turn|2\n|\n|t:|1781453695\n|switch|p1a: Tinkaton|Tinkaton, L82, F|274/274\n|-ability|p1a: Tinkaton|Mold Breaker\n|switch|p2a: Appletun|Appletun, L92, M|352/352\n|\n|upkeep\n|turn|3\n|\n|t:|1781453702\n|move|p1a: Tinkaton|Swords Dance|p1a: Tinkaton\n|-boost|p1a: Tinkaton|atk|2\n|move|p2a: Appletun|Apple Acid|p1a: Tinkaton\n|-resisted|p1a: Tinkaton\n|-damage|p1a: Tinkaton|229/274\n|-unboost|p1a: Tinkaton|spd|1\n|\n|-heal|p1a: Tinkaton|246/274|[from] item: Leftovers\n|upkeep\n|turn|4\n|\n|t:|1781453707\n|switch|p2a: Electrode|Electrode, L92|260/260\n|move|p1a: Tinkaton|Play Rough|p2a: Electrode\n|-damage|p2a: Electrode|107/260\n|\n|-heal|p1a: Tinkaton|263/274|[from] item: Leftovers\n|upkeep\n|turn|5\n|\n|t:|1781453720\n|switch|p1a: Krookodile|Krookodile, L79, M|118/280\n|-ability|p1a: Krookodile|Intimidate|boost\n|-unboost|p2a: Electrode|atk|1\n|move|p2a: Electrode|Thunderbolt|p1a: Krookodile\n|-immune|p1a: Krookodile\n|\n|upkeep\n|turn|6\n|\n|t:|1781453727\n|switch|p2a: Toucannon|Toucannon, L88, F|284/284\n|move|p1a: Krookodile|Gunk Shot|p2a: Toucannon\n|-damage|p2a: Toucannon|194/284\n|-status|p2a: Toucannon|psn\n|\n|-damage|p2a: Toucannon|159/284 psn|[from] psn\n|upkeep\n|turn|7\n|\n|t:|1781453749\n|switch|p1a: Avalugg|Avalugg-Hisui, L90, M|317/317\n|-singleturn|p2a: Toucannon|move: Beak Blast\n|move|p2a: Toucannon|Beak Blast|p1a: Avalugg\n|-resisted|p1a: Avalugg\n|-damage|p1a: Avalugg|280/317\n|\n|-damage|p2a: Toucannon|124/284 psn|[from] psn\n|upkeep\n|turn|8\n|\n|t:|1781453758\n|move|p2a: Toucannon|Bullet Seed|p1a: Avalugg\n|-supereffective|p1a: Avalugg\n|-damage|p1a: Avalugg|256/317\n|-supereffective|p1a: Avalugg\n|-damage|p1a: Avalugg|230/317\n|-supereffective|p1a: Avalugg\n|-damage|p1a: Avalugg|204/317\n|-supereffective|p1a: Avalugg\n|-damage|p1a: Avalugg|180/317\n|-supereffective|p1a: Avalugg\n|-damage|p1a: Avalugg|154/317\n|-hitcount|p1a: Avalugg|5\n|move|p1a: Avalugg|Recover|p1a: Avalugg\n|-heal|p1a: Avalugg|313/317\n|\n|-damage|p2a: Toucannon|89/284 psn|[from] psn\n|upkeep\n|turn|9\n|\n|t:|1781453768\n|move|p2a: Toucannon|Boomburst|p1a: Avalugg\n|-resisted|p1a: Avalugg\n|-damage|p1a: Avalugg|193/317\n|move|p1a: Avalugg|Recover|p1a: Avalugg\n|-heal|p1a: Avalugg|317/317\n|\n|-damage|p2a: Toucannon|54/284 psn|[from] psn\n|upkeep\n|turn|10\n|\n|t:|1781453778\n|move|p2a: Toucannon|Roost|p2a: Toucannon\n|-heal|p2a: Toucannon|196/284 psn\n|-singleturn|p2a: Toucannon|move: Roost\n|move|p1a: Avalugg|Recover||[still]\n|-fail|p1a: Avalugg|heal\n|\n|-damage|p2a: Toucannon|161/284 psn|[from] psn\n|upkeep\n|turn|11\n|\n|t:|1781453785\n|switch|p1a: Miraidon|Miraidon, L65|238/238\n|-fieldstart|move: Electric Terrain|[from] ability: Hadron Engine|[of] p1a: Miraidon\n|move|p2a: Toucannon|Roost|p2a: Toucannon\n|-heal|p2a: Toucannon|284/284 psn\n|-singleturn|p2a: Toucannon|move: Roost\n|\n|-damage|p2a: Toucannon|249/284 psn|[from] psn\n|upkeep\n|turn|12\n|\n|t:|1781453790\n|switch|p2a: Rotom|Rotom-Frost, L87|229/229\n|move|p1a: Miraidon|Volt Switch|p2a: Rotom\n|-resisted|p2a: Rotom\n|-damage|p2a: Rotom|160/229\n|inactive|SingWay has 120 seconds left.\n|\n|t:|1781453824\n|switch|p1a: Tinkaton|Tinkaton, L82, F|263/274|[from] Volt Switch\n|-ability|p1a: Tinkaton|Mold Breaker\n|\n|-heal|p1a: Tinkaton|274/274|[from] item: Leftovers\n|upkeep\n|turn|13\n|\n|t:|1781453828\n|move|p1a: Tinkaton|Gigaton Hammer|p2a: Rotom\n|-damage|p2a: Rotom|46/229\n|move|p2a: Rotom|Will-O-Wisp|p1a: Tinkaton\n|-status|p1a: Tinkaton|brn\n|\n|-damage|p1a: Tinkaton|257/274 brn|[from] brn\n|upkeep\n|turn|14\n|\n|t:|1781453839\n|move|p1a: Tinkaton|Swords Dance|p1a: Tinkaton\n|-boost|p1a: Tinkaton|atk|2\n|move|p2a: Rotom|Volt Switch|p1a: Tinkaton\n|-damage|p1a: Tinkaton|187/274 brn\n|\n|t:|1781453845\n|switch|p2a: Electrode|Electrode, L92|107/260|[from] Volt Switch\n|\n|-heal|p1a: Tinkaton|204/274 brn|[from] item: Leftovers\n|-damage|p1a: Tinkaton|187/274 brn|[from] brn\n|upkeep\n|turn|15\n|\n|t:|1781453850\n|switch|p1a: Krookodile|Krookodile, L79, M|118/280\n|-ability|p1a: Krookodile|Intimidate|boost\n|-unboost|p2a: Electrode|atk|1\n|move|p2a: Electrode|Thunderbolt|p1a: Krookodile\n|-immune|p1a: Krookodile\n|\n|-fieldend|move: Electric Terrain\n|upkeep\n|turn|16\n|\n|t:|1781453857\n|switch|p2a: Toucannon|Toucannon, L88, F|249/284 psn\n|move|p1a: Krookodile|Stone Edge|p2a: Toucannon\n|-supereffective|p2a: Toucannon\n|-damage|p2a: Toucannon|93/284 psn\n|\n|-damage|p2a: Toucannon|58/284 psn|[from] psn\n|upkeep\n|turn|17\n|\n|t:|1781453863\n|-singleturn|p2a: Toucannon|move: Beak Blast\n|move|p1a: Krookodile|Stone Edge|p2a: Toucannon\n|-supereffective|p2a: Toucannon\n|-damage|p2a: Toucannon|0 fnt\n|faint|p2a: Toucannon\n|\n|upkeep\n|\n|t:|1781453882\n|switch|p2a: Hydreigon|Hydreigon, L79, M|275/275\n|turn|18\n|\n|t:|1781453906\n|switch|p1a: Tinkaton|Tinkaton, L82, F|187/274 brn\n|-ability|p1a: Tinkaton|Mold Breaker\n|move|p2a: Hydreigon|Fire Blast|p1a: Tinkaton|[miss]\n|-miss|p2a: Hydreigon|p1a: Tinkaton\n|\n|-heal|p1a: Tinkaton|204/274 brn|[from] item: Leftovers\n|-damage|p1a: Tinkaton|187/274 brn|[from] brn\n|upkeep\n|turn|19\n|\n|t:|1781453920\n|switch|p1a: Miraidon|Miraidon, L65|238/238\n|-fieldstart|move: Electric Terrain|[from] ability: Hadron Engine|[of] p1a: Miraidon\n|switch|p2a: Rotom|Rotom-Frost, L87|46/229\n|\n|upkeep\n|turn|20\n|\n|t:|1781453935\n|move|p1a: Miraidon|Electro Drift|p2a: Rotom\n|-resisted|p2a: Rotom\n|-damage|p2a: Rotom|0 fnt\n|faint|p2a: Rotom\n|\n|upkeep\n|\n|t:|1781453940\n|switch|p2a: Chien-Pao|Chien-Pao, L72|54/234\n|-ability|p2a: Chien-Pao|Sword of Ruin\n|turn|21\n|\n|t:|1781453952\n|switch|p1a: Avalugg|Avalugg-Hisui, L90, M|317/317\n|move|p2a: Chien-Pao|Icicle Crash|p1a: Avalugg\n|-resisted|p1a: Avalugg\n|-damage|p1a: Avalugg|290/317\n|\n|upkeep\n|turn|22\n|\n|t:|1781453964\n|switch|p1a: Miraidon|Miraidon, L65|238/238\n|-activate|p1a: Miraidon|ability: Hadron Engine\n|move|p2a: Chien-Pao|Sacred Sword|p1a: Miraidon\n|-damage|p1a: Miraidon|154/238\n|\n|upkeep\n|turn|23\n|\n|t:|1781453969\n|switch|p1a: Avalugg|Avalugg-Hisui, L90, M|290/317\n|move|p2a: Chien-Pao|Icicle Crash|p1a: Avalugg\n|-resisted|p1a: Avalugg\n|-damage|p1a: Avalugg|263/317\n|\n|-fieldend|move: Electric Terrain\n|upkeep\n|turn|24\n|\n|t:|1781453973\n|move|p2a: Chien-Pao|Sacred Sword|p1a: Avalugg\n|-supereffective|p1a: Avalugg\n|-damage|p1a: Avalugg|119/317\n|move|p1a: Avalugg|Body Press|p2a: Chien-Pao\n|-supereffective|p2a: Chien-Pao\n|-damage|p2a: Chien-Pao|0 fnt\n|faint|p2a: Chien-Pao\n|\n|upkeep\n|\n|t:|1781453980\n|switch|p2a: Hydreigon|Hydreigon, L79, M|275/275\n|turn|25\n|\n|t:|1781453986\n|move|p2a: Hydreigon|Fire Blast|p1a: Avalugg\n|-damage|p1a: Avalugg|0 fnt\n|faint|p1a: Avalugg\n|-damage|p2a: Hydreigon|248/275|[from] item: Life Orb\n|\n|upkeep\n|\n|t:|1781453991\n|switch|p1a: Miraidon|Miraidon, L65|154/238\n|-fieldstart|move: Electric Terrain|[from] ability: Hadron Engine|[of] p1a: Miraidon\n|turn|26\n|\n|t:|1781454007\n|move|p1a: Miraidon|Draco Meteor|p2a: Hydreigon\n|-supereffective|p2a: Hydreigon\n|-damage|p2a: Hydreigon|0 fnt\n|-unboost|p1a: Miraidon|spa|2\n|faint|p2a: Hydreigon\n|\n|upkeep\n|\n|t:|1781454011\n|switch|p2a: Electrode|Electrode, L92|107/260\n|turn|27\n|\n|t:|1781454017\n|switch|p1a: Krookodile|Krookodile, L79, M|118/280\n|-ability|p1a: Krookodile|Intimidate|boost\n|-unboost|p2a: Electrode|atk|1\n|move|p2a: Electrode|Foul Play|p1a: Krookodile\n|-resisted|p1a: Krookodile\n|-damage|p1a: Krookodile|58/280\n|-damage|p2a: Electrode|81/260|[from] item: Life Orb\n|\n|upkeep\n|turn|28\n|\n|t:|1781454038\n|move|p2a: Electrode|Foul Play|p1a: Krookodile\n|-resisted|p1a: Krookodile\n|-damage|p1a: Krookodile|2/280\n|-damage|p2a: Electrode|55/260|[from] item: Life Orb\n|move|p1a: Krookodile|Gunk Shot|p2a: Electrode\n|-damage|p2a: Electrode|0 fnt\n|faint|p2a: Electrode\n|\n|upkeep\n|\n|t:|1781454045\n|switch|p2a: Appletun|Appletun, L92, M|352/352\n|turn|29\n|\n|t:|1781454049\n|switch|p1a: Tinkaton|Tinkaton, L82, F|187/274 brn\n|-ability|p1a: Tinkaton|Mold Breaker\n|-terastallize|p2a: Appletun|Steel\n|move|p2a: Appletun|Apple Acid|p1a: Tinkaton\n|-resisted|p1a: Tinkaton\n|-damage|p1a: Tinkaton|143/274 brn\n|-unboost|p1a: Tinkaton|spd|1\n|\n|-heal|p1a: Tinkaton|160/274 brn|[from] item: Leftovers\n|-damage|p1a: Tinkaton|143/274 brn|[from] brn\n|upkeep\n|turn|30\n|\n|t:|1781454059\n|move|p1a: Tinkaton|Swords Dance|p1a: Tinkaton\n|-boost|p1a: Tinkaton|atk|2\n|move|p2a: Appletun|Apple Acid|p1a: Tinkaton\n|-resisted|p1a: Tinkaton\n|-damage|p1a: Tinkaton|79/274 brn\n|-unboost|p1a: Tinkaton|spd|1\n|\n|-heal|p1a: Tinkaton|96/274 brn|[from] item: Leftovers\n|-damage|p1a: Tinkaton|79/274 brn|[from] brn\n|-fieldend|move: Electric Terrain\n|upkeep\n|turn|31\n|\n|t:|1781454062\n|move|p1a: Tinkaton|Play Rough|p2a: Appletun\n|-resisted|p2a: Appletun\n|-damage|p2a: Appletun|313/352\n|move|p2a: Appletun|Apple Acid|p1a: Tinkaton\n|-resisted|p1a: Tinkaton\n|-damage|p1a: Tinkaton|0 fnt\n|faint|p1a: Tinkaton\n|\n|-heal|p2a: Appletun|335/352|[from] item: Leftovers\n|upkeep\n|\n|t:|1781454073\n|switch|p1a: Krookodile|Krookodile, L79, M|2/280\n|-ability|p1a: Krookodile|Intimidate|boost\n|-unboost|p2a: Appletun|atk|1\n|turn|32\n|\n|t:|1781454078\n|move|p1a: Krookodile|Knock Off|p2a: Appletun\n|-damage|p2a: Appletun|241/352\n|-enditem|p2a: Appletun|Leftovers|[from] move: Knock Off|[of] p1a: Krookodile\n|move|p2a: Appletun|Apple Acid|p1a: Krookodile\n|-supereffective|p1a: Krookodile\n|-damage|p1a: Krookodile|0 fnt\n|faint|p1a: Krookodile\n|\n|upkeep\n|\n|t:|1781454087\n|switch|p1a: Cetitan|Cetitan, L82, M|412/412\n|turn|33\n|\n|t:|1781454091\n|move|p1a: Cetitan|Belly Drum|p1a: Cetitan\n|-damage|p1a: Cetitan|206/412\n|-setboost|p1a: Cetitan|atk|6|[from] move: Belly Drum\n|-enditem|p1a: Cetitan|Sitrus Berry|[eat]\n|-heal|p1a: Cetitan|309/412|[from] item: Sitrus Berry\n|move|p2a: Appletun|Dragon Tail|p1a: Cetitan\n|-damage|p1a: Cetitan|252/412\n|drag|p1a: Miraidon|Miraidon, L65|154/238\n|-fieldstart|move: Electric Terrain|[from] ability: Hadron Engine|[of] p1a: Miraidon\n|\n|upkeep\n|turn|34\n|\n|t:|1781454103\n|-terastallize|p1a: Miraidon|Electric\n|move|p1a: Miraidon|Electro Drift|p2a: Appletun\n|-damage|p2a: Appletun|0 fnt\n|faint|p2a: Appletun\n|\n|win|SingWay\n", "uploadtime": 1781453669, "views": 3, "formatid": "gen9randombattle", "rating": null, "private": 0, "password": null}