{"id": "gen9randombattle-2631822202", "format": "[Gen 9] Random Battle", "players": ["Cygnus11235", "Cake_chan23"], "log": "|j|\u2606Cygnus11235\n|j|\u2606Cake_chan23\n|t:|1781444542\n|gametype|singles\n|player|p1|Cygnus11235|169|1941\n|player|p2|Cake_chan23|roxanne|1918\n|gen|9\n|tier|[Gen 9] Random Battle\n|rated|\n|rule|Species Clause: Limit one of each Pok\u00e9mon\n|rule|HP Percentage Mod: HP is shown in percentages\n|rule|Sleep Clause Mod: Limit one foe put to sleep\n|rule|Illusion Level Mod: Illusion disguises the Pok\u00e9mon's true level\n|\n|t:|1781444542\n|teamsize|p1|6\n|teamsize|p2|6\n|start\n|switch|p1a: Delibird|Delibird, M|252/252\n|switch|p2a: Registeel|Registeel, L81|262/262\n|turn|1\n|inactive|Battle timer is ON: inactive players will automatically lose when time's up. (requested by Cake_chan23)\n|\n|t:|1781444552\n|switch|p1a: Swampert|Swampert, L83, F|302/302\n|move|p2a: Registeel|Iron Defense|p2a: Registeel\n|-boost|p2a: Registeel|def|2\n|\n|upkeep\n|turn|2\n|\n|t:|1781444557\n|move|p1a: Swampert|Yawn|p2a: Registeel\n|-start|p2a: Registeel|move: Yawn|[of] p1a: Swampert\n|move|p2a: Registeel|Body Press|p1a: Swampert\n|-damage|p1a: Swampert|142/302\n|\n|-heal|p1a: Swampert|160/302|[from] item: Leftovers\n|upkeep\n|turn|3\n|\n|t:|1781444564\n|move|p1a: Swampert|Knock Off|p2a: Registeel\n|-damage|p2a: Registeel|237/262\n|-enditem|p2a: Registeel|Chesto Berry|[from] move: Knock Off|[of] p1a: Swampert\n|move|p2a: Registeel|Body Press|p1a: Swampert\n|-damage|p1a: Swampert|10/302\n|\n|-heal|p1a: Swampert|28/302|[from] item: Leftovers\n|-end|p2a: Registeel|move: Yawn|[silent]\n|-status|p2a: Registeel|slp\n|upkeep\n|turn|4\n|\n|t:|1781444573\n|move|p1a: Swampert|Stealth Rock|p2a: Registeel\n|-sidestart|p2: Cake_chan23|move: Stealth Rock\n|cant|p2a: Registeel|slp\n|\n|-heal|p1a: Swampert|46/302|[from] item: Leftovers\n|upkeep\n|turn|5\n|\n|t:|1781444577\n|move|p1a: Swampert|Earthquake|p2a: Registeel\n|-supereffective|p2a: Registeel\n|-damage|p2a: Registeel|159/262 slp\n|cant|p2a: Registeel|slp\n|\n|-heal|p1a: Swampert|64/302|[from] item: Leftovers\n|upkeep\n|turn|6\n|\n|t:|1781444584\n|move|p1a: Swampert|Earthquake|p2a: Registeel\n|-supereffective|p2a: Registeel\n|-damage|p2a: Registeel|81/262 slp\n|-curestatus|p2a: Registeel|slp|[msg]\n|move|p2a: Registeel|Iron Defense|p2a: Registeel\n|-boost|p2a: Registeel|def|2\n|\n|-heal|p1a: Swampert|82/302|[from] item: Leftovers\n|upkeep\n|turn|7\n|\n|t:|1781444590\n|move|p1a: Swampert|Earthquake|p2a: Registeel\n|-supereffective|p2a: Registeel\n|-damage|p2a: Registeel|31/262\n|move|p2a: Registeel|Rest|p2a: Registeel\n|-status|p2a: Registeel|slp|[from] move: Rest\n|-heal|p2a: Registeel|262/262 slp|[silent]\n|\n|-heal|p1a: Swampert|100/302|[from] item: Leftovers\n|upkeep\n|turn|8\n|\n|t:|1781444600\n|switch|p1a: Reuniclus|Reuniclus, L88, F|337/337\n|cant|p2a: Registeel|slp\n|\n|upkeep\n|turn|9\n|\n|t:|1781444604\n|cant|p2a: Registeel|slp\n|move|p1a: Reuniclus|Focus Blast|p2a: Registeel|[miss]\n|-miss|p1a: Reuniclus|p2a: Registeel\n|\n|upkeep\n|turn|10\n|\n|t:|1781444613\n|-curestatus|p2a: Registeel|slp|[msg]\n|move|p2a: Registeel|Body Press|p1a: Reuniclus\n|-resisted|p1a: Reuniclus\n|-damage|p1a: Reuniclus|209/337\n|move|p1a: Reuniclus|Focus Blast|p2a: Registeel\n|-supereffective|p2a: Registeel\n|-crit|p2a: Registeel\n|-damage|p2a: Registeel|0 fnt\n|faint|p2a: Registeel\n|\n|upkeep\n|\n|t:|1781444627\n|switch|p2a: Decidueye|Decidueye, L88, M|281/281\n|turn|11\n|\n|t:|1781444641\n|switch|p1a: Delibird|Delibird, M|252/252\n|move|p2a: Decidueye|Spirit Shackle|p1a: Delibird\n|-damage|p1a: Delibird|107/252\n|-activate|p1a: Delibird|trapped\n|\n|upkeep\n|turn|12\n|\n|t:|1781444650\n|switch|p2a: Grumpig|Grumpig, L92, F|297/297\n|-damage|p2a: Grumpig|260/297|[from] Stealth Rock\n|move|p1a: Delibird|Brave Bird|p2a: Grumpig\n|-damage|p2a: Grumpig|68/297\n|-damage|p1a: Delibird|44/252|[from] Recoil\n|\n|-heal|p2a: Grumpig|86/297|[from] item: Leftovers\n|upkeep\n|turn|13\n|\n|t:|1781444661\n|move|p1a: Delibird|Brave Bird|p2a: Grumpig\n|-damage|p2a: Grumpig|0 fnt\n|faint|p2a: Grumpig\n|-damage|p1a: Delibird|16/252|[from] Recoil\n|\n|upkeep\n|\n|t:|1781444668\n|switch|p2a: Chien-Pao|Chien-Pao, L72|234/234\n|-ability|p2a: Chien-Pao|Sword of Ruin\n|turn|14\n|\n|t:|1781444673\n|move|p2a: Chien-Pao|Throat Chop|p1a: Delibird\n|-damage|p1a: Delibird|0 fnt\n|faint|p1a: Delibird\n|\n|upkeep\n|\n|t:|1781444675\n|switch|p1a: Dachsbun|Dachsbun, L92, F|254/254\n|turn|15\n|\n|t:|1781444680\n|switch|p2a: Decidueye|Decidueye, L88, M|281/281\n|move|p1a: Dachsbun|Play Rough|p2a: Decidueye\n|-damage|p2a: Decidueye|172/281\n|\n|upkeep\n|turn|16\n|\n|t:|1781444689\n|move|p1a: Dachsbun|Play Rough|p2a: Decidueye\n|-damage|p2a: Decidueye|67/281\n|move|p2a: Decidueye|Spirit Shackle|p1a: Dachsbun\n|-damage|p1a: Dachsbun|184/254\n|-activate|p1a: Dachsbun|trapped\n|\n|-heal|p1a: Dachsbun|199/254|[from] item: Leftovers\n|upkeep\n|turn|17\n|\n|t:|1781444693\n|move|p1a: Dachsbun|Play Rough|p2a: Decidueye\n|-damage|p2a: Decidueye|0 fnt\n|faint|p2a: Decidueye\n|\n|-heal|p1a: Dachsbun|214/254|[from] item: Leftovers\n|upkeep\n|\n|t:|1781444697\n|switch|p2a: Regigigas|Regigigas, L84|322/322\n|-damage|p2a: Regigigas|282/322|[from] Stealth Rock\n|-start|p2a: Regigigas|ability: Slow Start\n|turn|18\n|\n|t:|1781444700\n|move|p1a: Dachsbun|Yawn|p2a: Regigigas\n|-start|p2a: Regigigas|move: Yawn|[of] p1a: Dachsbun\n|move|p2a: Regigigas|Body Slam|p1a: Dachsbun\n|-damage|p1a: Dachsbun|163/254\n|\n|-heal|p1a: Dachsbun|178/254|[from] item: Leftovers\n|-heal|p2a: Regigigas|302/322|[from] item: Leftovers\n|upkeep\n|turn|19\n|\n|t:|1781444707\n|switch|p1a: Reuniclus|Reuniclus, L88, F|209/337\n|move|p2a: Regigigas|Substitute|p2a: Regigigas\n|-start|p2a: Regigigas|Substitute\n|-damage|p2a: Regigigas|222/322\n|\n|-heal|p2a: Regigigas|242/322|[from] item: Leftovers\n|-end|p2a: Regigigas|move: Yawn|[silent]\n|-status|p2a: Regigigas|slp\n|upkeep\n|turn|20\n|\n|t:|1781444711\n|cant|p2a: Regigigas|slp\n|move|p1a: Reuniclus|Psychic|p2a: Regigigas\n|-end|p2a: Regigigas|Substitute\n|\n|-heal|p2a: Regigigas|262/322 slp|[from] item: Leftovers\n|upkeep\n|turn|21\n|\n|t:|1781444725\n|cant|p2a: Regigigas|slp\n|move|p1a: Reuniclus|Focus Blast|p2a: Regigigas\n|-supereffective|p2a: Regigigas\n|-damage|p2a: Regigigas|18/322 slp\n|\n|-heal|p2a: Regigigas|38/322 slp|[from] item: Leftovers\n|upkeep\n|turn|22\n|\n|t:|1781444731\n|-curestatus|p2a: Regigigas|slp|[msg]\n|move|p2a: Regigigas|Protect|p2a: Regigigas\n|-singleturn|p2a: Regigigas|Protect\n|move|p1a: Reuniclus|Psychic|p2a: Regigigas\n|-activate|p2a: Regigigas|move: Protect\n|\n|-heal|p2a: Regigigas|58/322|[from] item: Leftovers\n|-end|p2a: Regigigas|Slow Start\n|upkeep\n|turn|23\n|\n|t:|1781444741\n|move|p2a: Regigigas|Body Slam|p1a: Reuniclus\n|-damage|p1a: Reuniclus|74/337\n|move|p1a: Reuniclus|Psychic|p2a: Regigigas\n|-damage|p2a: Regigigas|0 fnt\n|faint|p2a: Regigigas\n|-end|p2a: Regigigas|Slow Start|[silent]\n|\n|upkeep\n|\n|t:|1781444755\n|switch|p2a: Chien-Pao|Chien-Pao, L72|234/234\n|-ability|p2a: Chien-Pao|Sword of Ruin\n|turn|24\n|\n|t:|1781444761\n|-terastallize|p2a: Chien-Pao|Fighting\n|move|p2a: Chien-Pao|Swords Dance|p2a: Chien-Pao\n|-boost|p2a: Chien-Pao|atk|2\n|move|p1a: Reuniclus|Focus Blast|p2a: Chien-Pao\n|-damage|p2a: Chien-Pao|8/234\n|\n|upkeep\n|turn|25\n|\n|t:|1781444769\n|move|p2a: Chien-Pao|Throat Chop|p1a: Reuniclus\n|-supereffective|p1a: Reuniclus\n|-damage|p1a: Reuniclus|0 fnt\n|faint|p1a: Reuniclus\n|\n|upkeep\n|\n|t:|1781444777\n|switch|p1a: Azumarill|Azumarill, L82, F|298/298\n|turn|26\n|\n|t:|1781444782\n|switch|p2a: Inteleon|Inteleon, L81, F|246/246\n|-damage|p2a: Inteleon|216/246|[from] Stealth Rock\n|move|p1a: Azumarill|Aqua Jet|p2a: Inteleon\n|-resisted|p2a: Inteleon\n|-damage|p2a: Inteleon|167/246\n|\n|upkeep\n|turn|27\n|\n|t:|1781444788\n|switch|p1a: Swampert|Swampert, L83, F|100/302\n|move|p2a: Inteleon|Scald|p1a: Swampert\n|-damage|p1a: Swampert|0 fnt\n|faint|p1a: Swampert\n|\n|upkeep\n|\n|t:|1781444796\n|switch|p1a: Azumarill|Azumarill, L82, F|298/298\n|turn|28\n|\n|t:|1781444799\n|move|p2a: Inteleon|Scald|p1a: Azumarill\n|-resisted|p1a: Azumarill\n|-damage|p1a: Azumarill|222/298\n|move|p1a: Azumarill|Play Rough|p2a: Inteleon\n|-damage|p2a: Inteleon|0 fnt\n|faint|p2a: Inteleon\n|\n|upkeep\n|-message|Cake_chan23 forfeited.\n|\n|win|Cygnus11235\n", "uploadtime": 1781444544, "views": 3, "formatid": "gen9randombattle", "rating": null, "private": 0, "password": null}