{"id": "gen9randombattle-2631750363", "format": "[Gen 9] Random Battle", "players": ["ZamaBinLadan", "mundigsters"], "log": "|j|\u2606ZamaBinLadan\n|j|\u2606mundigsters\n|t:|1781433603\n|gametype|singles\n|player|p1|ZamaBinLadan|169|1918\n|player|p2|mundigsters|2|1933\n|gen|9\n|tier|[Gen 9] Random Battle\n|rated|\n|rule|Species Clause: Limit one of each Pok\u00e9mon\n|rule|HP Percentage Mod: HP is shown in percentages\n|rule|Sleep Clause Mod: Limit one foe put to sleep\n|rule|Illusion Level Mod: Illusion disguises the Pok\u00e9mon's true level\n|\n|t:|1781433603\n|teamsize|p1|6\n|teamsize|p2|6\n|start\n|switch|p1a: Bruxish|Bruxish, L85, F|254/254\n|switch|p2a: Decidueye|Decidueye-Hisui, L87, F|295/295\n|turn|1\n|inactive|Battle timer is ON: inactive players will automatically lose when time's up. (requested by mundigsters)\n|\n|t:|1781433610\n|move|p1a: Bruxish|Psychic Fangs|p2a: Decidueye\n|-supereffective|p2a: Decidueye\n|-damage|p2a: Decidueye|0 fnt\n|faint|p2a: Decidueye\n|-damage|p1a: Bruxish|229/254|[from] item: Life Orb\n|\n|upkeep\n|\n|t:|1781433616\n|switch|p2a: Galvantula|Galvantula, L82, M|249/249\n|turn|2\n|\n|t:|1781433619\n|move|p2a: Galvantula|Sticky Web|p1a: Bruxish\n|-sidestart|p1: ZamaBinLadan|move: Sticky Web\n|move|p1a: Bruxish|Psychic Fangs|p2a: Galvantula\n|-damage|p2a: Galvantula|11/249\n|-damage|p1a: Bruxish|204/254|[from] item: Life Orb\n|\n|upkeep\n|turn|3\n|\n|t:|1781433629\n|switch|p1a: Decidueye|Decidueye-Hisui, L87, F|295/295\n|-activate|p1a: Decidueye|move: Sticky Web\n|-unboost|p1a: Decidueye|spe|1\n|move|p2a: Galvantula|Thunder|p1a: Decidueye\n|-resisted|p1a: Decidueye\n|-damage|p1a: Decidueye|249/295\n|-status|p1a: Decidueye|par\n|\n|-heal|p1a: Decidueye|267/295 par|[from] item: Leftovers\n|upkeep\n|turn|4\n|\n|t:|1781433638\n|switch|p2a: Oranguru|Oranguru, L92, M|315/315\n|cant|p1a: Decidueye|par\n|\n|-heal|p1a: Decidueye|285/295 par|[from] item: Leftovers\n|upkeep\n|turn|5\n|\n|t:|1781433642\n|move|p2a: Oranguru|Psychic|p1a: Decidueye\n|-supereffective|p1a: Decidueye\n|-damage|p1a: Decidueye|103/295 par\n|cant|p1a: Decidueye|par\n|\n|-heal|p1a: Decidueye|121/295 par|[from] item: Leftovers\n|upkeep\n|turn|6\n|\n|t:|1781433656\n|switch|p1a: Orthworm|Orthworm, L88, F|266/266\n|-activate|p1a: Orthworm|move: Sticky Web\n|-unboost|p1a: Orthworm|spe|1\n|move|p2a: Oranguru|Psychic|p1a: Orthworm\n|-resisted|p1a: Orthworm\n|-damage|p1a: Orthworm|199/266\n|\n|-heal|p1a: Orthworm|215/266|[from] item: Leftovers\n|upkeep\n|turn|7\n|\n|t:|1781433665\n|move|p2a: Oranguru|Nasty Plot|p2a: Oranguru\n|-boost|p2a: Oranguru|spa|2\n|move|p1a: Orthworm|Stealth Rock|p2a: Oranguru\n|-sidestart|p2: mundigsters|move: Stealth Rock\n|\n|-heal|p1a: Orthworm|231/266|[from] item: Leftovers\n|upkeep\n|turn|8\n|\n|t:|1781433678\n|move|p2a: Oranguru|Focus Blast|p1a: Orthworm|[miss]\n|-miss|p2a: Oranguru|p1a: Orthworm\n|move|p1a: Orthworm|Shed Tail|p1a: Orthworm\n|-start|p1a: Orthworm|Substitute|[from] move: Shed Tail\n|-damage|p1a: Orthworm|98/266\n|\n|t:|1781433684\n|switch|p1a: Golem|Golem-Alola, L93, F|300/300|[from] Shed Tail\n|-activate|p1a: Golem|move: Sticky Web\n|-unboost|p1a: Golem|spe|1\n|\n|upkeep\n|turn|9\n|\n|t:|1781433689\n|move|p2a: Oranguru|Psychic|p1a: Golem\n|-end|p1a: Golem|Substitute\n|move|p1a: Golem|Double-Edge|p2a: Oranguru\n|-damage|p2a: Oranguru|0 fnt\n|faint|p2a: Oranguru\n|-damage|p1a: Golem|196/300|[from] Recoil\n|\n|upkeep\n|\n|t:|1781433698\n|switch|p2a: Galvantula|Galvantula, L82, M|11/249\n|turn|10\n|\n|t:|1781433709\n|switch|p1a: Decidueye|Decidueye-Hisui, L87, F|121/295 par\n|-activate|p1a: Decidueye|move: Sticky Web\n|-unboost|p1a: Decidueye|spe|1\n|move|p2a: Galvantula|Energy Ball|p1a: Decidueye\n|-resisted|p1a: Decidueye\n|-damage|p1a: Decidueye|94/295 par\n|\n|-heal|p1a: Decidueye|112/295 par|[from] item: Leftovers\n|upkeep\n|turn|11\n|\n|t:|1781433718\n|move|p2a: Galvantula|Bug Buzz|p1a: Decidueye\n|-crit|p1a: Decidueye\n|-damage|p1a: Decidueye|0 fnt\n|faint|p1a: Decidueye\n|\n|upkeep\n|\n|t:|1781433737\n|switch|p1a: Dunsparce|Dunsparce, L86, M|312/312\n|-activate|p1a: Dunsparce|move: Sticky Web\n|-unboost|p1a: Dunsparce|spe|1\n|turn|12\n|\n|t:|1781433744\n|move|p2a: Galvantula|Thunder|p1a: Dunsparce\n|-damage|p1a: Dunsparce|216/312\n|-status|p1a: Dunsparce|par\n|cant|p1a: Dunsparce|par\n|\n|upkeep\n|turn|13\n|-message|ZamaBinLadan forfeited.\n|\n|win|mundigsters\n", "uploadtime": 1781433605, "views": 8, "formatid": "gen9randombattle", "rating": null, "private": 0, "password": null}