{"id": "gen9randombattle-2631823305", "format": "[Gen 9] Random Battle", "players": ["PlumeFGC", "BIGKRIS"], "log": "|j|\u2606PlumeFGC\n|j|\u2606BIGKRIS\n|t:|1781444688\n|gametype|singles\n|player|p1|PlumeFGC|pokemonbreederf-gen4|1486\n|player|p2|BIGKRIS|266|1437\n|gen|9\n|tier|[Gen 9] Random Battle\n|rated|\n|rule|Species Clause: Limit one of each Pok\u00e9mon\n|rule|HP Percentage Mod: HP is shown in percentages\n|rule|Sleep Clause Mod: Limit one foe put to sleep\n|rule|Illusion Level Mod: Illusion disguises the Pok\u00e9mon's true level\n|\n|t:|1781444688\n|teamsize|p1|6\n|teamsize|p2|6\n|start\n|switch|p1a: Hypno|Hypno, L95, F|315/315\n|switch|p2a: Terapagos|Terapagos, L77, F|265/265\n|-activate|p2a: Terapagos|ability: Tera Shift\n|detailschange|p2a: Terapagos|Terapagos-Terastal, L77, F\n|-heal|p2a: Terapagos|273/273|[silent]\n|turn|1\n|\n|t:|1781444701\n|move|p1a: Hypno|Knock Off|p2a: Terapagos\n|-activate|p2a: Terapagos|ability: Tera Shell\n|-resisted|p2a: Terapagos\n|-damage|p2a: Terapagos|240/273\n|-enditem|p2a: Terapagos|Chesto Berry|[from] move: Knock Off|[of] p1a: Hypno\n|move|p2a: Terapagos|Calm Mind|p2a: Terapagos\n|-boost|p2a: Terapagos|spa|1\n|-boost|p2a: Terapagos|spd|1\n|\n|upkeep\n|turn|2\n|\n|t:|1781444710\n|move|p1a: Hypno|Encore|p2a: Terapagos\n|-start|p2a: Terapagos|Encore\n|move|p2a: Terapagos|Calm Mind|p2a: Terapagos\n|-boost|p2a: Terapagos|spa|1\n|-boost|p2a: Terapagos|spd|1\n|\n|upkeep\n|turn|3\n|\n|t:|1781444716\n|move|p1a: Hypno|Toxic|p2a: Terapagos\n|-status|p2a: Terapagos|tox\n|move|p2a: Terapagos|Calm Mind|p2a: Terapagos\n|-boost|p2a: Terapagos|spa|1\n|-boost|p2a: Terapagos|spd|1\n|\n|-damage|p2a: Terapagos|223/273 tox|[from] psn\n|upkeep\n|turn|4\n|\n|t:|1781444727\n|-terastallize|p2a: Terapagos|Stellar\n|detailschange|p2a: Terapagos|Terapagos-Stellar, L77, F, tera:Stellar\n|-heal|p2a: Terapagos|323/373 tox|[silent]\n|move|p1a: Hypno|Psychic Noise|p2a: Terapagos\n|-damage|p2a: Terapagos|295/373 tox\n|-start|p2a: Terapagos|move: Heal Block\n|move|p2a: Terapagos|Calm Mind|p2a: Terapagos\n|-boost|p2a: Terapagos|spa|1\n|-boost|p2a: Terapagos|spd|1\n|\n|-damage|p2a: Terapagos|249/373 tox|[from] psn\n|-end|p2a: Terapagos|Encore\n|upkeep\n|turn|5\n|\n|t:|1781444741\n|move|p1a: Hypno|Encore|p2a: Terapagos\n|-start|p2a: Terapagos|Encore\n|move|p2a: Terapagos|Calm Mind|p2a: Terapagos\n|-boost|p2a: Terapagos|spa|1\n|-boost|p2a: Terapagos|spd|1\n|\n|-damage|p2a: Terapagos|180/373 tox|[from] psn\n|-end|p2a: Terapagos|move: Heal Block\n|upkeep\n|turn|6\n|\n|t:|1781444755\n|move|p1a: Hypno|Psychic Noise|p2a: Terapagos\n|-damage|p2a: Terapagos|158/373 tox\n|-start|p2a: Terapagos|move: Heal Block\n|move|p2a: Terapagos|Calm Mind|p2a: Terapagos\n|-boost|p2a: Terapagos|spa|1\n|-boost|p2a: Terapagos|spd|1\n|\n|-damage|p2a: Terapagos|66/373 tox|[from] psn\n|upkeep\n|turn|7\n|\n|t:|1781444773\n|switch|p2a: Jolteon|Jolteon, L84, M|246/246\n|move|p1a: Hypno|Psychic Noise|p2a: Jolteon\n|-damage|p2a: Jolteon|173/246\n|-start|p2a: Jolteon|move: Heal Block\n|\n|upkeep\n|turn|8\n|\n|t:|1781444788\n|switch|p1a: Pawmot|Pawmot, L80, M|243/243\n|move|p2a: Jolteon|Shadow Ball|p1a: Pawmot\n|-damage|p1a: Pawmot|124/243\n|\n|-end|p2a: Jolteon|move: Heal Block\n|upkeep\n|turn|9\n|\n|t:|1781444799\n|move|p2a: Jolteon|Shadow Ball|p1a: Pawmot\n|-damage|p1a: Pawmot|0 fnt\n|faint|p1a: Pawmot\n|\n|upkeep\n|\n|t:|1781444812\n|switch|p1a: Lokix|Lokix, L82, M|251/251\n|turn|10\n|\n|t:|1781444820\n|switch|p2a: Braviary|Braviary, L85, M|309/309\n|move|p1a: Lokix|Swords Dance|p1a: Lokix\n|-boost|p1a: Lokix|atk|2\n|\n|upkeep\n|turn|11\n|\n|t:|1781444835\n|-terastallize|p1a: Lokix|Dark\n|move|p1a: Lokix|Sucker Punch|p2a: Braviary\n|-damage|p2a: Braviary|28/309\n|-damage|p1a: Lokix|226/251|[from] item: Life Orb\n|move|p2a: Braviary|Brave Bird|p1a: Lokix\n|-damage|p1a: Lokix|37/251\n|-damage|p2a: Braviary|0 fnt|[from] Recoil\n|faint|p2a: Braviary\n|\n|upkeep\n|\n|t:|1781444847\n|switch|p2a: Ninetales|Ninetales-Alola, L78, M|242/242\n|-weather|Snowscape|[from] ability: Snow Warning|[of] p2a: Ninetales\n|turn|12\n|\n|t:|1781444857\n|move|p2a: Ninetales|Aurora Veil|p2a: Ninetales\n|-sidestart|p2: BIGKRIS|move: Aurora Veil\n|move|p1a: Lokix|Leech Life|p2a: Ninetales\n|-resisted|p2a: Ninetales\n|-damage|p2a: Ninetales|160/242\n|-heal|p1a: Lokix|78/251|[from] drain|[of] p2a: Ninetales\n|-damage|p1a: Lokix|53/251|[from] item: Life Orb\n|\n|-weather|Snowscape|[upkeep]\n|upkeep\n|turn|13\n|\n|t:|1781444868\n|switch|p1a: Hypno|Hypno, L95, F|315/315\n|move|p2a: Ninetales|Moonblast|p1a: Hypno\n|-damage|p1a: Hypno|261/315\n|\n|-weather|Snowscape|[upkeep]\n|-heal|p1a: Hypno|280/315|[from] item: Leftovers\n|upkeep\n|turn|14\n|\n|t:|1781444878\n|move|p2a: Ninetales|Blizzard|p1a: Hypno\n|-damage|p1a: Hypno|214/315\n|move|p1a: Hypno|Toxic|p2a: Ninetales\n|-status|p2a: Ninetales|tox\n|\n|-weather|Snowscape|[upkeep]\n|-heal|p1a: Hypno|233/315|[from] item: Leftovers\n|-damage|p2a: Ninetales|145/242 tox|[from] psn\n|upkeep\n|turn|15\n|\n|t:|1781444886\n|move|p2a: Ninetales|Encore|p1a: Hypno\n|-start|p1a: Hypno|Encore\n|move|p1a: Hypno|Toxic|p2a: Ninetales\n|-fail|p2a: Ninetales|tox\n|\n|-weather|Snowscape|[upkeep]\n|-heal|p1a: Hypno|252/315|[from] item: Leftovers\n|-damage|p2a: Ninetales|115/242 tox|[from] psn\n|upkeep\n|turn|16\n|\n|t:|1781444899\n|move|p2a: Ninetales|Blizzard|p1a: Hypno\n|-damage|p1a: Hypno|186/315\n|move|p1a: Hypno|Toxic|p2a: Ninetales\n|-fail|p2a: Ninetales|tox\n|\n|-weather|none\n|-heal|p1a: Hypno|205/315|[from] item: Leftovers\n|-damage|p2a: Ninetales|70/242 tox|[from] psn\n|upkeep\n|turn|17\n|\n|t:|1781444909\n|move|p2a: Ninetales|Moonblast|p1a: Hypno\n|-damage|p1a: Hypno|153/315\n|move|p1a: Hypno|Toxic|p2a: Ninetales\n|-fail|p2a: Ninetales|tox\n|\n|-heal|p1a: Hypno|172/315|[from] item: Leftovers\n|-damage|p2a: Ninetales|10/242 tox|[from] psn\n|-end|p1a: Hypno|Encore\n|upkeep\n|turn|18\n|\n|t:|1781444922\n|move|p2a: Ninetales|Moonblast|p1a: Hypno\n|-damage|p1a: Hypno|121/315\n|-unboost|p1a: Hypno|spa|1\n|move|p1a: Hypno|Knock Off|p2a: Ninetales\n|-resisted|p2a: Ninetales\n|-damage|p2a: Ninetales|0 fnt\n|-enditem|p2a: Ninetales|Light Clay|[from] move: Knock Off|[of] p1a: Hypno\n|faint|p2a: Ninetales\n|\n|-heal|p1a: Hypno|140/315|[from] item: Leftovers\n|upkeep\n|\n|t:|1781444940\n|switch|p2a: Minior|Minior-Blue, L79|224/224\n|-formechange|p2a: Minior|Minior-Meteor||[from] ability: Shields Down\n|turn|19\n|\n|t:|1781444948\n|move|p1a: Hypno|Toxic|p2a: Minior\n|-immune|p2a: Minior|[from] ability: Shields Down\n|move|p2a: Minior|Shell Smash|p2a: Minior\n|-unboost|p2a: Minior|def|1\n|-unboost|p2a: Minior|spd|1\n|-boost|p2a: Minior|atk|2\n|-boost|p2a: Minior|spa|2\n|-boost|p2a: Minior|spe|2\n|-enditem|p2a: Minior|White Herb\n|-clearnegativeboost|p2a: Minior|[silent]\n|\n|-heal|p1a: Hypno|159/315|[from] item: Leftovers\n|-sideend|p2: BIGKRIS|move: Aurora Veil\n|upkeep\n|turn|20\n|\n|t:|1781444965\n|move|p2a: Minior|Acrobatics|p1a: Hypno\n|-damage|p1a: Hypno|9/315\n|move|p1a: Hypno|Encore|p2a: Minior\n|-start|p2a: Minior|Encore\n|\n|-heal|p1a: Hypno|28/315|[from] item: Leftovers\n|upkeep\n|turn|21\n|\n|t:|1781444980\n|move|p2a: Minior|Acrobatics|p1a: Hypno\n|-damage|p1a: Hypno|0 fnt\n|faint|p1a: Hypno\n|\n|upkeep\n|\n|t:|1781444989\n|switch|p1a: Dusknoir|Dusknoir, L89, F|225/225\n|turn|22\n|\n|t:|1781444995\n|move|p2a: Minior|Acrobatics|p1a: Dusknoir\n|-damage|p1a: Dusknoir|126/225\n|move|p1a: Dusknoir|Trick|p2a: Minior\n|-activate|p1a: Dusknoir|move: Trick|[of] p2a: Minior\n|-item|p2a: Minior|Choice Band|[from] move: Trick\n|-enditem|p1a: Dusknoir|Choice Band|[silent]|[from] move: Trick\n|\n|upkeep\n|turn|23\n|\n|t:|1781445003\n|move|p1a: Dusknoir|Shadow Sneak|p2a: Minior\n|-damage|p2a: Minior|173/224\n|move|p2a: Minior|Acrobatics|p1a: Dusknoir\n|-damage|p1a: Dusknoir|45/225\n|\n|-end|p2a: Minior|Encore\n|upkeep\n|turn|24\n|\n|t:|1781445016\n|move|p1a: Dusknoir|Shadow Sneak|p2a: Minior\n|-damage|p2a: Minior|124/224\n|move|p2a: Minior|Acrobatics|p1a: Dusknoir\n|-damage|p1a: Dusknoir|0 fnt\n|faint|p1a: Dusknoir\n|\n|upkeep\n|\n|t:|1781445022\n|switch|p1a: Lokix|Lokix, L82, M, tera:Dark|53/251\n|turn|25\n|\n|t:|1781445027\n|move|p1a: Lokix|Sucker Punch|p2a: Minior\n|-damage|p2a: Minior|0 fnt\n|faint|p2a: Minior\n|-damage|p1a: Lokix|28/251|[from] item: Life Orb\n|\n|upkeep\n|\n|t:|1781445042\n|switch|p2a: Terapagos|Terapagos-Stellar, L77, F, tera:Stellar|66/373 tox\n|turn|26\n|\n|t:|1781445054\n|move|p1a: Lokix|Leech Life|p2a: Terapagos\n|-damage|p2a: Terapagos|0 fnt\n|-heal|p1a: Lokix|61/251|[from] drain|[of] p2a: Terapagos\n|faint|p2a: Terapagos\n|detailschange|p2: Terapagos|Terapagos, L77, F|[silent]\n|-damage|p1a: Lokix|36/251|[from] item: Life Orb\n|\n|upkeep\n|\n|t:|1781445060\n|switch|p2a: Jolteon|Jolteon, L84, M|173/246\n|turn|27\n|\n|t:|1781445069\n|move|p1a: Lokix|Sucker Punch|p2a: Jolteon\n|-damage|p2a: Jolteon|14/246\n|-damage|p1a: Lokix|11/251|[from] item: Life Orb\n|move|p2a: Jolteon|Alluring Voice|p1a: Lokix\n|-supereffective|p1a: Lokix\n|-damage|p1a: Lokix|0 fnt\n|faint|p1a: Lokix\n|\n|upkeep\n|\n|t:|1781445080\n|switch|p1a: Altaria|Altaria, L89, F|278/278\n|turn|28\n|\n|t:|1781445084\n|move|p2a: Jolteon|Alluring Voice|p1a: Altaria\n|-supereffective|p1a: Altaria\n|-damage|p1a: Altaria|136/278\n|move|p1a: Altaria|Dragon Dance|p1a: Altaria\n|-boost|p1a: Altaria|atk|1\n|-boost|p1a: Altaria|spe|1\n|\n|upkeep\n|turn|29\n|\n|t:|1781445090\n|move|p1a: Altaria|Earthquake|p2a: Jolteon\n|-supereffective|p2a: Jolteon\n|-damage|p2a: Jolteon|0 fnt\n|faint|p2a: Jolteon\n|\n|upkeep\n|\n|t:|1781445094\n|switch|p2a: Phione|Phione, L91|293/293\n|turn|30\n|\n|t:|1781445113\n|move|p1a: Altaria|Brave Bird|p2a: Phione\n|-damage|p2a: Phione|116/293\n|-damage|p1a: Altaria|78/278|[from] Recoil\n|move|p2a: Phione|Scald|p1a: Altaria\n|-resisted|p1a: Altaria\n|-damage|p1a: Altaria|42/278\n|\n|-heal|p2a: Phione|134/293|[from] item: Leftovers\n|upkeep\n|turn|31\n|\n|t:|1781445123\n|move|p1a: Altaria|Brave Bird|p2a: Phione\n|-damage|p2a: Phione|0 fnt\n|faint|p2a: Phione\n|-damage|p1a: Altaria|0 fnt|[from] Recoil\n|faint|p1a: Altaria\n|\n|win|PlumeFGC\n|raw|PlumeFGC's rating: 1486 &rarr; <strong>1503</strong><br />(+17 for winning)\n|raw|BIGKRIS's rating: 1437 &rarr; <strong>1420</strong><br />(-17 for losing)\n|l|\u2606BIGKRIS\n|player|p2|\n", "uploadtime": 1781445134, "views": 11, "formatid": "gen9randombattle", "rating": 1420, "private": 0, "password": null}