{"id": "gen9randombattle-2631517332", "format": "[Gen 9] Random Battle", "players": ["PlumeFGC", "McSeay"], "log": "|j|\u2606PlumeFGC\n|j|\u2606McSeay\n|t:|1781395416\n|gametype|singles\n|player|p1|PlumeFGC|pokemonbreederf-gen4|1507\n|player|p2|McSeay|veteran|1559\n|gen|9\n|tier|[Gen 9] Random Battle\n|rated|\n|rule|Species Clause: Limit one of each Pok\u00e9mon\n|rule|HP Percentage Mod: HP is shown in percentages\n|rule|Sleep Clause Mod: Limit one foe put to sleep\n|rule|Illusion Level Mod: Illusion disguises the Pok\u00e9mon's true level\n|\n|t:|1781395416\n|teamsize|p1|6\n|teamsize|p2|6\n|start\n|switch|p1a: Whimsicott|Whimsicott, L84, F|238/238\n|switch|p2a: Pecharunt|Pecharunt, L77|262/262\n|turn|1\n|\n|t:|1781395433\n|move|p1a: Whimsicott|U-turn|p2a: Pecharunt\n|-resisted|p2a: Pecharunt\n|-damage|p2a: Pecharunt|256/262\n|\n|t:|1781395437\n|switch|p1a: Copperajah|Copperajah, L86, F|349/349|[from] U-turn\n|move|p2a: Pecharunt|Malignant Chain|p1a: Copperajah\n|-immune|p1a: Copperajah\n|\n|-heal|p2a: Pecharunt|262/262|[from] item: Leftovers\n|upkeep\n|turn|2\n|\n|t:|1781395452\n|switch|p2a: Talonflame|Talonflame, L83, M|265/265\n|move|p1a: Copperajah|Heavy Slam|p2a: Talonflame\n|-resisted|p2a: Talonflame\n|-crit|p2a: Talonflame\n|-damage|p2a: Talonflame|34/265\n|\n|upkeep\n|turn|3\n|\n|t:|1781395469\n|switch|p1a: Stonjourner|Stonjourner, L91, F|330/330\n|move|p2a: Talonflame|Roost|p2a: Talonflame\n|-heal|p2a: Talonflame|167/265\n|-singleturn|p2a: Talonflame|move: Roost\n|\n|upkeep\n|turn|4\n|\n|t:|1781395476\n|move|p2a: Talonflame|U-turn|p1a: Stonjourner\n|-damage|p1a: Stonjourner|301/330\n|\n|t:|1781395490\n|switch|p2a: Pecharunt|Pecharunt, L77|262/262|[from] U-turn\n|move|p1a: Stonjourner|Stealth Rock|p2a: Pecharunt\n|-sidestart|p2: McSeay|move: Stealth Rock\n|\n|upkeep\n|turn|5\n|\n|t:|1781395502\n|switch|p1a: Copperajah|Copperajah, L86, F|349/349\n|move|p2a: Pecharunt|Shadow Ball|p1a: Copperajah\n|-damage|p1a: Copperajah|276/349\n|\n|upkeep\n|turn|6\n|\n|t:|1781395529\n|move|p2a: Pecharunt|Shadow Ball|p1a: Copperajah\n|-damage|p1a: Copperajah|197/349\n|move|p1a: Copperajah|Heavy Slam|p2a: Pecharunt\n|-damage|p2a: Pecharunt|105/262\n|\n|-heal|p2a: Pecharunt|121/262|[from] item: Leftovers\n|upkeep\n|turn|7\n|\n|t:|1781395537\n|switch|p2a: Talonflame|Talonflame, L83, M|167/265\n|move|p1a: Copperajah|Heavy Slam|p2a: Talonflame\n|-resisted|p2a: Talonflame\n|-damage|p2a: Talonflame|18/265\n|\n|upkeep\n|turn|8\n|\n|t:|1781395544\n|move|p2a: Talonflame|Roost|p2a: Talonflame\n|-heal|p2a: Talonflame|151/265\n|-singleturn|p2a: Talonflame|move: Roost\n|move|p1a: Copperajah|Heavy Slam|p2a: Talonflame\n|-resisted|p2a: Talonflame\n|-damage|p2a: Talonflame|13/265\n|\n|upkeep\n|turn|9\n|\n|t:|1781395554\n|switch|p1a: Stonjourner|Stonjourner, L91, F|301/330\n|move|p2a: Talonflame|Roost|p2a: Talonflame\n|-heal|p2a: Talonflame|146/265\n|-singleturn|p2a: Talonflame|move: Roost\n|\n|upkeep\n|turn|10\n|\n|t:|1781395563\n|move|p2a: Talonflame|U-turn|p1a: Stonjourner\n|-damage|p1a: Stonjourner|275/330\n|\n|t:|1781395568\n|switch|p2a: Hitmonchan|Hitmonchan, L87, M|229/229|[from] U-turn\n|-damage|p2a: Hitmonchan|215/229|[from] Stealth Rock\n|move|p1a: Stonjourner|Earthquake|p2a: Hitmonchan\n|-damage|p2a: Hitmonchan|85/229\n|-damage|p1a: Stonjourner|242/330|[from] item: Life Orb\n|\n|upkeep\n|turn|11\n|\n|t:|1781395581\n|switch|p1a: Whimsicott|Whimsicott, L84, F|238/238\n|move|p2a: Hitmonchan|Drain Punch|p1a: Whimsicott\n|-resisted|p1a: Whimsicott\n|-damage|p1a: Whimsicott|161/238\n|-heal|p2a: Hitmonchan|124/229|[from] drain|[of] p1a: Whimsicott\n|-damage|p2a: Hitmonchan|102/229|[from] item: Life Orb\n|\n|upkeep\n|turn|12\n|\n|t:|1781395607\n|switch|p2a: Cinderace|Cinderace, L77, M|249/249\n|-damage|p2a: Cinderace|187/249|[from] Stealth Rock\n|move|p1a: Whimsicott|U-turn|p2a: Cinderace\n|-resisted|p2a: Cinderace\n|-damage|p2a: Cinderace|165/249\n|\n|t:|1781395616\n|switch|p1a: Stonjourner|Stonjourner, L91, F|242/330|[from] U-turn\n|\n|upkeep\n|turn|13\n|\n|t:|1781395625\n|move|p2a: Cinderace|High Jump Kick|p1a: Stonjourner\n|-start|p2a: Cinderace|typechange|Fighting|[from] ability: Libero\n|-supereffective|p1a: Stonjourner\n|-damage|p1a: Stonjourner|0 fnt\n|faint|p1a: Stonjourner\n|\n|upkeep\n|\n|t:|1781395633\n|switch|p1a: Whimsicott|Whimsicott, L84, F|161/238\n|turn|14\n|\n|t:|1781395640\n|switch|p2a: Pecharunt|Pecharunt, L77|121/262\n|-damage|p2a: Pecharunt|89/262|[from] Stealth Rock\n|move|p1a: Whimsicott|Moonblast|p2a: Pecharunt\n|-resisted|p2a: Pecharunt\n|-damage|p2a: Pecharunt|47/262\n|\n|-heal|p2a: Pecharunt|63/262|[from] item: Leftovers\n|upkeep\n|turn|15\n|\n|t:|1781395651\n|move|p1a: Whimsicott|Moonblast|p2a: Pecharunt\n|-resisted|p2a: Pecharunt\n|-damage|p2a: Pecharunt|20/262\n|-unboost|p2a: Pecharunt|spa|1\n|move|p2a: Pecharunt|Recover|p2a: Pecharunt\n|-heal|p2a: Pecharunt|151/262\n|\n|-heal|p2a: Pecharunt|167/262|[from] item: Leftovers\n|upkeep\n|turn|16\n|\n|t:|1781395660\n|move|p1a: Whimsicott|Encore|p2a: Pecharunt\n|-start|p2a: Pecharunt|Encore\n|move|p2a: Pecharunt|Recover|p2a: Pecharunt\n|-heal|p2a: Pecharunt|262/262\n|\n|upkeep\n|turn|17\n|\n|t:|1781395669\n|switch|p2a: Cinderace|Cinderace, L77, M|165/249\n|-damage|p2a: Cinderace|103/249|[from] Stealth Rock\n|move|p1a: Whimsicott|Moonblast|p2a: Cinderace\n|-resisted|p2a: Cinderace\n|-damage|p2a: Cinderace|54/249\n|-unboost|p2a: Cinderace|spa|1\n|\n|upkeep\n|turn|18\n|\n|t:|1781395683\n|move|p1a: Whimsicott|Moonblast|p2a: Cinderace\n|-resisted|p2a: Cinderace\n|-damage|p2a: Cinderace|7/249\n|move|p2a: Cinderace|Pyro Ball|p1a: Whimsicott\n|-supereffective|p1a: Whimsicott\n|-damage|p1a: Whimsicott|0 fnt\n|faint|p1a: Whimsicott\n|\n|upkeep\n|\n|t:|1781395701\n|switch|p1a: Bruxish|Bruxish, L85, M|254/254\n|turn|19\n|\n|t:|1781395715\n|move|p2a: Cinderace|Pyro Ball|p1a: Bruxish\n|-resisted|p1a: Bruxish\n|-damage|p1a: Bruxish|143/254\n|move|p1a: Bruxish|Flip Turn|p2a: Cinderace\n|-supereffective|p2a: Cinderace\n|-damage|p2a: Cinderace|0 fnt\n|faint|p2a: Cinderace\n|\n|t:|1781395727\n|switch|p1a: Groudon|Groudon, L72|263/263|[from] Flip Turn\n|-weather|SunnyDay|[from] ability: Drought|[of] p1a: Groudon\n|\n|-weather|SunnyDay|[upkeep]\n|upkeep\n|\n|t:|1781395739\n|switch|p2a: Arceus|Arceus-Ground, L70|284/284\n|-damage|p2a: Arceus|267/284|[from] Stealth Rock\n|turn|20\n|\n|t:|1781395753\n|switch|p1a: Delibird|Delibird, M|252/252\n|move|p2a: Arceus|Swords Dance|p2a: Arceus\n|-boost|p2a: Arceus|atk|2\n|\n|-weather|SunnyDay|[upkeep]\n|upkeep\n|turn|21\n|\n|t:|1781395797\n|move|p1a: Delibird|Ice Shard|p2a: Arceus\n|-supereffective|p2a: Arceus\n|-damage|p2a: Arceus|151/284\n|move|p2a: Arceus|Stone Edge|p1a: Delibird\n|-supereffective|p1a: Delibird\n|-crit|p1a: Delibird\n|-damage|p1a: Delibird|0 fnt\n|faint|p1a: Delibird\n|\n|-weather|SunnyDay|[upkeep]\n|upkeep\n|\n|t:|1781395808\n|switch|p1a: Bruxish|Bruxish, L85, M|143/254\n|turn|22\n|\n|t:|1781395825\n|-terastallize|p2a: Arceus|Normal\n|-terastallize|p1a: Bruxish|Psychic\n|move|p2a: Arceus|Extreme Speed|p1a: Bruxish\n|-damage|p1a: Bruxish|0 fnt\n|faint|p1a: Bruxish\n|\n|-weather|SunnyDay|[upkeep]\n|upkeep\n|\n|t:|1781395832\n|switch|p1a: Copperajah|Copperajah, L86, F|197/349\n|turn|23\n|\n|t:|1781395840\n|move|p2a: Arceus|Earthquake|p1a: Copperajah\n|-supereffective|p1a: Copperajah\n|-damage|p1a: Copperajah|0 fnt\n|faint|p1a: Copperajah\n|\n|-weather|none\n|upkeep\n|-message|PlumeFGC forfeited.\n|\n|win|McSeay\n|raw|PlumeFGC's rating: 1507 &rarr; <strong>1490</strong><br />(-17 for losing)\n|raw|McSeay's rating: 1559 &rarr; <strong>1576</strong><br />(+17 for winning)\n|c|\u2606McSeay|gg wp\n", "uploadtime": 1781395864, "views": 4, "formatid": "gen9randombattle", "rating": 1490, "private": 0, "password": null}