{"id": "gen9randombattle-2631787667", "format": "[Gen 9] Random Battle", "players": ["Adumbad", "joebidenfan1245"], "log": "|j|\u2606Adumbad\n|j|\u203djoebidenfan1245\n|t:|1781439674\n|gametype|singles\n|player|p1|Adumbad|ghetsis-gen5bw|1901\n|player|p2|joebidenfan1245|265|1928\n|gen|9\n|tier|[Gen 9] Random Battle\n|rated|\n|rule|Species Clause: Limit one of each Pok\u00e9mon\n|rule|HP Percentage Mod: HP is shown in percentages\n|rule|Sleep Clause Mod: Limit one foe put to sleep\n|rule|Illusion Level Mod: Illusion disguises the Pok\u00e9mon's true level\n|\n|t:|1781439674\n|teamsize|p1|6\n|teamsize|p2|6\n|start\n|switch|p1a: Cryogonal|Cryogonal, L89|287/287\n|switch|p2a: Reshiram|Reshiram, L76|277/277\n|-ability|p2a: Reshiram|Turboblaze\n|turn|1\n|\n|t:|1781439690\n|move|p1a: Cryogonal|Ice Beam|p2a: Reshiram\n|-damage|p2a: Reshiram|187/277\n|move|p2a: Reshiram|Blue Flare|p1a: Cryogonal\n|-supereffective|p1a: Cryogonal\n|-damage|p1a: Cryogonal|51/287\n|\n|upkeep\n|turn|2\n|\n|t:|1781439707\n|switch|p1a: Ceruledge|Ceruledge, L78, F|245/245\n|move|p2a: Reshiram|Draco Meteor|p1a: Ceruledge\n|-crit|p1a: Ceruledge\n|-damage|p1a: Ceruledge|17/245\n|-unboost|p2a: Reshiram|spa|2\n|\n|upkeep\n|turn|3\n|c|\u2606Adumbad|Look, fat\n|\n|t:|1781439723\n|switch|p1a: Clefable|Clefable, L83, F|293/293\n|move|p2a: Reshiram|Draco Meteor|p1a: Clefable\n|-immune|p1a: Clefable\n|\n|upkeep\n|turn|4\n|\n|t:|1781439747\n|switch|p2a: Umbreon|Umbreon, L84, M|297/297\n|move|p1a: Clefable|Calm Mind|p1a: Clefable\n|-boost|p1a: Clefable|spa|1\n|-boost|p1a: Clefable|spd|1\n|\n|upkeep\n|turn|5\n|\n|t:|1781439753\n|move|p2a: Umbreon|Toxic|p1a: Clefable\n|-status|p1a: Clefable|tox\n|move|p1a: Clefable|Moonblast|p2a: Umbreon\n|-supereffective|p2a: Umbreon\n|-damage|p2a: Umbreon|97/297\n|-unboost|p2a: Umbreon|spa|1\n|\n|-heal|p2a: Umbreon|115/297|[from] item: Leftovers\n|-damage|p1a: Clefable|275/293 tox|[from] psn\n|upkeep\n|turn|6\n|\n|t:|1781439767\n|move|p2a: Umbreon|Wish|p2a: Umbreon\n|move|p1a: Clefable|Calm Mind|p1a: Clefable\n|-boost|p1a: Clefable|spa|1\n|-boost|p1a: Clefable|spd|1\n|\n|-heal|p2a: Umbreon|133/297|[from] item: Leftovers\n|-heal|p1a: Clefable|293/293 tox|[from] item: Leftovers\n|-damage|p1a: Clefable|257/293 tox|[from] psn\n|upkeep\n|turn|7\n|\n|t:|1781439787\n|switch|p2a: Iron Leaves|Iron Leaves, L80|275/275\n|move|p1a: Clefable|Moonblast|p2a: Iron Leaves\n|-damage|p2a: Iron Leaves|92/275\n|-unboost|p2a: Iron Leaves|spa|1\n|\n|-heal|p2a: Iron Leaves|240/275|[from] move: Wish|[wisher] Umbreon\n|-heal|p1a: Clefable|275/293 tox|[from] item: Leftovers\n|-damage|p1a: Clefable|221/293 tox|[from] psn\n|upkeep\n|turn|8\n|\n|t:|1781439797\n|move|p2a: Iron Leaves|Leaf Blade|p1a: Clefable\n|-crit|p1a: Clefable\n|-damage|p1a: Clefable|0 fnt\n|faint|p1a: Clefable\n|\n|upkeep\n|\n|t:|1781439803\n|switch|p1a: Electivire|Electivire, L84, M|263/263\n|turn|9\n|\n|t:|1781439811\n|move|p2a: Iron Leaves|Leaf Blade|p1a: Electivire\n|-damage|p1a: Electivire|53/263\n|move|p1a: Electivire|Bulk Up|p1a: Electivire\n|-boost|p1a: Electivire|atk|1\n|-boost|p1a: Electivire|def|1\n|\n|upkeep\n|turn|10\n|-message|Adumbad forfeited.\n|\n|win|joebidenfan1245\n", "uploadtime": 1781439676, "views": 3, "formatid": "gen9randombattle", "rating": null, "private": 0, "password": null}