{"id": "gen9randombattle-2631528500", "format": "[Gen 9] Random Battle", "players": ["IchabodRb", "ajtehpro"], "log": "|j|\u2606IchabodRb\n|j|\u2606ajtehpro\n|t:|1781396994\n|gametype|singles\n|player|p1|IchabodRb|101|2024\n|player|p2|ajtehpro|170|2021\n|gen|9\n|tier|[Gen 9] Random Battle\n|rated|\n|rule|Species Clause: Limit one of each Pok\u00e9mon\n|rule|HP Percentage Mod: HP is shown in percentages\n|rule|Sleep Clause Mod: Limit one foe put to sleep\n|rule|Illusion Level Mod: Illusion disguises the Pok\u00e9mon's true level\n|\n|t:|1781396994\n|teamsize|p1|6\n|teamsize|p2|6\n|start\n|switch|p1a: Victreebel|Victreebel, L90, M|290/290\n|switch|p2a: Bastiodon|Bastiodon, L89, M, shiny|252/252\n|turn|1\n|\n|t:|1781397031\n|switch|p1a: Emboar|Emboar, L84, M|322/322\n|move|p2a: Bastiodon|Foul Play|p1a: Emboar\n|-resisted|p1a: Emboar\n|-damage|p1a: Emboar|265/322\n|\n|-heal|p1a: Emboar|285/322|[from] item: Leftovers\n|upkeep\n|turn|2\n|\n|t:|1781397046\n|switch|p2a: Braviary|Braviary-Hisui, L85, M|326/326\n|move|p1a: Emboar|Bulk Up|p1a: Emboar\n|-boost|p1a: Emboar|atk|1\n|-boost|p1a: Emboar|def|1\n|\n|-heal|p1a: Emboar|305/322|[from] item: Leftovers\n|upkeep\n|turn|3\n|\n|t:|1781397059\n|switch|p1a: Hydreigon|Hydreigon, L79, M|275/275\n|move|p2a: Braviary|Psychic|p1a: Hydreigon\n|-immune|p1a: Hydreigon\n|\n|upkeep\n|turn|4\n|\n|t:|1781397066\n|switch|p2a: Sylveon|Sylveon, L85, F|300/300\n|move|p1a: Hydreigon|Dark Pulse|p2a: Sylveon\n|-resisted|p2a: Sylveon\n|-damage|p2a: Sylveon|260/300\n|-damage|p1a: Hydreigon|248/275|[from] item: Life Orb\n|\n|-heal|p2a: Sylveon|278/300|[from] item: Leftovers\n|upkeep\n|turn|5\n|\n|t:|1781397077\n|switch|p1a: Victreebel|Victreebel, L90, M|290/290\n|move|p2a: Sylveon|Hyper Voice|p1a: Victreebel\n|-resisted|p1a: Victreebel\n|-crit|p1a: Victreebel\n|-damage|p1a: Victreebel|185/290\n|\n|-heal|p2a: Sylveon|296/300|[from] item: Leftovers\n|upkeep\n|turn|6\n|\n|t:|1781397086\n|switch|p2a: Bastiodon|Bastiodon, L89, M, shiny|252/252\n|move|p1a: Victreebel|Knock Off|p2a: Bastiodon\n|-damage|p2a: Bastiodon|187/252\n|-enditem|p2a: Bastiodon|Chesto Berry|[from] move: Knock Off|[of] p1a: Victreebel\n|-damage|p1a: Victreebel|156/290|[from] item: Life Orb\n|\n|upkeep\n|turn|7\n|\n|t:|1781397098\n|switch|p1a: Emboar|Emboar, L84, M|305/322\n|move|p2a: Bastiodon|Iron Defense|p2a: Bastiodon\n|-boost|p2a: Bastiodon|def|2\n|\n|-heal|p1a: Emboar|322/322|[from] item: Leftovers\n|upkeep\n|turn|8\n|\n|t:|1781397118\n|move|p1a: Emboar|Bulk Up|p1a: Emboar\n|-boost|p1a: Emboar|atk|1\n|-boost|p1a: Emboar|def|1\n|move|p2a: Bastiodon|Body Press|p1a: Emboar\n|-damage|p1a: Emboar|169/322\n|\n|-heal|p1a: Emboar|189/322|[from] item: Leftovers\n|upkeep\n|turn|9\n|\n|t:|1781397127\n|move|p1a: Emboar|Drain Punch|p2a: Bastiodon\n|-supereffective|p2a: Bastiodon\n|-damage|p2a: Bastiodon|31/252\n|-heal|p1a: Emboar|267/322|[from] drain|[of] p2a: Bastiodon\n|move|p2a: Bastiodon|Body Press|p1a: Emboar\n|-damage|p1a: Emboar|100/322\n|\n|-heal|p1a: Emboar|120/322|[from] item: Leftovers\n|upkeep\n|turn|10\n|\n|t:|1781397137\n|move|p1a: Emboar|Drain Punch|p2a: Bastiodon\n|-supereffective|p2a: Bastiodon\n|-damage|p2a: Bastiodon|0 fnt\n|-heal|p1a: Emboar|136/322|[from] drain|[of] p2a: Bastiodon\n|faint|p2a: Bastiodon\n|\n|-heal|p1a: Emboar|156/322|[from] item: Leftovers\n|upkeep\n|\n|t:|1781397139\n|switch|p2a: Braviary|Braviary-Hisui, L85, M|326/326\n|turn|11\n|\n|t:|1781397149\n|switch|p1a: Solgaleo|Solgaleo, L74|325/325\n|move|p2a: Braviary|Hurricane|p1a: Solgaleo\n|-resisted|p1a: Solgaleo\n|-damage|p1a: Solgaleo|192/325\n|\n|upkeep\n|turn|12\n|\n|t:|1781397159\n|move|p1a: Solgaleo|Knock Off|p2a: Braviary\n|-supereffective|p2a: Braviary\n|-damage|p2a: Braviary|154/326\n|-enditem|p2a: Braviary|Life Orb|[from] move: Knock Off|[of] p1a: Solgaleo\n|move|p2a: Braviary|Heat Wave|p1a: Solgaleo\n|-supereffective|p1a: Solgaleo\n|-damage|p1a: Solgaleo|0 fnt\n|faint|p1a: Solgaleo\n|\n|upkeep\n|\n|t:|1781397168\n|switch|p1a: Hydreigon|Hydreigon, L79, M|248/275\n|turn|13\n|inactive|Battle timer is ON: inactive players will automatically lose when time's up. (requested by IchabodRb)\n|\n|t:|1781397189\n|switch|p2a: Sylveon|Sylveon, L85, F|296/300\n|move|p1a: Hydreigon|Nasty Plot|p1a: Hydreigon\n|-boost|p1a: Hydreigon|spa|2\n|\n|-heal|p2a: Sylveon|300/300|[from] item: Leftovers\n|upkeep\n|turn|14\n|\n|t:|1781397198\n|move|p1a: Hydreigon|Flash Cannon|p2a: Sylveon\n|-supereffective|p2a: Sylveon\n|-damage|p2a: Sylveon|79/300\n|-damage|p1a: Hydreigon|221/275|[from] item: Life Orb\n|move|p2a: Sylveon|Hyper Voice|p1a: Hydreigon\n|-supereffective|p1a: Hydreigon\n|-damage|p1a: Hydreigon|0 fnt\n|faint|p1a: Hydreigon\n|\n|-heal|p2a: Sylveon|97/300|[from] item: Leftovers\n|upkeep\n|\n|t:|1781397210\n|switch|p1a: Victreebel|Victreebel, L90, M|156/290\n|turn|15\n|\n|t:|1781397219\n|switch|p2a: Gholdengo|Gholdengo, L77|261/261\n|move|p1a: Victreebel|Sludge Wave|p2a: Gholdengo\n|-immune|p2a: Gholdengo\n|\n|upkeep\n|turn|16\n|\n|t:|1781397227\n|move|p2a: Gholdengo|Make It Rain|p1a: Victreebel\n|-damage|p1a: Victreebel|12/290\n|-unboost|p2a: Gholdengo|spa|1\n|move|p1a: Victreebel|Knock Off|p2a: Gholdengo\n|-supereffective|p2a: Gholdengo\n|-damage|p2a: Gholdengo|24/261\n|-enditem|p2a: Gholdengo|Choice Scarf|[from] move: Knock Off|[of] p1a: Victreebel\n|-damage|p1a: Victreebel|0 fnt|[from] item: Life Orb\n|faint|p1a: Victreebel\n|\n|upkeep\n|\n|t:|1781397243\n|switch|p1a: Emboar|Emboar, L84, M|156/322\n|turn|17\n|\n|t:|1781397251\n|move|p2a: Gholdengo|Shadow Ball|p1a: Emboar\n|-crit|p1a: Emboar\n|-damage|p1a: Emboar|0 fnt\n|faint|p1a: Emboar\n|\n|upkeep\n|\n|t:|1781397259\n|switch|p1a: Mimikyu|Mimikyu, L79, F|216/216\n|turn|18\n|\n|t:|1781397267\n|switch|p2a: Meloetta|Meloetta, L82|298/298\n|move|p1a: Mimikyu|Swords Dance|p1a: Mimikyu\n|-boost|p1a: Mimikyu|atk|2\n|\n|upkeep\n|turn|19\n|\n|t:|1781397276\n|move|p1a: Mimikyu|Drain Punch|p2a: Meloetta\n|-damage|p2a: Meloetta|163/298\n|-damage|p1a: Mimikyu|195/216|[from] item: Life Orb\n|move|p2a: Meloetta|Psyshock|p1a: Mimikyu\n|-activate|p1a: Mimikyu|ability: Disguise\n|-damage|p1a: Mimikyu|195/216\n|detailschange|p1a: Mimikyu|Mimikyu-Busted, L79, F\n|-damage|p1a: Mimikyu|168/216|[from] pokemon: Mimikyu-Busted\n|\n|-heal|p2a: Meloetta|181/298|[from] item: Leftovers\n|upkeep\n|turn|20\n|\n|t:|1781397292\n|-terastallize|p1a: Mimikyu|Fighting\n|move|p1a: Mimikyu|Drain Punch|p2a: Meloetta\n|-damage|p2a: Meloetta|0 fnt\n|-heal|p1a: Mimikyu|216/216|[from] drain|[of] p2a: Meloetta\n|faint|p2a: Meloetta\n|-damage|p1a: Mimikyu|195/216|[from] item: Life Orb\n|\n|upkeep\n|\n|t:|1781397312\n|switch|p2a: Sylveon|Sylveon, L85, F|97/300\n|turn|21\n|\n|t:|1781397322\n|move|p2a: Sylveon|Protect|p2a: Sylveon\n|-singleturn|p2a: Sylveon|Protect\n|move|p1a: Mimikyu|Shadow Sneak|p2a: Sylveon\n|-activate|p2a: Sylveon|move: Protect\n|\n|-heal|p2a: Sylveon|115/300|[from] item: Leftovers\n|upkeep\n|turn|22\n|\n|t:|1781397330\n|switch|p2a: Gholdengo|Gholdengo, L77|24/261\n|move|p1a: Mimikyu|Drain Punch|p2a: Gholdengo\n|-immune|p2a: Gholdengo\n|\n|upkeep\n|turn|23\n|\n|t:|1781397338\n|move|p1a: Mimikyu|Swords Dance|p1a: Mimikyu\n|-boost|p1a: Mimikyu|atk|2\n|move|p2a: Gholdengo|Trick|p1a: Mimikyu\n|-activate|p2a: Gholdengo|move: Trick|[of] p1a: Mimikyu\n|-enditem|p1a: Mimikyu|Life Orb|[silent]|[from] move: Trick\n|-item|p2a: Gholdengo|Life Orb|[from] move: Trick\n|\n|upkeep\n|turn|24\n|\n|t:|1781397348\n|move|p1a: Mimikyu|Shadow Sneak|p2a: Gholdengo\n|-supereffective|p2a: Gholdengo\n|-damage|p2a: Gholdengo|0 fnt\n|faint|p2a: Gholdengo\n|\n|upkeep\n|\n|t:|1781397350\n|switch|p2a: Sylveon|Sylveon, L85, F|115/300\n|turn|25\n|\n|t:|1781397359\n|move|p1a: Mimikyu|Play Rough|p2a: Sylveon\n|-damage|p2a: Sylveon|0 fnt\n|faint|p2a: Sylveon\n|\n|upkeep\n|\n|t:|1781397363\n|switch|p2a: Raichu|Raichu, L88, F|249/249\n|turn|26\n|\n|t:|1781397368\n|move|p2a: Raichu|Thunderbolt|p1a: Mimikyu\n|-damage|p1a: Mimikyu|86/216\n|-status|p1a: Mimikyu|par\n|-damage|p2a: Raichu|225/249|[from] item: Life Orb\n|move|p1a: Mimikyu|Drain Punch|p2a: Raichu\n|-damage|p2a: Raichu|0 fnt\n|-heal|p1a: Mimikyu|199/216 par|[from] drain|[of] p2a: Raichu\n|faint|p2a: Raichu\n|\n|upkeep\n|\n|t:|1781397375\n|switch|p2a: Braviary|Braviary-Hisui, L85, M|154/326\n|turn|27\n|\n|t:|1781397382\n|move|p1a: Mimikyu|Shadow Sneak|p2a: Braviary\n|-supereffective|p2a: Braviary\n|-damage|p2a: Braviary|0 fnt\n|faint|p2a: Braviary\n|\n|win|IchabodRb\n|raw|IchabodRb's rating: 2024 &rarr; <strong>2044</strong><br />(+20 for winning)\n|raw|ajtehpro's rating: 2021 &rarr; <strong>2001</strong><br />(-20 for losing)\n", "uploadtime": 1781396996, "views": 4, "formatid": "gen9randombattle", "rating": 2001, "private": 0, "password": null}