{"id": "gen9randombattle-2631589005", "format": "[Gen 9] Random Battle", "players": ["catavieve", "binkbonkerer"], "log": "|j|\u2606catavieve\n|j|\u2606binkbonkerer\n|t:|1781405323\n|gametype|singles\n|player|p1|catavieve|palmer|2039\n|player|p2|binkbonkerer|1|2058\n|gen|9\n|tier|[Gen 9] Random Battle\n|rated|\n|rule|Species Clause: Limit one of each Pok\u00e9mon\n|rule|HP Percentage Mod: HP is shown in percentages\n|rule|Sleep Clause Mod: Limit one foe put to sleep\n|rule|Illusion Level Mod: Illusion disguises the Pok\u00e9mon's true level\n|\n|t:|1781405323\n|teamsize|p1|6\n|teamsize|p2|6\n|start\n|switch|p1a: Pachirisu|Pachirisu, L96, F|271/271\n|switch|p2a: Toxapex|Toxapex, L82, M|216/216\n|turn|1\n|inactive|Battle timer is ON: inactive players will automatically lose when time's up. (requested by binkbonkerer)\n|\n|t:|1781405336\n|move|p1a: Pachirisu|Thunderbolt|p2a: Toxapex\n|-supereffective|p2a: Toxapex\n|-damage|p2a: Toxapex|106/216\n|move|p2a: Toxapex|Toxic Spikes|p1a: Pachirisu\n|-sidestart|p1: catavieve|move: Toxic Spikes\n|\n|-heal|p2a: Toxapex|119/216|[from] item: Leftovers\n|upkeep\n|turn|2\n|\n|t:|1781405347\n|switch|p2a: Gurdurr|Gurdurr, L85, F|283/283\n|move|p1a: Pachirisu|Nuzzle|p2a: Gurdurr\n|-damage|p2a: Gurdurr|271/283\n|-status|p2a: Gurdurr|par\n|\n|upkeep\n|turn|3\n|\n|t:|1781405354\n|move|p1a: Pachirisu|U-turn|p2a: Gurdurr\n|-resisted|p2a: Gurdurr\n|-damage|p2a: Gurdurr|259/283 par\n|\n|t:|1781405359\n|switch|p1a: Toxapex|Toxapex, L82, M|216/216|[from] U-turn\n|-sideend|p1: catavieve|move: Toxic Spikes|[of] p1a: Toxapex\n|cant|p2a: Gurdurr|par\n|\n|upkeep\n|turn|4\n|\n|t:|1781405371\n|switch|p1a: Pachirisu|Pachirisu, L96, F|271/271\n|move|p2a: Gurdurr|Knock Off|p1a: Pachirisu\n|-damage|p1a: Pachirisu|157/271\n|-enditem|p1a: Pachirisu|Assault Vest|[from] move: Knock Off|[of] p2a: Gurdurr\n|\n|upkeep\n|turn|5\n|\n|t:|1781405378\n|move|p1a: Pachirisu|Super Fang|p2a: Gurdurr|[miss]\n|-miss|p1a: Pachirisu|p2a: Gurdurr\n|move|p2a: Gurdurr|Knock Off|p1a: Pachirisu\n|-damage|p1a: Pachirisu|71/271\n|\n|upkeep\n|turn|6\n|\n|t:|1781405385\n|move|p2a: Gurdurr|Mach Punch|p1a: Pachirisu\n|-damage|p1a: Pachirisu|0 fnt\n|faint|p1a: Pachirisu\n|\n|upkeep\n|\n|t:|1781405388\n|switch|p1a: Gogoat|Gogoat, L88, M|360/360\n|turn|7\n|\n|t:|1781405399\n|move|p1a: Gogoat|Bulk Up|p1a: Gogoat\n|-boost|p1a: Gogoat|atk|1\n|-boost|p1a: Gogoat|def|1\n|move|p2a: Gurdurr|Knock Off|p1a: Gogoat\n|-damage|p1a: Gogoat|269/360\n|-enditem|p1a: Gogoat|Leftovers|[from] move: Knock Off|[of] p2a: Gurdurr\n|\n|upkeep\n|turn|8\n|\n|t:|1781405407\n|switch|p2a: Rotom|Rotom-Frost, L87|229/229\n|move|p1a: Gogoat|Bulk Up|p1a: Gogoat\n|-boost|p1a: Gogoat|atk|1\n|-boost|p1a: Gogoat|def|1\n|\n|upkeep\n|turn|9\n|\n|t:|1781405414\n|move|p2a: Rotom|Will-O-Wisp|p1a: Gogoat\n|-status|p1a: Gogoat|brn\n|move|p1a: Gogoat|Horn Leech|p2a: Rotom\n|-damage|p2a: Rotom|160/229\n|-heal|p1a: Gogoat|304/360 brn|[from] drain|[of] p2a: Rotom\n|\n|-damage|p1a: Gogoat|282/360 brn|[from] brn\n|upkeep\n|turn|10\n|\n|t:|1781405424\n|move|p2a: Rotom|Blizzard|p1a: Gogoat|[miss]\n|-miss|p2a: Rotom|p1a: Gogoat\n|move|p1a: Gogoat|Horn Leech|p2a: Rotom\n|-damage|p2a: Rotom|92/229\n|-heal|p1a: Gogoat|316/360 brn|[from] drain|[of] p2a: Rotom\n|\n|-damage|p1a: Gogoat|294/360 brn|[from] brn\n|upkeep\n|turn|11\n|\n|t:|1781405433\n|switch|p1a: Regice|Regice, L88|284/284\n|move|p2a: Rotom|Blizzard|p1a: Regice\n|-resisted|p1a: Regice\n|-damage|p1a: Regice|252/284\n|\n|upkeep\n|turn|12\n|\n|t:|1781405440\n|move|p2a: Rotom|Will-O-Wisp|p1a: Regice\n|-status|p1a: Regice|brn\n|move|p1a: Regice|Ice Beam|p2a: Rotom\n|-resisted|p2a: Rotom\n|-damage|p2a: Rotom|48/229\n|\n|-damage|p1a: Regice|235/284 brn|[from] brn\n|upkeep\n|turn|13\n|\n|t:|1781405451\n|move|p2a: Rotom|Volt Switch|p1a: Regice\n|-damage|p1a: Regice|190/284 brn\n|\n|t:|1781405454\n|switch|p2a: Gurdurr|Gurdurr, L85, F|259/283 par|[from] Volt Switch\n|move|p1a: Regice|Body Press|p2a: Gurdurr\n|-damage|p2a: Gurdurr|237/283 par\n|\n|-damage|p1a: Regice|173/284 brn|[from] brn\n|upkeep\n|turn|14\n|\n|t:|1781405463\n|switch|p1a: Gogoat|Gogoat, L88, M|294/360 brn\n|move|p2a: Gurdurr|Knock Off|p1a: Gogoat\n|-damage|p1a: Gogoat|194/360 brn\n|\n|-damage|p1a: Gogoat|172/360 brn|[from] brn\n|upkeep\n|turn|15\n|\n|t:|1781405475\n|switch|p2a: Arceus|Arceus-Bug, L73|295/295\n|move|p1a: Gogoat|Milk Drink|p1a: Gogoat\n|-heal|p1a: Gogoat|352/360 brn\n|\n|-damage|p1a: Gogoat|330/360 brn|[from] brn\n|upkeep\n|turn|16\n|\n|t:|1781405485\n|switch|p1a: Regice|Regice, L88|173/284 brn\n|move|p2a: Arceus|Earth Power|p1a: Regice\n|-damage|p1a: Regice|145/284 brn\n|\n|-damage|p1a: Regice|128/284 brn|[from] brn\n|upkeep\n|turn|17\n|\n|t:|1781405494\n|switch|p2a: Gurdurr|Gurdurr, L85, F|237/283 par\n|move|p1a: Regice|Thunder Wave|p2a: Gurdurr\n|-fail|p2a: Gurdurr|par\n|\n|-damage|p1a: Regice|111/284 brn|[from] brn\n|upkeep\n|turn|18\n|\n|t:|1781405502\n|switch|p1a: Gogoat|Gogoat, L88, M|330/360 brn\n|cant|p2a: Gurdurr|par\n|\n|-damage|p1a: Gogoat|308/360 brn|[from] brn\n|upkeep\n|turn|19\n|\n|t:|1781405514\n|switch|p1a: Toxapex|Toxapex, L82, M|216/216\n|switch|p2a: Rotom|Rotom-Frost, L87|48/229\n|\n|upkeep\n|turn|20\n|\n|t:|1781405520\n|move|p2a: Rotom|Will-O-Wisp|p1a: Toxapex\n|-status|p1a: Toxapex|brn\n|move|p1a: Toxapex|Liquidation|p2a: Rotom\n|-damage|p2a: Rotom|21/229\n|\n|-damage|p1a: Toxapex|203/216 brn|[from] brn\n|upkeep\n|turn|21\n|\n|t:|1781405530\n|move|p2a: Rotom|Thunderbolt|p1a: Toxapex\n|-supereffective|p1a: Toxapex\n|-damage|p1a: Toxapex|59/216 brn\n|move|p1a: Toxapex|Liquidation|p2a: Rotom\n|-damage|p2a: Rotom|0 fnt\n|faint|p2a: Rotom\n|\n|-heal|p1a: Toxapex|72/216 brn|[from] item: Leftovers\n|-damage|p1a: Toxapex|59/216 brn|[from] brn\n|upkeep\n|\n|t:|1781405549\n|switch|p2a: Arceus|Arceus-Bug, L73|295/295\n|turn|22\n|\n|t:|1781405552\n|switch|p1a: Regice|Regice, L88|111/284 brn\n|move|p2a: Arceus|Judgment|p1a: Regice\n|-damage|p1a: Regice|57/284 brn\n|\n|-damage|p1a: Regice|40/284 brn|[from] brn\n|upkeep\n|turn|23\n|\n|t:|1781405564\n|move|p2a: Arceus|Judgment|p1a: Regice\n|-crit|p1a: Regice\n|-damage|p1a: Regice|0 fnt\n|faint|p1a: Regice\n|\n|upkeep\n|\n|t:|1781405567\n|switch|p1a: Toxapex|Toxapex, L82, M|131/216 brn\n|turn|24\n|\n|t:|1781405573\n|move|p2a: Arceus|Earth Power|p1a: Toxapex\n|-supereffective|p1a: Toxapex\n|-damage|p1a: Toxapex|45/216 brn\n|move|p1a: Toxapex|Toxic|p2a: Arceus\n|-status|p2a: Arceus|tox\n|\n|-heal|p1a: Toxapex|58/216 brn|[from] item: Leftovers\n|-damage|p2a: Arceus|277/295 tox|[from] psn\n|-damage|p1a: Toxapex|45/216 brn|[from] brn\n|upkeep\n|turn|25\n|\n|t:|1781405583\n|switch|p1a: Gogoat|Gogoat, L88, M|308/360 brn\n|move|p2a: Arceus|Judgment|p1a: Gogoat\n|-supereffective|p1a: Gogoat\n|-damage|p1a: Gogoat|74/360 brn\n|\n|-damage|p2a: Arceus|241/295 tox|[from] psn\n|-damage|p1a: Gogoat|52/360 brn|[from] brn\n|upkeep\n|turn|26\n|\n|t:|1781405593\n|move|p2a: Arceus|Judgment|p1a: Gogoat\n|-supereffective|p1a: Gogoat\n|-damage|p1a: Gogoat|0 fnt\n|faint|p1a: Gogoat\n|\n|-damage|p2a: Arceus|187/295 tox|[from] psn\n|upkeep\n|\n|t:|1781405596\n|switch|p1a: Persian|Persian, L92, M|269/269\n|turn|27\n|\n|t:|1781405606\n|switch|p2a: Toxapex|Toxapex, L82, M|191/216\n|move|p1a: Persian|Fake Out|p2a: Toxapex\n|-damage|p2a: Toxapex|146/216\n|\n|-heal|p2a: Toxapex|159/216|[from] item: Leftovers\n|upkeep\n|turn|28\n|\n|t:|1781405614\n|switch|p1a: Toxapex|Toxapex, L82, M|117/216 brn\n|move|p2a: Toxapex|Liquidation|p1a: Toxapex\n|-resisted|p1a: Toxapex\n|-damage|p1a: Toxapex|96/216 brn\n|-unboost|p1a: Toxapex|def|1\n|\n|-heal|p1a: Toxapex|109/216 brn|[from] item: Leftovers\n|-heal|p2a: Toxapex|172/216|[from] item: Leftovers\n|-damage|p1a: Toxapex|96/216 brn|[from] brn\n|upkeep\n|turn|29\n|\n|t:|1781405626\n|switch|p2a: Gurdurr|Gurdurr, L85, F|237/283 par\n|move|p1a: Toxapex|Recover|p1a: Toxapex\n|-heal|p1a: Toxapex|204/216 brn\n|\n|-heal|p1a: Toxapex|216/216 brn|[from] item: Leftovers\n|-damage|p1a: Toxapex|203/216 brn|[from] brn\n|upkeep\n|turn|30\n|\n|t:|1781405635\n|move|p1a: Toxapex|Haze|p1a: Toxapex\n|-clearallboost\n|move|p2a: Gurdurr|Knock Off|p1a: Toxapex\n|-damage|p1a: Toxapex|128/216 brn\n|-enditem|p1a: Toxapex|Leftovers|[from] move: Knock Off|[of] p2a: Gurdurr\n|\n|-damage|p1a: Toxapex|115/216 brn|[from] brn\n|upkeep\n|turn|31\n|\n|t:|1781405659\n|move|p1a: Toxapex|Liquidation|p2a: Gurdurr\n|-damage|p2a: Gurdurr|214/283 par\n|move|p2a: Gurdurr|Knock Off|p1a: Toxapex\n|-damage|p1a: Toxapex|67/216 brn\n|\n|-damage|p1a: Toxapex|54/216 brn|[from] brn\n|upkeep\n|turn|32\n|\n|t:|1781405668\n|switch|p2a: Toxapex|Toxapex, L82, M|216/216\n|move|p1a: Toxapex|Recover|p1a: Toxapex\n|-heal|p1a: Toxapex|162/216 brn\n|\n|-damage|p1a: Toxapex|149/216 brn|[from] brn\n|upkeep\n|turn|33\n|\n|t:|1781405679\n|switch|p1a: Persian|Persian, L92, M|269/269\n|move|p2a: Toxapex|Toxic Spikes|p1a: Persian\n|-sidestart|p1: catavieve|move: Toxic Spikes\n|\n|upkeep\n|turn|34\n|\n|t:|1781405694\n|switch|p2a: Arceus|Arceus-Bug, L73|187/295 tox\n|-terastallize|p1a: Persian|Normal\n|move|p1a: Persian|Fake Out|p2a: Arceus\n|-damage|p2a: Arceus|97/295 tox\n|\n|-damage|p2a: Arceus|79/295 tox|[from] psn\n|upkeep\n|turn|35\n|\n|t:|1781405704\n|move|p1a: Persian|Double-Edge|p2a: Arceus\n|-damage|p2a: Arceus|0 fnt\n|faint|p2a: Arceus\n|-damage|p1a: Persian|243/269|[from] Recoil\n|\n|upkeep\n|\n|t:|1781405710\n|switch|p2a: Gurdurr|Gurdurr, L85, F|214/283 par\n|turn|36\n|\n|t:|1781405714\n|switch|p1a: Toxapex|Toxapex, L82, M|216/216 brn\n|-sideend|p1: catavieve|move: Toxic Spikes|[of] p1a: Toxapex\n|switch|p2a: Toxapex|Toxapex, L82, M|216/216\n|\n|-damage|p1a: Toxapex|203/216 brn|[from] brn\n|upkeep\n|turn|37\n|\n|t:|1781405722\n|switch|p2a: Gurdurr|Gurdurr, L85, F|214/283 par\n|move|p1a: Toxapex|Liquidation|p2a: Gurdurr\n|-damage|p2a: Gurdurr|192/283 par\n|-unboost|p2a: Gurdurr|def|1\n|\n|-damage|p1a: Toxapex|190/216 brn|[from] brn\n|upkeep\n|turn|38\n|\n|t:|1781405732\n|switch|p2a: Toxapex|Toxapex, L82, M|216/216\n|move|p1a: Toxapex|Liquidation|p2a: Toxapex\n|-resisted|p2a: Toxapex\n|-damage|p2a: Toxapex|207/216\n|-unboost|p2a: Toxapex|def|1\n|\n|-heal|p2a: Toxapex|216/216|[from] item: Leftovers\n|-damage|p1a: Toxapex|177/216 brn|[from] brn\n|upkeep\n|turn|39\n|\n|t:|1781405743\n|switch|p1a: Persian|Persian, L92, M, tera:Normal|243/269\n|move|p2a: Toxapex|Toxic Spikes|p1a: Persian\n|-sidestart|p1: catavieve|move: Toxic Spikes\n|\n|upkeep\n|turn|40\n|\n|t:|1781405752\n|switch|p2a: Gurdurr|Gurdurr, L85, F|192/283 par\n|move|p1a: Persian|Knock Off|p2a: Gurdurr\n|-resisted|p2a: Gurdurr\n|-damage|p2a: Gurdurr|171/283 par\n|-enditem|p2a: Gurdurr|Eviolite|[from] move: Knock Off|[of] p1a: Persian\n|\n|upkeep\n|turn|41\n|\n|t:|1781405760\n|switch|p1a: Toxapex|Toxapex, L82, M|216/216 brn\n|-sideend|p1: catavieve|move: Toxic Spikes|[of] p1a: Toxapex\n|move|p2a: Gurdurr|Knock Off|p1a: Toxapex\n|-damage|p1a: Toxapex|170/216 brn\n|\n|-damage|p1a: Toxapex|157/216 brn|[from] brn\n|upkeep\n|turn|42\n|\n|t:|1781405768\n|switch|p2a: Deoxys|Deoxys-Speed, L82|216/216\n|-ability|p2a: Deoxys|Pressure\n|move|p1a: Toxapex|Liquidation|p2a: Deoxys\n|-damage|p2a: Deoxys|182/216\n|-unboost|p2a: Deoxys|def|1\n|\n|-damage|p1a: Toxapex|144/216 brn|[from] brn\n|upkeep\n|turn|43\n|\n|t:|1781405784\n|move|p2a: Deoxys|Psycho Boost|p1a: Toxapex\n|-supereffective|p1a: Toxapex\n|-damage|p1a: Toxapex|0 fnt\n|-unboost|p2a: Deoxys|spa|2\n|faint|p1a: Toxapex\n|-damage|p2a: Deoxys|161/216|[from] item: Life Orb\n|\n|upkeep\n|\n|t:|1781405800\n|switch|p1a: Persian|Persian, L92, M, tera:Normal|243/269\n|turn|44\n|\n|t:|1781405806\n|switch|p2a: Gurdurr|Gurdurr, L85, F|171/283 par\n|move|p1a: Persian|Fake Out|p2a: Gurdurr\n|-damage|p2a: Gurdurr|75/283 par\n|\n|upkeep\n|turn|45\n|\n|t:|1781405813\n|move|p2a: Gurdurr|Mach Punch|p1a: Persian\n|-supereffective|p1a: Persian\n|-damage|p1a: Persian|75/269\n|move|p1a: Persian|Double-Edge|p2a: Gurdurr\n|-damage|p2a: Gurdurr|0 fnt\n|faint|p2a: Gurdurr\n|-damage|p1a: Persian|50/269|[from] Recoil\n|\n|upkeep\n|\n|t:|1781405824\n|switch|p2a: Deoxys|Deoxys-Speed, L82|161/216\n|-ability|p2a: Deoxys|Pressure\n|turn|46\n|\n|t:|1781405831\n|move|p2a: Deoxys|Dark Pulse|p1a: Persian\n|-damage|p1a: Persian|0 fnt\n|faint|p1a: Persian\n|-damage|p2a: Deoxys|140/216|[from] item: Life Orb\n|\n|upkeep\n|\n|t:|1781405832\n|switch|p1a: Stonjourner|Stonjourner, L91, M|330/330\n|turn|47\n|\n|t:|1781405843\n|-terastallize|p2a: Deoxys|Dark\n|move|p2a: Deoxys|Dark Pulse|p1a: Stonjourner\n|-damage|p1a: Stonjourner|96/330\n|-damage|p2a: Deoxys|119/216|[from] item: Life Orb\n|move|p1a: Stonjourner|Rock Polish|p1a: Stonjourner\n|-boost|p1a: Stonjourner|spe|2\n|\n|upkeep\n|turn|48\n|\n|t:|1781405857\n|switch|p2a: Toxapex|Toxapex, L82, M|216/216\n|move|p1a: Stonjourner|Earthquake|p2a: Toxapex\n|-supereffective|p2a: Toxapex\n|-damage|p2a: Toxapex|44/216\n|-damage|p1a: Stonjourner|63/330|[from] item: Life Orb\n|\n|-heal|p2a: Toxapex|57/216|[from] item: Leftovers\n|upkeep\n|turn|49\n|\n|t:|1781405867\n|switch|p2a: Deoxys|Deoxys-Speed, L82, tera:Dark|119/216\n|-ability|p2a: Deoxys|Pressure\n|move|p1a: Stonjourner|Earthquake|p2a: Deoxys\n|-damage|p2a: Deoxys|0 fnt\n|faint|p2a: Deoxys\n|-damage|p1a: Stonjourner|30/330|[from] item: Life Orb\n|\n|upkeep\n|\n|t:|1781405877\n|switch|p2a: Toxapex|Toxapex, L82, M|129/216\n|turn|50\n|\n|t:|1781405880\n|switch|p2a: Frosmoth|Frosmoth, L82, M|249/249\n|move|p1a: Stonjourner|Earthquake|p2a: Frosmoth\n|-resisted|p2a: Frosmoth\n|-damage|p2a: Frosmoth|167/249\n|-damage|p1a: Stonjourner|0 fnt|[from] item: Life Orb\n|faint|p1a: Stonjourner\n|\n|win|binkbonkerer\n", "uploadtime": 1781405325, "views": 3, "formatid": "gen9randombattle", "rating": null, "private": 0, "password": null}