{"id": "gen9randombattle-2631733545", "format": "[Gen 9] Random Battle", "players": ["SirMateos", "kyroshero"], "log": "|j|\u2606SirMateos\n|j|\u2606kyroshero\n|t:|1781430625\n|gametype|singles\n|player|p1|SirMateos|1|1285\n|player|p2|kyroshero|drayden|1323\n|gen|9\n|tier|[Gen 9] Random Battle\n|rated|\n|rule|Species Clause: Limit one of each Pok\u00e9mon\n|rule|HP Percentage Mod: HP is shown in percentages\n|rule|Sleep Clause Mod: Limit one foe put to sleep\n|rule|Illusion Level Mod: Illusion disguises the Pok\u00e9mon's true level\n|\n|t:|1781430625\n|teamsize|p1|6\n|teamsize|p2|6\n|start\n|switch|p1a: Iron Crown|Iron Crown, L78|268/268\n|switch|p2a: Sandslash|Sandslash, L89, M|278/278\n|turn|1\n|inactive|Battle timer is ON: inactive players will automatically lose when time's up. (requested by kyroshero)\n|\n|t:|1781430638\n|move|p1a: Iron Crown|Focus Blast|p2a: Sandslash\n|-damage|p2a: Sandslash|95/278\n|move|p2a: Sandslash|Rapid Spin|p1a: Iron Crown\n|-resisted|p1a: Iron Crown\n|-damage|p1a: Iron Crown|246/268\n|-boost|p2a: Sandslash|spe|1\n|\n|-heal|p2a: Sandslash|112/278|[from] item: Leftovers\n|upkeep\n|turn|2\n|\n|t:|1781430648\n|move|p2a: Sandslash|Earthquake|p1a: Iron Crown\n|-supereffective|p1a: Iron Crown\n|-damage|p1a: Iron Crown|12/268\n|move|p1a: Iron Crown|Focus Blast|p2a: Sandslash\n|-damage|p2a: Sandslash|0 fnt\n|faint|p2a: Sandslash\n|\n|upkeep\n|\n|t:|1781430653\n|switch|p2a: Spiritomb|Spiritomb, L89, M|234/234\n|turn|3\n|\n|t:|1781430664\n|-end|p1a: Iron Crown|Quark Drive|[silent]\n|switch|p1a: Bisharp|Bisharp, L79, M|232/232\n|move|p2a: Spiritomb|Shadow Sneak|p1a: Bisharp\n|-resisted|p1a: Bisharp\n|-damage|p1a: Bisharp|211/232\n|\n|upkeep\n|turn|4\n|\n|t:|1781430685\n|switch|p2a: Kommo-o|Kommo-o, L78, M|245/245\n|move|p1a: Bisharp|Swords Dance|p1a: Bisharp\n|-boost|p1a: Bisharp|atk|2\n|\n|upkeep\n|turn|5\n|\n|t:|1781430697\n|move|p2a: Kommo-o|Clangorous Soul|p2a: Kommo-o\n|-boost|p2a: Kommo-o|atk|1\n|-boost|p2a: Kommo-o|def|1\n|-boost|p2a: Kommo-o|spa|1\n|-boost|p2a: Kommo-o|spd|1\n|-boost|p2a: Kommo-o|spe|1\n|-damage|p2a: Kommo-o|165/245\n|-enditem|p2a: Kommo-o|Throat Spray\n|-boost|p2a: Kommo-o|spa|1|[from] item: Throat Spray\n|move|p1a: Bisharp|Iron Head|p2a: Kommo-o\n|-damage|p2a: Kommo-o|60/245\n|\n|upkeep\n|turn|6\n|\n|t:|1781430708\n|move|p1a: Bisharp|Sucker Punch|p2a: Kommo-o\n|-resisted|p2a: Kommo-o\n|-damage|p2a: Kommo-o|20/245\n|move|p2a: Kommo-o|Drain Punch|p1a: Bisharp\n|-supereffective|p1a: Bisharp\n|-damage|p1a: Bisharp|0 fnt\n|-heal|p2a: Kommo-o|126/245|[from] drain|[of] p1a: Bisharp\n|faint|p1a: Bisharp\n|\n|upkeep\n|inactive|SirMateos has 120 seconds left.\n|\n|t:|1781430734\n|switch|p1a: Lumineon|Lumineon, L93, M|279/279\n|turn|7\n|\n|t:|1781430752\n|-terastallize|p2a: Kommo-o|Steel\n|move|p2a: Kommo-o|Drain Punch|p1a: Lumineon\n|-damage|p1a: Lumineon|158/279\n|-heal|p2a: Kommo-o|187/245|[from] drain|[of] p1a: Lumineon\n|move|p1a: Lumineon|Hydro Pump|p2a: Kommo-o\n|-damage|p2a: Kommo-o|121/245\n|\n|upkeep\n|turn|8\n|\n|t:|1781430765\n|move|p2a: Kommo-o|Drain Punch|p1a: Lumineon\n|-damage|p1a: Lumineon|46/279\n|-heal|p2a: Kommo-o|177/245|[from] drain|[of] p1a: Lumineon\n|move|p1a: Lumineon|Encore|p2a: Kommo-o\n|-start|p2a: Kommo-o|Encore\n|\n|upkeep\n|turn|9\n|\n|t:|1781430779\n|switch|p1a: Lunala|Lunala, L70|308/308\n|move|p2a: Kommo-o|Drain Punch|p1a: Lunala\n|-immune|p1a: Lunala\n|\n|upkeep\n|turn|10\n|\n|t:|1781430795\n|move|p2a: Kommo-o|Drain Punch|p1a: Lunala\n|-immune|p1a: Lunala\n|move|p1a: Lunala|Moongeist Beam|p2a: Kommo-o\n|-damage|p2a: Kommo-o|111/245\n|\n|upkeep\n|turn|11\n|\n|t:|1781430808\n|move|p2a: Kommo-o|Drain Punch|p1a: Lunala\n|-immune|p1a: Lunala\n|move|p1a: Lunala|Moongeist Beam|p2a: Kommo-o\n|-damage|p2a: Kommo-o|48/245\n|\n|-end|p2a: Kommo-o|Encore\n|upkeep\n|turn|12\n|\n|t:|1781430820\n|move|p2a: Kommo-o|Clanging Scales|p1a: Lunala\n|-damage|p1a: Lunala|209/308\n|-unboost|p2a: Kommo-o|def|1\n|move|p1a: Lunala|Moongeist Beam|p2a: Kommo-o\n|-damage|p2a: Kommo-o|0 fnt\n|faint|p2a: Kommo-o\n|\n|-heal|p1a: Lunala|228/308|[from] item: Leftovers\n|upkeep\n|\n|t:|1781430832\n|switch|p2a: Spiritomb|Spiritomb, L89, M|234/234\n|turn|13\n|\n|t:|1781430847\n|switch|p1a: Koraidon|Koraidon, L64|235/235\n|move|p2a: Spiritomb|Foul Play|p1a: Koraidon\n|-resisted|p1a: Koraidon\n|-damage|p1a: Koraidon|147/235\n|replace|p1a: Zoroark|Zoroark, L83, F\n|-end|p1a: Zoroark|Illusion\n|-hint|Illusion Level Mod is active, so this Pok\u00e9mon's true level was hidden.\n|\n|upkeep\n|turn|14\n|\n|t:|1781430870\n|switch|p2a: Venusaur|Venusaur, L84, M|272/272\n|move|p1a: Zoroark|Trick|p2a: Venusaur\n|-activate|p1a: Zoroark|move: Trick|[of] p2a: Venusaur\n|-item|p2a: Venusaur|Choice Specs|[from] move: Trick\n|-item|p1a: Zoroark|Leftovers|[from] move: Trick\n|\n|-heal|p1a: Zoroark|161/235|[from] item: Leftovers\n|upkeep\n|turn|15\n|\n|t:|1781430889\n|move|p1a: Zoroark|Flamethrower|p2a: Venusaur\n|-supereffective|p2a: Venusaur\n|-damage|p2a: Venusaur|138/272\n|move|p2a: Venusaur|Sludge Bomb|p1a: Zoroark\n|-damage|p1a: Zoroark|0 fnt\n|faint|p1a: Zoroark\n|\n|upkeep\n|\n|t:|1781430898\n|switch|p1a: Iron Crown|Iron Crown, L78|12/268\n|turn|16\n|\n|t:|1781430905\n|switch|p2a: Spiritomb|Spiritomb, L89, M|234/234\n|move|p1a: Iron Crown|Volt Switch|p2a: Spiritomb\n|-damage|p2a: Spiritomb|170/234\n|\n|t:|1781430916\n|-end|p1a: Iron Crown|Quark Drive|[silent]\n|switch|p1a: Lunala|Lunala, L70|228/308|[from] Volt Switch\n|\n|-heal|p1a: Lunala|247/308|[from] item: Leftovers\n|upkeep\n|turn|17\n|\n|t:|1781430930\n|-terastallize|p1a: Lunala|Fairy\n|move|p1a: Lunala|Calm Mind|p1a: Lunala\n|-boost|p1a: Lunala|spa|1\n|-boost|p1a: Lunala|spd|1\n|move|p2a: Spiritomb|Poltergeist|p1a: Lunala\n|-activate|p1a: Lunala|move: Poltergeist|Leftovers\n|-damage|p1a: Lunala|31/308\n|\n|-heal|p1a: Lunala|50/308|[from] item: Leftovers\n|upkeep\n|turn|18\n|\n|t:|1781430945\n|move|p1a: Lunala|Moonlight|p1a: Lunala\n|-heal|p1a: Lunala|204/308\n|move|p2a: Spiritomb|Poltergeist|p1a: Lunala\n|-activate|p1a: Lunala|move: Poltergeist|Leftovers\n|-damage|p1a: Lunala|0 fnt\n|faint|p1a: Lunala\n|\n|upkeep\n|\n|t:|1781430957\n|switch|p1a: Lumineon|Lumineon, L93, M|46/279\n|turn|19\n|\n|t:|1781430962\n|move|p1a: Lumineon|Hydro Pump|p2a: Spiritomb\n|-damage|p2a: Spiritomb|73/234\n|move|p2a: Spiritomb|Poltergeist|p1a: Lumineon\n|-activate|p1a: Lumineon|move: Poltergeist|Heavy-Duty Boots\n|-damage|p1a: Lumineon|0 fnt\n|faint|p1a: Lumineon\n|\n|upkeep\n|\n|t:|1781430965\n|switch|p1a: Iron Crown|Iron Crown, L78|12/268\n|turn|20\n|\n|t:|1781430983\n|move|p1a: Iron Crown|Tachyon Cutter|p2a: Spiritomb\n|-damage|p2a: Spiritomb|3/234\n|-damage|p2a: Spiritomb|0 fnt\n|faint|p2a: Spiritomb\n|-hitcount|p2: Spiritomb|2\n|\n|upkeep\n|\n|t:|1781430991\n|switch|p2a: Ho-Oh|Ho-Oh, L71|268/268\n|turn|21\n|\n|t:|1781430994\n|move|p1a: Iron Crown|Tachyon Cutter|p2a: Ho-Oh\n|-resisted|p2a: Ho-Oh\n|-damage|p2a: Ho-Oh|235/268\n|-resisted|p2a: Ho-Oh\n|-damage|p2a: Ho-Oh|204/268\n|-hitcount|p2a: Ho-Oh|2\n|move|p2a: Ho-Oh|Earthquake|p1a: Iron Crown\n|-supereffective|p1a: Iron Crown\n|-damage|p1a: Iron Crown|0 fnt\n|faint|p1a: Iron Crown\n|-end|p1a: Iron Crown|Quark Drive|[silent]\n|\n|upkeep\n|\n|t:|1781431002\n|switch|p1a: Koraidon|Koraidon, L64|235/235\n|-weather|SunnyDay|[from] ability: Orichalcum Pulse|[of] p1a: Koraidon\n|-activate|p1a: Koraidon|Orichalcum Pulse|[source]\n|turn|22\n|\n|t:|1781431016\n|move|p1a: Koraidon|Flare Blitz|p2a: Ho-Oh\n|-resisted|p2a: Ho-Oh\n|-damage|p2a: Ho-Oh|93/268\n|-damage|p1a: Koraidon|198/235|[from] Recoil\n|move|p2a: Ho-Oh|Brave Bird|p1a: Koraidon\n|-supereffective|p1a: Koraidon\n|-damage|p1a: Koraidon|0 fnt\n|faint|p1a: Koraidon\n|-damage|p2a: Ho-Oh|28/268|[from] Recoil\n|\n|win|kyroshero\n|raw|SirMateos's rating: 1285 &rarr; <strong>1263</strong><br />(-22 for losing)\n|raw|kyroshero's rating: 1323 &rarr; <strong>1341</strong><br />(+18 for winning)\n|l|\u2606SirMateos\n|player|p1|\n", "uploadtime": 1781431023, "views": 3, "formatid": "gen9randombattle", "rating": 1263, "private": 0, "password": null}