{"id": "gen9randombattle-2631989581", "format": "[Gen 9] Random Battle", "players": ["arno123", "Jefejenaro"], "log": "|j|\u2606arno123\n|j|\u2606Jefejenaro\n|t:|1781463337\n|gametype|singles\n|player|p1|arno123|169|2039\n|player|p2|Jefejenaro|wallace|2064\n|gen|9\n|tier|[Gen 9] Random Battle\n|rated|\n|rule|Species Clause: Limit one of each Pok\u00e9mon\n|rule|HP Percentage Mod: HP is shown in percentages\n|rule|Sleep Clause Mod: Limit one foe put to sleep\n|rule|Illusion Level Mod: Illusion disguises the Pok\u00e9mon's true level\n|\n|t:|1781463337\n|teamsize|p1|6\n|teamsize|p2|6\n|start\n|switch|p1a: Goodra|Goodra, L85, M|292/292\n|switch|p2a: Kingdra|Kingdra, L84, F|263/263\n|turn|1\n|inactive|Battle timer is ON: inactive players will automatically lose when time's up. (requested by arno123)\n|\n|t:|1781463346\n|move|p2a: Kingdra|Outrage|p1a: Goodra\n|-supereffective|p1a: Goodra\n|-damage|p1a: Goodra|0 fnt\n|faint|p1a: Goodra\n|\n|upkeep\n|\n|t:|1781463352\n|switch|p1a: Latios|Latios, L78, M|253/253\n|turn|2\n|\n|t:|1781463361\n|move|p1a: Latios|Draco Meteor|p2a: Kingdra\n|-supereffective|p2a: Kingdra\n|-damage|p2a: Kingdra|0 fnt\n|-unboost|p1a: Latios|spa|2\n|faint|p2a: Kingdra\n|\n|upkeep\n|\n|t:|1781463367\n|switch|p2a: Dugtrio|Dugtrio-Alola, L84, M|196/196\n|turn|3\n|\n|t:|1781463376\n|switch|p1a: Lunala|Lunala, L70|308/308\n|move|p2a: Dugtrio|Stealth Rock|p1a: Lunala\n|-sidestart|p1: arno123|move: Stealth Rock\n|\n|upkeep\n|turn|4\n|inactive|Jefejenaro has 120 seconds left.\n|inactive|Jefejenaro has 90 seconds left.\n|\n|t:|1781463448\n|move|p2a: Dugtrio|Iron Head|p1a: Lunala\n|-damage|p1a: Lunala|236/308\n|-damage|p2a: Dugtrio|177/196|[from] item: Life Orb\n|move|p1a: Lunala|Calm Mind|p1a: Lunala\n|-boost|p1a: Lunala|spa|1\n|-boost|p1a: Lunala|spd|1\n|\n|-heal|p1a: Lunala|255/308|[from] item: Leftovers\n|upkeep\n|turn|5\n|\n|t:|1781463457\n|switch|p2a: Magmortar|Magmortar, L88, F|275/275\n|move|p1a: Lunala|Moonlight|p1a: Lunala\n|-heal|p1a: Lunala|308/308\n|\n|upkeep\n|turn|6\n|inactive|Jefejenaro has 90 seconds left.\n|\n|t:|1781463476\n|move|p2a: Magmortar|Fire Blast|p1a: Lunala\n|-damage|p1a: Lunala|251/308\n|move|p1a: Lunala|Psyshock|p2a: Magmortar\n|-crit|p2a: Magmortar\n|-damage|p2a: Magmortar|79/275\n|\n|-heal|p1a: Lunala|270/308|[from] item: Leftovers\n|upkeep\n|turn|7\n|\n|t:|1781463480\n|move|p2a: Magmortar|Knock Off|p1a: Lunala\n|-supereffective|p1a: Lunala\n|-damage|p1a: Lunala|0 fnt\n|-enditem|p1a: Lunala|Leftovers|[from] move: Knock Off|[of] p2a: Magmortar\n|faint|p1a: Lunala\n|\n|upkeep\n|\n|t:|1781463484\n|switch|p1a: Sandy Shocks|Sandy Shocks, L80|267/267\n|turn|8\n|\n|t:|1781463500\n|move|p1a: Sandy Shocks|Spikes|p2a: Magmortar\n|-sidestart|p2: Jefejenaro|Spikes\n|move|p2a: Magmortar|Knock Off|p1a: Sandy Shocks\n|-damage|p1a: Sandy Shocks|200/267\n|-enditem|p1a: Sandy Shocks|Heavy-Duty Boots|[from] move: Knock Off|[of] p2a: Magmortar\n|\n|upkeep\n|turn|9\n|\n|t:|1781463506\n|move|p1a: Sandy Shocks|Earth Power|p2a: Magmortar\n|-supereffective|p2a: Magmortar\n|-damage|p2a: Magmortar|0 fnt\n|faint|p2a: Magmortar\n|\n|upkeep\n|\n|t:|1781463513\n|switch|p2a: Dugtrio|Dugtrio-Alola, L84, M|177/196\n|-damage|p2a: Dugtrio|153/196|[from] Spikes\n|turn|10\n|\n|t:|1781463524\n|move|p2a: Dugtrio|Iron Head|p1a: Sandy Shocks\n|-resisted|p1a: Sandy Shocks\n|-damage|p1a: Sandy Shocks|148/267\n|-damage|p2a: Dugtrio|134/196|[from] item: Life Orb\n|move|p1a: Sandy Shocks|Earth Power|p2a: Dugtrio\n|-supereffective|p2a: Dugtrio\n|-damage|p2a: Dugtrio|0 fnt\n|faint|p2a: Dugtrio\n|\n|upkeep\n|\n|t:|1781463534\n|switch|p2a: Smeargle|Smeargle, L95, M|258/258\n|-damage|p2a: Smeargle|226/258|[from] Spikes\n|turn|11\n|\n|t:|1781463554\n|move|p1a: Sandy Shocks|Volt Switch|p2a: Smeargle\n|-damage|p2a: Smeargle|103/258\n|\n|t:|1781463571\n|-end|p1a: Sandy Shocks|Protosynthesis|[silent]\n|switch|p1a: Latios|Latios, L78, M|253/253|[from] Volt Switch\n|-damage|p1a: Latios|222/253|[from] Stealth Rock\n|move|p2a: Smeargle|Spore|p1a: Latios\n|-status|p1a: Latios|slp|[from] move: Spore\n|\n|upkeep\n|turn|12\n|inactive|arno123 has 120 seconds left.\n|\n|t:|1781463592\n|cant|p1a: Latios|slp\n|move|p2a: Smeargle|Sticky Web|p1a: Latios\n|-sidestart|p1: arno123|move: Sticky Web\n|\n|upkeep\n|turn|13\n|inactive|arno123 has 120 seconds left.\n|\n|t:|1781463598\n|cant|p1a: Latios|slp\n|move|p2a: Smeargle|Whirlwind|p1a: Latios\n|drag|p1a: Bellibolt|Bellibolt, L84, F|320/320\n|-damage|p1a: Bellibolt|280/320|[from] Stealth Rock\n|-activate|p1a: Bellibolt|move: Sticky Web\n|-unboost|p1a: Bellibolt|spe|1\n|\n|-heal|p1a: Bellibolt|300/320|[from] item: Leftovers\n|upkeep\n|turn|14\n|\n|t:|1781463604\n|move|p2a: Smeargle|Ceaseless Edge|p1a: Bellibolt\n|-damage|p1a: Bellibolt|278/320\n|-start|p1a: Bellibolt|Charge|Ceaseless Edge|[from] ability: Electromorphosis\n|-sidestart|p1: arno123|Spikes\n|move|p1a: Bellibolt|Thunderbolt|p2a: Smeargle\n|-crit|p2a: Smeargle\n|-damage|p2a: Smeargle|0 fnt\n|faint|p2a: Smeargle\n|-end|p1a: Bellibolt|Charge|[silent]\n|\n|-heal|p1a: Bellibolt|298/320|[from] item: Leftovers\n|upkeep\n|\n|t:|1781463619\n|switch|p2a: Registeel|Registeel, L81|262/262\n|-damage|p2a: Registeel|230/262|[from] Spikes\n|turn|15\n|\n|t:|1781463624\n|move|p2a: Registeel|Iron Defense|p2a: Registeel\n|-boost|p2a: Registeel|def|2\n|move|p1a: Bellibolt|Thunderbolt|p2a: Registeel\n|-damage|p2a: Registeel|163/262\n|\n|-heal|p2a: Registeel|179/262|[from] item: Leftovers\n|-heal|p1a: Bellibolt|318/320|[from] item: Leftovers\n|upkeep\n|turn|16\n|inactive|Jefejenaro has 120 seconds left.\n|\n|t:|1781463654\n|move|p2a: Registeel|Iron Defense|p2a: Registeel\n|-boost|p2a: Registeel|def|2\n|move|p1a: Bellibolt|Thunderbolt|p2a: Registeel\n|-damage|p2a: Registeel|113/262\n|\n|-heal|p2a: Registeel|129/262|[from] item: Leftovers\n|-heal|p1a: Bellibolt|320/320|[from] item: Leftovers\n|upkeep\n|turn|17\n|\n|t:|1781463665\n|-terastallize|p2a: Registeel|Fighting\n|move|p2a: Registeel|Body Press|p1a: Bellibolt\n|-damage|p1a: Bellibolt|0 fnt\n|faint|p1a: Bellibolt\n|\n|-heal|p2a: Registeel|145/262|[from] item: Leftovers\n|upkeep\n|\n|t:|1781463684\n|switch|p1a: Latios|Latios, L78, M|222/253 slp\n|-damage|p1a: Latios|191/253 slp|[from] Stealth Rock\n|turn|18\n|\n|t:|1781463701\n|-curestatus|p1a: Latios|slp|[msg]\n|move|p1a: Latios|Luster Purge|p2a: Registeel\n|-supereffective|p2a: Registeel\n|-damage|p2a: Registeel|0 fnt\n|faint|p2a: Registeel\n|\n|upkeep\n|\n|t:|1781463704\n|switch|p2a: Scyther|Scyther, L82, F|249/249\n|turn|19\n|\n|t:|1781463716\n|move|p2a: Scyther|U-turn|p1a: Latios\n|-supereffective|p1a: Latios\n|-damage|p1a: Latios|17/253\n|move|p1a: Latios|Luster Purge|p2a: Scyther\n|-damage|p2a: Scyther|60/249\n|-unboost|p2a: Scyther|spd|1\n|\n|upkeep\n|turn|20\n|\n|t:|1781463722\n|move|p2a: Scyther|U-turn|p1a: Latios\n|-supereffective|p1a: Latios\n|-damage|p1a: Latios|0 fnt\n|faint|p1a: Latios\n|\n|upkeep\n|\n|t:|1781463725\n|switch|p1a: Seviper|Seviper, L93, F|287/287\n|-damage|p1a: Seviper|252/287|[from] Stealth Rock\n|-activate|p1a: Seviper|move: Sticky Web\n|-unboost|p1a: Seviper|spe|1\n|-damage|p1a: Seviper|217/287|[from] Spikes\n|turn|21\n|\n|t:|1781463731\n|move|p2a: Scyther|Dual Wingbeat|p1a: Seviper\n|-damage|p1a: Seviper|141/287\n|-damage|p1a: Seviper|66/287\n|-hitcount|p1a: Seviper|2\n|move|p1a: Seviper|Gunk Shot|p2a: Scyther\n|-damage|p2a: Scyther|0 fnt\n|faint|p2a: Scyther\n|\n|win|arno123\n", "uploadtime": 1781463338, "views": 3, "formatid": "gen9randombattle", "rating": null, "private": 0, "password": null}