{"id": "gen9randombattle-2631787298", "format": "[Gen 9] Random Battle", "players": ["Achyuth_kun", "UTJUTJ"], "log": "|j|\u2606Achyuth_kun\n|j|\u2606UTJUTJ\n|t:|1781439617\n|gametype|singles\n|player|p1|Achyuth_kun|kimonogirl|1905\n|player|p2|UTJUTJ|101|1953\n|gen|9\n|tier|[Gen 9] Random Battle\n|rated|\n|rule|Species Clause: Limit one of each Pok\u00e9mon\n|rule|HP Percentage Mod: HP is shown in percentages\n|rule|Sleep Clause Mod: Limit one foe put to sleep\n|rule|Illusion Level Mod: Illusion disguises the Pok\u00e9mon's true level\n|\n|t:|1781439617\n|teamsize|p1|6\n|teamsize|p2|6\n|start\n|switch|p1a: Grafaiai|Grafaiai, L86, F|249/249\n|switch|p2a: Vaporeon|Vaporeon, L86, M|364/364\n|turn|1\n|\n|t:|1781439630\n|move|p2a: Vaporeon|Protect|p2a: Vaporeon\n|-singleturn|p2a: Vaporeon|Protect\n|move|p1a: Grafaiai|Super Fang|p2a: Vaporeon\n|-activate|p2a: Vaporeon|move: Protect\n|\n|upkeep\n|turn|2\n|\n|t:|1781439637\n|move|p1a: Grafaiai|Knock Off|p2a: Vaporeon\n|-damage|p2a: Vaporeon|280/364\n|-enditem|p2a: Vaporeon|Leftovers|[from] move: Knock Off|[of] p1a: Grafaiai\n|move|p2a: Vaporeon|Scald|p1a: Grafaiai\n|-damage|p1a: Grafaiai|170/249\n|\n|upkeep\n|turn|3\n|\n|t:|1781439645\n|move|p1a: Grafaiai|U-turn|p2a: Vaporeon\n|-damage|p2a: Vaporeon|216/364\n|-status|p2a: Vaporeon|psn|[from] ability: Poison Touch|[of] p1a: Grafaiai\n|\n|t:|1781439653\n|switch|p1a: Trevenant|Trevenant, L89, F|296/296|[from] U-turn\n|move|p2a: Vaporeon|Wish|p2a: Vaporeon\n|\n|-damage|p2a: Vaporeon|171/364 psn|[from] psn\n|upkeep\n|turn|4\n|\n|t:|1781439660\n|switch|p2a: Girafarig|Girafarig, L89, M|269/269\n|move|p1a: Trevenant|Horn Leech|p2a: Girafarig\n|-ability|p2a: Girafarig|Sap Sipper|boost\n|-boost|p2a: Girafarig|atk|1\n|\n|upkeep\n|turn|5\n|\n|t:|1781439671\n|switch|p1a: Volbeat|Volbeat, L90, M|263/263\n|move|p2a: Girafarig|Nasty Plot|p2a: Girafarig\n|-boost|p2a: Girafarig|spa|2\n|\n|upkeep\n|turn|6\n|\n|t:|1781439679\n|switch|p2a: Incineroar|Incineroar, L82, M|290/290\n|-ability|p2a: Incineroar|Intimidate|boost\n|-unboost|p1a: Volbeat|atk|1\n|move|p1a: Volbeat|Thunder Wave|p2a: Incineroar\n|-hint|Since gen 7, Dark is immune to Prankster moves.\n|-immune|p2a: Incineroar\n|\n|upkeep\n|turn|7\n|\n|t:|1781439691\n|switch|p1a: Bastiodon|Bastiodon, L89, M|252/252\n|move|p2a: Incineroar|Overheat|p1a: Bastiodon\n|-damage|p1a: Bastiodon|182/252\n|-unboost|p2a: Incineroar|spa|2\n|\n|upkeep\n|turn|8\n|\n|t:|1781439699\n|move|p2a: Incineroar|Close Combat|p1a: Bastiodon\n|-supereffective|p1a: Bastiodon\n|-damage|p1a: Bastiodon|0 fnt\n|-unboost|p2a: Incineroar|def|1\n|-unboost|p2a: Incineroar|spd|1\n|faint|p1a: Bastiodon\n|\n|upkeep\n|\n|t:|1781439718\n|switch|p1a: Grafaiai|Grafaiai, L86, F|170/249\n|turn|9\n|\n|t:|1781439724\n|switch|p2a: Vaporeon|Vaporeon, L86, M|171/364 psn\n|move|p1a: Grafaiai|Super Fang|p2a: Vaporeon\n|-damage|p2a: Vaporeon|86/364 psn\n|\n|-damage|p2a: Vaporeon|41/364 psn|[from] psn\n|upkeep\n|turn|10\n|\n|t:|1781439736\n|move|p1a: Grafaiai|Gunk Shot|p2a: Vaporeon\n|-damage|p2a: Vaporeon|0 fnt\n|faint|p2a: Vaporeon\n|\n|upkeep\n|\n|t:|1781439745\n|switch|p2a: Talonflame|Talonflame, L83, M|265/265\n|turn|11\n|\n|t:|1781439753\n|move|p2a: Talonflame|Flare Blitz|p1a: Grafaiai\n|-crit|p1a: Grafaiai\n|-damage|p1a: Grafaiai|0 fnt\n|faint|p1a: Grafaiai\n|-damage|p2a: Talonflame|209/265|[from] Recoil\n|\n|upkeep\n|\n|t:|1781439761\n|switch|p1a: Delphox|Delphox, L84, M|263/263\n|turn|12\n|\n|t:|1781439773\n|move|p2a: Talonflame|Brave Bird|p1a: Delphox\n|-damage|p1a: Delphox|146/263\n|-damage|p2a: Talonflame|170/265|[from] Recoil\n|move|p1a: Delphox|Nasty Plot|p1a: Delphox\n|-boost|p1a: Delphox|spa|2\n|\n|upkeep\n|turn|13\n|\n|t:|1781439788\n|switch|p2a: Incineroar|Incineroar, L82, M|290/290\n|-ability|p2a: Incineroar|Intimidate|boost\n|-unboost|p1a: Delphox|atk|1\n|move|p1a: Delphox|Psyshock|p2a: Incineroar\n|-immune|p2a: Incineroar\n|\n|upkeep\n|turn|14\n|\n|t:|1781439796\n|move|p1a: Delphox|Fire Blast|p2a: Incineroar\n|-resisted|p2a: Incineroar\n|-damage|p2a: Incineroar|203/290\n|move|p2a: Incineroar|Knock Off|p1a: Delphox\n|-supereffective|p1a: Delphox\n|-damage|p1a: Delphox|0 fnt\n|-enditem|p1a: Delphox|Heavy-Duty Boots|[from] move: Knock Off|[of] p2a: Incineroar\n|faint|p1a: Delphox\n|\n|upkeep\n|\n|t:|1781439807\n|switch|p1a: Trevenant|Trevenant, L89, F|296/296\n|turn|15\n|\n|t:|1781439812\n|move|p1a: Trevenant|Drain Punch|p2a: Incineroar\n|-supereffective|p2a: Incineroar\n|-damage|p2a: Incineroar|7/290\n|move|p2a: Incineroar|Knock Off|p1a: Trevenant\n|-supereffective|p1a: Trevenant\n|-damage|p1a: Trevenant|54/296\n|-enditem|p1a: Trevenant|Choice Band|[from] move: Knock Off|[of] p2a: Incineroar\n|\n|upkeep\n|turn|16\n|\n|t:|1781439820\n|switch|p2a: Girafarig|Girafarig, L89, M|269/269\n|move|p1a: Trevenant|Drain Punch|p2a: Girafarig\n|-damage|p2a: Girafarig|221/269\n|-heal|p1a: Trevenant|78/296|[from] drain|[of] p2a: Girafarig\n|\n|upkeep\n|turn|17\n|\n|t:|1781439828\n|switch|p1a: Volbeat|Volbeat, L90, M|263/263\n|move|p2a: Girafarig|Psychic|p1a: Volbeat\n|-damage|p1a: Volbeat|163/263\n|-unboost|p1a: Volbeat|spd|1\n|\n|upkeep\n|turn|18\n|\n|t:|1781439837\n|move|p1a: Volbeat|Lunge|p2a: Girafarig\n|-supereffective|p2a: Girafarig\n|-damage|p2a: Girafarig|101/269\n|-unboost|p2a: Girafarig|atk|1\n|move|p2a: Girafarig|Psychic|p1a: Volbeat\n|-damage|p1a: Volbeat|6/263\n|\n|upkeep\n|turn|19\n|\n|t:|1781439845\n|move|p1a: Volbeat|Lunge|p2a: Girafarig\n|-supereffective|p2a: Girafarig\n|-damage|p2a: Girafarig|0 fnt\n|faint|p2a: Girafarig\n|\n|upkeep\n|\n|t:|1781439848\n|switch|p2a: Talonflame|Talonflame, L83, M|170/265\n|turn|20\n|\n|t:|1781439854\n|move|p1a: Volbeat|Thunder Wave|p2a: Talonflame\n|-status|p2a: Talonflame|par\n|move|p2a: Talonflame|Flare Blitz|p1a: Volbeat\n|-supereffective|p1a: Volbeat\n|-damage|p1a: Volbeat|0 fnt\n|faint|p1a: Volbeat\n|-damage|p2a: Talonflame|168/265 par|[from] Recoil\n|\n|upkeep\n|\n|t:|1781439862\n|switch|p1a: Trevenant|Trevenant, L89, F|78/296\n|turn|21\n|\n|t:|1781439869\n|switch|p2a: Slaking|Slaking, L84, M|389/389\n|move|p1a: Trevenant|Poltergeist|p2a: Slaking\n|-immune|p2a: Slaking\n|\n|upkeep\n|turn|22\n|\n|t:|1781439877\n|switch|p1a: Tsareena|Tsareena, L87, F|267/267\n|move|p2a: Slaking|Knock Off|p1a: Tsareena\n|-damage|p1a: Tsareena|124/267\n|-enditem|p1a: Tsareena|Assault Vest|[from] move: Knock Off|[of] p2a: Slaking\n|\n|upkeep\n|turn|23\n|\n|t:|1781439885\n|switch|p2a: Incineroar|Incineroar, L82, M|7/290\n|-ability|p2a: Incineroar|Intimidate|boost\n|-unboost|p1a: Tsareena|atk|1\n|move|p1a: Tsareena|Rapid Spin|p2a: Incineroar\n|-damage|p2a: Incineroar|0 fnt\n|-boost|p1a: Tsareena|spe|1\n|faint|p2a: Incineroar\n|\n|upkeep\n|\n|t:|1781439893\n|switch|p2a: Talonflame|Talonflame, L83, M|168/265 par\n|turn|24\n|\n|t:|1781439902\n|move|p1a: Tsareena|Triple Axel|p2a: Talonflame\n|-damage|p2a: Talonflame|154/265 par\n|-status|p1a: Tsareena|brn|[from] ability: Flame Body|[of] p2a: Talonflame\n|-hitcount|p2a: Talonflame|1\n|move|p2a: Talonflame|Flare Blitz|p1a: Tsareena\n|-supereffective|p1a: Tsareena\n|-damage|p1a: Tsareena|0 fnt\n|faint|p1a: Tsareena\n|-damage|p2a: Talonflame|113/265 par|[from] Recoil\n|\n|upkeep\n|\n|t:|1781439912\n|switch|p1a: Trevenant|Trevenant, L89, F|78/296\n|turn|25\n|\n|t:|1781439925\n|move|p1a: Trevenant|Poltergeist|p2a: Talonflame\n|-activate|p2a: Talonflame|move: Poltergeist|Heavy-Duty Boots\n|-damage|p2a: Talonflame|0 fnt\n|faint|p2a: Talonflame\n|\n|upkeep\n|\n|t:|1781439931\n|switch|p2a: Iron Boulder|Iron Boulder, L77|265/265\n|turn|26\n|\n|t:|1781439936\n|-terastallize|p1a: Trevenant|Fighting\n|move|p2a: Iron Boulder|Mighty Cleave|p1a: Trevenant\n|-resisted|p1a: Trevenant\n|-damage|p1a: Trevenant|9/296\n|-damage|p2a: Iron Boulder|239/265|[from] item: Life Orb\n|move|p1a: Trevenant|Drain Punch|p2a: Iron Boulder\n|-damage|p2a: Iron Boulder|130/265\n|-heal|p1a: Trevenant|64/296|[from] drain|[of] p2a: Iron Boulder\n|\n|upkeep\n|turn|27\n|\n|t:|1781439946\n|-terastallize|p2a: Iron Boulder|Fighting\n|move|p2a: Iron Boulder|Close Combat|p1a: Trevenant\n|-damage|p1a: Trevenant|0 fnt\n|-unboost|p2a: Iron Boulder|def|1\n|-unboost|p2a: Iron Boulder|spd|1\n|faint|p1a: Trevenant\n|-damage|p2a: Iron Boulder|104/265|[from] item: Life Orb\n|\n|win|UTJUTJ\n", "uploadtime": 1781439619, "views": 3, "formatid": "gen9randombattle", "rating": null, "private": 0, "password": null}