{"id": "gen9randombattle-2631623478", "format": "[Gen 9] Random Battle", "players": ["bellenguer2", "no rizz kid"], "log": "|j|\u2606bellenguer2\n|j|\u2606no rizz kid\n|t:|1781410496\n|gametype|singles\n|player|p1|bellenguer2|dawn|1567\n|player|p2|no rizz kid|1|1514\n|gen|9\n|tier|[Gen 9] Random Battle\n|rated|\n|rule|Species Clause: Limit one of each Pok\u00e9mon\n|rule|HP Percentage Mod: HP is shown in percentages\n|rule|Sleep Clause Mod: Limit one foe put to sleep\n|rule|Illusion Level Mod: Illusion disguises the Pok\u00e9mon's true level\n|\n|t:|1781410496\n|teamsize|p1|6\n|teamsize|p2|6\n|start\n|switch|p1a: Grumpig|Grumpig, L92, M|297/297\n|switch|p2a: Charizard|Charizard, L85, M|271/271\n|turn|1\n|\n|t:|1781410510\n|move|p2a: Charizard|Flamethrower|p1a: Grumpig\n|-damage|p1a: Grumpig|258/297\n|move|p1a: Grumpig|Psyshock|p2a: Charizard\n|-crit|p2a: Charizard\n|-damage|p2a: Charizard|108/271\n|\n|-heal|p1a: Grumpig|276/297|[from] item: Leftovers\n|upkeep\n|turn|2\n|\n|t:|1781410529\n|switch|p2a: Solgaleo|Solgaleo, L74|325/325\n|move|p1a: Grumpig|Psyshock|p2a: Solgaleo\n|-resisted|p2a: Solgaleo\n|-damage|p2a: Solgaleo|304/325\n|\n|-heal|p1a: Grumpig|294/297|[from] item: Leftovers\n|upkeep\n|turn|3\n|\n|t:|1781410538\n|move|p1a: Grumpig|Nasty Plot|p1a: Grumpig\n|-boost|p1a: Grumpig|spa|2\n|move|p2a: Solgaleo|Flame Charge|p1a: Grumpig\n|-damage|p1a: Grumpig|271/297\n|-boost|p2a: Solgaleo|spe|1\n|\n|-heal|p1a: Grumpig|289/297|[from] item: Leftovers\n|upkeep\n|turn|4\n|\n|t:|1781410564\n|-terastallize|p2a: Solgaleo|Dark\n|move|p2a: Solgaleo|Knock Off|p1a: Grumpig\n|-supereffective|p1a: Grumpig\n|-damage|p1a: Grumpig|37/297\n|-enditem|p1a: Grumpig|Leftovers|[from] move: Knock Off|[of] p2a: Solgaleo\n|move|p1a: Grumpig|Shadow Ball|p2a: Solgaleo\n|-resisted|p2a: Solgaleo\n|-damage|p2a: Solgaleo|237/325\n|\n|upkeep\n|turn|5\n|\n|t:|1781410577\n|move|p2a: Solgaleo|Knock Off|p1a: Grumpig\n|-supereffective|p1a: Grumpig\n|-damage|p1a: Grumpig|0 fnt\n|faint|p1a: Grumpig\n|\n|upkeep\n|\n|t:|1781410591\n|switch|p1a: Perrserker|Perrserker, L89, M|269/269\n|turn|6\n|\n|t:|1781410602\n|move|p2a: Solgaleo|Close Combat|p1a: Perrserker\n|-supereffective|p1a: Perrserker\n|-damage|p1a: Perrserker|123/269\n|-unboost|p2a: Solgaleo|def|1\n|-unboost|p2a: Solgaleo|spd|1\n|move|p1a: Perrserker|Close Combat|p2a: Solgaleo\n|-supereffective|p2a: Solgaleo\n|-damage|p2a: Solgaleo|0 fnt\n|-unboost|p1a: Perrserker|def|1\n|-unboost|p1a: Perrserker|spd|1\n|faint|p2a: Solgaleo\n|-damage|p1a: Perrserker|97/269|[from] item: Life Orb\n|\n|upkeep\n|\n|t:|1781410606\n|switch|p2a: Charizard|Charizard, L85, M|108/271\n|turn|7\n|\n|t:|1781410611\n|move|p2a: Charizard|Flamethrower|p1a: Perrserker\n|-supereffective|p1a: Perrserker\n|-damage|p1a: Perrserker|0 fnt\n|faint|p1a: Perrserker\n|\n|upkeep\n|\n|t:|1781410620\n|switch|p1a: Greedent|Greedent, L86, F|347/347\n|turn|8\n|\n|t:|1781410646\n|move|p2a: Charizard|Focus Blast|p1a: Greedent\n|-supereffective|p1a: Greedent\n|-damage|p1a: Greedent|147/347\n|-enditem|p1a: Greedent|Sitrus Berry|[eat]\n|-heal|p1a: Greedent|233/347|[from] item: Sitrus Berry\n|-heal|p1a: Greedent|347/347|[from] ability: Cheek Pouch\n|move|p1a: Greedent|Body Slam|p2a: Charizard\n|-damage|p2a: Charizard|14/271\n|\n|upkeep\n|turn|9\n|\n|t:|1781410650\n|move|p2a: Charizard|Focus Blast|p1a: Greedent\n|-supereffective|p1a: Greedent\n|-damage|p1a: Greedent|137/347\n|-unboost|p1a: Greedent|spd|1\n|move|p1a: Greedent|Body Slam|p2a: Charizard\n|-damage|p2a: Charizard|0 fnt\n|faint|p2a: Charizard\n|\n|upkeep\n|\n|t:|1781410667\n|switch|p2a: Kyogre|Kyogre, L71|259/259\n|-weather|RainDance|[from] ability: Drizzle|[of] p2a: Kyogre\n|turn|10\n|\n|t:|1781410670\n|move|p2a: Kyogre|Water Spout|p1a: Greedent\n|-damage|p1a: Greedent|0 fnt\n|faint|p1a: Greedent\n|\n|-weather|RainDance|[upkeep]\n|upkeep\n|\n|t:|1781410674\n|switch|p1a: Sandslash|Sandslash-Alola, L88, F|275/275\n|turn|11\n|\n|t:|1781410686\n|-terastallize|p1a: Sandslash|Water\n|move|p2a: Kyogre|Water Spout|p1a: Sandslash\n|-resisted|p1a: Sandslash\n|-damage|p1a: Sandslash|136/275\n|move|p1a: Sandslash|Earthquake|p2a: Kyogre\n|-damage|p2a: Kyogre|112/259\n|\n|-weather|RainDance|[upkeep]\n|upkeep\n|turn|12\n|\n|t:|1781410695\n|switch|p2a: Dragonite|Dragonite, L74, F|257/257\n|move|p1a: Sandslash|Earthquake|p2a: Dragonite\n|-immune|p2a: Dragonite\n|\n|-weather|RainDance|[upkeep]\n|upkeep\n|turn|13\n|\n|t:|1781410702\n|switch|p1a: Great Tusk|Great Tusk, L77|304/304\n|switch|p2a: Avalugg|Avalugg, L88, F|310/310\n|\n|-weather|RainDance|[upkeep]\n|upkeep\n|turn|14\n|\n|t:|1781410710\n|move|p1a: Great Tusk|Close Combat|p2a: Avalugg\n|-supereffective|p2a: Avalugg\n|-damage|p2a: Avalugg|178/310\n|-unboost|p1a: Great Tusk|def|1\n|-unboost|p1a: Great Tusk|spd|1\n|move|p2a: Avalugg|Avalanche|p1a: Great Tusk\n|-supereffective|p1a: Great Tusk\n|-damage|p1a: Great Tusk|0 fnt\n|faint|p1a: Great Tusk\n|-end|p1a: Great Tusk|Protosynthesis|[silent]\n|\n|-weather|none\n|upkeep\n|\n|t:|1781410714\n|switch|p1a: Charizard|Charizard, L85, M|271/271\n|turn|15\n|inactive|Battle timer is ON: inactive players will automatically lose when time's up. (requested by bellenguer2)\n|-message|bellenguer2 forfeited.\n|\n|win|no rizz kid\n|raw|bellenguer2's rating: 1567 &rarr; <strong>1544</strong><br />(-23 for losing)\n|raw|no rizz kid's rating: 1514 &rarr; <strong>1537</strong><br />(+23 for winning)\n|l|\u2606no rizz kid\n|player|p2|\n", "uploadtime": 1781410729, "views": 2, "formatid": "gen9randombattle", "rating": 1537, "private": 0, "password": null}