{"id": "gen9randombattle-2631796754", "format": "[Gen 9] Random Battle", "players": ["Timatwork", "Pedromestrers"], "log": "|j|\u2606Timatwork\n|j|\u2606Pedromestrers\n|t:|1781441027\n|gametype|singles\n|player|p1|Timatwork|266|1433\n|player|p2|Pedromestrers|palmer|1481\n|gen|9\n|tier|[Gen 9] Random Battle\n|rated|\n|rule|Species Clause: Limit one of each Pok\u00e9mon\n|rule|HP Percentage Mod: HP is shown in percentages\n|rule|Sleep Clause Mod: Limit one foe put to sleep\n|rule|Illusion Level Mod: Illusion disguises the Pok\u00e9mon's true level\n|\n|t:|1781441027\n|teamsize|p1|6\n|teamsize|p2|6\n|start\n|switch|p1a: Zarude|Zarude-Dada, L77|288/288\n|switch|p2a: Vespiquen|Vespiquen, L99, F|299/299\n|-ability|p2a: Vespiquen|Pressure\n|turn|1\n|\n|t:|1781441043\n|switch|p1a: Zamazenta|Zamazenta, L71|248/248\n|-ability|p1a: Zamazenta|Dauntless Shield|boost\n|-boost|p1a: Zamazenta|def|1\n|move|p2a: Vespiquen|Air Slash|p1a: Zamazenta\n|-supereffective|p1a: Zamazenta\n|-damage|p1a: Zamazenta|50/248\n|\n|-heal|p1a: Zamazenta|65/248|[from] item: Leftovers\n|upkeep\n|turn|2\n|inactive|Battle timer is ON: inactive players will automatically lose when time's up. (requested by Timatwork)\n|\n|t:|1781441050\n|move|p1a: Zamazenta|Stone Edge|p2a: Vespiquen\n|-supereffective|p2a: Vespiquen\n|-damage|p2a: Vespiquen|111/299\n|move|p2a: Vespiquen|Air Slash|p1a: Zamazenta\n|-supereffective|p1a: Zamazenta\n|-damage|p1a: Zamazenta|0 fnt\n|faint|p1a: Zamazenta\n|\n|upkeep\n|\n|t:|1781441056\n|switch|p1a: Cinderace|Cinderace, L77, M|249/249\n|turn|3\n|c|\u2606Pedromestrers|How did I live that?\n|\n|t:|1781441075\n|switch|p2a: Rotom|Rotom, L88|231/231\n|move|p1a: Cinderace|Pyro Ball|p2a: Rotom\n|-damage|p2a: Rotom|93/231\n|\n|upkeep\n|turn|4\n|\n|t:|1781441087\n|move|p1a: Cinderace|Pyro Ball|p2a: Rotom\n|-damage|p2a: Rotom|0 fnt\n|faint|p2a: Rotom\n|\n|upkeep\n|\n|t:|1781441091\n|switch|p2a: Medicham|Medicham, L86, F|243/243\n|turn|5\n|\n|t:|1781441106\n|move|p1a: Cinderace|High Jump Kick|p2a: Medicham|[miss]\n|-start|p1a: Cinderace|typechange|Fighting|[from] ability: Libero\n|-miss|p1a: Cinderace|p2a: Medicham\n|-damage|p1a: Cinderace|125/249|[from] highjumpkick\n|move|p2a: Medicham|Close Combat|p1a: Cinderace\n|-damage|p1a: Cinderace|0 fnt\n|-unboost|p2a: Medicham|def|1\n|-unboost|p2a: Medicham|spd|1\n|faint|p1a: Cinderace\n|\n|upkeep\n|\n|t:|1781441115\n|switch|p1a: Wigglytuff|Wigglytuff, L96, M|424/424\n|turn|6\n|inactive|Pedromestrers has 120 seconds left.\n|\n|t:|1781441152\n|move|p2a: Medicham|Close Combat|p1a: Wigglytuff\n|-damage|p1a: Wigglytuff|58/424\n|-unboost|p2a: Medicham|def|1\n|-unboost|p2a: Medicham|spd|1\n|move|p1a: Wigglytuff|Thunder Wave|p2a: Medicham\n|-status|p2a: Medicham|par\n|\n|-heal|p1a: Wigglytuff|84/424|[from] item: Leftovers\n|upkeep\n|turn|7\n|inactive|Pedromestrers has 120 seconds left.\n|\n|t:|1781441158\n|move|p1a: Wigglytuff|Dazzling Gleam|p2a: Medicham\n|-supereffective|p2a: Medicham\n|-damage|p2a: Medicham|0 fnt\n|faint|p2a: Medicham\n|\n|-heal|p1a: Wigglytuff|110/424|[from] item: Leftovers\n|upkeep\n|inactive|Pedromestrers has 120 seconds left.\n|\n|t:|1781441164\n|switch|p2a: Vespiquen|Vespiquen, L99, F|111/299\n|-ability|p2a: Vespiquen|Pressure\n|turn|8\n|\n|t:|1781441172\n|move|p1a: Wigglytuff|Fire Blast|p2a: Vespiquen|[miss]\n|-miss|p1a: Wigglytuff|p2a: Vespiquen\n|move|p2a: Vespiquen|Roost|p2a: Vespiquen\n|-heal|p2a: Vespiquen|261/299\n|-singleturn|p2a: Vespiquen|move: Roost\n|\n|-heal|p1a: Wigglytuff|136/424|[from] item: Leftovers\n|upkeep\n|turn|9\n|\n|t:|1781441178\n|move|p1a: Wigglytuff|Thunder Wave|p2a: Vespiquen|[miss]\n|-miss|p1a: Wigglytuff|p2a: Vespiquen\n|move|p2a: Vespiquen|Air Slash|p1a: Wigglytuff\n|-damage|p1a: Wigglytuff|7/424\n|\n|-heal|p1a: Wigglytuff|33/424|[from] item: Leftovers\n|upkeep\n|turn|10\n|\n|t:|1781441182\n|move|p1a: Wigglytuff|Thunder Wave|p2a: Vespiquen|[miss]\n|-miss|p1a: Wigglytuff|p2a: Vespiquen\n|move|p2a: Vespiquen|Air Slash|p1a: Wigglytuff\n|-damage|p1a: Wigglytuff|0 fnt\n|faint|p1a: Wigglytuff\n|\n|upkeep\n|c|\u2606Pedromestrers|Omg thats insane\n|\n|t:|1781441194\n|switch|p1a: Dragalge|Dragalge, L88, M|258/258\n|turn|11\n|\n|t:|1781441198\n|move|p2a: Vespiquen|Spikes|p1a: Dragalge\n|-sidestart|p1: Timatwork|Spikes\n|move|p1a: Dragalge|Toxic|p2a: Vespiquen\n|-status|p2a: Vespiquen|tox\n|\n|-damage|p2a: Vespiquen|243/299 tox|[from] psn\n|upkeep\n|turn|12\n|\n|t:|1781441206\n|switch|p1a: Klefki|Klefki, L84, M|233/233\n|-damage|p1a: Klefki|204/233|[from] Spikes\n|move|p2a: Vespiquen|Spikes|p1a: Klefki\n|-sidestart|p1: Timatwork|Spikes\n|\n|-heal|p1a: Klefki|218/233|[from] item: Leftovers\n|-damage|p2a: Vespiquen|207/299 tox|[from] psn\n|upkeep\n|turn|13\n|\n|t:|1781441212\n|move|p1a: Klefki|Spikes|p2a: Vespiquen\n|-sidestart|p2: Pedromestrers|Spikes\n|move|p2a: Vespiquen|Spikes|p1a: Klefki\n|-sidestart|p1: Timatwork|Spikes\n|\n|-heal|p1a: Klefki|232/233|[from] item: Leftovers\n|-damage|p2a: Vespiquen|153/299 tox|[from] psn\n|upkeep\n|turn|14\n|\n|t:|1781441217\n|switch|p2a: Smeargle|Smeargle, L95, F|258/258\n|-damage|p2a: Smeargle|226/258|[from] Spikes\n|move|p1a: Klefki|Spikes|p2a: Smeargle\n|-sidestart|p2: Pedromestrers|Spikes\n|\n|-heal|p1a: Klefki|233/233|[from] item: Leftovers\n|upkeep\n|turn|15\n|\n|t:|1781441223\n|move|p1a: Klefki|Thunder Wave|p2a: Smeargle\n|-status|p2a: Smeargle|par\n|move|p2a: Smeargle|Spore|p1a: Klefki\n|-status|p1a: Klefki|slp|[from] move: Spore\n|\n|upkeep\n|turn|16\n|\n|t:|1781441230\n|cant|p1a: Klefki|slp\n|cant|p2a: Smeargle|par\n|\n|upkeep\n|turn|17\n|\n|t:|1781441233\n|cant|p1a: Klefki|slp\n|move|p2a: Smeargle|Shell Smash|p2a: Smeargle\n|-unboost|p2a: Smeargle|def|1\n|-unboost|p2a: Smeargle|spd|1\n|-boost|p2a: Smeargle|atk|2\n|-boost|p2a: Smeargle|spa|2\n|-boost|p2a: Smeargle|spe|2\n|\n|upkeep\n|turn|18\n|\n|t:|1781441236\n|move|p2a: Smeargle|Shell Smash|p2a: Smeargle\n|-unboost|p2a: Smeargle|def|1\n|-unboost|p2a: Smeargle|spd|1\n|-boost|p2a: Smeargle|atk|2\n|-boost|p2a: Smeargle|spa|2\n|-boost|p2a: Smeargle|spe|2\n|-curestatus|p1a: Klefki|slp|[msg]\n|move|p1a: Klefki|Play Rough|p2a: Smeargle\n|-damage|p2a: Smeargle|0 fnt\n|faint|p2a: Smeargle\n|\n|upkeep\n|\n|t:|1781441255\n|switch|p2a: Venusaur|Venusaur, L84, F|272/272\n|-damage|p2a: Venusaur|227/272|[from] Spikes\n|turn|19\n|\n|t:|1781441261\n|move|p1a: Klefki|Thunder Wave|p2a: Venusaur\n|-status|p2a: Venusaur|par\n|move|p2a: Venusaur|Earth Power|p1a: Klefki\n|-supereffective|p1a: Klefki\n|-damage|p1a: Klefki|105/233\n|\n|-heal|p1a: Klefki|119/233|[from] item: Leftovers\n|-heal|p2a: Venusaur|244/272 par|[from] item: Leftovers\n|upkeep\n|turn|20\n|\n|t:|1781441274\n|switch|p1a: Zarude|Zarude-Dada, L77|288/288\n|-damage|p1a: Zarude|216/288|[from] Spikes\n|cant|p2a: Venusaur|par\n|\n|-heal|p1a: Zarude|234/288|[from] item: Leftovers\n|-heal|p2a: Venusaur|261/272 par|[from] item: Leftovers\n|upkeep\n|turn|21\n|\n|t:|1781441290\n|move|p1a: Zarude|Swords Dance|p1a: Zarude\n|-boost|p1a: Zarude|atk|2\n|cant|p2a: Venusaur|par\n|\n|-heal|p1a: Zarude|252/288|[from] item: Leftovers\n|-heal|p2a: Venusaur|272/272 par|[from] item: Leftovers\n|upkeep\n|turn|22\n|\n|t:|1781441293\n|move|p1a: Zarude|Knock Off|p2a: Venusaur\n|-damage|p2a: Venusaur|50/272 par\n|-enditem|p2a: Venusaur|Leftovers|[from] move: Knock Off|[of] p1a: Zarude\n|move|p2a: Venusaur|Sludge Bomb|p1a: Zarude\n|-supereffective|p1a: Zarude\n|-damage|p1a: Zarude|52/288\n|\n|-heal|p1a: Zarude|70/288|[from] item: Leftovers\n|upkeep\n|turn|23\n|\n|t:|1781441301\n|move|p1a: Zarude|Knock Off|p2a: Venusaur\n|-damage|p2a: Venusaur|0 fnt\n|faint|p2a: Venusaur\n|\n|-heal|p1a: Zarude|88/288|[from] item: Leftovers\n|upkeep\n|\n|t:|1781441312\n|switch|p2a: Vespiquen|Vespiquen, L99, F|153/299 tox\n|-ability|p2a: Vespiquen|Pressure\n|turn|24\n|\n|t:|1781441318\n|move|p1a: Zarude|Knock Off|p2a: Vespiquen\n|-damage|p2a: Vespiquen|3/299 tox\n|-enditem|p2a: Vespiquen|Heavy-Duty Boots|[from] move: Knock Off|[of] p1a: Zarude\n|move|p2a: Vespiquen|Air Slash|p1a: Zarude\n|-supereffective|p1a: Zarude\n|-damage|p1a: Zarude|0 fnt\n|faint|p1a: Zarude\n|\n|-damage|p2a: Vespiquen|0 fnt|[from] psn\n|faint|p2a: Vespiquen\n|upkeep\n|\n|t:|1781441322\n|switch|p1a: Klefki|Klefki, L84, M|119/233\n|switch|p2a: Miraidon|Miraidon, L65|238/238\n|-damage|p2a: Miraidon|199/238|[from] Spikes\n|-fieldstart|move: Electric Terrain|[from] ability: Hadron Engine|[of] p2a: Miraidon\n|-damage|p1a: Klefki|61/233|[from] Spikes\n|turn|25\n|\n|t:|1781441329\n|-terastallize|p2a: Miraidon|Electric\n|move|p2a: Miraidon|Electro Drift|p1a: Klefki\n|-damage|p1a: Klefki|0 fnt\n|faint|p1a: Klefki\n|-damage|p2a: Miraidon|176/238|[from] item: Life Orb\n|\n|upkeep\n|\n|t:|1781441334\n|switch|p1a: Dragalge|Dragalge, L88, M|258/258\n|-damage|p1a: Dragalge|194/258|[from] Spikes\n|turn|26\n|\n|t:|1781441343\n|-terastallize|p1a: Dragalge|Fighting\n|move|p2a: Miraidon|Draco Meteor|p1a: Dragalge\n|-damage|p1a: Dragalge|45/258\n|-unboost|p2a: Miraidon|spa|2\n|-damage|p2a: Miraidon|153/238|[from] item: Life Orb\n|move|p1a: Dragalge|Draco Meteor|p2a: Miraidon|[miss]\n|-miss|p1a: Dragalge|p2a: Miraidon\n|\n|-heal|p1a: Dragalge|61/258|[from] item: Leftovers\n|upkeep\n|turn|27\n|\n|t:|1781441351\n|move|p2a: Miraidon|Electro Drift|p1a: Dragalge\n|-damage|p1a: Dragalge|0 fnt\n|faint|p1a: Dragalge\n|-damage|p2a: Miraidon|130/238|[from] item: Life Orb\n|\n|win|Pedromestrers\n|raw|Timatwork's rating: 1433 &rarr; <strong>1416</strong><br />(-17 for losing)\n|raw|Pedromestrers's rating: 1481 &rarr; <strong>1498</strong><br />(+17 for winning)\n|l|\u2606Timatwork\n|player|p1|\n|c|\u2606Pedromestrers|Man I feel sorry\n", "uploadtime": 1781441369, "views": 3, "formatid": "gen9randombattle", "rating": 1416, "private": 0, "password": null}