{"id": "gen9randombattle-2631461524", "format": "[Gen 9] Random Battle", "players": ["moritzvb", "KnightsOfNi"], "log": "|j|\u2606moritzvb\n|j|\u2606KnightsOfNi\n|t:|1781387566\n|gametype|singles\n|player|p1|moritzvb|ariana|2220\n|player|p2|KnightsOfNi|plasmagrunt-gen5bw|2163\n|gen|9\n|tier|[Gen 9] Random Battle\n|rated|\n|rule|Species Clause: Limit one of each Pok\u00e9mon\n|rule|HP Percentage Mod: HP is shown in percentages\n|rule|Sleep Clause Mod: Limit one foe put to sleep\n|rule|Illusion Level Mod: Illusion disguises the Pok\u00e9mon's true level\n|\n|t:|1781387566\n|teamsize|p1|6\n|teamsize|p2|6\n|start\n|switch|p1a: Arceus|Arceus-Fighting, L70|284/284\n|switch|p2a: Rotom|Rotom-Fan, L86|226/226\n|turn|1\n|inactive|Battle timer is ON: inactive players will automatically lose when time's up. (requested by KnightsOfNi)\n|\n|t:|1781387579\n|switch|p1a: Torkoal|Torkoal, L88, M|266/266\n|-weather|SunnyDay|[from] ability: Drought|[of] p1a: Torkoal\n|move|p2a: Rotom|Thunder Wave|p1a: Torkoal\n|-status|p1a: Torkoal|par\n|\n|-weather|SunnyDay|[upkeep]\n|upkeep\n|turn|2\n|\n|t:|1781387585\n|move|p2a: Rotom|Air Slash|p1a: Torkoal\n|-damage|p1a: Torkoal|170/266 par\n|cant|p1a: Torkoal|flinch\n|\n|-weather|SunnyDay|[upkeep]\n|upkeep\n|turn|3\n|\n|t:|1781387591\n|move|p2a: Rotom|Air Slash|p1a: Torkoal\n|-damage|p1a: Torkoal|65/266 par\n|move|p1a: Torkoal|Lava Plume|p2a: Rotom\n|-damage|p2a: Rotom|123/226\n|-status|p2a: Rotom|brn\n|\n|-weather|SunnyDay|[upkeep]\n|-damage|p2a: Rotom|109/226 brn|[from] brn\n|upkeep\n|turn|4\n|\n|t:|1781387598\n|move|p2a: Rotom|Air Slash|p1a: Torkoal\n|-damage|p1a: Torkoal|0 fnt\n|faint|p1a: Torkoal\n|\n|-weather|SunnyDay|[upkeep]\n|-damage|p2a: Rotom|95/226 brn|[from] brn\n|upkeep\n|\n|t:|1781387606\n|switch|p1a: Kleavor|Kleavor, L78, M|237/237\n|turn|5\n|\n|t:|1781387616\n|move|p1a: Kleavor|Stone Axe|p2a: Rotom\n|-supereffective|p2a: Rotom\n|-damage|p2a: Rotom|0 fnt\n|-sidestart|p2: KnightsOfNi|move: Stealth Rock\n|faint|p2a: Rotom\n|\n|-weather|none\n|upkeep\n|\n|t:|1781387626\n|switch|p2a: Dudunsparce|Dudunsparce, L83, M|343/343\n|-damage|p2a: Dudunsparce|301/343|[from] Stealth Rock\n|turn|6\n|\n|t:|1781387635\n|switch|p1a: Sableye|Sableye, L88, M|231/231\n|move|p2a: Dudunsparce|Calm Mind|p2a: Dudunsparce\n|-boost|p2a: Dudunsparce|spa|1\n|-boost|p2a: Dudunsparce|spd|1\n|\n|-heal|p2a: Dudunsparce|322/343|[from] item: Leftovers\n|upkeep\n|turn|7\n|\n|t:|1781387648\n|switch|p2a: Thundurus|Thundurus-Therian, L80, M|258/258\n|move|p1a: Sableye|Encore||[still]\n|-fail|p1a: Sableye\n|\n|upkeep\n|turn|8\n|\n|t:|1781387654\n|switch|p1a: Dragapult|Dragapult, L77, M|262/262\n|move|p2a: Thundurus|Thunderbolt|p1a: Dragapult\n|-resisted|p1a: Dragapult\n|-damage|p1a: Dragapult|186/262\n|-status|p1a: Dragapult|par\n|\n|upkeep\n|turn|9\n|\n|t:|1781387660\n|switch|p2a: Dudunsparce|Dudunsparce, L83, M|322/343\n|-damage|p2a: Dudunsparce|280/343|[from] Stealth Rock\n|move|p1a: Dragapult|Dragon Darts|p2a: Dudunsparce\n|-damage|p2a: Dudunsparce|201/343\n|-anim|p1a: Dragapult|Dragon Darts|p2a: Dudunsparce\n|-damage|p2a: Dudunsparce|123/343\n|-damage|p1a: Dragapult|160/262 par|[from] item: Life Orb\n|\n|-heal|p2a: Dudunsparce|144/343|[from] item: Leftovers\n|upkeep\n|turn|10\n|\n|t:|1781387668\n|switch|p1a: Kleavor|Kleavor, L78, M|237/237\n|move|p2a: Dudunsparce|Roost|p2a: Dudunsparce\n|-heal|p2a: Dudunsparce|316/343\n|-singleturn|p2a: Dudunsparce|move: Roost\n|\n|-heal|p2a: Dudunsparce|337/343|[from] item: Leftovers\n|upkeep\n|turn|11\n|\n|t:|1781387682\n|move|p1a: Kleavor|Close Combat|p2a: Dudunsparce\n|-supereffective|p2a: Dudunsparce\n|-damage|p2a: Dudunsparce|145/343\n|-unboost|p1a: Kleavor|def|1\n|-unboost|p1a: Kleavor|spd|1\n|move|p2a: Dudunsparce|Calm Mind|p2a: Dudunsparce\n|-boost|p2a: Dudunsparce|spa|1\n|-boost|p2a: Dudunsparce|spd|1\n|\n|-heal|p2a: Dudunsparce|166/343|[from] item: Leftovers\n|upkeep\n|turn|12\n|\n|t:|1781387701\n|switch|p2a: Mimikyu|Mimikyu, L79, F|216/216\n|-damage|p2a: Mimikyu|189/216|[from] Stealth Rock\n|move|p1a: Kleavor|Close Combat|p2a: Mimikyu\n|-immune|p2a: Mimikyu\n|\n|upkeep\n|turn|13\n|\n|t:|1781387719\n|switch|p1a: Gogoat|Gogoat, L88, M|360/360\n|move|p2a: Mimikyu|Swords Dance|p2a: Mimikyu\n|-boost|p2a: Mimikyu|atk|2\n|\n|upkeep\n|turn|14\n|\n|t:|1781387725\n|move|p2a: Mimikyu|Swords Dance|p2a: Mimikyu\n|-boost|p2a: Mimikyu|atk|2\n|move|p1a: Gogoat|Horn Leech|p2a: Mimikyu\n|-activate|p2a: Mimikyu|ability: Disguise\n|-damage|p2a: Mimikyu|189/216\n|detailschange|p2a: Mimikyu|Mimikyu-Busted, L79, F\n|-damage|p2a: Mimikyu|162/216|[from] pokemon: Mimikyu-Busted\n|\n|upkeep\n|turn|15\n|\n|t:|1781387733\n|move|p2a: Mimikyu|Play Rough|p1a: Gogoat\n|-damage|p1a: Gogoat|1/360\n|-damage|p2a: Mimikyu|141/216|[from] item: Life Orb\n|move|p1a: Gogoat|Horn Leech|p2a: Mimikyu\n|-damage|p2a: Mimikyu|35/216\n|-heal|p1a: Gogoat|54/360|[from] drain|[of] p2a: Mimikyu\n|\n|-heal|p1a: Gogoat|76/360|[from] item: Leftovers\n|upkeep\n|turn|16\n|\n|t:|1781387741\n|move|p2a: Mimikyu|Shadow Claw|p1a: Gogoat\n|-damage|p1a: Gogoat|0 fnt\n|faint|p1a: Gogoat\n|-damage|p2a: Mimikyu|14/216|[from] item: Life Orb\n|\n|upkeep\n|\n|t:|1781387748\n|switch|p1a: Kleavor|Kleavor, L78, M|237/237\n|turn|17\n|\n|t:|1781387751\n|move|p2a: Mimikyu|Shadow Sneak|p1a: Kleavor\n|-damage|p1a: Kleavor|89/237\n|-damage|p2a: Mimikyu|0 fnt|[from] item: Life Orb\n|faint|p2a: Mimikyu\n|move|p1a: Kleavor|U-turn|p2: Mimikyu|[notarget]\n|-fail|p1a: Kleavor\n|\n|upkeep\n|\n|t:|1781387763\n|switch|p2a: Thundurus|Thundurus-Therian, L80, M|258/258\n|turn|18\n|\n|t:|1781387768\n|switch|p1a: Dragapult|Dragapult, L77, M|160/262 par\n|move|p2a: Thundurus|Thunderbolt|p1a: Dragapult\n|-resisted|p1a: Dragapult\n|-damage|p1a: Dragapult|88/262 par\n|\n|upkeep\n|turn|19\n|\n|t:|1781387782\n|switch|p2a: Dudunsparce|Dudunsparce, L83, M|166/343\n|-damage|p2a: Dudunsparce|124/343|[from] Stealth Rock\n|move|p1a: Dragapult|Dragon Darts|p2a: Dudunsparce\n|-damage|p2a: Dudunsparce|54/343\n|-anim|p1a: Dragapult|Dragon Darts|p2a: Dudunsparce\n|-damage|p2a: Dudunsparce|0 fnt\n|faint|p2a: Dudunsparce\n|-damage|p1a: Dragapult|62/262 par|[from] item: Life Orb\n|\n|upkeep\n|\n|t:|1781387799\n|switch|p2a: Thundurus|Thundurus-Therian, L80, M|258/258\n|turn|20\n|\n|t:|1781387804\n|move|p2a: Thundurus|Thunderbolt|p1a: Dragapult\n|-resisted|p1a: Dragapult\n|-damage|p1a: Dragapult|0 fnt\n|faint|p1a: Dragapult\n|\n|upkeep\n|\n|t:|1781387806\n|switch|p1a: Kleavor|Kleavor, L78, M|89/237\n|turn|21\n|\n|t:|1781387818\n|move|p1a: Kleavor|U-turn|p2a: Thundurus\n|-resisted|p2a: Thundurus\n|-damage|p2a: Thundurus|210/258\n|\n|t:|1781387821\n|switch|p1a: Sableye|Sableye, L88, M|231/231|[from] U-turn\n|move|p2a: Thundurus|Thunderbolt|p1a: Sableye\n|-damage|p1a: Sableye|86/231\n|\n|-heal|p1a: Sableye|100/231|[from] item: Leftovers\n|upkeep\n|turn|22\n|\n|t:|1781387826\n|move|p1a: Sableye|Recover|p1a: Sableye\n|-heal|p1a: Sableye|216/231\n|move|p2a: Thundurus|Thunderbolt|p1a: Sableye\n|-damage|p1a: Sableye|81/231\n|\n|-heal|p1a: Sableye|95/231|[from] item: Leftovers\n|upkeep\n|turn|23\n|\n|t:|1781387832\n|move|p1a: Sableye|Recover|p1a: Sableye\n|-heal|p1a: Sableye|211/231\n|move|p2a: Thundurus|Thunderbolt|p1a: Sableye\n|-damage|p1a: Sableye|67/231\n|\n|-heal|p1a: Sableye|81/231|[from] item: Leftovers\n|upkeep\n|turn|24\n|\n|t:|1781387837\n|move|p2a: Thundurus|Thunderbolt|p1a: Sableye\n|-damage|p1a: Sableye|0 fnt\n|faint|p1a: Sableye\n|\n|upkeep\n|\n|t:|1781387839\n|switch|p1a: Kleavor|Kleavor, L78, M|89/237\n|turn|25\n|\n|t:|1781387841\n|move|p1a: Kleavor|Stone Axe|p2a: Thundurus\n|-supereffective|p2a: Thundurus\n|-damage|p2a: Thundurus|0 fnt\n|faint|p2a: Thundurus\n|\n|upkeep\n|\n|t:|1781387848\n|switch|p2a: Dewgong|Dewgong, L94, M|322/322\n|-damage|p2a: Dewgong|242/322|[from] Stealth Rock\n|turn|26\n|\n|t:|1781387852\n|-terastallize|p2a: Dewgong|Poison\n|move|p1a: Kleavor|Stone Axe|p2a: Dewgong\n|-damage|p2a: Dewgong|134/322\n|move|p2a: Dewgong|Surf|p1a: Kleavor\n|-supereffective|p1a: Kleavor\n|-damage|p1a: Kleavor|0 fnt\n|faint|p1a: Kleavor\n|\n|upkeep\n|\n|t:|1781387854\n|switch|p1a: Arceus|Arceus-Fighting, L70|284/284\n|turn|27\n|\n|t:|1781387864\n|move|p1a: Arceus|Cosmic Power|p1a: Arceus\n|-boost|p1a: Arceus|def|1\n|-boost|p1a: Arceus|spd|1\n|move|p2a: Dewgong|Flip Turn|p1a: Arceus\n|-damage|p1a: Arceus|247/284\n|\n|t:|1781387866\n|switch|p2a: Deoxys|Deoxys-Attack, L72|191/191|[from] Flip Turn\n|-damage|p2a: Deoxys|168/191|[from] Stealth Rock\n|-ability|p2a: Deoxys|Pressure\n|\n|upkeep\n|turn|28\n|\n|t:|1781387870\n|move|p2a: Deoxys|Psycho Boost|p1a: Arceus\n|-supereffective|p1a: Arceus\n|-damage|p1a: Arceus|0 fnt\n|-unboost|p2a: Deoxys|spa|2\n|faint|p1a: Arceus\n|-damage|p2a: Deoxys|149/191|[from] item: Life Orb\n|\n|win|KnightsOfNi\n", "uploadtime": 1781387567, "views": 5, "formatid": "gen9randombattle", "rating": null, "private": 0, "password": null}