{"id": "gen9randombattle-2631817255", "format": "[Gen 9] Random Battle", "players": ["FANTAZZ", "EDGAR EMERALD"], "log": "|j|\u2606FANTAZZ\n|j|\u2606EDGAR EMERALD\n|t:|1781443902\n|gametype|singles\n|player|p1|FANTAZZ|fisherman-gen4|\n|player|p2|EDGAR EMERALD|cilan|\n|gen|9\n|tier|[Gen 9] Random Battle\n|rule|Species Clause: Limit one of each Pok\u00e9mon\n|rule|HP Percentage Mod: HP is shown in percentages\n|rule|Sleep Clause Mod: Limit one foe put to sleep\n|rule|Illusion Level Mod: Illusion disguises the Pok\u00e9mon's true level\n|\n|t:|1781443902\n|teamsize|p1|6\n|teamsize|p2|6\n|start\n|switch|p1a: Milotic|Milotic, L83, M|293/293\n|switch|p2a: Hippowdon|Hippowdon, L82, M|311/311\n|-weather|Sandstorm|[from] ability: Sand Stream|[of] p2a: Hippowdon\n|turn|1\n|\n|t:|1781444054\n|switch|p2a: Oranguru|Oranguru, L92, F|315/315\n|move|p1a: Milotic|Ice Beam|p2a: Oranguru\n|-damage|p2a: Oranguru|267/315\n|\n|-weather|Sandstorm|[upkeep]\n|-damage|p1a: Milotic|275/293|[from] Sandstorm\n|-damage|p2a: Oranguru|248/315|[from] Sandstorm\n|-heal|p1a: Milotic|293/293|[from] item: Leftovers\n|upkeep\n|turn|2\n|\n|t:|1781444082\n|-terastallize|p2a: Oranguru|Fighting\n|move|p2a: Oranguru|Focus Blast|p1a: Milotic\n|-damage|p1a: Milotic|133/293\n|move|p1a: Milotic|Dragon Tail|p2a: Oranguru\n|-damage|p2a: Oranguru|218/315\n|drag|p2a: Pyroar|Pyroar, L88, F|295/295\n|-ability|p2a: Pyroar|Unnerve\n|\n|-weather|Sandstorm|[upkeep]\n|-damage|p2a: Pyroar|277/295|[from] Sandstorm\n|-damage|p1a: Milotic|115/293|[from] Sandstorm\n|-heal|p1a: Milotic|133/293|[from] item: Leftovers\n|upkeep\n|turn|3\n|\n|t:|1781444109\n|switch|p2a: Empoleon|Empoleon, L84, M|278/278\n|move|p1a: Milotic|Recover|p1a: Milotic\n|-heal|p1a: Milotic|280/293\n|\n|-weather|Sandstorm|[upkeep]\n|-damage|p1a: Milotic|262/293|[from] Sandstorm\n|-heal|p1a: Milotic|280/293|[from] item: Leftovers\n|upkeep\n|turn|4\n|\n|t:|1781444132\n|move|p2a: Empoleon|Flip Turn|p1a: Milotic\n|-resisted|p1a: Milotic\n|-damage|p1a: Milotic|246/293\n|\n|t:|1781444140\n|switch|p2a: Oranguru|Oranguru, L92, F, tera:Fighting|218/315|[from] Flip Turn\n|move|p1a: Milotic|Dragon Tail|p2a: Oranguru\n|-damage|p2a: Oranguru|189/315\n|drag|p2a: Lugia|Lugia, L73|275/275\n|\n|-weather|Sandstorm|[upkeep]\n|-damage|p2a: Lugia|258/275|[from] Sandstorm\n|-damage|p1a: Milotic|228/293|[from] Sandstorm\n|-heal|p1a: Milotic|246/293|[from] item: Leftovers\n|upkeep\n|turn|5\n|\n|t:|1781444158\n|move|p2a: Lugia|Psychic Noise|p1a: Milotic\n|-damage|p1a: Milotic|203/293\n|-start|p1a: Milotic|move: Heal Block\n|move|p1a: Milotic|Ice Beam|p2a: Lugia\n|-supereffective|p2a: Lugia\n|-damage|p2a: Lugia|162/275\n|\n|-weather|none\n|upkeep\n|turn|6\n|\n|t:|1781444174\n|switch|p2a: Oranguru|Oranguru, L92, F, tera:Fighting|189/315\n|move|p1a: Milotic|Ice Beam|p2a: Oranguru\n|-damage|p2a: Oranguru|142/315\n|\n|-end|p1a: Milotic|move: Heal Block\n|upkeep\n|turn|7\n|\n|t:|1781444184\n|move|p2a: Oranguru|Focus Blast|p1a: Milotic\n|-damage|p1a: Milotic|52/293\n|-unboost|p1a: Milotic|spd|1\n|-ability|p1a: Milotic|Competitive|boost\n|-boost|p1a: Milotic|spa|2\n|move|p1a: Milotic|Dragon Tail|p2a: Oranguru|[miss]\n|-miss|p1a: Milotic|p2a: Oranguru\n|\n|-heal|p1a: Milotic|70/293|[from] item: Leftovers\n|upkeep\n|turn|8\n|\n|t:|1781444247\n|move|p2a: Oranguru|Focus Blast|p1a: Milotic|[miss]\n|-miss|p2a: Oranguru|p1a: Milotic\n|move|p1a: Milotic|Dragon Tail|p2a: Oranguru\n|-damage|p2a: Oranguru|111/315\n|drag|p2a: Iron Treads|Iron Treads, L77|265/265\n|\n|-heal|p1a: Milotic|88/293|[from] item: Leftovers\n|upkeep\n|turn|9\n|\n|t:|1781444263\n|move|p2a: Iron Treads|Earthquake|p1a: Milotic\n|-damage|p1a: Milotic|0 fnt\n|faint|p1a: Milotic\n|\n|upkeep\n|\n|t:|1781444278\n|switch|p1a: Ogerpon|Ogerpon-Hearthflame, L74, F|239/239\n|-ability|p1a: Ogerpon|Mold Breaker\n|turn|10\n|\n|t:|1781444288\n|-end|p2a: Iron Treads|Quark Drive|[silent]\n|switch|p2a: Empoleon|Empoleon, L84, M|278/278\n|move|p1a: Ogerpon|Swords Dance|p1a: Ogerpon\n|-boost|p1a: Ogerpon|atk|2\n|\n|upkeep\n|turn|11\n|\n|t:|1781444313\n|move|p1a: Ogerpon|Power Whip|p2a: Empoleon\n|-damage|p2a: Empoleon|0 fnt\n|faint|p2a: Empoleon\n|\n|upkeep\n|\n|t:|1781444343\n|switch|p2a: Lugia|Lugia, L73|162/275\n|turn|12\n|\n|t:|1781444362\n|move|p1a: Ogerpon|Ivy Cudgel|p2a: Lugia|[anim] Ivy Cudgel Fire\n|-damage|p2a: Lugia|0 fnt\n|faint|p2a: Lugia\n|\n|upkeep\n|\n|t:|1781444386\n|switch|p2a: Pyroar|Pyroar, L88, F|277/295\n|-ability|p2a: Pyroar|Unnerve\n|turn|13\n|\n|t:|1781444397\n|move|p2a: Pyroar|Hyper Voice|p1a: Ogerpon\n|-damage|p1a: Ogerpon|121/239\n|move|p1a: Ogerpon|Swords Dance|p1a: Ogerpon\n|-boost|p1a: Ogerpon|atk|2\n|\n|upkeep\n|turn|14\n|\n|t:|1781444405\n|move|p2a: Pyroar|Hyper Voice|p1a: Ogerpon\n|-damage|p1a: Ogerpon|0 fnt\n|faint|p1a: Ogerpon\n|\n|upkeep\n|\n|t:|1781444425\n|switch|p1a: Toxapex|Toxapex, L82, F|216/216\n|turn|15\n|\n|t:|1781444440\n|switch|p2a: Oranguru|Oranguru, L92, F, tera:Fighting|111/315\n|move|p1a: Toxapex|Toxic Spikes|p2a: Oranguru\n|-sidestart|p2: EDGAR EMERALD|move: Toxic Spikes\n|\n|upkeep\n|turn|16\n|\n|t:|1781444451\n|move|p2a: Oranguru|Psyshock|p1a: Toxapex\n|-supereffective|p1a: Toxapex\n|-damage|p1a: Toxapex|18/216\n|move|p1a: Toxapex|Liquidation|p2a: Oranguru\n|-damage|p2a: Oranguru|44/315\n|-unboost|p2a: Oranguru|def|1\n|\n|upkeep\n|turn|17\n|\n|t:|1781444470\n|move|p2a: Oranguru|Psyshock|p1a: Toxapex\n|-supereffective|p1a: Toxapex\n|-damage|p1a: Toxapex|0 fnt\n|faint|p1a: Toxapex\n|\n|upkeep\n|\n|t:|1781444483\n|switch|p1a: Ampharos|Ampharos, L88, M|302/302\n|turn|18\n|\n|t:|1781444494\n|switch|p2a: Hippowdon|Hippowdon, L82, M|311/311\n|-status|p2a: Hippowdon|psn\n|-weather|Sandstorm|[from] ability: Sand Stream|[of] p2a: Hippowdon\n|move|p1a: Ampharos|Volt Switch|p2a: Hippowdon\n|-immune|p2a: Hippowdon\n|\n|-weather|Sandstorm|[upkeep]\n|-damage|p1a: Ampharos|284/302|[from] Sandstorm\n|-damage|p2a: Hippowdon|273/311 psn|[from] psn\n|upkeep\n|turn|19\n|\n|t:|1781444518\n|switch|p1a: Salamence|Salamence, L77, F|273/273\n|move|p2a: Hippowdon|Earthquake|p1a: Salamence\n|-immune|p1a: Salamence\n|\n|-weather|Sandstorm|[upkeep]\n|-damage|p1a: Salamence|256/273|[from] Sandstorm\n|-heal|p2a: Hippowdon|292/311 psn|[from] item: Leftovers\n|-damage|p2a: Hippowdon|254/311 psn|[from] psn\n|upkeep\n|turn|20\n|\n|t:|1781444534\n|move|p1a: Salamence|Dual Wingbeat|p2a: Hippowdon\n|-damage|p2a: Hippowdon|220/311 psn\n|-damage|p2a: Hippowdon|183/311 psn\n|-hitcount|p2a: Hippowdon|2\n|move|p2a: Hippowdon|Stone Edge|p1a: Salamence\n|-supereffective|p1a: Salamence\n|-damage|p1a: Salamence|70/273\n|\n|-weather|Sandstorm|[upkeep]\n|-damage|p1a: Salamence|53/273|[from] Sandstorm\n|-heal|p2a: Hippowdon|202/311 psn|[from] item: Leftovers\n|-damage|p2a: Hippowdon|164/311 psn|[from] psn\n|upkeep\n|turn|21\n|\n|t:|1781444549\n|move|p1a: Salamence|Outrage|p2a: Hippowdon\n|-damage|p2a: Hippowdon|41/311 psn\n|move|p2a: Hippowdon|Stone Edge|p1a: Salamence|[miss]\n|-miss|p2a: Hippowdon|p1a: Salamence\n|\n|-weather|Sandstorm|[upkeep]\n|-damage|p1a: Salamence|36/273|[from] Sandstorm\n|-heal|p2a: Hippowdon|60/311 psn|[from] item: Leftovers\n|-damage|p2a: Hippowdon|22/311 psn|[from] psn\n|upkeep\n|turn|22\n|\n|t:|1781444590\n|switch|p2a: Iron Treads|Iron Treads, L77|265/265\n|move|p1a: Salamence|Outrage|p2a: Iron Treads|[from] lockedmove\n|-resisted|p2a: Iron Treads\n|-damage|p2a: Iron Treads|211/265\n|-start|p1a: Salamence|confusion|[fatigue]\n|\n|-weather|none\n|upkeep\n|turn|23\n|\n|t:|1781444607\n|move|p2a: Iron Treads|Knock Off|p1a: Salamence\n|-damage|p1a: Salamence|0 fnt\n|-enditem|p1a: Salamence|Heavy-Duty Boots|[from] move: Knock Off|[of] p2a: Iron Treads\n|faint|p1a: Salamence\n|\n|upkeep\n|\n|t:|1781444619\n|switch|p1a: Ampharos|Ampharos, L88, M|284/302\n|turn|24\n|\n|t:|1781444632\n|-terastallize|p1a: Ampharos|Fairy\n|move|p2a: Iron Treads|Earthquake|p1a: Ampharos\n|-damage|p1a: Ampharos|193/302\n|move|p1a: Ampharos|Dragon Tail|p2a: Iron Treads\n|-resisted|p2a: Iron Treads\n|-damage|p2a: Iron Treads|194/265\n|-end|p2a: Iron Treads|Quark Drive|[silent]\n|drag|p2a: Oranguru|Oranguru, L92, F, tera:Fighting|44/315\n|-status|p2a: Oranguru|psn\n|\n|-damage|p2a: Oranguru|5/315 psn|[from] psn\n|upkeep\n|turn|25\n|\n|t:|1781444657\n|move|p2a: Oranguru|Psyshock|p1a: Ampharos\n|-crit|p1a: Ampharos\n|-damage|p1a: Ampharos|0 fnt\n|faint|p1a: Ampharos\n|\n|-damage|p2a: Oranguru|0 fnt|[from] psn\n|faint|p2a: Oranguru\n|upkeep\n|\n|t:|1781444672\n|switch|p2a: Iron Treads|Iron Treads, L77|194/265\n|switch|p1a: Raging Bolt|Raging Bolt, L78|323/323\n|turn|26\n|\n|t:|1781444683\n|move|p2a: Iron Treads|Earthquake|p1a: Raging Bolt\n|-supereffective|p1a: Raging Bolt\n|-damage|p1a: Raging Bolt|117/323\n|move|p1a: Raging Bolt|Draco Meteor|p2a: Iron Treads\n|-resisted|p2a: Iron Treads\n|-damage|p2a: Iron Treads|124/265\n|-unboost|p1a: Raging Bolt|spa|2\n|\n|upkeep\n|turn|27\n|\n|t:|1781444695\n|move|p2a: Iron Treads|Earthquake|p1a: Raging Bolt\n|-supereffective|p1a: Raging Bolt\n|-damage|p1a: Raging Bolt|0 fnt\n|faint|p1a: Raging Bolt\n|-end|p1a: Raging Bolt|Protosynthesis|[silent]\n|\n|win|EDGAR EMERALD\n|l|\u2606FANTAZZ\n|player|p1|\n", "uploadtime": 1781444707, "views": 5, "formatid": "gen9randombattle", "rating": null, "private": 0, "password": null}