{"id": "gen9randombattle-2631643553", "format": "[Gen 9] Random Battle", "players": ["euphoricpoptarts", "BenoliBenoli"], "log": "|j|\u2606euphoricpoptarts\n|j|\u2606BenoliBenoli\n|t:|1781413767\n|gametype|singles\n|player|p1|euphoricpoptarts|unknown|1990\n|player|p2|BenoliBenoli|102|2047\n|gen|9\n|tier|[Gen 9] Random Battle\n|rated|\n|rule|Species Clause: Limit one of each Pok\u00e9mon\n|rule|HP Percentage Mod: HP is shown in percentages\n|rule|Sleep Clause Mod: Limit one foe put to sleep\n|rule|Illusion Level Mod: Illusion disguises the Pok\u00e9mon's true level\n|\n|t:|1781413767\n|teamsize|p1|6\n|teamsize|p2|6\n|start\n|switch|p1a: Glimmora|Glimmora, L75, M|248/248\n|switch|p2a: Iron Treads|Iron Treads, L77|265/265\n|turn|1\n|inactive|Battle timer is ON: inactive players will automatically lose when time's up. (requested by euphoricpoptarts)\n|\n|t:|1781413773\n|switch|p1a: Mesprit|Mesprit, L85|275/275\n|move|p2a: Iron Treads|Earthquake|p1a: Mesprit\n|-immune|p1a: Mesprit|[from] ability: Levitate\n|\n|upkeep\n|turn|2\n|\n|t:|1781413779\n|move|p2a: Iron Treads|Knock Off|p1a: Mesprit\n|-supereffective|p1a: Mesprit\n|-damage|p1a: Mesprit|163/275\n|-enditem|p1a: Mesprit|Leftovers|[from] move: Knock Off|[of] p2a: Iron Treads\n|move|p1a: Mesprit|Drain Punch|p2a: Iron Treads\n|-supereffective|p2a: Iron Treads\n|-crit|p2a: Iron Treads\n|-damage|p2a: Iron Treads|101/265\n|-heal|p1a: Mesprit|245/275|[from] drain|[of] p2a: Iron Treads\n|\n|upkeep\n|turn|3\n|\n|t:|1781413789\n|-end|p2a: Iron Treads|Quark Drive|[silent]\n|switch|p2a: Swampert|Swampert, L83, M|302/302\n|move|p1a: Mesprit|Drain Punch|p2a: Swampert\n|-damage|p2a: Swampert|247/302\n|-heal|p1a: Mesprit|273/275|[from] drain|[of] p2a: Swampert\n|\n|-heal|p2a: Swampert|265/302|[from] item: Leftovers\n|upkeep\n|turn|4\n|\n|t:|1781413794\n|move|p1a: Mesprit|U-turn|p2a: Swampert\n|-damage|p2a: Swampert|207/302\n|\n|t:|1781413800\n|switch|p1a: Arboliva|Arboliva, L91, M|290/290|[from] U-turn\n|move|p2a: Swampert|Stealth Rock|p1a: Arboliva\n|-sidestart|p1: euphoricpoptarts|move: Stealth Rock\n|\n|-heal|p2a: Swampert|225/302|[from] item: Leftovers\n|upkeep\n|turn|5\n|\n|t:|1781413809\n|switch|p2a: Illumise|Illumise, L91, F|266/266\n|move|p1a: Arboliva|Energy Ball|p2a: Illumise\n|-resisted|p2a: Illumise\n|-damage|p2a: Illumise|205/266\n|\n|upkeep\n|turn|6\n|\n|t:|1781413819\n|switch|p1a: Glimmora|Glimmora, L75, M|248/248\n|-damage|p1a: Glimmora|217/248|[from] Stealth Rock\n|move|p2a: Illumise|Thunder Wave|p1a: Glimmora\n|-status|p1a: Glimmora|par\n|\n|upkeep\n|turn|7\n|\n|t:|1781413829\n|switch|p2a: Iron Treads|Iron Treads, L77|101/265\n|cant|p1a: Glimmora|par\n|\n|upkeep\n|turn|8\n|\n|t:|1781413837\n|switch|p1a: Mesprit|Mesprit, L85|273/275\n|-damage|p1a: Mesprit|239/275|[from] Stealth Rock\n|move|p2a: Iron Treads|Iron Head|p1a: Mesprit\n|-damage|p1a: Mesprit|172/275\n|\n|upkeep\n|turn|9\n|\n|t:|1781413843\n|-end|p2a: Iron Treads|Quark Drive|[silent]\n|switch|p2a: Swampert|Swampert, L83, M|225/302\n|move|p1a: Mesprit|Drain Punch|p2a: Swampert\n|-damage|p2a: Swampert|163/302\n|-heal|p1a: Mesprit|203/275|[from] drain|[of] p2a: Swampert\n|\n|-heal|p2a: Swampert|181/302|[from] item: Leftovers\n|upkeep\n|turn|10\n|\n|t:|1781413848\n|move|p1a: Mesprit|Drain Punch|p2a: Swampert\n|-damage|p2a: Swampert|126/302\n|-heal|p1a: Mesprit|231/275|[from] drain|[of] p2a: Swampert\n|move|p2a: Swampert|Knock Off|p1a: Mesprit\n|-supereffective|p1a: Mesprit\n|-damage|p1a: Mesprit|141/275\n|\n|-heal|p2a: Swampert|144/302|[from] item: Leftovers\n|upkeep\n|turn|11\n|\n|t:|1781413854\n|move|p1a: Mesprit|Psychic Noise|p2a: Swampert\n|-damage|p2a: Swampert|63/302\n|-start|p2a: Swampert|move: Heal Block\n|move|p2a: Swampert|Flip Turn|p1a: Mesprit\n|-damage|p1a: Mesprit|53/275\n|\n|t:|1781413866\n|switch|p2a: Iron Treads|Iron Treads, L77|101/265|[from] Flip Turn\n|\n|upkeep\n|turn|12\n|\n|t:|1781413873\n|switch|p1a: Glimmora|Glimmora, L75, M|217/248 par\n|-damage|p1a: Glimmora|186/248 par|[from] Stealth Rock\n|move|p2a: Iron Treads|Iron Head|p1a: Glimmora\n|-supereffective|p1a: Glimmora\n|-damage|p1a: Glimmora|22/248 par\n|-activate|p1a: Glimmora|ability: Toxic Debris\n|-sidestart|p2: BenoliBenoli|move: Toxic Spikes\n|\n|upkeep\n|turn|13\n|\n|t:|1781413884\n|move|p2a: Iron Treads|Iron Head|p1a: Glimmora\n|-supereffective|p1a: Glimmora\n|-damage|p1a: Glimmora|0 fnt\n|-activate|p1a: Glimmora|ability: Toxic Debris\n|-sidestart|p2: BenoliBenoli|move: Toxic Spikes\n|faint|p1a: Glimmora\n|\n|upkeep\n|\n|t:|1781413886\n|switch|p1a: Hawlucha|Hawlucha, L80, F|256/256\n|-damage|p1a: Hawlucha|224/256|[from] Stealth Rock\n|turn|14\n|\n|t:|1781413894\n|-end|p2a: Iron Treads|Quark Drive|[silent]\n|switch|p2a: Illumise|Illumise, L91, F|205/266\n|move|p1a: Hawlucha|Close Combat|p2a: Illumise\n|-resisted|p2a: Illumise\n|-damage|p2a: Illumise|146/266\n|-unboost|p1a: Hawlucha|def|1\n|-unboost|p1a: Hawlucha|spd|1\n|-enditem|p1a: Hawlucha|White Herb\n|-clearnegativeboost|p1a: Hawlucha|[silent]\n|\n|upkeep\n|turn|15\n|\n|t:|1781413906\n|switch|p1a: Florges|Florges-Yellow, L85, F|271/271\n|-damage|p1a: Florges|238/271|[from] Stealth Rock\n|move|p2a: Illumise|Encore||[still]\n|-fail|p2a: Illumise\n|\n|-heal|p1a: Florges|254/271|[from] item: Leftovers\n|upkeep\n|turn|16\n|\n|t:|1781413912\n|move|p2a: Illumise|Thunder Wave|p1a: Florges\n|-status|p1a: Florges|par\n|move|p1a: Florges|Moonblast|p2a: Illumise\n|-crit|p2a: Illumise\n|-damage|p2a: Illumise|0 fnt\n|faint|p2a: Illumise\n|\n|-heal|p1a: Florges|270/271 par|[from] item: Leftovers\n|upkeep\n|\n|t:|1781413917\n|switch|p2a: Iron Treads|Iron Treads, L77|101/265\n|turn|17\n|\n|t:|1781413922\n|switch|p1a: Hawlucha|Hawlucha, L80, F|224/256\n|-damage|p1a: Hawlucha|192/256|[from] Stealth Rock\n|move|p2a: Iron Treads|Rapid Spin|p1a: Hawlucha\n|-damage|p1a: Hawlucha|152/256\n|-boost|p2a: Iron Treads|spe|1\n|-sideend|p2: BenoliBenoli|Toxic Spikes|[from] move: Rapid Spin|[of] p2a: Iron Treads\n|\n|upkeep\n|turn|18\n|\n|t:|1781413940\n|-terastallize|p2a: Iron Treads|Ghost\n|move|p2a: Iron Treads|Iron Head|p1a: Hawlucha\n|-damage|p1a: Hawlucha|52/256\n|move|p1a: Hawlucha|Close Combat|p2a: Iron Treads\n|-immune|p2a: Iron Treads\n|\n|upkeep\n|turn|19\n|\n|t:|1781413946\n|move|p2a: Iron Treads|Iron Head|p1a: Hawlucha\n|-damage|p1a: Hawlucha|0 fnt\n|faint|p1a: Hawlucha\n|\n|upkeep\n|\n|t:|1781413949\n|switch|p1a: Arboliva|Arboliva, L91, M|290/290\n|-damage|p1a: Arboliva|254/290|[from] Stealth Rock\n|turn|20\n|\n|t:|1781413954\n|move|p2a: Iron Treads|Knock Off|p1a: Arboliva\n|-damage|p1a: Arboliva|194/290\n|-fieldstart|move: Grassy Terrain|[from] ability: Seed Sower|[of] p1a: Arboliva\n|-enditem|p1a: Arboliva|Leftovers|[from] move: Knock Off|[of] p2a: Iron Treads\n|move|p1a: Arboliva|Energy Ball|p2a: Iron Treads\n|-damage|p2a: Iron Treads|0 fnt\n|faint|p2a: Iron Treads\n|-end|p2a: Iron Treads|Quark Drive|[silent]\n|\n|-heal|p1a: Arboliva|212/290|[from] Grassy Terrain\n|upkeep\n|\n|t:|1781413963\n|switch|p2a: Typhlosion|Typhlosion-Hisui, L83, F|257/257\n|turn|21\n|\n|t:|1781413970\n|move|p2a: Typhlosion|Calm Mind|p2a: Typhlosion\n|-boost|p2a: Typhlosion|spa|1\n|-boost|p2a: Typhlosion|spd|1\n|move|p1a: Arboliva|Earth Power|p2a: Typhlosion\n|-supereffective|p2a: Typhlosion\n|-damage|p2a: Typhlosion|141/257\n|\n|-heal|p2a: Typhlosion|157/257|[from] Grassy Terrain\n|-heal|p1a: Arboliva|230/290|[from] Grassy Terrain\n|upkeep\n|turn|22\n|\n|t:|1781413977\n|move|p2a: Typhlosion|Fire Blast|p1a: Arboliva\n|-supereffective|p1a: Arboliva\n|-damage|p1a: Arboliva|0 fnt\n|faint|p1a: Arboliva\n|\n|-heal|p2a: Typhlosion|173/257|[from] Grassy Terrain\n|upkeep\n|\n|t:|1781413978\n|switch|p1a: Inteleon|Inteleon, L81, M|246/246\n|-damage|p1a: Inteleon|216/246|[from] Stealth Rock\n|turn|23\n|\n|t:|1781413983\n|move|p1a: Inteleon|Scald|p2a: Typhlosion\n|-supereffective|p2a: Typhlosion\n|-damage|p2a: Typhlosion|0 fnt\n|faint|p2a: Typhlosion\n|\n|-heal|p1a: Inteleon|231/246|[from] Grassy Terrain\n|upkeep\n|\n|t:|1781413990\n|switch|p2a: Flamigo|Flamigo, L82, F|269/269\n|turn|24\n|\n|t:|1781413995\n|switch|p1a: Mesprit|Mesprit, L85|53/275\n|-damage|p1a: Mesprit|19/275|[from] Stealth Rock\n|move|p2a: Flamigo|Close Combat|p1a: Mesprit\n|-resisted|p1a: Mesprit\n|-damage|p1a: Mesprit|0 fnt\n|-unboost|p2a: Flamigo|def|1\n|-unboost|p2a: Flamigo|spd|1\n|faint|p1a: Mesprit\n|-damage|p2a: Flamigo|243/269|[from] item: Life Orb\n|\n|-fieldend|move: Grassy Terrain\n|upkeep\n|\n|t:|1781413997\n|switch|p1a: Inteleon|Inteleon, L81, M|231/246\n|-damage|p1a: Inteleon|201/246|[from] Stealth Rock\n|turn|25\n|\n|t:|1781414000\n|switch|p2a: Swampert|Swampert, L83, M|63/302\n|-terastallize|p1a: Inteleon|Water\n|move|p1a: Inteleon|Scald|p2a: Swampert\n|-crit|p2a: Swampert\n|-damage|p2a: Swampert|0 fnt\n|faint|p2a: Swampert\n|\n|upkeep\n|\n|t:|1781414007\n|switch|p2a: Flamigo|Flamigo, L82, F|243/269\n|turn|26\n|\n|t:|1781414009\n|move|p1a: Inteleon|Scald|p2a: Flamigo\n|-damage|p2a: Flamigo|0 fnt\n|faint|p2a: Flamigo\n|\n|upkeep\n|\n|t:|1781414012\n|switch|p2a: Rampardos|Rampardos, L90, F|321/321\n|turn|27\n|\n|t:|1781414015\n|move|p1a: Inteleon|Scald|p2a: Rampardos\n|-supereffective|p2a: Rampardos\n|-damage|p2a: Rampardos|0 fnt\n|faint|p2a: Rampardos\n|\n|win|euphoricpoptarts\n", "uploadtime": 1781413769, "views": 3, "formatid": "gen9randombattle", "rating": null, "private": 0, "password": null}