{"id": "gen9randombattle-2631880636", "format": "[Gen 9] Random Battle", "players": ["ethlod", "Xan4ss"], "log": "|j|\u2606ethlod\n|j|\u2606Xan4ss\n|t:|1781451439\n|gametype|singles\n|player|p1|ethlod|ethan|1951\n|player|p2|Xan4ss|1|1997\n|gen|9\n|tier|[Gen 9] Random Battle\n|rated|\n|rule|Species Clause: Limit one of each Pok\u00e9mon\n|rule|HP Percentage Mod: HP is shown in percentages\n|rule|Sleep Clause Mod: Limit one foe put to sleep\n|rule|Illusion Level Mod: Illusion disguises the Pok\u00e9mon's true level\n|\n|t:|1781451439\n|teamsize|p1|6\n|teamsize|p2|6\n|start\n|switch|p1a: Basculegion|Basculegion-F, L83, F|335/335\n|switch|p2a: Sceptile|Sceptile, L87, F|264/264\n|turn|1\n|inactive|Battle timer is ON: inactive players will automatically lose when time's up. (requested by ethlod)\n|\n|t:|1781451444\n|move|p2a: Sceptile|Swords Dance|p2a: Sceptile\n|-boost|p2a: Sceptile|atk|2\n|move|p1a: Basculegion|Flip Turn|p2a: Sceptile\n|-resisted|p2a: Sceptile\n|-damage|p2a: Sceptile|219/264\n|\n|t:|1781451448\n|switch|p1a: Deoxys|Deoxys-Attack, L72|191/191|[from] Flip Turn\n|-ability|p1a: Deoxys|Pressure\n|\n|upkeep\n|turn|2\n|\n|t:|1781451460\n|move|p2a: Sceptile|Leaf Blade|p1a: Deoxys\n|-damage|p1a: Deoxys|0 fnt\n|faint|p1a: Deoxys\n|-damage|p2a: Sceptile|193/264|[from] item: Life Orb\n|\n|upkeep\n|c|\u2606ethlod|Oops lmao\n|\n|t:|1781451470\n|switch|p1a: Eiscue|Eiscue, L88, M|274/274\n|turn|3\n|\n|t:|1781451478\n|move|p2a: Sceptile|Rock Slide|p1a: Eiscue\n|-activate|p1a: Eiscue|ability: Ice Face\n|-damage|p1a: Eiscue|274/274\n|detailschange|p1a: Eiscue|Eiscue-Noice, L88, M\n|-damage|p2a: Sceptile|167/264|[from] item: Life Orb\n|move|p1a: Eiscue|Belly Drum|p1a: Eiscue\n|-damage|p1a: Eiscue|137/274\n|-setboost|p1a: Eiscue|atk|6|[from] move: Belly Drum\n|-enditem|p1a: Eiscue|Sitrus Berry|[eat]\n|-heal|p1a: Eiscue|205/274|[from] item: Sitrus Berry\n|\n|upkeep\n|turn|4\n|\n|t:|1781451485\n|move|p1a: Eiscue|Ice Spinner|p2a: Sceptile\n|-supereffective|p2a: Sceptile\n|-damage|p2a: Sceptile|0 fnt\n|faint|p2a: Sceptile\n|\n|upkeep\n|\n|t:|1781451493\n|switch|p2a: Phione|Phione, L91|293/293\n|turn|5\n|\n|t:|1781451501\n|move|p1a: Eiscue|Ice Spinner|p2a: Phione\n|-resisted|p2a: Phione\n|-damage|p2a: Phione|134/293\n|move|p2a: Phione|Scald|p1a: Eiscue\n|-damage|p1a: Eiscue|90/274\n|\n|-heal|p2a: Phione|152/293|[from] item: Leftovers\n|upkeep\n|turn|6\n|\n|t:|1781451509\n|move|p1a: Eiscue|Ice Spinner|p2a: Phione\n|-resisted|p2a: Phione\n|-damage|p2a: Phione|0 fnt\n|faint|p2a: Phione\n|\n|upkeep\n|\n|t:|1781451520\n|switch|p2a: Vikavolt|Vikavolt, L83, F|263/263\n|turn|7\n|\n|t:|1781451528\n|move|p1a: Eiscue|Ice Spinner|p2a: Vikavolt\n|-damage|p2a: Vikavolt|0 fnt\n|faint|p2a: Vikavolt\n|\n|upkeep\n|\n|t:|1781451538\n|switch|p2a: Jolteon|Jolteon, L84, M|246/246\n|turn|8\n|\n|t:|1781451540\n|-terastallize|p2a: Jolteon|Ice\n|move|p1a: Eiscue|Ice Spinner|p2a: Jolteon\n|-resisted|p2a: Jolteon\n|-damage|p2a: Jolteon|21/246\n|move|p2a: Jolteon|Thunderbolt|p1a: Eiscue\n|-damage|p1a: Eiscue|0 fnt\n|faint|p1a: Eiscue\n|\n|-heal|p2a: Jolteon|36/246|[from] item: Leftovers\n|upkeep\n|\n|t:|1781451552\n|switch|p1a: Florges|Florges-Yellow, L85, F|271/271\n|turn|9\n|\n|t:|1781451561\n|switch|p2a: Gardevoir|Gardevoir, L83, F|249/249\n|-ability|p2a: Gardevoir|Flower Veil|Trace|[from] ability: Trace|[of] p1a: Florges\n|move|p1a: Florges|Moonblast|p2a: Gardevoir\n|-damage|p2a: Gardevoir|152/249\n|\n|upkeep\n|turn|10\n|\n|t:|1781451574\n|move|p2a: Gardevoir|Trick|p1a: Florges\n|-activate|p2a: Gardevoir|move: Trick|[of] p1a: Florges\n|-item|p1a: Florges|Choice Scarf|[from] move: Trick\n|-item|p2a: Gardevoir|Leftovers|[from] move: Trick\n|move|p1a: Florges|Moonblast|p2a: Gardevoir\n|-damage|p2a: Gardevoir|61/249\n|-unboost|p2a: Gardevoir|spa|1\n|\n|-heal|p2a: Gardevoir|76/249|[from] item: Leftovers\n|upkeep\n|turn|11\n|\n|t:|1781451580\n|switch|p2a: Alcremie|Alcremie-Ruby-Cream, L90, F|263/263\n|move|p1a: Florges|Moonblast|p2a: Alcremie\n|-damage|p2a: Alcremie|181/263\n|\n|-heal|p2a: Alcremie|197/263|[from] item: Leftovers\n|upkeep\n|turn|12\n|\n|t:|1781451585\n|switch|p1a: Brambleghast|Brambleghast, L88, M|240/240\n|move|p2a: Alcremie|Calm Mind|p2a: Alcremie\n|-boost|p2a: Alcremie|spa|1\n|-boost|p2a: Alcremie|spd|1\n|\n|-heal|p2a: Alcremie|213/263|[from] item: Leftovers\n|upkeep\n|turn|13\n|j| Pauliet456\n|\n|t:|1781451592\n|move|p1a: Brambleghast|Poltergeist|p2a: Alcremie\n|-activate|p2a: Alcremie|move: Poltergeist|Leftovers\n|-damage|p2a: Alcremie|69/263\n|move|p2a: Alcremie|Alluring Voice|p1a: Brambleghast\n|-damage|p1a: Brambleghast|53/240\n|\n|-heal|p2a: Alcremie|85/263|[from] item: Leftovers\n|upkeep\n|turn|14\n|\n|t:|1781451597\n|move|p1a: Brambleghast|Poltergeist|p2a: Alcremie\n|-activate|p2a: Alcremie|move: Poltergeist|Leftovers\n|-damage|p2a: Alcremie|0 fnt\n|faint|p2a: Alcremie\n|\n|upkeep\n|\n|t:|1781451599\n|switch|p2a: Jolteon|Jolteon, L84, M, tera:Ice|36/246\n|turn|15\n|l| Pauliet456\n|c|\u2606ethlod|Hey paul\n|c|\u2606ethlod|Rip paul\n|\n|t:|1781451619\n|move|p2a: Jolteon|Tera Blast|p1a: Brambleghast|[anim] Tera Blast Ice\n|-supereffective|p1a: Brambleghast\n|-damage|p1a: Brambleghast|0 fnt\n|faint|p1a: Brambleghast\n|\n|-heal|p2a: Jolteon|51/246|[from] item: Leftovers\n|upkeep\n|\n|t:|1781451624\n|switch|p1a: Florges|Florges-Yellow, L85, F|271/271\n|turn|16\n|\n|t:|1781451629\n|switch|p2a: Gardevoir|Gardevoir, L83, F|76/249\n|-ability|p2a: Gardevoir|Flower Veil|Trace|[from] ability: Trace|[of] p1a: Florges\n|move|p1a: Florges|Moonblast|p2a: Gardevoir\n|-damage|p2a: Gardevoir|0 fnt\n|faint|p2a: Gardevoir\n|\n|upkeep\n|\n|t:|1781451631\n|switch|p2a: Jolteon|Jolteon, L84, M, tera:Ice|51/246\n|turn|17\n|\n|t:|1781451633\n|move|p2a: Jolteon|Calm Mind|p2a: Jolteon\n|-boost|p2a: Jolteon|spa|1\n|-boost|p2a: Jolteon|spd|1\n|move|p1a: Florges|Moonblast|p2a: Jolteon\n|-damage|p2a: Jolteon|0 fnt\n|faint|p2a: Jolteon\n|\n|win|ethlod\n|raw|ethlod's rating: 1951 &rarr; <strong>1974</strong><br />(+23 for winning)\n|raw|Xan4ss's rating: 1997 &rarr; <strong>1974</strong><br />(-23 for losing)\n", "uploadtime": 1781451441, "views": 3, "formatid": "gen9randombattle", "rating": 1974, "private": 0, "password": null}