{"id": "gen9randombattle-2631866185", "format": "[Gen 9] Random Battle", "players": ["xdx42", "DBKaiyote"], "log": "|j|\u2606xdx42\n|j|\u2606DBKaiyote\n|t:|1781449819\n|gametype|singles\n|player|p1|xdx42|cyrus|2012\n|player|p2|DBKaiyote|swimmer-gen4|2077\n|gen|9\n|tier|[Gen 9] Random Battle\n|rated|\n|rule|Species Clause: Limit one of each Pok\u00e9mon\n|rule|HP Percentage Mod: HP is shown in percentages\n|rule|Sleep Clause Mod: Limit one foe put to sleep\n|rule|Illusion Level Mod: Illusion disguises the Pok\u00e9mon's true level\n|\n|t:|1781449819\n|teamsize|p1|6\n|teamsize|p2|6\n|start\n|switch|p1a: Arceus|Arceus-Fire, L72|291/291\n|switch|p2a: Golduck|Golduck, L90, M|290/290\n|-ability|p2a: Golduck|Cloud Nine\n|turn|1\n|inactive|Battle timer is ON: inactive players will automatically lose when time's up. (requested by xdx42)\n|\n|t:|1781449831\n|switch|p1a: Latios|Latios, L78, M|253/253\n|move|p2a: Golduck|Hydro Pump|p1a: Latios\n|-resisted|p1a: Latios\n|-damage|p1a: Latios|174/253\n|-damage|p2a: Golduck|261/290|[from] item: Life Orb\n|\n|upkeep\n|turn|2\n|\n|t:|1781449840\n|switch|p2a: Klefki|Klefki, L84, F|233/233\n|move|p1a: Latios|Calm Mind|p1a: Latios\n|-boost|p1a: Latios|spa|1\n|-boost|p1a: Latios|spd|1\n|\n|upkeep\n|turn|3\n|\n|t:|1781449849\n|switch|p1a: Arceus|Arceus-Fire, L72|291/291\n|move|p2a: Klefki|Thunder Wave|p1a: Arceus\n|-status|p1a: Arceus|par\n|\n|upkeep\n|turn|4\n|\n|t:|1781449859\n|switch|p2a: Golduck|Golduck, L90, M|261/290\n|-ability|p2a: Golduck|Cloud Nine\n|cant|p1a: Arceus|par\n|\n|upkeep\n|turn|5\n|\n|t:|1781449863\n|switch|p1a: Latios|Latios, L78, M|174/253\n|move|p2a: Golduck|Nasty Plot|p2a: Golduck\n|-boost|p2a: Golduck|spa|2\n|\n|upkeep\n|turn|6\n|\n|t:|1781449865\n|move|p1a: Latios|Draco Meteor|p2a: Golduck\n|-damage|p2a: Golduck|63/290\n|-unboost|p1a: Latios|spa|2\n|move|p2a: Golduck|Ice Beam|p1a: Latios\n|-supereffective|p1a: Latios\n|-damage|p1a: Latios|0 fnt\n|faint|p1a: Latios\n|-damage|p2a: Golduck|34/290|[from] item: Life Orb\n|\n|upkeep\n|\n|t:|1781449873\n|switch|p1a: Slaking|Slaking, L84, F|389/389\n|turn|7\n|\n|t:|1781449876\n|move|p1a: Slaking|Earthquake|p2a: Golduck\n|-damage|p2a: Golduck|0 fnt\n|faint|p2a: Golduck\n|\n|upkeep\n|\n|t:|1781449882\n|switch|p2a: Swampert|Swampert, L83, F|302/302\n|turn|8\n|\n|t:|1781449887\n|switch|p1a: Sunflora|Sunflora, M|312/312\n|move|p2a: Swampert|Knock Off|p1a: Sunflora\n|-damage|p1a: Sunflora|232/312\n|-enditem|p1a: Sunflora|Life Orb|[from] move: Knock Off|[of] p2a: Swampert\n|\n|upkeep\n|turn|9\n|\n|t:|1781449905\n|move|p2a: Swampert|Flip Turn|p1a: Sunflora\n|-resisted|p1a: Sunflora\n|-damage|p1a: Sunflora|195/312\n|\n|t:|1781449916\n|switch|p2a: Klefki|Klefki, L84, F|233/233|[from] Flip Turn\n|move|p1a: Sunflora|Sunny Day|p1a: Sunflora\n|-weather|SunnyDay\n|\n|-weather|SunnyDay|[upkeep]\n|upkeep\n|turn|10\n|\n|t:|1781449918\n|move|p2a: Klefki|Thunder Wave|p1a: Sunflora\n|-status|p1a: Sunflora|par\n|move|p1a: Sunflora|Weather Ball|p2a: Klefki\n|-supereffective|p2a: Klefki\n|-damage|p2a: Klefki|0 fnt\n|faint|p2a: Klefki\n|\n|-weather|SunnyDay|[upkeep]\n|upkeep\n|\n|t:|1781449929\n|switch|p2a: Typhlosion|Typhlosion, L84, M|267/267\n|turn|11\n|\n|t:|1781449939\n|-terastallize|p2a: Typhlosion|Fire\n|move|p2a: Typhlosion|Eruption|p1a: Sunflora\n|-supereffective|p1a: Sunflora\n|-damage|p1a: Sunflora|0 fnt\n|faint|p1a: Sunflora\n|\n|-weather|SunnyDay|[upkeep]\n|upkeep\n|\n|t:|1781449942\n|switch|p1a: Arceus|Arceus-Fire, L72|291/291 par\n|turn|12\n|\n|t:|1781449948\n|switch|p2a: Swampert|Swampert, L83, F|302/302\n|move|p1a: Arceus|Earthquake|p2a: Swampert\n|-damage|p2a: Swampert|240/302\n|\n|-weather|SunnyDay|[upkeep]\n|-heal|p2a: Swampert|258/302|[from] item: Leftovers\n|upkeep\n|turn|13\n|\n|t:|1781449952\n|move|p2a: Swampert|Earthquake|p1a: Arceus\n|-supereffective|p1a: Arceus\n|-crit|p1a: Arceus\n|-damage|p1a: Arceus|0 fnt\n|faint|p1a: Arceus\n|\n|-weather|none\n|-heal|p2a: Swampert|276/302|[from] item: Leftovers\n|upkeep\n|\n|t:|1781449954\n|switch|p1a: Slaking|Slaking, L84, F|389/389\n|turn|14\n|\n|t:|1781449962\n|move|p1a: Slaking|Double-Edge|p2a: Swampert\n|-damage|p2a: Swampert|0 fnt\n|faint|p2a: Swampert\n|-damage|p1a: Slaking|298/389|[from] Recoil\n|\n|upkeep\n|\n|t:|1781449966\n|switch|p2a: Typhlosion|Typhlosion, L84, M, tera:Fire|267/267\n|turn|15\n|\n|t:|1781449972\n|move|p2a: Typhlosion|Eruption|p1a: Slaking\n|-damage|p1a: Slaking|0 fnt\n|faint|p1a: Slaking\n|\n|upkeep\n|\n|t:|1781449974\n|switch|p1a: Regidrago|Regidrago, L77|435/435\n|turn|16\n|\n|t:|1781449978\n|switch|p2a: Dachsbun|Dachsbun, L92, F|254/254\n|move|p1a: Regidrago|Dragon Dance|p1a: Regidrago\n|-boost|p1a: Regidrago|atk|1\n|-boost|p1a: Regidrago|spe|1\n|\n|upkeep\n|turn|17\n|\n|t:|1781449985\n|move|p1a: Regidrago|Dragon Dance|p1a: Regidrago\n|-boost|p1a: Regidrago|atk|1\n|-boost|p1a: Regidrago|spe|1\n|move|p2a: Dachsbun|Yawn|p1a: Regidrago\n|-start|p1a: Regidrago|move: Yawn|[of] p2a: Dachsbun\n|\n|upkeep\n|turn|18\n|\n|t:|1781449987\n|move|p1a: Regidrago|Earthquake|p2a: Dachsbun\n|-damage|p2a: Dachsbun|158/254\n|move|p2a: Dachsbun|Wish|p2a: Dachsbun\n|\n|-heal|p2a: Dachsbun|173/254|[from] item: Leftovers\n|-end|p1a: Regidrago|move: Yawn|[silent]\n|-status|p1a: Regidrago|slp\n|-enditem|p1a: Regidrago|Lum Berry|[eat]\n|-curestatus|p1a: Regidrago|slp|[msg]\n|upkeep\n|turn|19\n|\n|t:|1781449994\n|move|p1a: Regidrago|Dragon Dance|p1a: Regidrago\n|-boost|p1a: Regidrago|atk|1\n|-boost|p1a: Regidrago|spe|1\n|move|p2a: Dachsbun|Yawn|p1a: Regidrago\n|-start|p1a: Regidrago|move: Yawn|[of] p2a: Dachsbun\n|\n|-heal|p2a: Dachsbun|254/254|[from] move: Wish|[wisher] Dachsbun\n|upkeep\n|turn|20\n|\n|t:|1781449997\n|move|p2a: Dachsbun|Protect|p2a: Dachsbun\n|-singleturn|p2a: Dachsbun|Protect\n|move|p1a: Regidrago|Earthquake|p2a: Dachsbun\n|-activate|p2a: Dachsbun|move: Protect\n|\n|-end|p1a: Regidrago|move: Yawn|[silent]\n|-status|p1a: Regidrago|slp\n|upkeep\n|turn|21\n|\n|t:|1781449999\n|cant|p1a: Regidrago|slp\n|move|p2a: Dachsbun|Play Rough|p1a: Regidrago\n|-supereffective|p1a: Regidrago\n|-damage|p1a: Regidrago|123/435 slp\n|\n|upkeep\n|turn|22\n|\n|t:|1781450000\n|cant|p1a: Regidrago|slp\n|move|p2a: Dachsbun|Play Rough|p1a: Regidrago|[miss]\n|-miss|p2a: Dachsbun|p1a: Regidrago\n|\n|upkeep\n|turn|23\n|\n|t:|1781450002\n|-curestatus|p1a: Regidrago|slp|[msg]\n|move|p1a: Regidrago|Earthquake|p2a: Dachsbun\n|-damage|p2a: Dachsbun|147/254\n|move|p2a: Dachsbun|Play Rough|p1a: Regidrago\n|-supereffective|p1a: Regidrago\n|-damage|p1a: Regidrago|0 fnt\n|faint|p1a: Regidrago\n|\n|-heal|p2a: Dachsbun|162/254|[from] item: Leftovers\n|upkeep\n|\n|t:|1781450004\n|switch|p1a: Lunala|Lunala, L70|308/308\n|turn|24\n|\n|t:|1781450008\n|move|p2a: Dachsbun|Yawn|p1a: Lunala\n|-start|p1a: Lunala|move: Yawn|[of] p2a: Dachsbun\n|move|p1a: Lunala|Calm Mind|p1a: Lunala\n|-boost|p1a: Lunala|spa|1\n|-boost|p1a: Lunala|spd|1\n|\n|-heal|p2a: Dachsbun|177/254|[from] item: Leftovers\n|upkeep\n|turn|25\n|\n|t:|1781450012\n|move|p2a: Dachsbun|Wish|p2a: Dachsbun\n|move|p1a: Lunala|Calm Mind|p1a: Lunala\n|-boost|p1a: Lunala|spa|1\n|-boost|p1a: Lunala|spd|1\n|\n|-heal|p2a: Dachsbun|192/254|[from] item: Leftovers\n|-end|p1a: Lunala|move: Yawn|[silent]\n|-status|p1a: Lunala|slp\n|upkeep\n|turn|26\n|\n|t:|1781450014\n|move|p2a: Dachsbun|Play Rough|p1a: Lunala\n|-damage|p1a: Lunala|250/308 slp\n|cant|p1a: Lunala|slp\n|\n|-heal|p2a: Dachsbun|254/254|[from] move: Wish|[wisher] Dachsbun\n|-heal|p1a: Lunala|269/308 slp|[from] item: Leftovers\n|upkeep\n|turn|27\n|\n|t:|1781450020\n|switch|p2a: Piloswine|Piloswine, L85, F|309/309\n|cant|p1a: Lunala|slp\n|\n|-heal|p1a: Lunala|288/308 slp|[from] item: Leftovers\n|upkeep\n|turn|28\n|\n|t:|1781450024\n|cant|p1a: Lunala|slp\n|move|p2a: Piloswine|Icicle Crash|p1a: Lunala\n|-damage|p1a: Lunala|174/308 slp\n|\n|-heal|p1a: Lunala|193/308 slp|[from] item: Leftovers\n|upkeep\n|turn|29\n|\n|t:|1781450027\n|-curestatus|p1a: Lunala|slp|[msg]\n|move|p1a: Lunala|Moonlight|p1a: Lunala\n|-heal|p1a: Lunala|308/308\n|move|p2a: Piloswine|Icicle Crash|p1a: Lunala\n|-damage|p1a: Lunala|248/308\n|\n|-heal|p1a: Lunala|267/308|[from] item: Leftovers\n|upkeep\n|turn|30\n|\n|t:|1781450031\n|move|p1a: Lunala|Moongeist Beam|p2a: Piloswine\n|-damage|p2a: Piloswine|134/309\n|move|p2a: Piloswine|Icicle Crash|p1a: Lunala\n|-damage|p1a: Lunala|158/308\n|\n|-heal|p1a: Lunala|177/308|[from] item: Leftovers\n|upkeep\n|turn|31\n|\n|t:|1781450037\n|move|p1a: Lunala|Moonlight|p1a: Lunala\n|-heal|p1a: Lunala|308/308\n|move|p2a: Piloswine|Icicle Crash|p1a: Lunala\n|-damage|p1a: Lunala|254/308\n|\n|-heal|p1a: Lunala|273/308|[from] item: Leftovers\n|upkeep\n|turn|32\n|\n|t:|1781450040\n|move|p1a: Lunala|Calm Mind|p1a: Lunala\n|-boost|p1a: Lunala|spa|1\n|-boost|p1a: Lunala|spd|1\n|move|p2a: Piloswine|Icicle Crash|p1a: Lunala\n|-damage|p1a: Lunala|161/308\n|\n|-heal|p1a: Lunala|180/308|[from] item: Leftovers\n|upkeep\n|turn|33\n|\n|t:|1781450043\n|move|p1a: Lunala|Calm Mind|p1a: Lunala\n|-boost|p1a: Lunala|spa|1\n|-boost|p1a: Lunala|spd|1\n|move|p2a: Piloswine|Icicle Crash|p1a: Lunala\n|-damage|p1a: Lunala|71/308\n|\n|-heal|p1a: Lunala|90/308|[from] item: Leftovers\n|upkeep\n|turn|34\n|\n|t:|1781450047\n|move|p1a: Lunala|Moonlight|p1a: Lunala\n|-heal|p1a: Lunala|244/308\n|move|p2a: Piloswine|Icicle Crash|p1a: Lunala\n|-damage|p1a: Lunala|136/308\n|\n|-heal|p1a: Lunala|155/308|[from] item: Leftovers\n|upkeep\n|turn|35\n|\n|t:|1781450049\n|move|p1a: Lunala|Moonlight|p1a: Lunala\n|-heal|p1a: Lunala|308/308\n|move|p2a: Piloswine|Icicle Crash|p1a: Lunala\n|-damage|p1a: Lunala|251/308\n|\n|-heal|p1a: Lunala|270/308|[from] item: Leftovers\n|upkeep\n|turn|36\n|\n|t:|1781450052\n|move|p1a: Lunala|Calm Mind|p1a: Lunala\n|-boost|p1a: Lunala|spa|1\n|-boost|p1a: Lunala|spd|1\n|move|p2a: Piloswine|Earthquake|p1a: Lunala\n|-damage|p1a: Lunala|132/308\n|\n|-heal|p1a: Lunala|151/308|[from] item: Leftovers\n|upkeep\n|turn|37\n|\n|t:|1781450054\n|move|p1a: Lunala|Moonlight|p1a: Lunala\n|-heal|p1a: Lunala|305/308\n|move|p2a: Piloswine|Earthquake|p1a: Lunala\n|-damage|p1a: Lunala|175/308\n|\n|-heal|p1a: Lunala|194/308|[from] item: Leftovers\n|upkeep\n|turn|38\n|\n|t:|1781450057\n|move|p1a: Lunala|Moonlight|p1a: Lunala\n|-heal|p1a: Lunala|308/308\n|move|p2a: Piloswine|Earthquake|p1a: Lunala\n|-damage|p1a: Lunala|248/308\n|\n|-heal|p1a: Lunala|267/308|[from] item: Leftovers\n|upkeep\n|turn|39\n|\n|t:|1781450059\n|move|p1a: Lunala|Moongeist Beam|p2a: Piloswine\n|-damage|p2a: Piloswine|0 fnt\n|faint|p2a: Piloswine\n|\n|-heal|p1a: Lunala|286/308|[from] item: Leftovers\n|upkeep\n|\n|t:|1781450062\n|switch|p2a: Dachsbun|Dachsbun, L92, F|254/254\n|turn|40\n|\n|t:|1781450065\n|move|p2a: Dachsbun|Yawn|p1a: Lunala\n|-start|p1a: Lunala|move: Yawn|[of] p2a: Dachsbun\n|move|p1a: Lunala|Moongeist Beam|p2a: Dachsbun\n|-damage|p2a: Dachsbun|0 fnt\n|faint|p2a: Dachsbun\n|\n|-heal|p1a: Lunala|305/308|[from] item: Leftovers\n|upkeep\n|\n|t:|1781450068\n|switch|p2a: Typhlosion|Typhlosion, L84, M, tera:Fire|267/267\n|turn|41\n|\n|t:|1781450070\n|move|p2a: Typhlosion|Eruption|p1a: Lunala\n|-damage|p1a: Lunala|209/308\n|move|p1a: Lunala|Moongeist Beam|p2a: Typhlosion\n|-damage|p2a: Typhlosion|0 fnt\n|faint|p2a: Typhlosion\n|\n|win|xdx42\n", "uploadtime": 1781449821, "views": 7, "formatid": "gen9randombattle", "rating": null, "private": 0, "password": null}