{"id": "gen9randombattle-2631828816", "format": "[Gen 9] Random Battle", "players": ["Dunkin_Smeargle", "PTSree"], "log": "|j|\u2606Dunkin_Smeargle\n|j|\u2606PTSree\n|t:|1781445389\n|gametype|singles\n|player|p1|Dunkin_Smeargle|artist-gen4|1939\n|player|p2|PTSree|1|1986\n|gen|9\n|tier|[Gen 9] Random Battle\n|rated|\n|rule|Species Clause: Limit one of each Pok\u00e9mon\n|rule|HP Percentage Mod: HP is shown in percentages\n|rule|Sleep Clause Mod: Limit one foe put to sleep\n|rule|Illusion Level Mod: Illusion disguises the Pok\u00e9mon's true level\n|\n|t:|1781445389\n|teamsize|p1|6\n|teamsize|p2|6\n|start\n|switch|p1a: Bombirdier|Bombirdier, L85, F|258/258\n|switch|p2a: Necrozma|Necrozma-Dusk-Mane, L69|248/248\n|turn|1\n|inactive|Battle timer is ON: inactive players will automatically lose when time's up. (requested by PTSree)\n|\n|t:|1781445415\n|switch|p2a: Dachsbun|Dachsbun, L92, M|254/254\n|move|p1a: Bombirdier|Knock Off|p2a: Dachsbun\n|-resisted|p2a: Dachsbun\n|-damage|p2a: Dachsbun|212/254\n|-enditem|p2a: Dachsbun|Leftovers|[from] move: Knock Off|[of] p1a: Bombirdier\n|\n|upkeep\n|turn|2\n|\n|t:|1781445435\n|switch|p1a: Dragalge|Dragalge, L88, M|258/258\n|move|p2a: Dachsbun|Wish|p2a: Dachsbun\n|\n|upkeep\n|turn|3\n|\n|t:|1781445448\n|switch|p2a: Glaceon|Glaceon, L94, M|275/275\n|move|p1a: Dragalge|Focus Blast|p2a: Glaceon\n|-supereffective|p2a: Glaceon\n|-damage|p2a: Glaceon|105/275\n|\n|-heal|p2a: Glaceon|232/275|[from] move: Wish|[wisher] Dachsbun\n|upkeep\n|turn|4\n|\n|t:|1781445462\n|move|p2a: Glaceon|Mud Shot|p1a: Dragalge\n|-supereffective|p1a: Dragalge\n|-damage|p1a: Dragalge|168/258\n|-unboost|p1a: Dragalge|spe|1\n|move|p1a: Dragalge|Toxic|p2a: Glaceon\n|-status|p2a: Glaceon|tox\n|\n|-heal|p1a: Dragalge|184/258|[from] item: Leftovers\n|-damage|p2a: Glaceon|215/275 tox|[from] psn\n|upkeep\n|turn|5\n|\n|t:|1781445473\n|move|p2a: Glaceon|Freeze-Dry|p1a: Dragalge\n|-supereffective|p1a: Dragalge\n|-damage|p1a: Dragalge|26/258\n|move|p1a: Dragalge|Draco Meteor|p2a: Glaceon\n|-damage|p2a: Glaceon|45/275 tox\n|-unboost|p1a: Dragalge|spa|2\n|\n|-heal|p1a: Dragalge|42/258|[from] item: Leftovers\n|-damage|p2a: Glaceon|11/275 tox|[from] psn\n|upkeep\n|turn|6\n|\n|t:|1781445488\n|switch|p1a: Samurott|Samurott, L88, M|310/310\n|move|p2a: Glaceon|Freeze-Dry|p1a: Samurott\n|-supereffective|p1a: Samurott\n|-damage|p1a: Samurott|146/310\n|\n|-damage|p2a: Glaceon|0 fnt|[from] psn\n|faint|p2a: Glaceon\n|upkeep\n|\n|t:|1781445505\n|switch|p2a: Dachsbun|Dachsbun, L92, M|212/254\n|turn|7\n|\n|t:|1781445516\n|move|p2a: Dachsbun|Play Rough|p1a: Samurott\n|-damage|p1a: Samurott|52/310\n|move|p1a: Samurott|Hydro Pump|p2a: Dachsbun\n|-damage|p2a: Dachsbun|20/254\n|\n|upkeep\n|turn|8\n|\n|t:|1781445523\n|move|p2a: Dachsbun|Body Press|p1a: Samurott\n|-damage|p1a: Samurott|0 fnt\n|faint|p1a: Samurott\n|\n|upkeep\n|\n|t:|1781445531\n|switch|p1a: Crawdaunt|Crawdaunt, L84, F|243/243\n|turn|9\n|\n|t:|1781445543\n|move|p2a: Dachsbun|Body Press|p1a: Crawdaunt\n|-supereffective|p1a: Crawdaunt\n|-crit|p1a: Crawdaunt\n|-damage|p1a: Crawdaunt|5/243\n|move|p1a: Crawdaunt|Dragon Dance|p1a: Crawdaunt\n|-boost|p1a: Crawdaunt|atk|1\n|-boost|p1a: Crawdaunt|spe|1\n|\n|upkeep\n|turn|10\n|\n|t:|1781445552\n|move|p1a: Crawdaunt|Aqua Jet|p2a: Dachsbun\n|-damage|p2a: Dachsbun|0 fnt\n|faint|p2a: Dachsbun\n|-damage|p1a: Crawdaunt|0 fnt|[from] item: Life Orb\n|faint|p1a: Crawdaunt\n|\n|upkeep\n|\n|t:|1781445579\n|switch|p2a: Palossand|Palossand, L89, F|296/296\n|switch|p1a: Bombirdier|Bombirdier, L85, F|258/258\n|turn|11\n|\n|t:|1781445591\n|move|p1a: Bombirdier|Knock Off|p2a: Palossand\n|-supereffective|p2a: Palossand\n|-damage|p2a: Palossand|108/296\n|-enditem|p2a: Palossand|Leftovers|[from] move: Knock Off|[of] p1a: Bombirdier\n|move|p2a: Palossand|Stealth Rock|p1a: Bombirdier\n|-sidestart|p1: Dunkin_Smeargle|move: Stealth Rock\n|\n|upkeep\n|turn|12\n|\n|t:|1781445609\n|move|p1a: Bombirdier|Knock Off|p2a: Palossand\n|-supereffective|p2a: Palossand\n|-damage|p2a: Palossand|0 fnt\n|faint|p2a: Palossand\n|\n|upkeep\n|\n|t:|1781445612\n|switch|p2a: Pyroar|Pyroar, L88, F|295/295\n|-ability|p2a: Pyroar|Unnerve\n|turn|13\n|\n|t:|1781445638\n|switch|p1a: Dragalge|Dragalge, L88, M|42/258\n|-damage|p1a: Dragalge|10/258|[from] Stealth Rock\n|move|p2a: Pyroar|Fire Blast|p1a: Dragalge\n|-resisted|p1a: Dragalge\n|-damage|p1a: Dragalge|0 fnt\n|faint|p1a: Dragalge\n|\n|upkeep\n|\n|t:|1781445653\n|switch|p1a: Gurdurr|Gurdurr, L85, F|283/283\n|-damage|p1a: Gurdurr|266/283|[from] Stealth Rock\n|turn|14\n|\n|t:|1781445676\n|switch|p2a: Necrozma|Necrozma-Dusk-Mane, L69|248/248\n|move|p1a: Gurdurr|Defog|p2a: Necrozma\n|-unboost|p2a: Necrozma|evasion|1\n|-sideend|p1: Dunkin_Smeargle|Stealth Rock|[from] move: Defog|[of] p1a: Gurdurr\n|\n|upkeep\n|turn|15\n|\n|t:|1781445687\n|move|p2a: Necrozma|Dragon Dance|p2a: Necrozma\n|-boost|p2a: Necrozma|atk|1\n|-boost|p2a: Necrozma|spe|1\n|move|p1a: Gurdurr|Drain Punch|p2a: Necrozma\n|-damage|p2a: Necrozma|175/248\n|-heal|p1a: Gurdurr|283/283|[from] drain|[of] p2a: Necrozma\n|\n|upkeep\n|turn|16\n|\n|t:|1781445698\n|move|p2a: Necrozma|Photon Geyser|p1a: Gurdurr\n|-supereffective|p1a: Gurdurr\n|-damage|p1a: Gurdurr|83/283\n|move|p1a: Gurdurr|Drain Punch|p2a: Necrozma\n|-damage|p2a: Necrozma|96/248\n|-heal|p1a: Gurdurr|123/283|[from] drain|[of] p2a: Necrozma\n|\n|upkeep\n|turn|17\n|\n|t:|1781445708\n|switch|p1a: Bombirdier|Bombirdier, L85, F|258/258\n|move|p2a: Necrozma|Photon Geyser|p1a: Bombirdier\n|-immune|p1a: Bombirdier\n|\n|upkeep\n|turn|18\n|\n|t:|1781445720\n|move|p2a: Necrozma|Sunsteel Strike|p1a: Bombirdier\n|-damage|p1a: Bombirdier|101/258\n|move|p1a: Bombirdier|Knock Off|p2a: Necrozma\n|-supereffective|p2a: Necrozma\n|-damage|p2a: Necrozma|0 fnt\n|-enditem|p2a: Necrozma|Weakness Policy|[from] move: Knock Off|[of] p1a: Bombirdier\n|faint|p2a: Necrozma\n|\n|upkeep\n|\n|t:|1781445730\n|switch|p2a: Pyroar|Pyroar, L88, F|295/295\n|-ability|p2a: Pyroar|Unnerve\n|turn|19\n|\n|t:|1781445745\n|switch|p1a: Lunala|Lunala, L70|308/308\n|move|p2a: Pyroar|Hyper Voice|p1a: Lunala\n|-immune|p1a: Lunala\n|\n|upkeep\n|turn|20\n|\n|t:|1781445763\n|move|p2a: Pyroar|Work Up|p2a: Pyroar\n|-boost|p2a: Pyroar|atk|1\n|-boost|p2a: Pyroar|spa|1\n|move|p1a: Lunala|Calm Mind|p1a: Lunala\n|-boost|p1a: Lunala|spa|1\n|-boost|p1a: Lunala|spd|1\n|\n|upkeep\n|turn|21\n|\n|t:|1781445786\n|move|p2a: Pyroar|Dark Pulse|p1a: Lunala\n|-supereffective|p1a: Lunala\n|-crit|p1a: Lunala\n|-damage|p1a: Lunala|0 fnt\n|faint|p1a: Lunala\n|\n|upkeep\n|\n|t:|1781445794\n|switch|p1a: Gurdurr|Gurdurr, L85, F|123/283\n|turn|22\n|\n|t:|1781445809\n|move|p2a: Pyroar|Hyper Voice|p1a: Gurdurr\n|-damage|p1a: Gurdurr|0 fnt\n|faint|p1a: Gurdurr\n|\n|upkeep\n|inactive|Dunkin_Smeargle has 120 seconds left.\n|inactive|Dunkin_Smeargle has 90 seconds left.\n|inactive|Dunkin_Smeargle has 60 seconds left.\n|inactive|Dunkin_Smeargle has 30 seconds left.\n|inactive|Dunkin_Smeargle has 20 seconds left.\n|inactive|Dunkin_Smeargle has 15 seconds left.\n|inactive|Dunkin_Smeargle has 10 seconds left.\n|inactive|Dunkin_Smeargle has 5 seconds left.\n|-message|Dunkin_Smeargle lost due to inactivity.\n|\n|win|PTSree\n", "uploadtime": 1781445391, "views": 7, "formatid": "gen9randombattle", "rating": null, "private": 0, "password": null}