{"id": "gen9randombattle-2631497862", "format": "[Gen 9] Random Battle", "players": ["Fortre", "bojangles mkII"], "log": "|j|\u2606Fortre\n|j|\u2606bojangles mkII\n|t:|1781392642\n|gametype|singles\n|player|p1|Fortre|1|1982\n|player|p2|bojangles mkII|unknown|2023\n|gen|9\n|tier|[Gen 9] Random Battle\n|rated|\n|rule|Species Clause: Limit one of each Pok\u00e9mon\n|rule|HP Percentage Mod: HP is shown in percentages\n|rule|Sleep Clause Mod: Limit one foe put to sleep\n|rule|Illusion Level Mod: Illusion disguises the Pok\u00e9mon's true level\n|\n|t:|1781392642\n|teamsize|p1|6\n|teamsize|p2|6\n|start\n|switch|p1a: Bruxish|Bruxish, L85, M|254/254\n|switch|p2a: Bisharp|Bisharp, L79, F|232/232\n|turn|1\n|inactive|Battle timer is ON: inactive players will automatically lose when time's up. (requested by bojangles mkII)\n|\n|t:|1781392655\n|switch|p1a: Cobalion|Cobalion, L80|277/277\n|move|p2a: Bisharp|Throat Chop|p1a: Cobalion\n|-resisted|p1a: Cobalion\n|-damage|p1a: Cobalion|240/277\n|-start|p1a: Cobalion|Throat Chop|[silent]\n|-ability|p1a: Cobalion|Justified|boost\n|-boost|p1a: Cobalion|atk|1\n|\n|-heal|p1a: Cobalion|257/277|[from] item: Leftovers\n|upkeep\n|turn|2\n|\n|t:|1781392661\n|switch|p2a: Skeledirge|Skeledirge, L79, M|294/294\n|move|p1a: Cobalion|Calm Mind|p1a: Cobalion\n|-boost|p1a: Cobalion|spa|1\n|-boost|p1a: Cobalion|spd|1\n|\n|-heal|p1a: Cobalion|274/277|[from] item: Leftovers\n|-end|p1a: Cobalion|Throat Chop|[silent]\n|upkeep\n|turn|3\n|\n|t:|1781392686\n|switch|p1a: Bruxish|Bruxish, L85, M|254/254\n|move|p2a: Skeledirge|Shadow Ball|p1a: Bruxish\n|-supereffective|p1a: Bruxish\n|-damage|p1a: Bruxish|48/254\n|\n|upkeep\n|turn|4\n|\n|t:|1781392700\n|switch|p2a: Greninja|Greninja, L80, M|246/246\n|move|p1a: Bruxish|Wave Crash|p2a: Greninja\n|-resisted|p2a: Greninja\n|-damage|p2a: Greninja|128/246\n|-damage|p1a: Bruxish|9/254|[from] Recoil\n|-damage|p1a: Bruxish|0 fnt|[from] item: Life Orb\n|faint|p1a: Bruxish\n|\n|upkeep\n|\n|t:|1781392709\n|switch|p1a: Revavroom|Revavroom, L79, M|256/256\n|turn|5\n|\n|t:|1781392718\n|move|p2a: Greninja|Dark Pulse|p1a: Revavroom\n|-damage|p1a: Revavroom|123/256\n|-damage|p2a: Greninja|104/246|[from] item: Life Orb\n|move|p1a: Revavroom|High Horsepower|p2a: Greninja\n|-damage|p2a: Greninja|0 fnt\n|faint|p2a: Greninja\n|-damage|p1a: Revavroom|98/256|[from] item: Life Orb\n|\n|upkeep\n|\n|t:|1781392730\n|switch|p2a: Rhydon|Rhydon, L85, F|317/317\n|turn|6\n|\n|t:|1781392745\n|move|p1a: Revavroom|Iron Head|p2a: Rhydon\n|-supereffective|p2a: Rhydon\n|-damage|p2a: Rhydon|192/317\n|-damage|p1a: Revavroom|73/256|[from] item: Life Orb\n|cant|p2a: Rhydon|flinch\n|\n|upkeep\n|turn|7\n|\n|t:|1781392750\n|move|p1a: Revavroom|Iron Head|p2a: Rhydon\n|-supereffective|p2a: Rhydon\n|-damage|p2a: Rhydon|72/317\n|-damage|p1a: Revavroom|48/256|[from] item: Life Orb\n|move|p2a: Rhydon|Earthquake|p1a: Revavroom\n|-supereffective|p1a: Revavroom\n|-damage|p1a: Revavroom|0 fnt\n|faint|p1a: Revavroom\n|\n|upkeep\n|\n|t:|1781392756\n|switch|p1a: Cobalion|Cobalion, L80|274/277\n|turn|8\n|\n|t:|1781392757\n|move|p1a: Cobalion|Flash Cannon|p2a: Rhydon\n|-supereffective|p2a: Rhydon\n|-damage|p2a: Rhydon|0 fnt\n|faint|p2a: Rhydon\n|\n|-heal|p1a: Cobalion|277/277|[from] item: Leftovers\n|upkeep\n|\n|t:|1781392759\n|switch|p2a: Skeledirge|Skeledirge, L79, M|294/294\n|turn|9\n|\n|t:|1781392762\n|switch|p1a: Dusknoir|Dusknoir, L89, F|225/225\n|-item|p2a: Skeledirge|Heavy-Duty Boots|[from] ability: Frisk|[of] p1a: Dusknoir\n|move|p2a: Skeledirge|Torch Song|p1a: Dusknoir\n|-damage|p1a: Dusknoir|168/225\n|-boost|p2a: Skeledirge|spa|1\n|\n|upkeep\n|turn|10\n|\n|t:|1781392767\n|switch|p2a: Bisharp|Bisharp, L79, F|232/232\n|move|p1a: Dusknoir|Poltergeist|p2a: Bisharp\n|-activate|p2a: Bisharp|move: Poltergeist|Eviolite\n|-resisted|p2a: Bisharp\n|-damage|p2a: Bisharp|165/232\n|\n|upkeep\n|turn|11\n|\n|t:|1781392770\n|switch|p1a: Cobalion|Cobalion, L80|277/277\n|move|p2a: Bisharp|Throat Chop|p1a: Cobalion\n|-resisted|p1a: Cobalion\n|-damage|p1a: Cobalion|244/277\n|-start|p1a: Cobalion|Throat Chop|[silent]\n|-ability|p1a: Cobalion|Justified|boost\n|-boost|p1a: Cobalion|atk|1\n|\n|-heal|p1a: Cobalion|261/277|[from] item: Leftovers\n|upkeep\n|turn|12\n|\n|t:|1781392775\n|move|p1a: Cobalion|Flash Cannon|p2a: Bisharp\n|-resisted|p2a: Bisharp\n|-crit|p2a: Bisharp\n|-damage|p2a: Bisharp|116/232\n|move|p2a: Bisharp|Iron Head|p1a: Cobalion\n|-resisted|p1a: Cobalion\n|-damage|p1a: Cobalion|223/277\n|\n|-heal|p1a: Cobalion|240/277|[from] item: Leftovers\n|-end|p1a: Cobalion|Throat Chop|[silent]\n|upkeep\n|turn|13\n|\n|t:|1781392780\n|switch|p2a: Skeledirge|Skeledirge, L79, M|294/294\n|move|p1a: Cobalion|Flash Cannon|p2a: Skeledirge\n|-resisted|p2a: Skeledirge\n|-damage|p2a: Skeledirge|252/294\n|\n|-heal|p1a: Cobalion|257/277|[from] item: Leftovers\n|upkeep\n|turn|14\n|\n|t:|1781392784\n|switch|p1a: Kyogre|Kyogre, L71|259/259\n|-weather|RainDance|[from] ability: Drizzle|[of] p1a: Kyogre\n|move|p2a: Skeledirge|Torch Song|p1a: Kyogre\n|-resisted|p1a: Kyogre\n|-damage|p1a: Kyogre|243/259\n|-boost|p2a: Skeledirge|spa|1\n|\n|-weather|RainDance|[upkeep]\n|upkeep\n|turn|15\n|\n|t:|1781392789\n|switch|p2a: Bisharp|Bisharp, L79, F|116/232\n|move|p1a: Kyogre|Water Spout|p2a: Bisharp\n|-damage|p2a: Bisharp|0 fnt\n|faint|p2a: Bisharp\n|\n|-weather|RainDance|[upkeep]\n|upkeep\n|\n|t:|1781392791\n|switch|p2a: Lurantis|Lurantis, L87, F|264/264\n|turn|16\n|\n|t:|1781392795\n|switch|p1a: Cobalion|Cobalion, L80|257/277\n|move|p2a: Lurantis|Leaf Storm|p1a: Cobalion\n|-resisted|p1a: Cobalion\n|-damage|p1a: Cobalion|182/277\n|-boost|p2a: Lurantis|spa|2\n|\n|-weather|RainDance|[upkeep]\n|-heal|p1a: Cobalion|199/277|[from] item: Leftovers\n|upkeep\n|turn|17\n|\n|t:|1781392802\n|switch|p1a: Dusknoir|Dusknoir, L89, F|168/225\n|-item|p2a: Lurantis|Assault Vest|[from] ability: Frisk|[of] p1a: Dusknoir\n|move|p2a: Lurantis|Superpower|p1a: Dusknoir\n|-immune|p1a: Dusknoir\n|\n|-weather|RainDance|[upkeep]\n|upkeep\n|turn|18\n|\n|t:|1781392807\n|move|p1a: Dusknoir|Poltergeist|p2a: Lurantis\n|-activate|p2a: Lurantis|move: Poltergeist|Assault Vest\n|-damage|p2a: Lurantis|74/264\n|move|p2a: Lurantis|Leaf Storm|p1a: Dusknoir\n|-damage|p1a: Dusknoir|11/225\n|-boost|p2a: Lurantis|spa|2\n|\n|-weather|none\n|upkeep\n|turn|19\n|\n|t:|1781392811\n|move|p1a: Dusknoir|Poltergeist|p2a: Lurantis\n|-activate|p2a: Lurantis|move: Poltergeist|Assault Vest\n|-damage|p2a: Lurantis|0 fnt\n|faint|p2a: Lurantis\n|\n|upkeep\n|\n|t:|1781392812\n|switch|p2a: Dodrio|Dodrio, L85, M|241/241\n|turn|20\n|\n|t:|1781392821\n|switch|p1a: Cobalion|Cobalion, L80|199/277\n|move|p2a: Dodrio|Swords Dance|p2a: Dodrio\n|-boost|p2a: Dodrio|atk|2\n|\n|-heal|p1a: Cobalion|216/277|[from] item: Leftovers\n|upkeep\n|turn|21\n|\n|t:|1781392825\n|move|p1a: Cobalion|Vacuum Wave|p2a: Dodrio\n|-damage|p2a: Dodrio|192/241\n|move|p2a: Dodrio|Brave Bird|p1a: Cobalion\n|-damage|p1a: Cobalion|0 fnt\n|faint|p1a: Cobalion\n|-damage|p2a: Dodrio|121/241|[from] Recoil\n|\n|upkeep\n|\n|t:|1781392827\n|switch|p1a: Kyogre|Kyogre, L71|243/259\n|-weather|RainDance|[from] ability: Drizzle|[of] p1a: Kyogre\n|turn|22\n|c|\u2606bojangles mkII|gg\n|\n|t:|1781392831\n|move|p1a: Kyogre|Ice Beam|p2a: Dodrio\n|-supereffective|p2a: Dodrio\n|-damage|p2a: Dodrio|0 fnt\n|faint|p2a: Dodrio\n|\n|-weather|RainDance|[upkeep]\n|upkeep\n|\n|t:|1781392833\n|switch|p2a: Skeledirge|Skeledirge, L79, M|252/294\n|turn|23\n|\n|t:|1781392836\n|switch|p1a: Dusknoir|Dusknoir, L89, F|11/225\n|-item|p2a: Skeledirge|Heavy-Duty Boots|[from] ability: Frisk|[of] p1a: Dusknoir\n|move|p2a: Skeledirge|Flame Charge|p1a: Dusknoir\n|-damage|p1a: Dusknoir|0 fnt\n|-boost|p2a: Skeledirge|spe|1\n|faint|p1a: Dusknoir\n|\n|-weather|RainDance|[upkeep]\n|upkeep\n|\n|t:|1781392838\n|switch|p1a: Azelf|Azelf, L82|257/257\n|turn|24\n|\n|t:|1781392844\n|-terastallize|p2a: Skeledirge|Fairy\n|move|p1a: Azelf|Psychic|p2a: Skeledirge\n|-damage|p2a: Skeledirge|84/294\n|-damage|p1a: Azelf|232/257|[from] item: Life Orb\n|move|p2a: Skeledirge|Flame Charge|p1a: Azelf\n|-damage|p1a: Azelf|211/257\n|-boost|p2a: Skeledirge|spe|1\n|\n|-weather|RainDance|[upkeep]\n|upkeep\n|turn|25\n|\n|t:|1781392853\n|move|p2a: Skeledirge|Slack Off|p2a: Skeledirge\n|-heal|p2a: Skeledirge|231/294\n|move|p1a: Azelf|Psychic|p2a: Skeledirge\n|-damage|p2a: Skeledirge|56/294\n|-damage|p1a: Azelf|186/257|[from] item: Life Orb\n|\n|-weather|RainDance|[upkeep]\n|upkeep\n|turn|26\n|\n|t:|1781392860\n|move|p2a: Skeledirge|Slack Off|p2a: Skeledirge\n|-heal|p2a: Skeledirge|203/294\n|move|p1a: Azelf|Psychic|p2a: Skeledirge\n|-damage|p2a: Skeledirge|42/294\n|-damage|p1a: Azelf|161/257|[from] item: Life Orb\n|\n|-weather|none\n|upkeep\n|turn|27\n|\n|t:|1781392870\n|-terastallize|p1a: Azelf|Dark\n|move|p2a: Skeledirge|Shadow Ball|p1a: Azelf\n|-resisted|p1a: Azelf\n|-damage|p1a: Azelf|111/257\n|move|p1a: Azelf|Psychic|p2a: Skeledirge\n|-damage|p2a: Skeledirge|0 fnt\n|faint|p2a: Skeledirge\n|-damage|p1a: Azelf|86/257|[from] item: Life Orb\n|\n|win|Fortre\n", "uploadtime": 1781392643, "views": 3, "formatid": "gen9randombattle", "rating": null, "private": 0, "password": null}