{"id": "gen9randombattle-2631378350", "format": "[Gen 9] Random Battle", "players": ["Magikarpitalism", "nano jump"], "log": "|j|\u2606Magikarpitalism\n|j|\u2606nano jump\n|t:|1781377592\n|gametype|singles\n|player|p1|Magikarpitalism|steven|2200\n|player|p2|nano jump|steven-masters|2298\n|gen|9\n|tier|[Gen 9] Random Battle\n|rated|\n|rule|Species Clause: Limit one of each Pok\u00e9mon\n|rule|HP Percentage Mod: HP is shown in percentages\n|rule|Sleep Clause Mod: Limit one foe put to sleep\n|rule|Illusion Level Mod: Illusion disguises the Pok\u00e9mon's true level\n|\n|t:|1781377592\n|teamsize|p1|6\n|teamsize|p2|6\n|start\n|switch|p1a: Tropius|Tropius, L91, F|328/328\n|switch|p2a: Brambleghast|Brambleghast, L88, F|240/240\n|turn|1\n|\n|t:|1781377628\n|move|p2a: Brambleghast|Poltergeist|p1a: Tropius|[miss]\n|-miss|p2a: Brambleghast|p1a: Tropius\n|move|p1a: Tropius|Substitute|p1a: Tropius\n|-start|p1a: Tropius|Substitute\n|-damage|p1a: Tropius|246/328\n|\n|upkeep\n|turn|2\n|\n|t:|1781377631\n|move|p2a: Brambleghast|Poltergeist|p1a: Tropius\n|-activate|p1a: Tropius|move: Poltergeist|Sitrus Berry\n|-end|p1a: Tropius|Substitute\n|move|p1a: Tropius|Air Slash|p2a: Brambleghast\n|-supereffective|p2a: Brambleghast\n|-damage|p2a: Brambleghast|54/240\n|\n|-heal|p2a: Brambleghast|69/240|[from] item: Leftovers\n|upkeep\n|turn|3\n|\n|t:|1781377636\n|move|p2a: Brambleghast|Poltergeist|p1a: Tropius\n|-activate|p1a: Tropius|move: Poltergeist|Sitrus Berry\n|-damage|p1a: Tropius|95/328\n|-enditem|p1a: Tropius|Sitrus Berry|[eat]\n|-heal|p1a: Tropius|177/328|[from] item: Sitrus Berry\n|move|p1a: Tropius|Substitute|p1a: Tropius\n|-start|p1a: Tropius|Substitute\n|-damage|p1a: Tropius|95/328\n|\n|-heal|p2a: Brambleghast|84/240|[from] item: Leftovers\n|upkeep\n|turn|4\n|\n|t:|1781377641\n|move|p2a: Brambleghast|Poltergeist||[still]\n|-fail|p2a: Brambleghast\n|move|p1a: Tropius|Air Slash|p2a: Brambleghast\n|-supereffective|p2a: Brambleghast\n|-damage|p2a: Brambleghast|0 fnt\n|faint|p2a: Brambleghast\n|\n|-item|p1a: Tropius|Sitrus Berry|[from] ability: Harvest\n|upkeep\n|-enditem|p1a: Tropius|Sitrus Berry|[eat]\n|-heal|p1a: Tropius|177/328|[from] item: Sitrus Berry\n|\n|t:|1781377647\n|switch|p2a: Iron Boulder|Iron Boulder, L77|265/265\n|turn|5\n|\n|t:|1781377650\n|move|p1a: Tropius|Protect|p1a: Tropius\n|-singleturn|p1a: Tropius|Protect\n|move|p2a: Iron Boulder|Mighty Cleave|p1a: Tropius\n|-supereffective|p1a: Tropius\n|-end|p1a: Tropius|Substitute\n|-damage|p2a: Iron Boulder|239/265|[from] item: Life Orb\n|\n|-item|p1a: Tropius|Sitrus Berry|[from] ability: Harvest\n|upkeep\n|turn|6\n|inactive|Battle timer is ON: inactive players will automatically lose when time's up. (requested by nano jump)\n|\n|t:|1781377674\n|switch|p1a: Suicune|Suicune, L82|298/298\n|-ability|p1a: Suicune|Pressure\n|move|p2a: Iron Boulder|Swords Dance|p2a: Iron Boulder\n|-boost|p2a: Iron Boulder|atk|2\n|\n|upkeep\n|turn|7\n|\n|t:|1781377679\n|move|p2a: Iron Boulder|Mighty Cleave|p1a: Suicune\n|-damage|p1a: Suicune|87/298\n|-damage|p2a: Iron Boulder|213/265|[from] item: Life Orb\n|move|p1a: Suicune|Scald|p2a: Iron Boulder\n|-supereffective|p2a: Iron Boulder\n|-damage|p2a: Iron Boulder|81/265\n|\n|-heal|p1a: Suicune|105/298|[from] item: Leftovers\n|upkeep\n|turn|8\n|\n|t:|1781377688\n|move|p2a: Iron Boulder|Mighty Cleave|p1a: Suicune\n|-damage|p1a: Suicune|0 fnt\n|faint|p1a: Suicune\n|-damage|p2a: Iron Boulder|55/265|[from] item: Life Orb\n|\n|upkeep\n|\n|t:|1781377691\n|switch|p1a: Weavile|Weavile, L79, F|240/240\n|turn|9\n|\n|t:|1781377694\n|-end|p2a: Iron Boulder|Quark Drive|[silent]\n|switch|p2a: Bisharp|Bisharp, L79, M|232/232\n|move|p1a: Weavile|Knock Off|p2a: Bisharp\n|-resisted|p2a: Bisharp\n|-damage|p2a: Bisharp|196/232\n|-enditem|p2a: Bisharp|Eviolite|[from] move: Knock Off|[of] p1a: Weavile\n|\n|upkeep\n|turn|10\n|\n|t:|1781377710\n|-terastallize|p2a: Bisharp|Ghost\n|move|p1a: Weavile|Low Kick|p2a: Bisharp\n|-immune|p2a: Bisharp\n|move|p2a: Bisharp|Iron Head|p1a: Weavile\n|-supereffective|p1a: Weavile\n|-damage|p1a: Weavile|12/240\n|\n|upkeep\n|turn|11\n|\n|t:|1781377726\n|switch|p1a: Chansey|Chansey, L85, F|564/564\n|move|p2a: Bisharp|Sucker Punch||[still]\n|-fail|p2a: Bisharp\n|\n|upkeep\n|turn|12\n|\n|t:|1781377730\n|move|p2a: Bisharp|Swords Dance|p2a: Bisharp\n|-boost|p2a: Bisharp|atk|2\n|move|p1a: Chansey|Thunder Wave|p2a: Bisharp\n|-status|p2a: Bisharp|par\n|\n|upkeep\n|turn|13\n|\n|t:|1781377735\n|move|p1a: Chansey|Stealth Rock|p2a: Bisharp\n|-sidestart|p2: nano jump|move: Stealth Rock\n|move|p2a: Bisharp|Swords Dance|p2a: Bisharp\n|-boost|p2a: Bisharp|atk|2\n|\n|upkeep\n|turn|14\n|\n|t:|1781377739\n|switch|p1a: Weavile|Weavile, L79, F|12/240\n|move|p2a: Bisharp|Throat Chop|p1a: Weavile\n|-resisted|p1a: Weavile\n|-crit|p1a: Weavile\n|-damage|p1a: Weavile|0 fnt\n|faint|p1a: Weavile\n|\n|upkeep\n|\n|t:|1781377746\n|switch|p1a: Malamar|Malamar, L82, M|275/275\n|turn|15\n|\n|t:|1781377749\n|move|p1a: Malamar|Knock Off|p2a: Bisharp\n|-supereffective|p2a: Bisharp\n|-damage|p2a: Bisharp|76/232 par\n|move|p2a: Bisharp|Throat Chop|p1a: Malamar\n|-crit|p1a: Malamar\n|-damage|p1a: Malamar|0 fnt\n|faint|p1a: Malamar\n|\n|upkeep\n|\n|t:|1781377752\n|switch|p1a: Tropius|Tropius, L91, F|177/328\n|turn|16\n|\n|t:|1781377755\n|cant|p2a: Bisharp|par\n|move|p1a: Tropius|Substitute|p1a: Tropius\n|-start|p1a: Tropius|Substitute\n|-damage|p1a: Tropius|95/328\n|-enditem|p1a: Tropius|Sitrus Berry|[eat]\n|-heal|p1a: Tropius|177/328|[from] item: Sitrus Berry\n|\n|upkeep\n|turn|17\n|\n|t:|1781377761\n|move|p1a: Tropius|Leech Seed|p2a: Bisharp\n|-start|p2a: Bisharp|move: Leech Seed\n|cant|p2a: Bisharp|par\n|\n|-damage|p2a: Bisharp|47/232 par|[from] Leech Seed|[of] p1a: Tropius\n|-heal|p1a: Tropius|206/328|[silent]\n|upkeep\n|turn|18\n|\n|t:|1781377765\n|move|p1a: Tropius|Protect|p1a: Tropius\n|-singleturn|p1a: Tropius|Protect\n|cant|p2a: Bisharp|par\n|\n|-damage|p2a: Bisharp|18/232 par|[from] Leech Seed|[of] p1a: Tropius\n|-heal|p1a: Tropius|235/328|[silent]\n|upkeep\n|turn|19\n|\n|t:|1781377770\n|move|p2a: Bisharp|Sucker Punch|p1a: Tropius\n|-end|p1a: Tropius|Substitute\n|move|p1a: Tropius|Air Slash|p2a: Bisharp\n|-damage|p2a: Bisharp|0 fnt\n|faint|p2a: Bisharp\n|\n|-item|p1a: Tropius|Sitrus Berry|[from] ability: Harvest\n|upkeep\n|\n|t:|1781377772\n|switch|p2a: Iron Boulder|Iron Boulder, L77|55/265\n|-damage|p2a: Iron Boulder|22/265|[from] Stealth Rock\n|turn|20\n|\n|t:|1781377775\n|switch|p1a: Chansey|Chansey, L85, F|564/564\n|move|p2a: Iron Boulder|Mighty Cleave|p1a: Chansey\n|-damage|p1a: Chansey|286/564\n|-damage|p2a: Iron Boulder|0 fnt|[from] item: Life Orb\n|faint|p2a: Iron Boulder\n|-end|p2a: Iron Boulder|Quark Drive|[silent]\n|\n|upkeep\n|\n|t:|1781377783\n|switch|p2a: Toedscruel|Toedscruel, L87, F|281/281\n|-damage|p2a: Toedscruel|264/281|[from] Stealth Rock\n|turn|21\n|\n|t:|1781377795\n|move|p2a: Toedscruel|Rapid Spin|p1a: Chansey\n|-damage|p1a: Chansey|215/564\n|-boost|p2a: Toedscruel|spe|1\n|-sideend|p2: nano jump|Stealth Rock|[from] move: Rapid Spin|[of] p2a: Toedscruel\n|move|p1a: Chansey|Soft-Boiled|p1a: Chansey\n|-heal|p1a: Chansey|497/564\n|\n|-heal|p2a: Toedscruel|281/281|[from] item: Leftovers\n|upkeep\n|turn|22\n|\n|t:|1781377798\n|move|p1a: Chansey|Seismic Toss|p2a: Toedscruel\n|-damage|p2a: Toedscruel|196/281\n|move|p2a: Toedscruel|Toxic|p1a: Chansey\n|-status|p1a: Chansey|tox\n|\n|-heal|p2a: Toedscruel|213/281|[from] item: Leftovers\n|-damage|p1a: Chansey|462/564 tox|[from] psn\n|upkeep\n|turn|23\n|\n|t:|1781377804\n|move|p1a: Chansey|Seismic Toss|p2a: Toedscruel\n|-damage|p2a: Toedscruel|128/281\n|move|p2a: Toedscruel|Toxic|p1a: Chansey\n|-fail|p1a: Chansey|tox\n|\n|-heal|p2a: Toedscruel|145/281|[from] item: Leftovers\n|-damage|p1a: Chansey|392/564 tox|[from] psn\n|upkeep\n|turn|24\n|\n|t:|1781377806\n|move|p2a: Toedscruel|Rapid Spin|p1a: Chansey\n|-damage|p1a: Chansey|321/564 tox\n|-boost|p2a: Toedscruel|spe|1\n|move|p1a: Chansey|Seismic Toss|p2a: Toedscruel\n|-damage|p2a: Toedscruel|60/281\n|\n|-heal|p2a: Toedscruel|77/281|[from] item: Leftovers\n|-damage|p1a: Chansey|216/564 tox|[from] psn\n|upkeep\n|turn|25\n|\n|t:|1781377810\n|move|p2a: Toedscruel|Rapid Spin|p1a: Chansey\n|-damage|p1a: Chansey|151/564 tox\n|-boost|p2a: Toedscruel|spe|1\n|move|p1a: Chansey|Seismic Toss|p2a: Toedscruel\n|-damage|p2a: Toedscruel|0 fnt\n|faint|p2a: Toedscruel\n|\n|-damage|p1a: Chansey|11/564 tox|[from] psn\n|upkeep\n|\n|t:|1781377820\n|switch|p2a: Palkia|Palkia-Origin, L72|249/249\n|-ability|p2a: Palkia|Pressure\n|turn|26\n|\n|t:|1781377827\n|move|p2a: Palkia|Fire Blast|p1a: Chansey\n|-damage|p1a: Chansey|0 fnt\n|faint|p1a: Chansey\n|\n|upkeep\n|\n|t:|1781377832\n|switch|p1a: Arceus|Arceus-Ice, L72|291/291\n|turn|27\n|\n|t:|1781377836\n|-terastallize|p1a: Arceus|Electric\n|move|p1a: Arceus|Calm Mind|p1a: Arceus\n|-boost|p1a: Arceus|spa|1\n|-boost|p1a: Arceus|spd|1\n|move|p2a: Palkia|Thunder Wave|p1a: Arceus\n|-immune|p1a: Arceus\n|\n|upkeep\n|turn|28\n|\n|t:|1781377839\n|switch|p2a: Misdreavus|Misdreavus, L90, F|254/254\n|move|p1a: Arceus|Thunderbolt|p2a: Misdreavus\n|-damage|p2a: Misdreavus|172/254\n|\n|upkeep\n|turn|29\n|\n|t:|1781377844\n|move|p1a: Arceus|Thunderbolt|p2a: Misdreavus\n|-damage|p2a: Misdreavus|96/254\n|move|p2a: Misdreavus|Calm Mind|p2a: Misdreavus\n|-boost|p2a: Misdreavus|spa|1\n|-boost|p2a: Misdreavus|spd|1\n|\n|upkeep\n|turn|30\n|\n|t:|1781377849\n|move|p1a: Arceus|Judgment|p2a: Misdreavus\n|-damage|p2a: Misdreavus|23/254\n|move|p2a: Misdreavus|Draining Kiss|p1a: Arceus\n|-damage|p1a: Arceus|257/291\n|-heal|p2a: Misdreavus|49/254|[from] drain|[of] p1a: Arceus\n|\n|upkeep\n|turn|31\n|\n|t:|1781377853\n|move|p1a: Arceus|Thunderbolt|p2a: Misdreavus\n|-damage|p2a: Misdreavus|0 fnt\n|faint|p2a: Misdreavus\n|\n|upkeep\n|\n|t:|1781377857\n|switch|p2a: Palkia|Palkia-Origin, L72|249/249\n|-ability|p2a: Palkia|Pressure\n|turn|32\n|\n|t:|1781377859\n|move|p1a: Arceus|Judgment|p2a: Palkia\n|-damage|p2a: Palkia|111/249\n|move|p2a: Palkia|Hydro Pump|p1a: Arceus\n|-damage|p1a: Arceus|175/291\n|\n|upkeep\n|turn|33\n|\n|t:|1781377862\n|move|p1a: Arceus|Judgment|p2a: Palkia\n|-damage|p2a: Palkia|0 fnt\n|faint|p2a: Palkia\n|\n|win|Magikarpitalism\n|raw|Magikarpitalism's rating: 2200 &rarr; <strong>2225</strong><br />(+25 for winning)\n|raw|nano jump's rating: 2298 &rarr; <strong>2273</strong><br />(-25 for losing)\n", "uploadtime": 1781377593, "views": 6, "formatid": "gen9randombattle", "rating": 2225, "private": 0, "password": null}