{"id": "gen9randombattle-2631871146", "format": "[Gen 9] Random Battle", "players": ["hdjci", "bimiuchiratnhieu"], "log": "|j|\u2606hdjci\n|j|\u2606bimiuchiratnhieu\n|t:|1781450373\n|gametype|singles\n|player|p1|hdjci|265|1933\n|player|p2|bimiuchiratnhieu|hilda|1991\n|gen|9\n|tier|[Gen 9] Random Battle\n|rated|\n|rule|Species Clause: Limit one of each Pok\u00e9mon\n|rule|HP Percentage Mod: HP is shown in percentages\n|rule|Sleep Clause Mod: Limit one foe put to sleep\n|rule|Illusion Level Mod: Illusion disguises the Pok\u00e9mon's true level\n|\n|t:|1781450373\n|teamsize|p1|6\n|teamsize|p2|6\n|start\n|switch|p1a: Ursaring|Ursaring, L84, F|288/288\n|switch|p2a: Raging Bolt|Raging Bolt, L78|323/323\n|turn|1\n|inactive|Battle timer is ON: inactive players will automatically lose when time's up. (requested by bimiuchiratnhieu)\n|\n|t:|1781450387\n|-end|p2a: Raging Bolt|Protosynthesis|[silent]\n|switch|p2a: Masquerain|Masquerain, L87, F|264/264\n|-ability|p2a: Masquerain|Intimidate|boost\n|-unboost|p1a: Ursaring|atk|1\n|move|p1a: Ursaring|Body Slam|p2a: Masquerain\n|-damage|p2a: Masquerain|162/264\n|-status|p2a: Masquerain|par\n|\n|upkeep\n|turn|2\n|\n|t:|1781450400\n|switch|p1a: Gastrodon|Gastrodon-East, L86, M|331/331\n|move|p2a: Masquerain|Sticky Web|p1a: Gastrodon\n|-sidestart|p1: hdjci|move: Sticky Web\n|\n|upkeep\n|turn|3\n|\n|t:|1781450416\n|move|p1a: Gastrodon|Surf|p2a: Masquerain\n|-damage|p2a: Masquerain|68/264 par\n|move|p2a: Masquerain|U-turn|p1a: Gastrodon\n|-damage|p1a: Gastrodon|267/331\n|\n|t:|1781450424\n|switch|p2a: Lilligant|Lilligant, L86, F|261/261|[from] U-turn\n|\n|-heal|p1a: Gastrodon|287/331|[from] item: Leftovers\n|upkeep\n|turn|4\n|\n|t:|1781450445\n|switch|p1a: Cacturne|Cacturne, L92, F|278/278\n|-activate|p1a: Cacturne|move: Sticky Web\n|-unboost|p1a: Cacturne|spe|1\n|move|p2a: Lilligant|Sleep Powder|p1a: Cacturne\n|-immune|p1a: Cacturne\n|\n|upkeep\n|turn|5\n|\n|t:|1781450461\n|switch|p2a: Masquerain|Masquerain, L87, F|68/264 par\n|-ability|p2a: Masquerain|Intimidate|boost\n|-unboost|p1a: Cacturne|atk|1\n|move|p1a: Cacturne|Knock Off|p2a: Masquerain\n|-damage|p2a: Masquerain|0 fnt\n|-enditem|p2a: Masquerain|Heavy-Duty Boots|[from] move: Knock Off|[of] p1a: Cacturne\n|faint|p2a: Masquerain\n|-damage|p1a: Cacturne|251/278|[from] item: Life Orb\n|\n|upkeep\n|\n|t:|1781450471\n|switch|p2a: Ambipom|Ambipom, L84, M|263/263\n|turn|6\n|\n|t:|1781450484\n|switch|p1a: Mudsdale|Mudsdale, L83, M|302/302\n|-activate|p1a: Mudsdale|move: Sticky Web\n|-unboost|p1a: Mudsdale|spe|1\n|move|p2a: Ambipom|Triple Axel|p1a: Mudsdale\n|-supereffective|p1a: Mudsdale\n|-damage|p1a: Mudsdale|244/302\n|-ability|p1a: Mudsdale|Stamina|boost\n|-boost|p1a: Mudsdale|def|1\n|-supereffective|p1a: Mudsdale\n|-damage|p1a: Mudsdale|166/302\n|-ability|p1a: Mudsdale|Stamina|boost\n|-boost|p1a: Mudsdale|def|1\n|-supereffective|p1a: Mudsdale\n|-damage|p1a: Mudsdale|70/302\n|-ability|p1a: Mudsdale|Stamina|boost\n|-boost|p1a: Mudsdale|def|1\n|-hitcount|p1a: Mudsdale|3\n|\n|-heal|p1a: Mudsdale|88/302|[from] item: Leftovers\n|upkeep\n|turn|7\n|inactive|bimiuchiratnhieu has 120 seconds left.\n|\n|t:|1781450529\n|move|p2a: Ambipom|Triple Axel|p1a: Mudsdale\n|-supereffective|p1a: Mudsdale\n|-damage|p1a: Mudsdale|64/302\n|-ability|p1a: Mudsdale|Stamina|boost\n|-boost|p1a: Mudsdale|def|1\n|-supereffective|p1a: Mudsdale\n|-damage|p1a: Mudsdale|26/302\n|-ability|p1a: Mudsdale|Stamina|boost\n|-boost|p1a: Mudsdale|def|1\n|-hitcount|p1a: Mudsdale|2\n|move|p1a: Mudsdale|Earthquake|p2a: Ambipom\n|-damage|p2a: Ambipom|104/263\n|\n|-heal|p1a: Mudsdale|44/302|[from] item: Leftovers\n|upkeep\n|turn|8\n|\n|t:|1781450556\n|move|p2a: Ambipom|Triple Axel|p1a: Mudsdale\n|-supereffective|p1a: Mudsdale\n|-damage|p1a: Mudsdale|24/302\n|-ability|p1a: Mudsdale|Stamina|boost\n|-boost|p1a: Mudsdale|def|1\n|-supereffective|p1a: Mudsdale\n|-damage|p1a: Mudsdale|0 fnt\n|faint|p1a: Mudsdale\n|-hitcount|p1: Mudsdale|2\n|\n|upkeep\n|\n|t:|1781450563\n|switch|p1a: Oinkologne|Oinkologne-F, L92, F|361/361\n|-activate|p1a: Oinkologne|move: Sticky Web\n|-unboost|p1a: Oinkologne|spe|1\n|turn|9\n|inactive|bimiuchiratnhieu has 120 seconds left.\n|\n|t:|1781450598\n|switch|p2a: Azelf|Azelf, L82|257/257\n|move|p1a: Oinkologne|Double-Edge|p2a: Azelf\n|-damage|p2a: Azelf|86/257\n|-damage|p1a: Oinkologne|305/361|[from] Recoil\n|\n|-heal|p1a: Oinkologne|327/361|[from] item: Leftovers\n|upkeep\n|turn|10\n|inactive|hdjci has 120 seconds left.\n|inactive|hdjci has 90 seconds left.\n|inactive|hdjci has 60 seconds left.\n|inactive|hdjci has 30 seconds left.\n|inactive|hdjci has 20 seconds left.\n|inactive|hdjci has 15 seconds left.\n|inactive|hdjci has 10 seconds left.\n|inactive|hdjci has 5 seconds left.\n|\n|t:|1781450730\n|move|p2a: Azelf|Psychic|p1a: Oinkologne\n|-damage|p1a: Oinkologne|205/361\n|-damage|p2a: Azelf|61/257|[from] item: Life Orb\n|move|p1a: Oinkologne|Double-Edge|p2a: Azelf\n|-damage|p2a: Azelf|0 fnt\n|faint|p2a: Azelf\n|-damage|p1a: Oinkologne|185/361|[from] Recoil\n|\n|-heal|p1a: Oinkologne|207/361|[from] item: Leftovers\n|upkeep\n|-message|hdjci forfeited.\n|\n|win|bimiuchiratnhieu\n", "uploadtime": 1781450375, "views": 3, "formatid": "gen9randombattle", "rating": null, "private": 0, "password": null}