{"id": "gen9randombattle-2631919422", "format": "[Gen 9] Random Battle", "players": ["MiracleEggy", "F Boogie"], "log": "|j|\u203dMiracleEggy\n|j|\u2606F Boogie\n|t:|1781455637\n|gametype|singles\n|player|p1|MiracleEggy|soliera|2085\n|player|p2|F Boogie|veteran-gen4|2154\n|gen|9\n|tier|[Gen 9] Random Battle\n|rated|\n|rule|Species Clause: Limit one of each Pok\u00e9mon\n|rule|HP Percentage Mod: HP is shown in percentages\n|rule|Sleep Clause Mod: Limit one foe put to sleep\n|rule|Illusion Level Mod: Illusion disguises the Pok\u00e9mon's true level\n|\n|t:|1781455637\n|teamsize|p1|6\n|teamsize|p2|6\n|start\n|switch|p1a: Misdreavus|Misdreavus, L90, M|254/254\n|switch|p2a: Umbreon|Umbreon, L84, F|297/297\n|turn|1\n|inactive|Battle timer is ON: inactive players will automatically lose when time's up. (requested by MiracleEggy)\n|\n|t:|1781455648\n|move|p1a: Misdreavus|Will-O-Wisp|p2a: Umbreon|[miss]\n|-miss|p1a: Misdreavus|p2a: Umbreon\n|move|p2a: Umbreon|Toxic|p1a: Misdreavus\n|-status|p1a: Misdreavus|tox\n|\n|-damage|p1a: Misdreavus|239/254 tox|[from] psn\n|upkeep\n|turn|2\n|\n|t:|1781455660\n|switch|p1a: Grimmsnarl|Grimmsnarl, L83, M|293/293\n|move|p2a: Umbreon|Protect||[still]\n|-fail|p2a: Umbreon\n|\n|upkeep\n|turn|3\n|\n|t:|1781455670\n|move|p1a: Grimmsnarl|Reflect|p1a: Grimmsnarl\n|-sidestart|p1: MiracleEggy|Reflect\n|move|p2a: Umbreon|Toxic|p1a: Grimmsnarl\n|-status|p1a: Grimmsnarl|tox\n|\n|-damage|p1a: Grimmsnarl|275/293 tox|[from] psn\n|upkeep\n|turn|4\n|\n|t:|1781455676\n|switch|p2a: Victreebel|Victreebel, L90, F|290/290\n|move|p1a: Grimmsnarl|Light Screen|p1a: Grimmsnarl\n|-sidestart|p1: MiracleEggy|move: Light Screen\n|\n|-damage|p1a: Grimmsnarl|239/293 tox|[from] psn\n|upkeep\n|turn|5\n|\n|t:|1781455692\n|switch|p1a: Malamar|Malamar, L82, M|275/275\n|move|p2a: Victreebel|Sludge Wave|p1a: Malamar\n|-damage|p1a: Malamar|181/275\n|-damage|p2a: Victreebel|261/290|[from] item: Life Orb\n|\n|-heal|p1a: Malamar|198/275|[from] item: Leftovers\n|upkeep\n|turn|6\n|\n|t:|1781455700\n|move|p2a: Victreebel|Sludge Wave|p1a: Malamar\n|-damage|p1a: Malamar|115/275\n|-damage|p2a: Victreebel|232/290|[from] item: Life Orb\n|move|p1a: Malamar|Superpower|p2a: Victreebel\n|-resisted|p2a: Victreebel\n|-damage|p2a: Victreebel|185/290\n|-boost|p1a: Malamar|atk|1\n|-boost|p1a: Malamar|def|1\n|\n|-heal|p1a: Malamar|132/275|[from] item: Leftovers\n|upkeep\n|turn|7\n|\n|t:|1781455704\n|move|p2a: Victreebel|Sludge Wave|p1a: Malamar\n|-damage|p1a: Malamar|42/275\n|-damage|p2a: Victreebel|156/290|[from] item: Life Orb\n|move|p1a: Malamar|Rest|p1a: Malamar\n|-status|p1a: Malamar|slp|[from] move: Rest\n|-heal|p1a: Malamar|275/275 slp|[silent]\n|\n|upkeep\n|turn|8\n|\n|t:|1781455707\n|move|p2a: Victreebel|Sludge Wave|p1a: Malamar\n|-damage|p1a: Malamar|189/275 slp\n|-damage|p2a: Victreebel|127/290|[from] item: Life Orb\n|cant|p1a: Malamar|slp\n|move|p1a: Malamar|Sleep Talk|p1a: Malamar\n|move|p1a: Malamar|Rest||[from] move: Sleep Talk|[still]\n|-fail|p1a: Malamar\n|\n|-heal|p1a: Malamar|206/275 slp|[from] item: Leftovers\n|upkeep\n|turn|9\n|\n|t:|1781455714\n|move|p2a: Victreebel|Sludge Wave|p1a: Malamar\n|-damage|p1a: Malamar|114/275 slp\n|-damage|p2a: Victreebel|98/290|[from] item: Life Orb\n|cant|p1a: Malamar|slp\n|move|p1a: Malamar|Sleep Talk|p1a: Malamar\n|move|p1a: Malamar|Superpower|p2a: Victreebel|[from] move: Sleep Talk\n|-resisted|p2a: Victreebel\n|-damage|p2a: Victreebel|34/290\n|-boost|p1a: Malamar|atk|1\n|-boost|p1a: Malamar|def|1\n|\n|-heal|p1a: Malamar|131/275 slp|[from] item: Leftovers\n|upkeep\n|turn|10\n|\n|t:|1781455721\n|move|p2a: Victreebel|Sludge Wave|p1a: Malamar\n|-damage|p1a: Malamar|45/275 slp\n|-damage|p2a: Victreebel|5/290|[from] item: Life Orb\n|-curestatus|p1a: Malamar|slp|[msg]\n|move|p1a: Malamar|Rest|p1a: Malamar\n|-status|p1a: Malamar|slp|[from] move: Rest\n|-heal|p1a: Malamar|275/275 slp|[silent]\n|\n|-sideend|p1: MiracleEggy|Reflect\n|upkeep\n|turn|11\n|\n|t:|1781455724\n|move|p2a: Victreebel|Sludge Wave|p1a: Malamar\n|-damage|p1a: Malamar|181/275 slp\n|-damage|p2a: Victreebel|0 fnt|[from] item: Life Orb\n|faint|p2a: Victreebel\n|cant|p1a: Malamar|slp\n|move|p1a: Malamar|Sleep Talk|p1a: Malamar\n|move|p1a: Malamar|Superpower|p2: Victreebel|[from] move: Sleep Talk|[notarget]\n|-fail|p1a: Malamar\n|\n|-heal|p1a: Malamar|198/275 slp|[from] item: Leftovers\n|-sideend|p1: MiracleEggy|move: Light Screen\n|upkeep\n|\n|t:|1781455728\n|switch|p2a: Lanturn|Lanturn, L89, F|367/367\n|turn|12\n|\n|t:|1781455732\n|move|p2a: Lanturn|Thunderbolt|p1a: Malamar\n|-damage|p1a: Malamar|93/275 slp\n|cant|p1a: Malamar|slp\n|move|p1a: Malamar|Sleep Talk|p1a: Malamar\n|move|p1a: Malamar|Rest||[from] move: Sleep Talk|[still]\n|-fail|p1a: Malamar\n|\n|-heal|p1a: Malamar|110/275 slp|[from] item: Leftovers\n|upkeep\n|turn|13\n|\n|t:|1781455739\n|move|p2a: Lanturn|Thunderbolt|p1a: Malamar\n|-damage|p1a: Malamar|4/275 slp\n|-curestatus|p1a: Malamar|slp|[msg]\n|move|p1a: Malamar|Rest|p1a: Malamar\n|-status|p1a: Malamar|slp|[from] move: Rest\n|-heal|p1a: Malamar|275/275 slp|[silent]\n|\n|upkeep\n|turn|14\n|\n|t:|1781455749\n|move|p2a: Lanturn|Volt Switch|p1a: Malamar\n|-damage|p1a: Malamar|188/275 slp\n|\n|t:|1781455751\n|switch|p2a: Okidogi|Okidogi, L77, M|262/262|[from] Volt Switch\n|cant|p1a: Malamar|slp\n|move|p1a: Malamar|Sleep Talk|p1a: Malamar\n|move|p1a: Malamar|Rest||[from] move: Sleep Talk|[still]\n|-fail|p1a: Malamar\n|\n|-heal|p1a: Malamar|205/275 slp|[from] item: Leftovers\n|upkeep\n|turn|15\n|\n|t:|1781455763\n|switch|p1a: Bronzong|Bronzong, L88|261/261\n|move|p2a: Okidogi|Knock Off|p1a: Bronzong\n|-supereffective|p1a: Bronzong\n|-damage|p1a: Bronzong|151/261\n|-enditem|p1a: Bronzong|Leftovers|[from] move: Knock Off|[of] p2a: Okidogi\n|\n|upkeep\n|turn|16\n|\n|t:|1781455768\n|switch|p2a: Umbreon|Umbreon, L84, F|297/297\n|move|p1a: Bronzong|Stealth Rock|p2a: Umbreon\n|-sidestart|p2: F Boogie|move: Stealth Rock\n|\n|upkeep\n|turn|17\n|\n|t:|1781455774\n|switch|p1a: Malamar|Malamar, L82, M|205/275 slp\n|move|p2a: Umbreon|Foul Play|p1a: Malamar\n|-damage|p1a: Malamar|111/275 slp\n|\n|-heal|p1a: Malamar|128/275 slp|[from] item: Leftovers\n|upkeep\n|turn|18\n|\n|t:|1781455779\n|cant|p1a: Malamar|slp\n|move|p1a: Malamar|Sleep Talk|p1a: Malamar\n|move|p1a: Malamar|Knock Off|p2a: Umbreon|[from] move: Sleep Talk\n|-resisted|p2a: Umbreon\n|-damage|p2a: Umbreon|257/297\n|-enditem|p2a: Umbreon|Leftovers|[from] move: Knock Off|[of] p1a: Malamar\n|move|p2a: Umbreon|Foul Play|p1a: Malamar\n|-damage|p1a: Malamar|28/275 slp\n|\n|-heal|p1a: Malamar|45/275 slp|[from] item: Leftovers\n|upkeep\n|turn|19\n|\n|t:|1781455786\n|-curestatus|p1a: Malamar|slp|[msg]\n|move|p1a: Malamar|Rest|p1a: Malamar\n|-status|p1a: Malamar|slp|[from] move: Rest\n|-heal|p1a: Malamar|275/275 slp|[silent]\n|move|p2a: Umbreon|Wish|p2a: Umbreon\n|\n|upkeep\n|turn|20\n|\n|t:|1781455794\n|switch|p1a: Grimmsnarl|Grimmsnarl, L83, M|239/293 tox\n|move|p2a: Umbreon|Foul Play|p1a: Grimmsnarl\n|-resisted|p1a: Grimmsnarl\n|-damage|p1a: Grimmsnarl|203/293 tox\n|\n|-heal|p2a: Umbreon|297/297|[from] move: Wish|[wisher] Umbreon\n|-damage|p1a: Grimmsnarl|185/293 tox|[from] psn\n|upkeep\n|turn|21\n|\n|t:|1781455808\n|switch|p2a: Lanturn|Lanturn, L89, F|367/367\n|move|p1a: Grimmsnarl|Reflect|p1a: Grimmsnarl\n|-sidestart|p1: MiracleEggy|Reflect\n|\n|-damage|p1a: Grimmsnarl|149/293 tox|[from] psn\n|upkeep\n|turn|22\n|\n|t:|1781455811\n|move|p1a: Grimmsnarl|Light Screen|p1a: Grimmsnarl\n|-sidestart|p1: MiracleEggy|move: Light Screen\n|move|p2a: Lanturn|Thunderbolt|p1a: Grimmsnarl\n|-damage|p1a: Grimmsnarl|94/293 tox\n|\n|-damage|p1a: Grimmsnarl|40/293 tox|[from] psn\n|upkeep\n|turn|23\n|\n|t:|1781455836\n|switch|p1a: Froslass|Froslass, L87, F|263/263\n|move|p2a: Lanturn|Thunderbolt|p1a: Froslass\n|-damage|p1a: Froslass|209/263\n|-start|p2a: Lanturn|Disable|Thunderbolt|[from] ability: Cursed Body|[of] p1a: Froslass\n|\n|upkeep\n|turn|24\n|\n|t:|1781455839\n|move|p1a: Froslass|Spikes|p2a: Lanturn\n|-sidestart|p2: F Boogie|Spikes\n|move|p2a: Lanturn|Thunder Wave|p1a: Froslass\n|-status|p1a: Froslass|par\n|\n|upkeep\n|turn|25\n|\n|t:|1781455845\n|switch|p2a: Okidogi|Okidogi, L77, M|262/262\n|-damage|p2a: Okidogi|246/262|[from] Stealth Rock\n|-damage|p2a: Okidogi|214/262|[from] Spikes\n|cant|p1a: Froslass|par\n|\n|upkeep\n|turn|26\n|\n|t:|1781455848\n|move|p2a: Okidogi|Knock Off|p1a: Froslass\n|-supereffective|p1a: Froslass\n|-damage|p1a: Froslass|122/263 par\n|-start|p2a: Okidogi|Disable|Knock Off|[from] ability: Cursed Body|[of] p1a: Froslass\n|-enditem|p1a: Froslass|Wide Lens|[from] move: Knock Off|[of] p2a: Okidogi\n|move|p1a: Froslass|Spikes|p2a: Okidogi\n|-sidestart|p2: F Boogie|Spikes\n|\n|upkeep\n|turn|27\n|\n|t:|1781455856\n|switch|p2a: Umbreon|Umbreon, L84, F|297/297\n|-damage|p2a: Umbreon|260/297|[from] Stealth Rock\n|-damage|p2a: Umbreon|211/297|[from] Spikes\n|cant|p1a: Froslass|par\n|\n|upkeep\n|turn|28\n|\n|t:|1781455860\n|move|p2a: Umbreon|Wish|p2a: Umbreon\n|cant|p1a: Froslass|par\n|\n|-sideend|p1: MiracleEggy|Reflect\n|upkeep\n|turn|29\n|\n|t:|1781455863\n|move|p2a: Umbreon|Foul Play|p1a: Froslass\n|-supereffective|p1a: Froslass\n|-damage|p1a: Froslass|0 fnt\n|faint|p1a: Froslass\n|\n|-heal|p2a: Umbreon|297/297|[from] move: Wish|[wisher] Umbreon\n|-sideend|p1: MiracleEggy|move: Light Screen\n|upkeep\n|\n|t:|1781455869\n|switch|p1a: Grimmsnarl|Grimmsnarl, L83, M|40/293 tox\n|turn|30\n|\n|t:|1781455871\n|move|p2a: Umbreon|Wish|p2a: Umbreon\n|move|p1a: Grimmsnarl|Spirit Break|p2a: Umbreon\n|-supereffective|p2a: Umbreon\n|-damage|p2a: Umbreon|139/297\n|-unboost|p2a: Umbreon|spa|1\n|\n|-damage|p1a: Grimmsnarl|22/293 tox|[from] psn\n|upkeep\n|turn|31\n|\n|t:|1781455897\n|switch|p1a: Malamar|Malamar, L82, M|275/275 slp\n|move|p2a: Umbreon|Foul Play|p1a: Malamar\n|-damage|p1a: Malamar|187/275 slp\n|\n|-heal|p2a: Umbreon|287/297|[from] move: Wish|[wisher] Umbreon\n|-heal|p1a: Malamar|204/275 slp|[from] item: Leftovers\n|upkeep\n|turn|32\n|\n|t:|1781455907\n|cant|p1a: Malamar|slp\n|move|p1a: Malamar|Sleep Talk|p1a: Malamar\n|move|p1a: Malamar|Superpower|p2a: Umbreon|[from] move: Sleep Talk\n|-supereffective|p2a: Umbreon\n|-crit|p2a: Umbreon\n|-damage|p2a: Umbreon|79/297\n|-boost|p1a: Malamar|atk|1\n|-boost|p1a: Malamar|def|1\n|move|p2a: Umbreon|Wish|p2a: Umbreon\n|\n|-heal|p1a: Malamar|221/275 slp|[from] item: Leftovers\n|upkeep\n|turn|33\n|\n|t:|1781455913\n|switch|p2a: Okidogi|Okidogi, L77, M|214/262\n|-damage|p2a: Okidogi|198/262|[from] Stealth Rock\n|-damage|p2a: Okidogi|155/262|[from] Spikes\n|cant|p1a: Malamar|slp\n|move|p1a: Malamar|Sleep Talk|p1a: Malamar\n|move|p1a: Malamar|Rest||[from] move: Sleep Talk|[still]\n|-fail|p1a: Malamar\n|\n|-heal|p2a: Okidogi|262/262|[from] move: Wish|[wisher] Umbreon\n|-heal|p1a: Malamar|238/275 slp|[from] item: Leftovers\n|upkeep\n|turn|34\n|\n|t:|1781455924\n|move|p2a: Okidogi|Knock Off|p1a: Malamar\n|-damage|p1a: Malamar|190/275 slp\n|-enditem|p1a: Malamar|Leftovers|[from] move: Knock Off|[of] p2a: Okidogi\n|-curestatus|p1a: Malamar|slp|[msg]\n|move|p1a: Malamar|Superpower|p2a: Okidogi\n|-resisted|p2a: Okidogi\n|-damage|p2a: Okidogi|208/262\n|-boost|p1a: Malamar|atk|1\n|-boost|p1a: Malamar|def|1\n|\n|upkeep\n|turn|35\n|\n|t:|1781455929\n|move|p2a: Okidogi|Drain Punch|p1a: Malamar\n|-damage|p1a: Malamar|142/275\n|-heal|p2a: Okidogi|232/262|[from] drain|[of] p1a: Malamar\n|move|p1a: Malamar|Knock Off|p2a: Okidogi\n|-resisted|p2a: Okidogi\n|-damage|p2a: Okidogi|145/262\n|-enditem|p2a: Okidogi|Assault Vest|[from] move: Knock Off|[of] p1a: Malamar\n|\n|upkeep\n|turn|36\n|\n|t:|1781455933\n|move|p2a: Okidogi|Drain Punch|p1a: Malamar\n|-damage|p1a: Malamar|102/275\n|-heal|p2a: Okidogi|165/262|[from] drain|[of] p1a: Malamar\n|-status|p1a: Malamar|tox|[from] ability: Toxic Chain|[of] p2a: Okidogi\n|move|p1a: Malamar|Knock Off|p2a: Okidogi\n|-resisted|p2a: Okidogi\n|-damage|p2a: Okidogi|106/262\n|\n|-damage|p1a: Malamar|85/275 tox|[from] psn\n|upkeep\n|turn|37\n|\n|t:|1781455936\n|move|p2a: Okidogi|Gunk Shot|p1a: Malamar\n|-damage|p1a: Malamar|12/275 tox\n|move|p1a: Malamar|Rest|p1a: Malamar\n|-status|p1a: Malamar|slp|[from] move: Rest\n|-heal|p1a: Malamar|275/275 slp|[silent]\n|\n|upkeep\n|turn|38\n|\n|t:|1781455939\n|move|p2a: Okidogi|Drain Punch|p1a: Malamar\n|-damage|p1a: Malamar|230/275 slp\n|-heal|p2a: Okidogi|129/262|[from] drain|[of] p1a: Malamar\n|cant|p1a: Malamar|slp\n|move|p1a: Malamar|Sleep Talk|p1a: Malamar\n|move|p1a: Malamar|Knock Off|p2a: Okidogi|[from] move: Sleep Talk\n|-resisted|p2a: Okidogi\n|-damage|p2a: Okidogi|77/262\n|\n|upkeep\n|turn|39\n|\n|t:|1781455944\n|move|p2a: Okidogi|Drain Punch|p1a: Malamar\n|-damage|p1a: Malamar|190/275 slp\n|-heal|p2a: Okidogi|97/262|[from] drain|[of] p1a: Malamar\n|cant|p1a: Malamar|slp\n|move|p1a: Malamar|Sleep Talk|p1a: Malamar\n|move|p1a: Malamar|Superpower|p2a: Okidogi|[from] move: Sleep Talk\n|-resisted|p2a: Okidogi\n|-damage|p2a: Okidogi|32/262\n|-boost|p1a: Malamar|atk|1\n|-boost|p1a: Malamar|def|1\n|\n|upkeep\n|turn|40\n|\n|t:|1781455960\n|move|p2a: Okidogi|Gunk Shot|p1a: Malamar|[miss]\n|-miss|p2a: Okidogi|p1a: Malamar\n|-curestatus|p1a: Malamar|slp|[msg]\n|move|p1a: Malamar|Knock Off|p2a: Okidogi\n|-resisted|p2a: Okidogi\n|-damage|p2a: Okidogi|0 fnt\n|faint|p2a: Okidogi\n|\n|upkeep\n|\n|t:|1781455963\n|switch|p2a: Lanturn|Lanturn, L89, F|367/367\n|turn|41\n|\n|t:|1781455969\n|move|p2a: Lanturn|Thunderbolt|p1a: Malamar\n|-damage|p1a: Malamar|87/275\n|move|p1a: Malamar|Rest|p1a: Malamar\n|-status|p1a: Malamar|slp|[from] move: Rest\n|-heal|p1a: Malamar|275/275 slp|[silent]\n|\n|upkeep\n|turn|42\n|\n|t:|1781455973\n|move|p2a: Lanturn|Thunderbolt|p1a: Malamar\n|-damage|p1a: Malamar|182/275 slp\n|cant|p1a: Malamar|slp\n|move|p1a: Malamar|Sleep Talk|p1a: Malamar\n|move|p1a: Malamar|Rest||[from] move: Sleep Talk|[still]\n|-fail|p1a: Malamar\n|\n|upkeep\n|turn|43\n|inactive|MiracleEggy has 120 seconds left.\n|\n|t:|1781456008\n|switch|p1a: Grimmsnarl|Grimmsnarl, L83, M|22/293 tox\n|move|p2a: Lanturn|Thunderbolt|p1a: Grimmsnarl\n|-damage|p1a: Grimmsnarl|0 fnt\n|faint|p1a: Grimmsnarl\n|\n|upkeep\n|\n|t:|1781456033\n|switch|p1a: Drednaw|Drednaw, L81, M|278/278\n|turn|44\n|\n|t:|1781456039\n|move|p2a: Lanturn|Thunderbolt|p1a: Drednaw\n|-supereffective|p1a: Drednaw\n|-damage|p1a: Drednaw|50/278\n|move|p1a: Drednaw|Shell Smash|p1a: Drednaw\n|-unboost|p1a: Drednaw|def|1\n|-unboost|p1a: Drednaw|spd|1\n|-boost|p1a: Drednaw|atk|2\n|-boost|p1a: Drednaw|spa|2\n|-boost|p1a: Drednaw|spe|2\n|-enditem|p1a: Drednaw|White Herb\n|-clearnegativeboost|p1a: Drednaw|[silent]\n|\n|upkeep\n|turn|45\n|\n|t:|1781456050\n|-terastallize|p2a: Lanturn|Flying\n|move|p1a: Drednaw|Stone Edge|p2a: Lanturn\n|-supereffective|p2a: Lanturn\n|-damage|p2a: Lanturn|0 fnt\n|faint|p2a: Lanturn\n|\n|upkeep\n|\n|t:|1781456054\n|switch|p2a: Baxcalibur|Baxcalibur, L75, F|295/295\n|-damage|p2a: Baxcalibur|222/295|[from] Stealth Rock\n|-damage|p2a: Baxcalibur|173/295|[from] Spikes\n|turn|46\n|inactive|MiracleEggy has 120 seconds left.\n|\n|t:|1781456070\n|move|p2a: Baxcalibur|Ice Shard|p1a: Drednaw\n|-resisted|p1a: Drednaw\n|-damage|p1a: Drednaw|16/278\n|move|p1a: Drednaw|Stone Edge|p2a: Baxcalibur\n|-supereffective|p2a: Baxcalibur\n|-damage|p2a: Baxcalibur|0 fnt\n|faint|p2a: Baxcalibur\n|\n|upkeep\n|c|\u2606F Boogie|gg\n|-message|F Boogie forfeited.\n|\n|win|MiracleEggy\n|raw|MiracleEggy's rating: 2085 &rarr; <strong>2109</strong><br />(+24 for winning)\n|raw|F Boogie's rating: 2154 &rarr; <strong>2130</strong><br />(-24 for losing)\n", "uploadtime": 1781455639, "views": 3, "formatid": "gen9randombattle", "rating": 2109, "private": 0, "password": null}