{"id": "gen9randombattle-2631815199", "format": "[Gen 9] Random Battle", "players": ["Schibi", "anateuh"], "log": "|j|\u2606Schibi\n|j|\u2606anateuh\n|t:|1781443629\n|gametype|singles\n|player|p1|Schibi|265|1969\n|player|p2|anateuh|170|1984\n|gen|9\n|tier|[Gen 9] Random Battle\n|rated|\n|rule|Species Clause: Limit one of each Pok\u00e9mon\n|rule|HP Percentage Mod: HP is shown in percentages\n|rule|Sleep Clause Mod: Limit one foe put to sleep\n|rule|Illusion Level Mod: Illusion disguises the Pok\u00e9mon's true level\n|\n|t:|1781443629\n|teamsize|p1|6\n|teamsize|p2|6\n|start\n|switch|p1a: Archaludon|Archaludon, L78, F|268/268\n|switch|p2a: Regice|Regice, L88|284/284\n|turn|1\n|inactive|Battle timer is ON: inactive players will automatically lose when time's up. (requested by Schibi)\n|\n|t:|1781443644\n|move|p1a: Archaludon|Stealth Rock|p2a: Regice\n|-sidestart|p2: anateuh|move: Stealth Rock\n|move|p2a: Regice|Ice Beam|p1a: Archaludon\n|-damage|p1a: Archaludon|124/268\n|-ability|p1a: Archaludon|Stamina|boost\n|-boost|p1a: Archaludon|def|1\n|\n|-heal|p1a: Archaludon|140/268|[from] item: Leftovers\n|upkeep\n|turn|2\n|\n|t:|1781443652\n|switch|p2a: Oricorio|Oricorio-Sensu, L85, M|266/266\n|move|p1a: Archaludon|Body Press|p2a: Oricorio\n|-immune|p2a: Oricorio\n|\n|-heal|p1a: Archaludon|156/268|[from] item: Leftovers\n|upkeep\n|turn|3\n|\n|t:|1781443658\n|switch|p1a: Kleavor|Kleavor, L78, F|237/237\n|move|p2a: Oricorio|Quiver Dance|p2a: Oricorio\n|-boost|p2a: Oricorio|spa|1\n|-boost|p2a: Oricorio|spd|1\n|-boost|p2a: Oricorio|spe|1\n|\n|upkeep\n|turn|4\n|\n|t:|1781443661\n|move|p2a: Oricorio|Hurricane|p1a: Kleavor\n|-damage|p1a: Kleavor|23/237\n|-start|p1a: Kleavor|confusion\n|-activate|p1a: Kleavor|confusion\n|-damage|p1a: Kleavor|0 fnt|[from] confusion\n|faint|p1a: Kleavor\n|\n|upkeep\n|\n|t:|1781443669\n|switch|p1a: Arcanine|Arcanine, L84, F|288/288\n|-ability|p1a: Arcanine|Intimidate|boost\n|-unboost|p2a: Oricorio|atk|1\n|turn|5\n|\n|t:|1781443674\n|move|p2a: Oricorio|Revelation Dance|p1a: Arcanine\n|-damage|p1a: Arcanine|125/288\n|move|p1a: Arcanine|Flare Blitz|p2a: Oricorio\n|-damage|p2a: Oricorio|97/266\n|-status|p2a: Oricorio|brn\n|-damage|p1a: Arcanine|69/288|[from] Recoil\n|\n|-damage|p2a: Oricorio|81/266 brn|[from] brn\n|upkeep\n|turn|6\n|\n|t:|1781443682\n|switch|p1a: Ursaring|Ursaring, L84, M|288/288\n|move|p2a: Oricorio|Roost|p2a: Oricorio\n|-heal|p2a: Oricorio|214/266 brn\n|-singleturn|p2a: Oricorio|move: Roost\n|\n|-damage|p2a: Oricorio|198/266 brn|[from] brn\n|-status|p1a: Ursaring|tox|[from] item: Toxic Orb\n|upkeep\n|turn|7\n|\n|t:|1781443685\n|move|p2a: Oricorio|Hurricane|p1a: Ursaring|[miss]\n|-miss|p2a: Oricorio|p1a: Ursaring\n|move|p1a: Ursaring|Facade|p2a: Oricorio\n|-immune|p2a: Oricorio\n|\n|-damage|p1a: Ursaring|270/288 tox|[from] psn\n|-damage|p2a: Oricorio|182/266 brn|[from] brn\n|upkeep\n|turn|8\n|\n|t:|1781443690\n|-terastallize|p2a: Oricorio|Fighting\n|move|p2a: Oricorio|Revelation Dance|p1a: Ursaring\n|-supereffective|p1a: Ursaring\n|-damage|p1a: Ursaring|0 fnt\n|faint|p1a: Ursaring\n|\n|-damage|p2a: Oricorio|166/266 brn|[from] brn\n|upkeep\n|\n|t:|1781443695\n|switch|p1a: Gastrodon|Gastrodon-East, L86, M|331/331\n|turn|9\n|\n|t:|1781443699\n|move|p2a: Oricorio|Revelation Dance|p1a: Gastrodon\n|-damage|p1a: Gastrodon|169/331\n|move|p1a: Gastrodon|Earthquake|p2a: Oricorio\n|-damage|p2a: Oricorio|58/266 brn\n|\n|-heal|p1a: Gastrodon|189/331|[from] item: Leftovers\n|-damage|p2a: Oricorio|42/266 brn|[from] brn\n|upkeep\n|turn|10\n|\n|t:|1781443705\n|move|p2a: Oricorio|Hurricane|p1a: Gastrodon\n|-damage|p1a: Gastrodon|0 fnt\n|faint|p1a: Gastrodon\n|\n|-damage|p2a: Oricorio|26/266 brn|[from] brn\n|upkeep\n|\n|t:|1781443707\n|switch|p1a: Arcanine|Arcanine, L84, F|69/288\n|-ability|p1a: Arcanine|Intimidate|boost\n|-unboost|p2a: Oricorio|atk|1\n|turn|11\n|\n|t:|1781443710\n|move|p1a: Arcanine|Extreme Speed|p2a: Oricorio\n|-damage|p2a: Oricorio|0 fnt\n|faint|p2a: Oricorio\n|\n|upkeep\n|\n|t:|1781443712\n|switch|p2a: Spectrier|Spectrier, L75|274/274\n|-damage|p2a: Spectrier|240/274|[from] Stealth Rock\n|turn|12\n|\n|t:|1781443719\n|move|p2a: Spectrier|Shadow Ball|p1a: Arcanine\n|-damage|p1a: Arcanine|0 fnt\n|faint|p1a: Arcanine\n|-ability|p2a: Spectrier|Grim Neigh|boost\n|-boost|p2a: Spectrier|spa|1\n|-damage|p2a: Spectrier|213/274|[from] item: Life Orb\n|\n|upkeep\n|\n|t:|1781443721\n|switch|p1a: Falinks|Falinks, L84|246/246\n|turn|13\n|\n|t:|1781443724\n|-terastallize|p1a: Falinks|Dark\n|move|p2a: Spectrier|Shadow Ball|p1a: Falinks\n|-resisted|p1a: Falinks\n|-damage|p1a: Falinks|130/246\n|-unboost|p1a: Falinks|spd|1\n|-ability|p1a: Falinks|Defiant|boost\n|-boost|p1a: Falinks|atk|2\n|-damage|p2a: Spectrier|186/274|[from] item: Life Orb\n|move|p1a: Falinks|No Retreat|p1a: Falinks\n|-boost|p1a: Falinks|atk|1\n|-boost|p1a: Falinks|def|1\n|-boost|p1a: Falinks|spa|1\n|-boost|p1a: Falinks|spd|1\n|-boost|p1a: Falinks|spe|1\n|-start|p1a: Falinks|move: No Retreat\n|\n|upkeep\n|turn|14\n|\n|t:|1781443730\n|switch|p2a: Brute Bonnet|Brute Bonnet, L80|309/309\n|-damage|p2a: Brute Bonnet|271/309|[from] Stealth Rock\n|move|p1a: Falinks|Knock Off|p2a: Brute Bonnet\n|-resisted|p2a: Brute Bonnet\n|-crit|p2a: Brute Bonnet\n|-damage|p2a: Brute Bonnet|33/309\n|-enditem|p2a: Brute Bonnet|Leftovers|[from] move: Knock Off|[of] p1a: Falinks\n|-damage|p1a: Falinks|106/246|[from] item: Life Orb\n|\n|upkeep\n|turn|15\n|\n|t:|1781443734\n|move|p2a: Brute Bonnet|Sucker Punch|p1a: Falinks\n|-resisted|p1a: Falinks\n|-damage|p1a: Falinks|81/246\n|move|p1a: Falinks|Iron Head|p2a: Brute Bonnet\n|-damage|p2a: Brute Bonnet|0 fnt\n|faint|p2a: Brute Bonnet\n|-end|p2a: Brute Bonnet|Protosynthesis|[silent]\n|-damage|p1a: Falinks|57/246|[from] item: Life Orb\n|\n|upkeep\n|\n|t:|1781443749\n|switch|p2a: Spectrier|Spectrier, L75|186/274\n|-damage|p2a: Spectrier|152/274|[from] Stealth Rock\n|turn|16\n|\n|t:|1781443752\n|switch|p2a: Regice|Regice, L88|284/284\n|move|p1a: Falinks|Knock Off|p2a: Regice\n|-damage|p2a: Regice|0 fnt\n|-enditem|p2a: Regice|Heavy-Duty Boots|[from] move: Knock Off|[of] p1a: Falinks\n|faint|p2a: Regice\n|-damage|p1a: Falinks|33/246|[from] item: Life Orb\n|\n|upkeep\n|\n|t:|1781443756\n|switch|p2a: Beartic|Beartic, L91, F|321/321\n|turn|17\n|\n|t:|1781443768\n|move|p1a: Falinks|Close Combat|p2a: Beartic\n|-supereffective|p2a: Beartic\n|-damage|p2a: Beartic|0 fnt\n|-unboost|p1a: Falinks|def|1\n|-unboost|p1a: Falinks|spd|1\n|faint|p2a: Beartic\n|-damage|p1a: Falinks|9/246|[from] item: Life Orb\n|\n|upkeep\n|\n|t:|1781443770\n|switch|p2a: Spectrier|Spectrier, L75|152/274\n|-damage|p2a: Spectrier|118/274|[from] Stealth Rock\n|turn|18\n|\n|t:|1781443774\n|move|p1a: Falinks|Knock Off|p2a: Spectrier\n|-supereffective|p2a: Spectrier\n|-damage|p2a: Spectrier|0 fnt\n|-enditem|p2a: Spectrier|Life Orb|[from] move: Knock Off|[of] p1a: Falinks\n|faint|p2a: Spectrier\n|-damage|p1a: Falinks|0 fnt|[from] item: Life Orb\n|faint|p1a: Falinks\n|\n|upkeep\n|\n|t:|1781443777\n|switch|p2a: Gallade|Gallade, L80, M|240/240\n|switch|p1a: Archaludon|Archaludon, L78, F|156/268\n|-damage|p2a: Gallade|225/240|[from] Stealth Rock\n|turn|19\n|\n|t:|1781443782\n|move|p1a: Archaludon|Draco Meteor|p2a: Gallade\n|-damage|p2a: Gallade|95/240\n|-unboost|p1a: Archaludon|spa|2\n|move|p2a: Gallade|Sacred Sword|p1a: Archaludon\n|-supereffective|p1a: Archaludon\n|-damage|p1a: Archaludon|0 fnt\n|faint|p1a: Archaludon\n|\n|win|anateuh\n", "uploadtime": 1781443631, "views": 3, "formatid": "gen9randombattle", "rating": null, "private": 0, "password": null}