{"id": "gen9randombattle-2631653092", "format": "[Gen 9] Random Battle", "players": ["mechroape", "Colddeckj"], "log": "|j|\u2606mechroape\n|j|\u2606Colddeckj\n|t:|1781415430\n|gametype|singles\n|player|p1|mechroape|brycen|1962\n|player|p2|Colddeckj|wattson|2042\n|gen|9\n|tier|[Gen 9] Random Battle\n|rated|\n|rule|Species Clause: Limit one of each Pok\u00e9mon\n|rule|HP Percentage Mod: HP is shown in percentages\n|rule|Sleep Clause Mod: Limit one foe put to sleep\n|rule|Illusion Level Mod: Illusion disguises the Pok\u00e9mon's true level\n|\n|t:|1781415430\n|teamsize|p1|6\n|teamsize|p2|6\n|start\n|switch|p1a: Chesnaught|Chesnaught, L84, F|285/285\n|switch|p2a: Delibird|Delibird, F|252/252\n|turn|1\n|inactive|Battle timer is ON: inactive players will automatically lose when time's up. (requested by Colddeckj)\n|\n|t:|1781415445\n|switch|p1a: Raichu|Raichu, L88, M|249/249\n|move|p2a: Delibird|Spikes|p1a: Raichu\n|-sidestart|p1: mechroape|Spikes\n|\n|upkeep\n|turn|2\n|\n|t:|1781415452\n|switch|p2a: Gliscor|Gliscor, L76, M|239/239\n|move|p1a: Raichu|Thunderbolt|p2a: Gliscor\n|-immune|p2a: Gliscor\n|\n|-status|p2a: Gliscor|tox|[from] item: Toxic Orb\n|upkeep\n|turn|3\n|\n|t:|1781415459\n|move|p1a: Raichu|Surf|p2a: Gliscor\n|-supereffective|p2a: Gliscor\n|-crit|p2a: Gliscor\n|-damage|p2a: Gliscor|0 fnt\n|faint|p2a: Gliscor\n|-damage|p1a: Raichu|225/249|[from] item: Life Orb\n|\n|upkeep\n|\n|t:|1781415470\n|switch|p2a: Houndstone|Houndstone, L86, F|264/264\n|turn|4\n|\n|t:|1781415498\n|move|p1a: Raichu|Thunderbolt|p2a: Houndstone\n|-damage|p2a: Houndstone|193/264\n|-damage|p1a: Raichu|201/249|[from] item: Life Orb\n|move|p2a: Houndstone|Poltergeist|p1a: Raichu\n|-activate|p1a: Raichu|move: Poltergeist|Life Orb\n|-damage|p1a: Raichu|30/249\n|\n|upkeep\n|turn|5\n|\n|t:|1781415504\n|move|p2a: Houndstone|Shadow Sneak|p1a: Raichu\n|-damage|p1a: Raichu|0 fnt\n|faint|p1a: Raichu\n|\n|upkeep\n|\n|t:|1781415508\n|switch|p1a: Politoed|Politoed, L88, M|302/302\n|-damage|p1a: Politoed|265/302|[from] Spikes\n|-weather|RainDance|[from] ability: Drizzle|[of] p1a: Politoed\n|turn|6\n|\n|t:|1781415513\n|move|p1a: Politoed|Weather Ball|p2a: Houndstone\n|-damage|p2a: Houndstone|42/264\n|move|p2a: Houndstone|Poltergeist|p1a: Politoed\n|-activate|p1a: Politoed|move: Poltergeist|Choice Specs\n|-damage|p1a: Politoed|118/302\n|\n|-weather|RainDance|[upkeep]\n|upkeep\n|turn|7\n|\n|t:|1781415522\n|move|p2a: Houndstone|Shadow Sneak|p1a: Politoed\n|-damage|p1a: Politoed|66/302\n|move|p1a: Politoed|Weather Ball|p2a: Houndstone\n|-damage|p2a: Houndstone|0 fnt\n|faint|p2a: Houndstone\n|\n|-weather|RainDance|[upkeep]\n|upkeep\n|\n|t:|1781415531\n|switch|p2a: Delibird|Delibird, F|252/252\n|turn|8\n|\n|t:|1781415542\n|move|p2a: Delibird|Brave Bird|p1a: Politoed\n|-damage|p1a: Politoed|0 fnt\n|faint|p1a: Politoed\n|-damage|p2a: Delibird|230/252|[from] Recoil\n|\n|-weather|RainDance|[upkeep]\n|upkeep\n|\n|t:|1781415565\n|switch|p1a: Pikachu|Pikachu-Kalos, L93, F|216/216\n|-damage|p1a: Pikachu|189/216|[from] Spikes\n|turn|9\n|\n|t:|1781415573\n|move|p1a: Pikachu|Volt Switch|p2a: Delibird\n|-supereffective|p2a: Delibird\n|-damage|p2a: Delibird|0 fnt\n|faint|p2a: Delibird\n|\n|t:|1781415577\n|switch|p1a: Vaporeon|Vaporeon, L86, F|364/364|[from] Volt Switch\n|-damage|p1a: Vaporeon|319/364|[from] Spikes\n|\n|-weather|RainDance|[upkeep]\n|-heal|p1a: Vaporeon|341/364|[from] item: Leftovers\n|upkeep\n|\n|t:|1781415588\n|switch|p2a: Weavile|Weavile, L79, M|240/240\n|turn|10\n|\n|t:|1781415606\n|move|p2a: Weavile|Knock Off|p1a: Vaporeon\n|-damage|p1a: Vaporeon|193/364\n|-enditem|p1a: Vaporeon|Leftovers|[from] move: Knock Off|[of] p2a: Weavile\n|move|p1a: Vaporeon|Scald|p2a: Weavile\n|-damage|p2a: Weavile|80/240\n|-status|p2a: Weavile|brn\n|\n|-weather|none\n|-damage|p2a: Weavile|65/240 brn|[from] brn\n|upkeep\n|turn|11\n|\n|t:|1781415616\n|switch|p2a: Spectrier|Spectrier, L75|274/274\n|move|p1a: Vaporeon|Wish|p1a: Vaporeon\n|\n|upkeep\n|turn|12\n|\n|t:|1781415623\n|move|p2a: Spectrier|Nasty Plot|p2a: Spectrier\n|-boost|p2a: Spectrier|spa|2\n|move|p1a: Vaporeon|Roar|p2a: Spectrier\n|drag|p2a: Weavile|Weavile, L79, M|65/240 brn\n|\n|-heal|p1a: Vaporeon|364/364|[from] move: Wish|[wisher] Vaporeon\n|-damage|p2a: Weavile|50/240 brn|[from] brn\n|upkeep\n|turn|13\n|\n|t:|1781415632\n|move|p2a: Weavile|Knock Off|p1a: Vaporeon\n|-damage|p1a: Vaporeon|318/364\n|move|p1a: Vaporeon|Scald|p2a: Weavile\n|-damage|p2a: Weavile|0 fnt\n|faint|p2a: Weavile\n|\n|upkeep\n|\n|t:|1781415634\n|switch|p2a: Spectrier|Spectrier, L75|274/274\n|turn|14\n|\n|t:|1781415638\n|move|p2a: Spectrier|Nasty Plot|p2a: Spectrier\n|-boost|p2a: Spectrier|spa|2\n|move|p1a: Vaporeon|Scald|p2a: Spectrier\n|-crit|p2a: Spectrier\n|-damage|p2a: Spectrier|103/274\n|\n|-heal|p2a: Spectrier|120/274|[from] item: Leftovers\n|upkeep\n|turn|15\n|\n|t:|1781415646\n|move|p2a: Spectrier|Shadow Ball|p1a: Vaporeon\n|-damage|p1a: Vaporeon|128/364\n|move|p1a: Vaporeon|Scald|p2a: Spectrier\n|-damage|p2a: Spectrier|0 fnt\n|faint|p2a: Spectrier\n|\n|upkeep\n|\n|t:|1781415650\n|switch|p2a: Emboar|Emboar, L84, F|322/322\n|turn|16\n|\n|t:|1781415654\n|-terastallize|p2a: Emboar|Grass\n|move|p1a: Vaporeon|Scald|p2a: Emboar\n|-resisted|p2a: Emboar\n|-damage|p2a: Emboar|262/322\n|move|p2a: Emboar|Trailblaze|p1a: Vaporeon\n|-supereffective|p1a: Vaporeon\n|-damage|p1a: Vaporeon|0 fnt\n|-boost|p2a: Emboar|spe|1\n|faint|p1a: Vaporeon\n|\n|-heal|p2a: Emboar|282/322|[from] item: Leftovers\n|upkeep\n|\n|t:|1781415659\n|switch|p1a: Chesnaught|Chesnaught, L84, F|285/285\n|-damage|p1a: Chesnaught|250/285|[from] Spikes\n|turn|17\n|\n|t:|1781415666\n|move|p2a: Emboar|Flare Blitz|p1a: Chesnaught\n|-supereffective|p1a: Chesnaught\n|-damage|p1a: Chesnaught|0 fnt\n|faint|p1a: Chesnaught\n|-damage|p2a: Emboar|199/322|[from] Recoil\n|\n|-heal|p2a: Emboar|219/322|[from] item: Leftovers\n|upkeep\n|\n|t:|1781415679\n|switch|p1a: Copperajah|Copperajah, L86, F|350/350\n|-damage|p1a: Copperajah|307/350|[from] Spikes\n|turn|18\n|\n|t:|1781415684\n|-terastallize|p1a: Copperajah|Fairy\n|move|p2a: Emboar|Flare Blitz|p1a: Copperajah\n|-damage|p1a: Copperajah|96/350\n|-damage|p2a: Emboar|149/322|[from] Recoil\n|move|p1a: Copperajah|Play Rough|p2a: Emboar\n|-damage|p2a: Emboar|0 fnt\n|faint|p2a: Emboar\n|\n|win|mechroape\n", "uploadtime": 1781415432, "views": 3, "formatid": "gen9randombattle", "rating": null, "private": 0, "password": null}