{"id": "gen9randombattle-2631573877", "format": "[Gen 9] Random Battle", "players": ["YOYILANG2", "schleeby"], "log": "|j|\u2606YOYILANG2\n|j|\u2606schleeby\n|t:|1781403244\n|gametype|singles\n|player|p1|YOYILANG2|2|1947\n|player|p2|schleeby|rosa|2034\n|gen|9\n|tier|[Gen 9] Random Battle\n|rated|\n|rule|Species Clause: Limit one of each Pok\u00e9mon\n|rule|HP Percentage Mod: HP is shown in percentages\n|rule|Sleep Clause Mod: Limit one foe put to sleep\n|rule|Illusion Level Mod: Illusion disguises the Pok\u00e9mon's true level\n|\n|t:|1781403244\n|teamsize|p1|6\n|teamsize|p2|6\n|start\n|switch|p1a: Iron Leaves|Iron Leaves, L80|275/275\n|switch|p2a: Sandslash|Sandslash, L89, M|278/278\n|turn|1\n|inactive|Battle timer is ON: inactive players will automatically lose when time's up. (requested by YOYILANG2)\n|\n|t:|1781403261\n|switch|p2a: Metagross|Metagross, L79|256/256\n|move|p1a: Iron Leaves|Leaf Blade|p2a: Metagross\n|-resisted|p2a: Metagross\n|-damage|p2a: Metagross|192/256\n|\n|upkeep\n|turn|2\n|\n|t:|1781403265\n|-end|p1a: Iron Leaves|Quark Drive|[silent]\n|switch|p1a: Camerupt|Camerupt, L91, M|275/275\n|move|p2a: Metagross|Knock Off|p1a: Camerupt\n|-damage|p1a: Camerupt|147/275\n|-enditem|p1a: Camerupt|Leftovers|[from] move: Knock Off|[of] p2a: Metagross\n|\n|upkeep\n|turn|3\n|\n|t:|1781403273\n|switch|p2a: Samurott|Samurott, L88, F|310/310\n|move|p1a: Camerupt|Stealth Rock|p2a: Samurott\n|-sidestart|p2: schleeby|move: Stealth Rock\n|\n|upkeep\n|turn|4\n|\n|t:|1781403279\n|switch|p1a: Shaymin|Shaymin-Sky, L73|266/266\n|move|p2a: Samurott|Liquidation|p1a: Shaymin\n|-resisted|p1a: Shaymin\n|-damage|p1a: Shaymin|187/266\n|-damage|p2a: Samurott|279/310|[from] item: Life Orb\n|\n|upkeep\n|turn|5\n|\n|t:|1781403288\n|move|p1a: Shaymin|Earth Power|p2a: Samurott\n|-damage|p2a: Samurott|189/310\n|move|p2a: Samurott|Knock Off|p1a: Shaymin\n|-damage|p1a: Shaymin|62/266\n|-enditem|p1a: Shaymin|Choice Specs|[from] move: Knock Off|[of] p2a: Samurott\n|-damage|p2a: Samurott|158/310|[from] item: Life Orb\n|\n|upkeep\n|turn|6\n|\n|t:|1781403302\n|switch|p2a: Metagross|Metagross, L79|192/256\n|-damage|p2a: Metagross|176/256|[from] Stealth Rock\n|move|p1a: Shaymin|Earth Power|p2a: Metagross\n|-supereffective|p2a: Metagross\n|-damage|p2a: Metagross|48/256\n|\n|upkeep\n|turn|7\n|\n|t:|1781403305\n|switch|p1a: Camerupt|Camerupt, L91, M|147/275\n|move|p2a: Metagross|Knock Off|p1a: Camerupt\n|-damage|p1a: Camerupt|64/275\n|\n|upkeep\n|turn|8\n|\n|t:|1781403316\n|move|p2a: Metagross|Knock Off|p1a: Camerupt\n|-crit|p1a: Camerupt\n|-damage|p1a: Camerupt|0 fnt\n|faint|p1a: Camerupt\n|\n|upkeep\n|\n|t:|1781403322\n|switch|p1a: Shaymin|Shaymin-Sky, L73|62/266\n|turn|9\n|\n|t:|1781403325\n|move|p1a: Shaymin|Earth Power|p2a: Metagross\n|-supereffective|p2a: Metagross\n|-damage|p2a: Metagross|0 fnt\n|faint|p2a: Metagross\n|\n|upkeep\n|\n|t:|1781403331\n|switch|p2a: Sandslash|Sandslash, L89, M|278/278\n|-damage|p2a: Sandslash|261/278|[from] Stealth Rock\n|turn|10\n|\n|t:|1781403339\n|move|p1a: Shaymin|Seed Flare|p2a: Sandslash|[miss]\n|-miss|p1a: Shaymin|p2a: Sandslash\n|move|p2a: Sandslash|Rapid Spin|p1a: Shaymin\n|-damage|p1a: Shaymin|9/266\n|-boost|p2a: Sandslash|spe|1\n|-sideend|p2: schleeby|Stealth Rock|[from] move: Rapid Spin|[of] p2a: Sandslash\n|\n|upkeep\n|turn|11\n|\n|t:|1781403344\n|move|p2a: Sandslash|Rapid Spin|p1a: Shaymin\n|-damage|p1a: Shaymin|0 fnt\n|-boost|p2a: Sandslash|spe|1\n|faint|p1a: Shaymin\n|\n|upkeep\n|\n|t:|1781403349\n|switch|p1a: Iron Leaves|Iron Leaves, L80|275/275\n|turn|12\n|\n|t:|1781403351\n|move|p2a: Sandslash|Knock Off|p1a: Iron Leaves\n|-supereffective|p1a: Iron Leaves\n|-damage|p1a: Iron Leaves|123/275\n|-enditem|p1a: Iron Leaves|Choice Band|[from] move: Knock Off|[of] p2a: Sandslash\n|move|p1a: Iron Leaves|Leaf Blade|p2a: Sandslash\n|-supereffective|p2a: Sandslash\n|-damage|p2a: Sandslash|85/278\n|\n|upkeep\n|turn|13\n|\n|t:|1781403355\n|move|p2a: Sandslash|Knock Off|p1a: Iron Leaves\n|-supereffective|p1a: Iron Leaves\n|-damage|p1a: Iron Leaves|5/275\n|move|p1a: Iron Leaves|Leaf Blade|p2a: Sandslash\n|-supereffective|p2a: Sandslash\n|-damage|p2a: Sandslash|0 fnt\n|faint|p2a: Sandslash\n|\n|upkeep\n|\n|t:|1781403361\n|switch|p2a: Samurott|Samurott, L88, F|158/310\n|turn|14\n|\n|t:|1781403363\n|move|p2a: Samurott|Aqua Jet|p1a: Iron Leaves\n|-resisted|p1a: Iron Leaves\n|-damage|p1a: Iron Leaves|0 fnt\n|faint|p1a: Iron Leaves\n|-end|p1a: Iron Leaves|Quark Drive|[silent]\n|-damage|p2a: Samurott|127/310|[from] item: Life Orb\n|\n|upkeep\n|\n|t:|1781403370\n|switch|p1a: Kricketune|Kricketune, L99, F|312/312\n|turn|15\n|\n|t:|1781403375\n|move|p1a: Kricketune|Sticky Web|p2a: Samurott\n|-sidestart|p2: schleeby|move: Sticky Web\n|move|p2a: Samurott|Liquidation|p1a: Kricketune\n|-damage|p1a: Kricketune|147/312\n|-damage|p2a: Samurott|96/310|[from] item: Life Orb\n|\n|upkeep\n|turn|16\n|\n|t:|1781403378\n|move|p1a: Kricketune|Pounce|p2a: Samurott\n|-damage|p2a: Samurott|3/310\n|-unboost|p2a: Samurott|spe|1\n|move|p2a: Samurott|Liquidation|p1a: Kricketune\n|-damage|p1a: Kricketune|0 fnt\n|faint|p1a: Kricketune\n|-damage|p2a: Samurott|0 fnt|[from] item: Life Orb\n|faint|p2a: Samurott\n|\n|upkeep\n|\n|t:|1781403384\n|switch|p1a: Reshiram|Reshiram, L76|277/277\n|switch|p2a: Arceus|Arceus-Bug, L73|295/295\n|-activate|p2a: Arceus|move: Sticky Web\n|-unboost|p2a: Arceus|spe|1\n|-ability|p1a: Reshiram|Turboblaze\n|turn|17\n|\n|t:|1781403392\n|move|p1a: Reshiram|Blue Flare|p2a: Arceus|[miss]\n|-miss|p1a: Reshiram|p2a: Arceus\n|move|p2a: Arceus|Calm Mind|p2a: Arceus\n|-boost|p2a: Arceus|spa|1\n|-boost|p2a: Arceus|spd|1\n|\n|upkeep\n|turn|18\n|\n|t:|1781403395\n|move|p1a: Reshiram|Blue Flare|p2a: Arceus\n|-supereffective|p2a: Arceus\n|-damage|p2a: Arceus|113/295\n|move|p2a: Arceus|Judgment|p1a: Reshiram\n|-resisted|p1a: Reshiram\n|-damage|p1a: Reshiram|197/277\n|\n|upkeep\n|turn|19\n|\n|t:|1781403398\n|move|p1a: Reshiram|Blue Flare|p2a: Arceus\n|-supereffective|p2a: Arceus\n|-damage|p2a: Arceus|0 fnt\n|faint|p2a: Arceus\n|\n|upkeep\n|\n|t:|1781403400\n|switch|p2a: Salamence|Salamence, L77, F|273/273\n|turn|20\n|\n|t:|1781403412\n|-terastallize|p1a: Reshiram|Fire\n|move|p2a: Salamence|Earthquake|p1a: Reshiram\n|-supereffective|p1a: Reshiram\n|-damage|p1a: Reshiram|51/277\n|move|p1a: Reshiram|Will-O-Wisp|p2a: Salamence\n|-status|p2a: Salamence|brn\n|\n|-damage|p2a: Salamence|256/273 brn|[from] brn\n|upkeep\n|turn|21\n|\n|t:|1781403418\n|switch|p1a: Porygon-Z|Porygon-Z, L83|277/277\n|-ability|p1a: Porygon-Z|Download|boost\n|-boost|p1a: Porygon-Z|spa|1\n|move|p2a: Salamence|Earthquake|p1a: Porygon-Z\n|-damage|p1a: Porygon-Z|234/277\n|\n|-damage|p2a: Salamence|239/273 brn|[from] brn\n|upkeep\n|turn|22\n|\n|t:|1781403422\n|move|p1a: Porygon-Z|Tri Attack|p2a: Salamence\n|-damage|p2a: Salamence|43/273 brn\n|move|p2a: Salamence|Outrage|p1a: Porygon-Z\n|-damage|p1a: Porygon-Z|158/277\n|\n|-damage|p2a: Salamence|26/273 brn|[from] brn\n|upkeep\n|turn|23\n|\n|t:|1781403425\n|move|p1a: Porygon-Z|Tri Attack|p2a: Salamence\n|-damage|p2a: Salamence|0 fnt\n|faint|p2a: Salamence\n|\n|upkeep\n|\n|t:|1781403426\n|switch|p2a: Rillaboom|Rillaboom, L79, F|288/288\n|-activate|p2a: Rillaboom|move: Sticky Web\n|-unboost|p2a: Rillaboom|spe|1\n|-fieldstart|move: Grassy Terrain|[from] ability: Grassy Surge|[of] p2a: Rillaboom\n|turn|24\n|\n|t:|1781403428\n|-terastallize|p2a: Rillaboom|Grass\n|move|p2a: Rillaboom|Grassy Glide|p1a: Porygon-Z\n|-crit|p1a: Porygon-Z\n|-damage|p1a: Porygon-Z|0 fnt\n|faint|p1a: Porygon-Z\n|\n|upkeep\n|\n|t:|1781403433\n|switch|p1a: Reshiram|Reshiram, L76, tera:Fire|51/277\n|-ability|p1a: Reshiram|Turboblaze\n|turn|25\n|\n|t:|1781403436\n|move|p2a: Rillaboom|Grassy Glide|p1a: Reshiram\n|-resisted|p1a: Reshiram\n|-damage|p1a: Reshiram|0 fnt\n|faint|p1a: Reshiram\n|\n|win|schleeby\n", "uploadtime": 1781403246, "views": 4, "formatid": "gen9randombattle", "rating": null, "private": 0, "password": null}