{"id": "gen9randombattle-2632017847", "format": "[Gen 9] Random Battle", "players": ["Chakraisgae", "chichi732"], "log": "|j|\u2606Chakraisgae\n|j|\u2606chichi732\n|t:|1781466448\n|gametype|singles\n|player|p1|Chakraisgae|2|2170\n|player|p2|chichi732|102|2231\n|gen|9\n|tier|[Gen 9] Random Battle\n|rated|\n|rule|Species Clause: Limit one of each Pok\u00e9mon\n|rule|HP Percentage Mod: HP is shown in percentages\n|rule|Sleep Clause Mod: Limit one foe put to sleep\n|rule|Illusion Level Mod: Illusion disguises the Pok\u00e9mon's true level\n|\n|t:|1781466448\n|teamsize|p1|6\n|teamsize|p2|6\n|start\n|switch|p1a: Skuntank|Skuntank, L84, F|310/310\n|switch|p2a: Flutter Mane|Flutter Mane, L74|203/203\n|turn|1\n|j| illuss\n|inactive|Battle timer is ON: inactive players will automatically lose when time's up. (requested by Chakraisgae)\n|inactive|chichi732 has 120 seconds left.\n|\n|t:|1781466492\n|-end|p2a: Flutter Mane|Protosynthesis|[silent]\n|switch|p2a: Glastrier|Glastrier, L86|312/312\n|move|p1a: Skuntank|Knock Off|p2a: Glastrier\n|-damage|p2a: Glastrier|246/312\n|-enditem|p2a: Glastrier|Heavy-Duty Boots|[from] move: Knock Off|[of] p1a: Skuntank\n|\n|upkeep\n|turn|2\n|l| illuss\n|\n|t:|1781466503\n|move|p1a: Skuntank|Fire Blast|p2a: Glastrier\n|-supereffective|p2a: Glastrier\n|-damage|p2a: Glastrier|140/312\n|move|p2a: Glastrier|Icicle Crash|p1a: Skuntank|[miss]\n|-miss|p2a: Glastrier|p1a: Skuntank\n|\n|upkeep\n|turn|3\n|\n|t:|1781466517\n|switch|p1a: Torkoal|Torkoal, L88, F|266/266\n|-weather|SunnyDay|[from] ability: Drought|[of] p1a: Torkoal\n|move|p2a: Glastrier|High Horsepower|p1a: Torkoal\n|-supereffective|p1a: Torkoal\n|-damage|p1a: Torkoal|144/266\n|\n|-weather|SunnyDay|[upkeep]\n|upkeep\n|turn|4\n|j| drogga\n|j| EmptyLikeUrHead\n|\n|t:|1781466530\n|move|p2a: Glastrier|High Horsepower|p1a: Torkoal\n|-supereffective|p1a: Torkoal\n|-crit|p1a: Torkoal\n|-damage|p1a: Torkoal|0 fnt\n|faint|p1a: Torkoal\n|-ability|p2a: Glastrier|Chilling Neigh|boost\n|-boost|p2a: Glastrier|atk|1\n|\n|-weather|SunnyDay|[upkeep]\n|upkeep\n|\n|t:|1781466539\n|switch|p1a: Electivire|Electivire, L84, M|263/263\n|turn|5\n|inactive|chichi732 has 120 seconds left.\n|\n|t:|1781466573\n|move|p1a: Electivire|Flamethrower|p2a: Glastrier\n|-supereffective|p2a: Glastrier\n|-damage|p2a: Glastrier|0 fnt\n|faint|p2a: Glastrier\n|-damage|p1a: Electivire|237/263|[from] item: Life Orb\n|\n|-weather|SunnyDay|[upkeep]\n|upkeep\n|\n|t:|1781466578\n|switch|p2a: Flutter Mane|Flutter Mane, L74|203/203\n|-activate|p2a: Flutter Mane|ability: Protosynthesis\n|-start|p2a: Flutter Mane|protosynthesisspa\n|turn|6\n|j| DikkeBende\n|\n|t:|1781466591\n|move|p2a: Flutter Mane|Moonblast|p1a: Electivire\n|-damage|p1a: Electivire|50/263\n|move|p1a: Electivire|Supercell Slam|p2a: Flutter Mane\n|-damage|p2a: Flutter Mane|0 fnt\n|faint|p2a: Flutter Mane\n|-end|p2a: Flutter Mane|Protosynthesis|[silent]\n|-damage|p1a: Electivire|24/263|[from] item: Life Orb\n|\n|-weather|SunnyDay|[upkeep]\n|upkeep\n|\n|t:|1781466598\n|switch|p2a: Ambipom|Ambipom, L84, M|263/263\n|turn|7\n|\n|t:|1781466604\n|move|p2a: Ambipom|Fake Out|p1a: Electivire\n|-damage|p1a: Electivire|0 fnt\n|faint|p1a: Electivire\n|\n|-weather|none\n|upkeep\n|\n|t:|1781466606\n|switch|p1a: Abomasnow|Abomasnow, L84, M|287/287\n|-weather|Snowscape|[from] ability: Snow Warning|[of] p1a: Abomasnow\n|turn|8\n|\n|t:|1781466610\n|move|p2a: Ambipom|Knock Off|p1a: Abomasnow\n|-damage|p1a: Abomasnow|238/287\n|-enditem|p1a: Abomasnow|Light Clay|[from] move: Knock Off|[of] p2a: Ambipom\n|move|p1a: Abomasnow|Aurora Veil|p1a: Abomasnow\n|-sidestart|p1: Chakraisgae|move: Aurora Veil\n|\n|-weather|Snowscape|[upkeep]\n|upkeep\n|turn|9\n|\n|t:|1781466615\n|switch|p2a: Solgaleo|Solgaleo, L74|325/325\n|move|p1a: Abomasnow|Blizzard|p2a: Solgaleo\n|-resisted|p2a: Solgaleo\n|-damage|p2a: Solgaleo|258/325\n|\n|-weather|Snowscape|[upkeep]\n|upkeep\n|turn|10\n|\n|t:|1781466623\n|switch|p1a: Comfey|Comfey, L85, M|225/225\n|move|p2a: Solgaleo|Flame Charge|p1a: Comfey\n|-damage|p1a: Comfey|208/225\n|-boost|p2a: Solgaleo|spe|1\n|\n|-weather|Snowscape|[upkeep]\n|-heal|p1a: Comfey|222/225|[from] item: Leftovers\n|upkeep\n|turn|11\n|\n|t:|1781466627\n|-terastallize|p1a: Comfey|Ground\n|move|p2a: Solgaleo|Sunsteel Strike|p1a: Comfey\n|-damage|p1a: Comfey|169/225\n|move|p1a: Comfey|Calm Mind|p1a: Comfey\n|-boost|p1a: Comfey|spa|1\n|-boost|p1a: Comfey|spd|1\n|\n|-weather|Snowscape|[upkeep]\n|-heal|p1a: Comfey|183/225|[from] item: Leftovers\n|upkeep\n|turn|12\n|\n|t:|1781466646\n|move|p2a: Solgaleo|Sunsteel Strike|p1a: Comfey\n|-damage|p1a: Comfey|130/225\n|move|p1a: Comfey|Calm Mind|p1a: Comfey\n|-boost|p1a: Comfey|spa|1\n|-boost|p1a: Comfey|spd|1\n|\n|-weather|none\n|-heal|p1a: Comfey|144/225|[from] item: Leftovers\n|-sideend|p1: Chakraisgae|move: Aurora Veil\n|upkeep\n|turn|13\n|\n|t:|1781466655\n|move|p2a: Solgaleo|Sunsteel Strike|p1a: Comfey\n|-damage|p1a: Comfey|47/225\n|move|p1a: Comfey|Calm Mind|p1a: Comfey\n|-boost|p1a: Comfey|spa|1\n|-boost|p1a: Comfey|spd|1\n|\n|-heal|p1a: Comfey|61/225|[from] item: Leftovers\n|upkeep\n|turn|14\n|\n|t:|1781466658\n|move|p1a: Comfey|Synthesis|p1a: Comfey\n|-heal|p1a: Comfey|173/225\n|move|p2a: Solgaleo|Sunsteel Strike|p1a: Comfey\n|-damage|p1a: Comfey|64/225\n|\n|-heal|p1a: Comfey|78/225|[from] item: Leftovers\n|upkeep\n|turn|15\n|\n|t:|1781466665\n|move|p1a: Comfey|Synthesis|p1a: Comfey\n|-heal|p1a: Comfey|190/225\n|move|p2a: Solgaleo|Knock Off|p1a: Comfey\n|-damage|p1a: Comfey|126/225\n|-enditem|p1a: Comfey|Leftovers|[from] move: Knock Off|[of] p2a: Solgaleo\n|\n|upkeep\n|turn|16\n|\n|t:|1781466671\n|move|p1a: Comfey|Synthesis|p1a: Comfey\n|-heal|p1a: Comfey|225/225\n|move|p2a: Solgaleo|Sunsteel Strike|p1a: Comfey\n|-damage|p1a: Comfey|116/225\n|\n|upkeep\n|turn|17\n|\n|t:|1781466678\n|move|p1a: Comfey|Synthesis|p1a: Comfey\n|-heal|p1a: Comfey|225/225\n|move|p2a: Solgaleo|Psychic|p1a: Comfey\n|-damage|p1a: Comfey|195/225\n|\n|upkeep\n|turn|18\n|\n|t:|1781466684\n|move|p2a: Solgaleo|Sunsteel Strike|p1a: Comfey\n|-damage|p1a: Comfey|83/225\n|move|p1a: Comfey|Calm Mind|p1a: Comfey\n|-boost|p1a: Comfey|spa|1\n|-boost|p1a: Comfey|spd|1\n|\n|upkeep\n|turn|19\n|\n|t:|1781466709\n|move|p1a: Comfey|Synthesis|p1a: Comfey\n|-heal|p1a: Comfey|195/225\n|move|p2a: Solgaleo|Sunsteel Strike|p1a: Comfey\n|-damage|p1a: Comfey|96/225\n|\n|upkeep\n|turn|20\n|\n|t:|1781466717\n|move|p1a: Comfey|Synthesis|p1a: Comfey\n|-heal|p1a: Comfey|208/225\n|move|p2a: Solgaleo|Flame Charge|p1a: Comfey\n|-damage|p1a: Comfey|175/225\n|-boost|p2a: Solgaleo|spe|1\n|\n|upkeep\n|turn|21\n|\n|t:|1781466724\n|move|p2a: Solgaleo|Sunsteel Strike|p1a: Comfey\n|-damage|p1a: Comfey|72/225\n|move|p1a: Comfey|Calm Mind|p1a: Comfey\n|-boost|p1a: Comfey|spa|1\n|-boost|p1a: Comfey|spd|1\n|\n|upkeep\n|turn|22\n|\n|t:|1781466729\n|switch|p2a: Ambipom|Ambipom, L84, M|263/263\n|move|p1a: Comfey|Synthesis|p1a: Comfey\n|-heal|p1a: Comfey|184/225\n|\n|upkeep\n|turn|23\n|\n|t:|1781466732\n|move|p2a: Ambipom|Fake Out|p1a: Comfey\n|-damage|p1a: Comfey|106/225\n|cant|p1a: Comfey|flinch\n|\n|upkeep\n|turn|24\n|\n|t:|1781466735\n|-terastallize|p2a: Ambipom|Normal\n|move|p1a: Comfey|Draining Kiss|p2a: Ambipom\n|-damage|p2a: Ambipom|50/263\n|-heal|p1a: Comfey|225/225|[from] drain|[of] p2a: Ambipom\n|move|p2a: Ambipom|Double-Edge|p1a: Comfey\n|-damage|p1a: Comfey|17/225\n|-damage|p2a: Ambipom|0 fnt|[from] Recoil\n|faint|p2a: Ambipom\n|\n|upkeep\n|l|\u2606chichi732\n|inactive|chichi732 disconnected and has a minute to reconnect!\n|player|p2|\n|j|\u2606chichi732\n|inactive|chichi732 reconnected and has 105 seconds left.\n|player|p2|chichi732|102|\n|-message|chichi732 forfeited.\n|\n|win|Chakraisgae\n", "uploadtime": 1781466450, "views": 2, "formatid": "gen9randombattle", "rating": null, "private": 0, "password": null}