{"id": "gen9randombattle-2631911598", "format": "[Gen 9] Random Battle", "players": ["MrDustintun", "King 11111111111"], "log": "|j|\u2606MrDustintun\n|j|\u2606King 11111111111\n|t:|1781454798\n|gametype|singles\n|player|p1|MrDustintun|1|1996\n|player|p2|King 11111111111|lucas|1963\n|gen|9\n|tier|[Gen 9] Random Battle\n|rated|\n|rule|Species Clause: Limit one of each Pok\u00e9mon\n|rule|HP Percentage Mod: HP is shown in percentages\n|rule|Sleep Clause Mod: Limit one foe put to sleep\n|rule|Illusion Level Mod: Illusion disguises the Pok\u00e9mon's true level\n|\n|t:|1781454798\n|teamsize|p1|6\n|teamsize|p2|6\n|start\n|switch|p1a: Dragapult|Dragapult, L77, M|262/262\n|switch|p2a: Regice|Regice, L88|284/284\n|turn|1\n|inactive|Battle timer is ON: inactive players will automatically lose when time's up. (requested by King 11111111111)\n|\n|t:|1781454812\n|move|p1a: Dragapult|U-turn|p2a: Regice\n|-damage|p2a: Regice|242/284\n|\n|t:|1781454822\n|switch|p1a: Slither Wing|Slither Wing, L81|270/270|[from] U-turn\n|move|p2a: Regice|Thunder Wave|p1a: Slither Wing\n|-status|p1a: Slither Wing|par\n|\n|upkeep\n|turn|2\n|\n|t:|1781454841\n|switch|p2a: Polteageist|Polteageist, L78|222/222\n|move|p1a: Slither Wing|U-turn|p2a: Polteageist\n|-resisted|p2a: Polteageist\n|-damage|p2a: Polteageist|158/222\n|\n|t:|1781454868\n|-end|p1a: Slither Wing|Protosynthesis|[silent]\n|switch|p1a: Dragapult|Dragapult, L77, M|262/262|[from] U-turn\n|\n|upkeep\n|turn|3\n|\n|t:|1781454876\n|-terastallize|p2a: Polteageist|Dark\n|move|p1a: Dragapult|Shadow Ball|p2a: Polteageist\n|-resisted|p2a: Polteageist\n|-damage|p2a: Polteageist|109/222\n|-unboost|p2a: Polteageist|spd|1\n|-enditem|p2a: Polteageist|White Herb\n|-clearnegativeboost|p2a: Polteageist|[silent]\n|move|p2a: Polteageist|Shell Smash|p2a: Polteageist\n|-unboost|p2a: Polteageist|def|1\n|-unboost|p2a: Polteageist|spd|1\n|-boost|p2a: Polteageist|atk|2\n|-boost|p2a: Polteageist|spa|2\n|-boost|p2a: Polteageist|spe|2\n|\n|upkeep\n|turn|4\n|\n|t:|1781454894\n|move|p2a: Polteageist|Shadow Ball|p1a: Dragapult\n|-supereffective|p1a: Dragapult\n|-damage|p1a: Dragapult|0 fnt\n|faint|p1a: Dragapult\n|\n|upkeep\n|\n|t:|1781454898\n|switch|p1a: Squawkabilly|Squawkabilly-Yellow, L89, F|291/291\n|turn|5\n|\n|t:|1781454905\n|move|p1a: Squawkabilly|Quick Attack|p2a: Polteageist|[miss]\n|-miss|p1a: Squawkabilly|p2a: Polteageist\n|move|p2a: Polteageist|Stored Power|p1a: Squawkabilly\n|-damage|p1a: Squawkabilly|0 fnt\n|faint|p1a: Squawkabilly\n|\n|upkeep\n|\n|t:|1781454915\n|switch|p1a: Slither Wing|Slither Wing, L81|270/270 par\n|turn|6\n|\n|t:|1781454919\n|move|p2a: Polteageist|Stored Power|p1a: Slither Wing\n|-supereffective|p1a: Slither Wing\n|-damage|p1a: Slither Wing|0 fnt\n|faint|p1a: Slither Wing\n|-end|p1a: Slither Wing|Protosynthesis|[silent]\n|\n|upkeep\n|-message|MrDustintun forfeited.\n|\n|win|King 11111111111\n", "uploadtime": 1781454800, "views": 3, "formatid": "gen9randombattle", "rating": null, "private": 0, "password": null}