{"id": "gen9randombattle-2631801122", "format": "[Gen 9] Random Battle", "players": ["enaser17", "dr necrotizer"], "log": "|j|\u2606enaser17\n|j|\u2606dr necrotizer\n|t:|1781441653\n|gametype|singles\n|player|p1|enaser17|skyla|1991\n|player|p2|dr necrotizer|102|1996\n|gen|9\n|tier|[Gen 9] Random Battle\n|rated|\n|rule|Species Clause: Limit one of each Pok\u00e9mon\n|rule|HP Percentage Mod: HP is shown in percentages\n|rule|Sleep Clause Mod: Limit one foe put to sleep\n|rule|Illusion Level Mod: Illusion disguises the Pok\u00e9mon's true level\n|\n|t:|1781441653\n|teamsize|p1|6\n|teamsize|p2|6\n|start\n|switch|p1a: Goodra|Goodra, L85, F|292/292\n|switch|p2a: Jumpluff|Jumpluff, L87, M|271/271\n|turn|1\n|\n|t:|1781441673\n|switch|p2a: Overqwil|Overqwil, L82, M|274/274\n|-ability|p2a: Overqwil|Intimidate|boost\n|-unboost|p1a: Goodra|atk|1\n|move|p1a: Goodra|Sludge Bomb|p2a: Overqwil\n|-resisted|p2a: Overqwil\n|-damage|p2a: Overqwil|225/274\n|\n|upkeep\n|turn|2\n|\n|t:|1781441680\n|switch|p1a: Registeel|Registeel, L81|262/262\n|move|p2a: Overqwil|Crunch|p1a: Registeel\n|-damage|p1a: Registeel|187/262\n|-damage|p2a: Overqwil|198/274|[from] item: Life Orb\n|\n|upkeep\n|turn|3\n|\n|t:|1781441696\n|switch|p2a: Magmortar|Magmortar, L88, F|275/275\n|move|p1a: Registeel|Body Press|p2a: Magmortar\n|-damage|p2a: Magmortar|184/275\n|\n|upkeep\n|turn|4\n|\n|t:|1781441702\n|switch|p1a: Goodra|Goodra, L85, F|292/292\n|move|p2a: Magmortar|Knock Off|p1a: Goodra\n|-damage|p1a: Goodra|203/292\n|-enditem|p1a: Goodra|Assault Vest|[from] move: Knock Off|[of] p2a: Magmortar\n|\n|upkeep\n|turn|5\n|\n|t:|1781441718\n|switch|p2a: Arceus|Arceus-Rock, L74|300/300\n|move|p1a: Goodra|Earthquake|p2a: Arceus\n|-supereffective|p2a: Arceus\n|-damage|p2a: Arceus|176/300\n|\n|upkeep\n|turn|6\n|\n|t:|1781441729\n|switch|p2a: Wyrdeer|Wyrdeer, L87, F|321/321\n|-ability|p2a: Wyrdeer|Intimidate|boost\n|-unboost|p1a: Goodra|atk|1\n|move|p1a: Goodra|Earthquake|p2a: Wyrdeer\n|-damage|p2a: Wyrdeer|261/321\n|\n|-heal|p2a: Wyrdeer|281/321|[from] item: Leftovers\n|upkeep\n|turn|7\n|\n|t:|1781441738\n|switch|p1a: Registeel|Registeel, L81|187/262\n|move|p2a: Wyrdeer|Body Slam|p1a: Registeel\n|-resisted|p1a: Registeel\n|-damage|p1a: Registeel|154/262\n|\n|-heal|p2a: Wyrdeer|301/321|[from] item: Leftovers\n|upkeep\n|turn|8\n|\n|t:|1781441757\n|switch|p2a: Magmortar|Magmortar, L88, F|184/275\n|move|p1a: Registeel|Body Press|p2a: Magmortar\n|-damage|p2a: Magmortar|104/275\n|-status|p1a: Registeel|brn|[from] ability: Flame Body|[of] p2a: Magmortar\n|\n|-damage|p1a: Registeel|138/262 brn|[from] brn\n|upkeep\n|turn|9\n|inactive|Battle timer is ON: inactive players will automatically lose when time's up. (requested by dr necrotizer)\n|\n|t:|1781441785\n|switch|p1a: Goodra|Goodra, L85, F|203/292\n|move|p2a: Magmortar|Earthquake|p1a: Goodra\n|-damage|p1a: Goodra|109/292\n|\n|upkeep\n|turn|10\n|\n|t:|1781441809\n|switch|p2a: Wyrdeer|Wyrdeer, L87, F|301/321\n|-ability|p2a: Wyrdeer|Intimidate|boost\n|-unboost|p1a: Goodra|atk|1\n|move|p1a: Goodra|Draco Meteor|p2a: Wyrdeer\n|-damage|p2a: Wyrdeer|129/321\n|-unboost|p1a: Goodra|spa|2\n|\n|-heal|p2a: Wyrdeer|149/321|[from] item: Leftovers\n|upkeep\n|turn|11\n|\n|t:|1781441822\n|switch|p1a: Registeel|Registeel, L81|138/262 brn\n|move|p2a: Wyrdeer|Earthquake|p1a: Registeel\n|-supereffective|p1a: Registeel\n|-damage|p1a: Registeel|32/262 brn\n|\n|-heal|p2a: Wyrdeer|169/321|[from] item: Leftovers\n|-damage|p1a: Registeel|16/262 brn|[from] brn\n|upkeep\n|turn|12\n|\n|t:|1781441829\n|move|p2a: Wyrdeer|Earthquake|p1a: Registeel\n|-supereffective|p1a: Registeel\n|-damage|p1a: Registeel|0 fnt\n|faint|p1a: Registeel\n|\n|-heal|p2a: Wyrdeer|189/321|[from] item: Leftovers\n|upkeep\n|\n|t:|1781441837\n|switch|p1a: Pikachu|Pikachu-Sinnoh, L93, F|216/216\n|turn|13\n|\n|t:|1781441844\n|move|p1a: Pikachu|Knock Off|p2a: Wyrdeer\n|-supereffective|p2a: Wyrdeer\n|-damage|p2a: Wyrdeer|0 fnt\n|-enditem|p2a: Wyrdeer|Leftovers|[from] move: Knock Off|[of] p1a: Pikachu\n|faint|p2a: Wyrdeer\n|\n|upkeep\n|\n|t:|1781441849\n|switch|p2a: Overqwil|Overqwil, L82, M|198/274\n|-ability|p2a: Overqwil|Intimidate|boost\n|-unboost|p1a: Pikachu|atk|1\n|turn|14\n|\n|t:|1781441859\n|switch|p1a: Cinccino|Cinccino, L83, F|260/260\n|move|p2a: Overqwil|Crunch|p1a: Cinccino\n|-damage|p1a: Cinccino|104/260\n|-damage|p2a: Overqwil|171/274|[from] item: Life Orb\n|\n|upkeep\n|turn|15\n|\n|t:|1781441865\n|switch|p2a: Magmortar|Magmortar, L88, F|104/275\n|move|p1a: Cinccino|Tail Slap|p2a: Magmortar\n|-damage|p2a: Magmortar|58/275\n|-status|p1a: Cinccino|brn|[from] ability: Flame Body|[of] p2a: Magmortar\n|-damage|p2a: Magmortar|37/275\n|-damage|p2a: Magmortar|16/275\n|-damage|p2a: Magmortar|0 fnt\n|faint|p2a: Magmortar\n|-hitcount|p2: Magmortar|4\n|\n|-damage|p1a: Cinccino|88/260 brn|[from] brn\n|upkeep\n|c|\u2606enaser17|i assumed i wuld get burned\n|\n|t:|1781441884\n|switch|p2a: Arceus|Arceus-Rock, L74|176/300\n|turn|16\n|c|\u2606enaser17|but first strike burn is ina wild\n|\n|t:|1781441890\n|move|p1a: Cinccino|Bullet Seed|p2a: Arceus\n|-supereffective|p2a: Arceus\n|-damage|p2a: Arceus|154/300\n|-supereffective|p2a: Arceus\n|-damage|p2a: Arceus|128/300\n|-supereffective|p2a: Arceus\n|-damage|p2a: Arceus|105/300\n|-supereffective|p2a: Arceus\n|-damage|p2a: Arceus|83/300\n|-hitcount|p2a: Arceus|4\n|move|p2a: Arceus|Recover|p2a: Arceus\n|-heal|p2a: Arceus|233/300\n|\n|-damage|p1a: Cinccino|72/260 brn|[from] brn\n|upkeep\n|turn|17\n|\n|t:|1781441900\n|move|p1a: Cinccino|U-turn|p2a: Arceus\n|-damage|p2a: Arceus|211/300\n|\n|t:|1781441902\n|switch|p1a: Basculin|Basculin-Blue-Striped, L86, F|261/261|[from] U-turn\n|move|p2a: Arceus|Judgment|p1a: Basculin\n|-damage|p1a: Basculin|95/261\n|\n|upkeep\n|turn|18\n|\n|t:|1781441914\n|switch|p2a: Overqwil|Overqwil, L82, M|171/274\n|-ability|p2a: Overqwil|Intimidate|boost\n|-unboost|p1a: Basculin|atk|1\n|move|p1a: Basculin|Aqua Jet|p2a: Overqwil\n|-damage|p2a: Overqwil|111/274\n|\n|upkeep\n|turn|19\n|\n|t:|1781441921\n|switch|p1a: Cinccino|Cinccino, L83, F|72/260 brn\n|move|p2a: Overqwil|Crunch|p1a: Cinccino\n|-damage|p1a: Cinccino|0 fnt\n|faint|p1a: Cinccino\n|-damage|p2a: Overqwil|84/274|[from] item: Life Orb\n|\n|upkeep\n|\n|t:|1781441923\n|switch|p1a: Basculin|Basculin-Blue-Striped, L86, F|95/261\n|turn|20\n|\n|t:|1781441927\n|move|p1a: Basculin|Flip Turn|p2a: Overqwil\n|-damage|p2a: Overqwil|0 fnt\n|faint|p2a: Overqwil\n|\n|t:|1781441930\n|switch|p1a: Goodra|Goodra, L85, F|109/292|[from] Flip Turn\n|\n|upkeep\n|\n|t:|1781441940\n|switch|p2a: Espeon|Espeon, L84, F|246/246\n|turn|21\n|\n|t:|1781441959\n|switch|p1a: Lugia|Lugia, L73|275/275\n|move|p2a: Espeon|Psyshock|p1a: Lugia\n|-resisted|p1a: Lugia\n|-damage|p1a: Lugia|247/275\n|-damage|p2a: Espeon|222/246|[from] item: Life Orb\n|\n|upkeep\n|turn|22\n|\n|t:|1781441964\n|switch|p2a: Jumpluff|Jumpluff, L87, M|271/271\n|move|p1a: Lugia|Calm Mind|p1a: Lugia\n|-boost|p1a: Lugia|spa|1\n|-boost|p1a: Lugia|spd|1\n|\n|upkeep\n|turn|23\n|\n|t:|1781441968\n|switch|p1a: Goodra|Goodra, L85, F|109/292\n|move|p2a: Jumpluff|Encore||[still]\n|-fail|p2a: Jumpluff\n|\n|upkeep\n|turn|24\n|\n|t:|1781441976\n|move|p2a: Jumpluff|Acrobatics|p1a: Goodra\n|-damage|p1a: Goodra|15/292\n|move|p1a: Goodra|Sludge Bomb|p2a: Jumpluff\n|-supereffective|p2a: Jumpluff\n|-crit|p2a: Jumpluff\n|-damage|p2a: Jumpluff|53/271\n|\n|upkeep\n|turn|25\n|\n|t:|1781441982\n|move|p2a: Jumpluff|Acrobatics|p1a: Goodra\n|-damage|p1a: Goodra|0 fnt\n|faint|p1a: Goodra\n|\n|upkeep\n|\n|t:|1781441988\n|switch|p1a: Basculin|Basculin-Blue-Striped, L86, F|95/261\n|turn|26\n|\n|t:|1781441999\n|move|p2a: Jumpluff|Strength Sap|p1a: Basculin\n|-unboost|p1a: Basculin|atk|1\n|-heal|p2a: Jumpluff|260/271\n|move|p1a: Basculin|Double-Edge|p2a: Jumpluff\n|-damage|p2a: Jumpluff|155/271\n|-damage|p1a: Basculin|60/261|[from] Recoil\n|\n|upkeep\n|turn|27\n|\n|t:|1781442007\n|switch|p1a: Lugia|Lugia, L73|247/275\n|move|p2a: Jumpluff|Acrobatics|p1a: Lugia\n|-damage|p1a: Lugia|171/275\n|\n|upkeep\n|turn|28\n|\n|t:|1781442009\n|move|p2a: Jumpluff|Sleep Powder|p1a: Lugia\n|-status|p1a: Lugia|slp|[from] move: Sleep Powder\n|cant|p1a: Lugia|slp\n|\n|upkeep\n|turn|29\n|c|\u2606enaser17|gg\n|\n|t:|1781442014\n|switch|p2a: Espeon|Espeon, L84, F|222/246\n|cant|p1a: Lugia|slp\n|\n|upkeep\n|turn|30\n|\n|t:|1781442018\n|move|p2a: Espeon|Calm Mind|p2a: Espeon\n|-boost|p2a: Espeon|spa|1\n|-boost|p2a: Espeon|spd|1\n|cant|p1a: Lugia|slp\n|\n|upkeep\n|turn|31\n|\n|t:|1781442023\n|move|p2a: Espeon|Shadow Ball|p1a: Lugia\n|-supereffective|p1a: Lugia\n|-damage|p1a: Lugia|0 fnt\n|faint|p1a: Lugia\n|-damage|p2a: Espeon|198/246|[from] item: Life Orb\n|\n|upkeep\n|-message|enaser17 forfeited.\n|\n|win|dr necrotizer\n", "uploadtime": 1781441655, "views": 3, "formatid": "gen9randombattle", "rating": null, "private": 0, "password": null}