{"id": "gen9randombattle-2631867462", "format": "[Gen 9] Random Battle", "players": ["hdnrdfntgdnfnfd", "lucasisbad"], "log": "|j|\u2606hdnrdfntgdnfnfd\n|j|\u2606lucasisbad\n|t:|1781449960\n|gametype|singles\n|player|p1|hdnrdfntgdnfnfd|101|1045\n|player|p2|lucasisbad|cynthia|1038\n|gen|9\n|tier|[Gen 9] Random Battle\n|rated|\n|rule|Species Clause: Limit one of each Pok\u00e9mon\n|rule|HP Percentage Mod: HP is shown in percentages\n|rule|Sleep Clause Mod: Limit one foe put to sleep\n|rule|Illusion Level Mod: Illusion disguises the Pok\u00e9mon's true level\n|\n|t:|1781449960\n|teamsize|p1|6\n|teamsize|p2|6\n|start\n|switch|p1a: Bisharp|Bisharp, L79, M|232/232\n|switch|p2a: Rhyperior|Rhyperior, L82, F|323/323\n|turn|1\n|\n|t:|1781450003\n|move|p1a: Bisharp|Stealth Rock|p2a: Rhyperior\n|-sidestart|p2: lucasisbad|move: Stealth Rock\n|move|p2a: Rhyperior|Earthquake|p1a: Bisharp\n|-supereffective|p1a: Bisharp\n|-damage|p1a: Bisharp|50/232\n|\n|upkeep\n|turn|2\n|\n|t:|1781450045\n|move|p1a: Bisharp|Iron Head|p2a: Rhyperior\n|-supereffective|p2a: Rhyperior\n|-damage|p2a: Rhyperior|227/323\n|move|p2a: Rhyperior|Earthquake|p1a: Bisharp\n|-supereffective|p1a: Bisharp\n|-damage|p1a: Bisharp|0 fnt\n|faint|p1a: Bisharp\n|\n|upkeep\n|\n|t:|1781450059\n|switch|p1a: Leafeon|Leafeon, L88, F|258/258\n|turn|3\n|\n|t:|1781450070\n|move|p1a: Leafeon|Leaf Blade|p2a: Rhyperior\n|-supereffective|p2a: Rhyperior\n|-damage|p2a: Rhyperior|0 fnt\n|faint|p2a: Rhyperior\n|-damage|p1a: Leafeon|233/258|[from] item: Life Orb\n|\n|upkeep\n|\n|t:|1781450091\n|switch|p2a: Cinderace|Cinderace, L77, F|249/249\n|-damage|p2a: Cinderace|187/249|[from] Stealth Rock\n|turn|4\n|\n|t:|1781450095\n|switch|p1a: Altaria|Altaria, L89, M|278/278\n|move|p2a: Cinderace|Pyro Ball|p1a: Altaria\n|-resisted|p1a: Altaria\n|-damage|p1a: Altaria|193/278\n|\n|upkeep\n|turn|5\n|\n|t:|1781450104\n|move|p2a: Cinderace|Pyro Ball|p1a: Altaria\n|-resisted|p1a: Altaria\n|-damage|p1a: Altaria|103/278\n|move|p1a: Altaria|Earthquake|p2a: Cinderace\n|-supereffective|p2a: Cinderace\n|-damage|p2a: Cinderace|45/249\n|\n|upkeep\n|turn|6\n|\n|t:|1781450113\n|switch|p2a: Espathra|Espathra, L80, F|283/283\n|-damage|p2a: Espathra|248/283|[from] Stealth Rock\n|move|p1a: Altaria|Roost|p1a: Altaria\n|-heal|p1a: Altaria|242/278\n|-singleturn|p1a: Altaria|move: Roost\n|\n|-heal|p2a: Espathra|265/283|[from] item: Leftovers\n|upkeep\n|turn|7\n|\n|t:|1781450152\n|switch|p1a: Slowking|Slowking-Galar, L85, F|300/300\n|move|p2a: Espathra|Dazzling Gleam|p1a: Slowking\n|-resisted|p1a: Slowking\n|-damage|p1a: Slowking|276/300\n|\n|-heal|p2a: Espathra|282/283|[from] item: Leftovers\n|-heal|p1a: Slowking|294/300|[from] item: Leftovers\n|-ability|p2a: Espathra|Speed Boost|boost\n|-boost|p2a: Espathra|spe|1\n|upkeep\n|turn|8\n|\n|t:|1781450162\n|move|p2a: Espathra|Stored Power|p1a: Slowking\n|-damage|p1a: Slowking|258/300\n|move|p1a: Slowking|Toxic Spikes|p2a: Espathra\n|-sidestart|p2: lucasisbad|move: Toxic Spikes\n|\n|-heal|p2a: Espathra|283/283|[from] item: Leftovers\n|-heal|p1a: Slowking|276/300|[from] item: Leftovers\n|-ability|p2a: Espathra|Speed Boost|boost\n|-boost|p2a: Espathra|spe|1\n|upkeep\n|turn|9\n|\n|t:|1781450173\n|move|p2a: Espathra|Calm Mind|p2a: Espathra\n|-boost|p2a: Espathra|spa|1\n|-boost|p2a: Espathra|spd|1\n|move|p1a: Slowking|Toxic Spikes|p2a: Espathra\n|-sidestart|p2: lucasisbad|move: Toxic Spikes\n|\n|-heal|p1a: Slowking|294/300|[from] item: Leftovers\n|-ability|p2a: Espathra|Speed Boost|boost\n|-boost|p2a: Espathra|spe|1\n|upkeep\n|turn|10\n|\n|t:|1781450183\n|move|p2a: Espathra|Calm Mind|p2a: Espathra\n|-boost|p2a: Espathra|spa|1\n|-boost|p2a: Espathra|spd|1\n|move|p1a: Slowking|Sludge Bomb|p2a: Espathra\n|-damage|p2a: Espathra|207/283\n|\n|-heal|p2a: Espathra|224/283|[from] item: Leftovers\n|-heal|p1a: Slowking|300/300|[from] item: Leftovers\n|-ability|p2a: Espathra|Speed Boost|boost\n|-boost|p2a: Espathra|spe|1\n|upkeep\n|turn|11\n|\n|t:|1781450194\n|move|p2a: Espathra|Calm Mind|p2a: Espathra\n|-boost|p2a: Espathra|spa|1\n|-boost|p2a: Espathra|spd|1\n|move|p1a: Slowking|Sludge Bomb|p2a: Espathra\n|-damage|p2a: Espathra|158/283\n|\n|-heal|p2a: Espathra|175/283|[from] item: Leftovers\n|-ability|p2a: Espathra|Speed Boost|boost\n|-boost|p2a: Espathra|spe|1\n|upkeep\n|turn|12\n|\n|t:|1781450204\n|move|p2a: Espathra|Calm Mind|p2a: Espathra\n|-boost|p2a: Espathra|spa|1\n|-boost|p2a: Espathra|spd|1\n|move|p1a: Slowking|Sludge Bomb|p2a: Espathra\n|-damage|p2a: Espathra|124/283\n|\n|-heal|p2a: Espathra|141/283|[from] item: Leftovers\n|-ability|p2a: Espathra|Speed Boost|boost\n|-boost|p2a: Espathra|spe|1\n|upkeep\n|turn|13\n|\n|t:|1781450222\n|move|p2a: Espathra|Calm Mind|p2a: Espathra\n|-boost|p2a: Espathra|spa|1\n|-boost|p2a: Espathra|spd|1\n|move|p1a: Slowking|Sludge Bomb|p2a: Espathra\n|-damage|p2a: Espathra|93/283\n|-status|p2a: Espathra|psn\n|\n|-heal|p2a: Espathra|110/283 psn|[from] item: Leftovers\n|-damage|p2a: Espathra|75/283 psn|[from] psn\n|upkeep\n|turn|14\n|\n|t:|1781450235\n|move|p2a: Espathra|Stored Power|p1a: Slowking\n|-damage|p1a: Slowking|0 fnt\n|faint|p1a: Slowking\n|\n|-heal|p2a: Espathra|92/283 psn|[from] item: Leftovers\n|-damage|p2a: Espathra|57/283 psn|[from] psn\n|upkeep\n|\n|t:|1781450241\n|switch|p1a: Regice|Regice, L88|284/284\n|turn|15\n|\n|t:|1781450247\n|move|p2a: Espathra|Stored Power|p1a: Regice\n|-damage|p1a: Regice|0 fnt\n|faint|p1a: Regice\n|\n|-heal|p2a: Espathra|74/283 psn|[from] item: Leftovers\n|-damage|p2a: Espathra|39/283 psn|[from] psn\n|upkeep\n|\n|t:|1781450254\n|switch|p1a: Altaria|Altaria, L89, M|242/278\n|turn|16\n|\n|t:|1781450257\n|-terastallize|p1a: Altaria|Steel\n|move|p2a: Espathra|Stored Power|p1a: Altaria\n|-resisted|p1a: Altaria\n|-damage|p1a: Altaria|0 fnt\n|faint|p1a: Altaria\n|\n|-heal|p2a: Espathra|56/283 psn|[from] item: Leftovers\n|-damage|p2a: Espathra|21/283 psn|[from] psn\n|upkeep\n|\n|t:|1781450269\n|switch|p1a: Leafeon|Leafeon, L88, F|233/258\n|turn|17\n|\n|t:|1781450273\n|move|p2a: Espathra|Stored Power|p1a: Leafeon\n|-damage|p1a: Leafeon|0 fnt\n|faint|p1a: Leafeon\n|\n|-heal|p2a: Espathra|38/283 psn|[from] item: Leftovers\n|-damage|p2a: Espathra|3/283 psn|[from] psn\n|upkeep\n|\n|t:|1781450276\n|switch|p1a: Smeargle|Smeargle, L95, F|258/258\n|turn|18\n|-message|hdnrdfntgdnfnfd forfeited.\n|\n|win|lucasisbad\n|raw|hdnrdfntgdnfnfd's rating: 1082 &rarr; <strong>1057</strong><br />(-25 for losing)\n|raw|lucasisbad's rating: 1038 &rarr; <strong>1077</strong><br />(+39 for winning)\n|l|\u2606hdnrdfntgdnfnfd\n|player|p1|\n", "uploadtime": 1781450286, "views": 4, "formatid": "gen9randombattle", "rating": 1057, "private": 0, "password": null}