{"id": "gen9randombattle-2631599470", "format": "[Gen 9] Random Battle", "players": ["grass1234567", "l'ingegnere"], "log": "|j|\u2606grass1234567\n|j|\u2606l'ingegnere\n|t:|1781406800\n|gametype|singles\n|player|p1|grass1234567|pokemaniac|1986\n|player|p2|l'ingegnere|scientist-gen4|2014\n|gen|9\n|tier|[Gen 9] Random Battle\n|rated|\n|rule|Species Clause: Limit one of each Pok\u00e9mon\n|rule|HP Percentage Mod: HP is shown in percentages\n|rule|Sleep Clause Mod: Limit one foe put to sleep\n|rule|Illusion Level Mod: Illusion disguises the Pok\u00e9mon's true level\n|\n|t:|1781406800\n|teamsize|p1|6\n|teamsize|p2|6\n|start\n|switch|p1a: Houndstone|Houndstone, L86, F|264/264\n|switch|p2a: Donphan|Donphan, L84, M|288/288\n|turn|1\n|inactive|Battle timer is ON: inactive players will automatically lose when time's up. (requested by l'ingegnere)\n|inactive|grass1234567 has 120 seconds left.\n|\n|t:|1781406853\n|switch|p2a: Umbreon|Umbreon, L84, F|297/297\n|move|p1a: Houndstone|Poltergeist|p2a: Umbreon|[miss]\n|-miss|p1a: Houndstone|p2a: Umbreon\n|\n|upkeep\n|turn|2\n|\n|t:|1781406866\n|switch|p1a: Archaludon|Archaludon, L78, M|268/268\n|move|p2a: Umbreon|Toxic|p1a: Archaludon\n|-immune|p1a: Archaludon\n|\n|upkeep\n|turn|3\n|\n|t:|1781406887\n|switch|p1a: Sylveon|Sylveon, L85, M|300/300\n|switch|p2a: Necrozma|Necrozma-Dawn-Wings, L76|272/272\n|\n|upkeep\n|turn|4\n|\n|t:|1781406901\n|move|p2a: Necrozma|Moongeist Beam|p1a: Sylveon\n|-damage|p1a: Sylveon|210/300\n|move|p1a: Sylveon|Hyper Voice|p2a: Necrozma\n|-damage|p2a: Necrozma|172/272\n|\n|-heal|p2a: Necrozma|189/272|[from] item: Leftovers\n|-heal|p1a: Sylveon|228/300|[from] item: Leftovers\n|upkeep\n|turn|5\n|\n|t:|1781406912\n|move|p2a: Necrozma|Moongeist Beam|p1a: Sylveon\n|-damage|p1a: Sylveon|140/300\n|move|p1a: Sylveon|Wish|p1a: Sylveon\n|\n|-heal|p2a: Necrozma|206/272|[from] item: Leftovers\n|-heal|p1a: Sylveon|158/300|[from] item: Leftovers\n|upkeep\n|turn|6\n|\n|t:|1781406922\n|move|p2a: Necrozma|Calm Mind|p2a: Necrozma\n|-boost|p2a: Necrozma|spa|1\n|-boost|p2a: Necrozma|spd|1\n|move|p1a: Sylveon|Hyper Voice|p2a: Necrozma\n|-damage|p2a: Necrozma|139/272\n|\n|-heal|p1a: Sylveon|300/300|[from] move: Wish|[wisher] Sylveon\n|-heal|p2a: Necrozma|156/272|[from] item: Leftovers\n|upkeep\n|turn|7\n|\n|t:|1781406932\n|move|p2a: Necrozma|Photon Geyser|p1a: Sylveon\n|-damage|p1a: Sylveon|165/300\n|move|p1a: Sylveon|Calm Mind|p1a: Sylveon\n|-boost|p1a: Sylveon|spa|1\n|-boost|p1a: Sylveon|spd|1\n|\n|-heal|p2a: Necrozma|173/272|[from] item: Leftovers\n|-heal|p1a: Sylveon|183/300|[from] item: Leftovers\n|upkeep\n|turn|8\n|\n|t:|1781406941\n|move|p2a: Necrozma|Photon Geyser|p1a: Sylveon\n|-damage|p1a: Sylveon|92/300\n|move|p1a: Sylveon|Wish|p1a: Sylveon\n|\n|-heal|p2a: Necrozma|190/272|[from] item: Leftovers\n|-heal|p1a: Sylveon|110/300|[from] item: Leftovers\n|upkeep\n|turn|9\n|\n|t:|1781406950\n|move|p2a: Necrozma|Calm Mind|p2a: Necrozma\n|-boost|p2a: Necrozma|spa|1\n|-boost|p2a: Necrozma|spd|1\n|move|p1a: Sylveon|Hyper Voice|p2a: Necrozma\n|-damage|p2a: Necrozma|109/272\n|\n|-heal|p1a: Sylveon|260/300|[from] move: Wish|[wisher] Sylveon\n|-heal|p2a: Necrozma|126/272|[from] item: Leftovers\n|-heal|p1a: Sylveon|278/300|[from] item: Leftovers\n|upkeep\n|turn|10\n|\n|t:|1781406961\n|move|p2a: Necrozma|Photon Geyser|p1a: Sylveon\n|-damage|p1a: Sylveon|152/300\n|move|p1a: Sylveon|Wish|p1a: Sylveon\n|\n|-heal|p2a: Necrozma|143/272|[from] item: Leftovers\n|-heal|p1a: Sylveon|170/300|[from] item: Leftovers\n|upkeep\n|turn|11\n|\n|t:|1781406973\n|move|p2a: Necrozma|Calm Mind|p2a: Necrozma\n|-boost|p2a: Necrozma|spa|1\n|-boost|p2a: Necrozma|spd|1\n|move|p1a: Sylveon|Calm Mind|p1a: Sylveon\n|-boost|p1a: Sylveon|spa|1\n|-boost|p1a: Sylveon|spd|1\n|\n|-heal|p1a: Sylveon|300/300|[from] move: Wish|[wisher] Sylveon\n|-heal|p2a: Necrozma|160/272|[from] item: Leftovers\n|upkeep\n|turn|12\n|\n|t:|1781406987\n|move|p2a: Necrozma|Photon Geyser|p1a: Sylveon\n|-damage|p1a: Sylveon|179/300\n|move|p1a: Sylveon|Calm Mind|p1a: Sylveon\n|-boost|p1a: Sylveon|spa|1\n|-boost|p1a: Sylveon|spd|1\n|\n|-heal|p2a: Necrozma|177/272|[from] item: Leftovers\n|-heal|p1a: Sylveon|197/300|[from] item: Leftovers\n|upkeep\n|turn|13\n|\n|t:|1781407004\n|move|p2a: Necrozma|Calm Mind|p2a: Necrozma\n|-boost|p2a: Necrozma|spa|1\n|-boost|p2a: Necrozma|spd|1\n|move|p1a: Sylveon|Wish|p1a: Sylveon\n|\n|-heal|p2a: Necrozma|194/272|[from] item: Leftovers\n|-heal|p1a: Sylveon|215/300|[from] item: Leftovers\n|upkeep\n|turn|14\n|\n|t:|1781407010\n|move|p2a: Necrozma|Moongeist Beam|p1a: Sylveon\n|-damage|p1a: Sylveon|110/300\n|move|p1a: Sylveon|Calm Mind|p1a: Sylveon\n|-boost|p1a: Sylveon|spa|1\n|-boost|p1a: Sylveon|spd|1\n|\n|-heal|p1a: Sylveon|260/300|[from] move: Wish|[wisher] Sylveon\n|-heal|p2a: Necrozma|211/272|[from] item: Leftovers\n|-heal|p1a: Sylveon|278/300|[from] item: Leftovers\n|upkeep\n|turn|15\n|\n|t:|1781407020\n|move|p2a: Necrozma|Calm Mind|p2a: Necrozma\n|-boost|p2a: Necrozma|spa|1\n|-boost|p2a: Necrozma|spd|1\n|move|p1a: Sylveon|Wish|p1a: Sylveon\n|\n|-heal|p2a: Necrozma|228/272|[from] item: Leftovers\n|-heal|p1a: Sylveon|296/300|[from] item: Leftovers\n|upkeep\n|turn|16\n|\n|t:|1781407026\n|move|p2a: Necrozma|Calm Mind|p2a: Necrozma\n|-boost|p2a: Necrozma|spa|1\n|-boost|p2a: Necrozma|spd|1\n|move|p1a: Sylveon|Calm Mind|p1a: Sylveon\n|-boost|p1a: Sylveon|spa|1\n|-boost|p1a: Sylveon|spd|1\n|\n|-heal|p1a: Sylveon|300/300|[from] move: Wish|[wisher] Sylveon\n|-heal|p2a: Necrozma|245/272|[from] item: Leftovers\n|upkeep\n|turn|17\n|\n|t:|1781407035\n|move|p2a: Necrozma|Photon Geyser|p1a: Sylveon\n|-damage|p1a: Sylveon|201/300\n|move|p1a: Sylveon|Wish|p1a: Sylveon\n|\n|-heal|p2a: Necrozma|262/272|[from] item: Leftovers\n|-heal|p1a: Sylveon|219/300|[from] item: Leftovers\n|upkeep\n|turn|18\n|\n|t:|1781407049\n|move|p2a: Necrozma|Moongeist Beam|p1a: Sylveon\n|-damage|p1a: Sylveon|117/300\n|move|p1a: Sylveon|Calm Mind|p1a: Sylveon\n|-boost|p1a: Sylveon|spa|1\n|-boost|p1a: Sylveon|spd|1\n|\n|-heal|p1a: Sylveon|267/300|[from] move: Wish|[wisher] Sylveon\n|-heal|p2a: Necrozma|272/272|[from] item: Leftovers\n|-heal|p1a: Sylveon|285/300|[from] item: Leftovers\n|upkeep\n|turn|19\n|-message|l'ingegnere forfeited.\n|\n|win|grass1234567\n", "uploadtime": 1781406801, "views": 3, "formatid": "gen9randombattle", "rating": null, "private": 0, "password": null}