{"id": "gen9randombattle-2631832497", "format": "[Gen 9] Random Battle", "players": ["shallowdream20", "jorn lande"], "log": "|j|\u2606shallowdream20\n|j|\u2606jorn lande\n|t:|1781445845\n|gametype|singles\n|player|p1|shallowdream20|lady-gen4|2020\n|player|p2|jorn lande|169|1987\n|gen|9\n|tier|[Gen 9] Random Battle\n|rated|\n|rule|Species Clause: Limit one of each Pok\u00e9mon\n|rule|HP Percentage Mod: HP is shown in percentages\n|rule|Sleep Clause Mod: Limit one foe put to sleep\n|rule|Illusion Level Mod: Illusion disguises the Pok\u00e9mon's true level\n|\n|t:|1781445845\n|teamsize|p1|6\n|teamsize|p2|6\n|start\n|switch|p1a: Mew|Mew, L82|298/298\n|switch|p2a: Whiscash|Whiscash, L88, M|337/337\n|turn|1\n|inactive|Battle timer is ON: inactive players will automatically lose when time's up. (requested by jorn lande)\n|\n|t:|1781445852\n|move|p1a: Mew|Stealth Rock|p2a: Whiscash\n|-sidestart|p2: jorn lande|move: Stealth Rock\n|move|p2a: Whiscash|Stealth Rock|p1a: Mew\n|-sidestart|p1: shallowdream20|move: Stealth Rock\n|\n|upkeep\n|turn|2\n|\n|t:|1781445857\n|move|p1a: Mew|Will-O-Wisp|p2a: Whiscash\n|-status|p2a: Whiscash|brn\n|move|p2a: Whiscash|Spikes|p1a: Mew\n|-sidestart|p1: shallowdream20|Spikes\n|\n|-damage|p2a: Whiscash|316/337 brn|[from] brn\n|upkeep\n|turn|3\n|inactive|shallowdream20 has 120 seconds left.\n|\n|t:|1781445894\n|switch|p1a: Cobalion|Cobalion, L80|277/277\n|-damage|p1a: Cobalion|269/277|[from] Stealth Rock\n|-damage|p1a: Cobalion|235/277|[from] Spikes\n|move|p2a: Whiscash|Spikes|p1a: Cobalion\n|-sidestart|p1: shallowdream20|Spikes\n|\n|-heal|p1a: Cobalion|252/277|[from] item: Leftovers\n|-heal|p2a: Whiscash|337/337 brn|[from] item: Leftovers\n|-damage|p2a: Whiscash|316/337 brn|[from] brn\n|upkeep\n|turn|4\n|\n|t:|1781445913\n|switch|p2a: Ludicolo|Ludicolo, L90, F|290/290\n|-damage|p2a: Ludicolo|254/290|[from] Stealth Rock\n|move|p1a: Cobalion|Swords Dance|p1a: Cobalion\n|-boost|p1a: Cobalion|atk|2\n|\n|-heal|p1a: Cobalion|269/277|[from] item: Leftovers\n|upkeep\n|turn|5\n|inactive|shallowdream20 has 120 seconds left.\n|\n|t:|1781445930\n|move|p1a: Cobalion|Close Combat|p2a: Ludicolo\n|-damage|p2a: Ludicolo|1/290\n|-unboost|p1a: Cobalion|def|1\n|-unboost|p1a: Cobalion|spd|1\n|move|p2a: Ludicolo|Hydro Pump|p1a: Cobalion|[miss]\n|-miss|p2a: Ludicolo|p1a: Cobalion\n|\n|-heal|p1a: Cobalion|277/277|[from] item: Leftovers\n|upkeep\n|turn|6\n|\n|t:|1781445940\n|move|p1a: Cobalion|Iron Head|p2a: Ludicolo\n|-resisted|p2a: Ludicolo\n|-damage|p2a: Ludicolo|0 fnt\n|faint|p2a: Ludicolo\n|\n|upkeep\n|\n|t:|1781445952\n|switch|p2a: Latios|Latios, L78, M|253/253\n|-damage|p2a: Latios|222/253|[from] Stealth Rock\n|turn|7\n|inactive|shallowdream20 has 120 seconds left.\n|\n|t:|1781445981\n|switch|p1a: Mew|Mew, L82|298/298\n|-damage|p1a: Mew|261/298|[from] Stealth Rock\n|-damage|p1a: Mew|212/298|[from] Spikes\n|move|p2a: Latios|Luster Purge|p1a: Mew\n|-resisted|p1a: Mew\n|-damage|p1a: Mew|133/298\n|-unboost|p1a: Mew|spd|1\n|\n|-heal|p1a: Mew|151/298|[from] item: Leftovers\n|upkeep\n|turn|8\n|-message|jorn lande forfeited.\n|\n|win|shallowdream20\n|raw|shallowdream20's rating: 2020 &rarr; <strong>2038</strong><br />(+18 for winning)\n|raw|jorn lande's rating: 1987 &rarr; <strong>1969</strong><br />(-18 for losing)\n", "uploadtime": 1781445847, "views": 4, "formatid": "gen9randombattle", "rating": 1969, "private": 0, "password": null}