{"id": "gen9randombattle-2631912746", "format": "[Gen 9] Random Battle", "players": ["xiangguhuaji", "Snapdragon5240"], "log": "|j|\u2606xiangguhuaji\n|j|\u2606Snapdragon5240\n|t:|1781454917\n|gametype|singles\n|player|p1|xiangguhuaji|266|1356\n|player|p2|Snapdragon5240|gambler|1390\n|gen|9\n|tier|[Gen 9] Random Battle\n|rated|\n|rule|Species Clause: Limit one of each Pok\u00e9mon\n|rule|HP Percentage Mod: HP is shown in percentages\n|rule|Sleep Clause Mod: Limit one foe put to sleep\n|rule|Illusion Level Mod: Illusion disguises the Pok\u00e9mon's true level\n|\n|t:|1781454917\n|teamsize|p1|6\n|teamsize|p2|6\n|start\n|switch|p1a: Glalie|Glalie, L96, F, shiny|309/309\n|switch|p2a: Palossand|Palossand, L89, F|296/296\n|turn|1\n|inactive|Battle timer is ON: inactive players will automatically lose when time's up. (requested by Snapdragon5240)\n|c|\u2606Snapdragon5240|is that shiny lol\n|inactive|Snapdragon5240 has 120 seconds left.\n|\n|t:|1781454968\n|switch|p2a: Rotom|Rotom-Heat, L83|219/219\n|move|p1a: Glalie|Spikes|p2a: Rotom\n|-sidestart|p2: Snapdragon5240|Spikes\n|\n|upkeep\n|turn|2\n|\n|t:|1781454993\n|move|p1a: Glalie|Spikes|p2a: Rotom\n|-sidestart|p2: Snapdragon5240|Spikes\n|move|p2a: Rotom|Overheat|p1a: Glalie\n|-supereffective|p1a: Glalie\n|-damage|p1a: Glalie|31/309\n|-unboost|p2a: Rotom|spa|2\n|\n|upkeep\n|turn|3\n|\n|t:|1781455000\n|move|p1a: Glalie|Spikes|p2a: Rotom\n|-sidestart|p2: Snapdragon5240|Spikes\n|move|p2a: Rotom|Volt Switch|p1a: Glalie\n|-damage|p1a: Glalie|0 fnt\n|faint|p1a: Glalie\n|\n|t:|1781455014\n|switch|p2a: Dragonite|Dragonite, L74, F|257/257|[from] Volt Switch\n|\n|upkeep\n|\n|t:|1781455037\n|switch|p1a: Donphan|Donphan, L84, F|288/288\n|turn|4\n|\n|t:|1781455043\n|-terastallize|p2a: Dragonite|Steel\n|move|p2a: Dragonite|Dragon Dance|p2a: Dragonite\n|-boost|p2a: Dragonite|atk|1\n|-boost|p2a: Dragonite|spe|1\n|move|p1a: Donphan|Ice Spinner|p2a: Dragonite\n|-resisted|p2a: Dragonite\n|-damage|p2a: Dragonite|240/257\n|\n|upkeep\n|turn|5\n|\n|t:|1781455054\n|move|p2a: Dragonite|Outrage|p1a: Donphan\n|-damage|p1a: Donphan|141/288\n|move|p1a: Donphan|Earthquake|p2a: Dragonite\n|-supereffective|p2a: Dragonite\n|-damage|p2a: Dragonite|0 fnt\n|faint|p2a: Dragonite\n|\n|-heal|p1a: Donphan|159/288|[from] item: Leftovers\n|upkeep\n|\n|t:|1781455066\n|switch|p2a: Rotom|Rotom-Heat, L83|219/219\n|turn|6\n|\n|t:|1781455087\n|move|p2a: Rotom|Overheat|p1a: Donphan\n|-damage|p1a: Donphan|0 fnt\n|-unboost|p2a: Rotom|spa|2\n|faint|p1a: Donphan\n|\n|upkeep\n|\n|t:|1781455099\n|switch|p1a: Spidops|Spidops, L96, F|271/271\n|turn|7\n|\n|t:|1781455102\n|move|p2a: Rotom|Overheat|p1a: Spidops\n|-supereffective|p1a: Spidops\n|-damage|p1a: Spidops|149/271\n|-unboost|p2a: Rotom|spa|2\n|move|p1a: Spidops|Knock Off|p2a: Rotom\n|-damage|p2a: Rotom|155/219\n|-enditem|p2a: Rotom|Heavy-Duty Boots|[from] move: Knock Off|[of] p1a: Spidops\n|\n|upkeep\n|turn|8\n|\n|t:|1781455113\n|move|p2a: Rotom|Overheat|p1a: Spidops\n|-supereffective|p1a: Spidops\n|-damage|p1a: Spidops|57/271\n|-unboost|p2a: Rotom|spa|2\n|move|p1a: Spidops|Toxic Spikes|p2a: Rotom\n|-sidestart|p2: Snapdragon5240|move: Toxic Spikes\n|\n|upkeep\n|turn|9\n|\n|t:|1781455123\n|move|p2a: Rotom|Discharge|p1a: Spidops\n|-damage|p1a: Spidops|36/271\n|-status|p1a: Spidops|par\n|move|p1a: Spidops|Toxic Spikes|p2a: Rotom\n|-sidestart|p2: Snapdragon5240|move: Toxic Spikes\n|\n|upkeep\n|turn|10\n|\n|t:|1781455131\n|move|p2a: Rotom|Discharge|p1a: Spidops\n|-damage|p1a: Spidops|14/271 par\n|move|p1a: Spidops|Sticky Web|p2a: Rotom\n|-sidestart|p2: Snapdragon5240|move: Sticky Web\n|\n|upkeep\n|turn|11\n|\n|t:|1781455140\n|move|p2a: Rotom|Discharge|p1a: Spidops\n|-damage|p1a: Spidops|0 fnt\n|faint|p1a: Spidops\n|\n|upkeep\n|\n|t:|1781455158\n|switch|p1a: Staraptor|Staraptor, L79, M|263/263\n|turn|12\n|\n|t:|1781455168\n|move|p1a: Staraptor|Double-Edge|p2a: Rotom\n|-damage|p2a: Rotom|0 fnt\n|faint|p2a: Rotom\n|-damage|p1a: Staraptor|212/263|[from] Recoil\n|\n|upkeep\n|\n|t:|1781455173\n|switch|p2a: Palossand|Palossand, L89, F|296/296\n|-damage|p2a: Palossand|222/296|[from] Spikes\n|-status|p2a: Palossand|tox\n|-activate|p2a: Palossand|move: Sticky Web\n|-unboost|p2a: Palossand|spe|1\n|turn|13\n|\n|t:|1781455183\n|switch|p1a: Tsareena|Tsareena, L87, F|267/267\n|move|p2a: Palossand|Stealth Rock|p1a: Tsareena\n|-sidestart|p1: xiangguhuaji|move: Stealth Rock\n|\n|-heal|p2a: Palossand|240/296 tox|[from] item: Leftovers\n|-damage|p2a: Palossand|222/296 tox|[from] psn\n|upkeep\n|turn|14\n|\n|t:|1781455203\n|switch|p2a: Lunala|Lunala, L70|308/308\n|-damage|p2a: Lunala|231/308|[from] Spikes\n|-status|p2a: Lunala|tox\n|-activate|p2a: Lunala|move: Sticky Web\n|-unboost|p2a: Lunala|spe|1\n|move|p1a: Tsareena|Knock Off|p2a: Lunala\n|-supereffective|p2a: Lunala\n|-damage|p2a: Lunala|0 fnt\n|-enditem|p2a: Lunala|Leftovers|[from] move: Knock Off|[of] p1a: Tsareena\n|faint|p2a: Lunala\n|\n|upkeep\n|\n|t:|1781455208\n|switch|p2a: Inteleon|Inteleon, L81, M|246/246\n|-damage|p2a: Inteleon|185/246|[from] Spikes\n|-status|p2a: Inteleon|tox\n|-activate|p2a: Inteleon|move: Sticky Web\n|-unboost|p2a: Inteleon|spe|1\n|turn|15\n|\n|t:|1781455235\n|move|p1a: Tsareena|Knock Off|p2a: Inteleon\n|-damage|p2a: Inteleon|11/246 tox\n|-enditem|p2a: Inteleon|Choice Specs|[from] move: Knock Off|[of] p1a: Tsareena\n|move|p2a: Inteleon|Ice Beam|p1a: Tsareena\n|-supereffective|p1a: Tsareena\n|-damage|p1a: Tsareena|127/267\n|\n|-damage|p2a: Inteleon|0 fnt|[from] psn\n|faint|p2a: Inteleon\n|upkeep\n|\n|t:|1781455252\n|switch|p2a: Malamar|Malamar, L82, M|275/275\n|-damage|p2a: Malamar|207/275|[from] Spikes\n|-status|p2a: Malamar|tox\n|-activate|p2a: Malamar|move: Sticky Web\n|-boost|p2a: Malamar|spe|1\n|turn|16\n|l|\u2606xiangguhuaji\n|inactive|xiangguhuaji disconnected and has a minute to reconnect!\n|player|p1|\n|inactive|xiangguhuaji has 30 seconds to reconnect!\n|inactive|xiangguhuaji has 20 seconds to reconnect!\n|inactive|xiangguhuaji has 15 seconds to reconnect!\n|inactive|xiangguhuaji has 10 seconds to reconnect!\n|j|\u2606xiangguhuaji\n|inactive|xiangguhuaji reconnected and has 75 seconds left.\n|player|p1|xiangguhuaji|266|\n|\n|t:|1781455328\n|move|p2a: Malamar|Rest|p2a: Malamar\n|-status|p2a: Malamar|slp|[from] move: Rest\n|-heal|p2a: Malamar|275/275 slp|[silent]\n|move|p1a: Tsareena|Knock Off|p2a: Malamar\n|-crit|p2a: Malamar\n|-damage|p2a: Malamar|89/275 slp\n|-enditem|p2a: Malamar|Leftovers|[from] move: Knock Off|[of] p1a: Tsareena\n|\n|upkeep\n|turn|17\n|\n|t:|1781455337\n|cant|p2a: Malamar|slp\n|move|p1a: Tsareena|Knock Off|p2a: Malamar\n|-damage|p2a: Malamar|0 fnt\n|faint|p2a: Malamar\n|\n|upkeep\n|\n|t:|1781455349\n|switch|p2a: Palossand|Palossand, L89, F|222/296 tox\n|-damage|p2a: Palossand|148/296 tox|[from] Spikes\n|-activate|p2a: Palossand|move: Sticky Web\n|-unboost|p2a: Palossand|spe|1\n|turn|18\n|\n|t:|1781455354\n|move|p1a: Tsareena|Knock Off|p2a: Palossand\n|-supereffective|p2a: Palossand\n|-damage|p2a: Palossand|0 fnt\n|-enditem|p2a: Palossand|Leftovers|[from] move: Knock Off|[of] p1a: Tsareena\n|faint|p2a: Palossand\n|\n|win|xiangguhuaji\n|raw|xiangguhuaji's rating: 1356 &rarr; <strong>1378</strong><br />(+22 for winning)\n|raw|Snapdragon5240's rating: 1390 &rarr; <strong>1368</strong><br />(-22 for losing)\n|l|\u2606xiangguhuaji\n|player|p1|\n", "uploadtime": 1781455363, "views": 4, "formatid": "gen9randombattle", "rating": 1368, "private": 0, "password": null}