{"id": "gen9randombattle-2631415464", "format": "[Gen 9] Random Battle", "players": ["stop_aa", "Manumed"], "log": "|j|\u2606stop_aa\n|j|\u2606Manumed\n|t:|1781381916\n|gametype|singles\n|player|p1|stop_aa|101|2055\n|player|p2|Manumed|gambler|2050\n|gen|9\n|tier|[Gen 9] Random Battle\n|rated|\n|rule|Species Clause: Limit one of each Pok\u00e9mon\n|rule|HP Percentage Mod: HP is shown in percentages\n|rule|Sleep Clause Mod: Limit one foe put to sleep\n|rule|Illusion Level Mod: Illusion disguises the Pok\u00e9mon's true level\n|\n|t:|1781381916\n|teamsize|p1|6\n|teamsize|p2|6\n|start\n|switch|p1a: Solgaleo|Solgaleo, L74|325/325\n|switch|p2a: Alomomola|Alomomola, L87, F|429/429\n|turn|1\n|\n|t:|1781381930\n|switch|p1a: Tentacruel|Tentacruel, L84, M|272/272\n|move|p2a: Alomomola|Scald|p1a: Tentacruel\n|-resisted|p1a: Tentacruel\n|-crit|p1a: Tentacruel\n|-damage|p1a: Tentacruel|243/272\n|\n|-heal|p1a: Tentacruel|260/272|[from] item: Leftovers\n|upkeep\n|turn|2\n|\n|t:|1781381944\n|move|p1a: Tentacruel|Sludge Bomb|p2a: Alomomola\n|-damage|p2a: Alomomola|297/429\n|-status|p2a: Alomomola|psn\n|move|p2a: Alomomola|Flip Turn|p1a: Tentacruel\n|-resisted|p1a: Tentacruel\n|-damage|p1a: Tentacruel|228/272\n|\n|t:|1781381964\n|switch|p2a: Qwilfish|Qwilfish, L86, F|252/252|[from] Flip Turn\n|-ability|p2a: Qwilfish|Intimidate|boost\n|-unboost|p1a: Tentacruel|atk|1\n|\n|-heal|p1a: Tentacruel|245/272|[from] item: Leftovers\n|upkeep\n|turn|3\n|\n|t:|1781381982\n|switch|p1a: Solgaleo|Solgaleo, L74|325/325\n|move|p2a: Qwilfish|Thunder Wave|p1a: Solgaleo\n|-status|p1a: Solgaleo|par\n|\n|upkeep\n|turn|4\n|\n|t:|1781381985\n|move|p2a: Qwilfish|Flip Turn|p1a: Solgaleo\n|-damage|p1a: Solgaleo|265/325 par\n|\n|t:|1781381989\n|switch|p2a: Alomomola|Alomomola, L87, F|429/429 psn|[from] Flip Turn\n|move|p1a: Solgaleo|Psychic|p2a: Alomomola\n|-damage|p2a: Alomomola|293/429 psn\n|\n|-damage|p2a: Alomomola|240/429 psn|[from] psn\n|upkeep\n|turn|5\n|\n|t:|1781382010\n|switch|p1a: Tentacruel|Tentacruel, L84, M|245/272\n|move|p2a: Alomomola|Flip Turn|p1a: Tentacruel\n|-resisted|p1a: Tentacruel\n|-damage|p1a: Tentacruel|210/272\n|\n|t:|1781382018\n|switch|p2a: Azelf|Azelf, L82|257/257|[from] Flip Turn\n|\n|-heal|p1a: Tentacruel|227/272|[from] item: Leftovers\n|upkeep\n|turn|6\n|\n|t:|1781382028\n|switch|p1a: Perrserker|Perrserker, L89, F|269/269\n|move|p2a: Azelf|Knock Off|p1a: Perrserker\n|-damage|p1a: Perrserker|181/269\n|-enditem|p1a: Perrserker|Choice Band|[from] move: Knock Off|[of] p2a: Azelf\n|-damage|p2a: Azelf|232/257|[from] item: Life Orb\n|\n|upkeep\n|turn|7\n|\n|t:|1781382037\n|switch|p2a: Alomomola|Alomomola, L87, F|383/429 psn\n|move|p1a: Perrserker|Knock Off|p2a: Alomomola\n|-damage|p2a: Alomomola|276/429 psn\n|-damage|p1a: Perrserker|137/269|[from] item: Rocky Helmet|[of] p2a: Alomomola\n|-enditem|p2a: Alomomola|Rocky Helmet|[from] move: Knock Off|[of] p1a: Perrserker\n|\n|-damage|p2a: Alomomola|223/429 psn|[from] psn\n|upkeep\n|turn|8\n|\n|t:|1781382048\n|switch|p1a: Tentacruel|Tentacruel, L84, M|227/272\n|move|p2a: Alomomola|Scald|p1a: Tentacruel\n|-resisted|p1a: Tentacruel\n|-damage|p1a: Tentacruel|207/272\n|\n|-heal|p1a: Tentacruel|224/272|[from] item: Leftovers\n|-damage|p2a: Alomomola|170/429 psn|[from] psn\n|upkeep\n|turn|9\n|\n|t:|1781382063\n|move|p1a: Tentacruel|Sludge Bomb|p2a: Alomomola\n|-crit|p2a: Alomomola\n|-damage|p2a: Alomomola|0 fnt\n|faint|p2a: Alomomola\n|\n|-heal|p1a: Tentacruel|241/272|[from] item: Leftovers\n|upkeep\n|\n|t:|1781382068\n|switch|p2a: Azelf|Azelf, L82|232/257\n|turn|10\n|\n|t:|1781382071\n|switch|p1a: Solgaleo|Solgaleo, L74|265/325 par\n|move|p2a: Azelf|Psychic|p1a: Solgaleo\n|-resisted|p1a: Solgaleo\n|-damage|p1a: Solgaleo|225/325 par\n|-damage|p2a: Azelf|207/257|[from] item: Life Orb\n|\n|upkeep\n|turn|11\n|\n|t:|1781382079\n|move|p2a: Azelf|Knock Off|p1a: Solgaleo\n|-supereffective|p1a: Solgaleo\n|-crit|p1a: Solgaleo\n|-damage|p1a: Solgaleo|0 fnt\n|-enditem|p1a: Solgaleo|Weakness Policy|[from] move: Knock Off|[of] p2a: Azelf\n|faint|p1a: Solgaleo\n|-damage|p2a: Azelf|182/257|[from] item: Life Orb\n|\n|upkeep\n|\n|t:|1781382085\n|switch|p1a: Perrserker|Perrserker, L89, F|137/269\n|turn|12\n|\n|t:|1781382089\n|switch|p2a: Qwilfish|Qwilfish, L86, F|252/252\n|-ability|p2a: Qwilfish|Intimidate|boost\n|-unboost|p1a: Perrserker|atk|1\n|move|p1a: Perrserker|U-turn|p2a: Qwilfish\n|-resisted|p2a: Qwilfish\n|-damage|p2a: Qwilfish|226/252\n|\n|t:|1781382101\n|switch|p1a: Torterra|Torterra, L78, M|276/276|[from] U-turn\n|\n|upkeep\n|turn|13\n|\n|t:|1781382205\n|move|p2a: Qwilfish|Flip Turn|p1a: Torterra\n|-crit|p1a: Torterra\n|-damage|p1a: Torterra|174/276\n|\n|t:|1781382210\n|switch|p2a: Azelf|Azelf, L82|182/257|[from] Flip Turn\n|move|p1a: Torterra|Shell Smash|p1a: Torterra\n|-unboost|p1a: Torterra|def|1\n|-unboost|p1a: Torterra|spd|1\n|-boost|p1a: Torterra|atk|2\n|-boost|p1a: Torterra|spa|2\n|-boost|p1a: Torterra|spe|2\n|\n|upkeep\n|turn|14\n|\n|t:|1781382227\n|switch|p2a: Qwilfish|Qwilfish, L86, F|226/252\n|-ability|p2a: Qwilfish|Intimidate|boost\n|-unboost|p1a: Torterra|atk|1\n|move|p1a: Torterra|Bullet Seed|p2a: Qwilfish\n|-damage|p2a: Qwilfish|184/252\n|-damage|p2a: Qwilfish|141/252\n|-damage|p2a: Qwilfish|102/252\n|-damage|p2a: Qwilfish|60/252\n|-hitcount|p2a: Qwilfish|4\n|\n|upkeep\n|turn|15\n|\n|t:|1781382231\n|switch|p2a: Azelf|Azelf, L82|182/257\n|move|p1a: Torterra|Bullet Seed|p2a: Azelf\n|-damage|p2a: Azelf|131/257\n|-damage|p2a: Azelf|83/257\n|-damage|p2a: Azelf|37/257\n|-damage|p2a: Azelf|0 fnt\n|faint|p2a: Azelf\n|-hitcount|p2: Azelf|4\n|\n|upkeep\n|\n|t:|1781382233\n|switch|p2a: Qwilfish|Qwilfish, L86, F|60/252\n|-ability|p2a: Qwilfish|Intimidate|boost\n|-unboost|p1a: Torterra|atk|1\n|turn|16\n|\n|t:|1781382245\n|move|p1a: Torterra|Bullet Seed|p2a: Qwilfish\n|-damage|p2a: Qwilfish|32/252\n|-damage|p2a: Qwilfish|7/252\n|-damage|p2a: Qwilfish|0 fnt\n|faint|p2a: Qwilfish\n|-hitcount|p2: Qwilfish|3\n|\n|upkeep\n|\n|t:|1781382272\n|switch|p2a: Gouging Fire|Gouging Fire, L74|277/277\n|turn|17\n|\n|t:|1781382282\n|-terastallize|p2a: Gouging Fire|Fairy\n|move|p1a: Torterra|Headlong Rush|p2a: Gouging Fire\n|-damage|p2a: Gouging Fire|162/277\n|-unboost|p1a: Torterra|def|1\n|-unboost|p1a: Torterra|spd|1\n|move|p2a: Gouging Fire|Dragon Dance|p2a: Gouging Fire\n|-boost|p2a: Gouging Fire|atk|1\n|-boost|p2a: Gouging Fire|spe|1\n|\n|upkeep\n|turn|18\n|\n|t:|1781382299\n|move|p2a: Gouging Fire|Heat Crash|p1a: Torterra\n|-supereffective|p1a: Torterra\n|-damage|p1a: Torterra|0 fnt\n|faint|p1a: Torterra\n|\n|upkeep\n|\n|t:|1781382304\n|switch|p1a: Tentacruel|Tentacruel, L84, M|241/272\n|turn|19\n|\n|t:|1781382308\n|-terastallize|p1a: Tentacruel|Grass\n|move|p2a: Gouging Fire|Outrage|p1a: Tentacruel\n|-damage|p1a: Tentacruel|31/272\n|move|p1a: Tentacruel|Sludge Bomb|p2a: Gouging Fire\n|-supereffective|p2a: Gouging Fire\n|-damage|p2a: Gouging Fire|0 fnt\n|faint|p2a: Gouging Fire\n|-end|p2a: Gouging Fire|Protosynthesis|[silent]\n|\n|-heal|p1a: Tentacruel|48/272|[from] item: Leftovers\n|upkeep\n|\n|t:|1781382313\n|switch|p2a: Dragonite|Dragonite, L74, M, shiny|257/257\n|turn|20\n|\n|t:|1781382316\n|move|p1a: Tentacruel|Toxic|p2a: Dragonite\n|-status|p2a: Dragonite|tox\n|move|p2a: Dragonite|Dragon Dance|p2a: Dragonite\n|-boost|p2a: Dragonite|atk|1\n|-boost|p2a: Dragonite|spe|1\n|\n|-heal|p1a: Tentacruel|65/272|[from] item: Leftovers\n|-damage|p2a: Dragonite|241/257 tox|[from] psn\n|upkeep\n|turn|21\n|\n|t:|1781382321\n|move|p2a: Dragonite|Tera Blast|p1a: Tentacruel\n|-damage|p1a: Tentacruel|28/272\n|move|p1a: Tentacruel|Sludge Bomb|p2a: Dragonite\n|-damage|p2a: Dragonite|150/257 tox\n|\n|-heal|p1a: Tentacruel|45/272|[from] item: Leftovers\n|-damage|p2a: Dragonite|118/257 tox|[from] psn\n|upkeep\n|turn|22\n|\n|t:|1781382332\n|switch|p1a: Perrserker|Perrserker, L89, F|137/269\n|move|p2a: Dragonite|Earthquake|p1a: Perrserker\n|-supereffective|p1a: Perrserker\n|-damage|p1a: Perrserker|0 fnt\n|faint|p1a: Perrserker\n|\n|-damage|p2a: Dragonite|70/257 tox|[from] psn\n|upkeep\n|\n|t:|1781382337\n|switch|p1a: Hariyama|Hariyama, L87, M|392/392\n|turn|23\n|\n|t:|1781382341\n|move|p2a: Dragonite|Outrage|p1a: Hariyama\n|-damage|p1a: Hariyama|169/392\n|move|p1a: Hariyama|Knock Off|p2a: Dragonite\n|-damage|p2a: Dragonite|0 fnt\n|-enditem|p2a: Dragonite|Heavy-Duty Boots|[from] move: Knock Off|[of] p1a: Hariyama\n|faint|p2a: Dragonite\n|\n|upkeep\n|\n|t:|1781382344\n|switch|p2a: Sandy Shocks|Sandy Shocks, L80|267/267\n|turn|24\n|\n|t:|1781382348\n|move|p2a: Sandy Shocks|Thunderbolt|p1a: Hariyama\n|-damage|p1a: Hariyama|81/392\n|move|p1a: Hariyama|Headlong Rush|p2a: Sandy Shocks\n|-supereffective|p2a: Sandy Shocks\n|-damage|p2a: Sandy Shocks|61/267\n|-unboost|p1a: Hariyama|def|1\n|-unboost|p1a: Hariyama|spd|1\n|\n|-heal|p2a: Sandy Shocks|77/267|[from] item: Leftovers\n|upkeep\n|turn|25\n|\n|t:|1781382351\n|move|p2a: Sandy Shocks|Thunderbolt|p1a: Hariyama\n|-damage|p1a: Hariyama|0 fnt\n|faint|p1a: Hariyama\n|\n|-heal|p2a: Sandy Shocks|93/267|[from] item: Leftovers\n|upkeep\n|\n|t:|1781382353\n|switch|p1a: Tentacruel|Tentacruel, L84, M, tera:Grass|45/272\n|turn|26\n|\n|t:|1781382357\n|move|p1a: Tentacruel|Surf|p2a: Sandy Shocks\n|-supereffective|p2a: Sandy Shocks\n|-damage|p2a: Sandy Shocks|0 fnt\n|faint|p2a: Sandy Shocks\n|-end|p2a: Sandy Shocks|Protosynthesis|[silent]\n|\n|win|stop_aa\n", "uploadtime": 1781381918, "views": 8, "formatid": "gen9randombattle", "rating": null, "private": 0, "password": null}