{"id": "gen9randombattle-2632010207", "format": "[Gen 9] Random Battle", "players": ["lucky liu", "laundry bias"], "log": "|j|\u203dlucky liu\n|j|\u2606laundry bias\n|t:|1781465605\n|gametype|singles\n|player|p1|lucky liu|roxie|2059\n|player|p2|laundry bias|101|1990\n|gen|9\n|tier|[Gen 9] Random Battle\n|rated|\n|rule|Species Clause: Limit one of each Pok\u00e9mon\n|rule|HP Percentage Mod: HP is shown in percentages\n|rule|Sleep Clause Mod: Limit one foe put to sleep\n|rule|Illusion Level Mod: Illusion disguises the Pok\u00e9mon's true level\n|\n|t:|1781465605\n|teamsize|p1|6\n|teamsize|p2|6\n|start\n|switch|p1a: Mienshao|Mienshao, L83, F|244/244\n|switch|p2a: Blaziken|Blaziken, L76, M|247/247\n|turn|1\n|inactive|Battle timer is ON: inactive players will automatically lose when time's up. (requested by lucky liu)\n|inactive|laundry bias has 120 seconds left.\n|\n|t:|1781465672\n|switch|p2a: Pachirisu|Pachirisu, L96, F|271/271\n|move|p1a: Mienshao|Close Combat|p2a: Pachirisu\n|-damage|p2a: Pachirisu|83/271\n|-unboost|p1a: Mienshao|def|1\n|-unboost|p1a: Mienshao|spd|1\n|-damage|p1a: Mienshao|220/244|[from] item: Life Orb\n|\n|upkeep\n|turn|2\n|\n|t:|1781465690\n|switch|p1a: Gliscor|Gliscor, L76, M|239/239\n|move|p2a: Pachirisu|Discharge|p1a: Gliscor\n|-immune|p1a: Gliscor\n|\n|-status|p1a: Gliscor|tox|[from] item: Toxic Orb\n|upkeep\n|turn|3\n|\n|t:|1781465706\n|move|p2a: Pachirisu|Super Fang|p1a: Gliscor\n|-damage|p1a: Gliscor|120/239 tox\n|move|p1a: Gliscor|Toxic Spikes|p2a: Pachirisu\n|-sidestart|p2: laundry bias|move: Toxic Spikes\n|\n|-heal|p1a: Gliscor|149/239 tox|[from] ability: Poison Heal\n|upkeep\n|turn|4\n|inactive|lucky liu has 120 seconds left.\n|\n|t:|1781465745\n|move|p2a: Pachirisu|U-turn|p1a: Gliscor\n|-resisted|p1a: Gliscor\n|-damage|p1a: Gliscor|134/239 tox\n|\n|t:|1781465749\n|switch|p2a: Milotic|Milotic, L83, M|293/293|[from] U-turn\n|-status|p2a: Milotic|psn\n|move|p1a: Gliscor|Toxic Spikes|p2a: Milotic\n|-sidestart|p2: laundry bias|move: Toxic Spikes\n|\n|-heal|p1a: Gliscor|163/239 tox|[from] ability: Poison Heal\n|-damage|p2a: Milotic|257/293 psn|[from] psn\n|upkeep\n|turn|5\n|inactive|lucky liu has 120 seconds left.\n|\n|t:|1781465766\n|move|p1a: Gliscor|Protect|p1a: Gliscor\n|-singleturn|p1a: Gliscor|Protect\n|move|p2a: Milotic|Scald|p1a: Gliscor\n|-activate|p1a: Gliscor|move: Protect\n|\n|-heal|p2a: Milotic|275/293 psn|[from] item: Leftovers\n|-heal|p1a: Gliscor|192/239 tox|[from] ability: Poison Heal\n|-damage|p2a: Milotic|239/293 psn|[from] psn\n|upkeep\n|turn|6\n|inactive|lucky liu has 120 seconds left.\n|\n|t:|1781465780\n|switch|p1a: Miraidon|Miraidon, L65|238/238\n|-fieldstart|move: Electric Terrain|[from] ability: Hadron Engine|[of] p1a: Miraidon\n|move|p2a: Milotic|Scald|p1a: Miraidon\n|-resisted|p1a: Miraidon\n|-damage|p1a: Miraidon|196/238\n|\n|-heal|p2a: Milotic|257/293 psn|[from] item: Leftovers\n|-damage|p2a: Milotic|221/293 psn|[from] psn\n|upkeep\n|turn|7\n|inactive|lucky liu has 120 seconds left.\n|inactive|lucky liu has 90 seconds left.\n|\n|t:|1781465823\n|switch|p2a: Pachirisu|Pachirisu, L96, F|83/271\n|move|p1a: Miraidon|Draco Meteor|p2a: Pachirisu\n|-damage|p2a: Pachirisu|0 fnt\n|-unboost|p1a: Miraidon|spa|2\n|faint|p2a: Pachirisu\n|-damage|p1a: Miraidon|173/238|[from] item: Life Orb\n|\n|upkeep\n|inactive|laundry bias has 120 seconds left.\n|\n|t:|1781465856\n|switch|p2a: Dugtrio|Dugtrio, L84, M|196/196\n|-status|p2a: Dugtrio|tox\n|turn|8\n|\n|t:|1781465864\n|move|p2a: Dugtrio|Earthquake|p1a: Miraidon\n|-supereffective|p1a: Miraidon\n|-damage|p1a: Miraidon|0 fnt\n|faint|p1a: Miraidon\n|-damage|p2a: Dugtrio|177/196 tox|[from] item: Life Orb\n|\n|-damage|p2a: Dugtrio|165/196 tox|[from] psn\n|upkeep\n|\n|t:|1781465868\n|switch|p1a: Orthworm|Orthworm, L88, F|266/266\n|turn|9\n|\n|t:|1781465881\n|switch|p2a: Milotic|Milotic, L83, M|221/293 psn\n|move|p1a: Orthworm|Stealth Rock|p2a: Milotic\n|-sidestart|p2: laundry bias|move: Stealth Rock\n|\n|-heal|p2a: Milotic|239/293 psn|[from] item: Leftovers\n|-damage|p2a: Milotic|203/293 psn|[from] psn\n|upkeep\n|turn|10\n|inactive|lucky liu has 120 seconds left.\n|\n|t:|1781465896\n|move|p2a: Milotic|Scald|p1a: Orthworm\n|-crit|p1a: Orthworm\n|-damage|p1a: Orthworm|107/266\n|move|p1a: Orthworm|Spikes|p2a: Milotic\n|-sidestart|p2: laundry bias|Spikes\n|\n|-heal|p2a: Milotic|221/293 psn|[from] item: Leftovers\n|-heal|p1a: Orthworm|123/266|[from] item: Leftovers\n|-damage|p2a: Milotic|185/293 psn|[from] psn\n|-fieldend|move: Electric Terrain\n|upkeep\n|turn|11\n|\n|t:|1781465907\n|switch|p1a: Lilligant|Lilligant, L86, F|261/261\n|move|p2a: Milotic|Scald|p1a: Lilligant\n|-resisted|p1a: Lilligant\n|-damage|p1a: Lilligant|212/261\n|\n|-heal|p2a: Milotic|203/293 psn|[from] item: Leftovers\n|-damage|p2a: Milotic|167/293 psn|[from] psn\n|upkeep\n|turn|12\n|\n|t:|1781465922\n|move|p1a: Lilligant|Quiver Dance|p1a: Lilligant\n|-boost|p1a: Lilligant|spa|1\n|-boost|p1a: Lilligant|spd|1\n|-boost|p1a: Lilligant|spe|1\n|move|p2a: Milotic|Ice Beam|p1a: Lilligant\n|-supereffective|p1a: Lilligant\n|-damage|p1a: Lilligant|124/261\n|\n|-heal|p2a: Milotic|185/293 psn|[from] item: Leftovers\n|-damage|p2a: Milotic|149/293 psn|[from] psn\n|upkeep\n|turn|13\n|inactive|lucky liu has 120 seconds left.\n|inactive|lucky liu has 90 seconds left.\n|\n|t:|1781465958\n|-terastallize|p2a: Milotic|Steel\n|move|p1a: Lilligant|Giga Drain|p2a: Milotic\n|-resisted|p2a: Milotic\n|-damage|p2a: Milotic|75/293 psn\n|-heal|p1a: Lilligant|161/261|[from] drain|[of] p2a: Milotic\n|-damage|p1a: Lilligant|135/261|[from] item: Life Orb\n|move|p2a: Milotic|Recover|p2a: Milotic\n|-heal|p2a: Milotic|222/293 psn\n|\n|-heal|p2a: Milotic|240/293 psn|[from] item: Leftovers\n|-damage|p2a: Milotic|204/293 psn|[from] psn\n|upkeep\n|turn|14\n|\n|t:|1781465968\n|-terastallize|p1a: Lilligant|Fire\n|move|p1a: Lilligant|Quiver Dance|p1a: Lilligant\n|-boost|p1a: Lilligant|spa|1\n|-boost|p1a: Lilligant|spd|1\n|-boost|p1a: Lilligant|spe|1\n|move|p2a: Milotic|Scald|p1a: Lilligant\n|-supereffective|p1a: Lilligant\n|-damage|p1a: Lilligant|45/261\n|\n|-heal|p2a: Milotic|222/293 psn|[from] item: Leftovers\n|-damage|p2a: Milotic|186/293 psn|[from] psn\n|upkeep\n|turn|15\n|\n|t:|1781465979\n|move|p1a: Lilligant|Tera Blast|p2a: Milotic|[anim] Tera Blast Fire\n|-supereffective|p2a: Milotic\n|-damage|p2a: Milotic|0 fnt\n|faint|p2a: Milotic\n|-damage|p1a: Lilligant|19/261|[from] item: Life Orb\n|\n|upkeep\n|\n|t:|1781465984\n|switch|p2a: Dugtrio|Dugtrio, L84, M|165/196 tox\n|-damage|p2a: Dugtrio|153/196 tox|[from] Stealth Rock\n|-damage|p2a: Dugtrio|129/196 tox|[from] Spikes\n|turn|16\n|inactive|lucky liu has 90 seconds left.\n|\n|t:|1781466013\n|move|p2a: Dugtrio|Sucker Punch|p1a: Lilligant\n|-crit|p1a: Lilligant\n|-damage|p1a: Lilligant|0 fnt\n|faint|p1a: Lilligant\n|-damage|p2a: Dugtrio|110/196 tox|[from] item: Life Orb\n|\n|-damage|p2a: Dugtrio|98/196 tox|[from] psn\n|upkeep\n|\n|t:|1781466015\n|switch|p1a: Gliscor|Gliscor, L76, M|192/239 tox\n|turn|17\n|\n|t:|1781466042\n|switch|p2a: Walking Wake|Walking Wake, L79|286/286\n|-status|p2a: Walking Wake|tox\n|-damage|p2a: Walking Wake|251/286 tox|[from] Stealth Rock\n|-damage|p2a: Walking Wake|216/286 tox|[from] Spikes\n|move|p1a: Gliscor|Earthquake|p2a: Walking Wake\n|-damage|p2a: Walking Wake|134/286 tox\n|\n|-damage|p2a: Walking Wake|117/286 tox|[from] psn\n|-heal|p1a: Gliscor|221/239 tox|[from] ability: Poison Heal\n|upkeep\n|turn|18\n|inactive|lucky liu has 90 seconds left.\n|\n|t:|1781466082\n|move|p1a: Gliscor|Protect|p1a: Gliscor\n|-singleturn|p1a: Gliscor|Protect\n|move|p2a: Walking Wake|Hydro Pump|p1a: Gliscor\n|-activate|p1a: Gliscor|move: Protect\n|\n|-damage|p2a: Walking Wake|83/286 tox|[from] psn\n|-heal|p1a: Gliscor|239/239 tox|[from] ability: Poison Heal\n|upkeep\n|turn|19\n|\n|t:|1781466097\n|switch|p1a: Mienshao|Mienshao, L83, F|244/244\n|move|p2a: Walking Wake|Hydro Pump|p1a: Mienshao\n|-damage|p1a: Mienshao|0 fnt\n|faint|p1a: Mienshao\n|\n|-damage|p2a: Walking Wake|32/286 tox|[from] psn\n|upkeep\n|\n|t:|1781466103\n|switch|p1a: Gliscor|Gliscor, L76, M|239/239 tox\n|turn|20\n|\n|t:|1781466133\n|move|p1a: Gliscor|Protect|p1a: Gliscor\n|-singleturn|p1a: Gliscor|Protect\n|move|p2a: Walking Wake|Hydro Pump|p1a: Gliscor\n|-activate|p1a: Gliscor|move: Protect\n|\n|-damage|p2a: Walking Wake|0 fnt|[from] psn\n|faint|p2a: Walking Wake\n|-end|p2a: Walking Wake|Protosynthesis|[silent]\n|upkeep\n|inactive|laundry bias has 120 seconds left.\n|inactive|laundry bias has 90 seconds left.\n|\n|t:|1781466173\n|switch|p2a: Houndoom|Houndoom, L87, F|272/272\n|turn|21\n|inactive|lucky liu has 90 seconds left.\n|\n|t:|1781466193\n|switch|p1a: Charizard|Charizard, L85, F|271/271\n|move|p2a: Houndoom|Nasty Plot|p2a: Houndoom\n|-boost|p2a: Houndoom|spa|2\n|\n|upkeep\n|turn|22\n|inactive|lucky liu has 90 seconds left.\n|inactive|laundry bias has 90 seconds left.\n|\n|t:|1781466219\n|move|p1a: Charizard|Earthquake|p2a: Houndoom\n|-supereffective|p2a: Houndoom\n|-damage|p2a: Houndoom|76/272\n|move|p2a: Houndoom|Dark Pulse|p1a: Charizard\n|-damage|p1a: Charizard|54/271\n|\n|upkeep\n|turn|23\n|inactive|lucky liu has 90 seconds left.\n|\n|t:|1781466231\n|move|p1a: Charizard|Earthquake|p2a: Houndoom\n|-supereffective|p2a: Houndoom\n|-crit|p2a: Houndoom\n|-damage|p2a: Houndoom|0 fnt\n|faint|p2a: Houndoom\n|\n|upkeep\n|inactive|laundry bias has 90 seconds left.\n|\n|t:|1781466244\n|switch|p2a: Dugtrio|Dugtrio, L84, M|98/196 tox\n|-damage|p2a: Dugtrio|86/196 tox|[from] Stealth Rock\n|-damage|p2a: Dugtrio|62/196 tox|[from] Spikes\n|turn|24\n|\n|t:|1781466248\n|move|p2a: Dugtrio|Stone Edge|p1a: Charizard|[miss]\n|-miss|p2a: Dugtrio|p1a: Charizard\n|move|p1a: Charizard|Earthquake|p2a: Dugtrio\n|-damage|p2a: Dugtrio|0 fnt\n|faint|p2a: Dugtrio\n|\n|upkeep\n|\n|t:|1781466251\n|switch|p2a: Blaziken|Blaziken, L76, M|247/247\n|-status|p2a: Blaziken|tox\n|-damage|p2a: Blaziken|217/247 tox|[from] Stealth Rock\n|-damage|p2a: Blaziken|187/247 tox|[from] Spikes\n|turn|25\n|\n|t:|1781466253\n|move|p2a: Blaziken|Protect|p2a: Blaziken\n|-singleturn|p2a: Blaziken|Protect\n|move|p1a: Charizard|Earthquake|p2a: Blaziken\n|-activate|p2a: Blaziken|move: Protect\n|\n|-damage|p2a: Blaziken|172/247 tox|[from] psn\n|-ability|p2a: Blaziken|Speed Boost|boost\n|-boost|p2a: Blaziken|spe|1\n|upkeep\n|turn|26\n|\n|t:|1781466255\n|move|p2a: Blaziken|Close Combat|p1a: Charizard\n|-resisted|p1a: Charizard\n|-damage|p1a: Charizard|0 fnt\n|-unboost|p2a: Blaziken|def|1\n|-unboost|p2a: Blaziken|spd|1\n|faint|p1a: Charizard\n|-damage|p2a: Blaziken|148/247 tox|[from] item: Life Orb\n|\n|-damage|p2a: Blaziken|118/247 tox|[from] psn\n|-ability|p2a: Blaziken|Speed Boost|boost\n|-boost|p2a: Blaziken|spe|1\n|upkeep\n|\n|t:|1781466257\n|switch|p1a: Gliscor|Gliscor, L76, M|239/239 tox\n|turn|27\n|\n|t:|1781466264\n|move|p1a: Gliscor|Protect|p1a: Gliscor\n|-singleturn|p1a: Gliscor|Protect\n|move|p2a: Blaziken|Flare Blitz|p1a: Gliscor\n|-activate|p1a: Gliscor|move: Protect\n|\n|-damage|p2a: Blaziken|73/247 tox|[from] psn\n|-ability|p2a: Blaziken|Speed Boost|boost\n|-boost|p2a: Blaziken|spe|1\n|upkeep\n|turn|28\n|\n|t:|1781466268\n|move|p2a: Blaziken|Flare Blitz|p1a: Gliscor\n|-damage|p1a: Gliscor|97/239 tox\n|-damage|p2a: Blaziken|26/247 tox|[from] Recoil\n|-damage|p2a: Blaziken|2/247 tox|[from] item: Life Orb\n|move|p1a: Gliscor|Earthquake|p2a: Blaziken\n|-supereffective|p2a: Blaziken\n|-damage|p2a: Blaziken|0 fnt\n|faint|p2a: Blaziken\n|\n|win|lucky liu\n", "uploadtime": 1781465607, "views": 9, "formatid": "gen9randombattle", "rating": null, "private": 0, "password": null}