{"id": "gen9randombattle-2631872813", "format": "[Gen 9] Random Battle", "players": ["LuxemBougie", "bimiuchiratnhieu"], "log": "|j|\u203dLuxemBougie\n|j|\u2606bimiuchiratnhieu\n|t:|1781450560\n|gametype|singles\n|player|p1|LuxemBougie|cynthia|1912\n|player|p2|bimiuchiratnhieu|hilda|1966\n|gen|9\n|tier|[Gen 9] Random Battle\n|rated|\n|rule|Species Clause: Limit one of each Pok\u00e9mon\n|rule|HP Percentage Mod: HP is shown in percentages\n|rule|Sleep Clause Mod: Limit one foe put to sleep\n|rule|Illusion Level Mod: Illusion disguises the Pok\u00e9mon's true level\n|\n|t:|1781450560\n|teamsize|p1|6\n|teamsize|p2|6\n|start\n|switch|p1a: Furret|Furret, L94, M|312/312\n|switch|p2a: Forretress|Forretress, L84, F|263/263\n|-item|p2a: Forretress|Leftovers|[from] ability: Frisk|[of] p1a: Furret\n|turn|1\n|inactive|Battle timer is ON: inactive players will automatically lose when time's up. (requested by bimiuchiratnhieu)\n|\n|t:|1781450572\n|switch|p1a: Skuntank|Skuntank, L84, F|310/310\n|move|p2a: Forretress|Volt Switch|p1a: Skuntank\n|-damage|p1a: Skuntank|262/310\n|\n|t:|1781450581\n|switch|p2a: Rampardos|Rampardos, L90, F|321/321|[from] Volt Switch\n|\n|upkeep\n|turn|2\n|\n|t:|1781450609\n|move|p2a: Rampardos|Earthquake|p1a: Skuntank\n|-supereffective|p1a: Skuntank\n|-damage|p1a: Skuntank|0 fnt\n|faint|p1a: Skuntank\n|\n|upkeep\n|inactive|LuxemBougie has 120 seconds left.\n|\n|t:|1781450620\n|switch|p1a: Passimian|Passimian, L83, M|302/302\n|turn|3\n|\n|t:|1781450638\n|switch|p2a: Dusknoir|Dusknoir, L89, M|225/225\n|-item|p1a: Passimian|Leftovers|[from] ability: Frisk|[of] p2a: Dusknoir\n|move|p1a: Passimian|Bulk Up|p1a: Passimian\n|-boost|p1a: Passimian|atk|1\n|-boost|p1a: Passimian|def|1\n|\n|upkeep\n|turn|4\n|inactive|LuxemBougie has 120 seconds left.\n|\n|t:|1781450667\n|move|p1a: Passimian|Knock Off|p2a: Dusknoir\n|-supereffective|p2a: Dusknoir\n|-damage|p2a: Dusknoir|63/225\n|-enditem|p2a: Dusknoir|Leftovers|[from] move: Knock Off|[of] p1a: Passimian\n|move|p2a: Dusknoir|Will-O-Wisp|p1a: Passimian\n|-status|p1a: Passimian|brn\n|\n|-damage|p1a: Passimian|284/302 brn|[from] brn\n|upkeep\n|turn|5\n|inactive|LuxemBougie has 120 seconds left.\n|\n|t:|1781450687\n|switch|p2a: Forretress|Forretress, L84, F|263/263\n|move|p1a: Passimian|Knock Off|p2a: Forretress\n|-damage|p2a: Forretress|225/263\n|-enditem|p2a: Forretress|Leftovers|[from] move: Knock Off|[of] p1a: Passimian\n|\n|-heal|p1a: Passimian|302/302 brn|[from] item: Leftovers\n|-damage|p1a: Passimian|284/302 brn|[from] brn\n|upkeep\n|turn|6\n|\n|t:|1781450695\n|move|p1a: Passimian|Bulk Up|p1a: Passimian\n|-boost|p1a: Passimian|atk|1\n|-boost|p1a: Passimian|def|1\n|move|p2a: Forretress|Iron Head|p1a: Passimian\n|-damage|p1a: Passimian|244/302 brn\n|\n|-heal|p1a: Passimian|262/302 brn|[from] item: Leftovers\n|-damage|p1a: Passimian|244/302 brn|[from] brn\n|upkeep\n|turn|7\n|\n|t:|1781450700\n|move|p1a: Passimian|Drain Punch|p2a: Forretress\n|-damage|p2a: Forretress|162/263\n|-heal|p1a: Passimian|276/302 brn|[from] drain|[of] p2a: Forretress\n|move|p2a: Forretress|Volt Switch|p1a: Passimian\n|-damage|p1a: Passimian|227/302 brn\n|\n|t:|1781450710\n|switch|p2a: Klefki|Klefki, L84, F|233/233|[from] Volt Switch\n|\n|-heal|p1a: Passimian|245/302 brn|[from] item: Leftovers\n|-damage|p1a: Passimian|227/302 brn|[from] brn\n|upkeep\n|turn|8\n|\n|t:|1781450721\n|move|p1a: Passimian|Drain Punch|p2a: Klefki\n|-damage|p2a: Klefki|149/233\n|-heal|p1a: Passimian|269/302 brn|[from] drain|[of] p2a: Klefki\n|move|p2a: Klefki|Play Rough|p1a: Passimian\n|-supereffective|p1a: Passimian\n|-damage|p1a: Passimian|189/302 brn\n|\n|-heal|p1a: Passimian|207/302 brn|[from] item: Leftovers\n|-heal|p2a: Klefki|163/233|[from] item: Leftovers\n|-damage|p1a: Passimian|189/302 brn|[from] brn\n|upkeep\n|turn|9\n|\n|t:|1781450726\n|move|p1a: Passimian|Bulk Up|p1a: Passimian\n|-boost|p1a: Passimian|atk|1\n|-boost|p1a: Passimian|def|1\n|move|p2a: Klefki|Play Rough|p1a: Passimian\n|-supereffective|p1a: Passimian\n|-damage|p1a: Passimian|115/302 brn\n|\n|-heal|p1a: Passimian|133/302 brn|[from] item: Leftovers\n|-heal|p2a: Klefki|177/233|[from] item: Leftovers\n|-damage|p1a: Passimian|115/302 brn|[from] brn\n|upkeep\n|turn|10\n|\n|t:|1781450732\n|move|p1a: Passimian|Drain Punch|p2a: Klefki\n|-damage|p2a: Klefki|72/233\n|-heal|p1a: Passimian|168/302 brn|[from] drain|[of] p2a: Klefki\n|move|p2a: Klefki|Play Rough|p1a: Passimian\n|-supereffective|p1a: Passimian\n|-damage|p1a: Passimian|96/302 brn\n|\n|-heal|p1a: Passimian|114/302 brn|[from] item: Leftovers\n|-heal|p2a: Klefki|86/233|[from] item: Leftovers\n|-damage|p1a: Passimian|96/302 brn|[from] brn\n|upkeep\n|turn|11\n|\n|t:|1781450744\n|move|p1a: Passimian|Drain Punch|p2a: Klefki\n|-damage|p2a: Klefki|0 fnt\n|-heal|p1a: Passimian|139/302 brn|[from] drain|[of] p2a: Klefki\n|faint|p2a: Klefki\n|\n|-heal|p1a: Passimian|157/302 brn|[from] item: Leftovers\n|-damage|p1a: Passimian|139/302 brn|[from] brn\n|upkeep\n|inactive|bimiuchiratnhieu has 120 seconds left.\n|\n|t:|1781450773\n|switch|p2a: Slaking|Slaking, L84, M|389/389\n|turn|12\n|\n|t:|1781450793\n|-terastallize|p2a: Slaking|Normal\n|move|p2a: Slaking|Giga Impact|p1a: Passimian\n|-damage|p1a: Passimian|17/302 brn\n|-mustrecharge|p2a: Slaking\n|move|p1a: Passimian|Drain Punch|p2a: Slaking\n|-supereffective|p2a: Slaking\n|-damage|p2a: Slaking|197/389\n|-heal|p1a: Passimian|113/302 brn|[from] drain|[of] p2a: Slaking\n|\n|-heal|p1a: Passimian|131/302 brn|[from] item: Leftovers\n|-damage|p1a: Passimian|113/302 brn|[from] brn\n|upkeep\n|turn|13\n|-message|bimiuchiratnhieu forfeited.\n|\n|win|LuxemBougie\n", "uploadtime": 1781450561, "views": 3, "formatid": "gen9randombattle", "rating": null, "private": 0, "password": null}