{"id": "gen9randombattle-2631519810", "format": "[Gen 9] Random Battle", "players": ["cdasas", "Cheezrat"], "log": "|j|\u2606cdasas\n|j|\u2606Cheezrat\n|t:|1781395774\n|gametype|singles\n|player|p1|cdasas|drake-gen3|1993\n|player|p2|Cheezrat|101|2066\n|gen|9\n|tier|[Gen 9] Random Battle\n|rated|\n|rule|Species Clause: Limit one of each Pok\u00e9mon\n|rule|HP Percentage Mod: HP is shown in percentages\n|rule|Sleep Clause Mod: Limit one foe put to sleep\n|rule|Illusion Level Mod: Illusion disguises the Pok\u00e9mon's true level\n|\n|t:|1781395774\n|teamsize|p1|6\n|teamsize|p2|6\n|start\n|switch|p1a: Minun|Minun, L95, F|268/268\n|switch|p2a: Urshifu|Urshifu, L74, F|270/270\n|turn|1\n|\n|t:|1781395804\n|switch|p2a: Iron Moth|Iron Moth, L78|253/253\n|move|p1a: Minun|Thunderbolt|p2a: Iron Moth\n|-damage|p2a: Iron Moth|124/253\n|-damage|p1a: Minun|242/268|[from] item: Life Orb\n|\n|upkeep\n|turn|2\n|\n|t:|1781395812\n|-end|p2a: Iron Moth|Quark Drive|[silent]\n|switch|p2a: Landorus|Landorus-Therian, L76, M|260/260\n|-ability|p2a: Landorus|Intimidate|boost\n|-unboost|p1a: Minun|atk|1\n|move|p1a: Minun|Nasty Plot|p1a: Minun\n|-boost|p1a: Minun|spa|2\n|\n|upkeep\n|turn|3\n|\n|t:|1781395822\n|switch|p1a: Bellossom|Bellossom, L84, M|263/263\n|move|p2a: Landorus|Earthquake|p1a: Bellossom\n|-resisted|p1a: Bellossom\n|-damage|p1a: Bellossom|209/263\n|\n|-heal|p1a: Bellossom|225/263|[from] item: Leftovers\n|upkeep\n|turn|4\n|\n|t:|1781395830\n|move|p2a: Landorus|Taunt|p1a: Bellossom\n|-start|p1a: Bellossom|move: Taunt\n|cant|p1a: Bellossom|move: Taunt|Quiver Dance\n|\n|-heal|p1a: Bellossom|241/263|[from] item: Leftovers\n|upkeep\n|turn|5\n|\n|t:|1781395833\n|move|p2a: Landorus|U-turn|p1a: Bellossom\n|-supereffective|p1a: Bellossom\n|-damage|p1a: Bellossom|127/263\n|\n|t:|1781395844\n|switch|p2a: Iron Moth|Iron Moth, L78|124/253|[from] U-turn\n|move|p1a: Bellossom|Giga Drain|p2a: Iron Moth\n|-resisted|p2a: Iron Moth\n|-damage|p2a: Iron Moth|107/253\n|-heal|p1a: Bellossom|136/263|[from] drain|[of] p2a: Iron Moth\n|\n|-heal|p1a: Bellossom|152/263|[from] item: Leftovers\n|upkeep\n|turn|6\n|\n|t:|1781395849\n|switch|p1a: Minun|Minun, L95, F|242/268\n|move|p2a: Iron Moth|Toxic Spikes|p1a: Minun\n|-sidestart|p1: cdasas|move: Toxic Spikes\n|\n|upkeep\n|turn|7\n|\n|t:|1781395860\n|-end|p2a: Iron Moth|Quark Drive|[silent]\n|switch|p2a: Landorus|Landorus-Therian, L76, M|260/260\n|-ability|p2a: Landorus|Intimidate|boost\n|-unboost|p1a: Minun|atk|1\n|move|p1a: Minun|Nasty Plot|p1a: Minun\n|-boost|p1a: Minun|spa|2\n|\n|upkeep\n|turn|8\n|\n|t:|1781395873\n|move|p1a: Minun|Grass Knot|p2a: Landorus\n|-damage|p2a: Landorus|83/260\n|-damage|p1a: Minun|216/268|[from] item: Life Orb\n|move|p2a: Landorus|Earthquake|p1a: Minun\n|-supereffective|p1a: Minun\n|-damage|p1a: Minun|0 fnt\n|faint|p1a: Minun\n|\n|-heal|p2a: Landorus|99/260|[from] item: Leftovers\n|upkeep\n|\n|t:|1781395879\n|switch|p1a: Hawlucha|Hawlucha, L80, M|256/256\n|turn|9\n|\n|t:|1781395917\n|move|p1a: Hawlucha|Swords Dance|p1a: Hawlucha\n|-boost|p1a: Hawlucha|atk|2\n|move|p2a: Landorus|Stone Edge|p1a: Hawlucha\n|-damage|p1a: Hawlucha|160/256\n|\n|-heal|p2a: Landorus|115/260|[from] item: Leftovers\n|upkeep\n|turn|10\n|\n|t:|1781395930\n|switch|p2a: Iron Moth|Iron Moth, L78|107/253\n|move|p1a: Hawlucha|Close Combat|p2a: Iron Moth\n|-resisted|p2a: Iron Moth\n|-damage|p2a: Iron Moth|0 fnt\n|-unboost|p1a: Hawlucha|def|1\n|-unboost|p1a: Hawlucha|spd|1\n|faint|p2a: Iron Moth\n|-end|p2a: Iron Moth|Quark Drive|[silent]\n|-enditem|p1a: Hawlucha|White Herb\n|-clearnegativeboost|p1a: Hawlucha|[silent]\n|\n|upkeep\n|\n|t:|1781395960\n|switch|p2a: Gothitelle|Gothitelle, L90, F|272/272\n|turn|11\n|\n|t:|1781395972\n|move|p1a: Hawlucha|Brave Bird|p2a: Gothitelle\n|-damage|p2a: Gothitelle|76/272\n|-damage|p1a: Hawlucha|95/256|[from] Recoil\n|move|p2a: Gothitelle|Psychic Noise|p1a: Hawlucha\n|-supereffective|p1a: Hawlucha\n|-damage|p1a: Hawlucha|0 fnt\n|faint|p1a: Hawlucha\n|\n|-heal|p2a: Gothitelle|93/272|[from] item: Leftovers\n|upkeep\n|\n|t:|1781395999\n|switch|p1a: Froslass|Froslass, L87, F|263/263\n|-status|p1a: Froslass|psn\n|turn|12\n|\n|t:|1781396010\n|move|p1a: Froslass|Triple Axel|p2a: Gothitelle\n|-damage|p2a: Gothitelle|74/272\n|-damage|p2a: Gothitelle|41/272\n|-damage|p2a: Gothitelle|0 fnt\n|faint|p2a: Gothitelle\n|-hitcount|p2: Gothitelle|3\n|\n|-damage|p1a: Froslass|231/263 psn|[from] psn\n|upkeep\n|\n|t:|1781396019\n|switch|p2a: Urshifu|Urshifu, L74, F|270/270\n|turn|13\n|\n|t:|1781396024\n|move|p1a: Froslass|Destiny Bond|p1a: Froslass\n|-singlemove|p1a: Froslass|Destiny Bond\n|move|p2a: Urshifu|Wicked Blow|p1a: Froslass\n|-supereffective|p1a: Froslass\n|-crit|p1a: Froslass\n|-damage|p1a: Froslass|0 fnt\n|faint|p1a: Froslass\n|-activate|p1a: Froslass|move: Destiny Bond\n|faint|p2a: Urshifu\n|\n|upkeep\n|\n|t:|1781396037\n|switch|p1a: Basculegion|Basculegion-F, L83, F|335/335\n|switch|p2a: Landorus|Landorus-Therian, L76, M|115/260\n|-ability|p2a: Landorus|Intimidate|boost\n|-unboost|p1a: Basculegion|atk|1\n|-status|p1a: Basculegion|psn\n|turn|14\n|\n|t:|1781396043\n|move|p2a: Landorus|U-turn|p1a: Basculegion\n|-resisted|p1a: Basculegion\n|-damage|p1a: Basculegion|297/335 psn\n|\n|t:|1781396045\n|switch|p2a: Chesnaught|Chesnaught, L84, M|285/285|[from] U-turn\n|move|p1a: Basculegion|Shadow Ball|p2a: Chesnaught\n|-immune|p2a: Chesnaught|[from] ability: Bulletproof\n|\n|-damage|p1a: Basculegion|256/335 psn|[from] psn\n|upkeep\n|turn|15\n|\n|t:|1781396055\n|switch|p1a: Bellossom|Bellossom, L84, M|152/263\n|-status|p1a: Bellossom|psn\n|move|p2a: Chesnaught|Spikes|p1a: Bellossom\n|-sidestart|p1: cdasas|Spikes\n|\n|-heal|p1a: Bellossom|168/263 psn|[from] item: Leftovers\n|-damage|p1a: Bellossom|136/263 psn|[from] psn\n|upkeep\n|turn|16\n|inactive|Battle timer is ON: inactive players will automatically lose when time's up. (requested by cdasas)\n|\n|t:|1781396103\n|switch|p2a: Landorus|Landorus-Therian, L76, M|115/260\n|-ability|p2a: Landorus|Intimidate|boost\n|-unboost|p1a: Bellossom|atk|1\n|move|p1a: Bellossom|Quiver Dance|p1a: Bellossom\n|-boost|p1a: Bellossom|spa|1\n|-boost|p1a: Bellossom|spd|1\n|-boost|p1a: Bellossom|spe|1\n|\n|-heal|p1a: Bellossom|152/263 psn|[from] item: Leftovers\n|-heal|p2a: Landorus|131/260|[from] item: Leftovers\n|-damage|p1a: Bellossom|120/263 psn|[from] psn\n|upkeep\n|turn|17\n|\n|t:|1781396113\n|move|p1a: Bellossom|Quiver Dance|p1a: Bellossom\n|-boost|p1a: Bellossom|spa|1\n|-boost|p1a: Bellossom|spd|1\n|-boost|p1a: Bellossom|spe|1\n|move|p2a: Landorus|Taunt|p1a: Bellossom\n|-start|p1a: Bellossom|move: Taunt\n|\n|-heal|p1a: Bellossom|136/263 psn|[from] item: Leftovers\n|-heal|p2a: Landorus|147/260|[from] item: Leftovers\n|-damage|p1a: Bellossom|104/263 psn|[from] psn\n|upkeep\n|turn|18\n|\n|t:|1781396119\n|move|p1a: Bellossom|Giga Drain|p2a: Landorus\n|-damage|p2a: Landorus|0 fnt\n|-heal|p1a: Bellossom|178/263 psn|[from] drain|[of] p2a: Landorus\n|faint|p2a: Landorus\n|\n|-heal|p1a: Bellossom|194/263 psn|[from] item: Leftovers\n|-damage|p1a: Bellossom|162/263 psn|[from] psn\n|upkeep\n|\n|t:|1781396128\n|switch|p2a: Rhydon|Rhydon, L85, F|317/317\n|turn|19\n|\n|t:|1781396135\n|-terastallize|p1a: Bellossom|Rock\n|-terastallize|p2a: Rhydon|Water\n|move|p1a: Bellossom|Tera Blast|p2a: Rhydon|[anim] Tera Blast Rock\n|-damage|p2a: Rhydon|149/317\n|move|p2a: Rhydon|Megahorn|p1a: Bellossom\n|-damage|p1a: Bellossom|60/263 psn\n|\n|-heal|p1a: Bellossom|76/263 psn|[from] item: Leftovers\n|-damage|p1a: Bellossom|44/263 psn|[from] psn\n|upkeep\n|turn|20\n|\n|t:|1781396156\n|switch|p2a: Chesnaught|Chesnaught, L84, M|285/285\n|move|p1a: Bellossom|Giga Drain|p2a: Chesnaught\n|-resisted|p2a: Chesnaught\n|-damage|p2a: Chesnaught|206/285\n|-heal|p1a: Bellossom|84/263 psn|[from] drain|[of] p2a: Chesnaught\n|\n|-heal|p1a: Bellossom|100/263 psn|[from] item: Leftovers\n|-heal|p2a: Chesnaught|223/285|[from] item: Leftovers\n|-damage|p1a: Bellossom|68/263 psn|[from] psn\n|-end|p1a: Bellossom|move: Taunt\n|upkeep\n|turn|21\n|\n|t:|1781396163\n|move|p1a: Bellossom|Strength Sap|p2a: Chesnaught\n|-unboost|p2a: Chesnaught|atk|1\n|-heal|p1a: Bellossom|263/263 psn\n|move|p2a: Chesnaught|Body Press|p1a: Bellossom\n|-supereffective|p1a: Bellossom\n|-damage|p1a: Bellossom|65/263 psn\n|\n|-heal|p1a: Bellossom|81/263 psn|[from] item: Leftovers\n|-heal|p2a: Chesnaught|240/285|[from] item: Leftovers\n|-damage|p1a: Bellossom|49/263 psn|[from] psn\n|upkeep\n|turn|22\n|\n|t:|1781396184\n|move|p1a: Bellossom|Strength Sap|p2a: Chesnaught\n|-unboost|p2a: Chesnaught|atk|1\n|-heal|p1a: Bellossom|201/263 psn\n|move|p2a: Chesnaught|Body Press|p1a: Bellossom\n|-supereffective|p1a: Bellossom\n|-damage|p1a: Bellossom|13/263 psn\n|\n|-heal|p1a: Bellossom|29/263 psn|[from] item: Leftovers\n|-heal|p2a: Chesnaught|257/285|[from] item: Leftovers\n|-damage|p1a: Bellossom|0 fnt|[from] psn\n|faint|p1a: Bellossom\n|upkeep\n|\n|t:|1781396186\n|switch|p1a: Jumpluff|Jumpluff, L87, F|271/271\n|turn|23\n|\n|t:|1781396206\n|move|p1a: Jumpluff|Substitute|p1a: Jumpluff\n|-start|p1a: Jumpluff|Substitute\n|-damage|p1a: Jumpluff|204/271\n|move|p2a: Chesnaught|Body Press|p1a: Jumpluff\n|-resisted|p1a: Jumpluff\n|-activate|p1a: Jumpluff|move: Substitute|[damage]\n|\n|-heal|p2a: Chesnaught|274/285|[from] item: Leftovers\n|upkeep\n|turn|24\n|\n|t:|1781396209\n|move|p1a: Jumpluff|Acrobatics|p2a: Chesnaught\n|-supereffective|p2a: Chesnaught\n|-damage|p2a: Chesnaught|10/285\n|move|p2a: Chesnaught|Body Press|p1a: Jumpluff\n|-resisted|p1a: Jumpluff\n|-end|p1a: Jumpluff|Substitute\n|\n|-heal|p2a: Chesnaught|27/285|[from] item: Leftovers\n|upkeep\n|turn|25\n|\n|t:|1781396213\n|move|p1a: Jumpluff|Substitute|p1a: Jumpluff\n|-start|p1a: Jumpluff|Substitute\n|-damage|p1a: Jumpluff|137/271\n|move|p2a: Chesnaught|Body Press|p1a: Jumpluff\n|-resisted|p1a: Jumpluff\n|-activate|p1a: Jumpluff|move: Substitute|[damage]\n|\n|-heal|p2a: Chesnaught|44/285|[from] item: Leftovers\n|upkeep\n|turn|26\n|\n|t:|1781396215\n|move|p1a: Jumpluff|Strength Sap|p2a: Chesnaught\n|-unboost|p2a: Chesnaught|atk|1\n|-heal|p1a: Jumpluff|251/271\n|move|p2a: Chesnaught|Body Press|p1a: Jumpluff\n|-resisted|p1a: Jumpluff\n|-end|p1a: Jumpluff|Substitute\n|\n|-heal|p2a: Chesnaught|61/285|[from] item: Leftovers\n|upkeep\n|turn|27\n|\n|t:|1781396218\n|move|p1a: Jumpluff|Substitute|p1a: Jumpluff\n|-start|p1a: Jumpluff|Substitute\n|-damage|p1a: Jumpluff|184/271\n|move|p2a: Chesnaught|Body Press|p1a: Jumpluff\n|-resisted|p1a: Jumpluff\n|-activate|p1a: Jumpluff|move: Substitute|[damage]\n|\n|-heal|p2a: Chesnaught|78/285|[from] item: Leftovers\n|upkeep\n|turn|28\n|\n|t:|1781396221\n|move|p1a: Jumpluff|Acrobatics|p2a: Chesnaught\n|-supereffective|p2a: Chesnaught\n|-damage|p2a: Chesnaught|0 fnt\n|faint|p2a: Chesnaught\n|\n|upkeep\n|\n|t:|1781396223\n|switch|p2a: Rhydon|Rhydon, L85, F, tera:Water|149/317\n|turn|29\n|\n|t:|1781396233\n|move|p1a: Jumpluff|Leech Seed|p2a: Rhydon\n|-start|p2a: Rhydon|move: Leech Seed\n|move|p2a: Rhydon|Stone Edge|p1a: Jumpluff|[miss]\n|-miss|p2a: Rhydon|p1a: Jumpluff\n|\n|-damage|p2a: Rhydon|110/317|[from] Leech Seed|[of] p1a: Jumpluff\n|-heal|p1a: Jumpluff|223/271|[silent]\n|upkeep\n|turn|30\n|\n|t:|1781396239\n|move|p1a: Jumpluff|Strength Sap|p2a: Rhydon\n|-unboost|p2a: Rhydon|atk|1\n|-heal|p1a: Jumpluff|271/271\n|move|p2a: Rhydon|Stone Edge|p1a: Jumpluff|[miss]\n|-miss|p2a: Rhydon|p1a: Jumpluff\n|\n|-damage|p2a: Rhydon|71/317|[from] Leech Seed|[of] p1a: Jumpluff\n|upkeep\n|turn|31\n|\n|t:|1781396241\n|move|p1a: Jumpluff|Substitute|p1a: Jumpluff\n|-fail|p1a: Jumpluff|move: Substitute\n|move|p2a: Rhydon|Stone Edge|p1a: Jumpluff|[miss]\n|-miss|p2a: Rhydon|p1a: Jumpluff\n|\n|-damage|p2a: Rhydon|32/317|[from] Leech Seed|[of] p1a: Jumpluff\n|upkeep\n|turn|32\n|\n|t:|1781396245\n|move|p1a: Jumpluff|Acrobatics|p2a: Rhydon\n|-damage|p2a: Rhydon|0 fnt\n|faint|p2a: Rhydon\n|\n|win|cdasas\n", "uploadtime": 1781395776, "views": 3, "formatid": "gen9randombattle", "rating": null, "private": 0, "password": null}