{"id": "gen9randombattle-2631469954", "format": "[Gen 9] Random Battle", "players": ["etetete", "vanitas9702"], "log": "|j|\u2606etetete\n|j|\u2606vanitas9702\n|t:|1781388707\n|gametype|singles\n|player|p1|etetete|101|2020\n|player|p2|vanitas9702|clair|2033\n|gen|9\n|tier|[Gen 9] Random Battle\n|rated|\n|rule|Species Clause: Limit one of each Pok\u00e9mon\n|rule|HP Percentage Mod: HP is shown in percentages\n|rule|Sleep Clause Mod: Limit one foe put to sleep\n|rule|Illusion Level Mod: Illusion disguises the Pok\u00e9mon's true level\n|\n|t:|1781388707\n|teamsize|p1|6\n|teamsize|p2|6\n|start\n|switch|p1a: Farigiraf|Farigiraf, L90, F|362/362\n|switch|p2a: Grumpig|Grumpig, L92, F|297/297\n|turn|1\n|\n|t:|1781388711\n|move|p2a: Grumpig|Trick|p1a: Farigiraf\n|-activate|p2a: Grumpig|move: Trick|[of] p1a: Farigiraf\n|-item|p1a: Farigiraf|Choice Scarf|[from] move: Trick\n|-item|p2a: Grumpig|Leftovers|[from] move: Trick\n|move|p1a: Farigiraf|Body Slam|p2a: Grumpig\n|-damage|p2a: Grumpig|180/297\n|\n|-heal|p2a: Grumpig|198/297|[from] item: Leftovers\n|upkeep\n|turn|2\n|\n|t:|1781388720\n|switch|p2a: Magmortar|Magmortar, L88, F|275/275\n|move|p1a: Farigiraf|Body Slam|p2a: Magmortar\n|-damage|p2a: Magmortar|163/275\n|-status|p1a: Farigiraf|brn|[from] ability: Flame Body|[of] p2a: Magmortar\n|\n|-damage|p1a: Farigiraf|340/362 brn|[from] brn\n|upkeep\n|turn|3\n|\n|t:|1781388728\n|move|p1a: Farigiraf|Body Slam|p2a: Magmortar\n|-damage|p2a: Magmortar|104/275\n|move|p2a: Magmortar|Fire Blast|p1a: Farigiraf\n|-damage|p1a: Farigiraf|154/362 brn\n|\n|-damage|p1a: Farigiraf|132/362 brn|[from] brn\n|upkeep\n|turn|4\n|inactive|Battle timer is ON: inactive players will automatically lose when time's up. (requested by vanitas9702)\n|\n|t:|1781388739\n|move|p1a: Farigiraf|Body Slam|p2a: Magmortar\n|-damage|p2a: Magmortar|42/275\n|-status|p2a: Magmortar|par\n|move|p2a: Magmortar|Earthquake|p1a: Farigiraf\n|-damage|p1a: Farigiraf|48/362 brn\n|\n|-damage|p1a: Farigiraf|26/362 brn|[from] brn\n|upkeep\n|turn|5\n|\n|t:|1781388747\n|move|p1a: Farigiraf|Body Slam|p2a: Magmortar\n|-damage|p2a: Magmortar|0 fnt\n|faint|p2a: Magmortar\n|\n|-damage|p1a: Farigiraf|4/362 brn|[from] brn\n|upkeep\n|\n|t:|1781388760\n|switch|p2a: Grumpig|Grumpig, L92, F|198/297\n|turn|6\n|\n|t:|1781388765\n|switch|p1a: Iron Treads|Iron Treads, L77|265/265\n|move|p2a: Grumpig|Psychic|p1a: Iron Treads\n|-resisted|p1a: Iron Treads\n|-damage|p1a: Iron Treads|220/265\n|-unboost|p1a: Iron Treads|spd|1\n|\n|-heal|p2a: Grumpig|216/297|[from] item: Leftovers\n|upkeep\n|turn|7\n|\n|t:|1781388770\n|move|p1a: Iron Treads|Knock Off|p2a: Grumpig\n|-supereffective|p2a: Grumpig\n|-damage|p2a: Grumpig|56/297\n|-enditem|p2a: Grumpig|Leftovers|[from] move: Knock Off|[of] p1a: Iron Treads\n|move|p2a: Grumpig|Focus Blast|p1a: Iron Treads\n|-supereffective|p1a: Iron Treads\n|-damage|p1a: Iron Treads|0 fnt\n|faint|p1a: Iron Treads\n|-end|p1a: Iron Treads|Quark Drive|[silent]\n|\n|upkeep\n|\n|t:|1781388776\n|switch|p1a: Dedenne|Dedenne, L88, M|261/261\n|turn|8\n|\n|t:|1781388778\n|move|p1a: Dedenne|U-turn|p2a: Grumpig\n|-supereffective|p2a: Grumpig\n|-damage|p2a: Grumpig|0 fnt\n|faint|p2a: Grumpig\n|\n|t:|1781388784\n|switch|p1a: Dragapult|Dragapult, L77, M|262/262|[from] U-turn\n|\n|upkeep\n|\n|t:|1781388792\n|switch|p2a: Furret|Furret, L94, F|312/312\n|-item|p1a: Dragapult|Life Orb|[from] ability: Frisk|[of] p2a: Furret\n|turn|9\n|\n|t:|1781388800\n|move|p1a: Dragapult|Dragon Darts|p2a: Furret\n|-damage|p2a: Furret|234/312\n|-anim|p1a: Dragapult|Dragon Darts|p2a: Furret\n|-damage|p2a: Furret|148/312\n|-damage|p1a: Dragapult|236/262|[from] item: Life Orb\n|move|p2a: Furret|Knock Off|p1a: Dragapult\n|-supereffective|p1a: Dragapult\n|-damage|p1a: Dragapult|0 fnt\n|-enditem|p1a: Dragapult|Life Orb|[from] move: Knock Off|[of] p2a: Furret\n|faint|p1a: Dragapult\n|\n|upkeep\n|\n|t:|1781388803\n|switch|p1a: Dedenne|Dedenne, L88, M|261/261\n|turn|10\n|\n|t:|1781388812\n|move|p1a: Dedenne|Thunderbolt|p2a: Furret\n|-damage|p2a: Furret|39/312\n|move|p2a: Furret|Knock Off|p1a: Dedenne\n|-resisted|p1a: Dedenne\n|-damage|p1a: Dedenne|191/261\n|-enditem|p1a: Dedenne|Sitrus Berry|[from] move: Knock Off|[of] p2a: Furret\n|\n|upkeep\n|turn|11\n|\n|t:|1781388818\n|move|p1a: Dedenne|Dazzling Gleam|p2a: Furret\n|-damage|p2a: Furret|0 fnt\n|faint|p2a: Furret\n|\n|upkeep\n|\n|t:|1781388829\n|switch|p2a: Okidogi|Okidogi, L77, M|262/262\n|turn|12\n|\n|t:|1781388838\n|move|p1a: Dedenne|U-turn|p2a: Okidogi\n|-resisted|p2a: Okidogi\n|-damage|p2a: Okidogi|253/262\n|\n|t:|1781388839\n|switch|p1a: Gengar|Gengar, L81, M|230/230|[from] U-turn\n|move|p2a: Okidogi|Gunk Shot|p1a: Gengar\n|-resisted|p1a: Gengar\n|-damage|p1a: Gengar|184/230\n|-start|p2a: Okidogi|Disable|Gunk Shot|[from] ability: Cursed Body|[of] p1a: Gengar\n|\n|-heal|p2a: Okidogi|262/262|[from] item: Leftovers\n|upkeep\n|turn|13\n|\n|t:|1781388847\n|move|p1a: Gengar|Will-O-Wisp|p2a: Okidogi\n|-status|p2a: Okidogi|brn\n|move|p2a: Okidogi|Knock Off|p1a: Gengar\n|-supereffective|p1a: Gengar\n|-damage|p1a: Gengar|84/230\n|-enditem|p1a: Gengar|Life Orb|[from] move: Knock Off|[of] p2a: Okidogi\n|\n|-damage|p2a: Okidogi|246/262 brn|[from] brn\n|upkeep\n|turn|14\n|\n|t:|1781388853\n|switch|p1a: Dedenne|Dedenne, L88, M|191/261\n|move|p2a: Okidogi|Knock Off|p1a: Dedenne\n|-resisted|p1a: Dedenne\n|-damage|p1a: Dedenne|176/261\n|\n|-heal|p2a: Okidogi|262/262 brn|[from] item: Leftovers\n|-damage|p2a: Okidogi|246/262 brn|[from] brn\n|upkeep\n|turn|15\n|\n|t:|1781388858\n|move|p1a: Dedenne|Super Fang|p2a: Okidogi\n|-damage|p2a: Okidogi|123/262 brn\n|move|p2a: Okidogi|Bulk Up|p2a: Okidogi\n|-boost|p2a: Okidogi|atk|1\n|-boost|p2a: Okidogi|def|1\n|\n|-heal|p2a: Okidogi|139/262 brn|[from] item: Leftovers\n|-damage|p2a: Okidogi|123/262 brn|[from] brn\n|-end|p2a: Okidogi|Disable\n|upkeep\n|turn|16\n|\n|t:|1781388866\n|move|p1a: Dedenne|Thunderbolt|p2a: Okidogi\n|-damage|p2a: Okidogi|17/262 brn\n|move|p2a: Okidogi|Gunk Shot|p1a: Dedenne\n|-supereffective|p1a: Dedenne\n|-damage|p1a: Dedenne|0 fnt\n|faint|p1a: Dedenne\n|\n|-heal|p2a: Okidogi|33/262 brn|[from] item: Leftovers\n|-damage|p2a: Okidogi|17/262 brn|[from] brn\n|upkeep\n|\n|t:|1781388872\n|switch|p1a: Salamence|Salamence, L77, F|273/273\n|-ability|p1a: Salamence|Intimidate|boost\n|-unboost|p2a: Okidogi|atk|1\n|turn|17\n|\n|t:|1781388876\n|move|p1a: Salamence|Dragon Dance|p1a: Salamence\n|-boost|p1a: Salamence|atk|1\n|-boost|p1a: Salamence|spe|1\n|move|p2a: Okidogi|Knock Off|p1a: Salamence\n|-damage|p1a: Salamence|233/273\n|-status|p1a: Salamence|tox|[from] ability: Toxic Chain|[of] p2a: Okidogi\n|-enditem|p1a: Salamence|Heavy-Duty Boots|[from] move: Knock Off|[of] p2a: Okidogi\n|\n|-heal|p2a: Okidogi|33/262 brn|[from] item: Leftovers\n|-damage|p1a: Salamence|216/273 tox|[from] psn\n|-damage|p2a: Okidogi|17/262 brn|[from] brn\n|upkeep\n|turn|18\n|\n|t:|1781388879\n|move|p1a: Salamence|Dragon Dance|p1a: Salamence\n|-boost|p1a: Salamence|atk|1\n|-boost|p1a: Salamence|spe|1\n|move|p2a: Okidogi|Gunk Shot|p1a: Salamence\n|-damage|p1a: Salamence|138/273 tox\n|\n|-heal|p2a: Okidogi|33/262 brn|[from] item: Leftovers\n|-damage|p1a: Salamence|104/273 tox|[from] psn\n|-damage|p2a: Okidogi|17/262 brn|[from] brn\n|upkeep\n|turn|19\n|\n|t:|1781388888\n|move|p1a: Salamence|Earthquake|p2a: Okidogi\n|-supereffective|p2a: Okidogi\n|-damage|p2a: Okidogi|0 fnt\n|faint|p2a: Okidogi\n|\n|-damage|p1a: Salamence|53/273 tox|[from] psn\n|upkeep\n|\n|t:|1781388905\n|switch|p2a: Florges|Florges-Blue, L85, F|271/271\n|turn|20\n|\n|t:|1781388914\n|move|p1a: Salamence|Outrage|p2a: Florges\n|-immune|p2a: Florges\n|move|p2a: Florges|Moonblast|p1a: Salamence\n|-supereffective|p1a: Salamence\n|-damage|p1a: Salamence|0 fnt\n|faint|p1a: Salamence\n|\n|upkeep\n|-message|etetete forfeited.\n|\n|win|vanitas9702\n", "uploadtime": 1781388710, "views": 3, "formatid": "gen9randombattle", "rating": null, "private": 0, "password": null}