{"id": "gen9randombattle-2631626171", "format": "[Gen 9] Random Battle", "players": ["personanongrattata", "RedDudeN64"], "log": "|j|\u2606personanongrattata\n|j|\u2606RedDudeN64\n|t:|1781410925\n|gametype|singles\n|player|p1|personanongrattata|youngster-gen4dp|2000\n|player|p2|RedDudeN64|red|2184\n|gen|9\n|tier|[Gen 9] Random Battle\n|rated|\n|rule|Species Clause: Limit one of each Pok\u00e9mon\n|rule|HP Percentage Mod: HP is shown in percentages\n|rule|Sleep Clause Mod: Limit one foe put to sleep\n|rule|Illusion Level Mod: Illusion disguises the Pok\u00e9mon's true level\n|\n|t:|1781410925\n|teamsize|p1|6\n|teamsize|p2|6\n|start\n|switch|p1a: Solgaleo|Solgaleo, L74|325/325\n|switch|p2a: Scream Tail|Scream Tail, L84|330/330\n|turn|1\n|inactive|Battle timer is ON: inactive players will automatically lose when time's up. (requested by personanongrattata)\n|\n|t:|1781410940\n|switch|p1a: Meowstic|Meowstic, L89, M|277/277\n|move|p2a: Scream Tail|Wish|p2a: Scream Tail\n|\n|upkeep\n|turn|2\n|\n|t:|1781410946\n|-end|p2a: Scream Tail|Protosynthesis|[silent]\n|switch|p2a: Dunsparce|Dunsparce, L86, F|312/312\n|move|p1a: Meowstic|Yawn|p2a: Dunsparce\n|-start|p2a: Dunsparce|move: Yawn|[of] p1a: Meowstic\n|\n|upkeep\n|turn|3\n|\n|t:|1781410955\n|move|p1a: Meowstic|Psychic Noise|p2a: Dunsparce\n|-damage|p2a: Dunsparce|251/312\n|-start|p2a: Dunsparce|move: Heal Block\n|move|p2a: Dunsparce|Body Slam|p1a: Meowstic\n|-crit|p1a: Meowstic\n|-damage|p1a: Meowstic|160/277\n|-status|p1a: Meowstic|par\n|\n|-heal|p1a: Meowstic|177/277 par|[from] item: Leftovers\n|-end|p2a: Dunsparce|move: Yawn|[silent]\n|-status|p2a: Dunsparce|slp\n|upkeep\n|turn|4\n|\n|t:|1781410975\n|switch|p2a: Ampharos|Ampharos, L88, M|302/302\n|switch|p1a: Solgaleo|Solgaleo, L74|325/325\n|\n|upkeep\n|turn|5\n|\n|t:|1781410981\n|move|p1a: Solgaleo|Earthquake|p2a: Ampharos\n|-supereffective|p2a: Ampharos\n|-damage|p2a: Ampharos|168/302\n|move|p2a: Ampharos|Thunderbolt|p1a: Solgaleo\n|-damage|p1a: Solgaleo|134/325\n|-damage|p2a: Ampharos|138/302|[from] item: Life Orb\n|\n|upkeep\n|turn|6\n|\n|t:|1781410989\n|switch|p1a: Electivire|Electivire, L84, M|263/263\n|move|p2a: Ampharos|Thunderbolt|p1a: Electivire\n|-ability|p1a: Electivire|Motor Drive|boost\n|-boost|p1a: Electivire|spe|1\n|\n|upkeep\n|turn|7\n|\n|t:|1781410996\n|move|p1a: Electivire|Bulk Up|p1a: Electivire\n|-boost|p1a: Electivire|atk|1\n|-boost|p1a: Electivire|def|1\n|move|p2a: Ampharos|Focus Blast|p1a: Electivire\n|-damage|p1a: Electivire|127/263\n|-damage|p2a: Ampharos|108/302|[from] item: Life Orb\n|\n|upkeep\n|turn|8\n|\n|t:|1781411003\n|move|p1a: Electivire|Earthquake|p2a: Ampharos\n|-supereffective|p2a: Ampharos\n|-damage|p2a: Ampharos|0 fnt\n|faint|p2a: Ampharos\n|-damage|p1a: Electivire|101/263|[from] item: Life Orb\n|\n|upkeep\n|\n|t:|1781411004\n|switch|p2a: Scream Tail|Scream Tail, L84|330/330\n|turn|9\n|\n|t:|1781411007\n|move|p1a: Electivire|Supercell Slam|p2a: Scream Tail\n|-damage|p2a: Scream Tail|84/330\n|-damage|p1a: Electivire|75/263|[from] item: Life Orb\n|move|p2a: Scream Tail|Dazzling Gleam|p1a: Electivire\n|-damage|p1a: Electivire|11/263\n|\n|-heal|p2a: Scream Tail|104/330|[from] item: Leftovers\n|upkeep\n|turn|10\n|\n|t:|1781411010\n|move|p2a: Scream Tail|Protect|p2a: Scream Tail\n|-singleturn|p2a: Scream Tail|Protect\n|move|p1a: Electivire|Earthquake|p2a: Scream Tail\n|-activate|p2a: Scream Tail|move: Protect\n|\n|-heal|p2a: Scream Tail|124/330|[from] item: Leftovers\n|upkeep\n|turn|11\n|\n|t:|1781411018\n|move|p1a: Electivire|Earthquake|p2a: Scream Tail\n|-damage|p2a: Scream Tail|0 fnt\n|faint|p2a: Scream Tail\n|-end|p2a: Scream Tail|Protosynthesis|[silent]\n|-damage|p1a: Electivire|0 fnt|[from] item: Life Orb\n|faint|p1a: Electivire\n|\n|upkeep\n|\n|t:|1781411023\n|switch|p2a: Blissey|Blissey, L85, F|572/572\n|switch|p1a: Solgaleo|Solgaleo, L74|134/325\n|turn|12\n|\n|t:|1781411026\n|move|p1a: Solgaleo|Close Combat|p2a: Blissey\n|-supereffective|p2a: Blissey\n|-damage|p2a: Blissey|66/572\n|-unboost|p1a: Solgaleo|def|1\n|-unboost|p1a: Solgaleo|spd|1\n|move|p2a: Blissey|Thunder Wave|p1a: Solgaleo\n|-status|p1a: Solgaleo|par\n|\n|-heal|p2a: Blissey|101/572|[from] item: Leftovers\n|upkeep\n|turn|13\n|\n|t:|1781411032\n|move|p2a: Blissey|Heal Bell|p2a: Blissey\n|-activate|p2a: Blissey|move: Heal Bell\n|-curestatus|p2: Dunsparce|slp|[msg]\n|move|p1a: Solgaleo|Flame Charge|p2a: Blissey\n|-damage|p2a: Blissey|0 fnt\n|-boost|p1a: Solgaleo|spe|1\n|faint|p2a: Blissey\n|\n|upkeep\n|\n|t:|1781411035\n|switch|p2a: Spectrier|Spectrier, L75|274/274\n|turn|14\n|\n|t:|1781411039\n|switch|p1a: Frosmoth|Frosmoth, L82, M|249/249\n|move|p2a: Spectrier|Substitute|p2a: Spectrier\n|-start|p2a: Spectrier|Substitute\n|-damage|p2a: Spectrier|206/274\n|\n|-heal|p2a: Spectrier|223/274|[from] item: Leftovers\n|upkeep\n|turn|15\n|\n|t:|1781411044\n|switch|p2a: Dunsparce|Dunsparce, L86, F|251/312\n|move|p1a: Frosmoth|Quiver Dance|p1a: Frosmoth\n|-boost|p1a: Frosmoth|spa|1\n|-boost|p1a: Frosmoth|spd|1\n|-boost|p1a: Frosmoth|spe|1\n|\n|upkeep\n|turn|16\n|j| Yutomishima\n|\n|t:|1781411050\n|move|p1a: Frosmoth|Ice Beam|p2a: Dunsparce\n|-damage|p2a: Dunsparce|106/312\n|move|p2a: Dunsparce|Body Slam|p1a: Frosmoth\n|-damage|p1a: Frosmoth|152/249\n|\n|upkeep\n|turn|17\n|\n|t:|1781411054\n|move|p1a: Frosmoth|Ice Beam|p2a: Dunsparce\n|-damage|p2a: Dunsparce|0 fnt\n|faint|p2a: Dunsparce\n|\n|upkeep\n|\n|t:|1781411056\n|switch|p2a: Hatterene|Hatterene, L85, F|236/236\n|turn|18\n|\n|t:|1781411062\n|move|p1a: Frosmoth|Ice Beam|p2a: Hatterene\n|-damage|p2a: Hatterene|136/236\n|move|p2a: Hatterene|Nuzzle|p1a: Frosmoth\n|-damage|p1a: Frosmoth|132/249\n|-status|p1a: Frosmoth|par\n|\n|upkeep\n|turn|19\n|\n|t:|1781411066\n|move|p1a: Frosmoth|Ice Beam|p2a: Hatterene\n|-damage|p2a: Hatterene|31/236\n|move|p2a: Hatterene|Mystical Fire|p1a: Frosmoth\n|-supereffective|p1a: Frosmoth\n|-damage|p1a: Frosmoth|30/249 par\n|-unboost|p1a: Frosmoth|spa|1\n|\n|upkeep\n|turn|20\n|\n|t:|1781411072\n|switch|p1a: Meowstic|Meowstic, L89, M|177/277 par\n|move|p2a: Hatterene|Nuzzle|p1a: Meowstic\n|-damage|p1a: Meowstic|163/277 par\n|\n|-heal|p1a: Meowstic|180/277 par|[from] item: Leftovers\n|upkeep\n|turn|21\n|\n|t:|1781411076\n|move|p1a: Meowstic|Alluring Voice|p2a: Hatterene\n|-damage|p2a: Hatterene|0 fnt\n|faint|p2a: Hatterene\n|\n|-heal|p1a: Meowstic|197/277 par|[from] item: Leftovers\n|upkeep\n|\n|t:|1781411078\n|switch|p2a: Spectrier|Spectrier, L75|223/274\n|turn|22\n|\n|t:|1781411081\n|move|p1a: Meowstic|Thunder Wave|p2a: Spectrier\n|-status|p2a: Spectrier|par\n|cant|p2a: Spectrier|par\n|\n|-heal|p2a: Spectrier|240/274 par|[from] item: Leftovers\n|-heal|p1a: Meowstic|214/277 par|[from] item: Leftovers\n|upkeep\n|turn|23\n|\n|t:|1781411085\n|move|p2a: Spectrier|Substitute|p2a: Spectrier\n|-start|p2a: Spectrier|Substitute\n|-damage|p2a: Spectrier|172/274 par\n|cant|p1a: Meowstic|par\n|\n|-heal|p2a: Spectrier|189/274 par|[from] item: Leftovers\n|-heal|p1a: Meowstic|231/277 par|[from] item: Leftovers\n|upkeep\n|turn|24\n|\n|t:|1781411095\n|switch|p1a: Venomoth|Venomoth, L84, F|255/255\n|move|p2a: Spectrier|Nasty Plot|p2a: Spectrier\n|-boost|p2a: Spectrier|spa|2\n|\n|-heal|p2a: Spectrier|206/274 par|[from] item: Leftovers\n|upkeep\n|turn|25\n|\n|t:|1781411100\n|move|p1a: Venomoth|Sludge Wave|p2a: Spectrier\n|-resisted|p2a: Spectrier\n|-end|p2a: Spectrier|Substitute\n|move|p2a: Spectrier|Shadow Ball|p1a: Venomoth\n|-damage|p1a: Venomoth|26/255\n|\n|-heal|p2a: Spectrier|223/274 par|[from] item: Leftovers\n|upkeep\n|turn|26\n|\n|t:|1781411105\n|move|p1a: Venomoth|Sludge Wave|p2a: Spectrier\n|-resisted|p2a: Spectrier\n|-damage|p2a: Spectrier|101/274 par\n|move|p2a: Spectrier|Shadow Ball|p1a: Venomoth\n|-damage|p1a: Venomoth|0 fnt\n|faint|p1a: Venomoth\n|-ability|p2a: Spectrier|Grim Neigh|boost\n|-boost|p2a: Spectrier|spa|1\n|\n|-heal|p2a: Spectrier|118/274 par|[from] item: Leftovers\n|upkeep\n|\n|t:|1781411108\n|switch|p1a: Reshiram|Reshiram, L76|277/277\n|-ability|p1a: Reshiram|Turboblaze\n|turn|27\n|\n|t:|1781411111\n|move|p1a: Reshiram|Flare Blitz|p2a: Spectrier\n|-damage|p2a: Spectrier|0 fnt\n|faint|p2a: Spectrier\n|-damage|p1a: Reshiram|238/277|[from] Recoil\n|\n|win|personanongrattata\n", "uploadtime": 1781410927, "views": 3, "formatid": "gen9randombattle", "rating": null, "private": 0, "password": null}