{"id": "gen9randombattle-2631814347", "format": "[Gen 9] Random Battle", "players": ["actuary97", "Green Calf"], "log": "|j|\u2606actuary97\n|j|\u2606Green Calf\n|t:|1781443514\n|gametype|singles\n|player|p1|actuary97|sabrina-frlg|2005\n|player|p2|Green Calf|2|2039\n|gen|9\n|tier|[Gen 9] Random Battle\n|rated|\n|rule|Species Clause: Limit one of each Pok\u00e9mon\n|rule|HP Percentage Mod: HP is shown in percentages\n|rule|Sleep Clause Mod: Limit one foe put to sleep\n|rule|Illusion Level Mod: Illusion disguises the Pok\u00e9mon's true level\n|\n|t:|1781443514\n|teamsize|p1|6\n|teamsize|p2|6\n|start\n|switch|p1a: Charizard|Charizard, L85, M|271/271\n|switch|p2a: Entei|Entei, L78|307/307\n|turn|1\n|inactive|Battle timer is ON: inactive players will automatically lose when time's up. (requested by actuary97)\n|\n|t:|1781443536\n|move|p1a: Charizard|Hurricane|p2a: Entei\n|-damage|p2a: Entei|154/307\n|move|p2a: Entei|Stone Edge|p1a: Charizard\n|-supereffective|p1a: Charizard\n|-damage|p1a: Charizard|0 fnt\n|faint|p1a: Charizard\n|\n|upkeep\n|\n|t:|1781443549\n|switch|p1a: Greninja|Greninja, L80, M|246/246\n|turn|2\n|\n|t:|1781443562\n|switch|p2a: Clawitzer|Clawitzer, L87, F|265/265\n|move|p1a: Greninja|U-turn|p2a: Clawitzer\n|-start|p1a: Greninja|typechange|Bug|[from] ability: Protean\n|-damage|p2a: Clawitzer|178/265\n|-damage|p1a: Greninja|222/246|[from] item: Life Orb\n|\n|t:|1781443568\n|switch|p1a: Thundurus|Thundurus-Therian, L80, M|258/258|[from] U-turn\n|\n|upkeep\n|turn|3\n|inactive|Green Calf has 120 seconds left.\n|\n|t:|1781443616\n|switch|p2a: Decidueye|Decidueye-Hisui, L87, M|295/295\n|move|p1a: Thundurus|Nasty Plot|p1a: Thundurus\n|-boost|p1a: Thundurus|spa|2\n|\n|upkeep\n|turn|4\n|\n|t:|1781443624\n|-terastallize|p1a: Thundurus|Flying\n|move|p2a: Decidueye|Sucker Punch|p1a: Thundurus\n|-damage|p1a: Thundurus|178/258\n|move|p1a: Thundurus|Tera Blast|p2a: Decidueye|[anim] Tera Blast Flying\n|-supereffective|p2a: Decidueye\n|-damage|p2a: Decidueye|0 fnt\n|faint|p2a: Decidueye\n|\n|upkeep\n|\n|t:|1781443633\n|switch|p2a: Dodrio|Dodrio, L85, F|241/241\n|turn|5\n|\n|t:|1781443642\n|switch|p1a: Skuntank|Skuntank, L84, M|310/310\n|move|p2a: Dodrio|Brave Bird|p1a: Skuntank\n|-damage|p1a: Skuntank|118/310\n|-damage|p2a: Dodrio|178/241|[from] Recoil\n|\n|upkeep\n|turn|6\n|\n|t:|1781443650\n|move|p2a: Dodrio|Drill Run|p1a: Skuntank\n|-supereffective|p1a: Skuntank\n|-damage|p1a: Skuntank|0 fnt\n|-damage|p2a: Dodrio|118/241|[from] ability: Aftermath|[of] p1a: Skuntank\n|faint|p1a: Skuntank\n|\n|upkeep\n|\n|t:|1781443653\n|switch|p1a: Greninja|Greninja, L80, M|222/246\n|turn|7\n|inactive|Green Calf has 120 seconds left.\n|\n|t:|1781443690\n|switch|p2a: Clawitzer|Clawitzer, L87, F|178/265\n|move|p1a: Greninja|Hydro Pump|p2a: Clawitzer\n|-start|p1a: Greninja|typechange|Water|[from] ability: Protean\n|-resisted|p2a: Clawitzer\n|-crit|p2a: Clawitzer\n|-damage|p2a: Clawitzer|82/265\n|-damage|p1a: Greninja|198/246|[from] item: Life Orb\n|\n|upkeep\n|turn|8\n|\n|t:|1781443698\n|move|p1a: Greninja|Gunk Shot|p2a: Clawitzer\n|-crit|p2a: Clawitzer\n|-damage|p2a: Clawitzer|0 fnt\n|faint|p2a: Clawitzer\n|-damage|p1a: Greninja|174/246|[from] item: Life Orb\n|\n|upkeep\n|\n|t:|1781443707\n|switch|p2a: Leafeon|Leafeon, L88, F|258/258\n|turn|9\n|\n|t:|1781443711\n|move|p1a: Greninja|U-turn|p2a: Leafeon\n|-supereffective|p2a: Leafeon\n|-damage|p2a: Leafeon|180/258\n|-damage|p1a: Greninja|150/246|[from] item: Life Orb\n|\n|t:|1781443716\n|switch|p1a: Lilligant|Lilligant, L86, F|261/261|[from] U-turn\n|move|p2a: Leafeon|Knock Off|p1a: Lilligant\n|-damage|p1a: Lilligant|167/261\n|-enditem|p1a: Lilligant|Life Orb|[from] move: Knock Off|[of] p2a: Leafeon\n|\n|-heal|p2a: Leafeon|196/258|[from] item: Leftovers\n|upkeep\n|turn|10\n|\n|t:|1781443722\n|move|p2a: Leafeon|Knock Off|p1a: Lilligant\n|-damage|p1a: Lilligant|105/261\n|move|p1a: Lilligant|Alluring Voice|p2a: Leafeon\n|-damage|p2a: Leafeon|123/258\n|\n|-heal|p2a: Leafeon|139/258|[from] item: Leftovers\n|upkeep\n|turn|11\n|\n|t:|1781443724\n|move|p2a: Leafeon|Knock Off|p1a: Lilligant\n|-damage|p1a: Lilligant|44/261\n|move|p1a: Lilligant|Quiver Dance|p1a: Lilligant\n|-boost|p1a: Lilligant|spa|1\n|-boost|p1a: Lilligant|spd|1\n|-boost|p1a: Lilligant|spe|1\n|\n|-heal|p2a: Leafeon|155/258|[from] item: Leftovers\n|upkeep\n|turn|12\n|\n|t:|1781443728\n|move|p1a: Lilligant|Alluring Voice|p2a: Leafeon\n|-damage|p2a: Leafeon|41/258\n|move|p2a: Leafeon|Knock Off|p1a: Lilligant\n|-damage|p1a: Lilligant|0 fnt\n|faint|p1a: Lilligant\n|\n|-heal|p2a: Leafeon|57/258|[from] item: Leftovers\n|upkeep\n|\n|t:|1781443740\n|switch|p1a: Greninja|Greninja, L80, M|150/246\n|turn|13\n|\n|t:|1781443759\n|move|p1a: Greninja|Gunk Shot|p2a: Leafeon\n|-start|p1a: Greninja|typechange|Poison|[from] ability: Protean\n|-supereffective|p2a: Leafeon\n|-damage|p2a: Leafeon|0 fnt\n|faint|p2a: Leafeon\n|-damage|p1a: Greninja|126/246|[from] item: Life Orb\n|\n|upkeep\n|\n|t:|1781443761\n|switch|p2a: Talonflame|Talonflame, L83, F|265/265\n|turn|14\n|\n|t:|1781443775\n|-terastallize|p2a: Talonflame|Ground\n|move|p2a: Talonflame|Tera Blast|p1a: Greninja|[anim] Tera Blast Ground\n|-supereffective|p1a: Greninja\n|-damage|p1a: Greninja|0 fnt\n|faint|p1a: Greninja\n|\n|upkeep\n|\n|t:|1781443782\n|switch|p1a: Ludicolo|Ludicolo, L90, F|290/290\n|turn|15\n|\n|t:|1781443792\n|move|p2a: Talonflame|Brave Bird|p1a: Ludicolo\n|-supereffective|p1a: Ludicolo\n|-damage|p1a: Ludicolo|32/290\n|-damage|p2a: Talonflame|180/265|[from] Recoil\n|move|p1a: Ludicolo|Rain Dance|p1a: Ludicolo\n|-weather|RainDance\n|\n|-weather|RainDance|[upkeep]\n|upkeep\n|turn|16\n|\n|t:|1781443796\n|move|p1a: Ludicolo|Giga Drain|p2a: Talonflame\n|-supereffective|p2a: Talonflame\n|-damage|p2a: Talonflame|0 fnt\n|-heal|p1a: Ludicolo|122/290|[from] drain|[of] p2a: Talonflame\n|faint|p2a: Talonflame\n|-damage|p1a: Ludicolo|93/290|[from] item: Life Orb\n|\n|-weather|RainDance|[upkeep]\n|upkeep\n|\n|t:|1781443798\n|switch|p2a: Entei|Entei, L78|154/307\n|turn|17\n|\n|t:|1781443808\n|move|p2a: Entei|Extreme Speed|p1a: Ludicolo\n|-damage|p1a: Ludicolo|0 fnt\n|faint|p1a: Ludicolo\n|\n|-weather|RainDance|[upkeep]\n|upkeep\n|\n|t:|1781443810\n|switch|p1a: Thundurus|Thundurus-Therian, L80, M, tera:Flying|178/258\n|turn|18\n|\n|t:|1781443814\n|move|p2a: Entei|Extreme Speed|p1a: Thundurus\n|-damage|p1a: Thundurus|69/258\n|move|p1a: Thundurus|Thunderbolt|p2a: Entei\n|-damage|p2a: Entei|1/307\n|\n|-weather|RainDance|[upkeep]\n|upkeep\n|turn|19\n|\n|t:|1781443817\n|move|p2a: Entei|Extreme Speed|p1a: Thundurus\n|-damage|p1a: Thundurus|0 fnt\n|faint|p1a: Thundurus\n|\n|win|Green Calf\n|raw|actuary97's rating: 2005 &rarr; <strong>1987</strong><br />(-18 for losing)\n|raw|Green Calf's rating: 2039 &rarr; <strong>2057</strong><br />(+18 for winning)\n", "uploadtime": 1781443517, "views": 3, "formatid": "gen9randombattle", "rating": 1987, "private": 0, "password": null}