{"id": "gen9randombattle-2631380048", "format": "[Gen 9] Random Battle", "players": ["bugcatcher314", "Meloeita!"], "log": "|j|\u2606bugcatcher314\n|j|\u2606Meloeita!\n|t:|1781377792\n|gametype|singles\n|player|p1|bugcatcher314|265|2034\n|player|p2|Meloeita!|170|1972\n|gen|9\n|tier|[Gen 9] Random Battle\n|rated|\n|rule|Species Clause: Limit one of each Pok\u00e9mon\n|rule|HP Percentage Mod: HP is shown in percentages\n|rule|Sleep Clause Mod: Limit one foe put to sleep\n|rule|Illusion Level Mod: Illusion disguises the Pok\u00e9mon's true level\n|\n|t:|1781377792\n|teamsize|p1|6\n|teamsize|p2|6\n|start\n|switch|p1a: Blaziken|Blaziken, L76, M|247/247\n|switch|p2a: Muk|Muk-Alola, L82, M|306/306\n|turn|1\n|\n|t:|1781377826\n|move|p1a: Blaziken|Protect|p1a: Blaziken\n|-singleturn|p1a: Blaziken|Protect\n|move|p2a: Muk|Gunk Shot|p1a: Blaziken\n|-activate|p1a: Blaziken|move: Protect\n|\n|-ability|p1a: Blaziken|Speed Boost|boost\n|-boost|p1a: Blaziken|spe|1\n|upkeep\n|turn|2\n|inactive|Battle timer is ON: inactive players will automatically lose when time's up. (requested by bugcatcher314)\n|\n|t:|1781377838\n|move|p1a: Blaziken|Swords Dance|p1a: Blaziken\n|-boost|p1a: Blaziken|atk|2\n|move|p2a: Muk|Gunk Shot|p1a: Blaziken\n|-damage|p1a: Blaziken|81/247\n|-status|p1a: Blaziken|psn\n|\n|-damage|p1a: Blaziken|51/247 psn|[from] psn\n|-ability|p1a: Blaziken|Speed Boost|boost\n|-boost|p1a: Blaziken|spe|1\n|upkeep\n|turn|3\n|\n|t:|1781377853\n|switch|p2a: Phione|Phione, L91|293/293\n|move|p1a: Blaziken|Close Combat|p2a: Phione\n|-damage|p2a: Phione|0 fnt\n|-unboost|p1a: Blaziken|def|1\n|-unboost|p1a: Blaziken|spd|1\n|faint|p2a: Phione\n|-damage|p1a: Blaziken|27/247 psn|[from] item: Life Orb\n|\n|-damage|p1a: Blaziken|0 fnt|[from] psn\n|faint|p1a: Blaziken\n|upkeep\n|\n|t:|1781377867\n|switch|p2a: Incineroar|Incineroar, L82, F|290/290\n|switch|p1a: Basculegion|Basculegion, L80, M|323/323\n|-ability|p2a: Incineroar|Intimidate|boost\n|-unboost|p1a: Basculegion|atk|1\n|turn|4\n|\n|t:|1781377877\n|switch|p2a: Appletun|Appletun, L92, F|352/352\n|move|p1a: Basculegion|Flip Turn|p2a: Appletun\n|-resisted|p2a: Appletun\n|-damage|p2a: Appletun|338/352\n|\n|t:|1781377883\n|switch|p1a: Glaceon|Glaceon, L94, M|275/275|[from] Flip Turn\n|\n|-heal|p2a: Appletun|352/352|[from] item: Leftovers\n|upkeep\n|turn|5\n|\n|t:|1781377893\n|move|p1a: Glaceon|Wish|p1a: Glaceon\n|move|p2a: Appletun|Leech Seed|p1a: Glaceon\n|-start|p1a: Glaceon|move: Leech Seed\n|\n|-damage|p1a: Glaceon|241/275|[from] Leech Seed|[of] p2a: Appletun\n|upkeep\n|turn|6\n|\n|t:|1781377898\n|switch|p1a: Annihilape|Annihilape, L76, M|292/292\n|switch|p2a: Incineroar|Incineroar, L82, F|290/290\n|-ability|p2a: Incineroar|Intimidate|boost\n|-unboost|p1a: Annihilape|atk|1\n|-ability|p1a: Annihilape|Defiant|boost\n|-boost|p1a: Annihilape|atk|2\n|\n|upkeep\n|turn|7\n|\n|t:|1781377931\n|switch|p2a: Manaphy|Manaphy, L78|284/284\n|move|p1a: Annihilape|Drain Punch|p2a: Manaphy\n|-damage|p2a: Manaphy|166/284\n|\n|-heal|p2a: Manaphy|183/284|[from] item: Leftovers\n|upkeep\n|turn|8\n|\n|t:|1781377951\n|switch|p1a: Glaceon|Glaceon, L94, M|241/275\n|move|p2a: Manaphy|Tail Glow|p2a: Manaphy\n|-boost|p2a: Manaphy|spa|3\n|\n|-heal|p2a: Manaphy|200/284|[from] item: Leftovers\n|upkeep\n|turn|9\n|\n|t:|1781377958\n|move|p2a: Manaphy|Surf|p1a: Glaceon\n|-damage|p1a: Glaceon|66/275\n|move|p1a: Glaceon|Freeze-Dry|p2a: Manaphy\n|-supereffective|p2a: Manaphy\n|-damage|p2a: Manaphy|0 fnt\n|faint|p2a: Manaphy\n|\n|upkeep\n|\n|t:|1781377968\n|switch|p2a: Muk|Muk-Alola, L82, M|306/306\n|turn|10\n|\n|t:|1781377980\n|move|p1a: Glaceon|Freeze-Dry|p2a: Muk\n|-damage|p2a: Muk|233/306\n|move|p2a: Muk|Knock Off|p1a: Glaceon\n|-damage|p1a: Glaceon|0 fnt\n|-enditem|p1a: Glaceon|Heavy-Duty Boots|[from] move: Knock Off|[of] p2a: Muk\n|faint|p1a: Glaceon\n|\n|upkeep\n|\n|t:|1781377991\n|switch|p1a: Basculegion|Basculegion, L80, M|323/323\n|turn|11\n|\n|t:|1781377996\n|move|p1a: Basculegion|Flip Turn|p2a: Muk\n|-damage|p2a: Muk|123/306\n|\n|t:|1781377999\n|switch|p1a: Annihilape|Annihilape, L76, M|292/292|[from] Flip Turn\n|move|p2a: Muk|Knock Off|p1a: Annihilape\n|-damage|p1a: Annihilape|171/292\n|-status|p1a: Annihilape|psn|[from] ability: Poison Touch|[of] p2a: Muk\n|-enditem|p1a: Annihilape|Leftovers|[from] move: Knock Off|[of] p2a: Muk\n|\n|-damage|p1a: Annihilape|135/292 psn|[from] psn\n|upkeep\n|turn|12\n|\n|t:|1781378013\n|move|p1a: Annihilape|Bulk Up|p1a: Annihilape\n|-boost|p1a: Annihilape|atk|1\n|-boost|p1a: Annihilape|def|1\n|move|p2a: Muk|Knock Off|p1a: Annihilape\n|-damage|p1a: Annihilape|78/292 psn\n|\n|-damage|p1a: Annihilape|42/292 psn|[from] psn\n|upkeep\n|turn|13\n|\n|t:|1781378021\n|move|p1a: Annihilape|Drain Punch|p2a: Muk\n|-damage|p2a: Muk|0 fnt\n|-heal|p1a: Annihilape|104/292 psn|[from] drain|[of] p2a: Muk\n|faint|p2a: Muk\n|\n|-damage|p1a: Annihilape|68/292 psn|[from] psn\n|upkeep\n|\n|t:|1781378030\n|switch|p2a: Appletun|Appletun, L92, F|352/352\n|turn|14\n|\n|t:|1781378036\n|move|p1a: Annihilape|Rage Fist|p2a: Appletun\n|-damage|p2a: Appletun|144/352\n|move|p2a: Appletun|Apple Acid|p1a: Annihilape\n|-damage|p1a: Annihilape|0 fnt\n|faint|p1a: Annihilape\n|\n|-heal|p2a: Appletun|166/352|[from] item: Leftovers\n|upkeep\n|\n|t:|1781378041\n|switch|p1a: Florges|Florges-Blue, L85, F|271/271\n|turn|15\n|\n|t:|1781378055\n|-terastallize|p2a: Appletun|Steel\n|move|p1a: Florges|Moonblast|p2a: Appletun\n|-resisted|p2a: Appletun\n|-damage|p2a: Appletun|106/352\n|-unboost|p2a: Appletun|spa|1\n|move|p2a: Appletun|Leech Seed|p1a: Florges\n|-start|p1a: Florges|move: Leech Seed\n|\n|-heal|p2a: Appletun|128/352|[from] item: Leftovers\n|-damage|p1a: Florges|238/271|[from] Leech Seed|[of] p2a: Appletun\n|-heal|p2a: Appletun|161/352|[silent]\n|upkeep\n|turn|16\n|\n|t:|1781378073\n|move|p1a: Florges|Calm Mind|p1a: Florges\n|-boost|p1a: Florges|spa|1\n|-boost|p1a: Florges|spd|1\n|move|p2a: Appletun|Apple Acid|p1a: Florges\n|-damage|p1a: Florges|210/271\n|-unboost|p1a: Florges|spd|1\n|\n|-heal|p1a: Florges|226/271|[from] item: Leftovers\n|-heal|p2a: Appletun|183/352|[from] item: Leftovers\n|-damage|p1a: Florges|193/271|[from] Leech Seed|[of] p2a: Appletun\n|-heal|p2a: Appletun|216/352|[silent]\n|upkeep\n|turn|17\n|\n|t:|1781378088\n|-terastallize|p1a: Florges|Ground\n|move|p1a: Florges|Tera Blast|p2a: Appletun|[anim] Tera Blast Ground\n|-supereffective|p2a: Appletun\n|-damage|p2a: Appletun|0 fnt\n|faint|p2a: Appletun\n|\n|-heal|p1a: Florges|209/271|[from] item: Leftovers\n|upkeep\n|\n|t:|1781378096\n|switch|p2a: Ursaluna|Ursaluna-Bloodmoon, L79, M|308/308\n|turn|18\n|\n|t:|1781378103\n|move|p1a: Florges|Moonblast|p2a: Ursaluna\n|-damage|p2a: Ursaluna|83/308\n|-unboost|p2a: Ursaluna|spa|1\n|move|p2a: Ursaluna|Calm Mind|p2a: Ursaluna\n|-boost|p2a: Ursaluna|spa|1\n|-boost|p2a: Ursaluna|spd|1\n|\n|-heal|p1a: Florges|225/271|[from] item: Leftovers\n|-heal|p2a: Ursaluna|102/308|[from] item: Leftovers\n|-damage|p1a: Florges|192/271|[from] Leech Seed|[of] p2a: Ursaluna\n|-heal|p2a: Ursaluna|135/308|[silent]\n|upkeep\n|turn|19\n|\n|t:|1781378114\n|move|p1a: Florges|Moonblast|p2a: Ursaluna\n|-damage|p2a: Ursaluna|0 fnt\n|faint|p2a: Ursaluna\n|\n|-heal|p1a: Florges|208/271|[from] item: Leftovers\n|upkeep\n|-message|Meloeita! forfeited.\n|\n|win|bugcatcher314\n", "uploadtime": 1781377794, "views": 8, "formatid": "gen9randombattle", "rating": null, "private": 0, "password": null}