{"id": "gen9randombattle-2631379279", "format": "[Gen 9] Random Battle", "players": ["GetOwnedPunk", "Ubuwewe"], "log": "|j|\u203dGetOwnedPunk\n|j|\u2606Ubuwewe\n|t:|1781377702\n|gametype|singles\n|player|p1|GetOwnedPunk|brycenman|1543\n|player|p2|Ubuwewe|lucas|1539\n|gen|9\n|tier|[Gen 9] Random Battle\n|rated|\n|rule|Species Clause: Limit one of each Pok\u00e9mon\n|rule|HP Percentage Mod: HP is shown in percentages\n|rule|Sleep Clause Mod: Limit one foe put to sleep\n|rule|Illusion Level Mod: Illusion disguises the Pok\u00e9mon's true level\n|\n|t:|1781377702\n|teamsize|p1|6\n|teamsize|p2|6\n|start\n|switch|p1a: Zebstrika|Zebstrika, L87, M|272/272\n|switch|p2a: Iron Valiant|Iron Valiant, L78|244/244\n|turn|1\n|inactive|Battle timer is ON: inactive players will automatically lose when time's up. (requested by Ubuwewe)\n|\n|t:|1781377721\n|-end|p2a: Iron Valiant|Quark Drive|[silent]\n|switch|p2a: Amoonguss|Amoonguss, L82, F|321/321\n|move|p1a: Zebstrika|Volt Switch|p2a: Amoonguss\n|-resisted|p2a: Amoonguss\n|-damage|p2a: Amoonguss|274/321\n|-damage|p1a: Zebstrika|245/272|[from] item: Life Orb\n|\n|t:|1781377733\n|switch|p1a: Flapple|Flapple, L88, M|266/266|[from] Volt Switch\n|\n|upkeep\n|turn|2\n|\n|t:|1781377746\n|move|p1a: Flapple|U-turn|p2a: Amoonguss\n|-damage|p2a: Amoonguss|122/321\n|-damage|p1a: Flapple|222/266|[from] item: Rocky Helmet|[of] p2a: Amoonguss\n|\n|t:|1781377749\n|switch|p1a: Orthworm|Orthworm, L88, M|266/266|[from] U-turn\n|move|p2a: Amoonguss|Sludge Bomb|p1a: Orthworm\n|-immune|p1a: Orthworm\n|\n|upkeep\n|turn|3\n|inactive|Ubuwewe has 120 seconds left.\n|\n|t:|1781377779\n|switch|p2a: Tornadus|Tornadus, L82, M|264/264\n|move|p1a: Orthworm|Coil|p1a: Orthworm\n|-boost|p1a: Orthworm|atk|1\n|-boost|p1a: Orthworm|def|1\n|-boost|p1a: Orthworm|accuracy|1\n|\n|upkeep\n|turn|4\n|inactive|Ubuwewe has 120 seconds left.\n|\n|t:|1781377789\n|move|p2a: Tornadus|Focus Blast|p1a: Orthworm|[miss]\n|-miss|p2a: Tornadus|p1a: Orthworm\n|move|p1a: Orthworm|Iron Tail|p2a: Tornadus\n|-damage|p2a: Tornadus|60/264\n|-unboost|p2a: Tornadus|def|1\n|\n|upkeep\n|turn|5\n|\n|t:|1781377798\n|move|p2a: Tornadus|Focus Blast|p1a: Orthworm\n|-supereffective|p1a: Orthworm\n|-damage|p1a: Orthworm|0 fnt\n|faint|p1a: Orthworm\n|\n|upkeep\n|\n|t:|1781377821\n|switch|p1a: Carbink|Carbink, L90|236/236\n|turn|6\n|inactive|Ubuwewe has 120 seconds left.\n|\n|t:|1781377850\n|switch|p2a: Amoonguss|Amoonguss, L82, F|229/321\n|move|p1a: Carbink|Rock Polish|p1a: Carbink\n|-boost|p1a: Carbink|spe|2\n|\n|upkeep\n|turn|7\n|inactive|Ubuwewe has 120 seconds left.\n|\n|t:|1781377859\n|move|p1a: Carbink|Iron Defense|p1a: Carbink\n|-boost|p1a: Carbink|def|2\n|move|p2a: Amoonguss|Spore|p1a: Carbink\n|-status|p1a: Carbink|slp|[from] move: Spore\n|\n|upkeep\n|turn|8\n|\n|t:|1781377867\n|cant|p1a: Carbink|slp\n|move|p2a: Amoonguss|Giga Drain|p1a: Carbink\n|-supereffective|p1a: Carbink\n|-damage|p1a: Carbink|158/236 slp\n|-heal|p2a: Amoonguss|268/321|[from] drain|[of] p1a: Carbink\n|\n|-heal|p1a: Carbink|172/236 slp|[from] item: Leftovers\n|upkeep\n|turn|9\n|\n|t:|1781377876\n|-curestatus|p1a: Carbink|slp|[msg]\n|move|p1a: Carbink|Body Press|p2a: Amoonguss\n|-resisted|p2a: Amoonguss\n|-damage|p2a: Amoonguss|157/321\n|-damage|p1a: Carbink|133/236|[from] item: Rocky Helmet|[of] p2a: Amoonguss\n|move|p2a: Amoonguss|Giga Drain|p1a: Carbink\n|-supereffective|p1a: Carbink\n|-damage|p1a: Carbink|53/236\n|-heal|p2a: Amoonguss|197/321|[from] drain|[of] p1a: Carbink\n|\n|-heal|p1a: Carbink|67/236|[from] item: Leftovers\n|upkeep\n|turn|10\n|\n|t:|1781377891\n|move|p1a: Carbink|Body Press|p2a: Amoonguss\n|-resisted|p2a: Amoonguss\n|-damage|p2a: Amoonguss|95/321\n|-damage|p1a: Carbink|28/236|[from] item: Rocky Helmet|[of] p2a: Amoonguss\n|move|p2a: Amoonguss|Spore|p1a: Carbink\n|-status|p1a: Carbink|slp|[from] move: Spore\n|\n|-heal|p1a: Carbink|42/236 slp|[from] item: Leftovers\n|upkeep\n|turn|11\n|\n|t:|1781377901\n|cant|p1a: Carbink|slp\n|move|p2a: Amoonguss|Giga Drain|p1a: Carbink\n|-supereffective|p1a: Carbink\n|-damage|p1a: Carbink|0 fnt\n|-heal|p2a: Amoonguss|116/321|[from] drain|[of] p1a: Carbink\n|faint|p1a: Carbink\n|\n|upkeep\n|\n|t:|1781377917\n|switch|p1a: Zebstrika|Zebstrika, L87, M|245/272\n|turn|12\n|\n|t:|1781377931\n|switch|p2a: Magcargo|Magcargo, L95, F|268/268\n|move|p1a: Zebstrika|Overheat|p2a: Magcargo\n|-resisted|p2a: Magcargo\n|-damage|p2a: Magcargo|241/268\n|-unboost|p1a: Zebstrika|spa|2\n|-damage|p1a: Zebstrika|218/272|[from] item: Life Orb\n|\n|upkeep\n|turn|13\n|\n|t:|1781377941\n|switch|p2a: Tornadus|Tornadus, L82, M|60/264\n|move|p1a: Zebstrika|High Horsepower|p2a: Tornadus\n|-immune|p2a: Tornadus\n|\n|upkeep\n|turn|14\n|\n|t:|1781377955\n|switch|p2a: Amoonguss|Amoonguss, L82, F|223/321\n|move|p1a: Zebstrika|Volt Switch|p2a: Amoonguss\n|-resisted|p2a: Amoonguss\n|-damage|p2a: Amoonguss|200/321\n|-damage|p1a: Zebstrika|191/272|[from] item: Life Orb\n|\n|t:|1781377963\n|switch|p1a: Gallade|Gallade, L80, M|240/240|[from] Volt Switch\n|\n|upkeep\n|turn|15\n|\n|t:|1781377983\n|switch|p2a: Scrafty|Scrafty, L83, M|244/244\n|-ability|p2a: Scrafty|Intimidate|boost\n|-unboost|p1a: Gallade|atk|1\n|move|p1a: Gallade|Psycho Cut|p2a: Scrafty\n|-immune|p2a: Scrafty\n|\n|upkeep\n|turn|16\n|\n|t:|1781377996\n|switch|p1a: Flapple|Flapple, L88, M|222/266\n|move|p2a: Scrafty|Drain Punch|p1a: Flapple\n|-damage|p1a: Flapple|144/266\n|\n|upkeep\n|turn|17\n|inactive|Ubuwewe has 120 seconds left.\n|\n|t:|1781378023\n|move|p1a: Flapple|Grav Apple|p2a: Scrafty\n|-damage|p2a: Scrafty|55/244\n|-unboost|p2a: Scrafty|def|1\n|move|p2a: Scrafty|Poison Jab|p1a: Flapple\n|-supereffective|p1a: Flapple\n|-damage|p1a: Flapple|36/266\n|-status|p1a: Flapple|psn\n|\n|-heal|p2a: Scrafty|70/244|[from] item: Leftovers\n|-damage|p1a: Flapple|3/266 psn|[from] psn\n|upkeep\n|turn|18\n|inactive|Ubuwewe has 120 seconds left.\n|\n|t:|1781378037\n|switch|p2a: Amoonguss|Amoonguss, L82, F|307/321\n|move|p1a: Flapple|Grav Apple|p2a: Amoonguss\n|-resisted|p2a: Amoonguss\n|-damage|p2a: Amoonguss|239/321\n|-unboost|p2a: Amoonguss|def|1\n|\n|-damage|p1a: Flapple|0 fnt|[from] psn\n|faint|p1a: Flapple\n|upkeep\n|\n|t:|1781378059\n|switch|p1a: Zebstrika|Zebstrika, L87, M|191/272\n|turn|19\n|\n|t:|1781378068\n|switch|p2a: Scrafty|Scrafty, L83, M|70/244\n|-ability|p2a: Scrafty|Intimidate|boost\n|-unboost|p1a: Zebstrika|atk|1\n|move|p1a: Zebstrika|High Horsepower|p2a: Scrafty\n|-damage|p2a: Scrafty|22/244\n|-damage|p1a: Zebstrika|164/272|[from] item: Life Orb\n|\n|-heal|p2a: Scrafty|37/244|[from] item: Leftovers\n|upkeep\n|turn|20\n|inactive|Ubuwewe has 120 seconds left.\n|\n|t:|1781378087\n|switch|p2a: Amoonguss|Amoonguss, L82, F|321/321\n|move|p1a: Zebstrika|Volt Switch|p2a: Amoonguss\n|-resisted|p2a: Amoonguss\n|-damage|p2a: Amoonguss|272/321\n|-damage|p1a: Zebstrika|137/272|[from] item: Life Orb\n|\n|t:|1781378091\n|switch|p1a: Gallade|Gallade, L80, M|240/240|[from] Volt Switch\n|\n|upkeep\n|turn|21\n|inactive|Ubuwewe has 120 seconds left.\n|\n|t:|1781378114\n|switch|p1a: Zebstrika|Zebstrika, L87, M|137/272\n|switch|p2a: Scrafty|Scrafty, L83, M|37/244\n|-ability|p2a: Scrafty|Intimidate|boost\n|-unboost|p1a: Zebstrika|atk|1\n|\n|-heal|p2a: Scrafty|52/244|[from] item: Leftovers\n|upkeep\n|turn|22\n|inactive|Ubuwewe has 120 seconds left.\n|\n|t:|1781378132\n|switch|p2a: Tornadus|Tornadus, L82, M|60/264\n|move|p1a: Zebstrika|Overheat|p2a: Tornadus\n|-damage|p2a: Tornadus|0 fnt\n|-unboost|p1a: Zebstrika|spa|2\n|faint|p2a: Tornadus\n|-damage|p1a: Zebstrika|110/272|[from] item: Life Orb\n|\n|upkeep\n|\n|t:|1781378147\n|switch|p2a: Scrafty|Scrafty, L83, M|52/244\n|-ability|p2a: Scrafty|Intimidate|boost\n|-unboost|p1a: Zebstrika|atk|1\n|turn|23\n|\n|t:|1781378162\n|switch|p2a: Amoonguss|Amoonguss, L82, F|321/321\n|move|p1a: Zebstrika|Supercell Slam|p2a: Amoonguss\n|-resisted|p2a: Amoonguss\n|-damage|p2a: Amoonguss|278/321\n|-damage|p1a: Zebstrika|65/272|[from] item: Rocky Helmet|[of] p2a: Amoonguss\n|-damage|p1a: Zebstrika|38/272|[from] item: Life Orb\n|\n|upkeep\n|turn|24\n|\n|t:|1781378174\n|move|p1a: Zebstrika|Overheat|p2a: Amoonguss\n|-supereffective|p2a: Amoonguss\n|-damage|p2a: Amoonguss|156/321\n|-unboost|p1a: Zebstrika|spa|2\n|-damage|p1a: Zebstrika|11/272|[from] item: Life Orb\n|move|p2a: Amoonguss|Spore|p1a: Zebstrika\n|-ability|p1a: Zebstrika|Sap Sipper|boost\n|-boost|p1a: Zebstrika|atk|1\n|\n|upkeep\n|turn|25\n|\n|t:|1781378190\n|move|p1a: Zebstrika|Supercell Slam|p2a: Amoonguss\n|-resisted|p2a: Amoonguss\n|-damage|p2a: Amoonguss|100/321\n|-damage|p1a: Zebstrika|0 fnt|[from] item: Rocky Helmet|[of] p2a: Amoonguss\n|faint|p1a: Zebstrika\n|move|p2a: Amoonguss|Sludge Bomb|p1: Zebstrika|[notarget]\n|-fail|p2a: Amoonguss\n|\n|upkeep\n|inactive|GetOwnedPunk has 120 seconds left.\n|\n|t:|1781378217\n|switch|p1a: Gallade|Gallade, L80, M|240/240\n|turn|26\n|inactive|GetOwnedPunk has 120 seconds left.\n|\n|t:|1781378228\n|move|p1a: Gallade|Psycho Cut|p2a: Amoonguss\n|-supereffective|p2a: Amoonguss\n|-damage|p2a: Amoonguss|0 fnt\n|faint|p2a: Amoonguss\n|\n|upkeep\n|\n|t:|1781378237\n|switch|p2a: Scrafty|Scrafty, L83, M|52/244\n|-ability|p2a: Scrafty|Intimidate|boost\n|-unboost|p1a: Gallade|atk|1\n|turn|27\n|\n|t:|1781378244\n|switch|p1a: Maushold|Maushold-Four, L76|238/238\n|move|p2a: Scrafty|Dragon Dance|p2a: Scrafty\n|-boost|p2a: Scrafty|atk|1\n|-boost|p2a: Scrafty|spe|1\n|\n|-heal|p2a: Scrafty|67/244|[from] item: Leftovers\n|upkeep\n|turn|28\n|\n|t:|1781378259\n|move|p2a: Scrafty|Drain Punch|p1a: Maushold\n|-supereffective|p1a: Maushold\n|-damage|p1a: Maushold|0 fnt\n|-heal|p2a: Scrafty|186/244|[from] drain|[of] p1a: Maushold\n|faint|p1a: Maushold\n|\n|-heal|p2a: Scrafty|201/244|[from] item: Leftovers\n|upkeep\n|\n|t:|1781378262\n|switch|p1a: Gallade|Gallade, L80, M|240/240\n|turn|29\n|inactive|Ubuwewe has 120 seconds left.\n|\n|t:|1781378273\n|switch|p2a: Magcargo|Magcargo, L95, F|241/268\n|move|p1a: Gallade|Sacred Sword|p2a: Magcargo\n|-supereffective|p2a: Magcargo\n|-damage|p2a: Magcargo|0 fnt\n|faint|p2a: Magcargo\n|\n|upkeep\n|\n|t:|1781378290\n|switch|p2a: Scrafty|Scrafty, L83, M|201/244\n|-ability|p2a: Scrafty|Intimidate|boost\n|-unboost|p1a: Gallade|atk|1\n|turn|30\n|\n|t:|1781378299\n|switch|p2a: Iron Valiant|Iron Valiant, L78|244/244\n|move|p1a: Gallade|Sacred Sword|p2a: Iron Valiant\n|-resisted|p2a: Iron Valiant\n|-damage|p2a: Iron Valiant|157/244\n|\n|upkeep\n|turn|31\n|\n|t:|1781378309\n|move|p2a: Iron Valiant|Spirit Break|p1a: Gallade\n|-supereffective|p1a: Gallade\n|-damage|p1a: Gallade|0 fnt\n|faint|p1a: Gallade\n|-damage|p2a: Iron Valiant|133/244|[from] item: Life Orb\n|\n|win|Ubuwewe\n|raw|GetOwnedPunk's rating: 1543 &rarr; <strong>1523</strong><br />(-20 for losing)\n|raw|Ubuwewe's rating: 1539 &rarr; <strong>1559</strong><br />(+20 for winning)\n|c|\u2606Ubuwewe|Gg\n|l|\u203dGetOwnedPunk\n|player|p1|\n", "uploadtime": 1781378356, "views": 6, "formatid": "gen9randombattle", "rating": 1523, "private": 0, "password": null}