{"id": "gen9randombattle-2631407888", "format": "[Gen 9] Random Battle", "players": ["sphealinalright", "mr012"], "log": "|j|\u2606sphealinalright\n|j|\u2606mr012\n|t:|1781381007\n|gametype|singles\n|player|p1|sphealinalright|backers|1907\n|player|p2|mr012|266|1954\n|gen|9\n|tier|[Gen 9] Random Battle\n|rated|\n|rule|Species Clause: Limit one of each Pok\u00e9mon\n|rule|HP Percentage Mod: HP is shown in percentages\n|rule|Sleep Clause Mod: Limit one foe put to sleep\n|rule|Illusion Level Mod: Illusion disguises the Pok\u00e9mon's true level\n|\n|t:|1781381007\n|teamsize|p1|6\n|teamsize|p2|6\n|start\n|switch|p1a: Wugtrio|Wugtrio, L91, F|212/212\n|switch|p2a: Misdreavus|Misdreavus, L90, M|254/254\n|turn|1\n|inactive|Battle timer is ON: inactive players will automatically lose when time's up. (requested by mr012)\n|\n|t:|1781381034\n|switch|p1a: Scovillain|Scovillain, L91, M|266/266\n|move|p2a: Misdreavus|Will-O-Wisp|p1a: Scovillain\n|-immune|p1a: Scovillain\n|\n|upkeep\n|turn|2\n|\n|t:|1781381041\n|switch|p2a: Miraidon|Miraidon, L65|238/238\n|-fieldstart|move: Electric Terrain|[from] ability: Hadron Engine|[of] p2a: Miraidon\n|move|p1a: Scovillain|Leech Seed|p2a: Miraidon\n|-start|p2a: Miraidon|move: Leech Seed\n|\n|-damage|p2a: Miraidon|209/238|[from] Leech Seed|[of] p1a: Scovillain\n|upkeep\n|turn|3\n|\n|t:|1781381054\n|switch|p2a: Clodsire|Clodsire, L81, F|343/343\n|move|p1a: Scovillain|Flamethrower|p2a: Clodsire\n|-damage|p2a: Clodsire|234/343\n|\n|-heal|p2a: Clodsire|255/343|[from] item: Leftovers\n|upkeep\n|turn|4\n|\n|t:|1781381066\n|switch|p1a: Toucannon|Toucannon, L88, F|284/284\n|move|p2a: Clodsire|Spikes|p1a: Toucannon\n|-sidestart|p1: sphealinalright|Spikes\n|\n|-heal|p2a: Clodsire|276/343|[from] item: Leftovers\n|upkeep\n|turn|5\n|\n|t:|1781381071\n|switch|p2a: Regice|Regice, L88|284/284\n|-singleturn|p1a: Toucannon|move: Beak Blast\n|move|p1a: Toucannon|Beak Blast|p2a: Regice\n|-damage|p2a: Regice|166/284\n|\n|upkeep\n|turn|6\n|\n|t:|1781381079\n|move|p1a: Toucannon|U-turn|p2a: Regice\n|-damage|p2a: Regice|107/284\n|\n|t:|1781381081\n|switch|p1a: Munkidori|Munkidori, L79, M|269/269|[from] U-turn\n|-damage|p1a: Munkidori|236/269|[from] Spikes\n|move|p2a: Regice|Thunder Wave|p1a: Munkidori\n|-status|p1a: Munkidori|par\n|\n|-fieldend|move: Electric Terrain\n|upkeep\n|turn|7\n|\n|t:|1781381090\n|move|p1a: Munkidori|Fake Out|p2a: Regice\n|-damage|p2a: Regice|89/284\n|cant|p2a: Regice|flinch\n|\n|upkeep\n|turn|8\n|\n|t:|1781381097\n|move|p2a: Regice|Ice Beam|p1a: Munkidori\n|-crit|p1a: Munkidori\n|-damage|p1a: Munkidori|122/269 par\n|move|p1a: Munkidori|Psychic Noise|p2a: Regice\n|-damage|p2a: Regice|47/284\n|-start|p2a: Regice|move: Heal Block\n|\n|upkeep\n|turn|9\n|\n|t:|1781381105\n|move|p2a: Regice|Ice Beam|p1a: Munkidori\n|-crit|p1a: Munkidori\n|-damage|p1a: Munkidori|7/269 par\n|move|p1a: Munkidori|Sludge Wave|p2a: Regice\n|-damage|p2a: Regice|0 fnt\n|faint|p2a: Regice\n|\n|upkeep\n|\n|t:|1781381116\n|switch|p2a: Miraidon|Miraidon, L65|209/238\n|-fieldstart|move: Electric Terrain|[from] ability: Hadron Engine|[of] p2a: Miraidon\n|turn|10\n|\n|t:|1781381120\n|move|p2a: Miraidon|Calm Mind|p2a: Miraidon\n|-boost|p2a: Miraidon|spa|1\n|-boost|p2a: Miraidon|spd|1\n|cant|p1a: Munkidori|par\n|\n|upkeep\n|turn|11\n|\n|t:|1781381124\n|move|p2a: Miraidon|Dragon Pulse|p1a: Munkidori\n|-damage|p1a: Munkidori|0 fnt\n|faint|p1a: Munkidori\n|-damage|p2a: Miraidon|186/238|[from] item: Life Orb\n|\n|upkeep\n|\n|t:|1781381145\n|switch|p1a: Glastrier|Glastrier, L86|312/312\n|turn|12\n|\n|t:|1781381156\n|-terastallize|p2a: Miraidon|Electric\n|move|p2a: Miraidon|Electro Drift|p1a: Glastrier\n|-damage|p1a: Glastrier|10/312\n|-damage|p2a: Miraidon|163/238|[from] item: Life Orb\n|move|p1a: Glastrier|Icicle Crash|p2a: Miraidon\n|-damage|p2a: Miraidon|0 fnt\n|faint|p2a: Miraidon\n|-ability|p1a: Glastrier|Chilling Neigh|boost\n|-boost|p1a: Glastrier|atk|1\n|\n|upkeep\n|\n|t:|1781381161\n|switch|p2a: Serperior|Serperior, L79, F|248/248\n|turn|13\n|\n|t:|1781381167\n|switch|p1a: Scovillain|Scovillain, L91, M|266/266\n|-damage|p1a: Scovillain|233/266|[from] Spikes\n|move|p2a: Serperior|Leaf Storm|p1a: Scovillain\n|-resisted|p1a: Scovillain\n|-damage|p1a: Scovillain|197/266\n|-boost|p2a: Serperior|spa|2\n|-damage|p2a: Serperior|224/248|[from] item: Life Orb\n|\n|-heal|p1a: Scovillain|213/266|[from] item: Leftovers\n|upkeep\n|turn|14\n|\n|t:|1781381176\n|move|p2a: Serperior|Dragon Pulse|p1a: Scovillain\n|-damage|p1a: Scovillain|70/266\n|-damage|p2a: Serperior|200/248|[from] item: Life Orb\n|move|p1a: Scovillain|Flamethrower|p2a: Serperior\n|-supereffective|p2a: Serperior\n|-damage|p2a: Serperior|0 fnt\n|faint|p2a: Serperior\n|\n|-heal|p1a: Scovillain|86/266|[from] item: Leftovers\n|-fieldend|move: Electric Terrain\n|upkeep\n|\n|t:|1781381179\n|switch|p2a: Misdreavus|Misdreavus, L90, M|254/254\n|turn|15\n|\n|t:|1781381188\n|move|p2a: Misdreavus|Calm Mind|p2a: Misdreavus\n|-boost|p2a: Misdreavus|spa|1\n|-boost|p2a: Misdreavus|spd|1\n|move|p1a: Scovillain|Leech Seed|p2a: Misdreavus\n|-start|p2a: Misdreavus|move: Leech Seed\n|\n|-heal|p1a: Scovillain|102/266|[from] item: Leftovers\n|-damage|p2a: Misdreavus|223/254|[from] Leech Seed|[of] p1a: Scovillain\n|-heal|p1a: Scovillain|133/266|[silent]\n|upkeep\n|turn|16\n|\n|t:|1781381197\n|switch|p1a: Glastrier|Glastrier, L86|10/312\n|move|p2a: Misdreavus|Shadow Ball|p1a: Glastrier\n|-damage|p1a: Glastrier|0 fnt\n|faint|p1a: Glastrier\n|\n|upkeep\n|\n|t:|1781381223\n|switch|p1a: Toucannon|Toucannon, L88, F|284/284\n|turn|17\n|\n|t:|1781381228\n|-singleturn|p1a: Toucannon|move: Beak Blast\n|move|p2a: Misdreavus|Will-O-Wisp|p1a: Toucannon\n|-status|p1a: Toucannon|brn\n|move|p1a: Toucannon|Beak Blast|p2a: Misdreavus\n|-damage|p2a: Misdreavus|166/254\n|\n|-damage|p2a: Misdreavus|135/254|[from] Leech Seed|[of] p1a: Toucannon\n|-damage|p1a: Toucannon|267/284 brn|[from] brn\n|upkeep\n|turn|18\n|\n|t:|1781381233\n|-singleturn|p1a: Toucannon|move: Beak Blast\n|move|p2a: Misdreavus|Draining Kiss|p1a: Toucannon\n|-damage|p1a: Toucannon|212/284 brn\n|-heal|p2a: Misdreavus|176/254|[from] drain|[of] p1a: Toucannon\n|-status|p2a: Misdreavus|brn\n|move|p1a: Toucannon|Beak Blast|p2a: Misdreavus\n|-damage|p2a: Misdreavus|123/254 brn\n|\n|-damage|p2a: Misdreavus|92/254 brn|[from] Leech Seed|[of] p1a: Toucannon\n|-heal|p1a: Toucannon|243/284 brn|[silent]\n|-damage|p2a: Misdreavus|77/254 brn|[from] brn\n|-damage|p1a: Toucannon|226/284 brn|[from] brn\n|upkeep\n|turn|19\n|\n|t:|1781381244\n|-singleturn|p1a: Toucannon|move: Beak Blast\n|move|p2a: Misdreavus|Draining Kiss|p1a: Toucannon\n|-damage|p1a: Toucannon|162/284 brn\n|-heal|p2a: Misdreavus|125/254 brn|[from] drain|[of] p1a: Toucannon\n|move|p1a: Toucannon|Beak Blast|p2a: Misdreavus\n|-damage|p2a: Misdreavus|65/254 brn\n|\n|-damage|p2a: Misdreavus|34/254 brn|[from] Leech Seed|[of] p1a: Toucannon\n|-heal|p1a: Toucannon|193/284 brn|[silent]\n|-damage|p2a: Misdreavus|19/254 brn|[from] brn\n|-damage|p1a: Toucannon|176/284 brn|[from] brn\n|upkeep\n|turn|20\n|\n|t:|1781381251\n|move|p2a: Misdreavus|Draining Kiss|p1a: Toucannon\n|-damage|p1a: Toucannon|115/284 brn\n|-heal|p2a: Misdreavus|65/254 brn|[from] drain|[of] p1a: Toucannon\n|move|p1a: Toucannon|Roost|p1a: Toucannon\n|-heal|p1a: Toucannon|257/284 brn\n|-singleturn|p1a: Toucannon|move: Roost\n|\n|-damage|p2a: Misdreavus|34/254 brn|[from] Leech Seed|[of] p1a: Toucannon\n|-heal|p1a: Toucannon|284/284 brn|[silent]\n|-damage|p2a: Misdreavus|19/254 brn|[from] brn\n|-damage|p1a: Toucannon|267/284 brn|[from] brn\n|upkeep\n|turn|21\n|\n|t:|1781381255\n|-singleturn|p1a: Toucannon|move: Beak Blast\n|move|p2a: Misdreavus|Draining Kiss|p1a: Toucannon\n|-damage|p1a: Toucannon|210/284 brn\n|-heal|p2a: Misdreavus|62/254 brn|[from] drain|[of] p1a: Toucannon\n|move|p1a: Toucannon|Beak Blast|p2a: Misdreavus\n|-damage|p2a: Misdreavus|9/254 brn\n|\n|-damage|p2a: Misdreavus|0 fnt|[from] Leech Seed|[of] p1a: Toucannon\n|-heal|p1a: Toucannon|219/284 brn|[silent]\n|faint|p2a: Misdreavus\n|-damage|p1a: Toucannon|202/284 brn|[from] brn\n|upkeep\n|\n|t:|1781381257\n|switch|p2a: Florges|Florges, L85, F|271/271\n|turn|22\n|\n|t:|1781381272\n|move|p2a: Florges|Calm Mind|p2a: Florges\n|-boost|p2a: Florges|spa|1\n|-boost|p2a: Florges|spd|1\n|move|p1a: Toucannon|U-turn|p2a: Florges\n|-resisted|p2a: Florges\n|-damage|p2a: Florges|252/271\n|\n|t:|1781381273\n|switch|p1a: Scovillain|Scovillain, L91, M|133/266|[from] U-turn\n|-damage|p1a: Scovillain|100/266|[from] Spikes\n|\n|-heal|p1a: Scovillain|116/266|[from] item: Leftovers\n|-heal|p2a: Florges|268/271|[from] item: Leftovers\n|upkeep\n|turn|23\n|\n|t:|1781381281\n|move|p1a: Scovillain|Leech Seed|p2a: Florges\n|-start|p2a: Florges|move: Leech Seed\n|move|p2a: Florges|Tera Blast|p1a: Scovillain\n|-damage|p1a: Scovillain|12/266\n|\n|-heal|p1a: Scovillain|28/266|[from] item: Leftovers\n|-heal|p2a: Florges|271/271|[from] item: Leftovers\n|-damage|p2a: Florges|238/271|[from] Leech Seed|[of] p1a: Scovillain\n|-heal|p1a: Scovillain|61/266|[silent]\n|upkeep\n|turn|24\n|\n|t:|1781381300\n|move|p1a: Scovillain|Flamethrower|p2a: Florges\n|-damage|p2a: Florges|187/271\n|move|p2a: Florges|Tera Blast|p1a: Scovillain\n|-damage|p1a: Scovillain|0 fnt\n|faint|p1a: Scovillain\n|\n|-heal|p2a: Florges|203/271|[from] item: Leftovers\n|upkeep\n|\n|t:|1781381312\n|switch|p1a: Poliwrath|Poliwrath, L88, M|302/302\n|-damage|p1a: Poliwrath|265/302|[from] Spikes\n|turn|25\n|\n|t:|1781381324\n|-terastallize|p1a: Poliwrath|Steel\n|move|p2a: Florges|Moonblast|p1a: Poliwrath\n|-resisted|p1a: Poliwrath\n|-damage|p1a: Poliwrath|187/302\n|-unboost|p1a: Poliwrath|spa|1\n|move|p1a: Poliwrath|Poison Jab|p2a: Florges\n|-supereffective|p2a: Florges\n|-damage|p2a: Florges|67/271\n|-status|p2a: Florges|psn\n|\n|-heal|p2a: Florges|83/271 psn|[from] item: Leftovers\n|-heal|p1a: Poliwrath|205/302|[from] item: Leftovers\n|-damage|p2a: Florges|50/271 psn|[from] Leech Seed|[of] p1a: Poliwrath\n|-heal|p1a: Poliwrath|238/302|[silent]\n|-damage|p2a: Florges|17/271 psn|[from] psn\n|upkeep\n|turn|26\n|\n|t:|1781381333\n|move|p2a: Florges|Moonblast|p1a: Poliwrath\n|-resisted|p1a: Poliwrath\n|-damage|p1a: Poliwrath|162/302\n|move|p1a: Poliwrath|Drain Punch|p2a: Florges\n|-resisted|p2a: Florges\n|-damage|p2a: Florges|0 fnt\n|-heal|p1a: Poliwrath|171/302|[from] drain|[of] p2a: Florges\n|faint|p2a: Florges\n|\n|-heal|p1a: Poliwrath|189/302|[from] item: Leftovers\n|upkeep\n|\n|t:|1781381334\n|switch|p2a: Clodsire|Clodsire, L81, F|276/343\n|turn|27\n|\n|t:|1781381342\n|move|p1a: Poliwrath|Liquidation|p2a: Clodsire\n|-heal|p2a: Clodsire|343/343|[from] ability: Water Absorb|[of] p1a: Poliwrath\n|move|p2a: Clodsire|Recover||[still]\n|-fail|p2a: Clodsire|heal\n|\n|-heal|p1a: Poliwrath|207/302|[from] item: Leftovers\n|upkeep\n|turn|28\n|\n|t:|1781381351\n|switch|p1a: Toucannon|Toucannon, L88, F|202/284 brn\n|move|p2a: Clodsire|Earthquake|p1a: Toucannon\n|-immune|p1a: Toucannon\n|\n|-damage|p1a: Toucannon|185/284 brn|[from] brn\n|upkeep\n|turn|29\n|\n|t:|1781381360\n|move|p1a: Toucannon|Roost|p1a: Toucannon\n|-heal|p1a: Toucannon|284/284 brn\n|-singleturn|p1a: Toucannon|move: Roost\n|move|p2a: Clodsire|Spikes|p1a: Toucannon\n|-sidestart|p1: sphealinalright|Spikes\n|\n|-damage|p1a: Toucannon|267/284 brn|[from] brn\n|upkeep\n|turn|30\n|\n|t:|1781381364\n|move|p1a: Toucannon|Boomburst|p2a: Clodsire\n|-damage|p2a: Clodsire|213/343\n|move|p2a: Clodsire|Spikes|p1a: Toucannon\n|-sidestart|p1: sphealinalright|Spikes\n|\n|-heal|p2a: Clodsire|234/343|[from] item: Leftovers\n|-damage|p1a: Toucannon|250/284 brn|[from] brn\n|upkeep\n|turn|31\n|\n|t:|1781381376\n|move|p1a: Toucannon|Boomburst|p2a: Clodsire\n|-damage|p2a: Clodsire|113/343\n|move|p2a: Clodsire|Recover|p2a: Clodsire\n|-heal|p2a: Clodsire|285/343\n|\n|-heal|p2a: Clodsire|306/343|[from] item: Leftovers\n|-damage|p1a: Toucannon|233/284 brn|[from] brn\n|upkeep\n|turn|32\n|\n|t:|1781381383\n|-singleturn|p1a: Toucannon|move: Beak Blast\n|move|p2a: Clodsire|Toxic||[still]\n|-fail|p2a: Clodsire\n|move|p1a: Toucannon|Beak Blast|p2a: Clodsire\n|-damage|p2a: Clodsire|207/343\n|\n|-heal|p2a: Clodsire|228/343|[from] item: Leftovers\n|-damage|p1a: Toucannon|216/284 brn|[from] brn\n|upkeep\n|turn|33\n|\n|t:|1781381389\n|-singleturn|p1a: Toucannon|move: Beak Blast\n|move|p2a: Clodsire|Recover|p2a: Clodsire\n|-heal|p2a: Clodsire|343/343\n|move|p1a: Toucannon|Beak Blast|p2a: Clodsire\n|-damage|p2a: Clodsire|254/343\n|\n|-heal|p2a: Clodsire|275/343|[from] item: Leftovers\n|-damage|p1a: Toucannon|199/284 brn|[from] brn\n|upkeep\n|turn|34\n|\n|t:|1781381393\n|-singleturn|p1a: Toucannon|move: Beak Blast\n|move|p2a: Clodsire|Earthquake|p1a: Toucannon\n|-immune|p1a: Toucannon\n|move|p1a: Toucannon|Beak Blast|p2a: Clodsire\n|-damage|p2a: Clodsire|181/343\n|\n|-heal|p2a: Clodsire|202/343|[from] item: Leftovers\n|-damage|p1a: Toucannon|182/284 brn|[from] brn\n|upkeep\n|turn|35\n|\n|t:|1781381397\n|-singleturn|p1a: Toucannon|move: Beak Blast\n|move|p2a: Clodsire|Recover|p2a: Clodsire\n|-heal|p2a: Clodsire|343/343\n|move|p1a: Toucannon|Beak Blast|p2a: Clodsire\n|-damage|p2a: Clodsire|243/343\n|\n|-heal|p2a: Clodsire|264/343|[from] item: Leftovers\n|-damage|p1a: Toucannon|165/284 brn|[from] brn\n|upkeep\n|turn|36\n|\n|t:|1781381401\n|move|p1a: Toucannon|Roost|p1a: Toucannon\n|-heal|p1a: Toucannon|284/284 brn\n|-singleturn|p1a: Toucannon|move: Roost\n|move|p2a: Clodsire|Earthquake|p1a: Toucannon\n|-damage|p1a: Toucannon|197/284 brn\n|\n|-heal|p2a: Clodsire|285/343|[from] item: Leftovers\n|-damage|p1a: Toucannon|180/284 brn|[from] brn\n|upkeep\n|turn|37\n|\n|t:|1781381404\n|-singleturn|p1a: Toucannon|move: Beak Blast\n|move|p2a: Clodsire|Earthquake|p1a: Toucannon\n|-immune|p1a: Toucannon\n|move|p1a: Toucannon|Beak Blast|p2a: Clodsire\n|-damage|p2a: Clodsire|187/343\n|\n|-heal|p2a: Clodsire|208/343|[from] item: Leftovers\n|-damage|p1a: Toucannon|163/284 brn|[from] brn\n|upkeep\n|turn|38\n|\n|t:|1781381408\n|move|p1a: Toucannon|Roost|p1a: Toucannon\n|-heal|p1a: Toucannon|284/284 brn\n|-singleturn|p1a: Toucannon|move: Roost\n|move|p2a: Clodsire|Earthquake|p1a: Toucannon\n|-damage|p1a: Toucannon|197/284 brn\n|\n|-heal|p2a: Clodsire|229/343|[from] item: Leftovers\n|-damage|p1a: Toucannon|180/284 brn|[from] brn\n|upkeep\n|turn|39\n|\n|t:|1781381412\n|move|p1a: Toucannon|Boomburst|p2a: Clodsire\n|-damage|p2a: Clodsire|106/343\n|move|p2a: Clodsire|Recover|p2a: Clodsire\n|-heal|p2a: Clodsire|278/343\n|\n|-heal|p2a: Clodsire|299/343|[from] item: Leftovers\n|-damage|p1a: Toucannon|163/284 brn|[from] brn\n|upkeep\n|turn|40\n|\n|t:|1781381414\n|move|p1a: Toucannon|Boomburst|p2a: Clodsire\n|-damage|p2a: Clodsire|179/343\n|move|p2a: Clodsire|Earthquake|p1a: Toucannon\n|-immune|p1a: Toucannon\n|\n|-heal|p2a: Clodsire|200/343|[from] item: Leftovers\n|-damage|p1a: Toucannon|146/284 brn|[from] brn\n|upkeep\n|turn|41\n|\n|t:|1781381418\n|move|p1a: Toucannon|Boomburst|p2a: Clodsire\n|-damage|p2a: Clodsire|80/343\n|move|p2a: Clodsire|Earthquake|p1a: Toucannon\n|-immune|p1a: Toucannon\n|\n|-heal|p2a: Clodsire|101/343|[from] item: Leftovers\n|-damage|p1a: Toucannon|129/284 brn|[from] brn\n|upkeep\n|turn|42\n|\n|t:|1781381420\n|move|p1a: Toucannon|Boomburst|p2a: Clodsire\n|-damage|p2a: Clodsire|0 fnt\n|faint|p2a: Clodsire\n|\n|win|sphealinalright\n", "uploadtime": 1781381009, "views": 9, "formatid": "gen9randombattle", "rating": null, "private": 0, "password": null}