{"id": "gen9randombattle-2631422145", "format": "[Gen 9] Random Battle", "players": ["Astrokid11", "Jgallo13"], "log": "|j|\u2606Astrokid11\n|j|\u2606Jgallo13\n|t:|1781382711\n|gametype|singles\n|player|p1|Astrokid11|102|1905\n|player|p2|Jgallo13|101|1867\n|gen|9\n|tier|[Gen 9] Random Battle\n|rated|\n|rule|Species Clause: Limit one of each Pok\u00e9mon\n|rule|HP Percentage Mod: HP is shown in percentages\n|rule|Sleep Clause Mod: Limit one foe put to sleep\n|rule|Illusion Level Mod: Illusion disguises the Pok\u00e9mon's true level\n|\n|t:|1781382711\n|teamsize|p1|6\n|teamsize|p2|6\n|start\n|switch|p1a: Metagross|Metagross, L79|256/256\n|switch|p2a: Iron Leaves|Iron Leaves, L80|275/275\n|turn|1\n|inactive|Battle timer is ON: inactive players will automatically lose when time's up. (requested by Jgallo13)\n|\n|t:|1781382717\n|move|p2a: Iron Leaves|Swords Dance|p2a: Iron Leaves\n|-boost|p2a: Iron Leaves|atk|2\n|move|p1a: Metagross|Knock Off|p2a: Iron Leaves\n|-supereffective|p2a: Iron Leaves\n|-damage|p2a: Iron Leaves|101/275\n|-enditem|p2a: Iron Leaves|Life Orb|[from] move: Knock Off|[of] p1a: Metagross\n|\n|upkeep\n|turn|2\n|\n|t:|1781382733\n|move|p2a: Iron Leaves|Close Combat|p1a: Metagross\n|-damage|p1a: Metagross|91/256\n|-unboost|p2a: Iron Leaves|def|1\n|-unboost|p2a: Iron Leaves|spd|1\n|move|p1a: Metagross|Agility|p1a: Metagross\n|-boost|p1a: Metagross|spe|2\n|\n|upkeep\n|turn|3\n|\n|t:|1781382741\n|-end|p2a: Iron Leaves|Quark Drive|[silent]\n|switch|p2a: Electivire|Electivire, L84, M|263/263\n|move|p1a: Metagross|Heavy Slam|p2a: Electivire\n|-resisted|p2a: Electivire\n|-damage|p2a: Electivire|200/263\n|\n|upkeep\n|turn|4\n|\n|t:|1781382744\n|move|p1a: Metagross|Earthquake|p2a: Electivire\n|-supereffective|p2a: Electivire\n|-damage|p2a: Electivire|0 fnt\n|faint|p2a: Electivire\n|\n|upkeep\n|\n|t:|1781382750\n|switch|p2a: Whimsicott|Whimsicott, L84, M|238/238\n|turn|5\n|\n|t:|1781382761\n|move|p2a: Whimsicott|Substitute|p2a: Whimsicott\n|-start|p2a: Whimsicott|Substitute\n|-damage|p2a: Whimsicott|179/238\n|move|p1a: Metagross|Heavy Slam|p2a: Whimsicott\n|-supereffective|p2a: Whimsicott\n|-end|p2a: Whimsicott|Substitute\n|\n|-heal|p2a: Whimsicott|193/238|[from] item: Leftovers\n|upkeep\n|turn|6\n|\n|t:|1781382769\n|switch|p2a: Wugtrio|Wugtrio, L91, F|212/212\n|move|p1a: Metagross|Heavy Slam|p2a: Wugtrio\n|-resisted|p2a: Wugtrio\n|-damage|p2a: Wugtrio|115/212\n|-ability|p2a: Wugtrio|Gooey\n|-fail|p1a: Metagross|unboost|[from] ability: Clear Body|[of] p1a: Metagross\n|\n|upkeep\n|turn|7\n|\n|t:|1781382784\n|switch|p2a: Whimsicott|Whimsicott, L84, M|193/238\n|move|p1a: Metagross|Knock Off|p2a: Whimsicott\n|-resisted|p2a: Whimsicott\n|-damage|p2a: Whimsicott|151/238\n|-enditem|p2a: Whimsicott|Leftovers|[from] move: Knock Off|[of] p1a: Metagross\n|\n|upkeep\n|turn|8\n|\n|t:|1781382790\n|move|p2a: Whimsicott|Encore|p1a: Metagross\n|-start|p1a: Metagross|Encore\n|move|p1a: Metagross|Knock Off|p2a: Whimsicott\n|-resisted|p2a: Whimsicott\n|-damage|p2a: Whimsicott|123/238\n|\n|upkeep\n|turn|9\n|\n|t:|1781382798\n|move|p2a: Whimsicott|Leech Seed|p1a: Metagross|[miss]\n|-miss|p2a: Whimsicott|p1a: Metagross\n|move|p1a: Metagross|Knock Off|p2a: Whimsicott\n|-resisted|p2a: Whimsicott\n|-crit|p2a: Whimsicott\n|-damage|p2a: Whimsicott|81/238\n|\n|upkeep\n|turn|10\n|\n|t:|1781382803\n|switch|p1a: Brambleghast|Brambleghast, L88, F|240/240\n|move|p2a: Whimsicott|Leech Seed|p1a: Brambleghast\n|-immune|p1a: Brambleghast\n|\n|upkeep\n|turn|11\n|\n|t:|1781382812\n|switch|p2a: Iron Leaves|Iron Leaves, L80|101/275\n|move|p1a: Brambleghast|Power Whip|p2a: Iron Leaves\n|-resisted|p2a: Iron Leaves\n|-damage|p2a: Iron Leaves|24/275\n|\n|upkeep\n|turn|12\n|\n|t:|1781382820\n|move|p2a: Iron Leaves|Psyblade|p1a: Brambleghast\n|-damage|p1a: Brambleghast|128/240\n|move|p1a: Brambleghast|Power Whip|p2a: Iron Leaves\n|-resisted|p2a: Iron Leaves\n|-damage|p2a: Iron Leaves|0 fnt\n|faint|p2a: Iron Leaves\n|-end|p2a: Iron Leaves|Quark Drive|[silent]\n|\n|-heal|p1a: Brambleghast|143/240|[from] item: Leftovers\n|upkeep\n|\n|t:|1781382826\n|switch|p2a: Wugtrio|Wugtrio, L91, F|115/212\n|turn|13\n|\n|t:|1781382830\n|switch|p1a: Dachsbun|Dachsbun, L92, F|254/254\n|move|p2a: Wugtrio|Throat Chop|p1a: Dachsbun\n|-resisted|p1a: Dachsbun\n|-damage|p1a: Dachsbun|215/254\n|-start|p1a: Dachsbun|Throat Chop|[silent]\n|\n|-heal|p1a: Dachsbun|230/254|[from] item: Leftovers\n|upkeep\n|turn|14\n|\n|t:|1781382838\n|switch|p2a: Jirachi|Jirachi, L80|291/291\n|move|p1a: Dachsbun|Yawn|p2a: Jirachi\n|-start|p2a: Jirachi|move: Yawn|[of] p1a: Dachsbun\n|\n|-heal|p1a: Dachsbun|245/254|[from] item: Leftovers\n|-end|p1a: Dachsbun|Throat Chop|[silent]\n|upkeep\n|turn|15\n|\n|t:|1781382844\n|move|p1a: Dachsbun|Wish|p1a: Dachsbun\n|move|p2a: Jirachi|U-turn|p1a: Dachsbun\n|-resisted|p1a: Dachsbun\n|-damage|p1a: Dachsbun|229/254\n|\n|t:|1781382848\n|switch|p2a: Whimsicott|Whimsicott, L84, M|81/238|[from] U-turn\n|\n|-heal|p1a: Dachsbun|244/254|[from] item: Leftovers\n|upkeep\n|turn|16\n|\n|t:|1781382852\n|switch|p1a: Metagross|Metagross, L79|91/256\n|move|p2a: Whimsicott|Leech Seed|p1a: Metagross\n|-start|p1a: Metagross|move: Leech Seed\n|\n|-heal|p1a: Metagross|218/256|[from] move: Wish|[wisher] Dachsbun\n|-damage|p1a: Metagross|186/256|[from] Leech Seed|[of] p2a: Whimsicott\n|-heal|p2a: Whimsicott|113/238|[silent]\n|upkeep\n|turn|17\n|\n|t:|1781382863\n|switch|p2a: Jirachi|Jirachi, L80|291/291\n|switch|p1a: Brambleghast|Brambleghast, L88, F|143/240\n|\n|-heal|p1a: Brambleghast|158/240|[from] item: Leftovers\n|upkeep\n|turn|18\n|\n|t:|1781382870\n|move|p1a: Brambleghast|Poltergeist|p2a: Jirachi\n|-activate|p2a: Jirachi|move: Poltergeist|Leftovers\n|-supereffective|p2a: Jirachi\n|-damage|p2a: Jirachi|21/291\n|move|p2a: Jirachi|Iron Head|p1a: Brambleghast\n|-damage|p1a: Brambleghast|62/240\n|\n|-heal|p1a: Brambleghast|77/240|[from] item: Leftovers\n|-heal|p2a: Jirachi|39/291|[from] item: Leftovers\n|upkeep\n|turn|19\n|\n|t:|1781382875\n|move|p1a: Brambleghast|Strength Sap|p2a: Jirachi\n|-unboost|p2a: Jirachi|atk|1\n|-heal|p1a: Brambleghast|240/240\n|move|p2a: Jirachi|Wish|p2a: Jirachi\n|\n|-heal|p2a: Jirachi|57/291|[from] item: Leftovers\n|upkeep\n|turn|20\n|\n|t:|1781382879\n|move|p2a: Jirachi|Protect|p2a: Jirachi\n|-singleturn|p2a: Jirachi|Protect\n|move|p1a: Brambleghast|Spikes|p2a: Jirachi\n|-sidestart|p2: Jgallo13|Spikes\n|\n|-heal|p2a: Jirachi|202/291|[from] move: Wish|[wisher] Jirachi\n|-heal|p2a: Jirachi|220/291|[from] item: Leftovers\n|upkeep\n|turn|21\n|\n|t:|1781382884\n|switch|p2a: Whimsicott|Whimsicott, L84, M|113/238\n|-damage|p2a: Whimsicott|84/238|[from] Spikes\n|move|p1a: Brambleghast|Spikes|p2a: Whimsicott\n|-sidestart|p2: Jgallo13|Spikes\n|\n|upkeep\n|turn|22\n|\n|t:|1781382887\n|move|p2a: Whimsicott|Encore|p1a: Brambleghast\n|-start|p1a: Brambleghast|Encore\n|move|p1a: Brambleghast|Spikes|p2a: Whimsicott\n|-sidestart|p2: Jgallo13|Spikes\n|\n|upkeep\n|turn|23\n|\n|t:|1781382893\n|switch|p1a: Metagross|Metagross, L79|186/256\n|move|p2a: Whimsicott|Leech Seed|p1a: Metagross\n|-start|p1a: Metagross|move: Leech Seed\n|\n|-damage|p1a: Metagross|154/256|[from] Leech Seed|[of] p2a: Whimsicott\n|-heal|p2a: Whimsicott|116/238|[silent]\n|upkeep\n|turn|24\n|\n|t:|1781382899\n|switch|p1a: Brambleghast|Brambleghast, L88, F|240/240\n|move|p2a: Whimsicott|Substitute|p2a: Whimsicott\n|-start|p2a: Whimsicott|Substitute\n|-damage|p2a: Whimsicott|57/238\n|\n|upkeep\n|turn|25\n|\n|t:|1781382904\n|move|p2a: Whimsicott|Moonblast|p1a: Brambleghast\n|-damage|p1a: Brambleghast|140/240\n|move|p1a: Brambleghast|Power Whip|p2a: Whimsicott|[miss]\n|-miss|p1a: Brambleghast|p2a: Whimsicott\n|\n|-heal|p1a: Brambleghast|155/240|[from] item: Leftovers\n|upkeep\n|turn|26\n|\n|t:|1781382916\n|switch|p1a: Dachsbun|Dachsbun, L92, F|244/254\n|move|p2a: Whimsicott|Moonblast|p1a: Dachsbun\n|-damage|p1a: Dachsbun|153/254\n|\n|-heal|p1a: Dachsbun|168/254|[from] item: Leftovers\n|upkeep\n|turn|27\n|\n|t:|1781382924\n|move|p2a: Whimsicott|Moonblast|p1a: Dachsbun\n|-damage|p1a: Dachsbun|83/254\n|-unboost|p1a: Dachsbun|spa|1\n|move|p1a: Dachsbun|Wish|p1a: Dachsbun\n|\n|-heal|p1a: Dachsbun|98/254|[from] item: Leftovers\n|upkeep\n|turn|28\n|\n|t:|1781382938\n|switch|p1a: Metagross|Metagross, L79|154/256\n|move|p2a: Whimsicott|Moonblast|p1a: Metagross\n|-resisted|p1a: Metagross\n|-damage|p1a: Metagross|111/256\n|\n|-heal|p1a: Metagross|238/256|[from] move: Wish|[wisher] Dachsbun\n|upkeep\n|turn|29\n|\n|t:|1781382947\n|move|p2a: Whimsicott|Leech Seed|p1a: Metagross\n|-start|p1a: Metagross|move: Leech Seed\n|move|p1a: Metagross|Heavy Slam|p2a: Whimsicott\n|-supereffective|p2a: Whimsicott\n|-end|p2a: Whimsicott|Substitute\n|\n|-damage|p1a: Metagross|206/256|[from] Leech Seed|[of] p2a: Whimsicott\n|-heal|p2a: Whimsicott|89/238|[silent]\n|upkeep\n|turn|30\n|\n|t:|1781382961\n|switch|p2a: Jirachi|Jirachi, L80|220/291\n|-damage|p2a: Jirachi|148/291|[from] Spikes\n|move|p1a: Metagross|Heavy Slam|p2a: Jirachi\n|-resisted|p2a: Jirachi\n|-damage|p2a: Jirachi|79/291\n|\n|-heal|p2a: Jirachi|97/291|[from] item: Leftovers\n|-damage|p1a: Metagross|174/256|[from] Leech Seed|[of] p2a: Jirachi\n|-heal|p2a: Jirachi|129/291|[silent]\n|upkeep\n|turn|31\n|\n|t:|1781382965\n|move|p2a: Jirachi|Wish|p2a: Jirachi\n|move|p1a: Metagross|Earthquake|p2a: Jirachi\n|-supereffective|p2a: Jirachi\n|-damage|p2a: Jirachi|0 fnt\n|faint|p2a: Jirachi\n|\n|upkeep\n|\n|t:|1781382980\n|switch|p2a: Whimsicott|Whimsicott, L84, M|89/238\n|-damage|p2a: Whimsicott|30/238|[from] Spikes\n|turn|32\n|\n|t:|1781382996\n|move|p2a: Whimsicott|Encore|p1a: Metagross\n|-start|p1a: Metagross|Encore\n|move|p1a: Metagross|Earthquake|p2a: Whimsicott\n|-resisted|p2a: Whimsicott\n|-damage|p2a: Whimsicott|0 fnt\n|faint|p2a: Whimsicott\n|\n|upkeep\n|\n|t:|1781382999\n|switch|p2a: Wugtrio|Wugtrio, L91, F|115/212\n|-damage|p2a: Wugtrio|62/212|[from] Spikes\n|turn|33\n|\n|t:|1781383009\n|move|p2a: Wugtrio|Liquidation|p1a: Metagross\n|-damage|p1a: Metagross|48/256\n|move|p1a: Metagross|Earthquake|p2a: Wugtrio\n|-damage|p2a: Wugtrio|0 fnt\n|faint|p2a: Wugtrio\n|\n|upkeep\n|\n|t:|1781383016\n|switch|p2a: Arcanine|Arcanine-Hisui, L79, M|279/279\n|-damage|p2a: Arcanine|210/279|[from] Spikes\n|turn|34\n|\n|t:|1781383023\n|switch|p1a: Dachsbun|Dachsbun, L92, F|98/254\n|move|p2a: Arcanine|Head Smash|p1a: Dachsbun\n|-damage|p1a: Dachsbun|0 fnt\n|faint|p1a: Dachsbun\n|\n|upkeep\n|\n|t:|1781383039\n|switch|p1a: Brambleghast|Brambleghast, L88, F|155/240\n|turn|35\n|\n|t:|1781383044\n|-terastallize|p2a: Arcanine|Fire\n|move|p1a: Brambleghast|Strength Sap|p2a: Arcanine\n|-unboost|p2a: Arcanine|atk|1\n|-heal|p1a: Brambleghast|240/240\n|move|p2a: Arcanine|Head Smash|p1a: Brambleghast\n|-damage|p1a: Brambleghast|62/240\n|\n|-heal|p1a: Brambleghast|77/240|[from] item: Leftovers\n|upkeep\n|turn|36\n|-message|Jgallo13 forfeited.\n|\n|win|Astrokid11\n|raw|Astrokid11's rating: 1905 &rarr; <strong>1923</strong><br />(+18 for winning)\n|raw|Jgallo13's rating: 1867 &rarr; <strong>1849</strong><br />(-18 for losing)\n", "uploadtime": 1781383052, "views": 8, "formatid": "gen9randombattle", "rating": 1849, "private": 0, "password": null}