{"id": "gen9randombattle-2631656238", "format": "[Gen 9] Random Battle", "players": ["bluesun000", "demoivrestheorem"], "log": "|j|\u2606bluesun000\n|j|\u2606demoivrestheorem\n|t:|1781415991\n|gametype|singles\n|player|p1|bluesun000|palmer|1921\n|player|p2|demoivrestheorem|richboy|1989\n|gen|9\n|tier|[Gen 9] Random Battle\n|rated|\n|rule|Species Clause: Limit one of each Pok\u00e9mon\n|rule|HP Percentage Mod: HP is shown in percentages\n|rule|Sleep Clause Mod: Limit one foe put to sleep\n|rule|Illusion Level Mod: Illusion disguises the Pok\u00e9mon's true level\n|\n|t:|1781415991\n|teamsize|p1|6\n|teamsize|p2|6\n|start\n|switch|p1a: Uxie|Uxie, L83|260/260\n|switch|p2a: Solgaleo|Solgaleo, L74|325/325\n|turn|1\n|inactive|Battle timer is ON: inactive players will automatically lose when time's up. (requested by demoivrestheorem)\n|inactive|bluesun000 also wants the timer to be on.\n|\n|t:|1781416009\n|move|p1a: Uxie|Knock Off|p2a: Solgaleo\n|-supereffective|p2a: Solgaleo\n|-damage|p2a: Solgaleo|205/325\n|-damage|p1a: Uxie|217/260|[from] item: Rocky Helmet|[of] p2a: Solgaleo\n|-enditem|p2a: Solgaleo|Rocky Helmet|[from] move: Knock Off|[of] p1a: Uxie\n|move|p2a: Solgaleo|Sunsteel Strike|p1a: Uxie\n|-crit|p1a: Uxie\n|-damage|p1a: Uxie|93/260\n|\n|-heal|p1a: Uxie|109/260|[from] item: Leftovers\n|upkeep\n|turn|2\n|\n|t:|1781416027\n|move|p1a: Uxie|Stealth Rock|p2a: Solgaleo\n|-sidestart|p2: demoivrestheorem|move: Stealth Rock\n|move|p2a: Solgaleo|Morning Sun|p2a: Solgaleo\n|-heal|p2a: Solgaleo|325/325\n|\n|-heal|p1a: Uxie|125/260|[from] item: Leftovers\n|upkeep\n|turn|3\n|\n|t:|1781416032\n|move|p1a: Uxie|Encore|p2a: Solgaleo\n|-start|p2a: Solgaleo|Encore\n|move|p2a: Solgaleo|Morning Sun|p2a: Solgaleo\n|-fail|p2a: Solgaleo|heal\n|\n|-heal|p1a: Uxie|141/260|[from] item: Leftovers\n|upkeep\n|turn|4\n|\n|t:|1781416037\n|switch|p2a: Torkoal|Torkoal, L88, M|266/266\n|-weather|SunnyDay|[from] ability: Drought|[of] p2a: Torkoal\n|move|p1a: Uxie|Knock Off|p2a: Torkoal\n|-damage|p2a: Torkoal|227/266\n|-enditem|p2a: Torkoal|Heavy-Duty Boots|[from] move: Knock Off|[of] p1a: Uxie\n|\n|-weather|SunnyDay|[upkeep]\n|-heal|p1a: Uxie|157/260|[from] item: Leftovers\n|upkeep\n|turn|5\n|\n|t:|1781416052\n|switch|p1a: Armarouge|Armarouge, L80, M|267/267\n|move|p2a: Torkoal|Stealth Rock|p1a: Armarouge\n|-sidestart|p1: bluesun000|move: Stealth Rock\n|\n|-weather|SunnyDay|[upkeep]\n|upkeep\n|turn|6\n|\n|t:|1781416062\n|move|p1a: Armarouge|Meteor Beam||[still]\n|-prepare|p1a: Armarouge|Meteor Beam\n|-boost|p1a: Armarouge|spa|1\n|-enditem|p1a: Armarouge|Power Herb\n|-anim|p1a: Armarouge|Meteor Beam|p2a: Torkoal\n|-supereffective|p2a: Torkoal\n|-damage|p2a: Torkoal|0 fnt\n|faint|p2a: Torkoal\n|\n|-weather|SunnyDay|[upkeep]\n|upkeep\n|\n|t:|1781416080\n|switch|p2a: Flareon|Flareon, L90, M|263/263\n|-damage|p2a: Flareon|198/263|[from] Stealth Rock\n|turn|7\n|inactive|bluesun000 has 120 seconds left.\n|\n|t:|1781416118\n|move|p2a: Flareon|Flare Blitz|p1a: Armarouge\n|-resisted|p1a: Armarouge\n|-damage|p1a: Armarouge|131/267\n|-ability|p1a: Armarouge|Weak Armor|boost\n|-unboost|p1a: Armarouge|def|1\n|-boost|p1a: Armarouge|spe|2\n|-damage|p2a: Flareon|153/263|[from] Recoil\n|move|p1a: Armarouge|Meteor Beam||[still]\n|-prepare|p1a: Armarouge|Meteor Beam\n|-boost|p1a: Armarouge|spa|1\n|\n|-weather|SunnyDay|[upkeep]\n|-status|p2a: Flareon|tox|[from] item: Toxic Orb\n|upkeep\n|turn|8\n|inactive|bluesun000 has 120 seconds left.\n|\n|t:|1781416132\n|move|p1a: Armarouge|Meteor Beam|p2a: Flareon|[from] lockedmove|[miss]\n|-miss|p1a: Armarouge|p2a: Flareon\n|move|p2a: Flareon|Flare Blitz|p1a: Armarouge\n|-resisted|p1a: Armarouge\n|-damage|p1a: Armarouge|0 fnt\n|faint|p1a: Armarouge\n|-damage|p2a: Flareon|110/263 tox|[from] Recoil\n|\n|-weather|none\n|-damage|p2a: Flareon|94/263 tox|[from] psn\n|upkeep\n|inactive|bluesun000 has 120 seconds left.\n|\n|t:|1781416149\n|switch|p1a: Feraligatr|Feraligatr, L79, F|264/264\n|-damage|p1a: Feraligatr|231/264|[from] Stealth Rock\n|turn|9\n|\n|t:|1781416155\n|move|p1a: Feraligatr|Liquidation|p2a: Flareon\n|-supereffective|p2a: Flareon\n|-damage|p2a: Flareon|0 fnt\n|faint|p2a: Flareon\n|\n|upkeep\n|\n|t:|1781416163\n|switch|p2a: Sinistcha|Sinistcha-Masterpiece, L83|254/254\n|-damage|p2a: Sinistcha|223/254|[from] Stealth Rock\n|turn|10\n|inactive|bluesun000 has 120 seconds left.\n|\n|t:|1781416188\n|-terastallize|p1a: Feraligatr|Dark\n|move|p1a: Feraligatr|Crunch|p2a: Sinistcha\n|-supereffective|p2a: Sinistcha\n|-damage|p2a: Sinistcha|0 fnt\n|faint|p2a: Sinistcha\n|\n|upkeep\n|\n|t:|1781416202\n|switch|p2a: Great Tusk|Great Tusk, L77|304/304\n|-damage|p2a: Great Tusk|295/304|[from] Stealth Rock\n|-enditem|p2a: Great Tusk|Booster Energy\n|-activate|p2a: Great Tusk|ability: Protosynthesis|[fromitem]\n|-start|p2a: Great Tusk|protosynthesisatk\n|turn|11\n|inactive|bluesun000 has 120 seconds left.\n|\n|t:|1781416210\n|move|p2a: Great Tusk|Close Combat|p1a: Feraligatr\n|-supereffective|p1a: Feraligatr\n|-damage|p1a: Feraligatr|0 fnt\n|-unboost|p2a: Great Tusk|def|1\n|-unboost|p2a: Great Tusk|spd|1\n|faint|p1a: Feraligatr\n|\n|upkeep\n|inactive|bluesun000 has 120 seconds left.\n|\n|t:|1781416228\n|switch|p1a: Uxie|Uxie, L83|157/260\n|-damage|p1a: Uxie|125/260|[from] Stealth Rock\n|turn|12\n|\n|t:|1781416234\n|-end|p2a: Great Tusk|Protosynthesis|[silent]\n|switch|p2a: Solgaleo|Solgaleo, L74|325/325\n|-damage|p2a: Solgaleo|305/325|[from] Stealth Rock\n|move|p1a: Uxie|Psychic Noise|p2a: Solgaleo\n|-resisted|p2a: Solgaleo\n|-damage|p2a: Solgaleo|287/325\n|-start|p2a: Solgaleo|move: Heal Block\n|\n|-heal|p1a: Uxie|141/260|[from] item: Leftovers\n|upkeep\n|turn|13\n|\n|t:|1781416240\n|move|p1a: Uxie|Knock Off|p2a: Solgaleo\n|-supereffective|p2a: Solgaleo\n|-damage|p2a: Solgaleo|213/325\n|move|p2a: Solgaleo|Sunsteel Strike|p1a: Uxie\n|-damage|p1a: Uxie|53/260\n|\n|-heal|p1a: Uxie|69/260|[from] item: Leftovers\n|-end|p2a: Solgaleo|move: Heal Block\n|upkeep\n|turn|14\n|\n|t:|1781416250\n|move|p1a: Uxie|Knock Off|p2a: Solgaleo\n|-supereffective|p2a: Solgaleo\n|-damage|p2a: Solgaleo|137/325\n|move|p2a: Solgaleo|Sunsteel Strike|p1a: Uxie\n|-damage|p1a: Uxie|0 fnt\n|faint|p1a: Uxie\n|\n|upkeep\n|\n|t:|1781416262\n|switch|p1a: Toucannon|Toucannon, L88, F|284/284\n|turn|15\n|\n|t:|1781416267\n|-singleturn|p1a: Toucannon|move: Beak Blast\n|move|p2a: Solgaleo|Morning Sun|p2a: Solgaleo\n|-heal|p2a: Solgaleo|299/325\n|move|p1a: Toucannon|Beak Blast|p2a: Solgaleo\n|-resisted|p2a: Solgaleo\n|-damage|p2a: Solgaleo|231/325\n|\n|upkeep\n|turn|16\n|\n|t:|1781416273\n|move|p2a: Solgaleo|Morning Sun|p2a: Solgaleo\n|-heal|p2a: Solgaleo|325/325\n|move|p1a: Toucannon|Knock Off|p2a: Solgaleo\n|-supereffective|p2a: Solgaleo\n|-damage|p2a: Solgaleo|201/325\n|\n|upkeep\n|turn|17\n|\n|t:|1781416281\n|-singleturn|p1a: Toucannon|move: Beak Blast\n|move|p2a: Solgaleo|Morning Sun|p2a: Solgaleo\n|-heal|p2a: Solgaleo|325/325\n|move|p1a: Toucannon|Beak Blast|p2a: Solgaleo\n|-resisted|p2a: Solgaleo\n|-damage|p2a: Solgaleo|262/325\n|\n|upkeep\n|turn|18\n|\n|t:|1781416299\n|move|p2a: Solgaleo|Sunsteel Strike|p1a: Toucannon\n|-damage|p1a: Toucannon|169/284\n|move|p1a: Toucannon|Knock Off|p2a: Solgaleo\n|-supereffective|p2a: Solgaleo\n|-damage|p2a: Solgaleo|152/325\n|\n|upkeep\n|turn|19\n|\n|t:|1781416305\n|move|p2a: Solgaleo|Sunsteel Strike|p1a: Toucannon\n|-damage|p1a: Toucannon|51/284\n|move|p1a: Toucannon|Knock Off|p2a: Solgaleo\n|-supereffective|p2a: Solgaleo\n|-damage|p2a: Solgaleo|26/325\n|\n|upkeep\n|turn|20\n|\n|t:|1781416310\n|-singleturn|p1a: Toucannon|move: Beak Blast\n|move|p2a: Solgaleo|Sunsteel Strike|p1a: Toucannon\n|-damage|p1a: Toucannon|0 fnt\n|-status|p2a: Solgaleo|brn\n|faint|p1a: Toucannon\n|\n|-damage|p2a: Solgaleo|6/325 brn|[from] brn\n|upkeep\n|\n|t:|1781416322\n|switch|p1a: Maushold|Maushold, L76|238/238\n|-damage|p1a: Maushold|209/238|[from] Stealth Rock\n|turn|21\n|\n|t:|1781416350\n|move|p1a: Maushold|Tidy Up|p1a: Maushold\n|-sideend|p1: bluesun000|Stealth Rock\n|-sideend|p2: demoivrestheorem|Stealth Rock\n|-activate|p1a: Maushold|move: Tidy Up\n|-boost|p1a: Maushold|atk|1\n|-boost|p1a: Maushold|spe|1\n|move|p2a: Solgaleo|Close Combat|p1a: Maushold\n|-supereffective|p1a: Maushold\n|-damage|p1a: Maushold|87/238\n|-unboost|p2a: Solgaleo|def|1\n|-unboost|p2a: Solgaleo|spd|1\n|\n|-damage|p2a: Solgaleo|0 fnt|[from] brn\n|faint|p2a: Solgaleo\n|upkeep\n|\n|t:|1781416360\n|switch|p2a: Great Tusk|Great Tusk, L77|295/304\n|turn|22\n|\n|t:|1781416369\n|-terastallize|p2a: Great Tusk|Steel\n|move|p1a: Maushold|Population Bomb|p2a: Great Tusk\n|-resisted|p2a: Great Tusk\n|-damage|p2a: Great Tusk|281/304\n|-resisted|p2a: Great Tusk\n|-damage|p2a: Great Tusk|266/304\n|-resisted|p2a: Great Tusk\n|-damage|p2a: Great Tusk|254/304\n|-resisted|p2a: Great Tusk\n|-damage|p2a: Great Tusk|239/304\n|-resisted|p2a: Great Tusk\n|-damage|p2a: Great Tusk|226/304\n|-resisted|p2a: Great Tusk\n|-damage|p2a: Great Tusk|214/304\n|-resisted|p2a: Great Tusk\n|-damage|p2a: Great Tusk|201/304\n|-resisted|p2a: Great Tusk\n|-damage|p2a: Great Tusk|187/304\n|-resisted|p2a: Great Tusk\n|-damage|p2a: Great Tusk|173/304\n|-resisted|p2a: Great Tusk\n|-damage|p2a: Great Tusk|160/304\n|-hitcount|p2a: Great Tusk|10\n|move|p2a: Great Tusk|Close Combat|p1a: Maushold\n|-supereffective|p1a: Maushold\n|-damage|p1a: Maushold|0 fnt\n|-unboost|p2a: Great Tusk|def|1\n|-unboost|p2a: Great Tusk|spd|1\n|faint|p1a: Maushold\n|\n|upkeep\n|\n|t:|1781416373\n|switch|p1a: Weezing|Weezing, L88, F|258/258\n|turn|23\n|\n|t:|1781416384\n|move|p2a: Great Tusk|Close Combat|p1a: Weezing\n|-resisted|p1a: Weezing\n|-damage|p1a: Weezing|210/258\n|-unboost|p2a: Great Tusk|def|1\n|-unboost|p2a: Great Tusk|spd|1\n|move|p1a: Weezing|Fire Blast|p2a: Great Tusk\n|-supereffective|p2a: Great Tusk\n|-damage|p2a: Great Tusk|0 fnt\n|faint|p2a: Great Tusk\n|-end|p2a: Great Tusk|Protosynthesis|[silent]\n|\n|-heal|p1a: Weezing|226/258|[from] item: Leftovers\n|upkeep\n|\n|t:|1781416387\n|switch|p2a: Crabominable|Crabominable, L90, F|321/321\n|turn|24\n|\n|t:|1781416400\n|move|p1a: Weezing|Fire Blast|p2a: Crabominable\n|-supereffective|p2a: Crabominable\n|-damage|p2a: Crabominable|141/321\n|move|p2a: Crabominable|Ice Hammer|p1a: Weezing\n|-damage|p1a: Weezing|25/258\n|-unboost|p2a: Crabominable|spe|1\n|\n|-heal|p1a: Weezing|41/258|[from] item: Leftovers\n|upkeep\n|turn|25\n|\n|t:|1781416409\n|move|p1a: Weezing|Fire Blast|p2a: Crabominable\n|-supereffective|p2a: Crabominable\n|-damage|p2a: Crabominable|0 fnt\n|faint|p2a: Crabominable\n|\n|win|bluesun000\n|raw|bluesun000's rating: 1921 &rarr; <strong>1945</strong><br />(+24 for winning)\n|raw|demoivrestheorem's rating: 1989 &rarr; <strong>1965</strong><br />(-24 for losing)\n", "uploadtime": 1781415994, "views": 3, "formatid": "gen9randombattle", "rating": 1945, "private": 0, "password": null}