{"id": "gen9randombattle-2631409030", "format": "[Gen 9] Random Battle", "players": ["BlueRay_04", "qiuescent"], "log": "|j|\u2606BlueRay_04\n|j|\u203dqiuescent\n|t:|1781381143\n|gametype|singles\n|player|p1|BlueRay_04|bianca|2128\n|player|p2|qiuescent|265|2245\n|gen|9\n|tier|[Gen 9] Random Battle\n|rated|\n|rule|Species Clause: Limit one of each Pok\u00e9mon\n|rule|HP Percentage Mod: HP is shown in percentages\n|rule|Sleep Clause Mod: Limit one foe put to sleep\n|rule|Illusion Level Mod: Illusion disguises the Pok\u00e9mon's true level\n|\n|t:|1781381143\n|teamsize|p1|6\n|teamsize|p2|6\n|start\n|switch|p1a: Armarouge|Armarouge, L80, F|267/267\n|switch|p2a: Espathra|Espathra, L80, F|283/283\n|turn|1\n|inactive|Battle timer is ON: inactive players will automatically lose when time's up. (requested by BlueRay_04)\n|\n|t:|1781381152\n|move|p2a: Espathra|Shadow Ball|p1a: Armarouge\n|-supereffective|p1a: Armarouge\n|-damage|p1a: Armarouge|93/267\n|move|p1a: Armarouge|Armor Cannon|p2a: Espathra\n|-damage|p2a: Espathra|0 fnt\n|-unboost|p1a: Armarouge|def|1\n|-unboost|p1a: Armarouge|spd|1\n|faint|p2a: Espathra\n|\n|upkeep\n|\n|t:|1781381156\n|switch|p2a: Inteleon|Inteleon, L81, F|246/246\n|turn|2\n|\n|t:|1781381162\n|switch|p1a: Lanturn|Lanturn, L89, F|367/367\n|move|p2a: Inteleon|Scald|p1a: Lanturn\n|-resisted|p1a: Lanturn\n|-damage|p1a: Lanturn|296/367\n|-status|p1a: Lanturn|brn\n|\n|-heal|p1a: Lanturn|318/367 brn|[from] item: Leftovers\n|-damage|p1a: Lanturn|296/367 brn|[from] brn\n|upkeep\n|turn|3\n|\n|t:|1781381173\n|switch|p2a: Plusle|Plusle, L95, M|268/268\n|move|p1a: Lanturn|Thunder Wave|p2a: Plusle\n|-ability|p2a: Plusle|Lightning Rod|boost\n|-boost|p2a: Plusle|spa|1\n|\n|-heal|p1a: Lanturn|318/367 brn|[from] item: Leftovers\n|-damage|p1a: Lanturn|296/367 brn|[from] brn\n|upkeep\n|turn|4\n|\n|t:|1781381190\n|switch|p1a: Floatzel|Floatzel, L86, F|286/286\n|move|p2a: Plusle|Nasty Plot|p2a: Plusle\n|-boost|p2a: Plusle|spa|2\n|\n|upkeep\n|turn|5\n|\n|t:|1781381194\n|move|p1a: Floatzel|Wave Crash|p2a: Plusle\n|-damage|p2a: Plusle|0 fnt\n|faint|p2a: Plusle\n|-damage|p1a: Floatzel|198/286|[from] Recoil\n|\n|upkeep\n|\n|t:|1781381200\n|switch|p2a: Salamence|Salamence, L77, F|273/273\n|-ability|p2a: Salamence|Intimidate|boost\n|-unboost|p1a: Floatzel|atk|1\n|turn|6\n|\n|t:|1781381204\n|switch|p1a: Groudon|Groudon, L72|263/263\n|-weather|SunnyDay|[from] ability: Drought|[of] p1a: Groudon\n|move|p2a: Salamence|Dragon Dance|p2a: Salamence\n|-boost|p2a: Salamence|atk|1\n|-boost|p2a: Salamence|spe|1\n|\n|-weather|SunnyDay|[upkeep]\n|upkeep\n|turn|7\n|\n|t:|1781381210\n|-terastallize|p2a: Salamence|Ground\n|move|p2a: Salamence|Earthquake|p1a: Groudon\n|-damage|p1a: Groudon|115/263\n|move|p1a: Groudon|Roar|p2a: Salamence\n|drag|p2a: Delibird|Delibird, M|252/252\n|\n|-weather|SunnyDay|[upkeep]\n|-heal|p1a: Groudon|131/263|[from] item: Leftovers\n|upkeep\n|turn|8\n|\n|t:|1781381226\n|switch|p1a: Galvantula|Galvantula, L82, M|249/249\n|move|p2a: Delibird|Ice Spinner|p1a: Galvantula\n|-damage|p1a: Galvantula|83/249\n|\n|-weather|SunnyDay|[upkeep]\n|upkeep\n|turn|9\n|\n|t:|1781381236\n|switch|p2a: Rhyperior|Rhyperior, L82, F|323/323\n|move|p1a: Galvantula|Thunder|p2a: Rhyperior\n|-immune|p2a: Rhyperior\n|\n|-weather|SunnyDay|[upkeep]\n|upkeep\n|turn|10\n|\n|t:|1781381239\n|move|p1a: Galvantula|Sticky Web|p2a: Rhyperior\n|-sidestart|p2: qiuescent|move: Sticky Web\n|move|p2a: Rhyperior|Earthquake|p1a: Galvantula\n|-damage|p1a: Galvantula|0 fnt\n|faint|p1a: Galvantula\n|\n|-weather|none\n|upkeep\n|\n|t:|1781381243\n|switch|p1a: Lanturn|Lanturn, L89, F|296/367 brn\n|turn|11\n|\n|t:|1781381248\n|move|p1a: Lanturn|Scald|p2a: Rhyperior\n|-supereffective|p2a: Rhyperior\n|-damage|p2a: Rhyperior|98/323\n|-status|p2a: Rhyperior|brn\n|move|p2a: Rhyperior|Earthquake|p1a: Lanturn\n|-supereffective|p1a: Lanturn\n|-damage|p1a: Lanturn|128/367 brn\n|\n|-heal|p1a: Lanturn|150/367 brn|[from] item: Leftovers\n|-damage|p1a: Lanturn|128/367 brn|[from] brn\n|-damage|p2a: Rhyperior|78/323 brn|[from] brn\n|upkeep\n|turn|12\n|\n|t:|1781381258\n|move|p1a: Lanturn|Scald|p2a: Rhyperior\n|-supereffective|p2a: Rhyperior\n|-damage|p2a: Rhyperior|0 fnt\n|faint|p2a: Rhyperior\n|\n|-heal|p1a: Lanturn|150/367 brn|[from] item: Leftovers\n|-damage|p1a: Lanturn|128/367 brn|[from] brn\n|upkeep\n|\n|t:|1781381274\n|switch|p2a: Salamence|Salamence, L77, F, tera:Ground|273/273\n|-ability|p2a: Salamence|Intimidate|boost\n|-unboost|p1a: Lanturn|atk|1\n|turn|13\n|\n|t:|1781381279\n|move|p2a: Salamence|Earthquake|p1a: Lanturn\n|-supereffective|p1a: Lanturn\n|-damage|p1a: Lanturn|0 fnt\n|faint|p1a: Lanturn\n|\n|upkeep\n|\n|t:|1781381282\n|switch|p1a: Floatzel|Floatzel, L86, F|198/286\n|turn|14\n|\n|t:|1781381285\n|switch|p2a: Inteleon|Inteleon, L81, F|246/246\n|-activate|p2a: Inteleon|move: Sticky Web\n|-unboost|p2a: Inteleon|spe|1\n|move|p1a: Floatzel|Wave Crash|p2a: Inteleon\n|-resisted|p2a: Inteleon\n|-damage|p2a: Inteleon|101/246\n|-damage|p1a: Floatzel|150/286|[from] Recoil\n|\n|upkeep\n|turn|15\n|\n|t:|1781381291\n|move|p1a: Floatzel|Wave Crash|p2a: Inteleon\n|-resisted|p2a: Inteleon\n|-damage|p2a: Inteleon|0 fnt\n|faint|p2a: Inteleon\n|-damage|p1a: Floatzel|117/286|[from] Recoil\n|\n|upkeep\n|\n|t:|1781381292\n|switch|p2a: Salamence|Salamence, L77, F, tera:Ground|273/273\n|-ability|p2a: Salamence|Intimidate|boost\n|-unboost|p1a: Floatzel|atk|1\n|turn|16\n|\n|t:|1781381296\n|switch|p2a: Delibird|Delibird, M|252/252\n|-terastallize|p1a: Floatzel|Water\n|move|p1a: Floatzel|Wave Crash|p2a: Delibird\n|-damage|p2a: Delibird|0 fnt\n|faint|p2a: Delibird\n|-damage|p1a: Floatzel|34/286|[from] Recoil\n|\n|upkeep\n|\n|t:|1781381297\n|switch|p2a: Salamence|Salamence, L77, F, tera:Ground|273/273\n|-ability|p2a: Salamence|Intimidate|boost\n|-unboost|p1a: Floatzel|atk|1\n|turn|17\n|\n|t:|1781381299\n|move|p1a: Floatzel|Wave Crash|p2a: Salamence\n|-supereffective|p2a: Salamence\n|-damage|p2a: Salamence|0 fnt\n|faint|p2a: Salamence\n|-damage|p1a: Floatzel|0 fnt|[from] Recoil\n|faint|p1a: Floatzel\n|\n|win|BlueRay_04\n", "uploadtime": 1781381145, "views": 9, "formatid": "gen9randombattle", "rating": null, "private": 0, "password": null}