{"id": "gen9randombattle-2632018868", "format": "[Gen 9] Random Battle", "players": ["General Nova64", "LewisBavin"], "log": "|j|\u2606General Nova64\n|j|\u2606LewisBavin\n|t:|1781466559\n|gametype|singles\n|player|p1|General Nova64|265|2188\n|player|p2|LewisBavin|265|2154\n|gen|9\n|tier|[Gen 9] Random Battle\n|rated|\n|rule|Species Clause: Limit one of each Pok\u00e9mon\n|rule|HP Percentage Mod: HP is shown in percentages\n|rule|Sleep Clause Mod: Limit one foe put to sleep\n|rule|Illusion Level Mod: Illusion disguises the Pok\u00e9mon's true level\n|\n|t:|1781466559\n|teamsize|p1|6\n|teamsize|p2|6\n|start\n|switch|p1a: Bronzong|Bronzong, L88|261/261\n|switch|p2a: Landorus|Landorus, L75, M|257/257\n|turn|1\n|inactive|Battle timer is ON: inactive players will automatically lose when time's up. (requested by LewisBavin)\n|\n|t:|1781466567\n|move|p2a: Landorus|Focus Blast|p1a: Bronzong\n|-damage|p1a: Bronzong|157/261\n|move|p1a: Bronzong|Iron Defense|p1a: Bronzong\n|-boost|p1a: Bronzong|def|2\n|\n|-heal|p1a: Bronzong|173/261|[from] item: Leftovers\n|upkeep\n|turn|2\n|\n|t:|1781466578\n|move|p2a: Landorus|Focus Blast|p1a: Bronzong\n|-damage|p1a: Bronzong|66/261\n|move|p1a: Bronzong|Iron Head|p2a: Landorus\n|-damage|p2a: Landorus|152/257\n|\n|-heal|p1a: Bronzong|82/261|[from] item: Leftovers\n|upkeep\n|turn|3\n|\n|t:|1781466585\n|move|p2a: Landorus|Focus Blast|p1a: Bronzong\n|-damage|p1a: Bronzong|0 fnt\n|faint|p1a: Bronzong\n|\n|upkeep\n|\n|t:|1781466589\n|switch|p1a: Charizard|Charizard, L85, M|271/271\n|turn|4\n|\n|t:|1781466593\n|move|p1a: Charizard|Hurricane|p2a: Landorus|[miss]\n|-miss|p1a: Charizard|p2a: Landorus\n|move|p2a: Landorus|Rock Slide|p1a: Charizard\n|-supereffective|p1a: Charizard\n|-damage|p1a: Charizard|0 fnt\n|faint|p1a: Charizard\n|\n|upkeep\n|c|\u2606General Nova64|Dope\n|\n|t:|1781466604\n|switch|p1a: Inteleon|Inteleon, L81, M|246/246\n|turn|5\n|\n|t:|1781466608\n|switch|p2a: Lanturn|Lanturn, L89, M|367/367\n|move|p1a: Inteleon|Scald|p2a: Lanturn\n|-resisted|p2a: Lanturn\n|-damage|p2a: Lanturn|293/367\n|\n|-heal|p2a: Lanturn|315/367|[from] item: Leftovers\n|upkeep\n|turn|6\n|\n|t:|1781466615\n|switch|p1a: Spidops|Spidops, L96, F|271/271\n|move|p2a: Lanturn|Scald|p1a: Spidops\n|-damage|p1a: Spidops|202/271\n|\n|-heal|p2a: Lanturn|337/367|[from] item: Leftovers\n|upkeep\n|turn|7\n|\n|t:|1781466620\n|move|p2a: Lanturn|Scald|p1a: Spidops\n|-damage|p1a: Spidops|127/271\n|move|p1a: Spidops|Sticky Web|p2a: Lanturn\n|-sidestart|p2: LewisBavin|move: Sticky Web\n|\n|-heal|p2a: Lanturn|359/367|[from] item: Leftovers\n|upkeep\n|turn|8\n|\n|t:|1781466628\n|move|p2a: Lanturn|Scald|p1a: Spidops\n|-damage|p1a: Spidops|54/271\n|move|p1a: Spidops|Sticky Web||[still]\n|-fail|p1a: Spidops\n|\n|-heal|p2a: Lanturn|367/367|[from] item: Leftovers\n|upkeep\n|turn|9\n|\n|t:|1781466634\n|move|p2a: Lanturn|Scald|p1a: Spidops\n|-damage|p1a: Spidops|0 fnt\n|faint|p1a: Spidops\n|\n|upkeep\n|\n|t:|1781466641\n|switch|p1a: Registeel|Registeel, L81|262/262\n|turn|10\n|\n|t:|1781466646\n|move|p2a: Lanturn|Thunder Wave|p1a: Registeel\n|-status|p1a: Registeel|par\n|move|p1a: Registeel|Iron Defense|p1a: Registeel\n|-boost|p1a: Registeel|def|2\n|\n|upkeep\n|turn|11\n|\n|t:|1781466651\n|move|p2a: Lanturn|Thunderbolt|p1a: Registeel\n|-damage|p1a: Registeel|198/262 par\n|move|p1a: Registeel|Iron Defense|p1a: Registeel\n|-boost|p1a: Registeel|def|2\n|\n|upkeep\n|turn|12\n|\n|t:|1781466679\n|switch|p2a: Passimian|Passimian, L83, F|302/302\n|-activate|p2a: Passimian|move: Sticky Web\n|-unboost|p2a: Passimian|spe|1\n|-ability|p2a: Passimian|Defiant|boost\n|-boost|p2a: Passimian|atk|2\n|move|p1a: Registeel|Iron Defense|p1a: Registeel\n|-boost|p1a: Registeel|def|2\n|\n|upkeep\n|turn|13\n|\n|t:|1781466682\n|move|p2a: Passimian|Knock Off|p1a: Registeel\n|-damage|p1a: Registeel|170/262 par\n|-enditem|p1a: Registeel|Chesto Berry|[from] move: Knock Off|[of] p2a: Passimian\n|move|p1a: Registeel|Rest|p1a: Registeel\n|-status|p1a: Registeel|slp|[from] move: Rest\n|-heal|p1a: Registeel|262/262 slp|[silent]\n|\n|upkeep\n|turn|14\n|\n|t:|1781466686\n|cant|p1a: Registeel|slp\n|move|p2a: Passimian|Bulk Up|p2a: Passimian\n|-boost|p2a: Passimian|atk|1\n|-boost|p2a: Passimian|def|1\n|\n|upkeep\n|turn|15\n|\n|t:|1781466690\n|cant|p1a: Registeel|slp\n|move|p2a: Passimian|Bulk Up|p2a: Passimian\n|-boost|p2a: Passimian|atk|1\n|-boost|p2a: Passimian|def|1\n|\n|upkeep\n|turn|16\n|\n|t:|1781466693\n|-curestatus|p1a: Registeel|slp|[msg]\n|move|p1a: Registeel|Body Press|p2a: Passimian\n|-damage|p2a: Passimian|149/302\n|move|p2a: Passimian|Bulk Up|p2a: Passimian\n|-boost|p2a: Passimian|atk|1\n|-boost|p2a: Passimian|def|1\n|\n|-heal|p2a: Passimian|167/302|[from] item: Leftovers\n|upkeep\n|turn|17\n|\n|t:|1781466702\n|-terastallize|p1a: Registeel|Fighting\n|move|p1a: Registeel|Body Press|p2a: Passimian\n|-damage|p2a: Passimian|0 fnt\n|faint|p2a: Passimian\n|\n|upkeep\n|\n|t:|1781466712\n|switch|p2a: Regieleki|Regieleki, L79|256/256\n|-activate|p2a: Regieleki|move: Sticky Web\n|-unboost|p2a: Regieleki|spe|1\n|turn|18\n|\n|t:|1781466716\n|-terastallize|p2a: Regieleki|Electric\n|move|p2a: Regieleki|Volt Switch|p1a: Registeel\n|-damage|p1a: Registeel|170/262\n|\n|t:|1781466723\n|switch|p2a: Lanturn|Lanturn, L89, M|367/367|[from] Volt Switch\n|-activate|p2a: Lanturn|move: Sticky Web\n|-unboost|p2a: Lanturn|spe|1\n|move|p1a: Registeel|Body Press|p2a: Lanturn\n|-damage|p2a: Lanturn|0 fnt\n|faint|p2a: Lanturn\n|\n|upkeep\n|\n|t:|1781466728\n|switch|p2a: Regieleki|Regieleki, L79, tera:Electric|256/256\n|-activate|p2a: Regieleki|move: Sticky Web\n|-unboost|p2a: Regieleki|spe|1\n|turn|19\n|\n|t:|1781466730\n|move|p2a: Regieleki|Volt Switch|p1a: Registeel\n|-crit|p1a: Registeel\n|-damage|p1a: Registeel|24/262\n|\n|t:|1781466733\n|switch|p2a: Landorus|Landorus, L75, M|152/257|[from] Volt Switch\n|move|p1a: Registeel|Body Press|p2a: Landorus\n|-resisted|p2a: Landorus\n|-damage|p2a: Landorus|0 fnt\n|faint|p2a: Landorus\n|\n|upkeep\n|\n|t:|1781466735\n|switch|p2a: Regieleki|Regieleki, L79, tera:Electric|256/256\n|-activate|p2a: Regieleki|move: Sticky Web\n|-unboost|p2a: Regieleki|spe|1\n|turn|20\n|\n|t:|1781466743\n|switch|p1a: Sandaconda|Sandaconda, L84, F|258/258\n|move|p2a: Regieleki|Thunderbolt|p1a: Sandaconda\n|-immune|p1a: Sandaconda\n|\n|upkeep\n|turn|21\n|\n|t:|1781466753\n|switch|p2a: Dachsbun|Dachsbun, L92, M|254/254\n|-activate|p2a: Dachsbun|move: Sticky Web\n|-unboost|p2a: Dachsbun|spe|1\n|switch|p1a: Registeel|Registeel, L81, tera:Fighting|24/262\n|\n|upkeep\n|turn|22\n|\n|t:|1781466758\n|move|p2a: Dachsbun|Play Rough|p1a: Registeel\n|-supereffective|p1a: Registeel\n|-damage|p1a: Registeel|0 fnt\n|faint|p1a: Registeel\n|\n|upkeep\n|\n|t:|1781466761\n|switch|p1a: Inteleon|Inteleon, L81, M|246/246\n|turn|23\n|\n|t:|1781466763\n|move|p2a: Dachsbun|Protect|p2a: Dachsbun\n|-singleturn|p2a: Dachsbun|Protect\n|move|p1a: Inteleon|Hydro Pump|p2a: Dachsbun\n|-activate|p2a: Dachsbun|move: Protect\n|\n|upkeep\n|turn|24\n|\n|t:|1781466767\n|switch|p2a: Dialga|Dialga, L73|266/266\n|-activate|p2a: Dialga|move: Sticky Web\n|-unboost|p2a: Dialga|spe|1\n|-ability|p2a: Dialga|Pressure\n|move|p1a: Inteleon|Hydro Pump|p2a: Dialga\n|-resisted|p2a: Dialga\n|-damage|p2a: Dialga|203/266\n|\n|upkeep\n|turn|25\n|\n|t:|1781466779\n|move|p1a: Inteleon|Hydro Pump|p2a: Dialga|[miss]\n|-miss|p1a: Inteleon|p2a: Dialga\n|move|p2a: Dialga|Draco Meteor|p1a: Inteleon\n|-damage|p1a: Inteleon|45/246\n|-unboost|p2a: Dialga|spa|2\n|\n|upkeep\n|turn|26\n|\n|t:|1781466786\n|switch|p2a: Dachsbun|Dachsbun, L92, M|254/254\n|-activate|p2a: Dachsbun|move: Sticky Web\n|-unboost|p2a: Dachsbun|spe|1\n|move|p1a: Inteleon|Hydro Pump|p2a: Dachsbun\n|-damage|p2a: Dachsbun|0 fnt\n|faint|p2a: Dachsbun\n|\n|upkeep\n|\n|t:|1781466788\n|switch|p2a: Dialga|Dialga, L73|203/266\n|-activate|p2a: Dialga|move: Sticky Web\n|-unboost|p2a: Dialga|spe|1\n|-ability|p2a: Dialga|Pressure\n|turn|27\n|\n|t:|1781466792\n|move|p1a: Inteleon|Hydro Pump|p2a: Dialga\n|-resisted|p2a: Dialga\n|-damage|p2a: Dialga|99/266\n|move|p2a: Dialga|Heavy Slam|p1a: Inteleon\n|-resisted|p1a: Inteleon\n|-damage|p1a: Inteleon|0 fnt\n|faint|p1a: Inteleon\n|\n|upkeep\n|\n|t:|1781466798\n|switch|p1a: Sandaconda|Sandaconda, L84, F|258/258\n|turn|28\n|-message|LewisBavin forfeited.\n|\n|win|General Nova64\n", "uploadtime": 1781466560, "views": 1, "formatid": "gen9randombattle", "rating": null, "private": 0, "password": null}