{"id": "gen9randombattle-2631687105", "format": "[Gen 9] Random Battle", "players": ["longisgreen", "Key Sketcher"], "log": "|j|\u2606longisgreen\n|j|\u2606Key Sketcher\n|t:|1781421805\n|gametype|singles\n|player|p1|longisgreen|benga|1119\n|player|p2|Key Sketcher|naveen|1075\n|gen|9\n|tier|[Gen 9] Random Battle\n|rated|\n|rule|Species Clause: Limit one of each Pok\u00e9mon\n|rule|HP Percentage Mod: HP is shown in percentages\n|rule|Sleep Clause Mod: Limit one foe put to sleep\n|rule|Illusion Level Mod: Illusion disguises the Pok\u00e9mon's true level\n|\n|t:|1781421805\n|teamsize|p1|6\n|teamsize|p2|6\n|start\n|switch|p1a: Electivire|Electivire, L84, M|263/263\n|switch|p2a: Rotom|Rotom, L88|231/231\n|turn|1\n|inactive|Battle timer is ON: inactive players will automatically lose when time's up. (requested by Key Sketcher)\n|\n|t:|1781421819\n|move|p2a: Rotom|Will-O-Wisp|p1a: Electivire\n|-status|p1a: Electivire|brn\n|move|p1a: Electivire|Bulk Up|p1a: Electivire\n|-boost|p1a: Electivire|atk|1\n|-boost|p1a: Electivire|def|1\n|\n|-damage|p1a: Electivire|247/263 brn|[from] brn\n|upkeep\n|turn|2\n|\n|t:|1781421843\n|move|p2a: Rotom|Nasty Plot|p2a: Rotom\n|-boost|p2a: Rotom|spa|2\n|move|p1a: Electivire|Bulk Up|p1a: Electivire\n|-boost|p1a: Electivire|atk|1\n|-boost|p1a: Electivire|def|1\n|\n|-damage|p1a: Electivire|231/263 brn|[from] brn\n|upkeep\n|turn|3\n|\n|t:|1781421863\n|move|p2a: Rotom|Shadow Ball|p1a: Electivire\n|-damage|p1a: Electivire|0 fnt\n|faint|p1a: Electivire\n|-damage|p2a: Rotom|208/231|[from] item: Life Orb\n|\n|upkeep\n|\n|t:|1781421869\n|switch|p1a: Dedenne|Dedenne, L88, M|261/261\n|turn|4\n|\n|t:|1781421878\n|move|p1a: Dedenne|Nuzzle|p2a: Rotom\n|-resisted|p2a: Rotom\n|-crit|p2a: Rotom\n|-damage|p2a: Rotom|194/231\n|move|p2a: Rotom|Shadow Ball|p1a: Dedenne\n|-crit|p1a: Dedenne\n|-damage|p1a: Dedenne|0 fnt\n|faint|p1a: Dedenne\n|-damage|p2a: Rotom|171/231|[from] item: Life Orb\n|\n|upkeep\n|\n|t:|1781421891\n|switch|p1a: Mandibuzz|Mandibuzz, L85, F|326/326\n|turn|5\n|\n|t:|1781421895\n|move|p2a: Rotom|Thunderbolt|p1a: Mandibuzz\n|-supereffective|p1a: Mandibuzz\n|-crit|p1a: Mandibuzz\n|-damage|p1a: Mandibuzz|0 fnt\n|faint|p1a: Mandibuzz\n|-damage|p2a: Rotom|148/231|[from] item: Life Orb\n|\n|upkeep\n|\n|t:|1781421901\n|switch|p1a: Hypno|Hypno, L95, M|315/315\n|turn|6\n|\n|t:|1781421905\n|move|p2a: Rotom|Shadow Ball|p1a: Hypno\n|-supereffective|p1a: Hypno\n|-damage|p1a: Hypno|0 fnt\n|faint|p1a: Hypno\n|-damage|p2a: Rotom|125/231|[from] item: Life Orb\n|\n|upkeep\n|\n|t:|1781421908\n|switch|p1a: Appletun|Appletun, L92, F|352/352\n|turn|7\n|\n|t:|1781421919\n|move|p2a: Rotom|Shadow Ball|p1a: Appletun\n|-damage|p1a: Appletun|118/352\n|-damage|p2a: Rotom|102/231|[from] item: Life Orb\n|move|p1a: Appletun|Apple Acid|p2a: Rotom\n|-damage|p2a: Rotom|2/231\n|-unboost|p2a: Rotom|spd|1\n|\n|-heal|p1a: Appletun|140/352|[from] item: Leftovers\n|upkeep\n|turn|8\n|\n|t:|1781421931\n|move|p2a: Rotom|Shadow Ball|p1a: Appletun\n|-damage|p1a: Appletun|0 fnt\n|faint|p1a: Appletun\n|-damage|p2a: Rotom|0 fnt|[from] item: Life Orb\n|faint|p2a: Rotom\n|\n|upkeep\n|\n|t:|1781421947\n|switch|p2a: Falinks|Falinks, L84|246/246\n|switch|p1a: Malamar|Malamar, L82, F|275/275\n|turn|9\n|\n|t:|1781421955\n|switch|p2a: Mimikyu|Mimikyu, L79, M|216/216\n|move|p1a: Malamar|Superpower|p2a: Mimikyu\n|-immune|p2a: Mimikyu\n|\n|upkeep\n|turn|10\n|\n|t:|1781421965\n|move|p2a: Mimikyu|Play Rough|p1a: Malamar\n|-supereffective|p1a: Malamar\n|-damage|p1a: Malamar|77/275\n|-damage|p2a: Mimikyu|195/216|[from] item: Life Orb\n|move|p1a: Malamar|Knock Off|p2a: Mimikyu\n|-activate|p2a: Mimikyu|ability: Disguise\n|-damage|p2a: Mimikyu|195/216\n|-enditem|p2a: Mimikyu|Life Orb|[from] move: Knock Off|[of] p1a: Malamar\n|detailschange|p2a: Mimikyu|Mimikyu-Busted, L79, M\n|-damage|p2a: Mimikyu|168/216|[from] pokemon: Mimikyu-Busted\n|\n|-heal|p1a: Malamar|94/275|[from] item: Leftovers\n|upkeep\n|turn|11\n|\n|t:|1781421979\n|-terastallize|p1a: Malamar|Steel\n|move|p2a: Mimikyu|Play Rough|p1a: Malamar\n|-resisted|p1a: Malamar\n|-damage|p1a: Malamar|55/275\n|move|p1a: Malamar|Rest|p1a: Malamar\n|-status|p1a: Malamar|slp|[from] move: Rest\n|-heal|p1a: Malamar|275/275 slp|[silent]\n|\n|upkeep\n|turn|12\n|\n|t:|1781421989\n|move|p2a: Mimikyu|Swords Dance|p2a: Mimikyu\n|-boost|p2a: Mimikyu|atk|2\n|cant|p1a: Malamar|slp\n|move|p1a: Malamar|Sleep Talk|p1a: Malamar\n|move|p1a: Malamar|Superpower|p2a: Mimikyu|[from] move: Sleep Talk\n|-immune|p2a: Mimikyu\n|\n|upkeep\n|turn|13\n|\n|t:|1781421999\n|move|p2a: Mimikyu|Swords Dance|p2a: Mimikyu\n|-boost|p2a: Mimikyu|atk|2\n|cant|p1a: Malamar|slp\n|move|p1a: Malamar|Sleep Talk|p1a: Malamar\n|move|p1a: Malamar|Rest||[from] move: Sleep Talk|[still]\n|-fail|p1a: Malamar\n|\n|upkeep\n|turn|14\n|\n|t:|1781422008\n|move|p2a: Mimikyu|Drain Punch|p1a: Malamar\n|-supereffective|p1a: Malamar\n|-damage|p1a: Malamar|21/275 slp\n|-heal|p2a: Mimikyu|216/216|[from] drain|[of] p1a: Malamar\n|-curestatus|p1a: Malamar|slp|[msg]\n|move|p1a: Malamar|Sleep Talk||[still]\n|-fail|p1a: Malamar\n|\n|-heal|p1a: Malamar|38/275|[from] item: Leftovers\n|upkeep\n|turn|15\n|-message|longisgreen forfeited.\n|\n|win|Key Sketcher\n|raw|longisgreen's rating: 1119 &rarr; <strong>1091</strong><br />(-28 for losing)\n|raw|Key Sketcher's rating: 1075 &rarr; <strong>1107</strong><br />(+32 for winning)\n|l|\u2606longisgreen\n|player|p1|\n", "uploadtime": 1781422021, "views": 2, "formatid": "gen9randombattle", "rating": 1091, "private": 0, "password": null}