{"id": "gen9randombattle-2631848508", "format": "[Gen 9] Random Battle", "players": ["Vulva zol", "kheladi7"], "log": "|j|\u2606Vulva zol\n|j|\u2606kheladi7\n|t:|1781447786\n|gametype|singles\n|player|p1|Vulva zol|1|2054\n|player|p2|kheladi7|102|1988\n|gen|9\n|tier|[Gen 9] Random Battle\n|rated|\n|rule|Species Clause: Limit one of each Pok\u00e9mon\n|rule|HP Percentage Mod: HP is shown in percentages\n|rule|Sleep Clause Mod: Limit one foe put to sleep\n|rule|Illusion Level Mod: Illusion disguises the Pok\u00e9mon's true level\n|\n|t:|1781447786\n|teamsize|p1|6\n|teamsize|p2|6\n|start\n|switch|p1a: Koraidon|Koraidon, L64|235/235\n|switch|p2a: Cryogonal|Cryogonal, L89|287/287\n|-weather|SunnyDay|[from] ability: Orichalcum Pulse|[of] p1a: Koraidon\n|-activate|p1a: Koraidon|Orichalcum Pulse|[source]\n|turn|1\n|inactive|Battle timer is ON: inactive players will automatically lose when time's up. (requested by Vulva zol)\n|\n|t:|1781447805\n|-terastallize|p1a: Koraidon|Fire\n|move|p2a: Cryogonal|Ice Beam|p1a: Koraidon\n|-resisted|p1a: Koraidon\n|-damage|p1a: Koraidon|175/235\n|move|p1a: Koraidon|Swords Dance|p1a: Koraidon\n|-boost|p1a: Koraidon|atk|2\n|\n|-weather|SunnyDay|[upkeep]\n|upkeep\n|turn|2\n|\n|t:|1781447819\n|move|p2a: Cryogonal|Ice Beam|p1a: Koraidon\n|-resisted|p1a: Koraidon\n|-damage|p1a: Koraidon|118/235\n|move|p1a: Koraidon|Scale Shot|p2a: Cryogonal\n|-damage|p2a: Cryogonal|209/287\n|-damage|p2a: Cryogonal|127/287\n|-damage|p2a: Cryogonal|48/287\n|-damage|p2a: Cryogonal|0 fnt\n|faint|p2a: Cryogonal\n|-hitcount|p2: Cryogonal|4\n|-unboost|p1a: Koraidon|def|1\n|-boost|p1a: Koraidon|spe|1\n|\n|-weather|SunnyDay|[upkeep]\n|upkeep\n|inactive|kheladi7 has 120 seconds left.\n|\n|t:|1781447846\n|switch|p2a: Yanmega|Yanmega, L82, M|275/275\n|turn|3\n|\n|t:|1781447852\n|move|p1a: Koraidon|Flare Blitz|p2a: Yanmega\n|-supereffective|p2a: Yanmega\n|-damage|p2a: Yanmega|0 fnt\n|faint|p2a: Yanmega\n|-damage|p1a: Koraidon|27/235|[from] Recoil\n|\n|-weather|SunnyDay|[upkeep]\n|upkeep\n|\n|t:|1781447860\n|switch|p2a: Sceptile|Sceptile, L87, M|264/264\n|turn|4\n|\n|t:|1781447869\n|move|p1a: Koraidon|Collision Course|p2a: Sceptile\n|-damage|p2a: Sceptile|23/264\n|move|p2a: Sceptile|Earthquake|p1a: Koraidon\n|-supereffective|p1a: Koraidon\n|-damage|p1a: Koraidon|0 fnt\n|faint|p1a: Koraidon\n|-damage|p2a: Sceptile|0 fnt|[from] item: Life Orb\n|faint|p2a: Sceptile\n|\n|-weather|SunnyDay|[upkeep]\n|upkeep\n|inactive|kheladi7 has 120 seconds left.\n|\n|t:|1781447912\n|switch|p2a: Toxtricity|Toxtricity, L82, M|257/257\n|switch|p1a: Sneasler|Sneasler, L74, M|240/240\n|turn|5\n|\n|t:|1781447926\n|move|p2a: Toxtricity|Overdrive|p1a: Sneasler\n|-damage|p1a: Sneasler|96/240\n|move|p1a: Sneasler|U-turn|p2a: Toxtricity\n|-resisted|p2a: Toxtricity\n|-damage|p2a: Toxtricity|209/257\n|inactive|Vulva zol has 120 seconds left.\n|\n|t:|1781447941\n|switch|p1a: Golem|Golem-Alola, L93, F|300/300|[from] U-turn\n|\n|-weather|none\n|upkeep\n|turn|6\n|inactive|Vulva zol has 120 seconds left.\n|\n|t:|1781447954\n|switch|p2a: Cinccino|Cinccino, L83, M|260/260\n|move|p1a: Golem|Rock Polish|p1a: Golem\n|-boost|p1a: Golem|spe|2\n|\n|upkeep\n|turn|7\n|inactive|Vulva zol has 120 seconds left.\n|\n|t:|1781447965\n|move|p1a: Golem|Double-Edge|p2a: Cinccino\n|-damage|p2a: Cinccino|0 fnt\n|faint|p2a: Cinccino\n|-damage|p1a: Golem|214/300|[from] Recoil\n|-damage|p1a: Golem|184/300|[from] item: Life Orb\n|\n|upkeep\n|\n|t:|1781447971\n|switch|p2a: Toxtricity|Toxtricity, L82, M|209/257\n|turn|8\n|\n|t:|1781447977\n|move|p1a: Golem|Rock Polish|p1a: Golem\n|-boost|p1a: Golem|spe|2\n|move|p2a: Toxtricity|Boomburst|p1a: Golem\n|-resisted|p1a: Golem\n|-damage|p1a: Golem|102/300\n|\n|upkeep\n|turn|9\n|\n|t:|1781447986\n|move|p1a: Golem|Earthquake|p2a: Toxtricity\n|-supereffective|p2a: Toxtricity\n|-damage|p2a: Toxtricity|0 fnt\n|faint|p2a: Toxtricity\n|-damage|p1a: Golem|72/300|[from] item: Life Orb\n|\n|upkeep\n|-message|kheladi7 forfeited.\n|\n|win|Vulva zol\n", "uploadtime": 1781447787, "views": 5, "formatid": "gen9randombattle", "rating": null, "private": 0, "password": null}