{"id": "gen9randombattle-2631497542", "format": "[Gen 9] Random Battle", "players": ["AcquiredWolf", "g0thmommyenjoyer"], "log": "|j|\u2606AcquiredWolf\n|j|\u2606g0thmommyenjoyer\n|t:|1781392599\n|gametype|singles\n|player|p1|AcquiredWolf|diantha|2099\n|player|p2|g0thmommyenjoyer|170|2058\n|gen|9\n|tier|[Gen 9] Random Battle\n|rated|\n|rule|Species Clause: Limit one of each Pok\u00e9mon\n|rule|HP Percentage Mod: HP is shown in percentages\n|rule|Sleep Clause Mod: Limit one foe put to sleep\n|rule|Illusion Level Mod: Illusion disguises the Pok\u00e9mon's true level\n|\n|t:|1781392599\n|teamsize|p1|6\n|teamsize|p2|6\n|start\n|switch|p1a: Deoxys|Deoxys-Defense, L84|221/221\n|switch|p2a: Amoonguss|Amoonguss, L82, M|321/321\n|-ability|p1a: Deoxys|Pressure\n|turn|1\n|inactive|Battle timer is ON: inactive players will automatically lose when time's up. (requested by g0thmommyenjoyer)\n|j| rufoush\n|inactive|AcquiredWolf has 120 seconds left.\n|\n|t:|1781392634\n|switch|p1a: Camerupt|Camerupt, L91, F|275/275\n|move|p2a: Amoonguss|Spore|p1a: Camerupt\n|-status|p1a: Camerupt|slp|[from] move: Spore\n|\n|upkeep\n|turn|2\n|\n|t:|1781392648\n|switch|p1a: Magearna|Magearna, L77|250/250\n|switch|p2a: Feraligatr|Feraligatr, L79, M|264/264\n|\n|upkeep\n|turn|3\n|\n|t:|1781392676\n|switch|p1a: Magnezone|Magnezone, L85|258/258\n|move|p2a: Feraligatr|Dragon Dance|p2a: Feraligatr\n|-boost|p2a: Feraligatr|atk|1\n|-boost|p2a: Feraligatr|spe|1\n|\n|upkeep\n|turn|4\n|inactive|g0thmommyenjoyer has 120 seconds left.\n|\n|t:|1781392718\n|switch|p2a: Amoonguss|Amoonguss, L82, M|321/321\n|move|p1a: Magnezone|Volt Switch|p2a: Amoonguss\n|-resisted|p2a: Amoonguss\n|-damage|p2a: Amoonguss|255/321\n|\n|t:|1781392726\n|switch|p1a: Deoxys|Deoxys-Defense, L84|221/221|[from] Volt Switch\n|-ability|p1a: Deoxys|Pressure\n|\n|upkeep\n|turn|5\n|\n|t:|1781392746\n|switch|p2a: Sinistcha|Sinistcha-Masterpiece, L83|254/254\n|move|p1a: Deoxys|Stealth Rock|p2a: Sinistcha\n|-sidestart|p2: g0thmommyenjoyer|move: Stealth Rock\n|\n|upkeep\n|turn|6\n|\n|t:|1781392752\n|move|p1a: Deoxys|Knock Off|p2a: Sinistcha\n|-supereffective|p2a: Sinistcha\n|-damage|p2a: Sinistcha|160/254\n|-enditem|p2a: Sinistcha|Leftovers|[from] move: Knock Off|[of] p1a: Deoxys\n|move|p2a: Sinistcha|Calm Mind|p2a: Sinistcha\n|-boost|p2a: Sinistcha|spa|1\n|-boost|p2a: Sinistcha|spd|1\n|\n|upkeep\n|turn|7\n|\n|t:|1781392769\n|move|p1a: Deoxys|Psychic Noise|p2a: Sinistcha\n|-damage|p2a: Sinistcha|118/254\n|-start|p2a: Sinistcha|move: Heal Block\n|move|p2a: Sinistcha|Shadow Ball|p1a: Deoxys\n|-supereffective|p1a: Deoxys\n|-damage|p1a: Deoxys|21/221\n|\n|-heal|p1a: Deoxys|34/221|[from] item: Leftovers\n|upkeep\n|turn|8\n|\n|t:|1781392787\n|switch|p1a: Sylveon|Sylveon, L85, M|300/300\n|move|p2a: Sinistcha|Shadow Ball|p1a: Sylveon\n|-damage|p1a: Sylveon|198/300\n|\n|-heal|p1a: Sylveon|216/300|[from] item: Leftovers\n|-end|p2a: Sinistcha|move: Heal Block\n|upkeep\n|turn|9\n|inactive|g0thmommyenjoyer has 120 seconds left.\n|\n|t:|1781392799\n|move|p2a: Sinistcha|Calm Mind|p2a: Sinistcha\n|-boost|p2a: Sinistcha|spa|1\n|-boost|p2a: Sinistcha|spd|1\n|move|p1a: Sylveon|Hyper Voice|p2a: Sinistcha\n|-damage|p2a: Sinistcha|43/254\n|\n|-heal|p1a: Sylveon|234/300|[from] item: Leftovers\n|upkeep\n|turn|10\n|\n|t:|1781392808\n|move|p1a: Sylveon|Protect|p1a: Sylveon\n|-singleturn|p1a: Sylveon|Protect\n|move|p2a: Sinistcha|Matcha Gotcha|p1a: Sylveon\n|-activate|p1a: Sylveon|move: Protect\n|\n|-heal|p1a: Sylveon|252/300|[from] item: Leftovers\n|upkeep\n|turn|11\n|\n|t:|1781392817\n|move|p2a: Sinistcha|Matcha Gotcha|p1a: Sylveon\n|-damage|p1a: Sylveon|114/300\n|-heal|p2a: Sinistcha|112/254|[from] drain|[of] p1a: Sylveon\n|move|p1a: Sylveon|Hyper Voice|p2a: Sinistcha\n|-damage|p2a: Sinistcha|39/254\n|\n|-heal|p1a: Sylveon|132/300|[from] item: Leftovers\n|upkeep\n|turn|12\n|\n|t:|1781392829\n|move|p2a: Sinistcha|Matcha Gotcha|p1a: Sylveon|[miss]\n|-miss|p2a: Sinistcha|p1a: Sylveon\n|move|p1a: Sylveon|Hyper Voice|p2a: Sinistcha\n|-damage|p2a: Sinistcha|0 fnt\n|faint|p2a: Sinistcha\n|\n|-heal|p1a: Sylveon|150/300|[from] item: Leftovers\n|upkeep\n|\n|t:|1781392839\n|switch|p2a: Tentacruel|Tentacruel, L84, F|272/272\n|-damage|p2a: Tentacruel|238/272|[from] Stealth Rock\n|turn|13\n|\n|t:|1781392850\n|move|p2a: Tentacruel|Rapid Spin|p1a: Sylveon\n|-damage|p1a: Sylveon|115/300\n|-boost|p2a: Tentacruel|spe|1\n|-sideend|p2: g0thmommyenjoyer|Stealth Rock|[from] move: Rapid Spin|[of] p2a: Tentacruel\n|move|p1a: Sylveon|Wish|p1a: Sylveon\n|\n|-heal|p2a: Tentacruel|255/272|[from] item: Leftovers\n|-heal|p1a: Sylveon|133/300|[from] item: Leftovers\n|upkeep\n|turn|14\n|\n|t:|1781392867\n|switch|p2a: Magearna|Magearna-Original, L77|250/250\n|move|p1a: Sylveon|Protect||[still]\n|-fail|p1a: Sylveon\n|\n|-heal|p1a: Sylveon|283/300|[from] move: Wish|[wisher] Sylveon\n|-heal|p1a: Sylveon|300/300|[from] item: Leftovers\n|upkeep\n|turn|15\n|\n|t:|1781392876\n|switch|p1a: Camerupt|Camerupt, L91, F|275/275 slp\n|move|p2a: Magearna|Shift Gear|p2a: Magearna\n|-boost|p2a: Magearna|spe|2\n|-boost|p2a: Magearna|atk|1\n|\n|upkeep\n|turn|16\n|\n|t:|1781392887\n|move|p2a: Magearna|Shift Gear|p2a: Magearna\n|-boost|p2a: Magearna|spe|2\n|-boost|p2a: Magearna|atk|1\n|cant|p1a: Camerupt|slp\n|\n|upkeep\n|turn|17\n|inactive|g0thmommyenjoyer has 120 seconds left.\n|\n|t:|1781392918\n|-terastallize|p2a: Magearna|Ground\n|move|p2a: Magearna|Shift Gear|p2a: Magearna\n|-boost|p2a: Magearna|spe|2\n|-boost|p2a: Magearna|atk|1\n|cant|p1a: Camerupt|slp\n|\n|upkeep\n|turn|18\n|\n|t:|1781392926\n|move|p2a: Magearna|Tera Blast|p1a: Camerupt|[anim] Tera Blast Ground\n|-supereffective|p1a: Camerupt\n|-damage|p1a: Camerupt|0 fnt\n|faint|p1a: Camerupt\n|-ability|p2a: Magearna|Soul-Heart|boost\n|-boost|p2a: Magearna|spa|1\n|\n|upkeep\n|\n|t:|1781392941\n|switch|p1a: Sylveon|Sylveon, L85, M|300/300\n|turn|19\n|\n|t:|1781392952\n|move|p1a: Sylveon|Protect|p1a: Sylveon\n|-singleturn|p1a: Sylveon|Protect\n|move|p2a: Magearna|Iron Head|p1a: Sylveon\n|-activate|p1a: Sylveon|move: Protect\n|\n|upkeep\n|turn|20\n|\n|t:|1781392959\n|switch|p1a: Magnezone|Magnezone, L85|258/258\n|move|p2a: Magearna|Tera Blast|p1a: Magnezone|[anim] Tera Blast Ground\n|-supereffective|p1a: Magnezone\n|-damage|p1a: Magnezone|0 fnt\n|faint|p1a: Magnezone\n|-ability|p2a: Magearna|Soul-Heart|boost\n|-boost|p2a: Magearna|spa|1\n|\n|upkeep\n|-message|AcquiredWolf forfeited.\n|\n|win|g0thmommyenjoyer\n", "uploadtime": 1781392602, "views": 3, "formatid": "gen9randombattle", "rating": null, "private": 0, "password": null}