{"id": "gen9randombattle-2631609513", "format": "[Gen 9] Random Battle", "players": ["ogtru", "perfunctory0"], "log": "|j|\u2606ogtru\n|j|\u2606perfunctory0\n|t:|1781408354\n|gametype|singles\n|player|p1|ogtru|169|1562\n|player|p2|perfunctory0|benga|1512\n|gen|9\n|tier|[Gen 9] Random Battle\n|rated|\n|rule|Species Clause: Limit one of each Pok\u00e9mon\n|rule|HP Percentage Mod: HP is shown in percentages\n|rule|Sleep Clause Mod: Limit one foe put to sleep\n|rule|Illusion Level Mod: Illusion disguises the Pok\u00e9mon's true level\n|\n|t:|1781408354\n|teamsize|p1|6\n|teamsize|p2|6\n|start\n|switch|p1a: Gallade|Gallade, L80, M|240/240\n|switch|p2a: Registeel|Registeel, L81|262/262\n|turn|1\n|inactive|Battle timer is ON: inactive players will automatically lose when time's up. (requested by perfunctory0)\n|\n|t:|1781408357\n|move|p1a: Gallade|Sacred Sword|p2a: Registeel\n|-supereffective|p2a: Registeel\n|-damage|p2a: Registeel|32/262\n|move|p2a: Registeel|Iron Defense|p2a: Registeel\n|-boost|p2a: Registeel|def|2\n|\n|upkeep\n|turn|2\n|\n|t:|1781408361\n|move|p1a: Gallade|Sacred Sword|p2a: Registeel\n|-supereffective|p2a: Registeel\n|-damage|p2a: Registeel|0 fnt\n|faint|p2a: Registeel\n|\n|upkeep\n|\n|t:|1781408363\n|switch|p2a: Pecharunt|Pecharunt, L77|262/262\n|turn|3\n|\n|t:|1781408369\n|switch|p1a: Greedent|Greedent, L86, M|347/347\n|move|p2a: Pecharunt|Malignant Chain|p1a: Greedent\n|-damage|p1a: Greedent|260/347\n|\n|upkeep\n|turn|4\n|\n|t:|1781408371\n|move|p2a: Pecharunt|Malignant Chain|p1a: Greedent\n|-damage|p1a: Greedent|169/347\n|-enditem|p1a: Greedent|Sitrus Berry|[eat]\n|-heal|p1a: Greedent|255/347|[from] item: Sitrus Berry\n|-heal|p1a: Greedent|347/347|[from] ability: Cheek Pouch\n|move|p1a: Greedent|Knock Off|p2a: Pecharunt\n|-supereffective|p2a: Pecharunt\n|-damage|p2a: Pecharunt|168/262\n|-damage|p1a: Greedent|290/347|[from] item: Rocky Helmet|[of] p2a: Pecharunt\n|-enditem|p2a: Pecharunt|Rocky Helmet|[from] move: Knock Off|[of] p1a: Greedent\n|\n|upkeep\n|turn|5\n|\n|t:|1781408379\n|move|p2a: Pecharunt|Recover|p2a: Pecharunt\n|-heal|p2a: Pecharunt|262/262\n|move|p1a: Greedent|Earthquake|p2a: Pecharunt\n|-supereffective|p2a: Pecharunt\n|-damage|p2a: Pecharunt|170/262\n|\n|upkeep\n|turn|6\n|\n|t:|1781408383\n|move|p2a: Pecharunt|Malignant Chain|p1a: Greedent\n|-damage|p1a: Greedent|203/347\n|-status|p1a: Greedent|tox\n|-start|p1a: Greedent|confusion|[from] ability: Poison Puppeteer|[of] p2a: Pecharunt\n|-activate|p1a: Greedent|confusion\n|move|p1a: Greedent|Earthquake|p2a: Pecharunt\n|-supereffective|p2a: Pecharunt\n|-damage|p2a: Pecharunt|68/262\n|\n|-damage|p1a: Greedent|182/347 tox|[from] psn\n|upkeep\n|turn|7\n|\n|t:|1781408391\n|move|p2a: Pecharunt|Recover|p2a: Pecharunt\n|-heal|p2a: Pecharunt|199/262\n|-end|p1a: Greedent|confusion\n|move|p1a: Greedent|Swords Dance|p1a: Greedent\n|-boost|p1a: Greedent|atk|2\n|\n|-damage|p1a: Greedent|140/347 tox|[from] psn\n|upkeep\n|turn|8\n|\n|t:|1781408394\n|move|p2a: Pecharunt|Parting Shot|p1a: Greedent\n|-unboost|p1a: Greedent|atk|1\n|-unboost|p1a: Greedent|spa|1\n|\n|t:|1781408398\n|switch|p2a: Kilowattrel|Kilowattrel, L83, M|252/252|[from] Parting Shot\n|move|p1a: Greedent|Earthquake|p2a: Kilowattrel\n|-immune|p2a: Kilowattrel\n|\n|-damage|p1a: Greedent|77/347 tox|[from] psn\n|upkeep\n|turn|9\n|\n|t:|1781408401\n|move|p2a: Kilowattrel|Thunderbolt|p1a: Greedent\n|-damage|p1a: Greedent|0 fnt\n|faint|p1a: Greedent\n|\n|upkeep\n|\n|t:|1781408404\n|switch|p1a: Hippowdon|Hippowdon, L82, F|311/311\n|-weather|Sandstorm|[from] ability: Sand Stream|[of] p1a: Hippowdon\n|turn|10\n|\n|t:|1781408408\n|move|p2a: Kilowattrel|U-turn|p1a: Hippowdon\n|-damage|p1a: Hippowdon|280/311\n|\n|t:|1781408409\n|switch|p2a: Mienshao|Mienshao, L83, M|243/243|[from] U-turn\n|move|p1a: Hippowdon|Stone Edge|p2a: Mienshao\n|-resisted|p2a: Mienshao\n|-damage|p2a: Mienshao|193/243\n|\n|-weather|Sandstorm|[upkeep]\n|-damage|p2a: Mienshao|178/243|[from] Sandstorm\n|-heal|p1a: Hippowdon|299/311|[from] item: Leftovers\n|upkeep\n|turn|11\n|\n|t:|1781408415\n|move|p2a: Mienshao|High Jump Kick|p1a: Hippowdon\n|-damage|p1a: Hippowdon|71/311\n|move|p1a: Hippowdon|Earthquake|p2a: Mienshao\n|-damage|p2a: Mienshao|40/243\n|\n|-weather|Sandstorm|[upkeep]\n|-damage|p2a: Mienshao|25/243|[from] Sandstorm\n|-heal|p1a: Hippowdon|90/311|[from] item: Leftovers\n|upkeep\n|turn|12\n|\n|t:|1781408421\n|move|p2a: Mienshao|High Jump Kick|p1a: Hippowdon\n|-damage|p1a: Hippowdon|0 fnt\n|faint|p1a: Hippowdon\n|\n|-weather|Sandstorm|[upkeep]\n|-damage|p2a: Mienshao|10/243|[from] Sandstorm\n|upkeep\n|\n|t:|1781408426\n|switch|p1a: Gallade|Gallade, L80, M|240/240\n|turn|13\n|\n|t:|1781408433\n|switch|p2a: Kilowattrel|Kilowattrel, L83, M|252/252\n|move|p1a: Gallade|Psycho Cut|p2a: Kilowattrel\n|-damage|p2a: Kilowattrel|75/252\n|\n|-weather|Sandstorm|[upkeep]\n|-damage|p1a: Gallade|225/240|[from] Sandstorm\n|-damage|p2a: Kilowattrel|60/252|[from] Sandstorm\n|upkeep\n|turn|14\n|\n|t:|1781408437\n|move|p1a: Gallade|Psycho Cut|p2a: Kilowattrel\n|-crit|p2a: Kilowattrel\n|-damage|p2a: Kilowattrel|0 fnt\n|faint|p2a: Kilowattrel\n|\n|-weather|none\n|upkeep\n|\n|t:|1781408442\n|switch|p2a: Milotic|Milotic, L83, M|293/293\n|turn|15\n|\n|t:|1781408446\n|switch|p1a: Samurott|Samurott-Hisui, L77, F|265/265\n|move|p2a: Milotic|Scald|p1a: Samurott\n|-resisted|p1a: Samurott\n|-damage|p1a: Samurott|204/265\n|\n|upkeep\n|turn|16\n|\n|t:|1781408450\n|move|p2a: Milotic|Scald|p1a: Samurott\n|-resisted|p1a: Samurott\n|-damage|p1a: Samurott|146/265\n|move|p1a: Samurott|Ceaseless Edge|p2a: Milotic\n|-damage|p2a: Milotic|131/293\n|-sidestart|p2: perfunctory0|Spikes\n|\n|-heal|p2a: Milotic|149/293|[from] item: Leftovers\n|upkeep\n|turn|17\n|\n|t:|1781408456\n|move|p2a: Milotic|Scald|p1a: Samurott\n|-resisted|p1a: Samurott\n|-damage|p1a: Samurott|88/265\n|move|p1a: Samurott|Ceaseless Edge|p2a: Milotic|[miss]\n|-miss|p1a: Samurott|p2a: Milotic\n|\n|-heal|p2a: Milotic|167/293|[from] item: Leftovers\n|upkeep\n|turn|18\n|\n|t:|1781408460\n|move|p2a: Milotic|Scald|p1a: Samurott\n|-resisted|p1a: Samurott\n|-damage|p1a: Samurott|29/265\n|move|p1a: Samurott|Ceaseless Edge|p2a: Milotic\n|-damage|p2a: Milotic|16/293\n|-sidestart|p2: perfunctory0|Spikes\n|\n|-heal|p2a: Milotic|34/293|[from] item: Leftovers\n|upkeep\n|turn|19\n|\n|t:|1781408464\n|move|p2a: Milotic|Recover|p2a: Milotic\n|-heal|p2a: Milotic|181/293\n|move|p1a: Samurott|Ceaseless Edge|p2a: Milotic|[miss]\n|-miss|p1a: Samurott|p2a: Milotic\n|\n|-heal|p2a: Milotic|199/293|[from] item: Leftovers\n|upkeep\n|turn|20\n|\n|t:|1781408466\n|move|p2a: Milotic|Recover|p2a: Milotic\n|-heal|p2a: Milotic|293/293\n|move|p1a: Samurott|Ceaseless Edge|p2a: Milotic\n|-damage|p2a: Milotic|131/293\n|-sidestart|p2: perfunctory0|Spikes\n|\n|-heal|p2a: Milotic|149/293|[from] item: Leftovers\n|upkeep\n|turn|21\n|\n|t:|1781408469\n|move|p2a: Milotic|Scald|p1a: Samurott\n|-resisted|p1a: Samurott\n|-damage|p1a: Samurott|0 fnt\n|faint|p1a: Samurott\n|\n|-heal|p2a: Milotic|167/293|[from] item: Leftovers\n|upkeep\n|\n|t:|1781408480\n|switch|p1a: Gallade|Gallade, L80, M|225/240\n|turn|22\n|\n|t:|1781408483\n|move|p1a: Gallade|Leaf Blade|p2a: Milotic\n|-supereffective|p2a: Milotic\n|-damage|p2a: Milotic|0 fnt\n|faint|p2a: Milotic\n|\n|upkeep\n|\n|t:|1781408494\n|switch|p2a: Dragapult|Dragapult, L77, F|262/262\n|-damage|p2a: Dragapult|197/262|[from] Spikes\n|turn|23\n|\n|t:|1781408498\n|switch|p1a: Comfey|Comfey, L85, F|225/225\n|move|p2a: Dragapult|Dragon Dance|p2a: Dragapult\n|-boost|p2a: Dragapult|atk|1\n|-boost|p2a: Dragapult|spe|1\n|\n|upkeep\n|turn|24\n|\n|t:|1781408502\n|-terastallize|p2a: Dragapult|Ghost\n|move|p2a: Dragapult|Tera Blast|p1a: Comfey|[anim] Tera Blast Ghost\n|-damage|p1a: Comfey|7/225\n|-damage|p2a: Dragapult|171/262|[from] item: Life Orb\n|move|p1a: Comfey|Encore|p2a: Dragapult\n|-start|p2a: Dragapult|Encore\n|\n|-heal|p1a: Comfey|21/225|[from] item: Leftovers\n|upkeep\n|turn|25\n|\n|t:|1781408509\n|move|p1a: Comfey|Draining Kiss|p2a: Dragapult\n|-damage|p2a: Dragapult|108/262\n|-heal|p1a: Comfey|68/225|[from] drain|[of] p2a: Dragapult\n|move|p2a: Dragapult|Tera Blast|p1a: Comfey|[anim] Tera Blast Ghost\n|-damage|p1a: Comfey|0 fnt\n|faint|p1a: Comfey\n|-damage|p2a: Dragapult|82/262|[from] item: Life Orb\n|\n|upkeep\n|\n|t:|1781408511\n|switch|p1a: Magmortar|Magmortar, L88, M|275/275\n|turn|26\n|\n|t:|1781408515\n|move|p2a: Dragapult|Tera Blast|p1a: Magmortar|[anim] Tera Blast Ghost\n|-damage|p1a: Magmortar|20/275\n|-damage|p2a: Dragapult|56/262|[from] item: Life Orb\n|move|p1a: Magmortar|Thunderbolt|p2a: Dragapult\n|-damage|p2a: Dragapult|0 fnt\n|faint|p2a: Dragapult\n|\n|upkeep\n|\n|t:|1781408520\n|switch|p2a: Pecharunt|Pecharunt, L77|199/262\n|-damage|p2a: Pecharunt|134/262|[from] Spikes\n|turn|27\n|\n|t:|1781408523\n|move|p1a: Magmortar|Scorching Sands|p2a: Pecharunt\n|-supereffective|p2a: Pecharunt\n|-damage|p2a: Pecharunt|0 fnt\n|faint|p2a: Pecharunt\n|\n|upkeep\n|\n|t:|1781408527\n|switch|p2a: Mienshao|Mienshao, L83, M|10/243\n|-damage|p2a: Mienshao|0 fnt|[from] Spikes\n|faint|p2a: Mienshao\n|\n|win|ogtru\n|raw|ogtru's rating: 1562 &rarr; <strong>1579</strong><br />(+17 for winning)\n|raw|perfunctory0's rating: 1512 &rarr; <strong>1495</strong><br />(-17 for losing)\n|l|\u2606perfunctory0\n|player|p2|\n", "uploadtime": 1781408535, "views": 2, "formatid": "gen9randombattle", "rating": 1495, "private": 0, "password": null}