{"id": "gen9randombattle-2631643715", "format": "[Gen 9] Random Battle", "players": ["Amazerg", "mechroape"], "log": "|j|\u2606Amazerg\n|j|\u2606mechroape\n|t:|1781413793\n|gametype|singles\n|player|p1|Amazerg|266|1867\n|player|p2|mechroape|brycen|1947\n|gen|9\n|tier|[Gen 9] Random Battle\n|rated|\n|rule|Species Clause: Limit one of each Pok\u00e9mon\n|rule|HP Percentage Mod: HP is shown in percentages\n|rule|Sleep Clause Mod: Limit one foe put to sleep\n|rule|Illusion Level Mod: Illusion disguises the Pok\u00e9mon's true level\n|\n|t:|1781413793\n|teamsize|p1|6\n|teamsize|p2|6\n|start\n|switch|p1a: Cacturne|Cacturne, L92, M|278/278\n|switch|p2a: Solgaleo|Solgaleo, L74|325/325\n|turn|1\n|inactive|Battle timer is ON: inactive players will automatically lose when time's up. (requested by mechroape)\n|\n|t:|1781413803\n|switch|p2a: Emboar|Emboar, L84, F|322/322\n|move|p1a: Cacturne|Knock Off|p2a: Emboar\n|-resisted|p2a: Emboar\n|-damage|p2a: Emboar|213/322\n|-enditem|p2a: Emboar|Leftovers|[from] move: Knock Off|[of] p1a: Cacturne\n|-damage|p1a: Cacturne|251/278|[from] item: Life Orb\n|\n|upkeep\n|turn|2\n|\n|t:|1781413822\n|switch|p1a: Sudowoodo|Sudowoodo, L94, F|284/284\n|move|p2a: Emboar|Bulk Up|p2a: Emboar\n|-boost|p2a: Emboar|atk|1\n|-boost|p2a: Emboar|def|1\n|\n|upkeep\n|turn|3\n|\n|t:|1781413828\n|move|p2a: Emboar|Drain Punch|p1a: Sudowoodo\n|-supereffective|p1a: Sudowoodo\n|-damage|p1a: Sudowoodo|68/284\n|-heal|p2a: Emboar|321/322|[from] drain|[of] p1a: Sudowoodo\n|move|p1a: Sudowoodo|Earthquake|p2a: Emboar\n|-supereffective|p2a: Emboar\n|-damage|p2a: Emboar|183/322\n|\n|-heal|p1a: Sudowoodo|85/284|[from] item: Leftovers\n|upkeep\n|turn|4\n|l|\u2606Amazerg\n|inactive|Amazerg disconnected and has a minute to reconnect!\n|player|p1|\n|j|\u2606Amazerg\n|inactive|Amazerg reconnected and has 125 seconds left.\n|player|p1|Amazerg|266|\n|inactive|Amazerg has 120 seconds left.\n|\n|t:|1781413861\n|move|p2a: Emboar|Drain Punch|p1a: Sudowoodo\n|-supereffective|p1a: Sudowoodo\n|-damage|p1a: Sudowoodo|0 fnt\n|-heal|p2a: Emboar|226/322|[from] drain|[of] p1a: Sudowoodo\n|faint|p1a: Sudowoodo\n|\n|upkeep\n|\n|t:|1781413863\n|switch|p1a: Inteleon|Inteleon, L81, F|246/246\n|turn|5\n|\n|t:|1781413874\n|switch|p2a: Goodra|Goodra, L85, M|292/292\n|move|p1a: Inteleon|Hydro Pump|p2a: Goodra\n|-resisted|p2a: Goodra\n|-crit|p2a: Goodra\n|-damage|p2a: Goodra|229/292\n|\n|upkeep\n|turn|6\n|\n|t:|1781413880\n|switch|p1a: Tinkaton|Tinkaton, L82, F|274/274\n|-ability|p1a: Tinkaton|Mold Breaker\n|move|p2a: Goodra|Dragon Tail|p1a: Tinkaton\n|-immune|p1a: Tinkaton\n|\n|upkeep\n|turn|7\n|\n|t:|1781413887\n|move|p1a: Tinkaton|Thunder Wave|p2a: Goodra\n|-status|p2a: Goodra|par\n|move|p2a: Goodra|Scald|p1a: Tinkaton\n|-damage|p1a: Tinkaton|215/274\n|\n|-heal|p1a: Tinkaton|232/274|[from] item: Leftovers\n|upkeep\n|turn|8\n|\n|t:|1781413892\n|switch|p2a: Solgaleo|Solgaleo, L74|325/325\n|move|p1a: Tinkaton|Play Rough|p2a: Solgaleo\n|-resisted|p2a: Solgaleo\n|-damage|p2a: Solgaleo|290/325\n|\n|-heal|p1a: Tinkaton|249/274|[from] item: Leftovers\n|-heal|p2a: Solgaleo|310/325|[from] item: Leftovers\n|upkeep\n|turn|9\n|\n|t:|1781413902\n|move|p1a: Tinkaton|Thunder Wave|p2a: Solgaleo\n|-status|p2a: Solgaleo|par\n|move|p2a: Solgaleo|Earthquake|p1a: Tinkaton\n|-supereffective|p1a: Tinkaton\n|-damage|p1a: Tinkaton|81/274\n|\n|-heal|p1a: Tinkaton|98/274|[from] item: Leftovers\n|-heal|p2a: Solgaleo|325/325 par|[from] item: Leftovers\n|upkeep\n|turn|10\n|\n|t:|1781413907\n|switch|p1a: Cacturne|Cacturne, L92, M|251/278\n|move|p2a: Solgaleo|Sunsteel Strike|p1a: Cacturne\n|-damage|p1a: Cacturne|110/278\n|\n|upkeep\n|turn|11\n|\n|t:|1781413919\n|switch|p2a: Emboar|Emboar, L84, F|226/322\n|move|p1a: Cacturne|Knock Off|p2a: Emboar\n|-resisted|p2a: Emboar\n|-damage|p2a: Emboar|144/322\n|-damage|p1a: Cacturne|83/278|[from] item: Life Orb\n|\n|upkeep\n|turn|12\n|\n|t:|1781413924\n|switch|p1a: Inteleon|Inteleon, L81, F|246/246\n|move|p2a: Emboar|Drain Punch|p1a: Inteleon\n|-damage|p1a: Inteleon|129/246\n|-heal|p2a: Emboar|203/322|[from] drain|[of] p1a: Inteleon\n|\n|upkeep\n|turn|13\n|\n|t:|1781413933\n|switch|p2a: Goodra|Goodra, L85, M|229/292 par\n|move|p1a: Inteleon|U-turn|p2a: Goodra\n|-damage|p2a: Goodra|178/292 par\n|\n|t:|1781413936\n|switch|p1a: Tinkaton|Tinkaton, L82, F|98/274|[from] U-turn\n|-ability|p1a: Tinkaton|Mold Breaker\n|\n|-heal|p1a: Tinkaton|115/274|[from] item: Leftovers\n|upkeep\n|turn|14\n|\n|t:|1781413944\n|move|p1a: Tinkaton|Knock Off|p2a: Goodra\n|-crit|p2a: Goodra\n|-damage|p2a: Goodra|82/292 par\n|-enditem|p2a: Goodra|Assault Vest|[from] move: Knock Off|[of] p1a: Tinkaton\n|move|p2a: Goodra|Scald|p1a: Tinkaton\n|-damage|p1a: Tinkaton|56/274\n|\n|-heal|p1a: Tinkaton|73/274|[from] item: Leftovers\n|upkeep\n|turn|15\n|\n|t:|1781413950\n|move|p1a: Tinkaton|Gigaton Hammer|p2a: Goodra\n|-damage|p2a: Goodra|0 fnt\n|faint|p2a: Goodra\n|\n|-heal|p1a: Tinkaton|90/274|[from] item: Leftovers\n|upkeep\n|\n|t:|1781413953\n|switch|p2a: Solgaleo|Solgaleo, L74|325/325 par\n|turn|16\n|\n|t:|1781413956\n|move|p1a: Tinkaton|Knock Off|p2a: Solgaleo\n|-supereffective|p2a: Solgaleo\n|-damage|p2a: Solgaleo|217/325 par\n|-enditem|p2a: Solgaleo|Leftovers|[from] move: Knock Off|[of] p1a: Tinkaton\n|cant|p2a: Solgaleo|par\n|\n|-heal|p1a: Tinkaton|107/274|[from] item: Leftovers\n|upkeep\n|turn|17\n|\n|t:|1781413973\n|move|p1a: Tinkaton|Knock Off|p2a: Solgaleo\n|-supereffective|p2a: Solgaleo\n|-damage|p2a: Solgaleo|141/325 par\n|move|p2a: Solgaleo|Morning Sun|p2a: Solgaleo\n|-heal|p2a: Solgaleo|303/325 par\n|\n|-heal|p1a: Tinkaton|124/274|[from] item: Leftovers\n|upkeep\n|turn|18\n|\n|t:|1781413978\n|switch|p1a: Swalot|Swalot, L90, M|326/326\n|cant|p2a: Solgaleo|par\n|\n|upkeep\n|turn|19\n|\n|t:|1781413985\n|move|p1a: Swalot|Encore|p2a: Solgaleo\n|-start|p2a: Solgaleo|Encore\n|move|p2a: Solgaleo|Morning Sun|p2a: Solgaleo\n|-heal|p2a: Solgaleo|325/325 par\n|\n|upkeep\n|turn|20\n|\n|t:|1781413990\n|switch|p2a: Emboar|Emboar, L84, F|203/322\n|move|p1a: Swalot|Knock Off|p2a: Emboar\n|-resisted|p2a: Emboar\n|-damage|p2a: Emboar|176/322\n|\n|upkeep\n|turn|21\n|\n|t:|1781414003\n|move|p2a: Emboar|Flare Blitz|p1a: Swalot\n|-damage|p1a: Swalot|136/326\n|-damage|p2a: Emboar|113/322|[from] Recoil\n|move|p1a: Swalot|Sludge Bomb|p2a: Emboar\n|-damage|p2a: Emboar|1/322\n|\n|-heal|p1a: Swalot|156/326|[from] item: Leftovers\n|upkeep\n|turn|22\n|inactive|Amazerg has 120 seconds left.\n|\n|t:|1781414035\n|switch|p1a: Inteleon|Inteleon, L81, F|129/246\n|move|p2a: Emboar|Drain Punch|p1a: Inteleon\n|-damage|p1a: Inteleon|0 fnt\n|-heal|p2a: Emboar|66/322|[from] drain|[of] p1a: Inteleon\n|faint|p1a: Inteleon\n|\n|upkeep\n|inactive|Amazerg has 120 seconds left.\n|\n|t:|1781414043\n|switch|p1a: Sceptile|Sceptile, L87, M|264/264\n|turn|23\n|\n|t:|1781414046\n|move|p1a: Sceptile|Earthquake|p2a: Emboar\n|-supereffective|p2a: Emboar\n|-damage|p2a: Emboar|0 fnt\n|faint|p2a: Emboar\n|-damage|p1a: Sceptile|238/264|[from] item: Life Orb\n|\n|upkeep\n|\n|t:|1781414053\n|switch|p2a: Solgaleo|Solgaleo, L74|325/325 par\n|turn|24\n|\n|t:|1781414059\n|move|p1a: Sceptile|Earthquake|p2a: Solgaleo\n|-supereffective|p2a: Solgaleo\n|-damage|p2a: Solgaleo|153/325 par\n|-damage|p1a: Sceptile|212/264|[from] item: Life Orb\n|move|p2a: Solgaleo|Sunsteel Strike|p1a: Sceptile\n|-damage|p1a: Sceptile|92/264\n|\n|upkeep\n|turn|25\n|\n|t:|1781414064\n|move|p1a: Sceptile|Earthquake|p2a: Solgaleo\n|-supereffective|p2a: Solgaleo\n|-damage|p2a: Solgaleo|0 fnt\n|faint|p2a: Solgaleo\n|-damage|p1a: Sceptile|66/264|[from] item: Life Orb\n|\n|upkeep\n|\n|t:|1781414070\n|switch|p2a: Mismagius|Mismagius, L86, F|243/243\n|turn|26\n|\n|t:|1781414077\n|move|p1a: Sceptile|Leaf Storm|p2a: Mismagius\n|-damage|p2a: Mismagius|0 fnt\n|-unboost|p1a: Sceptile|spa|2\n|faint|p2a: Mismagius\n|-damage|p1a: Sceptile|40/264|[from] item: Life Orb\n|\n|upkeep\n|\n|t:|1781414084\n|switch|p2a: Flamigo|Flamigo, L82, M|269/269\n|turn|27\n|\n|t:|1781414091\n|switch|p1a: Tinkaton|Tinkaton, L82, F|124/274\n|-ability|p1a: Tinkaton|Mold Breaker\n|move|p2a: Flamigo|Close Combat|p1a: Tinkaton\n|-damage|p1a: Tinkaton|0 fnt\n|-unboost|p2a: Flamigo|def|1\n|-unboost|p2a: Flamigo|spd|1\n|faint|p1a: Tinkaton\n|\n|upkeep\n|\n|t:|1781414103\n|switch|p1a: Sceptile|Sceptile, L87, M|40/264\n|turn|28\n|\n|t:|1781414110\n|switch|p2a: Ho-Oh|Ho-Oh, L71|268/268\n|move|p1a: Sceptile|Rock Slide|p2a: Ho-Oh|[miss]\n|-miss|p1a: Sceptile|p2a: Ho-Oh\n|\n|upkeep\n|turn|29\n|\n|t:|1781414116\n|-terastallize|p2a: Ho-Oh|Ground\n|move|p1a: Sceptile|Rock Slide|p2a: Ho-Oh\n|-resisted|p2a: Ho-Oh\n|-damage|p2a: Ho-Oh|228/268\n|-damage|p1a: Sceptile|14/264|[from] item: Life Orb\n|move|p2a: Ho-Oh|Brave Bird|p1a: Sceptile\n|-supereffective|p1a: Sceptile\n|-damage|p1a: Sceptile|0 fnt\n|faint|p1a: Sceptile\n|-damage|p2a: Ho-Oh|223/268|[from] Recoil\n|\n|upkeep\n|\n|t:|1781414119\n|switch|p1a: Cacturne|Cacturne, L92, M|83/278\n|turn|30\n|\n|t:|1781414124\n|move|p2a: Ho-Oh|Brave Bird|p1a: Cacturne\n|-supereffective|p1a: Cacturne\n|-damage|p1a: Cacturne|0 fnt\n|faint|p1a: Cacturne\n|-damage|p2a: Ho-Oh|196/268|[from] Recoil\n|\n|upkeep\n|\n|t:|1781414126\n|switch|p1a: Swalot|Swalot, L90, M|156/326\n|turn|31\n|\n|t:|1781414128\n|move|p2a: Ho-Oh|Earthquake|p1a: Swalot\n|-supereffective|p1a: Swalot\n|-damage|p1a: Swalot|0 fnt\n|faint|p1a: Swalot\n|\n|win|mechroape\n|raw|Amazerg's rating: 1867 &rarr; <strong>1852</strong><br />(-15 for losing)\n|raw|mechroape's rating: 1947 &rarr; <strong>1962</strong><br />(+15 for winning)\n", "uploadtime": 1781414128, "views": 2, "formatid": "gen9randombattle", "rating": 1852, "private": 0, "password": null}