{"id": "gen9randombattle-2631562929", "format": "[Gen 9] Random Battle", "players": ["bluesun000", "Blendedcats"], "log": "|j|\u2606bluesun000\n|j|\u2606Blendedcats\n|t:|1781401770\n|gametype|singles\n|player|p1|bluesun000|palmer|1939\n|player|p2|Blendedcats|picnicker|1903\n|gen|9\n|tier|[Gen 9] Random Battle\n|rated|\n|rule|Species Clause: Limit one of each Pok\u00e9mon\n|rule|HP Percentage Mod: HP is shown in percentages\n|rule|Sleep Clause Mod: Limit one foe put to sleep\n|rule|Illusion Level Mod: Illusion disguises the Pok\u00e9mon's true level\n|\n|t:|1781401770\n|teamsize|p1|6\n|teamsize|p2|6\n|start\n|switch|p1a: Koraidon|Koraidon, L64|235/235\n|switch|p2a: Indeedee|Indeedee-F, L90, F|272/272\n|-fieldstart|move: Psychic Terrain|[from] ability: Psychic Surge|[of] p2a: Indeedee\n|-weather|SunnyDay|[from] ability: Orichalcum Pulse|[of] p1a: Koraidon\n|-activate|p1a: Koraidon|Orichalcum Pulse|[source]\n|turn|1\n|inactive|Battle timer is ON: inactive players will automatically lose when time's up. (requested by Blendedcats)\n|inactive|bluesun000 also wants the timer to be on.\n|inactive|bluesun000 has 120 seconds left.\n|\n|t:|1781401825\n|switch|p2a: Flygon|Flygon, L82, F|265/265\n|move|p1a: Koraidon|U-turn|p2a: Flygon\n|-damage|p2a: Flygon|185/265\n|\n|t:|1781401835\n|switch|p1a: Clefable|Clefable, L83, F|293/293|[from] U-turn\n|\n|-weather|SunnyDay|[upkeep]\n|upkeep\n|turn|2\n|\n|t:|1781401843\n|move|p2a: Flygon|U-turn|p1a: Clefable\n|-resisted|p1a: Clefable\n|-damage|p1a: Clefable|263/293\n|\n|t:|1781401845\n|switch|p2a: Raichu|Raichu, L88, F|249/249|[from] U-turn\n|move|p1a: Clefable|Calm Mind|p1a: Clefable\n|-boost|p1a: Clefable|spa|1\n|-boost|p1a: Clefable|spd|1\n|\n|-weather|SunnyDay|[upkeep]\n|upkeep\n|turn|3\n|inactive|bluesun000 has 120 seconds left.\n|\n|t:|1781401877\n|move|p2a: Raichu|Encore|p1a: Clefable\n|-start|p1a: Clefable|Encore\n|move|p1a: Clefable|Calm Mind|p1a: Clefable\n|-boost|p1a: Clefable|spa|1\n|-boost|p1a: Clefable|spd|1\n|\n|-weather|SunnyDay|[upkeep]\n|upkeep\n|turn|4\n|inactive|bluesun000 has 120 seconds left.\n|\n|t:|1781401892\n|move|p2a: Raichu|Volt Switch|p1a: Clefable\n|-damage|p1a: Clefable|227/293\n|\n|t:|1781401901\n|switch|p2a: Krookodile|Krookodile, L79, F|280/280|[from] Volt Switch\n|-ability|p2a: Krookodile|Intimidate|boost\n|-unboost|p1a: Clefable|atk|1\n|move|p1a: Clefable|Calm Mind|p1a: Clefable\n|-boost|p1a: Clefable|spa|1\n|-boost|p1a: Clefable|spd|1\n|\n|-weather|SunnyDay|[upkeep]\n|upkeep\n|turn|5\n|inactive|bluesun000 has 120 seconds left.\n|\n|t:|1781401924\n|switch|p1a: Dugtrio|Dugtrio-Alola, L84, M|196/196\n|move|p2a: Krookodile|Gunk Shot|p1a: Dugtrio\n|-immune|p1a: Dugtrio\n|\n|-weather|none\n|-fieldend|move: Psychic Terrain\n|upkeep\n|turn|6\n|inactive|bluesun000 has 90 seconds left.\n|\n|t:|1781401974\n|move|p1a: Dugtrio|Stealth Rock|p2a: Krookodile\n|-sidestart|p2: Blendedcats|move: Stealth Rock\n|move|p2a: Krookodile|Earthquake|p1a: Dugtrio\n|-supereffective|p1a: Dugtrio\n|-damage|p1a: Dugtrio|0 fnt\n|faint|p1a: Dugtrio\n|\n|upkeep\n|inactive|bluesun000 has 60 seconds left.\n|\n|t:|1781402008\n|switch|p1a: Koraidon|Koraidon, L64|235/235\n|-weather|SunnyDay|[from] ability: Orichalcum Pulse|[of] p1a: Koraidon\n|-activate|p1a: Koraidon|Orichalcum Pulse|[source]\n|turn|7\n|\n|t:|1781402020\n|switch|p2a: Giratina|Giratina, L75|349/349\n|-damage|p2a: Giratina|306/349|[from] Stealth Rock\n|-ability|p2a: Giratina|Pressure\n|move|p1a: Koraidon|Close Combat|p2a: Giratina\n|-immune|p2a: Giratina\n|\n|-weather|SunnyDay|[upkeep]\n|-heal|p2a: Giratina|327/349|[from] item: Leftovers\n|upkeep\n|turn|8\n|\n|t:|1781402029\n|switch|p1a: Clefable|Clefable, L83, F|227/293\n|move|p2a: Giratina|Defog|p1a: Clefable\n|-unboost|p1a: Clefable|evasion|1\n|-sideend|p2: Blendedcats|Stealth Rock|[from] move: Defog|[of] p2a: Giratina\n|\n|-weather|SunnyDay|[upkeep]\n|-heal|p2a: Giratina|348/349|[from] item: Leftovers\n|upkeep\n|turn|9\n|\n|t:|1781402038\n|switch|p2a: Farigiraf|Farigiraf, L90, M|362/362\n|move|p1a: Clefable|Moonblast|p2a: Farigiraf\n|-damage|p2a: Farigiraf|209/362\n|\n|-weather|SunnyDay|[upkeep]\n|-heal|p2a: Farigiraf|231/362|[from] item: Leftovers\n|upkeep\n|turn|10\n|inactive|bluesun000 has 60 seconds left.\n|\n|t:|1781402066\n|move|p2a: Farigiraf|Wish|p2a: Farigiraf\n|move|p1a: Clefable|Moonblast|p2a: Farigiraf\n|-damage|p2a: Farigiraf|85/362\n|\n|-weather|SunnyDay|[upkeep]\n|-heal|p2a: Farigiraf|107/362|[from] item: Leftovers\n|upkeep\n|turn|11\n|\n|t:|1781402074\n|move|p2a: Farigiraf|Body Slam|p1a: Clefable\n|-crit|p1a: Clefable\n|-damage|p1a: Clefable|44/293\n|move|p1a: Clefable|Calm Mind|p1a: Clefable\n|-boost|p1a: Clefable|spa|1\n|-boost|p1a: Clefable|spd|1\n|\n|-weather|none\n|-heal|p2a: Farigiraf|288/362|[from] move: Wish|[wisher] Farigiraf\n|-heal|p2a: Farigiraf|310/362|[from] item: Leftovers\n|upkeep\n|turn|12\n|\n|t:|1781402096\n|move|p2a: Farigiraf|Body Slam|p1a: Clefable\n|-damage|p1a: Clefable|0 fnt\n|faint|p1a: Clefable\n|\n|-heal|p2a: Farigiraf|332/362|[from] item: Leftovers\n|upkeep\n|\n|t:|1781402109\n|switch|p1a: Koraidon|Koraidon, L64|235/235\n|-weather|SunnyDay|[from] ability: Orichalcum Pulse|[of] p1a: Koraidon\n|-activate|p1a: Koraidon|Orichalcum Pulse|[source]\n|turn|13\n|\n|t:|1781402116\n|move|p2a: Farigiraf|Protect|p2a: Farigiraf\n|-singleturn|p2a: Farigiraf|Protect\n|move|p1a: Koraidon|U-turn|p2a: Farigiraf\n|-activate|p2a: Farigiraf|move: Protect\n|\n|-weather|SunnyDay|[upkeep]\n|-heal|p2a: Farigiraf|354/362|[from] item: Leftovers\n|upkeep\n|turn|14\n|\n|t:|1781402119\n|move|p1a: Koraidon|U-turn|p2a: Farigiraf\n|-supereffective|p2a: Farigiraf\n|-damage|p2a: Farigiraf|172/362\n|\n|t:|1781402125\n|switch|p1a: Banette|Banette, L93, M|270/270|[from] U-turn\n|move|p2a: Farigiraf|Wish|p2a: Farigiraf\n|\n|-weather|SunnyDay|[upkeep]\n|-heal|p2a: Farigiraf|194/362|[from] item: Leftovers\n|upkeep\n|turn|15\n|\n|t:|1781402138\n|move|p1a: Banette|Gunk Shot|p2a: Farigiraf\n|-damage|p2a: Farigiraf|15/362\n|-damage|p1a: Banette|243/270|[from] item: Life Orb\n|move|p2a: Farigiraf|Psychic Noise|p1a: Banette\n|-damage|p1a: Banette|134/270\n|-start|p1a: Banette|move: Heal Block\n|-start|p2a: Farigiraf|Disable|Psychic Noise|[from] ability: Cursed Body|[of] p1a: Banette\n|\n|-weather|SunnyDay|[upkeep]\n|-heal|p2a: Farigiraf|196/362|[from] move: Wish|[wisher] Farigiraf\n|-heal|p2a: Farigiraf|218/362|[from] item: Leftovers\n|upkeep\n|turn|16\n|\n|t:|1781402160\n|switch|p2a: Raichu|Raichu, L88, F|249/249\n|move|p1a: Banette|Thunder Wave|p2a: Raichu\n|-ability|p2a: Raichu|Lightning Rod|boost\n|-boost|p2a: Raichu|spa|1\n|\n|-weather|SunnyDay|[upkeep]\n|-end|p1a: Banette|move: Heal Block\n|upkeep\n|turn|17\n|\n|t:|1781402169\n|move|p1a: Banette|Shadow Sneak|p2a: Raichu\n|-damage|p2a: Raichu|150/249\n|-damage|p1a: Banette|107/270|[from] item: Life Orb\n|move|p2a: Raichu|Thunderbolt|p1a: Banette\n|-damage|p1a: Banette|0 fnt\n|faint|p1a: Banette\n|\n|-weather|none\n|upkeep\n|\n|t:|1781402176\n|switch|p1a: Koraidon|Koraidon, L64|235/235\n|-weather|SunnyDay|[from] ability: Orichalcum Pulse|[of] p1a: Koraidon\n|-activate|p1a: Koraidon|Orichalcum Pulse|[source]\n|turn|18\n|\n|t:|1781402186\n|switch|p1a: Alcremie|Alcremie-Lemon-Cream, L90, F|263/263\n|move|p2a: Raichu|Volt Switch|p1a: Alcremie\n|-damage|p1a: Alcremie|175/263\n|\n|t:|1781402192\n|switch|p2a: Farigiraf|Farigiraf, L90, M|218/362|[from] Volt Switch\n|\n|-weather|SunnyDay|[upkeep]\n|-heal|p1a: Alcremie|191/263|[from] item: Leftovers\n|-heal|p2a: Farigiraf|240/362|[from] item: Leftovers\n|upkeep\n|turn|19\n|inactive|bluesun000 has 60 seconds left.\n|inactive|bluesun000 has 30 seconds left.\n|\n|t:|1781402232\n|move|p1a: Alcremie|Alluring Voice|p2a: Farigiraf\n|-damage|p2a: Farigiraf|110/362\n|move|p2a: Farigiraf|Body Slam|p1a: Alcremie\n|-damage|p1a: Alcremie|92/263\n|-status|p1a: Alcremie|par\n|\n|-weather|SunnyDay|[upkeep]\n|-heal|p2a: Farigiraf|132/362|[from] item: Leftovers\n|-heal|p1a: Alcremie|108/263 par|[from] item: Leftovers\n|upkeep\n|turn|20\n|inactive|bluesun000 has 30 seconds left.\n|\n|t:|1781402242\n|move|p2a: Farigiraf|Wish|p2a: Farigiraf\n|move|p1a: Alcremie|Alluring Voice|p2a: Farigiraf\n|-damage|p2a: Farigiraf|21/362\n|\n|-weather|SunnyDay|[upkeep]\n|-heal|p2a: Farigiraf|43/362|[from] item: Leftovers\n|-heal|p1a: Alcremie|124/263 par|[from] item: Leftovers\n|upkeep\n|turn|21\n|\n|t:|1781402245\n|move|p2a: Farigiraf|Protect|p2a: Farigiraf\n|-singleturn|p2a: Farigiraf|Protect\n|move|p1a: Alcremie|Recover|p1a: Alcremie\n|-heal|p1a: Alcremie|256/263 par\n|\n|-weather|SunnyDay|[upkeep]\n|-heal|p2a: Farigiraf|224/362|[from] move: Wish|[wisher] Farigiraf\n|-heal|p2a: Farigiraf|246/362|[from] item: Leftovers\n|-heal|p1a: Alcremie|263/263 par|[from] item: Leftovers\n|upkeep\n|turn|22\n|\n|t:|1781402255\n|move|p2a: Farigiraf|Body Slam|p1a: Alcremie\n|-damage|p1a: Alcremie|151/263 par\n|move|p1a: Alcremie|Alluring Voice|p2a: Farigiraf\n|-damage|p2a: Farigiraf|126/362\n|\n|-weather|none\n|-heal|p2a: Farigiraf|148/362|[from] item: Leftovers\n|-heal|p1a: Alcremie|167/263 par|[from] item: Leftovers\n|upkeep\n|turn|23\n|\n|t:|1781402260\n|move|p2a: Farigiraf|Body Slam|p1a: Alcremie\n|-damage|p1a: Alcremie|56/263 par\n|move|p1a: Alcremie|Recover|p1a: Alcremie\n|-heal|p1a: Alcremie|188/263 par\n|\n|-heal|p2a: Farigiraf|170/362|[from] item: Leftovers\n|-heal|p1a: Alcremie|204/263 par|[from] item: Leftovers\n|upkeep\n|turn|24\n|\n|t:|1781402263\n|move|p2a: Farigiraf|Body Slam|p1a: Alcremie\n|-damage|p1a: Alcremie|92/263 par\n|move|p1a: Alcremie|Alluring Voice|p2a: Farigiraf\n|-damage|p2a: Farigiraf|55/362\n|\n|-heal|p2a: Farigiraf|77/362|[from] item: Leftovers\n|-heal|p1a: Alcremie|108/263 par|[from] item: Leftovers\n|upkeep\n|turn|25\n|\n|t:|1781402271\n|move|p2a: Farigiraf|Psychic Noise|p1a: Alcremie\n|-crit|p1a: Alcremie\n|-damage|p1a: Alcremie|0 fnt\n|faint|p1a: Alcremie\n|\n|-heal|p2a: Farigiraf|99/362|[from] item: Leftovers\n|upkeep\n|\n|t:|1781402280\n|switch|p1a: Koraidon|Koraidon, L64|235/235\n|-weather|SunnyDay|[from] ability: Orichalcum Pulse|[of] p1a: Koraidon\n|-activate|p1a: Koraidon|Orichalcum Pulse|[source]\n|turn|26\n|\n|t:|1781402282\n|move|p2a: Farigiraf|Protect|p2a: Farigiraf\n|-singleturn|p2a: Farigiraf|Protect\n|move|p1a: Koraidon|U-turn|p2a: Farigiraf\n|-activate|p2a: Farigiraf|move: Protect\n|\n|-weather|SunnyDay|[upkeep]\n|-heal|p2a: Farigiraf|121/362|[from] item: Leftovers\n|upkeep\n|turn|27\n|\n|t:|1781402290\n|switch|p2a: Giratina|Giratina, L75|348/349\n|-ability|p2a: Giratina|Pressure\n|move|p1a: Koraidon|U-turn|p2a: Giratina\n|-resisted|p2a: Giratina\n|-damage|p2a: Giratina|315/349\n|\n|t:|1781402294\n|switch|p1a: Cramorant|Cramorant, L86, F|261/261|[from] U-turn\n|\n|-weather|SunnyDay|[upkeep]\n|-heal|p2a: Giratina|336/349|[from] item: Leftovers\n|upkeep\n|turn|28\n|inactive|bluesun000 has 90 seconds left.\n|\n|t:|1781402316\n|move|p1a: Cramorant|Surf|p2a: Giratina\n|-formechange|p1a: Cramorant|Cramorant-Gulping|\n|-resisted|p2a: Giratina\n|-damage|p2a: Giratina|318/349\n|move|p2a: Giratina|Will-O-Wisp|p1a: Cramorant\n|-status|p1a: Cramorant|brn\n|\n|-weather|SunnyDay|[upkeep]\n|-heal|p2a: Giratina|339/349|[from] item: Leftovers\n|-damage|p1a: Cramorant|245/261 brn|[from] brn\n|upkeep\n|turn|29\n|\n|t:|1781402334\n|move|p1a: Cramorant|Brave Bird|p2a: Giratina\n|-damage|p2a: Giratina|284/349\n|-damage|p1a: Cramorant|227/261 brn|[from] Recoil\n|move|p2a: Giratina|Dragon Tail|p1a: Cramorant\n|-damage|p1a: Cramorant|158/261 brn\n|-damage|p2a: Giratina|197/349|[from] ability: Gulp Missile|[of] p1a: Cramorant\n|-unboost|p2a: Giratina|def|1\n|-formechange|p1a: Cramorant|Cramorant|\n|drag|p1a: Koraidon|Koraidon, L64|235/235\n|-activate|p1a: Koraidon|ability: Orichalcum Pulse\n|\n|-weather|SunnyDay|[upkeep]\n|-heal|p2a: Giratina|218/349|[from] item: Leftovers\n|upkeep\n|turn|30\n|\n|t:|1781402350\n|switch|p1a: Cramorant|Cramorant, L86, F|158/261 brn\n|move|p2a: Giratina|Dragon Tail|p1a: Cramorant\n|-damage|p1a: Cramorant|86/261 brn\n|drag|p1a: Koraidon|Koraidon, L64|235/235\n|-activate|p1a: Koraidon|ability: Orichalcum Pulse\n|\n|-weather|none\n|-heal|p2a: Giratina|239/349|[from] item: Leftovers\n|upkeep\n|turn|31\n|\n|t:|1781402361\n|move|p1a: Koraidon|Outrage|p2a: Giratina\n|-supereffective|p2a: Giratina\n|-damage|p2a: Giratina|0 fnt\n|faint|p2a: Giratina\n|\n|upkeep\n|\n|t:|1781402363\n|switch|p2a: Indeedee|Indeedee-F, L90, F|272/272\n|-fieldstart|move: Psychic Terrain|[from] ability: Psychic Surge|[of] p2a: Indeedee\n|turn|32\n|\n|t:|1781402365\n|move|p2a: Indeedee|Dazzling Gleam|p1a: Koraidon\n|-supereffective|p1a: Koraidon\n|-damage|p1a: Koraidon|0 fnt\n|faint|p1a: Koraidon\n|\n|upkeep\n|\n|t:|1781402368\n|switch|p1a: Cramorant|Cramorant, L86, F|86/261 brn\n|turn|33\n|\n|t:|1781402376\n|switch|p2a: Raichu|Raichu, L88, F|150/249\n|move|p1a: Cramorant|Roost|p1a: Cramorant\n|-heal|p1a: Cramorant|217/261 brn\n|-singleturn|p1a: Cramorant|move: Roost\n|\n|-damage|p1a: Cramorant|201/261 brn|[from] brn\n|upkeep\n|turn|34\n|\n|t:|1781402382\n|-terastallize|p1a: Cramorant|Ground\n|move|p2a: Raichu|Encore|p1a: Cramorant\n|-start|p1a: Cramorant|Encore\n|move|p1a: Cramorant|Roost|p1a: Cramorant\n|-heal|p1a: Cramorant|261/261 brn\n|\n|-damage|p1a: Cramorant|245/261 brn|[from] brn\n|upkeep\n|turn|35\n|c|\u2606Blendedcats|Gg\n|-message|bluesun000 forfeited.\n|\n|win|Blendedcats\n", "uploadtime": 1781401772, "views": 3, "formatid": "gen9randombattle", "rating": null, "private": 0, "password": null}