{"id": "gen9randombattle-2631523699", "format": "[Gen 9] Random Battle", "players": ["gbbrbybrbrbygn", "Cndjndnfnf"], "log": "|j|\u2606gbbrbybrbrbygn\n|j|\u203dCndjndnfnf\n|t:|1781396321\n|gametype|singles\n|player|p1|gbbrbybrbrbygn|169|1040\n|player|p2|Cndjndnfnf|ltsurge|1047\n|gen|9\n|tier|[Gen 9] Random Battle\n|rated|\n|rule|Species Clause: Limit one of each Pok\u00e9mon\n|rule|HP Percentage Mod: HP is shown in percentages\n|rule|Sleep Clause Mod: Limit one foe put to sleep\n|rule|Illusion Level Mod: Illusion disguises the Pok\u00e9mon's true level\n|\n|t:|1781396321\n|teamsize|p1|6\n|teamsize|p2|6\n|start\n|switch|p1a: Coalossal|Coalossal, L89, M|341/341\n|switch|p2a: Magearna|Magearna, L77|250/250\n|turn|1\n|inactive|Battle timer is ON: inactive players will automatically lose when time's up. (requested by Cndjndnfnf)\n|\n|t:|1781396333\n|-terastallize|p2a: Magearna|Ground\n|move|p2a: Magearna|Tera Blast|p1a: Coalossal|[anim] Tera Blast Ground\n|-supereffective|p1a: Coalossal\n|-damage|p1a: Coalossal|0 fnt\n|faint|p1a: Coalossal\n|-ability|p2a: Magearna|Soul-Heart|boost\n|-boost|p2a: Magearna|spa|1\n|\n|upkeep\n|\n|t:|1781396356\n|switch|p1a: Vaporeon|Vaporeon, L86, M|364/364\n|turn|2\n|\n|t:|1781396363\n|switch|p2a: Scream Tail|Scream Tail, L84|330/330\n|move|p1a: Vaporeon|Calm Mind|p1a: Vaporeon\n|-boost|p1a: Vaporeon|spa|1\n|-boost|p1a: Vaporeon|spd|1\n|\n|upkeep\n|turn|3\n|\n|t:|1781396370\n|move|p1a: Vaporeon|Protect|p1a: Vaporeon\n|-singleturn|p1a: Vaporeon|Protect\n|move|p2a: Scream Tail|Thunder Wave|p1a: Vaporeon\n|-activate|p1a: Vaporeon|move: Protect\n|\n|upkeep\n|turn|4\n|\n|t:|1781396378\n|-terastallize|p1a: Vaporeon|Ground\n|move|p2a: Scream Tail|Play Rough|p1a: Vaporeon\n|-damage|p1a: Vaporeon|274/364\n|move|p1a: Vaporeon|Scald|p2a: Scream Tail\n|-damage|p2a: Scream Tail|219/330\n|\n|-heal|p2a: Scream Tail|239/330|[from] item: Leftovers\n|-heal|p1a: Vaporeon|296/364|[from] item: Leftovers\n|upkeep\n|turn|5\n|\n|t:|1781396392\n|-end|p2a: Scream Tail|Protosynthesis|[silent]\n|switch|p2a: Basculin|Basculin-Blue-Striped, L86, M|261/261\n|move|p1a: Vaporeon|Scald|p2a: Basculin\n|-resisted|p2a: Basculin\n|-damage|p2a: Basculin|168/261\n|\n|-heal|p1a: Vaporeon|318/364|[from] item: Leftovers\n|upkeep\n|turn|6\n|\n|t:|1781396403\n|move|p2a: Basculin|Wave Crash|p1a: Vaporeon\n|-heal|p1a: Vaporeon|364/364|[from] ability: Water Absorb|[of] p2a: Basculin\n|move|p1a: Vaporeon|Calm Mind|p1a: Vaporeon\n|-boost|p1a: Vaporeon|spa|1\n|-boost|p1a: Vaporeon|spd|1\n|\n|upkeep\n|turn|7\n|-message|Cndjndnfnf forfeited.\n|\n|win|gbbrbybrbrbygn\n|raw|gbbrbybrbrbygn's rating: 1040 &rarr; <strong>1075</strong><br />(+35 for winning)\n|raw|Cndjndnfnf's rating: 1047 &rarr; <strong>1030</strong><br />(-17 for losing)\n|l|\u203dCndjndnfnf\n|player|p2|\n", "uploadtime": 1781396411, "views": 3, "formatid": "gen9randombattle", "rating": 1030, "private": 0, "password": null}