{"id": "gen9randombattle-2632006795", "format": "[Gen 9] Random Battle", "players": ["SaberTB", "Knayrus"], "log": "|j|\u2606SaberTB\n|j|\u2606Knayrus\n|t:|1781465234\n|gametype|singles\n|player|p1|SaberTB|169|2032\n|player|p2|Knayrus|drayden|2103\n|gen|9\n|tier|[Gen 9] Random Battle\n|rated|\n|rule|Species Clause: Limit one of each Pok\u00e9mon\n|rule|HP Percentage Mod: HP is shown in percentages\n|rule|Sleep Clause Mod: Limit one foe put to sleep\n|rule|Illusion Level Mod: Illusion disguises the Pok\u00e9mon's true level\n|\n|t:|1781465234\n|teamsize|p1|6\n|teamsize|p2|6\n|start\n|switch|p1a: Tauros|Tauros-Paldea-Combat, L82, M|257/257\n|switch|p2a: Vivillon|Vivillon-Elegant, L83, M|268/268\n|-ability|p1a: Tauros|Intimidate|boost\n|-unboost|p2a: Vivillon|atk|1\n|turn|1\n|\n|t:|1781465240\n|switch|p1a: Mandibuzz|Mandibuzz, L85, F|326/326\n|switch|p2a: Cobalion|Cobalion, L80|277/277\n|\n|upkeep\n|turn|2\n|\n|t:|1781465250\n|move|p2a: Cobalion|Thunder Wave|p1a: Mandibuzz\n|-status|p1a: Mandibuzz|par\n|move|p1a: Mandibuzz|Brave Bird|p2a: Cobalion\n|-damage|p2a: Cobalion|196/277\n|-damage|p1a: Mandibuzz|299/326 par|[from] Recoil\n|\n|-heal|p2a: Cobalion|213/277|[from] item: Leftovers\n|upkeep\n|turn|3\n|\n|t:|1781465257\n|switch|p1a: Tauros|Tauros-Paldea-Combat, L82, M|257/257\n|-ability|p1a: Tauros|Intimidate|boost\n|-unboost|p2a: Cobalion|atk|1\n|move|p2a: Cobalion|Iron Head|p1a: Tauros\n|-damage|p1a: Tauros|209/257\n|\n|-heal|p2a: Cobalion|230/277|[from] item: Leftovers\n|upkeep\n|turn|4\n|\n|t:|1781465268\n|switch|p2a: Vivillon|Vivillon-Elegant, L83, M|268/268\n|move|p1a: Tauros|Close Combat|p2a: Vivillon\n|-resisted|p2a: Vivillon\n|-damage|p2a: Vivillon|195/268\n|-unboost|p1a: Tauros|def|1\n|-unboost|p1a: Tauros|spd|1\n|\n|upkeep\n|turn|5\n|\n|t:|1781465280\n|switch|p1a: Mandibuzz|Mandibuzz, L85, F|299/326 par\n|move|p2a: Vivillon|Hurricane|p1a: Mandibuzz|[miss]\n|-miss|p2a: Vivillon|p1a: Mandibuzz\n|\n|upkeep\n|turn|6\n|\n|t:|1781465290\n|switch|p2a: Dunsparce|Dunsparce, L86, F|312/312\n|move|p1a: Mandibuzz|Brave Bird|p2a: Dunsparce\n|-damage|p2a: Dunsparce|231/312\n|-damage|p1a: Mandibuzz|272/326 par|[from] Recoil\n|\n|upkeep\n|turn|7\n|\n|t:|1781465296\n|switch|p2a: Cobalion|Cobalion, L80|230/277\n|move|p1a: Mandibuzz|Toxic|p2a: Cobalion\n|-immune|p2a: Cobalion\n|\n|-heal|p2a: Cobalion|247/277|[from] item: Leftovers\n|upkeep\n|turn|8\n|\n|t:|1781465300\n|move|p2a: Cobalion|Iron Defense|p2a: Cobalion\n|-boost|p2a: Cobalion|def|2\n|move|p1a: Mandibuzz|Brave Bird|p2a: Cobalion\n|-damage|p2a: Cobalion|210/277\n|-damage|p1a: Mandibuzz|260/326 par|[from] Recoil\n|\n|-heal|p2a: Cobalion|227/277|[from] item: Leftovers\n|upkeep\n|turn|9\n|\n|t:|1781465310\n|switch|p1a: Ceruledge|Ceruledge, L78, M|245/245\n|move|p2a: Cobalion|Body Press|p1a: Ceruledge\n|-immune|p1a: Ceruledge\n|\n|-heal|p2a: Cobalion|244/277|[from] item: Leftovers\n|upkeep\n|turn|10\n|inactive|Battle timer is ON: inactive players will automatically lose when time's up. (requested by Knayrus)\n|\n|t:|1781465317\n|move|p2a: Cobalion|Thunder Wave|p1a: Ceruledge\n|-status|p1a: Ceruledge|par\n|move|p1a: Ceruledge|Swords Dance|p1a: Ceruledge\n|-boost|p1a: Ceruledge|atk|2\n|\n|-heal|p2a: Cobalion|261/277|[from] item: Leftovers\n|upkeep\n|turn|11\n|\n|t:|1781465324\n|switch|p2a: Lapras|Lapras, L87, M|367/367\n|move|p1a: Ceruledge|Bitter Blade|p2a: Lapras\n|-damage|p2a: Lapras|142/367\n|\n|upkeep\n|turn|12\n|\n|t:|1781465338\n|move|p2a: Lapras|Waterfall|p1a: Ceruledge\n|-supereffective|p1a: Ceruledge\n|-damage|p1a: Ceruledge|65/245 par\n|-ability|p1a: Ceruledge|Weak Armor|boost\n|-unboost|p1a: Ceruledge|def|1\n|-boost|p1a: Ceruledge|spe|2\n|cant|p1a: Ceruledge|flinch\n|\n|upkeep\n|turn|13\n|\n|t:|1781465345\n|move|p1a: Ceruledge|Bitter Blade|p2a: Lapras\n|-damage|p2a: Lapras|0 fnt\n|-heal|p1a: Ceruledge|136/245 par|[from] drain|[of] p2a: Lapras\n|faint|p2a: Lapras\n|\n|upkeep\n|\n|t:|1781465356\n|switch|p2a: Noivern|Noivern, L82, M|274/274\n|turn|14\n|\n|t:|1781465363\n|switch|p1a: Mandibuzz|Mandibuzz, L85, F|260/326 par\n|move|p2a: Noivern|Draco Meteor|p1a: Mandibuzz\n|-damage|p1a: Mandibuzz|133/326 par\n|-unboost|p2a: Noivern|spa|2\n|\n|upkeep\n|turn|15\n|\n|t:|1781465370\n|switch|p2a: Dunsparce|Dunsparce, L86, F|231/312\n|move|p1a: Mandibuzz|Roost|p1a: Mandibuzz\n|-heal|p1a: Mandibuzz|296/326 par\n|-singleturn|p1a: Mandibuzz|move: Roost\n|\n|upkeep\n|turn|16\n|\n|t:|1781465375\n|switch|p2a: Cobalion|Cobalion, L80|261/277\n|move|p1a: Mandibuzz|Brave Bird|p2a: Cobalion\n|-damage|p2a: Cobalion|186/277\n|-damage|p1a: Mandibuzz|271/326 par|[from] Recoil\n|\n|-heal|p2a: Cobalion|203/277|[from] item: Leftovers\n|upkeep\n|turn|17\n|\n|t:|1781465387\n|move|p2a: Cobalion|Iron Defense|p2a: Cobalion\n|-boost|p2a: Cobalion|def|2\n|move|p1a: Mandibuzz|Brave Bird|p2a: Cobalion\n|-damage|p2a: Cobalion|163/277\n|-damage|p1a: Mandibuzz|258/326 par|[from] Recoil\n|\n|-heal|p2a: Cobalion|180/277|[from] item: Leftovers\n|upkeep\n|turn|18\n|\n|t:|1781465392\n|switch|p1a: Ceruledge|Ceruledge, L78, M|136/245 par\n|move|p2a: Cobalion|Iron Defense|p2a: Cobalion\n|-boost|p2a: Cobalion|def|2\n|\n|-heal|p2a: Cobalion|197/277|[from] item: Leftovers\n|upkeep\n|turn|19\n|\n|t:|1781465400\n|move|p2a: Cobalion|Iron Head|p1a: Ceruledge\n|-resisted|p1a: Ceruledge\n|-damage|p1a: Ceruledge|97/245 par\n|-ability|p1a: Ceruledge|Weak Armor|boost\n|-unboost|p1a: Ceruledge|def|1\n|-boost|p1a: Ceruledge|spe|2\n|cant|p1a: Ceruledge|par\n|\n|-heal|p2a: Cobalion|214/277|[from] item: Leftovers\n|upkeep\n|turn|20\n|\n|t:|1781465407\n|move|p2a: Cobalion|Iron Head|p1a: Ceruledge\n|-resisted|p1a: Ceruledge\n|-damage|p1a: Ceruledge|38/245 par\n|-ability|p1a: Ceruledge|Weak Armor|boost\n|-unboost|p1a: Ceruledge|def|1\n|-boost|p1a: Ceruledge|spe|2\n|move|p1a: Ceruledge|Bitter Blade|p2a: Cobalion\n|-supereffective|p2a: Cobalion\n|-damage|p2a: Cobalion|164/277\n|-heal|p1a: Ceruledge|63/245 par|[from] drain|[of] p2a: Cobalion\n|\n|-heal|p2a: Cobalion|181/277|[from] item: Leftovers\n|upkeep\n|turn|21\n|\n|t:|1781465416\n|move|p1a: Ceruledge|Bitter Blade|p2a: Cobalion\n|-supereffective|p2a: Cobalion\n|-damage|p2a: Cobalion|127/277\n|-heal|p1a: Ceruledge|90/245 par|[from] drain|[of] p2a: Cobalion\n|move|p2a: Cobalion|Iron Head|p1a: Ceruledge\n|-resisted|p1a: Ceruledge\n|-damage|p1a: Ceruledge|0 fnt\n|faint|p1a: Ceruledge\n|\n|-heal|p2a: Cobalion|144/277|[from] item: Leftovers\n|upkeep\n|\n|t:|1781465434\n|switch|p1a: Cobalion|Cobalion, L80|277/277\n|turn|22\n|\n|t:|1781465439\n|move|p2a: Cobalion|Thunder Wave|p1a: Cobalion\n|-status|p1a: Cobalion|par\n|cant|p1a: Cobalion|par\n|\n|-heal|p2a: Cobalion|161/277|[from] item: Leftovers\n|upkeep\n|turn|23\n|-message|SaberTB forfeited.\n|\n|win|Knayrus\n", "uploadtime": 1781465235, "views": 5, "formatid": "gen9randombattle", "rating": null, "private": 0, "password": null}