{"id": "gen9randombattle-2631652061", "format": "[Gen 9] Random Battle", "players": ["nobody22", "RainerZufall2"], "log": "|j|\u2606nobody22\n|j|\u2606RainerZufall2\n|t:|1781415249\n|gametype|singles\n|player|p1|nobody22|2|1950\n|player|p2|RainerZufall2|266|1905\n|gen|9\n|tier|[Gen 9] Random Battle\n|rated|\n|rule|Species Clause: Limit one of each Pok\u00e9mon\n|rule|HP Percentage Mod: HP is shown in percentages\n|rule|Sleep Clause Mod: Limit one foe put to sleep\n|rule|Illusion Level Mod: Illusion disguises the Pok\u00e9mon's true level\n|\n|t:|1781415249\n|teamsize|p1|6\n|teamsize|p2|6\n|start\n|switch|p1a: Avalugg|Avalugg, L88, F|310/310\n|switch|p2a: Gyarados|Gyarados, L79, M|280/280\n|-ability|p2a: Gyarados|Intimidate|boost\n|-unboost|p1a: Avalugg|atk|1\n|turn|1\n|inactive|Battle timer is ON: inactive players will automatically lose when time's up. (requested by RainerZufall2)\n|\n|t:|1781415265\n|switch|p2a: Misdreavus|Misdreavus, L90, F|254/254\n|move|p1a: Avalugg|Body Press|p2a: Misdreavus\n|-immune|p2a: Misdreavus\n|\n|upkeep\n|turn|2\n|\n|t:|1781415271\n|switch|p1a: Tauros|Tauros-Paldea-Blaze, L81, M|252/252\n|move|p2a: Misdreavus|Calm Mind|p2a: Misdreavus\n|-boost|p2a: Misdreavus|spa|1\n|-boost|p2a: Misdreavus|spd|1\n|\n|upkeep\n|turn|3\n|\n|t:|1781415279\n|move|p1a: Tauros|Bulk Up|p1a: Tauros\n|-boost|p1a: Tauros|atk|1\n|-boost|p1a: Tauros|def|1\n|move|p2a: Misdreavus|Draining Kiss|p1a: Tauros\n|-damage|p1a: Tauros|190/252\n|\n|upkeep\n|turn|4\n|\n|t:|1781415284\n|switch|p2a: Gyarados|Gyarados, L79, M|280/280\n|-ability|p2a: Gyarados|Intimidate|boost\n|-unboost|p1a: Tauros|atk|1\n|move|p1a: Tauros|Raging Bull|p2a: Gyarados\n|-resisted|p2a: Gyarados\n|-damage|p2a: Gyarados|220/280\n|\n|upkeep\n|turn|5\n|\n|t:|1781415288\n|switch|p1a: Avalugg|Avalugg, L88, F|310/310\n|move|p2a: Gyarados|Waterfall|p1a: Avalugg\n|-damage|p1a: Avalugg|259/310\n|\n|upkeep\n|turn|6\n|\n|t:|1781415293\n|switch|p2a: Misdreavus|Misdreavus, L90, F|254/254\n|move|p1a: Avalugg|Avalanche|p2a: Misdreavus\n|-damage|p2a: Misdreavus|182/254\n|\n|upkeep\n|turn|7\n|\n|t:|1781415300\n|switch|p1a: Tauros|Tauros-Paldea-Blaze, L81, M|190/252\n|move|p2a: Misdreavus|Shadow Ball|p1a: Tauros\n|-damage|p1a: Tauros|79/252\n|-enditem|p1a: Tauros|Sitrus Berry|[eat]\n|-heal|p1a: Tauros|142/252|[from] item: Sitrus Berry\n|\n|upkeep\n|turn|8\n|\n|t:|1781415303\n|switch|p2a: Gyarados|Gyarados, L79, M|220/280\n|-ability|p2a: Gyarados|Intimidate|boost\n|-unboost|p1a: Tauros|atk|1\n|move|p1a: Tauros|Substitute|p1a: Tauros\n|-start|p1a: Tauros|Substitute\n|-damage|p1a: Tauros|79/252\n|\n|-activate|p1a: Tauros|ability: Cud Chew\n|-enditem|p1a: Tauros|Sitrus Berry|[eat]\n|-heal|p1a: Tauros|142/252|[from] item: Sitrus Berry\n|upkeep\n|turn|9\n|\n|t:|1781415310\n|move|p1a: Tauros|Raging Bull|p2a: Gyarados\n|-resisted|p2a: Gyarados\n|-damage|p2a: Gyarados|184/280\n|move|p2a: Gyarados|Waterfall|p1a: Tauros\n|-supereffective|p1a: Tauros\n|-end|p1a: Tauros|Substitute\n|\n|upkeep\n|turn|10\n|\n|t:|1781415313\n|switch|p1a: Iron Leaves|Iron Leaves, L80|275/275\n|move|p2a: Gyarados|Waterfall|p1a: Iron Leaves\n|-resisted|p1a: Iron Leaves\n|-damage|p1a: Iron Leaves|228/275\n|\n|upkeep\n|turn|11\n|\n|t:|1781415320\n|switch|p2a: Misdreavus|Misdreavus, L90, F|182/254\n|move|p1a: Iron Leaves|Leaf Blade|p2a: Misdreavus\n|-damage|p2a: Misdreavus|52/254\n|\n|upkeep\n|turn|12\n|\n|t:|1781415327\n|switch|p2a: Serperior|Serperior, L79, F|248/248\n|move|p1a: Iron Leaves|Leaf Blade|p2a: Serperior\n|-resisted|p2a: Serperior\n|-damage|p2a: Serperior|172/248\n|\n|-heal|p2a: Serperior|187/248|[from] item: Leftovers\n|upkeep\n|turn|13\n|\n|t:|1781415349\n|move|p2a: Serperior|Leaf Storm|p1a: Iron Leaves\n|-resisted|p1a: Iron Leaves\n|-damage|p1a: Iron Leaves|183/275\n|-boost|p2a: Serperior|spa|2\n|move|p1a: Iron Leaves|Leaf Blade|p2a: Serperior\n|-resisted|p2a: Serperior\n|-damage|p2a: Serperior|97/248\n|\n|-heal|p2a: Serperior|112/248|[from] item: Leftovers\n|upkeep\n|turn|14\n|\n|t:|1781415365\n|-end|p1a: Iron Leaves|Quark Drive|[silent]\n|switch|p1a: Hydrapple|Hydrapple, L83, M|312/312\n|move|p2a: Serperior|Leaf Storm|p1a: Hydrapple\n|-resisted|p1a: Hydrapple\n|-damage|p1a: Hydrapple|276/312\n|-boost|p2a: Serperior|spa|2\n|\n|-heal|p2a: Serperior|127/248|[from] item: Leftovers\n|upkeep\n|turn|15\n|\n|t:|1781415374\n|switch|p2a: Blissey|Blissey, L85, F|572/572\n|move|p1a: Hydrapple|Fickle Beam|p2a: Blissey\n|-damage|p2a: Blissey|499/572\n|\n|-heal|p2a: Blissey|534/572|[from] item: Leftovers\n|upkeep\n|turn|16\n|\n|t:|1781415376\n|switch|p1a: Tauros|Tauros-Paldea-Blaze, L81, M|142/252\n|move|p2a: Blissey|Thunder Wave|p1a: Tauros\n|-status|p1a: Tauros|par\n|\n|-heal|p2a: Blissey|569/572|[from] item: Leftovers\n|upkeep\n|turn|17\n|\n|t:|1781415381\n|switch|p2a: Misdreavus|Misdreavus, L90, F|52/254\n|move|p1a: Tauros|Raging Bull|p2a: Misdreavus\n|-damage|p2a: Misdreavus|0 fnt\n|faint|p2a: Misdreavus\n|\n|upkeep\n|\n|t:|1781415385\n|switch|p2a: Gyarados|Gyarados, L79, M|184/280\n|-ability|p2a: Gyarados|Intimidate|boost\n|-unboost|p1a: Tauros|atk|1\n|turn|18\n|\n|t:|1781415387\n|switch|p1a: Avalugg|Avalugg, L88, F|259/310\n|move|p2a: Gyarados|Stone Edge|p1a: Avalugg\n|-supereffective|p1a: Avalugg\n|-damage|p1a: Avalugg|185/310\n|\n|upkeep\n|turn|19\n|\n|t:|1781415406\n|move|p2a: Gyarados|Stone Edge|p1a: Avalugg\n|-supereffective|p1a: Avalugg\n|-damage|p1a: Avalugg|109/310\n|move|p1a: Avalugg|Recover|p1a: Avalugg\n|-heal|p1a: Avalugg|264/310\n|\n|upkeep\n|turn|20\n|\n|t:|1781415413\n|move|p2a: Gyarados|Stone Edge|p1a: Avalugg\n|-supereffective|p1a: Avalugg\n|-damage|p1a: Avalugg|188/310\n|move|p1a: Avalugg|Recover|p1a: Avalugg\n|-heal|p1a: Avalugg|310/310\n|\n|upkeep\n|turn|21\n|\n|t:|1781415417\n|move|p2a: Gyarados|Stone Edge|p1a: Avalugg\n|-supereffective|p1a: Avalugg\n|-damage|p1a: Avalugg|228/310\n|move|p1a: Avalugg|Avalanche|p2a: Gyarados\n|-damage|p2a: Gyarados|0 fnt\n|faint|p2a: Gyarados\n|\n|upkeep\n|\n|t:|1781415422\n|switch|p2a: Hoopa|Hoopa, L85|275/275\n|turn|22\n|\n|t:|1781415428\n|switch|p1a: Smeargle|Smeargle, L95, F|258/258\n|move|p2a: Hoopa|Shadow Ball|p1a: Smeargle\n|-immune|p1a: Smeargle\n|\n|upkeep\n|turn|23\n|\n|t:|1781415432\n|switch|p2a: Blissey|Blissey, L85, F|569/572\n|move|p1a: Smeargle|Spore|p2a: Blissey\n|-status|p2a: Blissey|slp|[from] move: Spore\n|\n|-heal|p2a: Blissey|572/572 slp|[from] item: Leftovers\n|upkeep\n|turn|24\n|\n|t:|1781415435\n|-curestatus|p2a: Blissey|slp|[from] ability: Natural Cure|[silent]\n|switch|p2a: Serperior|Serperior, L79, F|127/248\n|move|p1a: Smeargle|Shell Smash|p1a: Smeargle\n|-unboost|p1a: Smeargle|def|1\n|-unboost|p1a: Smeargle|spd|1\n|-boost|p1a: Smeargle|atk|2\n|-boost|p1a: Smeargle|spa|2\n|-boost|p1a: Smeargle|spe|2\n|\n|-heal|p2a: Serperior|142/248|[from] item: Leftovers\n|upkeep\n|turn|25\n|\n|t:|1781415440\n|move|p1a: Smeargle|Population Bomb|p2a: Serperior\n|-damage|p2a: Serperior|109/248\n|-damage|p2a: Serperior|78/248\n|-damage|p2a: Serperior|47/248\n|-damage|p2a: Serperior|17/248\n|-damage|p2a: Serperior|0 fnt\n|faint|p2a: Serperior\n|-hitcount|p2: Serperior|5\n|\n|upkeep\n|l|\u2606RainerZufall2\n|inactive|RainerZufall2 disconnected and has a minute to reconnect!\n|player|p2|\n|inactive|RainerZufall2 has 30 seconds to reconnect!\n|inactive|RainerZufall2 has 20 seconds to reconnect!\n|inactive|RainerZufall2 has 15 seconds to reconnect!\n|inactive|RainerZufall2 has 10 seconds to reconnect!\n|inactive|RainerZufall2 has 5 seconds to reconnect!\n|-message|RainerZufall2 lost due to inactivity.\n|\n|win|nobody22\n", "uploadtime": 1781415251, "views": 5, "formatid": "gen9randombattle", "rating": null, "private": 0, "password": null}