{"id": "gen9randombattle-2631377930", "format": "[Gen 9] Random Battle", "players": ["xRailyx", "Karlen"], "log": "|j|\u2606xRailyx\n|j|\u2606Karlen\n|t:|1781377540\n|gametype|singles\n|player|p1|xRailyx|backpacker|1350\n|player|p2|Karlen|1|1391\n|gen|9\n|tier|[Gen 9] Random Battle\n|rated|\n|rule|Species Clause: Limit one of each Pok\u00e9mon\n|rule|HP Percentage Mod: HP is shown in percentages\n|rule|Sleep Clause Mod: Limit one foe put to sleep\n|rule|Illusion Level Mod: Illusion disguises the Pok\u00e9mon's true level\n|\n|t:|1781377540\n|teamsize|p1|6\n|teamsize|p2|6\n|start\n|switch|p1a: Groudon|Groudon, L72|263/263\n|switch|p2a: Furret|Furret, L94, F|312/312\n|-item|p1a: Groudon|Leftovers|[from] ability: Frisk|[of] p2a: Furret\n|-weather|SunnyDay|[from] ability: Drought|[of] p1a: Groudon\n|turn|1\n|inactive|Battle timer is ON: inactive players will automatically lose when time's up. (requested by Karlen)\n|inactive|Karlen has 120 seconds left.\n|\n|t:|1781377574\n|switch|p2a: Sinistcha|Sinistcha-Masterpiece, L83|254/254\n|move|p1a: Groudon|Will-O-Wisp|p2a: Sinistcha\n|-status|p2a: Sinistcha|brn\n|\n|-weather|SunnyDay|[upkeep]\n|-damage|p2a: Sinistcha|247/254 brn|[from] brn\n|upkeep\n|turn|2\n|\n|t:|1781377588\n|move|p1a: Groudon|Heat Crash|p2a: Sinistcha\n|-supereffective|p2a: Sinistcha\n|-damage|p2a: Sinistcha|125/254 brn\n|move|p2a: Sinistcha|Matcha Gotcha|p1a: Groudon\n|-supereffective|p1a: Groudon\n|-damage|p1a: Groudon|41/263\n|-heal|p2a: Sinistcha|236/254 brn|[from] drain|[of] p1a: Groudon\n|\n|-weather|SunnyDay|[upkeep]\n|-heal|p1a: Groudon|57/263|[from] item: Leftovers\n|-heal|p2a: Sinistcha|251/254 brn|[from] item: Leftovers\n|-damage|p2a: Sinistcha|244/254 brn|[from] brn\n|upkeep\n|turn|3\n|\n|t:|1781377603\n|switch|p1a: Skeledirge|Skeledirge, L79, M|294/294\n|move|p2a: Sinistcha|Matcha Gotcha|p1a: Skeledirge\n|-resisted|p1a: Skeledirge\n|-damage|p1a: Skeledirge|233/294\n|-heal|p2a: Sinistcha|254/254 brn|[from] drain|[of] p1a: Skeledirge\n|\n|-weather|SunnyDay|[upkeep]\n|-damage|p2a: Sinistcha|247/254 brn|[from] brn\n|upkeep\n|turn|4\n|\n|t:|1781377616\n|move|p2a: Sinistcha|Shadow Ball|p1a: Skeledirge\n|-supereffective|p1a: Skeledirge\n|-damage|p1a: Skeledirge|0 fnt\n|faint|p1a: Skeledirge\n|\n|-weather|SunnyDay|[upkeep]\n|-heal|p2a: Sinistcha|254/254 brn|[from] item: Leftovers\n|-damage|p2a: Sinistcha|247/254 brn|[from] brn\n|upkeep\n|\n|t:|1781377622\n|switch|p1a: Dodrio|Dodrio, L85, F|241/241\n|turn|5\n|\n|t:|1781377642\n|switch|p2a: Rhydon|Rhydon, L85, M|317/317\n|move|p1a: Dodrio|Brave Bird|p2a: Rhydon\n|-resisted|p2a: Rhydon\n|-damage|p2a: Rhydon|263/317\n|-damage|p1a: Dodrio|223/241|[from] Recoil\n|\n|-weather|none\n|upkeep\n|turn|6\n|\n|t:|1781377663\n|switch|p1a: Ogerpon|Ogerpon, L80, F|259/259\n|move|p2a: Rhydon|Stone Edge|p1a: Ogerpon\n|-damage|p1a: Ogerpon|117/259\n|\n|-heal|p1a: Ogerpon|133/259|[from] item: Leftovers\n|upkeep\n|turn|7\n|\n|t:|1781377680\n|-terastallize|p2a: Rhydon|Flying\n|move|p1a: Ogerpon|Ivy Cudgel|p2a: Rhydon\n|-resisted|p2a: Rhydon\n|-damage|p2a: Rhydon|236/317\n|move|p2a: Rhydon|Megahorn|p1a: Ogerpon\n|-supereffective|p1a: Ogerpon\n|-damage|p1a: Ogerpon|0 fnt\n|faint|p1a: Ogerpon\n|\n|upkeep\n|\n|t:|1781377698\n|switch|p1a: Groudon|Groudon, L72|57/263\n|-weather|SunnyDay|[from] ability: Drought|[of] p1a: Groudon\n|turn|8\n|\n|t:|1781377717\n|switch|p2a: Sinistcha|Sinistcha-Masterpiece, L83|247/254 brn\n|move|p1a: Groudon|Will-O-Wisp|p2a: Sinistcha\n|-fail|p2a: Sinistcha|brn\n|\n|-weather|SunnyDay|[upkeep]\n|-heal|p1a: Groudon|73/263|[from] item: Leftovers\n|-heal|p2a: Sinistcha|254/254 brn|[from] item: Leftovers\n|-damage|p2a: Sinistcha|247/254 brn|[from] brn\n|upkeep\n|turn|9\n|\n|t:|1781377731\n|switch|p1a: Dodrio|Dodrio, L85, F|223/241\n|move|p2a: Sinistcha|Matcha Gotcha|p1a: Dodrio\n|-resisted|p1a: Dodrio\n|-crit|p1a: Dodrio\n|-damage|p1a: Dodrio|129/241\n|-heal|p2a: Sinistcha|254/254 brn|[from] drain|[of] p1a: Dodrio\n|\n|-weather|SunnyDay|[upkeep]\n|-damage|p2a: Sinistcha|247/254 brn|[from] brn\n|upkeep\n|turn|10\n|inactive|Karlen has 120 seconds left.\n|\n|t:|1781377749\n|switch|p2a: Rhydon|Rhydon, L85, M, tera:Flying|236/317\n|move|p1a: Dodrio|Brave Bird|p2a: Rhydon\n|-damage|p2a: Rhydon|116/317\n|-damage|p1a: Dodrio|89/241|[from] Recoil\n|\n|-weather|SunnyDay|[upkeep]\n|upkeep\n|turn|11\n|inactive|Karlen has 120 seconds left.\n|\n|t:|1781377759\n|switch|p1a: Perrserker|Perrserker, L89, F|269/269\n|move|p2a: Rhydon|Stone Edge|p1a: Perrserker\n|-resisted|p1a: Perrserker\n|-damage|p1a: Perrserker|214/269\n|\n|-weather|SunnyDay|[upkeep]\n|upkeep\n|turn|12\n|inactive|Karlen has 120 seconds left.\n|\n|t:|1781377770\n|move|p1a: Perrserker|Iron Head|p2a: Rhydon\n|-damage|p2a: Rhydon|25/317\n|-damage|p1a: Perrserker|188/269|[from] item: Life Orb\n|cant|p2a: Rhydon|flinch\n|\n|-weather|none\n|upkeep\n|turn|13\n|\n|t:|1781377778\n|move|p1a: Perrserker|Knock Off|p2a: Rhydon\n|-damage|p2a: Rhydon|0 fnt\n|-enditem|p2a: Rhydon|Eviolite|[from] move: Knock Off|[of] p1a: Perrserker\n|faint|p2a: Rhydon\n|-damage|p1a: Perrserker|162/269|[from] item: Life Orb\n|\n|upkeep\n|inactive|Karlen has 120 seconds left.\n|\n|t:|1781377813\n|switch|p2a: Gallade|Gallade, L80, M|240/240\n|turn|14\n|\n|t:|1781377826\n|-terastallize|p1a: Perrserker|Fighting\n|move|p2a: Gallade|Sacred Sword|p1a: Perrserker\n|-damage|p1a: Perrserker|12/269\n|move|p1a: Perrserker|Close Combat|p2a: Gallade\n|-resisted|p2a: Gallade\n|-damage|p2a: Gallade|63/240\n|-unboost|p1a: Perrserker|def|1\n|-unboost|p1a: Perrserker|spd|1\n|-damage|p1a: Perrserker|0 fnt|[from] item: Life Orb\n|faint|p1a: Perrserker\n|\n|upkeep\n|\n|t:|1781377837\n|switch|p1a: Dodrio|Dodrio, L85, F|89/241\n|turn|15\n|inactive|Karlen has 120 seconds left.\n|\n|t:|1781377845\n|switch|p2a: Pincurchin|Pincurchin, F|258/258\n|-fieldstart|move: Electric Terrain|[from] ability: Electric Surge|[of] p2a: Pincurchin\n|move|p1a: Dodrio|Drill Run|p2a: Pincurchin\n|-supereffective|p2a: Pincurchin\n|-crit|p2a: Pincurchin\n|-damage|p2a: Pincurchin|38/258\n|\n|-heal|p2a: Pincurchin|54/258|[from] item: Leftovers\n|upkeep\n|turn|16\n|inactive|Karlen has 120 seconds left.\n|\n|t:|1781377858\n|move|p1a: Dodrio|Drill Run|p2a: Pincurchin\n|-supereffective|p2a: Pincurchin\n|-damage|p2a: Pincurchin|0 fnt\n|faint|p2a: Pincurchin\n|\n|upkeep\n|inactive|Karlen has 120 seconds left.\n|\n|t:|1781377884\n|switch|p2a: Furret|Furret, L94, F|312/312\n|-item|p1a: Dodrio|Choice Band|[from] ability: Frisk|[of] p2a: Furret\n|turn|17\n|\n|t:|1781377897\n|switch|p1a: Passimian|Passimian, L83, M|302/302\n|move|p2a: Furret|Double-Edge|p1a: Passimian\n|-damage|p1a: Passimian|130/302\n|-damage|p2a: Furret|255/312|[from] Recoil\n|-damage|p2a: Furret|224/312|[from] item: Life Orb\n|\n|upkeep\n|turn|18\n|\n|t:|1781377906\n|move|p1a: Passimian|Knock Off|p2a: Furret\n|-damage|p2a: Furret|127/312\n|-enditem|p2a: Furret|Life Orb|[from] move: Knock Off|[of] p1a: Passimian\n|move|p2a: Furret|Double-Edge|p1a: Passimian\n|-damage|p1a: Passimian|1/302\n|-damage|p2a: Furret|84/312|[from] Recoil\n|\n|upkeep\n|turn|19\n|\n|t:|1781377925\n|switch|p1a: Groudon|Groudon, L72|73/263\n|-weather|SunnyDay|[from] ability: Drought|[of] p1a: Groudon\n|move|p2a: Furret|Knock Off|p1a: Groudon\n|-damage|p1a: Groudon|18/263\n|-enditem|p1a: Groudon|Leftovers|[from] move: Knock Off|[of] p2a: Furret\n|\n|-weather|SunnyDay|[upkeep]\n|-fieldend|move: Electric Terrain\n|upkeep\n|turn|20\n|\n|t:|1781377941\n|move|p2a: Furret|Knock Off|p1a: Groudon\n|-damage|p1a: Groudon|0 fnt\n|faint|p1a: Groudon\n|\n|-weather|SunnyDay|[upkeep]\n|upkeep\n|\n|t:|1781377953\n|switch|p1a: Passimian|Passimian, L83, M|1/302\n|turn|21\n|\n|t:|1781377961\n|move|p1a: Passimian|Gunk Shot|p2a: Furret\n|-damage|p2a: Furret|0 fnt\n|faint|p2a: Furret\n|\n|-weather|SunnyDay|[upkeep]\n|upkeep\n|\n|t:|1781377978\n|switch|p2a: Gallade|Gallade, L80, M|63/240\n|turn|22\n|\n|t:|1781377987\n|move|p1a: Passimian|Gunk Shot|p2a: Gallade\n|-damage|p2a: Gallade|0 fnt\n|faint|p2a: Gallade\n|\n|-weather|SunnyDay|[upkeep]\n|upkeep\n|\n|t:|1781377997\n|switch|p2a: Mienshao|Mienshao, L83, F|244/244\n|turn|23\n|\n|t:|1781378003\n|move|p1a: Passimian|Gunk Shot|p2a: Mienshao\n|-damage|p2a: Mienshao|104/244\n|-status|p2a: Mienshao|psn\n|move|p2a: Mienshao|Knock Off|p1a: Passimian\n|-resisted|p1a: Passimian\n|-damage|p1a: Passimian|0 fnt\n|-enditem|p1a: Passimian|Choice Scarf|[from] move: Knock Off|[of] p2a: Mienshao\n|faint|p1a: Passimian\n|-damage|p2a: Mienshao|80/244 psn|[from] item: Life Orb\n|\n|-weather|none\n|-damage|p2a: Mienshao|50/244 psn|[from] psn\n|upkeep\n|\n|t:|1781378009\n|switch|p1a: Dodrio|Dodrio, L85, F|89/241\n|turn|24\n|inactive|Karlen has 120 seconds left.\n|\n|t:|1781378031\n|move|p1a: Dodrio|Brave Bird|p2a: Mienshao\n|-supereffective|p2a: Mienshao\n|-damage|p2a: Mienshao|0 fnt\n|faint|p2a: Mienshao\n|-damage|p1a: Dodrio|72/241|[from] Recoil\n|\n|upkeep\n|\n|t:|1781378038\n|switch|p2a: Sinistcha|Sinistcha-Masterpiece, L83|247/254 brn\n|turn|25\n|\n|t:|1781378053\n|move|p1a: Dodrio|Brave Bird|p2a: Sinistcha\n|-supereffective|p2a: Sinistcha\n|-damage|p2a: Sinistcha|0 fnt\n|faint|p2a: Sinistcha\n|-damage|p1a: Dodrio|0 fnt|[from] Recoil\n|faint|p1a: Dodrio\n|\n|win|xRailyx\n|raw|xRailyx's rating: 1350 &rarr; <strong>1372</strong><br />(+22 for winning)\n|raw|Karlen's rating: 1391 &rarr; <strong>1369</strong><br />(-22 for losing)\n|l|\u2606Karlen\n|player|p2|\n|c|\u2606xRailyx|oof\n", "uploadtime": 1781378069, "views": 6, "formatid": "gen9randombattle", "rating": 1369, "private": 0, "password": null}