{"id": "gen9randombattle-2631906253", "format": "[Gen 9] Random Battle", "players": ["heykoul", "itsbaloney"], "log": "|j|\u2606heykoul\n|j|\u2606itsbaloney\n|t:|1781454226\n|gametype|singles\n|player|p1|heykoul|266|1928\n|player|p2|itsbaloney|giovanni|2029\n|gen|9\n|tier|[Gen 9] Random Battle\n|rated|\n|rule|Species Clause: Limit one of each Pok\u00e9mon\n|rule|HP Percentage Mod: HP is shown in percentages\n|rule|Sleep Clause Mod: Limit one foe put to sleep\n|rule|Illusion Level Mod: Illusion disguises the Pok\u00e9mon's true level\n|\n|t:|1781454226\n|teamsize|p1|6\n|teamsize|p2|6\n|start\n|switch|p1a: Lapras|Lapras, L87, F|367/367\n|switch|p2a: Breloom|Breloom, L83, F|235/235\n|turn|1\n|inactive|Battle timer is ON: inactive players will automatically lose when time's up. (requested by heykoul)\n|\n|t:|1781454246\n|switch|p1a: Scyther|Scyther, L82, F|249/249\n|move|p2a: Breloom|Spore|p1a: Scyther\n|-status|p1a: Scyther|slp|[from] move: Spore\n|\n|upkeep\n|turn|2\n|\n|t:|1781454257\n|switch|p2a: Gliscor|Gliscor, L76, M|239/239\n|cant|p1a: Scyther|slp\n|\n|-status|p2a: Gliscor|tox|[from] item: Toxic Orb\n|upkeep\n|turn|3\n|\n|t:|1781454267\n|switch|p1a: Lapras|Lapras, L87, F|367/367\n|move|p2a: Gliscor|Knock Off|p1a: Lapras\n|-damage|p1a: Lapras|310/367\n|-enditem|p1a: Lapras|Loaded Dice|[from] move: Knock Off|[of] p2a: Gliscor\n|\n|upkeep\n|turn|4\n|\n|t:|1781454286\n|switch|p2a: Sableye|Sableye, L88, M|231/231\n|move|p1a: Lapras|Icicle Spear|p2a: Sableye\n|-damage|p2a: Sableye|203/231\n|-damage|p2a: Sableye|176/231\n|-damage|p2a: Sableye|146/231\n|-crit|p2a: Sableye\n|-damage|p2a: Sableye|104/231\n|-damage|p2a: Sableye|74/231\n|-hitcount|p2a: Sableye|5\n|\n|-heal|p2a: Sableye|88/231|[from] item: Leftovers\n|upkeep\n|turn|5\n|\n|t:|1781454294\n|move|p2a: Sableye|Recover|p2a: Sableye\n|-heal|p2a: Sableye|204/231\n|move|p1a: Lapras|Icicle Spear|p2a: Sableye\n|-damage|p2a: Sableye|176/231\n|-damage|p2a: Sableye|149/231\n|-crit|p2a: Sableye\n|-damage|p2a: Sableye|107/231\n|-hitcount|p2a: Sableye|3\n|\n|-heal|p2a: Sableye|121/231|[from] item: Leftovers\n|upkeep\n|turn|6\n|\n|t:|1781454309\n|switch|p1a: Indeedee|Indeedee, L84, M|238/238\n|-fieldstart|move: Psychic Terrain|[from] ability: Psychic Surge|[of] p1a: Indeedee\n|move|p2a: Sableye|Thunder Wave|p1a: Indeedee\n|-activate|p1a: Indeedee|move: Psychic Terrain\n|\n|-heal|p2a: Sableye|135/231|[from] item: Leftovers\n|upkeep\n|turn|7\n|\n|t:|1781454321\n|switch|p2a: Gothitelle|Gothitelle, L90, F|272/272\n|move|p1a: Indeedee|Dazzling Gleam|p2a: Gothitelle\n|-damage|p2a: Gothitelle|208/272\n|-damage|p1a: Indeedee|215/238|[from] item: Life Orb\n|\n|-heal|p2a: Gothitelle|225/272|[from] item: Leftovers\n|upkeep\n|turn|8\n|\n|t:|1781454342\n|move|p1a: Indeedee|Calm Mind|p1a: Indeedee\n|-boost|p1a: Indeedee|spa|1\n|-boost|p1a: Indeedee|spd|1\n|move|p2a: Gothitelle|Calm Mind|p2a: Gothitelle\n|-boost|p2a: Gothitelle|spa|1\n|-boost|p2a: Gothitelle|spd|1\n|\n|-heal|p2a: Gothitelle|242/272|[from] item: Leftovers\n|upkeep\n|turn|9\n|\n|t:|1781454348\n|move|p1a: Indeedee|Calm Mind|p1a: Indeedee\n|-boost|p1a: Indeedee|spa|1\n|-boost|p1a: Indeedee|spd|1\n|move|p2a: Gothitelle|Dark Pulse|p1a: Indeedee\n|-supereffective|p1a: Indeedee\n|-damage|p1a: Indeedee|123/238\n|\n|-heal|p2a: Gothitelle|259/272|[from] item: Leftovers\n|upkeep\n|turn|10\n|\n|t:|1781454356\n|move|p1a: Indeedee|Expanding Force|p2a: Gothitelle\n|-resisted|p2a: Gothitelle\n|-damage|p2a: Gothitelle|143/272\n|-damage|p1a: Indeedee|100/238|[from] item: Life Orb\n|move|p2a: Gothitelle|Dark Pulse|p1a: Indeedee\n|-supereffective|p1a: Indeedee\n|-damage|p1a: Indeedee|8/238\n|\n|-heal|p2a: Gothitelle|160/272|[from] item: Leftovers\n|-fieldend|move: Psychic Terrain\n|upkeep\n|turn|11\n|\n|t:|1781454363\n|move|p1a: Indeedee|Hyper Voice|p2a: Gothitelle\n|-damage|p2a: Gothitelle|14/272\n|-damage|p1a: Indeedee|0 fnt|[from] item: Life Orb\n|faint|p1a: Indeedee\n|move|p2a: Gothitelle|Calm Mind|p2a: Gothitelle\n|-boost|p2a: Gothitelle|spa|1\n|-boost|p2a: Gothitelle|spd|1\n|\n|-heal|p2a: Gothitelle|31/272|[from] item: Leftovers\n|upkeep\n|\n|t:|1781454372\n|switch|p1a: Luvdisc|Luvdisc, M|247/247\n|turn|12\n|\n|t:|1781454376\n|move|p1a: Luvdisc|Flip Turn|p2a: Gothitelle\n|-damage|p2a: Gothitelle|0 fnt\n|faint|p2a: Gothitelle\n|\n|t:|1781454381\n|switch|p1a: Lapras|Lapras, L87, F|310/367|[from] Flip Turn\n|\n|upkeep\n|\n|t:|1781454392\n|switch|p2a: Sableye|Sableye, L88, M|135/231\n|turn|13\n|\n|t:|1781454404\n|move|p2a: Sableye|Thunder Wave|p1a: Lapras\n|-status|p1a: Lapras|par\n|cant|p1a: Lapras|par\n|\n|-heal|p2a: Sableye|149/231|[from] item: Leftovers\n|upkeep\n|turn|14\n|\n|t:|1781454416\n|switch|p1a: Luvdisc|Luvdisc, M|247/247\n|move|p2a: Sableye|Knock Off|p1a: Luvdisc\n|-damage|p1a: Luvdisc|139/247\n|-enditem|p1a: Luvdisc|Heavy-Duty Boots|[from] move: Knock Off|[of] p2a: Sableye\n|\n|-heal|p2a: Sableye|163/231|[from] item: Leftovers\n|upkeep\n|turn|15\n|\n|t:|1781454425\n|move|p2a: Sableye|Thunder Wave|p1a: Luvdisc\n|-status|p1a: Luvdisc|par\n|cant|p1a: Luvdisc|par\n|\n|-heal|p2a: Sableye|177/231|[from] item: Leftovers\n|upkeep\n|turn|16\n|\n|t:|1781454434\n|switch|p2a: Breloom|Breloom, L83, F|235/235\n|cant|p1a: Luvdisc|par\n|\n|upkeep\n|turn|17\n|\n|t:|1781454443\n|switch|p1a: Scyther|Scyther, L82, F|249/249 slp\n|move|p2a: Breloom|Mach Punch|p1a: Scyther\n|-resisted|p1a: Scyther\n|-damage|p1a: Scyther|220/249 slp\n|-damage|p2a: Breloom|212/235|[from] item: Life Orb\n|\n|upkeep\n|turn|18\n|\n|t:|1781454451\n|switch|p2a: Gliscor|Gliscor, L76, M|239/239 tox\n|cant|p1a: Scyther|slp\n|\n|upkeep\n|turn|19\n|\n|t:|1781454455\n|-curestatus|p1a: Scyther|slp|[msg]\n|move|p1a: Scyther|Swords Dance|p1a: Scyther\n|-boost|p1a: Scyther|atk|2\n|move|p2a: Gliscor|Knock Off|p1a: Scyther\n|-damage|p1a: Scyther|163/249\n|-enditem|p1a: Scyther|Heavy-Duty Boots|[from] move: Knock Off|[of] p2a: Gliscor\n|\n|upkeep\n|turn|20\n|\n|t:|1781454463\n|move|p1a: Scyther|Dual Wingbeat|p2a: Gliscor\n|-damage|p2a: Gliscor|133/239 tox\n|-damage|p2a: Gliscor|25/239 tox\n|-hitcount|p2a: Gliscor|2\n|move|p2a: Gliscor|Toxic|p1a: Scyther|[miss]\n|-miss|p2a: Gliscor|p1a: Scyther\n|\n|-heal|p2a: Gliscor|54/239 tox|[from] ability: Poison Heal\n|upkeep\n|turn|21\n|\n|t:|1781454470\n|move|p2a: Gliscor|Protect|p2a: Gliscor\n|-singleturn|p2a: Gliscor|Protect\n|move|p1a: Scyther|Bug Bite|p2a: Gliscor\n|-activate|p2a: Gliscor|move: Protect\n|\n|-heal|p2a: Gliscor|83/239 tox|[from] ability: Poison Heal\n|upkeep\n|turn|22\n|\n|t:|1781454477\n|switch|p2a: Dugtrio|Dugtrio-Alola, L84, F|196/196\n|move|p1a: Scyther|Dual Wingbeat|p2a: Dugtrio|[miss]\n|-miss|p1a: Scyther|p2a: Dugtrio\n|\n|upkeep\n|turn|23\n|\n|t:|1781454485\n|switch|p1a: Luvdisc|Luvdisc, M|139/247 par\n|move|p2a: Dugtrio|Stone Edge|p1a: Luvdisc\n|-damage|p1a: Luvdisc|11/247 par\n|\n|upkeep\n|turn|24\n|\n|t:|1781454490\n|switch|p2a: Sableye|Sableye, L88, M|177/231\n|move|p1a: Luvdisc|Surf|p2a: Sableye\n|-damage|p2a: Sableye|93/231\n|\n|-heal|p2a: Sableye|107/231|[from] item: Leftovers\n|upkeep\n|turn|25\n|\n|t:|1781454496\n|move|p2a: Sableye|Recover|p2a: Sableye\n|-heal|p2a: Sableye|223/231\n|move|p1a: Luvdisc|Flip Turn|p2a: Sableye\n|-damage|p2a: Sableye|177/231\n|\n|t:|1781454506\n|switch|p1a: Lapras|Lapras, L87, F|310/367 par|[from] Flip Turn\n|\n|-heal|p2a: Sableye|191/231|[from] item: Leftovers\n|upkeep\n|turn|26\n|\n|t:|1781454513\n|move|p2a: Sableye|Knock Off|p1a: Lapras\n|-damage|p1a: Lapras|247/367 par\n|move|p1a: Lapras|Icicle Spear|p2a: Sableye\n|-damage|p2a: Sableye|163/231\n|-damage|p2a: Sableye|135/231\n|-damage|p2a: Sableye|105/231\n|-hitcount|p2a: Sableye|3\n|\n|-heal|p2a: Sableye|119/231|[from] item: Leftovers\n|upkeep\n|turn|27\n|\n|t:|1781454521\n|move|p2a: Sableye|Knock Off|p1a: Lapras\n|-damage|p1a: Lapras|183/367 par\n|move|p1a: Lapras|Icicle Spear|p2a: Sableye\n|-damage|p2a: Sableye|91/231\n|-damage|p2a: Sableye|63/231\n|-damage|p2a: Sableye|32/231\n|-damage|p2a: Sableye|5/231\n|-damage|p2a: Sableye|0 fnt\n|faint|p2a: Sableye\n|-hitcount|p2: Sableye|5\n|\n|upkeep\n|c|\u2606itsbaloney|was betting u wouldnt get a 5 hit lol\n|\n|t:|1781454546\n|switch|p2a: Mimikyu|Mimikyu, L79, F|216/216\n|turn|28\n|\n|t:|1781454550\n|move|p2a: Mimikyu|Swords Dance|p2a: Mimikyu\n|-boost|p2a: Mimikyu|atk|2\n|move|p1a: Lapras|Icicle Spear|p2a: Mimikyu\n|-activate|p2a: Mimikyu|ability: Disguise\n|-damage|p2a: Mimikyu|216/216\n|detailschange|p2a: Mimikyu|Mimikyu-Busted, L79, F\n|-damage|p2a: Mimikyu|189/216|[from] pokemon: Mimikyu-Busted\n|-damage|p2a: Mimikyu|159/216\n|-damage|p2a: Mimikyu|132/216\n|-hitcount|p2a: Mimikyu|3\n|\n|upkeep\n|turn|29\n|\n|t:|1781454562\n|move|p2a: Mimikyu|Swords Dance|p2a: Mimikyu\n|-boost|p2a: Mimikyu|atk|2\n|move|p1a: Lapras|Icicle Spear|p2a: Mimikyu\n|-damage|p2a: Mimikyu|104/216\n|-damage|p2a: Mimikyu|77/216\n|-crit|p2a: Mimikyu\n|-damage|p2a: Mimikyu|29/216\n|-damage|p2a: Mimikyu|1/216\n|-hitcount|p2a: Mimikyu|4\n|\n|upkeep\n|turn|30\n|\n|t:|1781454573\n|move|p2a: Mimikyu|Drain Punch|p1a: Lapras\n|-supereffective|p1a: Lapras\n|-damage|p1a: Lapras|0 fnt\n|-heal|p2a: Mimikyu|93/216|[from] drain|[of] p1a: Lapras\n|faint|p1a: Lapras\n|-damage|p2a: Mimikyu|72/216|[from] item: Life Orb\n|\n|upkeep\n|\n|t:|1781454587\n|switch|p1a: Scyther|Scyther, L82, F|163/249\n|turn|31\n|\n|t:|1781454591\n|move|p2a: Mimikyu|Shadow Sneak|p1a: Scyther\n|-damage|p1a: Scyther|21/249\n|-damage|p2a: Mimikyu|51/216|[from] item: Life Orb\n|move|p1a: Scyther|Dual Wingbeat|p2a: Mimikyu\n|-damage|p2a: Mimikyu|0 fnt\n|faint|p2a: Mimikyu\n|-hitcount|p2: Mimikyu|1\n|\n|upkeep\n|\n|t:|1781454597\n|switch|p2a: Dugtrio|Dugtrio-Alola, L84, F|196/196\n|turn|32\n|\n|t:|1781454602\n|switch|p1a: Luvdisc|Luvdisc, M|11/247 par\n|move|p2a: Dugtrio|Iron Head|p1a: Luvdisc\n|-resisted|p1a: Luvdisc\n|-damage|p1a: Luvdisc|0 fnt\n|faint|p1a: Luvdisc\n|\n|upkeep\n|\n|t:|1781454611\n|switch|p1a: Delphox|Delphox, L84, M|263/263\n|turn|33\n|\n|t:|1781454616\n|switch|p2a: Breloom|Breloom, L83, F|212/235\n|move|p1a: Delphox|Nasty Plot|p1a: Delphox\n|-boost|p1a: Delphox|spa|2\n|\n|upkeep\n|turn|34\n|\n|t:|1781454620\n|move|p2a: Breloom|Mach Punch|p1a: Delphox\n|-resisted|p1a: Delphox\n|-damage|p1a: Delphox|207/263\n|-damage|p2a: Breloom|189/235|[from] item: Life Orb\n|move|p1a: Delphox|Psyshock|p2a: Breloom\n|-supereffective|p2a: Breloom\n|-damage|p2a: Breloom|0 fnt\n|faint|p2a: Breloom\n|\n|upkeep\n|\n|t:|1781454627\n|switch|p2a: Gliscor|Gliscor, L76, M|83/239 tox\n|turn|35\n|\n|t:|1781454632\n|move|p2a: Gliscor|Protect|p2a: Gliscor\n|-singleturn|p2a: Gliscor|Protect\n|move|p1a: Delphox|Psyshock|p2a: Gliscor\n|-activate|p2a: Gliscor|move: Protect\n|\n|-heal|p2a: Gliscor|112/239 tox|[from] ability: Poison Heal\n|upkeep\n|turn|36\n|\n|t:|1781454637\n|-terastallize|p2a: Gliscor|Water\n|move|p1a: Delphox|Psyshock|p2a: Gliscor\n|-damage|p2a: Gliscor|0 fnt\n|faint|p2a: Gliscor\n|\n|upkeep\n|-message|itsbaloney forfeited.\n|\n|win|heykoul\n", "uploadtime": 1781454228, "views": 3, "formatid": "gen9randombattle", "rating": null, "private": 0, "password": null}