{"id": "gen9randombattle-2631605490", "format": "[Gen 9] Random Battle", "players": ["General Nova64", "boxhero147"], "log": "|j|\u2606General Nova64\n|j|\u2606boxhero147\n|t:|1781407731\n|gametype|singles\n|player|p1|General Nova64|169|2102\n|player|p2|boxhero147|169|2067\n|gen|9\n|tier|[Gen 9] Random Battle\n|rated|\n|rule|Species Clause: Limit one of each Pok\u00e9mon\n|rule|HP Percentage Mod: HP is shown in percentages\n|rule|Sleep Clause Mod: Limit one foe put to sleep\n|rule|Illusion Level Mod: Illusion disguises the Pok\u00e9mon's true level\n|\n|t:|1781407731\n|teamsize|p1|6\n|teamsize|p2|6\n|start\n|switch|p1a: Ting-Lu|Ting-Lu, L78|370/370\n|switch|p2a: Maushold|Maushold-Four, L76|238/238\n|-ability|p1a: Ting-Lu|Vessel of Ruin\n|turn|1\n|\n|t:|1781407739\n|move|p2a: Maushold|Tidy Up|p2a: Maushold\n|-boost|p2a: Maushold|atk|1\n|-boost|p2a: Maushold|spe|1\n|move|p1a: Ting-Lu|Earthquake|p2a: Maushold\n|-damage|p2a: Maushold|108/238\n|\n|upkeep\n|turn|2\n|\n|t:|1781407745\n|switch|p1a: Archaludon|Archaludon, L78, M|268/268\n|move|p2a: Maushold|Population Bomb|p1a: Archaludon\n|-resisted|p1a: Archaludon\n|-damage|p1a: Archaludon|254/268\n|-ability|p1a: Archaludon|Stamina|boost\n|-boost|p1a: Archaludon|def|1\n|-resisted|p1a: Archaludon\n|-damage|p1a: Archaludon|245/268\n|-ability|p1a: Archaludon|Stamina|boost\n|-boost|p1a: Archaludon|def|1\n|-resisted|p1a: Archaludon\n|-damage|p1a: Archaludon|238/268\n|-ability|p1a: Archaludon|Stamina|boost\n|-boost|p1a: Archaludon|def|1\n|-resisted|p1a: Archaludon\n|-damage|p1a: Archaludon|233/268\n|-ability|p1a: Archaludon|Stamina|boost\n|-boost|p1a: Archaludon|def|1\n|-resisted|p1a: Archaludon\n|-damage|p1a: Archaludon|227/268\n|-ability|p1a: Archaludon|Stamina|boost\n|-boost|p1a: Archaludon|def|1\n|-resisted|p1a: Archaludon\n|-damage|p1a: Archaludon|222/268\n|-ability|p1a: Archaludon|Stamina|boost\n|-boost|p1a: Archaludon|def|1\n|-resisted|p1a: Archaludon\n|-damage|p1a: Archaludon|219/268\n|-resisted|p1a: Archaludon\n|-damage|p1a: Archaludon|216/268\n|-resisted|p1a: Archaludon\n|-damage|p1a: Archaludon|213/268\n|-resisted|p1a: Archaludon\n|-damage|p1a: Archaludon|209/268\n|-hitcount|p1a: Archaludon|10\n|\n|-heal|p1a: Archaludon|225/268|[from] item: Leftovers\n|upkeep\n|turn|3\n|\n|t:|1781407757\n|-terastallize|p2a: Maushold|Ghost\n|move|p2a: Maushold|Tidy Up|p2a: Maushold\n|-boost|p2a: Maushold|atk|1\n|-boost|p2a: Maushold|spe|1\n|move|p1a: Archaludon|Body Press|p2a: Maushold\n|-immune|p2a: Maushold\n|\n|-heal|p1a: Archaludon|241/268|[from] item: Leftovers\n|upkeep\n|turn|4\n|\n|t:|1781407763\n|switch|p1a: Rhydon|Rhydon, L85, F|317/317\n|move|p2a: Maushold|Encore||[still]\n|-fail|p2a: Maushold\n|\n|upkeep\n|turn|5\n|\n|t:|1781407767\n|move|p2a: Maushold|Population Bomb|p1a: Rhydon\n|-resisted|p1a: Rhydon\n|-damage|p1a: Rhydon|305/317\n|-resisted|p1a: Rhydon\n|-crit|p1a: Rhydon\n|-damage|p1a: Rhydon|287/317\n|-resisted|p1a: Rhydon\n|-damage|p1a: Rhydon|275/317\n|-resisted|p1a: Rhydon\n|-damage|p1a: Rhydon|263/317\n|-resisted|p1a: Rhydon\n|-damage|p1a: Rhydon|251/317\n|-resisted|p1a: Rhydon\n|-damage|p1a: Rhydon|240/317\n|-hitcount|p1a: Rhydon|6\n|move|p1a: Rhydon|Earthquake|p2a: Maushold\n|-damage|p2a: Maushold|0 fnt\n|faint|p2a: Maushold\n|\n|upkeep\n|\n|t:|1781407770\n|switch|p2a: Slowbro|Slowbro, L85, F|300/300\n|turn|6\n|\n|t:|1781407774\n|move|p1a: Rhydon|Megahorn|p2a: Slowbro\n|-supereffective|p2a: Slowbro\n|-damage|p2a: Slowbro|114/300\n|move|p2a: Slowbro|Scald|p1a: Rhydon\n|-supereffective|p1a: Rhydon\n|-damage|p1a: Rhydon|0 fnt\n|faint|p1a: Rhydon\n|\n|upkeep\n|\n|t:|1781407779\n|switch|p1a: Kricketune|Kricketune, L99, F|312/312\n|turn|7\n|\n|t:|1781407783\n|move|p1a: Kricketune|Sticky Web|p2a: Slowbro\n|-sidestart|p2: boxhero147|move: Sticky Web\n|move|p2a: Slowbro|Scald|p1a: Kricketune\n|-damage|p1a: Kricketune|197/312\n|-status|p1a: Kricketune|brn\n|\n|-damage|p1a: Kricketune|178/312 brn|[from] brn\n|upkeep\n|turn|8\n|\n|t:|1781407790\n|switch|p2a: Sandslash|Sandslash, L89, M|278/278\n|-activate|p2a: Sandslash|move: Sticky Web\n|-unboost|p2a: Sandslash|spe|1\n|move|p1a: Kricketune|Taunt|p2a: Sandslash\n|-start|p2a: Sandslash|move: Taunt\n|\n|-damage|p1a: Kricketune|159/312 brn|[from] brn\n|upkeep\n|turn|9\n|\n|t:|1781407796\n|-terastallize|p1a: Kricketune|Ghost\n|move|p1a: Kricketune|Pounce|p2a: Sandslash\n|-damage|p2a: Sandslash|242/278\n|-unboost|p2a: Sandslash|spe|1\n|move|p2a: Sandslash|Rapid Spin|p1a: Kricketune\n|-immune|p1a: Kricketune\n|\n|-heal|p2a: Sandslash|259/278|[from] item: Leftovers\n|-damage|p1a: Kricketune|140/312 brn|[from] brn\n|upkeep\n|turn|10\n|\n|t:|1781407816\n|move|p1a: Kricketune|Knock Off|p2a: Sandslash\n|-damage|p2a: Sandslash|228/278\n|-enditem|p2a: Sandslash|Leftovers|[from] move: Knock Off|[of] p1a: Kricketune\n|move|p2a: Sandslash|Knock Off|p1a: Kricketune\n|-supereffective|p1a: Kricketune\n|-crit|p1a: Kricketune\n|-damage|p1a: Kricketune|0 fnt\n|-enditem|p1a: Kricketune|Heavy-Duty Boots|[from] move: Knock Off|[of] p2a: Sandslash\n|faint|p1a: Kricketune\n|\n|-end|p2a: Sandslash|move: Taunt\n|upkeep\n|\n|t:|1781407828\n|switch|p1a: Sneasler|Sneasler, L74, M|240/240\n|turn|11\n|\n|t:|1781407835\n|move|p1a: Sneasler|Dire Claw|p2a: Sandslash\n|-resisted|p2a: Sandslash\n|-damage|p2a: Sandslash|183/278\n|move|p2a: Sandslash|Earthquake|p1a: Sneasler\n|-supereffective|p1a: Sneasler\n|-damage|p1a: Sneasler|0 fnt\n|faint|p1a: Sneasler\n|\n|upkeep\n|\n|t:|1781407841\n|switch|p1a: Exeggutor|Exeggutor, L89, F|312/312\n|turn|12\n|\n|t:|1781407850\n|switch|p2a: Blissey|Blissey, L85, F|572/572\n|-activate|p2a: Blissey|move: Sticky Web\n|-unboost|p2a: Blissey|spe|1\n|move|p1a: Exeggutor|Psychic Noise|p2a: Blissey\n|-damage|p2a: Blissey|497/572\n|-start|p2a: Blissey|move: Heal Block\n|\n|upkeep\n|turn|13\n|\n|t:|1781407856\n|move|p1a: Exeggutor|Substitute|p1a: Exeggutor\n|-start|p1a: Exeggutor|Substitute\n|-damage|p1a: Exeggutor|234/312\n|move|p2a: Blissey|Seismic Toss|p1a: Exeggutor\n|-end|p1a: Exeggutor|Substitute\n|\n|-end|p2a: Blissey|move: Heal Block\n|upkeep\n|turn|14\n|\n|t:|1781407862\n|move|p1a: Exeggutor|Substitute|p1a: Exeggutor\n|-start|p1a: Exeggutor|Substitute\n|-damage|p1a: Exeggutor|156/312\n|-enditem|p1a: Exeggutor|Sitrus Berry|[eat]\n|-heal|p1a: Exeggutor|234/312|[from] item: Sitrus Berry\n|move|p2a: Blissey|Seismic Toss|p1a: Exeggutor\n|-end|p1a: Exeggutor|Substitute\n|\n|-heal|p2a: Blissey|532/572|[from] item: Leftovers\n|upkeep\n|turn|15\n|\n|t:|1781407868\n|move|p1a: Exeggutor|Leech Seed|p2a: Blissey\n|-start|p2a: Blissey|move: Leech Seed\n|move|p2a: Blissey|Seismic Toss|p1a: Exeggutor\n|-damage|p1a: Exeggutor|149/312\n|\n|-heal|p2a: Blissey|567/572|[from] item: Leftovers\n|-damage|p2a: Blissey|496/572|[from] Leech Seed|[of] p1a: Exeggutor\n|-heal|p1a: Exeggutor|220/312|[silent]\n|-item|p1a: Exeggutor|Sitrus Berry|[from] ability: Harvest\n|upkeep\n|turn|16\n|\n|t:|1781407881\n|switch|p2a: Sandslash|Sandslash, L89, M|183/278\n|-activate|p2a: Sandslash|move: Sticky Web\n|-unboost|p2a: Sandslash|spe|1\n|move|p1a: Exeggutor|Substitute|p1a: Exeggutor\n|-start|p1a: Exeggutor|Substitute\n|-damage|p1a: Exeggutor|142/312\n|-enditem|p1a: Exeggutor|Sitrus Berry|[eat]\n|-heal|p1a: Exeggutor|220/312|[from] item: Sitrus Berry\n|\n|-item|p1a: Exeggutor|Sitrus Berry|[from] ability: Harvest\n|upkeep\n|turn|17\n|\n|t:|1781407887\n|move|p1a: Exeggutor|Leech Seed|p2a: Sandslash\n|-start|p2a: Sandslash|move: Leech Seed\n|move|p2a: Sandslash|Rapid Spin|p1a: Exeggutor\n|-activate|p1a: Exeggutor|move: Substitute|[damage]\n|-end|p2a: Sandslash|Leech Seed|[from] move: Rapid Spin|[of] p2a: Sandslash\n|-sideend|p2: boxhero147|Sticky Web|[from] move: Rapid Spin|[of] p2a: Sandslash\n|-boost|p2a: Sandslash|spe|1\n|\n|upkeep\n|turn|18\n|\n|t:|1781407893\n|move|p2a: Sandslash|Knock Off|p1a: Exeggutor\n|-supereffective|p1a: Exeggutor\n|-end|p1a: Exeggutor|Substitute\n|move|p1a: Exeggutor|Psychic Noise|p2a: Sandslash\n|-damage|p2a: Sandslash|33/278\n|-start|p2a: Sandslash|move: Heal Block\n|\n|upkeep\n|turn|19\n|\n|t:|1781407899\n|move|p2a: Sandslash|Knock Off|p1a: Exeggutor\n|-supereffective|p1a: Exeggutor\n|-damage|p1a: Exeggutor|62/312\n|-enditem|p1a: Exeggutor|Sitrus Berry|[from] move: Knock Off|[of] p2a: Sandslash\n|move|p1a: Exeggutor|Leech Seed|p2a: Sandslash\n|-start|p2a: Sandslash|move: Leech Seed\n|\n|-damage|p2a: Sandslash|0 fnt|[from] Leech Seed|[of] p1a: Exeggutor\n|-heal|p1a: Exeggutor|95/312|[silent]\n|faint|p2a: Sandslash\n|upkeep\n|\n|t:|1781407907\n|switch|p2a: Slither Wing|Slither Wing, L81|270/270\n|turn|20\n|-message|General Nova64 forfeited.\n|\n|win|boxhero147\n", "uploadtime": 1781407733, "views": 5, "formatid": "gen9randombattle", "rating": null, "private": 0, "password": null}