{"id": "gen9randombattle-2631435014", "format": "[Gen 9] Random Battle", "players": ["itsclover", "JhuniorCq"], "log": "|j|\u2606itsclover\n|j|\u2606JhuniorCq\n|t:|1781384283\n|gametype|singles\n|player|p1|itsclover|swimmerf|1973\n|player|p2|JhuniorCq|2|2014\n|gen|9\n|tier|[Gen 9] Random Battle\n|rated|\n|rule|Species Clause: Limit one of each Pok\u00e9mon\n|rule|HP Percentage Mod: HP is shown in percentages\n|rule|Sleep Clause Mod: Limit one foe put to sleep\n|rule|Illusion Level Mod: Illusion disguises the Pok\u00e9mon's true level\n|\n|t:|1781384283\n|teamsize|p1|6\n|teamsize|p2|6\n|start\n|switch|p1a: Regidrago|Regidrago, L77|435/435\n|switch|p2a: Munkidori|Munkidori, L79, M|269/269\n|turn|1\n|inactive|Battle timer is ON: inactive players will automatically lose when time's up. (requested by itsclover)\n|\n|t:|1781384303\n|-terastallize|p1a: Regidrago|Steel\n|move|p2a: Munkidori|Fake Out|p1a: Regidrago\n|-resisted|p1a: Regidrago\n|-damage|p1a: Regidrago|417/435\n|cant|p1a: Regidrago|flinch\n|\n|upkeep\n|turn|2\n|\n|t:|1781384309\n|move|p2a: Munkidori|U-turn|p1a: Regidrago\n|-resisted|p1a: Regidrago\n|-damage|p1a: Regidrago|388/435\n|\n|t:|1781384312\n|switch|p2a: Illumise|Illumise, L91, F|266/266|[from] U-turn\n|move|p1a: Regidrago|Dragon Dance|p1a: Regidrago\n|-boost|p1a: Regidrago|atk|1\n|-boost|p1a: Regidrago|spe|1\n|\n|upkeep\n|turn|3\n|\n|t:|1781384320\n|switch|p1a: Swanna|Swanna, L89, M|278/278\n|move|p2a: Illumise|Thunder Wave|p1a: Swanna\n|-status|p1a: Swanna|par\n|\n|upkeep\n|turn|4\n|\n|t:|1781384332\n|switch|p2a: Zekrom|Zekrom, L71|259/259\n|-ability|p2a: Zekrom|Teravolt\n|cant|p1a: Swanna|par\n|\n|upkeep\n|turn|5\n|\n|t:|1781384339\n|switch|p1a: Gogoat|Gogoat, L88, F|360/360\n|move|p2a: Zekrom|Substitute|p2a: Zekrom\n|-start|p2a: Zekrom|Substitute\n|-damage|p2a: Zekrom|195/259\n|\n|-heal|p2a: Zekrom|211/259|[from] item: Leftovers\n|upkeep\n|turn|6\n|\n|t:|1781384342\n|move|p1a: Gogoat|Bulk Up|p1a: Gogoat\n|-boost|p1a: Gogoat|atk|1\n|-boost|p1a: Gogoat|def|1\n|move|p2a: Zekrom|Dragon Dance|p2a: Zekrom\n|-boost|p2a: Zekrom|atk|1\n|-boost|p2a: Zekrom|spe|1\n|\n|-heal|p2a: Zekrom|227/259|[from] item: Leftovers\n|upkeep\n|turn|7\n|\n|t:|1781384345\n|move|p2a: Zekrom|Dragon Dance|p2a: Zekrom\n|-boost|p2a: Zekrom|atk|1\n|-boost|p2a: Zekrom|spe|1\n|move|p1a: Gogoat|Bulk Up|p1a: Gogoat\n|-boost|p1a: Gogoat|atk|1\n|-boost|p1a: Gogoat|def|1\n|\n|-heal|p2a: Zekrom|243/259|[from] item: Leftovers\n|upkeep\n|turn|8\n|\n|t:|1781384347\n|switch|p2a: Illumise|Illumise, L91, F|266/266\n|move|p1a: Gogoat|Bulk Up|p1a: Gogoat\n|-boost|p1a: Gogoat|atk|1\n|-boost|p1a: Gogoat|def|1\n|\n|upkeep\n|turn|9\n|\n|t:|1781384351\n|switch|p1a: Blissey|Blissey, L85, F|572/572\n|move|p2a: Illumise|Encore||[still]\n|-fail|p2a: Illumise\n|\n|upkeep\n|turn|10\n|\n|t:|1781384356\n|switch|p2a: Annihilape|Annihilape, L76, M|292/292\n|move|p1a: Blissey|Stealth Rock|p2a: Annihilape\n|-sidestart|p2: JhuniorCq|move: Stealth Rock\n|\n|upkeep\n|turn|11\n|\n|t:|1781384362\n|move|p2a: Annihilape|Taunt|p1a: Blissey\n|-start|p1a: Blissey|move: Taunt\n|cant|p1a: Blissey|move: Taunt|Thunder Wave\n|\n|upkeep\n|turn|12\n|\n|t:|1781384375\n|switch|p1a: Swanna|Swanna, L89, M|278/278 par\n|move|p2a: Annihilape|Bulk Up|p2a: Annihilape\n|-boost|p2a: Annihilape|atk|1\n|-boost|p2a: Annihilape|def|1\n|\n|upkeep\n|turn|13\n|\n|t:|1781384385\n|-terastallize|p2a: Annihilape|Steel\n|move|p2a: Annihilape|Bulk Up|p2a: Annihilape\n|-boost|p2a: Annihilape|atk|1\n|-boost|p2a: Annihilape|def|1\n|cant|p1a: Swanna|par\n|\n|upkeep\n|turn|14\n|\n|t:|1781384395\n|switch|p1a: Eelektross|Eelektross, L87, F|290/290\n|move|p2a: Annihilape|Drain Punch|p1a: Eelektross\n|-damage|p1a: Eelektross|140/290\n|\n|-heal|p1a: Eelektross|158/290|[from] item: Leftovers\n|upkeep\n|turn|15\n|\n|t:|1781384401\n|move|p2a: Annihilape|Drain Punch|p1a: Eelektross\n|-damage|p1a: Eelektross|10/290\n|move|p1a: Eelektross|Coil|p1a: Eelektross\n|-boost|p1a: Eelektross|atk|1\n|-boost|p1a: Eelektross|def|1\n|-boost|p1a: Eelektross|accuracy|1\n|\n|-heal|p1a: Eelektross|28/290|[from] item: Leftovers\n|upkeep\n|turn|16\n|\n|t:|1781384404\n|move|p2a: Annihilape|Drain Punch|p1a: Eelektross\n|-damage|p1a: Eelektross|0 fnt\n|faint|p1a: Eelektross\n|\n|upkeep\n|\n|t:|1781384415\n|switch|p1a: Swanna|Swanna, L89, M|278/278 par\n|turn|17\n|\n|t:|1781384419\n|move|p2a: Annihilape|Drain Punch|p1a: Swanna\n|-resisted|p1a: Swanna\n|-damage|p1a: Swanna|183/278 par\n|move|p1a: Swanna|Hydro Pump|p2a: Annihilape\n|-damage|p2a: Annihilape|153/292\n|\n|-heal|p2a: Annihilape|171/292|[from] item: Leftovers\n|upkeep\n|turn|18\n|\n|t:|1781384429\n|move|p2a: Annihilape|Rage Fist|p1a: Swanna\n|-damage|p1a: Swanna|0 fnt\n|faint|p1a: Swanna\n|\n|-heal|p2a: Annihilape|189/292|[from] item: Leftovers\n|upkeep\n|\n|t:|1781384433\n|switch|p1a: Gogoat|Gogoat, L88, F|360/360\n|turn|19\n|\n|t:|1781384438\n|move|p2a: Annihilape|Drain Punch|p1a: Gogoat\n|-damage|p1a: Gogoat|188/360\n|-heal|p2a: Annihilape|275/292|[from] drain|[of] p1a: Gogoat\n|move|p1a: Gogoat|Bulk Up|p1a: Gogoat\n|-boost|p1a: Gogoat|atk|1\n|-boost|p1a: Gogoat|def|1\n|\n|-heal|p2a: Annihilape|292/292|[from] item: Leftovers\n|-heal|p1a: Gogoat|210/360|[from] item: Leftovers\n|upkeep\n|turn|20\n|\n|t:|1781384442\n|move|p2a: Annihilape|Taunt|p1a: Gogoat\n|-start|p1a: Gogoat|move: Taunt\n|cant|p1a: Gogoat|move: Taunt|Milk Drink\n|\n|-heal|p1a: Gogoat|232/360|[from] item: Leftovers\n|upkeep\n|turn|21\n|\n|t:|1781384446\n|move|p2a: Annihilape|Bulk Up|p2a: Annihilape\n|-boost|p2a: Annihilape|atk|1\n|-boost|p2a: Annihilape|def|1\n|move|p1a: Gogoat|Earthquake|p2a: Annihilape\n|-supereffective|p2a: Annihilape\n|-damage|p2a: Annihilape|178/292\n|\n|-heal|p2a: Annihilape|196/292|[from] item: Leftovers\n|-heal|p1a: Gogoat|254/360|[from] item: Leftovers\n|upkeep\n|turn|22\n|\n|t:|1781384449\n|move|p2a: Annihilape|Drain Punch|p1a: Gogoat\n|-damage|p1a: Gogoat|94/360\n|-heal|p2a: Annihilape|276/292|[from] drain|[of] p1a: Gogoat\n|move|p1a: Gogoat|Earthquake|p2a: Annihilape\n|-supereffective|p2a: Annihilape\n|-damage|p2a: Annihilape|164/292\n|\n|-heal|p2a: Annihilape|182/292|[from] item: Leftovers\n|-heal|p1a: Gogoat|116/360|[from] item: Leftovers\n|-end|p1a: Gogoat|move: Taunt\n|upkeep\n|turn|23\n|\n|t:|1781384452\n|move|p2a: Annihilape|Drain Punch|p1a: Gogoat\n|-damage|p1a: Gogoat|0 fnt\n|-heal|p2a: Annihilape|240/292|[from] drain|[of] p1a: Gogoat\n|faint|p1a: Gogoat\n|\n|-heal|p2a: Annihilape|258/292|[from] item: Leftovers\n|upkeep\n|\n|t:|1781384457\n|switch|p1a: Blissey|Blissey, L85, F|572/572\n|turn|24\n|\n|t:|1781384461\n|move|p2a: Annihilape|Taunt|p1a: Blissey\n|-start|p1a: Blissey|move: Taunt\n|move|p1a: Blissey|Seismic Toss|p2a: Annihilape\n|-damage|p2a: Annihilape|173/292\n|\n|-heal|p2a: Annihilape|191/292|[from] item: Leftovers\n|upkeep\n|turn|25\n|\n|t:|1781384463\n|move|p2a: Annihilape|Drain Punch|p1a: Blissey\n|-supereffective|p1a: Blissey\n|-damage|p1a: Blissey|0 fnt\n|-heal|p2a: Annihilape|292/292|[from] drain|[of] p1a: Blissey\n|faint|p1a: Blissey\n|\n|upkeep\n|-message|itsclover forfeited.\n|\n|win|JhuniorCq\n", "uploadtime": 1781384285, "views": 9, "formatid": "gen9randombattle", "rating": null, "private": 0, "password": null}