{"id": "gen9randombattle-2631649213", "format": "[Gen 9] Random Battle", "players": ["limeguy95", "mechroape"], "log": "|j|\u2606limeguy95\n|j|\u2606mechroape\n|t:|1781414750\n|gametype|singles\n|player|p1|limeguy95|ethan|1943\n|player|p2|mechroape|brycen|1942\n|gen|9\n|tier|[Gen 9] Random Battle\n|rated|\n|rule|Species Clause: Limit one of each Pok\u00e9mon\n|rule|HP Percentage Mod: HP is shown in percentages\n|rule|Sleep Clause Mod: Limit one foe put to sleep\n|rule|Illusion Level Mod: Illusion disguises the Pok\u00e9mon's true level\n|\n|t:|1781414750\n|teamsize|p1|6\n|teamsize|p2|6\n|start\n|switch|p1a: Articuno|Articuno-Galar, L84|288/288\n|switch|p2a: Suicune|Suicune, L82|298/298\n|-ability|p2a: Suicune|Pressure\n|turn|1\n|inactive|Battle timer is ON: inactive players will automatically lose when time's up. (requested by mechroape)\n|\n|t:|1781414768\n|switch|p2a: Scream Tail|Scream Tail, L84|330/330\n|move|p1a: Articuno|Calm Mind|p1a: Articuno\n|-boost|p1a: Articuno|spa|1\n|-boost|p1a: Articuno|spd|1\n|\n|upkeep\n|turn|2\n|\n|t:|1781414786\n|switch|p1a: Kilowattrel|Kilowattrel, L83, F|252/252\n|move|p2a: Scream Tail|Thunder Wave|p1a: Kilowattrel\n|-immune|p1a: Kilowattrel|[from] ability: Volt Absorb\n|\n|upkeep\n|turn|3\n|\n|t:|1781414794\n|move|p1a: Kilowattrel|Discharge|p2a: Scream Tail\n|-damage|p2a: Scream Tail|263/330\n|move|p2a: Scream Tail|Play Rough|p1a: Kilowattrel\n|-damage|p1a: Kilowattrel|165/252\n|\n|-heal|p2a: Scream Tail|283/330|[from] item: Leftovers\n|upkeep\n|turn|4\n|\n|t:|1781414800\n|move|p1a: Kilowattrel|Discharge|p2a: Scream Tail\n|-damage|p2a: Scream Tail|208/330\n|move|p2a: Scream Tail|Play Rough|p1a: Kilowattrel|[miss]\n|-miss|p2a: Scream Tail|p1a: Kilowattrel\n|\n|-heal|p2a: Scream Tail|228/330|[from] item: Leftovers\n|upkeep\n|turn|5\n|\n|t:|1781414809\n|-end|p2a: Scream Tail|Protosynthesis|[silent]\n|switch|p2a: Iron Treads|Iron Treads, L77|265/265\n|move|p1a: Kilowattrel|Discharge|p2a: Iron Treads\n|-immune|p2a: Iron Treads\n|\n|upkeep\n|turn|6\n|\n|t:|1781414814\n|move|p1a: Kilowattrel|U-turn|p2a: Iron Treads\n|-resisted|p2a: Iron Treads\n|-damage|p2a: Iron Treads|248/265\n|\n|t:|1781414823\n|switch|p1a: Brute Bonnet|Brute Bonnet, L80|309/309|[from] U-turn\n|move|p2a: Iron Treads|Knock Off|p1a: Brute Bonnet\n|-resisted|p1a: Brute Bonnet\n|-damage|p1a: Brute Bonnet|281/309\n|-enditem|p1a: Brute Bonnet|Leftovers|[from] move: Knock Off|[of] p2a: Iron Treads\n|\n|upkeep\n|turn|7\n|\n|t:|1781414838\n|-end|p2a: Iron Treads|Quark Drive|[silent]\n|switch|p2a: Scream Tail|Scream Tail, L84|228/330\n|move|p1a: Brute Bonnet|Spore|p2a: Scream Tail\n|-status|p2a: Scream Tail|slp|[from] move: Spore\n|\n|-heal|p2a: Scream Tail|248/330 slp|[from] item: Leftovers\n|upkeep\n|turn|8\n|\n|t:|1781414856\n|-end|p1a: Brute Bonnet|Protosynthesis|[silent]\n|switch|p1a: Kilowattrel|Kilowattrel, L83, F|165/252\n|cant|p2a: Scream Tail|slp\n|\n|-heal|p2a: Scream Tail|268/330 slp|[from] item: Leftovers\n|upkeep\n|turn|9\n|\n|t:|1781414864\n|move|p1a: Kilowattrel|U-turn|p2a: Scream Tail\n|-damage|p2a: Scream Tail|231/330 slp\n|\n|t:|1781414869\n|switch|p1a: Hypno|Hypno, L95, M|315/315|[from] U-turn\n|-curestatus|p2a: Scream Tail|slp|[msg]\n|move|p2a: Scream Tail|Play Rough|p1a: Hypno|[miss]\n|-miss|p2a: Scream Tail|p1a: Hypno\n|\n|-heal|p2a: Scream Tail|251/330|[from] item: Leftovers\n|upkeep\n|turn|10\n|\n|t:|1781414878\n|-end|p2a: Scream Tail|Protosynthesis|[silent]\n|switch|p2a: Iron Treads|Iron Treads, L77|248/265\n|switch|p1a: Kilowattrel|Kilowattrel, L83, F|165/252\n|\n|upkeep\n|turn|11\n|\n|t:|1781414881\n|move|p1a: Kilowattrel|U-turn|p2a: Iron Treads\n|-resisted|p2a: Iron Treads\n|-damage|p2a: Iron Treads|231/265\n|\n|t:|1781414884\n|switch|p1a: Brute Bonnet|Brute Bonnet, L80|281/309|[from] U-turn\n|move|p2a: Iron Treads|Knock Off|p1a: Brute Bonnet\n|-resisted|p1a: Brute Bonnet\n|-damage|p1a: Brute Bonnet|261/309\n|\n|upkeep\n|turn|12\n|\n|t:|1781414894\n|move|p2a: Iron Treads|Iron Head|p1a: Brute Bonnet\n|-damage|p1a: Brute Bonnet|183/309\n|move|p1a: Brute Bonnet|Spore|p2a: Iron Treads\n|-status|p2a: Iron Treads|slp|[from] move: Spore\n|\n|upkeep\n|turn|13\n|\n|t:|1781414903\n|-end|p1a: Brute Bonnet|Protosynthesis|[silent]\n|switch|p1a: Conkeldurr|Conkeldurr, L80, F|299/299\n|cant|p2a: Iron Treads|slp\n|\n|-status|p1a: Conkeldurr|brn|[from] item: Flame Orb\n|upkeep\n|turn|14\n|\n|t:|1781414911\n|-end|p2a: Iron Treads|Quark Drive|[silent]\n|switch|p2a: Suicune|Suicune, L82|298/298\n|-ability|p2a: Suicune|Pressure\n|move|p1a: Conkeldurr|Knock Off|p2a: Suicune\n|-damage|p2a: Suicune|190/298\n|-enditem|p2a: Suicune|Leftovers|[from] move: Knock Off|[of] p1a: Conkeldurr\n|\n|-damage|p1a: Conkeldurr|281/299 brn|[from] brn\n|upkeep\n|turn|15\n|\n|t:|1781414925\n|move|p2a: Suicune|Scald|p1a: Conkeldurr\n|-damage|p1a: Conkeldurr|185/299 brn\n|move|p1a: Conkeldurr|Close Combat|p2a: Suicune\n|-damage|p2a: Suicune|0 fnt\n|-unboost|p1a: Conkeldurr|def|1\n|-unboost|p1a: Conkeldurr|spd|1\n|faint|p2a: Suicune\n|\n|-damage|p1a: Conkeldurr|167/299 brn|[from] brn\n|upkeep\n|\n|t:|1781414934\n|switch|p2a: Indeedee|Indeedee, L84, M|238/238\n|-fieldstart|move: Psychic Terrain|[from] ability: Psychic Surge|[of] p2a: Indeedee\n|turn|16\n|\n|t:|1781414943\n|switch|p1a: Brute Bonnet|Brute Bonnet, L80|183/309\n|move|p2a: Indeedee|Hyper Voice|p1a: Brute Bonnet\n|-crit|p1a: Brute Bonnet\n|-damage|p1a: Brute Bonnet|36/309\n|\n|upkeep\n|turn|17\n|\n|t:|1781414967\n|move|p2a: Indeedee|Hyper Voice|p1a: Brute Bonnet\n|-damage|p1a: Brute Bonnet|0 fnt\n|faint|p1a: Brute Bonnet\n|-end|p1a: Brute Bonnet|Protosynthesis|[silent]\n|\n|upkeep\n|\n|t:|1781414974\n|switch|p1a: Hypno|Hypno, L95, M|315/315\n|turn|18\n|\n|t:|1781414995\n|switch|p2a: Mudsdale|Mudsdale, L83, M|302/302\n|move|p1a: Hypno|Knock Off|p2a: Mudsdale\n|-damage|p2a: Mudsdale|234/302\n|-ability|p2a: Mudsdale|Stamina|boost\n|-boost|p2a: Mudsdale|def|1\n|-enditem|p2a: Mudsdale|Leftovers|[from] move: Knock Off|[of] p1a: Hypno\n|\n|upkeep\n|turn|19\n|\n|t:|1781415006\n|move|p1a: Hypno|Toxic|p2a: Mudsdale\n|-status|p2a: Mudsdale|tox\n|move|p2a: Mudsdale|Stealth Rock|p1a: Hypno\n|-sidestart|p1: limeguy95|move: Stealth Rock\n|\n|-damage|p2a: Mudsdale|216/302 tox|[from] psn\n|upkeep\n|turn|20\n|\n|t:|1781415019\n|switch|p2a: Iron Treads|Iron Treads, L77|231/265 slp\n|move|p1a: Hypno|Encore||[still]\n|-fail|p1a: Hypno\n|\n|-fieldend|move: Psychic Terrain\n|upkeep\n|turn|21\n|\n|t:|1781415026\n|cant|p2a: Iron Treads|slp\n|move|p1a: Hypno|Knock Off|p2a: Iron Treads\n|-damage|p2a: Iron Treads|174/265 slp\n|-enditem|p2a: Iron Treads|Assault Vest|[from] move: Knock Off|[of] p1a: Hypno\n|\n|upkeep\n|turn|22\n|\n|t:|1781415038\n|switch|p1a: Kilowattrel|Kilowattrel, L83, F|165/252\n|-curestatus|p2a: Iron Treads|slp|[msg]\n|move|p2a: Iron Treads|Knock Off|p1a: Kilowattrel\n|-damage|p1a: Kilowattrel|82/252\n|-enditem|p1a: Kilowattrel|Heavy-Duty Boots|[from] move: Knock Off|[of] p2a: Iron Treads\n|\n|upkeep\n|turn|23\n|\n|t:|1781415046\n|move|p1a: Kilowattrel|Hurricane|p2a: Iron Treads\n|-resisted|p2a: Iron Treads\n|-damage|p2a: Iron Treads|96/265\n|-start|p2a: Iron Treads|confusion\n|-activate|p2a: Iron Treads|confusion\n|-damage|p2a: Iron Treads|72/265|[from] confusion\n|\n|upkeep\n|turn|24\n|\n|t:|1781415054\n|-end|p2a: Iron Treads|Quark Drive|[silent]\n|switch|p2a: Indeedee|Indeedee, L84, M|238/238\n|-fieldstart|move: Psychic Terrain|[from] ability: Psychic Surge|[of] p2a: Indeedee\n|move|p1a: Kilowattrel|Hurricane|p2a: Indeedee\n|-damage|p2a: Indeedee|129/238\n|\n|upkeep\n|turn|25\n|\n|t:|1781415073\n|move|p2a: Indeedee|Expanding Force|p1a: Kilowattrel\n|-damage|p1a: Kilowattrel|0 fnt\n|faint|p1a: Kilowattrel\n|\n|upkeep\n|\n|t:|1781415077\n|switch|p1a: Houndoom|Houndoom, L87, F|272/272\n|turn|26\n|\n|t:|1781415082\n|switch|p2a: Iron Treads|Iron Treads, L77|72/265\n|move|p1a: Houndoom|Nasty Plot|p1a: Houndoom\n|-boost|p1a: Houndoom|spa|2\n|\n|upkeep\n|turn|27\n|\n|t:|1781415086\n|move|p1a: Houndoom|Dark Pulse|p2a: Iron Treads\n|-damage|p2a: Iron Treads|0 fnt\n|faint|p2a: Iron Treads\n|-end|p2a: Iron Treads|Quark Drive|[silent]\n|\n|upkeep\n|\n|t:|1781415098\n|switch|p2a: Scream Tail|Scream Tail, L84|251/330\n|turn|28\n|\n|t:|1781415108\n|move|p2a: Scream Tail|Thunder Wave|p1a: Houndoom\n|-status|p1a: Houndoom|par\n|move|p1a: Houndoom|Fire Blast|p2a: Scream Tail|[miss]\n|-miss|p1a: Houndoom|p2a: Scream Tail\n|\n|-heal|p2a: Scream Tail|271/330|[from] item: Leftovers\n|-fieldend|move: Psychic Terrain\n|upkeep\n|turn|29\n|\n|t:|1781415113\n|move|p2a: Scream Tail|Play Rough|p1a: Houndoom\n|-damage|p1a: Houndoom|175/272 par\n|move|p1a: Houndoom|Fire Blast|p2a: Scream Tail\n|-damage|p2a: Scream Tail|34/330\n|-status|p2a: Scream Tail|brn\n|\n|-heal|p2a: Scream Tail|54/330 brn|[from] item: Leftovers\n|-damage|p2a: Scream Tail|34/330 brn|[from] brn\n|upkeep\n|turn|30\n|\n|t:|1781415123\n|move|p2a: Scream Tail|Wish|p2a: Scream Tail\n|move|p1a: Houndoom|Dark Pulse|p2a: Scream Tail\n|-damage|p2a: Scream Tail|0 fnt\n|faint|p2a: Scream Tail\n|-end|p2a: Scream Tail|Protosynthesis|[silent]\n|\n|upkeep\n|\n|t:|1781415131\n|switch|p2a: Mudsdale|Mudsdale, L83, M|216/302 tox\n|turn|31\n|\n|t:|1781415143\n|cant|p1a: Houndoom|par\n|move|p2a: Mudsdale|Earthquake|p1a: Houndoom\n|-supereffective|p1a: Houndoom\n|-damage|p1a: Houndoom|0 fnt\n|faint|p1a: Houndoom\n|\n|-heal|p2a: Mudsdale|302/302 tox|[from] move: Wish|[wisher] Scream Tail\n|-damage|p2a: Mudsdale|284/302 tox|[from] psn\n|upkeep\n|\n|t:|1781415154\n|switch|p1a: Hypno|Hypno, L95, M|315/315\n|-damage|p1a: Hypno|276/315|[from] Stealth Rock\n|turn|32\n|\n|t:|1781415166\n|move|p1a: Hypno|Psychic Noise|p2a: Mudsdale\n|-damage|p2a: Mudsdale|205/302 tox\n|-start|p2a: Mudsdale|move: Heal Block\n|-ability|p2a: Mudsdale|Stamina|boost\n|-boost|p2a: Mudsdale|def|1\n|move|p2a: Mudsdale|Earthquake|p1a: Hypno\n|-damage|p1a: Hypno|140/315\n|\n|-heal|p1a: Hypno|159/315|[from] item: Leftovers\n|-damage|p2a: Mudsdale|169/302 tox|[from] psn\n|upkeep\n|turn|33\n|\n|t:|1781415184\n|switch|p1a: Articuno|Articuno-Galar, L84|288/288\n|move|p2a: Mudsdale|Earthquake|p1a: Articuno\n|-immune|p1a: Articuno\n|\n|-damage|p2a: Mudsdale|115/302 tox|[from] psn\n|-end|p2a: Mudsdale|move: Heal Block\n|upkeep\n|turn|34\n|\n|t:|1781415194\n|switch|p2a: Indeedee|Indeedee, L84, M|129/238\n|-fieldstart|move: Psychic Terrain|[from] ability: Psychic Surge|[of] p2a: Indeedee\n|move|p1a: Articuno|Calm Mind|p1a: Articuno\n|-boost|p1a: Articuno|spa|1\n|-boost|p1a: Articuno|spd|1\n|\n|upkeep\n|turn|35\n|\n|t:|1781415203\n|move|p2a: Indeedee|Healing Wish|p2a: Indeedee\n|faint|p2a: Indeedee\n|move|p1a: Articuno|Calm Mind|p1a: Articuno\n|-boost|p1a: Articuno|spa|1\n|-boost|p1a: Articuno|spd|1\n|\n|upkeep\n|\n|t:|1781415207\n|switch|p2a: Terrakion|Terrakion, L79|273/273\n|turn|36\n|\n|t:|1781415227\n|-terastallize|p1a: Articuno|Steel\n|move|p2a: Terrakion|Close Combat|p1a: Articuno\n|-supereffective|p1a: Articuno\n|-damage|p1a: Articuno|0 fnt\n|-unboost|p2a: Terrakion|def|1\n|-unboost|p2a: Terrakion|spd|1\n|faint|p1a: Articuno\n|\n|upkeep\n|\n|t:|1781415234\n|switch|p1a: Conkeldurr|Conkeldurr, L80, F|167/299 brn\n|-damage|p1a: Conkeldurr|149/299 brn|[from] Stealth Rock\n|turn|37\n|\n|t:|1781415243\n|switch|p2a: Mudsdale|Mudsdale, L83, M|115/302 tox\n|-heal|p2a: Mudsdale|302/302|[from] move: Healing Wish\n|switch|p1a: Hypno|Hypno, L95, M|159/315\n|-damage|p1a: Hypno|120/315|[from] Stealth Rock\n|\n|-heal|p1a: Hypno|139/315|[from] item: Leftovers\n|upkeep\n|turn|38\n|\n|t:|1781415249\n|move|p1a: Hypno|Psychic Noise|p2a: Mudsdale\n|-damage|p2a: Mudsdale|193/302\n|-start|p2a: Mudsdale|move: Heal Block\n|-ability|p2a: Mudsdale|Stamina|boost\n|-boost|p2a: Mudsdale|def|1\n|move|p2a: Mudsdale|Earthquake|p1a: Hypno\n|-damage|p1a: Hypno|6/315\n|\n|-heal|p1a: Hypno|25/315|[from] item: Leftovers\n|-fieldend|move: Psychic Terrain\n|upkeep\n|turn|39\n|\n|t:|1781415255\n|move|p1a: Hypno|Psychic Noise|p2a: Mudsdale\n|-damage|p2a: Mudsdale|105/302\n|-ability|p2a: Mudsdale|Stamina|boost\n|-boost|p2a: Mudsdale|def|1\n|move|p2a: Mudsdale|Earthquake|p1a: Hypno\n|-damage|p1a: Hypno|0 fnt\n|faint|p1a: Hypno\n|\n|-end|p2a: Mudsdale|move: Heal Block\n|upkeep\n|\n|t:|1781415258\n|switch|p1a: Conkeldurr|Conkeldurr, L80, F|149/299 brn\n|-damage|p1a: Conkeldurr|131/299 brn|[from] Stealth Rock\n|turn|40\n|\n|t:|1781415264\n|move|p1a: Conkeldurr|Close Combat|p2a: Mudsdale\n|-damage|p2a: Mudsdale|5/302\n|-unboost|p1a: Conkeldurr|def|1\n|-unboost|p1a: Conkeldurr|spd|1\n|-ability|p2a: Mudsdale|Stamina|boost\n|-boost|p2a: Mudsdale|def|1\n|move|p2a: Mudsdale|Earthquake|p1a: Conkeldurr\n|-damage|p1a: Conkeldurr|0 fnt\n|faint|p1a: Conkeldurr\n|\n|win|mechroape\n", "uploadtime": 1781414752, "views": 7, "formatid": "gen9randombattle", "rating": null, "private": 0, "password": null}