{"id": "gen9randombattle-2631961017", "format": "[Gen 9] Random Battle", "players": ["scampy789", "TSM-Virgil"], "log": "|j|\u2606scampy789\n|j|\u2606TSM-Virgil\n|t:|1781460210\n|gametype|singles\n|player|p1|scampy789|170|2099\n|player|p2|TSM-Virgil|acetrainer|2130\n|gen|9\n|tier|[Gen 9] Random Battle\n|rated|\n|rule|Species Clause: Limit one of each Pok\u00e9mon\n|rule|HP Percentage Mod: HP is shown in percentages\n|rule|Sleep Clause Mod: Limit one foe put to sleep\n|rule|Illusion Level Mod: Illusion disguises the Pok\u00e9mon's true level\n|\n|t:|1781460210\n|teamsize|p1|6\n|teamsize|p2|6\n|start\n|switch|p1a: Necrozma|Necrozma-Dawn-Wings, L76|272/272\n|switch|p2a: Toxtricity|Toxtricity, L82, M|257/257\n|turn|1\n|inactive|Battle timer is ON: inactive players will automatically lose when time's up. (requested by TSM-Virgil)\n|inactive|scampy789 also wants the timer to be on.\n|\n|t:|1781460232\n|switch|p2a: Regice|Regice, L88|284/284\n|move|p1a: Necrozma|Photon Geyser|p2a: Regice\n|-damage|p2a: Regice|218/284\n|\n|upkeep\n|turn|2\n|inactive|TSM-Virgil has 120 seconds left.\n|\n|t:|1781460265\n|switch|p1a: Kricketune|Kricketune, L99, M|312/312\n|move|p2a: Regice|Thunder Wave|p1a: Kricketune\n|-status|p1a: Kricketune|par\n|\n|upkeep\n|turn|3\n|\n|t:|1781460276\n|switch|p2a: Sandslash|Sandslash-Alola, L88, M|275/275\n|cant|p1a: Kricketune|par\n|\n|upkeep\n|turn|4\n|\n|t:|1781460284\n|switch|p1a: Pecharunt|Pecharunt, L77|262/262\n|move|p2a: Sandslash|Swords Dance|p2a: Sandslash\n|-boost|p2a: Sandslash|atk|2\n|\n|upkeep\n|turn|5\n|\n|t:|1781460293\n|move|p1a: Pecharunt|Shadow Ball|p2a: Sandslash\n|-damage|p2a: Sandslash|202/275\n|move|p2a: Sandslash|Earthquake|p1a: Pecharunt\n|-supereffective|p1a: Pecharunt\n|-damage|p1a: Pecharunt|0 fnt\n|faint|p1a: Pecharunt\n|-damage|p2a: Sandslash|175/275|[from] item: Life Orb\n|\n|upkeep\n|\n|t:|1781460303\n|switch|p1a: Toxicroak|Toxicroak, L84, M|277/277\n|turn|6\n|\n|t:|1781460331\n|switch|p2a: Articuno|Articuno-Galar, L84|288/288\n|move|p1a: Toxicroak|Close Combat|p2a: Articuno\n|-resisted|p2a: Articuno\n|-damage|p2a: Articuno|243/288\n|-unboost|p1a: Toxicroak|def|1\n|-unboost|p1a: Toxicroak|spd|1\n|-damage|p1a: Toxicroak|250/277|[from] item: Life Orb\n|\n|upkeep\n|turn|7\n|\n|t:|1781460347\n|switch|p1a: Iron Jugulis|Iron Jugulis, L77|271/271\n|move|p2a: Articuno|Hurricane|p1a: Iron Jugulis|[miss]\n|-miss|p2a: Articuno|p1a: Iron Jugulis\n|\n|upkeep\n|turn|8\n|\n|t:|1781460355\n|switch|p2a: Regice|Regice, L88|218/284\n|move|p1a: Iron Jugulis|Dark Pulse|p2a: Regice\n|-damage|p2a: Regice|158/284\n|\n|upkeep\n|turn|9\n|\n|t:|1781460360\n|-end|p1a: Iron Jugulis|Quark Drive|[silent]\n|switch|p1a: Minun|Minun, L95, M|268/268\n|move|p2a: Regice|Ice Beam|p1a: Minun\n|-damage|p1a: Minun|171/268\n|\n|upkeep\n|turn|10\n|\n|t:|1781460367\n|move|p1a: Minun|Thunderbolt|p2a: Regice\n|-damage|p2a: Regice|96/284\n|-damage|p1a: Minun|145/268|[from] item: Life Orb\n|move|p2a: Regice|Ice Beam|p1a: Minun\n|-damage|p1a: Minun|52/268\n|\n|upkeep\n|turn|11\n|inactive|TSM-Virgil has 120 seconds left.\n|\n|t:|1781460403\n|switch|p2a: Toxtricity|Toxtricity, L82, M|257/257\n|move|p1a: Minun|Nasty Plot|p1a: Minun\n|-boost|p1a: Minun|spa|2\n|\n|upkeep\n|turn|12\n|\n|t:|1781460421\n|move|p1a: Minun|Thunderbolt|p2a: Toxtricity\n|-resisted|p2a: Toxtricity\n|-damage|p2a: Toxtricity|113/257\n|-damage|p1a: Minun|26/268|[from] item: Life Orb\n|move|p2a: Toxtricity|Shift Gear|p2a: Toxtricity\n|-boost|p2a: Toxtricity|spe|2\n|-boost|p2a: Toxtricity|atk|1\n|\n|upkeep\n|turn|13\n|-message|scampy789 forfeited.\n|\n|win|TSM-Virgil\n", "uploadtime": 1781460212, "views": 3, "formatid": "gen9randombattle", "rating": null, "private": 0, "password": null}