{"id": "gen9randombattle-2631545431", "format": "[Gen 9] Random Battle", "players": ["patogerto456789", "mr_vhs"], "log": "|j|\u2606patogerto456789\n|j|\u2606mr_vhs\n|t:|1781399335\n|gametype|singles\n|player|p1|patogerto456789|102|1066\n|player|p2|mr_vhs|clerkf|1051\n|gen|9\n|tier|[Gen 9] Random Battle\n|rated|\n|rule|Species Clause: Limit one of each Pok\u00e9mon\n|rule|HP Percentage Mod: HP is shown in percentages\n|rule|Sleep Clause Mod: Limit one foe put to sleep\n|rule|Illusion Level Mod: Illusion disguises the Pok\u00e9mon's true level\n|\n|t:|1781399335\n|teamsize|p1|6\n|teamsize|p2|6\n|start\n|switch|p1a: Darkrai|Darkrai, L77|234/234\n|switch|p2a: Gardevoir|Gardevoir, L83, M|249/249\n|-ability|p2a: Gardevoir|Bad Dreams|Trace|[from] ability: Trace|[of] p1a: Darkrai\n|turn|1\n|\n|t:|1781399352\n|move|p2a: Gardevoir|Moonblast|p1a: Darkrai\n|-supereffective|p1a: Darkrai\n|-damage|p1a: Darkrai|0 fnt\n|faint|p1a: Darkrai\n|\n|upkeep\n|\n|t:|1781399362\n|switch|p1a: Iron Crown|Iron Crown, L78|268/268\n|turn|2\n|inactive|Battle timer is ON: inactive players will automatically lose when time's up. (requested by mr_vhs)\n|\n|t:|1781399371\n|-terastallize|p2a: Gardevoir|Fire\n|move|p2a: Gardevoir|Moonblast|p1a: Iron Crown\n|-resisted|p1a: Iron Crown\n|-crit|p1a: Iron Crown\n|-damage|p1a: Iron Crown|188/268\n|move|p1a: Iron Crown|Tachyon Cutter|p2a: Gardevoir\n|-resisted|p2a: Gardevoir\n|-crit|p2a: Gardevoir\n|-damage|p2a: Gardevoir|200/249\n|-resisted|p2a: Gardevoir\n|-damage|p2a: Gardevoir|167/249\n|-hitcount|p2a: Gardevoir|2\n|\n|upkeep\n|turn|3\n|\n|t:|1781399389\n|-end|p1a: Iron Crown|Quark Drive|[silent]\n|switch|p1a: Squawkabilly|Squawkabilly-Yellow, L89, F|291/291\n|move|p2a: Gardevoir|Moonblast|p1a: Squawkabilly\n|-damage|p1a: Squawkabilly|120/291\n|-unboost|p1a: Squawkabilly|spa|1\n|\n|upkeep\n|turn|4\n|\n|t:|1781399398\n|move|p2a: Gardevoir|Moonblast|p1a: Squawkabilly\n|-damage|p1a: Squawkabilly|0 fnt\n|faint|p1a: Squawkabilly\n|\n|upkeep\n|\n|t:|1781399403\n|switch|p1a: Masquerain|Masquerain, L87, F|264/264\n|-ability|p1a: Masquerain|Intimidate|boost\n|-unboost|p2a: Gardevoir|atk|1\n|turn|5\n|\n|t:|1781399413\n|move|p2a: Gardevoir|Moonblast|p1a: Masquerain\n|-damage|p1a: Masquerain|140/264\n|-unboost|p1a: Masquerain|spa|1\n|move|p1a: Masquerain|Hurricane|p2a: Gardevoir\n|-damage|p2a: Gardevoir|92/249\n|\n|upkeep\n|turn|6\n|\n|t:|1781399421\n|move|p2a: Gardevoir|Moonblast|p1a: Masquerain\n|-damage|p1a: Masquerain|19/264\n|move|p1a: Masquerain|Hurricane|p2a: Gardevoir\n|-damage|p2a: Gardevoir|26/249\n|\n|upkeep\n|turn|7\n|\n|t:|1781399428\n|move|p2a: Gardevoir|Moonblast|p1a: Masquerain\n|-damage|p1a: Masquerain|0 fnt\n|faint|p1a: Masquerain\n|\n|upkeep\n|\n|t:|1781399434\n|switch|p1a: Flapple|Flapple, L88, M|266/266\n|turn|8\n|\n|t:|1781399439\n|move|p2a: Gardevoir|Moonblast|p1a: Flapple\n|-supereffective|p1a: Flapple\n|-damage|p1a: Flapple|0 fnt\n|faint|p1a: Flapple\n|\n|upkeep\n|-message|patogerto456789 forfeited.\n|\n|win|mr_vhs\n|raw|patogerto456789's rating: 1066 &rarr; <strong>1045</strong><br />(-21 for losing)\n|raw|mr_vhs's rating: 1051 &rarr; <strong>1085</strong><br />(+34 for winning)\n|l|\u2606patogerto456789\n|player|p1|\n", "uploadtime": 1781399450, "views": 2, "formatid": "gen9randombattle", "rating": 1045, "private": 0, "password": null}