{"id": "gen9randombattle-2631516518", "format": "[Gen 9] Random Battle", "players": ["metalhydra273", "thuggernaut"], "log": "|j|\u2606metalhydra273\n|j|\u2606thuggernaut\n|t:|1781395291\n|gametype|singles\n|player|p1|metalhydra273|kris-masters|2110\n|player|p2|thuggernaut|102|2086\n|gen|9\n|tier|[Gen 9] Random Battle\n|rated|\n|rule|Species Clause: Limit one of each Pok\u00e9mon\n|rule|HP Percentage Mod: HP is shown in percentages\n|rule|Sleep Clause Mod: Limit one foe put to sleep\n|rule|Illusion Level Mod: Illusion disguises the Pok\u00e9mon's true level\n|\n|t:|1781395291\n|teamsize|p1|6\n|teamsize|p2|6\n|start\n|switch|p1a: Phione|Phione, L91|293/293\n|switch|p2a: Clawitzer|Clawitzer, L87, M|265/265\n|turn|1\n|inactive|Battle timer is ON: inactive players will automatically lose when time's up. (requested by metalhydra273)\n|inactive|thuggernaut has 120 seconds left.\n|\n|t:|1781395335\n|switch|p2a: Samurott|Samurott-Hisui, L77, F|265/265\n|move|p1a: Phione|Scald|p2a: Samurott\n|-resisted|p2a: Samurott\n|-damage|p2a: Samurott|209/265\n|\n|upkeep\n|turn|2\n|\n|t:|1781395343\n|switch|p1a: Vikavolt|Vikavolt, L83, M|263/263\n|move|p2a: Samurott|Ceaseless Edge|p1a: Vikavolt\n|-damage|p1a: Vikavolt|149/263\n|-sidestart|p1: metalhydra273|Spikes\n|-damage|p2a: Samurott|183/265|[from] item: Life Orb\n|\n|upkeep\n|turn|3\n|\n|t:|1781395357\n|move|p2a: Samurott|Razor Shell|p1a: Vikavolt\n|-damage|p1a: Vikavolt|3/263\n|-damage|p2a: Samurott|157/265|[from] item: Life Orb\n|move|p1a: Vikavolt|Sticky Web|p2a: Samurott\n|-sidestart|p2: thuggernaut|move: Sticky Web\n|\n|upkeep\n|turn|4\n|\n|t:|1781395362\n|move|p2a: Samurott|Ceaseless Edge|p1a: Vikavolt\n|-damage|p1a: Vikavolt|0 fnt\n|-sidestart|p1: metalhydra273|Spikes\n|faint|p1a: Vikavolt\n|-damage|p2a: Samurott|131/265|[from] item: Life Orb\n|\n|upkeep\n|\n|t:|1781395370\n|switch|p1a: Cobalion|Cobalion, L80|277/277\n|-damage|p1a: Cobalion|231/277|[from] Spikes\n|turn|5\n|\n|t:|1781395377\n|switch|p2a: Sableye|Sableye, L88, M|231/231\n|-activate|p2a: Sableye|move: Sticky Web\n|-unboost|p2a: Sableye|spe|1\n|move|p1a: Cobalion|Stealth Rock|p2a: Sableye\n|-sidestart|p2: thuggernaut|move: Stealth Rock\n|\n|-heal|p1a: Cobalion|248/277|[from] item: Leftovers\n|upkeep\n|turn|6\n|\n|t:|1781395385\n|switch|p1a: Bombirdier|Bombirdier, L85, M|258/258\n|move|p2a: Sableye|Will-O-Wisp|p1a: Bombirdier\n|-hint|Since gen 7, Dark is immune to Prankster moves.\n|-immune|p1a: Bombirdier\n|\n|upkeep\n|turn|7\n|\n|t:|1781395400\n|switch|p2a: Dragalge|Dragalge, L88, F|258/258\n|-activate|p2a: Dragalge|move: Sticky Web\n|-unboost|p2a: Dragalge|spe|1\n|-damage|p2a: Dragalge|226/258|[from] Stealth Rock\n|move|p1a: Bombirdier|Knock Off|p2a: Dragalge\n|-damage|p2a: Dragalge|127/258\n|-enditem|p2a: Dragalge|Leftovers|[from] move: Knock Off|[of] p1a: Bombirdier\n|\n|upkeep\n|turn|8\n|\n|t:|1781395410\n|move|p1a: Bombirdier|Brave Bird|p2a: Dragalge\n|-damage|p2a: Dragalge|0 fnt\n|faint|p2a: Dragalge\n|-damage|p1a: Bombirdier|216/258|[from] Recoil\n|\n|upkeep\n|\n|t:|1781395415\n|switch|p2a: Rampardos|Rampardos, L90, M|321/321\n|-activate|p2a: Rampardos|move: Sticky Web\n|-unboost|p2a: Rampardos|spe|1\n|-damage|p2a: Rampardos|281/321|[from] Stealth Rock\n|turn|9\n|\n|t:|1781395419\n|move|p1a: Bombirdier|U-turn|p2a: Rampardos\n|-damage|p2a: Rampardos|210/321\n|\n|t:|1781395422\n|switch|p1a: Cobalion|Cobalion, L80|248/277|[from] U-turn\n|-damage|p1a: Cobalion|202/277|[from] Spikes\n|move|p2a: Rampardos|Rock Slide|p1a: Cobalion\n|-resisted|p1a: Cobalion\n|-damage|p1a: Cobalion|159/277\n|\n|-heal|p1a: Cobalion|176/277|[from] item: Leftovers\n|upkeep\n|turn|10\n|\n|t:|1781395428\n|move|p1a: Cobalion|Iron Head|p2a: Rampardos\n|-supereffective|p2a: Rampardos\n|-damage|p2a: Rampardos|30/321\n|cant|p2a: Rampardos|flinch\n|\n|-heal|p1a: Cobalion|193/277|[from] item: Leftovers\n|upkeep\n|turn|11\n|inactive|thuggernaut has 120 seconds left.\n|\n|t:|1781395464\n|move|p1a: Cobalion|Body Press|p2a: Rampardos\n|-supereffective|p2a: Rampardos\n|-damage|p2a: Rampardos|0 fnt\n|faint|p2a: Rampardos\n|\n|-heal|p1a: Cobalion|210/277|[from] item: Leftovers\n|upkeep\n|inactive|thuggernaut has 90 seconds left.\n|\n|t:|1781395518\n|switch|p2a: Passimian|Passimian, L83, F|302/302\n|-activate|p2a: Passimian|move: Sticky Web\n|-unboost|p2a: Passimian|spe|1\n|-ability|p2a: Passimian|Defiant|boost\n|-boost|p2a: Passimian|atk|2\n|-damage|p2a: Passimian|284/302|[from] Stealth Rock\n|turn|12\n|\n|t:|1781395530\n|switch|p1a: Hippowdon|Hippowdon, L82, F|311/311\n|-damage|p1a: Hippowdon|260/311|[from] Spikes\n|-weather|Sandstorm|[from] ability: Sand Stream|[of] p1a: Hippowdon\n|move|p2a: Passimian|Drain Punch|p1a: Hippowdon\n|-damage|p1a: Hippowdon|103/311\n|-heal|p2a: Passimian|302/302|[from] drain|[of] p1a: Hippowdon\n|-damage|p2a: Passimian|252/302|[from] item: Rocky Helmet|[of] p1a: Hippowdon\n|\n|-weather|Sandstorm|[upkeep]\n|-damage|p2a: Passimian|234/302|[from] Sandstorm\n|-heal|p2a: Passimian|252/302|[from] item: Leftovers\n|upkeep\n|turn|13\n|\n|t:|1781395555\n|move|p1a: Hippowdon|Earthquake|p2a: Passimian\n|-damage|p2a: Passimian|149/302\n|move|p2a: Passimian|Drain Punch|p1a: Hippowdon\n|-damage|p1a: Hippowdon|0 fnt\n|-heal|p2a: Passimian|201/302|[from] drain|[of] p1a: Hippowdon\n|-damage|p2a: Passimian|151/302|[from] item: Rocky Helmet|[of] p1a: Hippowdon\n|faint|p1a: Hippowdon\n|\n|-weather|Sandstorm|[upkeep]\n|-damage|p2a: Passimian|133/302|[from] Sandstorm\n|-heal|p2a: Passimian|151/302|[from] item: Leftovers\n|upkeep\n|\n|t:|1781395562\n|switch|p1a: Phione|Phione, L91|293/293\n|-damage|p1a: Phione|245/293|[from] Spikes\n|turn|14\n|\n|t:|1781395566\n|move|p1a: Phione|Scald|p2a: Passimian\n|-damage|p2a: Passimian|34/302\n|move|p2a: Passimian|Drain Punch|p1a: Phione\n|-damage|p1a: Phione|73/293\n|-heal|p2a: Passimian|120/302|[from] drain|[of] p1a: Phione\n|\n|-weather|Sandstorm|[upkeep]\n|-damage|p1a: Phione|55/293|[from] Sandstorm\n|-damage|p2a: Passimian|102/302|[from] Sandstorm\n|-heal|p1a: Phione|73/293|[from] item: Leftovers\n|-heal|p2a: Passimian|120/302|[from] item: Leftovers\n|upkeep\n|turn|15\n|inactive|thuggernaut has 90 seconds left.\n|\n|t:|1781395579\n|move|p1a: Phione|Scald|p2a: Passimian\n|-damage|p2a: Passimian|0 fnt\n|faint|p2a: Passimian\n|\n|-weather|Sandstorm|[upkeep]\n|-damage|p1a: Phione|55/293|[from] Sandstorm\n|-heal|p1a: Phione|73/293|[from] item: Leftovers\n|upkeep\n|\n|t:|1781395593\n|switch|p2a: Samurott|Samurott-Hisui, L77, F|131/265\n|-activate|p2a: Samurott|move: Sticky Web\n|-unboost|p2a: Samurott|spe|1\n|-damage|p2a: Samurott|98/265|[from] Stealth Rock\n|turn|16\n|\n|t:|1781395603\n|switch|p1a: Cobalion|Cobalion, L80|210/277\n|-damage|p1a: Cobalion|164/277|[from] Spikes\n|move|p2a: Samurott|Ceaseless Edge|p1a: Cobalion\n|-resisted|p1a: Cobalion\n|-damage|p1a: Cobalion|113/277\n|-ability|p1a: Cobalion|Justified|boost\n|-boost|p1a: Cobalion|atk|1\n|-sidestart|p1: metalhydra273|Spikes\n|-damage|p2a: Samurott|72/265|[from] item: Life Orb\n|\n|-weather|none\n|-heal|p1a: Cobalion|130/277|[from] item: Leftovers\n|upkeep\n|turn|17\n|\n|t:|1781395610\n|move|p1a: Cobalion|Volt Switch|p2a: Samurott\n|-supereffective|p2a: Samurott\n|-damage|p2a: Samurott|0 fnt\n|faint|p2a: Samurott\n|\n|t:|1781395618\n|switch|p1a: Bombirdier|Bombirdier, L85, M|216/258|[from] Volt Switch\n|\n|upkeep\n|\n|t:|1781395628\n|switch|p2a: Clawitzer|Clawitzer, L87, M|265/265\n|-activate|p2a: Clawitzer|move: Sticky Web\n|-unboost|p2a: Clawitzer|spe|1\n|-damage|p2a: Clawitzer|232/265|[from] Stealth Rock\n|turn|18\n|\n|t:|1781395636\n|move|p1a: Bombirdier|Knock Off|p2a: Clawitzer\n|-damage|p2a: Clawitzer|132/265\n|-enditem|p2a: Clawitzer|Choice Specs|[from] move: Knock Off|[of] p1a: Bombirdier\n|move|p2a: Clawitzer|Water Pulse|p1a: Bombirdier\n|-damage|p1a: Bombirdier|101/258\n|-start|p1a: Bombirdier|confusion\n|\n|upkeep\n|turn|19\n|\n|t:|1781395642\n|switch|p1a: Cobalion|Cobalion, L80|130/277\n|-damage|p1a: Cobalion|61/277|[from] Spikes\n|move|p2a: Clawitzer|Water Pulse|p1a: Cobalion\n|-damage|p1a: Cobalion|0 fnt\n|faint|p1a: Cobalion\n|\n|upkeep\n|\n|t:|1781395650\n|switch|p1a: Bombirdier|Bombirdier, L85, M|101/258\n|turn|20\n|\n|t:|1781395657\n|move|p1a: Bombirdier|U-turn|p2a: Clawitzer\n|-damage|p2a: Clawitzer|75/265\n|\n|t:|1781395659\n|switch|p1a: Phione|Phione, L91|73/293|[from] U-turn\n|-damage|p1a: Phione|0 fnt|[from] Spikes\n|faint|p1a: Phione\n|move|p2a: Clawitzer|Water Pulse|p1: Phione|[notarget]\n|-fail|p2a: Clawitzer\n|\n|upkeep\n|\n|t:|1781395660\n|switch|p1a: Bombirdier|Bombirdier, L85, M|101/258\n|turn|21\n|\n|t:|1781395662\n|move|p1a: Bombirdier|Brave Bird|p2a: Clawitzer\n|-damage|p2a: Clawitzer|0 fnt\n|faint|p2a: Clawitzer\n|-damage|p1a: Bombirdier|76/258|[from] Recoil\n|\n|upkeep\n|\n|t:|1781395665\n|switch|p2a: Sableye|Sableye, L88, M|231/231\n|-activate|p2a: Sableye|move: Sticky Web\n|-unboost|p2a: Sableye|spe|1\n|-damage|p2a: Sableye|203/231|[from] Stealth Rock\n|turn|22\n|\n|t:|1781395669\n|-terastallize|p2a: Sableye|Steel\n|move|p1a: Bombirdier|Roost|p1a: Bombirdier\n|-heal|p1a: Bombirdier|205/258\n|-singleturn|p1a: Bombirdier|move: Roost\n|move|p2a: Sableye|Knock Off|p1a: Bombirdier\n|-resisted|p1a: Bombirdier\n|-damage|p1a: Bombirdier|154/258\n|-enditem|p1a: Bombirdier|Heavy-Duty Boots|[from] move: Knock Off|[of] p2a: Sableye\n|\n|-heal|p2a: Sableye|217/231|[from] item: Leftovers\n|upkeep\n|turn|23\n|\n|t:|1781395674\n|move|p1a: Bombirdier|Knock Off|p2a: Sableye\n|-damage|p2a: Sableye|88/231\n|-enditem|p2a: Sableye|Leftovers|[from] move: Knock Off|[of] p1a: Bombirdier\n|move|p2a: Sableye|Knock Off|p1a: Bombirdier\n|-resisted|p1a: Bombirdier\n|-damage|p1a: Bombirdier|124/258\n|\n|upkeep\n|turn|24\n|\n|t:|1781395677\n|move|p2a: Sableye|Recover|p2a: Sableye\n|-heal|p2a: Sableye|204/231\n|move|p1a: Bombirdier|Roost|p1a: Bombirdier\n|-heal|p1a: Bombirdier|253/258\n|-singleturn|p1a: Bombirdier|move: Roost\n|\n|upkeep\n|turn|25\n|-message|thuggernaut forfeited.\n|\n|win|metalhydra273\n", "uploadtime": 1781395293, "views": 4, "formatid": "gen9randombattle", "rating": null, "private": 0, "password": null}