{"id": "gen9randombattle-2631788098", "format": "[Gen 9] Random Battle", "players": ["BoonLikker", "dggg"], "log": "|j|\u2606BoonLikker\n|j|\u2606dggg\n|t:|1781439743\n|gametype|singles\n|player|p1|BoonLikker|1|2130\n|player|p2|dggg|169|2126\n|gen|9\n|tier|[Gen 9] Random Battle\n|rated|\n|rule|Species Clause: Limit one of each Pok\u00e9mon\n|rule|HP Percentage Mod: HP is shown in percentages\n|rule|Sleep Clause Mod: Limit one foe put to sleep\n|rule|Illusion Level Mod: Illusion disguises the Pok\u00e9mon's true level\n|\n|t:|1781439743\n|teamsize|p1|6\n|teamsize|p2|6\n|start\n|switch|p1a: Dugtrio|Dugtrio, L84, F|196/196\n|switch|p2a: Tyranitar|Tyranitar, L78, M|284/284\n|-weather|Sandstorm|[from] ability: Sand Stream|[of] p2a: Tyranitar\n|turn|1\n|\n|t:|1781439773\n|-terastallize|p2a: Tyranitar|Ghost\n|move|p1a: Dugtrio|Swords Dance|p1a: Dugtrio\n|-boost|p1a: Dugtrio|atk|2\n|move|p2a: Tyranitar|Dragon Dance|p2a: Tyranitar\n|-boost|p2a: Tyranitar|atk|1\n|-boost|p2a: Tyranitar|spe|1\n|\n|-weather|Sandstorm|[upkeep]\n|-damage|p2a: Tyranitar|267/284|[from] Sandstorm\n|upkeep\n|turn|2\n|\n|t:|1781439779\n|move|p1a: Dugtrio|Earthquake|p2a: Tyranitar\n|-damage|p2a: Tyranitar|74/284\n|move|p2a: Tyranitar|Knock Off|p1a: Dugtrio\n|-enditem|p1a: Dugtrio|Focus Sash\n|-damage|p1a: Dugtrio|1/196\n|\n|-weather|Sandstorm|[upkeep]\n|-damage|p2a: Tyranitar|57/284|[from] Sandstorm\n|upkeep\n|turn|3\n|\n|t:|1781439788\n|move|p1a: Dugtrio|Earthquake|p2a: Tyranitar\n|-damage|p2a: Tyranitar|0 fnt\n|faint|p2a: Tyranitar\n|\n|-weather|Sandstorm|[upkeep]\n|upkeep\n|\n|t:|1781439790\n|switch|p2a: Mimikyu|Mimikyu, L79, M|216/216\n|turn|4\n|\n|t:|1781439807\n|switch|p1a: Orthworm|Orthworm, L88, M|266/266\n|move|p2a: Mimikyu|Shadow Sneak|p1a: Orthworm\n|-damage|p1a: Orthworm|235/266\n|-damage|p2a: Mimikyu|195/216|[from] item: Life Orb\n|\n|-weather|Sandstorm|[upkeep]\n|-damage|p2a: Mimikyu|182/216|[from] Sandstorm\n|-heal|p1a: Orthworm|251/266|[from] item: Leftovers\n|upkeep\n|turn|5\n|\n|t:|1781439824\n|switch|p2a: Pyroar|Pyroar, L88, F|295/295\n|-ability|p2a: Pyroar|Unnerve\n|move|p1a: Orthworm|Heavy Slam|p2a: Pyroar\n|-resisted|p2a: Pyroar\n|-damage|p2a: Pyroar|247/295\n|\n|-weather|none\n|-heal|p1a: Orthworm|266/266|[from] item: Leftovers\n|upkeep\n|turn|6\n|\n|t:|1781439829\n|switch|p1a: Altaria|Altaria, L89, M|278/278\n|move|p2a: Pyroar|Fire Blast|p1a: Altaria\n|-resisted|p1a: Altaria\n|-damage|p1a: Altaria|221/278\n|\n|upkeep\n|turn|7\n|\n|t:|1781439848\n|move|p2a: Pyroar|Will-O-Wisp|p1a: Altaria\n|-status|p1a: Altaria|brn\n|move|p1a: Altaria|Earthquake|p2a: Pyroar\n|-supereffective|p2a: Pyroar\n|-damage|p2a: Pyroar|181/295\n|\n|-damage|p1a: Altaria|204/278 brn|[from] brn\n|upkeep\n|turn|8\n|\n|t:|1781439853\n|move|p2a: Pyroar|Hyper Voice|p1a: Altaria\n|-damage|p1a: Altaria|105/278 brn\n|move|p1a: Altaria|Dragon Dance|p1a: Altaria\n|-boost|p1a: Altaria|atk|1\n|-boost|p1a: Altaria|spe|1\n|\n|-damage|p1a: Altaria|88/278 brn|[from] brn\n|upkeep\n|turn|9\n|\n|t:|1781439855\n|move|p1a: Altaria|Roost|p1a: Altaria\n|-heal|p1a: Altaria|227/278 brn\n|-singleturn|p1a: Altaria|move: Roost\n|move|p2a: Pyroar|Hyper Voice|p1a: Altaria\n|-damage|p1a: Altaria|128/278 brn\n|\n|-damage|p1a: Altaria|111/278 brn|[from] brn\n|upkeep\n|turn|10\n|\n|t:|1781439859\n|move|p1a: Altaria|Roost|p1a: Altaria\n|-heal|p1a: Altaria|250/278 brn\n|-singleturn|p1a: Altaria|move: Roost\n|move|p2a: Pyroar|Hyper Voice|p1a: Altaria\n|-damage|p1a: Altaria|160/278 brn\n|\n|-damage|p1a: Altaria|143/278 brn|[from] brn\n|upkeep\n|turn|11\n|\n|t:|1781439862\n|move|p1a: Altaria|Earthquake|p2a: Pyroar\n|-supereffective|p2a: Pyroar\n|-damage|p2a: Pyroar|76/295\n|move|p2a: Pyroar|Hyper Voice|p1a: Altaria\n|-damage|p1a: Altaria|53/278 brn\n|\n|-damage|p1a: Altaria|36/278 brn|[from] brn\n|upkeep\n|turn|12\n|\n|t:|1781439870\n|move|p1a: Altaria|Roost|p1a: Altaria\n|-heal|p1a: Altaria|175/278 brn\n|-singleturn|p1a: Altaria|move: Roost\n|move|p2a: Pyroar|Hyper Voice|p1a: Altaria\n|-damage|p1a: Altaria|72/278 brn\n|\n|-damage|p1a: Altaria|55/278 brn|[from] brn\n|upkeep\n|turn|13\n|\n|t:|1781439873\n|move|p1a: Altaria|Roost|p1a: Altaria\n|-heal|p1a: Altaria|194/278 brn\n|-singleturn|p1a: Altaria|move: Roost\n|move|p2a: Pyroar|Hyper Voice|p1a: Altaria\n|-damage|p1a: Altaria|97/278 brn\n|\n|-damage|p1a: Altaria|80/278 brn|[from] brn\n|upkeep\n|turn|14\n|\n|t:|1781439877\n|move|p1a: Altaria|Roost|p1a: Altaria\n|-heal|p1a: Altaria|219/278 brn\n|-singleturn|p1a: Altaria|move: Roost\n|move|p2a: Pyroar|Hyper Voice|p1a: Altaria\n|-damage|p1a: Altaria|119/278 brn\n|\n|-damage|p1a: Altaria|102/278 brn|[from] brn\n|upkeep\n|turn|15\n|\n|t:|1781439879\n|move|p1a: Altaria|Roost|p1a: Altaria\n|-heal|p1a: Altaria|241/278 brn\n|-singleturn|p1a: Altaria|move: Roost\n|move|p2a: Pyroar|Hyper Voice|p1a: Altaria\n|-damage|p1a: Altaria|145/278 brn\n|\n|-damage|p1a: Altaria|128/278 brn|[from] brn\n|upkeep\n|turn|16\n|\n|t:|1781439885\n|move|p1a: Altaria|Earthquake|p2a: Pyroar\n|-supereffective|p2a: Pyroar\n|-damage|p2a: Pyroar|0 fnt\n|faint|p2a: Pyroar\n|\n|-damage|p1a: Altaria|111/278 brn|[from] brn\n|upkeep\n|\n|t:|1781439892\n|switch|p2a: Mimikyu|Mimikyu, L79, M|182/216\n|turn|17\n|\n|t:|1781439899\n|move|p1a: Altaria|Earthquake|p2a: Mimikyu\n|-activate|p2a: Mimikyu|ability: Disguise\n|-damage|p2a: Mimikyu|182/216\n|detailschange|p2a: Mimikyu|Mimikyu-Busted, L79, M\n|-damage|p2a: Mimikyu|155/216|[from] pokemon: Mimikyu-Busted\n|move|p2a: Mimikyu|Swords Dance|p2a: Mimikyu\n|-boost|p2a: Mimikyu|atk|2\n|\n|-damage|p1a: Altaria|94/278 brn|[from] brn\n|upkeep\n|turn|18\n|\n|t:|1781439918\n|move|p1a: Altaria|Earthquake|p2a: Mimikyu\n|-damage|p2a: Mimikyu|105/216\n|move|p2a: Mimikyu|Shadow Claw|p1a: Altaria\n|-damage|p1a: Altaria|0 fnt\n|faint|p1a: Altaria\n|-damage|p2a: Mimikyu|84/216|[from] item: Life Orb\n|\n|upkeep\n|\n|t:|1781439927\n|switch|p1a: Orthworm|Orthworm, L88, M|266/266\n|turn|19\n|\n|t:|1781439932\n|move|p2a: Mimikyu|Shadow Claw|p1a: Orthworm\n|-damage|p1a: Orthworm|171/266\n|-damage|p2a: Mimikyu|63/216|[from] item: Life Orb\n|move|p1a: Orthworm|Heavy Slam|p2a: Mimikyu\n|-supereffective|p2a: Mimikyu\n|-damage|p2a: Mimikyu|0 fnt\n|faint|p2a: Mimikyu\n|\n|-heal|p1a: Orthworm|187/266|[from] item: Leftovers\n|upkeep\n|\n|t:|1781439957\n|switch|p2a: Tornadus|Tornadus-Therian, L79, M|254/254\n|turn|20\n|\n|t:|1781439965\n|move|p2a: Tornadus|Heat Wave|p1a: Orthworm\n|-supereffective|p1a: Orthworm\n|-damage|p1a: Orthworm|13/266\n|move|p1a: Orthworm|Stealth Rock|p2a: Tornadus\n|-sidestart|p2: dggg|move: Stealth Rock\n|\n|-heal|p1a: Orthworm|29/266|[from] item: Leftovers\n|upkeep\n|turn|21\n|\n|t:|1781439975\n|move|p2a: Tornadus|Knock Off|p1a: Orthworm\n|-damage|p1a: Orthworm|0 fnt\n|-enditem|p1a: Orthworm|Leftovers|[from] move: Knock Off|[of] p2a: Tornadus\n|faint|p1a: Orthworm\n|\n|upkeep\n|\n|t:|1781439980\n|switch|p1a: Dialga|Dialga-Origin, L73|266/266\n|-ability|p1a: Dialga|Pressure\n|turn|22\n|\n|t:|1781439993\n|move|p2a: Tornadus|Knock Off|p1a: Dialga\n|-damage|p1a: Dialga|230/266\n|move|p1a: Dialga|Thunder Wave|p2a: Tornadus\n|-status|p2a: Tornadus|par\n|\n|upkeep\n|turn|23\n|\n|t:|1781440007\n|switch|p2a: Glastrier|Glastrier, L86|311/311\n|-damage|p2a: Glastrier|234/311|[from] Stealth Rock\n|move|p1a: Dialga|Flash Cannon|p2a: Glastrier\n|-supereffective|p2a: Glastrier\n|-damage|p2a: Glastrier|66/311\n|\n|upkeep\n|turn|24\n|\n|t:|1781440013\n|move|p1a: Dialga|Flash Cannon|p2a: Glastrier\n|-supereffective|p2a: Glastrier\n|-damage|p2a: Glastrier|0 fnt\n|faint|p2a: Glastrier\n|\n|upkeep\n|\n|t:|1781440015\n|switch|p2a: Kyogre|Kyogre, L71|259/259\n|-damage|p2a: Kyogre|227/259|[from] Stealth Rock\n|-weather|RainDance|[from] ability: Drizzle|[of] p2a: Kyogre\n|turn|25\n|\n|t:|1781440020\n|move|p1a: Dialga|Thunder Wave|p2a: Kyogre\n|-status|p2a: Kyogre|par\n|move|p2a: Kyogre|Calm Mind|p2a: Kyogre\n|-boost|p2a: Kyogre|spa|1\n|-boost|p2a: Kyogre|spd|1\n|\n|-weather|RainDance|[upkeep]\n|-heal|p2a: Kyogre|243/259 par|[from] item: Leftovers\n|upkeep\n|turn|26\n|\n|t:|1781440030\n|switch|p1a: Whimsicott|Whimsicott, L84, F|238/238\n|cant|p2a: Kyogre|par\n|\n|-weather|RainDance|[upkeep]\n|-heal|p2a: Kyogre|259/259 par|[from] item: Leftovers\n|upkeep\n|turn|27\n|\n|t:|1781440034\n|move|p1a: Whimsicott|Encore|p2a: Kyogre\n|-start|p2a: Kyogre|Encore\n|move|p2a: Kyogre|Calm Mind|p2a: Kyogre\n|-boost|p2a: Kyogre|spa|1\n|-boost|p2a: Kyogre|spd|1\n|\n|-weather|RainDance|[upkeep]\n|upkeep\n|turn|28\n|-message|dggg forfeited.\n|\n|win|BoonLikker\n", "uploadtime": 1781439745, "views": 3, "formatid": "gen9randombattle", "rating": null, "private": 0, "password": null}