{"id": "gen9randombattle-2631438115", "format": "[Gen 9] Random Battle", "players": ["Fortre", "noocha"], "log": "|j|\u2606Fortre\n|j|\u2606noocha\n|t:|1781384663\n|gametype|singles\n|player|p1|Fortre|1|1990\n|player|p2|noocha|hanbei-conquest|2066\n|gen|9\n|tier|[Gen 9] Random Battle\n|rated|\n|rule|Species Clause: Limit one of each Pok\u00e9mon\n|rule|HP Percentage Mod: HP is shown in percentages\n|rule|Sleep Clause Mod: Limit one foe put to sleep\n|rule|Illusion Level Mod: Illusion disguises the Pok\u00e9mon's true level\n|\n|t:|1781384663\n|teamsize|p1|6\n|teamsize|p2|6\n|start\n|switch|p1a: Regidrago|Regidrago, L77|435/435\n|switch|p2a: Skuntank|Skuntank, L84, F|310/310\n|turn|1\n|\n|t:|1781384674\n|move|p2a: Skuntank|Knock Off|p1a: Regidrago\n|-damage|p1a: Regidrago|267/435\n|-enditem|p1a: Regidrago|Lum Berry|[from] move: Knock Off|[of] p2a: Skuntank\n|move|p1a: Regidrago|Dragon Dance|p1a: Regidrago\n|-boost|p1a: Regidrago|atk|1\n|-boost|p1a: Regidrago|spe|1\n|\n|upkeep\n|turn|2\n|\n|t:|1781384684\n|move|p1a: Regidrago|Outrage|p2a: Skuntank\n|-damage|p2a: Skuntank|37/310\n|move|p2a: Skuntank|Gunk Shot|p1a: Regidrago\n|-damage|p1a: Regidrago|66/435\n|\n|upkeep\n|turn|3\n|\n|t:|1781384687\n|move|p2a: Skuntank|Sucker Punch|p1a: Regidrago\n|-damage|p1a: Regidrago|0 fnt\n|faint|p1a: Regidrago\n|\n|upkeep\n|\n|t:|1781384697\n|switch|p1a: Glimmora|Glimmora, L75, M|248/248\n|turn|4\n|\n|t:|1781384704\n|move|p2a: Skuntank|Knock Off|p1a: Glimmora\n|-damage|p1a: Glimmora|136/248\n|-activate|p1a: Glimmora|ability: Toxic Debris\n|-sidestart|p2: noocha|move: Toxic Spikes\n|-enditem|p1a: Glimmora|Power Herb|[from] move: Knock Off|[of] p2a: Skuntank\n|move|p1a: Glimmora|Earth Power|p2a: Skuntank\n|-supereffective|p2a: Skuntank\n|-damage|p2a: Skuntank|0 fnt\n|faint|p2a: Skuntank\n|\n|upkeep\n|\n|t:|1781384707\n|switch|p2a: Munkidori|Munkidori, L79, M|269/269\n|-sideend|p2: noocha|move: Toxic Spikes|[of] p2a: Munkidori\n|turn|5\n|\n|t:|1781384736\n|switch|p1a: Metagross|Metagross, L79|256/256\n|move|p2a: Munkidori|Psychic Noise|p1a: Metagross\n|-resisted|p1a: Metagross\n|-damage|p1a: Metagross|231/256\n|-start|p1a: Metagross|move: Heal Block\n|\n|upkeep\n|turn|6\n|\n|t:|1781384740\n|move|p2a: Munkidori|U-turn|p1a: Metagross\n|-damage|p1a: Metagross|201/256\n|\n|t:|1781384742\n|switch|p2a: Incineroar|Incineroar, L82, F|290/290|[from] U-turn\n|-ability|p2a: Incineroar|Intimidate|boost\n|-fail|p1a: Metagross|unboost|[from] ability: Clear Body|[of] p1a: Metagross\n|move|p1a: Metagross|Agility|p1a: Metagross\n|-boost|p1a: Metagross|spe|2\n|\n|-end|p1a: Metagross|move: Heal Block\n|upkeep\n|turn|7\n|\n|t:|1781384749\n|-terastallize|p1a: Metagross|Ground\n|move|p1a: Metagross|Earthquake|p2a: Incineroar\n|-supereffective|p2a: Incineroar\n|-damage|p2a: Incineroar|30/290\n|move|p2a: Incineroar|Flare Blitz|p1a: Metagross\n|-damage|p1a: Metagross|101/256\n|-damage|p2a: Incineroar|0 fnt|[from] Recoil\n|faint|p2a: Incineroar\n|\n|upkeep\n|\n|t:|1781384764\n|switch|p2a: Keldeo|Keldeo-Resolute, L79|273/273\n|turn|8\n|\n|t:|1781384775\n|move|p1a: Metagross|Psychic Fangs|p2a: Keldeo\n|-supereffective|p2a: Keldeo\n|-damage|p2a: Keldeo|49/273\n|move|p2a: Keldeo|Secret Sword|p1a: Metagross\n|-damage|p1a: Metagross|28/256\n|\n|-heal|p2a: Keldeo|66/273|[from] item: Leftovers\n|upkeep\n|turn|9\n|\n|t:|1781384782\n|switch|p1a: Drifblim|Drifblim, L86, M|398/398\n|move|p2a: Keldeo|Secret Sword|p1a: Drifblim\n|-immune|p1a: Drifblim\n|\n|-heal|p2a: Keldeo|83/273|[from] item: Leftovers\n|upkeep\n|turn|10\n|\n|t:|1781384794\n|switch|p2a: Deoxys|Deoxys, L74|196/196\n|-ability|p2a: Deoxys|Pressure\n|move|p1a: Drifblim|Air Slash|p2a: Deoxys\n|-damage|p2a: Deoxys|54/196\n|\n|upkeep\n|turn|11\n|\n|t:|1781384804\n|switch|p1a: Glimmora|Glimmora, L75, M|136/248\n|move|p2a: Deoxys|Knock Off|p1a: Glimmora\n|-damage|p1a: Glimmora|67/248\n|-activate|p1a: Glimmora|ability: Toxic Debris\n|-sidestart|p2: noocha|move: Toxic Spikes\n|-damage|p2a: Deoxys|35/196|[from] item: Life Orb\n|\n|upkeep\n|turn|12\n|\n|t:|1781384814\n|move|p2a: Deoxys|Superpower|p1a: Glimmora\n|-damage|p1a: Glimmora|0 fnt\n|-unboost|p2a: Deoxys|atk|1\n|-unboost|p2a: Deoxys|def|1\n|-activate|p1a: Glimmora|ability: Toxic Debris\n|-sidestart|p2: noocha|move: Toxic Spikes\n|faint|p1a: Glimmora\n|-damage|p2a: Deoxys|16/196|[from] item: Life Orb\n|\n|upkeep\n|\n|t:|1781384819\n|switch|p1a: Arcanine|Arcanine, L84, M|288/288\n|-ability|p1a: Arcanine|Intimidate|boost\n|-unboost|p2a: Deoxys|atk|1\n|turn|13\n|\n|t:|1781384824\n|move|p2a: Deoxys|Ice Beam|p1a: Arcanine\n|-resisted|p1a: Arcanine\n|-damage|p1a: Arcanine|235/288\n|-damage|p2a: Deoxys|0 fnt|[from] item: Life Orb\n|faint|p2a: Deoxys\n|move|p1a: Arcanine|Morning Sun|p1a: Arcanine\n|-heal|p1a: Arcanine|288/288\n|\n|upkeep\n|\n|t:|1781384826\n|switch|p2a: Munkidori|Munkidori, L79, M|269/269\n|-sideend|p2: noocha|move: Toxic Spikes|[of] p2a: Munkidori\n|turn|14\n|\n|t:|1781384830\n|switch|p1a: Metagross|Metagross, L79, tera:Ground|28/256\n|move|p2a: Munkidori|Fake Out|p1a: Metagross\n|-damage|p1a: Metagross|11/256\n|-status|p1a: Metagross|tox|[from] ability: Toxic Chain|[of] p2a: Munkidori\n|\n|-damage|p1a: Metagross|0 fnt|[from] psn\n|faint|p1a: Metagross\n|upkeep\n|\n|t:|1781384833\n|switch|p1a: Drifblim|Drifblim, L86, M|398/398\n|turn|15\n|\n|t:|1781384837\n|move|p2a: Munkidori|U-turn|p1a: Drifblim\n|-resisted|p1a: Drifblim\n|-damage|p1a: Drifblim|385/398\n|\n|t:|1781384839\n|switch|p2a: Keldeo|Keldeo-Resolute, L79|83/273|[from] U-turn\n|move|p1a: Drifblim|Shadow Ball|p2a: Keldeo\n|-damage|p2a: Keldeo|0 fnt\n|faint|p2a: Keldeo\n|\n|upkeep\n|\n|t:|1781384840\n|switch|p2a: Munkidori|Munkidori, L79, M|269/269\n|turn|16\n|\n|t:|1781384844\n|move|p2a: Munkidori|Sludge Wave|p1a: Drifblim\n|-resisted|p1a: Drifblim\n|-crit|p1a: Drifblim\n|-damage|p1a: Drifblim|270/398\n|move|p1a: Drifblim|Shadow Ball|p2a: Munkidori\n|-supereffective|p2a: Munkidori\n|-damage|p2a: Munkidori|153/269\n|-unboost|p2a: Munkidori|spd|1\n|\n|upkeep\n|turn|17\n|\n|t:|1781384849\n|move|p2a: Munkidori|Psychic Noise|p1a: Drifblim\n|-damage|p1a: Drifblim|141/398\n|-start|p1a: Drifblim|move: Heal Block\n|move|p1a: Drifblim|Shadow Ball|p2a: Munkidori\n|-supereffective|p2a: Munkidori\n|-damage|p2a: Munkidori|0 fnt\n|faint|p2a: Munkidori\n|\n|upkeep\n|\n|t:|1781384851\n|switch|p2a: Iron Valiant|Iron Valiant, L78|244/244\n|turn|18\n|\n|t:|1781384854\n|move|p2a: Iron Valiant|Moonblast|p1a: Drifblim\n|-crit|p1a: Drifblim\n|-damage|p1a: Drifblim|0 fnt\n|faint|p1a: Drifblim\n|-damage|p2a: Iron Valiant|220/244|[from] item: Life Orb\n|\n|upkeep\n|\n|t:|1781384859\n|switch|p1a: Arcanine|Arcanine, L84, M|288/288\n|-ability|p1a: Arcanine|Intimidate|boost\n|-unboost|p2a: Iron Valiant|atk|1\n|turn|19\n|\n|t:|1781384863\n|switch|p1a: Chesnaught|Chesnaught, L84, M|285/285\n|move|p2a: Iron Valiant|Calm Mind|p2a: Iron Valiant\n|-boost|p2a: Iron Valiant|spa|1\n|-boost|p2a: Iron Valiant|spd|1\n|\n|upkeep\n|turn|20\n|\n|t:|1781384878\n|move|p2a: Iron Valiant|Moonblast|p1a: Chesnaught\n|-supereffective|p1a: Chesnaught\n|-crit|p1a: Chesnaught\n|-damage|p1a: Chesnaught|0 fnt\n|faint|p1a: Chesnaught\n|-damage|p2a: Iron Valiant|196/244|[from] item: Life Orb\n|\n|upkeep\n|\n|t:|1781384881\n|switch|p1a: Arcanine|Arcanine, L84, M|288/288\n|-ability|p1a: Arcanine|Intimidate|boost\n|-unboost|p2a: Iron Valiant|atk|1\n|turn|21\n|\n|t:|1781384883\n|move|p2a: Iron Valiant|Psychic|p1a: Arcanine\n|-damage|p1a: Arcanine|161/288\n|-unboost|p1a: Arcanine|spd|1\n|-damage|p2a: Iron Valiant|172/244|[from] item: Life Orb\n|move|p1a: Arcanine|Flare Blitz|p2a: Iron Valiant\n|-damage|p2a: Iron Valiant|21/244\n|-status|p2a: Iron Valiant|brn\n|-damage|p1a: Arcanine|111/288|[from] Recoil\n|\n|-damage|p2a: Iron Valiant|6/244 brn|[from] brn\n|upkeep\n|turn|22\n|c|\u2606Fortre|S\u00f3\n|c|\u2606Fortre|Why in this time, o dont have e speed\n|c|\u2606noocha|68% rip\n|\n|t:|1781384912\n|move|p2a: Iron Valiant|Psychic|p1a: Arcanine\n|-damage|p1a: Arcanine|0 fnt\n|faint|p1a: Arcanine\n|-damage|p2a: Iron Valiant|0 fnt|[from] item: Life Orb\n|faint|p2a: Iron Valiant\n|-end|p2a: Iron Valiant|Quark Drive|[silent]\n|\n|win|noocha\n", "uploadtime": 1781384665, "views": 8, "formatid": "gen9randombattle", "rating": null, "private": 0, "password": null}