{"id": "gen9randombattle-2631396945", "format": "[Gen 9] Random Battle", "players": ["Penny_12345", "blazakinlion"], "log": "|j|\u2606Penny_12345\n|j|\u2606blazakinlion\n|t:|1781379734\n|gametype|singles\n|player|p1|Penny_12345|lyra|1084\n|player|p2|blazakinlion|102|1062\n|gen|9\n|tier|[Gen 9] Random Battle\n|rated|\n|rule|Species Clause: Limit one of each Pok\u00e9mon\n|rule|HP Percentage Mod: HP is shown in percentages\n|rule|Sleep Clause Mod: Limit one foe put to sleep\n|rule|Illusion Level Mod: Illusion disguises the Pok\u00e9mon's true level\n|\n|t:|1781379734\n|teamsize|p1|6\n|teamsize|p2|6\n|start\n|switch|p1a: Mimikyu|Mimikyu, L79, F|216/216\n|switch|p2a: Gliscor|Gliscor, L76, F|239/239\n|turn|1\n|c|\u2606blazakinlion|im gonna kick ur ass\n|\n|t:|1781379741\n|move|p1a: Mimikyu|Swords Dance|p1a: Mimikyu\n|-boost|p1a: Mimikyu|atk|2\n|move|p2a: Gliscor|Toxic Spikes|p1a: Mimikyu\n|-sidestart|p1: Penny_12345|move: Toxic Spikes\n|\n|-status|p2a: Gliscor|tox|[from] item: Toxic Orb\n|upkeep\n|turn|2\n|inactive|Battle timer is ON: inactive players will automatically lose when time's up. (requested by Penny_12345)\n|\n|t:|1781379779\n|move|p1a: Mimikyu|Play Rough|p2a: Gliscor\n|-damage|p2a: Gliscor|64/239 tox\n|-damage|p1a: Mimikyu|195/216|[from] item: Life Orb\n|move|p2a: Gliscor|Knock Off|p1a: Mimikyu\n|-activate|p1a: Mimikyu|ability: Disguise\n|-damage|p1a: Mimikyu|195/216\n|-enditem|p1a: Mimikyu|Life Orb|[from] move: Knock Off|[of] p2a: Gliscor\n|detailschange|p1a: Mimikyu|Mimikyu-Busted, L79, F\n|-damage|p1a: Mimikyu|168/216|[from] pokemon: Mimikyu-Busted\n|\n|-heal|p2a: Gliscor|93/239 tox|[from] ability: Poison Heal\n|upkeep\n|turn|3\n|\n|t:|1781379784\n|move|p1a: Mimikyu|Play Rough|p2a: Gliscor|[miss]\n|-miss|p1a: Mimikyu|p2a: Gliscor\n|move|p2a: Gliscor|Earthquake|p1a: Mimikyu\n|-damage|p1a: Mimikyu|69/216\n|\n|-heal|p2a: Gliscor|122/239 tox|[from] ability: Poison Heal\n|upkeep\n|turn|4\n|\n|t:|1781379787\n|move|p1a: Mimikyu|Play Rough|p2a: Gliscor\n|-damage|p2a: Gliscor|0 fnt\n|faint|p2a: Gliscor\n|\n|upkeep\n|\n|t:|1781379797\n|switch|p2a: Squawkabilly|Squawkabilly-Blue, L85, M|278/278\n|turn|5\n|\n|t:|1781379806\n|move|p2a: Squawkabilly|Brave Bird|p1a: Mimikyu\n|-damage|p1a: Mimikyu|0 fnt\n|faint|p1a: Mimikyu\n|-damage|p2a: Squawkabilly|255/278|[from] Recoil\n|\n|-status|p2a: Squawkabilly|brn|[from] item: Flame Orb\n|upkeep\n|\n|t:|1781379811\n|switch|p1a: Komala|Komala, L88, F|258/258\n|-ability|p1a: Komala|Comatose\n|turn|6\n|\n|t:|1781379830\n|move|p2a: Squawkabilly|Facade|p1a: Komala\n|-damage|p1a: Komala|0 fnt\n|faint|p1a: Komala\n|\n|-damage|p2a: Squawkabilly|238/278 brn|[from] brn\n|upkeep\n|\n|t:|1781379840\n|switch|p1a: Shiftry|Shiftry, L89, F|305/305\n|-status|p1a: Shiftry|psn\n|turn|7\n|\n|t:|1781379858\n|-terastallize|p1a: Shiftry|Dark\n|move|p2a: Squawkabilly|Facade|p1a: Shiftry\n|-damage|p1a: Shiftry|4/305 psn\n|move|p1a: Shiftry|Tailwind|p1a: Shiftry\n|-sidestart|p1: Penny_12345|move: Tailwind\n|-ability|p1a: Shiftry|Wind Rider|boost\n|-boost|p1a: Shiftry|atk|1\n|\n|-damage|p1a: Shiftry|0 fnt|[from] psn\n|faint|p1a: Shiftry\n|-damage|p2a: Squawkabilly|221/278 brn|[from] brn\n|upkeep\n|\n|t:|1781379871\n|switch|p1a: Lanturn|Lanturn, L89, F|367/367\n|turn|8\n|inactive|blazakinlion has 120 seconds left.\n|\n|t:|1781379906\n|move|p1a: Lanturn|Thunderbolt|p2a: Squawkabilly\n|-supereffective|p2a: Squawkabilly\n|-damage|p2a: Squawkabilly|0 fnt\n|faint|p2a: Squawkabilly\n|\n|upkeep\n|inactive|blazakinlion has 120 seconds left.\n|\n|t:|1781379918\n|switch|p2a: Mesprit|Mesprit, L85|275/275\n|turn|9\n|\n|t:|1781379925\n|move|p1a: Lanturn|Thunderbolt|p2a: Mesprit\n|-damage|p2a: Mesprit|227/275\n|-status|p2a: Mesprit|par\n|move|p2a: Mesprit|Psychic Noise|p1a: Lanturn\n|-damage|p1a: Lanturn|270/367\n|-start|p1a: Lanturn|move: Heal Block\n|\n|upkeep\n|turn|10\n|inactive|blazakinlion has 120 seconds left.\n|inactive|blazakinlion has 90 seconds left.\n|\n|t:|1781379984\n|switch|p1a: Blastoise|Blastoise, L80, M|258/258\n|-status|p1a: Blastoise|psn\n|cant|p2a: Mesprit|par\n|\n|-damage|p1a: Blastoise|226/258 psn|[from] psn\n|-sideend|p1: Penny_12345|move: Tailwind\n|upkeep\n|turn|11\n|\n|t:|1781379993\n|move|p1a: Blastoise|Shell Smash|p1a: Blastoise\n|-unboost|p1a: Blastoise|def|1\n|-unboost|p1a: Blastoise|spd|1\n|-boost|p1a: Blastoise|atk|2\n|-boost|p1a: Blastoise|spa|2\n|-boost|p1a: Blastoise|spe|2\n|-enditem|p1a: Blastoise|White Herb\n|-clearnegativeboost|p1a: Blastoise|[silent]\n|move|p2a: Mesprit|Psychic Noise|p1a: Blastoise\n|-damage|p1a: Blastoise|141/258 psn\n|-start|p1a: Blastoise|move: Heal Block\n|\n|-damage|p1a: Blastoise|109/258 psn|[from] psn\n|upkeep\n|turn|12\n|inactive|blazakinlion has 90 seconds left.\n|\n|t:|1781380008\n|move|p1a: Blastoise|Hydro Pump|p2a: Mesprit\n|-crit|p2a: Mesprit\n|-damage|p2a: Mesprit|65/275 par\n|move|p2a: Mesprit|Drain Punch|p1a: Blastoise\n|-damage|p1a: Blastoise|55/258 psn\n|-heal|p2a: Mesprit|92/275 par|[from] drain|[of] p1a: Blastoise\n|\n|-damage|p1a: Blastoise|23/258 psn|[from] psn\n|-end|p1a: Blastoise|move: Heal Block\n|upkeep\n|turn|13\n|inactive|blazakinlion has 90 seconds left.\n|\n|t:|1781380015\n|move|p1a: Blastoise|Ice Beam|p2a: Mesprit\n|-damage|p2a: Mesprit|32/275 par\n|move|p2a: Mesprit|Drain Punch|p1a: Blastoise\n|-damage|p1a: Blastoise|0 fnt\n|-heal|p2a: Mesprit|44/275 par|[from] drain|[of] p1a: Blastoise\n|faint|p1a: Blastoise\n|\n|upkeep\n|\n|t:|1781380019\n|switch|p1a: Flapple|Flapple, L88, M|266/266\n|-status|p1a: Flapple|psn\n|turn|14\n|inactive|blazakinlion has 90 seconds left.\n|\n|t:|1781380054\n|move|p1a: Flapple|U-turn|p2a: Mesprit\n|-supereffective|p2a: Mesprit\n|-damage|p2a: Mesprit|0 fnt\n|faint|p2a: Mesprit\n|\n|t:|1781380059\n|switch|p1a: Lanturn|Lanturn, L89, F|270/367|[from] U-turn\n|\n|upkeep\n|\n|t:|1781380065\n|switch|p2a: Falinks|Falinks, L84|246/246\n|turn|15\n|\n|t:|1781380071\n|move|p2a: Falinks|No Retreat|p2a: Falinks\n|-boost|p2a: Falinks|atk|1\n|-boost|p2a: Falinks|def|1\n|-boost|p2a: Falinks|spa|1\n|-boost|p2a: Falinks|spd|1\n|-boost|p2a: Falinks|spe|1\n|-start|p2a: Falinks|move: No Retreat\n|move|p1a: Lanturn|Thunderbolt|p2a: Falinks\n|-crit|p2a: Falinks\n|-damage|p2a: Falinks|83/246\n|\n|upkeep\n|turn|16\n|\n|t:|1781380079\n|move|p2a: Falinks|Close Combat|p1a: Lanturn\n|-damage|p1a: Lanturn|0 fnt\n|-unboost|p2a: Falinks|def|1\n|-unboost|p2a: Falinks|spd|1\n|faint|p1a: Lanturn\n|-damage|p2a: Falinks|59/246|[from] item: Life Orb\n|\n|upkeep\n|\n|t:|1781380082\n|switch|p1a: Flapple|Flapple, L88, M|266/266 psn\n|turn|17\n|\n|t:|1781380088\n|move|p2a: Falinks|Close Combat|p1a: Flapple\n|-damage|p1a: Flapple|3/266 psn\n|-unboost|p2a: Falinks|def|1\n|-unboost|p2a: Falinks|spd|1\n|-damage|p2a: Falinks|35/246|[from] item: Life Orb\n|move|p1a: Flapple|Outrage|p2a: Falinks\n|-damage|p2a: Falinks|0 fnt\n|faint|p2a: Falinks\n|\n|-damage|p1a: Flapple|0 fnt|[from] psn\n|faint|p1a: Flapple\n|\n|win|blazakinlion\n", "uploadtime": 1781379735, "views": 5, "formatid": "gen9randombattle", "rating": null, "private": 0, "password": null}