{"id": "gen9randombattle-2631509775", "format": "[Gen 9] Random Battle", "players": ["public domain", "TRedden"], "log": "|j|\u2606public domain\n|j|\u2606TRedden\n|t:|1781394312\n|gametype|singles\n|player|p1|public domain|265|1771\n|player|p2|TRedden|blue|1735\n|gen|9\n|tier|[Gen 9] Random Battle\n|rated|\n|rule|Species Clause: Limit one of each Pok\u00e9mon\n|rule|HP Percentage Mod: HP is shown in percentages\n|rule|Sleep Clause Mod: Limit one foe put to sleep\n|rule|Illusion Level Mod: Illusion disguises the Pok\u00e9mon's true level\n|\n|t:|1781394312\n|teamsize|p1|6\n|teamsize|p2|6\n|start\n|switch|p1a: Garchomp|Garchomp, L74, F|282/282\n|switch|p2a: Wigglytuff|Wigglytuff, L96, F|424/424\n|turn|1\n|\n|t:|1781394329\n|move|p1a: Garchomp|Spikes|p2a: Wigglytuff\n|-sidestart|p2: TRedden|Spikes\n|move|p2a: Wigglytuff|Dazzling Gleam|p1a: Garchomp\n|-supereffective|p1a: Garchomp\n|-damage|p1a: Garchomp|46/282\n|\n|upkeep\n|turn|2\n|\n|t:|1781394335\n|move|p1a: Garchomp|Stealth Rock|p2a: Wigglytuff\n|-sidestart|p2: TRedden|move: Stealth Rock\n|move|p2a: Wigglytuff|Dazzling Gleam|p1a: Garchomp\n|-supereffective|p1a: Garchomp\n|-damage|p1a: Garchomp|0 fnt\n|faint|p1a: Garchomp\n|\n|upkeep\n|\n|t:|1781394339\n|switch|p1a: Magnezone|Magnezone, L85|258/258\n|turn|3\n|\n|t:|1781394342\n|move|p1a: Magnezone|Volt Switch|p2a: Wigglytuff\n|-damage|p2a: Wigglytuff|304/424\n|\n|t:|1781394345\n|switch|p1a: Alomomola|Alomomola, L87, F|429/429|[from] Volt Switch\n|move|p2a: Wigglytuff|Fire Blast|p1a: Alomomola|[miss]\n|-miss|p2a: Wigglytuff|p1a: Alomomola\n|\n|-heal|p2a: Wigglytuff|330/424|[from] item: Leftovers\n|upkeep\n|turn|4\n|\n|t:|1781394352\n|switch|p2a: Swanna|Swanna, L89, M|278/278\n|move|p1a: Alomomola|Scald|p2a: Swanna\n|-resisted|p2a: Swanna\n|-damage|p2a: Swanna|250/278\n|-status|p2a: Swanna|brn\n|\n|-damage|p2a: Swanna|233/278 brn|[from] brn\n|upkeep\n|turn|5\n|\n|t:|1781394362\n|switch|p1a: Magnezone|Magnezone, L85|258/258\n|move|p2a: Swanna|Defog|p1a: Magnezone\n|-unboost|p1a: Magnezone|evasion|1\n|-sideend|p2: TRedden|Spikes|[from] move: Defog|[of] p2a: Swanna\n|-sideend|p2: TRedden|Stealth Rock|[from] move: Defog|[of] p2a: Swanna\n|\n|-damage|p2a: Swanna|216/278 brn|[from] brn\n|upkeep\n|turn|6\n|\n|t:|1781394377\n|switch|p2a: Ting-Lu|Ting-Lu, L78|370/370\n|-ability|p2a: Ting-Lu|Vessel of Ruin\n|move|p1a: Magnezone|Thunderbolt|p2a: Ting-Lu\n|-immune|p2a: Ting-Lu\n|\n|upkeep\n|turn|7\n|-message|public domain forfeited.\n|\n|win|TRedden\n|raw|public domain's rating: 1771 &rarr; <strong>1749</strong><br />(-22 for losing)\n|raw|TRedden's rating: 1735 &rarr; <strong>1757</strong><br />(+22 for winning)\n|l|\u2606public domain\n|player|p1|\n", "uploadtime": 1781394391, "views": 5, "formatid": "gen9randombattle", "rating": 1749, "private": 0, "password": null}