{"id": "gen9randombattle-2631388882", "format": "[Gen 9] Random Battle", "players": ["TheeSalesman", "cococem"], "log": "|j|\u2606TheeSalesman\n|j|\u2606cococem\n|t:|1781378822\n|gametype|singles\n|player|p1|TheeSalesman|clerk|2107\n|player|p2|cococem|baker|2096\n|gen|9\n|tier|[Gen 9] Random Battle\n|rated|\n|rule|Species Clause: Limit one of each Pok\u00e9mon\n|rule|HP Percentage Mod: HP is shown in percentages\n|rule|Sleep Clause Mod: Limit one foe put to sleep\n|rule|Illusion Level Mod: Illusion disguises the Pok\u00e9mon's true level\n|\n|t:|1781378822\n|teamsize|p1|6\n|teamsize|p2|6\n|start\n|switch|p1a: Milotic|Milotic, L83, M|293/293\n|switch|p2a: Ribombee|Ribombee, L83, M|235/235\n|turn|1\n|inactive|Battle timer is ON: inactive players will automatically lose when time's up. (requested by TheeSalesman)\n|\n|t:|1781378826\n|switch|p2a: Raichu|Raichu, L88, F|249/249\n|switch|p1a: Espeon|Espeon, L84, M|246/246\n|\n|upkeep\n|turn|2\n|\n|t:|1781378830\n|switch|p1a: Lurantis|Lurantis, L87, M|264/264\n|move|p2a: Raichu|Nuzzle|p1a: Lurantis\n|-resisted|p1a: Lurantis\n|-damage|p1a: Lurantis|252/264\n|-status|p1a: Lurantis|par\n|\n|-heal|p1a: Lurantis|264/264 par|[from] item: Leftovers\n|upkeep\n|turn|3\n|\n|t:|1781378839\n|switch|p2a: Torkoal|Torkoal, L88, M|266/266\n|-weather|SunnyDay|[from] ability: Drought|[of] p2a: Torkoal\n|switch|p1a: Fezandipiti|Fezandipiti, L82, M|278/278\n|\n|-weather|SunnyDay|[upkeep]\n|upkeep\n|turn|4\n|\n|t:|1781378847\n|move|p1a: Fezandipiti|Gunk Shot|p2a: Torkoal\n|-damage|p2a: Torkoal|196/266\n|-status|p2a: Torkoal|tox|[from] ability: Toxic Chain|[of] p1a: Fezandipiti\n|move|p2a: Torkoal|Earthquake|p1a: Fezandipiti\n|-supereffective|p1a: Fezandipiti\n|-damage|p1a: Fezandipiti|118/278\n|\n|-weather|SunnyDay|[upkeep]\n|-heal|p1a: Fezandipiti|135/278|[from] item: Leftovers\n|-damage|p2a: Torkoal|180/266 tox|[from] psn\n|upkeep\n|turn|5\n|\n|t:|1781378854\n|switch|p1a: Milotic|Milotic, L83, M|293/293\n|move|p2a: Torkoal|Yawn|p1a: Milotic\n|-start|p1a: Milotic|move: Yawn|[of] p2a: Torkoal\n|\n|-weather|SunnyDay|[upkeep]\n|-damage|p2a: Torkoal|148/266 tox|[from] psn\n|upkeep\n|turn|6\n|\n|t:|1781378867\n|move|p1a: Milotic|Scald|p2a: Torkoal\n|-supereffective|p2a: Torkoal\n|-damage|p2a: Torkoal|58/266 tox\n|move|p2a: Torkoal|Lava Plume|p1a: Milotic\n|-resisted|p1a: Milotic\n|-damage|p1a: Milotic|248/293\n|\n|-weather|SunnyDay|[upkeep]\n|-heal|p1a: Milotic|266/293|[from] item: Leftovers\n|-damage|p2a: Torkoal|10/266 tox|[from] psn\n|-end|p1a: Milotic|move: Yawn|[silent]\n|-status|p1a: Milotic|slp\n|upkeep\n|turn|7\n|\n|t:|1781378874\n|switch|p1a: Espeon|Espeon, L84, M|246/246\n|move|p2a: Torkoal|Lava Plume|p1a: Espeon\n|-damage|p1a: Espeon|134/246\n|\n|-weather|none\n|-damage|p2a: Torkoal|0 fnt|[from] psn\n|faint|p2a: Torkoal\n|upkeep\n|\n|t:|1781378877\n|switch|p2a: Barraskewda|Barraskewda, L81, F|231/231\n|turn|8\n|\n|t:|1781378881\n|switch|p1a: Milotic|Milotic, L83, M|266/293 slp\n|move|p2a: Barraskewda|Flip Turn|p1a: Milotic\n|-resisted|p1a: Milotic\n|-damage|p1a: Milotic|206/293 slp\n|\n|t:|1781378887\n|switch|p2a: Ribombee|Ribombee, L83, M|235/235|[from] Flip Turn\n|\n|-heal|p1a: Milotic|224/293 slp|[from] item: Leftovers\n|upkeep\n|turn|9\n|\n|t:|1781378891\n|move|p2a: Ribombee|Quiver Dance|p2a: Ribombee\n|-boost|p2a: Ribombee|spa|1\n|-boost|p2a: Ribombee|spd|1\n|-boost|p2a: Ribombee|spe|1\n|cant|p1a: Milotic|slp\n|\n|-heal|p1a: Milotic|242/293 slp|[from] item: Leftovers\n|upkeep\n|turn|10\n|\n|t:|1781378893\n|move|p2a: Ribombee|Moonblast|p1a: Milotic\n|-damage|p1a: Milotic|139/293 slp\n|cant|p1a: Milotic|slp\n|\n|-heal|p1a: Milotic|157/293 slp|[from] item: Leftovers\n|upkeep\n|turn|11\n|\n|t:|1781378898\n|move|p2a: Ribombee|Moonblast|p1a: Milotic\n|-damage|p1a: Milotic|39/293 slp\n|-unboost|p1a: Milotic|spa|1\n|-ability|p1a: Milotic|Competitive|boost\n|-boost|p1a: Milotic|spa|2\n|cant|p1a: Milotic|slp\n|\n|-heal|p1a: Milotic|57/293 slp|[from] item: Leftovers\n|upkeep\n|turn|12\n|\n|t:|1781378907\n|switch|p1a: Delphox|Delphox, L84, F|263/263\n|move|p2a: Ribombee|Moonblast|p1a: Delphox\n|-resisted|p1a: Delphox\n|-damage|p1a: Delphox|191/263\n|\n|upkeep\n|turn|13\n|\n|t:|1781378912\n|-terastallize|p2a: Ribombee|Ground\n|move|p2a: Ribombee|Tera Blast|p1a: Delphox|[anim] Tera Blast Ground\n|-supereffective|p1a: Delphox\n|-damage|p1a: Delphox|0 fnt\n|faint|p1a: Delphox\n|\n|upkeep\n|\n|t:|1781378935\n|switch|p1a: Lurantis|Lurantis, L87, M|264/264 par\n|turn|14\n|\n|t:|1781378939\n|move|p2a: Ribombee|Bug Buzz|p1a: Lurantis\n|-supereffective|p1a: Lurantis\n|-damage|p1a: Lurantis|0 fnt\n|faint|p1a: Lurantis\n|\n|upkeep\n|\n|t:|1781378947\n|switch|p1a: Regirock|Regirock, L83|268/268\n|turn|15\n|\n|t:|1781378954\n|-terastallize|p1a: Regirock|Fighting\n|move|p2a: Ribombee|Tera Blast|p1a: Regirock|[anim] Tera Blast Ground\n|-damage|p1a: Regirock|150/268\n|move|p1a: Regirock|Body Press|p2a: Ribombee\n|-damage|p2a: Ribombee|48/235\n|\n|upkeep\n|turn|16\n|\n|t:|1781378959\n|move|p2a: Ribombee|Moonblast|p1a: Regirock\n|-supereffective|p1a: Regirock\n|-damage|p1a: Regirock|0 fnt\n|faint|p1a: Regirock\n|\n|upkeep\n|\n|t:|1781378964\n|switch|p1a: Fezandipiti|Fezandipiti, L82, M|135/278\n|turn|17\n|\n|t:|1781378969\n|move|p2a: Ribombee|Tera Blast|p1a: Fezandipiti|[anim] Tera Blast Ground\n|-supereffective|p1a: Fezandipiti\n|-damage|p1a: Fezandipiti|0 fnt\n|faint|p1a: Fezandipiti\n|\n|upkeep\n|\n|t:|1781378970\n|switch|p1a: Milotic|Milotic, L83, M|57/293 slp\n|turn|18\n|\n|t:|1781378971\n|move|p2a: Ribombee|Moonblast|p1a: Milotic\n|-damage|p1a: Milotic|0 fnt\n|faint|p1a: Milotic\n|\n|upkeep\n|\n|t:|1781378972\n|switch|p1a: Espeon|Espeon, L84, M|134/246\n|turn|19\n|\n|t:|1781378986\n|move|p2a: Ribombee|Bug Buzz|p1a: Espeon\n|-supereffective|p1a: Espeon\n|-damage|p1a: Espeon|0 fnt\n|faint|p1a: Espeon\n|\n|win|cococem\n", "uploadtime": 1781378824, "views": 8, "formatid": "gen9randombattle", "rating": null, "private": 0, "password": null}