{"id": "gen9randombattle-2631445276", "format": "[Gen 9] Random Battle", "players": ["iseeY0shi", "Petilil37"], "log": "|j|\u2606iseeY0shi\n|j|\u203dPetilil37\n|t:|1781385535\n|gametype|singles\n|player|p1|iseeY0shi|2|2054\n|player|p2|Petilil37|2|2103\n|gen|9\n|tier|[Gen 9] Random Battle\n|rated|\n|rule|Species Clause: Limit one of each Pok\u00e9mon\n|rule|HP Percentage Mod: HP is shown in percentages\n|rule|Sleep Clause Mod: Limit one foe put to sleep\n|rule|Illusion Level Mod: Illusion disguises the Pok\u00e9mon's true level\n|\n|t:|1781385535\n|teamsize|p1|6\n|teamsize|p2|6\n|start\n|switch|p1a: Brute Bonnet|Brute Bonnet, L80|309/309\n|switch|p2a: Eiscue|Eiscue, L88, F|274/274\n|turn|1\n|\n|t:|1781385584\n|switch|p2a: Lilligant|Lilligant, L86, F|261/261\n|move|p1a: Brute Bonnet|Spore|p2a: Lilligant\n|-immune|p2a: Lilligant\n|\n|upkeep\n|turn|2\n|\n|t:|1781385620\n|switch|p2a: Pawmot|Pawmot, L80, F|243/243\n|-end|p1a: Brute Bonnet|Protosynthesis|[silent]\n|switch|p1a: Magearna|Magearna, L77|250/250\n|\n|upkeep\n|turn|3\n|\n|t:|1781385628\n|-terastallize|p2a: Pawmot|Electric\n|move|p2a: Pawmot|Double Shock|p1a: Magearna\n|-damage|p1a: Magearna|60/250\n|-start|p2a: Pawmot|typechange|Electric|[from] move: Double Shock\n|-damage|p2a: Pawmot|219/243|[from] item: Life Orb\n|move|p1a: Magearna|Fleur Cannon|p2a: Pawmot\n|-damage|p2a: Pawmot|5/243\n|-unboost|p1a: Magearna|spa|2\n|\n|-heal|p1a: Magearna|75/250|[from] item: Leftovers\n|upkeep\n|turn|4\n|\n|t:|1781385637\n|switch|p1a: Dedenne|Dedenne, L88, M|261/261\n|move|p2a: Pawmot|Double Shock|p1a: Dedenne\n|-resisted|p1a: Dedenne\n|-damage|p1a: Dedenne|113/261\n|-start|p2a: Pawmot|typechange|Electric|[from] move: Double Shock\n|-enditem|p1a: Dedenne|Sitrus Berry|[eat]\n|-heal|p1a: Dedenne|178/261|[from] item: Sitrus Berry\n|-heal|p1a: Dedenne|261/261|[from] ability: Cheek Pouch\n|-damage|p2a: Pawmot|0 fnt|[from] item: Life Orb\n|faint|p2a: Pawmot\n|\n|upkeep\n|inactive|Battle timer is ON: inactive players will automatically lose when time's up. (requested by iseeY0shi)\n|\n|t:|1781385685\n|switch|p2a: Eiscue|Eiscue, L88, F|274/274\n|turn|5\n|\n|t:|1781385689\n|move|p1a: Dedenne|Nuzzle|p2a: Eiscue\n|-activate|p2a: Eiscue|ability: Ice Face\n|-damage|p2a: Eiscue|274/274\n|-status|p2a: Eiscue|par\n|detailschange|p2a: Eiscue|Eiscue-Noice, L88, F\n|move|p2a: Eiscue|Belly Drum|p2a: Eiscue\n|-damage|p2a: Eiscue|137/274 par\n|-setboost|p2a: Eiscue|atk|6|[from] move: Belly Drum\n|-enditem|p2a: Eiscue|Sitrus Berry|[eat]\n|-heal|p2a: Eiscue|205/274 par|[from] item: Sitrus Berry\n|\n|upkeep\n|turn|6\n|\n|t:|1781385699\n|move|p1a: Dedenne|Thunderbolt|p2a: Eiscue\n|-crit|p2a: Eiscue\n|-damage|p2a: Eiscue|0 fnt\n|faint|p2a: Eiscue\n|\n|upkeep\n|\n|t:|1781385713\n|switch|p2a: Sandslash|Sandslash-Alola, L88, M|275/275\n|turn|7\n|\n|t:|1781385716\n|move|p1a: Dedenne|Nuzzle|p2a: Sandslash\n|-damage|p2a: Sandslash|263/275\n|-status|p2a: Sandslash|par\n|cant|p2a: Sandslash|par\n|\n|upkeep\n|turn|8\n|\n|t:|1781385722\n|switch|p1a: Magearna|Magearna, L77|75/250\n|cant|p2a: Sandslash|par\n|\n|-heal|p1a: Magearna|90/250|[from] item: Leftovers\n|upkeep\n|turn|9\n|\n|t:|1781385742\n|move|p1a: Magearna|Flash Cannon|p2a: Sandslash\n|-damage|p2a: Sandslash|149/275 par\n|move|p2a: Sandslash|Earthquake|p1a: Magearna\n|-supereffective|p1a: Magearna\n|-damage|p1a: Magearna|0 fnt\n|faint|p1a: Magearna\n|-damage|p2a: Sandslash|122/275 par|[from] item: Life Orb\n|\n|upkeep\n|\n|t:|1781385756\n|switch|p1a: Terrakion|Terrakion, L79|273/273\n|turn|10\n|\n|t:|1781385760\n|move|p1a: Terrakion|Close Combat|p2a: Sandslash\n|-supereffective|p2a: Sandslash\n|-damage|p2a: Sandslash|0 fnt\n|-unboost|p1a: Terrakion|def|1\n|-unboost|p1a: Terrakion|spd|1\n|faint|p2a: Sandslash\n|-damage|p1a: Terrakion|246/273|[from] item: Life Orb\n|\n|upkeep\n|\n|t:|1781385766\n|switch|p2a: Palkia|Palkia, L75|259/259\n|-ability|p2a: Palkia|Pressure\n|turn|11\n|\n|t:|1781385773\n|move|p1a: Terrakion|Close Combat|p2a: Palkia\n|-damage|p2a: Palkia|90/259\n|-unboost|p1a: Terrakion|def|1\n|-unboost|p1a: Terrakion|spd|1\n|-damage|p1a: Terrakion|219/273|[from] item: Life Orb\n|move|p2a: Palkia|Hydro Pump|p1a: Terrakion\n|-supereffective|p1a: Terrakion\n|-damage|p1a: Terrakion|0 fnt\n|faint|p1a: Terrakion\n|\n|upkeep\n|\n|t:|1781385776\n|switch|p1a: Dedenne|Dedenne, L88, M|261/261\n|turn|12\n|\n|t:|1781385780\n|move|p1a: Dedenne|Dazzling Gleam|p2a: Palkia\n|-supereffective|p2a: Palkia\n|-damage|p2a: Palkia|0 fnt\n|faint|p2a: Palkia\n|\n|upkeep\n|\n|t:|1781385784\n|switch|p2a: Lilligant|Lilligant, L86, F|261/261\n|turn|13\n|\n|t:|1781385786\n|move|p1a: Dedenne|Nuzzle|p2a: Lilligant\n|-resisted|p2a: Lilligant\n|-damage|p2a: Lilligant|252/261\n|-status|p2a: Lilligant|par\n|move|p2a: Lilligant|Sleep Powder|p1a: Dedenne|[miss]\n|-miss|p2a: Lilligant|p1a: Dedenne\n|\n|upkeep\n|turn|14\n|\n|t:|1781385789\n|move|p1a: Dedenne|Super Fang|p2a: Lilligant\n|-damage|p2a: Lilligant|126/261 par\n|move|p2a: Lilligant|Sleep Powder|p1a: Dedenne\n|-status|p1a: Dedenne|slp|[from] move: Sleep Powder\n|\n|upkeep\n|turn|15\n|\n|t:|1781385791\n|switch|p1a: Scyther|Scyther, L82, M|249/249\n|move|p2a: Lilligant|Quiver Dance|p2a: Lilligant\n|-boost|p2a: Lilligant|spa|1\n|-boost|p2a: Lilligant|spd|1\n|-boost|p2a: Lilligant|spe|1\n|\n|upkeep\n|turn|16\n|-message|Petilil37 forfeited.\n|\n|win|iseeY0shi\n", "uploadtime": 1781385538, "views": 7, "formatid": "gen9randombattle", "rating": null, "private": 0, "password": null}