{"id": "gen9randombattle-2631739060", "format": "[Gen 9] Random Battle", "players": ["It'sOnlyRed?", "marrickchill"], "log": "|j|\u2606It'sOnlyRed?\n|j|\u2606marrickchill\n|t:|1781431633\n|gametype|singles\n|player|p1|It'sOnlyRed?|blue-gen3|2040\n|player|p2|marrickchill|266|2030\n|gen|9\n|tier|[Gen 9] Random Battle\n|rated|\n|rule|Species Clause: Limit one of each Pok\u00e9mon\n|rule|HP Percentage Mod: HP is shown in percentages\n|rule|Sleep Clause Mod: Limit one foe put to sleep\n|rule|Illusion Level Mod: Illusion disguises the Pok\u00e9mon's true level\n|\n|t:|1781431633\n|teamsize|p1|6\n|teamsize|p2|6\n|start\n|switch|p1a: Toedscruel|Toedscruel, L87, M|281/281\n|switch|p2a: Scovillain|Scovillain, L91, F|266/266\n|turn|1\n|inactive|Battle timer is ON: inactive players will automatically lose when time's up. (requested by It'sOnlyRed?)\n|inactive|It'sOnlyRed? has 120 seconds left.\n|\n|t:|1781431664\n|switch|p1a: Reshiram|Reshiram, L76|277/277\n|-ability|p1a: Reshiram|Turboblaze\n|move|p2a: Scovillain|Sunny Day|p2a: Scovillain\n|-weather|SunnyDay\n|\n|-weather|SunnyDay|[upkeep]\n|upkeep\n|turn|2\n|\n|t:|1781431669\n|move|p2a: Scovillain|Stomping Tantrum|p1a: Reshiram\n|-supereffective|p1a: Reshiram\n|-damage|p1a: Reshiram|131/277\n|move|p1a: Reshiram|Blue Flare|p2a: Scovillain\n|-damage|p2a: Scovillain|0 fnt\n|faint|p2a: Scovillain\n|\n|-weather|SunnyDay|[upkeep]\n|upkeep\n|\n|t:|1781431675\n|switch|p2a: Iron Treads|Iron Treads, L77|265/265\n|turn|3\n|\n|t:|1781431693\n|switch|p1a: Scovillain|Scovillain, L91, F|266/266\n|move|p2a: Iron Treads|Iron Head|p1a: Scovillain\n|-resisted|p1a: Scovillain\n|-damage|p1a: Scovillain|224/266\n|\n|-weather|SunnyDay|[upkeep]\n|upkeep\n|turn|4\n|\n|t:|1781431697\n|-end|p2a: Iron Treads|Quark Drive|[silent]\n|switch|p2a: Raging Bolt|Raging Bolt, L78|323/323\n|-activate|p2a: Raging Bolt|ability: Protosynthesis\n|-start|p2a: Raging Bolt|protosynthesisspa\n|move|p1a: Scovillain|Fire Blast|p2a: Raging Bolt\n|-resisted|p2a: Raging Bolt\n|-damage|p2a: Raging Bolt|239/323\n|\n|-weather|SunnyDay|[upkeep]\n|upkeep\n|turn|5\n|\n|t:|1781431707\n|switch|p1a: Toedscruel|Toedscruel, L87, M|281/281\n|move|p2a: Raging Bolt|Draco Meteor|p1a: Toedscruel\n|-damage|p1a: Toedscruel|182/281\n|-unboost|p2a: Raging Bolt|spa|2\n|\n|-weather|none\n|-end|p2a: Raging Bolt|Protosynthesis\n|upkeep\n|turn|6\n|\n|t:|1781431714\n|-end|p2a: Raging Bolt|Protosynthesis|[silent]\n|switch|p2a: Gogoat|Gogoat, L88, F|360/360\n|move|p1a: Toedscruel|Knock Off|p2a: Gogoat\n|-damage|p2a: Gogoat|292/360\n|-enditem|p2a: Gogoat|Leftovers|[from] move: Knock Off|[of] p1a: Toedscruel\n|\n|upkeep\n|turn|7\n|\n|t:|1781431733\n|switch|p1a: Mandibuzz|Mandibuzz, L85, F|326/326\n|move|p2a: Gogoat|Earthquake|p1a: Mandibuzz\n|-immune|p1a: Mandibuzz\n|\n|upkeep\n|turn|8\n|\n|t:|1781431740\n|switch|p2a: Iron Treads|Iron Treads, L77|265/265\n|move|p1a: Mandibuzz|Toxic|p2a: Iron Treads\n|-immune|p2a: Iron Treads\n|\n|upkeep\n|turn|9\n|\n|t:|1781431756\n|move|p2a: Iron Treads|Rapid Spin|p1a: Mandibuzz\n|-damage|p1a: Mandibuzz|299/326\n|-boost|p2a: Iron Treads|spe|1\n|move|p1a: Mandibuzz|Foul Play|p2a: Iron Treads\n|-damage|p2a: Iron Treads|174/265\n|\n|-heal|p2a: Iron Treads|190/265|[from] item: Leftovers\n|upkeep\n|turn|10\n|\n|t:|1781431760\n|move|p2a: Iron Treads|Iron Head|p1a: Mandibuzz\n|-damage|p1a: Mandibuzz|233/326\n|move|p1a: Mandibuzz|Foul Play|p2a: Iron Treads\n|-damage|p2a: Iron Treads|106/265\n|\n|-heal|p2a: Iron Treads|122/265|[from] item: Leftovers\n|upkeep\n|turn|11\n|\n|t:|1781431763\n|move|p2a: Iron Treads|Iron Head|p1a: Mandibuzz\n|-damage|p1a: Mandibuzz|158/326\n|move|p1a: Mandibuzz|Foul Play|p2a: Iron Treads\n|-damage|p2a: Iron Treads|31/265\n|\n|-heal|p2a: Iron Treads|47/265|[from] item: Leftovers\n|upkeep\n|turn|12\n|\n|t:|1781431766\n|move|p2a: Iron Treads|Stealth Rock|p1a: Mandibuzz\n|-sidestart|p1: It'sOnlyRed?|move: Stealth Rock\n|move|p1a: Mandibuzz|Roost|p1a: Mandibuzz\n|-heal|p1a: Mandibuzz|321/326\n|-singleturn|p1a: Mandibuzz|move: Roost\n|\n|-heal|p2a: Iron Treads|63/265|[from] item: Leftovers\n|upkeep\n|turn|13\n|\n|t:|1781431770\n|move|p2a: Iron Treads|Iron Head|p1a: Mandibuzz\n|-damage|p1a: Mandibuzz|255/326\n|move|p1a: Mandibuzz|Foul Play|p2a: Iron Treads\n|-damage|p2a: Iron Treads|0 fnt\n|faint|p2a: Iron Treads\n|-end|p2a: Iron Treads|Quark Drive|[silent]\n|\n|upkeep\n|\n|t:|1781431774\n|switch|p2a: Cloyster|Cloyster, L80, M|211/211\n|turn|14\n|inactive|It'sOnlyRed? has 120 seconds left.\n|\n|t:|1781431819\n|move|p1a: Mandibuzz|Foul Play|p2a: Cloyster\n|-damage|p2a: Cloyster|154/211\n|move|p2a: Cloyster|Icicle Spear|p1a: Mandibuzz\n|-supereffective|p1a: Mandibuzz\n|-damage|p1a: Mandibuzz|213/326\n|-supereffective|p1a: Mandibuzz\n|-damage|p1a: Mandibuzz|175/326\n|-supereffective|p1a: Mandibuzz\n|-damage|p1a: Mandibuzz|133/326\n|-supereffective|p1a: Mandibuzz\n|-damage|p1a: Mandibuzz|85/326\n|-supereffective|p1a: Mandibuzz\n|-damage|p1a: Mandibuzz|43/326\n|-hitcount|p1a: Mandibuzz|5\n|\n|upkeep\n|turn|15\n|\n|t:|1781431830\n|move|p1a: Mandibuzz|Foul Play|p2a: Cloyster\n|-damage|p2a: Cloyster|100/211\n|move|p2a: Cloyster|Shell Smash|p2a: Cloyster\n|-unboost|p2a: Cloyster|def|1\n|-unboost|p2a: Cloyster|spd|1\n|-boost|p2a: Cloyster|atk|2\n|-boost|p2a: Cloyster|spa|2\n|-boost|p2a: Cloyster|spe|2\n|-enditem|p2a: Cloyster|White Herb\n|-clearnegativeboost|p2a: Cloyster|[silent]\n|\n|upkeep\n|turn|16\n|\n|t:|1781431834\n|move|p2a: Cloyster|Icicle Spear|p1a: Mandibuzz\n|-supereffective|p1a: Mandibuzz\n|-damage|p1a: Mandibuzz|0 fnt\n|faint|p1a: Mandibuzz\n|-hitcount|p1: Mandibuzz|1\n|\n|upkeep\n|inactive|It'sOnlyRed? has 120 seconds left.\n|\n|t:|1781431856\n|switch|p1a: Toedscruel|Toedscruel, L87, M|182/281\n|-damage|p1a: Toedscruel|165/281|[from] Stealth Rock\n|turn|17\n|\n|t:|1781431862\n|-terastallize|p1a: Toedscruel|Water\n|move|p2a: Cloyster|Rock Blast|p1a: Toedscruel\n|-damage|p1a: Toedscruel|122/281\n|-damage|p1a: Toedscruel|85/281\n|-damage|p1a: Toedscruel|45/281\n|-damage|p1a: Toedscruel|4/281\n|-damage|p1a: Toedscruel|0 fnt\n|faint|p1a: Toedscruel\n|-hitcount|p1: Toedscruel|5\n|\n|upkeep\n|inactive|It'sOnlyRed? has 90 seconds left.\n|\n|t:|1781431892\n|switch|p1a: Banette|Banette, L93, M|270/270\n|-damage|p1a: Banette|237/270|[from] Stealth Rock\n|turn|18\n|\n|t:|1781431896\n|move|p1a: Banette|Shadow Sneak|p2a: Cloyster\n|-damage|p2a: Cloyster|53/211\n|-damage|p1a: Banette|210/270|[from] item: Life Orb\n|move|p2a: Cloyster|Icicle Spear|p1a: Banette\n|-damage|p1a: Banette|156/270\n|-damage|p1a: Banette|98/270\n|-damage|p1a: Banette|38/270\n|-damage|p1a: Banette|0 fnt\n|faint|p1a: Banette\n|-hitcount|p1: Banette|4\n|\n|upkeep\n|\n|t:|1781431905\n|switch|p1a: Great Tusk|Great Tusk, L77|304/304\n|-damage|p1a: Great Tusk|295/304|[from] Stealth Rock\n|turn|19\n|\n|t:|1781431910\n|move|p2a: Cloyster|Icicle Spear|p1a: Great Tusk\n|-supereffective|p1a: Great Tusk\n|-damage|p1a: Great Tusk|209/304\n|-supereffective|p1a: Great Tusk\n|-damage|p1a: Great Tusk|135/304\n|-supereffective|p1a: Great Tusk\n|-damage|p1a: Great Tusk|57/304\n|-supereffective|p1a: Great Tusk\n|-damage|p1a: Great Tusk|0 fnt\n|faint|p1a: Great Tusk\n|-end|p1a: Great Tusk|Protosynthesis|[silent]\n|-hitcount|p1: Great Tusk|4\n|\n|upkeep\n|\n|t:|1781431913\n|switch|p1a: Reshiram|Reshiram, L76|131/277\n|-ability|p1a: Reshiram|Turboblaze\n|turn|20\n|\n|t:|1781431916\n|move|p2a: Cloyster|Icicle Spear|p1a: Reshiram\n|-damage|p1a: Reshiram|77/277\n|-damage|p1a: Reshiram|32/277\n|-damage|p1a: Reshiram|0 fnt\n|faint|p1a: Reshiram\n|-hitcount|p1: Reshiram|3\n|\n|upkeep\n|\n|t:|1781431917\n|switch|p1a: Scovillain|Scovillain, L91, F|224/266\n|turn|21\n|\n|t:|1781431922\n|move|p2a: Cloyster|Icicle Spear|p1a: Scovillain\n|-damage|p1a: Scovillain|170/266\n|-damage|p1a: Scovillain|115/266\n|-damage|p1a: Scovillain|64/266\n|-damage|p1a: Scovillain|6/266\n|-damage|p1a: Scovillain|0 fnt\n|faint|p1a: Scovillain\n|-hitcount|p1: Scovillain|5\n|\n|win|marrickchill\n", "uploadtime": 1781431634, "views": 3, "formatid": "gen9randombattle", "rating": null, "private": 0, "password": null}