{"id": "gen9randombattle-2631612571", "format": "[Gen 9] Random Battle", "players": ["Kyzoi", "TGecko"], "log": "|j|\u2606Kyzoi\n|j|\u2606TGecko\n|t:|1781408813\n|gametype|singles\n|player|p1|Kyzoi|wallace|\n|player|p2|TGecko|elesa|\n|gen|9\n|tier|[Gen 9] Random Battle\n|rule|Species Clause: Limit one of each Pok\u00e9mon\n|rule|HP Percentage Mod: HP is shown in percentages\n|rule|Sleep Clause Mod: Limit one foe put to sleep\n|rule|Illusion Level Mod: Illusion disguises the Pok\u00e9mon's true level\n|\n|t:|1781408813\n|teamsize|p1|6\n|teamsize|p2|6\n|start\n|switch|p1a: Articuno|Articuno, L86|295/295\n|switch|p2a: Cramorant|Cramorant, L86, M|261/261\n|-ability|p1a: Articuno|Pressure\n|turn|1\n|\n|t:|1781408829\n|switch|p2a: Garganacl|Garganacl, L80, M|291/291\n|move|p1a: Articuno|Freeze-Dry|p2a: Garganacl\n|-damage|p2a: Garganacl|213/291\n|\n|-heal|p2a: Garganacl|231/291|[from] item: Leftovers\n|upkeep\n|turn|2\n|\n|t:|1781408841\n|move|p1a: Articuno|U-turn|p2a: Garganacl\n|-damage|p2a: Garganacl|192/291\n|\n|t:|1781408849\n|switch|p1a: Vaporeon|Vaporeon, L86, F|364/364|[from] U-turn\n|move|p2a: Garganacl|Salt Cure|p1a: Vaporeon\n|-damage|p1a: Vaporeon|310/364\n|-start|p1a: Vaporeon|Salt Cure\n|\n|-heal|p1a: Vaporeon|332/364|[from] item: Leftovers\n|-heal|p2a: Garganacl|210/291|[from] item: Leftovers\n|-damage|p1a: Vaporeon|241/364|[from] Salt Cure\n|upkeep\n|turn|3\n|\n|t:|1781408866\n|move|p1a: Vaporeon|Scald|p2a: Garganacl\n|-supereffective|p2a: Garganacl\n|-damage|p2a: Garganacl|4/291\n|move|p2a: Garganacl|Stealth Rock|p1a: Vaporeon\n|-sidestart|p1: Kyzoi|move: Stealth Rock\n|\n|-heal|p1a: Vaporeon|263/364|[from] item: Leftovers\n|-heal|p2a: Garganacl|22/291|[from] item: Leftovers\n|-damage|p1a: Vaporeon|172/364|[from] Salt Cure\n|upkeep\n|turn|4\n|\n|t:|1781408874\n|move|p2a: Garganacl|Protect|p2a: Garganacl\n|-singleturn|p2a: Garganacl|Protect\n|move|p1a: Vaporeon|Scald|p2a: Garganacl\n|-activate|p2a: Garganacl|move: Protect\n|\n|-heal|p1a: Vaporeon|194/364|[from] item: Leftovers\n|-heal|p2a: Garganacl|40/291|[from] item: Leftovers\n|-damage|p1a: Vaporeon|103/364|[from] Salt Cure\n|upkeep\n|turn|5\n|\n|t:|1781408884\n|move|p1a: Vaporeon|Scald|p2a: Garganacl\n|-supereffective|p2a: Garganacl\n|-damage|p2a: Garganacl|0 fnt\n|faint|p2a: Garganacl\n|\n|-heal|p1a: Vaporeon|125/364|[from] item: Leftovers\n|-damage|p1a: Vaporeon|34/364|[from] Salt Cure\n|upkeep\n|\n|t:|1781408898\n|switch|p2a: Hawlucha|Hawlucha, L80, F|256/256\n|turn|6\n|\n|t:|1781408907\n|move|p2a: Hawlucha|Swords Dance|p2a: Hawlucha\n|-boost|p2a: Hawlucha|atk|2\n|move|p1a: Vaporeon|Roar|p2a: Hawlucha\n|drag|p2a: Electrode|Electrode-Hisui, L87|246/246\n|\n|-heal|p1a: Vaporeon|56/364|[from] item: Leftovers\n|-damage|p1a: Vaporeon|0 fnt|[from] Salt Cure\n|faint|p1a: Vaporeon\n|upkeep\n|\n|t:|1781408958\n|switch|p1a: Articuno|Articuno, L86|295/295\n|-ability|p1a: Articuno|Pressure\n|turn|7\n|\n|t:|1781408974\n|-terastallize|p1a: Articuno|Steel\n|move|p2a: Electrode|Thunderbolt|p1a: Articuno\n|-damage|p1a: Articuno|201/295\n|-damage|p2a: Electrode|222/246|[from] item: Life Orb\n|move|p1a: Articuno|Brave Bird|p2a: Electrode\n|-damage|p2a: Electrode|78/246\n|-status|p1a: Articuno|par|[from] ability: Static|[of] p2a: Electrode\n|-damage|p1a: Articuno|153/295 par|[from] Recoil\n|\n|upkeep\n|turn|8\n|\n|t:|1781409004\n|switch|p2a: Cramorant|Cramorant, L86, M|261/261\n|move|p1a: Articuno|Freeze-Dry|p2a: Cramorant\n|-supereffective|p2a: Cramorant\n|-damage|p2a: Cramorant|0 fnt\n|faint|p2a: Cramorant\n|\n|upkeep\n|-message|TGecko forfeited.\n|\n|win|Kyzoi\n|l|\u2606TGecko\n|player|p2|\n", "uploadtime": 1781409025, "views": 10, "formatid": "gen9randombattle", "rating": null, "private": 0, "password": null}