{"id": "gen9randombattle-2631738506", "format": "[Gen 9] Random Battle", "players": ["gamergray23", "givemethepikachuu"], "log": "|j|\u2606gamergray23\n|j|\u2606givemethepikachuu\n|t:|1781431534\n|gametype|singles\n|player|p1|gamergray23|cynthia-masters4|1940\n|player|p2|givemethepikachuu|1|1907\n|gen|9\n|tier|[Gen 9] Random Battle\n|rated|\n|rule|Species Clause: Limit one of each Pok\u00e9mon\n|rule|HP Percentage Mod: HP is shown in percentages\n|rule|Sleep Clause Mod: Limit one foe put to sleep\n|rule|Illusion Level Mod: Illusion disguises the Pok\u00e9mon's true level\n|\n|t:|1781431534\n|teamsize|p1|6\n|teamsize|p2|6\n|start\n|switch|p1a: Minun|Minun, L95, F|268/268\n|switch|p2a: Komala|Komala, L88, F|258/258\n|-ability|p2a: Komala|Comatose\n|turn|1\n|\n|t:|1781431552\n|move|p1a: Minun|Nasty Plot|p1a: Minun\n|-boost|p1a: Minun|spa|2\n|move|p2a: Komala|Rapid Spin|p1a: Minun\n|-damage|p1a: Minun|175/268\n|-boost|p2a: Komala|spe|1\n|\n|upkeep\n|turn|2\n|\n|t:|1781431566\n|move|p2a: Komala|Earthquake|p1a: Minun\n|-supereffective|p1a: Minun\n|-damage|p1a: Minun|0 fnt\n|faint|p1a: Minun\n|\n|upkeep\n|\n|t:|1781431572\n|switch|p1a: Barraskewda|Barraskewda, L81, F|231/231\n|turn|3\n|inactive|Battle timer is ON: inactive players will automatically lose when time's up. (requested by gamergray23)\n|\n|t:|1781431603\n|switch|p2a: Azumarill|Azumarill, L82, M|298/298\n|move|p1a: Barraskewda|Flip Turn|p2a: Azumarill\n|-resisted|p2a: Azumarill\n|-damage|p2a: Azumarill|239/298\n|\n|t:|1781431614\n|switch|p1a: Revavroom|Revavroom, L79, M|256/256|[from] Flip Turn\n|\n|upkeep\n|turn|4\n|\n|t:|1781431625\n|switch|p2a: Lugia|Lugia, L73|275/275\n|move|p1a: Revavroom|Shift Gear|p1a: Revavroom\n|-boost|p1a: Revavroom|spe|2\n|-boost|p1a: Revavroom|atk|1\n|\n|upkeep\n|turn|5\n|\n|t:|1781431638\n|move|p1a: Revavroom|Gunk Shot|p2a: Lugia|[miss]\n|-miss|p1a: Revavroom|p2a: Lugia\n|move|p2a: Lugia|Earth Power|p1a: Revavroom\n|-supereffective|p1a: Revavroom\n|-damage|p1a: Revavroom|67/256\n|\n|upkeep\n|turn|6\n|\n|t:|1781431648\n|move|p1a: Revavroom|Iron Head|p2a: Lugia\n|-damage|p2a: Lugia|200/275\n|-damage|p1a: Revavroom|42/256|[from] item: Life Orb\n|move|p2a: Lugia|Earth Power|p1a: Revavroom\n|-supereffective|p1a: Revavroom\n|-damage|p1a: Revavroom|0 fnt\n|faint|p1a: Revavroom\n|\n|upkeep\n|\n|t:|1781431665\n|switch|p1a: Mabosstiff|Mabosstiff, L86, M|278/278\n|turn|7\n|\n|t:|1781431688\n|-terastallize|p1a: Mabosstiff|Dark\n|move|p2a: Lugia|Recover|p2a: Lugia\n|-heal|p2a: Lugia|275/275\n|move|p1a: Mabosstiff|Crunch|p2a: Lugia\n|-supereffective|p2a: Lugia\n|-damage|p2a: Lugia|111/275\n|\n|upkeep\n|turn|8\n|inactive|givemethepikachuu has 120 seconds left.\n|\n|t:|1781431721\n|move|p2a: Lugia|Aeroblast|p1a: Mabosstiff\n|-damage|p1a: Mabosstiff|182/278\n|move|p1a: Mabosstiff|Crunch|p2a: Lugia\n|-supereffective|p2a: Lugia\n|-damage|p2a: Lugia|0 fnt\n|faint|p2a: Lugia\n|\n|upkeep\n|inactive|givemethepikachuu has 90 seconds left.\n|\n|t:|1781431766\n|switch|p2a: Enamorus|Enamorus-Therian, L83, F|259/259\n|turn|9\n|\n|t:|1781431774\n|move|p1a: Mabosstiff|Crunch|p2a: Enamorus\n|-resisted|p2a: Enamorus\n|-damage|p2a: Enamorus|170/259\n|-unboost|p2a: Enamorus|def|1\n|move|p2a: Enamorus|Agility|p2a: Enamorus\n|-boost|p2a: Enamorus|spe|2\n|\n|upkeep\n|turn|10\n|\n|t:|1781431786\n|move|p2a: Enamorus|Moonblast|p1a: Mabosstiff\n|-supereffective|p1a: Mabosstiff\n|-damage|p1a: Mabosstiff|0 fnt\n|faint|p1a: Mabosstiff\n|\n|upkeep\n|\n|t:|1781431791\n|switch|p1a: Barraskewda|Barraskewda, L81, F|231/231\n|turn|11\n|\n|t:|1781431797\n|move|p1a: Barraskewda|Poison Jab|p2a: Enamorus\n|-supereffective|p2a: Enamorus\n|-damage|p2a: Enamorus|0 fnt\n|faint|p2a: Enamorus\n|\n|upkeep\n|inactive|givemethepikachuu has 90 seconds left.\n|\n|t:|1781431819\n|switch|p2a: Pachirisu|Pachirisu, L96, F|271/271\n|turn|12\n|\n|t:|1781431836\n|move|p1a: Barraskewda|Poison Jab|p2a: Pachirisu\n|-damage|p2a: Pachirisu|174/271\n|move|p2a: Pachirisu|U-turn|p1a: Barraskewda\n|-damage|p1a: Barraskewda|182/231\n|\n|t:|1781431845\n|switch|p2a: Komala|Komala, L88, F|258/258|[from] U-turn\n|-ability|p2a: Komala|Comatose\n|\n|upkeep\n|turn|13\n|\n|t:|1781431858\n|move|p1a: Barraskewda|Poison Jab|p2a: Komala\n|-damage|p2a: Komala|142/258\n|move|p2a: Komala|Body Slam|p1a: Barraskewda\n|-damage|p1a: Barraskewda|22/231\n|\n|upkeep\n|turn|14\n|\n|t:|1781431863\n|move|p1a: Barraskewda|Poison Jab|p2a: Komala\n|-damage|p2a: Komala|32/258\n|move|p2a: Komala|Rapid Spin|p1a: Barraskewda\n|-damage|p1a: Barraskewda|0 fnt\n|-boost|p2a: Komala|spe|1\n|faint|p1a: Barraskewda\n|\n|upkeep\n|\n|t:|1781431873\n|switch|p1a: Rayquaza|Rayquaza, L72|270/270\n|-ability|p1a: Rayquaza|Air Lock\n|turn|15\n|\n|t:|1781431883\n|move|p2a: Komala|Body Slam|p1a: Rayquaza\n|-damage|p1a: Rayquaza|146/270\n|-status|p1a: Rayquaza|par\n|move|p1a: Rayquaza|Dragon Dance|p1a: Rayquaza\n|-boost|p1a: Rayquaza|atk|1\n|-boost|p1a: Rayquaza|spe|1\n|\n|upkeep\n|turn|16\n|c|\u2606gamergray23|ggg\n|inactive|givemethepikachuu has 120 seconds left.\n|-message|gamergray23 forfeited.\n|\n|win|givemethepikachuu\n", "uploadtime": 1781431536, "views": 3, "formatid": "gen9randombattle", "rating": null, "private": 0, "password": null}