{"id": "gen9randombattle-2631768193", "format": "[Gen 9] Random Battle", "players": ["danmoses", "monkertv"], "log": "|j|\u2606danmoses\n|j|\u2606monkertv\n|t:|1781436608\n|gametype|singles\n|player|p1|danmoses|whitney|1917\n|player|p2|monkertv|266|1950\n|gen|9\n|tier|[Gen 9] Random Battle\n|rated|\n|rule|Species Clause: Limit one of each Pok\u00e9mon\n|rule|HP Percentage Mod: HP is shown in percentages\n|rule|Sleep Clause Mod: Limit one foe put to sleep\n|rule|Illusion Level Mod: Illusion disguises the Pok\u00e9mon's true level\n|\n|t:|1781436608\n|teamsize|p1|6\n|teamsize|p2|6\n|start\n|switch|p1a: Baxcalibur|Baxcalibur, L75, F|295/295\n|switch|p2a: Whiscash|Whiscash, L88, M|337/337\n|turn|1\n|inactive|Battle timer is ON: inactive players will automatically lose when time's up. (requested by danmoses)\n|\n|t:|1781436623\n|move|p1a: Baxcalibur|Swords Dance|p1a: Baxcalibur\n|-boost|p1a: Baxcalibur|atk|2\n|move|p2a: Whiscash|Earthquake|p1a: Baxcalibur\n|-damage|p1a: Baxcalibur|190/295\n|\n|upkeep\n|turn|2\n|\n|t:|1781436638\n|move|p1a: Baxcalibur|Icicle Spear|p2a: Whiscash\n|-damage|p2a: Whiscash|271/337\n|-damage|p2a: Whiscash|208/337\n|-damage|p2a: Whiscash|139/337\n|-damage|p2a: Whiscash|78/337\n|-damage|p2a: Whiscash|17/337\n|-hitcount|p2a: Whiscash|5\n|move|p2a: Whiscash|Stealth Rock|p1a: Baxcalibur\n|-sidestart|p1: danmoses|move: Stealth Rock\n|\n|-heal|p2a: Whiscash|38/337|[from] item: Leftovers\n|upkeep\n|turn|3\n|\n|t:|1781436647\n|move|p1a: Baxcalibur|Scale Shot|p2a: Whiscash\n|-damage|p2a: Whiscash|0 fnt\n|faint|p2a: Whiscash\n|-hitcount|p2: Whiscash|1\n|-unboost|p1a: Baxcalibur|def|1\n|-boost|p1a: Baxcalibur|spe|1\n|\n|upkeep\n|\n|t:|1781436653\n|switch|p2a: Houndstone|Houndstone, L86, F|264/264\n|turn|4\n|\n|t:|1781436668\n|move|p1a: Baxcalibur|Icicle Spear|p2a: Houndstone\n|-damage|p2a: Houndstone|209/264\n|-damage|p2a: Houndstone|160/264\n|-crit|p2a: Houndstone\n|-damage|p2a: Houndstone|75/264\n|-damage|p2a: Houndstone|21/264\n|-hitcount|p2a: Houndstone|4\n|move|p2a: Houndstone|Body Press|p1a: Baxcalibur\n|-supereffective|p1a: Baxcalibur\n|-damage|p1a: Baxcalibur|0 fnt\n|faint|p1a: Baxcalibur\n|\n|-heal|p2a: Houndstone|37/264|[from] item: Leftovers\n|upkeep\n|j| afdasfafafdsaf\n|inactive|danmoses has 120 seconds left.\n|\n|t:|1781436693\n|switch|p1a: Delphox|Delphox, L84, M|263/263\n|turn|5\n|\n|t:|1781436717\n|switch|p2a: Reuniclus|Reuniclus, L88, F|337/337\n|move|p1a: Delphox|Psyshock|p2a: Reuniclus\n|-resisted|p2a: Reuniclus\n|-damage|p2a: Reuniclus|283/337\n|\n|upkeep\n|turn|6\n|\n|t:|1781436724\n|move|p1a: Delphox|Nasty Plot|p1a: Delphox\n|-boost|p1a: Delphox|spa|2\n|move|p2a: Reuniclus|Calm Mind|p2a: Reuniclus\n|-boost|p2a: Reuniclus|spa|1\n|-boost|p2a: Reuniclus|spd|1\n|\n|upkeep\n|turn|7\n|\n|t:|1781436729\n|move|p1a: Delphox|Fire Blast|p2a: Reuniclus\n|-damage|p2a: Reuniclus|123/337\n|move|p2a: Reuniclus|Psyshock|p1a: Delphox\n|-resisted|p1a: Delphox\n|-damage|p1a: Delphox|127/263\n|\n|upkeep\n|turn|8\n|\n|t:|1781436744\n|move|p1a: Delphox|Fire Blast|p2a: Reuniclus\n|-damage|p2a: Reuniclus|0 fnt\n|faint|p2a: Reuniclus\n|\n|upkeep\n|\n|t:|1781436751\n|switch|p2a: Ambipom|Ambipom, L84, F|263/263\n|turn|9\n|\n|t:|1781436760\n|move|p2a: Ambipom|Knock Off|p1a: Delphox\n|-supereffective|p1a: Delphox\n|-damage|p1a: Delphox|0 fnt\n|-enditem|p1a: Delphox|Heavy-Duty Boots|[from] move: Knock Off|[of] p2a: Ambipom\n|faint|p1a: Delphox\n|\n|upkeep\n|\n|t:|1781436766\n|switch|p1a: Passimian|Passimian, L83, M|302/302\n|-damage|p1a: Passimian|284/302|[from] Stealth Rock\n|turn|10\n|\n|t:|1781436775\n|switch|p2a: Iron Hands|Iron Hands, L79|373/373\n|move|p1a: Passimian|Bulk Up|p1a: Passimian\n|-boost|p1a: Passimian|atk|1\n|-boost|p1a: Passimian|def|1\n|\n|-heal|p1a: Passimian|302/302|[from] item: Leftovers\n|upkeep\n|turn|11\n|\n|t:|1781436780\n|move|p1a: Passimian|Bulk Up|p1a: Passimian\n|-boost|p1a: Passimian|atk|1\n|-boost|p1a: Passimian|def|1\n|move|p2a: Iron Hands|Volt Switch|p1a: Passimian\n|-damage|p1a: Passimian|248/302\n|\n|t:|1781436807\n|-end|p2a: Iron Hands|Quark Drive|[silent]\n|switch|p2a: Perrserker|Perrserker, L89, F|269/269|[from] Volt Switch\n|\n|-heal|p1a: Passimian|266/302|[from] item: Leftovers\n|upkeep\n|turn|12\n|l| afdasfafafdsaf\n|\n|t:|1781436824\n|-terastallize|p2a: Perrserker|Fighting\n|move|p1a: Passimian|Drain Punch|p2a: Perrserker\n|-damage|p2a: Perrserker|116/269\n|-heal|p1a: Passimian|302/302|[from] drain|[of] p2a: Perrserker\n|move|p2a: Perrserker|Iron Head|p1a: Passimian\n|-damage|p1a: Passimian|208/302\n|\n|-heal|p1a: Passimian|226/302|[from] item: Leftovers\n|upkeep\n|turn|13\n|\n|t:|1781436832\n|move|p1a: Passimian|Drain Punch|p2a: Perrserker\n|-damage|p2a: Perrserker|0 fnt\n|-heal|p1a: Passimian|284/302|[from] drain|[of] p2a: Perrserker\n|faint|p2a: Perrserker\n|\n|-heal|p1a: Passimian|302/302|[from] item: Leftovers\n|upkeep\n|\n|t:|1781436841\n|switch|p2a: Iron Hands|Iron Hands, L79|373/373\n|turn|14\n|\n|t:|1781436848\n|move|p1a: Passimian|Gunk Shot|p2a: Iron Hands\n|-damage|p2a: Iron Hands|209/373\n|-status|p2a: Iron Hands|psn\n|move|p2a: Iron Hands|Ice Punch|p1a: Passimian\n|-damage|p1a: Passimian|273/302\n|\n|-heal|p1a: Passimian|291/302|[from] item: Leftovers\n|-damage|p2a: Iron Hands|163/373 psn|[from] psn\n|upkeep\n|turn|15\n|\n|t:|1781436858\n|move|p1a: Passimian|Gunk Shot|p2a: Iron Hands\n|-damage|p2a: Iron Hands|0 fnt\n|faint|p2a: Iron Hands\n|-end|p2a: Iron Hands|Quark Drive|[silent]\n|\n|-heal|p1a: Passimian|302/302|[from] item: Leftovers\n|upkeep\n|\n|t:|1781436863\n|switch|p2a: Ambipom|Ambipom, L84, F|263/263\n|turn|16\n|\n|t:|1781436867\n|move|p2a: Ambipom|Double-Edge|p1a: Passimian\n|-damage|p1a: Passimian|197/302\n|-damage|p2a: Ambipom|228/263|[from] Recoil\n|move|p1a: Passimian|Drain Punch|p2a: Ambipom\n|-supereffective|p2a: Ambipom\n|-damage|p2a: Ambipom|0 fnt\n|-heal|p1a: Passimian|302/302|[from] drain|[of] p2a: Ambipom\n|faint|p2a: Ambipom\n|\n|upkeep\n|l|\u2606monkertv\n|inactive|monkertv disconnected and has a minute to reconnect!\n|player|p2|\n|inactive|monkertv has 30 seconds to reconnect!\n|inactive|monkertv has 20 seconds to reconnect!\n|inactive|monkertv has 15 seconds to reconnect!\n|inactive|monkertv has 10 seconds to reconnect!\n|inactive|monkertv has 5 seconds to reconnect!\n|-message|monkertv lost due to inactivity.\n|\n|win|danmoses\n", "uploadtime": 1781436609, "views": 3, "formatid": "gen9randombattle", "rating": null, "private": 0, "password": null}