{"id": "gen9randombattle-2631712281", "format": "[Gen 9] Random Battle", "players": ["1v1saregood", "Davide070701"], "log": "|j|\u26061v1saregood\n|j|\u2606Davide070701\n|t:|1781426708\n|gametype|singles\n|player|p1|1v1saregood|preschooler|1972\n|player|p2|Davide070701|170|1985\n|gen|9\n|tier|[Gen 9] Random Battle\n|rated|\n|rule|Species Clause: Limit one of each Pok\u00e9mon\n|rule|HP Percentage Mod: HP is shown in percentages\n|rule|Sleep Clause Mod: Limit one foe put to sleep\n|rule|Illusion Level Mod: Illusion disguises the Pok\u00e9mon's true level\n|\n|t:|1781426708\n|teamsize|p1|6\n|teamsize|p2|6\n|start\n|switch|p1a: Regigigas|Regigigas, L84|322/322\n|switch|p2a: Volcanion|Volcanion, L79|255/255\n|-start|p1a: Regigigas|ability: Slow Start\n|turn|1\n|inactive|Battle timer is ON: inactive players will automatically lose when time's up. (requested by 1v1saregood)\n|\n|t:|1781426718\n|move|p2a: Volcanion|Steam Eruption|p1a: Regigigas\n|-damage|p1a: Regigigas|217/322\n|move|p1a: Regigigas|Substitute|p1a: Regigigas\n|-start|p1a: Regigigas|Substitute\n|-damage|p1a: Regigigas|137/322\n|\n|-heal|p1a: Regigigas|157/322|[from] item: Leftovers\n|upkeep\n|turn|2\n|\n|t:|1781426729\n|move|p1a: Regigigas|Protect|p1a: Regigigas\n|-singleturn|p1a: Regigigas|Protect\n|move|p2a: Volcanion|Steam Eruption|p1a: Regigigas\n|-activate|p1a: Regigigas|move: Protect\n|\n|-heal|p1a: Regigigas|177/322|[from] item: Leftovers\n|upkeep\n|turn|3\n|\n|t:|1781426745\n|move|p2a: Volcanion|Steam Eruption|p1a: Regigigas|[miss]\n|-miss|p2a: Volcanion|p1a: Regigigas\n|move|p1a: Regigigas|Substitute|p1a: Regigigas\n|-fail|p1a: Regigigas|move: Substitute\n|\n|-heal|p1a: Regigigas|197/322|[from] item: Leftovers\n|upkeep\n|turn|4\n|\n|t:|1781426749\n|switch|p2a: Gliscor|Gliscor, L76, F|239/239\n|move|p1a: Regigigas|Protect||[still]\n|-fail|p1a: Regigigas\n|\n|-heal|p1a: Regigigas|217/322|[from] item: Leftovers\n|-status|p2a: Gliscor|tox|[from] item: Toxic Orb\n|upkeep\n|turn|5\n|\n|t:|1781426758\n|move|p1a: Regigigas|Protect|p1a: Regigigas\n|-singleturn|p1a: Regigigas|Protect\n|move|p2a: Gliscor|Earthquake|p1a: Regigigas\n|-activate|p1a: Regigigas|move: Protect\n|\n|-heal|p1a: Regigigas|237/322|[from] item: Leftovers\n|-end|p1a: Regigigas|Slow Start\n|upkeep\n|turn|6\n|\n|t:|1781426764\n|move|p1a: Regigigas|Body Slam|p2a: Gliscor\n|-damage|p2a: Gliscor|128/239 tox\n|move|p2a: Gliscor|Earthquake|p1a: Regigigas\n|-activate|p1a: Regigigas|move: Substitute|[damage]\n|\n|-heal|p1a: Regigigas|257/322|[from] item: Leftovers\n|-heal|p2a: Gliscor|157/239 tox|[from] ability: Poison Heal\n|upkeep\n|turn|7\n|\n|t:|1781426771\n|move|p2a: Gliscor|Protect|p2a: Gliscor\n|-singleturn|p2a: Gliscor|Protect\n|move|p1a: Regigigas|Body Slam|p2a: Gliscor\n|-activate|p2a: Gliscor|move: Protect\n|\n|-heal|p1a: Regigigas|277/322|[from] item: Leftovers\n|-heal|p2a: Gliscor|186/239 tox|[from] ability: Poison Heal\n|upkeep\n|turn|8\n|\n|t:|1781426773\n|move|p1a: Regigigas|Body Slam|p2a: Gliscor\n|-damage|p2a: Gliscor|68/239 tox\n|move|p2a: Gliscor|Earthquake|p1a: Regigigas\n|-end|p1a: Regigigas|Substitute\n|\n|-heal|p1a: Regigigas|297/322|[from] item: Leftovers\n|-heal|p2a: Gliscor|97/239 tox|[from] ability: Poison Heal\n|upkeep\n|turn|9\n|\n|t:|1781426783\n|switch|p2a: Rhyperior|Rhyperior, L82, M|323/323\n|move|p1a: Regigigas|Substitute|p1a: Regigigas\n|-start|p1a: Regigigas|Substitute\n|-damage|p1a: Regigigas|217/322\n|\n|-heal|p1a: Regigigas|237/322|[from] item: Leftovers\n|upkeep\n|turn|10\n|\n|t:|1781426786\n|move|p1a: Regigigas|Knock Off|p2a: Rhyperior\n|-damage|p2a: Rhyperior|250/323\n|-enditem|p2a: Rhyperior|Assault Vest|[from] move: Knock Off|[of] p1a: Regigigas\n|move|p2a: Rhyperior|Earthquake|p1a: Regigigas\n|-end|p1a: Regigigas|Substitute\n|\n|-heal|p1a: Regigigas|257/322|[from] item: Leftovers\n|upkeep\n|turn|11\n|\n|t:|1781426799\n|move|p1a: Regigigas|Body Slam|p2a: Rhyperior\n|-resisted|p2a: Rhyperior\n|-damage|p2a: Rhyperior|202/323\n|-status|p2a: Rhyperior|par\n|move|p2a: Rhyperior|Earthquake|p1a: Regigigas\n|-damage|p1a: Regigigas|139/322\n|\n|-heal|p1a: Regigigas|159/322|[from] item: Leftovers\n|upkeep\n|turn|12\n|\n|t:|1781426803\n|move|p1a: Regigigas|Body Slam|p2a: Rhyperior\n|-resisted|p2a: Rhyperior\n|-damage|p2a: Rhyperior|150/323 par\n|move|p2a: Rhyperior|Earthquake|p1a: Regigigas\n|-damage|p1a: Regigigas|38/322\n|\n|-heal|p1a: Regigigas|58/322|[from] item: Leftovers\n|upkeep\n|turn|13\n|\n|t:|1781426805\n|move|p1a: Regigigas|Body Slam|p2a: Rhyperior\n|-resisted|p2a: Rhyperior\n|-damage|p2a: Rhyperior|104/323 par\n|move|p2a: Rhyperior|Earthquake|p1a: Regigigas\n|-damage|p1a: Regigigas|0 fnt\n|faint|p1a: Regigigas\n|-end|p1a: Regigigas|Slow Start|[silent]\n|\n|upkeep\n|\n|t:|1781426825\n|switch|p1a: Gogoat|Gogoat, L88, F|360/360\n|turn|14\n|\n|t:|1781426829\n|move|p1a: Gogoat|Horn Leech|p2a: Rhyperior\n|-supereffective|p2a: Rhyperior\n|-damage|p2a: Rhyperior|0 fnt\n|faint|p2a: Rhyperior\n|\n|upkeep\n|\n|t:|1781426838\n|switch|p2a: Gliscor|Gliscor, L76, F|97/239 tox\n|turn|15\n|\n|t:|1781426844\n|move|p2a: Gliscor|Protect|p2a: Gliscor\n|-singleturn|p2a: Gliscor|Protect\n|move|p1a: Gogoat|Bulk Up|p1a: Gogoat\n|-boost|p1a: Gogoat|atk|1\n|-boost|p1a: Gogoat|def|1\n|\n|-heal|p2a: Gliscor|126/239 tox|[from] ability: Poison Heal\n|upkeep\n|turn|16\n|\n|t:|1781426849\n|move|p2a: Gliscor|Toxic|p1a: Gogoat\n|-status|p1a: Gogoat|tox\n|move|p1a: Gogoat|Bulk Up|p1a: Gogoat\n|-boost|p1a: Gogoat|atk|1\n|-boost|p1a: Gogoat|def|1\n|\n|-heal|p2a: Gliscor|155/239 tox|[from] ability: Poison Heal\n|-damage|p1a: Gogoat|338/360 tox|[from] psn\n|upkeep\n|turn|17\n|\n|t:|1781426854\n|move|p2a: Gliscor|Substitute|p2a: Gliscor\n|-start|p2a: Gliscor|Substitute\n|-damage|p2a: Gliscor|96/239 tox\n|move|p1a: Gogoat|Bulk Up|p1a: Gogoat\n|-boost|p1a: Gogoat|atk|1\n|-boost|p1a: Gogoat|def|1\n|\n|-heal|p1a: Gogoat|360/360 tox|[from] item: Leftovers\n|-heal|p2a: Gliscor|125/239 tox|[from] ability: Poison Heal\n|-damage|p1a: Gogoat|316/360 tox|[from] psn\n|upkeep\n|turn|18\n|\n|t:|1781426857\n|move|p2a: Gliscor|Protect|p2a: Gliscor\n|-singleturn|p2a: Gliscor|Protect\n|move|p1a: Gogoat|Horn Leech|p2a: Gliscor\n|-activate|p2a: Gliscor|move: Protect\n|\n|-heal|p1a: Gogoat|338/360 tox|[from] item: Leftovers\n|-heal|p2a: Gliscor|154/239 tox|[from] ability: Poison Heal\n|-damage|p1a: Gogoat|272/360 tox|[from] psn\n|upkeep\n|turn|19\n|\n|t:|1781426863\n|move|p2a: Gliscor|Protect||[still]\n|-fail|p2a: Gliscor\n|move|p1a: Gogoat|Horn Leech|p2a: Gliscor\n|-end|p2a: Gliscor|Substitute\n|-heal|p1a: Gogoat|302/360 tox|[from] drain|[of] p2a: Gliscor\n|\n|-heal|p1a: Gogoat|324/360 tox|[from] item: Leftovers\n|-heal|p2a: Gliscor|183/239 tox|[from] ability: Poison Heal\n|-damage|p1a: Gogoat|236/360 tox|[from] psn\n|upkeep\n|turn|20\n|\n|t:|1781426872\n|move|p2a: Gliscor|Protect|p2a: Gliscor\n|-singleturn|p2a: Gliscor|Protect\n|move|p1a: Gogoat|Horn Leech|p2a: Gliscor\n|-activate|p2a: Gliscor|move: Protect\n|\n|-heal|p1a: Gogoat|258/360 tox|[from] item: Leftovers\n|-heal|p2a: Gliscor|212/239 tox|[from] ability: Poison Heal\n|-damage|p1a: Gogoat|148/360 tox|[from] psn\n|upkeep\n|turn|21\n|\n|t:|1781426876\n|move|p2a: Gliscor|Substitute|p2a: Gliscor\n|-start|p2a: Gliscor|Substitute\n|-damage|p2a: Gliscor|153/239 tox\n|move|p1a: Gogoat|Horn Leech|p2a: Gliscor\n|-end|p2a: Gliscor|Substitute\n|-heal|p1a: Gogoat|178/360 tox|[from] drain|[of] p2a: Gliscor\n|\n|-heal|p1a: Gogoat|200/360 tox|[from] item: Leftovers\n|-heal|p2a: Gliscor|182/239 tox|[from] ability: Poison Heal\n|-damage|p1a: Gogoat|68/360 tox|[from] psn\n|upkeep\n|turn|22\n|\n|t:|1781426881\n|move|p2a: Gliscor|Protect|p2a: Gliscor\n|-singleturn|p2a: Gliscor|Protect\n|move|p1a: Gogoat|Horn Leech|p2a: Gliscor\n|-activate|p2a: Gliscor|move: Protect\n|\n|-heal|p1a: Gogoat|90/360 tox|[from] item: Leftovers\n|-heal|p2a: Gliscor|211/239 tox|[from] ability: Poison Heal\n|-damage|p1a: Gogoat|0 fnt|[from] psn\n|faint|p1a: Gogoat\n|upkeep\n|\n|t:|1781426902\n|switch|p1a: Regieleki|Regieleki, L79|256/256\n|turn|23\n|\n|t:|1781426907\n|-terastallize|p1a: Regieleki|Ice\n|move|p2a: Gliscor|Protect||[still]\n|-fail|p2a: Gliscor\n|move|p1a: Regieleki|Tera Blast|p2a: Gliscor|[anim] Tera Blast Ice\n|-supereffective|p2a: Gliscor\n|-damage|p2a: Gliscor|0 fnt\n|faint|p2a: Gliscor\n|\n|upkeep\n|\n|t:|1781426914\n|switch|p2a: Volcanion|Volcanion, L79|255/255\n|turn|24\n|\n|t:|1781426923\n|switch|p1a: Kricketune|Kricketune, L99, F|312/312\n|move|p2a: Volcanion|Flamethrower|p1a: Kricketune\n|-supereffective|p1a: Kricketune\n|-damage|p1a: Kricketune|54/312\n|\n|upkeep\n|turn|25\n|\n|t:|1781426929\n|move|p2a: Volcanion|Flamethrower|p1a: Kricketune\n|-supereffective|p1a: Kricketune\n|-damage|p1a: Kricketune|0 fnt\n|faint|p1a: Kricketune\n|\n|upkeep\n|\n|t:|1781426934\n|switch|p1a: Regieleki|Regieleki, L79, tera:Ice|256/256\n|turn|26\n|\n|t:|1781426938\n|move|p1a: Regieleki|Thunderbolt|p2a: Volcanion\n|-supereffective|p2a: Volcanion\n|-damage|p2a: Volcanion|0 fnt\n|faint|p2a: Volcanion\n|\n|upkeep\n|\n|t:|1781426941\n|switch|p2a: Florges|Florges, L85, F|271/271\n|turn|27\n|\n|t:|1781426945\n|move|p1a: Regieleki|Volt Switch|p2a: Florges\n|-damage|p2a: Florges|204/271\n|\n|t:|1781426952\n|switch|p1a: Tyranitar|Tyranitar, L78, M|284/284|[from] Volt Switch\n|-weather|Sandstorm|[from] ability: Sand Stream|[of] p1a: Tyranitar\n|move|p2a: Florges|Calm Mind|p2a: Florges\n|-boost|p2a: Florges|spa|1\n|-boost|p2a: Florges|spd|1\n|\n|-weather|Sandstorm|[upkeep]\n|-damage|p2a: Florges|188/271|[from] Sandstorm\n|-heal|p2a: Florges|204/271|[from] item: Leftovers\n|upkeep\n|turn|28\n|\n|t:|1781426957\n|move|p2a: Florges|Moonblast|p1a: Tyranitar\n|-supereffective|p1a: Tyranitar\n|-damage|p1a: Tyranitar|66/284\n|move|p1a: Tyranitar|Thunder Wave|p2a: Florges\n|-status|p2a: Florges|par\n|\n|-weather|Sandstorm|[upkeep]\n|-damage|p2a: Florges|188/271 par|[from] Sandstorm\n|-heal|p1a: Tyranitar|83/284|[from] item: Leftovers\n|-heal|p2a: Florges|204/271 par|[from] item: Leftovers\n|upkeep\n|turn|29\n|\n|t:|1781426970\n|move|p1a: Tyranitar|Stone Edge|p2a: Florges\n|-damage|p2a: Florges|57/271 par\n|cant|p2a: Florges|par\n|\n|-weather|Sandstorm|[upkeep]\n|-damage|p2a: Florges|41/271 par|[from] Sandstorm\n|-heal|p1a: Tyranitar|100/284|[from] item: Leftovers\n|-heal|p2a: Florges|57/271 par|[from] item: Leftovers\n|upkeep\n|turn|30\n|\n|t:|1781426975\n|move|p1a: Tyranitar|Knock Off|p2a: Florges\n|-resisted|p2a: Florges\n|-damage|p2a: Florges|0 fnt\n|-enditem|p2a: Florges|Leftovers|[from] move: Knock Off|[of] p1a: Tyranitar\n|faint|p2a: Florges\n|\n|-weather|Sandstorm|[upkeep]\n|-heal|p1a: Tyranitar|117/284|[from] item: Leftovers\n|upkeep\n|\n|t:|1781426979\n|switch|p2a: Vivillon|Vivillon-Savanna, L83, M|268/268\n|turn|31\n|\n|t:|1781426986\n|-terastallize|p2a: Vivillon|Ground\n|move|p2a: Vivillon|Quiver Dance|p2a: Vivillon\n|-boost|p2a: Vivillon|spa|1\n|-boost|p2a: Vivillon|spd|1\n|-boost|p2a: Vivillon|spe|1\n|move|p1a: Tyranitar|Stone Edge|p2a: Vivillon\n|-resisted|p2a: Vivillon\n|-damage|p2a: Vivillon|180/268\n|\n|-weather|none\n|-heal|p1a: Tyranitar|134/284|[from] item: Leftovers\n|upkeep\n|turn|32\n|\n|t:|1781426993\n|move|p2a: Vivillon|Sleep Powder|p1a: Tyranitar\n|-status|p1a: Tyranitar|slp|[from] move: Sleep Powder\n|cant|p1a: Tyranitar|slp\n|\n|-heal|p1a: Tyranitar|151/284 slp|[from] item: Leftovers\n|upkeep\n|turn|33\n|\n|t:|1781426998\n|switch|p1a: Regieleki|Regieleki, L79, tera:Ice|256/256\n|move|p2a: Vivillon|Quiver Dance|p2a: Vivillon\n|-boost|p2a: Vivillon|spa|1\n|-boost|p2a: Vivillon|spd|1\n|-boost|p2a: Vivillon|spe|1\n|\n|upkeep\n|turn|34\n|\n|t:|1781427004\n|move|p2a: Vivillon|Tera Blast|p1a: Regieleki|[anim] Tera Blast Ground\n|-damage|p1a: Regieleki|30/256\n|move|p1a: Regieleki|Tera Blast|p2a: Vivillon|[anim] Tera Blast Ice\n|-supereffective|p2a: Vivillon\n|-damage|p2a: Vivillon|72/268\n|\n|upkeep\n|turn|35\n|\n|t:|1781427010\n|move|p2a: Vivillon|Tera Blast|p1a: Regieleki|[anim] Tera Blast Ground\n|-damage|p1a: Regieleki|0 fnt\n|faint|p1a: Regieleki\n|\n|upkeep\n|\n|t:|1781427012\n|switch|p1a: Darkrai|Darkrai, L77|234/234\n|turn|36\n|\n|t:|1781427016\n|move|p2a: Vivillon|Tera Blast|p1a: Darkrai|[anim] Tera Blast Ground\n|-crit|p1a: Darkrai\n|-damage|p1a: Darkrai|0 fnt\n|faint|p1a: Darkrai\n|\n|upkeep\n|-message|1v1saregood forfeited.\n|\n|win|Davide070701\n", "uploadtime": 1781426709, "views": 4, "formatid": "gen9randombattle", "rating": null, "private": 0, "password": null}