{"id": "gen9randombattle-2631509897", "format": "[Gen 9] Random Battle", "players": ["Arcangel666", "Aoyama0811"], "log": "|j|\u2606Arcangel666\n|j|\u2606Aoyama0811\n|t:|1781394329\n|gametype|singles\n|player|p1|Arcangel666|piers-masters|2063\n|player|p2|Aoyama0811|acetrainerf|2018\n|gen|9\n|tier|[Gen 9] Random Battle\n|rated|\n|rule|Species Clause: Limit one of each Pok\u00e9mon\n|rule|HP Percentage Mod: HP is shown in percentages\n|rule|Sleep Clause Mod: Limit one foe put to sleep\n|rule|Illusion Level Mod: Illusion disguises the Pok\u00e9mon's true level\n|\n|t:|1781394329\n|teamsize|p1|6\n|teamsize|p2|6\n|start\n|switch|p1a: Trevenant|Trevenant, L89, M|296/296\n|switch|p2a: Dragonite|Dragonite, L74, M|257/257\n|turn|1\n|\n|t:|1781394346\n|switch|p2a: Sneasler|Sneasler, L74, F|240/240\n|move|p1a: Trevenant|Will-O-Wisp|p2a: Sneasler\n|-status|p2a: Sneasler|brn\n|\n|-damage|p2a: Sneasler|225/240 brn|[from] brn\n|upkeep\n|turn|2\n|\n|t:|1781394355\n|switch|p1a: Overqwil|Overqwil, L82, M|274/274\n|-ability|p1a: Overqwil|Intimidate|boost\n|-unboost|p2a: Sneasler|atk|1\n|move|p2a: Sneasler|Dire Claw|p1a: Overqwil\n|-resisted|p1a: Overqwil\n|-damage|p1a: Overqwil|254/274\n|-status|p1a: Overqwil|slp\n|\n|-damage|p2a: Sneasler|210/240 brn|[from] brn\n|upkeep\n|turn|3\n|\n|t:|1781394361\n|switch|p2a: Glastrier|Glastrier, L86|312/312\n|cant|p1a: Overqwil|slp\n|\n|upkeep\n|turn|4\n|\n|t:|1781394365\n|switch|p1a: Staraptor|Staraptor, L79, M|263/263\n|move|p2a: Glastrier|Swords Dance|p2a: Glastrier\n|-boost|p2a: Glastrier|atk|2\n|\n|upkeep\n|turn|5\n|\n|t:|1781394371\n|move|p1a: Staraptor|Close Combat|p2a: Glastrier\n|-supereffective|p2a: Glastrier\n|-damage|p2a: Glastrier|134/312\n|-unboost|p1a: Staraptor|def|1\n|-unboost|p1a: Staraptor|spd|1\n|move|p2a: Glastrier|Icicle Crash|p1a: Staraptor\n|-supereffective|p1a: Staraptor\n|-crit|p1a: Staraptor\n|-damage|p1a: Staraptor|0 fnt\n|faint|p1a: Staraptor\n|-ability|p2a: Glastrier|Chilling Neigh|boost\n|-boost|p2a: Glastrier|atk|1\n|\n|upkeep\n|\n|t:|1781394374\n|switch|p1a: Excadrill|Excadrill, L79, F|303/303\n|-ability|p1a: Excadrill|Mold Breaker\n|turn|6\n|\n|t:|1781394381\n|switch|p2a: Slowking|Slowking, L88, M|310/310\n|move|p1a: Excadrill|Iron Head|p2a: Slowking\n|-resisted|p2a: Slowking\n|-damage|p2a: Slowking|264/310\n|\n|upkeep\n|turn|7\n|\n|t:|1781394386\n|switch|p1a: Trevenant|Trevenant, L89, M|296/296\n|move|p2a: Slowking|Future Sight|p1a: Trevenant\n|-start|p2a: Slowking|move: Future Sight\n|\n|upkeep\n|turn|8\n|\n|t:|1781394391\n|switch|p2a: Sneasler|Sneasler, L74, F|210/240 brn\n|move|p1a: Trevenant|Poltergeist|p2a: Sneasler\n|-activate|p2a: Sneasler|move: Poltergeist|Choice Band\n|-damage|p2a: Sneasler|0 fnt\n|faint|p2a: Sneasler\n|-damage|p1a: Trevenant|267/296|[from] item: Life Orb\n|\n|upkeep\n|\n|t:|1781394397\n|switch|p2a: Glastrier|Glastrier, L86|134/312\n|turn|9\n|\n|t:|1781394400\n|switch|p1a: Overqwil|Overqwil, L82, M|254/274 slp\n|-ability|p1a: Overqwil|Intimidate|boost\n|-unboost|p2a: Glastrier|atk|1\n|move|p2a: Glastrier|Icicle Crash|p1a: Overqwil\n|-damage|p1a: Overqwil|172/274 slp\n|\n|-end|p1a: Overqwil|move: Future Sight\n|-immune|p1a: Overqwil\n|upkeep\n|turn|10\n|\n|t:|1781394406\n|switch|p1a: Okidogi|Okidogi, L77, M|262/262\n|move|p2a: Glastrier|Swords Dance|p2a: Glastrier\n|-boost|p2a: Glastrier|atk|2\n|\n|upkeep\n|turn|11\n|\n|t:|1781394416\n|move|p1a: Okidogi|Drain Punch|p2a: Glastrier\n|-supereffective|p2a: Glastrier\n|-damage|p2a: Glastrier|14/312\n|move|p2a: Glastrier|Icicle Crash|p1a: Okidogi\n|-damage|p1a: Okidogi|78/262\n|\n|upkeep\n|turn|12\n|\n|t:|1781394420\n|move|p1a: Okidogi|Knock Off|p2a: Glastrier\n|-damage|p2a: Glastrier|0 fnt\n|-enditem|p2a: Glastrier|Heavy-Duty Boots|[from] move: Knock Off|[of] p1a: Okidogi\n|faint|p2a: Glastrier\n|\n|upkeep\n|\n|t:|1781394427\n|switch|p2a: Dragonite|Dragonite, L74, M|257/257\n|turn|13\n|\n|t:|1781394433\n|switch|p1a: Trevenant|Trevenant, L89, M|267/296\n|move|p2a: Dragonite|Dragon Dance|p2a: Dragonite\n|-boost|p2a: Dragonite|atk|1\n|-boost|p2a: Dragonite|spe|1\n|\n|upkeep\n|turn|14\n|\n|t:|1781394439\n|move|p2a: Dragonite|Outrage|p1a: Trevenant\n|-damage|p1a: Trevenant|80/296\n|move|p1a: Trevenant|Will-O-Wisp|p2a: Dragonite|[miss]\n|-miss|p1a: Trevenant|p2a: Dragonite\n|\n|upkeep\n|turn|15\n|\n|t:|1781394445\n|switch|p1a: Overqwil|Overqwil, L82, M|172/274 slp\n|-ability|p1a: Overqwil|Intimidate|boost\n|-unboost|p2a: Dragonite|atk|1\n|move|p2a: Dragonite|Outrage|p1a: Overqwil|[from] lockedmove\n|-damage|p1a: Overqwil|58/274 slp\n|\n|upkeep\n|turn|16\n|\n|t:|1781394451\n|switch|p1a: Okidogi|Okidogi, L77, M|78/262\n|move|p2a: Dragonite|Outrage|p1a: Okidogi|[from] lockedmove\n|-damage|p1a: Okidogi|0 fnt\n|faint|p1a: Okidogi\n|-start|p2a: Dragonite|confusion|[fatigue]\n|\n|upkeep\n|\n|t:|1781394453\n|switch|p1a: Overqwil|Overqwil, L82, M|58/274 slp\n|-ability|p1a: Overqwil|Intimidate|boost\n|-unboost|p2a: Dragonite|atk|1\n|turn|17\n|\n|t:|1781394458\n|-activate|p2a: Dragonite|confusion\n|-damage|p2a: Dragonite|238/257|[from] confusion\n|-curestatus|p1a: Overqwil|slp|[msg]\n|move|p1a: Overqwil|Gunk Shot|p2a: Dragonite\n|-damage|p2a: Dragonite|31/257\n|-status|p2a: Dragonite|psn\n|-damage|p1a: Overqwil|31/274|[from] item: Life Orb\n|\n|-damage|p2a: Dragonite|0 fnt|[from] psn\n|faint|p2a: Dragonite\n|upkeep\n|\n|t:|1781394473\n|switch|p2a: Slowking|Slowking, L88, M|310/310\n|turn|18\n|\n|t:|1781394482\n|-terastallize|p2a: Slowking|Dragon\n|move|p1a: Overqwil|Crunch|p2a: Slowking\n|-damage|p2a: Slowking|185/310\n|-damage|p1a: Overqwil|4/274|[from] item: Life Orb\n|move|p2a: Slowking|Slack Off|p2a: Slowking\n|-heal|p2a: Slowking|310/310\n|\n|upkeep\n|turn|19\n|\n|t:|1781394487\n|move|p1a: Overqwil|Gunk Shot|p2a: Slowking\n|-damage|p2a: Slowking|129/310\n|-damage|p1a: Overqwil|0 fnt|[from] item: Life Orb\n|faint|p1a: Overqwil\n|move|p2a: Slowking|Future Sight|p1: Overqwil\n|-start|p2a: Slowking|move: Future Sight\n|\n|upkeep\n|\n|t:|1781394490\n|switch|p1a: Excadrill|Excadrill, L79, F|303/303\n|-ability|p1a: Excadrill|Mold Breaker\n|turn|20\n|\n|t:|1781394495\n|switch|p2a: Exeggutor|Exeggutor, L89, F|312/312\n|move|p1a: Excadrill|Earthquake|p2a: Exeggutor\n|-resisted|p2a: Exeggutor\n|-damage|p2a: Exeggutor|257/312\n|\n|upkeep\n|turn|21\n|\n|t:|1781394498\n|switch|p1a: Lilligant|Lilligant, L86, F|261/261\n|move|p2a: Exeggutor|Sleep Powder|p1a: Lilligant\n|-immune|p1a: Lilligant\n|\n|-end|p1a: Lilligant|move: Future Sight\n|-damage|p1a: Lilligant|102/261\n|upkeep\n|turn|22\n|\n|t:|1781394504\n|move|p1a: Lilligant|Quiver Dance|p1a: Lilligant\n|-boost|p1a: Lilligant|spa|1\n|-boost|p1a: Lilligant|spd|1\n|-boost|p1a: Lilligant|spe|1\n|move|p2a: Exeggutor|Psychic Noise|p1a: Lilligant\n|-damage|p1a: Lilligant|20/261\n|-start|p1a: Lilligant|move: Heal Block\n|\n|upkeep\n|turn|23\n|\n|t:|1781394514\n|move|p1a: Lilligant|Tera Blast|p2a: Exeggutor\n|-damage|p2a: Exeggutor|110/312\n|-enditem|p2a: Exeggutor|Sitrus Berry|[eat]\n|-heal|p2a: Exeggutor|188/312|[from] item: Sitrus Berry\n|-damage|p1a: Lilligant|0 fnt|[from] item: Life Orb\n|faint|p1a: Lilligant\n|move|p2a: Exeggutor|Psychic Noise|p1: Lilligant|[notarget]\n|-fail|p2a: Exeggutor\n|\n|upkeep\n|\n|t:|1781394518\n|switch|p1a: Trevenant|Trevenant, L89, M|80/296\n|turn|24\n|\n|t:|1781394527\n|move|p1a: Trevenant|Poltergeist||[still]\n|-fail|p1a: Trevenant\n|move|p2a: Exeggutor|Psychic Noise|p1a: Trevenant\n|-damage|p1a: Trevenant|0 fnt\n|faint|p1a: Trevenant\n|\n|upkeep\n|\n|t:|1781394529\n|switch|p1a: Excadrill|Excadrill, L79, F|303/303\n|-ability|p1a: Excadrill|Mold Breaker\n|turn|25\n|\n|t:|1781394532\n|move|p1a: Excadrill|Swords Dance|p1a: Excadrill\n|-boost|p1a: Excadrill|atk|2\n|move|p2a: Exeggutor|Sleep Powder|p1a: Excadrill\n|-status|p1a: Excadrill|slp|[from] move: Sleep Powder\n|\n|upkeep\n|turn|26\n|\n|t:|1781394544\n|switch|p2a: Polteageist|Polteageist, L78|222/222\n|cant|p1a: Excadrill|slp\n|\n|upkeep\n|turn|27\n|\n|t:|1781394549\n|-terastallize|p1a: Excadrill|Ground\n|cant|p1a: Excadrill|slp\n|move|p2a: Polteageist|Shell Smash|p2a: Polteageist\n|-unboost|p2a: Polteageist|def|1\n|-unboost|p2a: Polteageist|spd|1\n|-boost|p2a: Polteageist|atk|2\n|-boost|p2a: Polteageist|spa|2\n|-boost|p2a: Polteageist|spe|2\n|-enditem|p2a: Polteageist|White Herb\n|-clearnegativeboost|p2a: Polteageist|[silent]\n|\n|upkeep\n|turn|28\n|\n|t:|1781394557\n|move|p2a: Polteageist|Stored Power|p1a: Excadrill\n|-damage|p1a: Excadrill|13/303 slp\n|-curestatus|p1a: Excadrill|slp|[msg]\n|move|p1a: Excadrill|Earthquake|p2a: Polteageist\n|-damage|p2a: Polteageist|0 fnt\n|-start|p1a: Excadrill|Disable|Earthquake|[from] ability: Cursed Body|[of] p2a: Polteageist\n|faint|p2a: Polteageist\n|\n|-heal|p1a: Excadrill|31/303|[from] item: Leftovers\n|upkeep\n|\n|t:|1781394561\n|switch|p2a: Exeggutor|Exeggutor, L89, F|188/312\n|turn|29\n|\n|t:|1781394564\n|move|p1a: Excadrill|Iron Head|p2a: Exeggutor\n|-damage|p2a: Exeggutor|13/312\n|move|p2a: Exeggutor|Psychic Noise|p1a: Excadrill\n|-damage|p1a: Excadrill|0 fnt\n|faint|p1a: Excadrill\n|\n|win|Aoyama0811\n", "uploadtime": 1781394332, "views": 5, "formatid": "gen9randombattle", "rating": null, "private": 0, "password": null}