{"id": "gen9randombattle-2631534462", "format": "[Gen 9] Random Battle", "players": ["OGKUSHONDECK", "Undertaker67"], "log": "|j|\u2606OGKUSHONDECK\n|j|\u2606Undertaker67\n|t:|1781397817\n|gametype|singles\n|player|p1|OGKUSHONDECK|biker-gen1rb|2041\n|player|p2|Undertaker67|n|1986\n|gen|9\n|tier|[Gen 9] Random Battle\n|rated|\n|rule|Species Clause: Limit one of each Pok\u00e9mon\n|rule|HP Percentage Mod: HP is shown in percentages\n|rule|Sleep Clause Mod: Limit one foe put to sleep\n|rule|Illusion Level Mod: Illusion disguises the Pok\u00e9mon's true level\n|\n|t:|1781397817\n|teamsize|p1|6\n|teamsize|p2|6\n|start\n|switch|p1a: Espeon|Espeon, L84, M|246/246\n|switch|p2a: Mabosstiff|Mabosstiff, L86, F|278/278\n|turn|1\n|inactive|Battle timer is ON: inactive players will automatically lose when time's up. (requested by Undertaker67)\n|\n|t:|1781397838\n|switch|p1a: Umbreon|Umbreon, L84, M|297/297\n|move|p2a: Mabosstiff|Crunch|p1a: Umbreon\n|-resisted|p1a: Umbreon\n|-damage|p1a: Umbreon|215/297\n|\n|-heal|p1a: Umbreon|233/297|[from] item: Leftovers\n|upkeep\n|turn|2\n|\n|t:|1781397852\n|switch|p2a: Okidogi|Okidogi, L77, M|262/262\n|move|p1a: Umbreon|Toxic|p2a: Okidogi\n|-immune|p2a: Okidogi\n|\n|-heal|p1a: Umbreon|251/297|[from] item: Leftovers\n|upkeep\n|turn|3\n|\n|t:|1781397870\n|move|p1a: Umbreon|Protect|p1a: Umbreon\n|-singleturn|p1a: Umbreon|Protect\n|move|p2a: Okidogi|Knock Off|p1a: Umbreon\n|-activate|p1a: Umbreon|move: Protect\n|\n|-heal|p1a: Umbreon|269/297|[from] item: Leftovers\n|upkeep\n|turn|4\n|\n|t:|1781397879\n|switch|p1a: Volcanion|Volcanion, L79|256/256\n|move|p2a: Okidogi|Knock Off|p1a: Volcanion\n|-damage|p1a: Volcanion|193/256\n|-enditem|p1a: Volcanion|Heavy-Duty Boots|[from] move: Knock Off|[of] p2a: Okidogi\n|\n|upkeep\n|turn|5\n|\n|t:|1781397886\n|move|p2a: Okidogi|High Horsepower|p1a: Volcanion\n|-supereffective|p1a: Volcanion\n|-damage|p1a: Volcanion|65/256\n|-status|p1a: Volcanion|tox|[from] ability: Toxic Chain|[of] p2a: Okidogi\n|move|p1a: Volcanion|Steam Eruption|p2a: Okidogi\n|-damage|p2a: Okidogi|166/262\n|-status|p2a: Okidogi|brn\n|\n|-damage|p1a: Volcanion|49/256 tox|[from] psn\n|-damage|p2a: Okidogi|150/262 brn|[from] brn\n|upkeep\n|turn|6\n|\n|t:|1781397906\n|move|p2a: Okidogi|Drain Punch|p1a: Volcanion\n|-damage|p1a: Volcanion|17/256 tox\n|-heal|p2a: Okidogi|166/262 brn|[from] drain|[of] p1a: Volcanion\n|move|p1a: Volcanion|Earth Power|p2a: Okidogi\n|-supereffective|p2a: Okidogi\n|-damage|p2a: Okidogi|64/262 brn\n|\n|-damage|p1a: Volcanion|0 fnt|[from] psn\n|faint|p1a: Volcanion\n|-damage|p2a: Okidogi|48/262 brn|[from] brn\n|upkeep\n|\n|t:|1781397908\n|switch|p1a: Espeon|Espeon, L84, M|246/246\n|turn|7\n|\n|t:|1781397929\n|move|p1a: Espeon|Alluring Voice|p2a: Okidogi\n|-damage|p2a: Okidogi|0 fnt\n|faint|p2a: Okidogi\n|-damage|p1a: Espeon|222/246|[from] item: Life Orb\n|\n|upkeep\n|\n|t:|1781397932\n|switch|p2a: Mabosstiff|Mabosstiff, L86, F|278/278\n|turn|8\n|\n|t:|1781397934\n|switch|p1a: Umbreon|Umbreon, L84, M|269/297\n|move|p2a: Mabosstiff|Play Rough|p1a: Umbreon\n|-supereffective|p1a: Umbreon\n|-damage|p1a: Umbreon|17/297\n|\n|-heal|p1a: Umbreon|35/297|[from] item: Leftovers\n|upkeep\n|turn|9\n|\n|t:|1781397947\n|switch|p1a: Gengar|Gengar, L81, M|230/230\n|move|p2a: Mabosstiff|Play Rough|p1a: Gengar\n|-resisted|p1a: Gengar\n|-damage|p1a: Gengar|121/230\n|\n|upkeep\n|turn|10\n|inactive|Undertaker67 has 120 seconds left.\n|\n|t:|1781397981\n|switch|p2a: Mudsdale|Mudsdale, L83, M|302/302\n|move|p1a: Gengar|Sludge Wave|p2a: Mudsdale\n|-resisted|p2a: Mudsdale\n|-damage|p2a: Mudsdale|205/302\n|-status|p2a: Mudsdale|psn\n|-ability|p2a: Mudsdale|Stamina|boost\n|-boost|p2a: Mudsdale|def|1\n|\n|-heal|p2a: Mudsdale|223/302 psn|[from] item: Leftovers\n|-damage|p2a: Mudsdale|186/302 psn|[from] psn\n|upkeep\n|turn|11\n|\n|t:|1781398002\n|switch|p1a: Umbreon|Umbreon, L84, M|35/297\n|move|p2a: Mudsdale|Earthquake|p1a: Umbreon\n|-damage|p1a: Umbreon|0 fnt\n|faint|p1a: Umbreon\n|\n|-heal|p2a: Mudsdale|204/302 psn|[from] item: Leftovers\n|-damage|p2a: Mudsdale|167/302 psn|[from] psn\n|upkeep\n|\n|t:|1781398012\n|switch|p1a: Espeon|Espeon, L84, M|222/246\n|turn|12\n|\n|t:|1781398026\n|move|p1a: Espeon|Psychic|p2a: Mudsdale\n|-damage|p2a: Mudsdale|6/302 psn\n|-ability|p2a: Mudsdale|Stamina|boost\n|-boost|p2a: Mudsdale|def|1\n|-damage|p1a: Espeon|198/246|[from] item: Life Orb\n|move|p2a: Mudsdale|Earthquake|p1a: Espeon\n|-damage|p1a: Espeon|39/246\n|\n|-heal|p2a: Mudsdale|24/302 psn|[from] item: Leftovers\n|-damage|p2a: Mudsdale|0 fnt|[from] psn\n|faint|p2a: Mudsdale\n|upkeep\n|\n|t:|1781398030\n|switch|p2a: Mabosstiff|Mabosstiff, L86, F|278/278\n|turn|13\n|\n|t:|1781398040\n|move|p2a: Mabosstiff|Crunch|p1a: Espeon\n|-supereffective|p1a: Espeon\n|-damage|p1a: Espeon|0 fnt\n|faint|p1a: Espeon\n|\n|upkeep\n|\n|t:|1781398042\n|switch|p1a: Kleavor|Kleavor, L78, F|237/237\n|turn|14\n|\n|t:|1781398054\n|switch|p2a: Oricorio|Oricorio, L84, M|263/263\n|move|p1a: Kleavor|U-turn|p2a: Oricorio\n|-resisted|p2a: Oricorio\n|-damage|p2a: Oricorio|239/263\n|\n|t:|1781398066\n|switch|p1a: Darkrai|Darkrai, L77|234/234|[from] U-turn\n|\n|upkeep\n|turn|15\n|\n|t:|1781398076\n|move|p1a: Darkrai|Hypnosis|p2a: Oricorio|[miss]\n|-miss|p1a: Darkrai|p2a: Oricorio\n|move|p2a: Oricorio|Quiver Dance|p2a: Oricorio\n|-boost|p2a: Oricorio|spa|1\n|-boost|p2a: Oricorio|spd|1\n|-boost|p2a: Oricorio|spe|1\n|\n|upkeep\n|turn|16\n|\n|t:|1781398091\n|move|p2a: Oricorio|Revelation Dance|p1a: Darkrai\n|-crit|p1a: Darkrai\n|-damage|p1a: Darkrai|0 fnt\n|faint|p1a: Darkrai\n|\n|upkeep\n|\n|t:|1781398094\n|switch|p1a: Kleavor|Kleavor, L78, F|237/237\n|turn|17\n|-message|OGKUSHONDECK forfeited.\n|\n|win|Undertaker67\n", "uploadtime": 1781397820, "views": 3, "formatid": "gen9randombattle", "rating": null, "private": 0, "password": null}