{"id": "gen9randombattle-2631530200", "format": "[Gen 9] Random Battle", "players": ["JayClaw", "Nursey 29"], "log": "|j|\u2606JayClaw\n|j|\u2606Nursey 29\n|t:|1781397228\n|gametype|singles\n|player|p1|JayClaw|red|2083\n|player|p2|Nursey 29|lucas|2053\n|gen|9\n|tier|[Gen 9] Random Battle\n|rated|\n|rule|Species Clause: Limit one of each Pok\u00e9mon\n|rule|HP Percentage Mod: HP is shown in percentages\n|rule|Sleep Clause Mod: Limit one foe put to sleep\n|rule|Illusion Level Mod: Illusion disguises the Pok\u00e9mon's true level\n|\n|t:|1781397228\n|teamsize|p1|6\n|teamsize|p2|6\n|start\n|switch|p1a: Oricorio|Oricorio-Pom-Pom, L82, F|257/257\n|switch|p2a: Whiscash|Whiscash, L88, M|337/337\n|turn|1\n|\n|t:|1781397243\n|switch|p1a: Latias|Latias, L79, F|256/256\n|move|p2a: Whiscash|Stone Edge|p1a: Latias\n|-crit|p1a: Latias\n|-damage|p1a: Latias|123/256\n|-damage|p2a: Whiscash|304/337|[from] item: Life Orb\n|\n|upkeep\n|turn|2\n|\n|t:|1781397261\n|move|p1a: Latias|Recover|p1a: Latias\n|-heal|p1a: Latias|251/256\n|move|p2a: Whiscash|Dragon Dance|p2a: Whiscash\n|-boost|p2a: Whiscash|atk|1\n|-boost|p2a: Whiscash|spe|1\n|\n|upkeep\n|turn|3\n|\n|t:|1781397280\n|move|p2a: Whiscash|Stone Edge|p1a: Latias\n|-damage|p1a: Latias|118/256\n|-damage|p2a: Whiscash|271/337|[from] item: Life Orb\n|move|p1a: Latias|Psyshock|p2a: Whiscash\n|-damage|p2a: Whiscash|171/337\n|\n|upkeep\n|turn|4\n|\n|t:|1781397295\n|switch|p1a: Ambipom|Ambipom, L84, F|263/263\n|move|p2a: Whiscash|Stone Edge|p1a: Ambipom|[miss]\n|-miss|p2a: Whiscash|p1a: Ambipom\n|\n|upkeep\n|turn|5\n|\n|t:|1781397302\n|move|p1a: Ambipom|Fake Out|p2a: Whiscash\n|-damage|p2a: Whiscash|78/337\n|cant|p2a: Whiscash|flinch\n|\n|upkeep\n|turn|6\n|\n|t:|1781397308\n|move|p1a: Ambipom|Double-Edge|p2a: Whiscash\n|-damage|p2a: Whiscash|0 fnt\n|faint|p2a: Whiscash\n|-damage|p1a: Ambipom|237/263|[from] Recoil\n|\n|upkeep\n|\n|t:|1781397319\n|switch|p2a: Floatzel|Floatzel, L86, M|286/286\n|turn|7\n|\n|t:|1781397332\n|switch|p1a: Basculegion|Basculegion-F, L83, F|335/335\n|move|p2a: Floatzel|Bulk Up|p2a: Floatzel\n|-boost|p2a: Floatzel|atk|1\n|-boost|p2a: Floatzel|def|1\n|\n|upkeep\n|turn|8\n|\n|t:|1781397345\n|move|p2a: Floatzel|Wave Crash|p1a: Basculegion\n|-resisted|p1a: Basculegion\n|-damage|p1a: Basculegion|212/335\n|-damage|p2a: Floatzel|245/286|[from] Recoil\n|move|p1a: Basculegion|Shadow Ball|p2a: Floatzel\n|-damage|p2a: Floatzel|3/286\n|-unboost|p2a: Floatzel|spd|1\n|\n|-heal|p2a: Floatzel|20/286|[from] item: Leftovers\n|upkeep\n|turn|9\n|\n|t:|1781397361\n|switch|p2a: Raging Bolt|Raging Bolt, L78|323/323\n|move|p1a: Basculegion|Shadow Ball|p2a: Raging Bolt\n|-damage|p2a: Raging Bolt|207/323\n|\n|upkeep\n|turn|10\n|\n|t:|1781397372\n|switch|p1a: Rhyperior|Rhyperior, L82, M|323/323\n|move|p2a: Raging Bolt|Discharge|p1a: Rhyperior\n|-immune|p1a: Rhyperior\n|\n|upkeep\n|turn|11\n|\n|t:|1781397384\n|move|p2a: Raging Bolt|Draco Meteor|p1a: Rhyperior\n|-damage|p1a: Rhyperior|106/323\n|-unboost|p2a: Raging Bolt|spa|2\n|move|p1a: Rhyperior|Earthquake|p2a: Raging Bolt\n|-supereffective|p2a: Raging Bolt\n|-damage|p2a: Raging Bolt|0 fnt\n|faint|p2a: Raging Bolt\n|-end|p2a: Raging Bolt|Protosynthesis|[silent]\n|\n|upkeep\n|\n|t:|1781397393\n|switch|p2a: Deoxys|Deoxys-Attack, L72|191/191\n|-ability|p2a: Deoxys|Pressure\n|turn|12\n|\n|t:|1781397407\n|move|p2a: Deoxys|Psycho Boost|p1a: Rhyperior\n|-damage|p1a: Rhyperior|0 fnt\n|-unboost|p2a: Deoxys|spa|2\n|faint|p1a: Rhyperior\n|-damage|p2a: Deoxys|172/191|[from] item: Life Orb\n|\n|upkeep\n|\n|t:|1781397414\n|switch|p1a: Ambipom|Ambipom, L84, F|237/263\n|turn|13\n|\n|t:|1781397418\n|switch|p2a: Zapdos|Zapdos, L78|268/268\n|move|p1a: Ambipom|Fake Out|p2a: Zapdos\n|-damage|p2a: Zapdos|187/268\n|-status|p1a: Ambipom|par|[from] ability: Static|[of] p2a: Zapdos\n|\n|upkeep\n|turn|14\n|\n|t:|1781397426\n|switch|p1a: Latias|Latias, L79, F|118/256\n|move|p2a: Zapdos|Discharge|p1a: Latias\n|-resisted|p1a: Latias\n|-crit|p1a: Latias\n|-damage|p1a: Latias|64/256\n|\n|upkeep\n|turn|15\n|\n|t:|1781397434\n|move|p1a: Latias|Recover|p1a: Latias\n|-heal|p1a: Latias|192/256\n|move|p2a: Zapdos|Discharge|p1a: Latias\n|-resisted|p1a: Latias\n|-damage|p1a: Latias|156/256\n|\n|upkeep\n|turn|16\n|\n|t:|1781397440\n|move|p1a: Latias|Psyshock|p2a: Zapdos\n|-damage|p2a: Zapdos|70/268\n|move|p2a: Zapdos|Discharge|p1a: Latias\n|-resisted|p1a: Latias\n|-damage|p1a: Latias|120/256\n|\n|upkeep\n|turn|17\n|\n|t:|1781397447\n|move|p1a: Latias|Psyshock|p2a: Zapdos\n|-damage|p2a: Zapdos|0 fnt\n|faint|p2a: Zapdos\n|\n|upkeep\n|\n|t:|1781397451\n|switch|p2a: Deoxys|Deoxys-Attack, L72|172/191\n|-ability|p2a: Deoxys|Pressure\n|turn|18\n|\n|t:|1781397459\n|switch|p1a: Ambipom|Ambipom, L84, F|237/263 par\n|move|p2a: Deoxys|Knock Off|p1a: Ambipom\n|-damage|p1a: Ambipom|107/263 par\n|-enditem|p1a: Ambipom|Silk Scarf|[from] move: Knock Off|[of] p2a: Deoxys\n|-damage|p2a: Deoxys|153/191|[from] item: Life Orb\n|\n|upkeep\n|turn|19\n|\n|t:|1781397469\n|move|p1a: Ambipom|Fake Out|p2a: Deoxys\n|-damage|p2a: Deoxys|0 fnt\n|faint|p2a: Deoxys\n|\n|upkeep\n|\n|t:|1781397474\n|switch|p2a: Floatzel|Floatzel, L86, M|20/286\n|turn|20\n|\n|t:|1781397481\n|switch|p1a: Basculegion|Basculegion-F, L83, F|212/335\n|move|p2a: Floatzel|Wave Crash|p1a: Basculegion\n|-resisted|p1a: Basculegion\n|-crit|p1a: Basculegion\n|-damage|p1a: Basculegion|80/335\n|-damage|p2a: Floatzel|0 fnt|[from] Recoil\n|faint|p2a: Floatzel\n|\n|upkeep\n|\n|t:|1781397489\n|switch|p2a: Entei|Entei, L78|307/307\n|turn|21\n|\n|t:|1781397500\n|move|p2a: Entei|Flare Blitz|p1a: Basculegion\n|-resisted|p1a: Basculegion\n|-damage|p1a: Basculegion|0 fnt\n|faint|p1a: Basculegion\n|-damage|p2a: Entei|281/307|[from] Recoil\n|\n|upkeep\n|\n|t:|1781397505\n|switch|p1a: Ambipom|Ambipom, L84, F|107/263 par\n|turn|22\n|\n|t:|1781397508\n|move|p1a: Ambipom|Fake Out|p2a: Entei\n|-damage|p2a: Entei|211/307\n|move|p2a: Entei|Flare Blitz|p1a: Ambipom\n|-damage|p1a: Ambipom|0 fnt\n|faint|p1a: Ambipom\n|-damage|p2a: Entei|176/307|[from] Recoil\n|\n|upkeep\n|\n|t:|1781397515\n|switch|p1a: Oricorio|Oricorio-Pom-Pom, L82, F|257/257\n|turn|23\n|\n|t:|1781397522\n|move|p2a: Entei|Flare Blitz|p1a: Oricorio\n|-damage|p1a: Oricorio|41/257\n|-damage|p2a: Entei|105/307|[from] Recoil\n|move|p1a: Oricorio|Quiver Dance|p1a: Oricorio\n|-boost|p1a: Oricorio|spa|1\n|-boost|p1a: Oricorio|spd|1\n|-boost|p1a: Oricorio|spe|1\n|\n|upkeep\n|turn|24\n|\n|t:|1781397531\n|move|p1a: Oricorio|Revelation Dance|p2a: Entei\n|-damage|p2a: Entei|0 fnt\n|faint|p2a: Entei\n|\n|win|JayClaw\n", "uploadtime": 1781397231, "views": 3, "formatid": "gen9randombattle", "rating": null, "private": 0, "password": null}