{"id": "gen9randombattle-2631723838", "format": "[Gen 9] Random Battle", "players": ["Aminator3000", "ItchinnBurnin"], "log": "|j|\u2606Aminator3000\n|j|\u2606ItchinnBurnin\n|t:|1781428875\n|gametype|singles\n|player|p1|Aminator3000|veteran|1916\n|player|p2|ItchinnBurnin|1|1920\n|gen|9\n|tier|[Gen 9] Random Battle\n|rated|\n|rule|Species Clause: Limit one of each Pok\u00e9mon\n|rule|HP Percentage Mod: HP is shown in percentages\n|rule|Sleep Clause Mod: Limit one foe put to sleep\n|rule|Illusion Level Mod: Illusion disguises the Pok\u00e9mon's true level\n|\n|t:|1781428875\n|teamsize|p1|6\n|teamsize|p2|6\n|start\n|switch|p1a: Armarouge|Armarouge, L80, M|267/267\n|switch|p2a: Chimecho|Chimecho, L93, M|290/290\n|turn|1\n|inactive|Battle timer is ON: inactive players will automatically lose when time's up. (requested by Aminator3000)\n|\n|t:|1781428902\n|switch|p1a: Yanmega|Yanmega, L82, F|275/275\n|move|p2a: Chimecho|Thunder Wave|p1a: Yanmega\n|-status|p1a: Yanmega|par\n|\n|upkeep\n|turn|2\n|\n|t:|1781428909\n|switch|p2a: Chansey|Chansey, L85, F|564/564\n|move|p1a: Yanmega|Bug Buzz|p2a: Chansey\n|-damage|p2a: Chansey|503/564\n|\n|-ability|p1a: Yanmega|Speed Boost|boost\n|-boost|p1a: Yanmega|spe|1\n|upkeep\n|turn|3\n|\n|t:|1781428919\n|switch|p1a: Toxicroak|Toxicroak, L84, F|277/277\n|move|p2a: Chansey|Stealth Rock|p1a: Toxicroak\n|-sidestart|p1: Aminator3000|move: Stealth Rock\n|\n|upkeep\n|turn|4\n|\n|t:|1781428926\n|switch|p2a: Mightyena|Mightyena, L96, F|290/290\n|-ability|p2a: Mightyena|Intimidate|boost\n|-unboost|p1a: Toxicroak|atk|1\n|move|p1a: Toxicroak|Knock Off|p2a: Mightyena\n|-resisted|p2a: Mightyena\n|-damage|p2a: Mightyena|255/290\n|-enditem|p2a: Mightyena|Assault Vest|[from] move: Knock Off|[of] p1a: Toxicroak\n|\n|upkeep\n|turn|5\n|\n|t:|1781428947\n|switch|p1a: Yanmega|Yanmega, L82, F|275/275 par\n|switch|p2a: Chimecho|Chimecho, L93, M|290/290\n|\n|upkeep\n|turn|6\n|\n|t:|1781428958\n|switch|p2a: Chansey|Chansey, L85, F|503/564\n|switch|p1a: Tatsugiri|Tatsugiri, L87, F|260/260\n|\n|upkeep\n|turn|7\n|\n|t:|1781428966\n|move|p1a: Tatsugiri|Rapid Spin|p2a: Chansey\n|-damage|p2a: Chansey|449/564\n|-boost|p1a: Tatsugiri|spe|1\n|-sideend|p1: Aminator3000|Stealth Rock|[from] move: Rapid Spin|[of] p1a: Tatsugiri\n|move|p2a: Chansey|Thunder Wave|p1a: Tatsugiri\n|-status|p1a: Tatsugiri|par\n|\n|upkeep\n|turn|8\n|\n|t:|1781428974\n|switch|p1a: Toxicroak|Toxicroak, L84, F|277/277\n|move|p2a: Chansey|Stealth Rock|p1a: Toxicroak\n|-sidestart|p1: Aminator3000|move: Stealth Rock\n|\n|upkeep\n|turn|9\n|\n|t:|1781428981\n|switch|p2a: Chimecho|Chimecho, L93, M|290/290\n|move|p1a: Toxicroak|Close Combat|p2a: Chimecho\n|-resisted|p2a: Chimecho\n|-damage|p2a: Chimecho|191/290\n|-unboost|p1a: Toxicroak|def|1\n|-unboost|p1a: Toxicroak|spd|1\n|\n|-heal|p2a: Chimecho|209/290|[from] item: Leftovers\n|upkeep\n|turn|10\n|\n|t:|1781428994\n|switch|p1a: Tatsugiri|Tatsugiri, L87, F|260/260 par\n|move|p2a: Chimecho|Psychic Noise|p1a: Tatsugiri\n|-damage|p1a: Tatsugiri|176/260 par\n|-start|p1a: Tatsugiri|move: Heal Block\n|\n|-heal|p2a: Chimecho|227/290|[from] item: Leftovers\n|upkeep\n|turn|11\n|\n|t:|1781429004\n|switch|p2a: Chansey|Chansey, L85, F|449/564\n|move|p1a: Tatsugiri|Rapid Spin|p2a: Chansey\n|-damage|p2a: Chansey|395/564\n|-boost|p1a: Tatsugiri|spe|1\n|-sideend|p1: Aminator3000|Stealth Rock|[from] move: Rapid Spin|[of] p1a: Tatsugiri\n|\n|-end|p1a: Tatsugiri|move: Heal Block\n|upkeep\n|turn|12\n|\n|t:|1781429015\n|switch|p2a: Chimecho|Chimecho, L93, M|227/290\n|move|p1a: Tatsugiri|Rapid Spin|p2a: Chimecho\n|-damage|p2a: Chimecho|205/290\n|-boost|p1a: Tatsugiri|spe|1\n|\n|-heal|p2a: Chimecho|223/290|[from] item: Leftovers\n|upkeep\n|turn|13\n|\n|t:|1781429024\n|cant|p1a: Tatsugiri|par\n|move|p2a: Chimecho|Recover|p2a: Chimecho\n|-heal|p2a: Chimecho|290/290\n|\n|upkeep\n|turn|14\n|\n|t:|1781429030\n|move|p1a: Tatsugiri|Nasty Plot|p1a: Tatsugiri\n|-boost|p1a: Tatsugiri|spa|2\n|move|p2a: Chimecho|Psychic Noise|p1a: Tatsugiri\n|-damage|p1a: Tatsugiri|89/260 par\n|-start|p1a: Tatsugiri|move: Heal Block\n|\n|upkeep\n|turn|15\n|\n|t:|1781429040\n|switch|p1a: Toxicroak|Toxicroak, L84, F|277/277\n|move|p2a: Chimecho|Psychic Noise|p1a: Toxicroak\n|-supereffective|p1a: Toxicroak\n|-damage|p1a: Toxicroak|0 fnt\n|faint|p1a: Toxicroak\n|\n|upkeep\n|-message|Aminator3000 forfeited.\n|\n|win|ItchinnBurnin\n", "uploadtime": 1781428877, "views": 3, "formatid": "gen9randombattle", "rating": null, "private": 0, "password": null}