{"id": "gen9randombattle-2631691318", "format": "[Gen 9] Random Battle", "players": ["warhammer1929", "Bace"], "log": "|j|\u2606warhammer1929\n|j|\u2606Bace\n|t:|1781422652\n|gametype|singles\n|player|p1|warhammer1929|ghetsis|1351\n|player|p2|Bace|102|1358\n|gen|9\n|tier|[Gen 9] Random Battle\n|rated|\n|rule|Species Clause: Limit one of each Pok\u00e9mon\n|rule|HP Percentage Mod: HP is shown in percentages\n|rule|Sleep Clause Mod: Limit one foe put to sleep\n|rule|Illusion Level Mod: Illusion disguises the Pok\u00e9mon's true level\n|\n|t:|1781422652\n|teamsize|p1|6\n|teamsize|p2|6\n|start\n|switch|p1a: Houndstone|Houndstone, L86, M|264/264\n|switch|p2a: Darkrai|Darkrai, L77|234/234\n|turn|1\n|\n|t:|1781422665\n|move|p2a: Darkrai|Substitute|p2a: Darkrai\n|-start|p2a: Darkrai|Substitute\n|-damage|p2a: Darkrai|176/234\n|move|p1a: Houndstone|Trick||[still]\n|-fail|p1a: Houndstone\n|\n|-heal|p2a: Darkrai|190/234|[from] item: Leftovers\n|upkeep\n|turn|2\n|\n|t:|1781422686\n|switch|p1a: Barraskewda|Barraskewda, L81, M|231/231\n|move|p2a: Darkrai|Nasty Plot|p2a: Darkrai\n|-boost|p2a: Darkrai|spa|2\n|\n|-heal|p2a: Darkrai|204/234|[from] item: Leftovers\n|upkeep\n|turn|3\n|\n|t:|1781422696\n|move|p1a: Barraskewda|Waterfall|p2a: Darkrai\n|-end|p2a: Darkrai|Substitute\n|move|p2a: Darkrai|Dark Pulse|p1a: Barraskewda\n|-damage|p1a: Barraskewda|0 fnt\n|faint|p1a: Barraskewda\n|\n|-heal|p2a: Darkrai|218/234|[from] item: Leftovers\n|upkeep\n|\n|t:|1781422711\n|switch|p1a: Umbreon|Umbreon, L84, F|297/297\n|turn|4\n|\n|t:|1781422716\n|move|p2a: Darkrai|Substitute|p2a: Darkrai\n|-start|p2a: Darkrai|Substitute\n|-damage|p2a: Darkrai|160/234\n|move|p1a: Umbreon|Toxic||[still]\n|-fail|p1a: Umbreon\n|\n|-heal|p2a: Darkrai|174/234|[from] item: Leftovers\n|upkeep\n|turn|5\n|inactive|Battle timer is ON: inactive players will automatically lose when time's up. (requested by Bace)\n|\n|t:|1781422726\n|move|p2a: Darkrai|Sludge Bomb|p1a: Umbreon\n|-damage|p1a: Umbreon|191/297\n|move|p1a: Umbreon|Foul Play|p2a: Darkrai\n|-resisted|p2a: Darkrai\n|-activate|p2a: Darkrai|move: Substitute|[damage]\n|\n|-heal|p2a: Darkrai|188/234|[from] item: Leftovers\n|-heal|p1a: Umbreon|209/297|[from] item: Leftovers\n|upkeep\n|turn|6\n|\n|t:|1781422736\n|move|p2a: Darkrai|Nasty Plot|p2a: Darkrai\n|-boost|p2a: Darkrai|spa|2\n|move|p1a: Umbreon|Wish|p1a: Umbreon\n|\n|-heal|p2a: Darkrai|202/234|[from] item: Leftovers\n|-heal|p1a: Umbreon|227/297|[from] item: Leftovers\n|upkeep\n|turn|7\n|\n|t:|1781422744\n|move|p2a: Darkrai|Nasty Plot|p2a: Darkrai\n|-boost|p2a: Darkrai|spa|2\n|move|p1a: Umbreon|Foul Play|p2a: Darkrai\n|-resisted|p2a: Darkrai\n|-crit|p2a: Darkrai\n|-end|p2a: Darkrai|Substitute\n|\n|-heal|p1a: Umbreon|297/297|[from] move: Wish|[wisher] Umbreon\n|-heal|p2a: Darkrai|216/234|[from] item: Leftovers\n|upkeep\n|turn|8\n|\n|t:|1781422765\n|move|p2a: Darkrai|Substitute|p2a: Darkrai\n|-start|p2a: Darkrai|Substitute\n|-damage|p2a: Darkrai|158/234\n|move|p1a: Umbreon|Toxic||[still]\n|-fail|p1a: Umbreon\n|\n|-heal|p2a: Darkrai|172/234|[from] item: Leftovers\n|upkeep\n|turn|9\n|\n|t:|1781422774\n|move|p2a: Darkrai|Sludge Bomb|p1a: Umbreon\n|-damage|p1a: Umbreon|96/297\n|-status|p1a: Umbreon|psn\n|-activate|p1a: Umbreon|ability: Synchronize\n|-status|p2a: Darkrai|psn\n|move|p1a: Umbreon|Foul Play|p2a: Darkrai\n|-resisted|p2a: Darkrai\n|-activate|p2a: Darkrai|move: Substitute|[damage]\n|\n|-heal|p2a: Darkrai|186/234 psn|[from] item: Leftovers\n|-heal|p1a: Umbreon|114/297 psn|[from] item: Leftovers\n|-damage|p2a: Darkrai|157/234 psn|[from] psn\n|-damage|p1a: Umbreon|77/297 psn|[from] psn\n|upkeep\n|turn|10\n|\n|t:|1781422789\n|move|p2a: Darkrai|Sludge Bomb|p1a: Umbreon\n|-damage|p1a: Umbreon|0 fnt\n|faint|p1a: Umbreon\n|\n|-heal|p2a: Darkrai|171/234 psn|[from] item: Leftovers\n|-damage|p2a: Darkrai|142/234 psn|[from] psn\n|upkeep\n|\n|t:|1781422805\n|switch|p1a: Blastoise|Blastoise, L80, F|258/258\n|turn|11\n|\n|t:|1781422810\n|move|p2a: Darkrai|Dark Pulse|p1a: Blastoise\n|-damage|p1a: Blastoise|0 fnt\n|faint|p1a: Blastoise\n|\n|-heal|p2a: Darkrai|156/234 psn|[from] item: Leftovers\n|-damage|p2a: Darkrai|127/234 psn|[from] psn\n|upkeep\n|-message|warhammer1929 forfeited.\n|\n|win|Bace\n|raw|warhammer1929's rating: 1351 &rarr; <strong>1331</strong><br />(-20 for losing)\n|raw|Bace's rating: 1358 &rarr; <strong>1378</strong><br />(+20 for winning)\n|l|\u2606warhammer1929\n|player|p1|\n", "uploadtime": 1781422821, "views": 2, "formatid": "gen9randombattle", "rating": 1331, "private": 0, "password": null}