{"id": "gen9randombattle-2631824828", "format": "[Gen 9] Random Battle", "players": ["Person100000", "Lord Stantler"], "log": "|j|\u2606Person100000\n|j|\u2606Lord Stantler\n|t:|1781444887\n|gametype|singles\n|player|p1|Person100000|169|1864\n|player|p2|Lord Stantler|169|1961\n|gen|9\n|tier|[Gen 9] Random Battle\n|rated|\n|rule|Species Clause: Limit one of each Pok\u00e9mon\n|rule|HP Percentage Mod: HP is shown in percentages\n|rule|Sleep Clause Mod: Limit one foe put to sleep\n|rule|Illusion Level Mod: Illusion disguises the Pok\u00e9mon's true level\n|\n|t:|1781444887\n|teamsize|p1|6\n|teamsize|p2|6\n|start\n|switch|p1a: Magearna|Magearna, L77|250/250\n|switch|p2a: Tatsugiri|Tatsugiri, L87, M|260/260\n|turn|1\n|inactive|Battle timer is ON: inactive players will automatically lose when time's up. (requested by Lord Stantler)\n|inactive|Person100000 also wants the timer to be on.\n|\n|t:|1781444902\n|switch|p2a: Ninetales|Ninetales, L85, F|263/263\n|-weather|SunnyDay|[from] ability: Drought|[of] p2a: Ninetales\n|move|p1a: Magearna|Shift Gear|p1a: Magearna\n|-boost|p1a: Magearna|spe|2\n|-boost|p1a: Magearna|atk|1\n|\n|-weather|SunnyDay|[upkeep]\n|upkeep\n|turn|2\n|\n|t:|1781444909\n|-terastallize|p1a: Magearna|Ground\n|move|p1a: Magearna|Tera Blast|p2a: Ninetales|[anim] Tera Blast Ground\n|-supereffective|p2a: Ninetales\n|-damage|p2a: Ninetales|17/263\n|move|p2a: Ninetales|Fire Blast|p1a: Magearna\n|-damage|p1a: Magearna|100/250\n|\n|-weather|SunnyDay|[upkeep]\n|upkeep\n|turn|3\n|\n|t:|1781444922\n|move|p1a: Magearna|Iron Head|p2a: Ninetales\n|-resisted|p2a: Ninetales\n|-damage|p2a: Ninetales|0 fnt\n|faint|p2a: Ninetales\n|-ability|p1a: Magearna|Soul-Heart|boost\n|-boost|p1a: Magearna|spa|1\n|\n|-weather|SunnyDay|[upkeep]\n|upkeep\n|\n|t:|1781444936\n|switch|p2a: Clefable|Clefable, L83, F|293/293\n|turn|4\n|\n|t:|1781444939\n|-terastallize|p2a: Clefable|Steel\n|move|p1a: Magearna|Iron Head|p2a: Clefable\n|-resisted|p2a: Clefable\n|-damage|p2a: Clefable|233/293\n|cant|p2a: Clefable|flinch\n|\n|-weather|SunnyDay|[upkeep]\n|upkeep\n|turn|5\n|\n|t:|1781444946\n|move|p1a: Magearna|Tera Blast|p2a: Clefable|[anim] Tera Blast Ground\n|-supereffective|p2a: Clefable\n|-damage|p2a: Clefable|0 fnt\n|faint|p2a: Clefable\n|-ability|p1a: Magearna|Soul-Heart|boost\n|-boost|p1a: Magearna|spa|1\n|\n|-weather|none\n|upkeep\n|\n|t:|1781444948\n|switch|p2a: Polteageist|Polteageist, L78|222/222\n|turn|6\n|\n|t:|1781444954\n|move|p1a: Magearna|Tera Blast|p2a: Polteageist|[anim] Tera Blast Ground\n|-damage|p2a: Polteageist|59/222\n|move|p2a: Polteageist|Strength Sap|p1a: Magearna\n|-unboost|p1a: Magearna|atk|1\n|-heal|p2a: Polteageist|222/222\n|\n|upkeep\n|turn|7\n|\n|t:|1781444961\n|move|p1a: Magearna|Tera Blast|p2a: Polteageist|[anim] Tera Blast Ground\n|-damage|p2a: Polteageist|54/222\n|-start|p1a: Magearna|Disable|Tera Blast|[from] ability: Cursed Body|[of] p2a: Polteageist\n|move|p2a: Polteageist|Shell Smash|p2a: Polteageist\n|-unboost|p2a: Polteageist|def|1\n|-unboost|p2a: Polteageist|spd|1\n|-boost|p2a: Polteageist|atk|2\n|-boost|p2a: Polteageist|spa|2\n|-boost|p2a: Polteageist|spe|2\n|-enditem|p2a: Polteageist|White Herb\n|-clearnegativeboost|p2a: Polteageist|[silent]\n|\n|upkeep\n|turn|8\n|\n|t:|1781444971\n|move|p2a: Polteageist|Strength Sap|p1a: Magearna\n|-unboost|p1a: Magearna|atk|1\n|-heal|p2a: Polteageist|222/222\n|move|p1a: Magearna|Fleur Cannon|p2a: Polteageist\n|-damage|p2a: Polteageist|0 fnt\n|-unboost|p1a: Magearna|spa|2\n|faint|p2a: Polteageist\n|-ability|p1a: Magearna|Soul-Heart|boost\n|-boost|p1a: Magearna|spa|1\n|\n|upkeep\n|\n|t:|1781444978\n|switch|p2a: Emboar|Emboar, L84, F|322/322\n|turn|9\n|\n|t:|1781444980\n|move|p1a: Magearna|Fleur Cannon|p2a: Emboar|[miss]\n|-miss|p1a: Magearna|p2a: Emboar\n|move|p2a: Emboar|Flare Blitz|p1a: Magearna\n|-damage|p1a: Magearna|0 fnt\n|faint|p1a: Magearna\n|-damage|p2a: Emboar|289/322|[from] Recoil\n|\n|upkeep\n|\n|t:|1781444984\n|switch|p1a: Politoed|Politoed, L88, M|302/302\n|-weather|RainDance|[from] ability: Drizzle|[of] p1a: Politoed\n|turn|10\n|\n|t:|1781444994\n|switch|p1a: Scovillain|Scovillain, L91, M|266/266\n|switch|p2a: Tatsugiri|Tatsugiri, L87, M|260/260\n|\n|-weather|RainDance|[upkeep]\n|upkeep\n|turn|11\n|\n|t:|1781445004\n|move|p1a: Scovillain|Energy Ball|p2a: Tatsugiri\n|-damage|p2a: Tatsugiri|158/260\n|move|p2a: Tatsugiri|Nasty Plot|p2a: Tatsugiri\n|-boost|p2a: Tatsugiri|spa|2\n|\n|-weather|RainDance|[upkeep]\n|upkeep\n|turn|12\n|\n|t:|1781445014\n|switch|p1a: Munkidori|Munkidori, L79, M|269/269\n|move|p2a: Tatsugiri|Rapid Spin|p1a: Munkidori\n|-damage|p1a: Munkidori|235/269\n|-boost|p2a: Tatsugiri|spe|1\n|\n|-weather|RainDance|[upkeep]\n|upkeep\n|turn|13\n|\n|t:|1781445018\n|move|p1a: Munkidori|Fake Out|p2a: Tatsugiri\n|-damage|p2a: Tatsugiri|131/260\n|-status|p2a: Tatsugiri|tox|[from] ability: Toxic Chain|[of] p1a: Munkidori\n|cant|p2a: Tatsugiri|flinch\n|\n|-weather|RainDance|[upkeep]\n|-damage|p2a: Tatsugiri|115/260 tox|[from] psn\n|upkeep\n|turn|14\n|\n|t:|1781445022\n|move|p2a: Tatsugiri|Surf|p1a: Munkidori\n|-damage|p1a: Munkidori|0 fnt\n|faint|p1a: Munkidori\n|\n|-weather|none\n|-damage|p2a: Tatsugiri|83/260 tox|[from] psn\n|upkeep\n|\n|t:|1781445026\n|switch|p1a: Scovillain|Scovillain, L91, M|266/266\n|turn|15\n|\n|t:|1781445033\n|move|p2a: Tatsugiri|Surf|p1a: Scovillain\n|-damage|p1a: Scovillain|0 fnt\n|faint|p1a: Scovillain\n|\n|-damage|p2a: Tatsugiri|35/260 tox|[from] psn\n|upkeep\n|\n|t:|1781445039\n|switch|p1a: Rhydon|Rhydon, L85, M|317/317\n|turn|16\n|\n|t:|1781445043\n|move|p2a: Tatsugiri|Draco Meteor|p1a: Rhydon\n|-damage|p1a: Rhydon|0 fnt\n|-unboost|p2a: Tatsugiri|spa|2\n|faint|p1a: Rhydon\n|\n|-damage|p2a: Tatsugiri|0 fnt|[from] psn\n|faint|p2a: Tatsugiri\n|upkeep\n|\n|t:|1781445049\n|switch|p2a: Spidops|Spidops, L96, M|271/271\n|switch|p1a: Crabominable|Crabominable, L90, F|321/321\n|turn|17\n|\n|t:|1781445053\n|move|p1a: Crabominable|Ice Hammer|p2a: Spidops\n|-damage|p2a: Spidops|27/271\n|-unboost|p1a: Crabominable|spe|1\n|move|p2a: Spidops|Sticky Web|p1a: Crabominable\n|-sidestart|p1: Person100000|move: Sticky Web\n|\n|upkeep\n|turn|18\n|\n|t:|1781445059\n|switch|p1a: Politoed|Politoed, L88, M|302/302\n|-activate|p1a: Politoed|move: Sticky Web\n|-unboost|p1a: Politoed|spe|1\n|-weather|RainDance|[from] ability: Drizzle|[of] p1a: Politoed\n|move|p2a: Spidops|Spikes|p1a: Politoed\n|-sidestart|p1: Person100000|Spikes\n|\n|-weather|RainDance|[upkeep]\n|upkeep\n|turn|19\n|\n|t:|1781445063\n|move|p2a: Spidops|Knock Off|p1a: Politoed\n|-damage|p1a: Politoed|222/302\n|-enditem|p1a: Politoed|Chesto Berry|[from] move: Knock Off|[of] p2a: Spidops\n|move|p1a: Politoed|Haze|p1a: Politoed\n|-clearallboost\n|\n|-weather|RainDance|[upkeep]\n|upkeep\n|turn|20\n|\n|t:|1781445070\n|move|p1a: Politoed|Ice Beam|p2a: Spidops\n|-damage|p2a: Spidops|0 fnt\n|faint|p2a: Spidops\n|\n|-weather|RainDance|[upkeep]\n|upkeep\n|\n|t:|1781445072\n|switch|p2a: Emboar|Emboar, L84, F|289/322\n|turn|21\n|\n|t:|1781445075\n|move|p1a: Politoed|Hydro Pump|p2a: Emboar\n|-supereffective|p2a: Emboar\n|-damage|p2a: Emboar|0 fnt\n|faint|p2a: Emboar\n|\n|win|Person100000\n|raw|Person100000's rating: 1864 &rarr; <strong>1889</strong><br />(+25 for winning)\n|raw|Lord Stantler's rating: 1961 &rarr; <strong>1936</strong><br />(-25 for losing)\n", "uploadtime": 1781445075, "views": 2, "formatid": "gen9randombattle", "rating": 1889, "private": 0, "password": null}