{"id": "gen9randombattle-2631771378", "format": "[Gen 9] Random Battle", "players": ["pagenfranskane", "randopractician"], "log": "|j|\u2606pagenfranskane\n|j|\u2606randopractician\n|t:|1781437123\n|gametype|singles\n|player|p1|pagenfranskane|battlegirl|2001\n|player|p2|randopractician|101|1935\n|gen|9\n|tier|[Gen 9] Random Battle\n|rated|\n|rule|Species Clause: Limit one of each Pok\u00e9mon\n|rule|HP Percentage Mod: HP is shown in percentages\n|rule|Sleep Clause Mod: Limit one foe put to sleep\n|rule|Illusion Level Mod: Illusion disguises the Pok\u00e9mon's true level\n|\n|t:|1781437123\n|teamsize|p1|6\n|teamsize|p2|6\n|start\n|switch|p1a: Keldeo|Keldeo-Resolute, L79|273/273\n|switch|p2a: Iron Bundle|Iron Bundle, L78|215/215\n|turn|1\n|\n|t:|1781437144\n|move|p1a: Keldeo|Vacuum Wave|p2a: Iron Bundle\n|-supereffective|p2a: Iron Bundle\n|-damage|p2a: Iron Bundle|17/215\n|move|p2a: Iron Bundle|Freeze-Dry|p1a: Keldeo\n|-supereffective|p1a: Keldeo\n|-damage|p1a: Keldeo|33/273\n|\n|upkeep\n|turn|2\n|inactive|Battle timer is ON: inactive players will automatically lose when time's up. (requested by randopractician)\n|\n|t:|1781437157\n|move|p1a: Keldeo|Vacuum Wave|p2a: Iron Bundle\n|-supereffective|p2a: Iron Bundle\n|-damage|p2a: Iron Bundle|0 fnt\n|faint|p2a: Iron Bundle\n|-end|p2a: Iron Bundle|Quark Drive|[silent]\n|\n|upkeep\n|\n|t:|1781437162\n|switch|p2a: Hawlucha|Hawlucha, L80, F|256/256\n|turn|3\n|\n|t:|1781437169\n|switch|p1a: Miraidon|Miraidon, L65|238/238\n|-fieldstart|move: Electric Terrain|[from] ability: Hadron Engine|[of] p1a: Miraidon\n|move|p2a: Hawlucha|Brave Bird|p1a: Miraidon\n|-resisted|p1a: Miraidon\n|-crit|p1a: Miraidon\n|-damage|p1a: Miraidon|148/238\n|-damage|p2a: Hawlucha|226/256|[from] Recoil\n|\n|upkeep\n|turn|4\n|\n|t:|1781437177\n|switch|p2a: Iron Treads|Iron Treads, L77|265/265\n|-activate|p2a: Iron Treads|ability: Quark Drive\n|-start|p2a: Iron Treads|quarkdrivedef\n|move|p1a: Miraidon|Volt Switch|p2a: Iron Treads\n|-immune|p2a: Iron Treads\n|\n|upkeep\n|turn|5\n|\n|t:|1781437190\n|switch|p1a: Barraskewda|Barraskewda, L81, F|231/231\n|move|p2a: Iron Treads|Earthquake|p1a: Barraskewda\n|-damage|p1a: Barraskewda|90/231\n|\n|upkeep\n|turn|6\n|\n|t:|1781437204\n|move|p1a: Barraskewda|Flip Turn|p2a: Iron Treads\n|-supereffective|p2a: Iron Treads\n|-damage|p2a: Iron Treads|119/265\n|\n|t:|1781437215\n|switch|p1a: Keldeo|Keldeo-Resolute, L79|33/273|[from] Flip Turn\n|move|p2a: Iron Treads|Rapid Spin|p1a: Keldeo\n|-damage|p1a: Keldeo|0 fnt\n|-boost|p2a: Iron Treads|spe|1\n|faint|p1a: Keldeo\n|\n|-heal|p2a: Iron Treads|135/265|[from] item: Leftovers\n|upkeep\n|\n|t:|1781437221\n|switch|p1a: Torkoal|Torkoal, L88, F|266/266\n|-weather|SunnyDay|[from] ability: Drought|[of] p1a: Torkoal\n|turn|7\n|\n|t:|1781437230\n|move|p2a: Iron Treads|Stealth Rock|p1a: Torkoal\n|-sidestart|p1: pagenfranskane|move: Stealth Rock\n|move|p1a: Torkoal|Lava Plume|p2a: Iron Treads\n|-supereffective|p2a: Iron Treads\n|-damage|p2a: Iron Treads|0 fnt\n|faint|p2a: Iron Treads\n|-end|p2a: Iron Treads|Quark Drive|[silent]\n|\n|-weather|SunnyDay|[upkeep]\n|-fieldend|move: Electric Terrain\n|upkeep\n|\n|t:|1781437237\n|switch|p2a: Regigigas|Regigigas, L84|322/322\n|-start|p2a: Regigigas|ability: Slow Start\n|turn|8\n|\n|t:|1781437249\n|move|p2a: Regigigas|Substitute|p2a: Regigigas\n|-start|p2a: Regigigas|Substitute\n|-damage|p2a: Regigigas|242/322\n|move|p1a: Torkoal|Lava Plume|p2a: Regigigas\n|-end|p2a: Regigigas|Substitute\n|\n|-weather|SunnyDay|[upkeep]\n|-heal|p2a: Regigigas|262/322|[from] item: Leftovers\n|upkeep\n|turn|9\n|\n|t:|1781437253\n|move|p2a: Regigigas|Substitute|p2a: Regigigas\n|-start|p2a: Regigigas|Substitute\n|-damage|p2a: Regigigas|182/322\n|move|p1a: Torkoal|Stealth Rock|p2a: Regigigas\n|-sidestart|p2: randopractician|move: Stealth Rock\n|\n|-weather|SunnyDay|[upkeep]\n|-heal|p2a: Regigigas|202/322|[from] item: Leftovers\n|upkeep\n|turn|10\n|\n|t:|1781437258\n|move|p2a: Regigigas|Protect|p2a: Regigigas\n|-singleturn|p2a: Regigigas|Protect\n|move|p1a: Torkoal|Lava Plume|p2a: Regigigas\n|-activate|p2a: Regigigas|move: Protect\n|\n|-weather|SunnyDay|[upkeep]\n|-heal|p2a: Regigigas|222/322|[from] item: Leftovers\n|upkeep\n|turn|11\n|\n|t:|1781437267\n|move|p2a: Regigigas|Body Slam|p1a: Torkoal\n|-damage|p1a: Torkoal|218/266\n|move|p1a: Torkoal|Lava Plume|p2a: Regigigas\n|-end|p2a: Regigigas|Substitute\n|\n|-weather|none\n|-heal|p2a: Regigigas|242/322|[from] item: Leftovers\n|upkeep\n|turn|12\n|\n|t:|1781437273\n|move|p2a: Regigigas|Substitute|p2a: Regigigas\n|-start|p2a: Regigigas|Substitute\n|-damage|p2a: Regigigas|162/322\n|move|p1a: Torkoal|Lava Plume|p2a: Regigigas\n|-activate|p2a: Regigigas|move: Substitute|[damage]\n|\n|-heal|p2a: Regigigas|182/322|[from] item: Leftovers\n|-end|p2a: Regigigas|Slow Start\n|upkeep\n|turn|13\n|\n|t:|1781437276\n|move|p2a: Regigigas|Body Slam|p1a: Torkoal\n|-damage|p1a: Torkoal|136/266\n|-status|p1a: Torkoal|par\n|move|p1a: Torkoal|Lava Plume|p2a: Regigigas\n|-end|p2a: Regigigas|Substitute\n|\n|-heal|p2a: Regigigas|202/322|[from] item: Leftovers\n|upkeep\n|turn|14\n|\n|t:|1781437281\n|move|p2a: Regigigas|Substitute|p2a: Regigigas\n|-start|p2a: Regigigas|Substitute\n|-damage|p2a: Regigigas|122/322\n|cant|p1a: Torkoal|par\n|\n|-heal|p2a: Regigigas|142/322|[from] item: Leftovers\n|upkeep\n|turn|15\n|\n|t:|1781437284\n|move|p2a: Regigigas|Knock Off|p1a: Torkoal\n|-damage|p1a: Torkoal|62/266 par\n|-enditem|p1a: Torkoal|Heavy-Duty Boots|[from] move: Knock Off|[of] p2a: Regigigas\n|move|p1a: Torkoal|Lava Plume|p2a: Regigigas\n|-activate|p2a: Regigigas|move: Substitute|[damage]\n|\n|-heal|p2a: Regigigas|162/322|[from] item: Leftovers\n|upkeep\n|turn|16\n|\n|t:|1781437288\n|move|p2a: Regigigas|Body Slam|p1a: Torkoal\n|-damage|p1a: Torkoal|0 fnt\n|faint|p1a: Torkoal\n|\n|-heal|p2a: Regigigas|182/322|[from] item: Leftovers\n|upkeep\n|\n|t:|1781437290\n|switch|p1a: Barraskewda|Barraskewda, L81, F|90/231\n|-damage|p1a: Barraskewda|62/231|[from] Stealth Rock\n|turn|17\n|\n|t:|1781437295\n|move|p2a: Regigigas|Protect|p2a: Regigigas\n|-singleturn|p2a: Regigigas|Protect\n|move|p1a: Barraskewda|Waterfall|p2a: Regigigas\n|-activate|p2a: Regigigas|move: Protect\n|\n|-heal|p2a: Regigigas|202/322|[from] item: Leftovers\n|upkeep\n|turn|18\n|\n|t:|1781437306\n|move|p1a: Barraskewda|Waterfall|p2a: Regigigas\n|-end|p2a: Regigigas|Substitute\n|move|p2a: Regigigas|Body Slam|p1a: Barraskewda\n|-damage|p1a: Barraskewda|0 fnt\n|faint|p1a: Barraskewda\n|\n|-heal|p2a: Regigigas|222/322|[from] item: Leftovers\n|upkeep\n|\n|t:|1781437313\n|switch|p1a: Torterra|Torterra, L78, M|276/276\n|-damage|p1a: Torterra|259/276|[from] Stealth Rock\n|turn|19\n|\n|t:|1781437321\n|move|p2a: Regigigas|Knock Off|p1a: Torterra\n|-damage|p1a: Torterra|164/276\n|-enditem|p1a: Torterra|Loaded Dice|[from] move: Knock Off|[of] p2a: Regigigas\n|move|p1a: Torterra|Shell Smash|p1a: Torterra\n|-unboost|p1a: Torterra|def|1\n|-unboost|p1a: Torterra|spd|1\n|-boost|p1a: Torterra|atk|2\n|-boost|p1a: Torterra|spa|2\n|-boost|p1a: Torterra|spe|2\n|\n|-heal|p2a: Regigigas|242/322|[from] item: Leftovers\n|upkeep\n|turn|20\n|\n|t:|1781437328\n|-terastallize|p2a: Regigigas|Poison\n|move|p1a: Torterra|Bullet Seed|p2a: Regigigas\n|-resisted|p2a: Regigigas\n|-damage|p2a: Regigigas|221/322\n|-resisted|p2a: Regigigas\n|-damage|p2a: Regigigas|197/322\n|-hitcount|p2a: Regigigas|2\n|move|p2a: Regigigas|Body Slam|p1a: Torterra\n|-damage|p1a: Torterra|0 fnt\n|faint|p1a: Torterra\n|\n|-heal|p2a: Regigigas|217/322|[from] item: Leftovers\n|upkeep\n|\n|t:|1781437334\n|switch|p1a: Miraidon|Miraidon, L65|148/238\n|-damage|p1a: Miraidon|119/238|[from] Stealth Rock\n|-fieldstart|move: Electric Terrain|[from] ability: Hadron Engine|[of] p1a: Miraidon\n|turn|21\n|\n|t:|1781437338\n|move|p2a: Regigigas|Body Slam|p1a: Miraidon\n|-damage|p1a: Miraidon|0 fnt\n|faint|p1a: Miraidon\n|\n|-heal|p2a: Regigigas|237/322|[from] item: Leftovers\n|upkeep\n|\n|t:|1781437339\n|switch|p1a: Lucario|Lucario, L84, F|255/255\n|-damage|p1a: Lucario|248/255|[from] Stealth Rock\n|turn|22\n|\n|t:|1781437343\n|move|p2a: Regigigas|Body Slam|p1a: Lucario\n|-resisted|p1a: Lucario\n|-crit|p1a: Lucario\n|-damage|p1a: Lucario|126/255\n|move|p1a: Lucario|Swords Dance|p1a: Lucario\n|-boost|p1a: Lucario|atk|2\n|\n|-heal|p2a: Regigigas|257/322|[from] item: Leftovers\n|upkeep\n|turn|23\n|\n|t:|1781437347\n|move|p2a: Regigigas|Body Slam|p1a: Lucario\n|-resisted|p1a: Lucario\n|-damage|p1a: Lucario|53/255\n|-status|p1a: Lucario|par\n|move|p1a: Lucario|Meteor Mash|p2a: Regigigas\n|-damage|p2a: Regigigas|31/322\n|-damage|p1a: Lucario|28/255 par|[from] item: Life Orb\n|\n|-heal|p2a: Regigigas|51/322|[from] item: Leftovers\n|upkeep\n|turn|24\n|\n|t:|1781437355\n|move|p1a: Lucario|Extreme Speed|p2a: Regigigas\n|-damage|p2a: Regigigas|0 fnt\n|faint|p2a: Regigigas\n|-end|p2a: Regigigas|Slow Start|[silent]\n|-damage|p1a: Lucario|3/255 par|[from] item: Life Orb\n|\n|upkeep\n|\n|t:|1781437358\n|switch|p2a: Fezandipiti|Fezandipiti, L82, M|278/278\n|-damage|p2a: Fezandipiti|244/278|[from] Stealth Rock\n|turn|25\n|-message|pagenfranskane forfeited.\n|\n|win|randopractician\n", "uploadtime": 1781437125, "views": 6, "formatid": "gen9randombattle", "rating": null, "private": 0, "password": null}