{"id": "gen9randombattle-2631848313", "format": "[Gen 9] Random Battle", "players": ["iseeY0shi", "Reconforce"], "log": "|j|\u2606iseeY0shi\n|j|\u2606Reconforce\n|t:|1781447762\n|gametype|singles\n|player|p1|iseeY0shi|2|2220\n|player|p2|Reconforce|1|2222\n|gen|9\n|tier|[Gen 9] Random Battle\n|rated|\n|rule|Species Clause: Limit one of each Pok\u00e9mon\n|rule|HP Percentage Mod: HP is shown in percentages\n|rule|Sleep Clause Mod: Limit one foe put to sleep\n|rule|Illusion Level Mod: Illusion disguises the Pok\u00e9mon's true level\n|\n|t:|1781447762\n|teamsize|p1|6\n|teamsize|p2|6\n|start\n|switch|p1a: Palossand|Palossand, L89, F|296/296\n|switch|p2a: Galvantula|Galvantula, L82, F|249/249\n|turn|1\n|inactive|Battle timer is ON: inactive players will automatically lose when time's up. (requested by iseeY0shi)\n|\n|t:|1781447781\n|move|p2a: Galvantula|Energy Ball|p1a: Palossand\n|-supereffective|p1a: Palossand\n|-damage|p1a: Palossand|166/296\n|move|p1a: Palossand|Stealth Rock|p2a: Galvantula\n|-sidestart|p2: Reconforce|move: Stealth Rock\n|\n|-heal|p1a: Palossand|184/296|[from] item: Leftovers\n|upkeep\n|turn|2\n|\n|t:|1781447789\n|move|p2a: Galvantula|Sticky Web|p1a: Palossand\n|-sidestart|p1: iseeY0shi|move: Sticky Web\n|move|p1a: Palossand|Earth Power|p2a: Galvantula\n|-damage|p2a: Galvantula|105/249\n|\n|-heal|p1a: Palossand|202/296|[from] item: Leftovers\n|upkeep\n|turn|3\n|\n|t:|1781447793\n|move|p2a: Galvantula|Energy Ball|p1a: Palossand\n|-supereffective|p1a: Palossand\n|-damage|p1a: Palossand|74/296\n|-unboost|p1a: Palossand|spd|1\n|move|p1a: Palossand|Shadow Ball|p2a: Galvantula\n|-damage|p2a: Galvantula|0 fnt\n|faint|p2a: Galvantula\n|\n|-heal|p1a: Palossand|92/296|[from] item: Leftovers\n|upkeep\n|\n|t:|1781447799\n|switch|p2a: Zangoose|Zangoose, L85, M|263/263\n|-damage|p2a: Zangoose|231/263|[from] Stealth Rock\n|turn|4\n|\n|t:|1781447816\n|switch|p1a: Lucario|Lucario, L84, M|255/255\n|-activate|p1a: Lucario|move: Sticky Web\n|-unboost|p1a: Lucario|spe|1\n|move|p2a: Zangoose|Knock Off|p1a: Lucario\n|-resisted|p1a: Lucario\n|-damage|p1a: Lucario|209/255\n|-ability|p1a: Lucario|Justified|boost\n|-boost|p1a: Lucario|atk|1\n|-enditem|p1a: Lucario|Life Orb|[from] move: Knock Off|[of] p2a: Zangoose\n|\n|-status|p2a: Zangoose|tox|[from] item: Toxic Orb\n|upkeep\n|turn|5\n|\n|t:|1781447828\n|switch|p2a: Amoonguss|Amoonguss, L82, M|321/321\n|-damage|p2a: Amoonguss|281/321|[from] Stealth Rock\n|switch|p1a: Palossand|Palossand, L89, F|92/296\n|-activate|p1a: Palossand|move: Sticky Web\n|-unboost|p1a: Palossand|spe|1\n|\n|-heal|p1a: Palossand|110/296|[from] item: Leftovers\n|upkeep\n|turn|6\n|\n|t:|1781447834\n|move|p2a: Amoonguss|Giga Drain|p1a: Palossand\n|-supereffective|p1a: Palossand\n|-damage|p1a: Palossand|0 fnt\n|-heal|p2a: Amoonguss|321/321|[from] drain|[of] p1a: Palossand\n|faint|p1a: Palossand\n|\n|upkeep\n|\n|t:|1781447836\n|switch|p1a: Glaceon|Glaceon, L94, F|275/275\n|turn|7\n|\n|t:|1781447841\n|switch|p2a: Oranguru|Oranguru, L92, M|315/315\n|-damage|p2a: Oranguru|276/315|[from] Stealth Rock\n|move|p1a: Glaceon|Freeze-Dry|p2a: Oranguru\n|-damage|p2a: Oranguru|180/315\n|\n|-heal|p2a: Oranguru|199/315|[from] item: Leftovers\n|upkeep\n|turn|8\n|\n|t:|1781447848\n|switch|p1a: Uxie|Uxie, L83|260/260\n|move|p2a: Oranguru|Focus Blast|p1a: Uxie\n|-resisted|p1a: Uxie\n|-damage|p1a: Uxie|226/260\n|\n|-heal|p1a: Uxie|242/260|[from] item: Leftovers\n|-heal|p2a: Oranguru|218/315|[from] item: Leftovers\n|upkeep\n|turn|9\n|\n|t:|1781447854\n|switch|p2a: Magearna|Magearna, L77|250/250\n|-damage|p2a: Magearna|235/250|[from] Stealth Rock\n|move|p1a: Uxie|Knock Off|p2a: Magearna\n|-resisted|p2a: Magearna\n|-damage|p2a: Magearna|212/250\n|-enditem|p2a: Magearna|Weakness Policy|[from] move: Knock Off|[of] p1a: Uxie\n|\n|-heal|p1a: Uxie|258/260|[from] item: Leftovers\n|upkeep\n|turn|10\n|inactive|iseeY0shi has 120 seconds left.\n|\n|t:|1781447888\n|move|p1a: Uxie|U-turn|p2a: Magearna\n|-resisted|p2a: Magearna\n|-damage|p2a: Magearna|203/250\n|\n|t:|1781447889\n|switch|p1a: Lucario|Lucario, L84, M|209/255|[from] U-turn\n|-activate|p1a: Lucario|move: Sticky Web\n|-unboost|p1a: Lucario|spe|1\n|move|p2a: Magearna|Shift Gear|p2a: Magearna\n|-boost|p2a: Magearna|spe|2\n|-boost|p2a: Magearna|atk|1\n|\n|upkeep\n|turn|11\n|\n|t:|1781447899\n|move|p2a: Magearna|Fleur Cannon|p1a: Lucario\n|-damage|p1a: Lucario|29/255\n|-unboost|p2a: Magearna|spa|2\n|move|p1a: Lucario|Close Combat|p2a: Magearna\n|-damage|p2a: Magearna|82/250\n|-unboost|p1a: Lucario|def|1\n|-unboost|p1a: Lucario|spd|1\n|\n|upkeep\n|turn|12\n|\n|t:|1781447916\n|move|p1a: Lucario|Extreme Speed|p2a: Magearna\n|-resisted|p2a: Magearna\n|-damage|p2a: Magearna|54/250\n|move|p2a: Magearna|Iron Head|p1a: Lucario\n|-resisted|p1a: Lucario\n|-damage|p1a: Lucario|0 fnt\n|faint|p1a: Lucario\n|-ability|p2a: Magearna|Soul-Heart|boost\n|-boost|p2a: Magearna|spa|1\n|\n|upkeep\n|\n|t:|1781447920\n|switch|p1a: Uxie|Uxie, L83|258/260\n|turn|13\n|\n|t:|1781447925\n|move|p2a: Magearna|Iron Head|p1a: Uxie\n|-damage|p1a: Uxie|177/260\n|move|p1a: Uxie|Psychic Noise|p2a: Magearna\n|-resisted|p2a: Magearna\n|-damage|p2a: Magearna|27/250\n|-start|p2a: Magearna|move: Heal Block\n|\n|-heal|p1a: Uxie|193/260|[from] item: Leftovers\n|upkeep\n|turn|14\n|\n|t:|1781447932\n|move|p2a: Magearna|Iron Head|p1a: Uxie\n|-crit|p1a: Uxie\n|-damage|p1a: Uxie|72/260\n|move|p1a: Uxie|Psychic Noise|p2a: Magearna\n|-resisted|p2a: Magearna\n|-damage|p2a: Magearna|0 fnt\n|faint|p2a: Magearna\n|\n|-heal|p1a: Uxie|88/260|[from] item: Leftovers\n|upkeep\n|\n|t:|1781447935\n|switch|p2a: Zangoose|Zangoose, L85, M|231/263 tox\n|-damage|p2a: Zangoose|199/263 tox|[from] Stealth Rock\n|turn|15\n|\n|t:|1781447943\n|move|p1a: Uxie|U-turn|p2a: Zangoose\n|-damage|p2a: Zangoose|148/263 tox\n|\n|t:|1781447947\n|switch|p1a: Iron Thorns|Iron Thorns, L83|302/302|[from] U-turn\n|-activate|p1a: Iron Thorns|move: Sticky Web\n|-unboost|p1a: Iron Thorns|spe|1\n|-enditem|p1a: Iron Thorns|Booster Energy\n|-activate|p1a: Iron Thorns|ability: Quark Drive|[fromitem]\n|-start|p1a: Iron Thorns|quarkdriveatk\n|move|p2a: Zangoose|Knock Off|p1a: Iron Thorns\n|-damage|p1a: Iron Thorns|236/302\n|\n|-damage|p2a: Zangoose|132/263 tox|[from] psn\n|upkeep\n|turn|16\n|\n|t:|1781447966\n|move|p2a: Zangoose|Facade|p1a: Iron Thorns\n|-resisted|p1a: Iron Thorns\n|-damage|p1a: Iron Thorns|122/302\n|move|p1a: Iron Thorns|Wild Charge|p2a: Zangoose\n|-damage|p2a: Zangoose|0 fnt\n|faint|p2a: Zangoose\n|-damage|p1a: Iron Thorns|89/302|[from] Recoil\n|\n|upkeep\n|\n|t:|1781447970\n|switch|p2a: Oranguru|Oranguru, L92, M|218/315\n|-damage|p2a: Oranguru|179/315|[from] Stealth Rock\n|turn|17\n|\n|t:|1781447976\n|move|p2a: Oranguru|Focus Blast|p1a: Iron Thorns|[miss]\n|-miss|p2a: Oranguru|p1a: Iron Thorns\n|move|p1a: Iron Thorns|Wild Charge|p2a: Oranguru\n|-damage|p2a: Oranguru|34/315\n|-damage|p1a: Iron Thorns|53/302|[from] Recoil\n|\n|-heal|p2a: Oranguru|53/315|[from] item: Leftovers\n|upkeep\n|turn|18\n|\n|t:|1781447978\n|move|p2a: Oranguru|Focus Blast|p1a: Iron Thorns\n|-supereffective|p1a: Iron Thorns\n|-damage|p1a: Iron Thorns|0 fnt\n|faint|p1a: Iron Thorns\n|-end|p1a: Iron Thorns|Quark Drive|[silent]\n|\n|-heal|p2a: Oranguru|72/315|[from] item: Leftovers\n|upkeep\n|\n|t:|1781447980\n|switch|p1a: Uxie|Uxie, L83|88/260\n|turn|19\n|\n|t:|1781447982\n|move|p1a: Uxie|Knock Off|p2a: Oranguru\n|-supereffective|p2a: Oranguru\n|-damage|p2a: Oranguru|0 fnt\n|-enditem|p2a: Oranguru|Leftovers|[from] move: Knock Off|[of] p1a: Uxie\n|faint|p2a: Oranguru\n|\n|-heal|p1a: Uxie|104/260|[from] item: Leftovers\n|upkeep\n|\n|t:|1781447983\n|switch|p2a: Minior|Minior-Violet, L79|224/224\n|-damage|p2a: Minior|168/224|[from] Stealth Rock\n|-formechange|p2a: Minior|Minior-Meteor||[from] ability: Shields Down\n|turn|20\n|\n|t:|1781447996\n|move|p1a: Uxie|Psychic Noise|p2a: Minior\n|-damage|p2a: Minior|101/224\n|-start|p2a: Minior|move: Heal Block\n|move|p2a: Minior|Shell Smash|p2a: Minior\n|-unboost|p2a: Minior|def|1\n|-unboost|p2a: Minior|spd|1\n|-boost|p2a: Minior|atk|2\n|-boost|p2a: Minior|spa|2\n|-boost|p2a: Minior|spe|2\n|-enditem|p2a: Minior|White Herb\n|-clearnegativeboost|p2a: Minior|[silent]\n|\n|-heal|p1a: Uxie|120/260|[from] item: Leftovers\n|-formechange|p2a: Minior|Minior-Violet||[from] ability: Shields Down\n|upkeep\n|turn|21\n|\n|t:|1781448015\n|move|p2a: Minior|Acrobatics|p1a: Uxie\n|-damage|p1a: Uxie|0 fnt\n|faint|p1a: Uxie\n|\n|-end|p2a: Minior|move: Heal Block\n|upkeep\n|\n|t:|1781448017\n|switch|p1a: Glaceon|Glaceon, L94, F|275/275\n|turn|22\n|\n|t:|1781448019\n|move|p1a: Glaceon|Protect|p1a: Glaceon\n|-singleturn|p1a: Glaceon|Protect\n|move|p2a: Minior|Acrobatics|p1a: Glaceon\n|-activate|p1a: Glaceon|move: Protect\n|\n|upkeep\n|turn|23\n|\n|t:|1781448025\n|move|p2a: Minior|Acrobatics|p1a: Glaceon\n|-damage|p1a: Glaceon|103/275\n|move|p1a: Glaceon|Freeze-Dry|p2a: Minior\n|-supereffective|p2a: Minior\n|-damage|p2a: Minior|0 fnt\n|faint|p2a: Minior\n|\n|upkeep\n|j| chenyiyiyiyiyi\n|\n|t:|1781448028\n|switch|p2a: Amoonguss|Amoonguss, L82, M|321/321\n|-damage|p2a: Amoonguss|281/321|[from] Stealth Rock\n|turn|24\n|\n|t:|1781448033\n|-terastallize|p2a: Amoonguss|Steel\n|move|p1a: Glaceon|Freeze-Dry|p2a: Amoonguss\n|-resisted|p2a: Amoonguss\n|-crit|p2a: Amoonguss\n|-damage|p2a: Amoonguss|186/321\n|move|p2a: Amoonguss|Spore|p1a: Glaceon\n|-status|p1a: Glaceon|slp|[from] move: Spore\n|\n|upkeep\n|turn|25\n|\n|t:|1781448039\n|switch|p1a: Moltres|Moltres-Galar, L79|271/271\n|move|p2a: Amoonguss|Giga Drain|p1a: Moltres\n|-resisted|p1a: Moltres\n|-damage|p1a: Moltres|245/271\n|-heal|p2a: Amoonguss|199/321|[from] drain|[of] p1a: Moltres\n|\n|upkeep\n|turn|26\n|\n|t:|1781448042\n|move|p1a: Moltres|Nasty Plot|p1a: Moltres\n|-boost|p1a: Moltres|spa|2\n|move|p2a: Amoonguss|Sludge Bomb|p1a: Moltres\n|-damage|p1a: Moltres|181/271\n|\n|upkeep\n|turn|27\n|\n|t:|1781448044\n|move|p1a: Moltres|Nasty Plot|p1a: Moltres\n|-boost|p1a: Moltres|spa|2\n|move|p2a: Amoonguss|Clear Smog|p1a: Moltres\n|-damage|p1a: Moltres|144/271\n|-clearboost|p1a: Moltres\n|\n|upkeep\n|turn|28\n|\n|t:|1781448046\n|move|p1a: Moltres|Nasty Plot|p1a: Moltres\n|-boost|p1a: Moltres|spa|2\n|move|p2a: Amoonguss|Sludge Bomb|p1a: Moltres\n|-damage|p1a: Moltres|71/271\n|-ability|p1a: Moltres|Berserk|boost\n|-boost|p1a: Moltres|spa|1\n|\n|upkeep\n|turn|29\n|\n|t:|1781448050\n|move|p1a: Moltres|Fiery Wrath|p2a: Amoonguss\n|-damage|p2a: Amoonguss|0 fnt\n|faint|p2a: Amoonguss\n|\n|win|iseeY0shi\n", "uploadtime": 1781447763, "views": 7, "formatid": "gen9randombattle", "rating": null, "private": 0, "password": null}