{"id": "gen9randombattle-2631856591", "format": "[Gen 9] Random Battle", "players": ["IndianDefecator", "Micael Lopes"], "log": "|j|\u2606IndianDefecator\n|j|\u2606Micael Lopes\n|t:|1781448726\n|gametype|singles\n|player|p1|IndianDefecator|2|1722\n|player|p2|Micael Lopes|benga|1760\n|gen|9\n|tier|[Gen 9] Random Battle\n|rated|\n|rule|Species Clause: Limit one of each Pok\u00e9mon\n|rule|HP Percentage Mod: HP is shown in percentages\n|rule|Sleep Clause Mod: Limit one foe put to sleep\n|rule|Illusion Level Mod: Illusion disguises the Pok\u00e9mon's true level\n|\n|t:|1781448726\n|teamsize|p1|6\n|teamsize|p2|6\n|start\n|switch|p1a: Jolteon|Jolteon, L84, F|246/246\n|switch|p2a: Whiscash|Whiscash, L88, M|337/337\n|turn|1\n|inactive|Battle timer is ON: inactive players will automatically lose when time's up. (requested by Micael Lopes)\n|\n|t:|1781448740\n|switch|p1a: Quagsire|Quagsire, L84, F|297/297\n|move|p2a: Whiscash|Dragon Dance|p2a: Whiscash\n|-boost|p2a: Whiscash|atk|1\n|-boost|p2a: Whiscash|spe|1\n|\n|upkeep\n|turn|2\n|\n|t:|1781448748\n|switch|p2a: Arbok|Arbok, L87, M|246/246\n|-ability|p2a: Arbok|Intimidate|boost\n|-unboost|p1a: Quagsire|atk|1\n|move|p1a: Quagsire|Toxic|p2a: Arbok\n|-immune|p2a: Arbok\n|\n|upkeep\n|turn|3\n|\n|t:|1781448757\n|-terastallize|p1a: Quagsire|Poison\n|move|p2a: Arbok|Toxic Spikes|p1a: Quagsire\n|-sidestart|p1: IndianDefecator|move: Toxic Spikes\n|move|p1a: Quagsire|Earthquake|p2a: Arbok\n|-supereffective|p2a: Arbok\n|-damage|p2a: Arbok|94/246\n|\n|upkeep\n|turn|4\n|\n|t:|1781448764\n|move|p2a: Arbok|Toxic Spikes|p1a: Quagsire\n|-sidestart|p1: IndianDefecator|move: Toxic Spikes\n|move|p1a: Quagsire|Earthquake|p2a: Arbok\n|-supereffective|p2a: Arbok\n|-damage|p2a: Arbok|0 fnt\n|faint|p2a: Arbok\n|\n|upkeep\n|\n|t:|1781448768\n|switch|p2a: Dudunsparce|Dudunsparce, L83, M|343/343\n|turn|5\n|\n|t:|1781448772\n|move|p2a: Dudunsparce|Glare|p1a: Quagsire\n|-status|p1a: Quagsire|par\n|move|p1a: Quagsire|Toxic|p2a: Dudunsparce\n|-status|p2a: Dudunsparce|tox\n|\n|-damage|p2a: Dudunsparce|322/343 tox|[from] psn\n|upkeep\n|turn|6\n|\n|t:|1781448779\n|switch|p2a: Whiscash|Whiscash, L88, M|337/337\n|switch|p1a: Scyther|Scyther, L82, M|249/249\n|\n|upkeep\n|turn|7\n|\n|t:|1781448786\n|move|p1a: Scyther|Swords Dance|p1a: Scyther\n|-boost|p1a: Scyther|atk|2\n|move|p2a: Whiscash|Stone Edge|p1a: Scyther\n|-supereffective|p1a: Scyther\n|-damage|p1a: Scyther|0 fnt\n|faint|p1a: Scyther\n|-damage|p2a: Whiscash|304/337|[from] item: Life Orb\n|\n|upkeep\n|\n|t:|1781448794\n|switch|p1a: Quagsire|Quagsire, L84, F, tera:Poison|297/297 par\n|-sideend|p1: IndianDefecator|move: Toxic Spikes|[of] p1a: Quagsire\n|turn|8\n|\n|t:|1781448804\n|move|p2a: Whiscash|Earthquake|p1a: Quagsire\n|-supereffective|p1a: Quagsire\n|-damage|p1a: Quagsire|29/297 par\n|-damage|p2a: Whiscash|271/337|[from] item: Life Orb\n|cant|p1a: Quagsire|par\n|\n|-heal|p1a: Quagsire|47/297 par|[from] item: Leftovers\n|upkeep\n|turn|9\n|\n|t:|1781448814\n|move|p2a: Whiscash|Liquidation|p1a: Quagsire\n|-damage|p1a: Quagsire|0 fnt\n|faint|p1a: Quagsire\n|-damage|p2a: Whiscash|238/337|[from] item: Life Orb\n|\n|upkeep\n|\n|t:|1781448825\n|switch|p1a: Oinkologne|Oinkologne-F, L92, F|361/361\n|turn|10\n|\n|t:|1781448839\n|switch|p2a: Banette|Banette, L93, F|270/270\n|move|p1a: Oinkologne|Curse|p1a: Oinkologne\n|-unboost|p1a: Oinkologne|spe|1\n|-boost|p1a: Oinkologne|atk|1\n|-boost|p1a: Oinkologne|def|1\n|\n|upkeep\n|turn|11\n|\n|t:|1781448849\n|switch|p1a: Jolteon|Jolteon, L84, F|246/246\n|move|p2a: Banette|Thunder Wave|p1a: Jolteon\n|-immune|p1a: Jolteon|[from] ability: Volt Absorb\n|\n|upkeep\n|turn|12\n|\n|t:|1781448855\n|move|p1a: Jolteon|Shadow Ball|p2a: Banette\n|-supereffective|p2a: Banette\n|-damage|p2a: Banette|62/270\n|move|p2a: Banette|Poltergeist|p1a: Jolteon\n|-activate|p1a: Jolteon|move: Poltergeist|Choice Specs\n|-damage|p1a: Jolteon|0 fnt\n|faint|p1a: Jolteon\n|-damage|p2a: Banette|35/270|[from] item: Life Orb\n|\n|upkeep\n|\n|t:|1781448865\n|switch|p1a: Conkeldurr|Conkeldurr, L80, F|299/299\n|turn|13\n|\n|t:|1781448884\n|move|p2a: Banette|Poltergeist|p1a: Conkeldurr|[miss]\n|-miss|p2a: Banette|p1a: Conkeldurr\n|move|p1a: Conkeldurr|Knock Off|p2a: Banette\n|-supereffective|p2a: Banette\n|-damage|p2a: Banette|0 fnt\n|-enditem|p2a: Banette|Life Orb|[from] move: Knock Off|[of] p1a: Conkeldurr\n|faint|p2a: Banette\n|\n|-status|p1a: Conkeldurr|brn|[from] item: Flame Orb\n|upkeep\n|\n|t:|1781448889\n|switch|p2a: Dudunsparce|Dudunsparce, L83, M|322/343 tox\n|turn|14\n|\n|t:|1781448896\n|move|p2a: Dudunsparce|Headbutt|p1a: Conkeldurr\n|-damage|p1a: Conkeldurr|223/299 brn\n|cant|p1a: Conkeldurr|flinch\n|\n|-heal|p2a: Dudunsparce|343/343 tox|[from] item: Leftovers\n|-damage|p2a: Dudunsparce|322/343 tox|[from] psn\n|-damage|p1a: Conkeldurr|205/299 brn|[from] brn\n|upkeep\n|turn|15\n|\n|t:|1781448911\n|switch|p1a: Oinkologne|Oinkologne-F, L92, F|361/361\n|move|p2a: Dudunsparce|Headbutt|p1a: Oinkologne\n|-damage|p1a: Oinkologne|273/361\n|\n|-heal|p1a: Oinkologne|295/361|[from] item: Leftovers\n|-heal|p2a: Dudunsparce|343/343 tox|[from] item: Leftovers\n|-damage|p2a: Dudunsparce|301/343 tox|[from] psn\n|upkeep\n|turn|16\n|\n|t:|1781448920\n|move|p1a: Oinkologne|Curse|p1a: Oinkologne\n|-unboost|p1a: Oinkologne|spe|1\n|-boost|p1a: Oinkologne|atk|1\n|-boost|p1a: Oinkologne|def|1\n|move|p2a: Dudunsparce|Glare|p1a: Oinkologne\n|-status|p1a: Oinkologne|par\n|\n|-heal|p2a: Dudunsparce|322/343 tox|[from] item: Leftovers\n|-heal|p1a: Oinkologne|317/361 par|[from] item: Leftovers\n|-damage|p2a: Dudunsparce|259/343 tox|[from] psn\n|upkeep\n|turn|17\n|\n|t:|1781448931\n|move|p2a: Dudunsparce|Headbutt|p1a: Oinkologne\n|-damage|p1a: Oinkologne|257/361 par\n|cant|p1a: Oinkologne|flinch\n|\n|-heal|p2a: Dudunsparce|280/343 tox|[from] item: Leftovers\n|-heal|p1a: Oinkologne|279/361 par|[from] item: Leftovers\n|-damage|p2a: Dudunsparce|196/343 tox|[from] psn\n|upkeep\n|turn|18\n|\n|t:|1781448938\n|switch|p2a: Regidrago|Regidrago, L77|435/435\n|move|p1a: Oinkologne|Curse|p1a: Oinkologne\n|-unboost|p1a: Oinkologne|spe|1\n|-boost|p1a: Oinkologne|atk|1\n|-boost|p1a: Oinkologne|def|1\n|\n|-heal|p1a: Oinkologne|301/361 par|[from] item: Leftovers\n|upkeep\n|turn|19\n|\n|t:|1781448948\n|move|p2a: Regidrago|Dragon Dance|p2a: Regidrago\n|-boost|p2a: Regidrago|atk|1\n|-boost|p2a: Regidrago|spe|1\n|cant|p1a: Oinkologne|par\n|\n|-heal|p1a: Oinkologne|323/361 par|[from] item: Leftovers\n|upkeep\n|turn|20\n|\n|t:|1781448955\n|move|p2a: Regidrago|Dragon Dance|p2a: Regidrago\n|-boost|p2a: Regidrago|atk|1\n|-boost|p2a: Regidrago|spe|1\n|move|p1a: Oinkologne|Body Slam|p2a: Regidrago\n|-damage|p2a: Regidrago|105/435\n|\n|-heal|p1a: Oinkologne|345/361 par|[from] item: Leftovers\n|upkeep\n|turn|21\n|\n|t:|1781448968\n|move|p2a: Regidrago|Dragon Claw|p1a: Oinkologne\n|-damage|p1a: Oinkologne|203/361 par\n|-damage|p2a: Regidrago|62/435|[from] item: Life Orb\n|cant|p1a: Oinkologne|par\n|\n|-heal|p1a: Oinkologne|225/361 par|[from] item: Leftovers\n|upkeep\n|turn|22\n|\n|t:|1781448977\n|move|p2a: Regidrago|Dragon Claw|p1a: Oinkologne\n|-damage|p1a: Oinkologne|65/361 par\n|-damage|p2a: Regidrago|19/435|[from] item: Life Orb\n|move|p1a: Oinkologne|Body Slam|p2a: Regidrago\n|-damage|p2a: Regidrago|0 fnt\n|faint|p2a: Regidrago\n|\n|-heal|p1a: Oinkologne|87/361 par|[from] item: Leftovers\n|upkeep\n|\n|t:|1781448982\n|switch|p2a: Scovillain|Scovillain, L91, F|266/266\n|turn|23\n|\n|t:|1781448990\n|move|p2a: Scovillain|Energy Ball|p1a: Oinkologne\n|-damage|p1a: Oinkologne|0 fnt\n|faint|p1a: Oinkologne\n|\n|upkeep\n|\n|t:|1781448994\n|switch|p1a: Conkeldurr|Conkeldurr, L80, F|205/299 brn\n|turn|24\n|\n|t:|1781449002\n|move|p2a: Scovillain|Energy Ball|p1a: Conkeldurr\n|-damage|p1a: Conkeldurr|42/299 brn\n|move|p1a: Conkeldurr|Close Combat|p2a: Scovillain\n|-damage|p2a: Scovillain|2/266\n|-unboost|p1a: Conkeldurr|def|1\n|-unboost|p1a: Conkeldurr|spd|1\n|\n|-damage|p1a: Conkeldurr|24/299 brn|[from] brn\n|upkeep\n|turn|25\n|\n|t:|1781449014\n|switch|p2a: Whiscash|Whiscash, L88, M|238/337\n|move|p1a: Conkeldurr|Knock Off|p2a: Whiscash\n|-damage|p2a: Whiscash|97/337\n|-enditem|p2a: Whiscash|Life Orb|[from] move: Knock Off|[of] p1a: Conkeldurr\n|\n|-damage|p1a: Conkeldurr|6/299 brn|[from] brn\n|upkeep\n|turn|26\n|\n|t:|1781449027\n|move|p1a: Conkeldurr|Mach Punch|p2a: Whiscash\n|-damage|p2a: Whiscash|13/337\n|move|p2a: Whiscash|Earthquake|p1a: Conkeldurr\n|-damage|p1a: Conkeldurr|0 fnt\n|faint|p1a: Conkeldurr\n|\n|upkeep\n|\n|t:|1781449033\n|switch|p1a: Necrozma|Necrozma-Dusk-Mane, L69|248/248\n|turn|27\n|\n|t:|1781449042\n|move|p2a: Whiscash|Dragon Dance|p2a: Whiscash\n|-boost|p2a: Whiscash|atk|1\n|-boost|p2a: Whiscash|spe|1\n|move|p1a: Necrozma|Dragon Dance|p1a: Necrozma\n|-boost|p1a: Necrozma|atk|1\n|-boost|p1a: Necrozma|spe|1\n|\n|upkeep\n|turn|28\n|\n|t:|1781449053\n|-terastallize|p2a: Whiscash|Ground\n|move|p2a: Whiscash|Earthquake|p1a: Necrozma\n|-supereffective|p1a: Necrozma\n|-damage|p1a: Necrozma|0 fnt\n|faint|p1a: Necrozma\n|\n|win|Micael Lopes\n|raw|IndianDefecator's rating: 1722 &rarr; <strong>1704</strong><br />(-18 for losing)\n|raw|Micael Lopes's rating: 1760 &rarr; <strong>1778</strong><br />(+18 for winning)\n|c|\u2606Micael Lopes|**__Sexy game.__**\n|l|\u2606IndianDefecator\n|player|p1|\n", "uploadtime": 1781449073, "views": 7, "formatid": "gen9randombattle", "rating": 1704, "private": 0, "password": null}