{"id": "gen9randombattle-2631392558", "format": "[Gen 9] Random Battle", "players": ["Red Skies", "qiuescent"], "log": "|j|\u2606Red Skies\n|j|\u203dqiuescent\n|t:|1781379243\n|gametype|singles\n|player|p1|Red Skies|n|2184\n|player|p2|qiuescent|265|2236\n|gen|9\n|tier|[Gen 9] Random Battle\n|rated|\n|rule|Species Clause: Limit one of each Pok\u00e9mon\n|rule|HP Percentage Mod: HP is shown in percentages\n|rule|Sleep Clause Mod: Limit one foe put to sleep\n|rule|Illusion Level Mod: Illusion disguises the Pok\u00e9mon's true level\n|\n|t:|1781379243\n|teamsize|p1|6\n|teamsize|p2|6\n|start\n|switch|p1a: Walking Wake|Walking Wake, L79|286/286\n|switch|p2a: Iron Moth|Iron Moth, L78|253/253\n|turn|1\n|l|\u203dqiuescent\n|player|p2|\n|j| Ultra7998\n|j|\u203dqiuescent\n|player|p2|qiuescent|265|\n|n|\u203dqiuescent|qiuescent\n|n|\u203dqiuescent|qiuescent\n|l| Ultra7998\n|inactive|Battle timer is ON: inactive players will automatically lose when time's up. (requested by Red Skies)\n|\n|t:|1781379272\n|-end|p2a: Iron Moth|Quark Drive|[silent]\n|switch|p2a: Hitmontop|Hitmontop, L88, M|231/231\n|-ability|p2a: Hitmontop|Intimidate|boost\n|-unboost|p1a: Walking Wake|atk|1\n|move|p1a: Walking Wake|Flip Turn|p2a: Hitmontop\n|-damage|p2a: Hitmontop|198/231\n|\n|t:|1781379282\n|-end|p1a: Walking Wake|Protosynthesis|[silent]\n|switch|p1a: Armarouge|Armarouge, L80, M|267/267|[from] Flip Turn\n|\n|upkeep\n|turn|2\n|\n|t:|1781379294\n|move|p2a: Hitmontop|Earthquake|p1a: Armarouge\n|-supereffective|p1a: Armarouge\n|-damage|p1a: Armarouge|123/267\n|-ability|p1a: Armarouge|Weak Armor|boost\n|-unboost|p1a: Armarouge|def|1\n|-boost|p1a: Armarouge|spe|2\n|move|p1a: Armarouge|Psyshock|p2a: Hitmontop\n|-supereffective|p2a: Hitmontop\n|-damage|p2a: Hitmontop|0 fnt\n|faint|p2a: Hitmontop\n|\n|upkeep\n|l|\u2606Red Skies\n|inactive|Red Skies disconnected and has a minute to reconnect!\n|player|p1|\n|\n|t:|1781379303\n|switch|p2a: Iron Treads|Iron Treads, L77|265/265\n|turn|3\n|j|\u2606Red Skies\n|inactive|Red Skies reconnected and has 145 seconds left.\n|player|p1|Red Skies|n|\n|\n|t:|1781379316\n|switch|p1a: Walking Wake|Walking Wake, L79|286/286\n|move|p2a: Iron Treads|Stealth Rock|p1a: Walking Wake\n|-sidestart|p1: Red Skies|move: Stealth Rock\n|\n|upkeep\n|turn|4\n|\n|t:|1781379319\n|-end|p2a: Iron Treads|Quark Drive|[silent]\n|switch|p2a: Leavanny|Leavanny, L86, M|269/269\n|move|p1a: Walking Wake|Hydro Pump|p2a: Leavanny\n|-resisted|p2a: Leavanny\n|-damage|p2a: Leavanny|164/269\n|\n|upkeep\n|turn|5\n|\n|t:|1781379325\n|move|p1a: Walking Wake|Hydro Pump|p2a: Leavanny\n|-resisted|p2a: Leavanny\n|-damage|p2a: Leavanny|68/269\n|move|p2a: Leavanny|Sticky Web|p1a: Walking Wake\n|-sidestart|p1: Red Skies|move: Sticky Web\n|\n|upkeep\n|turn|6\n|\n|t:|1781379336\n|move|p1a: Walking Wake|Hydro Pump|p2a: Leavanny|[miss]\n|-miss|p1a: Walking Wake|p2a: Leavanny\n|move|p2a: Leavanny|Bullet Seed|p1a: Walking Wake\n|-damage|p1a: Walking Wake|256/286\n|-damage|p1a: Walking Wake|226/286\n|-damage|p1a: Walking Wake|193/286\n|-damage|p1a: Walking Wake|165/286\n|-damage|p1a: Walking Wake|134/286\n|-hitcount|p1a: Walking Wake|5\n|\n|upkeep\n|turn|7\n|\n|t:|1781379341\n|move|p1a: Walking Wake|Hydro Pump|p2a: Leavanny\n|-resisted|p2a: Leavanny\n|-damage|p2a: Leavanny|0 fnt\n|faint|p2a: Leavanny\n|\n|upkeep\n|\n|t:|1781379343\n|switch|p2a: Dragapult|Dragapult, L77, F|262/262\n|turn|8\n|\n|t:|1781379349\n|-end|p1a: Walking Wake|Protosynthesis|[silent]\n|switch|p1a: Copperajah|Copperajah, L86, F|350/350\n|-damage|p1a: Copperajah|329/350|[from] Stealth Rock\n|-activate|p1a: Copperajah|move: Sticky Web\n|-unboost|p1a: Copperajah|spe|1\n|move|p2a: Dragapult|Dragon Darts|p1a: Copperajah\n|-resisted|p1a: Copperajah\n|-damage|p1a: Copperajah|297/350\n|-anim|p2a: Dragapult|Dragon Darts|p1a: Copperajah\n|-resisted|p1a: Copperajah\n|-damage|p1a: Copperajah|264/350\n|\n|upkeep\n|turn|9\n|\n|t:|1781379355\n|move|p2a: Dragapult|Will-O-Wisp|p1a: Copperajah\n|-status|p1a: Copperajah|brn\n|move|p1a: Copperajah|Superpower|p2a: Dragapult\n|-immune|p2a: Dragapult\n|\n|-damage|p1a: Copperajah|243/350 brn|[from] brn\n|upkeep\n|turn|10\n|\n|t:|1781379363\n|move|p2a: Dragapult|Hex|p1a: Copperajah\n|-damage|p1a: Copperajah|116/350 brn\n|move|p1a: Copperajah|Stealth Rock|p2a: Dragapult\n|-sidestart|p2: qiuescent|move: Stealth Rock\n|\n|-damage|p1a: Copperajah|95/350 brn|[from] brn\n|upkeep\n|turn|11\n|\n|t:|1781379369\n|move|p2a: Dragapult|Hex|p1a: Copperajah\n|-damage|p1a: Copperajah|0 fnt\n|faint|p1a: Copperajah\n|\n|upkeep\n|\n|t:|1781379377\n|switch|p1a: Suicune|Suicune, L82|298/298\n|-damage|p1a: Suicune|261/298|[from] Stealth Rock\n|-activate|p1a: Suicune|move: Sticky Web\n|-unboost|p1a: Suicune|spe|1\n|-ability|p1a: Suicune|Pressure\n|turn|12\n|\n|t:|1781379381\n|move|p2a: Dragapult|U-turn|p1a: Suicune\n|-damage|p1a: Suicune|222/298\n|\n|t:|1781379385\n|switch|p2a: Iron Moth|Iron Moth, L78|253/253|[from] U-turn\n|move|p1a: Suicune|Calm Mind|p1a: Suicune\n|-boost|p1a: Suicune|spa|1\n|-boost|p1a: Suicune|spd|1\n|\n|-heal|p1a: Suicune|240/298|[from] item: Leftovers\n|upkeep\n|turn|13\n|\n|t:|1781379391\n|-terastallize|p2a: Iron Moth|Grass\n|move|p2a: Iron Moth|Energy Ball|p1a: Suicune\n|-supereffective|p1a: Suicune\n|-damage|p1a: Suicune|124/298\n|-unboost|p1a: Suicune|spd|1\n|move|p1a: Suicune|Scald|p2a: Iron Moth\n|-resisted|p2a: Iron Moth\n|-damage|p2a: Iron Moth|205/253\n|\n|-heal|p1a: Suicune|142/298|[from] item: Leftovers\n|upkeep\n|turn|14\n|\n|t:|1781379401\n|switch|p1a: Entei|Entei, L78|307/307\n|-damage|p1a: Entei|231/307|[from] Stealth Rock\n|-activate|p1a: Entei|move: Sticky Web\n|-unboost|p1a: Entei|spe|1\n|move|p2a: Iron Moth|Toxic Spikes|p1a: Entei\n|-sidestart|p1: Red Skies|move: Toxic Spikes\n|\n|upkeep\n|turn|15\n|\n|t:|1781379406\n|-end|p2a: Iron Moth|Quark Drive|[silent]\n|switch|p2a: Pelipper|Pelipper, L86, M|243/243\n|-weather|RainDance|[from] ability: Drizzle|[of] p2a: Pelipper\n|move|p1a: Entei|Sacred Fire|p2a: Pelipper\n|-resisted|p2a: Pelipper\n|-damage|p2a: Pelipper|210/243\n|\n|-weather|RainDance|[upkeep]\n|upkeep\n|turn|16\n|\n|t:|1781379419\n|switch|p1a: Armarouge|Armarouge, L80, M|123/267\n|-damage|p1a: Armarouge|57/267|[from] Stealth Rock\n|-activate|p1a: Armarouge|move: Sticky Web\n|-unboost|p1a: Armarouge|spe|1\n|-status|p1a: Armarouge|psn\n|move|p2a: Pelipper|Surf|p1a: Armarouge\n|-supereffective|p1a: Armarouge\n|-damage|p1a: Armarouge|0 fnt\n|faint|p1a: Armarouge\n|\n|-weather|RainDance|[upkeep]\n|upkeep\n|\n|t:|1781379431\n|switch|p1a: Walking Wake|Walking Wake, L79|134/286\n|-damage|p1a: Walking Wake|99/286|[from] Stealth Rock\n|-activate|p1a: Walking Wake|move: Sticky Web\n|-unboost|p1a: Walking Wake|spe|1\n|-status|p1a: Walking Wake|psn\n|turn|17\n|\n|t:|1781379436\n|move|p2a: Pelipper|Hurricane|p1a: Walking Wake\n|-damage|p1a: Walking Wake|0 fnt\n|faint|p1a: Walking Wake\n|-end|p1a: Walking Wake|Protosynthesis|[silent]\n|\n|-weather|RainDance|[upkeep]\n|upkeep\n|-message|Red Skies forfeited.\n|\n|win|qiuescent\n|raw|Red Skies's rating: 2184 &rarr; <strong>2167</strong><br />(-17 for losing)\n|raw|qiuescent's rating: 2236 &rarr; <strong>2253</strong><br />(+17 for winning)\n", "uploadtime": 1781379245, "views": 7, "formatid": "gen9randombattle", "rating": 2167, "private": 0, "password": null}