{"id": "gen9randombattle-2631550622", "format": "[Gen 9] Random Battle", "players": ["theGARGANTUANpp", "who is to say"], "log": "|j|\u203dtheGARGANTUANpp\n|j|\u2606who is to say\n|t:|1781400056\n|gametype|singles\n|player|p1|theGARGANTUANpp|170|2157\n|player|p2|who is to say|170|2297\n|gen|9\n|tier|[Gen 9] Random Battle\n|rated|\n|rule|Species Clause: Limit one of each Pok\u00e9mon\n|rule|HP Percentage Mod: HP is shown in percentages\n|rule|Sleep Clause Mod: Limit one foe put to sleep\n|rule|Illusion Level Mod: Illusion disguises the Pok\u00e9mon's true level\n|\n|t:|1781400056\n|teamsize|p1|6\n|teamsize|p2|6\n|start\n|switch|p1a: Entei|Entei, L78|307/307\n|switch|p2a: Venomoth|Venomoth, L84, M|255/255\n|turn|1\n|\n|t:|1781400064\n|switch|p2a: Charizard|Charizard, L85, M|271/271\n|move|p1a: Entei|Stone Edge|p2a: Charizard|[miss]\n|-miss|p1a: Entei|p2a: Charizard\n|\n|upkeep\n|turn|2\n|\n|t:|1781400070\n|switch|p2a: Duraludon|Duraludon, L82, F|249/249\n|move|p1a: Entei|Stone Edge|p2a: Duraludon\n|-resisted|p2a: Duraludon\n|-damage|p2a: Duraludon|222/249\n|\n|upkeep\n|turn|3\n|\n|t:|1781400078\n|switch|p1a: Gastrodon|Gastrodon-East, L86, M|331/331\n|move|p2a: Duraludon|Draco Meteor|p1a: Gastrodon\n|-damage|p1a: Gastrodon|168/331\n|-unboost|p2a: Duraludon|spa|2\n|\n|-heal|p1a: Gastrodon|188/331|[from] item: Leftovers\n|upkeep\n|turn|4\n|\n|t:|1781400085\n|move|p2a: Duraludon|Iron Defense|p2a: Duraludon\n|-boost|p2a: Duraludon|def|2\n|move|p1a: Gastrodon|Stealth Rock|p2a: Duraludon\n|-sidestart|p2: who is to say|move: Stealth Rock\n|\n|-heal|p1a: Gastrodon|208/331|[from] item: Leftovers\n|upkeep\n|turn|5\n|\n|t:|1781400090\n|move|p2a: Duraludon|Body Press|p1a: Gastrodon\n|-damage|p1a: Gastrodon|60/331\n|move|p1a: Gastrodon|Recover|p1a: Gastrodon\n|-heal|p1a: Gastrodon|226/331\n|\n|-heal|p1a: Gastrodon|246/331|[from] item: Leftovers\n|upkeep\n|turn|6\n|\n|t:|1781400105\n|move|p2a: Duraludon|Iron Defense|p2a: Duraludon\n|-boost|p2a: Duraludon|def|2\n|move|p1a: Gastrodon|Earthquake|p2a: Duraludon\n|-supereffective|p2a: Duraludon\n|-damage|p2a: Duraludon|184/249\n|\n|-heal|p1a: Gastrodon|266/331|[from] item: Leftovers\n|upkeep\n|turn|7\n|\n|t:|1781400113\n|switch|p1a: Scream Tail|Scream Tail, L84|330/330\n|move|p2a: Duraludon|Body Press|p1a: Scream Tail\n|-resisted|p1a: Scream Tail\n|-damage|p1a: Scream Tail|285/330\n|\n|-heal|p1a: Scream Tail|305/330|[from] item: Leftovers\n|upkeep\n|turn|8\n|\n|t:|1781400120\n|switch|p2a: Venomoth|Venomoth, L84, M|255/255\n|move|p1a: Scream Tail|Thunder Wave|p2a: Venomoth\n|-status|p2a: Venomoth|par\n|\n|-heal|p1a: Scream Tail|325/330|[from] item: Leftovers\n|upkeep\n|turn|9\n|\n|t:|1781400132\n|-end|p1a: Scream Tail|Protosynthesis|[silent]\n|switch|p1a: Mandibuzz|Mandibuzz, L85, F|326/326\n|move|p2a: Venomoth|Sludge Wave|p1a: Mandibuzz\n|-damage|p1a: Mandibuzz|232/326\n|\n|upkeep\n|turn|10\n|-message|who is to say forfeited.\n|\n|win|theGARGANTUANpp\n", "uploadtime": 1781400058, "views": 5, "formatid": "gen9randombattle", "rating": null, "private": 0, "password": null}