{"id": "gen9randombattle-2631882948", "format": "[Gen 9] Random Battle", "players": ["Micael Lopes", "coolrip"], "log": "|j|\u2606Micael Lopes\n|j|\u2606coolrip\n|t:|1781451698\n|gametype|singles\n|player|p1|Micael Lopes|benga|1791\n|player|p2|coolrip|266|1828\n|gen|9\n|tier|[Gen 9] Random Battle\n|rated|\n|rule|Species Clause: Limit one of each Pok\u00e9mon\n|rule|HP Percentage Mod: HP is shown in percentages\n|rule|Sleep Clause Mod: Limit one foe put to sleep\n|rule|Illusion Level Mod: Illusion disguises the Pok\u00e9mon's true level\n|\n|t:|1781451698\n|teamsize|p1|6\n|teamsize|p2|6\n|start\n|switch|p1a: Iron Moth|Iron Moth, L78|253/253\n|switch|p2a: Shaymin|Shaymin-Sky, L73|266/266\n|turn|1\n|inactive|Battle timer is ON: inactive players will automatically lose when time's up. (requested by Micael Lopes)\n|\n|t:|1781451719\n|-end|p1a: Iron Moth|Quark Drive|[silent]\n|switch|p1a: Bronzong|Bronzong, L88|261/261\n|move|p2a: Shaymin|Substitute|p2a: Shaymin\n|-start|p2a: Shaymin|Substitute\n|-damage|p2a: Shaymin|200/266\n|\n|-heal|p2a: Shaymin|216/266|[from] item: Leftovers\n|upkeep\n|turn|2\n|\n|t:|1781451725\n|move|p2a: Shaymin|Leech Seed|p1a: Bronzong\n|-start|p1a: Bronzong|move: Leech Seed\n|move|p1a: Bronzong|Psychic|p2a: Shaymin\n|-end|p2a: Shaymin|Substitute\n|\n|-heal|p2a: Shaymin|232/266|[from] item: Leftovers\n|-damage|p1a: Bronzong|229/261|[from] Leech Seed|[of] p2a: Shaymin\n|-heal|p2a: Shaymin|264/266|[silent]\n|upkeep\n|turn|3\n|\n|t:|1781451736\n|move|p2a: Shaymin|Seed Flare|p1a: Bronzong\n|-resisted|p1a: Bronzong\n|-damage|p1a: Bronzong|184/261\n|-unboost|p1a: Bronzong|spd|2\n|move|p1a: Bronzong|Psychic|p2a: Shaymin\n|-damage|p2a: Shaymin|149/266\n|\n|-heal|p2a: Shaymin|165/266|[from] item: Leftovers\n|-heal|p1a: Bronzong|200/261|[from] item: Leftovers\n|-damage|p1a: Bronzong|168/261|[from] Leech Seed|[of] p2a: Shaymin\n|-heal|p2a: Shaymin|197/266|[silent]\n|upkeep\n|turn|4\n|\n|t:|1781451766\n|switch|p2a: Cresselia|Cresselia, L80, F|323/323\n|move|p1a: Bronzong|Psychic|p2a: Cresselia\n|-resisted|p2a: Cresselia\n|-damage|p2a: Cresselia|285/323\n|\n|-heal|p2a: Cresselia|305/323|[from] item: Leftovers\n|-heal|p1a: Bronzong|184/261|[from] item: Leftovers\n|-damage|p1a: Bronzong|152/261|[from] Leech Seed|[of] p2a: Cresselia\n|-heal|p2a: Cresselia|323/323|[silent]\n|upkeep\n|turn|5\n|\n|t:|1781451773\n|move|p2a: Cresselia|Calm Mind|p2a: Cresselia\n|-boost|p2a: Cresselia|spa|1\n|-boost|p2a: Cresselia|spd|1\n|move|p1a: Bronzong|Hypnosis|p2a: Cresselia\n|-status|p2a: Cresselia|slp|[from] move: Hypnosis\n|\n|-heal|p1a: Bronzong|168/261|[from] item: Leftovers\n|-damage|p1a: Bronzong|136/261|[from] Leech Seed|[of] p2a: Cresselia\n|upkeep\n|turn|6\n|\n|t:|1781451797\n|switch|p1a: Leafeon|Leafeon, L88, M|258/258\n|cant|p2a: Cresselia|slp\n|\n|upkeep\n|turn|7\n|\n|t:|1781451805\n|move|p1a: Leafeon|Swords Dance|p1a: Leafeon\n|-boost|p1a: Leafeon|atk|2\n|cant|p2a: Cresselia|slp\n|\n|upkeep\n|turn|8\n|\n|t:|1781451816\n|move|p1a: Leafeon|Leaf Blade|p2a: Cresselia\n|-damage|p2a: Cresselia|46/323 slp\n|-damage|p1a: Leafeon|233/258|[from] item: Life Orb\n|-curestatus|p2a: Cresselia|slp|[msg]\n|move|p2a: Cresselia|Moonblast|p1a: Leafeon\n|-damage|p1a: Leafeon|140/258\n|-unboost|p1a: Leafeon|spa|1\n|\n|-heal|p2a: Cresselia|66/323|[from] item: Leftovers\n|upkeep\n|turn|9\n|\n|t:|1781451823\n|move|p1a: Leafeon|Double-Edge|p2a: Cresselia\n|-damage|p2a: Cresselia|0 fnt\n|faint|p2a: Cresselia\n|-damage|p1a: Leafeon|118/258|[from] Recoil\n|-damage|p1a: Leafeon|93/258|[from] item: Life Orb\n|\n|upkeep\n|\n|t:|1781451825\n|switch|p2a: Shaymin|Shaymin-Sky, L73|197/266\n|turn|10\n|\n|t:|1781451830\n|move|p2a: Shaymin|Substitute|p2a: Shaymin\n|-start|p2a: Shaymin|Substitute\n|-damage|p2a: Shaymin|131/266\n|move|p1a: Leafeon|Double-Edge|p2a: Shaymin\n|-end|p2a: Shaymin|Substitute\n|-damage|p1a: Leafeon|71/258|[from] Recoil|[of] p2a: Shaymin\n|-damage|p1a: Leafeon|46/258|[from] item: Life Orb\n|\n|-heal|p2a: Shaymin|147/266|[from] item: Leftovers\n|upkeep\n|turn|11\n|\n|t:|1781451837\n|move|p2a: Shaymin|Substitute|p2a: Shaymin\n|-start|p2a: Shaymin|Substitute\n|-damage|p2a: Shaymin|81/266\n|move|p1a: Leafeon|Synthesis|p1a: Leafeon\n|-heal|p1a: Leafeon|175/258\n|\n|-heal|p2a: Shaymin|97/266|[from] item: Leftovers\n|upkeep\n|turn|12\n|\n|t:|1781451842\n|switch|p1a: Bronzong|Bronzong, L88|136/261\n|move|p2a: Shaymin|Air Slash|p1a: Bronzong\n|-resisted|p1a: Bronzong\n|-damage|p1a: Bronzong|109/261\n|\n|-heal|p2a: Shaymin|113/266|[from] item: Leftovers\n|-heal|p1a: Bronzong|125/261|[from] item: Leftovers\n|upkeep\n|turn|13\n|\n|t:|1781451849\n|move|p2a: Shaymin|Leech Seed|p1a: Bronzong\n|-start|p1a: Bronzong|move: Leech Seed\n|move|p1a: Bronzong|Iron Head|p2a: Shaymin\n|-end|p2a: Shaymin|Substitute\n|\n|-heal|p2a: Shaymin|129/266|[from] item: Leftovers\n|-heal|p1a: Bronzong|141/261|[from] item: Leftovers\n|-damage|p1a: Bronzong|109/261|[from] Leech Seed|[of] p2a: Shaymin\n|-heal|p2a: Shaymin|161/266|[silent]\n|upkeep\n|turn|14\n|\n|t:|1781451856\n|move|p2a: Shaymin|Air Slash|p1a: Bronzong\n|-resisted|p1a: Bronzong\n|-damage|p1a: Bronzong|79/261\n|move|p1a: Bronzong|Iron Head|p2a: Shaymin\n|-damage|p2a: Shaymin|50/266\n|\n|-heal|p2a: Shaymin|66/266|[from] item: Leftovers\n|-heal|p1a: Bronzong|95/261|[from] item: Leftovers\n|-damage|p1a: Bronzong|63/261|[from] Leech Seed|[of] p2a: Shaymin\n|-heal|p2a: Shaymin|98/266|[silent]\n|upkeep\n|turn|15\n|\n|t:|1781451864\n|move|p2a: Shaymin|Substitute|p2a: Shaymin\n|-start|p2a: Shaymin|Substitute\n|-damage|p2a: Shaymin|32/266\n|move|p1a: Bronzong|Iron Head|p2a: Shaymin\n|-end|p2a: Shaymin|Substitute\n|\n|-heal|p2a: Shaymin|48/266|[from] item: Leftovers\n|-heal|p1a: Bronzong|79/261|[from] item: Leftovers\n|-damage|p1a: Bronzong|47/261|[from] Leech Seed|[of] p2a: Shaymin\n|-heal|p2a: Shaymin|80/266|[silent]\n|upkeep\n|turn|16\n|\n|t:|1781451872\n|move|p2a: Shaymin|Seed Flare|p1a: Bronzong|[miss]\n|-miss|p2a: Shaymin|p1a: Bronzong\n|move|p1a: Bronzong|Iron Head|p2a: Shaymin\n|-damage|p2a: Shaymin|0 fnt\n|faint|p2a: Shaymin\n|\n|-heal|p1a: Bronzong|63/261|[from] item: Leftovers\n|upkeep\n|\n|t:|1781451879\n|switch|p2a: Braviary|Braviary, L85, M|309/309\n|turn|17\n|\n|t:|1781451886\n|move|p2a: Braviary|Bulk Up|p2a: Braviary\n|-boost|p2a: Braviary|atk|1\n|-boost|p2a: Braviary|def|1\n|move|p1a: Bronzong|Hypnosis|p2a: Braviary|[miss]\n|-miss|p1a: Bronzong|p2a: Braviary\n|\n|-heal|p1a: Bronzong|79/261|[from] item: Leftovers\n|-damage|p1a: Bronzong|47/261|[from] Leech Seed|[of] p2a: Braviary\n|upkeep\n|turn|18\n|\n|t:|1781451913\n|move|p2a: Braviary|Bulk Up|p2a: Braviary\n|-boost|p2a: Braviary|atk|1\n|-boost|p2a: Braviary|def|1\n|move|p1a: Bronzong|Hypnosis|p2a: Braviary|[miss]\n|-miss|p1a: Bronzong|p2a: Braviary\n|\n|-heal|p1a: Bronzong|63/261|[from] item: Leftovers\n|-damage|p1a: Bronzong|31/261|[from] Leech Seed|[of] p2a: Braviary\n|upkeep\n|turn|19\n|\n|t:|1781451921\n|move|p2a: Braviary|Brave Bird|p1a: Bronzong\n|-resisted|p1a: Bronzong\n|-damage|p1a: Bronzong|0 fnt\n|faint|p1a: Bronzong\n|-damage|p2a: Braviary|299/309|[from] Recoil\n|\n|upkeep\n|\n|t:|1781451930\n|switch|p1a: Luvdisc|Luvdisc, F|247/247\n|turn|20\n|\n|t:|1781451945\n|move|p1a: Luvdisc|Substitute|p1a: Luvdisc\n|-start|p1a: Luvdisc|Substitute\n|-damage|p1a: Luvdisc|186/247\n|move|p2a: Braviary|Brave Bird|p1a: Luvdisc\n|-end|p1a: Luvdisc|Substitute\n|-damage|p2a: Braviary|279/309|[from] Recoil|[of] p1a: Luvdisc\n|\n|upkeep\n|turn|21\n|\n|t:|1781451963\n|switch|p2a: Emboar|Emboar, L84, M|322/322\n|move|p1a: Luvdisc|Substitute|p1a: Luvdisc\n|-start|p1a: Luvdisc|Substitute\n|-damage|p1a: Luvdisc|125/247\n|\n|upkeep\n|turn|22\n|\n|t:|1781451971\n|move|p1a: Luvdisc|Surf|p2a: Emboar\n|-supereffective|p2a: Emboar\n|-damage|p2a: Emboar|146/322\n|move|p2a: Emboar|Trailblaze|p1a: Luvdisc\n|-supereffective|p1a: Luvdisc\n|-end|p1a: Luvdisc|Substitute\n|-boost|p2a: Emboar|spe|1\n|\n|-heal|p2a: Emboar|166/322|[from] item: Leftovers\n|upkeep\n|turn|23\n|\n|t:|1781451984\n|-terastallize|p2a: Emboar|Grass\n|move|p1a: Luvdisc|Surf|p2a: Emboar\n|-resisted|p2a: Emboar\n|-damage|p2a: Emboar|117/322\n|move|p2a: Emboar|Bulk Up|p2a: Emboar\n|-boost|p2a: Emboar|atk|1\n|-boost|p2a: Emboar|def|1\n|\n|-heal|p2a: Emboar|137/322|[from] item: Leftovers\n|upkeep\n|turn|24\n|\n|t:|1781451993\n|move|p1a: Luvdisc|Endeavor|p2a: Emboar\n|-damage|p2a: Emboar|125/322\n|move|p2a: Emboar|Bulk Up|p2a: Emboar\n|-boost|p2a: Emboar|atk|1\n|-boost|p2a: Emboar|def|1\n|\n|-heal|p2a: Emboar|145/322|[from] item: Leftovers\n|upkeep\n|turn|25\n|\n|t:|1781451996\n|move|p1a: Luvdisc|Flip Turn|p2a: Emboar\n|-resisted|p2a: Emboar\n|-damage|p2a: Emboar|132/322\n|\n|t:|1781452001\n|switch|p1a: Iron Moth|Iron Moth, L78|253/253|[from] Flip Turn\n|move|p2a: Emboar|Bulk Up|p2a: Emboar\n|-boost|p2a: Emboar|atk|1\n|-boost|p2a: Emboar|def|1\n|\n|-heal|p2a: Emboar|152/322|[from] item: Leftovers\n|upkeep\n|turn|26\n|\n|t:|1781452007\n|move|p2a: Emboar|Flare Blitz|p1a: Iron Moth\n|-resisted|p1a: Iron Moth\n|-crit|p1a: Iron Moth\n|-damage|p1a: Iron Moth|0 fnt\n|faint|p1a: Iron Moth\n|-end|p1a: Iron Moth|Quark Drive|[silent]\n|-damage|p2a: Emboar|69/322|[from] Recoil\n|\n|-heal|p2a: Emboar|89/322|[from] item: Leftovers\n|upkeep\n|\n|t:|1781452013\n|switch|p1a: Gouging Fire|Gouging Fire, L74|277/277\n|turn|27\n|\n|t:|1781452022\n|-terastallize|p1a: Gouging Fire|Fairy\n|move|p2a: Emboar|Drain Punch|p1a: Gouging Fire\n|-resisted|p1a: Gouging Fire\n|-damage|p1a: Gouging Fire|173/277\n|-heal|p2a: Emboar|141/322|[from] drain|[of] p1a: Gouging Fire\n|move|p1a: Gouging Fire|Heat Crash|p2a: Emboar\n|-supereffective|p2a: Emboar\n|-damage|p2a: Emboar|63/322\n|\n|-heal|p2a: Emboar|83/322|[from] item: Leftovers\n|upkeep\n|turn|28\n|\n|t:|1781452036\n|-end|p1a: Gouging Fire|Protosynthesis|[silent]\n|switch|p1a: Leafeon|Leafeon, L88, M|175/258\n|move|p2a: Emboar|Flare Blitz|p1a: Leafeon\n|-supereffective|p1a: Leafeon\n|-damage|p1a: Leafeon|0 fnt\n|faint|p1a: Leafeon\n|-damage|p2a: Emboar|25/322|[from] Recoil\n|\n|-heal|p2a: Emboar|45/322|[from] item: Leftovers\n|upkeep\n|\n|t:|1781452048\n|switch|p1a: Gouging Fire|Gouging Fire, L74, tera:Fairy|173/277\n|turn|29\n|inactive|coolrip has 120 seconds left.\n|\n|t:|1781452102\n|move|p2a: Emboar|Flare Blitz|p1a: Gouging Fire\n|-damage|p1a: Gouging Fire|0 fnt\n|faint|p1a: Gouging Fire\n|-end|p1a: Gouging Fire|Protosynthesis|[silent]\n|-damage|p2a: Emboar|0 fnt|[from] Recoil\n|faint|p2a: Emboar\n|\n|upkeep\n|\n|t:|1781452106\n|switch|p1a: Rabsca|Rabsca, L91, M|284/284\n|switch|p2a: Meowscarada|Meowscarada, L78, F|247/247\n|turn|30\n|\n|t:|1781452113\n|move|p2a: Meowscarada|Knock Off|p1a: Rabsca\n|-start|p2a: Meowscarada|typechange|Dark|[from] ability: Protean\n|-supereffective|p1a: Rabsca\n|-damage|p1a: Rabsca|42/284\n|-enditem|p1a: Rabsca|Heavy-Duty Boots|[from] move: Knock Off|[of] p2a: Meowscarada\n|-damage|p2a: Meowscarada|223/247|[from] item: Life Orb\n|move|p1a: Rabsca|Revival Blessing|p1a: Rabsca\n|\n|t:|1781452122\n|-heal|p1: Gouging Fire|138/277|[from] move: Revival Blessing\n|\n|upkeep\n|turn|31\n|inactive|coolrip has 120 seconds left.\n|\n|t:|1781452134\n|move|p2a: Meowscarada|Knock Off|p1a: Rabsca\n|-supereffective|p1a: Rabsca\n|-damage|p1a: Rabsca|0 fnt\n|faint|p1a: Rabsca\n|-damage|p2a: Meowscarada|199/247|[from] item: Life Orb\n|\n|upkeep\n|\n|t:|1781452142\n|switch|p1a: Luvdisc|Luvdisc, F|125/247\n|turn|32\n|\n|t:|1781452153\n|move|p1a: Luvdisc|Substitute|p1a: Luvdisc\n|-start|p1a: Luvdisc|Substitute\n|-damage|p1a: Luvdisc|64/247\n|move|p2a: Meowscarada|Flower Trick|p1a: Luvdisc\n|-supereffective|p1a: Luvdisc\n|-crit|p1a: Luvdisc\n|-end|p1a: Luvdisc|Substitute\n|-damage|p2a: Meowscarada|175/247|[from] item: Life Orb\n|\n|upkeep\n|turn|33\n|\n|t:|1781452165\n|move|p1a: Luvdisc|Substitute|p1a: Luvdisc\n|-start|p1a: Luvdisc|Substitute\n|-damage|p1a: Luvdisc|3/247\n|move|p2a: Meowscarada|Flower Trick|p1a: Luvdisc\n|-supereffective|p1a: Luvdisc\n|-crit|p1a: Luvdisc\n|-end|p1a: Luvdisc|Substitute\n|-damage|p2a: Meowscarada|151/247|[from] item: Life Orb\n|\n|upkeep\n|turn|34\n|\n|t:|1781452169\n|move|p1a: Luvdisc|Endeavor|p2a: Meowscarada\n|-damage|p2a: Meowscarada|3/247\n|move|p2a: Meowscarada|Flower Trick|p1a: Luvdisc\n|-supereffective|p1a: Luvdisc\n|-crit|p1a: Luvdisc\n|-damage|p1a: Luvdisc|0 fnt\n|faint|p1a: Luvdisc\n|-damage|p2a: Meowscarada|0 fnt|[from] item: Life Orb\n|faint|p2a: Meowscarada\n|\n|upkeep\n|\n|t:|1781452173\n|switch|p1a: Gouging Fire|Gouging Fire, L74|138/277\n|switch|p2a: Terrakion|Terrakion, L79|273/273\n|turn|35\n|\n|t:|1781452177\n|move|p2a: Terrakion|Stone Edge|p1a: Gouging Fire\n|-supereffective|p1a: Gouging Fire\n|-damage|p1a: Gouging Fire|0 fnt\n|faint|p1a: Gouging Fire\n|-end|p1a: Gouging Fire|Protosynthesis|[silent]\n|\n|win|coolrip\n|raw|Micael Lopes's rating: 1811 &rarr; <strong>1792</strong><br />(-19 for losing)\n|raw|coolrip's rating: 1828 &rarr; <strong>1847</strong><br />(+19 for winning)\n|c|\u2606Micael Lopes|**__Sexy game.__**\n|l|\u2606coolrip\n|player|p2|\n", "uploadtime": 1781452186, "views": 3, "formatid": "gen9randombattle", "rating": 1792, "private": 0, "password": null}