{"id": "gen9randombattle-2631882969", "format": "[Gen 9] Random Battle", "players": ["discodiscogoodgood", "Ggs1237"], "log": "|j|\u2606discodiscogoodgood\n|j|\u2606Ggs1237\n|t:|1781451700\n|gametype|singles\n|player|p1|discodiscogoodgood|musician|2099\n|player|p2|Ggs1237|linebacker|2144\n|gen|9\n|tier|[Gen 9] Random Battle\n|rated|\n|rule|Species Clause: Limit one of each Pok\u00e9mon\n|rule|HP Percentage Mod: HP is shown in percentages\n|rule|Sleep Clause Mod: Limit one foe put to sleep\n|rule|Illusion Level Mod: Illusion disguises the Pok\u00e9mon's true level\n|\n|t:|1781451700\n|teamsize|p1|6\n|teamsize|p2|6\n|start\n|switch|p1a: Trevenant|Trevenant, L89, F|296/296\n|switch|p2a: Quaquaval|Quaquaval, L79, F|264/264\n|turn|1\n|inactive|Battle timer is ON: inactive players will automatically lose when time's up. (requested by Ggs1237)\n|\n|t:|1781451707\n|switch|p2a: Tauros|Tauros-Paldea-Blaze, L81, M|254/254\n|-ability|p2a: Tauros|Intimidate|boost\n|-unboost|p1a: Trevenant|atk|1\n|move|p1a: Trevenant|Poltergeist|p2a: Tauros\n|-activate|p2a: Tauros|move: Poltergeist|Choice Band\n|-damage|p2a: Tauros|121/254\n|\n|upkeep\n|turn|2\n|\n|t:|1781451717\n|switch|p1a: Hippowdon|Hippowdon, L82, F|311/311\n|-weather|Sandstorm|[from] ability: Sand Stream|[of] p1a: Hippowdon\n|move|p2a: Tauros|Flare Blitz|p1a: Hippowdon\n|-damage|p1a: Hippowdon|158/311\n|-damage|p2a: Tauros|71/254|[from] Recoil\n|\n|-weather|Sandstorm|[upkeep]\n|-damage|p2a: Tauros|56/254|[from] Sandstorm\n|-heal|p1a: Hippowdon|177/311|[from] item: Leftovers\n|upkeep\n|turn|3\n|\n|t:|1781451726\n|switch|p2a: Bellossom|Bellossom, L84, M|263/263\n|move|p1a: Hippowdon|Earthquake|p2a: Bellossom\n|-resisted|p2a: Bellossom\n|-damage|p2a: Bellossom|209/263\n|\n|-weather|Sandstorm|[upkeep]\n|-damage|p2a: Bellossom|193/263|[from] Sandstorm\n|-heal|p2a: Bellossom|209/263|[from] item: Leftovers\n|-heal|p1a: Hippowdon|196/311|[from] item: Leftovers\n|upkeep\n|turn|4\n|\n|t:|1781451737\n|switch|p1a: Chansey|Chansey, L85, F|564/564\n|move|p2a: Bellossom|Quiver Dance|p2a: Bellossom\n|-boost|p2a: Bellossom|spa|1\n|-boost|p2a: Bellossom|spd|1\n|-boost|p2a: Bellossom|spe|1\n|\n|-weather|Sandstorm|[upkeep]\n|-damage|p2a: Bellossom|193/263|[from] Sandstorm\n|-damage|p1a: Chansey|529/564|[from] Sandstorm\n|-heal|p2a: Bellossom|209/263|[from] item: Leftovers\n|upkeep\n|turn|5\n|\n|t:|1781451742\n|switch|p2a: Metagross|Metagross, L79|256/256\n|move|p1a: Chansey|Thunder Wave|p2a: Metagross\n|-status|p2a: Metagross|par\n|\n|-weather|Sandstorm|[upkeep]\n|-damage|p1a: Chansey|494/564|[from] Sandstorm\n|upkeep\n|turn|6\n|\n|t:|1781451754\n|switch|p1a: Hippowdon|Hippowdon, L82, F|196/311\n|move|p2a: Metagross|Stealth Rock|p1a: Hippowdon\n|-sidestart|p1: discodiscogoodgood|move: Stealth Rock\n|\n|-weather|none\n|-heal|p1a: Hippowdon|215/311|[from] item: Leftovers\n|upkeep\n|turn|7\n|\n|t:|1781451766\n|switch|p2a: Bellossom|Bellossom, L84, M|209/263\n|move|p1a: Hippowdon|Earthquake|p2a: Bellossom\n|-resisted|p2a: Bellossom\n|-damage|p2a: Bellossom|154/263\n|\n|-heal|p2a: Bellossom|170/263|[from] item: Leftovers\n|-heal|p1a: Hippowdon|234/311|[from] item: Leftovers\n|upkeep\n|turn|8\n|\n|t:|1781451776\n|switch|p1a: Chansey|Chansey, L85, F|494/564\n|-damage|p1a: Chansey|424/564|[from] Stealth Rock\n|move|p2a: Bellossom|Giga Drain|p1a: Chansey\n|-damage|p1a: Chansey|376/564\n|-heal|p2a: Bellossom|194/263|[from] drain|[of] p1a: Chansey\n|\n|-heal|p2a: Bellossom|210/263|[from] item: Leftovers\n|upkeep\n|turn|9\n|\n|t:|1781451781\n|switch|p2a: Metagross|Metagross, L79|256/256 par\n|move|p1a: Chansey|Stealth Rock|p2a: Metagross\n|-sidestart|p2: Ggs1237|move: Stealth Rock\n|\n|upkeep\n|turn|10\n|\n|t:|1781451784\n|switch|p1a: Hippowdon|Hippowdon, L82, F|234/311\n|-damage|p1a: Hippowdon|215/311|[from] Stealth Rock\n|-weather|Sandstorm|[from] ability: Sand Stream|[of] p1a: Hippowdon\n|move|p2a: Metagross|Knock Off|p1a: Hippowdon\n|-damage|p1a: Hippowdon|155/311\n|-enditem|p1a: Hippowdon|Leftovers|[from] move: Knock Off|[of] p2a: Metagross\n|\n|-weather|Sandstorm|[upkeep]\n|upkeep\n|turn|11\n|\n|t:|1781451792\n|switch|p2a: Quaquaval|Quaquaval, L79, F|264/264\n|-damage|p2a: Quaquaval|248/264|[from] Stealth Rock\n|move|p1a: Hippowdon|Slack Off|p1a: Hippowdon\n|-heal|p1a: Hippowdon|311/311\n|\n|-weather|Sandstorm|[upkeep]\n|-damage|p2a: Quaquaval|232/264|[from] Sandstorm\n|-heal|p2a: Quaquaval|248/264|[from] item: Leftovers\n|upkeep\n|turn|12\n|\n|t:|1781451804\n|switch|p1a: Trevenant|Trevenant, L89, F|296/296\n|-damage|p1a: Trevenant|259/296|[from] Stealth Rock\n|move|p2a: Quaquaval|Swords Dance|p2a: Quaquaval\n|-boost|p2a: Quaquaval|atk|2\n|\n|-weather|Sandstorm|[upkeep]\n|-damage|p2a: Quaquaval|232/264|[from] Sandstorm\n|-damage|p1a: Trevenant|241/296|[from] Sandstorm\n|-heal|p2a: Quaquaval|248/264|[from] item: Leftovers\n|upkeep\n|turn|13\n|\n|t:|1781451817\n|-terastallize|p2a: Quaquaval|Steel\n|move|p2a: Quaquaval|Swords Dance|p2a: Quaquaval\n|-boost|p2a: Quaquaval|atk|2\n|move|p1a: Trevenant|Horn Leech|p2a: Quaquaval\n|-resisted|p2a: Quaquaval\n|-damage|p2a: Quaquaval|167/264\n|-heal|p1a: Trevenant|282/296|[from] drain|[of] p2a: Quaquaval\n|\n|-weather|Sandstorm|[upkeep]\n|-damage|p1a: Trevenant|264/296|[from] Sandstorm\n|-heal|p2a: Quaquaval|183/264|[from] item: Leftovers\n|upkeep\n|turn|14\n|\n|t:|1781451825\n|move|p2a: Quaquaval|Swords Dance|p2a: Quaquaval\n|-boost|p2a: Quaquaval|atk|2\n|move|p1a: Trevenant|Horn Leech|p2a: Quaquaval\n|-resisted|p2a: Quaquaval\n|-damage|p2a: Quaquaval|94/264\n|-heal|p1a: Trevenant|296/296|[from] drain|[of] p2a: Quaquaval\n|\n|-weather|none\n|-heal|p2a: Quaquaval|110/264|[from] item: Leftovers\n|upkeep\n|turn|15\n|\n|t:|1781451837\n|move|p2a: Quaquaval|Roost|p2a: Quaquaval\n|-heal|p2a: Quaquaval|242/264\n|move|p1a: Trevenant|Horn Leech|p2a: Quaquaval\n|-resisted|p2a: Quaquaval\n|-damage|p2a: Quaquaval|155/264\n|\n|-heal|p2a: Quaquaval|171/264|[from] item: Leftovers\n|upkeep\n|turn|16\n|\n|t:|1781451841\n|move|p2a: Quaquaval|Aqua Step|p1a: Trevenant\n|-resisted|p1a: Trevenant\n|-damage|p1a: Trevenant|122/296\n|-boost|p2a: Quaquaval|spe|1\n|move|p1a: Trevenant|Horn Leech|p2a: Quaquaval\n|-resisted|p2a: Quaquaval\n|-damage|p2a: Quaquaval|90/264\n|-heal|p1a: Trevenant|163/296|[from] drain|[of] p2a: Quaquaval\n|\n|-heal|p2a: Quaquaval|106/264|[from] item: Leftovers\n|upkeep\n|turn|17\n|\n|t:|1781451850\n|move|p2a: Quaquaval|Aqua Step|p1a: Trevenant\n|-resisted|p1a: Trevenant\n|-damage|p1a: Trevenant|0 fnt\n|-boost|p2a: Quaquaval|spe|1\n|faint|p1a: Trevenant\n|\n|-heal|p2a: Quaquaval|122/264|[from] item: Leftovers\n|upkeep\n|\n|t:|1781451856\n|switch|p1a: Cacturne|Cacturne, L92, M|278/278\n|-damage|p1a: Cacturne|244/278|[from] Stealth Rock\n|turn|18\n|\n|t:|1781451861\n|move|p2a: Quaquaval|Roost|p2a: Quaquaval\n|-heal|p2a: Quaquaval|254/264\n|move|p1a: Cacturne|Knock Off|p2a: Quaquaval\n|-damage|p2a: Quaquaval|63/264\n|-enditem|p2a: Quaquaval|Leftovers|[from] move: Knock Off|[of] p1a: Cacturne\n|-damage|p1a: Cacturne|217/278|[from] item: Life Orb\n|\n|upkeep\n|turn|19\n|\n|t:|1781451867\n|move|p2a: Quaquaval|Roost|p2a: Quaquaval\n|-heal|p2a: Quaquaval|195/264\n|move|p1a: Cacturne|Leaf Storm|p2a: Quaquaval\n|-resisted|p2a: Quaquaval\n|-damage|p2a: Quaquaval|47/264\n|-unboost|p1a: Cacturne|spa|2\n|-damage|p1a: Cacturne|190/278|[from] item: Life Orb\n|\n|upkeep\n|turn|20\n|\n|t:|1781451873\n|move|p2a: Quaquaval|Roost|p2a: Quaquaval\n|-heal|p2a: Quaquaval|179/264\n|move|p1a: Cacturne|Knock Off|p2a: Quaquaval\n|-damage|p2a: Quaquaval|43/264\n|-damage|p1a: Cacturne|163/278|[from] item: Life Orb\n|\n|upkeep\n|turn|21\n|\n|t:|1781451879\n|move|p2a: Quaquaval|Close Combat|p1a: Cacturne\n|-supereffective|p1a: Cacturne\n|-damage|p1a: Cacturne|0 fnt\n|-unboost|p2a: Quaquaval|def|1\n|-unboost|p2a: Quaquaval|spd|1\n|faint|p1a: Cacturne\n|\n|upkeep\n|\n|t:|1781451883\n|switch|p1a: Hippowdon|Hippowdon, L82, F|311/311\n|-damage|p1a: Hippowdon|292/311|[from] Stealth Rock\n|-weather|Sandstorm|[from] ability: Sand Stream|[of] p1a: Hippowdon\n|turn|22\n|\n|t:|1781451890\n|move|p2a: Quaquaval|Close Combat|p1a: Hippowdon\n|-damage|p1a: Hippowdon|0 fnt\n|-unboost|p2a: Quaquaval|def|1\n|-unboost|p2a: Quaquaval|spd|1\n|faint|p1a: Hippowdon\n|\n|-weather|Sandstorm|[upkeep]\n|upkeep\n|-message|discodiscogoodgood forfeited.\n|\n|win|Ggs1237\n", "uploadtime": 1781451702, "views": 6, "formatid": "gen9randombattle", "rating": null, "private": 0, "password": null}