{"id": "gen9randombattle-2631648122", "format": "[Gen 9] Random Battle", "players": ["Vaudeville villain", "ato07"], "log": "|j|\u2606Vaudeville villain\n|j|\u203dato07\n|t:|1781414554\n|gametype|singles\n|player|p1|Vaudeville villain|266|2032\n|player|p2|ato07|266|2064\n|gen|9\n|tier|[Gen 9] Random Battle\n|rated|\n|rule|Species Clause: Limit one of each Pok\u00e9mon\n|rule|HP Percentage Mod: HP is shown in percentages\n|rule|Sleep Clause Mod: Limit one foe put to sleep\n|rule|Illusion Level Mod: Illusion disguises the Pok\u00e9mon's true level\n|\n|t:|1781414554\n|teamsize|p1|6\n|teamsize|p2|6\n|start\n|switch|p1a: Hippowdon|Hippowdon, L82, F|311/311\n|switch|p2a: Vaporeon|Vaporeon, L86, F|364/364\n|-weather|Sandstorm|[from] ability: Sand Stream|[of] p1a: Hippowdon\n|turn|1\n|\n|t:|1781414578\n|switch|p1a: Deoxys|Deoxys-Defense, L84|221/221\n|-ability|p1a: Deoxys|Pressure\n|move|p2a: Vaporeon|Scald|p1a: Deoxys\n|-damage|p1a: Deoxys|163/221\n|-status|p1a: Deoxys|brn\n|\n|-weather|Sandstorm|[upkeep]\n|-damage|p1a: Deoxys|150/221 brn|[from] Sandstorm\n|-damage|p2a: Vaporeon|342/364|[from] Sandstorm\n|-heal|p1a: Deoxys|163/221 brn|[from] item: Leftovers\n|-heal|p2a: Vaporeon|364/364|[from] item: Leftovers\n|-damage|p1a: Deoxys|150/221 brn|[from] brn\n|upkeep\n|turn|2\n|\n|t:|1781414601\n|switch|p2a: Jolteon|Jolteon, L84, M|246/246\n|move|p1a: Deoxys|Cosmic Power|p1a: Deoxys\n|-boost|p1a: Deoxys|def|1\n|-boost|p1a: Deoxys|spd|1\n|\n|-weather|Sandstorm|[upkeep]\n|-damage|p2a: Jolteon|231/246|[from] Sandstorm\n|-damage|p1a: Deoxys|137/221 brn|[from] Sandstorm\n|-heal|p1a: Deoxys|150/221 brn|[from] item: Leftovers\n|-damage|p1a: Deoxys|137/221 brn|[from] brn\n|upkeep\n|turn|3\n|\n|t:|1781414612\n|move|p2a: Jolteon|Calm Mind|p2a: Jolteon\n|-boost|p2a: Jolteon|spa|1\n|-boost|p2a: Jolteon|spd|1\n|move|p1a: Deoxys|Recover|p1a: Deoxys\n|-heal|p1a: Deoxys|221/221 brn\n|\n|-weather|Sandstorm|[upkeep]\n|-damage|p2a: Jolteon|216/246|[from] Sandstorm\n|-damage|p1a: Deoxys|208/221 brn|[from] Sandstorm\n|-heal|p1a: Deoxys|221/221 brn|[from] item: Leftovers\n|-damage|p1a: Deoxys|208/221 brn|[from] brn\n|upkeep\n|turn|4\n|\n|t:|1781414625\n|move|p2a: Jolteon|Calm Mind|p2a: Jolteon\n|-boost|p2a: Jolteon|spa|1\n|-boost|p2a: Jolteon|spd|1\n|move|p1a: Deoxys|Cosmic Power|p1a: Deoxys\n|-boost|p1a: Deoxys|def|1\n|-boost|p1a: Deoxys|spd|1\n|\n|-weather|Sandstorm|[upkeep]\n|-damage|p2a: Jolteon|201/246|[from] Sandstorm\n|-damage|p1a: Deoxys|195/221 brn|[from] Sandstorm\n|-heal|p1a: Deoxys|208/221 brn|[from] item: Leftovers\n|-damage|p1a: Deoxys|195/221 brn|[from] brn\n|upkeep\n|turn|5\n|\n|t:|1781414637\n|move|p2a: Jolteon|Alluring Voice|p1a: Deoxys\n|-damage|p1a: Deoxys|148/221 brn\n|-damage|p2a: Jolteon|177/246|[from] item: Life Orb\n|move|p1a: Deoxys|Cosmic Power|p1a: Deoxys\n|-boost|p1a: Deoxys|def|1\n|-boost|p1a: Deoxys|spd|1\n|\n|-weather|none\n|-heal|p1a: Deoxys|161/221 brn|[from] item: Leftovers\n|-damage|p1a: Deoxys|148/221 brn|[from] brn\n|upkeep\n|turn|6\n|\n|t:|1781414649\n|move|p2a: Jolteon|Calm Mind|p2a: Jolteon\n|-boost|p2a: Jolteon|spa|1\n|-boost|p2a: Jolteon|spd|1\n|move|p1a: Deoxys|Cosmic Power|p1a: Deoxys\n|-boost|p1a: Deoxys|def|1\n|-boost|p1a: Deoxys|spd|1\n|\n|-heal|p1a: Deoxys|161/221 brn|[from] item: Leftovers\n|-damage|p1a: Deoxys|148/221 brn|[from] brn\n|upkeep\n|turn|7\n|\n|t:|1781414661\n|move|p2a: Jolteon|Calm Mind|p2a: Jolteon\n|-boost|p2a: Jolteon|spa|1\n|-boost|p2a: Jolteon|spd|1\n|move|p1a: Deoxys|Stored Power|p2a: Jolteon\n|-damage|p2a: Jolteon|131/246\n|\n|-heal|p1a: Deoxys|161/221 brn|[from] item: Leftovers\n|-damage|p1a: Deoxys|148/221 brn|[from] brn\n|upkeep\n|turn|8\n|\n|t:|1781414671\n|move|p2a: Jolteon|Shadow Ball|p1a: Deoxys\n|-supereffective|p1a: Deoxys\n|-damage|p1a: Deoxys|52/221 brn\n|-damage|p2a: Jolteon|107/246|[from] item: Life Orb\n|move|p1a: Deoxys|Cosmic Power|p1a: Deoxys\n|-boost|p1a: Deoxys|def|1\n|-boost|p1a: Deoxys|spd|1\n|\n|-heal|p1a: Deoxys|65/221 brn|[from] item: Leftovers\n|-damage|p1a: Deoxys|52/221 brn|[from] brn\n|upkeep\n|turn|9\n|\n|t:|1781414688\n|-terastallize|p1a: Deoxys|Steel\n|move|p2a: Jolteon|Shadow Ball|p1a: Deoxys\n|-crit|p1a: Deoxys\n|-damage|p1a: Deoxys|0 fnt\n|faint|p1a: Deoxys\n|-damage|p2a: Jolteon|83/246|[from] item: Life Orb\n|\n|upkeep\n|\n|t:|1781414707\n|switch|p1a: Hippowdon|Hippowdon, L82, F|311/311\n|-weather|Sandstorm|[from] ability: Sand Stream|[of] p1a: Hippowdon\n|turn|10\n|\n|t:|1781414712\n|switch|p1a: Swalot|Swalot, L90, M|326/326\n|move|p2a: Jolteon|Shadow Ball|p1a: Swalot\n|-damage|p1a: Swalot|82/326\n|-damage|p2a: Jolteon|59/246|[from] item: Life Orb\n|\n|-weather|Sandstorm|[upkeep]\n|-damage|p2a: Jolteon|44/246|[from] Sandstorm\n|-damage|p1a: Swalot|62/326|[from] Sandstorm\n|-heal|p1a: Swalot|82/326|[from] item: Leftovers\n|upkeep\n|turn|11\n|\n|t:|1781414725\n|move|p2a: Jolteon|Shadow Ball|p1a: Swalot\n|-damage|p1a: Swalot|0 fnt\n|faint|p1a: Swalot\n|-damage|p2a: Jolteon|20/246|[from] item: Life Orb\n|\n|-weather|Sandstorm|[upkeep]\n|-damage|p2a: Jolteon|5/246|[from] Sandstorm\n|upkeep\n|\n|t:|1781414740\n|switch|p1a: Hippowdon|Hippowdon, L82, F|311/311\n|turn|12\n|\n|t:|1781414748\n|move|p2a: Jolteon|Shadow Ball|p1a: Hippowdon\n|-damage|p1a: Hippowdon|42/311\n|-damage|p2a: Jolteon|0 fnt|[from] item: Life Orb\n|faint|p2a: Jolteon\n|move|p1a: Hippowdon|Slack Off|p1a: Hippowdon\n|-heal|p1a: Hippowdon|198/311\n|\n|-weather|Sandstorm|[upkeep]\n|-heal|p1a: Hippowdon|217/311|[from] item: Leftovers\n|upkeep\n|\n|t:|1781414759\n|switch|p2a: Vaporeon|Vaporeon, L86, F|364/364\n|turn|13\n|\n|t:|1781414768\n|switch|p1a: Glalie|Glalie, L96, F|309/309\n|move|p2a: Vaporeon|Scald|p1a: Glalie\n|-damage|p1a: Glalie|222/309\n|\n|-weather|Sandstorm|[upkeep]\n|-damage|p1a: Glalie|203/309|[from] Sandstorm\n|-damage|p2a: Vaporeon|342/364|[from] Sandstorm\n|-heal|p2a: Vaporeon|364/364|[from] item: Leftovers\n|upkeep\n|turn|14\n|\n|t:|1781414782\n|switch|p2a: Probopass|Probopass, L91, F|257/257\n|move|p1a: Glalie|Freeze-Dry|p2a: Probopass\n|-resisted|p2a: Probopass\n|-damage|p2a: Probopass|241/257\n|\n|-weather|none\n|upkeep\n|turn|15\n|\n|t:|1781414808\n|-terastallize|p2a: Probopass|Fighting\n|move|p1a: Glalie|Taunt|p2a: Probopass\n|-start|p2a: Probopass|move: Taunt\n|cant|p2a: Probopass|move: Taunt|Iron Defense\n|\n|upkeep\n|turn|16\n|\n|t:|1781414821\n|switch|p1a: Hippowdon|Hippowdon, L82, F|217/311\n|-weather|Sandstorm|[from] ability: Sand Stream|[of] p1a: Hippowdon\n|move|p2a: Probopass|Body Press|p1a: Hippowdon\n|-damage|p1a: Hippowdon|97/311\n|\n|-weather|Sandstorm|[upkeep]\n|-damage|p2a: Probopass|225/257|[from] Sandstorm\n|-heal|p1a: Hippowdon|116/311|[from] item: Leftovers\n|upkeep\n|turn|17\n|\n|t:|1781414835\n|move|p2a: Probopass|Body Press|p1a: Hippowdon\n|-damage|p1a: Hippowdon|5/311\n|move|p1a: Hippowdon|Slack Off|p1a: Hippowdon\n|-heal|p1a: Hippowdon|161/311\n|\n|-weather|Sandstorm|[upkeep]\n|-damage|p2a: Probopass|209/257|[from] Sandstorm\n|-heal|p1a: Hippowdon|180/311|[from] item: Leftovers\n|-end|p2a: Probopass|move: Taunt\n|upkeep\n|turn|18\n|\n|t:|1781414855\n|move|p2a: Probopass|Iron Defense|p2a: Probopass\n|-boost|p2a: Probopass|def|2\n|move|p1a: Hippowdon|Curse|p1a: Hippowdon\n|-unboost|p1a: Hippowdon|spe|1\n|-boost|p1a: Hippowdon|atk|1\n|-boost|p1a: Hippowdon|def|1\n|\n|-weather|Sandstorm|[upkeep]\n|-damage|p2a: Probopass|193/257|[from] Sandstorm\n|-heal|p1a: Hippowdon|199/311|[from] item: Leftovers\n|upkeep\n|turn|19\n|\n|t:|1781414878\n|move|p2a: Probopass|Iron Defense|p2a: Probopass\n|-boost|p2a: Probopass|def|2\n|move|p1a: Hippowdon|Slack Off|p1a: Hippowdon\n|-heal|p1a: Hippowdon|311/311\n|\n|-weather|Sandstorm|[upkeep]\n|-damage|p2a: Probopass|177/257|[from] Sandstorm\n|upkeep\n|turn|20\n|\n|t:|1781414899\n|move|p2a: Probopass|Iron Defense|p2a: Probopass\n|-boost|p2a: Probopass|def|2\n|move|p1a: Hippowdon|Curse|p1a: Hippowdon\n|-unboost|p1a: Hippowdon|spe|1\n|-boost|p1a: Hippowdon|atk|1\n|-boost|p1a: Hippowdon|def|1\n|\n|-weather|none\n|upkeep\n|turn|21\n|\n|t:|1781414910\n|move|p2a: Probopass|Body Press|p1a: Hippowdon\n|-damage|p1a: Hippowdon|100/311\n|move|p1a: Hippowdon|Curse|p1a: Hippowdon\n|-unboost|p1a: Hippowdon|spe|1\n|-boost|p1a: Hippowdon|atk|1\n|-boost|p1a: Hippowdon|def|1\n|\n|-heal|p1a: Hippowdon|119/311|[from] item: Leftovers\n|upkeep\n|turn|22\n|l|\u2606Vaudeville villain\n|player|p1|\n|j|\u2606Vaudeville villain\n|player|p1|Vaudeville villain|266|\n|\n|t:|1781414951\n|move|p2a: Probopass|Body Press|p1a: Hippowdon\n|-damage|p1a: Hippowdon|0 fnt\n|faint|p1a: Hippowdon\n|\n|upkeep\n|inactive|Battle timer is ON: inactive players will automatically lose when time's up. (requested by ato07)\n|\n|t:|1781414972\n|switch|p1a: Glalie|Glalie, L96, F|203/309\n|turn|23\n|\n|t:|1781414987\n|move|p1a: Glalie|Freeze-Dry|p2a: Probopass\n|-damage|p2a: Probopass|129/257\n|-status|p2a: Probopass|frz\n|-curestatus|p2a: Probopass|frz|[msg]\n|move|p2a: Probopass|Body Press|p1a: Glalie\n|-supereffective|p1a: Glalie\n|-damage|p1a: Glalie|0 fnt\n|faint|p1a: Glalie\n|\n|upkeep\n|j| Zyroth_7\n|inactive|Vaudeville villain has 120 seconds left.\n|\n|t:|1781415016\n|switch|p1a: Iron Hands|Iron Hands, L79|373/373\n|turn|24\n|inactive|Vaudeville villain has 120 seconds left.\n|\n|t:|1781415046\n|move|p2a: Probopass|Body Press|p1a: Iron Hands\n|-damage|p1a: Iron Hands|0 fnt\n|faint|p1a: Iron Hands\n|-end|p1a: Iron Hands|Quark Drive|[silent]\n|\n|upkeep\n|\n|t:|1781415053\n|switch|p1a: Blaziken|Blaziken, L76, M|247/247\n|turn|25\n|\n|t:|1781415072\n|move|p1a: Blaziken|Close Combat|p2a: Probopass\n|-damage|p2a: Probopass|104/257\n|-unboost|p1a: Blaziken|def|1\n|-unboost|p1a: Blaziken|spd|1\n|-damage|p1a: Blaziken|223/247|[from] item: Life Orb\n|move|p2a: Probopass|Body Press|p1a: Blaziken\n|-damage|p1a: Blaziken|0 fnt\n|faint|p1a: Blaziken\n|\n|win|ato07\n", "uploadtime": 1781414555, "views": 3, "formatid": "gen9randombattle", "rating": null, "private": 0, "password": null}