{"id": "gen9randombattle-2631416736", "format": "[Gen 9] Random Battle", "players": ["poopoocowmoo", "Sel2a707"], "log": "|j|\u2606poopoocowmoo\n|j|\u2606Sel2a707\n|t:|1781382071\n|gametype|singles\n|player|p1|poopoocowmoo|dragontamer|2114\n|player|p2|Sel2a707|youngster-gen4dp|2143\n|gen|9\n|tier|[Gen 9] Random Battle\n|rated|\n|rule|Species Clause: Limit one of each Pok\u00e9mon\n|rule|HP Percentage Mod: HP is shown in percentages\n|rule|Sleep Clause Mod: Limit one foe put to sleep\n|rule|Illusion Level Mod: Illusion disguises the Pok\u00e9mon's true level\n|\n|t:|1781382071\n|teamsize|p1|6\n|teamsize|p2|6\n|start\n|switch|p1a: Samurott|Samurott-Hisui, L77, M|265/265\n|switch|p2a: Cresselia|Cresselia, L80, F|323/323\n|turn|1\n|inactive|Battle timer is ON: inactive players will automatically lose when time's up. (requested by Sel2a707)\n|\n|t:|1781382087\n|switch|p2a: Weezing|Weezing-Galar, L86, F|252/252\n|move|p1a: Samurott|Ceaseless Edge|p2a: Weezing\n|-resisted|p2a: Weezing\n|-damage|p2a: Weezing|205/252\n|-sidestart|p2: Sel2a707|Spikes\n|-damage|p1a: Samurott|239/265|[from] item: Life Orb\n|\n|-heal|p2a: Weezing|220/252|[from] item: Leftovers\n|upkeep\n|turn|2\n|\n|t:|1781382110\n|switch|p1a: Incineroar|Incineroar, L82, F|290/290\n|-ability|p1a: Incineroar|Intimidate|boost\n|-unboost|p2a: Weezing|atk|1\n|move|p2a: Weezing|Strange Steam|p1a: Incineroar\n|-damage|p1a: Incineroar|226/290\n|\n|-heal|p2a: Weezing|235/252|[from] item: Leftovers\n|upkeep\n|turn|3\n|\n|t:|1781382123\n|move|p2a: Weezing|Defog|p1a: Incineroar\n|-unboost|p1a: Incineroar|evasion|1\n|-sideend|p2: Sel2a707|Spikes|[from] move: Defog|[of] p2a: Weezing\n|move|p1a: Incineroar|Overheat|p2a: Weezing\n|-damage|p2a: Weezing|108/252\n|-unboost|p1a: Incineroar|spa|2\n|\n|-heal|p2a: Weezing|123/252|[from] item: Leftovers\n|upkeep\n|turn|4\n|\n|t:|1781382134\n|move|p2a: Weezing|Pain Split|p1a: Incineroar\n|-sethp|p1a: Incineroar|174/290|[from] move: Pain Split|[silent]\n|-sethp|p2a: Weezing|174/252|[from] move: Pain Split\n|move|p1a: Incineroar|Knock Off|p2a: Weezing\n|-resisted|p2a: Weezing\n|-damage|p2a: Weezing|132/252\n|-enditem|p2a: Weezing|Leftovers|[from] move: Knock Off|[of] p1a: Incineroar\n|\n|upkeep\n|turn|5\n|\n|t:|1781382150\n|move|p2a: Weezing|Pain Split|p1a: Incineroar\n|-sethp|p1a: Incineroar|153/290|[from] move: Pain Split|[silent]\n|-sethp|p2a: Weezing|153/252|[from] move: Pain Split\n|move|p1a: Incineroar|Overheat|p2a: Weezing\n|-damage|p2a: Weezing|90/252\n|-unboost|p1a: Incineroar|spa|2\n|\n|upkeep\n|turn|6\n|inactive|poopoocowmoo has 120 seconds left.\n|\n|t:|1781382168\n|move|p2a: Weezing|Pain Split|p1a: Incineroar\n|-sethp|p1a: Incineroar|121/290|[from] move: Pain Split|[silent]\n|-sethp|p2a: Weezing|121/252|[from] move: Pain Split\n|move|p1a: Incineroar|U-turn|p2a: Weezing\n|-resisted|p2a: Weezing\n|-damage|p2a: Weezing|111/252\n|inactive|poopoocowmoo has 120 seconds left.\n|\n|t:|1781382185\n|switch|p1a: Zebstrika|Zebstrika, L87, M|272/272|[from] U-turn\n|\n|upkeep\n|turn|7\n|\n|t:|1781382200\n|switch|p2a: Rhydon|Rhydon, L85, F|317/317\n|move|p1a: Zebstrika|Volt Switch|p2a: Rhydon\n|-ability|p2a: Rhydon|Lightning Rod|boost\n|-boost|p2a: Rhydon|spa|1\n|\n|upkeep\n|turn|8\n|\n|t:|1781382212\n|switch|p1a: Skarmory|Skarmory, L80, F|235/235\n|move|p2a: Rhydon|Earthquake|p1a: Skarmory\n|-immune|p1a: Skarmory\n|\n|upkeep\n|turn|9\n|\n|t:|1781382220\n|move|p1a: Skarmory|Spikes|p2a: Rhydon\n|-sidestart|p2: Sel2a707|Spikes\n|move|p2a: Rhydon|Swords Dance|p2a: Rhydon\n|-boost|p2a: Rhydon|atk|2\n|\n|upkeep\n|turn|10\n|\n|t:|1781382229\n|move|p2a: Rhydon|Stone Edge|p1a: Skarmory\n|-damage|p1a: Skarmory|24/235\n|move|p1a: Skarmory|Whirlwind|p2a: Rhydon\n|drag|p2a: Dipplin|Dipplin, L88, M|284/284\n|-damage|p2a: Dipplin|249/284|[from] Spikes\n|\n|upkeep\n|turn|11\n|inactive|poopoocowmoo has 120 seconds left.\n|\n|t:|1781382244\n|switch|p2a: Weezing|Weezing-Galar, L86, F|111/252\n|move|p1a: Skarmory|Roost|p1a: Skarmory\n|-heal|p1a: Skarmory|142/235\n|-singleturn|p1a: Skarmory|move: Roost\n|\n|upkeep\n|turn|12\n|inactive|poopoocowmoo has 120 seconds left.\n|\n|t:|1781382255\n|move|p1a: Skarmory|Brave Bird|p2a: Weezing\n|-damage|p2a: Weezing|32/252\n|-damage|p1a: Skarmory|116/235|[from] Recoil\n|move|p2a: Weezing|Defog|p1a: Skarmory\n|-unboost|p1a: Skarmory|evasion|1\n|-sideend|p2: Sel2a707|Spikes|[from] move: Defog|[of] p2a: Weezing\n|\n|upkeep\n|turn|13\n|\n|t:|1781382267\n|switch|p2a: Rhydon|Rhydon, L85, F|317/317\n|move|p1a: Skarmory|Brave Bird|p2a: Rhydon\n|-resisted|p2a: Rhydon\n|-damage|p2a: Rhydon|293/317\n|-damage|p1a: Skarmory|108/235|[from] Recoil\n|\n|upkeep\n|turn|14\n|inactive|poopoocowmoo has 120 seconds left.\n|\n|t:|1781382292\n|move|p1a: Skarmory|Spikes|p2a: Rhydon\n|-sidestart|p2: Sel2a707|Spikes\n|move|p2a: Rhydon|Swords Dance|p2a: Rhydon\n|-boost|p2a: Rhydon|atk|2\n|\n|upkeep\n|turn|15\n|\n|t:|1781382302\n|move|p1a: Skarmory|Roost|p1a: Skarmory\n|-heal|p1a: Skarmory|226/235\n|-singleturn|p1a: Skarmory|move: Roost\n|move|p2a: Rhydon|Stone Edge|p1a: Skarmory\n|-resisted|p1a: Skarmory\n|-damage|p1a: Skarmory|130/235\n|\n|upkeep\n|turn|16\n|\n|t:|1781382320\n|move|p2a: Rhydon|Stone Edge|p1a: Skarmory\n|-crit|p1a: Skarmory\n|-damage|p1a: Skarmory|0 fnt\n|faint|p1a: Skarmory\n|\n|upkeep\n|\n|t:|1781382325\n|switch|p1a: Samurott|Samurott-Hisui, L77, M|239/265\n|turn|17\n|\n|t:|1781382335\n|switch|p2a: Dipplin|Dipplin, L88, M|249/284\n|-damage|p2a: Dipplin|214/284|[from] Spikes\n|move|p1a: Samurott|Razor Shell|p2a: Dipplin\n|-resisted|p2a: Dipplin\n|-damage|p2a: Dipplin|195/284\n|-unboost|p2a: Dipplin|def|1\n|-damage|p1a: Samurott|213/265|[from] item: Life Orb\n|\n|upkeep\n|turn|18\n|inactive|poopoocowmoo has 120 seconds left.\n|\n|t:|1781382352\n|move|p1a: Samurott|Ceaseless Edge|p2a: Dipplin\n|-damage|p2a: Dipplin|105/284\n|-sidestart|p2: Sel2a707|Spikes\n|-damage|p1a: Samurott|187/265|[from] item: Life Orb\n|move|p2a: Dipplin|Giga Drain|p1a: Samurott\n|-supereffective|p1a: Samurott\n|-damage|p1a: Samurott|0 fnt\n|-heal|p2a: Dipplin|199/284|[from] drain|[of] p1a: Samurott\n|faint|p1a: Samurott\n|\n|upkeep\n|\n|t:|1781382364\n|switch|p1a: Incineroar|Incineroar, L82, F|121/290\n|-ability|p1a: Incineroar|Intimidate|boost\n|-unboost|p2a: Dipplin|atk|1\n|turn|19\n|\n|t:|1781382373\n|move|p1a: Incineroar|U-turn|p2a: Dipplin\n|-supereffective|p2a: Dipplin\n|-damage|p2a: Dipplin|105/284\n|\n|t:|1781382392\n|switch|p1a: Zebstrika|Zebstrika, L87, M|272/272|[from] U-turn\n|move|p2a: Dipplin|Recover|p2a: Dipplin\n|-heal|p2a: Dipplin|247/284\n|\n|upkeep\n|turn|20\n|\n|t:|1781382401\n|switch|p1a: Incineroar|Incineroar, L82, F|121/290\n|-ability|p1a: Incineroar|Intimidate|boost\n|-unboost|p2a: Dipplin|atk|1\n|move|p2a: Dipplin|Dragon Pulse|p1a: Incineroar\n|-damage|p1a: Incineroar|57/290\n|\n|upkeep\n|turn|21\n|inactive|poopoocowmoo has 120 seconds left.\n|\n|t:|1781382411\n|move|p1a: Incineroar|Fake Out|p2a: Dipplin\n|-damage|p2a: Dipplin|220/284\n|cant|p2a: Dipplin|flinch\n|\n|upkeep\n|turn|22\n|\n|t:|1781382420\n|move|p1a: Incineroar|U-turn|p2a: Dipplin\n|-supereffective|p2a: Dipplin\n|-damage|p2a: Dipplin|138/284\n|inactive|poopoocowmoo has 120 seconds left.\n|\n|t:|1781382438\n|switch|p1a: Zamazenta|Zamazenta, L71|248/248|[from] U-turn\n|-ability|p1a: Zamazenta|Dauntless Shield|boost\n|-boost|p1a: Zamazenta|def|1\n|move|p2a: Dipplin|Recover|p2a: Dipplin\n|-heal|p2a: Dipplin|280/284\n|\n|upkeep\n|turn|23\n|inactive|poopoocowmoo has 120 seconds left.\n|\n|t:|1781382447\n|move|p1a: Zamazenta|Close Combat|p2a: Dipplin\n|-damage|p2a: Dipplin|136/284\n|-unboost|p1a: Zamazenta|def|1\n|-unboost|p1a: Zamazenta|spd|1\n|move|p2a: Dipplin|Dragon Tail|p1a: Zamazenta|[miss]\n|-miss|p2a: Dipplin|p1a: Zamazenta\n|\n|upkeep\n|turn|24\n|inactive|poopoocowmoo has 120 seconds left.\n|\n|t:|1781382460\n|switch|p1a: Incineroar|Incineroar, L82, F|57/290\n|-ability|p1a: Incineroar|Intimidate|boost\n|-unboost|p2a: Dipplin|atk|1\n|switch|p2a: Cresselia|Cresselia, L80, F|323/323\n|\n|upkeep\n|turn|25\n|inactive|poopoocowmoo has 120 seconds left.\n|\n|t:|1781382475\n|switch|p2a: Tyranitar|Tyranitar, L78, M|284/284\n|-damage|p2a: Tyranitar|237/284|[from] Spikes\n|-weather|Sandstorm|[from] ability: Sand Stream|[of] p2a: Tyranitar\n|move|p1a: Incineroar|Knock Off|p2a: Tyranitar\n|-resisted|p2a: Tyranitar\n|-damage|p2a: Tyranitar|184/284\n|-enditem|p2a: Tyranitar|Assault Vest|[from] move: Knock Off|[of] p1a: Incineroar\n|\n|-weather|Sandstorm|[upkeep]\n|-damage|p1a: Incineroar|39/290|[from] Sandstorm\n|upkeep\n|turn|26\n|inactive|poopoocowmoo has 120 seconds left.\n|\n|t:|1781382495\n|move|p1a: Incineroar|U-turn|p2a: Tyranitar\n|-supereffective|p2a: Tyranitar\n|-damage|p2a: Tyranitar|82/284\n|inactive|poopoocowmoo has 120 seconds left.\n|\n|t:|1781382510\n|switch|p1a: Zamazenta|Zamazenta, L71|248/248|[from] U-turn\n|move|p2a: Tyranitar|Earthquake|p1a: Zamazenta\n|-damage|p1a: Zamazenta|177/248\n|\n|-weather|Sandstorm|[upkeep]\n|-damage|p1a: Zamazenta|162/248|[from] Sandstorm\n|upkeep\n|turn|27\n|inactive|poopoocowmoo has 90 seconds left.\n|\n|t:|1781382549\n|move|p1a: Zamazenta|Iron Head|p2a: Tyranitar\n|-supereffective|p2a: Tyranitar\n|-damage|p2a: Tyranitar|0 fnt\n|faint|p2a: Tyranitar\n|\n|-weather|Sandstorm|[upkeep]\n|-damage|p1a: Zamazenta|147/248|[from] Sandstorm\n|upkeep\n|\n|t:|1781382563\n|switch|p2a: Cresselia|Cresselia, L80, F|323/323\n|turn|28\n|inactive|poopoocowmoo has 90 seconds left.\n|\n|t:|1781382596\n|switch|p1a: Zebstrika|Zebstrika, L87, M|272/272\n|move|p2a: Cresselia|Calm Mind|p2a: Cresselia\n|-boost|p2a: Cresselia|spa|1\n|-boost|p2a: Cresselia|spd|1\n|\n|-weather|Sandstorm|[upkeep]\n|-damage|p1a: Zebstrika|255/272|[from] Sandstorm\n|-damage|p2a: Cresselia|303/323|[from] Sandstorm\n|-heal|p2a: Cresselia|323/323|[from] item: Leftovers\n|upkeep\n|turn|29\n|\n|t:|1781382617\n|move|p1a: Zebstrika|Supercell Slam|p2a: Cresselia\n|-damage|p2a: Cresselia|190/323\n|-damage|p1a: Zebstrika|228/272|[from] item: Life Orb\n|move|p2a: Cresselia|Psyshock|p1a: Zebstrika\n|-damage|p1a: Zebstrika|119/272\n|\n|-weather|none\n|-heal|p2a: Cresselia|210/323|[from] item: Leftovers\n|upkeep\n|turn|30\n|\n|t:|1781382633\n|move|p1a: Zebstrika|Volt Switch|p2a: Cresselia\n|-damage|p2a: Cresselia|159/323\n|-damage|p1a: Zebstrika|92/272|[from] item: Life Orb\n|\n|t:|1781382636\n|switch|p1a: Incineroar|Incineroar, L82, F|39/290|[from] Volt Switch\n|-ability|p1a: Incineroar|Intimidate|boost\n|-unboost|p2a: Cresselia|atk|1\n|move|p2a: Cresselia|Moonlight|p2a: Cresselia\n|-heal|p2a: Cresselia|320/323\n|\n|-heal|p2a: Cresselia|323/323|[from] item: Leftovers\n|upkeep\n|turn|31\n|\n|t:|1781382647\n|move|p1a: Incineroar|Fake Out|p2a: Cresselia\n|-damage|p2a: Cresselia|298/323\n|cant|p2a: Cresselia|flinch\n|\n|-heal|p2a: Cresselia|318/323|[from] item: Leftovers\n|upkeep\n|turn|32\n|\n|t:|1781382655\n|move|p2a: Cresselia|Thunderbolt|p1a: Incineroar\n|-damage|p1a: Incineroar|0 fnt\n|faint|p1a: Incineroar\n|\n|-heal|p2a: Cresselia|323/323|[from] item: Leftovers\n|upkeep\n|inactive|poopoocowmoo has 60 seconds left.\n|\n|t:|1781382694\n|switch|p1a: Falinks|Falinks, L84|246/246\n|turn|33\n|\n|t:|1781382705\n|-terastallize|p1a: Falinks|Dark\n|move|p2a: Cresselia|Thunderbolt|p1a: Falinks\n|-damage|p1a: Falinks|149/246\n|move|p1a: Falinks|No Retreat|p1a: Falinks\n|-boost|p1a: Falinks|atk|1\n|-boost|p1a: Falinks|def|1\n|-boost|p1a: Falinks|spa|1\n|-boost|p1a: Falinks|spd|1\n|-boost|p1a: Falinks|spe|1\n|-start|p1a: Falinks|move: No Retreat\n|\n|upkeep\n|turn|34\n|\n|t:|1781382719\n|-terastallize|p2a: Cresselia|Electric\n|move|p1a: Falinks|Knock Off|p2a: Cresselia\n|-damage|p2a: Cresselia|155/323\n|-enditem|p2a: Cresselia|Leftovers|[from] move: Knock Off|[of] p1a: Falinks\n|-damage|p1a: Falinks|125/246|[from] item: Life Orb\n|move|p2a: Cresselia|Thunderbolt|p1a: Falinks\n|-damage|p1a: Falinks|28/246\n|\n|upkeep\n|turn|35\n|\n|t:|1781382730\n|switch|p2a: Weezing|Weezing-Galar, L86, F|32/252\n|move|p1a: Falinks|Close Combat|p2a: Weezing\n|-resisted|p2a: Weezing\n|-damage|p2a: Weezing|0 fnt\n|-unboost|p1a: Falinks|def|1\n|-unboost|p1a: Falinks|spd|1\n|faint|p2a: Weezing\n|-damage|p1a: Falinks|4/246|[from] item: Life Orb\n|\n|upkeep\n|\n|t:|1781382751\n|switch|p2a: Dipplin|Dipplin, L88, M|136/284\n|-damage|p2a: Dipplin|89/284|[from] Spikes\n|turn|36\n|inactive|poopoocowmoo has 90 seconds left.\n|\n|t:|1781382757\n|move|p1a: Falinks|Close Combat|p2a: Dipplin\n|-damage|p2a: Dipplin|0 fnt\n|-unboost|p1a: Falinks|def|1\n|-unboost|p1a: Falinks|spd|1\n|faint|p2a: Dipplin\n|-damage|p1a: Falinks|0 fnt|[from] item: Life Orb\n|faint|p1a: Falinks\n|\n|upkeep\n|inactive|poopoocowmoo has 90 seconds left.\n|inactive|Sel2a707 has 120 seconds left.\n|\n|t:|1781382777\n|switch|p1a: Zamazenta|Zamazenta, L71|147/248\n|switch|p2a: Cresselia|Cresselia, L80, F, tera:Electric|155/323\n|turn|37\n|inactive|Sel2a707 has 120 seconds left.\n|\n|t:|1781382784\n|move|p1a: Zamazenta|Close Combat|p2a: Cresselia\n|-damage|p2a: Cresselia|2/323\n|-unboost|p1a: Zamazenta|def|1\n|-unboost|p1a: Zamazenta|spd|1\n|move|p2a: Cresselia|Psyshock|p1a: Zamazenta\n|-supereffective|p1a: Zamazenta\n|-damage|p1a: Zamazenta|0 fnt\n|faint|p1a: Zamazenta\n|\n|upkeep\n|\n|t:|1781382791\n|switch|p1a: Zebstrika|Zebstrika, L87, M|92/272\n|turn|38\n|\n|t:|1781382797\n|switch|p2a: Rhydon|Rhydon, L85, F|293/317\n|-damage|p2a: Rhydon|241/317|[from] Spikes\n|move|p1a: Zebstrika|Volt Switch|p2a: Rhydon\n|-ability|p2a: Rhydon|Lightning Rod|boost\n|-boost|p2a: Rhydon|spa|1\n|\n|upkeep\n|turn|39\n|\n|t:|1781382805\n|move|p1a: Zebstrika|High Horsepower|p2a: Rhydon|[miss]\n|-miss|p1a: Zebstrika|p2a: Rhydon\n|move|p2a: Rhydon|Earthquake|p1a: Zebstrika\n|-supereffective|p1a: Zebstrika\n|-damage|p1a: Zebstrika|0 fnt\n|faint|p1a: Zebstrika\n|\n|win|Sel2a707\n", "uploadtime": 1781382073, "views": 8, "formatid": "gen9randombattle", "rating": null, "private": 0, "password": null}