{"id": "gen9randombattle-2631936119", "format": "[Gen 9] Random Battle", "players": ["danmoses", "Jhon Xina"], "log": "|j|\u2606danmoses\n|j|\u2606Jhon Xina\n|t:|1781457485\n|gametype|singles\n|player|p1|danmoses|whitney|1945\n|player|p2|Jhon Xina|1|2031\n|gen|9\n|tier|[Gen 9] Random Battle\n|rated|\n|rule|Species Clause: Limit one of each Pok\u00e9mon\n|rule|HP Percentage Mod: HP is shown in percentages\n|rule|Sleep Clause Mod: Limit one foe put to sleep\n|rule|Illusion Level Mod: Illusion disguises the Pok\u00e9mon's true level\n|\n|t:|1781457485\n|teamsize|p1|6\n|teamsize|p2|6\n|start\n|switch|p1a: Duraludon|Duraludon, L82, F|249/249\n|switch|p2a: Entei|Entei, L78|307/307\n|turn|1\n|inactive|Battle timer is ON: inactive players will automatically lose when time's up. (requested by Jhon Xina)\n|inactive|danmoses also wants the timer to be on.\n|\n|t:|1781457496\n|move|p2a: Entei|Sacred Fire|p1a: Duraludon\n|-damage|p1a: Duraludon|164/249\n|-status|p1a: Duraludon|brn\n|move|p1a: Duraludon|Thunder Wave|p2a: Entei|[miss]\n|-miss|p1a: Duraludon|p2a: Entei\n|\n|-damage|p1a: Duraludon|149/249 brn|[from] brn\n|upkeep\n|turn|2\n|\n|t:|1781457502\n|switch|p2a: Dedenne|Dedenne, L88, F|261/261\n|move|p1a: Duraludon|Draco Meteor|p2a: Dedenne\n|-immune|p2a: Dedenne\n|\n|-damage|p1a: Duraludon|134/249 brn|[from] brn\n|upkeep\n|turn|3\n|\n|t:|1781457514\n|switch|p1a: Lycanroc|Lycanroc-Midnight, L89, M|296/296\n|move|p2a: Dedenne|Dazzling Gleam|p1a: Lycanroc\n|-damage|p1a: Lycanroc|214/296\n|\n|upkeep\n|turn|4\n|\n|t:|1781457520\n|move|p2a: Dedenne|U-turn|p1a: Lycanroc\n|-damage|p1a: Lycanroc|177/296\n|\n|t:|1781457525\n|switch|p2a: Serperior|Serperior, L79, F|248/248|[from] U-turn\n|move|p1a: Lycanroc|Stealth Rock|p2a: Serperior\n|-sidestart|p2: Jhon Xina|move: Stealth Rock\n|\n|upkeep\n|turn|5\n|\n|t:|1781457540\n|switch|p1a: Kommo-o|Kommo-o, L78, F|245/245\n|move|p2a: Serperior|Substitute|p2a: Serperior\n|-start|p2a: Serperior|Substitute\n|-damage|p2a: Serperior|186/248\n|\n|-heal|p2a: Serperior|201/248|[from] item: Leftovers\n|upkeep\n|turn|6\n|\n|t:|1781457548\n|move|p2a: Serperior|Leech Seed|p1a: Kommo-o\n|-start|p1a: Kommo-o|move: Leech Seed\n|move|p1a: Kommo-o|Clangorous Soul|p1a: Kommo-o\n|-boost|p1a: Kommo-o|atk|1\n|-boost|p1a: Kommo-o|def|1\n|-boost|p1a: Kommo-o|spa|1\n|-boost|p1a: Kommo-o|spd|1\n|-boost|p1a: Kommo-o|spe|1\n|-damage|p1a: Kommo-o|165/245\n|-enditem|p1a: Kommo-o|Throat Spray\n|-boost|p1a: Kommo-o|spa|1|[from] item: Throat Spray\n|\n|-heal|p2a: Serperior|216/248|[from] item: Leftovers\n|-damage|p1a: Kommo-o|135/245|[from] Leech Seed|[of] p2a: Serperior\n|-heal|p2a: Serperior|246/248|[silent]\n|upkeep\n|turn|7\n|\n|t:|1781457553\n|move|p1a: Kommo-o|Clanging Scales|p2a: Serperior\n|-damage|p2a: Serperior|33/248\n|-unboost|p1a: Kommo-o|def|1\n|move|p2a: Serperior|Dragon Pulse|p1a: Kommo-o\n|-supereffective|p1a: Kommo-o\n|-damage|p1a: Kommo-o|83/245\n|\n|-heal|p2a: Serperior|48/248|[from] item: Leftovers\n|-damage|p1a: Kommo-o|53/245|[from] Leech Seed|[of] p2a: Serperior\n|-heal|p2a: Serperior|78/248|[silent]\n|upkeep\n|turn|8\n|\n|t:|1781457562\n|switch|p2a: Dedenne|Dedenne, L88, F|261/261\n|-damage|p2a: Dedenne|229/261|[from] Stealth Rock\n|move|p1a: Kommo-o|Clanging Scales|p2a: Dedenne\n|-immune|p2a: Dedenne\n|\n|-damage|p1a: Kommo-o|23/245|[from] Leech Seed|[of] p2a: Dedenne\n|-heal|p2a: Dedenne|259/261|[silent]\n|upkeep\n|turn|9\n|\n|t:|1781457577\n|switch|p2a: Entei|Entei, L78|307/307\n|-damage|p2a: Entei|231/307|[from] Stealth Rock\n|move|p1a: Kommo-o|Iron Head|p2a: Entei\n|-resisted|p2a: Entei\n|-damage|p2a: Entei|187/307\n|\n|-damage|p1a: Kommo-o|0 fnt|[from] Leech Seed|[of] p2a: Entei\n|-heal|p2a: Entei|210/307|[silent]\n|faint|p1a: Kommo-o\n|upkeep\n|\n|t:|1781457584\n|switch|p1a: Quaquaval|Quaquaval, L79, F|264/264\n|turn|10\n|\n|t:|1781457592\n|switch|p2a: Flapple|Flapple, L88, M|266/266\n|-damage|p2a: Flapple|233/266|[from] Stealth Rock\n|move|p1a: Quaquaval|Aqua Step|p2a: Flapple\n|-resisted|p2a: Flapple\n|-damage|p2a: Flapple|202/266\n|-boost|p1a: Quaquaval|spe|1\n|-damage|p1a: Quaquaval|238/264|[from] item: Life Orb\n|\n|upkeep\n|turn|11\n|\n|t:|1781457599\n|move|p1a: Quaquaval|Knock Off|p2a: Flapple\n|-damage|p2a: Flapple|114/266\n|-enditem|p2a: Flapple|Lum Berry|[from] move: Knock Off|[of] p1a: Quaquaval\n|-damage|p1a: Quaquaval|212/264|[from] item: Life Orb\n|move|p2a: Flapple|Grav Apple|p1a: Quaquaval\n|-supereffective|p1a: Quaquaval\n|-damage|p1a: Quaquaval|0 fnt\n|faint|p1a: Quaquaval\n|\n|upkeep\n|\n|t:|1781457610\n|switch|p1a: Lycanroc|Lycanroc-Midnight, L89, M|177/296\n|turn|12\n|\n|t:|1781457613\n|move|p2a: Flapple|Sucker Punch|p1a: Lycanroc\n|-crit|p1a: Lycanroc\n|-damage|p1a: Lycanroc|35/296\n|move|p1a: Lycanroc|Stone Edge|p2a: Flapple\n|-damage|p2a: Flapple|0 fnt\n|faint|p2a: Flapple\n|-damage|p1a: Lycanroc|6/296|[from] item: Life Orb\n|\n|upkeep\n|\n|t:|1781457620\n|switch|p2a: Serperior|Serperior, L79, F|78/248\n|-damage|p2a: Serperior|47/248|[from] Stealth Rock\n|turn|13\n|inactive|Jhon Xina has 120 seconds left.\n|\n|t:|1781457657\n|move|p2a: Serperior|Dragon Pulse|p1a: Lycanroc\n|-damage|p1a: Lycanroc|0 fnt\n|faint|p1a: Lycanroc\n|\n|-heal|p2a: Serperior|62/248|[from] item: Leftovers\n|upkeep\n|\n|t:|1781457675\n|switch|p1a: Duraludon|Duraludon, L82, F|134/249 brn\n|turn|14\n|inactive|Jhon Xina has 120 seconds left.\n|\n|t:|1781457704\n|switch|p2a: Dedenne|Dedenne, L88, F|259/261\n|-damage|p2a: Dedenne|227/261|[from] Stealth Rock\n|move|p1a: Duraludon|Flash Cannon|p2a: Dedenne\n|-damage|p2a: Dedenne|119/261\n|-enditem|p2a: Dedenne|Sitrus Berry|[eat]\n|-heal|p2a: Dedenne|184/261|[from] item: Sitrus Berry\n|-heal|p2a: Dedenne|261/261|[from] ability: Cheek Pouch\n|\n|-damage|p1a: Duraludon|119/249 brn|[from] brn\n|upkeep\n|turn|15\n|\n|t:|1781457712\n|move|p2a: Dedenne|Dazzling Gleam|p1a: Duraludon\n|-damage|p1a: Duraludon|35/249 brn\n|move|p1a: Duraludon|Flash Cannon|p2a: Dedenne\n|-damage|p2a: Dedenne|150/261\n|\n|-damage|p1a: Duraludon|20/249 brn|[from] brn\n|upkeep\n|turn|16\n|\n|t:|1781457715\n|move|p2a: Dedenne|Dazzling Gleam|p1a: Duraludon\n|-damage|p1a: Duraludon|0 fnt\n|faint|p1a: Duraludon\n|\n|upkeep\n|\n|t:|1781457721\n|switch|p1a: Groudon|Groudon, L72|263/263\n|-weather|SunnyDay|[from] ability: Drought|[of] p1a: Groudon\n|turn|17\n|\n|t:|1781457726\n|move|p2a: Dedenne|Super Fang|p1a: Groudon\n|-damage|p1a: Groudon|132/263\n|move|p1a: Groudon|Spikes|p2a: Dedenne\n|-sidestart|p2: Jhon Xina|Spikes\n|\n|-weather|SunnyDay|[upkeep]\n|-heal|p1a: Groudon|148/263|[from] item: Leftovers\n|upkeep\n|turn|18\n|\n|t:|1781457730\n|move|p2a: Dedenne|Dazzling Gleam|p1a: Groudon\n|-damage|p1a: Groudon|48/263\n|move|p1a: Groudon|Spikes|p2a: Dedenne\n|-sidestart|p2: Jhon Xina|Spikes\n|\n|-weather|SunnyDay|[upkeep]\n|-heal|p1a: Groudon|64/263|[from] item: Leftovers\n|upkeep\n|turn|19\n|\n|t:|1781457735\n|move|p2a: Dedenne|Dazzling Gleam|p1a: Groudon\n|-damage|p1a: Groudon|0 fnt\n|faint|p1a: Groudon\n|\n|-weather|SunnyDay|[upkeep]\n|upkeep\n|\n|t:|1781457737\n|switch|p1a: Florges|Florges-Yellow, L85, F|271/271\n|turn|20\n|\n|t:|1781457742\n|move|p2a: Dedenne|Super Fang|p1a: Florges\n|-damage|p1a: Florges|136/271\n|move|p1a: Florges|Calm Mind|p1a: Florges\n|-boost|p1a: Florges|spa|1\n|-boost|p1a: Florges|spd|1\n|\n|-weather|SunnyDay|[upkeep]\n|-heal|p1a: Florges|152/271|[from] item: Leftovers\n|upkeep\n|turn|21\n|\n|t:|1781457746\n|move|p2a: Dedenne|U-turn|p1a: Florges\n|-resisted|p1a: Florges\n|-damage|p1a: Florges|129/271\n|\n|t:|1781457747\n|switch|p2a: Entei|Entei, L78|210/307|[from] U-turn\n|-damage|p2a: Entei|134/307|[from] Stealth Rock\n|-damage|p2a: Entei|83/307|[from] Spikes\n|move|p1a: Florges|Calm Mind|p1a: Florges\n|-boost|p1a: Florges|spa|1\n|-boost|p1a: Florges|spd|1\n|\n|-weather|none\n|-heal|p1a: Florges|145/271|[from] item: Leftovers\n|upkeep\n|turn|22\n|\n|t:|1781457760\n|-terastallize|p2a: Entei|Fire\n|-terastallize|p1a: Florges|Ground\n|move|p2a: Entei|Flare Blitz|p1a: Florges\n|-damage|p1a: Florges|0 fnt\n|faint|p1a: Florges\n|-damage|p2a: Entei|35/307|[from] Recoil\n|\n|win|Jhon Xina\n", "uploadtime": 1781457487, "views": 3, "formatid": "gen9randombattle", "rating": null, "private": 0, "password": null}