{"id": "gen9randombattle-2631645953", "format": "[Gen 9] Random Battle", "players": ["MakotoV7", "xxzfn"], "log": "|j|\u2606MakotoV7\n|j|\u2606xxzfn\n|t:|1781414171\n|gametype|singles\n|player|p1|MakotoV7|steven|2136\n|player|p2|xxzfn|2|2211\n|gen|9\n|tier|[Gen 9] Random Battle\n|rated|\n|rule|Species Clause: Limit one of each Pok\u00e9mon\n|rule|HP Percentage Mod: HP is shown in percentages\n|rule|Sleep Clause Mod: Limit one foe put to sleep\n|rule|Illusion Level Mod: Illusion disguises the Pok\u00e9mon's true level\n|\n|t:|1781414171\n|teamsize|p1|6\n|teamsize|p2|6\n|start\n|switch|p1a: Landorus|Landorus, L75, M|257/257\n|switch|p2a: Infernape|Infernape, L82, M|259/259\n|turn|1\n|inactive|Battle timer is ON: inactive players will automatically lose when time's up. (requested by xxzfn)\n|\n|t:|1781414189\n|move|p2a: Infernape|Flare Blitz|p1a: Landorus\n|-damage|p1a: Landorus|59/257\n|-damage|p2a: Infernape|194/259|[from] Recoil\n|move|p1a: Landorus|Earth Power|p2a: Infernape\n|-supereffective|p2a: Infernape\n|-damage|p2a: Infernape|0 fnt\n|faint|p2a: Infernape\n|\n|upkeep\n|\n|t:|1781414196\n|switch|p2a: Pikachu|Pikachu-Unova, L93, F|216/216\n|turn|2\n|\n|t:|1781414201\n|switch|p1a: Brute Bonnet|Brute Bonnet, L80|309/309\n|move|p2a: Pikachu|Surf|p1a: Brute Bonnet\n|-resisted|p1a: Brute Bonnet\n|-damage|p1a: Brute Bonnet|261/309\n|\n|-heal|p1a: Brute Bonnet|280/309|[from] item: Leftovers\n|upkeep\n|turn|3\n|\n|t:|1781414209\n|switch|p2a: Persian|Persian, L92, M|269/269\n|move|p1a: Brute Bonnet|Spore|p2a: Persian\n|-status|p2a: Persian|slp|[from] move: Spore\n|\n|-heal|p1a: Brute Bonnet|299/309|[from] item: Leftovers\n|upkeep\n|turn|4\n|\n|t:|1781414214\n|switch|p2a: Rampardos|Rampardos, L90, M|321/321\n|move|p1a: Brute Bonnet|Crunch|p2a: Rampardos\n|-damage|p2a: Rampardos|204/321\n|\n|-heal|p1a: Brute Bonnet|309/309|[from] item: Leftovers\n|upkeep\n|turn|5\n|\n|t:|1781414217\n|move|p2a: Rampardos|Fire Punch|p1a: Brute Bonnet\n|-supereffective|p1a: Brute Bonnet\n|-damage|p1a: Brute Bonnet|75/309\n|move|p1a: Brute Bonnet|Seed Bomb|p2a: Rampardos\n|-supereffective|p2a: Rampardos\n|-damage|p2a: Rampardos|0 fnt\n|faint|p2a: Rampardos\n|\n|-heal|p1a: Brute Bonnet|94/309|[from] item: Leftovers\n|upkeep\n|\n|t:|1781414223\n|switch|p2a: Floatzel|Floatzel, L86, F|286/286\n|turn|6\n|\n|t:|1781414232\n|move|p1a: Brute Bonnet|Sucker Punch|p2a: Floatzel\n|-damage|p2a: Floatzel|177/286\n|move|p2a: Floatzel|Ice Spinner|p1a: Brute Bonnet\n|-supereffective|p1a: Brute Bonnet\n|-damage|p1a: Brute Bonnet|0 fnt\n|faint|p1a: Brute Bonnet\n|-end|p1a: Brute Bonnet|Protosynthesis|[silent]\n|\n|upkeep\n|\n|t:|1781414240\n|switch|p1a: Talonflame|Talonflame, L83, F|265/265\n|turn|7\n|\n|t:|1781414249\n|switch|p2a: Porygon2|Porygon2, L81|270/270\n|-ability|p2a: Porygon2|Download|boost\n|-boost|p2a: Porygon2|spa|1\n|move|p1a: Talonflame|Overheat|p2a: Porygon2\n|-damage|p2a: Porygon2|192/270\n|-unboost|p1a: Talonflame|spa|2\n|\n|upkeep\n|turn|8\n|\n|t:|1781414261\n|move|p1a: Talonflame|Brave Bird|p2a: Porygon2\n|-damage|p2a: Porygon2|110/270\n|-damage|p1a: Talonflame|238/265|[from] Recoil\n|move|p2a: Porygon2|Recover|p2a: Porygon2\n|-heal|p2a: Porygon2|245/270\n|\n|upkeep\n|turn|9\n|\n|t:|1781414265\n|move|p1a: Talonflame|Taunt|p2a: Porygon2\n|-start|p2a: Porygon2|move: Taunt\n|move|p2a: Porygon2|Ice Beam|p1a: Talonflame\n|-damage|p1a: Talonflame|124/265\n|\n|upkeep\n|turn|10\n|\n|t:|1781414267\n|move|p1a: Talonflame|Brave Bird|p2a: Porygon2\n|-damage|p2a: Porygon2|175/270\n|-damage|p1a: Talonflame|101/265|[from] Recoil\n|move|p2a: Porygon2|Discharge|p1a: Talonflame\n|-supereffective|p1a: Talonflame\n|-damage|p1a: Talonflame|0 fnt\n|faint|p1a: Talonflame\n|\n|upkeep\n|\n|t:|1781414271\n|switch|p1a: Deoxys|Deoxys, L74|196/196\n|-ability|p1a: Deoxys|Pressure\n|turn|11\n|\n|t:|1781414273\n|move|p1a: Deoxys|Knock Off|p2a: Porygon2\n|-crit|p2a: Porygon2\n|-damage|p2a: Porygon2|66/270\n|-enditem|p2a: Porygon2|Eviolite|[from] move: Knock Off|[of] p1a: Deoxys\n|-damage|p1a: Deoxys|177/196|[from] item: Life Orb\n|move|p2a: Porygon2|Tri Attack|p1a: Deoxys\n|-damage|p1a: Deoxys|0 fnt\n|faint|p1a: Deoxys\n|\n|-end|p2a: Porygon2|move: Taunt\n|upkeep\n|\n|t:|1781414282\n|switch|p1a: Landorus|Landorus, L75, M|59/257\n|turn|12\n|\n|t:|1781414285\n|move|p1a: Landorus|Earth Power|p2a: Porygon2\n|-damage|p2a: Porygon2|0 fnt\n|faint|p2a: Porygon2\n|\n|upkeep\n|\n|t:|1781414287\n|switch|p2a: Pikachu|Pikachu-Unova, L93, F|216/216\n|turn|13\n|\n|t:|1781414290\n|move|p2a: Pikachu|Surf|p1a: Landorus\n|-supereffective|p1a: Landorus\n|-damage|p1a: Landorus|0 fnt\n|faint|p1a: Landorus\n|\n|upkeep\n|\n|t:|1781414293\n|switch|p1a: Indeedee|Indeedee-F, L90, F|272/272\n|-fieldstart|move: Psychic Terrain|[from] ability: Psychic Surge|[of] p1a: Indeedee\n|turn|14\n|\n|t:|1781414297\n|move|p2a: Pikachu|Volt Tackle|p1a: Indeedee\n|-damage|p1a: Indeedee|20/272\n|-damage|p2a: Pikachu|133/216|[from] Recoil\n|move|p1a: Indeedee|Psychic|p2a: Pikachu\n|-damage|p2a: Pikachu|0 fnt\n|faint|p2a: Pikachu\n|-damage|p1a: Indeedee|0 fnt|[from] item: Life Orb\n|faint|p1a: Indeedee\n|\n|upkeep\n|\n|t:|1781414301\n|switch|p2a: Floatzel|Floatzel, L86, F|177/286\n|switch|p1a: Zebstrika|Zebstrika, L87, F|272/272\n|turn|15\n|\n|t:|1781414307\n|move|p1a: Zebstrika|Supercell Slam|p2a: Floatzel\n|-supereffective|p2a: Floatzel\n|-damage|p2a: Floatzel|0 fnt\n|faint|p2a: Floatzel\n|-damage|p1a: Zebstrika|245/272|[from] item: Life Orb\n|\n|upkeep\n|\n|t:|1781414309\n|switch|p2a: Persian|Persian, L92, M|269/269 slp\n|turn|16\n|\n|t:|1781414312\n|cant|p2a: Persian|slp\n|move|p1a: Zebstrika|Supercell Slam|p2a: Persian\n|-damage|p2a: Persian|92/269 slp\n|-damage|p1a: Zebstrika|218/272|[from] item: Life Orb\n|\n|upkeep\n|turn|17\n|\n|t:|1781414316\n|cant|p2a: Persian|slp\n|move|p1a: Zebstrika|Supercell Slam|p2a: Persian\n|-damage|p2a: Persian|0 fnt\n|faint|p2a: Persian\n|-damage|p1a: Zebstrika|191/272|[from] item: Life Orb\n|\n|win|MakotoV7\n", "uploadtime": 1781414172, "views": 3, "formatid": "gen9randombattle", "rating": null, "private": 0, "password": null}