{"id": "gen9randombattle-2631615437", "format": "[Gen 9] Random Battle", "players": ["hgtyrdgfhj", "itimelord"], "log": "|j|\u2606hgtyrdgfhj\n|j|\u2606itimelord\n|t:|1781409251\n|gametype|singles\n|player|p1|hgtyrdgfhj|preschooler|1092\n|player|p2|itimelord|170|1085\n|gen|9\n|tier|[Gen 9] Random Battle\n|rated|\n|rule|Species Clause: Limit one of each Pok\u00e9mon\n|rule|HP Percentage Mod: HP is shown in percentages\n|rule|Sleep Clause Mod: Limit one foe put to sleep\n|rule|Illusion Level Mod: Illusion disguises the Pok\u00e9mon's true level\n|\n|t:|1781409251\n|teamsize|p1|6\n|teamsize|p2|6\n|start\n|switch|p1a: Diancie|Diancie, L82|216/216\n|switch|p2a: Gyarados|Gyarados, L79, F|280/280\n|turn|1\n|inactive|Battle timer is ON: inactive players will automatically lose when time's up. (requested by hgtyrdgfhj)\n|\n|t:|1781409274\n|-terastallize|p1a: Diancie|Fairy\n|move|p2a: Gyarados|Dragon Dance|p2a: Gyarados\n|-boost|p2a: Gyarados|atk|1\n|-boost|p2a: Gyarados|spe|1\n|move|p1a: Diancie|Diamond Storm|p2a: Gyarados\n|-supereffective|p2a: Gyarados\n|-damage|p2a: Gyarados|32/280\n|-boost|p1a: Diancie|def|2\n|\n|upkeep\n|turn|2\n|\n|t:|1781409289\n|move|p2a: Gyarados|Waterfall|p1a: Diancie\n|-damage|p1a: Diancie|173/216\n|move|p1a: Diancie|Draining Kiss|p2a: Gyarados\n|-damage|p2a: Gyarados|0 fnt\n|-heal|p1a: Diancie|197/216|[from] drain|[of] p2a: Gyarados\n|faint|p2a: Gyarados\n|\n|-heal|p1a: Diancie|210/216|[from] item: Leftovers\n|upkeep\n|\n|t:|1781409303\n|switch|p2a: Arbok|Arbok, L87, M|246/246\n|-ability|p2a: Arbok|Intimidate|boost\n|-fail|p1a: Diancie|unboost|[from] ability: Clear Body|[of] p1a: Diancie\n|turn|3\n|\n|t:|1781409315\n|move|p2a: Arbok|Gunk Shot|p1a: Diancie\n|-supereffective|p1a: Diancie\n|-damage|p1a: Diancie|118/216\n|-status|p1a: Diancie|psn\n|move|p1a: Diancie|Earth Power|p2a: Arbok\n|-supereffective|p2a: Arbok\n|-damage|p2a: Arbok|120/246\n|\n|-heal|p2a: Arbok|135/246|[from] item: Leftovers\n|-heal|p1a: Diancie|131/216 psn|[from] item: Leftovers\n|-damage|p1a: Diancie|104/216 psn|[from] psn\n|upkeep\n|turn|4\n|\n|t:|1781409327\n|move|p2a: Arbok|Gunk Shot|p1a: Diancie\n|-supereffective|p1a: Diancie\n|-damage|p1a: Diancie|8/216 psn\n|move|p1a: Diancie|Earth Power|p2a: Arbok\n|-supereffective|p2a: Arbok\n|-damage|p2a: Arbok|3/246\n|\n|-heal|p2a: Arbok|18/246|[from] item: Leftovers\n|-heal|p1a: Diancie|21/216 psn|[from] item: Leftovers\n|-damage|p1a: Diancie|0 fnt|[from] psn\n|faint|p1a: Diancie\n|upkeep\n|inactive|hgtyrdgfhj has 120 seconds left.\n|\n|t:|1781409356\n|switch|p1a: Gardevoir|Gardevoir, L83, F|249/249\n|-ability|p1a: Gardevoir|Intimidate|Trace|[from] ability: Trace|[of] p2a: Arbok\n|-ability|p1a: Gardevoir|Intimidate|boost\n|-unboost|p2a: Arbok|atk|1\n|turn|5\n|inactive|hgtyrdgfhj has 120 seconds left.\n|\n|t:|1781409367\n|move|p1a: Gardevoir|Moonblast|p2a: Arbok\n|-resisted|p2a: Arbok\n|-damage|p2a: Arbok|0 fnt\n|faint|p2a: Arbok\n|\n|upkeep\n|inactive|itimelord has 120 seconds left.\n|inactive|itimelord has 90 seconds left.\n|inactive|itimelord has 60 seconds left.\n|inactive|itimelord has 30 seconds left.\n|inactive|itimelord has 20 seconds left.\n|inactive|itimelord has 15 seconds left.\n|inactive|itimelord has 10 seconds left.\n|inactive|itimelord has 5 seconds left.\n|-message|itimelord lost due to inactivity.\n|\n|win|hgtyrdgfhj\n|raw|hgtyrdgfhj's rating: 1092 &rarr; <strong>1118</strong><br />(+26 for winning)\n|raw|itimelord's rating: 1085 &rarr; <strong>1063</strong><br />(-22 for losing)\n", "uploadtime": 1781409522, "views": 3, "formatid": "gen9randombattle", "rating": 1063, "private": 0, "password": null}