{"id": "gen9randombattle-2631831504", "format": "[Gen 9] Random Battle", "players": ["toucann", "kormorano"], "log": "|j|\u2606toucann\n|j|\u2606kormorano\n|t:|1781445722\n|gametype|singles\n|player|p1|toucann|ethan|2048\n|player|p2|kormorano|102|2066\n|gen|9\n|tier|[Gen 9] Random Battle\n|rated|\n|rule|Species Clause: Limit one of each Pok\u00e9mon\n|rule|HP Percentage Mod: HP is shown in percentages\n|rule|Sleep Clause Mod: Limit one foe put to sleep\n|rule|Illusion Level Mod: Illusion disguises the Pok\u00e9mon's true level\n|\n|t:|1781445722\n|teamsize|p1|6\n|teamsize|p2|6\n|start\n|switch|p1a: Palossand|Palossand, L89, F|296/296\n|switch|p2a: Ditto|Ditto, L87|225/225\n|-transform|p2a: Ditto|p1a: Palossand|[from] ability: Imposter\n|turn|1\n|inactive|Battle timer is ON: inactive players will automatically lose when time's up. (requested by kormorano)\n|\n|t:|1781445734\n|switch|p2a: Mandibuzz|Mandibuzz, L85, F|326/326\n|switch|p1a: Serperior|Serperior, L79, M|248/248\n|\n|upkeep\n|turn|2\n|\n|t:|1781445741\n|switch|p2a: Komala|Komala, L88, M|258/258\n|-ability|p2a: Komala|Comatose\n|move|p1a: Serperior|Glare|p2a: Komala\n|-immune|p2a: Komala|[from] ability: Comatose\n|\n|upkeep\n|turn|3\n|\n|t:|1781445760\n|switch|p1a: Coalossal|Coalossal, L89, M|341/341\n|move|p2a: Komala|U-turn|p1a: Coalossal\n|-resisted|p1a: Coalossal\n|-damage|p1a: Coalossal|320/341\n|\n|t:|1781445776\n|switch|p2a: Toxicroak|Toxicroak, L84, F|277/277|[from] U-turn\n|\n|upkeep\n|turn|4\n|\n|t:|1781445792\n|move|p2a: Toxicroak|Earthquake|p1a: Coalossal\n|-supereffective|p1a: Coalossal\n|-damage|p1a: Coalossal|44/341\n|-damage|p2a: Toxicroak|250/277|[from] item: Life Orb\n|move|p1a: Coalossal|Will-O-Wisp|p2a: Toxicroak\n|-status|p2a: Toxicroak|brn\n|\n|-damage|p2a: Toxicroak|233/277 brn|[from] brn\n|upkeep\n|turn|5\n|\n|t:|1781445806\n|move|p2a: Toxicroak|Earthquake|p1a: Coalossal\n|-supereffective|p1a: Coalossal\n|-damage|p1a: Coalossal|0 fnt\n|faint|p1a: Coalossal\n|-damage|p2a: Toxicroak|206/277 brn|[from] item: Life Orb\n|\n|-damage|p2a: Toxicroak|189/277 brn|[from] brn\n|upkeep\n|\n|t:|1781445819\n|switch|p1a: Typhlosion|Typhlosion-Hisui, L83, F|257/257\n|turn|6\n|\n|t:|1781445825\n|move|p1a: Typhlosion|Eruption|p2a: Toxicroak\n|-damage|p2a: Toxicroak|0 fnt\n|faint|p2a: Toxicroak\n|\n|upkeep\n|\n|t:|1781445828\n|switch|p2a: Komala|Komala, L88, M|258/258\n|-ability|p2a: Komala|Comatose\n|turn|7\n|\n|t:|1781445832\n|switch|p1a: Palossand|Palossand, L89, F|296/296\n|move|p2a: Komala|Knock Off|p1a: Palossand\n|-supereffective|p1a: Palossand\n|-damage|p1a: Palossand|152/296\n|-enditem|p1a: Palossand|Leftovers|[from] move: Knock Off|[of] p2a: Komala\n|\n|upkeep\n|turn|8\n|\n|t:|1781445837\n|switch|p2a: Mandibuzz|Mandibuzz, L85, F|326/326\n|move|p1a: Palossand|Shore Up|p1a: Palossand\n|-heal|p1a: Palossand|296/296\n|\n|upkeep\n|turn|9\n|\n|t:|1781445846\n|switch|p1a: Regidrago|Regidrago, L77|435/435\n|move|p2a: Mandibuzz|Toxic|p1a: Regidrago\n|-status|p1a: Regidrago|tox\n|-enditem|p1a: Regidrago|Lum Berry|[eat]\n|-curestatus|p1a: Regidrago|tox|[msg]\n|\n|upkeep\n|turn|10\n|\n|t:|1781445857\n|move|p2a: Mandibuzz|Foul Play|p1a: Regidrago\n|-damage|p1a: Regidrago|272/435\n|move|p1a: Regidrago|Dragon Dance|p1a: Regidrago\n|-boost|p1a: Regidrago|atk|1\n|-boost|p1a: Regidrago|spe|1\n|\n|upkeep\n|turn|11\n|\n|t:|1781445863\n|move|p1a: Regidrago|Outrage|p2a: Mandibuzz\n|-damage|p2a: Mandibuzz|127/326\n|move|p2a: Mandibuzz|Foul Play|p1a: Regidrago\n|-damage|p1a: Regidrago|55/435\n|\n|upkeep\n|turn|12\n|\n|t:|1781445872\n|switch|p2a: Passimian|Passimian, L83, M|302/302\n|move|p1a: Regidrago|Outrage|p2a: Passimian|[from] lockedmove\n|-damage|p2a: Passimian|50/302\n|\n|upkeep\n|turn|13\n|\n|t:|1781445880\n|move|p2a: Passimian|U-turn|p1a: Regidrago\n|-damage|p1a: Regidrago|0 fnt\n|faint|p1a: Regidrago\n|\n|t:|1781445886\n|switch|p2a: Mandibuzz|Mandibuzz, L85, F|127/326|[from] U-turn\n|\n|upkeep\n|\n|t:|1781445889\n|switch|p1a: Typhlosion|Typhlosion-Hisui, L83, F|257/257\n|turn|14\n|\n|t:|1781445893\n|switch|p2a: Ditto|Ditto, L87|225/225\n|-transform|p2a: Ditto|p1a: Typhlosion|[from] ability: Imposter\n|move|p1a: Typhlosion|Eruption|p2a: Ditto\n|-resisted|p2a: Ditto\n|-damage|p2a: Ditto|134/225\n|\n|upkeep\n|turn|15\n|\n|t:|1781445917\n|switch|p1a: Kingdra|Kingdra, L84, M|263/263\n|move|p2a: Ditto|Shadow Ball|p1a: Kingdra\n|-damage|p1a: Kingdra|170/263\n|\n|upkeep\n|turn|16\n|\n|t:|1781445926\n|switch|p2a: Sceptile|Sceptile, L87, M|264/264\n|move|p1a: Kingdra|Waterfall|p2a: Sceptile\n|-resisted|p2a: Sceptile\n|-damage|p2a: Sceptile|210/264\n|\n|upkeep\n|turn|17\n|\n|t:|1781445933\n|switch|p1a: Serperior|Serperior, L79, M|248/248\n|move|p2a: Sceptile|Giga Drain|p1a: Serperior\n|-resisted|p1a: Serperior\n|-damage|p1a: Serperior|187/248\n|-heal|p2a: Sceptile|241/264|[from] drain|[of] p1a: Serperior\n|-damage|p2a: Sceptile|215/264|[from] item: Life Orb\n|\n|upkeep\n|turn|18\n|\n|t:|1781445943\n|switch|p2a: Komala|Komala, L88, M|258/258\n|-ability|p2a: Komala|Comatose\n|move|p1a: Serperior|Glare|p2a: Komala\n|-immune|p2a: Komala|[from] ability: Comatose\n|\n|upkeep\n|turn|19\n|\n|t:|1781445958\n|move|p2a: Komala|Body Slam|p1a: Serperior\n|-damage|p1a: Serperior|69/248\n|move|p1a: Serperior|Leaf Storm|p2a: Komala\n|-damage|p2a: Komala|136/258\n|-boost|p1a: Serperior|spa|2\n|-damage|p1a: Serperior|45/248|[from] item: Life Orb\n|\n|upkeep\n|turn|20\n|\n|t:|1781445967\n|switch|p2a: Ditto|Ditto, L87|134/225\n|-transform|p2a: Ditto|p1a: Serperior|[from] ability: Imposter\n|switch|p1a: Typhlosion|Typhlosion-Hisui, L83, F|257/257\n|\n|upkeep\n|turn|21\n|\n|t:|1781445976\n|move|p2a: Ditto|Glare|p1a: Typhlosion\n|-status|p1a: Typhlosion|par\n|move|p1a: Typhlosion|Eruption|p2a: Ditto\n|-supereffective|p2a: Ditto\n|-damage|p2a: Ditto|0 fnt\n|faint|p2a: Ditto\n|\n|upkeep\n|\n|t:|1781445985\n|switch|p2a: Mandibuzz|Mandibuzz, L85, F|127/326\n|turn|22\n|\n|t:|1781445989\n|move|p2a: Mandibuzz|Roost|p2a: Mandibuzz\n|-heal|p2a: Mandibuzz|290/326\n|-singleturn|p2a: Mandibuzz|move: Roost\n|move|p1a: Typhlosion|Eruption|p2a: Mandibuzz\n|-damage|p2a: Mandibuzz|116/326\n|\n|upkeep\n|turn|23\n|\n|t:|1781445998\n|switch|p1a: Serperior|Serperior, L79, M|45/248\n|move|p2a: Mandibuzz|Foul Play|p1a: Serperior\n|-damage|p1a: Serperior|0 fnt\n|faint|p1a: Serperior\n|\n|upkeep\n|\n|t:|1781446001\n|switch|p1a: Kingdra|Kingdra, L84, M|170/263\n|turn|24\n|\n|t:|1781446007\n|switch|p2a: Sceptile|Sceptile, L87, M|215/264\n|move|p1a: Kingdra|Dragon Dance|p1a: Kingdra\n|-boost|p1a: Kingdra|atk|1\n|-boost|p1a: Kingdra|spe|1\n|\n|upkeep\n|turn|25\n|\n|t:|1781446011\n|move|p1a: Kingdra|Outrage|p2a: Sceptile\n|-damage|p2a: Sceptile|0 fnt\n|faint|p2a: Sceptile\n|\n|upkeep\n|\n|t:|1781446016\n|switch|p2a: Mandibuzz|Mandibuzz, L85, F|116/326\n|turn|26\n|\n|t:|1781446027\n|-terastallize|p2a: Mandibuzz|Steel\n|move|p1a: Kingdra|Outrage|p2a: Mandibuzz|[from] lockedmove\n|-resisted|p2a: Mandibuzz\n|-damage|p2a: Mandibuzz|32/326\n|move|p2a: Mandibuzz|Foul Play|p1a: Kingdra\n|-damage|p1a: Kingdra|37/263\n|\n|upkeep\n|turn|27\n|\n|t:|1781446035\n|move|p1a: Kingdra|Outrage|p2a: Mandibuzz|[from] lockedmove\n|-resisted|p2a: Mandibuzz\n|-damage|p2a: Mandibuzz|0 fnt\n|faint|p2a: Mandibuzz\n|-start|p1a: Kingdra|confusion|[fatigue]\n|-enditem|p1a: Kingdra|Lum Berry|[eat]\n|-end|p1a: Kingdra|confusion\n|\n|upkeep\n|\n|t:|1781446037\n|switch|p2a: Komala|Komala, L88, M|136/258\n|-ability|p2a: Komala|Comatose\n|turn|28\n|\n|t:|1781446050\n|-terastallize|p1a: Kingdra|Water\n|move|p1a: Kingdra|Waterfall|p2a: Komala\n|-crit|p2a: Komala\n|-damage|p2a: Komala|0 fnt\n|faint|p2a: Komala\n|\n|upkeep\n|\n|t:|1781446051\n|switch|p2a: Passimian|Passimian, L83, M|50/302\n|turn|29\n|\n|t:|1781446054\n|move|p1a: Kingdra|Waterfall|p2a: Passimian\n|-damage|p2a: Passimian|0 fnt\n|faint|p2a: Passimian\n|\n|win|toucann\n", "uploadtime": 1781445723, "views": 3, "formatid": "gen9randombattle", "rating": null, "private": 0, "password": null}