{"id": "gen9randombattle-2631509085", "format": "[Gen 9] Random Battle", "players": ["fosdfo", "MandoWarrior"], "log": "|j|\u2606fosdfo\n|j|\u2606MandoWarrior\n|t:|1781394217\n|gametype|singles\n|player|p1|fosdfo|266|2234\n|player|p2|MandoWarrior|giovanni|2086\n|gen|9\n|tier|[Gen 9] Random Battle\n|rated|\n|rule|Species Clause: Limit one of each Pok\u00e9mon\n|rule|HP Percentage Mod: HP is shown in percentages\n|rule|Sleep Clause Mod: Limit one foe put to sleep\n|rule|Illusion Level Mod: Illusion disguises the Pok\u00e9mon's true level\n|\n|t:|1781394217\n|teamsize|p1|6\n|teamsize|p2|6\n|start\n|switch|p1a: Rayquaza|Rayquaza, L72|270/270\n|switch|p2a: Banette|Banette, L93, F|270/270\n|-ability|p1a: Rayquaza|Air Lock\n|turn|1\n|inactive|Battle timer is ON: inactive players will automatically lose when time's up. (requested by MandoWarrior)\n|\n|t:|1781394247\n|switch|p1a: Muk|Muk-Alola, L82, M|306/306\n|move|p2a: Banette|Poltergeist|p1a: Muk|[miss]\n|-miss|p2a: Banette|p1a: Muk\n|\n|upkeep\n|turn|2\n|\n|t:|1781394263\n|switch|p2a: Raikou|Raikou, L81|278/278\n|-ability|p2a: Raikou|Pressure\n|move|p1a: Muk|Knock Off|p2a: Raikou\n|-damage|p2a: Raikou|157/278\n|-enditem|p2a: Raikou|Choice Specs|[from] move: Knock Off|[of] p1a: Muk\n|\n|upkeep\n|turn|3\n|\n|t:|1781394273\n|switch|p1a: Kyurem|Kyurem, L77|319/319\n|-ability|p1a: Kyurem|Pressure\n|move|p2a: Raikou|Scald|p1a: Kyurem\n|-resisted|p1a: Kyurem\n|-damage|p1a: Kyurem|285/319\n|-status|p1a: Kyurem|brn\n|\n|-damage|p1a: Kyurem|266/319 brn|[from] brn\n|upkeep\n|turn|4\n|\n|t:|1781394279\n|move|p2a: Raikou|Volt Switch|p1a: Kyurem\n|-resisted|p1a: Kyurem\n|-damage|p1a: Kyurem|224/319 brn\n|\n|t:|1781394285\n|switch|p2a: Alcremie|Alcremie-Salted-Cream, L90, F|263/263|[from] Volt Switch\n|move|p1a: Kyurem|Draco Meteor|p2a: Alcremie\n|-immune|p2a: Alcremie\n|\n|-damage|p1a: Kyurem|205/319 brn|[from] brn\n|upkeep\n|turn|5\n|\n|t:|1781394292\n|switch|p1a: Klefki|Klefki, L84, M|233/233\n|move|p2a: Alcremie|Calm Mind|p2a: Alcremie\n|-boost|p2a: Alcremie|spa|1\n|-boost|p2a: Alcremie|spd|1\n|\n|upkeep\n|turn|6\n|\n|t:|1781394296\n|move|p1a: Klefki|Thunder Wave|p2a: Alcremie\n|-status|p2a: Alcremie|par\n|move|p2a: Alcremie|Calm Mind|p2a: Alcremie\n|-boost|p2a: Alcremie|spa|1\n|-boost|p2a: Alcremie|spd|1\n|\n|upkeep\n|turn|7\n|\n|t:|1781394304\n|move|p1a: Klefki|Spikes|p2a: Alcremie\n|-sidestart|p2: MandoWarrior|Spikes\n|move|p2a: Alcremie|Calm Mind|p2a: Alcremie\n|-boost|p2a: Alcremie|spa|1\n|-boost|p2a: Alcremie|spd|1\n|\n|upkeep\n|turn|8\n|\n|t:|1781394306\n|move|p1a: Klefki|Spikes|p2a: Alcremie\n|-sidestart|p2: MandoWarrior|Spikes\n|move|p2a: Alcremie|Calm Mind|p2a: Alcremie\n|-boost|p2a: Alcremie|spa|1\n|-boost|p2a: Alcremie|spd|1\n|\n|upkeep\n|turn|9\n|\n|t:|1781394310\n|move|p1a: Klefki|Spikes|p2a: Alcremie\n|-sidestart|p2: MandoWarrior|Spikes\n|move|p2a: Alcremie|Alluring Voice|p1a: Klefki\n|-resisted|p1a: Klefki\n|-damage|p1a: Klefki|60/233\n|\n|-heal|p1a: Klefki|74/233|[from] item: Leftovers\n|upkeep\n|turn|10\n|\n|t:|1781394314\n|move|p1a: Klefki|Play Rough|p2a: Alcremie\n|-damage|p2a: Alcremie|172/263 par\n|cant|p2a: Alcremie|par\n|\n|-heal|p1a: Klefki|88/233|[from] item: Leftovers\n|-heal|p2a: Alcremie|188/263 par|[from] item: Leftovers\n|upkeep\n|turn|11\n|\n|t:|1781394317\n|move|p1a: Klefki|Play Rough|p2a: Alcremie\n|-damage|p2a: Alcremie|97/263 par\n|move|p2a: Alcremie|Recover|p2a: Alcremie\n|-heal|p2a: Alcremie|229/263 par\n|\n|-heal|p1a: Klefki|102/233|[from] item: Leftovers\n|-heal|p2a: Alcremie|245/263 par|[from] item: Leftovers\n|upkeep\n|turn|12\n|\n|t:|1781394319\n|move|p1a: Klefki|Play Rough|p2a: Alcremie\n|-damage|p2a: Alcremie|163/263 par\n|move|p2a: Alcremie|Alluring Voice|p1a: Klefki\n|-resisted|p1a: Klefki\n|-damage|p1a: Klefki|0 fnt\n|faint|p1a: Klefki\n|\n|-heal|p2a: Alcremie|179/263 par|[from] item: Leftovers\n|upkeep\n|\n|t:|1781394321\n|switch|p1a: Muk|Muk-Alola, L82, M|306/306\n|turn|13\n|\n|t:|1781394323\n|-terastallize|p2a: Alcremie|Ground\n|move|p1a: Muk|Poison Jab|p2a: Alcremie\n|-resisted|p2a: Alcremie\n|-damage|p2a: Alcremie|137/263 par\n|move|p2a: Alcremie|Tera Blast|p1a: Muk|[anim] Tera Blast Ground\n|-supereffective|p1a: Muk\n|-damage|p1a: Muk|0 fnt\n|faint|p1a: Muk\n|\n|-heal|p2a: Alcremie|153/263 par|[from] item: Leftovers\n|upkeep\n|\n|t:|1781394328\n|switch|p1a: Bisharp|Bisharp, L79, F|232/232\n|turn|14\n|\n|t:|1781394330\n|move|p1a: Bisharp|Iron Head|p2a: Alcremie\n|-damage|p2a: Alcremie|63/263 par\n|move|p2a: Alcremie|Recover|p2a: Alcremie\n|-heal|p2a: Alcremie|195/263 par\n|\n|-heal|p2a: Alcremie|211/263 par|[from] item: Leftovers\n|upkeep\n|turn|15\n|\n|t:|1781394333\n|move|p1a: Bisharp|Iron Head|p2a: Alcremie\n|-damage|p2a: Alcremie|108/263 par\n|cant|p2a: Alcremie|par\n|\n|-heal|p2a: Alcremie|124/263 par|[from] item: Leftovers\n|upkeep\n|turn|16\n|\n|t:|1781394336\n|move|p1a: Bisharp|Iron Head|p2a: Alcremie\n|-damage|p2a: Alcremie|31/263 par\n|cant|p2a: Alcremie|par\n|\n|-heal|p2a: Alcremie|47/263 par|[from] item: Leftovers\n|upkeep\n|turn|17\n|\n|t:|1781394337\n|move|p1a: Bisharp|Iron Head|p2a: Alcremie\n|-damage|p2a: Alcremie|0 fnt\n|faint|p2a: Alcremie\n|\n|upkeep\n|\n|t:|1781394343\n|switch|p2a: Lurantis|Lurantis, L87, F|264/264\n|-damage|p2a: Lurantis|198/264|[from] Spikes\n|turn|18\n|\n|t:|1781394348\n|switch|p1a: Volcarona|Volcarona, L77, M|257/257\n|move|p2a: Lurantis|Superpower|p1a: Volcarona\n|-resisted|p1a: Volcarona\n|-damage|p1a: Volcarona|196/257\n|-boost|p2a: Lurantis|atk|1\n|-boost|p2a: Lurantis|def|1\n|\n|-heal|p2a: Lurantis|214/264|[from] item: Leftovers\n|upkeep\n|turn|19\n|\n|t:|1781394352\n|move|p1a: Volcarona|Fire Blast|p2a: Lurantis\n|-supereffective|p2a: Lurantis\n|-damage|p2a: Lurantis|0 fnt\n|faint|p2a: Lurantis\n|\n|upkeep\n|\n|t:|1781394356\n|switch|p2a: Pikachu|Pikachu, L93, F|216/216\n|-damage|p2a: Pikachu|162/216|[from] Spikes\n|turn|20\n|\n|t:|1781394378\n|move|p2a: Pikachu|Surf|p1a: Volcarona\n|-supereffective|p1a: Volcarona\n|-damage|p1a: Volcarona|0 fnt\n|faint|p1a: Volcarona\n|\n|upkeep\n|\n|t:|1781394384\n|switch|p1a: Kyurem|Kyurem, L77|205/319 brn\n|-ability|p1a: Kyurem|Pressure\n|turn|21\n|\n|t:|1781394390\n|switch|p2a: Raikou|Raikou, L81|157/278\n|-damage|p2a: Raikou|88/278|[from] Spikes\n|-ability|p2a: Raikou|Pressure\n|move|p1a: Kyurem|Earth Power|p2a: Raikou\n|-supereffective|p2a: Raikou\n|-damage|p2a: Raikou|0 fnt\n|faint|p2a: Raikou\n|\n|-damage|p1a: Kyurem|186/319 brn|[from] brn\n|upkeep\n|\n|t:|1781394401\n|switch|p2a: Toedscruel|Toedscruel, L87, M|281/281\n|-damage|p2a: Toedscruel|211/281|[from] Spikes\n|turn|22\n|\n|t:|1781394406\n|switch|p1a: Rayquaza|Rayquaza, L72|270/270\n|-ability|p1a: Rayquaza|Air Lock\n|move|p2a: Toedscruel|Rapid Spin|p1a: Rayquaza\n|-damage|p1a: Rayquaza|236/270\n|-boost|p2a: Toedscruel|spe|1\n|-sideend|p2: MandoWarrior|Spikes|[from] move: Rapid Spin|[of] p2a: Toedscruel\n|\n|-heal|p2a: Toedscruel|228/281|[from] item: Leftovers\n|upkeep\n|turn|23\n|\n|t:|1781394413\n|switch|p2a: Banette|Banette, L93, F|270/270\n|move|p1a: Rayquaza|Dragon Ascent|p2a: Banette\n|-damage|p2a: Banette|125/270\n|-unboost|p1a: Rayquaza|def|1\n|-unboost|p1a: Rayquaza|spd|1\n|\n|upkeep\n|turn|24\n|\n|t:|1781394421\n|switch|p1a: Bisharp|Bisharp, L79, F|232/232\n|move|p2a: Banette|Shadow Sneak|p1a: Bisharp\n|-resisted|p1a: Bisharp\n|-damage|p1a: Bisharp|205/232\n|-damage|p2a: Banette|98/270|[from] item: Life Orb\n|\n|upkeep\n|turn|25\n|\n|t:|1781394428\n|move|p2a: Banette|Thunder Wave|p1a: Bisharp\n|-status|p1a: Bisharp|par\n|move|p1a: Bisharp|Throat Chop|p2a: Banette\n|-supereffective|p2a: Banette\n|-damage|p2a: Banette|0 fnt\n|faint|p2a: Banette\n|\n|upkeep\n|\n|t:|1781394431\n|switch|p2a: Toedscruel|Toedscruel, L87, M|228/281\n|turn|26\n|\n|t:|1781394434\n|switch|p1a: Kyurem|Kyurem, L77|186/319 brn\n|-ability|p1a: Kyurem|Pressure\n|move|p2a: Toedscruel|Spore||[still]\n|-fail|p2a: Toedscruel\n|\n|-heal|p2a: Toedscruel|245/281|[from] item: Leftovers\n|-damage|p1a: Kyurem|167/319 brn|[from] brn\n|upkeep\n|turn|27\n|\n|t:|1781394438\n|move|p2a: Toedscruel|Earth Power|p1a: Kyurem\n|-damage|p1a: Kyurem|79/319 brn\n|move|p1a: Kyurem|Ice Beam|p2a: Toedscruel\n|-supereffective|p2a: Toedscruel\n|-damage|p2a: Toedscruel|0 fnt\n|faint|p2a: Toedscruel\n|\n|-damage|p1a: Kyurem|60/319 brn|[from] brn\n|upkeep\n|\n|t:|1781394440\n|switch|p2a: Pikachu|Pikachu, L93, F|162/216\n|turn|28\n|\n|t:|1781394442\n|move|p2a: Pikachu|Knock Off|p1a: Kyurem\n|-damage|p1a: Kyurem|0 fnt\n|-enditem|p1a: Kyurem|Choice Specs|[from] move: Knock Off|[of] p2a: Pikachu\n|faint|p1a: Kyurem\n|\n|upkeep\n|\n|t:|1781394447\n|switch|p1a: Rayquaza|Rayquaza, L72|236/270\n|-ability|p1a: Rayquaza|Air Lock\n|turn|29\n|\n|t:|1781394454\n|move|p2a: Pikachu|Volt Tackle|p1a: Rayquaza\n|-damage|p1a: Rayquaza|0 fnt\n|faint|p1a: Rayquaza\n|-damage|p2a: Pikachu|84/216|[from] Recoil\n|\n|upkeep\n|\n|t:|1781394456\n|switch|p1a: Bisharp|Bisharp, L79, F|205/232 par\n|turn|30\n|\n|t:|1781394459\n|cant|p1a: Bisharp|par\n|move|p2a: Pikachu|Volt Tackle|p1a: Bisharp\n|-damage|p1a: Bisharp|67/232 par\n|-damage|p2a: Pikachu|38/216|[from] Recoil\n|\n|upkeep\n|turn|31\n|\n|t:|1781394461\n|move|p2a: Pikachu|Fake Out||[still]\n|-hint|Fake Out only works on your first turn out.\n|-fail|p2a: Pikachu\n|cant|p1a: Bisharp|par\n|\n|upkeep\n|turn|32\n|\n|t:|1781394464\n|move|p2a: Pikachu|Fake Out||[still]\n|-hint|Fake Out only works on your first turn out.\n|-fail|p2a: Pikachu\n|move|p1a: Bisharp|Sucker Punch||[still]\n|-fail|p1a: Bisharp\n|\n|upkeep\n|turn|33\n|\n|t:|1781394467\n|move|p2a: Pikachu|Fake Out||[still]\n|-hint|Fake Out only works on your first turn out.\n|-fail|p2a: Pikachu\n|move|p1a: Bisharp|Sucker Punch||[still]\n|-fail|p1a: Bisharp\n|\n|upkeep\n|turn|34\n|\n|t:|1781394469\n|move|p1a: Bisharp|Sucker Punch|p2a: Pikachu\n|-damage|p2a: Pikachu|0 fnt\n|faint|p2a: Pikachu\n|\n|win|fosdfo\n", "uploadtime": 1781394219, "views": 4, "formatid": "gen9randombattle", "rating": null, "private": 0, "password": null}