{"id": "gen9randombattle-2631540031", "format": "[Gen 9] Random Battle", "players": ["Node", "who is to say"], "log": "|j|\u2606Node\n|j|\u2606who is to say\n|t:|1781398583\n|gametype|singles\n|player|p1|Node|#rbtt9phantoms2|2273\n|player|p2|who is to say|170|2256\n|gen|9\n|tier|[Gen 9] Random Battle\n|rated|\n|rule|Species Clause: Limit one of each Pok\u00e9mon\n|rule|HP Percentage Mod: HP is shown in percentages\n|rule|Sleep Clause Mod: Limit one foe put to sleep\n|rule|Illusion Level Mod: Illusion disguises the Pok\u00e9mon's true level\n|\n|t:|1781398583\n|teamsize|p1|6\n|teamsize|p2|6\n|start\n|switch|p1a: Volbeat|Volbeat, L90, M|263/263\n|switch|p2a: Electrode|Electrode-Hisui, L87|246/246\n|turn|1\n|\n|t:|1781398593\n|move|p2a: Electrode|Thunderbolt|p1a: Volbeat\n|-damage|p1a: Volbeat|178/263\n|move|p1a: Volbeat|U-turn|p2a: Electrode\n|-supereffective|p2a: Electrode\n|-damage|p2a: Electrode|78/246\n|\n|t:|1781398606\n|switch|p1a: Komala|Komala, L88, F|258/258|[from] U-turn\n|-ability|p1a: Komala|Comatose\n|\n|-heal|p2a: Electrode|93/246|[from] item: Leftovers\n|upkeep\n|turn|2\n|\n|t:|1781398610\n|switch|p2a: Armarouge|Armarouge, L80, M|267/267\n|move|p1a: Komala|Body Slam|p2a: Armarouge\n|-damage|p2a: Armarouge|165/267\n|-ability|p2a: Armarouge|Weak Armor|boost\n|-unboost|p2a: Armarouge|def|1\n|-boost|p2a: Armarouge|spe|2\n|\n|upkeep\n|turn|3\n|\n|t:|1781398619\n|move|p2a: Armarouge|Psyshock|p1a: Komala\n|-damage|p1a: Komala|95/258\n|move|p1a: Komala|Earthquake|p2a: Armarouge\n|-supereffective|p2a: Armarouge\n|-damage|p2a: Armarouge|0 fnt\n|faint|p2a: Armarouge\n|\n|upkeep\n|\n|t:|1781398622\n|switch|p2a: Cinderace|Cinderace, L77, F|249/249\n|turn|4\n|\n|t:|1781398629\n|switch|p1a: Basculegion|Basculegion, L80, M|323/323\n|move|p2a: Cinderace|U-turn|p1a: Basculegion\n|-start|p2a: Cinderace|typechange|Bug|[from] ability: Libero\n|-resisted|p1a: Basculegion\n|-damage|p1a: Basculegion|249/323\n|\n|t:|1781398636\n|switch|p2a: Electrode|Electrode-Hisui, L87|93/246|[from] U-turn\n|\n|-heal|p2a: Electrode|108/246|[from] item: Leftovers\n|upkeep\n|turn|5\n|\n|t:|1781398645\n|switch|p1a: Gouging Fire|Gouging Fire, L74|277/277\n|move|p2a: Electrode|Thunderbolt|p1a: Gouging Fire\n|-resisted|p1a: Gouging Fire\n|-damage|p1a: Gouging Fire|232/277\n|-status|p1a: Gouging Fire|par\n|\n|-heal|p2a: Electrode|123/246|[from] item: Leftovers\n|upkeep\n|turn|6\n|\n|t:|1781398652\n|switch|p2a: Blissey|Blissey, L85, F|572/572\n|move|p1a: Gouging Fire|Heat Crash|p2a: Blissey\n|-damage|p2a: Blissey|221/572\n|\n|-heal|p2a: Blissey|256/572|[from] item: Leftovers\n|upkeep\n|turn|7\n|\n|t:|1781398662\n|switch|p2a: Cinderace|Cinderace, L77, F|249/249\n|move|p1a: Gouging Fire|Heat Crash|p2a: Cinderace\n|-resisted|p2a: Cinderace\n|-damage|p2a: Cinderace|174/249\n|\n|upkeep\n|turn|8\n|\n|t:|1781398669\n|-end|p1a: Gouging Fire|Protosynthesis|[silent]\n|switch|p1a: Fezandipiti|Fezandipiti, L82, M|278/278\n|move|p2a: Cinderace|Gunk Shot|p1a: Fezandipiti\n|-start|p2a: Cinderace|typechange|Poison|[from] ability: Libero\n|-damage|p1a: Fezandipiti|92/278\n|\n|-heal|p1a: Fezandipiti|109/278|[from] item: Leftovers\n|upkeep\n|turn|9\n|\n|t:|1781398676\n|switch|p1a: Dugtrio|Dugtrio-Alola, L84, F|196/196\n|move|p2a: Cinderace|Gunk Shot|p1a: Dugtrio\n|-immune|p1a: Dugtrio\n|\n|upkeep\n|turn|10\n|\n|t:|1781398680\n|switch|p2a: Misdreavus|Misdreavus, L90, M|254/254\n|move|p1a: Dugtrio|Earthquake|p2a: Misdreavus\n|-immune|p2a: Misdreavus|[from] ability: Levitate\n|\n|upkeep\n|turn|11\n|\n|t:|1781398686\n|move|p1a: Dugtrio|Earthquake|p2a: Misdreavus\n|-immune|p2a: Misdreavus|[from] ability: Levitate\n|move|p2a: Misdreavus|Calm Mind|p2a: Misdreavus\n|-boost|p2a: Misdreavus|spa|1\n|-boost|p2a: Misdreavus|spd|1\n|\n|upkeep\n|turn|12\n|\n|t:|1781398690\n|switch|p1a: Volbeat|Volbeat, L90, M|178/263\n|move|p2a: Misdreavus|Will-O-Wisp|p1a: Volbeat|[miss]\n|-miss|p2a: Misdreavus|p1a: Volbeat\n|\n|upkeep\n|turn|13\n|\n|t:|1781398695\n|move|p1a: Volbeat|Thunder Wave|p2a: Misdreavus\n|-status|p2a: Misdreavus|par\n|cant|p2a: Misdreavus|par\n|\n|upkeep\n|turn|14\n|\n|t:|1781398707\n|move|p1a: Volbeat|Encore|p2a: Misdreavus\n|-start|p2a: Misdreavus|Encore\n|move|p2a: Misdreavus|Will-O-Wisp|p1a: Volbeat\n|-status|p1a: Volbeat|brn\n|\n|-damage|p1a: Volbeat|162/263 brn|[from] brn\n|upkeep\n|turn|15\n|\n|t:|1781398712\n|move|p1a: Volbeat|U-turn|p2a: Misdreavus\n|-resisted|p2a: Misdreavus\n|-damage|p2a: Misdreavus|239/254 par\n|\n|t:|1781398718\n|switch|p1a: Komala|Komala, L88, F|95/258|[from] U-turn\n|-ability|p1a: Komala|Comatose\n|move|p2a: Misdreavus|Will-O-Wisp|p1a: Komala\n|-immune|p1a: Komala|[from] ability: Comatose\n|\n|upkeep\n|turn|16\n|\n|t:|1781398721\n|switch|p2a: Blissey|Blissey, L85, F|256/572\n|move|p1a: Komala|Knock Off|p2a: Blissey\n|-damage|p2a: Blissey|0 fnt\n|-enditem|p2a: Blissey|Leftovers|[from] move: Knock Off|[of] p1a: Komala\n|faint|p2a: Blissey\n|\n|upkeep\n|\n|t:|1781398725\n|switch|p2a: Cinderace|Cinderace, L77, F|174/249\n|turn|17\n|\n|t:|1781398735\n|switch|p1a: Fezandipiti|Fezandipiti, L82, M|109/278\n|move|p2a: Cinderace|U-turn|p1a: Fezandipiti\n|-start|p2a: Cinderace|typechange|Bug|[from] ability: Libero\n|-resisted|p1a: Fezandipiti\n|-damage|p1a: Fezandipiti|82/278\n|\n|t:|1781398746\n|switch|p2a: Regieleki|Regieleki, L79|256/256|[from] U-turn\n|\n|-heal|p1a: Fezandipiti|99/278|[from] item: Leftovers\n|upkeep\n|turn|18\n|\n|t:|1781398752\n|switch|p1a: Dugtrio|Dugtrio-Alola, L84, F|196/196\n|move|p2a: Regieleki|Thunderbolt|p1a: Dugtrio\n|-immune|p1a: Dugtrio\n|\n|upkeep\n|turn|19\n|\n|t:|1781398758\n|switch|p2a: Electrode|Electrode-Hisui, L87|123/246\n|move|p1a: Dugtrio|Iron Head|p2a: Electrode\n|-resisted|p2a: Electrode\n|-damage|p2a: Electrode|51/246\n|\n|-heal|p2a: Electrode|66/246|[from] item: Leftovers\n|upkeep\n|turn|20\n|\n|t:|1781398765\n|switch|p2a: Misdreavus|Misdreavus, L90, M|239/254 par\n|switch|p1a: Fezandipiti|Fezandipiti, L82, M|99/278\n|\n|-heal|p1a: Fezandipiti|116/278|[from] item: Leftovers\n|upkeep\n|turn|21\n|\n|t:|1781398771\n|move|p1a: Fezandipiti|Moonblast|p2a: Misdreavus\n|-damage|p2a: Misdreavus|190/254 par\n|move|p2a: Misdreavus|Shadow Ball|p1a: Fezandipiti\n|-damage|p1a: Fezandipiti|44/278\n|\n|-heal|p1a: Fezandipiti|61/278|[from] item: Leftovers\n|upkeep\n|turn|22\n|\n|t:|1781398779\n|switch|p2a: Cinderace|Cinderace, L77, F|174/249\n|move|p1a: Fezandipiti|Roost|p1a: Fezandipiti\n|-heal|p1a: Fezandipiti|200/278\n|-singleturn|p1a: Fezandipiti|move: Roost\n|\n|-heal|p1a: Fezandipiti|217/278|[from] item: Leftovers\n|upkeep\n|turn|23\n|\n|t:|1781398786\n|switch|p1a: Volbeat|Volbeat, L90, M|162/263 brn\n|-terastallize|p2a: Cinderace|Fire\n|move|p2a: Cinderace|Pyro Ball|p1a: Volbeat\n|-supereffective|p1a: Volbeat\n|-damage|p1a: Volbeat|0 fnt\n|faint|p1a: Volbeat\n|\n|upkeep\n|\n|t:|1781398799\n|switch|p1a: Dugtrio|Dugtrio-Alola, L84, F|196/196\n|turn|24\n|\n|t:|1781398811\n|switch|p2a: Misdreavus|Misdreavus, L90, M|190/254 par\n|move|p1a: Dugtrio|Earthquake|p2a: Misdreavus\n|-immune|p2a: Misdreavus|[from] ability: Levitate\n|\n|upkeep\n|turn|25\n|\n|t:|1781398818\n|switch|p1a: Komala|Komala, L88, F|95/258\n|-ability|p1a: Komala|Comatose\n|switch|p2a: Cinderace|Cinderace, L77, F, tera:Fire|174/249\n|\n|upkeep\n|turn|26\n|\n|t:|1781398823\n|switch|p1a: Gouging Fire|Gouging Fire, L74|232/277 par\n|move|p2a: Cinderace|Pyro Ball|p1a: Gouging Fire\n|-resisted|p1a: Gouging Fire\n|-crit|p1a: Gouging Fire\n|-damage|p1a: Gouging Fire|150/277 par\n|\n|upkeep\n|turn|27\n|\n|t:|1781398833\n|switch|p2a: Electrode|Electrode-Hisui, L87|66/246\n|move|p1a: Gouging Fire|Heat Crash|p2a: Electrode\n|-supereffective|p2a: Electrode\n|-damage|p2a: Electrode|0 fnt\n|faint|p2a: Electrode\n|\n|upkeep\n|\n|t:|1781398840\n|switch|p2a: Misdreavus|Misdreavus, L90, M|190/254 par\n|turn|28\n|\n|t:|1781398847\n|move|p2a: Misdreavus|Shadow Ball|p1a: Gouging Fire\n|-damage|p1a: Gouging Fire|60/277 par\n|move|p1a: Gouging Fire|Dragon Dance|p1a: Gouging Fire\n|-boost|p1a: Gouging Fire|atk|1\n|-boost|p1a: Gouging Fire|spe|1\n|\n|upkeep\n|turn|29\n|\n|t:|1781398854\n|move|p1a: Gouging Fire|Heat Crash|p2a: Misdreavus\n|-damage|p2a: Misdreavus|43/254 par\n|move|p2a: Misdreavus|Shadow Ball|p1a: Gouging Fire\n|-damage|p1a: Gouging Fire|0 fnt\n|faint|p1a: Gouging Fire\n|-end|p1a: Gouging Fire|Protosynthesis|[silent]\n|\n|upkeep\n|\n|t:|1781398863\n|switch|p1a: Basculegion|Basculegion, L80, M|249/323\n|turn|30\n|\n|t:|1781398872\n|move|p1a: Basculegion|Flip Turn|p2a: Misdreavus\n|-damage|p2a: Misdreavus|0 fnt\n|faint|p2a: Misdreavus\n|\n|t:|1781398874\n|switch|p1a: Dugtrio|Dugtrio-Alola, L84, F|196/196|[from] Flip Turn\n|\n|upkeep\n|-message|who is to say forfeited.\n|\n|win|Node\n|raw|Node's rating: 2273 &rarr; <strong>2292</strong><br />(+19 for winning)\n|raw|who is to say's rating: 2256 &rarr; <strong>2237</strong><br />(-19 for losing)\n", "uploadtime": 1781398585, "views": 3, "formatid": "gen9randombattle", "rating": 2237, "private": 0, "password": null}