{"id": "gen9randombattle-2631748582", "format": "[Gen 9] Random Battle", "players": ["fugupineapple", "green8Bit"], "log": "|j|\u2606fugupineapple\n|j|\u2606green8Bit\n|t:|1781433295\n|gametype|singles\n|player|p1|fugupineapple|169|2027\n|player|p2|green8Bit|102|2104\n|gen|9\n|tier|[Gen 9] Random Battle\n|rated|\n|rule|Species Clause: Limit one of each Pok\u00e9mon\n|rule|HP Percentage Mod: HP is shown in percentages\n|rule|Sleep Clause Mod: Limit one foe put to sleep\n|rule|Illusion Level Mod: Illusion disguises the Pok\u00e9mon's true level\n|\n|t:|1781433295\n|teamsize|p1|6\n|teamsize|p2|6\n|start\n|switch|p1a: Chansey|Chansey, L85, F|564/564\n|switch|p2a: Oricorio|Oricorio-Pa'u, L87, F|272/272\n|turn|1\n|inactive|Battle timer is ON: inactive players will automatically lose when time's up. (requested by fugupineapple)\n|\n|t:|1781433318\n|switch|p2a: Ampharos|Ampharos, L88, F|302/302\n|move|p1a: Chansey|Thunder Wave|p2a: Ampharos\n|-immune|p2a: Ampharos\n|\n|upkeep\n|turn|2\n|\n|t:|1781433332\n|move|p2a: Ampharos|Volt Switch|p1a: Chansey\n|-damage|p1a: Chansey|513/564\n|\n|t:|1781433350\n|switch|p2a: Oricorio|Oricorio-Pa'u, L87, F|272/272|[from] Volt Switch\n|move|p1a: Chansey|Stealth Rock|p2a: Oricorio\n|-sidestart|p2: green8Bit|move: Stealth Rock\n|\n|upkeep\n|turn|3\n|\n|t:|1781433360\n|move|p2a: Oricorio|Quiver Dance|p2a: Oricorio\n|-boost|p2a: Oricorio|spa|1\n|-boost|p2a: Oricorio|spd|1\n|-boost|p2a: Oricorio|spe|1\n|move|p1a: Chansey|Thunder Wave|p2a: Oricorio\n|-status|p2a: Oricorio|par\n|\n|upkeep\n|turn|4\n|\n|t:|1781433371\n|switch|p1a: Cinccino|Cinccino, L83, F|260/260\n|move|p2a: Oricorio|Quiver Dance|p2a: Oricorio\n|-boost|p2a: Oricorio|spa|1\n|-boost|p2a: Oricorio|spd|1\n|-boost|p2a: Oricorio|spe|1\n|\n|upkeep\n|turn|5\n|\n|t:|1781433379\n|move|p1a: Cinccino|Triple Axel|p2a: Oricorio|[miss]\n|-miss|p1a: Cinccino|p2a: Oricorio\n|move|p2a: Oricorio|Quiver Dance|p2a: Oricorio\n|-boost|p2a: Oricorio|spa|1\n|-boost|p2a: Oricorio|spd|1\n|-boost|p2a: Oricorio|spe|1\n|\n|upkeep\n|turn|6\n|\n|t:|1781433382\n|cant|p2a: Oricorio|par\n|move|p1a: Cinccino|Triple Axel|p2a: Oricorio|[miss]\n|-miss|p1a: Cinccino|p2a: Oricorio\n|\n|upkeep\n|turn|7\n|\n|t:|1781433388\n|cant|p2a: Oricorio|par\n|move|p1a: Cinccino|Triple Axel|p2a: Oricorio\n|-supereffective|p2a: Oricorio\n|-damage|p2a: Oricorio|220/272 par\n|-supereffective|p2a: Oricorio\n|-damage|p2a: Oricorio|118/272 par\n|-supereffective|p2a: Oricorio\n|-crit|p2a: Oricorio\n|-damage|p2a: Oricorio|0 fnt\n|faint|p2a: Oricorio\n|-hitcount|p2: Oricorio|3\n|\n|upkeep\n|inactive|green8Bit has 120 seconds left.\n|\n|t:|1781433421\n|switch|p2a: Ampharos|Ampharos, L88, F|302/302\n|-damage|p2a: Ampharos|265/302|[from] Stealth Rock\n|turn|8\n|\n|t:|1781433428\n|switch|p1a: Iron Treads|Iron Treads, L77|265/265\n|move|p2a: Ampharos|Focus Blast|p1a: Iron Treads|[miss]\n|-miss|p2a: Ampharos|p1a: Iron Treads\n|\n|upkeep\n|turn|9\n|inactive|green8Bit has 120 seconds left.\n|inactive|green8Bit has 90 seconds left.\n|inactive|green8Bit has 60 seconds left.\n|inactive|green8Bit has 30 seconds left.\n|\n|t:|1781433545\n|move|p1a: Iron Treads|Volt Switch|p2a: Ampharos\n|-resisted|p2a: Ampharos\n|-damage|p2a: Ampharos|254/302\n|\n|t:|1781433552\n|-end|p1a: Iron Treads|Quark Drive|[silent]\n|switch|p1a: Golurk|Golurk, L87|297/297|[from] Volt Switch\n|move|p2a: Ampharos|Focus Blast|p1a: Golurk\n|-immune|p1a: Golurk\n|\n|upkeep\n|turn|10\n|\n|t:|1781433560\n|move|p2a: Ampharos|Dazzling Gleam|p1a: Golurk\n|-damage|p1a: Golurk|227/297\n|move|p1a: Golurk|Poltergeist|p2a: Ampharos\n|-activate|p2a: Ampharos|move: Poltergeist|Assault Vest\n|-damage|p2a: Ampharos|29/302\n|\n|upkeep\n|turn|11\n|\n|t:|1781433569\n|switch|p1a: Iron Treads|Iron Treads, L77|265/265\n|move|p2a: Ampharos|Dazzling Gleam|p1a: Iron Treads\n|-resisted|p1a: Iron Treads\n|-damage|p1a: Iron Treads|234/265\n|\n|upkeep\n|turn|12\n|\n|t:|1781433573\n|move|p1a: Iron Treads|Earthquake|p2a: Ampharos\n|-supereffective|p2a: Ampharos\n|-damage|p2a: Ampharos|0 fnt\n|faint|p2a: Ampharos\n|\n|upkeep\n|inactive|green8Bit has 60 seconds left.\n|\n|t:|1781433582\n|switch|p2a: Meowscarada|Meowscarada, L78, M|247/247\n|turn|13\n|inactive|green8Bit has 60 seconds left.\n|\n|t:|1781433603\n|move|p2a: Meowscarada|U-turn|p1a: Iron Treads\n|-start|p2a: Meowscarada|typechange|Bug|[from] ability: Protean\n|-resisted|p1a: Iron Treads\n|-damage|p1a: Iron Treads|206/265\n|\n|t:|1781433606\n|switch|p2a: Spectrier|Spectrier, L75|274/274|[from] U-turn\n|-damage|p2a: Spectrier|240/274|[from] Stealth Rock\n|move|p1a: Iron Treads|Rapid Spin|p2a: Spectrier\n|-immune|p2a: Spectrier\n|\n|upkeep\n|turn|14\n|\n|t:|1781433618\n|move|p2a: Spectrier|Nasty Plot|p2a: Spectrier\n|-boost|p2a: Spectrier|spa|2\n|move|p1a: Iron Treads|Earthquake|p2a: Spectrier\n|-damage|p2a: Spectrier|102/274\n|\n|upkeep\n|turn|15\n|\n|t:|1781433621\n|move|p2a: Spectrier|Shadow Ball|p1a: Iron Treads\n|-damage|p1a: Iron Treads|0 fnt\n|faint|p1a: Iron Treads\n|-end|p1a: Iron Treads|Quark Drive|[silent]\n|-ability|p2a: Spectrier|Grim Neigh|boost\n|-boost|p2a: Spectrier|spa|1\n|-damage|p2a: Spectrier|75/274|[from] item: Life Orb\n|\n|upkeep\n|\n|t:|1781433634\n|switch|p1a: Gyarados|Gyarados, L79, M|280/280\n|-ability|p1a: Gyarados|Intimidate|boost\n|-unboost|p2a: Spectrier|atk|1\n|turn|16\n|\n|t:|1781433642\n|move|p2a: Spectrier|Shadow Ball|p1a: Gyarados\n|-damage|p1a: Gyarados|0 fnt\n|faint|p1a: Gyarados\n|-ability|p2a: Spectrier|Grim Neigh|boost\n|-boost|p2a: Spectrier|spa|1\n|-damage|p2a: Spectrier|48/274|[from] item: Life Orb\n|\n|upkeep\n|\n|t:|1781433647\n|switch|p1a: Hypno|Hypno, L95, F|315/315\n|turn|17\n|\n|t:|1781433651\n|-terastallize|p1a: Hypno|Steel\n|move|p2a: Spectrier|Shadow Ball|p1a: Hypno\n|-damage|p1a: Hypno|34/315\n|-damage|p2a: Spectrier|21/274|[from] item: Life Orb\n|move|p1a: Hypno|Knock Off|p2a: Spectrier\n|-supereffective|p2a: Spectrier\n|-damage|p2a: Spectrier|0 fnt\n|-enditem|p2a: Spectrier|Life Orb|[from] move: Knock Off|[of] p1a: Hypno\n|faint|p2a: Spectrier\n|\n|-heal|p1a: Hypno|53/315|[from] item: Leftovers\n|upkeep\n|inactive|green8Bit has 90 seconds left.\n|\n|t:|1781433679\n|switch|p2a: Weavile|Weavile, L79, M|240/240\n|turn|18\n|\n|t:|1781433698\n|move|p2a: Weavile|Knock Off|p1a: Hypno\n|-damage|p1a: Hypno|0 fnt\n|-enditem|p1a: Hypno|Leftovers|[from] move: Knock Off|[of] p2a: Weavile\n|faint|p1a: Hypno\n|\n|upkeep\n|\n|t:|1781433704\n|switch|p1a: Chansey|Chansey, L85, F|513/564\n|turn|19\n|\n|t:|1781433709\n|switch|p2a: Meowscarada|Meowscarada, L78, M|247/247\n|move|p1a: Chansey|Thunder Wave|p2a: Meowscarada\n|-status|p2a: Meowscarada|par\n|\n|upkeep\n|turn|20\n|\n|t:|1781433726\n|switch|p1a: Golurk|Golurk, L87|227/297\n|move|p2a: Meowscarada|Knock Off|p1a: Golurk\n|-start|p2a: Meowscarada|typechange|Dark|[from] ability: Protean\n|-supereffective|p1a: Golurk\n|-damage|p1a: Golurk|21/297\n|-enditem|p1a: Golurk|Choice Band|[from] move: Knock Off|[of] p2a: Meowscarada\n|\n|upkeep\n|turn|21\n|\n|t:|1781433741\n|move|p1a: Golurk|Dynamic Punch|p2a: Meowscarada\n|-supereffective|p2a: Meowscarada\n|-damage|p2a: Meowscarada|27/247 par\n|-start|p2a: Meowscarada|confusion\n|-activate|p2a: Meowscarada|confusion\n|move|p2a: Meowscarada|Knock Off|p1a: Golurk\n|-supereffective|p1a: Golurk\n|-damage|p1a: Golurk|0 fnt\n|faint|p1a: Golurk\n|\n|upkeep\n|\n|t:|1781433748\n|switch|p1a: Cinccino|Cinccino, L83, F|260/260\n|turn|22\n|\n|t:|1781433770\n|move|p1a: Cinccino|Tidy Up|p1a: Cinccino\n|-sideend|p2: green8Bit|Stealth Rock\n|-activate|p1a: Cinccino|move: Tidy Up\n|-boost|p1a: Cinccino|atk|1\n|-boost|p1a: Cinccino|spe|1\n|-activate|p2a: Meowscarada|confusion\n|cant|p2a: Meowscarada|par\n|\n|upkeep\n|turn|23\n|\n|t:|1781433777\n|move|p1a: Cinccino|Bullet Seed|p2a: Meowscarada\n|-damage|p2a: Meowscarada|0 fnt\n|faint|p2a: Meowscarada\n|-hitcount|p2: Meowscarada|1\n|\n|upkeep\n|inactive|green8Bit has 120 seconds left.\n|\n|t:|1781433799\n|switch|p2a: Noctowl|Noctowl, L95, M|344/344\n|turn|24\n|\n|t:|1781433816\n|-terastallize|p2a: Noctowl|Normal\n|move|p1a: Cinccino|Tail Slap|p2a: Noctowl\n|-damage|p2a: Noctowl|272/344\n|-damage|p2a: Noctowl|193/344\n|-damage|p2a: Noctowl|115/344\n|-damage|p2a: Noctowl|43/344\n|-damage|p2a: Noctowl|0 fnt\n|faint|p2a: Noctowl\n|-hitcount|p2: Noctowl|5\n|\n|upkeep\n|\n|t:|1781433829\n|switch|p2a: Weavile|Weavile, L79, M|240/240\n|turn|25\n|\n|t:|1781433838\n|move|p1a: Cinccino|Tail Slap|p2a: Weavile\n|-damage|p2a: Weavile|165/240\n|-damage|p2a: Weavile|96/240\n|-damage|p2a: Weavile|23/240\n|-damage|p2a: Weavile|0 fnt\n|faint|p2a: Weavile\n|-hitcount|p2: Weavile|4\n|\n|win|fugupineapple\n", "uploadtime": 1781433298, "views": 3, "formatid": "gen9randombattle", "rating": null, "private": 0, "password": null}