{"id": "gen9randombattle-2631764615", "format": "[Gen 9] Random Battle", "players": ["L4V", "tttttttttyyygggg"], "log": "|j|\u2606L4V\n|j|\u2606tttttttttyyygggg\n|t:|1781436023\n|gametype|singles\n|player|p1|L4V|psychic-gen6|1970\n|player|p2|tttttttttyyygggg|101|1879\n|gen|9\n|tier|[Gen 9] Random Battle\n|rated|\n|rule|Species Clause: Limit one of each Pok\u00e9mon\n|rule|HP Percentage Mod: HP is shown in percentages\n|rule|Sleep Clause Mod: Limit one foe put to sleep\n|rule|Illusion Level Mod: Illusion disguises the Pok\u00e9mon's true level\n|\n|t:|1781436023\n|teamsize|p1|6\n|teamsize|p2|6\n|start\n|switch|p1a: Dragalge|Dragalge, L88, F|258/258\n|switch|p2a: Regice|Regice, L88|284/284\n|turn|1\n|inactive|Battle timer is ON: inactive players will automatically lose when time's up. (requested by tttttttttyyygggg)\n|inactive|L4V also wants the timer to be on.\n|\n|t:|1781436041\n|switch|p1a: Zamazenta|Zamazenta-Crowned, L68|238/238\n|-ability|p1a: Zamazenta|Dauntless Shield|boost\n|-boost|p1a: Zamazenta|def|1\n|move|p2a: Regice|Thunderbolt|p1a: Zamazenta\n|-damage|p1a: Zamazenta|176/238\n|\n|upkeep\n|turn|2\n|\n|t:|1781436052\n|move|p1a: Zamazenta|Iron Defense|p1a: Zamazenta\n|-boost|p1a: Zamazenta|def|2\n|move|p2a: Regice|Thunderbolt|p1a: Zamazenta\n|-damage|p1a: Zamazenta|114/238\n|\n|upkeep\n|turn|3\n|\n|t:|1781436060\n|switch|p2a: Clodsire|Clodsire, L81, F|343/343\n|move|p1a: Zamazenta|Body Press|p2a: Clodsire\n|-resisted|p2a: Clodsire\n|-damage|p2a: Clodsire|206/343\n|\n|-heal|p2a: Clodsire|227/343|[from] item: Leftovers\n|upkeep\n|turn|4\n|\n|t:|1781436070\n|move|p1a: Zamazenta|Body Press|p2a: Clodsire\n|-resisted|p2a: Clodsire\n|-damage|p2a: Clodsire|90/343\n|move|p2a: Clodsire|Recover|p2a: Clodsire\n|-heal|p2a: Clodsire|262/343\n|\n|-heal|p2a: Clodsire|283/343|[from] item: Leftovers\n|upkeep\n|turn|5\n|\n|t:|1781436078\n|move|p1a: Zamazenta|Body Press|p2a: Clodsire\n|-resisted|p2a: Clodsire\n|-damage|p2a: Clodsire|146/343\n|move|p2a: Clodsire|Earthquake|p1a: Zamazenta\n|-supereffective|p1a: Zamazenta\n|-damage|p1a: Zamazenta|60/238\n|\n|-heal|p2a: Clodsire|167/343|[from] item: Leftovers\n|upkeep\n|turn|6\n|\n|t:|1781436085\n|move|p1a: Zamazenta|Iron Defense|p1a: Zamazenta\n|-boost|p1a: Zamazenta|def|2\n|move|p2a: Clodsire|Recover|p2a: Clodsire\n|-heal|p2a: Clodsire|339/343\n|\n|-heal|p2a: Clodsire|343/343|[from] item: Leftovers\n|upkeep\n|turn|7\n|\n|t:|1781436089\n|move|p1a: Zamazenta|Body Press|p2a: Clodsire\n|-resisted|p2a: Clodsire\n|-damage|p2a: Clodsire|154/343\n|move|p2a: Clodsire|Earthquake|p1a: Zamazenta\n|-supereffective|p1a: Zamazenta\n|-damage|p1a: Zamazenta|22/238\n|\n|-heal|p2a: Clodsire|175/343|[from] item: Leftovers\n|upkeep\n|turn|8\n|\n|t:|1781436096\n|move|p1a: Zamazenta|Body Press|p2a: Clodsire\n|-resisted|p2a: Clodsire\n|-damage|p2a: Clodsire|0 fnt\n|faint|p2a: Clodsire\n|\n|upkeep\n|\n|t:|1781436113\n|switch|p2a: Pelipper|Pelipper, L86, M|243/243\n|-weather|RainDance|[from] ability: Drizzle|[of] p2a: Pelipper\n|turn|9\n|\n|t:|1781436122\n|move|p1a: Zamazenta|Body Press|p2a: Pelipper\n|-resisted|p2a: Pelipper\n|-crit|p2a: Pelipper\n|-damage|p2a: Pelipper|56/243\n|move|p2a: Pelipper|Hurricane|p1a: Zamazenta\n|-damage|p1a: Zamazenta|0 fnt\n|faint|p1a: Zamazenta\n|\n|-weather|RainDance|[upkeep]\n|upkeep\n|\n|t:|1781436128\n|switch|p1a: Komala|Komala, L88, M|258/258\n|-ability|p1a: Komala|Comatose\n|turn|10\n|\n|t:|1781436141\n|switch|p2a: Crabominable|Crabominable, L90, F|321/321\n|move|p1a: Komala|Body Slam|p2a: Crabominable\n|-damage|p2a: Crabominable|212/321\n|\n|-weather|RainDance|[upkeep]\n|upkeep\n|turn|11\n|\n|t:|1781436158\n|switch|p1a: Quagsire|Quagsire, L84, F|297/297\n|move|p2a: Crabominable|Knock Off|p1a: Quagsire\n|-damage|p1a: Quagsire|195/297\n|-enditem|p1a: Quagsire|Leftovers|[from] move: Knock Off|[of] p2a: Crabominable\n|\n|-weather|RainDance|[upkeep]\n|upkeep\n|turn|12\n|\n|t:|1781436172\n|move|p2a: Crabominable|Drain Punch|p1a: Quagsire\n|-damage|p1a: Quagsire|47/297\n|-heal|p2a: Crabominable|286/321|[from] drain|[of] p1a: Quagsire\n|move|p1a: Quagsire|Toxic|p2a: Crabominable|[miss]\n|-miss|p1a: Quagsire|p2a: Crabominable\n|\n|-weather|RainDance|[upkeep]\n|upkeep\n|turn|13\n|\n|t:|1781436182\n|move|p2a: Crabominable|Drain Punch|p1a: Quagsire\n|-damage|p1a: Quagsire|0 fnt\n|-heal|p2a: Crabominable|310/321|[from] drain|[of] p1a: Quagsire\n|faint|p1a: Quagsire\n|\n|-weather|none\n|upkeep\n|\n|t:|1781436186\n|switch|p1a: Zacian|Zacian, L69|241/241\n|-ability|p1a: Zacian|Intrepid Sword|boost\n|-boost|p1a: Zacian|atk|1\n|turn|14\n|\n|t:|1781436199\n|switch|p2a: Pelipper|Pelipper, L86, M|56/243\n|-weather|RainDance|[from] ability: Drizzle|[of] p2a: Pelipper\n|move|p1a: Zacian|Play Rough|p2a: Pelipper\n|-damage|p2a: Pelipper|0 fnt\n|faint|p2a: Pelipper\n|-damage|p1a: Zacian|217/241|[from] item: Life Orb\n|\n|-weather|RainDance|[upkeep]\n|upkeep\n|\n|t:|1781436217\n|switch|p2a: Regice|Regice, L88|284/284\n|turn|15\n|\n|t:|1781436222\n|-terastallize|p1a: Zacian|Fighting\n|move|p1a: Zacian|Close Combat|p2a: Regice\n|-supereffective|p2a: Regice\n|-damage|p2a: Regice|0 fnt\n|-unboost|p1a: Zacian|def|1\n|-unboost|p1a: Zacian|spd|1\n|faint|p2a: Regice\n|-damage|p1a: Zacian|193/241|[from] item: Life Orb\n|\n|-weather|RainDance|[upkeep]\n|upkeep\n|\n|t:|1781436227\n|switch|p2a: Crabominable|Crabominable, L90, F|310/321\n|turn|16\n|\n|t:|1781436235\n|-terastallize|p2a: Crabominable|Ground\n|move|p1a: Zacian|Close Combat|p2a: Crabominable\n|-crit|p2a: Crabominable\n|-damage|p2a: Crabominable|2/321\n|-unboost|p1a: Zacian|def|1\n|-unboost|p1a: Zacian|spd|1\n|-damage|p1a: Zacian|169/241|[from] item: Life Orb\n|move|p2a: Crabominable|Drain Punch|p1a: Zacian\n|-damage|p1a: Zacian|0 fnt\n|-heal|p2a: Crabominable|87/321|[from] drain|[of] p1a: Zacian\n|faint|p1a: Zacian\n|\n|-weather|RainDance|[upkeep]\n|upkeep\n|\n|t:|1781436247\n|switch|p1a: Komala|Komala, L88, M|258/258\n|-ability|p1a: Komala|Comatose\n|turn|17\n|\n|t:|1781436253\n|switch|p2a: Scrafty|Scrafty, L83, M|244/244\n|move|p1a: Komala|Body Slam|p2a: Scrafty\n|-damage|p2a: Scrafty|145/244\n|\n|-weather|RainDance|[upkeep]\n|-heal|p2a: Scrafty|160/244|[from] item: Leftovers\n|upkeep\n|turn|18\n|\n|t:|1781436263\n|switch|p1a: Dragalge|Dragalge, L88, F|258/258\n|move|p2a: Scrafty|Knock Off|p1a: Dragalge\n|-damage|p1a: Dragalge|170/258\n|-enditem|p1a: Dragalge|Choice Specs|[from] move: Knock Off|[of] p2a: Scrafty\n|\n|-weather|none\n|-heal|p2a: Scrafty|175/244|[from] item: Leftovers\n|upkeep\n|turn|19\n|\n|t:|1781436272\n|switch|p2a: Forretress|Forretress, L84, F|263/263\n|move|p1a: Dragalge|Sludge Wave|p2a: Forretress\n|-immune|p2a: Forretress\n|\n|upkeep\n|turn|20\n|\n|t:|1781436278\n|move|p1a: Dragalge|Focus Blast|p2a: Forretress\n|-damage|p2a: Forretress|148/263\n|-unboost|p2a: Forretress|spd|1\n|move|p2a: Forretress|Volt Switch|p1a: Dragalge\n|-resisted|p1a: Dragalge\n|-damage|p1a: Dragalge|157/258\n|\n|t:|1781436283\n|switch|p2a: Crabominable|Crabominable, L90, F, tera:Ground|87/321|[from] Volt Switch\n|\n|upkeep\n|turn|21\n|\n|t:|1781436291\n|switch|p1a: Ursaring|Ursaring, L84, M|288/288\n|move|p2a: Crabominable|Earthquake|p1a: Ursaring\n|-damage|p1a: Ursaring|179/288\n|\n|upkeep\n|turn|22\n|\n|t:|1781436303\n|switch|p2a: Scrafty|Scrafty, L83, M|175/244\n|move|p1a: Ursaring|Body Slam|p2a: Scrafty\n|-damage|p2a: Scrafty|87/244\n|-status|p2a: Scrafty|par\n|\n|-activate|p2a: Scrafty|ability: Shed Skin\n|-curestatus|p2a: Scrafty|par|[msg]\n|-heal|p2a: Scrafty|102/244|[from] item: Leftovers\n|upkeep\n|turn|23\n|\n|t:|1781436316\n|move|p2a: Scrafty|Drain Punch|p1a: Ursaring\n|-supereffective|p1a: Ursaring\n|-damage|p1a: Ursaring|69/288\n|-heal|p2a: Scrafty|157/244|[from] drain|[of] p1a: Ursaring\n|move|p1a: Ursaring|Body Slam|p2a: Scrafty\n|-damage|p2a: Scrafty|55/244\n|\n|-heal|p2a: Scrafty|70/244|[from] item: Leftovers\n|upkeep\n|turn|24\n|\n|t:|1781436328\n|move|p2a: Scrafty|Drain Punch|p1a: Ursaring\n|-supereffective|p1a: Ursaring\n|-damage|p1a: Ursaring|0 fnt\n|-heal|p2a: Scrafty|105/244|[from] drain|[of] p1a: Ursaring\n|faint|p1a: Ursaring\n|\n|-heal|p2a: Scrafty|120/244|[from] item: Leftovers\n|upkeep\n|\n|t:|1781436329\n|switch|p1a: Dragalge|Dragalge, L88, F|157/258\n|turn|25\n|\n|t:|1781436338\n|switch|p2a: Forretress|Forretress, L84, F|148/263\n|move|p1a: Dragalge|Focus Blast|p2a: Forretress\n|-damage|p2a: Forretress|27/263\n|\n|-heal|p2a: Forretress|43/263|[from] item: Leftovers\n|upkeep\n|turn|26\n|\n|t:|1781436346\n|move|p1a: Dragalge|Focus Blast|p2a: Forretress\n|-damage|p2a: Forretress|0 fnt\n|faint|p2a: Forretress\n|\n|upkeep\n|\n|t:|1781436355\n|switch|p2a: Crabominable|Crabominable, L90, F, tera:Ground|87/321\n|turn|27\n|\n|t:|1781436380\n|switch|p1a: Komala|Komala, L88, M|258/258\n|-ability|p1a: Komala|Comatose\n|move|p2a: Crabominable|Ice Hammer|p1a: Komala|[miss]\n|-miss|p2a: Crabominable|p1a: Komala\n|\n|upkeep\n|turn|28\n|\n|t:|1781436388\n|move|p1a: Komala|Body Slam|p2a: Crabominable\n|-damage|p2a: Crabominable|0 fnt\n|faint|p2a: Crabominable\n|\n|upkeep\n|\n|t:|1781436391\n|switch|p2a: Scrafty|Scrafty, L83, M|120/244\n|turn|29\n|\n|t:|1781436401\n|move|p1a: Komala|Body Slam|p2a: Scrafty\n|-damage|p2a: Scrafty|33/244\n|move|p2a: Scrafty|Rest|p2a: Scrafty\n|-status|p2a: Scrafty|slp|[from] move: Rest\n|-heal|p2a: Scrafty|244/244 slp|[silent]\n|\n|upkeep\n|turn|30\n|\n|t:|1781436410\n|move|p1a: Komala|Body Slam|p2a: Scrafty\n|-damage|p2a: Scrafty|148/244 slp\n|cant|p2a: Scrafty|slp\n|\n|-activate|p2a: Scrafty|ability: Shed Skin\n|-curestatus|p2a: Scrafty|slp|[msg]\n|-heal|p2a: Scrafty|163/244|[from] item: Leftovers\n|upkeep\n|turn|31\n|\n|t:|1781436415\n|move|p1a: Komala|Body Slam|p2a: Scrafty\n|-damage|p2a: Scrafty|72/244\n|move|p2a: Scrafty|Bulk Up|p2a: Scrafty\n|-boost|p2a: Scrafty|atk|1\n|-boost|p2a: Scrafty|def|1\n|\n|-heal|p2a: Scrafty|87/244|[from] item: Leftovers\n|upkeep\n|turn|32\n|\n|t:|1781436420\n|move|p1a: Komala|Body Slam|p2a: Scrafty\n|-damage|p2a: Scrafty|27/244\n|move|p2a: Scrafty|Drain Punch|p1a: Komala\n|-supereffective|p1a: Komala\n|-damage|p1a: Komala|16/258\n|-heal|p2a: Scrafty|148/244|[from] drain|[of] p1a: Komala\n|\n|-heal|p2a: Scrafty|163/244|[from] item: Leftovers\n|upkeep\n|turn|33\n|\n|t:|1781436429\n|move|p1a: Komala|Body Slam|p2a: Scrafty\n|-damage|p2a: Scrafty|105/244\n|move|p2a: Scrafty|Bulk Up|p2a: Scrafty\n|-boost|p2a: Scrafty|atk|1\n|-boost|p2a: Scrafty|def|1\n|\n|-heal|p2a: Scrafty|120/244|[from] item: Leftovers\n|upkeep\n|turn|34\n|\n|t:|1781436433\n|move|p1a: Komala|Knock Off|p2a: Scrafty\n|-resisted|p2a: Scrafty\n|-damage|p2a: Scrafty|111/244\n|-enditem|p2a: Scrafty|Leftovers|[from] move: Knock Off|[of] p1a: Komala\n|move|p2a: Scrafty|Rest|p2a: Scrafty\n|-status|p2a: Scrafty|slp|[from] move: Rest\n|-heal|p2a: Scrafty|244/244 slp|[silent]\n|\n|-activate|p2a: Scrafty|ability: Shed Skin\n|-curestatus|p2a: Scrafty|slp|[msg]\n|upkeep\n|turn|35\n|\n|t:|1781436438\n|move|p1a: Komala|Body Slam|p2a: Scrafty\n|-damage|p2a: Scrafty|196/244\n|move|p2a: Scrafty|Bulk Up|p2a: Scrafty\n|-boost|p2a: Scrafty|atk|1\n|-boost|p2a: Scrafty|def|1\n|\n|upkeep\n|turn|36\n|\n|t:|1781436444\n|move|p1a: Komala|Body Slam|p2a: Scrafty\n|-damage|p2a: Scrafty|160/244\n|move|p2a: Scrafty|Bulk Up|p2a: Scrafty\n|-boost|p2a: Scrafty|atk|1\n|-boost|p2a: Scrafty|def|1\n|\n|upkeep\n|turn|37\n|\n|t:|1781436450\n|move|p1a: Komala|Body Slam|p2a: Scrafty\n|-damage|p2a: Scrafty|126/244\n|move|p2a: Scrafty|Drain Punch|p1a: Komala\n|-supereffective|p1a: Komala\n|-damage|p1a: Komala|0 fnt\n|-heal|p2a: Scrafty|134/244|[from] drain|[of] p1a: Komala\n|faint|p1a: Komala\n|\n|upkeep\n|\n|t:|1781436453\n|switch|p1a: Dragalge|Dragalge, L88, F|157/258\n|turn|38\n|\n|t:|1781436457\n|move|p2a: Scrafty|Knock Off|p1a: Dragalge\n|-damage|p1a: Dragalge|0 fnt\n|faint|p1a: Dragalge\n|\n|win|tttttttttyyygggg\n|raw|L4V's rating: 1970 &rarr; <strong>1945</strong><br />(-25 for losing)\n|raw|tttttttttyyygggg's rating: 1879 &rarr; <strong>1904</strong><br />(+25 for winning)\n", "uploadtime": 1781436458, "views": 4, "formatid": "gen9randombattle", "rating": 1904, "private": 0, "password": null}