{"id": "gen9randombattle-2631523944", "format": "[Gen 9] Random Battle", "players": ["freeze magnet", "DaMoistAvocado"], "log": "|j|\u2606freeze magnet\n|j|\u2606DaMoistAvocado\n|t:|1781396352\n|gametype|singles\n|player|p1|freeze magnet|gambler|1947\n|player|p2|DaMoistAvocado|steven|1907\n|gen|9\n|tier|[Gen 9] Random Battle\n|rated|\n|rule|Species Clause: Limit one of each Pok\u00e9mon\n|rule|HP Percentage Mod: HP is shown in percentages\n|rule|Sleep Clause Mod: Limit one foe put to sleep\n|rule|Illusion Level Mod: Illusion disguises the Pok\u00e9mon's true level\n|\n|t:|1781396352\n|teamsize|p1|6\n|teamsize|p2|6\n|start\n|switch|p1a: Quaquaval|Quaquaval, L79, F|264/264\n|switch|p2a: Abomasnow|Abomasnow, L84, F|287/287\n|-weather|Snowscape|[from] ability: Snow Warning|[of] p2a: Abomasnow\n|turn|1\n|\n|t:|1781396362\n|move|p1a: Quaquaval|Close Combat|p2a: Abomasnow\n|-supereffective|p2a: Abomasnow\n|-damage|p2a: Abomasnow|35/287\n|-unboost|p1a: Quaquaval|def|1\n|-unboost|p1a: Quaquaval|spd|1\n|-damage|p1a: Quaquaval|238/264|[from] item: Life Orb\n|move|p2a: Abomasnow|Wood Hammer|p1a: Quaquaval\n|-supereffective|p1a: Quaquaval\n|-damage|p1a: Quaquaval|0 fnt\n|faint|p1a: Quaquaval\n|-damage|p2a: Abomasnow|0 fnt|[from] Recoil\n|faint|p2a: Abomasnow\n|\n|-weather|Snowscape|[upkeep]\n|upkeep\n|inactive|Battle timer is ON: inactive players will automatically lose when time's up. (requested by freeze magnet)\n|\n|t:|1781396373\n|switch|p1a: Gliscor|Gliscor, L76, F|239/239\n|switch|p2a: Skuntank|Skuntank, L84, M|310/310\n|turn|2\n|\n|t:|1781396379\n|move|p1a: Gliscor|Protect|p1a: Gliscor\n|-singleturn|p1a: Gliscor|Protect\n|move|p2a: Skuntank|Knock Off|p1a: Gliscor\n|-activate|p1a: Gliscor|move: Protect\n|\n|-weather|Snowscape|[upkeep]\n|-status|p1a: Gliscor|tox|[from] item: Toxic Orb\n|upkeep\n|turn|3\n|\n|t:|1781396384\n|switch|p2a: Golduck|Golduck, L90, F|290/290\n|-ability|p2a: Golduck|Cloud Nine\n|move|p1a: Gliscor|Earthquake|p2a: Golduck\n|-damage|p2a: Golduck|200/290\n|\n|-weather|Snowscape|[upkeep]\n|-heal|p2a: Golduck|218/290|[from] item: Leftovers\n|upkeep\n|turn|4\n|\n|t:|1781396390\n|switch|p1a: Decidueye|Decidueye, L88, M|281/281\n|move|p2a: Golduck|Nasty Plot|p2a: Golduck\n|-boost|p2a: Golduck|spa|2\n|\n|-weather|Snowscape|[upkeep]\n|-heal|p2a: Golduck|236/290|[from] item: Leftovers\n|upkeep\n|turn|5\n|\n|t:|1781396394\n|-terastallize|p1a: Decidueye|Ghost\n|move|p2a: Golduck|Hydro Pump|p1a: Decidueye\n|-damage|p1a: Decidueye|38/281\n|move|p1a: Decidueye|Leaf Storm|p2a: Golduck\n|-supereffective|p2a: Golduck\n|-damage|p2a: Golduck|0 fnt\n|-unboost|p1a: Decidueye|spa|2\n|faint|p2a: Golduck\n|-damage|p1a: Decidueye|10/281|[from] item: Life Orb\n|\n|-weather|none\n|upkeep\n|\n|t:|1781396410\n|switch|p2a: Slither Wing|Slither Wing, L81|270/270\n|-enditem|p2a: Slither Wing|Booster Energy\n|-activate|p2a: Slither Wing|ability: Protosynthesis|[fromitem]\n|-start|p2a: Slither Wing|protosynthesisatk\n|turn|6\n|\n|t:|1781396415\n|switch|p1a: Gliscor|Gliscor, L76, F|239/239 tox\n|move|p2a: Slither Wing|Acrobatics|p1a: Gliscor\n|-damage|p1a: Gliscor|132/239 tox\n|\n|-heal|p1a: Gliscor|161/239 tox|[from] ability: Poison Heal\n|upkeep\n|turn|7\n|\n|t:|1781396419\n|-end|p2a: Slither Wing|Protosynthesis|[silent]\n|switch|p2a: Cacturne|Cacturne, L92, F|278/278\n|move|p1a: Gliscor|Toxic|p2a: Cacturne\n|-status|p2a: Cacturne|tox\n|\n|-heal|p1a: Gliscor|190/239 tox|[from] ability: Poison Heal\n|-damage|p2a: Cacturne|261/278 tox|[from] psn\n|upkeep\n|turn|8\n|\n|t:|1781396422\n|move|p1a: Gliscor|Substitute|p1a: Gliscor\n|-start|p1a: Gliscor|Substitute\n|-damage|p1a: Gliscor|131/239 tox\n|move|p2a: Cacturne|Leaf Storm|p1a: Gliscor\n|-end|p1a: Gliscor|Substitute\n|-unboost|p2a: Cacturne|spa|2\n|-damage|p2a: Cacturne|234/278 tox|[from] item: Life Orb\n|\n|-heal|p1a: Gliscor|160/239 tox|[from] ability: Poison Heal\n|-damage|p2a: Cacturne|200/278 tox|[from] psn\n|upkeep\n|turn|9\n|\n|t:|1781396426\n|switch|p2a: Wyrdeer|Wyrdeer, L87, F|321/321\n|-ability|p2a: Wyrdeer|Intimidate|boost\n|-unboost|p1a: Gliscor|atk|1\n|move|p1a: Gliscor|Protect||[still]\n|-fail|p1a: Gliscor\n|\n|-heal|p1a: Gliscor|189/239 tox|[from] ability: Poison Heal\n|upkeep\n|turn|10\n|\n|t:|1781396428\n|move|p1a: Gliscor|Toxic|p2a: Wyrdeer\n|-status|p2a: Wyrdeer|tox\n|move|p2a: Wyrdeer|Psychic Noise|p1a: Gliscor\n|-damage|p1a: Gliscor|83/239 tox\n|-start|p1a: Gliscor|move: Heal Block\n|\n|-damage|p2a: Wyrdeer|301/321 tox|[from] psn\n|upkeep\n|turn|11\n|\n|t:|1781396433\n|move|p1a: Gliscor|Protect|p1a: Gliscor\n|-singleturn|p1a: Gliscor|Protect\n|move|p2a: Wyrdeer|Psychic Noise|p1a: Gliscor\n|-activate|p1a: Gliscor|move: Protect\n|\n|-damage|p2a: Wyrdeer|261/321 tox|[from] psn\n|-end|p1a: Gliscor|move: Heal Block\n|upkeep\n|turn|12\n|\n|t:|1781396437\n|switch|p1a: Tsareena|Tsareena, L87, F|267/267\n|move|p2a: Wyrdeer|Psychic Noise|p1a: Tsareena\n|-damage|p1a: Tsareena|185/267\n|-start|p1a: Tsareena|move: Heal Block\n|\n|-damage|p2a: Wyrdeer|201/321 tox|[from] psn\n|upkeep\n|turn|13\n|\n|t:|1781396440\n|move|p1a: Tsareena|Knock Off|p2a: Wyrdeer\n|-supereffective|p2a: Wyrdeer\n|-damage|p2a: Wyrdeer|0 fnt\n|-enditem|p2a: Wyrdeer|Assault Vest|[from] move: Knock Off|[of] p1a: Tsareena\n|faint|p2a: Wyrdeer\n|\n|-end|p1a: Tsareena|move: Heal Block\n|upkeep\n|\n|t:|1781396446\n|switch|p2a: Skuntank|Skuntank, L84, M|310/310\n|turn|14\n|\n|t:|1781396448\n|switch|p1a: Coalossal|Coalossal, L89, F|341/341\n|move|p2a: Skuntank|Gunk Shot|p1a: Coalossal\n|-resisted|p1a: Coalossal\n|-damage|p1a: Coalossal|286/341\n|-damage|p2a: Skuntank|279/310|[from] item: Life Orb\n|\n|upkeep\n|turn|15\n|\n|t:|1781396459\n|switch|p2a: Cacturne|Cacturne, L92, F|200/278 tox\n|move|p1a: Coalossal|Rapid Spin|p2a: Cacturne\n|-damage|p2a: Cacturne|158/278 tox\n|-boost|p1a: Coalossal|spe|1\n|\n|-damage|p2a: Cacturne|141/278 tox|[from] psn\n|upkeep\n|turn|16\n|\n|t:|1781396466\n|move|p1a: Coalossal|Flamethrower|p2a: Cacturne\n|-supereffective|p2a: Cacturne\n|-crit|p2a: Cacturne\n|-damage|p2a: Cacturne|0 fnt\n|faint|p2a: Cacturne\n|\n|upkeep\n|\n|t:|1781396469\n|switch|p2a: Slither Wing|Slither Wing, L81|270/270\n|turn|17\n|\n|t:|1781396472\n|move|p2a: Slither Wing|Earthquake|p1a: Coalossal\n|-supereffective|p1a: Coalossal\n|-crit|p1a: Coalossal\n|-damage|p1a: Coalossal|0 fnt\n|faint|p1a: Coalossal\n|\n|upkeep\n|\n|t:|1781396483\n|switch|p1a: Gliscor|Gliscor, L76, F|83/239 tox\n|turn|18\n|\n|t:|1781396489\n|move|p1a: Gliscor|Protect|p1a: Gliscor\n|-singleturn|p1a: Gliscor|Protect\n|move|p2a: Slither Wing|Bulk Up|p2a: Slither Wing\n|-boost|p2a: Slither Wing|atk|1\n|-boost|p2a: Slither Wing|def|1\n|\n|-heal|p1a: Gliscor|112/239 tox|[from] ability: Poison Heal\n|upkeep\n|turn|19\n|\n|t:|1781396493\n|-terastallize|p2a: Slither Wing|Flying\n|move|p1a: Gliscor|Toxic|p2a: Slither Wing\n|-status|p2a: Slither Wing|tox\n|move|p2a: Slither Wing|Acrobatics|p1a: Gliscor\n|-damage|p1a: Gliscor|0 fnt\n|faint|p1a: Gliscor\n|\n|-damage|p2a: Slither Wing|254/270 tox|[from] psn\n|upkeep\n|\n|t:|1781396499\n|switch|p1a: Cloyster|Cloyster, L80, M|211/211\n|turn|20\n|\n|t:|1781396501\n|move|p2a: Slither Wing|Close Combat|p1a: Cloyster\n|-supereffective|p1a: Cloyster\n|-damage|p1a: Cloyster|0 fnt\n|-unboost|p2a: Slither Wing|def|1\n|-unboost|p2a: Slither Wing|spd|1\n|faint|p1a: Cloyster\n|\n|-damage|p2a: Slither Wing|222/270 tox|[from] psn\n|upkeep\n|-message|freeze magnet forfeited.\n|\n|win|DaMoistAvocado\n", "uploadtime": 1781396354, "views": 6, "formatid": "gen9randombattle", "rating": null, "private": 0, "password": null}