{"id": "gen9randombattle-2631776308", "format": "[Gen 9] Random Battle", "players": ["Stefan W", "Bigouden"], "log": "|j|\u2606Stefan W\n|j|\u2606Bigouden\n|t:|1781437919\n|gametype|singles\n|player|p1|Stefan W|1|2064\n|player|p2|Bigouden|maid|2046\n|gen|9\n|tier|[Gen 9] Random Battle\n|rated|\n|rule|Species Clause: Limit one of each Pok\u00e9mon\n|rule|HP Percentage Mod: HP is shown in percentages\n|rule|Sleep Clause Mod: Limit one foe put to sleep\n|rule|Illusion Level Mod: Illusion disguises the Pok\u00e9mon's true level\n|\n|t:|1781437919\n|teamsize|p1|6\n|teamsize|p2|6\n|start\n|switch|p1a: Hariyama|Hariyama, L87, M|392/392\n|switch|p2a: Jolteon|Jolteon, L84, F|246/246\n|turn|1\n|inactive|Battle timer is ON: inactive players will automatically lose when time's up. (requested by Stefan W)\n|\n|t:|1781437948\n|switch|p2a: Zapdos|Zapdos, L78|268/268\n|move|p1a: Hariyama|Knock Off|p2a: Zapdos\n|-damage|p2a: Zapdos|172/268\n|-enditem|p2a: Zapdos|Heavy-Duty Boots|[from] move: Knock Off|[of] p1a: Hariyama\n|\n|upkeep\n|turn|2\n|inactive|Stefan W has 120 seconds left.\n|j| afdasfafafdsaf\n|inactive|Stefan W has 90 seconds left.\n|\n|t:|1781438011\n|switch|p1a: Komala|Komala, L88, M|258/258\n|-ability|p1a: Komala|Comatose\n|move|p2a: Zapdos|Hurricane|p1a: Komala|[miss]\n|-miss|p2a: Zapdos|p1a: Komala\n|\n|upkeep\n|turn|3\n|\n|t:|1781438023\n|move|p2a: Zapdos|Roost|p2a: Zapdos\n|-heal|p2a: Zapdos|268/268\n|-singleturn|p2a: Zapdos|move: Roost\n|move|p1a: Komala|Rapid Spin|p2a: Zapdos\n|-damage|p2a: Zapdos|195/268\n|-boost|p1a: Komala|spe|1\n|\n|upkeep\n|turn|4\n|\n|t:|1781438047\n|move|p1a: Komala|Body Slam|p2a: Zapdos\n|-damage|p2a: Zapdos|80/268\n|move|p2a: Zapdos|U-turn|p1a: Komala\n|-damage|p1a: Komala|209/258\n|inactive|Bigouden has 120 seconds left.\n|\n|t:|1781438058\n|switch|p2a: Cresselia|Cresselia, L80, F|323/323|[from] U-turn\n|\n|upkeep\n|turn|5\n|\n|t:|1781438062\n|-terastallize|p2a: Cresselia|Fairy\n|move|p1a: Komala|Knock Off|p2a: Cresselia\n|-resisted|p2a: Cresselia\n|-damage|p2a: Cresselia|285/323\n|-enditem|p2a: Cresselia|Leftovers|[from] move: Knock Off|[of] p1a: Komala\n|move|p2a: Cresselia|Calm Mind|p2a: Cresselia\n|-boost|p2a: Cresselia|spa|1\n|-boost|p2a: Cresselia|spd|1\n|\n|upkeep\n|turn|6\n|\n|t:|1781438069\n|move|p1a: Komala|Body Slam|p2a: Cresselia\n|-damage|p2a: Cresselia|182/323\n|move|p2a: Cresselia|Calm Mind|p2a: Cresselia\n|-boost|p2a: Cresselia|spa|1\n|-boost|p2a: Cresselia|spd|1\n|\n|upkeep\n|turn|7\n|\n|t:|1781438073\n|move|p1a: Komala|Body Slam|p2a: Cresselia\n|-damage|p2a: Cresselia|82/323\n|move|p2a: Cresselia|Moonlight|p2a: Cresselia\n|-heal|p2a: Cresselia|243/323\n|\n|upkeep\n|turn|8\n|\n|t:|1781438077\n|move|p1a: Komala|Body Slam|p2a: Cresselia\n|-damage|p2a: Cresselia|147/323\n|move|p2a: Cresselia|Psyshock|p1a: Komala\n|-damage|p1a: Komala|67/258\n|\n|upkeep\n|turn|9\n|\n|t:|1781438082\n|move|p1a: Komala|Body Slam|p2a: Cresselia\n|-crit|p2a: Cresselia\n|-damage|p2a: Cresselia|9/323\n|move|p2a: Cresselia|Moonlight|p2a: Cresselia\n|-heal|p2a: Cresselia|170/323\n|\n|upkeep\n|turn|10\n|\n|t:|1781438086\n|move|p1a: Komala|Body Slam|p2a: Cresselia\n|-damage|p2a: Cresselia|73/323\n|move|p2a: Cresselia|Moonlight|p2a: Cresselia\n|-heal|p2a: Cresselia|234/323\n|\n|upkeep\n|turn|11\n|\n|t:|1781438092\n|move|p1a: Komala|Body Slam|p2a: Cresselia\n|-damage|p2a: Cresselia|128/323\n|move|p2a: Cresselia|Moonlight|p2a: Cresselia\n|-heal|p2a: Cresselia|289/323\n|\n|upkeep\n|turn|12\n|c|\u2606Stefan W|Para when\n|\n|t:|1781438102\n|move|p1a: Komala|Body Slam|p2a: Cresselia\n|-damage|p2a: Cresselia|180/323\n|-status|p2a: Cresselia|par\n|move|p2a: Cresselia|Psyshock|p1a: Komala\n|-damage|p1a: Komala|0 fnt\n|faint|p1a: Komala\n|\n|upkeep\n|c|\u2606Bigouden|neva\n|c|\u2606Bigouden|o\n|\n|t:|1781438122\n|switch|p1a: Hariyama|Hariyama, L87, M|392/392\n|turn|13\n|inactive|Stefan W has 120 seconds left.\n|\n|t:|1781438172\n|move|p1a: Hariyama|Heavy Slam|p2a: Cresselia\n|-supereffective|p2a: Cresselia\n|-damage|p2a: Cresselia|82/323 par\n|move|p2a: Cresselia|Moonblast|p1a: Hariyama\n|-supereffective|p1a: Hariyama\n|-damage|p1a: Hariyama|138/392\n|\n|upkeep\n|turn|14\n|\n|t:|1781438180\n|move|p1a: Hariyama|Heavy Slam|p2a: Cresselia\n|-supereffective|p2a: Cresselia\n|-damage|p2a: Cresselia|0 fnt\n|faint|p2a: Cresselia\n|\n|upkeep\n|\n|t:|1781438191\n|switch|p2a: Zapdos|Zapdos, L78|80/268\n|turn|15\n|\n|t:|1781438199\n|move|p2a: Zapdos|Roost|p2a: Zapdos\n|-heal|p2a: Zapdos|214/268\n|-singleturn|p2a: Zapdos|move: Roost\n|move|p1a: Hariyama|Close Combat|p2a: Zapdos\n|-damage|p2a: Zapdos|33/268\n|-unboost|p1a: Hariyama|def|1\n|-unboost|p1a: Hariyama|spd|1\n|\n|upkeep\n|turn|16\n|\n|t:|1781438220\n|move|p2a: Zapdos|Hurricane|p1a: Hariyama\n|-supereffective|p1a: Hariyama\n|-damage|p1a: Hariyama|0 fnt\n|faint|p1a: Hariyama\n|\n|upkeep\n|\n|t:|1781438227\n|switch|p1a: Whimsicott|Whimsicott, L84, M|238/238\n|turn|17\n|\n|t:|1781438243\n|switch|p2a: Porygon2|Porygon2, L81|270/270\n|-ability|p2a: Porygon2|Download|boost\n|-boost|p2a: Porygon2|spa|1\n|move|p1a: Whimsicott|Moonblast|p2a: Porygon2\n|-damage|p2a: Porygon2|213/270\n|\n|upkeep\n|turn|18\n|\n|t:|1781438251\n|move|p1a: Whimsicott|Stun Spore|p2a: Porygon2\n|-status|p2a: Porygon2|par\n|cant|p2a: Porygon2|par\n|\n|upkeep\n|turn|19\n|inactive|Stefan W has 120 seconds left.\n|\n|t:|1781438257\n|move|p1a: Whimsicott|Moonblast|p2a: Porygon2\n|-damage|p2a: Porygon2|156/270 par\n|-unboost|p2a: Porygon2|spa|1\n|cant|p2a: Porygon2|par\n|\n|upkeep\n|turn|20\n|\n|t:|1781438262\n|move|p1a: Whimsicott|Moonblast|p2a: Porygon2\n|-damage|p2a: Porygon2|104/270 par\n|cant|p2a: Porygon2|par\n|\n|upkeep\n|turn|21\n|\n|t:|1781438268\n|move|p1a: Whimsicott|Moonblast|p2a: Porygon2\n|-damage|p2a: Porygon2|47/270 par\n|move|p2a: Porygon2|Recover|p2a: Porygon2\n|-heal|p2a: Porygon2|182/270 par\n|\n|upkeep\n|turn|22\n|\n|t:|1781438273\n|move|p1a: Whimsicott|Encore|p2a: Porygon2\n|-start|p2a: Porygon2|Encore\n|move|p2a: Porygon2|Recover|p2a: Porygon2\n|-heal|p2a: Porygon2|270/270 par\n|\n|upkeep\n|turn|23\n|\n|t:|1781438279\n|switch|p2a: Jolteon|Jolteon, L84, F|246/246\n|move|p1a: Whimsicott|Moonblast|p2a: Jolteon\n|-damage|p2a: Jolteon|159/246\n|-unboost|p2a: Jolteon|spa|1\n|\n|-heal|p2a: Jolteon|174/246|[from] item: Leftovers\n|upkeep\n|turn|24\n|\n|t:|1781438285\n|move|p2a: Jolteon|Calm Mind|p2a: Jolteon\n|-boost|p2a: Jolteon|spa|1\n|-boost|p2a: Jolteon|spd|1\n|move|p1a: Whimsicott|Moonblast|p2a: Jolteon\n|-damage|p2a: Jolteon|123/246\n|\n|-heal|p2a: Jolteon|138/246|[from] item: Leftovers\n|upkeep\n|turn|25\n|\n|t:|1781438289\n|switch|p2a: Porygon2|Porygon2, L81|270/270 par\n|-ability|p2a: Porygon2|Download|boost\n|-boost|p2a: Porygon2|spa|1\n|move|p1a: Whimsicott|Encore||[still]\n|-fail|p1a: Whimsicott\n|\n|upkeep\n|turn|26\n|\n|t:|1781438298\n|move|p1a: Whimsicott|Moonblast|p2a: Porygon2\n|-damage|p2a: Porygon2|209/270 par\n|-unboost|p2a: Porygon2|spa|1\n|move|p2a: Porygon2|Ice Beam|p1a: Whimsicott\n|-supereffective|p1a: Whimsicott\n|-damage|p1a: Whimsicott|98/238\n|\n|-heal|p1a: Whimsicott|112/238|[from] item: Leftovers\n|upkeep\n|turn|27\n|inactive|Stefan W has 120 seconds left.\n|\n|t:|1781438339\n|move|p1a: Whimsicott|Giga Drain|p2a: Porygon2\n|-crit|p2a: Porygon2\n|-damage|p2a: Porygon2|140/270 par\n|-heal|p1a: Whimsicott|147/238|[from] drain|[of] p2a: Porygon2\n|move|p2a: Porygon2|Ice Beam|p1a: Whimsicott\n|-supereffective|p1a: Whimsicott\n|-damage|p1a: Whimsicott|5/238\n|-status|p1a: Whimsicott|frz\n|\n|-heal|p1a: Whimsicott|19/238 frz|[from] item: Leftovers\n|upkeep\n|turn|28\n|\n|t:|1781438350\n|cant|p1a: Whimsicott|frz\n|move|p2a: Porygon2|Recover|p2a: Porygon2\n|-heal|p2a: Porygon2|270/270 par\n|\n|-heal|p1a: Whimsicott|33/238 frz|[from] item: Leftovers\n|upkeep\n|turn|29\n|\n|t:|1781438352\n|cant|p1a: Whimsicott|frz\n|move|p2a: Porygon2|Tri Attack|p1a: Whimsicott\n|-damage|p1a: Whimsicott|0 fnt\n|faint|p1a: Whimsicott\n|\n|upkeep\n|\n|t:|1781438356\n|switch|p1a: Iron Valiant|Iron Valiant, L78|244/244\n|turn|30\n|\n|t:|1781438362\n|move|p1a: Iron Valiant|Close Combat|p2a: Porygon2\n|-supereffective|p2a: Porygon2\n|-damage|p2a: Porygon2|28/270 par\n|-unboost|p1a: Iron Valiant|def|1\n|-unboost|p1a: Iron Valiant|spd|1\n|-damage|p1a: Iron Valiant|220/244|[from] item: Life Orb\n|cant|p2a: Porygon2|par\n|\n|upkeep\n|turn|31\n|\n|t:|1781438370\n|move|p1a: Iron Valiant|Moonblast|p2a: Porygon2\n|-damage|p2a: Porygon2|0 fnt\n|faint|p2a: Porygon2\n|-damage|p1a: Iron Valiant|196/244|[from] item: Life Orb\n|\n|upkeep\n|\n|t:|1781438382\n|switch|p2a: Jolteon|Jolteon, L84, F|138/246\n|turn|32\n|\n|t:|1781438392\n|-end|p1a: Iron Valiant|Quark Drive|[silent]\n|switch|p1a: Furret|Furret, L94, M|312/312\n|-item|p2a: Jolteon|Leftovers|[from] ability: Frisk|[of] p1a: Furret\n|move|p2a: Jolteon|Thunderbolt|p1a: Furret\n|-crit|p1a: Furret\n|-damage|p1a: Furret|123/312\n|\n|-heal|p2a: Jolteon|153/246|[from] item: Leftovers\n|upkeep\n|turn|33\n|\n|t:|1781438401\n|move|p2a: Jolteon|Thunderbolt|p1a: Furret\n|-damage|p1a: Furret|2/312\n|move|p1a: Furret|Double-Edge|p2a: Jolteon\n|-damage|p2a: Jolteon|0 fnt\n|faint|p2a: Jolteon\n|-damage|p1a: Furret|0 fnt|[from] Recoil\n|faint|p1a: Furret\n|\n|upkeep\n|\n|t:|1781438414\n|switch|p2a: Politoed|Politoed, L88, M|302/302\n|switch|p1a: Mabosstiff|Mabosstiff, L86, F|278/278\n|-weather|RainDance|[from] ability: Drizzle|[of] p2a: Politoed\n|turn|34\n|\n|t:|1781438425\n|switch|p2a: Zapdos|Zapdos, L78|33/268\n|move|p1a: Mabosstiff|Crunch|p2a: Zapdos\n|-damage|p2a: Zapdos|0 fnt\n|faint|p2a: Zapdos\n|\n|-weather|RainDance|[upkeep]\n|upkeep\n|\n|t:|1781438428\n|switch|p2a: Chien-Pao|Chien-Pao, L72|234/234\n|-ability|p2a: Chien-Pao|Sword of Ruin\n|turn|35\n|\n|t:|1781438447\n|switch|p1a: Iron Valiant|Iron Valiant, L78|196/244\n|move|p2a: Chien-Pao|Icicle Crash|p1a: Iron Valiant\n|-damage|p1a: Iron Valiant|21/244\n|\n|-weather|RainDance|[upkeep]\n|upkeep\n|turn|36\n|\n|t:|1781438458\n|move|p2a: Chien-Pao|Icicle Crash|p1a: Iron Valiant\n|-damage|p1a: Iron Valiant|0 fnt\n|faint|p1a: Iron Valiant\n|-end|p1a: Iron Valiant|Quark Drive|[silent]\n|\n|-weather|RainDance|[upkeep]\n|upkeep\n|\n|t:|1781438460\n|switch|p1a: Mabosstiff|Mabosstiff, L86, F|278/278\n|turn|37\n|\n|t:|1781438470\n|move|p2a: Chien-Pao|Icicle Crash|p1a: Mabosstiff\n|-damage|p1a: Mabosstiff|130/278\n|move|p1a: Mabosstiff|Play Rough|p2a: Chien-Pao\n|-supereffective|p2a: Chien-Pao\n|-damage|p2a: Chien-Pao|0 fnt\n|faint|p2a: Chien-Pao\n|\n|-weather|RainDance|[upkeep]\n|upkeep\n|\n|t:|1781438474\n|switch|p2a: Politoed|Politoed, L88, M|302/302\n|turn|38\n|\n|t:|1781438479\n|move|p1a: Mabosstiff|Play Rough|p2a: Politoed\n|-damage|p2a: Politoed|169/302\n|-unboost|p2a: Politoed|atk|1\n|move|p2a: Politoed|Surf|p1a: Mabosstiff\n|-damage|p1a: Mabosstiff|0 fnt\n|faint|p1a: Mabosstiff\n|\n|win|Bigouden\n", "uploadtime": 1781437921, "views": 7, "formatid": "gen9randombattle", "rating": null, "private": 0, "password": null}