{"id": "gen9randombattle-2631471193", "format": "[Gen 9] Random Battle", "players": ["Muk Muk Goodra", "green8Bit"], "log": "|j|\u2606Muk Muk Goodra\n|j|\u2606green8Bit\n|t:|1781388892\n|gametype|singles\n|player|p1|Muk Muk Goodra|dawn|2043\n|player|p2|green8Bit|266|2031\n|gen|9\n|tier|[Gen 9] Random Battle\n|rated|\n|rule|Species Clause: Limit one of each Pok\u00e9mon\n|rule|HP Percentage Mod: HP is shown in percentages\n|rule|Sleep Clause Mod: Limit one foe put to sleep\n|rule|Illusion Level Mod: Illusion disguises the Pok\u00e9mon's true level\n|\n|t:|1781388892\n|teamsize|p1|6\n|teamsize|p2|6\n|start\n|switch|p1a: Ogerpon|Ogerpon-Hearthflame, L74, F|239/239\n|switch|p2a: Wo-Chien|Wo-Chien, L83|277/277\n|-ability|p1a: Ogerpon|Mold Breaker\n|-ability|p2a: Wo-Chien|Tablets of Ruin\n|turn|1\n|inactive|Battle timer is ON: inactive players will automatically lose when time's up. (requested by Muk Muk Goodra)\n|inactive|green8Bit has 120 seconds left.\n|\n|t:|1781388934\n|switch|p2a: Magcargo|Magcargo, L95, F|268/268\n|move|p1a: Ogerpon|Knock Off|p2a: Magcargo\n|-damage|p2a: Magcargo|216/268\n|-enditem|p2a: Magcargo|Heavy-Duty Boots|[from] move: Knock Off|[of] p1a: Ogerpon\n|\n|upkeep\n|turn|2\n|\n|t:|1781388950\n|switch|p1a: Dachsbun|Dachsbun, L92, F|254/254\n|move|p2a: Magcargo|Stealth Rock|p1a: Dachsbun\n|-sidestart|p1: Muk Muk Goodra|move: Stealth Rock\n|\n|upkeep\n|turn|3\n|\n|t:|1781388972\n|move|p1a: Dachsbun|Wish|p1a: Dachsbun\n|move|p2a: Magcargo|Power Gem|p1a: Dachsbun\n|-damage|p1a: Dachsbun|154/254\n|\n|-heal|p1a: Dachsbun|169/254|[from] item: Leftovers\n|upkeep\n|turn|4\n|\n|t:|1781388985\n|switch|p1a: Empoleon|Empoleon, L84, F|278/278\n|-damage|p1a: Empoleon|261/278|[from] Stealth Rock\n|move|p2a: Magcargo|Power Gem|p1a: Empoleon\n|-resisted|p1a: Empoleon\n|-damage|p1a: Empoleon|213/278\n|\n|-heal|p1a: Empoleon|278/278|[from] move: Wish|[wisher] Dachsbun\n|upkeep\n|turn|5\n|inactive|green8Bit has 120 seconds left.\n|\n|t:|1781389012\n|switch|p2a: Wo-Chien|Wo-Chien, L83|277/277\n|-ability|p2a: Wo-Chien|Tablets of Ruin\n|move|p1a: Empoleon|Ice Beam|p2a: Wo-Chien\n|-supereffective|p2a: Wo-Chien\n|-damage|p2a: Wo-Chien|179/277\n|-status|p2a: Wo-Chien|frz\n|\n|-heal|p2a: Wo-Chien|196/277 frz|[from] item: Leftovers\n|upkeep\n|turn|6\n|inactive|green8Bit has 120 seconds left.\n|\n|t:|1781389024\n|switch|p1a: Ogerpon|Ogerpon-Hearthflame, L74, F|239/239\n|-damage|p1a: Ogerpon|180/239|[from] Stealth Rock\n|-ability|p1a: Ogerpon|Mold Breaker\n|cant|p2a: Wo-Chien|frz\n|\n|-heal|p2a: Wo-Chien|213/277 frz|[from] item: Leftovers\n|upkeep\n|turn|7\n|\n|t:|1781389030\n|switch|p2a: Magcargo|Magcargo, L95, F|216/268\n|move|p1a: Ogerpon|Swords Dance|p1a: Ogerpon\n|-boost|p1a: Ogerpon|atk|2\n|\n|upkeep\n|turn|8\n|\n|t:|1781389039\n|switch|p1a: Empoleon|Empoleon, L84, F|278/278\n|-damage|p1a: Empoleon|261/278|[from] Stealth Rock\n|move|p2a: Magcargo|Power Gem|p1a: Empoleon\n|-resisted|p1a: Empoleon\n|-damage|p1a: Empoleon|217/278\n|\n|-heal|p1a: Empoleon|234/278|[from] item: Leftovers\n|upkeep\n|turn|9\n|\n|t:|1781389058\n|switch|p2a: Beartic|Beartic, L91, F|321/321\n|move|p1a: Empoleon|Ice Beam|p2a: Beartic\n|-resisted|p2a: Beartic\n|-damage|p2a: Beartic|284/321\n|\n|-heal|p1a: Empoleon|251/278|[from] item: Leftovers\n|upkeep\n|turn|10\n|\n|t:|1781389068\n|switch|p1a: Dachsbun|Dachsbun, L92, F|169/254\n|-damage|p1a: Dachsbun|138/254|[from] Stealth Rock\n|move|p2a: Beartic|Swords Dance|p2a: Beartic\n|-boost|p2a: Beartic|atk|2\n|\n|-heal|p1a: Dachsbun|153/254|[from] item: Leftovers\n|upkeep\n|turn|11\n|\n|t:|1781389074\n|move|p1a: Dachsbun|Body Press|p2a: Beartic\n|-supereffective|p2a: Beartic\n|-damage|p2a: Beartic|140/321\n|move|p2a: Beartic|Icicle Crash|p1a: Dachsbun\n|-damage|p1a: Dachsbun|0 fnt\n|faint|p1a: Dachsbun\n|\n|upkeep\n|\n|t:|1781389091\n|switch|p1a: Toxtricity|Toxtricity, L82, F|257/257\n|-damage|p1a: Toxtricity|225/257|[from] Stealth Rock\n|turn|12\n|\n|t:|1781389107\n|move|p1a: Toxtricity|Boomburst|p2a: Beartic\n|-damage|p2a: Beartic|0 fnt\n|faint|p2a: Beartic\n|\n|upkeep\n|inactive|green8Bit has 120 seconds left.\n|\n|t:|1781389131\n|switch|p2a: Mismagius|Mismagius, L86, F|243/243\n|turn|13\n|\n|t:|1781389140\n|switch|p1a: Dragonite|Dragonite, L74, M|257/257\n|move|p2a: Mismagius|Substitute|p2a: Mismagius\n|-start|p2a: Mismagius|Substitute\n|-damage|p2a: Mismagius|183/243\n|\n|-heal|p2a: Mismagius|198/243|[from] item: Leftovers\n|upkeep\n|turn|14\n|inactive|green8Bit has 120 seconds left.\n|\n|t:|1781389162\n|move|p2a: Mismagius|Nasty Plot|p2a: Mismagius\n|-boost|p2a: Mismagius|spa|2\n|move|p1a: Dragonite|Dragon Dance|p1a: Dragonite\n|-boost|p1a: Dragonite|atk|1\n|-boost|p1a: Dragonite|spe|1\n|\n|-heal|p2a: Mismagius|213/243|[from] item: Leftovers\n|upkeep\n|turn|15\n|\n|t:|1781389169\n|move|p1a: Dragonite|Iron Head|p2a: Mismagius\n|-end|p2a: Mismagius|Substitute\n|move|p2a: Mismagius|Shadow Ball|p1a: Dragonite\n|-damage|p1a: Dragonite|162/257\n|\n|-heal|p2a: Mismagius|228/243|[from] item: Leftovers\n|upkeep\n|turn|16\n|inactive|green8Bit has 120 seconds left.\n|\n|t:|1781389188\n|move|p1a: Dragonite|Outrage|p2a: Mismagius\n|-damage|p2a: Mismagius|2/243\n|move|p2a: Mismagius|Shadow Ball|p1a: Dragonite\n|-damage|p1a: Dragonite|0 fnt\n|faint|p1a: Dragonite\n|\n|-heal|p2a: Mismagius|17/243|[from] item: Leftovers\n|upkeep\n|c|\u2606Muk Muk Goodra|bruhhhh\n|c|\u2606Muk Muk Goodra|the 93% alas\n|\n|t:|1781389209\n|switch|p1a: Toxtricity|Toxtricity, L82, F|225/257\n|-damage|p1a: Toxtricity|193/257|[from] Stealth Rock\n|turn|17\n|\n|t:|1781389216\n|-terastallize|p1a: Toxtricity|Normal\n|move|p2a: Mismagius|Shadow Ball|p1a: Toxtricity\n|-immune|p1a: Toxtricity\n|move|p1a: Toxtricity|Boomburst|p2a: Mismagius\n|-immune|p2a: Mismagius\n|\n|-heal|p2a: Mismagius|32/243|[from] item: Leftovers\n|upkeep\n|turn|18\n|c|\u2606Muk Muk Goodra|lol oops\n|-message|Muk Muk Goodra forfeited.\n|\n|win|green8Bit\n", "uploadtime": 1781388894, "views": 4, "formatid": "gen9randombattle", "rating": null, "private": 0, "password": null}