{"id": "gen9randombattle-2631614729", "format": "[Gen 9] Random Battle", "players": ["Kyzoi", "Dyzastre"], "log": "|j|\u2606Kyzoi\n|j|\u2606Dyzastre\n|t:|1781409141\n|gametype|singles\n|player|p1|Kyzoi|wallace|\n|player|p2|Dyzastre|2|\n|gen|9\n|tier|[Gen 9] Random Battle\n|rule|Species Clause: Limit one of each Pok\u00e9mon\n|rule|HP Percentage Mod: HP is shown in percentages\n|rule|Sleep Clause Mod: Limit one foe put to sleep\n|rule|Illusion Level Mod: Illusion disguises the Pok\u00e9mon's true level\n|\n|t:|1781409141\n|teamsize|p1|6\n|teamsize|p2|6\n|start\n|switch|p1a: Snorlax|Snorlax, L82, F|397/397\n|switch|p2a: Carbink|Carbink, L90|236/236\n|turn|1\n|\n|t:|1781409163\n|switch|p1a: Lilligant|Lilligant, L86, F|261/261\n|move|p2a: Carbink|Body Press|p1a: Lilligant\n|-damage|p1a: Lilligant|159/261\n|\n|upkeep\n|turn|2\n|\n|t:|1781409178\n|move|p1a: Lilligant|Quiver Dance|p1a: Lilligant\n|-boost|p1a: Lilligant|spa|1\n|-boost|p1a: Lilligant|spd|1\n|-boost|p1a: Lilligant|spe|1\n|move|p2a: Carbink|Iron Defense|p2a: Carbink\n|-boost|p2a: Carbink|def|2\n|\n|upkeep\n|turn|3\n|\n|t:|1781409200\n|switch|p2a: Wyrdeer|Wyrdeer, L87, F|321/321\n|-ability|p2a: Wyrdeer|Intimidate|boost\n|-fail|p1a: Lilligant|unboost|Attack|[from] ability: Own Tempo|[of] p1a: Lilligant\n|move|p1a: Lilligant|Petal Dance|p2a: Wyrdeer\n|-damage|p2a: Wyrdeer|95/321\n|-damage|p1a: Lilligant|133/261|[from] item: Life Orb\n|\n|upkeep\n|turn|4\n|\n|t:|1781409233\n|move|p1a: Lilligant|Petal Dance|p2a: Wyrdeer|[from] lockedmove\n|-damage|p2a: Wyrdeer|0 fnt\n|faint|p2a: Wyrdeer\n|-damage|p1a: Lilligant|107/261|[from] item: Life Orb\n|\n|upkeep\n|\n|t:|1781409241\n|switch|p2a: Armarouge|Armarouge, L80, F|267/267\n|turn|5\n|\n|t:|1781409262\n|move|p1a: Lilligant|Petal Dance|p2a: Armarouge|[from] lockedmove\n|-resisted|p2a: Armarouge\n|-damage|p2a: Armarouge|119/267\n|-damage|p1a: Lilligant|81/261|[from] item: Life Orb\n|move|p2a: Armarouge|Psyshock|p1a: Lilligant\n|-damage|p1a: Lilligant|0 fnt\n|faint|p1a: Lilligant\n|\n|upkeep\n|\n|t:|1781409289\n|switch|p1a: Snorlax|Snorlax, L82, F|397/397\n|turn|6\n|\n|t:|1781409297\n|move|p2a: Armarouge|Armor Cannon|p1a: Snorlax\n|-damage|p1a: Snorlax|331/397\n|-unboost|p2a: Armarouge|def|1\n|-unboost|p2a: Armarouge|spd|1\n|move|p1a: Snorlax|Body Slam|p2a: Armarouge\n|-damage|p2a: Armarouge|0 fnt\n|faint|p2a: Armarouge\n|\n|-heal|p1a: Snorlax|355/397|[from] item: Leftovers\n|upkeep\n|\n|t:|1781409310\n|switch|p2a: Lokix|Lokix, L82, M|251/251\n|turn|7\n|\n|t:|1781409316\n|move|p2a: Lokix|First Impression|p1a: Snorlax\n|-damage|p1a: Snorlax|213/397\n|move|p1a: Snorlax|Curse|p1a: Snorlax\n|-unboost|p1a: Snorlax|spe|1\n|-boost|p1a: Snorlax|atk|1\n|-boost|p1a: Snorlax|def|1\n|\n|-heal|p1a: Snorlax|237/397|[from] item: Leftovers\n|upkeep\n|turn|8\n|\n|t:|1781409332\n|move|p2a: Lokix|Knock Off|p1a: Snorlax\n|-damage|p1a: Snorlax|149/397\n|-enditem|p1a: Snorlax|Leftovers|[from] move: Knock Off|[of] p2a: Lokix\n|move|p1a: Snorlax|Body Slam|p2a: Lokix\n|-damage|p2a: Lokix|88/251\n|\n|upkeep\n|turn|9\n|\n|t:|1781409352\n|move|p2a: Lokix|U-turn|p1a: Snorlax\n|-damage|p1a: Snorlax|80/397\n|\n|t:|1781409356\n|switch|p2a: Carbink|Carbink, L90|236/236|[from] U-turn\n|move|p1a: Snorlax|Body Slam|p2a: Carbink\n|-resisted|p2a: Carbink\n|-damage|p2a: Carbink|189/236\n|\n|upkeep\n|turn|10\n|\n|t:|1781409368\n|move|p2a: Carbink|Moonblast|p1a: Snorlax\n|-damage|p1a: Snorlax|13/397\n|-unboost|p1a: Snorlax|spa|1\n|move|p1a: Snorlax|Rest|p1a: Snorlax\n|-status|p1a: Snorlax|slp|[from] move: Rest\n|-heal|p1a: Snorlax|397/397 slp|[silent]\n|\n|upkeep\n|turn|11\n|\n|t:|1781409377\n|move|p2a: Carbink|Body Press|p1a: Snorlax\n|-supereffective|p1a: Snorlax\n|-damage|p1a: Snorlax|245/397 slp\n|cant|p1a: Snorlax|slp\n|move|p1a: Snorlax|Sleep Talk|p1a: Snorlax\n|move|p1a: Snorlax|Curse|p1a: Snorlax|[from] move: Sleep Talk\n|-unboost|p1a: Snorlax|spe|1\n|-boost|p1a: Snorlax|atk|1\n|-boost|p1a: Snorlax|def|1\n|\n|upkeep\n|turn|12\n|\n|t:|1781409388\n|move|p2a: Carbink|Body Press|p1a: Snorlax\n|-supereffective|p1a: Snorlax\n|-damage|p1a: Snorlax|115/397 slp\n|cant|p1a: Snorlax|slp\n|move|p1a: Snorlax|Sleep Talk|p1a: Snorlax\n|move|p1a: Snorlax|Curse|p1a: Snorlax|[from] move: Sleep Talk\n|-unboost|p1a: Snorlax|spe|1\n|-boost|p1a: Snorlax|atk|1\n|-boost|p1a: Snorlax|def|1\n|\n|upkeep\n|turn|13\n|\n|t:|1781409404\n|-terastallize|p1a: Snorlax|Fairy\n|move|p2a: Carbink|Moonblast|p1a: Snorlax\n|-damage|p1a: Snorlax|51/397 slp\n|-unboost|p1a: Snorlax|spa|1\n|-curestatus|p1a: Snorlax|slp|[msg]\n|move|p1a: Snorlax|Rest|p1a: Snorlax\n|-status|p1a: Snorlax|slp|[from] move: Rest\n|-heal|p1a: Snorlax|397/397 slp|[silent]\n|\n|upkeep\n|turn|14\n|\n|t:|1781409420\n|move|p2a: Carbink|Body Press|p1a: Snorlax\n|-resisted|p1a: Snorlax\n|-damage|p1a: Snorlax|374/397 slp\n|cant|p1a: Snorlax|slp\n|move|p1a: Snorlax|Sleep Talk|p1a: Snorlax\n|move|p1a: Snorlax|Rest||[from] move: Sleep Talk|[still]\n|-fail|p1a: Snorlax\n|\n|upkeep\n|turn|15\n|l|\u2606Dyzastre\n|player|p2|\n|j|\u2606Dyzastre\n|player|p2|Dyzastre|2|\n|\n|t:|1781409475\n|switch|p2a: Virizion|Virizion, L82|283/283\n|cant|p1a: Snorlax|slp\n|move|p1a: Snorlax|Sleep Talk|p1a: Snorlax\n|move|p1a: Snorlax|Rest||[from] move: Sleep Talk|[still]\n|-fail|p1a: Snorlax\n|\n|upkeep\n|turn|16\n|\n|t:|1781409489\n|move|p2a: Virizion|Stone Edge|p1a: Snorlax\n|-damage|p1a: Snorlax|330/397 slp\n|-damage|p2a: Virizion|255/283|[from] item: Life Orb\n|-curestatus|p1a: Snorlax|slp|[msg]\n|move|p1a: Snorlax|Body Slam|p2a: Virizion\n|-damage|p2a: Virizion|0 fnt\n|faint|p2a: Virizion\n|\n|upkeep\n|\n|t:|1781409501\n|switch|p2a: Lokix|Lokix, L82, M|88/251\n|turn|17\n|\n|t:|1781409506\n|move|p2a: Lokix|Sucker Punch|p1a: Snorlax\n|-resisted|p1a: Snorlax\n|-damage|p1a: Snorlax|292/397\n|move|p1a: Snorlax|Body Slam|p2a: Lokix\n|-damage|p2a: Lokix|0 fnt\n|faint|p2a: Lokix\n|\n|upkeep\n|l|\u2606Dyzastre\n|player|p2|\n|j|\u2606Dyzastre\n|player|p2|Dyzastre|2|\n|l|\u2606Dyzastre\n|player|p2|\n|j|\u2606Dyzastre\n|player|p2|Dyzastre|2|\n|\n|t:|1781409534\n|switch|p2a: Kyurem|Kyurem, L77|319/319\n|-ability|p2a: Kyurem|Pressure\n|turn|18\n|\n|t:|1781409544\n|move|p2a: Kyurem|Icicle Spear|p1a: Snorlax\n|-damage|p1a: Snorlax|283/397\n|-damage|p1a: Snorlax|276/397\n|-damage|p1a: Snorlax|267/397\n|-damage|p1a: Snorlax|258/397\n|-hitcount|p1a: Snorlax|4\n|move|p1a: Snorlax|Body Slam|p2a: Kyurem\n|-damage|p2a: Kyurem|63/319\n|-status|p2a: Kyurem|par\n|\n|upkeep\n|turn|19\n|l|\u2606Dyzastre\n|player|p2|\n|j|\u2606Dyzastre\n|player|p2|Dyzastre|2|\n|\n|t:|1781409570\n|cant|p2a: Kyurem|par\n|move|p1a: Snorlax|Body Slam|p2a: Kyurem\n|-damage|p2a: Kyurem|0 fnt\n|faint|p2a: Kyurem\n|\n|upkeep\n|\n|t:|1781409577\n|switch|p2a: Carbink|Carbink, L90|189/236\n|turn|20\n|\n|t:|1781409581\n|move|p2a: Carbink|Iron Defense|p2a: Carbink\n|-boost|p2a: Carbink|def|2\n|move|p1a: Snorlax|Body Slam|p2a: Carbink\n|-resisted|p2a: Carbink\n|-damage|p2a: Carbink|153/236\n|\n|upkeep\n|turn|21\n|l|\u2606Dyzastre\n|player|p2|\n|j|\u2606Dyzastre\n|player|p2|Dyzastre|2|\n|\n|t:|1781409593\n|-terastallize|p2a: Carbink|Fighting\n|move|p2a: Carbink|Iron Defense|p2a: Carbink\n|-boost|p2a: Carbink|def|2\n|move|p1a: Snorlax|Body Slam|p2a: Carbink\n|-damage|p2a: Carbink|102/236\n|-status|p2a: Carbink|par\n|\n|upkeep\n|turn|22\n|\n|t:|1781409617\n|cant|p2a: Carbink|par\n|move|p1a: Snorlax|Body Slam|p2a: Carbink\n|-damage|p2a: Carbink|57/236 par\n|\n|upkeep\n|turn|23\n|\n|t:|1781409623\n|cant|p2a: Carbink|par\n|move|p1a: Snorlax|Body Slam|p2a: Carbink\n|-damage|p2a: Carbink|8/236 par\n|\n|upkeep\n|turn|24\n|\n|t:|1781409631\n|move|p2a: Carbink|Rest|p2a: Carbink\n|-status|p2a: Carbink|slp|[from] move: Rest\n|-heal|p2a: Carbink|236/236 slp|[silent]\n|-enditem|p2a: Carbink|Chesto Berry|[eat]\n|-curestatus|p2a: Carbink|slp|[msg]\n|move|p1a: Snorlax|Body Slam|p2a: Carbink\n|-damage|p2a: Carbink|190/236\n|-status|p2a: Carbink|par\n|\n|upkeep\n|turn|25\n|\n|t:|1781409641\n|move|p2a: Carbink|Body Press|p1a: Snorlax\n|-resisted|p1a: Snorlax\n|-damage|p1a: Snorlax|150/397\n|move|p1a: Snorlax|Body Slam|p2a: Carbink\n|-damage|p2a: Carbink|144/236 par\n|\n|upkeep\n|turn|26\n|\n|t:|1781409650\n|move|p2a: Carbink|Body Press|p1a: Snorlax\n|-resisted|p1a: Snorlax\n|-damage|p1a: Snorlax|51/397\n|move|p1a: Snorlax|Body Slam|p2a: Carbink\n|-damage|p2a: Carbink|96/236 par\n|\n|upkeep\n|turn|27\n|\n|t:|1781409657\n|move|p2a: Carbink|Body Press|p1a: Snorlax\n|-resisted|p1a: Snorlax\n|-damage|p1a: Snorlax|0 fnt\n|faint|p1a: Snorlax\n|\n|upkeep\n|\n|t:|1781409662\n|switch|p1a: Noctowl|Noctowl, L95, M|344/344\n|turn|28\n|\n|t:|1781409668\n|move|p1a: Noctowl|Hurricane|p2a: Carbink\n|-supereffective|p2a: Carbink\n|-damage|p2a: Carbink|0 fnt\n|faint|p2a: Carbink\n|\n|win|Kyzoi\n", "uploadtime": 1781409674, "views": 4, "formatid": "gen9randombattle", "rating": null, "private": 0, "password": null}