{"id": "gen9randombattle-2631385569", "format": "[Gen 9] Random Battle", "players": ["Saaskin", "Pepe Zombi"], "log": "|j|\u2606Saaskin\n|j|\u2606Pepe Zombi\n|t:|1781378435\n|gametype|singles\n|player|p1|Saaskin|102|2056\n|player|p2|Pepe Zombi|miku-ghost|2107\n|gen|9\n|tier|[Gen 9] Random Battle\n|rated|\n|rule|Species Clause: Limit one of each Pok\u00e9mon\n|rule|HP Percentage Mod: HP is shown in percentages\n|rule|Sleep Clause Mod: Limit one foe put to sleep\n|rule|Illusion Level Mod: Illusion disguises the Pok\u00e9mon's true level\n|\n|t:|1781378435\n|teamsize|p1|6\n|teamsize|p2|6\n|start\n|switch|p1a: Cinderace|Cinderace, L77, F|250/250\n|switch|p2a: Bruxish|Bruxish, L85, M|254/254\n|turn|1\n|inactive|Battle timer is ON: inactive players will automatically lose when time's up. (requested by Saaskin)\n|inactive|Pepe Zombi also wants the timer to be on.\n|\n|t:|1781378446\n|move|p1a: Cinderace|U-turn|p2a: Bruxish\n|-start|p1a: Cinderace|typechange|Bug|[from] ability: Libero\n|-supereffective|p2a: Bruxish\n|-crit|p2a: Bruxish\n|-damage|p2a: Bruxish|0 fnt\n|faint|p2a: Bruxish\n|\n|t:|1781378451\n|switch|p1a: Kilowattrel|Kilowattrel, L83, F|252/252|[from] U-turn\n|\n|upkeep\n|\n|t:|1781378459\n|switch|p2a: Cresselia|Cresselia, L80, F|323/323\n|turn|2\n|\n|t:|1781378467\n|move|p1a: Kilowattrel|U-turn|p2a: Cresselia\n|-supereffective|p2a: Cresselia\n|-damage|p2a: Cresselia|251/323\n|\n|t:|1781378469\n|switch|p1a: Flareon|Flareon, L90, M|263/263|[from] U-turn\n|move|p2a: Cresselia|Calm Mind|p2a: Cresselia\n|-boost|p2a: Cresselia|spa|1\n|-boost|p2a: Cresselia|spd|1\n|\n|-heal|p2a: Cresselia|271/323|[from] item: Leftovers\n|-status|p1a: Flareon|tox|[from] item: Toxic Orb\n|upkeep\n|turn|3\n|\n|t:|1781378480\n|move|p2a: Cresselia|Psyshock|p1a: Flareon\n|-damage|p1a: Flareon|140/263 tox\n|move|p1a: Flareon|Trailblaze|p2a: Cresselia\n|-damage|p2a: Cresselia|205/323\n|-boost|p1a: Flareon|spe|1\n|\n|-heal|p2a: Cresselia|225/323|[from] item: Leftovers\n|-damage|p1a: Flareon|124/263 tox|[from] psn\n|upkeep\n|turn|4\n|\n|t:|1781378497\n|switch|p2a: Perrserker|Perrserker, L89, M|269/269\n|move|p1a: Flareon|Flare Blitz|p2a: Perrserker\n|-supereffective|p2a: Perrserker\n|-damage|p2a: Perrserker|0 fnt\n|faint|p2a: Perrserker\n|-damage|p1a: Flareon|35/263 tox|[from] Recoil\n|\n|-damage|p1a: Flareon|3/263 tox|[from] psn\n|upkeep\n|\n|t:|1781378501\n|switch|p2a: Cresselia|Cresselia, L80, F|225/323\n|turn|5\n|\n|t:|1781378505\n|move|p1a: Flareon|Flare Blitz|p2a: Cresselia\n|-damage|p2a: Cresselia|0 fnt\n|faint|p2a: Cresselia\n|-damage|p1a: Flareon|0 fnt|[from] Recoil\n|faint|p1a: Flareon\n|\n|upkeep\n|\n|t:|1781378514\n|switch|p2a: Drednaw|Drednaw, L81, F|278/278\n|switch|p1a: Cinderace|Cinderace, L77, F|250/250\n|turn|6\n|\n|t:|1781378517\n|move|p1a: Cinderace|Will-O-Wisp|p2a: Drednaw|[miss]\n|-miss|p1a: Cinderace|p2a: Drednaw\n|move|p2a: Drednaw|Shell Smash|p2a: Drednaw\n|-unboost|p2a: Drednaw|def|1\n|-unboost|p2a: Drednaw|spd|1\n|-boost|p2a: Drednaw|atk|2\n|-boost|p2a: Drednaw|spa|2\n|-boost|p2a: Drednaw|spe|2\n|-enditem|p2a: Drednaw|White Herb\n|-clearnegativeboost|p2a: Drednaw|[silent]\n|\n|upkeep\n|turn|7\n|\n|t:|1781378522\n|-terastallize|p1a: Cinderace|Grass\n|move|p2a: Drednaw|Liquidation|p1a: Cinderace\n|-resisted|p1a: Cinderace\n|-damage|p1a: Cinderace|139/250\n|move|p1a: Cinderace|Will-O-Wisp|p2a: Drednaw\n|-status|p2a: Drednaw|brn\n|\n|-damage|p2a: Drednaw|261/278 brn|[from] brn\n|upkeep\n|turn|8\n|\n|t:|1781378528\n|move|p2a: Drednaw|Stone Edge|p1a: Cinderace|[miss]\n|-miss|p2a: Drednaw|p1a: Cinderace\n|move|p1a: Cinderace|U-turn|p2a: Drednaw\n|-damage|p2a: Drednaw|211/278 brn\n|\n|t:|1781378540\n|switch|p1a: Donphan|Donphan, L84, M|288/288|[from] U-turn\n|\n|-damage|p2a: Drednaw|194/278 brn|[from] brn\n|upkeep\n|turn|9\n|\n|t:|1781378544\n|move|p2a: Drednaw|Liquidation|p1a: Donphan\n|-supereffective|p1a: Donphan\n|-damage|p1a: Donphan|135/288\n|move|p1a: Donphan|Earthquake|p2a: Drednaw\n|-supereffective|p2a: Drednaw\n|-damage|p2a: Drednaw|0 fnt\n|faint|p2a: Drednaw\n|\n|-heal|p1a: Donphan|153/288|[from] item: Leftovers\n|upkeep\n|\n|t:|1781378547\n|switch|p2a: Vivillon|Vivillon-Ocean, L83, F|268/268\n|turn|10\n|\n|t:|1781378553\n|move|p2a: Vivillon|Quiver Dance|p2a: Vivillon\n|-boost|p2a: Vivillon|spa|1\n|-boost|p2a: Vivillon|spd|1\n|-boost|p2a: Vivillon|spe|1\n|move|p1a: Donphan|Ice Spinner|p2a: Vivillon\n|-supereffective|p2a: Vivillon\n|-damage|p2a: Vivillon|68/268\n|\n|-heal|p1a: Donphan|171/288|[from] item: Leftovers\n|upkeep\n|turn|11\n|\n|t:|1781378556\n|move|p2a: Vivillon|Sleep Powder|p1a: Donphan\n|-status|p1a: Donphan|slp|[from] move: Sleep Powder\n|cant|p1a: Donphan|slp\n|\n|-heal|p1a: Donphan|189/288 slp|[from] item: Leftovers\n|upkeep\n|turn|12\n|\n|t:|1781378561\n|switch|p1a: Kilowattrel|Kilowattrel, L83, F|252/252\n|move|p2a: Vivillon|Quiver Dance|p2a: Vivillon\n|-boost|p2a: Vivillon|spa|1\n|-boost|p2a: Vivillon|spd|1\n|-boost|p2a: Vivillon|spe|1\n|\n|upkeep\n|turn|13\n|\n|t:|1781378570\n|-terastallize|p2a: Vivillon|Ground\n|move|p2a: Vivillon|Hurricane|p1a: Kilowattrel\n|-resisted|p1a: Kilowattrel\n|-damage|p1a: Kilowattrel|105/252\n|move|p1a: Kilowattrel|Hurricane|p2a: Vivillon\n|-damage|p2a: Vivillon|0 fnt\n|faint|p2a: Vivillon\n|\n|upkeep\n|\n|t:|1781378573\n|switch|p2a: Sawsbuck|Sawsbuck, L88, F|284/284\n|turn|14\n|\n|t:|1781378579\n|move|p1a: Kilowattrel|U-turn|p2a: Sawsbuck\n|-supereffective|p2a: Sawsbuck\n|-damage|p2a: Sawsbuck|190/284\n|\n|t:|1781378584\n|switch|p1a: Donphan|Donphan, L84, M|189/288 slp|[from] U-turn\n|move|p2a: Sawsbuck|Headbutt|p1a: Donphan\n|-damage|p1a: Donphan|103/288 slp\n|-damage|p2a: Sawsbuck|162/284|[from] item: Life Orb\n|\n|-heal|p1a: Donphan|121/288 slp|[from] item: Leftovers\n|upkeep\n|turn|15\n|\n|t:|1781378590\n|move|p2a: Sawsbuck|Horn Leech|p1a: Donphan\n|-supereffective|p1a: Donphan\n|-damage|p1a: Donphan|0 fnt\n|-heal|p2a: Sawsbuck|223/284|[from] drain|[of] p1a: Donphan\n|faint|p1a: Donphan\n|-damage|p2a: Sawsbuck|195/284|[from] item: Life Orb\n|\n|upkeep\n|\n|t:|1781378591\n|switch|p1a: Cinderace|Cinderace, L77, F, tera:Grass|139/250\n|turn|16\n|\n|t:|1781378594\n|move|p1a: Cinderace|Pyro Ball|p2a: Sawsbuck\n|-supereffective|p2a: Sawsbuck\n|-damage|p2a: Sawsbuck|0 fnt\n|faint|p2a: Sawsbuck\n|\n|win|Saaskin\n|raw|Saaskin's rating: 2056 &rarr; <strong>2079</strong><br />(+23 for winning)\n|raw|Pepe Zombi's rating: 2107 &rarr; <strong>2084</strong><br />(-23 for losing)\n|l|\u2606Pepe Zombi\n|player|p2|\n", "uploadtime": 1781378438, "views": 7, "formatid": "gen9randombattle", "rating": 2079, "private": 0, "password": null}