{"id": "gen9randombattle-2631496660", "format": "[Gen 9] Random Battle", "players": ["PapaPatzy24", "jazenq"], "log": "|j|\u2606PapaPatzy24\n|j|\u2606jazenq\n|t:|1781392477\n|gametype|singles\n|player|p1|PapaPatzy24|chuck|2166\n|player|p2|jazenq|1|2073\n|gen|9\n|tier|[Gen 9] Random Battle\n|rated|\n|rule|Species Clause: Limit one of each Pok\u00e9mon\n|rule|HP Percentage Mod: HP is shown in percentages\n|rule|Sleep Clause Mod: Limit one foe put to sleep\n|rule|Illusion Level Mod: Illusion disguises the Pok\u00e9mon's true level\n|\n|t:|1781392477\n|teamsize|p1|6\n|teamsize|p2|6\n|start\n|switch|p1a: Cresselia|Cresselia, L80, F|323/323\n|switch|p2a: Volbeat|Volbeat, L90, M|263/263\n|turn|1\n|\n|t:|1781392503\n|switch|p1a: Jolteon|Jolteon, L84, F|246/246\n|move|p2a: Volbeat|Thunder Wave|p1a: Jolteon\n|-immune|p1a: Jolteon|[from] ability: Volt Absorb\n|\n|upkeep\n|turn|2\n|inactive|Battle timer is ON: inactive players will automatically lose when time's up. (requested by jazenq)\n|\n|t:|1781392517\n|switch|p2a: Chansey|Chansey, L85, F|564/564\n|move|p1a: Jolteon|Volt Switch|p2a: Chansey\n|-damage|p2a: Chansey|494/564\n|inactive|PapaPatzy24 has 120 seconds left.\n|\n|t:|1781392548\n|switch|p1a: Copperajah|Copperajah, L86, F|350/350|[from] Volt Switch\n|\n|upkeep\n|turn|3\n|l|\u2606jazenq\n|inactive|jazenq disconnected and has a minute to reconnect!\n|player|p2|\n|j|\u2606jazenq\n|inactive|jazenq reconnected and has 120 seconds left.\n|player|p2|jazenq|1|\n|\n|t:|1781392586\n|switch|p2a: Volcanion|Volcanion, L79|256/256\n|move|p1a: Copperajah|Iron Head|p2a: Volcanion\n|-resisted|p2a: Volcanion\n|-crit|p2a: Volcanion\n|-damage|p2a: Volcanion|196/256\n|\n|upkeep\n|turn|4\n|inactive|jazenq has 120 seconds left.\n|\n|t:|1781392603\n|switch|p2a: Toedscruel|Toedscruel, L87, F|281/281\n|switch|p1a: Cresselia|Cresselia, L80, F|323/323\n|\n|upkeep\n|turn|5\n|\n|t:|1781392616\n|switch|p1a: Decidueye|Decidueye, L88, F|281/281\n|move|p2a: Toedscruel|Knock Off|p1a: Decidueye\n|-supereffective|p1a: Decidueye\n|-damage|p1a: Decidueye|159/281\n|-enditem|p1a: Decidueye|Assault Vest|[from] move: Knock Off|[of] p2a: Toedscruel\n|\n|upkeep\n|turn|6\n|inactive|jazenq has 120 seconds left.\n|\n|t:|1781392630\n|switch|p2a: Bisharp|Bisharp, L79, F|232/232\n|move|p1a: Decidueye|Knock Off|p2a: Bisharp\n|-resisted|p2a: Bisharp\n|-damage|p2a: Bisharp|206/232\n|-enditem|p2a: Bisharp|Eviolite|[from] move: Knock Off|[of] p1a: Decidueye\n|\n|upkeep\n|turn|7\n|\n|t:|1781392636\n|move|p1a: Decidueye|U-turn|p2a: Bisharp\n|-damage|p2a: Bisharp|148/232\n|\n|t:|1781392645\n|switch|p1a: Copperajah|Copperajah, L86, F|350/350|[from] U-turn\n|move|p2a: Bisharp|Stealth Rock|p1a: Copperajah\n|-sidestart|p1: PapaPatzy24|move: Stealth Rock\n|\n|upkeep\n|turn|8\n|\n|t:|1781392655\n|switch|p2a: Zapdos|Zapdos-Galar, L77|265/265\n|move|p1a: Copperajah|Earthquake|p2a: Zapdos\n|-immune|p2a: Zapdos\n|\n|upkeep\n|turn|9\n|\n|t:|1781392665\n|switch|p1a: Cresselia|Cresselia, L80, F|323/323\n|-damage|p1a: Cresselia|283/323|[from] Stealth Rock\n|move|p2a: Zapdos|U-turn|p1a: Cresselia\n|-supereffective|p1a: Cresselia\n|-crit|p1a: Cresselia\n|-damage|p1a: Cresselia|141/323\n|\n|t:|1781392684\n|switch|p2a: Toedscruel|Toedscruel, L87, F|281/281|[from] U-turn\n|\n|-heal|p1a: Cresselia|161/323|[from] item: Leftovers\n|upkeep\n|turn|10\n|\n|t:|1781392696\n|move|p2a: Toedscruel|Knock Off|p1a: Cresselia\n|-supereffective|p1a: Cresselia\n|-damage|p1a: Cresselia|63/323\n|-enditem|p1a: Cresselia|Leftovers|[from] move: Knock Off|[of] p2a: Toedscruel\n|move|p1a: Cresselia|Moonlight|p1a: Cresselia\n|-heal|p1a: Cresselia|224/323\n|\n|upkeep\n|turn|11\n|\n|t:|1781392704\n|switch|p2a: Volbeat|Volbeat, L90, M|263/263\n|move|p1a: Cresselia|Calm Mind|p1a: Cresselia\n|-boost|p1a: Cresselia|spa|1\n|-boost|p1a: Cresselia|spd|1\n|\n|upkeep\n|turn|12\n|\n|t:|1781392716\n|switch|p1a: Copperajah|Copperajah, L86, F|350/350\n|-damage|p1a: Copperajah|329/350|[from] Stealth Rock\n|move|p2a: Volbeat|Lunge|p1a: Copperajah\n|-resisted|p1a: Copperajah\n|-damage|p1a: Copperajah|280/350\n|-unboost|p1a: Copperajah|atk|1\n|\n|upkeep\n|turn|13\n|\n|t:|1781392723\n|switch|p2a: Volcanion|Volcanion, L79|196/256\n|move|p1a: Copperajah|Rock Slide|p2a: Volcanion\n|-supereffective|p2a: Volcanion\n|-damage|p2a: Volcanion|69/256\n|\n|upkeep\n|turn|14\n|\n|t:|1781392731\n|switch|p1a: Cresselia|Cresselia, L80, F|224/323\n|-damage|p1a: Cresselia|184/323|[from] Stealth Rock\n|move|p2a: Volcanion|Flamethrower|p1a: Cresselia\n|-damage|p1a: Cresselia|100/323\n|\n|upkeep\n|turn|15\n|\n|t:|1781392741\n|switch|p2a: Volbeat|Volbeat, L90, M|263/263\n|move|p1a: Cresselia|Moonlight|p1a: Cresselia\n|-heal|p1a: Cresselia|261/323\n|\n|upkeep\n|turn|16\n|\n|t:|1781392757\n|switch|p2a: Volcanion|Volcanion, L79|69/256\n|switch|p1a: Copperajah|Copperajah, L86, F|280/350\n|-damage|p1a: Copperajah|259/350|[from] Stealth Rock\n|\n|upkeep\n|turn|17\n|\n|t:|1781392763\n|switch|p1a: Cresselia|Cresselia, L80, F|261/323\n|-damage|p1a: Cresselia|221/323|[from] Stealth Rock\n|move|p2a: Volcanion|Steam Eruption|p1a: Cresselia\n|-damage|p1a: Cresselia|107/323\n|-status|p1a: Cresselia|brn\n|\n|-damage|p1a: Cresselia|87/323 brn|[from] brn\n|upkeep\n|turn|18\n|\n|t:|1781392774\n|switch|p2a: Volbeat|Volbeat, L90, M|263/263\n|move|p1a: Cresselia|Moonlight|p1a: Cresselia\n|-heal|p1a: Cresselia|248/323 brn\n|\n|-damage|p1a: Cresselia|228/323 brn|[from] brn\n|upkeep\n|turn|19\n|\n|t:|1781392784\n|switch|p2a: Toedscruel|Toedscruel, L87, F|281/281\n|switch|p1a: Copperajah|Copperajah, L86, F|259/350\n|-damage|p1a: Copperajah|238/350|[from] Stealth Rock\n|\n|upkeep\n|turn|20\n|\n|t:|1781392790\n|switch|p1a: Cresselia|Cresselia, L80, F|228/323 brn\n|-damage|p1a: Cresselia|188/323 brn|[from] Stealth Rock\n|move|p2a: Toedscruel|Knock Off|p1a: Cresselia\n|-supereffective|p1a: Cresselia\n|-damage|p1a: Cresselia|116/323 brn\n|\n|-damage|p1a: Cresselia|96/323 brn|[from] brn\n|upkeep\n|turn|21\n|\n|t:|1781392805\n|switch|p2a: Volbeat|Volbeat, L90, M|263/263\n|move|p1a: Cresselia|Moonlight|p1a: Cresselia\n|-heal|p1a: Cresselia|257/323 brn\n|\n|-damage|p1a: Cresselia|237/323 brn|[from] brn\n|upkeep\n|turn|22\n|\n|t:|1781392813\n|move|p2a: Volbeat|Lunge|p1a: Cresselia\n|-supereffective|p1a: Cresselia\n|-damage|p1a: Cresselia|81/323 brn\n|-unboost|p1a: Cresselia|atk|1\n|move|p1a: Cresselia|Psyshock|p2a: Volbeat\n|-damage|p2a: Volbeat|196/263\n|\n|-damage|p1a: Cresselia|61/323 brn|[from] brn\n|upkeep\n|turn|23\n|\n|t:|1781392836\n|switch|p1a: Copperajah|Copperajah, L86, F|238/350\n|-damage|p1a: Copperajah|217/350|[from] Stealth Rock\n|move|p2a: Volbeat|Lunge|p1a: Copperajah\n|-resisted|p1a: Copperajah\n|-damage|p1a: Copperajah|169/350\n|-unboost|p1a: Copperajah|atk|1\n|\n|upkeep\n|turn|24\n|\n|t:|1781392855\n|switch|p2a: Bisharp|Bisharp, L79, F|148/232\n|move|p1a: Copperajah|Iron Head|p2a: Bisharp\n|-resisted|p2a: Bisharp\n|-damage|p2a: Bisharp|86/232\n|\n|upkeep\n|turn|25\n|\n|t:|1781392872\n|move|p2a: Bisharp|Throat Chop|p1a: Copperajah\n|-damage|p1a: Copperajah|60/350\n|-start|p1a: Copperajah|Throat Chop|[silent]\n|move|p1a: Copperajah|Earthquake|p2a: Bisharp\n|-supereffective|p2a: Bisharp\n|-damage|p2a: Bisharp|0 fnt\n|faint|p2a: Bisharp\n|-damage|p1a: Copperajah|25/350|[from] item: Life Orb\n|\n|upkeep\n|\n|t:|1781392884\n|switch|p2a: Zapdos|Zapdos-Galar, L77|265/265\n|turn|26\n|inactive|jazenq has 120 seconds left.\n|\n|t:|1781392902\n|move|p2a: Zapdos|U-turn|p1a: Copperajah\n|-resisted|p1a: Copperajah\n|-damage|p1a: Copperajah|0 fnt\n|faint|p1a: Copperajah\n|\n|t:|1781392907\n|switch|p2a: Volbeat|Volbeat, L90, M|196/263|[from] U-turn\n|\n|upkeep\n|\n|t:|1781392929\n|switch|p1a: Jolteon|Jolteon, L84, F|246/246\n|-damage|p1a: Jolteon|216/246|[from] Stealth Rock\n|turn|27\n|\n|t:|1781392946\n|move|p1a: Jolteon|Volt Switch|p2a: Volbeat\n|-damage|p2a: Volbeat|88/263\n|\n|t:|1781392952\n|switch|p1a: Cresselia|Cresselia, L80, F|61/323 brn|[from] Volt Switch\n|-damage|p1a: Cresselia|21/323 brn|[from] Stealth Rock\n|move|p2a: Volbeat|Lunge|p1a: Cresselia\n|-supereffective|p1a: Cresselia\n|-damage|p1a: Cresselia|0 fnt\n|faint|p1a: Cresselia\n|\n|upkeep\n|\n|t:|1781392960\n|switch|p1a: Jolteon|Jolteon, L84, F|216/246\n|-damage|p1a: Jolteon|186/246|[from] Stealth Rock\n|turn|28\n|\n|t:|1781392971\n|move|p2a: Volbeat|Roost|p2a: Volbeat\n|-heal|p2a: Volbeat|220/263\n|-singleturn|p2a: Volbeat|move: Roost\n|move|p1a: Jolteon|Thunderbolt|p2a: Volbeat\n|-damage|p2a: Volbeat|67/263\n|\n|upkeep\n|turn|29\n|\n|t:|1781392976\n|switch|p2a: Toedscruel|Toedscruel, L87, F|281/281\n|-terastallize|p1a: Jolteon|Electric\n|move|p1a: Jolteon|Thunderbolt|p2a: Toedscruel\n|-immune|p2a: Toedscruel\n|\n|upkeep\n|turn|30\n|-message|PapaPatzy24 forfeited.\n|\n|win|jazenq\n", "uploadtime": 1781392479, "views": 3, "formatid": "gen9randombattle", "rating": null, "private": 0, "password": null}