{"id": "gen9randombattle-2631741632", "format": "[Gen 9] Random Battle", "players": ["iacidicowl", "Matuidi14"], "log": "|j|\u2606iacidicowl\n|j|\u2606Matuidi14\n|t:|1781432090\n|gametype|singles\n|player|p1|iacidicowl|dahlia|2230\n|player|p2|Matuidi14|clown|2220\n|gen|9\n|tier|[Gen 9] Random Battle\n|rated|\n|rule|Species Clause: Limit one of each Pok\u00e9mon\n|rule|HP Percentage Mod: HP is shown in percentages\n|rule|Sleep Clause Mod: Limit one foe put to sleep\n|rule|Illusion Level Mod: Illusion disguises the Pok\u00e9mon's true level\n|\n|t:|1781432090\n|teamsize|p1|6\n|teamsize|p2|6\n|start\n|switch|p1a: Zebstrika|Zebstrika, L87, F|272/272\n|switch|p2a: Vikavolt|Vikavolt, L83, M|263/263\n|turn|1\n|inactive|Battle timer is ON: inactive players will automatically lose when time's up. (requested by Matuidi14)\n|\n|t:|1781432116\n|switch|p2a: Bellibolt|Bellibolt, L84, F|320/320\n|move|p1a: Zebstrika|Overheat|p2a: Bellibolt\n|-damage|p2a: Bellibolt|215/320\n|-unboost|p1a: Zebstrika|spa|2\n|-start|p2a: Bellibolt|Charge|Overheat|[from] ability: Electromorphosis\n|-damage|p1a: Zebstrika|245/272|[from] item: Life Orb\n|\n|-heal|p2a: Bellibolt|235/320|[from] item: Leftovers\n|upkeep\n|turn|2\n|\n|t:|1781432126\n|switch|p1a: Sandy Shocks|Sandy Shocks, L80|267/267\n|switch|p2a: Vikavolt|Vikavolt, L83, M|263/263\n|\n|upkeep\n|turn|3\n|\n|t:|1781432131\n|move|p1a: Sandy Shocks|Stealth Rock|p2a: Vikavolt\n|-sidestart|p2: Matuidi14|move: Stealth Rock\n|move|p2a: Vikavolt|Sticky Web|p1a: Sandy Shocks\n|-sidestart|p1: iacidicowl|move: Sticky Web\n|\n|upkeep\n|turn|4\n|\n|t:|1781432142\n|-end|p1a: Sandy Shocks|Protosynthesis|[silent]\n|switch|p1a: Zebstrika|Zebstrika, L87, F|245/272\n|-activate|p1a: Zebstrika|move: Sticky Web\n|-unboost|p1a: Zebstrika|spe|1\n|move|p2a: Vikavolt|Energy Ball|p1a: Zebstrika\n|-ability|p1a: Zebstrika|Sap Sipper|boost\n|-boost|p1a: Zebstrika|atk|1\n|\n|upkeep\n|turn|5\n|\n|t:|1781432149\n|move|p1a: Zebstrika|Overheat|p2a: Vikavolt\n|-supereffective|p2a: Vikavolt\n|-damage|p2a: Vikavolt|16/263\n|-unboost|p1a: Zebstrika|spa|2\n|-damage|p1a: Zebstrika|218/272|[from] item: Life Orb\n|move|p2a: Vikavolt|Bug Buzz|p1a: Zebstrika\n|-damage|p1a: Zebstrika|64/272\n|\n|upkeep\n|turn|6\n|\n|t:|1781432155\n|move|p1a: Zebstrika|Supercell Slam|p2a: Vikavolt\n|-resisted|p2a: Vikavolt\n|-damage|p2a: Vikavolt|0 fnt\n|faint|p2a: Vikavolt\n|-damage|p1a: Zebstrika|37/272|[from] item: Life Orb\n|\n|upkeep\n|\n|t:|1781432157\n|switch|p2a: Annihilape|Annihilape, L76, F|292/292\n|-damage|p2a: Annihilape|274/292|[from] Stealth Rock\n|turn|7\n|\n|t:|1781432169\n|move|p2a: Annihilape|Drain Punch|p1a: Zebstrika\n|-damage|p1a: Zebstrika|0 fnt\n|-heal|p2a: Annihilape|292/292|[from] drain|[of] p1a: Zebstrika\n|faint|p1a: Zebstrika\n|\n|upkeep\n|\n|t:|1781432186\n|switch|p1a: Sandy Shocks|Sandy Shocks, L80|267/267\n|-activate|p1a: Sandy Shocks|move: Sticky Web\n|-unboost|p1a: Sandy Shocks|spe|1\n|turn|8\n|\n|t:|1781432196\n|move|p2a: Annihilape|Bulk Up|p2a: Annihilape\n|-boost|p2a: Annihilape|atk|1\n|-boost|p2a: Annihilape|def|1\n|move|p1a: Sandy Shocks|Thunder Wave|p2a: Annihilape\n|-status|p2a: Annihilape|par\n|\n|upkeep\n|turn|9\n|\n|t:|1781432203\n|-end|p1a: Sandy Shocks|Protosynthesis|[silent]\n|switch|p1a: Gothitelle|Gothitelle, L90, F|272/272\n|-activate|p1a: Gothitelle|move: Sticky Web\n|-unboost|p1a: Gothitelle|spe|1\n|move|p2a: Annihilape|Drain Punch|p1a: Gothitelle\n|-resisted|p1a: Gothitelle\n|-damage|p1a: Gothitelle|227/272\n|\n|-heal|p1a: Gothitelle|244/272|[from] item: Leftovers\n|upkeep\n|turn|10\n|\n|t:|1781432211\n|move|p1a: Gothitelle|Calm Mind|p1a: Gothitelle\n|-boost|p1a: Gothitelle|spa|1\n|-boost|p1a: Gothitelle|spd|1\n|move|p2a: Annihilape|Rage Fist|p1a: Gothitelle\n|-supereffective|p1a: Gothitelle\n|-damage|p1a: Gothitelle|100/272\n|\n|-heal|p1a: Gothitelle|117/272|[from] item: Leftovers\n|upkeep\n|turn|11\n|\n|t:|1781432216\n|move|p1a: Gothitelle|Psychic Noise|p2a: Annihilape\n|-supereffective|p2a: Annihilape\n|-damage|p2a: Annihilape|2/292 par\n|-start|p2a: Annihilape|move: Heal Block\n|move|p2a: Annihilape|Rage Fist|p1a: Gothitelle\n|-supereffective|p1a: Gothitelle\n|-damage|p1a: Gothitelle|0 fnt\n|faint|p1a: Gothitelle\n|\n|upkeep\n|\n|t:|1781432223\n|switch|p1a: Sandy Shocks|Sandy Shocks, L80|267/267\n|-activate|p1a: Sandy Shocks|move: Sticky Web\n|-unboost|p1a: Sandy Shocks|spe|1\n|turn|12\n|\n|t:|1781432227\n|move|p1a: Sandy Shocks|Thunderbolt|p2a: Annihilape\n|-damage|p2a: Annihilape|0 fnt\n|faint|p2a: Annihilape\n|\n|upkeep\n|\n|t:|1781432229\n|switch|p2a: Gothitelle|Gothitelle, L90, M|272/272\n|-damage|p2a: Gothitelle|238/272|[from] Stealth Rock\n|turn|13\n|\n|t:|1781432235\n|-terastallize|p2a: Gothitelle|Ground\n|move|p2a: Gothitelle|Calm Mind|p2a: Gothitelle\n|-boost|p2a: Gothitelle|spa|1\n|-boost|p2a: Gothitelle|spd|1\n|move|p1a: Sandy Shocks|Thunderbolt|p2a: Gothitelle\n|-immune|p2a: Gothitelle\n|\n|-heal|p2a: Gothitelle|255/272|[from] item: Leftovers\n|upkeep\n|turn|14\n|\n|t:|1781432240\n|move|p2a: Gothitelle|Calm Mind|p2a: Gothitelle\n|-boost|p2a: Gothitelle|spa|1\n|-boost|p2a: Gothitelle|spd|1\n|move|p1a: Sandy Shocks|Earth Power|p2a: Gothitelle\n|-damage|p2a: Gothitelle|216/272\n|\n|-heal|p2a: Gothitelle|233/272|[from] item: Leftovers\n|upkeep\n|turn|15\n|\n|t:|1781432243\n|move|p2a: Gothitelle|Calm Mind|p2a: Gothitelle\n|-boost|p2a: Gothitelle|spa|1\n|-boost|p2a: Gothitelle|spd|1\n|move|p1a: Sandy Shocks|Earth Power|p2a: Gothitelle\n|-damage|p2a: Gothitelle|197/272\n|\n|-heal|p2a: Gothitelle|214/272|[from] item: Leftovers\n|upkeep\n|turn|16\n|\n|t:|1781432245\n|move|p2a: Gothitelle|Calm Mind|p2a: Gothitelle\n|-boost|p2a: Gothitelle|spa|1\n|-boost|p2a: Gothitelle|spd|1\n|move|p1a: Sandy Shocks|Earth Power|p2a: Gothitelle\n|-damage|p2a: Gothitelle|186/272\n|\n|-heal|p2a: Gothitelle|203/272|[from] item: Leftovers\n|upkeep\n|turn|17\n|\n|t:|1781432247\n|move|p2a: Gothitelle|Calm Mind|p2a: Gothitelle\n|-boost|p2a: Gothitelle|spa|1\n|-boost|p2a: Gothitelle|spd|1\n|move|p1a: Sandy Shocks|Earth Power|p2a: Gothitelle\n|-damage|p2a: Gothitelle|179/272\n|\n|-heal|p2a: Gothitelle|196/272|[from] item: Leftovers\n|upkeep\n|turn|18\n|\n|t:|1781432249\n|move|p2a: Gothitelle|Calm Mind|p2a: Gothitelle\n|-boost|p2a: Gothitelle|spa|1\n|-boost|p2a: Gothitelle|spd|1\n|move|p1a: Sandy Shocks|Earth Power|p2a: Gothitelle\n|-damage|p2a: Gothitelle|175/272\n|\n|-heal|p2a: Gothitelle|192/272|[from] item: Leftovers\n|upkeep\n|turn|19\n|\n|t:|1781432251\n|move|p2a: Gothitelle|Psychic Noise|p1a: Sandy Shocks\n|-damage|p1a: Sandy Shocks|0 fnt\n|faint|p1a: Sandy Shocks\n|-end|p1a: Sandy Shocks|Protosynthesis|[silent]\n|\n|-heal|p2a: Gothitelle|209/272|[from] item: Leftovers\n|upkeep\n|\n|t:|1781432258\n|switch|p1a: Terapagos|Terapagos, L77, M|265/265\n|-activate|p1a: Terapagos|ability: Tera Shift\n|detailschange|p1a: Terapagos|Terapagos-Terastal, L77, M\n|-heal|p1a: Terapagos|273/273|[silent]\n|turn|20\n|\n|t:|1781432262\n|move|p1a: Terapagos|Rapid Spin|p2a: Gothitelle\n|-damage|p2a: Gothitelle|167/272\n|-boost|p1a: Terapagos|spe|1\n|-sideend|p1: iacidicowl|Sticky Web|[from] move: Rapid Spin|[of] p1a: Terapagos\n|move|p2a: Gothitelle|Psychic Noise|p1a: Terapagos\n|-activate|p1a: Terapagos|ability: Tera Shell\n|-resisted|p1a: Terapagos\n|-damage|p1a: Terapagos|113/273\n|-start|p1a: Terapagos|move: Heal Block\n|\n|-heal|p2a: Gothitelle|184/272|[from] item: Leftovers\n|upkeep\n|turn|21\n|\n|t:|1781432267\n|move|p1a: Terapagos|Rapid Spin|p2a: Gothitelle\n|-damage|p2a: Gothitelle|148/272\n|-boost|p1a: Terapagos|spe|1\n|move|p2a: Gothitelle|Psychic Noise|p1a: Terapagos\n|-damage|p1a: Terapagos|0 fnt\n|faint|p1a: Terapagos\n|\n|-heal|p2a: Gothitelle|165/272|[from] item: Leftovers\n|upkeep\n|\n|t:|1781432275\n|switch|p1a: Haxorus|Haxorus, L77, F|244/244\n|-ability|p1a: Haxorus|Mold Breaker\n|turn|22\n|\n|t:|1781432277\n|move|p1a: Haxorus|Outrage|p2a: Gothitelle\n|-damage|p2a: Gothitelle|27/272\n|move|p2a: Gothitelle|Psychic Noise|p1a: Haxorus\n|-damage|p1a: Haxorus|0 fnt\n|faint|p1a: Haxorus\n|\n|-heal|p2a: Gothitelle|44/272|[from] item: Leftovers\n|upkeep\n|\n|t:|1781432281\n|switch|p1a: Garchomp|Garchomp, L74, F|282/282\n|turn|23\n|\n|t:|1781432283\n|move|p1a: Garchomp|Scale Shot|p2a: Gothitelle\n|-damage|p2a: Gothitelle|22/272\n|-damage|p2a: Gothitelle|0 fnt\n|faint|p2a: Gothitelle\n|-hitcount|p2: Gothitelle|2\n|-unboost|p1a: Garchomp|def|1\n|-boost|p1a: Garchomp|spe|1\n|\n|upkeep\n|\n|t:|1781432299\n|switch|p2a: Espeon|Espeon, L84, F|246/246\n|-damage|p2a: Espeon|216/246|[from] Stealth Rock\n|turn|24\n|\n|t:|1781432307\n|-terastallize|p1a: Garchomp|Ground\n|move|p1a: Garchomp|Swords Dance|p1a: Garchomp\n|-boost|p1a: Garchomp|atk|2\n|move|p2a: Espeon|Shadow Ball|p1a: Garchomp\n|-damage|p1a: Garchomp|150/282\n|\n|upkeep\n|turn|25\n|\n|t:|1781432319\n|move|p1a: Garchomp|Earthquake|p2a: Espeon\n|-damage|p2a: Espeon|0 fnt\n|faint|p2a: Espeon\n|\n|upkeep\n|\n|t:|1781432321\n|switch|p2a: Lapras|Lapras, L87, M|368/368\n|turn|26\n|\n|t:|1781432324\n|move|p1a: Garchomp|Iron Head|p2a: Lapras\n|-damage|p2a: Lapras|261/368\n|move|p2a: Lapras|Sparkling Aria|p1a: Garchomp\n|-supereffective|p1a: Garchomp\n|-damage|p1a: Garchomp|0 fnt\n|faint|p1a: Garchomp\n|\n|win|Matuidi14\n", "uploadtime": 1781432094, "views": 4, "formatid": "gen9randombattle", "rating": null, "private": 0, "password": null}