{"id": "gen9randombattle-2631527092", "format": "[Gen 9] Random Battle", "players": ["crctvh", "masbahlilganteng"], "log": "|j|\u2606crctvh\n|j|\u2606masbahlilganteng\n|t:|1781396793\n|gametype|singles\n|player|p1|crctvh|101|1984\n|player|p2|masbahlilganteng|hoopster|2065\n|gen|9\n|tier|[Gen 9] Random Battle\n|rated|\n|rule|Species Clause: Limit one of each Pok\u00e9mon\n|rule|HP Percentage Mod: HP is shown in percentages\n|rule|Sleep Clause Mod: Limit one foe put to sleep\n|rule|Illusion Level Mod: Illusion disguises the Pok\u00e9mon's true level\n|\n|t:|1781396793\n|teamsize|p1|6\n|teamsize|p2|6\n|start\n|switch|p1a: Krookodile|Krookodile, L79, M|280/280\n|switch|p2a: Smeargle|Smeargle, L95, M|258/258\n|-ability|p1a: Krookodile|Intimidate|boost\n|-fail|p2a: Smeargle|unboost|Attack|[from] ability: Own Tempo|[of] p2a: Smeargle\n|turn|1\n|inactive|Battle timer is ON: inactive players will automatically lose when time's up. (requested by masbahlilganteng)\n|inactive|crctvh also wants the timer to be on.\n|j| Gabrial85\n|\n|t:|1781396816\n|switch|p1a: Bronzong|Bronzong, L88|261/261\n|move|p2a: Smeargle|Spore|p1a: Bronzong\n|-status|p1a: Bronzong|slp|[from] move: Spore\n|\n|upkeep\n|turn|2\n|l| Gabrial85\n|\n|t:|1781396831\n|switch|p1a: Hawlucha|Hawlucha, L80, F|256/256\n|move|p2a: Smeargle|Sticky Web|p1a: Hawlucha\n|-sidestart|p1: crctvh|move: Sticky Web\n|\n|upkeep\n|turn|3\n|inactive|masbahlilganteng has 120 seconds left.\n|inactive|masbahlilganteng has 90 seconds left.\n|\n|t:|1781396905\n|switch|p2a: Hippowdon|Hippowdon, L82, F|311/311\n|-weather|Sandstorm|[from] ability: Sand Stream|[of] p2a: Hippowdon\n|move|p1a: Hawlucha|Swords Dance|p1a: Hawlucha\n|-boost|p1a: Hawlucha|atk|2\n|\n|-weather|Sandstorm|[upkeep]\n|-damage|p1a: Hawlucha|240/256|[from] Sandstorm\n|upkeep\n|turn|4\n|\n|t:|1781396913\n|move|p1a: Hawlucha|Close Combat|p2a: Hippowdon\n|-damage|p2a: Hippowdon|128/311\n|-unboost|p1a: Hawlucha|def|1\n|-unboost|p1a: Hawlucha|spd|1\n|-enditem|p1a: Hawlucha|White Herb\n|-clearnegativeboost|p1a: Hawlucha|[silent]\n|move|p2a: Hippowdon|Stone Edge|p1a: Hawlucha\n|-crit|p1a: Hawlucha\n|-damage|p1a: Hawlucha|96/256\n|\n|-weather|Sandstorm|[upkeep]\n|-damage|p1a: Hawlucha|80/256|[from] Sandstorm\n|-heal|p2a: Hippowdon|147/311|[from] item: Leftovers\n|upkeep\n|turn|5\n|inactive|masbahlilganteng has 90 seconds left.\n|\n|t:|1781396931\n|move|p1a: Hawlucha|Close Combat|p2a: Hippowdon\n|-damage|p2a: Hippowdon|0 fnt\n|-unboost|p1a: Hawlucha|def|1\n|-unboost|p1a: Hawlucha|spd|1\n|faint|p2a: Hippowdon\n|\n|-weather|Sandstorm|[upkeep]\n|-damage|p1a: Hawlucha|64/256|[from] Sandstorm\n|upkeep\n|\n|t:|1781396935\n|switch|p2a: Bruxish|Bruxish, L85, M|254/254\n|turn|6\n|\n|t:|1781396964\n|move|p2a: Bruxish|Aqua Jet|p1a: Hawlucha\n|-damage|p1a: Hawlucha|0 fnt\n|faint|p1a: Hawlucha\n|\n|-weather|Sandstorm|[upkeep]\n|-damage|p2a: Bruxish|239/254|[from] Sandstorm\n|upkeep\n|\n|t:|1781396966\n|switch|p1a: Rhyperior|Rhyperior, L82, F|323/323\n|-activate|p1a: Rhyperior|move: Sticky Web\n|-unboost|p1a: Rhyperior|spe|1\n|turn|7\n|\n|t:|1781396978\n|switch|p2a: Arboliva|Arboliva, L91, M|290/290\n|move|p1a: Rhyperior|Rock Polish|p1a: Rhyperior\n|-boost|p1a: Rhyperior|spe|2\n|\n|-weather|none\n|upkeep\n|turn|8\n|\n|t:|1781396993\n|switch|p1a: Armarouge|Armarouge, L80, F|267/267\n|-activate|p1a: Armarouge|move: Sticky Web\n|-unboost|p1a: Armarouge|spe|1\n|move|p2a: Arboliva|Strength Sap|p1a: Armarouge\n|-unboost|p1a: Armarouge|atk|1\n|\n|upkeep\n|turn|9\n|inactive|masbahlilganteng has 120 seconds left.\n|\n|t:|1781397008\n|move|p2a: Arboliva|Earth Power|p1a: Armarouge\n|-supereffective|p1a: Armarouge\n|-damage|p1a: Armarouge|53/267\n|move|p1a: Armarouge|Armor Cannon|p2a: Arboliva\n|-supereffective|p2a: Arboliva\n|-damage|p2a: Arboliva|0 fnt\n|-unboost|p1a: Armarouge|def|1\n|-unboost|p1a: Armarouge|spd|1\n|-fieldstart|move: Grassy Terrain|[from] ability: Seed Sower|[of] p2a: Arboliva\n|faint|p2a: Arboliva\n|\n|-heal|p1a: Armarouge|69/267|[from] Grassy Terrain\n|upkeep\n|\n|t:|1781397015\n|switch|p2a: Oricorio|Oricorio, L84, M|263/263\n|turn|10\n|inactive|masbahlilganteng has 120 seconds left.\n|\n|t:|1781397030\n|switch|p1a: Krookodile|Krookodile, L79, M|280/280\n|-activate|p1a: Krookodile|move: Sticky Web\n|-unboost|p1a: Krookodile|spe|1\n|-ability|p1a: Krookodile|Intimidate|boost\n|-unboost|p2a: Oricorio|atk|1\n|move|p2a: Oricorio|Revelation Dance|p1a: Krookodile\n|-damage|p1a: Krookodile|159/280\n|\n|-heal|p1a: Krookodile|176/280|[from] Grassy Terrain\n|upkeep\n|turn|11\n|\n|t:|1781397042\n|move|p2a: Oricorio|Quiver Dance|p2a: Oricorio\n|-boost|p2a: Oricorio|spa|1\n|-boost|p2a: Oricorio|spd|1\n|-boost|p2a: Oricorio|spe|1\n|move|p1a: Krookodile|Stealth Rock|p2a: Oricorio\n|-sidestart|p2: masbahlilganteng|move: Stealth Rock\n|\n|-heal|p1a: Krookodile|193/280|[from] Grassy Terrain\n|upkeep\n|turn|12\n|\n|t:|1781397047\n|move|p2a: Oricorio|Revelation Dance|p1a: Krookodile\n|-damage|p1a: Krookodile|0 fnt\n|faint|p1a: Krookodile\n|\n|upkeep\n|\n|t:|1781397057\n|switch|p1a: Florges|Florges-Blue, L85, F|271/271\n|-activate|p1a: Florges|move: Sticky Web\n|-unboost|p1a: Florges|spe|1\n|turn|13\n|inactive|masbahlilganteng has 120 seconds left.\n|\n|t:|1781397075\n|switch|p2a: Bruxish|Bruxish, L85, M|239/254\n|-damage|p2a: Bruxish|208/254|[from] Stealth Rock\n|move|p1a: Florges|Calm Mind|p1a: Florges\n|-boost|p1a: Florges|spa|1\n|-boost|p1a: Florges|spd|1\n|\n|-heal|p2a: Bruxish|223/254|[from] Grassy Terrain\n|-fieldend|move: Grassy Terrain\n|upkeep\n|turn|14\n|\n|t:|1781397091\n|move|p2a: Bruxish|Wave Crash|p1a: Florges\n|-damage|p1a: Florges|28/271\n|-damage|p2a: Bruxish|143/254|[from] Recoil\n|move|p1a: Florges|Synthesis|p1a: Florges\n|-heal|p1a: Florges|163/271\n|\n|-heal|p1a: Florges|179/271|[from] item: Leftovers\n|upkeep\n|turn|15\n|-message|crctvh forfeited.\n|\n|win|masbahlilganteng\n|raw|crctvh's rating: 1984 &rarr; <strong>1969</strong><br />(-15 for losing)\n|raw|masbahlilganteng's rating: 2065 &rarr; <strong>2080</strong><br />(+15 for winning)\n|l|\u2606crctvh\n|player|p1|\n", "uploadtime": 1781396795, "views": 4, "formatid": "gen9randombattle", "rating": 1969, "private": 0, "password": null}