{"id": "gen9randombattle-2631788077", "format": "[Gen 9] Random Battle", "players": ["Mamut<33", "nitro crate"], "log": "|j|\u2606Mamut<33\n|j|\u2606nitro crate\n|t:|1781439740\n|gametype|singles\n|player|p1|Mamut<33|giovanni|1978\n|player|p2|nitro crate|169|2010\n|gen|9\n|tier|[Gen 9] Random Battle\n|rated|\n|rule|Species Clause: Limit one of each Pok\u00e9mon\n|rule|HP Percentage Mod: HP is shown in percentages\n|rule|Sleep Clause Mod: Limit one foe put to sleep\n|rule|Illusion Level Mod: Illusion disguises the Pok\u00e9mon's true level\n|\n|t:|1781439740\n|teamsize|p1|6\n|teamsize|p2|6\n|start\n|switch|p1a: Flapple|Flapple, L88, M|266/266\n|switch|p2a: Slither Wing|Slither Wing, L81|270/270\n|turn|1\n|inactive|Battle timer is ON: inactive players will automatically lose when time's up. (requested by Mamut<33)\n|\n|t:|1781439747\n|switch|p1a: Granbull|Granbull, L88, M|302/302\n|-ability|p1a: Granbull|Intimidate|boost\n|-unboost|p2a: Slither Wing|atk|1\n|move|p2a: Slither Wing|U-turn|p1a: Granbull\n|-resisted|p1a: Granbull\n|-damage|p1a: Granbull|266/302\n|\n|t:|1781439759\n|-end|p2a: Slither Wing|Protosynthesis|[silent]\n|switch|p2a: Arbok|Arbok, L87, M|246/246|[from] U-turn\n|-ability|p2a: Arbok|Intimidate|boost\n|-unboost|p1a: Granbull|atk|1\n|\n|-heal|p1a: Granbull|284/302|[from] item: Leftovers\n|upkeep\n|turn|2\n|\n|t:|1781439763\n|move|p2a: Arbok|Glare|p1a: Granbull\n|-status|p1a: Granbull|par\n|move|p1a: Granbull|Thunder Wave|p2a: Arbok\n|-status|p2a: Arbok|par\n|\n|-heal|p1a: Granbull|302/302 par|[from] item: Leftovers\n|upkeep\n|turn|3\n|\n|t:|1781439771\n|switch|p1a: Rhydon|Rhydon, L85, M|317/317\n|cant|p2a: Arbok|par\n|\n|upkeep\n|turn|4\n|\n|t:|1781439782\n|switch|p2a: Slither Wing|Slither Wing, L81|270/270\n|move|p1a: Rhydon|Stealth Rock|p2a: Slither Wing\n|-sidestart|p2: nitro crate|move: Stealth Rock\n|\n|upkeep\n|turn|5\n|\n|t:|1781439787\n|move|p2a: Slither Wing|U-turn|p1a: Rhydon\n|-damage|p1a: Rhydon|268/317\n|\n|t:|1781439790\n|-end|p2a: Slither Wing|Protosynthesis|[silent]\n|switch|p2a: Arbok|Arbok, L87, M|246/246 par|[from] U-turn\n|-damage|p2a: Arbok|216/246 par|[from] Stealth Rock\n|-ability|p2a: Arbok|Intimidate|boost\n|-unboost|p1a: Rhydon|atk|1\n|move|p1a: Rhydon|Stone Edge|p2a: Arbok\n|-damage|p2a: Arbok|111/246 par\n|\n|upkeep\n|turn|6\n|\n|t:|1781439796\n|switch|p2a: Slither Wing|Slither Wing, L81|270/270\n|move|p1a: Rhydon|Earthquake|p2a: Slither Wing\n|-resisted|p2a: Slither Wing\n|-damage|p2a: Slither Wing|214/270\n|\n|upkeep\n|turn|7\n|\n|t:|1781439800\n|switch|p1a: Granbull|Granbull, L88, M|302/302 par\n|-ability|p1a: Granbull|Intimidate|boost\n|-unboost|p2a: Slither Wing|atk|1\n|move|p2a: Slither Wing|Will-O-Wisp||[still]\n|-fail|p2a: Slither Wing\n|\n|upkeep\n|turn|8\n|\n|t:|1781439806\n|move|p2a: Slither Wing|U-turn|p1a: Granbull\n|-resisted|p1a: Granbull\n|-damage|p1a: Granbull|267/302 par\n|\n|t:|1781439809\n|-end|p2a: Slither Wing|Protosynthesis|[silent]\n|switch|p2a: Arbok|Arbok, L87, M|111/246 par|[from] U-turn\n|-damage|p2a: Arbok|81/246 par|[from] Stealth Rock\n|-ability|p2a: Arbok|Intimidate|boost\n|-unboost|p1a: Granbull|atk|1\n|cant|p1a: Granbull|par\n|\n|-heal|p1a: Granbull|285/302 par|[from] item: Leftovers\n|upkeep\n|turn|9\n|\n|t:|1781439817\n|cant|p2a: Arbok|par\n|move|p1a: Granbull|Earthquake|p2a: Arbok\n|-supereffective|p2a: Arbok\n|-damage|p2a: Arbok|0 fnt\n|faint|p2a: Arbok\n|\n|-heal|p1a: Granbull|302/302 par|[from] item: Leftovers\n|upkeep\n|\n|t:|1781439825\n|switch|p2a: Espathra|Espathra, L80, M|283/283\n|-damage|p2a: Espathra|248/283|[from] Stealth Rock\n|turn|10\n|\n|t:|1781439827\n|move|p2a: Espathra|Lumina Crash|p1a: Granbull\n|-damage|p1a: Granbull|145/302 par\n|-unboost|p1a: Granbull|spd|2\n|cant|p1a: Granbull|par\n|\n|-heal|p1a: Granbull|163/302 par|[from] item: Leftovers\n|-ability|p2a: Espathra|Speed Boost|boost\n|-boost|p2a: Espathra|spe|1\n|upkeep\n|turn|11\n|\n|t:|1781439835\n|move|p2a: Espathra|Lumina Crash|p1a: Granbull\n|-damage|p1a: Granbull|0 fnt\n|faint|p1a: Granbull\n|\n|-ability|p2a: Espathra|Speed Boost|boost\n|-boost|p2a: Espathra|spe|1\n|upkeep\n|\n|t:|1781439845\n|switch|p1a: Furret|Furret, L94, F|312/312\n|-item|p2a: Espathra|Choice Specs|[from] ability: Frisk|[of] p1a: Furret\n|turn|12\n|\n|t:|1781439856\n|move|p2a: Espathra|Lumina Crash|p1a: Furret\n|-damage|p1a: Furret|158/312\n|-unboost|p1a: Furret|spd|2\n|move|p1a: Furret|Double-Edge|p2a: Espathra\n|-damage|p2a: Espathra|1/283\n|-damage|p1a: Furret|76/312|[from] Recoil\n|-damage|p1a: Furret|45/312|[from] item: Life Orb\n|\n|-ability|p2a: Espathra|Speed Boost|boost\n|-boost|p2a: Espathra|spe|1\n|upkeep\n|turn|13\n|\n|t:|1781439867\n|move|p2a: Espathra|Lumina Crash|p1a: Furret\n|-damage|p1a: Furret|0 fnt\n|faint|p1a: Furret\n|\n|-ability|p2a: Espathra|Speed Boost|boost\n|-boost|p2a: Espathra|spe|1\n|upkeep\n|\n|t:|1781439874\n|switch|p1a: Ariados|Ariados, L95, M|287/287\n|turn|14\n|\n|t:|1781439877\n|move|p2a: Espathra|Lumina Crash|p1a: Ariados\n|-supereffective|p1a: Ariados\n|-damage|p1a: Ariados|21/287\n|-unboost|p1a: Ariados|spd|2\n|move|p1a: Ariados|Sticky Web|p2a: Espathra\n|-sidestart|p2: nitro crate|move: Sticky Web\n|\n|-ability|p2a: Espathra|Speed Boost|boost\n|-boost|p2a: Espathra|spe|1\n|upkeep\n|turn|15\n|\n|t:|1781439882\n|move|p2a: Espathra|Lumina Crash|p1a: Ariados\n|-supereffective|p1a: Ariados\n|-damage|p1a: Ariados|0 fnt\n|faint|p1a: Ariados\n|\n|-ability|p2a: Espathra|Speed Boost|boost\n|-boost|p2a: Espathra|spe|1\n|upkeep\n|\n|t:|1781439885\n|switch|p1a: Rhydon|Rhydon, L85, M|268/317\n|turn|16\n|\n|t:|1781439887\n|move|p2a: Espathra|Lumina Crash|p1a: Rhydon\n|-damage|p1a: Rhydon|145/317\n|-unboost|p1a: Rhydon|spd|2\n|move|p1a: Rhydon|Earthquake|p2a: Espathra\n|-damage|p2a: Espathra|0 fnt\n|faint|p2a: Espathra\n|\n|upkeep\n|\n|t:|1781439893\n|switch|p2a: Chi-Yu|Chi-Yu, L77|211/211\n|-ability|p2a: Chi-Yu|Beads of Ruin\n|turn|17\n|\n|t:|1781439898\n|move|p2a: Chi-Yu|Dark Pulse|p1a: Rhydon\n|-damage|p1a: Rhydon|0 fnt\n|faint|p1a: Rhydon\n|\n|upkeep\n|\n|t:|1781439902\n|switch|p1a: Floatzel|Floatzel, L86, M|286/286\n|turn|18\n|\n|t:|1781439908\n|move|p1a: Floatzel|Bulk Up|p1a: Floatzel\n|-boost|p1a: Floatzel|atk|1\n|-boost|p1a: Floatzel|def|1\n|move|p2a: Chi-Yu|Will-O-Wisp|p1a: Floatzel\n|-immune|p1a: Floatzel|[from] ability: Water Veil\n|\n|upkeep\n|turn|19\n|\n|t:|1781439912\n|move|p1a: Floatzel|Wave Crash|p2a: Chi-Yu\n|-supereffective|p2a: Chi-Yu\n|-crit|p2a: Chi-Yu\n|-damage|p2a: Chi-Yu|0 fnt\n|faint|p2a: Chi-Yu\n|-damage|p1a: Floatzel|216/286|[from] Recoil\n|\n|-heal|p1a: Floatzel|233/286|[from] item: Leftovers\n|upkeep\n|\n|t:|1781439920\n|switch|p2a: Greedent|Greedent, L86, F|347/347\n|-damage|p2a: Greedent|304/347|[from] Stealth Rock\n|-activate|p2a: Greedent|move: Sticky Web\n|-unboost|p2a: Greedent|spe|1\n|turn|20\n|\n|t:|1781439925\n|move|p1a: Floatzel|Taunt|p2a: Greedent\n|-start|p2a: Greedent|move: Taunt\n|move|p2a: Greedent|Double-Edge|p1a: Floatzel\n|-damage|p1a: Floatzel|122/286\n|-damage|p2a: Greedent|267/347|[from] Recoil\n|\n|-heal|p1a: Floatzel|139/286|[from] item: Leftovers\n|upkeep\n|turn|21\n|\n|t:|1781439928\n|move|p1a: Floatzel|Bulk Up|p1a: Floatzel\n|-boost|p1a: Floatzel|atk|1\n|-boost|p1a: Floatzel|def|1\n|move|p2a: Greedent|Double-Edge|p1a: Floatzel\n|-damage|p1a: Floatzel|55/286\n|-damage|p2a: Greedent|239/347|[from] Recoil\n|\n|-heal|p1a: Floatzel|72/286|[from] item: Leftovers\n|upkeep\n|turn|22\n|\n|t:|1781439930\n|move|p1a: Floatzel|Wave Crash|p2a: Greedent\n|-damage|p2a: Greedent|0 fnt\n|faint|p2a: Greedent\n|-damage|p1a: Floatzel|0 fnt|[from] Recoil\n|faint|p1a: Floatzel\n|\n|upkeep\n|\n|t:|1781439934\n|switch|p1a: Flapple|Flapple, L88, M|266/266\n|switch|p2a: Cetitan|Cetitan, L82, F|413/413\n|-damage|p2a: Cetitan|310/413|[from] Stealth Rock\n|-activate|p2a: Cetitan|move: Sticky Web\n|-unboost|p2a: Cetitan|spe|1\n|turn|23\n|\n|t:|1781439940\n|-terastallize|p1a: Flapple|Fire\n|move|p2a: Cetitan|Ice Shard|p1a: Flapple\n|-resisted|p1a: Flapple\n|-damage|p1a: Flapple|236/266\n|-damage|p2a: Cetitan|269/413|[from] item: Life Orb\n|move|p1a: Flapple|Dragon Dance|p1a: Flapple\n|-boost|p1a: Flapple|atk|1\n|-boost|p1a: Flapple|spe|1\n|\n|upkeep\n|turn|24\n|\n|t:|1781439947\n|move|p1a: Flapple|Tera Blast|p2a: Cetitan|[anim] Tera Blast Fire\n|-supereffective|p2a: Cetitan\n|-damage|p2a: Cetitan|0 fnt\n|faint|p2a: Cetitan\n|\n|upkeep\n|\n|t:|1781439950\n|switch|p2a: Slither Wing|Slither Wing, L81|214/270\n|turn|25\n|\n|t:|1781439953\n|-terastallize|p2a: Slither Wing|Fire\n|move|p1a: Flapple|Tera Blast|p2a: Slither Wing|[anim] Tera Blast Fire\n|-resisted|p2a: Slither Wing\n|-damage|p2a: Slither Wing|76/270\n|move|p2a: Slither Wing|Close Combat|p1a: Flapple\n|-damage|p1a: Flapple|86/266\n|-unboost|p2a: Slither Wing|def|1\n|-unboost|p2a: Slither Wing|spd|1\n|\n|upkeep\n|turn|26\n|\n|t:|1781439960\n|move|p1a: Flapple|Outrage|p2a: Slither Wing\n|-damage|p2a: Slither Wing|0 fnt\n|faint|p2a: Slither Wing\n|-end|p2a: Slither Wing|Protosynthesis|[silent]\n|\n|win|Mamut<33\n", "uploadtime": 1781439742, "views": 3, "formatid": "gen9randombattle", "rating": null, "private": 0, "password": null}