{"id": "gen9randombattle-2631734388", "format": "[Gen 9] Random Battle", "players": ["Chicken347", "Diabetes1"], "log": "|j|\u2606Chicken347\n|j|\u2606Diabetes1\n|t:|1781430783\n|gametype|singles\n|player|p1|Chicken347|101|2002\n|player|p2|Diabetes1|101|2122\n|gen|9\n|tier|[Gen 9] Random Battle\n|rated|\n|rule|Species Clause: Limit one of each Pok\u00e9mon\n|rule|HP Percentage Mod: HP is shown in percentages\n|rule|Sleep Clause Mod: Limit one foe put to sleep\n|rule|Illusion Level Mod: Illusion disguises the Pok\u00e9mon's true level\n|\n|t:|1781430783\n|teamsize|p1|6\n|teamsize|p2|6\n|start\n|switch|p1a: Rayquaza|Rayquaza, L72|270/270\n|switch|p2a: Grumpig|Grumpig, L92, M|297/297\n|-ability|p1a: Rayquaza|Air Lock\n|turn|1\n|inactive|Battle timer is ON: inactive players will automatically lose when time's up. (requested by Diabetes1)\n|\n|t:|1781430809\n|switch|p2a: Klefki|Klefki, L84, F|233/233\n|switch|p1a: Araquanid|Araquanid, L82, M|246/246\n|\n|upkeep\n|turn|2\n|\n|t:|1781430820\n|move|p2a: Klefki|Thunder Wave|p1a: Araquanid\n|-status|p1a: Araquanid|par\n|cant|p1a: Araquanid|par\n|\n|upkeep\n|turn|3\n|\n|t:|1781430850\n|move|p2a: Klefki|Spikes|p1a: Araquanid\n|-sidestart|p1: Chicken347|Spikes\n|move|p1a: Araquanid|Sticky Web|p2a: Klefki\n|-sidestart|p2: Diabetes1|move: Sticky Web\n|\n|upkeep\n|turn|4\n|\n|t:|1781430875\n|switch|p1a: Electrode|Electrode-Hisui, L87|246/246\n|-damage|p1a: Electrode|216/246|[from] Spikes\n|move|p2a: Klefki|Spikes|p1a: Electrode\n|-sidestart|p1: Chicken347|Spikes\n|\n|upkeep\n|turn|5\n|\n|t:|1781430884\n|switch|p2a: Brute Bonnet|Brute Bonnet, L80|309/309\n|-activate|p2a: Brute Bonnet|move: Sticky Web\n|-unboost|p2a: Brute Bonnet|spe|1\n|move|p1a: Electrode|Thunderbolt|p2a: Brute Bonnet\n|-resisted|p2a: Brute Bonnet\n|-damage|p2a: Brute Bonnet|251/309\n|-damage|p1a: Electrode|192/246|[from] item: Life Orb\n|\n|-heal|p2a: Brute Bonnet|270/309|[from] item: Leftovers\n|upkeep\n|turn|6\n|\n|t:|1781430895\n|move|p1a: Electrode|Volt Switch|p2a: Brute Bonnet\n|-resisted|p2a: Brute Bonnet\n|-damage|p2a: Brute Bonnet|227/309\n|-damage|p1a: Electrode|168/246|[from] item: Life Orb\n|\n|t:|1781430897\n|switch|p1a: Araquanid|Araquanid, L82, M|246/246 par|[from] Volt Switch\n|move|p2a: Brute Bonnet|Crunch|p1a: Araquanid\n|-damage|p1a: Araquanid|150/246 par\n|\n|-heal|p2a: Brute Bonnet|246/309|[from] item: Leftovers\n|upkeep\n|turn|7\n|\n|t:|1781430908\n|-end|p2a: Brute Bonnet|Protosynthesis|[silent]\n|switch|p2a: Klefki|Klefki, L84, F|233/233\n|-activate|p2a: Klefki|move: Sticky Web\n|-unboost|p2a: Klefki|spe|1\n|move|p1a: Araquanid|Hydro Pump|p2a: Klefki\n|-damage|p2a: Klefki|86/233\n|\n|-heal|p2a: Klefki|100/233|[from] item: Leftovers\n|upkeep\n|turn|8\n|\n|t:|1781430916\n|move|p2a: Klefki|Spikes|p1a: Araquanid\n|-sidestart|p1: Chicken347|Spikes\n|cant|p1a: Araquanid|par\n|\n|-heal|p2a: Klefki|114/233|[from] item: Leftovers\n|upkeep\n|turn|9\n|\n|t:|1781430919\n|move|p2a: Klefki|Play Rough|p1a: Araquanid\n|-damage|p1a: Araquanid|60/246 par\n|move|p1a: Araquanid|Hydro Pump|p2a: Klefki\n|-damage|p2a: Klefki|0 fnt\n|faint|p2a: Klefki\n|\n|upkeep\n|\n|t:|1781430927\n|switch|p2a: Brute Bonnet|Brute Bonnet, L80|246/309\n|-activate|p2a: Brute Bonnet|move: Sticky Web\n|-unboost|p2a: Brute Bonnet|spe|1\n|turn|10\n|\n|t:|1781430930\n|move|p2a: Brute Bonnet|Crunch|p1a: Araquanid\n|-damage|p1a: Araquanid|0 fnt\n|faint|p1a: Araquanid\n|\n|-heal|p2a: Brute Bonnet|265/309|[from] item: Leftovers\n|upkeep\n|\n|t:|1781430937\n|switch|p1a: Hitmontop|Hitmontop, L88, M|231/231\n|-damage|p1a: Hitmontop|174/231|[from] Spikes\n|-ability|p1a: Hitmontop|Intimidate|boost\n|-unboost|p2a: Brute Bonnet|atk|1\n|turn|11\n|\n|t:|1781430952\n|switch|p1a: Kleavor|Kleavor, L78, F|237/237\n|move|p2a: Brute Bonnet|Spore|p1a: Kleavor\n|-status|p1a: Kleavor|slp|[from] move: Spore\n|\n|-heal|p2a: Brute Bonnet|284/309|[from] item: Leftovers\n|upkeep\n|turn|12\n|inactive|Diabetes1 has 120 seconds left.\n|\n|t:|1781430987\n|-end|p2a: Brute Bonnet|Protosynthesis|[silent]\n|switch|p2a: Inteleon|Inteleon, L81, F|246/246\n|-activate|p2a: Inteleon|move: Sticky Web\n|-unboost|p2a: Inteleon|spe|1\n|cant|p1a: Kleavor|slp\n|\n|upkeep\n|turn|13\n|\n|t:|1781430990\n|-curestatus|p1a: Kleavor|slp|[msg]\n|move|p1a: Kleavor|Stone Axe|p2a: Inteleon|[miss]\n|-miss|p1a: Kleavor|p2a: Inteleon\n|move|p2a: Inteleon|Scald|p1a: Kleavor\n|-supereffective|p1a: Kleavor\n|-damage|p1a: Kleavor|0 fnt\n|faint|p1a: Kleavor\n|\n|upkeep\n|\n|t:|1781430999\n|switch|p1a: Electrode|Electrode-Hisui, L87|168/246\n|-damage|p1a: Electrode|107/246|[from] Spikes\n|turn|14\n|\n|t:|1781431004\n|switch|p2a: Brute Bonnet|Brute Bonnet, L80|284/309\n|-activate|p2a: Brute Bonnet|move: Sticky Web\n|-unboost|p2a: Brute Bonnet|spe|1\n|move|p1a: Electrode|Thunder Wave|p2a: Brute Bonnet\n|-status|p2a: Brute Bonnet|par\n|\n|-heal|p2a: Brute Bonnet|303/309 par|[from] item: Leftovers\n|upkeep\n|turn|15\n|\n|t:|1781431013\n|move|p1a: Electrode|Thunderbolt|p2a: Brute Bonnet\n|-resisted|p2a: Brute Bonnet\n|-damage|p2a: Brute Bonnet|252/309 par\n|-damage|p1a: Electrode|83/246|[from] item: Life Orb\n|move|p2a: Brute Bonnet|Close Combat|p1a: Electrode\n|-damage|p1a: Electrode|0 fnt\n|-unboost|p2a: Brute Bonnet|def|1\n|-unboost|p2a: Brute Bonnet|spd|1\n|faint|p1a: Electrode\n|\n|-heal|p2a: Brute Bonnet|271/309 par|[from] item: Leftovers\n|upkeep\n|\n|t:|1781431027\n|switch|p1a: Rayquaza|Rayquaza, L72|270/270\n|-ability|p1a: Rayquaza|Air Lock\n|turn|16\n|\n|t:|1781431033\n|move|p1a: Rayquaza|Dragon Ascent|p2a: Brute Bonnet\n|-supereffective|p2a: Brute Bonnet\n|-damage|p2a: Brute Bonnet|0 fnt\n|-unboost|p1a: Rayquaza|def|1\n|-unboost|p1a: Rayquaza|spd|1\n|faint|p2a: Brute Bonnet\n|-end|p2a: Brute Bonnet|Protosynthesis|[silent]\n|\n|upkeep\n|\n|t:|1781431044\n|switch|p2a: Greedent|Greedent, L86, M|347/347\n|-activate|p2a: Greedent|move: Sticky Web\n|-unboost|p2a: Greedent|spe|1\n|turn|17\n|\n|t:|1781431053\n|switch|p1a: Hitmontop|Hitmontop, L88, M|174/231\n|-damage|p1a: Hitmontop|117/231|[from] Spikes\n|-ability|p1a: Hitmontop|Intimidate|boost\n|-unboost|p2a: Greedent|atk|1\n|move|p2a: Greedent|Swords Dance|p2a: Greedent\n|-boost|p2a: Greedent|atk|2\n|\n|upkeep\n|turn|18\n|\n|t:|1781431063\n|move|p1a: Hitmontop|Earthquake|p2a: Greedent\n|-damage|p2a: Greedent|245/347\n|move|p2a: Greedent|Body Slam|p1a: Hitmontop\n|-damage|p1a: Hitmontop|0 fnt\n|faint|p1a: Hitmontop\n|\n|upkeep\n|\n|t:|1781431073\n|switch|p1a: Floatzel|Floatzel, L86, M|286/286\n|-damage|p1a: Floatzel|215/286|[from] Spikes\n|turn|19\n|\n|t:|1781431089\n|move|p1a: Floatzel|Bulk Up|p1a: Floatzel\n|-boost|p1a: Floatzel|atk|1\n|-boost|p1a: Floatzel|def|1\n|move|p2a: Greedent|Body Slam|p1a: Floatzel\n|-damage|p1a: Floatzel|98/286\n|\n|-heal|p1a: Floatzel|115/286|[from] item: Leftovers\n|upkeep\n|turn|20\n|\n|t:|1781431100\n|move|p1a: Floatzel|Wave Crash|p2a: Greedent\n|-damage|p2a: Greedent|59/347\n|-enditem|p2a: Greedent|Sitrus Berry|[eat]\n|-heal|p2a: Greedent|145/347|[from] item: Sitrus Berry\n|-heal|p2a: Greedent|260/347|[from] ability: Cheek Pouch\n|-damage|p1a: Floatzel|54/286|[from] Recoil\n|move|p2a: Greedent|Body Slam|p1a: Floatzel\n|-damage|p1a: Floatzel|0 fnt\n|faint|p1a: Floatzel\n|\n|upkeep\n|\n|t:|1781431103\n|switch|p1a: Rayquaza|Rayquaza, L72|270/270\n|-ability|p1a: Rayquaza|Air Lock\n|turn|21\n|\n|t:|1781431109\n|move|p1a: Rayquaza|Swords Dance|p1a: Rayquaza\n|-boost|p1a: Rayquaza|atk|2\n|move|p2a: Greedent|Knock Off|p1a: Rayquaza\n|-damage|p1a: Rayquaza|139/270\n|-enditem|p1a: Rayquaza|Heavy-Duty Boots|[from] move: Knock Off|[of] p2a: Greedent\n|\n|upkeep\n|turn|22\n|\n|t:|1781431117\n|move|p1a: Rayquaza|Dragon Ascent|p2a: Greedent\n|-damage|p2a: Greedent|2/347\n|-unboost|p1a: Rayquaza|def|1\n|-unboost|p1a: Rayquaza|spd|1\n|move|p2a: Greedent|Body Slam|p1a: Rayquaza\n|-damage|p1a: Rayquaza|0 fnt\n|faint|p1a: Rayquaza\n|\n|win|Diabetes1\n", "uploadtime": 1781430785, "views": 3, "formatid": "gen9randombattle", "rating": null, "private": 0, "password": null}