{"id": "gen9randombattle-2631996223", "format": "[Gen 9] Random Battle", "players": ["Osranedupsko", "Mitchel531"], "log": "|j|\u2606Osranedupsko\n|j|\u2606Mitchel531\n|t:|1781464071\n|gametype|singles\n|player|p1|Osranedupsko|janitor|2072\n|player|p2|Mitchel531|266|2019\n|gen|9\n|tier|[Gen 9] Random Battle\n|rated|\n|rule|Species Clause: Limit one of each Pok\u00e9mon\n|rule|HP Percentage Mod: HP is shown in percentages\n|rule|Sleep Clause Mod: Limit one foe put to sleep\n|rule|Illusion Level Mod: Illusion disguises the Pok\u00e9mon's true level\n|\n|t:|1781464071\n|teamsize|p1|6\n|teamsize|p2|6\n|start\n|switch|p1a: Iron Bundle|Iron Bundle, L78|215/215\n|switch|p2a: Iron Leaves|Iron Leaves, L80|275/275\n|turn|1\n|inactive|Battle timer is ON: inactive players will automatically lose when time's up. (requested by Osranedupsko)\n|\n|t:|1781464098\n|-end|p2a: Iron Leaves|Quark Drive|[silent]\n|switch|p2a: Dusknoir|Dusknoir, L89, M|225/225\n|-item|p1a: Iron Bundle|Choice Specs|[from] ability: Frisk|[of] p2a: Dusknoir\n|move|p1a: Iron Bundle|Flip Turn|p2a: Dusknoir\n|-damage|p2a: Dusknoir|192/225\n|\n|t:|1781464105\n|-end|p1a: Iron Bundle|Quark Drive|[silent]\n|switch|p1a: Smeargle|Smeargle, L95, M|258/258|[from] Flip Turn\n|\n|-heal|p2a: Dusknoir|206/225|[from] item: Leftovers\n|upkeep\n|turn|2\n|\n|t:|1781464119\n|switch|p2a: Iron Leaves|Iron Leaves, L80|275/275\n|move|p1a: Smeargle|Spore|p2a: Iron Leaves\n|-immune|p2a: Iron Leaves\n|\n|upkeep\n|turn|3\n|\n|t:|1781464132\n|switch|p1a: Corviknight|Corviknight, L80, M|288/288\n|-ability|p1a: Corviknight|Pressure\n|move|p2a: Iron Leaves|Leaf Blade|p1a: Corviknight\n|-resisted|p1a: Corviknight\n|-damage|p1a: Corviknight|253/288\n|-damage|p2a: Iron Leaves|248/275|[from] item: Life Orb\n|\n|-heal|p1a: Corviknight|271/288|[from] item: Leftovers\n|upkeep\n|turn|4\n|\n|t:|1781464160\n|-end|p2a: Iron Leaves|Quark Drive|[silent]\n|switch|p2a: Toxtricity|Toxtricity, L82, F|257/257\n|move|p1a: Corviknight|Brave Bird|p2a: Toxtricity\n|-resisted|p2a: Toxtricity\n|-damage|p2a: Toxtricity|191/257\n|-damage|p1a: Corviknight|249/288|[from] Recoil\n|\n|-heal|p1a: Corviknight|267/288|[from] item: Leftovers\n|upkeep\n|turn|5\n|\n|t:|1781464184\n|switch|p1a: Conkeldurr|Conkeldurr, L80, F|299/299\n|move|p2a: Toxtricity|Shift Gear|p2a: Toxtricity\n|-boost|p2a: Toxtricity|spe|2\n|-boost|p2a: Toxtricity|atk|1\n|\n|-status|p1a: Conkeldurr|brn|[from] item: Flame Orb\n|upkeep\n|turn|6\n|inactive|Mitchel531 has 120 seconds left.\n|\n|t:|1781464202\n|move|p2a: Toxtricity|Boomburst|p1a: Conkeldurr\n|-damage|p1a: Conkeldurr|130/299 brn\n|-enditem|p2a: Toxtricity|Throat Spray\n|-boost|p2a: Toxtricity|spa|1|[from] item: Throat Spray\n|move|p1a: Conkeldurr|Knock Off|p2a: Toxtricity\n|-damage|p2a: Toxtricity|96/257\n|\n|-damage|p1a: Conkeldurr|112/299 brn|[from] brn\n|upkeep\n|turn|7\n|inactive|Mitchel531 has 120 seconds left.\n|\n|t:|1781464220\n|move|p1a: Conkeldurr|Mach Punch|p2a: Toxtricity\n|-resisted|p2a: Toxtricity\n|-damage|p2a: Toxtricity|45/257\n|move|p2a: Toxtricity|Boomburst|p1a: Conkeldurr\n|-damage|p1a: Conkeldurr|0 fnt\n|faint|p1a: Conkeldurr\n|\n|upkeep\n|\n|t:|1781464225\n|switch|p1a: Smeargle|Smeargle, L95, M|258/258\n|turn|8\n|\n|t:|1781464232\n|move|p2a: Toxtricity|Boomburst|p1a: Smeargle\n|-enditem|p1a: Smeargle|Focus Sash\n|-damage|p1a: Smeargle|1/258\n|move|p1a: Smeargle|Spore|p2a: Toxtricity\n|-status|p2a: Toxtricity|slp|[from] move: Spore\n|\n|upkeep\n|turn|9\n|\n|t:|1781464241\n|cant|p2a: Toxtricity|slp\n|move|p1a: Smeargle|Ceaseless Edge|p2a: Toxtricity\n|-damage|p2a: Toxtricity|16/257 slp\n|-sidestart|p2: Mitchel531|Spikes\n|\n|upkeep\n|turn|10\n|\n|t:|1781464247\n|cant|p2a: Toxtricity|slp\n|move|p1a: Smeargle|Sticky Web|p2a: Toxtricity\n|-sidestart|p2: Mitchel531|move: Sticky Web\n|\n|upkeep\n|turn|11\n|\n|t:|1781464250\n|-curestatus|p2a: Toxtricity|slp|[msg]\n|move|p2a: Toxtricity|Boomburst|p1a: Smeargle\n|-damage|p1a: Smeargle|0 fnt\n|faint|p1a: Smeargle\n|\n|upkeep\n|\n|t:|1781464262\n|switch|p1a: Vaporeon|Vaporeon, L86, F|364/364\n|turn|12\n|\n|t:|1781464267\n|move|p1a: Vaporeon|Protect|p1a: Vaporeon\n|-singleturn|p1a: Vaporeon|Protect\n|move|p2a: Toxtricity|Boomburst|p1a: Vaporeon\n|-activate|p1a: Vaporeon|move: Protect\n|\n|upkeep\n|turn|13\n|\n|t:|1781464275\n|-terastallize|p1a: Vaporeon|Poison\n|move|p2a: Toxtricity|Boomburst|p1a: Vaporeon\n|-damage|p1a: Vaporeon|178/364\n|move|p1a: Vaporeon|Scald|p2a: Toxtricity\n|-damage|p2a: Toxtricity|0 fnt\n|faint|p2a: Toxtricity\n|\n|-heal|p1a: Vaporeon|200/364|[from] item: Leftovers\n|upkeep\n|\n|t:|1781464300\n|switch|p2a: Oranguru|Oranguru, L92, F|315/315\n|-damage|p2a: Oranguru|276/315|[from] Spikes\n|-activate|p2a: Oranguru|move: Sticky Web\n|-unboost|p2a: Oranguru|spe|1\n|turn|14\n|\n|t:|1781464308\n|move|p1a: Vaporeon|Flip Turn|p2a: Oranguru\n|-damage|p2a: Oranguru|231/315\n|\n|t:|1781464312\n|switch|p1a: Corviknight|Corviknight, L80, M|267/288|[from] Flip Turn\n|-ability|p1a: Corviknight|Pressure\n|move|p2a: Oranguru|Nasty Plot|p2a: Oranguru\n|-boost|p2a: Oranguru|spa|2\n|\n|-heal|p1a: Corviknight|285/288|[from] item: Leftovers\n|-heal|p2a: Oranguru|250/315|[from] item: Leftovers\n|upkeep\n|turn|15\n|\n|t:|1781464320\n|move|p1a: Corviknight|Brave Bird|p2a: Oranguru\n|-damage|p2a: Oranguru|144/315\n|-damage|p1a: Corviknight|250/288|[from] Recoil\n|move|p2a: Oranguru|Thunderbolt|p1a: Corviknight\n|-supereffective|p1a: Corviknight\n|-damage|p1a: Corviknight|0 fnt\n|faint|p1a: Corviknight\n|\n|-heal|p2a: Oranguru|163/315|[from] item: Leftovers\n|upkeep\n|\n|t:|1781464336\n|switch|p1a: Grafaiai|Grafaiai, L86, M|249/249\n|turn|16\n|\n|t:|1781464341\n|move|p1a: Grafaiai|Knock Off|p2a: Oranguru\n|-supereffective|p2a: Oranguru\n|-damage|p2a: Oranguru|21/315\n|-enditem|p2a: Oranguru|Leftovers|[from] move: Knock Off|[of] p1a: Grafaiai\n|move|p2a: Oranguru|Psyshock|p1a: Grafaiai\n|-supereffective|p1a: Grafaiai\n|-damage|p1a: Grafaiai|0 fnt\n|faint|p1a: Grafaiai\n|\n|upkeep\n|\n|t:|1781464344\n|switch|p1a: Vaporeon|Vaporeon, L86, F, tera:Poison|200/364\n|turn|17\n|\n|t:|1781464352\n|move|p1a: Vaporeon|Flip Turn|p2a: Oranguru\n|-damage|p2a: Oranguru|0 fnt\n|faint|p2a: Oranguru\n|\n|t:|1781464355\n|switch|p1a: Iron Bundle|Iron Bundle, L78|215/215|[from] Flip Turn\n|\n|upkeep\n|\n|t:|1781464367\n|switch|p2a: Dusknoir|Dusknoir, L89, M|206/225\n|-damage|p2a: Dusknoir|178/225|[from] Spikes\n|-activate|p2a: Dusknoir|move: Sticky Web\n|-unboost|p2a: Dusknoir|spe|1\n|-item|p1a: Iron Bundle|Choice Specs|[from] ability: Frisk|[of] p2a: Dusknoir\n|turn|18\n|\n|t:|1781464379\n|move|p1a: Iron Bundle|Hydro Pump|p2a: Dusknoir\n|-damage|p2a: Dusknoir|55/225\n|move|p2a: Dusknoir|Substitute|p2a: Dusknoir\n|-fail|p2a: Dusknoir|move: Substitute|[weak]\n|\n|-heal|p2a: Dusknoir|69/225|[from] item: Leftovers\n|upkeep\n|turn|19\n|\n|t:|1781464385\n|move|p1a: Iron Bundle|Hydro Pump|p2a: Dusknoir|[miss]\n|-miss|p1a: Iron Bundle|p2a: Dusknoir\n|move|p2a: Dusknoir|Pain Split|p1a: Iron Bundle\n|-sethp|p1a: Iron Bundle|142/215|[from] move: Pain Split|[silent]\n|-sethp|p2a: Dusknoir|142/225|[from] move: Pain Split\n|\n|-heal|p2a: Dusknoir|156/225|[from] item: Leftovers\n|upkeep\n|turn|20\n|\n|t:|1781464392\n|move|p1a: Iron Bundle|Hydro Pump|p2a: Dusknoir\n|-damage|p2a: Dusknoir|36/225\n|move|p2a: Dusknoir|Poltergeist|p1a: Iron Bundle\n|-activate|p1a: Iron Bundle|move: Poltergeist|Choice Specs\n|-damage|p1a: Iron Bundle|18/215\n|\n|-heal|p2a: Dusknoir|50/225|[from] item: Leftovers\n|upkeep\n|turn|21\n|\n|t:|1781464397\n|move|p1a: Iron Bundle|Hydro Pump|p2a: Dusknoir|[miss]\n|-miss|p1a: Iron Bundle|p2a: Dusknoir\n|move|p2a: Dusknoir|Poltergeist|p1a: Iron Bundle\n|-activate|p1a: Iron Bundle|move: Poltergeist|Choice Specs\n|-damage|p1a: Iron Bundle|0 fnt\n|faint|p1a: Iron Bundle\n|-end|p1a: Iron Bundle|Quark Drive|[silent]\n|\n|-heal|p2a: Dusknoir|64/225|[from] item: Leftovers\n|upkeep\n|-message|Osranedupsko forfeited.\n|\n|win|Mitchel531\n", "uploadtime": 1781464072, "views": 5, "formatid": "gen9randombattle", "rating": null, "private": 0, "password": null}