{"id": "gen9randombattle-2631381798", "format": "[Gen 9] Random Battle", "players": ["EmperorTiger", "DetectiveSalad"], "log": "|j|\u2606EmperorTiger\n|j|\u2606DetectiveSalad\n|t:|1781378001\n|gametype|singles\n|player|p1|EmperorTiger|erika|1339\n|player|p2|DetectiveSalad|cynthia-gen4|1323\n|gen|9\n|tier|[Gen 9] Random Battle\n|rated|\n|rule|Species Clause: Limit one of each Pok\u00e9mon\n|rule|HP Percentage Mod: HP is shown in percentages\n|rule|Sleep Clause Mod: Limit one foe put to sleep\n|rule|Illusion Level Mod: Illusion disguises the Pok\u00e9mon's true level\n|\n|t:|1781378001\n|teamsize|p1|6\n|teamsize|p2|6\n|start\n|switch|p1a: Ursaluna|Ursaluna, L79, F|335/335\n|switch|p2a: Thundurus|Thundurus, L80, M|258/258\n|turn|1\n|inactive|Battle timer is ON: inactive players will automatically lose when time's up. (requested by DetectiveSalad)\n|inactive|EmperorTiger has 120 seconds left.\n|inactive|EmperorTiger has 90 seconds left.\n|\n|t:|1781378065\n|switch|p1a: Trevenant|Trevenant, L89, F|296/296\n|move|p2a: Thundurus|Focus Blast|p1a: Trevenant\n|-immune|p1a: Trevenant\n|\n|upkeep\n|turn|2\n|\n|t:|1781378075\n|move|p2a: Thundurus|Nasty Plot|p2a: Thundurus\n|-boost|p2a: Thundurus|spa|2\n|move|p1a: Trevenant|Poltergeist|p2a: Thundurus\n|-activate|p2a: Thundurus|move: Poltergeist|Heavy-Duty Boots\n|-damage|p2a: Thundurus|77/258\n|\n|upkeep\n|turn|3\n|\n|t:|1781378082\n|-terastallize|p2a: Thundurus|Flying\n|move|p2a: Thundurus|Tera Blast|p1a: Trevenant|[anim] Tera Blast Flying\n|-supereffective|p1a: Trevenant\n|-damage|p1a: Trevenant|0 fnt\n|faint|p1a: Trevenant\n|\n|upkeep\n|\n|t:|1781378093\n|switch|p1a: Regieleki|Regieleki, L79|256/256\n|turn|4\n|\n|t:|1781378100\n|switch|p2a: Mudsdale|Mudsdale, L83, M|302/302\n|move|p1a: Regieleki|Volt Switch|p2a: Mudsdale\n|-immune|p2a: Mudsdale\n|\n|upkeep\n|turn|5\n|\n|t:|1781378129\n|switch|p1a: Slaking|Slaking, L84, M|389/389\n|move|p2a: Mudsdale|Heavy Slam|p1a: Slaking\n|-damage|p1a: Slaking|294/389\n|\n|upkeep\n|turn|6\n|\n|t:|1781378142\n|switch|p2a: Wigglytuff|Wigglytuff, L96, M|424/424\n|move|p1a: Slaking|Giga Impact|p2a: Wigglytuff\n|-damage|p2a: Wigglytuff|0 fnt\n|-mustrecharge|p1a: Slaking\n|faint|p2a: Wigglytuff\n|\n|upkeep\n|\n|t:|1781378145\n|switch|p2a: Annihilape|Annihilape, L76, M|292/292\n|turn|7\n|\n|t:|1781378148\n|cant|p1a: Slaking|recharge\n|move|p2a: Annihilape|Bulk Up|p2a: Annihilape\n|-boost|p2a: Annihilape|atk|1\n|-boost|p2a: Annihilape|def|1\n|\n|upkeep\n|turn|8\n|\n|t:|1781378177\n|switch|p1a: Bruxish|Bruxish, L85, M|254/254\n|move|p2a: Annihilape|Drain Punch|p1a: Bruxish\n|-resisted|p1a: Bruxish\n|-damage|p1a: Bruxish|192/254\n|\n|upkeep\n|turn|9\n|\n|t:|1781378184\n|switch|p2a: Armarouge|Armarouge, L80, F|267/267\n|move|p1a: Bruxish|Psychic Fangs|p2a: Armarouge\n|-resisted|p2a: Armarouge\n|-damage|p2a: Armarouge|159/267\n|-ability|p2a: Armarouge|Weak Armor|boost\n|-unboost|p2a: Armarouge|def|1\n|-boost|p2a: Armarouge|spe|2\n|\n|upkeep\n|turn|10\n|inactive|EmperorTiger has 120 seconds left.\n|\n|t:|1781378225\n|switch|p1a: Slaking|Slaking, L84, M|294/389\n|move|p2a: Armarouge|Energy Ball|p1a: Slaking\n|-damage|p1a: Slaking|199/389\n|\n|upkeep\n|turn|11\n|\n|t:|1781378233\n|move|p2a: Armarouge|Meteor Beam||[still]\n|-prepare|p2a: Armarouge|Meteor Beam\n|-boost|p2a: Armarouge|spa|1\n|-enditem|p2a: Armarouge|Power Herb\n|-anim|p2a: Armarouge|Meteor Beam|p1a: Slaking\n|-damage|p1a: Slaking|18/389\n|move|p1a: Slaking|Knock Off|p2a: Armarouge\n|-supereffective|p2a: Armarouge\n|-damage|p2a: Armarouge|0 fnt\n|faint|p2a: Armarouge\n|\n|upkeep\n|\n|t:|1781378240\n|switch|p2a: Mudsdale|Mudsdale, L83, M|302/302\n|turn|12\n|\n|t:|1781378245\n|cant|p1a: Slaking|ability: Truant\n|move|p2a: Mudsdale|Earthquake|p1a: Slaking\n|-damage|p1a: Slaking|0 fnt\n|faint|p1a: Slaking\n|\n|upkeep\n|inactive|EmperorTiger has 120 seconds left.\n|\n|t:|1781378270\n|switch|p1a: Bruxish|Bruxish, L85, M|192/254\n|turn|13\n|\n|t:|1781378281\n|move|p1a: Bruxish|Wave Crash|p2a: Mudsdale\n|-supereffective|p2a: Mudsdale\n|-damage|p2a: Mudsdale|0 fnt\n|faint|p2a: Mudsdale\n|-damage|p1a: Bruxish|92/254|[from] Recoil\n|\n|upkeep\n|\n|t:|1781378293\n|switch|p2a: Dragapult|Dragapult, L77, F|262/262\n|turn|14\n|inactive|EmperorTiger has 120 seconds left.\n|\n|t:|1781378307\n|move|p2a: Dragapult|Dragon Darts|p1a: Bruxish\n|-damage|p1a: Bruxish|34/254\n|-anim|p2a: Dragapult|Dragon Darts|p1a: Bruxish\n|-damage|p1a: Bruxish|0 fnt\n|faint|p1a: Bruxish\n|\n|upkeep\n|\n|t:|1781378329\n|switch|p1a: Quaquaval|Quaquaval, L79, F|264/264\n|turn|15\n|inactive|EmperorTiger has 90 seconds left.\n|\n|t:|1781378356\n|move|p2a: Dragapult|Will-O-Wisp|p1a: Quaquaval\n|-status|p1a: Quaquaval|brn\n|move|p1a: Quaquaval|Aqua Step|p2a: Dragapult\n|-resisted|p2a: Dragapult\n|-damage|p2a: Dragapult|234/262\n|-boost|p1a: Quaquaval|spe|1\n|\n|-damage|p1a: Quaquaval|248/264 brn|[from] brn\n|upkeep\n|turn|16\n|inactive|EmperorTiger has 90 seconds left.\n|\n|t:|1781378370\n|move|p1a: Quaquaval|Swords Dance|p1a: Quaquaval\n|-boost|p1a: Quaquaval|atk|2\n|move|p2a: Dragapult|Dragon Darts|p1a: Quaquaval\n|-damage|p1a: Quaquaval|188/264 brn\n|-anim|p2a: Dragapult|Dragon Darts|p1a: Quaquaval\n|-damage|p1a: Quaquaval|122/264 brn\n|\n|-heal|p1a: Quaquaval|138/264 brn|[from] item: Leftovers\n|-damage|p1a: Quaquaval|122/264 brn|[from] brn\n|upkeep\n|turn|17\n|\n|t:|1781378379\n|move|p1a: Quaquaval|Roost|p1a: Quaquaval\n|-heal|p1a: Quaquaval|254/264 brn\n|-singleturn|p1a: Quaquaval|move: Roost\n|move|p2a: Dragapult|Hex|p1a: Quaquaval\n|-damage|p1a: Quaquaval|104/264 brn\n|\n|-heal|p1a: Quaquaval|120/264 brn|[from] item: Leftovers\n|-damage|p1a: Quaquaval|104/264 brn|[from] brn\n|upkeep\n|turn|18\n|\n|t:|1781378389\n|move|p1a: Quaquaval|Aqua Step|p2a: Dragapult\n|-resisted|p2a: Dragapult\n|-damage|p2a: Dragapult|185/262\n|-boost|p1a: Quaquaval|spe|1\n|-start|p1a: Quaquaval|Disable|Aqua Step|[from] ability: Cursed Body|[of] p2a: Dragapult\n|move|p2a: Dragapult|Dragon Darts|p1a: Quaquaval\n|-damage|p1a: Quaquaval|49/264 brn\n|-anim|p2a: Dragapult|Dragon Darts|p1a: Quaquaval\n|-damage|p1a: Quaquaval|0 fnt\n|faint|p1a: Quaquaval\n|\n|upkeep\n|inactive|EmperorTiger has 90 seconds left.\n|\n|t:|1781378411\n|switch|p1a: Ursaluna|Ursaluna, L79, F|335/335\n|turn|19\n|inactive|EmperorTiger has 90 seconds left.\n|\n|t:|1781378421\n|move|p2a: Dragapult|Dragon Darts|p1a: Ursaluna\n|-damage|p1a: Ursaluna|286/335\n|-anim|p2a: Dragapult|Dragon Darts|p1a: Ursaluna\n|-damage|p1a: Ursaluna|241/335\n|move|p1a: Ursaluna|Trailblaze|p2a: Dragapult\n|-resisted|p2a: Dragapult\n|-damage|p2a: Dragapult|158/262\n|-boost|p1a: Ursaluna|spe|1\n|\n|-status|p1a: Ursaluna|brn|[from] item: Flame Orb\n|upkeep\n|turn|20\n|inactive|EmperorTiger has 90 seconds left.\n|\n|t:|1781378446\n|move|p2a: Dragapult|Dragon Darts|p1a: Ursaluna\n|-damage|p1a: Ursaluna|187/335 brn\n|-anim|p2a: Dragapult|Dragon Darts|p1a: Ursaluna\n|-damage|p1a: Ursaluna|138/335 brn\n|move|p1a: Ursaluna|Trailblaze|p2a: Dragapult\n|-resisted|p2a: Dragapult\n|-damage|p2a: Dragapult|120/262\n|-boost|p1a: Ursaluna|spe|1\n|\n|-damage|p1a: Ursaluna|118/335 brn|[from] brn\n|upkeep\n|turn|21\n|inactive|EmperorTiger has 90 seconds left.\n|\n|t:|1781378458\n|move|p2a: Dragapult|Dragon Darts|p1a: Ursaluna\n|-damage|p1a: Ursaluna|69/335 brn\n|-anim|p2a: Dragapult|Dragon Darts|p1a: Ursaluna\n|-damage|p1a: Ursaluna|21/335 brn\n|move|p1a: Ursaluna|Throat Chop|p2a: Dragapult\n|-supereffective|p2a: Dragapult\n|-damage|p2a: Dragapult|0 fnt\n|faint|p2a: Dragapult\n|\n|-damage|p1a: Ursaluna|1/335 brn|[from] brn\n|upkeep\n|\n|t:|1781378464\n|switch|p2a: Annihilape|Annihilape, L76, M|292/292\n|turn|22\n|\n|t:|1781378477\n|switch|p2a: Thundurus|Thundurus, L80, M, tera:Flying|77/258\n|move|p1a: Ursaluna|Headlong Rush|p2a: Thundurus\n|-immune|p2a: Thundurus\n|\n|-damage|p1a: Ursaluna|0 fnt|[from] brn\n|faint|p1a: Ursaluna\n|upkeep\n|\n|t:|1781378479\n|switch|p1a: Regieleki|Regieleki, L79|256/256\n|turn|23\n|\n|t:|1781378493\n|-terastallize|p1a: Regieleki|Electric\n|move|p1a: Regieleki|Thunderbolt|p2a: Thundurus\n|-supereffective|p2a: Thundurus\n|-damage|p2a: Thundurus|0 fnt\n|faint|p2a: Thundurus\n|\n|upkeep\n|\n|t:|1781378495\n|switch|p2a: Annihilape|Annihilape, L76, M|292/292\n|turn|24\n|\n|t:|1781378504\n|move|p1a: Regieleki|Thunderbolt|p2a: Annihilape\n|-crit|p2a: Annihilape\n|-damage|p2a: Annihilape|0 fnt\n|faint|p2a: Annihilape\n|\n|win|EmperorTiger\n|raw|EmperorTiger's rating: 1339 &rarr; <strong>1358</strong><br />(+19 for winning)\n|raw|DetectiveSalad's rating: 1323 &rarr; <strong>1304</strong><br />(-19 for losing)\n", "uploadtime": 1781378507, "views": 5, "formatid": "gen9randombattle", "rating": 1304, "private": 0, "password": null}