{"id": "gen9randombattle-2631513691", "format": "[Gen 9] Random Battle", "players": ["Hose7Tango", "Illuminating_Fate"], "log": "|j|\u2606Hose7Tango\n|j|\u2606Illuminating_Fate\n|t:|1781394867\n|gametype|singles\n|player|p1|Hose7Tango|hiker-gen4|2164\n|player|p2|Illuminating_Fate|lucas|2149\n|gen|9\n|tier|[Gen 9] Random Battle\n|rated|\n|rule|Species Clause: Limit one of each Pok\u00e9mon\n|rule|HP Percentage Mod: HP is shown in percentages\n|rule|Sleep Clause Mod: Limit one foe put to sleep\n|rule|Illusion Level Mod: Illusion disguises the Pok\u00e9mon's true level\n|\n|t:|1781394867\n|teamsize|p1|6\n|teamsize|p2|6\n|start\n|switch|p1a: Terapagos|Terapagos, L77, M|265/265\n|switch|p2a: Cryogonal|Cryogonal, L89|287/287\n|-activate|p1a: Terapagos|ability: Tera Shift\n|detailschange|p1a: Terapagos|Terapagos-Terastal, L77, M\n|-heal|p1a: Terapagos|273/273|[silent]\n|turn|1\n|\n|t:|1781394880\n|move|p2a: Cryogonal|Flash Cannon|p1a: Terapagos\n|-activate|p1a: Terapagos|ability: Tera Shell\n|-resisted|p1a: Terapagos\n|-damage|p1a: Terapagos|245/273\n|move|p1a: Terapagos|Calm Mind|p1a: Terapagos\n|-boost|p1a: Terapagos|spa|1\n|-boost|p1a: Terapagos|spd|1\n|\n|upkeep\n|turn|2\n|\n|t:|1781394896\n|switch|p2a: Dugtrio|Dugtrio-Alola, L84, M|196/196\n|move|p1a: Terapagos|Calm Mind|p1a: Terapagos\n|-boost|p1a: Terapagos|spa|1\n|-boost|p1a: Terapagos|spd|1\n|\n|upkeep\n|turn|3\n|\n|t:|1781394910\n|move|p2a: Dugtrio|Earthquake|p1a: Terapagos\n|-damage|p1a: Terapagos|98/273\n|move|p1a: Terapagos|Rest|p1a: Terapagos\n|-status|p1a: Terapagos|slp|[from] move: Rest\n|-heal|p1a: Terapagos|273/273 slp|[silent]\n|-enditem|p1a: Terapagos|Chesto Berry|[eat]\n|-curestatus|p1a: Terapagos|slp|[msg]\n|\n|upkeep\n|turn|4\n|\n|t:|1781394914\n|move|p2a: Dugtrio|Earthquake|p1a: Terapagos\n|-activate|p1a: Terapagos|ability: Tera Shell\n|-resisted|p1a: Terapagos\n|-damage|p1a: Terapagos|204/273\n|move|p1a: Terapagos|Tera Starstorm|p2a: Dugtrio\n|-resisted|p2a: Dugtrio\n|-damage|p2a: Dugtrio|74/196\n|\n|upkeep\n|turn|5\n|\n|t:|1781394921\n|move|p2a: Dugtrio|Earthquake|p1a: Terapagos\n|-damage|p1a: Terapagos|62/273\n|move|p1a: Terapagos|Dark Pulse|p2a: Dugtrio\n|-damage|p2a: Dugtrio|0 fnt\n|faint|p2a: Dugtrio\n|\n|upkeep\n|\n|t:|1781394936\n|switch|p2a: Altaria|Altaria, L89, F|278/278\n|turn|6\n|\n|t:|1781394944\n|switch|p1a: Corviknight|Corviknight, L80, M|288/288\n|move|p2a: Altaria|Brave Bird|p1a: Corviknight\n|-resisted|p1a: Corviknight\n|-damage|p1a: Corviknight|237/288\n|-damage|p2a: Altaria|261/278|[from] Recoil\n|\n|-heal|p1a: Corviknight|255/288|[from] item: Leftovers\n|upkeep\n|turn|7\n|\n|t:|1781394956\n|move|p2a: Altaria|Dragon Dance|p2a: Altaria\n|-boost|p2a: Altaria|atk|1\n|-boost|p2a: Altaria|spe|1\n|move|p1a: Corviknight|U-turn|p2a: Altaria\n|-resisted|p2a: Altaria\n|-damage|p2a: Altaria|243/278\n|\n|t:|1781394961\n|switch|p1a: Diancie|Diancie, L82|216/216|[from] U-turn\n|\n|upkeep\n|turn|8\n|\n|t:|1781394968\n|move|p2a: Altaria|Earthquake|p1a: Diancie\n|-supereffective|p1a: Diancie\n|-damage|p1a: Diancie|92/216\n|move|p1a: Diancie|Diamond Storm|p2a: Altaria\n|-supereffective|p2a: Altaria\n|-damage|p2a: Altaria|51/278\n|-boost|p1a: Diancie|def|2\n|\n|-heal|p1a: Diancie|105/216|[from] item: Leftovers\n|upkeep\n|turn|9\n|\n|t:|1781394972\n|move|p2a: Altaria|Earthquake|p1a: Diancie\n|-supereffective|p1a: Diancie\n|-damage|p1a: Diancie|41/216\n|move|p1a: Diancie|Draining Kiss|p2a: Altaria\n|-supereffective|p2a: Altaria\n|-damage|p2a: Altaria|0 fnt\n|-heal|p1a: Diancie|79/216|[from] drain|[of] p2a: Altaria\n|faint|p2a: Altaria\n|\n|-heal|p1a: Diancie|92/216|[from] item: Leftovers\n|upkeep\n|\n|t:|1781394973\n|switch|p2a: Cryogonal|Cryogonal, L89|287/287\n|turn|10\n|\n|t:|1781394979\n|switch|p1a: Grafaiai|Grafaiai, L86, F|249/249\n|move|p2a: Cryogonal|Flash Cannon|p1a: Grafaiai\n|-crit|p1a: Grafaiai\n|-damage|p1a: Grafaiai|171/249\n|-unboost|p1a: Grafaiai|spd|1\n|\n|upkeep\n|turn|11\n|\n|t:|1781394985\n|move|p2a: Cryogonal|Freeze-Dry|p1a: Grafaiai\n|-damage|p1a: Grafaiai|86/249\n|move|p1a: Grafaiai|U-turn|p2a: Cryogonal\n|-damage|p2a: Cryogonal|213/287\n|\n|t:|1781394991\n|switch|p1a: Corviknight|Corviknight, L80, M|255/288|[from] U-turn\n|\n|-heal|p1a: Corviknight|273/288|[from] item: Leftovers\n|upkeep\n|turn|12\n|\n|t:|1781394994\n|move|p2a: Cryogonal|Freeze-Dry|p1a: Corviknight\n|-damage|p1a: Corviknight|191/288\n|move|p1a: Corviknight|U-turn|p2a: Cryogonal\n|-damage|p2a: Cryogonal|153/287\n|\n|t:|1781394997\n|switch|p1a: Terapagos|Terapagos-Terastal, L77, M|62/273|[from] U-turn\n|\n|upkeep\n|turn|13\n|\n|t:|1781395000\n|move|p2a: Cryogonal|Freeze-Dry|p1a: Terapagos\n|-damage|p1a: Terapagos|0 fnt\n|faint|p1a: Terapagos\n|\n|upkeep\n|inactive|Battle timer is ON: inactive players will automatically lose when time's up. (requested by Illuminating_Fate)\n|\n|t:|1781395007\n|switch|p1a: Corviknight|Corviknight, L80, M|191/288\n|turn|14\n|\n|t:|1781395016\n|move|p2a: Cryogonal|Recover|p2a: Cryogonal\n|-heal|p2a: Cryogonal|287/287\n|move|p1a: Corviknight|Brave Bird|p2a: Cryogonal\n|-damage|p2a: Cryogonal|148/287\n|-damage|p1a: Corviknight|145/288|[from] Recoil\n|\n|-heal|p1a: Corviknight|163/288|[from] item: Leftovers\n|upkeep\n|turn|15\n|\n|t:|1781395018\n|move|p2a: Cryogonal|Freeze-Dry|p1a: Corviknight\n|-damage|p1a: Corviknight|79/288\n|move|p1a: Corviknight|Brave Bird|p2a: Cryogonal\n|-damage|p2a: Cryogonal|6/287\n|-damage|p1a: Corviknight|32/288|[from] Recoil\n|\n|-heal|p1a: Corviknight|50/288|[from] item: Leftovers\n|upkeep\n|turn|16\n|\n|t:|1781395022\n|move|p2a: Cryogonal|Freeze-Dry|p1a: Corviknight\n|-damage|p1a: Corviknight|0 fnt\n|faint|p1a: Corviknight\n|\n|upkeep\n|\n|t:|1781395024\n|switch|p1a: Grafaiai|Grafaiai, L86, F|86/249\n|turn|17\n|\n|t:|1781395046\n|move|p1a: Grafaiai|Knock Off|p2a: Cryogonal\n|-damage|p2a: Cryogonal|0 fnt\n|-enditem|p2a: Cryogonal|Heavy-Duty Boots|[from] move: Knock Off|[of] p1a: Grafaiai\n|faint|p2a: Cryogonal\n|\n|upkeep\n|inactive|Illuminating_Fate has 120 seconds left.\n|\n|t:|1781395065\n|switch|p2a: Braviary|Braviary-Hisui, L85, M|326/326\n|turn|18\n|\n|t:|1781395070\n|-terastallize|p1a: Grafaiai|Dark\n|move|p1a: Grafaiai|Knock Off|p2a: Braviary\n|-supereffective|p2a: Braviary\n|-damage|p2a: Braviary|78/326\n|-enditem|p2a: Braviary|Life Orb|[from] move: Knock Off|[of] p1a: Grafaiai\n|move|p2a: Braviary|Agility|p2a: Braviary\n|-boost|p2a: Braviary|spe|2\n|\n|upkeep\n|turn|19\n|\n|t:|1781395076\n|switch|p1a: Diancie|Diancie, L82|92/216\n|move|p2a: Braviary|Heat Wave|p1a: Diancie\n|-resisted|p1a: Diancie\n|-damage|p1a: Diancie|56/216\n|\n|-heal|p1a: Diancie|69/216|[from] item: Leftovers\n|upkeep\n|turn|20\n|\n|t:|1781395082\n|move|p2a: Braviary|Psychic|p1a: Diancie\n|-damage|p1a: Diancie|0 fnt\n|faint|p1a: Diancie\n|\n|upkeep\n|\n|t:|1781395086\n|switch|p1a: Hydreigon|Hydreigon, L79, M|275/275\n|turn|21\n|\n|t:|1781395089\n|move|p2a: Braviary|Hurricane|p1a: Hydreigon\n|-damage|p1a: Hydreigon|88/275\n|move|p1a: Hydreigon|Dark Pulse|p2a: Braviary\n|-supereffective|p2a: Braviary\n|-damage|p2a: Braviary|0 fnt\n|faint|p2a: Braviary\n|\n|upkeep\n|\n|t:|1781395093\n|switch|p2a: Arceus|Arceus-Electric, L70|284/284\n|turn|22\n|\n|t:|1781395104\n|move|p2a: Arceus|Calm Mind|p2a: Arceus\n|-boost|p2a: Arceus|spa|1\n|-boost|p2a: Arceus|spd|1\n|move|p1a: Hydreigon|Dark Pulse|p2a: Arceus\n|-damage|p2a: Arceus|203/284\n|\n|upkeep\n|turn|23\n|\n|t:|1781395107\n|move|p2a: Arceus|Calm Mind|p2a: Arceus\n|-boost|p2a: Arceus|spa|1\n|-boost|p2a: Arceus|spd|1\n|move|p1a: Hydreigon|Dark Pulse|p2a: Arceus\n|-damage|p2a: Arceus|134/284\n|\n|upkeep\n|turn|24\n|\n|t:|1781395109\n|switch|p1a: Grafaiai|Grafaiai, L86, F, tera:Dark|86/249\n|move|p2a: Arceus|Recover|p2a: Arceus\n|-heal|p2a: Arceus|276/284\n|\n|upkeep\n|turn|25\n|\n|t:|1781395112\n|move|p1a: Grafaiai|Gunk Shot|p2a: Arceus\n|-damage|p2a: Arceus|155/284\n|move|p2a: Arceus|Judgment|p1a: Grafaiai\n|-damage|p1a: Grafaiai|0 fnt\n|faint|p1a: Grafaiai\n|\n|upkeep\n|\n|t:|1781395115\n|switch|p1a: Shaymin|Shaymin, L82|298/298\n|turn|26\n|\n|t:|1781395118\n|move|p1a: Shaymin|Seed Flare|p2a: Arceus|[miss]\n|-miss|p1a: Shaymin|p2a: Arceus\n|move|p2a: Arceus|Ice Beam|p1a: Shaymin\n|-supereffective|p1a: Shaymin\n|-damage|p1a: Shaymin|96/298\n|\n|-heal|p1a: Shaymin|114/298|[from] item: Leftovers\n|upkeep\n|turn|27\n|\n|t:|1781395126\n|move|p1a: Shaymin|Earth Power|p2a: Arceus\n|-supereffective|p2a: Arceus\n|-damage|p2a: Arceus|101/284\n|move|p2a: Arceus|Ice Beam|p1a: Shaymin\n|-supereffective|p1a: Shaymin\n|-damage|p1a: Shaymin|0 fnt\n|faint|p1a: Shaymin\n|\n|upkeep\n|-message|Hose7Tango forfeited.\n|\n|win|Illuminating_Fate\n", "uploadtime": 1781394869, "views": 3, "formatid": "gen9randombattle", "rating": null, "private": 0, "password": null}