{"id": "gen9randombattle-2631936708", "format": "[Gen 9] Random Battle", "players": ["DEVILICEMIN", "sondaw"], "log": "|j|\u2606DEVILICEMIN\n|j|\u2606sondaw\n|t:|1781457551\n|gametype|singles\n|player|p1|DEVILICEMIN|265|2062\n|player|p2|sondaw|266|2192\n|gen|9\n|tier|[Gen 9] Random Battle\n|rated|\n|rule|Species Clause: Limit one of each Pok\u00e9mon\n|rule|HP Percentage Mod: HP is shown in percentages\n|rule|Sleep Clause Mod: Limit one foe put to sleep\n|rule|Illusion Level Mod: Illusion disguises the Pok\u00e9mon's true level\n|\n|t:|1781457551\n|teamsize|p1|6\n|teamsize|p2|6\n|start\n|switch|p1a: Flareon|Flareon, L90, M|263/263\n|switch|p2a: Keldeo|Keldeo-Resolute, L79|273/273\n|turn|1\n|\n|t:|1781457572\n|switch|p1a: Toxapex|Toxapex, L82, F|216/216\n|move|p2a: Keldeo|Secret Sword|p1a: Toxapex\n|-resisted|p1a: Toxapex\n|-damage|p1a: Toxapex|185/216\n|\n|upkeep\n|turn|2\n|\n|t:|1781457594\n|switch|p2a: Deoxys|Deoxys, L74|196/196\n|-ability|p2a: Deoxys|Pressure\n|move|p1a: Toxapex|Toxic|p2a: Deoxys\n|-status|p2a: Deoxys|tox\n|\n|-damage|p2a: Deoxys|184/196 tox|[from] psn\n|upkeep\n|turn|3\n|\n|t:|1781457598\n|switch|p1a: Zarude|Zarude, L77|288/288\n|move|p2a: Deoxys|Psycho Boost|p1a: Zarude\n|-immune|p1a: Zarude\n|\n|-damage|p2a: Deoxys|160/196 tox|[from] psn\n|upkeep\n|turn|4\n|\n|t:|1781457615\n|switch|p2a: Breloom|Breloom, L83, M|235/235\n|switch|p1a: Deoxys|Deoxys-Speed, L82|216/216\n|-ability|p1a: Deoxys|Pressure\n|\n|upkeep\n|turn|5\n|\n|t:|1781457626\n|switch|p2a: Tornadus|Tornadus-Therian, L79, M|254/254\n|move|p1a: Deoxys|Psycho Boost|p2a: Tornadus\n|-damage|p2a: Tornadus|157/254\n|-unboost|p1a: Deoxys|spa|2\n|\n|upkeep\n|turn|6\n|\n|t:|1781457635\n|switch|p1a: Toxapex|Toxapex, L82, F|216/216\n|move|p2a: Tornadus|U-turn|p1a: Toxapex\n|-resisted|p1a: Toxapex\n|-damage|p1a: Toxapex|200/216\n|-damage|p2a: Tornadus|115/254|[from] item: Rocky Helmet|[of] p1a: Toxapex\n|\n|t:|1781457638\n|switch|p2a: Deoxys|Deoxys, L74|160/196 tox|[from] U-turn\n|-ability|p2a: Deoxys|Pressure\n|\n|-damage|p2a: Deoxys|148/196 tox|[from] psn\n|upkeep\n|turn|7\n|\n|t:|1781457646\n|switch|p1a: Deoxys|Deoxys-Speed, L82|216/216\n|-ability|p1a: Deoxys|Pressure\n|move|p2a: Deoxys|Knock Off|p1a: Deoxys\n|-supereffective|p1a: Deoxys\n|-damage|p1a: Deoxys|26/216\n|-enditem|p1a: Deoxys|Leftovers|[from] move: Knock Off|[of] p2a: Deoxys\n|-damage|p2a: Deoxys|129/196 tox|[from] item: Life Orb\n|\n|-damage|p2a: Deoxys|105/196 tox|[from] psn\n|upkeep\n|turn|8\n|\n|t:|1781457677\n|switch|p2a: Tornadus|Tornadus-Therian, L79, M|199/254\n|move|p1a: Deoxys|Psycho Boost|p2a: Tornadus|[miss]\n|-miss|p1a: Deoxys|p2a: Tornadus\n|\n|upkeep\n|turn|9\n|inactive|Battle timer is ON: inactive players will automatically lose when time's up. (requested by sondaw)\n|\n|t:|1781457689\n|move|p1a: Deoxys|Spikes|p2a: Tornadus\n|-sidestart|p2: sondaw|Spikes\n|move|p2a: Tornadus|Bleakwind Storm|p1a: Deoxys\n|-damage|p1a: Deoxys|0 fnt\n|faint|p1a: Deoxys\n|\n|upkeep\n|\n|t:|1781457693\n|switch|p1a: Flareon|Flareon, L90, M|263/263\n|turn|10\n|\n|t:|1781457697\n|move|p2a: Tornadus|Knock Off|p1a: Flareon\n|-damage|p1a: Flareon|179/263\n|-enditem|p1a: Flareon|Toxic Orb|[from] move: Knock Off|[of] p2a: Tornadus\n|move|p1a: Flareon|Trailblaze|p2a: Tornadus\n|-resisted|p2a: Tornadus\n|-damage|p2a: Tornadus|170/254\n|-boost|p1a: Flareon|spe|1\n|\n|upkeep\n|turn|11\n|\n|t:|1781457711\n|move|p1a: Flareon|Trailblaze|p2a: Tornadus\n|-resisted|p2a: Tornadus\n|-damage|p2a: Tornadus|143/254\n|-boost|p1a: Flareon|spe|1\n|move|p2a: Tornadus|U-turn|p1a: Flareon\n|-resisted|p1a: Flareon\n|-damage|p1a: Flareon|149/263\n|\n|t:|1781457716\n|switch|p2a: Keldeo|Keldeo-Resolute, L79|273/273|[from] U-turn\n|-damage|p2a: Keldeo|239/273|[from] Spikes\n|\n|upkeep\n|turn|12\n|\n|t:|1781457723\n|move|p1a: Flareon|Trailblaze|p2a: Keldeo\n|-supereffective|p2a: Keldeo\n|-damage|p2a: Keldeo|135/273\n|-boost|p1a: Flareon|spe|1\n|move|p2a: Keldeo|Secret Sword|p1a: Flareon\n|-damage|p1a: Flareon|35/263\n|\n|upkeep\n|turn|13\n|\n|t:|1781457734\n|switch|p2a: Breloom|Breloom, L83, M|235/235\n|-damage|p2a: Breloom|206/235|[from] Spikes\n|move|p1a: Flareon|Trailblaze|p2a: Breloom\n|-resisted|p2a: Breloom\n|-damage|p2a: Breloom|179/235\n|-boost|p1a: Flareon|spe|1\n|\n|upkeep\n|turn|14\n|\n|t:|1781457739\n|switch|p1a: Toxapex|Toxapex, L82, F|216/216\n|move|p2a: Breloom|Mach Punch|p1a: Toxapex\n|-resisted|p1a: Toxapex\n|-damage|p1a: Toxapex|180/216\n|-damage|p2a: Breloom|140/235|[from] item: Rocky Helmet|[of] p1a: Toxapex\n|-damage|p2a: Breloom|117/235|[from] item: Life Orb\n|\n|upkeep\n|turn|15\n|\n|t:|1781457745\n|move|p2a: Breloom|Spore|p1a: Toxapex\n|-status|p1a: Toxapex|slp|[from] move: Spore\n|cant|p1a: Toxapex|slp\n|\n|upkeep\n|turn|16\n|\n|t:|1781457750\n|move|p2a: Breloom|Rock Tomb|p1a: Toxapex\n|-damage|p1a: Toxapex|110/216 slp\n|-unboost|p1a: Toxapex|spe|1\n|-damage|p2a: Breloom|94/235|[from] item: Life Orb\n|cant|p1a: Toxapex|slp\n|\n|upkeep\n|turn|17\n|\n|t:|1781457754\n|switch|p1a: Meganium|Meganium, L90, M|290/290\n|move|p2a: Breloom|Bullet Seed|p1a: Meganium\n|-resisted|p1a: Meganium\n|-damage|p1a: Meganium|263/290\n|-resisted|p1a: Meganium\n|-damage|p1a: Meganium|234/290\n|-resisted|p1a: Meganium\n|-damage|p1a: Meganium|205/290\n|-resisted|p1a: Meganium\n|-damage|p1a: Meganium|176/290\n|-hitcount|p1a: Meganium|4\n|-damage|p2a: Breloom|71/235|[from] item: Life Orb\n|\n|-heal|p1a: Meganium|194/290|[from] item: Leftovers\n|upkeep\n|turn|18\n|\n|t:|1781457762\n|switch|p2a: Tornadus|Tornadus-Therian, L79, M|227/254\n|move|p1a: Meganium|Synthesis|p1a: Meganium\n|-heal|p1a: Meganium|290/290\n|\n|upkeep\n|turn|19\n|\n|t:|1781457767\n|switch|p1a: Toxapex|Toxapex, L82, F|182/216 slp\n|move|p2a: Tornadus|U-turn|p1a: Toxapex\n|-resisted|p1a: Toxapex\n|-damage|p1a: Toxapex|168/216 slp\n|-damage|p2a: Tornadus|185/254|[from] item: Rocky Helmet|[of] p1a: Toxapex\n|\n|t:|1781457769\n|switch|p2a: Deoxys|Deoxys, L74|105/196 tox|[from] U-turn\n|-damage|p2a: Deoxys|81/196 tox|[from] Spikes\n|-ability|p2a: Deoxys|Pressure\n|\n|-damage|p2a: Deoxys|69/196 tox|[from] psn\n|upkeep\n|turn|20\n|\n|t:|1781457772\n|switch|p1a: Flareon|Flareon, L90, M|35/263\n|move|p2a: Deoxys|Superpower|p1a: Flareon\n|-crit|p1a: Flareon\n|-damage|p1a: Flareon|0 fnt\n|-unboost|p2a: Deoxys|atk|1\n|-unboost|p2a: Deoxys|def|1\n|faint|p1a: Flareon\n|-damage|p2a: Deoxys|50/196 tox|[from] item: Life Orb\n|\n|-damage|p2a: Deoxys|26/196 tox|[from] psn\n|upkeep\n|\n|t:|1781457779\n|switch|p1a: Meganium|Meganium, L90, M|290/290\n|turn|21\n|\n|t:|1781457786\n|switch|p2a: Tornadus|Tornadus-Therian, L79, M|254/254\n|move|p1a: Meganium|Synthesis|p1a: Meganium\n|-fail|p1a: Meganium|heal\n|\n|upkeep\n|turn|22\n|\n|t:|1781457792\n|switch|p1a: Toxapex|Toxapex, L82, F|216/216 slp\n|move|p2a: Tornadus|Bleakwind Storm|p1a: Toxapex\n|-damage|p1a: Toxapex|140/216 slp\n|-unboost|p1a: Toxapex|spe|1\n|\n|upkeep\n|turn|23\n|\n|t:|1781457805\n|move|p2a: Tornadus|U-turn|p1a: Toxapex\n|-resisted|p1a: Toxapex\n|-damage|p1a: Toxapex|126/216 slp\n|-damage|p2a: Tornadus|212/254|[from] item: Rocky Helmet|[of] p1a: Toxapex\n|\n|t:|1781457808\n|switch|p2a: Braviary|Braviary-Hisui, L85, M|326/326|[from] U-turn\n|-curestatus|p1a: Toxapex|slp|[msg]\n|move|p1a: Toxapex|Toxic|p2a: Braviary\n|-status|p2a: Braviary|tox\n|\n|-damage|p2a: Braviary|306/326 tox|[from] psn\n|upkeep\n|turn|24\n|\n|t:|1781457817\n|switch|p1a: Zarude|Zarude, L77|288/288\n|move|p2a: Braviary|Defog|p1a: Zarude\n|-unboost|p1a: Zarude|evasion|1\n|-sideend|p2: sondaw|Spikes|[from] move: Defog|[of] p2a: Braviary\n|\n|-damage|p2a: Braviary|266/326 tox|[from] psn\n|upkeep\n|turn|25\n|\n|t:|1781457824\n|switch|p2a: Breloom|Breloom, L83, M|71/235\n|move|p1a: Zarude|Knock Off|p2a: Breloom\n|-resisted|p2a: Breloom\n|-damage|p2a: Breloom|0 fnt\n|-enditem|p2a: Breloom|Life Orb|[from] move: Knock Off|[of] p1a: Zarude\n|faint|p2a: Breloom\n|\n|upkeep\n|\n|t:|1781457832\n|switch|p2a: Keldeo|Keldeo-Resolute, L79|135/273\n|turn|26\n|\n|t:|1781457839\n|switch|p2a: Deoxys|Deoxys, L74|26/196 tox\n|-ability|p2a: Deoxys|Pressure\n|switch|p1a: Toxapex|Toxapex, L82, F|198/216\n|\n|-damage|p2a: Deoxys|14/196 tox|[from] psn\n|upkeep\n|turn|27\n|\n|t:|1781457850\n|move|p2a: Deoxys|Superpower|p1a: Toxapex\n|-resisted|p1a: Toxapex\n|-damage|p1a: Toxapex|160/216\n|-unboost|p2a: Deoxys|atk|1\n|-unboost|p2a: Deoxys|def|1\n|-damage|p2a: Deoxys|0 fnt|[from] item: Rocky Helmet|[of] p1a: Toxapex\n|faint|p2a: Deoxys\n|move|p1a: Toxapex|Recover|p1a: Toxapex\n|-heal|p1a: Toxapex|216/216\n|\n|upkeep\n|\n|t:|1781457854\n|switch|p2a: Braviary|Braviary-Hisui, L85, M|266/326 tox\n|turn|28\n|\n|t:|1781457858\n|switch|p1a: Iron Hands|Iron Hands, L79|373/373\n|move|p2a: Braviary|Hurricane|p1a: Iron Hands|[miss]\n|-miss|p2a: Braviary|p1a: Iron Hands\n|\n|-damage|p2a: Braviary|246/326 tox|[from] psn\n|upkeep\n|turn|29\n|\n|t:|1781457864\n|move|p2a: Braviary|Hurricane|p1a: Iron Hands\n|-damage|p1a: Iron Hands|252/373\n|move|p1a: Iron Hands|Thunder Punch|p2a: Braviary\n|-supereffective|p2a: Braviary\n|-damage|p2a: Braviary|30/326 tox\n|\n|-damage|p2a: Braviary|0 fnt|[from] psn\n|faint|p2a: Braviary\n|upkeep\n|\n|t:|1781457877\n|switch|p2a: Keldeo|Keldeo-Resolute, L79|135/273\n|turn|30\n|\n|t:|1781457881\n|move|p2a: Keldeo|Secret Sword|p1a: Iron Hands\n|-damage|p1a: Iron Hands|168/373\n|move|p1a: Iron Hands|Thunder Punch|p2a: Keldeo\n|-supereffective|p2a: Keldeo\n|-damage|p2a: Keldeo|0 fnt\n|faint|p2a: Keldeo\n|\n|upkeep\n|\n|t:|1781457887\n|switch|p2a: Tornadus|Tornadus-Therian, L79, M|254/254\n|turn|31\n|\n|t:|1781457892\n|move|p2a: Tornadus|Bleakwind Storm|p1a: Iron Hands\n|-damage|p1a: Iron Hands|84/373\n|move|p1a: Iron Hands|Thunder Punch|p2a: Tornadus\n|-supereffective|p2a: Tornadus\n|-damage|p2a: Tornadus|56/254\n|\n|upkeep\n|turn|32\n|\n|t:|1781457898\n|move|p2a: Tornadus|Bleakwind Storm|p1a: Iron Hands\n|-damage|p1a: Iron Hands|0 fnt\n|faint|p1a: Iron Hands\n|-end|p1a: Iron Hands|Quark Drive|[silent]\n|\n|upkeep\n|\n|t:|1781457900\n|switch|p1a: Toxapex|Toxapex, L82, F|216/216\n|turn|33\n|\n|t:|1781457903\n|move|p2a: Tornadus|U-turn|p1a: Toxapex\n|-resisted|p1a: Toxapex\n|-damage|p1a: Toxapex|202/216\n|-damage|p2a: Tornadus|14/254|[from] item: Rocky Helmet|[of] p1a: Toxapex\n|\n|t:|1781457905\n|switch|p2a: Gengar|Gengar, L81, M|230/230|[from] U-turn\n|move|p1a: Toxapex|Toxic|p2a: Gengar\n|-immune|p2a: Gengar\n|\n|upkeep\n|turn|34\n|\n|t:|1781457909\n|move|p2a: Gengar|Encore|p1a: Toxapex\n|-start|p1a: Toxapex|Encore\n|move|p1a: Toxapex|Toxic|p2a: Gengar\n|-immune|p2a: Gengar\n|\n|upkeep\n|turn|35\n|\n|t:|1781457914\n|switch|p2a: Tornadus|Tornadus-Therian, L79, M|98/254\n|switch|p1a: Meganium|Meganium, L90, M|290/290\n|\n|upkeep\n|turn|36\n|\n|t:|1781457920\n|move|p2a: Tornadus|U-turn|p1a: Meganium\n|-supereffective|p1a: Meganium\n|-damage|p1a: Meganium|206/290\n|\n|t:|1781457924\n|switch|p2a: Gengar|Gengar, L81, M|230/230|[from] U-turn\n|move|p1a: Meganium|Knock Off|p2a: Gengar\n|-supereffective|p2a: Gengar\n|-damage|p2a: Gengar|46/230\n|-start|p1a: Meganium|Disable|Knock Off|[from] ability: Cursed Body|[of] p2a: Gengar\n|-enditem|p2a: Gengar|Life Orb|[from] move: Knock Off|[of] p1a: Meganium\n|\n|-heal|p1a: Meganium|224/290|[from] item: Leftovers\n|upkeep\n|turn|37\n|\n|t:|1781457929\n|switch|p1a: Toxapex|Toxapex, L82, F|216/216\n|move|p2a: Gengar|Sludge Wave|p1a: Toxapex\n|-resisted|p1a: Toxapex\n|-damage|p1a: Toxapex|175/216\n|\n|upkeep\n|turn|38\n|-message|sondaw forfeited.\n|\n|win|DEVILICEMIN\n", "uploadtime": 1781457552, "views": 4, "formatid": "gen9randombattle", "rating": null, "private": 0, "password": null}