{"id": "gen9randombattle-2631469083", "format": "[Gen 9] Random Battle", "players": ["Pavy109", "calikuru"], "log": "|j|\u2606Pavy109\n|j|\u2606calikuru\n|t:|1781388575\n|gametype|singles\n|player|p1|Pavy109|169|1497\n|player|p2|calikuru|roxie|1538\n|gen|9\n|tier|[Gen 9] Random Battle\n|rated|\n|rule|Species Clause: Limit one of each Pok\u00e9mon\n|rule|HP Percentage Mod: HP is shown in percentages\n|rule|Sleep Clause Mod: Limit one foe put to sleep\n|rule|Illusion Level Mod: Illusion disguises the Pok\u00e9mon's true level\n|\n|t:|1781388575\n|teamsize|p1|6\n|teamsize|p2|6\n|start\n|switch|p1a: Arbok|Arbok, L87, F|246/246\n|switch|p2a: Walking Wake|Walking Wake, L79|286/286\n|-ability|p1a: Arbok|Intimidate|boost\n|-unboost|p2a: Walking Wake|atk|1\n|turn|1\n|inactive|Battle timer is ON: inactive players will automatically lose when time's up. (requested by calikuru)\n|\n|t:|1781388604\n|move|p2a: Walking Wake|Sunny Day|p2a: Walking Wake\n|-weather|SunnyDay\n|-activate|p2a: Walking Wake|ability: Protosynthesis\n|-start|p2a: Walking Wake|protosynthesisspa\n|move|p1a: Arbok|Gunk Shot|p2a: Walking Wake|[miss]\n|-miss|p1a: Arbok|p2a: Walking Wake\n|\n|-weather|SunnyDay|[upkeep]\n|upkeep\n|turn|2\n|\n|t:|1781388613\n|move|p2a: Walking Wake|Hydro Steam|p1a: Arbok\n|-damage|p1a: Arbok|0 fnt\n|faint|p1a: Arbok\n|-damage|p2a: Walking Wake|258/286|[from] item: Life Orb\n|\n|-weather|SunnyDay|[upkeep]\n|upkeep\n|\n|t:|1781388619\n|switch|p1a: Victreebel|Victreebel, L90, M|290/290\n|turn|3\n|\n|t:|1781388637\n|-terastallize|p2a: Walking Wake|Fire\n|move|p1a: Victreebel|Power Whip|p2a: Walking Wake|[miss]\n|-miss|p1a: Victreebel|p2a: Walking Wake\n|move|p2a: Walking Wake|Flamethrower|p1a: Victreebel\n|-supereffective|p1a: Victreebel\n|-damage|p1a: Victreebel|0 fnt\n|faint|p1a: Victreebel\n|-damage|p2a: Walking Wake|230/286|[from] item: Life Orb\n|\n|-weather|SunnyDay|[upkeep]\n|upkeep\n|\n|t:|1781388644\n|switch|p1a: Politoed|Politoed, L88, M|302/302\n|-weather|RainDance|[from] ability: Drizzle|[of] p1a: Politoed\n|-end|p2a: Walking Wake|Protosynthesis\n|turn|4\n|\n|t:|1781388662\n|move|p2a: Walking Wake|Draco Meteor|p1a: Politoed\n|-damage|p1a: Politoed|129/302\n|-unboost|p2a: Walking Wake|spa|2\n|-damage|p2a: Walking Wake|202/286|[from] item: Life Orb\n|move|p1a: Politoed|Surf|p2a: Walking Wake\n|-supereffective|p2a: Walking Wake\n|-damage|p2a: Walking Wake|0 fnt\n|faint|p2a: Walking Wake\n|-end|p2a: Walking Wake|Protosynthesis|[silent]\n|\n|-weather|RainDance|[upkeep]\n|-heal|p1a: Politoed|147/302|[from] item: Leftovers\n|upkeep\n|inactive|calikuru has 120 seconds left.\n|\n|t:|1781388683\n|switch|p2a: Zapdos|Zapdos, L78|268/268\n|turn|5\n|\n|t:|1781388694\n|move|p2a: Zapdos|Thunderbolt|p1a: Politoed\n|-supereffective|p1a: Politoed\n|-damage|p1a: Politoed|0 fnt\n|faint|p1a: Politoed\n|\n|-weather|RainDance|[upkeep]\n|upkeep\n|\n|t:|1781388704\n|switch|p1a: Klefki|Klefki, L84, F|233/233\n|turn|6\n|\n|t:|1781388710\n|move|p1a: Klefki|Spikes|p2a: Zapdos\n|-sidestart|p2: calikuru|Spikes\n|move|p2a: Zapdos|Thunderbolt|p1a: Klefki\n|-damage|p1a: Klefki|125/233\n|\n|-weather|RainDance|[upkeep]\n|-heal|p1a: Klefki|139/233|[from] item: Leftovers\n|upkeep\n|turn|7\n|\n|t:|1781388717\n|move|p1a: Klefki|Spikes|p2a: Zapdos\n|-sidestart|p2: calikuru|Spikes\n|move|p2a: Zapdos|Thunderbolt|p1a: Klefki\n|-damage|p1a: Klefki|37/233\n|\n|-weather|RainDance|[upkeep]\n|-heal|p1a: Klefki|51/233|[from] item: Leftovers\n|upkeep\n|turn|8\n|\n|t:|1781388724\n|move|p2a: Zapdos|Thunderbolt|p1a: Klefki\n|-crit|p1a: Klefki\n|-damage|p1a: Klefki|0 fnt\n|faint|p1a: Klefki\n|\n|-weather|none\n|upkeep\n|\n|t:|1781388729\n|switch|p1a: Garganacl|Garganacl, L80, M|291/291\n|turn|9\n|\n|t:|1781388741\n|move|p2a: Zapdos|Thunderbolt|p1a: Garganacl\n|-damage|p1a: Garganacl|185/291\n|move|p1a: Garganacl|Salt Cure|p2a: Zapdos\n|-supereffective|p2a: Zapdos\n|-damage|p2a: Zapdos|182/268\n|-start|p2a: Zapdos|Salt Cure\n|\n|-heal|p1a: Garganacl|203/291|[from] item: Leftovers\n|-damage|p2a: Zapdos|149/268|[from] Salt Cure\n|upkeep\n|turn|10\n|\n|t:|1781388752\n|move|p2a: Zapdos|Roost|p2a: Zapdos\n|-heal|p2a: Zapdos|268/268\n|-singleturn|p2a: Zapdos|move: Roost\n|move|p1a: Garganacl|Iron Defense|p1a: Garganacl\n|-boost|p1a: Garganacl|def|2\n|\n|-heal|p1a: Garganacl|221/291|[from] item: Leftovers\n|-damage|p2a: Zapdos|235/268|[from] Salt Cure\n|upkeep\n|turn|11\n|\n|t:|1781388761\n|move|p2a: Zapdos|Thunderbolt|p1a: Garganacl\n|-damage|p1a: Garganacl|118/291\n|move|p1a: Garganacl|Body Press|p2a: Zapdos\n|-resisted|p2a: Zapdos\n|-damage|p2a: Zapdos|159/268\n|\n|-heal|p1a: Garganacl|136/291|[from] item: Leftovers\n|-damage|p2a: Zapdos|126/268|[from] Salt Cure\n|upkeep\n|turn|12\n|\n|t:|1781388769\n|move|p2a: Zapdos|Thunderbolt|p1a: Garganacl\n|-damage|p1a: Garganacl|37/291\n|move|p1a: Garganacl|Recover|p1a: Garganacl\n|-heal|p1a: Garganacl|183/291\n|\n|-heal|p1a: Garganacl|201/291|[from] item: Leftovers\n|-damage|p2a: Zapdos|93/268|[from] Salt Cure\n|upkeep\n|turn|13\n|\n|t:|1781388786\n|move|p2a: Zapdos|Roost|p2a: Zapdos\n|-heal|p2a: Zapdos|227/268\n|-singleturn|p2a: Zapdos|move: Roost\n|move|p1a: Garganacl|Body Press|p2a: Zapdos\n|-damage|p2a: Zapdos|92/268\n|\n|-heal|p1a: Garganacl|219/291|[from] item: Leftovers\n|-damage|p2a: Zapdos|59/268|[from] Salt Cure\n|upkeep\n|turn|14\n|\n|t:|1781388796\n|move|p2a: Zapdos|Thunderbolt|p1a: Garganacl\n|-damage|p1a: Garganacl|120/291\n|move|p1a: Garganacl|Iron Defense|p1a: Garganacl\n|-boost|p1a: Garganacl|def|2\n|\n|-heal|p1a: Garganacl|138/291|[from] item: Leftovers\n|-damage|p2a: Zapdos|26/268|[from] Salt Cure\n|upkeep\n|turn|15\n|\n|t:|1781388804\n|move|p2a: Zapdos|Thunderbolt|p1a: Garganacl\n|-damage|p1a: Garganacl|39/291\n|move|p1a: Garganacl|Recover|p1a: Garganacl\n|-heal|p1a: Garganacl|185/291\n|\n|-heal|p1a: Garganacl|203/291|[from] item: Leftovers\n|-damage|p2a: Zapdos|0 fnt|[from] Salt Cure\n|faint|p2a: Zapdos\n|upkeep\n|\n|t:|1781388828\n|switch|p2a: Perrserker|Perrserker, L89, M|269/269\n|-damage|p2a: Perrserker|225/269|[from] Spikes\n|turn|16\n|\n|t:|1781388847\n|-terastallize|p1a: Garganacl|Dragon\n|move|p2a: Perrserker|Iron Head|p1a: Garganacl\n|-damage|p1a: Garganacl|154/291\n|move|p1a: Garganacl|Body Press|p2a: Perrserker\n|-supereffective|p2a: Perrserker\n|-damage|p2a: Perrserker|0 fnt\n|faint|p2a: Perrserker\n|\n|-heal|p1a: Garganacl|172/291|[from] item: Leftovers\n|upkeep\n|\n|t:|1781388860\n|switch|p2a: Froslass|Froslass, L87, F|263/263\n|-damage|p2a: Froslass|220/263|[from] Spikes\n|turn|17\n|inactive|calikuru has 120 seconds left.\n|\n|t:|1781388881\n|move|p2a: Froslass|Taunt|p1a: Garganacl\n|-start|p1a: Garganacl|move: Taunt\n|move|p1a: Garganacl|Salt Cure|p2a: Froslass\n|-supereffective|p2a: Froslass\n|-damage|p2a: Froslass|124/263\n|-start|p2a: Froslass|Salt Cure\n|-start|p1a: Garganacl|Disable|Salt Cure|[from] ability: Cursed Body|[of] p2a: Froslass\n|\n|-heal|p1a: Garganacl|190/291|[from] item: Leftovers\n|-damage|p2a: Froslass|92/263|[from] Salt Cure\n|upkeep\n|turn|18\n|inactive|calikuru has 120 seconds left.\n|\n|t:|1781388894\n|move|p2a: Froslass|Triple Axel|p1a: Garganacl\n|-supereffective|p1a: Garganacl\n|-damage|p1a: Garganacl|178/291\n|-supereffective|p1a: Garganacl\n|-damage|p1a: Garganacl|154/291\n|-supereffective|p1a: Garganacl\n|-damage|p1a: Garganacl|122/291\n|-hitcount|p1a: Garganacl|3\n|move|p1a: Garganacl|Body Press|p2a: Froslass\n|-immune|p2a: Froslass\n|\n|-heal|p1a: Garganacl|140/291|[from] item: Leftovers\n|-damage|p2a: Froslass|60/263|[from] Salt Cure\n|upkeep\n|turn|19\n|inactive|calikuru has 120 seconds left.\n|\n|t:|1781388908\n|move|p2a: Froslass|Triple Axel|p1a: Garganacl\n|-supereffective|p1a: Garganacl\n|-damage|p1a: Garganacl|128/291\n|-supereffective|p1a: Garganacl\n|-damage|p1a: Garganacl|102/291\n|-supereffective|p1a: Garganacl\n|-damage|p1a: Garganacl|70/291\n|-hitcount|p1a: Garganacl|3\n|move|p1a: Garganacl|Body Press|p2a: Froslass\n|-immune|p2a: Froslass\n|\n|-heal|p1a: Garganacl|88/291|[from] item: Leftovers\n|-damage|p2a: Froslass|28/263|[from] Salt Cure\n|-end|p1a: Garganacl|move: Taunt\n|upkeep\n|turn|20\n|inactive|calikuru has 120 seconds left.\n|\n|t:|1781388922\n|move|p2a: Froslass|Triple Axel|p1a: Garganacl\n|-supereffective|p1a: Garganacl\n|-damage|p1a: Garganacl|76/291\n|-supereffective|p1a: Garganacl\n|-damage|p1a: Garganacl|52/291\n|-supereffective|p1a: Garganacl\n|-damage|p1a: Garganacl|20/291\n|-hitcount|p1a: Garganacl|3\n|move|p1a: Garganacl|Recover|p1a: Garganacl\n|-heal|p1a: Garganacl|166/291\n|\n|-heal|p1a: Garganacl|184/291|[from] item: Leftovers\n|-damage|p2a: Froslass|0 fnt|[from] Salt Cure\n|faint|p2a: Froslass\n|-end|p1a: Garganacl|Disable\n|upkeep\n|inactive|calikuru has 120 seconds left.\n|\n|t:|1781388947\n|switch|p2a: Passimian|Passimian, L83, F|302/302\n|-damage|p2a: Passimian|252/302|[from] Spikes\n|turn|21\n|c|\u2606Pavy109|Ur getting cooked\n|\n|t:|1781388959\n|move|p2a: Passimian|Knock Off|p1a: Garganacl\n|-damage|p1a: Garganacl|162/291\n|-enditem|p1a: Garganacl|Leftovers|[from] move: Knock Off|[of] p2a: Passimian\n|move|p1a: Garganacl|Body Press|p2a: Passimian\n|-damage|p2a: Passimian|70/302\n|\n|-heal|p2a: Passimian|88/302|[from] item: Leftovers\n|upkeep\n|turn|22\n|\n|t:|1781388978\n|move|p2a: Passimian|Drain Punch|p1a: Garganacl\n|-crit|p1a: Garganacl\n|-damage|p1a: Garganacl|50/291\n|-heal|p2a: Passimian|144/302|[from] drain|[of] p1a: Garganacl\n|move|p1a: Garganacl|Recover|p1a: Garganacl\n|-heal|p1a: Garganacl|196/291\n|\n|-heal|p2a: Passimian|162/302|[from] item: Leftovers\n|upkeep\n|turn|23\n|\n|t:|1781388987\n|move|p2a: Passimian|Bulk Up|p2a: Passimian\n|-boost|p2a: Passimian|atk|1\n|-boost|p2a: Passimian|def|1\n|move|p1a: Garganacl|Body Press|p2a: Passimian\n|-damage|p2a: Passimian|32/302\n|\n|-heal|p2a: Passimian|50/302|[from] item: Leftovers\n|upkeep\n|turn|24\n|\n|t:|1781388996\n|move|p2a: Passimian|Drain Punch|p1a: Garganacl\n|-damage|p1a: Garganacl|159/291\n|-heal|p2a: Passimian|69/302|[from] drain|[of] p1a: Garganacl\n|move|p1a: Garganacl|Body Press|p2a: Passimian\n|-damage|p2a: Passimian|0 fnt\n|faint|p2a: Passimian\n|\n|upkeep\n|\n|t:|1781389003\n|switch|p2a: Jirachi|Jirachi, L80|291/291\n|-damage|p2a: Jirachi|243/291|[from] Spikes\n|turn|25\n|inactive|calikuru has 120 seconds left.\n|c|\u2606calikuru|just luck\n|c|\u2606calikuru|just luck\n|c|\u2606calikuru|all 4 my last are physical\n|-message|calikuru forfeited.\n|\n|win|Pavy109\n|raw|Pavy109's rating: 1497 &rarr; <strong>1519</strong><br />(+22 for winning)\n|raw|calikuru's rating: 1538 &rarr; <strong>1516</strong><br />(-22 for losing)\n|l|\u2606calikuru\n|player|p2|\n", "uploadtime": 1781389054, "views": 10, "formatid": "gen9randombattle", "rating": 1516, "private": 0, "password": null}