{"id": "gen9randombattle-2631489218", "format": "[Gen 9] Random Battle", "players": ["endallbeallball", "igothighjumpkick"], "log": "|j|\u2606endallbeallball\n|j|\u2606igothighjumpkick\n|t:|1781391506\n|gametype|singles\n|player|p1|endallbeallball|medium|1966\n|player|p2|igothighjumpkick|102|1940\n|gen|9\n|tier|[Gen 9] Random Battle\n|rated|\n|rule|Species Clause: Limit one of each Pok\u00e9mon\n|rule|HP Percentage Mod: HP is shown in percentages\n|rule|Sleep Clause Mod: Limit one foe put to sleep\n|rule|Illusion Level Mod: Illusion disguises the Pok\u00e9mon's true level\n|\n|t:|1781391506\n|teamsize|p1|6\n|teamsize|p2|6\n|start\n|switch|p1a: Vileplume|Vileplume, L85, F|266/266\n|switch|p2a: Terrakion|Terrakion, L79|273/273\n|turn|1\n|inactive|Battle timer is ON: inactive players will automatically lose when time's up. (requested by igothighjumpkick)\n|\n|t:|1781391515\n|switch|p2a: Gogoat|Gogoat, L88, M|360/360\n|move|p1a: Vileplume|Sleep Powder|p2a: Gogoat\n|-ability|p2a: Gogoat|Sap Sipper|boost\n|-boost|p2a: Gogoat|atk|1\n|\n|upkeep\n|turn|2\n|\n|t:|1781391521\n|move|p2a: Gogoat|Earthquake|p1a: Vileplume\n|-damage|p1a: Vileplume|138/266\n|move|p1a: Vileplume|Sludge Bomb|p2a: Gogoat\n|-supereffective|p2a: Gogoat\n|-damage|p2a: Gogoat|136/360\n|\n|-heal|p2a: Gogoat|158/360|[from] item: Leftovers\n|-heal|p1a: Vileplume|154/266|[from] item: Leftovers\n|upkeep\n|turn|3\n|\n|t:|1781391526\n|switch|p1a: Latias|Latias, L79, F|256/256\n|move|p2a: Gogoat|Earthquake|p1a: Latias\n|-immune|p1a: Latias|[from] ability: Levitate\n|\n|-heal|p2a: Gogoat|180/360|[from] item: Leftovers\n|upkeep\n|turn|4\n|\n|t:|1781391532\n|move|p1a: Latias|Draco Meteor|p2a: Gogoat\n|-damage|p2a: Gogoat|9/360\n|-unboost|p1a: Latias|spa|2\n|move|p2a: Gogoat|Horn Leech|p1a: Latias\n|-resisted|p1a: Latias\n|-damage|p1a: Latias|187/256\n|-heal|p2a: Gogoat|44/360|[from] drain|[of] p1a: Latias\n|\n|-heal|p2a: Gogoat|66/360|[from] item: Leftovers\n|upkeep\n|turn|5\n|\n|t:|1781391539\n|switch|p1a: Vileplume|Vileplume, L85, F|154/266\n|move|p2a: Gogoat|Milk Drink|p2a: Gogoat\n|-heal|p2a: Gogoat|246/360\n|\n|-heal|p2a: Gogoat|268/360|[from] item: Leftovers\n|-heal|p1a: Vileplume|170/266|[from] item: Leftovers\n|upkeep\n|turn|6\n|\n|t:|1781391543\n|move|p2a: Gogoat|Earthquake|p1a: Vileplume\n|-damage|p1a: Vileplume|45/266\n|move|p1a: Vileplume|Sludge Bomb|p2a: Gogoat\n|-supereffective|p2a: Gogoat\n|-damage|p2a: Gogoat|40/360\n|\n|-heal|p2a: Gogoat|62/360|[from] item: Leftovers\n|-heal|p1a: Vileplume|61/266|[from] item: Leftovers\n|upkeep\n|turn|7\n|\n|t:|1781391549\n|move|p2a: Gogoat|Earthquake|p1a: Vileplume\n|-damage|p1a: Vileplume|0 fnt\n|faint|p1a: Vileplume\n|\n|-heal|p2a: Gogoat|84/360|[from] item: Leftovers\n|upkeep\n|\n|t:|1781391551\n|switch|p1a: Latias|Latias, L79, F|187/256\n|turn|8\n|\n|t:|1781391554\n|move|p1a: Latias|Psyshock|p2a: Gogoat\n|-damage|p2a: Gogoat|0 fnt\n|faint|p2a: Gogoat\n|\n|upkeep\n|\n|t:|1781391557\n|switch|p2a: Vikavolt|Vikavolt, L83, M|263/263\n|turn|9\n|\n|t:|1781391561\n|move|p1a: Latias|Draco Meteor|p2a: Vikavolt\n|-damage|p2a: Vikavolt|94/263\n|-unboost|p1a: Latias|spa|2\n|move|p2a: Vikavolt|Sticky Web|p1a: Latias\n|-sidestart|p1: endallbeallball|move: Sticky Web\n|\n|upkeep\n|turn|10\n|\n|t:|1781391586\n|switch|p1a: Dragalge|Dragalge, L88, M|258/258\n|-activate|p1a: Dragalge|move: Sticky Web\n|-unboost|p1a: Dragalge|spe|1\n|move|p2a: Vikavolt|Bug Buzz|p1a: Dragalge\n|-resisted|p1a: Dragalge\n|-damage|p1a: Dragalge|214/258\n|\n|-heal|p1a: Dragalge|230/258|[from] item: Leftovers\n|upkeep\n|turn|11\n|\n|t:|1781391597\n|move|p2a: Vikavolt|Thunderbolt|p1a: Dragalge\n|-resisted|p1a: Dragalge\n|-damage|p1a: Dragalge|182/258\n|move|p1a: Dragalge|Toxic Spikes|p2a: Vikavolt\n|-sidestart|p2: igothighjumpkick|move: Toxic Spikes\n|\n|-heal|p1a: Dragalge|198/258|[from] item: Leftovers\n|upkeep\n|turn|12\n|\n|t:|1781391601\n|move|p2a: Vikavolt|Thunderbolt|p1a: Dragalge\n|-resisted|p1a: Dragalge\n|-damage|p1a: Dragalge|147/258\n|move|p1a: Dragalge|Toxic Spikes|p2a: Vikavolt\n|-sidestart|p2: igothighjumpkick|move: Toxic Spikes\n|\n|-heal|p1a: Dragalge|163/258|[from] item: Leftovers\n|upkeep\n|turn|13\n|\n|t:|1781391605\n|move|p2a: Vikavolt|Thunderbolt|p1a: Dragalge\n|-resisted|p1a: Dragalge\n|-damage|p1a: Dragalge|118/258\n|move|p1a: Dragalge|Sludge Wave|p2a: Vikavolt\n|-crit|p2a: Vikavolt\n|-damage|p2a: Vikavolt|0 fnt\n|faint|p2a: Vikavolt\n|\n|-heal|p1a: Dragalge|134/258|[from] item: Leftovers\n|upkeep\n|\n|t:|1781391608\n|switch|p2a: Cinccino|Cinccino, L83, F|260/260\n|-status|p2a: Cinccino|tox\n|turn|14\n|\n|t:|1781391614\n|move|p2a: Cinccino|Triple Axel|p1a: Dragalge\n|-supereffective|p1a: Dragalge\n|-damage|p1a: Dragalge|92/258\n|-supereffective|p1a: Dragalge\n|-damage|p1a: Dragalge|10/258\n|-supereffective|p1a: Dragalge\n|-damage|p1a: Dragalge|0 fnt\n|faint|p1a: Dragalge\n|-hitcount|p1: Dragalge|3\n|\n|-damage|p2a: Cinccino|244/260 tox|[from] psn\n|upkeep\n|\n|t:|1781391618\n|switch|p1a: Infernape|Infernape, L82, M|259/259\n|-activate|p1a: Infernape|move: Sticky Web\n|-unboost|p1a: Infernape|spe|1\n|turn|15\n|\n|t:|1781391622\n|move|p2a: Cinccino|Tail Slap|p1a: Infernape\n|-damage|p1a: Infernape|216/259\n|-damage|p1a: Infernape|168/259\n|-damage|p1a: Infernape|122/259\n|-damage|p1a: Infernape|77/259\n|-hitcount|p1a: Infernape|4\n|move|p1a: Infernape|Close Combat|p2a: Cinccino\n|-supereffective|p2a: Cinccino\n|-damage|p2a: Cinccino|0 fnt\n|-unboost|p1a: Infernape|def|1\n|-unboost|p1a: Infernape|spd|1\n|faint|p2a: Cinccino\n|\n|upkeep\n|\n|t:|1781391630\n|switch|p2a: Thundurus|Thundurus, L80, M|258/258\n|turn|16\n|\n|t:|1781391633\n|move|p2a: Thundurus|Thunderbolt|p1a: Infernape\n|-damage|p1a: Infernape|0 fnt\n|faint|p1a: Infernape\n|\n|upkeep\n|\n|t:|1781391640\n|switch|p1a: Raikou|Raikou, L81|278/278\n|-activate|p1a: Raikou|move: Sticky Web\n|-unboost|p1a: Raikou|spe|1\n|-ability|p1a: Raikou|Pressure\n|turn|17\n|\n|t:|1781391643\n|move|p2a: Thundurus|Nasty Plot|p2a: Thundurus\n|-boost|p2a: Thundurus|spa|2\n|move|p1a: Raikou|Calm Mind|p1a: Raikou\n|-boost|p1a: Raikou|spa|1\n|-boost|p1a: Raikou|spd|1\n|\n|upkeep\n|turn|18\n|\n|t:|1781391646\n|move|p2a: Thundurus|Nasty Plot|p2a: Thundurus\n|-boost|p2a: Thundurus|spa|2\n|move|p1a: Raikou|Calm Mind|p1a: Raikou\n|-boost|p1a: Raikou|spa|1\n|-boost|p1a: Raikou|spd|1\n|\n|upkeep\n|turn|19\n|\n|t:|1781391649\n|move|p2a: Thundurus|Focus Blast|p1a: Raikou\n|-damage|p1a: Raikou|137/278\n|move|p1a: Raikou|Calm Mind|p1a: Raikou\n|-boost|p1a: Raikou|spa|1\n|-boost|p1a: Raikou|spd|1\n|\n|-heal|p1a: Raikou|154/278|[from] item: Leftovers\n|upkeep\n|turn|20\n|\n|t:|1781391654\n|move|p2a: Thundurus|Nasty Plot|p2a: Thundurus\n|-boost|p2a: Thundurus|spa|2\n|move|p1a: Raikou|Scald|p2a: Thundurus\n|-damage|p2a: Thundurus|86/258\n|\n|-heal|p1a: Raikou|171/278|[from] item: Leftovers\n|upkeep\n|turn|21\n|\n|t:|1781391662\n|move|p2a: Thundurus|Focus Blast|p1a: Raikou\n|-crit|p1a: Raikou\n|-damage|p1a: Raikou|0 fnt\n|faint|p1a: Raikou\n|\n|upkeep\n|\n|t:|1781391663\n|switch|p1a: Latias|Latias, L79, F|187/256\n|turn|22\n|\n|t:|1781391670\n|move|p2a: Thundurus|Thunderbolt|p1a: Latias\n|-resisted|p1a: Latias\n|-damage|p1a: Latias|13/256\n|move|p1a: Latias|Psyshock|p2a: Thundurus\n|-damage|p2a: Thundurus|0 fnt\n|faint|p2a: Thundurus\n|\n|upkeep\n|\n|t:|1781391677\n|switch|p2a: Terrakion|Terrakion, L79|273/273\n|-status|p2a: Terrakion|tox\n|turn|23\n|\n|t:|1781391679\n|move|p1a: Latias|Recover|p1a: Latias\n|-heal|p1a: Latias|141/256\n|move|p2a: Terrakion|Close Combat|p1a: Latias\n|-resisted|p1a: Latias\n|-damage|p1a: Latias|53/256\n|-unboost|p2a: Terrakion|def|1\n|-unboost|p2a: Terrakion|spd|1\n|-damage|p2a: Terrakion|246/273 tox|[from] item: Life Orb\n|\n|-damage|p2a: Terrakion|229/273 tox|[from] psn\n|upkeep\n|turn|24\n|\n|t:|1781391685\n|move|p1a: Latias|Psyshock|p2a: Terrakion\n|-supereffective|p2a: Terrakion\n|-damage|p2a: Terrakion|0 fnt\n|faint|p2a: Terrakion\n|\n|upkeep\n|\n|t:|1781391687\n|switch|p2a: Stonjourner|Stonjourner, L91, M|330/330\n|-status|p2a: Stonjourner|tox\n|turn|25\n|\n|t:|1781391690\n|move|p1a: Latias|Recover|p1a: Latias\n|-heal|p1a: Latias|181/256\n|move|p2a: Stonjourner|Rock Polish|p2a: Stonjourner\n|-boost|p2a: Stonjourner|spe|2\n|\n|-damage|p2a: Stonjourner|310/330 tox|[from] psn\n|upkeep\n|turn|26\n|\n|t:|1781391693\n|-terastallize|p1a: Latias|Steel\n|move|p2a: Stonjourner|Stone Edge|p1a: Latias\n|-resisted|p1a: Latias\n|-damage|p1a: Latias|77/256\n|-damage|p2a: Stonjourner|277/330 tox|[from] item: Life Orb\n|move|p1a: Latias|Draco Meteor|p2a: Stonjourner\n|-damage|p2a: Stonjourner|0 fnt\n|-unboost|p1a: Latias|spa|2\n|faint|p2a: Stonjourner\n|\n|win|endallbeallball\n", "uploadtime": 1781391508, "views": 3, "formatid": "gen9randombattle", "rating": null, "private": 0, "password": null}