{"id": "gen9randombattle-2631439145", "format": "[Gen 9] Random Battle", "players": ["ujojds", "Manumed"], "log": "|j|\u2606ujojds\n|j|\u2606Manumed\n|t:|1781384788\n|gametype|singles\n|player|p1|ujojds|clair|1969\n|player|p2|Manumed|gambler|1991\n|gen|9\n|tier|[Gen 9] Random Battle\n|rated|\n|rule|Species Clause: Limit one of each Pok\u00e9mon\n|rule|HP Percentage Mod: HP is shown in percentages\n|rule|Sleep Clause Mod: Limit one foe put to sleep\n|rule|Illusion Level Mod: Illusion disguises the Pok\u00e9mon's true level\n|\n|t:|1781384788\n|teamsize|p1|6\n|teamsize|p2|6\n|start\n|switch|p1a: Latias|Latias, L79, F|235/235\n|switch|p2a: Alcremie|Alcremie-Rainbow-Swirl, L90, F|263/263\n|turn|1\n|inactive|Battle timer is ON: inactive players will automatically lose when time's up. (requested by ujojds)\n|\n|t:|1781384811\n|switch|p1a: Snorlax|Snorlax, L82, M|397/397\n|move|p2a: Alcremie|Calm Mind|p2a: Alcremie\n|-boost|p2a: Alcremie|spa|1\n|-boost|p2a: Alcremie|spd|1\n|\n|upkeep\n|turn|2\n|\n|t:|1781384821\n|move|p2a: Alcremie|Alluring Voice|p1a: Snorlax\n|-damage|p1a: Snorlax|265/397\n|move|p1a: Snorlax|Body Slam|p2a: Alcremie\n|-damage|p2a: Alcremie|164/263\n|\n|-heal|p2a: Alcremie|180/263|[from] item: Leftovers\n|-heal|p1a: Snorlax|289/397|[from] item: Leftovers\n|upkeep\n|turn|3\n|\n|t:|1781384830\n|switch|p2a: Hariyama|Hariyama, L87, F|392/392\n|move|p1a: Snorlax|Body Slam|p2a: Hariyama\n|-damage|p2a: Hariyama|275/392\n|-status|p2a: Hariyama|par\n|\n|-heal|p1a: Snorlax|313/397|[from] item: Leftovers\n|upkeep\n|turn|4\n|\n|t:|1781384838\n|switch|p1a: Meganium|Meganium, L90, F|290/290\n|move|p2a: Hariyama|Knock Off|p1a: Meganium\n|-damage|p1a: Meganium|185/290\n|-enditem|p1a: Meganium|Leftovers|[from] move: Knock Off|[of] p2a: Hariyama\n|\n|upkeep\n|turn|5\n|\n|t:|1781384852\n|switch|p2a: Articuno|Articuno-Galar, L84|288/288\n|move|p1a: Meganium|Knock Off|p2a: Articuno\n|-supereffective|p2a: Articuno\n|-damage|p2a: Articuno|148/288\n|-enditem|p2a: Articuno|Heavy-Duty Boots|[from] move: Knock Off|[of] p1a: Meganium\n|\n|upkeep\n|turn|6\n|\n|t:|1781384861\n|switch|p1a: Snorlax|Snorlax, L82, M|313/397\n|move|p2a: Articuno|Calm Mind|p2a: Articuno\n|-boost|p2a: Articuno|spa|1\n|-boost|p2a: Articuno|spd|1\n|\n|-heal|p1a: Snorlax|337/397|[from] item: Leftovers\n|upkeep\n|turn|7\n|\n|t:|1781384871\n|switch|p2a: Hariyama|Hariyama, L87, F|275/392 par\n|move|p1a: Snorlax|Body Slam|p2a: Hariyama\n|-damage|p2a: Hariyama|155/392 par\n|\n|-heal|p1a: Snorlax|361/397|[from] item: Leftovers\n|upkeep\n|turn|8\n|\n|t:|1781384874\n|switch|p1a: Meganium|Meganium, L90, F|185/290\n|cant|p2a: Hariyama|par\n|\n|upkeep\n|turn|9\n|\n|t:|1781384882\n|move|p1a: Meganium|Synthesis|p1a: Meganium\n|-heal|p1a: Meganium|290/290\n|move|p2a: Hariyama|Facade|p1a: Meganium\n|-damage|p1a: Meganium|140/290\n|\n|upkeep\n|turn|10\n|\n|t:|1781384897\n|move|p1a: Meganium|Synthesis|p1a: Meganium\n|-heal|p1a: Meganium|285/290\n|move|p2a: Hariyama|Facade|p1a: Meganium\n|-crit|p1a: Meganium\n|-damage|p1a: Meganium|40/290\n|\n|upkeep\n|turn|11\n|\n|t:|1781384909\n|move|p1a: Meganium|Synthesis|p1a: Meganium\n|-heal|p1a: Meganium|185/290\n|move|p2a: Hariyama|Facade|p1a: Meganium\n|-damage|p1a: Meganium|28/290\n|\n|upkeep\n|turn|12\n|\n|t:|1781384917\n|move|p1a: Meganium|Synthesis|p1a: Meganium\n|-heal|p1a: Meganium|173/290\n|cant|p2a: Hariyama|par\n|\n|upkeep\n|turn|13\n|\n|t:|1781384921\n|switch|p2a: Articuno|Articuno-Galar, L84|148/288\n|move|p1a: Meganium|Leech Seed|p2a: Articuno\n|-start|p2a: Articuno|move: Leech Seed\n|\n|-damage|p2a: Articuno|112/288|[from] Leech Seed|[of] p1a: Meganium\n|-heal|p1a: Meganium|209/290|[silent]\n|upkeep\n|turn|14\n|\n|t:|1781384935\n|switch|p2a: Meganium|Meganium, L90, F|290/290\n|move|p1a: Meganium|Knock Off|p2a: Meganium\n|-damage|p2a: Meganium|231/290\n|-enditem|p2a: Meganium|Leftovers|[from] move: Knock Off|[of] p1a: Meganium\n|\n|upkeep\n|turn|15\n|\n|t:|1781384948\n|switch|p1a: Koraidon|Koraidon, L64|235/235\n|-weather|SunnyDay|[from] ability: Orichalcum Pulse|[of] p1a: Koraidon\n|-activate|p1a: Koraidon|Orichalcum Pulse|[source]\n|move|p2a: Meganium|Knock Off|p1a: Koraidon\n|-resisted|p1a: Koraidon\n|-damage|p1a: Koraidon|200/235\n|-enditem|p1a: Koraidon|Choice Band|[from] move: Knock Off|[of] p2a: Meganium\n|\n|-weather|SunnyDay|[upkeep]\n|upkeep\n|turn|16\n|\n|t:|1781384960\n|switch|p2a: Hariyama|Hariyama, L87, F|155/392 par\n|move|p1a: Koraidon|U-turn|p2a: Hariyama\n|-resisted|p2a: Hariyama\n|-damage|p2a: Hariyama|120/392 par\n|\n|t:|1781384972\n|switch|p1a: Latias|Latias, L79, F|256/256|[from] U-turn\n|\n|-weather|SunnyDay|[upkeep]\n|upkeep\n|turn|17\n|\n|t:|1781384975\n|cant|p2a: Hariyama|par\n|move|p1a: Latias|Psyshock|p2a: Hariyama\n|-supereffective|p2a: Hariyama\n|-damage|p2a: Hariyama|0 fnt\n|faint|p2a: Hariyama\n|\n|-weather|SunnyDay|[upkeep]\n|upkeep\n|\n|t:|1781384981\n|switch|p2a: Alcremie|Alcremie-Rainbow-Swirl, L90, F|180/263\n|turn|18\n|\n|t:|1781384984\n|switch|p1a: Snorlax|Snorlax, L82, M|361/397\n|switch|p2a: Breloom|Breloom, L83, M|235/235\n|\n|-weather|SunnyDay|[upkeep]\n|-heal|p1a: Snorlax|385/397|[from] item: Leftovers\n|upkeep\n|turn|19\n|\n|t:|1781384990\n|switch|p1a: Meganium|Meganium, L90, F|209/290\n|move|p2a: Breloom|Spore|p1a: Meganium\n|-immune|p1a: Meganium\n|\n|-weather|none\n|upkeep\n|turn|20\n|\n|t:|1781384995\n|move|p1a: Meganium|Knock Off|p2a: Breloom\n|-resisted|p2a: Breloom\n|-damage|p2a: Breloom|200/235\n|-enditem|p2a: Breloom|Life Orb|[from] move: Knock Off|[of] p1a: Meganium\n|move|p2a: Breloom|Rock Tomb|p1a: Meganium\n|-damage|p1a: Meganium|138/290\n|-unboost|p1a: Meganium|spe|1\n|\n|upkeep\n|turn|21\n|\n|t:|1781385001\n|switch|p2a: Articuno|Articuno-Galar, L84|112/288\n|move|p1a: Meganium|Synthesis|p1a: Meganium\n|-heal|p1a: Meganium|283/290\n|\n|upkeep\n|turn|22\n|\n|t:|1781385005\n|switch|p2a: Breloom|Breloom, L83, M|200/235\n|switch|p1a: Snorlax|Snorlax, L82, M|385/397\n|\n|-heal|p1a: Snorlax|397/397|[from] item: Leftovers\n|upkeep\n|turn|23\n|\n|t:|1781385008\n|switch|p1a: Meganium|Meganium, L90, F|283/290\n|move|p2a: Breloom|Rock Tomb|p1a: Meganium\n|-damage|p1a: Meganium|218/290\n|-unboost|p1a: Meganium|spe|1\n|\n|upkeep\n|turn|24\n|\n|t:|1781385013\n|switch|p2a: Articuno|Articuno-Galar, L84|112/288\n|move|p1a: Meganium|Energy Ball|p2a: Articuno\n|-resisted|p2a: Articuno\n|-damage|p2a: Articuno|68/288\n|\n|upkeep\n|turn|25\n|\n|t:|1781385015\n|switch|p1a: Snorlax|Snorlax, L82, M|397/397\n|move|p2a: Articuno|Recover|p2a: Articuno\n|-heal|p2a: Articuno|212/288\n|\n|upkeep\n|turn|26\n|\n|t:|1781385019\n|move|p2a: Articuno|Freezing Glare|p1a: Snorlax\n|-damage|p1a: Snorlax|297/397\n|move|p1a: Snorlax|Body Slam|p2a: Articuno\n|-damage|p2a: Articuno|122/288\n|\n|-heal|p1a: Snorlax|321/397|[from] item: Leftovers\n|upkeep\n|turn|27\n|\n|t:|1781385021\n|move|p2a: Articuno|Freezing Glare|p1a: Snorlax\n|-damage|p1a: Snorlax|218/397\n|move|p1a: Snorlax|Body Slam|p2a: Articuno\n|-damage|p2a: Articuno|32/288\n|\n|-heal|p1a: Snorlax|242/397|[from] item: Leftovers\n|upkeep\n|turn|28\n|\n|t:|1781385023\n|move|p2a: Articuno|Freezing Glare|p1a: Snorlax\n|-damage|p1a: Snorlax|140/397\n|move|p1a: Snorlax|Body Slam|p2a: Articuno\n|-damage|p2a: Articuno|0 fnt\n|faint|p2a: Articuno\n|\n|-heal|p1a: Snorlax|164/397|[from] item: Leftovers\n|upkeep\n|\n|t:|1781385027\n|switch|p2a: Cloyster|Cloyster, L80, M|211/211\n|turn|29\n|\n|t:|1781385041\n|move|p2a: Cloyster|Shell Smash|p2a: Cloyster\n|-unboost|p2a: Cloyster|def|1\n|-unboost|p2a: Cloyster|spd|1\n|-boost|p2a: Cloyster|atk|2\n|-boost|p2a: Cloyster|spa|2\n|-boost|p2a: Cloyster|spe|2\n|-enditem|p2a: Cloyster|White Herb\n|-clearnegativeboost|p2a: Cloyster|[silent]\n|move|p1a: Snorlax|Body Slam|p2a: Cloyster\n|-damage|p2a: Cloyster|160/211\n|-status|p2a: Cloyster|par\n|\n|-heal|p1a: Snorlax|188/397|[from] item: Leftovers\n|upkeep\n|turn|30\n|\n|t:|1781385048\n|move|p2a: Cloyster|Shell Smash|p2a: Cloyster\n|-unboost|p2a: Cloyster|def|1\n|-unboost|p2a: Cloyster|spd|1\n|-boost|p2a: Cloyster|atk|2\n|-boost|p2a: Cloyster|spa|2\n|-boost|p2a: Cloyster|spe|2\n|move|p1a: Snorlax|Curse|p1a: Snorlax\n|-unboost|p1a: Snorlax|spe|1\n|-boost|p1a: Snorlax|atk|1\n|-boost|p1a: Snorlax|def|1\n|\n|-heal|p1a: Snorlax|212/397|[from] item: Leftovers\n|upkeep\n|turn|31\n|\n|t:|1781385053\n|-terastallize|p2a: Cloyster|Rock\n|move|p2a: Cloyster|Rock Blast|p1a: Snorlax\n|-damage|p1a: Snorlax|154/397\n|-damage|p1a: Snorlax|88/397\n|-damage|p1a: Snorlax|31/397\n|-damage|p1a: Snorlax|0 fnt\n|faint|p1a: Snorlax\n|-hitcount|p1: Snorlax|4\n|\n|upkeep\n|\n|t:|1781385061\n|switch|p1a: Lucario|Lucario, L84, F|255/255\n|turn|32\n|\n|t:|1781385065\n|move|p1a: Lucario|Vacuum Wave|p2a: Cloyster\n|-supereffective|p2a: Cloyster\n|-damage|p2a: Cloyster|0 fnt\n|faint|p2a: Cloyster\n|-damage|p1a: Lucario|230/255|[from] item: Life Orb\n|\n|upkeep\n|-message|Manumed forfeited.\n|\n|win|ujojds\n", "uploadtime": 1781384790, "views": 7, "formatid": "gen9randombattle", "rating": null, "private": 0, "password": null}