{"id": "gen9randombattle-2631947256", "format": "[Gen 9] Random Battle", "players": ["Astrokid11", "gangsta spongebob"], "log": "|j|\u2606Astrokid11\n|j|\u2606gangsta spongebob\n|t:|1781458723\n|gametype|singles\n|player|p1|Astrokid11|2|1965\n|player|p2|gangsta spongebob|101|1998\n|gen|9\n|tier|[Gen 9] Random Battle\n|rated|\n|rule|Species Clause: Limit one of each Pok\u00e9mon\n|rule|HP Percentage Mod: HP is shown in percentages\n|rule|Sleep Clause Mod: Limit one foe put to sleep\n|rule|Illusion Level Mod: Illusion disguises the Pok\u00e9mon's true level\n|\n|t:|1781458723\n|teamsize|p1|6\n|teamsize|p2|6\n|start\n|switch|p1a: Frosmoth|Frosmoth, L82, F|249/249\n|switch|p2a: Dudunsparce|Dudunsparce, L83, M|343/343\n|turn|1\n|c|\u2606gangsta spongebob|gl hf\n|\n|t:|1781458734\n|switch|p1a: Brambleghast|Brambleghast, L88, F|240/240\n|move|p2a: Dudunsparce|Glare|p1a: Brambleghast\n|-status|p1a: Brambleghast|par\n|\n|upkeep\n|turn|2\n|inactive|Battle timer is ON: inactive players will automatically lose when time's up. (requested by Astrokid11)\n|\n|t:|1781458738\n|switch|p2a: Weavile|Weavile, L79, F|240/240\n|move|p1a: Brambleghast|Spikes|p2a: Weavile\n|-sidestart|p2: gangsta spongebob|Spikes\n|\n|upkeep\n|turn|3\n|\n|t:|1781458748\n|switch|p1a: Weavile|Weavile, L79, M|240/240\n|move|p2a: Weavile|Swords Dance|p2a: Weavile\n|-boost|p2a: Weavile|atk|2\n|\n|upkeep\n|turn|4\n|inactive|gangsta spongebob has 120 seconds left.\n|\n|t:|1781458779\n|move|p1a: Weavile|Low Kick|p2a: Weavile\n|-supereffective|p2a: Weavile\n|-damage|p2a: Weavile|16/240\n|move|p2a: Weavile|Low Kick|p1a: Weavile\n|-supereffective|p1a: Weavile\n|-damage|p1a: Weavile|0 fnt\n|faint|p1a: Weavile\n|\n|upkeep\n|\n|t:|1781458806\n|switch|p1a: Eternatus|Eternatus, L69|308/308\n|-ability|p1a: Eternatus|Pressure\n|turn|5\n|\n|t:|1781458812\n|-terastallize|p1a: Eternatus|Water\n|move|p2a: Weavile|Knock Off|p1a: Eternatus\n|-damage|p1a: Eternatus|52/308\n|-enditem|p1a: Eternatus|Leftovers|[from] move: Knock Off|[of] p2a: Weavile\n|move|p1a: Eternatus|Flamethrower|p2a: Weavile\n|-supereffective|p2a: Weavile\n|-damage|p2a: Weavile|0 fnt\n|faint|p2a: Weavile\n|\n|upkeep\n|\n|t:|1781458820\n|switch|p2a: Toxtricity|Toxtricity, L82, F|257/257\n|-damage|p2a: Toxtricity|225/257|[from] Spikes\n|turn|6\n|\n|t:|1781458832\n|move|p1a: Eternatus|Dynamax Cannon|p2a: Toxtricity\n|-damage|p2a: Toxtricity|101/257\n|move|p2a: Toxtricity|Shift Gear|p2a: Toxtricity\n|-boost|p2a: Toxtricity|spe|2\n|-boost|p2a: Toxtricity|atk|1\n|\n|upkeep\n|turn|7\n|\n|t:|1781458848\n|move|p2a: Toxtricity|Overdrive|p1a: Eternatus\n|-supereffective|p1a: Eternatus\n|-damage|p1a: Eternatus|0 fnt\n|faint|p1a: Eternatus\n|-enditem|p2a: Toxtricity|Throat Spray\n|-boost|p2a: Toxtricity|spa|1|[from] item: Throat Spray\n|\n|upkeep\n|\n|t:|1781458852\n|switch|p1a: Frosmoth|Frosmoth, L82, F|249/249\n|turn|8\n|\n|t:|1781458856\n|move|p2a: Toxtricity|Gunk Shot|p1a: Frosmoth|[miss]\n|-miss|p2a: Toxtricity|p1a: Frosmoth\n|move|p1a: Frosmoth|Ice Beam|p2a: Toxtricity\n|-damage|p2a: Toxtricity|0 fnt\n|faint|p2a: Toxtricity\n|\n|upkeep\n|\n|t:|1781458860\n|switch|p2a: Hitmonchan|Hitmonchan, L87, M|229/229\n|-damage|p2a: Hitmonchan|201/229|[from] Spikes\n|turn|9\n|\n|t:|1781458868\n|switch|p1a: Brambleghast|Brambleghast, L88, F|240/240 par\n|move|p2a: Hitmonchan|Swords Dance|p2a: Hitmonchan\n|-boost|p2a: Hitmonchan|atk|2\n|\n|upkeep\n|turn|10\n|\n|t:|1781458874\n|move|p2a: Hitmonchan|Knock Off|p1a: Brambleghast\n|-supereffective|p1a: Brambleghast\n|-damage|p1a: Brambleghast|0 fnt\n|-enditem|p1a: Brambleghast|Leftovers|[from] move: Knock Off|[of] p2a: Hitmonchan\n|faint|p1a: Brambleghast\n|-damage|p2a: Hitmonchan|179/229|[from] item: Life Orb\n|\n|upkeep\n|\n|t:|1781458876\n|switch|p1a: Slowking|Slowking-Galar, L85, M|300/300\n|turn|11\n|\n|t:|1781458881\n|move|p2a: Hitmonchan|Knock Off|p1a: Slowking\n|-supereffective|p1a: Slowking\n|-damage|p1a: Slowking|0 fnt\n|-enditem|p1a: Slowking|Assault Vest|[from] move: Knock Off|[of] p2a: Hitmonchan\n|faint|p1a: Slowking\n|-damage|p2a: Hitmonchan|157/229|[from] item: Life Orb\n|\n|upkeep\n|\n|t:|1781458893\n|switch|p1a: Zekrom|Zekrom, L71|259/259\n|-ability|p1a: Zekrom|Teravolt\n|turn|12\n|\n|t:|1781458900\n|move|p2a: Hitmonchan|Ice Punch|p1a: Zekrom\n|-supereffective|p1a: Zekrom\n|-damage|p1a: Zekrom|0 fnt\n|faint|p1a: Zekrom\n|-damage|p2a: Hitmonchan|135/229|[from] item: Life Orb\n|\n|upkeep\n|c|\u2606gangsta spongebob|gg\n|\n|t:|1781458918\n|switch|p1a: Frosmoth|Frosmoth, L82, F|249/249\n|turn|13\n|\n|t:|1781458924\n|move|p2a: Hitmonchan|Drain Punch|p1a: Frosmoth\n|-damage|p1a: Frosmoth|0 fnt\n|-heal|p2a: Hitmonchan|229/229|[from] drain|[of] p1a: Frosmoth\n|faint|p1a: Frosmoth\n|-damage|p2a: Hitmonchan|207/229|[from] item: Life Orb\n|\n|win|gangsta spongebob\n", "uploadtime": 1781458725, "views": 6, "formatid": "gen9randombattle", "rating": null, "private": 0, "password": null}