{"id": "gen9randombattle-2631516348", "format": "[Gen 9] Random Battle", "players": ["boxhero147", "Node"], "log": "|j|\u2606boxhero147\n|j|\u2606Node\n|t:|1781395269\n|gametype|singles\n|player|p1|boxhero147|169|2101\n|player|p2|Node|#rbtt9phantoms2|2219\n|gen|9\n|tier|[Gen 9] Random Battle\n|rated|\n|rule|Species Clause: Limit one of each Pok\u00e9mon\n|rule|HP Percentage Mod: HP is shown in percentages\n|rule|Sleep Clause Mod: Limit one foe put to sleep\n|rule|Illusion Level Mod: Illusion disguises the Pok\u00e9mon's true level\n|\n|t:|1781395269\n|teamsize|p1|6\n|teamsize|p2|6\n|start\n|switch|p1a: Squawkabilly|Squawkabilly-Blue, L85, M|278/278\n|switch|p2a: Delphox|Delphox, L84, F|263/263\n|turn|1\n|j| rufoush\n|\n|t:|1781395298\n|move|p1a: Squawkabilly|Protect|p1a: Squawkabilly\n|-singleturn|p1a: Squawkabilly|Protect\n|move|p2a: Delphox|Psyshock|p1a: Squawkabilly\n|-activate|p1a: Squawkabilly|move: Protect\n|\n|-status|p1a: Squawkabilly|brn|[from] item: Flame Orb\n|upkeep\n|turn|2\n|\n|t:|1781395313\n|switch|p2a: Copperajah|Copperajah, L86, M|350/350\n|move|p1a: Squawkabilly|Facade|p2a: Copperajah\n|-resisted|p2a: Copperajah\n|-damage|p2a: Copperajah|214/350\n|\n|-damage|p1a: Squawkabilly|261/278 brn|[from] brn\n|upkeep\n|turn|3\n|\n|t:|1781395320\n|switch|p1a: Donphan|Donphan, L84, F|288/288\n|move|p2a: Copperajah|Heavy Slam|p1a: Donphan\n|-damage|p1a: Donphan|92/288\n|\n|upkeep\n|turn|4\n|\n|t:|1781395333\n|switch|p2a: Serperior|Serperior, L79, M|248/248\n|move|p1a: Donphan|Earthquake|p2a: Serperior\n|-resisted|p2a: Serperior\n|-damage|p2a: Serperior|182/248\n|\n|upkeep\n|turn|5\n|\n|t:|1781395348\n|move|p1a: Donphan|Ice Shard|p2a: Serperior\n|-supereffective|p2a: Serperior\n|-damage|p2a: Serperior|120/248\n|move|p2a: Serperior|Leaf Storm|p1a: Donphan\n|-supereffective|p1a: Donphan\n|-damage|p1a: Donphan|0 fnt\n|-boost|p2a: Serperior|spa|2\n|faint|p1a: Donphan\n|-damage|p2a: Serperior|96/248|[from] item: Life Orb\n|\n|upkeep\n|\n|t:|1781395357\n|switch|p1a: Avalugg|Avalugg-Hisui, L90, M|317/317\n|turn|6\n|\n|t:|1781395361\n|move|p2a: Serperior|Leaf Storm|p1a: Avalugg\n|-supereffective|p1a: Avalugg\n|-ability|p1a: Avalugg|Sturdy\n|-damage|p1a: Avalugg|1/317\n|-boost|p2a: Serperior|spa|2\n|-damage|p2a: Serperior|72/248|[from] item: Life Orb\n|move|p1a: Avalugg|Avalanche|p2a: Serperior\n|-supereffective|p2a: Serperior\n|-damage|p2a: Serperior|0 fnt\n|faint|p2a: Serperior\n|\n|upkeep\n|\n|t:|1781395369\n|switch|p2a: Luxray|Luxray, L88, F|283/283\n|turn|7\n|\n|t:|1781395371\n|move|p2a: Luxray|Trailblaze|p1a: Avalugg\n|-supereffective|p1a: Avalugg\n|-damage|p1a: Avalugg|0 fnt\n|-boost|p2a: Luxray|spe|1\n|faint|p1a: Avalugg\n|\n|-status|p2a: Luxray|brn|[from] item: Flame Orb\n|upkeep\n|\n|t:|1781395375\n|switch|p1a: Hydrapple|Hydrapple, L83, M|312/312\n|turn|8\n|\n|t:|1781395385\n|move|p2a: Luxray|Facade|p1a: Hydrapple\n|-damage|p1a: Hydrapple|138/312\n|move|p1a: Hydrapple|Earth Power|p2a: Luxray\n|-supereffective|p2a: Luxray\n|-damage|p2a: Luxray|137/283 brn\n|-unboost|p2a: Luxray|spd|1\n|\n|-damage|p2a: Luxray|120/283 brn|[from] brn\n|upkeep\n|turn|9\n|\n|t:|1781395399\n|switch|p1a: Oranguru|Oranguru, L92, F|315/315\n|move|p2a: Luxray|Facade|p1a: Oranguru\n|-damage|p1a: Oranguru|132/315\n|\n|-damage|p2a: Luxray|103/283 brn|[from] brn\n|upkeep\n|turn|10\n|\n|t:|1781395403\n|move|p2a: Luxray|Facade|p1a: Oranguru\n|-damage|p1a: Oranguru|0 fnt\n|faint|p1a: Oranguru\n|\n|-damage|p2a: Luxray|86/283 brn|[from] brn\n|upkeep\n|\n|t:|1781395407\n|switch|p1a: Hydrapple|Hydrapple, L83, M|242/312\n|turn|11\n|\n|t:|1781395422\n|-terastallize|p2a: Luxray|Normal\n|move|p2a: Luxray|Facade|p1a: Hydrapple\n|-damage|p1a: Hydrapple|0 fnt\n|faint|p1a: Hydrapple\n|\n|-damage|p2a: Luxray|69/283 brn|[from] brn\n|upkeep\n|\n|t:|1781395428\n|switch|p1a: Squawkabilly|Squawkabilly-Blue, L85, M|261/278 brn\n|turn|12\n|\n|t:|1781395431\n|switch|p2a: Copperajah|Copperajah, L86, M|214/350\n|-terastallize|p1a: Squawkabilly|Normal\n|move|p1a: Squawkabilly|Quick Attack|p2a: Copperajah\n|-resisted|p2a: Copperajah\n|-crit|p2a: Copperajah\n|-damage|p2a: Copperajah|137/350\n|\n|-damage|p1a: Squawkabilly|244/278 brn|[from] brn\n|upkeep\n|turn|13\n|\n|t:|1781395437\n|move|p1a: Squawkabilly|Facade|p2a: Copperajah\n|-resisted|p2a: Copperajah\n|-damage|p2a: Copperajah|0 fnt\n|faint|p2a: Copperajah\n|\n|-damage|p1a: Squawkabilly|227/278 brn|[from] brn\n|upkeep\n|\n|t:|1781395445\n|switch|p2a: Dunsparce|Dunsparce, L86, M|312/312\n|turn|14\n|\n|t:|1781395450\n|move|p1a: Squawkabilly|Facade|p2a: Dunsparce\n|-damage|p2a: Dunsparce|84/312\n|move|p2a: Dunsparce|Body Slam|p1a: Squawkabilly\n|-damage|p1a: Squawkabilly|115/278 brn\n|\n|-damage|p1a: Squawkabilly|98/278 brn|[from] brn\n|upkeep\n|turn|15\n|\n|t:|1781395454\n|move|p1a: Squawkabilly|Facade|p2a: Dunsparce\n|-damage|p2a: Dunsparce|0 fnt\n|faint|p2a: Dunsparce\n|\n|-damage|p1a: Squawkabilly|81/278 brn|[from] brn\n|upkeep\n|\n|t:|1781395456\n|switch|p2a: Delphox|Delphox, L84, F|263/263\n|turn|16\n|\n|t:|1781395459\n|move|p1a: Squawkabilly|Quick Attack|p2a: Delphox\n|-damage|p2a: Delphox|165/263\n|move|p2a: Delphox|Psyshock|p1a: Squawkabilly\n|-damage|p1a: Squawkabilly|0 fnt\n|faint|p1a: Squawkabilly\n|\n|upkeep\n|\n|t:|1781395462\n|switch|p1a: Quaquaval|Quaquaval, L79, F|264/264\n|turn|17\n|\n|t:|1781395466\n|move|p2a: Delphox|Psyshock|p1a: Quaquaval\n|-supereffective|p1a: Quaquaval\n|-damage|p1a: Quaquaval|42/264\n|move|p1a: Quaquaval|Aqua Step|p2a: Delphox\n|-supereffective|p2a: Delphox\n|-damage|p2a: Delphox|0 fnt\n|-boost|p1a: Quaquaval|spe|1\n|faint|p2a: Delphox\n|-ability|p1a: Quaquaval|Moxie|boost\n|-boost|p1a: Quaquaval|atk|1\n|-damage|p1a: Quaquaval|16/264|[from] item: Life Orb\n|\n|upkeep\n|\n|t:|1781395470\n|switch|p2a: Torterra|Torterra, L78, F|276/276\n|turn|18\n|\n|t:|1781395473\n|move|p1a: Quaquaval|Triple Axel|p2a: Torterra\n|-supereffective|p2a: Torterra\n|-damage|p2a: Torterra|172/276\n|-supereffective|p2a: Torterra\n|-damage|p2a: Torterra|0 fnt\n|faint|p2a: Torterra\n|-ability|p1a: Quaquaval|Moxie|boost\n|-boost|p1a: Quaquaval|atk|1\n|-hitcount|p2: Torterra|2\n|-damage|p1a: Quaquaval|0 fnt|[from] item: Life Orb\n|faint|p1a: Quaquaval\n|\n|win|Node\n", "uploadtime": 1781395270, "views": 5, "formatid": "gen9randombattle", "rating": null, "private": 0, "password": null}