{"id": "gen9randombattle-2631515446", "format": "[Gen 9] Random Battle", "players": ["Hose7Tango", "jazenq"], "log": "|j|\u2606Hose7Tango\n|j|\u2606jazenq\n|t:|1781395133\n|gametype|singles\n|player|p1|Hose7Tango|hiker-gen4|2143\n|player|p2|jazenq|1|2076\n|gen|9\n|tier|[Gen 9] Random Battle\n|rated|\n|rule|Species Clause: Limit one of each Pok\u00e9mon\n|rule|HP Percentage Mod: HP is shown in percentages\n|rule|Sleep Clause Mod: Limit one foe put to sleep\n|rule|Illusion Level Mod: Illusion disguises the Pok\u00e9mon's true level\n|\n|t:|1781395133\n|teamsize|p1|6\n|teamsize|p2|6\n|start\n|switch|p1a: Mandibuzz|Mandibuzz, L85, F|326/326\n|switch|p2a: Sceptile|Sceptile, L87, F|264/264\n|turn|1\n|\n|t:|1781395142\n|switch|p2a: Iron Thorns|Iron Thorns, L83|302/302\n|-item|p2a: Iron Thorns|Air Balloon\n|move|p1a: Mandibuzz|U-turn|p2a: Iron Thorns\n|-damage|p2a: Iron Thorns|272/302\n|-enditem|p2a: Iron Thorns|Air Balloon\n|inactive|Battle timer is ON: inactive players will automatically lose when time's up. (requested by jazenq)\n|\n|t:|1781395162\n|switch|p1a: Mimikyu|Mimikyu, L79, F|216/216|[from] U-turn\n|\n|upkeep\n|turn|2\n|inactive|jazenq has 120 seconds left.\n|\n|t:|1781395193\n|move|p1a: Mimikyu|Swords Dance|p1a: Mimikyu\n|-boost|p1a: Mimikyu|atk|2\n|move|p2a: Iron Thorns|Wild Charge|p1a: Mimikyu\n|-activate|p1a: Mimikyu|ability: Disguise\n|-damage|p1a: Mimikyu|216/216\n|detailschange|p1a: Mimikyu|Mimikyu-Busted, L79, F\n|-damage|p1a: Mimikyu|189/216|[from] pokemon: Mimikyu-Busted\n|\n|upkeep\n|turn|3\n|\n|t:|1781395202\n|move|p1a: Mimikyu|Drain Punch|p2a: Iron Thorns\n|-supereffective|p2a: Iron Thorns\n|-damage|p2a: Iron Thorns|59/302\n|-heal|p1a: Mimikyu|216/216|[from] drain|[of] p2a: Iron Thorns\n|-damage|p1a: Mimikyu|195/216|[from] item: Life Orb\n|move|p2a: Iron Thorns|Stone Edge|p1a: Mimikyu\n|-damage|p1a: Mimikyu|33/216\n|\n|upkeep\n|turn|4\n|\n|t:|1781395214\n|move|p1a: Mimikyu|Drain Punch|p2a: Iron Thorns\n|-supereffective|p2a: Iron Thorns\n|-crit|p2a: Iron Thorns\n|-damage|p2a: Iron Thorns|0 fnt\n|-heal|p1a: Mimikyu|63/216|[from] drain|[of] p2a: Iron Thorns\n|faint|p2a: Iron Thorns\n|-end|p2a: Iron Thorns|Quark Drive|[silent]\n|-damage|p1a: Mimikyu|42/216|[from] item: Life Orb\n|\n|upkeep\n|inactive|jazenq has 120 seconds left.\n|\n|t:|1781395228\n|switch|p2a: Ninetales|Ninetales, L85, M|263/263\n|-weather|SunnyDay|[from] ability: Drought|[of] p2a: Ninetales\n|turn|5\n|\n|t:|1781395238\n|switch|p1a: Cyclizar|Cyclizar, L83, F|252/252\n|move|p2a: Ninetales|Fire Blast|p1a: Cyclizar\n|-resisted|p1a: Cyclizar\n|-damage|p1a: Cyclizar|159/252\n|\n|-weather|SunnyDay|[upkeep]\n|upkeep\n|turn|6\n|\n|t:|1781395250\n|move|p1a: Cyclizar|Shed Tail|p1a: Cyclizar\n|-start|p1a: Cyclizar|Substitute|[from] move: Shed Tail\n|-damage|p1a: Cyclizar|33/252\n|\n|t:|1781395259\n|switch|p1a: Bellibolt|Bellibolt, L84, F|320/320|[from] Shed Tail\n|move|p2a: Ninetales|Fire Blast|p1a: Bellibolt\n|-end|p1a: Bellibolt|Substitute\n|\n|-weather|SunnyDay|[upkeep]\n|upkeep\n|turn|7\n|\n|t:|1781395267\n|move|p2a: Ninetales|Nasty Plot|p2a: Ninetales\n|-boost|p2a: Ninetales|spa|2\n|move|p1a: Bellibolt|Toxic|p2a: Ninetales\n|-status|p2a: Ninetales|tox\n|\n|-weather|SunnyDay|[upkeep]\n|-damage|p2a: Ninetales|247/263 tox|[from] psn\n|upkeep\n|turn|8\n|\n|t:|1781395279\n|move|p2a: Ninetales|Scorching Sands|p1a: Bellibolt\n|-supereffective|p1a: Bellibolt\n|-damage|p1a: Bellibolt|118/320\n|-start|p1a: Bellibolt|Charge|Scorching Sands|[from] ability: Electromorphosis\n|move|p1a: Bellibolt|Slack Off|p1a: Bellibolt\n|-heal|p1a: Bellibolt|278/320\n|\n|-weather|SunnyDay|[upkeep]\n|-heal|p1a: Bellibolt|298/320|[from] item: Leftovers\n|-damage|p2a: Ninetales|215/263 tox|[from] psn\n|upkeep\n|turn|9\n|\n|t:|1781395285\n|move|p2a: Ninetales|Fire Blast|p1a: Bellibolt\n|-damage|p1a: Bellibolt|0 fnt\n|faint|p1a: Bellibolt\n|\n|-weather|none\n|-damage|p2a: Ninetales|167/263 tox|[from] psn\n|upkeep\n|\n|t:|1781395298\n|switch|p1a: Mandibuzz|Mandibuzz, L85, F|326/326\n|turn|10\n|\n|t:|1781395306\n|move|p2a: Ninetales|Nasty Plot|p2a: Ninetales\n|-boost|p2a: Ninetales|spa|2\n|move|p1a: Mandibuzz|U-turn|p2a: Ninetales\n|-resisted|p2a: Ninetales\n|-damage|p2a: Ninetales|147/263 tox\n|\n|t:|1781395309\n|switch|p1a: Cyclizar|Cyclizar, L83, F|117/252|[from] U-turn\n|\n|-damage|p2a: Ninetales|83/263 tox|[from] psn\n|upkeep\n|turn|11\n|\n|t:|1781395313\n|move|p1a: Cyclizar|Draco Meteor|p2a: Ninetales\n|-damage|p2a: Ninetales|0 fnt\n|-unboost|p1a: Cyclizar|spa|2\n|faint|p2a: Ninetales\n|\n|upkeep\n|\n|t:|1781395325\n|switch|p2a: Sceptile|Sceptile, L87, F|264/264\n|turn|12\n|\n|t:|1781395331\n|switch|p1a: Mandibuzz|Mandibuzz, L85, F|326/326\n|move|p2a: Sceptile|Swords Dance|p2a: Sceptile\n|-boost|p2a: Sceptile|atk|2\n|\n|upkeep\n|turn|13\n|\n|t:|1781395336\n|-terastallize|p2a: Sceptile|Rock\n|move|p2a: Sceptile|Rock Slide|p1a: Mandibuzz\n|-supereffective|p1a: Mandibuzz\n|-damage|p1a: Mandibuzz|11/326\n|-damage|p2a: Sceptile|238/264|[from] item: Life Orb\n|move|p1a: Mandibuzz|Foul Play|p2a: Sceptile\n|-damage|p2a: Sceptile|3/264\n|\n|upkeep\n|turn|14\n|\n|t:|1781395346\n|move|p2a: Sceptile|Leaf Blade|p1a: Mandibuzz\n|-resisted|p1a: Mandibuzz\n|-damage|p1a: Mandibuzz|0 fnt\n|faint|p1a: Mandibuzz\n|-damage|p2a: Sceptile|0 fnt|[from] item: Life Orb\n|faint|p2a: Sceptile\n|\n|upkeep\n|\n|t:|1781395358\n|switch|p2a: Tropius|Tropius, L91, M|328/328\n|switch|p1a: Cyclizar|Cyclizar, L83, F|201/252\n|turn|15\n|\n|t:|1781395364\n|move|p1a: Cyclizar|Taunt|p2a: Tropius\n|-start|p2a: Tropius|move: Taunt\n|cant|p2a: Tropius|move: Taunt|Dragon Dance\n|\n|upkeep\n|turn|16\n|\n|t:|1781395371\n|move|p1a: Cyclizar|Shed Tail|p1a: Cyclizar\n|-start|p1a: Cyclizar|Substitute|[from] move: Shed Tail\n|-damage|p1a: Cyclizar|75/252\n|\n|t:|1781395377\n|switch|p1a: Fezandipiti|Fezandipiti, L82, M|278/278|[from] Shed Tail\n|move|p2a: Tropius|Dual Wingbeat|p1a: Fezandipiti\n|-activate|p1a: Fezandipiti|move: Substitute|[damage]\n|-end|p1a: Fezandipiti|Substitute\n|-hitcount|p1a: Fezandipiti|2\n|\n|upkeep\n|turn|17\n|\n|t:|1781395388\n|switch|p2a: Delphox|Delphox, L84, M|263/263\n|move|p1a: Fezandipiti|Beat Up|p2a: Delphox\n|-supereffective|p2a: Delphox\n|-damage|p2a: Delphox|241/263\n|-supereffective|p2a: Delphox\n|-damage|p2a: Delphox|215/263\n|-status|p2a: Delphox|tox|[from] ability: Toxic Chain|[of] p1a: Fezandipiti\n|-supereffective|p2a: Delphox\n|-damage|p2a: Delphox|191/263 tox\n|-supereffective|p2a: Delphox\n|-damage|p2a: Delphox|167/263 tox\n|-hitcount|p2a: Delphox|4\n|\n|-damage|p2a: Delphox|151/263 tox|[from] psn\n|upkeep\n|turn|18\n|\n|t:|1781395404\n|switch|p1a: Dialga|Dialga, L73|266/266\n|-ability|p1a: Dialga|Pressure\n|move|p2a: Delphox|Psyshock|p1a: Dialga\n|-resisted|p1a: Dialga\n|-damage|p1a: Dialga|224/266\n|\n|-damage|p2a: Delphox|119/263 tox|[from] psn\n|upkeep\n|turn|19\n|\n|t:|1781395420\n|move|p2a: Delphox|Nasty Plot|p2a: Delphox\n|-boost|p2a: Delphox|spa|2\n|move|p1a: Dialga|Dragon Tail|p2a: Delphox\n|-damage|p2a: Delphox|49/263 tox\n|drag|p2a: Tropius|Tropius, L91, M|328/328\n|\n|upkeep\n|turn|20\n|\n|t:|1781395426\n|move|p2a: Tropius|Earthquake|p1a: Dialga\n|-supereffective|p1a: Dialga\n|-damage|p1a: Dialga|104/266\n|move|p1a: Dialga|Dragon Tail|p2a: Tropius\n|-damage|p2a: Tropius|274/328\n|drag|p2a: Koraidon|Koraidon, L64|235/235\n|-weather|SunnyDay|[from] ability: Orichalcum Pulse|[of] p2a: Koraidon\n|-activate|p2a: Koraidon|Orichalcum Pulse|[source]\n|\n|-weather|SunnyDay|[upkeep]\n|upkeep\n|turn|21\n|\n|t:|1781395436\n|move|p2a: Koraidon|Collision Course|p1a: Dialga\n|-supereffective|p1a: Dialga\n|-damage|p1a: Dialga|0 fnt\n|faint|p1a: Dialga\n|\n|-weather|SunnyDay|[upkeep]\n|upkeep\n|\n|t:|1781395443\n|switch|p1a: Fezandipiti|Fezandipiti, L82, M|278/278\n|turn|22\n|\n|t:|1781395450\n|switch|p2a: Tropius|Tropius, L91, M|274/328\n|move|p1a: Fezandipiti|Moonblast|p2a: Tropius\n|-damage|p2a: Tropius|207/328\n|-unboost|p2a: Tropius|spa|1\n|\n|-weather|SunnyDay|[upkeep]\n|upkeep\n|turn|23\n|\n|t:|1781395456\n|move|p1a: Fezandipiti|Gunk Shot|p2a: Tropius\n|-supereffective|p2a: Tropius\n|-damage|p2a: Tropius|0 fnt\n|faint|p2a: Tropius\n|\n|-weather|SunnyDay|[upkeep]\n|upkeep\n|\n|t:|1781395461\n|switch|p2a: Delphox|Delphox, L84, M|49/263 tox\n|turn|24\n|\n|t:|1781395471\n|switch|p1a: Cyclizar|Cyclizar, L83, F|159/252\n|move|p2a: Delphox|Psyshock|p1a: Cyclizar\n|-damage|p1a: Cyclizar|39/252\n|\n|-weather|none\n|-damage|p2a: Delphox|33/263 tox|[from] psn\n|upkeep\n|turn|25\n|\n|t:|1781395480\n|move|p1a: Cyclizar|Knock Off|p2a: Delphox\n|-supereffective|p2a: Delphox\n|-damage|p2a: Delphox|0 fnt\n|-enditem|p2a: Delphox|Heavy-Duty Boots|[from] move: Knock Off|[of] p1a: Cyclizar\n|faint|p2a: Delphox\n|\n|upkeep\n|\n|t:|1781395482\n|switch|p2a: Koraidon|Koraidon, L64|235/235\n|-weather|SunnyDay|[from] ability: Orichalcum Pulse|[of] p2a: Koraidon\n|-activate|p2a: Koraidon|Orichalcum Pulse|[source]\n|turn|26\n|\n|t:|1781395489\n|move|p1a: Cyclizar|Draco Meteor|p2a: Koraidon\n|-supereffective|p2a: Koraidon\n|-damage|p2a: Koraidon|0 fnt\n|-unboost|p1a: Cyclizar|spa|2\n|faint|p2a: Koraidon\n|\n|win|Hose7Tango\n", "uploadtime": 1781395135, "views": 6, "formatid": "gen9randombattle", "rating": null, "private": 0, "password": null}