{"id": "gen9randombattle-2631459445", "format": "[Gen 9] Random Battle", "players": ["jthesnake123", "chive456"], "log": "|j|\u2606jthesnake123\n|j|\u2606chive456\n|t:|1781387297\n|gametype|singles\n|player|p1|jthesnake123|1|1620\n|player|p2|chive456|clair|1615\n|gen|9\n|tier|[Gen 9] Random Battle\n|rated|\n|rule|Species Clause: Limit one of each Pok\u00e9mon\n|rule|HP Percentage Mod: HP is shown in percentages\n|rule|Sleep Clause Mod: Limit one foe put to sleep\n|rule|Illusion Level Mod: Illusion disguises the Pok\u00e9mon's true level\n|\n|t:|1781387297\n|teamsize|p1|6\n|teamsize|p2|6\n|start\n|switch|p1a: Probopass|Probopass, L91, F|257/257\n|switch|p2a: Sawsbuck|Sawsbuck-Autumn, L88, M|284/284\n|turn|1\n|inactive|Battle timer is ON: inactive players will automatically lose when time's up. (requested by chive456)\n|\n|t:|1781387313\n|move|p2a: Sawsbuck|Swords Dance|p2a: Sawsbuck\n|-boost|p2a: Sawsbuck|atk|2\n|move|p1a: Probopass|Thunder Wave|p2a: Sawsbuck\n|-status|p2a: Sawsbuck|par\n|\n|upkeep\n|turn|2\n|\n|t:|1781387319\n|move|p1a: Probopass|Body Press|p2a: Sawsbuck\n|-supereffective|p2a: Sawsbuck\n|-damage|p2a: Sawsbuck|80/284 par\n|move|p2a: Sawsbuck|High Horsepower|p1a: Probopass\n|-supereffective|p1a: Probopass\n|-damage|p1a: Probopass|0 fnt\n|faint|p1a: Probopass\n|-damage|p2a: Sawsbuck|52/284 par|[from] item: Life Orb\n|\n|upkeep\n|\n|t:|1781387324\n|switch|p1a: Garchomp|Garchomp, L74, M|282/282\n|turn|3\n|\n|t:|1781387337\n|switch|p2a: Landorus|Landorus-Therian, L76, M|260/260\n|-ability|p2a: Landorus|Intimidate|boost\n|-unboost|p1a: Garchomp|atk|1\n|move|p1a: Garchomp|Swords Dance|p1a: Garchomp\n|-boost|p1a: Garchomp|atk|2\n|\n|upkeep\n|turn|4\n|\n|t:|1781387345\n|move|p1a: Garchomp|Scale Shot|p2a: Landorus\n|-damage|p2a: Landorus|215/260\n|-damage|p2a: Landorus|173/260\n|-damage|p2a: Landorus|131/260\n|-damage|p2a: Landorus|88/260\n|-damage|p2a: Landorus|45/260\n|-hitcount|p2a: Landorus|5\n|-unboost|p1a: Garchomp|def|1\n|-boost|p1a: Garchomp|spe|1\n|move|p2a: Landorus|Stealth Rock|p1a: Garchomp\n|-sidestart|p1: jthesnake123|move: Stealth Rock\n|\n|-heal|p2a: Landorus|61/260|[from] item: Leftovers\n|upkeep\n|turn|5\n|\n|t:|1781387356\n|switch|p2a: Sawsbuck|Sawsbuck-Autumn, L88, M|52/284 par\n|move|p1a: Garchomp|Scale Shot|p2a: Sawsbuck\n|-damage|p2a: Sawsbuck|10/284 par\n|-damage|p2a: Sawsbuck|0 fnt\n|faint|p2a: Sawsbuck\n|-hitcount|p2: Sawsbuck|2\n|-unboost|p1a: Garchomp|def|1\n|-boost|p1a: Garchomp|spe|1\n|\n|upkeep\n|\n|t:|1781387360\n|switch|p2a: Landorus|Landorus-Therian, L76, M|61/260\n|-ability|p2a: Landorus|Intimidate|boost\n|-unboost|p1a: Garchomp|atk|1\n|turn|6\n|\n|t:|1781387364\n|move|p1a: Garchomp|Scale Shot|p2a: Landorus\n|-damage|p2a: Landorus|31/260\n|-damage|p2a: Landorus|0 fnt\n|faint|p2a: Landorus\n|-hitcount|p2: Landorus|2\n|-unboost|p1a: Garchomp|def|1\n|-boost|p1a: Garchomp|spe|1\n|\n|upkeep\n|\n|t:|1781387375\n|switch|p2a: Sunflora|Sunflora, M|312/312\n|turn|7\n|\n|t:|1781387383\n|move|p1a: Garchomp|Fire Fang|p2a: Sunflora\n|-supereffective|p2a: Sunflora\n|-damage|p2a: Sunflora|202/312\n|move|p2a: Sunflora|Dazzling Gleam|p1a: Garchomp\n|-supereffective|p1a: Garchomp\n|-damage|p1a: Garchomp|0 fnt\n|faint|p1a: Garchomp\n|\n|upkeep\n|\n|t:|1781387389\n|switch|p1a: Kleavor|Kleavor, L78, M|237/237\n|turn|8\n|\n|t:|1781387399\n|switch|p2a: Iron Treads|Iron Treads, L77|265/265\n|move|p1a: Kleavor|X-Scissor|p2a: Iron Treads\n|-resisted|p2a: Iron Treads\n|-damage|p2a: Iron Treads|207/265\n|\n|upkeep\n|turn|9\n|\n|t:|1781387424\n|move|p2a: Iron Treads|Iron Head|p1a: Kleavor\n|-supereffective|p1a: Kleavor\n|-damage|p1a: Kleavor|69/237\n|cant|p1a: Kleavor|flinch\n|\n|upkeep\n|turn|10\n|\n|t:|1781387432\n|move|p2a: Iron Treads|Iron Head|p1a: Kleavor\n|-supereffective|p1a: Kleavor\n|-damage|p1a: Kleavor|0 fnt\n|faint|p1a: Kleavor\n|\n|upkeep\n|\n|t:|1781387435\n|switch|p1a: Arcanine|Arcanine, L84, F|288/288\n|-ability|p1a: Arcanine|Intimidate|boost\n|-unboost|p2a: Iron Treads|atk|1\n|turn|11\n|\n|t:|1781387440\n|-end|p2a: Iron Treads|Quark Drive|[silent]\n|switch|p2a: Overqwil|Overqwil, L82, F|274/274\n|-ability|p2a: Overqwil|Intimidate|boost\n|-unboost|p1a: Arcanine|atk|1\n|move|p1a: Arcanine|Flare Blitz|p2a: Overqwil\n|-damage|p2a: Overqwil|178/274\n|-damage|p1a: Arcanine|256/288|[from] Recoil\n|\n|upkeep\n|turn|12\n|\n|t:|1781387448\n|switch|p1a: Okidogi|Okidogi, L77, M|262/262\n|-damage|p1a: Okidogi|246/262|[from] Stealth Rock\n|move|p2a: Overqwil|Crunch|p1a: Okidogi\n|-resisted|p1a: Okidogi\n|-damage|p1a: Okidogi|185/262\n|\n|upkeep\n|turn|13\n|\n|t:|1781387459\n|switch|p2a: Iron Treads|Iron Treads, L77|207/265\n|move|p1a: Okidogi|Drain Punch|p2a: Iron Treads\n|-supereffective|p2a: Iron Treads\n|-damage|p2a: Iron Treads|73/265\n|-heal|p1a: Okidogi|252/262|[from] drain|[of] p2a: Iron Treads\n|\n|upkeep\n|turn|14\n|\n|t:|1781387472\n|switch|p1a: Arcanine|Arcanine, L84, F|256/288\n|-ability|p1a: Arcanine|Intimidate|boost\n|-unboost|p2a: Iron Treads|atk|1\n|move|p2a: Iron Treads|Earthquake|p1a: Arcanine\n|-supereffective|p1a: Arcanine\n|-damage|p1a: Arcanine|112/288\n|\n|upkeep\n|turn|15\n|\n|t:|1781387481\n|move|p1a: Arcanine|Flare Blitz|p2a: Iron Treads\n|-supereffective|p2a: Iron Treads\n|-damage|p2a: Iron Treads|0 fnt\n|faint|p2a: Iron Treads\n|-end|p2a: Iron Treads|Quark Drive|[silent]\n|-damage|p1a: Arcanine|88/288|[from] Recoil\n|\n|upkeep\n|\n|t:|1781387485\n|switch|p2a: Overqwil|Overqwil, L82, F|178/274\n|-ability|p2a: Overqwil|Intimidate|boost\n|-unboost|p1a: Arcanine|atk|1\n|turn|16\n|\n|t:|1781387496\n|switch|p1a: Okidogi|Okidogi, L77, M|252/262\n|-damage|p1a: Okidogi|236/262|[from] Stealth Rock\n|move|p2a: Overqwil|Liquidation|p1a: Okidogi\n|-damage|p1a: Okidogi|144/262\n|\n|upkeep\n|turn|17\n|\n|t:|1781387504\n|move|p2a: Overqwil|Liquidation|p1a: Okidogi\n|-damage|p1a: Okidogi|57/262\n|move|p1a: Okidogi|Drain Punch|p2a: Overqwil\n|-damage|p2a: Overqwil|102/274\n|-heal|p1a: Okidogi|95/262|[from] drain|[of] p2a: Overqwil\n|\n|upkeep\n|turn|18\n|\n|t:|1781387511\n|move|p2a: Overqwil|Liquidation|p1a: Okidogi\n|-damage|p1a: Okidogi|3/262\n|move|p1a: Okidogi|Drain Punch|p2a: Overqwil\n|-damage|p2a: Overqwil|23/274\n|-heal|p1a: Okidogi|43/262|[from] drain|[of] p2a: Overqwil\n|\n|upkeep\n|turn|19\n|\n|t:|1781387517\n|move|p2a: Overqwil|Liquidation|p1a: Okidogi\n|-damage|p1a: Okidogi|0 fnt\n|faint|p1a: Okidogi\n|\n|upkeep\n|\n|t:|1781387519\n|switch|p1a: Arcanine|Arcanine, L84, F|88/288\n|-ability|p1a: Arcanine|Intimidate|boost\n|-unboost|p2a: Overqwil|atk|1\n|turn|20\n|\n|t:|1781387524\n|switch|p2a: Armarouge|Armarouge, L80, M|267/267\n|move|p1a: Arcanine|Flare Blitz|p2a: Armarouge\n|-resisted|p2a: Armarouge\n|-damage|p2a: Armarouge|202/267\n|-ability|p2a: Armarouge|Weak Armor|boost\n|-unboost|p2a: Armarouge|def|1\n|-boost|p2a: Armarouge|spe|2\n|-damage|p1a: Arcanine|67/288|[from] Recoil\n|\n|upkeep\n|turn|21\n|\n|t:|1781387536\n|-terastallize|p1a: Arcanine|Normal\n|move|p1a: Arcanine|Extreme Speed|p2a: Armarouge\n|-damage|p2a: Armarouge|70/267\n|-ability|p2a: Armarouge|Weak Armor|boost\n|-unboost|p2a: Armarouge|def|1\n|-boost|p2a: Armarouge|spe|2\n|move|p2a: Armarouge|Psyshock|p1a: Arcanine\n|-damage|p1a: Arcanine|0 fnt\n|faint|p1a: Arcanine\n|\n|upkeep\n|\n|t:|1781387540\n|switch|p1a: Malamar|Malamar, L82, M|275/275\n|-damage|p1a: Malamar|241/275|[from] Stealth Rock\n|turn|22\n|\n|t:|1781387546\n|move|p2a: Armarouge|Armor Cannon|p1a: Malamar\n|-damage|p1a: Malamar|75/275\n|-unboost|p2a: Armarouge|def|1\n|-unboost|p2a: Armarouge|spd|1\n|move|p1a: Malamar|Superpower|p2a: Armarouge\n|-resisted|p2a: Armarouge\n|-damage|p2a: Armarouge|0 fnt\n|-boost|p1a: Malamar|atk|1\n|-boost|p1a: Malamar|def|1\n|faint|p2a: Armarouge\n|\n|upkeep\n|\n|t:|1781387553\n|switch|p2a: Overqwil|Overqwil, L82, F|23/274\n|-ability|p2a: Overqwil|Intimidate|boost\n|-boost|p1a: Malamar|atk|1\n|turn|23\n|\n|t:|1781387561\n|move|p2a: Overqwil|Crunch|p1a: Malamar\n|-damage|p1a: Malamar|0 fnt\n|faint|p1a: Malamar\n|\n|win|chive456\n|raw|jthesnake123's rating: 1620 &rarr; <strong>1600</strong><br />(-20 for losing)\n|raw|chive456's rating: 1615 &rarr; <strong>1635</strong><br />(+20 for winning)\n|l|\u2606jthesnake123\n|player|p1|\n", "uploadtime": 1781387565, "views": 5, "formatid": "gen9randombattle", "rating": 1600, "private": 0, "password": null}