{"id": "gen9randombattle-2631575069", "format": "[Gen 9] Random Battle", "players": ["Oginotakashi", "TheFineMantine"], "log": "|j|\u2606Oginotakashi\n|j|\u2606TheFineMantine\n|t:|1781403403\n|gametype|singles\n|player|p1|Oginotakashi|266|2151\n|player|p2|TheFineMantine|sordward|2239\n|gen|9\n|tier|[Gen 9] Random Battle\n|rated|\n|rule|Species Clause: Limit one of each Pok\u00e9mon\n|rule|HP Percentage Mod: HP is shown in percentages\n|rule|Sleep Clause Mod: Limit one foe put to sleep\n|rule|Illusion Level Mod: Illusion disguises the Pok\u00e9mon's true level\n|\n|t:|1781403403\n|teamsize|p1|6\n|teamsize|p2|6\n|start\n|switch|p1a: Smeargle|Smeargle, L95, F|258/258\n|switch|p2a: Ogerpon|Ogerpon, L80, F|259/259\n|turn|1\n|inactive|Battle timer is ON: inactive players will automatically lose when time's up. (requested by Oginotakashi)\n|\n|t:|1781403422\n|move|p2a: Ogerpon|Knock Off|p1a: Smeargle\n|-damage|p1a: Smeargle|99/258\n|-enditem|p1a: Smeargle|Focus Sash|[from] move: Knock Off|[of] p2a: Ogerpon\n|-damage|p2a: Ogerpon|234/259|[from] item: Life Orb\n|move|p1a: Smeargle|Sticky Web|p2a: Ogerpon\n|-sidestart|p2: TheFineMantine|move: Sticky Web\n|\n|upkeep\n|turn|2\n|\n|t:|1781403430\n|move|p2a: Ogerpon|Ivy Cudgel|p1a: Smeargle\n|-crit|p1a: Smeargle\n|-damage|p1a: Smeargle|0 fnt\n|faint|p1a: Smeargle\n|-damage|p2a: Ogerpon|209/259|[from] item: Life Orb\n|\n|upkeep\n|\n|t:|1781403440\n|switch|p1a: Grimmsnarl|Grimmsnarl, L83, M|293/293\n|turn|3\n|\n|t:|1781403449\n|move|p1a: Grimmsnarl|Thunder Wave|p2a: Ogerpon\n|-status|p2a: Ogerpon|par\n|move|p2a: Ogerpon|Ivy Cudgel|p1a: Grimmsnarl\n|-damage|p1a: Grimmsnarl|97/293\n|-damage|p2a: Ogerpon|184/259 par|[from] item: Life Orb\n|\n|-heal|p1a: Grimmsnarl|115/293|[from] item: Leftovers\n|upkeep\n|turn|4\n|\n|t:|1781403457\n|move|p1a: Grimmsnarl|Sucker Punch|p2a: Ogerpon\n|-damage|p2a: Ogerpon|97/259 par\n|move|p2a: Ogerpon|Ivy Cudgel|p1a: Grimmsnarl\n|-damage|p1a: Grimmsnarl|0 fnt\n|faint|p1a: Grimmsnarl\n|-damage|p2a: Ogerpon|72/259 par|[from] item: Life Orb\n|\n|upkeep\n|\n|t:|1781403461\n|switch|p1a: Electivire|Electivire, L84, M|263/263\n|turn|5\n|\n|t:|1781403474\n|move|p1a: Electivire|Knock Off|p2a: Ogerpon\n|-damage|p2a: Ogerpon|0 fnt\n|-enditem|p2a: Ogerpon|Life Orb|[from] move: Knock Off|[of] p1a: Electivire\n|faint|p2a: Ogerpon\n|-damage|p1a: Electivire|237/263|[from] item: Life Orb\n|\n|upkeep\n|\n|t:|1781403481\n|switch|p2a: Muk|Muk, L86, M|321/321\n|-activate|p2a: Muk|move: Sticky Web\n|-unboost|p2a: Muk|spe|1\n|turn|6\n|\n|t:|1781403486\n|move|p1a: Electivire|Earthquake|p2a: Muk\n|-supereffective|p2a: Muk\n|-damage|p2a: Muk|95/321\n|-damage|p1a: Electivire|211/263|[from] item: Life Orb\n|move|p2a: Muk|Poison Jab|p1a: Electivire\n|-damage|p1a: Electivire|103/263\n|-status|p1a: Electivire|psn|[from] ability: Poison Touch|[of] p2a: Muk\n|\n|-damage|p1a: Electivire|71/263 psn|[from] psn\n|upkeep\n|turn|7\n|\n|t:|1781403515\n|move|p1a: Electivire|Supercell Slam|p2a: Muk\n|-damage|p2a: Muk|0 fnt\n|faint|p2a: Muk\n|-damage|p1a: Electivire|45/263 psn|[from] item: Life Orb\n|\n|-damage|p1a: Electivire|13/263 psn|[from] psn\n|upkeep\n|\n|t:|1781403519\n|switch|p2a: Chesnaught|Chesnaught, L84, M|285/285\n|-activate|p2a: Chesnaught|move: Sticky Web\n|-unboost|p2a: Chesnaught|spe|1\n|turn|8\n|\n|t:|1781403526\n|move|p1a: Electivire|Knock Off|p2a: Chesnaught\n|-resisted|p2a: Chesnaught\n|-damage|p2a: Chesnaught|246/285\n|-enditem|p2a: Chesnaught|Leftovers|[from] move: Knock Off|[of] p1a: Electivire\n|-damage|p1a: Electivire|0 fnt|[from] item: Life Orb\n|faint|p1a: Electivire\n|move|p2a: Chesnaught|Iron Defense|p2a: Chesnaught\n|-boost|p2a: Chesnaught|def|2\n|\n|upkeep\n|\n|t:|1781403531\n|switch|p1a: Garganacl|Garganacl, L80, M|291/291\n|turn|9\n|\n|t:|1781403535\n|-terastallize|p1a: Garganacl|Dragon\n|move|p2a: Chesnaught|Body Press|p1a: Garganacl\n|-damage|p1a: Garganacl|131/291\n|move|p1a: Garganacl|Iron Defense|p1a: Garganacl\n|-boost|p1a: Garganacl|def|2\n|\n|-heal|p1a: Garganacl|149/291|[from] item: Leftovers\n|upkeep\n|turn|10\n|\n|t:|1781403548\n|move|p2a: Chesnaught|Iron Defense|p2a: Chesnaught\n|-boost|p2a: Chesnaught|def|2\n|move|p1a: Garganacl|Recover|p1a: Garganacl\n|-heal|p1a: Garganacl|291/291\n|\n|upkeep\n|turn|11\n|\n|t:|1781403551\n|move|p2a: Chesnaught|Iron Defense|p2a: Chesnaught\n|-boost|p2a: Chesnaught|def|2\n|move|p1a: Garganacl|Iron Defense|p1a: Garganacl\n|-boost|p1a: Garganacl|def|2\n|\n|upkeep\n|turn|12\n|\n|t:|1781403553\n|move|p2a: Chesnaught|Body Press|p1a: Garganacl\n|-damage|p1a: Garganacl|192/291\n|move|p1a: Garganacl|Iron Defense|p1a: Garganacl\n|-boost|p1a: Garganacl|def|2\n|\n|-heal|p1a: Garganacl|210/291|[from] item: Leftovers\n|upkeep\n|turn|13\n|\n|t:|1781403556\n|move|p2a: Chesnaught|Body Press|p1a: Garganacl\n|-damage|p1a: Garganacl|138/291\n|move|p1a: Garganacl|Salt Cure|p2a: Chesnaught\n|-resisted|p2a: Chesnaught\n|-damage|p2a: Chesnaught|242/285\n|-start|p2a: Chesnaught|Salt Cure\n|\n|-heal|p1a: Garganacl|156/291|[from] item: Leftovers\n|-damage|p2a: Chesnaught|207/285|[from] Salt Cure\n|upkeep\n|turn|14\n|\n|t:|1781403559\n|move|p2a: Chesnaught|Body Press|p1a: Garganacl\n|-damage|p1a: Garganacl|77/291\n|move|p1a: Garganacl|Recover|p1a: Garganacl\n|-heal|p1a: Garganacl|223/291\n|\n|-heal|p1a: Garganacl|241/291|[from] item: Leftovers\n|-damage|p2a: Chesnaught|172/285|[from] Salt Cure\n|upkeep\n|turn|15\n|\n|t:|1781403562\n|move|p2a: Chesnaught|Body Press|p1a: Garganacl\n|-damage|p1a: Garganacl|157/291\n|move|p1a: Garganacl|Body Press|p2a: Chesnaught\n|-damage|p2a: Chesnaught|120/285\n|\n|-heal|p1a: Garganacl|175/291|[from] item: Leftovers\n|-damage|p2a: Chesnaught|85/285|[from] Salt Cure\n|upkeep\n|turn|16\n|\n|t:|1781403565\n|move|p2a: Chesnaught|Body Press|p1a: Garganacl\n|-damage|p1a: Garganacl|100/291\n|move|p1a: Garganacl|Body Press|p2a: Chesnaught\n|-damage|p2a: Chesnaught|31/285\n|\n|-heal|p1a: Garganacl|118/291|[from] item: Leftovers\n|-damage|p2a: Chesnaught|0 fnt|[from] Salt Cure\n|faint|p2a: Chesnaught\n|upkeep\n|\n|t:|1781403567\n|switch|p2a: Raichu|Raichu, L88, M|249/249\n|-activate|p2a: Raichu|move: Sticky Web\n|-unboost|p2a: Raichu|spe|1\n|turn|17\n|\n|t:|1781403572\n|switch|p1a: Chansey|Chansey, L85, F|564/564\n|move|p2a: Raichu|Focus Blast|p1a: Chansey|[miss]\n|-miss|p2a: Raichu|p1a: Chansey\n|\n|upkeep\n|turn|18\n|\n|t:|1781403578\n|switch|p2a: Mabosstiff|Mabosstiff, L86, M|278/278\n|-activate|p2a: Mabosstiff|move: Sticky Web\n|-unboost|p2a: Mabosstiff|spe|1\n|move|p1a: Chansey|Seismic Toss|p2a: Mabosstiff\n|-damage|p2a: Mabosstiff|193/278\n|\n|upkeep\n|turn|19\n|\n|t:|1781403587\n|move|p2a: Mabosstiff|Crunch|p1a: Chansey\n|-damage|p1a: Chansey|302/564\n|move|p1a: Chansey|Seismic Toss|p2a: Mabosstiff\n|-damage|p2a: Mabosstiff|108/278\n|\n|upkeep\n|turn|20\n|\n|t:|1781403602\n|-terastallize|p2a: Mabosstiff|Dark\n|move|p2a: Mabosstiff|Crunch|p1a: Chansey\n|-damage|p1a: Chansey|0 fnt\n|faint|p1a: Chansey\n|\n|upkeep\n|\n|t:|1781403605\n|switch|p1a: Sandaconda|Sandaconda, L84, F|258/258\n|turn|21\n|\n|t:|1781403617\n|move|p2a: Mabosstiff|Crunch|p1a: Sandaconda\n|-damage|p1a: Sandaconda|150/258\n|move|p1a: Sandaconda|Scale Shot|p2a: Mabosstiff|[miss]\n|-miss|p1a: Sandaconda|p2a: Mabosstiff\n|\n|upkeep\n|turn|22\n|\n|t:|1781403621\n|move|p2a: Mabosstiff|Crunch|p1a: Sandaconda\n|-damage|p1a: Sandaconda|48/258\n|-unboost|p1a: Sandaconda|def|1\n|move|p1a: Sandaconda|Scale Shot|p2a: Mabosstiff\n|-damage|p2a: Mabosstiff|88/278\n|-crit|p2a: Mabosstiff\n|-damage|p2a: Mabosstiff|61/278\n|-damage|p2a: Mabosstiff|41/278\n|-damage|p2a: Mabosstiff|22/278\n|-hitcount|p2a: Mabosstiff|4\n|-unboost|p1a: Sandaconda|def|1\n|-boost|p1a: Sandaconda|spe|1\n|\n|upkeep\n|turn|23\n|\n|t:|1781403625\n|move|p1a: Sandaconda|Scale Shot|p2a: Mabosstiff\n|-damage|p2a: Mabosstiff|4/278\n|-crit|p2a: Mabosstiff\n|-damage|p2a: Mabosstiff|0 fnt\n|faint|p2a: Mabosstiff\n|-hitcount|p2: Mabosstiff|2\n|-unboost|p1a: Sandaconda|def|1\n|-boost|p1a: Sandaconda|spe|1\n|\n|upkeep\n|\n|t:|1781403630\n|switch|p2a: Blaziken|Blaziken, L76, F|247/247\n|-activate|p2a: Blaziken|move: Sticky Web\n|-unboost|p2a: Blaziken|spe|1\n|turn|24\n|\n|t:|1781403635\n|move|p1a: Sandaconda|Earthquake|p2a: Blaziken\n|-supereffective|p2a: Blaziken\n|-damage|p2a: Blaziken|0 fnt\n|faint|p2a: Blaziken\n|\n|upkeep\n|\n|t:|1781403637\n|switch|p2a: Raichu|Raichu, L88, M|249/249\n|-activate|p2a: Raichu|move: Sticky Web\n|-unboost|p2a: Raichu|spe|1\n|turn|25\n|-message|TheFineMantine forfeited.\n|\n|win|Oginotakashi\n", "uploadtime": 1781403405, "views": 3, "formatid": "gen9randombattle", "rating": null, "private": 0, "password": null}