{"id": "gen9randombattle-2631381250", "format": "[Gen 9] Random Battle", "players": ["SR-Cue", "canbetaught2"], "log": "|j|\u2606SR-Cue\n|j|\u2606canbetaught2\n|t:|1781377935\n|gametype|singles\n|player|p1|SR-Cue|266|1941\n|player|p2|canbetaught2|hilda|1925\n|gen|9\n|tier|[Gen 9] Random Battle\n|rated|\n|rule|Species Clause: Limit one of each Pok\u00e9mon\n|rule|HP Percentage Mod: HP is shown in percentages\n|rule|Sleep Clause Mod: Limit one foe put to sleep\n|rule|Illusion Level Mod: Illusion disguises the Pok\u00e9mon's true level\n|\n|t:|1781377935\n|teamsize|p1|6\n|teamsize|p2|6\n|start\n|switch|p1a: Meloetta|Meloetta, L82|298/298\n|switch|p2a: Cetitan|Cetitan, L82, M|413/413\n|turn|1\n|inactive|Battle timer is ON: inactive players will automatically lose when time's up. (requested by SR-Cue)\n|\n|t:|1781377953\n|switch|p2a: Slowbro|Slowbro, L85, F|300/300\n|move|p1a: Meloetta|Hyper Voice|p2a: Slowbro\n|-damage|p2a: Slowbro|224/300\n|\n|upkeep\n|turn|2\n|inactive|SR-Cue has 120 seconds left.\n|\n|t:|1781377986\n|switch|p1a: Umbreon|Umbreon, L84, F|297/297\n|move|p2a: Slowbro|Scald|p1a: Umbreon\n|-damage|p1a: Umbreon|227/297\n|\n|-heal|p1a: Umbreon|245/297|[from] item: Leftovers\n|upkeep\n|turn|3\n|\n|t:|1781377994\n|switch|p2a: Weezing|Weezing, L88, F|258/258\n|move|p1a: Umbreon|Toxic|p2a: Weezing|[miss]\n|-miss|p1a: Umbreon|p2a: Weezing\n|\n|-heal|p1a: Umbreon|263/297|[from] item: Leftovers\n|upkeep\n|turn|4\n|\n|t:|1781378004\n|switch|p1a: Tentacruel|Tentacruel, L84, M|272/272\n|move|p2a: Weezing|Will-O-Wisp|p1a: Tentacruel\n|-status|p1a: Tentacruel|brn\n|\n|-damage|p1a: Tentacruel|255/272 brn|[from] brn\n|upkeep\n|turn|5\n|inactive|canbetaught2 has 120 seconds left.\n|\n|t:|1781378035\n|switch|p2a: Slowbro|Slowbro, L85, F|300/300\n|move|p1a: Tentacruel|Flip Turn|p2a: Slowbro\n|-resisted|p2a: Slowbro\n|-damage|p2a: Slowbro|290/300\n|\n|t:|1781378041\n|switch|p1a: Mabosstiff|Mabosstiff, L86, M|278/278|[from] Flip Turn\n|\n|upkeep\n|turn|6\n|\n|t:|1781378049\n|switch|p2a: Decidueye|Decidueye-Hisui, L87, M|295/295\n|move|p1a: Mabosstiff|Crunch|p2a: Decidueye\n|-resisted|p2a: Decidueye\n|-damage|p2a: Decidueye|118/295\n|-unboost|p2a: Decidueye|def|1\n|\n|-heal|p2a: Decidueye|136/295|[from] item: Leftovers\n|upkeep\n|turn|7\n|\n|t:|1781378059\n|-terastallize|p1a: Mabosstiff|Dark\n|move|p1a: Mabosstiff|Crunch|p2a: Decidueye\n|-resisted|p2a: Decidueye\n|-damage|p2a: Decidueye|0 fnt\n|faint|p2a: Decidueye\n|\n|upkeep\n|\n|t:|1781378075\n|switch|p2a: Eiscue|Eiscue, L88, M|274/274\n|turn|8\n|\n|t:|1781378092\n|switch|p1a: Walking Wake|Walking Wake, L79|286/286\n|switch|p2a: Slowbro|Slowbro, L85, F|300/300\n|\n|upkeep\n|turn|9\n|\n|t:|1781378104\n|-end|p1a: Walking Wake|Protosynthesis|[silent]\n|switch|p1a: Umbreon|Umbreon, L84, F|263/297\n|move|p2a: Slowbro|Future Sight|p1a: Umbreon\n|-start|p2a: Slowbro|move: Future Sight\n|\n|-heal|p1a: Umbreon|281/297|[from] item: Leftovers\n|upkeep\n|turn|10\n|\n|t:|1781378110\n|switch|p2a: Weezing|Weezing, L88, F|258/258\n|move|p1a: Umbreon|Foul Play|p2a: Weezing\n|-crit|p2a: Weezing\n|-damage|p2a: Weezing|137/258\n|\n|-heal|p1a: Umbreon|297/297|[from] item: Leftovers\n|-heal|p2a: Weezing|153/258|[from] item: Leftovers\n|upkeep\n|turn|11\n|\n|t:|1781378121\n|move|p1a: Umbreon|Foul Play|p2a: Weezing\n|-damage|p2a: Weezing|72/258\n|move|p2a: Weezing|Gunk Shot|p1a: Umbreon\n|-damage|p1a: Umbreon|183/297\n|\n|-end|p1a: Umbreon|move: Future Sight\n|-immune|p1a: Umbreon\n|-heal|p1a: Umbreon|201/297|[from] item: Leftovers\n|-heal|p2a: Weezing|88/258|[from] item: Leftovers\n|upkeep\n|turn|12\n|\n|t:|1781378135\n|move|p1a: Umbreon|Foul Play|p2a: Weezing\n|-damage|p2a: Weezing|18/258\n|move|p2a: Weezing|Pain Split|p1a: Umbreon\n|-sethp|p1a: Umbreon|109/297|[from] move: Pain Split|[silent]\n|-sethp|p2a: Weezing|109/258|[from] move: Pain Split\n|\n|-heal|p1a: Umbreon|127/297|[from] item: Leftovers\n|-heal|p2a: Weezing|125/258|[from] item: Leftovers\n|upkeep\n|turn|13\n|\n|t:|1781378144\n|move|p1a: Umbreon|Wish|p1a: Umbreon\n|move|p2a: Weezing|Gunk Shot|p1a: Umbreon|[miss]\n|-miss|p2a: Weezing|p1a: Umbreon\n|\n|-heal|p1a: Umbreon|145/297|[from] item: Leftovers\n|-heal|p2a: Weezing|141/258|[from] item: Leftovers\n|upkeep\n|turn|14\n|\n|t:|1781378150\n|move|p1a: Umbreon|Foul Play|p2a: Weezing\n|-damage|p2a: Weezing|69/258\n|move|p2a: Weezing|Pain Split|p1a: Umbreon\n|-sethp|p1a: Umbreon|107/297|[from] move: Pain Split|[silent]\n|-sethp|p2a: Weezing|107/258|[from] move: Pain Split\n|\n|-heal|p1a: Umbreon|255/297|[from] move: Wish|[wisher] Umbreon\n|-heal|p1a: Umbreon|273/297|[from] item: Leftovers\n|-heal|p2a: Weezing|123/258|[from] item: Leftovers\n|upkeep\n|turn|15\n|\n|t:|1781378170\n|switch|p1a: Tentacruel|Tentacruel, L84, M|255/272 brn\n|move|p2a: Weezing|Pain Split|p1a: Tentacruel\n|-sethp|p1a: Tentacruel|189/272 brn|[from] move: Pain Split|[silent]\n|-sethp|p2a: Weezing|189/258|[from] move: Pain Split\n|\n|-heal|p2a: Weezing|205/258|[from] item: Leftovers\n|-damage|p1a: Tentacruel|172/272 brn|[from] brn\n|upkeep\n|turn|16\n|\n|t:|1781378180\n|switch|p2a: Slowbro|Slowbro, L85, F|300/300\n|move|p1a: Tentacruel|Sludge Bomb|p2a: Slowbro\n|-damage|p2a: Slowbro|246/300\n|\n|-damage|p1a: Tentacruel|155/272 brn|[from] brn\n|upkeep\n|turn|17\n|\n|t:|1781378188\n|move|p1a: Tentacruel|Flip Turn|p2a: Slowbro\n|-resisted|p2a: Slowbro\n|-damage|p2a: Slowbro|235/300\n|\n|t:|1781378192\n|switch|p1a: Umbreon|Umbreon, L84, F|273/297|[from] Flip Turn\n|move|p2a: Slowbro|Future Sight|p1a: Umbreon\n|-start|p2a: Slowbro|move: Future Sight\n|\n|-heal|p1a: Umbreon|291/297|[from] item: Leftovers\n|upkeep\n|turn|18\n|\n|t:|1781378199\n|switch|p2a: Weezing|Weezing, L88, F|205/258\n|move|p1a: Umbreon|Foul Play|p2a: Weezing\n|-damage|p2a: Weezing|133/258\n|\n|-heal|p1a: Umbreon|297/297|[from] item: Leftovers\n|-heal|p2a: Weezing|149/258|[from] item: Leftovers\n|upkeep\n|turn|19\n|\n|t:|1781378215\n|move|p1a: Umbreon|Protect|p1a: Umbreon\n|-singleturn|p1a: Umbreon|Protect\n|move|p2a: Weezing|Gunk Shot|p1a: Umbreon\n|-activate|p1a: Umbreon|move: Protect\n|\n|-end|p1a: Umbreon|move: Future Sight\n|-immune|p1a: Umbreon\n|-heal|p2a: Weezing|165/258|[from] item: Leftovers\n|upkeep\n|turn|20\n|\n|t:|1781378231\n|switch|p1a: Tentacruel|Tentacruel, L84, M|155/272 brn\n|move|p2a: Weezing|Will-O-Wisp|p1a: Tentacruel\n|-fail|p1a: Tentacruel|brn\n|\n|-heal|p2a: Weezing|181/258|[from] item: Leftovers\n|-damage|p1a: Tentacruel|138/272 brn|[from] brn\n|upkeep\n|turn|21\n|\n|t:|1781378260\n|switch|p2a: Slowbro|Slowbro, L85, F|300/300\n|move|p1a: Tentacruel|Surf|p2a: Slowbro\n|-resisted|p2a: Slowbro\n|-damage|p2a: Slowbro|269/300\n|\n|-damage|p1a: Tentacruel|121/272 brn|[from] brn\n|upkeep\n|turn|22\n|\n|t:|1781378268\n|move|p1a: Tentacruel|Flip Turn|p2a: Slowbro\n|-resisted|p2a: Slowbro\n|-damage|p2a: Slowbro|260/300\n|\n|t:|1781378272\n|switch|p1a: Umbreon|Umbreon, L84, F|297/297|[from] Flip Turn\n|move|p2a: Slowbro|Body Press|p1a: Umbreon\n|-supereffective|p1a: Umbreon\n|-damage|p1a: Umbreon|183/297\n|\n|-heal|p1a: Umbreon|201/297|[from] item: Leftovers\n|upkeep\n|turn|23\n|\n|t:|1781378282\n|move|p1a: Umbreon|Toxic|p2a: Slowbro\n|-status|p2a: Slowbro|tox\n|move|p2a: Slowbro|Body Press|p1a: Umbreon\n|-supereffective|p1a: Umbreon\n|-damage|p1a: Umbreon|95/297\n|\n|-heal|p1a: Umbreon|113/297|[from] item: Leftovers\n|-damage|p2a: Slowbro|242/300 tox|[from] psn\n|upkeep\n|turn|24\n|inactive|canbetaught2 has 120 seconds left.\n|inactive|canbetaught2 has 90 seconds left.\n|inactive|canbetaught2 has 60 seconds left.\n|\n|t:|1781378395\n|move|p1a: Umbreon|Protect|p1a: Umbreon\n|-singleturn|p1a: Umbreon|Protect\n|move|p2a: Slowbro|Body Press|p1a: Umbreon\n|-activate|p1a: Umbreon|move: Protect\n|\n|-heal|p1a: Umbreon|131/297|[from] item: Leftovers\n|-damage|p2a: Slowbro|206/300 tox|[from] psn\n|upkeep\n|turn|25\n|\n|t:|1781378403\n|-terastallize|p2a: Slowbro|Fighting\n|move|p1a: Umbreon|Wish|p1a: Umbreon\n|move|p2a: Slowbro|Body Press|p1a: Umbreon\n|-supereffective|p1a: Umbreon\n|-damage|p1a: Umbreon|0 fnt\n|faint|p1a: Umbreon\n|\n|-damage|p2a: Slowbro|152/300 tox|[from] psn\n|upkeep\n|\n|t:|1781378415\n|switch|p1a: Meloetta|Meloetta, L82|298/298\n|turn|26\n|inactive|canbetaught2 has 60 seconds left.\n|inactive|canbetaught2 has 30 seconds left.\n|inactive|canbetaught2 has 20 seconds left.\n|\n|t:|1781378460\n|switch|p2a: Cetitan|Cetitan, L82, M|413/413\n|move|p1a: Meloetta|Calm Mind|p1a: Meloetta\n|-boost|p1a: Meloetta|spa|1\n|-boost|p1a: Meloetta|spd|1\n|\n|upkeep\n|turn|27\n|inactive|canbetaught2 has 30 seconds left this turn.\n|\n|t:|1781378467\n|move|p1a: Meloetta|Hyper Voice|p2a: Cetitan\n|-damage|p2a: Cetitan|164/413\n|move|p2a: Cetitan|Icicle Crash|p1a: Meloetta\n|-damage|p1a: Meloetta|103/298\n|\n|-heal|p1a: Meloetta|121/298|[from] item: Leftovers\n|upkeep\n|turn|28\n|\n|t:|1781378475\n|move|p2a: Cetitan|Ice Shard|p1a: Meloetta\n|-damage|p1a: Meloetta|57/298\n|-damage|p2a: Cetitan|123/413|[from] item: Life Orb\n|move|p1a: Meloetta|Hyper Voice|p2a: Cetitan\n|-damage|p2a: Cetitan|0 fnt\n|faint|p2a: Cetitan\n|\n|-heal|p1a: Meloetta|75/298|[from] item: Leftovers\n|upkeep\n|inactive|canbetaught2 has 30 seconds left.\n|inactive|canbetaught2 has 20 seconds left.\n|inactive|canbetaught2 has 15 seconds left.\n|inactive|canbetaught2 has 10 seconds left.\n|inactive|canbetaught2 has 5 seconds left.\n|-message|canbetaught2 lost due to inactivity.\n|\n|win|SR-Cue\n|raw|SR-Cue's rating: 1941 &rarr; <strong>1960</strong><br />(+19 for winning)\n|raw|canbetaught2's rating: 1925 &rarr; <strong>1906</strong><br />(-19 for losing)\n", "uploadtime": 1781377937, "views": 6, "formatid": "gen9randombattle", "rating": 1906, "private": 0, "password": null}