{"id": "gen9randombattle-2631842175", "format": "[Gen 9] Random Battle", "players": ["pastorulipal", "bimiuchiratnhieu"], "log": "|j|\u2606pastorulipal\n|j|\u2606bimiuchiratnhieu\n|t:|1781447018\n|gametype|singles\n|player|p1|pastorulipal|acetrainer-gen4dp|2125\n|player|p2|bimiuchiratnhieu|hilda|2133\n|gen|9\n|tier|[Gen 9] Random Battle\n|rated|\n|rule|Species Clause: Limit one of each Pok\u00e9mon\n|rule|HP Percentage Mod: HP is shown in percentages\n|rule|Sleep Clause Mod: Limit one foe put to sleep\n|rule|Illusion Level Mod: Illusion disguises the Pok\u00e9mon's true level\n|\n|t:|1781447018\n|teamsize|p1|6\n|teamsize|p2|6\n|start\n|switch|p1a: Gouging Fire|Gouging Fire, L74|277/277\n|switch|p2a: Excadrill|Excadrill, L79, M|303/303\n|-ability|p2a: Excadrill|Mold Breaker\n|turn|1\n|inactive|Battle timer is ON: inactive players will automatically lose when time's up. (requested by bimiuchiratnhieu)\n|inactive|pastorulipal has 120 seconds left.\n|inactive|pastorulipal has 90 seconds left.\n|\n|t:|1781447107\n|-end|p1a: Gouging Fire|Protosynthesis|[silent]\n|switch|p1a: Gliscor|Gliscor, L76, M|239/239\n|move|p2a: Excadrill|Rapid Spin|p1a: Gliscor\n|-damage|p1a: Gliscor|206/239\n|-boost|p2a: Excadrill|spe|1\n|\n|-status|p1a: Gliscor|tox|[from] item: Toxic Orb\n|upkeep\n|turn|2\n|inactive|bimiuchiratnhieu has 120 seconds left.\n|inactive|bimiuchiratnhieu has 90 seconds left.\n|\n|t:|1781447175\n|switch|p2a: Inteleon|Inteleon, L81, F|246/246\n|move|p1a: Gliscor|Substitute|p1a: Gliscor\n|-start|p1a: Gliscor|Substitute\n|-damage|p1a: Gliscor|147/239 tox\n|\n|-heal|p1a: Gliscor|176/239 tox|[from] ability: Poison Heal\n|upkeep\n|turn|3\n|\n|t:|1781447183\n|move|p1a: Gliscor|Protect|p1a: Gliscor\n|-singleturn|p1a: Gliscor|Protect\n|move|p2a: Inteleon|Scald|p1a: Gliscor\n|-activate|p1a: Gliscor|move: Protect\n|\n|-heal|p1a: Gliscor|205/239 tox|[from] ability: Poison Heal\n|upkeep\n|turn|4\n|\n|t:|1781447192\n|move|p2a: Inteleon|Scald|p1a: Gliscor\n|-supereffective|p1a: Gliscor\n|-end|p1a: Gliscor|Substitute\n|move|p1a: Gliscor|Earthquake|p2a: Inteleon\n|-damage|p2a: Inteleon|126/246\n|\n|-heal|p1a: Gliscor|234/239 tox|[from] ability: Poison Heal\n|upkeep\n|turn|5\n|inactive|bimiuchiratnhieu has 90 seconds left.\n|inactive|pastorulipal has 120 seconds left.\n|\n|t:|1781447224\n|switch|p1a: Slaking|Slaking, L84, F|389/389\n|move|p2a: Inteleon|Scald|p1a: Slaking\n|-damage|p1a: Slaking|199/389\n|\n|upkeep\n|turn|6\n|inactive|pastorulipal has 120 seconds left.\n|inactive|bimiuchiratnhieu has 90 seconds left.\n|\n|t:|1781447238\n|switch|p2a: Giratina|Giratina-Origin, L72|335/335\n|move|p1a: Slaking|Giga Impact|p2a: Giratina\n|-immune|p2a: Giratina\n|\n|upkeep\n|turn|7\n|inactive|pastorulipal has 120 seconds left.\n|inactive|bimiuchiratnhieu has 90 seconds left.\n|\n|t:|1781447264\n|switch|p1a: Annihilape|Annihilape, L76, M|292/292\n|move|p2a: Giratina|Draco Meteor|p1a: Annihilape|[miss]\n|-miss|p2a: Giratina|p1a: Annihilape\n|\n|upkeep\n|turn|8\n|\n|t:|1781447276\n|switch|p1a: Honchkrow|Honchkrow, L86, F|312/312\n|move|p2a: Giratina|Will-O-Wisp|p1a: Honchkrow\n|-status|p1a: Honchkrow|brn\n|\n|-damage|p1a: Honchkrow|293/312 brn|[from] brn\n|upkeep\n|turn|9\n|inactive|bimiuchiratnhieu has 90 seconds left.\n|\n|t:|1781447306\n|switch|p2a: Sudowoodo|Sudowoodo, L94, F|284/284\n|move|p1a: Honchkrow|Thunder Wave|p2a: Sudowoodo\n|-status|p2a: Sudowoodo|par\n|\n|-damage|p1a: Honchkrow|274/312 brn|[from] brn\n|upkeep\n|turn|10\n|\n|t:|1781447320\n|switch|p1a: Gliscor|Gliscor, L76, M|234/239 tox\n|move|p2a: Sudowoodo|Stealth Rock|p1a: Gliscor\n|-sidestart|p1: pastorulipal|move: Stealth Rock\n|\n|-heal|p1a: Gliscor|239/239 tox|[from] ability: Poison Heal\n|upkeep\n|turn|11\n|\n|t:|1781447340\n|switch|p2a: Inteleon|Inteleon, L81, F|126/246\n|move|p1a: Gliscor|Substitute|p1a: Gliscor\n|-start|p1a: Gliscor|Substitute\n|-damage|p1a: Gliscor|180/239 tox\n|\n|-heal|p1a: Gliscor|209/239 tox|[from] ability: Poison Heal\n|upkeep\n|turn|12\n|inactive|pastorulipal has 120 seconds left.\n|\n|t:|1781447350\n|move|p2a: Inteleon|Scald|p1a: Gliscor\n|-supereffective|p1a: Gliscor\n|-end|p1a: Gliscor|Substitute\n|move|p1a: Gliscor|Toxic|p2a: Inteleon\n|-status|p2a: Inteleon|tox\n|\n|-damage|p2a: Inteleon|111/246 tox|[from] psn\n|-heal|p1a: Gliscor|238/239 tox|[from] ability: Poison Heal\n|upkeep\n|turn|13\n|inactive|pastorulipal has 120 seconds left.\n|inactive|bimiuchiratnhieu has 60 seconds left.\n|\n|t:|1781447388\n|move|p1a: Gliscor|Protect|p1a: Gliscor\n|-singleturn|p1a: Gliscor|Protect\n|move|p2a: Inteleon|Scald|p1a: Gliscor\n|-activate|p1a: Gliscor|move: Protect\n|\n|-damage|p2a: Inteleon|81/246 tox|[from] psn\n|-heal|p1a: Gliscor|239/239 tox|[from] ability: Poison Heal\n|upkeep\n|turn|14\n|inactive|pastorulipal has 120 seconds left.\n|\n|t:|1781447400\n|switch|p1a: Honchkrow|Honchkrow, L86, F|274/312 brn\n|move|p2a: Inteleon|Scald|p1a: Honchkrow\n|-damage|p1a: Honchkrow|0 fnt\n|faint|p1a: Honchkrow\n|\n|-damage|p2a: Inteleon|36/246 tox|[from] psn\n|upkeep\n|inactive|pastorulipal has 120 seconds left.\n|\n|t:|1781447418\n|switch|p1a: Slaking|Slaking, L84, F|199/389\n|-damage|p1a: Slaking|151/389|[from] Stealth Rock\n|turn|15\n|\n|t:|1781447437\n|move|p2a: Inteleon|Scald|p1a: Slaking\n|-damage|p1a: Slaking|0 fnt\n|faint|p1a: Slaking\n|\n|-damage|p2a: Inteleon|0 fnt|[from] psn\n|faint|p2a: Inteleon\n|upkeep\n|inactive|pastorulipal has 120 seconds left.\n|inactive|bimiuchiratnhieu has 60 seconds left.\n|\n|t:|1781447452\n|switch|p2a: Giratina|Giratina-Origin, L72|335/335\n|switch|p1a: Gliscor|Gliscor, L76, M|239/239 tox\n|-damage|p1a: Gliscor|210/239 tox|[from] Stealth Rock\n|turn|16\n|inactive|bimiuchiratnhieu has 60 seconds left.\n|inactive|bimiuchiratnhieu has 30 seconds left.\n|\n|t:|1781447493\n|move|p1a: Gliscor|Substitute|p1a: Gliscor\n|-start|p1a: Gliscor|Substitute\n|-damage|p1a: Gliscor|151/239 tox\n|move|p2a: Giratina|Poltergeist|p1a: Gliscor\n|-activate|p1a: Gliscor|move: Poltergeist|Toxic Orb\n|-end|p1a: Gliscor|Substitute\n|\n|-heal|p1a: Gliscor|180/239 tox|[from] ability: Poison Heal\n|upkeep\n|turn|17\n|inactive|pastorulipal has 120 seconds left.\n|\n|t:|1781447502\n|move|p1a: Gliscor|Protect|p1a: Gliscor\n|-singleturn|p1a: Gliscor|Protect\n|move|p2a: Giratina|Poltergeist|p1a: Gliscor\n|-activate|p1a: Gliscor|move: Protect\n|\n|-heal|p1a: Gliscor|209/239 tox|[from] ability: Poison Heal\n|upkeep\n|turn|18\n|\n|t:|1781447510\n|move|p1a: Gliscor|Substitute|p1a: Gliscor\n|-start|p1a: Gliscor|Substitute\n|-damage|p1a: Gliscor|150/239 tox\n|move|p2a: Giratina|Poltergeist|p1a: Gliscor\n|-activate|p1a: Gliscor|move: Poltergeist|Toxic Orb\n|-end|p1a: Gliscor|Substitute\n|\n|-heal|p1a: Gliscor|179/239 tox|[from] ability: Poison Heal\n|upkeep\n|turn|19\n|\n|t:|1781447527\n|move|p1a: Gliscor|Protect|p1a: Gliscor\n|-singleturn|p1a: Gliscor|Protect\n|move|p2a: Giratina|Shadow Sneak|p1a: Gliscor\n|-activate|p1a: Gliscor|move: Protect\n|\n|-heal|p1a: Gliscor|208/239 tox|[from] ability: Poison Heal\n|upkeep\n|turn|20\n|\n|t:|1781447534\n|move|p1a: Gliscor|Toxic|p2a: Giratina|[miss]\n|-miss|p1a: Gliscor|p2a: Giratina\n|move|p2a: Giratina|Poltergeist|p1a: Gliscor\n|-activate|p1a: Gliscor|move: Poltergeist|Toxic Orb\n|-damage|p1a: Gliscor|108/239 tox\n|\n|-heal|p1a: Gliscor|137/239 tox|[from] ability: Poison Heal\n|upkeep\n|turn|21\n|inactive|bimiuchiratnhieu has 60 seconds left.\n|\n|t:|1781447563\n|switch|p2a: Scizor|Scizor, L79, M|240/240\n|move|p1a: Gliscor|Protect||[still]\n|-fail|p1a: Gliscor\n|\n|-heal|p1a: Gliscor|166/239 tox|[from] ability: Poison Heal\n|upkeep\n|turn|22\n|\n|t:|1781447574\n|switch|p1a: Gouging Fire|Gouging Fire, L74|277/277\n|move|p2a: Scizor|Swords Dance|p2a: Scizor\n|-boost|p2a: Scizor|atk|2\n|\n|upkeep\n|turn|23\n|\n|t:|1781447593\n|switch|p2a: Sudowoodo|Sudowoodo, L94, F|284/284 par\n|move|p1a: Gouging Fire|Heat Crash|p2a: Sudowoodo\n|-resisted|p2a: Sudowoodo\n|-damage|p2a: Sudowoodo|244/284 par\n|\n|-heal|p2a: Sudowoodo|261/284 par|[from] item: Leftovers\n|upkeep\n|turn|24\n|\n|t:|1781447603\n|-end|p1a: Gouging Fire|Protosynthesis|[silent]\n|switch|p1a: Annihilape|Annihilape, L76, M|292/292\n|-damage|p1a: Annihilape|274/292|[from] Stealth Rock\n|move|p2a: Sudowoodo|Head Smash|p1a: Annihilape|[miss]\n|-miss|p2a: Sudowoodo|p1a: Annihilape\n|\n|-heal|p1a: Annihilape|292/292|[from] item: Leftovers\n|-heal|p2a: Sudowoodo|278/284 par|[from] item: Leftovers\n|upkeep\n|turn|25\n|inactive|bimiuchiratnhieu has 60 seconds left.\n|\n|t:|1781447615\n|switch|p2a: Giratina|Giratina-Origin, L72|335/335\n|move|p1a: Annihilape|Bulk Up|p1a: Annihilape\n|-boost|p1a: Annihilape|atk|1\n|-boost|p1a: Annihilape|def|1\n|\n|upkeep\n|turn|26\n|inactive|bimiuchiratnhieu has 60 seconds left.\n|\n|t:|1781447623\n|move|p1a: Annihilape|Rage Fist|p2a: Giratina\n|-supereffective|p2a: Giratina\n|-damage|p2a: Giratina|173/335\n|move|p2a: Giratina|Draco Meteor|p1a: Annihilape\n|-damage|p1a: Annihilape|130/292\n|-unboost|p2a: Giratina|spa|2\n|\n|-heal|p1a: Annihilape|148/292|[from] item: Leftovers\n|upkeep\n|turn|27\n|inactive|bimiuchiratnhieu has 60 seconds left.\n|\n|t:|1781447639\n|move|p2a: Giratina|Shadow Sneak|p1a: Annihilape\n|-supereffective|p1a: Annihilape\n|-damage|p1a: Annihilape|74/292\n|move|p1a: Annihilape|Rage Fist|p2a: Giratina\n|-supereffective|p2a: Giratina\n|-damage|p2a: Giratina|0 fnt\n|faint|p2a: Giratina\n|\n|-heal|p1a: Annihilape|92/292|[from] item: Leftovers\n|upkeep\n|\n|t:|1781447649\n|switch|p2a: Scizor|Scizor, L79, M|240/240\n|turn|28\n|\n|t:|1781447658\n|move|p2a: Scizor|Bullet Punch|p1a: Annihilape\n|-damage|p1a: Annihilape|13/292\n|-damage|p2a: Scizor|216/240|[from] item: Life Orb\n|move|p1a: Annihilape|Drain Punch|p2a: Scizor\n|-damage|p2a: Scizor|101/240\n|-heal|p1a: Annihilape|71/292|[from] drain|[of] p2a: Scizor\n|\n|-heal|p1a: Annihilape|89/292|[from] item: Leftovers\n|upkeep\n|turn|29\n|inactive|bimiuchiratnhieu has 60 seconds left.\n|\n|t:|1781447682\n|move|p2a: Scizor|Bullet Punch|p1a: Annihilape\n|-damage|p1a: Annihilape|21/292\n|-damage|p2a: Scizor|77/240|[from] item: Life Orb\n|move|p1a: Annihilape|Drain Punch|p2a: Scizor\n|-damage|p2a: Scizor|0 fnt\n|-heal|p1a: Annihilape|60/292|[from] drain|[of] p2a: Scizor\n|faint|p2a: Scizor\n|\n|-heal|p1a: Annihilape|78/292|[from] item: Leftovers\n|upkeep\n|inactive|bimiuchiratnhieu has 60 seconds left.\n|\n|t:|1781447689\n|switch|p2a: Excadrill|Excadrill, L79, M|303/303\n|-ability|p2a: Excadrill|Mold Breaker\n|turn|30\n|\n|t:|1781447703\n|switch|p1a: Gliscor|Gliscor, L76, M|166/239 tox\n|-damage|p1a: Gliscor|137/239 tox|[from] Stealth Rock\n|move|p2a: Excadrill|Earthquake|p1a: Gliscor\n|-immune|p1a: Gliscor\n|\n|-heal|p1a: Gliscor|166/239 tox|[from] ability: Poison Heal\n|upkeep\n|turn|31\n|inactive|bimiuchiratnhieu has 60 seconds left.\n|\n|t:|1781447723\n|switch|p2a: Sudowoodo|Sudowoodo, L94, F|278/284 par\n|move|p1a: Gliscor|Earthquake|p2a: Sudowoodo\n|-supereffective|p2a: Sudowoodo\n|-crit|p2a: Sudowoodo\n|-damage|p2a: Sudowoodo|80/284 par\n|\n|-heal|p2a: Sudowoodo|97/284 par|[from] item: Leftovers\n|-heal|p1a: Gliscor|195/239 tox|[from] ability: Poison Heal\n|upkeep\n|turn|32\n|\n|t:|1781447732\n|move|p1a: Gliscor|Substitute|p1a: Gliscor\n|-start|p1a: Gliscor|Substitute\n|-damage|p1a: Gliscor|136/239 tox\n|move|p2a: Sudowoodo|Head Smash|p1a: Gliscor\n|-end|p1a: Gliscor|Substitute\n|\n|-heal|p2a: Sudowoodo|114/284 par|[from] item: Leftovers\n|-heal|p1a: Gliscor|165/239 tox|[from] ability: Poison Heal\n|upkeep\n|turn|33\n|\n|t:|1781447741\n|move|p1a: Gliscor|Protect|p1a: Gliscor\n|-singleturn|p1a: Gliscor|Protect\n|cant|p2a: Sudowoodo|par\n|\n|-heal|p2a: Sudowoodo|131/284 par|[from] item: Leftovers\n|-heal|p1a: Gliscor|194/239 tox|[from] ability: Poison Heal\n|upkeep\n|turn|34\n|\n|t:|1781447749\n|move|p1a: Gliscor|Substitute|p1a: Gliscor\n|-start|p1a: Gliscor|Substitute\n|-damage|p1a: Gliscor|135/239 tox\n|move|p2a: Sudowoodo|Head Smash|p1a: Gliscor\n|-end|p1a: Gliscor|Substitute\n|\n|-heal|p2a: Sudowoodo|148/284 par|[from] item: Leftovers\n|-heal|p1a: Gliscor|164/239 tox|[from] ability: Poison Heal\n|upkeep\n|turn|35\n|\n|t:|1781447758\n|move|p1a: Gliscor|Protect|p1a: Gliscor\n|-singleturn|p1a: Gliscor|Protect\n|move|p2a: Sudowoodo|Wood Hammer|p1a: Gliscor\n|-activate|p1a: Gliscor|move: Protect\n|\n|-heal|p2a: Sudowoodo|165/284 par|[from] item: Leftovers\n|-heal|p1a: Gliscor|193/239 tox|[from] ability: Poison Heal\n|upkeep\n|turn|36\n|\n|t:|1781447766\n|move|p1a: Gliscor|Substitute|p1a: Gliscor\n|-start|p1a: Gliscor|Substitute\n|-damage|p1a: Gliscor|134/239 tox\n|move|p2a: Sudowoodo|Wood Hammer|p1a: Gliscor\n|-end|p1a: Gliscor|Substitute\n|\n|-heal|p2a: Sudowoodo|182/284 par|[from] item: Leftovers\n|-heal|p1a: Gliscor|163/239 tox|[from] ability: Poison Heal\n|upkeep\n|turn|37\n|\n|t:|1781447774\n|move|p1a: Gliscor|Earthquake|p2a: Sudowoodo\n|-supereffective|p2a: Sudowoodo\n|-damage|p2a: Sudowoodo|62/284 par\n|move|p2a: Sudowoodo|Head Smash|p1a: Gliscor\n|-damage|p1a: Gliscor|0 fnt\n|faint|p1a: Gliscor\n|\n|-heal|p2a: Sudowoodo|79/284 par|[from] item: Leftovers\n|upkeep\n|\n|t:|1781447795\n|switch|p1a: Okidogi|Okidogi, L77, M|262/262\n|-damage|p1a: Okidogi|246/262|[from] Stealth Rock\n|turn|38\n|\n|t:|1781447825\n|move|p1a: Okidogi|Drain Punch|p2a: Sudowoodo\n|-supereffective|p2a: Sudowoodo\n|-crit|p2a: Sudowoodo\n|-damage|p2a: Sudowoodo|0 fnt\n|-heal|p1a: Okidogi|262/262|[from] drain|[of] p2a: Sudowoodo\n|faint|p2a: Sudowoodo\n|\n|upkeep\n|\n|t:|1781447831\n|switch|p2a: Clodsire|Clodsire, L81, M|343/343\n|turn|39\n|\n|t:|1781447843\n|move|p1a: Okidogi|Bulk Up|p1a: Okidogi\n|-boost|p1a: Okidogi|atk|1\n|-boost|p1a: Okidogi|def|1\n|move|p2a: Clodsire|Earthquake|p1a: Okidogi\n|-supereffective|p1a: Okidogi\n|-damage|p1a: Okidogi|104/262\n|\n|-heal|p1a: Okidogi|120/262|[from] item: Leftovers\n|upkeep\n|turn|40\n|\n|t:|1781447860\n|move|p1a: Okidogi|Knock Off|p2a: Clodsire\n|-damage|p2a: Clodsire|243/343\n|-enditem|p2a: Clodsire|Leftovers|[from] move: Knock Off|[of] p1a: Okidogi\n|move|p2a: Clodsire|Earthquake|p1a: Okidogi\n|-supereffective|p1a: Okidogi\n|-damage|p1a: Okidogi|0 fnt\n|faint|p1a: Okidogi\n|\n|upkeep\n|\n|t:|1781447868\n|switch|p1a: Annihilape|Annihilape, L76, M|78/292\n|-damage|p1a: Annihilape|60/292|[from] Stealth Rock\n|turn|41\n|\n|t:|1781447877\n|move|p1a: Annihilape|Rage Fist|p2a: Clodsire\n|-damage|p2a: Clodsire|0 fnt\n|faint|p2a: Clodsire\n|\n|-heal|p1a: Annihilape|78/292|[from] item: Leftovers\n|upkeep\n|\n|t:|1781447879\n|switch|p2a: Excadrill|Excadrill, L79, M|303/303\n|-ability|p2a: Excadrill|Mold Breaker\n|turn|42\n|\n|t:|1781447888\n|move|p2a: Excadrill|Earthquake|p1a: Annihilape\n|-crit|p1a: Annihilape\n|-damage|p1a: Annihilape|0 fnt\n|faint|p1a: Annihilape\n|\n|upkeep\n|\n|t:|1781447895\n|switch|p1a: Gouging Fire|Gouging Fire, L74|277/277\n|turn|43\n|\n|t:|1781447906\n|-terastallize|p2a: Excadrill|Grass\n|-terastallize|p1a: Gouging Fire|Ground\n|move|p2a: Excadrill|Rapid Spin|p1a: Gouging Fire\n|-damage|p1a: Gouging Fire|242/277\n|-boost|p2a: Excadrill|spe|1\n|move|p1a: Gouging Fire|Earthquake|p2a: Excadrill\n|-resisted|p2a: Excadrill\n|-damage|p2a: Excadrill|235/303\n|\n|-heal|p2a: Excadrill|253/303|[from] item: Leftovers\n|upkeep\n|turn|44\n|\n|t:|1781447920\n|move|p2a: Excadrill|Earthquake|p1a: Gouging Fire\n|-damage|p1a: Gouging Fire|125/277\n|move|p1a: Gouging Fire|Heat Crash|p2a: Excadrill\n|-supereffective|p2a: Excadrill\n|-damage|p2a: Excadrill|0 fnt\n|faint|p2a: Excadrill\n|\n|win|pastorulipal\n", "uploadtime": 1781447019, "views": 6, "formatid": "gen9randombattle", "rating": null, "private": 0, "password": null}