{"id": "gen9randombattle-2631935242", "format": "[Gen 9] Random Battle", "players": ["soccrbeast888", "Awing3382"], "log": "|j|\u2606soccrbeast888\n|j|\u203dAwing3382\n|t:|1781457394\n|gametype|singles\n|player|p1|soccrbeast888|rancher|2037\n|player|p2|Awing3382|yellow|2051\n|gen|9\n|tier|[Gen 9] Random Battle\n|rated|\n|rule|Species Clause: Limit one of each Pok\u00e9mon\n|rule|HP Percentage Mod: HP is shown in percentages\n|rule|Sleep Clause Mod: Limit one foe put to sleep\n|rule|Illusion Level Mod: Illusion disguises the Pok\u00e9mon's true level\n|\n|t:|1781457394\n|teamsize|p1|6\n|teamsize|p2|6\n|start\n|switch|p1a: Cyclizar|Cyclizar, L83, F|252/252\n|switch|p2a: Decidueye|Decidueye, L88, M|281/281\n|turn|1\n|inactive|Battle timer is ON: inactive players will automatically lose when time's up. (requested by Awing3382)\n|\n|t:|1781457404\n|move|p1a: Cyclizar|Knock Off|p2a: Decidueye\n|-supereffective|p2a: Decidueye\n|-damage|p2a: Decidueye|141/281\n|-enditem|p2a: Decidueye|Heavy-Duty Boots|[from] move: Knock Off|[of] p1a: Cyclizar\n|move|p2a: Decidueye|Knock Off|p1a: Cyclizar\n|-damage|p1a: Cyclizar|144/252\n|-enditem|p1a: Cyclizar|Heavy-Duty Boots|[from] move: Knock Off|[of] p2a: Decidueye\n|\n|upkeep\n|turn|2\n|\n|t:|1781457425\n|move|p1a: Cyclizar|Shed Tail|p1a: Cyclizar\n|-start|p1a: Cyclizar|Substitute|[from] move: Shed Tail\n|-damage|p1a: Cyclizar|18/252\n|j| Ishxxcinfernxl\n|\n|t:|1781457434\n|switch|p1a: Meowscarada|Meowscarada, L78, F|247/247|[from] Shed Tail\n|move|p2a: Decidueye|Leaf Storm|p1a: Meowscarada\n|-resisted|p1a: Meowscarada\n|-end|p1a: Meowscarada|Substitute\n|-unboost|p2a: Decidueye|spa|2\n|\n|upkeep\n|turn|3\n|\n|t:|1781457447\n|switch|p2a: Pelipper|Pelipper, L86, F|243/243\n|-weather|RainDance|[from] ability: Drizzle|[of] p2a: Pelipper\n|move|p1a: Meowscarada|Toxic Spikes|p2a: Pelipper\n|-start|p1a: Meowscarada|typechange|Poison|[from] ability: Protean\n|-sidestart|p2: Awing3382|move: Toxic Spikes\n|\n|-weather|RainDance|[upkeep]\n|upkeep\n|turn|4\n|inactive|soccrbeast888 has 120 seconds left.\n|\n|t:|1781457498\n|move|p1a: Meowscarada|Knock Off|p2a: Pelipper\n|-damage|p2a: Pelipper|184/243\n|-enditem|p2a: Pelipper|Heavy-Duty Boots|[from] move: Knock Off|[of] p1a: Meowscarada\n|move|p2a: Pelipper|Surf|p1a: Meowscarada\n|-damage|p1a: Meowscarada|46/247\n|\n|-weather|RainDance|[upkeep]\n|upkeep\n|turn|5\n|\n|t:|1781457510\n|move|p1a: Meowscarada|U-turn|p2a: Pelipper\n|-resisted|p2a: Pelipper\n|-damage|p2a: Pelipper|162/243\n|\n|t:|1781457520\n|switch|p1a: Misdreavus|Misdreavus, L90, M|254/254|[from] U-turn\n|move|p2a: Pelipper|Surf|p1a: Misdreavus\n|-damage|p1a: Misdreavus|152/254\n|\n|-weather|RainDance|[upkeep]\n|upkeep\n|turn|6\n|\n|t:|1781457524\n|move|p1a: Misdreavus|Calm Mind|p1a: Misdreavus\n|-boost|p1a: Misdreavus|spa|1\n|-boost|p1a: Misdreavus|spd|1\n|move|p2a: Pelipper|Knock Off|p1a: Misdreavus\n|-supereffective|p1a: Misdreavus\n|-damage|p1a: Misdreavus|76/254\n|-enditem|p1a: Misdreavus|Eviolite|[from] move: Knock Off|[of] p2a: Pelipper\n|\n|-weather|RainDance|[upkeep]\n|upkeep\n|turn|7\n|\n|t:|1781457534\n|switch|p2a: Vileplume|Vileplume, L85, M|266/266\n|-sideend|p2: Awing3382|move: Toxic Spikes|[of] p2a: Vileplume\n|move|p1a: Misdreavus|Draining Kiss|p2a: Vileplume\n|-resisted|p2a: Vileplume\n|-damage|p2a: Vileplume|240/266\n|-heal|p1a: Misdreavus|96/254|[from] drain|[of] p2a: Vileplume\n|\n|-weather|none\n|-heal|p2a: Vileplume|256/266|[from] item: Leftovers\n|upkeep\n|turn|8\n|\n|t:|1781457539\n|move|p1a: Misdreavus|Shadow Ball|p2a: Vileplume\n|-damage|p2a: Vileplume|132/266\n|-unboost|p2a: Vileplume|spd|1\n|move|p2a: Vileplume|Sleep Powder|p1a: Misdreavus\n|-status|p1a: Misdreavus|slp|[from] move: Sleep Powder\n|\n|-heal|p2a: Vileplume|148/266|[from] item: Leftovers\n|upkeep\n|turn|9\n|\n|t:|1781457547\n|cant|p1a: Misdreavus|slp\n|move|p2a: Vileplume|Giga Drain|p1a: Misdreavus\n|-damage|p1a: Misdreavus|32/254 slp\n|-heal|p2a: Vileplume|180/266|[from] drain|[of] p1a: Misdreavus\n|\n|-heal|p2a: Vileplume|196/266|[from] item: Leftovers\n|upkeep\n|turn|10\n|\n|t:|1781457556\n|cant|p1a: Misdreavus|slp\n|move|p2a: Vileplume|Giga Drain|p1a: Misdreavus\n|-damage|p1a: Misdreavus|0 fnt\n|-heal|p2a: Vileplume|212/266|[from] drain|[of] p1a: Misdreavus\n|faint|p1a: Misdreavus\n|\n|-heal|p2a: Vileplume|228/266|[from] item: Leftovers\n|upkeep\n|inactive|soccrbeast888 has 120 seconds left.\n|\n|t:|1781457592\n|switch|p1a: Meowscarada|Meowscarada, L78, F|46/247\n|turn|11\n|j| semiesem12\n|inactive|Awing3382 has 120 seconds left.\n|\n|t:|1781457628\n|move|p1a: Meowscarada|Knock Off|p2a: Vileplume\n|-start|p1a: Meowscarada|typechange|Dark|[from] ability: Protean\n|-damage|p2a: Vileplume|128/266\n|-enditem|p2a: Vileplume|Leftovers|[from] move: Knock Off|[of] p1a: Meowscarada\n|move|p2a: Vileplume|Sludge Bomb|p1a: Meowscarada\n|-damage|p1a: Meowscarada|0 fnt\n|faint|p1a: Meowscarada\n|\n|upkeep\n|\n|t:|1781457636\n|switch|p1a: Masquerain|Masquerain, L87, F|264/264\n|-ability|p1a: Masquerain|Intimidate|boost\n|-unboost|p2a: Vileplume|atk|1\n|turn|12\n|\n|t:|1781457641\n|switch|p1a: Cyclizar|Cyclizar, L83, F|102/252\n|switch|p2a: Eelektross|Eelektross, L87, M|290/290\n|\n|upkeep\n|turn|13\n|\n|t:|1781457653\n|switch|p1a: Masquerain|Masquerain, L87, F|264/264\n|-ability|p1a: Masquerain|Intimidate|boost\n|-unboost|p2a: Eelektross|atk|1\n|move|p2a: Eelektross|Drain Punch|p1a: Masquerain\n|-resisted|p1a: Masquerain\n|-damage|p1a: Masquerain|252/264\n|\n|upkeep\n|turn|14\n|inactive|soccrbeast888 has 120 seconds left.\n|\n|t:|1781457691\n|switch|p1a: Rabsca|Rabsca, L91, F|284/284\n|move|p2a: Eelektross|Coil|p2a: Eelektross\n|-boost|p2a: Eelektross|atk|1\n|-boost|p2a: Eelektross|def|1\n|-boost|p2a: Eelektross|accuracy|1\n|\n|upkeep\n|turn|15\n|\n|t:|1781457705\n|move|p2a: Eelektross|Coil|p2a: Eelektross\n|-boost|p2a: Eelektross|atk|1\n|-boost|p2a: Eelektross|def|1\n|-boost|p2a: Eelektross|accuracy|1\n|move|p1a: Rabsca|Revival Blessing|p1a: Rabsca\n|\n|t:|1781457712\n|-heal|p1: Misdreavus|127/254|[from] move: Revival Blessing\n|\n|upkeep\n|turn|16\n|\n|t:|1781457715\n|move|p2a: Eelektross|Fire Punch|p1a: Rabsca\n|-supereffective|p1a: Rabsca\n|-damage|p1a: Rabsca|114/284\n|move|p1a: Rabsca|Psychic|p2a: Eelektross\n|-damage|p2a: Eelektross|161/290\n|\n|-heal|p2a: Eelektross|179/290|[from] item: Leftovers\n|upkeep\n|turn|17\n|inactive|soccrbeast888 has 120 seconds left.\n|\n|t:|1781457727\n|move|p2a: Eelektross|Fire Punch|p1a: Rabsca\n|-supereffective|p1a: Rabsca\n|-damage|p1a: Rabsca|0 fnt\n|faint|p1a: Rabsca\n|\n|-heal|p2a: Eelektross|197/290|[from] item: Leftovers\n|upkeep\n|\n|t:|1781457729\n|switch|p1a: Masquerain|Masquerain, L87, F|252/264\n|-ability|p1a: Masquerain|Intimidate|boost\n|-unboost|p2a: Eelektross|atk|1\n|turn|18\n|\n|t:|1781457735\n|switch|p1a: Misdreavus|Misdreavus, L90, M|127/254\n|move|p2a: Eelektross|Supercell Slam|p1a: Misdreavus\n|-crit|p1a: Misdreavus\n|-damage|p1a: Misdreavus|0 fnt\n|faint|p1a: Misdreavus\n|\n|-heal|p2a: Eelektross|215/290|[from] item: Leftovers\n|upkeep\n|\n|t:|1781457741\n|switch|p1a: Masquerain|Masquerain, L87, F|252/264\n|-ability|p1a: Masquerain|Intimidate|boost\n|-unboost|p2a: Eelektross|atk|1\n|turn|19\n|\n|t:|1781457749\n|move|p1a: Masquerain|Quiver Dance|p1a: Masquerain\n|-boost|p1a: Masquerain|spa|1\n|-boost|p1a: Masquerain|spd|1\n|-boost|p1a: Masquerain|spe|1\n|move|p2a: Eelektross|Supercell Slam|p1a: Masquerain\n|-supereffective|p1a: Masquerain\n|-crit|p1a: Masquerain\n|-damage|p1a: Masquerain|0 fnt\n|faint|p1a: Masquerain\n|\n|-heal|p2a: Eelektross|233/290|[from] item: Leftovers\n|upkeep\n|\n|t:|1781457765\n|switch|p1a: Cyclizar|Cyclizar, L83, F|186/252\n|turn|20\n|\n|t:|1781457790\n|-terastallize|p1a: Cyclizar|Fairy\n|move|p1a: Cyclizar|Knock Off|p2a: Eelektross\n|-damage|p2a: Eelektross|200/290\n|-enditem|p2a: Eelektross|Leftovers|[from] move: Knock Off|[of] p1a: Cyclizar\n|move|p2a: Eelektross|Coil|p2a: Eelektross\n|-boost|p2a: Eelektross|atk|1\n|-boost|p2a: Eelektross|def|1\n|-boost|p2a: Eelektross|accuracy|1\n|\n|upkeep\n|turn|21\n|\n|t:|1781457798\n|move|p1a: Cyclizar|Draco Meteor|p2a: Eelektross\n|-damage|p2a: Eelektross|77/290\n|-unboost|p1a: Cyclizar|spa|2\n|move|p2a: Eelektross|Supercell Slam|p1a: Cyclizar\n|-damage|p1a: Cyclizar|35/252\n|\n|upkeep\n|turn|22\n|\n|t:|1781457804\n|move|p1a: Cyclizar|Draco Meteor|p2a: Eelektross\n|-damage|p2a: Eelektross|14/290\n|-unboost|p1a: Cyclizar|spa|2\n|move|p2a: Eelektross|Supercell Slam|p1a: Cyclizar\n|-damage|p1a: Cyclizar|0 fnt\n|faint|p1a: Cyclizar\n|\n|upkeep\n|\n|t:|1781457807\n|switch|p1a: Gyarados|Gyarados, L79, M|280/280\n|-ability|p1a: Gyarados|Intimidate|boost\n|-unboost|p2a: Eelektross|atk|1\n|turn|23\n|\n|t:|1781457820\n|move|p1a: Gyarados|Waterfall|p2a: Eelektross\n|-damage|p2a: Eelektross|0 fnt\n|faint|p2a: Eelektross\n|\n|upkeep\n|\n|t:|1781457839\n|switch|p2a: Pelipper|Pelipper, L86, F|162/243\n|-weather|RainDance|[from] ability: Drizzle|[of] p2a: Pelipper\n|turn|24\n|\n|t:|1781457854\n|move|p1a: Gyarados|Waterfall|p2a: Pelipper\n|-resisted|p2a: Pelipper\n|-damage|p2a: Pelipper|102/243\n|cant|p2a: Pelipper|flinch\n|\n|-weather|RainDance|[upkeep]\n|upkeep\n|turn|25\n|\n|t:|1781457866\n|move|p1a: Gyarados|Dragon Dance|p1a: Gyarados\n|-boost|p1a: Gyarados|atk|1\n|-boost|p1a: Gyarados|spe|1\n|move|p2a: Pelipper|Hurricane|p1a: Gyarados\n|-damage|p1a: Gyarados|171/280\n|-start|p1a: Gyarados|confusion\n|\n|-weather|RainDance|[upkeep]\n|upkeep\n|turn|26\n|\n|t:|1781457872\n|-activate|p1a: Gyarados|confusion\n|move|p1a: Gyarados|Waterfall|p2a: Pelipper\n|-resisted|p2a: Pelipper\n|-damage|p2a: Pelipper|12/243\n|cant|p2a: Pelipper|flinch\n|\n|-weather|RainDance|[upkeep]\n|upkeep\n|turn|27\n|\n|t:|1781457881\n|-end|p1a: Gyarados|confusion\n|move|p1a: Gyarados|Waterfall|p2a: Pelipper\n|-resisted|p2a: Pelipper\n|-damage|p2a: Pelipper|0 fnt\n|faint|p2a: Pelipper\n|\n|-weather|RainDance|[upkeep]\n|upkeep\n|\n|t:|1781457888\n|switch|p2a: Vileplume|Vileplume, L85, M|128/266\n|turn|28\n|\n|t:|1781457902\n|move|p1a: Gyarados|Earthquake|p2a: Vileplume\n|-damage|p2a: Vileplume|18/266\n|move|p2a: Vileplume|Strength Sap|p1a: Gyarados\n|-unboost|p1a: Gyarados|atk|1\n|-heal|p2a: Vileplume|266/266\n|\n|-weather|none\n|upkeep\n|turn|29\n|\n|t:|1781457909\n|move|p1a: Gyarados|Dragon Dance|p1a: Gyarados\n|-boost|p1a: Gyarados|atk|1\n|-boost|p1a: Gyarados|spe|1\n|move|p2a: Vileplume|Sleep Powder|p1a: Gyarados|[miss]\n|-miss|p2a: Vileplume|p1a: Gyarados\n|\n|upkeep\n|turn|30\n|\n|t:|1781457915\n|move|p1a: Gyarados|Waterfall|p2a: Vileplume\n|-resisted|p2a: Vileplume\n|-damage|p2a: Vileplume|199/266\n|move|p2a: Vileplume|Strength Sap|p1a: Gyarados\n|-unboost|p1a: Gyarados|atk|1\n|-heal|p2a: Vileplume|266/266\n|\n|upkeep\n|turn|31\n|\n|t:|1781457919\n|move|p1a: Gyarados|Dragon Dance|p1a: Gyarados\n|-boost|p1a: Gyarados|atk|1\n|-boost|p1a: Gyarados|spe|1\n|move|p2a: Vileplume|Sleep Powder|p1a: Gyarados\n|-status|p1a: Gyarados|slp|[from] move: Sleep Powder\n|\n|upkeep\n|turn|32\n|\n|t:|1781457923\n|cant|p1a: Gyarados|slp\n|move|p2a: Vileplume|Sludge Bomb|p1a: Gyarados\n|-damage|p1a: Gyarados|60/280 slp\n|\n|upkeep\n|turn|33\n|\n|t:|1781457927\n|-curestatus|p1a: Gyarados|slp|[msg]\n|move|p1a: Gyarados|Waterfall|p2a: Vileplume\n|-resisted|p2a: Vileplume\n|-damage|p2a: Vileplume|203/266\n|-status|p1a: Gyarados|psn|[from] ability: Effect Spore|[of] p2a: Vileplume\n|move|p2a: Vileplume|Sludge Bomb|p1a: Gyarados\n|-damage|p1a: Gyarados|0 fnt\n|faint|p1a: Gyarados\n|\n|win|Awing3382\n", "uploadtime": 1781457396, "views": 3, "formatid": "gen9randombattle", "rating": null, "private": 0, "password": null}