{"id": "gen9randombattle-2631494046", "format": "[Gen 9] Random Battle", "players": ["whatisnexthuh", "Sekkari-"], "log": "|j|\u2606whatisnexthuh\n|j|\u2606Sekkari-\n|t:|1781392118\n|gametype|singles\n|player|p1|whatisnexthuh|aromalady|2170\n|player|p2|Sekkari-|170|2233\n|gen|9\n|tier|[Gen 9] Random Battle\n|rated|\n|rule|Species Clause: Limit one of each Pok\u00e9mon\n|rule|HP Percentage Mod: HP is shown in percentages\n|rule|Sleep Clause Mod: Limit one foe put to sleep\n|rule|Illusion Level Mod: Illusion disguises the Pok\u00e9mon's true level\n|\n|t:|1781392118\n|teamsize|p1|6\n|teamsize|p2|6\n|start\n|switch|p1a: Kilowattrel|Kilowattrel, L83, M|252/252\n|switch|p2a: Diancie|Diancie, L82|216/216\n|turn|1\n|\n|t:|1781392229\n|move|p1a: Kilowattrel|U-turn|p2a: Diancie\n|-resisted|p2a: Diancie\n|-damage|p2a: Diancie|202/216\n|\n|t:|1781392235\n|switch|p1a: Sandy Shocks|Sandy Shocks, L80|267/267|[from] U-turn\n|move|p2a: Diancie|Diamond Storm|p1a: Sandy Shocks\n|-resisted|p1a: Sandy Shocks\n|-damage|p1a: Sandy Shocks|214/267\n|-boost|p2a: Diancie|def|2\n|\n|-heal|p1a: Sandy Shocks|230/267|[from] item: Leftovers\n|-heal|p2a: Diancie|215/216|[from] item: Leftovers\n|upkeep\n|turn|2\n|\n|t:|1781392249\n|switch|p2a: Spidops|Spidops, L96, M|271/271\n|move|p1a: Sandy Shocks|Stealth Rock|p2a: Spidops\n|-sidestart|p2: Sekkari-|move: Stealth Rock\n|\n|-heal|p1a: Sandy Shocks|246/267|[from] item: Leftovers\n|upkeep\n|turn|3\n|\n|t:|1781392306\n|-end|p1a: Sandy Shocks|Protosynthesis|[silent]\n|switch|p1a: Kilowattrel|Kilowattrel, L83, M|252/252\n|move|p2a: Spidops|Sticky Web|p1a: Kilowattrel\n|-sidestart|p1: whatisnexthuh|move: Sticky Web\n|\n|upkeep\n|turn|4\n|\n|t:|1781392313\n|switch|p2a: Diancie|Diancie, L82|215/216\n|-damage|p2a: Diancie|188/216|[from] Stealth Rock\n|move|p1a: Kilowattrel|Discharge|p2a: Diancie\n|-damage|p2a: Diancie|124/216\n|\n|-heal|p2a: Diancie|137/216|[from] item: Leftovers\n|upkeep\n|turn|5\n|\n|t:|1781392321\n|move|p1a: Kilowattrel|U-turn|p2a: Diancie\n|-resisted|p2a: Diancie\n|-damage|p2a: Diancie|123/216\n|\n|t:|1781392335\n|switch|p1a: Gogoat|Gogoat, L88, F|360/360|[from] U-turn\n|-activate|p1a: Gogoat|move: Sticky Web\n|-unboost|p1a: Gogoat|spe|1\n|move|p2a: Diancie|Diamond Storm|p1a: Gogoat\n|-damage|p1a: Gogoat|237/360\n|\n|-heal|p2a: Diancie|136/216|[from] item: Leftovers\n|-heal|p1a: Gogoat|259/360|[from] item: Leftovers\n|upkeep\n|turn|6\n|\n|t:|1781392344\n|switch|p2a: Spidops|Spidops, L96, M|271/271\n|move|p1a: Gogoat|Horn Leech|p2a: Spidops\n|-resisted|p2a: Spidops\n|-damage|p2a: Spidops|232/271\n|-heal|p1a: Gogoat|279/360|[from] drain|[of] p2a: Spidops\n|\n|-heal|p1a: Gogoat|301/360|[from] item: Leftovers\n|upkeep\n|turn|7\n|\n|t:|1781392349\n|switch|p1a: Kilowattrel|Kilowattrel, L83, M|252/252\n|move|p2a: Spidops|Toxic Spikes|p1a: Kilowattrel\n|-sidestart|p1: whatisnexthuh|move: Toxic Spikes\n|\n|upkeep\n|turn|8\n|\n|t:|1781392365\n|switch|p2a: Slaking|Slaking, L84, F|389/389\n|-damage|p2a: Slaking|341/389|[from] Stealth Rock\n|move|p1a: Kilowattrel|Discharge|p2a: Slaking\n|-damage|p2a: Slaking|236/389\n|\n|upkeep\n|turn|9\n|\n|t:|1781392444\n|switch|p1a: Articuno|Articuno, L86|295/295\n|-ability|p1a: Articuno|Pressure\n|move|p2a: Slaking|Double-Edge|p1a: Articuno\n|-damage|p1a: Articuno|37/295\n|-damage|p2a: Slaking|151/389|[from] Recoil\n|\n|upkeep\n|turn|10\n|\n|t:|1781392459\n|switch|p1a: Kilowattrel|Kilowattrel, L83, M|252/252\n|cant|p2a: Slaking|ability: Truant\n|\n|upkeep\n|turn|11\n|\n|t:|1781392464\n|move|p1a: Kilowattrel|U-turn|p2a: Slaking\n|-damage|p2a: Slaking|115/389\n|\n|t:|1781392477\n|switch|p1a: Gogoat|Gogoat, L88, F|301/360|[from] U-turn\n|-activate|p1a: Gogoat|move: Sticky Web\n|-unboost|p1a: Gogoat|spe|1\n|-status|p1a: Gogoat|psn\n|move|p2a: Slaking|Double-Edge|p1a: Gogoat\n|-damage|p1a: Gogoat|0 fnt\n|faint|p1a: Gogoat\n|-damage|p2a: Slaking|16/389|[from] Recoil\n|\n|upkeep\n|\n|t:|1781392478\n|switch|p1a: Espathra|Espathra, L80, F|283/283\n|-activate|p1a: Espathra|move: Sticky Web\n|-unboost|p1a: Espathra|spe|1\n|-status|p1a: Espathra|psn\n|turn|12\n|\n|t:|1781392485\n|switch|p2a: Spidops|Spidops, L96, M|232/271\n|move|p1a: Espathra|Calm Mind|p1a: Espathra\n|-boost|p1a: Espathra|spa|1\n|-boost|p1a: Espathra|spd|1\n|\n|-damage|p1a: Espathra|248/283 psn|[from] psn\n|-ability|p1a: Espathra|Speed Boost|boost\n|-boost|p1a: Espathra|spe|1\n|upkeep\n|turn|13\n|\n|t:|1781392495\n|move|p1a: Espathra|Protect|p1a: Espathra\n|-singleturn|p1a: Espathra|Protect\n|move|p2a: Spidops|U-turn|p1a: Espathra\n|-activate|p1a: Espathra|move: Protect\n|\n|-heal|p1a: Espathra|265/283 psn|[from] item: Leftovers\n|-damage|p1a: Espathra|230/283 psn|[from] psn\n|-ability|p1a: Espathra|Speed Boost|boost\n|-boost|p1a: Espathra|spe|1\n|upkeep\n|turn|14\n|\n|t:|1781392497\n|-terastallize|p1a: Espathra|Fairy\n|move|p1a: Espathra|Calm Mind|p1a: Espathra\n|-boost|p1a: Espathra|spa|1\n|-boost|p1a: Espathra|spd|1\n|move|p2a: Spidops|U-turn|p1a: Espathra\n|-resisted|p1a: Espathra\n|-damage|p1a: Espathra|172/283 psn\n|\n|t:|1781392506\n|switch|p2a: Slaking|Slaking, L84, F|16/389|[from] U-turn\n|-damage|p2a: Slaking|0 fnt|[from] Stealth Rock\n|faint|p2a: Slaking\n|\n|-heal|p1a: Espathra|189/283 psn|[from] item: Leftovers\n|-damage|p1a: Espathra|154/283 psn|[from] psn\n|-ability|p1a: Espathra|Speed Boost|boost\n|-boost|p1a: Espathra|spe|1\n|upkeep\n|\n|t:|1781392511\n|switch|p2a: Spidops|Spidops, L96, M|232/271\n|turn|15\n|\n|t:|1781392525\n|move|p1a: Espathra|Protect|p1a: Espathra\n|-singleturn|p1a: Espathra|Protect\n|move|p2a: Spidops|Knock Off|p1a: Espathra\n|-activate|p1a: Espathra|move: Protect\n|\n|-heal|p1a: Espathra|171/283 psn|[from] item: Leftovers\n|-damage|p1a: Espathra|136/283 psn|[from] psn\n|-ability|p1a: Espathra|Speed Boost|boost\n|-boost|p1a: Espathra|spe|1\n|upkeep\n|turn|16\n|\n|t:|1781392527\n|move|p1a: Espathra|Stored Power|p2a: Spidops\n|-damage|p2a: Spidops|0 fnt\n|faint|p2a: Spidops\n|\n|-heal|p1a: Espathra|153/283 psn|[from] item: Leftovers\n|-damage|p1a: Espathra|118/283 psn|[from] psn\n|-ability|p1a: Espathra|Speed Boost|boost\n|-boost|p1a: Espathra|spe|1\n|upkeep\n|\n|t:|1781392537\n|switch|p2a: Hitmonlee|Hitmonlee, L85, M|223/223\n|-damage|p2a: Hitmonlee|210/223|[from] Stealth Rock\n|turn|17\n|\n|t:|1781392555\n|switch|p2a: Sandy Shocks|Sandy Shocks, L80|267/267\n|move|p1a: Espathra|Dazzling Gleam|p2a: Sandy Shocks\n|-damage|p2a: Sandy Shocks|84/267\n|\n|-heal|p1a: Espathra|135/283 psn|[from] item: Leftovers\n|-damage|p1a: Espathra|100/283 psn|[from] psn\n|-ability|p1a: Espathra|Speed Boost|boost\n|-boost|p1a: Espathra|spe|1\n|upkeep\n|turn|18\n|\n|t:|1781392561\n|move|p1a: Espathra|Stored Power|p2a: Sandy Shocks\n|-damage|p2a: Sandy Shocks|0 fnt\n|faint|p2a: Sandy Shocks\n|-end|p2a: Sandy Shocks|Protosynthesis|[silent]\n|\n|-heal|p1a: Espathra|117/283 psn|[from] item: Leftovers\n|-damage|p1a: Espathra|82/283 psn|[from] psn\n|-ability|p1a: Espathra|Speed Boost|boost\n|-boost|p1a: Espathra|spe|1\n|upkeep\n|\n|t:|1781392563\n|switch|p2a: Hitmonlee|Hitmonlee, L85, M|210/223\n|-damage|p2a: Hitmonlee|197/223|[from] Stealth Rock\n|turn|19\n|\n|t:|1781392594\n|-terastallize|p2a: Hitmonlee|Fighting\n|move|p2a: Hitmonlee|Mach Punch|p1a: Espathra\n|-resisted|p1a: Espathra\n|-damage|p1a: Espathra|15/283 psn\n|move|p1a: Espathra|Stored Power|p2a: Hitmonlee\n|-supereffective|p2a: Hitmonlee\n|-damage|p2a: Hitmonlee|0 fnt\n|faint|p2a: Hitmonlee\n|\n|-heal|p1a: Espathra|32/283 psn|[from] item: Leftovers\n|-damage|p1a: Espathra|0 fnt|[from] psn\n|faint|p1a: Espathra\n|upkeep\n|\n|t:|1781392626\n|switch|p1a: Sandy Shocks|Sandy Shocks, L80|246/267\n|switch|p2a: Diancie|Diancie, L82|136/216\n|-activate|p1a: Sandy Shocks|move: Sticky Web\n|-unboost|p1a: Sandy Shocks|spe|1\n|-status|p1a: Sandy Shocks|psn\n|-damage|p2a: Diancie|109/216|[from] Stealth Rock\n|turn|20\n|\n|t:|1781392634\n|move|p1a: Sandy Shocks|Earth Power|p2a: Diancie\n|-supereffective|p2a: Diancie\n|-damage|p2a: Diancie|0 fnt\n|faint|p2a: Diancie\n|\n|-heal|p1a: Sandy Shocks|262/267 psn|[from] item: Leftovers\n|-damage|p1a: Sandy Shocks|229/267 psn|[from] psn\n|upkeep\n|\n|t:|1781392636\n|switch|p2a: Raikou|Raikou, L81|278/278\n|-damage|p2a: Raikou|244/278|[from] Stealth Rock\n|-ability|p2a: Raikou|Pressure\n|turn|21\n|\n|t:|1781392650\n|move|p2a: Raikou|Calm Mind|p2a: Raikou\n|-boost|p2a: Raikou|spa|1\n|-boost|p2a: Raikou|spd|1\n|move|p1a: Sandy Shocks|Earth Power|p2a: Raikou\n|-supereffective|p2a: Raikou\n|-damage|p2a: Raikou|118/278\n|\n|-heal|p2a: Raikou|135/278|[from] item: Leftovers\n|-heal|p1a: Sandy Shocks|245/267 psn|[from] item: Leftovers\n|-damage|p1a: Sandy Shocks|212/267 psn|[from] psn\n|upkeep\n|turn|22\n|\n|t:|1781392654\n|move|p2a: Raikou|Scald|p1a: Sandy Shocks\n|-supereffective|p1a: Sandy Shocks\n|-damage|p1a: Sandy Shocks|20/267 psn\n|move|p1a: Sandy Shocks|Earth Power|p2a: Raikou\n|-supereffective|p2a: Raikou\n|-damage|p2a: Raikou|9/278\n|\n|-heal|p2a: Raikou|26/278|[from] item: Leftovers\n|-heal|p1a: Sandy Shocks|36/267 psn|[from] item: Leftovers\n|-damage|p1a: Sandy Shocks|3/267 psn|[from] psn\n|upkeep\n|turn|23\n|\n|t:|1781392662\n|move|p2a: Raikou|Scald|p1a: Sandy Shocks\n|-supereffective|p1a: Sandy Shocks\n|-damage|p1a: Sandy Shocks|0 fnt\n|faint|p1a: Sandy Shocks\n|-end|p1a: Sandy Shocks|Protosynthesis|[silent]\n|\n|-heal|p2a: Raikou|43/278|[from] item: Leftovers\n|upkeep\n|\n|t:|1781392675\n|switch|p1a: Kilowattrel|Kilowattrel, L83, M|252/252\n|turn|24\n|\n|t:|1781392677\n|move|p1a: Kilowattrel|U-turn|p2a: Raikou\n|-damage|p2a: Raikou|0 fnt\n|faint|p2a: Raikou\n|\n|win|whatisnexthuh\n", "uploadtime": 1781392120, "views": 3, "formatid": "gen9randombattle", "rating": null, "private": 0, "password": null}