{"id": "gen9randombattle-2631377584", "format": "[Gen 9] Random Battle", "players": ["discodiscogoodgood", "Cygnus11235"], "log": "|j|\u2606discodiscogoodgood\n|j|\u2606Cygnus11235\n|t:|1781377498\n|gametype|singles\n|player|p1|discodiscogoodgood|musician|2031\n|player|p2|Cygnus11235|101|2047\n|gen|9\n|tier|[Gen 9] Random Battle\n|rated|\n|rule|Species Clause: Limit one of each Pok\u00e9mon\n|rule|HP Percentage Mod: HP is shown in percentages\n|rule|Sleep Clause Mod: Limit one foe put to sleep\n|rule|Illusion Level Mod: Illusion disguises the Pok\u00e9mon's true level\n|\n|t:|1781377498\n|teamsize|p1|6\n|teamsize|p2|6\n|start\n|switch|p1a: Honchkrow|Honchkrow, L86, F|312/312\n|switch|p2a: Dialga|Dialga-Origin, L73|266/266\n|-ability|p2a: Dialga|Pressure\n|turn|1\n|l|\u2606Cygnus11235\n|player|p2|\n|inactive|Battle timer is ON: inactive players will automatically lose when time's up. (requested by discodiscogoodgood)\n|j|\u2606Cygnus11235\n|inactive|Cygnus11235 reconnected and has 125 seconds left.\n|player|p2|Cygnus11235|101|\n|inactive|Cygnus11235 has 120 seconds left.\n|\n|t:|1781377561\n|switch|p1a: Ting-Lu|Ting-Lu, L78|370/370\n|-ability|p1a: Ting-Lu|Vessel of Ruin\n|move|p2a: Dialga|Flash Cannon|p1a: Ting-Lu\n|-damage|p1a: Ting-Lu|276/370\n|\n|-heal|p1a: Ting-Lu|299/370|[from] item: Leftovers\n|upkeep\n|turn|2\n|\n|t:|1781377570\n|switch|p2a: Misdreavus|Misdreavus, L90, M|254/254\n|move|p1a: Ting-Lu|Earthquake|p2a: Misdreavus\n|-immune|p2a: Misdreavus|[from] ability: Levitate\n|\n|-heal|p1a: Ting-Lu|322/370|[from] item: Leftovers\n|upkeep\n|turn|3\n|\n|t:|1781377573\n|move|p2a: Misdreavus|Will-O-Wisp|p1a: Ting-Lu\n|-status|p1a: Ting-Lu|brn\n|move|p1a: Ting-Lu|Spikes|p2a: Misdreavus\n|-sidestart|p2: Cygnus11235|Spikes\n|\n|-heal|p1a: Ting-Lu|345/370 brn|[from] item: Leftovers\n|-damage|p1a: Ting-Lu|322/370 brn|[from] brn\n|upkeep\n|turn|4\n|\n|t:|1781377576\n|move|p2a: Misdreavus|Calm Mind|p2a: Misdreavus\n|-boost|p2a: Misdreavus|spa|1\n|-boost|p2a: Misdreavus|spd|1\n|move|p1a: Ting-Lu|Spikes|p2a: Misdreavus\n|-sidestart|p2: Cygnus11235|Spikes\n|\n|-heal|p1a: Ting-Lu|345/370 brn|[from] item: Leftovers\n|-damage|p1a: Ting-Lu|322/370 brn|[from] brn\n|upkeep\n|turn|5\n|\n|t:|1781377579\n|move|p2a: Misdreavus|Calm Mind|p2a: Misdreavus\n|-boost|p2a: Misdreavus|spa|1\n|-boost|p2a: Misdreavus|spd|1\n|move|p1a: Ting-Lu|Whirlwind|p2a: Misdreavus\n|drag|p2a: Dialga|Dialga-Origin, L73|266/266\n|-damage|p2a: Dialga|222/266|[from] Spikes\n|-ability|p2a: Dialga|Pressure\n|\n|-heal|p1a: Ting-Lu|345/370 brn|[from] item: Leftovers\n|-damage|p1a: Ting-Lu|322/370 brn|[from] brn\n|upkeep\n|turn|6\n|\n|t:|1781377591\n|switch|p2a: Hitmontop|Hitmontop, L88, M|231/231\n|-damage|p2a: Hitmontop|193/231|[from] Spikes\n|-ability|p2a: Hitmontop|Intimidate|boost\n|-unboost|p1a: Ting-Lu|atk|1\n|move|p1a: Ting-Lu|Earthquake|p2a: Hitmontop\n|-damage|p2a: Hitmontop|163/231\n|\n|-heal|p1a: Ting-Lu|345/370 brn|[from] item: Leftovers\n|-damage|p1a: Ting-Lu|322/370 brn|[from] brn\n|upkeep\n|turn|7\n|\n|t:|1781377596\n|switch|p1a: Azelf|Azelf, L82|257/257\n|move|p2a: Hitmontop|Rapid Spin|p1a: Azelf\n|-damage|p1a: Azelf|213/257\n|-boost|p2a: Hitmontop|spe|1\n|-sideend|p2: Cygnus11235|Spikes|[from] move: Rapid Spin|[of] p2a: Hitmontop\n|\n|-heal|p1a: Azelf|229/257|[from] item: Leftovers\n|upkeep\n|turn|8\n|\n|t:|1781377603\n|switch|p2a: Krookodile|Krookodile, L79, M|280/280\n|-ability|p2a: Krookodile|Intimidate|boost\n|-unboost|p1a: Azelf|atk|1\n|move|p1a: Azelf|Knock Off|p2a: Krookodile\n|-resisted|p2a: Krookodile\n|-damage|p2a: Krookodile|251/280\n|-enditem|p2a: Krookodile|Life Orb|[from] move: Knock Off|[of] p1a: Azelf\n|\n|-heal|p1a: Azelf|245/257|[from] item: Leftovers\n|upkeep\n|turn|9\n|\n|t:|1781377608\n|switch|p1a: Landorus|Landorus-Therian, L76, M|260/260\n|-ability|p1a: Landorus|Intimidate|boost\n|-unboost|p2a: Krookodile|atk|1\n|move|p2a: Krookodile|Knock Off|p1a: Landorus\n|-damage|p1a: Landorus|187/260\n|-enditem|p1a: Landorus|Leftovers|[from] move: Knock Off|[of] p2a: Krookodile\n|\n|upkeep\n|turn|10\n|\n|t:|1781377614\n|switch|p2a: Misdreavus|Misdreavus, L90, M|254/254\n|move|p1a: Landorus|U-turn|p2a: Misdreavus\n|-resisted|p2a: Misdreavus\n|-damage|p2a: Misdreavus|233/254\n|\n|t:|1781377624\n|switch|p1a: Azelf|Azelf, L82|245/257|[from] U-turn\n|\n|-heal|p1a: Azelf|257/257|[from] item: Leftovers\n|upkeep\n|turn|11\n|\n|t:|1781377627\n|move|p1a: Azelf|Knock Off|p2a: Misdreavus\n|-supereffective|p2a: Misdreavus\n|-damage|p2a: Misdreavus|103/254\n|-enditem|p2a: Misdreavus|Eviolite|[from] move: Knock Off|[of] p1a: Azelf\n|move|p2a: Misdreavus|Shadow Ball|p1a: Azelf\n|-supereffective|p1a: Azelf\n|-damage|p1a: Azelf|27/257\n|\n|-heal|p1a: Azelf|43/257|[from] item: Leftovers\n|upkeep\n|turn|12\n|\n|t:|1781377643\n|switch|p2a: Drifblim|Drifblim, L86, M|396/396\n|move|p1a: Azelf|Psychic|p2a: Drifblim\n|-damage|p2a: Drifblim|239/396\n|-unboost|p2a: Drifblim|spd|1\n|\n|-heal|p1a: Azelf|59/257|[from] item: Leftovers\n|upkeep\n|turn|13\n|\n|t:|1781377648\n|move|p1a: Azelf|Psychic|p2a: Drifblim\n|-damage|p2a: Drifblim|28/396\n|-enditem|p2a: Drifblim|Sitrus Berry|[eat]\n|-heal|p2a: Drifblim|127/396|[from] item: Sitrus Berry\n|move|p2a: Drifblim|Shadow Ball|p1a: Azelf\n|-supereffective|p1a: Azelf\n|-damage|p1a: Azelf|0 fnt\n|faint|p1a: Azelf\n|\n|upkeep\n|\n|t:|1781377662\n|switch|p1a: Honchkrow|Honchkrow, L86, F|312/312\n|turn|14\n|l|\u2606Cygnus11235\n|inactive|Cygnus11235 disconnected and has a minute to reconnect!\n|player|p2|\n|j|\u2606Cygnus11235\n|inactive|Cygnus11235 reconnected and has 130 seconds left.\n|player|p2|Cygnus11235|101|\n|\n|t:|1781377688\n|move|p2a: Drifblim|Strength Sap|p1a: Honchkrow\n|-unboost|p1a: Honchkrow|atk|1\n|-heal|p2a: Drifblim|391/396\n|move|p1a: Honchkrow|Lash Out|p2a: Drifblim\n|-supereffective|p2a: Drifblim\n|-damage|p2a: Drifblim|0 fnt\n|faint|p2a: Drifblim\n|-ability|p1a: Honchkrow|Moxie|boost\n|-boost|p1a: Honchkrow|atk|1\n|\n|upkeep\n|\n|t:|1781377693\n|switch|p2a: Misdreavus|Misdreavus, L90, M|103/254\n|turn|15\n|l|\u2606Cygnus11235\n|inactive|Cygnus11235 disconnected and has a minute to reconnect!\n|player|p2|\n|inactive|discodiscogoodgood has 120 seconds left.\n|\n|t:|1781377725\n|switch|p1a: Ting-Lu|Ting-Lu, L78|322/370 brn\n|-ability|p1a: Ting-Lu|Vessel of Ruin\n|move|p2a: Misdreavus|Will-O-Wisp|p1a: Ting-Lu\n|-fail|p1a: Ting-Lu|brn\n|\n|-heal|p1a: Ting-Lu|345/370 brn|[from] item: Leftovers\n|-damage|p1a: Ting-Lu|322/370 brn|[from] brn\n|upkeep\n|turn|16\n|j|\u2606Cygnus11235\n|inactive|Cygnus11235 reconnected and has 120 seconds left.\n|player|p2|Cygnus11235|101|\n|\n|t:|1781377754\n|move|p2a: Misdreavus|Draining Kiss|p1a: Ting-Lu\n|-supereffective|p1a: Ting-Lu\n|-damage|p1a: Ting-Lu|254/370 brn\n|-heal|p2a: Misdreavus|154/254|[from] drain|[of] p1a: Ting-Lu\n|move|p1a: Ting-Lu|Spikes|p2a: Misdreavus\n|-sidestart|p2: Cygnus11235|Spikes\n|\n|-heal|p1a: Ting-Lu|277/370 brn|[from] item: Leftovers\n|-damage|p1a: Ting-Lu|254/370 brn|[from] brn\n|upkeep\n|turn|17\n|l|\u2606Cygnus11235\n|inactive|Cygnus11235 disconnected and has a minute to reconnect!\n|player|p2|\n|inactive|discodiscogoodgood has 120 seconds left.\n|j|\u2606Cygnus11235\n|inactive|Cygnus11235 reconnected.\n|player|p2|Cygnus11235|101|\n|\n|t:|1781377794\n|move|p2a: Misdreavus|Draining Kiss|p1a: Ting-Lu\n|-supereffective|p1a: Ting-Lu\n|-damage|p1a: Ting-Lu|186/370 brn\n|-heal|p2a: Misdreavus|205/254|[from] drain|[of] p1a: Ting-Lu\n|move|p1a: Ting-Lu|Whirlwind|p2a: Misdreavus\n|drag|p2a: Krookodile|Krookodile, L79, M|251/280\n|-damage|p2a: Krookodile|216/280|[from] Spikes\n|-ability|p2a: Krookodile|Intimidate|boost\n|-unboost|p1a: Ting-Lu|atk|1\n|\n|-heal|p1a: Ting-Lu|209/370 brn|[from] item: Leftovers\n|-damage|p1a: Ting-Lu|186/370 brn|[from] brn\n|upkeep\n|turn|18\n|l|\u2606Cygnus11235\n|inactive|Cygnus11235 disconnected and has a minute to reconnect!\n|player|p2|\n|j|\u2606Cygnus11235\n|inactive|Cygnus11235 reconnected and has 125 seconds left.\n|player|p2|Cygnus11235|101|\n|inactive|Cygnus11235 has 120 seconds left.\n|\n|t:|1781377810\n|switch|p1a: Landorus|Landorus-Therian, L76, M|187/260\n|-ability|p1a: Landorus|Intimidate|boost\n|-unboost|p2a: Krookodile|atk|1\n|move|p2a: Krookodile|Earthquake|p1a: Landorus\n|-immune|p1a: Landorus\n|\n|upkeep\n|turn|19\n|\n|t:|1781377826\n|switch|p2a: Misdreavus|Misdreavus, L90, M|205/254\n|move|p1a: Landorus|U-turn|p2a: Misdreavus\n|-resisted|p2a: Misdreavus\n|-damage|p2a: Misdreavus|169/254\n|\n|t:|1781377832\n|switch|p1a: Zangoose|Zangoose, L85, M|263/263|[from] U-turn\n|\n|-status|p1a: Zangoose|tox|[from] item: Toxic Orb\n|upkeep\n|turn|20\n|\n|t:|1781377840\n|move|p2a: Misdreavus|Draining Kiss|p1a: Zangoose\n|-damage|p1a: Zangoose|214/263 tox\n|-heal|p2a: Misdreavus|206/254|[from] drain|[of] p1a: Zangoose\n|move|p1a: Zangoose|Knock Off|p2a: Misdreavus\n|-supereffective|p2a: Misdreavus\n|-damage|p2a: Misdreavus|12/254\n|\n|-damage|p1a: Zangoose|198/263 tox|[from] psn\n|upkeep\n|turn|21\n|inactive|discodiscogoodgood has 120 seconds left.\n|\n|t:|1781377845\n|move|p2a: Misdreavus|Draining Kiss|p1a: Zangoose\n|-damage|p1a: Zangoose|152/263 tox\n|-heal|p2a: Misdreavus|47/254|[from] drain|[of] p1a: Zangoose\n|move|p1a: Zangoose|Knock Off|p2a: Misdreavus\n|-supereffective|p2a: Misdreavus\n|-damage|p2a: Misdreavus|0 fnt\n|faint|p2a: Misdreavus\n|\n|-damage|p1a: Zangoose|120/263 tox|[from] psn\n|upkeep\n|\n|t:|1781377849\n|switch|p2a: Hitmontop|Hitmontop, L88, M|163/231\n|-damage|p2a: Hitmontop|135/231|[from] Spikes\n|-ability|p2a: Hitmontop|Intimidate|boost\n|-unboost|p1a: Zangoose|atk|1\n|turn|22\n|\n|t:|1781377856\n|move|p1a: Zangoose|Facade|p2a: Hitmontop\n|-damage|p2a: Hitmontop|0 fnt\n|faint|p2a: Hitmontop\n|\n|-damage|p1a: Zangoose|72/263 tox|[from] psn\n|upkeep\n|\n|t:|1781377863\n|switch|p2a: Krookodile|Krookodile, L79, M|216/280\n|-damage|p2a: Krookodile|181/280|[from] Spikes\n|-ability|p2a: Krookodile|Intimidate|boost\n|-unboost|p1a: Zangoose|atk|1\n|turn|23\n|\n|t:|1781377869\n|switch|p1a: Landorus|Landorus-Therian, L76, M|187/260\n|-ability|p1a: Landorus|Intimidate|boost\n|-unboost|p2a: Krookodile|atk|1\n|move|p2a: Krookodile|Stealth Rock|p1a: Landorus\n|-sidestart|p1: discodiscogoodgood|move: Stealth Rock\n|\n|upkeep\n|turn|24\n|\n|t:|1781377874\n|move|p2a: Krookodile|Knock Off|p1a: Landorus\n|-damage|p1a: Landorus|138/260\n|move|p1a: Landorus|Earthquake|p2a: Krookodile\n|-damage|p2a: Krookodile|31/280\n|\n|upkeep\n|turn|25\n|\n|t:|1781377878\n|move|p2a: Krookodile|Gunk Shot|p1a: Landorus\n|-resisted|p1a: Landorus\n|-damage|p1a: Landorus|109/260\n|move|p1a: Landorus|U-turn|p2a: Krookodile\n|-supereffective|p2a: Krookodile\n|-damage|p2a: Krookodile|0 fnt\n|faint|p2a: Krookodile\n|\n|t:|1781377886\n|switch|p1a: Ting-Lu|Ting-Lu, L78|186/370 brn|[from] U-turn\n|-damage|p1a: Ting-Lu|163/370 brn|[from] Stealth Rock\n|-ability|p1a: Ting-Lu|Vessel of Ruin\n|\n|-heal|p1a: Ting-Lu|186/370 brn|[from] item: Leftovers\n|-damage|p1a: Ting-Lu|163/370 brn|[from] brn\n|upkeep\n|\n|t:|1781377889\n|switch|p2a: Iron Hands|Iron Hands, L79|373/373\n|-damage|p2a: Iron Hands|327/373|[from] Spikes\n|turn|26\n|inactive|discodiscogoodgood has 120 seconds left.\n|\n|t:|1781377933\n|move|p2a: Iron Hands|Drain Punch|p1a: Ting-Lu\n|-supereffective|p1a: Ting-Lu\n|-damage|p1a: Ting-Lu|11/370 brn\n|-heal|p2a: Iron Hands|373/373|[from] drain|[of] p1a: Ting-Lu\n|move|p1a: Ting-Lu|Whirlwind|p2a: Iron Hands\n|-end|p2a: Iron Hands|Quark Drive|[silent]\n|drag|p2a: Dialga|Dialga-Origin, L73|222/266\n|-damage|p2a: Dialga|189/266|[from] Spikes\n|-ability|p2a: Dialga|Pressure\n|\n|-heal|p1a: Ting-Lu|34/370 brn|[from] item: Leftovers\n|-damage|p1a: Ting-Lu|11/370 brn|[from] brn\n|upkeep\n|turn|27\n|\n|t:|1781377943\n|move|p2a: Dialga|Flash Cannon|p1a: Ting-Lu\n|-damage|p1a: Ting-Lu|0 fnt\n|faint|p1a: Ting-Lu\n|\n|upkeep\n|inactive|discodiscogoodgood has 120 seconds left.\n|\n|t:|1781377951\n|switch|p1a: Zangoose|Zangoose, L85, M|72/263 tox\n|-damage|p1a: Zangoose|40/263 tox|[from] Stealth Rock\n|turn|28\n|\n|t:|1781377956\n|move|p1a: Zangoose|Close Combat|p2a: Dialga\n|-supereffective|p2a: Dialga\n|-damage|p2a: Dialga|0 fnt\n|-unboost|p1a: Zangoose|def|1\n|-unboost|p1a: Zangoose|spd|1\n|faint|p2a: Dialga\n|\n|-damage|p1a: Zangoose|24/263 tox|[from] psn\n|upkeep\n|\n|t:|1781377959\n|switch|p2a: Iron Hands|Iron Hands, L79|373/373\n|-damage|p2a: Iron Hands|327/373|[from] Spikes\n|turn|29\n|\n|t:|1781377964\n|move|p1a: Zangoose|Facade|p2a: Iron Hands\n|-damage|p2a: Iron Hands|98/373\n|move|p2a: Iron Hands|Swords Dance|p2a: Iron Hands\n|-boost|p2a: Iron Hands|atk|2\n|\n|-heal|p2a: Iron Hands|121/373|[from] item: Leftovers\n|-damage|p1a: Zangoose|0 fnt|[from] psn\n|faint|p1a: Zangoose\n|upkeep\n|\n|t:|1781377967\n|switch|p1a: Landorus|Landorus-Therian, L76, M|109/260\n|-damage|p1a: Landorus|77/260|[from] Stealth Rock\n|-ability|p1a: Landorus|Intimidate|boost\n|-unboost|p2a: Iron Hands|atk|1\n|turn|30\n|\n|t:|1781377972\n|-terastallize|p2a: Iron Hands|Flying\n|move|p1a: Landorus|Earthquake|p2a: Iron Hands\n|-immune|p2a: Iron Hands\n|move|p2a: Iron Hands|Drain Punch|p1a: Landorus\n|-resisted|p1a: Landorus\n|-damage|p1a: Landorus|0 fnt\n|-heal|p2a: Iron Hands|160/373|[from] drain|[of] p1a: Landorus\n|faint|p1a: Landorus\n|\n|-heal|p2a: Iron Hands|183/373|[from] item: Leftovers\n|upkeep\n|\n|t:|1781377975\n|switch|p1a: Honchkrow|Honchkrow, L86, F|312/312\n|turn|31\n|\n|t:|1781377986\n|move|p1a: Honchkrow|Brave Bird|p2a: Iron Hands\n|-damage|p2a: Iron Hands|23/373\n|-damage|p1a: Honchkrow|259/312|[from] Recoil\n|move|p2a: Iron Hands|Ice Punch|p1a: Honchkrow\n|-supereffective|p1a: Honchkrow\n|-damage|p1a: Honchkrow|0 fnt\n|faint|p1a: Honchkrow\n|\n|-heal|p2a: Iron Hands|46/373|[from] item: Leftovers\n|upkeep\n|\n|t:|1781377989\n|switch|p1a: Volcarona|Volcarona, L77, F|257/257\n|turn|32\n|l|\u2606Cygnus11235\n|inactive|Cygnus11235 disconnected and has a minute to reconnect!\n|player|p2|\n|j|\u2606Cygnus11235\n|inactive|Cygnus11235 reconnected.\n|player|p2|Cygnus11235|101|\n|inactive|discodiscogoodgood has 120 seconds left.\n|\n|t:|1781378042\n|move|p1a: Volcarona|Bug Buzz|p2a: Iron Hands\n|-resisted|p2a: Iron Hands\n|-damage|p2a: Iron Hands|0 fnt\n|faint|p2a: Iron Hands\n|-end|p2a: Iron Hands|Quark Drive|[silent]\n|\n|win|discodiscogoodgood\n", "uploadtime": 1781377501, "views": 6, "formatid": "gen9randombattle", "rating": null, "private": 0, "password": null}