{"id": "gen9randombattle-2631433400", "format": "[Gen 9] Random Battle", "players": ["OGKUSHONDECK", "ZannaBianca99"], "log": "|j|\u2606OGKUSHONDECK\n|j|\u2606ZannaBianca99\n|t:|1781384084\n|gametype|singles\n|player|p1|OGKUSHONDECK|biker-gen1rb|2018\n|player|p2|ZannaBianca99|169|2123\n|gen|9\n|tier|[Gen 9] Random Battle\n|rated|\n|rule|Species Clause: Limit one of each Pok\u00e9mon\n|rule|HP Percentage Mod: HP is shown in percentages\n|rule|Sleep Clause Mod: Limit one foe put to sleep\n|rule|Illusion Level Mod: Illusion disguises the Pok\u00e9mon's true level\n|\n|t:|1781384084\n|teamsize|p1|6\n|teamsize|p2|6\n|start\n|switch|p1a: Shiftry|Shiftry, L89, M|305/305\n|switch|p2a: Exeggutor|Exeggutor, L89, M|312/312\n|turn|1\n|\n|t:|1781384114\n|switch|p2a: Delibird|Delibird, F|252/252\n|move|p1a: Shiftry|Knock Off|p2a: Delibird\n|-damage|p2a: Delibird|64/252\n|-enditem|p2a: Delibird|Heavy-Duty Boots|[from] move: Knock Off|[of] p1a: Shiftry\n|-damage|p1a: Shiftry|275/305|[from] item: Life Orb\n|\n|upkeep\n|turn|2\n|\n|t:|1781384122\n|switch|p1a: Bronzong|Bronzong, L88|261/261\n|move|p2a: Delibird|Spikes|p1a: Bronzong\n|-sidestart|p1: OGKUSHONDECK|Spikes\n|\n|upkeep\n|turn|3\n|inactive|Battle timer is ON: inactive players will automatically lose when time's up. (requested by OGKUSHONDECK)\n|\n|t:|1781384133\n|switch|p2a: Exeggutor|Exeggutor, L89, M|312/312\n|move|p1a: Bronzong|Stealth Rock|p2a: Exeggutor\n|-sidestart|p2: ZannaBianca99|move: Stealth Rock\n|\n|upkeep\n|turn|4\n|\n|t:|1781384139\n|switch|p1a: Shiftry|Shiftry, L89, M|275/305\n|-damage|p1a: Shiftry|237/305|[from] Spikes\n|move|p2a: Exeggutor|Substitute|p2a: Exeggutor\n|-start|p2a: Exeggutor|Substitute\n|-damage|p2a: Exeggutor|234/312\n|\n|upkeep\n|turn|5\n|\n|t:|1781384145\n|move|p1a: Shiftry|Knock Off|p2a: Exeggutor\n|-supereffective|p2a: Exeggutor\n|-end|p2a: Exeggutor|Substitute\n|-damage|p1a: Shiftry|207/305|[from] item: Life Orb\n|move|p2a: Exeggutor|Giga Drain|p1a: Shiftry\n|-resisted|p1a: Shiftry\n|-damage|p1a: Shiftry|137/305\n|-heal|p2a: Exeggutor|269/312|[from] drain|[of] p1a: Shiftry\n|\n|upkeep\n|turn|6\n|\n|t:|1781384151\n|switch|p2a: Delibird|Delibird, F|64/252\n|-damage|p2a: Delibird|0 fnt|[from] Stealth Rock\n|faint|p2a: Delibird\n|move|p1a: Shiftry|Tailwind|p1a: Shiftry\n|-sidestart|p1: OGKUSHONDECK|move: Tailwind\n|-ability|p1a: Shiftry|Wind Rider|boost\n|-boost|p1a: Shiftry|atk|1\n|\n|upkeep\n|\n|t:|1781384155\n|switch|p2a: Morpeko|Morpeko, L88, M|245/245\n|-damage|p2a: Morpeko|215/245|[from] Stealth Rock\n|turn|7\n|\n|t:|1781384158\n|move|p1a: Shiftry|Leaf Blade|p2a: Morpeko\n|-damage|p2a: Morpeko|0 fnt\n|faint|p2a: Morpeko\n|-damage|p1a: Shiftry|107/305|[from] item: Life Orb\n|\n|upkeep\n|\n|t:|1781384162\n|switch|p2a: Electrode|Electrode-Hisui, L87|246/246\n|-damage|p2a: Electrode|216/246|[from] Stealth Rock\n|turn|8\n|\n|t:|1781384168\n|move|p1a: Shiftry|Knock Off|p2a: Electrode\n|-damage|p2a: Electrode|0 fnt\n|-enditem|p2a: Electrode|Leftovers|[from] move: Knock Off|[of] p1a: Shiftry\n|faint|p2a: Electrode\n|-damage|p1a: Shiftry|77/305|[from] item: Life Orb\n|\n|upkeep\n|-message|ZannaBianca99 forfeited.\n|\n|win|OGKUSHONDECK\n", "uploadtime": 1781384086, "views": 9, "formatid": "gen9randombattle", "rating": null, "private": 0, "password": null}