{"id": "gen9randombattle-2631581722", "format": "[Gen 9] Random Battle", "players": ["diegodprime", "blueeyes9899"], "log": "|j|\u2606diegodprime\n|j|\u2606blueeyes9899\n|t:|1781404331\n|gametype|singles\n|player|p1|diegodprime|102|1382\n|player|p2|blueeyes9899|266|1420\n|gen|9\n|tier|[Gen 9] Random Battle\n|rated|\n|rule|Species Clause: Limit one of each Pok\u00e9mon\n|rule|HP Percentage Mod: HP is shown in percentages\n|rule|Sleep Clause Mod: Limit one foe put to sleep\n|rule|Illusion Level Mod: Illusion disguises the Pok\u00e9mon's true level\n|\n|t:|1781404331\n|teamsize|p1|6\n|teamsize|p2|6\n|start\n|switch|p1a: Krookodile|Krookodile, L79, M|280/280\n|switch|p2a: Fezandipiti|Fezandipiti, L82, M|278/278\n|-ability|p1a: Krookodile|Intimidate|boost\n|-unboost|p2a: Fezandipiti|atk|1\n|turn|1\n|\n|t:|1781404357\n|-terastallize|p2a: Fezandipiti|Ground\n|move|p2a: Fezandipiti|Swords Dance|p2a: Fezandipiti\n|-boost|p2a: Fezandipiti|atk|2\n|move|p1a: Krookodile|Stealth Rock|p2a: Fezandipiti\n|-sidestart|p2: blueeyes9899|move: Stealth Rock\n|\n|upkeep\n|turn|2\n|\n|t:|1781404364\n|switch|p1a: Masquerain|Masquerain, L87, M|264/264\n|-ability|p1a: Masquerain|Intimidate|boost\n|-unboost|p2a: Fezandipiti|atk|1\n|move|p2a: Fezandipiti|Play Rough|p1a: Masquerain\n|-damage|p1a: Masquerain|164/264\n|-status|p1a: Masquerain|tox|[from] ability: Toxic Chain|[of] p2a: Fezandipiti\n|\n|-damage|p1a: Masquerain|148/264 tox|[from] psn\n|upkeep\n|turn|3\n|\n|t:|1781404380\n|move|p2a: Fezandipiti|Gunk Shot|p1a: Masquerain\n|-damage|p1a: Masquerain|7/264 tox\n|move|p1a: Masquerain|Hydro Pump|p2a: Fezandipiti|[miss]\n|-miss|p1a: Masquerain|p2a: Fezandipiti\n|\n|-damage|p1a: Masquerain|0 fnt|[from] psn\n|faint|p1a: Masquerain\n|upkeep\n|\n|t:|1781404408\n|switch|p1a: Mew|Mew, L82|298/298\n|turn|4\n|\n|t:|1781404429\n|move|p1a: Mew|Will-O-Wisp|p2a: Fezandipiti\n|-status|p2a: Fezandipiti|brn\n|move|p2a: Fezandipiti|Gunk Shot||[still]\n|-damage|p1a: Mew|246/298\n|-status|p1a: Mew|psn\n|-activate|p1a: Mew|ability: Synchronize\n|-fail|p1a: Mew\n|\n|-heal|p1a: Mew|264/298 psn|[from] item: Leftovers\n|-damage|p1a: Mew|227/298 psn|[from] psn\n|-damage|p2a: Fezandipiti|261/278 brn|[from] brn\n|upkeep\n|turn|5\n|\n|t:|1781404445\n|switch|p2a: Iron Thorns|Iron Thorns, L83|302/302\n|move|p1a: Mew|Psychic Noise|p2a: Iron Thorns\n|-damage|p2a: Iron Thorns|218/302\n|-start|p2a: Iron Thorns|move: Heal Block\n|\n|-heal|p1a: Mew|245/298 psn|[from] item: Leftovers\n|-damage|p1a: Mew|208/298 psn|[from] psn\n|upkeep\n|turn|6\n|\n|t:|1781404460\n|move|p1a: Mew|Will-O-Wisp|p2a: Iron Thorns\n|-status|p2a: Iron Thorns|brn\n|move|p2a: Iron Thorns|Spikes|p1a: Mew\n|-sidestart|p1: diegodprime|Spikes\n|\n|-heal|p1a: Mew|226/298 psn|[from] item: Leftovers\n|-damage|p1a: Mew|189/298 psn|[from] psn\n|-damage|p2a: Iron Thorns|200/302 brn|[from] brn\n|-end|p2a: Iron Thorns|move: Heal Block\n|upkeep\n|turn|7\n|\n|t:|1781404473\n|move|p1a: Mew|U-turn|p2a: Iron Thorns\n|-damage|p2a: Iron Thorns|155/302 brn\n|\n|t:|1781404476\n|switch|p1a: Krookodile|Krookodile, L79, M|280/280|[from] U-turn\n|-damage|p1a: Krookodile|245/280|[from] Spikes\n|-ability|p1a: Krookodile|Intimidate|boost\n|-unboost|p2a: Iron Thorns|atk|1\n|move|p2a: Iron Thorns|Stone Edge|p1a: Krookodile\n|-resisted|p1a: Krookodile\n|-crit|p1a: Krookodile\n|-damage|p1a: Krookodile|184/280\n|\n|-damage|p2a: Iron Thorns|137/302 brn|[from] brn\n|upkeep\n|turn|8\n|\n|t:|1781404489\n|move|p1a: Krookodile|Knock Off|p2a: Iron Thorns\n|-damage|p2a: Iron Thorns|27/302 brn\n|-enditem|p2a: Iron Thorns|Heavy-Duty Boots|[from] move: Knock Off|[of] p1a: Krookodile\n|-damage|p1a: Krookodile|156/280|[from] item: Life Orb\n|move|p2a: Iron Thorns|Spikes|p1a: Krookodile\n|-sidestart|p1: diegodprime|Spikes\n|\n|-damage|p2a: Iron Thorns|9/302 brn|[from] brn\n|upkeep\n|turn|9\n|\n|t:|1781404498\n|move|p1a: Krookodile|Knock Off|p2a: Iron Thorns\n|-damage|p2a: Iron Thorns|0 fnt\n|faint|p2a: Iron Thorns\n|-end|p2a: Iron Thorns|Quark Drive|[silent]\n|-damage|p1a: Krookodile|128/280|[from] item: Life Orb\n|\n|upkeep\n|\n|t:|1781404512\n|switch|p2a: Oricorio|Oricorio-Sensu, L85, M|266/266\n|turn|10\n|\n|t:|1781404515\n|move|p2a: Oricorio|Hurricane|p1a: Krookodile\n|-damage|p1a: Krookodile|0 fnt\n|faint|p1a: Krookodile\n|\n|upkeep\n|\n|t:|1781404526\n|switch|p1a: Cresselia|Cresselia, L80, F|323/323\n|turn|11\n|\n|t:|1781404534\n|move|p2a: Oricorio|Quiver Dance|p2a: Oricorio\n|-boost|p2a: Oricorio|spa|1\n|-boost|p2a: Oricorio|spd|1\n|-boost|p2a: Oricorio|spe|1\n|move|p1a: Cresselia|Calm Mind|p1a: Cresselia\n|-boost|p1a: Cresselia|spa|1\n|-boost|p1a: Cresselia|spd|1\n|\n|upkeep\n|turn|12\n|\n|t:|1781404546\n|-terastallize|p1a: Cresselia|Electric\n|move|p2a: Oricorio|Quiver Dance|p2a: Oricorio\n|-boost|p2a: Oricorio|spa|1\n|-boost|p2a: Oricorio|spd|1\n|-boost|p2a: Oricorio|spe|1\n|move|p1a: Cresselia|Calm Mind|p1a: Cresselia\n|-boost|p1a: Cresselia|spa|1\n|-boost|p1a: Cresselia|spd|1\n|\n|upkeep\n|turn|13\n|\n|t:|1781404555\n|move|p2a: Oricorio|Revelation Dance|p1a: Cresselia\n|-damage|p1a: Cresselia|245/323\n|move|p1a: Cresselia|Psyshock|p2a: Oricorio\n|-damage|p2a: Oricorio|116/266\n|\n|-heal|p1a: Cresselia|265/323|[from] item: Leftovers\n|upkeep\n|turn|14\n|\n|t:|1781404570\n|move|p2a: Oricorio|Revelation Dance|p1a: Cresselia\n|-crit|p1a: Cresselia\n|-damage|p1a: Cresselia|15/323\n|move|p1a: Cresselia|Psyshock|p2a: Oricorio\n|-damage|p2a: Oricorio|0 fnt\n|faint|p2a: Oricorio\n|\n|-heal|p1a: Cresselia|35/323|[from] item: Leftovers\n|upkeep\n|\n|t:|1781404583\n|switch|p2a: Fezandipiti|Fezandipiti, L82, M, tera:Ground|261/278 brn\n|-damage|p2a: Fezandipiti|244/278 brn|[from] Stealth Rock\n|turn|15\n|\n|t:|1781404595\n|move|p2a: Fezandipiti|Play Rough|p1a: Cresselia|[miss]\n|-miss|p2a: Fezandipiti|p1a: Cresselia\n|move|p1a: Cresselia|Moonlight|p1a: Cresselia\n|-heal|p1a: Cresselia|196/323\n|\n|-heal|p2a: Fezandipiti|261/278 brn|[from] item: Leftovers\n|-heal|p1a: Cresselia|216/323|[from] item: Leftovers\n|-damage|p2a: Fezandipiti|244/278 brn|[from] brn\n|upkeep\n|turn|16\n|\n|t:|1781404606\n|move|p2a: Fezandipiti|Gunk Shot|p1a: Cresselia\n|-damage|p1a: Cresselia|168/323\n|move|p1a: Cresselia|Moonlight|p1a: Cresselia\n|-heal|p1a: Cresselia|323/323\n|\n|-heal|p2a: Fezandipiti|261/278 brn|[from] item: Leftovers\n|-damage|p2a: Fezandipiti|244/278 brn|[from] brn\n|upkeep\n|turn|17\n|\n|t:|1781404616\n|move|p2a: Fezandipiti|Play Rough|p1a: Cresselia\n|-damage|p1a: Cresselia|288/323\n|move|p1a: Cresselia|Psyshock|p2a: Fezandipiti\n|-damage|p2a: Fezandipiti|106/278 brn\n|\n|-heal|p2a: Fezandipiti|123/278 brn|[from] item: Leftovers\n|-heal|p1a: Cresselia|308/323|[from] item: Leftovers\n|-damage|p2a: Fezandipiti|106/278 brn|[from] brn\n|upkeep\n|turn|18\n|\n|t:|1781404625\n|move|p2a: Fezandipiti|Play Rough|p1a: Cresselia\n|-damage|p1a: Cresselia|270/323\n|-status|p1a: Cresselia|tox|[from] ability: Toxic Chain|[of] p2a: Fezandipiti\n|move|p1a: Cresselia|Psyshock|p2a: Fezandipiti\n|-damage|p2a: Fezandipiti|0 fnt\n|faint|p2a: Fezandipiti\n|\n|-heal|p1a: Cresselia|290/323 tox|[from] item: Leftovers\n|-damage|p1a: Cresselia|270/323 tox|[from] psn\n|upkeep\n|\n|t:|1781404638\n|switch|p2a: Avalugg|Avalugg-Hisui, L90, M|317/317\n|turn|19\n|\n|t:|1781404654\n|move|p1a: Cresselia|Thunderbolt|p2a: Avalugg\n|-damage|p2a: Avalugg|88/317\n|move|p2a: Avalugg|Avalanche|p1a: Cresselia\n|-damage|p1a: Cresselia|104/323 tox\n|\n|-heal|p1a: Cresselia|124/323 tox|[from] item: Leftovers\n|-damage|p1a: Cresselia|84/323 tox|[from] psn\n|upkeep\n|turn|20\n|\n|t:|1781404663\n|move|p1a: Cresselia|Calm Mind|p1a: Cresselia\n|-boost|p1a: Cresselia|spa|1\n|-boost|p1a: Cresselia|spd|1\n|move|p2a: Avalugg|Recover|p2a: Avalugg\n|-heal|p2a: Avalugg|247/317\n|\n|-heal|p1a: Cresselia|104/323 tox|[from] item: Leftovers\n|-damage|p1a: Cresselia|44/323 tox|[from] psn\n|upkeep\n|turn|21\n|\n|t:|1781404671\n|move|p1a: Cresselia|Moonlight|p1a: Cresselia\n|-heal|p1a: Cresselia|205/323 tox\n|move|p2a: Avalugg|Body Press|p1a: Cresselia\n|-damage|p1a: Cresselia|102/323 tox\n|\n|-heal|p1a: Cresselia|122/323 tox|[from] item: Leftovers\n|-damage|p1a: Cresselia|42/323 tox|[from] psn\n|upkeep\n|turn|22\n|\n|t:|1781404681\n|move|p1a: Cresselia|Thunderbolt|p2a: Avalugg\n|-damage|p2a: Avalugg|0 fnt\n|faint|p2a: Avalugg\n|\n|-heal|p1a: Cresselia|62/323 tox|[from] item: Leftovers\n|-damage|p1a: Cresselia|0 fnt|[from] psn\n|faint|p1a: Cresselia\n|upkeep\n|\n|t:|1781404689\n|switch|p1a: Mew|Mew, L82|189/298 psn\n|switch|p2a: Victreebel|Victreebel, L90, M|290/290\n|-damage|p1a: Mew|140/298 psn|[from] Spikes\n|-damage|p2a: Victreebel|254/290|[from] Stealth Rock\n|turn|23\n|\n|t:|1781404702\n|move|p1a: Mew|Psychic Noise|p2a: Victreebel\n|-supereffective|p2a: Victreebel\n|-damage|p2a: Victreebel|86/290\n|-start|p2a: Victreebel|move: Heal Block\n|move|p2a: Victreebel|Power Whip|p1a: Mew\n|-damage|p1a: Mew|0 fnt\n|faint|p1a: Mew\n|-damage|p2a: Victreebel|57/290|[from] item: Life Orb\n|\n|upkeep\n|\n|t:|1781404708\n|switch|p1a: Rayquaza|Rayquaza, L72|270/270\n|-ability|p1a: Rayquaza|Air Lock\n|turn|24\n|\n|t:|1781404717\n|move|p1a: Rayquaza|Dragon Dance|p1a: Rayquaza\n|-boost|p1a: Rayquaza|atk|1\n|-boost|p1a: Rayquaza|spe|1\n|move|p2a: Victreebel|Sludge Wave|p1a: Rayquaza\n|-damage|p1a: Rayquaza|98/270\n|-damage|p2a: Victreebel|28/290|[from] item: Life Orb\n|\n|-end|p2a: Victreebel|move: Heal Block\n|upkeep\n|turn|25\n|\n|t:|1781404758\n|switch|p1a: Alcremie|Alcremie-Rainbow-Swirl, L90, F|263/263\n|-damage|p1a: Alcremie|220/263|[from] Spikes\n|move|p2a: Victreebel|Sludge Wave|p1a: Alcremie\n|-supereffective|p1a: Alcremie\n|-damage|p1a: Alcremie|0 fnt\n|faint|p1a: Alcremie\n|-damage|p2a: Victreebel|0 fnt|[from] item: Life Orb\n|faint|p2a: Victreebel\n|\n|upkeep\n|\n|t:|1781404767\n|switch|p2a: Tsareena|Tsareena, L87, F|267/267\n|switch|p1a: Rayquaza|Rayquaza, L72|98/270\n|-ability|p1a: Rayquaza|Air Lock\n|turn|26\n|\n|t:|1781404783\n|move|p1a: Rayquaza|Dragon Ascent|p2a: Tsareena\n|-supereffective|p2a: Tsareena\n|-crit|p2a: Tsareena\n|-damage|p2a: Tsareena|0 fnt\n|-unboost|p1a: Rayquaza|def|1\n|-unboost|p1a: Rayquaza|spd|1\n|faint|p2a: Tsareena\n|\n|win|diegodprime\n|raw|diegodprime's rating: 1382 &rarr; <strong>1404</strong><br />(+22 for winning)\n|raw|blueeyes9899's rating: 1420 &rarr; <strong>1398</strong><br />(-22 for losing)\n", "uploadtime": 1781404790, "views": 4, "formatid": "gen9randombattle", "rating": 1398, "private": 0, "password": null}