{"id": "gen9randombattle-2631651558", "format": "[Gen 9] Random Battle", "players": ["shoddy battler", "Colddeckj"], "log": "|j|\u2606shoddy battler\n|j|\u2606Colddeckj\n|t:|1781415160\n|gametype|singles\n|player|p1|shoddy battler|beauty-gen4dp|2092\n|player|p2|Colddeckj|wattson|2060\n|gen|9\n|tier|[Gen 9] Random Battle\n|rated|\n|rule|Species Clause: Limit one of each Pok\u00e9mon\n|rule|HP Percentage Mod: HP is shown in percentages\n|rule|Sleep Clause Mod: Limit one foe put to sleep\n|rule|Illusion Level Mod: Illusion disguises the Pok\u00e9mon's true level\n|\n|t:|1781415160\n|teamsize|p1|6\n|teamsize|p2|6\n|start\n|switch|p1a: Dugtrio|Dugtrio, L84, F|196/196\n|switch|p2a: Munkidori|Munkidori, L79, M|269/269\n|turn|1\n|inactive|Battle timer is ON: inactive players will automatically lose when time's up. (requested by Colddeckj)\n|c|\u2606Colddeckj|Well that\u2019s an unfortunate lead\n|\n|t:|1781415184\n|move|p2a: Munkidori|Fake Out|p1a: Dugtrio\n|-damage|p1a: Dugtrio|165/196\n|cant|p1a: Dugtrio|flinch\n|\n|upkeep\n|turn|2\n|c|\u2606shoddy battler|yeah\n|\n|t:|1781415192\n|move|p1a: Dugtrio|Earthquake|p2a: Munkidori\n|-supereffective|p2a: Munkidori\n|-damage|p2a: Munkidori|0 fnt\n|faint|p2a: Munkidori\n|\n|upkeep\n|\n|t:|1781415198\n|switch|p2a: Chimecho|Chimecho, L93, M|290/290\n|turn|3\n|\n|t:|1781415203\n|switch|p1a: Skuntank|Skuntank, L84, F|310/310\n|move|p2a: Chimecho|Dazzling Gleam|p1a: Skuntank\n|-damage|p1a: Skuntank|225/310\n|\n|upkeep\n|turn|4\n|\n|t:|1781415212\n|move|p1a: Skuntank|Knock Off|p2a: Chimecho\n|-supereffective|p2a: Chimecho\n|-damage|p2a: Chimecho|48/290\n|-enditem|p2a: Chimecho|Leftovers|[from] move: Knock Off|[of] p1a: Skuntank\n|-damage|p1a: Skuntank|194/310|[from] item: Life Orb\n|move|p2a: Chimecho|Dazzling Gleam|p1a: Skuntank\n|-damage|p1a: Skuntank|107/310\n|\n|upkeep\n|turn|5\n|\n|t:|1781415217\n|move|p1a: Skuntank|Knock Off|p2a: Chimecho\n|-supereffective|p2a: Chimecho\n|-damage|p2a: Chimecho|0 fnt\n|faint|p2a: Chimecho\n|-damage|p1a: Skuntank|76/310|[from] item: Life Orb\n|\n|upkeep\n|\n|t:|1781415224\n|switch|p2a: Iron Moth|Iron Moth, L78|253/253\n|turn|6\n|\n|t:|1781415231\n|switch|p1a: Volcanion|Volcanion, L79|256/256\n|move|p2a: Iron Moth|Fiery Dance|p1a: Volcanion\n|-resisted|p1a: Volcanion\n|-damage|p1a: Volcanion|230/256\n|-boost|p2a: Iron Moth|spa|1\n|\n|upkeep\n|turn|7\n|\n|t:|1781415242\n|-end|p2a: Iron Moth|Quark Drive|[silent]\n|switch|p2a: Miraidon|Miraidon, L65|238/238\n|-fieldstart|move: Electric Terrain|[from] ability: Hadron Engine|[of] p2a: Miraidon\n|move|p1a: Volcanion|Flamethrower|p2a: Miraidon\n|-resisted|p2a: Miraidon\n|-damage|p2a: Miraidon|181/238\n|\n|upkeep\n|turn|8\n|\n|t:|1781415252\n|switch|p1a: Skuntank|Skuntank, L84, F|76/310\n|move|p2a: Miraidon|Draco Meteor|p1a: Skuntank|[miss]\n|-miss|p2a: Miraidon|p1a: Skuntank\n|\n|upkeep\n|turn|9\n|\n|t:|1781415260\n|move|p2a: Miraidon|Draco Meteor|p1a: Skuntank\n|-damage|p1a: Skuntank|0 fnt\n|-unboost|p2a: Miraidon|spa|2\n|faint|p1a: Skuntank\n|\n|upkeep\n|\n|t:|1781415263\n|switch|p1a: Dugtrio|Dugtrio, L84, F|165/196\n|turn|10\n|\n|t:|1781415267\n|move|p1a: Dugtrio|Earthquake|p2a: Miraidon\n|-supereffective|p2a: Miraidon\n|-damage|p2a: Miraidon|0 fnt\n|faint|p2a: Miraidon\n|\n|upkeep\n|\n|t:|1781415274\n|switch|p2a: Cloyster|Cloyster, L80, M|211/211\n|turn|11\n|c|\u2606shoddy battler|generally a pretty tough matchup\n|\n|t:|1781415295\n|move|p1a: Dugtrio|Earthquake|p2a: Cloyster\n|-damage|p2a: Cloyster|142/211\n|move|p2a: Cloyster|Shell Smash|p2a: Cloyster\n|-unboost|p2a: Cloyster|def|1\n|-unboost|p2a: Cloyster|spd|1\n|-boost|p2a: Cloyster|atk|2\n|-boost|p2a: Cloyster|spa|2\n|-boost|p2a: Cloyster|spe|2\n|-enditem|p2a: Cloyster|White Herb\n|-clearnegativeboost|p2a: Cloyster|[silent]\n|\n|-fieldend|move: Electric Terrain\n|upkeep\n|turn|12\n|inactive|shoddy battler has 120 seconds left.\n|\n|t:|1781415315\n|move|p1a: Dugtrio|Sucker Punch|p2a: Cloyster\n|-damage|p2a: Cloyster|109/211\n|move|p2a: Cloyster|Icicle Spear|p1a: Dugtrio\n|-supereffective|p1a: Dugtrio\n|-damage|p1a: Dugtrio|9/196\n|-supereffective|p1a: Dugtrio\n|-damage|p1a: Dugtrio|0 fnt\n|faint|p1a: Dugtrio\n|-hitcount|p1: Dugtrio|2\n|\n|upkeep\n|\n|t:|1781415319\n|switch|p1a: Vileplume|Vileplume, L85, M|266/266\n|turn|13\n|\n|t:|1781415329\n|-terastallize|p1a: Vileplume|Water\n|move|p2a: Cloyster|Drill Run|p1a: Vileplume\n|-damage|p1a: Vileplume|167/266\n|-status|p2a: Cloyster|psn|[from] ability: Effect Spore|[of] p1a: Vileplume\n|move|p1a: Vileplume|Giga Drain|p2a: Cloyster\n|-supereffective|p2a: Cloyster\n|-damage|p2a: Cloyster|0 fnt\n|-heal|p1a: Vileplume|222/266|[from] drain|[of] p2a: Cloyster\n|faint|p2a: Cloyster\n|\n|-heal|p1a: Vileplume|238/266|[from] item: Leftovers\n|upkeep\n|\n|t:|1781415341\n|switch|p2a: Iron Moth|Iron Moth, L78|253/253\n|turn|14\n|\n|t:|1781415356\n|-terastallize|p2a: Iron Moth|Grass\n|move|p2a: Iron Moth|Fiery Dance|p1a: Vileplume\n|-resisted|p1a: Vileplume\n|-damage|p1a: Vileplume|190/266\n|move|p1a: Vileplume|Leech Seed|p2a: Iron Moth\n|-immune|p2a: Iron Moth\n|\n|-heal|p1a: Vileplume|206/266|[from] item: Leftovers\n|upkeep\n|turn|15\n|\n|t:|1781415364\n|move|p2a: Iron Moth|Energy Ball|p1a: Vileplume\n|-supereffective|p1a: Vileplume\n|-damage|p1a: Vileplume|0 fnt\n|faint|p1a: Vileplume\n|\n|upkeep\n|\n|t:|1781415373\n|switch|p1a: Rayquaza|Rayquaza, L72|270/270\n|-ability|p1a: Rayquaza|Air Lock\n|turn|16\n|\n|t:|1781415377\n|move|p2a: Iron Moth|Sludge Wave|p1a: Rayquaza\n|-damage|p1a: Rayquaza|146/270\n|move|p1a: Rayquaza|Dragon Dance|p1a: Rayquaza\n|-boost|p1a: Rayquaza|atk|1\n|-boost|p1a: Rayquaza|spe|1\n|\n|upkeep\n|turn|17\n|\n|t:|1781415382\n|move|p1a: Rayquaza|Dragon Ascent|p2a: Iron Moth\n|-supereffective|p2a: Iron Moth\n|-damage|p2a: Iron Moth|0 fnt\n|-unboost|p1a: Rayquaza|def|1\n|-unboost|p1a: Rayquaza|spd|1\n|faint|p2a: Iron Moth\n|-end|p2a: Iron Moth|Quark Drive|[silent]\n|\n|upkeep\n|\n|t:|1781415384\n|switch|p2a: Zangoose|Zangoose, L85, F|263/263\n|turn|18\n|\n|t:|1781415395\n|move|p2a: Zangoose|Quick Attack|p1a: Rayquaza\n|-damage|p1a: Rayquaza|62/270\n|move|p1a: Rayquaza|Dragon Ascent|p2a: Zangoose\n|-damage|p2a: Zangoose|19/263\n|-unboost|p1a: Rayquaza|def|1\n|-unboost|p1a: Rayquaza|spd|1\n|\n|-status|p2a: Zangoose|tox|[from] item: Toxic Orb\n|upkeep\n|turn|19\n|\n|t:|1781415401\n|move|p2a: Zangoose|Quick Attack|p1a: Rayquaza\n|-damage|p1a: Rayquaza|0 fnt\n|faint|p1a: Rayquaza\n|\n|-damage|p2a: Zangoose|3/263 tox|[from] psn\n|upkeep\n|\n|t:|1781415403\n|switch|p1a: Quagsire|Quagsire, L84, M|297/297\n|turn|20\n|\n|t:|1781415405\n|move|p2a: Zangoose|Facade|p1a: Quagsire\n|-damage|p1a: Quagsire|38/297\n|move|p1a: Quagsire|Earthquake|p2a: Zangoose\n|-crit|p2a: Zangoose\n|-damage|p2a: Zangoose|0 fnt\n|faint|p2a: Zangoose\n|\n|win|shoddy battler\n", "uploadtime": 1781415162, "views": 4, "formatid": "gen9randombattle", "rating": null, "private": 0, "password": null}