{"id": "gen9randombattle-2631645086", "format": "[Gen 9] Random Battle", "players": ["whisperwyrm", "sonoffin"], "log": "|j|\u2606whisperwyrm\n|j|\u2606sonoffin\n|t:|1781414027\n|gametype|singles\n|player|p1|whisperwyrm|170|2194\n|player|p2|sonoffin|hilbert-wonderlauncher|2208\n|gen|9\n|tier|[Gen 9] Random Battle\n|rated|\n|rule|Species Clause: Limit one of each Pok\u00e9mon\n|rule|HP Percentage Mod: HP is shown in percentages\n|rule|Sleep Clause Mod: Limit one foe put to sleep\n|rule|Illusion Level Mod: Illusion disguises the Pok\u00e9mon's true level\n|\n|t:|1781414027\n|teamsize|p1|6\n|teamsize|p2|6\n|start\n|switch|p1a: Enamorus|Enamorus, L79, F|247/247\n|switch|p2a: Iron Crown|Iron Crown, L78|268/268\n|turn|1\n|inactive|Battle timer is ON: inactive players will automatically lose when time's up. (requested by whisperwyrm)\n|\n|t:|1781414038\n|switch|p1a: Pyroar|Pyroar, L88, M|295/295\n|-ability|p1a: Pyroar|Unnerve\n|move|p2a: Iron Crown|Tachyon Cutter|p1a: Pyroar\n|-resisted|p1a: Pyroar\n|-damage|p1a: Pyroar|260/295\n|-resisted|p1a: Pyroar\n|-damage|p1a: Pyroar|229/295\n|-hitcount|p1a: Pyroar|2\n|\n|upkeep\n|turn|2\n|\n|t:|1781414053\n|-end|p2a: Iron Crown|Quark Drive|[silent]\n|switch|p2a: Manaphy|Manaphy, L78|284/284\n|move|p1a: Pyroar|Work Up|p1a: Pyroar\n|-boost|p1a: Pyroar|atk|1\n|-boost|p1a: Pyroar|spa|1\n|\n|upkeep\n|turn|3\n|\n|t:|1781414060\n|move|p1a: Pyroar|Hyper Voice|p2a: Manaphy\n|-damage|p2a: Manaphy|107/284\n|move|p2a: Manaphy|Hydro Pump|p1a: Pyroar\n|-supereffective|p1a: Pyroar\n|-damage|p1a: Pyroar|0 fnt\n|faint|p1a: Pyroar\n|\n|-heal|p2a: Manaphy|124/284|[from] item: Leftovers\n|upkeep\n|\n|t:|1781414070\n|switch|p1a: Enamorus|Enamorus, L79, F|247/247\n|turn|4\n|\n|t:|1781414074\n|move|p1a: Enamorus|Calm Mind|p1a: Enamorus\n|-boost|p1a: Enamorus|spa|1\n|-boost|p1a: Enamorus|spd|1\n|move|p2a: Manaphy|Ice Beam|p1a: Enamorus\n|-supereffective|p1a: Enamorus\n|-damage|p1a: Enamorus|159/247\n|\n|-heal|p1a: Enamorus|174/247|[from] item: Leftovers\n|-heal|p2a: Manaphy|141/284|[from] item: Leftovers\n|upkeep\n|turn|5\n|\n|t:|1781414083\n|move|p1a: Enamorus|Moonblast|p2a: Manaphy\n|-damage|p2a: Manaphy|0 fnt\n|faint|p2a: Manaphy\n|\n|-heal|p1a: Enamorus|189/247|[from] item: Leftovers\n|upkeep\n|\n|t:|1781414095\n|switch|p2a: Banette|Banette, L93, M|270/270\n|turn|6\n|\n|t:|1781414099\n|move|p1a: Enamorus|Moonblast|p2a: Banette\n|-damage|p2a: Banette|53/270\n|-unboost|p2a: Banette|spa|1\n|move|p2a: Banette|Poltergeist|p1a: Enamorus\n|-activate|p1a: Enamorus|move: Poltergeist|Leftovers\n|-damage|p1a: Enamorus|0 fnt\n|faint|p1a: Enamorus\n|-damage|p2a: Banette|26/270|[from] item: Life Orb\n|\n|upkeep\n|\n|t:|1781414111\n|switch|p1a: Klawf|Klawf, L90, M|272/272\n|turn|7\n|\n|t:|1781414116\n|move|p1a: Klawf|Knock Off|p2a: Banette\n|-supereffective|p2a: Banette\n|-damage|p2a: Banette|0 fnt\n|-enditem|p2a: Banette|Life Orb|[from] move: Knock Off|[of] p1a: Klawf\n|faint|p2a: Banette\n|-damage|p1a: Klawf|245/272|[from] item: Life Orb\n|\n|upkeep\n|\n|t:|1781414122\n|switch|p2a: Granbull|Granbull, L88, M|302/302\n|-ability|p2a: Granbull|Intimidate|boost\n|-unboost|p1a: Klawf|atk|1\n|turn|8\n|\n|t:|1781414127\n|move|p1a: Klawf|Stealth Rock|p2a: Granbull\n|-sidestart|p2: sonoffin|move: Stealth Rock\n|move|p2a: Granbull|Thunder Wave|p1a: Klawf\n|-status|p1a: Klawf|par\n|\n|upkeep\n|turn|9\n|\n|t:|1781414132\n|move|p2a: Granbull|Play Rough|p1a: Klawf\n|-damage|p1a: Klawf|152/272 par\n|move|p1a: Klawf|Knock Off|p2a: Granbull\n|-resisted|p2a: Granbull\n|-damage|p2a: Granbull|267/302\n|-enditem|p2a: Granbull|Leftovers|[from] move: Knock Off|[of] p1a: Klawf\n|-damage|p1a: Klawf|125/272 par|[from] item: Life Orb\n|\n|upkeep\n|turn|10\n|\n|t:|1781414140\n|move|p2a: Granbull|Thunder Wave|p1a: Klawf\n|-fail|p1a: Klawf|par\n|move|p1a: Klawf|Stone Edge|p2a: Granbull\n|-damage|p2a: Granbull|145/302\n|-damage|p1a: Klawf|98/272 par|[from] item: Life Orb\n|\n|upkeep\n|turn|11\n|\n|t:|1781414151\n|move|p2a: Granbull|Thunder Wave|p1a: Klawf\n|-fail|p1a: Klawf|par\n|move|p1a: Klawf|Stone Edge|p2a: Granbull\n|-damage|p2a: Granbull|20/302\n|-damage|p1a: Klawf|71/272 par|[from] item: Life Orb\n|\n|upkeep\n|turn|12\n|\n|t:|1781414158\n|move|p2a: Granbull|Thunder Wave|p1a: Klawf\n|-fail|p1a: Klawf|par\n|move|p1a: Klawf|Crabhammer|p2a: Granbull\n|-damage|p2a: Granbull|0 fnt\n|faint|p2a: Granbull\n|-damage|p1a: Klawf|44/272 par|[from] item: Life Orb\n|\n|upkeep\n|\n|t:|1781414166\n|switch|p2a: Iron Crown|Iron Crown, L78|268/268\n|-damage|p2a: Iron Crown|252/268|[from] Stealth Rock\n|turn|13\n|\n|t:|1781414171\n|switch|p1a: Chansey|Chansey, L85, F|564/564\n|move|p2a: Iron Crown|Psyshock|p1a: Chansey\n|-damage|p1a: Chansey|362/564\n|\n|-heal|p2a: Iron Crown|268/268|[from] item: Leftovers\n|upkeep\n|turn|14\n|\n|t:|1781414178\n|move|p2a: Iron Crown|Calm Mind|p2a: Iron Crown\n|-boost|p2a: Iron Crown|spa|1\n|-boost|p2a: Iron Crown|spd|1\n|move|p1a: Chansey|Thunder Wave|p2a: Iron Crown\n|-status|p2a: Iron Crown|par\n|\n|upkeep\n|turn|15\n|\n|t:|1781414184\n|move|p1a: Chansey|Soft-Boiled|p1a: Chansey\n|-heal|p1a: Chansey|564/564\n|cant|p2a: Iron Crown|par\n|\n|upkeep\n|turn|16\n|\n|t:|1781414188\n|move|p1a: Chansey|Heal Bell|p1a: Chansey\n|-activate|p1a: Chansey|move: Heal Bell\n|-curestatus|p1: Klawf|par|[msg]\n|move|p2a: Iron Crown|Psyshock|p1a: Chansey\n|-damage|p1a: Chansey|267/564\n|\n|upkeep\n|turn|17\n|\n|t:|1781414195\n|switch|p1a: Palkia|Palkia, L75|259/259\n|-ability|p1a: Palkia|Pressure\n|move|p2a: Iron Crown|Psyshock|p1a: Palkia\n|-damage|p1a: Palkia|114/259\n|\n|upkeep\n|turn|18\n|\n|t:|1781414202\n|move|p1a: Palkia|Fire Blast|p2a: Iron Crown\n|-supereffective|p2a: Iron Crown\n|-crit|p2a: Iron Crown\n|-damage|p2a: Iron Crown|28/268 par\n|move|p2a: Iron Crown|Psyshock|p1a: Palkia\n|-damage|p1a: Palkia|0 fnt\n|faint|p1a: Palkia\n|\n|-heal|p2a: Iron Crown|44/268 par|[from] item: Leftovers\n|upkeep\n|\n|t:|1781414207\n|switch|p1a: Klawf|Klawf, L90, M|134/272\n|turn|19\n|\n|t:|1781414213\n|move|p1a: Klawf|Knock Off|p2a: Iron Crown\n|-supereffective|p2a: Iron Crown\n|-damage|p2a: Iron Crown|0 fnt\n|-enditem|p2a: Iron Crown|Leftovers|[from] move: Knock Off|[of] p1a: Klawf\n|faint|p2a: Iron Crown\n|-end|p2a: Iron Crown|Quark Drive|[silent]\n|-damage|p1a: Klawf|107/272|[from] item: Life Orb\n|\n|upkeep\n|\n|t:|1781414221\n|switch|p2a: Inteleon|Inteleon, L81, F|246/246\n|-damage|p2a: Inteleon|216/246|[from] Stealth Rock\n|turn|20\n|\n|t:|1781414225\n|switch|p1a: Chansey|Chansey, L85, F|267/564\n|move|p2a: Inteleon|U-turn|p1a: Chansey\n|-damage|p1a: Chansey|173/564\n|\n|t:|1781414229\n|switch|p2a: Gogoat|Gogoat, L88, F|360/360|[from] U-turn\n|-damage|p2a: Gogoat|315/360|[from] Stealth Rock\n|\n|-heal|p2a: Gogoat|337/360|[from] item: Leftovers\n|upkeep\n|turn|21\n|\n|t:|1781414235\n|switch|p1a: Rayquaza|Rayquaza, L72|270/270\n|-ability|p1a: Rayquaza|Air Lock\n|move|p2a: Gogoat|Horn Leech|p1a: Rayquaza\n|-resisted|p1a: Rayquaza\n|-crit|p1a: Rayquaza\n|-damage|p1a: Rayquaza|232/270\n|-heal|p2a: Gogoat|356/360|[from] drain|[of] p1a: Rayquaza\n|\n|-heal|p2a: Gogoat|360/360|[from] item: Leftovers\n|upkeep\n|turn|22\n|\n|t:|1781414247\n|-terastallize|p2a: Gogoat|Water\n|move|p1a: Rayquaza|Dragon Dance|p1a: Rayquaza\n|-boost|p1a: Rayquaza|atk|1\n|-boost|p1a: Rayquaza|spe|1\n|move|p2a: Gogoat|Bulk Up|p2a: Gogoat\n|-boost|p2a: Gogoat|atk|1\n|-boost|p2a: Gogoat|def|1\n|\n|upkeep\n|turn|23\n|\n|t:|1781414263\n|-terastallize|p1a: Rayquaza|Flying\n|move|p1a: Rayquaza|Dragon Ascent|p2a: Gogoat\n|-damage|p2a: Gogoat|146/360\n|-unboost|p1a: Rayquaza|def|1\n|-unboost|p1a: Rayquaza|spd|1\n|move|p2a: Gogoat|Bulk Up|p2a: Gogoat\n|-boost|p2a: Gogoat|atk|1\n|-boost|p2a: Gogoat|def|1\n|\n|-heal|p2a: Gogoat|168/360|[from] item: Leftovers\n|upkeep\n|turn|24\n|\n|t:|1781414275\n|move|p1a: Rayquaza|Dragon Ascent|p2a: Gogoat\n|-damage|p2a: Gogoat|10/360\n|-unboost|p1a: Rayquaza|def|1\n|-unboost|p1a: Rayquaza|spd|1\n|move|p2a: Gogoat|Horn Leech|p1a: Rayquaza\n|-resisted|p1a: Rayquaza\n|-damage|p1a: Rayquaza|22/270\n|-heal|p2a: Gogoat|115/360|[from] drain|[of] p1a: Rayquaza\n|\n|-heal|p2a: Gogoat|137/360|[from] item: Leftovers\n|upkeep\n|turn|25\n|\n|t:|1781414298\n|move|p1a: Rayquaza|Dragon Ascent|p2a: Gogoat\n|-damage|p2a: Gogoat|0 fnt\n|-unboost|p1a: Rayquaza|def|1\n|-unboost|p1a: Rayquaza|spd|1\n|faint|p2a: Gogoat\n|\n|upkeep\n|-message|sonoffin forfeited.\n|\n|win|whisperwyrm\n", "uploadtime": 1781414029, "views": 4, "formatid": "gen9randombattle", "rating": null, "private": 0, "password": null}