{"id": "gen9randombattle-2631456458", "format": "[Gen 9] Random Battle", "players": ["A ninja kiwi", "Petilil37"], "log": "|j|\u2606A ninja kiwi\n|j|\u203dPetilil37\n|t:|1781386915\n|gametype|singles\n|player|p1|A ninja kiwi|koga|2130\n|player|p2|Petilil37|170|2045\n|gen|9\n|tier|[Gen 9] Random Battle\n|rated|\n|rule|Species Clause: Limit one of each Pok\u00e9mon\n|rule|HP Percentage Mod: HP is shown in percentages\n|rule|Sleep Clause Mod: Limit one foe put to sleep\n|rule|Illusion Level Mod: Illusion disguises the Pok\u00e9mon's true level\n|\n|t:|1781386915\n|teamsize|p1|6\n|teamsize|p2|6\n|start\n|switch|p1a: Pachirisu|Pachirisu, L96, F|271/271\n|switch|p2a: Lapras|Lapras, L87, M|368/368\n|turn|1\n|inactive|Battle timer is ON: inactive players will automatically lose when time's up. (requested by A ninja kiwi)\n|\n|t:|1781386928\n|switch|p2a: Snorlax|Snorlax, L82, M|397/397\n|move|p1a: Pachirisu|U-turn|p2a: Snorlax\n|-damage|p2a: Snorlax|351/397\n|\n|t:|1781386940\n|switch|p1a: Ursaring|Ursaring, L84, M|288/288|[from] U-turn\n|\n|-heal|p2a: Snorlax|375/397|[from] item: Leftovers\n|-status|p1a: Ursaring|tox|[from] item: Toxic Orb\n|upkeep\n|turn|2\n|\n|t:|1781386945\n|switch|p2a: Gengar|Gengar, L81, F|230/230\n|move|p1a: Ursaring|Facade|p2a: Gengar\n|-immune|p2a: Gengar\n|\n|-damage|p1a: Ursaring|270/288 tox|[from] psn\n|upkeep\n|turn|3\n|\n|t:|1781386953\n|switch|p1a: Pachirisu|Pachirisu, L96, F|271/271\n|move|p2a: Gengar|Focus Blast|p1a: Pachirisu|[miss]\n|-miss|p2a: Gengar|p1a: Pachirisu\n|\n|upkeep\n|turn|4\n|\n|t:|1781386956\n|switch|p2a: Snorlax|Snorlax, L82, M|375/397\n|move|p1a: Pachirisu|U-turn|p2a: Snorlax\n|-damage|p2a: Snorlax|322/397\n|\n|t:|1781386962\n|switch|p1a: Ursaring|Ursaring, L84, M|270/288 tox|[from] U-turn\n|\n|-heal|p2a: Snorlax|346/397|[from] item: Leftovers\n|-damage|p1a: Ursaring|252/288 tox|[from] psn\n|upkeep\n|turn|5\n|\n|t:|1781386964\n|move|p1a: Ursaring|Facade|p2a: Snorlax\n|-damage|p2a: Snorlax|103/397\n|move|p2a: Snorlax|Body Slam|p1a: Ursaring\n|-damage|p1a: Ursaring|149/288 tox\n|\n|-heal|p2a: Snorlax|127/397|[from] item: Leftovers\n|-damage|p1a: Ursaring|113/288 tox|[from] psn\n|upkeep\n|turn|6\n|\n|t:|1781386970\n|move|p1a: Ursaring|Throat Chop|p2a: Snorlax\n|-damage|p2a: Snorlax|40/397\n|-start|p2a: Snorlax|Throat Chop|[silent]\n|move|p2a: Snorlax|Body Slam|p1a: Ursaring\n|-crit|p1a: Ursaring\n|-damage|p1a: Ursaring|0 fnt\n|faint|p1a: Ursaring\n|\n|-heal|p2a: Snorlax|64/397|[from] item: Leftovers\n|upkeep\n|\n|t:|1781386973\n|switch|p1a: Cramorant|Cramorant, L86, M|261/261\n|turn|7\n|inactive|Petilil37 has 120 seconds left.\n|\n|t:|1781387033\n|switch|p2a: Lapras|Lapras, L87, M|368/368\n|move|p1a: Cramorant|Surf|p2a: Lapras\n|-immune|p2a: Lapras|[from] ability: Water Absorb\n|\n|upkeep\n|turn|8\n|\n|t:|1781387045\n|switch|p1a: Pachirisu|Pachirisu, L96, F|271/271\n|switch|p2a: Snorlax|Snorlax, L82, M|64/397\n|\n|-heal|p2a: Snorlax|88/397|[from] item: Leftovers\n|upkeep\n|turn|9\n|inactive|Petilil37 has 90 seconds left.\n|\n|t:|1781387071\n|move|p1a: Pachirisu|Thunderbolt|p2a: Snorlax\n|-damage|p2a: Snorlax|24/397\n|-status|p2a: Snorlax|par\n|cant|p2a: Snorlax|par\n|\n|-heal|p2a: Snorlax|48/397 par|[from] item: Leftovers\n|upkeep\n|turn|10\n|\n|t:|1781387075\n|move|p1a: Pachirisu|Thunderbolt|p2a: Snorlax\n|-damage|p2a: Snorlax|0 fnt\n|faint|p2a: Snorlax\n|\n|upkeep\n|inactive|Petilil37 has 90 seconds left.\n|\n|t:|1781387095\n|switch|p2a: Gallade|Gallade, L80, M|240/240\n|turn|11\n|\n|t:|1781387099\n|move|p1a: Pachirisu|U-turn|p2a: Gallade\n|-damage|p2a: Gallade|186/240\n|\n|t:|1781387102\n|switch|p1a: Cramorant|Cramorant, L86, M|261/261|[from] U-turn\n|move|p2a: Gallade|Sacred Sword|p1a: Cramorant\n|-resisted|p1a: Cramorant\n|-damage|p1a: Cramorant|90/261\n|\n|upkeep\n|turn|12\n|\n|t:|1781387111\n|switch|p2a: Lapras|Lapras, L87, M|368/368\n|move|p1a: Cramorant|Brave Bird|p2a: Lapras\n|-damage|p2a: Lapras|236/368\n|-damage|p1a: Cramorant|46/261|[from] Recoil\n|\n|upkeep\n|turn|13\n|\n|t:|1781387122\n|switch|p1a: Pachirisu|Pachirisu, L96, F|271/271\n|move|p2a: Lapras|Freeze-Dry|p1a: Pachirisu\n|-damage|p1a: Pachirisu|231/271\n|\n|upkeep\n|turn|14\n|\n|t:|1781387126\n|move|p1a: Pachirisu|Thunderbolt|p2a: Lapras\n|-supereffective|p2a: Lapras\n|-damage|p2a: Lapras|102/368\n|move|p2a: Lapras|Rest|p2a: Lapras\n|-status|p2a: Lapras|slp|[from] move: Rest\n|-heal|p2a: Lapras|368/368 slp|[silent]\n|\n|upkeep\n|turn|15\n|\n|t:|1781387134\n|-terastallize|p2a: Lapras|Poison\n|move|p1a: Pachirisu|Thunderbolt|p2a: Lapras\n|-damage|p2a: Lapras|298/368 slp\n|cant|p2a: Lapras|slp\n|move|p2a: Lapras|Sleep Talk|p2a: Lapras\n|move|p2a: Lapras|Freeze-Dry|p1a: Pachirisu|[from] move: Sleep Talk\n|-damage|p1a: Pachirisu|191/271\n|\n|upkeep\n|turn|16\n|\n|t:|1781387142\n|move|p1a: Pachirisu|Super Fang|p2a: Lapras\n|-damage|p2a: Lapras|149/368 slp\n|cant|p2a: Lapras|slp\n|move|p2a: Lapras|Sleep Talk|p2a: Lapras\n|move|p2a: Lapras|Freeze-Dry|p1a: Pachirisu|[from] move: Sleep Talk\n|-damage|p1a: Pachirisu|148/271\n|\n|upkeep\n|turn|17\n|\n|t:|1781387158\n|switch|p1a: Landorus|Landorus, L75, M|257/257\n|-curestatus|p2a: Lapras|slp|[msg]\n|move|p2a: Lapras|Rest|p2a: Lapras\n|-status|p2a: Lapras|slp|[from] move: Rest\n|-heal|p2a: Lapras|368/368 slp|[silent]\n|\n|upkeep\n|turn|18\n|\n|t:|1781387168\n|switch|p2a: Toxicroak|Toxicroak, L84, M|277/277\n|move|p1a: Landorus|Earth Power|p2a: Toxicroak\n|-supereffective|p2a: Toxicroak\n|-damage|p2a: Toxicroak|0 fnt\n|faint|p2a: Toxicroak\n|\n|upkeep\n|\n|t:|1781387175\n|switch|p2a: Crawdaunt|Crawdaunt, L84, M|243/243\n|turn|19\n|\n|t:|1781387185\n|switch|p1a: Eiscue|Eiscue, L88, M|274/274\n|move|p2a: Crawdaunt|Knock Off|p1a: Eiscue\n|-activate|p1a: Eiscue|ability: Ice Face\n|-damage|p1a: Eiscue|274/274\n|-enditem|p1a: Eiscue|Sitrus Berry|[from] move: Knock Off|[of] p2a: Crawdaunt\n|detailschange|p1a: Eiscue|Eiscue-Noice, L88, M\n|\n|upkeep\n|turn|20\n|\n|t:|1781387191\n|move|p1a: Eiscue|Ice Spinner|p2a: Crawdaunt\n|-resisted|p2a: Crawdaunt\n|-damage|p2a: Crawdaunt|201/243\n|move|p2a: Crawdaunt|Knock Off|p1a: Eiscue\n|-damage|p1a: Eiscue|102/274\n|\n|upkeep\n|turn|21\n|inactive|Petilil37 has 120 seconds left.\n|\n|t:|1781387225\n|move|p1a: Eiscue|Ice Spinner|p2a: Crawdaunt\n|-resisted|p2a: Crawdaunt\n|-damage|p2a: Crawdaunt|162/243\n|move|p2a: Crawdaunt|Knock Off|p1a: Eiscue\n|-damage|p1a: Eiscue|0 fnt\n|faint|p1a: Eiscue\n|\n|upkeep\n|\n|t:|1781387238\n|switch|p1a: Pachirisu|Pachirisu, L96, F|148/271\n|turn|22\n|inactive|Petilil37 has 120 seconds left.\n|inactive|Petilil37 has 90 seconds left.\n|inactive|Petilil37 has 60 seconds left.\n|\n|t:|1781387325\n|switch|p2a: Lapras|Lapras, L87, M, tera:Poison|368/368 slp\n|move|p1a: Pachirisu|Thunderbolt|p2a: Lapras\n|-damage|p2a: Lapras|298/368 slp\n|\n|upkeep\n|turn|23\n|\n|t:|1781387335\n|move|p1a: Pachirisu|Super Fang|p2a: Lapras\n|-damage|p2a: Lapras|149/368 slp\n|cant|p2a: Lapras|slp\n|move|p2a: Lapras|Sleep Talk|p2a: Lapras\n|move|p2a: Lapras|Freeze-Dry|p1a: Pachirisu|[from] move: Sleep Talk\n|-damage|p1a: Pachirisu|109/271\n|\n|upkeep\n|turn|24\n|\n|t:|1781387349\n|move|p1a: Pachirisu|Thunderbolt|p2a: Lapras\n|-damage|p2a: Lapras|79/368 slp\n|cant|p2a: Lapras|slp\n|\n|upkeep\n|turn|25\n|\n|t:|1781387353\n|switch|p1a: Landorus|Landorus, L75, M|257/257\n|-curestatus|p2a: Lapras|slp|[msg]\n|move|p2a: Lapras|Rest|p2a: Lapras\n|-status|p2a: Lapras|slp|[from] move: Rest\n|-heal|p2a: Lapras|368/368 slp|[silent]\n|\n|upkeep\n|turn|26\n|\n|t:|1781387358\n|move|p1a: Landorus|Psychic|p2a: Lapras\n|-supereffective|p2a: Lapras\n|-damage|p2a: Lapras|189/368 slp\n|cant|p2a: Lapras|slp\n|move|p2a: Lapras|Sleep Talk|p2a: Lapras\n|move|p2a: Lapras|Sparkling Aria|p1a: Landorus|[from] move: Sleep Talk\n|-supereffective|p1a: Landorus\n|-damage|p1a: Landorus|45/257\n|\n|upkeep\n|turn|27\n|\n|t:|1781387368\n|switch|p2a: Gallade|Gallade, L80, M|186/240\n|move|p1a: Landorus|Psychic|p2a: Gallade\n|-damage|p2a: Gallade|103/240\n|\n|upkeep\n|turn|28\n|\n|t:|1781387370\n|move|p1a: Landorus|Earth Power|p2a: Gallade\n|-damage|p2a: Gallade|0 fnt\n|faint|p2a: Gallade\n|\n|upkeep\n|\n|t:|1781387372\n|switch|p2a: Gengar|Gengar, L81, F|230/230\n|turn|29\n|\n|t:|1781387378\n|switch|p1a: Cramorant|Cramorant, L86, M|46/261\n|move|p2a: Gengar|Sludge Wave|p1a: Cramorant\n|-damage|p1a: Cramorant|0 fnt\n|faint|p1a: Cramorant\n|\n|upkeep\n|\n|t:|1781387380\n|switch|p1a: Pachirisu|Pachirisu, L96, F|109/271\n|turn|30\n|\n|t:|1781387385\n|move|p1a: Pachirisu|Nuzzle|p2a: Gengar\n|-damage|p2a: Gengar|206/230\n|-status|p2a: Gengar|par\n|move|p2a: Gengar|Sludge Wave|p1a: Pachirisu\n|-damage|p1a: Pachirisu|10/271\n|\n|upkeep\n|turn|31\n|\n|t:|1781387389\n|move|p1a: Pachirisu|Thunderbolt|p2a: Gengar\n|-damage|p2a: Gengar|119/230 par\n|-start|p1a: Pachirisu|Disable|Thunderbolt|[from] ability: Cursed Body|[of] p2a: Gengar\n|cant|p2a: Gengar|par\n|\n|upkeep\n|turn|32\n|\n|t:|1781387394\n|move|p1a: Pachirisu|Nuzzle|p2a: Gengar\n|-damage|p2a: Gengar|95/230 par\n|cant|p2a: Gengar|par\n|\n|upkeep\n|turn|33\n|\n|t:|1781387397\n|move|p1a: Pachirisu|Nuzzle|p2a: Gengar\n|-damage|p2a: Gengar|73/230 par\n|move|p2a: Gengar|Sludge Wave|p1a: Pachirisu\n|-damage|p1a: Pachirisu|0 fnt\n|faint|p1a: Pachirisu\n|\n|upkeep\n|\n|t:|1781387401\n|switch|p1a: Landorus|Landorus, L75, M|45/257\n|turn|34\n|\n|t:|1781387403\n|move|p1a: Landorus|Psychic|p2a: Gengar\n|-supereffective|p2a: Gengar\n|-damage|p2a: Gengar|0 fnt\n|-start|p1a: Landorus|Disable|Psychic|[from] ability: Cursed Body|[of] p2a: Gengar\n|faint|p2a: Gengar\n|\n|upkeep\n|\n|t:|1781387407\n|switch|p2a: Crawdaunt|Crawdaunt, L84, M|162/243\n|turn|35\n|\n|t:|1781387410\n|switch|p1a: Dondozo|Dondozo, L78, F|362/362\n|switch|p2a: Lapras|Lapras, L87, M, tera:Poison|189/368 slp\n|\n|upkeep\n|turn|36\n|\n|t:|1781387429\n|switch|p1a: Landorus|Landorus, L75, M|45/257\n|cant|p2a: Lapras|slp\n|move|p2a: Lapras|Sleep Talk|p2a: Lapras\n|move|p2a: Lapras|Rest||[from] move: Sleep Talk|[still]\n|-fail|p2a: Lapras\n|\n|upkeep\n|turn|37\n|\n|t:|1781387440\n|switch|p2a: Crawdaunt|Crawdaunt, L84, M|162/243\n|move|p1a: Landorus|Earth Power|p2a: Crawdaunt\n|-damage|p2a: Crawdaunt|0 fnt\n|faint|p2a: Crawdaunt\n|\n|upkeep\n|\n|t:|1781387442\n|switch|p2a: Lapras|Lapras, L87, M, tera:Poison|189/368 slp\n|turn|38\n|-message|Petilil37 forfeited.\n|\n|win|A ninja kiwi\n|raw|A ninja kiwi's rating: 2130 &rarr; <strong>2144</strong><br />(+14 for winning)\n|raw|Petilil37's rating: 2029 &rarr; <strong>2015</strong><br />(-14 for losing)\n", "uploadtime": 1781386916, "views": 4, "formatid": "gen9randombattle", "rating": 2015, "private": 0, "password": null}