{"id": "gen9randombattle-2631493473", "format": "[Gen 9] Random Battle", "players": ["wakandius_pmsd", "rhinoshark007"], "log": "|j|\u2606wakandius_pmsd\n|j|\u2606rhinoshark007\n|t:|1781392051\n|gametype|singles\n|player|p1|wakandius_pmsd|266|2166\n|player|p2|rhinoshark007|elesa|2292\n|gen|9\n|tier|[Gen 9] Random Battle\n|rated|\n|rule|Species Clause: Limit one of each Pok\u00e9mon\n|rule|HP Percentage Mod: HP is shown in percentages\n|rule|Sleep Clause Mod: Limit one foe put to sleep\n|rule|Illusion Level Mod: Illusion disguises the Pok\u00e9mon's true level\n|\n|t:|1781392051\n|teamsize|p1|6\n|teamsize|p2|6\n|start\n|switch|p1a: Dodrio|Dodrio, L85, F|241/241\n|switch|p2a: Palafin|Palafin, L77, F|281/281\n|turn|1\n|\n|t:|1781392056\n|detailschange|p2a: Palafin|Palafin-Hero, L77, F\n|switch|p2a: Coalossal|Coalossal, L89, F|341/341\n|move|p1a: Dodrio|Brave Bird|p2a: Coalossal\n|-resisted|p2a: Coalossal\n|-damage|p2a: Coalossal|262/341\n|-damage|p1a: Dodrio|215/241|[from] Recoil\n|\n|upkeep\n|turn|2\n|inactive|Battle timer is ON: inactive players will automatically lose when time's up. (requested by rhinoshark007)\n|\n|t:|1781392070\n|switch|p1a: Diancie|Diancie, L82|216/216\n|move|p2a: Coalossal|Stealth Rock|p1a: Diancie\n|-sidestart|p1: wakandius_pmsd|move: Stealth Rock\n|\n|upkeep\n|turn|3\n|\n|t:|1781392078\n|switch|p2a: Venusaur|Venusaur, L84, F|272/272\n|move|p1a: Diancie|Diamond Storm|p2a: Venusaur\n|-damage|p2a: Venusaur|160/272\n|\n|-heal|p2a: Venusaur|177/272|[from] item: Leftovers\n|upkeep\n|turn|4\n|\n|t:|1781392084\n|switch|p1a: Weezing|Weezing, L88, M|258/258\n|-damage|p1a: Weezing|226/258|[from] Stealth Rock\n|move|p2a: Venusaur|Knock Off|p1a: Weezing\n|-crit|p1a: Weezing\n|-damage|p1a: Weezing|161/258\n|-enditem|p1a: Weezing|Leftovers|[from] move: Knock Off|[of] p2a: Venusaur\n|\n|-heal|p2a: Venusaur|194/272|[from] item: Leftovers\n|upkeep\n|turn|5\n|\n|t:|1781392091\n|switch|p2a: Indeedee|Indeedee-F, L90, F|272/272\n|-fieldstart|move: Psychic Terrain|[from] ability: Psychic Surge|[of] p2a: Indeedee\n|move|p1a: Weezing|Fire Blast|p2a: Indeedee\n|-damage|p2a: Indeedee|210/272\n|\n|upkeep\n|turn|6\n|\n|t:|1781392096\n|switch|p1a: Probopass|Probopass, L91, F|257/257\n|-damage|p1a: Probopass|241/257|[from] Stealth Rock\n|move|p2a: Indeedee|Psychic|p1a: Probopass\n|-resisted|p1a: Probopass\n|-damage|p1a: Probopass|196/257\n|\n|-heal|p1a: Probopass|212/257|[from] item: Leftovers\n|upkeep\n|turn|7\n|\n|t:|1781392100\n|switch|p2a: Conkeldurr|Conkeldurr, L80, F|299/299\n|move|p1a: Probopass|Thunder Wave|p2a: Conkeldurr\n|-status|p2a: Conkeldurr|par\n|\n|-heal|p1a: Probopass|228/257|[from] item: Leftovers\n|upkeep\n|turn|8\n|\n|t:|1781392103\n|switch|p1a: Weezing|Weezing, L88, M|161/258\n|-damage|p1a: Weezing|129/258|[from] Stealth Rock\n|cant|p2a: Conkeldurr|par\n|\n|upkeep\n|turn|9\n|\n|t:|1781392111\n|move|p1a: Weezing|Sludge Bomb|p2a: Conkeldurr\n|-damage|p2a: Conkeldurr|173/299 par\n|move|p2a: Conkeldurr|Facade|p1a: Weezing\n|-crit|p1a: Weezing\n|-damage|p1a: Weezing|0 fnt\n|faint|p1a: Weezing\n|\n|-fieldend|move: Psychic Terrain\n|upkeep\n|\n|t:|1781392117\n|switch|p1a: Meloetta|Meloetta, L82|298/298\n|-damage|p1a: Meloetta|261/298|[from] Stealth Rock\n|turn|10\n|\n|t:|1781392122\n|move|p1a: Meloetta|Psyshock|p2a: Conkeldurr\n|-supereffective|p2a: Conkeldurr\n|-damage|p2a: Conkeldurr|0 fnt\n|faint|p2a: Conkeldurr\n|\n|upkeep\n|\n|t:|1781392129\n|switch|p2a: Tornadus|Tornadus-Therian, L79, M|254/254\n|turn|11\n|\n|t:|1781392133\n|switch|p1a: Probopass|Probopass, L91, F|228/257\n|-damage|p1a: Probopass|212/257|[from] Stealth Rock\n|move|p2a: Tornadus|Knock Off|p1a: Probopass\n|-damage|p1a: Probopass|171/257\n|-enditem|p1a: Probopass|Leftovers|[from] move: Knock Off|[of] p2a: Tornadus\n|\n|upkeep\n|turn|12\n|\n|t:|1781392137\n|move|p2a: Tornadus|U-turn|p1a: Probopass\n|-resisted|p1a: Probopass\n|-damage|p1a: Probopass|157/257\n|\n|t:|1781392147\n|switch|p2a: Coalossal|Coalossal, L89, F|262/341|[from] U-turn\n|move|p1a: Probopass|Thunder Wave|p2a: Coalossal\n|-status|p2a: Coalossal|par\n|\n|upkeep\n|turn|13\n|\n|t:|1781392155\n|switch|p2a: Palafin|Palafin-Hero, L77, F|281/281\n|-activate|p2a: Palafin|ability: Zero to Hero\n|move|p1a: Probopass|Iron Defense|p1a: Probopass\n|-boost|p1a: Probopass|def|2\n|\n|upkeep\n|turn|14\n|\n|t:|1781392162\n|-terastallize|p1a: Probopass|Fighting\n|move|p2a: Palafin|Drain Punch|p1a: Probopass\n|-damage|p1a: Probopass|133/257\n|move|p1a: Probopass|Body Press|p2a: Palafin\n|-crit|p2a: Palafin\n|-damage|p2a: Palafin|0 fnt\n|faint|p2a: Palafin\n|\n|upkeep\n|\n|t:|1781392164\n|switch|p2a: Indeedee|Indeedee-F, L90, F|210/272\n|-fieldstart|move: Psychic Terrain|[from] ability: Psychic Surge|[of] p2a: Indeedee\n|turn|15\n|\n|t:|1781392181\n|switch|p2a: Tornadus|Tornadus-Therian, L79, M|254/254\n|switch|p1a: Meloetta|Meloetta, L82|261/298\n|-damage|p1a: Meloetta|224/298|[from] Stealth Rock\n|\n|upkeep\n|turn|16\n|\n|t:|1781392191\n|move|p2a: Tornadus|U-turn|p1a: Meloetta\n|-supereffective|p1a: Meloetta\n|-damage|p1a: Meloetta|114/298\n|\n|t:|1781392194\n|switch|p2a: Indeedee|Indeedee-F, L90, F|210/272|[from] U-turn\n|move|p1a: Meloetta|Psyshock|p2a: Indeedee\n|-resisted|p2a: Indeedee\n|-damage|p2a: Indeedee|102/272\n|\n|upkeep\n|turn|17\n|\n|t:|1781392203\n|move|p2a: Indeedee|Hyper Voice|p1a: Meloetta\n|-crit|p1a: Meloetta\n|-damage|p1a: Meloetta|0 fnt\n|faint|p1a: Meloetta\n|\n|upkeep\n|\n|t:|1781392211\n|switch|p1a: Diancie|Diancie, L82|216/216\n|-damage|p1a: Diancie|189/216|[from] Stealth Rock\n|turn|18\n|\n|t:|1781392214\n|switch|p2a: Venusaur|Venusaur, L84, F|194/272\n|move|p1a: Diancie|Rock Polish|p1a: Diancie\n|-boost|p1a: Diancie|spe|2\n|\n|-heal|p1a: Diancie|202/216|[from] item: Leftovers\n|-heal|p2a: Venusaur|211/272|[from] item: Leftovers\n|upkeep\n|turn|19\n|\n|t:|1781392217\n|move|p1a: Diancie|Diamond Storm|p2a: Venusaur\n|-damage|p2a: Venusaur|100/272\n|move|p2a: Venusaur|Energy Ball|p1a: Diancie\n|-supereffective|p1a: Diancie\n|-damage|p1a: Diancie|70/216\n|\n|-heal|p1a: Diancie|83/216|[from] item: Leftovers\n|-heal|p2a: Venusaur|117/272|[from] item: Leftovers\n|-fieldend|move: Psychic Terrain\n|upkeep\n|turn|20\n|\n|t:|1781392223\n|move|p1a: Diancie|Diamond Storm|p2a: Venusaur\n|-damage|p2a: Venusaur|17/272\n|-boost|p1a: Diancie|def|2\n|move|p2a: Venusaur|Synthesis|p2a: Venusaur\n|-heal|p2a: Venusaur|153/272\n|\n|-heal|p1a: Diancie|96/216|[from] item: Leftovers\n|-heal|p2a: Venusaur|170/272|[from] item: Leftovers\n|upkeep\n|turn|21\n|\n|t:|1781392227\n|move|p1a: Diancie|Diamond Storm|p2a: Venusaur\n|-damage|p2a: Venusaur|61/272\n|-boost|p1a: Diancie|def|2\n|move|p2a: Venusaur|Synthesis|p2a: Venusaur\n|-heal|p2a: Venusaur|197/272\n|\n|-heal|p1a: Diancie|109/216|[from] item: Leftovers\n|-heal|p2a: Venusaur|214/272|[from] item: Leftovers\n|upkeep\n|turn|22\n|\n|t:|1781392235\n|move|p1a: Diancie|Body Press|p2a: Venusaur\n|-resisted|p2a: Venusaur\n|-damage|p2a: Venusaur|98/272\n|move|p2a: Venusaur|Sludge Bomb|p1a: Diancie\n|-damage|p1a: Diancie|40/216\n|\n|-heal|p1a: Diancie|53/216|[from] item: Leftovers\n|-heal|p2a: Venusaur|115/272|[from] item: Leftovers\n|upkeep\n|turn|23\n|\n|t:|1781392241\n|move|p1a: Diancie|Diamond Storm|p2a: Venusaur\n|-damage|p2a: Venusaur|0 fnt\n|-boost|p1a: Diancie|def|2\n|faint|p2a: Venusaur\n|\n|-heal|p1a: Diancie|66/216|[from] item: Leftovers\n|upkeep\n|\n|t:|1781392245\n|switch|p2a: Indeedee|Indeedee-F, L90, F|102/272\n|-fieldstart|move: Psychic Terrain|[from] ability: Psychic Surge|[of] p2a: Indeedee\n|turn|24\n|\n|t:|1781392247\n|move|p2a: Indeedee|Psychic|p1a: Diancie\n|-damage|p1a: Diancie|0 fnt\n|faint|p1a: Diancie\n|\n|upkeep\n|\n|t:|1781392251\n|switch|p1a: Dodrio|Dodrio, L85, F|215/241\n|-damage|p1a: Dodrio|155/241|[from] Stealth Rock\n|turn|25\n|\n|t:|1781392257\n|-terastallize|p2a: Indeedee|Psychic\n|move|p2a: Indeedee|Psychic|p1a: Dodrio\n|-damage|p1a: Dodrio|0 fnt\n|faint|p1a: Dodrio\n|\n|upkeep\n|\n|t:|1781392261\n|switch|p1a: Glaceon|Glaceon, L94, F|275/275\n|turn|26\n|\n|t:|1781392264\n|move|p2a: Indeedee|Psychic|p1a: Glaceon\n|-damage|p1a: Glaceon|117/275\n|-unboost|p1a: Glaceon|spd|1\n|move|p1a: Glaceon|Freeze-Dry|p2a: Indeedee\n|-damage|p2a: Indeedee|2/272\n|\n|upkeep\n|turn|27\n|\n|t:|1781392268\n|move|p2a: Indeedee|Psychic|p1a: Glaceon\n|-damage|p1a: Glaceon|0 fnt\n|faint|p1a: Glaceon\n|\n|upkeep\n|\n|t:|1781392269\n|switch|p1a: Probopass|Probopass, L91, F, tera:Fighting|133/257\n|-damage|p1a: Probopass|117/257|[from] Stealth Rock\n|turn|28\n|\n|t:|1781392271\n|move|p2a: Indeedee|Psychic|p1a: Probopass\n|-supereffective|p1a: Probopass\n|-damage|p1a: Probopass|0 fnt\n|faint|p1a: Probopass\n|\n|win|rhinoshark007\n", "uploadtime": 1781392053, "views": 5, "formatid": "gen9randombattle", "rating": null, "private": 0, "password": null}