{"id": "gen9randombattle-2631393037", "format": "[Gen 9] Random Battle", "players": ["Crowbuddy", "Ggstarmie"], "log": "|j|\u2606Crowbuddy\n|j|\u2606Ggstarmie\n|t:|1781379297\n|gametype|singles\n|player|p1|Crowbuddy|giovanni|1966\n|player|p2|Ggstarmie|266|1981\n|gen|9\n|tier|[Gen 9] Random Battle\n|rated|\n|rule|Species Clause: Limit one of each Pok\u00e9mon\n|rule|HP Percentage Mod: HP is shown in percentages\n|rule|Sleep Clause Mod: Limit one foe put to sleep\n|rule|Illusion Level Mod: Illusion disguises the Pok\u00e9mon's true level\n|\n|t:|1781379297\n|teamsize|p1|6\n|teamsize|p2|6\n|start\n|switch|p1a: Chien-Pao|Chien-Pao, L72|234/234\n|switch|p2a: Mienshao|Mienshao, L83, M|244/244\n|-ability|p1a: Chien-Pao|Sword of Ruin\n|turn|1\n|inactive|Battle timer is ON: inactive players will automatically lose when time's up. (requested by Crowbuddy)\n|\n|t:|1781379312\n|switch|p1a: Torkoal|Torkoal, L88, F|266/266\n|-weather|SunnyDay|[from] ability: Drought|[of] p1a: Torkoal\n|move|p2a: Mienshao|Knock Off|p1a: Torkoal\n|-damage|p1a: Torkoal|210/266\n|-enditem|p1a: Torkoal|Heavy-Duty Boots|[from] move: Knock Off|[of] p2a: Mienshao\n|\n|-weather|SunnyDay|[upkeep]\n|upkeep\n|turn|2\n|\n|t:|1781379319\n|move|p2a: Mienshao|U-turn|p1a: Torkoal\n|-resisted|p1a: Torkoal\n|-damage|p1a: Torkoal|188/266\n|\n|t:|1781379323\n|switch|p2a: Ninetales|Ninetales, L85, M|263/263|[from] U-turn\n|move|p1a: Torkoal|Lava Plume|p2a: Ninetales\n|-resisted|p2a: Ninetales\n|-damage|p2a: Ninetales|205/263\n|\n|-weather|SunnyDay|[upkeep]\n|upkeep\n|turn|3\n|\n|t:|1781379332\n|switch|p1a: Politoed|Politoed, L88, F|302/302\n|-weather|RainDance|[from] ability: Drizzle|[of] p1a: Politoed\n|move|p2a: Ninetales|Nasty Plot|p2a: Ninetales\n|-boost|p2a: Ninetales|spa|2\n|\n|-weather|RainDance|[upkeep]\n|upkeep\n|turn|4\n|inactive|Ggstarmie has 120 seconds left.\n|\n|t:|1781379383\n|switch|p2a: Mienshao|Mienshao, L83, M|244/244\n|move|p1a: Politoed|Surf|p2a: Mienshao\n|-damage|p2a: Mienshao|112/244\n|\n|-weather|RainDance|[upkeep]\n|upkeep\n|turn|5\n|\n|t:|1781379390\n|move|p2a: Mienshao|Knock Off|p1a: Politoed\n|-damage|p1a: Politoed|216/302\n|-enditem|p1a: Politoed|Chesto Berry|[from] move: Knock Off|[of] p2a: Mienshao\n|move|p1a: Politoed|Surf|p2a: Mienshao\n|-damage|p2a: Mienshao|0 fnt\n|faint|p2a: Mienshao\n|\n|-weather|RainDance|[upkeep]\n|upkeep\n|\n|t:|1781379401\n|switch|p2a: Ninetales|Ninetales, L85, M|205/263\n|-weather|SunnyDay|[from] ability: Drought|[of] p2a: Ninetales\n|turn|6\n|\n|t:|1781379408\n|move|p2a: Ninetales|Solar Beam||[still]\n|-prepare|p2a: Ninetales|Solar Beam\n|-anim|p2a: Ninetales|Solar Beam|p1a: Politoed\n|-supereffective|p1a: Politoed\n|-damage|p1a: Politoed|82/302\n|move|p1a: Politoed|Encore|p2a: Ninetales\n|-start|p2a: Ninetales|Encore\n|\n|-weather|SunnyDay|[upkeep]\n|upkeep\n|turn|7\n|\n|t:|1781379421\n|switch|p2a: Zamazenta|Zamazenta, L71|248/248\n|-ability|p2a: Zamazenta|Dauntless Shield|boost\n|-boost|p2a: Zamazenta|def|1\n|switch|p1a: Torkoal|Torkoal, L88, F|188/266\n|\n|-weather|SunnyDay|[upkeep]\n|upkeep\n|turn|8\n|\n|t:|1781379426\n|move|p2a: Zamazenta|Iron Defense|p2a: Zamazenta\n|-boost|p2a: Zamazenta|def|2\n|move|p1a: Torkoal|Lava Plume|p2a: Zamazenta\n|-damage|p2a: Zamazenta|118/248\n|\n|-weather|SunnyDay|[upkeep]\n|upkeep\n|turn|9\n|\n|t:|1781379432\n|move|p2a: Zamazenta|Body Press|p1a: Torkoal\n|-damage|p1a: Torkoal|68/266\n|move|p1a: Torkoal|Lava Plume|p2a: Zamazenta\n|-damage|p2a: Zamazenta|1/248\n|\n|-weather|SunnyDay|[upkeep]\n|upkeep\n|turn|10\n|\n|t:|1781379436\n|move|p2a: Zamazenta|Rest|p2a: Zamazenta\n|-status|p2a: Zamazenta|slp|[from] move: Rest\n|-heal|p2a: Zamazenta|248/248 slp|[silent]\n|-enditem|p2a: Zamazenta|Chesto Berry|[eat]\n|-curestatus|p2a: Zamazenta|slp|[msg]\n|move|p1a: Torkoal|Earthquake|p2a: Zamazenta\n|-damage|p2a: Zamazenta|218/248\n|\n|-weather|none\n|upkeep\n|turn|11\n|\n|t:|1781379442\n|move|p2a: Zamazenta|Body Press|p1a: Torkoal\n|-damage|p1a: Torkoal|0 fnt\n|faint|p1a: Torkoal\n|\n|upkeep\n|\n|t:|1781379450\n|switch|p1a: Piloswine|Piloswine, L85, F|309/309\n|turn|12\n|\n|t:|1781379452\n|-terastallize|p1a: Piloswine|Poison\n|move|p2a: Zamazenta|Iron Defense|p2a: Zamazenta\n|-boost|p2a: Zamazenta|def|2\n|move|p1a: Piloswine|Roar|p2a: Zamazenta\n|drag|p2a: Kyurem|Kyurem, L77|319/319\n|-ability|p2a: Kyurem|Pressure\n|\n|upkeep\n|turn|13\n|\n|t:|1781379465\n|switch|p2a: Houndstone|Houndstone, L86, F|264/264\n|move|p1a: Piloswine|Icicle Crash|p2a: Houndstone\n|-damage|p2a: Houndstone|174/264\n|\n|upkeep\n|turn|14\n|\n|t:|1781379489\n|move|p2a: Houndstone|Body Press|p1a: Piloswine\n|-resisted|p1a: Piloswine\n|-damage|p1a: Piloswine|290/309\n|move|p1a: Piloswine|Roar|p2a: Houndstone\n|drag|p2a: Zamazenta|Zamazenta, L71|218/248\n|\n|upkeep\n|turn|15\n|\n|t:|1781379502\n|move|p2a: Zamazenta|Iron Head|p1a: Piloswine\n|-damage|p1a: Piloswine|254/309\n|move|p1a: Piloswine|Roar|p2a: Zamazenta\n|drag|p2a: Magearna|Magearna, L77|250/250\n|\n|upkeep\n|turn|16\n|\n|t:|1781379507\n|switch|p2a: Houndstone|Houndstone, L86, F|174/264\n|move|p1a: Piloswine|Earthquake|p2a: Houndstone\n|-damage|p2a: Houndstone|71/264\n|\n|upkeep\n|turn|17\n|\n|t:|1781379512\n|move|p2a: Houndstone|Poltergeist|p1a: Piloswine\n|-activate|p1a: Piloswine|move: Poltergeist|Eviolite\n|-crit|p1a: Piloswine\n|-damage|p1a: Piloswine|109/309\n|move|p1a: Piloswine|Earthquake|p2a: Houndstone\n|-damage|p2a: Houndstone|0 fnt\n|faint|p2a: Houndstone\n|\n|upkeep\n|\n|t:|1781379517\n|switch|p2a: Ninetales|Ninetales, L85, M|205/263\n|-weather|SunnyDay|[from] ability: Drought|[of] p2a: Ninetales\n|turn|18\n|\n|t:|1781379521\n|switch|p1a: Politoed|Politoed, L88, F|82/302\n|-weather|RainDance|[from] ability: Drizzle|[of] p1a: Politoed\n|move|p2a: Ninetales|Scorching Sands|p1a: Politoed\n|-damage|p1a: Politoed|44/302\n|-status|p1a: Politoed|brn\n|\n|-weather|RainDance|[upkeep]\n|-damage|p1a: Politoed|26/302 brn|[from] brn\n|upkeep\n|turn|19\n|\n|t:|1781379526\n|move|p2a: Ninetales|Scorching Sands|p1a: Politoed\n|-damage|p1a: Politoed|0 fnt\n|faint|p1a: Politoed\n|\n|-weather|RainDance|[upkeep]\n|upkeep\n|\n|t:|1781379527\n|switch|p1a: Vaporeon|Vaporeon, L86, M|364/364\n|turn|20\n|\n|t:|1781379532\n|switch|p2a: Kyurem|Kyurem, L77|319/319\n|-ability|p2a: Kyurem|Pressure\n|move|p1a: Vaporeon|Calm Mind|p1a: Vaporeon\n|-boost|p1a: Vaporeon|spa|1\n|-boost|p1a: Vaporeon|spd|1\n|\n|-weather|RainDance|[upkeep]\n|upkeep\n|turn|21\n|\n|t:|1781379536\n|move|p2a: Kyurem|Dragon Dance|p2a: Kyurem\n|-boost|p2a: Kyurem|atk|1\n|-boost|p2a: Kyurem|spe|1\n|move|p1a: Vaporeon|Calm Mind|p1a: Vaporeon\n|-boost|p1a: Vaporeon|spa|1\n|-boost|p1a: Vaporeon|spd|1\n|\n|-weather|RainDance|[upkeep]\n|upkeep\n|turn|22\n|\n|t:|1781379541\n|move|p2a: Kyurem|Scale Shot|p1a: Vaporeon\n|-damage|p1a: Vaporeon|306/364\n|-damage|p1a: Vaporeon|252/364\n|-damage|p1a: Vaporeon|198/364\n|-damage|p1a: Vaporeon|141/364\n|-hitcount|p1a: Vaporeon|4\n|-unboost|p2a: Kyurem|def|1\n|-boost|p2a: Kyurem|spe|1\n|move|p1a: Vaporeon|Scald|p2a: Kyurem\n|-resisted|p2a: Kyurem\n|-damage|p2a: Kyurem|155/319\n|\n|-weather|none\n|-heal|p1a: Vaporeon|163/364|[from] item: Leftovers\n|upkeep\n|turn|23\n|\n|t:|1781379546\n|move|p2a: Kyurem|Scale Shot|p1a: Vaporeon\n|-damage|p1a: Vaporeon|111/364\n|-damage|p1a: Vaporeon|54/364\n|-damage|p1a: Vaporeon|0 fnt\n|faint|p1a: Vaporeon\n|-hitcount|p1: Vaporeon|3\n|-unboost|p2a: Kyurem|def|1\n|-boost|p2a: Kyurem|spe|1\n|\n|upkeep\n|\n|t:|1781379549\n|switch|p1a: Chien-Pao|Chien-Pao, L72|234/234\n|-ability|p1a: Chien-Pao|Sword of Ruin\n|turn|24\n|\n|t:|1781379552\n|move|p1a: Chien-Pao|Ice Shard|p2a: Kyurem\n|-damage|p2a: Kyurem|0 fnt\n|faint|p2a: Kyurem\n|\n|upkeep\n|\n|t:|1781379555\n|switch|p2a: Ninetales|Ninetales, L85, M|205/263\n|-weather|SunnyDay|[from] ability: Drought|[of] p2a: Ninetales\n|turn|25\n|\n|t:|1781379563\n|switch|p1a: Piloswine|Piloswine, L85, F, tera:Poison|109/309\n|move|p2a: Ninetales|Nasty Plot|p2a: Ninetales\n|-boost|p2a: Ninetales|spa|2\n|\n|-weather|SunnyDay|[upkeep]\n|upkeep\n|turn|26\n|\n|t:|1781379570\n|move|p2a: Ninetales|Scorching Sands|p1a: Piloswine\n|-supereffective|p1a: Piloswine\n|-damage|p1a: Piloswine|0 fnt\n|faint|p1a: Piloswine\n|\n|-weather|SunnyDay|[upkeep]\n|upkeep\n|\n|t:|1781379571\n|switch|p1a: Salamence|Salamence, L77, F|273/273\n|turn|27\n|\n|t:|1781379575\n|switch|p2a: Magearna|Magearna, L77|250/250\n|move|p1a: Salamence|Dragon Dance|p1a: Salamence\n|-boost|p1a: Salamence|atk|1\n|-boost|p1a: Salamence|spe|1\n|\n|-weather|SunnyDay|[upkeep]\n|upkeep\n|turn|28\n|\n|t:|1781379581\n|-terastallize|p2a: Magearna|Flying\n|move|p1a: Salamence|Dual Wingbeat|p2a: Magearna\n|-damage|p2a: Magearna|183/250\n|-damage|p2a: Magearna|125/250\n|-hitcount|p2a: Magearna|2\n|move|p2a: Magearna|Fleur Cannon|p1a: Salamence\n|-supereffective|p1a: Salamence\n|-damage|p1a: Salamence|0 fnt\n|-unboost|p2a: Magearna|spa|2\n|faint|p1a: Salamence\n|-ability|p2a: Magearna|Soul-Heart|boost\n|-boost|p2a: Magearna|spa|1\n|\n|-weather|SunnyDay|[upkeep]\n|-heal|p2a: Magearna|140/250|[from] item: Leftovers\n|upkeep\n|\n|t:|1781379589\n|switch|p1a: Chien-Pao|Chien-Pao, L72|234/234\n|-ability|p1a: Chien-Pao|Sword of Ruin\n|turn|29\n|\n|t:|1781379595\n|move|p1a: Chien-Pao|Icicle Crash|p2a: Magearna\n|-supereffective|p2a: Magearna\n|-damage|p2a: Magearna|0 fnt\n|faint|p2a: Magearna\n|\n|-weather|none\n|upkeep\n|\n|t:|1781379602\n|switch|p2a: Ninetales|Ninetales, L85, M|205/263\n|-weather|SunnyDay|[from] ability: Drought|[of] p2a: Ninetales\n|turn|30\n|\n|t:|1781379604\n|move|p1a: Chien-Pao|Icicle Crash|p2a: Ninetales\n|-resisted|p2a: Ninetales\n|-damage|p2a: Ninetales|112/263\n|move|p2a: Ninetales|Fire Blast|p1a: Chien-Pao\n|-supereffective|p1a: Chien-Pao\n|-damage|p1a: Chien-Pao|0 fnt\n|faint|p1a: Chien-Pao\n|\n|win|Ggstarmie\n", "uploadtime": 1781379300, "views": 9, "formatid": "gen9randombattle", "rating": null, "private": 0, "password": null}