{"id": "gen9randombattle-2632012404", "format": "[Gen 9] Random Battle", "players": ["Gin X Tonic", "WhatEver2102"], "log": "|j|\u2606Gin X Tonic\n|j|\u2606WhatEver2102\n|t:|1781465841\n|gametype|singles\n|player|p1|Gin X Tonic|artist-gen4|2014\n|player|p2|WhatEver2102|juan|1984\n|gen|9\n|tier|[Gen 9] Random Battle\n|rated|\n|rule|Species Clause: Limit one of each Pok\u00e9mon\n|rule|HP Percentage Mod: HP is shown in percentages\n|rule|Sleep Clause Mod: Limit one foe put to sleep\n|rule|Illusion Level Mod: Illusion disguises the Pok\u00e9mon's true level\n|\n|t:|1781465841\n|teamsize|p1|6\n|teamsize|p2|6\n|start\n|switch|p1a: Quagsire|Quagsire, L84, F|297/297\n|switch|p2a: Kyogre|Kyogre, L71|259/259\n|-weather|RainDance|[from] ability: Drizzle|[of] p2a: Kyogre\n|turn|1\n|inactive|Battle timer is ON: inactive players will automatically lose when time's up. (requested by Gin X Tonic)\n|\n|t:|1781465858\n|move|p2a: Kyogre|Origin Pulse|p1a: Quagsire\n|-damage|p1a: Quagsire|84/297\n|move|p1a: Quagsire|Toxic|p2a: Kyogre\n|-status|p2a: Kyogre|tox\n|\n|-weather|RainDance|[upkeep]\n|-heal|p1a: Quagsire|102/297|[from] item: Leftovers\n|-damage|p2a: Kyogre|243/259 tox|[from] psn\n|upkeep\n|turn|2\n|\n|t:|1781465867\n|switch|p1a: Victreebel|Victreebel, L90, M|290/290\n|move|p2a: Kyogre|Origin Pulse|p1a: Victreebel\n|-resisted|p1a: Victreebel\n|-damage|p1a: Victreebel|182/290\n|\n|-weather|RainDance|[upkeep]\n|-heal|p2a: Kyogre|259/259 tox|[from] item: Leftovers\n|-damage|p2a: Kyogre|227/259 tox|[from] psn\n|upkeep\n|turn|3\n|\n|t:|1781465895\n|switch|p2a: Skeledirge|Skeledirge, L79, M|294/294\n|move|p1a: Victreebel|Power Whip|p2a: Skeledirge\n|-resisted|p2a: Skeledirge\n|-damage|p2a: Skeledirge|190/294\n|-damage|p1a: Victreebel|153/290|[from] item: Life Orb\n|\n|-weather|RainDance|[upkeep]\n|upkeep\n|turn|4\n|\n|t:|1781465908\n|move|p1a: Victreebel|Weather Ball|p2a: Skeledirge\n|-supereffective|p2a: Skeledirge\n|-damage|p2a: Skeledirge|0 fnt\n|faint|p2a: Skeledirge\n|-damage|p1a: Victreebel|124/290|[from] item: Life Orb\n|\n|-weather|RainDance|[upkeep]\n|upkeep\n|\n|t:|1781465914\n|switch|p2a: Noivern|Noivern, L82, M|274/274\n|turn|5\n|\n|t:|1781465930\n|switch|p1a: Empoleon|Empoleon, L84, M|278/278\n|move|p2a: Noivern|Hurricane|p1a: Empoleon\n|-resisted|p1a: Empoleon\n|-damage|p1a: Empoleon|207/278\n|-start|p1a: Empoleon|confusion\n|\n|-weather|none\n|-heal|p1a: Empoleon|224/278|[from] item: Leftovers\n|upkeep\n|turn|6\n|\n|t:|1781465939\n|switch|p2a: Bronzong|Bronzong, L88|261/261\n|-activate|p1a: Empoleon|confusion\n|move|p1a: Empoleon|Flip Turn|p2a: Bronzong\n|-damage|p2a: Bronzong|213/261\n|inactive|Gin X Tonic has 120 seconds left.\n|\n|t:|1781465967\n|switch|p1a: Reshiram|Reshiram, L76|277/277|[from] Flip Turn\n|-ability|p1a: Reshiram|Turboblaze\n|\n|upkeep\n|turn|7\n|\n|t:|1781465976\n|switch|p2a: Kyogre|Kyogre, L71|227/259 tox\n|-weather|RainDance|[from] ability: Drizzle|[of] p2a: Kyogre\n|move|p1a: Reshiram|Flare Blitz|p2a: Kyogre\n|-resisted|p2a: Kyogre\n|-damage|p2a: Kyogre|191/259 tox\n|-damage|p1a: Reshiram|265/277|[from] Recoil\n|\n|-weather|RainDance|[upkeep]\n|-heal|p2a: Kyogre|207/259 tox|[from] item: Leftovers\n|-damage|p2a: Kyogre|191/259 tox|[from] psn\n|upkeep\n|turn|8\n|\n|t:|1781465988\n|switch|p1a: Quagsire|Quagsire, L84, F|102/297\n|move|p2a: Kyogre|Origin Pulse|p1a: Quagsire\n|-damage|p1a: Quagsire|0 fnt\n|faint|p1a: Quagsire\n|\n|-weather|RainDance|[upkeep]\n|-heal|p2a: Kyogre|207/259 tox|[from] item: Leftovers\n|-damage|p2a: Kyogre|175/259 tox|[from] psn\n|upkeep\n|\n|t:|1781465995\n|switch|p1a: Victreebel|Victreebel, L90, M|124/290\n|turn|9\n|\n|t:|1781466013\n|switch|p2a: Bronzong|Bronzong, L88|213/261\n|move|p1a: Victreebel|Power Whip|p2a: Bronzong\n|-resisted|p2a: Bronzong\n|-damage|p2a: Bronzong|135/261\n|-damage|p1a: Victreebel|95/290|[from] item: Life Orb\n|\n|-weather|RainDance|[upkeep]\n|upkeep\n|turn|10\n|\n|t:|1781466019\n|move|p1a: Victreebel|Weather Ball|p2a: Bronzong\n|-damage|p2a: Bronzong|1/261\n|-damage|p1a: Victreebel|66/290|[from] item: Life Orb\n|move|p2a: Bronzong|Psychic Noise|p1a: Victreebel\n|-supereffective|p1a: Victreebel\n|-damage|p1a: Victreebel|0 fnt\n|faint|p1a: Victreebel\n|\n|-weather|RainDance|[upkeep]\n|upkeep\n|\n|t:|1781466035\n|switch|p1a: Empoleon|Empoleon, L84, M|224/278\n|turn|11\n|\n|t:|1781466049\n|switch|p2a: Gengar|Gengar, L81, F|230/230\n|move|p1a: Empoleon|Flip Turn|p2a: Gengar\n|-damage|p2a: Gengar|109/230\n|-start|p1a: Empoleon|Disable|Flip Turn|[from] ability: Cursed Body|[of] p2a: Gengar\n|inactive|Gin X Tonic has 120 seconds left.\n|\n|t:|1781466076\n|switch|p1a: Reshiram|Reshiram, L76|265/277|[from] Flip Turn\n|-ability|p1a: Reshiram|Turboblaze\n|\n|-weather|none\n|upkeep\n|turn|12\n|inactive|WhatEver2102 has 120 seconds left.\n|\n|t:|1781466114\n|move|p2a: Gengar|Trick|p1a: Reshiram\n|-activate|p2a: Gengar|move: Trick|[of] p1a: Reshiram\n|-item|p1a: Reshiram|Choice Specs|[from] move: Trick\n|-item|p2a: Gengar|Heavy-Duty Boots|[from] move: Trick\n|move|p1a: Reshiram|Dragon Dance|p1a: Reshiram\n|-boost|p1a: Reshiram|atk|1\n|-boost|p1a: Reshiram|spe|1\n|\n|upkeep\n|turn|13\n|\n|t:|1781466123\n|switch|p1a: Empoleon|Empoleon, L84, M|224/278\n|move|p2a: Gengar|Shadow Ball|p1a: Empoleon\n|-damage|p1a: Empoleon|127/278\n|\n|-heal|p1a: Empoleon|144/278|[from] item: Leftovers\n|upkeep\n|turn|14\n|\n|t:|1781466129\n|switch|p1a: Reshiram|Reshiram, L76|265/277\n|-ability|p1a: Reshiram|Turboblaze\n|move|p2a: Gengar|Focus Blast|p1a: Reshiram\n|-damage|p1a: Reshiram|181/277\n|-unboost|p1a: Reshiram|spd|1\n|\n|upkeep\n|turn|15\n|\n|t:|1781466138\n|switch|p2a: Bronzong|Bronzong, L88|1/261\n|move|p1a: Reshiram|Outrage|p2a: Bronzong\n|-resisted|p2a: Bronzong\n|-damage|p2a: Bronzong|0 fnt\n|faint|p2a: Bronzong\n|\n|upkeep\n|\n|t:|1781466143\n|switch|p2a: Brute Bonnet|Brute Bonnet, L80|309/309\n|turn|16\n|\n|t:|1781466145\n|move|p1a: Reshiram|Outrage|p2a: Brute Bonnet|[from] lockedmove\n|-damage|p2a: Brute Bonnet|200/309\n|move|p2a: Brute Bonnet|Crunch|p1a: Reshiram\n|-damage|p1a: Reshiram|90/277\n|\n|-heal|p2a: Brute Bonnet|219/309|[from] item: Leftovers\n|upkeep\n|turn|17\n|\n|t:|1781466152\n|move|p1a: Reshiram|Outrage|p2a: Brute Bonnet|[from] lockedmove\n|-damage|p2a: Brute Bonnet|107/309\n|-start|p1a: Reshiram|confusion|[fatigue]\n|move|p2a: Brute Bonnet|Crunch|p1a: Reshiram\n|-damage|p1a: Reshiram|0 fnt\n|faint|p1a: Reshiram\n|\n|-heal|p2a: Brute Bonnet|126/309|[from] item: Leftovers\n|upkeep\n|\n|t:|1781466163\n|switch|p1a: Glimmora|Glimmora, L75, M|248/248\n|turn|18\n|\n|t:|1781466169\n|move|p1a: Glimmora|Sludge Wave|p2a: Brute Bonnet\n|-supereffective|p2a: Brute Bonnet\n|-damage|p2a: Brute Bonnet|0 fnt\n|faint|p2a: Brute Bonnet\n|-end|p2a: Brute Bonnet|Protosynthesis|[silent]\n|\n|upkeep\n|\n|t:|1781466177\n|switch|p2a: Gengar|Gengar, L81, F|109/230\n|turn|19\n|\n|t:|1781466186\n|move|p2a: Gengar|Shadow Ball|p1a: Glimmora\n|-crit|p1a: Glimmora\n|-damage|p1a: Glimmora|59/248\n|move|p1a: Glimmora|Meteor Beam||[still]\n|-prepare|p1a: Glimmora|Meteor Beam\n|-boost|p1a: Glimmora|spa|1\n|-enditem|p1a: Glimmora|Power Herb\n|-anim|p1a: Glimmora|Meteor Beam|p2a: Gengar\n|-damage|p2a: Gengar|0 fnt\n|-start|p1a: Glimmora|Disable|Meteor Beam|[from] ability: Cursed Body|[of] p2a: Gengar\n|faint|p2a: Gengar\n|\n|upkeep\n|\n|t:|1781466196\n|switch|p2a: Noivern|Noivern, L82, M|274/274\n|turn|20\n|\n|t:|1781466206\n|-terastallize|p2a: Noivern|Normal\n|move|p2a: Noivern|Boomburst|p1a: Glimmora\n|-resisted|p1a: Glimmora\n|-crit|p1a: Glimmora\n|-damage|p1a: Glimmora|0 fnt\n|faint|p1a: Glimmora\n|\n|upkeep\n|\n|t:|1781466210\n|switch|p1a: Empoleon|Empoleon, L84, M|144/278\n|turn|21\n|\n|t:|1781466213\n|move|p2a: Noivern|Boomburst|p1a: Empoleon\n|-resisted|p1a: Empoleon\n|-damage|p1a: Empoleon|54/278\n|move|p1a: Empoleon|Roost|p1a: Empoleon\n|-heal|p1a: Empoleon|193/278\n|-singleturn|p1a: Empoleon|move: Roost\n|\n|-heal|p1a: Empoleon|210/278|[from] item: Leftovers\n|upkeep\n|turn|22\n|\n|t:|1781466222\n|switch|p2a: Kyogre|Kyogre, L71|175/259 tox\n|-weather|RainDance|[from] ability: Drizzle|[of] p2a: Kyogre\n|move|p1a: Empoleon|Flip Turn|p2a: Kyogre\n|-resisted|p2a: Kyogre\n|-damage|p2a: Kyogre|129/259 tox\n|\n|t:|1781466229\n|switch|p1a: Cetitan|Cetitan, L82, M|412/412|[from] Flip Turn\n|\n|-weather|RainDance|[upkeep]\n|-heal|p2a: Kyogre|145/259 tox|[from] item: Leftovers\n|-damage|p2a: Kyogre|129/259 tox|[from] psn\n|upkeep\n|turn|23\n|\n|t:|1781466238\n|move|p2a: Kyogre|Thunder|p1a: Cetitan\n|-damage|p1a: Cetitan|300/412\n|move|p1a: Cetitan|Earthquake|p2a: Kyogre\n|-damage|p2a: Kyogre|44/259 tox\n|\n|-weather|RainDance|[upkeep]\n|-heal|p2a: Kyogre|60/259 tox|[from] item: Leftovers\n|-damage|p2a: Kyogre|28/259 tox|[from] psn\n|upkeep\n|turn|24\n|\n|t:|1781466258\n|move|p1a: Cetitan|Ice Shard|p2a: Kyogre\n|-resisted|p2a: Kyogre\n|-damage|p2a: Kyogre|4/259 tox\n|move|p2a: Kyogre|Origin Pulse|p1a: Cetitan\n|-damage|p1a: Cetitan|56/412\n|-enditem|p1a: Cetitan|Sitrus Berry|[eat]\n|-heal|p1a: Cetitan|159/412|[from] item: Sitrus Berry\n|\n|-weather|RainDance|[upkeep]\n|-heal|p2a: Kyogre|20/259 tox|[from] item: Leftovers\n|-damage|p2a: Kyogre|0 fnt|[from] psn\n|faint|p2a: Kyogre\n|upkeep\n|\n|t:|1781466263\n|switch|p2a: Noivern|Noivern, L82, M, tera:Normal|274/274\n|turn|25\n|\n|t:|1781466283\n|move|p1a: Cetitan|Ice Shard|p2a: Noivern\n|-damage|p2a: Noivern|222/274\n|move|p2a: Noivern|Boomburst|p1a: Cetitan\n|-damage|p1a: Cetitan|0 fnt\n|faint|p1a: Cetitan\n|\n|-weather|RainDance|[upkeep]\n|upkeep\n|\n|t:|1781466286\n|switch|p1a: Empoleon|Empoleon, L84, M|210/278\n|turn|26\n|\n|t:|1781466292\n|move|p2a: Noivern|Boomburst|p1a: Empoleon\n|-resisted|p1a: Empoleon\n|-damage|p1a: Empoleon|113/278\n|move|p1a: Empoleon|Surf|p2a: Noivern\n|-damage|p2a: Noivern|53/274\n|\n|-weather|none\n|-heal|p1a: Empoleon|130/278|[from] item: Leftovers\n|upkeep\n|turn|27\n|\n|t:|1781466297\n|move|p2a: Noivern|Boomburst|p1a: Empoleon\n|-resisted|p1a: Empoleon\n|-damage|p1a: Empoleon|36/278\n|move|p1a: Empoleon|Surf|p2a: Noivern\n|-damage|p2a: Noivern|0 fnt\n|faint|p2a: Noivern\n|\n|win|Gin X Tonic\n", "uploadtime": 1781465842, "views": 3, "formatid": "gen9randombattle", "rating": null, "private": 0, "password": null}