{"id": "gen9randombattle-2631710471", "format": "[Gen 9] Random Battle", "players": ["Higgelhiggel", "endallbeallball"], "log": "|j|\u2606Higgelhiggel\n|j|\u2606endallbeallball\n|t:|1781426359\n|gametype|singles\n|player|p1|Higgelhiggel|265|2157\n|player|p2|endallbeallball|medium|2077\n|gen|9\n|tier|[Gen 9] Random Battle\n|rated|\n|rule|Species Clause: Limit one of each Pok\u00e9mon\n|rule|HP Percentage Mod: HP is shown in percentages\n|rule|Sleep Clause Mod: Limit one foe put to sleep\n|rule|Illusion Level Mod: Illusion disguises the Pok\u00e9mon's true level\n|\n|t:|1781426359\n|teamsize|p1|6\n|teamsize|p2|6\n|start\n|switch|p1a: Hawlucha|Hawlucha, L80, F|256/256\n|switch|p2a: Dondozo|Dondozo, L78, F|362/362\n|turn|1\n|inactive|Battle timer is ON: inactive players will automatically lose when time's up. (requested by Higgelhiggel)\n|\n|t:|1781426384\n|switch|p1a: Chimecho|Chimecho, L93, M|290/290\n|move|p2a: Dondozo|Wave Crash|p1a: Chimecho\n|-damage|p1a: Chimecho|184/290\n|-damage|p2a: Dondozo|327/362|[from] Recoil\n|\n|-heal|p1a: Chimecho|202/290|[from] item: Leftovers\n|-heal|p2a: Dondozo|349/362|[from] item: Leftovers\n|upkeep\n|turn|2\n|\n|t:|1781426388\n|switch|p2a: Overqwil|Overqwil, L82, M|274/274\n|-ability|p2a: Overqwil|Intimidate|boost\n|-unboost|p1a: Chimecho|atk|1\n|move|p1a: Chimecho|Thunder Wave|p2a: Overqwil\n|-status|p2a: Overqwil|par\n|\n|-heal|p1a: Chimecho|220/290|[from] item: Leftovers\n|upkeep\n|turn|3\n|\n|t:|1781426398\n|switch|p1a: Probopass|Probopass, L91, F|257/257\n|move|p2a: Overqwil|Swords Dance|p2a: Overqwil\n|-boost|p2a: Overqwil|atk|2\n|\n|upkeep\n|turn|4\n|\n|t:|1781426404\n|move|p1a: Probopass|Iron Defense|p1a: Probopass\n|-boost|p1a: Probopass|def|2\n|move|p2a: Overqwil|Crunch|p1a: Probopass\n|-damage|p1a: Probopass|200/257\n|\n|upkeep\n|turn|5\n|\n|t:|1781426410\n|switch|p2a: Dondozo|Dondozo, L78, F|349/362\n|move|p1a: Probopass|Body Press|p2a: Dondozo\n|-damage|p2a: Dondozo|272/362\n|\n|-heal|p2a: Dondozo|294/362|[from] item: Leftovers\n|upkeep\n|turn|6\n|\n|t:|1781426416\n|switch|p1a: Chimecho|Chimecho, L93, M|220/290\n|move|p2a: Dondozo|Curse|p2a: Dondozo\n|-unboost|p2a: Dondozo|spe|1\n|-boost|p2a: Dondozo|atk|1\n|-boost|p2a: Dondozo|def|1\n|\n|-heal|p1a: Chimecho|238/290|[from] item: Leftovers\n|-heal|p2a: Dondozo|316/362|[from] item: Leftovers\n|upkeep\n|turn|7\n|\n|t:|1781426419\n|move|p1a: Chimecho|Encore|p2a: Dondozo\n|-start|p2a: Dondozo|Encore\n|move|p2a: Dondozo|Curse|p2a: Dondozo\n|-unboost|p2a: Dondozo|spe|1\n|-boost|p2a: Dondozo|atk|1\n|-boost|p2a: Dondozo|def|1\n|\n|-heal|p1a: Chimecho|256/290|[from] item: Leftovers\n|-heal|p2a: Dondozo|338/362|[from] item: Leftovers\n|upkeep\n|turn|8\n|\n|t:|1781426426\n|switch|p1a: Delibird|Delibird, M|252/252\n|switch|p2a: Overqwil|Overqwil, L82, M|274/274 par\n|-ability|p2a: Overqwil|Intimidate|boost\n|-unboost|p1a: Delibird|atk|1\n|\n|upkeep\n|turn|9\n|\n|t:|1781426431\n|move|p1a: Delibird|Spikes|p2a: Overqwil\n|-sidestart|p2: endallbeallball|Spikes\n|move|p2a: Overqwil|Gunk Shot|p1a: Delibird\n|-damage|p1a: Delibird|83/252\n|\n|upkeep\n|turn|10\n|\n|t:|1781426438\n|move|p1a: Delibird|Brave Bird|p2a: Overqwil\n|-damage|p2a: Overqwil|201/274 par\n|-damage|p1a: Delibird|59/252|[from] Recoil\n|move|p2a: Overqwil|Crunch|p1a: Delibird\n|-damage|p1a: Delibird|0 fnt\n|faint|p1a: Delibird\n|\n|upkeep\n|\n|t:|1781426446\n|switch|p1a: Probopass|Probopass, L91, F|200/257\n|turn|11\n|inactive|endallbeallball has 120 seconds left.\n|\n|t:|1781426490\n|switch|p2a: Dondozo|Dondozo, L78, F|338/362\n|-damage|p2a: Dondozo|293/362|[from] Spikes\n|move|p1a: Probopass|Power Gem|p2a: Dondozo\n|-damage|p2a: Dondozo|191/362\n|\n|-heal|p2a: Dondozo|213/362|[from] item: Leftovers\n|upkeep\n|turn|12\n|\n|t:|1781426500\n|switch|p1a: Chimecho|Chimecho, L93, M|256/290\n|move|p2a: Dondozo|Rest|p2a: Dondozo\n|-status|p2a: Dondozo|slp|[from] move: Rest\n|-heal|p2a: Dondozo|362/362 slp|[silent]\n|\n|-heal|p1a: Chimecho|274/290|[from] item: Leftovers\n|upkeep\n|turn|13\n|\n|t:|1781426513\n|switch|p2a: Tinkaton|Tinkaton, L82, F|274/274\n|-damage|p2a: Tinkaton|240/274|[from] Spikes\n|-ability|p2a: Tinkaton|Mold Breaker\n|move|p1a: Chimecho|Psychic Noise|p2a: Tinkaton\n|-resisted|p2a: Tinkaton\n|-damage|p2a: Tinkaton|198/274\n|-start|p2a: Tinkaton|move: Heal Block\n|\n|-heal|p1a: Chimecho|290/290|[from] item: Leftovers\n|upkeep\n|turn|14\n|\n|t:|1781426517\n|move|p2a: Tinkaton|Swords Dance|p2a: Tinkaton\n|-boost|p2a: Tinkaton|atk|2\n|move|p1a: Chimecho|Thunder Wave|p2a: Tinkaton\n|-status|p2a: Tinkaton|par\n|\n|-end|p2a: Tinkaton|move: Heal Block\n|upkeep\n|turn|15\n|\n|t:|1781426522\n|switch|p2a: Overqwil|Overqwil, L82, M|201/274 par\n|-damage|p2a: Overqwil|167/274 par|[from] Spikes\n|-ability|p2a: Overqwil|Intimidate|boost\n|-unboost|p1a: Chimecho|atk|1\n|move|p1a: Chimecho|Encore||[still]\n|-fail|p1a: Chimecho\n|\n|upkeep\n|turn|16\n|\n|t:|1781426525\n|switch|p1a: Probopass|Probopass, L91, F|200/257\n|move|p2a: Overqwil|Crunch|p1a: Probopass\n|-damage|p1a: Probopass|142/257\n|\n|upkeep\n|turn|17\n|\n|t:|1781426532\n|switch|p2a: Groudon|Groudon, L72|263/263\n|-damage|p2a: Groudon|231/263|[from] Spikes\n|-weather|SunnyDay|[from] ability: Drought|[of] p2a: Groudon\n|move|p1a: Probopass|Power Gem|p2a: Groudon\n|-resisted|p2a: Groudon\n|-damage|p2a: Groudon|182/263\n|\n|-weather|SunnyDay|[upkeep]\n|-heal|p2a: Groudon|198/263|[from] item: Leftovers\n|upkeep\n|turn|18\n|\n|t:|1781426537\n|switch|p1a: Chimecho|Chimecho, L93, M|290/290\n|move|p2a: Groudon|Stealth Rock|p1a: Chimecho\n|-sidestart|p1: Higgelhiggel|move: Stealth Rock\n|\n|-weather|SunnyDay|[upkeep]\n|-heal|p2a: Groudon|214/263|[from] item: Leftovers\n|upkeep\n|turn|19\n|\n|t:|1781426544\n|move|p1a: Chimecho|Psychic Noise|p2a: Groudon\n|-damage|p2a: Groudon|99/263\n|-start|p2a: Groudon|move: Heal Block\n|move|p2a: Groudon|Spikes|p1a: Chimecho\n|-sidestart|p1: Higgelhiggel|Spikes\n|\n|-weather|SunnyDay|[upkeep]\n|upkeep\n|turn|20\n|\n|t:|1781426549\n|move|p1a: Chimecho|Psychic Noise|p2a: Groudon\n|-damage|p2a: Groudon|0 fnt\n|faint|p2a: Groudon\n|\n|-weather|SunnyDay|[upkeep]\n|upkeep\n|\n|t:|1781426555\n|switch|p2a: Tinkaton|Tinkaton, L82, F|198/274 par\n|-damage|p2a: Tinkaton|164/274 par|[from] Spikes\n|-ability|p2a: Tinkaton|Mold Breaker\n|turn|21\n|\n|t:|1781426558\n|move|p1a: Chimecho|Psychic Noise|p2a: Tinkaton\n|-resisted|p2a: Tinkaton\n|-crit|p2a: Tinkaton\n|-damage|p2a: Tinkaton|95/274 par\n|-start|p2a: Tinkaton|move: Heal Block\n|move|p2a: Tinkaton|Knock Off|p1a: Chimecho\n|-supereffective|p1a: Chimecho\n|-damage|p1a: Chimecho|188/290\n|-enditem|p1a: Chimecho|Leftovers|[from] move: Knock Off|[of] p2a: Tinkaton\n|\n|-weather|none\n|upkeep\n|turn|22\n|\n|t:|1781426566\n|move|p1a: Chimecho|Recover|p1a: Chimecho\n|-heal|p1a: Chimecho|290/290\n|move|p2a: Tinkaton|Gigaton Hammer|p1a: Chimecho\n|-crit|p1a: Chimecho\n|-damage|p1a: Chimecho|110/290\n|\n|-end|p2a: Tinkaton|move: Heal Block\n|upkeep\n|turn|23\n|\n|t:|1781426573\n|switch|p2a: Overqwil|Overqwil, L82, M|167/274 par\n|-damage|p2a: Overqwil|133/274 par|[from] Spikes\n|-ability|p2a: Overqwil|Intimidate|boost\n|-unboost|p1a: Chimecho|atk|1\n|move|p1a: Chimecho|Recover|p1a: Chimecho\n|-heal|p1a: Chimecho|255/290\n|\n|upkeep\n|turn|24\n|\n|t:|1781426582\n|switch|p1a: Probopass|Probopass, L91, F|142/257\n|-damage|p1a: Probopass|126/257|[from] Stealth Rock\n|-damage|p1a: Probopass|94/257|[from] Spikes\n|move|p2a: Overqwil|Scale Shot|p1a: Probopass\n|-resisted|p1a: Probopass\n|-damage|p1a: Probopass|88/257\n|-resisted|p1a: Probopass\n|-damage|p1a: Probopass|82/257\n|-resisted|p1a: Probopass\n|-damage|p1a: Probopass|76/257\n|-resisted|p1a: Probopass\n|-crit|p1a: Probopass\n|-damage|p1a: Probopass|66/257\n|-resisted|p1a: Probopass\n|-damage|p1a: Probopass|60/257\n|-hitcount|p1a: Probopass|5\n|-unboost|p2a: Overqwil|def|1\n|-boost|p2a: Overqwil|spe|1\n|\n|upkeep\n|turn|25\n|\n|t:|1781426586\n|move|p2a: Overqwil|Crunch|p1a: Probopass\n|-damage|p1a: Probopass|0 fnt\n|faint|p1a: Probopass\n|\n|upkeep\n|\n|t:|1781426600\n|switch|p1a: Zekrom|Zekrom, L71|259/259\n|-damage|p1a: Zekrom|227/259|[from] Stealth Rock\n|-damage|p1a: Zekrom|195/259|[from] Spikes\n|-ability|p1a: Zekrom|Teravolt\n|turn|26\n|\n|t:|1781426608\n|move|p1a: Zekrom|Dragon Dance|p1a: Zekrom\n|-boost|p1a: Zekrom|atk|1\n|-boost|p1a: Zekrom|spe|1\n|move|p2a: Overqwil|Scale Shot|p1a: Zekrom\n|-supereffective|p1a: Zekrom\n|-damage|p1a: Zekrom|159/259\n|-supereffective|p1a: Zekrom\n|-damage|p1a: Zekrom|119/259\n|-supereffective|p1a: Zekrom\n|-damage|p1a: Zekrom|81/259\n|-supereffective|p1a: Zekrom\n|-damage|p1a: Zekrom|47/259\n|-supereffective|p1a: Zekrom\n|-damage|p1a: Zekrom|11/259\n|-hitcount|p1a: Zekrom|5\n|-unboost|p2a: Overqwil|def|1\n|-boost|p2a: Overqwil|spe|1\n|\n|-heal|p1a: Zekrom|27/259|[from] item: Leftovers\n|upkeep\n|turn|27\n|\n|t:|1781426615\n|switch|p2a: Tinkaton|Tinkaton, L82, F|95/274 par\n|-damage|p2a: Tinkaton|61/274 par|[from] Spikes\n|-ability|p2a: Tinkaton|Mold Breaker\n|move|p1a: Zekrom|Bolt Strike|p2a: Tinkaton\n|-damage|p2a: Tinkaton|0 fnt\n|faint|p2a: Tinkaton\n|\n|-heal|p1a: Zekrom|43/259|[from] item: Leftovers\n|upkeep\n|\n|t:|1781426617\n|switch|p2a: Breloom|Breloom, L83, M|235/235\n|-damage|p2a: Breloom|206/235|[from] Spikes\n|turn|28\n|\n|t:|1781426621\n|move|p2a: Breloom|Mach Punch|p1a: Zekrom\n|-crit|p1a: Zekrom\n|-damage|p1a: Zekrom|0 fnt\n|faint|p1a: Zekrom\n|-damage|p2a: Breloom|183/235|[from] item: Life Orb\n|\n|upkeep\n|\n|t:|1781426626\n|switch|p1a: Infernape|Infernape, L82, F|259/259\n|-damage|p1a: Infernape|227/259|[from] Stealth Rock\n|-damage|p1a: Infernape|195/259|[from] Spikes\n|turn|29\n|\n|t:|1781426630\n|switch|p2a: Dondozo|Dondozo, L78, F|362/362 slp\n|-damage|p2a: Dondozo|317/362 slp|[from] Spikes\n|move|p1a: Infernape|Overheat|p2a: Dondozo\n|-resisted|p2a: Dondozo\n|-damage|p2a: Dondozo|190/362 slp\n|-unboost|p1a: Infernape|spa|2\n|-damage|p1a: Infernape|170/259|[from] item: Life Orb\n|\n|-heal|p2a: Dondozo|212/362 slp|[from] item: Leftovers\n|upkeep\n|turn|30\n|\n|t:|1781426633\n|move|p1a: Infernape|Close Combat|p2a: Dondozo\n|-damage|p2a: Dondozo|56/362 slp\n|-unboost|p1a: Infernape|def|1\n|-unboost|p1a: Infernape|spd|1\n|-damage|p1a: Infernape|145/259|[from] item: Life Orb\n|cant|p2a: Dondozo|slp\n|move|p2a: Dondozo|Sleep Talk|p2a: Dondozo\n|move|p2a: Dondozo|Wave Crash|p1a: Infernape|[from] move: Sleep Talk\n|-supereffective|p1a: Infernape\n|-crit|p1a: Infernape\n|-damage|p1a: Infernape|0 fnt\n|faint|p1a: Infernape\n|-damage|p2a: Dondozo|8/362 slp|[from] Recoil\n|\n|-heal|p2a: Dondozo|30/362 slp|[from] item: Leftovers\n|upkeep\n|\n|t:|1781426640\n|switch|p1a: Hawlucha|Hawlucha, L80, F|256/256\n|-damage|p1a: Hawlucha|224/256|[from] Stealth Rock\n|turn|31\n|\n|t:|1781426643\n|move|p1a: Hawlucha|Swords Dance|p1a: Hawlucha\n|-boost|p1a: Hawlucha|atk|2\n|cant|p2a: Dondozo|slp\n|move|p2a: Dondozo|Sleep Talk|p2a: Dondozo\n|move|p2a: Dondozo|Curse|p2a: Dondozo|[from] move: Sleep Talk\n|-unboost|p2a: Dondozo|spe|1\n|-boost|p2a: Dondozo|atk|1\n|-boost|p2a: Dondozo|def|1\n|\n|-heal|p2a: Dondozo|52/362 slp|[from] item: Leftovers\n|upkeep\n|turn|32\n|\n|t:|1781426648\n|move|p1a: Hawlucha|Close Combat|p2a: Dondozo\n|-damage|p2a: Dondozo|0 fnt\n|-unboost|p1a: Hawlucha|def|1\n|-unboost|p1a: Hawlucha|spd|1\n|faint|p2a: Dondozo\n|-enditem|p1a: Hawlucha|White Herb\n|-clearnegativeboost|p1a: Hawlucha|[silent]\n|\n|upkeep\n|\n|t:|1781426653\n|switch|p2a: Overqwil|Overqwil, L82, M|133/274 par\n|-damage|p2a: Overqwil|99/274 par|[from] Spikes\n|-ability|p2a: Overqwil|Intimidate|boost\n|-unboost|p1a: Hawlucha|atk|1\n|turn|33\n|\n|t:|1781426659\n|switch|p2a: Breloom|Breloom, L83, M|183/235\n|-damage|p2a: Breloom|154/235|[from] Spikes\n|move|p1a: Hawlucha|Brave Bird|p2a: Breloom\n|-supereffective|p2a: Breloom\n|-damage|p2a: Breloom|0 fnt\n|faint|p2a: Breloom\n|-damage|p1a: Hawlucha|173/256|[from] Recoil\n|\n|upkeep\n|\n|t:|1781426661\n|switch|p2a: Overqwil|Overqwil, L82, M|99/274 par\n|-damage|p2a: Overqwil|65/274 par|[from] Spikes\n|-ability|p2a: Overqwil|Intimidate|boost\n|-unboost|p1a: Hawlucha|atk|1\n|turn|34\n|\n|t:|1781426664\n|move|p1a: Hawlucha|Close Combat|p2a: Overqwil\n|-damage|p2a: Overqwil|0 fnt\n|-unboost|p1a: Hawlucha|def|1\n|-unboost|p1a: Hawlucha|spd|1\n|faint|p2a: Overqwil\n|\n|upkeep\n|\n|t:|1781426665\n|switch|p2a: Kyurem|Kyurem-White, L73|303/303\n|-damage|p2a: Kyurem|266/303|[from] Spikes\n|-ability|p2a: Kyurem|Turboblaze\n|turn|35\n|\n|t:|1781426671\n|-terastallize|p1a: Hawlucha|Fighting\n|-terastallize|p2a: Kyurem|Dragon\n|move|p1a: Hawlucha|Close Combat|p2a: Kyurem\n|-damage|p2a: Kyurem|86/303\n|-unboost|p1a: Hawlucha|def|1\n|-unboost|p1a: Hawlucha|spd|1\n|move|p2a: Kyurem|Freeze-Dry|p1a: Hawlucha\n|-damage|p1a: Hawlucha|0 fnt\n|faint|p1a: Hawlucha\n|\n|upkeep\n|\n|t:|1781426675\n|switch|p1a: Chimecho|Chimecho, L93, M|255/290\n|-damage|p1a: Chimecho|219/290|[from] Stealth Rock\n|turn|36\n|\n|t:|1781426678\n|move|p2a: Kyurem|Freeze-Dry|p1a: Chimecho\n|-damage|p1a: Chimecho|134/290\n|move|p1a: Chimecho|Thunder Wave|p2a: Kyurem\n|-status|p2a: Kyurem|par\n|\n|upkeep\n|turn|37\n|c|\u2606endallbeallball|gg\n|\n|t:|1781426682\n|move|p1a: Chimecho|Recover|p1a: Chimecho\n|-heal|p1a: Chimecho|279/290\n|move|p2a: Kyurem|Freeze-Dry|p1a: Chimecho\n|-damage|p1a: Chimecho|192/290\n|\n|upkeep\n|turn|38\n|\n|t:|1781426685\n|move|p1a: Chimecho|Psychic Noise|p2a: Kyurem\n|-damage|p2a: Kyurem|0 fnt\n|faint|p2a: Kyurem\n|\n|win|Higgelhiggel\n|raw|Higgelhiggel's rating: 2157 &rarr; <strong>2172</strong><br />(+15 for winning)\n|raw|endallbeallball's rating: 2077 &rarr; <strong>2062</strong><br />(-15 for losing)\n", "uploadtime": 1781426361, "views": 3, "formatid": "gen9randombattle", "rating": 2062, "private": 0, "password": null}