{"id": "gen9randombattle-2631809598", "format": "[Gen 9] Random Battle", "players": ["mantheman97", "katsuge5"], "log": "|j|\u2606mantheman97\n|j|\u2606katsuge5\n|t:|1781442860\n|gametype|singles\n|player|p1|mantheman97|265|2172\n|player|p2|katsuge5|101|2221\n|gen|9\n|tier|[Gen 9] Random Battle\n|rated|\n|rule|Species Clause: Limit one of each Pok\u00e9mon\n|rule|HP Percentage Mod: HP is shown in percentages\n|rule|Sleep Clause Mod: Limit one foe put to sleep\n|rule|Illusion Level Mod: Illusion disguises the Pok\u00e9mon's true level\n|\n|t:|1781442860\n|teamsize|p1|6\n|teamsize|p2|6\n|start\n|switch|p1a: Deoxys|Deoxys-Defense, L84|221/221\n|switch|p2a: Alcremie|Alcremie-Mint-Cream, L90, F|263/263\n|-ability|p1a: Deoxys|Pressure\n|turn|1\n|inactive|Battle timer is ON: inactive players will automatically lose when time's up. (requested by mantheman97)\n|inactive|katsuge5 has 120 seconds left.\n|inactive|katsuge5 has 90 seconds left.\n|\n|t:|1781442959\n|switch|p2a: Squawkabilly|Squawkabilly-Blue, L85, M|278/278\n|move|p1a: Deoxys|Cosmic Power|p1a: Deoxys\n|-boost|p1a: Deoxys|def|1\n|-boost|p1a: Deoxys|spd|1\n|\n|-status|p2a: Squawkabilly|brn|[from] item: Flame Orb\n|upkeep\n|turn|2\n|\n|t:|1781442983\n|switch|p2a: Vaporeon|Vaporeon, L86, M|364/364\n|move|p1a: Deoxys|Cosmic Power|p1a: Deoxys\n|-boost|p1a: Deoxys|def|1\n|-boost|p1a: Deoxys|spd|1\n|\n|upkeep\n|turn|3\n|inactive|mantheman97 has 120 seconds left.\n|\n|t:|1781443015\n|move|p1a: Deoxys|Cosmic Power|p1a: Deoxys\n|-boost|p1a: Deoxys|def|1\n|-boost|p1a: Deoxys|spd|1\n|move|p2a: Vaporeon|Haze|p2a: Vaporeon\n|-clearallboost\n|\n|upkeep\n|turn|4\n|inactive|mantheman97 has 120 seconds left.\n|inactive|katsuge5 has 120 seconds left.\n|\n|t:|1781443048\n|switch|p2a: Scrafty|Scrafty, L83, M|244/244\n|move|p1a: Deoxys|Night Shade|p2a: Scrafty\n|-damage|p2a: Scrafty|160/244\n|\n|-heal|p2a: Scrafty|175/244|[from] item: Leftovers\n|upkeep\n|turn|5\n|\n|t:|1781443060\n|switch|p1a: Milotic|Milotic, L83, F|293/293\n|move|p2a: Scrafty|Knock Off|p1a: Milotic\n|-damage|p1a: Milotic|190/293\n|-enditem|p1a: Milotic|Leftovers|[from] move: Knock Off|[of] p2a: Scrafty\n|\n|-heal|p2a: Scrafty|190/244|[from] item: Leftovers\n|upkeep\n|turn|6\n|\n|t:|1781443076\n|switch|p2a: Tentacruel|Tentacruel, L84, F|272/272\n|move|p1a: Milotic|Scald|p2a: Tentacruel\n|-resisted|p2a: Tentacruel\n|-damage|p2a: Tentacruel|241/272\n|\n|-heal|p2a: Tentacruel|258/272|[from] item: Leftovers\n|upkeep\n|turn|7\n|inactive|mantheman97 has 120 seconds left.\n|\n|t:|1781443084\n|switch|p1a: Dugtrio|Dugtrio-Alola, L84, F|196/196\n|move|p2a: Tentacruel|Toxic Spikes|p1a: Dugtrio\n|-sidestart|p1: mantheman97|move: Toxic Spikes\n|\n|-heal|p2a: Tentacruel|272/272|[from] item: Leftovers\n|upkeep\n|turn|8\n|inactive|mantheman97 has 120 seconds left.\n|inactive|katsuge5 has 120 seconds left.\n|inactive|katsuge5 has 90 seconds left.\n|\n|t:|1781443140\n|-terastallize|p2a: Tentacruel|Grass\n|move|p1a: Dugtrio|Iron Head|p2a: Tentacruel\n|-damage|p2a: Tentacruel|115/272\n|move|p2a: Tentacruel|Surf|p1a: Dugtrio\n|-supereffective|p1a: Dugtrio\n|-damage|p1a: Dugtrio|0 fnt\n|faint|p1a: Dugtrio\n|\n|-heal|p2a: Tentacruel|132/272|[from] item: Leftovers\n|upkeep\n|inactive|mantheman97 has 90 seconds left.\n|\n|t:|1781443168\n|switch|p1a: Solgaleo|Solgaleo, L74|325/325\n|turn|9\n|\n|t:|1781443179\n|switch|p2a: Vaporeon|Vaporeon, L86, M|364/364\n|move|p1a: Solgaleo|Sunsteel Strike|p2a: Vaporeon\n|-resisted|p2a: Vaporeon\n|-damage|p2a: Vaporeon|300/364\n|\n|-heal|p2a: Vaporeon|322/364|[from] item: Leftovers\n|upkeep\n|turn|10\n|\n|t:|1781443194\n|switch|p1a: Milotic|Milotic, L83, F|190/293\n|-status|p1a: Milotic|psn\n|move|p2a: Vaporeon|Scald|p1a: Milotic\n|-resisted|p1a: Milotic\n|-damage|p1a: Milotic|151/293 psn\n|\n|-heal|p2a: Vaporeon|344/364|[from] item: Leftovers\n|-damage|p1a: Milotic|115/293 psn|[from] psn\n|upkeep\n|turn|11\n|inactive|katsuge5 has 90 seconds left.\n|\n|t:|1781443224\n|move|p1a: Milotic|Ice Beam|p2a: Vaporeon\n|-resisted|p2a: Vaporeon\n|-damage|p2a: Vaporeon|313/364\n|move|p2a: Vaporeon|Wish|p2a: Vaporeon\n|\n|-heal|p2a: Vaporeon|335/364|[from] item: Leftovers\n|-damage|p1a: Milotic|79/293 psn|[from] psn\n|upkeep\n|turn|12\n|inactive|katsuge5 has 90 seconds left.\n|\n|t:|1781443251\n|switch|p2a: Tentacruel|Tentacruel, L84, F, tera:Grass|132/272\n|move|p1a: Milotic|Dragon Tail|p2a: Tentacruel\n|-damage|p2a: Tentacruel|92/272\n|drag|p2a: Vaporeon|Vaporeon, L86, M|335/364\n|\n|-heal|p2a: Vaporeon|364/364|[from] move: Wish|[wisher] Vaporeon\n|-damage|p1a: Milotic|43/293 psn|[from] psn\n|upkeep\n|turn|13\n|\n|t:|1781443263\n|switch|p2a: Squawkabilly|Squawkabilly-Blue, L85, M|278/278 brn\n|move|p1a: Milotic|Ice Beam|p2a: Squawkabilly\n|-supereffective|p2a: Squawkabilly\n|-damage|p2a: Squawkabilly|100/278 brn\n|\n|-damage|p1a: Milotic|7/293 psn|[from] psn\n|-damage|p2a: Squawkabilly|83/278 brn|[from] brn\n|upkeep\n|turn|14\n|\n|t:|1781443272\n|move|p2a: Squawkabilly|Facade|p1a: Milotic\n|-damage|p1a: Milotic|0 fnt\n|faint|p1a: Milotic\n|\n|-damage|p2a: Squawkabilly|66/278 brn|[from] brn\n|upkeep\n|inactive|mantheman97 has 120 seconds left.\n|\n|t:|1781443279\n|switch|p1a: Solgaleo|Solgaleo, L74|325/325\n|turn|15\n|\n|t:|1781443283\n|switch|p2a: Vaporeon|Vaporeon, L86, M|364/364\n|move|p1a: Solgaleo|Flame Charge|p2a: Vaporeon\n|-resisted|p2a: Vaporeon\n|-damage|p2a: Vaporeon|340/364\n|-boost|p1a: Solgaleo|spe|1\n|\n|-heal|p2a: Vaporeon|362/364|[from] item: Leftovers\n|upkeep\n|turn|16\n|\n|t:|1781443293\n|switch|p1a: Mightyena|Mightyena, L96, M|290/290\n|-status|p1a: Mightyena|psn\n|-ability|p1a: Mightyena|Intimidate|boost\n|-unboost|p2a: Vaporeon|atk|1\n|move|p2a: Vaporeon|Scald|p1a: Mightyena\n|-damage|p1a: Mightyena|175/290 psn\n|\n|-heal|p2a: Vaporeon|364/364|[from] item: Leftovers\n|-damage|p1a: Mightyena|139/290 psn|[from] psn\n|upkeep\n|turn|17\n|\n|t:|1781443300\n|-terastallize|p1a: Mightyena|Poison\n|move|p2a: Vaporeon|Protect|p2a: Vaporeon\n|-singleturn|p2a: Vaporeon|Protect\n|move|p1a: Mightyena|Poison Fang|p2a: Vaporeon\n|-activate|p2a: Vaporeon|move: Protect\n|\n|-damage|p1a: Mightyena|103/290 psn|[from] psn\n|upkeep\n|turn|18\n|inactive|katsuge5 has 90 seconds left.\n|inactive|katsuge5 has 60 seconds left.\n|inactive|katsuge5 has 30 seconds left.\n|\n|t:|1781443392\n|switch|p1a: Solgaleo|Solgaleo, L74|325/325\n|switch|p2a: Scrafty|Scrafty, L83, M|190/244\n|\n|-heal|p2a: Scrafty|205/244|[from] item: Leftovers\n|upkeep\n|turn|19\n|\n|t:|1781443420\n|switch|p2a: Vaporeon|Vaporeon, L86, M|364/364\n|move|p1a: Solgaleo|Close Combat|p2a: Vaporeon\n|-crit|p2a: Vaporeon\n|-damage|p2a: Vaporeon|187/364\n|-unboost|p1a: Solgaleo|def|1\n|-unboost|p1a: Solgaleo|spd|1\n|\n|-heal|p2a: Vaporeon|209/364|[from] item: Leftovers\n|upkeep\n|turn|20\n|inactive|katsuge5 has 30 seconds left.\n|\n|t:|1781443436\n|move|p1a: Solgaleo|Close Combat|p2a: Vaporeon\n|-damage|p2a: Vaporeon|94/364\n|-unboost|p1a: Solgaleo|def|1\n|-unboost|p1a: Solgaleo|spd|1\n|move|p2a: Vaporeon|Wish|p2a: Vaporeon\n|\n|-heal|p2a: Vaporeon|116/364|[from] item: Leftovers\n|upkeep\n|turn|21\n|\n|t:|1781443443\n|move|p2a: Vaporeon|Protect|p2a: Vaporeon\n|-singleturn|p2a: Vaporeon|Protect\n|move|p1a: Solgaleo|Close Combat|p2a: Vaporeon\n|-activate|p2a: Vaporeon|move: Protect\n|\n|-heal|p2a: Vaporeon|298/364|[from] move: Wish|[wisher] Vaporeon\n|-heal|p2a: Vaporeon|320/364|[from] item: Leftovers\n|upkeep\n|turn|22\n|\n|t:|1781443451\n|move|p1a: Solgaleo|Close Combat|p2a: Vaporeon\n|-damage|p2a: Vaporeon|216/364\n|-unboost|p1a: Solgaleo|def|1\n|-unboost|p1a: Solgaleo|spd|1\n|move|p2a: Vaporeon|Scald|p1a: Solgaleo\n|-damage|p1a: Solgaleo|48/325\n|-status|p1a: Solgaleo|brn\n|\n|-heal|p2a: Vaporeon|238/364|[from] item: Leftovers\n|-damage|p1a: Solgaleo|28/325 brn|[from] brn\n|upkeep\n|turn|23\n|\n|t:|1781443468\n|move|p1a: Solgaleo|Close Combat|p2a: Vaporeon\n|-damage|p2a: Vaporeon|179/364\n|-unboost|p1a: Solgaleo|def|1\n|-unboost|p1a: Solgaleo|spd|1\n|move|p2a: Vaporeon|Wish|p2a: Vaporeon\n|\n|-heal|p2a: Vaporeon|201/364|[from] item: Leftovers\n|-damage|p1a: Solgaleo|8/325 brn|[from] brn\n|upkeep\n|turn|24\n|inactive|katsuge5 has 60 seconds left.\n|\n|t:|1781443488\n|move|p1a: Solgaleo|Close Combat|p2a: Vaporeon\n|-damage|p2a: Vaporeon|150/364\n|-unboost|p1a: Solgaleo|def|1\n|-unboost|p1a: Solgaleo|spd|1\n|move|p2a: Vaporeon|Scald|p1a: Solgaleo\n|-damage|p1a: Solgaleo|0 fnt\n|faint|p1a: Solgaleo\n|\n|-heal|p2a: Vaporeon|332/364|[from] move: Wish|[wisher] Vaporeon\n|-heal|p2a: Vaporeon|354/364|[from] item: Leftovers\n|upkeep\n|\n|t:|1781443504\n|switch|p1a: Mightyena|Mightyena, L96, M, tera:Poison|103/290 psn\n|-sideend|p1: mantheman97|move: Toxic Spikes|[of] p1a: Mightyena\n|-ability|p1a: Mightyena|Intimidate|boost\n|-unboost|p2a: Vaporeon|atk|1\n|turn|25\n|\n|t:|1781443513\n|move|p2a: Vaporeon|Protect|p2a: Vaporeon\n|-singleturn|p2a: Vaporeon|Protect\n|move|p1a: Mightyena|Poison Fang|p2a: Vaporeon\n|-activate|p2a: Vaporeon|move: Protect\n|\n|-heal|p2a: Vaporeon|364/364|[from] item: Leftovers\n|-damage|p1a: Mightyena|67/290 psn|[from] psn\n|upkeep\n|turn|26\n|inactive|katsuge5 has 60 seconds left.\n|inactive|katsuge5 has 30 seconds left.\n|\n|t:|1781443548\n|move|p1a: Mightyena|Poison Fang|p2a: Vaporeon\n|-damage|p2a: Vaporeon|211/364\n|move|p2a: Vaporeon|Scald|p1a: Mightyena\n|-damage|p1a: Mightyena|0 fnt\n|faint|p1a: Mightyena\n|\n|-heal|p2a: Vaporeon|233/364|[from] item: Leftovers\n|upkeep\n|inactive|mantheman97 has 120 seconds left.\n|\n|t:|1781443575\n|switch|p1a: Falinks|Falinks, L84|246/246\n|turn|27\n|\n|t:|1781443590\n|move|p1a: Falinks|Knock Off|p2a: Vaporeon\n|-damage|p2a: Vaporeon|112/364\n|-enditem|p2a: Vaporeon|Leftovers|[from] move: Knock Off|[of] p1a: Falinks\n|-damage|p1a: Falinks|222/246|[from] item: Life Orb\n|move|p2a: Vaporeon|Scald|p1a: Falinks\n|-damage|p1a: Falinks|84/246\n|\n|upkeep\n|turn|28\n|inactive|mantheman97 has 120 seconds left.\n|\n|t:|1781443608\n|move|p1a: Falinks|Close Combat|p2a: Vaporeon\n|-damage|p2a: Vaporeon|0 fnt\n|-unboost|p1a: Falinks|def|1\n|-unboost|p1a: Falinks|spd|1\n|faint|p2a: Vaporeon\n|-damage|p1a: Falinks|60/246|[from] item: Life Orb\n|\n|upkeep\n|\n|t:|1781443612\n|switch|p2a: Squawkabilly|Squawkabilly-Blue, L85, M|66/278 brn\n|turn|29\n|\n|t:|1781443618\n|move|p2a: Squawkabilly|Facade|p1a: Falinks\n|-damage|p1a: Falinks|0 fnt\n|faint|p1a: Falinks\n|\n|-damage|p2a: Squawkabilly|49/278 brn|[from] brn\n|upkeep\n|\n|t:|1781443622\n|switch|p1a: Deoxys|Deoxys-Defense, L84|221/221\n|-ability|p1a: Deoxys|Pressure\n|turn|30\n|inactive|katsuge5 has 60 seconds left.\n|\n|t:|1781443637\n|move|p2a: Squawkabilly|Facade|p1a: Deoxys\n|-damage|p1a: Deoxys|88/221\n|move|p1a: Deoxys|Cosmic Power|p1a: Deoxys\n|-boost|p1a: Deoxys|def|1\n|-boost|p1a: Deoxys|spd|1\n|\n|-heal|p1a: Deoxys|101/221|[from] item: Leftovers\n|-damage|p2a: Squawkabilly|32/278 brn|[from] brn\n|upkeep\n|turn|31\n|\n|t:|1781443642\n|move|p2a: Squawkabilly|Facade|p1a: Deoxys\n|-damage|p1a: Deoxys|10/221\n|move|p1a: Deoxys|Recover|p1a: Deoxys\n|-heal|p1a: Deoxys|121/221\n|\n|-heal|p1a: Deoxys|134/221|[from] item: Leftovers\n|-damage|p2a: Squawkabilly|15/278 brn|[from] brn\n|upkeep\n|turn|32\n|\n|t:|1781443651\n|move|p2a: Squawkabilly|Facade|p1a: Deoxys\n|-damage|p1a: Deoxys|43/221\n|move|p1a: Deoxys|Recover|p1a: Deoxys\n|-heal|p1a: Deoxys|154/221\n|\n|-heal|p1a: Deoxys|167/221|[from] item: Leftovers\n|-damage|p2a: Squawkabilly|0 fnt|[from] brn\n|faint|p2a: Squawkabilly\n|upkeep\n|\n|t:|1781443664\n|switch|p2a: Scrafty|Scrafty, L83, M|205/244\n|turn|33\n|\n|t:|1781443671\n|move|p1a: Deoxys|Cosmic Power|p1a: Deoxys\n|-boost|p1a: Deoxys|def|1\n|-boost|p1a: Deoxys|spd|1\n|move|p2a: Scrafty|Knock Off|p1a: Deoxys\n|-supereffective|p1a: Deoxys\n|-damage|p1a: Deoxys|107/221\n|-enditem|p1a: Deoxys|Leftovers|[from] move: Knock Off|[of] p2a: Scrafty\n|\n|-heal|p2a: Scrafty|220/244|[from] item: Leftovers\n|upkeep\n|turn|34\n|\n|t:|1781443675\n|move|p1a: Deoxys|Cosmic Power|p1a: Deoxys\n|-boost|p1a: Deoxys|def|1\n|-boost|p1a: Deoxys|spd|1\n|move|p2a: Scrafty|Bulk Up|p2a: Scrafty\n|-boost|p2a: Scrafty|atk|1\n|-boost|p2a: Scrafty|def|1\n|\n|-heal|p2a: Scrafty|235/244|[from] item: Leftovers\n|upkeep\n|turn|35\n|\n|t:|1781443680\n|move|p1a: Deoxys|Cosmic Power|p1a: Deoxys\n|-boost|p1a: Deoxys|def|1\n|-boost|p1a: Deoxys|spd|1\n|move|p2a: Scrafty|Bulk Up|p2a: Scrafty\n|-boost|p2a: Scrafty|atk|1\n|-boost|p2a: Scrafty|def|1\n|\n|-heal|p2a: Scrafty|244/244|[from] item: Leftovers\n|upkeep\n|turn|36\n|\n|t:|1781443686\n|move|p1a: Deoxys|Recover|p1a: Deoxys\n|-heal|p1a: Deoxys|218/221\n|move|p2a: Scrafty|Bulk Up|p2a: Scrafty\n|-boost|p2a: Scrafty|atk|1\n|-boost|p2a: Scrafty|def|1\n|\n|upkeep\n|turn|37\n|\n|t:|1781443703\n|move|p1a: Deoxys|Cosmic Power|p1a: Deoxys\n|-boost|p1a: Deoxys|def|1\n|-boost|p1a: Deoxys|spd|1\n|move|p2a: Scrafty|Bulk Up|p2a: Scrafty\n|-boost|p2a: Scrafty|atk|1\n|-boost|p2a: Scrafty|def|1\n|\n|upkeep\n|turn|38\n|\n|t:|1781443710\n|move|p1a: Deoxys|Cosmic Power|p1a: Deoxys\n|-boost|p1a: Deoxys|def|1\n|-boost|p1a: Deoxys|spd|1\n|move|p2a: Scrafty|Bulk Up|p2a: Scrafty\n|-boost|p2a: Scrafty|atk|1\n|-boost|p2a: Scrafty|def|1\n|\n|upkeep\n|turn|39\n|inactive|katsuge5 has 120 seconds left.\n|\n|t:|1781443726\n|move|p1a: Deoxys|Night Shade|p2a: Scrafty\n|-damage|p2a: Scrafty|160/244\n|move|p2a: Scrafty|Bulk Up|p2a: Scrafty\n|-boost|p2a: Scrafty|atk|1\n|-boost|p2a: Scrafty|def|1\n|\n|-heal|p2a: Scrafty|175/244|[from] item: Leftovers\n|upkeep\n|turn|40\n|\n|t:|1781443733\n|move|p1a: Deoxys|Night Shade|p2a: Scrafty\n|-damage|p2a: Scrafty|91/244\n|move|p2a: Scrafty|Knock Off|p1a: Deoxys\n|-supereffective|p1a: Deoxys\n|-damage|p1a: Deoxys|134/221\n|\n|-heal|p2a: Scrafty|106/244|[from] item: Leftovers\n|upkeep\n|turn|41\n|inactive|katsuge5 has 120 seconds left.\n|\n|t:|1781443754\n|move|p1a: Deoxys|Recover|p1a: Deoxys\n|-heal|p1a: Deoxys|221/221\n|move|p2a: Scrafty|Rest|p2a: Scrafty\n|-status|p2a: Scrafty|slp|[from] move: Rest\n|-heal|p2a: Scrafty|244/244 slp|[silent]\n|\n|upkeep\n|turn|42\n|\n|t:|1781443759\n|move|p1a: Deoxys|Night Shade|p2a: Scrafty\n|-damage|p2a: Scrafty|160/244 slp\n|cant|p2a: Scrafty|slp\n|\n|-heal|p2a: Scrafty|175/244 slp|[from] item: Leftovers\n|upkeep\n|turn|43\n|\n|t:|1781443763\n|move|p1a: Deoxys|Night Shade|p2a: Scrafty\n|-damage|p2a: Scrafty|91/244 slp\n|cant|p2a: Scrafty|slp\n|\n|-heal|p2a: Scrafty|106/244 slp|[from] item: Leftovers\n|upkeep\n|turn|44\n|\n|t:|1781443769\n|move|p1a: Deoxys|Cosmic Power|p1a: Deoxys\n|-boost|p1a: Deoxys|def|0\n|-boost|p1a: Deoxys|spd|0\n|-curestatus|p2a: Scrafty|slp|[msg]\n|move|p2a: Scrafty|Rest|p2a: Scrafty\n|-status|p2a: Scrafty|slp|[from] move: Rest\n|-heal|p2a: Scrafty|244/244 slp|[silent]\n|\n|-activate|p2a: Scrafty|ability: Shed Skin\n|-curestatus|p2a: Scrafty|slp|[msg]\n|upkeep\n|turn|45\n|\n|t:|1781443774\n|move|p1a: Deoxys|Night Shade|p2a: Scrafty\n|-damage|p2a: Scrafty|160/244\n|move|p2a: Scrafty|Knock Off|p1a: Deoxys\n|-supereffective|p1a: Deoxys\n|-damage|p1a: Deoxys|147/221\n|\n|-heal|p2a: Scrafty|175/244|[from] item: Leftovers\n|upkeep\n|turn|46\n|\n|t:|1781443780\n|move|p1a: Deoxys|Night Shade|p2a: Scrafty\n|-damage|p2a: Scrafty|91/244\n|move|p2a: Scrafty|Knock Off|p1a: Deoxys\n|-supereffective|p1a: Deoxys\n|-damage|p1a: Deoxys|67/221\n|\n|-heal|p2a: Scrafty|106/244|[from] item: Leftovers\n|upkeep\n|turn|47\n|\n|t:|1781443793\n|move|p1a: Deoxys|Night Shade|p2a: Scrafty\n|-damage|p2a: Scrafty|22/244\n|move|p2a: Scrafty|Knock Off|p1a: Deoxys\n|-supereffective|p1a: Deoxys\n|-damage|p1a: Deoxys|0 fnt\n|faint|p1a: Deoxys\n|\n|win|katsuge5\n|raw|mantheman97's rating: 2172 &rarr; <strong>2155</strong><br />(-17 for losing)\n|raw|katsuge5's rating: 2221 &rarr; <strong>2238</strong><br />(+17 for winning)\n", "uploadtime": 1781442862, "views": 3, "formatid": "gen9randombattle", "rating": 2155, "private": 0, "password": null}