{"id": "gen9randombattle-2631826225", "format": "[Gen 9] Random Battle", "players": ["BlazingSalamanders", "Elysia_773"], "log": "|j|\u2606BlazingSalamanders\n|j|\u2606Elysia_773\n|t:|1781445062\n|gametype|singles\n|player|p1|BlazingSalamanders|ash-alola|2026\n|player|p2|Elysia_773|miku-flying|2055\n|gen|9\n|tier|[Gen 9] Random Battle\n|rated|\n|rule|Species Clause: Limit one of each Pok\u00e9mon\n|rule|HP Percentage Mod: HP is shown in percentages\n|rule|Sleep Clause Mod: Limit one foe put to sleep\n|rule|Illusion Level Mod: Illusion disguises the Pok\u00e9mon's true level\n|\n|t:|1781445062\n|teamsize|p1|6\n|teamsize|p2|6\n|start\n|switch|p1a: Quaquaval|Quaquaval, L79, F|264/264\n|switch|p2a: Cinccino|Cinccino, L83, F|260/260\n|turn|1\n|inactive|Battle timer is ON: inactive players will automatically lose when time's up. (requested by BlazingSalamanders)\n|inactive|Elysia_773 also wants the timer to be on.\n|\n|t:|1781445080\n|switch|p1a: Weezing|Weezing-Galar, L86, F|252/252\n|move|p2a: Cinccino|Bullet Seed|p1a: Weezing\n|-resisted|p1a: Weezing\n|-damage|p1a: Weezing|242/252\n|-resisted|p1a: Weezing\n|-damage|p1a: Weezing|232/252\n|-resisted|p1a: Weezing\n|-damage|p1a: Weezing|223/252\n|-resisted|p1a: Weezing\n|-damage|p1a: Weezing|214/252\n|-hitcount|p1a: Weezing|4\n|\n|-heal|p1a: Weezing|229/252|[from] item: Leftovers\n|upkeep\n|turn|2\n|\n|t:|1781445093\n|switch|p2a: Glaceon|Glaceon, L94, M|275/275\n|move|p1a: Weezing|Strange Steam|p2a: Glaceon\n|-damage|p2a: Glaceon|199/275\n|\n|-heal|p1a: Weezing|244/252|[from] item: Leftovers\n|upkeep\n|turn|3\n|\n|t:|1781445101\n|switch|p1a: Blissey|Blissey, L85, F|572/572\n|move|p2a: Glaceon|Freeze-Dry|p1a: Blissey\n|-damage|p1a: Blissey|494/572\n|\n|-heal|p1a: Blissey|529/572|[from] item: Leftovers\n|upkeep\n|turn|4\n|\n|t:|1781445107\n|move|p2a: Glaceon|Wish|p2a: Glaceon\n|move|p1a: Blissey|Thunder Wave|p2a: Glaceon\n|-status|p2a: Glaceon|par\n|\n|-heal|p1a: Blissey|564/572|[from] item: Leftovers\n|upkeep\n|turn|5\n|\n|t:|1781445110\n|switch|p2a: Zekrom|Zekrom, L71|259/259\n|-ability|p2a: Zekrom|Teravolt\n|move|p1a: Blissey|Thunder Wave|p2a: Zekrom\n|-immune|p2a: Zekrom\n|\n|-heal|p1a: Blissey|572/572|[from] item: Leftovers\n|upkeep\n|turn|6\n|\n|t:|1781445121\n|switch|p1a: Weezing|Weezing-Galar, L86, F|244/252\n|move|p2a: Zekrom|Dragon Dance|p2a: Zekrom\n|-boost|p2a: Zekrom|atk|1\n|-boost|p2a: Zekrom|spe|1\n|\n|-heal|p1a: Weezing|252/252|[from] item: Leftovers\n|upkeep\n|turn|7\n|\n|t:|1781445127\n|move|p2a: Zekrom|Bolt Strike|p1a: Weezing\n|-damage|p1a: Weezing|75/252\n|move|p1a: Weezing|Strange Steam|p2a: Zekrom\n|-supereffective|p2a: Zekrom\n|-damage|p2a: Zekrom|71/259\n|\n|-heal|p2a: Zekrom|87/259|[from] item: Leftovers\n|-heal|p1a: Weezing|90/252|[from] item: Leftovers\n|upkeep\n|turn|8\n|\n|t:|1781445151\n|move|p2a: Zekrom|Bolt Strike|p1a: Weezing\n|-damage|p1a: Weezing|0 fnt\n|faint|p1a: Weezing\n|\n|-heal|p2a: Zekrom|103/259|[from] item: Leftovers\n|upkeep\n|\n|t:|1781445156\n|switch|p1a: Ampharos|Ampharos, L88, F|302/302\n|turn|9\n|\n|t:|1781445161\n|move|p2a: Zekrom|Outrage|p1a: Ampharos\n|-damage|p1a: Ampharos|107/302\n|move|p1a: Ampharos|Dazzling Gleam|p2a: Zekrom\n|-supereffective|p2a: Zekrom\n|-damage|p2a: Zekrom|0 fnt\n|faint|p2a: Zekrom\n|\n|upkeep\n|\n|t:|1781445179\n|switch|p2a: Cinccino|Cinccino, L83, F|260/260\n|turn|10\n|\n|t:|1781445183\n|move|p2a: Cinccino|Tail Slap|p1a: Ampharos|[miss]\n|-miss|p2a: Cinccino|p1a: Ampharos\n|move|p1a: Ampharos|Volt Switch|p2a: Cinccino\n|-damage|p2a: Cinccino|130/260\n|\n|t:|1781445199\n|switch|p1a: Heatran|Heatran, L79, F|273/273|[from] Volt Switch\n|-item|p1a: Heatran|Air Balloon\n|\n|upkeep\n|turn|11\n|\n|t:|1781445212\n|move|p2a: Cinccino|Tail Slap|p1a: Heatran\n|-resisted|p1a: Heatran\n|-damage|p1a: Heatran|257/273\n|-enditem|p1a: Heatran|Air Balloon\n|-resisted|p1a: Heatran\n|-damage|p1a: Heatran|241/273\n|-resisted|p1a: Heatran\n|-damage|p1a: Heatran|225/273\n|-resisted|p1a: Heatran\n|-damage|p1a: Heatran|207/273\n|-resisted|p1a: Heatran\n|-crit|p1a: Heatran\n|-damage|p1a: Heatran|180/273\n|-hitcount|p1a: Heatran|5\n|move|p1a: Heatran|Stealth Rock|p2a: Cinccino\n|-sidestart|p2: Elysia_773|move: Stealth Rock\n|\n|upkeep\n|turn|12\n|\n|t:|1781445217\n|move|p2a: Cinccino|Tidy Up|p2a: Cinccino\n|-sideend|p2: Elysia_773|Stealth Rock\n|-activate|p2a: Cinccino|move: Tidy Up\n|-boost|p2a: Cinccino|atk|1\n|-boost|p2a: Cinccino|spe|1\n|move|p1a: Heatran|Magma Storm|p2a: Cinccino\n|-damage|p2a: Cinccino|0 fnt\n|faint|p2a: Cinccino\n|\n|upkeep\n|\n|t:|1781445222\n|switch|p2a: Gyarados|Gyarados, L79, F|280/280\n|-ability|p2a: Gyarados|Intimidate|boost\n|-unboost|p1a: Heatran|atk|1\n|turn|13\n|\n|t:|1781445230\n|switch|p1a: Crabominable|Crabominable, L90, F|321/321\n|move|p2a: Gyarados|Dragon Dance|p2a: Gyarados\n|-boost|p2a: Gyarados|atk|1\n|-boost|p2a: Gyarados|spe|1\n|\n|upkeep\n|turn|14\n|\n|t:|1781445237\n|move|p2a: Gyarados|Waterfall|p1a: Crabominable\n|-crit|p1a: Crabominable\n|-damage|p1a: Crabominable|105/321\n|cant|p1a: Crabominable|flinch\n|\n|upkeep\n|turn|15\n|\n|t:|1781445246\n|move|p2a: Gyarados|Waterfall|p1a: Crabominable\n|-damage|p1a: Crabominable|0 fnt\n|faint|p1a: Crabominable\n|\n|upkeep\n|\n|t:|1781445255\n|switch|p1a: Quaquaval|Quaquaval, L79, F|264/264\n|turn|16\n|\n|t:|1781445261\n|move|p2a: Gyarados|Dragon Dance|p2a: Gyarados\n|-boost|p2a: Gyarados|atk|1\n|-boost|p2a: Gyarados|spe|1\n|move|p1a: Quaquaval|Aqua Step|p2a: Gyarados\n|-resisted|p2a: Gyarados\n|-damage|p2a: Gyarados|227/280\n|-boost|p1a: Quaquaval|spe|1\n|\n|upkeep\n|turn|17\n|\n|t:|1781445265\n|move|p2a: Gyarados|Earthquake|p1a: Quaquaval\n|-crit|p1a: Quaquaval\n|-damage|p1a: Quaquaval|0 fnt\n|faint|p1a: Quaquaval\n|\n|upkeep\n|-message|BlazingSalamanders forfeited.\n|\n|win|Elysia_773\n", "uploadtime": 1781445064, "views": 3, "formatid": "gen9randombattle", "rating": null, "private": 0, "password": null}