{"id": "gen9randombattle-2631407816", "format": "[Gen 9] Random Battle", "players": ["haxion", "Usummega"], "log": "|badge|p2|bronze|gen9randombattle|100-9\n|uhtml|medal-msg|<div class=\"broadcast-blue\">Curious what those medals under the avatar are? PS now has Ladder Seasons! For more information, check out the <a href=\"https://www.smogon.com/forums/threads/3740067/\">thread on Smogon.</a></div>\n|j|\u2606haxion\n|j|\u2606Usummega\n|t:|1781381000\n|gametype|singles\n|player|p1|haxion|preschooler|2215\n|player|p2|Usummega|maxie-gen6|2384\n|gen|9\n|tier|[Gen 9] Random Battle\n|rated|\n|rule|Species Clause: Limit one of each Pok\u00e9mon\n|rule|HP Percentage Mod: HP is shown in percentages\n|rule|Sleep Clause Mod: Limit one foe put to sleep\n|rule|Illusion Level Mod: Illusion disguises the Pok\u00e9mon's true level\n|\n|t:|1781381000\n|teamsize|p1|6\n|teamsize|p2|6\n|start\n|switch|p1a: Wugtrio|Wugtrio, L91, F|212/212\n|switch|p2a: Chi-Yu|Chi-Yu, L77|211/211\n|-ability|p2a: Chi-Yu|Beads of Ruin\n|turn|1\n|inactive|Battle timer is ON: inactive players will automatically lose when time's up. (requested by haxion)\n|l|\u2606Usummega\n|inactive|Usummega disconnected and has a minute to reconnect!\n|player|p2|\n|j|\u2606Usummega\n|inactive|Usummega reconnected and has 125 seconds left.\n|player|p2|Usummega|maxie-gen6|\n|inactive|Usummega has 120 seconds left.\n|\n|t:|1781381038\n|switch|p2a: Hypno|Hypno, L95, M|315/315\n|move|p1a: Wugtrio|Liquidation|p2a: Hypno\n|-damage|p2a: Hypno|144/315\n|\n|-heal|p2a: Hypno|163/315|[from] item: Leftovers\n|upkeep\n|turn|2\n|inactive|Usummega has 120 seconds left.\n|\n|t:|1781381088\n|move|p2a: Hypno|Protect|p2a: Hypno\n|-singleturn|p2a: Hypno|Protect\n|move|p1a: Wugtrio|Liquidation|p2a: Hypno\n|-activate|p2a: Hypno|move: Protect\n|\n|-heal|p2a: Hypno|182/315|[from] item: Leftovers\n|upkeep\n|turn|3\n|\n|t:|1781381092\n|switch|p1a: Bombirdier|Bombirdier, L85, F|258/258\n|move|p2a: Hypno|Toxic|p1a: Bombirdier\n|-status|p1a: Bombirdier|tox\n|\n|-heal|p2a: Hypno|201/315|[from] item: Leftovers\n|-damage|p1a: Bombirdier|242/258 tox|[from] psn\n|upkeep\n|turn|4\n|\n|t:|1781381095\n|move|p2a: Hypno|Protect|p2a: Hypno\n|-singleturn|p2a: Hypno|Protect\n|move|p1a: Bombirdier|Knock Off|p2a: Hypno\n|-activate|p2a: Hypno|move: Protect\n|\n|-heal|p2a: Hypno|220/315|[from] item: Leftovers\n|-damage|p1a: Bombirdier|210/258 tox|[from] psn\n|upkeep\n|turn|5\n|inactive|Usummega has 120 seconds left.\n|\n|t:|1781381114\n|switch|p2a: Clodsire|Clodsire, L81, M|343/343\n|move|p1a: Bombirdier|Knock Off|p2a: Clodsire\n|-damage|p2a: Clodsire|195/343\n|-enditem|p2a: Clodsire|Leftovers|[from] move: Knock Off|[of] p1a: Bombirdier\n|\n|-damage|p1a: Bombirdier|162/258 tox|[from] psn\n|upkeep\n|turn|6\n|\n|t:|1781381120\n|switch|p1a: Smeargle|Smeargle, L95, F|258/258\n|move|p2a: Clodsire|Stealth Rock|p1a: Smeargle\n|-sidestart|p1: haxion|move: Stealth Rock\n|\n|upkeep\n|turn|7\n|\n|t:|1781381125\n|move|p1a: Smeargle|Sticky Web|p2a: Clodsire\n|-sidestart|p2: Usummega|move: Sticky Web\n|move|p2a: Clodsire|Recover|p2a: Clodsire\n|-heal|p2a: Clodsire|343/343\n|\n|upkeep\n|turn|8\n|\n|t:|1781381130\n|move|p1a: Smeargle|Spore|p2a: Clodsire\n|-status|p2a: Clodsire|slp|[from] move: Spore\n|cant|p2a: Clodsire|slp\n|\n|upkeep\n|turn|9\n|\n|t:|1781381149\n|move|p1a: Smeargle|Ceaseless Edge|p2a: Clodsire\n|-damage|p2a: Clodsire|314/343 slp\n|-sidestart|p2: Usummega|Spikes\n|-curestatus|p2a: Clodsire|slp|[msg]\n|move|p2a: Clodsire|Poison Jab|p1a: Smeargle\n|-damage|p1a: Smeargle|155/258\n|\n|upkeep\n|turn|10\n|\n|t:|1781381155\n|move|p1a: Smeargle|Spore|p2a: Clodsire\n|-status|p2a: Clodsire|slp|[from] move: Spore\n|cant|p2a: Clodsire|slp\n|\n|upkeep\n|turn|11\n|\n|t:|1781381158\n|cant|p2a: Clodsire|slp\n|move|p1a: Smeargle|Whirlwind|p2a: Clodsire\n|drag|p2a: Gouging Fire|Gouging Fire, L74|277/277\n|\n|upkeep\n|turn|12\n|\n|t:|1781381173\n|move|p1a: Smeargle|Ceaseless Edge|p2a: Gouging Fire\n|-damage|p2a: Gouging Fire|255/277\n|-sidestart|p2: Usummega|Spikes\n|move|p2a: Gouging Fire|Heat Crash|p1a: Smeargle\n|-damage|p1a: Smeargle|0 fnt\n|faint|p1a: Smeargle\n|\n|upkeep\n|inactive|haxion has 120 seconds left.\n|\n|t:|1781381198\n|switch|p1a: Wugtrio|Wugtrio, L91, F|212/212\n|-damage|p1a: Wugtrio|186/212|[from] Stealth Rock\n|turn|13\n|\n|t:|1781381204\n|move|p1a: Wugtrio|Liquidation|p2a: Gouging Fire\n|-damage|p2a: Gouging Fire|123/277\n|move|p2a: Gouging Fire|Outrage|p1a: Wugtrio\n|-damage|p1a: Wugtrio|35/212\n|-ability|p1a: Wugtrio|Gooey\n|-unboost|p2a: Gouging Fire|spe|1\n|\n|upkeep\n|turn|14\n|\n|t:|1781381210\n|move|p1a: Wugtrio|Liquidation|p2a: Gouging Fire\n|-damage|p2a: Gouging Fire|0 fnt\n|faint|p2a: Gouging Fire\n|-end|p2a: Gouging Fire|Protosynthesis|[silent]\n|\n|upkeep\n|\n|t:|1781381219\n|switch|p2a: Hypno|Hypno, L95, M|220/315\n|-activate|p2a: Hypno|move: Sticky Web\n|-unboost|p2a: Hypno|spe|1\n|-damage|p2a: Hypno|168/315|[from] Spikes\n|turn|15\n|\n|t:|1781381238\n|switch|p1a: Bombirdier|Bombirdier, L85, F|162/258 tox\n|move|p2a: Hypno|Protect||[still]\n|-fail|p2a: Hypno\n|\n|-heal|p2a: Hypno|187/315|[from] item: Leftovers\n|-damage|p1a: Bombirdier|146/258 tox|[from] psn\n|upkeep\n|turn|16\n|\n|t:|1781381262\n|move|p2a: Hypno|Protect|p2a: Hypno\n|-singleturn|p2a: Hypno|Protect\n|move|p1a: Bombirdier|Roost|p1a: Bombirdier\n|-heal|p1a: Bombirdier|258/258 tox\n|-singleturn|p1a: Bombirdier|move: Roost\n|\n|-heal|p2a: Hypno|206/315|[from] item: Leftovers\n|-damage|p1a: Bombirdier|226/258 tox|[from] psn\n|upkeep\n|turn|17\n|\n|t:|1781381270\n|switch|p2a: Clodsire|Clodsire, L81, M|314/343 slp\n|-activate|p2a: Clodsire|move: Sticky Web\n|-unboost|p2a: Clodsire|spe|1\n|-damage|p2a: Clodsire|257/343 slp|[from] Spikes\n|move|p1a: Bombirdier|Brave Bird|p2a: Clodsire\n|-damage|p2a: Clodsire|58/343 slp\n|-damage|p1a: Bombirdier|160/258 tox|[from] Recoil\n|\n|-damage|p1a: Bombirdier|112/258 tox|[from] psn\n|upkeep\n|turn|18\n|\n|t:|1781381278\n|move|p1a: Bombirdier|Knock Off|p2a: Clodsire\n|-damage|p2a: Clodsire|0 fnt\n|faint|p2a: Clodsire\n|\n|-damage|p1a: Bombirdier|48/258 tox|[from] psn\n|upkeep\n|\n|t:|1781381283\n|switch|p2a: Weavile|Weavile, L79, F|240/240\n|turn|19\n|\n|t:|1781381292\n|switch|p1a: Magnezone|Magnezone, L85|258/258\n|-damage|p1a: Magnezone|242/258|[from] Stealth Rock\n|move|p2a: Weavile|Triple Axel|p1a: Magnezone\n|-resisted|p1a: Magnezone\n|-damage|p1a: Magnezone|233/258\n|-resisted|p1a: Magnezone\n|-damage|p1a: Magnezone|216/258\n|-resisted|p1a: Magnezone\n|-damage|p1a: Magnezone|191/258\n|-hitcount|p1a: Magnezone|3\n|\n|upkeep\n|turn|20\n|j| Kyoshi3\n|\n|t:|1781381312\n|switch|p2a: Hypno|Hypno, L95, M|206/315\n|-activate|p2a: Hypno|move: Sticky Web\n|-unboost|p2a: Hypno|spe|1\n|-damage|p2a: Hypno|154/315|[from] Spikes\n|move|p1a: Magnezone|Volt Switch|p2a: Hypno\n|-damage|p2a: Hypno|84/315\n|\n|t:|1781381321\n|switch|p1a: Bombirdier|Bombirdier, L85, F|48/258 tox|[from] Volt Switch\n|\n|-heal|p2a: Hypno|103/315|[from] item: Leftovers\n|-damage|p1a: Bombirdier|32/258 tox|[from] psn\n|upkeep\n|turn|21\n|\n|t:|1781381327\n|move|p1a: Bombirdier|Roost|p1a: Bombirdier\n|-heal|p1a: Bombirdier|161/258 tox\n|-singleturn|p1a: Bombirdier|move: Roost\n|move|p2a: Hypno|Focus Blast|p1a: Bombirdier\n|-supereffective|p1a: Bombirdier\n|-damage|p1a: Bombirdier|0 fnt\n|faint|p1a: Bombirdier\n|\n|-heal|p2a: Hypno|122/315|[from] item: Leftovers\n|upkeep\n|inactive|haxion has 120 seconds left.\n|\n|t:|1781381360\n|switch|p1a: Leafeon|Leafeon, L88, F|258/258\n|-damage|p1a: Leafeon|226/258|[from] Stealth Rock\n|turn|22\n|j| Ultra7998\n|inactive|Usummega has 120 seconds left.\n|\n|t:|1781381404\n|move|p1a: Leafeon|Knock Off|p2a: Hypno\n|-supereffective|p2a: Hypno\n|-damage|p2a: Hypno|0 fnt\n|-enditem|p2a: Hypno|Leftovers|[from] move: Knock Off|[of] p1a: Leafeon\n|faint|p2a: Hypno\n|-damage|p1a: Leafeon|201/258|[from] item: Life Orb\n|\n|upkeep\n|\n|t:|1781381417\n|switch|p2a: Weavile|Weavile, L79, F|240/240\n|turn|23\n|inactive|haxion has 120 seconds left.\n|inactive|haxion has 90 seconds left.\n|\n|t:|1781381498\n|-terastallize|p1a: Leafeon|Dark\n|move|p2a: Weavile|Triple Axel|p1a: Leafeon\n|-damage|p1a: Leafeon|183/258\n|-damage|p1a: Leafeon|150/258\n|-damage|p1a: Leafeon|98/258\n|-hitcount|p1a: Leafeon|3\n|move|p1a: Leafeon|Knock Off|p2a: Weavile\n|-resisted|p2a: Weavile\n|-damage|p2a: Weavile|130/240\n|-enditem|p2a: Weavile|Heavy-Duty Boots|[from] move: Knock Off|[of] p1a: Leafeon\n|-enditem|p1a: Leafeon|Life Orb|[silent]|[from] ability: Pickpocket|[of] p1a: Leafeon\n|-item|p2a: Weavile|Life Orb|[from] ability: Pickpocket|[of] p1a: Leafeon\n|\n|upkeep\n|turn|24\n|inactive|haxion has 60 seconds left.\n|inactive|Usummega has 90 seconds left.\n|\n|t:|1781381523\n|move|p2a: Weavile|Triple Axel|p1a: Leafeon\n|-damage|p1a: Leafeon|77/258\n|-damage|p1a: Leafeon|33/258\n|-hitcount|p1a: Leafeon|2\n|-damage|p2a: Weavile|106/240|[from] item: Life Orb\n|move|p1a: Leafeon|Synthesis|p1a: Leafeon\n|-heal|p1a: Leafeon|162/258\n|\n|upkeep\n|turn|25\n|inactive|haxion has 60 seconds left.\n|inactive|Usummega has 90 seconds left.\n|l| Ultra7998\n|\n|t:|1781381538\n|move|p2a: Weavile|Swords Dance|p2a: Weavile\n|-boost|p2a: Weavile|atk|2\n|move|p1a: Leafeon|Leaf Blade|p2a: Weavile\n|-damage|p2a: Weavile|0 fnt\n|faint|p2a: Weavile\n|\n|upkeep\n|inactive|Usummega has 90 seconds left.\n|\n|t:|1781381550\n|switch|p2a: Gardevoir|Gardevoir, L83, M|249/249\n|-activate|p2a: Gardevoir|move: Sticky Web\n|-unboost|p2a: Gardevoir|spe|1\n|-damage|p2a: Gardevoir|208/249|[from] Spikes\n|-ability|p2a: Gardevoir|Chlorophyll|Trace|[from] ability: Trace|[of] p1a: Leafeon\n|turn|26\n|inactive|Usummega has 90 seconds left.\n|inactive|haxion has 60 seconds left.\n|inactive|Usummega has 60 seconds left.\n|\n|t:|1781381607\n|-terastallize|p2a: Gardevoir|Fairy\n|move|p1a: Leafeon|Leaf Blade|p2a: Gardevoir\n|-crit|p2a: Gardevoir\n|-damage|p2a: Gardevoir|0 fnt\n|faint|p2a: Gardevoir\n|\n|upkeep\n|-message|Usummega forfeited.\n|\n|win|haxion\n", "uploadtime": 1781381002, "views": 9, "formatid": "gen9randombattle", "rating": null, "private": 0, "password": null}