{"id": "gen9randombattle-2631730019", "format": "[Gen 9] Random Battle", "players": ["marrickchill", "namanpokemonmaster"], "log": "|j|\u2606marrickchill\n|j|\u2606namanpokemonmaster\n|t:|1781429997\n|gametype|singles\n|player|p1|marrickchill|266|2051\n|player|p2|namanpokemonmaster|lucas|2091\n|gen|9\n|tier|[Gen 9] Random Battle\n|rated|\n|rule|Species Clause: Limit one of each Pok\u00e9mon\n|rule|HP Percentage Mod: HP is shown in percentages\n|rule|Sleep Clause Mod: Limit one foe put to sleep\n|rule|Illusion Level Mod: Illusion disguises the Pok\u00e9mon's true level\n|\n|t:|1781429997\n|teamsize|p1|6\n|teamsize|p2|6\n|start\n|switch|p1a: Dachsbun|Dachsbun, L92, F|254/254\n|switch|p2a: Typhlosion|Typhlosion, L84, M|267/267\n|turn|1\n|inactive|Battle timer is ON: inactive players will automatically lose when time's up. (requested by namanpokemonmaster)\n|\n|t:|1781430009\n|switch|p2a: Iron Crown|Iron Crown, L78|268/268\n|move|p1a: Dachsbun|Play Rough|p2a: Iron Crown\n|-resisted|p2a: Iron Crown\n|-damage|p2a: Iron Crown|221/268\n|\n|upkeep\n|turn|2\n|\n|t:|1781430016\n|move|p1a: Dachsbun|Protect|p1a: Dachsbun\n|-singleturn|p1a: Dachsbun|Protect\n|move|p2a: Iron Crown|Tachyon Cutter|p1a: Dachsbun\n|-activate|p1a: Dachsbun|move: Protect\n|\n|upkeep\n|turn|3\n|\n|t:|1781430021\n|switch|p1a: Archaludon|Archaludon, L78, M|268/268\n|move|p2a: Iron Crown|Tachyon Cutter|p1a: Archaludon\n|-resisted|p1a: Archaludon\n|-damage|p1a: Archaludon|211/268\n|-ability|p1a: Archaludon|Stamina|boost\n|-boost|p1a: Archaludon|def|1\n|-resisted|p1a: Archaludon\n|-damage|p1a: Archaludon|158/268\n|-ability|p1a: Archaludon|Stamina|boost\n|-boost|p1a: Archaludon|def|1\n|-hitcount|p1a: Archaludon|2\n|\n|-heal|p1a: Archaludon|174/268|[from] item: Leftovers\n|upkeep\n|turn|4\n|\n|t:|1781430030\n|-end|p2a: Iron Crown|Quark Drive|[silent]\n|switch|p2a: Typhlosion|Typhlosion, L84, M|267/267\n|move|p1a: Archaludon|Stealth Rock|p2a: Typhlosion\n|-sidestart|p2: namanpokemonmaster|move: Stealth Rock\n|\n|-heal|p1a: Archaludon|190/268|[from] item: Leftovers\n|upkeep\n|turn|5\n|\n|t:|1781430036\n|switch|p1a: Dachsbun|Dachsbun, L92, F|254/254\n|move|p2a: Typhlosion|Scorching Sands|p1a: Dachsbun\n|-damage|p1a: Dachsbun|201/254\n|\n|-heal|p1a: Dachsbun|216/254|[from] item: Leftovers\n|upkeep\n|turn|6\n|\n|t:|1781430042\n|move|p2a: Typhlosion|Scorching Sands|p1a: Dachsbun\n|-damage|p1a: Dachsbun|166/254\n|-status|p1a: Dachsbun|brn\n|move|p1a: Dachsbun|Body Press|p2a: Typhlosion\n|-damage|p2a: Typhlosion|224/267\n|\n|-heal|p1a: Dachsbun|181/254 brn|[from] item: Leftovers\n|-damage|p1a: Dachsbun|166/254 brn|[from] brn\n|upkeep\n|turn|7\n|\n|t:|1781430049\n|switch|p2a: Iron Crown|Iron Crown, L78|221/268\n|-damage|p2a: Iron Crown|205/268|[from] Stealth Rock\n|move|p1a: Dachsbun|Wish|p1a: Dachsbun\n|\n|-heal|p1a: Dachsbun|181/254 brn|[from] item: Leftovers\n|-damage|p1a: Dachsbun|166/254 brn|[from] brn\n|upkeep\n|turn|8\n|\n|t:|1781430055\n|move|p1a: Dachsbun|Protect|p1a: Dachsbun\n|-singleturn|p1a: Dachsbun|Protect\n|move|p2a: Iron Crown|Tachyon Cutter|p1a: Dachsbun\n|-activate|p1a: Dachsbun|move: Protect\n|\n|-heal|p1a: Dachsbun|254/254 brn|[from] move: Wish|[wisher] Dachsbun\n|-damage|p1a: Dachsbun|239/254 brn|[from] brn\n|upkeep\n|turn|9\n|\n|t:|1781430063\n|switch|p1a: Ogerpon|Ogerpon-Hearthflame, L74, F|239/239\n|-ability|p1a: Ogerpon|Mold Breaker\n|-end|p2a: Iron Crown|Quark Drive|[silent]\n|switch|p2a: Hippowdon|Hippowdon, L82, M|311/311\n|-damage|p2a: Hippowdon|292/311|[from] Stealth Rock\n|-weather|Sandstorm|[from] ability: Sand Stream|[of] p2a: Hippowdon\n|\n|-weather|Sandstorm|[upkeep]\n|-damage|p1a: Ogerpon|225/239|[from] Sandstorm\n|upkeep\n|turn|10\n|\n|t:|1781430067\n|move|p1a: Ogerpon|Horn Leech|p2a: Hippowdon\n|-supereffective|p2a: Hippowdon\n|-damage|p2a: Hippowdon|146/311\n|-heal|p1a: Ogerpon|239/239|[from] drain|[of] p2a: Hippowdon\n|-damage|p1a: Ogerpon|200/239|[from] item: Rocky Helmet|[of] p2a: Hippowdon\n|move|p2a: Hippowdon|Whirlwind|p1a: Ogerpon\n|drag|p1a: Hariyama|Hariyama, L87, M|392/392\n|\n|-weather|Sandstorm|[upkeep]\n|-damage|p1a: Hariyama|368/392|[from] Sandstorm\n|-status|p1a: Hariyama|brn|[from] item: Flame Orb\n|upkeep\n|turn|11\n|\n|t:|1781430073\n|move|p1a: Hariyama|Facade|p2a: Hippowdon\n|-damage|p2a: Hippowdon|0 fnt\n|-damage|p1a: Hariyama|303/392 brn|[from] item: Rocky Helmet|[of] p2a: Hippowdon\n|faint|p2a: Hippowdon\n|\n|-weather|Sandstorm|[upkeep]\n|-damage|p1a: Hariyama|279/392 brn|[from] Sandstorm\n|-damage|p1a: Hariyama|255/392 brn|[from] brn\n|upkeep\n|\n|t:|1781430081\n|switch|p2a: Iron Crown|Iron Crown, L78|205/268\n|-damage|p2a: Iron Crown|189/268|[from] Stealth Rock\n|turn|12\n|\n|t:|1781430085\n|switch|p1a: Archaludon|Archaludon, L78, M|190/268\n|move|p2a: Iron Crown|Psyshock|p1a: Archaludon\n|-resisted|p1a: Archaludon\n|-damage|p1a: Archaludon|136/268\n|-ability|p1a: Archaludon|Stamina|boost\n|-boost|p1a: Archaludon|def|1\n|\n|-weather|Sandstorm|[upkeep]\n|-heal|p1a: Archaludon|152/268|[from] item: Leftovers\n|upkeep\n|turn|13\n|\n|t:|1781430092\n|-end|p2a: Iron Crown|Quark Drive|[silent]\n|switch|p2a: Typhlosion|Typhlosion, L84, M|224/267\n|-damage|p2a: Typhlosion|158/267|[from] Stealth Rock\n|move|p1a: Archaludon|Body Press|p2a: Typhlosion\n|-damage|p2a: Typhlosion|60/267\n|\n|-weather|none\n|-heal|p1a: Archaludon|168/268|[from] item: Leftovers\n|upkeep\n|turn|14\n|\n|t:|1781430099\n|switch|p2a: Iron Crown|Iron Crown, L78|189/268\n|-damage|p2a: Iron Crown|173/268|[from] Stealth Rock\n|switch|p1a: Dachsbun|Dachsbun, L92, F|239/254 brn\n|\n|-heal|p1a: Dachsbun|254/254 brn|[from] item: Leftovers\n|-damage|p1a: Dachsbun|239/254 brn|[from] brn\n|upkeep\n|turn|15\n|\n|t:|1781430105\n|move|p1a: Dachsbun|Protect|p1a: Dachsbun\n|-singleturn|p1a: Dachsbun|Protect\n|move|p2a: Iron Crown|Tachyon Cutter|p1a: Dachsbun\n|-activate|p1a: Dachsbun|move: Protect\n|\n|-heal|p1a: Dachsbun|254/254 brn|[from] item: Leftovers\n|-damage|p1a: Dachsbun|239/254 brn|[from] brn\n|upkeep\n|turn|16\n|\n|t:|1781430111\n|switch|p1a: Ogerpon|Ogerpon-Hearthflame, L74, F|200/239\n|-ability|p1a: Ogerpon|Mold Breaker\n|move|p2a: Iron Crown|Tachyon Cutter|p1a: Ogerpon\n|-resisted|p1a: Ogerpon\n|-damage|p1a: Ogerpon|159/239\n|-resisted|p1a: Ogerpon\n|-damage|p1a: Ogerpon|111/239\n|-hitcount|p1a: Ogerpon|2\n|\n|upkeep\n|turn|17\n|\n|t:|1781430122\n|-end|p2a: Iron Crown|Quark Drive|[silent]\n|switch|p2a: Typhlosion|Typhlosion, L84, M|60/267\n|-damage|p2a: Typhlosion|0 fnt|[from] Stealth Rock\n|faint|p2a: Typhlosion\n|move|p1a: Ogerpon|Ivy Cudgel|p2: Typhlosion|[notarget]\n|-fail|p1a: Ogerpon\n|\n|upkeep\n|\n|t:|1781430135\n|switch|p2a: Arcanine|Arcanine-Hisui, L79, M|279/279\n|-damage|p2a: Arcanine|210/279|[from] Stealth Rock\n|turn|18\n|\n|t:|1781430143\n|switch|p1a: Archaludon|Archaludon, L78, M|168/268\n|move|p2a: Arcanine|Head Smash|p1a: Archaludon\n|-resisted|p1a: Archaludon\n|-damage|p1a: Archaludon|76/268\n|-ability|p1a: Archaludon|Stamina|boost\n|-boost|p1a: Archaludon|def|1\n|\n|-heal|p1a: Archaludon|92/268|[from] item: Leftovers\n|upkeep\n|turn|19\n|\n|t:|1781430150\n|switch|p2a: Iron Crown|Iron Crown, L78|173/268\n|-damage|p2a: Iron Crown|157/268|[from] Stealth Rock\n|move|p1a: Archaludon|Body Press|p2a: Iron Crown\n|-damage|p2a: Iron Crown|65/268\n|\n|-heal|p1a: Archaludon|108/268|[from] item: Leftovers\n|upkeep\n|turn|20\n|\n|t:|1781430158\n|move|p2a: Iron Crown|Focus Blast|p1a: Archaludon\n|-supereffective|p1a: Archaludon\n|-damage|p1a: Archaludon|0 fnt\n|faint|p1a: Archaludon\n|\n|upkeep\n|\n|t:|1781430174\n|switch|p1a: Ogerpon|Ogerpon-Hearthflame, L74, F|111/239\n|-ability|p1a: Ogerpon|Mold Breaker\n|turn|21\n|\n|t:|1781430178\n|move|p1a: Ogerpon|Ivy Cudgel|p2a: Iron Crown|[anim] Ivy Cudgel Fire\n|-supereffective|p2a: Iron Crown\n|-damage|p2a: Iron Crown|0 fnt\n|faint|p2a: Iron Crown\n|-end|p2a: Iron Crown|Quark Drive|[silent]\n|\n|upkeep\n|\n|t:|1781430182\n|switch|p2a: Arcanine|Arcanine-Hisui, L79, M|210/279\n|-damage|p2a: Arcanine|141/279|[from] Stealth Rock\n|turn|22\n|\n|t:|1781430190\n|switch|p1a: Hariyama|Hariyama, L87, M|255/392 brn\n|move|p2a: Arcanine|Head Smash|p1a: Hariyama\n|-resisted|p1a: Hariyama\n|-damage|p1a: Hariyama|97/392 brn\n|\n|-damage|p1a: Hariyama|73/392 brn|[from] brn\n|upkeep\n|turn|23\n|\n|t:|1781430196\n|move|p1a: Hariyama|Fake Out|p2a: Arcanine\n|-resisted|p2a: Arcanine\n|-damage|p2a: Arcanine|111/279\n|cant|p2a: Arcanine|flinch\n|\n|-damage|p1a: Hariyama|49/392 brn|[from] brn\n|upkeep\n|turn|24\n|\n|t:|1781430198\n|move|p2a: Arcanine|Head Smash|p1a: Hariyama\n|-resisted|p1a: Hariyama\n|-damage|p1a: Hariyama|0 fnt\n|faint|p1a: Hariyama\n|\n|upkeep\n|\n|t:|1781430201\n|switch|p1a: Zacian|Zacian-Crowned, L64|225/225\n|-ability|p1a: Zacian|Intrepid Sword|boost\n|-boost|p1a: Zacian|atk|1\n|turn|25\n|\n|t:|1781430205\n|move|p1a: Zacian|Behemoth Blade|p2a: Arcanine\n|-damage|p2a: Arcanine|0 fnt\n|faint|p2a: Arcanine\n|\n|upkeep\n|\n|t:|1781430209\n|switch|p2a: Kyogre|Kyogre, L71|259/259\n|-damage|p2a: Kyogre|227/259|[from] Stealth Rock\n|-weather|RainDance|[from] ability: Drizzle|[of] p2a: Kyogre\n|turn|26\n|\n|t:|1781430214\n|move|p1a: Zacian|Play Rough|p2a: Kyogre\n|-damage|p2a: Kyogre|100/259\n|move|p2a: Kyogre|Thunder|p1a: Zacian\n|-damage|p1a: Zacian|142/225\n|-status|p1a: Zacian|par\n|\n|-weather|RainDance|[upkeep]\n|-heal|p2a: Kyogre|116/259|[from] item: Leftovers\n|upkeep\n|turn|27\n|\n|t:|1781430222\n|move|p2a: Kyogre|Calm Mind|p2a: Kyogre\n|-boost|p2a: Kyogre|spa|1\n|-boost|p2a: Kyogre|spd|1\n|cant|p1a: Zacian|par\n|\n|-weather|RainDance|[upkeep]\n|-heal|p2a: Kyogre|132/259|[from] item: Leftovers\n|upkeep\n|turn|28\n|\n|t:|1781430228\n|move|p2a: Kyogre|Origin Pulse|p1a: Zacian\n|-damage|p1a: Zacian|0 fnt\n|faint|p1a: Zacian\n|\n|-weather|RainDance|[upkeep]\n|-heal|p2a: Kyogre|148/259|[from] item: Leftovers\n|upkeep\n|\n|t:|1781430232\n|switch|p1a: Ogerpon|Ogerpon-Hearthflame, L74, F|111/239\n|-ability|p1a: Ogerpon|Mold Breaker\n|turn|29\n|\n|t:|1781430236\n|-terastallize|p2a: Kyogre|Dragon\n|move|p1a: Ogerpon|Horn Leech|p2a: Kyogre\n|-resisted|p2a: Kyogre\n|-damage|p2a: Kyogre|94/259\n|-heal|p1a: Ogerpon|138/239|[from] drain|[of] p2a: Kyogre\n|move|p2a: Kyogre|Origin Pulse|p1a: Ogerpon\n|-damage|p1a: Ogerpon|0 fnt\n|faint|p1a: Ogerpon\n|\n|-weather|RainDance|[upkeep]\n|-heal|p2a: Kyogre|110/259|[from] item: Leftovers\n|upkeep\n|\n|t:|1781430240\n|switch|p1a: Dachsbun|Dachsbun, L92, F|239/254 brn\n|turn|30\n|\n|t:|1781430251\n|move|p1a: Dachsbun|Protect|p1a: Dachsbun\n|-singleturn|p1a: Dachsbun|Protect\n|move|p2a: Kyogre|Origin Pulse|p1a: Dachsbun\n|-activate|p1a: Dachsbun|move: Protect\n|\n|-weather|none\n|-heal|p1a: Dachsbun|254/254 brn|[from] item: Leftovers\n|-heal|p2a: Kyogre|126/259|[from] item: Leftovers\n|-damage|p1a: Dachsbun|239/254 brn|[from] brn\n|upkeep\n|turn|31\n|\n|t:|1781430255\n|move|p1a: Dachsbun|Play Rough|p2a: Kyogre\n|-supereffective|p2a: Kyogre\n|-damage|p2a: Kyogre|14/259\n|move|p2a: Kyogre|Origin Pulse|p1a: Dachsbun\n|-damage|p1a: Dachsbun|59/254 brn\n|\n|-heal|p1a: Dachsbun|74/254 brn|[from] item: Leftovers\n|-heal|p2a: Kyogre|30/259|[from] item: Leftovers\n|-damage|p1a: Dachsbun|59/254 brn|[from] brn\n|upkeep\n|turn|32\n|\n|t:|1781430263\n|move|p1a: Dachsbun|Play Rough|p2a: Kyogre\n|-supereffective|p2a: Kyogre\n|-damage|p2a: Kyogre|0 fnt\n|faint|p2a: Kyogre\n|\n|-heal|p1a: Dachsbun|74/254 brn|[from] item: Leftovers\n|-damage|p1a: Dachsbun|59/254 brn|[from] brn\n|upkeep\n|\n|t:|1781430265\n|switch|p2a: Yanmega|Yanmega, L82, M|275/275\n|-damage|p2a: Yanmega|138/275|[from] Stealth Rock\n|turn|33\n|\n|t:|1781430269\n|move|p1a: Dachsbun|Play Rough|p2a: Yanmega\n|-damage|p2a: Yanmega|83/275\n|move|p2a: Yanmega|Bug Buzz|p1a: Dachsbun\n|-resisted|p1a: Dachsbun\n|-damage|p1a: Dachsbun|0 fnt\n|faint|p1a: Dachsbun\n|\n|upkeep\n|\n|t:|1781430272\n|switch|p1a: Flareon|Flareon, L90, F|263/263\n|turn|34\n|\n|t:|1781430276\n|move|p2a: Yanmega|Bug Buzz|p1a: Flareon\n|-resisted|p1a: Flareon\n|-damage|p1a: Flareon|143/263\n|move|p1a: Flareon|Flare Blitz|p2a: Yanmega\n|-supereffective|p2a: Yanmega\n|-damage|p2a: Yanmega|0 fnt\n|faint|p2a: Yanmega\n|-damage|p1a: Flareon|116/263|[from] Recoil\n|\n|win|marrickchill\n|raw|marrickchill's rating: 2051 &rarr; <strong>2073</strong><br />(+22 for winning)\n|raw|namanpokemonmaster's rating: 2091 &rarr; <strong>2069</strong><br />(-22 for losing)\n", "uploadtime": 1781429998, "views": 5, "formatid": "gen9randombattle", "rating": 2069, "private": 0, "password": null}