{"id": "gen9randombattle-2631725830", "format": "[Gen 9] Random Battle", "players": ["8btry8", "vogabal"], "log": "|j|\u26068btry8\n|j|\u2606vogabal\n|t:|1781429243\n|gametype|singles\n|player|p1|8btry8|1|1934\n|player|p2|vogabal|169|1982\n|gen|9\n|tier|[Gen 9] Random Battle\n|rated|\n|rule|Species Clause: Limit one of each Pok\u00e9mon\n|rule|HP Percentage Mod: HP is shown in percentages\n|rule|Sleep Clause Mod: Limit one foe put to sleep\n|rule|Illusion Level Mod: Illusion disguises the Pok\u00e9mon's true level\n|\n|t:|1781429243\n|teamsize|p1|6\n|teamsize|p2|6\n|start\n|switch|p1a: Eiscue|Eiscue, L88, F|274/274\n|switch|p2a: Indeedee|Indeedee-F, L90, F|272/272\n|-fieldstart|move: Psychic Terrain|[from] ability: Psychic Surge|[of] p2a: Indeedee\n|turn|1\n|\n|t:|1781429266\n|switch|p1a: Regice|Regice, L88|284/284\n|move|p2a: Indeedee|Calm Mind|p2a: Indeedee\n|-boost|p2a: Indeedee|spa|1\n|-boost|p2a: Indeedee|spd|1\n|\n|upkeep\n|turn|2\n|\n|t:|1781429272\n|move|p2a: Indeedee|Psyshock|p1a: Regice\n|-damage|p1a: Regice|62/284\n|-damage|p2a: Indeedee|245/272|[from] item: Life Orb\n|move|p1a: Regice|Ice Beam|p2a: Indeedee\n|-damage|p2a: Indeedee|190/272\n|\n|upkeep\n|turn|3\n|\n|t:|1781429276\n|move|p2a: Indeedee|Hyper Voice|p1a: Regice\n|-damage|p1a: Regice|0 fnt\n|faint|p1a: Regice\n|-damage|p2a: Indeedee|163/272|[from] item: Life Orb\n|\n|upkeep\n|\n|t:|1781429283\n|switch|p1a: Articuno|Articuno-Galar, L84|288/288\n|turn|4\n|\n|t:|1781429289\n|move|p1a: Articuno|Calm Mind|p1a: Articuno\n|-boost|p1a: Articuno|spa|1\n|-boost|p1a: Articuno|spd|1\n|move|p2a: Indeedee|Hyper Voice|p1a: Articuno\n|-damage|p1a: Articuno|167/288\n|-damage|p2a: Indeedee|136/272|[from] item: Life Orb\n|\n|upkeep\n|turn|5\n|\n|t:|1781429300\n|-terastallize|p1a: Articuno|Steel\n|move|p1a: Articuno|Recover|p1a: Articuno\n|-heal|p1a: Articuno|288/288\n|move|p2a: Indeedee|Psyshock|p1a: Articuno\n|-resisted|p1a: Articuno\n|-damage|p1a: Articuno|174/288\n|-damage|p2a: Indeedee|109/272|[from] item: Life Orb\n|\n|-fieldend|move: Psychic Terrain\n|upkeep\n|turn|6\n|\n|t:|1781429305\n|switch|p2a: Donphan|Donphan, L84, M|288/288\n|move|p1a: Articuno|Recover|p1a: Articuno\n|-heal|p1a: Articuno|288/288\n|\n|upkeep\n|turn|7\n|\n|t:|1781429307\n|switch|p1a: Eiscue|Eiscue, L88, F|274/274\n|move|p2a: Donphan|Stealth Rock|p1a: Eiscue\n|-sidestart|p1: 8btry8|move: Stealth Rock\n|\n|upkeep\n|turn|8\n|\n|t:|1781429314\n|switch|p2a: Indeedee|Indeedee-F, L90, F|109/272\n|-fieldstart|move: Psychic Terrain|[from] ability: Psychic Surge|[of] p2a: Indeedee\n|move|p1a: Eiscue|Belly Drum|p1a: Eiscue\n|-damage|p1a: Eiscue|137/274\n|-setboost|p1a: Eiscue|atk|6|[from] move: Belly Drum\n|-enditem|p1a: Eiscue|Sitrus Berry|[eat]\n|-heal|p1a: Eiscue|205/274|[from] item: Sitrus Berry\n|\n|upkeep\n|turn|9\n|\n|t:|1781429317\n|move|p2a: Indeedee|Psyshock|p1a: Eiscue\n|-damage|p1a: Eiscue|67/274\n|-damage|p2a: Indeedee|82/272|[from] item: Life Orb\n|move|p1a: Eiscue|Ice Spinner|p2a: Indeedee\n|-damage|p2a: Indeedee|0 fnt\n|-fieldend|move: Psychic Terrain\n|faint|p2a: Indeedee\n|\n|upkeep\n|\n|t:|1781429324\n|switch|p2a: Honchkrow|Honchkrow, L86, M|312/312\n|turn|10\n|\n|t:|1781429326\n|move|p2a: Honchkrow|Heat Wave|p1a: Eiscue\n|-supereffective|p1a: Eiscue\n|-damage|p1a: Eiscue|0 fnt\n|faint|p1a: Eiscue\n|-ability|p2a: Honchkrow|Moxie|boost\n|-boost|p2a: Honchkrow|atk|1\n|\n|upkeep\n|\n|t:|1781429338\n|switch|p1a: Passimian|Passimian, L83, M|302/302\n|-damage|p1a: Passimian|284/302|[from] Stealth Rock\n|turn|11\n|\n|t:|1781429342\n|move|p1a: Passimian|Drain Punch|p2a: Honchkrow\n|-damage|p2a: Honchkrow|176/312\n|-heal|p1a: Passimian|302/302|[from] drain|[of] p2a: Honchkrow\n|move|p2a: Honchkrow|Brave Bird|p1a: Passimian\n|-supereffective|p1a: Passimian\n|-damage|p1a: Passimian|0 fnt\n|faint|p1a: Passimian\n|-ability|p2a: Honchkrow|Moxie|boost\n|-boost|p2a: Honchkrow|atk|1\n|-damage|p2a: Honchkrow|76/312|[from] Recoil\n|\n|upkeep\n|\n|t:|1781429346\n|switch|p1a: Munkidori|Munkidori, L79, M|269/269\n|-damage|p1a: Munkidori|236/269|[from] Stealth Rock\n|turn|12\n|\n|t:|1781429349\n|move|p1a: Munkidori|Fake Out|p2a: Honchkrow\n|-damage|p2a: Honchkrow|45/312\n|cant|p2a: Honchkrow|flinch\n|\n|upkeep\n|turn|13\n|-message|8btry8 forfeited.\n|\n|win|vogabal\n", "uploadtime": 1781429245, "views": 4, "formatid": "gen9randombattle", "rating": null, "private": 0, "password": null}