{"id": "gen9randombattle-2632005710", "format": "[Gen 9] Random Battle", "players": ["cardibqueenofrap", "metaltunder"], "log": "|j|\u2606cardibqueenofrap\n|j|\u2606metaltunder\n|t:|1781465114\n|gametype|singles\n|player|p1|cardibqueenofrap|2|2092\n|player|p2|metaltunder|palmer|2039\n|gen|9\n|tier|[Gen 9] Random Battle\n|rated|\n|rule|Species Clause: Limit one of each Pok\u00e9mon\n|rule|HP Percentage Mod: HP is shown in percentages\n|rule|Sleep Clause Mod: Limit one foe put to sleep\n|rule|Illusion Level Mod: Illusion disguises the Pok\u00e9mon's true level\n|\n|t:|1781465114\n|teamsize|p1|6\n|teamsize|p2|6\n|start\n|switch|p1a: Mabosstiff|Mabosstiff, L86, M|278/278\n|switch|p2a: Emboar|Emboar, L84, M|322/322\n|turn|1\n|inactive|Battle timer is ON: inactive players will automatically lose when time's up. (requested by metaltunder)\n|\n|t:|1781465132\n|switch|p1a: Entei|Entei, L78|307/307\n|move|p2a: Emboar|Flare Blitz|p1a: Entei\n|-resisted|p1a: Entei\n|-damage|p1a: Entei|206/307\n|-damage|p2a: Emboar|289/322|[from] Recoil\n|\n|upkeep\n|turn|2\n|\n|t:|1781465142\n|move|p1a: Entei|Stone Edge|p2a: Emboar\n|-damage|p2a: Emboar|146/322\n|move|p2a: Emboar|Close Combat|p1a: Entei\n|-damage|p1a: Entei|34/307\n|-unboost|p2a: Emboar|def|1\n|-unboost|p2a: Emboar|spd|1\n|\n|upkeep\n|turn|3\n|\n|t:|1781465151\n|switch|p2a: Iron Treads|Iron Treads, L77|265/265\n|move|p1a: Entei|Stone Edge|p2a: Iron Treads\n|-resisted|p2a: Iron Treads\n|-damage|p2a: Iron Treads|241/265\n|\n|-heal|p2a: Iron Treads|257/265|[from] item: Leftovers\n|upkeep\n|turn|4\n|\n|t:|1781465158\n|switch|p1a: Rotom|Rotom-Frost, L87|229/229\n|move|p2a: Iron Treads|Stealth Rock|p1a: Rotom\n|-sidestart|p1: cardibqueenofrap|move: Stealth Rock\n|\n|-heal|p2a: Iron Treads|265/265|[from] item: Leftovers\n|upkeep\n|turn|5\n|inactive|metaltunder has 120 seconds left.\n|inactive|metaltunder has 90 seconds left.\n|\n|t:|1781465224\n|move|p2a: Iron Treads|Knock Off|p1a: Rotom\n|-damage|p1a: Rotom|172/229\n|-enditem|p1a: Rotom|Heavy-Duty Boots|[from] move: Knock Off|[of] p2a: Iron Treads\n|move|p1a: Rotom|Nasty Plot|p1a: Rotom\n|-boost|p1a: Rotom|spa|2\n|\n|upkeep\n|turn|6\n|inactive|metaltunder has 90 seconds left.\n|\n|t:|1781465232\n|move|p2a: Iron Treads|Iron Head|p1a: Rotom\n|-damage|p1a: Rotom|106/229\n|move|p1a: Rotom|Blizzard|p2a: Iron Treads\n|-damage|p2a: Iron Treads|0 fnt\n|faint|p2a: Iron Treads\n|-end|p2a: Iron Treads|Quark Drive|[silent]\n|\n|upkeep\n|inactive|metaltunder has 90 seconds left.\n|\n|t:|1781465239\n|switch|p2a: Gothitelle|Gothitelle, L90, M|272/272\n|turn|7\n|\n|t:|1781465243\n|move|p2a: Gothitelle|Psychic|p1a: Rotom\n|-damage|p1a: Rotom|21/229\n|move|p1a: Rotom|Thunderbolt|p2a: Gothitelle\n|-damage|p2a: Gothitelle|103/272\n|\n|upkeep\n|turn|8\n|\n|t:|1781465248\n|move|p2a: Gothitelle|Psychic|p1a: Rotom\n|-damage|p1a: Rotom|0 fnt\n|faint|p1a: Rotom\n|\n|upkeep\n|\n|t:|1781465250\n|switch|p1a: Mabosstiff|Mabosstiff, L86, M|278/278\n|-damage|p1a: Mabosstiff|244/278|[from] Stealth Rock\n|turn|9\n|\n|t:|1781465255\n|switch|p2a: Coalossal|Coalossal, L89, M|341/341\n|move|p1a: Mabosstiff|Crunch|p2a: Coalossal\n|-damage|p2a: Coalossal|190/341\n|-status|p1a: Mabosstiff|brn|[from] ability: Flame Body|[of] p2a: Coalossal\n|\n|-damage|p1a: Mabosstiff|227/278 brn|[from] brn\n|upkeep\n|turn|10\n|\n|t:|1781465262\n|move|p1a: Mabosstiff|Crunch|p2a: Coalossal\n|-damage|p2a: Coalossal|148/341\n|move|p2a: Coalossal|Spikes|p1a: Mabosstiff\n|-sidestart|p1: cardibqueenofrap|Spikes\n|\n|-damage|p1a: Mabosstiff|210/278 brn|[from] brn\n|upkeep\n|turn|11\n|\n|t:|1781465272\n|switch|p1a: Gengar|Gengar, L81, F|230/230\n|-damage|p1a: Gengar|202/230|[from] Stealth Rock\n|-damage|p1a: Gengar|174/230|[from] Spikes\n|move|p2a: Coalossal|Spikes|p1a: Gengar\n|-sidestart|p1: cardibqueenofrap|Spikes\n|\n|upkeep\n|turn|12\n|\n|t:|1781465285\n|move|p1a: Gengar|Shadow Ball|p2a: Coalossal\n|-damage|p2a: Coalossal|26/341\n|-damage|p1a: Gengar|151/230|[from] item: Life Orb\n|move|p2a: Coalossal|Overheat|p1a: Gengar\n|-damage|p1a: Gengar|1/230\n|-unboost|p2a: Coalossal|spa|2\n|\n|upkeep\n|turn|13\n|\n|t:|1781465293\n|move|p1a: Gengar|Shadow Ball|p2a: Coalossal\n|-damage|p2a: Coalossal|0 fnt\n|faint|p2a: Coalossal\n|-damage|p1a: Gengar|0 fnt|[from] item: Life Orb\n|faint|p1a: Gengar\n|\n|upkeep\n|\n|t:|1781465299\n|switch|p1a: Galvantula|Galvantula, L82, F|249/249\n|switch|p2a: Emboar|Emboar, L84, M|146/322\n|turn|14\n|\n|t:|1781465312\n|move|p1a: Galvantula|Sticky Web|p2a: Emboar\n|-sidestart|p2: metaltunder|move: Sticky Web\n|move|p2a: Emboar|Flare Blitz|p1a: Galvantula\n|-supereffective|p1a: Galvantula\n|-damage|p1a: Galvantula|0 fnt\n|faint|p1a: Galvantula\n|-damage|p2a: Emboar|64/322|[from] Recoil\n|\n|upkeep\n|\n|t:|1781465320\n|switch|p1a: Mabosstiff|Mabosstiff, L86, M|210/278 brn\n|-damage|p1a: Mabosstiff|176/278 brn|[from] Stealth Rock\n|-damage|p1a: Mabosstiff|130/278 brn|[from] Spikes\n|turn|15\n|\n|t:|1781465328\n|move|p1a: Mabosstiff|Crunch|p2a: Emboar\n|-resisted|p2a: Emboar\n|-damage|p2a: Emboar|30/322\n|move|p2a: Emboar|Flare Blitz|p1a: Mabosstiff\n|-damage|p1a: Mabosstiff|0 fnt\n|faint|p1a: Mabosstiff\n|-damage|p2a: Emboar|0 fnt|[from] Recoil\n|faint|p2a: Emboar\n|\n|upkeep\n|\n|t:|1781465340\n|switch|p1a: Meowscarada|Meowscarada, L78, F|247/247\n|switch|p2a: Lokix|Lokix, L82, F|251/251\n|-damage|p1a: Meowscarada|217/247|[from] Stealth Rock\n|-damage|p1a: Meowscarada|176/247|[from] Spikes\n|-activate|p2a: Lokix|move: Sticky Web\n|-unboost|p2a: Lokix|spe|1\n|turn|16\n|\n|t:|1781465350\n|move|p2a: Lokix|First Impression|p1a: Meowscarada\n|-supereffective|p1a: Meowscarada\n|-damage|p1a: Meowscarada|0 fnt\n|faint|p1a: Meowscarada\n|\n|upkeep\n|l|\u2606cardibqueenofrap\n|inactive|cardibqueenofrap disconnected and has a minute to reconnect!\n|player|p1|\n|inactive|cardibqueenofrap has 30 seconds to reconnect!\n|inactive|cardibqueenofrap has 20 seconds to reconnect!\n|inactive|cardibqueenofrap has 15 seconds to reconnect!\n|inactive|cardibqueenofrap has 10 seconds to reconnect!\n|inactive|cardibqueenofrap has 5 seconds to reconnect!\n|-message|cardibqueenofrap lost due to inactivity.\n|\n|win|metaltunder\n", "uploadtime": 1781465115, "views": 5, "formatid": "gen9randombattle", "rating": null, "private": 0, "password": null}