{"id": "gen9randombattle-2631440207", "format": "[Gen 9] Random Battle", "players": ["OGKUSHONDECK", "nocomment3"], "log": "|j|\u2606OGKUSHONDECK\n|j|\u2606nocomment3\n|t:|1781384915\n|gametype|singles\n|player|p1|OGKUSHONDECK|biker-gen1rb|2046\n|player|p2|nocomment3|2|2145\n|gen|9\n|tier|[Gen 9] Random Battle\n|rated|\n|rule|Species Clause: Limit one of each Pok\u00e9mon\n|rule|HP Percentage Mod: HP is shown in percentages\n|rule|Sleep Clause Mod: Limit one foe put to sleep\n|rule|Illusion Level Mod: Illusion disguises the Pok\u00e9mon's true level\n|\n|t:|1781384915\n|teamsize|p1|6\n|teamsize|p2|6\n|start\n|switch|p1a: Ceruledge|Ceruledge, L78, M|245/245\n|switch|p2a: Toxapex|Toxapex, L82, M|216/216\n|turn|1\n|\n|t:|1781384935\n|switch|p1a: Archaludon|Archaludon, L78, M|268/268\n|switch|p2a: Hydreigon|Hydreigon, L79, M|275/275\n|\n|upkeep\n|turn|2\n|\n|t:|1781384960\n|switch|p1a: Swampert|Swampert, L83, M|302/302\n|move|p2a: Hydreigon|Nasty Plot|p2a: Hydreigon\n|-boost|p2a: Hydreigon|spa|2\n|\n|upkeep\n|turn|3\n|inactive|Battle timer is ON: inactive players will automatically lose when time's up. (requested by OGKUSHONDECK)\n|\n|t:|1781384988\n|-terastallize|p2a: Hydreigon|Dark\n|move|p2a: Hydreigon|Dark Pulse|p1a: Swampert\n|-damage|p1a: Swampert|0 fnt\n|faint|p1a: Swampert\n|-damage|p2a: Hydreigon|248/275|[from] item: Life Orb\n|\n|upkeep\n|\n|t:|1781384995\n|switch|p1a: Zangoose|Zangoose, L85, F|263/263\n|turn|4\n|\n|t:|1781385012\n|move|p1a: Zangoose|Close Combat|p2a: Hydreigon\n|-supereffective|p2a: Hydreigon\n|-damage|p2a: Hydreigon|48/275\n|-unboost|p1a: Zangoose|def|1\n|-unboost|p1a: Zangoose|spd|1\n|move|p2a: Hydreigon|Dark Pulse|p1a: Zangoose\n|-damage|p1a: Zangoose|0 fnt\n|faint|p1a: Zangoose\n|-damage|p2a: Hydreigon|21/275|[from] item: Life Orb\n|\n|upkeep\n|\n|t:|1781385015\n|switch|p1a: Cacturne|Cacturne, L92, M|278/278\n|turn|5\n|\n|t:|1781385022\n|switch|p2a: Gallade|Gallade, L80, M|240/240\n|move|p1a: Cacturne|Sucker Punch||[still]\n|-fail|p1a: Cacturne\n|\n|upkeep\n|turn|6\n|\n|t:|1781385030\n|move|p2a: Gallade|Night Slash|p1a: Cacturne\n|-resisted|p1a: Cacturne\n|-damage|p1a: Cacturne|206/278\n|move|p1a: Cacturne|Knock Off|p2a: Gallade\n|-damage|p2a: Gallade|13/240\n|-enditem|p2a: Gallade|Choice Band|[from] move: Knock Off|[of] p1a: Cacturne\n|-damage|p1a: Cacturne|179/278|[from] item: Life Orb\n|\n|upkeep\n|turn|7\n|\n|t:|1781385041\n|switch|p2a: Muk|Muk, L86, F|321/321\n|move|p1a: Cacturne|Sucker Punch||[still]\n|-fail|p1a: Cacturne\n|\n|upkeep\n|turn|8\n|\n|t:|1781385059\n|switch|p1a: Glimmora|Glimmora, L75, F|248/248\n|move|p2a: Muk|Gunk Shot|p1a: Glimmora\n|-resisted|p1a: Glimmora\n|-damage|p1a: Glimmora|208/248\n|-activate|p1a: Glimmora|ability: Toxic Debris\n|-sidestart|p2: nocomment3|move: Toxic Spikes\n|\n|upkeep\n|turn|9\n|\n|t:|1781385073\n|switch|p2a: Toxapex|Toxapex, L82, M|216/216\n|-sideend|p2: nocomment3|move: Toxic Spikes|[of] p2a: Toxapex\n|move|p1a: Glimmora|Stealth Rock|p2a: Toxapex\n|-sidestart|p2: nocomment3|move: Stealth Rock\n|\n|upkeep\n|turn|10\n|\n|t:|1781385082\n|move|p1a: Glimmora|Earth Power|p2a: Toxapex\n|-supereffective|p2a: Toxapex\n|-damage|p2a: Toxapex|124/216\n|move|p2a: Toxapex|Liquidation|p1a: Glimmora\n|-supereffective|p1a: Glimmora\n|-damage|p1a: Glimmora|64/248\n|-activate|p1a: Glimmora|ability: Toxic Debris\n|-sidestart|p2: nocomment3|move: Toxic Spikes\n|\n|-heal|p2a: Toxapex|137/216|[from] item: Leftovers\n|upkeep\n|turn|11\n|\n|t:|1781385090\n|switch|p2a: Muk|Muk, L86, F|321/321\n|-damage|p2a: Muk|281/321|[from] Stealth Rock\n|-sideend|p2: nocomment3|move: Toxic Spikes|[of] p2a: Muk\n|move|p1a: Glimmora|Earth Power|p2a: Muk\n|-supereffective|p2a: Muk\n|-damage|p2a: Muk|163/321\n|\n|-heal|p2a: Muk|183/321|[from] item: Leftovers\n|upkeep\n|turn|12\n|\n|t:|1781385098\n|switch|p2a: Minior|Minior-Yellow, L79|224/224\n|-damage|p2a: Minior|168/224|[from] Stealth Rock\n|-formechange|p2a: Minior|Minior-Meteor||[from] ability: Shields Down\n|move|p1a: Glimmora|Earth Power|p2a: Minior\n|-immune|p2a: Minior\n|\n|upkeep\n|turn|13\n|\n|t:|1781385104\n|switch|p1a: Archaludon|Archaludon, L78, M|268/268\n|move|p2a: Minior|Shell Smash|p2a: Minior\n|-unboost|p2a: Minior|def|1\n|-unboost|p2a: Minior|spd|1\n|-boost|p2a: Minior|atk|2\n|-boost|p2a: Minior|spa|2\n|-boost|p2a: Minior|spe|2\n|-enditem|p2a: Minior|White Herb\n|-clearnegativeboost|p2a: Minior|[silent]\n|\n|upkeep\n|turn|14\n|\n|t:|1781385128\n|move|p2a: Minior|Earthquake|p1a: Archaludon\n|-supereffective|p1a: Archaludon\n|-damage|p1a: Archaludon|118/268\n|-ability|p1a: Archaludon|Stamina|boost\n|-boost|p1a: Archaludon|def|1\n|move|p1a: Archaludon|Swords Dance|p1a: Archaludon\n|-boost|p1a: Archaludon|atk|2\n|\n|upkeep\n|turn|15\n|\n|t:|1781385138\n|-terastallize|p1a: Archaludon|Ground\n|move|p2a: Minior|Earthquake|p1a: Archaludon\n|-damage|p1a: Archaludon|72/268\n|-ability|p1a: Archaludon|Stamina|boost\n|-boost|p1a: Archaludon|def|1\n|move|p1a: Archaludon|Iron Head|p2a: Minior\n|-supereffective|p2a: Minior\n|-damage|p2a: Minior|0 fnt\n|faint|p2a: Minior\n|\n|upkeep\n|\n|t:|1781385149\n|switch|p2a: Sawsbuck|Sawsbuck-Autumn, L88, F|284/284\n|-damage|p2a: Sawsbuck|249/284|[from] Stealth Rock\n|turn|16\n|\n|t:|1781385165\n|move|p2a: Sawsbuck|Horn Leech|p1a: Archaludon\n|-supereffective|p1a: Archaludon\n|-damage|p1a: Archaludon|0 fnt\n|-heal|p2a: Sawsbuck|284/284|[from] drain|[of] p1a: Archaludon\n|faint|p1a: Archaludon\n|-damage|p2a: Sawsbuck|256/284|[from] item: Life Orb\n|\n|upkeep\n|\n|t:|1781385167\n|switch|p1a: Ceruledge|Ceruledge, L78, M|245/245\n|turn|17\n|\n|t:|1781385179\n|move|p2a: Sawsbuck|Swords Dance|p2a: Sawsbuck\n|-boost|p2a: Sawsbuck|atk|2\n|move|p1a: Ceruledge|Swords Dance|p1a: Ceruledge\n|-boost|p1a: Ceruledge|atk|2\n|\n|upkeep\n|turn|18\n|\n|t:|1781385186\n|move|p2a: Sawsbuck|High Horsepower|p1a: Ceruledge\n|-supereffective|p1a: Ceruledge\n|-damage|p1a: Ceruledge|0 fnt\n|faint|p1a: Ceruledge\n|-damage|p2a: Sawsbuck|228/284|[from] item: Life Orb\n|\n|upkeep\n|\n|t:|1781385188\n|switch|p1a: Cacturne|Cacturne, L92, M|179/278\n|turn|19\n|\n|t:|1781385193\n|move|p2a: Sawsbuck|Double-Edge|p1a: Cacturne\n|-damage|p1a: Cacturne|0 fnt\n|faint|p1a: Cacturne\n|-damage|p2a: Sawsbuck|169/284|[from] Recoil\n|-damage|p2a: Sawsbuck|141/284|[from] item: Life Orb\n|\n|upkeep\n|-message|OGKUSHONDECK forfeited.\n|\n|win|nocomment3\n", "uploadtime": 1781384917, "views": 9, "formatid": "gen9randombattle", "rating": null, "private": 0, "password": null}