{"id": "gen9randombattle-2631517386", "format": "[Gen 9] Random Battle", "players": ["Budgers", "cdasas"], "log": "|j|\u2606Budgers\n|j|\u2606cdasas\n|t:|1781395422\n|gametype|singles\n|player|p1|Budgers|169|1960\n|player|p2|cdasas|drake-gen3|1974\n|gen|9\n|tier|[Gen 9] Random Battle\n|rated|\n|rule|Species Clause: Limit one of each Pok\u00e9mon\n|rule|HP Percentage Mod: HP is shown in percentages\n|rule|Sleep Clause Mod: Limit one foe put to sleep\n|rule|Illusion Level Mod: Illusion disguises the Pok\u00e9mon's true level\n|\n|t:|1781395422\n|teamsize|p1|6\n|teamsize|p2|6\n|start\n|switch|p1a: Galvantula|Galvantula, L82, M|249/249\n|switch|p2a: Rabsca|Rabsca, L91, M|284/284\n|turn|1\n|inactive|Battle timer is ON: inactive players will automatically lose when time's up. (requested by Budgers)\n|\n|t:|1781395446\n|switch|p2a: Eternatus|Eternatus, L69|308/308\n|-ability|p2a: Eternatus|Pressure\n|move|p1a: Galvantula|Sticky Web|p2a: Eternatus\n|-sidestart|p2: cdasas|move: Sticky Web\n|\n|upkeep\n|turn|2\n|\n|t:|1781395450\n|move|p1a: Galvantula|Volt Switch|p2a: Eternatus\n|-resisted|p2a: Eternatus\n|-damage|p2a: Eternatus|266/308\n|\n|t:|1781395459\n|switch|p1a: Furret|Furret, L94, M|312/312|[from] Volt Switch\n|-item|p2a: Eternatus|Power Herb|[from] ability: Frisk|[of] p1a: Furret\n|move|p2a: Eternatus|Fire Blast|p1a: Furret\n|-damage|p1a: Furret|219/312\n|\n|upkeep\n|turn|3\n|\n|t:|1781395475\n|switch|p2a: Wo-Chien|Wo-Chien, L83|277/277\n|-activate|p2a: Wo-Chien|move: Sticky Web\n|-unboost|p2a: Wo-Chien|spe|1\n|-ability|p2a: Wo-Chien|Tablets of Ruin\n|move|p1a: Furret|Trick|p2a: Wo-Chien\n|-activate|p1a: Furret|move: Trick|[of] p2a: Wo-Chien\n|-item|p2a: Wo-Chien|Choice Band|[from] move: Trick\n|-item|p1a: Furret|Leftovers|[from] move: Trick\n|\n|-heal|p1a: Furret|238/312|[from] item: Leftovers\n|upkeep\n|turn|4\n|\n|t:|1781395483\n|move|p1a: Furret|U-turn|p2a: Wo-Chien\n|-supereffective|p2a: Wo-Chien\n|-damage|p2a: Wo-Chien|137/277\n|\n|t:|1781395485\n|switch|p1a: Galvantula|Galvantula, L82, M|249/249|[from] U-turn\n|move|p2a: Wo-Chien|Knock Off|p1a: Galvantula\n|-damage|p1a: Galvantula|53/249\n|-enditem|p1a: Galvantula|Focus Sash|[from] move: Knock Off|[of] p2a: Wo-Chien\n|\n|upkeep\n|turn|5\n|\n|t:|1781395491\n|move|p1a: Galvantula|Bug Buzz|p2a: Wo-Chien\n|-supereffective|p2a: Wo-Chien\n|-damage|p2a: Wo-Chien|0 fnt\n|faint|p2a: Wo-Chien\n|\n|upkeep\n|\n|t:|1781395506\n|switch|p2a: Gastrodon|Gastrodon, L86, M|331/331\n|-activate|p2a: Gastrodon|move: Sticky Web\n|-unboost|p2a: Gastrodon|spe|1\n|turn|6\n|\n|t:|1781395515\n|move|p1a: Galvantula|Bug Buzz|p2a: Gastrodon\n|-damage|p2a: Gastrodon|246/331\n|move|p2a: Gastrodon|Earthquake|p1a: Galvantula\n|-damage|p1a: Galvantula|0 fnt\n|faint|p1a: Galvantula\n|\n|-heal|p2a: Gastrodon|266/331|[from] item: Leftovers\n|upkeep\n|\n|t:|1781395526\n|switch|p1a: Furret|Furret, L94, M|238/312\n|-item|p2a: Gastrodon|Leftovers|[from] ability: Frisk|[of] p1a: Furret\n|turn|7\n|\n|t:|1781395540\n|move|p1a: Furret|Knock Off|p2a: Gastrodon\n|-damage|p2a: Gastrodon|186/331\n|-enditem|p2a: Gastrodon|Leftovers|[from] move: Knock Off|[of] p1a: Furret\n|move|p2a: Gastrodon|Stealth Rock|p1a: Furret\n|-sidestart|p1: Budgers|move: Stealth Rock\n|\n|-heal|p1a: Furret|257/312|[from] item: Leftovers\n|upkeep\n|turn|8\n|\n|t:|1781395550\n|move|p1a: Furret|Double-Edge|p2a: Gastrodon\n|-damage|p2a: Gastrodon|29/331\n|-damage|p1a: Furret|205/312|[from] Recoil\n|move|p2a: Gastrodon|Recover|p2a: Gastrodon\n|-heal|p2a: Gastrodon|195/331\n|\n|-heal|p1a: Furret|224/312|[from] item: Leftovers\n|upkeep\n|turn|9\n|\n|t:|1781395557\n|move|p1a: Furret|U-turn|p2a: Gastrodon\n|-damage|p2a: Gastrodon|139/331\n|\n|t:|1781395558\n|switch|p1a: Houndoom|Houndoom, L87, F|272/272|[from] U-turn\n|move|p2a: Gastrodon|Recover|p2a: Gastrodon\n|-heal|p2a: Gastrodon|305/331\n|\n|upkeep\n|turn|10\n|\n|t:|1781395563\n|-terastallize|p1a: Houndoom|Dark\n|move|p1a: Houndoom|Dark Pulse|p2a: Gastrodon\n|-damage|p2a: Gastrodon|171/331\n|move|p2a: Gastrodon|Earthquake|p1a: Houndoom\n|-damage|p1a: Houndoom|130/272\n|\n|upkeep\n|turn|11\n|\n|t:|1781395569\n|move|p1a: Houndoom|Dark Pulse|p2a: Gastrodon\n|-damage|p2a: Gastrodon|39/331\n|move|p2a: Gastrodon|Earthquake|p1a: Houndoom\n|-crit|p1a: Houndoom\n|-damage|p1a: Houndoom|0 fnt\n|faint|p1a: Houndoom\n|\n|upkeep\n|\n|t:|1781395572\n|switch|p1a: Furret|Furret, L94, M|224/312\n|-damage|p1a: Furret|185/312|[from] Stealth Rock\n|turn|12\n|\n|t:|1781395576\n|switch|p2a: Alomomola|Alomomola, L87, M|429/429\n|-activate|p2a: Alomomola|move: Sticky Web\n|-unboost|p2a: Alomomola|spe|1\n|move|p1a: Furret|Double-Edge|p2a: Alomomola\n|-damage|p2a: Alomomola|291/429\n|-damage|p1a: Furret|133/312|[from] item: Rocky Helmet|[of] p2a: Alomomola\n|-damage|p1a: Furret|87/312|[from] Recoil\n|\n|-heal|p1a: Furret|106/312|[from] item: Leftovers\n|upkeep\n|turn|13\n|\n|t:|1781395583\n|move|p1a: Furret|Knock Off|p2a: Alomomola\n|-damage|p2a: Alomomola|217/429\n|-damage|p1a: Furret|54/312|[from] item: Rocky Helmet|[of] p2a: Alomomola\n|-enditem|p2a: Alomomola|Rocky Helmet|[from] move: Knock Off|[of] p1a: Furret\n|move|p2a: Alomomola|Wish|p2a: Alomomola\n|\n|-heal|p1a: Furret|73/312|[from] item: Leftovers\n|upkeep\n|turn|14\n|\n|t:|1781395589\n|move|p1a: Furret|Double-Edge|p2a: Alomomola\n|-damage|p2a: Alomomola|78/429\n|-damage|p1a: Furret|27/312|[from] Recoil\n|move|p2a: Alomomola|Scald|p1a: Furret\n|-damage|p1a: Furret|0 fnt\n|faint|p1a: Furret\n|\n|-heal|p2a: Alomomola|292/429|[from] move: Wish|[wisher] Alomomola\n|upkeep\n|\n|t:|1781395594\n|switch|p1a: Quaquaval|Quaquaval, L79, F|264/264\n|-damage|p1a: Quaquaval|248/264|[from] Stealth Rock\n|turn|15\n|\n|t:|1781395599\n|move|p1a: Quaquaval|Swords Dance|p1a: Quaquaval\n|-boost|p1a: Quaquaval|atk|2\n|move|p2a: Alomomola|Scald|p1a: Quaquaval\n|-resisted|p1a: Quaquaval\n|-damage|p1a: Quaquaval|219/264\n|\n|upkeep\n|turn|16\n|\n|t:|1781395602\n|move|p1a: Quaquaval|Close Combat|p2a: Alomomola\n|-damage|p2a: Alomomola|0 fnt\n|-unboost|p1a: Quaquaval|def|1\n|-unboost|p1a: Quaquaval|spd|1\n|faint|p2a: Alomomola\n|-ability|p1a: Quaquaval|Moxie|boost\n|-boost|p1a: Quaquaval|atk|1\n|-damage|p1a: Quaquaval|193/264|[from] item: Life Orb\n|\n|upkeep\n|\n|t:|1781395608\n|switch|p2a: Rabsca|Rabsca, L91, M|284/284\n|turn|17\n|\n|t:|1781395614\n|-terastallize|p2a: Rabsca|Steel\n|move|p1a: Quaquaval|Aqua Step|p2a: Rabsca\n|-damage|p2a: Rabsca|21/284\n|-boost|p1a: Quaquaval|spe|1\n|-damage|p1a: Quaquaval|167/264|[from] item: Life Orb\n|move|p2a: Rabsca|Psychic|p1a: Quaquaval\n|-supereffective|p1a: Quaquaval\n|-damage|p1a: Quaquaval|0 fnt\n|faint|p1a: Quaquaval\n|\n|upkeep\n|\n|t:|1781395622\n|switch|p1a: Staraptor|Staraptor, L79, F|263/263\n|-damage|p1a: Staraptor|198/263|[from] Stealth Rock\n|turn|18\n|\n|t:|1781395629\n|move|p1a: Staraptor|Brave Bird|p2a: Rabsca\n|-resisted|p2a: Rabsca\n|-damage|p2a: Rabsca|0 fnt\n|faint|p2a: Rabsca\n|-damage|p1a: Staraptor|191/263|[from] Recoil\n|\n|upkeep\n|\n|t:|1781395643\n|switch|p2a: Mesprit|Mesprit, L85|275/275\n|turn|19\n|\n|t:|1781395648\n|move|p1a: Staraptor|Brave Bird|p2a: Mesprit\n|-damage|p2a: Mesprit|128/275\n|-damage|p1a: Staraptor|142/263|[from] Recoil\n|move|p2a: Mesprit|Thunderbolt|p1a: Staraptor\n|-supereffective|p1a: Staraptor\n|-damage|p1a: Staraptor|0 fnt\n|faint|p1a: Staraptor\n|\n|upkeep\n|\n|t:|1781395651\n|switch|p1a: Basculin|Basculin, L86, M|261/261\n|-damage|p1a: Basculin|229/261|[from] Stealth Rock\n|turn|20\n|\n|t:|1781395655\n|move|p1a: Basculin|Double-Edge|p2a: Mesprit\n|-damage|p2a: Mesprit|26/275\n|-damage|p1a: Basculin|195/261|[from] Recoil\n|move|p2a: Mesprit|Thunderbolt|p1a: Basculin\n|-supereffective|p1a: Basculin\n|-damage|p1a: Basculin|9/261\n|\n|upkeep\n|turn|21\n|-message|Budgers forfeited.\n|\n|win|cdasas\n", "uploadtime": 1781395423, "views": 4, "formatid": "gen9randombattle", "rating": null, "private": 0, "password": null}