{"id": "gen9randombattle-2631369613", "format": "[Gen 9] Random Battle", "players": ["dojikkomiruki", "bulrug"], "log": "|j|\u2606dojikkomiruki\n|j|\u203dbulrug\n|t:|1781376587\n|gametype|singles\n|player|p1|dojikkomiruki|idol|1944\n|player|p2|bulrug|burglar|2010\n|gen|9\n|tier|[Gen 9] Random Battle\n|rated|\n|rule|Species Clause: Limit one of each Pok\u00e9mon\n|rule|HP Percentage Mod: HP is shown in percentages\n|rule|Sleep Clause Mod: Limit one foe put to sleep\n|rule|Illusion Level Mod: Illusion disguises the Pok\u00e9mon's true level\n|\n|t:|1781376587\n|teamsize|p1|6\n|teamsize|p2|6\n|start\n|switch|p1a: Golduck|Golduck, L90, F|290/290\n|switch|p2a: Dragonite|Dragonite, L74, F|257/257\n|-ability|p1a: Golduck|Cloud Nine\n|turn|1\n|\n|t:|1781376596\n|switch|p2a: Iron Crown|Iron Crown, L78|268/268\n|move|p1a: Golduck|Ice Beam|p2a: Iron Crown\n|-resisted|p2a: Iron Crown\n|-damage|p2a: Iron Crown|225/268\n|-damage|p1a: Golduck|261/290|[from] item: Life Orb\n|\n|upkeep\n|turn|2\n|\n|t:|1781376601\n|move|p1a: Golduck|Hydro Pump|p2a: Iron Crown\n|-damage|p2a: Iron Crown|60/268\n|-damage|p1a: Golduck|232/290|[from] item: Life Orb\n|move|p2a: Iron Crown|Volt Switch|p1a: Golduck\n|-supereffective|p1a: Golduck\n|-damage|p1a: Golduck|70/290\n|\n|t:|1781376605\n|-end|p2a: Iron Crown|Quark Drive|[silent]\n|switch|p2a: Brute Bonnet|Brute Bonnet, L80|309/309|[from] Volt Switch\n|\n|upkeep\n|turn|3\n|\n|t:|1781376612\n|switch|p1a: Spidops|Spidops, L96, F|271/271\n|move|p2a: Brute Bonnet|Seed Bomb|p1a: Spidops\n|-resisted|p1a: Spidops\n|-damage|p1a: Spidops|233/271\n|\n|upkeep\n|turn|4\n|\n|t:|1781376620\n|switch|p1a: Golduck|Golduck, L90, F|70/290\n|-ability|p1a: Golduck|Cloud Nine\n|move|p2a: Brute Bonnet|Spore|p1a: Golduck\n|-status|p1a: Golduck|slp|[from] move: Spore\n|\n|upkeep\n|turn|5\n|\n|t:|1781376623\n|switch|p1a: Spidops|Spidops, L96, F|233/271\n|move|p2a: Brute Bonnet|Crunch|p1a: Spidops\n|-damage|p1a: Spidops|157/271\n|\n|upkeep\n|turn|6\n|\n|t:|1781376630\n|-end|p2a: Brute Bonnet|Protosynthesis|[silent]\n|switch|p2a: Zangoose|Zangoose, L85, M|263/263\n|move|p1a: Spidops|Sticky Web|p2a: Zangoose\n|-sidestart|p2: bulrug|move: Sticky Web\n|\n|-status|p2a: Zangoose|tox|[from] item: Toxic Orb\n|upkeep\n|turn|7\n|\n|t:|1781376655\n|-terastallize|p1a: Spidops|Ghost\n|move|p2a: Zangoose|Facade|p1a: Spidops\n|-immune|p1a: Spidops\n|move|p1a: Spidops|Circle Throw|p2a: Zangoose|[miss]\n|-miss|p1a: Spidops|p2a: Zangoose\n|\n|-damage|p2a: Zangoose|247/263 tox|[from] psn\n|upkeep\n|turn|8\n|\n|t:|1781376682\n|switch|p1a: Golduck|Golduck, L90, F|70/290 slp\n|-ability|p1a: Golduck|Cloud Nine\n|move|p2a: Zangoose|Knock Off|p1a: Golduck\n|-damage|p1a: Golduck|0 fnt\n|-enditem|p1a: Golduck|Life Orb|[from] move: Knock Off|[of] p2a: Zangoose\n|faint|p1a: Golduck\n|\n|-damage|p2a: Zangoose|215/263 tox|[from] psn\n|upkeep\n|\n|t:|1781376697\n|switch|p1a: Brute Bonnet|Brute Bonnet, L80|309/309\n|turn|9\n|\n|t:|1781376700\n|move|p2a: Zangoose|Facade|p1a: Brute Bonnet\n|-damage|p1a: Brute Bonnet|47/309\n|move|p1a: Brute Bonnet|Close Combat|p2a: Zangoose\n|-supereffective|p2a: Zangoose\n|-damage|p2a: Zangoose|0 fnt\n|-unboost|p1a: Brute Bonnet|def|1\n|-unboost|p1a: Brute Bonnet|spd|1\n|faint|p2a: Zangoose\n|\n|-heal|p1a: Brute Bonnet|66/309|[from] item: Leftovers\n|upkeep\n|\n|t:|1781376705\n|switch|p2a: Squawkabilly|Squawkabilly-Yellow, L89, F|291/291\n|turn|10\n|\n|t:|1781376714\n|move|p2a: Squawkabilly|Brave Bird|p1a: Brute Bonnet\n|-supereffective|p1a: Brute Bonnet\n|-crit|p1a: Brute Bonnet\n|-damage|p1a: Brute Bonnet|0 fnt\n|faint|p1a: Brute Bonnet\n|-end|p1a: Brute Bonnet|Protosynthesis|[silent]\n|-damage|p2a: Squawkabilly|269/291|[from] Recoil\n|\n|upkeep\n|\n|t:|1781376740\n|switch|p1a: Spidops|Spidops, L96, F, tera:Ghost|157/271\n|turn|11\n|\n|t:|1781376744\n|move|p2a: Squawkabilly|Brave Bird|p1a: Spidops\n|-damage|p1a: Spidops|0 fnt\n|faint|p1a: Spidops\n|-damage|p2a: Squawkabilly|217/291|[from] Recoil\n|\n|upkeep\n|\n|t:|1781376747\n|switch|p1a: Chansey|Chansey, L85, F|564/564\n|turn|12\n|\n|t:|1781376760\n|move|p2a: Squawkabilly|Brave Bird|p1a: Chansey\n|-damage|p1a: Chansey|89/564\n|-damage|p2a: Squawkabilly|60/291|[from] Recoil\n|move|p1a: Chansey|Thunder Wave|p2a: Squawkabilly\n|-status|p2a: Squawkabilly|par\n|\n|upkeep\n|turn|13\n|\n|t:|1781376768\n|cant|p2a: Squawkabilly|par\n|move|p1a: Chansey|Soft-Boiled|p1a: Chansey\n|-heal|p1a: Chansey|371/564\n|\n|upkeep\n|turn|14\n|\n|t:|1781376771\n|move|p1a: Chansey|Seismic Toss|p2a: Squawkabilly\n|-damage|p2a: Squawkabilly|0 fnt\n|faint|p2a: Squawkabilly\n|\n|upkeep\n|\n|t:|1781376775\n|switch|p2a: Scizor|Scizor, L79, M|240/240\n|-activate|p2a: Scizor|move: Sticky Web\n|-unboost|p2a: Scizor|spe|1\n|turn|15\n|\n|t:|1781376787\n|move|p1a: Chansey|Thunder Wave|p2a: Scizor\n|-status|p2a: Scizor|par\n|move|p2a: Scizor|Swords Dance|p2a: Scizor\n|-boost|p2a: Scizor|atk|2\n|\n|upkeep\n|turn|16\n|\n|t:|1781376796\n|move|p2a: Scizor|Bullet Punch|p1a: Chansey\n|-damage|p1a: Chansey|0 fnt\n|faint|p1a: Chansey\n|-damage|p2a: Scizor|216/240 par|[from] item: Life Orb\n|\n|upkeep\n|\n|t:|1781376802\n|switch|p1a: Okidogi|Okidogi, L77, M|262/262\n|turn|17\n|\n|t:|1781376805\n|move|p2a: Scizor|Bullet Punch|p1a: Okidogi\n|-damage|p1a: Okidogi|105/262\n|-damage|p2a: Scizor|192/240 par|[from] item: Life Orb\n|move|p1a: Okidogi|Knock Off|p2a: Scizor\n|-damage|p2a: Scizor|122/240 par\n|-enditem|p2a: Scizor|Life Orb|[from] move: Knock Off|[of] p1a: Okidogi\n|\n|upkeep\n|turn|18\n|\n|t:|1781376809\n|move|p2a: Scizor|Bullet Punch|p1a: Okidogi\n|-damage|p1a: Okidogi|0 fnt\n|faint|p1a: Okidogi\n|\n|upkeep\n|\n|t:|1781376810\n|switch|p1a: Roaring Moon|Roaring Moon, L72|270/270\n|turn|19\n|\n|t:|1781376818\n|move|p1a: Roaring Moon|Dragon Dance|p1a: Roaring Moon\n|-boost|p1a: Roaring Moon|atk|1\n|-boost|p1a: Roaring Moon|spe|1\n|cant|p2a: Scizor|par\n|\n|upkeep\n|turn|20\n|\n|t:|1781376822\n|move|p2a: Scizor|Bullet Punch|p1a: Roaring Moon\n|-damage|p1a: Roaring Moon|74/270\n|move|p1a: Roaring Moon|Earthquake|p2a: Scizor\n|-damage|p2a: Scizor|19/240 par\n|\n|upkeep\n|turn|21\n|\n|t:|1781376824\n|move|p2a: Scizor|Bullet Punch|p1a: Roaring Moon\n|-damage|p1a: Roaring Moon|0 fnt\n|faint|p1a: Roaring Moon\n|-end|p1a: Roaring Moon|Protosynthesis|[silent]\n|\n|win|bulrug\n", "uploadtime": 1781376588, "views": 6, "formatid": "gen9randombattle", "rating": null, "private": 0, "password": null}