{"id": "gen9randombattle-2631408950", "format": "[Gen 9] Random Battle", "players": ["MAYBEsebas", "Sel2a707"], "log": "|j|\u2606MAYBEsebas\n|j|\u2606Sel2a707\n|t:|1781381131\n|gametype|singles\n|player|p1|MAYBEsebas|rocketgrunt|2099\n|player|p2|Sel2a707|youngster-gen4dp|2170\n|gen|9\n|tier|[Gen 9] Random Battle\n|rated|\n|rule|Species Clause: Limit one of each Pok\u00e9mon\n|rule|HP Percentage Mod: HP is shown in percentages\n|rule|Sleep Clause Mod: Limit one foe put to sleep\n|rule|Illusion Level Mod: Illusion disguises the Pok\u00e9mon's true level\n|\n|t:|1781381131\n|teamsize|p1|6\n|teamsize|p2|6\n|start\n|switch|p1a: Whiscash|Whiscash, L88, M|337/337\n|switch|p2a: Dragonite|Dragonite, L74, M|257/257\n|turn|1\n|inactive|Battle timer is ON: inactive players will automatically lose when time's up. (requested by Sel2a707)\n|\n|t:|1781381147\n|move|p2a: Dragonite|Dragon Dance|p2a: Dragonite\n|-boost|p2a: Dragonite|atk|1\n|-boost|p2a: Dragonite|spe|1\n|move|p1a: Whiscash|Ice Beam|p2a: Dragonite\n|-supereffective|p2a: Dragonite\n|-damage|p2a: Dragonite|133/257\n|\n|upkeep\n|turn|2\n|\n|t:|1781381158\n|move|p2a: Dragonite|Outrage|p1a: Whiscash\n|-damage|p1a: Whiscash|130/337\n|move|p1a: Whiscash|Ice Beam|p2a: Dragonite\n|-supereffective|p2a: Dragonite\n|-damage|p2a: Dragonite|0 fnt\n|faint|p2a: Dragonite\n|\n|-heal|p1a: Whiscash|151/337|[from] item: Leftovers\n|upkeep\n|\n|t:|1781381176\n|switch|p2a: Basculegion|Basculegion, L80, M|323/323\n|turn|3\n|\n|t:|1781381193\n|switch|p1a: Kommo-o|Kommo-o, L78, F|245/245\n|move|p2a: Basculegion|Wave Crash|p1a: Kommo-o\n|-resisted|p1a: Kommo-o\n|-damage|p1a: Kommo-o|175/245\n|-damage|p2a: Basculegion|300/323|[from] Recoil\n|\n|upkeep\n|turn|4\n|\n|t:|1781381202\n|move|p1a: Kommo-o|Clangorous Soul|p1a: Kommo-o\n|-boost|p1a: Kommo-o|atk|1\n|-boost|p1a: Kommo-o|def|1\n|-boost|p1a: Kommo-o|spa|1\n|-boost|p1a: Kommo-o|spd|1\n|-boost|p1a: Kommo-o|spe|1\n|-damage|p1a: Kommo-o|95/245\n|-enditem|p1a: Kommo-o|Throat Spray\n|-boost|p1a: Kommo-o|spa|1|[from] item: Throat Spray\n|move|p2a: Basculegion|Shadow Ball|p1a: Kommo-o\n|-damage|p1a: Kommo-o|37/245\n|\n|upkeep\n|turn|5\n|\n|t:|1781381221\n|move|p1a: Kommo-o|Clanging Scales|p2a: Basculegion\n|-damage|p2a: Basculegion|129/323\n|-unboost|p1a: Kommo-o|def|1\n|move|p2a: Basculegion|Shadow Ball|p1a: Kommo-o\n|-damage|p1a: Kommo-o|0 fnt\n|faint|p1a: Kommo-o\n|\n|upkeep\n|\n|t:|1781381245\n|switch|p1a: Skuntank|Skuntank, L84, M|310/310\n|turn|6\n|\n|t:|1781381252\n|switch|p2a: Mienshao|Mienshao, L83, F|243/243\n|move|p1a: Skuntank|Knock Off|p2a: Mienshao\n|-resisted|p2a: Mienshao\n|-damage|p2a: Mienshao|156/243\n|-enditem|p2a: Mienshao|Choice Band|[from] move: Knock Off|[of] p1a: Skuntank\n|-damage|p1a: Skuntank|279/310|[from] item: Life Orb\n|\n|upkeep\n|turn|7\n|\n|t:|1781381266\n|move|p2a: Mienshao|High Jump Kick|p1a: Skuntank|[miss]\n|-miss|p2a: Mienshao|p1a: Skuntank\n|-damage|p2a: Mienshao|35/243|[from] highjumpkick\n|move|p1a: Skuntank|Gunk Shot|p2a: Mienshao\n|-damage|p2a: Mienshao|0 fnt\n|faint|p2a: Mienshao\n|-damage|p1a: Skuntank|248/310|[from] item: Life Orb\n|\n|upkeep\n|-message|Sel2a707 forfeited.\n|\n|win|MAYBEsebas\n|raw|MAYBEsebas's rating: 2099 &rarr; <strong>2123</strong><br />(+24 for winning)\n|raw|Sel2a707's rating: 2170 &rarr; <strong>2146</strong><br />(-24 for losing)\n", "uploadtime": 1781381133, "views": 10, "formatid": "gen9randombattle", "rating": 2123, "private": 0, "password": null}