{"id": "gen9randombattle-2631605265", "format": "[Gen 9] Random Battle", "players": ["papagaio69", "YOYILANG2"], "log": "|j|\u2606papagaio69\n|j|\u2606YOYILANG2\n|t:|1781407694\n|gametype|singles\n|player|p1|papagaio69|170|1922\n|player|p2|YOYILANG2|2|1967\n|gen|9\n|tier|[Gen 9] Random Battle\n|rated|\n|rule|Species Clause: Limit one of each Pok\u00e9mon\n|rule|HP Percentage Mod: HP is shown in percentages\n|rule|Sleep Clause Mod: Limit one foe put to sleep\n|rule|Illusion Level Mod: Illusion disguises the Pok\u00e9mon's true level\n|\n|t:|1781407694\n|teamsize|p1|6\n|teamsize|p2|6\n|start\n|switch|p1a: Drifblim|Drifblim, L86, M|398/398\n|switch|p2a: Pachirisu|Pachirisu, L96, M|271/271\n|turn|1\n|inactive|Battle timer is ON: inactive players will automatically lose when time's up. (requested by papagaio69)\n|inactive|papagaio69 has 120 seconds left.\n|\n|t:|1781407728\n|switch|p1a: Calyrex|Calyrex, L93|337/337\n|-ability|p1a: Calyrex|Unnerve\n|move|p2a: Pachirisu|Super Fang|p1a: Calyrex\n|-damage|p1a: Calyrex|169/337\n|\n|-heal|p1a: Calyrex|190/337|[from] item: Leftovers\n|upkeep\n|turn|2\n|\n|t:|1781407732\n|move|p2a: Pachirisu|U-turn|p1a: Calyrex\n|-supereffective|p1a: Calyrex\n|-damage|p1a: Calyrex|50/337\n|\n|t:|1781407738\n|switch|p2a: Cryogonal|Cryogonal, L89|287/287|[from] U-turn\n|move|p1a: Calyrex|Leech Seed|p2a: Cryogonal\n|-start|p2a: Cryogonal|move: Leech Seed\n|\n|-heal|p1a: Calyrex|71/337|[from] item: Leftovers\n|-damage|p2a: Cryogonal|252/287|[from] Leech Seed|[of] p1a: Calyrex\n|-heal|p1a: Calyrex|106/337|[silent]\n|upkeep\n|turn|3\n|\n|t:|1781407749\n|switch|p2a: Pachirisu|Pachirisu, L96, M|271/271\n|switch|p1a: Koraidon|Koraidon, L64|235/235\n|-weather|SunnyDay|[from] ability: Orichalcum Pulse|[of] p1a: Koraidon\n|-activate|p1a: Koraidon|Orichalcum Pulse|[source]\n|\n|-weather|SunnyDay|[upkeep]\n|upkeep\n|turn|4\n|\n|t:|1781407764\n|switch|p1a: Calyrex|Calyrex, L93|106/337\n|-ability|p1a: Calyrex|Unnerve\n|move|p2a: Pachirisu|Discharge|p1a: Calyrex\n|-resisted|p1a: Calyrex\n|-damage|p1a: Calyrex|76/337\n|-status|p1a: Calyrex|par\n|\n|-weather|SunnyDay|[upkeep]\n|-heal|p1a: Calyrex|97/337 par|[from] item: Leftovers\n|upkeep\n|turn|5\n|\n|t:|1781407768\n|move|p2a: Pachirisu|U-turn|p1a: Calyrex\n|-supereffective|p1a: Calyrex\n|-damage|p1a: Calyrex|0 fnt\n|faint|p1a: Calyrex\n|\n|t:|1781407777\n|switch|p2a: Cryogonal|Cryogonal, L89|252/287|[from] U-turn\n|\n|-weather|SunnyDay|[upkeep]\n|upkeep\n|inactive|papagaio69 has 120 seconds left.\n|\n|t:|1781407811\n|switch|p1a: Koraidon|Koraidon, L64|235/235\n|-activate|p1a: Koraidon|ability: Orichalcum Pulse\n|turn|6\n|\n|t:|1781407818\n|switch|p2a: Spiritomb|Spiritomb, L89, F|234/234\n|move|p1a: Koraidon|Close Combat|p2a: Spiritomb\n|-immune|p2a: Spiritomb\n|\n|-weather|SunnyDay|[upkeep]\n|upkeep\n|turn|7\n|\n|t:|1781407824\n|switch|p1a: Kyogre|Kyogre, L71|235/235\n|move|p2a: Spiritomb|Poltergeist|p1a: Kyogre\n|-activate|p1a: Kyogre|move: Poltergeist|Choice Specs\n|-resisted|p1a: Kyogre\n|-damage|p1a: Kyogre|148/235\n|replace|p1a: Zoroark|Zoroark, L83, F\n|-end|p1a: Zoroark|Illusion\n|-hint|Illusion Level Mod is active, so this Pok\u00e9mon's true level was hidden.\n|\n|-weather|none\n|upkeep\n|turn|8\n|\n|t:|1781407838\n|switch|p2a: Pachirisu|Pachirisu, L96, M|271/271\n|move|p1a: Zoroark|Dark Pulse|p2a: Pachirisu\n|-damage|p2a: Pachirisu|153/271\n|\n|upkeep\n|turn|9\n|\n|t:|1781407859\n|move|p2a: Pachirisu|Discharge|p1a: Zoroark\n|-damage|p1a: Zoroark|64/235\n|move|p1a: Zoroark|Dark Pulse|p2a: Pachirisu\n|-damage|p2a: Pachirisu|18/271\n|\n|upkeep\n|turn|10\n|\n|t:|1781407872\n|move|p2a: Pachirisu|Discharge|p1a: Zoroark\n|-damage|p1a: Zoroark|0 fnt\n|faint|p1a: Zoroark\n|\n|upkeep\n|\n|t:|1781407878\n|switch|p1a: Kyogre|Kyogre, L71|259/259\n|-weather|RainDance|[from] ability: Drizzle|[of] p1a: Kyogre\n|turn|11\n|\n|t:|1781407884\n|move|p1a: Kyogre|Water Spout|p2a: Pachirisu\n|-damage|p2a: Pachirisu|0 fnt\n|faint|p2a: Pachirisu\n|\n|-weather|RainDance|[upkeep]\n|upkeep\n|inactive|YOYILANG2 has 120 seconds left.\n|\n|t:|1781407927\n|switch|p2a: Cryogonal|Cryogonal, L89|252/287\n|turn|12\n|inactive|papagaio69 has 120 seconds left.\n|\n|t:|1781407972\n|switch|p1a: Koraidon|Koraidon, L64|235/235\n|-weather|SunnyDay|[from] ability: Orichalcum Pulse|[of] p1a: Koraidon\n|-activate|p1a: Koraidon|Orichalcum Pulse|[source]\n|move|p2a: Cryogonal|Freeze-Dry|p1a: Koraidon\n|-supereffective|p1a: Koraidon\n|-damage|p1a: Koraidon|35/235\n|\n|-weather|SunnyDay|[upkeep]\n|upkeep\n|turn|13\n|\n|t:|1781407977\n|move|p2a: Cryogonal|Freeze-Dry|p1a: Koraidon\n|-supereffective|p1a: Koraidon\n|-damage|p1a: Koraidon|0 fnt\n|faint|p1a: Koraidon\n|\n|-weather|SunnyDay|[upkeep]\n|upkeep\n|inactive|papagaio69 has 120 seconds left.\n|\n|t:|1781408003\n|switch|p1a: Terapagos|Terapagos, L77, M|265/265\n|-activate|p1a: Terapagos|ability: Tera Shift\n|detailschange|p1a: Terapagos|Terapagos-Terastal, L77, M\n|-heal|p1a: Terapagos|273/273|[silent]\n|turn|14\n|\n|t:|1781408016\n|switch|p2a: Munkidori|Munkidori, L79, M|269/269\n|move|p1a: Terapagos|Calm Mind|p1a: Terapagos\n|-boost|p1a: Terapagos|spa|1\n|-boost|p1a: Terapagos|spd|1\n|\n|-weather|SunnyDay|[upkeep]\n|upkeep\n|turn|15\n|\n|t:|1781408019\n|move|p2a: Munkidori|Nasty Plot|p2a: Munkidori\n|-boost|p2a: Munkidori|spa|2\n|move|p1a: Terapagos|Calm Mind|p1a: Terapagos\n|-boost|p1a: Terapagos|spa|1\n|-boost|p1a: Terapagos|spd|1\n|\n|-weather|SunnyDay|[upkeep]\n|upkeep\n|turn|16\n|inactive|papagaio69 has 120 seconds left.\n|\n|t:|1781408033\n|move|p2a: Munkidori|Sludge Wave|p1a: Terapagos\n|-activate|p1a: Terapagos|ability: Tera Shell\n|-resisted|p1a: Terapagos\n|-damage|p1a: Terapagos|211/273\n|-status|p1a: Terapagos|tox|[from] ability: Toxic Chain|[of] p2a: Munkidori\n|-damage|p2a: Munkidori|243/269|[from] item: Life Orb\n|move|p1a: Terapagos|Calm Mind|p1a: Terapagos\n|-boost|p1a: Terapagos|spa|1\n|-boost|p1a: Terapagos|spd|1\n|\n|-weather|none\n|-damage|p1a: Terapagos|194/273 tox|[from] psn\n|upkeep\n|turn|17\n|\n|t:|1781408043\n|move|p2a: Munkidori|Focus Blast|p1a: Terapagos\n|-supereffective|p1a: Terapagos\n|-damage|p1a: Terapagos|0 fnt\n|faint|p1a: Terapagos\n|-damage|p2a: Munkidori|217/269|[from] item: Life Orb\n|\n|upkeep\n|\n|t:|1781408047\n|switch|p1a: Kyogre|Kyogre, L71|259/259\n|-weather|RainDance|[from] ability: Drizzle|[of] p1a: Kyogre\n|turn|18\n|\n|t:|1781408055\n|move|p1a: Kyogre|Water Spout|p2a: Munkidori\n|-damage|p2a: Munkidori|0 fnt\n|faint|p2a: Munkidori\n|\n|-weather|RainDance|[upkeep]\n|upkeep\n|\n|t:|1781408057\n|switch|p2a: Cryogonal|Cryogonal, L89|252/287\n|turn|19\n|\n|t:|1781408059\n|switch|p1a: Drifblim|Drifblim, L86, M|398/398\n|move|p2a: Cryogonal|Freeze-Dry|p1a: Drifblim\n|-supereffective|p1a: Drifblim\n|-damage|p1a: Drifblim|192/398\n|\n|-weather|RainDance|[upkeep]\n|upkeep\n|turn|20\n|\n|t:|1781408070\n|move|p2a: Cryogonal|Freeze-Dry|p1a: Drifblim\n|-supereffective|p1a: Drifblim\n|-damage|p1a: Drifblim|0 fnt\n|faint|p1a: Drifblim\n|\n|-weather|RainDance|[upkeep]\n|upkeep\n|\n|t:|1781408072\n|switch|p1a: Kyogre|Kyogre, L71|259/259\n|turn|21\n|\n|t:|1781408080\n|-terastallize|p1a: Kyogre|Water\n|move|p1a: Kyogre|Origin Pulse|p2a: Cryogonal\n|-damage|p2a: Cryogonal|92/287\n|move|p2a: Cryogonal|Freeze-Dry|p1a: Kyogre\n|-supereffective|p1a: Kyogre\n|-damage|p1a: Kyogre|127/259\n|\n|-weather|RainDance|[upkeep]\n|upkeep\n|turn|22\n|\n|t:|1781408092\n|switch|p2a: Groudon|Groudon, L72|263/263\n|-weather|SunnyDay|[from] ability: Drought|[of] p2a: Groudon\n|move|p1a: Kyogre|Origin Pulse|p2a: Groudon\n|-supereffective|p2a: Groudon\n|-damage|p2a: Groudon|87/263\n|\n|-weather|SunnyDay|[upkeep]\n|-heal|p2a: Groudon|103/263|[from] item: Leftovers\n|upkeep\n|turn|23\n|\n|t:|1781408097\n|move|p1a: Kyogre|Origin Pulse|p2a: Groudon\n|-supereffective|p2a: Groudon\n|-damage|p2a: Groudon|0 fnt\n|faint|p2a: Groudon\n|\n|-weather|SunnyDay|[upkeep]\n|upkeep\n|\n|t:|1781408099\n|switch|p2a: Cryogonal|Cryogonal, L89|92/287\n|turn|24\n|-message|papagaio69 forfeited.\n|\n|win|YOYILANG2\n", "uploadtime": 1781407696, "views": 4, "formatid": "gen9randombattle", "rating": null, "private": 0, "password": null}