{"id": "gen9randombattle-2631975909", "format": "[Gen 9] Random Battle", "players": ["smasher04", "good pork"], "log": "|j|\u2606smasher04\n|j|\u2606good pork\n|t:|1781461835\n|gametype|singles\n|player|p1|smasher04|twins-gen4|2091\n|player|p2|good pork|ghetsis-gen5bw|2130\n|gen|9\n|tier|[Gen 9] Random Battle\n|rated|\n|rule|Species Clause: Limit one of each Pok\u00e9mon\n|rule|HP Percentage Mod: HP is shown in percentages\n|rule|Sleep Clause Mod: Limit one foe put to sleep\n|rule|Illusion Level Mod: Illusion disguises the Pok\u00e9mon's true level\n|\n|t:|1781461835\n|teamsize|p1|6\n|teamsize|p2|6\n|start\n|switch|p1a: Toxapex|Toxapex, L82, F|216/216\n|switch|p2a: Breloom|Breloom, L83, M|235/235\n|turn|1\n|\n|t:|1781461858\n|switch|p1a: Arbok|Arbok, L87, F|246/246\n|-ability|p1a: Arbok|Intimidate|boost\n|-unboost|p2a: Breloom|atk|1\n|move|p2a: Breloom|Bullet Seed|p1a: Arbok\n|-resisted|p1a: Arbok\n|-damage|p1a: Arbok|223/246\n|-resisted|p1a: Arbok\n|-damage|p1a: Arbok|200/246\n|-resisted|p1a: Arbok\n|-damage|p1a: Arbok|178/246\n|-hitcount|p1a: Arbok|3\n|-damage|p2a: Breloom|212/235|[from] item: Life Orb\n|\n|-heal|p1a: Arbok|193/246|[from] item: Leftovers\n|upkeep\n|turn|2\n|\n|t:|1781461869\n|switch|p2a: Stonjourner|Stonjourner, L91, M|330/330\n|move|p1a: Arbok|Gunk Shot|p2a: Stonjourner|[miss]\n|-miss|p1a: Arbok|p2a: Stonjourner\n|\n|-heal|p1a: Arbok|208/246|[from] item: Leftovers\n|upkeep\n|turn|3\n|\n|t:|1781461883\n|switch|p1a: Toxapex|Toxapex, L82, F|216/216\n|move|p2a: Stonjourner|Stealth Rock|p1a: Toxapex\n|-sidestart|p1: smasher04|move: Stealth Rock\n|\n|upkeep\n|turn|4\n|\n|t:|1781461887\n|move|p2a: Stonjourner|Earthquake|p1a: Toxapex\n|-supereffective|p1a: Toxapex\n|-damage|p1a: Toxapex|42/216\n|-damage|p2a: Stonjourner|297/330|[from] item: Life Orb\n|move|p1a: Toxapex|Toxic|p2a: Stonjourner\n|-status|p2a: Stonjourner|tox\n|\n|-damage|p2a: Stonjourner|277/330 tox|[from] psn\n|upkeep\n|turn|5\n|\n|t:|1781461894\n|switch|p1a: Meowstic|Meowstic, L89, M|277/277\n|-damage|p1a: Meowstic|243/277|[from] Stealth Rock\n|move|p2a: Stonjourner|Heat Crash|p1a: Meowstic\n|-damage|p1a: Meowstic|84/277\n|-damage|p2a: Stonjourner|244/330 tox|[from] item: Life Orb\n|\n|-damage|p2a: Stonjourner|204/330 tox|[from] psn\n|upkeep\n|turn|6\n|\n|t:|1781461904\n|switch|p2a: Sunflora|Sunflora, M|312/312\n|move|p1a: Meowstic|Reflect|p1a: Meowstic\n|-sidestart|p1: smasher04|Reflect\n|\n|upkeep\n|turn|7\n|\n|t:|1781461913\n|move|p1a: Meowstic|Light Screen|p1a: Meowstic\n|-sidestart|p1: smasher04|move: Light Screen\n|move|p2a: Sunflora|Earth Power|p1a: Meowstic\n|-damage|p1a: Meowstic|17/277\n|-damage|p2a: Sunflora|281/312|[from] item: Life Orb\n|\n|upkeep\n|turn|8\n|\n|t:|1781461919\n|move|p1a: Meowstic|Psychic Noise|p2a: Sunflora\n|-damage|p2a: Sunflora|211/312\n|-start|p2a: Sunflora|move: Heal Block\n|move|p2a: Sunflora|Earth Power|p1a: Meowstic\n|-damage|p1a: Meowstic|0 fnt\n|faint|p1a: Meowstic\n|-damage|p2a: Sunflora|180/312|[from] item: Life Orb\n|\n|upkeep\n|\n|t:|1781461922\n|switch|p1a: Cinderace|Cinderace, L77, F|249/249\n|turn|9\n|\n|t:|1781461931\n|move|p1a: Cinderace|Pyro Ball|p2a: Sunflora\n|-supereffective|p2a: Sunflora\n|-damage|p2a: Sunflora|0 fnt\n|faint|p2a: Sunflora\n|\n|upkeep\n|\n|t:|1781461937\n|switch|p2a: Mamoswine|Mamoswine, L81, F|311/311\n|turn|10\n|\n|t:|1781461942\n|-terastallize|p1a: Cinderace|Fighting\n|move|p1a: Cinderace|High Jump Kick|p2a: Mamoswine\n|-supereffective|p2a: Mamoswine\n|-damage|p2a: Mamoswine|29/311\n|move|p2a: Mamoswine|Earthquake|p1a: Cinderace\n|-damage|p1a: Cinderace|138/249\n|\n|upkeep\n|turn|11\n|\n|t:|1781461955\n|move|p1a: Cinderace|Pyro Ball|p2a: Mamoswine\n|-supereffective|p2a: Mamoswine\n|-damage|p2a: Mamoswine|0 fnt\n|faint|p2a: Mamoswine\n|\n|upkeep\n|\n|t:|1781461957\n|switch|p2a: Cramorant|Cramorant, L86, F|261/261\n|turn|12\n|\n|t:|1781461960\n|move|p1a: Cinderace|U-turn|p2a: Cramorant\n|-resisted|p2a: Cramorant\n|-damage|p2a: Cramorant|231/261\n|\n|t:|1781461964\n|switch|p1a: Iron Jugulis|Iron Jugulis, L77|271/271|[from] U-turn\n|-damage|p1a: Iron Jugulis|204/271|[from] Stealth Rock\n|move|p2a: Cramorant|Brave Bird|p1a: Iron Jugulis\n|-damage|p1a: Iron Jugulis|135/271\n|-damage|p2a: Cramorant|208/261|[from] Recoil\n|\n|upkeep\n|turn|13\n|\n|t:|1781461974\n|switch|p2a: Terrakion|Terrakion, L79|273/273\n|move|p1a: Iron Jugulis|Dark Pulse|p2a: Terrakion\n|-resisted|p2a: Terrakion\n|-damage|p2a: Terrakion|206/273\n|-ability|p2a: Terrakion|Justified|boost\n|-boost|p2a: Terrakion|atk|1\n|\n|-sideend|p1: smasher04|Reflect\n|upkeep\n|turn|14\n|\n|t:|1781461981\n|-end|p1a: Iron Jugulis|Quark Drive|[silent]\n|switch|p1a: Arbok|Arbok, L87, F|208/246\n|-damage|p1a: Arbok|178/246|[from] Stealth Rock\n|-ability|p1a: Arbok|Intimidate|boost\n|-unboost|p2a: Terrakion|atk|1\n|move|p2a: Terrakion|Close Combat|p1a: Arbok\n|-resisted|p1a: Arbok\n|-damage|p1a: Arbok|49/246\n|-unboost|p2a: Terrakion|def|1\n|-unboost|p2a: Terrakion|spd|1\n|\n|-heal|p1a: Arbok|64/246|[from] item: Leftovers\n|-sideend|p1: smasher04|move: Light Screen\n|upkeep\n|turn|15\n|\n|t:|1781461985\n|move|p2a: Terrakion|Close Combat|p1a: Arbok\n|-resisted|p1a: Arbok\n|-damage|p1a: Arbok|0 fnt\n|-unboost|p2a: Terrakion|def|1\n|-unboost|p2a: Terrakion|spd|1\n|faint|p1a: Arbok\n|\n|upkeep\n|\n|t:|1781461988\n|switch|p1a: Cinderace|Cinderace, L77, F, tera:Fighting|138/249\n|turn|16\n|\n|t:|1781461996\n|switch|p2a: Breloom|Breloom, L83, M|212/235\n|move|p1a: Cinderace|U-turn|p2a: Breloom\n|-damage|p2a: Breloom|162/235\n|\n|t:|1781461999\n|switch|p1a: Iron Jugulis|Iron Jugulis, L77|135/271|[from] U-turn\n|-damage|p1a: Iron Jugulis|68/271|[from] Stealth Rock\n|\n|upkeep\n|turn|17\n|\n|t:|1781462003\n|move|p2a: Breloom|Mach Punch|p1a: Iron Jugulis\n|-damage|p1a: Iron Jugulis|0 fnt\n|faint|p1a: Iron Jugulis\n|-end|p1a: Iron Jugulis|Quark Drive|[silent]\n|-damage|p2a: Breloom|139/235|[from] item: Life Orb\n|\n|upkeep\n|\n|t:|1781462007\n|switch|p1a: Cinderace|Cinderace, L77, F, tera:Fighting|138/249\n|turn|18\n|\n|t:|1781462011\n|move|p2a: Breloom|Mach Punch|p1a: Cinderace\n|-damage|p1a: Cinderace|20/249\n|-damage|p2a: Breloom|116/235|[from] item: Life Orb\n|move|p1a: Cinderace|High Jump Kick|p2a: Breloom\n|-damage|p2a: Breloom|0 fnt\n|faint|p2a: Breloom\n|\n|upkeep\n|\n|t:|1781462019\n|switch|p2a: Cramorant|Cramorant, L86, F|208/261\n|turn|19\n|\n|t:|1781462028\n|move|p1a: Cinderace|U-turn|p2a: Cramorant\n|-resisted|p2a: Cramorant\n|-damage|p2a: Cramorant|176/261\n|\n|t:|1781462030\n|switch|p1a: Toxapex|Toxapex, L82, F|114/216|[from] U-turn\n|-damage|p1a: Toxapex|87/216|[from] Stealth Rock\n|move|p2a: Cramorant|Brave Bird|p1a: Toxapex\n|-damage|p1a: Toxapex|8/216\n|-damage|p2a: Cramorant|133/261|[from] item: Rocky Helmet|[of] p1a: Toxapex\n|-damage|p2a: Cramorant|107/261|[from] Recoil\n|\n|upkeep\n|turn|20\n|\n|t:|1781462035\n|move|p2a: Cramorant|Surf|p1a: Toxapex\n|-formechange|p2a: Cramorant|Cramorant-Gorging|\n|-resisted|p1a: Toxapex\n|-damage|p1a: Toxapex|0 fnt\n|faint|p1a: Toxapex\n|\n|upkeep\n|\n|t:|1781462036\n|switch|p1a: Snorlax|Snorlax, L82, M|397/397\n|-damage|p1a: Snorlax|348/397|[from] Stealth Rock\n|turn|21\n|\n|t:|1781462043\n|switch|p2a: Terrakion|Terrakion, L79|206/273\n|move|p1a: Snorlax|Curse|p1a: Snorlax\n|-unboost|p1a: Snorlax|spe|1\n|-boost|p1a: Snorlax|atk|1\n|-boost|p1a: Snorlax|def|1\n|\n|-heal|p1a: Snorlax|372/397|[from] item: Leftovers\n|upkeep\n|turn|22\n|\n|t:|1781462049\n|-terastallize|p2a: Terrakion|Fighting\n|move|p2a: Terrakion|Close Combat|p1a: Snorlax\n|-supereffective|p1a: Snorlax\n|-damage|p1a: Snorlax|0 fnt\n|-unboost|p2a: Terrakion|def|1\n|-unboost|p2a: Terrakion|spd|1\n|faint|p1a: Snorlax\n|\n|upkeep\n|c|\u2606good pork|Gg\n|\n|t:|1781462053\n|switch|p1a: Cinderace|Cinderace, L77, F, tera:Fighting|20/249\n|turn|23\n|\n|t:|1781462059\n|switch|p2a: Stonjourner|Stonjourner, L91, M|204/330 tox\n|move|p1a: Cinderace|High Jump Kick|p2a: Stonjourner\n|-supereffective|p2a: Stonjourner\n|-damage|p2a: Stonjourner|24/330 tox\n|\n|-damage|p2a: Stonjourner|4/330 tox|[from] psn\n|upkeep\n|turn|24\n|\n|t:|1781462063\n|move|p1a: Cinderace|U-turn|p2a: Stonjourner\n|-damage|p2a: Stonjourner|0 fnt\n|faint|p2a: Stonjourner\n|\n|upkeep\n|\n|t:|1781462066\n|switch|p2a: Terrakion|Terrakion, L79, tera:Fighting|206/273\n|turn|25\n|\n|t:|1781462068\n|move|p2a: Terrakion|Quick Attack|p1a: Cinderace\n|-damage|p1a: Cinderace|0 fnt\n|faint|p1a: Cinderace\n|\n|win|good pork\n", "uploadtime": 1781461836, "views": 3, "formatid": "gen9randombattle", "rating": null, "private": 0, "password": null}