{"id": "gen9randombattle-2631403187", "format": "[Gen 9] Random Battle", "players": ["bustardkeith", "sphealinalright"], "log": "|j|\u2606bustardkeith\n|j|\u2606sphealinalright\n|t:|1781380458\n|gametype|singles\n|player|p1|bustardkeith|1|1934\n|player|p2|sphealinalright|backers|1904\n|gen|9\n|tier|[Gen 9] Random Battle\n|rated|\n|rule|Species Clause: Limit one of each Pok\u00e9mon\n|rule|HP Percentage Mod: HP is shown in percentages\n|rule|Sleep Clause Mod: Limit one foe put to sleep\n|rule|Illusion Level Mod: Illusion disguises the Pok\u00e9mon's true level\n|\n|t:|1781380458\n|teamsize|p1|6\n|teamsize|p2|6\n|start\n|switch|p1a: Froslass|Froslass, L87, F|263/263\n|switch|p2a: Meowscarada|Meowscarada, L78, F|247/247\n|turn|1\n|\n|t:|1781380487\n|move|p1a: Froslass|Triple Axel|p2a: Meowscarada\n|-supereffective|p2a: Meowscarada\n|-damage|p2a: Meowscarada|197/247\n|-supereffective|p2a: Meowscarada\n|-damage|p2a: Meowscarada|89/247\n|-supereffective|p2a: Meowscarada\n|-damage|p2a: Meowscarada|0 fnt\n|faint|p2a: Meowscarada\n|-hitcount|p2: Meowscarada|3\n|\n|upkeep\n|\n|t:|1781380491\n|switch|p2a: Kleavor|Kleavor, L78, M|237/237\n|turn|2\n|\n|t:|1781380498\n|move|p1a: Froslass|Destiny Bond|p1a: Froslass\n|-singlemove|p1a: Froslass|Destiny Bond\n|move|p2a: Kleavor|Stone Axe|p1a: Froslass\n|-supereffective|p1a: Froslass\n|-damage|p1a: Froslass|15/263\n|-sidestart|p1: bustardkeith|move: Stealth Rock\n|\n|upkeep\n|turn|3\n|\n|t:|1781380507\n|move|p1a: Froslass|Poltergeist|p2a: Kleavor\n|-activate|p2a: Kleavor|move: Poltergeist|Heavy-Duty Boots\n|-damage|p2a: Kleavor|135/237\n|move|p2a: Kleavor|X-Scissor|p1a: Froslass\n|-resisted|p1a: Froslass\n|-damage|p1a: Froslass|0 fnt\n|faint|p1a: Froslass\n|\n|upkeep\n|\n|t:|1781380517\n|switch|p1a: Koraidon|Koraidon, L64|235/235\n|-damage|p1a: Koraidon|221/235|[from] Stealth Rock\n|-weather|SunnyDay|[from] ability: Orichalcum Pulse|[of] p1a: Koraidon\n|-activate|p1a: Koraidon|Orichalcum Pulse|[source]\n|turn|4\n|\n|t:|1781380528\n|move|p1a: Koraidon|Swords Dance|p1a: Koraidon\n|-boost|p1a: Koraidon|atk|2\n|move|p2a: Kleavor|X-Scissor|p1a: Koraidon\n|-resisted|p1a: Koraidon\n|-damage|p1a: Koraidon|143/235\n|\n|-weather|SunnyDay|[upkeep]\n|upkeep\n|turn|5\n|\n|t:|1781380534\n|switch|p2a: Diancie|Diancie, L82|216/216\n|move|p1a: Koraidon|Scale Shot|p2a: Diancie\n|-immune|p2a: Diancie\n|\n|-weather|SunnyDay|[upkeep]\n|upkeep\n|turn|6\n|\n|t:|1781380537\n|move|p1a: Koraidon|Collision Course|p2a: Diancie\n|-crit|p2a: Diancie\n|-damage|p2a: Diancie|0 fnt\n|faint|p2a: Diancie\n|\n|-weather|SunnyDay|[upkeep]\n|upkeep\n|\n|t:|1781380540\n|switch|p2a: Talonflame|Talonflame, L83, M|265/265\n|turn|7\n|\n|t:|1781380543\n|-terastallize|p1a: Koraidon|Fire\n|move|p2a: Talonflame|Brave Bird|p1a: Koraidon\n|-damage|p1a: Koraidon|34/235\n|-damage|p2a: Talonflame|229/265|[from] Recoil\n|move|p1a: Koraidon|Scale Shot|p2a: Talonflame\n|-damage|p2a: Talonflame|163/265\n|-damage|p2a: Talonflame|102/265\n|-damage|p2a: Talonflame|35/265\n|-damage|p2a: Talonflame|0 fnt\n|faint|p2a: Talonflame\n|-hitcount|p2: Talonflame|4\n|-unboost|p1a: Koraidon|def|1\n|-boost|p1a: Koraidon|spe|1\n|\n|-weather|SunnyDay|[upkeep]\n|upkeep\n|\n|t:|1781380560\n|switch|p2a: Appletun|Appletun, L92, M|352/352\n|turn|8\n|\n|t:|1781380567\n|move|p1a: Koraidon|Collision Course|p2a: Appletun\n|-damage|p2a: Appletun|150/352\n|move|p2a: Appletun|Dragon Tail|p1a: Koraidon\n|-damage|p1a: Koraidon|0 fnt\n|faint|p1a: Koraidon\n|\n|-weather|none\n|-heal|p2a: Appletun|172/352|[from] item: Leftovers\n|upkeep\n|\n|t:|1781380580\n|switch|p1a: Zarude|Zarude, L77|288/288\n|-damage|p1a: Zarude|252/288|[from] Stealth Rock\n|turn|9\n|\n|t:|1781380594\n|move|p1a: Zarude|Swords Dance|p1a: Zarude\n|-boost|p1a: Zarude|atk|2\n|move|p2a: Appletun|Dragon Tail|p1a: Zarude\n|-damage|p1a: Zarude|183/288\n|drag|p1a: Houndstone|Houndstone, L86, M|264/264\n|-damage|p1a: Houndstone|231/264|[from] Stealth Rock\n|\n|-heal|p1a: Houndstone|247/264|[from] item: Leftovers\n|-heal|p2a: Appletun|194/352|[from] item: Leftovers\n|upkeep\n|turn|10\n|\n|t:|1781380599\n|move|p1a: Houndstone|Poltergeist|p2a: Appletun\n|-activate|p2a: Appletun|move: Poltergeist|Leftovers\n|-damage|p2a: Appletun|73/352\n|move|p2a: Appletun|Apple Acid|p1a: Houndstone\n|-damage|p1a: Houndstone|148/264\n|-unboost|p1a: Houndstone|spd|1\n|\n|-heal|p1a: Houndstone|164/264|[from] item: Leftovers\n|-heal|p2a: Appletun|95/352|[from] item: Leftovers\n|upkeep\n|turn|11\n|\n|t:|1781380617\n|move|p1a: Houndstone|Poltergeist|p2a: Appletun\n|-activate|p2a: Appletun|move: Poltergeist|Leftovers\n|-damage|p2a: Appletun|0 fnt\n|faint|p2a: Appletun\n|\n|-heal|p1a: Houndstone|180/264|[from] item: Leftovers\n|upkeep\n|\n|t:|1781380629\n|switch|p2a: Kleavor|Kleavor, L78, M|135/237\n|turn|12\n|\n|t:|1781380641\n|move|p2a: Kleavor|Stone Axe|p1a: Houndstone\n|-damage|p1a: Houndstone|125/264\n|move|p1a: Houndstone|Poltergeist|p2a: Kleavor\n|-activate|p2a: Kleavor|move: Poltergeist|Heavy-Duty Boots\n|-damage|p2a: Kleavor|9/237\n|\n|-heal|p1a: Houndstone|141/264|[from] item: Leftovers\n|upkeep\n|turn|13\n|\n|t:|1781380646\n|move|p1a: Houndstone|Shadow Sneak|p2a: Kleavor\n|-damage|p2a: Kleavor|0 fnt\n|faint|p2a: Kleavor\n|\n|-heal|p1a: Houndstone|157/264|[from] item: Leftovers\n|upkeep\n|\n|t:|1781380647\n|switch|p2a: Mew|Mew, L82|298/298\n|turn|14\n|\n|t:|1781380650\n|move|p2a: Mew|Psychic|p1a: Houndstone\n|-damage|p1a: Houndstone|28/264\n|move|p1a: Houndstone|Poltergeist|p2a: Mew\n|-activate|p2a: Mew|move: Poltergeist|Leftovers\n|-supereffective|p2a: Mew\n|-damage|p2a: Mew|68/298\n|\n|-heal|p2a: Mew|86/298|[from] item: Leftovers\n|-heal|p1a: Houndstone|44/264|[from] item: Leftovers\n|upkeep\n|turn|15\n|\n|t:|1781380653\n|move|p1a: Houndstone|Shadow Sneak|p2a: Mew\n|-supereffective|p2a: Mew\n|-damage|p2a: Mew|2/298\n|move|p2a: Mew|Psychic|p1a: Houndstone\n|-damage|p1a: Houndstone|0 fnt\n|faint|p1a: Houndstone\n|\n|-heal|p2a: Mew|20/298|[from] item: Leftovers\n|upkeep\n|\n|t:|1781380658\n|switch|p1a: Gouging Fire|Gouging Fire, L74|277/277\n|turn|16\n|\n|t:|1781380661\n|move|p2a: Mew|Psychic|p1a: Gouging Fire\n|-damage|p1a: Gouging Fire|171/277\n|move|p1a: Gouging Fire|Dragon Dance|p1a: Gouging Fire\n|-boost|p1a: Gouging Fire|atk|1\n|-boost|p1a: Gouging Fire|spe|1\n|\n|-heal|p2a: Mew|38/298|[from] item: Leftovers\n|upkeep\n|turn|17\n|\n|t:|1781380664\n|move|p1a: Gouging Fire|Heat Crash|p2a: Mew\n|-damage|p2a: Mew|0 fnt\n|faint|p2a: Mew\n|\n|win|bustardkeith\n|raw|bustardkeith's rating: 1934 &rarr; <strong>1952</strong><br />(+18 for winning)\n|raw|sphealinalright's rating: 1904 &rarr; <strong>1886</strong><br />(-18 for losing)\n", "uploadtime": 1781380460, "views": 8, "formatid": "gen9randombattle", "rating": 1886, "private": 0, "password": null}