{"id": "gen9randombattle-2631609482", "format": "[Gen 9] Random Battle", "players": ["C4rlostine", "Carlos040705"], "log": "|j|\u2606C4rlostine\n|j|\u2606Carlos040705\n|t:|1781408349\n|gametype|singles\n|player|p1|C4rlostine|mars|\n|player|p2|Carlos040705|steven|\n|gen|9\n|tier|[Gen 9] Random Battle\n|rule|Species Clause: Limit one of each Pok\u00e9mon\n|rule|HP Percentage Mod: HP is shown in percentages\n|rule|Sleep Clause Mod: Limit one foe put to sleep\n|rule|Illusion Level Mod: Illusion disguises the Pok\u00e9mon's true level\n|\n|t:|1781408349\n|teamsize|p1|6\n|teamsize|p2|6\n|start\n|switch|p1a: Vikavolt|Vikavolt, L83, F|263/263\n|switch|p2a: Morpeko|Morpeko, L88, M|245/245\n|turn|1\n|\n|t:|1781408360\n|move|p2a: Morpeko|Parting Shot|p1a: Vikavolt\n|-unboost|p1a: Vikavolt|atk|1\n|-unboost|p1a: Vikavolt|spa|1\n|\n|t:|1781408373\n|switch|p2a: Solgaleo|Solgaleo, L74|325/325|[from] Parting Shot\n|move|p1a: Vikavolt|Sticky Web|p2a: Solgaleo\n|-sidestart|p2: Carlos040705|move: Sticky Web\n|\n|upkeep\n|turn|2\n|\n|t:|1781408414\n|switch|p1a: Jumpluff|Jumpluff, L87, M|271/271\n|move|p2a: Solgaleo|Flame Charge|p1a: Jumpluff\n|-supereffective|p1a: Jumpluff\n|-damage|p1a: Jumpluff|191/271\n|-boost|p2a: Solgaleo|spe|1\n|\n|upkeep\n|turn|3\n|\n|t:|1781408439\n|move|p2a: Solgaleo|Knock Off|p1a: Jumpluff\n|-damage|p1a: Jumpluff|135/271\n|move|p1a: Jumpluff|Strength Sap|p2a: Solgaleo\n|-fail|p2a: Solgaleo|unboost|[from] ability: Full Metal Body|[of] p2a: Solgaleo\n|-heal|p1a: Jumpluff|271/271\n|\n|upkeep\n|turn|4\n|\n|t:|1781408450\n|move|p2a: Solgaleo|Flame Charge|p1a: Jumpluff\n|-supereffective|p1a: Jumpluff\n|-damage|p1a: Jumpluff|191/271\n|-boost|p2a: Solgaleo|spe|1\n|move|p1a: Jumpluff|Leech Seed|p2a: Solgaleo\n|-start|p2a: Solgaleo|move: Leech Seed\n|\n|-damage|p2a: Solgaleo|285/325|[from] Leech Seed|[of] p1a: Jumpluff\n|-heal|p1a: Jumpluff|231/271|[silent]\n|upkeep\n|turn|5\n|\n|t:|1781408460\n|move|p2a: Solgaleo|Sunsteel Strike|p1a: Jumpluff\n|-damage|p1a: Jumpluff|111/271\n|move|p1a: Jumpluff|Strength Sap|p2a: Solgaleo\n|-fail|p2a: Solgaleo|unboost|[from] ability: Full Metal Body|[of] p2a: Solgaleo\n|-heal|p1a: Jumpluff|271/271\n|\n|-damage|p2a: Solgaleo|245/325|[from] Leech Seed|[of] p1a: Jumpluff\n|upkeep\n|turn|6\n|\n|t:|1781408475\n|switch|p2a: Toucannon|Toucannon, L88, F|284/284\n|move|p1a: Jumpluff|Substitute|p1a: Jumpluff\n|-start|p1a: Jumpluff|Substitute\n|-damage|p1a: Jumpluff|204/271\n|\n|upkeep\n|turn|7\n|\n|t:|1781408482\n|move|p1a: Jumpluff|Leech Seed|p2a: Toucannon\n|-start|p2a: Toucannon|move: Leech Seed\n|move|p2a: Toucannon|Boomburst|p1a: Jumpluff\n|-damage|p1a: Jumpluff|89/271\n|\n|-damage|p2a: Toucannon|249/284|[from] Leech Seed|[of] p1a: Jumpluff\n|-heal|p1a: Jumpluff|124/271|[silent]\n|upkeep\n|turn|8\n|\n|t:|1781408501\n|move|p1a: Jumpluff|Strength Sap|p2a: Toucannon\n|-unboost|p2a: Toucannon|atk|1\n|-heal|p1a: Jumpluff|271/271\n|move|p2a: Toucannon|Boomburst|p1a: Jumpluff\n|-crit|p1a: Jumpluff\n|-damage|p1a: Jumpluff|99/271\n|\n|-damage|p2a: Toucannon|214/284|[from] Leech Seed|[of] p1a: Jumpluff\n|-heal|p1a: Jumpluff|134/271|[silent]\n|upkeep\n|turn|9\n|\n|t:|1781408541\n|-terastallize|p1a: Jumpluff|Steel\n|-singleturn|p2a: Toucannon|move: Beak Blast\n|move|p1a: Jumpluff|Strength Sap|p2a: Toucannon\n|-unboost|p2a: Toucannon|atk|1\n|-heal|p1a: Jumpluff|271/271\n|move|p2a: Toucannon|Beak Blast|p1a: Jumpluff\n|-resisted|p1a: Jumpluff\n|-activate|p1a: Jumpluff|move: Substitute|[damage]\n|\n|-damage|p2a: Toucannon|179/284|[from] Leech Seed|[of] p1a: Jumpluff\n|upkeep\n|turn|10\n|\n|t:|1781408557\n|move|p1a: Jumpluff|Acrobatics|p2a: Toucannon\n|-damage|p2a: Toucannon|91/284\n|move|p2a: Toucannon|Roost|p2a: Toucannon\n|-heal|p2a: Toucannon|233/284\n|-singleturn|p2a: Toucannon|move: Roost\n|\n|-damage|p2a: Toucannon|198/284|[from] Leech Seed|[of] p1a: Jumpluff\n|upkeep\n|turn|11\n|\n|t:|1781408567\n|switch|p2a: Morpeko|Morpeko, L88, M|245/245\n|move|p1a: Jumpluff|Acrobatics|p2a: Morpeko\n|-resisted|p2a: Morpeko\n|-damage|p2a: Morpeko|191/245\n|\n|-formechange|p2a: Morpeko|Morpeko-Hangry||[from] ability: Hunger Switch\n|upkeep\n|turn|12\n|\n|t:|1781408581\n|move|p1a: Jumpluff|Leech Seed|p2a: Morpeko\n|-start|p2a: Morpeko|move: Leech Seed\n|move|p2a: Morpeko|Rapid Spin|p1a: Jumpluff\n|-resisted|p1a: Jumpluff\n|-activate|p1a: Jumpluff|move: Substitute|[damage]\n|-end|p2a: Morpeko|Leech Seed|[from] move: Rapid Spin|[of] p2a: Morpeko\n|-sideend|p2: Carlos040705|Sticky Web|[from] move: Rapid Spin|[of] p2a: Morpeko\n|-boost|p2a: Morpeko|spe|1\n|\n|-formechange|p2a: Morpeko|Morpeko||[from] ability: Hunger Switch\n|upkeep\n|turn|13\n|\n|t:|1781408605\n|move|p2a: Morpeko|Aura Wheel|p1a: Jumpluff\n|-end|p1a: Jumpluff|Substitute\n|-boost|p2a: Morpeko|spe|1\n|move|p1a: Jumpluff|Leech Seed|p2a: Morpeko\n|-start|p2a: Morpeko|move: Leech Seed\n|\n|-damage|p2a: Morpeko|161/245|[from] Leech Seed|[of] p1a: Jumpluff\n|-formechange|p2a: Morpeko|Morpeko-Hangry||[from] ability: Hunger Switch\n|upkeep\n|turn|14\n|\n|t:|1781408618\n|move|p2a: Morpeko|Aura Wheel|p1a: Jumpluff\n|-damage|p1a: Jumpluff|124/271\n|-boost|p2a: Morpeko|spe|1\n|move|p1a: Jumpluff|Strength Sap|p2a: Morpeko\n|-unboost|p2a: Morpeko|atk|1\n|-heal|p1a: Jumpluff|271/271\n|\n|-damage|p2a: Morpeko|131/245|[from] Leech Seed|[of] p1a: Jumpluff\n|-formechange|p2a: Morpeko|Morpeko||[from] ability: Hunger Switch\n|upkeep\n|turn|15\n|\n|t:|1781408631\n|move|p2a: Morpeko|Rapid Spin|p1a: Jumpluff\n|-resisted|p1a: Jumpluff\n|-damage|p1a: Jumpluff|258/271\n|-boost|p2a: Morpeko|spe|1\n|-end|p2a: Morpeko|Leech Seed|[from] move: Rapid Spin|[of] p2a: Morpeko\n|move|p1a: Jumpluff|Substitute|p1a: Jumpluff\n|-start|p1a: Jumpluff|Substitute\n|-damage|p1a: Jumpluff|191/271\n|\n|-formechange|p2a: Morpeko|Morpeko-Hangry||[from] ability: Hunger Switch\n|upkeep\n|turn|16\n|\n|t:|1781408641\n|move|p2a: Morpeko|Aura Wheel|p1a: Jumpluff\n|-end|p1a: Jumpluff|Substitute\n|-boost|p2a: Morpeko|spe|1\n|move|p1a: Jumpluff|Leech Seed|p2a: Morpeko\n|-start|p2a: Morpeko|move: Leech Seed\n|\n|-damage|p2a: Morpeko|101/245|[from] Leech Seed|[of] p1a: Jumpluff\n|-heal|p1a: Jumpluff|221/271|[silent]\n|-formechange|p2a: Morpeko|Morpeko||[from] ability: Hunger Switch\n|upkeep\n|turn|17\n|\n|t:|1781408654\n|move|p2a: Morpeko|Rapid Spin|p1a: Jumpluff\n|-resisted|p1a: Jumpluff\n|-damage|p1a: Jumpluff|206/271\n|-boost|p2a: Morpeko|spe|1\n|-end|p2a: Morpeko|Leech Seed|[from] move: Rapid Spin|[of] p2a: Morpeko\n|move|p1a: Jumpluff|Strength Sap|p2a: Morpeko\n|-unboost|p2a: Morpeko|atk|1\n|-heal|p1a: Jumpluff|271/271\n|\n|-formechange|p2a: Morpeko|Morpeko-Hangry||[from] ability: Hunger Switch\n|upkeep\n|turn|18\n|\n|t:|1781408689\n|switch|p2a: Solgaleo|Solgaleo, L74|245/325\n|move|p1a: Jumpluff|Leech Seed|p2a: Solgaleo\n|-start|p2a: Solgaleo|move: Leech Seed\n|\n|-damage|p2a: Solgaleo|205/325|[from] Leech Seed|[of] p1a: Jumpluff\n|upkeep\n|turn|19\n|\n|t:|1781408697\n|-terastallize|p2a: Solgaleo|Ground\n|move|p1a: Jumpluff|Substitute|p1a: Jumpluff\n|-start|p1a: Jumpluff|Substitute\n|-damage|p1a: Jumpluff|204/271\n|move|p2a: Solgaleo|Earthquake|p1a: Jumpluff\n|-supereffective|p1a: Jumpluff\n|-end|p1a: Jumpluff|Substitute\n|\n|-damage|p2a: Solgaleo|165/325|[from] Leech Seed|[of] p1a: Jumpluff\n|-heal|p1a: Jumpluff|244/271|[silent]\n|upkeep\n|turn|20\n|\n|t:|1781408712\n|move|p1a: Jumpluff|Substitute|p1a: Jumpluff\n|-start|p1a: Jumpluff|Substitute\n|-damage|p1a: Jumpluff|177/271\n|move|p2a: Solgaleo|Flame Charge|p1a: Jumpluff\n|-supereffective|p1a: Jumpluff\n|-end|p1a: Jumpluff|Substitute\n|-boost|p2a: Solgaleo|spe|1\n|\n|-damage|p2a: Solgaleo|125/325|[from] Leech Seed|[of] p1a: Jumpluff\n|-heal|p1a: Jumpluff|217/271|[silent]\n|upkeep\n|turn|21\n|\n|t:|1781408725\n|move|p2a: Solgaleo|Flame Charge|p1a: Jumpluff\n|-supereffective|p1a: Jumpluff\n|-damage|p1a: Jumpluff|137/271\n|-boost|p2a: Solgaleo|spe|1\n|move|p1a: Jumpluff|Strength Sap|p2a: Solgaleo\n|-fail|p2a: Solgaleo|unboost|[from] ability: Full Metal Body|[of] p2a: Solgaleo\n|-heal|p1a: Jumpluff|271/271\n|\n|-damage|p2a: Solgaleo|85/325|[from] Leech Seed|[of] p1a: Jumpluff\n|upkeep\n|turn|22\n|\n|t:|1781408738\n|move|p2a: Solgaleo|Earthquake|p1a: Jumpluff\n|-supereffective|p1a: Jumpluff\n|-damage|p1a: Jumpluff|19/271\n|move|p1a: Jumpluff|Acrobatics|p2a: Solgaleo\n|-damage|p2a: Solgaleo|4/325\n|\n|-damage|p2a: Solgaleo|0 fnt|[from] Leech Seed|[of] p1a: Jumpluff\n|-heal|p1a: Jumpluff|23/271|[silent]\n|faint|p2a: Solgaleo\n|upkeep\n|\n|t:|1781408754\n|switch|p2a: Morpeko|Morpeko, L88, M|101/245\n|turn|23\n|\n|t:|1781408758\n|move|p1a: Jumpluff|Strength Sap|p2a: Morpeko\n|-unboost|p2a: Morpeko|atk|1\n|-heal|p1a: Jumpluff|240/271\n|move|p2a: Morpeko|Aura Wheel|p1a: Jumpluff\n|-damage|p1a: Jumpluff|149/271\n|-boost|p2a: Morpeko|spe|1\n|\n|-formechange|p2a: Morpeko|Morpeko-Hangry||[from] ability: Hunger Switch\n|upkeep\n|turn|24\n|\n|t:|1781408778\n|switch|p2a: Oranguru|Oranguru, L92, F|315/315\n|move|p1a: Jumpluff|Strength Sap|p2a: Oranguru\n|-unboost|p2a: Oranguru|atk|1\n|-heal|p1a: Jumpluff|264/271\n|\n|upkeep\n|turn|25\n|\n|t:|1781408789\n|move|p1a: Jumpluff|Leech Seed|p2a: Oranguru\n|-start|p2a: Oranguru|move: Leech Seed\n|move|p2a: Oranguru|Nasty Plot|p2a: Oranguru\n|-boost|p2a: Oranguru|spa|2\n|\n|-damage|p2a: Oranguru|276/315|[from] Leech Seed|[of] p1a: Jumpluff\n|-heal|p1a: Jumpluff|271/271|[silent]\n|upkeep\n|turn|26\n|\n|t:|1781408798\n|move|p1a: Jumpluff|Substitute|p1a: Jumpluff\n|-start|p1a: Jumpluff|Substitute\n|-damage|p1a: Jumpluff|204/271\n|move|p2a: Oranguru|Focus Blast|p1a: Jumpluff|[miss]\n|-miss|p2a: Oranguru|p1a: Jumpluff\n|\n|-damage|p2a: Oranguru|237/315|[from] Leech Seed|[of] p1a: Jumpluff\n|-heal|p1a: Jumpluff|243/271|[silent]\n|upkeep\n|turn|27\n|\n|t:|1781408809\n|move|p1a: Jumpluff|Acrobatics|p2a: Oranguru\n|-damage|p2a: Oranguru|156/315\n|move|p2a: Oranguru|Focus Blast|p1a: Jumpluff|[miss]\n|-miss|p2a: Oranguru|p1a: Jumpluff\n|\n|-damage|p2a: Oranguru|117/315|[from] Leech Seed|[of] p1a: Jumpluff\n|-heal|p1a: Jumpluff|271/271|[silent]\n|upkeep\n|turn|28\n|-message|Carlos040705 forfeited.\n|\n|win|C4rlostine\n|l|\u2606Carlos040705\n|player|p2|\n", "uploadtime": 1781408826, "views": 10, "formatid": "gen9randombattle", "rating": null, "private": 0, "password": null}