{"id": "gen9randombattle-2631754714", "format": "[Gen 9] Random Battle", "players": ["keskejfoula", "Admuzensky"], "log": "|j|\u203dkeskejfoula\n|j|\u2606Admuzensky\n|t:|1781434342\n|gametype|singles\n|player|p1|keskejfoula|avery|1798\n|player|p2|Admuzensky|caitlin|1835\n|gen|9\n|tier|[Gen 9] Random Battle\n|rated|\n|rule|Species Clause: Limit one of each Pok\u00e9mon\n|rule|HP Percentage Mod: HP is shown in percentages\n|rule|Sleep Clause Mod: Limit one foe put to sleep\n|rule|Illusion Level Mod: Illusion disguises the Pok\u00e9mon's true level\n|\n|t:|1781434342\n|teamsize|p1|6\n|teamsize|p2|6\n|start\n|switch|p1a: Phione|Phione, L91|293/293\n|switch|p2a: Forretress|Forretress, L84, M|263/263\n|turn|1\n|inactive|Battle timer is ON: inactive players will automatically lose when time's up. (requested by Admuzensky)\n|\n|t:|1781434370\n|switch|p1a: Vikavolt|Vikavolt, L83, M|263/263\n|move|p2a: Forretress|Stealth Rock|p1a: Vikavolt\n|-sidestart|p1: keskejfoula|move: Stealth Rock\n|\n|upkeep\n|turn|2\n|\n|t:|1781434376\n|move|p1a: Vikavolt|Thunderbolt|p2a: Forretress\n|-damage|p2a: Forretress|79/263\n|move|p2a: Forretress|Spikes|p1a: Vikavolt\n|-sidestart|p1: keskejfoula|Spikes\n|\n|-heal|p2a: Forretress|95/263|[from] item: Leftovers\n|upkeep\n|turn|3\n|\n|t:|1781434382\n|switch|p2a: Palossand|Palossand, L89, F|296/296\n|move|p1a: Vikavolt|Thunderbolt|p2a: Palossand\n|-immune|p2a: Palossand\n|\n|upkeep\n|turn|4\n|\n|t:|1781434388\n|move|p1a: Vikavolt|Sticky Web|p2a: Palossand\n|-sidestart|p2: Admuzensky|move: Sticky Web\n|move|p2a: Palossand|Sludge Bomb|p1a: Vikavolt\n|-damage|p1a: Vikavolt|186/263\n|\n|upkeep\n|turn|5\n|\n|t:|1781434401\n|switch|p1a: Vespiquen|Vespiquen, L99, F|299/299\n|-ability|p1a: Vespiquen|Pressure\n|move|p2a: Palossand|Shadow Ball|p1a: Vespiquen\n|-damage|p1a: Vespiquen|230/299\n|\n|upkeep\n|turn|6\n|\n|t:|1781434410\n|move|p1a: Vespiquen|Toxic|p2a: Palossand|[miss]\n|-miss|p1a: Vespiquen|p2a: Palossand\n|move|p2a: Palossand|Sludge Bomb|p1a: Vespiquen\n|-damage|p1a: Vespiquen|177/299\n|\n|upkeep\n|turn|7\n|\n|t:|1781434419\n|move|p1a: Vespiquen|Roost|p1a: Vespiquen\n|-heal|p1a: Vespiquen|299/299\n|-singleturn|p1a: Vespiquen|move: Roost\n|move|p2a: Palossand|Sludge Bomb|p1a: Vespiquen\n|-damage|p1a: Vespiquen|241/299\n|-status|p1a: Vespiquen|psn\n|\n|-damage|p1a: Vespiquen|204/299 psn|[from] psn\n|upkeep\n|turn|8\n|\n|t:|1781434429\n|switch|p2a: Forretress|Forretress, L84, M|95/263\n|-activate|p2a: Forretress|move: Sticky Web\n|-unboost|p2a: Forretress|spe|1\n|move|p1a: Vespiquen|Toxic|p2a: Forretress\n|-immune|p2a: Forretress\n|\n|-heal|p2a: Forretress|111/263|[from] item: Leftovers\n|-damage|p1a: Vespiquen|167/299 psn|[from] psn\n|upkeep\n|turn|9\n|\n|t:|1781434435\n|move|p1a: Vespiquen|Air Slash|p2a: Forretress\n|-damage|p2a: Forretress|0 fnt\n|faint|p2a: Forretress\n|\n|-damage|p1a: Vespiquen|130/299 psn|[from] psn\n|upkeep\n|\n|t:|1781434445\n|switch|p2a: Kingambit|Kingambit, L74, M|270/270\n|-activate|p2a: Kingambit|move: Sticky Web\n|-unboost|p2a: Kingambit|spe|1\n|-activate|p2a: Kingambit|ability: Supreme Overlord\n|-start|p2a: Kingambit|fallen1|[silent]\n|turn|10\n|\n|t:|1781434454\n|move|p1a: Vespiquen|U-turn|p2a: Kingambit\n|-damage|p2a: Kingambit|192/270\n|\n|t:|1781434458\n|switch|p1a: Tauros|Tauros-Paldea-Combat, L82, M|257/257|[from] U-turn\n|-damage|p1a: Tauros|241/257|[from] Stealth Rock\n|-damage|p1a: Tauros|209/257|[from] Spikes\n|-ability|p1a: Tauros|Intimidate|boost\n|-unboost|p2a: Kingambit|atk|1\n|move|p2a: Kingambit|Kowtow Cleave|p1a: Tauros\n|-resisted|p1a: Tauros\n|-damage|p1a: Tauros|177/257\n|\n|-heal|p2a: Kingambit|208/270|[from] item: Leftovers\n|upkeep\n|turn|11\n|\n|t:|1781434469\n|-end|p2a: Kingambit|fallen1|[silent]\n|switch|p2a: Palossand|Palossand, L89, F|296/296\n|-activate|p2a: Palossand|move: Sticky Web\n|-unboost|p2a: Palossand|spe|1\n|move|p1a: Tauros|Bulk Up|p1a: Tauros\n|-boost|p1a: Tauros|atk|1\n|-boost|p1a: Tauros|def|1\n|\n|upkeep\n|turn|12\n|\n|t:|1781434476\n|-terastallize|p1a: Tauros|Dark\n|move|p1a: Tauros|Throat Chop|p2a: Palossand\n|-supereffective|p2a: Palossand\n|-damage|p2a: Palossand|31/296\n|-start|p2a: Palossand|Throat Chop|[silent]\n|-damage|p1a: Tauros|152/257|[from] item: Life Orb\n|move|p2a: Palossand|Sludge Bomb|p1a: Tauros\n|-crit|p1a: Tauros\n|-damage|p1a: Tauros|10/257\n|-status|p1a: Tauros|psn\n|\n|-heal|p2a: Palossand|49/296|[from] item: Leftovers\n|-damage|p1a: Tauros|0 fnt|[from] psn\n|faint|p1a: Tauros\n|upkeep\n|\n|t:|1781434502\n|switch|p1a: Phione|Phione, L91|293/293\n|-damage|p1a: Phione|257/293|[from] Stealth Rock\n|-damage|p1a: Phione|221/293|[from] Spikes\n|turn|13\n|\n|t:|1781434511\n|move|p1a: Phione|Scald|p2a: Palossand\n|-supereffective|p2a: Palossand\n|-damage|p2a: Palossand|0 fnt\n|faint|p2a: Palossand\n|\n|-heal|p1a: Phione|239/293|[from] item: Leftovers\n|upkeep\n|\n|t:|1781434519\n|switch|p2a: Zangoose|Zangoose, L85, M|263/263\n|-activate|p2a: Zangoose|move: Sticky Web\n|-unboost|p2a: Zangoose|spe|1\n|turn|14\n|\n|t:|1781434524\n|move|p1a: Phione|Scald|p2a: Zangoose\n|-damage|p2a: Zangoose|155/263\n|-status|p2a: Zangoose|brn\n|move|p2a: Zangoose|Knock Off|p1a: Phione\n|-damage|p1a: Phione|197/293\n|-enditem|p1a: Phione|Leftovers|[from] move: Knock Off|[of] p2a: Zangoose\n|\n|-damage|p2a: Zangoose|139/263 brn|[from] brn\n|upkeep\n|turn|15\n|c|\u2606Admuzensky|:(\n|\n|t:|1781434537\n|move|p1a: Phione|Take Heart|p1a: Phione\n|-boost|p1a: Phione|spa|1\n|-boost|p1a: Phione|spd|1\n|move|p2a: Zangoose|Facade|p1a: Phione\n|-damage|p1a: Phione|26/293\n|\n|-damage|p2a: Zangoose|123/263 brn|[from] brn\n|upkeep\n|turn|16\n|\n|t:|1781434546\n|move|p1a: Phione|Rest|p1a: Phione\n|-status|p1a: Phione|slp|[from] move: Rest\n|-heal|p1a: Phione|293/293 slp|[silent]\n|move|p2a: Zangoose|Facade|p1a: Phione\n|-damage|p1a: Phione|107/293 slp\n|\n|-damage|p2a: Zangoose|107/263 brn|[from] brn\n|upkeep\n|turn|17\n|\n|t:|1781434553\n|cant|p1a: Phione|slp\n|move|p1a: Phione|Sleep Talk|p1a: Phione\n|move|p1a: Phione|Rest||[from] move: Sleep Talk|[still]\n|-fail|p1a: Phione\n|move|p2a: Zangoose|Facade|p1a: Phione\n|-damage|p1a: Phione|0 fnt\n|faint|p1a: Phione\n|\n|-damage|p2a: Zangoose|91/263 brn|[from] brn\n|upkeep\n|inactive|keskejfoula has 120 seconds left.\n|\n|t:|1781434594\n|switch|p1a: Vespiquen|Vespiquen, L99, F|130/299 psn\n|-ability|p1a: Vespiquen|Pressure\n|turn|18\n|\n|t:|1781434600\n|move|p1a: Vespiquen|U-turn|p2a: Zangoose\n|-damage|p2a: Zangoose|0 fnt\n|faint|p2a: Zangoose\n|\n|t:|1781434604\n|switch|p1a: Vikavolt|Vikavolt, L83, M|186/263|[from] U-turn\n|\n|upkeep\n|\n|t:|1781434611\n|switch|p2a: Zacian|Zacian, L69|241/241\n|-activate|p2a: Zacian|move: Sticky Web\n|-unboost|p2a: Zacian|spe|1\n|-ability|p2a: Zacian|Intrepid Sword|boost\n|-boost|p2a: Zacian|atk|1\n|turn|19\n|\n|t:|1781434626\n|move|p2a: Zacian|Play Rough|p1a: Vikavolt|[miss]\n|-miss|p2a: Zacian|p1a: Vikavolt\n|move|p1a: Vikavolt|Thunderbolt|p2a: Zacian\n|-damage|p2a: Zacian|111/241\n|\n|upkeep\n|turn|20\n|\n|t:|1781434634\n|move|p2a: Zacian|Play Rough|p1a: Vikavolt\n|-damage|p1a: Vikavolt|20/263\n|move|p1a: Vikavolt|Thunderbolt|p2a: Zacian\n|-damage|p2a: Zacian|0 fnt\n|faint|p2a: Zacian\n|\n|upkeep\n|\n|t:|1781434639\n|switch|p2a: Dewgong|Dewgong, L94, F|322/322\n|-activate|p2a: Dewgong|move: Sticky Web\n|-unboost|p2a: Dewgong|spe|1\n|turn|21\n|\n|t:|1781434645\n|-terastallize|p2a: Dewgong|Ground\n|move|p2a: Dewgong|Surf|p1a: Vikavolt\n|-damage|p1a: Vikavolt|0 fnt\n|faint|p1a: Vikavolt\n|\n|upkeep\n|\n|t:|1781434666\n|switch|p1a: Rillaboom|Rillaboom, L79, M|288/288\n|-damage|p1a: Rillaboom|252/288|[from] Stealth Rock\n|-damage|p1a: Rillaboom|216/288|[from] Spikes\n|-fieldstart|move: Grassy Terrain|[from] ability: Grassy Surge|[of] p1a: Rillaboom\n|turn|22\n|\n|t:|1781434673\n|move|p1a: Rillaboom|Wood Hammer|p2a: Dewgong\n|-supereffective|p2a: Dewgong\n|-damage|p2a: Dewgong|0 fnt\n|faint|p2a: Dewgong\n|-damage|p1a: Rillaboom|110/288|[from] Recoil\n|\n|-heal|p1a: Rillaboom|128/288|[from] Grassy Terrain\n|upkeep\n|\n|t:|1781434676\n|switch|p2a: Kingambit|Kingambit, L74, M|208/270\n|-activate|p2a: Kingambit|move: Sticky Web\n|-unboost|p2a: Kingambit|spe|1\n|-activate|p2a: Kingambit|ability: Supreme Overlord\n|-start|p2a: Kingambit|fallen5|[silent]\n|turn|23\n|\n|t:|1781434680\n|move|p1a: Rillaboom|Wood Hammer|p2a: Kingambit\n|-resisted|p2a: Kingambit\n|-damage|p2a: Kingambit|96/270\n|-damage|p1a: Rillaboom|91/288|[from] Recoil\n|move|p2a: Kingambit|Swords Dance|p2a: Kingambit\n|-boost|p2a: Kingambit|atk|2\n|\n|-heal|p1a: Rillaboom|109/288|[from] Grassy Terrain\n|-heal|p2a: Kingambit|112/270|[from] Grassy Terrain\n|-heal|p2a: Kingambit|128/270|[from] item: Leftovers\n|upkeep\n|turn|24\n|\n|t:|1781434688\n|switch|p1a: Vespiquen|Vespiquen, L99, F|130/299 psn\n|-ability|p1a: Vespiquen|Pressure\n|move|p2a: Kingambit|Sucker Punch||[still]\n|-fail|p2a: Kingambit\n|\n|-heal|p2a: Kingambit|144/270|[from] Grassy Terrain\n|-heal|p2a: Kingambit|160/270|[from] item: Leftovers\n|-damage|p1a: Vespiquen|93/299 psn|[from] psn\n|upkeep\n|turn|25\n|\n|t:|1781434695\n|move|p1a: Vespiquen|U-turn|p2a: Kingambit\n|-crit|p2a: Kingambit\n|-damage|p2a: Kingambit|33/270\n|\n|t:|1781434699\n|switch|p1a: Rillaboom|Rillaboom, L79, M|219/219|[from] U-turn\n|-damage|p1a: Rillaboom|192/219|[from] Stealth Rock\n|-damage|p1a: Rillaboom|165/219|[from] Spikes\n|move|p2a: Kingambit|Kowtow Cleave|p1a: Rillaboom\n|-supereffective|p1a: Rillaboom\n|-damage|p1a: Rillaboom|0 fnt\n|replace|p1a: Zoroark|Zoroark-Hisui, L80, M\n|-end|p1a: Zoroark|Illusion\n|-hint|Illusion Level Mod is active, so this Pok\u00e9mon's true level was hidden.\n|faint|p1a: Zoroark\n|\n|-heal|p2a: Kingambit|49/270|[from] Grassy Terrain\n|-heal|p2a: Kingambit|65/270|[from] item: Leftovers\n|upkeep\n|\n|t:|1781434709\n|switch|p1a: Rillaboom|Rillaboom, L79, M|109/288\n|-damage|p1a: Rillaboom|73/288|[from] Stealth Rock\n|-damage|p1a: Rillaboom|37/288|[from] Spikes\n|turn|26\n|\n|t:|1781434713\n|move|p1a: Rillaboom|Grassy Glide|p2a: Kingambit\n|-resisted|p2a: Kingambit\n|-damage|p2a: Kingambit|11/270\n|move|p2a: Kingambit|Sucker Punch||[still]\n|-fail|p2a: Kingambit\n|\n|-heal|p1a: Rillaboom|55/288|[from] Grassy Terrain\n|-heal|p2a: Kingambit|27/270|[from] Grassy Terrain\n|-heal|p2a: Kingambit|43/270|[from] item: Leftovers\n|-fieldend|move: Grassy Terrain\n|upkeep\n|turn|27\n|\n|t:|1781434720\n|move|p2a: Kingambit|Sucker Punch|p1a: Rillaboom\n|-damage|p1a: Rillaboom|0 fnt\n|faint|p1a: Rillaboom\n|\n|-heal|p2a: Kingambit|59/270|[from] item: Leftovers\n|upkeep\n|\n|t:|1781434731\n|switch|p1a: Vespiquen|Vespiquen, L99, F|93/299 psn\n|-ability|p1a: Vespiquen|Pressure\n|turn|28\n|\n|t:|1781434735\n|move|p2a: Kingambit|Sucker Punch||[still]\n|-fail|p2a: Kingambit\n|move|p1a: Vespiquen|Roost|p1a: Vespiquen\n|-heal|p1a: Vespiquen|243/299 psn\n|-singleturn|p1a: Vespiquen|move: Roost\n|\n|-heal|p2a: Kingambit|75/270|[from] item: Leftovers\n|-damage|p1a: Vespiquen|206/299 psn|[from] psn\n|upkeep\n|turn|29\n|\n|t:|1781434743\n|move|p2a: Kingambit|Sucker Punch|p1a: Vespiquen\n|-damage|p1a: Vespiquen|43/299 psn\n|move|p1a: Vespiquen|U-turn|p2a: Kingambit\n|-damage|p2a: Kingambit|0 fnt\n|faint|p2a: Kingambit\n|-end|p2a: Kingambit|fallen5|[silent]\n|\n|win|keskejfoula\n|raw|keskejfoula's rating: 1798 &rarr; <strong>1820</strong><br />(+22 for winning)\n|raw|Admuzensky's rating: 1835 &rarr; <strong>1813</strong><br />(-22 for losing)\n|l|\u2606Admuzensky\n|player|p2|\n", "uploadtime": 1781434754, "views": 3, "formatid": "gen9randombattle", "rating": 1813, "private": 0, "password": null}