{"id": "gen9randombattle-2631818233", "format": "[Gen 9] Random Battle", "players": ["Chrispy0ats", "fullbodyhakiman"], "log": "|j|\u2606Chrispy0ats\n|j|\u2606fullbodyhakiman\n|t:|1781444032\n|gametype|singles\n|player|p1|Chrispy0ats|1|1388\n|player|p2|fullbodyhakiman|169|1433\n|gen|9\n|tier|[Gen 9] Random Battle\n|rated|\n|rule|Species Clause: Limit one of each Pok\u00e9mon\n|rule|HP Percentage Mod: HP is shown in percentages\n|rule|Sleep Clause Mod: Limit one foe put to sleep\n|rule|Illusion Level Mod: Illusion disguises the Pok\u00e9mon's true level\n|\n|t:|1781444032\n|teamsize|p1|6\n|teamsize|p2|6\n|start\n|switch|p1a: Cacturne|Cacturne, L92, M|278/278\n|switch|p2a: Deoxys|Deoxys, L74|196/196\n|-ability|p2a: Deoxys|Pressure\n|turn|1\n|inactive|Battle timer is ON: inactive players will automatically lose when time's up. (requested by Chrispy0ats)\n|\n|t:|1781444052\n|move|p2a: Deoxys|Superpower|p1a: Cacturne\n|-supereffective|p1a: Cacturne\n|-damage|p1a: Cacturne|0 fnt\n|-unboost|p2a: Deoxys|atk|1\n|-unboost|p2a: Deoxys|def|1\n|faint|p1a: Cacturne\n|-damage|p2a: Deoxys|177/196|[from] item: Life Orb\n|\n|upkeep\n|\n|t:|1781444067\n|switch|p1a: Lokix|Lokix, L82, F|251/251\n|turn|2\n|\n|t:|1781444080\n|switch|p2a: Ninetales|Ninetales, L85, F|263/263\n|-weather|SunnyDay|[from] ability: Drought|[of] p2a: Ninetales\n|move|p1a: Lokix|First Impression|p2a: Ninetales\n|-resisted|p2a: Ninetales\n|-damage|p2a: Ninetales|145/263\n|\n|-weather|SunnyDay|[upkeep]\n|upkeep\n|turn|3\n|\n|t:|1781444095\n|move|p1a: Lokix|Sucker Punch||[still]\n|-fail|p1a: Lokix\n|move|p2a: Ninetales|Nasty Plot|p2a: Ninetales\n|-boost|p2a: Ninetales|spa|2\n|\n|-weather|SunnyDay|[upkeep]\n|upkeep\n|turn|4\n|\n|t:|1781444102\n|move|p1a: Lokix|Sucker Punch|p2a: Ninetales\n|-damage|p2a: Ninetales|64/263\n|move|p2a: Ninetales|Fire Blast|p1a: Lokix|[miss]\n|-miss|p2a: Ninetales|p1a: Lokix\n|\n|-weather|SunnyDay|[upkeep]\n|upkeep\n|turn|5\n|\n|t:|1781444126\n|move|p1a: Lokix|Sucker Punch||[still]\n|-fail|p1a: Lokix\n|move|p2a: Ninetales|Nasty Plot|p2a: Ninetales\n|-boost|p2a: Ninetales|spa|2\n|\n|-weather|SunnyDay|[upkeep]\n|upkeep\n|turn|6\n|\n|t:|1781444138\n|switch|p1a: Arcanine|Arcanine-Hisui, L79, F|279/279\n|move|p2a: Ninetales|Nasty Plot|p2a: Ninetales\n|-boost|p2a: Ninetales|spa|2\n|\n|-weather|none\n|upkeep\n|turn|7\n|\n|t:|1781444150\n|move|p2a: Ninetales|Scorching Sands|p1a: Arcanine\n|-supereffective|p1a: Arcanine\n|-damage|p1a: Arcanine|0 fnt\n|faint|p1a: Arcanine\n|\n|upkeep\n|\n|t:|1781444156\n|switch|p1a: Lokix|Lokix, L82, F|251/251\n|turn|8\n|\n|t:|1781444162\n|switch|p2a: Copperajah|Copperajah, L86, F|349/349\n|move|p1a: Lokix|First Impression|p2a: Copperajah\n|-resisted|p2a: Copperajah\n|-damage|p2a: Copperajah|223/349\n|\n|upkeep\n|turn|9\n|\n|t:|1781444169\n|move|p1a: Lokix|Knock Off|p2a: Copperajah\n|-damage|p2a: Copperajah|106/349\n|-enditem|p2a: Copperajah|Choice Band|[from] move: Knock Off|[of] p1a: Lokix\n|move|p2a: Copperajah|Heavy Slam|p1a: Lokix\n|-crit|p1a: Lokix\n|-damage|p1a: Lokix|0 fnt\n|faint|p1a: Lokix\n|\n|upkeep\n|\n|t:|1781444179\n|switch|p1a: Barraskewda|Barraskewda, L81, F|231/231\n|turn|10\n|\n|t:|1781444199\n|move|p1a: Barraskewda|Waterfall|p2a: Copperajah\n|-damage|p2a: Copperajah|0 fnt\n|faint|p2a: Copperajah\n|\n|upkeep\n|\n|t:|1781444208\n|switch|p2a: Rillaboom|Rillaboom, L79, F|288/288\n|-fieldstart|move: Grassy Terrain|[from] ability: Grassy Surge|[of] p2a: Rillaboom\n|turn|11\n|inactive|Chrispy0ats has 120 seconds left.\n|\n|t:|1781444235\n|switch|p1a: Oranguru|Oranguru, L92, M|315/315\n|move|p2a: Rillaboom|Swords Dance|p2a: Rillaboom\n|-boost|p2a: Rillaboom|atk|2\n|\n|upkeep\n|turn|12\n|inactive|Chrispy0ats has 120 seconds left.\n|\n|t:|1781444246\n|move|p2a: Rillaboom|Wood Hammer|p1a: Oranguru\n|-damage|p1a: Oranguru|0 fnt\n|faint|p1a: Oranguru\n|-damage|p2a: Rillaboom|184/288|[from] Recoil\n|-damage|p2a: Rillaboom|156/288|[from] item: Life Orb\n|\n|-heal|p2a: Rillaboom|174/288|[from] Grassy Terrain\n|upkeep\n|inactive|Chrispy0ats has 120 seconds left.\n|l|\u2606Chrispy0ats\n|inactive|Chrispy0ats disconnected and has a minute to reconnect!\n|player|p1|\n|j|\u2606Chrispy0ats\n|inactive|Chrispy0ats reconnected and has 105 seconds left.\n|player|p1|Chrispy0ats|1|\n|\n|t:|1781444272\n|switch|p1a: Barraskewda|Barraskewda, L81, F|231/231\n|turn|13\n|\n|t:|1781444278\n|move|p2a: Rillaboom|Grassy Glide|p1a: Barraskewda\n|-supereffective|p1a: Barraskewda\n|-damage|p1a: Barraskewda|0 fnt\n|faint|p1a: Barraskewda\n|-damage|p2a: Rillaboom|146/288|[from] item: Life Orb\n|\n|-heal|p2a: Rillaboom|164/288|[from] Grassy Terrain\n|upkeep\n|\n|t:|1781444286\n|switch|p1a: Palkia|Palkia-Origin, L72|249/249\n|-ability|p1a: Palkia|Pressure\n|turn|14\n|\n|t:|1781444293\n|move|p2a: Rillaboom|Grassy Glide|p1a: Palkia\n|-damage|p1a: Palkia|27/249\n|-damage|p2a: Rillaboom|136/288|[from] item: Life Orb\n|move|p1a: Palkia|Fire Blast|p2a: Rillaboom\n|-supereffective|p2a: Rillaboom\n|-damage|p2a: Rillaboom|0 fnt\n|faint|p2a: Rillaboom\n|\n|-heal|p1a: Palkia|42/249|[from] Grassy Terrain\n|upkeep\n|\n|t:|1781444300\n|switch|p2a: Deoxys|Deoxys, L74|177/196\n|-ability|p2a: Deoxys|Pressure\n|turn|15\n|inactive|Chrispy0ats has 120 seconds left.\n|\n|t:|1781444309\n|move|p2a: Deoxys|Superpower|p1a: Palkia\n|-damage|p1a: Palkia|0 fnt\n|-unboost|p2a: Deoxys|atk|1\n|-unboost|p2a: Deoxys|def|1\n|faint|p1a: Palkia\n|-damage|p2a: Deoxys|158/196|[from] item: Life Orb\n|\n|win|fullbodyhakiman\n|raw|Chrispy0ats's rating: 1388 &rarr; <strong>1371</strong><br />(-17 for losing)\n|raw|fullbodyhakiman's rating: 1433 &rarr; <strong>1450</strong><br />(+17 for winning)\n|l|\u2606Chrispy0ats\n|player|p1|\n", "uploadtime": 1781444318, "views": 3, "formatid": "gen9randombattle", "rating": 1371, "private": 0, "password": null}