{"id": "gen9randombattle-2631501948", "format": "[Gen 9] Random Battle", "players": ["moritzvb", "boxhero147"], "log": "|j|\u2606moritzvb\n|j|\u2606boxhero147\n|t:|1781393230\n|gametype|singles\n|player|p1|moritzvb|ariana|2111\n|player|p2|boxhero147|169|2128\n|gen|9\n|tier|[Gen 9] Random Battle\n|rated|\n|rule|Species Clause: Limit one of each Pok\u00e9mon\n|rule|HP Percentage Mod: HP is shown in percentages\n|rule|Sleep Clause Mod: Limit one foe put to sleep\n|rule|Illusion Level Mod: Illusion disguises the Pok\u00e9mon's true level\n|\n|t:|1781393230\n|teamsize|p1|6\n|teamsize|p2|6\n|start\n|switch|p1a: Baxcalibur|Baxcalibur, L75, F|295/295\n|switch|p2a: Garganacl|Garganacl, L80, M|291/291\n|turn|1\n|j| AlonsoRaw_\n|\n|t:|1781393241\n|switch|p1a: Kleavor|Kleavor, L78, M|237/237\n|move|p2a: Garganacl|Salt Cure|p1a: Kleavor\n|-supereffective|p1a: Kleavor\n|-damage|p1a: Kleavor|147/237\n|-start|p1a: Kleavor|Salt Cure\n|\n|-damage|p1a: Kleavor|118/237|[from] Salt Cure\n|upkeep\n|turn|2\n|\n|t:|1781393245\n|move|p2a: Garganacl|Protect|p2a: Garganacl\n|-singleturn|p2a: Garganacl|Protect\n|move|p1a: Kleavor|Stone Axe|p2a: Garganacl\n|-activate|p2a: Garganacl|move: Protect\n|\n|-damage|p1a: Kleavor|89/237|[from] Salt Cure\n|upkeep\n|turn|3\n|\n|t:|1781393256\n|move|p1a: Kleavor|Stone Axe|p2a: Garganacl|[miss]\n|-miss|p1a: Kleavor|p2a: Garganacl\n|move|p2a: Garganacl|Earthquake|p1a: Kleavor\n|-damage|p1a: Kleavor|19/237\n|\n|-damage|p1a: Kleavor|0 fnt|[from] Salt Cure\n|faint|p1a: Kleavor\n|upkeep\n|\n|t:|1781393259\n|switch|p1a: Ludicolo|Ludicolo, L90, F|290/290\n|turn|4\n|c|\u2606boxhero147|XD\n|\n|t:|1781393264\n|-terastallize|p2a: Garganacl|Ghost\n|move|p1a: Ludicolo|Hydro Pump|p2a: Garganacl\n|-damage|p2a: Garganacl|78/291\n|move|p2a: Garganacl|Salt Cure|p1a: Ludicolo\n|-damage|p1a: Ludicolo|247/290\n|-start|p1a: Ludicolo|Salt Cure\n|\n|-heal|p2a: Garganacl|96/291|[from] item: Leftovers\n|-damage|p1a: Ludicolo|175/290|[from] Salt Cure\n|upkeep\n|turn|5\n|\n|t:|1781393270\n|switch|p1a: Zangoose|Zangoose, L85, M|263/263\n|move|p2a: Garganacl|Protect||[still]\n|-fail|p2a: Garganacl\n|\n|-heal|p2a: Garganacl|114/291|[from] item: Leftovers\n|-status|p1a: Zangoose|tox|[from] item: Toxic Orb\n|upkeep\n|turn|6\n|\n|t:|1781393275\n|switch|p2a: Infernape|Infernape, L82, M|259/259\n|move|p1a: Zangoose|Knock Off|p2a: Infernape\n|-resisted|p2a: Infernape\n|-damage|p2a: Infernape|192/259\n|-enditem|p2a: Infernape|Life Orb|[from] move: Knock Off|[of] p1a: Zangoose\n|\n|-damage|p1a: Zangoose|247/263 tox|[from] psn\n|upkeep\n|turn|7\n|\n|t:|1781393282\n|switch|p1a: Altaria|Altaria, L89, F|278/278\n|move|p2a: Infernape|Close Combat|p1a: Altaria\n|-resisted|p1a: Altaria\n|-damage|p1a: Altaria|221/278\n|-unboost|p2a: Infernape|def|1\n|-unboost|p2a: Infernape|spd|1\n|\n|upkeep\n|turn|8\n|\n|t:|1781393286\n|switch|p2a: Dewgong|Dewgong, L94, F|322/322\n|move|p1a: Altaria|Dragon Dance|p1a: Altaria\n|-boost|p1a: Altaria|atk|1\n|-boost|p1a: Altaria|spe|1\n|\n|upkeep\n|turn|9\n|\n|t:|1781393293\n|switch|p1a: Diancie|Diancie, L82|216/216\n|move|p2a: Dewgong|Ice Beam|p1a: Diancie\n|-damage|p1a: Diancie|156/216\n|\n|-heal|p1a: Diancie|169/216|[from] item: Leftovers\n|upkeep\n|turn|10\n|\n|t:|1781393297\n|move|p2a: Dewgong|Surf|p1a: Diancie\n|-supereffective|p1a: Diancie\n|-damage|p1a: Diancie|41/216\n|move|p1a: Diancie|Diamond Storm|p2a: Dewgong\n|-supereffective|p2a: Dewgong\n|-damage|p2a: Dewgong|106/322\n|-boost|p1a: Diancie|def|2\n|\n|-heal|p1a: Diancie|54/216|[from] item: Leftovers\n|upkeep\n|turn|11\n|\n|t:|1781393302\n|move|p2a: Dewgong|Surf|p1a: Diancie\n|-supereffective|p1a: Diancie\n|-damage|p1a: Diancie|0 fnt\n|faint|p1a: Diancie\n|\n|upkeep\n|\n|t:|1781393307\n|switch|p1a: Zangoose|Zangoose, L85, M|247/263 tox\n|turn|12\n|\n|t:|1781393313\n|move|p1a: Zangoose|Facade|p2a: Dewgong\n|-damage|p2a: Dewgong|0 fnt\n|faint|p2a: Dewgong\n|\n|-damage|p1a: Zangoose|231/263 tox|[from] psn\n|upkeep\n|\n|t:|1781393316\n|switch|p2a: Chesnaught|Chesnaught, L84, M|285/285\n|turn|13\n|\n|t:|1781393320\n|switch|p1a: Altaria|Altaria, L89, F|221/278\n|move|p2a: Chesnaught|Knock Off|p1a: Altaria\n|-crit|p1a: Altaria\n|-damage|p1a: Altaria|124/278\n|-enditem|p1a: Altaria|Heavy-Duty Boots|[from] move: Knock Off|[of] p2a: Chesnaught\n|\n|upkeep\n|turn|14\n|\n|t:|1781393325\n|move|p1a: Altaria|Roost|p1a: Altaria\n|-heal|p1a: Altaria|263/278\n|-singleturn|p1a: Altaria|move: Roost\n|move|p2a: Chesnaught|Body Press|p1a: Altaria\n|-damage|p1a: Altaria|160/278\n|\n|upkeep\n|turn|15\n|\n|t:|1781393329\n|move|p1a: Altaria|Dragon Dance|p1a: Altaria\n|-boost|p1a: Altaria|atk|1\n|-boost|p1a: Altaria|spe|1\n|move|p2a: Chesnaught|Body Press|p1a: Altaria\n|-resisted|p1a: Altaria\n|-damage|p1a: Altaria|115/278\n|\n|upkeep\n|turn|16\n|\n|t:|1781393336\n|switch|p2a: Polteageist|Polteageist-Antique, L78|222/222\n|move|p1a: Altaria|Roost|p1a: Altaria\n|-heal|p1a: Altaria|254/278\n|-singleturn|p1a: Altaria|move: Roost\n|\n|upkeep\n|turn|17\n|\n|t:|1781393341\n|move|p1a: Altaria|Brave Bird|p2a: Polteageist\n|-damage|p2a: Polteageist|15/222\n|-start|p1a: Altaria|Disable|Brave Bird|[from] ability: Cursed Body|[of] p2a: Polteageist\n|-damage|p1a: Altaria|186/278|[from] Recoil\n|move|p2a: Polteageist|Shell Smash|p2a: Polteageist\n|-unboost|p2a: Polteageist|def|1\n|-unboost|p2a: Polteageist|spd|1\n|-boost|p2a: Polteageist|atk|2\n|-boost|p2a: Polteageist|spa|2\n|-boost|p2a: Polteageist|spe|2\n|-enditem|p2a: Polteageist|White Herb\n|-clearnegativeboost|p2a: Polteageist|[silent]\n|\n|upkeep\n|turn|18\n|\n|t:|1781393355\n|switch|p1a: Baxcalibur|Baxcalibur, L75, F|295/295\n|move|p2a: Polteageist|Shadow Ball|p1a: Baxcalibur\n|-damage|p1a: Baxcalibur|91/295\n|\n|upkeep\n|turn|19\n|\n|t:|1781393357\n|move|p1a: Baxcalibur|Ice Shard|p2a: Polteageist\n|-damage|p2a: Polteageist|0 fnt\n|-start|p1a: Baxcalibur|Disable|Ice Shard|[from] ability: Cursed Body|[of] p2a: Polteageist\n|faint|p2a: Polteageist\n|\n|upkeep\n|\n|t:|1781393361\n|switch|p2a: Infernape|Infernape, L82, M|192/259\n|turn|20\n|\n|t:|1781393366\n|move|p2a: Infernape|Swords Dance|p2a: Infernape\n|-boost|p2a: Infernape|atk|2\n|-activate|p1a: Baxcalibur|move: Struggle\n|move|p1a: Baxcalibur|Struggle|p2a: Infernape\n|-damage|p2a: Infernape|122/259\n|-damage|p1a: Baxcalibur|17/295|[from] recoil\n|\n|upkeep\n|turn|21\n|\n|t:|1781393373\n|move|p2a: Infernape|Knock Off|p1a: Baxcalibur\n|-damage|p1a: Baxcalibur|0 fnt\n|-enditem|p1a: Baxcalibur|Choice Band|[from] move: Knock Off|[of] p2a: Infernape\n|faint|p1a: Baxcalibur\n|\n|upkeep\n|\n|t:|1781393376\n|switch|p1a: Zangoose|Zangoose, L85, M|231/263 tox\n|turn|22\n|\n|t:|1781393380\n|-terastallize|p1a: Zangoose|Normal\n|move|p1a: Zangoose|Quick Attack|p2a: Infernape\n|-damage|p2a: Infernape|0 fnt\n|faint|p2a: Infernape\n|\n|-damage|p1a: Zangoose|215/263 tox|[from] psn\n|upkeep\n|\n|t:|1781393385\n|switch|p2a: Chesnaught|Chesnaught, L84, M|285/285\n|turn|23\n|\n|t:|1781393393\n|switch|p1a: Altaria|Altaria, L89, F|186/278\n|move|p2a: Chesnaught|Body Press|p1a: Altaria\n|-resisted|p1a: Altaria\n|-damage|p1a: Altaria|139/278\n|\n|upkeep\n|turn|24\n|\n|t:|1781393398\n|switch|p2a: Garganacl|Garganacl, L80, M, tera:Ghost|114/291\n|move|p1a: Altaria|Roost|p1a: Altaria\n|-heal|p1a: Altaria|278/278\n|-singleturn|p1a: Altaria|move: Roost\n|\n|-heal|p2a: Garganacl|132/291|[from] item: Leftovers\n|upkeep\n|turn|25\n|\n|t:|1781393401\n|switch|p1a: Ludicolo|Ludicolo, L90, F|175/290\n|move|p2a: Garganacl|Salt Cure|p1a: Ludicolo\n|-crit|p1a: Ludicolo\n|-damage|p1a: Ludicolo|111/290\n|-start|p1a: Ludicolo|Salt Cure\n|\n|-heal|p2a: Garganacl|150/291|[from] item: Leftovers\n|-damage|p1a: Ludicolo|39/290|[from] Salt Cure\n|upkeep\n|turn|26\n|\n|t:|1781393405\n|switch|p1a: Zangoose|Zangoose, L85, M, tera:Normal|215/263 tox\n|move|p2a: Garganacl|Protect||[still]\n|-fail|p2a: Garganacl\n|\n|-heal|p2a: Garganacl|168/291|[from] item: Leftovers\n|-damage|p1a: Zangoose|199/263 tox|[from] psn\n|upkeep\n|turn|27\n|\n|t:|1781393410\n|move|p1a: Zangoose|Knock Off|p2a: Garganacl\n|-supereffective|p2a: Garganacl\n|-damage|p2a: Garganacl|0 fnt\n|-enditem|p2a: Garganacl|Leftovers|[from] move: Knock Off|[of] p1a: Zangoose\n|faint|p2a: Garganacl\n|\n|-damage|p1a: Zangoose|167/263 tox|[from] psn\n|upkeep\n|\n|t:|1781393418\n|switch|p2a: Chesnaught|Chesnaught, L84, M|285/285\n|turn|28\n|\n|t:|1781393421\n|switch|p1a: Altaria|Altaria, L89, F|278/278\n|move|p2a: Chesnaught|Knock Off|p1a: Altaria\n|-damage|p1a: Altaria|233/278\n|\n|upkeep\n|turn|29\n|\n|t:|1781393424\n|move|p1a: Altaria|Dragon Dance|p1a: Altaria\n|-boost|p1a: Altaria|atk|1\n|-boost|p1a: Altaria|spe|1\n|move|p2a: Chesnaught|Body Press|p1a: Altaria\n|-resisted|p1a: Altaria\n|-damage|p1a: Altaria|188/278\n|\n|upkeep\n|turn|30\n|\n|t:|1781393426\n|move|p1a: Altaria|Dragon Dance|p1a: Altaria\n|-boost|p1a: Altaria|atk|1\n|-boost|p1a: Altaria|spe|1\n|move|p2a: Chesnaught|Body Press|p1a: Altaria\n|-resisted|p1a: Altaria\n|-crit|p1a: Altaria\n|-damage|p1a: Altaria|113/278\n|\n|upkeep\n|turn|31\n|\n|t:|1781393428\n|move|p1a: Altaria|Roost|p1a: Altaria\n|-heal|p1a: Altaria|252/278\n|-singleturn|p1a: Altaria|move: Roost\n|move|p2a: Chesnaught|Body Press|p1a: Altaria\n|-damage|p1a: Altaria|161/278\n|\n|upkeep\n|turn|32\n|\n|t:|1781393433\n|move|p1a: Altaria|Dragon Dance|p1a: Altaria\n|-boost|p1a: Altaria|atk|1\n|-boost|p1a: Altaria|spe|1\n|move|p2a: Chesnaught|Body Press|p1a: Altaria\n|-resisted|p1a: Altaria\n|-damage|p1a: Altaria|110/278\n|\n|upkeep\n|turn|33\n|\n|t:|1781393435\n|move|p1a: Altaria|Roost|p1a: Altaria\n|-heal|p1a: Altaria|249/278\n|-singleturn|p1a: Altaria|move: Roost\n|move|p2a: Chesnaught|Body Press|p1a: Altaria\n|-damage|p1a: Altaria|147/278\n|\n|upkeep\n|turn|34\n|\n|t:|1781393443\n|move|p1a: Altaria|Brave Bird|p2a: Chesnaught\n|-supereffective|p2a: Chesnaught\n|-damage|p2a: Chesnaught|0 fnt\n|-damage|p1a: Altaria|101/278|[from] item: Rocky Helmet|[of] p2a: Chesnaught\n|faint|p2a: Chesnaught\n|-damage|p1a: Altaria|7/278|[from] Recoil\n|\n|upkeep\n|\n|t:|1781393449\n|switch|p2a: Toxapex|Toxapex, L82, M|216/216\n|turn|35\n|\n|t:|1781393456\n|move|p1a: Altaria|Roost|p1a: Altaria\n|-heal|p1a: Altaria|146/278\n|-singleturn|p1a: Altaria|move: Roost\n|move|p2a: Toxapex|Liquidation|p1a: Altaria\n|-resisted|p1a: Altaria\n|-crit|p1a: Altaria\n|-damage|p1a: Altaria|104/278\n|\n|upkeep\n|turn|36\n|\n|t:|1781393459\n|move|p1a: Altaria|Roost|p1a: Altaria\n|-heal|p1a: Altaria|243/278\n|-singleturn|p1a: Altaria|move: Roost\n|move|p2a: Toxapex|Toxic|p1a: Altaria\n|-status|p1a: Altaria|tox\n|\n|-damage|p1a: Altaria|226/278 tox|[from] psn\n|upkeep\n|turn|37\n|\n|t:|1781393462\n|move|p1a: Altaria|Earthquake|p2a: Toxapex\n|-supereffective|p2a: Toxapex\n|-damage|p2a: Toxapex|28/216\n|move|p2a: Toxapex|Haze|p2a: Toxapex\n|-clearallboost\n|\n|-damage|p1a: Altaria|192/278 tox|[from] psn\n|upkeep\n|turn|38\n|\n|t:|1781393467\n|move|p1a: Altaria|Brave Bird|p2a: Toxapex\n|-damage|p2a: Toxapex|0 fnt\n|-damage|p1a: Altaria|146/278 tox|[from] item: Rocky Helmet|[of] p2a: Toxapex\n|faint|p2a: Toxapex\n|-damage|p1a: Altaria|137/278 tox|[from] Recoil\n|\n|win|moritzvb\n", "uploadtime": 1781393233, "views": 3, "formatid": "gen9randombattle", "rating": null, "private": 0, "password": null}