{"id": "gen9randombattle-2631622710", "format": "[Gen 9] Random Battle", "players": ["personanongrattata", "balotellibro"], "log": "|j|\u2606personanongrattata\n|j|\u2606balotellibro\n|t:|1781410375\n|gametype|singles\n|player|p1|personanongrattata|youngster-gen4dp|1964\n|player|p2|balotellibro|265|1924\n|gen|9\n|tier|[Gen 9] Random Battle\n|rated|\n|rule|Species Clause: Limit one of each Pok\u00e9mon\n|rule|HP Percentage Mod: HP is shown in percentages\n|rule|Sleep Clause Mod: Limit one foe put to sleep\n|rule|Illusion Level Mod: Illusion disguises the Pok\u00e9mon's true level\n|\n|t:|1781410375\n|teamsize|p1|6\n|teamsize|p2|6\n|start\n|switch|p1a: Inteleon|Inteleon, L81, F|246/246\n|switch|p2a: Staraptor|Staraptor, L79, M|263/263\n|turn|1\n|inactive|Battle timer is ON: inactive players will automatically lose when time's up. (requested by personanongrattata)\n|\n|t:|1781410387\n|switch|p2a: Cresselia|Cresselia, L80, F|323/323\n|move|p1a: Inteleon|U-turn|p2a: Cresselia\n|-supereffective|p2a: Cresselia\n|-damage|p2a: Cresselia|243/323\n|\n|t:|1781410390\n|switch|p1a: Bisharp|Bisharp, L79, M|232/232|[from] U-turn\n|\n|-heal|p2a: Cresselia|263/323|[from] item: Leftovers\n|upkeep\n|turn|2\n|\n|t:|1781410394\n|switch|p2a: Donphan|Donphan, L84, F|288/288\n|move|p1a: Bisharp|Stealth Rock|p2a: Donphan\n|-sidestart|p2: balotellibro|move: Stealth Rock\n|\n|upkeep\n|turn|3\n|\n|t:|1781410399\n|switch|p1a: Golurk|Golurk, L87|297/297\n|move|p2a: Donphan|Earthquake|p1a: Golurk\n|-damage|p1a: Golurk|161/297\n|\n|upkeep\n|turn|4\n|\n|t:|1781410402\n|move|p1a: Golurk|Poltergeist|p2a: Donphan\n|-activate|p2a: Donphan|move: Poltergeist|Leftovers\n|-damage|p2a: Donphan|101/288\n|move|p2a: Donphan|Knock Off|p1a: Golurk\n|-supereffective|p1a: Golurk\n|-damage|p1a: Golurk|0 fnt\n|-enditem|p1a: Golurk|Choice Band|[from] move: Knock Off|[of] p2a: Donphan\n|faint|p1a: Golurk\n|\n|-heal|p2a: Donphan|119/288|[from] item: Leftovers\n|upkeep\n|\n|t:|1781410412\n|switch|p1a: Inteleon|Inteleon, L81, F|246/246\n|turn|5\n|\n|t:|1781410414\n|switch|p2a: Cresselia|Cresselia, L80, F|263/323\n|-damage|p2a: Cresselia|223/323|[from] Stealth Rock\n|move|p1a: Inteleon|Ice Beam|p2a: Cresselia\n|-damage|p2a: Cresselia|130/323\n|\n|-heal|p2a: Cresselia|150/323|[from] item: Leftovers\n|upkeep\n|turn|6\n|\n|t:|1781410423\n|switch|p1a: Smeargle|Smeargle, L95, F|258/258\n|move|p2a: Cresselia|Moonlight|p2a: Cresselia\n|-heal|p2a: Cresselia|311/323\n|\n|-heal|p2a: Cresselia|323/323|[from] item: Leftovers\n|upkeep\n|turn|7\n|\n|t:|1781410435\n|move|p1a: Smeargle|Spore|p2a: Cresselia\n|-status|p2a: Cresselia|slp|[from] move: Spore\n|cant|p2a: Cresselia|slp\n|\n|upkeep\n|turn|8\n|\n|t:|1781410437\n|switch|p2a: Donphan|Donphan, L84, F|119/288\n|-damage|p2a: Donphan|101/288|[from] Stealth Rock\n|move|p1a: Smeargle|Shell Smash|p1a: Smeargle\n|-unboost|p1a: Smeargle|def|1\n|-unboost|p1a: Smeargle|spd|1\n|-boost|p1a: Smeargle|atk|2\n|-boost|p1a: Smeargle|spa|2\n|-boost|p1a: Smeargle|spe|2\n|\n|-heal|p2a: Donphan|119/288|[from] item: Leftovers\n|upkeep\n|turn|9\n|c|\u2606balotellibro|oh it's that one\n|c|\u2606balotellibro|ummmm\n|\n|t:|1781410446\n|move|p1a: Smeargle|Population Bomb|p2a: Donphan\n|-damage|p2a: Donphan|94/288\n|-crit|p2a: Donphan\n|-damage|p2a: Donphan|58/288\n|-damage|p2a: Donphan|31/288\n|-damage|p2a: Donphan|7/288\n|-damage|p2a: Donphan|0 fnt\n|faint|p2a: Donphan\n|-hitcount|p2: Donphan|5\n|\n|upkeep\n|\n|t:|1781410458\n|switch|p2a: Necrozma|Necrozma-Dawn-Wings, L76|272/272\n|-damage|p2a: Necrozma|238/272|[from] Stealth Rock\n|turn|10\n|c|\u2606balotellibro|lol\n|c|\u2606balotellibro|gg\n|\n|t:|1781410465\n|-terastallize|p2a: Necrozma|Fairy\n|move|p1a: Smeargle|Power Trip|p2a: Necrozma\n|-resisted|p2a: Necrozma\n|-damage|p2a: Necrozma|195/272\n|move|p2a: Necrozma|Photon Geyser|p1a: Smeargle\n|-damage|p1a: Smeargle|0 fnt\n|faint|p1a: Smeargle\n|\n|-heal|p2a: Necrozma|212/272|[from] item: Leftovers\n|upkeep\n|\n|t:|1781410475\n|switch|p1a: Bisharp|Bisharp, L79, M|232/232\n|turn|11\n|\n|t:|1781410491\n|switch|p2a: Staraptor|Staraptor, L79, M|263/263\n|-damage|p2a: Staraptor|198/263|[from] Stealth Rock\n|move|p1a: Bisharp|Iron Head|p2a: Staraptor\n|-damage|p2a: Staraptor|77/263\n|\n|upkeep\n|turn|12\n|\n|t:|1781410494\n|move|p1a: Bisharp|Sucker Punch|p2a: Staraptor\n|-damage|p2a: Staraptor|0 fnt\n|faint|p2a: Staraptor\n|\n|upkeep\n|-message|balotellibro forfeited.\n|\n|win|personanongrattata\n", "uploadtime": 1781410377, "views": 3, "formatid": "gen9randombattle", "rating": null, "private": 0, "password": null}