{"id": "gen9randombattle-2631592127", "format": "[Gen 9] Random Battle", "players": ["vazquez 2.0", "Ponclex"], "log": "|j|\u2606vazquez 2.0\n|j|\u2606Ponclex\n|t:|1781405754\n|gametype|singles\n|player|p1|vazquez 2.0|n-masters|2071\n|player|p2|Ponclex|169|2127\n|gen|9\n|tier|[Gen 9] Random Battle\n|rated|\n|rule|Species Clause: Limit one of each Pok\u00e9mon\n|rule|HP Percentage Mod: HP is shown in percentages\n|rule|Sleep Clause Mod: Limit one foe put to sleep\n|rule|Illusion Level Mod: Illusion disguises the Pok\u00e9mon's true level\n|\n|t:|1781405754\n|teamsize|p1|6\n|teamsize|p2|6\n|start\n|switch|p1a: Solgaleo|Solgaleo, L74|325/325\n|switch|p2a: Heracross|Heracross, L80, F|259/259\n|turn|1\n|\n|t:|1781405779\n|switch|p2a: Goodra|Goodra-Hisui, L82, M|265/265\n|move|p1a: Solgaleo|Knock Off|p2a: Goodra\n|-damage|p2a: Goodra|204/265\n|-enditem|p2a: Goodra|Assault Vest|[from] move: Knock Off|[of] p1a: Solgaleo\n|\n|upkeep\n|turn|2\n|\n|t:|1781405790\n|switch|p1a: Quagsire|Quagsire, L84, F|297/297\n|switch|p2a: Heracross|Heracross, L80, F|259/259\n|\n|-status|p2a: Heracross|brn|[from] item: Flame Orb\n|upkeep\n|turn|3\n|\n|t:|1781405795\n|switch|p1a: Ceruledge|Ceruledge, L78, F|245/245\n|move|p2a: Heracross|Trailblaze|p1a: Ceruledge\n|-resisted|p1a: Ceruledge\n|-crit|p1a: Ceruledge\n|-damage|p1a: Ceruledge|194/245\n|-boost|p2a: Heracross|spe|1\n|-ability|p1a: Ceruledge|Weak Armor|boost\n|-unboost|p1a: Ceruledge|def|1\n|-boost|p1a: Ceruledge|spe|2\n|\n|-damage|p2a: Heracross|243/259 brn|[from] brn\n|upkeep\n|turn|4\n|\n|t:|1781405805\n|-terastallize|p2a: Heracross|Normal\n|move|p1a: Ceruledge|Bitter Blade|p2a: Heracross\n|-damage|p2a: Heracross|122/259 brn\n|-heal|p1a: Ceruledge|245/245|[from] drain|[of] p2a: Heracross\n|move|p2a: Heracross|Knock Off|p1a: Ceruledge\n|-supereffective|p1a: Ceruledge\n|-damage|p1a: Ceruledge|0 fnt\n|-enditem|p1a: Ceruledge|Heavy-Duty Boots|[from] move: Knock Off|[of] p2a: Heracross\n|faint|p1a: Ceruledge\n|\n|-damage|p2a: Heracross|106/259 brn|[from] brn\n|upkeep\n|\n|t:|1781405813\n|switch|p1a: Electrode|Electrode, L92|260/260\n|turn|5\n|\n|t:|1781405816\n|switch|p2a: Goodra|Goodra-Hisui, L82, M|204/265\n|move|p1a: Electrode|Foul Play|p2a: Goodra\n|-damage|p2a: Goodra|116/265\n|-damage|p1a: Electrode|234/260|[from] item: Life Orb\n|\n|upkeep\n|turn|6\n|\n|t:|1781405825\n|switch|p1a: Solgaleo|Solgaleo, L74|325/325\n|move|p2a: Goodra|Draco Meteor|p1a: Solgaleo|[miss]\n|-miss|p2a: Goodra|p1a: Solgaleo\n|\n|upkeep\n|turn|7\n|\n|t:|1781405831\n|switch|p2a: Keldeo|Keldeo-Resolute, L79|273/273\n|move|p1a: Solgaleo|Knock Off|p2a: Keldeo\n|-resisted|p2a: Keldeo\n|-damage|p2a: Keldeo|235/273\n|-ability|p2a: Keldeo|Justified|boost\n|-boost|p2a: Keldeo|atk|1\n|-enditem|p2a: Keldeo|Choice Specs|[from] move: Knock Off|[of] p1a: Solgaleo\n|\n|upkeep\n|turn|8\n|\n|t:|1781405836\n|move|p2a: Keldeo|Hydro Pump|p1a: Solgaleo\n|-damage|p1a: Solgaleo|189/325\n|move|p1a: Solgaleo|Psychic Fangs|p2a: Keldeo\n|-supereffective|p2a: Keldeo\n|-damage|p2a: Keldeo|41/273\n|\n|upkeep\n|turn|9\n|\n|t:|1781405840\n|move|p2a: Keldeo|Flip Turn|p1a: Solgaleo\n|-damage|p1a: Solgaleo|122/325\n|-damage|p2a: Keldeo|0 fnt|[from] item: Rocky Helmet|[of] p1a: Solgaleo\n|faint|p2a: Keldeo\n|move|p1a: Solgaleo|Psychic Fangs|p2: Keldeo|[notarget]\n|-fail|p1a: Solgaleo\n|\n|upkeep\n|\n|t:|1781405851\n|switch|p2a: Klawf|Klawf, L90, M|272/272\n|turn|10\n|\n|t:|1781405859\n|move|p1a: Solgaleo|Morning Sun|p1a: Solgaleo\n|-heal|p1a: Solgaleo|284/325\n|move|p2a: Klawf|Knock Off|p1a: Solgaleo\n|-supereffective|p1a: Solgaleo\n|-damage|p1a: Solgaleo|68/325\n|-damage|p2a: Klawf|227/272|[from] item: Rocky Helmet|[of] p1a: Solgaleo\n|-enditem|p1a: Solgaleo|Rocky Helmet|[from] move: Knock Off|[of] p2a: Klawf\n|\n|upkeep\n|turn|11\n|\n|t:|1781405863\n|move|p1a: Solgaleo|Morning Sun|p1a: Solgaleo\n|-heal|p1a: Solgaleo|230/325\n|move|p2a: Klawf|Knock Off|p1a: Solgaleo\n|-supereffective|p1a: Solgaleo\n|-damage|p1a: Solgaleo|58/325\n|\n|upkeep\n|turn|12\n|\n|t:|1781405869\n|move|p1a: Solgaleo|Sunsteel Strike|p2a: Klawf\n|-supereffective|p2a: Klawf\n|-damage|p2a: Klawf|71/272\n|move|p2a: Klawf|Knock Off|p1a: Solgaleo\n|-supereffective|p1a: Solgaleo\n|-damage|p1a: Solgaleo|0 fnt\n|faint|p1a: Solgaleo\n|\n|upkeep\n|\n|t:|1781405870\n|switch|p1a: Quagsire|Quagsire, L84, F|297/297\n|turn|13\n|\n|t:|1781405877\n|move|p2a: Klawf|Knock Off|p1a: Quagsire\n|-damage|p1a: Quagsire|177/297\n|-enditem|p1a: Quagsire|Leftovers|[from] move: Knock Off|[of] p2a: Klawf\n|move|p1a: Quagsire|Spikes|p2a: Klawf\n|-sidestart|p2: Ponclex|Spikes\n|\n|upkeep\n|turn|14\n|\n|t:|1781405887\n|switch|p2a: Heracross|Heracross, L80, F, tera:Normal|106/259 brn\n|-damage|p2a: Heracross|74/259 brn|[from] Spikes\n|move|p1a: Quagsire|Earthquake|p2a: Heracross\n|-damage|p2a: Heracross|0 fnt\n|faint|p2a: Heracross\n|\n|upkeep\n|\n|t:|1781405899\n|switch|p2a: Goodra|Goodra-Hisui, L82, M|116/265\n|-damage|p2a: Goodra|83/265|[from] Spikes\n|turn|15\n|\n|t:|1781405903\n|move|p2a: Goodra|Draco Meteor|p1a: Quagsire\n|-damage|p1a: Quagsire|0 fnt\n|-unboost|p2a: Goodra|spa|2\n|faint|p1a: Quagsire\n|\n|upkeep\n|inactive|Battle timer is ON: inactive players will automatically lose when time's up. (requested by Ponclex)\n|\n|t:|1781405912\n|switch|p1a: Electrode|Electrode, L92|234/260\n|turn|16\n|\n|t:|1781405918\n|move|p1a: Electrode|Foul Play|p2a: Goodra\n|-damage|p2a: Goodra|0 fnt\n|faint|p2a: Goodra\n|-damage|p1a: Electrode|208/260|[from] item: Life Orb\n|\n|upkeep\n|\n|t:|1781405921\n|switch|p2a: Zacian|Zacian, L69|241/241\n|-damage|p2a: Zacian|211/241|[from] Spikes\n|-ability|p2a: Zacian|Intrepid Sword|boost\n|-boost|p2a: Zacian|atk|1\n|turn|17\n|\n|t:|1781405928\n|move|p1a: Electrode|Thunder Wave|p2a: Zacian\n|-status|p2a: Zacian|par\n|move|p2a: Zacian|Play Rough|p1a: Electrode\n|-damage|p1a: Electrode|15/260\n|\n|upkeep\n|turn|18\n|\n|t:|1781405933\n|move|p1a: Electrode|Explosion|p2a: Zacian\n|-damage|p2a: Zacian|43/241 par\n|faint|p1a: Electrode\n|move|p2a: Zacian|Play Rough|p1: Electrode|[notarget]\n|-fail|p2a: Zacian\n|\n|upkeep\n|\n|t:|1781405938\n|switch|p1a: Honchkrow|Honchkrow, L86, M|312/312\n|turn|19\n|\n|t:|1781405943\n|switch|p2a: Klawf|Klawf, L90, M|161/272\n|-damage|p2a: Klawf|127/272|[from] Spikes\n|move|p1a: Honchkrow|Brave Bird|p2a: Klawf\n|-resisted|p2a: Klawf\n|-damage|p2a: Klawf|70/272\n|-damage|p1a: Honchkrow|293/312|[from] Recoil\n|\n|upkeep\n|turn|20\n|\n|t:|1781405951\n|switch|p2a: Zacian|Zacian, L69|43/241 par\n|-damage|p2a: Zacian|13/241 par|[from] Spikes\n|move|p1a: Honchkrow|Sucker Punch||[still]\n|-fail|p1a: Honchkrow\n|\n|upkeep\n|turn|21\n|\n|t:|1781405957\n|switch|p2a: Klawf|Klawf, L90, M|160/272\n|-damage|p2a: Klawf|126/272|[from] Spikes\n|move|p1a: Honchkrow|U-turn|p2a: Klawf\n|-damage|p2a: Klawf|74/272\n|\n|t:|1781405959\n|switch|p1a: Regigigas|Regigigas, L84|322/322|[from] U-turn\n|-start|p1a: Regigigas|ability: Slow Start\n|\n|upkeep\n|turn|22\n|\n|t:|1781405965\n|move|p2a: Klawf|Knock Off|p1a: Regigigas\n|-damage|p1a: Regigigas|221/322\n|-enditem|p1a: Regigigas|Leftovers|[from] move: Knock Off|[of] p2a: Klawf\n|move|p1a: Regigigas|Knock Off|p2a: Klawf\n|-damage|p2a: Klawf|36/272\n|-enditem|p2a: Klawf|Choice Band|[from] move: Knock Off|[of] p1a: Regigigas\n|\n|upkeep\n|turn|23\n|\n|t:|1781405971\n|switch|p2a: Zacian|Zacian, L69|13/241 par\n|-damage|p2a: Zacian|0 fnt|[from] Spikes\n|faint|p2a: Zacian\n|move|p1a: Regigigas|Knock Off|p2: Zacian|[notarget]\n|-fail|p1a: Regigigas\n|\n|upkeep\n|\n|t:|1781405974\n|switch|p2a: Rayquaza|Rayquaza, L72|270/270\n|-ability|p2a: Rayquaza|Air Lock\n|turn|24\n|\n|t:|1781405983\n|move|p2a: Rayquaza|Dragon Ascent|p1a: Regigigas\n|-damage|p1a: Regigigas|56/322\n|-unboost|p2a: Rayquaza|def|1\n|-unboost|p2a: Rayquaza|spd|1\n|move|p1a: Regigigas|Body Slam|p2a: Rayquaza\n|-damage|p2a: Rayquaza|156/270\n|\n|upkeep\n|turn|25\n|\n|t:|1781405986\n|move|p2a: Rayquaza|Dragon Ascent|p1a: Regigigas\n|-damage|p1a: Regigigas|0 fnt\n|-unboost|p2a: Rayquaza|def|1\n|-unboost|p2a: Rayquaza|spd|1\n|faint|p1a: Regigigas\n|-end|p1a: Regigigas|Slow Start|[silent]\n|\n|upkeep\n|\n|t:|1781405989\n|switch|p1a: Honchkrow|Honchkrow, L86, M|293/312\n|turn|26\n|\n|t:|1781405994\n|move|p2a: Rayquaza|Dragon Ascent|p1a: Honchkrow\n|-damage|p1a: Honchkrow|25/312\n|-unboost|p2a: Rayquaza|def|1\n|-unboost|p2a: Rayquaza|spd|1\n|move|p1a: Honchkrow|Brave Bird|p2a: Rayquaza\n|-damage|p2a: Rayquaza|0 fnt\n|faint|p2a: Rayquaza\n|-ability|p1a: Honchkrow|Moxie|boost\n|-boost|p1a: Honchkrow|atk|1\n|-damage|p1a: Honchkrow|0 fnt|[from] Recoil\n|faint|p1a: Honchkrow\n|\n|win|Ponclex\n", "uploadtime": 1781405756, "views": 8, "formatid": "gen9randombattle", "rating": null, "private": 0, "password": null}