{"id": "gen9randombattle-2631849011", "format": "[Gen 9] Random Battle", "players": ["Aminator3000", "Chickenadoboy"], "log": "|j|\u2606Aminator3000\n|j|\u2606Chickenadoboy\n|t:|1781447842\n|gametype|singles\n|player|p1|Aminator3000|266|1996\n|player|p2|Chickenadoboy|266|2081\n|gen|9\n|tier|[Gen 9] Random Battle\n|rated|\n|rule|Species Clause: Limit one of each Pok\u00e9mon\n|rule|HP Percentage Mod: HP is shown in percentages\n|rule|Sleep Clause Mod: Limit one foe put to sleep\n|rule|Illusion Level Mod: Illusion disguises the Pok\u00e9mon's true level\n|\n|t:|1781447842\n|teamsize|p1|6\n|teamsize|p2|6\n|start\n|switch|p1a: Rhydon|Rhydon, L85, M|317/317\n|switch|p2a: Rillaboom|Rillaboom, L79, M|288/288\n|-fieldstart|move: Grassy Terrain|[from] ability: Grassy Surge|[of] p2a: Rillaboom\n|turn|1\n|inactive|Battle timer is ON: inactive players will automatically lose when time's up. (requested by Aminator3000)\n|\n|t:|1781447856\n|switch|p1a: Bombirdier|Bombirdier, L85, F|258/258\n|move|p2a: Rillaboom|Wood Hammer|p1a: Bombirdier\n|-resisted|p1a: Bombirdier\n|-damage|p1a: Bombirdier|141/258\n|-damage|p2a: Rillaboom|249/288|[from] Recoil\n|-damage|p2a: Rillaboom|221/288|[from] item: Life Orb\n|\n|-heal|p2a: Rillaboom|239/288|[from] Grassy Terrain\n|upkeep\n|turn|2\n|\n|t:|1781447868\n|switch|p2a: Mudsdale|Mudsdale, L83, F|302/302\n|move|p1a: Bombirdier|U-turn|p2a: Mudsdale\n|-crit|p2a: Mudsdale\n|-damage|p2a: Mudsdale|184/302\n|-ability|p2a: Mudsdale|Stamina|boost\n|-boost|p2a: Mudsdale|def|1\n|\n|t:|1781447878\n|switch|p1a: Bruxish|Bruxish, L85, M|254/254|[from] U-turn\n|\n|-heal|p2a: Mudsdale|202/302|[from] Grassy Terrain\n|-heal|p2a: Mudsdale|220/302|[from] item: Leftovers\n|upkeep\n|turn|3\n|\n|t:|1781447892\n|switch|p2a: Scrafty|Scrafty, L83, F|244/244\n|-ability|p2a: Scrafty|Intimidate|boost\n|-unboost|p1a: Bruxish|atk|1\n|move|p1a: Bruxish|Swords Dance|p1a: Bruxish\n|-boost|p1a: Bruxish|atk|2\n|\n|upkeep\n|turn|4\n|\n|t:|1781447905\n|move|p1a: Bruxish|Wave Crash|p2a: Scrafty\n|-damage|p2a: Scrafty|32/244\n|-damage|p1a: Bruxish|184/254|[from] Recoil\n|-damage|p1a: Bruxish|159/254|[from] item: Life Orb\n|move|p2a: Scrafty|Dragon Dance|p2a: Scrafty\n|-boost|p2a: Scrafty|atk|1\n|-boost|p2a: Scrafty|spe|1\n|\n|-heal|p2a: Scrafty|47/244|[from] Grassy Terrain\n|-heal|p2a: Scrafty|62/244|[from] item: Leftovers\n|-heal|p1a: Bruxish|174/254|[from] Grassy Terrain\n|upkeep\n|turn|5\n|\n|t:|1781447916\n|move|p2a: Scrafty|Knock Off|p1a: Bruxish\n|-supereffective|p1a: Bruxish\n|-damage|p1a: Bruxish|0 fnt\n|-enditem|p1a: Bruxish|Life Orb|[from] move: Knock Off|[of] p2a: Scrafty\n|faint|p1a: Bruxish\n|\n|-heal|p2a: Scrafty|77/244|[from] Grassy Terrain\n|-heal|p2a: Scrafty|92/244|[from] item: Leftovers\n|-fieldend|move: Grassy Terrain\n|upkeep\n|\n|t:|1781447936\n|switch|p1a: Spiritomb|Spiritomb, L89, F|234/234\n|turn|6\n|l|\u2606Chickenadoboy\n|inactive|Chickenadoboy disconnected and has a minute to reconnect!\n|player|p2|\n|j|\u2606Chickenadoboy\n|inactive|Chickenadoboy reconnected and has 140 seconds left.\n|player|p2|Chickenadoboy|266|\n|\n|t:|1781447953\n|switch|p1a: Stonjourner|Stonjourner, L91, F|330/330\n|move|p2a: Scrafty|Knock Off|p1a: Stonjourner\n|-damage|p1a: Stonjourner|243/330\n|-enditem|p1a: Stonjourner|Life Orb|[from] move: Knock Off|[of] p2a: Scrafty\n|\n|-heal|p2a: Scrafty|107/244|[from] item: Leftovers\n|upkeep\n|turn|7\n|\n|t:|1781447967\n|move|p2a: Scrafty|Drain Punch|p1a: Stonjourner\n|-supereffective|p1a: Stonjourner\n|-damage|p1a: Stonjourner|99/330\n|-heal|p2a: Scrafty|179/244|[from] drain|[of] p1a: Stonjourner\n|move|p1a: Stonjourner|Earthquake|p2a: Scrafty\n|-damage|p2a: Scrafty|96/244\n|\n|-heal|p2a: Scrafty|111/244|[from] item: Leftovers\n|upkeep\n|turn|8\n|-message|Aminator3000 forfeited.\n|\n|win|Chickenadoboy\n", "uploadtime": 1781447844, "views": 8, "formatid": "gen9randombattle", "rating": null, "private": 0, "password": null}