{"id": "gen9randombattle-2631919916", "format": "[Gen 9] Random Battle", "players": ["mztmztmzt123", "nocomment3"], "log": "|badge|p2|bronze|gen9randombattle|100-9\n|uhtml|medal-msg|<div class=\"broadcast-blue\">Curious what those medals under the avatar are? PS now has Ladder Seasons! For more information, check out the <a href=\"https://www.smogon.com/forums/threads/3740067/\">thread on Smogon.</a></div>\n|j|\u2606mztmztmzt123\n|j|\u2606nocomment3\n|t:|1781455686\n|gametype|singles\n|player|p1|mztmztmzt123|2|2234\n|player|p2|nocomment3|101|2360\n|gen|9\n|tier|[Gen 9] Random Battle\n|rated|\n|rule|Species Clause: Limit one of each Pok\u00e9mon\n|rule|HP Percentage Mod: HP is shown in percentages\n|rule|Sleep Clause Mod: Limit one foe put to sleep\n|rule|Illusion Level Mod: Illusion disguises the Pok\u00e9mon's true level\n|\n|t:|1781455686\n|teamsize|p1|6\n|teamsize|p2|6\n|start\n|switch|p1a: Metagross|Metagross, L79|256/256\n|switch|p2a: Tauros|Tauros-Paldea-Aqua, L81, M|252/252\n|turn|1\n|\n|t:|1781455696\n|switch|p2a: Bisharp|Bisharp, L79, M|232/232\n|move|p1a: Metagross|Agility|p1a: Metagross\n|-boost|p1a: Metagross|spe|2\n|\n|upkeep\n|turn|2\n|\n|t:|1781455705\n|move|p1a: Metagross|Earthquake|p2a: Bisharp\n|-supereffective|p2a: Bisharp\n|-damage|p2a: Bisharp|136/232\n|move|p2a: Bisharp|Stealth Rock|p1a: Metagross\n|-sidestart|p1: mztmztmzt123|move: Stealth Rock\n|\n|upkeep\n|turn|3\n|inactive|Battle timer is ON: inactive players will automatically lose when time's up. (requested by mztmztmzt123)\n|\n|t:|1781455716\n|switch|p2a: Rabsca|Rabsca, L91, F|284/284\n|move|p1a: Metagross|Earthquake|p2a: Rabsca\n|-resisted|p2a: Rabsca\n|-damage|p2a: Rabsca|243/284\n|\n|upkeep\n|turn|4\n|\n|t:|1781455719\n|switch|p2a: Armarouge|Armarouge, L80, M|267/267\n|move|p1a: Metagross|Heavy Slam|p2a: Armarouge\n|-resisted|p2a: Armarouge\n|-damage|p2a: Armarouge|192/267\n|-ability|p2a: Armarouge|Weak Armor|boost\n|-unboost|p2a: Armarouge|def|1\n|-boost|p2a: Armarouge|spe|2\n|\n|upkeep\n|turn|5\n|\n|t:|1781455729\n|-terastallize|p1a: Metagross|Ground\n|move|p2a: Armarouge|Armor Cannon|p1a: Metagross\n|-damage|p1a: Metagross|19/256\n|-unboost|p2a: Armarouge|def|1\n|-unboost|p2a: Armarouge|spd|1\n|move|p1a: Metagross|Earthquake|p2a: Armarouge\n|-supereffective|p2a: Armarouge\n|-damage|p2a: Armarouge|0 fnt\n|faint|p2a: Armarouge\n|\n|upkeep\n|\n|t:|1781455739\n|switch|p2a: Bisharp|Bisharp, L79, M|136/232\n|turn|6\n|\n|t:|1781455744\n|switch|p1a: Illumise|Illumise, L91, F|266/266\n|move|p2a: Bisharp|Sucker Punch||[still]\n|-fail|p2a: Bisharp\n|\n|upkeep\n|turn|7\n|\n|t:|1781455750\n|move|p1a: Illumise|Bug Buzz|p2a: Bisharp\n|-damage|p2a: Bisharp|64/232\n|move|p2a: Bisharp|Iron Head|p1a: Illumise\n|-damage|p1a: Illumise|176/266\n|\n|upkeep\n|turn|8\n|\n|t:|1781455755\n|move|p2a: Bisharp|Sucker Punch|p1a: Illumise\n|-damage|p1a: Illumise|86/266\n|move|p1a: Illumise|Bug Buzz|p2a: Bisharp\n|-damage|p2a: Bisharp|0 fnt\n|faint|p2a: Bisharp\n|\n|upkeep\n|\n|t:|1781455765\n|switch|p2a: Rabsca|Rabsca, L91, F|243/284\n|turn|9\n|\n|t:|1781455779\n|move|p1a: Illumise|Bug Buzz|p2a: Rabsca\n|-supereffective|p2a: Rabsca\n|-damage|p2a: Rabsca|91/284\n|move|p2a: Rabsca|Psychic|p1a: Illumise\n|-damage|p1a: Illumise|0 fnt\n|faint|p1a: Illumise\n|\n|upkeep\n|\n|t:|1781455785\n|switch|p1a: Metagross|Metagross, L79, tera:Ground|19/256\n|-damage|p1a: Metagross|3/256|[from] Stealth Rock\n|turn|10\n|\n|t:|1781455804\n|switch|p2a: Tauros|Tauros-Paldea-Aqua, L81, M|252/252\n|move|p1a: Metagross|Heavy Slam|p2a: Tauros\n|-resisted|p2a: Tauros\n|-damage|p2a: Tauros|186/252\n|\n|upkeep\n|turn|11\n|\n|t:|1781455809\n|move|p2a: Tauros|Liquidation|p1a: Metagross\n|-supereffective|p1a: Metagross\n|-damage|p1a: Metagross|0 fnt\n|faint|p1a: Metagross\n|\n|upkeep\n|\n|t:|1781455814\n|switch|p1a: Thundurus|Thundurus, L80, M|258/258\n|-damage|p1a: Thundurus|194/258|[from] Stealth Rock\n|turn|12\n|\n|t:|1781455827\n|switch|p2a: Cyclizar|Cyclizar, L83, F|252/252\n|move|p1a: Thundurus|Thunderbolt|p2a: Cyclizar\n|-resisted|p2a: Cyclizar\n|-damage|p2a: Cyclizar|184/252\n|-status|p2a: Cyclizar|par\n|\n|upkeep\n|turn|13\n|\n|t:|1781455837\n|move|p1a: Thundurus|Acrobatics|p2a: Cyclizar\n|-damage|p2a: Cyclizar|36/252 par\n|move|p2a: Cyclizar|Draco Meteor|p1a: Thundurus|[miss]\n|-miss|p2a: Cyclizar|p1a: Thundurus\n|\n|upkeep\n|turn|14\n|\n|t:|1781455841\n|move|p1a: Thundurus|Knock Off|p2a: Cyclizar\n|-damage|p2a: Cyclizar|0 fnt\n|-enditem|p2a: Cyclizar|Heavy-Duty Boots|[from] move: Knock Off|[of] p1a: Thundurus\n|faint|p2a: Cyclizar\n|\n|upkeep\n|-message|nocomment3 forfeited.\n|\n|win|mztmztmzt123\n", "uploadtime": 1781455688, "views": 3, "formatid": "gen9randombattle", "rating": null, "private": 0, "password": null}