{"id": "gen9randombattle-2631666298", "format": "[Gen 9] Random Battle", "players": ["cufufhhnhbyjy", "surge_phoenix"], "log": "|j|\u2606cufufhhnhbyjy\n|j|\u2606surge_phoenix\n|t:|1781417827\n|gametype|singles\n|player|p1|cufufhhnhbyjy|169|\n|player|p2|surge_phoenix|steven|\n|gen|9\n|tier|[Gen 9] Random Battle\n|rule|Species Clause: Limit one of each Pok\u00e9mon\n|rule|HP Percentage Mod: HP is shown in percentages\n|rule|Sleep Clause Mod: Limit one foe put to sleep\n|rule|Illusion Level Mod: Illusion disguises the Pok\u00e9mon's true level\n|\n|t:|1781417827\n|teamsize|p1|6\n|teamsize|p2|6\n|start\n|switch|p1a: Blastoise|Blastoise, L80, F|258/258\n|switch|p2a: Spectrier|Spectrier, L75|274/274\n|turn|1\n|\n|t:|1781417864\n|switch|p2a: Raikou|Raikou, L81|278/278\n|-ability|p2a: Raikou|Pressure\n|move|p1a: Blastoise|Shell Smash|p1a: Blastoise\n|-unboost|p1a: Blastoise|def|1\n|-unboost|p1a: Blastoise|spd|1\n|-boost|p1a: Blastoise|atk|2\n|-boost|p1a: Blastoise|spa|2\n|-boost|p1a: Blastoise|spe|2\n|-enditem|p1a: Blastoise|White Herb\n|-clearnegativeboost|p1a: Blastoise|[silent]\n|\n|upkeep\n|turn|2\n|\n|t:|1781417879\n|-terastallize|p1a: Blastoise|Grass\n|move|p1a: Blastoise|Ice Beam|p2a: Raikou\n|-damage|p2a: Raikou|183/278\n|-status|p2a: Raikou|frz\n|cant|p2a: Raikou|frz\n|\n|-heal|p2a: Raikou|200/278 frz|[from] item: Leftovers\n|upkeep\n|turn|3\n|\n|t:|1781417908\n|move|p1a: Blastoise|Tera Blast|p2a: Raikou|[anim] Tera Blast Grass\n|-damage|p2a: Raikou|58/278 frz\n|-curestatus|p2a: Raikou|frz|[msg]\n|move|p2a: Raikou|Thunderbolt|p1a: Blastoise\n|-resisted|p1a: Blastoise\n|-damage|p1a: Blastoise|208/258\n|\n|-heal|p2a: Raikou|75/278|[from] item: Leftovers\n|upkeep\n|turn|4\n|\n|t:|1781417922\n|move|p1a: Blastoise|Ice Beam|p2a: Raikou\n|-damage|p2a: Raikou|0 fnt\n|faint|p2a: Raikou\n|\n|upkeep\n|\n|t:|1781417936\n|switch|p2a: Salazzle|Salazzle, L83, F|249/249\n|turn|5\n|\n|t:|1781417950\n|-terastallize|p2a: Salazzle|Grass\n|move|p1a: Blastoise|Hydro Pump|p2a: Salazzle\n|-resisted|p2a: Salazzle\n|-damage|p2a: Salazzle|117/249\n|move|p2a: Salazzle|Sludge Wave|p1a: Blastoise\n|-supereffective|p1a: Blastoise\n|-damage|p1a: Blastoise|20/258\n|\n|upkeep\n|turn|6\n|\n|t:|1781417963\n|switch|p2a: Sylveon|Sylveon, L85, M|300/300\n|move|p1a: Blastoise|Ice Beam|p2a: Sylveon\n|-damage|p2a: Sylveon|224/300\n|-status|p2a: Sylveon|frz\n|\n|-heal|p2a: Sylveon|242/300 frz|[from] item: Leftovers\n|upkeep\n|turn|7\n|\n|t:|1781417981\n|move|p1a: Blastoise|Tera Blast|p2a: Sylveon|[anim] Tera Blast Grass\n|-damage|p2a: Sylveon|134/300 frz\n|cant|p2a: Sylveon|frz\n|\n|-heal|p2a: Sylveon|152/300 frz|[from] item: Leftovers\n|upkeep\n|turn|8\n|\n|t:|1781417991\n|move|p1a: Blastoise|Hydro Pump|p2a: Sylveon\n|-damage|p2a: Sylveon|0 fnt\n|faint|p2a: Sylveon\n|\n|upkeep\n|\n|t:|1781418006\n|switch|p2a: Thundurus|Thundurus, L80, M|258/258\n|turn|9\n|\n|t:|1781418022\n|move|p2a: Thundurus|Thunder Wave|p1a: Blastoise\n|-status|p1a: Blastoise|par\n|move|p1a: Blastoise|Ice Beam|p2a: Thundurus\n|-supereffective|p2a: Thundurus\n|-damage|p2a: Thundurus|30/258\n|\n|upkeep\n|turn|10\n|\n|t:|1781418032\n|move|p2a: Thundurus|Thunderbolt|p1a: Blastoise\n|-resisted|p1a: Blastoise\n|-damage|p1a: Blastoise|0 fnt\n|faint|p1a: Blastoise\n|\n|upkeep\n|\n|t:|1781418043\n|switch|p1a: Gliscor|Gliscor, L76, F|239/239\n|turn|11\n|\n|t:|1781418048\n|move|p2a: Thundurus|Taunt|p1a: Gliscor\n|-start|p1a: Gliscor|move: Taunt\n|cant|p1a: Gliscor|move: Taunt|Toxic Spikes\n|\n|-status|p1a: Gliscor|tox|[from] item: Toxic Orb\n|upkeep\n|turn|12\n|\n|t:|1781418059\n|move|p2a: Thundurus|Thunder Wave|p1a: Gliscor\n|-immune|p1a: Gliscor\n|move|p1a: Gliscor|Knock Off|p2a: Thundurus\n|-damage|p2a: Thundurus|0 fnt\n|-enditem|p2a: Thundurus|Heavy-Duty Boots|[from] move: Knock Off|[of] p1a: Gliscor\n|faint|p2a: Thundurus\n|\n|upkeep\n|\n|t:|1781418098\n|switch|p2a: Salazzle|Salazzle, L83, F, tera:Grass|117/249\n|turn|13\n|\n|t:|1781418103\n|move|p2a: Salazzle|Nasty Plot|p2a: Salazzle\n|-boost|p2a: Salazzle|spa|2\n|move|p1a: Gliscor|Knock Off|p2a: Salazzle\n|-damage|p2a: Salazzle|42/249\n|-enditem|p2a: Salazzle|Heavy-Duty Boots|[from] move: Knock Off|[of] p1a: Gliscor\n|\n|-end|p1a: Gliscor|move: Taunt\n|upkeep\n|turn|14\n|\n|t:|1781418115\n|move|p2a: Salazzle|Fire Blast|p1a: Gliscor\n|-damage|p1a: Gliscor|0 fnt\n|faint|p1a: Gliscor\n|\n|upkeep\n|\n|t:|1781418128\n|switch|p1a: Glimmora|Glimmora, L75, M|248/248\n|turn|15\n|\n|t:|1781418135\n|move|p2a: Salazzle|Tera Blast|p1a: Glimmora|[anim] Tera Blast Grass\n|-damage|p1a: Glimmora|29/248\n|move|p1a: Glimmora|Sludge Wave|p2a: Salazzle\n|-supereffective|p2a: Salazzle\n|-damage|p2a: Salazzle|0 fnt\n|faint|p2a: Salazzle\n|\n|upkeep\n|\n|t:|1781418143\n|switch|p2a: Spectrier|Spectrier, L75|274/274\n|turn|16\n|\n|t:|1781418155\n|move|p2a: Spectrier|Shadow Ball|p1a: Glimmora\n|-damage|p1a: Glimmora|0 fnt\n|faint|p1a: Glimmora\n|-ability|p2a: Spectrier|Grim Neigh|boost\n|-boost|p2a: Spectrier|spa|1\n|-damage|p2a: Spectrier|247/274|[from] item: Life Orb\n|\n|upkeep\n|\n|t:|1781418171\n|switch|p1a: Diancie|Diancie, L82|216/216\n|turn|17\n|\n|t:|1781418191\n|move|p2a: Spectrier|Nasty Plot|p2a: Spectrier\n|-boost|p2a: Spectrier|spa|2\n|move|p1a: Diancie|Diamond Storm|p2a: Spectrier\n|-damage|p2a: Spectrier|93/274\n|\n|upkeep\n|turn|18\n|\n|t:|1781418211\n|move|p2a: Spectrier|Shadow Ball|p1a: Diancie\n|-damage|p1a: Diancie|5/216\n|-damage|p2a: Spectrier|66/274|[from] item: Life Orb\n|move|p1a: Diancie|Diamond Storm|p2a: Spectrier\n|-damage|p2a: Spectrier|0 fnt\n|-boost|p1a: Diancie|def|2\n|faint|p2a: Spectrier\n|\n|-heal|p1a: Diancie|18/216|[from] item: Leftovers\n|upkeep\n|\n|t:|1781418223\n|switch|p2a: Dachsbun|Dachsbun, L92, F|254/254\n|turn|19\n|\n|t:|1781418231\n|move|p2a: Dachsbun|Play Rough|p1a: Diancie\n|-damage|p1a: Diancie|0 fnt\n|faint|p1a: Diancie\n|\n|upkeep\n|\n|t:|1781418252\n|switch|p1a: Registeel|Registeel, L81|262/262\n|turn|20\n|\n|t:|1781418275\n|move|p2a: Dachsbun|Body Press|p1a: Registeel\n|-supereffective|p1a: Registeel\n|-damage|p1a: Registeel|156/262\n|move|p1a: Registeel|Iron Head|p2a: Dachsbun\n|-supereffective|p2a: Dachsbun\n|-damage|p2a: Dachsbun|164/254\n|\n|-heal|p2a: Dachsbun|179/254|[from] item: Leftovers\n|-heal|p1a: Registeel|172/262|[from] item: Leftovers\n|upkeep\n|turn|21\n|\n|t:|1781418285\n|move|p2a: Dachsbun|Wish|p2a: Dachsbun\n|move|p1a: Registeel|Thunder Wave|p2a: Dachsbun\n|-status|p2a: Dachsbun|par\n|\n|-heal|p1a: Registeel|188/262|[from] item: Leftovers\n|-heal|p2a: Dachsbun|194/254 par|[from] item: Leftovers\n|upkeep\n|turn|22\n|\n|t:|1781418293\n|move|p1a: Registeel|Stealth Rock|p2a: Dachsbun\n|-sidestart|p2: surge_phoenix|move: Stealth Rock\n|move|p2a: Dachsbun|Body Press|p1a: Registeel\n|-supereffective|p1a: Registeel\n|-damage|p1a: Registeel|78/262\n|\n|-heal|p2a: Dachsbun|254/254 par|[from] move: Wish|[wisher] Dachsbun\n|-heal|p1a: Registeel|94/262|[from] item: Leftovers\n|upkeep\n|turn|23\n|\n|t:|1781418303\n|move|p1a: Registeel|Iron Head|p2a: Dachsbun\n|-supereffective|p2a: Dachsbun\n|-damage|p2a: Dachsbun|158/254 par\n|move|p2a: Dachsbun|Wish|p2a: Dachsbun\n|\n|-heal|p1a: Registeel|110/262|[from] item: Leftovers\n|-heal|p2a: Dachsbun|173/254 par|[from] item: Leftovers\n|upkeep\n|turn|24\n|\n|t:|1781418318\n|move|p1a: Registeel|Iron Head|p2a: Dachsbun\n|-supereffective|p2a: Dachsbun\n|-damage|p2a: Dachsbun|77/254 par\n|move|p2a: Dachsbun|Body Press|p1a: Registeel\n|-supereffective|p1a: Registeel\n|-damage|p1a: Registeel|12/262\n|\n|-heal|p2a: Dachsbun|204/254 par|[from] move: Wish|[wisher] Dachsbun\n|-heal|p1a: Registeel|28/262|[from] item: Leftovers\n|-heal|p2a: Dachsbun|219/254 par|[from] item: Leftovers\n|upkeep\n|turn|25\n|\n|t:|1781418331\n|move|p1a: Registeel|Iron Head|p2a: Dachsbun\n|-supereffective|p2a: Dachsbun\n|-damage|p2a: Dachsbun|121/254 par\n|move|p2a: Dachsbun|Wish|p2a: Dachsbun\n|\n|-heal|p1a: Registeel|44/262|[from] item: Leftovers\n|-heal|p2a: Dachsbun|136/254 par|[from] item: Leftovers\n|upkeep\n|turn|26\n|\n|t:|1781418339\n|move|p2a: Dachsbun|Protect|p2a: Dachsbun\n|-singleturn|p2a: Dachsbun|Protect\n|move|p1a: Registeel|Iron Head|p2a: Dachsbun\n|-activate|p2a: Dachsbun|move: Protect\n|\n|-heal|p2a: Dachsbun|254/254 par|[from] move: Wish|[wisher] Dachsbun\n|-heal|p1a: Registeel|60/262|[from] item: Leftovers\n|upkeep\n|turn|27\n|\n|t:|1781418349\n|move|p1a: Registeel|Iron Head|p2a: Dachsbun\n|-supereffective|p2a: Dachsbun\n|-damage|p2a: Dachsbun|146/254 par\n|move|p2a: Dachsbun|Body Press|p1a: Registeel\n|-supereffective|p1a: Registeel\n|-damage|p1a: Registeel|0 fnt\n|faint|p1a: Registeel\n|\n|-heal|p2a: Dachsbun|161/254 par|[from] item: Leftovers\n|upkeep\n|\n|t:|1781418359\n|switch|p1a: Leafeon|Leafeon, L88, F|258/258\n|turn|28\n|\n|t:|1781418366\n|move|p1a: Leafeon|Swords Dance|p1a: Leafeon\n|-boost|p1a: Leafeon|atk|2\n|move|p2a: Dachsbun|Wish|p2a: Dachsbun\n|\n|-heal|p2a: Dachsbun|176/254 par|[from] item: Leftovers\n|upkeep\n|turn|29\n|\n|t:|1781418376\n|move|p1a: Leafeon|Leaf Blade|p2a: Dachsbun\n|-damage|p2a: Dachsbun|0 fnt\n|faint|p2a: Dachsbun\n|-damage|p1a: Leafeon|233/258|[from] item: Life Orb\n|\n|win|cufufhhnhbyjy\n", "uploadtime": 1781418384, "views": 4, "formatid": "gen9randombattle", "rating": null, "private": 0, "password": null}