{"id": "gen9randombattle-2631766834", "format": "[Gen 9] Random Battle", "players": ["Okidoyuuki", "magictac1"], "log": "|j|\u2606Okidoyuuki\n|j|\u2606magictac1\n|t:|1781436388\n|gametype|singles\n|player|p1|Okidoyuuki|2|1934\n|player|p2|magictac1|riley|1914\n|gen|9\n|tier|[Gen 9] Random Battle\n|rated|\n|rule|Species Clause: Limit one of each Pok\u00e9mon\n|rule|HP Percentage Mod: HP is shown in percentages\n|rule|Sleep Clause Mod: Limit one foe put to sleep\n|rule|Illusion Level Mod: Illusion disguises the Pok\u00e9mon's true level\n|\n|t:|1781436388\n|teamsize|p1|6\n|teamsize|p2|6\n|start\n|switch|p1a: Basculegion|Basculegion, L80, M|323/323\n|switch|p2a: Cobalion|Cobalion, L80|277/277\n|turn|1\n|\n|t:|1781436396\n|move|p2a: Cobalion|Stealth Rock|p1a: Basculegion\n|-sidestart|p1: Okidoyuuki|move: Stealth Rock\n|move|p1a: Basculegion|Flip Turn|p2a: Cobalion\n|-damage|p2a: Cobalion|209/277\n|inactive|Battle timer is ON: inactive players will automatically lose when time's up. (requested by magictac1)\n|\n|t:|1781436405\n|switch|p1a: Dedenne|Dedenne, L88, F|261/261|[from] Flip Turn\n|-damage|p1a: Dedenne|229/261|[from] Stealth Rock\n|\n|-heal|p2a: Cobalion|226/277|[from] item: Leftovers\n|upkeep\n|turn|2\n|\n|t:|1781436423\n|switch|p2a: Abomasnow|Abomasnow, L84, M|287/287\n|-weather|Snowscape|[from] ability: Snow Warning|[of] p2a: Abomasnow\n|move|p1a: Dedenne|Nuzzle|p2a: Abomasnow\n|-resisted|p2a: Abomasnow\n|-damage|p2a: Abomasnow|281/287\n|-status|p2a: Abomasnow|par\n|\n|-weather|Snowscape|[upkeep]\n|upkeep\n|turn|3\n|\n|t:|1781436434\n|move|p1a: Dedenne|U-turn|p2a: Abomasnow\n|-supereffective|p2a: Abomasnow\n|-damage|p2a: Abomasnow|219/287 par\n|\n|t:|1781436439\n|switch|p1a: Corviknight|Corviknight, L80, M|288/288|[from] U-turn\n|-damage|p1a: Corviknight|252/288|[from] Stealth Rock\n|move|p2a: Abomasnow|Aurora Veil|p2a: Abomasnow\n|-sidestart|p2: magictac1|move: Aurora Veil\n|\n|-weather|Snowscape|[upkeep]\n|upkeep\n|turn|4\n|\n|t:|1781436455\n|switch|p2a: Rotom|Rotom-Mow, L87|229/229\n|move|p1a: Corviknight|Defog|p2a: Rotom\n|-unboost|p2a: Rotom|evasion|1\n|-sideend|p2: magictac1|move: Aurora Veil\n|-sideend|p1: Okidoyuuki|Stealth Rock|[from] move: Defog|[of] p1a: Corviknight\n|\n|-weather|Snowscape|[upkeep]\n|upkeep\n|turn|5\n|\n|t:|1781436465\n|switch|p1a: Palossand|Palossand, L89, M|296/296\n|move|p2a: Rotom|Volt Switch|p1a: Palossand\n|-immune|p1a: Palossand\n|\n|-weather|Snowscape|[upkeep]\n|upkeep\n|turn|6\n|l|\u2606magictac1\n|inactive|magictac1 disconnected and has a minute to reconnect!\n|player|p2|\n|j|\u2606magictac1\n|inactive|magictac1 reconnected and has 130 seconds left.\n|player|p2|magictac1|riley|\n|\n|t:|1781436493\n|switch|p2a: Abomasnow|Abomasnow, L84, M|219/287 par\n|switch|p1a: Magearna|Magearna, L77|250/250\n|\n|-weather|none\n|upkeep\n|turn|7\n|\n|t:|1781436504\n|move|p1a: Magearna|Shift Gear|p1a: Magearna\n|-boost|p1a: Magearna|spe|2\n|-boost|p1a: Magearna|atk|1\n|cant|p2a: Abomasnow|par\n|\n|upkeep\n|turn|8\n|l|\u2606magictac1\n|inactive|magictac1 disconnected and has a minute to reconnect!\n|player|p2|\n|inactive|magictac1 has 30 seconds to reconnect!\n|inactive|magictac1 has 20 seconds to reconnect!\n|inactive|magictac1 has 15 seconds to reconnect!\n|inactive|magictac1 has 10 seconds to reconnect!\n|inactive|magictac1 has 5 seconds to reconnect!\n|-message|magictac1 lost due to inactivity.\n|\n|win|Okidoyuuki\n", "uploadtime": 1781436389, "views": 7, "formatid": "gen9randombattle", "rating": null, "private": 0, "password": null}