{"id": "gen9randombattle-2631704255", "format": "[Gen 9] Random Battle", "players": ["trenchwarrior", "Higgelhiggel"], "log": "|j|\u2606trenchwarrior\n|j|\u2606Higgelhiggel\n|t:|1781425182\n|gametype|singles\n|player|p1|trenchwarrior|byron|2299\n|player|p2|Higgelhiggel|265|2170\n|gen|9\n|tier|[Gen 9] Random Battle\n|rated|\n|rule|Species Clause: Limit one of each Pok\u00e9mon\n|rule|HP Percentage Mod: HP is shown in percentages\n|rule|Sleep Clause Mod: Limit one foe put to sleep\n|rule|Illusion Level Mod: Illusion disguises the Pok\u00e9mon's true level\n|\n|t:|1781425182\n|teamsize|p1|6\n|teamsize|p2|6\n|start\n|switch|p1a: Palafin|Palafin, L77, F|281/281\n|switch|p2a: Meowstic|Meowstic-F, L89, F|277/277\n|turn|1\n|inactive|Battle timer is ON: inactive players will automatically lose when time's up. (requested by trenchwarrior)\n|\n|t:|1781425199\n|detailschange|p1a: Palafin|Palafin-Hero, L77, F\n|switch|p1a: Iron Treads|Iron Treads, L77|265/265\n|move|p2a: Meowstic|Nasty Plot|p2a: Meowstic\n|-boost|p2a: Meowstic|spa|2\n|\n|upkeep\n|turn|2\n|\n|t:|1781425208\n|move|p2a: Meowstic|Dark Pulse|p1a: Iron Treads\n|-damage|p1a: Iron Treads|139/265\n|-damage|p2a: Meowstic|250/277|[from] item: Life Orb\n|move|p1a: Iron Treads|Rapid Spin|p2a: Meowstic\n|-damage|p2a: Meowstic|212/277\n|-boost|p1a: Iron Treads|spe|1\n|\n|upkeep\n|turn|3\n|\n|t:|1781425224\n|move|p1a: Iron Treads|Knock Off|p2a: Meowstic\n|-supereffective|p2a: Meowstic\n|-damage|p2a: Meowstic|78/277\n|-enditem|p2a: Meowstic|Life Orb|[from] move: Knock Off|[of] p1a: Iron Treads\n|move|p2a: Meowstic|Dark Pulse|p1a: Iron Treads\n|-damage|p1a: Iron Treads|49/265\n|\n|upkeep\n|turn|4\n|\n|t:|1781425236\n|move|p1a: Iron Treads|Earthquake|p2a: Meowstic\n|-damage|p2a: Meowstic|0 fnt\n|faint|p2a: Meowstic\n|\n|upkeep\n|\n|t:|1781425254\n|switch|p2a: Mabosstiff|Mabosstiff, L86, F|278/278\n|turn|5\n|\n|t:|1781425258\n|move|p1a: Iron Treads|Iron Head|p2a: Mabosstiff\n|-damage|p2a: Mabosstiff|208/278\n|cant|p2a: Mabosstiff|flinch\n|\n|upkeep\n|turn|6\n|\n|t:|1781425262\n|move|p1a: Iron Treads|Iron Head|p2a: Mabosstiff\n|-damage|p2a: Mabosstiff|138/278\n|move|p2a: Mabosstiff|Crunch|p1a: Iron Treads\n|-damage|p1a: Iron Treads|0 fnt\n|faint|p1a: Iron Treads\n|-end|p1a: Iron Treads|Quark Drive|[silent]\n|\n|upkeep\n|\n|t:|1781425274\n|switch|p1a: Palafin|Palafin-Hero, L77, F|281/281\n|-activate|p1a: Palafin|ability: Zero to Hero\n|turn|7\n|\n|t:|1781425280\n|move|p1a: Palafin|Bulk Up|p1a: Palafin\n|-boost|p1a: Palafin|atk|1\n|-boost|p1a: Palafin|def|1\n|move|p2a: Mabosstiff|Crunch|p1a: Palafin\n|-damage|p1a: Palafin|181/281\n|\n|-heal|p1a: Palafin|198/281|[from] item: Leftovers\n|upkeep\n|turn|8\n|\n|t:|1781425287\n|move|p1a: Palafin|Drain Punch|p2a: Mabosstiff\n|-supereffective|p2a: Mabosstiff\n|-damage|p2a: Mabosstiff|0 fnt\n|-heal|p1a: Palafin|267/281|[from] drain|[of] p2a: Mabosstiff\n|faint|p2a: Mabosstiff\n|\n|-heal|p1a: Palafin|281/281|[from] item: Leftovers\n|upkeep\n|\n|t:|1781425291\n|switch|p2a: Raging Bolt|Raging Bolt, L78|323/323\n|turn|9\n|\n|t:|1781425296\n|-terastallize|p1a: Palafin|Steel\n|move|p1a: Palafin|Ice Punch|p2a: Raging Bolt\n|-supereffective|p2a: Raging Bolt\n|-damage|p2a: Raging Bolt|121/323\n|move|p2a: Raging Bolt|Calm Mind|p2a: Raging Bolt\n|-boost|p2a: Raging Bolt|spa|1\n|-boost|p2a: Raging Bolt|spd|1\n|\n|-heal|p2a: Raging Bolt|141/323|[from] item: Leftovers\n|upkeep\n|turn|10\n|\n|t:|1781425307\n|move|p1a: Palafin|Drain Punch|p2a: Raging Bolt\n|-damage|p2a: Raging Bolt|42/323\n|move|p2a: Raging Bolt|Thunderbolt|p1a: Palafin\n|-damage|p1a: Palafin|103/281\n|\n|-heal|p1a: Palafin|120/281|[from] item: Leftovers\n|-heal|p2a: Raging Bolt|62/323|[from] item: Leftovers\n|upkeep\n|turn|11\n|\n|t:|1781425327\n|move|p2a: Raging Bolt|Thunderclap|p1a: Palafin\n|-damage|p1a: Palafin|0 fnt\n|faint|p1a: Palafin\n|\n|-heal|p2a: Raging Bolt|82/323|[from] item: Leftovers\n|upkeep\n|\n|t:|1781425329\n|switch|p1a: Indeedee|Indeedee, L84, M|238/238\n|-fieldstart|move: Psychic Terrain|[from] ability: Psychic Surge|[of] p1a: Indeedee\n|turn|12\n|\n|t:|1781425336\n|move|p1a: Indeedee|Expanding Force|p2a: Raging Bolt\n|-damage|p2a: Raging Bolt|0 fnt\n|faint|p2a: Raging Bolt\n|-end|p2a: Raging Bolt|Protosynthesis|[silent]\n|-damage|p1a: Indeedee|215/238|[from] item: Life Orb\n|\n|upkeep\n|\n|t:|1781425343\n|switch|p2a: Chimecho|Chimecho, L93, F|290/290\n|turn|13\n|\n|t:|1781425356\n|switch|p1a: Decidueye|Decidueye, L88, M|281/281\n|move|p2a: Chimecho|Thunder Wave|p1a: Decidueye\n|-status|p1a: Decidueye|par\n|\n|upkeep\n|turn|14\n|\n|t:|1781425365\n|switch|p2a: Torkoal|Torkoal, L88, F|266/266\n|-weather|SunnyDay|[from] ability: Drought|[of] p2a: Torkoal\n|move|p1a: Decidueye|Poltergeist|p2a: Torkoal\n|-activate|p2a: Torkoal|move: Poltergeist|Heavy-Duty Boots\n|-crit|p2a: Torkoal\n|-damage|p2a: Torkoal|89/266\n|-damage|p1a: Decidueye|253/281 par|[from] item: Life Orb\n|\n|-weather|SunnyDay|[upkeep]\n|upkeep\n|turn|15\n|\n|t:|1781425377\n|switch|p1a: Hydrapple|Hydrapple, L83, F|312/312\n|move|p2a: Torkoal|Stealth Rock|p1a: Hydrapple\n|-sidestart|p1: trenchwarrior|move: Stealth Rock\n|\n|-weather|SunnyDay|[upkeep]\n|upkeep\n|turn|16\n|\n|t:|1781425382\n|move|p1a: Hydrapple|Fickle Beam|p2a: Torkoal|[anim] Fickle Beam All Out\n|-activate|p1a: Hydrapple|move: Fickle Beam\n|-crit|p2a: Torkoal\n|-damage|p2a: Torkoal|0 fnt\n|faint|p2a: Torkoal\n|\n|-weather|SunnyDay|[upkeep]\n|-fieldend|move: Psychic Terrain\n|upkeep\n|\n|t:|1781425397\n|switch|p2a: Gholdengo|Gholdengo, L77|261/261\n|turn|17\n|\n|t:|1781425401\n|move|p2a: Gholdengo|Thunder Wave|p1a: Hydrapple|[miss]\n|-miss|p2a: Gholdengo|p1a: Hydrapple\n|move|p1a: Hydrapple|Fickle Beam|p2a: Gholdengo|[anim] Fickle Beam All Out\n|-activate|p1a: Hydrapple|move: Fickle Beam\n|-resisted|p2a: Gholdengo\n|-damage|p2a: Gholdengo|99/261\n|\n|-weather|SunnyDay|[upkeep]\n|-heal|p2a: Gholdengo|115/261|[from] item: Leftovers\n|upkeep\n|turn|18\n|\n|t:|1781425414\n|switch|p1a: Decidueye|Decidueye, L88, M|253/281 par\n|-damage|p1a: Decidueye|218/281 par|[from] Stealth Rock\n|move|p2a: Gholdengo|Recover|p2a: Gholdengo\n|-heal|p2a: Gholdengo|246/261\n|\n|-weather|none\n|-heal|p2a: Gholdengo|261/261|[from] item: Leftovers\n|upkeep\n|turn|19\n|c|\u2606Higgelhiggel|Rng ain't on my side\n|\n|t:|1781425421\n|move|p2a: Gholdengo|Shadow Ball|p1a: Decidueye\n|-supereffective|p1a: Decidueye\n|-damage|p1a: Decidueye|44/281 par\n|cant|p1a: Decidueye|par\n|\n|upkeep\n|turn|20\n|\n|t:|1781425426\n|move|p1a: Decidueye|Shadow Sneak|p2a: Gholdengo\n|-supereffective|p2a: Gholdengo\n|-damage|p2a: Gholdengo|113/261\n|-damage|p1a: Decidueye|16/281 par|[from] item: Life Orb\n|move|p2a: Gholdengo|Shadow Ball|p1a: Decidueye\n|-supereffective|p1a: Decidueye\n|-damage|p1a: Decidueye|0 fnt\n|faint|p1a: Decidueye\n|\n|-heal|p2a: Gholdengo|129/261|[from] item: Leftovers\n|upkeep\n|\n|t:|1781425442\n|switch|p1a: Indeedee|Indeedee, L84, M|215/238\n|-damage|p1a: Indeedee|186/238|[from] Stealth Rock\n|-fieldstart|move: Psychic Terrain|[from] ability: Psychic Surge|[of] p1a: Indeedee\n|turn|21\n|\n|t:|1781425446\n|-terastallize|p2a: Gholdengo|Steel\n|move|p1a: Indeedee|Calm Mind|p1a: Indeedee\n|-boost|p1a: Indeedee|spa|1\n|-boost|p1a: Indeedee|spd|1\n|move|p2a: Gholdengo|Recover|p2a: Gholdengo\n|-heal|p2a: Gholdengo|260/261\n|\n|-heal|p2a: Gholdengo|261/261|[from] item: Leftovers\n|upkeep\n|turn|22\n|\n|t:|1781425454\n|move|p1a: Indeedee|Expanding Force|p2a: Gholdengo\n|-resisted|p2a: Gholdengo\n|-damage|p2a: Gholdengo|93/261\n|-damage|p1a: Indeedee|163/238|[from] item: Life Orb\n|move|p2a: Gholdengo|Thunder Wave|p1a: Indeedee|[miss]\n|-miss|p2a: Gholdengo|p1a: Indeedee\n|\n|-heal|p2a: Gholdengo|109/261|[from] item: Leftovers\n|upkeep\n|turn|23\n|\n|t:|1781425460\n|move|p1a: Indeedee|Expanding Force|p2a: Gholdengo\n|-resisted|p2a: Gholdengo\n|-damage|p2a: Gholdengo|0 fnt\n|faint|p2a: Gholdengo\n|-damage|p1a: Indeedee|140/238|[from] item: Life Orb\n|\n|upkeep\n|\n|t:|1781425464\n|switch|p2a: Chimecho|Chimecho, L93, F|290/290\n|turn|24\n|\n|t:|1781425466\n|move|p1a: Indeedee|Shadow Ball|p2a: Chimecho\n|-supereffective|p2a: Chimecho\n|-damage|p2a: Chimecho|66/290\n|-damage|p1a: Indeedee|117/238|[from] item: Life Orb\n|move|p2a: Chimecho|Thunder Wave|p1a: Indeedee\n|-status|p1a: Indeedee|par\n|\n|-heal|p2a: Chimecho|84/290|[from] item: Leftovers\n|upkeep\n|turn|25\n|\n|t:|1781425471\n|move|p2a: Chimecho|Recover|p2a: Chimecho\n|-heal|p2a: Chimecho|229/290\n|cant|p1a: Indeedee|par\n|\n|-heal|p2a: Chimecho|247/290|[from] item: Leftovers\n|-fieldend|move: Psychic Terrain\n|upkeep\n|turn|26\n|\n|t:|1781425474\n|move|p2a: Chimecho|Knock Off|p1a: Indeedee\n|-supereffective|p1a: Indeedee\n|-damage|p1a: Indeedee|0 fnt\n|-enditem|p1a: Indeedee|Life Orb|[from] move: Knock Off|[of] p2a: Chimecho\n|faint|p1a: Indeedee\n|\n|-heal|p2a: Chimecho|265/290|[from] item: Leftovers\n|upkeep\n|\n|t:|1781425486\n|switch|p1a: Hydrapple|Hydrapple, L83, F|312/312\n|-damage|p1a: Hydrapple|273/312|[from] Stealth Rock\n|turn|27\n|\n|t:|1781425488\n|move|p2a: Chimecho|Thunder Wave|p1a: Hydrapple\n|-status|p1a: Hydrapple|par\n|cant|p1a: Hydrapple|par\n|\n|-heal|p2a: Chimecho|283/290|[from] item: Leftovers\n|upkeep\n|turn|28\n|\n|t:|1781425493\n|move|p2a: Chimecho|Knock Off|p1a: Hydrapple\n|-damage|p1a: Hydrapple|228/312 par\n|-enditem|p1a: Hydrapple|Choice Specs|[from] move: Knock Off|[of] p2a: Chimecho\n|move|p1a: Hydrapple|Fickle Beam|p2a: Chimecho\n|-damage|p2a: Chimecho|196/290\n|\n|-heal|p2a: Chimecho|214/290|[from] item: Leftovers\n|upkeep\n|turn|29\n|\n|t:|1781425499\n|move|p2a: Chimecho|Psychic Noise|p1a: Hydrapple\n|-damage|p1a: Hydrapple|120/312 par\n|-start|p1a: Hydrapple|move: Heal Block\n|move|p1a: Hydrapple|Fickle Beam|p2a: Chimecho\n|-damage|p2a: Chimecho|124/290\n|\n|-heal|p2a: Chimecho|142/290|[from] item: Leftovers\n|upkeep\n|turn|30\n|\n|t:|1781425507\n|move|p2a: Chimecho|Recover|p2a: Chimecho\n|-heal|p2a: Chimecho|287/290\n|move|p1a: Hydrapple|Fickle Beam|p2a: Chimecho\n|-damage|p2a: Chimecho|200/290\n|\n|-heal|p2a: Chimecho|218/290|[from] item: Leftovers\n|-end|p1a: Hydrapple|move: Heal Block\n|upkeep\n|turn|31\n|\n|t:|1781425512\n|move|p2a: Chimecho|Psychic Noise|p1a: Hydrapple\n|-crit|p1a: Hydrapple\n|-damage|p1a: Hydrapple|0 fnt\n|faint|p1a: Hydrapple\n|\n|-heal|p2a: Chimecho|236/290|[from] item: Leftovers\n|upkeep\n|c|\u2606trenchwarrior|Yeah sure isn't\n|\n|t:|1781425522\n|switch|p1a: Comfey|Comfey, L85, F|225/225\n|-damage|p1a: Comfey|197/225|[from] Stealth Rock\n|turn|32\n|\n|t:|1781425529\n|move|p1a: Comfey|Calm Mind|p1a: Comfey\n|-boost|p1a: Comfey|spa|1\n|-boost|p1a: Comfey|spd|1\n|move|p2a: Chimecho|Thunder Wave|p1a: Comfey\n|-status|p1a: Comfey|par\n|\n|-heal|p2a: Chimecho|254/290|[from] item: Leftovers\n|-heal|p1a: Comfey|211/225 par|[from] item: Leftovers\n|upkeep\n|turn|33\n|\n|t:|1781425532\n|move|p2a: Chimecho|Psychic Noise|p1a: Comfey\n|-damage|p1a: Comfey|160/225 par\n|-start|p1a: Comfey|move: Heal Block\n|cant|p1a: Comfey|par\n|\n|-heal|p2a: Chimecho|272/290|[from] item: Leftovers\n|upkeep\n|turn|34\n|\n|t:|1781425538\n|move|p2a: Chimecho|Knock Off|p1a: Comfey\n|-resisted|p1a: Comfey\n|-damage|p1a: Comfey|137/225 par\n|-enditem|p1a: Comfey|Leftovers|[from] move: Knock Off|[of] p2a: Chimecho\n|move|p1a: Comfey|Calm Mind|p1a: Comfey\n|-boost|p1a: Comfey|spa|1\n|-boost|p1a: Comfey|spd|1\n|\n|-heal|p2a: Chimecho|290/290|[from] item: Leftovers\n|-end|p1a: Comfey|move: Heal Block\n|upkeep\n|turn|35\n|\n|t:|1781425547\n|move|p1a: Comfey|Draining Kiss|p2a: Chimecho\n|-damage|p2a: Chimecho|202/290\n|-heal|p1a: Comfey|203/225 par|[from] drain|[of] p2a: Chimecho\n|move|p2a: Chimecho|Psychic Noise|p1a: Comfey\n|-damage|p1a: Comfey|161/225 par\n|-start|p1a: Comfey|move: Heal Block\n|\n|-heal|p2a: Chimecho|220/290|[from] item: Leftovers\n|upkeep\n|turn|36\n|c|\u2606Higgelhiggel|Think you still got this\n|\n|t:|1781425572\n|move|p2a: Chimecho|Psychic Noise|p1a: Comfey\n|-damage|p1a: Comfey|119/225 par\n|move|p1a: Comfey|Calm Mind|p1a: Comfey\n|-boost|p1a: Comfey|spa|1\n|-boost|p1a: Comfey|spd|1\n|\n|-heal|p2a: Chimecho|238/290|[from] item: Leftovers\n|-end|p1a: Comfey|move: Heal Block\n|upkeep\n|turn|37\n|\n|t:|1781425577\n|move|p1a: Comfey|Draining Kiss|p2a: Chimecho\n|-damage|p2a: Chimecho|133/290\n|-heal|p1a: Comfey|198/225 par|[from] drain|[of] p2a: Chimecho\n|move|p2a: Chimecho|Psychic Noise|p1a: Comfey\n|-damage|p1a: Comfey|165/225 par\n|-start|p1a: Comfey|move: Heal Block\n|\n|-heal|p2a: Chimecho|151/290|[from] item: Leftovers\n|upkeep\n|turn|38\n|\n|t:|1781425587\n|move|p2a: Chimecho|Recover|p2a: Chimecho\n|-heal|p2a: Chimecho|290/290\n|move|p1a: Comfey|Calm Mind|p1a: Comfey\n|-boost|p1a: Comfey|spa|1\n|-boost|p1a: Comfey|spd|1\n|\n|-end|p1a: Comfey|move: Heal Block\n|upkeep\n|turn|39\n|\n|t:|1781425593\n|move|p1a: Comfey|Draining Kiss|p2a: Chimecho\n|-damage|p2a: Chimecho|163/290\n|-heal|p1a: Comfey|225/225 par|[from] drain|[of] p2a: Chimecho\n|move|p2a: Chimecho|Psychic Noise|p1a: Comfey\n|-damage|p1a: Comfey|195/225 par\n|-start|p1a: Comfey|move: Heal Block\n|\n|-heal|p2a: Chimecho|181/290|[from] item: Leftovers\n|upkeep\n|turn|40\n|\n|t:|1781425600\n|move|p2a: Chimecho|Psychic Noise|p1a: Comfey\n|-damage|p1a: Comfey|168/225 par\n|move|p1a: Comfey|Calm Mind|p1a: Comfey\n|-boost|p1a: Comfey|spa|1\n|-boost|p1a: Comfey|spd|1\n|\n|-heal|p2a: Chimecho|199/290|[from] item: Leftovers\n|-end|p1a: Comfey|move: Heal Block\n|upkeep\n|turn|41\n|\n|t:|1781425606\n|move|p1a: Comfey|Draining Kiss|p2a: Chimecho\n|-damage|p2a: Chimecho|39/290\n|-heal|p1a: Comfey|225/225 par|[from] drain|[of] p2a: Chimecho\n|move|p2a: Chimecho|Psychic Noise|p1a: Comfey\n|-crit|p1a: Comfey\n|-damage|p1a: Comfey|107/225 par\n|-start|p1a: Comfey|move: Heal Block\n|\n|-heal|p2a: Chimecho|57/290|[from] item: Leftovers\n|upkeep\n|turn|42\n|c|\u2606Higgelhiggel|And another\n|c|\u2606Higgelhiggel|Please\n|\n|t:|1781425619\n|move|p2a: Chimecho|Psychic Noise|p1a: Comfey\n|-damage|p1a: Comfey|83/225 par\n|move|p1a: Comfey|Stored Power|p2a: Chimecho\n|-resisted|p2a: Chimecho\n|-damage|p2a: Chimecho|0 fnt\n|faint|p2a: Chimecho\n|\n|win|trenchwarrior\n", "uploadtime": 1781425184, "views": 3, "formatid": "gen9randombattle", "rating": null, "private": 0, "password": null}