{"id": "gen9randombattle-2631828229", "format": "[Gen 9] Random Battle", "players": ["5th_Vision", "9624q"], "log": "|j|\u26065th_Vision\n|j|\u26069624q\n|t:|1781445315\n|gametype|singles\n|player|p1|5th_Vision|preschoolerf|1568\n|player|p2|9624q|clair|1599\n|gen|9\n|tier|[Gen 9] Random Battle\n|rated|\n|rule|Species Clause: Limit one of each Pok\u00e9mon\n|rule|HP Percentage Mod: HP is shown in percentages\n|rule|Sleep Clause Mod: Limit one foe put to sleep\n|rule|Illusion Level Mod: Illusion disguises the Pok\u00e9mon's true level\n|\n|t:|1781445315\n|teamsize|p1|6\n|teamsize|p2|6\n|start\n|switch|p1a: Ursaluna|Ursaluna-Bloodmoon, L79, M|308/308\n|switch|p2a: Staraptor|Staraptor, L79, F|263/263\n|turn|1\n|inactive|Battle timer is ON: inactive players will automatically lose when time's up. (requested by 9624q)\n|\n|t:|1781445365\n|move|p2a: Staraptor|Close Combat|p1a: Ursaluna\n|-supereffective|p1a: Ursaluna\n|-damage|p1a: Ursaluna|98/308\n|-unboost|p2a: Staraptor|def|1\n|-unboost|p2a: Staraptor|spd|1\n|move|p1a: Ursaluna|Blood Moon|p2a: Staraptor\n|-damage|p2a: Staraptor|0 fnt\n|faint|p2a: Staraptor\n|\n|-heal|p1a: Ursaluna|117/308|[from] item: Leftovers\n|upkeep\n|\n|t:|1781445377\n|switch|p2a: Regirock|Regirock, L83|268/268\n|turn|2\n|\n|t:|1781445390\n|move|p2a: Regirock|Body Press|p1a: Ursaluna\n|-supereffective|p1a: Ursaluna\n|-damage|p1a: Ursaluna|0 fnt\n|faint|p1a: Ursaluna\n|\n|upkeep\n|\n|t:|1781445399\n|switch|p1a: Deoxys|Deoxys-Speed, L82|216/216\n|-ability|p1a: Deoxys|Pressure\n|turn|3\n|\n|t:|1781445407\n|switch|p2a: Hypno|Hypno, L95, F|315/315\n|move|p1a: Deoxys|Stealth Rock|p2a: Hypno\n|-sidestart|p2: 9624q|move: Stealth Rock\n|\n|upkeep\n|turn|4\n|\n|t:|1781445433\n|-terastallize|p1a: Deoxys|Dark\n|move|p1a: Deoxys|Knock Off|p2a: Hypno\n|-supereffective|p2a: Hypno\n|-damage|p2a: Hypno|42/315\n|-enditem|p2a: Hypno|Leftovers|[from] move: Knock Off|[of] p1a: Deoxys\n|-damage|p1a: Deoxys|195/216|[from] item: Life Orb\n|move|p2a: Hypno|Toxic|p1a: Deoxys|[miss]\n|-miss|p2a: Hypno|p1a: Deoxys\n|\n|upkeep\n|turn|5\n|\n|t:|1781445441\n|move|p1a: Deoxys|Knock Off|p2a: Hypno\n|-supereffective|p2a: Hypno\n|-damage|p2a: Hypno|0 fnt\n|faint|p2a: Hypno\n|-damage|p1a: Deoxys|174/216|[from] item: Life Orb\n|\n|upkeep\n|\n|t:|1781445454\n|switch|p2a: Dondozo|Dondozo, L78, M|362/362\n|-damage|p2a: Dondozo|317/362|[from] Stealth Rock\n|turn|6\n|\n|t:|1781445462\n|move|p1a: Deoxys|Knock Off|p2a: Dondozo\n|-damage|p2a: Dondozo|204/362\n|-enditem|p2a: Dondozo|Leftovers|[from] move: Knock Off|[of] p1a: Deoxys\n|-damage|p1a: Deoxys|153/216|[from] item: Life Orb\n|move|p2a: Dondozo|Curse|p2a: Dondozo\n|-unboost|p2a: Dondozo|spe|1\n|-boost|p2a: Dondozo|atk|1\n|-boost|p2a: Dondozo|def|1\n|\n|upkeep\n|turn|7\n|\n|t:|1781445472\n|move|p1a: Deoxys|Psycho Boost|p2a: Dondozo\n|-damage|p2a: Dondozo|0 fnt\n|-unboost|p1a: Deoxys|spa|2\n|faint|p2a: Dondozo\n|-damage|p1a: Deoxys|132/216|[from] item: Life Orb\n|\n|upkeep\n|-message|9624q forfeited.\n|\n|win|5th_Vision\n|raw|5th_Vision's rating: 1568 &rarr; <strong>1590</strong><br />(+22 for winning)\n|raw|9624q's rating: 1599 &rarr; <strong>1577</strong><br />(-22 for losing)\n|l|\u26069624q\n|player|p2|\n", "uploadtime": 1781445488, "views": 5, "formatid": "gen9randombattle", "rating": 1577, "private": 0, "password": null}