{"id": "gen9randombattle-2631854037", "format": "[Gen 9] Random Battle", "players": ["smolchezz", "misfitqt"], "log": "|j|\u2606smolchezz\n|j|\u2606misfitqt\n|t:|1781448425\n|gametype|singles\n|player|p1|smolchezz|caitlin|\n|player|p2|misfitqt|burglar|\n|gen|9\n|tier|[Gen 9] Random Battle\n|rule|Species Clause: Limit one of each Pok\u00e9mon\n|rule|HP Percentage Mod: HP is shown in percentages\n|rule|Sleep Clause Mod: Limit one foe put to sleep\n|rule|Illusion Level Mod: Illusion disguises the Pok\u00e9mon's true level\n|\n|t:|1781448425\n|teamsize|p1|6\n|teamsize|p2|6\n|start\n|switch|p1a: Gurdurr|Gurdurr, L85, M|283/283\n|switch|p2a: Dewgong|Dewgong, L94, M|322/322\n|turn|1\n|\n|t:|1781448523\n|move|p2a: Dewgong|Knock Off|p1a: Gurdurr\n|-resisted|p1a: Gurdurr\n|-damage|p1a: Gurdurr|262/283\n|-enditem|p1a: Gurdurr|Eviolite|[from] move: Knock Off|[of] p2a: Dewgong\n|move|p1a: Gurdurr|Bulk Up|p1a: Gurdurr\n|-boost|p1a: Gurdurr|atk|1\n|-boost|p1a: Gurdurr|def|1\n|\n|upkeep\n|turn|2\n|\n|t:|1781448533\n|move|p2a: Dewgong|Encore|p1a: Gurdurr\n|-start|p1a: Gurdurr|Encore\n|move|p1a: Gurdurr|Bulk Up|p1a: Gurdurr\n|-boost|p1a: Gurdurr|atk|1\n|-boost|p1a: Gurdurr|def|1\n|\n|upkeep\n|turn|3\n|\n|t:|1781448551\n|move|p2a: Dewgong|Ice Beam|p1a: Gurdurr\n|-damage|p1a: Gurdurr|130/283\n|move|p1a: Gurdurr|Bulk Up|p1a: Gurdurr\n|-boost|p1a: Gurdurr|atk|1\n|-boost|p1a: Gurdurr|def|1\n|\n|upkeep\n|turn|4\n|\n|t:|1781448578\n|switch|p1a: Magearna|Magearna, L77|250/250\n|move|p2a: Dewgong|Surf|p1a: Magearna\n|-damage|p1a: Magearna|169/250\n|\n|-heal|p1a: Magearna|184/250|[from] item: Leftovers\n|upkeep\n|turn|5\n|\n|t:|1781448600\n|move|p2a: Dewgong|Surf|p1a: Magearna\n|-damage|p1a: Magearna|99/250\n|move|p1a: Magearna|Shift Gear|p1a: Magearna\n|-boost|p1a: Magearna|spe|2\n|-boost|p1a: Magearna|atk|1\n|\n|-heal|p1a: Magearna|114/250|[from] item: Leftovers\n|upkeep\n|turn|6\n|\n|t:|1781448617\n|move|p1a: Magearna|Fleur Cannon|p2a: Dewgong|[miss]\n|-miss|p1a: Magearna|p2a: Dewgong\n|move|p2a: Dewgong|Surf|p1a: Magearna\n|-damage|p1a: Magearna|27/250\n|\n|-heal|p1a: Magearna|42/250|[from] item: Leftovers\n|upkeep\n|turn|7\n|c|\u2606smolchezz|BRUH\n|\n|t:|1781448643\n|-terastallize|p2a: Dewgong|Poison\n|move|p1a: Magearna|Fleur Cannon|p2a: Dewgong\n|-resisted|p2a: Dewgong\n|-crit|p2a: Dewgong\n|-damage|p2a: Dewgong|228/322\n|-unboost|p1a: Magearna|spa|2\n|move|p2a: Dewgong|Surf|p1a: Magearna\n|-damage|p1a: Magearna|0 fnt\n|faint|p1a: Magearna\n|\n|upkeep\n|\n|t:|1781448668\n|switch|p1a: Sceptile|Sceptile, L87, M|264/264\n|turn|8\n|\n|t:|1781448702\n|-terastallize|p1a: Sceptile|Steel\n|move|p1a: Sceptile|Earthquake|p2a: Dewgong\n|-supereffective|p2a: Dewgong\n|-damage|p2a: Dewgong|67/322\n|-damage|p1a: Sceptile|238/264|[from] item: Life Orb\n|move|p2a: Dewgong|Ice Beam|p1a: Sceptile\n|-resisted|p1a: Sceptile\n|-damage|p1a: Sceptile|192/264\n|\n|upkeep\n|turn|9\n|\n|t:|1781448716\n|move|p1a: Sceptile|Earthquake|p2a: Dewgong\n|-supereffective|p2a: Dewgong\n|-damage|p2a: Dewgong|0 fnt\n|faint|p2a: Dewgong\n|-damage|p1a: Sceptile|166/264|[from] item: Life Orb\n|\n|upkeep\n|\n|t:|1781448737\n|switch|p2a: Okidogi|Okidogi, L77, M|262/262\n|turn|10\n|\n|t:|1781448752\n|move|p1a: Sceptile|Earthquake|p2a: Okidogi\n|-supereffective|p2a: Okidogi\n|-damage|p2a: Okidogi|93/262\n|-damage|p1a: Sceptile|140/264|[from] item: Life Orb\n|move|p2a: Okidogi|Bulk Up|p2a: Okidogi\n|-boost|p2a: Okidogi|atk|1\n|-boost|p2a: Okidogi|def|1\n|\n|-heal|p2a: Okidogi|109/262|[from] item: Leftovers\n|upkeep\n|turn|11\n|\n|t:|1781448763\n|move|p1a: Sceptile|Earthquake|p2a: Okidogi\n|-supereffective|p2a: Okidogi\n|-damage|p2a: Okidogi|8/262\n|-damage|p1a: Sceptile|114/264|[from] item: Life Orb\n|move|p2a: Okidogi|Drain Punch|p1a: Sceptile\n|-supereffective|p1a: Sceptile\n|-damage|p1a: Sceptile|0 fnt\n|-heal|p2a: Okidogi|65/262|[from] drain|[of] p1a: Sceptile\n|faint|p1a: Sceptile\n|\n|-heal|p2a: Okidogi|81/262|[from] item: Leftovers\n|upkeep\n|\n|t:|1781448784\n|switch|p1a: Salamence|Salamence, L77, F|273/273\n|-ability|p1a: Salamence|Intimidate|boost\n|-unboost|p2a: Okidogi|atk|1\n|turn|12\n|\n|t:|1781448796\n|move|p1a: Salamence|Dual Wingbeat|p2a: Okidogi\n|-supereffective|p2a: Okidogi\n|-damage|p2a: Okidogi|27/262\n|-supereffective|p2a: Okidogi\n|-damage|p2a: Okidogi|0 fnt\n|faint|p2a: Okidogi\n|-hitcount|p2: Okidogi|2\n|\n|upkeep\n|\n|t:|1781448809\n|switch|p2a: Dedenne|Dedenne, L88, M|261/261\n|turn|13\n|\n|t:|1781448832\n|switch|p1a: Scovillain|Scovillain, L91, F|266/266\n|move|p2a: Dedenne|Nuzzle|p1a: Scovillain\n|-resisted|p1a: Scovillain\n|-damage|p1a: Scovillain|257/266\n|-status|p1a: Scovillain|par\n|\n|upkeep\n|turn|14\n|\n|t:|1781448852\n|move|p2a: Dedenne|U-turn|p1a: Scovillain\n|-damage|p1a: Scovillain|213/266 par\n|\n|t:|1781448865\n|switch|p2a: Gengar|Gengar, L81, M|230/230|[from] U-turn\n|cant|p1a: Scovillain|par\n|\n|upkeep\n|turn|15\n|c|\u2606smolchezz|bruh\n|\n|t:|1781448885\n|move|p2a: Gengar|Sludge Wave|p1a: Scovillain\n|-supereffective|p1a: Scovillain\n|-damage|p1a: Scovillain|0 fnt\n|faint|p1a: Scovillain\n|-damage|p2a: Gengar|207/230|[from] item: Life Orb\n|\n|upkeep\n|\n|t:|1781448896\n|switch|p1a: Gurdurr|Gurdurr, L85, M|130/283\n|turn|16\n|\n|t:|1781448906\n|move|p2a: Gengar|Sludge Wave|p1a: Gurdurr\n|-damage|p1a: Gurdurr|0 fnt\n|faint|p1a: Gurdurr\n|-damage|p2a: Gengar|184/230|[from] item: Life Orb\n|\n|upkeep\n|\n|t:|1781448914\n|switch|p1a: Garganacl|Garganacl, L80, M|291/291\n|turn|17\n|\n|t:|1781448930\n|move|p2a: Gengar|Shadow Ball|p1a: Garganacl\n|-damage|p1a: Garganacl|223/291\n|-unboost|p1a: Garganacl|spd|1\n|-damage|p2a: Gengar|161/230|[from] item: Life Orb\n|move|p1a: Garganacl|Salt Cure|p2a: Gengar\n|-damage|p2a: Gengar|103/230\n|-start|p2a: Gengar|Salt Cure\n|-start|p1a: Garganacl|Disable|Salt Cure|[from] ability: Cursed Body|[of] p2a: Gengar\n|\n|-heal|p1a: Garganacl|241/291|[from] item: Leftovers\n|-damage|p2a: Gengar|75/230|[from] Salt Cure\n|upkeep\n|turn|18\n|c|\u2606smolchezz|BRUH\n|\n|t:|1781448951\n|move|p1a: Garganacl|Protect|p1a: Garganacl\n|-singleturn|p1a: Garganacl|Protect\n|move|p2a: Gengar|Encore|p1a: Garganacl\n|-activate|p1a: Garganacl|move: Protect\n|\n|-heal|p1a: Garganacl|259/291|[from] item: Leftovers\n|-damage|p2a: Gengar|47/230|[from] Salt Cure\n|upkeep\n|turn|19\n|\n|t:|1781448970\n|switch|p1a: Salamence|Salamence, L77, F|273/273\n|-ability|p1a: Salamence|Intimidate|boost\n|-unboost|p2a: Gengar|atk|1\n|move|p2a: Gengar|Encore||[still]\n|-fail|p2a: Gengar\n|\n|-damage|p2a: Gengar|19/230|[from] Salt Cure\n|upkeep\n|turn|20\n|\n|t:|1781448985\n|switch|p1a: Garganacl|Garganacl, L80, M|259/291\n|move|p2a: Gengar|Will-O-Wisp|p1a: Garganacl\n|-immune|p1a: Garganacl|[from] ability: Purifying Salt\n|\n|-heal|p1a: Garganacl|277/291|[from] item: Leftovers\n|-damage|p2a: Gengar|0 fnt|[from] Salt Cure\n|faint|p2a: Gengar\n|upkeep\n|c|\u2606smolchezz|read\n|c|\u2606misfitqt|No read you js wanted to do that\n|\n|t:|1781449014\n|switch|p2a: Gliscor|Gliscor, L76, M|239/239\n|turn|21\n|\n|t:|1781449029\n|move|p2a: Gliscor|Protect|p2a: Gliscor\n|-singleturn|p2a: Gliscor|Protect\n|move|p1a: Garganacl|Salt Cure|p2a: Gliscor\n|-activate|p2a: Gliscor|move: Protect\n|\n|-heal|p1a: Garganacl|291/291|[from] item: Leftovers\n|-status|p2a: Gliscor|tox|[from] item: Toxic Orb\n|upkeep\n|turn|22\n|\n|t:|1781449039\n|move|p2a: Gliscor|Substitute|p2a: Gliscor\n|-start|p2a: Gliscor|Substitute\n|-damage|p2a: Gliscor|180/239 tox\n|move|p1a: Garganacl|Salt Cure|p2a: Gliscor\n|-activate|p2a: Gliscor|move: Substitute|[damage]\n|\n|-heal|p2a: Gliscor|209/239 tox|[from] ability: Poison Heal\n|upkeep\n|turn|23\n|\n|t:|1781449049\n|switch|p1a: Salamence|Salamence, L77, F|273/273\n|-ability|p1a: Salamence|Intimidate|boost\n|-immune|p2a: Gliscor\n|move|p2a: Gliscor|Earthquake|p1a: Salamence\n|-immune|p1a: Salamence\n|\n|-heal|p2a: Gliscor|238/239 tox|[from] ability: Poison Heal\n|upkeep\n|turn|24\n|\n|t:|1781449061\n|move|p1a: Salamence|Dragon Dance|p1a: Salamence\n|-boost|p1a: Salamence|atk|1\n|-boost|p1a: Salamence|spe|1\n|move|p2a: Gliscor|Toxic|p1a: Salamence|[miss]\n|-miss|p2a: Gliscor|p1a: Salamence\n|\n|-heal|p2a: Gliscor|239/239 tox|[from] ability: Poison Heal\n|upkeep\n|turn|25\n|c|\u2606misfitqt|Lucky\n|\n|t:|1781449073\n|move|p1a: Salamence|Dual Wingbeat|p2a: Gliscor\n|-end|p2a: Gliscor|Substitute\n|-damage|p2a: Gliscor|179/239 tox\n|-hitcount|p2a: Gliscor|2\n|move|p2a: Gliscor|Toxic|p1a: Salamence\n|-status|p1a: Salamence|tox\n|\n|-damage|p1a: Salamence|256/273 tox|[from] psn\n|-heal|p2a: Gliscor|208/239 tox|[from] ability: Poison Heal\n|upkeep\n|turn|26\n|\n|t:|1781449084\n|move|p2a: Gliscor|Protect|p2a: Gliscor\n|-singleturn|p2a: Gliscor|Protect\n|move|p1a: Salamence|Dual Wingbeat|p2a: Gliscor\n|-activate|p2a: Gliscor|move: Protect\n|\n|-damage|p1a: Salamence|222/273 tox|[from] psn\n|-heal|p2a: Gliscor|237/239 tox|[from] ability: Poison Heal\n|upkeep\n|turn|27\n|\n|t:|1781449095\n|move|p1a: Salamence|Dual Wingbeat|p2a: Gliscor\n|-damage|p2a: Gliscor|179/239 tox\n|-damage|p2a: Gliscor|121/239 tox\n|-hitcount|p2a: Gliscor|2\n|move|p2a: Gliscor|Substitute|p2a: Gliscor\n|-start|p2a: Gliscor|Substitute\n|-damage|p2a: Gliscor|62/239 tox\n|\n|-damage|p1a: Salamence|171/273 tox|[from] psn\n|-heal|p2a: Gliscor|91/239 tox|[from] ability: Poison Heal\n|upkeep\n|turn|28\n|\n|t:|1781449107\n|move|p2a: Gliscor|Protect|p2a: Gliscor\n|-singleturn|p2a: Gliscor|Protect\n|move|p1a: Salamence|Dual Wingbeat|p2a: Gliscor\n|-activate|p2a: Gliscor|move: Protect\n|\n|-damage|p1a: Salamence|103/273 tox|[from] psn\n|-heal|p2a: Gliscor|120/239 tox|[from] ability: Poison Heal\n|upkeep\n|turn|29\n|c|\u2606smolchezz|bruh\n|c|\u2606smolchezz|anoyying\n|\n|t:|1781449120\n|move|p2a: Gliscor|Protect||[still]\n|-fail|p2a: Gliscor\n|move|p1a: Salamence|Dual Wingbeat|p2a: Gliscor\n|-activate|p2a: Gliscor|move: Substitute|[damage]\n|-end|p2a: Gliscor|Substitute\n|-hitcount|p2a: Gliscor|2\n|\n|-damage|p1a: Salamence|18/273 tox|[from] psn\n|-heal|p2a: Gliscor|149/239 tox|[from] ability: Poison Heal\n|upkeep\n|turn|30\n|c|\u2606smolchezz|gay boy\n|\n|t:|1781449131\n|move|p2a: Gliscor|Protect|p2a: Gliscor\n|-singleturn|p2a: Gliscor|Protect\n|move|p1a: Salamence|Dual Wingbeat|p2a: Gliscor\n|-activate|p2a: Gliscor|move: Protect\n|\n|-damage|p1a: Salamence|0 fnt|[from] psn\n|faint|p1a: Salamence\n|-heal|p2a: Gliscor|178/239 tox|[from] ability: Poison Heal\n|upkeep\n|\n|t:|1781449135\n|switch|p1a: Garganacl|Garganacl, L80, M|291/291\n|turn|31\n|-message|smolchezz forfeited.\n|\n|win|misfitqt\n|l|\u2606smolchezz\n|player|p1|\n", "uploadtime": 1781449147, "views": 3, "formatid": "gen9randombattle", "rating": null, "private": 0, "password": null}