{"id": "gen9randombattle-2631425496", "format": "[Gen 9] Random Battle", "players": ["Goundas05", "ultipokemast"], "log": "|j|\u2606Goundas05\n|j|\u2606ultipokemast\n|t:|1781383109\n|gametype|singles\n|player|p1|Goundas05|cynthia|2182\n|player|p2|ultipokemast|nessa-masters|2101\n|gen|9\n|tier|[Gen 9] Random Battle\n|rated|\n|rule|Species Clause: Limit one of each Pok\u00e9mon\n|rule|HP Percentage Mod: HP is shown in percentages\n|rule|Sleep Clause Mod: Limit one foe put to sleep\n|rule|Illusion Level Mod: Illusion disguises the Pok\u00e9mon's true level\n|\n|t:|1781383109\n|teamsize|p1|6\n|teamsize|p2|6\n|start\n|switch|p1a: Falinks|Falinks, L84|246/246\n|switch|p2a: Illumise|Illumise, L91, F|266/266\n|turn|1\n|inactive|Battle timer is ON: inactive players will automatically lose when time's up. (requested by ultipokemast)\n|inactive|Goundas05 also wants the timer to be on.\n|\n|t:|1781383121\n|switch|p1a: Eelektross|Eelektross, L87, F|290/290\n|move|p2a: Illumise|Thunder Wave|p1a: Eelektross|[miss]\n|-miss|p2a: Illumise|p1a: Eelektross\n|\n|upkeep\n|turn|2\n|l|\u2606Goundas05\n|inactive|Goundas05 disconnected and has a minute to reconnect!\n|player|p1|\n|\n|t:|1781383131\n|switch|p2a: Flareon|Flareon, L90, F|263/263\n|move|p1a: Eelektross|Flamethrower|p2a: Flareon\n|-resisted|p2a: Flareon\n|-damage|p2a: Flareon|237/263\n|\n|-status|p2a: Flareon|tox|[from] item: Toxic Orb\n|upkeep\n|turn|3\n|j|\u2606Goundas05\n|inactive|Goundas05 reconnected and has 145 seconds left.\n|player|p1|Goundas05|cynthia|\n|\n|t:|1781383144\n|move|p2a: Flareon|Trailblaze|p1a: Eelektross\n|-crit|p1a: Eelektross\n|-damage|p1a: Eelektross|160/290\n|-boost|p2a: Flareon|spe|1\n|move|p1a: Eelektross|U-turn|p2a: Flareon\n|-resisted|p2a: Flareon\n|-damage|p2a: Flareon|199/263 tox\n|\n|t:|1781383148\n|switch|p1a: Mabosstiff|Mabosstiff, L86, M|278/278|[from] U-turn\n|\n|-damage|p2a: Flareon|183/263 tox|[from] psn\n|upkeep\n|turn|4\n|\n|t:|1781383161\n|switch|p2a: Krookodile|Krookodile, L79, F|280/280\n|-ability|p2a: Krookodile|Intimidate|boost\n|-unboost|p1a: Mabosstiff|atk|1\n|move|p1a: Mabosstiff|Crunch|p2a: Krookodile\n|-resisted|p2a: Krookodile\n|-damage|p2a: Krookodile|199/280\n|\n|upkeep\n|turn|5\n|\n|t:|1781383170\n|switch|p1a: Crabominable|Crabominable, L90, F|321/321\n|move|p2a: Krookodile|Knock Off|p1a: Crabominable\n|-resisted|p1a: Crabominable\n|-damage|p1a: Crabominable|246/321\n|-enditem|p1a: Crabominable|Assault Vest|[from] move: Knock Off|[of] p2a: Krookodile\n|\n|upkeep\n|turn|6\n|\n|t:|1781383176\n|switch|p2a: Illumise|Illumise, L91, F|266/266\n|move|p1a: Crabominable|Drain Punch|p2a: Illumise\n|-resisted|p2a: Illumise\n|-damage|p2a: Illumise|196/266\n|-heal|p1a: Crabominable|281/321|[from] drain|[of] p2a: Illumise\n|\n|upkeep\n|turn|7\n|\n|t:|1781383184\n|switch|p2a: Flareon|Flareon, L90, F|183/263 tox\n|switch|p1a: Eelektross|Eelektross, L87, F|160/290\n|\n|-damage|p2a: Flareon|167/263 tox|[from] psn\n|upkeep\n|turn|8\n|\n|t:|1781383192\n|move|p2a: Flareon|Facade|p1a: Eelektross\n|-damage|p1a: Eelektross|0 fnt\n|faint|p1a: Eelektross\n|\n|-damage|p2a: Flareon|135/263 tox|[from] psn\n|upkeep\n|\n|t:|1781383196\n|switch|p1a: Mabosstiff|Mabosstiff, L86, M|278/278\n|turn|9\n|\n|t:|1781383219\n|switch|p2a: Krookodile|Krookodile, L79, F|199/280\n|-ability|p2a: Krookodile|Intimidate|boost\n|-unboost|p1a: Mabosstiff|atk|1\n|move|p1a: Mabosstiff|Crunch|p2a: Krookodile\n|-resisted|p2a: Krookodile\n|-damage|p2a: Krookodile|127/280\n|\n|upkeep\n|turn|10\n|\n|t:|1781383227\n|switch|p1a: Tsareena|Tsareena, L87, F|267/267\n|move|p2a: Krookodile|Earthquake|p1a: Tsareena\n|-resisted|p1a: Tsareena\n|-damage|p1a: Tsareena|194/267\n|\n|upkeep\n|turn|11\n|\n|t:|1781383229\n|switch|p2a: Illumise|Illumise, L91, F|196/266\n|move|p1a: Tsareena|U-turn|p2a: Illumise\n|-damage|p2a: Illumise|98/266\n|\n|t:|1781383232\n|switch|p1a: Mabosstiff|Mabosstiff, L86, M|278/278|[from] U-turn\n|\n|upkeep\n|turn|12\n|\n|t:|1781383237\n|switch|p2a: Krookodile|Krookodile, L79, F|127/280\n|-ability|p2a: Krookodile|Intimidate|boost\n|-unboost|p1a: Mabosstiff|atk|1\n|move|p1a: Mabosstiff|Crunch|p2a: Krookodile\n|-resisted|p2a: Krookodile\n|-damage|p2a: Krookodile|51/280\n|\n|upkeep\n|turn|13\n|\n|t:|1781383241\n|switch|p1a: Crabominable|Crabominable, L90, F|281/321\n|move|p2a: Krookodile|Gunk Shot|p1a: Crabominable\n|-damage|p1a: Crabominable|150/321\n|\n|upkeep\n|turn|14\n|\n|t:|1781383245\n|move|p2a: Krookodile|Gunk Shot|p1a: Crabominable\n|-damage|p1a: Crabominable|11/321\n|move|p1a: Crabominable|Drain Punch|p2a: Krookodile\n|-supereffective|p2a: Krookodile\n|-damage|p2a: Krookodile|0 fnt\n|-heal|p1a: Crabominable|37/321|[from] drain|[of] p2a: Krookodile\n|faint|p2a: Krookodile\n|\n|upkeep\n|\n|t:|1781383249\n|switch|p2a: Flareon|Flareon, L90, F|135/263 tox\n|turn|15\n|\n|t:|1781383252\n|move|p2a: Flareon|Trailblaze|p1a: Crabominable\n|-damage|p1a: Crabominable|0 fnt\n|-boost|p2a: Flareon|spe|1\n|faint|p1a: Crabominable\n|\n|-damage|p2a: Flareon|119/263 tox|[from] psn\n|upkeep\n|\n|t:|1781383255\n|switch|p1a: Mabosstiff|Mabosstiff, L86, M|278/278\n|turn|16\n|\n|t:|1781383266\n|move|p2a: Flareon|Quick Attack|p1a: Mabosstiff\n|-damage|p1a: Mabosstiff|218/278\n|move|p1a: Mabosstiff|Crunch|p2a: Flareon\n|-damage|p2a: Flareon|0 fnt\n|faint|p2a: Flareon\n|\n|upkeep\n|\n|t:|1781383270\n|switch|p2a: Forretress|Forretress, L84, M|263/263\n|turn|17\n|\n|t:|1781383285\n|switch|p1a: Falinks|Falinks, L84|246/246\n|move|p2a: Forretress|Rapid Spin|p1a: Falinks\n|-damage|p1a: Falinks|214/246\n|-boost|p2a: Forretress|spe|1\n|\n|upkeep\n|turn|18\n|\n|t:|1781383289\n|switch|p2a: Illumise|Illumise, L91, F|98/266\n|move|p1a: Falinks|No Retreat|p1a: Falinks\n|-boost|p1a: Falinks|atk|1\n|-boost|p1a: Falinks|def|1\n|-boost|p1a: Falinks|spa|1\n|-boost|p1a: Falinks|spd|1\n|-boost|p1a: Falinks|spe|1\n|-start|p1a: Falinks|move: No Retreat\n|\n|upkeep\n|turn|19\n|\n|t:|1781383292\n|-terastallize|p1a: Falinks|Dark\n|move|p2a: Illumise|Encore|p1a: Falinks\n|-hint|Since gen 7, Dark is immune to Prankster moves.\n|-immune|p1a: Falinks\n|move|p1a: Falinks|Knock Off|p2a: Illumise\n|-damage|p2a: Illumise|0 fnt\n|-enditem|p2a: Illumise|Heavy-Duty Boots|[from] move: Knock Off|[of] p1a: Falinks\n|faint|p2a: Illumise\n|-damage|p1a: Falinks|190/246|[from] item: Life Orb\n|\n|upkeep\n|\n|t:|1781383305\n|switch|p2a: Probopass|Probopass, L91, M|257/257\n|turn|20\n|\n|t:|1781383316\n|-terastallize|p2a: Probopass|Fighting\n|move|p1a: Falinks|Close Combat|p2a: Probopass\n|-damage|p2a: Probopass|96/257\n|-unboost|p1a: Falinks|def|1\n|-unboost|p1a: Falinks|spd|1\n|-damage|p1a: Falinks|166/246|[from] item: Life Orb\n|move|p2a: Probopass|Body Press|p1a: Falinks\n|-supereffective|p1a: Falinks\n|-damage|p1a: Falinks|0 fnt\n|faint|p1a: Falinks\n|\n|upkeep\n|\n|t:|1781383328\n|switch|p1a: Tsareena|Tsareena, L87, F|194/267\n|turn|21\n|\n|t:|1781383335\n|move|p1a: Tsareena|High Jump Kick|p2a: Probopass\n|-damage|p2a: Probopass|0 fnt\n|faint|p2a: Probopass\n|\n|upkeep\n|\n|t:|1781383348\n|switch|p2a: Forretress|Forretress, L84, M|263/263\n|turn|22\n|\n|t:|1781383352\n|move|p1a: Tsareena|High Jump Kick|p2a: Forretress|[miss]\n|-miss|p1a: Tsareena|p2a: Forretress\n|-damage|p1a: Tsareena|61/267|[from] highjumpkick\n|move|p2a: Forretress|Rapid Spin|p1a: Tsareena\n|-damage|p1a: Tsareena|33/267\n|-boost|p2a: Forretress|spe|1\n|\n|upkeep\n|turn|23\n|inactive|ultipokemast has 120 seconds left.\n|\n|t:|1781383385\n|move|p1a: Tsareena|High Jump Kick|p2a: Forretress|[miss]\n|-miss|p1a: Tsareena|p2a: Forretress\n|-damage|p1a: Tsareena|0 fnt|[from] highjumpkick\n|faint|p1a: Tsareena\n|move|p2a: Forretress|Body Press|p1: Tsareena|[notarget]\n|-fail|p2a: Forretress\n|\n|upkeep\n|\n|t:|1781383391\n|switch|p1a: Mabosstiff|Mabosstiff, L86, M|218/278\n|turn|24\n|\n|t:|1781383394\n|move|p1a: Mabosstiff|Crunch|p2a: Forretress\n|-damage|p2a: Forretress|190/263\n|move|p2a: Forretress|Body Press|p1a: Mabosstiff\n|-supereffective|p1a: Mabosstiff\n|-damage|p1a: Mabosstiff|68/278\n|\n|-heal|p2a: Forretress|206/263|[from] item: Leftovers\n|upkeep\n|turn|25\n|\n|t:|1781383397\n|move|p1a: Mabosstiff|Crunch|p2a: Forretress\n|-damage|p2a: Forretress|131/263\n|move|p2a: Forretress|Body Press|p1a: Mabosstiff\n|-supereffective|p1a: Mabosstiff\n|-damage|p1a: Mabosstiff|0 fnt\n|faint|p1a: Mabosstiff\n|\n|-heal|p2a: Forretress|147/263|[from] item: Leftovers\n|upkeep\n|\n|t:|1781383399\n|switch|p1a: Zangoose|Zangoose, L85, M|263/263\n|turn|26\n|\n|t:|1781383401\n|move|p1a: Zangoose|Swords Dance|p1a: Zangoose\n|-boost|p1a: Zangoose|atk|2\n|move|p2a: Forretress|Body Press|p1a: Zangoose\n|-supereffective|p1a: Zangoose\n|-damage|p1a: Zangoose|71/263\n|\n|-heal|p2a: Forretress|163/263|[from] item: Leftovers\n|-status|p1a: Zangoose|tox|[from] item: Toxic Orb\n|upkeep\n|turn|27\n|\n|t:|1781383415\n|move|p1a: Zangoose|Knock Off|p2a: Forretress\n|-damage|p2a: Forretress|0 fnt\n|-enditem|p2a: Forretress|Leftovers|[from] move: Knock Off|[of] p1a: Zangoose\n|faint|p2a: Forretress\n|\n|-damage|p1a: Zangoose|55/263 tox|[from] psn\n|upkeep\n|\n|t:|1781383416\n|switch|p2a: Kyurem|Kyurem, L77|319/319\n|-ability|p2a: Kyurem|Pressure\n|turn|28\n|\n|t:|1781383419\n|move|p1a: Zangoose|Facade|p2a: Kyurem\n|-damage|p2a: Kyurem|0 fnt\n|faint|p2a: Kyurem\n|\n|win|Goundas05\n", "uploadtime": 1781383111, "views": 11, "formatid": "gen9randombattle", "rating": null, "private": 0, "password": null}