{"id": "gen9randombattle-2631842070", "format": "[Gen 9] Random Battle", "players": ["theancientchungus", "Highster5"], "log": "|j|\u2606theancientchungus\n|j|\u2606Highster5\n|t:|1781447004\n|gametype|singles\n|player|p1|theancientchungus|swimmer-gen4|2092\n|player|p2|Highster5|nemona-masters|2095\n|gen|9\n|tier|[Gen 9] Random Battle\n|rated|\n|rule|Species Clause: Limit one of each Pok\u00e9mon\n|rule|HP Percentage Mod: HP is shown in percentages\n|rule|Sleep Clause Mod: Limit one foe put to sleep\n|rule|Illusion Level Mod: Illusion disguises the Pok\u00e9mon's true level\n|\n|t:|1781447004\n|teamsize|p1|6\n|teamsize|p2|6\n|start\n|switch|p1a: Registeel|Registeel, L81|262/262\n|switch|p2a: Leafeon|Leafeon, L88, M|258/258\n|turn|1\n|inactive|Battle timer is ON: inactive players will automatically lose when time's up. (requested by Highster5)\n|\n|t:|1781447017\n|switch|p2a: Magnezone|Magnezone, L85|258/258\n|move|p1a: Registeel|Iron Defense|p1a: Registeel\n|-boost|p1a: Registeel|def|2\n|\n|upkeep\n|turn|2\n|\n|t:|1781447029\n|move|p2a: Magnezone|Discharge|p1a: Registeel\n|-damage|p1a: Registeel|181/262\n|move|p1a: Registeel|Body Press|p2a: Magnezone\n|-supereffective|p2a: Magnezone\n|-damage|p2a: Magnezone|18/258\n|\n|upkeep\n|turn|3\n|\n|t:|1781447035\n|move|p2a: Magnezone|Discharge|p1a: Registeel\n|-damage|p1a: Registeel|111/262\n|move|p1a: Registeel|Body Press|p2a: Magnezone\n|-supereffective|p2a: Magnezone\n|-damage|p2a: Magnezone|0 fnt\n|faint|p2a: Magnezone\n|\n|upkeep\n|\n|t:|1781447041\n|switch|p2a: Vaporeon|Vaporeon, L86, F|364/364\n|turn|4\n|\n|t:|1781447046\n|move|p2a: Vaporeon|Scald|p1a: Registeel\n|-damage|p1a: Registeel|50/262\n|-status|p1a: Registeel|brn\n|move|p1a: Registeel|Rest|p1a: Registeel\n|-status|p1a: Registeel|slp|[from] move: Rest\n|-heal|p1a: Registeel|262/262 slp|[silent]\n|-enditem|p1a: Registeel|Chesto Berry|[eat]\n|-curestatus|p1a: Registeel|slp|[msg]\n|\n|upkeep\n|turn|5\n|\n|t:|1781447052\n|move|p2a: Vaporeon|Scald|p1a: Registeel\n|-damage|p1a: Registeel|196/262\n|move|p1a: Registeel|Body Press|p2a: Vaporeon\n|-damage|p2a: Vaporeon|170/364\n|\n|-heal|p2a: Vaporeon|192/364|[from] item: Leftovers\n|upkeep\n|turn|6\n|\n|t:|1781447059\n|move|p2a: Vaporeon|Protect|p2a: Vaporeon\n|-singleturn|p2a: Vaporeon|Protect\n|move|p1a: Registeel|Iron Defense|p1a: Registeel\n|-boost|p1a: Registeel|def|2\n|\n|-heal|p2a: Vaporeon|214/364|[from] item: Leftovers\n|upkeep\n|turn|7\n|\n|t:|1781447062\n|move|p2a: Vaporeon|Scald|p1a: Registeel\n|-damage|p1a: Registeel|129/262\n|move|p1a: Registeel|Body Press|p2a: Vaporeon\n|-damage|p2a: Vaporeon|0 fnt\n|faint|p2a: Vaporeon\n|\n|upkeep\n|-message|Highster5 forfeited.\n|\n|win|theancientchungus\n", "uploadtime": 1781447007, "views": 4, "formatid": "gen9randombattle", "rating": null, "private": 0, "password": null}