{"id": "gen9randombattle-2631434003", "format": "[Gen 9] Random Battle", "players": ["hackplayershouldye", "Playa2026"], "log": "|j|\u2606hackplayershouldye\n|j|\u203dPlaya2026\n|t:|1781384155\n|gametype|singles\n|player|p1|hackplayershouldye|169|1051\n|player|p2|Playa2026|266|1000\n|gen|9\n|tier|[Gen 9] Random Battle\n|rated|\n|rule|Species Clause: Limit one of each Pok\u00e9mon\n|rule|HP Percentage Mod: HP is shown in percentages\n|rule|Sleep Clause Mod: Limit one foe put to sleep\n|rule|Illusion Level Mod: Illusion disguises the Pok\u00e9mon's true level\n|\n|t:|1781384155\n|teamsize|p1|6\n|teamsize|p2|6\n|start\n|switch|p1a: Okidogi|Okidogi, L77, M|262/262\n|switch|p2a: Flapple|Flapple, L88, F|266/266\n|turn|1\n|inactive|Battle timer is ON: inactive players will automatically lose when time's up. (requested by hackplayershouldye)\n|\n|t:|1781384166\n|move|p2a: Flapple|Grav Apple|p1a: Okidogi\n|-resisted|p1a: Okidogi\n|-damage|p1a: Okidogi|166/262\n|-unboost|p1a: Okidogi|def|1\n|move|p1a: Okidogi|Gunk Shot|p2a: Flapple\n|-supereffective|p2a: Flapple\n|-damage|p2a: Flapple|0 fnt\n|faint|p2a: Flapple\n|\n|upkeep\n|\n|t:|1781384179\n|switch|p2a: Camerupt|Camerupt, L91, M|275/275\n|turn|2\n|\n|t:|1781384195\n|switch|p1a: Cloyster|Cloyster, L80, M|211/211\n|move|p2a: Camerupt|Earthquake|p1a: Cloyster\n|-damage|p1a: Cloyster|141/211\n|\n|upkeep\n|turn|3\n|\n|t:|1781384213\n|move|p1a: Cloyster|Shell Smash|p1a: Cloyster\n|-unboost|p1a: Cloyster|def|1\n|-unboost|p1a: Cloyster|spd|1\n|-boost|p1a: Cloyster|atk|2\n|-boost|p1a: Cloyster|spa|2\n|-boost|p1a: Cloyster|spe|2\n|-enditem|p1a: Cloyster|White Herb\n|-clearnegativeboost|p1a: Cloyster|[silent]\n|move|p2a: Camerupt|Will-O-Wisp|p1a: Cloyster\n|-status|p1a: Cloyster|brn\n|\n|-damage|p1a: Cloyster|128/211 brn|[from] brn\n|upkeep\n|turn|4\n|inactive|Playa2026 has 120 seconds left.\n|\n|t:|1781384240\n|-terastallize|p2a: Camerupt|Water\n|move|p1a: Cloyster|Hydro Pump|p2a: Camerupt\n|-resisted|p2a: Camerupt\n|-damage|p2a: Camerupt|173/275\n|move|p2a: Camerupt|Overheat|p1a: Cloyster\n|-damage|p1a: Cloyster|0 fnt\n|-unboost|p2a: Camerupt|spa|2\n|faint|p1a: Cloyster\n|\n|-heal|p2a: Camerupt|190/275|[from] item: Leftovers\n|upkeep\n|\n|t:|1781384257\n|switch|p1a: Amoonguss|Amoonguss, L82, F|321/321\n|turn|5\n|inactive|Playa2026 has 120 seconds left.\n|\n|t:|1781384276\n|move|p2a: Camerupt|Overheat|p1a: Amoonguss\n|-supereffective|p1a: Amoonguss\n|-damage|p1a: Amoonguss|147/321\n|-unboost|p2a: Camerupt|spa|2\n|move|p1a: Amoonguss|Spore|p2a: Camerupt\n|-status|p2a: Camerupt|slp|[from] move: Spore\n|\n|-heal|p2a: Camerupt|207/275 slp|[from] item: Leftovers\n|upkeep\n|turn|6\n|inactive|Playa2026 has 120 seconds left.\n|\n|t:|1781384297\n|switch|p2a: Dragapult|Dragapult, L77, M|262/262\n|move|p1a: Amoonguss|Giga Drain|p2a: Dragapult\n|-resisted|p2a: Dragapult\n|-damage|p2a: Dragapult|217/262\n|-heal|p1a: Amoonguss|170/321|[from] drain|[of] p2a: Dragapult\n|\n|upkeep\n|turn|7\n|\n|t:|1781384306\n|switch|p1a: Granbull|Granbull, L88, M|302/302\n|-ability|p1a: Granbull|Intimidate|boost\n|-unboost|p2a: Dragapult|atk|1\n|move|p2a: Dragapult|Fire Blast|p1a: Granbull\n|-damage|p1a: Granbull|176/302\n|\n|-heal|p1a: Granbull|194/302|[from] item: Leftovers\n|upkeep\n|turn|8\n|inactive|Playa2026 has 120 seconds left.\n|\n|t:|1781384321\n|switch|p2a: Cobalion|Cobalion, L80|277/277\n|move|p1a: Granbull|Thunder Wave|p2a: Cobalion\n|-status|p2a: Cobalion|par\n|\n|-heal|p1a: Granbull|212/302|[from] item: Leftovers\n|upkeep\n|turn|9\n|inactive|Playa2026 has 120 seconds left.\n|\n|t:|1781384330\n|move|p1a: Granbull|Earthquake|p2a: Cobalion\n|-supereffective|p2a: Cobalion\n|-damage|p2a: Cobalion|137/277 par\n|cant|p2a: Cobalion|par\n|\n|-heal|p1a: Granbull|230/302|[from] item: Leftovers\n|-heal|p2a: Cobalion|154/277 par|[from] item: Leftovers\n|upkeep\n|turn|10\n|inactive|Playa2026 has 120 seconds left.\n|\n|t:|1781384349\n|move|p1a: Granbull|Earthquake|p2a: Cobalion\n|-supereffective|p2a: Cobalion\n|-damage|p2a: Cobalion|22/277 par\n|move|p2a: Cobalion|Iron Head|p1a: Granbull\n|-supereffective|p1a: Granbull\n|-damage|p1a: Granbull|78/302\n|\n|-heal|p1a: Granbull|96/302|[from] item: Leftovers\n|-heal|p2a: Cobalion|39/277 par|[from] item: Leftovers\n|upkeep\n|turn|11\n|inactive|Playa2026 has 120 seconds left.\n|\n|t:|1781384365\n|move|p1a: Granbull|Earthquake|p2a: Cobalion\n|-supereffective|p2a: Cobalion\n|-damage|p2a: Cobalion|0 fnt\n|faint|p2a: Cobalion\n|\n|-heal|p1a: Granbull|114/302|[from] item: Leftovers\n|upkeep\n|\n|t:|1781384381\n|switch|p2a: Malamar|Malamar, L82, F|275/275\n|turn|12\n|\n|t:|1781384395\n|switch|p2a: Camerupt|Camerupt, L91, M, tera:Water|207/275 slp\n|move|p1a: Granbull|Thunder Wave||[still]\n|-fail|p1a: Granbull\n|\n|-heal|p1a: Granbull|132/302|[from] item: Leftovers\n|-heal|p2a: Camerupt|224/275 slp|[from] item: Leftovers\n|upkeep\n|turn|13\n|\n|t:|1781384405\n|switch|p1a: Amoonguss|Amoonguss, L82, F|277/321\n|cant|p2a: Camerupt|slp\n|\n|-heal|p2a: Camerupt|241/275 slp|[from] item: Leftovers\n|upkeep\n|turn|14\n|\n|t:|1781384418\n|switch|p2a: Dragapult|Dragapult, L77, M|217/262\n|move|p1a: Amoonguss|Giga Drain|p2a: Dragapult\n|-resisted|p2a: Dragapult\n|-damage|p2a: Dragapult|176/262\n|-heal|p1a: Amoonguss|298/321|[from] drain|[of] p2a: Dragapult\n|\n|upkeep\n|turn|15\n|\n|t:|1781384427\n|move|p2a: Dragapult|Fire Blast|p1a: Amoonguss\n|-supereffective|p1a: Amoonguss\n|-damage|p1a: Amoonguss|92/321\n|move|p1a: Amoonguss|Sludge Bomb|p2a: Dragapult\n|-resisted|p2a: Dragapult\n|-damage|p2a: Dragapult|130/262\n|\n|upkeep\n|turn|16\n|\n|t:|1781384436\n|switch|p1a: Okidogi|Okidogi, L77, M|166/262\n|move|p2a: Dragapult|Fire Blast|p1a: Okidogi\n|-damage|p1a: Okidogi|88/262\n|\n|upkeep\n|turn|17\n|inactive|Playa2026 has 120 seconds left.\n|\n|t:|1781384451\n|switch|p2a: Arceus|Arceus-Rock, L74|300/300\n|move|p1a: Okidogi|Knock Off|p2a: Arceus\n|-damage|p2a: Arceus|254/300\n|\n|upkeep\n|turn|18\n|inactive|Playa2026 has 120 seconds left.\n|\n|t:|1781384463\n|move|p2a: Arceus|Calm Mind|p2a: Arceus\n|-boost|p2a: Arceus|spa|1\n|-boost|p2a: Arceus|spd|1\n|move|p1a: Okidogi|Drain Punch|p2a: Arceus\n|-supereffective|p2a: Arceus\n|-damage|p2a: Arceus|110/300\n|-heal|p1a: Okidogi|160/262|[from] drain|[of] p2a: Arceus\n|-status|p2a: Arceus|tox|[from] ability: Toxic Chain|[of] p1a: Okidogi\n|\n|-damage|p2a: Arceus|92/300 tox|[from] psn\n|upkeep\n|turn|19\n|inactive|Playa2026 has 120 seconds left.\n|\n|t:|1781384475\n|move|p2a: Arceus|Judgment|p1a: Okidogi\n|-resisted|p1a: Okidogi\n|-damage|p1a: Okidogi|97/262\n|move|p1a: Okidogi|Drain Punch|p2a: Arceus\n|-supereffective|p2a: Arceus\n|-damage|p2a: Arceus|0 fnt\n|-heal|p1a: Okidogi|143/262|[from] drain|[of] p2a: Arceus\n|faint|p2a: Arceus\n|\n|upkeep\n|\n|t:|1781384490\n|switch|p2a: Malamar|Malamar, L82, F|275/275\n|turn|20\n|\n|t:|1781384501\n|move|p1a: Okidogi|Knock Off|p2a: Malamar\n|-damage|p2a: Malamar|203/275\n|-enditem|p2a: Malamar|Leftovers|[from] move: Knock Off|[of] p1a: Okidogi\n|move|p2a: Malamar|Knock Off|p1a: Okidogi\n|-resisted|p1a: Okidogi\n|-crit|p1a: Okidogi\n|-damage|p1a: Okidogi|79/262\n|-enditem|p1a: Okidogi|Assault Vest|[from] move: Knock Off|[of] p2a: Malamar\n|\n|upkeep\n|turn|21\n|inactive|Playa2026 has 120 seconds left.\n|\n|t:|1781384513\n|move|p1a: Okidogi|Drain Punch|p2a: Malamar\n|-damage|p2a: Malamar|125/275\n|-heal|p1a: Okidogi|118/262|[from] drain|[of] p2a: Malamar\n|-status|p2a: Malamar|tox|[from] ability: Toxic Chain|[of] p1a: Okidogi\n|move|p2a: Malamar|Superpower|p1a: Okidogi\n|-resisted|p1a: Okidogi\n|-damage|p1a: Okidogi|87/262\n|-boost|p2a: Malamar|atk|1\n|-boost|p2a: Malamar|def|1\n|\n|-damage|p2a: Malamar|108/275 tox|[from] psn\n|upkeep\n|turn|22\n|inactive|Playa2026 has 120 seconds left.\n|\n|t:|1781384528\n|move|p1a: Okidogi|Drain Punch|p2a: Malamar\n|-damage|p2a: Malamar|51/275 tox\n|-heal|p1a: Okidogi|116/262|[from] drain|[of] p2a: Malamar\n|move|p2a: Malamar|Rest|p2a: Malamar\n|-status|p2a: Malamar|slp|[from] move: Rest\n|-heal|p2a: Malamar|275/275 slp|[silent]\n|\n|upkeep\n|turn|23\n|\n|t:|1781384539\n|switch|p1a: Vikavolt|Vikavolt, L83, M|263/263\n|cant|p2a: Malamar|slp\n|move|p2a: Malamar|Sleep Talk|p2a: Malamar\n|move|p2a: Malamar|Superpower|p1a: Vikavolt|[from] move: Sleep Talk\n|-resisted|p1a: Vikavolt\n|-damage|p1a: Vikavolt|207/263\n|-boost|p2a: Malamar|atk|1\n|-boost|p2a: Malamar|def|1\n|\n|upkeep\n|turn|24\n|inactive|Playa2026 has 120 seconds left.\n|\n|t:|1781384551\n|cant|p2a: Malamar|slp\n|move|p2a: Malamar|Sleep Talk|p2a: Malamar\n|move|p2a: Malamar|Superpower|p1a: Vikavolt|[from] move: Sleep Talk\n|-resisted|p1a: Vikavolt\n|-damage|p1a: Vikavolt|136/263\n|-boost|p2a: Malamar|atk|1\n|-boost|p2a: Malamar|def|1\n|move|p1a: Vikavolt|Bug Buzz|p2a: Malamar\n|-supereffective|p2a: Malamar\n|-damage|p2a: Malamar|0 fnt\n|faint|p2a: Malamar\n|\n|upkeep\n|\n|t:|1781384564\n|switch|p2a: Camerupt|Camerupt, L91, M, tera:Water|241/275 slp\n|turn|25\n|\n|t:|1781384571\n|-curestatus|p2a: Camerupt|slp|[msg]\n|move|p2a: Camerupt|Overheat|p1a: Vikavolt\n|-supereffective|p1a: Vikavolt\n|-damage|p1a: Vikavolt|0 fnt\n|-unboost|p2a: Camerupt|spa|2\n|faint|p1a: Vikavolt\n|\n|-heal|p2a: Camerupt|258/275|[from] item: Leftovers\n|upkeep\n|\n|t:|1781384586\n|switch|p1a: Granbull|Granbull, L88, M|132/302\n|-ability|p1a: Granbull|Intimidate|boost\n|-unboost|p2a: Camerupt|atk|1\n|turn|26\n|\n|t:|1781384594\n|switch|p2a: Dragapult|Dragapult, L77, M|130/262\n|move|p1a: Granbull|Thunder Wave|p2a: Dragapult\n|-status|p2a: Dragapult|par\n|\n|-heal|p1a: Granbull|150/302|[from] item: Leftovers\n|upkeep\n|turn|27\n|inactive|Playa2026 has 120 seconds left.\n|\n|t:|1781384614\n|move|p2a: Dragapult|U-turn|p1a: Granbull\n|-resisted|p1a: Granbull\n|-damage|p1a: Granbull|125/302\n|\n|t:|1781384617\n|switch|p2a: Camerupt|Camerupt, L91, M, tera:Water|258/275|[from] U-turn\n|move|p1a: Granbull|Play Rough|p2a: Camerupt|[miss]\n|-miss|p1a: Granbull|p2a: Camerupt\n|\n|-heal|p1a: Granbull|143/302|[from] item: Leftovers\n|-heal|p2a: Camerupt|275/275|[from] item: Leftovers\n|upkeep\n|turn|28\n|\n|t:|1781384630\n|switch|p1a: Amoonguss|Amoonguss, L82, F|199/321\n|move|p2a: Camerupt|Overheat|p1a: Amoonguss\n|-supereffective|p1a: Amoonguss\n|-damage|p1a: Amoonguss|0 fnt\n|-unboost|p2a: Camerupt|spa|2\n|faint|p1a: Amoonguss\n|\n|upkeep\n|\n|t:|1781384646\n|switch|p1a: Spiritomb|Spiritomb, L89, F|234/234\n|turn|29\n|\n|t:|1781384660\n|move|p2a: Camerupt|Will-O-Wisp|p1a: Spiritomb\n|-status|p1a: Spiritomb|brn\n|move|p1a: Spiritomb|Toxic|p2a: Camerupt\n|-status|p2a: Camerupt|tox\n|\n|-damage|p2a: Camerupt|258/275 tox|[from] psn\n|-damage|p1a: Spiritomb|220/234 brn|[from] brn\n|upkeep\n|turn|30\n|\n|t:|1781384672\n|switch|p2a: Dragapult|Dragapult, L77, M|130/262 par\n|move|p1a: Spiritomb|Poltergeist|p2a: Dragapult\n|-activate|p2a: Dragapult|move: Poltergeist|Choice Specs\n|-supereffective|p2a: Dragapult\n|-damage|p2a: Dragapult|0 fnt\n|faint|p2a: Dragapult\n|\n|-heal|p1a: Spiritomb|234/234 brn|[from] item: Leftovers\n|-damage|p1a: Spiritomb|220/234 brn|[from] brn\n|upkeep\n|\n|t:|1781384684\n|switch|p2a: Camerupt|Camerupt, L91, M, tera:Water|258/275 tox\n|turn|31\n|\n|t:|1781384689\n|move|p2a: Camerupt|Overheat|p1a: Spiritomb\n|-damage|p1a: Spiritomb|75/234 brn\n|-unboost|p2a: Camerupt|spa|2\n|move|p1a: Spiritomb|Poltergeist|p2a: Camerupt\n|-activate|p2a: Camerupt|move: Poltergeist|Leftovers\n|-damage|p2a: Camerupt|192/275 tox\n|\n|-heal|p2a: Camerupt|209/275 tox|[from] item: Leftovers\n|-heal|p1a: Spiritomb|89/234 brn|[from] item: Leftovers\n|-damage|p2a: Camerupt|192/275 tox|[from] psn\n|-damage|p1a: Spiritomb|75/234 brn|[from] brn\n|upkeep\n|turn|32\n|\n|t:|1781384703\n|move|p2a: Camerupt|Overheat|p1a: Spiritomb\n|-damage|p1a: Spiritomb|11/234 brn\n|-unboost|p2a: Camerupt|spa|2\n|move|p1a: Spiritomb|Pain Split|p2a: Camerupt\n|-sethp|p2a: Camerupt|101/275 tox|[from] move: Pain Split|[silent]\n|-sethp|p1a: Spiritomb|101/234 brn|[from] move: Pain Split\n|\n|-heal|p2a: Camerupt|118/275 tox|[from] item: Leftovers\n|-heal|p1a: Spiritomb|115/234 brn|[from] item: Leftovers\n|-damage|p2a: Camerupt|84/275 tox|[from] psn\n|-damage|p1a: Spiritomb|101/234 brn|[from] brn\n|upkeep\n|turn|33\n|\n|t:|1781384717\n|move|p2a: Camerupt|Earthquake|p1a: Spiritomb\n|-damage|p1a: Spiritomb|0 fnt\n|faint|p1a: Spiritomb\n|\n|-heal|p2a: Camerupt|101/275 tox|[from] item: Leftovers\n|-damage|p2a: Camerupt|50/275 tox|[from] psn\n|upkeep\n|\n|t:|1781384724\n|switch|p1a: Okidogi|Okidogi, L77, M|116/262\n|turn|34\n|\n|t:|1781384728\n|move|p1a: Okidogi|Drain Punch|p2a: Camerupt\n|-damage|p2a: Camerupt|0 fnt\n|-heal|p1a: Okidogi|141/262|[from] drain|[of] p2a: Camerupt\n|faint|p2a: Camerupt\n|\n|win|hackplayershouldye\n|raw|hackplayershouldye's rating: 1051 &rarr; <strong>1079</strong><br />(+28 for winning)\n|raw|Playa2026's rating: 1000 &rarr; <strong>1000</strong><br />(+0 for losing)\n", "uploadtime": 1781384734, "views": 11, "formatid": "gen9randombattle", "rating": 1000, "private": 0, "password": null}