{"id": "gen9randombattle-2631881650", "format": "[Gen 9] Random Battle", "players": ["LewisBavin", "f91swdg"], "log": "|j|\u2606LewisBavin\n|j|\u2606f91swdg\n|t:|1781451553\n|gametype|singles\n|player|p1|LewisBavin|102|2222\n|player|p2|f91swdg|biker-gen4|2234\n|gen|9\n|tier|[Gen 9] Random Battle\n|rated|\n|rule|Species Clause: Limit one of each Pok\u00e9mon\n|rule|HP Percentage Mod: HP is shown in percentages\n|rule|Sleep Clause Mod: Limit one foe put to sleep\n|rule|Illusion Level Mod: Illusion disguises the Pok\u00e9mon's true level\n|\n|t:|1781451553\n|teamsize|p1|6\n|teamsize|p2|6\n|start\n|switch|p1a: Ambipom|Ambipom, L84, F|263/263\n|switch|p2a: Ogerpon|Ogerpon-Hearthflame, L74, F|239/239\n|-ability|p2a: Ogerpon|Mold Breaker\n|turn|1\n|inactive|Battle timer is ON: inactive players will automatically lose when time's up. (requested by LewisBavin)\n|inactive|f91swdg also wants the timer to be on.\n|\n|t:|1781451566\n|switch|p2a: Annihilape|Annihilape, L76, M|292/292\n|move|p1a: Ambipom|Fake Out|p2a: Annihilape\n|-immune|p2a: Annihilape\n|\n|upkeep\n|turn|2\n|\n|t:|1781451577\n|switch|p1a: Moltres|Moltres, L81|278/278\n|move|p2a: Annihilape|Bulk Up|p2a: Annihilape\n|-boost|p2a: Annihilape|atk|1\n|-boost|p2a: Annihilape|def|1\n|\n|upkeep\n|turn|3\n|\n|t:|1781451583\n|move|p1a: Moltres|Will-O-Wisp|p2a: Annihilape\n|-status|p2a: Annihilape|brn\n|move|p2a: Annihilape|Bulk Up|p2a: Annihilape\n|-boost|p2a: Annihilape|atk|1\n|-boost|p2a: Annihilape|def|1\n|\n|-damage|p2a: Annihilape|274/292 brn|[from] brn\n|upkeep\n|turn|4\n|j| Pauliet456\n|\n|t:|1781451593\n|move|p1a: Moltres|Fire Blast|p2a: Annihilape\n|-damage|p2a: Annihilape|135/292 brn\n|move|p2a: Annihilape|Bulk Up|p2a: Annihilape\n|-boost|p2a: Annihilape|atk|1\n|-boost|p2a: Annihilape|def|1\n|\n|-heal|p2a: Annihilape|153/292 brn|[from] item: Leftovers\n|-damage|p2a: Annihilape|135/292 brn|[from] brn\n|upkeep\n|turn|5\n|\n|t:|1781451599\n|move|p1a: Moltres|Fire Blast|p2a: Annihilape|[miss]\n|-miss|p1a: Moltres|p2a: Annihilape\n|move|p2a: Annihilape|Rage Fist|p1a: Moltres\n|-damage|p1a: Moltres|149/278\n|\n|-heal|p2a: Annihilape|153/292 brn|[from] item: Leftovers\n|-damage|p2a: Annihilape|135/292 brn|[from] brn\n|upkeep\n|turn|6\n|l| Pauliet456\n|\n|t:|1781451601\n|move|p1a: Moltres|Fire Blast|p2a: Annihilape\n|-damage|p2a: Annihilape|3/292 brn\n|move|p2a: Annihilape|Rage Fist|p1a: Moltres\n|-damage|p1a: Moltres|0 fnt\n|faint|p1a: Moltres\n|\n|-heal|p2a: Annihilape|21/292 brn|[from] item: Leftovers\n|-damage|p2a: Annihilape|3/292 brn|[from] brn\n|upkeep\n|j| Pauliet456\n|\n|t:|1781451607\n|switch|p1a: Ambipom|Ambipom, L84, F|263/263\n|turn|7\n|\n|t:|1781451610\n|move|p1a: Ambipom|Knock Off|p2a: Annihilape\n|-damage|p2a: Annihilape|0 fnt\n|-enditem|p2a: Annihilape|Leftovers|[from] move: Knock Off|[of] p1a: Ambipom\n|faint|p2a: Annihilape\n|\n|upkeep\n|\n|t:|1781451624\n|switch|p2a: Iron Treads|Iron Treads, L77|265/265\n|turn|8\n|\n|t:|1781451630\n|switch|p1a: Mudsdale|Mudsdale, L83, M|302/302\n|move|p2a: Iron Treads|Rapid Spin|p1a: Mudsdale\n|-damage|p1a: Mudsdale|269/302\n|-boost|p2a: Iron Treads|spe|1\n|-ability|p1a: Mudsdale|Stamina|boost\n|-boost|p1a: Mudsdale|def|1\n|\n|-heal|p1a: Mudsdale|287/302|[from] item: Leftovers\n|upkeep\n|turn|9\n|l| Pauliet456\n|\n|t:|1781451639\n|move|p2a: Iron Treads|Stealth Rock|p1a: Mudsdale\n|-sidestart|p1: LewisBavin|move: Stealth Rock\n|move|p1a: Mudsdale|Earthquake|p2a: Iron Treads\n|-supereffective|p2a: Iron Treads\n|-damage|p2a: Iron Treads|55/265\n|\n|-heal|p2a: Iron Treads|71/265|[from] item: Leftovers\n|-heal|p1a: Mudsdale|302/302|[from] item: Leftovers\n|upkeep\n|turn|10\n|\n|t:|1781451649\n|move|p2a: Iron Treads|Earthquake|p1a: Mudsdale\n|-damage|p1a: Mudsdale|236/302\n|-ability|p1a: Mudsdale|Stamina|boost\n|-boost|p1a: Mudsdale|def|1\n|move|p1a: Mudsdale|Earthquake|p2a: Iron Treads\n|-supereffective|p2a: Iron Treads\n|-damage|p2a: Iron Treads|0 fnt\n|faint|p2a: Iron Treads\n|-end|p2a: Iron Treads|Quark Drive|[silent]\n|\n|-heal|p1a: Mudsdale|254/302|[from] item: Leftovers\n|upkeep\n|\n|t:|1781451651\n|switch|p2a: Primarina|Primarina, L83, F|268/268\n|turn|11\n|\n|t:|1781451656\n|move|p2a: Primarina|Sparkling Aria|p1a: Mudsdale\n|-supereffective|p1a: Mudsdale\n|-damage|p1a: Mudsdale|36/302\n|-ability|p1a: Mudsdale|Stamina|boost\n|-boost|p1a: Mudsdale|def|1\n|move|p1a: Mudsdale|Earthquake|p2a: Primarina\n|-damage|p2a: Primarina|126/268\n|\n|-heal|p2a: Primarina|142/268|[from] item: Leftovers\n|-heal|p1a: Mudsdale|54/302|[from] item: Leftovers\n|upkeep\n|turn|12\n|\n|t:|1781451660\n|move|p2a: Primarina|Sparkling Aria|p1a: Mudsdale\n|-supereffective|p1a: Mudsdale\n|-damage|p1a: Mudsdale|0 fnt\n|faint|p1a: Mudsdale\n|\n|-heal|p2a: Primarina|158/268|[from] item: Leftovers\n|upkeep\n|\n|t:|1781451662\n|switch|p1a: Overqwil|Overqwil, L82, M|274/274\n|-damage|p1a: Overqwil|240/274|[from] Stealth Rock\n|-ability|p1a: Overqwil|Intimidate|boost\n|-unboost|p2a: Primarina|atk|1\n|turn|13\n|\n|t:|1781451673\n|switch|p2a: Clodsire|Clodsire, L81, F|343/343\n|move|p1a: Overqwil|Gunk Shot|p2a: Clodsire|[miss]\n|-miss|p1a: Overqwil|p2a: Clodsire\n|\n|upkeep\n|turn|14\n|\n|t:|1781451686\n|switch|p1a: Chimecho|Chimecho, L93, F|290/290\n|-damage|p1a: Chimecho|254/290|[from] Stealth Rock\n|move|p2a: Clodsire|Earthquake|p1a: Chimecho\n|-immune|p1a: Chimecho|[from] ability: Levitate\n|\n|-heal|p1a: Chimecho|272/290|[from] item: Leftovers\n|upkeep\n|turn|15\n|\n|t:|1781451692\n|switch|p2a: Ceruledge|Ceruledge, L78, F|245/245\n|move|p1a: Chimecho|Encore||[still]\n|-fail|p1a: Chimecho\n|\n|-heal|p1a: Chimecho|290/290|[from] item: Leftovers\n|upkeep\n|turn|16\n|\n|t:|1781451699\n|switch|p1a: Overqwil|Overqwil, L82, M|240/274\n|-damage|p1a: Overqwil|206/274|[from] Stealth Rock\n|-ability|p1a: Overqwil|Intimidate|boost\n|-unboost|p2a: Ceruledge|atk|1\n|move|p2a: Ceruledge|Swords Dance|p2a: Ceruledge\n|-boost|p2a: Ceruledge|atk|2\n|\n|upkeep\n|turn|17\n|\n|t:|1781451706\n|-terastallize|p2a: Ceruledge|Fire\n|move|p1a: Overqwil|Swords Dance|p1a: Overqwil\n|-boost|p1a: Overqwil|atk|2\n|move|p2a: Ceruledge|Bitter Blade|p1a: Overqwil\n|-damage|p1a: Overqwil|12/274\n|\n|upkeep\n|turn|18\n|\n|t:|1781451711\n|move|p1a: Overqwil|Scale Shot|p2a: Ceruledge\n|-damage|p2a: Ceruledge|203/245\n|-ability|p2a: Ceruledge|Weak Armor|boost\n|-unboost|p2a: Ceruledge|def|1\n|-boost|p2a: Ceruledge|spe|2\n|-damage|p2a: Ceruledge|133/245\n|-ability|p2a: Ceruledge|Weak Armor|boost\n|-unboost|p2a: Ceruledge|def|1\n|-boost|p2a: Ceruledge|spe|2\n|-damage|p2a: Ceruledge|52/245\n|-ability|p2a: Ceruledge|Weak Armor|boost\n|-unboost|p2a: Ceruledge|def|1\n|-boost|p2a: Ceruledge|spe|2\n|-damage|p2a: Ceruledge|0 fnt\n|faint|p2a: Ceruledge\n|-hitcount|p2: Ceruledge|4\n|-unboost|p1a: Overqwil|def|1\n|-boost|p1a: Overqwil|spe|1\n|\n|upkeep\n|\n|t:|1781451717\n|switch|p2a: Clodsire|Clodsire, L81, F|343/343\n|turn|19\n|\n|t:|1781451722\n|move|p1a: Overqwil|Crunch|p2a: Clodsire\n|-damage|p2a: Clodsire|211/343\n|-unboost|p2a: Clodsire|def|1\n|move|p2a: Clodsire|Poison Jab|p1a: Overqwil\n|-resisted|p1a: Overqwil\n|-damage|p1a: Overqwil|0 fnt\n|faint|p1a: Overqwil\n|\n|-heal|p2a: Clodsire|232/343|[from] item: Leftovers\n|upkeep\n|\n|t:|1781451731\n|switch|p1a: Ambipom|Ambipom, L84, F|263/263\n|-damage|p1a: Ambipom|231/263|[from] Stealth Rock\n|turn|20\n|\n|t:|1781451737\n|switch|p2a: Primarina|Primarina, L83, F|158/268\n|-terastallize|p1a: Ambipom|Normal\n|move|p1a: Ambipom|Fake Out|p2a: Primarina\n|-damage|p2a: Primarina|38/268\n|\n|-heal|p2a: Primarina|54/268|[from] item: Leftovers\n|upkeep\n|turn|21\n|\n|t:|1781451742\n|move|p1a: Ambipom|Double-Edge|p2a: Primarina\n|-damage|p2a: Primarina|0 fnt\n|faint|p2a: Primarina\n|-damage|p1a: Ambipom|213/263|[from] Recoil\n|\n|upkeep\n|\n|t:|1781451749\n|switch|p2a: Ogerpon|Ogerpon-Hearthflame, L74, F|239/239\n|-ability|p2a: Ogerpon|Mold Breaker\n|turn|22\n|\n|t:|1781451752\n|switch|p1a: Chimecho|Chimecho, L93, F|290/290\n|-damage|p1a: Chimecho|254/290|[from] Stealth Rock\n|move|p2a: Ogerpon|Ivy Cudgel|p1a: Chimecho|[anim] Ivy Cudgel Fire\n|-damage|p1a: Chimecho|137/290\n|\n|-heal|p1a: Chimecho|155/290|[from] item: Leftovers\n|upkeep\n|turn|23\n|\n|t:|1781451758\n|move|p2a: Ogerpon|Swords Dance|p2a: Ogerpon\n|-boost|p2a: Ogerpon|atk|2\n|move|p1a: Chimecho|Encore|p2a: Ogerpon\n|-start|p2a: Ogerpon|Encore\n|\n|-heal|p1a: Chimecho|173/290|[from] item: Leftovers\n|upkeep\n|turn|24\n|\n|t:|1781451760\n|switch|p2a: Clodsire|Clodsire, L81, F|232/343\n|move|p1a: Chimecho|Psychic Noise|p2a: Clodsire\n|-supereffective|p2a: Clodsire\n|-damage|p2a: Clodsire|64/343\n|-start|p2a: Clodsire|move: Heal Block\n|\n|-heal|p1a: Chimecho|191/290|[from] item: Leftovers\n|upkeep\n|turn|25\n|\n|t:|1781451764\n|move|p1a: Chimecho|Psychic Noise|p2a: Clodsire\n|-supereffective|p2a: Clodsire\n|-damage|p2a: Clodsire|0 fnt\n|faint|p2a: Clodsire\n|\n|-heal|p1a: Chimecho|209/290|[from] item: Leftovers\n|upkeep\n|\n|t:|1781451766\n|switch|p2a: Ogerpon|Ogerpon-Hearthflame, L74, F|239/239\n|-ability|p2a: Ogerpon|Mold Breaker\n|turn|26\n|\n|t:|1781451768\n|move|p2a: Ogerpon|Ivy Cudgel|p1a: Chimecho|[anim] Ivy Cudgel Fire\n|-damage|p1a: Chimecho|101/290\n|move|p1a: Chimecho|Encore|p2a: Ogerpon\n|-start|p2a: Ogerpon|Encore\n|\n|-heal|p1a: Chimecho|119/290|[from] item: Leftovers\n|upkeep\n|turn|27\n|\n|t:|1781451770\n|move|p2a: Ogerpon|Ivy Cudgel|p1a: Chimecho|[anim] Ivy Cudgel Fire\n|-damage|p1a: Chimecho|0 fnt\n|faint|p1a: Chimecho\n|\n|upkeep\n|\n|t:|1781451773\n|switch|p1a: Ambipom|Ambipom, L84, F, tera:Normal|213/263\n|-damage|p1a: Ambipom|181/263|[from] Stealth Rock\n|turn|28\n|\n|t:|1781451774\n|move|p1a: Ambipom|Fake Out|p2a: Ogerpon\n|-damage|p2a: Ogerpon|121/239\n|cant|p2a: Ogerpon|flinch\n|\n|upkeep\n|turn|29\n|\n|t:|1781451777\n|move|p1a: Ambipom|Double-Edge|p2a: Ogerpon\n|-damage|p2a: Ogerpon|0 fnt\n|faint|p2a: Ogerpon\n|-damage|p1a: Ambipom|141/263|[from] Recoil\n|\n|win|LewisBavin\n", "uploadtime": 1781451555, "views": 4, "formatid": "gen9randombattle", "rating": null, "private": 0, "password": null}