{"id": "gen9randombattle-2631634732", "format": "[Gen 9] Random Battle", "players": ["Tyyyyyyu", "Elite4Bcoll"], "log": "|j|\u2606Tyyyyyyu\n|j|\u2606Elite4Bcoll\n|t:|1781412296\n|gametype|singles\n|player|p1|Tyyyyyyu|lady-gen4|1379\n|player|p2|Elite4Bcoll|gentleman|1402\n|gen|9\n|tier|[Gen 9] Random Battle\n|rated|\n|rule|Species Clause: Limit one of each Pok\u00e9mon\n|rule|HP Percentage Mod: HP is shown in percentages\n|rule|Sleep Clause Mod: Limit one foe put to sleep\n|rule|Illusion Level Mod: Illusion disguises the Pok\u00e9mon's true level\n|\n|t:|1781412296\n|teamsize|p1|6\n|teamsize|p2|6\n|start\n|switch|p1a: Samurott|Samurott, L88, F|310/310\n|switch|p2a: Miraidon|Miraidon, L65|238/238\n|-fieldstart|move: Electric Terrain|[from] ability: Hadron Engine|[of] p2a: Miraidon\n|turn|1\n|inactive|Battle timer is ON: inactive players will automatically lose when time's up. (requested by Elite4Bcoll)\n|inactive|Tyyyyyyu has 120 seconds left.\n|\n|t:|1781412330\n|switch|p1a: Rotom|Rotom-Fan, L86|226/226\n|move|p2a: Miraidon|Electro Drift|p1a: Rotom\n|-damage|p1a: Rotom|27/226\n|\n|upkeep\n|turn|2\n|\n|t:|1781412339\n|move|p2a: Miraidon|Electro Drift|p1a: Rotom\n|-damage|p1a: Rotom|0 fnt\n|faint|p1a: Rotom\n|\n|upkeep\n|\n|t:|1781412343\n|switch|p1a: Oinkologne|Oinkologne, L92, M|352/352\n|turn|3\n|\n|t:|1781412358\n|-terastallize|p1a: Oinkologne|Ground\n|move|p2a: Miraidon|Electro Drift|p1a: Oinkologne\n|-immune|p1a: Oinkologne\n|move|p1a: Oinkologne|High Horsepower|p2a: Miraidon\n|-supereffective|p2a: Miraidon\n|-damage|p2a: Miraidon|0 fnt\n|faint|p2a: Miraidon\n|\n|upkeep\n|\n|t:|1781412367\n|switch|p2a: Flapple|Flapple, L88, M|266/266\n|turn|4\n|\n|t:|1781412370\n|switch|p1a: Toxapex|Toxapex, L82, M|216/216\n|move|p2a: Flapple|Grav Apple|p1a: Toxapex\n|-damage|p1a: Toxapex|110/216\n|-unboost|p1a: Toxapex|def|1\n|\n|upkeep\n|turn|5\n|\n|t:|1781412385\n|switch|p2a: Raichu|Raichu-Alola, L87, M|246/246\n|switch|p1a: Dusknoir|Dusknoir, L89, F|225/225\n|-item|p2a: Raichu|Life Orb|[from] ability: Frisk|[of] p1a: Dusknoir\n|\n|-fieldend|move: Electric Terrain\n|upkeep\n|turn|6\n|\n|t:|1781412406\n|switch|p2a: Dugtrio|Dugtrio-Alola, L84, F|196/196\n|move|p1a: Dusknoir|Poltergeist|p2a: Dugtrio\n|-activate|p2a: Dugtrio|move: Poltergeist|Life Orb\n|-damage|p2a: Dugtrio|15/196\n|\n|upkeep\n|turn|7\n|\n|t:|1781412416\n|switch|p1a: Toxapex|Toxapex, L82, M|182/216\n|move|p2a: Dugtrio|Sucker Punch||[still]\n|-fail|p2a: Dugtrio\n|\n|upkeep\n|turn|8\n|\n|t:|1781412431\n|move|p2a: Dugtrio|Earthquake|p1a: Toxapex\n|-supereffective|p1a: Toxapex\n|-damage|p1a: Toxapex|0 fnt\n|faint|p1a: Toxapex\n|-damage|p2a: Dugtrio|0 fnt|[from] item: Life Orb\n|faint|p2a: Dugtrio\n|\n|upkeep\n|\n|t:|1781412441\n|switch|p2a: Raichu|Raichu-Alola, L87, M|246/246\n|switch|p1a: Dusknoir|Dusknoir, L89, F|225/225\n|-item|p2a: Raichu|Life Orb|[from] ability: Frisk|[of] p1a: Dusknoir\n|turn|9\n|\n|t:|1781412455\n|switch|p2a: Sandslash|Sandslash, L89, M|278/278\n|move|p1a: Dusknoir|Poltergeist|p2a: Sandslash\n|-activate|p2a: Sandslash|move: Poltergeist|Assault Vest\n|-damage|p2a: Sandslash|173/278\n|\n|upkeep\n|turn|10\n|\n|t:|1781412468\n|move|p2a: Sandslash|Knock Off|p1a: Dusknoir\n|-supereffective|p1a: Dusknoir\n|-damage|p1a: Dusknoir|115/225\n|-enditem|p1a: Dusknoir|Leftovers|[from] move: Knock Off|[of] p2a: Sandslash\n|move|p1a: Dusknoir|Will-O-Wisp|p2a: Sandslash|[miss]\n|-miss|p1a: Dusknoir|p2a: Sandslash\n|\n|upkeep\n|turn|11\n|\n|t:|1781412477\n|move|p2a: Sandslash|Knock Off|p1a: Dusknoir\n|-supereffective|p1a: Dusknoir\n|-damage|p1a: Dusknoir|49/225\n|move|p1a: Dusknoir|Pain Split|p2a: Sandslash\n|-sethp|p2a: Sandslash|111/278|[from] move: Pain Split|[silent]\n|-sethp|p1a: Dusknoir|111/225|[from] move: Pain Split\n|\n|upkeep\n|turn|12\n|\n|t:|1781412483\n|move|p2a: Sandslash|Stone Edge|p1a: Dusknoir\n|-damage|p1a: Dusknoir|52/225\n|move|p1a: Dusknoir|Will-O-Wisp|p2a: Sandslash|[miss]\n|-miss|p1a: Dusknoir|p2a: Sandslash\n|\n|upkeep\n|turn|13\n|inactive|Tyyyyyyu has 120 seconds left.\n|\n|t:|1781412516\n|move|p2a: Sandslash|Earthquake|p1a: Dusknoir\n|-damage|p1a: Dusknoir|0 fnt\n|faint|p1a: Dusknoir\n|\n|upkeep\n|inactive|Tyyyyyyu has 120 seconds left.\n|\n|t:|1781412524\n|switch|p1a: Oinkologne|Oinkologne, L92, M, tera:Ground|352/352\n|turn|14\n|inactive|Tyyyyyyu has 120 seconds left.\n|\n|t:|1781412544\n|move|p1a: Oinkologne|Curse|p1a: Oinkologne\n|-unboost|p1a: Oinkologne|spe|1\n|-boost|p1a: Oinkologne|atk|1\n|-boost|p1a: Oinkologne|def|1\n|move|p2a: Sandslash|Rapid Spin|p1a: Oinkologne\n|-damage|p1a: Oinkologne|326/352\n|-boost|p2a: Sandslash|spe|1\n|\n|-heal|p1a: Oinkologne|348/352|[from] item: Leftovers\n|upkeep\n|turn|15\n|inactive|Elite4Bcoll has 120 seconds left.\n|\n|t:|1781412568\n|move|p2a: Sandslash|Knock Off|p1a: Oinkologne\n|-damage|p1a: Oinkologne|292/352\n|-enditem|p1a: Oinkologne|Leftovers|[from] move: Knock Off|[of] p2a: Sandslash\n|move|p1a: Oinkologne|High Horsepower|p2a: Sandslash\n|-damage|p2a: Sandslash|0 fnt\n|faint|p2a: Sandslash\n|\n|upkeep\n|inactive|Elite4Bcoll has 120 seconds left.\n|\n|t:|1781412575\n|switch|p2a: Flapple|Flapple, L88, M|266/266\n|turn|16\n|\n|t:|1781412578\n|move|p2a: Flapple|Grav Apple|p1a: Oinkologne\n|-supereffective|p1a: Oinkologne\n|-damage|p1a: Oinkologne|64/352\n|-unboost|p1a: Oinkologne|def|1\n|move|p1a: Oinkologne|Double-Edge|p2a: Flapple\n|-damage|p2a: Flapple|20/266\n|-damage|p1a: Oinkologne|0 fnt|[from] Recoil\n|faint|p1a: Oinkologne\n|\n|upkeep\n|\n|t:|1781412585\n|switch|p1a: Samurott|Samurott, L88, F|310/310\n|turn|17\n|\n|t:|1781412590\n|move|p1a: Samurott|Knock Off|p2a: Flapple\n|-damage|p2a: Flapple|0 fnt\n|-enditem|p2a: Flapple|Lum Berry|[from] move: Knock Off|[of] p1a: Samurott\n|faint|p2a: Flapple\n|-damage|p1a: Samurott|279/310|[from] item: Life Orb\n|\n|upkeep\n|\n|t:|1781412592\n|switch|p2a: Raichu|Raichu-Alola, L87, M|246/246\n|turn|18\n|\n|t:|1781412596\n|move|p2a: Raichu|Nasty Plot|p2a: Raichu\n|-boost|p2a: Raichu|spa|2\n|move|p1a: Samurott|Knock Off|p2a: Raichu\n|-supereffective|p2a: Raichu\n|-damage|p2a: Raichu|0 fnt\n|-enditem|p2a: Raichu|Life Orb|[from] move: Knock Off|[of] p1a: Samurott\n|faint|p2a: Raichu\n|-damage|p1a: Samurott|248/310|[from] item: Life Orb\n|\n|upkeep\n|\n|t:|1781412602\n|switch|p2a: Bruxish|Bruxish, L85, M|254/254\n|turn|19\n|\n|t:|1781412611\n|-terastallize|p2a: Bruxish|Dark\n|move|p2a: Bruxish|Crunch|p1a: Samurott\n|-damage|p1a: Samurott|53/310\n|move|p1a: Samurott|Megahorn|p2a: Bruxish\n|-supereffective|p2a: Bruxish\n|-damage|p2a: Bruxish|0 fnt\n|faint|p2a: Bruxish\n|-damage|p1a: Samurott|22/310|[from] item: Life Orb\n|\n|win|Tyyyyyyu\n|raw|Tyyyyyyu's rating: 1379 &rarr; <strong>1400</strong><br />(+21 for winning)\n|raw|Elite4Bcoll's rating: 1402 &rarr; <strong>1381</strong><br />(-21 for losing)\n|l|\u2606Elite4Bcoll\n|player|p2|\n", "uploadtime": 1781412622, "views": 2, "formatid": "gen9randombattle", "rating": 1381, "private": 0, "password": null}