{"id": "gen9randombattle-2631745462", "format": "[Gen 9] Random Battle", "players": ["L4V", "KoffeeArchive"], "log": "|j|\u2606L4V\n|j|\u2606KoffeeArchive\n|t:|1781432747\n|gametype|singles\n|player|p1|L4V|psychic-gen6|1947\n|player|p2|KoffeeArchive|clair|1977\n|gen|9\n|tier|[Gen 9] Random Battle\n|rated|\n|rule|Species Clause: Limit one of each Pok\u00e9mon\n|rule|HP Percentage Mod: HP is shown in percentages\n|rule|Sleep Clause Mod: Limit one foe put to sleep\n|rule|Illusion Level Mod: Illusion disguises the Pok\u00e9mon's true level\n|\n|t:|1781432747\n|teamsize|p1|6\n|teamsize|p2|6\n|start\n|switch|p1a: Cloyster|Cloyster, L80, F|211/211\n|switch|p2a: Hippowdon|Hippowdon, L82, M|311/311\n|-weather|Sandstorm|[from] ability: Sand Stream|[of] p2a: Hippowdon\n|turn|1\n|inactive|Battle timer is ON: inactive players will automatically lose when time's up. (requested by KoffeeArchive)\n|inactive|L4V also wants the timer to be on.\n|\n|t:|1781432765\n|move|p1a: Cloyster|Shell Smash|p1a: Cloyster\n|-unboost|p1a: Cloyster|def|1\n|-unboost|p1a: Cloyster|spd|1\n|-boost|p1a: Cloyster|atk|2\n|-boost|p1a: Cloyster|spa|2\n|-boost|p1a: Cloyster|spe|2\n|-enditem|p1a: Cloyster|White Herb\n|-clearnegativeboost|p1a: Cloyster|[silent]\n|move|p2a: Hippowdon|Stone Edge|p1a: Cloyster\n|-supereffective|p1a: Cloyster\n|-damage|p1a: Cloyster|119/211\n|\n|-weather|Sandstorm|[upkeep]\n|-damage|p1a: Cloyster|106/211|[from] Sandstorm\n|upkeep\n|turn|2\n|\n|t:|1781432776\n|switch|p2a: Basculegion|Basculegion, L80, M|323/323\n|move|p1a: Cloyster|Icicle Spear|p2a: Basculegion\n|-resisted|p2a: Basculegion\n|-damage|p2a: Basculegion|289/323\n|-resisted|p2a: Basculegion\n|-damage|p2a: Basculegion|256/323\n|-resisted|p2a: Basculegion\n|-damage|p2a: Basculegion|226/323\n|-resisted|p2a: Basculegion\n|-damage|p2a: Basculegion|195/323\n|-resisted|p2a: Basculegion\n|-damage|p2a: Basculegion|163/323\n|-hitcount|p2a: Basculegion|5\n|\n|-weather|Sandstorm|[upkeep]\n|-damage|p1a: Cloyster|93/211|[from] Sandstorm\n|-damage|p2a: Basculegion|143/323|[from] Sandstorm\n|upkeep\n|turn|3\n|\n|t:|1781432788\n|move|p1a: Cloyster|Rock Blast|p2a: Basculegion\n|-damage|p2a: Basculegion|99/323\n|-damage|p2a: Basculegion|54/323\n|-damage|p2a: Basculegion|15/323\n|-damage|p2a: Basculegion|0 fnt\n|faint|p2a: Basculegion\n|-hitcount|p2: Basculegion|4\n|\n|-weather|Sandstorm|[upkeep]\n|-damage|p1a: Cloyster|80/211|[from] Sandstorm\n|upkeep\n|\n|t:|1781432795\n|switch|p2a: Hariyama|Hariyama, L87, F|392/392\n|turn|4\n|\n|t:|1781432806\n|move|p1a: Cloyster|Icicle Spear|p2a: Hariyama\n|-damage|p2a: Hariyama|328/392\n|-damage|p2a: Hariyama|271/392\n|-damage|p2a: Hariyama|204/392\n|-damage|p2a: Hariyama|144/392\n|-crit|p2a: Hariyama\n|-damage|p2a: Hariyama|47/392\n|-hitcount|p2a: Hariyama|5\n|move|p2a: Hariyama|Close Combat|p1a: Cloyster\n|-supereffective|p1a: Cloyster\n|-damage|p1a: Cloyster|0 fnt\n|-unboost|p2a: Hariyama|def|1\n|-unboost|p2a: Hariyama|spd|1\n|faint|p1a: Cloyster\n|\n|-weather|Sandstorm|[upkeep]\n|-damage|p2a: Hariyama|23/392|[from] Sandstorm\n|-status|p2a: Hariyama|brn|[from] item: Flame Orb\n|upkeep\n|\n|t:|1781432825\n|switch|p1a: Ogerpon|Ogerpon-Cornerstone, L76, F|247/247\n|turn|5\n|\n|t:|1781432829\n|move|p1a: Ogerpon|Ivy Cudgel|p2a: Hariyama|[anim] Ivy Cudgel Rock\n|-resisted|p2a: Hariyama\n|-crit|p2a: Hariyama\n|-damage|p2a: Hariyama|0 fnt\n|faint|p2a: Hariyama\n|\n|-weather|none\n|upkeep\n|\n|t:|1781432836\n|switch|p2a: Brambleghast|Brambleghast, L88, M|240/240\n|turn|6\n|\n|t:|1781432844\n|switch|p1a: Muk|Muk-Alola, L82, M|306/306\n|move|p2a: Brambleghast|Rapid Spin|p1a: Muk\n|-damage|p1a: Muk|251/306\n|-boost|p2a: Brambleghast|spe|1\n|\n|upkeep\n|turn|7\n|\n|t:|1781432853\n|move|p2a: Brambleghast|Poltergeist|p1a: Muk\n|-activate|p1a: Muk|move: Poltergeist|Assault Vest\n|-resisted|p1a: Muk\n|-damage|p1a: Muk|170/306\n|move|p1a: Muk|Knock Off|p2a: Brambleghast\n|-supereffective|p2a: Brambleghast\n|-damage|p2a: Brambleghast|4/240\n|-enditem|p2a: Brambleghast|Heavy-Duty Boots|[from] move: Knock Off|[of] p1a: Muk\n|\n|upkeep\n|turn|8\n|\n|t:|1781432856\n|move|p1a: Muk|Shadow Sneak|p2a: Brambleghast\n|-supereffective|p2a: Brambleghast\n|-damage|p2a: Brambleghast|0 fnt\n|faint|p2a: Brambleghast\n|\n|upkeep\n|\n|t:|1781432860\n|switch|p2a: Hippowdon|Hippowdon, L82, M|311/311\n|-weather|Sandstorm|[from] ability: Sand Stream|[of] p2a: Hippowdon\n|turn|9\n|\n|t:|1781432870\n|move|p1a: Muk|Knock Off|p2a: Hippowdon\n|-crit|p2a: Hippowdon\n|-damage|p2a: Hippowdon|193/311\n|-enditem|p2a: Hippowdon|Leftovers|[from] move: Knock Off|[of] p1a: Muk\n|move|p2a: Hippowdon|Curse|p2a: Hippowdon\n|-unboost|p2a: Hippowdon|spe|1\n|-boost|p2a: Hippowdon|atk|1\n|-boost|p2a: Hippowdon|def|1\n|\n|-weather|Sandstorm|[upkeep]\n|-damage|p1a: Muk|151/306|[from] Sandstorm\n|upkeep\n|turn|10\n|\n|t:|1781432878\n|move|p1a: Muk|Knock Off|p2a: Hippowdon\n|-damage|p2a: Hippowdon|156/311\n|-status|p2a: Hippowdon|psn|[from] ability: Poison Touch|[of] p1a: Muk\n|move|p2a: Hippowdon|Earthquake|p1a: Muk\n|-supereffective|p1a: Muk\n|-damage|p1a: Muk|0 fnt\n|faint|p1a: Muk\n|\n|-weather|Sandstorm|[upkeep]\n|-damage|p2a: Hippowdon|118/311 psn|[from] psn\n|upkeep\n|\n|t:|1781432881\n|switch|p1a: Meowscarada|Meowscarada, L78, M|247/247\n|turn|11\n|-message|KoffeeArchive forfeited.\n|\n|win|L4V\n", "uploadtime": 1781432748, "views": 3, "formatid": "gen9randombattle", "rating": null, "private": 0, "password": null}