{"id": "gen9randombattle-2641681857", "format": "[Gen 9] Random Battle", "players": ["ShouldbeWerking", "Timatwork"], "log": "|j|\u2606ShouldbeWerking\n|j|\u2606Timatwork\n|t:|1782829181\n|gametype|singles\n|player|p1|ShouldbeWerking|iris-gen5bw2|1495\n|player|p2|Timatwork|170|1479\n|gen|9\n|tier|[Gen 9] Random Battle\n|rated|\n|rule|Species Clause: Limit one of each Pok\u00e9mon\n|rule|HP Percentage Mod: HP is shown in percentages\n|rule|Sleep Clause Mod: Limit one foe put to sleep\n|rule|Illusion Level Mod: Illusion disguises the Pok\u00e9mon's true level\n|\n|t:|1782829181\n|teamsize|p1|6\n|teamsize|p2|6\n|start\n|switch|p1a: Uxie|Uxie, L83|260/260\n|switch|p2a: Salamence|Salamence, L77, F|273/273\n|turn|1\n|inactive|Battle timer is ON: inactive players will automatically lose when time's up. (requested by ShouldbeWerking)\n|\n|t:|1782829208\n|move|p1a: Uxie|Yawn|p2a: Salamence\n|-start|p2a: Salamence|move: Yawn|[of] p1a: Uxie\n|move|p2a: Salamence|Dragon Dance|p2a: Salamence\n|-boost|p2a: Salamence|atk|1\n|-boost|p2a: Salamence|spe|1\n|\n|upkeep\n|turn|2\n|\n|t:|1782829226\n|move|p2a: Salamence|Outrage|p1a: Uxie\n|-damage|p1a: Uxie|97/260\n|move|p1a: Uxie|Psychic Noise|p2a: Salamence\n|-damage|p2a: Salamence|191/273\n|-start|p2a: Salamence|move: Heal Block\n|\n|-heal|p1a: Uxie|113/260|[from] item: Leftovers\n|-end|p2a: Salamence|move: Yawn|[silent]\n|-status|p2a: Salamence|slp\n|upkeep\n|turn|3\n|\n|t:|1782829240\n|cant|p2a: Salamence|slp\n|move|p1a: Uxie|Stealth Rock|p2a: Salamence\n|-sidestart|p2: Timatwork|move: Stealth Rock\n|\n|-heal|p1a: Uxie|129/260|[from] item: Leftovers\n|-end|p2a: Salamence|move: Heal Block\n|upkeep\n|turn|4\n|\n|t:|1782829246\n|-curestatus|p2a: Salamence|slp|[msg]\n|move|p2a: Salamence|Outrage|p1a: Uxie\n|-damage|p1a: Uxie|0 fnt\n|faint|p1a: Uxie\n|-ability|p2a: Salamence|Moxie|boost\n|-boost|p2a: Salamence|atk|1\n|\n|upkeep\n|\n|t:|1782829260\n|switch|p1a: Sylveon|Sylveon, L85, M|300/300\n|turn|5\n|\n|t:|1782829279\n|move|p2a: Salamence|Outrage|p1a: Sylveon|[from] lockedmove\n|-immune|p1a: Sylveon\n|move|p1a: Sylveon|Hyper Voice|p2a: Salamence\n|-supereffective|p2a: Salamence\n|-damage|p2a: Salamence|0 fnt\n|faint|p2a: Salamence\n|\n|upkeep\n|\n|t:|1782829285\n|switch|p2a: Qwilfish|Qwilfish-Hisui, L83, F|244/244\n|-damage|p2a: Qwilfish|214/244|[from] Stealth Rock\n|-ability|p2a: Qwilfish|Intimidate|boost\n|-unboost|p1a: Sylveon|atk|1\n|turn|6\n|\n|t:|1782829292\n|switch|p1a: Rhydon|Rhydon, L85, M|317/317\n|move|p2a: Qwilfish|Gunk Shot|p1a: Rhydon\n|-resisted|p1a: Rhydon\n|-damage|p1a: Rhydon|302/317\n|\n|upkeep\n|turn|7\n|\n|t:|1782829305\n|switch|p2a: Quaquaval|Quaquaval, L79, F|264/264\n|-damage|p2a: Quaquaval|248/264|[from] Stealth Rock\n|move|p1a: Rhydon|Swords Dance|p1a: Rhydon\n|-boost|p1a: Rhydon|atk|2\n|\n|upkeep\n|turn|8\n|\n|t:|1782829313\n|-terastallize|p1a: Rhydon|Flying\n|move|p2a: Quaquaval|Aqua Step|p1a: Rhydon\n|-damage|p1a: Rhydon|235/317\n|-boost|p2a: Quaquaval|spe|1\n|move|p1a: Rhydon|Earthquake|p2a: Quaquaval\n|-damage|p2a: Quaquaval|0 fnt\n|faint|p2a: Quaquaval\n|\n|upkeep\n|\n|t:|1782829321\n|switch|p2a: Rhydon|Rhydon, L85, M|317/317\n|-damage|p2a: Rhydon|298/317|[from] Stealth Rock\n|turn|9\n|\n|t:|1782829326\n|-terastallize|p2a: Rhydon|Water\n|move|p2a: Rhydon|Stone Edge|p1a: Rhydon\n|-supereffective|p1a: Rhydon\n|-damage|p1a: Rhydon|95/317\n|move|p1a: Rhydon|Earthquake|p2a: Rhydon\n|-damage|p2a: Rhydon|166/317\n|\n|upkeep\n|turn|10\n|\n|t:|1782829341\n|switch|p1a: Giratina|Giratina-Origin, L72|335/335\n|move|p2a: Rhydon|Stone Edge|p1a: Giratina\n|-crit|p1a: Giratina\n|-damage|p1a: Giratina|104/335\n|\n|upkeep\n|turn|11\n|\n|t:|1782829347\n|move|p1a: Giratina|Will-O-Wisp|p2a: Rhydon\n|-status|p2a: Rhydon|brn\n|move|p2a: Rhydon|Earthquake|p1a: Giratina\n|-immune|p1a: Giratina|[from] ability: Levitate\n|\n|-damage|p2a: Rhydon|147/317 brn|[from] brn\n|upkeep\n|turn|12\n|\n|t:|1782829356\n|move|p1a: Giratina|Poltergeist|p2a: Rhydon|[miss]\n|-miss|p1a: Giratina|p2a: Rhydon\n|move|p2a: Rhydon|Stone Edge|p1a: Giratina\n|-damage|p1a: Giratina|26/335\n|\n|-damage|p2a: Rhydon|128/317 brn|[from] brn\n|upkeep\n|turn|13\n|\n|t:|1782829363\n|switch|p1a: Sylveon|Sylveon, L85, M|300/300\n|move|p2a: Rhydon|Stone Edge|p1a: Sylveon\n|-damage|p1a: Sylveon|216/300\n|\n|-heal|p1a: Sylveon|234/300|[from] item: Leftovers\n|-damage|p2a: Rhydon|109/317 brn|[from] brn\n|upkeep\n|turn|14\n|\n|t:|1782829368\n|move|p1a: Sylveon|Hyper Voice|p2a: Rhydon\n|-damage|p2a: Rhydon|0 fnt\n|faint|p2a: Rhydon\n|\n|-heal|p1a: Sylveon|252/300|[from] item: Leftovers\n|upkeep\n|\n|t:|1782829374\n|switch|p2a: Cinderace|Cinderace, L77, F|250/250\n|turn|15\n|\n|t:|1782829378\n|move|p2a: Cinderace|Court Change|p2a: Cinderace\n|-start|p2a: Cinderace|typechange|Normal|[from] ability: Libero\n|-swapsideconditions\n|-activate|p2a: Cinderace|move: Court Change\n|move|p1a: Sylveon|Wish|p1a: Sylveon\n|\n|-heal|p1a: Sylveon|270/300|[from] item: Leftovers\n|upkeep\n|turn|16\n|\n|t:|1782829388\n|switch|p1a: Veluza|Veluza, L85, F|292/292\n|-damage|p1a: Veluza|256/292|[from] Stealth Rock\n|move|p2a: Cinderace|Will-O-Wisp|p1a: Veluza\n|-status|p1a: Veluza|brn\n|\n|-heal|p1a: Veluza|292/292 brn|[from] move: Wish|[wisher] Sylveon\n|-damage|p1a: Veluza|274/292 brn|[from] brn\n|upkeep\n|turn|17\n|\n|t:|1782829399\n|move|p2a: Cinderace|U-turn|p1a: Veluza\n|-supereffective|p1a: Veluza\n|-damage|p1a: Veluza|170/292 brn\n|\n|t:|1782829402\n|switch|p2a: Giratina|Giratina, L75|349/349|[from] U-turn\n|-ability|p2a: Giratina|Pressure\n|move|p1a: Veluza|Fillet Away|p1a: Veluza\n|-boost|p1a: Veluza|atk|2\n|-boost|p1a: Veluza|spa|2\n|-boost|p1a: Veluza|spe|2\n|-damage|p1a: Veluza|24/292 brn\n|-enditem|p1a: Veluza|Sitrus Berry|[eat]\n|-heal|p1a: Veluza|97/292 brn|[from] item: Sitrus Berry\n|\n|-damage|p1a: Veluza|79/292 brn|[from] brn\n|upkeep\n|turn|18\n|\n|t:|1782829415\n|move|p1a: Veluza|Night Slash|p2a: Giratina\n|-supereffective|p2a: Giratina\n|-crit|p2a: Giratina\n|-damage|p2a: Giratina|153/349\n|move|p2a: Giratina|Dragon Pulse|p1a: Veluza\n|-damage|p1a: Veluza|0 fnt\n|faint|p1a: Veluza\n|\n|-heal|p2a: Giratina|174/349|[from] item: Leftovers\n|upkeep\n|inactive|ShouldbeWerking has 120 seconds left.\n|inactive|ShouldbeWerking has 90 seconds left.\n|\n|t:|1782829474\n|switch|p1a: Sylveon|Sylveon, L85, M|270/300\n|-damage|p1a: Sylveon|233/300|[from] Stealth Rock\n|turn|19\n|c|\u2606Timatwork|your also at work?\n|\n|t:|1782829482\n|switch|p2a: Qwilfish|Qwilfish-Hisui, L83, F|214/244\n|-ability|p2a: Qwilfish|Intimidate|boost\n|-unboost|p1a: Sylveon|atk|1\n|move|p1a: Sylveon|Wish|p1a: Sylveon\n|\n|-heal|p1a: Sylveon|251/300|[from] item: Leftovers\n|upkeep\n|turn|20\n|c|\u2606ShouldbeWerking|yessir\n|\n|t:|1782829489\n|switch|p1a: Suicune|Suicune, L82|298/298\n|-damage|p1a: Suicune|261/298|[from] Stealth Rock\n|-ability|p1a: Suicune|Pressure\n|move|p2a: Qwilfish|Gunk Shot|p1a: Suicune\n|-damage|p1a: Suicune|158/298\n|\n|-heal|p1a: Suicune|298/298|[from] move: Wish|[wisher] Sylveon\n|upkeep\n|turn|21\n|\n|t:|1782829496\n|move|p2a: Qwilfish|Taunt|p1a: Suicune\n|-start|p1a: Suicune|move: Taunt\n|cant|p1a: Suicune|move: Taunt|Calm Mind\n|\n|upkeep\n|turn|22\n|\n|t:|1782829505\n|move|p2a: Qwilfish|Spikes|p1a: Suicune\n|-sidestart|p1: ShouldbeWerking|Spikes\n|move|p1a: Suicune|Scald|p2a: Qwilfish\n|-damage|p2a: Qwilfish|139/244\n|-status|p2a: Qwilfish|brn\n|\n|-damage|p2a: Qwilfish|124/244 brn|[from] brn\n|upkeep\n|turn|23\n|inactive|ShouldbeWerking has 120 seconds left.\n|\n|t:|1782829513\n|move|p2a: Qwilfish|Spikes|p1a: Suicune\n|-sidestart|p1: ShouldbeWerking|Spikes\n|move|p1a: Suicune|Scald|p2a: Qwilfish\n|-damage|p2a: Qwilfish|55/244 brn\n|\n|-damage|p2a: Qwilfish|40/244 brn|[from] brn\n|-end|p1a: Suicune|move: Taunt\n|upkeep\n|turn|24\n|\n|t:|1782829520\n|move|p2a: Qwilfish|Spikes|p1a: Suicune\n|-sidestart|p1: ShouldbeWerking|Spikes\n|move|p1a: Suicune|Scald|p2a: Qwilfish\n|-damage|p2a: Qwilfish|0 fnt\n|faint|p2a: Qwilfish\n|\n|upkeep\n|\n|t:|1782829523\n|switch|p2a: Cinderace|Cinderace, L77, F|250/250\n|turn|25\n|\n|t:|1782829528\n|move|p2a: Cinderace|U-turn|p1a: Suicune\n|-start|p2a: Cinderace|typechange|Bug|[from] ability: Libero\n|-damage|p1a: Suicune|238/298\n|\n|t:|1782829531\n|switch|p2a: Giratina|Giratina, L75|174/349|[from] U-turn\n|-ability|p2a: Giratina|Pressure\n|move|p1a: Suicune|Scald|p2a: Giratina\n|-resisted|p2a: Giratina\n|-damage|p2a: Giratina|144/349\n|\n|-heal|p1a: Suicune|256/298|[from] item: Leftovers\n|-heal|p2a: Giratina|165/349|[from] item: Leftovers\n|upkeep\n|turn|26\n|\n|t:|1782829540\n|move|p1a: Suicune|Calm Mind|p1a: Suicune\n|-boost|p1a: Suicune|spa|1\n|-boost|p1a: Suicune|spd|1\n|move|p2a: Giratina|Rest|p2a: Giratina\n|-status|p2a: Giratina|slp|[from] move: Rest\n|-heal|p2a: Giratina|349/349 slp|[silent]\n|\n|-heal|p1a: Suicune|274/298|[from] item: Leftovers\n|upkeep\n|turn|27\n|\n|t:|1782829544\n|move|p1a: Suicune|Calm Mind|p1a: Suicune\n|-boost|p1a: Suicune|spa|1\n|-boost|p1a: Suicune|spd|1\n|cant|p2a: Giratina|slp\n|move|p2a: Giratina|Sleep Talk|p2a: Giratina\n|move|p2a: Giratina|Rest||[from] move: Sleep Talk|[still]\n|-fail|p2a: Giratina\n|\n|-heal|p1a: Suicune|292/298|[from] item: Leftovers\n|upkeep\n|turn|28\n|\n|t:|1782829549\n|move|p1a: Suicune|Calm Mind|p1a: Suicune\n|-boost|p1a: Suicune|spa|1\n|-boost|p1a: Suicune|spd|1\n|cant|p2a: Giratina|slp\n|move|p2a: Giratina|Sleep Talk|p2a: Giratina\n|move|p2a: Giratina|Dragon Pulse|p1a: Suicune|[from] move: Sleep Talk\n|-damage|p1a: Suicune|268/298\n|\n|-heal|p1a: Suicune|286/298|[from] item: Leftovers\n|upkeep\n|turn|29\n|\n|t:|1782829552\n|move|p1a: Suicune|Scald|p2a: Giratina\n|-resisted|p2a: Giratina\n|-damage|p2a: Giratina|262/349 slp\n|-curestatus|p2a: Giratina|slp|[msg]\n|move|p2a: Giratina|Sleep Talk||[still]\n|-fail|p2a: Giratina\n|\n|-heal|p1a: Suicune|298/298|[from] item: Leftovers\n|-heal|p2a: Giratina|283/349|[from] item: Leftovers\n|upkeep\n|turn|30\n|\n|t:|1782829558\n|move|p1a: Suicune|Scald|p2a: Giratina\n|-resisted|p2a: Giratina\n|-damage|p2a: Giratina|204/349\n|move|p2a: Giratina|Calm Mind|p2a: Giratina\n|-boost|p2a: Giratina|spa|1\n|-boost|p2a: Giratina|spd|1\n|\n|-heal|p2a: Giratina|225/349|[from] item: Leftovers\n|upkeep\n|turn|31\n|\n|t:|1782829562\n|move|p1a: Suicune|Calm Mind|p1a: Suicune\n|-boost|p1a: Suicune|spa|1\n|-boost|p1a: Suicune|spd|1\n|move|p2a: Giratina|Calm Mind|p2a: Giratina\n|-boost|p2a: Giratina|spa|1\n|-boost|p2a: Giratina|spd|1\n|\n|-heal|p2a: Giratina|246/349|[from] item: Leftovers\n|upkeep\n|turn|32\n|\n|t:|1782829564\n|move|p1a: Suicune|Scald|p2a: Giratina\n|-resisted|p2a: Giratina\n|-damage|p2a: Giratina|196/349\n|move|p2a: Giratina|Calm Mind|p2a: Giratina\n|-boost|p2a: Giratina|spa|1\n|-boost|p2a: Giratina|spd|1\n|\n|-heal|p2a: Giratina|217/349|[from] item: Leftovers\n|upkeep\n|turn|33\n|\n|t:|1782829569\n|move|p1a: Suicune|Scald|p2a: Giratina\n|-resisted|p2a: Giratina\n|-damage|p2a: Giratina|178/349\n|move|p2a: Giratina|Calm Mind|p2a: Giratina\n|-boost|p2a: Giratina|spa|1\n|-boost|p2a: Giratina|spd|1\n|\n|-heal|p2a: Giratina|199/349|[from] item: Leftovers\n|upkeep\n|turn|34\n|\n|t:|1782829573\n|move|p1a: Suicune|Calm Mind|p1a: Suicune\n|-boost|p1a: Suicune|spa|1\n|-boost|p1a: Suicune|spd|1\n|move|p2a: Giratina|Calm Mind|p2a: Giratina\n|-boost|p2a: Giratina|spa|1\n|-boost|p2a: Giratina|spd|1\n|\n|-heal|p2a: Giratina|220/349|[from] item: Leftovers\n|upkeep\n|turn|35\n|\n|t:|1782829579\n|move|p1a: Suicune|Scald|p2a: Giratina\n|-resisted|p2a: Giratina\n|-damage|p2a: Giratina|188/349\n|-status|p2a: Giratina|brn\n|move|p2a: Giratina|Dragon Pulse|p1a: Suicune\n|-damage|p1a: Suicune|238/298\n|\n|-heal|p1a: Suicune|256/298|[from] item: Leftovers\n|-heal|p2a: Giratina|209/349 brn|[from] item: Leftovers\n|-damage|p2a: Giratina|188/349 brn|[from] brn\n|upkeep\n|turn|36\n|\n|t:|1782829588\n|move|p1a: Suicune|Calm Mind|p1a: Suicune\n|-boost|p1a: Suicune|spa|1\n|-boost|p1a: Suicune|spd|1\n|move|p2a: Giratina|Dragon Pulse|p1a: Suicune\n|-damage|p1a: Suicune|205/298\n|\n|-heal|p1a: Suicune|223/298|[from] item: Leftovers\n|-heal|p2a: Giratina|209/349 brn|[from] item: Leftovers\n|-damage|p2a: Giratina|188/349 brn|[from] brn\n|upkeep\n|turn|37\n|\n|t:|1782829596\n|switch|p1a: Sylveon|Sylveon, L85, M|251/300\n|-damage|p1a: Sylveon|214/300|[from] Stealth Rock\n|-damage|p1a: Sylveon|139/300|[from] Spikes\n|move|p2a: Giratina|Dragon Pulse|p1a: Sylveon\n|-immune|p1a: Sylveon\n|\n|-heal|p2a: Giratina|209/349 brn|[from] item: Leftovers\n|-heal|p1a: Sylveon|157/300|[from] item: Leftovers\n|-damage|p2a: Giratina|188/349 brn|[from] brn\n|upkeep\n|turn|38\n|\n|t:|1782829602\n|switch|p2a: Cinderace|Cinderace, L77, F|250/250\n|move|p1a: Sylveon|Wish|p1a: Sylveon\n|\n|-heal|p1a: Sylveon|175/300|[from] item: Leftovers\n|upkeep\n|turn|39\n|\n|t:|1782829607\n|switch|p1a: Giratina|Giratina-Origin, L72|26/335\n|-damage|p1a: Giratina|0 fnt|[from] Stealth Rock\n|faint|p1a: Giratina\n|move|p2a: Cinderace|Pyro Ball|p1: Giratina|[notarget]\n|-fail|p2a: Cinderace\n|\n|upkeep\n|\n|t:|1782829617\n|switch|p1a: Suicune|Suicune, L82|223/298\n|-damage|p1a: Suicune|186/298|[from] Stealth Rock\n|-damage|p1a: Suicune|112/298|[from] Spikes\n|-ability|p1a: Suicune|Pressure\n|turn|40\n|\n|t:|1782829622\n|move|p2a: Cinderace|U-turn|p1a: Suicune\n|-start|p2a: Cinderace|typechange|Bug|[from] ability: Libero\n|-damage|p1a: Suicune|48/298\n|\n|t:|1782829626\n|switch|p2a: Giratina|Giratina, L75|188/349 brn|[from] U-turn\n|-ability|p2a: Giratina|Pressure\n|move|p1a: Suicune|Rest|p1a: Suicune\n|-status|p1a: Suicune|slp|[from] move: Rest\n|-heal|p1a: Suicune|298/298 slp|[silent]\n|\n|-heal|p2a: Giratina|209/349 brn|[from] item: Leftovers\n|-damage|p2a: Giratina|188/349 brn|[from] brn\n|upkeep\n|turn|41\n|\n|t:|1782829632\n|cant|p1a: Suicune|slp\n|move|p1a: Suicune|Sleep Talk|p1a: Suicune\n|move|p1a: Suicune|Calm Mind|p1a: Suicune|[from] move: Sleep Talk\n|-boost|p1a: Suicune|spa|1\n|-boost|p1a: Suicune|spd|1\n|move|p2a: Giratina|Calm Mind|p2a: Giratina\n|-boost|p2a: Giratina|spa|1\n|-boost|p2a: Giratina|spd|1\n|\n|-heal|p2a: Giratina|209/349 brn|[from] item: Leftovers\n|-damage|p2a: Giratina|188/349 brn|[from] brn\n|upkeep\n|turn|42\n|\n|t:|1782829638\n|cant|p1a: Suicune|slp\n|move|p1a: Suicune|Sleep Talk|p1a: Suicune\n|move|p1a: Suicune|Calm Mind|p1a: Suicune|[from] move: Sleep Talk\n|-boost|p1a: Suicune|spa|1\n|-boost|p1a: Suicune|spd|1\n|move|p2a: Giratina|Calm Mind|p2a: Giratina\n|-boost|p2a: Giratina|spa|1\n|-boost|p2a: Giratina|spd|1\n|\n|-heal|p2a: Giratina|209/349 brn|[from] item: Leftovers\n|-damage|p2a: Giratina|188/349 brn|[from] brn\n|upkeep\n|turn|43\n|c|\u2606Timatwork|battle of the crit\n|\n|t:|1782829648\n|-curestatus|p1a: Suicune|slp|[msg]\n|move|p1a: Suicune|Scald|p2a: Giratina\n|-resisted|p2a: Giratina\n|-damage|p2a: Giratina|156/349 brn\n|move|p2a: Giratina|Calm Mind|p2a: Giratina\n|-boost|p2a: Giratina|spa|1\n|-boost|p2a: Giratina|spd|1\n|\n|-heal|p2a: Giratina|177/349 brn|[from] item: Leftovers\n|-damage|p2a: Giratina|156/349 brn|[from] brn\n|upkeep\n|turn|44\n|\n|t:|1782829654\n|move|p1a: Suicune|Scald|p2a: Giratina\n|-resisted|p2a: Giratina\n|-damage|p2a: Giratina|128/349 brn\n|move|p2a: Giratina|Dragon Pulse|p1a: Suicune\n|-damage|p1a: Suicune|223/298\n|\n|-heal|p1a: Suicune|241/298|[from] item: Leftovers\n|-heal|p2a: Giratina|149/349 brn|[from] item: Leftovers\n|-damage|p2a: Giratina|128/349 brn|[from] brn\n|upkeep\n|turn|45\n|\n|t:|1782829659\n|move|p1a: Suicune|Scald|p2a: Giratina\n|-resisted|p2a: Giratina\n|-damage|p2a: Giratina|101/349 brn\n|move|p2a: Giratina|Rest|p2a: Giratina\n|-status|p2a: Giratina|slp|[from] move: Rest\n|-heal|p2a: Giratina|349/349 slp|[silent]\n|\n|-heal|p1a: Suicune|259/298|[from] item: Leftovers\n|upkeep\n|turn|46\n|\n|t:|1782829666\n|switch|p1a: Sylveon|Sylveon, L85, M|175/300\n|-damage|p1a: Sylveon|138/300|[from] Stealth Rock\n|-damage|p1a: Sylveon|63/300|[from] Spikes\n|cant|p2a: Giratina|slp\n|move|p2a: Giratina|Sleep Talk|p2a: Giratina\n|move|p2a: Giratina|Rest||[from] move: Sleep Talk|[still]\n|-fail|p2a: Giratina\n|\n|-heal|p1a: Sylveon|81/300|[from] item: Leftovers\n|upkeep\n|turn|47\n|\n|t:|1782829669\n|switch|p2a: Cinderace|Cinderace, L77, F|250/250\n|move|p1a: Sylveon|Wish|p1a: Sylveon\n|\n|-heal|p1a: Sylveon|99/300|[from] item: Leftovers\n|upkeep\n|turn|48\n|\n|t:|1782829676\n|move|p1a: Sylveon|Protect|p1a: Sylveon\n|-singleturn|p1a: Sylveon|Protect\n|move|p2a: Cinderace|Pyro Ball|p1a: Sylveon\n|-activate|p1a: Sylveon|move: Protect\n|\n|-heal|p1a: Sylveon|249/300|[from] move: Wish|[wisher] Sylveon\n|-heal|p1a: Sylveon|267/300|[from] item: Leftovers\n|upkeep\n|turn|49\n|\n|t:|1782829684\n|move|p2a: Cinderace|Pyro Ball|p1a: Sylveon\n|-damage|p1a: Sylveon|113/300\n|move|p1a: Sylveon|Wish|p1a: Sylveon\n|\n|-heal|p1a: Sylveon|131/300|[from] item: Leftovers\n|upkeep\n|turn|50\n|\n|t:|1782829692\n|move|p1a: Sylveon|Protect|p1a: Sylveon\n|-singleturn|p1a: Sylveon|Protect\n|move|p2a: Cinderace|Will-O-Wisp|p1a: Sylveon\n|-activate|p1a: Sylveon|move: Protect\n|\n|-heal|p1a: Sylveon|281/300|[from] move: Wish|[wisher] Sylveon\n|-heal|p1a: Sylveon|299/300|[from] item: Leftovers\n|upkeep\n|turn|51\n|\n|t:|1782829708\n|switch|p1a: Suicune|Suicune, L82|259/298\n|-damage|p1a: Suicune|222/298|[from] Stealth Rock\n|-damage|p1a: Suicune|148/298|[from] Spikes\n|-ability|p1a: Suicune|Pressure\n|move|p2a: Cinderace|Pyro Ball|p1a: Suicune\n|-resisted|p1a: Suicune\n|-damage|p1a: Suicune|97/298\n|\n|-heal|p1a: Suicune|115/298|[from] item: Leftovers\n|upkeep\n|turn|52\n|\n|t:|1782829719\n|move|p2a: Cinderace|U-turn|p1a: Suicune\n|-start|p2a: Cinderace|typechange|Bug|[from] ability: Libero\n|-damage|p1a: Suicune|51/298\n|\n|t:|1782829722\n|switch|p2a: Giratina|Giratina, L75|349/349 slp|[from] U-turn\n|-ability|p2a: Giratina|Pressure\n|move|p1a: Suicune|Rest|p1a: Suicune\n|-status|p1a: Suicune|slp|[from] move: Rest\n|-heal|p1a: Suicune|298/298 slp|[silent]\n|\n|upkeep\n|turn|53\n|\n|t:|1782829727\n|cant|p1a: Suicune|slp\n|cant|p2a: Giratina|slp\n|move|p2a: Giratina|Sleep Talk|p2a: Giratina\n|move|p2a: Giratina|Calm Mind|p2a: Giratina|[from] move: Sleep Talk\n|-boost|p2a: Giratina|spa|1\n|-boost|p2a: Giratina|spd|1\n|\n|upkeep\n|turn|54\n|c|\u2606ShouldbeWerking|65 turn battle?\n|\n|t:|1782829735\n|cant|p1a: Suicune|slp\n|move|p1a: Suicune|Sleep Talk|p1a: Suicune\n|move|p1a: Suicune|Scald|p2a: Giratina|[from] move: Sleep Talk\n|-resisted|p2a: Giratina\n|-damage|p2a: Giratina|328/349 slp\n|-curestatus|p2a: Giratina|slp|[msg]\n|move|p2a: Giratina|Sleep Talk||[still]\n|-fail|p2a: Giratina\n|\n|-heal|p2a: Giratina|349/349|[from] item: Leftovers\n|upkeep\n|turn|55\n|\n|t:|1782829743\n|-curestatus|p1a: Suicune|slp|[msg]\n|move|p1a: Suicune|Sleep Talk||[still]\n|-fail|p1a: Suicune\n|move|p2a: Giratina|Calm Mind|p2a: Giratina\n|-boost|p2a: Giratina|spa|1\n|-boost|p2a: Giratina|spd|1\n|\n|upkeep\n|turn|56\n|\n|t:|1782829746\n|switch|p1a: Sylveon|Sylveon, L85, M|299/300\n|-damage|p1a: Sylveon|262/300|[from] Stealth Rock\n|-damage|p1a: Sylveon|187/300|[from] Spikes\n|move|p2a: Giratina|Calm Mind|p2a: Giratina\n|-boost|p2a: Giratina|spa|1\n|-boost|p2a: Giratina|spd|1\n|\n|-heal|p1a: Sylveon|205/300|[from] item: Leftovers\n|upkeep\n|turn|57\n|\n|t:|1782829752\n|switch|p2a: Cinderace|Cinderace, L77, F|250/250\n|move|p1a: Sylveon|Hyper Voice|p2a: Cinderace\n|-resisted|p2a: Cinderace\n|-damage|p2a: Cinderace|172/250\n|\n|-heal|p1a: Sylveon|223/300|[from] item: Leftovers\n|upkeep\n|turn|58\n|\n|t:|1782829761\n|move|p1a: Sylveon|Protect|p1a: Sylveon\n|-singleturn|p1a: Sylveon|Protect\n|move|p2a: Cinderace|Pyro Ball|p1a: Sylveon\n|-activate|p1a: Sylveon|move: Protect\n|\n|-heal|p1a: Sylveon|241/300|[from] item: Leftovers\n|upkeep\n|turn|59\n|\n|t:|1782829767\n|move|p2a: Cinderace|Pyro Ball|p1a: Sylveon\n|-damage|p1a: Sylveon|99/300\n|-status|p1a: Sylveon|brn\n|move|p1a: Sylveon|Hyper Voice|p2a: Cinderace\n|-resisted|p2a: Cinderace\n|-damage|p2a: Cinderace|98/250\n|\n|-heal|p1a: Sylveon|117/300 brn|[from] item: Leftovers\n|-damage|p1a: Sylveon|99/300 brn|[from] brn\n|upkeep\n|turn|60\n|\n|t:|1782829780\n|move|p1a: Sylveon|Protect|p1a: Sylveon\n|-singleturn|p1a: Sylveon|Protect\n|move|p2a: Cinderace|U-turn|p1a: Sylveon\n|-start|p2a: Cinderace|typechange|Bug|[from] ability: Libero\n|-activate|p1a: Sylveon|move: Protect\n|\n|-heal|p1a: Sylveon|117/300 brn|[from] item: Leftovers\n|-damage|p1a: Sylveon|99/300 brn|[from] brn\n|upkeep\n|turn|61\n|\n|t:|1782829788\n|switch|p1a: Rhydon|Rhydon, L85, M, tera:Flying|95/317\n|-damage|p1a: Rhydon|16/317|[from] Stealth Rock\n|move|p2a: Cinderace|Pyro Ball|p1a: Rhydon\n|-damage|p1a: Rhydon|0 fnt\n|faint|p1a: Rhydon\n|\n|upkeep\n|\n|t:|1782829797\n|switch|p1a: Suicune|Suicune, L82|298/298\n|-damage|p1a: Suicune|261/298|[from] Stealth Rock\n|-damage|p1a: Suicune|187/298|[from] Spikes\n|-ability|p1a: Suicune|Pressure\n|turn|62\n|c|\u2606Timatwork|i guess you will win\n|c|\u2606ShouldbeWerking|yeah i think that's game without pyro ball\n|c|\u2606Timatwork|since my pyro ball is empty\n|c|\u2606Timatwork|gg\n|c|\u2606ShouldbeWerking|well played\n|c|\u2606Timatwork|sorry, i though i had a chance\n|inactive|Timatwork has 120 seconds left.\n|-message|Timatwork forfeited.\n|\n|win|ShouldbeWerking\n|raw|ShouldbeWerking's rating: 1495 &rarr; <strong>1514</strong><br />(+19 for winning)\n|raw|Timatwork's rating: 1479 &rarr; <strong>1460</strong><br />(-19 for losing)\n|l|\u2606Timatwork\n|player|p2|\n|c|\u2606ShouldbeWerking|you did\n|c|\u2606ShouldbeWerking|really had me working\n", "inputlog": ">version f8ac14003a5f27e1bdc8d8c59608a773c1cb96e5\n>start {\"formatid\":\"gen9randombattle\",\"seed\":\"sodium,ac43f1fd1b706e188853e66335a0dbf8\",\"rated\":\"Rated battle\"}\n>player p1 {\"name\":\"ShouldbeWerking\",\"avatar\":\"iris-gen5bw2\",\"rating\":1495,\"seed\":\"sodium,6b01aecadc39c0727f2dab6e8e490a8f\"}\n>player p2 {\"name\":\"Timatwork\",\"avatar\":\"170\",\"rating\":1479,\"seed\":\"sodium,9071650dc095e3e8d8c4630496b09d0a\"}\n>p1 move yawn\n>p2 move dragondance\n>p1 move psychicnoise\n>p2 move outrage\n>p1 move stealthrock\n>p2 move outrage\n>p1 move psychicnoise\n>p2 move outrage\n>p1 switch 6\n>p1 move hypervoice\n>p2 move outrage\n>p2 switch 3\n>p1 switch 2\n>p2 move gunkshot\n>p1 move swordsdance\n>p2 switch 2\n>p1 move earthquake terastallize\n>p2 move aquastep\n>p2 switch 5\n>p1 move earthquake\n>p2 move stoneedge terastallize\n>p1 switch 3\n>p2 move stoneedge\n>p1 move willowisp\n>p2 move earthquake\n>p1 move poltergeist\n>p2 move stoneedge\n>p1 switch 2\n>p2 move stoneedge\n>p1 move hypervoice\n>p2 move earthquake\n>p2 switch 6\n>p1 move wish\n>p2 move courtchange\n>p1 switch 4\n>p2 move willowisp\n>p1 move filletaway\n>p2 move uturn\n>p2 switch 4\n>p1 move nightslash\n>p2 move dragonpulse\n>p1 switch 4\n>chat \u2606Timatwork|your also at work?\n>p1 move wish\n>p2 switch 2\n>chat \u2606ShouldbeWerking|yessir\n>p1 switch 5\n>p2 move gunkshot\n>p1 move calmmind\n>p2 move taunt\n>p1 move scald\n>p2 move spikes\n>p1 move scald\n>p2 move spikes\n>p1 move scald\n>p2 move spikes\n>p2 switch 4\n>p1 move scald\n>p2 move uturn\n>p2 switch 2\n>p1 move calmmind\n>p2 move rest\n>p1 move calmmind\n>p2 move sleeptalk\n>p1 move calmmind\n>p2 move sleeptalk\n>p1 move scald\n>p2 move sleeptalk\n>p1 move scald\n>p2 move calmmind\n>p1 move calmmind\n>p2 move calmmind\n>p1 move scald\n>p2 move calmmind\n>p1 move scald\n>p2 move calmmind\n>p1 move calmmind\n>p2 move calmmind\n>p1 move scald\n>p2 move dragonpulse\n>p1 move calmmind\n>p2 move dragonpulse\n>p1 switch 5\n>p2 move dragonpulse\n>p1 move wish\n>p2 switch 2\n>p1 switch 2\n>p2 move pyroball\n>p1 switch 5\n>p1 move rest\n>p2 move uturn\n>p2 switch 2\n>p1 move sleeptalk\n>p2 move calmmind\n>p1 move sleeptalk\n>p2 move calmmind\n>chat \u2606Timatwork|battle of the crit\n>p1 move scald\n>p2 move calmmind\n>p1 move scald\n>p2 move dragonpulse\n>p1 move scald\n>p2 move rest\n>p1 switch 2\n>p2 move sleeptalk\n>p1 move wish\n>p2 switch 2\n>p1 move protect\n>p2 move pyroball\n>p1 move wish\n>p2 move pyroball\n>p1 move protect\n>p2 move willowisp\n>p1 switch 2\n>p2 move pyroball\n>p1 move rest\n>p2 move uturn\n>p2 switch 2\n>p1 move scald\n>p2 move sleeptalk\n>chat \u2606ShouldbeWerking|65 turn battle? \n>p1 move sleeptalk\n>p2 move sleeptalk\n>p1 move sleeptalk\n>p2 move calmmind\n>p1 switch 2\n>p2 move calmmind\n>p1 move hypervoice\n>p2 switch 2\n>p1 move protect\n>p2 move pyroball\n>p1 move hypervoice\n>p2 move pyroball\n>p1 move protect\n>p2 move uturn\n>p1 switch 3\n>p2 move pyroball\n>p1 switch 2\n>chat \u2606Timatwork|i guess you will win\n>chat \u2606ShouldbeWerking|yeah i think that's game without pyro ball \n>chat \u2606Timatwork|since my pyro ball is empty\n>chat \u2606Timatwork|gg\n>chat \u2606ShouldbeWerking|well played\n>chat \u2606Timatwork|sorry, i though i had a chance\n>forcelose p2", "uploadtime": 1782829843, "views": 2, "formatid": "gen9randombattle", "rating": 1460, "private": 0, "password": null, "player_dets": [{"name": "ShouldbeWerking", "avatar": "iris-gen5bw2", "rating": 1495, "seed": "sodium,6b01aecadc39c0727f2dab6e8e490a8f"}, {"name": "Timatwork", "avatar": "170", "rating": 1479, "seed": "sodium,9071650dc095e3e8d8c4630496b09d0a"}], "teams_full": [{"Uxie": {"name": "Uxie", "species": "Uxie", "speciesId": "uxie", "gender": "N", "shiny": false, "level": 83, "moves": ["psychicnoise", "uturn", "stealthrock", "yawn"], "ability": "Levitate", "evs": {"hp": 85, "atk": 85, "def": 85, "spa": 85, "spd": 85, "spe": 85}, "ivs": {"hp": 31, "atk": 31, "def": 31, "spa": 31, "spd": 31, "spe": 31}, "item": "Leftovers", "teraType": "Dark", "role": "Bulky Support", "bvs": {"hp": 75, "atk": 75, "def": 130, "spa": 75, "spd": 130, "spe": 95}, "stats": {"hp": 260, "atk": 172, "def": 263, "spa": 172, "spd": 263, "spe": 205}, "types": ["Psychic"]}, "Rhydon": {"name": "Rhydon", "species": "Rhydon", "speciesId": "rhydon", "gender": "M", "shiny": false, "level": 85, "moves": ["megahorn", "stoneedge", "earthquake", "swordsdance"], "ability": "Lightning Rod", "evs": {"hp": 85, "atk": 85, "def": 85, "spa": 85, "spd": 85, "spe": 85}, "ivs": {"hp": 31, "atk": 31, "def": 31, "spa": 31, "spd": 31, "spe": 31}, "item": "Eviolite", "teraType": "Flying", "role": "Bulky Attacker", "bvs": {"hp": 105, "atk": 130, "def": 120, "spa": 45, "spd": 45, "spe": 40}, "stats": {"hp": 317, "atk": 270, "def": 253, "spa": 125, "spd": 125, "spe": 117}, "types": ["Ground", "Rock"]}, "Giratina": {"name": "Giratina", "species": "Giratina-Origin", "speciesId": "giratinaorigin", "gender": "N", "shiny": false, "level": 72, "moves": ["willowisp", "dracometeor", "defog", "poltergeist"], "ability": "Levitate", "evs": {"hp": 85, "atk": 85, "def": 85, "spa": 85, "spd": 85, "spe": 85}, "ivs": {"hp": 31, "atk": 31, "def": 31, "spa": 31, "spd": 31, "spe": 31}, "item": "Griseous Core", "teraType": "Dragon", "role": "Fast Attacker", "bvs": {"hp": 150, "atk": 120, "def": 100, "spa": 120, "spd": 100, "spe": 90}, "stats": {"hp": 335, "atk": 215, "def": 186, "spa": 215, "spd": 186, "spe": 172}, "types": ["Ghost", "Dragon"]}, "Veluza": {"name": "Veluza", "species": "Veluza", "speciesId": "veluza", "gender": "F", "shiny": false, "level": 85, "moves": ["filletaway", "aquacutter", "psychocut", "nightslash"], "ability": "Sharpness", "evs": {"hp": 85, "atk": 85, "def": 85, "spa": 85, "spd": 85, "spe": 85}, "ivs": {"hp": 31, "atk": 31, "def": 31, "spa": 31, "spd": 31, "spe": 31}, "item": "Sitrus Berry", "teraType": "Dark", "role": "Setup Sweeper", "bvs": {"hp": 90, "atk": 102, "def": 73, "spa": 78, "spd": 65, "spe": 70}, "stats": {"hp": 292, "atk": 222, "def": 173, "spa": 181, "spd": 159, "spe": 168}, "types": ["Water", "Psychic"]}, "Suicune": {"name": "Suicune", "species": "Suicune", "speciesId": "suicune", "gender": "N", "shiny": false, "level": 82, "moves": ["calmmind", "rest", "sleeptalk", "scald"], "ability": "Pressure", "evs": {"hp": 85, "atk": 0, "def": 85, "spa": 85, "spd": 85, "spe": 85}, "ivs": {"hp": 31, "atk": 0, "def": 31, "spa": 31, "spd": 31, "spe": 31}, "item": "Leftovers", "teraType": "Dragon", "role": "Bulky Attacker", "bvs": {"hp": 100, "atk": 75, "def": 115, "spa": 90, "spd": 115, "spe": 85}, "stats": {"hp": 298, "atk": 127, "def": 236, "spa": 195, "spd": 236, "spe": 187}, "types": ["Water"]}, "Sylveon": {"name": "Sylveon", "species": "Sylveon", "speciesId": "sylveon", "gender": "M", "shiny": false, "level": 85, "moves": ["wish", "protect", "hypervoice", "calmmind"], "ability": "Pixilate", "evs": {"hp": 85, "atk": 0, "def": 85, "spa": 85, "spd": 85, "spe": 85}, "ivs": {"hp": 31, "atk": 0, "def": 31, "spa": 31, "spd": 31, "spe": 31}, "item": "Leftovers", "teraType": "Steel", "role": "Bulky Setup", "bvs": {"hp": 95, "atk": 65, "def": 65, "spa": 110, "spd": 130, "spe": 60}, "stats": {"hp": 300, "atk": 115, "def": 159, "spa": 236, "spd": 270, "spe": 151}, "types": ["Fairy"]}}, {"Salamence": {"name": "Salamence", "species": "Salamence", "speciesId": "salamence", "gender": "F", "shiny": false, "level": 77, "moves": ["earthquake", "dragondance", "dualwingbeat", "outrage"], "ability": "Moxie", "evs": {"hp": 85, "atk": 85, "def": 85, "spa": 85, "spd": 85, "spe": 85}, "ivs": {"hp": 31, "atk": 31, "def": 31, "spa": 31, "spd": 31, "spe": 31}, "item": "Heavy-Duty Boots", "teraType": "Steel", "role": "Setup Sweeper", "bvs": {"hp": 95, "atk": 135, "def": 80, "spa": 110, "spd": 80, "spe": 100}, "stats": {"hp": 273, "atk": 252, "def": 168, "spa": 214, "spd": 168, "spe": 199}, "types": ["Dragon", "Flying"]}, "Quaquaval": {"name": "Quaquaval", "species": "Quaquaval", "speciesId": "quaquaval", "gender": "F", "shiny": false, "level": 79, "moves": ["closecombat", "uturn", "aquastep", "knockoff"], "ability": "Moxie", "evs": {"hp": 85, "atk": 85, "def": 85, "spa": 85, "spd": 85, "spe": 85}, "ivs": {"hp": 31, "atk": 31, "def": 31, "spa": 31, "spd": 31, "spe": 31}, "item": "Choice Band", "teraType": "Water", "role": "Wallbreaker", "bvs": {"hp": 85, "atk": 120, "def": 80, "spa": 85, "spd": 75, "spe": 85}, "stats": {"hp": 264, "atk": 235, "def": 172, "spa": 180, "spd": 164, "spe": 180}, "types": ["Water", "Fighting"]}, "Qwilfish": {"name": "Qwilfish", "species": "Qwilfish-Hisui", "speciesId": "qwilfishhisui", "gender": "F", "shiny": false, "level": 83, "moves": ["taunt", "crunch", "gunkshot", "spikes"], "ability": "Intimidate", "evs": {"hp": 85, "atk": 85, "def": 85, "spa": 85, "spd": 85, "spe": 85}, "ivs": {"hp": 31, "atk": 31, "def": 31, "spa": 31, "spd": 31, "spe": 31}, "item": "Eviolite", "teraType": "Flying", "role": "Bulky Support", "bvs": {"hp": 65, "atk": 95, "def": 85, "spa": 55, "spd": 55, "spe": 85}, "stats": {"hp": 244, "atk": 205, "def": 189, "spa": 139, "spd": 139, "spe": 189}, "types": ["Dark", "Poison"]}, "Giratina": {"name": "Giratina", "species": "Giratina", "speciesId": "giratina", "gender": "N", "shiny": false, "level": 75, "moves": ["sleeptalk", "rest", "dragonpulse", "calmmind"], "ability": "Pressure", "evs": {"hp": 85, "atk": 0, "def": 85, "spa": 85, "spd": 85, "spe": 85}, "ivs": {"hp": 31, "atk": 0, "def": 31, "spa": 31, "spd": 31, "spe": 31}, "item": "Leftovers", "teraType": "Fairy", "role": "Bulky Setup", "bvs": {"hp": 150, "atk": 100, "def": 120, "spa": 100, "spd": 120, "spe": 90}, "stats": {"hp": 349, "atk": 155, "def": 224, "spa": 194, "spd": 224, "spe": 179}, "types": ["Ghost", "Dragon"]}, "Rhydon": {"name": "Rhydon", "species": "Rhydon", "speciesId": "rhydon", "gender": "M", "shiny": false, "level": 85, "moves": ["stoneedge", "earthquake", "megahorn", "swordsdance"], "ability": "Lightning Rod", "evs": {"hp": 85, "atk": 85, "def": 85, "spa": 85, "spd": 85, "spe": 85}, "ivs": {"hp": 31, "atk": 31, "def": 31, "spa": 31, "spd": 31, "spe": 31}, "item": "Eviolite", "teraType": "Water", "role": "Bulky Attacker", "bvs": {"hp": 105, "atk": 130, "def": 120, "spa": 45, "spd": 45, "spe": 40}, "stats": {"hp": 317, "atk": 270, "def": 253, "spa": 125, "spd": 125, "spe": 117}, "types": ["Ground", "Rock"]}, "Cinderace": {"name": "Cinderace", "species": "Cinderace", "speciesId": "cinderace", "gender": "F", "shiny": false, "level": 77, "moves": ["pyroball", "willowisp", "uturn", "courtchange"], "ability": "Libero", "evs": {"hp": 85, "atk": 85, "def": 85, "spa": 85, "spd": 85, "spe": 85}, "ivs": {"hp": 31, "atk": 31, "def": 31, "spa": 31, "spd": 31, "spe": 31}, "item": "Heavy-Duty Boots", "teraType": "Grass", "role": "Fast Support", "bvs": {"hp": 80, "atk": 116, "def": 75, "spa": 65, "spd": 75, "spe": 119}, "stats": {"hp": 250, "atk": 223, "def": 160, "spa": 145, "spd": 160, "spe": 228}, "types": ["Fire"]}}]}