{"id": "gen9randombattle-2641305836", "format": "[Gen 9] Random Battle", "players": ["Sthibo", "Coup0d0boule"], "log": "|j|\u2606Sthibo\n|j|\u2606Coup0d0boule\n|t:|1782765688\n|gametype|singles\n|player|p1|Sthibo|hilbert-wonderlauncher|1679\n|player|p2|Coup0d0boule|1|1731\n|gen|9\n|tier|[Gen 9] Random Battle\n|rated|\n|rule|Species Clause: Limit one of each Pok\u00e9mon\n|rule|HP Percentage Mod: HP is shown in percentages\n|rule|Sleep Clause Mod: Limit one foe put to sleep\n|rule|Illusion Level Mod: Illusion disguises the Pok\u00e9mon's true level\n|\n|t:|1782765688\n|teamsize|p1|6\n|teamsize|p2|6\n|start\n|switch|p1a: Cinccino|Cinccino, L83, F|260/260\n|switch|p2a: Urshifu|Urshifu, L74, F|270/270\n|turn|1\n|inactive|Battle timer is ON: inactive players will automatically lose when time's up. (requested by Sthibo)\n|\n|t:|1782765714\n|switch|p1a: Spiritomb|Spiritomb, L89, M|234/234\n|switch|p2a: Toxapex|Toxapex, L82, M|216/216\n|\n|upkeep\n|turn|2\n|\n|t:|1782765723\n|move|p1a: Spiritomb|Poltergeist|p2a: Toxapex\n|-activate|p2a: Toxapex|move: Poltergeist|Leftovers\n|-damage|p2a: Toxapex|137/216\n|move|p2a: Toxapex|Toxic|p1a: Spiritomb\n|-status|p1a: Spiritomb|tox\n|\n|-heal|p2a: Toxapex|150/216|[from] item: Leftovers\n|-damage|p1a: Spiritomb|220/234 tox|[from] psn\n|upkeep\n|turn|3\n|\n|t:|1782765741\n|move|p1a: Spiritomb|Sucker Punch||[still]\n|-fail|p1a: Spiritomb\n|move|p2a: Toxapex|Toxic|p1a: Spiritomb\n|-fail|p1a: Spiritomb|tox\n|\n|-heal|p1a: Spiritomb|234/234 tox|[from] item: Leftovers\n|-heal|p2a: Toxapex|163/216|[from] item: Leftovers\n|-damage|p1a: Spiritomb|206/234 tox|[from] psn\n|upkeep\n|turn|4\n|\n|t:|1782765749\n|move|p1a: Spiritomb|Poltergeist|p2a: Toxapex\n|-activate|p2a: Toxapex|move: Poltergeist|Leftovers\n|-damage|p2a: Toxapex|85/216\n|move|p2a: Toxapex|Toxic|p1a: Spiritomb\n|-fail|p1a: Spiritomb|tox\n|\n|-heal|p1a: Spiritomb|220/234 tox|[from] item: Leftovers\n|-heal|p2a: Toxapex|98/216|[from] item: Leftovers\n|-damage|p1a: Spiritomb|178/234 tox|[from] psn\n|upkeep\n|turn|5\n|\n|t:|1782765759\n|move|p1a: Spiritomb|Poltergeist|p2a: Toxapex\n|-activate|p2a: Toxapex|move: Poltergeist|Leftovers\n|-damage|p2a: Toxapex|17/216\n|move|p2a: Toxapex|Recover|p2a: Toxapex\n|-heal|p2a: Toxapex|125/216\n|\n|-heal|p1a: Spiritomb|192/234 tox|[from] item: Leftovers\n|-heal|p2a: Toxapex|138/216|[from] item: Leftovers\n|-damage|p1a: Spiritomb|136/234 tox|[from] psn\n|upkeep\n|turn|6\n|\n|t:|1782765770\n|move|p1a: Spiritomb|Poltergeist|p2a: Toxapex\n|-activate|p2a: Toxapex|move: Poltergeist|Leftovers\n|-damage|p2a: Toxapex|48/216\n|move|p2a: Toxapex|Recover|p2a: Toxapex\n|-heal|p2a: Toxapex|156/216\n|\n|-heal|p1a: Spiritomb|150/234 tox|[from] item: Leftovers\n|-heal|p2a: Toxapex|169/216|[from] item: Leftovers\n|-damage|p1a: Spiritomb|80/234 tox|[from] psn\n|upkeep\n|turn|7\n|\n|t:|1782765781\n|switch|p1a: Kricketune|Kricketune, L99, M|312/312\n|switch|p2a: Vigoroth|Vigoroth, L85, F|275/275\n|\n|upkeep\n|turn|8\n|\n|t:|1782765799\n|move|p2a: Vigoroth|Bulk Up|p2a: Vigoroth\n|-boost|p2a: Vigoroth|atk|1\n|-boost|p2a: Vigoroth|def|1\n|move|p1a: Kricketune|Pounce|p2a: Vigoroth\n|-damage|p2a: Vigoroth|230/275\n|-unboost|p2a: Vigoroth|spe|1\n|\n|upkeep\n|turn|9\n|\n|t:|1782765807\n|move|p1a: Kricketune|Taunt|p2a: Vigoroth\n|-start|p2a: Vigoroth|move: Taunt\n|move|p2a: Vigoroth|Body Slam|p1a: Kricketune\n|-damage|p1a: Kricketune|159/312\n|\n|upkeep\n|turn|10\n|\n|t:|1782765813\n|move|p1a: Kricketune|Sticky Web|p2a: Vigoroth\n|-sidestart|p2: Coup0d0boule|move: Sticky Web\n|move|p2a: Vigoroth|Body Slam|p1a: Kricketune\n|-damage|p1a: Kricketune|12/312\n|\n|upkeep\n|turn|11\n|\n|t:|1782765820\n|move|p1a: Kricketune|Knock Off|p2a: Vigoroth\n|-damage|p2a: Vigoroth|187/275\n|-enditem|p2a: Vigoroth|Eviolite|[from] move: Knock Off|[of] p1a: Kricketune\n|move|p2a: Vigoroth|Knock Off|p1a: Kricketune\n|-damage|p1a: Kricketune|0 fnt\n|-enditem|p1a: Kricketune|Heavy-Duty Boots|[from] move: Knock Off|[of] p2a: Vigoroth\n|faint|p1a: Kricketune\n|\n|-end|p2a: Vigoroth|move: Taunt\n|upkeep\n|\n|t:|1782765823\n|switch|p1a: Spiritomb|Spiritomb, L89, M|80/234 tox\n|turn|12\n|\n|t:|1782765838\n|switch|p2a: Toxapex|Toxapex, L82, M|216/216\n|-activate|p2a: Toxapex|move: Sticky Web\n|-unboost|p2a: Toxapex|spe|1\n|move|p1a: Spiritomb|Toxic|p2a: Toxapex\n|-immune|p2a: Toxapex\n|\n|-heal|p1a: Spiritomb|94/234 tox|[from] item: Leftovers\n|-damage|p1a: Spiritomb|80/234 tox|[from] psn\n|upkeep\n|turn|13\n|\n|t:|1782765849\n|switch|p1a: Toxicroak|Toxicroak, L84, M|277/277\n|move|p2a: Toxapex|Liquidation|p1a: Toxicroak\n|-immune|p1a: Toxicroak|[from] ability: Dry Skin\n|\n|upkeep\n|turn|14\n|inactive|Coup0d0boule has 120 seconds left.\n|\n|t:|1782765878\n|switch|p2a: Mismagius|Mismagius, L86, F|243/243\n|move|p1a: Toxicroak|Earthquake|p2a: Mismagius\n|-immune|p2a: Mismagius|[from] ability: Levitate\n|\n|upkeep\n|turn|15\n|\n|t:|1782765888\n|switch|p1a: Spiritomb|Spiritomb, L89, M|80/234 tox\n|move|p2a: Mismagius|Shadow Ball|p1a: Spiritomb\n|-damage|p1a: Spiritomb|0 fnt\n|faint|p1a: Spiritomb\n|\n|upkeep\n|\n|t:|1782765890\n|switch|p1a: Cinccino|Cinccino, L83, F|260/260\n|turn|16\n|\n|t:|1782765898\n|switch|p2a: Toxapex|Toxapex, L82, M|216/216\n|-activate|p2a: Toxapex|move: Sticky Web\n|-unboost|p2a: Toxapex|spe|1\n|move|p1a: Cinccino|Bullet Seed|p2a: Toxapex\n|-damage|p2a: Toxapex|199/216\n|-damage|p2a: Toxapex|183/216\n|-damage|p2a: Toxapex|165/216\n|-damage|p2a: Toxapex|148/216\n|-hitcount|p2a: Toxapex|4\n|\n|-heal|p2a: Toxapex|161/216|[from] item: Leftovers\n|upkeep\n|turn|17\n|inactive|Coup0d0boule has 120 seconds left.\n|\n|t:|1782765936\n|switch|p1a: Toxicroak|Toxicroak, L84, M|277/277\n|move|p2a: Toxapex|Liquidation|p1a: Toxicroak\n|-immune|p1a: Toxicroak|[from] ability: Dry Skin\n|\n|-heal|p2a: Toxapex|174/216|[from] item: Leftovers\n|upkeep\n|turn|18\n|\n|t:|1782765947\n|switch|p2a: Vigoroth|Vigoroth, L85, F|187/275\n|-activate|p2a: Vigoroth|move: Sticky Web\n|-unboost|p2a: Vigoroth|spe|1\n|move|p1a: Toxicroak|Knock Off|p2a: Vigoroth\n|-damage|p2a: Vigoroth|104/275\n|\n|upkeep\n|turn|19\n|\n|t:|1782765956\n|move|p1a: Toxicroak|Knock Off|p2a: Vigoroth\n|-damage|p2a: Vigoroth|22/275\n|move|p2a: Vigoroth|Slack Off|p2a: Vigoroth\n|-heal|p2a: Vigoroth|160/275\n|\n|upkeep\n|turn|20\n|inactive|Coup0d0boule has 120 seconds left.\n|\n|t:|1782765964\n|switch|p1a: Sunflora|Sunflora, M|312/312\n|move|p2a: Vigoroth|Slack Off|p2a: Vigoroth\n|-heal|p2a: Vigoroth|275/275\n|\n|upkeep\n|turn|21\n|inactive|Coup0d0boule has 120 seconds left.\n|\n|t:|1782765975\n|move|p2a: Vigoroth|Knock Off|p1a: Sunflora\n|-damage|p1a: Sunflora|240/312\n|-enditem|p1a: Sunflora|Life Orb|[from] move: Knock Off|[of] p2a: Vigoroth\n|move|p1a: Sunflora|Sunny Day|p1a: Sunflora\n|-weather|SunnyDay\n|\n|-weather|SunnyDay|[upkeep]\n|upkeep\n|turn|22\n|\n|t:|1782765985\n|move|p1a: Sunflora|Solar Beam||[still]\n|-prepare|p1a: Sunflora|Solar Beam\n|-anim|p1a: Sunflora|Solar Beam|p2a: Vigoroth\n|-damage|p2a: Vigoroth|32/275\n|move|p2a: Vigoroth|Body Slam|p1a: Sunflora\n|-damage|p1a: Sunflora|150/312\n|\n|-weather|SunnyDay|[upkeep]\n|upkeep\n|turn|23\n|\n|t:|1782765994\n|move|p1a: Sunflora|Solar Beam||[still]\n|-prepare|p1a: Sunflora|Solar Beam\n|-anim|p1a: Sunflora|Solar Beam|p2a: Vigoroth\n|-damage|p2a: Vigoroth|0 fnt\n|faint|p2a: Vigoroth\n|\n|-weather|SunnyDay|[upkeep]\n|upkeep\n|inactive|Coup0d0boule has 120 seconds left.\n|\n|t:|1782766014\n|switch|p2a: Bellossom|Bellossom, L84, F|263/263\n|-activate|p2a: Bellossom|move: Sticky Web\n|-unboost|p2a: Bellossom|spe|1\n|turn|24\n|inactive|Coup0d0boule has 120 seconds left.\n|\n|t:|1782766028\n|switch|p2a: Toxapex|Toxapex, L82, M|216/216\n|-activate|p2a: Toxapex|move: Sticky Web\n|-unboost|p2a: Toxapex|spe|1\n|move|p1a: Sunflora|Weather Ball|p2a: Toxapex\n|-resisted|p2a: Toxapex\n|-damage|p2a: Toxapex|157/216\n|\n|-weather|SunnyDay|[upkeep]\n|-heal|p2a: Toxapex|170/216|[from] item: Leftovers\n|upkeep\n|turn|25\n|inactive|Coup0d0boule has 120 seconds left.\n|\n|t:|1782766039\n|move|p1a: Sunflora|Earth Power|p2a: Toxapex\n|-supereffective|p2a: Toxapex\n|-damage|p2a: Toxapex|40/216\n|move|p2a: Toxapex|Recover|p2a: Toxapex\n|-heal|p2a: Toxapex|148/216\n|\n|-weather|none\n|-heal|p2a: Toxapex|161/216|[from] item: Leftovers\n|upkeep\n|turn|26\n|inactive|Coup0d0boule has 120 seconds left.\n|\n|t:|1782766049\n|switch|p2a: Mismagius|Mismagius, L86, F|243/243\n|move|p1a: Sunflora|Sunny Day|p1a: Sunflora\n|-weather|SunnyDay\n|\n|-weather|SunnyDay|[upkeep]\n|upkeep\n|turn|27\n|inactive|Coup0d0boule has 120 seconds left.\n|\n|t:|1782766060\n|move|p1a: Sunflora|Solar Beam||[still]\n|-prepare|p1a: Sunflora|Solar Beam\n|-anim|p1a: Sunflora|Solar Beam|p2a: Mismagius\n|-damage|p2a: Mismagius|86/243\n|move|p2a: Mismagius|Mystical Fire|p1a: Sunflora\n|-supereffective|p1a: Sunflora\n|-damage|p1a: Sunflora|0 fnt\n|faint|p1a: Sunflora\n|\n|-weather|SunnyDay|[upkeep]\n|upkeep\n|\n|t:|1782766071\n|switch|p1a: Cinccino|Cinccino, L83, F|260/260\n|turn|28\n|inactive|Coup0d0boule has 120 seconds left.\n|\n|t:|1782766087\n|switch|p2a: Toxapex|Toxapex, L82, M|216/216\n|-activate|p2a: Toxapex|move: Sticky Web\n|-unboost|p2a: Toxapex|spe|1\n|move|p1a: Cinccino|U-turn|p2a: Toxapex\n|-resisted|p2a: Toxapex\n|-damage|p2a: Toxapex|200/216\n|\n|t:|1782766090\n|switch|p1a: Toxicroak|Toxicroak, L84, M|277/277|[from] U-turn\n|\n|-weather|SunnyDay|[upkeep]\n|-damage|p1a: Toxicroak|243/277|[from] ability: Dry Skin|[of] p1a: Toxicroak\n|-heal|p2a: Toxapex|213/216|[from] item: Leftovers\n|upkeep\n|turn|29\n|inactive|Coup0d0boule has 120 seconds left.\n|\n|t:|1782766104\n|move|p1a: Toxicroak|Knock Off|p2a: Toxapex\n|-damage|p2a: Toxapex|146/216\n|-enditem|p2a: Toxapex|Leftovers|[from] move: Knock Off|[of] p1a: Toxicroak\n|move|p2a: Toxapex|Recover|p2a: Toxapex\n|-heal|p2a: Toxapex|216/216\n|\n|-weather|SunnyDay|[upkeep]\n|-damage|p1a: Toxicroak|209/277|[from] ability: Dry Skin|[of] p1a: Toxicroak\n|upkeep\n|turn|30\n|inactive|Coup0d0boule has 120 seconds left.\n|\n|t:|1782766123\n|switch|p2a: Urshifu|Urshifu, L74, F|270/270\n|-activate|p2a: Urshifu|move: Sticky Web\n|-unboost|p2a: Urshifu|spe|1\n|move|p1a: Toxicroak|Knock Off|p2a: Urshifu\n|-resisted|p2a: Urshifu\n|-damage|p2a: Urshifu|241/270\n|-enditem|p2a: Urshifu|Choice Band|[from] move: Knock Off|[of] p1a: Toxicroak\n|\n|-weather|none\n|upkeep\n|turn|31\n|inactive|Coup0d0boule has 120 seconds left.\n|\n|t:|1782766141\n|move|p1a: Toxicroak|Knock Off|p2a: Urshifu\n|-resisted|p2a: Urshifu\n|-damage|p2a: Urshifu|221/270\n|move|p2a: Urshifu|Wicked Blow|p1a: Toxicroak\n|-resisted|p1a: Toxicroak\n|-crit|p1a: Toxicroak\n|-damage|p1a: Toxicroak|130/277\n|\n|upkeep\n|turn|32\n|\n|t:|1782766147\n|move|p1a: Toxicroak|Knock Off|p2a: Urshifu\n|-resisted|p2a: Urshifu\n|-damage|p2a: Urshifu|202/270\n|move|p2a: Urshifu|Wicked Blow|p1a: Toxicroak\n|-resisted|p1a: Toxicroak\n|-crit|p1a: Toxicroak\n|-damage|p1a: Toxicroak|61/277\n|\n|upkeep\n|turn|33\n|inactive|Coup0d0boule has 120 seconds left.\n|\n|t:|1782766155\n|switch|p1a: Cinccino|Cinccino, L83, F|260/260\n|move|p2a: Urshifu|Wicked Blow|p1a: Cinccino\n|-crit|p1a: Cinccino\n|-damage|p1a: Cinccino|98/260\n|\n|upkeep\n|turn|34\n|\n|t:|1782766162\n|move|p2a: Urshifu|Sucker Punch|p1a: Cinccino\n|-damage|p1a: Cinccino|4/260\n|move|p1a: Cinccino|Bullet Seed|p2a: Urshifu\n|-damage|p2a: Urshifu|177/270\n|-damage|p2a: Urshifu|152/270\n|-damage|p2a: Urshifu|126/270\n|-damage|p2a: Urshifu|100/270\n|-hitcount|p2a: Urshifu|4\n|\n|upkeep\n|turn|35\n|\n|t:|1782766171\n|switch|p1a: Toxicroak|Toxicroak, L84, M|61/277\n|move|p2a: Urshifu|Sucker Punch||[still]\n|-fail|p2a: Urshifu\n|\n|upkeep\n|turn|36\n|\n|t:|1782766179\n|switch|p2a: Toxapex|Toxapex, L82, M|216/216\n|-activate|p2a: Toxapex|move: Sticky Web\n|-unboost|p2a: Toxapex|spe|1\n|move|p1a: Toxicroak|Close Combat|p2a: Toxapex\n|-resisted|p2a: Toxapex\n|-damage|p2a: Toxapex|154/216\n|-unboost|p1a: Toxicroak|def|1\n|-unboost|p1a: Toxicroak|spd|1\n|\n|upkeep\n|turn|37\n|\n|t:|1782766189\n|switch|p1a: Espathra|Espathra, L80, F|283/283\n|switch|p2a: Mismagius|Mismagius, L86, F|86/243\n|\n|upkeep\n|turn|38\n|\n|t:|1782766197\n|-terastallize|p1a: Espathra|Fairy\n|move|p2a: Mismagius|Shadow Ball|p1a: Espathra\n|-damage|p1a: Espathra|72/283\n|move|p1a: Espathra|Dazzling Gleam|p2a: Mismagius\n|-damage|p2a: Mismagius|0 fnt\n|faint|p2a: Mismagius\n|\n|-ability|p1a: Espathra|Speed Boost|boost\n|-boost|p1a: Espathra|spe|1\n|upkeep\n|\n|t:|1782766217\n|switch|p2a: Toxapex|Toxapex, L82, M|216/216\n|-activate|p2a: Toxapex|move: Sticky Web\n|-unboost|p2a: Toxapex|spe|1\n|turn|39\n|\n|t:|1782766227\n|switch|p1a: Toxicroak|Toxicroak, L84, M|61/277\n|move|p2a: Toxapex|Toxic|p1a: Toxicroak\n|-immune|p1a: Toxicroak\n|\n|upkeep\n|turn|40\n|\n|t:|1782766237\n|move|p1a: Toxicroak|Gunk Shot|p2a: Toxapex\n|-resisted|p2a: Toxapex\n|-damage|p2a: Toxapex|150/216\n|move|p2a: Toxapex|Recover|p2a: Toxapex\n|-heal|p2a: Toxapex|216/216\n|\n|upkeep\n|turn|41\n|\n|t:|1782766255\n|move|p1a: Toxicroak|Gunk Shot|p2a: Toxapex\n|-resisted|p2a: Toxapex\n|-damage|p2a: Toxapex|146/216\n|move|p2a: Toxapex|Toxic|p1a: Toxicroak\n|-immune|p1a: Toxicroak\n|\n|upkeep\n|turn|42\n|\n|t:|1782766262\n|move|p1a: Toxicroak|Gunk Shot|p2a: Toxapex\n|-resisted|p2a: Toxapex\n|-damage|p2a: Toxapex|80/216\n|move|p2a: Toxapex|Toxic|p1a: Toxicroak\n|-immune|p1a: Toxicroak\n|\n|upkeep\n|turn|43\n|\n|t:|1782766269\n|switch|p1a: Espathra|Espathra, L80, F, tera:Fairy|72/283\n|move|p2a: Toxapex|Recover|p2a: Toxapex\n|-heal|p2a: Toxapex|188/216\n|\n|upkeep\n|turn|44\n|\n|t:|1782766277\n|move|p1a: Espathra|Dazzling Gleam|p2a: Toxapex\n|-resisted|p2a: Toxapex\n|-damage|p2a: Toxapex|148/216\n|move|p2a: Toxapex|Toxic|p1a: Espathra\n|-status|p1a: Espathra|tox\n|\n|-damage|p1a: Espathra|55/283 tox|[from] psn\n|-ability|p1a: Espathra|Speed Boost|boost\n|-boost|p1a: Espathra|spe|1\n|upkeep\n|turn|45\n|\n|t:|1782766289\n|switch|p1a: Toxicroak|Toxicroak, L84, M|61/277\n|move|p2a: Toxapex|Recover|p2a: Toxapex\n|-heal|p2a: Toxapex|216/216\n|\n|upkeep\n|turn|46\n|\n|t:|1782766297\n|move|p1a: Toxicroak|Knock Off|p2a: Toxapex\n|-damage|p2a: Toxapex|167/216\n|move|p2a: Toxapex|Haze|p2a: Toxapex\n|-clearallboost\n|\n|upkeep\n|turn|47\n|\n|t:|1782766310\n|move|p1a: Toxicroak|Knock Off|p2a: Toxapex\n|-damage|p2a: Toxapex|117/216\n|move|p2a: Toxapex|Toxic|p1a: Toxicroak\n|-immune|p1a: Toxicroak\n|\n|upkeep\n|turn|48\n|\n|t:|1782766315\n|move|p1a: Toxicroak|Knock Off|p2a: Toxapex\n|-damage|p2a: Toxapex|69/216\n|move|p2a: Toxapex|Recover|p2a: Toxapex\n|-heal|p2a: Toxapex|177/216\n|\n|upkeep\n|turn|49\n|\n|t:|1782766321\n|switch|p2a: Urshifu|Urshifu, L74, F|100/270\n|-activate|p2a: Urshifu|move: Sticky Web\n|-unboost|p2a: Urshifu|spe|1\n|move|p1a: Toxicroak|Knock Off|p2a: Urshifu\n|-resisted|p2a: Urshifu\n|-damage|p2a: Urshifu|81/270\n|\n|upkeep\n|turn|50\n|\n|t:|1782766331\n|switch|p1a: Cinccino|Cinccino, L83, F|4/260\n|move|p2a: Urshifu|Wicked Blow|p1a: Cinccino\n|-crit|p1a: Cinccino\n|-damage|p1a: Cinccino|0 fnt\n|faint|p1a: Cinccino\n|\n|upkeep\n|\n|t:|1782766336\n|switch|p1a: Toxicroak|Toxicroak, L84, M|61/277\n|turn|51\n|\n|t:|1782766346\n|move|p2a: Urshifu|Sucker Punch|p1a: Toxicroak\n|-resisted|p1a: Toxicroak\n|-damage|p1a: Toxicroak|15/277\n|move|p1a: Toxicroak|Earthquake|p2a: Urshifu\n|-damage|p2a: Urshifu|0 fnt\n|faint|p2a: Urshifu\n|\n|upkeep\n|\n|t:|1782766358\n|switch|p2a: Bellossom|Bellossom, L84, F|263/263\n|-activate|p2a: Bellossom|move: Sticky Web\n|-unboost|p2a: Bellossom|spe|1\n|turn|52\n|\n|t:|1782766373\n|switch|p1a: Espathra|Espathra, L80, F, tera:Fairy|55/283 tox\n|move|p2a: Bellossom|Sludge Bomb|p1a: Espathra\n|-supereffective|p1a: Espathra\n|-damage|p1a: Espathra|0 fnt\n|faint|p1a: Espathra\n|\n|upkeep\n|\n|t:|1782766381\n|switch|p1a: Toxicroak|Toxicroak, L84, M|15/277\n|turn|53\n|\n|t:|1782766385\n|move|p1a: Toxicroak|Gunk Shot|p2a: Bellossom|[miss]\n|-miss|p1a: Toxicroak|p2a: Bellossom\n|move|p2a: Bellossom|Quiver Dance|p2a: Bellossom\n|-boost|p2a: Bellossom|spa|1\n|-boost|p2a: Bellossom|spd|1\n|-boost|p2a: Bellossom|spe|1\n|\n|upkeep\n|turn|54\n|\n|t:|1782766393\n|-terastallize|p2a: Bellossom|Poison\n|move|p1a: Toxicroak|Gunk Shot|p2a: Bellossom\n|-resisted|p2a: Bellossom\n|-damage|p2a: Bellossom|161/263\n|move|p2a: Bellossom|Giga Drain|p1a: Toxicroak\n|-resisted|p1a: Toxicroak\n|-damage|p1a: Toxicroak|0 fnt\n|-heal|p2a: Bellossom|169/263|[from] drain|[of] p1a: Toxicroak\n|faint|p1a: Toxicroak\n|\n|win|Coup0d0boule\n|raw|Sthibo's rating: 1679 &rarr; <strong>1662</strong><br />(-17 for losing)\n|raw|Coup0d0boule's rating: 1731 &rarr; <strong>1748</strong><br />(+17 for winning)\n|l|\u2606Sthibo\n|player|p1|\n", "inputlog": ">version f8ac14003a5f27e1bdc8d8c59608a773c1cb96e5\n>start {\"formatid\":\"gen9randombattle\",\"seed\":\"sodium,8335cc2b2996d5b45fc182283d58e9c6\",\"rated\":\"Rated battle\"}\n>player p1 {\"name\":\"Sthibo\",\"avatar\":\"hilbert-wonderlauncher\",\"rating\":1679,\"seed\":\"sodium,952ca938e1be0bab039b337393bbe0f3\"}\n>player p2 {\"name\":\"Coup0d0boule\",\"avatar\":\"1\",\"rating\":1731,\"seed\":\"sodium,37db638332003b15570e0c7fb2a24e7c\"}\n>p1 switch 3\n>p2 switch 6\n>p1 move poltergeist\n>p2 move toxic\n>p1 move suckerpunch\n>p2 move toxic\n>p1 move poltergeist\n>p2 move toxic\n>p1 move poltergeist\n>p2 move recover\n>p1 move poltergeist\n>p2 move recover\n>p1 switch 2\n>p2 switch 5\n>p1 move pounce\n>p2 move bulkup\n>p1 move taunt\n>p2 move bodyslam\n>p1 move stickyweb\n>p2 move bodyslam\n>p1 move knockoff\n>p2 move knockoff\n>p1 switch 2\n>p1 move toxic\n>p2 switch 5\n>p1 switch 5\n>p2 move liquidation\n>p1 move earthquake\n>p2 switch 4\n>p1 switch 5\n>p2 move shadowball\n>p1 switch 3\n>p1 move bulletseed\n>p2 switch 4\n>p1 switch 5\n>p2 move liquidation\n>p1 move knockoff\n>p2 switch 5\n>p1 move knockoff\n>p2 move slackoff\n>p1 switch 4\n>p2 move slackoff\n>p1 move sunnyday\n>p2 move knockoff\n>p1 move solarbeam\n>p2 move bodyslam\n>p1 move solarbeam\n>p2 move bodyslam\n>p2 switch 3\n>p1 move weatherball\n>p2 switch 5\n>p1 move earthpower\n>p2 move recover\n>p1 move sunnyday\n>p2 switch 4\n>p1 move solarbeam\n>p2 move mysticalfire\n>p1 switch 5\n>p1 move uturn\n>p2 switch 4\n>p1 switch 4\n>p1 move knockoff\n>p2 move recover\n>p1 move knockoff\n>p2 switch 6\n>p1 move knockoff\n>p2 move wickedblow\n>p1 move knockoff\n>p2 move wickedblow\n>p1 switch 4\n>p2 move wickedblow\n>p1 move bulletseed\n>p2 move suckerpunch\n>p1 switch 4\n>p2 move suckerpunch\n>p1 move closecombat\n>p2 switch 6\n>p1 switch 6\n>p2 switch 4\n>p1 move dazzlinggleam terastallize\n>p2 move shadowball\n>p2 switch 4\n>p1 switch 6\n>p2 move toxic\n>p1 move gunkshot\n>p2 move recover\n>p1 move gunkshot\n>p2 move toxic\n>p1 move gunkshot\n>p2 move toxic\n>p1 switch 6\n>p2 move recover\n>p1 move dazzlinggleam\n>p2 move toxic\n>p1 switch 6\n>p2 move recover\n>p1 move knockoff\n>p2 move haze\n>p1 move knockoff\n>p2 move toxic\n>p1 move knockoff\n>p2 move recover\n>p1 move knockoff\n>p2 switch 6\n>p1 switch 4\n>p2 move wickedblow\n>p1 switch 4\n>p1 move earthquake\n>p2 move suckerpunch\n>p2 switch 5\n>p1 switch 6\n>p2 move sludgebomb\n>p1 switch 6\n>p1 move gunkshot\n>p2 move quiverdance\n>p1 move gunkshot\n>p2 move gigadrain terastallize", "uploadtime": 1782766404, "views": 5, "formatid": "gen9randombattle", "rating": 1662, "private": 0, "password": null, "player_dets": [{"name": "Sthibo", "avatar": "hilbert-wonderlauncher", "rating": 1679, "seed": "sodium,952ca938e1be0bab039b337393bbe0f3"}, {"name": "Coup0d0boule", "avatar": "1", "rating": 1731, "seed": "sodium,37db638332003b15570e0c7fb2a24e7c"}], "teams_full": [{"Cinccino": {"name": "Cinccino", "species": "Cinccino", "speciesId": "cinccino", "gender": "F", "shiny": false, "level": 83, "moves": ["uturn", "tailslap", "bulletseed", "tripleaxel"], "ability": "Technician", "evs": {"hp": 85, "atk": 85, "def": 85, "spa": 85, "spd": 85, "spe": 85}, "ivs": {"hp": 31, "atk": 31, "def": 31, "spa": 31, "spd": 31, "spe": 31}, "item": "Loaded Dice", "teraType": "Grass", "role": "Fast Attacker", "bvs": {"hp": 75, "atk": 95, "def": 60, "spa": 65, "spd": 60, "spe": 115}, "stats": {"hp": 260, "atk": 205, "def": 147, "spa": 156, "spd": 147, "spe": 239}, "types": ["Normal"]}, "Kricketune": {"name": "Kricketune", "species": "Kricketune", "speciesId": "kricketune", "gender": "M", "shiny": false, "level": 99, "moves": ["stickyweb", "pounce", "knockoff", "taunt"], "ability": "Technician", "evs": {"hp": 85, "atk": 85, "def": 85, "spa": 85, "spd": 85, "spe": 85}, "ivs": {"hp": 31, "atk": 31, "def": 31, "spa": 31, "spd": 31, "spe": 31}, "item": "Heavy-Duty Boots", "teraType": "Ghost", "role": "Fast Support", "bvs": {"hp": 77, "atk": 85, "def": 51, "spa": 55, "spd": 51, "spe": 65}, "stats": {"hp": 312, "atk": 224, "def": 157, "spa": 165, "spd": 157, "spe": 185}, "types": ["Bug"]}, "Spiritomb": {"name": "Spiritomb", "species": "Spiritomb", "speciesId": "spiritomb", "gender": "M", "shiny": false, "level": 89, "moves": ["suckerpunch", "poltergeist", "toxic", "foulplay"], "ability": "Infiltrator", "evs": {"hp": 85, "atk": 85, "def": 85, "spa": 85, "spd": 85, "spe": 85}, "ivs": {"hp": 31, "atk": 31, "def": 31, "spa": 31, "spd": 31, "spe": 31}, "item": "Leftovers", "teraType": "Poison", "role": "Bulky Support", "bvs": {"hp": 50, "atk": 92, "def": 108, "spa": 92, "spd": 108, "spe": 35}, "stats": {"hp": 234, "atk": 215, "def": 243, "spa": 215, "spd": 243, "spe": 113}, "types": ["Ghost", "Dark"]}, "Sunflora": {"name": "Sunflora", "species": "Sunflora", "speciesId": "sunflora", "gender": "M", "shiny": false, "level": 100, "moves": ["earthpower", "weatherball", "sunnyday", "solarbeam"], "ability": "Chlorophyll", "evs": {"hp": 85, "atk": 0, "def": 85, "spa": 85, "spd": 85, "spe": 85}, "ivs": {"hp": 31, "atk": 0, "def": 31, "spa": 31, "spd": 31, "spe": 31}, "item": "Life Orb", "teraType": "Fire", "role": "Setup Sweeper", "bvs": {"hp": 75, "atk": 75, "def": 55, "spa": 105, "spd": 85, "spe": 30}, "stats": {"hp": 312, "atk": 155, "def": 167, "spa": 267, "spd": 227, "spe": 117}, "types": ["Grass"]}, "Toxicroak": {"name": "Toxicroak", "species": "Toxicroak", "speciesId": "toxicroak", "gender": "M", "shiny": false, "level": 84, "moves": ["gunkshot", "knockoff", "closecombat", "earthquake"], "ability": "Dry Skin", "evs": {"hp": 85, "atk": 85, "def": 85, "spa": 85, "spd": 85, "spe": 85}, "ivs": {"hp": 31, "atk": 31, "def": 31, "spa": 31, "spd": 31, "spe": 31}, "item": "Choice Band", "teraType": "Dark", "role": "Fast Attacker", "bvs": {"hp": 83, "atk": 106, "def": 65, "spa": 86, "spd": 65, "spe": 85}, "stats": {"hp": 277, "atk": 226, "def": 157, "spa": 193, "spd": 157, "spe": 191}, "types": ["Poison", "Fighting"]}, "Espathra": {"name": "Espathra", "species": "Espathra", "speciesId": "espathra", "gender": "F", "shiny": false, "level": 80, "moves": ["uturn", "dazzlinggleam", "luminacrash", "shadowball"], "ability": "Speed Boost", "evs": {"hp": 85, "atk": 85, "def": 85, "spa": 85, "spd": 85, "spe": 85}, "ivs": {"hp": 31, "atk": 31, "def": 31, "spa": 31, "spd": 31, "spe": 31}, "item": "Choice Specs", "teraType": "Fairy", "role": "Wallbreaker", "bvs": {"hp": 95, "atk": 60, "def": 60, "spa": 101, "spd": 60, "spe": 105}, "stats": {"hp": 283, "atk": 142, "def": 142, "spa": 208, "spd": 142, "spe": 214}, "types": ["Psychic"]}}, {"Urshifu": {"name": "Urshifu", "species": "Urshifu", "speciesId": "urshifu", "gender": "F", "shiny": false, "level": 74, "moves": ["suckerpunch", "uturn", "closecombat", "wickedblow"], "ability": "Unseen Fist", "evs": {"hp": 85, "atk": 85, "def": 85, "spa": 85, "spd": 85, "spe": 85}, "ivs": {"hp": 31, "atk": 31, "def": 31, "spa": 31, "spd": 31, "spe": 31}, "item": "Choice Band", "teraType": "Fighting", "role": "Fast Attacker", "bvs": {"hp": 100, "atk": 130, "def": 100, "spa": 63, "spd": 60, "spe": 97}, "stats": {"hp": 270, "atk": 235, "def": 191, "spa": 136, "spd": 132, "spe": 187}, "types": ["Fighting", "Dark"]}, "Mabosstiff": {"name": "Mabosstiff", "species": "Mabosstiff", "speciesId": "mabosstiff", "gender": "F", "shiny": false, "level": 86, "moves": ["crunch", "psychicfangs", "wildcharge", "playrough"], "ability": "Stakeout", "evs": {"hp": 85, "atk": 85, "def": 85, "spa": 85, "spd": 85, "spe": 85}, "ivs": {"hp": 31, "atk": 31, "def": 31, "spa": 31, "spd": 31, "spe": 31}, "item": "Choice Scarf", "teraType": "Dark", "role": "Bulky Attacker", "bvs": {"hp": 80, "atk": 120, "def": 90, "spa": 60, "spd": 70, "spe": 85}, "stats": {"hp": 278, "atk": 256, "def": 204, "spa": 152, "spd": 170, "spe": 195}, "types": ["Dark"]}, "Bellossom": {"name": "Bellossom", "species": "Bellossom", "speciesId": "bellossom", "gender": "F", "shiny": false, "level": 84, "moves": ["strengthsap", "quiverdance", "sludgebomb", "gigadrain"], "ability": "Chlorophyll", "evs": {"hp": 85, "atk": 0, "def": 85, "spa": 85, "spd": 85, "spe": 85}, "ivs": {"hp": 31, "atk": 0, "def": 31, "spa": 31, "spd": 31, "spe": 31}, "item": "Leftovers", "teraType": "Poison", "role": "Bulky Setup", "bvs": {"hp": 75, "atk": 80, "def": 95, "spa": 90, "spd": 100, "spe": 50}, "stats": {"hp": 263, "atk": 139, "def": 208, "spa": 199, "spd": 216, "spe": 132}, "types": ["Grass"]}, "Mismagius": {"name": "Mismagius", "species": "Mismagius", "speciesId": "mismagius", "gender": "F", "shiny": false, "level": 86, "moves": ["thunderbolt", "mysticalfire", "dazzlinggleam", "shadowball"], "ability": "Levitate", "evs": {"hp": 85, "atk": 0, "def": 85, "spa": 85, "spd": 85, "spe": 85}, "ivs": {"hp": 31, "atk": 0, "def": 31, "spa": 31, "spd": 31, "spe": 31}, "item": "Choice Specs", "teraType": "Fairy", "role": "Wallbreaker", "bvs": {"hp": 60, "atk": 60, "def": 60, "spa": 105, "spd": 105, "spe": 105}, "stats": {"hp": 243, "atk": 108, "def": 152, "spa": 230, "spd": 230, "spe": 230}, "types": ["Ghost"]}, "Vigoroth": {"name": "Vigoroth", "species": "Vigoroth", "speciesId": "vigoroth", "gender": "F", "shiny": false, "level": 85, "moves": ["bulkup", "slackoff", "knockoff", "bodyslam"], "ability": "Vital Spirit", "evs": {"hp": 85, "atk": 85, "def": 85, "spa": 85, "spd": 85, "spe": 85}, "ivs": {"hp": 31, "atk": 31, "def": 31, "spa": 31, "spd": 31, "spe": 31}, "item": "Eviolite", "teraType": "Ghost", "role": "Bulky Setup", "bvs": {"hp": 80, "atk": 80, "def": 80, "spa": 55, "spd": 55, "spe": 90}, "stats": {"hp": 275, "atk": 185, "def": 185, "spa": 142, "spd": 142, "spe": 202}, "types": ["Normal"]}, "Toxapex": {"name": "Toxapex", "species": "Toxapex", "speciesId": "toxapex", "gender": "M", "shiny": false, "level": 82, "moves": ["recover", "liquidation", "haze", "toxic"], "ability": "Regenerator", "evs": {"hp": 85, "atk": 85, "def": 85, "spa": 85, "spd": 85, "spe": 85}, "ivs": {"hp": 31, "atk": 31, "def": 31, "spa": 31, "spd": 31, "spe": 31}, "item": "Leftovers", "teraType": "Grass", "role": "Bulky Support", "bvs": {"hp": 50, "atk": 63, "def": 152, "spa": 53, "spd": 142, "spe": 35}, "stats": {"hp": 216, "atk": 150, "def": 296, "spa": 134, "spd": 280, "spe": 105}, "types": ["Poison", "Water"]}}]}