{"id": "gen9randombattle-2641469740", "format": "[Gen 9] Random Battle", "players": ["Ctannn", "skendoendo"], "log": "|badge|p1|bronze|gen9ou|100-9\n|uhtml|medal-msg|<div class=\"broadcast-blue\">Curious what those medals under the avatar are? PS now has Ladder Seasons! For more information, check out the <a href=\"https://www.smogon.com/forums/threads/3740067/\">thread on Smogon.</a></div>\n|j|\u2606Ctannn\n|j|\u2606skendoendo\n|t:|1782789707\n|gametype|singles\n|player|p1|Ctannn|170|2048\n|player|p2|skendoendo|juggler|2077\n|gen|9\n|tier|[Gen 9] Random Battle\n|rated|\n|rule|Species Clause: Limit one of each Pok\u00e9mon\n|rule|HP Percentage Mod: HP is shown in percentages\n|rule|Sleep Clause Mod: Limit one foe put to sleep\n|rule|Illusion Level Mod: Illusion disguises the Pok\u00e9mon's true level\n|\n|t:|1782789707\n|teamsize|p1|6\n|teamsize|p2|6\n|start\n|switch|p1a: Weezing|Weezing-Galar, L86, F|252/252\n|switch|p2a: Comfey|Comfey, L85, M|225/225\n|turn|1\n|inactive|Battle timer is ON: inactive players will automatically lose when time's up. (requested by Ctannn)\n|inactive|skendoendo has 120 seconds left.\n|\n|t:|1782789771\n|switch|p2a: Zebstrika|Zebstrika, L87, M|272/272\n|switch|p1a: Qwilfish|Qwilfish, L86, M|252/252\n|-ability|p1a: Qwilfish|Intimidate|boost\n|-unboost|p2a: Zebstrika|atk|1\n|\n|upkeep\n|turn|2\n|inactive|skendoendo has 120 seconds left.\n|\n|t:|1782789809\n|switch|p1a: Ursaluna|Ursaluna-Bloodmoon, L79, M|308/308\n|move|p2a: Zebstrika|Supercell Slam|p1a: Ursaluna\n|-immune|p1a: Ursaluna\n|-damage|p2a: Zebstrika|136/272|[from] supercellslam\n|\n|upkeep\n|turn|3\n|inactive|skendoendo has 120 seconds left.\n|\n|t:|1782789821\n|switch|p2a: Dudunsparce|Dudunsparce-Three-Segment, L83, F|343/343\n|switch|p1a: Qwilfish|Qwilfish, L86, M|252/252\n|-ability|p1a: Qwilfish|Intimidate|boost\n|-unboost|p2a: Dudunsparce|atk|1\n|-ability|p2a: Dudunsparce|Rattled|boost\n|-boost|p2a: Dudunsparce|spe|1\n|\n|upkeep\n|turn|4\n|inactive|skendoendo has 120 seconds left.\n|\n|t:|1782789842\n|move|p2a: Dudunsparce|Earthquake|p1a: Qwilfish\n|-supereffective|p1a: Qwilfish\n|-damage|p1a: Qwilfish|156/252\n|move|p1a: Qwilfish|Thunder Wave|p2a: Dudunsparce\n|-status|p2a: Dudunsparce|par\n|\n|upkeep\n|turn|5\n|\n|t:|1782789853\n|move|p1a: Qwilfish|Pain Split|p2a: Dudunsparce\n|-sethp|p2a: Dudunsparce|249/343 par|[from] move: Pain Split|[silent]\n|-sethp|p1a: Qwilfish|249/252|[from] move: Pain Split\n|cant|p2a: Dudunsparce|par\n|\n|-heal|p2a: Dudunsparce|270/343 par|[from] item: Leftovers\n|upkeep\n|turn|6\n|inactive|skendoendo has 120 seconds left.\n|\n|t:|1782789877\n|switch|p1a: Granbull|Granbull, L88, F|302/302\n|-ability|p1a: Granbull|Intimidate|boost\n|-unboost|p2a: Dudunsparce|atk|1\n|-ability|p2a: Dudunsparce|Rattled|boost\n|-boost|p2a: Dudunsparce|spe|1\n|move|p2a: Dudunsparce|Earthquake|p1a: Granbull\n|-damage|p1a: Granbull|263/302\n|\n|-heal|p2a: Dudunsparce|291/343 par|[from] item: Leftovers\n|-heal|p1a: Granbull|281/302|[from] item: Leftovers\n|upkeep\n|turn|7\n|\n|t:|1782789887\n|move|p2a: Dudunsparce|Toxic|p1a: Granbull\n|-status|p1a: Granbull|tox\n|move|p1a: Granbull|Play Rough|p2a: Dudunsparce\n|-damage|p2a: Dudunsparce|167/343 par\n|\n|-heal|p2a: Dudunsparce|188/343 par|[from] item: Leftovers\n|-heal|p1a: Granbull|299/302 tox|[from] item: Leftovers\n|-damage|p1a: Granbull|281/302 tox|[from] psn\n|upkeep\n|turn|8\n|inactive|skendoendo has 120 seconds left.\n|\n|t:|1782789925\n|switch|p1a: Milotic|Milotic, L83, M|293/293\n|move|p2a: Dudunsparce|Roost|p2a: Dudunsparce\n|-heal|p2a: Dudunsparce|343/343 par\n|-singleturn|p2a: Dudunsparce|move: Roost\n|\n|upkeep\n|turn|9\n|\n|t:|1782789932\n|move|p2a: Dudunsparce|Toxic|p1a: Milotic\n|-status|p1a: Milotic|tox\n|move|p1a: Milotic|Dragon Tail|p2a: Dudunsparce\n|-damage|p2a: Dudunsparce|308/343 par\n|drag|p2a: Farigiraf|Farigiraf, L90, M|362/362\n|\n|-damage|p1a: Milotic|275/293 tox|[from] psn\n|upkeep\n|turn|10\n|\n|t:|1782789956\n|move|p1a: Milotic|Scald|p2a: Farigiraf\n|-damage|p2a: Farigiraf|274/362\n|-status|p2a: Farigiraf|brn\n|move|p2a: Farigiraf|Wish|p2a: Farigiraf\n|\n|-heal|p1a: Milotic|293/293 tox|[from] item: Leftovers\n|-heal|p2a: Farigiraf|296/362 brn|[from] item: Leftovers\n|-damage|p1a: Milotic|257/293 tox|[from] psn\n|-damage|p2a: Farigiraf|274/362 brn|[from] brn\n|upkeep\n|turn|11\n|\n|t:|1782789971\n|move|p2a: Farigiraf|Psychic Noise|p1a: Milotic\n|-damage|p1a: Milotic|185/293 tox\n|-start|p1a: Milotic|move: Heal Block\n|move|p1a: Milotic|Dragon Tail|p2a: Farigiraf\n|-damage|p2a: Farigiraf|239/362 brn\n|drag|p2a: Grimmsnarl|Grimmsnarl, L83, M|293/293\n|\n|-damage|p1a: Milotic|131/293 tox|[from] psn\n|upkeep\n|turn|12\n|inactive|skendoendo has 90 seconds left.\n|\n|t:|1782790011\n|switch|p1a: Granbull|Granbull, L88, F|281/302 tox\n|-ability|p1a: Granbull|Intimidate|boost\n|-unboost|p2a: Grimmsnarl|atk|1\n|move|p2a: Grimmsnarl|Taunt|p1a: Granbull\n|-start|p1a: Granbull|move: Taunt\n|\n|-heal|p1a: Granbull|299/302 tox|[from] item: Leftovers\n|-damage|p1a: Granbull|281/302 tox|[from] psn\n|upkeep\n|turn|13\n|inactive|Ctannn has 120 seconds left.\n|\n|t:|1782790034\n|switch|p1a: Milotic|Milotic, L83, M|131/293 tox\n|move|p2a: Grimmsnarl|Parting Shot|p1a: Milotic\n|-unboost|p1a: Milotic|atk|1\n|-ability|p1a: Milotic|Competitive|boost\n|-boost|p1a: Milotic|spa|2\n|-unboost|p1a: Milotic|spa|1\n|-ability|p1a: Milotic|Competitive|boost\n|-boost|p1a: Milotic|spa|2\n|\n|t:|1782790041\n|switch|p2a: Zebstrika|Zebstrika, L87, M|136/272|[from] Parting Shot\n|\n|-heal|p1a: Milotic|149/293 tox|[from] item: Leftovers\n|-damage|p1a: Milotic|131/293 tox|[from] psn\n|upkeep\n|turn|14\n|\n|t:|1782790055\n|switch|p1a: Ursaluna|Ursaluna-Bloodmoon, L79, M|308/308\n|move|p2a: Zebstrika|Volt Switch|p1a: Ursaluna\n|-immune|p1a: Ursaluna\n|\n|upkeep\n|turn|15\n|\n|t:|1782790070\n|switch|p2a: Dudunsparce|Dudunsparce-Three-Segment, L83, F|308/343 par\n|move|p1a: Ursaluna|Blood Moon|p2a: Dudunsparce\n|-damage|p2a: Dudunsparce|127/343 par\n|\n|-heal|p2a: Dudunsparce|148/343 par|[from] item: Leftovers\n|upkeep\n|turn|16\n|inactive|Ctannn has 120 seconds left.\n|\n|t:|1782790108\n|switch|p1a: Milotic|Milotic, L83, M|131/293 tox\n|move|p2a: Dudunsparce|Toxic|p1a: Milotic|[miss]\n|-miss|p2a: Dudunsparce|p1a: Milotic\n|\n|-heal|p1a: Milotic|149/293 tox|[from] item: Leftovers\n|-heal|p2a: Dudunsparce|169/343 par|[from] item: Leftovers\n|-damage|p1a: Milotic|131/293 tox|[from] psn\n|upkeep\n|turn|17\n|inactive|skendoendo has 90 seconds left.\n|\n|t:|1782790123\n|move|p1a: Milotic|Recover|p1a: Milotic\n|-heal|p1a: Milotic|278/293 tox\n|move|p2a: Dudunsparce|Roost|p2a: Dudunsparce\n|-heal|p2a: Dudunsparce|341/343 par\n|-singleturn|p2a: Dudunsparce|move: Roost\n|\n|-heal|p1a: Milotic|293/293 tox|[from] item: Leftovers\n|-heal|p2a: Dudunsparce|343/343 par|[from] item: Leftovers\n|-damage|p1a: Milotic|257/293 tox|[from] psn\n|upkeep\n|turn|18\n|\n|t:|1782790128\n|move|p2a: Dudunsparce|Boomburst|p1a: Milotic\n|-crit|p1a: Milotic\n|-damage|p1a: Milotic|98/293 tox\n|move|p1a: Milotic|Dragon Tail|p2a: Dudunsparce\n|-damage|p2a: Dudunsparce|308/343 par\n|drag|p2a: Grimmsnarl|Grimmsnarl, L83, M|293/293\n|\n|-heal|p1a: Milotic|116/293 tox|[from] item: Leftovers\n|-damage|p1a: Milotic|62/293 tox|[from] psn\n|upkeep\n|turn|19\n|inactive|skendoendo has 90 seconds left.\n|\n|t:|1782790164\n|move|p2a: Grimmsnarl|Taunt|p1a: Milotic\n|-start|p1a: Milotic|move: Taunt\n|move|p1a: Milotic|Scald|p2a: Grimmsnarl\n|-damage|p2a: Grimmsnarl|200/293\n|\n|-heal|p1a: Milotic|80/293 tox|[from] item: Leftovers\n|-heal|p2a: Grimmsnarl|218/293|[from] item: Leftovers\n|-damage|p1a: Milotic|8/293 tox|[from] psn\n|upkeep\n|turn|20\n|\n|t:|1782790170\n|move|p1a: Milotic|Scald|p2a: Grimmsnarl\n|-damage|p2a: Grimmsnarl|128/293\n|move|p2a: Grimmsnarl|Spirit Break|p1a: Milotic\n|-damage|p1a: Milotic|0 fnt\n|faint|p1a: Milotic\n|\n|-heal|p2a: Grimmsnarl|146/293|[from] item: Leftovers\n|upkeep\n|inactive|Ctannn has 120 seconds left.\n|\n|t:|1782790191\n|switch|p1a: Granbull|Granbull, L88, F|281/302 tox\n|-ability|p1a: Granbull|Intimidate|boost\n|-unboost|p2a: Grimmsnarl|atk|1\n|turn|21\n|inactive|Ctannn has 120 seconds left.\n|inactive|skendoendo has 90 seconds left.\n|\n|t:|1782790220\n|move|p2a: Grimmsnarl|Parting Shot|p1a: Granbull\n|-unboost|p1a: Granbull|atk|1\n|-unboost|p1a: Granbull|spa|1\n|\n|t:|1782790226\n|switch|p2a: Dudunsparce|Dudunsparce-Three-Segment, L83, F|308/343 par|[from] Parting Shot\n|move|p1a: Granbull|Play Rough|p2a: Dudunsparce\n|-damage|p2a: Dudunsparce|214/343 par\n|\n|-heal|p1a: Granbull|299/302 tox|[from] item: Leftovers\n|-heal|p2a: Dudunsparce|235/343 par|[from] item: Leftovers\n|-damage|p1a: Granbull|281/302 tox|[from] psn\n|upkeep\n|turn|22\n|\n|t:|1782790232\n|move|p1a: Granbull|Play Rough|p2a: Dudunsparce\n|-damage|p2a: Dudunsparce|142/343 par\n|move|p2a: Dudunsparce|Roost|p2a: Dudunsparce\n|-heal|p2a: Dudunsparce|314/343 par\n|-singleturn|p2a: Dudunsparce|move: Roost\n|\n|-heal|p1a: Granbull|299/302 tox|[from] item: Leftovers\n|-heal|p2a: Dudunsparce|335/343 par|[from] item: Leftovers\n|-damage|p1a: Granbull|263/302 tox|[from] psn\n|upkeep\n|turn|23\n|\n|t:|1782790256\n|move|p1a: Granbull|Encore|p2a: Dudunsparce\n|-start|p2a: Dudunsparce|Encore\n|cant|p2a: Dudunsparce|par\n|\n|-heal|p1a: Granbull|281/302 tox|[from] item: Leftovers\n|-heal|p2a: Dudunsparce|343/343 par|[from] item: Leftovers\n|-damage|p1a: Granbull|227/302 tox|[from] psn\n|upkeep\n|turn|24\n|\n|t:|1782790273\n|switch|p1a: Qwilfish|Qwilfish, L86, M|249/252\n|-ability|p1a: Qwilfish|Intimidate|boost\n|-unboost|p2a: Dudunsparce|atk|1\n|-ability|p2a: Dudunsparce|Rattled|boost\n|-boost|p2a: Dudunsparce|spe|1\n|switch|p2a: Farigiraf|Farigiraf, L90, M|239/362 brn\n|\n|-heal|p2a: Farigiraf|261/362 brn|[from] item: Leftovers\n|-damage|p2a: Farigiraf|239/362 brn|[from] brn\n|upkeep\n|turn|25\n|\n|t:|1782790279\n|move|p1a: Qwilfish|Flip Turn|p2a: Farigiraf\n|-damage|p2a: Farigiraf|167/362 brn\n|\n|t:|1782790287\n|switch|p1a: Granbull|Granbull, L88, F|227/302 tox|[from] Flip Turn\n|-ability|p1a: Granbull|Intimidate|boost\n|-unboost|p2a: Farigiraf|atk|1\n|move|p2a: Farigiraf|Wish|p2a: Farigiraf\n|\n|-heal|p2a: Farigiraf|189/362 brn|[from] item: Leftovers\n|-heal|p1a: Granbull|245/302 tox|[from] item: Leftovers\n|-damage|p1a: Granbull|227/302 tox|[from] psn\n|-damage|p2a: Farigiraf|167/362 brn|[from] brn\n|upkeep\n|turn|26\n|inactive|skendoendo has 90 seconds left.\n|\n|t:|1782790307\n|move|p2a: Farigiraf|Psychic Noise|p1a: Granbull\n|-damage|p1a: Granbull|107/302 tox\n|-start|p1a: Granbull|move: Heal Block\n|move|p1a: Granbull|Play Rough|p2a: Farigiraf\n|-damage|p2a: Farigiraf|28/362 brn\n|-unboost|p2a: Farigiraf|atk|1\n|\n|-heal|p2a: Farigiraf|209/362 brn|[from] move: Wish|[wisher] Farigiraf\n|-heal|p2a: Farigiraf|231/362 brn|[from] item: Leftovers\n|-damage|p1a: Granbull|71/302 tox|[from] psn\n|-damage|p2a: Farigiraf|209/362 brn|[from] brn\n|upkeep\n|turn|27\n|\n|t:|1782790313\n|move|p2a: Farigiraf|Wish|p2a: Farigiraf\n|move|p1a: Granbull|Encore|p2a: Farigiraf\n|-start|p2a: Farigiraf|Encore\n|\n|-heal|p2a: Farigiraf|231/362 brn|[from] item: Leftovers\n|-damage|p1a: Granbull|17/302 tox|[from] psn\n|-damage|p2a: Farigiraf|209/362 brn|[from] brn\n|-end|p1a: Granbull|move: Heal Block\n|upkeep\n|turn|28\n|inactive|skendoendo has 90 seconds left.\n|\n|t:|1782790324\n|switch|p2a: Grimmsnarl|Grimmsnarl, L83, M|146/293\n|move|p1a: Granbull|Play Rough|p2a: Grimmsnarl\n|-supereffective|p2a: Grimmsnarl\n|-damage|p2a: Grimmsnarl|0 fnt\n|faint|p2a: Grimmsnarl\n|\n|-heal|p1a: Granbull|35/302 tox|[from] item: Leftovers\n|-damage|p1a: Granbull|0 fnt|[from] psn\n|faint|p1a: Granbull\n|upkeep\n|inactive|skendoendo has 90 seconds left.\n|\n|t:|1782790348\n|switch|p2a: Dudunsparce|Dudunsparce-Three-Segment, L83, F|343/343 par\n|switch|p1a: Qwilfish|Qwilfish, L86, M|249/252\n|-ability|p1a: Qwilfish|Intimidate|boost\n|-unboost|p2a: Dudunsparce|atk|1\n|-ability|p2a: Dudunsparce|Rattled|boost\n|-boost|p2a: Dudunsparce|spe|1\n|turn|29\n|inactive|skendoendo has 90 seconds left.\n|\n|t:|1782790358\n|move|p1a: Qwilfish|Gunk Shot|p2a: Dudunsparce\n|-damage|p2a: Dudunsparce|195/343 par\n|move|p2a: Dudunsparce|Boomburst|p1a: Qwilfish\n|-damage|p1a: Qwilfish|78/252\n|\n|-heal|p2a: Dudunsparce|216/343 par|[from] item: Leftovers\n|upkeep\n|turn|30\n|\n|t:|1782790365\n|move|p1a: Qwilfish|Gunk Shot|p2a: Dudunsparce\n|-damage|p2a: Dudunsparce|81/343 par\n|move|p2a: Dudunsparce|Roost|p2a: Dudunsparce\n|-heal|p2a: Dudunsparce|253/343 par\n|-singleturn|p2a: Dudunsparce|move: Roost\n|\n|-heal|p2a: Dudunsparce|274/343 par|[from] item: Leftovers\n|upkeep\n|turn|31\n|\n|t:|1782790368\n|move|p1a: Qwilfish|Pain Split|p2a: Dudunsparce\n|-sethp|p2a: Dudunsparce|176/343 par|[from] move: Pain Split|[silent]\n|-sethp|p1a: Qwilfish|176/252|[from] move: Pain Split\n|cant|p2a: Dudunsparce|par\n|\n|-heal|p2a: Dudunsparce|197/343 par|[from] item: Leftovers\n|upkeep\n|turn|32\n|\n|t:|1782790372\n|move|p1a: Qwilfish|Gunk Shot|p2a: Dudunsparce|[miss]\n|-miss|p1a: Qwilfish|p2a: Dudunsparce\n|move|p2a: Dudunsparce|Roost|p2a: Dudunsparce\n|-heal|p2a: Dudunsparce|343/343 par\n|-singleturn|p2a: Dudunsparce|move: Roost\n|\n|upkeep\n|turn|33\n|\n|t:|1782790376\n|move|p1a: Qwilfish|Pain Split|p2a: Dudunsparce\n|-sethp|p2a: Dudunsparce|259/343 par|[from] move: Pain Split|[silent]\n|-sethp|p1a: Qwilfish|252/252|[from] move: Pain Split\n|move|p2a: Dudunsparce|Boomburst|p1a: Qwilfish\n|-damage|p1a: Qwilfish|80/252\n|\n|-heal|p2a: Dudunsparce|280/343 par|[from] item: Leftovers\n|upkeep\n|turn|34\n|\n|t:|1782790382\n|move|p1a: Qwilfish|Pain Split|p2a: Dudunsparce\n|-sethp|p2a: Dudunsparce|180/343 par|[from] move: Pain Split|[silent]\n|-sethp|p1a: Qwilfish|180/252|[from] move: Pain Split\n|move|p2a: Dudunsparce|Boomburst|p1a: Qwilfish\n|-damage|p1a: Qwilfish|9/252\n|\n|-heal|p2a: Dudunsparce|201/343 par|[from] item: Leftovers\n|upkeep\n|turn|35\n|\n|t:|1782790391\n|move|p1a: Qwilfish|Pain Split|p2a: Dudunsparce\n|-sethp|p2a: Dudunsparce|105/343 par|[from] move: Pain Split|[silent]\n|-sethp|p1a: Qwilfish|105/252|[from] move: Pain Split\n|move|p2a: Dudunsparce|Boomburst|p1a: Qwilfish\n|-damage|p1a: Qwilfish|0 fnt\n|faint|p1a: Qwilfish\n|\n|-heal|p2a: Dudunsparce|126/343 par|[from] item: Leftovers\n|upkeep\n|\n|t:|1782790399\n|switch|p1a: Ursaluna|Ursaluna-Bloodmoon, L79, M|308/308\n|turn|36\n|\n|t:|1782790407\n|move|p1a: Ursaluna|Blood Moon|p2a: Dudunsparce\n|-damage|p2a: Dudunsparce|0 fnt\n|faint|p2a: Dudunsparce\n|\n|upkeep\n|\n|t:|1782790418\n|switch|p2a: Comfey|Comfey, L85, M|225/225\n|turn|37\n|\n|t:|1782790431\n|switch|p1a: Mewtwo|Mewtwo, L72|272/272\n|-ability|p1a: Mewtwo|Pressure\n|move|p2a: Comfey|Calm Mind|p2a: Comfey\n|-boost|p2a: Comfey|spa|1\n|-boost|p2a: Comfey|spd|1\n|\n|upkeep\n|turn|38\n|inactive|skendoendo has 120 seconds left.\n|\n|t:|1782790467\n|move|p2a: Comfey|Draining Kiss|p1a: Mewtwo\n|-damage|p1a: Mewtwo|191/272\n|move|p1a: Mewtwo|Nasty Plot|p1a: Mewtwo\n|-boost|p1a: Mewtwo|spa|2\n|\n|upkeep\n|turn|39\n|\n|t:|1782790472\n|move|p2a: Comfey|Draining Kiss|p1a: Mewtwo\n|-damage|p1a: Mewtwo|103/272\n|move|p1a: Mewtwo|Psystrike|p2a: Comfey\n|-damage|p2a: Comfey|0 fnt\n|faint|p2a: Comfey\n|-damage|p1a: Mewtwo|76/272|[from] item: Life Orb\n|\n|upkeep\n|\n|t:|1782790475\n|switch|p2a: Zebstrika|Zebstrika, L87, M|136/272\n|turn|40\n|\n|t:|1782790484\n|switch|p1a: Ursaluna|Ursaluna-Bloodmoon, L79, M|308/308\n|move|p2a: Zebstrika|High Horsepower|p1a: Ursaluna\n|-damage|p1a: Ursaluna|224/308\n|-damage|p2a: Zebstrika|109/272|[from] item: Life Orb\n|\n|-heal|p1a: Ursaluna|243/308|[from] item: Leftovers\n|upkeep\n|turn|41\n|\n|t:|1782790494\n|switch|p2a: Farigiraf|Farigiraf, L90, M|209/362 brn\n|move|p1a: Ursaluna|Moonlight|p1a: Ursaluna\n|-heal|p1a: Ursaluna|308/308\n|\n|-heal|p2a: Farigiraf|231/362 brn|[from] item: Leftovers\n|-damage|p2a: Farigiraf|209/362 brn|[from] brn\n|upkeep\n|turn|42\n|\n|t:|1782790501\n|move|p2a: Farigiraf|Body Slam|p1a: Ursaluna\n|-damage|p1a: Ursaluna|265/308\n|move|p1a: Ursaluna|Calm Mind|p1a: Ursaluna\n|-boost|p1a: Ursaluna|spa|1\n|-boost|p1a: Ursaluna|spd|1\n|\n|-heal|p2a: Farigiraf|231/362 brn|[from] item: Leftovers\n|-heal|p1a: Ursaluna|284/308|[from] item: Leftovers\n|-damage|p2a: Farigiraf|209/362 brn|[from] brn\n|upkeep\n|turn|43\n|\n|t:|1782790505\n|move|p2a: Farigiraf|Body Slam|p1a: Ursaluna\n|-damage|p1a: Ursaluna|241/308\n|move|p1a: Ursaluna|Blood Moon|p2a: Farigiraf\n|-damage|p2a: Farigiraf|0 fnt\n|faint|p2a: Farigiraf\n|\n|-heal|p1a: Ursaluna|260/308|[from] item: Leftovers\n|upkeep\n|\n|t:|1782790510\n|switch|p2a: Zebstrika|Zebstrika, L87, M|109/272\n|turn|44\n|\n|t:|1782790514\n|-terastallize|p2a: Zebstrika|Ground\n|move|p2a: Zebstrika|High Horsepower|p1a: Ursaluna\n|-damage|p1a: Ursaluna|131/308\n|-damage|p2a: Zebstrika|82/272|[from] item: Life Orb\n|move|p1a: Ursaluna|Moonlight|p1a: Ursaluna\n|-heal|p1a: Ursaluna|285/308\n|\n|-heal|p1a: Ursaluna|304/308|[from] item: Leftovers\n|upkeep\n|turn|45\n|\n|t:|1782790520\n|move|p2a: Zebstrika|High Horsepower|p1a: Ursaluna\n|-damage|p1a: Ursaluna|174/308\n|-damage|p2a: Zebstrika|55/272|[from] item: Life Orb\n|move|p1a: Ursaluna|Moonlight|p1a: Ursaluna\n|-heal|p1a: Ursaluna|308/308\n|\n|upkeep\n|turn|46\n|\n|t:|1782790524\n|move|p1a: Ursaluna|Vacuum Wave|p2a: Zebstrika\n|-damage|p2a: Zebstrika|0 fnt\n|faint|p2a: Zebstrika\n|\n|upkeep\n|\n|t:|1782790526\n|switch|p2a: Zekrom|Zekrom, L71|259/259\n|-ability|p2a: Zekrom|Teravolt\n|turn|47\n|\n|t:|1782790535\n|move|p2a: Zekrom|Outrage|p1a: Ursaluna\n|-damage|p1a: Ursaluna|202/308\n|move|p1a: Ursaluna|Blood Moon|p2a: Zekrom\n|-damage|p2a: Zekrom|6/259\n|\n|-heal|p2a: Zekrom|22/259|[from] item: Leftovers\n|-heal|p1a: Ursaluna|221/308|[from] item: Leftovers\n|upkeep\n|turn|48\n|\n|t:|1782790539\n|move|p1a: Ursaluna|Vacuum Wave|p2a: Zekrom\n|-damage|p2a: Zekrom|0 fnt\n|faint|p2a: Zekrom\n|\n|win|Ctannn\n", "inputlog": ">version f8ac14003a5f27e1bdc8d8c59608a773c1cb96e5\n>start {\"formatid\":\"gen9randombattle\",\"seed\":\"sodium,60e4c3a77fb13d5bd25f36012338023e\",\"rated\":\"Rated battle\"}\n>player p1 {\"name\":\"Ctannn\",\"avatar\":\"170\",\"rating\":2048,\"seed\":\"sodium,93ec2e2156c6da3ac4f27bf985495d09\"}\n>player p2 {\"name\":\"skendoendo\",\"avatar\":\"juggler\",\"rating\":2077,\"seed\":\"sodium,bd5556de6c3e0b6f9111fb4d3a4f8a30\"}\n>p1 switch 4\n>p2 switch 4\n>p1 switch 2\n>p2 move supercellslam\n>p1 switch 2\n>p2 switch 5\n>p1 move thunderwave\n>p2 move earthquake\n>p1 move painsplit\n>p2 move earthquake\n>p1 switch 5\n>p2 move earthquake\n>p1 move playrough\n>p2 move toxic\n>p1 switch 3\n>p2 move roost\n>p1 move dragontail\n>p2 move toxic\n>p1 move scald\n>p2 move wish\n>p1 move dragontail\n>p2 move psychicnoise\n>p1 switch 3\n>p2 move taunt\n>p1 switch 3\n>p2 move partingshot\n>p2 switch 5\n>p1 switch 2\n>p2 move voltswitch\n>p1 move bloodmoon\n>p2 switch 6\n>p1 switch 2\n>p2 move toxic\n>p1 move recover\n>p2 move roost\n>p1 move dragontail\n>p2 move boomburst\n>p1 move scald\n>p2 move taunt\n>p1 move scald\n>p2 move spiritbreak\n>p1 switch 3\n>p1 move playrough\n>p2 move partingshot\n>p2 switch 5\n>p1 move playrough\n>p2 move roost\n>p1 move encore\n>p2 move boomburst\n>p1 switch 5\n>p2 switch 2\n>p1 move flipturn\n>p2 move wish\n>p1 switch 5\n>p1 move playrough\n>p2 move psychicnoise\n>p1 move encore\n>p2 move wish\n>p1 move playrough\n>p2 switch 5\n>p1 switch 5\n>p2 switch 2\n>p1 move gunkshot\n>p2 move boomburst\n>p1 move gunkshot\n>p2 move roost\n>p1 move painsplit\n>p2 move boomburst\n>p1 move gunkshot\n>p2 move roost\n>p1 move painsplit\n>p2 move boomburst\n>p1 move painsplit\n>p2 move boomburst\n>p1 move painsplit\n>p2 move boomburst\n>p1 switch 2\n>p1 move bloodmoon\n>p2 move toxic\n>p2 switch 4\n>p1 switch 6\n>p2 move calmmind\n>p1 move nastyplot\n>p2 move drainingkiss\n>p1 move psystrike\n>p2 move drainingkiss\n>p2 switch 6\n>p1 switch 6\n>p2 move highhorsepower\n>p1 move moonlight\n>p2 switch 5\n>p1 move calmmind\n>p2 move bodyslam\n>p1 move bloodmoon\n>p2 move bodyslam\n>p2 switch 5\n>p1 move moonlight\n>p2 move highhorsepower terastallize\n>p1 move moonlight\n>p2 move highhorsepower\n>p1 move vacuumwave\n>p2 move highhorsepower\n>p2 switch 3\n>p1 move bloodmoon\n>p2 move outrage\n>p1 move vacuumwave\n>p2 move outrage", "uploadtime": 1782789709, "views": 4, "formatid": "gen9randombattle", "rating": null, "private": 0, "password": null, "player_dets": [{"name": "Ctannn", "avatar": "170", "rating": 2048, "seed": "sodium,93ec2e2156c6da3ac4f27bf985495d09"}, {"name": "skendoendo", "avatar": "juggler", "rating": 2077, "seed": "sodium,bd5556de6c3e0b6f9111fb4d3a4f8a30"}], "teams_full": [{"Weezing": {"name": "Weezing", "species": "Weezing-Galar", "speciesId": "weezinggalar", "gender": "F", "shiny": false, "level": 86, "moves": ["defog", "gunkshot", "strangesteam", "fireblast"], "ability": "Levitate", "evs": {"hp": 85, "atk": 85, "def": 85, "spa": 85, "spd": 85, "spe": 85}, "ivs": {"hp": 31, "atk": 31, "def": 31, "spa": 31, "spd": 31, "spe": 31}, "item": "Leftovers", "teraType": "Steel", "role": "Bulky Support", "bvs": {"hp": 65, "atk": 90, "def": 120, "spa": 85, "spd": 70, "spe": 60}, "stats": {"hp": 252, "atk": 204, "def": 256, "spa": 195, "spd": 170, "spe": 152}, "types": ["Poison", "Fairy"]}, "Ursaluna": {"name": "Ursaluna", "species": "Ursaluna-Bloodmoon", "speciesId": "ursalunabloodmoon", "gender": "M", "shiny": false, "level": 79, "moves": ["moonlight", "calmmind", "bloodmoon", "vacuumwave"], "ability": "Mind's Eye", "evs": {"hp": 85, "atk": 0, "def": 85, "spa": 85, "spd": 85, "spe": 85}, "ivs": {"hp": 31, "atk": 0, "def": 31, "spa": 31, "spd": 31, "spe": 31}, "item": "Leftovers", "teraType": "Poison", "role": "Bulky Setup", "bvs": {"hp": 113, "atk": 70, "def": 120, "spa": 135, "spd": 65, "spe": 52}, "stats": {"hp": 308, "atk": 115, "def": 235, "spa": 259, "spd": 148, "spe": 128}, "types": ["Ground", "Normal"]}, "Milotic": {"name": "Milotic", "species": "Milotic", "speciesId": "milotic", "gender": "M", "shiny": false, "level": 83, "moves": ["recover", "dragontail", "scald", "icebeam"], "ability": "Competitive", "evs": {"hp": 85, "atk": 85, "def": 85, "spa": 85, "spd": 85, "spe": 85}, "ivs": {"hp": 31, "atk": 31, "def": 31, "spa": 31, "spd": 31, "spe": 31}, "item": "Leftovers", "teraType": "Dragon", "role": "Bulky Attacker", "bvs": {"hp": 95, "atk": 60, "def": 79, "spa": 100, "spd": 125, "spe": 81}, "stats": {"hp": 293, "atk": 147, "def": 179, "spa": 214, "spd": 255, "spe": 182}, "types": ["Water"]}, "Qwilfish": {"name": "Qwilfish", "species": "Qwilfish", "speciesId": "qwilfish", "gender": "M", "shiny": false, "level": 86, "moves": ["thunderwave", "flipturn", "gunkshot", "painsplit"], "ability": "Intimidate", "evs": {"hp": 85, "atk": 85, "def": 85, "spa": 85, "spd": 85, "spe": 85}, "ivs": {"hp": 31, "atk": 31, "def": 31, "spa": 31, "spd": 31, "spe": 31}, "item": "Heavy-Duty Boots", "teraType": "Grass", "role": "Fast Support", "bvs": {"hp": 65, "atk": 95, "def": 85, "spa": 55, "spd": 55, "spe": 85}, "stats": {"hp": 252, "atk": 213, "def": 195, "spa": 144, "spd": 144, "spe": 195}, "types": ["Water", "Poison"]}, "Granbull": {"name": "Granbull", "species": "Granbull", "speciesId": "granbull", "gender": "F", "shiny": false, "level": 88, "moves": ["earthquake", "encore", "thunderwave", "playrough"], "ability": "Intimidate", "evs": {"hp": 85, "atk": 85, "def": 85, "spa": 85, "spd": 85, "spe": 85}, "ivs": {"hp": 31, "atk": 31, "def": 31, "spa": 31, "spd": 31, "spe": 31}, "item": "Leftovers", "teraType": "Ground", "role": "Bulky Attacker", "bvs": {"hp": 90, "atk": 120, "def": 75, "spa": 60, "spd": 60, "spe": 45}, "stats": {"hp": 302, "atk": 261, "def": 182, "spa": 156, "spd": 156, "spe": 129}, "types": ["Fairy"]}, "Mewtwo": {"name": "Mewtwo", "species": "Mewtwo", "speciesId": "mewtwo", "gender": "N", "shiny": false, "level": 72, "moves": ["psystrike", "aurasphere", "recover", "nastyplot"], "ability": "Pressure", "evs": {"hp": 85, "atk": 0, "def": 85, "spa": 85, "spd": 85, "spe": 85}, "ivs": {"hp": 31, "atk": 0, "def": 31, "spa": 31, "spd": 31, "spe": 31}, "item": "Life Orb", "teraType": "Psychic", "role": "Setup Sweeper", "bvs": {"hp": 106, "atk": 110, "def": 90, "spa": 154, "spd": 90, "spe": 130}, "stats": {"hp": 272, "atk": 163, "def": 172, "spa": 264, "spd": 172, "spe": 229}, "types": ["Psychic"]}}, {"Comfey": {"name": "Comfey", "species": "Comfey", "speciesId": "comfey", "gender": "M", "shiny": false, "level": 85, "moves": ["synthesis", "terablast", "drainingkiss", "calmmind"], "ability": "Triage", "evs": {"hp": 85, "atk": 0, "def": 85, "spa": 85, "spd": 85, "spe": 85}, "ivs": {"hp": 31, "atk": 0, "def": 31, "spa": 31, "spd": 31, "spe": 31}, "item": "Leftovers", "teraType": "Ground", "role": "Tera Blast user", "bvs": {"hp": 51, "atk": 52, "def": 90, "spa": 82, "spd": 110, "spe": 100}, "stats": {"hp": 225, "atk": 93, "def": 202, "spa": 188, "spd": 236, "spe": 219}, "types": ["Fairy"]}, "Grimmsnarl": {"name": "Grimmsnarl", "species": "Grimmsnarl", "speciesId": "grimmsnarl", "gender": "M", "shiny": false, "level": 83, "moves": ["partingshot", "spiritbreak", "suckerpunch", "taunt"], "ability": "Prankster", "evs": {"hp": 85, "atk": 85, "def": 85, "spa": 85, "spd": 85, "spe": 85}, "ivs": {"hp": 31, "atk": 31, "def": 31, "spa": 31, "spd": 31, "spe": 31}, "item": "Leftovers", "teraType": "Steel", "role": "Bulky Attacker", "bvs": {"hp": 95, "atk": 120, "def": 65, "spa": 95, "spd": 75, "spe": 60}, "stats": {"hp": 293, "atk": 247, "def": 156, "spa": 205, "spd": 172, "spe": 147}, "types": ["Dark", "Fairy"]}, "Zekrom": {"name": "Zekrom", "species": "Zekrom", "speciesId": "zekrom", "gender": "N", "shiny": false, "level": 71, "moves": ["dragondance", "outrage", "substitute", "boltstrike"], "ability": "Teravolt", "evs": {"hp": 85, "atk": 85, "def": 85, "spa": 85, "spd": 85, "spe": 85}, "ivs": {"hp": 31, "atk": 31, "def": 31, "spa": 31, "spd": 31, "spe": 31}, "item": "Leftovers", "teraType": "Steel", "role": "Setup Sweeper", "bvs": {"hp": 100, "atk": 150, "def": 120, "spa": 120, "spd": 100, "spe": 90}, "stats": {"hp": 259, "atk": 254, "def": 212, "spa": 212, "spd": 183, "spe": 169}, "types": ["Dragon", "Electric"]}, "Zebstrika": {"name": "Zebstrika", "species": "Zebstrika", "speciesId": "zebstrika", "gender": "M", "shiny": false, "level": 87, "moves": ["highhorsepower", "voltswitch", "supercellslam", "overheat"], "ability": "Sap Sipper", "evs": {"hp": 85, "atk": 85, "def": 85, "spa": 85, "spd": 85, "spe": 85}, "ivs": {"hp": 31, "atk": 31, "def": 31, "spa": 31, "spd": 31, "spe": 31}, "item": "Life Orb", "teraType": "Ground", "role": "Fast Attacker", "bvs": {"hp": 75, "atk": 100, "def": 63, "spa": 80, "spd": 63, "spe": 116}, "stats": {"hp": 272, "atk": 224, "def": 159, "spa": 189, "spd": 159, "spe": 252}, "types": ["Electric"]}, "Dudunsparce": {"name": "Dudunsparce", "species": "Dudunsparce-Three-Segment", "speciesId": "dudunsparce", "gender": "F", "shiny": false, "level": 83, "moves": ["roost", "earthquake", "boomburst", "toxic"], "ability": "Rattled", "evs": {"hp": 85, "atk": 85, "def": 85, "spa": 85, "spd": 85, "spe": 85}, "ivs": {"hp": 31, "atk": 31, "def": 31, "spa": 31, "spd": 31, "spe": 31}, "item": "Leftovers", "teraType": "Ground", "role": "Bulky Attacker", "bvs": {"hp": 125, "atk": 100, "def": 80, "spa": 85, "spd": 75, "spe": 55}, "stats": {"hp": 343, "atk": 214, "def": 180, "spa": 189, "spd": 172, "spe": 139}, "types": ["Normal"]}, "Farigiraf": {"name": "Farigiraf", "species": "Farigiraf", "speciesId": "farigiraf", "gender": "M", "shiny": false, "level": 90, "moves": ["bodyslam", "protect", "psychicnoise", "wish"], "ability": "Sap Sipper", "evs": {"hp": 85, "atk": 85, "def": 85, "spa": 85, "spd": 85, "spe": 85}, "ivs": {"hp": 31, "atk": 31, "def": 31, "spa": 31, "spd": 31, "spe": 31}, "item": "Leftovers", "teraType": "Ground", "role": "Bulky Support", "bvs": {"hp": 120, "atk": 90, "def": 70, "spa": 110, "spd": 70, "spe": 60}, "stats": {"hp": 362, "atk": 213, "def": 177, "spa": 249, "spd": 177, "spe": 159}, "types": ["Normal", "Psychic"]}}]}