{"id": "gen9randombattle-2641104939", "format": "[Gen 9] Random Battle", "players": ["zicafeliped", "EIKICHI OUHNIZUKA"], "log": "|badge|p1|bronze|gen9randombattle|100-9\n|html|<div class=\"broadcast-red\"><strong>This battle is required to be public due to one or more player having a season medal.</strong><br />During the public phase, you can discuss the state of the ladder <a href=\"/seasondiscussion\">in a special chatroom.</a></div>\n|uhtml|medal-msg|<div class=\"broadcast-blue\">Curious what those medals under the avatar are? PS now has Ladder Seasons! For more information, check out the <a href=\"https://www.smogon.com/forums/threads/3740067/\">thread on Smogon.</a></div>\n|badge|p2|bronze|gen9randombattle|100-9\n|uhtml|medal-msg|<div class=\"broadcast-blue\">Curious what those medals under the avatar are? PS now has Ladder Seasons! For more information, check out the <a href=\"https://www.smogon.com/forums/threads/3740067/\">thread on Smogon.</a></div>\n|j|\u2606zicafeliped\n|j|\u203dEIKICHI OUHNIZUKA\n|t:|1782741017\n|gametype|singles\n|player|p1|zicafeliped|beauty-gen4dp|2315\n|player|p2|EIKICHI OUHNIZUKA|elm|2348\n|gen|9\n|tier|[Gen 9] Random Battle\n|rated|\n|rule|Species Clause: Limit one of each Pok\u00e9mon\n|rule|HP Percentage Mod: HP is shown in percentages\n|rule|Sleep Clause Mod: Limit one foe put to sleep\n|rule|Illusion Level Mod: Illusion disguises the Pok\u00e9mon's true level\n|\n|t:|1782741017\n|teamsize|p1|6\n|teamsize|p2|6\n|start\n|switch|p1a: Typhlosion|Typhlosion, L84, M|267/267\n|switch|p2a: Tauros|Tauros-Paldea-Combat, L82, M|257/257\n|-ability|p2a: Tauros|Intimidate|boost\n|-unboost|p1a: Typhlosion|atk|1\n|turn|1\n|inactive|Battle timer is ON: inactive players will automatically lose when time's up. (requested by zicafeliped)\n|\n|t:|1782741025\n|move|p1a: Typhlosion|Eruption|p2a: Tauros\n|-damage|p2a: Tauros|0 fnt\n|faint|p2a: Tauros\n|\n|upkeep\n|\n|t:|1782741032\n|switch|p2a: Hypno|Hypno, L95, F|315/315\n|turn|2\n|\n|t:|1782741037\n|switch|p1a: Brute Bonnet|Brute Bonnet, L80|309/309\n|move|p2a: Hypno|Knock Off|p1a: Brute Bonnet\n|-resisted|p1a: Brute Bonnet\n|-damage|p1a: Brute Bonnet|275/309\n|-enditem|p1a: Brute Bonnet|Leftovers|[from] move: Knock Off|[of] p2a: Hypno\n|\n|upkeep\n|turn|3\n|\n|t:|1782741044\n|switch|p2a: Whimsicott|Whimsicott, L84, F|238/238\n|move|p1a: Brute Bonnet|Crunch|p2a: Whimsicott\n|-resisted|p2a: Whimsicott\n|-damage|p2a: Whimsicott|186/238\n|\n|-heal|p2a: Whimsicott|200/238|[from] item: Leftovers\n|upkeep\n|turn|4\n|\n|t:|1782741050\n|-end|p1a: Brute Bonnet|Protosynthesis|[silent]\n|switch|p1a: Chansey|Chansey, L85, F|564/564\n|move|p2a: Whimsicott|Substitute|p2a: Whimsicott\n|-start|p2a: Whimsicott|Substitute\n|-damage|p2a: Whimsicott|141/238\n|\n|-heal|p2a: Whimsicott|155/238|[from] item: Leftovers\n|upkeep\n|turn|5\n|\n|t:|1782741053\n|move|p2a: Whimsicott|Leech Seed|p1a: Chansey\n|-start|p1a: Chansey|move: Leech Seed\n|move|p1a: Chansey|Seismic Toss|p2a: Whimsicott\n|-end|p2a: Whimsicott|Substitute\n|\n|-heal|p2a: Whimsicott|169/238|[from] item: Leftovers\n|-damage|p1a: Chansey|494/564|[from] Leech Seed|[of] p2a: Whimsicott\n|-heal|p2a: Whimsicott|238/238|[silent]\n|upkeep\n|turn|6\n|\n|t:|1782741065\n|switch|p1a: Zacian|Zacian-Crowned, L64|225/225\n|-ability|p1a: Zacian|Intrepid Sword|boost\n|-boost|p1a: Zacian|atk|1\n|move|p2a: Whimsicott|Substitute|p2a: Whimsicott\n|-start|p2a: Whimsicott|Substitute\n|-damage|p2a: Whimsicott|179/238\n|\n|-heal|p2a: Whimsicott|193/238|[from] item: Leftovers\n|upkeep\n|turn|7\n|\n|t:|1782741069\n|move|p2a: Whimsicott|Leech Seed|p1a: Zacian\n|-start|p1a: Zacian|move: Leech Seed\n|move|p1a: Zacian|Behemoth Blade|p2a: Whimsicott\n|-supereffective|p2a: Whimsicott\n|-end|p2a: Whimsicott|Substitute\n|\n|-heal|p2a: Whimsicott|207/238|[from] item: Leftovers\n|-damage|p1a: Zacian|197/225|[from] Leech Seed|[of] p2a: Whimsicott\n|-heal|p2a: Whimsicott|235/238|[silent]\n|upkeep\n|turn|8\n|\n|t:|1782741085\n|switch|p1a: Chansey|Chansey, L85, F|494/564\n|move|p2a: Whimsicott|Substitute|p2a: Whimsicott\n|-start|p2a: Whimsicott|Substitute\n|-damage|p2a: Whimsicott|176/238\n|\n|-heal|p2a: Whimsicott|190/238|[from] item: Leftovers\n|upkeep\n|turn|9\n|\n|t:|1782741089\n|move|p2a: Whimsicott|Leech Seed|p1a: Chansey\n|-start|p1a: Chansey|move: Leech Seed\n|move|p1a: Chansey|Seismic Toss|p2a: Whimsicott\n|-end|p2a: Whimsicott|Substitute\n|\n|-heal|p2a: Whimsicott|204/238|[from] item: Leftovers\n|-damage|p1a: Chansey|424/564|[from] Leech Seed|[of] p2a: Whimsicott\n|-heal|p2a: Whimsicott|238/238|[silent]\n|upkeep\n|turn|10\n|\n|t:|1782741093\n|switch|p1a: Brute Bonnet|Brute Bonnet, L80|275/309\n|move|p2a: Whimsicott|Substitute|p2a: Whimsicott\n|-start|p2a: Whimsicott|Substitute\n|-damage|p2a: Whimsicott|179/238\n|\n|-heal|p2a: Whimsicott|193/238|[from] item: Leftovers\n|upkeep\n|turn|11\n|\n|t:|1782741100\n|-end|p1a: Brute Bonnet|Protosynthesis|[silent]\n|switch|p1a: Chansey|Chansey, L85, F|424/564\n|move|p2a: Whimsicott|Moonblast|p1a: Chansey\n|-damage|p1a: Chansey|373/564\n|\n|-heal|p2a: Whimsicott|207/238|[from] item: Leftovers\n|upkeep\n|turn|12\n|\n|t:|1782741105\n|move|p2a: Whimsicott|Leech Seed|p1a: Chansey\n|-start|p1a: Chansey|move: Leech Seed\n|move|p1a: Chansey|Seismic Toss|p2a: Whimsicott\n|-end|p2a: Whimsicott|Substitute\n|\n|-heal|p2a: Whimsicott|221/238|[from] item: Leftovers\n|-damage|p1a: Chansey|303/564|[from] Leech Seed|[of] p2a: Whimsicott\n|-heal|p2a: Whimsicott|238/238|[silent]\n|upkeep\n|turn|13\n|\n|t:|1782741109\n|move|p2a: Whimsicott|Substitute|p2a: Whimsicott\n|-start|p2a: Whimsicott|Substitute\n|-damage|p2a: Whimsicott|179/238\n|move|p1a: Chansey|Soft-Boiled|p1a: Chansey\n|-heal|p1a: Chansey|564/564\n|\n|-heal|p2a: Whimsicott|193/238|[from] item: Leftovers\n|-damage|p1a: Chansey|494/564|[from] Leech Seed|[of] p2a: Whimsicott\n|-heal|p2a: Whimsicott|238/238|[silent]\n|upkeep\n|turn|14\n|\n|t:|1782741116\n|move|p2a: Whimsicott|Moonblast|p1a: Chansey\n|-damage|p1a: Chansey|445/564\n|-unboost|p1a: Chansey|spa|1\n|move|p1a: Chansey|Seismic Toss|p2a: Whimsicott\n|-end|p2a: Whimsicott|Substitute\n|\n|-damage|p1a: Chansey|375/564|[from] Leech Seed|[of] p2a: Whimsicott\n|upkeep\n|turn|15\n|\n|t:|1782741123\n|switch|p1a: Zacian|Zacian-Crowned, L64|197/225\n|move|p2a: Whimsicott|Substitute|p2a: Whimsicott\n|-start|p2a: Whimsicott|Substitute\n|-damage|p2a: Whimsicott|179/238\n|\n|-heal|p2a: Whimsicott|193/238|[from] item: Leftovers\n|upkeep\n|turn|16\n|\n|t:|1782741130\n|switch|p1a: Brute Bonnet|Brute Bonnet, L80|275/309\n|move|p2a: Whimsicott|Leech Seed|p1a: Brute Bonnet\n|-immune|p1a: Brute Bonnet\n|\n|-heal|p2a: Whimsicott|207/238|[from] item: Leftovers\n|upkeep\n|turn|17\n|\n|t:|1782741138\n|-end|p1a: Brute Bonnet|Protosynthesis|[silent]\n|switch|p1a: Chansey|Chansey, L85, F|375/564\n|move|p2a: Whimsicott|Moonblast|p1a: Chansey\n|-damage|p1a: Chansey|329/564\n|-unboost|p1a: Chansey|spa|1\n|\n|-heal|p2a: Whimsicott|221/238|[from] item: Leftovers\n|upkeep\n|turn|18\n|\n|t:|1782741147\n|move|p2a: Whimsicott|Leech Seed|p1a: Chansey\n|-start|p1a: Chansey|move: Leech Seed\n|move|p1a: Chansey|Seismic Toss|p2a: Whimsicott\n|-end|p2a: Whimsicott|Substitute\n|\n|-heal|p2a: Whimsicott|235/238|[from] item: Leftovers\n|-damage|p1a: Chansey|259/564|[from] Leech Seed|[of] p2a: Whimsicott\n|-heal|p2a: Whimsicott|238/238|[silent]\n|upkeep\n|turn|19\n|\n|t:|1782741152\n|move|p2a: Whimsicott|Encore|p1a: Chansey\n|-start|p1a: Chansey|Encore\n|move|p1a: Chansey|Seismic Toss|p2a: Whimsicott\n|-damage|p2a: Whimsicott|153/238\n|\n|-heal|p2a: Whimsicott|167/238|[from] item: Leftovers\n|-damage|p1a: Chansey|189/564|[from] Leech Seed|[of] p2a: Whimsicott\n|-heal|p2a: Whimsicott|237/238|[silent]\n|upkeep\n|turn|20\n|\n|t:|1782741158\n|switch|p1a: Zacian|Zacian-Crowned, L64|197/225\n|move|p2a: Whimsicott|Substitute|p2a: Whimsicott\n|-start|p2a: Whimsicott|Substitute\n|-damage|p2a: Whimsicott|178/238\n|\n|-heal|p2a: Whimsicott|192/238|[from] item: Leftovers\n|upkeep\n|turn|21\n|\n|t:|1782741163\n|move|p2a: Whimsicott|Moonblast|p1a: Zacian\n|-resisted|p1a: Zacian\n|-damage|p1a: Zacian|155/225\n|move|p1a: Zacian|Behemoth Blade|p2a: Whimsicott\n|-supereffective|p2a: Whimsicott\n|-end|p2a: Whimsicott|Substitute\n|\n|-heal|p2a: Whimsicott|206/238|[from] item: Leftovers\n|upkeep\n|turn|22\n|\n|t:|1782741167\n|switch|p2a: Salazzle|Salazzle, L83, F|249/249\n|move|p1a: Zacian|Behemoth Blade|p2a: Salazzle\n|-resisted|p2a: Salazzle\n|-damage|p2a: Salazzle|187/249\n|\n|-heal|p2a: Salazzle|202/249|[from] item: Leftovers\n|upkeep\n|turn|23\n|\n|t:|1782741175\n|switch|p2a: Honchkrow|Honchkrow, L86, M|312/312\n|switch|p1a: Chansey|Chansey, L85, F|189/564\n|\n|upkeep\n|turn|24\n|\n|t:|1782741181\n|switch|p1a: Zacian|Zacian-Crowned, L64|155/225\n|move|p2a: Honchkrow|Brave Bird|p1a: Zacian\n|-resisted|p1a: Zacian\n|-damage|p1a: Zacian|63/225\n|-damage|p2a: Honchkrow|282/312|[from] Recoil\n|\n|upkeep\n|turn|25\n|\n|t:|1782741192\n|-terastallize|p2a: Honchkrow|Dark\n|move|p2a: Honchkrow|Sucker Punch|p1a: Zacian\n|-resisted|p1a: Zacian\n|-damage|p1a: Zacian|0 fnt\n|faint|p1a: Zacian\n|-ability|p2a: Honchkrow|Moxie|boost\n|-boost|p2a: Honchkrow|atk|1\n|\n|upkeep\n|\n|t:|1782741197\n|switch|p1a: Arceus|Arceus-Fighting, L70|284/284\n|turn|26\n|\n|t:|1782741213\n|-terastallize|p1a: Arceus|Steel\n|move|p1a: Arceus|Iron Defense|p1a: Arceus\n|-boost|p1a: Arceus|def|2\n|move|p2a: Honchkrow|Brave Bird|p1a: Arceus\n|-resisted|p1a: Arceus\n|-damage|p1a: Arceus|229/284\n|-damage|p2a: Honchkrow|264/312|[from] Recoil\n|\n|upkeep\n|turn|27\n|\n|t:|1782741219\n|switch|p2a: Whimsicott|Whimsicott, L84, F|206/238\n|move|p1a: Arceus|Body Press|p2a: Whimsicott\n|-resisted|p2a: Whimsicott\n|-crit|p2a: Whimsicott\n|-damage|p2a: Whimsicott|83/238\n|\n|-heal|p2a: Whimsicott|97/238|[from] item: Leftovers\n|upkeep\n|turn|28\n|\n|t:|1782741224\n|move|p2a: Whimsicott|Leech Seed|p1a: Arceus\n|-start|p1a: Arceus|move: Leech Seed\n|move|p1a: Arceus|Body Press|p2a: Whimsicott\n|-resisted|p2a: Whimsicott\n|-damage|p2a: Whimsicott|16/238\n|\n|-heal|p2a: Whimsicott|30/238|[from] item: Leftovers\n|-damage|p1a: Arceus|194/284|[from] Leech Seed|[of] p2a: Whimsicott\n|-heal|p2a: Whimsicott|65/238|[silent]\n|upkeep\n|turn|29\n|\n|t:|1782741231\n|move|p2a: Whimsicott|Substitute|p2a: Whimsicott\n|-start|p2a: Whimsicott|Substitute\n|-damage|p2a: Whimsicott|6/238\n|move|p1a: Arceus|Body Press|p2a: Whimsicott\n|-resisted|p2a: Whimsicott\n|-crit|p2a: Whimsicott\n|-end|p2a: Whimsicott|Substitute\n|\n|-heal|p2a: Whimsicott|20/238|[from] item: Leftovers\n|-damage|p1a: Arceus|159/284|[from] Leech Seed|[of] p2a: Whimsicott\n|-heal|p2a: Whimsicott|55/238|[silent]\n|upkeep\n|turn|30\n|\n|t:|1782741241\n|switch|p2a: Hypno|Hypno, L95, F|315/315\n|move|p1a: Arceus|Body Press|p2a: Hypno\n|-resisted|p2a: Hypno\n|-damage|p2a: Hypno|220/315\n|\n|-heal|p2a: Hypno|239/315|[from] item: Leftovers\n|-damage|p1a: Arceus|124/284|[from] Leech Seed|[of] p2a: Hypno\n|-heal|p2a: Hypno|274/315|[silent]\n|upkeep\n|turn|31\n|c|\u2606zicafeliped|this mon is so annoying\n|\n|t:|1782741249\n|switch|p1a: Brute Bonnet|Brute Bonnet, L80|275/309\n|switch|p2a: Whimsicott|Whimsicott, L84, F|55/238\n|\n|-heal|p2a: Whimsicott|69/238|[from] item: Leftovers\n|upkeep\n|turn|32\n|\n|t:|1782741255\n|move|p2a: Whimsicott|Moonblast|p1a: Brute Bonnet\n|-supereffective|p1a: Brute Bonnet\n|-damage|p1a: Brute Bonnet|125/309\n|-unboost|p1a: Brute Bonnet|spa|1\n|move|p1a: Brute Bonnet|Crunch|p2a: Whimsicott\n|-resisted|p2a: Whimsicott\n|-damage|p2a: Whimsicott|17/238\n|\n|-heal|p2a: Whimsicott|31/238|[from] item: Leftovers\n|upkeep\n|turn|33\n|j| A722\n|\n|t:|1782741262\n|switch|p2a: Honchkrow|Honchkrow, L86, M, tera:Dark|264/312\n|move|p1a: Brute Bonnet|Crunch|p2a: Honchkrow\n|-resisted|p2a: Honchkrow\n|-crit|p2a: Honchkrow\n|-damage|p2a: Honchkrow|168/312\n|\n|upkeep\n|turn|34\n|\n|t:|1782741268\n|move|p2a: Honchkrow|Heat Wave|p1a: Brute Bonnet\n|-supereffective|p1a: Brute Bonnet\n|-damage|p1a: Brute Bonnet|0 fnt\n|faint|p1a: Brute Bonnet\n|-end|p1a: Brute Bonnet|Protosynthesis|[silent]\n|-ability|p2a: Honchkrow|Moxie|boost\n|-boost|p2a: Honchkrow|atk|1\n|\n|upkeep\n|\n|t:|1782741274\n|switch|p1a: Arceus|Arceus-Fighting, L70, tera:Steel|124/284\n|turn|35\n|\n|t:|1782741279\n|switch|p2a: Hypno|Hypno, L95, F|274/315\n|move|p1a: Arceus|Recover|p1a: Arceus\n|-heal|p1a: Arceus|266/284\n|\n|-heal|p2a: Hypno|293/315|[from] item: Leftovers\n|upkeep\n|turn|36\n|\n|t:|1782741290\n|move|p1a: Arceus|Shadow Ball|p2a: Hypno\n|-supereffective|p2a: Hypno\n|-damage|p2a: Hypno|219/315\n|move|p2a: Hypno|Thunder Wave|p1a: Arceus\n|-status|p1a: Arceus|par\n|\n|-heal|p2a: Hypno|238/315|[from] item: Leftovers\n|upkeep\n|turn|37\n|\n|t:|1782741297\n|move|p2a: Hypno|Encore|p1a: Arceus\n|-start|p1a: Arceus|Encore\n|move|p1a: Arceus|Shadow Ball|p2a: Hypno\n|-supereffective|p2a: Hypno\n|-damage|p2a: Hypno|170/315\n|\n|-heal|p2a: Hypno|189/315|[from] item: Leftovers\n|upkeep\n|turn|38\n|\n|t:|1782741304\n|switch|p2a: Honchkrow|Honchkrow, L86, M, tera:Dark|168/312\n|switch|p1a: Toxicroak|Toxicroak, L84, M|277/277\n|\n|upkeep\n|turn|39\n|\n|t:|1782741315\n|switch|p2a: Salazzle|Salazzle, L83, F|202/249\n|move|p1a: Toxicroak|Gunk Shot|p2a: Salazzle|[miss]\n|-miss|p1a: Toxicroak|p2a: Salazzle\n|\n|-heal|p2a: Salazzle|217/249|[from] item: Leftovers\n|upkeep\n|turn|40\n|\n|t:|1782741325\n|switch|p2a: Honchkrow|Honchkrow, L86, M, tera:Dark|168/312\n|switch|p1a: Chansey|Chansey, L85, F|189/564\n|\n|upkeep\n|turn|41\n|\n|t:|1782741331\n|move|p2a: Honchkrow|Brave Bird|p1a: Chansey\n|-damage|p1a: Chansey|0 fnt\n|faint|p1a: Chansey\n|-ability|p2a: Honchkrow|Moxie|boost\n|-boost|p2a: Honchkrow|atk|1\n|-damage|p2a: Honchkrow|106/312|[from] Recoil\n|\n|upkeep\n|\n|t:|1782741337\n|switch|p1a: Typhlosion|Typhlosion, L84, M|267/267\n|turn|42\n|\n|t:|1782741343\n|move|p2a: Honchkrow|Sucker Punch|p1a: Typhlosion\n|-damage|p1a: Typhlosion|75/267\n|move|p1a: Typhlosion|Fire Blast|p2a: Honchkrow\n|-damage|p2a: Honchkrow|0 fnt\n|faint|p2a: Honchkrow\n|\n|upkeep\n|\n|t:|1782741349\n|switch|p2a: Hypno|Hypno, L95, F|189/315\n|turn|43\n|\n|t:|1782741355\n|switch|p1a: Arceus|Arceus-Fighting, L70, tera:Steel|266/284 par\n|move|p2a: Hypno|Psychic Noise|p1a: Arceus\n|-resisted|p1a: Arceus\n|-damage|p1a: Arceus|227/284 par\n|-start|p1a: Arceus|move: Heal Block\n|\n|-heal|p2a: Hypno|208/315|[from] item: Leftovers\n|upkeep\n|turn|44\n|\n|t:|1782741360\n|move|p2a: Hypno|Knock Off|p1a: Arceus\n|-damage|p1a: Arceus|180/284 par\n|move|p1a: Arceus|Shadow Ball|p2a: Hypno\n|-supereffective|p2a: Hypno\n|-damage|p2a: Hypno|142/315\n|\n|-heal|p2a: Hypno|161/315|[from] item: Leftovers\n|-end|p1a: Arceus|move: Heal Block\n|upkeep\n|turn|45\n|\n|t:|1782741370\n|switch|p2a: Virizion|Virizion, L82|283/283\n|move|p1a: Arceus|Shadow Ball|p2a: Virizion\n|-damage|p2a: Virizion|244/283\n|\n|upkeep\n|turn|46\n|\n|t:|1782741375\n|move|p2a: Virizion|Close Combat|p1a: Arceus\n|-supereffective|p1a: Arceus\n|-damage|p1a: Arceus|0 fnt\n|-unboost|p2a: Virizion|def|1\n|-unboost|p2a: Virizion|spd|1\n|faint|p1a: Arceus\n|-damage|p2a: Virizion|216/283|[from] item: Life Orb\n|\n|upkeep\n|\n|t:|1782741378\n|switch|p1a: Toxicroak|Toxicroak, L84, M|277/277\n|turn|47\n|\n|t:|1782741393\n|switch|p2a: Hypno|Hypno, L95, F|161/315\n|move|p1a: Toxicroak|Earthquake|p2a: Hypno\n|-damage|p2a: Hypno|42/315\n|\n|-heal|p2a: Hypno|61/315|[from] item: Leftovers\n|upkeep\n|turn|48\n|\n|t:|1782741398\n|move|p1a: Toxicroak|Earthquake|p2a: Hypno\n|-damage|p2a: Hypno|0 fnt\n|faint|p2a: Hypno\n|\n|upkeep\n|\n|t:|1782741400\n|switch|p2a: Virizion|Virizion, L82|216/283\n|turn|49\n|\n|t:|1782741403\n|switch|p1a: Typhlosion|Typhlosion, L84, M|75/267\n|move|p2a: Virizion|Swords Dance|p2a: Virizion\n|-boost|p2a: Virizion|atk|2\n|\n|upkeep\n|turn|50\n|\n|t:|1782741409\n|move|p2a: Virizion|Leaf Blade|p1a: Typhlosion\n|-resisted|p1a: Typhlosion\n|-damage|p1a: Typhlosion|0 fnt\n|faint|p1a: Typhlosion\n|-damage|p2a: Virizion|188/283|[from] item: Life Orb\n|\n|upkeep\n|\n|t:|1782741411\n|switch|p1a: Toxicroak|Toxicroak, L84, M|277/277\n|turn|51\n|\n|t:|1782741414\n|move|p2a: Virizion|Close Combat|p1a: Toxicroak\n|-resisted|p1a: Toxicroak\n|-damage|p1a: Toxicroak|94/277\n|-unboost|p2a: Virizion|def|1\n|-unboost|p2a: Virizion|spd|1\n|-damage|p2a: Virizion|160/283|[from] item: Life Orb\n|move|p1a: Toxicroak|Gunk Shot|p2a: Virizion\n|-supereffective|p2a: Virizion\n|-crit|p2a: Virizion\n|-damage|p2a: Virizion|0 fnt\n|faint|p2a: Virizion\n|\n|upkeep\n|\n|t:|1782741419\n|switch|p2a: Salazzle|Salazzle, L83, F|217/249\n|turn|52\n|\n|t:|1782741423\n|move|p2a: Salazzle|Flamethrower|p1a: Toxicroak\n|-damage|p1a: Toxicroak|0 fnt\n|faint|p1a: Toxicroak\n|\n|win|EIKICHI OUHNIZUKA\n|raw|zicafeliped's rating: 2315 &rarr; <strong>2297</strong><br />(-18 for losing)\n|raw|EIKICHI OUHNIZUKA's rating: 2348 &rarr; <strong>2366</strong><br />(+18 for winning)\n", "inputlog": ">version f8ac14003a5f27e1bdc8d8c59608a773c1cb96e5\n>start {\"formatid\":\"gen9randombattle\",\"seed\":\"sodium,71102064b1d9316376a9f15d58a96db6\",\"rated\":\"Rated battle\"}\n>player p1 {\"name\":\"zicafeliped\",\"avatar\":\"beauty-gen4dp\",\"rating\":2315,\"seed\":\"sodium,803ba79b57b43ad779499c266d0a6771\"}\n>player p2 {\"name\":\"EIKICHI OUHNIZUKA\",\"avatar\":\"elm\",\"rating\":2348,\"seed\":\"sodium,08066aa01c114f8430a0ac67b5192d44\"}\n>p1 move eruption\n>p2 move closecombat\n>p2 switch 4\n>p1 switch 6\n>p2 move knockoff\n>p1 move crunch\n>p2 switch 2\n>p1 switch 5\n>p2 move substitute\n>p1 move seismictoss\n>p2 move leechseed\n>p1 switch 3\n>p2 move substitute\n>p1 move behemothblade\n>p2 move leechseed\n>p1 switch 3\n>p2 move substitute\n>p1 move seismictoss\n>p2 move leechseed\n>p1 switch 5\n>p2 move substitute\n>p1 switch 5\n>p2 move moonblast\n>p1 move seismictoss\n>p2 move leechseed\n>p1 move softboiled\n>p2 move substitute\n>p1 move seismictoss\n>p2 move moonblast\n>p1 switch 3\n>p2 move substitute\n>p1 switch 5\n>p2 move leechseed\n>p1 switch 3\n>p2 move moonblast\n>p1 move seismictoss\n>p2 move leechseed\n>p1 move softboiled\n>p2 move encore\n>p1 switch 5\n>p2 move substitute\n>p1 move behemothblade\n>p2 move moonblast\n>p1 move behemothblade\n>p2 switch 5\n>p1 switch 5\n>p2 switch 6\n>p1 switch 5\n>p2 move bravebird\n>p1 move playrough\n>p2 move suckerpunch terastallize\n>p1 switch 4\n>p1 move irondefense terastallize\n>p2 move bravebird\n>p1 move bodypress\n>p2 switch 5\n>p1 move bodypress\n>p2 move leechseed\n>p1 move bodypress\n>p2 move substitute\n>p1 move bodypress\n>p2 switch 2\n>chat \u2606zicafeliped|this mon is so annoying\n>p1 switch 3\n>p2 switch 2\n>p1 move crunch\n>p2 move moonblast\n>p1 move crunch\n>p2 switch 5\n>p1 move seedbomb\n>p2 move heatwave\n>p1 switch 3\n>p1 move recover\n>p2 switch 2\n>p1 move shadowball\n>p2 move thunderwave\n>p1 move shadowball\n>p2 move encore\n>p1 switch 2\n>p2 switch 2\n>p1 move gunkshot\n>p2 switch 6\n>p1 switch 5\n>p2 switch 6\n>p1 move seismictoss\n>p2 move bravebird\n>p1 switch 6\n>p1 move fireblast\n>p2 move suckerpunch\n>p2 switch 2\n>p1 switch 2\n>p2 move psychicnoise\n>p1 move shadowball\n>p2 move knockoff\n>p1 move shadowball\n>p2 switch 3\n>p1 move irondefense\n>p2 move closecombat\n>p1 switch 5\n>p1 move earthquake\n>p2 switch 3\n>p1 move earthquake\n>p2 move psychicnoise\n>p2 switch 3\n>p1 switch 2\n>p2 move swordsdance\n>p1 move fireblast\n>p2 move leafblade\n>p1 switch 2\n>p1 move gunkshot\n>p2 move closecombat\n>p2 switch 6\n>p1 move gunkshot\n>p2 move flamethrower", "uploadtime": 1782741423, "views": 6, "formatid": "gen9randombattle", "rating": 2297, "private": 0, "password": null, "player_dets": [{"name": "zicafeliped", "avatar": "beauty-gen4dp", "rating": 2315, "seed": "sodium,803ba79b57b43ad779499c266d0a6771"}, {"name": "EIKICHI OUHNIZUKA", "avatar": "elm", "rating": 2348, "seed": "sodium,08066aa01c114f8430a0ac67b5192d44"}], "teams_full": [{"Typhlosion": {"name": "Typhlosion", "species": "Typhlosion", "speciesId": "typhlosion", "gender": "M", "shiny": false, "level": 84, "moves": ["eruption", "focusblast", "fireblast", "scorchingsands"], "ability": "Flash Fire", "evs": {"hp": 81, "atk": 0, "def": 85, "spa": 85, "spd": 85, "spe": 85}, "ivs": {"hp": 31, "atk": 0, "def": 31, "spa": 31, "spd": 31, "spe": 31}, "item": "Choice Specs", "teraType": "Fire", "role": "Fast Attacker", "bvs": {"hp": 78, "atk": 84, "def": 78, "spa": 109, "spd": 85, "spe": 100}, "stats": {"hp": 267, "atk": 146, "def": 179, "spa": 231, "spd": 191, "spe": 216}, "types": ["Fire"]}, "Toxicroak": {"name": "Toxicroak", "species": "Toxicroak", "speciesId": "toxicroak", "gender": "M", "shiny": false, "level": 84, "moves": ["knockoff", "closecombat", "gunkshot", "earthquake"], "ability": "Dry Skin", "evs": {"hp": 85, "atk": 85, "def": 85, "spa": 85, "spd": 85, "spe": 85}, "ivs": {"hp": 31, "atk": 31, "def": 31, "spa": 31, "spd": 31, "spe": 31}, "item": "Choice Band", "teraType": "Dark", "role": "Fast Attacker", "bvs": {"hp": 83, "atk": 106, "def": 65, "spa": 86, "spd": 65, "spe": 85}, "stats": {"hp": 277, "atk": 226, "def": 157, "spa": 193, "spd": 157, "spe": 191}, "types": ["Poison", "Fighting"]}, "Zacian": {"name": "Zacian", "species": "Zacian", "speciesId": "zaciancrowned", "gender": "N", "shiny": false, "level": 64, "moves": ["closecombat", "playrough", "swordsdance", "behemothblade"], "ability": "Intrepid Sword", "evs": {"hp": 85, "atk": 85, "def": 85, "spa": 85, "spd": 85, "spe": 85}, "ivs": {"hp": 31, "atk": 31, "def": 31, "spa": 31, "spd": 31, "spe": 31}, "item": "Rusted Sword", "teraType": "Fighting", "role": "Setup Sweeper", "bvs": {"hp": 92, "atk": 150, "def": 115, "spa": 80, "spd": 115, "spe": 148}, "stats": {"hp": 225, "atk": 230, "def": 185, "spa": 140, "spd": 185, "spe": 227}, "types": ["Fairy", "Steel"]}, "Arceus": {"name": "Arceus", "species": "Arceus-Fighting", "speciesId": "arceusfighting", "gender": "N", "shiny": false, "level": 70, "moves": ["recover", "irondefense", "shadowball", "bodypress"], "ability": "Multitype", "evs": {"hp": 85, "atk": 0, "def": 85, "spa": 85, "spd": 85, "spe": 85}, "ivs": {"hp": 31, "atk": 0, "def": 31, "spa": 31, "spd": 31, "spe": 31}, "item": "Fist Plate", "teraType": "Steel", "role": "Bulky Setup", "bvs": {"hp": 120, "atk": 120, "def": 120, "spa": 120, "spd": 120, "spe": 120}, "stats": {"hp": 284, "atk": 173, "def": 209, "spa": 209, "spd": 209, "spe": 209}, "types": ["Fighting"]}, "Chansey": {"name": "Chansey", "species": "Chansey", "speciesId": "chansey", "gender": "F", "shiny": false, "level": 85, "moves": ["thunderwave", "seismictoss", "healbell", "softboiled"], "ability": "Natural Cure", "evs": {"hp": 85, "atk": 0, "def": 85, "spa": 85, "spd": 85, "spe": 85}, "ivs": {"hp": 31, "atk": 0, "def": 31, "spa": 31, "spd": 31, "spe": 31}, "item": "Eviolite", "teraType": "Dark", "role": "Bulky Support", "bvs": {"hp": 250, "atk": 5, "def": 5, "spa": 35, "spd": 105, "spe": 50}, "stats": {"hp": 564, "atk": 13, "def": 57, "spa": 108, "spd": 227, "spe": 134}, "types": ["Normal"]}, "Brute Bonnet": {"name": "Brute Bonnet", "species": "Brute Bonnet", "speciesId": "brutebonnet", "gender": "N", "shiny": false, "level": 80, "moves": ["seedbomb", "spore", "crunch", "suckerpunch"], "ability": "Protosynthesis", "evs": {"hp": 85, "atk": 85, "def": 85, "spa": 85, "spd": 85, "spe": 85}, "ivs": {"hp": 31, "atk": 31, "def": 31, "spa": 31, "spd": 31, "spe": 31}, "item": "Leftovers", "teraType": "Dark", "role": "Bulky Support", "bvs": {"hp": 111, "atk": 127, "def": 99, "spa": 79, "spd": 99, "spe": 55}, "stats": {"hp": 309, "atk": 249, "def": 205, "spa": 173, "spd": 205, "spe": 134}, "types": ["Grass", "Dark"]}}, {"Tauros": {"name": "Tauros", "species": "Tauros-Paldea-Combat", "speciesId": "taurospaldeacombat", "gender": "M", "shiny": false, "level": 82, "moves": ["closecombat", "ironhead", "throatchop", "stoneedge"], "ability": "Intimidate", "evs": {"hp": 85, "atk": 85, "def": 85, "spa": 85, "spd": 85, "spe": 85}, "ivs": {"hp": 31, "atk": 31, "def": 31, "spa": 31, "spd": 31, "spe": 31}, "item": "Choice Band", "teraType": "Steel", "role": "Wallbreaker", "bvs": {"hp": 75, "atk": 110, "def": 105, "spa": 30, "spd": 70, "spe": 100}, "stats": {"hp": 257, "atk": 228, "def": 219, "spa": 96, "spd": 162, "spe": 211}, "types": ["Fighting"]}, "Whimsicott": {"name": "Whimsicott", "species": "Whimsicott", "speciesId": "whimsicott", "gender": "F", "shiny": false, "level": 84, "moves": ["substitute", "encore", "leechseed", "moonblast"], "ability": "Prankster", "evs": {"hp": 85, "atk": 0, "def": 85, "spa": 85, "spd": 85, "spe": 85}, "ivs": {"hp": 31, "atk": 0, "def": 31, "spa": 31, "spd": 31, "spe": 31}, "item": "Leftovers", "teraType": "Poison", "role": "Bulky Support", "bvs": {"hp": 60, "atk": 67, "def": 85, "spa": 77, "spd": 75, "spe": 116}, "stats": {"hp": 238, "atk": 117, "def": 191, "spa": 178, "spd": 174, "spe": 243}, "types": ["Grass", "Fairy"]}, "Virizion": {"name": "Virizion", "species": "Virizion", "speciesId": "virizion", "gender": "N", "shiny": false, "level": 82, "moves": ["leafblade", "swordsdance", "stoneedge", "closecombat"], "ability": "Justified", "evs": {"hp": 85, "atk": 85, "def": 85, "spa": 85, "spd": 85, "spe": 85}, "ivs": {"hp": 31, "atk": 31, "def": 31, "spa": 31, "spd": 31, "spe": 31}, "item": "Life Orb", "teraType": "Rock", "role": "Setup Sweeper", "bvs": {"hp": 91, "atk": 90, "def": 72, "spa": 90, "spd": 129, "spe": 108}, "stats": {"hp": 283, "atk": 195, "def": 165, "spa": 195, "spd": 259, "spe": 224}, "types": ["Grass", "Fighting"]}, "Hypno": {"name": "Hypno", "species": "Hypno", "speciesId": "hypno", "gender": "F", "shiny": false, "level": 95, "moves": ["encore", "psychicnoise", "knockoff", "thunderwave"], "ability": "Insomnia", "evs": {"hp": 85, "atk": 85, "def": 85, "spa": 85, "spd": 85, "spe": 85}, "ivs": {"hp": 31, "atk": 31, "def": 31, "spa": 31, "spd": 31, "spe": 31}, "item": "Leftovers", "teraType": "Fairy", "role": "Bulky Support", "bvs": {"hp": 85, "atk": 73, "def": 70, "spa": 73, "spd": 115, "spe": 67}, "stats": {"hp": 315, "atk": 193, "def": 187, "spa": 193, "spd": 272, "spe": 181}, "types": ["Psychic"]}, "Salazzle": {"name": "Salazzle", "species": "Salazzle", "speciesId": "salazzle", "gender": "F", "shiny": false, "level": 83, "moves": ["toxic", "substitute", "flamethrower", "protect"], "ability": "Corrosion", "evs": {"hp": 85, "atk": 0, "def": 85, "spa": 85, "spd": 85, "spe": 85}, "ivs": {"hp": 31, "atk": 0, "def": 31, "spa": 31, "spd": 31, "spe": 31}, "item": "Leftovers", "teraType": "Grass", "role": "Fast Support", "bvs": {"hp": 68, "atk": 64, "def": 60, "spa": 111, "spd": 60, "spe": 117}, "stats": {"hp": 249, "atk": 111, "def": 147, "spa": 232, "spd": 147, "spe": 242}, "types": ["Poison", "Fire"]}, "Honchkrow": {"name": "Honchkrow", "species": "Honchkrow", "speciesId": "honchkrow", "gender": "M", "shiny": false, "level": 86, "moves": ["heatwave", "bravebird", "suckerpunch", "uturn"], "ability": "Moxie", "evs": {"hp": 85, "atk": 85, "def": 85, "spa": 85, "spd": 85, "spe": 85}, "ivs": {"hp": 31, "atk": 31, "def": 31, "spa": 31, "spd": 31, "spe": 31}, "item": "Heavy-Duty Boots", "teraType": "Dark", "role": "Fast Attacker", "bvs": {"hp": 100, "atk": 125, "def": 52, "spa": 105, "spd": 52, "spe": 71}, "stats": {"hp": 312, "atk": 264, "def": 139, "spa": 230, "spd": 139, "spe": 171}, "types": ["Dark", "Flying"]}}]}