{"id": "gen9randombattle-2641235879", "format": "[Gen 9] Random Battle", "players": ["Kranky Krookodile", "Aunche"], "log": "|j|\u2606Kranky Krookodile\n|j|\u203dAunche\n|t:|1782757268\n|gametype|singles\n|player|p1|Kranky Krookodile|170|1901\n|player|p2|Aunche|170|1990\n|gen|9\n|tier|[Gen 9] Random Battle\n|rated|\n|rule|Species Clause: Limit one of each Pok\u00e9mon\n|rule|HP Percentage Mod: HP is shown in percentages\n|rule|Sleep Clause Mod: Limit one foe put to sleep\n|rule|Illusion Level Mod: Illusion disguises the Pok\u00e9mon's true level\n|\n|t:|1782757268\n|teamsize|p1|6\n|teamsize|p2|6\n|start\n|switch|p1a: Arcanine|Arcanine, L84, F|288/288\n|switch|p2a: Suicune|Suicune, L82|298/298\n|-ability|p1a: Arcanine|Intimidate|boost\n|-unboost|p2a: Suicune|atk|1\n|-ability|p2a: Suicune|Pressure\n|turn|1\n|l|\u2606Kranky Krookodile\n|player|p1|\n|j|\u2606Kranky Krookodile\n|player|p1|Kranky Krookodile|170|\n|\n|t:|1782757301\n|switch|p1a: Chansey|Chansey, L85, F|564/564\n|move|p2a: Suicune|Scald|p1a: Chansey\n|-damage|p1a: Chansey|516/564\n|\n|upkeep\n|turn|2\n|inactive|Battle timer is ON: inactive players will automatically lose when time's up. (requested by Kranky Krookodile)\n|\n|t:|1782757310\n|switch|p2a: Garganacl|Garganacl, L80, F|291/291\n|move|p1a: Chansey|Seismic Toss|p2a: Garganacl\n|-damage|p2a: Garganacl|206/291\n|\n|-heal|p2a: Garganacl|224/291|[from] item: Leftovers\n|upkeep\n|turn|3\n|\n|t:|1782757320\n|move|p1a: Chansey|Seismic Toss|p2a: Garganacl\n|-damage|p2a: Garganacl|139/291\n|move|p2a: Garganacl|Stealth Rock|p1a: Chansey\n|-sidestart|p1: Kranky Krookodile|move: Stealth Rock\n|\n|-heal|p2a: Garganacl|157/291|[from] item: Leftovers\n|upkeep\n|turn|4\n|\n|t:|1782757332\n|switch|p1a: Registeel|Registeel, L81|262/262\n|-damage|p1a: Registeel|246/262|[from] Stealth Rock\n|move|p2a: Garganacl|Recover|p2a: Garganacl\n|-heal|p2a: Garganacl|291/291\n|\n|upkeep\n|turn|5\n|\n|t:|1782757339\n|move|p1a: Registeel|Body Press|p2a: Garganacl\n|-supereffective|p2a: Garganacl\n|-damage|p2a: Garganacl|167/291\n|move|p2a: Garganacl|Salt Cure|p1a: Registeel\n|-resisted|p1a: Registeel\n|-damage|p1a: Registeel|232/262\n|-start|p1a: Registeel|Salt Cure\n|\n|-heal|p2a: Garganacl|185/291|[from] item: Leftovers\n|-damage|p1a: Registeel|167/262|[from] Salt Cure\n|upkeep\n|turn|6\n|\n|t:|1782757347\n|switch|p1a: Girafarig|Girafarig, L89, F|269/269\n|-damage|p1a: Girafarig|236/269|[from] Stealth Rock\n|move|p2a: Garganacl|Recover|p2a: Garganacl\n|-heal|p2a: Garganacl|291/291\n|\n|upkeep\n|turn|7\n|\n|t:|1782757353\n|move|p1a: Girafarig|Nasty Plot|p1a: Girafarig\n|-boost|p1a: Girafarig|spa|2\n|move|p2a: Garganacl|Salt Cure|p1a: Girafarig\n|-crit|p1a: Girafarig\n|-damage|p1a: Girafarig|185/269\n|-start|p1a: Girafarig|Salt Cure\n|\n|-damage|p1a: Girafarig|152/269|[from] Salt Cure\n|upkeep\n|turn|8\n|\n|t:|1782757358\n|switch|p2a: Mesprit|Mesprit, L85|275/275\n|move|p1a: Girafarig|Thunderbolt|p2a: Mesprit\n|-damage|p2a: Mesprit|197/275\n|\n|-damage|p1a: Girafarig|119/269|[from] Salt Cure\n|upkeep\n|turn|9\n|\n|t:|1782757364\n|move|p1a: Girafarig|Thunderbolt|p2a: Mesprit\n|-damage|p2a: Mesprit|116/275\n|move|p2a: Mesprit|Drain Punch|p1a: Girafarig\n|-damage|p1a: Girafarig|72/269\n|-heal|p2a: Mesprit|140/275|[from] drain|[of] p1a: Girafarig\n|\n|-damage|p1a: Girafarig|39/269|[from] Salt Cure\n|upkeep\n|turn|10\n|\n|t:|1782757375\n|move|p1a: Girafarig|Psyshock|p2a: Mesprit\n|-resisted|p2a: Mesprit\n|-damage|p2a: Mesprit|62/275\n|move|p2a: Mesprit|Drain Punch|p1a: Girafarig\n|-damage|p1a: Girafarig|0 fnt\n|-heal|p2a: Mesprit|82/275|[from] drain|[of] p1a: Girafarig\n|faint|p1a: Girafarig\n|\n|upkeep\n|\n|t:|1782757389\n|switch|p1a: Arcanine|Arcanine, L84, F|288/288\n|-ability|p1a: Arcanine|Intimidate|boost\n|-unboost|p2a: Mesprit|atk|1\n|turn|11\n|\n|t:|1782757397\n|move|p1a: Arcanine|Flare Blitz|p2a: Mesprit\n|-damage|p2a: Mesprit|0 fnt\n|faint|p2a: Mesprit\n|-damage|p1a: Arcanine|261/288|[from] Recoil\n|\n|upkeep\n|\n|t:|1782757398\n|switch|p2a: Garganacl|Garganacl, L80, F|291/291\n|turn|12\n|\n|t:|1782757409\n|move|p1a: Arcanine|Close Combat|p2a: Garganacl\n|-supereffective|p2a: Garganacl\n|-damage|p2a: Garganacl|141/291\n|-unboost|p1a: Arcanine|def|1\n|-unboost|p1a: Arcanine|spd|1\n|move|p2a: Garganacl|Salt Cure|p1a: Arcanine\n|-supereffective|p1a: Arcanine\n|-damage|p1a: Arcanine|129/288\n|-start|p1a: Arcanine|Salt Cure\n|\n|-heal|p2a: Garganacl|159/291|[from] item: Leftovers\n|-damage|p1a: Arcanine|93/288|[from] Salt Cure\n|upkeep\n|turn|13\n|\n|t:|1782757420\n|-terastallize|p1a: Arcanine|Fighting\n|move|p1a: Arcanine|Close Combat|p2a: Garganacl\n|-supereffective|p2a: Garganacl\n|-damage|p2a: Garganacl|0 fnt\n|-unboost|p1a: Arcanine|def|1\n|-unboost|p1a: Arcanine|spd|1\n|faint|p2a: Garganacl\n|\n|-damage|p1a: Arcanine|57/288|[from] Salt Cure\n|upkeep\n|\n|t:|1782757424\n|switch|p2a: Appletun|Appletun, L92, F|352/352\n|turn|14\n|\n|t:|1782757429\n|switch|p1a: Fezandipiti|Fezandipiti, L82, M|278/278\n|-damage|p1a: Fezandipiti|244/278|[from] Stealth Rock\n|move|p2a: Appletun|Apple Acid|p1a: Fezandipiti\n|-resisted|p1a: Fezandipiti\n|-damage|p1a: Fezandipiti|205/278\n|-unboost|p1a: Fezandipiti|spd|1\n|\n|-heal|p1a: Fezandipiti|222/278|[from] item: Leftovers\n|upkeep\n|turn|15\n|\n|t:|1782757437\n|switch|p2a: Magearna|Magearna-Original, L77|250/250\n|move|p1a: Fezandipiti|Gunk Shot|p2a: Magearna\n|-immune|p2a: Magearna\n|\n|-heal|p1a: Fezandipiti|239/278|[from] item: Leftovers\n|upkeep\n|turn|16\n|\n|t:|1782757441\n|switch|p1a: Chansey|Chansey, L85, F|516/564\n|-damage|p1a: Chansey|446/564|[from] Stealth Rock\n|move|p2a: Magearna|Spikes|p1a: Chansey\n|-sidestart|p1: Kranky Krookodile|Spikes\n|\n|upkeep\n|turn|17\n|\n|t:|1782757455\n|move|p2a: Magearna|Volt Switch|p1a: Chansey\n|-damage|p1a: Chansey|417/564\n|\n|t:|1782757456\n|switch|p2a: Appletun|Appletun, L92, F|352/352|[from] Volt Switch\n|move|p1a: Chansey|Thunder Wave|p2a: Appletun\n|-status|p2a: Appletun|par\n|\n|upkeep\n|turn|18\n|\n|t:|1782757466\n|switch|p1a: Fezandipiti|Fezandipiti, L82, M|239/278\n|-damage|p1a: Fezandipiti|205/278|[from] Stealth Rock\n|-damage|p1a: Fezandipiti|171/278|[from] Spikes\n|cant|p2a: Appletun|par\n|\n|-heal|p1a: Fezandipiti|188/278|[from] item: Leftovers\n|upkeep\n|turn|19\n|\n|t:|1782757477\n|switch|p2a: Magearna|Magearna-Original, L77|250/250\n|move|p1a: Fezandipiti|Swords Dance|p1a: Fezandipiti\n|-boost|p1a: Fezandipiti|atk|2\n|\n|-heal|p1a: Fezandipiti|205/278|[from] item: Leftovers\n|upkeep\n|turn|20\n|\n|t:|1782757485\n|switch|p1a: Arcanine|Arcanine, L84, F, tera:Fighting|57/288\n|-ability|p1a: Arcanine|Intimidate|boost\n|-unboost|p2a: Magearna|atk|1\n|move|p2a: Magearna|Flash Cannon|p1a: Arcanine\n|-damage|p1a: Arcanine|0 fnt\n|faint|p1a: Arcanine\n|-ability|p2a: Magearna|Soul-Heart|boost\n|-boost|p2a: Magearna|spa|1\n|\n|upkeep\n|\n|t:|1782757492\n|switch|p1a: Gyarados|Gyarados, L79, M|280/280\n|-ability|p1a: Gyarados|Intimidate|boost\n|-unboost|p2a: Magearna|atk|1\n|turn|21\n|\n|t:|1782757499\n|switch|p1a: Chansey|Chansey, L85, F|417/564\n|-damage|p1a: Chansey|347/564|[from] Stealth Rock\n|-damage|p1a: Chansey|277/564|[from] Spikes\n|move|p2a: Magearna|Volt Switch|p1a: Chansey\n|-damage|p1a: Chansey|235/564\n|\n|t:|1782757504\n|switch|p2a: Appletun|Appletun, L92, F|352/352 par|[from] Volt Switch\n|\n|upkeep\n|turn|22\n|\n|t:|1782757508\n|move|p1a: Chansey|Soft-Boiled|p1a: Chansey\n|-heal|p1a: Chansey|517/564\n|move|p2a: Appletun|Apple Acid|p1a: Chansey\n|-damage|p1a: Chansey|457/564\n|-unboost|p1a: Chansey|spd|1\n|\n|upkeep\n|turn|23\n|\n|t:|1782757513\n|switch|p1a: Registeel|Registeel, L81|167/262\n|-damage|p1a: Registeel|151/262|[from] Stealth Rock\n|-damage|p1a: Registeel|119/262|[from] Spikes\n|move|p2a: Appletun|Apple Acid|p1a: Registeel\n|-resisted|p1a: Registeel\n|-damage|p1a: Registeel|83/262\n|\n|upkeep\n|turn|24\n|\n|t:|1782757521\n|switch|p2a: Suicune|Suicune, L82|298/298\n|-ability|p2a: Suicune|Pressure\n|move|p1a: Registeel|Iron Defense|p1a: Registeel\n|-boost|p1a: Registeel|def|2\n|\n|upkeep\n|turn|25\n|\n|t:|1782757528\n|move|p2a: Suicune|Scald|p1a: Registeel\n|-damage|p1a: Registeel|32/262\n|-status|p1a: Registeel|brn\n|move|p1a: Registeel|Rest|p1a: Registeel\n|-status|p1a: Registeel|slp|[from] move: Rest\n|-heal|p1a: Registeel|262/262 slp|[silent]\n|-enditem|p1a: Registeel|Chesto Berry|[eat]\n|-curestatus|p1a: Registeel|slp|[msg]\n|\n|upkeep\n|turn|26\n|\n|t:|1782757537\n|move|p2a: Suicune|Calm Mind|p2a: Suicune\n|-boost|p2a: Suicune|spa|1\n|-boost|p2a: Suicune|spd|1\n|move|p1a: Registeel|Body Press|p2a: Suicune\n|-damage|p2a: Suicune|170/298\n|\n|-heal|p2a: Suicune|188/298|[from] item: Leftovers\n|upkeep\n|turn|27\n|\n|t:|1782757540\n|move|p2a: Suicune|Scald|p1a: Registeel\n|-damage|p1a: Registeel|187/262\n|-status|p1a: Registeel|brn\n|move|p1a: Registeel|Iron Defense|p1a: Registeel\n|-boost|p1a: Registeel|def|2\n|\n|-heal|p2a: Suicune|206/298|[from] item: Leftovers\n|-damage|p1a: Registeel|171/262 brn|[from] brn\n|upkeep\n|turn|28\n|\n|t:|1782757550\n|move|p2a: Suicune|Calm Mind|p2a: Suicune\n|-boost|p2a: Suicune|spa|1\n|-boost|p2a: Suicune|spd|1\n|move|p1a: Registeel|Body Press|p2a: Suicune\n|-damage|p2a: Suicune|112/298\n|\n|-heal|p2a: Suicune|130/298|[from] item: Leftovers\n|-damage|p1a: Registeel|155/262 brn|[from] brn\n|upkeep\n|turn|29\n|\n|t:|1782757555\n|move|p2a: Suicune|Scald|p1a: Registeel\n|-damage|p1a: Registeel|53/262 brn\n|move|p1a: Registeel|Body Press|p2a: Suicune\n|-damage|p2a: Suicune|39/298\n|\n|-heal|p2a: Suicune|57/298|[from] item: Leftovers\n|-damage|p1a: Registeel|37/262 brn|[from] brn\n|upkeep\n|turn|30\n|\n|t:|1782757561\n|move|p2a: Suicune|Scald|p1a: Registeel\n|-damage|p1a: Registeel|0 fnt\n|faint|p1a: Registeel\n|\n|-heal|p2a: Suicune|75/298|[from] item: Leftovers\n|upkeep\n|\n|t:|1782757570\n|switch|p1a: Chansey|Chansey, L85, F|457/564\n|-damage|p1a: Chansey|387/564|[from] Stealth Rock\n|-damage|p1a: Chansey|317/564|[from] Spikes\n|turn|31\n|\n|t:|1782757578\n|move|p2a: Suicune|Substitute|p2a: Suicune\n|-start|p2a: Suicune|Substitute\n|-damage|p2a: Suicune|1/298\n|move|p1a: Chansey|Seismic Toss|p2a: Suicune\n|-end|p2a: Suicune|Substitute\n|\n|-heal|p2a: Suicune|19/298|[from] item: Leftovers\n|upkeep\n|turn|32\n|\n|t:|1782757581\n|switch|p2a: Appletun|Appletun, L92, F|352/352 par\n|move|p1a: Chansey|Seismic Toss|p2a: Appletun\n|-damage|p2a: Appletun|267/352 par\n|\n|-heal|p2a: Appletun|289/352 par|[from] item: Leftovers\n|upkeep\n|turn|33\n|\n|t:|1782757586\n|move|p1a: Chansey|Seismic Toss|p2a: Appletun\n|-damage|p2a: Appletun|204/352 par\n|cant|p2a: Appletun|par\n|\n|-heal|p2a: Appletun|226/352 par|[from] item: Leftovers\n|upkeep\n|turn|34\n|\n|t:|1782757591\n|move|p1a: Chansey|Seismic Toss|p2a: Appletun\n|-damage|p2a: Appletun|141/352 par\n|move|p2a: Appletun|Apple Acid|p1a: Chansey\n|-damage|p1a: Chansey|251/564\n|-unboost|p1a: Chansey|spd|1\n|\n|-heal|p2a: Appletun|163/352 par|[from] item: Leftovers\n|upkeep\n|turn|35\n|\n|t:|1782757596\n|move|p1a: Chansey|Seismic Toss|p2a: Appletun\n|-damage|p2a: Appletun|78/352 par\n|cant|p2a: Appletun|par\n|\n|-heal|p2a: Appletun|100/352 par|[from] item: Leftovers\n|upkeep\n|turn|36\n|\n|t:|1782757600\n|move|p1a: Chansey|Seismic Toss|p2a: Appletun\n|-damage|p2a: Appletun|15/352 par\n|move|p2a: Appletun|Recover|p2a: Appletun\n|-heal|p2a: Appletun|191/352 par\n|\n|-heal|p2a: Appletun|213/352 par|[from] item: Leftovers\n|upkeep\n|turn|37\n|\n|t:|1782757606\n|move|p1a: Chansey|Soft-Boiled|p1a: Chansey\n|-heal|p1a: Chansey|533/564\n|move|p2a: Appletun|Recover|p2a: Appletun\n|-heal|p2a: Appletun|352/352 par\n|\n|upkeep\n|turn|38\n|\n|t:|1782757610\n|switch|p1a: Fezandipiti|Fezandipiti, L82, M|205/278\n|-damage|p1a: Fezandipiti|171/278|[from] Stealth Rock\n|-damage|p1a: Fezandipiti|137/278|[from] Spikes\n|move|p2a: Appletun|Apple Acid|p1a: Fezandipiti\n|-resisted|p1a: Fezandipiti\n|-damage|p1a: Fezandipiti|98/278\n|-unboost|p1a: Fezandipiti|spd|1\n|\n|-heal|p1a: Fezandipiti|115/278|[from] item: Leftovers\n|upkeep\n|turn|39\n|\n|t:|1782757619\n|switch|p1a: Chansey|Chansey, L85, F|533/564\n|-damage|p1a: Chansey|463/564|[from] Stealth Rock\n|-damage|p1a: Chansey|393/564|[from] Spikes\n|switch|p2a: Suicune|Suicune, L82|19/298\n|-ability|p2a: Suicune|Pressure\n|\n|-heal|p2a: Suicune|37/298|[from] item: Leftovers\n|upkeep\n|turn|40\n|\n|t:|1782757627\n|move|p2a: Suicune|Scald|p1a: Chansey\n|-damage|p1a: Chansey|348/564\n|move|p1a: Chansey|Seismic Toss|p2a: Suicune\n|-damage|p2a: Suicune|0 fnt\n|faint|p2a: Suicune\n|\n|upkeep\n|\n|t:|1782757628\n|switch|p2a: Appletun|Appletun, L92, F|352/352 par\n|turn|41\n|\n|t:|1782757631\n|move|p1a: Chansey|Seismic Toss|p2a: Appletun\n|-damage|p2a: Appletun|267/352 par\n|cant|p2a: Appletun|par\n|\n|-heal|p2a: Appletun|289/352 par|[from] item: Leftovers\n|upkeep\n|turn|42\n|\n|t:|1782757636\n|move|p1a: Chansey|Seismic Toss|p2a: Appletun\n|-damage|p2a: Appletun|204/352 par\n|move|p2a: Appletun|Apple Acid|p1a: Chansey\n|-damage|p1a: Chansey|293/564\n|-unboost|p1a: Chansey|spd|1\n|\n|-heal|p2a: Appletun|226/352 par|[from] item: Leftovers\n|upkeep\n|turn|43\n|\n|t:|1782757642\n|move|p1a: Chansey|Seismic Toss|p2a: Appletun\n|-damage|p2a: Appletun|141/352 par\n|move|p2a: Appletun|Recover|p2a: Appletun\n|-heal|p2a: Appletun|317/352 par\n|\n|-heal|p2a: Appletun|339/352 par|[from] item: Leftovers\n|upkeep\n|turn|44\n|\n|t:|1782757646\n|move|p1a: Chansey|Seismic Toss|p2a: Appletun\n|-damage|p2a: Appletun|254/352 par\n|move|p2a: Appletun|Apple Acid|p1a: Chansey\n|-damage|p1a: Chansey|199/564\n|-unboost|p1a: Chansey|spd|1\n|\n|-heal|p2a: Appletun|276/352 par|[from] item: Leftovers\n|upkeep\n|turn|45\n|\n|t:|1782757651\n|move|p1a: Chansey|Seismic Toss|p2a: Appletun\n|-damage|p2a: Appletun|191/352 par\n|move|p2a: Appletun|Apple Acid|p1a: Chansey\n|-damage|p1a: Chansey|78/564\n|-unboost|p1a: Chansey|spd|1\n|\n|-heal|p2a: Appletun|213/352 par|[from] item: Leftovers\n|upkeep\n|turn|46\n|\n|t:|1782757656\n|move|p1a: Chansey|Soft-Boiled|p1a: Chansey\n|-heal|p1a: Chansey|360/564\n|move|p2a: Appletun|Apple Acid|p1a: Chansey\n|-damage|p1a: Chansey|198/564\n|-unboost|p1a: Chansey|spd|1\n|\n|-heal|p2a: Appletun|235/352 par|[from] item: Leftovers\n|upkeep\n|turn|47\n|\n|t:|1782757662\n|move|p1a: Chansey|Soft-Boiled|p1a: Chansey\n|-heal|p1a: Chansey|480/564\n|cant|p2a: Appletun|par\n|\n|-heal|p2a: Appletun|257/352 par|[from] item: Leftovers\n|upkeep\n|turn|48\n|\n|t:|1782757667\n|switch|p1a: Gyarados|Gyarados, L79, M|280/280\n|-ability|p1a: Gyarados|Intimidate|boost\n|-unboost|p2a: Appletun|atk|1\n|move|p2a: Appletun|Draco Meteor|p1a: Gyarados\n|-damage|p1a: Gyarados|117/280\n|-unboost|p2a: Appletun|spa|2\n|\n|-heal|p2a: Appletun|279/352 par|[from] item: Leftovers\n|upkeep\n|turn|49\n|\n|t:|1782757674\n|switch|p1a: Chansey|Chansey, L85, F|480/564\n|-damage|p1a: Chansey|410/564|[from] Stealth Rock\n|-damage|p1a: Chansey|340/564|[from] Spikes\n|switch|p2a: Magearna|Magearna-Original, L77|250/250\n|\n|upkeep\n|turn|50\n|\n|t:|1782757682\n|move|p2a: Magearna|Spikes|p1a: Chansey\n|-sidestart|p1: Kranky Krookodile|Spikes\n|move|p1a: Chansey|Thunder Wave|p2a: Magearna\n|-status|p2a: Magearna|par\n|\n|upkeep\n|turn|51\n|\n|t:|1782757684\n|move|p1a: Chansey|Seismic Toss|p2a: Magearna\n|-damage|p2a: Magearna|165/250 par\n|move|p2a: Magearna|Spikes|p1a: Chansey\n|-sidestart|p1: Kranky Krookodile|Spikes\n|\n|-heal|p2a: Magearna|180/250 par|[from] item: Leftovers\n|upkeep\n|turn|52\n|\n|t:|1782757699\n|move|p1a: Chansey|Seismic Toss|p2a: Magearna\n|-damage|p2a: Magearna|95/250 par\n|move|p2a: Magearna|Fleur Cannon|p1a: Chansey\n|-damage|p1a: Chansey|259/564\n|-unboost|p2a: Magearna|spa|2\n|\n|-heal|p2a: Magearna|110/250 par|[from] item: Leftovers\n|upkeep\n|turn|53\n|\n|t:|1782757706\n|move|p1a: Chansey|Soft-Boiled|p1a: Chansey\n|-heal|p1a: Chansey|541/564\n|move|p2a: Magearna|Volt Switch|p1a: Chansey\n|-damage|p1a: Chansey|525/564\n|\n|t:|1782757708\n|switch|p2a: Appletun|Appletun, L92, F|279/352 par|[from] Volt Switch\n|\n|-heal|p2a: Appletun|301/352 par|[from] item: Leftovers\n|upkeep\n|turn|54\n|\n|t:|1782757715\n|move|p1a: Chansey|Seismic Toss|p2a: Appletun\n|-damage|p2a: Appletun|216/352 par\n|move|p2a: Appletun|Apple Acid|p1a: Chansey\n|-damage|p1a: Chansey|459/564\n|-unboost|p1a: Chansey|spd|1\n|\n|-heal|p2a: Appletun|238/352 par|[from] item: Leftovers\n|upkeep\n|turn|55\n|\n|t:|1782757720\n|move|p1a: Chansey|Seismic Toss|p2a: Appletun\n|-damage|p2a: Appletun|153/352 par\n|move|p2a: Appletun|Apple Acid|p1a: Chansey\n|-damage|p1a: Chansey|377/564\n|-unboost|p1a: Chansey|spd|1\n|\n|-heal|p2a: Appletun|175/352 par|[from] item: Leftovers\n|upkeep\n|turn|56\n|\n|t:|1782757735\n|move|p1a: Chansey|Seismic Toss|p2a: Appletun\n|-damage|p2a: Appletun|90/352 par\n|move|p2a: Appletun|Recover|p2a: Appletun\n|-heal|p2a: Appletun|266/352 par\n|\n|-heal|p2a: Appletun|288/352 par|[from] item: Leftovers\n|upkeep\n|turn|57\n|\n|t:|1782757744\n|move|p1a: Chansey|Seismic Toss|p2a: Appletun\n|-damage|p2a: Appletun|203/352 par\n|move|p2a: Appletun|Dragon Tail|p1a: Chansey|[miss]\n|-miss|p2a: Appletun|p1a: Chansey\n|\n|-heal|p2a: Appletun|225/352 par|[from] item: Leftovers\n|upkeep\n|turn|58\n|\n|t:|1782757751\n|move|p1a: Chansey|Seismic Toss|p2a: Appletun\n|-damage|p2a: Appletun|140/352 par\n|move|p2a: Appletun|Draco Meteor|p1a: Chansey\n|-damage|p1a: Chansey|182/564\n|-unboost|p2a: Appletun|spa|2\n|\n|-heal|p2a: Appletun|162/352 par|[from] item: Leftovers\n|upkeep\n|turn|59\n|\n|t:|1782757756\n|move|p1a: Chansey|Soft-Boiled|p1a: Chansey\n|-heal|p1a: Chansey|464/564\n|move|p2a: Appletun|Recover|p2a: Appletun\n|-heal|p2a: Appletun|338/352 par\n|\n|-heal|p2a: Appletun|352/352 par|[from] item: Leftovers\n|upkeep\n|turn|60\n|\n|t:|1782757762\n|switch|p1a: Gyarados|Gyarados, L79, M|117/280\n|-ability|p1a: Gyarados|Intimidate|boost\n|-unboost|p2a: Appletun|atk|1\n|move|p2a: Appletun|Dragon Tail|p1a: Gyarados\n|-damage|p1a: Gyarados|63/280\n|drag|p1a: Chansey|Chansey, L85, F|464/564\n|-damage|p1a: Chansey|394/564|[from] Stealth Rock\n|-damage|p1a: Chansey|253/564|[from] Spikes\n|\n|upkeep\n|turn|61\n|\n|t:|1782757769\n|move|p1a: Chansey|Soft-Boiled|p1a: Chansey\n|-heal|p1a: Chansey|535/564\n|move|p2a: Appletun|Dragon Tail|p1a: Chansey\n|-damage|p1a: Chansey|435/564\n|drag|p1a: Fezandipiti|Fezandipiti, L82, M|115/278\n|-damage|p1a: Fezandipiti|81/278|[from] Stealth Rock\n|-damage|p1a: Fezandipiti|12/278|[from] Spikes\n|\n|-heal|p1a: Fezandipiti|29/278|[from] item: Leftovers\n|upkeep\n|turn|62\n|\n|t:|1782757776\n|switch|p2a: Magearna|Magearna-Original, L77|110/250 par\n|move|p1a: Fezandipiti|Swords Dance|p1a: Fezandipiti\n|-boost|p1a: Fezandipiti|atk|2\n|\n|-heal|p1a: Fezandipiti|46/278|[from] item: Leftovers\n|-heal|p2a: Magearna|125/250 par|[from] item: Leftovers\n|upkeep\n|turn|63\n|\n|t:|1782757779\n|move|p1a: Fezandipiti|Play Rough|p2a: Magearna\n|-resisted|p2a: Magearna\n|-damage|p2a: Magearna|43/250 par\n|cant|p2a: Magearna|par\n|\n|-heal|p1a: Fezandipiti|63/278|[from] item: Leftovers\n|-heal|p2a: Magearna|58/250 par|[from] item: Leftovers\n|upkeep\n|turn|64\n|\n|t:|1782757784\n|move|p1a: Fezandipiti|Play Rough|p2a: Magearna\n|-resisted|p2a: Magearna\n|-damage|p2a: Magearna|0 fnt\n|faint|p2a: Magearna\n|\n|-heal|p1a: Fezandipiti|80/278|[from] item: Leftovers\n|upkeep\n|\n|t:|1782757786\n|switch|p2a: Arceus|Arceus-Dark, L71|288/288\n|turn|65\n|\n|t:|1782757791\n|-terastallize|p2a: Arceus|Poison\n|move|p2a: Arceus|Sludge Bomb|p1a: Fezandipiti\n|-damage|p1a: Fezandipiti|16/278\n|move|p1a: Fezandipiti|Gunk Shot|p2a: Arceus\n|-resisted|p2a: Arceus\n|-damage|p2a: Arceus|184/288\n|\n|-heal|p1a: Fezandipiti|33/278|[from] item: Leftovers\n|upkeep\n|turn|66\n|\n|t:|1782757797\n|move|p2a: Arceus|Sludge Bomb|p1a: Fezandipiti\n|-damage|p1a: Fezandipiti|0 fnt\n|faint|p1a: Fezandipiti\n|\n|upkeep\n|\n|t:|1782757803\n|switch|p1a: Gyarados|Gyarados, L79, M|63/280\n|-ability|p1a: Gyarados|Intimidate|boost\n|-unboost|p2a: Arceus|atk|1\n|turn|67\n|\n|t:|1782757807\n|move|p2a: Arceus|Sludge Bomb|p1a: Gyarados\n|-damage|p1a: Gyarados|0 fnt\n|faint|p1a: Gyarados\n|\n|upkeep\n|\n|t:|1782757811\n|switch|p1a: Chansey|Chansey, L85, F|435/564\n|-damage|p1a: Chansey|365/564|[from] Stealth Rock\n|-damage|p1a: Chansey|224/564|[from] Spikes\n|turn|68\n|\n|t:|1782757814\n|switch|p2a: Appletun|Appletun, L92, F|352/352 par\n|move|p1a: Chansey|Thunder Wave|p2a: Appletun|[miss]\n|-miss|p1a: Chansey|p2a: Appletun\n|\n|upkeep\n|turn|69\n|\n|t:|1782757817\n|move|p1a: Chansey|Soft-Boiled|p1a: Chansey\n|-heal|p1a: Chansey|506/564\n|move|p2a: Appletun|Apple Acid|p1a: Chansey\n|-damage|p1a: Chansey|440/564\n|-unboost|p1a: Chansey|spd|1\n|\n|upkeep\n|turn|70\n|\n|t:|1782757822\n|move|p1a: Chansey|Seismic Toss|p2a: Appletun\n|-damage|p2a: Appletun|267/352 par\n|move|p2a: Appletun|Apple Acid|p1a: Chansey\n|-damage|p1a: Chansey|349/564\n|-unboost|p1a: Chansey|spd|1\n|\n|-heal|p2a: Appletun|289/352 par|[from] item: Leftovers\n|upkeep\n|turn|71\n|\n|t:|1782757824\n|move|p1a: Chansey|Seismic Toss|p2a: Appletun\n|-damage|p2a: Appletun|204/352 par\n|cant|p2a: Appletun|par\n|\n|-heal|p2a: Appletun|226/352 par|[from] item: Leftovers\n|upkeep\n|turn|72\n|\n|t:|1782757826\n|move|p1a: Chansey|Seismic Toss|p2a: Appletun\n|-damage|p2a: Appletun|141/352 par\n|move|p2a: Appletun|Apple Acid|p1a: Chansey\n|-damage|p1a: Chansey|222/564\n|-unboost|p1a: Chansey|spd|1\n|\n|-heal|p2a: Appletun|163/352 par|[from] item: Leftovers\n|upkeep\n|turn|73\n|\n|t:|1782757828\n|move|p1a: Chansey|Seismic Toss|p2a: Appletun\n|-damage|p2a: Appletun|78/352 par\n|move|p2a: Appletun|Recover|p2a: Appletun\n|-heal|p2a: Appletun|254/352 par\n|\n|-heal|p2a: Appletun|276/352 par|[from] item: Leftovers\n|upkeep\n|turn|74\n|\n|t:|1782757832\n|move|p1a: Chansey|Seismic Toss|p2a: Appletun\n|-damage|p2a: Appletun|191/352 par\n|move|p2a: Appletun|Apple Acid|p1a: Chansey\n|-damage|p1a: Chansey|75/564\n|-unboost|p1a: Chansey|spd|1\n|\n|-heal|p2a: Appletun|213/352 par|[from] item: Leftovers\n|upkeep\n|turn|75\n|\n|t:|1782757835\n|move|p1a: Chansey|Heal Bell||[still]\n|-activate|p1a: Chansey|move: Heal Bell\n|-fail|p1a: Chansey\n|move|p2a: Appletun|Apple Acid|p1a: Chansey\n|-damage|p1a: Chansey|0 fnt\n|faint|p1a: Chansey\n|\n|win|Aunche\n", "inputlog": ">version f8ac14003a5f27e1bdc8d8c59608a773c1cb96e5\n>start {\"formatid\":\"gen9randombattle\",\"seed\":\"sodium,ea3cfc295c9b49ad3696d4c1811865a3\",\"rated\":\"Rated battle\"}\n>player p1 {\"name\":\"Kranky Krookodile\",\"avatar\":\"170\",\"rating\":1901,\"seed\":\"sodium,83261b64d90a2fc7321a4209dfbb74c0\"}\n>player p2 {\"name\":\"Aunche\",\"avatar\":\"170\",\"rating\":1990,\"seed\":\"sodium,83b2478b872657635414f0ab1e7a866b\"}\n>p1 switch 2\n>p2 move scald\n>p1 move seismictoss\n>p2 switch 2\n>p1 move seismictoss\n>p2 move stealthrock\n>p1 switch 5\n>p2 move recover\n>p1 move bodypress\n>p2 move saltcure\n>p1 switch 6\n>p2 move recover\n>p1 move nastyplot\n>p2 move saltcure\n>p1 move thunderbolt\n>p2 switch 4\n>p1 move thunderbolt\n>p2 move drainpunch\n>p1 move psyshock\n>p2 move drainpunch\n>p1 switch 2\n>p1 move flareblitz\n>p2 move psychicnoise\n>p2 switch 4\n>p1 move closecombat\n>p2 move saltcure\n>p1 move closecombat terastallize\n>p2 move recover\n>p2 switch 5\n>p1 switch 4\n>p2 move appleacid\n>p1 move gunkshot\n>p2 switch 6\n>p1 switch 5\n>p2 move spikes\n>p1 move thunderwave\n>p2 move voltswitch\n>p2 switch 6\n>p1 switch 5\n>p2 move appleacid\n>p1 move swordsdance\n>p2 switch 6\n>p1 switch 4\n>p2 move flashcannon\n>p1 switch 3\n>p1 switch 5\n>p2 move voltswitch\n>p2 switch 6\n>p1 move softboiled\n>p2 move appleacid\n>p1 switch 6\n>p2 move appleacid\n>p1 move irondefense\n>p2 switch 2\n>p1 move rest\n>p2 move scald\n>p1 move bodypress\n>p2 move calmmind\n>p1 move irondefense\n>p2 move scald\n>p1 move bodypress\n>p2 move calmmind\n>p1 move bodypress\n>p2 move scald\n>p1 move rest\n>p2 move scald\n>p1 switch 6\n>p1 move seismictoss\n>p2 move substitute\n>p1 move seismictoss\n>p2 switch 2\n>p1 move seismictoss\n>p2 move appleacid\n>p1 move seismictoss\n>p2 move appleacid\n>p1 move seismictoss\n>p2 move recover\n>p1 move seismictoss\n>p2 move recover\n>p1 move softboiled\n>p2 move recover\n>p1 switch 4\n>p2 move appleacid\n>p1 switch 4\n>p2 switch 2\n>p1 move seismictoss\n>p2 move scald\n>p2 switch 2\n>p1 move seismictoss\n>p2 move appleacid\n>p1 move seismictoss\n>p2 move appleacid\n>p1 move seismictoss\n>p2 move recover\n>p1 move seismictoss\n>p2 move appleacid\n>p1 move seismictoss\n>p2 move appleacid\n>p1 move softboiled\n>p2 move appleacid\n>p1 move softboiled\n>p2 move dracometeor\n>p1 switch 5\n>p2 move dracometeor\n>p1 switch 5\n>p2 switch 6\n>p1 move thunderwave\n>p2 move spikes\n>p1 move seismictoss\n>p2 move spikes\n>p1 move seismictoss\n>p2 move fleurcannon\n>p1 move softboiled\n>p2 move voltswitch\n>p2 switch 6\n>p1 move seismictoss\n>p2 move appleacid\n>p1 move seismictoss\n>p2 move appleacid\n>p1 move seismictoss\n>p2 move recover\n>p1 move seismictoss\n>p2 move dragontail\n>p1 move seismictoss\n>p2 move dracometeor\n>p1 move softboiled\n>p2 move recover\n>p1 switch 5\n>p2 move dragontail\n>p1 move softboiled\n>p2 move dragontail\n>p1 move swordsdance\n>p2 switch 6\n>p1 move playrough\n>p2 move flashcannon\n>p1 move playrough\n>p2 move flashcannon\n>p2 switch 3\n>p1 move gunkshot\n>p2 move sludgebomb terastallize\n>p1 move playrough\n>p2 move sludgebomb\n>p1 switch 5\n>p1 move dragondance\n>p2 move sludgebomb\n>p1 switch 4\n>p1 move thunderwave\n>p2 switch 6\n>p1 move softboiled\n>p2 move appleacid\n>p1 move seismictoss\n>p2 move appleacid\n>p1 move seismictoss\n>p2 move appleacid\n>p1 move seismictoss\n>p2 move appleacid\n>p1 move seismictoss\n>p2 move recover\n>p1 move seismictoss\n>p2 move appleacid\n>p1 move healbell\n>p2 move appleacid", "uploadtime": 1782757270, "views": 5, "formatid": "gen9randombattle", "rating": null, "private": 0, "password": null, "player_dets": [{"name": "Kranky Krookodile", "avatar": "170", "rating": 1901, "seed": "sodium,83261b64d90a2fc7321a4209dfbb74c0"}, {"name": "Aunche", "avatar": "170", "rating": 1990, "seed": "sodium,83b2478b872657635414f0ab1e7a866b"}], "teams_full": [{"Arcanine": {"name": "Arcanine", "species": "Arcanine", "speciesId": "arcanine", "gender": "F", "shiny": false, "level": 84, "moves": ["flareblitz", "closecombat", "willowisp", "morningsun"], "ability": "Intimidate", "evs": {"hp": 85, "atk": 85, "def": 85, "spa": 85, "spd": 85, "spe": 85}, "ivs": {"hp": 31, "atk": 31, "def": 31, "spa": 31, "spd": 31, "spe": 31}, "item": "Heavy-Duty Boots", "teraType": "Fighting", "role": "Bulky Attacker", "bvs": {"hp": 90, "atk": 110, "def": 80, "spa": 100, "spd": 80, "spe": 95}, "stats": {"hp": 288, "atk": 233, "def": 183, "spa": 216, "spd": 183, "spe": 208}, "types": ["Fire"]}, "Chansey": {"name": "Chansey", "species": "Chansey", "speciesId": "chansey", "gender": "F", "shiny": false, "level": 85, "moves": ["seismictoss", "healbell", "softboiled", "thunderwave"], "ability": "Natural Cure", "evs": {"hp": 85, "atk": 0, "def": 85, "spa": 85, "spd": 85, "spe": 85}, "ivs": {"hp": 31, "atk": 0, "def": 31, "spa": 31, "spd": 31, "spe": 31}, "item": "Eviolite", "teraType": "Fairy", "role": "Bulky Support", "bvs": {"hp": 250, "atk": 5, "def": 5, "spa": 35, "spd": 105, "spe": 50}, "stats": {"hp": 564, "atk": 13, "def": 57, "spa": 108, "spd": 227, "spe": 134}, "types": ["Normal"]}, "Gyarados": {"name": "Gyarados", "species": "Gyarados", "speciesId": "gyarados", "gender": "M", "shiny": false, "level": 79, "moves": ["earthquake", "stoneedge", "dragondance", "waterfall"], "ability": "Intimidate", "evs": {"hp": 85, "atk": 85, "def": 85, "spa": 85, "spd": 85, "spe": 85}, "ivs": {"hp": 31, "atk": 31, "def": 31, "spa": 31, "spd": 31, "spe": 31}, "item": "Heavy-Duty Boots", "teraType": "Ground", "role": "Setup Sweeper", "bvs": {"hp": 95, "atk": 125, "def": 79, "spa": 60, "spd": 100, "spe": 81}, "stats": {"hp": 280, "atk": 243, "def": 170, "spa": 140, "spd": 204, "spe": 174}, "types": ["Water", "Flying"]}, "Fezandipiti": {"name": "Fezandipiti", "species": "Fezandipiti", "speciesId": "fezandipiti", "gender": "M", "shiny": false, "level": 82, "moves": ["gunkshot", "swordsdance", "playrough", "terablast"], "ability": "Toxic Chain", "evs": {"hp": 85, "atk": 85, "def": 85, "spa": 85, "spd": 85, "spe": 85}, "ivs": {"hp": 31, "atk": 31, "def": 31, "spa": 31, "spd": 31, "spe": 31}, "item": "Leftovers", "teraType": "Ground", "role": "Tera Blast user", "bvs": {"hp": 88, "atk": 91, "def": 82, "spa": 70, "spd": 125, "spe": 99}, "stats": {"hp": 278, "atk": 196, "def": 182, "spa": 162, "spd": 252, "spe": 210}, "types": ["Poison", "Fairy"]}, "Registeel": {"name": "Registeel", "species": "Registeel", "speciesId": "registeel", "gender": "N", "shiny": false, "level": 81, "moves": ["irondefense", "bodypress", "rest", "ironhead"], "ability": "Clear Body", "evs": {"hp": 85, "atk": 85, "def": 85, "spa": 85, "spd": 85, "spe": 85}, "ivs": {"hp": 31, "atk": 31, "def": 31, "spa": 31, "spd": 31, "spe": 31}, "item": "Chesto Berry", "teraType": "Fighting", "role": "Bulky Setup", "bvs": {"hp": 80, "atk": 75, "def": 150, "spa": 75, "spd": 150, "spe": 50}, "stats": {"hp": 262, "atk": 168, "def": 290, "spa": 168, "spd": 290, "spe": 128}, "types": ["Steel"]}, "Girafarig": {"name": "Girafarig", "species": "Girafarig", "speciesId": "girafarig", "gender": "F", "shiny": false, "level": 89, "moves": ["dazzlinggleam", "thunderbolt", "psyshock", "nastyplot"], "ability": "Sap Sipper", "evs": {"hp": 85, "atk": 0, "def": 85, "spa": 85, "spd": 85, "spe": 85}, "ivs": {"hp": 31, "atk": 0, "def": 31, "spa": 31, "spd": 31, "spe": 31}, "item": "Eviolite", "teraType": "Electric", "role": "Bulky Setup", "bvs": {"hp": 70, "atk": 80, "def": 65, "spa": 90, "spd": 65, "spe": 85}, "stats": {"hp": 269, "atk": 147, "def": 166, "spa": 211, "spd": 166, "spe": 202}, "types": ["Normal", "Psychic"]}}, {"Suicune": {"name": "Suicune", "species": "Suicune", "speciesId": "suicune", "gender": "N", "shiny": false, "level": 82, "moves": ["calmmind", "substitute", "scald", "icebeam"], "ability": "Pressure", "evs": {"hp": 85, "atk": 0, "def": 85, "spa": 85, "spd": 85, "spe": 85}, "ivs": {"hp": 31, "atk": 0, "def": 31, "spa": 31, "spd": 31, "spe": 31}, "item": "Leftovers", "teraType": "Steel", "role": "Bulky Setup", "bvs": {"hp": 100, "atk": 75, "def": 115, "spa": 90, "spd": 115, "spe": 85}, "stats": {"hp": 298, "atk": 127, "def": 236, "spa": 195, "spd": 236, "spe": 187}, "types": ["Water"]}, "Garganacl": {"name": "Garganacl", "species": "Garganacl", "speciesId": "garganacl", "gender": "F", "shiny": false, "level": 80, "moves": ["recover", "earthquake", "saltcure", "stealthrock"], "ability": "Purifying Salt", "evs": {"hp": 85, "atk": 85, "def": 85, "spa": 85, "spd": 85, "spe": 85}, "ivs": {"hp": 31, "atk": 31, "def": 31, "spa": 31, "spd": 31, "spe": 31}, "item": "Leftovers", "teraType": "Ghost", "role": "Bulky Attacker", "bvs": {"hp": 100, "atk": 100, "def": 130, "spa": 45, "spd": 90, "spe": 35}, "stats": {"hp": 291, "atk": 206, "def": 254, "spa": 118, "spd": 190, "spe": 102}, "types": ["Rock"]}, "Arceus": {"name": "Arceus", "species": "Arceus-Dark", "speciesId": "arceusdark", "gender": "N", "shiny": false, "level": 71, "moves": ["recover", "sludgebomb", "judgment", "calmmind"], "ability": "Multitype", "evs": {"hp": 85, "atk": 0, "def": 85, "spa": 85, "spd": 85, "spe": 85}, "ivs": {"hp": 31, "atk": 0, "def": 31, "spa": 31, "spd": 31, "spe": 31}, "item": "Dread Plate", "teraType": "Poison", "role": "Bulky Setup", "bvs": {"hp": 120, "atk": 120, "def": 120, "spa": 120, "spd": 120, "spe": 120}, "stats": {"hp": 288, "atk": 175, "def": 212, "spa": 212, "spd": 212, "spe": 212}, "types": ["Dark"]}, "Mesprit": {"name": "Mesprit", "species": "Mesprit", "speciesId": "mesprit", "gender": "N", "shiny": false, "level": 85, "moves": ["drainpunch", "psychicnoise", "icebeam", "thunderbolt"], "ability": "Levitate", "evs": {"hp": 85, "atk": 85, "def": 85, "spa": 85, "spd": 85, "spe": 85}, "ivs": {"hp": 31, "atk": 31, "def": 31, "spa": 31, "spd": 31, "spe": 31}, "item": "Assault Vest", "teraType": "Fighting", "role": "Bulky Attacker", "bvs": {"hp": 80, "atk": 105, "def": 105, "spa": 105, "spd": 105, "spe": 80}, "stats": {"hp": 275, "atk": 227, "def": 227, "spa": 227, "spd": 227, "spe": 185}, "types": ["Psychic"]}, "Appletun": {"name": "Appletun", "species": "Appletun", "speciesId": "appletun", "gender": "F", "shiny": false, "level": 92, "moves": ["appleacid", "dragontail", "dracometeor", "recover"], "ability": "Thick Fat", "evs": {"hp": 85, "atk": 85, "def": 85, "spa": 85, "spd": 85, "spe": 85}, "ivs": {"hp": 31, "atk": 31, "def": 31, "spa": 31, "spd": 31, "spe": 31}, "item": "Leftovers", "teraType": "Steel", "role": "Bulky Attacker", "bvs": {"hp": 110, "atk": 85, "def": 80, "spa": 100, "spd": 80, "spe": 30}, "stats": {"hp": 352, "atk": 209, "def": 200, "spa": 236, "spd": 200, "spe": 108}, "types": ["Grass", "Dragon"]}, "Magearna": {"name": "Magearna", "species": "Magearna-Original", "speciesId": "magearna", "gender": "N", "shiny": false, "level": 77, "moves": ["spikes", "flashcannon", "fleurcannon", "voltswitch"], "ability": "Soul-Heart", "evs": {"hp": 85, "atk": 0, "def": 85, "spa": 85, "spd": 85, "spe": 85}, "ivs": {"hp": 31, "atk": 0, "def": 31, "spa": 31, "spd": 31, "spe": 31}, "item": "Leftovers", "teraType": "Fairy", "role": "Bulky Attacker", "bvs": {"hp": 80, "atk": 95, "def": 115, "spa": 130, "spd": 115, "spe": 65}, "stats": {"hp": 250, "atk": 151, "def": 222, "spa": 245, "spd": 222, "spe": 145}, "types": ["Steel", "Fairy"]}}]}