{"id": "gen9randombattle-2641464785", "format": "[Gen 9] Random Battle", "players": ["pop smoke", "Starfacto"], "log": "|badge|p1|bronze|gen9randombattle|100-9\n|html|<div class=\"broadcast-red\"><strong>This battle is required to be public due to one or more player having a season medal.</strong><br />During the public phase, you can discuss the state of the ladder <a href=\"/seasondiscussion\">in a special chatroom.</a></div>\n|uhtml|medal-msg|<div class=\"broadcast-blue\">Curious what those medals under the avatar are? PS now has Ladder Seasons! For more information, check out the <a href=\"https://www.smogon.com/forums/threads/3740067/\">thread on Smogon.</a></div>\n|j|\u2606pop smoke\n|j|\u2606Starfacto\n|t:|1782788903\n|gametype|singles\n|player|p1|pop smoke|#wcop2025uswest2|2268\n|player|p2|Starfacto|boarder|2197\n|gen|9\n|tier|[Gen 9] Random Battle\n|rated|\n|rule|Species Clause: Limit one of each Pok\u00e9mon\n|rule|HP Percentage Mod: HP is shown in percentages\n|rule|Sleep Clause Mod: Limit one foe put to sleep\n|rule|Illusion Level Mod: Illusion disguises the Pok\u00e9mon's true level\n|\n|t:|1782788903\n|teamsize|p1|6\n|teamsize|p2|6\n|start\n|switch|p1a: Bruxish|Bruxish, L85, F|254/254\n|switch|p2a: Oinkologne|Oinkologne, L92, M|352/352\n|turn|1\n|\n|t:|1782788918\n|move|p1a: Bruxish|Swords Dance|p1a: Bruxish\n|-boost|p1a: Bruxish|atk|2\n|move|p2a: Oinkologne|Lash Out|p1a: Bruxish\n|-supereffective|p1a: Bruxish\n|-damage|p1a: Bruxish|102/254\n|\n|upkeep\n|turn|2\n|\n|t:|1782788934\n|move|p1a: Bruxish|Wave Crash|p2a: Oinkologne\n|-crit|p2a: Oinkologne\n|-damage|p2a: Oinkologne|0 fnt\n|faint|p2a: Oinkologne\n|-damage|p1a: Bruxish|0 fnt|[from] Recoil\n|faint|p1a: Bruxish\n|\n|upkeep\n|\n|t:|1782788960\n|switch|p1a: Toxapex|Toxapex, L82, F|216/216\n|switch|p2a: Cyclizar|Cyclizar, L83, F|252/252\n|turn|3\n|\n|t:|1782788966\n|move|p2a: Cyclizar|Shed Tail|p2a: Cyclizar\n|-start|p2a: Cyclizar|Substitute|[from] move: Shed Tail\n|-damage|p2a: Cyclizar|126/252\n|\n|t:|1782788973\n|switch|p2a: Iron Hands|Iron Hands, L79|373/373|[from] Shed Tail\n|move|p1a: Toxapex|Toxic Spikes|p2a: Iron Hands\n|-sidestart|p2: Starfacto|move: Toxic Spikes\n|\n|upkeep\n|turn|4\n|\n|t:|1782788987\n|move|p2a: Iron Hands|Fake Out|p1a: Toxapex\n|-damage|p1a: Toxapex|194/216\n|-damage|p2a: Iron Hands|311/373|[from] item: Rocky Helmet|[of] p1a: Toxapex\n|cant|p1a: Toxapex|flinch\n|\n|upkeep\n|turn|5\n|\n|t:|1782788996\n|move|p2a: Iron Hands|Wild Charge|p1a: Toxapex\n|-supereffective|p1a: Toxapex\n|-damage|p1a: Toxapex|42/216\n|-damage|p2a: Iron Hands|249/373|[from] item: Rocky Helmet|[of] p1a: Toxapex\n|-damage|p2a: Iron Hands|211/373|[from] Recoil\n|move|p1a: Toxapex|Liquidation|p2a: Iron Hands\n|-activate|p2a: Iron Hands|move: Substitute|[damage]\n|\n|upkeep\n|turn|6\n|\n|t:|1782789002\n|switch|p1a: Spiritomb|Spiritomb, L89, F|234/234\n|move|p2a: Iron Hands|Volt Switch|p1a: Spiritomb\n|-damage|p1a: Spiritomb|201/234\n|\n|t:|1782789007\n|-end|p2a: Iron Hands|Quark Drive|[silent]\n|switch|p2a: Toxapex|Toxapex, L82, F|216/216|[from] Volt Switch\n|-sideend|p2: Starfacto|move: Toxic Spikes|[of] p2a: Toxapex\n|\n|-heal|p1a: Spiritomb|215/234|[from] item: Leftovers\n|upkeep\n|turn|7\n|\n|t:|1782789013\n|switch|p1a: Toxapex|Toxapex, L82, F|114/216\n|switch|p2a: Cyclizar|Cyclizar, L83, F|210/252\n|\n|upkeep\n|turn|8\n|\n|t:|1782789017\n|move|p2a: Cyclizar|Draco Meteor|p1a: Toxapex|[miss]\n|-miss|p2a: Cyclizar|p1a: Toxapex\n|move|p1a: Toxapex|Toxic Spikes|p2a: Cyclizar\n|-sidestart|p2: Starfacto|move: Toxic Spikes\n|\n|upkeep\n|turn|9\n|\n|t:|1782789022\n|switch|p1a: Spiritomb|Spiritomb, L89, F|215/234\n|move|p2a: Cyclizar|Knock Off|p1a: Spiritomb\n|-damage|p1a: Spiritomb|164/234\n|-enditem|p1a: Spiritomb|Leftovers|[from] move: Knock Off|[of] p2a: Cyclizar\n|\n|upkeep\n|turn|10\n|\n|t:|1782789027\n|switch|p2a: Toxapex|Toxapex, L82, F|216/216\n|-sideend|p2: Starfacto|move: Toxic Spikes|[of] p2a: Toxapex\n|move|p1a: Spiritomb|Foul Play|p2a: Toxapex\n|-damage|p2a: Toxapex|162/216\n|-damage|p1a: Spiritomb|125/234|[from] item: Rocky Helmet|[of] p2a: Toxapex\n|\n|upkeep\n|turn|11\n|\n|t:|1782789033\n|switch|p2a: Cyclizar|Cyclizar, L83, F|252/252\n|move|p1a: Spiritomb|Poltergeist|p2a: Cyclizar\n|-immune|p2a: Cyclizar\n|\n|upkeep\n|turn|12\n|\n|t:|1782789040\n|switch|p2a: Toxapex|Toxapex, L82, F|216/216\n|move|p1a: Spiritomb|Pain Split|p2a: Toxapex\n|-sethp|p2a: Toxapex|170/216|[from] move: Pain Split|[silent]\n|-sethp|p1a: Spiritomb|170/234|[from] move: Pain Split\n|\n|upkeep\n|turn|13\n|\n|t:|1782789046\n|switch|p1a: Toxapex|Toxapex, L82, F|186/216\n|switch|p2a: Cyclizar|Cyclizar, L83, F|252/252\n|\n|upkeep\n|turn|14\n|\n|t:|1782789050\n|move|p2a: Cyclizar|Knock Off|p1a: Toxapex\n|-damage|p1a: Toxapex|145/216\n|-damage|p2a: Cyclizar|210/252|[from] item: Rocky Helmet|[of] p1a: Toxapex\n|-enditem|p1a: Toxapex|Rocky Helmet|[from] move: Knock Off|[of] p2a: Cyclizar\n|move|p1a: Toxapex|Toxic Spikes|p2a: Cyclizar\n|-sidestart|p2: Starfacto|move: Toxic Spikes\n|\n|upkeep\n|turn|15\n|\n|t:|1782789055\n|switch|p1a: Spiritomb|Spiritomb, L89, F|170/234\n|move|p2a: Cyclizar|Shed Tail|p2a: Cyclizar\n|-start|p2a: Cyclizar|Substitute|[from] move: Shed Tail\n|-damage|p2a: Cyclizar|84/252\n|\n|t:|1782789058\n|switch|p2a: Toxapex|Toxapex, L82, F|216/216|[from] Shed Tail\n|-sideend|p2: Starfacto|move: Toxic Spikes|[of] p2a: Toxapex\n|\n|upkeep\n|turn|16\n|\n|t:|1782789061\n|switch|p1a: Toxapex|Toxapex, L82, F|216/216\n|move|p2a: Toxapex|Toxic|p1a: Toxapex\n|-immune|p1a: Toxapex\n|\n|upkeep\n|turn|17\n|\n|t:|1782789069\n|move|p2a: Toxapex|Liquidation|p1a: Toxapex\n|-resisted|p1a: Toxapex\n|-damage|p1a: Toxapex|195/216\n|move|p1a: Toxapex|Toxic Spikes|p2a: Toxapex\n|-sidestart|p2: Starfacto|move: Toxic Spikes\n|\n|upkeep\n|turn|18\n|\n|t:|1782789073\n|move|p1a: Toxapex|Toxic Spikes|p2a: Toxapex\n|-sidestart|p2: Starfacto|move: Toxic Spikes\n|move|p2a: Toxapex|Liquidation|p1a: Toxapex\n|-resisted|p1a: Toxapex\n|-damage|p1a: Toxapex|176/216\n|-unboost|p1a: Toxapex|def|1\n|\n|upkeep\n|turn|19\n|\n|t:|1782789077\n|move|p1a: Toxapex|Liquidation|p2a: Toxapex\n|-resisted|p2a: Toxapex\n|-activate|p2a: Toxapex|move: Substitute|[damage]\n|move|p2a: Toxapex|Liquidation|p1a: Toxapex\n|-resisted|p1a: Toxapex\n|-damage|p1a: Toxapex|146/216\n|\n|upkeep\n|turn|20\n|\n|t:|1782789084\n|move|p2a: Toxapex|Liquidation|p1a: Toxapex\n|-resisted|p1a: Toxapex\n|-crit|p1a: Toxapex\n|-damage|p1a: Toxapex|98/216\n|move|p1a: Toxapex|Haze|p1a: Toxapex\n|-clearallboost\n|\n|upkeep\n|turn|21\n|\n|t:|1782789091\n|switch|p1a: Noctowl|Noctowl, L95, F|344/344\n|switch|p2a: Cyclizar|Cyclizar, L83, F|168/252\n|\n|upkeep\n|turn|22\n|\n|t:|1782789104\n|switch|p2a: Toxapex|Toxapex, L82, F|216/216\n|-sideend|p2: Starfacto|move: Toxic Spikes|[of] p2a: Toxapex\n|move|p1a: Noctowl|Nasty Plot|p1a: Noctowl\n|-boost|p1a: Noctowl|spa|2\n|\n|upkeep\n|turn|23\n|\n|t:|1782789111\n|-terastallize|p1a: Noctowl|Steel\n|move|p1a: Noctowl|Hyper Voice|p2a: Toxapex\n|-damage|p2a: Toxapex|63/216\n|move|p2a: Toxapex|Toxic|p1a: Noctowl\n|-immune|p1a: Noctowl\n|\n|upkeep\n|turn|24\n|\n|t:|1782789125\n|switch|p2a: Leafeon|Leafeon, L88, F|258/258\n|move|p1a: Noctowl|Hyper Voice|p2a: Leafeon\n|-damage|p2a: Leafeon|0 fnt\n|faint|p2a: Leafeon\n|\n|upkeep\n|\n|t:|1782789127\n|switch|p2a: Krookodile|Krookodile, L79, F|280/280\n|-ability|p2a: Krookodile|Intimidate|boost\n|-unboost|p1a: Noctowl|atk|1\n|turn|25\n|\n|t:|1782789129\n|move|p2a: Krookodile|Earthquake|p1a: Noctowl\n|-supereffective|p1a: Noctowl\n|-damage|p1a: Noctowl|0 fnt\n|faint|p1a: Noctowl\n|\n|upkeep\n|\n|t:|1782789135\n|switch|p1a: Annihilape|Annihilape, L76, M|292/292\n|turn|26\n|\n|t:|1782789138\n|move|p2a: Krookodile|Earthquake|p1a: Annihilape\n|-damage|p1a: Annihilape|105/292\n|move|p1a: Annihilape|Bulk Up|p1a: Annihilape\n|-boost|p1a: Annihilape|atk|1\n|-boost|p1a: Annihilape|def|1\n|\n|-heal|p1a: Annihilape|123/292|[from] item: Leftovers\n|upkeep\n|turn|27\n|\n|t:|1782789142\n|switch|p1a: Dragonite|Dragonite, L74, M|257/257\n|move|p2a: Krookodile|Earthquake|p1a: Dragonite\n|-immune|p1a: Dragonite\n|\n|upkeep\n|turn|28\n|\n|t:|1782789146\n|switch|p2a: Toxapex|Toxapex, L82, F|135/216\n|move|p1a: Dragonite|Dragon Dance|p1a: Dragonite\n|-boost|p1a: Dragonite|atk|1\n|-boost|p1a: Dragonite|spe|1\n|\n|upkeep\n|turn|29\n|\n|t:|1782789153\n|switch|p2a: Krookodile|Krookodile, L79, F|280/280\n|-ability|p2a: Krookodile|Intimidate|boost\n|-unboost|p1a: Dragonite|atk|1\n|move|p1a: Dragonite|Earthquake|p2a: Krookodile\n|-damage|p2a: Krookodile|196/280\n|\n|upkeep\n|turn|30\n|\n|t:|1782789163\n|move|p1a: Dragonite|Dragon Dance|p1a: Dragonite\n|-boost|p1a: Dragonite|atk|1\n|-boost|p1a: Dragonite|spe|1\n|move|p2a: Krookodile|Knock Off|p1a: Dragonite\n|-damage|p1a: Dragonite|173/257\n|-enditem|p1a: Dragonite|Heavy-Duty Boots|[from] move: Knock Off|[of] p2a: Krookodile\n|\n|upkeep\n|turn|31\n|\n|t:|1782789169\n|move|p1a: Dragonite|Earthquake|p2a: Krookodile\n|-damage|p2a: Krookodile|78/280\n|move|p2a: Krookodile|Knock Off|p1a: Dragonite\n|-damage|p1a: Dragonite|62/257\n|\n|upkeep\n|turn|32\n|\n|t:|1782789175\n|move|p1a: Dragonite|Earthquake|p2a: Krookodile\n|-damage|p2a: Krookodile|0 fnt\n|faint|p2a: Krookodile\n|\n|upkeep\n|\n|t:|1782789187\n|switch|p2a: Iron Hands|Iron Hands, L79|211/373\n|turn|33\n|\n|t:|1782789191\n|move|p2a: Iron Hands|Fake Out|p1a: Dragonite\n|-damage|p1a: Dragonite|26/257\n|cant|p1a: Dragonite|flinch\n|\n|upkeep\n|turn|34\n|\n|t:|1782789195\n|move|p1a: Dragonite|Earthquake|p2a: Iron Hands\n|-supereffective|p2a: Iron Hands\n|-damage|p2a: Iron Hands|1/373\n|move|p2a: Iron Hands|Volt Switch|p1a: Dragonite\n|-damage|p1a: Dragonite|0 fnt\n|faint|p1a: Dragonite\n|\n|t:|1782789200\n|-end|p2a: Iron Hands|Quark Drive|[silent]\n|switch|p2a: Cyclizar|Cyclizar, L83, F|252/252|[from] Volt Switch\n|\n|upkeep\n|\n|t:|1782789218\n|switch|p1a: Spiritomb|Spiritomb, L89, F|170/234\n|turn|35\n|\n|t:|1782789238\n|move|p2a: Cyclizar|Draco Meteor|p1a: Spiritomb\n|-damage|p1a: Spiritomb|74/234\n|-unboost|p2a: Cyclizar|spa|2\n|move|p1a: Spiritomb|Poltergeist|p2a: Cyclizar\n|-immune|p2a: Cyclizar\n|\n|upkeep\n|turn|36\n|\n|t:|1782789247\n|move|p2a: Cyclizar|Shed Tail|p2a: Cyclizar\n|-start|p2a: Cyclizar|Substitute|[from] move: Shed Tail\n|-damage|p2a: Cyclizar|126/252\n|\n|t:|1782789250\n|switch|p2a: Toxapex|Toxapex, L82, F|207/216|[from] Shed Tail\n|move|p1a: Spiritomb|Pain Split|p2a: Toxapex\n|-sethp|p2a: Toxapex|140/216|[from] move: Pain Split|[silent]\n|-sethp|p1a: Spiritomb|140/234|[from] move: Pain Split\n|\n|upkeep\n|turn|37\n|\n|t:|1782789268\n|switch|p2a: Iron Hands|Iron Hands, L79|1/373\n|move|p1a: Spiritomb|Poltergeist|p2a: Iron Hands\n|-activate|p2a: Iron Hands|move: Poltergeist|Assault Vest\n|-damage|p2a: Iron Hands|0 fnt\n|faint|p2a: Iron Hands\n|-end|p2a: Iron Hands|Quark Drive|[silent]\n|\n|upkeep\n|\n|t:|1782789272\n|switch|p2a: Cyclizar|Cyclizar, L83, F|210/252\n|turn|38\n|\n|t:|1782789278\n|move|p2a: Cyclizar|Draco Meteor|p1a: Spiritomb\n|-damage|p1a: Spiritomb|34/234\n|-unboost|p2a: Cyclizar|spa|2\n|move|p1a: Spiritomb|Pain Split|p2a: Cyclizar\n|-sethp|p2a: Cyclizar|122/252|[from] move: Pain Split|[silent]\n|-sethp|p1a: Spiritomb|122/234|[from] move: Pain Split\n|\n|upkeep\n|turn|39\n|\n|t:|1782789283\n|switch|p2a: Toxapex|Toxapex, L82, F|212/216\n|move|p1a: Spiritomb|Poltergeist|p2a: Toxapex\n|-activate|p2a: Toxapex|move: Poltergeist|Rocky Helmet\n|-damage|p2a: Toxapex|122/216\n|\n|upkeep\n|turn|40\n|\n|t:|1782789289\n|switch|p1a: Toxapex|Toxapex, L82, F|170/216\n|move|p2a: Toxapex|Toxic|p1a: Toxapex\n|-immune|p1a: Toxapex\n|\n|upkeep\n|turn|41\n|\n|t:|1782789293\n|switch|p2a: Cyclizar|Cyclizar, L83, F|206/252\n|move|p1a: Toxapex|Liquidation|p2a: Cyclizar\n|-resisted|p2a: Cyclizar\n|-damage|p2a: Cyclizar|168/252\n|\n|upkeep\n|turn|42\n|\n|t:|1782789301\n|switch|p2a: Toxapex|Toxapex, L82, F|194/216\n|move|p1a: Toxapex|Toxic Spikes|p2a: Toxapex\n|-sidestart|p2: Starfacto|move: Toxic Spikes\n|\n|upkeep\n|turn|43\n|\n|t:|1782789308\n|move|p1a: Toxapex|Haze|p1a: Toxapex\n|-clearallboost\n|move|p2a: Toxapex|Liquidation|p1a: Toxapex\n|-resisted|p1a: Toxapex\n|-damage|p1a: Toxapex|149/216\n|-unboost|p1a: Toxapex|def|1\n|\n|upkeep\n|turn|44\n|\n|t:|1782789314\n|move|p1a: Toxapex|Haze|p1a: Toxapex\n|-clearallboost\n|move|p2a: Toxapex|Liquidation|p1a: Toxapex\n|-resisted|p1a: Toxapex\n|-damage|p1a: Toxapex|127/216\n|\n|upkeep\n|turn|45\n|\n|t:|1782789319\n|switch|p2a: Cyclizar|Cyclizar, L83, F|252/252\n|move|p1a: Toxapex|Haze|p1a: Toxapex\n|-clearallboost\n|\n|upkeep\n|turn|46\n|\n|t:|1782789323\n|move|p2a: Cyclizar|Rapid Spin|p1a: Toxapex\n|-damage|p1a: Toxapex|90/216\n|-boost|p2a: Cyclizar|spe|1\n|-sideend|p2: Starfacto|Toxic Spikes|[from] move: Rapid Spin|[of] p2a: Cyclizar\n|move|p1a: Toxapex|Recover|p1a: Toxapex\n|-heal|p1a: Toxapex|198/216\n|\n|upkeep\n|turn|47\n|\n|t:|1782789330\n|move|p2a: Cyclizar|Rapid Spin|p1a: Toxapex\n|-damage|p1a: Toxapex|161/216\n|-boost|p2a: Cyclizar|spe|1\n|move|p1a: Toxapex|Toxic Spikes|p2a: Cyclizar\n|-sidestart|p2: Starfacto|move: Toxic Spikes\n|\n|upkeep\n|turn|48\n|\n|t:|1782789334\n|move|p2a: Cyclizar|Rapid Spin|p1a: Toxapex\n|-damage|p1a: Toxapex|124/216\n|-boost|p2a: Cyclizar|spe|1\n|-sideend|p2: Starfacto|Toxic Spikes|[from] move: Rapid Spin|[of] p2a: Cyclizar\n|move|p1a: Toxapex|Liquidation|p2a: Cyclizar\n|-resisted|p2a: Cyclizar\n|-damage|p2a: Cyclizar|213/252\n|\n|upkeep\n|turn|49\n|\n|t:|1782789340\n|move|p2a: Cyclizar|Rapid Spin|p1a: Toxapex\n|-damage|p1a: Toxapex|90/216\n|-boost|p2a: Cyclizar|spe|1\n|move|p1a: Toxapex|Recover|p1a: Toxapex\n|-heal|p1a: Toxapex|198/216\n|\n|upkeep\n|turn|50\n|\n|t:|1782789345\n|switch|p1a: Annihilape|Annihilape, L76, M|123/292\n|move|p2a: Cyclizar|Rapid Spin|p1a: Annihilape\n|-immune|p1a: Annihilape\n|\n|-heal|p1a: Annihilape|141/292|[from] item: Leftovers\n|upkeep\n|turn|51\n|\n|t:|1782789350\n|switch|p1a: Toxapex|Toxapex, L82, F|216/216\n|move|p2a: Cyclizar|Shed Tail|p2a: Cyclizar\n|-start|p2a: Cyclizar|Substitute|[from] move: Shed Tail\n|-damage|p2a: Cyclizar|87/252\n|\n|t:|1782789352\n|switch|p2a: Toxapex|Toxapex, L82, F|216/216|[from] Shed Tail\n|\n|upkeep\n|turn|52\n|\n|t:|1782789355\n|move|p2a: Toxapex|Liquidation|p1a: Toxapex\n|-resisted|p1a: Toxapex\n|-damage|p1a: Toxapex|197/216\n|-unboost|p1a: Toxapex|def|1\n|move|p1a: Toxapex|Toxic Spikes|p2a: Toxapex\n|-sidestart|p2: Starfacto|move: Toxic Spikes\n|\n|upkeep\n|turn|53\n|\n|t:|1782789358\n|switch|p2a: Cyclizar|Cyclizar, L83, F|171/252\n|move|p1a: Toxapex|Haze|p1a: Toxapex\n|-clearallboost\n|\n|upkeep\n|turn|54\n|\n|t:|1782789362\n|switch|p2a: Toxapex|Toxapex, L82, F|216/216\n|-sideend|p2: Starfacto|move: Toxic Spikes|[of] p2a: Toxapex\n|move|p1a: Toxapex|Liquidation|p2a: Toxapex\n|-resisted|p2a: Toxapex\n|-crit|p2a: Toxapex\n|-damage|p2a: Toxapex|186/216\n|-damage|p1a: Toxapex|161/216|[from] item: Rocky Helmet|[of] p2a: Toxapex\n|\n|upkeep\n|turn|55\n|\n|t:|1782789366\n|switch|p2a: Cyclizar|Cyclizar, L83, F|252/252\n|move|p1a: Toxapex|Toxic Spikes|p2a: Cyclizar\n|-sidestart|p2: Starfacto|move: Toxic Spikes\n|\n|upkeep\n|turn|56\n|\n|t:|1782789370\n|switch|p2a: Toxapex|Toxapex, L82, F|216/216\n|-sideend|p2: Starfacto|move: Toxic Spikes|[of] p2a: Toxapex\n|move|p1a: Toxapex|Liquidation|p2a: Toxapex\n|-resisted|p2a: Toxapex\n|-damage|p2a: Toxapex|195/216\n|-damage|p1a: Toxapex|125/216|[from] item: Rocky Helmet|[of] p2a: Toxapex\n|\n|upkeep\n|turn|57\n|\n|t:|1782789374\n|switch|p2a: Cyclizar|Cyclizar, L83, F|252/252\n|move|p1a: Toxapex|Toxic Spikes|p2a: Cyclizar\n|-sidestart|p2: Starfacto|move: Toxic Spikes\n|\n|upkeep\n|turn|58\n|\n|t:|1782789377\n|switch|p2a: Toxapex|Toxapex, L82, F|216/216\n|-sideend|p2: Starfacto|move: Toxic Spikes|[of] p2a: Toxapex\n|switch|p1a: Annihilape|Annihilape, L76, M|141/292\n|\n|-heal|p1a: Annihilape|159/292|[from] item: Leftovers\n|upkeep\n|turn|59\n|\n|t:|1782789385\n|switch|p1a: Toxapex|Toxapex, L82, F|197/216\n|move|p2a: Toxapex|Toxic|p1a: Toxapex\n|-immune|p1a: Toxapex\n|\n|upkeep\n|turn|60\n|\n|t:|1782789388\n|switch|p1a: Annihilape|Annihilape, L76, M|159/292\n|switch|p2a: Cyclizar|Cyclizar, L83, F|252/252\n|\n|-heal|p1a: Annihilape|177/292|[from] item: Leftovers\n|upkeep\n|turn|61\n|\n|t:|1782789400\n|move|p2a: Cyclizar|Shed Tail|p2a: Cyclizar\n|-start|p2a: Cyclizar|Substitute|[from] move: Shed Tail\n|-damage|p2a: Cyclizar|126/252\n|\n|t:|1782789402\n|switch|p2a: Toxapex|Toxapex, L82, F|216/216|[from] Shed Tail\n|move|p1a: Annihilape|Drain Punch|p2a: Toxapex\n|-resisted|p2a: Toxapex\n|-activate|p2a: Toxapex|move: Substitute|[damage]\n|-heal|p1a: Annihilape|189/292|[from] drain|[of] p2a: Toxapex\n|\n|-heal|p1a: Annihilape|207/292|[from] item: Leftovers\n|upkeep\n|turn|62\n|\n|t:|1782789410\n|switch|p1a: Toxapex|Toxapex, L82, F|216/216\n|move|p2a: Toxapex|Toxic|p1a: Toxapex\n|-immune|p1a: Toxapex\n|\n|upkeep\n|turn|63\n|\n|t:|1782789415\n|switch|p2a: Cyclizar|Cyclizar, L83, F|210/252\n|move|p1a: Toxapex|Toxic Spikes|p2a: Cyclizar\n|-sidestart|p2: Starfacto|move: Toxic Spikes\n|\n|upkeep\n|turn|64\n|\n|t:|1782789419\n|move|p2a: Cyclizar|Rapid Spin|p1a: Toxapex\n|-damage|p1a: Toxapex|183/216\n|-boost|p2a: Cyclizar|spe|1\n|-sideend|p2: Starfacto|Toxic Spikes|[from] move: Rapid Spin|[of] p2a: Cyclizar\n|move|p1a: Toxapex|Liquidation|p2a: Cyclizar\n|-resisted|p2a: Cyclizar\n|-damage|p2a: Cyclizar|174/252\n|\n|upkeep\n|turn|65\n|\n|t:|1782789432\n|move|p2a: Cyclizar|Knock Off|p1a: Toxapex\n|-damage|p1a: Toxapex|152/216\n|move|p1a: Toxapex|Toxic Spikes|p2a: Cyclizar\n|-sidestart|p2: Starfacto|move: Toxic Spikes\n|\n|upkeep\n|turn|66\n|\n|t:|1782789436\n|switch|p2a: Toxapex|Toxapex, L82, F|216/216\n|-sideend|p2: Starfacto|move: Toxic Spikes|[of] p2a: Toxapex\n|move|p1a: Toxapex|Liquidation|p2a: Toxapex\n|-resisted|p2a: Toxapex\n|-crit|p2a: Toxapex\n|-damage|p2a: Toxapex|185/216\n|-damage|p1a: Toxapex|116/216|[from] item: Rocky Helmet|[of] p2a: Toxapex\n|\n|upkeep\n|turn|67\n|\n|t:|1782789438\n|move|p2a: Toxapex|Toxic|p1a: Toxapex\n|-immune|p1a: Toxapex\n|move|p1a: Toxapex|Toxic Spikes|p2a: Toxapex\n|-sidestart|p2: Starfacto|move: Toxic Spikes\n|\n|upkeep\n|turn|68\n|\n|t:|1782789441\n|switch|p2a: Cyclizar|Cyclizar, L83, F|252/252\n|move|p1a: Toxapex|Haze|p1a: Toxapex\n|-clearallboost\n|\n|upkeep\n|turn|69\n|\n|t:|1782789446\n|switch|p1a: Spiritomb|Spiritomb, L89, F|122/234\n|move|p2a: Cyclizar|Knock Off|p1a: Spiritomb\n|-damage|p1a: Spiritomb|86/234\n|\n|upkeep\n|turn|70\n|\n|t:|1782789467\n|switch|p1a: Toxapex|Toxapex, L82, F|188/216\n|move|p2a: Cyclizar|Draco Meteor|p1a: Toxapex\n|-damage|p1a: Toxapex|97/216\n|-unboost|p2a: Cyclizar|spa|2\n|\n|upkeep\n|turn|71\n|\n|t:|1782789473\n|switch|p2a: Toxapex|Toxapex, L82, F|216/216\n|-sideend|p2: Starfacto|move: Toxic Spikes|[of] p2a: Toxapex\n|switch|p1a: Spiritomb|Spiritomb, L89, F|86/234\n|\n|upkeep\n|turn|72\n|\n|t:|1782789478\n|switch|p1a: Toxapex|Toxapex, L82, F|169/216\n|move|p2a: Toxapex|Toxic|p1a: Toxapex\n|-immune|p1a: Toxapex\n|\n|upkeep\n|turn|73\n|\n|t:|1782789480\n|switch|p1a: Spiritomb|Spiritomb, L89, F|86/234\n|switch|p2a: Cyclizar|Cyclizar, L83, F|252/252\n|\n|upkeep\n|turn|74\n|\n|t:|1782789485\n|switch|p1a: Toxapex|Toxapex, L82, F|216/216\n|move|p2a: Cyclizar|Knock Off|p1a: Toxapex\n|-damage|p1a: Toxapex|185/216\n|\n|upkeep\n|turn|75\n|\n|t:|1782789492\n|switch|p2a: Toxapex|Toxapex, L82, F|216/216\n|move|p1a: Toxapex|Liquidation|p2a: Toxapex\n|-resisted|p2a: Toxapex\n|-crit|p2a: Toxapex\n|-damage|p2a: Toxapex|183/216\n|-damage|p1a: Toxapex|149/216|[from] item: Rocky Helmet|[of] p2a: Toxapex\n|\n|upkeep\n|turn|76\n|\n|t:|1782789499\n|switch|p2a: Cyclizar|Cyclizar, L83, F|252/252\n|move|p1a: Toxapex|Toxic Spikes|p2a: Cyclizar\n|-sidestart|p2: Starfacto|move: Toxic Spikes\n|\n|upkeep\n|turn|77\n|\n|t:|1782789503\n|switch|p2a: Toxapex|Toxapex, L82, F|216/216\n|-sideend|p2: Starfacto|move: Toxic Spikes|[of] p2a: Toxapex\n|switch|p1a: Spiritomb|Spiritomb, L89, F|86/234\n|\n|upkeep\n|turn|78\n|\n|t:|1782789507\n|switch|p2a: Cyclizar|Cyclizar, L83, F|252/252\n|move|p1a: Spiritomb|Pain Split|p2a: Cyclizar\n|-sethp|p2a: Cyclizar|169/252|[from] move: Pain Split|[silent]\n|-sethp|p1a: Spiritomb|169/234|[from] move: Pain Split\n|\n|upkeep\n|turn|79\n|\n|t:|1782789511\n|switch|p2a: Toxapex|Toxapex, L82, F|216/216\n|move|p1a: Spiritomb|Foul Play|p2a: Toxapex\n|-damage|p2a: Toxapex|164/216\n|-damage|p1a: Spiritomb|130/234|[from] item: Rocky Helmet|[of] p2a: Toxapex\n|\n|upkeep\n|turn|80\n|\n|t:|1782789515\n|switch|p1a: Toxapex|Toxapex, L82, F|216/216\n|switch|p2a: Cyclizar|Cyclizar, L83, F|252/252\n|\n|upkeep\n|turn|81\n|\n|t:|1782789518\n|switch|p2a: Toxapex|Toxapex, L82, F|216/216\n|switch|p1a: Spiritomb|Spiritomb, L89, F|130/234\n|\n|upkeep\n|turn|82\n|\n|t:|1782789522\n|move|p1a: Spiritomb|Pain Split|p2a: Toxapex\n|-sethp|p2a: Toxapex|173/216|[from] move: Pain Split|[silent]\n|-sethp|p1a: Spiritomb|173/234|[from] move: Pain Split\n|move|p2a: Toxapex|Toxic|p1a: Spiritomb\n|-status|p1a: Spiritomb|tox\n|\n|-damage|p1a: Spiritomb|159/234 tox|[from] psn\n|upkeep\n|turn|83\n|\n|t:|1782789530\n|switch|p2a: Cyclizar|Cyclizar, L83, F|252/252\n|move|p1a: Spiritomb|Poltergeist|p2a: Cyclizar\n|-immune|p2a: Cyclizar\n|\n|-damage|p1a: Spiritomb|131/234 tox|[from] psn\n|upkeep\n|turn|84\n|\n|t:|1782789534\n|switch|p2a: Toxapex|Toxapex, L82, F|216/216\n|move|p1a: Spiritomb|Poltergeist|p2a: Toxapex\n|-activate|p2a: Toxapex|move: Poltergeist|Rocky Helmet\n|-damage|p2a: Toxapex|135/216\n|\n|-damage|p1a: Spiritomb|89/234 tox|[from] psn\n|upkeep\n|turn|85\n|\n|t:|1782789541\n|move|p1a: Spiritomb|Pain Split|p2a: Toxapex\n|-sethp|p2a: Toxapex|112/216|[from] move: Pain Split|[silent]\n|-sethp|p1a: Spiritomb|112/234 tox|[from] move: Pain Split\n|move|p2a: Toxapex|Liquidation|p1a: Spiritomb\n|-damage|p1a: Spiritomb|61/234 tox\n|\n|-damage|p1a: Spiritomb|5/234 tox|[from] psn\n|upkeep\n|turn|86\n|\n|t:|1782789552\n|move|p1a: Spiritomb|Pain Split|p2a: Toxapex\n|-sethp|p2a: Toxapex|58/216|[from] move: Pain Split|[silent]\n|-sethp|p1a: Spiritomb|58/234 tox|[from] move: Pain Split\n|move|p2a: Toxapex|Recover|p2a: Toxapex\n|-heal|p2a: Toxapex|166/216\n|\n|-damage|p1a: Spiritomb|0 fnt|[from] psn\n|faint|p1a: Spiritomb\n|upkeep\n|\n|t:|1782789554\n|switch|p1a: Annihilape|Annihilape, L76, M|207/292\n|turn|87\n|\n|t:|1782789562\n|switch|p1a: Toxapex|Toxapex, L82, F|216/216\n|move|p2a: Toxapex|Toxic|p1a: Toxapex\n|-immune|p1a: Toxapex\n|\n|upkeep\n|turn|88\n|\n|t:|1782789566\n|switch|p2a: Cyclizar|Cyclizar, L83, F|252/252\n|move|p1a: Toxapex|Toxic Spikes|p2a: Cyclizar\n|-sidestart|p2: Starfacto|move: Toxic Spikes\n|\n|upkeep\n|turn|89\n|\n|t:|1782789570\n|switch|p2a: Toxapex|Toxapex, L82, F|216/216\n|-sideend|p2: Starfacto|move: Toxic Spikes|[of] p2a: Toxapex\n|move|p1a: Toxapex|Haze|p1a: Toxapex\n|-clearallboost\n|\n|upkeep\n|turn|90\n|\n|t:|1782789574\n|switch|p2a: Cyclizar|Cyclizar, L83, F|252/252\n|move|p1a: Toxapex|Toxic Spikes|p2a: Cyclizar\n|-sidestart|p2: Starfacto|move: Toxic Spikes\n|\n|upkeep\n|turn|91\n|\n|t:|1782789578\n|switch|p2a: Toxapex|Toxapex, L82, F|216/216\n|-sideend|p2: Starfacto|move: Toxic Spikes|[of] p2a: Toxapex\n|switch|p1a: Annihilape|Annihilape, L76, M|207/292\n|\n|-heal|p1a: Annihilape|225/292|[from] item: Leftovers\n|upkeep\n|turn|92\n|\n|t:|1782789585\n|switch|p1a: Toxapex|Toxapex, L82, F|216/216\n|move|p2a: Toxapex|Toxic|p1a: Toxapex\n|-immune|p1a: Toxapex\n|\n|upkeep\n|turn|93\n|\n|t:|1782789593\n|switch|p2a: Cyclizar|Cyclizar, L83, F|252/252\n|switch|p1a: Annihilape|Annihilape, L76, M|225/292\n|\n|-heal|p1a: Annihilape|243/292|[from] item: Leftovers\n|upkeep\n|turn|94\n|\n|t:|1782789598\n|move|p2a: Cyclizar|Shed Tail|p2a: Cyclizar\n|-start|p2a: Cyclizar|Substitute|[from] move: Shed Tail\n|-damage|p2a: Cyclizar|126/252\n|\n|t:|1782789601\n|switch|p2a: Toxapex|Toxapex, L82, F|216/216|[from] Shed Tail\n|move|p1a: Annihilape|Rage Fist|p2a: Toxapex\n|-crit|p2a: Toxapex\n|-end|p2a: Toxapex|Substitute\n|\n|-heal|p1a: Annihilape|261/292|[from] item: Leftovers\n|upkeep\n|turn|95\n|\n|t:|1782789610\n|switch|p1a: Toxapex|Toxapex, L82, F|216/216\n|move|p2a: Toxapex|Haze|p2a: Toxapex\n|-clearallboost\n|\n|upkeep\n|turn|96\n|\n|t:|1782789613\n|switch|p1a: Annihilape|Annihilape, L76, M|261/292\n|switch|p2a: Cyclizar|Cyclizar, L83, F|210/252\n|\n|-heal|p1a: Annihilape|279/292|[from] item: Leftovers\n|upkeep\n|turn|97\n|\n|t:|1782789615\n|switch|p2a: Toxapex|Toxapex, L82, F|216/216\n|move|p1a: Annihilape|Rage Fist|p2a: Toxapex\n|-damage|p2a: Toxapex|152/216\n|-damage|p1a: Annihilape|231/292|[from] item: Rocky Helmet|[of] p2a: Toxapex\n|\n|-heal|p1a: Annihilape|249/292|[from] item: Leftovers\n|upkeep\n|turn|98\n|\n|t:|1782789628\n|switch|p1a: Toxapex|Toxapex, L82, F|216/216\n|move|p2a: Toxapex|Toxic|p1a: Toxapex\n|-immune|p1a: Toxapex\n|\n|upkeep\n|turn|99\n|\n|t:|1782789631\n|switch|p2a: Cyclizar|Cyclizar, L83, F|252/252\n|switch|p1a: Annihilape|Annihilape, L76, M|249/292\n|\n|-heal|p1a: Annihilape|267/292|[from] item: Leftovers\n|upkeep\n|turn|100\n|\n|t:|1782789636\n|switch|p2a: Toxapex|Toxapex, L82, F|216/216\n|move|p1a: Annihilape|Bulk Up|p1a: Annihilape\n|-boost|p1a: Annihilape|atk|1\n|-boost|p1a: Annihilape|def|1\n|\n|-heal|p1a: Annihilape|285/292|[from] item: Leftovers\n|upkeep\n|turn|101\n|\n|t:|1782789640\n|move|p1a: Annihilape|Rage Fist|p2a: Toxapex\n|-damage|p2a: Toxapex|122/216\n|-damage|p1a: Annihilape|237/292|[from] item: Rocky Helmet|[of] p2a: Toxapex\n|move|p2a: Toxapex|Haze|p2a: Toxapex\n|-clearallboost\n|\n|-heal|p1a: Annihilape|255/292|[from] item: Leftovers\n|upkeep\n|turn|102\n|\n|t:|1782789647\n|move|p1a: Annihilape|Bulk Up|p1a: Annihilape\n|-boost|p1a: Annihilape|atk|1\n|-boost|p1a: Annihilape|def|1\n|move|p2a: Toxapex|Recover|p2a: Toxapex\n|-heal|p2a: Toxapex|216/216\n|\n|-heal|p1a: Annihilape|273/292|[from] item: Leftovers\n|upkeep\n|turn|103\n|\n|t:|1782789649\n|switch|p1a: Toxapex|Toxapex, L82, F|216/216\n|move|p2a: Toxapex|Toxic|p1a: Toxapex\n|-immune|p1a: Toxapex\n|\n|upkeep\n|turn|104\n|\n|t:|1782789651\n|switch|p2a: Cyclizar|Cyclizar, L83, F|252/252\n|move|p1a: Toxapex|Toxic Spikes|p2a: Cyclizar\n|-sidestart|p2: Starfacto|move: Toxic Spikes\n|\n|upkeep\n|turn|105\n|\n|t:|1782789654\n|switch|p2a: Toxapex|Toxapex, L82, F|216/216\n|-sideend|p2: Starfacto|move: Toxic Spikes|[of] p2a: Toxapex\n|switch|p1a: Annihilape|Annihilape, L76, M|273/292\n|\n|-heal|p1a: Annihilape|291/292|[from] item: Leftovers\n|upkeep\n|turn|106\n|\n|t:|1782789659\n|switch|p1a: Toxapex|Toxapex, L82, F|216/216\n|move|p2a: Toxapex|Toxic|p1a: Toxapex\n|-immune|p1a: Toxapex\n|\n|upkeep\n|turn|107\n|\n|t:|1782789661\n|switch|p2a: Cyclizar|Cyclizar, L83, F|252/252\n|move|p1a: Toxapex|Toxic Spikes|p2a: Cyclizar\n|-sidestart|p2: Starfacto|move: Toxic Spikes\n|\n|upkeep\n|turn|108\n|\n|t:|1782789665\n|switch|p2a: Toxapex|Toxapex, L82, F|216/216\n|-sideend|p2: Starfacto|move: Toxic Spikes|[of] p2a: Toxapex\n|switch|p1a: Annihilape|Annihilape, L76, M|291/292\n|\n|-heal|p1a: Annihilape|292/292|[from] item: Leftovers\n|upkeep\n|turn|109\n|\n|t:|1782789668\n|switch|p1a: Toxapex|Toxapex, L82, F|216/216\n|switch|p2a: Cyclizar|Cyclizar, L83, F|252/252\n|\n|upkeep\n|turn|110\n|\n|t:|1782789670\n|switch|p2a: Toxapex|Toxapex, L82, F|216/216\n|switch|p1a: Annihilape|Annihilape, L76, M|292/292\n|\n|upkeep\n|turn|111\n|\n|t:|1782789675\n|move|p1a: Annihilape|Bulk Up|p1a: Annihilape\n|-boost|p1a: Annihilape|atk|1\n|-boost|p1a: Annihilape|def|1\n|move|p2a: Toxapex|Haze|p2a: Toxapex\n|-clearallboost\n|\n|upkeep\n|turn|112\n|\n|t:|1782789679\n|switch|p1a: Toxapex|Toxapex, L82, F|216/216\n|move|p2a: Toxapex|Haze|p2a: Toxapex\n|-clearallboost\n|\n|upkeep\n|turn|113\n|\n|t:|1782789681\n|switch|p2a: Cyclizar|Cyclizar, L83, F|252/252\n|move|p1a: Toxapex|Toxic Spikes|p2a: Cyclizar\n|-sidestart|p2: Starfacto|move: Toxic Spikes\n|\n|upkeep\n|turn|114\n|\n|t:|1782789685\n|switch|p2a: Toxapex|Toxapex, L82, F|216/216\n|-sideend|p2: Starfacto|move: Toxic Spikes|[of] p2a: Toxapex\n|switch|p1a: Annihilape|Annihilape, L76, M|292/292\n|\n|upkeep\n|turn|115\n|\n|t:|1782789690\n|move|p1a: Annihilape|Rage Fist|p2a: Toxapex\n|-damage|p2a: Toxapex|155/216\n|-damage|p1a: Annihilape|244/292|[from] item: Rocky Helmet|[of] p2a: Toxapex\n|move|p2a: Toxapex|Toxic|p1a: Annihilape\n|-status|p1a: Annihilape|tox\n|\n|-heal|p1a: Annihilape|262/292 tox|[from] item: Leftovers\n|-damage|p1a: Annihilape|244/292 tox|[from] psn\n|upkeep\n|turn|116\n|-message|pop smoke forfeited.\n|\n|win|Starfacto\n|raw|pop smoke's rating: 2268 &rarr; <strong>2244</strong><br />(-24 for losing)\n|raw|Starfacto's rating: 2197 &rarr; <strong>2221</strong><br />(+24 for winning)\n|l|\u2606pop smoke\n|player|p1|\n", "inputlog": ">version f8ac14003a5f27e1bdc8d8c59608a773c1cb96e5\n>start {\"formatid\":\"gen9randombattle\",\"seed\":\"sodium,32d6a819bd39fc41473a3f232352f17c\",\"rated\":\"Rated battle\"}\n>player p1 {\"name\":\"pop smoke\",\"avatar\":\"#wcop2025uswest2\",\"rating\":2268,\"seed\":\"sodium,493d98a6d88e83477d819660548a66c3\"}\n>player p2 {\"name\":\"Starfacto\",\"avatar\":\"boarder\",\"rating\":2197,\"seed\":\"sodium,1f63903ab9d1e0978f357c20178d40da\"}\n>p1 move swordsdance\n>p2 move lashout\n>p1 move wavecrash\n>p2 move lashout\n>p1 switch 4\n>p2 switch 5\n>p1 move toxicspikes\n>p2 move shedtail\n>p2 switch 6\n>p1 move liquidation\n>p2 move fakeout\n>p1 move liquidation\n>p2 move wildcharge\n>p1 switch 2\n>p2 move voltswitch\n>p2 switch 4\n>p1 switch 2\n>p2 switch 6\n>p1 move toxicspikes\n>p2 move dracometeor\n>p1 switch 2\n>p2 move knockoff\n>p1 move foulplay\n>p2 switch 6\n>p1 move poltergeist\n>p2 switch 6\n>p1 move painsplit\n>p2 switch 6\n>p1 switch 2\n>p2 switch 6\n>p1 move toxicspikes\n>p2 move knockoff\n>p1 switch 2\n>p2 move shedtail\n>p2 switch 6\n>p1 switch 2\n>p2 move toxic\n>p1 move toxicspikes\n>p2 move liquidation\n>p1 move toxicspikes\n>p2 move liquidation\n>p1 move liquidation\n>p2 move liquidation\n>p1 move haze\n>p2 move liquidation\n>p1 switch 3\n>p2 switch 6\n>p1 move nastyplot\n>p2 switch 6\n>p1 move hypervoice terastallize\n>p2 move toxic\n>p1 move hypervoice\n>p2 switch 3\n>p2 switch 2\n>p1 move hypervoice\n>p2 move earthquake\n>p1 switch 5\n>p1 move bulkup\n>p2 move earthquake\n>p1 switch 6\n>p2 move earthquake\n>p1 move dragondance\n>p2 switch 3\n>p1 move earthquake\n>p2 switch 3\n>p1 move dragondance\n>p2 move knockoff\n>p1 move earthquake\n>p2 move knockoff\n>p1 move earthquake\n>p2 move knockoff\n>p2 switch 4\n>p1 move earthquake\n>p2 move fakeout\n>p1 move earthquake\n>p2 move voltswitch\n>p2 switch 6\n>p1 switch 2\n>p1 move poltergeist\n>p2 move dracometeor\n>p1 move painsplit\n>p2 move shedtail\n>p2 switch 3\n>p1 move poltergeist\n>p2 switch 6\n>p2 switch 3\n>p1 move painsplit\n>p2 move dracometeor\n>p1 move poltergeist\n>p2 switch 6\n>p1 switch 3\n>p2 move toxic\n>p1 move liquidation\n>p2 switch 6\n>p1 move toxicspikes\n>p2 switch 6\n>p1 move haze\n>p2 move liquidation\n>p1 move haze\n>p2 move liquidation\n>p1 move haze\n>p2 switch 6\n>p1 move recover\n>p2 move rapidspin\n>p1 move toxicspikes\n>p2 move rapidspin\n>p1 move liquidation\n>p2 move rapidspin\n>p1 move recover\n>p2 move rapidspin\n>p1 switch 6\n>p2 move rapidspin\n>p1 switch 6\n>p2 move shedtail\n>p2 switch 6\n>p1 move toxicspikes\n>p2 move liquidation\n>p1 move haze\n>p2 switch 6\n>p1 move liquidation\n>p2 switch 6\n>p1 move toxicspikes\n>p2 switch 6\n>p1 move liquidation\n>p2 switch 6\n>p1 move toxicspikes\n>p2 switch 6\n>p1 switch 6\n>p2 switch 6\n>p1 switch 6\n>p2 move toxic\n>p1 switch 6\n>p2 switch 6\n>p1 move drainpunch\n>p2 move shedtail\n>p2 switch 6\n>p1 switch 6\n>p2 move toxic\n>p1 move toxicspikes\n>p2 switch 6\n>p1 move liquidation\n>p2 move rapidspin\n>p1 move toxicspikes\n>p2 move knockoff\n>p1 move liquidation\n>p2 switch 6\n>p1 move toxicspikes\n>p2 move toxic\n>p1 move haze\n>p2 switch 6\n>p1 switch 3\n>p2 move knockoff\n>p1 switch 3\n>p2 move dracometeor\n>p1 switch 3\n>p2 switch 6\n>p1 switch 3\n>p2 move toxic\n>p1 switch 3\n>p2 switch 6\n>p1 switch 3\n>p2 move knockoff\n>p1 move liquidation\n>p2 switch 6\n>p1 move toxicspikes\n>p2 switch 6\n>p1 switch 3\n>p2 switch 6\n>p1 move painsplit\n>p2 switch 6\n>p1 move foulplay\n>p2 switch 6\n>p1 switch 3\n>p2 switch 6\n>p1 switch 3\n>p2 switch 6\n>p1 move painsplit\n>p2 move toxic\n>p1 move poltergeist\n>p2 switch 6\n>p1 move poltergeist\n>p2 switch 6\n>p1 move painsplit\n>p2 move liquidation\n>p1 move painsplit\n>p2 move recover\n>p1 switch 6\n>p1 switch 3\n>p2 move toxic\n>p1 move toxicspikes\n>p2 switch 6\n>p1 move haze\n>p2 switch 6\n>p1 move toxicspikes\n>p2 switch 6\n>p1 switch 3\n>p2 switch 6\n>p1 switch 3\n>p2 move toxic\n>p1 switch 3\n>p2 switch 6\n>p1 move ragefist\n>p2 move shedtail\n>p2 switch 6\n>p1 switch 3\n>p2 move haze\n>p1 switch 3\n>p2 switch 6\n>p1 move ragefist\n>p2 switch 6\n>p1 switch 3\n>p2 move toxic\n>p1 switch 3\n>p2 switch 6\n>p1 move bulkup\n>p2 switch 6\n>p1 move ragefist\n>p2 move haze\n>p1 move bulkup\n>p2 move recover\n>p1 switch 3\n>p2 move toxic\n>p1 move toxicspikes\n>p2 switch 6\n>p1 switch 3\n>p2 switch 6\n>p1 switch 3\n>p2 move toxic\n>p1 move toxicspikes\n>p2 switch 6\n>p1 switch 3\n>p2 switch 6\n>p1 switch 3\n>p2 switch 6\n>p1 switch 3\n>p2 switch 6\n>p1 move bulkup\n>p2 move haze\n>p1 switch 3\n>p2 move haze\n>p1 move toxicspikes\n>p2 switch 6\n>p1 switch 3\n>p2 switch 6\n>p1 move ragefist\n>p2 move toxic\n>forcelose p1", "uploadtime": 1782788906, "views": 9, "formatid": "gen9randombattle", "rating": 2221, "private": 0, "password": null, "player_dets": [{"name": "pop smoke", "avatar": "#wcop2025uswest2", "rating": 2268, "seed": "sodium,493d98a6d88e83477d819660548a66c3"}, {"name": "Starfacto", "avatar": "boarder", "rating": 2197, "seed": "sodium,1f63903ab9d1e0978f357c20178d40da"}], "teams_full": [{"Bruxish": {"name": "Bruxish", "species": "Bruxish", "speciesId": "bruxish", "gender": "F", "shiny": false, "level": 85, "moves": ["crunch", "psychicfangs", "wavecrash", "swordsdance"], "ability": "Strong Jaw", "evs": {"hp": 85, "atk": 85, "def": 85, "spa": 85, "spd": 85, "spe": 85}, "ivs": {"hp": 31, "atk": 31, "def": 31, "spa": 31, "spd": 31, "spe": 31}, "item": "Life Orb", "teraType": "Dark", "role": "Fast Attacker", "bvs": {"hp": 68, "atk": 105, "def": 70, "spa": 70, "spd": 70, "spe": 92}, "stats": {"hp": 254, "atk": 227, "def": 168, "spa": 168, "spd": 168, "spe": 205}, "types": ["Water", "Psychic"]}, "Spiritomb": {"name": "Spiritomb", "species": "Spiritomb", "speciesId": "spiritomb", "gender": "F", "shiny": false, "level": 89, "moves": ["shadowsneak", "painsplit", "foulplay", "poltergeist"], "ability": "Infiltrator", "evs": {"hp": 85, "atk": 85, "def": 85, "spa": 85, "spd": 85, "spe": 85}, "ivs": {"hp": 31, "atk": 31, "def": 31, "spa": 31, "spd": 31, "spe": 31}, "item": "Leftovers", "teraType": "Ghost", "role": "Bulky Support", "bvs": {"hp": 50, "atk": 92, "def": 108, "spa": 92, "spd": 108, "spe": 35}, "stats": {"hp": 234, "atk": 215, "def": 243, "spa": 215, "spd": 243, "spe": 113}, "types": ["Ghost", "Dark"]}, "Noctowl": {"name": "Noctowl", "species": "Noctowl", "speciesId": "noctowl", "gender": "F", "shiny": false, "level": 95, "moves": ["roost", "hurricane", "hypervoice", "nastyplot"], "ability": "Tinted Lens", "evs": {"hp": 85, "atk": 0, "def": 85, "spa": 85, "spd": 85, "spe": 85}, "ivs": {"hp": 31, "atk": 0, "def": 31, "spa": 31, "spd": 31, "spe": 31}, "item": "Heavy-Duty Boots", "teraType": "Steel", "role": "Bulky Attacker", "bvs": {"hp": 100, "atk": 50, "def": 50, "spa": 86, "spd": 96, "spe": 70}, "stats": {"hp": 344, "atk": 100, "def": 149, "spa": 217, "spd": 236, "spe": 187}, "types": ["Normal", "Flying"]}, "Toxapex": {"name": "Toxapex", "species": "Toxapex", "speciesId": "toxapex", "gender": "F", "shiny": false, "level": 82, "moves": ["haze", "recover", "liquidation", "toxicspikes"], "ability": "Regenerator", "evs": {"hp": 85, "atk": 85, "def": 85, "spa": 85, "spd": 85, "spe": 85}, "ivs": {"hp": 31, "atk": 31, "def": 31, "spa": 31, "spd": 31, "spe": 31}, "item": "Rocky Helmet", "teraType": "Flying", "role": "Bulky Support", "bvs": {"hp": 50, "atk": 63, "def": 152, "spa": 53, "spd": 142, "spe": 35}, "stats": {"hp": 216, "atk": 150, "def": 296, "spa": 134, "spd": 280, "spe": 105}, "types": ["Poison", "Water"]}, "Annihilape": {"name": "Annihilape", "species": "Annihilape", "speciesId": "annihilape", "gender": "M", "shiny": false, "level": 76, "moves": ["ragefist", "gunkshot", "bulkup", "drainpunch"], "ability": "Defiant", "evs": {"hp": 85, "atk": 85, "def": 85, "spa": 85, "spd": 85, "spe": 85}, "ivs": {"hp": 31, "atk": 31, "def": 31, "spa": 31, "spd": 31, "spe": 31}, "item": "Leftovers", "teraType": "Water", "role": "Bulky Setup", "bvs": {"hp": 110, "atk": 115, "def": 80, "spa": 50, "spd": 90, "spe": 90}, "stats": {"hp": 292, "atk": 219, "def": 166, "spa": 120, "spd": 181, "spe": 181}, "types": ["Fighting", "Ghost"]}, "Dragonite": {"name": "Dragonite", "species": "Dragonite", "speciesId": "dragonite", "gender": "M", "shiny": false, "level": 74, "moves": ["outrage", "dragondance", "earthquake", "terablast"], "ability": "Multiscale", "evs": {"hp": 85, "atk": 85, "def": 85, "spa": 85, "spd": 85, "spe": 85}, "ivs": {"hp": 31, "atk": 31, "def": 31, "spa": 31, "spd": 31, "spe": 31}, "item": "Heavy-Duty Boots", "teraType": "Flying", "role": "Tera Blast user", "bvs": {"hp": 91, "atk": 134, "def": 95, "spa": 100, "spd": 100, "spe": 80}, "stats": {"hp": 257, "atk": 241, "def": 184, "spa": 191, "spd": 191, "spe": 161}, "types": ["Dragon", "Flying"]}}, {"Oinkologne": {"name": "Oinkologne", "species": "Oinkologne", "speciesId": "oinkologne", "gender": "M", "shiny": false, "level": 92, "moves": ["lashout", "curse", "doubleedge", "highhorsepower"], "ability": "Thick Fat", "evs": {"hp": 85, "atk": 85, "def": 85, "spa": 85, "spd": 85, "spe": 85}, "ivs": {"hp": 31, "atk": 31, "def": 31, "spa": 31, "spd": 31, "spe": 31}, "item": "Leftovers", "teraType": "Ground", "role": "Bulky Setup", "bvs": {"hp": 110, "atk": 100, "def": 75, "spa": 59, "spd": 80, "spe": 65}, "stats": {"hp": 352, "atk": 236, "def": 190, "spa": 161, "spd": 200, "spe": 172}, "types": ["Normal"]}, "Krookodile": {"name": "Krookodile", "species": "Krookodile", "speciesId": "krookodile", "gender": "F", "shiny": false, "level": 79, "moves": ["knockoff", "stoneedge", "earthquake", "gunkshot"], "ability": "Intimidate", "evs": {"hp": 85, "atk": 85, "def": 85, "spa": 85, "spd": 85, "spe": 85}, "ivs": {"hp": 31, "atk": 31, "def": 31, "spa": 31, "spd": 31, "spe": 31}, "item": "Choice Band", "teraType": "Poison", "role": "Fast Attacker", "bvs": {"hp": 95, "atk": 117, "def": 80, "spa": 65, "spd": 70, "spe": 92}, "stats": {"hp": 280, "atk": 230, "def": 172, "spa": 148, "spd": 156, "spe": 191}, "types": ["Ground", "Dark"]}, "Leafeon": {"name": "Leafeon", "species": "Leafeon", "speciesId": "leafeon", "gender": "F", "shiny": false, "level": 88, "moves": ["knockoff", "leafblade", "swordsdance", "doubleedge"], "ability": "Chlorophyll", "evs": {"hp": 85, "atk": 85, "def": 85, "spa": 85, "spd": 85, "spe": 85}, "ivs": {"hp": 31, "atk": 31, "def": 31, "spa": 31, "spd": 31, "spe": 31}, "item": "Life Orb", "teraType": "Dark", "role": "Setup Sweeper", "bvs": {"hp": 65, "atk": 110, "def": 130, "spa": 60, "spd": 65, "spe": 95}, "stats": {"hp": 258, "atk": 244, "def": 279, "spa": 156, "spd": 165, "spe": 217}, "types": ["Grass"]}, "Toxapex": {"name": "Toxapex", "species": "Toxapex", "speciesId": "toxapex", "gender": "F", "shiny": false, "level": 82, "moves": ["recover", "liquidation", "toxic", "haze"], "ability": "Regenerator", "evs": {"hp": 85, "atk": 85, "def": 85, "spa": 85, "spd": 85, "spe": 85}, "ivs": {"hp": 31, "atk": 31, "def": 31, "spa": 31, "spd": 31, "spe": 31}, "item": "Rocky Helmet", "teraType": "Flying", "role": "Bulky Support", "bvs": {"hp": 50, "atk": 63, "def": 152, "spa": 53, "spd": 142, "spe": 35}, "stats": {"hp": 216, "atk": 150, "def": 296, "spa": 134, "spd": 280, "spe": 105}, "types": ["Poison", "Water"]}, "Cyclizar": {"name": "Cyclizar", "species": "Cyclizar", "speciesId": "cyclizar", "gender": "F", "shiny": false, "level": 83, "moves": ["rapidspin", "knockoff", "shedtail", "dracometeor"], "ability": "Regenerator", "evs": {"hp": 85, "atk": 85, "def": 85, "spa": 85, "spd": 85, "spe": 85}, "ivs": {"hp": 31, "atk": 31, "def": 31, "spa": 31, "spd": 31, "spe": 31}, "item": "Heavy-Duty Boots", "teraType": "Fairy", "role": "Fast Support", "bvs": {"hp": 70, "atk": 95, "def": 65, "spa": 85, "spd": 65, "spe": 121}, "stats": {"hp": 252, "atk": 205, "def": 156, "spa": 189, "spd": 156, "spe": 249}, "types": ["Dragon", "Normal"]}, "Iron Hands": {"name": "Iron Hands", "species": "Iron Hands", "speciesId": "ironhands", "gender": "N", "shiny": false, "level": 79, "moves": ["drainpunch", "voltswitch", "fakeout", "wildcharge"], "ability": "Quark Drive", "evs": {"hp": 85, "atk": 85, "def": 85, "spa": 85, "spd": 85, "spe": 85}, "ivs": {"hp": 31, "atk": 31, "def": 31, "spa": 31, "spd": 31, "spe": 31}, "item": "Assault Vest", "teraType": "Fighting", "role": "AV Pivot", "bvs": {"hp": 154, "atk": 140, "def": 108, "spa": 50, "spd": 68, "spe": 50}, "stats": {"hp": 373, "atk": 267, "def": 216, "spa": 125, "spd": 153, "spe": 125}, "types": ["Fighting", "Electric"]}}]}