{"id": "gen9randombattle-2641085079", "format": "[Gen 9] Random Battle", "players": ["Ctannn", "Dghfff"], "log": "|badge|p1|bronze|gen9ou|100-9\n|uhtml|medal-msg|<div class=\"broadcast-blue\">Curious what those medals under the avatar are? PS now has Ladder Seasons! For more information, check out the <a href=\"https://www.smogon.com/forums/threads/3740067/\">thread on Smogon.</a></div>\n|j|\u2606Ctannn\n|j|\u2606Dghfff\n|t:|1782738266\n|gametype|singles\n|player|p1|Ctannn|102|2131\n|player|p2|Dghfff|266|2153\n|gen|9\n|tier|[Gen 9] Random Battle\n|rated|\n|rule|Species Clause: Limit one of each Pok\u00e9mon\n|rule|HP Percentage Mod: HP is shown in percentages\n|rule|Sleep Clause Mod: Limit one foe put to sleep\n|rule|Illusion Level Mod: Illusion disguises the Pok\u00e9mon's true level\n|\n|t:|1782738266\n|teamsize|p1|6\n|teamsize|p2|6\n|start\n|switch|p1a: Morpeko|Morpeko, L88, M|245/245\n|switch|p2a: Kommo-o|Kommo-o, L78, M|245/245\n|turn|1\n|inactive|Battle timer is ON: inactive players will automatically lose when time's up. (requested by Ctannn)\n|\n|t:|1782738282\n|switch|p1a: Tentacruel|Tentacruel, L84, F|272/272\n|move|p2a: Kommo-o|Clangorous Soul|p2a: Kommo-o\n|-boost|p2a: Kommo-o|atk|1\n|-boost|p2a: Kommo-o|def|1\n|-boost|p2a: Kommo-o|spa|1\n|-boost|p2a: Kommo-o|spd|1\n|-boost|p2a: Kommo-o|spe|1\n|-damage|p2a: Kommo-o|165/245\n|-enditem|p2a: Kommo-o|Throat Spray\n|-boost|p2a: Kommo-o|spa|1|[from] item: Throat Spray\n|\n|upkeep\n|turn|2\n|\n|t:|1782738288\n|move|p2a: Kommo-o|Clanging Scales|p1a: Tentacruel\n|-damage|p1a: Tentacruel|110/272\n|-unboost|p2a: Kommo-o|def|1\n|move|p1a: Tentacruel|Haze|p1a: Tentacruel\n|-clearallboost\n|\n|-heal|p1a: Tentacruel|127/272|[from] item: Leftovers\n|upkeep\n|turn|3\n|\n|t:|1782738299\n|move|p1a: Tentacruel|Toxic|p2a: Kommo-o\n|-status|p2a: Kommo-o|tox\n|move|p2a: Kommo-o|Clangorous Soul|p2a: Kommo-o\n|-boost|p2a: Kommo-o|atk|1\n|-boost|p2a: Kommo-o|def|1\n|-boost|p2a: Kommo-o|spa|1\n|-boost|p2a: Kommo-o|spd|1\n|-boost|p2a: Kommo-o|spe|1\n|-damage|p2a: Kommo-o|85/245 tox\n|\n|-heal|p1a: Tentacruel|144/272|[from] item: Leftovers\n|-damage|p2a: Kommo-o|70/245 tox|[from] psn\n|upkeep\n|turn|4\n|\n|t:|1782738304\n|move|p2a: Kommo-o|Clanging Scales|p1a: Tentacruel\n|-damage|p1a: Tentacruel|14/272\n|-unboost|p2a: Kommo-o|def|1\n|move|p1a: Tentacruel|Haze|p1a: Tentacruel\n|-clearallboost\n|\n|-heal|p1a: Tentacruel|31/272|[from] item: Leftovers\n|-damage|p2a: Kommo-o|40/245 tox|[from] psn\n|upkeep\n|turn|5\n|\n|t:|1782738308\n|move|p1a: Tentacruel|Sludge Bomb|p2a: Kommo-o\n|-damage|p2a: Kommo-o|0 fnt\n|faint|p2a: Kommo-o\n|\n|-heal|p1a: Tentacruel|48/272|[from] item: Leftovers\n|upkeep\n|\n|t:|1782738322\n|switch|p2a: Hypno|Hypno, L95, F|315/315\n|turn|6\n|\n|t:|1782738331\n|switch|p1a: Morpeko|Morpeko, L88, M|245/245\n|move|p2a: Hypno|Psychic Noise|p1a: Morpeko\n|-immune|p1a: Morpeko\n|\n|-formechange|p1a: Morpeko|Morpeko-Hangry||[from] ability: Hunger Switch\n|upkeep\n|turn|7\n|\n|t:|1782738339\n|switch|p2a: Glimmora|Glimmora, L75, M|248/248\n|move|p1a: Morpeko|Aura Wheel|p2a: Glimmora\n|-damage|p2a: Glimmora|121/248\n|-boost|p1a: Morpeko|spe|1\n|-activate|p2a: Glimmora|ability: Toxic Debris\n|-sidestart|p1: Ctannn|move: Toxic Spikes\n|\n|-formechange|p1a: Morpeko|Morpeko||[from] ability: Hunger Switch\n|upkeep\n|turn|8\n|\n|t:|1782738343\n|switch|p2a: Gliscor|Gliscor, L76, M|239/239\n|move|p1a: Morpeko|Aura Wheel|p2a: Gliscor\n|-immune|p2a: Gliscor\n|\n|-status|p2a: Gliscor|tox|[from] item: Toxic Orb\n|-formechange|p1a: Morpeko|Morpeko-Hangry||[from] ability: Hunger Switch\n|upkeep\n|turn|9\n|\n|t:|1782738346\n|move|p1a: Morpeko|Parting Shot|p2a: Gliscor\n|-unboost|p2a: Gliscor|atk|1\n|-unboost|p2a: Gliscor|spa|1\n|\n|t:|1782738354\n|switch|p1a: Tentacruel|Tentacruel, L84, F|48/272|[from] Parting Shot\n|-sideend|p1: Ctannn|move: Toxic Spikes|[of] p1a: Tentacruel\n|move|p2a: Gliscor|Substitute|p2a: Gliscor\n|-start|p2a: Gliscor|Substitute\n|-damage|p2a: Gliscor|180/239 tox\n|\n|-heal|p1a: Tentacruel|65/272|[from] item: Leftovers\n|-heal|p2a: Gliscor|209/239 tox|[from] ability: Poison Heal\n|upkeep\n|turn|10\n|\n|t:|1782738361\n|move|p1a: Tentacruel|Surf|p2a: Gliscor\n|-supereffective|p2a: Gliscor\n|-end|p2a: Gliscor|Substitute\n|move|p2a: Gliscor|Earthquake|p1a: Tentacruel\n|-supereffective|p1a: Tentacruel\n|-damage|p1a: Tentacruel|0 fnt\n|faint|p1a: Tentacruel\n|\n|-heal|p2a: Gliscor|238/239 tox|[from] ability: Poison Heal\n|upkeep\n|\n|t:|1782738363\n|switch|p1a: Kleavor|Kleavor, L78, F|237/237\n|turn|11\n|\n|t:|1782738372\n|move|p2a: Gliscor|Toxic|p1a: Kleavor\n|-status|p1a: Kleavor|tox\n|move|p1a: Kleavor|Swords Dance|p1a: Kleavor\n|-boost|p1a: Kleavor|atk|2\n|\n|-heal|p2a: Gliscor|239/239 tox|[from] ability: Poison Heal\n|-damage|p1a: Kleavor|223/237 tox|[from] psn\n|upkeep\n|turn|12\n|\n|t:|1782738379\n|move|p2a: Gliscor|Protect|p2a: Gliscor\n|-singleturn|p2a: Gliscor|Protect\n|move|p1a: Kleavor|Stone Axe|p2a: Gliscor\n|-activate|p2a: Gliscor|move: Protect\n|\n|-damage|p1a: Kleavor|195/237 tox|[from] psn\n|upkeep\n|turn|13\n|\n|t:|1782738385\n|move|p2a: Gliscor|Substitute|p2a: Gliscor\n|-start|p2a: Gliscor|Substitute\n|-damage|p2a: Gliscor|180/239 tox\n|move|p1a: Kleavor|Stone Axe|p2a: Gliscor\n|-end|p2a: Gliscor|Substitute\n|-sidestart|p2: Dghfff|move: Stealth Rock\n|\n|-heal|p2a: Gliscor|209/239 tox|[from] ability: Poison Heal\n|-damage|p1a: Kleavor|153/237 tox|[from] psn\n|upkeep\n|turn|14\n|\n|t:|1782738391\n|move|p2a: Gliscor|Protect|p2a: Gliscor\n|-singleturn|p2a: Gliscor|Protect\n|move|p1a: Kleavor|X-Scissor|p2a: Gliscor\n|-activate|p2a: Gliscor|move: Protect\n|\n|-heal|p2a: Gliscor|238/239 tox|[from] ability: Poison Heal\n|-damage|p1a: Kleavor|97/237 tox|[from] psn\n|upkeep\n|turn|15\n|\n|t:|1782738394\n|move|p2a: Gliscor|Substitute|p2a: Gliscor\n|-start|p2a: Gliscor|Substitute\n|-damage|p2a: Gliscor|179/239 tox\n|move|p1a: Kleavor|X-Scissor|p2a: Gliscor\n|-resisted|p2a: Gliscor\n|-end|p2a: Gliscor|Substitute\n|\n|-heal|p2a: Gliscor|208/239 tox|[from] ability: Poison Heal\n|-damage|p1a: Kleavor|27/237 tox|[from] psn\n|upkeep\n|turn|16\n|\n|t:|1782738397\n|move|p2a: Gliscor|Substitute|p2a: Gliscor\n|-start|p2a: Gliscor|Substitute\n|-damage|p2a: Gliscor|149/239 tox\n|move|p1a: Kleavor|X-Scissor|p2a: Gliscor\n|-resisted|p2a: Gliscor\n|-end|p2a: Gliscor|Substitute\n|\n|-heal|p2a: Gliscor|178/239 tox|[from] ability: Poison Heal\n|-damage|p1a: Kleavor|0 fnt|[from] psn\n|faint|p1a: Kleavor\n|upkeep\n|\n|t:|1782738400\n|switch|p1a: Iron Bundle|Iron Bundle, L78|215/215\n|turn|17\n|\n|t:|1782738407\n|switch|p2a: Hypno|Hypno, L95, F|315/315\n|-damage|p2a: Hypno|276/315|[from] Stealth Rock\n|move|p1a: Iron Bundle|Freeze-Dry|p2a: Hypno\n|-damage|p2a: Hypno|197/315\n|\n|-heal|p2a: Hypno|216/315|[from] item: Leftovers\n|upkeep\n|turn|18\n|\n|t:|1782738416\n|-end|p1a: Iron Bundle|Quark Drive|[silent]\n|switch|p1a: Morpeko|Morpeko, L88, M|245/245\n|move|p2a: Hypno|Knock Off|p1a: Morpeko\n|-resisted|p1a: Morpeko\n|-damage|p1a: Morpeko|196/245\n|-enditem|p1a: Morpeko|Heavy-Duty Boots|[from] move: Knock Off|[of] p2a: Hypno\n|\n|-heal|p2a: Hypno|235/315|[from] item: Leftovers\n|-formechange|p1a: Morpeko|Morpeko-Hangry||[from] ability: Hunger Switch\n|upkeep\n|turn|19\n|\n|t:|1782738421\n|switch|p2a: Glimmora|Glimmora, L75, M|121/248\n|-damage|p2a: Glimmora|90/248|[from] Stealth Rock\n|move|p1a: Morpeko|Aura Wheel|p2a: Glimmora\n|-damage|p2a: Glimmora|0 fnt\n|-boost|p1a: Morpeko|spe|1\n|-activate|p2a: Glimmora|ability: Toxic Debris\n|-sidestart|p1: Ctannn|move: Toxic Spikes\n|faint|p2a: Glimmora\n|\n|-formechange|p1a: Morpeko|Morpeko||[from] ability: Hunger Switch\n|upkeep\n|\n|t:|1782738424\n|switch|p2a: Gliscor|Gliscor, L76, M|178/239 tox\n|-damage|p2a: Gliscor|149/239 tox|[from] Stealth Rock\n|turn|20\n|\n|t:|1782738427\n|move|p1a: Morpeko|Rapid Spin|p2a: Gliscor\n|-damage|p2a: Gliscor|114/239 tox\n|-boost|p1a: Morpeko|spe|1\n|-sideend|p1: Ctannn|Toxic Spikes|[from] move: Rapid Spin|[of] p1a: Morpeko\n|move|p2a: Gliscor|Earthquake|p1a: Morpeko\n|-supereffective|p1a: Morpeko\n|-damage|p1a: Morpeko|0 fnt\n|faint|p1a: Morpeko\n|\n|-heal|p2a: Gliscor|143/239 tox|[from] ability: Poison Heal\n|upkeep\n|\n|t:|1782738431\n|switch|p1a: Iron Bundle|Iron Bundle, L78|215/215\n|turn|21\n|\n|t:|1782738434\n|move|p2a: Gliscor|Protect|p2a: Gliscor\n|-singleturn|p2a: Gliscor|Protect\n|move|p1a: Iron Bundle|Freeze-Dry|p2a: Gliscor\n|-activate|p2a: Gliscor|move: Protect\n|\n|-heal|p2a: Gliscor|172/239 tox|[from] ability: Poison Heal\n|upkeep\n|turn|22\n|\n|t:|1782738441\n|move|p1a: Iron Bundle|Freeze-Dry|p2a: Gliscor\n|-supereffective|p2a: Gliscor\n|-damage|p2a: Gliscor|0 fnt\n|faint|p2a: Gliscor\n|\n|upkeep\n|\n|t:|1782738445\n|switch|p2a: Hypno|Hypno, L95, F|235/315\n|-damage|p2a: Hypno|196/315|[from] Stealth Rock\n|turn|23\n|\n|t:|1782738451\n|move|p1a: Iron Bundle|Freeze-Dry|p2a: Hypno\n|-damage|p2a: Hypno|117/315\n|-status|p2a: Hypno|frz\n|cant|p2a: Hypno|frz\n|\n|-heal|p2a: Hypno|136/315 frz|[from] item: Leftovers\n|upkeep\n|turn|24\n|\n|t:|1782738455\n|move|p1a: Iron Bundle|Freeze-Dry|p2a: Hypno\n|-damage|p2a: Hypno|43/315 frz\n|cant|p2a: Hypno|frz\n|\n|-heal|p2a: Hypno|62/315 frz|[from] item: Leftovers\n|upkeep\n|turn|25\n|\n|t:|1782738457\n|move|p1a: Iron Bundle|Freeze-Dry|p2a: Hypno\n|-damage|p2a: Hypno|0 fnt\n|faint|p2a: Hypno\n|\n|upkeep\n|\n|t:|1782738459\n|switch|p2a: Keldeo|Keldeo-Resolute, L79|273/273\n|-damage|p2a: Keldeo|256/273|[from] Stealth Rock\n|turn|26\n|\n|t:|1782738461\n|-terastallize|p2a: Keldeo|Steel\n|move|p1a: Iron Bundle|Freeze-Dry|p2a: Keldeo\n|-resisted|p2a: Keldeo\n|-damage|p2a: Keldeo|193/273\n|move|p2a: Keldeo|Calm Mind|p2a: Keldeo\n|-boost|p2a: Keldeo|spa|1\n|-boost|p2a: Keldeo|spd|1\n|\n|-heal|p2a: Keldeo|210/273|[from] item: Leftovers\n|upkeep\n|turn|27\n|\n|t:|1782738467\n|-end|p1a: Iron Bundle|Quark Drive|[silent]\n|switch|p1a: Sinistcha|Sinistcha, L83|254/254\n|move|p2a: Keldeo|Substitute|p2a: Keldeo\n|-start|p2a: Keldeo|Substitute\n|-damage|p2a: Keldeo|142/273\n|\n|-heal|p2a: Keldeo|159/273|[from] item: Leftovers\n|upkeep\n|turn|28\n|\n|t:|1782738472\n|move|p2a: Keldeo|Calm Mind|p2a: Keldeo\n|-boost|p2a: Keldeo|spa|1\n|-boost|p2a: Keldeo|spd|1\n|move|p1a: Sinistcha|Calm Mind|p1a: Sinistcha\n|-boost|p1a: Sinistcha|spa|1\n|-boost|p1a: Sinistcha|spd|1\n|\n|-heal|p2a: Keldeo|176/273|[from] item: Leftovers\n|upkeep\n|turn|29\n|\n|t:|1782738475\n|move|p2a: Keldeo|Calm Mind|p2a: Keldeo\n|-boost|p2a: Keldeo|spa|1\n|-boost|p2a: Keldeo|spd|1\n|move|p1a: Sinistcha|Calm Mind|p1a: Sinistcha\n|-boost|p1a: Sinistcha|spa|1\n|-boost|p1a: Sinistcha|spd|1\n|\n|-heal|p2a: Keldeo|193/273|[from] item: Leftovers\n|upkeep\n|turn|30\n|\n|t:|1782738477\n|move|p2a: Keldeo|Calm Mind|p2a: Keldeo\n|-boost|p2a: Keldeo|spa|1\n|-boost|p2a: Keldeo|spd|1\n|move|p1a: Sinistcha|Calm Mind|p1a: Sinistcha\n|-boost|p1a: Sinistcha|spa|1\n|-boost|p1a: Sinistcha|spd|1\n|\n|-heal|p2a: Keldeo|210/273|[from] item: Leftovers\n|upkeep\n|turn|31\n|\n|t:|1782738480\n|move|p2a: Keldeo|Calm Mind|p2a: Keldeo\n|-boost|p2a: Keldeo|spa|1\n|-boost|p2a: Keldeo|spd|1\n|move|p1a: Sinistcha|Calm Mind|p1a: Sinistcha\n|-boost|p1a: Sinistcha|spa|1\n|-boost|p1a: Sinistcha|spd|1\n|\n|-heal|p2a: Keldeo|227/273|[from] item: Leftovers\n|upkeep\n|turn|32\n|\n|t:|1782738483\n|move|p2a: Keldeo|Calm Mind|p2a: Keldeo\n|-boost|p2a: Keldeo|spa|1\n|-boost|p2a: Keldeo|spd|1\n|move|p1a: Sinistcha|Calm Mind|p1a: Sinistcha\n|-boost|p1a: Sinistcha|spa|1\n|-boost|p1a: Sinistcha|spd|1\n|\n|-heal|p2a: Keldeo|244/273|[from] item: Leftovers\n|upkeep\n|turn|33\n|\n|t:|1782738485\n|move|p2a: Keldeo|Surf|p1a: Sinistcha\n|-resisted|p1a: Sinistcha\n|-damage|p1a: Sinistcha|192/254\n|move|p1a: Sinistcha|Shadow Ball|p2a: Keldeo\n|-end|p2a: Keldeo|Substitute\n|\n|-heal|p2a: Keldeo|261/273|[from] item: Leftovers\n|-heal|p1a: Sinistcha|207/254|[from] item: Leftovers\n|upkeep\n|turn|34\n|\n|t:|1782738491\n|move|p2a: Keldeo|Surf|p1a: Sinistcha\n|-resisted|p1a: Sinistcha\n|-damage|p1a: Sinistcha|147/254\n|move|p1a: Sinistcha|Shadow Ball|p2a: Keldeo\n|-damage|p2a: Keldeo|176/273\n|\n|-heal|p2a: Keldeo|193/273|[from] item: Leftovers\n|-heal|p1a: Sinistcha|162/254|[from] item: Leftovers\n|upkeep\n|turn|35\n|j| izlnh\n|\n|t:|1782738496\n|move|p2a: Keldeo|Surf|p1a: Sinistcha\n|-resisted|p1a: Sinistcha\n|-damage|p1a: Sinistcha|101/254\n|move|p1a: Sinistcha|Strength Sap|p2a: Keldeo\n|-unboost|p2a: Keldeo|atk|1\n|-heal|p1a: Sinistcha|219/254\n|\n|-heal|p2a: Keldeo|210/273|[from] item: Leftovers\n|-heal|p1a: Sinistcha|234/254|[from] item: Leftovers\n|upkeep\n|turn|36\n|\n|t:|1782738500\n|move|p2a: Keldeo|Surf|p1a: Sinistcha\n|-resisted|p1a: Sinistcha\n|-damage|p1a: Sinistcha|164/254\n|move|p1a: Sinistcha|Calm Mind|p1a: Sinistcha\n|-boost|p1a: Sinistcha|spa|1\n|-boost|p1a: Sinistcha|spd|1\n|\n|-heal|p2a: Keldeo|227/273|[from] item: Leftovers\n|-heal|p1a: Sinistcha|179/254|[from] item: Leftovers\n|upkeep\n|turn|37\n|\n|t:|1782738505\n|move|p2a: Keldeo|Surf|p1a: Sinistcha\n|-resisted|p1a: Sinistcha\n|-damage|p1a: Sinistcha|123/254\n|move|p1a: Sinistcha|Matcha Gotcha|p2a: Keldeo\n|-resisted|p2a: Keldeo\n|-damage|p2a: Keldeo|174/273\n|-heal|p1a: Sinistcha|150/254|[from] drain|[of] p2a: Keldeo\n|\n|-heal|p2a: Keldeo|191/273|[from] item: Leftovers\n|-heal|p1a: Sinistcha|165/254|[from] item: Leftovers\n|upkeep\n|turn|38\n|\n|t:|1782738510\n|move|p2a: Keldeo|Substitute|p2a: Keldeo\n|-start|p2a: Keldeo|Substitute\n|-damage|p2a: Keldeo|123/273\n|move|p1a: Sinistcha|Matcha Gotcha|p2a: Keldeo|[miss]\n|-miss|p1a: Sinistcha|p2a: Keldeo\n|\n|-heal|p2a: Keldeo|140/273|[from] item: Leftovers\n|-heal|p1a: Sinistcha|180/254|[from] item: Leftovers\n|upkeep\n|turn|39\n|\n|t:|1782738513\n|move|p2a: Keldeo|Surf|p1a: Sinistcha\n|-resisted|p1a: Sinistcha\n|-damage|p1a: Sinistcha|120/254\n|move|p1a: Sinistcha|Matcha Gotcha|p2a: Keldeo|[miss]\n|-miss|p1a: Sinistcha|p2a: Keldeo\n|\n|-heal|p2a: Keldeo|157/273|[from] item: Leftovers\n|-heal|p1a: Sinistcha|135/254|[from] item: Leftovers\n|upkeep\n|turn|40\n|\n|t:|1782738518\n|move|p2a: Keldeo|Surf|p1a: Sinistcha\n|-resisted|p1a: Sinistcha\n|-damage|p1a: Sinistcha|72/254\n|move|p1a: Sinistcha|Matcha Gotcha|p2a: Keldeo\n|-resisted|p2a: Keldeo\n|-activate|p2a: Keldeo|move: Substitute|[damage]\n|-heal|p1a: Sinistcha|97/254|[from] drain|[of] p2a: Keldeo\n|\n|-heal|p2a: Keldeo|174/273|[from] item: Leftovers\n|-heal|p1a: Sinistcha|112/254|[from] item: Leftovers\n|upkeep\n|turn|41\n|\n|t:|1782738522\n|move|p2a: Keldeo|Surf|p1a: Sinistcha\n|-resisted|p1a: Sinistcha\n|-damage|p1a: Sinistcha|54/254\n|move|p1a: Sinistcha|Matcha Gotcha|p2a: Keldeo\n|-resisted|p2a: Keldeo\n|-end|p2a: Keldeo|Substitute\n|-heal|p1a: Sinistcha|64/254|[from] drain|[of] p2a: Keldeo\n|\n|-heal|p2a: Keldeo|191/273|[from] item: Leftovers\n|-heal|p1a: Sinistcha|79/254|[from] item: Leftovers\n|upkeep\n|turn|42\n|\n|t:|1782738531\n|move|p2a: Keldeo|Surf|p1a: Sinistcha\n|-resisted|p1a: Sinistcha\n|-damage|p1a: Sinistcha|17/254\n|move|p1a: Sinistcha|Shadow Ball|p2a: Keldeo\n|-crit|p2a: Keldeo\n|-damage|p2a: Keldeo|0 fnt\n|faint|p2a: Keldeo\n|\n|-heal|p1a: Sinistcha|32/254|[from] item: Leftovers\n|upkeep\n|\n|t:|1782738537\n|switch|p2a: Bruxish|Bruxish, L85, F|254/254\n|-damage|p2a: Bruxish|223/254|[from] Stealth Rock\n|turn|43\n|\n|t:|1782738540\n|move|p2a: Bruxish|Psychic Fangs|p1a: Sinistcha\n|-damage|p1a: Sinistcha|0 fnt\n|faint|p1a: Sinistcha\n|\n|upkeep\n|\n|t:|1782738543\n|switch|p1a: Iron Bundle|Iron Bundle, L78|215/215\n|turn|44\n|\n|t:|1782738555\n|move|p1a: Iron Bundle|Freeze-Dry|p2a: Bruxish\n|-supereffective|p2a: Bruxish\n|-damage|p2a: Bruxish|0 fnt\n|faint|p2a: Bruxish\n|\n|win|Ctannn\n", "inputlog": ">version f8ac14003a5f27e1bdc8d8c59608a773c1cb96e5\n>start {\"formatid\":\"gen9randombattle\",\"seed\":\"sodium,e5dcd6bef2998f658ebb10aa556b1c21\",\"rated\":\"Rated battle\"}\n>player p1 {\"name\":\"Ctannn\",\"avatar\":\"102\",\"rating\":2131,\"seed\":\"sodium,ea4cffcf1f4ce344aa392d8c30b2d2b5\"}\n>player p2 {\"name\":\"Dghfff\",\"avatar\":\"266\",\"rating\":2153,\"seed\":\"sodium,1777f7e121f4bd0c148cbc85bc5ec19d\"}\n>p1 switch 5\n>p2 move clangoroussoul\n>p1 move haze\n>p2 move clangingscales\n>p1 move toxic\n>p2 move clangoroussoul\n>p1 move haze\n>p2 move clangingscales\n>p1 move sludgebomb\n>p2 move clangingscales\n>p2 switch 3\n>p1 switch 5\n>p2 move psychicnoise\n>p1 move aurawheel\n>p2 switch 6\n>p1 move aurawheel\n>p2 switch 4\n>p1 move partingshot\n>p2 move substitute\n>p1 switch 5\n>p1 move surf\n>p2 move earthquake\n>p1 switch 3\n>p1 move swordsdance\n>p2 move toxic\n>p1 move stoneaxe\n>p2 move protect\n>p1 move stoneaxe\n>p2 move substitute\n>p1 move xscissor\n>p2 move protect\n>p1 move xscissor\n>p2 move substitute\n>p1 move xscissor\n>p2 move substitute\n>p1 switch 4\n>p1 move freezedry\n>p2 switch 6\n>p1 switch 5\n>p2 move knockoff\n>p1 move aurawheel\n>p2 switch 4\n>p2 switch 6\n>p1 move rapidspin\n>p2 move earthquake\n>p1 switch 5\n>p1 move freezedry\n>p2 move protect\n>p1 move freezedry\n>p2 move toxic\n>p2 switch 4\n>p1 move freezedry\n>p2 move thunderwave\n>p1 move freezedry\n>p2 move thunderwave\n>p1 move freezedry\n>p2 move thunderwave\n>p2 switch 2\n>p1 move freezedry\n>p2 move calmmind terastallize\n>p1 switch 6\n>p2 move substitute\n>p1 move calmmind\n>p2 move calmmind\n>p1 move calmmind\n>p2 move calmmind\n>p1 move calmmind\n>p2 move calmmind\n>p1 move calmmind\n>p2 move calmmind\n>p1 move calmmind\n>p2 move calmmind\n>p1 move shadowball\n>p2 move surf\n>p1 move shadowball\n>p2 move surf\n>p1 move strengthsap\n>p2 move surf\n>p1 move calmmind\n>p2 move surf\n>p1 move matchagotcha\n>p2 move surf\n>p1 move matchagotcha\n>p2 move substitute\n>p1 move matchagotcha\n>p2 move surf\n>p1 move matchagotcha\n>p2 move surf\n>p1 move matchagotcha\n>p2 move surf\n>p1 move shadowball\n>p2 move surf\n>p2 switch 5\n>p1 move strengthsap\n>p2 move psychicfangs\n>p1 switch 6\n>p1 move freezedry\n>p2 move psychicfangs", "uploadtime": 1782738267, "views": 4, "formatid": "gen9randombattle", "rating": null, "private": 0, "password": null, "player_dets": [{"name": "Ctannn", "avatar": "102", "rating": 2131, "seed": "sodium,ea4cffcf1f4ce344aa392d8c30b2d2b5"}, {"name": "Dghfff", "avatar": "266", "rating": 2153, "seed": "sodium,1777f7e121f4bd0c148cbc85bc5ec19d"}], "teams_full": [{"Morpeko": {"name": "Morpeko", "species": "Morpeko", "speciesId": "morpeko", "gender": "M", "shiny": false, "level": 88, "moves": ["partingshot", "protect", "aurawheel", "rapidspin"], "ability": "Hunger Switch", "evs": {"hp": 85, "atk": 85, "def": 85, "spa": 85, "spd": 85, "spe": 85}, "ivs": {"hp": 31, "atk": 31, "def": 31, "spa": 31, "spd": 31, "spe": 31}, "item": "Heavy-Duty Boots", "teraType": "Electric", "role": "Fast Support", "bvs": {"hp": 58, "atk": 95, "def": 58, "spa": 70, "spd": 58, "spe": 97}, "stats": {"hp": 245, "atk": 217, "def": 152, "spa": 173, "spd": 152, "spe": 221}, "types": ["Electric", "Dark"]}, "Raging Bolt": {"name": "Raging Bolt", "species": "Raging Bolt", "speciesId": "ragingbolt", "gender": "N", "shiny": false, "level": 78, "moves": ["thunderclap", "thunderbolt", "calmmind", "dragonpulse"], "ability": "Protosynthesis", "evs": {"hp": 85, "atk": 0, "def": 85, "spa": 85, "spd": 85, "spe": 85}, "ivs": {"hp": 31, "atk": 0, "def": 31, "spa": 31, "spd": 31, "spe": 31}, "item": "Booster Energy", "teraType": "Electric", "role": "Fast Bulky Setup", "bvs": {"hp": 125, "atk": 73, "def": 91, "spa": 137, "spd": 89, "spe": 75}, "stats": {"hp": 323, "atk": 118, "def": 187, "spa": 259, "spd": 184, "spe": 162}, "types": ["Electric", "Dragon"]}, "Kleavor": {"name": "Kleavor", "species": "Kleavor", "speciesId": "kleavor", "gender": "F", "shiny": false, "level": 78, "moves": ["swordsdance", "closecombat", "xscissor", "stoneaxe"], "ability": "Sharpness", "evs": {"hp": 85, "atk": 85, "def": 85, "spa": 85, "spd": 85, "spe": 85}, "ivs": {"hp": 31, "atk": 31, "def": 31, "spa": 31, "spd": 31, "spe": 31}, "item": "Heavy-Duty Boots", "teraType": "Bug", "role": "Bulky Attacker", "bvs": {"hp": 70, "atk": 135, "def": 95, "spa": 45, "spd": 70, "spe": 85}, "stats": {"hp": 237, "atk": 256, "def": 193, "spa": 115, "spd": 154, "spe": 178}, "types": ["Bug", "Rock"]}, "Iron Bundle": {"name": "Iron Bundle", "species": "Iron Bundle", "speciesId": "ironbundle", "gender": "N", "shiny": false, "level": 78, "moves": ["freezedry", "icebeam", "flipturn", "hydropump"], "ability": "Quark Drive", "evs": {"hp": 85, "atk": 85, "def": 85, "spa": 85, "spd": 85, "spe": 85}, "ivs": {"hp": 31, "atk": 31, "def": 31, "spa": 31, "spd": 31, "spe": 31}, "item": "Choice Specs", "teraType": "Ice", "role": "Fast Attacker", "bvs": {"hp": 56, "atk": 80, "def": 114, "spa": 124, "spd": 60, "spe": 136}, "stats": {"hp": 215, "atk": 170, "def": 223, "spa": 239, "spd": 139, "spe": 257}, "types": ["Ice", "Water"]}, "Tentacruel": {"name": "Tentacruel", "species": "Tentacruel", "speciesId": "tentacruel", "gender": "F", "shiny": false, "level": 84, "moves": ["surf", "haze", "sludgebomb", "toxic"], "ability": "Liquid Ooze", "evs": {"hp": 85, "atk": 0, "def": 85, "spa": 85, "spd": 85, "spe": 85}, "ivs": {"hp": 31, "atk": 0, "def": 31, "spa": 31, "spd": 31, "spe": 31}, "item": "Leftovers", "teraType": "Grass", "role": "Bulky Support", "bvs": {"hp": 80, "atk": 70, "def": 65, "spa": 80, "spd": 120, "spe": 100}, "stats": {"hp": 272, "atk": 122, "def": 157, "spa": 183, "spd": 250, "spe": 216}, "types": ["Water", "Poison"]}, "Sinistcha": {"name": "Sinistcha", "species": "Sinistcha", "speciesId": "sinistcha", "gender": "N", "shiny": false, "level": 83, "moves": ["calmmind", "strengthsap", "matchagotcha", "shadowball"], "ability": "Heatproof", "evs": {"hp": 85, "atk": 0, "def": 85, "spa": 85, "spd": 85, "spe": 85}, "ivs": {"hp": 31, "atk": 0, "def": 31, "spa": 31, "spd": 31, "spe": 31}, "item": "Leftovers", "teraType": "Steel", "role": "Bulky Setup", "bvs": {"hp": 71, "atk": 60, "def": 106, "spa": 121, "spd": 80, "spe": 70}, "stats": {"hp": 254, "atk": 104, "def": 224, "spa": 249, "spd": 180, "spe": 164}, "types": ["Grass", "Ghost"]}}, {"Kommo-o": {"name": "Kommo-o", "species": "Kommo-o", "speciesId": "kommoo", "gender": "M", "shiny": false, "level": 78, "moves": ["ironhead", "clangingscales", "clangoroussoul", "drainpunch"], "ability": "Soundproof", "evs": {"hp": 85, "atk": 85, "def": 85, "spa": 85, "spd": 85, "spe": 85}, "ivs": {"hp": 31, "atk": 31, "def": 31, "spa": 31, "spd": 31, "spe": 31}, "item": "Throat Spray", "teraType": "Steel", "role": "Fast Bulky Setup", "bvs": {"hp": 75, "atk": 110, "def": 125, "spa": 100, "spd": 105, "spe": 85}, "stats": {"hp": 245, "atk": 217, "def": 240, "spa": 201, "spd": 209, "spe": 178}, "types": ["Dragon", "Fighting"]}, "Keldeo": {"name": "Keldeo", "species": "Keldeo-Resolute", "speciesId": "keldeoresolute", "gender": "N", "shiny": false, "level": 79, "moves": ["surf", "calmmind", "secretsword", "substitute"], "ability": "Justified", "evs": {"hp": 85, "atk": 0, "def": 85, "spa": 85, "spd": 85, "spe": 85}, "ivs": {"hp": 31, "atk": 0, "def": 31, "spa": 31, "spd": 31, "spe": 31}, "item": "Leftovers", "teraType": "Steel", "role": "Bulky Setup", "bvs": {"hp": 91, "atk": 72, "def": 90, "spa": 129, "spd": 90, "spe": 108}, "stats": {"hp": 273, "atk": 118, "def": 188, "spa": 249, "spd": 188, "spe": 216}, "types": ["Water", "Fighting"]}, "Hypno": {"name": "Hypno", "species": "Hypno", "speciesId": "hypno", "gender": "F", "shiny": false, "level": 95, "moves": ["psychicnoise", "knockoff", "thunderwave", "encore"], "ability": "Insomnia", "evs": {"hp": 85, "atk": 85, "def": 85, "spa": 85, "spd": 85, "spe": 85}, "ivs": {"hp": 31, "atk": 31, "def": 31, "spa": 31, "spd": 31, "spe": 31}, "item": "Leftovers", "teraType": "Dark", "role": "Bulky Support", "bvs": {"hp": 85, "atk": 73, "def": 70, "spa": 73, "spd": 115, "spe": 67}, "stats": {"hp": 315, "atk": 193, "def": 187, "spa": 193, "spd": 272, "spe": 181}, "types": ["Psychic"]}, "Gliscor": {"name": "Gliscor", "species": "Gliscor", "speciesId": "gliscor", "gender": "M", "shiny": false, "level": 76, "moves": ["earthquake", "toxic", "protect", "substitute"], "ability": "Poison Heal", "evs": {"hp": 85, "atk": 85, "def": 85, "spa": 85, "spd": 85, "spe": 85}, "ivs": {"hp": 31, "atk": 31, "def": 31, "spa": 31, "spd": 31, "spe": 31}, "item": "Toxic Orb", "teraType": "Water", "role": "Fast Support", "bvs": {"hp": 75, "atk": 95, "def": 125, "spa": 45, "spd": 75, "spe": 95}, "stats": {"hp": 239, "atk": 188, "def": 234, "spa": 112, "spd": 158, "spe": 188}, "types": ["Ground", "Flying"]}, "Bruxish": {"name": "Bruxish", "species": "Bruxish", "speciesId": "bruxish", "gender": "F", "shiny": false, "level": 85, "moves": ["crunch", "flipturn", "wavecrash", "psychicfangs"], "ability": "Strong Jaw", "evs": {"hp": 85, "atk": 85, "def": 85, "spa": 85, "spd": 85, "spe": 85}, "ivs": {"hp": 31, "atk": 31, "def": 31, "spa": 31, "spd": 31, "spe": 31}, "item": "Choice Band", "teraType": "Psychic", "role": "Fast Attacker", "bvs": {"hp": 68, "atk": 105, "def": 70, "spa": 70, "spd": 70, "spe": 92}, "stats": {"hp": 254, "atk": 227, "def": 168, "spa": 168, "spd": 168, "spe": 205}, "types": ["Water", "Psychic"]}, "Glimmora": {"name": "Glimmora", "species": "Glimmora", "speciesId": "glimmora", "gender": "M", "shiny": false, "level": 75, "moves": ["energyball", "meteorbeam", "earthpower", "sludgewave"], "ability": "Toxic Debris", "evs": {"hp": 85, "atk": 0, "def": 85, "spa": 85, "spd": 85, "spe": 85}, "ivs": {"hp": 31, "atk": 0, "def": 31, "spa": 31, "spd": 31, "spe": 31}, "item": "Power Herb", "teraType": "Grass", "role": "Setup Sweeper", "bvs": {"hp": 83, "atk": 55, "def": 90, "spa": 130, "spd": 81, "spe": 86}, "stats": {"hp": 248, "atk": 87, "def": 179, "spa": 239, "spd": 165, "spe": 173}, "types": ["Rock", "Poison"]}}]}