{"id": "gen9randombattle-2641218391", "format": "[Gen 9] Random Battle", "players": ["imbattibile", "rapptorracer"], "log": "|j|\u2606imbattibile\n|j|\u2606rapptorracer\n|t:|1782755152\n|gametype|singles\n|player|p1|imbattibile|169|2001\n|player|p2|rapptorracer|iris|2012\n|gen|9\n|tier|[Gen 9] Random Battle\n|rated|\n|rule|Species Clause: Limit one of each Pok\u00e9mon\n|rule|HP Percentage Mod: HP is shown in percentages\n|rule|Sleep Clause Mod: Limit one foe put to sleep\n|rule|Illusion Level Mod: Illusion disguises the Pok\u00e9mon's true level\n|\n|t:|1782755152\n|teamsize|p1|6\n|teamsize|p2|6\n|start\n|switch|p1a: Minior|Minior-Violet, L79|224/224\n|switch|p2a: Smeargle|Smeargle, L95, F|258/258\n|-formechange|p1a: Minior|Minior-Meteor||[from] ability: Shields Down\n|turn|1\n|inactive|Battle timer is ON: inactive players will automatically lose when time's up. (requested by imbattibile)\n|\n|t:|1782755172\n|switch|p1a: Sandaconda|Sandaconda, L84, M|258/258\n|move|p2a: Smeargle|Spore|p1a: Sandaconda\n|-status|p1a: Sandaconda|slp|[from] move: Spore\n|\n|-activate|p1a: Sandaconda|ability: Shed Skin\n|-curestatus|p1a: Sandaconda|slp|[msg]\n|upkeep\n|turn|2\n|\n|t:|1782755181\n|switch|p2a: Golduck|Golduck, L90, F|290/290\n|-ability|p2a: Golduck|Cloud Nine\n|move|p1a: Sandaconda|Coil|p1a: Sandaconda\n|-boost|p1a: Sandaconda|atk|1\n|-boost|p1a: Sandaconda|def|1\n|-boost|p1a: Sandaconda|accuracy|1\n|\n|upkeep\n|turn|3\n|\n|t:|1782755200\n|-terastallize|p1a: Sandaconda|Dragon\n|move|p2a: Golduck|Hydro Pump|p1a: Sandaconda\n|-resisted|p1a: Sandaconda\n|-damage|p1a: Sandaconda|177/258\n|move|p1a: Sandaconda|Scale Shot|p2a: Golduck\n|-damage|p2a: Golduck|241/290\n|-damage|p2a: Golduck|193/290\n|-damage|p2a: Golduck|147/290\n|-damage|p2a: Golduck|104/290\n|-damage|p2a: Golduck|56/290\n|-hitcount|p2a: Golduck|5\n|-unboost|p1a: Sandaconda|def|1\n|-boost|p1a: Sandaconda|spe|1\n|\n|-heal|p2a: Golduck|74/290|[from] item: Leftovers\n|upkeep\n|turn|4\n|\n|t:|1782755210\n|move|p1a: Sandaconda|Scale Shot|p2a: Golduck\n|-damage|p2a: Golduck|32/290\n|-damage|p2a: Golduck|0 fnt\n|faint|p2a: Golduck\n|-hitcount|p2: Golduck|2\n|-unboost|p1a: Sandaconda|def|1\n|-boost|p1a: Sandaconda|spe|1\n|\n|upkeep\n|\n|t:|1782755222\n|switch|p2a: Gastrodon|Gastrodon, L86, F|331/331\n|turn|5\n|\n|t:|1782755226\n|move|p1a: Sandaconda|Scale Shot|p2a: Gastrodon\n|-damage|p2a: Gastrodon|279/331\n|-damage|p2a: Gastrodon|231/331\n|-damage|p2a: Gastrodon|183/331\n|-damage|p2a: Gastrodon|132/331\n|-hitcount|p2a: Gastrodon|4\n|-unboost|p1a: Sandaconda|def|1\n|-boost|p1a: Sandaconda|spe|1\n|move|p2a: Gastrodon|Earthquake|p1a: Sandaconda\n|-damage|p1a: Sandaconda|24/258\n|\n|-heal|p2a: Gastrodon|152/331|[from] item: Leftovers\n|upkeep\n|turn|6\n|\n|t:|1782755236\n|switch|p2a: Cetitan|Cetitan, L82, F|413/413\n|move|p1a: Sandaconda|Scale Shot|p2a: Cetitan\n|-damage|p2a: Cetitan|353/413\n|-damage|p2a: Cetitan|296/413\n|-damage|p2a: Cetitan|242/413\n|-damage|p2a: Cetitan|190/413\n|-hitcount|p2a: Cetitan|4\n|-unboost|p1a: Sandaconda|def|1\n|-boost|p1a: Sandaconda|spe|1\n|\n|upkeep\n|turn|7\n|\n|t:|1782755239\n|move|p2a: Cetitan|Ice Shard|p1a: Sandaconda\n|-supereffective|p1a: Sandaconda\n|-damage|p1a: Sandaconda|0 fnt\n|faint|p1a: Sandaconda\n|-damage|p2a: Cetitan|149/413|[from] item: Life Orb\n|\n|upkeep\n|\n|t:|1782755243\n|switch|p1a: Chi-Yu|Chi-Yu, L77|211/211\n|-ability|p1a: Chi-Yu|Beads of Ruin\n|turn|8\n|\n|t:|1782755247\n|switch|p2a: Clodsire|Clodsire, L81, F|343/343\n|move|p1a: Chi-Yu|Dark Pulse|p2a: Clodsire\n|-damage|p2a: Clodsire|223/343\n|\n|-heal|p2a: Clodsire|244/343|[from] item: Leftovers\n|upkeep\n|turn|9\n|\n|t:|1782755251\n|move|p1a: Chi-Yu|Will-O-Wisp|p2a: Clodsire\n|-status|p2a: Clodsire|brn\n|move|p2a: Clodsire|Recover|p2a: Clodsire\n|-heal|p2a: Clodsire|343/343 brn\n|\n|-damage|p2a: Clodsire|322/343 brn|[from] brn\n|upkeep\n|turn|10\n|\n|t:|1782755268\n|switch|p1a: Vigoroth|Vigoroth, L85, F|275/275\n|move|p2a: Clodsire|Earthquake|p1a: Vigoroth\n|-damage|p1a: Vigoroth|247/275\n|\n|-heal|p2a: Clodsire|343/343 brn|[from] item: Leftovers\n|-damage|p2a: Clodsire|322/343 brn|[from] brn\n|upkeep\n|turn|11\n|\n|t:|1782755283\n|switch|p2a: Cetitan|Cetitan, L82, F|149/413\n|move|p1a: Vigoroth|Knock Off|p2a: Cetitan\n|-damage|p2a: Cetitan|72/413\n|-enditem|p2a: Cetitan|Life Orb|[from] move: Knock Off|[of] p1a: Vigoroth\n|\n|upkeep\n|turn|12\n|\n|t:|1782755297\n|move|p1a: Vigoroth|Body Slam|p2a: Cetitan\n|-damage|p2a: Cetitan|0 fnt\n|faint|p2a: Cetitan\n|\n|upkeep\n|\n|t:|1782755308\n|switch|p2a: Clodsire|Clodsire, L81, F|322/343 brn\n|turn|13\n|\n|t:|1782755311\n|move|p1a: Vigoroth|Knock Off|p2a: Clodsire\n|-damage|p2a: Clodsire|231/343 brn\n|-enditem|p2a: Clodsire|Leftovers|[from] move: Knock Off|[of] p1a: Vigoroth\n|move|p2a: Clodsire|Curse|p2a: Clodsire\n|-unboost|p2a: Clodsire|spe|1\n|-boost|p2a: Clodsire|atk|1\n|-boost|p2a: Clodsire|def|1\n|\n|-damage|p2a: Clodsire|210/343 brn|[from] brn\n|upkeep\n|turn|14\n|\n|t:|1782755321\n|move|p1a: Vigoroth|Body Slam|p2a: Clodsire\n|-damage|p2a: Clodsire|141/343 brn\n|move|p2a: Clodsire|Curse|p2a: Clodsire\n|-unboost|p2a: Clodsire|spe|1\n|-boost|p2a: Clodsire|atk|1\n|-boost|p2a: Clodsire|def|1\n|\n|-damage|p2a: Clodsire|120/343 brn|[from] brn\n|upkeep\n|turn|15\n|\n|t:|1782755333\n|move|p1a: Vigoroth|Bulk Up|p1a: Vigoroth\n|-boost|p1a: Vigoroth|atk|1\n|-boost|p1a: Vigoroth|def|1\n|move|p2a: Clodsire|Recover|p2a: Clodsire\n|-heal|p2a: Clodsire|292/343 brn\n|\n|-damage|p2a: Clodsire|271/343 brn|[from] brn\n|upkeep\n|turn|16\n|\n|t:|1782755337\n|move|p1a: Vigoroth|Body Slam|p2a: Clodsire\n|-damage|p2a: Clodsire|184/343 brn\n|move|p2a: Clodsire|Poison Jab|p1a: Vigoroth\n|-damage|p1a: Vigoroth|217/275\n|\n|-damage|p2a: Clodsire|163/343 brn|[from] brn\n|upkeep\n|turn|17\n|\n|t:|1782755342\n|move|p1a: Vigoroth|Bulk Up|p1a: Vigoroth\n|-boost|p1a: Vigoroth|atk|1\n|-boost|p1a: Vigoroth|def|1\n|move|p2a: Clodsire|Recover|p2a: Clodsire\n|-heal|p2a: Clodsire|335/343 brn\n|\n|-damage|p2a: Clodsire|314/343 brn|[from] brn\n|upkeep\n|turn|18\n|\n|t:|1782755348\n|move|p1a: Vigoroth|Bulk Up|p1a: Vigoroth\n|-boost|p1a: Vigoroth|atk|1\n|-boost|p1a: Vigoroth|def|1\n|move|p2a: Clodsire|Poison Jab|p1a: Vigoroth\n|-damage|p1a: Vigoroth|197/275\n|-status|p1a: Vigoroth|psn\n|\n|-damage|p1a: Vigoroth|163/275 psn|[from] psn\n|-damage|p2a: Clodsire|293/343 brn|[from] brn\n|upkeep\n|turn|19\n|\n|t:|1782755355\n|move|p1a: Vigoroth|Body Slam|p2a: Clodsire\n|-damage|p2a: Clodsire|145/343 brn\n|move|p2a: Clodsire|Curse|p2a: Clodsire\n|-unboost|p2a: Clodsire|spe|1\n|-boost|p2a: Clodsire|atk|1\n|-boost|p2a: Clodsire|def|1\n|\n|-damage|p1a: Vigoroth|129/275 psn|[from] psn\n|-damage|p2a: Clodsire|124/343 brn|[from] brn\n|upkeep\n|turn|20\n|\n|t:|1782755358\n|move|p1a: Vigoroth|Body Slam|p2a: Clodsire\n|-damage|p2a: Clodsire|10/343 brn\n|move|p2a: Clodsire|Recover|p2a: Clodsire\n|-heal|p2a: Clodsire|182/343 brn\n|\n|-damage|p1a: Vigoroth|95/275 psn|[from] psn\n|-damage|p2a: Clodsire|161/343 brn|[from] brn\n|upkeep\n|turn|21\n|\n|t:|1782755363\n|move|p1a: Vigoroth|Slack Off|p1a: Vigoroth\n|-heal|p1a: Vigoroth|233/275 psn\n|move|p2a: Clodsire|Recover|p2a: Clodsire\n|-heal|p2a: Clodsire|333/343 brn\n|\n|-damage|p1a: Vigoroth|199/275 psn|[from] psn\n|-damage|p2a: Clodsire|312/343 brn|[from] brn\n|upkeep\n|turn|22\n|\n|t:|1782755368\n|move|p1a: Vigoroth|Bulk Up|p1a: Vigoroth\n|-boost|p1a: Vigoroth|atk|1\n|-boost|p1a: Vigoroth|def|1\n|move|p2a: Clodsire|Curse|p2a: Clodsire\n|-unboost|p2a: Clodsire|spe|1\n|-boost|p2a: Clodsire|atk|1\n|-boost|p2a: Clodsire|def|1\n|\n|-damage|p1a: Vigoroth|165/275 psn|[from] psn\n|-damage|p2a: Clodsire|291/343 brn|[from] brn\n|upkeep\n|turn|23\n|\n|t:|1782755371\n|move|p1a: Vigoroth|Bulk Up|p1a: Vigoroth\n|-boost|p1a: Vigoroth|atk|1\n|-boost|p1a: Vigoroth|def|1\n|move|p2a: Clodsire|Curse|p2a: Clodsire\n|-unboost|p2a: Clodsire|spe|1\n|-boost|p2a: Clodsire|atk|1\n|-boost|p2a: Clodsire|def|1\n|\n|-damage|p1a: Vigoroth|131/275 psn|[from] psn\n|-damage|p2a: Clodsire|270/343 brn|[from] brn\n|upkeep\n|turn|24\n|\n|t:|1782755381\n|move|p1a: Vigoroth|Bulk Up|p1a: Vigoroth\n|-boost|p1a: Vigoroth|atk|1\n|-boost|p1a: Vigoroth|def|1\n|move|p2a: Clodsire|Curse|p2a: Clodsire\n|-unboost|p2a: Clodsire|spe|1\n|-boost|p2a: Clodsire|atk|1\n|-boost|p2a: Clodsire|def|1\n|\n|-damage|p1a: Vigoroth|97/275 psn|[from] psn\n|-damage|p2a: Clodsire|249/343 brn|[from] brn\n|upkeep\n|turn|25\n|\n|t:|1782755384\n|move|p1a: Vigoroth|Slack Off|p1a: Vigoroth\n|-heal|p1a: Vigoroth|235/275 psn\n|move|p2a: Clodsire|Earthquake|p1a: Vigoroth\n|-crit|p1a: Vigoroth\n|-damage|p1a: Vigoroth|52/275 psn\n|\n|-damage|p1a: Vigoroth|18/275 psn|[from] psn\n|-damage|p2a: Clodsire|228/343 brn|[from] brn\n|upkeep\n|turn|26\n|\n|t:|1782755394\n|move|p1a: Vigoroth|Slack Off|p1a: Vigoroth\n|-heal|p1a: Vigoroth|156/275 psn\n|move|p2a: Clodsire|Earthquake|p1a: Vigoroth\n|-damage|p1a: Vigoroth|128/275 psn\n|\n|-damage|p1a: Vigoroth|94/275 psn|[from] psn\n|-damage|p2a: Clodsire|207/343 brn|[from] brn\n|upkeep\n|turn|27\n|\n|t:|1782755396\n|move|p1a: Vigoroth|Slack Off|p1a: Vigoroth\n|-heal|p1a: Vigoroth|232/275 psn\n|move|p2a: Clodsire|Earthquake|p1a: Vigoroth\n|-damage|p1a: Vigoroth|202/275 psn\n|\n|-damage|p1a: Vigoroth|168/275 psn|[from] psn\n|-damage|p2a: Clodsire|186/343 brn|[from] brn\n|upkeep\n|turn|28\n|\n|t:|1782755400\n|move|p1a: Vigoroth|Body Slam|p2a: Clodsire\n|-damage|p2a: Clodsire|78/343 brn\n|move|p2a: Clodsire|Earthquake|p1a: Vigoroth\n|-damage|p1a: Vigoroth|139/275 psn\n|\n|-damage|p1a: Vigoroth|105/275 psn|[from] psn\n|-damage|p2a: Clodsire|57/343 brn|[from] brn\n|upkeep\n|turn|29\n|\n|t:|1782755402\n|move|p1a: Vigoroth|Body Slam|p2a: Clodsire\n|-damage|p2a: Clodsire|0 fnt\n|faint|p2a: Clodsire\n|\n|-damage|p1a: Vigoroth|71/275 psn|[from] psn\n|upkeep\n|\n|t:|1782755408\n|switch|p2a: Girafarig|Girafarig, L89, F|269/269\n|turn|30\n|\n|t:|1782755410\n|move|p1a: Vigoroth|Body Slam|p2a: Girafarig\n|-damage|p2a: Girafarig|17/269\n|move|p2a: Girafarig|Hyper Voice|p1a: Vigoroth\n|-damage|p1a: Vigoroth|0 fnt\n|faint|p1a: Vigoroth\n|\n|upkeep\n|\n|t:|1782755419\n|switch|p1a: Chi-Yu|Chi-Yu, L77|211/211\n|-ability|p1a: Chi-Yu|Beads of Ruin\n|turn|31\n|\n|t:|1782755426\n|move|p2a: Girafarig|Hyper Voice|p1a: Chi-Yu\n|-damage|p1a: Chi-Yu|126/211\n|move|p1a: Chi-Yu|Dark Pulse|p2a: Girafarig\n|-supereffective|p2a: Girafarig\n|-damage|p2a: Girafarig|0 fnt\n|faint|p2a: Girafarig\n|\n|upkeep\n|\n|t:|1782755431\n|switch|p2a: Smeargle|Smeargle, L95, F|258/258\n|turn|32\n|\n|t:|1782755440\n|move|p1a: Chi-Yu|Will-O-Wisp|p2a: Smeargle\n|-status|p2a: Smeargle|brn\n|move|p2a: Smeargle|Shell Smash|p2a: Smeargle\n|-unboost|p2a: Smeargle|def|1\n|-unboost|p2a: Smeargle|spd|1\n|-boost|p2a: Smeargle|atk|2\n|-boost|p2a: Smeargle|spa|2\n|-boost|p2a: Smeargle|spe|2\n|\n|-damage|p2a: Smeargle|242/258 brn|[from] brn\n|upkeep\n|turn|33\n|\n|t:|1782755446\n|move|p2a: Smeargle|Spore|p1a: Chi-Yu\n|-status|p1a: Chi-Yu|slp|[from] move: Spore\n|cant|p1a: Chi-Yu|slp\n|\n|-damage|p2a: Smeargle|226/258 brn|[from] brn\n|upkeep\n|turn|34\n|\n|t:|1782755461\n|switch|p1a: Grimmsnarl|Grimmsnarl, L83, M|293/293\n|move|p2a: Smeargle|Shell Smash|p2a: Smeargle\n|-unboost|p2a: Smeargle|def|1\n|-unboost|p2a: Smeargle|spd|1\n|-boost|p2a: Smeargle|atk|2\n|-boost|p2a: Smeargle|spa|2\n|-boost|p2a: Smeargle|spe|2\n|\n|-damage|p2a: Smeargle|210/258 brn|[from] brn\n|upkeep\n|turn|35\n|\n|t:|1782755466\n|move|p1a: Grimmsnarl|Reflect|p1a: Grimmsnarl\n|-sidestart|p1: imbattibile|Reflect\n|move|p2a: Smeargle|Population Bomb|p1a: Grimmsnarl\n|-crit|p1a: Grimmsnarl\n|-damage|p1a: Grimmsnarl|245/293\n|-damage|p1a: Grimmsnarl|230/293\n|-damage|p1a: Grimmsnarl|216/293\n|-damage|p1a: Grimmsnarl|202/293\n|-damage|p1a: Grimmsnarl|187/293\n|-damage|p1a: Grimmsnarl|173/293\n|-damage|p1a: Grimmsnarl|158/293\n|-damage|p1a: Grimmsnarl|143/293\n|-damage|p1a: Grimmsnarl|127/293\n|-damage|p1a: Grimmsnarl|112/293\n|-hitcount|p1a: Grimmsnarl|10\n|\n|-damage|p2a: Smeargle|194/258 brn|[from] brn\n|upkeep\n|turn|36\n|\n|t:|1782755471\n|move|p2a: Smeargle|Population Bomb|p1a: Grimmsnarl\n|-damage|p1a: Grimmsnarl|97/293\n|-damage|p1a: Grimmsnarl|83/293\n|-damage|p1a: Grimmsnarl|67/293\n|-damage|p1a: Grimmsnarl|52/293\n|-damage|p1a: Grimmsnarl|37/293\n|-damage|p1a: Grimmsnarl|21/293\n|-crit|p1a: Grimmsnarl\n|-damage|p1a: Grimmsnarl|0 fnt\n|faint|p1a: Grimmsnarl\n|-hitcount|p1: Grimmsnarl|7\n|\n|-damage|p2a: Smeargle|178/258 brn|[from] brn\n|upkeep\n|\n|t:|1782755475\n|switch|p1a: Minior|Minior-Violet, L79|224/224\n|-formechange|p1a: Minior|Minior-Meteor||[from] ability: Shields Down\n|turn|37\n|\n|t:|1782755487\n|move|p2a: Smeargle|Power Trip|p1a: Minior\n|-damage|p1a: Minior|155/224\n|move|p1a: Minior|Power Gem|p2a: Smeargle\n|-crit|p2a: Smeargle\n|-damage|p2a: Smeargle|0 fnt\n|faint|p2a: Smeargle\n|\n|upkeep\n|\n|t:|1782755491\n|switch|p2a: Gastrodon|Gastrodon, L86, F|152/331\n|turn|38\n|\n|t:|1782755497\n|move|p1a: Minior|Shell Smash|p1a: Minior\n|-unboost|p1a: Minior|def|1\n|-unboost|p1a: Minior|spd|1\n|-boost|p1a: Minior|atk|2\n|-boost|p1a: Minior|spa|2\n|-boost|p1a: Minior|spe|2\n|-enditem|p1a: Minior|White Herb\n|-clearnegativeboost|p1a: Minior|[silent]\n|move|p2a: Gastrodon|Recover|p2a: Gastrodon\n|-heal|p2a: Gastrodon|318/331\n|\n|-heal|p2a: Gastrodon|331/331|[from] item: Leftovers\n|upkeep\n|turn|39\n|\n|t:|1782755510\n|move|p1a: Minior|Acrobatics|p2a: Gastrodon\n|-damage|p2a: Gastrodon|165/331\n|move|p2a: Gastrodon|Sludge Bomb|p1a: Minior\n|-resisted|p1a: Minior\n|-damage|p1a: Minior|125/224\n|\n|-heal|p2a: Gastrodon|185/331|[from] item: Leftovers\n|upkeep\n|turn|40\n|\n|t:|1782755514\n|move|p1a: Minior|Acrobatics|p2a: Gastrodon\n|-damage|p2a: Gastrodon|19/331\n|move|p2a: Gastrodon|Recover|p2a: Gastrodon\n|-heal|p2a: Gastrodon|185/331\n|\n|-heal|p2a: Gastrodon|205/331|[from] item: Leftovers\n|upkeep\n|turn|41\n|\n|t:|1782755518\n|move|p1a: Minior|Acrobatics|p2a: Gastrodon\n|-damage|p2a: Gastrodon|37/331\n|move|p2a: Gastrodon|Recover|p2a: Gastrodon\n|-heal|p2a: Gastrodon|203/331\n|\n|-heal|p2a: Gastrodon|223/331|[from] item: Leftovers\n|upkeep\n|turn|42\n|\n|t:|1782755521\n|move|p1a: Minior|Acrobatics|p2a: Gastrodon\n|-damage|p2a: Gastrodon|37/331\n|move|p2a: Gastrodon|Recover|p2a: Gastrodon\n|-heal|p2a: Gastrodon|203/331\n|\n|-heal|p2a: Gastrodon|223/331|[from] item: Leftovers\n|-sideend|p1: imbattibile|Reflect\n|upkeep\n|turn|43\n|\n|t:|1782755524\n|move|p1a: Minior|Acrobatics|p2a: Gastrodon\n|-damage|p2a: Gastrodon|43/331\n|move|p2a: Gastrodon|Recover|p2a: Gastrodon\n|-heal|p2a: Gastrodon|209/331\n|\n|-heal|p2a: Gastrodon|229/331|[from] item: Leftovers\n|upkeep\n|turn|44\n|\n|t:|1782755526\n|move|p1a: Minior|Acrobatics|p2a: Gastrodon\n|-damage|p2a: Gastrodon|69/331\n|move|p2a: Gastrodon|Sludge Bomb|p1a: Minior\n|-resisted|p1a: Minior\n|-damage|p1a: Minior|92/224\n|\n|-heal|p2a: Gastrodon|89/331|[from] item: Leftovers\n|-formechange|p1a: Minior|Minior-Violet||[from] ability: Shields Down\n|upkeep\n|turn|45\n|\n|t:|1782755529\n|move|p1a: Minior|Acrobatics|p2a: Gastrodon\n|-damage|p2a: Gastrodon|0 fnt\n|faint|p2a: Gastrodon\n|\n|win|imbattibile\n|raw|imbattibile's rating: 2001 &rarr; <strong>2022</strong><br />(+21 for winning)\n|raw|rapptorracer's rating: 2012 &rarr; <strong>1991</strong><br />(-21 for losing)\n", "inputlog": ">version f8ac14003a5f27e1bdc8d8c59608a773c1cb96e5\n>start {\"formatid\":\"gen9randombattle\",\"seed\":\"sodium,adcedc4a7e0eaaa2784e086b8a2434df\",\"rated\":\"Rated battle\"}\n>player p1 {\"name\":\"imbattibile\",\"avatar\":\"169\",\"rating\":2001,\"seed\":\"sodium,b6e3b9d40ab79df34c2b7ab61ee72056\"}\n>player p2 {\"name\":\"rapptorracer\",\"avatar\":\"iris\",\"rating\":2012,\"seed\":\"sodium,328f310ebf5b0b715e2b95c2ec97be6d\"}\n>p1 switch 2\n>p2 move spore\n>p1 move coil\n>p2 switch 2\n>p1 move scaleshot terastallize\n>p2 move hydropump\n>p1 move scaleshot\n>p2 move icebeam\n>p2 switch 5\n>p1 move scaleshot\n>p2 move earthquake\n>p1 move scaleshot\n>p2 switch 4\n>p1 move scaleshot\n>p2 move iceshard\n>p1 switch 4\n>p1 move darkpulse\n>p2 switch 3\n>p1 move willowisp\n>p2 move recover\n>p1 switch 6\n>p2 move earthquake\n>p1 move knockoff\n>p2 switch 3\n>p1 move bodyslam\n>p2 move iciclecrash\n>p2 switch 3\n>p1 move knockoff\n>p2 move curse\n>p1 move bodyslam\n>p2 move curse\n>p1 move bulkup\n>p2 move recover\n>p1 move bodyslam\n>p2 move poisonjab\n>p1 move bulkup\n>p2 move recover\n>p1 move bulkup\n>p2 move poisonjab\n>p1 move bodyslam\n>p2 move curse\n>p1 move bodyslam\n>p2 move recover\n>p1 move slackoff\n>p2 move recover\n>p1 move bulkup\n>p2 move curse\n>p1 move bulkup\n>p2 move curse\n>p1 move bulkup\n>p2 move curse\n>p1 move slackoff\n>p2 move earthquake\n>p1 move slackoff\n>p2 move earthquake\n>p1 move slackoff\n>p2 move earthquake\n>p1 move bodyslam\n>p2 move earthquake\n>p1 move bodyslam\n>p2 move earthquake\n>p2 switch 6\n>p1 move bodyslam\n>p2 move hypervoice\n>p1 switch 6\n>p1 move darkpulse\n>p2 move hypervoice\n>p2 switch 2\n>p1 move willowisp\n>p2 move shellsmash\n>p1 move fireblast\n>p2 move spore\n>p1 switch 5\n>p2 move shellsmash\n>p1 move reflect\n>p2 move populationbomb\n>p1 move spiritbreak\n>p2 move populationbomb\n>p1 switch 2\n>p1 move powergem\n>p2 move powertrip\n>p2 switch 4\n>p1 move shellsmash\n>p2 move recover\n>p1 move acrobatics\n>p2 move sludgebomb\n>p1 move acrobatics\n>p2 move recover\n>p1 move acrobatics\n>p2 move recover\n>p1 move acrobatics\n>p2 move recover\n>p1 move acrobatics\n>p2 move recover\n>p1 move acrobatics\n>p2 move sludgebomb\n>p1 move acrobatics\n>p2 move recover", "uploadtime": 1782755529, "views": 6, "formatid": "gen9randombattle", "rating": 1991, "private": 0, "password": null, "player_dets": [{"name": "imbattibile", "avatar": "169", "rating": 2001, "seed": "sodium,b6e3b9d40ab79df34c2b7ab61ee72056"}, {"name": "rapptorracer", "avatar": "iris", "rating": 2012, "seed": "sodium,328f310ebf5b0b715e2b95c2ec97be6d"}], "teams_full": [{"Minior": {"name": "Minior", "species": "Minior-Violet", "speciesId": "minior", "gender": "N", "shiny": false, "level": 79, "moves": ["powergem", "acrobatics", "earthquake", "shellsmash"], "ability": "Shields Down", "evs": {"hp": 85, "atk": 85, "def": 85, "spa": 85, "spd": 85, "spe": 85}, "ivs": {"hp": 31, "atk": 31, "def": 31, "spa": 31, "spd": 31, "spe": 31}, "item": "White Herb", "teraType": "Steel", "role": "Setup Sweeper", "bvs": {"hp": 60, "atk": 100, "def": 60, "spa": 100, "spd": 60, "spe": 120}, "stats": {"hp": 224, "atk": 204, "def": 140, "spa": 204, "spd": 140, "spe": 235}, "types": ["Rock", "Flying"]}, "Sandaconda": {"name": "Sandaconda", "species": "Sandaconda", "speciesId": "sandaconda", "gender": "M", "shiny": false, "level": 84, "moves": ["rockblast", "scaleshot", "coil", "earthquake"], "ability": "Shed Skin", "evs": {"hp": 85, "atk": 85, "def": 85, "spa": 85, "spd": 85, "spe": 85}, "ivs": {"hp": 31, "atk": 31, "def": 31, "spa": 31, "spd": 31, "spe": 31}, "item": "Loaded Dice", "teraType": "Dragon", "role": "Fast Bulky Setup", "bvs": {"hp": 72, "atk": 107, "def": 125, "spa": 65, "spd": 70, "spe": 71}, "stats": {"hp": 258, "atk": 228, "def": 258, "spa": 157, "spd": 166, "spe": 167}, "types": ["Ground"]}, "Jolteon": {"name": "Jolteon", "species": "Jolteon", "speciesId": "jolteon", "gender": "F", "shiny": false, "level": 84, "moves": ["calmmind", "thunderbolt", "terablast", "substitute"], "ability": "Volt Absorb", "evs": {"hp": 85, "atk": 0, "def": 85, "spa": 85, "spd": 85, "spe": 85}, "ivs": {"hp": 31, "atk": 0, "def": 31, "spa": 31, "spd": 31, "spe": 31}, "item": "Leftovers", "teraType": "Ice", "role": "Tera Blast user", "bvs": {"hp": 65, "atk": 65, "def": 60, "spa": 110, "spd": 95, "spe": 130}, "stats": {"hp": 246, "atk": 114, "def": 149, "spa": 233, "spd": 208, "spe": 267}, "types": ["Electric"]}, "Chi-Yu": {"name": "Chi-Yu", "species": "Chi-Yu", "speciesId": "chiyu", "gender": "N", "shiny": false, "level": 77, "moves": ["fireblast", "willowisp", "darkpulse", "nastyplot"], "ability": "Beads of Ruin", "evs": {"hp": 85, "atk": 0, "def": 85, "spa": 85, "spd": 85, "spe": 85}, "ivs": {"hp": 31, "atk": 0, "def": 31, "spa": 31, "spd": 31, "spe": 31}, "item": "Heavy-Duty Boots", "teraType": "Dark", "role": "Setup Sweeper", "bvs": {"hp": 55, "atk": 80, "def": 80, "spa": 135, "spd": 120, "spe": 100}, "stats": {"hp": 211, "atk": 128, "def": 168, "spa": 252, "spd": 229, "spe": 199}, "types": ["Dark", "Fire"]}, "Grimmsnarl": {"name": "Grimmsnarl", "species": "Grimmsnarl", "speciesId": "grimmsnarl", "gender": "M", "shiny": false, "level": 83, "moves": ["lightscreen", "thunderwave", "reflect", "spiritbreak"], "ability": "Prankster", "evs": {"hp": 85, "atk": 85, "def": 85, "spa": 85, "spd": 85, "spe": 85}, "ivs": {"hp": 31, "atk": 31, "def": 31, "spa": 31, "spd": 31, "spe": 31}, "item": "Light Clay", "teraType": "Poison", "role": "Bulky Support", "bvs": {"hp": 95, "atk": 120, "def": 65, "spa": 95, "spd": 75, "spe": 60}, "stats": {"hp": 293, "atk": 247, "def": 156, "spa": 205, "spd": 172, "spe": 147}, "types": ["Dark", "Fairy"]}, "Vigoroth": {"name": "Vigoroth", "species": "Vigoroth", "speciesId": "vigoroth", "gender": "F", "shiny": false, "level": 85, "moves": ["slackoff", "knockoff", "bodyslam", "bulkup"], "ability": "Vital Spirit", "evs": {"hp": 85, "atk": 85, "def": 85, "spa": 85, "spd": 85, "spe": 85}, "ivs": {"hp": 31, "atk": 31, "def": 31, "spa": 31, "spd": 31, "spe": 31}, "item": "Eviolite", "teraType": "Ghost", "role": "Bulky Setup", "bvs": {"hp": 80, "atk": 80, "def": 80, "spa": 55, "spd": 55, "spe": 90}, "stats": {"hp": 275, "atk": 185, "def": 185, "spa": 142, "spd": 142, "spe": 202}, "types": ["Normal"]}}, {"Smeargle": {"name": "Smeargle", "species": "Smeargle", "speciesId": "smeargle", "gender": "F", "shiny": false, "level": 95, "moves": ["shellsmash", "populationbomb", "spore", "powertrip"], "ability": "Technician", "evs": {"hp": 85, "atk": 85, "def": 85, "spa": 85, "spd": 85, "spe": 85}, "ivs": {"hp": 31, "atk": 31, "def": 31, "spa": 31, "spd": 31, "spe": 31}, "item": "Wide Lens", "teraType": "Normal", "role": "Setup Sweeper", "bvs": {"hp": 55, "atk": 20, "def": 35, "spa": 20, "spd": 45, "spe": 75}, "stats": {"hp": 258, "atk": 92, "def": 120, "spa": 92, "spd": 139, "spe": 196}, "types": ["Normal"]}, "Golduck": {"name": "Golduck", "species": "Golduck", "speciesId": "golduck", "gender": "F", "shiny": false, "level": 90, "moves": ["icebeam", "hydropump", "grassknot", "nastyplot"], "ability": "Cloud Nine", "evs": {"hp": 85, "atk": 0, "def": 85, "spa": 85, "spd": 85, "spe": 85}, "ivs": {"hp": 31, "atk": 0, "def": 31, "spa": 31, "spd": 31, "spe": 31}, "item": "Leftovers", "teraType": "Water", "role": "Bulky Setup", "bvs": {"hp": 80, "atk": 82, "def": 78, "spa": 95, "spd": 80, "spe": 85}, "stats": {"hp": 290, "atk": 152, "def": 192, "spa": 222, "spd": 195, "spe": 204}, "types": ["Water"]}, "Clodsire": {"name": "Clodsire", "species": "Clodsire", "speciesId": "clodsire", "gender": "F", "shiny": false, "level": 81, "moves": ["curse", "earthquake", "poisonjab", "recover"], "ability": "Water Absorb", "evs": {"hp": 85, "atk": 85, "def": 85, "spa": 85, "spd": 85, "spe": 85}, "ivs": {"hp": 31, "atk": 31, "def": 31, "spa": 31, "spd": 31, "spe": 31}, "item": "Leftovers", "teraType": "Steel", "role": "Bulky Attacker", "bvs": {"hp": 130, "atk": 75, "def": 60, "spa": 45, "spd": 100, "spe": 20}, "stats": {"hp": 343, "atk": 168, "def": 144, "spa": 120, "spd": 209, "spe": 79}, "types": ["Poison", "Ground"]}, "Cetitan": {"name": "Cetitan", "species": "Cetitan", "speciesId": "cetitan", "gender": "F", "shiny": false, "level": 82, "moves": ["earthquake", "iceshard", "liquidation", "iciclecrash"], "ability": "Sheer Force", "evs": {"hp": 85, "atk": 85, "def": 85, "spa": 85, "spd": 85, "spe": 85}, "ivs": {"hp": 31, "atk": 31, "def": 31, "spa": 31, "spd": 31, "spe": 31}, "item": "Life Orb", "teraType": "Water", "role": "Wallbreaker", "bvs": {"hp": 170, "atk": 113, "def": 65, "spa": 45, "spd": 55, "spe": 73}, "stats": {"hp": 413, "atk": 232, "def": 154, "spa": 121, "spd": 137, "spe": 167}, "types": ["Ice"]}, "Gastrodon": {"name": "Gastrodon", "species": "Gastrodon", "speciesId": "gastrodon", "gender": "F", "shiny": false, "level": 86, "moves": ["recover", "sludgebomb", "stealthrock", "earthquake"], "ability": "Storm Drain", "evs": {"hp": 85, "atk": 85, "def": 85, "spa": 85, "spd": 85, "spe": 85}, "ivs": {"hp": 31, "atk": 31, "def": 31, "spa": 31, "spd": 31, "spe": 31}, "item": "Leftovers", "teraType": "Poison", "role": "Bulky Support", "bvs": {"hp": 111, "atk": 83, "def": 68, "spa": 92, "spd": 82, "spe": 39}, "stats": {"hp": 331, "atk": 192, "def": 166, "spa": 207, "spd": 190, "spe": 116}, "types": ["Water", "Ground"]}, "Girafarig": {"name": "Girafarig", "species": "Girafarig", "speciesId": "girafarig", "gender": "F", "shiny": false, "level": 89, "moves": ["nastyplot", "hypervoice", "thunderbolt", "psyshock"], "ability": "Sap Sipper", "evs": {"hp": 85, "atk": 0, "def": 85, "spa": 85, "spd": 85, "spe": 85}, "ivs": {"hp": 31, "atk": 0, "def": 31, "spa": 31, "spd": 31, "spe": 31}, "item": "Eviolite", "teraType": "Normal", "role": "Fast Bulky Setup", "bvs": {"hp": 70, "atk": 80, "def": 65, "spa": 90, "spd": 65, "spe": 85}, "stats": {"hp": 269, "atk": 147, "def": 166, "spa": 211, "spd": 166, "spe": 202}, "types": ["Normal", "Psychic"]}}]}