{"id": "gen9randombattle-2641715000", "format": "[Gen 9] Random Battle", "players": ["angelsoyyoxd", "toxic_manchild"], "log": "|j|\u2606angelsoyyoxd\n|j|\u2606toxic_manchild\n|t:|1782833247\n|gametype|singles\n|player|p1|angelsoyyoxd|1|1462\n|player|p2|toxic_manchild|2|1401\n|gen|9\n|tier|[Gen 9] Random Battle\n|rated|\n|rule|Species Clause: Limit one of each Pok\u00e9mon\n|rule|HP Percentage Mod: HP is shown in percentages\n|rule|Sleep Clause Mod: Limit one foe put to sleep\n|rule|Illusion Level Mod: Illusion disguises the Pok\u00e9mon's true level\n|\n|t:|1782833247\n|teamsize|p1|6\n|teamsize|p2|6\n|start\n|switch|p1a: Perrserker|Perrserker, L89, M|269/269\n|switch|p2a: Qwilfish|Qwilfish, L86, F|252/252\n|-ability|p2a: Qwilfish|Intimidate|boost\n|-unboost|p1a: Perrserker|atk|1\n|turn|1\n|\n|t:|1782833275\n|move|p2a: Qwilfish|Thunder Wave|p1a: Perrserker\n|-status|p1a: Perrserker|par\n|move|p1a: Perrserker|Stealth Rock|p2a: Qwilfish\n|-sidestart|p2: toxic_manchild|move: Stealth Rock\n|\n|upkeep\n|turn|2\n|\n|t:|1782833279\n|move|p2a: Qwilfish|Flip Turn|p1a: Perrserker\n|-damage|p1a: Perrserker|215/269 par\n|\n|t:|1782833283\n|switch|p2a: Gastrodon|Gastrodon, L86, F|331/331|[from] Flip Turn\n|-damage|p2a: Gastrodon|311/331|[from] Stealth Rock\n|move|p1a: Perrserker|U-turn|p2a: Gastrodon\n|-damage|p2a: Gastrodon|229/331\n|-damage|p1a: Perrserker|189/269 par|[from] item: Life Orb\n|\n|t:|1782833291\n|switch|p1a: Breloom|Breloom, L83, M|235/235|[from] U-turn\n|\n|-heal|p2a: Gastrodon|249/331|[from] item: Leftovers\n|upkeep\n|turn|3\n|\n|t:|1782833303\n|switch|p2a: Qwilfish|Qwilfish, L86, F|252/252\n|-ability|p2a: Qwilfish|Intimidate|boost\n|-unboost|p1a: Breloom|atk|1\n|move|p1a: Breloom|Spore|p2a: Qwilfish\n|-status|p2a: Qwilfish|slp|[from] move: Spore\n|\n|upkeep\n|turn|4\n|\n|t:|1782833314\n|switch|p1a: Pincurchin|Pincurchin, M|258/258\n|-fieldstart|move: Electric Terrain|[from] ability: Electric Surge|[of] p1a: Pincurchin\n|cant|p2a: Qwilfish|slp\n|\n|upkeep\n|turn|5\n|\n|t:|1782833318\n|switch|p2a: Gastrodon|Gastrodon, L86, F|249/331\n|-damage|p2a: Gastrodon|229/331|[from] Stealth Rock\n|move|p1a: Pincurchin|Spikes|p2a: Gastrodon\n|-sidestart|p2: toxic_manchild|Spikes\n|\n|-heal|p2a: Gastrodon|249/331|[from] item: Leftovers\n|upkeep\n|turn|6\n|\n|t:|1782833326\n|switch|p1a: Breloom|Breloom, L83, M|235/235\n|move|p2a: Gastrodon|Earthquake|p1a: Breloom\n|-resisted|p1a: Breloom\n|-damage|p1a: Breloom|181/235\n|\n|-heal|p2a: Gastrodon|269/331|[from] item: Leftovers\n|upkeep\n|turn|7\n|\n|t:|1782833337\n|switch|p2a: Qwilfish|Qwilfish, L86, F|252/252 slp\n|-ability|p2a: Qwilfish|Intimidate|boost\n|-unboost|p1a: Breloom|atk|1\n|move|p1a: Breloom|Bullet Seed|p2a: Qwilfish\n|-damage|p2a: Qwilfish|209/252 slp\n|-damage|p2a: Qwilfish|162/252 slp\n|-hitcount|p2a: Qwilfish|2\n|-damage|p1a: Breloom|158/235|[from] item: Life Orb\n|\n|upkeep\n|turn|8\n|\n|t:|1782833350\n|switch|p1a: Pincurchin|Pincurchin, M|258/258\n|-curestatus|p2a: Qwilfish|slp|[msg]\n|move|p2a: Qwilfish|Flip Turn|p1a: Pincurchin\n|-damage|p1a: Pincurchin|204/258\n|\n|t:|1782833354\n|switch|p2a: Gastrodon|Gastrodon, L86, F|269/331|[from] Flip Turn\n|-damage|p2a: Gastrodon|249/331|[from] Stealth Rock\n|-damage|p2a: Gastrodon|208/331|[from] Spikes\n|\n|-heal|p2a: Gastrodon|228/331|[from] item: Leftovers\n|-heal|p1a: Pincurchin|220/258|[from] item: Leftovers\n|-fieldend|move: Electric Terrain\n|upkeep\n|turn|9\n|\n|t:|1782833368\n|switch|p1a: Breloom|Breloom, L83, M|158/235\n|move|p2a: Gastrodon|Ice Beam|p1a: Breloom\n|-supereffective|p1a: Breloom\n|-crit|p1a: Breloom\n|-damage|p1a: Breloom|0 fnt\n|faint|p1a: Breloom\n|\n|-heal|p2a: Gastrodon|248/331|[from] item: Leftovers\n|upkeep\n|\n|t:|1782833380\n|switch|p1a: Necrozma|Necrozma-Dawn-Wings, L76|272/272\n|turn|10\n|\n|t:|1782833389\n|move|p1a: Necrozma|Calm Mind|p1a: Necrozma\n|-boost|p1a: Necrozma|spa|1\n|-boost|p1a: Necrozma|spd|1\n|move|p2a: Gastrodon|Stealth Rock|p1a: Necrozma\n|-sidestart|p1: angelsoyyoxd|move: Stealth Rock\n|\n|-heal|p2a: Gastrodon|268/331|[from] item: Leftovers\n|upkeep\n|turn|11\n|\n|t:|1782833393\n|move|p1a: Necrozma|Calm Mind|p1a: Necrozma\n|-boost|p1a: Necrozma|spa|1\n|-boost|p1a: Necrozma|spd|1\n|move|p2a: Gastrodon|Earthquake|p1a: Necrozma\n|-damage|p1a: Necrozma|175/272\n|\n|-heal|p1a: Necrozma|192/272|[from] item: Leftovers\n|-heal|p2a: Gastrodon|288/331|[from] item: Leftovers\n|upkeep\n|turn|12\n|\n|t:|1782833409\n|move|p1a: Necrozma|Photon Geyser|p2a: Gastrodon\n|-damage|p2a: Gastrodon|33/331\n|move|p2a: Gastrodon|Earthquake|p1a: Necrozma\n|-damage|p1a: Necrozma|102/272\n|\n|-heal|p1a: Necrozma|119/272|[from] item: Leftovers\n|-heal|p2a: Gastrodon|53/331|[from] item: Leftovers\n|upkeep\n|turn|13\n|\n|t:|1782833411\n|move|p1a: Necrozma|Moonlight|p1a: Necrozma\n|-heal|p1a: Necrozma|255/272\n|move|p2a: Gastrodon|Earthquake|p1a: Necrozma\n|-damage|p1a: Necrozma|155/272\n|\n|-heal|p1a: Necrozma|172/272|[from] item: Leftovers\n|-heal|p2a: Gastrodon|73/331|[from] item: Leftovers\n|upkeep\n|turn|14\n|\n|t:|1782833415\n|move|p1a: Necrozma|Moongeist Beam|p2a: Gastrodon\n|-damage|p2a: Gastrodon|0 fnt\n|faint|p2a: Gastrodon\n|\n|-heal|p1a: Necrozma|189/272|[from] item: Leftovers\n|upkeep\n|\n|t:|1782833426\n|switch|p2a: Emboar|Emboar, L84, M|322/322\n|-damage|p2a: Emboar|282/322|[from] Stealth Rock\n|-damage|p2a: Emboar|242/322|[from] Spikes\n|turn|15\n|\n|t:|1782833432\n|move|p2a: Emboar|Knock Off|p1a: Necrozma\n|-supereffective|p1a: Necrozma\n|-damage|p1a: Necrozma|0 fnt\n|-enditem|p1a: Necrozma|Leftovers|[from] move: Knock Off|[of] p2a: Emboar\n|faint|p1a: Necrozma\n|\n|upkeep\n|\n|t:|1782833436\n|switch|p1a: Deoxys|Deoxys-Speed, L82|216/216\n|-damage|p1a: Deoxys|189/216|[from] Stealth Rock\n|-ability|p1a: Deoxys|Pressure\n|turn|16\n|\n|t:|1782833444\n|switch|p2a: Umbreon|Umbreon, L84, F|297/297\n|-damage|p2a: Umbreon|260/297|[from] Stealth Rock\n|-damage|p2a: Umbreon|223/297|[from] Spikes\n|move|p1a: Deoxys|Psycho Boost|p2a: Umbreon\n|-immune|p2a: Umbreon\n|\n|-heal|p2a: Umbreon|241/297|[from] item: Leftovers\n|upkeep\n|turn|17\n|\n|t:|1782833448\n|switch|p1a: Perrserker|Perrserker, L89, M|189/269 par\n|-damage|p1a: Perrserker|173/269 par|[from] Stealth Rock\n|move|p2a: Umbreon|Wish|p2a: Umbreon\n|\n|-heal|p2a: Umbreon|259/297|[from] item: Leftovers\n|upkeep\n|turn|18\n|\n|t:|1782833461\n|switch|p2a: Qwilfish|Qwilfish, L86, F|162/252\n|-ability|p2a: Qwilfish|Intimidate|boost\n|-unboost|p1a: Perrserker|atk|1\n|move|p1a: Perrserker|Close Combat|p2a: Qwilfish\n|-resisted|p2a: Qwilfish\n|-damage|p2a: Qwilfish|106/252\n|-unboost|p1a: Perrserker|def|1\n|-unboost|p1a: Perrserker|spd|1\n|-damage|p1a: Perrserker|147/269 par|[from] item: Life Orb\n|\n|-heal|p2a: Qwilfish|252/252|[from] move: Wish|[wisher] Umbreon\n|upkeep\n|turn|19\n|\n|t:|1782833468\n|switch|p1a: Pincurchin|Pincurchin, M|220/258\n|-damage|p1a: Pincurchin|188/258|[from] Stealth Rock\n|-fieldstart|move: Electric Terrain|[from] ability: Electric Surge|[of] p1a: Pincurchin\n|move|p2a: Qwilfish|Flip Turn|p1a: Pincurchin\n|-damage|p1a: Pincurchin|139/258\n|\n|t:|1782833473\n|switch|p2a: Umbreon|Umbreon, L84, F|259/297|[from] Flip Turn\n|-damage|p2a: Umbreon|222/297|[from] Stealth Rock\n|-damage|p2a: Umbreon|185/297|[from] Spikes\n|\n|-heal|p2a: Umbreon|203/297|[from] item: Leftovers\n|-heal|p1a: Pincurchin|155/258|[from] item: Leftovers\n|upkeep\n|turn|20\n|\n|t:|1782833477\n|move|p2a: Umbreon|Wish|p2a: Umbreon\n|move|p1a: Pincurchin|Recover|p1a: Pincurchin\n|-heal|p1a: Pincurchin|258/258\n|\n|-heal|p2a: Umbreon|221/297|[from] item: Leftovers\n|upkeep\n|turn|21\n|\n|t:|1782833480\n|move|p2a: Umbreon|Toxic|p1a: Pincurchin\n|-status|p1a: Pincurchin|tox\n|move|p1a: Pincurchin|Spikes|p2a: Umbreon\n|-sidestart|p2: toxic_manchild|Spikes\n|\n|-heal|p2a: Umbreon|297/297|[from] move: Wish|[wisher] Umbreon\n|-damage|p1a: Pincurchin|242/258 tox|[from] psn\n|upkeep\n|turn|22\n|\n|t:|1782833484\n|move|p2a: Umbreon|Foul Play|p1a: Pincurchin\n|-damage|p1a: Pincurchin|160/258 tox\n|move|p1a: Pincurchin|Spikes|p2a: Umbreon\n|-sidestart|p2: toxic_manchild|Spikes\n|\n|-heal|p1a: Pincurchin|176/258 tox|[from] item: Leftovers\n|-damage|p1a: Pincurchin|144/258 tox|[from] psn\n|upkeep\n|turn|23\n|\n|t:|1782833491\n|switch|p1a: Perrserker|Perrserker, L89, M|147/269 par\n|-damage|p1a: Perrserker|131/269 par|[from] Stealth Rock\n|move|p2a: Umbreon|Foul Play|p1a: Perrserker\n|-damage|p1a: Perrserker|25/269 par\n|\n|-fieldend|move: Electric Terrain\n|upkeep\n|turn|24\n|\n|t:|1782833495\n|move|p2a: Umbreon|Foul Play|p1a: Perrserker\n|-damage|p1a: Perrserker|0 fnt\n|faint|p1a: Perrserker\n|\n|upkeep\n|\n|t:|1782833498\n|switch|p1a: Alomomola|Alomomola, L87, F|429/429\n|-damage|p1a: Alomomola|376/429|[from] Stealth Rock\n|turn|25\n|inactive|Battle timer is ON: inactive players will automatically lose when time's up. (requested by toxic_manchild)\n|inactive|angelsoyyoxd has 120 seconds left.\n|\n|t:|1782833568\n|-terastallize|p1a: Alomomola|Steel\n|move|p1a: Alomomola|Scald|p2a: Umbreon\n|-damage|p2a: Umbreon|258/297\n|move|p2a: Umbreon|Toxic|p1a: Alomomola\n|-immune|p1a: Alomomola\n|\n|-heal|p1a: Alomomola|402/429|[from] item: Leftovers\n|-heal|p2a: Umbreon|276/297|[from] item: Leftovers\n|upkeep\n|turn|26\n|\n|t:|1782833582\n|move|p1a: Alomomola|Wish|p1a: Alomomola\n|move|p2a: Umbreon|Wish|p2a: Umbreon\n|\n|-heal|p1a: Alomomola|428/429|[from] item: Leftovers\n|-heal|p2a: Umbreon|294/297|[from] item: Leftovers\n|upkeep\n|turn|27\n|\n|t:|1782833586\n|switch|p1a: Pincurchin|Pincurchin, M|144/258 tox\n|-damage|p1a: Pincurchin|112/258 tox|[from] Stealth Rock\n|-fieldstart|move: Electric Terrain|[from] ability: Electric Surge|[of] p1a: Pincurchin\n|switch|p2a: Emboar|Emboar, L84, M|242/322\n|-damage|p2a: Emboar|202/322|[from] Stealth Rock\n|-damage|p2a: Emboar|122/322|[from] Spikes\n|\n|-heal|p2a: Emboar|270/322|[from] move: Wish|[wisher] Umbreon\n|-heal|p1a: Pincurchin|258/258 tox|[from] move: Wish|[wisher] Alomomola\n|-damage|p1a: Pincurchin|242/258 tox|[from] psn\n|upkeep\n|turn|28\n|\n|t:|1782833597\n|switch|p2a: Qwilfish|Qwilfish, L86, F|252/252\n|-ability|p2a: Qwilfish|Intimidate|boost\n|-unboost|p1a: Pincurchin|atk|1\n|move|p1a: Pincurchin|Thunderbolt|p2a: Qwilfish\n|-supereffective|p2a: Qwilfish\n|-damage|p2a: Qwilfish|0 fnt\n|faint|p2a: Qwilfish\n|\n|-heal|p1a: Pincurchin|258/258 tox|[from] item: Leftovers\n|-damage|p1a: Pincurchin|226/258 tox|[from] psn\n|upkeep\n|\n|t:|1782833611\n|switch|p2a: Umbreon|Umbreon, L84, F|294/297\n|-damage|p2a: Umbreon|257/297|[from] Stealth Rock\n|-damage|p2a: Umbreon|183/297|[from] Spikes\n|turn|29\n|\n|t:|1782833619\n|move|p2a: Umbreon|Wish|p2a: Umbreon\n|move|p1a: Pincurchin|Thunderbolt|p2a: Umbreon\n|-damage|p2a: Umbreon|56/297\n|\n|-heal|p2a: Umbreon|74/297|[from] item: Leftovers\n|-heal|p1a: Pincurchin|242/258 tox|[from] item: Leftovers\n|-damage|p1a: Pincurchin|194/258 tox|[from] psn\n|upkeep\n|turn|30\n|\n|t:|1782833629\n|move|p2a: Umbreon|Protect|p2a: Umbreon\n|-singleturn|p2a: Umbreon|Protect\n|move|p1a: Pincurchin|Thunderbolt|p2a: Umbreon\n|-activate|p2a: Umbreon|move: Protect\n|\n|-heal|p2a: Umbreon|222/297|[from] move: Wish|[wisher] Umbreon\n|-heal|p2a: Umbreon|240/297|[from] item: Leftovers\n|-heal|p1a: Pincurchin|210/258 tox|[from] item: Leftovers\n|-damage|p1a: Pincurchin|146/258 tox|[from] psn\n|upkeep\n|turn|31\n|\n|t:|1782833633\n|move|p2a: Umbreon|Foul Play|p1a: Pincurchin\n|-damage|p1a: Pincurchin|91/258 tox\n|move|p1a: Pincurchin|Recover|p1a: Pincurchin\n|-heal|p1a: Pincurchin|220/258 tox\n|\n|-heal|p2a: Umbreon|258/297|[from] item: Leftovers\n|-heal|p1a: Pincurchin|236/258 tox|[from] item: Leftovers\n|-damage|p1a: Pincurchin|156/258 tox|[from] psn\n|-fieldend|move: Electric Terrain\n|upkeep\n|turn|32\n|\n|t:|1782833637\n|switch|p1a: Alomomola|Alomomola, L87, F, tera:Steel|429/429\n|-damage|p1a: Alomomola|403/429|[from] Stealth Rock\n|move|p2a: Umbreon|Foul Play|p1a: Alomomola\n|-crit|p1a: Alomomola\n|-damage|p1a: Alomomola|280/429\n|\n|-heal|p1a: Alomomola|306/429|[from] item: Leftovers\n|-heal|p2a: Umbreon|276/297|[from] item: Leftovers\n|upkeep\n|turn|33\n|\n|t:|1782833647\n|move|p1a: Alomomola|Wish|p1a: Alomomola\n|move|p2a: Umbreon|Foul Play|p1a: Alomomola\n|-damage|p1a: Alomomola|216/429\n|\n|-heal|p1a: Alomomola|242/429|[from] item: Leftovers\n|-heal|p2a: Umbreon|294/297|[from] item: Leftovers\n|upkeep\n|turn|34\n|\n|t:|1782833658\n|switch|p1a: Pincurchin|Pincurchin, M|156/258 tox\n|-damage|p1a: Pincurchin|124/258 tox|[from] Stealth Rock\n|-fieldstart|move: Electric Terrain|[from] ability: Electric Surge|[of] p1a: Pincurchin\n|move|p2a: Umbreon|Foul Play|p1a: Pincurchin\n|-damage|p1a: Pincurchin|48/258 tox\n|\n|-heal|p1a: Pincurchin|258/258 tox|[from] move: Wish|[wisher] Alomomola\n|-heal|p2a: Umbreon|297/297|[from] item: Leftovers\n|-damage|p1a: Pincurchin|242/258 tox|[from] psn\n|upkeep\n|turn|35\n|\n|t:|1782833665\n|move|p2a: Umbreon|Foul Play|p1a: Pincurchin\n|-damage|p1a: Pincurchin|170/258 tox\n|move|p1a: Pincurchin|Thunderbolt|p2a: Umbreon\n|-damage|p2a: Umbreon|177/297\n|\n|-heal|p2a: Umbreon|195/297|[from] item: Leftovers\n|-heal|p1a: Pincurchin|186/258 tox|[from] item: Leftovers\n|-damage|p1a: Pincurchin|154/258 tox|[from] psn\n|upkeep\n|turn|36\n|\n|t:|1782833669\n|move|p2a: Umbreon|Foul Play|p1a: Pincurchin\n|-damage|p1a: Pincurchin|78/258 tox\n|move|p1a: Pincurchin|Thunderbolt|p2a: Umbreon\n|-damage|p2a: Umbreon|71/297\n|\n|-heal|p2a: Umbreon|89/297|[from] item: Leftovers\n|-heal|p1a: Pincurchin|94/258 tox|[from] item: Leftovers\n|-damage|p1a: Pincurchin|46/258 tox|[from] psn\n|upkeep\n|turn|37\n|\n|t:|1782833676\n|move|p2a: Umbreon|Foul Play|p1a: Pincurchin\n|-damage|p1a: Pincurchin|0 fnt\n|faint|p1a: Pincurchin\n|\n|-heal|p2a: Umbreon|107/297|[from] item: Leftovers\n|upkeep\n|\n|t:|1782833678\n|switch|p1a: Deoxys|Deoxys-Speed, L82|189/216\n|-damage|p1a: Deoxys|162/216|[from] Stealth Rock\n|-ability|p1a: Deoxys|Pressure\n|turn|38\n|\n|t:|1782833682\n|move|p2a: Umbreon|Protect|p2a: Umbreon\n|-singleturn|p2a: Umbreon|Protect\n|move|p1a: Deoxys|Superpower|p2a: Umbreon\n|-activate|p2a: Umbreon|move: Protect\n|\n|-heal|p2a: Umbreon|125/297|[from] item: Leftovers\n|-fieldend|move: Electric Terrain\n|upkeep\n|turn|39\n|\n|t:|1782833688\n|-terastallize|p2a: Umbreon|Poison\n|move|p1a: Deoxys|Superpower|p2a: Umbreon\n|-resisted|p2a: Umbreon\n|-damage|p2a: Umbreon|83/297\n|-unboost|p1a: Deoxys|atk|1\n|-unboost|p1a: Deoxys|def|1\n|-damage|p1a: Deoxys|141/216|[from] item: Life Orb\n|move|p2a: Umbreon|Wish|p2a: Umbreon\n|\n|-heal|p2a: Umbreon|101/297|[from] item: Leftovers\n|upkeep\n|turn|40\n|\n|t:|1782833697\n|move|p2a: Umbreon|Protect|p2a: Umbreon\n|-singleturn|p2a: Umbreon|Protect\n|move|p1a: Deoxys|Psycho Boost|p2a: Umbreon\n|-activate|p2a: Umbreon|move: Protect\n|\n|-heal|p2a: Umbreon|249/297|[from] move: Wish|[wisher] Umbreon\n|-heal|p2a: Umbreon|267/297|[from] item: Leftovers\n|upkeep\n|turn|41\n|\n|t:|1782833707\n|move|p1a: Deoxys|Psycho Boost|p2a: Umbreon\n|-supereffective|p2a: Umbreon\n|-damage|p2a: Umbreon|25/297\n|-unboost|p1a: Deoxys|spa|2\n|-damage|p1a: Deoxys|120/216|[from] item: Life Orb\n|move|p2a: Umbreon|Foul Play|p1a: Deoxys\n|-supereffective|p1a: Deoxys\n|-damage|p1a: Deoxys|0 fnt\n|faint|p1a: Deoxys\n|\n|-heal|p2a: Umbreon|43/297|[from] item: Leftovers\n|upkeep\n|\n|t:|1782833710\n|switch|p1a: Alomomola|Alomomola, L87, F, tera:Steel|385/429\n|-damage|p1a: Alomomola|359/429|[from] Stealth Rock\n|turn|42\n|\n|t:|1782833714\n|move|p1a: Alomomola|Scald|p2a: Umbreon\n|-damage|p2a: Umbreon|4/297\n|move|p2a: Umbreon|Foul Play|p1a: Alomomola\n|-damage|p1a: Alomomola|265/429\n|\n|-heal|p1a: Alomomola|291/429|[from] item: Leftovers\n|-heal|p2a: Umbreon|22/297|[from] item: Leftovers\n|upkeep\n|turn|43\n|\n|t:|1782833718\n|move|p1a: Alomomola|Scald|p2a: Umbreon\n|-damage|p2a: Umbreon|0 fnt\n|faint|p2a: Umbreon\n|\n|-heal|p1a: Alomomola|317/429|[from] item: Leftovers\n|upkeep\n|\n|t:|1782833725\n|switch|p2a: Volcarona|Volcarona, L77, M|257/257\n|turn|44\n|\n|t:|1782833730\n|move|p2a: Volcarona|Fiery Dance|p1a: Alomomola\n|-supereffective|p1a: Alomomola\n|-damage|p1a: Alomomola|33/429\n|-boost|p2a: Volcarona|spa|1\n|move|p1a: Alomomola|Scald|p2a: Volcarona\n|-supereffective|p2a: Volcarona\n|-damage|p2a: Volcarona|167/257\n|\n|-heal|p1a: Alomomola|59/429|[from] item: Leftovers\n|upkeep\n|turn|45\n|\n|t:|1782833733\n|move|p2a: Volcarona|Fiery Dance|p1a: Alomomola\n|-supereffective|p1a: Alomomola\n|-damage|p1a: Alomomola|0 fnt\n|faint|p1a: Alomomola\n|\n|win|toxic_manchild\n|raw|angelsoyyoxd's rating: 1462 &rarr; <strong>1439</strong><br />(-23 for losing)\n|raw|toxic_manchild's rating: 1401 &rarr; <strong>1424</strong><br />(+23 for winning)\n|l|\u2606angelsoyyoxd\n|player|p1|\n", "inputlog": ">version f8ac14003a5f27e1bdc8d8c59608a773c1cb96e5\n>start {\"formatid\":\"gen9randombattle\",\"seed\":\"sodium,c606cff814a8e5ec71f8e9452f263b4e\",\"rated\":\"Rated battle\"}\n>player p1 {\"name\":\"angelsoyyoxd\",\"avatar\":\"1\",\"rating\":1462,\"seed\":\"sodium,5a44dbea486f6adfd36ec5706be4e482\"}\n>player p2 {\"name\":\"toxic_manchild\",\"avatar\":\"2\",\"rating\":1401,\"seed\":\"sodium,b94e9b70090f1b47891eafd32a4c79ec\"}\n>p1 move stealthrock\n>p2 move thunderwave\n>p1 move uturn\n>p2 move flipturn\n>p2 switch 6\n>p1 switch 4\n>p1 move spore\n>p2 switch 6\n>p1 switch 3\n>p2 move thunderwave\n>p1 move spikes\n>p2 switch 6\n>p1 switch 3\n>p2 move earthquake\n>p1 move bulletseed\n>p2 switch 6\n>p1 switch 3\n>p2 move flipturn\n>p2 switch 6\n>p1 switch 3\n>p2 move icebeam\n>p1 switch 6\n>p1 move calmmind\n>p2 move stealthrock\n>p1 move calmmind\n>p2 move earthquake\n>p1 move photongeyser\n>p2 move earthquake\n>p1 move moonlight\n>p2 move earthquake\n>p1 move moongeistbeam\n>p2 move recover\n>p2 switch 2\n>p1 move photongeyser\n>p2 move knockoff\n>p1 switch 5\n>p1 move psychoboost\n>p2 switch 4\n>p1 switch 4\n>p2 move wish\n>p1 move closecombat\n>p2 switch 6\n>p1 switch 3\n>p2 move flipturn\n>p2 switch 6\n>p1 move recover\n>p2 move wish\n>p1 move spikes\n>p2 move toxic\n>p1 move spikes\n>p2 move foulplay\n>p1 switch 3\n>p2 move foulplay\n>p1 move closecombat\n>p2 move foulplay\n>p1 switch 2\n>p1 move scald terastallize\n>p2 move toxic\n>p1 move wish\n>p2 move wish\n>p1 switch 3\n>p2 switch 4\n>p1 move thunderbolt\n>p2 switch 6\n>p2 switch 4\n>p1 move thunderbolt\n>p2 move wish\n>p1 move thunderbolt\n>p2 move protect\n>p1 move recover\n>p2 move foulplay\n>p1 switch 3\n>p2 move foulplay\n>p1 move wish\n>p2 move foulplay\n>p1 switch 3\n>p2 move foulplay\n>p1 move thunderbolt\n>p2 move foulplay\n>p1 move thunderbolt\n>p2 move foulplay\n>p1 move thunderbolt\n>p2 move foulplay\n>p1 switch 4\n>p1 move superpower\n>p2 move protect\n>p1 move superpower\n>p2 move wish terastallize\n>p1 move psychoboost\n>p2 move protect\n>p1 move psychoboost\n>p2 move foulplay\n>p1 switch 3\n>p1 move scald\n>p2 move foulplay\n>p1 move scald\n>p2 move wish\n>p2 switch 3\n>p1 move scald\n>p2 move fierydance\n>p1 move scald\n>p2 move fierydance", "uploadtime": 1782833735, "views": 4, "formatid": "gen9randombattle", "rating": 1424, "private": 0, "password": null, "player_dets": [{"name": "angelsoyyoxd", "avatar": "1", "rating": 1462, "seed": "sodium,5a44dbea486f6adfd36ec5706be4e482"}, {"name": "toxic_manchild", "avatar": "2", "rating": 1401, "seed": "sodium,b94e9b70090f1b47891eafd32a4c79ec"}], "teams_full": [{"Perrserker": {"name": "Perrserker", "species": "Perrserker", "speciesId": "perrserker", "gender": "M", "shiny": false, "level": 89, "moves": ["ironhead", "uturn", "closecombat", "stealthrock"], "ability": "Tough Claws", "evs": {"hp": 85, "atk": 85, "def": 85, "spa": 85, "spd": 85, "spe": 85}, "ivs": {"hp": 31, "atk": 31, "def": 31, "spa": 31, "spd": 31, "spe": 31}, "item": "Life Orb", "teraType": "Fighting", "role": "Fast Attacker", "bvs": {"hp": 70, "atk": 110, "def": 100, "spa": 50, "spd": 60, "spe": 50}, "stats": {"hp": 269, "atk": 247, "def": 229, "spa": 140, "spd": 158, "spe": 140}, "types": ["Steel"]}, "Alomomola": {"name": "Alomomola", "species": "Alomomola", "speciesId": "alomomola", "gender": "F", "shiny": false, "level": 87, "moves": ["flipturn", "wish", "protect", "scald"], "ability": "Regenerator", "evs": {"hp": 85, "atk": 85, "def": 85, "spa": 85, "spd": 85, "spe": 85}, "ivs": {"hp": 31, "atk": 31, "def": 31, "spa": 31, "spd": 31, "spe": 31}, "item": "Leftovers", "teraType": "Steel", "role": "Bulky Support", "bvs": {"hp": 165, "atk": 75, "def": 80, "spa": 40, "spd": 45, "spe": 65}, "stats": {"hp": 429, "atk": 180, "def": 189, "spa": 119, "spd": 128, "spe": 163}, "types": ["Water"]}, "Pincurchin": {"name": "Pincurchin", "species": "Pincurchin", "speciesId": "pincurchin", "gender": "M", "shiny": false, "level": 100, "moves": ["thunderbolt", "spikes", "recover", "scald"], "ability": "Electric Surge", "evs": {"hp": 85, "atk": 0, "def": 85, "spa": 85, "spd": 85, "spe": 85}, "ivs": {"hp": 31, "atk": 0, "def": 31, "spa": 31, "spd": 31, "spe": 31}, "item": "Leftovers", "teraType": "Water", "role": "Bulky Attacker", "bvs": {"hp": 48, "atk": 101, "def": 95, "spa": 91, "spd": 85, "spe": 15}, "stats": {"hp": 258, "atk": 207, "def": 247, "spa": 239, "spd": 227, "spe": 87}, "types": ["Electric"]}, "Breloom": {"name": "Breloom", "species": "Breloom", "speciesId": "breloom", "gender": "M", "shiny": false, "level": 83, "moves": ["machpunch", "bulletseed", "spore", "rocktomb"], "ability": "Technician", "evs": {"hp": 85, "atk": 85, "def": 85, "spa": 85, "spd": 85, "spe": 85}, "ivs": {"hp": 31, "atk": 31, "def": 31, "spa": 31, "spd": 31, "spe": 31}, "item": "Life Orb", "teraType": "Fighting", "role": "Fast Attacker", "bvs": {"hp": 60, "atk": 130, "def": 80, "spa": 60, "spd": 60, "spe": 70}, "stats": {"hp": 235, "atk": 263, "def": 180, "spa": 147, "spd": 147, "spe": 164}, "types": ["Grass", "Fighting"]}, "Deoxys": {"name": "Deoxys", "species": "Deoxys-Speed", "speciesId": "deoxysspeed", "gender": "N", "shiny": false, "level": 82, "moves": ["superpower", "knockoff", "psychoboost", "taunt"], "ability": "Pressure", "evs": {"hp": 85, "atk": 85, "def": 85, "spa": 85, "spd": 85, "spe": 85}, "ivs": {"hp": 31, "atk": 31, "def": 31, "spa": 31, "spd": 31, "spe": 31}, "item": "Life Orb", "teraType": "Steel", "role": "Fast Support", "bvs": {"hp": 50, "atk": 95, "def": 90, "spa": 95, "spd": 90, "spe": 180}, "stats": {"hp": 216, "atk": 203, "def": 195, "spa": 203, "spd": 195, "spe": 342}, "types": ["Psychic"]}, "Necrozma": {"name": "Necrozma", "species": "Necrozma-Dawn-Wings", "speciesId": "necrozmadawnwings", "gender": "N", "shiny": false, "level": 76, "moves": ["moonlight", "moongeistbeam", "photongeyser", "calmmind"], "ability": "Prism Armor", "evs": {"hp": 85, "atk": 0, "def": 85, "spa": 85, "spd": 85, "spe": 85}, "ivs": {"hp": 31, "atk": 0, "def": 31, "spa": 31, "spd": 31, "spe": 31}, "item": "Leftovers", "teraType": "Fairy", "role": "Bulky Setup", "bvs": {"hp": 97, "atk": 113, "def": 109, "spa": 157, "spd": 127, "spe": 77}, "stats": {"hp": 272, "atk": 176, "def": 210, "spa": 283, "spd": 237, "spe": 161}, "types": ["Psychic", "Ghost"]}}, {"Qwilfish": {"name": "Qwilfish", "species": "Qwilfish", "speciesId": "qwilfish", "gender": "F", "shiny": false, "level": 86, "moves": ["thunderwave", "gunkshot", "flipturn", "painsplit"], "ability": "Intimidate", "evs": {"hp": 85, "atk": 85, "def": 85, "spa": 85, "spd": 85, "spe": 85}, "ivs": {"hp": 31, "atk": 31, "def": 31, "spa": 31, "spd": 31, "spe": 31}, "item": "Heavy-Duty Boots", "teraType": "Grass", "role": "Fast Support", "bvs": {"hp": 65, "atk": 95, "def": 85, "spa": 55, "spd": 55, "spe": 85}, "stats": {"hp": 252, "atk": 213, "def": 195, "spa": 144, "spd": 144, "spe": 195}, "types": ["Water", "Poison"]}, "Emboar": {"name": "Emboar", "species": "Emboar", "speciesId": "emboar", "gender": "M", "shiny": false, "level": 84, "moves": ["knockoff", "headsmash", "flareblitz", "closecombat"], "ability": "Reckless", "evs": {"hp": 85, "atk": 85, "def": 85, "spa": 85, "spd": 85, "spe": 85}, "ivs": {"hp": 31, "atk": 31, "def": 31, "spa": 31, "spd": 31, "spe": 31}, "item": "Choice Scarf", "teraType": "Fire", "role": "Fast Attacker", "bvs": {"hp": 110, "atk": 123, "def": 65, "spa": 100, "spd": 65, "spe": 65}, "stats": {"hp": 322, "atk": 255, "def": 157, "spa": 216, "spd": 157, "spe": 157}, "types": ["Fire", "Fighting"]}, "Volcarona": {"name": "Volcarona", "species": "Volcarona", "speciesId": "volcarona", "gender": "M", "shiny": false, "level": 77, "moves": ["quiverdance", "fierydance", "gigadrain", "bugbuzz"], "ability": "Swarm", "evs": {"hp": 85, "atk": 0, "def": 85, "spa": 85, "spd": 85, "spe": 85}, "ivs": {"hp": 31, "atk": 0, "def": 31, "spa": 31, "spd": 31, "spe": 31}, "item": "Heavy-Duty Boots", "teraType": "Grass", "role": "Fast Bulky Setup", "bvs": {"hp": 85, "atk": 60, "def": 65, "spa": 135, "spd": 105, "spe": 100}, "stats": {"hp": 257, "atk": 97, "def": 145, "spa": 252, "spd": 206, "spe": 199}, "types": ["Bug", "Fire"]}, "Umbreon": {"name": "Umbreon", "species": "Umbreon", "speciesId": "umbreon", "gender": "F", "shiny": false, "level": 84, "moves": ["foulplay", "protect", "toxic", "wish"], "ability": "Synchronize", "evs": {"hp": 85, "atk": 0, "def": 85, "spa": 85, "spd": 85, "spe": 85}, "ivs": {"hp": 31, "atk": 0, "def": 31, "spa": 31, "spd": 31, "spe": 31}, "item": "Leftovers", "teraType": "Poison", "role": "Bulky Support", "bvs": {"hp": 95, "atk": 65, "def": 110, "spa": 60, "spd": 130, "spe": 65}, "stats": {"hp": 297, "atk": 114, "def": 233, "spa": 149, "spd": 267, "spe": 157}, "types": ["Dark"]}, "Registeel": {"name": "Registeel", "species": "Registeel", "speciesId": "registeel", "gender": "N", "shiny": false, "level": 81, "moves": ["bodypress", "ironhead", "thunderwave", "irondefense"], "ability": "Clear Body", "evs": {"hp": 85, "atk": 85, "def": 85, "spa": 85, "spd": 85, "spe": 85}, "ivs": {"hp": 31, "atk": 31, "def": 31, "spa": 31, "spd": 31, "spe": 31}, "item": "Leftovers", "teraType": "Fighting", "role": "Bulky Support", "bvs": {"hp": 80, "atk": 75, "def": 150, "spa": 75, "spd": 150, "spe": 50}, "stats": {"hp": 262, "atk": 168, "def": 290, "spa": 168, "spd": 290, "spe": 128}, "types": ["Steel"]}, "Gastrodon": {"name": "Gastrodon", "species": "Gastrodon", "speciesId": "gastrodon", "gender": "F", "shiny": false, "level": 86, "moves": ["recover", "icebeam", "stealthrock", "earthquake"], "ability": "Storm Drain", "evs": {"hp": 85, "atk": 85, "def": 85, "spa": 85, "spd": 85, "spe": 85}, "ivs": {"hp": 31, "atk": 31, "def": 31, "spa": 31, "spd": 31, "spe": 31}, "item": "Leftovers", "teraType": "Steel", "role": "Bulky Attacker", "bvs": {"hp": 111, "atk": 83, "def": 68, "spa": 92, "spd": 82, "spe": 39}, "stats": {"hp": 331, "atk": 192, "def": 166, "spa": 207, "spd": 190, "spe": 116}, "types": ["Water", "Ground"]}}]}