{"id": "gen9randombattle-2641611183", "format": "[Gen 9] Random Battle", "players": ["Gerku", "xxzfn"], "log": "|j|\u2606Gerku\n|j|\u2606xxzfn\n|t:|1782818455\n|gametype|singles\n|player|p1|Gerku|169|2154\n|player|p2|xxzfn|1|2023\n|gen|9\n|tier|[Gen 9] Random Battle\n|rated|\n|rule|Species Clause: Limit one of each Pok\u00e9mon\n|rule|HP Percentage Mod: HP is shown in percentages\n|rule|Sleep Clause Mod: Limit one foe put to sleep\n|rule|Illusion Level Mod: Illusion disguises the Pok\u00e9mon's true level\n|\n|t:|1782818455\n|teamsize|p1|6\n|teamsize|p2|6\n|start\n|switch|p1a: Haxorus|Haxorus, L77, M|244/244\n|switch|p2a: Mamoswine|Mamoswine, L81, M|311/311\n|-ability|p1a: Haxorus|Mold Breaker\n|turn|1\n|inactive|Battle timer is ON: inactive players will automatically lose when time's up. (requested by xxzfn)\n|\n|t:|1782818465\n|move|p1a: Haxorus|Close Combat|p2a: Mamoswine\n|-supereffective|p2a: Mamoswine\n|-damage|p2a: Mamoswine|107/311\n|-unboost|p1a: Haxorus|def|1\n|-unboost|p1a: Haxorus|spd|1\n|move|p2a: Mamoswine|Stealth Rock|p1a: Haxorus\n|-sidestart|p1: Gerku|move: Stealth Rock\n|\n|upkeep\n|turn|2\n|\n|t:|1782818473\n|move|p2a: Mamoswine|Ice Shard|p1a: Haxorus\n|-supereffective|p1a: Haxorus\n|-damage|p1a: Haxorus|39/244\n|-damage|p2a: Mamoswine|76/311|[from] item: Life Orb\n|move|p1a: Haxorus|Iron Head|p2a: Mamoswine\n|-supereffective|p2a: Mamoswine\n|-damage|p2a: Mamoswine|0 fnt\n|faint|p2a: Mamoswine\n|\n|upkeep\n|\n|t:|1782818478\n|switch|p2a: Enamorus|Enamorus, L79, F|247/247\n|turn|3\n|\n|t:|1782818494\n|move|p2a: Enamorus|Superpower|p1a: Haxorus\n|-damage|p1a: Haxorus|0 fnt\n|-boost|p2a: Enamorus|atk|1\n|-boost|p2a: Enamorus|def|1\n|faint|p1a: Haxorus\n|\n|upkeep\n|\n|t:|1782818503\n|switch|p1a: Scream Tail|Scream Tail, L84|330/330\n|-damage|p1a: Scream Tail|289/330|[from] Stealth Rock\n|turn|4\n|\n|t:|1782818509\n|move|p1a: Scream Tail|Encore|p2a: Enamorus\n|-start|p2a: Enamorus|Encore\n|move|p2a: Enamorus|Superpower|p1a: Scream Tail\n|-resisted|p1a: Scream Tail\n|-damage|p1a: Scream Tail|261/330\n|-boost|p2a: Enamorus|atk|1\n|-boost|p2a: Enamorus|def|1\n|\n|-heal|p1a: Scream Tail|281/330|[from] item: Leftovers\n|upkeep\n|turn|5\n|\n|t:|1782818518\n|move|p1a: Scream Tail|Dazzling Gleam|p2a: Enamorus\n|-damage|p2a: Enamorus|177/247\n|move|p2a: Enamorus|Superpower|p1a: Scream Tail\n|-resisted|p1a: Scream Tail\n|-damage|p1a: Scream Tail|243/330\n|-boost|p2a: Enamorus|atk|1\n|-boost|p2a: Enamorus|def|1\n|\n|-heal|p1a: Scream Tail|263/330|[from] item: Leftovers\n|upkeep\n|turn|6\n|\n|t:|1782818530\n|move|p1a: Scream Tail|Dazzling Gleam|p2a: Enamorus\n|-damage|p2a: Enamorus|101/247\n|move|p2a: Enamorus|Superpower|p1a: Scream Tail\n|-resisted|p1a: Scream Tail\n|-damage|p1a: Scream Tail|215/330\n|-boost|p2a: Enamorus|atk|1\n|-boost|p2a: Enamorus|def|1\n|\n|-heal|p1a: Scream Tail|235/330|[from] item: Leftovers\n|-end|p2a: Enamorus|Encore\n|upkeep\n|turn|7\n|\n|t:|1782818540\n|switch|p2a: Torkoal|Torkoal, L88, F|266/266\n|-weather|SunnyDay|[from] ability: Drought|[of] p2a: Torkoal\n|-activate|p1a: Scream Tail|ability: Protosynthesis\n|-start|p1a: Scream Tail|protosynthesisspd\n|move|p1a: Scream Tail|Encore||[still]\n|-fail|p1a: Scream Tail\n|\n|-weather|SunnyDay|[upkeep]\n|-heal|p1a: Scream Tail|255/330|[from] item: Leftovers\n|upkeep\n|turn|8\n|\n|t:|1782818550\n|move|p1a: Scream Tail|Wish|p1a: Scream Tail\n|move|p2a: Torkoal|Yawn|p1a: Scream Tail\n|-start|p1a: Scream Tail|move: Yawn|[of] p2a: Torkoal\n|\n|-weather|SunnyDay|[upkeep]\n|-heal|p1a: Scream Tail|275/330|[from] item: Leftovers\n|upkeep\n|turn|9\n|\n|t:|1782818559\n|-end|p1a: Scream Tail|Protosynthesis|[silent]\n|switch|p1a: Hitmontop|Hitmontop, L88, M|231/231\n|-damage|p1a: Hitmontop|217/231|[from] Stealth Rock\n|-ability|p1a: Hitmontop|Intimidate|boost\n|-unboost|p2a: Torkoal|atk|1\n|move|p2a: Torkoal|Lava Plume|p1a: Hitmontop\n|-damage|p1a: Hitmontop|150/231\n|\n|-weather|SunnyDay|[upkeep]\n|-heal|p1a: Hitmontop|231/231|[from] move: Wish|[wisher] Scream Tail\n|upkeep\n|turn|10\n|\n|t:|1782818570\n|move|p1a: Hitmontop|Rapid Spin|p2a: Torkoal\n|-damage|p2a: Torkoal|239/266\n|-boost|p1a: Hitmontop|spe|1\n|-sideend|p1: Gerku|Stealth Rock|[from] move: Rapid Spin|[of] p1a: Hitmontop\n|move|p2a: Torkoal|Lava Plume|p1a: Hitmontop\n|-damage|p1a: Hitmontop|161/231\n|-status|p1a: Hitmontop|brn\n|\n|-weather|SunnyDay|[upkeep]\n|-damage|p1a: Hitmontop|147/231 brn|[from] brn\n|upkeep\n|turn|11\n|\n|t:|1782818584\n|move|p1a: Hitmontop|Earthquake|p2a: Torkoal\n|-supereffective|p2a: Torkoal\n|-damage|p2a: Torkoal|187/266\n|move|p2a: Torkoal|Lava Plume|p1a: Hitmontop\n|-damage|p1a: Hitmontop|74/231 brn\n|\n|-weather|none\n|-damage|p1a: Hitmontop|60/231 brn|[from] brn\n|upkeep\n|turn|12\n|\n|t:|1782818614\n|move|p1a: Hitmontop|Close Combat|p2a: Torkoal\n|-damage|p2a: Torkoal|142/266\n|-unboost|p1a: Hitmontop|def|1\n|-unboost|p1a: Hitmontop|spd|1\n|move|p2a: Torkoal|Lava Plume|p1a: Hitmontop\n|-damage|p1a: Hitmontop|0 fnt\n|faint|p1a: Hitmontop\n|\n|upkeep\n|\n|t:|1782818625\n|switch|p1a: Floatzel|Floatzel, L86, M|286/286\n|turn|13\n|inactive|xxzfn has 120 seconds left.\n|\n|t:|1782818647\n|move|p1a: Floatzel|Flip Turn|p2a: Torkoal\n|-supereffective|p2a: Torkoal\n|-damage|p2a: Torkoal|10/266\n|\n|t:|1782818652\n|switch|p1a: Ludicolo|Ludicolo, L90, F|290/290|[from] Flip Turn\n|move|p2a: Torkoal|Yawn|p1a: Ludicolo\n|-start|p1a: Ludicolo|move: Yawn|[of] p2a: Torkoal\n|\n|upkeep\n|turn|14\n|\n|t:|1782818659\n|switch|p1a: Floatzel|Floatzel, L86, M|286/286\n|move|p2a: Torkoal|Lava Plume|p1a: Floatzel\n|-resisted|p1a: Floatzel\n|-damage|p1a: Floatzel|223/286\n|\n|upkeep\n|turn|15\n|\n|t:|1782818671\n|move|p1a: Floatzel|Flip Turn|p2a: Torkoal\n|-supereffective|p2a: Torkoal\n|-damage|p2a: Torkoal|0 fnt\n|faint|p2a: Torkoal\n|\n|t:|1782818675\n|switch|p1a: Scream Tail|Scream Tail, L84|275/330|[from] Flip Turn\n|\n|-heal|p1a: Scream Tail|295/330|[from] item: Leftovers\n|upkeep\n|inactive|xxzfn has 120 seconds left.\n|\n|t:|1782818712\n|switch|p2a: Brute Bonnet|Brute Bonnet, L80|309/309\n|turn|16\n|\n|t:|1782818726\n|-end|p1a: Scream Tail|Protosynthesis|[silent]\n|switch|p1a: Ludicolo|Ludicolo, L90, F|290/290\n|move|p2a: Brute Bonnet|Spore|p1a: Ludicolo\n|-immune|p1a: Ludicolo\n|\n|upkeep\n|turn|17\n|inactive|xxzfn has 120 seconds left.\n|\n|t:|1782818747\n|move|p1a: Ludicolo|Ice Beam|p2a: Brute Bonnet\n|-supereffective|p2a: Brute Bonnet\n|-damage|p2a: Brute Bonnet|148/309\n|-damage|p1a: Ludicolo|261/290|[from] item: Life Orb\n|move|p2a: Brute Bonnet|Crunch|p1a: Ludicolo\n|-damage|p1a: Ludicolo|149/290\n|\n|-heal|p2a: Brute Bonnet|167/309|[from] item: Leftovers\n|upkeep\n|turn|18\n|\n|t:|1782818757\n|-end|p2a: Brute Bonnet|Protosynthesis|[silent]\n|switch|p2a: Kyurem|Kyurem-White, L73|303/303\n|-ability|p2a: Kyurem|Turboblaze\n|move|p1a: Ludicolo|Ice Beam|p2a: Kyurem\n|-damage|p2a: Kyurem|216/303\n|-damage|p1a: Ludicolo|120/290|[from] item: Life Orb\n|\n|upkeep\n|turn|19\n|\n|t:|1782818766\n|switch|p1a: Scream Tail|Scream Tail, L84|295/330\n|move|p2a: Kyurem|Freeze-Dry|p1a: Scream Tail\n|-damage|p1a: Scream Tail|220/330\n|\n|-heal|p1a: Scream Tail|240/330|[from] item: Leftovers\n|upkeep\n|turn|20\n|inactive|xxzfn has 120 seconds left.\n|\n|t:|1782818782\n|switch|p2a: Brute Bonnet|Brute Bonnet, L80|167/309\n|move|p1a: Scream Tail|Dazzling Gleam|p2a: Brute Bonnet\n|-supereffective|p2a: Brute Bonnet\n|-damage|p2a: Brute Bonnet|51/309\n|\n|-heal|p1a: Scream Tail|260/330|[from] item: Leftovers\n|-heal|p2a: Brute Bonnet|70/309|[from] item: Leftovers\n|upkeep\n|turn|21\n|\n|t:|1782818790\n|-terastallize|p2a: Brute Bonnet|Poison\n|move|p1a: Scream Tail|Dazzling Gleam|p2a: Brute Bonnet\n|-resisted|p2a: Brute Bonnet\n|-damage|p2a: Brute Bonnet|40/309\n|move|p2a: Brute Bonnet|Spore|p1a: Scream Tail\n|-status|p1a: Scream Tail|slp|[from] move: Spore\n|\n|-heal|p1a: Scream Tail|280/330 slp|[from] item: Leftovers\n|-heal|p2a: Brute Bonnet|59/309|[from] item: Leftovers\n|upkeep\n|turn|22\n|\n|t:|1782818798\n|cant|p1a: Scream Tail|slp\n|move|p2a: Brute Bonnet|Seed Bomb|p1a: Scream Tail\n|-damage|p1a: Scream Tail|189/330 slp\n|\n|-heal|p1a: Scream Tail|209/330 slp|[from] item: Leftovers\n|-heal|p2a: Brute Bonnet|78/309|[from] item: Leftovers\n|upkeep\n|turn|23\n|\n|t:|1782818805\n|-curestatus|p1a: Scream Tail|slp|[msg]\n|move|p1a: Scream Tail|Wish|p1a: Scream Tail\n|move|p2a: Brute Bonnet|Seed Bomb|p1a: Scream Tail\n|-damage|p1a: Scream Tail|127/330\n|\n|-heal|p1a: Scream Tail|147/330|[from] item: Leftovers\n|-heal|p2a: Brute Bonnet|97/309|[from] item: Leftovers\n|upkeep\n|turn|24\n|\n|t:|1782818816\n|move|p1a: Scream Tail|Protect|p1a: Scream Tail\n|-singleturn|p1a: Scream Tail|Protect\n|move|p2a: Brute Bonnet|Crunch|p1a: Scream Tail\n|-activate|p1a: Scream Tail|move: Protect\n|\n|-heal|p1a: Scream Tail|312/330|[from] move: Wish|[wisher] Scream Tail\n|-heal|p1a: Scream Tail|330/330|[from] item: Leftovers\n|-heal|p2a: Brute Bonnet|116/309|[from] item: Leftovers\n|upkeep\n|turn|25\n|\n|t:|1782818826\n|-end|p1a: Scream Tail|Protosynthesis|[silent]\n|switch|p1a: Ludicolo|Ludicolo, L90, F|120/290\n|move|p2a: Brute Bonnet|Spore|p1a: Ludicolo\n|-immune|p1a: Ludicolo\n|\n|-heal|p2a: Brute Bonnet|135/309|[from] item: Leftovers\n|upkeep\n|turn|26\n|\n|t:|1782818835\n|-end|p2a: Brute Bonnet|Protosynthesis|[silent]\n|switch|p2a: Kyurem|Kyurem-White, L73|216/303\n|-ability|p2a: Kyurem|Turboblaze\n|move|p1a: Ludicolo|Hydro Pump|p2a: Kyurem|[miss]\n|-miss|p1a: Ludicolo|p2a: Kyurem\n|\n|upkeep\n|turn|27\n|\n|t:|1782818843\n|switch|p1a: Scream Tail|Scream Tail, L84|330/330\n|move|p2a: Kyurem|Ice Beam|p1a: Scream Tail\n|-damage|p1a: Scream Tail|243/330\n|\n|-heal|p1a: Scream Tail|263/330|[from] item: Leftovers\n|upkeep\n|turn|28\n|\n|t:|1782818852\n|switch|p2a: Brute Bonnet|Brute Bonnet, L80, tera:Poison|135/309\n|-end|p1a: Scream Tail|Protosynthesis|[silent]\n|switch|p1a: Ludicolo|Ludicolo, L90, F|120/290\n|\n|-heal|p2a: Brute Bonnet|154/309|[from] item: Leftovers\n|upkeep\n|turn|29\n|\n|t:|1782818862\n|-end|p2a: Brute Bonnet|Protosynthesis|[silent]\n|switch|p2a: Kyurem|Kyurem-White, L73|216/303\n|-ability|p2a: Kyurem|Turboblaze\n|move|p1a: Ludicolo|Hydro Pump|p2a: Kyurem\n|-resisted|p2a: Kyurem\n|-damage|p2a: Kyurem|126/303\n|-damage|p1a: Ludicolo|91/290|[from] item: Life Orb\n|\n|upkeep\n|turn|30\n|\n|t:|1782818871\n|switch|p1a: Scream Tail|Scream Tail, L84|263/330\n|move|p2a: Kyurem|Freeze-Dry|p1a: Scream Tail\n|-damage|p1a: Scream Tail|193/330\n|\n|-heal|p1a: Scream Tail|213/330|[from] item: Leftovers\n|upkeep\n|turn|31\n|\n|t:|1782818880\n|switch|p2a: Brute Bonnet|Brute Bonnet, L80, tera:Poison|154/309\n|move|p1a: Scream Tail|Wish|p1a: Scream Tail\n|\n|-heal|p1a: Scream Tail|233/330|[from] item: Leftovers\n|-heal|p2a: Brute Bonnet|173/309|[from] item: Leftovers\n|upkeep\n|turn|32\n|\n|t:|1782818889\n|-end|p1a: Scream Tail|Protosynthesis|[silent]\n|switch|p1a: Bellossom|Bellossom, L84, F|263/263\n|move|p2a: Brute Bonnet|Crunch|p1a: Bellossom\n|-crit|p1a: Bellossom\n|-damage|p1a: Bellossom|115/263\n|\n|-heal|p1a: Bellossom|263/263|[from] move: Wish|[wisher] Scream Tail\n|-heal|p2a: Brute Bonnet|192/309|[from] item: Leftovers\n|upkeep\n|turn|33\n|\n|t:|1782818899\n|-end|p2a: Brute Bonnet|Protosynthesis|[silent]\n|switch|p2a: Kyurem|Kyurem-White, L73|126/303\n|-ability|p2a: Kyurem|Turboblaze\n|move|p1a: Bellossom|Quiver Dance|p1a: Bellossom\n|-boost|p1a: Bellossom|spa|1\n|-boost|p1a: Bellossom|spd|1\n|-boost|p1a: Bellossom|spe|1\n|\n|upkeep\n|turn|34\n|\n|t:|1782818909\n|-terastallize|p1a: Bellossom|Fire\n|move|p2a: Kyurem|Ice Beam|p1a: Bellossom\n|-resisted|p1a: Bellossom\n|-damage|p1a: Bellossom|224/263\n|move|p1a: Bellossom|Quiver Dance|p1a: Bellossom\n|-boost|p1a: Bellossom|spa|1\n|-boost|p1a: Bellossom|spd|1\n|-boost|p1a: Bellossom|spe|1\n|\n|-heal|p1a: Bellossom|240/263|[from] item: Leftovers\n|upkeep\n|turn|35\n|\n|t:|1782818921\n|switch|p2a: Enamorus|Enamorus, L79, F|101/247\n|move|p1a: Bellossom|Tera Blast|p2a: Enamorus|[anim] Tera Blast Fire\n|-damage|p2a: Enamorus|0 fnt\n|faint|p2a: Enamorus\n|\n|-heal|p1a: Bellossom|256/263|[from] item: Leftovers\n|upkeep\n|\n|t:|1782818924\n|switch|p2a: Kingdra|Kingdra, L84, F|263/263\n|turn|36\n|\n|t:|1782818934\n|move|p1a: Bellossom|Giga Drain|p2a: Kingdra\n|-damage|p2a: Kingdra|119/263\n|-heal|p1a: Bellossom|263/263|[from] drain|[of] p2a: Kingdra\n|move|p2a: Kingdra|Rain Dance|p2a: Kingdra\n|-weather|RainDance\n|\n|-weather|RainDance|[upkeep]\n|upkeep\n|turn|37\n|\n|t:|1782818944\n|switch|p1a: Ludicolo|Ludicolo, L90, F|91/290\n|move|p2a: Kingdra|Wave Crash|p1a: Ludicolo\n|-resisted|p1a: Ludicolo\n|-damage|p1a: Ludicolo|25/290\n|-damage|p2a: Kingdra|97/263|[from] Recoil\n|-damage|p2a: Kingdra|71/263|[from] item: Life Orb\n|\n|-weather|RainDance|[upkeep]\n|upkeep\n|turn|38\n|\n|t:|1782818952\n|move|p2a: Kingdra|Hurricane|p1a: Ludicolo\n|-supereffective|p1a: Ludicolo\n|-damage|p1a: Ludicolo|0 fnt\n|faint|p1a: Ludicolo\n|-damage|p2a: Kingdra|45/263|[from] item: Life Orb\n|\n|-weather|RainDance|[upkeep]\n|upkeep\n|\n|t:|1782818958\n|switch|p1a: Scream Tail|Scream Tail, L84|233/330\n|turn|39\n|\n|t:|1782818961\n|move|p2a: Kingdra|Wave Crash|p1a: Scream Tail\n|-damage|p1a: Scream Tail|0 fnt\n|faint|p1a: Scream Tail\n|-end|p1a: Scream Tail|Protosynthesis|[silent]\n|-damage|p2a: Kingdra|0 fnt|[from] Recoil\n|faint|p2a: Kingdra\n|\n|-weather|RainDance|[upkeep]\n|upkeep\n|\n|t:|1782818976\n|switch|p1a: Bellossom|Bellossom, L84, F, tera:Fire|263/263\n|switch|p2a: Brute Bonnet|Brute Bonnet, L80, tera:Poison|192/309\n|turn|40\n|\n|t:|1782818980\n|switch|p1a: Floatzel|Floatzel, L86, M|223/286\n|move|p2a: Brute Bonnet|Spore|p1a: Floatzel\n|-status|p1a: Floatzel|slp|[from] move: Spore\n|\n|-weather|none\n|-heal|p2a: Brute Bonnet|211/309|[from] item: Leftovers\n|upkeep\n|turn|41\n|\n|t:|1782818987\n|switch|p1a: Bellossom|Bellossom, L84, F, tera:Fire|263/263\n|move|p2a: Brute Bonnet|Crunch|p1a: Bellossom\n|-damage|p1a: Bellossom|172/263\n|-unboost|p1a: Bellossom|def|1\n|\n|-heal|p2a: Brute Bonnet|230/309|[from] item: Leftovers\n|-heal|p1a: Bellossom|188/263|[from] item: Leftovers\n|upkeep\n|turn|42\n|\n|t:|1782818996\n|move|p2a: Brute Bonnet|Crunch|p1a: Bellossom\n|-damage|p1a: Bellossom|40/263\n|-unboost|p1a: Bellossom|def|1\n|move|p1a: Bellossom|Quiver Dance|p1a: Bellossom\n|-boost|p1a: Bellossom|spa|1\n|-boost|p1a: Bellossom|spd|1\n|-boost|p1a: Bellossom|spe|1\n|\n|-heal|p1a: Bellossom|56/263|[from] item: Leftovers\n|-heal|p2a: Brute Bonnet|249/309|[from] item: Leftovers\n|upkeep\n|turn|43\n|c|\u2606Gerku|...\n|\n|t:|1782819006\n|move|p1a: Bellossom|Strength Sap|p2a: Brute Bonnet\n|-unboost|p2a: Brute Bonnet|atk|1\n|-heal|p1a: Bellossom|263/263\n|move|p2a: Brute Bonnet|Crunch|p1a: Bellossom\n|-damage|p1a: Bellossom|142/263\n|-unboost|p1a: Bellossom|def|1\n|\n|-heal|p1a: Bellossom|158/263|[from] item: Leftovers\n|-heal|p2a: Brute Bonnet|268/309|[from] item: Leftovers\n|upkeep\n|turn|44\n|c|\u2606Gerku|...\n|\n|t:|1782819017\n|move|p1a: Bellossom|Strength Sap|p2a: Brute Bonnet\n|-unboost|p2a: Brute Bonnet|atk|1\n|-heal|p1a: Bellossom|263/263\n|move|p2a: Brute Bonnet|Crunch|p1a: Bellossom\n|-damage|p1a: Bellossom|152/263\n|\n|-heal|p1a: Bellossom|168/263|[from] item: Leftovers\n|-heal|p2a: Brute Bonnet|287/309|[from] item: Leftovers\n|upkeep\n|turn|45\n|\n|t:|1782819028\n|move|p1a: Bellossom|Tera Blast|p2a: Brute Bonnet|[anim] Tera Blast Fire\n|-damage|p2a: Brute Bonnet|175/309\n|move|p2a: Brute Bonnet|Crunch|p1a: Bellossom\n|-damage|p1a: Bellossom|63/263\n|\n|-heal|p1a: Bellossom|79/263|[from] item: Leftovers\n|-heal|p2a: Brute Bonnet|194/309|[from] item: Leftovers\n|upkeep\n|turn|46\n|\n|t:|1782819036\n|move|p1a: Bellossom|Strength Sap|p2a: Brute Bonnet\n|-unboost|p2a: Brute Bonnet|atk|1\n|-heal|p1a: Bellossom|203/263\n|move|p2a: Brute Bonnet|Crunch|p1a: Bellossom\n|-damage|p1a: Bellossom|107/263\n|\n|-heal|p1a: Bellossom|123/263|[from] item: Leftovers\n|-heal|p2a: Brute Bonnet|213/309|[from] item: Leftovers\n|upkeep\n|turn|47\n|\n|t:|1782819047\n|move|p1a: Bellossom|Quiver Dance|p1a: Bellossom\n|-boost|p1a: Bellossom|spa|1\n|-boost|p1a: Bellossom|spd|1\n|-boost|p1a: Bellossom|spe|1\n|move|p2a: Brute Bonnet|Crunch|p1a: Bellossom\n|-damage|p1a: Bellossom|38/263\n|\n|-heal|p1a: Bellossom|54/263|[from] item: Leftovers\n|-heal|p2a: Brute Bonnet|232/309|[from] item: Leftovers\n|upkeep\n|turn|48\n|\n|t:|1782819055\n|move|p1a: Bellossom|Strength Sap|p2a: Brute Bonnet\n|-unboost|p2a: Brute Bonnet|atk|1\n|-heal|p1a: Bellossom|153/263\n|move|p2a: Brute Bonnet|Crunch|p1a: Bellossom\n|-damage|p1a: Bellossom|74/263\n|\n|-heal|p1a: Bellossom|90/263|[from] item: Leftovers\n|-heal|p2a: Brute Bonnet|251/309|[from] item: Leftovers\n|upkeep\n|turn|49\n|\n|t:|1782819063\n|move|p1a: Bellossom|Giga Drain|p2a: Brute Bonnet\n|-resisted|p2a: Brute Bonnet\n|-damage|p2a: Brute Bonnet|180/309\n|-heal|p1a: Bellossom|126/263|[from] drain|[of] p2a: Brute Bonnet\n|move|p2a: Brute Bonnet|Crunch|p1a: Bellossom\n|-crit|p1a: Bellossom\n|-damage|p1a: Bellossom|0 fnt\n|faint|p1a: Bellossom\n|\n|-heal|p2a: Brute Bonnet|199/309|[from] item: Leftovers\n|upkeep\n|-message|Gerku forfeited.\n|\n|win|xxzfn\n", "inputlog": ">version f8ac14003a5f27e1bdc8d8c59608a773c1cb96e5\n>start {\"formatid\":\"gen9randombattle\",\"seed\":\"sodium,04c03258a12093ee226d349e2e1031c4\",\"rated\":\"Rated battle\"}\n>player p1 {\"name\":\"Gerku\",\"avatar\":\"169\",\"rating\":2154,\"seed\":\"sodium,6f7582b8eb8963c41d4a6ae5c6ac01e0\"}\n>player p2 {\"name\":\"xxzfn\",\"avatar\":\"1\",\"rating\":2023,\"seed\":\"sodium,8b1b675073b9d507ae27a68d6145feef\"}\n>p1 move closecombat\n>p2 move stealthrock\n>p1 move ironhead\n>p2 move iceshard\n>p2 switch 5\n>p1 move ironhead\n>p2 move superpower\n>p1 switch 6\n>p1 move encore\n>p2 move superpower\n>p1 move dazzlinggleam\n>p2 move superpower\n>p1 move dazzlinggleam\n>p2 move superpower\n>p1 move encore\n>p2 switch 2\n>p1 move wish\n>p2 move yawn\n>p1 switch 2\n>p2 move lavaplume\n>p1 move rapidspin\n>p2 move lavaplume\n>p1 move earthquake\n>p2 move lavaplume\n>p1 move closecombat\n>p2 move lavaplume\n>p1 switch 4\n>p1 move flipturn\n>p2 move yawn\n>p1 switch 3\n>p1 switch 3\n>p2 move lavaplume\n>p1 move flipturn\n>p2 move lavaplume\n>p1 switch 2\n>p2 switch 3\n>p1 switch 3\n>p2 move spore\n>p1 move icebeam\n>p2 move crunch\n>p1 move icebeam\n>p2 switch 4\n>p1 switch 3\n>p2 move freezedry\n>p1 move dazzlinggleam\n>p2 switch 4\n>p1 move dazzlinggleam\n>p2 move spore terastallize\n>p1 move wish\n>p2 move seedbomb\n>p1 move wish\n>p2 move seedbomb\n>p1 move protect\n>p2 move crunch\n>p1 switch 3\n>p2 move spore\n>p1 move hydropump\n>p2 switch 4\n>p1 switch 3\n>p2 move icebeam\n>p1 switch 3\n>p2 switch 4\n>p1 move hydropump\n>p2 switch 4\n>p1 switch 3\n>p2 move freezedry\n>p1 move wish\n>p2 switch 4\n>p1 switch 5\n>p2 move crunch\n>p1 move quiverdance\n>p2 switch 4\n>p1 move quiverdance terastallize\n>p2 move icebeam\n>p1 move terablast\n>p2 switch 2\n>p2 switch 6\n>p1 move gigadrain\n>p2 move raindance\n>p1 switch 3\n>p2 move wavecrash\n>p1 move gigadrain\n>p2 move hurricane\n>p1 switch 5\n>p1 move wish\n>p2 move wavecrash\n>p1 switch 3\n>p2 switch 4\n>p1 switch 2\n>p2 move spore\n>p1 switch 2\n>p2 move crunch\n>p1 move quiverdance\n>p2 move crunch\n>chat \u2606Gerku|...\n>p1 move strengthsap\n>p2 move crunch\n>chat \u2606Gerku|...\n>p1 move strengthsap\n>p2 move crunch\n>p1 move terablast\n>p2 move crunch\n>p1 move strengthsap\n>p2 move crunch\n>p1 move quiverdance\n>p2 move crunch\n>p1 move strengthsap\n>p2 move crunch\n>p1 move gigadrain\n>p2 move crunch\n>forcelose p1", "uploadtime": 1782818457, "views": 10, "formatid": "gen9randombattle", "rating": null, "private": 0, "password": null, "player_dets": [{"name": "Gerku", "avatar": "169", "rating": 2154, "seed": "sodium,6f7582b8eb8963c41d4a6ae5c6ac01e0"}, {"name": "xxzfn", "avatar": "1", "rating": 2023, "seed": "sodium,8b1b675073b9d507ae27a68d6145feef"}], "teams_full": [{"Haxorus": {"name": "Haxorus", "species": "Haxorus", "speciesId": "haxorus", "gender": "M", "shiny": false, "level": 77, "moves": ["closecombat", "outrage", "ironhead", "dragondance"], "ability": "Mold Breaker", "evs": {"hp": 85, "atk": 85, "def": 85, "spa": 85, "spd": 85, "spe": 85}, "ivs": {"hp": 31, "atk": 31, "def": 31, "spa": 31, "spd": 31, "spe": 31}, "item": "Lum Berry", "teraType": "Steel", "role": "Setup Sweeper", "bvs": {"hp": 76, "atk": 147, "def": 90, "spa": 60, "spd": 70, "spe": 97}, "stats": {"hp": 244, "atk": 271, "def": 183, "spa": 137, "spd": 152, "spe": 194}, "types": ["Dragon"]}, "Hitmontop": {"name": "Hitmontop", "species": "Hitmontop", "speciesId": "hitmontop", "gender": "M", "shiny": false, "level": 88, "moves": ["closecombat", "rapidspin", "earthquake", "suckerpunch"], "ability": "Intimidate", "evs": {"hp": 85, "atk": 85, "def": 85, "spa": 85, "spd": 85, "spe": 85}, "ivs": {"hp": 31, "atk": 31, "def": 31, "spa": 31, "spd": 31, "spe": 31}, "item": "Assault Vest", "teraType": "Steel", "role": "Bulky Support", "bvs": {"hp": 50, "atk": 95, "def": 95, "spa": 35, "spd": 110, "spe": 70}, "stats": {"hp": 231, "atk": 217, "def": 217, "spa": 112, "spd": 244, "spe": 173}, "types": ["Fighting"]}, "Ludicolo": {"name": "Ludicolo", "species": "Ludicolo", "speciesId": "ludicolo", "gender": "F", "shiny": false, "level": 90, "moves": ["raindance", "icebeam", "hydropump", "gigadrain"], "ability": "Swift Swim", "evs": {"hp": 85, "atk": 0, "def": 85, "spa": 85, "spd": 85, "spe": 85}, "ivs": {"hp": 31, "atk": 0, "def": 31, "spa": 31, "spd": 31, "spe": 31}, "item": "Life Orb", "teraType": "Water", "role": "Setup Sweeper", "bvs": {"hp": 80, "atk": 70, "def": 70, "spa": 90, "spd": 100, "spe": 70}, "stats": {"hp": 290, "atk": 131, "def": 177, "spa": 213, "spd": 231, "spe": 177}, "types": ["Water", "Grass"]}, "Floatzel": {"name": "Floatzel", "species": "Floatzel", "speciesId": "floatzel", "gender": "M", "shiny": false, "level": 86, "moves": ["icespinner", "wavecrash", "crunch", "flipturn"], "ability": "Water Veil", "evs": {"hp": 85, "atk": 85, "def": 85, "spa": 85, "spd": 85, "spe": 85}, "ivs": {"hp": 31, "atk": 31, "def": 31, "spa": 31, "spd": 31, "spe": 31}, "item": "Choice Band", "teraType": "Water", "role": "Wallbreaker", "bvs": {"hp": 85, "atk": 105, "def": 55, "spa": 85, "spd": 50, "spe": 115}, "stats": {"hp": 286, "atk": 230, "def": 144, "spa": 195, "spd": 135, "spe": 247}, "types": ["Water"]}, "Bellossom": {"name": "Bellossom", "species": "Bellossom", "speciesId": "bellossom", "gender": "F", "shiny": false, "level": 84, "moves": ["gigadrain", "quiverdance", "terablast", "strengthsap"], "ability": "Chlorophyll", "evs": {"hp": 85, "atk": 0, "def": 85, "spa": 85, "spd": 85, "spe": 85}, "ivs": {"hp": 31, "atk": 0, "def": 31, "spa": 31, "spd": 31, "spe": 31}, "item": "Leftovers", "teraType": "Fire", "role": "Tera Blast user", "bvs": {"hp": 75, "atk": 80, "def": 95, "spa": 90, "spd": 100, "spe": 50}, "stats": {"hp": 263, "atk": 139, "def": 208, "spa": 199, "spd": 216, "spe": 132}, "types": ["Grass"]}, "Scream Tail": {"name": "Scream Tail", "species": "Scream Tail", "speciesId": "screamtail", "gender": "N", "shiny": false, "level": 84, "moves": ["dazzlinggleam", "encore", "wish", "protect"], "ability": "Protosynthesis", "evs": {"hp": 85, "atk": 0, "def": 85, "spa": 85, "spd": 85, "spe": 85}, "ivs": {"hp": 31, "atk": 0, "def": 31, "spa": 31, "spd": 31, "spe": 31}, "item": "Leftovers", "teraType": "Poison", "role": "Bulky Attacker", "bvs": {"hp": 115, "atk": 65, "def": 99, "spa": 65, "spd": 115, "spe": 111}, "stats": {"hp": 330, "atk": 114, "def": 215, "spa": 157, "spd": 241, "spe": 235}, "types": ["Fairy", "Psychic"]}}, {"Mamoswine": {"name": "Mamoswine", "species": "Mamoswine", "speciesId": "mamoswine", "gender": "M", "shiny": false, "level": 81, "moves": ["earthquake", "stealthrock", "iceshard", "iciclecrash"], "ability": "Thick Fat", "evs": {"hp": 85, "atk": 85, "def": 85, "spa": 85, "spd": 85, "spe": 85}, "ivs": {"hp": 31, "atk": 31, "def": 31, "spa": 31, "spd": 31, "spe": 31}, "item": "Life Orb", "teraType": "Ground", "role": "Wallbreaker", "bvs": {"hp": 110, "atk": 130, "def": 80, "spa": 70, "spd": 60, "spe": 80}, "stats": {"hp": 311, "atk": 257, "def": 176, "spa": 160, "spd": 144, "spe": 176}, "types": ["Ice", "Ground"]}, "Torkoal": {"name": "Torkoal", "species": "Torkoal", "speciesId": "torkoal", "gender": "F", "shiny": false, "level": 88, "moves": ["solarbeam", "earthquake", "lavaplume", "yawn"], "ability": "Drought", "evs": {"hp": 85, "atk": 85, "def": 85, "spa": 85, "spd": 85, "spe": 85}, "ivs": {"hp": 31, "atk": 31, "def": 31, "spa": 31, "spd": 31, "spe": 31}, "item": "Heavy-Duty Boots", "teraType": "Grass", "role": "Wallbreaker", "bvs": {"hp": 70, "atk": 85, "def": 140, "spa": 85, "spd": 70, "spe": 20}, "stats": {"hp": 266, "atk": 200, "def": 297, "spa": 200, "spd": 173, "spe": 85}, "types": ["Fire"]}, "Brute Bonnet": {"name": "Brute Bonnet", "species": "Brute Bonnet", "speciesId": "brutebonnet", "gender": "N", "shiny": false, "level": 80, "moves": ["suckerpunch", "spore", "seedbomb", "crunch"], "ability": "Protosynthesis", "evs": {"hp": 85, "atk": 85, "def": 85, "spa": 85, "spd": 85, "spe": 85}, "ivs": {"hp": 31, "atk": 31, "def": 31, "spa": 31, "spd": 31, "spe": 31}, "item": "Leftovers", "teraType": "Poison", "role": "Bulky Support", "bvs": {"hp": 111, "atk": 127, "def": 99, "spa": 79, "spd": 99, "spe": 55}, "stats": {"hp": 309, "atk": 249, "def": 205, "spa": 173, "spd": 205, "spe": 134}, "types": ["Grass", "Dark"]}, "Kyurem": {"name": "Kyurem", "species": "Kyurem-White", "speciesId": "kyuremwhite", "gender": "N", "shiny": false, "level": 73, "moves": ["dracometeor", "fusionflare", "icebeam", "freezedry"], "ability": "Turboblaze", "evs": {"hp": 85, "atk": 0, "def": 85, "spa": 85, "spd": 85, "spe": 85}, "ivs": {"hp": 31, "atk": 0, "def": 31, "spa": 31, "spd": 31, "spe": 31}, "item": "Choice Scarf", "teraType": "Dragon", "role": "Bulky Attacker", "bvs": {"hp": 125, "atk": 120, "def": 90, "spa": 170, "spd": 100, "spe": 95}, "stats": {"hp": 303, "atk": 180, "def": 174, "spa": 291, "spd": 188, "spe": 181}, "types": ["Dragon", "Ice"]}, "Enamorus": {"name": "Enamorus", "species": "Enamorus", "speciesId": "enamorus", "gender": "F", "shiny": false, "level": 79, "moves": ["playrough", "zenheadbutt", "taunt", "superpower"], "ability": "Contrary", "evs": {"hp": 85, "atk": 85, "def": 85, "spa": 85, "spd": 85, "spe": 85}, "ivs": {"hp": 31, "atk": 31, "def": 31, "spa": 31, "spd": 31, "spe": 31}, "item": "Heavy-Duty Boots", "teraType": "Fighting", "role": "Setup Sweeper", "bvs": {"hp": 74, "atk": 115, "def": 70, "spa": 135, "spd": 80, "spe": 106}, "stats": {"hp": 247, "atk": 227, "def": 156, "spa": 259, "spd": 172, "spe": 213}, "types": ["Fairy", "Flying"]}, "Kingdra": {"name": "Kingdra", "species": "Kingdra", "speciesId": "kingdra", "gender": "F", "shiny": false, "level": 84, "moves": ["dracometeor", "raindance", "wavecrash", "hurricane"], "ability": "Swift Swim", "evs": {"hp": 85, "atk": 85, "def": 85, "spa": 85, "spd": 85, "spe": 85}, "ivs": {"hp": 31, "atk": 31, "def": 31, "spa": 31, "spd": 31, "spe": 31}, "item": "Life Orb", "teraType": "Water", "role": "Fast Attacker", "bvs": {"hp": 75, "atk": 95, "def": 95, "spa": 95, "spd": 95, "spe": 85}, "stats": {"hp": 263, "atk": 208, "def": 208, "spa": 208, "spd": 208, "spe": 191}, "types": ["Water", "Dragon"]}}]}