{"id": "gen9randombattle-2641446792", "format": "[Gen 9] Random Battle", "players": ["notmetbh102", "personanongrattata"], "log": "|badge|p2|bronze|gen9randombattle|100-9\n|html|<div class=\"broadcast-red\"><strong>This battle is required to be public due to one or more player having a season medal.</strong><br />During the public phase, you can discuss the state of the ladder <a href=\"/seasondiscussion\">in a special chatroom.</a></div>\n|uhtml|medal-msg|<div class=\"broadcast-blue\">Curious what those medals under the avatar are? PS now has Ladder Seasons! For more information, check out the <a href=\"https://www.smogon.com/forums/threads/3740067/\">thread on Smogon.</a></div>\n|j|\u2606notmetbh102\n|j|\u2606personanongrattata\n|t:|1782786091\n|gametype|singles\n|player|p1|notmetbh102|2|2239\n|player|p2|personanongrattata|youngster-gen4dp|2267\n|gen|9\n|tier|[Gen 9] Random Battle\n|rated|\n|rule|Species Clause: Limit one of each Pok\u00e9mon\n|rule|HP Percentage Mod: HP is shown in percentages\n|rule|Sleep Clause Mod: Limit one foe put to sleep\n|rule|Illusion Level Mod: Illusion disguises the Pok\u00e9mon's true level\n|\n|t:|1782786091\n|teamsize|p1|6\n|teamsize|p2|6\n|start\n|switch|p1a: Espathra|Espathra, L80, M|283/283\n|switch|p2a: Okidogi|Okidogi, L77, M|262/262\n|turn|1\n|inactive|Battle timer is ON: inactive players will automatically lose when time's up. (requested by personanongrattata)\n|inactive|notmetbh102 also wants the timer to be on.\n|c|\u2606notmetbh102|hf\n|\n|t:|1782786099\n|switch|p2a: Tinkaton|Tinkaton, L82, F|274/274\n|-ability|p2a: Tinkaton|Mold Breaker\n|move|p1a: Espathra|Protect||[still]\n|-fail|p1a: Espathra\n|\n|-ability|p1a: Espathra|Speed Boost|boost\n|-boost|p1a: Espathra|spe|1\n|upkeep\n|turn|2\n|\n|t:|1782786104\n|switch|p1a: Torkoal|Torkoal, L88, M|266/266\n|-weather|SunnyDay|[from] ability: Drought|[of] p1a: Torkoal\n|move|p2a: Tinkaton|Knock Off|p1a: Torkoal\n|-damage|p1a: Torkoal|233/266\n|-enditem|p1a: Torkoal|Heavy-Duty Boots|[from] move: Knock Off|[of] p2a: Tinkaton\n|\n|-weather|SunnyDay|[upkeep]\n|upkeep\n|turn|3\n|\n|t:|1782786112\n|switch|p2a: Kyogre|Kyogre, L71|259/259\n|-weather|RainDance|[from] ability: Drizzle|[of] p2a: Kyogre\n|move|p1a: Torkoal|Lava Plume|p2a: Kyogre\n|-resisted|p2a: Kyogre\n|-damage|p2a: Kyogre|244/259\n|-status|p2a: Kyogre|brn\n|\n|-weather|RainDance|[upkeep]\n|-heal|p2a: Kyogre|259/259 brn|[from] item: Leftovers\n|-damage|p2a: Kyogre|243/259 brn|[from] brn\n|upkeep\n|turn|4\n|\n|t:|1782786115\n|switch|p1a: Dewgong|Dewgong, L94, F|322/322\n|move|p2a: Kyogre|Origin Pulse|p1a: Dewgong\n|-resisted|p1a: Dewgong\n|-damage|p1a: Dewgong|266/322\n|\n|-weather|RainDance|[upkeep]\n|-heal|p2a: Kyogre|259/259 brn|[from] item: Leftovers\n|-damage|p2a: Kyogre|243/259 brn|[from] brn\n|upkeep\n|turn|5\n|\n|t:|1782786118\n|move|p1a: Dewgong|Knock Off|p2a: Kyogre\n|-damage|p2a: Kyogre|161/259 brn\n|-enditem|p2a: Kyogre|Leftovers|[from] move: Knock Off|[of] p1a: Dewgong\n|move|p2a: Kyogre|Thunder|p1a: Dewgong\n|-supereffective|p1a: Dewgong\n|-damage|p1a: Dewgong|170/322\n|-status|p1a: Dewgong|par\n|\n|-weather|RainDance|[upkeep]\n|-damage|p2a: Kyogre|145/259 brn|[from] brn\n|upkeep\n|turn|6\n|\n|t:|1782786125\n|move|p2a: Kyogre|Thunder|p1a: Dewgong\n|-supereffective|p1a: Dewgong\n|-damage|p1a: Dewgong|84/322 par\n|move|p1a: Dewgong|Flip Turn|p2a: Kyogre\n|-resisted|p2a: Kyogre\n|-damage|p2a: Kyogre|87/259 brn\n|\n|t:|1782786126\n|switch|p1a: Krookodile|Krookodile, L79, M|280/280|[from] Flip Turn\n|-ability|p1a: Krookodile|Intimidate|boost\n|-unboost|p2a: Kyogre|atk|1\n|\n|-weather|RainDance|[upkeep]\n|-damage|p2a: Kyogre|71/259 brn|[from] brn\n|upkeep\n|turn|7\n|\n|t:|1782786137\n|move|p1a: Krookodile|Knock Off|p2a: Kyogre\n|-damage|p2a: Kyogre|0 fnt\n|faint|p2a: Kyogre\n|\n|-weather|none\n|upkeep\n|\n|t:|1782786152\n|switch|p2a: Phione|Phione, L91|293/293\n|turn|8\n|\n|t:|1782786155\n|switch|p1a: Espathra|Espathra, L80, M|283/283\n|move|p2a: Phione|Take Heart|p2a: Phione\n|-boost|p2a: Phione|spa|1\n|-boost|p2a: Phione|spd|1\n|\n|upkeep\n|turn|9\n|\n|t:|1782786156\n|move|p1a: Espathra|Calm Mind|p1a: Espathra\n|-boost|p1a: Espathra|spa|1\n|-boost|p1a: Espathra|spd|1\n|move|p2a: Phione|Scald|p1a: Espathra\n|-damage|p1a: Espathra|168/283\n|-status|p1a: Espathra|brn\n|\n|-heal|p1a: Espathra|185/283 brn|[from] item: Leftovers\n|-damage|p1a: Espathra|168/283 brn|[from] brn\n|-ability|p1a: Espathra|Speed Boost|boost\n|-boost|p1a: Espathra|spe|1\n|upkeep\n|turn|10\n|\n|t:|1782786159\n|move|p1a: Espathra|Protect|p1a: Espathra\n|-singleturn|p1a: Espathra|Protect\n|move|p2a: Phione|Scald|p1a: Espathra\n|-activate|p1a: Espathra|move: Protect\n|\n|-heal|p1a: Espathra|185/283 brn|[from] item: Leftovers\n|-damage|p1a: Espathra|168/283 brn|[from] brn\n|-ability|p1a: Espathra|Speed Boost|boost\n|-boost|p1a: Espathra|spe|1\n|upkeep\n|turn|11\n|\n|t:|1782786165\n|switch|p1a: Dewgong|Dewgong, L94, F|84/322 par\n|move|p2a: Phione|Scald|p1a: Dewgong\n|-resisted|p1a: Dewgong\n|-damage|p1a: Dewgong|51/322 par\n|\n|upkeep\n|turn|12\n|\n|t:|1782786170\n|move|p2a: Phione|Take Heart|p2a: Phione\n|-boost|p2a: Phione|spa|1\n|-boost|p2a: Phione|spd|1\n|move|p1a: Dewgong|Knock Off|p2a: Phione\n|-damage|p2a: Phione|222/293\n|-enditem|p2a: Phione|Leftovers|[from] move: Knock Off|[of] p1a: Dewgong\n|\n|upkeep\n|turn|13\n|\n|t:|1782786172\n|move|p2a: Phione|Scald|p1a: Dewgong\n|-resisted|p1a: Dewgong\n|-damage|p1a: Dewgong|0 fnt\n|faint|p1a: Dewgong\n|\n|upkeep\n|\n|t:|1782786173\n|switch|p1a: Trevenant|Trevenant, L89, F|296/296\n|turn|14\n|\n|t:|1782786177\n|switch|p2a: Farigiraf|Farigiraf, L90, F|362/362\n|move|p1a: Trevenant|Horn Leech|p2a: Farigiraf\n|-ability|p2a: Farigiraf|Sap Sipper|boost\n|-boost|p2a: Farigiraf|atk|1\n|\n|upkeep\n|turn|15\n|\n|t:|1782786182\n|switch|p1a: Krookodile|Krookodile, L79, M|280/280\n|-ability|p1a: Krookodile|Intimidate|boost\n|-unboost|p2a: Farigiraf|atk|1\n|move|p2a: Farigiraf|Psychic Noise|p1a: Krookodile\n|-immune|p1a: Krookodile\n|\n|upkeep\n|turn|16\n|\n|t:|1782786184\n|move|p2a: Farigiraf|Protect|p2a: Farigiraf\n|-singleturn|p2a: Farigiraf|Protect\n|move|p1a: Krookodile|Bulk Up|p1a: Krookodile\n|-boost|p1a: Krookodile|atk|1\n|-boost|p1a: Krookodile|def|1\n|\n|upkeep\n|turn|17\n|\n|t:|1782786201\n|switch|p2a: Arbok|Arbok, L87, M|246/246\n|-ability|p2a: Arbok|Intimidate|boost\n|-unboost|p1a: Krookodile|atk|1\n|move|p1a: Krookodile|Earthquake|p2a: Arbok\n|-supereffective|p2a: Arbok\n|-crit|p2a: Arbok\n|-damage|p2a: Arbok|0 fnt\n|faint|p2a: Arbok\n|\n|upkeep\n|\n|t:|1782786211\n|switch|p2a: Phione|Phione, L91|222/293\n|turn|18\n|\n|t:|1782786212\n|switch|p1a: Necrozma|Necrozma, L80|286/286\n|move|p2a: Phione|Scald|p1a: Necrozma\n|-damage|p1a: Necrozma|196/286\n|\n|-heal|p1a: Necrozma|213/286|[from] item: Leftovers\n|upkeep\n|turn|19\n|\n|t:|1782786217\n|switch|p2a: Farigiraf|Farigiraf, L90, F|362/362\n|move|p1a: Necrozma|Calm Mind|p1a: Necrozma\n|-boost|p1a: Necrozma|spa|1\n|-boost|p1a: Necrozma|spd|1\n|\n|-heal|p1a: Necrozma|230/286|[from] item: Leftovers\n|upkeep\n|turn|20\n|\n|t:|1782786220\n|move|p1a: Necrozma|Calm Mind|p1a: Necrozma\n|-boost|p1a: Necrozma|spa|1\n|-boost|p1a: Necrozma|spd|1\n|move|p2a: Farigiraf|Body Slam|p1a: Necrozma\n|-damage|p1a: Necrozma|143/286\n|\n|-heal|p1a: Necrozma|160/286|[from] item: Leftovers\n|upkeep\n|turn|21\n|\n|t:|1782786222\n|move|p1a: Necrozma|Moonlight|p1a: Necrozma\n|-heal|p1a: Necrozma|286/286\n|move|p2a: Farigiraf|Body Slam|p1a: Necrozma\n|-damage|p1a: Necrozma|192/286\n|\n|-heal|p1a: Necrozma|209/286|[from] item: Leftovers\n|upkeep\n|turn|22\n|\n|t:|1782786226\n|move|p1a: Necrozma|Heat Wave|p2a: Farigiraf|[miss]\n|-miss|p1a: Necrozma|p2a: Farigiraf\n|move|p2a: Farigiraf|Body Slam|p1a: Necrozma\n|-damage|p1a: Necrozma|119/286\n|\n|-heal|p1a: Necrozma|136/286|[from] item: Leftovers\n|upkeep\n|turn|23\n|\n|t:|1782786228\n|move|p1a: Necrozma|Moonlight|p1a: Necrozma\n|-heal|p1a: Necrozma|279/286\n|move|p2a: Farigiraf|Body Slam|p1a: Necrozma\n|-damage|p1a: Necrozma|183/286\n|-status|p1a: Necrozma|par\n|\n|-heal|p1a: Necrozma|200/286 par|[from] item: Leftovers\n|upkeep\n|turn|24\n|\n|t:|1782786230\n|move|p2a: Farigiraf|Body Slam|p1a: Necrozma\n|-damage|p1a: Necrozma|106/286 par\n|move|p1a: Necrozma|Moonlight|p1a: Necrozma\n|-heal|p1a: Necrozma|249/286 par\n|\n|-heal|p1a: Necrozma|266/286 par|[from] item: Leftovers\n|upkeep\n|turn|25\n|\n|t:|1782786233\n|move|p2a: Farigiraf|Body Slam|p1a: Necrozma\n|-damage|p1a: Necrozma|170/286 par\n|move|p1a: Necrozma|Calm Mind|p1a: Necrozma\n|-boost|p1a: Necrozma|spa|1\n|-boost|p1a: Necrozma|spd|1\n|\n|-heal|p1a: Necrozma|187/286 par|[from] item: Leftovers\n|upkeep\n|turn|26\n|\n|t:|1782786235\n|move|p2a: Farigiraf|Psychic Noise|p1a: Necrozma\n|-resisted|p1a: Necrozma\n|-damage|p1a: Necrozma|164/286 par\n|-start|p1a: Necrozma|move: Heal Block\n|cant|p1a: Necrozma|move: Heal Block|Moonlight\n|\n|upkeep\n|turn|27\n|\n|t:|1782786237\n|-terastallize|p1a: Necrozma|Steel\n|move|p2a: Farigiraf|Body Slam|p1a: Necrozma\n|-resisted|p1a: Necrozma\n|-damage|p1a: Necrozma|118/286 par\n|move|p1a: Necrozma|Heat Wave|p2a: Farigiraf|[miss]\n|-miss|p1a: Necrozma|p2a: Farigiraf\n|\n|-end|p1a: Necrozma|move: Heal Block\n|upkeep\n|turn|28\n|\n|t:|1782786239\n|move|p2a: Farigiraf|Psychic Noise|p1a: Necrozma\n|-resisted|p1a: Necrozma\n|-crit|p1a: Necrozma\n|-damage|p1a: Necrozma|43/286 par\n|-start|p1a: Necrozma|move: Heal Block\n|move|p1a: Necrozma|Photon Geyser|p2a: Farigiraf\n|-resisted|p2a: Farigiraf\n|-damage|p2a: Farigiraf|209/362\n|\n|-heal|p2a: Farigiraf|231/362|[from] item: Leftovers\n|upkeep\n|turn|29\n|\n|t:|1782786243\n|move|p2a: Farigiraf|Wish|p2a: Farigiraf\n|move|p1a: Necrozma|Calm Mind|p1a: Necrozma\n|-boost|p1a: Necrozma|spa|1\n|-boost|p1a: Necrozma|spd|1\n|\n|-heal|p2a: Farigiraf|253/362|[from] item: Leftovers\n|-end|p1a: Necrozma|move: Heal Block\n|upkeep\n|turn|30\n|\n|t:|1782786245\n|move|p2a: Farigiraf|Psychic Noise|p1a: Necrozma\n|-resisted|p1a: Necrozma\n|-damage|p1a: Necrozma|25/286 par\n|-start|p1a: Necrozma|move: Heal Block\n|move|p1a: Necrozma|Heat Wave|p2a: Farigiraf\n|-damage|p2a: Farigiraf|1/362\n|\n|-heal|p2a: Farigiraf|182/362|[from] move: Wish|[wisher] Farigiraf\n|-heal|p2a: Farigiraf|204/362|[from] item: Leftovers\n|upkeep\n|turn|31\n|\n|t:|1782786251\n|move|p2a: Farigiraf|Body Slam|p1a: Necrozma\n|-resisted|p1a: Necrozma\n|-damage|p1a: Necrozma|0 fnt\n|faint|p1a: Necrozma\n|\n|-heal|p2a: Farigiraf|226/362|[from] item: Leftovers\n|upkeep\n|\n|t:|1782786252\n|switch|p1a: Krookodile|Krookodile, L79, M|280/280\n|-ability|p1a: Krookodile|Intimidate|boost\n|-unboost|p2a: Farigiraf|atk|1\n|turn|32\n|inactive|personanongrattata has 120 seconds left.\n|\n|t:|1782786288\n|move|p1a: Krookodile|Earthquake|p2a: Farigiraf\n|-damage|p2a: Farigiraf|103/362\n|move|p2a: Farigiraf|Body Slam|p1a: Krookodile\n|-damage|p1a: Krookodile|205/280\n|-status|p1a: Krookodile|par\n|\n|-heal|p2a: Farigiraf|125/362|[from] item: Leftovers\n|-heal|p1a: Krookodile|222/280 par|[from] item: Leftovers\n|upkeep\n|turn|33\n|inactive|personanongrattata has 120 seconds left.\n|\n|t:|1782786294\n|switch|p2a: Okidogi|Okidogi, L77, M|262/262\n|move|p1a: Krookodile|Earthquake|p2a: Okidogi\n|-supereffective|p2a: Okidogi\n|-damage|p2a: Okidogi|68/262\n|\n|-heal|p1a: Krookodile|239/280 par|[from] item: Leftovers\n|upkeep\n|turn|34\n|\n|t:|1782786296\n|switch|p1a: Trevenant|Trevenant, L89, F|296/296\n|move|p2a: Okidogi|Drain Punch|p1a: Trevenant\n|-immune|p1a: Trevenant\n|\n|upkeep\n|turn|35\n|\n|t:|1782786299\n|move|p2a: Okidogi|Knock Off|p1a: Trevenant\n|-supereffective|p1a: Trevenant\n|-damage|p1a: Trevenant|134/296\n|-status|p1a: Trevenant|tox|[from] ability: Toxic Chain|[of] p2a: Okidogi\n|-enditem|p1a: Trevenant|Life Orb|[from] move: Knock Off|[of] p2a: Okidogi\n|move|p1a: Trevenant|Poltergeist|p2a: Okidogi\n|-activate|p2a: Okidogi|move: Poltergeist|Assault Vest\n|-damage|p2a: Okidogi|0 fnt\n|faint|p2a: Okidogi\n|\n|-damage|p1a: Trevenant|116/296 tox|[from] psn\n|upkeep\n|\n|t:|1782786305\n|switch|p2a: Farigiraf|Farigiraf, L90, F|125/362\n|turn|36\n|\n|t:|1782786307\n|-curestatus|p1a: Trevenant|tox|[from] ability: Natural Cure|[silent]\n|switch|p1a: Krookodile|Krookodile, L79, M|239/280 par\n|-ability|p1a: Krookodile|Intimidate|boost\n|-unboost|p2a: Farigiraf|atk|1\n|move|p2a: Farigiraf|Wish|p2a: Farigiraf\n|\n|-heal|p2a: Farigiraf|147/362|[from] item: Leftovers\n|-heal|p1a: Krookodile|256/280 par|[from] item: Leftovers\n|upkeep\n|turn|37\n|\n|t:|1782786318\n|switch|p2a: Phione|Phione, L91|222/293\n|move|p1a: Krookodile|Knock Off|p2a: Phione\n|-damage|p2a: Phione|150/293\n|\n|-heal|p2a: Phione|293/293|[from] move: Wish|[wisher] Farigiraf\n|-heal|p1a: Krookodile|273/280 par|[from] item: Leftovers\n|upkeep\n|turn|38\n|\n|t:|1782786325\n|switch|p1a: Trevenant|Trevenant, L89, F|116/296\n|move|p2a: Phione|Scald|p1a: Trevenant\n|-resisted|p1a: Trevenant\n|-damage|p1a: Trevenant|75/296\n|\n|upkeep\n|turn|39\n|\n|t:|1782786328\n|switch|p2a: Farigiraf|Farigiraf, L90, F|147/362\n|move|p1a: Trevenant|Rest|p1a: Trevenant\n|-status|p1a: Trevenant|slp|[from] move: Rest\n|-heal|p1a: Trevenant|296/296 slp|[silent]\n|\n|-heal|p2a: Farigiraf|169/362|[from] item: Leftovers\n|upkeep\n|turn|40\n|\n|t:|1782786333\n|-curestatus|p1a: Trevenant|slp|[from] ability: Natural Cure|[silent]\n|switch|p1a: Krookodile|Krookodile, L79, M|273/280 par\n|-ability|p1a: Krookodile|Intimidate|boost\n|-unboost|p2a: Farigiraf|atk|1\n|move|p2a: Farigiraf|Wish|p2a: Farigiraf\n|\n|-heal|p2a: Farigiraf|191/362|[from] item: Leftovers\n|-heal|p1a: Krookodile|280/280 par|[from] item: Leftovers\n|upkeep\n|turn|41\n|\n|t:|1782786342\n|switch|p2a: Phione|Phione, L91|293/293\n|move|p1a: Krookodile|Bulk Up|p1a: Krookodile\n|-boost|p1a: Krookodile|atk|1\n|-boost|p1a: Krookodile|def|1\n|\n|upkeep\n|turn|42\n|\n|t:|1782786344\n|switch|p1a: Trevenant|Trevenant, L89, F|296/296\n|move|p2a: Phione|Scald|p1a: Trevenant\n|-resisted|p1a: Trevenant\n|-damage|p1a: Trevenant|256/296\n|-status|p1a: Trevenant|brn\n|\n|-damage|p1a: Trevenant|238/296 brn|[from] brn\n|upkeep\n|turn|43\n|\n|t:|1782786349\n|switch|p2a: Farigiraf|Farigiraf, L90, F|191/362\n|move|p1a: Trevenant|Rest|p1a: Trevenant\n|-status|p1a: Trevenant|slp|[from] move: Rest\n|-heal|p1a: Trevenant|296/296 slp|[silent]\n|\n|-heal|p2a: Farigiraf|213/362|[from] item: Leftovers\n|upkeep\n|turn|44\n|\n|t:|1782786351\n|-curestatus|p1a: Trevenant|slp|[from] ability: Natural Cure|[silent]\n|switch|p1a: Krookodile|Krookodile, L79, M|280/280 par\n|-ability|p1a: Krookodile|Intimidate|boost\n|-unboost|p2a: Farigiraf|atk|1\n|move|p2a: Farigiraf|Body Slam|p1a: Krookodile\n|-damage|p1a: Krookodile|205/280 par\n|\n|-heal|p2a: Farigiraf|235/362|[from] item: Leftovers\n|-heal|p1a: Krookodile|222/280 par|[from] item: Leftovers\n|upkeep\n|turn|45\n|\n|t:|1782786357\n|switch|p2a: Phione|Phione, L91|293/293\n|cant|p1a: Krookodile|par\n|\n|-heal|p1a: Krookodile|239/280 par|[from] item: Leftovers\n|upkeep\n|turn|46\n|\n|t:|1782786363\n|switch|p2a: Farigiraf|Farigiraf, L90, F|235/362\n|switch|p1a: Trevenant|Trevenant, L89, F|296/296\n|\n|-heal|p2a: Farigiraf|257/362|[from] item: Leftovers\n|upkeep\n|turn|47\n|\n|t:|1782786365\n|switch|p1a: Krookodile|Krookodile, L79, M|239/280 par\n|-ability|p1a: Krookodile|Intimidate|boost\n|-unboost|p2a: Farigiraf|atk|1\n|move|p2a: Farigiraf|Body Slam|p1a: Krookodile\n|-damage|p1a: Krookodile|158/280 par\n|\n|-heal|p2a: Farigiraf|279/362|[from] item: Leftovers\n|-heal|p1a: Krookodile|175/280 par|[from] item: Leftovers\n|upkeep\n|turn|48\n|\n|t:|1782786369\n|switch|p2a: Phione|Phione, L91|293/293\n|move|p1a: Krookodile|Earthquake|p2a: Phione\n|-damage|p2a: Phione|185/293\n|\n|-heal|p1a: Krookodile|192/280 par|[from] item: Leftovers\n|upkeep\n|turn|49\n|\n|t:|1782786372\n|switch|p1a: Trevenant|Trevenant, L89, F|296/296\n|move|p2a: Phione|Scald|p1a: Trevenant\n|-resisted|p1a: Trevenant\n|-damage|p1a: Trevenant|257/296\n|\n|upkeep\n|turn|50\n|\n|t:|1782786375\n|move|p2a: Phione|Scald|p1a: Trevenant\n|-resisted|p1a: Trevenant\n|-damage|p1a: Trevenant|216/296\n|move|p1a: Trevenant|Drain Punch|p2a: Phione\n|-damage|p2a: Phione|124/293\n|-heal|p1a: Trevenant|247/296|[from] drain|[of] p2a: Phione\n|\n|upkeep\n|turn|51\n|\n|t:|1782786378\n|move|p2a: Phione|Scald|p1a: Trevenant\n|-resisted|p1a: Trevenant\n|-damage|p1a: Trevenant|208/296\n|move|p1a: Trevenant|Drain Punch|p2a: Phione\n|-damage|p2a: Phione|53/293\n|-heal|p1a: Trevenant|244/296|[from] drain|[of] p2a: Phione\n|\n|upkeep\n|turn|52\n|\n|t:|1782786380\n|switch|p2a: Farigiraf|Farigiraf, L90, F|279/362\n|move|p1a: Trevenant|Drain Punch|p2a: Farigiraf\n|-damage|p2a: Farigiraf|204/362\n|-heal|p1a: Trevenant|282/296|[from] drain|[of] p2a: Farigiraf\n|\n|-heal|p2a: Farigiraf|226/362|[from] item: Leftovers\n|upkeep\n|turn|53\n|\n|t:|1782786382\n|switch|p1a: Krookodile|Krookodile, L79, M|192/280 par\n|-ability|p1a: Krookodile|Intimidate|boost\n|-unboost|p2a: Farigiraf|atk|1\n|move|p2a: Farigiraf|Wish|p2a: Farigiraf\n|\n|-heal|p2a: Farigiraf|248/362|[from] item: Leftovers\n|-heal|p1a: Krookodile|209/280 par|[from] item: Leftovers\n|upkeep\n|turn|54\n|\n|t:|1782786384\n|switch|p2a: Tinkaton|Tinkaton, L82, F|274/274\n|-ability|p2a: Tinkaton|Mold Breaker\n|move|p1a: Krookodile|Knock Off|p2a: Tinkaton\n|-resisted|p2a: Tinkaton\n|-damage|p2a: Tinkaton|216/274\n|-enditem|p2a: Tinkaton|Leftovers|[from] move: Knock Off|[of] p1a: Krookodile\n|\n|-heal|p2a: Tinkaton|274/274|[from] move: Wish|[wisher] Farigiraf\n|-heal|p1a: Krookodile|226/280 par|[from] item: Leftovers\n|upkeep\n|turn|55\n|\n|t:|1782786389\n|switch|p1a: Torkoal|Torkoal, L88, M|233/266\n|-weather|SunnyDay|[from] ability: Drought|[of] p1a: Torkoal\n|move|p2a: Tinkaton|Gigaton Hammer|p1a: Torkoal\n|-resisted|p1a: Torkoal\n|-damage|p1a: Torkoal|186/266\n|\n|-weather|SunnyDay|[upkeep]\n|upkeep\n|turn|56\n|\n|t:|1782786393\n|switch|p2a: Phione|Phione, L91|53/293\n|move|p1a: Torkoal|Lava Plume|p2a: Phione\n|-resisted|p2a: Phione\n|-damage|p2a: Phione|0 fnt\n|faint|p2a: Phione\n|\n|-weather|SunnyDay|[upkeep]\n|upkeep\n|\n|t:|1782786395\n|switch|p2a: Farigiraf|Farigiraf, L90, F|248/362\n|turn|57\n|\n|t:|1782786398\n|switch|p1a: Krookodile|Krookodile, L79, M|226/280 par\n|-ability|p1a: Krookodile|Intimidate|boost\n|-unboost|p2a: Farigiraf|atk|1\n|move|p2a: Farigiraf|Psychic Noise|p1a: Krookodile\n|-immune|p1a: Krookodile\n|\n|-weather|SunnyDay|[upkeep]\n|-heal|p2a: Farigiraf|270/362|[from] item: Leftovers\n|-heal|p1a: Krookodile|243/280 par|[from] item: Leftovers\n|upkeep\n|turn|58\n|\n|t:|1782786399\n|move|p2a: Farigiraf|Body Slam|p1a: Krookodile\n|-damage|p1a: Krookodile|167/280 par\n|move|p1a: Krookodile|Bulk Up|p1a: Krookodile\n|-boost|p1a: Krookodile|atk|1\n|-boost|p1a: Krookodile|def|1\n|\n|-weather|SunnyDay|[upkeep]\n|-heal|p2a: Farigiraf|292/362|[from] item: Leftovers\n|-heal|p1a: Krookodile|184/280 par|[from] item: Leftovers\n|upkeep\n|turn|59\n|\n|t:|1782786401\n|move|p2a: Farigiraf|Body Slam|p1a: Krookodile\n|-damage|p1a: Krookodile|135/280 par\n|move|p1a: Krookodile|Knock Off|p2a: Farigiraf\n|-supereffective|p2a: Farigiraf\n|-damage|p2a: Farigiraf|0 fnt\n|-enditem|p2a: Farigiraf|Leftovers|[from] move: Knock Off|[of] p1a: Krookodile\n|faint|p2a: Farigiraf\n|\n|-weather|none\n|-heal|p1a: Krookodile|152/280 par|[from] item: Leftovers\n|upkeep\n|\n|t:|1782786403\n|switch|p2a: Tinkaton|Tinkaton, L82, F|274/274\n|-ability|p2a: Tinkaton|Mold Breaker\n|turn|60\n|\n|t:|1782786406\n|move|p2a: Tinkaton|Knock Off|p1a: Krookodile\n|-resisted|p1a: Krookodile\n|-damage|p1a: Krookodile|132/280 par\n|-enditem|p1a: Krookodile|Leftovers|[from] move: Knock Off|[of] p2a: Tinkaton\n|move|p1a: Krookodile|Earthquake|p2a: Tinkaton\n|-supereffective|p2a: Tinkaton\n|-damage|p2a: Tinkaton|0 fnt\n|faint|p2a: Tinkaton\n|\n|win|notmetbh102\n|raw|notmetbh102's rating: 2239 &rarr; <strong>2261</strong><br />(+22 for winning)\n|raw|personanongrattata's rating: 2267 &rarr; <strong>2245</strong><br />(-22 for losing)\n|c|\u2606notmetbh102|gg\n", "inputlog": ">version f8ac14003a5f27e1bdc8d8c59608a773c1cb96e5\n>start {\"formatid\":\"gen9randombattle\",\"seed\":\"sodium,c82a0efa07f8823e62c51235edfaa279\",\"rated\":\"Rated battle\"}\n>player p1 {\"name\":\"notmetbh102\",\"avatar\":\"2\",\"rating\":2239,\"seed\":\"sodium,d034fb43e80c4313b5ba386bb67530f5\"}\n>player p2 {\"name\":\"personanongrattata\",\"avatar\":\"youngster-gen4dp\",\"rating\":2267,\"seed\":\"sodium,ed03b6476be40bfd38c6e6c951f9a2e5\"}\n>chat \u2606notmetbh102|hf\n>p1 move protect\n>p2 switch 4\n>p1 switch 3\n>p2 move knockoff\n>p1 move lavaplume\n>p2 switch 2\n>p1 switch 6\n>p2 move originpulse\n>p1 move knockoff\n>p2 move thunder\n>p1 move flipturn\n>p2 move thunder\n>p1 switch 2\n>p1 move knockoff\n>p2 move icebeam\n>p2 switch 3\n>p1 switch 3\n>p2 move takeheart\n>p1 move calmmind\n>p2 move scald\n>p1 move protect\n>p2 move scald\n>p1 switch 2\n>p2 move scald\n>p1 move knockoff\n>p2 move takeheart\n>p1 move flipturn\n>p2 move scald\n>p1 switch 4\n>p1 move hornleech\n>p2 switch 5\n>p1 switch 3\n>p2 move psychicnoise\n>p1 move bulkup\n>p2 move protect\n>p1 move earthquake\n>p2 switch 6\n>p2 switch 5\n>p1 switch 5\n>p2 move scald\n>p1 move calmmind\n>p2 switch 6\n>p1 move calmmind\n>p2 move bodyslam\n>p1 move moonlight\n>p2 move bodyslam\n>p1 move heatwave\n>p2 move bodyslam\n>p1 move moonlight\n>p2 move bodyslam\n>p1 move moonlight\n>p2 move bodyslam\n>p1 move calmmind\n>p2 move bodyslam\n>p1 move moonlight\n>p2 move psychicnoise\n>p1 move heatwave terastallize\n>p2 move bodyslam\n>p1 move photongeyser\n>p2 move psychicnoise\n>p1 move calmmind\n>p2 move wish\n>p1 move heatwave\n>p2 move psychicnoise\n>p1 move calmmind\n>p2 move bodyslam\n>p1 switch 5\n>p1 move earthquake\n>p2 move bodyslam\n>p1 move earthquake\n>p2 switch 4\n>p1 switch 3\n>p2 move drainpunch\n>p1 move poltergeist\n>p2 move knockoff\n>p2 switch 4\n>p1 switch 3\n>p2 move wish\n>p1 move knockoff\n>p2 switch 6\n>p1 switch 3\n>p2 move scald\n>p1 move rest\n>p2 switch 6\n>p1 switch 3\n>p2 move wish\n>p1 move bulkup\n>p2 switch 6\n>p1 switch 3\n>p2 move scald\n>p1 move rest\n>p2 switch 6\n>p1 switch 3\n>p2 move bodyslam\n>p1 move earthquake\n>p2 switch 6\n>p1 switch 3\n>p2 switch 6\n>p1 switch 3\n>p2 move bodyslam\n>p1 move earthquake\n>p2 switch 6\n>p1 switch 3\n>p2 move scald\n>p1 move drainpunch\n>p2 move scald\n>p1 move drainpunch\n>p2 move scald\n>p1 move drainpunch\n>p2 switch 6\n>p1 switch 3\n>p2 move wish\n>p1 move knockoff\n>p2 switch 2\n>p1 switch 6\n>p2 move gigatonhammer\n>p1 move lavaplume\n>p2 switch 6\n>p2 switch 2\n>p1 switch 6\n>p2 move psychicnoise\n>p1 move bulkup\n>p2 move bodyslam\n>p1 move knockoff\n>p2 move bodyslam\n>p2 switch 6\n>p1 move earthquake\n>p2 move knockoff", "uploadtime": 1782786094, "views": 4, "formatid": "gen9randombattle", "rating": 2245, "private": 0, "password": null, "player_dets": [{"name": "notmetbh102", "avatar": "2", "rating": 2239, "seed": "sodium,d034fb43e80c4313b5ba386bb67530f5"}, {"name": "personanongrattata", "avatar": "youngster-gen4dp", "rating": 2267, "seed": "sodium,ed03b6476be40bfd38c6e6c951f9a2e5"}], "teams_full": [{"Espathra": {"name": "Espathra", "species": "Espathra", "speciesId": "espathra", "gender": "M", "shiny": false, "level": 80, "moves": ["calmmind", "dazzlinggleam", "storedpower", "protect"], "ability": "Speed Boost", "evs": {"hp": 85, "atk": 0, "def": 85, "spa": 85, "spd": 85, "spe": 85}, "ivs": {"hp": 31, "atk": 0, "def": 31, "spa": 31, "spd": 31, "spe": 31}, "item": "Leftovers", "teraType": "Fairy", "role": "Fast Bulky Setup", "bvs": {"hp": 95, "atk": 60, "def": 60, "spa": 101, "spd": 60, "spe": 105}, "stats": {"hp": 283, "atk": 101, "def": 142, "spa": 208, "spd": 142, "spe": 214}, "types": ["Psychic"]}, "Krookodile": {"name": "Krookodile", "species": "Krookodile", "speciesId": "krookodile", "gender": "M", "shiny": false, "level": 79, "moves": ["earthquake", "knockoff", "bulkup", "gunkshot"], "ability": "Intimidate", "evs": {"hp": 85, "atk": 85, "def": 85, "spa": 85, "spd": 85, "spe": 85}, "ivs": {"hp": 31, "atk": 31, "def": 31, "spa": 31, "spd": 31, "spe": 31}, "item": "Leftovers", "teraType": "Poison", "role": "Bulky Setup", "bvs": {"hp": 95, "atk": 117, "def": 80, "spa": 65, "spd": 70, "spe": 92}, "stats": {"hp": 280, "atk": 230, "def": 172, "spa": 148, "spd": 156, "spe": 191}, "types": ["Ground", "Dark"]}, "Torkoal": {"name": "Torkoal", "species": "Torkoal", "speciesId": "torkoal", "gender": "M", "shiny": false, "level": 88, "moves": ["solarbeam", "lavaplume", "rapidspin", "yawn"], "ability": "Drought", "evs": {"hp": 85, "atk": 85, "def": 85, "spa": 85, "spd": 85, "spe": 85}, "ivs": {"hp": 31, "atk": 31, "def": 31, "spa": 31, "spd": 31, "spe": 31}, "item": "Heavy-Duty Boots", "teraType": "Dragon", "role": "Bulky Support", "bvs": {"hp": 70, "atk": 85, "def": 140, "spa": 85, "spd": 70, "spe": 20}, "stats": {"hp": 266, "atk": 200, "def": 297, "spa": 200, "spd": 173, "spe": 85}, "types": ["Fire"]}, "Trevenant": {"name": "Trevenant", "species": "Trevenant", "speciesId": "trevenant", "gender": "F", "shiny": false, "level": 89, "moves": ["poltergeist", "hornleech", "drainpunch", "rest"], "ability": "Natural Cure", "evs": {"hp": 85, "atk": 85, "def": 85, "spa": 85, "spd": 85, "spe": 85}, "ivs": {"hp": 31, "atk": 31, "def": 31, "spa": 31, "spd": 31, "spe": 31}, "item": "Life Orb", "teraType": "Fighting", "role": "Wallbreaker", "bvs": {"hp": 85, "atk": 110, "def": 76, "spa": 65, "spd": 82, "spe": 56}, "stats": {"hp": 296, "atk": 247, "def": 186, "spa": 166, "spd": 197, "spe": 150}, "types": ["Ghost", "Grass"]}, "Necrozma": {"name": "Necrozma", "species": "Necrozma", "speciesId": "necrozma", "gender": "N", "shiny": false, "level": 80, "moves": ["heatwave", "moonlight", "calmmind", "photongeyser"], "ability": "Prism Armor", "evs": {"hp": 85, "atk": 0, "def": 85, "spa": 85, "spd": 85, "spe": 85}, "ivs": {"hp": 31, "atk": 0, "def": 31, "spa": 31, "spd": 31, "spe": 31}, "item": "Leftovers", "teraType": "Steel", "role": "Bulky Setup", "bvs": {"hp": 97, "atk": 107, "def": 101, "spa": 127, "spd": 89, "spe": 79}, "stats": {"hp": 286, "atk": 176, "def": 208, "spa": 249, "spd": 189, "spe": 173}, "types": ["Psychic"]}, "Dewgong": {"name": "Dewgong", "species": "Dewgong", "speciesId": "dewgong", "gender": "F", "shiny": false, "level": 94, "moves": ["flipturn", "tripleaxel", "knockoff", "surf"], "ability": "Thick Fat", "evs": {"hp": 85, "atk": 85, "def": 85, "spa": 85, "spd": 85, "spe": 85}, "ivs": {"hp": 31, "atk": 31, "def": 31, "spa": 31, "spd": 31, "spe": 31}, "item": "Assault Vest", "teraType": "Ground", "role": "Bulky Attacker", "bvs": {"hp": 90, "atk": 70, "def": 80, "spa": 70, "spd": 95, "spe": 70}, "stats": {"hp": 322, "atk": 185, "def": 204, "spa": 185, "spd": 232, "spe": 185}, "types": ["Water", "Ice"]}}, {"Okidogi": {"name": "Okidogi", "species": "Okidogi", "speciesId": "okidogi", "gender": "M", "shiny": false, "level": 77, "moves": ["knockoff", "drainpunch", "gunkshot", "psychicfangs"], "ability": "Toxic Chain", "evs": {"hp": 85, "atk": 85, "def": 85, "spa": 85, "spd": 85, "spe": 85}, "ivs": {"hp": 31, "atk": 31, "def": 31, "spa": 31, "spd": 31, "spe": 31}, "item": "Assault Vest", "teraType": "Dark", "role": "AV Pivot", "bvs": {"hp": 88, "atk": 128, "def": 115, "spa": 58, "spd": 86, "spe": 80}, "stats": {"hp": 262, "atk": 242, "def": 222, "spa": 134, "spd": 177, "spe": 168}, "types": ["Poison", "Fighting"]}, "Kyogre": {"name": "Kyogre", "species": "Kyogre", "speciesId": "kyogre", "gender": "N", "shiny": false, "level": 71, "moves": ["thunder", "originpulse", "icebeam", "calmmind"], "ability": "Drizzle", "evs": {"hp": 85, "atk": 0, "def": 85, "spa": 85, "spd": 85, "spe": 85}, "ivs": {"hp": 31, "atk": 0, "def": 31, "spa": 31, "spd": 31, "spe": 31}, "item": "Leftovers", "teraType": "Dragon", "role": "Bulky Setup", "bvs": {"hp": 100, "atk": 100, "def": 90, "spa": 150, "spd": 140, "spe": 90}, "stats": {"hp": 259, "atk": 147, "def": 169, "spa": 254, "spd": 240, "spe": 169}, "types": ["Water"]}, "Phione": {"name": "Phione", "species": "Phione", "speciesId": "phione", "gender": "N", "shiny": false, "level": 91, "moves": ["takeheart", "sleeptalk", "rest", "scald"], "ability": "Hydration", "evs": {"hp": 85, "atk": 0, "def": 85, "spa": 85, "spd": 85, "spe": 85}, "ivs": {"hp": 31, "atk": 0, "def": 31, "spa": 31, "spd": 31, "spe": 31}, "item": "Leftovers", "teraType": "Dragon", "role": "Bulky Setup", "bvs": {"hp": 80, "atk": 80, "def": 80, "spa": 80, "spd": 80, "spe": 80}, "stats": {"hp": 293, "atk": 150, "def": 197, "spa": 197, "spd": 197, "spe": 197}, "types": ["Water"]}, "Tinkaton": {"name": "Tinkaton", "species": "Tinkaton", "speciesId": "tinkaton", "gender": "F", "shiny": false, "level": 82, "moves": ["knockoff", "playrough", "gigatonhammer", "encore"], "ability": "Mold Breaker", "evs": {"hp": 85, "atk": 85, "def": 85, "spa": 85, "spd": 85, "spe": 85}, "ivs": {"hp": 31, "atk": 31, "def": 31, "spa": 31, "spd": 31, "spe": 31}, "item": "Leftovers", "teraType": "Water", "role": "Bulky Attacker", "bvs": {"hp": 85, "atk": 75, "def": 77, "spa": 70, "spd": 105, "spe": 94}, "stats": {"hp": 274, "atk": 170, "def": 173, "spa": 162, "spd": 219, "spe": 201}, "types": ["Fairy", "Steel"]}, "Farigiraf": {"name": "Farigiraf", "species": "Farigiraf", "speciesId": "farigiraf", "gender": "F", "shiny": false, "level": 90, "moves": ["psychicnoise", "bodyslam", "protect", "wish"], "ability": "Sap Sipper", "evs": {"hp": 85, "atk": 85, "def": 85, "spa": 85, "spd": 85, "spe": 85}, "ivs": {"hp": 31, "atk": 31, "def": 31, "spa": 31, "spd": 31, "spe": 31}, "item": "Leftovers", "teraType": "Water", "role": "Bulky Support", "bvs": {"hp": 120, "atk": 90, "def": 70, "spa": 110, "spd": 70, "spe": 60}, "stats": {"hp": 362, "atk": 213, "def": 177, "spa": 249, "spd": 177, "spe": 159}, "types": ["Normal", "Psychic"]}, "Arbok": {"name": "Arbok", "species": "Arbok", "speciesId": "arbok", "gender": "M", "shiny": false, "level": 87, "moves": ["gunkshot", "suckerpunch", "coil", "earthquake"], "ability": "Intimidate", "evs": {"hp": 85, "atk": 85, "def": 85, "spa": 85, "spd": 85, "spe": 85}, "ivs": {"hp": 31, "atk": 31, "def": 31, "spa": 31, "spd": 31, "spe": 31}, "item": "Leftovers", "teraType": "Ground", "role": "Bulky Attacker", "bvs": {"hp": 60, "atk": 95, "def": 69, "spa": 65, "spd": 79, "spe": 80}, "stats": {"hp": 246, "atk": 215, "def": 170, "spa": 163, "spd": 187, "spe": 189}, "types": ["Poison"]}}]}