{"id": "gen9randombattle-2641155335", "format": "[Gen 9] Random Battle", "players": ["thesunishao", "CCS_Wolf"], "log": "|j|\u2606thesunishao\n|j|\u2606CCS_Wolf\n|t:|1782747340\n|gametype|singles\n|player|p1|thesunishao|psychic-gen4|2192\n|player|p2|CCS_Wolf|twins-gen4|2231\n|gen|9\n|tier|[Gen 9] Random Battle\n|rated|\n|rule|Species Clause: Limit one of each Pok\u00e9mon\n|rule|HP Percentage Mod: HP is shown in percentages\n|rule|Sleep Clause Mod: Limit one foe put to sleep\n|rule|Illusion Level Mod: Illusion disguises the Pok\u00e9mon's true level\n|\n|t:|1782747340\n|teamsize|p1|6\n|teamsize|p2|6\n|start\n|switch|p1a: Frosmoth|Frosmoth, L82, F|249/249\n|switch|p2a: Toxtricity|Toxtricity, L82, F|257/257\n|turn|1\n|inactive|Battle timer is ON: inactive players will automatically lose when time's up. (requested by thesunishao)\n|\n|t:|1782747359\n|move|p2a: Toxtricity|Volt Switch|p1a: Frosmoth\n|-damage|p1a: Frosmoth|212/249\n|\n|t:|1782747366\n|switch|p2a: Lycanroc|Lycanroc, L86, F|269/269|[from] Volt Switch\n|move|p1a: Frosmoth|Quiver Dance|p1a: Frosmoth\n|-boost|p1a: Frosmoth|spa|1\n|-boost|p1a: Frosmoth|spd|1\n|-boost|p1a: Frosmoth|spe|1\n|\n|upkeep\n|turn|2\n|\n|t:|1782747373\n|switch|p1a: Toxapex|Toxapex, L82, F|216/216\n|move|p2a: Lycanroc|Stone Edge|p1a: Toxapex|[miss]\n|-miss|p2a: Lycanroc|p1a: Toxapex\n|\n|upkeep\n|turn|3\n|\n|t:|1782747384\n|switch|p2a: Pincurchin|Pincurchin, M|258/258\n|-fieldstart|move: Electric Terrain|[from] ability: Electric Surge|[of] p2a: Pincurchin\n|move|p1a: Toxapex|Liquidation|p2a: Pincurchin\n|-damage|p2a: Pincurchin|210/258\n|\n|-heal|p2a: Pincurchin|226/258|[from] item: Leftovers\n|upkeep\n|turn|4\n|\n|t:|1782747388\n|switch|p1a: Raichu|Raichu, L88, M|249/249\n|move|p2a: Pincurchin|Thunderbolt|p1a: Raichu\n|-ability|p1a: Raichu|Lightning Rod|boost\n|-boost|p1a: Raichu|spa|1\n|\n|-heal|p2a: Pincurchin|242/258|[from] item: Leftovers\n|upkeep\n|turn|5\n|\n|t:|1782747397\n|switch|p2a: Toxtricity|Toxtricity, L82, F|257/257\n|move|p1a: Raichu|Encore||[still]\n|-fail|p1a: Raichu\n|\n|upkeep\n|turn|6\n|\n|t:|1782747404\n|move|p2a: Toxtricity|Boomburst|p1a: Raichu\n|-crit|p1a: Raichu\n|-damage|p1a: Raichu|25/249\n|move|p1a: Raichu|Thunderbolt|p2a: Toxtricity\n|-resisted|p2a: Toxtricity\n|-damage|p2a: Toxtricity|113/257\n|-damage|p1a: Raichu|1/249|[from] item: Life Orb\n|\n|upkeep\n|turn|7\n|\n|t:|1782747410\n|switch|p1a: Frosmoth|Frosmoth, L82, F|212/249\n|move|p2a: Toxtricity|Boomburst|p1a: Frosmoth\n|-damage|p1a: Frosmoth|143/249\n|\n|-fieldend|move: Electric Terrain\n|upkeep\n|turn|8\n|\n|t:|1782747417\n|switch|p2a: Pincurchin|Pincurchin, M|242/258\n|-fieldstart|move: Electric Terrain|[from] ability: Electric Surge|[of] p2a: Pincurchin\n|move|p1a: Frosmoth|Giga Drain|p2a: Pincurchin\n|-damage|p2a: Pincurchin|187/258\n|-heal|p1a: Frosmoth|171/249|[from] drain|[of] p2a: Pincurchin\n|\n|-heal|p2a: Pincurchin|203/258|[from] item: Leftovers\n|upkeep\n|turn|9\n|\n|t:|1782747433\n|switch|p2a: Ambipom|Ambipom, L84, M|263/263\n|move|p1a: Frosmoth|Ice Beam|p2a: Ambipom\n|-damage|p2a: Ambipom|127/263\n|\n|upkeep\n|turn|10\n|\n|t:|1782747440\n|switch|p1a: Toxapex|Toxapex, L82, F|216/216\n|move|p2a: Ambipom|Double-Edge|p1a: Toxapex\n|-damage|p1a: Toxapex|122/216\n|-damage|p2a: Ambipom|84/263|[from] item: Rocky Helmet|[of] p1a: Toxapex\n|-damage|p2a: Ambipom|53/263|[from] Recoil\n|\n|upkeep\n|turn|11\n|\n|t:|1782747450\n|move|p2a: Ambipom|Knock Off|p1a: Toxapex\n|-damage|p1a: Toxapex|76/216\n|-damage|p2a: Ambipom|10/263|[from] item: Rocky Helmet|[of] p1a: Toxapex\n|-enditem|p1a: Toxapex|Rocky Helmet|[from] move: Knock Off|[of] p2a: Ambipom\n|move|p1a: Toxapex|Recover|p1a: Toxapex\n|-heal|p1a: Toxapex|184/216\n|\n|upkeep\n|turn|12\n|\n|t:|1782747455\n|switch|p2a: Pincurchin|Pincurchin, M|203/258\n|move|p1a: Toxapex|Toxic Spikes|p2a: Pincurchin\n|-sidestart|p2: CCS_Wolf|move: Toxic Spikes\n|\n|-heal|p2a: Pincurchin|219/258|[from] item: Leftovers\n|-fieldend|move: Electric Terrain\n|upkeep\n|turn|13\n|\n|t:|1782747462\n|switch|p1a: Reuniclus|Reuniclus, L88, M|337/337\n|move|p2a: Pincurchin|Toxic Spikes|p1a: Reuniclus\n|-sidestart|p1: thesunishao|move: Toxic Spikes\n|\n|-heal|p2a: Pincurchin|235/258|[from] item: Leftovers\n|upkeep\n|turn|14\n|\n|t:|1782747481\n|move|p1a: Reuniclus|Psychic|p2a: Pincurchin\n|-damage|p2a: Pincurchin|91/258\n|move|p2a: Pincurchin|Thunderbolt|p1a: Reuniclus\n|-damage|p1a: Reuniclus|211/337\n|\n|-heal|p2a: Pincurchin|107/258|[from] item: Leftovers\n|upkeep\n|turn|15\n|\n|t:|1782747496\n|switch|p2a: Lycanroc|Lycanroc, L86, F|269/269\n|-status|p2a: Lycanroc|psn\n|move|p1a: Reuniclus|Psychic|p2a: Lycanroc\n|-damage|p2a: Lycanroc|82/269 psn\n|\n|-damage|p2a: Lycanroc|49/269 psn|[from] psn\n|upkeep\n|turn|16\n|\n|t:|1782747513\n|switch|p1a: Toxapex|Toxapex, L82, F|216/216\n|-sideend|p1: thesunishao|move: Toxic Spikes|[of] p1a: Toxapex\n|move|p2a: Lycanroc|Crunch|p1a: Toxapex\n|-damage|p1a: Toxapex|160/216\n|-unboost|p1a: Toxapex|def|1\n|-damage|p2a: Lycanroc|23/269 psn|[from] item: Life Orb\n|\n|-damage|p2a: Lycanroc|0 fnt|[from] psn\n|faint|p2a: Lycanroc\n|upkeep\n|\n|t:|1782747517\n|switch|p2a: Toxtricity|Toxtricity, L82, F|113/257\n|-sideend|p2: CCS_Wolf|move: Toxic Spikes|[of] p2a: Toxtricity\n|turn|17\n|\n|t:|1782747521\n|switch|p1a: Raichu|Raichu, L88, M|1/249\n|move|p2a: Toxtricity|Volt Switch|p1a: Raichu\n|-ability|p1a: Raichu|Lightning Rod|boost\n|-boost|p1a: Raichu|spa|1\n|\n|upkeep\n|turn|18\n|\n|t:|1782747528\n|switch|p2a: Ambipom|Ambipom, L84, M|10/263\n|move|p1a: Raichu|Thunderbolt|p2a: Ambipom\n|-damage|p2a: Ambipom|0 fnt\n|faint|p2a: Ambipom\n|-damage|p1a: Raichu|0 fnt|[from] item: Life Orb\n|faint|p1a: Raichu\n|\n|upkeep\n|\n|t:|1782747544\n|switch|p1a: Reuniclus|Reuniclus, L88, M|211/337\n|switch|p2a: Vaporeon|Vaporeon, L86, F|364/364\n|turn|19\n|\n|t:|1782747547\n|move|p2a: Vaporeon|Wish|p2a: Vaporeon\n|move|p1a: Reuniclus|Calm Mind|p1a: Reuniclus\n|-boost|p1a: Reuniclus|spa|1\n|-boost|p1a: Reuniclus|spd|1\n|\n|upkeep\n|turn|20\n|\n|t:|1782747549\n|move|p1a: Reuniclus|Psychic|p2a: Vaporeon\n|-damage|p2a: Vaporeon|114/364\n|move|p2a: Vaporeon|Roar|p1a: Reuniclus\n|drag|p1a: Venomoth|Venomoth, L84, F|255/255\n|\n|-heal|p2a: Vaporeon|296/364|[from] move: Wish|[wisher] Vaporeon\n|-heal|p2a: Vaporeon|318/364|[from] item: Leftovers\n|upkeep\n|turn|21\n|\n|t:|1782747560\n|move|p1a: Venomoth|Bug Buzz|p2a: Vaporeon\n|-damage|p2a: Vaporeon|230/364\n|move|p2a: Vaporeon|Wish|p2a: Vaporeon\n|\n|-heal|p2a: Vaporeon|252/364|[from] item: Leftovers\n|upkeep\n|turn|22\n|\n|t:|1782747570\n|switch|p1a: Reuniclus|Reuniclus, L88, M|211/337\n|switch|p2a: Pincurchin|Pincurchin, M|107/258\n|-fieldstart|move: Electric Terrain|[from] ability: Electric Surge|[of] p2a: Pincurchin\n|\n|-heal|p2a: Pincurchin|258/258|[from] move: Wish|[wisher] Vaporeon\n|upkeep\n|turn|23\n|\n|t:|1782747575\n|move|p1a: Reuniclus|Calm Mind|p1a: Reuniclus\n|-boost|p1a: Reuniclus|spa|1\n|-boost|p1a: Reuniclus|spd|1\n|move|p2a: Pincurchin|Thunderbolt|p1a: Reuniclus\n|-damage|p1a: Reuniclus|93/337\n|-status|p1a: Reuniclus|par\n|\n|upkeep\n|turn|24\n|\n|t:|1782747583\n|move|p2a: Pincurchin|Thunderbolt|p1a: Reuniclus\n|-damage|p1a: Reuniclus|0 fnt\n|faint|p1a: Reuniclus\n|\n|upkeep\n|\n|t:|1782747592\n|switch|p1a: Frosmoth|Frosmoth, L82, F|171/249\n|turn|25\n|\n|t:|1782747595\n|switch|p2a: Vaporeon|Vaporeon, L86, F|252/364\n|move|p1a: Frosmoth|Quiver Dance|p1a: Frosmoth\n|-boost|p1a: Frosmoth|spa|1\n|-boost|p1a: Frosmoth|spd|1\n|-boost|p1a: Frosmoth|spe|1\n|\n|-heal|p2a: Vaporeon|274/364|[from] item: Leftovers\n|upkeep\n|turn|26\n|\n|t:|1782747598\n|move|p1a: Frosmoth|Giga Drain|p2a: Vaporeon\n|-supereffective|p2a: Vaporeon\n|-damage|p2a: Vaporeon|108/364\n|-heal|p1a: Frosmoth|249/249|[from] drain|[of] p2a: Vaporeon\n|move|p2a: Vaporeon|Roar|p1a: Frosmoth\n|drag|p1a: Toxapex|Toxapex, L82, F|216/216\n|\n|-heal|p2a: Vaporeon|130/364|[from] item: Leftovers\n|-fieldend|move: Electric Terrain\n|upkeep\n|turn|27\n|\n|t:|1782747603\n|move|p2a: Vaporeon|Wish|p2a: Vaporeon\n|move|p1a: Toxapex|Toxic Spikes|p2a: Vaporeon\n|-sidestart|p2: CCS_Wolf|move: Toxic Spikes\n|\n|-heal|p2a: Vaporeon|152/364|[from] item: Leftovers\n|upkeep\n|turn|28\n|\n|t:|1782747607\n|switch|p1a: Frosmoth|Frosmoth, L82, F|249/249\n|move|p2a: Vaporeon|Scald|p1a: Frosmoth\n|-damage|p1a: Frosmoth|202/249\n|\n|-heal|p2a: Vaporeon|334/364|[from] move: Wish|[wisher] Vaporeon\n|-heal|p2a: Vaporeon|356/364|[from] item: Leftovers\n|upkeep\n|turn|29\n|\n|t:|1782747612\n|move|p2a: Vaporeon|Wish|p2a: Vaporeon\n|move|p1a: Frosmoth|Giga Drain|p2a: Vaporeon\n|-supereffective|p2a: Vaporeon\n|-damage|p2a: Vaporeon|244/364\n|-heal|p1a: Frosmoth|249/249|[from] drain|[of] p2a: Vaporeon\n|\n|-heal|p2a: Vaporeon|266/364|[from] item: Leftovers\n|upkeep\n|turn|30\n|\n|t:|1782747618\n|move|p2a: Vaporeon|Scald|p1a: Frosmoth\n|-damage|p1a: Frosmoth|198/249\n|move|p1a: Frosmoth|Giga Drain|p2a: Vaporeon\n|-supereffective|p2a: Vaporeon\n|-damage|p2a: Vaporeon|152/364\n|-heal|p1a: Frosmoth|249/249|[from] drain|[of] p2a: Vaporeon\n|\n|-heal|p2a: Vaporeon|334/364|[from] move: Wish|[wisher] Vaporeon\n|-heal|p2a: Vaporeon|356/364|[from] item: Leftovers\n|upkeep\n|turn|31\n|\n|t:|1782747625\n|move|p2a: Vaporeon|Wish|p2a: Vaporeon\n|move|p1a: Frosmoth|Quiver Dance|p1a: Frosmoth\n|-boost|p1a: Frosmoth|spa|1\n|-boost|p1a: Frosmoth|spd|1\n|-boost|p1a: Frosmoth|spe|1\n|\n|-heal|p2a: Vaporeon|364/364|[from] item: Leftovers\n|upkeep\n|turn|32\n|\n|t:|1782747628\n|move|p1a: Frosmoth|Giga Drain|p2a: Vaporeon\n|-supereffective|p2a: Vaporeon\n|-damage|p2a: Vaporeon|190/364\n|move|p2a: Vaporeon|Roar|p1a: Frosmoth\n|drag|p1a: Venomoth|Venomoth, L84, F|255/255\n|\n|-heal|p2a: Vaporeon|364/364|[from] move: Wish|[wisher] Vaporeon\n|upkeep\n|turn|33\n|\n|t:|1782747633\n|switch|p2a: Toxtricity|Toxtricity, L82, F|113/257\n|-sideend|p2: CCS_Wolf|move: Toxic Spikes|[of] p2a: Toxtricity\n|move|p1a: Venomoth|Sleep Powder|p2a: Toxtricity\n|-status|p2a: Toxtricity|slp|[from] move: Sleep Powder\n|\n|upkeep\n|turn|34\n|\n|t:|1782747641\n|switch|p2a: Vaporeon|Vaporeon, L86, F|364/364\n|move|p1a: Venomoth|Quiver Dance|p1a: Venomoth\n|-boost|p1a: Venomoth|spa|1\n|-boost|p1a: Venomoth|spd|1\n|-boost|p1a: Venomoth|spe|1\n|\n|upkeep\n|turn|35\n|\n|t:|1782747645\n|move|p1a: Venomoth|Sludge Wave|p2a: Vaporeon\n|-damage|p2a: Vaporeon|223/364\n|move|p2a: Vaporeon|Roar|p1a: Venomoth\n|drag|p1a: Frosmoth|Frosmoth, L82, F|249/249\n|\n|-heal|p2a: Vaporeon|245/364|[from] item: Leftovers\n|upkeep\n|turn|36\n|\n|t:|1782747653\n|move|p2a: Vaporeon|Wish|p2a: Vaporeon\n|move|p1a: Frosmoth|Quiver Dance|p1a: Frosmoth\n|-boost|p1a: Frosmoth|spa|1\n|-boost|p1a: Frosmoth|spd|1\n|-boost|p1a: Frosmoth|spe|1\n|\n|-heal|p2a: Vaporeon|267/364|[from] item: Leftovers\n|upkeep\n|turn|37\n|\n|t:|1782747656\n|move|p1a: Frosmoth|Giga Drain|p2a: Vaporeon\n|-supereffective|p2a: Vaporeon\n|-damage|p2a: Vaporeon|85/364\n|move|p2a: Vaporeon|Roar|p1a: Frosmoth\n|drag|p1a: Toxapex|Toxapex, L82, F|216/216\n|\n|-heal|p2a: Vaporeon|267/364|[from] move: Wish|[wisher] Vaporeon\n|-heal|p2a: Vaporeon|289/364|[from] item: Leftovers\n|upkeep\n|turn|38\n|\n|t:|1782747669\n|switch|p2a: Maushold|Maushold, L76|238/238\n|move|p1a: Toxapex|Toxic Spikes|p2a: Maushold\n|-sidestart|p2: CCS_Wolf|move: Toxic Spikes\n|\n|upkeep\n|turn|39\n|\n|t:|1782747676\n|move|p2a: Maushold|Tidy Up|p2a: Maushold\n|-sideend|p2: CCS_Wolf|Toxic Spikes\n|-activate|p2a: Maushold|move: Tidy Up\n|-boost|p2a: Maushold|atk|1\n|-boost|p2a: Maushold|spe|1\n|move|p1a: Toxapex|Haze|p1a: Toxapex\n|-clearallboost\n|\n|upkeep\n|turn|40\n|\n|t:|1782747684\n|move|p2a: Maushold|Tidy Up|p2a: Maushold\n|-boost|p2a: Maushold|atk|1\n|-boost|p2a: Maushold|spe|1\n|move|p1a: Toxapex|Liquidation|p2a: Maushold\n|-damage|p2a: Maushold|153/238\n|\n|upkeep\n|turn|41\n|\n|t:|1782747688\n|move|p2a: Maushold|Population Bomb|p1a: Toxapex\n|-damage|p1a: Toxapex|192/216\n|-damage|p1a: Toxapex|170/216\n|-damage|p1a: Toxapex|145/216\n|-damage|p1a: Toxapex|121/216\n|-damage|p1a: Toxapex|97/216\n|-crit|p1a: Toxapex\n|-damage|p1a: Toxapex|63/216\n|-damage|p1a: Toxapex|41/216\n|-damage|p1a: Toxapex|20/216\n|-damage|p1a: Toxapex|0 fnt\n|faint|p1a: Toxapex\n|-hitcount|p1: Toxapex|9\n|\n|upkeep\n|\n|t:|1782747694\n|switch|p1a: Dachsbun|Dachsbun, L92, F|254/254\n|turn|42\n|\n|t:|1782747704\n|-terastallize|p2a: Maushold|Normal\n|-terastallize|p1a: Dachsbun|Steel\n|move|p2a: Maushold|Population Bomb|p1a: Dachsbun\n|-resisted|p1a: Dachsbun\n|-damage|p1a: Dachsbun|235/254\n|-resisted|p1a: Dachsbun\n|-damage|p1a: Dachsbun|217/254\n|-resisted|p1a: Dachsbun\n|-damage|p1a: Dachsbun|201/254\n|-resisted|p1a: Dachsbun\n|-damage|p1a: Dachsbun|183/254\n|-resisted|p1a: Dachsbun\n|-damage|p1a: Dachsbun|166/254\n|-resisted|p1a: Dachsbun\n|-damage|p1a: Dachsbun|150/254\n|-resisted|p1a: Dachsbun\n|-damage|p1a: Dachsbun|134/254\n|-resisted|p1a: Dachsbun\n|-damage|p1a: Dachsbun|118/254\n|-resisted|p1a: Dachsbun\n|-damage|p1a: Dachsbun|101/254\n|-resisted|p1a: Dachsbun\n|-damage|p1a: Dachsbun|85/254\n|-hitcount|p1a: Dachsbun|10\n|move|p1a: Dachsbun|Play Rough|p2a: Maushold\n|-damage|p2a: Maushold|23/238\n|\n|-heal|p1a: Dachsbun|100/254|[from] item: Leftovers\n|upkeep\n|turn|43\n|\n|t:|1782747716\n|move|p1a: Dachsbun|Protect|p1a: Dachsbun\n|-singleturn|p1a: Dachsbun|Protect\n|move|p2a: Maushold|Population Bomb|p1a: Dachsbun\n|-activate|p1a: Dachsbun|move: Protect\n|\n|-heal|p1a: Dachsbun|115/254|[from] item: Leftovers\n|upkeep\n|turn|44\n|\n|t:|1782747722\n|switch|p1a: Venomoth|Venomoth, L84, F|255/255\n|move|p2a: Maushold|Population Bomb|p1a: Venomoth\n|-damage|p1a: Venomoth|201/255\n|-damage|p1a: Venomoth|147/255\n|-damage|p1a: Venomoth|93/255\n|-damage|p1a: Venomoth|29/255\n|-damage|p1a: Venomoth|0 fnt\n|faint|p1a: Venomoth\n|-hitcount|p1: Venomoth|5\n|\n|upkeep\n|\n|t:|1782747724\n|switch|p1a: Dachsbun|Dachsbun, L92, F, tera:Steel|115/254\n|turn|45\n|\n|t:|1782747730\n|move|p2a: Maushold|Population Bomb|p1a: Dachsbun\n|-resisted|p1a: Dachsbun\n|-damage|p1a: Dachsbun|97/254\n|-resisted|p1a: Dachsbun\n|-damage|p1a: Dachsbun|78/254\n|-resisted|p1a: Dachsbun\n|-damage|p1a: Dachsbun|62/254\n|-resisted|p1a: Dachsbun\n|-damage|p1a: Dachsbun|45/254\n|-resisted|p1a: Dachsbun\n|-crit|p1a: Dachsbun\n|-damage|p1a: Dachsbun|18/254\n|-resisted|p1a: Dachsbun\n|-crit|p1a: Dachsbun\n|-damage|p1a: Dachsbun|0 fnt\n|faint|p1a: Dachsbun\n|-hitcount|p1: Dachsbun|6\n|\n|upkeep\n|\n|t:|1782747736\n|switch|p1a: Frosmoth|Frosmoth, L82, F|249/249\n|turn|46\n|\n|t:|1782747737\n|move|p2a: Maushold|Population Bomb|p1a: Frosmoth\n|-damage|p1a: Frosmoth|193/249\n|-damage|p1a: Frosmoth|129/249\n|-damage|p1a: Frosmoth|69/249\n|-damage|p1a: Frosmoth|3/249\n|-damage|p1a: Frosmoth|0 fnt\n|faint|p1a: Frosmoth\n|-hitcount|p1: Frosmoth|5\n|\n|win|CCS_Wolf\n|raw|thesunishao's rating: 2192 &rarr; <strong>2174</strong><br />(-18 for losing)\n|raw|CCS_Wolf's rating: 2231 &rarr; <strong>2249</strong><br />(+18 for winning)\n", "inputlog": ">version f8ac14003a5f27e1bdc8d8c59608a773c1cb96e5\n>start {\"formatid\":\"gen9randombattle\",\"seed\":\"sodium,e192cfab390f79c92122bf2313f20ba4\",\"rated\":\"Rated battle\"}\n>player p1 {\"name\":\"thesunishao\",\"avatar\":\"psychic-gen4\",\"rating\":2192,\"seed\":\"sodium,71f1b8315093df18a9644a68d3b76621\"}\n>player p2 {\"name\":\"CCS_Wolf\",\"avatar\":\"twins-gen4\",\"rating\":2231,\"seed\":\"sodium,bf21f4187f5aa9ab832494bdb5356304\"}\n>p1 move quiverdance\n>p2 move voltswitch\n>p2 switch 3\n>p1 switch 5\n>p2 move stoneedge\n>p1 move liquidation\n>p2 switch 4\n>p1 switch 4\n>p2 move thunderbolt\n>p1 move encore\n>p2 switch 3\n>p1 move thunderbolt\n>p2 move boomburst\n>p1 switch 5\n>p2 move boomburst\n>p1 move gigadrain\n>p2 switch 3\n>p1 move icebeam\n>p2 switch 6\n>p1 switch 4\n>p2 move doubleedge\n>p1 move recover\n>p2 move knockoff\n>p1 move toxicspikes\n>p2 switch 6\n>p1 switch 6\n>p2 move toxicspikes\n>p1 move psychic\n>p2 move thunderbolt\n>p1 move psychic\n>p2 switch 4\n>p1 switch 6\n>p2 move crunch\n>p2 switch 3\n>p1 switch 5\n>p2 move voltswitch\n>p1 move thunderbolt\n>p2 switch 6\n>p1 switch 6\n>p2 switch 5\n>p1 move calmmind\n>p2 move wish\n>p1 move psychic\n>p2 move roar\n>p1 move bugbuzz\n>p2 move wish\n>p1 switch 3\n>p2 switch 4\n>p1 move calmmind\n>p2 move thunderbolt\n>p1 move recover\n>p2 move thunderbolt\n>p1 switch 4\n>p1 move quiverdance\n>p2 switch 4\n>p1 move gigadrain\n>p2 move roar\n>p1 move toxicspikes\n>p2 move wish\n>p1 switch 5\n>p2 move scald\n>p1 move gigadrain\n>p2 move wish\n>p1 move gigadrain\n>p2 move scald\n>p1 move quiverdance\n>p2 move wish\n>p1 move gigadrain\n>p2 move roar\n>p1 move sleeppowder\n>p2 switch 6\n>p1 move quiverdance\n>p2 switch 6\n>p1 move sludgewave\n>p2 move roar\n>p1 move quiverdance\n>p2 move wish\n>p1 move gigadrain\n>p2 move roar\n>p1 move toxicspikes\n>p2 switch 2\n>p1 move haze\n>p2 move tidyup\n>p1 move liquidation\n>p2 move tidyup\n>p1 move haze\n>p2 move populationbomb\n>p1 switch 2\n>p1 move playrough terastallize\n>p2 move populationbomb terastallize\n>p1 move protect\n>p2 move populationbomb\n>p1 switch 3\n>p2 move populationbomb\n>p1 switch 3\n>p1 move playrough\n>p2 move populationbomb\n>p1 switch 5\n>p1 move quiverdance\n>p2 move populationbomb", "uploadtime": 1782747737, "views": 8, "formatid": "gen9randombattle", "rating": 2174, "private": 0, "password": null, "player_dets": [{"name": "thesunishao", "avatar": "psychic-gen4", "rating": 2192, "seed": "sodium,71f1b8315093df18a9644a68d3b76621"}, {"name": "CCS_Wolf", "avatar": "twins-gen4", "rating": 2231, "seed": "sodium,bf21f4187f5aa9ab832494bdb5356304"}], "teams_full": [{"Frosmoth": {"name": "Frosmoth", "species": "Frosmoth", "speciesId": "frosmoth", "gender": "F", "shiny": false, "level": 82, "moves": ["gigadrain", "icebeam", "quiverdance", "terablast"], "ability": "Ice Scales", "evs": {"hp": 85, "atk": 0, "def": 85, "spa": 85, "spd": 85, "spe": 85}, "ivs": {"hp": 31, "atk": 0, "def": 31, "spa": 31, "spd": 31, "spe": 31}, "item": "Heavy-Duty Boots", "teraType": "Ground", "role": "Tera Blast user", "bvs": {"hp": 70, "atk": 65, "def": 60, "spa": 125, "spd": 90, "spe": 65}, "stats": {"hp": 249, "atk": 111, "def": 146, "spa": 252, "spd": 195, "spe": 154}, "types": ["Ice", "Bug"]}, "Dachsbun": {"name": "Dachsbun", "species": "Dachsbun", "speciesId": "dachsbun", "gender": "F", "shiny": false, "level": 92, "moves": ["protect", "playrough", "yawn", "wish"], "ability": "Well-Baked Body", "evs": {"hp": 85, "atk": 85, "def": 85, "spa": 85, "spd": 85, "spe": 85}, "ivs": {"hp": 31, "atk": 31, "def": 31, "spa": 31, "spd": 31, "spe": 31}, "item": "Leftovers", "teraType": "Steel", "role": "Bulky Support", "bvs": {"hp": 57, "atk": 80, "def": 115, "spa": 50, "spd": 80, "spe": 95}, "stats": {"hp": 254, "atk": 200, "def": 264, "spa": 144, "spd": 200, "spe": 227}, "types": ["Fairy"]}, "Venomoth": {"name": "Venomoth", "species": "Venomoth", "speciesId": "venomoth", "gender": "F", "shiny": false, "level": 84, "moves": ["quiverdance", "sleeppowder", "bugbuzz", "sludgewave"], "ability": "Tinted Lens", "evs": {"hp": 85, "atk": 0, "def": 85, "spa": 85, "spd": 85, "spe": 85}, "ivs": {"hp": 31, "atk": 0, "def": 31, "spa": 31, "spd": 31, "spe": 31}, "item": "Heavy-Duty Boots", "teraType": "Water", "role": "Setup Sweeper", "bvs": {"hp": 70, "atk": 65, "def": 60, "spa": 90, "spd": 75, "spe": 90}, "stats": {"hp": 255, "atk": 114, "def": 149, "spa": 199, "spd": 174, "spe": 199}, "types": ["Bug", "Poison"]}, "Raichu": {"name": "Raichu", "species": "Raichu", "speciesId": "raichu", "gender": "M", "shiny": false, "level": 88, "moves": ["grassknot", "encore", "thunderbolt", "focusblast"], "ability": "Lightning Rod", "evs": {"hp": 85, "atk": 0, "def": 85, "spa": 85, "spd": 85, "spe": 85}, "ivs": {"hp": 31, "atk": 0, "def": 31, "spa": 31, "spd": 31, "spe": 31}, "item": "Life Orb", "teraType": "Grass", "role": "Fast Support", "bvs": {"hp": 60, "atk": 90, "def": 55, "spa": 90, "spd": 80, "spe": 110}, "stats": {"hp": 249, "atk": 163, "def": 147, "spa": 209, "spd": 191, "spe": 244}, "types": ["Electric"]}, "Toxapex": {"name": "Toxapex", "species": "Toxapex", "speciesId": "toxapex", "gender": "F", "shiny": false, "level": 82, "moves": ["liquidation", "haze", "toxicspikes", "recover"], "ability": "Regenerator", "evs": {"hp": 85, "atk": 85, "def": 85, "spa": 85, "spd": 85, "spe": 85}, "ivs": {"hp": 31, "atk": 31, "def": 31, "spa": 31, "spd": 31, "spe": 31}, "item": "Rocky Helmet", "teraType": "Fairy", "role": "Bulky Support", "bvs": {"hp": 50, "atk": 63, "def": 152, "spa": 53, "spd": 142, "spe": 35}, "stats": {"hp": 216, "atk": 150, "def": 296, "spa": 134, "spd": 280, "spe": 105}, "types": ["Poison", "Water"]}, "Reuniclus": {"name": "Reuniclus", "species": "Reuniclus", "speciesId": "reuniclus", "gender": "M", "shiny": false, "level": 88, "moves": ["psychic", "recover", "calmmind", "focusblast"], "ability": "Magic Guard", "evs": {"hp": 85, "atk": 0, "def": 85, "spa": 85, "spd": 85, "spe": 85}, "ivs": {"hp": 31, "atk": 0, "def": 31, "spa": 31, "spd": 31, "spe": 31}, "item": "Life Orb", "teraType": "Steel", "role": "Bulky Setup", "bvs": {"hp": 110, "atk": 65, "def": 75, "spa": 125, "spd": 85, "spe": 30}, "stats": {"hp": 337, "atk": 119, "def": 182, "spa": 270, "spd": 200, "spe": 103}, "types": ["Psychic"]}}, {"Toxtricity": {"name": "Toxtricity", "species": "Toxtricity", "speciesId": "toxtricity", "gender": "F", "shiny": false, "level": 82, "moves": ["sludgewave", "voltswitch", "overdrive", "boomburst"], "ability": "Punk Rock", "evs": {"hp": 85, "atk": 0, "def": 85, "spa": 85, "spd": 85, "spe": 85}, "ivs": {"hp": 31, "atk": 0, "def": 31, "spa": 31, "spd": 31, "spe": 31}, "item": "Choice Scarf", "teraType": "Normal", "role": "Fast Attacker", "bvs": {"hp": 75, "atk": 98, "def": 70, "spa": 114, "spd": 70, "spe": 75}, "stats": {"hp": 257, "atk": 165, "def": 162, "spa": 234, "spd": 162, "spe": 170}, "types": ["Electric", "Poison"]}, "Maushold": {"name": "Maushold", "species": "Maushold", "speciesId": "maushold", "gender": "N", "shiny": false, "level": 76, "moves": ["populationbomb", "tidyup", "encore", "bite"], "ability": "Technician", "evs": {"hp": 85, "atk": 85, "def": 85, "spa": 85, "spd": 85, "spe": 85}, "ivs": {"hp": 31, "atk": 31, "def": 31, "spa": 31, "spd": 31, "spe": 31}, "item": "Wide Lens", "teraType": "Normal", "role": "Setup Sweeper", "bvs": {"hp": 74, "atk": 75, "def": 70, "spa": 65, "spd": 75, "spe": 111}, "stats": {"hp": 238, "atk": 158, "def": 150, "spa": 143, "spd": 158, "spe": 213}, "types": ["Normal"]}, "Lycanroc": {"name": "Lycanroc", "species": "Lycanroc", "speciesId": "lycanroc", "gender": "F", "shiny": false, "level": 86, "moves": ["stoneedge", "crunch", "closecombat", "taunt"], "ability": "Sand Rush", "evs": {"hp": 85, "atk": 85, "def": 85, "spa": 85, "spd": 85, "spe": 85}, "ivs": {"hp": 31, "atk": 31, "def": 31, "spa": 31, "spd": 31, "spe": 31}, "item": "Life Orb", "teraType": "Fighting", "role": "Fast Attacker", "bvs": {"hp": 75, "atk": 115, "def": 65, "spa": 55, "spd": 65, "spe": 112}, "stats": {"hp": 269, "atk": 247, "def": 161, "spa": 144, "spd": 161, "spe": 242}, "types": ["Rock"]}, "Pincurchin": {"name": "Pincurchin", "species": "Pincurchin", "speciesId": "pincurchin", "gender": "M", "shiny": false, "level": 100, "moves": ["scald", "toxicspikes", "recover", "thunderbolt"], "ability": "Electric Surge", "evs": {"hp": 85, "atk": 0, "def": 85, "spa": 85, "spd": 85, "spe": 85}, "ivs": {"hp": 31, "atk": 0, "def": 31, "spa": 31, "spd": 31, "spe": 31}, "item": "Leftovers", "teraType": "Water", "role": "Bulky Attacker", "bvs": {"hp": 48, "atk": 101, "def": 95, "spa": 91, "spd": 85, "spe": 15}, "stats": {"hp": 258, "atk": 207, "def": 247, "spa": 239, "spd": 227, "spe": 87}, "types": ["Electric"]}, "Vaporeon": {"name": "Vaporeon", "species": "Vaporeon", "speciesId": "vaporeon", "gender": "F", "shiny": false, "level": 86, "moves": ["roar", "scald", "protect", "wish"], "ability": "Water Absorb", "evs": {"hp": 85, "atk": 0, "def": 85, "spa": 85, "spd": 85, "spe": 85}, "ivs": {"hp": 31, "atk": 0, "def": 31, "spa": 31, "spd": 31, "spe": 31}, "item": "Leftovers", "teraType": "Ghost", "role": "Bulky Attacker", "bvs": {"hp": 130, "atk": 65, "def": 60, "spa": 110, "spd": 95, "spe": 65}, "stats": {"hp": 364, "atk": 116, "def": 152, "spa": 238, "spd": 213, "spe": 161}, "types": ["Water"]}, "Ambipom": {"name": "Ambipom", "species": "Ambipom", "speciesId": "ambipom", "gender": "M", "shiny": false, "level": 84, "moves": ["doubleedge", "fakeout", "lowkick", "knockoff"], "ability": "Technician", "evs": {"hp": 85, "atk": 85, "def": 85, "spa": 85, "spd": 85, "spe": 85}, "ivs": {"hp": 31, "atk": 31, "def": 31, "spa": 31, "spd": 31, "spe": 31}, "item": "Silk Scarf", "teraType": "Normal", "role": "Wallbreaker", "bvs": {"hp": 75, "atk": 100, "def": 66, "spa": 60, "spd": 66, "spe": 115}, "stats": {"hp": 263, "atk": 216, "def": 159, "spa": 149, "spd": 159, "spe": 241}, "types": ["Normal"]}}]}