{"id": "gen9randombattle-2641238143", "format": "[Gen 9] Random Battle", "players": ["RichardLTaker", "TheBoy83"], "log": "|badge|p2|bronze|gen9randombattle|100-9\n|html|<div class=\"broadcast-red\"><strong>This battle is required to be public due to one or more player having a season medal.</strong><br />During the public phase, you can discuss the state of the ladder <a href=\"/seasondiscussion\">in a special chatroom.</a></div>\n|uhtml|medal-msg|<div class=\"broadcast-blue\">Curious what those medals under the avatar are? PS now has Ladder Seasons! For more information, check out the <a href=\"https://www.smogon.com/forums/threads/3740067/\">thread on Smogon.</a></div>\n|raw|<div class=\"broadcast-blue\"><strong>This battle is required to be public due to a player having a name starting with 'medal'.</div>\n|j|\u2606RichardLTaker\n|j|\u2606TheBoy83\n|t:|1782757556\n|gametype|singles\n|player|p1|RichardLTaker|1|2161\n|player|p2|TheBoy83|marnie-masters3|2297\n|gen|9\n|tier|[Gen 9] Random Battle\n|rated|\n|rule|Species Clause: Limit one of each Pok\u00e9mon\n|rule|HP Percentage Mod: HP is shown in percentages\n|rule|Sleep Clause Mod: Limit one foe put to sleep\n|rule|Illusion Level Mod: Illusion disguises the Pok\u00e9mon's true level\n|\n|t:|1782757556\n|teamsize|p1|6\n|teamsize|p2|6\n|start\n|switch|p1a: Mightyena|Mightyena, L96, M|290/290\n|switch|p2a: Raging Bolt|Raging Bolt, L78|323/323\n|-ability|p1a: Mightyena|Intimidate|boost\n|-unboost|p2a: Raging Bolt|atk|1\n|turn|1\n|j| rufoush\n|inactive|Battle timer is ON: inactive players will automatically lose when time's up. (requested by TheBoy83)\n|inactive|RichardLTaker has 120 seconds left.\n|inactive|RichardLTaker has 90 seconds left.\n|l| rufoush\n|inactive|RichardLTaker has 60 seconds left.\n|\n|t:|1782757713\n|-end|p2a: Raging Bolt|Protosynthesis|[silent]\n|switch|p2a: Clefable|Clefable, L83, M|293/293\n|move|p1a: Mightyena|Poison Fang|p2a: Clefable\n|-supereffective|p2a: Clefable\n|-damage|p2a: Clefable|193/293\n|-status|p2a: Clefable|tox\n|\n|upkeep\n|turn|2\n|\n|t:|1782757737\n|switch|p1a: Solgaleo|Solgaleo, L74|325/325\n|move|p2a: Clefable|Thunder Wave|p1a: Solgaleo\n|-status|p1a: Solgaleo|par\n|\n|upkeep\n|turn|3\n|inactive|RichardLTaker has 90 seconds left.\n|\n|t:|1782757756\n|switch|p2a: Lurantis|Lurantis, L87, M|264/264\n|move|p1a: Solgaleo|Knock Off|p2a: Lurantis\n|-damage|p2a: Lurantis|199/264\n|-enditem|p2a: Lurantis|Leftovers|[from] move: Knock Off|[of] p1a: Solgaleo\n|\n|upkeep\n|turn|4\n|\n|t:|1782757764\n|switch|p1a: Magmortar|Magmortar, L88, M|275/275\n|move|p2a: Lurantis|Superpower|p1a: Magmortar\n|-damage|p1a: Magmortar|154/275\n|-boost|p2a: Lurantis|atk|1\n|-boost|p2a: Lurantis|def|1\n|\n|upkeep\n|turn|5\n|\n|t:|1782757773\n|switch|p2a: Raging Bolt|Raging Bolt, L78|323/323\n|move|p1a: Magmortar|Knock Off|p2a: Raging Bolt\n|-damage|p2a: Raging Bolt|250/323\n|-enditem|p2a: Raging Bolt|Assault Vest|[from] move: Knock Off|[of] p1a: Magmortar\n|\n|upkeep\n|turn|6\n|\n|t:|1782757796\n|switch|p1a: Mightyena|Mightyena, L96, M|290/290\n|-ability|p1a: Mightyena|Intimidate|boost\n|-unboost|p2a: Raging Bolt|atk|1\n|move|p2a: Raging Bolt|Thunderbolt|p1a: Mightyena\n|-damage|p1a: Mightyena|205/290\n|\n|upkeep\n|turn|7\n|inactive|TheBoy83 has 120 seconds left.\n|inactive|RichardLTaker has 90 seconds left.\n|\n|t:|1782757841\n|move|p1a: Mightyena|Poison Fang|p2a: Raging Bolt\n|-damage|p2a: Raging Bolt|204/323\n|move|p2a: Raging Bolt|Volt Switch|p1a: Mightyena\n|-damage|p1a: Mightyena|144/290\n|\n|t:|1782757865\n|-end|p2a: Raging Bolt|Protosynthesis|[silent]\n|switch|p2a: Lurantis|Lurantis, L87, M|199/264|[from] Volt Switch\n|\n|upkeep\n|turn|8\n|inactive|TheBoy83 has 90 seconds left.\n|inactive|RichardLTaker has 60 seconds left.\n|\n|t:|1782757904\n|switch|p2a: Raging Bolt|Raging Bolt, L78|204/323\n|move|p1a: Mightyena|Poison Fang|p2a: Raging Bolt\n|-damage|p2a: Raging Bolt|158/323\n|\n|upkeep\n|turn|9\n|\n|t:|1782757920\n|move|p1a: Mightyena|Poison Fang|p2a: Raging Bolt\n|-damage|p2a: Raging Bolt|115/323\n|move|p2a: Raging Bolt|Thunderbolt|p1a: Mightyena\n|-damage|p1a: Mightyena|62/290\n|\n|upkeep\n|turn|10\n|inactive|RichardLTaker has 60 seconds left.\n|\n|t:|1782757949\n|switch|p1a: Ting-Lu|Ting-Lu, L78|370/370\n|-ability|p1a: Ting-Lu|Vessel of Ruin\n|move|p2a: Raging Bolt|Thunderclap||[still]\n|-fail|p2a: Raging Bolt\n|\n|upkeep\n|turn|11\n|\n|t:|1782757964\n|-end|p2a: Raging Bolt|Protosynthesis|[silent]\n|switch|p2a: Hatterene|Hatterene, L85, F|236/236\n|switch|p1a: Magmortar|Magmortar, L88, M|154/275\n|\n|upkeep\n|turn|12\n|inactive|RichardLTaker has 60 seconds left.\n|inactive|TheBoy83 has 60 seconds left.\n|\n|t:|1782757987\n|switch|p1a: Solgaleo|Solgaleo, L74|325/325 par\n|move|p2a: Hatterene|Psychic|p1a: Solgaleo\n|-resisted|p1a: Solgaleo\n|-damage|p1a: Solgaleo|291/325 par\n|\n|upkeep\n|turn|13\n|inactive|RichardLTaker has 60 seconds left.\n|inactive|TheBoy83 has 60 seconds left.\n|\n|t:|1782758008\n|switch|p2a: Lurantis|Lurantis, L87, M|199/264\n|move|p1a: Solgaleo|Earthquake|p2a: Lurantis\n|-resisted|p2a: Lurantis\n|-damage|p2a: Lurantis|167/264\n|\n|upkeep\n|turn|14\n|inactive|TheBoy83 has 60 seconds left.\n|\n|t:|1782758025\n|switch|p2a: Raging Bolt|Raging Bolt, L78|235/235\n|switch|p1a: Magmortar|Magmortar, L88, M|154/275\n|\n|upkeep\n|turn|15\n|inactive|RichardLTaker has 60 seconds left.\n|inactive|TheBoy83 has 60 seconds left.\n|inactive|RichardLTaker has 30 seconds left.\n|inactive|RichardLTaker has 20 seconds left.\n|inactive|RichardLTaker has 15 seconds left.\n|\n|t:|1782758076\n|switch|p1a: Ting-Lu|Ting-Lu, L78|370/370\n|-ability|p1a: Ting-Lu|Vessel of Ruin\n|move|p2a: Raging Bolt|Sludge Bomb|p1a: Ting-Lu\n|-resisted|p1a: Ting-Lu\n|-damage|p1a: Ting-Lu|331/370\n|-damage|p2a: Raging Bolt|212/235|[from] item: Life Orb\n|\n|-heal|p1a: Ting-Lu|354/370|[from] item: Leftovers\n|upkeep\n|turn|16\n|inactive|RichardLTaker has 25 seconds left this turn.\n|inactive|RichardLTaker has 20 seconds left.\n|\n|t:|1782758088\n|switch|p2a: Lurantis|Lurantis, L87, M|167/264\n|move|p1a: Ting-Lu|Ruination|p2a: Lurantis\n|-damage|p2a: Lurantis|84/264\n|\n|-heal|p1a: Ting-Lu|370/370|[from] item: Leftovers\n|upkeep\n|turn|17\n|inactive|RichardLTaker has 30 seconds left this turn.\n|inactive|RichardLTaker has 20 seconds left.\n|\n|t:|1782758098\n|move|p2a: Lurantis|Synthesis|p2a: Lurantis\n|-heal|p2a: Lurantis|216/264\n|move|p1a: Ting-Lu|Payback|p2a: Lurantis\n|-damage|p2a: Lurantis|116/264\n|\n|upkeep\n|turn|18\n|inactive|RichardLTaker has 30 seconds left this turn.\n|\n|t:|1782758109\n|switch|p1a: Magmortar|Magmortar, L88, M|154/275\n|move|p2a: Lurantis|Superpower|p1a: Magmortar\n|-damage|p1a: Magmortar|36/275\n|-boost|p2a: Lurantis|atk|1\n|-boost|p2a: Lurantis|def|1\n|\n|upkeep\n|turn|19\n|j| Snake N My Boot\n|inactive|RichardLTaker has 30 seconds left.\n|inactive|RichardLTaker has 20 seconds left.\n|inactive|RichardLTaker has 15 seconds left.\n|inactive|RichardLTaker has 10 seconds left.\n|\n|t:|1782758136\n|switch|p2a: Raging Bolt|Raging Bolt, L78|115/323\n|move|p1a: Magmortar|Fire Blast|p2a: Raging Bolt|[miss]\n|-miss|p1a: Magmortar|p2a: Raging Bolt\n|\n|upkeep\n|turn|20\n|inactive|RichardLTaker has 20 seconds left this turn.\n|inactive|TheBoy83 has 60 seconds left.\n|\n|t:|1782758148\n|switch|p1a: Ting-Lu|Ting-Lu, L78|370/370\n|-ability|p1a: Ting-Lu|Vessel of Ruin\n|move|p2a: Raging Bolt|Draco Meteor|p1a: Ting-Lu\n|-damage|p1a: Ting-Lu|228/370\n|-unboost|p2a: Raging Bolt|spa|2\n|\n|-heal|p1a: Ting-Lu|251/370|[from] item: Leftovers\n|upkeep\n|turn|21\n|inactive|RichardLTaker has 30 seconds left this turn.\n|inactive|TheBoy83 has 60 seconds left.\n|\n|t:|1782758160\n|-end|p2a: Raging Bolt|Protosynthesis|[silent]\n|switch|p2a: Lurantis|Lurantis, L87, M|116/264\n|move|p1a: Ting-Lu|Ruination|p2a: Lurantis\n|-damage|p2a: Lurantis|58/264\n|\n|-heal|p1a: Ting-Lu|274/370|[from] item: Leftovers\n|upkeep\n|turn|22\n|inactive|RichardLTaker has 30 seconds left.\n|inactive|TheBoy83 has 60 seconds left.\n|\n|t:|1782758172\n|switch|p1a: Mightyena|Mightyena, L96, M|62/290\n|-ability|p1a: Mightyena|Intimidate|boost\n|-boost|p2a: Lurantis|atk|1\n|move|p2a: Lurantis|Leaf Storm|p1a: Mightyena\n|-damage|p1a: Mightyena|0 fnt\n|-boost|p2a: Lurantis|spa|2\n|faint|p1a: Mightyena\n|\n|upkeep\n|inactive|RichardLTaker has 30 seconds left this turn.\n|\n|t:|1782758174\n|switch|p1a: Magmortar|Magmortar, L88, M|36/275\n|turn|23\n|\n|t:|1782758177\n|switch|p2a: Raging Bolt|Raging Bolt, L78|115/323\n|move|p1a: Magmortar|Fire Blast|p2a: Raging Bolt\n|-resisted|p2a: Raging Bolt\n|-damage|p2a: Raging Bolt|31/323\n|\n|upkeep\n|turn|24\n|\n|t:|1782758184\n|move|p1a: Magmortar|Scorching Sands|p2a: Raging Bolt\n|-supereffective|p2a: Raging Bolt\n|-damage|p2a: Raging Bolt|0 fnt\n|faint|p2a: Raging Bolt\n|-end|p2a: Raging Bolt|Protosynthesis|[silent]\n|\n|upkeep\n|\n|t:|1782758187\n|switch|p2a: Lurantis|Lurantis, L87, M|212/235\n|turn|25\n|inactive|TheBoy83 has 90 seconds left.\n|\n|t:|1782758193\n|switch|p1a: Ting-Lu|Ting-Lu, L78|274/370\n|-ability|p1a: Ting-Lu|Vessel of Ruin\n|move|p2a: Lurantis|Sludge Bomb|p1a: Ting-Lu\n|-resisted|p1a: Ting-Lu\n|-damage|p1a: Ting-Lu|235/370\n|-damage|p2a: Lurantis|189/235|[from] item: Life Orb\n|\n|-heal|p1a: Ting-Lu|258/370|[from] item: Leftovers\n|upkeep\n|turn|26\n|\n|t:|1782758202\n|switch|p2a: Clefable|Clefable, L83, M|193/293 tox\n|move|p1a: Ting-Lu|Ruination|p2a: Clefable\n|-damage|p2a: Clefable|97/293 tox\n|\n|-heal|p1a: Ting-Lu|281/370|[from] item: Leftovers\n|upkeep\n|turn|27\n|\n|t:|1782758209\n|switch|p1a: Solgaleo|Solgaleo, L74|291/325 par\n|move|p2a: Clefable|Moonlight|p2a: Clefable\n|-heal|p2a: Clefable|243/293 tox\n|\n|upkeep\n|turn|28\n|j| rufoush\n|\n|t:|1782758221\n|switch|p2a: Lurantis|Lurantis, L87, M|189/235\n|move|p1a: Solgaleo|Sunsteel Strike|p2a: Lurantis\n|-damage|p2a: Lurantis|44/235\n|replace|p2a: Zoroark|Zoroark, L83, M\n|-end|p2a: Zoroark|Illusion\n|-hint|Illusion Level Mod is active, so this Pok\u00e9mon's true level was hidden.\n|\n|upkeep\n|turn|29\n|inactive|RichardLTaker has 90 seconds left.\n|\n|t:|1782758235\n|switch|p1a: Ting-Lu|Ting-Lu, L78|281/370\n|-ability|p1a: Ting-Lu|Vessel of Ruin\n|move|p2a: Zoroark|Sludge Bomb|p1a: Ting-Lu\n|-resisted|p1a: Ting-Lu\n|-damage|p1a: Ting-Lu|239/370\n|-damage|p2a: Zoroark|21/235|[from] item: Life Orb\n|\n|-heal|p1a: Ting-Lu|262/370|[from] item: Leftovers\n|upkeep\n|turn|30\n|\n|t:|1782758244\n|switch|p2a: Hatterene|Hatterene, L85, F|236/236\n|move|p1a: Ting-Lu|Spikes|p2a: Hatterene\n|move|p2a: Hatterene|Spikes|p1a: Ting-Lu|[from] ability: Magic Bounce\n|-sidestart|p1: RichardLTaker|Spikes\n|\n|-heal|p1a: Ting-Lu|285/370|[from] item: Leftovers\n|upkeep\n|turn|31\n|\n|t:|1782758252\n|switch|p1a: Solgaleo|Solgaleo, L74|291/325 par\n|-damage|p1a: Solgaleo|251/325 par|[from] Spikes\n|move|p2a: Hatterene|Calm Mind|p2a: Hatterene\n|-boost|p2a: Hatterene|spa|1\n|-boost|p2a: Hatterene|spd|1\n|\n|upkeep\n|turn|32\n|\n|t:|1782758260\n|move|p2a: Hatterene|Mystical Fire|p1a: Solgaleo\n|-supereffective|p1a: Solgaleo\n|-damage|p1a: Solgaleo|0 fnt\n|faint|p1a: Solgaleo\n|\n|upkeep\n|\n|t:|1782758267\n|switch|p1a: Barraskewda|Barraskewda, L81, F|231/231\n|-damage|p1a: Barraskewda|203/231|[from] Spikes\n|turn|33\n|\n|t:|1782758279\n|move|p1a: Barraskewda|Flip Turn|p2a: Hatterene\n|-damage|p2a: Hatterene|131/236\n|\n|t:|1782758281\n|switch|p1a: Magmortar|Magmortar, L88, M|36/275|[from] Flip Turn\n|move|p2a: Hatterene|Psychic|p1a: Magmortar\n|-damage|p1a: Magmortar|0 fnt\n|faint|p1a: Magmortar\n|\n|-heal|p2a: Hatterene|145/236|[from] item: Leftovers\n|upkeep\n|\n|t:|1782758284\n|switch|p1a: Barraskewda|Barraskewda, L81, F|203/231\n|-damage|p1a: Barraskewda|175/231|[from] Spikes\n|turn|34\n|inactive|TheBoy83 has 120 seconds left.\n|\n|t:|1782758315\n|switch|p2a: Lurantis|Lurantis, L87, M|21/235\n|move|p1a: Barraskewda|Poison Jab|p2a: Lurantis\n|-damage|p2a: Lurantis|0 fnt\n|replace|p2a: Zoroark|Zoroark, L83, M\n|-end|p2a: Zoroark|Illusion\n|faint|p2a: Zoroark\n|\n|upkeep\n|\n|t:|1782758323\n|switch|p2a: Braviary|Braviary-Hisui, L85, M|326/326\n|turn|35\n|inactive|TheBoy83 has 120 seconds left.\n|\n|t:|1782758331\n|switch|p1a: Ting-Lu|Ting-Lu, L78|285/370\n|-damage|p1a: Ting-Lu|239/370|[from] Spikes\n|-ability|p1a: Ting-Lu|Vessel of Ruin\n|move|p2a: Braviary|U-turn|p1a: Ting-Lu\n|-supereffective|p1a: Ting-Lu\n|-crit|p1a: Ting-Lu\n|-damage|p1a: Ting-Lu|133/370\n|\n|t:|1782758333\n|switch|p2a: Lurantis|Lurantis, L87, M|58/264|[from] U-turn\n|\n|-heal|p1a: Ting-Lu|156/370|[from] item: Leftovers\n|upkeep\n|turn|36\n|\n|t:|1782758344\n|move|p2a: Lurantis|Synthesis|p2a: Lurantis\n|-heal|p2a: Lurantis|190/264\n|move|p1a: Ting-Lu|Ruination|p2a: Lurantis\n|-damage|p2a: Lurantis|95/264\n|\n|-heal|p1a: Ting-Lu|179/370|[from] item: Leftovers\n|upkeep\n|turn|37\n|\n|t:|1782758354\n|move|p2a: Lurantis|Synthesis|p2a: Lurantis\n|-heal|p2a: Lurantis|227/264\n|move|p1a: Ting-Lu|Payback|p2a: Lurantis\n|-damage|p2a: Lurantis|125/264\n|\n|-heal|p1a: Ting-Lu|202/370|[from] item: Leftovers\n|upkeep\n|turn|38\n|\n|t:|1782758363\n|move|p2a: Lurantis|Synthesis|p2a: Lurantis\n|-heal|p2a: Lurantis|257/264\n|move|p1a: Ting-Lu|Ruination|p2a: Lurantis\n|-damage|p2a: Lurantis|129/264\n|\n|-heal|p1a: Ting-Lu|225/370|[from] item: Leftovers\n|upkeep\n|turn|39\n|\n|t:|1782758384\n|-terastallize|p1a: Ting-Lu|Ghost\n|move|p2a: Lurantis|Synthesis|p2a: Lurantis\n|-heal|p2a: Lurantis|261/264\n|move|p1a: Ting-Lu|Payback|p2a: Lurantis\n|-damage|p2a: Lurantis|170/264\n|\n|-heal|p1a: Ting-Lu|248/370|[from] item: Leftovers\n|upkeep\n|turn|40\n|\n|t:|1782758395\n|switch|p2a: Hatterene|Hatterene, L85, F|145/236\n|move|p1a: Ting-Lu|Payback|p2a: Hatterene\n|-damage|p2a: Hatterene|94/236\n|\n|-heal|p1a: Ting-Lu|271/370|[from] item: Leftovers\n|-heal|p2a: Hatterene|108/236|[from] item: Leftovers\n|upkeep\n|turn|41\n|l| rufoush\n|\n|t:|1782758404\n|move|p1a: Ting-Lu|Earthquake|p2a: Hatterene\n|-damage|p2a: Hatterene|15/236\n|move|p2a: Hatterene|Calm Mind|p2a: Hatterene\n|-boost|p2a: Hatterene|spa|1\n|-boost|p2a: Hatterene|spd|1\n|\n|-heal|p1a: Ting-Lu|294/370|[from] item: Leftovers\n|-heal|p2a: Hatterene|29/236|[from] item: Leftovers\n|upkeep\n|turn|42\n|\n|t:|1782758408\n|move|p1a: Ting-Lu|Earthquake|p2a: Hatterene\n|-damage|p2a: Hatterene|0 fnt\n|faint|p2a: Hatterene\n|\n|-heal|p1a: Ting-Lu|317/370|[from] item: Leftovers\n|upkeep\n|\n|t:|1782758410\n|switch|p2a: Clefable|Clefable, L83, M|243/293 tox\n|turn|43\n|\n|t:|1782758416\n|move|p2a: Clefable|Thunder Wave|p1a: Ting-Lu\n|-status|p1a: Ting-Lu|par\n|move|p1a: Ting-Lu|Ruination|p2a: Clefable\n|-damage|p2a: Clefable|122/293 tox\n|\n|-heal|p1a: Ting-Lu|340/370 par|[from] item: Leftovers\n|upkeep\n|turn|44\n|\n|t:|1782758424\n|move|p2a: Clefable|Moonlight|p2a: Clefable\n|-heal|p2a: Clefable|268/293 tox\n|cant|p1a: Ting-Lu|par\n|\n|-heal|p1a: Ting-Lu|363/370 par|[from] item: Leftovers\n|upkeep\n|turn|45\n|\n|t:|1782758429\n|move|p2a: Clefable|Knock Off|p1a: Ting-Lu\n|-supereffective|p1a: Ting-Lu\n|-damage|p1a: Ting-Lu|256/370 par\n|-enditem|p1a: Ting-Lu|Leftovers|[from] move: Knock Off|[of] p2a: Clefable\n|move|p1a: Ting-Lu|Ruination|p2a: Clefable\n|-damage|p2a: Clefable|134/293 tox\n|\n|upkeep\n|turn|46\n|\n|t:|1782758437\n|move|p2a: Clefable|Moonlight|p2a: Clefable\n|-heal|p2a: Clefable|280/293 tox\n|cant|p1a: Ting-Lu|par\n|\n|upkeep\n|turn|47\n|\n|t:|1782758440\n|move|p2a: Clefable|Moonblast|p1a: Ting-Lu\n|-damage|p1a: Ting-Lu|147/370 par\n|move|p1a: Ting-Lu|Ruination|p2a: Clefable\n|-damage|p2a: Clefable|140/293 tox\n|\n|upkeep\n|turn|48\n|\n|t:|1782758446\n|move|p2a: Clefable|Moonblast|p1a: Ting-Lu\n|-damage|p1a: Ting-Lu|42/370 par\n|move|p1a: Ting-Lu|Ruination|p2a: Clefable\n|-damage|p2a: Clefable|70/293 tox\n|\n|upkeep\n|turn|49\n|\n|t:|1782758450\n|move|p2a: Clefable|Moonlight|p2a: Clefable\n|-heal|p2a: Clefable|216/293 tox\n|move|p1a: Ting-Lu|Ruination|p2a: Clefable\n|-damage|p2a: Clefable|108/293 tox\n|\n|upkeep\n|turn|50\n|\n|t:|1782758454\n|move|p2a: Clefable|Moonlight|p2a: Clefable\n|-heal|p2a: Clefable|254/293 tox\n|cant|p1a: Ting-Lu|par\n|\n|upkeep\n|turn|51\n|\n|t:|1782758466\n|move|p2a: Clefable|Moonblast|p1a: Ting-Lu\n|-damage|p1a: Ting-Lu|0 fnt\n|faint|p1a: Ting-Lu\n|\n|upkeep\n|\n|t:|1782758471\n|switch|p1a: Barraskewda|Barraskewda, L81, F|175/231\n|-damage|p1a: Barraskewda|147/231|[from] Spikes\n|turn|52\n|\n|t:|1782758487\n|move|p1a: Barraskewda|Flip Turn|p2a: Clefable\n|-damage|p2a: Clefable|127/293 tox\n|\n|t:|1782758494\n|switch|p1a: Suicune|Suicune, L82|298/298|[from] Flip Turn\n|-damage|p1a: Suicune|261/298|[from] Spikes\n|-ability|p1a: Suicune|Pressure\n|move|p2a: Clefable|Moonblast|p1a: Suicune\n|-damage|p1a: Suicune|162/298\n|-unboost|p1a: Suicune|spa|1\n|\n|-heal|p1a: Suicune|180/298|[from] item: Leftovers\n|upkeep\n|turn|53\n|\n|t:|1782758513\n|move|p1a: Suicune|Protect|p1a: Suicune\n|-singleturn|p1a: Suicune|Protect\n|move|p2a: Clefable|Moonblast|p1a: Suicune\n|-activate|p1a: Suicune|move: Protect\n|\n|-heal|p1a: Suicune|198/298|[from] item: Leftovers\n|upkeep\n|turn|54\n|\n|t:|1782758532\n|switch|p2a: Lurantis|Lurantis, L87, M|170/264\n|move|p1a: Suicune|Calm Mind|p1a: Suicune\n|-boost|p1a: Suicune|spa|1\n|-boost|p1a: Suicune|spd|1\n|\n|-heal|p1a: Suicune|216/298|[from] item: Leftovers\n|upkeep\n|turn|55\n|\n|t:|1782758543\n|move|p1a: Suicune|Protect|p1a: Suicune\n|-singleturn|p1a: Suicune|Protect\n|move|p2a: Lurantis|Leaf Storm|p1a: Suicune\n|-activate|p1a: Suicune|move: Protect\n|\n|-heal|p1a: Suicune|234/298|[from] item: Leftovers\n|upkeep\n|turn|56\n|\n|t:|1782758550\n|move|p1a: Suicune|Scald|p2a: Lurantis\n|-resisted|p2a: Lurantis\n|-damage|p2a: Lurantis|137/264\n|-status|p2a: Lurantis|brn\n|move|p2a: Lurantis|Superpower|p1a: Suicune\n|-damage|p1a: Suicune|195/298\n|-boost|p2a: Lurantis|atk|1\n|-boost|p2a: Lurantis|def|1\n|\n|-heal|p1a: Suicune|213/298|[from] item: Leftovers\n|-damage|p2a: Lurantis|121/264 brn|[from] brn\n|upkeep\n|turn|57\n|\n|t:|1782758556\n|move|p1a: Suicune|Protect|p1a: Suicune\n|-singleturn|p1a: Suicune|Protect\n|move|p2a: Lurantis|Synthesis|p2a: Lurantis\n|-heal|p2a: Lurantis|253/264 brn\n|\n|-heal|p1a: Suicune|231/298|[from] item: Leftovers\n|-damage|p2a: Lurantis|237/264 brn|[from] brn\n|upkeep\n|turn|58\n|\n|t:|1782758558\n|move|p1a: Suicune|Calm Mind|p1a: Suicune\n|-boost|p1a: Suicune|spa|1\n|-boost|p1a: Suicune|spd|1\n|move|p2a: Lurantis|Leaf Storm|p1a: Suicune\n|-supereffective|p1a: Suicune\n|-damage|p1a: Suicune|117/298\n|-boost|p2a: Lurantis|spa|2\n|\n|-heal|p1a: Suicune|135/298|[from] item: Leftovers\n|-damage|p2a: Lurantis|221/264 brn|[from] brn\n|upkeep\n|turn|59\n|\n|t:|1782758561\n|move|p1a: Suicune|Protect|p1a: Suicune\n|-singleturn|p1a: Suicune|Protect\n|move|p2a: Lurantis|Leaf Storm|p1a: Suicune\n|-activate|p1a: Suicune|move: Protect\n|\n|-heal|p1a: Suicune|153/298|[from] item: Leftovers\n|-damage|p2a: Lurantis|205/264 brn|[from] brn\n|upkeep\n|turn|60\n|\n|t:|1782758566\n|move|p1a: Suicune|Scald|p2a: Lurantis\n|-resisted|p2a: Lurantis\n|-damage|p2a: Lurantis|151/264 brn\n|move|p2a: Lurantis|Knock Off|p1a: Suicune\n|-damage|p1a: Suicune|107/298\n|-enditem|p1a: Suicune|Leftovers|[from] move: Knock Off|[of] p2a: Lurantis\n|\n|-damage|p2a: Lurantis|135/264 brn|[from] brn\n|upkeep\n|turn|61\n|\n|t:|1782758571\n|move|p1a: Suicune|Calm Mind|p1a: Suicune\n|-boost|p1a: Suicune|spa|1\n|-boost|p1a: Suicune|spd|1\n|move|p2a: Lurantis|Synthesis|p2a: Lurantis\n|-heal|p2a: Lurantis|264/264 brn\n|\n|-damage|p2a: Lurantis|248/264 brn|[from] brn\n|upkeep\n|turn|62\n|\n|t:|1782758574\n|move|p1a: Suicune|Protect|p1a: Suicune\n|-singleturn|p1a: Suicune|Protect\n|move|p2a: Lurantis|Superpower|p1a: Suicune\n|-activate|p1a: Suicune|move: Protect\n|\n|-damage|p2a: Lurantis|232/264 brn|[from] brn\n|upkeep\n|turn|63\n|\n|t:|1782758577\n|move|p1a: Suicune|Substitute|p1a: Suicune\n|-start|p1a: Suicune|Substitute\n|-damage|p1a: Suicune|33/298\n|move|p2a: Lurantis|Leaf Storm|p1a: Suicune\n|-supereffective|p1a: Suicune\n|-end|p1a: Suicune|Substitute\n|-boost|p2a: Lurantis|spa|2\n|\n|-damage|p2a: Lurantis|216/264 brn|[from] brn\n|upkeep\n|turn|64\n|\n|t:|1782758582\n|move|p1a: Suicune|Protect|p1a: Suicune\n|-singleturn|p1a: Suicune|Protect\n|move|p2a: Lurantis|Superpower|p1a: Suicune\n|-activate|p1a: Suicune|move: Protect\n|\n|-damage|p2a: Lurantis|200/264 brn|[from] brn\n|upkeep\n|turn|65\n|\n|t:|1782758584\n|move|p1a: Suicune|Scald|p2a: Lurantis\n|-resisted|p2a: Lurantis\n|-damage|p2a: Lurantis|125/264 brn\n|move|p2a: Lurantis|Knock Off|p1a: Suicune\n|-damage|p1a: Suicune|1/298\n|\n|-damage|p2a: Lurantis|109/264 brn|[from] brn\n|upkeep\n|turn|66\n|\n|t:|1782758587\n|move|p1a: Suicune|Protect|p1a: Suicune\n|-singleturn|p1a: Suicune|Protect\n|move|p2a: Lurantis|Synthesis|p2a: Lurantis\n|-heal|p2a: Lurantis|241/264 brn\n|\n|-damage|p2a: Lurantis|225/264 brn|[from] brn\n|upkeep\n|turn|67\n|\n|t:|1782758589\n|move|p1a: Suicune|Scald|p2a: Lurantis\n|-resisted|p2a: Lurantis\n|-crit|p2a: Lurantis\n|-damage|p2a: Lurantis|125/264 brn\n|move|p2a: Lurantis|Knock Off|p1a: Suicune\n|-damage|p1a: Suicune|0 fnt\n|faint|p1a: Suicune\n|\n|-damage|p2a: Lurantis|109/264 brn|[from] brn\n|upkeep\n|\n|t:|1782758591\n|switch|p1a: Barraskewda|Barraskewda, L81, F|147/231\n|-damage|p1a: Barraskewda|119/231|[from] Spikes\n|turn|68\n|\n|t:|1782758597\n|move|p1a: Barraskewda|Poison Jab|p2a: Lurantis\n|-supereffective|p2a: Lurantis\n|-damage|p2a: Lurantis|0 fnt\n|faint|p2a: Lurantis\n|\n|upkeep\n|\n|t:|1782758600\n|switch|p2a: Clefable|Clefable, L83, M|127/293 tox\n|turn|69\n|\n|t:|1782758602\n|-terastallize|p2a: Clefable|Steel\n|move|p1a: Barraskewda|Poison Jab|p2a: Clefable\n|-immune|p2a: Clefable\n|move|p2a: Clefable|Moonblast|p1a: Barraskewda\n|-damage|p1a: Barraskewda|0 fnt\n|faint|p1a: Barraskewda\n|\n|win|TheBoy83\n", "inputlog": ">version f8ac14003a5f27e1bdc8d8c59608a773c1cb96e5\n>start {\"formatid\":\"gen9randombattle\",\"seed\":\"sodium,4144f3a950e5d07691f58ca0e312debb\",\"rated\":\"Rated battle\"}\n>player p1 {\"name\":\"RichardLTaker\",\"avatar\":\"1\",\"rating\":2161,\"seed\":\"sodium,5f7d8acda5ee6209bdbb186ec303b4ea\"}\n>player p2 {\"name\":\"TheBoy83\",\"avatar\":\"marnie-masters3\",\"rating\":2297,\"seed\":\"sodium,549c870d1eaf014402144c1b3d5af0d1\"}\n>p1 move poisonfang\n>p2 switch 3\n>p1 switch 5\n>p2 move thunderwave\n>p1 move knockoff\n>p2 switch 2\n>p1 switch 6\n>p2 move superpower\n>p1 move knockoff\n>p2 switch 3\n>p1 switch 5\n>p2 move thunderbolt\n>p1 move poisonfang\n>p2 move voltswitch\n>p2 switch 3\n>p1 move poisonfang\n>p2 switch 3\n>p1 move poisonfang\n>p2 move thunderbolt\n>p1 switch 2\n>p2 move thunderclap\n>p1 switch 5\n>p2 switch 6\n>p1 switch 6\n>p2 move psychic\n>p1 move earthquake\n>p2 switch 3\n>p1 switch 6\n>p2 switch 5\n>p1 switch 5\n>p2 move sludgebomb\n>p1 move ruination\n>p2 switch 5\n>p1 move payback\n>p2 move synthesis\n>p1 switch 5\n>p2 move superpower\n>p1 move fireblast\n>p2 switch 6\n>p1 switch 5\n>p2 move dracometeor\n>p1 move ruination\n>p2 switch 6\n>p1 switch 2\n>p2 move leafstorm\n>p1 switch 5\n>p1 move fireblast\n>p2 switch 6\n>p1 move scorchingsands\n>p2 move dracometeor\n>p2 switch 5\n>p1 switch 2\n>p2 move sludgebomb\n>p1 move ruination\n>p2 switch 2\n>p1 switch 6\n>p2 move moonlight\n>p1 move sunsteelstrike\n>p2 switch 2\n>p1 switch 6\n>p2 move sludgebomb\n>p1 move spikes\n>p2 switch 3\n>p1 switch 6\n>p2 move calmmind\n>p1 move flamecharge\n>p2 move mysticalfire\n>p1 switch 3\n>p1 move flipturn\n>p2 move psychic\n>p1 switch 2\n>p1 switch 2\n>p1 move poisonjab\n>p2 switch 3\n>p2 switch 4\n>p1 switch 6\n>p2 move uturn\n>p2 switch 6\n>p1 move ruination\n>p2 move synthesis\n>p1 move payback\n>p2 move synthesis\n>p1 move ruination\n>p2 move synthesis\n>p1 move payback terastallize\n>p2 move synthesis\n>p1 move payback\n>p2 switch 3\n>p1 move earthquake\n>p2 move calmmind\n>p1 move earthquake\n>p2 move drainingkiss\n>p2 switch 2\n>p1 move ruination\n>p2 move thunderwave\n>p1 move ruination\n>p2 move moonlight\n>p1 move ruination\n>p2 move knockoff\n>p1 move ruination\n>p2 move moonlight\n>p1 move ruination\n>p2 move moonblast\n>p1 move ruination\n>p2 move moonblast\n>p1 move ruination\n>p2 move moonlight\n>p1 move ruination\n>p2 move moonlight\n>p1 move ruination\n>p2 move moonblast\n>p1 switch 6\n>p1 move flipturn\n>p2 move moonblast\n>p1 switch 4\n>p1 move protect\n>p2 move moonblast\n>p1 move calmmind\n>p2 switch 3\n>p1 move protect\n>p2 move leafstorm\n>p1 move scald\n>p2 move superpower\n>p1 move protect\n>p2 move synthesis\n>p1 move calmmind\n>p2 move leafstorm\n>p1 move protect\n>p2 move leafstorm\n>p1 move scald\n>p2 move knockoff\n>p1 move calmmind\n>p2 move synthesis\n>p1 move protect\n>p2 move superpower\n>p1 move substitute\n>p2 move leafstorm\n>p1 move protect\n>p2 move superpower\n>p1 move scald\n>p2 move knockoff\n>p1 move protect\n>p2 move synthesis\n>p1 move scald\n>p2 move knockoff\n>p1 switch 4\n>p1 move poisonjab\n>p2 move knockoff\n>p2 switch 3\n>p1 move poisonjab\n>p2 move moonblast terastallize", "uploadtime": 1782757559, "views": 5, "formatid": "gen9randombattle", "rating": null, "private": 0, "password": null, "player_dets": [{"name": "RichardLTaker", "avatar": "1", "rating": 2161, "seed": "sodium,5f7d8acda5ee6209bdbb186ec303b4ea"}, {"name": "TheBoy83", "avatar": "marnie-masters3", "rating": 2297, "seed": "sodium,549c870d1eaf014402144c1b3d5af0d1"}], "teams_full": [{"Mightyena": {"name": "Mightyena", "species": "Mightyena", "speciesId": "mightyena", "gender": "M", "shiny": false, "level": 96, "moves": ["poisonfang", "suckerpunch", "superfang", "throatchop"], "ability": "Intimidate", "evs": {"hp": 85, "atk": 85, "def": 85, "spa": 85, "spd": 85, "spe": 85}, "ivs": {"hp": 31, "atk": 31, "def": 31, "spa": 31, "spd": 31, "spe": 31}, "item": "Assault Vest", "teraType": "Poison", "role": "AV Pivot", "bvs": {"hp": 70, "atk": 90, "def": 70, "spa": 60, "spd": 60, "spe": 70}, "stats": {"hp": 290, "atk": 227, "def": 189, "spa": 170, "spd": 170, "spe": 189}, "types": ["Dark"]}, "Ting-Lu": {"name": "Ting-Lu", "species": "Ting-Lu", "speciesId": "tinglu", "gender": "N", "shiny": false, "level": 78, "moves": ["payback", "spikes", "ruination", "earthquake"], "ability": "Vessel of Ruin", "evs": {"hp": 85, "atk": 85, "def": 85, "spa": 85, "spd": 85, "spe": 85}, "ivs": {"hp": 31, "atk": 31, "def": 31, "spa": 31, "spd": 31, "spe": 31}, "item": "Leftovers", "teraType": "Ghost", "role": "Bulky Attacker", "bvs": {"hp": 155, "atk": 110, "def": 125, "spa": 55, "spd": 80, "spe": 45}, "stats": {"hp": 370, "atk": 217, "def": 240, "spa": 131, "spd": 170, "spe": 115}, "types": ["Dark", "Ground"]}, "Barraskewda": {"name": "Barraskewda", "species": "Barraskewda", "speciesId": "barraskewda", "gender": "F", "shiny": false, "level": 81, "moves": ["waterfall", "closecombat", "flipturn", "poisonjab"], "ability": "Swift Swim", "evs": {"hp": 85, "atk": 85, "def": 85, "spa": 85, "spd": 85, "spe": 85}, "ivs": {"hp": 31, "atk": 31, "def": 31, "spa": 31, "spd": 31, "spe": 31}, "item": "Choice Band", "teraType": "Fighting", "role": "Wallbreaker", "bvs": {"hp": 61, "atk": 123, "def": 60, "spa": 60, "spd": 50, "spe": 136}, "stats": {"hp": 231, "atk": 246, "def": 144, "spa": 144, "spd": 128, "spe": 267}, "types": ["Water"]}, "Suicune": {"name": "Suicune", "species": "Suicune", "speciesId": "suicune", "gender": "N", "shiny": false, "level": 82, "moves": ["protect", "scald", "substitute", "calmmind"], "ability": "Pressure", "evs": {"hp": 85, "atk": 0, "def": 85, "spa": 85, "spd": 85, "spe": 85}, "ivs": {"hp": 31, "atk": 0, "def": 31, "spa": 31, "spd": 31, "spe": 31}, "item": "Leftovers", "teraType": "Steel", "role": "Fast Support", "bvs": {"hp": 100, "atk": 75, "def": 115, "spa": 90, "spd": 115, "spe": 85}, "stats": {"hp": 298, "atk": 127, "def": 236, "spa": 195, "spd": 236, "spe": 187}, "types": ["Water"]}, "Solgaleo": {"name": "Solgaleo", "species": "Solgaleo", "speciesId": "solgaleo", "gender": "N", "shiny": false, "level": 74, "moves": ["flamecharge", "earthquake", "knockoff", "sunsteelstrike"], "ability": "Full Metal Body", "evs": {"hp": 85, "atk": 85, "def": 85, "spa": 85, "spd": 85, "spe": 85}, "ivs": {"hp": 31, "atk": 31, "def": 31, "spa": 31, "spd": 31, "spe": 31}, "item": "Weakness Policy", "teraType": "Ground", "role": "Bulky Setup", "bvs": {"hp": 137, "atk": 137, "def": 107, "spa": 113, "spd": 89, "spe": 97}, "stats": {"hp": 325, "atk": 246, "def": 201, "spa": 210, "spd": 175, "spe": 187}, "types": ["Psychic", "Steel"]}, "Magmortar": {"name": "Magmortar", "species": "Magmortar", "speciesId": "magmortar", "gender": "M", "shiny": false, "level": 88, "moves": ["fireblast", "thunderbolt", "scorchingsands", "knockoff"], "ability": "Flame Body", "evs": {"hp": 85, "atk": 85, "def": 85, "spa": 85, "spd": 85, "spe": 85}, "ivs": {"hp": 31, "atk": 31, "def": 31, "spa": 31, "spd": 31, "spe": 31}, "item": "Heavy-Duty Boots", "teraType": "Water", "role": "Wallbreaker", "bvs": {"hp": 75, "atk": 95, "def": 67, "spa": 125, "spd": 95, "spe": 83}, "stats": {"hp": 275, "atk": 217, "def": 168, "spa": 270, "spd": 217, "spe": 196}, "types": ["Fire"]}}, {"Raging Bolt": {"name": "Raging Bolt", "species": "Raging Bolt", "speciesId": "ragingbolt", "gender": "N", "shiny": false, "level": 78, "moves": ["dracometeor", "voltswitch", "thunderbolt", "thunderclap"], "ability": "Protosynthesis", "evs": {"hp": 85, "atk": 0, "def": 85, "spa": 85, "spd": 85, "spe": 85}, "ivs": {"hp": 31, "atk": 0, "def": 31, "spa": 31, "spd": 31, "spe": 31}, "item": "Assault Vest", "teraType": "Electric", "role": "AV Pivot", "bvs": {"hp": 125, "atk": 73, "def": 91, "spa": 137, "spd": 89, "spe": 75}, "stats": {"hp": 323, "atk": 118, "def": 187, "spa": 259, "spd": 184, "spe": 162}, "types": ["Electric", "Dragon"]}, "Lurantis": {"name": "Lurantis", "species": "Lurantis", "speciesId": "lurantis", "gender": "M", "shiny": false, "level": 87, "moves": ["leafstorm", "synthesis", "knockoff", "superpower"], "ability": "Contrary", "evs": {"hp": 85, "atk": 85, "def": 85, "spa": 85, "spd": 85, "spe": 85}, "ivs": {"hp": 31, "atk": 31, "def": 31, "spa": 31, "spd": 31, "spe": 31}, "item": "Leftovers", "teraType": "Fighting", "role": "Bulky Attacker", "bvs": {"hp": 70, "atk": 105, "def": 90, "spa": 80, "spd": 90, "spe": 45}, "stats": {"hp": 264, "atk": 232, "def": 206, "spa": 189, "spd": 206, "spe": 128}, "types": ["Grass"]}, "Clefable": {"name": "Clefable", "species": "Clefable", "speciesId": "clefable", "gender": "M", "shiny": false, "level": 83, "moves": ["knockoff", "thunderwave", "moonlight", "moonblast"], "ability": "Magic Guard", "evs": {"hp": 85, "atk": 85, "def": 85, "spa": 85, "spd": 85, "spe": 85}, "ivs": {"hp": 31, "atk": 31, "def": 31, "spa": 31, "spd": 31, "spe": 31}, "item": "Life Orb", "teraType": "Steel", "role": "Bulky Support", "bvs": {"hp": 95, "atk": 70, "def": 73, "spa": 95, "spd": 90, "spe": 60}, "stats": {"hp": 293, "atk": 164, "def": 169, "spa": 205, "spd": 197, "spe": 147}, "types": ["Fairy"]}, "Braviary": {"name": "Braviary", "species": "Braviary-Hisui", "speciesId": "braviaryhisui", "gender": "M", "shiny": false, "level": 85, "moves": ["esperwing", "uturn", "hurricane", "vacuumwave"], "ability": "Tinted Lens", "evs": {"hp": 85, "atk": 85, "def": 85, "spa": 85, "spd": 85, "spe": 85}, "ivs": {"hp": 31, "atk": 31, "def": 31, "spa": 31, "spd": 31, "spe": 31}, "item": "Choice Specs", "teraType": "Fighting", "role": "Wallbreaker", "bvs": {"hp": 110, "atk": 83, "def": 70, "spa": 112, "spd": 70, "spe": 65}, "stats": {"hp": 326, "atk": 190, "def": 168, "spa": 239, "spd": 168, "spe": 159}, "types": ["Psychic", "Flying"]}, "Zoroark": {"name": "Zoroark", "species": "Zoroark", "speciesId": "zoroark", "gender": "M", "shiny": false, "level": 83, "moves": ["sludgebomb", "encore", "nastyplot", "darkpulse"], "ability": "Illusion", "evs": {"hp": 85, "atk": 0, "def": 85, "spa": 85, "spd": 85, "spe": 85}, "ivs": {"hp": 31, "atk": 0, "def": 31, "spa": 31, "spd": 31, "spe": 31}, "item": "Life Orb", "teraType": "Poison", "role": "Setup Sweeper", "bvs": {"hp": 60, "atk": 105, "def": 60, "spa": 120, "spd": 60, "spe": 105}, "stats": {"hp": 235, "atk": 179, "def": 147, "spa": 247, "spd": 147, "spe": 222}, "types": ["Dark"]}, "Hatterene": {"name": "Hatterene", "species": "Hatterene", "speciesId": "hatterene", "gender": "F", "shiny": false, "level": 85, "moves": ["drainingkiss", "calmmind", "psychic", "mysticalfire"], "ability": "Magic Bounce", "evs": {"hp": 85, "atk": 0, "def": 85, "spa": 85, "spd": 85, "spe": 85}, "ivs": {"hp": 31, "atk": 0, "def": 31, "spa": 31, "spd": 31, "spe": 31}, "item": "Leftovers", "teraType": "Steel", "role": "Bulky Setup", "bvs": {"hp": 57, "atk": 90, "def": 95, "spa": 136, "spd": 103, "spe": 29}, "stats": {"hp": 236, "atk": 158, "def": 210, "spa": 280, "spd": 224, "spe": 98}, "types": ["Psychic", "Fairy"]}}]}