{"id": "gen9randombattle-2641365047", "format": "[Gen 9] Random Battle", "players": ["LordMankey", "zxcvcxxzzx"], "log": "|j|\u2606LordMankey\n|j|\u2606zxcvcxxzzx\n|t:|1782773521\n|gametype|singles\n|player|p1|LordMankey|265|1124\n|player|p2|zxcvcxxzzx|170|1077\n|gen|9\n|tier|[Gen 9] Random Battle\n|rated|\n|rule|Species Clause: Limit one of each Pok\u00e9mon\n|rule|HP Percentage Mod: HP is shown in percentages\n|rule|Sleep Clause Mod: Limit one foe put to sleep\n|rule|Illusion Level Mod: Illusion disguises the Pok\u00e9mon's true level\n|\n|t:|1782773521\n|teamsize|p1|6\n|teamsize|p2|6\n|start\n|switch|p1a: Munkidori|Munkidori, L79, M|269/269\n|switch|p2a: Thundurus|Thundurus, L80, M|258/258\n|turn|1\n|\n|t:|1782773547\n|switch|p1a: Kilowattrel|Kilowattrel, L83, M|252/252\n|move|p2a: Thundurus|Knock Off|p1a: Kilowattrel\n|-damage|p1a: Kilowattrel|161/252\n|-enditem|p1a: Kilowattrel|Heavy-Duty Boots|[from] move: Knock Off|[of] p2a: Thundurus\n|\n|upkeep\n|turn|2\n|\n|t:|1782773559\n|switch|p2a: Sandaconda|Sandaconda, L84, F|258/258\n|move|p1a: Kilowattrel|Thunderbolt|p2a: Sandaconda\n|-immune|p2a: Sandaconda\n|\n|upkeep\n|turn|3\n|\n|t:|1782773576\n|move|p1a: Kilowattrel|U-turn|p2a: Sandaconda\n|-damage|p2a: Sandaconda|228/258\n|\n|t:|1782773581\n|switch|p1a: Sylveon|Sylveon, L85, F|300/300|[from] U-turn\n|move|p2a: Sandaconda|Rock Blast|p1a: Sylveon\n|-damage|p1a: Sylveon|274/300\n|-damage|p1a: Sylveon|248/300\n|-damage|p1a: Sylveon|223/300\n|-damage|p1a: Sylveon|197/300\n|-damage|p1a: Sylveon|172/300\n|-hitcount|p1a: Sylveon|5\n|\n|-heal|p1a: Sylveon|190/300|[from] item: Leftovers\n|upkeep\n|turn|4\n|\n|t:|1782773604\n|switch|p2a: Ariados|Ariados, L95, F|287/287\n|move|p1a: Sylveon|Wish|p1a: Sylveon\n|\n|-heal|p1a: Sylveon|208/300|[from] item: Leftovers\n|upkeep\n|turn|5\n|\n|t:|1782773617\n|-terastallize|p1a: Sylveon|Steel\n|move|p1a: Sylveon|Calm Mind|p1a: Sylveon\n|-boost|p1a: Sylveon|spa|1\n|-boost|p1a: Sylveon|spd|1\n|move|p2a: Ariados|Sticky Web|p1a: Sylveon\n|-sidestart|p1: LordMankey|move: Sticky Web\n|\n|-heal|p1a: Sylveon|300/300|[from] move: Wish|[wisher] Sylveon\n|upkeep\n|turn|6\n|\n|t:|1782773636\n|switch|p2a: Blissey|Blissey, L85, F|572/572\n|move|p1a: Sylveon|Calm Mind|p1a: Sylveon\n|-boost|p1a: Sylveon|spa|1\n|-boost|p1a: Sylveon|spd|1\n|\n|upkeep\n|turn|7\n|\n|t:|1782773642\n|move|p1a: Sylveon|Wish|p1a: Sylveon\n|move|p2a: Blissey|Thunder Wave|p1a: Sylveon\n|-status|p1a: Sylveon|par\n|\n|upkeep\n|turn|8\n|\n|t:|1782773647\n|move|p2a: Blissey|Seismic Toss|p1a: Sylveon\n|-damage|p1a: Sylveon|215/300 par\n|cant|p1a: Sylveon|par\n|\n|-heal|p1a: Sylveon|300/300 par|[from] move: Wish|[wisher] Sylveon\n|upkeep\n|turn|9\n|\n|t:|1782773653\n|move|p2a: Blissey|Seismic Toss|p1a: Sylveon\n|-damage|p1a: Sylveon|215/300 par\n|move|p1a: Sylveon|Calm Mind|p1a: Sylveon\n|-boost|p1a: Sylveon|spa|1\n|-boost|p1a: Sylveon|spd|1\n|\n|-heal|p1a: Sylveon|233/300 par|[from] item: Leftovers\n|upkeep\n|turn|10\n|\n|t:|1782773658\n|move|p2a: Blissey|Seismic Toss|p1a: Sylveon\n|-damage|p1a: Sylveon|148/300 par\n|move|p1a: Sylveon|Wish|p1a: Sylveon\n|\n|-heal|p1a: Sylveon|166/300 par|[from] item: Leftovers\n|upkeep\n|turn|11\n|\n|t:|1782773664\n|move|p2a: Blissey|Seismic Toss|p1a: Sylveon\n|-damage|p1a: Sylveon|81/300 par\n|cant|p1a: Sylveon|par\n|\n|-heal|p1a: Sylveon|231/300 par|[from] move: Wish|[wisher] Sylveon\n|-heal|p1a: Sylveon|249/300 par|[from] item: Leftovers\n|upkeep\n|turn|12\n|\n|t:|1782773673\n|move|p2a: Blissey|Seismic Toss|p1a: Sylveon\n|-damage|p1a: Sylveon|164/300 par\n|move|p1a: Sylveon|Wish|p1a: Sylveon\n|\n|-heal|p1a: Sylveon|182/300 par|[from] item: Leftovers\n|upkeep\n|turn|13\n|\n|t:|1782773679\n|move|p1a: Sylveon|Protect|p1a: Sylveon\n|-singleturn|p1a: Sylveon|Protect\n|move|p2a: Blissey|Seismic Toss|p1a: Sylveon\n|-activate|p1a: Sylveon|move: Protect\n|\n|-heal|p1a: Sylveon|300/300 par|[from] move: Wish|[wisher] Sylveon\n|upkeep\n|turn|14\n|\n|t:|1782773682\n|move|p2a: Blissey|Seismic Toss|p1a: Sylveon\n|-damage|p1a: Sylveon|215/300 par\n|move|p1a: Sylveon|Calm Mind|p1a: Sylveon\n|-boost|p1a: Sylveon|spa|1\n|-boost|p1a: Sylveon|spd|1\n|\n|-heal|p1a: Sylveon|233/300 par|[from] item: Leftovers\n|upkeep\n|turn|15\n|\n|t:|1782773692\n|move|p2a: Blissey|Seismic Toss|p1a: Sylveon\n|-damage|p1a: Sylveon|148/300 par\n|move|p1a: Sylveon|Hyper Voice|p2a: Blissey\n|-damage|p2a: Blissey|296/572\n|\n|-heal|p2a: Blissey|331/572|[from] item: Leftovers\n|-heal|p1a: Sylveon|166/300 par|[from] item: Leftovers\n|upkeep\n|turn|16\n|\n|t:|1782773698\n|move|p2a: Blissey|Seismic Toss|p1a: Sylveon\n|-damage|p1a: Sylveon|81/300 par\n|move|p1a: Sylveon|Wish|p1a: Sylveon\n|\n|-heal|p2a: Blissey|366/572|[from] item: Leftovers\n|-heal|p1a: Sylveon|99/300 par|[from] item: Leftovers\n|upkeep\n|turn|17\n|\n|t:|1782773703\n|move|p1a: Sylveon|Protect|p1a: Sylveon\n|-singleturn|p1a: Sylveon|Protect\n|move|p2a: Blissey|Seismic Toss|p1a: Sylveon\n|-activate|p1a: Sylveon|move: Protect\n|\n|-heal|p1a: Sylveon|249/300 par|[from] move: Wish|[wisher] Sylveon\n|-heal|p2a: Blissey|401/572|[from] item: Leftovers\n|-heal|p1a: Sylveon|267/300 par|[from] item: Leftovers\n|upkeep\n|turn|18\n|\n|t:|1782773712\n|move|p2a: Blissey|Seismic Toss|p1a: Sylveon\n|-damage|p1a: Sylveon|182/300 par\n|move|p1a: Sylveon|Hyper Voice|p2a: Blissey\n|-damage|p2a: Blissey|131/572\n|\n|-heal|p2a: Blissey|166/572|[from] item: Leftovers\n|-heal|p1a: Sylveon|200/300 par|[from] item: Leftovers\n|upkeep\n|turn|19\n|\n|t:|1782773720\n|move|p2a: Blissey|Soft-Boiled|p2a: Blissey\n|-heal|p2a: Blissey|452/572\n|move|p1a: Sylveon|Hyper Voice|p2a: Blissey\n|-damage|p2a: Blissey|176/572\n|\n|-heal|p2a: Blissey|211/572|[from] item: Leftovers\n|-heal|p1a: Sylveon|218/300 par|[from] item: Leftovers\n|upkeep\n|turn|20\n|\n|t:|1782773725\n|move|p2a: Blissey|Soft-Boiled|p2a: Blissey\n|-heal|p2a: Blissey|497/572\n|move|p1a: Sylveon|Hyper Voice|p2a: Blissey\n|-damage|p2a: Blissey|203/572\n|\n|-heal|p2a: Blissey|238/572|[from] item: Leftovers\n|-heal|p1a: Sylveon|236/300 par|[from] item: Leftovers\n|upkeep\n|turn|21\n|\n|t:|1782773730\n|move|p2a: Blissey|Seismic Toss|p1a: Sylveon\n|-damage|p1a: Sylveon|151/300 par\n|cant|p1a: Sylveon|par\n|\n|-heal|p2a: Blissey|273/572|[from] item: Leftovers\n|-heal|p1a: Sylveon|169/300 par|[from] item: Leftovers\n|upkeep\n|turn|22\n|\n|t:|1782773734\n|move|p2a: Blissey|Seismic Toss|p1a: Sylveon\n|-damage|p1a: Sylveon|84/300 par\n|move|p1a: Sylveon|Wish|p1a: Sylveon\n|\n|-heal|p2a: Blissey|308/572|[from] item: Leftovers\n|-heal|p1a: Sylveon|102/300 par|[from] item: Leftovers\n|upkeep\n|turn|23\n|\n|t:|1782773739\n|move|p1a: Sylveon|Protect|p1a: Sylveon\n|-singleturn|p1a: Sylveon|Protect\n|move|p2a: Blissey|Seismic Toss|p1a: Sylveon\n|-activate|p1a: Sylveon|move: Protect\n|\n|-heal|p1a: Sylveon|252/300 par|[from] move: Wish|[wisher] Sylveon\n|-heal|p2a: Blissey|343/572|[from] item: Leftovers\n|-heal|p1a: Sylveon|270/300 par|[from] item: Leftovers\n|upkeep\n|turn|24\n|\n|t:|1782773741\n|move|p2a: Blissey|Seismic Toss|p1a: Sylveon\n|-damage|p1a: Sylveon|185/300 par\n|move|p1a: Sylveon|Calm Mind|p1a: Sylveon\n|-boost|p1a: Sylveon|spa|1\n|-boost|p1a: Sylveon|spd|1\n|\n|-heal|p2a: Blissey|378/572|[from] item: Leftovers\n|-heal|p1a: Sylveon|203/300 par|[from] item: Leftovers\n|upkeep\n|turn|25\n|\n|t:|1782773747\n|move|p2a: Blissey|Seismic Toss|p1a: Sylveon\n|-damage|p1a: Sylveon|118/300 par\n|move|p1a: Sylveon|Wish|p1a: Sylveon\n|\n|-heal|p2a: Blissey|413/572|[from] item: Leftovers\n|-heal|p1a: Sylveon|136/300 par|[from] item: Leftovers\n|upkeep\n|turn|26\n|\n|t:|1782773752\n|move|p2a: Blissey|Seismic Toss|p1a: Sylveon\n|-damage|p1a: Sylveon|51/300 par\n|move|p1a: Sylveon|Hyper Voice|p2a: Blissey\n|-damage|p2a: Blissey|95/572\n|\n|-heal|p1a: Sylveon|201/300 par|[from] move: Wish|[wisher] Sylveon\n|-heal|p2a: Blissey|130/572|[from] item: Leftovers\n|-heal|p1a: Sylveon|219/300 par|[from] item: Leftovers\n|upkeep\n|turn|27\n|\n|t:|1782773759\n|move|p2a: Blissey|Soft-Boiled|p2a: Blissey\n|-heal|p2a: Blissey|416/572\n|move|p1a: Sylveon|Hyper Voice|p2a: Blissey\n|-damage|p2a: Blissey|77/572\n|\n|-heal|p2a: Blissey|112/572|[from] item: Leftovers\n|-heal|p1a: Sylveon|237/300 par|[from] item: Leftovers\n|upkeep\n|turn|28\n|\n|t:|1782773766\n|move|p2a: Blissey|Soft-Boiled|p2a: Blissey\n|-heal|p2a: Blissey|398/572\n|move|p1a: Sylveon|Wish|p1a: Sylveon\n|\n|-heal|p2a: Blissey|433/572|[from] item: Leftovers\n|-heal|p1a: Sylveon|255/300 par|[from] item: Leftovers\n|upkeep\n|turn|29\n|\n|t:|1782773773\n|move|p2a: Blissey|Seismic Toss|p1a: Sylveon\n|-damage|p1a: Sylveon|170/300 par\n|cant|p1a: Sylveon|par\n|\n|-heal|p1a: Sylveon|300/300 par|[from] move: Wish|[wisher] Sylveon\n|-heal|p2a: Blissey|468/572|[from] item: Leftovers\n|upkeep\n|turn|30\n|\n|t:|1782773779\n|move|p2a: Blissey|Seismic Toss|p1a: Sylveon\n|-damage|p1a: Sylveon|215/300 par\n|move|p1a: Sylveon|Calm Mind|p1a: Sylveon\n|-boost|p1a: Sylveon|spa|1\n|-boost|p1a: Sylveon|spd|1\n|\n|-heal|p2a: Blissey|503/572|[from] item: Leftovers\n|-heal|p1a: Sylveon|233/300 par|[from] item: Leftovers\n|upkeep\n|turn|31\n|\n|t:|1782773786\n|move|p2a: Blissey|Seismic Toss|p1a: Sylveon\n|-damage|p1a: Sylveon|148/300 par\n|move|p1a: Sylveon|Hyper Voice|p2a: Blissey\n|-damage|p2a: Blissey|137/572\n|\n|-heal|p2a: Blissey|172/572|[from] item: Leftovers\n|-heal|p1a: Sylveon|166/300 par|[from] item: Leftovers\n|upkeep\n|turn|32\n|\n|t:|1782773791\n|move|p2a: Blissey|Soft-Boiled|p2a: Blissey\n|-heal|p2a: Blissey|458/572\n|cant|p1a: Sylveon|par\n|\n|-heal|p2a: Blissey|493/572|[from] item: Leftovers\n|-heal|p1a: Sylveon|184/300 par|[from] item: Leftovers\n|upkeep\n|turn|33\n|\n|t:|1782773796\n|move|p2a: Blissey|Seismic Toss|p1a: Sylveon\n|-damage|p1a: Sylveon|99/300 par\n|move|p1a: Sylveon|Wish|p1a: Sylveon\n|\n|-heal|p2a: Blissey|528/572|[from] item: Leftovers\n|-heal|p1a: Sylveon|117/300 par|[from] item: Leftovers\n|upkeep\n|turn|34\n|\n|t:|1782773800\n|cant|p1a: Sylveon|par\n|move|p2a: Blissey|Seismic Toss|p1a: Sylveon\n|-damage|p1a: Sylveon|32/300 par\n|\n|-heal|p1a: Sylveon|182/300 par|[from] move: Wish|[wisher] Sylveon\n|-heal|p2a: Blissey|563/572|[from] item: Leftovers\n|-heal|p1a: Sylveon|200/300 par|[from] item: Leftovers\n|upkeep\n|turn|35\n|\n|t:|1782773806\n|move|p2a: Blissey|Seismic Toss|p1a: Sylveon\n|-damage|p1a: Sylveon|115/300 par\n|move|p1a: Sylveon|Wish|p1a: Sylveon\n|\n|-heal|p2a: Blissey|572/572|[from] item: Leftovers\n|-heal|p1a: Sylveon|133/300 par|[from] item: Leftovers\n|upkeep\n|turn|36\n|\n|t:|1782773810\n|cant|p1a: Sylveon|par\n|move|p2a: Blissey|Seismic Toss|p1a: Sylveon\n|-damage|p1a: Sylveon|48/300 par\n|\n|-heal|p1a: Sylveon|198/300 par|[from] move: Wish|[wisher] Sylveon\n|-heal|p1a: Sylveon|216/300 par|[from] item: Leftovers\n|upkeep\n|turn|37\n|\n|t:|1782773814\n|move|p2a: Blissey|Seismic Toss|p1a: Sylveon\n|-damage|p1a: Sylveon|131/300 par\n|move|p1a: Sylveon|Wish|p1a: Sylveon\n|\n|-heal|p1a: Sylveon|149/300 par|[from] item: Leftovers\n|upkeep\n|turn|38\n|\n|t:|1782773822\n|move|p2a: Blissey|Seismic Toss|p1a: Sylveon\n|-damage|p1a: Sylveon|64/300 par\n|move|p1a: Sylveon|Hyper Voice|p2a: Blissey\n|-damage|p2a: Blissey|182/572\n|\n|-heal|p1a: Sylveon|214/300 par|[from] move: Wish|[wisher] Sylveon\n|-heal|p2a: Blissey|217/572|[from] item: Leftovers\n|-heal|p1a: Sylveon|232/300 par|[from] item: Leftovers\n|upkeep\n|turn|39\n|\n|t:|1782773827\n|move|p2a: Blissey|Soft-Boiled|p2a: Blissey\n|-heal|p2a: Blissey|503/572\n|move|p1a: Sylveon|Hyper Voice|p2a: Blissey\n|-damage|p2a: Blissey|109/572\n|\n|-heal|p2a: Blissey|144/572|[from] item: Leftovers\n|-heal|p1a: Sylveon|250/300 par|[from] item: Leftovers\n|upkeep\n|turn|40\n|\n|t:|1782773831\n|move|p2a: Blissey|Soft-Boiled|p2a: Blissey\n|-heal|p2a: Blissey|430/572\n|move|p1a: Sylveon|Hyper Voice|p2a: Blissey\n|-crit|p2a: Blissey\n|-damage|p2a: Blissey|0 fnt\n|faint|p2a: Blissey\n|\n|-heal|p1a: Sylveon|268/300 par|[from] item: Leftovers\n|upkeep\n|\n|t:|1782773835\n|switch|p2a: Iron Valiant|Iron Valiant, L78|244/244\n|turn|41\n|\n|t:|1782773841\n|-terastallize|p2a: Iron Valiant|Fighting\n|move|p2a: Iron Valiant|Close Combat|p1a: Sylveon\n|-supereffective|p1a: Sylveon\n|-damage|p1a: Sylveon|0 fnt\n|-unboost|p2a: Iron Valiant|def|1\n|-unboost|p2a: Iron Valiant|spd|1\n|faint|p1a: Sylveon\n|-damage|p2a: Iron Valiant|220/244|[from] item: Life Orb\n|\n|upkeep\n|\n|t:|1782773854\n|switch|p1a: Kilowattrel|Kilowattrel, L83, M|161/252\n|turn|42\n|\n|t:|1782773863\n|-end|p2a: Iron Valiant|Quark Drive|[silent]\n|switch|p2a: Sandaconda|Sandaconda, L84, F|228/258\n|move|p1a: Kilowattrel|Hurricane|p2a: Sandaconda\n|-damage|p2a: Sandaconda|81/258\n|\n|upkeep\n|turn|43\n|\n|t:|1782773883\n|move|p1a: Kilowattrel|U-turn|p2a: Sandaconda\n|-damage|p2a: Sandaconda|51/258\n|\n|t:|1782773911\n|switch|p1a: Fezandipiti|Fezandipiti, L82, M|278/278|[from] U-turn\n|-activate|p1a: Fezandipiti|move: Sticky Web\n|-unboost|p1a: Fezandipiti|spe|1\n|move|p2a: Sandaconda|Rock Blast|p1a: Fezandipiti|[miss]\n|-miss|p2a: Sandaconda|p1a: Fezandipiti\n|\n|upkeep\n|turn|44\n|\n|t:|1782773933\n|move|p2a: Sandaconda|Earthquake|p1a: Fezandipiti\n|-supereffective|p1a: Fezandipiti\n|-damage|p1a: Fezandipiti|26/278\n|move|p1a: Fezandipiti|Moonblast|p2a: Sandaconda\n|-crit|p2a: Sandaconda\n|-damage|p2a: Sandaconda|0 fnt\n|faint|p2a: Sandaconda\n|\n|-heal|p1a: Fezandipiti|43/278|[from] item: Leftovers\n|upkeep\n|\n|t:|1782773954\n|switch|p2a: Golurk|Golurk, L87|297/297\n|turn|45\n|inactive|Battle timer is ON: inactive players will automatically lose when time's up. (requested by LordMankey)\n|\n|t:|1782773962\n|move|p2a: Golurk|Stone Edge|p1a: Fezandipiti\n|-damage|p1a: Fezandipiti|0 fnt\n|faint|p1a: Fezandipiti\n|\n|upkeep\n|\n|t:|1782773976\n|switch|p1a: Zamazenta|Zamazenta, L71|248/248\n|-activate|p1a: Zamazenta|move: Sticky Web\n|-unboost|p1a: Zamazenta|spe|1\n|-ability|p1a: Zamazenta|Dauntless Shield|boost\n|-boost|p1a: Zamazenta|def|1\n|turn|46\n|\n|t:|1782773987\n|switch|p2a: Thundurus|Thundurus, L80, M|258/258\n|move|p1a: Zamazenta|Crunch|p2a: Thundurus\n|-damage|p2a: Thundurus|165/258\n|\n|upkeep\n|turn|47\n|\n|t:|1782774001\n|move|p2a: Thundurus|Acrobatics|p1a: Zamazenta\n|-supereffective|p1a: Zamazenta\n|-damage|p1a: Zamazenta|92/248\n|move|p1a: Zamazenta|Crunch|p2a: Thundurus\n|-damage|p2a: Thundurus|80/258\n|\n|upkeep\n|turn|48\n|\n|t:|1782774013\n|move|p2a: Thundurus|Acrobatics|p1a: Zamazenta\n|-supereffective|p1a: Zamazenta\n|-damage|p1a: Zamazenta|0 fnt\n|faint|p1a: Zamazenta\n|\n|upkeep\n|\n|t:|1782774015\n|switch|p1a: Kilowattrel|Kilowattrel, L83, M|161/252\n|turn|49\n|\n|t:|1782774023\n|move|p1a: Kilowattrel|Thunderbolt|p2a: Thundurus\n|-damage|p2a: Thundurus|0 fnt\n|faint|p2a: Thundurus\n|\n|upkeep\n|\n|t:|1782774025\n|switch|p2a: Golurk|Golurk, L87|297/297\n|turn|50\n|\n|t:|1782774032\n|move|p1a: Kilowattrel|U-turn|p2a: Golurk\n|-resisted|p2a: Golurk\n|-damage|p2a: Golurk|278/297\n|\n|t:|1782774035\n|switch|p1a: Giratina|Giratina, L75|349/349|[from] U-turn\n|-activate|p1a: Giratina|move: Sticky Web\n|-unboost|p1a: Giratina|spe|1\n|-ability|p1a: Giratina|Pressure\n|move|p2a: Golurk|Stone Edge|p1a: Giratina\n|-damage|p1a: Giratina|229/349\n|\n|-heal|p1a: Giratina|250/349|[from] item: Leftovers\n|upkeep\n|turn|51\n|\n|t:|1782774062\n|switch|p2a: Ariados|Ariados, L95, F|287/287\n|move|p1a: Giratina|Calm Mind|p1a: Giratina\n|-boost|p1a: Giratina|spa|1\n|-boost|p1a: Giratina|spd|1\n|\n|-heal|p1a: Giratina|271/349|[from] item: Leftovers\n|upkeep\n|turn|52\n|\n|t:|1782774071\n|switch|p2a: Golurk|Golurk, L87|278/297\n|move|p1a: Giratina|Calm Mind|p1a: Giratina\n|-boost|p1a: Giratina|spa|1\n|-boost|p1a: Giratina|spd|1\n|\n|-heal|p1a: Giratina|292/349|[from] item: Leftovers\n|upkeep\n|turn|53\n|\n|t:|1782774079\n|move|p2a: Golurk|Poltergeist|p1a: Giratina\n|-activate|p1a: Giratina|move: Poltergeist|Leftovers\n|-supereffective|p1a: Giratina\n|-damage|p1a: Giratina|0 fnt\n|faint|p1a: Giratina\n|\n|upkeep\n|\n|t:|1782774087\n|switch|p1a: Munkidori|Munkidori, L79, M|269/269\n|-activate|p1a: Munkidori|move: Sticky Web\n|-unboost|p1a: Munkidori|spe|1\n|turn|54\n|\n|t:|1782774091\n|move|p2a: Golurk|Poltergeist|p1a: Munkidori\n|-activate|p1a: Munkidori|move: Poltergeist|Assault Vest\n|-supereffective|p1a: Munkidori\n|-damage|p1a: Munkidori|0 fnt\n|faint|p1a: Munkidori\n|\n|upkeep\n|\n|t:|1782774095\n|switch|p1a: Kilowattrel|Kilowattrel, L83, M|161/252\n|turn|55\n|\n|t:|1782774097\n|move|p1a: Kilowattrel|Hurricane|p2a: Golurk\n|-damage|p2a: Golurk|146/297\n|-start|p2a: Golurk|confusion\n|-activate|p2a: Golurk|confusion\n|-damage|p2a: Golurk|110/297|[from] confusion\n|\n|upkeep\n|turn|56\n|\n|t:|1782774101\n|switch|p2a: Ariados|Ariados, L95, F|287/287\n|move|p1a: Kilowattrel|Hurricane|p2a: Ariados\n|-supereffective|p2a: Ariados\n|-damage|p2a: Ariados|45/287\n|\n|upkeep\n|turn|57\n|\n|t:|1782774108\n|move|p1a: Kilowattrel|Thunderbolt|p2a: Ariados\n|-damage|p2a: Ariados|0 fnt\n|faint|p2a: Ariados\n|\n|upkeep\n|\n|t:|1782774111\n|switch|p2a: Iron Valiant|Iron Valiant, L78, tera:Fighting|220/244\n|turn|58\n|\n|t:|1782774117\n|move|p1a: Kilowattrel|Hurricane|p2a: Iron Valiant\n|-supereffective|p2a: Iron Valiant\n|-damage|p2a: Iron Valiant|0 fnt\n|faint|p2a: Iron Valiant\n|-end|p2a: Iron Valiant|Quark Drive|[silent]\n|\n|upkeep\n|n|\u2606zxcvcxxzzx|zxcvcxxzzx\n|c|\u2606zxcvcxxzzx|so fking lucky with the confuse and hit\n|c|\u2606zxcvcxxzzx|fk off, so fking bad\n|inactive|zxcvcxxzzx has 120 seconds left.\n|c|\u2606LordMankey|jajaaaj\n|c|\u2606LordMankey|shut up and play game\n|c|\u2606zxcvcxxzzx|u suck dck\n|c|\u2606zxcvcxxzzx|jajaja\n|inactive|zxcvcxxzzx has 90 seconds left.\n|c|\u2606LordMankey|yes but i win\n|c|\u2606zxcvcxxzzx|yea you got lucky\n|c|\u2606zxcvcxxzzx|insanely lucky\n|inactive|zxcvcxxzzx has 60 seconds left.\n|c|\u2606LordMankey|yes bro i win go to cry\n|c|\u2606zxcvcxxzzx|nice broken english loser\n|inactive|zxcvcxxzzx has 30 seconds left.\n|inactive|zxcvcxxzzx has 20 seconds left.\n|inactive|zxcvcxxzzx has 15 seconds left.\n|inactive|zxcvcxxzzx has 10 seconds left.\n|inactive|zxcvcxxzzx has 5 seconds left.\n|c|\u2606LordMankey|go cry\n|-message|zxcvcxxzzx lost due to inactivity.\n|\n|win|LordMankey\n", "inputlog": ">version f8ac14003a5f27e1bdc8d8c59608a773c1cb96e5\n>start {\"formatid\":\"gen9randombattle\",\"seed\":\"sodium,fe4dce2daff8db5fe12b16c4a61d58af\",\"rated\":\"Rated battle\"}\n>player p1 {\"name\":\"LordMankey\",\"avatar\":\"265\",\"rating\":1124,\"seed\":\"sodium,f65fd76193221cb70b98b8f3895d1254\"}\n>player p2 {\"name\":\"zxcvcxxzzx\",\"avatar\":\"170\",\"rating\":1077,\"seed\":\"sodium,76d8f3bbbd04367e0b9978f52f7e0d7f\"}\n>p1 switch 2\n>p2 move knockoff\n>p1 move thunderbolt\n>p2 switch 3\n>p1 move uturn\n>p2 move rockblast\n>p1 switch 3\n>p1 move wish\n>p2 switch 6\n>p1 move calmmind terastallize\n>p2 move stickyweb\n>p1 move calmmind\n>p2 switch 2\n>p1 move wish\n>p2 move thunderwave\n>p1 move calmmind\n>p2 move seismictoss\n>p1 move calmmind\n>p2 move seismictoss\n>p1 move wish\n>p2 move seismictoss\n>p1 move calmmind\n>p2 move seismictoss\n>p1 move wish\n>p2 move seismictoss\n>p1 move protect\n>p2 move seismictoss\n>p1 move calmmind\n>p2 move seismictoss\n>p1 move hypervoice\n>p2 move seismictoss\n>p1 move wish\n>p2 move seismictoss\n>p1 move protect\n>p2 move seismictoss\n>p1 move hypervoice\n>p2 move seismictoss\n>p1 move hypervoice\n>p2 move softboiled\n>p1 move hypervoice\n>p2 move softboiled\n>p1 move wish\n>p2 move seismictoss\n>p1 move wish\n>p2 move seismictoss\n>p1 move protect\n>p2 move seismictoss\n>p1 move calmmind\n>p2 move seismictoss\n>p1 move wish\n>p2 move seismictoss\n>p1 move hypervoice\n>p2 move seismictoss\n>p1 move hypervoice\n>p2 move softboiled\n>p1 move wish\n>p2 move softboiled\n>p1 move calmmind\n>p2 move seismictoss\n>p1 move calmmind\n>p2 move seismictoss\n>p1 move hypervoice\n>p2 move seismictoss\n>p1 move hypervoice\n>p2 move softboiled\n>p1 move wish\n>p2 move seismictoss\n>p1 move protect\n>p2 move seismictoss\n>p1 move wish\n>p2 move seismictoss\n>p1 move protect\n>p2 move seismictoss\n>p1 move wish\n>p2 move seismictoss\n>p1 move hypervoice\n>p2 move seismictoss\n>p1 move hypervoice\n>p2 move softboiled\n>p1 move hypervoice\n>p2 move softboiled\n>p2 switch 5\n>p1 move hypervoice\n>p2 move closecombat terastallize\n>p1 switch 3\n>p1 move hurricane\n>p2 switch 6\n>p1 move uturn\n>p2 move rockblast\n>p1 switch 4\n>p1 move moonblast\n>p2 move earthquake\n>p2 switch 4\n>p1 move moonblast\n>p2 move stoneedge\n>p1 switch 5\n>p1 move crunch\n>p2 switch 3\n>p1 move crunch\n>p2 move acrobatics\n>p1 move crunch\n>p2 move acrobatics\n>p1 switch 4\n>p1 move thunderbolt\n>p2 move knockoff\n>p2 switch 3\n>p1 move uturn\n>p2 move stoneedge\n>p1 switch 6\n>p1 move calmmind\n>p2 switch 2\n>p1 move calmmind\n>p2 switch 2\n>p1 move calmmind\n>p2 move poltergeist\n>p1 switch 2\n>p1 move psychicnoise\n>p2 move poltergeist\n>p1 switch 6\n>p1 move hurricane\n>p2 move poltergeist\n>p1 move hurricane\n>p2 switch 2\n>p1 move thunderbolt\n>p2 move poisonjab\n>p2 switch 6\n>p1 move hurricane\n>p2 move moonblast\n>chat \u2606zxcvcxxzzx|so fking lucky with the confuse and hit\n>chat \u2606zxcvcxxzzx|fk off, so fking bad\n>chat \u2606LordMankey|jajaaaj\n>chat \u2606LordMankey|shut up and play game\n>chat \u2606zxcvcxxzzx|u suck dck\n>chat \u2606zxcvcxxzzx|jajaja\n>chat \u2606LordMankey|yes but i win\n>chat \u2606zxcvcxxzzx|yea you got lucky\n>chat \u2606zxcvcxxzzx|insanely lucky\n>chat \u2606LordMankey|yes bro i win go to cry\n>chat \u2606zxcvcxxzzx|nice broken english loser\n>chat \u2606LordMankey|go cry\n>forcelose p2", "uploadtime": 1782774143, "views": 2, "formatid": "gen9randombattle", "rating": null, "private": 0, "password": null, "player_dets": [{"name": "LordMankey", "avatar": "265", "rating": 1124, "seed": "sodium,f65fd76193221cb70b98b8f3895d1254"}, {"name": "zxcvcxxzzx", "avatar": "170", "rating": 1077, "seed": "sodium,76d8f3bbbd04367e0b9978f52f7e0d7f"}], "teams_full": [{"Munkidori": {"name": "Munkidori", "species": "Munkidori", "speciesId": "munkidori", "gender": "M", "shiny": false, "level": 79, "moves": ["psychicnoise", "sludgewave", "uturn", "fakeout"], "ability": "Toxic Chain", "evs": {"hp": 85, "atk": 85, "def": 85, "spa": 85, "spd": 85, "spe": 85}, "ivs": {"hp": 31, "atk": 31, "def": 31, "spa": 31, "spd": 31, "spe": 31}, "item": "Assault Vest", "teraType": "Dark", "role": "AV Pivot", "bvs": {"hp": 88, "atk": 75, "def": 66, "spa": 130, "spd": 90, "spe": 106}, "stats": {"hp": 269, "atk": 164, "def": 150, "spa": 251, "spd": 188, "spe": 213}, "types": ["Poison", "Psychic"]}, "Kilowattrel": {"name": "Kilowattrel", "species": "Kilowattrel", "speciesId": "kilowattrel", "gender": "M", "shiny": false, "level": 83, "moves": ["thunderbolt", "uturn", "roost", "hurricane"], "ability": "Volt Absorb", "evs": {"hp": 85, "atk": 85, "def": 85, "spa": 85, "spd": 85, "spe": 85}, "ivs": {"hp": 31, "atk": 31, "def": 31, "spa": 31, "spd": 31, "spe": 31}, "item": "Heavy-Duty Boots", "teraType": "Water", "role": "Bulky Attacker", "bvs": {"hp": 70, "atk": 70, "def": 60, "spa": 105, "spd": 60, "spe": 125}, "stats": {"hp": 252, "atk": 164, "def": 147, "spa": 222, "spd": 147, "spe": 255}, "types": ["Electric", "Flying"]}, "Sylveon": {"name": "Sylveon", "species": "Sylveon", "speciesId": "sylveon", "gender": "F", "shiny": false, "level": 85, "moves": ["hypervoice", "protect", "wish", "calmmind"], "ability": "Pixilate", "evs": {"hp": 85, "atk": 0, "def": 85, "spa": 85, "spd": 85, "spe": 85}, "ivs": {"hp": 31, "atk": 0, "def": 31, "spa": 31, "spd": 31, "spe": 31}, "item": "Leftovers", "teraType": "Steel", "role": "Bulky Setup", "bvs": {"hp": 95, "atk": 65, "def": 65, "spa": 110, "spd": 130, "spe": 60}, "stats": {"hp": 300, "atk": 115, "def": 159, "spa": 236, "spd": 270, "spe": 151}, "types": ["Fairy"]}, "Fezandipiti": {"name": "Fezandipiti", "species": "Fezandipiti", "speciesId": "fezandipiti", "gender": "M", "shiny": false, "level": 82, "moves": ["gunkshot", "uturn", "moonblast", "roost"], "ability": "Toxic Chain", "evs": {"hp": 85, "atk": 85, "def": 85, "spa": 85, "spd": 85, "spe": 85}, "ivs": {"hp": 31, "atk": 31, "def": 31, "spa": 31, "spd": 31, "spe": 31}, "item": "Leftovers", "teraType": "Water", "role": "Bulky Attacker", "bvs": {"hp": 88, "atk": 91, "def": 82, "spa": 70, "spd": 125, "spe": 99}, "stats": {"hp": 278, "atk": 196, "def": 182, "spa": 162, "spd": 252, "spe": 210}, "types": ["Poison", "Fairy"]}, "Zamazenta": {"name": "Zamazenta", "species": "Zamazenta", "speciesId": "zamazenta", "gender": "N", "shiny": false, "level": 71, "moves": ["crunch", "ironhead", "psychicfangs", "closecombat"], "ability": "Dauntless Shield", "evs": {"hp": 85, "atk": 85, "def": 85, "spa": 85, "spd": 85, "spe": 85}, "ivs": {"hp": 31, "atk": 31, "def": 31, "spa": 31, "spd": 31, "spe": 31}, "item": "Choice Band", "teraType": "Steel", "role": "Bulky Attacker", "bvs": {"hp": 92, "atk": 120, "def": 115, "spa": 80, "spd": 115, "spe": 138}, "stats": {"hp": 248, "atk": 212, "def": 205, "spa": 155, "spd": 205, "spe": 237}, "types": ["Fighting"]}, "Giratina": {"name": "Giratina", "species": "Giratina", "speciesId": "giratina", "gender": "N", "shiny": false, "level": 75, "moves": ["dragonpulse", "sleeptalk", "rest", "calmmind"], "ability": "Pressure", "evs": {"hp": 85, "atk": 0, "def": 85, "spa": 85, "spd": 85, "spe": 85}, "ivs": {"hp": 31, "atk": 0, "def": 31, "spa": 31, "spd": 31, "spe": 31}, "item": "Leftovers", "teraType": "Fairy", "role": "Bulky Setup", "bvs": {"hp": 150, "atk": 100, "def": 120, "spa": 100, "spd": 120, "spe": 90}, "stats": {"hp": 349, "atk": 155, "def": 224, "spa": 194, "spd": 224, "spe": 179}, "types": ["Ghost", "Dragon"]}}, {"Thundurus": {"name": "Thundurus", "species": "Thundurus", "speciesId": "thundurus", "gender": "M", "shiny": false, "level": 80, "moves": ["thunderbolt", "knockoff", "acrobatics", "focusblast"], "ability": "Defiant", "evs": {"hp": 85, "atk": 85, "def": 85, "spa": 85, "spd": 85, "spe": 85}, "ivs": {"hp": 31, "atk": 31, "def": 31, "spa": 31, "spd": 31, "spe": 31}, "item": "", "teraType": "Electric", "role": "Wallbreaker", "bvs": {"hp": 79, "atk": 115, "def": 70, "spa": 125, "spd": 80, "spe": 111}, "stats": {"hp": 258, "atk": 230, "def": 158, "spa": 246, "spd": 174, "spe": 224}, "types": ["Electric", "Flying"]}, "Blissey": {"name": "Blissey", "species": "Blissey", "speciesId": "blissey", "gender": "F", "shiny": false, "level": 85, "moves": ["seismictoss", "thunderwave", "healbell", "softboiled"], "ability": "Natural Cure", "evs": {"hp": 85, "atk": 0, "def": 85, "spa": 85, "spd": 85, "spe": 85}, "ivs": {"hp": 31, "atk": 0, "def": 31, "spa": 31, "spd": 31, "spe": 31}, "item": "Leftovers", "teraType": "Ghost", "role": "Bulky Support", "bvs": {"hp": 255, "atk": 10, "def": 10, "spa": 75, "spd": 135, "spe": 55}, "stats": {"hp": 572, "atk": 22, "def": 66, "spa": 176, "spd": 278, "spe": 142}, "types": ["Normal"]}, "Sandaconda": {"name": "Sandaconda", "species": "Sandaconda", "speciesId": "sandaconda", "gender": "F", "shiny": false, "level": 84, "moves": ["earthquake", "coil", "scaleshot", "rockblast"], "ability": "Shed Skin", "evs": {"hp": 85, "atk": 85, "def": 85, "spa": 85, "spd": 85, "spe": 85}, "ivs": {"hp": 31, "atk": 31, "def": 31, "spa": 31, "spd": 31, "spe": 31}, "item": "Loaded Dice", "teraType": "Dragon", "role": "Fast Bulky Setup", "bvs": {"hp": 72, "atk": 107, "def": 125, "spa": 65, "spd": 70, "spe": 71}, "stats": {"hp": 258, "atk": 228, "def": 258, "spa": 157, "spd": 166, "spe": 167}, "types": ["Ground"]}, "Golurk": {"name": "Golurk", "species": "Golurk", "speciesId": "golurk", "gender": "N", "shiny": false, "level": 87, "moves": ["earthquake", "dynamicpunch", "stoneedge", "poltergeist"], "ability": "No Guard", "evs": {"hp": 85, "atk": 85, "def": 85, "spa": 85, "spd": 85, "spe": 85}, "ivs": {"hp": 31, "atk": 31, "def": 31, "spa": 31, "spd": 31, "spe": 31}, "item": "Choice Band", "teraType": "Ground", "role": "Wallbreaker", "bvs": {"hp": 89, "atk": 124, "def": 80, "spa": 55, "spd": 80, "spe": 55}, "stats": {"hp": 297, "atk": 266, "def": 189, "spa": 145, "spd": 189, "spe": 145}, "types": ["Ground", "Ghost"]}, "Iron Valiant": {"name": "Iron Valiant", "species": "Iron Valiant", "speciesId": "ironvaliant", "gender": "N", "shiny": false, "level": 78, "moves": ["closecombat", "calmmind", "psychic", "moonblast"], "ability": "Quark Drive", "evs": {"hp": 85, "atk": 85, "def": 85, "spa": 85, "spd": 85, "spe": 85}, "ivs": {"hp": 31, "atk": 31, "def": 31, "spa": 31, "spd": 31, "spe": 31}, "item": "Life Orb", "teraType": "Fighting", "role": "Fast Attacker", "bvs": {"hp": 74, "atk": 130, "def": 90, "spa": 120, "spd": 60, "spe": 116}, "stats": {"hp": 244, "atk": 248, "def": 185, "spa": 232, "spd": 139, "spe": 226}, "types": ["Fairy", "Fighting"]}, "Ariados": {"name": "Ariados", "species": "Ariados", "speciesId": "ariados", "gender": "F", "shiny": false, "level": 95, "moves": ["toxicspikes", "stickyweb", "megahorn", "poisonjab"], "ability": "Swarm", "evs": {"hp": 85, "atk": 85, "def": 85, "spa": 85, "spd": 85, "spe": 85}, "ivs": {"hp": 31, "atk": 31, "def": 31, "spa": 31, "spd": 31, "spe": 31}, "item": "Heavy-Duty Boots", "teraType": "Ghost", "role": "Fast Support", "bvs": {"hp": 70, "atk": 90, "def": 70, "spa": 60, "spd": 70, "spe": 40}, "stats": {"hp": 287, "atk": 225, "def": 187, "spa": 168, "spd": 187, "spe": 130}, "types": ["Bug", "Poison"]}}]}