{"id": "gen9randombattle-2641096670", "format": "[Gen 9] Random Battle", "players": ["The great gazoo", "mommower"], "log": "|j|\u2606The great gazoo\n|j|\u2606mommower\n|t:|1782739908\n|gametype|singles\n|player|p1|The great gazoo|169|2036\n|player|p2|mommower|flannery|2036\n|gen|9\n|tier|[Gen 9] Random Battle\n|rated|\n|rule|Species Clause: Limit one of each Pok\u00e9mon\n|rule|HP Percentage Mod: HP is shown in percentages\n|rule|Sleep Clause Mod: Limit one foe put to sleep\n|rule|Illusion Level Mod: Illusion disguises the Pok\u00e9mon's true level\n|\n|t:|1782739908\n|teamsize|p1|6\n|teamsize|p2|6\n|start\n|switch|p1a: Galvantula|Galvantula, L82, M|249/249\n|switch|p2a: Alcremie|Alcremie-Ruby-Cream, L90, F|263/263\n|turn|1\n|inactive|Battle timer is ON: inactive players will automatically lose when time's up. (requested by mommower)\n|inactive|mommower has 120 seconds left.\n|c|\u2606mommower|please bigbro unselect webs\n|\n|t:|1782739944\n|move|p1a: Galvantula|Volt Switch|p2a: Alcremie\n|-damage|p2a: Alcremie|208/263\n|c|\u2606mommower|thank you\n|\n|t:|1782739961\n|switch|p1a: Terapagos|Terapagos, L77, M|265/265|[from] Volt Switch\n|-activate|p1a: Terapagos|ability: Tera Shift\n|detailschange|p1a: Terapagos|Terapagos-Terastal, L77, M\n|-heal|p1a: Terapagos|273/273|[silent]\n|move|p2a: Alcremie|Calm Mind|p2a: Alcremie\n|-boost|p2a: Alcremie|spa|1\n|-boost|p2a: Alcremie|spd|1\n|\n|-heal|p2a: Alcremie|224/263|[from] item: Leftovers\n|upkeep\n|turn|2\n|\n|t:|1782739978\n|move|p1a: Terapagos|Calm Mind|p1a: Terapagos\n|-boost|p1a: Terapagos|spa|1\n|-boost|p1a: Terapagos|spd|1\n|move|p2a: Alcremie|Calm Mind|p2a: Alcremie\n|-boost|p2a: Alcremie|spa|1\n|-boost|p2a: Alcremie|spd|1\n|\n|-heal|p2a: Alcremie|240/263|[from] item: Leftovers\n|upkeep\n|turn|3\n|\n|t:|1782739986\n|move|p1a: Terapagos|Calm Mind|p1a: Terapagos\n|-boost|p1a: Terapagos|spa|1\n|-boost|p1a: Terapagos|spd|1\n|move|p2a: Alcremie|Calm Mind|p2a: Alcremie\n|-boost|p2a: Alcremie|spa|1\n|-boost|p2a: Alcremie|spd|1\n|\n|-heal|p2a: Alcremie|256/263|[from] item: Leftovers\n|upkeep\n|turn|4\n|\n|t:|1782739991\n|move|p1a: Terapagos|Calm Mind|p1a: Terapagos\n|-boost|p1a: Terapagos|spa|1\n|-boost|p1a: Terapagos|spd|1\n|move|p2a: Alcremie|Calm Mind|p2a: Alcremie\n|-boost|p2a: Alcremie|spa|1\n|-boost|p2a: Alcremie|spd|1\n|\n|-heal|p2a: Alcremie|263/263|[from] item: Leftovers\n|upkeep\n|turn|5\n|\n|t:|1782739993\n|move|p1a: Terapagos|Calm Mind|p1a: Terapagos\n|-boost|p1a: Terapagos|spa|1\n|-boost|p1a: Terapagos|spd|1\n|move|p2a: Alcremie|Calm Mind|p2a: Alcremie\n|-boost|p2a: Alcremie|spa|1\n|-boost|p2a: Alcremie|spd|1\n|\n|upkeep\n|turn|6\n|\n|t:|1782739997\n|move|p1a: Terapagos|Calm Mind|p1a: Terapagos\n|-boost|p1a: Terapagos|spa|1\n|-boost|p1a: Terapagos|spd|1\n|move|p2a: Alcremie|Calm Mind|p2a: Alcremie\n|-boost|p2a: Alcremie|spa|1\n|-boost|p2a: Alcremie|spd|1\n|\n|upkeep\n|turn|7\n|\n|t:|1782740005\n|move|p1a: Terapagos|Tera Starstorm|p2a: Alcremie\n|-damage|p2a: Alcremie|196/263\n|move|p2a: Alcremie|Psyshock|p1a: Terapagos\n|-activate|p1a: Terapagos|ability: Tera Shell\n|-resisted|p1a: Terapagos\n|-damage|p1a: Terapagos|131/273\n|\n|-heal|p2a: Alcremie|212/263|[from] item: Leftovers\n|upkeep\n|turn|8\n|\n|t:|1782740013\n|move|p1a: Terapagos|Tera Starstorm|p2a: Alcremie\n|-damage|p2a: Alcremie|139/263\n|move|p2a: Alcremie|Psyshock|p1a: Terapagos\n|-damage|p1a: Terapagos|0 fnt\n|faint|p1a: Terapagos\n|\n|-heal|p2a: Alcremie|155/263|[from] item: Leftovers\n|upkeep\n|\n|t:|1782740024\n|switch|p1a: Milotic|Milotic, L83, M|293/293\n|turn|9\n|\n|t:|1782740034\n|move|p1a: Milotic|Haze|p1a: Milotic\n|-clearallboost\n|move|p2a: Alcremie|Psyshock|p1a: Milotic\n|-damage|p1a: Milotic|214/293\n|\n|-heal|p1a: Milotic|232/293|[from] item: Leftovers\n|-heal|p2a: Alcremie|171/263|[from] item: Leftovers\n|upkeep\n|turn|10\n|\n|t:|1782740049\n|move|p1a: Milotic|Ice Beam|p2a: Alcremie\n|-damage|p2a: Alcremie|123/263\n|move|p2a: Alcremie|Recover|p2a: Alcremie\n|-heal|p2a: Alcremie|255/263\n|\n|-heal|p1a: Milotic|250/293|[from] item: Leftovers\n|-heal|p2a: Alcremie|263/263|[from] item: Leftovers\n|upkeep\n|turn|11\n|\n|t:|1782740067\n|switch|p1a: Galvantula|Galvantula, L82, M|249/249\n|switch|p2a: Pawmot|Pawmot, L80, F|243/243\n|\n|upkeep\n|turn|12\n|\n|t:|1782740073\n|move|p1a: Galvantula|Sticky Web|p2a: Pawmot\n|-sidestart|p2: mommower|move: Sticky Web\n|move|p2a: Pawmot|Ice Punch|p1a: Galvantula\n|-damage|p1a: Galvantula|136/249\n|-damage|p2a: Pawmot|219/243|[from] item: Life Orb\n|\n|upkeep\n|turn|13\n|\n|t:|1782740086\n|move|p1a: Galvantula|Thunder|p2a: Pawmot\n|-resisted|p2a: Pawmot\n|-damage|p2a: Pawmot|141/243\n|move|p2a: Pawmot|Close Combat|p1a: Galvantula\n|-resisted|p1a: Galvantula\n|-damage|p1a: Galvantula|16/249\n|-unboost|p2a: Pawmot|def|1\n|-unboost|p2a: Pawmot|spd|1\n|-damage|p2a: Pawmot|117/243|[from] item: Life Orb\n|\n|upkeep\n|turn|14\n|\n|t:|1782740096\n|move|p1a: Galvantula|Thunder|p2a: Pawmot\n|-resisted|p2a: Pawmot\n|-damage|p2a: Pawmot|0 fnt\n|faint|p2a: Pawmot\n|\n|upkeep\n|\n|t:|1782740102\n|switch|p2a: Alcremie|Alcremie-Ruby-Cream, L90, F|263/263\n|-activate|p2a: Alcremie|move: Sticky Web\n|-unboost|p2a: Alcremie|spe|1\n|turn|15\n|\n|t:|1782740108\n|move|p1a: Galvantula|Thunder|p2a: Alcremie\n|-damage|p2a: Alcremie|179/263\n|move|p2a: Alcremie|Calm Mind|p2a: Alcremie\n|-boost|p2a: Alcremie|spa|1\n|-boost|p2a: Alcremie|spd|1\n|\n|-heal|p2a: Alcremie|195/263|[from] item: Leftovers\n|upkeep\n|turn|16\n|\n|t:|1782740114\n|move|p1a: Galvantula|Volt Switch|p2a: Alcremie\n|-damage|p2a: Alcremie|159/263\n|inactive|The great gazoo has 120 seconds left.\n|\n|t:|1782740146\n|switch|p1a: Milotic|Milotic, L83, M|250/293|[from] Volt Switch\n|move|p2a: Alcremie|Alluring Voice|p1a: Milotic\n|-damage|p1a: Milotic|117/293\n|\n|-heal|p1a: Milotic|135/293|[from] item: Leftovers\n|-heal|p2a: Alcremie|175/263|[from] item: Leftovers\n|upkeep\n|turn|17\n|\n|t:|1782740159\n|move|p1a: Milotic|Haze|p1a: Milotic\n|-clearallboost\n|move|p2a: Alcremie|Psyshock|p1a: Milotic\n|-damage|p1a: Milotic|56/293\n|\n|-heal|p1a: Milotic|74/293|[from] item: Leftovers\n|-heal|p2a: Alcremie|191/263|[from] item: Leftovers\n|upkeep\n|turn|18\n|\n|t:|1782740168\n|switch|p1a: Arceus|Arceus, L68|276/276\n|move|p2a: Alcremie|Calm Mind|p2a: Alcremie\n|-boost|p2a: Alcremie|spa|1\n|-boost|p2a: Alcremie|spd|1\n|\n|-heal|p2a: Alcremie|207/263|[from] item: Leftovers\n|upkeep\n|turn|19\n|\n|t:|1782740175\n|switch|p2a: Misdreavus|Misdreavus, L90, F|254/254\n|move|p1a: Arceus|Swords Dance|p1a: Arceus\n|-boost|p1a: Arceus|atk|2\n|\n|upkeep\n|turn|20\n|\n|t:|1782740184\n|switch|p1a: Galvantula|Galvantula, L82, M|16/249\n|move|p2a: Misdreavus|Will-O-Wisp|p1a: Galvantula|[miss]\n|-miss|p2a: Misdreavus|p1a: Galvantula\n|\n|upkeep\n|turn|21\n|c|\u2606The great gazoo|I have nothing to do against your whole team\n|\n|t:|1782740202\n|move|p1a: Galvantula|Thunder|p2a: Misdreavus\n|-damage|p2a: Misdreavus|182/254\n|-status|p2a: Misdreavus|par\n|move|p2a: Misdreavus|Draining Kiss|p1a: Galvantula\n|-damage|p1a: Galvantula|0 fnt\n|-heal|p2a: Misdreavus|194/254 par|[from] drain|[of] p1a: Galvantula\n|faint|p1a: Galvantula\n|\n|upkeep\n|c|\u2606mommower|i like the sound of that\n|\n|t:|1782740210\n|switch|p1a: Heracross|Heracross, L80, F|259/259\n|turn|22\n|\n|t:|1782740215\n|move|p1a: Heracross|Knock Off|p2a: Misdreavus\n|-supereffective|p2a: Misdreavus\n|-damage|p2a: Misdreavus|76/254 par\n|-enditem|p2a: Misdreavus|Eviolite|[from] move: Knock Off|[of] p1a: Heracross\n|move|p2a: Misdreavus|Draining Kiss|p1a: Heracross\n|-supereffective|p1a: Heracross\n|-damage|p1a: Heracross|179/259\n|-heal|p2a: Misdreavus|136/254 par|[from] drain|[of] p1a: Heracross\n|\n|upkeep\n|turn|23\n|\n|t:|1782740223\n|move|p1a: Heracross|Knock Off|p2a: Misdreavus\n|-supereffective|p2a: Misdreavus\n|-damage|p2a: Misdreavus|4/254 par\n|move|p2a: Misdreavus|Draining Kiss|p1a: Heracross\n|-supereffective|p1a: Heracross\n|-damage|p1a: Heracross|97/259\n|-heal|p2a: Misdreavus|66/254 par|[from] drain|[of] p1a: Heracross\n|\n|upkeep\n|turn|24\n|\n|t:|1782740229\n|move|p1a: Heracross|Knock Off|p2a: Misdreavus\n|-supereffective|p2a: Misdreavus\n|-damage|p2a: Misdreavus|0 fnt\n|faint|p2a: Misdreavus\n|-ability|p1a: Heracross|Moxie|boost\n|-boost|p1a: Heracross|atk|1\n|\n|upkeep\n|\n|t:|1782740232\n|switch|p2a: Alcremie|Alcremie-Ruby-Cream, L90, F|207/263\n|-activate|p2a: Alcremie|move: Sticky Web\n|-unboost|p2a: Alcremie|spe|1\n|turn|25\n|\n|t:|1782740243\n|move|p1a: Heracross|Knock Off|p2a: Alcremie\n|-resisted|p2a: Alcremie\n|-damage|p2a: Alcremie|149/263\n|-enditem|p2a: Alcremie|Leftovers|[from] move: Knock Off|[of] p1a: Heracross\n|move|p2a: Alcremie|Calm Mind|p2a: Alcremie\n|-boost|p2a: Alcremie|spa|1\n|-boost|p2a: Alcremie|spd|1\n|\n|upkeep\n|turn|26\n|\n|t:|1782740250\n|switch|p1a: Milotic|Milotic, L83, M|74/293\n|move|p2a: Alcremie|Recover|p2a: Alcremie\n|-heal|p2a: Alcremie|263/263\n|\n|-heal|p1a: Milotic|92/293|[from] item: Leftovers\n|upkeep\n|turn|27\n|\n|t:|1782740254\n|move|p1a: Milotic|Haze|p1a: Milotic\n|-clearallboost\n|move|p2a: Alcremie|Alluring Voice|p1a: Milotic\n|-damage|p1a: Milotic|7/293\n|\n|-heal|p1a: Milotic|25/293|[from] item: Leftovers\n|upkeep\n|turn|28\n|\n|t:|1782740261\n|move|p1a: Milotic|Recover|p1a: Milotic\n|-heal|p1a: Milotic|172/293\n|move|p2a: Alcremie|Calm Mind|p2a: Alcremie\n|-boost|p2a: Alcremie|spa|1\n|-boost|p2a: Alcremie|spd|1\n|\n|-heal|p1a: Milotic|190/293|[from] item: Leftovers\n|upkeep\n|turn|29\n|\n|t:|1782740266\n|move|p1a: Milotic|Haze|p1a: Milotic\n|-clearallboost\n|move|p2a: Alcremie|Alluring Voice|p1a: Milotic\n|-damage|p1a: Milotic|103/293\n|\n|-heal|p1a: Milotic|121/293|[from] item: Leftovers\n|upkeep\n|turn|30\n|\n|t:|1782740271\n|move|p1a: Milotic|Recover|p1a: Milotic\n|-heal|p1a: Milotic|268/293\n|move|p2a: Alcremie|Calm Mind|p2a: Alcremie\n|-boost|p2a: Alcremie|spa|1\n|-boost|p2a: Alcremie|spd|1\n|\n|-heal|p1a: Milotic|286/293|[from] item: Leftovers\n|upkeep\n|turn|31\n|\n|t:|1782740275\n|move|p1a: Milotic|Haze|p1a: Milotic\n|-clearallboost\n|move|p2a: Alcremie|Alluring Voice|p1a: Milotic\n|-damage|p1a: Milotic|198/293\n|\n|-heal|p1a: Milotic|216/293|[from] item: Leftovers\n|upkeep\n|turn|32\n|\n|t:|1782740280\n|switch|p2a: Wo-Chien|Wo-Chien, L83|277/277\n|-activate|p2a: Wo-Chien|move: Sticky Web\n|-unboost|p2a: Wo-Chien|spe|1\n|-ability|p2a: Wo-Chien|Tablets of Ruin\n|move|p1a: Milotic|Ice Beam|p2a: Wo-Chien\n|-supereffective|p2a: Wo-Chien\n|-damage|p2a: Wo-Chien|183/277\n|\n|-heal|p1a: Milotic|234/293|[from] item: Leftovers\n|-heal|p2a: Wo-Chien|200/277|[from] item: Leftovers\n|upkeep\n|turn|33\n|\n|t:|1782740291\n|move|p1a: Milotic|Ice Beam|p2a: Wo-Chien\n|-supereffective|p2a: Wo-Chien\n|-damage|p2a: Wo-Chien|110/277\n|move|p2a: Wo-Chien|Ruination|p1a: Milotic\n|-damage|p1a: Milotic|117/293\n|\n|-heal|p1a: Milotic|135/293|[from] item: Leftovers\n|-heal|p2a: Wo-Chien|127/277|[from] item: Leftovers\n|upkeep\n|turn|34\n|\n|t:|1782740297\n|move|p1a: Milotic|Ice Beam|p2a: Wo-Chien\n|-supereffective|p2a: Wo-Chien\n|-damage|p2a: Wo-Chien|29/277\n|move|p2a: Wo-Chien|Leech Seed|p1a: Milotic\n|-start|p1a: Milotic|move: Leech Seed\n|\n|-heal|p1a: Milotic|153/293|[from] item: Leftovers\n|-heal|p2a: Wo-Chien|46/277|[from] item: Leftovers\n|-damage|p1a: Milotic|117/293|[from] Leech Seed|[of] p2a: Wo-Chien\n|-heal|p2a: Wo-Chien|82/277|[silent]\n|upkeep\n|turn|35\n|\n|t:|1782740305\n|switch|p1a: Baxcalibur|Baxcalibur, L75, M|295/295\n|move|p2a: Wo-Chien|Protect||[still]\n|-fail|p2a: Wo-Chien\n|\n|-heal|p2a: Wo-Chien|99/277|[from] item: Leftovers\n|upkeep\n|turn|36\n|\n|t:|1782740317\n|switch|p2a: Milotic|Milotic, L83, F|293/293\n|-activate|p2a: Milotic|move: Sticky Web\n|-unboost|p2a: Milotic|spe|1\n|-ability|p2a: Milotic|Competitive|boost\n|-boost|p2a: Milotic|spa|2\n|move|p1a: Baxcalibur|Icicle Spear|p2a: Milotic\n|-resisted|p2a: Milotic\n|-damage|p2a: Milotic|276/293\n|-resisted|p2a: Milotic\n|-damage|p2a: Milotic|259/293\n|-resisted|p2a: Milotic\n|-damage|p2a: Milotic|242/293\n|-resisted|p2a: Milotic\n|-damage|p2a: Milotic|224/293\n|-resisted|p2a: Milotic\n|-damage|p2a: Milotic|206/293\n|-hitcount|p2a: Milotic|5\n|\n|-heal|p2a: Milotic|224/293|[from] item: Leftovers\n|upkeep\n|turn|37\n|\n|t:|1782740328\n|switch|p1a: Milotic|Milotic, L83, M|117/293\n|move|p2a: Milotic|Ice Beam|p1a: Milotic\n|-resisted|p1a: Milotic\n|-damage|p1a: Milotic|66/293\n|\n|-heal|p1a: Milotic|84/293|[from] item: Leftovers\n|-heal|p2a: Milotic|242/293|[from] item: Leftovers\n|upkeep\n|turn|38\n|\n|t:|1782740339\n|move|p1a: Milotic|Haze|p1a: Milotic\n|-clearallboost\n|move|p2a: Milotic|Scald|p1a: Milotic\n|-resisted|p1a: Milotic\n|-damage|p1a: Milotic|51/293\n|\n|-heal|p1a: Milotic|69/293|[from] item: Leftovers\n|-heal|p2a: Milotic|260/293|[from] item: Leftovers\n|upkeep\n|turn|39\n|\n|t:|1782740345\n|move|p1a: Milotic|Recover|p1a: Milotic\n|-heal|p1a: Milotic|216/293\n|move|p2a: Milotic|Scald|p1a: Milotic\n|-resisted|p1a: Milotic\n|-damage|p1a: Milotic|181/293\n|-status|p1a: Milotic|brn\n|\n|-heal|p1a: Milotic|199/293 brn|[from] item: Leftovers\n|-heal|p2a: Milotic|278/293|[from] item: Leftovers\n|-damage|p1a: Milotic|181/293 brn|[from] brn\n|upkeep\n|turn|40\n|\n|t:|1782740354\n|move|p1a: Milotic|Ice Beam|p2a: Milotic\n|-resisted|p2a: Milotic\n|-damage|p2a: Milotic|255/293\n|move|p2a: Milotic|Dragon Tail|p1a: Milotic\n|-damage|p1a: Milotic|146/293 brn\n|drag|p1a: Arceus|Arceus, L68|276/276\n|\n|-heal|p2a: Milotic|273/293|[from] item: Leftovers\n|upkeep\n|turn|41\n|\n|t:|1782740363\n|move|p1a: Arceus|Swords Dance|p1a: Arceus\n|-boost|p1a: Arceus|atk|2\n|move|p2a: Milotic|Scald|p1a: Arceus\n|-damage|p1a: Arceus|195/276\n|\n|-heal|p2a: Milotic|291/293|[from] item: Leftovers\n|upkeep\n|turn|42\n|\n|t:|1782740372\n|-terastallize|p1a: Arceus|Normal\n|move|p1a: Arceus|Extreme Speed|p2a: Milotic\n|-damage|p2a: Milotic|39/293\n|-damage|p1a: Arceus|168/276|[from] item: Life Orb\n|move|p2a: Milotic|Dragon Tail|p1a: Arceus\n|-damage|p1a: Arceus|138/276\n|drag|p1a: Baxcalibur|Baxcalibur, L75, M|295/295\n|\n|-heal|p2a: Milotic|57/293|[from] item: Leftovers\n|upkeep\n|turn|43\n|\n|t:|1782740383\n|move|p2a: Milotic|Recover|p2a: Milotic\n|-heal|p2a: Milotic|204/293\n|move|p1a: Baxcalibur|Scale Shot|p2a: Milotic\n|-damage|p2a: Milotic|171/293\n|-damage|p2a: Milotic|135/293\n|-damage|p2a: Milotic|101/293\n|-damage|p2a: Milotic|64/293\n|-hitcount|p2a: Milotic|4\n|-unboost|p1a: Baxcalibur|def|1\n|-boost|p1a: Baxcalibur|spe|1\n|\n|-heal|p2a: Milotic|82/293|[from] item: Leftovers\n|upkeep\n|turn|44\n|\n|t:|1782740394\n|move|p1a: Baxcalibur|Scale Shot|p2a: Milotic\n|-damage|p2a: Milotic|48/293\n|-damage|p2a: Milotic|12/293\n|-damage|p2a: Milotic|0 fnt\n|faint|p2a: Milotic\n|-hitcount|p2: Milotic|3\n|-unboost|p1a: Baxcalibur|def|1\n|-boost|p1a: Baxcalibur|spe|1\n|\n|upkeep\n|\n|t:|1782740396\n|switch|p2a: Alcremie|Alcremie-Ruby-Cream, L90, F|263/263\n|-activate|p2a: Alcremie|move: Sticky Web\n|-unboost|p2a: Alcremie|spe|1\n|turn|45\n|\n|t:|1782740409\n|switch|p1a: Milotic|Milotic, L83, M|146/293 brn\n|move|p2a: Alcremie|Calm Mind|p2a: Alcremie\n|-boost|p2a: Alcremie|spa|1\n|-boost|p2a: Alcremie|spd|1\n|\n|-heal|p1a: Milotic|164/293 brn|[from] item: Leftovers\n|-damage|p1a: Milotic|146/293 brn|[from] brn\n|upkeep\n|turn|46\n|\n|t:|1782740413\n|move|p1a: Milotic|Haze|p1a: Milotic\n|-clearallboost\n|move|p2a: Alcremie|Alluring Voice|p1a: Milotic\n|-crit|p1a: Milotic\n|-damage|p1a: Milotic|11/293 brn\n|\n|-heal|p1a: Milotic|29/293 brn|[from] item: Leftovers\n|-damage|p1a: Milotic|11/293 brn|[from] brn\n|upkeep\n|turn|47\n|\n|t:|1782740419\n|move|p1a: Milotic|Recover|p1a: Milotic\n|-heal|p1a: Milotic|158/293 brn\n|move|p2a: Alcremie|Calm Mind|p2a: Alcremie\n|-boost|p2a: Alcremie|spa|1\n|-boost|p2a: Alcremie|spd|1\n|\n|-heal|p1a: Milotic|176/293 brn|[from] item: Leftovers\n|-damage|p1a: Milotic|158/293 brn|[from] brn\n|upkeep\n|turn|48\n|\n|t:|1782740424\n|move|p1a: Milotic|Haze|p1a: Milotic\n|-clearallboost\n|move|p2a: Alcremie|Alluring Voice|p1a: Milotic\n|-damage|p1a: Milotic|79/293 brn\n|\n|-heal|p1a: Milotic|97/293 brn|[from] item: Leftovers\n|-damage|p1a: Milotic|79/293 brn|[from] brn\n|upkeep\n|turn|49\n|\n|t:|1782740429\n|move|p1a: Milotic|Recover|p1a: Milotic\n|-heal|p1a: Milotic|226/293 brn\n|move|p2a: Alcremie|Alluring Voice|p1a: Milotic\n|-damage|p1a: Milotic|141/293 brn\n|\n|-heal|p1a: Milotic|159/293 brn|[from] item: Leftovers\n|-damage|p1a: Milotic|141/293 brn|[from] brn\n|upkeep\n|turn|50\n|\n|t:|1782740434\n|move|p1a: Milotic|Recover|p1a: Milotic\n|-heal|p1a: Milotic|288/293 brn\n|move|p2a: Alcremie|Calm Mind|p2a: Alcremie\n|-boost|p2a: Alcremie|spa|1\n|-boost|p2a: Alcremie|spd|1\n|\n|-heal|p1a: Milotic|293/293 brn|[from] item: Leftovers\n|-damage|p1a: Milotic|275/293 brn|[from] brn\n|upkeep\n|turn|51\n|\n|t:|1782740438\n|move|p1a: Milotic|Haze|p1a: Milotic\n|-clearallboost\n|move|p2a: Alcremie|Psyshock|p1a: Milotic\n|-damage|p1a: Milotic|194/293 brn\n|\n|-heal|p1a: Milotic|212/293 brn|[from] item: Leftovers\n|-damage|p1a: Milotic|194/293 brn|[from] brn\n|upkeep\n|turn|52\n|\n|t:|1782740445\n|move|p1a: Milotic|Ice Beam|p2a: Alcremie\n|-damage|p2a: Alcremie|212/263\n|move|p2a: Alcremie|Psyshock|p1a: Milotic\n|-damage|p1a: Milotic|111/293 brn\n|\n|-heal|p1a: Milotic|129/293 brn|[from] item: Leftovers\n|-damage|p1a: Milotic|111/293 brn|[from] brn\n|upkeep\n|turn|53\n|\n|t:|1782740454\n|switch|p2a: Wo-Chien|Wo-Chien, L83|99/277\n|-activate|p2a: Wo-Chien|move: Sticky Web\n|-unboost|p2a: Wo-Chien|spe|1\n|-ability|p2a: Wo-Chien|Tablets of Ruin\n|move|p1a: Milotic|Ice Beam|p2a: Wo-Chien\n|-supereffective|p2a: Wo-Chien\n|-damage|p2a: Wo-Chien|13/277\n|-status|p2a: Wo-Chien|frz\n|\n|-heal|p1a: Milotic|129/293 brn|[from] item: Leftovers\n|-heal|p2a: Wo-Chien|30/277 frz|[from] item: Leftovers\n|-damage|p1a: Milotic|111/293 brn|[from] brn\n|upkeep\n|turn|54\n|\n|t:|1782740462\n|cant|p2a: Wo-Chien|frz\n|move|p1a: Milotic|Ice Beam|p2a: Wo-Chien\n|-supereffective|p2a: Wo-Chien\n|-damage|p2a: Wo-Chien|0 fnt\n|faint|p2a: Wo-Chien\n|\n|-heal|p1a: Milotic|129/293 brn|[from] item: Leftovers\n|-damage|p1a: Milotic|111/293 brn|[from] brn\n|upkeep\n|\n|t:|1782740466\n|switch|p2a: Alcremie|Alcremie-Ruby-Cream, L90, F|212/263\n|-activate|p2a: Alcremie|move: Sticky Web\n|-unboost|p2a: Alcremie|spe|1\n|turn|55\n|\n|t:|1782740471\n|move|p1a: Milotic|Ice Beam|p2a: Alcremie\n|-damage|p2a: Alcremie|160/263\n|move|p2a: Alcremie|Calm Mind|p2a: Alcremie\n|-boost|p2a: Alcremie|spa|1\n|-boost|p2a: Alcremie|spd|1\n|\n|-heal|p1a: Milotic|129/293 brn|[from] item: Leftovers\n|-damage|p1a: Milotic|111/293 brn|[from] brn\n|upkeep\n|turn|56\n|\n|t:|1782740476\n|move|p1a: Milotic|Haze|p1a: Milotic\n|-clearallboost\n|move|p2a: Alcremie|Recover|p2a: Alcremie\n|-heal|p2a: Alcremie|263/263\n|\n|-heal|p1a: Milotic|129/293 brn|[from] item: Leftovers\n|-damage|p1a: Milotic|111/293 brn|[from] brn\n|upkeep\n|turn|57\n|\n|t:|1782740483\n|move|p1a: Milotic|Ice Beam|p2a: Alcremie\n|-damage|p2a: Alcremie|216/263\n|move|p2a: Alcremie|Calm Mind|p2a: Alcremie\n|-boost|p2a: Alcremie|spa|1\n|-boost|p2a: Alcremie|spd|1\n|\n|-heal|p1a: Milotic|129/293 brn|[from] item: Leftovers\n|-damage|p1a: Milotic|111/293 brn|[from] brn\n|upkeep\n|turn|58\n|\n|t:|1782740489\n|move|p1a: Milotic|Haze|p1a: Milotic\n|-clearallboost\n|move|p2a: Alcremie|Alluring Voice|p1a: Milotic\n|-damage|p1a: Milotic|29/293 brn\n|\n|-heal|p1a: Milotic|47/293 brn|[from] item: Leftovers\n|-damage|p1a: Milotic|29/293 brn|[from] brn\n|upkeep\n|turn|59\n|\n|t:|1782740494\n|move|p1a: Milotic|Recover|p1a: Milotic\n|-heal|p1a: Milotic|176/293 brn\n|move|p2a: Alcremie|Calm Mind|p2a: Alcremie\n|-boost|p2a: Alcremie|spa|1\n|-boost|p2a: Alcremie|spd|1\n|\n|-heal|p1a: Milotic|194/293 brn|[from] item: Leftovers\n|-damage|p1a: Milotic|176/293 brn|[from] brn\n|upkeep\n|turn|60\n|\n|t:|1782740506\n|move|p1a: Milotic|Haze|p1a: Milotic\n|-clearallboost\n|move|p2a: Alcremie|Alluring Voice|p1a: Milotic\n|-damage|p1a: Milotic|88/293 brn\n|\n|-heal|p1a: Milotic|106/293 brn|[from] item: Leftovers\n|-damage|p1a: Milotic|88/293 brn|[from] brn\n|upkeep\n|turn|61\n|inactive|The great gazoo has 120 seconds left.\n|\n|t:|1782740538\n|move|p1a: Milotic|Recover|p1a: Milotic\n|-heal|p1a: Milotic|235/293 brn\n|move|p2a: Alcremie|Alluring Voice|p1a: Milotic\n|-damage|p1a: Milotic|147/293 brn\n|\n|-heal|p1a: Milotic|165/293 brn|[from] item: Leftovers\n|-damage|p1a: Milotic|147/293 brn|[from] brn\n|upkeep\n|turn|62\n|\n|t:|1782740544\n|move|p1a: Milotic|Ice Beam|p2a: Alcremie\n|-damage|p2a: Alcremie|167/263\n|move|p2a: Alcremie|Calm Mind|p2a: Alcremie\n|-boost|p2a: Alcremie|spa|1\n|-boost|p2a: Alcremie|spd|1\n|\n|-heal|p1a: Milotic|165/293 brn|[from] item: Leftovers\n|-damage|p1a: Milotic|147/293 brn|[from] brn\n|upkeep\n|turn|63\n|\n|t:|1782740548\n|move|p1a: Milotic|Haze|p1a: Milotic\n|-clearallboost\n|move|p2a: Alcremie|Alluring Voice|p1a: Milotic\n|-damage|p1a: Milotic|56/293 brn\n|\n|-heal|p1a: Milotic|74/293 brn|[from] item: Leftovers\n|-damage|p1a: Milotic|56/293 brn|[from] brn\n|upkeep\n|turn|64\n|\n|t:|1782740555\n|move|p1a: Milotic|Ice Beam|p2a: Alcremie\n|-damage|p2a: Alcremie|119/263\n|move|p2a: Alcremie|Recover|p2a: Alcremie\n|-heal|p2a: Alcremie|251/263\n|\n|-heal|p1a: Milotic|74/293 brn|[from] item: Leftovers\n|-damage|p1a: Milotic|56/293 brn|[from] brn\n|upkeep\n|turn|65\n|\n|t:|1782740562\n|move|p1a: Milotic|Ice Beam|p2a: Alcremie\n|-damage|p2a: Alcremie|204/263\n|move|p2a: Alcremie|Psyshock|p1a: Milotic\n|-damage|p1a: Milotic|0 fnt\n|faint|p1a: Milotic\n|\n|upkeep\n|\n|t:|1782740576\n|switch|p1a: Baxcalibur|Baxcalibur, L75, M|295/295\n|turn|66\n|\n|t:|1782740580\n|move|p1a: Baxcalibur|Icicle Spear|p2a: Alcremie\n|-damage|p2a: Alcremie|174/263\n|-damage|p2a: Alcremie|144/263\n|-damage|p2a: Alcremie|114/263\n|-damage|p2a: Alcremie|84/263\n|-damage|p2a: Alcremie|50/263\n|-hitcount|p2a: Alcremie|5\n|move|p2a: Alcremie|Calm Mind|p2a: Alcremie\n|-boost|p2a: Alcremie|spa|1\n|-boost|p2a: Alcremie|spd|1\n|\n|upkeep\n|turn|67\n|\n|t:|1782740588\n|-terastallize|p2a: Alcremie|Steel\n|move|p1a: Baxcalibur|Icicle Spear|p2a: Alcremie\n|-resisted|p2a: Alcremie\n|-damage|p2a: Alcremie|35/263\n|-resisted|p2a: Alcremie\n|-damage|p2a: Alcremie|18/263\n|-resisted|p2a: Alcremie\n|-damage|p2a: Alcremie|1/263\n|-resisted|p2a: Alcremie\n|-damage|p2a: Alcremie|0 fnt\n|faint|p2a: Alcremie\n|-hitcount|p2: Alcremie|4\n|\n|upkeep\n|c|\u2606mommower|omg misclick\n|c|\u2606mommower|fawwwj\n|\n|t:|1782740595\n|switch|p2a: Palkia|Palkia-Origin, L72|249/249\n|-activate|p2a: Palkia|move: Sticky Web\n|-unboost|p2a: Palkia|spe|1\n|-ability|p2a: Palkia|Pressure\n|turn|68\n|\n|t:|1782740602\n|move|p1a: Baxcalibur|Scale Shot|p2a: Palkia\n|-supereffective|p2a: Palkia\n|-damage|p2a: Palkia|187/249\n|-supereffective|p2a: Palkia\n|-damage|p2a: Palkia|121/249\n|-supereffective|p2a: Palkia\n|-damage|p2a: Palkia|53/249\n|-supereffective|p2a: Palkia\n|-damage|p2a: Palkia|0 fnt\n|faint|p2a: Palkia\n|-hitcount|p2: Palkia|4\n|\n|win|The great gazoo\n", "inputlog": ">version f8ac14003a5f27e1bdc8d8c59608a773c1cb96e5\n>start {\"formatid\":\"gen9randombattle\",\"seed\":\"sodium,5fc0621c308a17576a3feb26e6aac001\",\"rated\":\"Rated battle\"}\n>player p1 {\"name\":\"The great gazoo\",\"avatar\":\"169\",\"rating\":2036,\"seed\":\"sodium,514bd572cd1491d1ccc937d38524b4e7\"}\n>player p2 {\"name\":\"mommower\",\"avatar\":\"flannery\",\"rating\":2036,\"seed\":\"sodium,fe186568fe8b673e886380a26e42aba9\"}\n>chat \u2606mommower|please bigbro unselect webs\n>p1 move voltswitch\n>p2 move calmmind\n>chat \u2606mommower|thank you\n>p1 switch 3\n>p1 move calmmind\n>p2 move calmmind\n>p1 move calmmind\n>p2 move calmmind\n>p1 move calmmind\n>p2 move calmmind\n>p1 move calmmind\n>p2 move calmmind\n>p1 move calmmind\n>p2 move calmmind\n>p1 move terastarstorm\n>p2 move psyshock\n>p1 move terastarstorm\n>p2 move psyshock\n>p1 switch 2\n>p1 move haze\n>p2 move psyshock\n>p1 move icebeam\n>p2 move recover\n>p1 switch 3\n>p2 switch 2\n>p1 move stickyweb\n>p2 move icepunch\n>p1 move thunder\n>p2 move closecombat\n>p1 move thunder\n>p2 move icepunch\n>p2 switch 2\n>p1 move thunder\n>p2 move calmmind\n>p1 move voltswitch\n>p2 move alluringvoice\n>p1 switch 3\n>p1 move haze\n>p2 move psyshock\n>p1 switch 4\n>p2 move calmmind\n>p1 move swordsdance\n>p2 switch 3\n>p1 switch 3\n>p2 move willowisp\n>chat \u2606The great gazoo|I have nothing to do against your whole team \n>p1 move thunder\n>p2 move drainingkiss\n>chat \u2606mommower|i like the sound of that\n>p1 switch 6\n>p1 move knockoff\n>p2 move drainingkiss\n>p1 move knockoff\n>p2 move drainingkiss\n>p1 move knockoff\n>p2 move drainingkiss\n>p2 switch 3\n>p1 move knockoff\n>p2 move calmmind\n>p1 switch 4\n>p2 move recover\n>p1 move haze\n>p2 move alluringvoice\n>p1 move recover\n>p2 move calmmind\n>p1 move haze\n>p2 move alluringvoice\n>p1 move recover\n>p2 move calmmind\n>p1 move haze\n>p2 move alluringvoice\n>p1 move icebeam\n>p2 switch 5\n>p1 move icebeam\n>p2 move ruination\n>p1 move icebeam\n>p2 move leechseed\n>p1 switch 5\n>p2 move protect\n>p1 move iciclespear\n>p2 switch 6\n>p1 switch 5\n>p2 move icebeam\n>p1 move haze\n>p2 move scald\n>p1 move recover\n>p2 move scald\n>p1 move icebeam\n>p2 move dragontail\n>p1 move swordsdance\n>p2 move scald\n>p1 move extremespeed terastallize\n>p2 move dragontail\n>p1 move scaleshot\n>p2 move recover\n>p1 move scaleshot\n>p2 move dragontail\n>p2 switch 5\n>p1 switch 3\n>p2 move calmmind\n>p1 move haze\n>p2 move alluringvoice\n>p1 move recover\n>p2 move calmmind\n>p1 move haze\n>p2 move alluringvoice\n>p1 move recover\n>p2 move alluringvoice\n>p1 move recover\n>p2 move calmmind\n>p1 move haze\n>p2 move psyshock\n>p1 move icebeam\n>p2 move psyshock\n>p1 move icebeam\n>p2 switch 6\n>p1 move icebeam\n>p2 move protect\n>p2 switch 6\n>p1 move icebeam\n>p2 move calmmind\n>p1 move haze\n>p2 move recover\n>p1 move icebeam\n>p2 move calmmind\n>p1 move haze\n>p2 move alluringvoice\n>p1 move recover\n>p2 move calmmind\n>p1 move haze\n>p2 move alluringvoice\n>p1 move recover\n>p2 move alluringvoice\n>p1 move icebeam\n>p2 move calmmind\n>p1 move haze\n>p2 move alluringvoice\n>p1 move icebeam\n>p2 move recover\n>p1 move icebeam\n>p2 move psyshock\n>p1 switch 3\n>p1 move iciclespear\n>p2 move calmmind\n>p1 move iciclespear\n>p2 move recover terastallize\n>chat \u2606mommower|omg misclick\n>chat \u2606mommower|fawwwj\n>p2 switch 4\n>p1 move scaleshot\n>p2 move dracometeor", "uploadtime": 1782739910, "views": 7, "formatid": "gen9randombattle", "rating": null, "private": 0, "password": null, "player_dets": [{"name": "The great gazoo", "avatar": "169", "rating": 2036, "seed": "sodium,514bd572cd1491d1ccc937d38524b4e7"}, {"name": "mommower", "avatar": "flannery", "rating": 2036, "seed": "sodium,fe186568fe8b673e886380a26e42aba9"}], "teams_full": [{"Galvantula": {"name": "Galvantula", "species": "Galvantula", "speciesId": "galvantula", "gender": "M", "shiny": false, "level": 82, "moves": ["thunder", "voltswitch", "stickyweb", "bugbuzz"], "ability": "Compound Eyes", "evs": {"hp": 85, "atk": 0, "def": 85, "spa": 85, "spd": 85, "spe": 85}, "ivs": {"hp": 31, "atk": 0, "def": 31, "spa": 31, "spd": 31, "spe": 31}, "item": "Focus Sash", "teraType": "Electric", "role": "Fast Support", "bvs": {"hp": 70, "atk": 77, "def": 60, "spa": 97, "spd": 60, "spe": 108}, "stats": {"hp": 249, "atk": 131, "def": 146, "spa": 206, "spd": 146, "spe": 224}, "types": ["Bug", "Electric"]}, "Milotic": {"name": "Milotic", "species": "Milotic", "speciesId": "milotic", "gender": "M", "shiny": false, "level": 83, "moves": ["recover", "scald", "haze", "icebeam"], "ability": "Competitive", "evs": {"hp": 85, "atk": 0, "def": 85, "spa": 85, "spd": 85, "spe": 85}, "ivs": {"hp": 31, "atk": 0, "def": 31, "spa": 31, "spd": 31, "spe": 31}, "item": "Leftovers", "teraType": "Steel", "role": "Bulky Attacker", "bvs": {"hp": 95, "atk": 60, "def": 79, "spa": 100, "spd": 125, "spe": 81}, "stats": {"hp": 293, "atk": 104, "def": 179, "spa": 214, "spd": 255, "spe": 182}, "types": ["Water"]}, "Terapagos": {"name": "Terapagos", "species": "Terapagos", "speciesId": "terapagos", "gender": "M", "shiny": false, "level": 77, "moves": ["terastarstorm", "calmmind", "rapidspin", "darkpulse"], "ability": "Tera Shift", "evs": {"hp": 85, "atk": 85, "def": 85, "spa": 85, "spd": 85, "spe": 85}, "ivs": {"hp": 31, "atk": 31, "def": 31, "spa": 31, "spd": 31, "spe": 31}, "item": "Heavy-Duty Boots", "teraType": "Stellar", "role": "Setup Sweeper", "bvs": {"hp": 90, "atk": 65, "def": 85, "spa": 65, "spd": 85, "spe": 60}, "stats": {"hp": 265, "atk": 145, "def": 175, "spa": 145, "spd": 175, "spe": 137}, "types": ["Normal"]}, "Arceus": {"name": "Arceus", "species": "Arceus", "speciesId": "arceus", "gender": "N", "shiny": false, "level": 68, "moves": ["earthquake", "extremespeed", "swordsdance", "recover"], "ability": "Multitype", "evs": {"hp": 85, "atk": 85, "def": 85, "spa": 85, "spd": 85, "spe": 85}, "ivs": {"hp": 31, "atk": 31, "def": 31, "spa": 31, "spd": 31, "spe": 31}, "item": "Life Orb", "teraType": "Normal", "role": "Setup Sweeper", "bvs": {"hp": 120, "atk": 120, "def": 120, "spa": 120, "spd": 120, "spe": 120}, "stats": {"hp": 276, "atk": 203, "def": 203, "spa": 203, "spd": 203, "spe": 203}, "types": ["Normal"]}, "Baxcalibur": {"name": "Baxcalibur", "species": "Baxcalibur", "speciesId": "baxcalibur", "gender": "M", "shiny": false, "level": 75, "moves": ["iciclespear", "swordsdance", "scaleshot", "earthquake"], "ability": "Thermal Exchange", "evs": {"hp": 81, "atk": 85, "def": 85, "spa": 85, "spd": 85, "spe": 85}, "ivs": {"hp": 31, "atk": 31, "def": 31, "spa": 31, "spd": 31, "spe": 31}, "item": "Loaded Dice", "teraType": "Dragon", "role": "Bulky Setup", "bvs": {"hp": 115, "atk": 145, "def": 92, "spa": 75, "spd": 86, "spe": 87}, "stats": {"hp": 295, "atk": 261, "def": 182, "spa": 156, "spd": 173, "spe": 174}, "types": ["Dragon", "Ice"]}, "Heracross": {"name": "Heracross", "species": "Heracross", "speciesId": "heracross", "gender": "F", "shiny": false, "level": 80, "moves": ["knockoff", "closecombat", "earthquake", "megahorn"], "ability": "Moxie", "evs": {"hp": 85, "atk": 85, "def": 85, "spa": 85, "spd": 85, "spe": 85}, "ivs": {"hp": 31, "atk": 31, "def": 31, "spa": 31, "spd": 31, "spe": 31}, "item": "Choice Scarf", "teraType": "Fighting", "role": "Fast Attacker", "bvs": {"hp": 80, "atk": 125, "def": 75, "spa": 40, "spd": 95, "spe": 85}, "stats": {"hp": 259, "atk": 246, "def": 166, "spa": 110, "spd": 198, "spe": 182}, "types": ["Bug", "Fighting"]}}, {"Alcremie": {"name": "Alcremie", "species": "Alcremie-Ruby-Cream", "speciesId": "alcremie", "gender": "F", "shiny": false, "level": 90, "moves": ["calmmind", "alluringvoice", "psyshock", "recover"], "ability": "Aroma Veil", "evs": {"hp": 85, "atk": 0, "def": 85, "spa": 85, "spd": 85, "spe": 85}, "ivs": {"hp": 31, "atk": 0, "def": 31, "spa": 31, "spd": 31, "spe": 31}, "item": "Leftovers", "teraType": "Steel", "role": "Bulky Setup", "bvs": {"hp": 65, "atk": 60, "def": 75, "spa": 110, "spd": 121, "spe": 64}, "stats": {"hp": 263, "atk": 113, "def": 186, "spa": 249, "spd": 269, "spe": 167}, "types": ["Fairy"]}, "Pawmot": {"name": "Pawmot", "species": "Pawmot", "speciesId": "pawmot", "gender": "F", "shiny": false, "level": 80, "moves": ["doubleshock", "closecombat", "revivalblessing", "icepunch"], "ability": "Iron Fist", "evs": {"hp": 85, "atk": 85, "def": 85, "spa": 85, "spd": 85, "spe": 85}, "ivs": {"hp": 31, "atk": 31, "def": 31, "spa": 31, "spd": 31, "spe": 31}, "item": "Life Orb", "teraType": "Electric", "role": "Wallbreaker", "bvs": {"hp": 70, "atk": 115, "def": 70, "spa": 70, "spd": 60, "spe": 105}, "stats": {"hp": 243, "atk": 230, "def": 158, "spa": 158, "spd": 142, "spe": 214}, "types": ["Electric", "Fighting"]}, "Misdreavus": {"name": "Misdreavus", "species": "Misdreavus", "speciesId": "misdreavus", "gender": "F", "shiny": false, "level": 90, "moves": ["drainingkiss", "shadowball", "willowisp", "calmmind"], "ability": "Levitate", "evs": {"hp": 85, "atk": 0, "def": 85, "spa": 85, "spd": 85, "spe": 85}, "ivs": {"hp": 31, "atk": 0, "def": 31, "spa": 31, "spd": 31, "spe": 31}, "item": "Eviolite", "teraType": "Fairy", "role": "Bulky Setup", "bvs": {"hp": 60, "atk": 60, "def": 60, "spa": 85, "spd": 85, "spe": 85}, "stats": {"hp": 254, "atk": 113, "def": 159, "spa": 204, "spd": 204, "spe": 204}, "types": ["Ghost"]}, "Palkia": {"name": "Palkia", "species": "Palkia-Origin", "speciesId": "palkiaorigin", "gender": "N", "shiny": false, "level": 72, "moves": ["fireblast", "dracometeor", "thunderwave", "hydropump"], "ability": "Pressure", "evs": {"hp": 85, "atk": 0, "def": 85, "spa": 85, "spd": 85, "spe": 85}, "ivs": {"hp": 31, "atk": 0, "def": 31, "spa": 31, "spd": 31, "spe": 31}, "item": "Lustrous Globe", "teraType": "Water", "role": "Bulky Attacker", "bvs": {"hp": 90, "atk": 100, "def": 100, "spa": 150, "spd": 120, "spe": 120}, "stats": {"hp": 249, "atk": 149, "def": 186, "spa": 258, "spd": 215, "spe": 215}, "types": ["Water", "Dragon"]}, "Wo-Chien": {"name": "Wo-Chien", "species": "Wo-Chien", "speciesId": "wochien", "gender": "N", "shiny": false, "level": 83, "moves": ["leechseed", "knockoff", "ruination", "protect"], "ability": "Tablets of Ruin", "evs": {"hp": 85, "atk": 85, "def": 85, "spa": 85, "spd": 85, "spe": 85}, "ivs": {"hp": 31, "atk": 31, "def": 31, "spa": 31, "spd": 31, "spe": 31}, "item": "Leftovers", "teraType": "Poison", "role": "Bulky Support", "bvs": {"hp": 85, "atk": 85, "def": 100, "spa": 95, "spd": 135, "spe": 70}, "stats": {"hp": 277, "atk": 189, "def": 214, "spa": 205, "spd": 272, "spe": 164}, "types": ["Dark", "Grass"]}, "Milotic": {"name": "Milotic", "species": "Milotic", "speciesId": "milotic", "gender": "F", "shiny": false, "level": 83, "moves": ["dragontail", "recover", "icebeam", "scald"], "ability": "Competitive", "evs": {"hp": 85, "atk": 85, "def": 85, "spa": 85, "spd": 85, "spe": 85}, "ivs": {"hp": 31, "atk": 31, "def": 31, "spa": 31, "spd": 31, "spe": 31}, "item": "Leftovers", "teraType": "Dragon", "role": "Bulky Attacker", "bvs": {"hp": 95, "atk": 60, "def": 79, "spa": 100, "spd": 125, "spe": 81}, "stats": {"hp": 293, "atk": 147, "def": 179, "spa": 214, "spd": 255, "spe": 182}, "types": ["Water"]}}]}