{"id": "gen9randombattle-2641426363", "format": "[Gen 9] Random Battle", "players": ["Jrclive", "Hallagbah"], "log": "|j|\u2606Jrclive\n|j|\u2606Hallagbah\n|t:|1782783009\n|gametype|singles\n|player|p1|Jrclive|101|\n|player|p2|Hallagbah|riley|\n|gen|9\n|tier|[Gen 9] Random Battle\n|rule|Species Clause: Limit one of each Pok\u00e9mon\n|rule|HP Percentage Mod: HP is shown in percentages\n|rule|Sleep Clause Mod: Limit one foe put to sleep\n|rule|Illusion Level Mod: Illusion disguises the Pok\u00e9mon's true level\n|\n|t:|1782783009\n|teamsize|p1|6\n|teamsize|p2|6\n|start\n|switch|p1a: Drednaw|Drednaw, L81, M|278/278\n|switch|p2a: Porygon-Z|Porygon-Z, L83|277/277\n|turn|1\n|inactive|Battle timer is ON: inactive players will automatically lose when time's up. (requested by Hallagbah)\n|inactive|Hallagbah has 270 seconds left.\n|inactive|Jrclive has 270 seconds left.\n|\n|t:|1782783064\n|move|p2a: Porygon-Z|Nasty Plot|p2a: Porygon-Z\n|-boost|p2a: Porygon-Z|spa|2\n|move|p1a: Drednaw|Stone Edge|p2a: Porygon-Z|[miss]\n|-miss|p1a: Drednaw|p2a: Porygon-Z\n|\n|upkeep\n|turn|2\n|\n|t:|1782783075\n|move|p2a: Porygon-Z|Thunderbolt|p1a: Drednaw\n|-supereffective|p1a: Drednaw\n|-damage|p1a: Drednaw|0 fnt\n|faint|p1a: Drednaw\n|-damage|p2a: Porygon-Z|250/277|[from] item: Life Orb\n|\n|upkeep\n|\n|t:|1782783083\n|switch|p1a: Sandaconda|Sandaconda, L84, F|258/258\n|turn|3\n|\n|t:|1782783089\n|move|p2a: Porygon-Z|Ice Beam|p1a: Sandaconda\n|-supereffective|p1a: Sandaconda\n|-damage|p1a: Sandaconda|0 fnt\n|faint|p1a: Sandaconda\n|-damage|p2a: Porygon-Z|223/277|[from] item: Life Orb\n|\n|upkeep\n|\n|t:|1782783098\n|switch|p1a: Metagross|Metagross, L79|256/256\n|turn|4\n|\n|t:|1782783111\n|move|p2a: Porygon-Z|Thunderbolt|p1a: Metagross\n|-damage|p1a: Metagross|25/256\n|-damage|p2a: Porygon-Z|196/277|[from] item: Life Orb\n|move|p1a: Metagross|Heavy Slam|p2a: Porygon-Z\n|-damage|p2a: Porygon-Z|9/277\n|\n|upkeep\n|turn|5\n|\n|t:|1782783127\n|move|p2a: Porygon-Z|Thunderbolt|p1a: Metagross\n|-damage|p1a: Metagross|0 fnt\n|faint|p1a: Metagross\n|-damage|p2a: Porygon-Z|0 fnt|[from] item: Life Orb\n|faint|p2a: Porygon-Z\n|\n|upkeep\n|\n|t:|1782783138\n|switch|p2a: Arcanine|Arcanine, L84, M|288/288\n|switch|p1a: Mightyena|Mightyena, L96, M|290/290\n|-ability|p2a: Arcanine|Intimidate|boost\n|-unboost|p1a: Mightyena|atk|1\n|-ability|p1a: Mightyena|Intimidate|boost\n|-unboost|p2a: Arcanine|atk|1\n|turn|6\n|\n|t:|1782783154\n|move|p2a: Arcanine|Close Combat|p1a: Mightyena\n|-supereffective|p1a: Mightyena\n|-damage|p1a: Mightyena|158/290\n|-unboost|p2a: Arcanine|def|1\n|-unboost|p2a: Arcanine|spd|1\n|move|p1a: Mightyena|Super Fang|p2a: Arcanine\n|-damage|p2a: Arcanine|144/288\n|\n|upkeep\n|turn|7\n|\n|t:|1782783166\n|move|p2a: Arcanine|Close Combat|p1a: Mightyena\n|-supereffective|p1a: Mightyena\n|-damage|p1a: Mightyena|38/290\n|-unboost|p2a: Arcanine|def|1\n|-unboost|p2a: Arcanine|spd|1\n|move|p1a: Mightyena|Crunch|p2a: Arcanine\n|-damage|p2a: Arcanine|0 fnt\n|faint|p2a: Arcanine\n|\n|upkeep\n|inactive|Hallagbah has 270 seconds left.\n|\n|t:|1782783196\n|switch|p2a: Toxapex|Toxapex, L82, F|216/216\n|turn|8\n|inactive|Hallagbah has 270 seconds left.\n|\n|t:|1782783211\n|move|p1a: Mightyena|Super Fang|p2a: Toxapex\n|-damage|p2a: Toxapex|108/216\n|move|p2a: Toxapex|Liquidation|p1a: Mightyena\n|-damage|p1a: Mightyena|0 fnt\n|faint|p1a: Mightyena\n|\n|-heal|p2a: Toxapex|121/216|[from] item: Leftovers\n|upkeep\n|inactive|Jrclive has 270 seconds left.\n|\n|t:|1782783230\n|switch|p1a: Pecharunt|Pecharunt, L77|262/262\n|turn|9\n|\n|t:|1782783245\n|move|p1a: Pecharunt|Shadow Ball|p2a: Toxapex\n|-damage|p2a: Toxapex|73/216\n|move|p2a: Toxapex|Liquidation|p1a: Pecharunt\n|-damage|p1a: Pecharunt|219/262\n|\n|-heal|p1a: Pecharunt|235/262|[from] item: Leftovers\n|-heal|p2a: Toxapex|86/216|[from] item: Leftovers\n|upkeep\n|turn|10\n|\n|t:|1782783256\n|move|p1a: Pecharunt|Nasty Plot|p1a: Pecharunt\n|-boost|p1a: Pecharunt|spa|2\n|move|p2a: Toxapex|Recover|p2a: Toxapex\n|-heal|p2a: Toxapex|194/216\n|\n|-heal|p1a: Pecharunt|251/262|[from] item: Leftovers\n|-heal|p2a: Toxapex|207/216|[from] item: Leftovers\n|upkeep\n|turn|11\n|\n|t:|1782783267\n|move|p1a: Pecharunt|Shadow Ball|p2a: Toxapex\n|-damage|p2a: Toxapex|117/216\n|-unboost|p2a: Toxapex|spd|1\n|move|p2a: Toxapex|Haze|p2a: Toxapex\n|-clearallboost\n|\n|-heal|p1a: Pecharunt|262/262|[from] item: Leftovers\n|-heal|p2a: Toxapex|130/216|[from] item: Leftovers\n|upkeep\n|turn|12\n|\n|t:|1782783279\n|move|p1a: Pecharunt|Shadow Ball|p2a: Toxapex\n|-damage|p2a: Toxapex|84/216\n|move|p2a: Toxapex|Liquidation|p1a: Pecharunt\n|-damage|p1a: Pecharunt|223/262\n|\n|-heal|p1a: Pecharunt|239/262|[from] item: Leftovers\n|-heal|p2a: Toxapex|97/216|[from] item: Leftovers\n|upkeep\n|turn|13\n|\n|t:|1782783291\n|move|p1a: Pecharunt|Nasty Plot|p1a: Pecharunt\n|-boost|p1a: Pecharunt|spa|2\n|move|p2a: Toxapex|Recover|p2a: Toxapex\n|-heal|p2a: Toxapex|205/216\n|\n|-heal|p1a: Pecharunt|255/262|[from] item: Leftovers\n|-heal|p2a: Toxapex|216/216|[from] item: Leftovers\n|upkeep\n|turn|14\n|\n|t:|1782783300\n|move|p1a: Pecharunt|Shadow Ball|p2a: Toxapex\n|-damage|p2a: Toxapex|120/216\n|-unboost|p2a: Toxapex|spd|1\n|move|p2a: Toxapex|Haze|p2a: Toxapex\n|-clearallboost\n|\n|-heal|p1a: Pecharunt|262/262|[from] item: Leftovers\n|-heal|p2a: Toxapex|133/216|[from] item: Leftovers\n|upkeep\n|turn|15\n|c|\u2606Hallagbah|HA\n|\n|t:|1782783319\n|move|p1a: Pecharunt|Shadow Ball|p2a: Toxapex\n|-damage|p2a: Toxapex|82/216\n|move|p2a: Toxapex|Liquidation|p1a: Pecharunt\n|-damage|p1a: Pecharunt|216/262\n|\n|-heal|p1a: Pecharunt|232/262|[from] item: Leftovers\n|-heal|p2a: Toxapex|95/216|[from] item: Leftovers\n|upkeep\n|turn|16\n|\n|t:|1782783329\n|move|p1a: Pecharunt|Nasty Plot|p1a: Pecharunt\n|-boost|p1a: Pecharunt|spa|2\n|move|p2a: Toxapex|Recover|p2a: Toxapex\n|-heal|p2a: Toxapex|203/216\n|\n|-heal|p1a: Pecharunt|248/262|[from] item: Leftovers\n|-heal|p2a: Toxapex|216/216|[from] item: Leftovers\n|upkeep\n|turn|17\n|\n|t:|1782783340\n|move|p1a: Pecharunt|Nasty Plot|p1a: Pecharunt\n|-boost|p1a: Pecharunt|spa|2\n|move|p2a: Toxapex|Haze|p2a: Toxapex\n|-clearallboost\n|\n|-heal|p1a: Pecharunt|262/262|[from] item: Leftovers\n|upkeep\n|turn|18\n|\n|t:|1782783350\n|move|p1a: Pecharunt|Nasty Plot|p1a: Pecharunt\n|-boost|p1a: Pecharunt|spa|2\n|move|p2a: Toxapex|Liquidation|p1a: Pecharunt\n|-damage|p1a: Pecharunt|223/262\n|\n|-heal|p1a: Pecharunt|239/262|[from] item: Leftovers\n|upkeep\n|turn|19\n|\n|t:|1782783365\n|move|p1a: Pecharunt|Shadow Ball|p2a: Toxapex\n|-damage|p2a: Toxapex|123/216\n|move|p2a: Toxapex|Haze|p2a: Toxapex\n|-clearallboost\n|\n|-heal|p1a: Pecharunt|255/262|[from] item: Leftovers\n|-heal|p2a: Toxapex|136/216|[from] item: Leftovers\n|upkeep\n|turn|20\n|\n|t:|1782783376\n|move|p1a: Pecharunt|Shadow Ball|p2a: Toxapex\n|-damage|p2a: Toxapex|91/216\n|move|p2a: Toxapex|Liquidation|p1a: Pecharunt\n|-damage|p1a: Pecharunt|215/262\n|\n|-heal|p1a: Pecharunt|231/262|[from] item: Leftovers\n|-heal|p2a: Toxapex|104/216|[from] item: Leftovers\n|upkeep\n|turn|21\n|\n|t:|1782783385\n|move|p1a: Pecharunt|Nasty Plot|p1a: Pecharunt\n|-boost|p1a: Pecharunt|spa|2\n|move|p2a: Toxapex|Recover|p2a: Toxapex\n|-heal|p2a: Toxapex|212/216\n|\n|-heal|p1a: Pecharunt|247/262|[from] item: Leftovers\n|-heal|p2a: Toxapex|216/216|[from] item: Leftovers\n|upkeep\n|turn|22\n|\n|t:|1782783395\n|move|p1a: Pecharunt|Shadow Ball|p2a: Toxapex\n|-damage|p2a: Toxapex|125/216\n|-unboost|p2a: Toxapex|spd|1\n|move|p2a: Toxapex|Haze|p2a: Toxapex\n|-clearallboost\n|\n|-heal|p1a: Pecharunt|262/262|[from] item: Leftovers\n|-heal|p2a: Toxapex|138/216|[from] item: Leftovers\n|upkeep\n|turn|23\n|\n|t:|1782783414\n|move|p1a: Pecharunt|Shadow Ball|p2a: Toxapex\n|-crit|p2a: Toxapex\n|-damage|p2a: Toxapex|71/216\n|move|p2a: Toxapex|Liquidation|p1a: Pecharunt\n|-damage|p1a: Pecharunt|220/262\n|\n|-heal|p1a: Pecharunt|236/262|[from] item: Leftovers\n|-heal|p2a: Toxapex|84/216|[from] item: Leftovers\n|upkeep\n|turn|24\n|\n|t:|1782783424\n|move|p1a: Pecharunt|Nasty Plot|p1a: Pecharunt\n|-boost|p1a: Pecharunt|spa|2\n|move|p2a: Toxapex|Recover|p2a: Toxapex\n|-heal|p2a: Toxapex|192/216\n|\n|-heal|p1a: Pecharunt|252/262|[from] item: Leftovers\n|-heal|p2a: Toxapex|205/216|[from] item: Leftovers\n|upkeep\n|turn|25\n|\n|t:|1782783433\n|move|p1a: Pecharunt|Shadow Ball|p2a: Toxapex\n|-damage|p2a: Toxapex|118/216\n|move|p2a: Toxapex|Haze|p2a: Toxapex\n|-clearallboost\n|\n|-heal|p1a: Pecharunt|262/262|[from] item: Leftovers\n|-heal|p2a: Toxapex|131/216|[from] item: Leftovers\n|upkeep\n|turn|26\n|\n|t:|1782783451\n|move|p1a: Pecharunt|Shadow Ball|p2a: Toxapex\n|-damage|p2a: Toxapex|88/216\n|move|p2a: Toxapex|Liquidation|p1a: Pecharunt\n|-damage|p1a: Pecharunt|222/262\n|\n|-heal|p1a: Pecharunt|238/262|[from] item: Leftovers\n|-heal|p2a: Toxapex|101/216|[from] item: Leftovers\n|upkeep\n|turn|27\n|\n|t:|1782783471\n|move|p1a: Pecharunt|Shadow Ball|p2a: Toxapex\n|-damage|p2a: Toxapex|53/216\n|move|p2a: Toxapex|Liquidation|p1a: Pecharunt\n|-damage|p1a: Pecharunt|199/262\n|-unboost|p1a: Pecharunt|def|1\n|\n|-heal|p1a: Pecharunt|215/262|[from] item: Leftovers\n|-heal|p2a: Toxapex|66/216|[from] item: Leftovers\n|upkeep\n|turn|28\n|\n|t:|1782783486\n|move|p1a: Pecharunt|Shadow Ball|p2a: Toxapex\n|-damage|p2a: Toxapex|24/216\n|move|p2a: Toxapex|Recover|p2a: Toxapex\n|-heal|p2a: Toxapex|132/216\n|\n|-heal|p1a: Pecharunt|231/262|[from] item: Leftovers\n|-heal|p2a: Toxapex|145/216|[from] item: Leftovers\n|upkeep\n|turn|29\n|\n|t:|1782783495\n|move|p1a: Pecharunt|Nasty Plot|p1a: Pecharunt\n|-boost|p1a: Pecharunt|spa|2\n|move|p2a: Toxapex|Liquidation|p1a: Pecharunt\n|-crit|p1a: Pecharunt\n|-damage|p1a: Pecharunt|131/262\n|\n|-heal|p1a: Pecharunt|147/262|[from] item: Leftovers\n|-heal|p2a: Toxapex|158/216|[from] item: Leftovers\n|upkeep\n|turn|30\n|\n|t:|1782783505\n|move|p1a: Pecharunt|Recover|p1a: Pecharunt\n|-heal|p1a: Pecharunt|262/262\n|move|p2a: Toxapex|Haze|p2a: Toxapex\n|-clearallboost\n|\n|-heal|p2a: Toxapex|171/216|[from] item: Leftovers\n|upkeep\n|turn|31\n|\n|t:|1782783513\n|move|p1a: Pecharunt|Shadow Ball|p2a: Toxapex\n|-damage|p2a: Toxapex|123/216\n|move|p2a: Toxapex|Liquidation|p1a: Pecharunt\n|-damage|p1a: Pecharunt|222/262\n|\n|-heal|p1a: Pecharunt|238/262|[from] item: Leftovers\n|-heal|p2a: Toxapex|136/216|[from] item: Leftovers\n|upkeep\n|turn|32\n|\n|t:|1782783524\n|move|p1a: Pecharunt|Shadow Ball|p2a: Toxapex\n|-damage|p2a: Toxapex|93/216\n|move|p2a: Toxapex|Liquidation|p1a: Pecharunt\n|-damage|p1a: Pecharunt|199/262\n|\n|-heal|p1a: Pecharunt|215/262|[from] item: Leftovers\n|-heal|p2a: Toxapex|106/216|[from] item: Leftovers\n|upkeep\n|turn|33\n|\n|t:|1782783534\n|move|p1a: Pecharunt|Shadow Ball|p2a: Toxapex\n|-damage|p2a: Toxapex|61/216\n|move|p2a: Toxapex|Recover|p2a: Toxapex\n|-heal|p2a: Toxapex|169/216\n|\n|-heal|p1a: Pecharunt|231/262|[from] item: Leftovers\n|-heal|p2a: Toxapex|182/216|[from] item: Leftovers\n|upkeep\n|turn|34\n|\n|t:|1782783555\n|move|p1a: Pecharunt|Nasty Plot|p1a: Pecharunt\n|-boost|p1a: Pecharunt|spa|2\n|move|p2a: Toxapex|Liquidation|p1a: Pecharunt\n|-damage|p1a: Pecharunt|189/262\n|\n|-heal|p1a: Pecharunt|205/262|[from] item: Leftovers\n|-heal|p2a: Toxapex|195/216|[from] item: Leftovers\n|upkeep\n|turn|35\n|\n|t:|1782783564\n|move|p1a: Pecharunt|Shadow Ball|p2a: Toxapex\n|-damage|p2a: Toxapex|108/216\n|move|p2a: Toxapex|Liquidation|p1a: Pecharunt\n|-damage|p1a: Pecharunt|163/262\n|\n|-heal|p1a: Pecharunt|179/262|[from] item: Leftovers\n|-heal|p2a: Toxapex|121/216|[from] item: Leftovers\n|upkeep\n|turn|36\n|\n|t:|1782783573\n|move|p1a: Pecharunt|Shadow Ball|p2a: Toxapex\n|-damage|p2a: Toxapex|36/216\n|move|p2a: Toxapex|Haze|p2a: Toxapex\n|-clearallboost\n|\n|-heal|p1a: Pecharunt|195/262|[from] item: Leftovers\n|-heal|p2a: Toxapex|49/216|[from] item: Leftovers\n|upkeep\n|turn|37\n|\n|t:|1782783583\n|move|p1a: Pecharunt|Shadow Ball|p2a: Toxapex\n|-damage|p2a: Toxapex|0 fnt\n|faint|p2a: Toxapex\n|\n|-heal|p1a: Pecharunt|211/262|[from] item: Leftovers\n|upkeep\n|c|\u2606Hallagbah|FUCK\n|\n|t:|1782783603\n|switch|p2a: Hydreigon|Hydreigon, L79, F|275/275\n|turn|38\n|\n|t:|1782783616\n|-terastallize|p1a: Pecharunt|Dark\n|move|p2a: Hydreigon|Dark Pulse|p1a: Pecharunt\n|-resisted|p1a: Pecharunt\n|-damage|p1a: Pecharunt|134/262\n|move|p1a: Pecharunt|Malignant Chain|p2a: Hydreigon\n|-damage|p2a: Hydreigon|193/275\n|-status|p2a: Hydreigon|tox\n|-start|p2a: Hydreigon|confusion|[from] ability: Poison Puppeteer|[of] p1a: Pecharunt\n|\n|-heal|p1a: Pecharunt|150/262|[from] item: Leftovers\n|-damage|p2a: Hydreigon|176/275 tox|[from] psn\n|upkeep\n|turn|39\n|l|\u2606Hallagbah\n|inactive|Hallagbah disconnected and has 300 seconds to reconnect!\n|player|p2|\n|\n|t:|1782783632\n|-activate|p2a: Hydreigon|confusion\n|move|p2a: Hydreigon|Dark Pulse|p1a: Pecharunt\n|-resisted|p1a: Pecharunt\n|-damage|p1a: Pecharunt|81/262\n|move|p1a: Pecharunt|Nasty Plot|p1a: Pecharunt\n|-boost|p1a: Pecharunt|spa|2\n|\n|-heal|p1a: Pecharunt|97/262|[from] item: Leftovers\n|-damage|p2a: Hydreigon|142/275 tox|[from] psn\n|upkeep\n|turn|40\n|j|\u2606Hallagbah\n|inactive|Hallagbah reconnected and has 300 seconds left.\n|player|p2|Hallagbah|riley|\n|\n|t:|1782783642\n|-activate|p2a: Hydreigon|confusion\n|move|p2a: Hydreigon|Dark Pulse|p1a: Pecharunt\n|-resisted|p1a: Pecharunt\n|-damage|p1a: Pecharunt|28/262\n|move|p1a: Pecharunt|Recover|p1a: Pecharunt\n|-heal|p1a: Pecharunt|159/262\n|\n|-heal|p1a: Pecharunt|175/262|[from] item: Leftovers\n|-damage|p2a: Hydreigon|91/275 tox|[from] psn\n|upkeep\n|turn|41\n|\n|t:|1782783652\n|-activate|p2a: Hydreigon|confusion\n|move|p2a: Hydreigon|Dark Pulse|p1a: Pecharunt\n|-resisted|p1a: Pecharunt\n|-damage|p1a: Pecharunt|102/262\n|move|p1a: Pecharunt|Recover|p1a: Pecharunt\n|-heal|p1a: Pecharunt|233/262\n|\n|-heal|p1a: Pecharunt|249/262|[from] item: Leftovers\n|-damage|p2a: Hydreigon|23/275 tox|[from] psn\n|upkeep\n|turn|42\n|\n|t:|1782783666\n|-activate|p2a: Hydreigon|confusion\n|-damage|p2a: Hydreigon|0 fnt|[from] confusion\n|faint|p2a: Hydreigon\n|move|p1a: Pecharunt|Nasty Plot|p1a: Pecharunt\n|-boost|p1a: Pecharunt|spa|2\n|\n|-heal|p1a: Pecharunt|262/262|[from] item: Leftovers\n|upkeep\n|\n|t:|1782783669\n|switch|p2a: Garganacl|Garganacl, L80, M|291/291\n|turn|43\n|\n|t:|1782783677\n|move|p1a: Pecharunt|Shadow Ball|p2a: Garganacl\n|-damage|p2a: Garganacl|195/291\n|move|p2a: Garganacl|Body Press|p1a: Pecharunt\n|-supereffective|p1a: Pecharunt\n|-damage|p1a: Pecharunt|174/262\n|\n|-heal|p1a: Pecharunt|190/262|[from] item: Leftovers\n|-heal|p2a: Garganacl|213/291|[from] item: Leftovers\n|upkeep\n|turn|44\n|\n|t:|1782783687\n|move|p1a: Pecharunt|Malignant Chain|p2a: Garganacl\n|-resisted|p2a: Garganacl\n|-damage|p2a: Garganacl|84/291\n|move|p2a: Garganacl|Salt Cure|p1a: Pecharunt\n|-damage|p1a: Pecharunt|163/262\n|-start|p1a: Pecharunt|Salt Cure\n|\n|-heal|p1a: Pecharunt|179/262|[from] item: Leftovers\n|-heal|p2a: Garganacl|102/291|[from] item: Leftovers\n|-damage|p1a: Pecharunt|147/262|[from] Salt Cure\n|upkeep\n|turn|45\n|\n|t:|1782783701\n|move|p1a: Pecharunt|Malignant Chain|p2a: Garganacl\n|-resisted|p2a: Garganacl\n|-damage|p2a: Garganacl|0 fnt\n|faint|p2a: Garganacl\n|\n|-heal|p1a: Pecharunt|163/262|[from] item: Leftovers\n|-damage|p1a: Pecharunt|131/262|[from] Salt Cure\n|upkeep\n|\n|t:|1782783704\n|switch|p2a: Scizor|Scizor, L79, F|240/240\n|turn|46\n|\n|t:|1782783721\n|move|p2a: Scizor|Bullet Punch|p1a: Pecharunt\n|-damage|p1a: Pecharunt|82/262\n|move|p1a: Pecharunt|Shadow Ball|p2a: Scizor\n|-crit|p2a: Scizor\n|-damage|p2a: Scizor|0 fnt\n|faint|p2a: Scizor\n|\n|win|Jrclive\n|l|\u2606Hallagbah\n|player|p2|\n", "inputlog": ">version f8ac14003a5f27e1bdc8d8c59608a773c1cb96e5\n>start {\"formatid\":\"gen9randombattle\",\"seed\":\"sodium,8fe29f10bacb7a049cb45fb694eb8216\"}\n>player p1 {\"name\":\"Jrclive\",\"avatar\":\"101\",\"rating\":0,\"seed\":\"sodium,bc199707cac1762b62e6d78f994ca5a2\"}\n>player p2 {\"name\":\"Hallagbah\",\"avatar\":\"riley\",\"rating\":0,\"seed\":\"sodium,85c08b2447d88d29cf9cab7c3d6357c4\"}\n>p1 move stoneedge\n>p2 move nastyplot\n>p1 move shellsmash\n>p2 move thunderbolt\n>p1 switch 6\n>p1 move coil\n>p2 move icebeam\n>p1 switch 2\n>p1 move heavyslam\n>p2 move thunderbolt\n>p1 move heavyslam\n>p2 move thunderbolt\n>p1 switch 3\n>p2 switch 4\n>p1 move superfang\n>p2 move closecombat\n>p1 move crunch\n>p2 move closecombat\n>p2 switch 6\n>p1 move superfang\n>p2 move liquidation\n>p1 switch 4\n>p1 move shadowball\n>p2 move liquidation\n>p1 move nastyplot\n>p2 move recover\n>p1 move shadowball\n>p2 move haze\n>p1 move shadowball\n>p2 move liquidation\n>p1 move nastyplot\n>p2 move recover\n>p1 move shadowball\n>p2 move haze\n>chat \u2606Hallagbah|HA\n>p1 move shadowball\n>p2 move liquidation\n>p1 move nastyplot\n>p2 move recover\n>p1 move nastyplot\n>p2 move haze\n>p1 move nastyplot\n>p2 move liquidation\n>p1 move shadowball\n>p2 move haze\n>p1 move shadowball\n>p2 move liquidation\n>p1 move nastyplot\n>p2 move recover\n>p1 move shadowball\n>p2 move haze\n>p1 move shadowball\n>p2 move liquidation\n>p1 move nastyplot\n>p2 move recover\n>p1 move shadowball\n>p2 move haze\n>p1 move shadowball\n>p2 move liquidation\n>p1 move shadowball\n>p2 move liquidation\n>p1 move shadowball\n>p2 move recover\n>p1 move nastyplot\n>p2 move liquidation\n>p1 move recover\n>p2 move haze\n>p1 move shadowball\n>p2 move liquidation\n>p1 move shadowball\n>p2 move liquidation\n>p1 move shadowball\n>p2 move recover\n>p1 move nastyplot\n>p2 move liquidation\n>p1 move shadowball\n>p2 move liquidation\n>p1 move shadowball\n>p2 move haze\n>p1 move shadowball\n>p2 move recover\n>chat \u2606Hallagbah|FUCK\n>p2 switch 3\n>p1 move malignantchain terastallize\n>p2 move darkpulse\n>p1 move nastyplot\n>p2 move darkpulse\n>p1 move recover\n>p2 move darkpulse\n>p1 move recover\n>p2 move darkpulse\n>p1 move nastyplot\n>p2 move darkpulse\n>p2 switch 2\n>p1 move shadowball\n>p2 move bodypress\n>p1 move malignantchain\n>p2 move saltcure\n>p1 move malignantchain\n>p2 move bodypress\n>p2 switch 5\n>p1 move shadowball\n>p2 move bulletpunch", "uploadtime": 1782783734, "views": 2, "formatid": "gen9randombattle", "rating": null, "private": 0, "password": null, "player_dets": [{"name": "Jrclive", "avatar": "101", "rating": 0, "seed": "sodium,bc199707cac1762b62e6d78f994ca5a2"}, {"name": "Hallagbah", "avatar": "riley", "rating": 0, "seed": "sodium,85c08b2447d88d29cf9cab7c3d6357c4"}], "teams_full": [{"Drednaw": {"name": "Drednaw", "species": "Drednaw", "speciesId": "drednaw", "gender": "M", "shiny": false, "level": 81, "moves": ["crunch", "liquidation", "stoneedge", "shellsmash"], "ability": "Strong Jaw", "evs": {"hp": 85, "atk": 85, "def": 85, "spa": 85, "spd": 85, "spe": 85}, "ivs": {"hp": 31, "atk": 31, "def": 31, "spa": 31, "spd": 31, "spe": 31}, "item": "White Herb", "teraType": "Dark", "role": "Setup Sweeper", "bvs": {"hp": 90, "atk": 115, "def": 90, "spa": 48, "spd": 68, "spe": 74}, "stats": {"hp": 278, "atk": 233, "def": 192, "spa": 124, "spd": 157, "spe": 167}, "types": ["Water", "Rock"]}, "Metagross": {"name": "Metagross", "species": "Metagross", "speciesId": "metagross", "gender": "N", "shiny": false, "level": 79, "moves": ["knockoff", "earthquake", "agility", "heavyslam"], "ability": "Clear Body", "evs": {"hp": 85, "atk": 85, "def": 85, "spa": 85, "spd": 85, "spe": 85}, "ivs": {"hp": 31, "atk": 31, "def": 31, "spa": 31, "spd": 31, "spe": 31}, "item": "Weakness Policy", "teraType": "Ground", "role": "Bulky Setup", "bvs": {"hp": 80, "atk": 135, "def": 130, "spa": 95, "spd": 90, "spe": 70}, "stats": {"hp": 256, "atk": 259, "def": 251, "spa": 196, "spd": 188, "spe": 156}, "types": ["Steel", "Psychic"]}, "Mightyena": {"name": "Mightyena", "species": "Mightyena", "speciesId": "mightyena", "gender": "M", "shiny": false, "level": 96, "moves": ["superfang", "poisonfang", "crunch", "playrough"], "ability": "Intimidate", "evs": {"hp": 85, "atk": 85, "def": 85, "spa": 85, "spd": 85, "spe": 85}, "ivs": {"hp": 31, "atk": 31, "def": 31, "spa": 31, "spd": 31, "spe": 31}, "item": "Assault Vest", "teraType": "Fairy", "role": "AV Pivot", "bvs": {"hp": 70, "atk": 90, "def": 70, "spa": 60, "spd": 60, "spe": 70}, "stats": {"hp": 290, "atk": 227, "def": 189, "spa": 170, "spd": 170, "spe": 189}, "types": ["Dark"]}, "Pecharunt": {"name": "Pecharunt", "species": "Pecharunt", "speciesId": "pecharunt", "gender": "N", "shiny": false, "level": 77, "moves": ["malignantchain", "nastyplot", "recover", "shadowball"], "ability": "Poison Puppeteer", "evs": {"hp": 85, "atk": 0, "def": 85, "spa": 85, "spd": 85, "spe": 85}, "ivs": {"hp": 31, "atk": 0, "def": 31, "spa": 31, "spd": 31, "spe": 31}, "item": "Leftovers", "teraType": "Dark", "role": "Bulky Attacker", "bvs": {"hp": 88, "atk": 88, "def": 160, "spa": 88, "spd": 88, "spe": 88}, "stats": {"hp": 262, "atk": 140, "def": 291, "spa": 180, "spd": 180, "spe": 180}, "types": ["Poison", "Ghost"]}, "Enamorus": {"name": "Enamorus", "species": "Enamorus-Therian", "speciesId": "enamorustherian", "gender": "F", "shiny": false, "level": 83, "moves": ["agility", "moonblast", "earthpower", "superpower"], "ability": "Overcoat", "evs": {"hp": 85, "atk": 85, "def": 85, "spa": 85, "spd": 85, "spe": 85}, "ivs": {"hp": 31, "atk": 31, "def": 31, "spa": 31, "spd": 31, "spe": 31}, "item": "Weakness Policy", "teraType": "Ground", "role": "Bulky Setup", "bvs": {"hp": 74, "atk": 115, "def": 110, "spa": 135, "spd": 100, "spe": 46}, "stats": {"hp": 259, "atk": 239, "def": 230, "spa": 272, "spd": 214, "spe": 124}, "types": ["Fairy", "Flying"]}, "Sandaconda": {"name": "Sandaconda", "species": "Sandaconda", "speciesId": "sandaconda", "gender": "F", "shiny": false, "level": 84, "moves": ["earthquake", "rest", "coil", "stoneedge"], "ability": "Shed Skin", "evs": {"hp": 85, "atk": 85, "def": 85, "spa": 85, "spd": 85, "spe": 85}, "ivs": {"hp": 31, "atk": 31, "def": 31, "spa": 31, "spd": 31, "spe": 31}, "item": "Leftovers", "teraType": "Dragon", "role": "Bulky Setup", "bvs": {"hp": 72, "atk": 107, "def": 125, "spa": 65, "spd": 70, "spe": 71}, "stats": {"hp": 258, "atk": 228, "def": 258, "spa": 157, "spd": 166, "spe": 167}, "types": ["Ground"]}}, {"Porygon-Z": {"name": "Porygon-Z", "species": "Porygon-Z", "speciesId": "porygonz", "gender": "N", "shiny": false, "level": 83, "moves": ["triattack", "thunderbolt", "nastyplot", "icebeam"], "ability": "Adaptability", "evs": {"hp": 85, "atk": 0, "def": 85, "spa": 85, "spd": 85, "spe": 85}, "ivs": {"hp": 31, "atk": 0, "def": 31, "spa": 31, "spd": 31, "spe": 31}, "item": "Life Orb", "teraType": "Electric", "role": "Fast Attacker", "bvs": {"hp": 85, "atk": 80, "def": 70, "spa": 135, "spd": 75, "spe": 90}, "stats": {"hp": 277, "atk": 137, "def": 164, "spa": 272, "spd": 172, "spe": 197}, "types": ["Normal"]}, "Garganacl": {"name": "Garganacl", "species": "Garganacl", "speciesId": "garganacl", "gender": "M", "shiny": false, "level": 80, "moves": ["stealthrock", "bodypress", "saltcure", "recover"], "ability": "Purifying Salt", "evs": {"hp": 85, "atk": 85, "def": 85, "spa": 85, "spd": 85, "spe": 85}, "ivs": {"hp": 31, "atk": 31, "def": 31, "spa": 31, "spd": 31, "spe": 31}, "item": "Leftovers", "teraType": "Dragon", "role": "Bulky Support", "bvs": {"hp": 100, "atk": 100, "def": 130, "spa": 45, "spd": 90, "spe": 35}, "stats": {"hp": 291, "atk": 206, "def": 254, "spa": 118, "spd": 190, "spe": 102}, "types": ["Rock"]}, "Hydreigon": {"name": "Hydreigon", "species": "Hydreigon", "speciesId": "hydreigon", "gender": "F", "shiny": false, "level": 79, "moves": ["darkpulse", "dracometeor", "fireblast", "uturn"], "ability": "Levitate", "evs": {"hp": 85, "atk": 85, "def": 85, "spa": 85, "spd": 85, "spe": 85}, "ivs": {"hp": 31, "atk": 31, "def": 31, "spa": 31, "spd": 31, "spe": 31}, "item": "Choice Specs", "teraType": "Dragon", "role": "Fast Attacker", "bvs": {"hp": 92, "atk": 105, "def": 90, "spa": 125, "spd": 90, "spe": 98}, "stats": {"hp": 275, "atk": 211, "def": 188, "spa": 243, "spd": 188, "spe": 200}, "types": ["Dark", "Dragon"]}, "Arcanine": {"name": "Arcanine", "species": "Arcanine", "speciesId": "arcanine", "gender": "M", "shiny": false, "level": 84, "moves": ["closecombat", "morningsun", "extremespeed", "flareblitz"], "ability": "Intimidate", "evs": {"hp": 85, "atk": 85, "def": 85, "spa": 85, "spd": 85, "spe": 85}, "ivs": {"hp": 31, "atk": 31, "def": 31, "spa": 31, "spd": 31, "spe": 31}, "item": "Heavy-Duty Boots", "teraType": "Fighting", "role": "Bulky Attacker", "bvs": {"hp": 90, "atk": 110, "def": 80, "spa": 100, "spd": 80, "spe": 95}, "stats": {"hp": 288, "atk": 233, "def": 183, "spa": 216, "spd": 183, "spe": 208}, "types": ["Fire"]}, "Scizor": {"name": "Scizor", "species": "Scizor", "speciesId": "scizor", "gender": "F", "shiny": false, "level": 79, "moves": ["knockoff", "defog", "bulletpunch", "uturn"], "ability": "Technician", "evs": {"hp": 85, "atk": 85, "def": 85, "spa": 85, "spd": 85, "spe": 85}, "ivs": {"hp": 31, "atk": 31, "def": 31, "spa": 31, "spd": 31, "spe": 31}, "item": "Leftovers", "teraType": "Dragon", "role": "Bulky Support", "bvs": {"hp": 70, "atk": 130, "def": 100, "spa": 55, "spd": 80, "spe": 65}, "stats": {"hp": 240, "atk": 251, "def": 204, "spa": 132, "spd": 172, "spe": 148}, "types": ["Bug", "Steel"]}, "Toxapex": {"name": "Toxapex", "species": "Toxapex", "speciesId": "toxapex", "gender": "F", "shiny": false, "level": 82, "moves": ["liquidation", "recover", "toxic", "haze"], "ability": "Regenerator", "evs": {"hp": 85, "atk": 85, "def": 85, "spa": 85, "spd": 85, "spe": 85}, "ivs": {"hp": 31, "atk": 31, "def": 31, "spa": 31, "spd": 31, "spe": 31}, "item": "Leftovers", "teraType": "Flying", "role": "Bulky Support", "bvs": {"hp": 50, "atk": 63, "def": 152, "spa": 53, "spd": 142, "spe": 35}, "stats": {"hp": 216, "atk": 150, "def": 296, "spa": 134, "spd": 280, "spe": 105}, "types": ["Poison", "Water"]}}]}