{"id": "gen9randombattle-2641640962", "format": "[Gen 9] Random Battle", "players": ["UBHCA", "Sennett"], "log": "|j|\u2606UBHCA\n|j|\u2606Sennett\n|t:|1782823470\n|gametype|singles\n|player|p1|UBHCA|101|1978\n|player|p2|Sennett|zinnia-masters|1947\n|gen|9\n|tier|[Gen 9] Random Battle\n|rated|\n|rule|Species Clause: Limit one of each Pok\u00e9mon\n|rule|HP Percentage Mod: HP is shown in percentages\n|rule|Sleep Clause Mod: Limit one foe put to sleep\n|rule|Illusion Level Mod: Illusion disguises the Pok\u00e9mon's true level\n|\n|t:|1782823470\n|teamsize|p1|6\n|teamsize|p2|6\n|start\n|switch|p1a: Chien-Pao|Chien-Pao, L72|234/234\n|switch|p2a: Entei|Entei, L78|307/307\n|-ability|p1a: Chien-Pao|Sword of Ruin\n|turn|1\n|inactive|Battle timer is ON: inactive players will automatically lose when time's up. (requested by UBHCA)\n|\n|t:|1782823481\n|switch|p1a: Swampert|Swampert, L83, F|302/302\n|move|p2a: Entei|Sacred Fire|p1a: Swampert\n|-resisted|p1a: Swampert\n|-damage|p1a: Swampert|227/302\n|-status|p1a: Swampert|brn\n|\n|-heal|p1a: Swampert|245/302 brn|[from] item: Leftovers\n|-damage|p1a: Swampert|227/302 brn|[from] brn\n|upkeep\n|turn|2\n|\n|t:|1782823489\n|switch|p2a: Farigiraf|Farigiraf, L90, M|362/362\n|move|p1a: Swampert|Stealth Rock|p2a: Farigiraf\n|-sidestart|p2: Sennett|move: Stealth Rock\n|\n|-heal|p1a: Swampert|245/302 brn|[from] item: Leftovers\n|-damage|p1a: Swampert|227/302 brn|[from] brn\n|upkeep\n|turn|3\n|\n|t:|1782823498\n|switch|p1a: Bombirdier|Bombirdier, L85, F|258/258\n|move|p2a: Farigiraf|Body Slam|p1a: Bombirdier\n|-damage|p1a: Bombirdier|161/258\n|\n|upkeep\n|turn|4\n|\n|t:|1782823502\n|move|p2a: Farigiraf|Protect|p2a: Farigiraf\n|-singleturn|p2a: Farigiraf|Protect\n|move|p1a: Bombirdier|Knock Off|p2a: Farigiraf\n|-activate|p2a: Farigiraf|move: Protect\n|\n|upkeep\n|turn|5\n|\n|t:|1782823510\n|-terastallize|p2a: Farigiraf|Fairy\n|move|p1a: Bombirdier|U-turn|p2a: Farigiraf\n|-resisted|p2a: Farigiraf\n|-damage|p2a: Farigiraf|330/362\n|\n|t:|1782823514\n|switch|p1a: Swampert|Swampert, L83, F|227/302 brn|[from] U-turn\n|move|p2a: Farigiraf|Body Slam|p1a: Swampert\n|-damage|p1a: Swampert|121/302 brn\n|\n|-heal|p2a: Farigiraf|352/362|[from] item: Leftovers\n|-heal|p1a: Swampert|139/302 brn|[from] item: Leftovers\n|-damage|p1a: Swampert|121/302 brn|[from] brn\n|upkeep\n|turn|6\n|\n|t:|1782823521\n|move|p2a: Farigiraf|Wish|p2a: Farigiraf\n|move|p1a: Swampert|Roar|p2a: Farigiraf\n|drag|p2a: Abomasnow|Abomasnow, L84, F|287/287\n|-damage|p2a: Abomasnow|216/287|[from] Stealth Rock\n|-weather|Snowscape|[from] ability: Snow Warning|[of] p2a: Abomasnow\n|\n|-weather|Snowscape|[upkeep]\n|-heal|p1a: Swampert|139/302 brn|[from] item: Leftovers\n|-damage|p1a: Swampert|121/302 brn|[from] brn\n|upkeep\n|turn|7\n|\n|t:|1782823532\n|move|p2a: Abomasnow|Aurora Veil|p2a: Abomasnow\n|-sidestart|p2: Sennett|move: Aurora Veil\n|move|p1a: Swampert|Roar|p2a: Abomasnow\n|drag|p2a: Krookodile|Krookodile, L79, F|280/280\n|-damage|p2a: Krookodile|263/280|[from] Stealth Rock\n|-ability|p2a: Krookodile|Intimidate|boost\n|-unboost|p1a: Swampert|atk|1\n|\n|-weather|Snowscape|[upkeep]\n|-heal|p2a: Krookodile|280/280|[from] move: Wish|[wisher] Farigiraf\n|-heal|p1a: Swampert|139/302 brn|[from] item: Leftovers\n|-damage|p1a: Swampert|121/302 brn|[from] brn\n|upkeep\n|turn|8\n|\n|t:|1782823538\n|move|p2a: Krookodile|Knock Off|p1a: Swampert\n|-damage|p1a: Swampert|0 fnt\n|-enditem|p1a: Swampert|Leftovers|[from] move: Knock Off|[of] p2a: Krookodile\n|faint|p1a: Swampert\n|\n|-weather|Snowscape|[upkeep]\n|upkeep\n|\n|t:|1782823558\n|switch|p1a: Chien-Pao|Chien-Pao, L72|234/234\n|-ability|p1a: Chien-Pao|Sword of Ruin\n|turn|9\n|\n|t:|1782823575\n|switch|p2a: Farigiraf|Farigiraf, L90, M, tera:Fairy|352/362\n|-damage|p2a: Farigiraf|307/362|[from] Stealth Rock\n|move|p1a: Chien-Pao|Sacred Sword|p2a: Farigiraf\n|-resisted|p2a: Farigiraf\n|-damage|p2a: Farigiraf|278/362\n|\n|-weather|Snowscape|[upkeep]\n|-heal|p2a: Farigiraf|300/362|[from] item: Leftovers\n|upkeep\n|turn|10\n|\n|t:|1782823589\n|switch|p1a: Pachirisu|Pachirisu, L96, F|271/271\n|move|p2a: Farigiraf|Body Slam|p1a: Pachirisu\n|-damage|p1a: Pachirisu|163/271\n|\n|-weather|none\n|-heal|p2a: Farigiraf|322/362|[from] item: Leftovers\n|upkeep\n|turn|11\n|\n|t:|1782823594\n|switch|p2a: Krookodile|Krookodile, L79, F|280/280\n|-damage|p2a: Krookodile|263/280|[from] Stealth Rock\n|-ability|p2a: Krookodile|Intimidate|boost\n|-unboost|p1a: Pachirisu|atk|1\n|move|p1a: Pachirisu|Super Fang|p2a: Krookodile\n|-damage|p2a: Krookodile|132/280\n|\n|upkeep\n|turn|12\n|\n|t:|1782823600\n|move|p1a: Pachirisu|U-turn|p2a: Krookodile\n|-supereffective|p2a: Krookodile\n|-damage|p2a: Krookodile|104/280\n|\n|t:|1782823602\n|switch|p1a: Salamence|Salamence, L77, F|273/273|[from] U-turn\n|-ability|p1a: Salamence|Intimidate|boost\n|-unboost|p2a: Krookodile|atk|1\n|move|p2a: Krookodile|Stone Edge|p1a: Salamence\n|-supereffective|p1a: Salamence\n|-damage|p1a: Salamence|103/273\n|\n|upkeep\n|turn|13\n|\n|t:|1782823615\n|switch|p1a: Pachirisu|Pachirisu, L96, F|163/271\n|move|p2a: Krookodile|Stone Edge|p1a: Pachirisu\n|-damage|p1a: Pachirisu|91/271\n|\n|upkeep\n|turn|14\n|\n|t:|1782823625\n|move|p1a: Pachirisu|U-turn|p2a: Krookodile\n|-supereffective|p2a: Krookodile\n|-damage|p2a: Krookodile|61/280\n|\n|t:|1782823627\n|switch|p1a: Salamence|Salamence, L77, F|103/273|[from] U-turn\n|-ability|p1a: Salamence|Intimidate|boost\n|-unboost|p2a: Krookodile|atk|1\n|move|p2a: Krookodile|Stone Edge|p1a: Salamence\n|-supereffective|p1a: Salamence\n|-damage|p1a: Salamence|0 fnt\n|faint|p1a: Salamence\n|\n|-sideend|p2: Sennett|move: Aurora Veil\n|upkeep\n|\n|t:|1782823635\n|switch|p1a: Chien-Pao|Chien-Pao, L72|234/234\n|-ability|p1a: Chien-Pao|Sword of Ruin\n|turn|15\n|\n|t:|1782823639\n|move|p1a: Chien-Pao|Icicle Crash|p2a: Krookodile\n|-supereffective|p2a: Krookodile\n|-damage|p2a: Krookodile|0 fnt\n|faint|p2a: Krookodile\n|\n|upkeep\n|\n|t:|1782823644\n|switch|p2a: Tentacruel|Tentacruel, L84, F|272/272\n|-damage|p2a: Tentacruel|238/272|[from] Stealth Rock\n|turn|16\n|\n|t:|1782823648\n|switch|p1a: Sinistcha|Sinistcha-Masterpiece, L83|254/254\n|move|p2a: Tentacruel|Rapid Spin|p1a: Sinistcha\n|-immune|p1a: Sinistcha\n|\n|-heal|p2a: Tentacruel|255/272|[from] item: Leftovers\n|upkeep\n|turn|17\n|\n|t:|1782823657\n|move|p2a: Tentacruel|Sludge Bomb|p1a: Sinistcha\n|-damage|p1a: Sinistcha|155/254\n|move|p1a: Sinistcha|Calm Mind|p1a: Sinistcha\n|-boost|p1a: Sinistcha|spa|1\n|-boost|p1a: Sinistcha|spd|1\n|\n|-heal|p2a: Tentacruel|272/272|[from] item: Leftovers\n|-heal|p1a: Sinistcha|170/254|[from] item: Leftovers\n|upkeep\n|turn|18\n|\n|t:|1782823665\n|move|p2a: Tentacruel|Haze|p2a: Tentacruel\n|-clearallboost\n|move|p1a: Sinistcha|Calm Mind|p1a: Sinistcha\n|-boost|p1a: Sinistcha|spa|1\n|-boost|p1a: Sinistcha|spd|1\n|\n|-heal|p1a: Sinistcha|185/254|[from] item: Leftovers\n|upkeep\n|turn|19\n|\n|t:|1782823669\n|move|p2a: Tentacruel|Sludge Bomb|p1a: Sinistcha\n|-damage|p1a: Sinistcha|125/254\n|move|p1a: Sinistcha|Calm Mind|p1a: Sinistcha\n|-boost|p1a: Sinistcha|spa|1\n|-boost|p1a: Sinistcha|spd|1\n|\n|-heal|p1a: Sinistcha|140/254|[from] item: Leftovers\n|upkeep\n|turn|20\n|\n|t:|1782823676\n|switch|p1a: Chien-Pao|Chien-Pao, L72|234/234\n|-ability|p1a: Chien-Pao|Sword of Ruin\n|move|p2a: Tentacruel|Haze|p2a: Tentacruel\n|-clearallboost\n|\n|upkeep\n|turn|21\n|\n|t:|1782823686\n|switch|p2a: Farigiraf|Farigiraf, L90, M, tera:Fairy|322/362\n|-damage|p2a: Farigiraf|277/362|[from] Stealth Rock\n|move|p1a: Chien-Pao|Crunch|p2a: Farigiraf\n|-resisted|p2a: Farigiraf\n|-damage|p2a: Farigiraf|197/362\n|-unboost|p2a: Farigiraf|def|1\n|\n|-heal|p2a: Farigiraf|219/362|[from] item: Leftovers\n|upkeep\n|turn|22\n|\n|t:|1782823692\n|switch|p1a: Bombirdier|Bombirdier, L85, F|161/258\n|move|p2a: Farigiraf|Wish|p2a: Farigiraf\n|\n|-heal|p2a: Farigiraf|241/362|[from] item: Leftovers\n|upkeep\n|turn|23\n|\n|t:|1782823698\n|move|p2a: Farigiraf|Protect|p2a: Farigiraf\n|-singleturn|p2a: Farigiraf|Protect\n|move|p1a: Bombirdier|Roost|p1a: Bombirdier\n|-heal|p1a: Bombirdier|258/258\n|-singleturn|p1a: Bombirdier|move: Roost\n|\n|-heal|p2a: Farigiraf|362/362|[from] move: Wish|[wisher] Farigiraf\n|upkeep\n|turn|24\n|\n|t:|1782823703\n|move|p1a: Bombirdier|Brave Bird|p2a: Farigiraf\n|-damage|p2a: Farigiraf|119/362\n|-damage|p1a: Bombirdier|178/258|[from] Recoil\n|move|p2a: Farigiraf|Wish|p2a: Farigiraf\n|\n|-heal|p2a: Farigiraf|141/362|[from] item: Leftovers\n|upkeep\n|turn|25\n|\n|t:|1782823710\n|move|p2a: Farigiraf|Protect|p2a: Farigiraf\n|-singleturn|p2a: Farigiraf|Protect\n|move|p1a: Bombirdier|Brave Bird|p2a: Farigiraf\n|-activate|p2a: Farigiraf|move: Protect\n|\n|-heal|p2a: Farigiraf|322/362|[from] move: Wish|[wisher] Farigiraf\n|-heal|p2a: Farigiraf|344/362|[from] item: Leftovers\n|upkeep\n|turn|26\n|\n|t:|1782823718\n|move|p1a: Bombirdier|Brave Bird|p2a: Farigiraf\n|-damage|p2a: Farigiraf|113/362\n|-damage|p1a: Bombirdier|102/258|[from] Recoil\n|move|p2a: Farigiraf|Wish|p2a: Farigiraf\n|\n|-heal|p2a: Farigiraf|135/362|[from] item: Leftovers\n|upkeep\n|turn|27\n|\n|t:|1782823724\n|move|p1a: Bombirdier|Roost|p1a: Bombirdier\n|-heal|p1a: Bombirdier|231/258\n|-singleturn|p1a: Bombirdier|move: Roost\n|move|p2a: Farigiraf|Body Slam|p1a: Bombirdier\n|-damage|p1a: Bombirdier|122/258\n|\n|-heal|p2a: Farigiraf|316/362|[from] move: Wish|[wisher] Farigiraf\n|-heal|p2a: Farigiraf|338/362|[from] item: Leftovers\n|upkeep\n|turn|28\n|\n|t:|1782823728\n|move|p1a: Bombirdier|Brave Bird|p2a: Farigiraf\n|-damage|p2a: Farigiraf|115/362\n|-damage|p1a: Bombirdier|48/258|[from] Recoil\n|move|p2a: Farigiraf|Wish|p2a: Farigiraf\n|\n|-heal|p2a: Farigiraf|137/362|[from] item: Leftovers\n|upkeep\n|turn|29\n|\n|t:|1782823733\n|move|p2a: Farigiraf|Protect|p2a: Farigiraf\n|-singleturn|p2a: Farigiraf|Protect\n|move|p1a: Bombirdier|Roost|p1a: Bombirdier\n|-heal|p1a: Bombirdier|177/258\n|-singleturn|p1a: Bombirdier|move: Roost\n|\n|-heal|p2a: Farigiraf|318/362|[from] move: Wish|[wisher] Farigiraf\n|-heal|p2a: Farigiraf|340/362|[from] item: Leftovers\n|upkeep\n|turn|30\n|\n|t:|1782823737\n|move|p1a: Bombirdier|Brave Bird|p2a: Farigiraf\n|-damage|p2a: Farigiraf|120/362\n|-damage|p1a: Bombirdier|104/258|[from] Recoil\n|move|p2a: Farigiraf|Wish|p2a: Farigiraf\n|\n|-heal|p2a: Farigiraf|142/362|[from] item: Leftovers\n|upkeep\n|turn|31\n|\n|t:|1782823742\n|move|p2a: Farigiraf|Protect|p2a: Farigiraf\n|-singleturn|p2a: Farigiraf|Protect\n|move|p1a: Bombirdier|Brave Bird|p2a: Farigiraf\n|-activate|p2a: Farigiraf|move: Protect\n|\n|-heal|p2a: Farigiraf|323/362|[from] move: Wish|[wisher] Farigiraf\n|-heal|p2a: Farigiraf|345/362|[from] item: Leftovers\n|upkeep\n|turn|32\n|\n|t:|1782823747\n|move|p1a: Bombirdier|Brave Bird|p2a: Farigiraf\n|-damage|p2a: Farigiraf|126/362\n|-damage|p1a: Bombirdier|32/258|[from] Recoil\n|move|p2a: Farigiraf|Body Slam|p1a: Bombirdier\n|-damage|p1a: Bombirdier|0 fnt\n|faint|p1a: Bombirdier\n|\n|-heal|p2a: Farigiraf|148/362|[from] item: Leftovers\n|upkeep\n|\n|t:|1782823752\n|switch|p1a: Chien-Pao|Chien-Pao, L72|234/234\n|-ability|p1a: Chien-Pao|Sword of Ruin\n|turn|33\n|\n|t:|1782823755\n|move|p2a: Farigiraf|Protect|p2a: Farigiraf\n|-singleturn|p2a: Farigiraf|Protect\n|move|p1a: Chien-Pao|Icicle Crash|p2a: Farigiraf\n|-activate|p2a: Farigiraf|move: Protect\n|\n|-heal|p2a: Farigiraf|170/362|[from] item: Leftovers\n|upkeep\n|turn|34\n|\n|t:|1782823760\n|switch|p2a: Tentacruel|Tentacruel, L84, F|272/272\n|-damage|p2a: Tentacruel|238/272|[from] Stealth Rock\n|move|p1a: Chien-Pao|Icicle Crash|p2a: Tentacruel\n|-resisted|p2a: Tentacruel\n|-crit|p2a: Tentacruel\n|-damage|p2a: Tentacruel|80/272\n|\n|-heal|p2a: Tentacruel|97/272|[from] item: Leftovers\n|upkeep\n|turn|35\n|\n|t:|1782823768\n|switch|p1a: Sinistcha|Sinistcha-Masterpiece, L83|140/254\n|move|p2a: Tentacruel|Sludge Bomb|p1a: Sinistcha\n|-crit|p1a: Sinistcha\n|-damage|p1a: Sinistcha|14/254\n|\n|-heal|p2a: Tentacruel|114/272|[from] item: Leftovers\n|-heal|p1a: Sinistcha|29/254|[from] item: Leftovers\n|upkeep\n|turn|36\n|\n|t:|1782823773\n|move|p2a: Tentacruel|Surf|p1a: Sinistcha\n|-resisted|p1a: Sinistcha\n|-damage|p1a: Sinistcha|0 fnt\n|faint|p1a: Sinistcha\n|\n|-heal|p2a: Tentacruel|131/272|[from] item: Leftovers\n|upkeep\n|\n|t:|1782823775\n|switch|p1a: Chien-Pao|Chien-Pao, L72|234/234\n|-ability|p1a: Chien-Pao|Sword of Ruin\n|turn|37\n|\n|t:|1782823779\n|switch|p2a: Abomasnow|Abomasnow, L84, F|216/287\n|-damage|p2a: Abomasnow|145/287|[from] Stealth Rock\n|-weather|Snowscape|[from] ability: Snow Warning|[of] p2a: Abomasnow\n|move|p1a: Chien-Pao|Crunch|p2a: Abomasnow\n|-damage|p2a: Abomasnow|31/287\n|\n|-weather|Snowscape|[upkeep]\n|upkeep\n|turn|38\n|\n|t:|1782823786\n|move|p2a: Abomasnow|Ice Shard|p1a: Chien-Pao\n|-resisted|p1a: Chien-Pao\n|-damage|p1a: Chien-Pao|216/234\n|move|p1a: Chien-Pao|Crunch|p2a: Abomasnow\n|-damage|p2a: Abomasnow|0 fnt\n|faint|p2a: Abomasnow\n|\n|-weather|Snowscape|[upkeep]\n|upkeep\n|\n|t:|1782823788\n|switch|p2a: Entei|Entei, L78|307/307\n|-damage|p2a: Entei|231/307|[from] Stealth Rock\n|turn|39\n|\n|t:|1782823792\n|-terastallize|p1a: Chien-Pao|Dark\n|move|p1a: Chien-Pao|Crunch|p2a: Entei\n|-damage|p2a: Entei|31/307\n|move|p2a: Entei|Sacred Fire|p1a: Chien-Pao\n|-damage|p1a: Chien-Pao|15/234\n|-status|p1a: Chien-Pao|brn\n|\n|-weather|Snowscape|[upkeep]\n|-damage|p1a: Chien-Pao|1/234 brn|[from] brn\n|upkeep\n|turn|40\n|\n|t:|1782823799\n|move|p1a: Chien-Pao|Crunch|p2a: Entei\n|-damage|p2a: Entei|0 fnt\n|faint|p2a: Entei\n|\n|-weather|Snowscape|[upkeep]\n|-damage|p1a: Chien-Pao|0 fnt|[from] brn\n|faint|p1a: Chien-Pao\n|upkeep\n|\n|t:|1782823802\n|switch|p1a: Pachirisu|Pachirisu, L96, F|91/271\n|switch|p2a: Chandelure|Chandelure, L83, F|235/235\n|-damage|p2a: Chandelure|177/235|[from] Stealth Rock\n|turn|41\n|\n|t:|1782823807\n|move|p2a: Chandelure|Shadow Ball|p1a: Pachirisu\n|-damage|p1a: Pachirisu|21/271\n|-unboost|p1a: Pachirisu|spd|1\n|move|p1a: Pachirisu|Nuzzle|p2a: Chandelure\n|-damage|p2a: Chandelure|161/235\n|-status|p2a: Chandelure|par\n|\n|-weather|none\n|upkeep\n|turn|42\n|\n|t:|1782823810\n|move|p1a: Pachirisu|Thunderbolt|p2a: Chandelure\n|-damage|p2a: Chandelure|92/235 par\n|move|p2a: Chandelure|Shadow Ball|p1a: Pachirisu\n|-damage|p1a: Pachirisu|0 fnt\n|faint|p1a: Pachirisu\n|\n|win|Sennett\n", "inputlog": ">version f8ac14003a5f27e1bdc8d8c59608a773c1cb96e5\n>start {\"formatid\":\"gen9randombattle\",\"seed\":\"sodium,3be5dd1f555b99410110d18dc0d93737\",\"rated\":\"Rated battle\"}\n>player p1 {\"name\":\"UBHCA\",\"avatar\":\"101\",\"rating\":1978,\"seed\":\"sodium,97c437a7375449fab52cce7c600fdd84\"}\n>player p2 {\"name\":\"Sennett\",\"avatar\":\"zinnia-masters\",\"rating\":1947,\"seed\":\"sodium,c228f5c45e3b9eeaec93c1008a52d77c\"}\n>p1 switch 6\n>p2 move sacredfire\n>p1 move stealthrock\n>p2 switch 4\n>p1 switch 3\n>p2 move bodyslam\n>p1 move knockoff\n>p2 move protect\n>p1 move uturn\n>p2 move bodyslam terastallize\n>p1 switch 3\n>p1 move roar\n>p2 move wish\n>p1 move roar\n>p2 move auroraveil\n>p1 move roar\n>p2 move knockoff\n>p1 switch 6\n>p1 move sacredsword\n>p2 switch 3\n>p1 switch 5\n>p2 move bodyslam\n>p1 move superfang\n>p2 switch 3\n>p1 move uturn\n>p2 move stoneedge\n>p1 switch 2\n>p1 switch 2\n>p2 move stoneedge\n>p1 move uturn\n>p2 move stoneedge\n>p1 switch 2\n>p1 switch 5\n>p1 move iciclecrash\n>p2 move stoneedge\n>p2 switch 2\n>p1 switch 4\n>p2 move rapidspin\n>p1 move calmmind\n>p2 move sludgebomb\n>p1 move calmmind\n>p2 move haze\n>p1 move calmmind\n>p2 move sludgebomb\n>p1 switch 4\n>p2 move haze\n>p1 move crunch\n>p2 switch 3\n>p1 switch 3\n>p2 move wish\n>p1 move roost\n>p2 move protect\n>p1 move bravebird\n>p2 move wish\n>p1 move bravebird\n>p2 move protect\n>p1 move bravebird\n>p2 move wish\n>p1 move roost\n>p2 move bodyslam\n>p1 move bravebird\n>p2 move wish\n>p1 move roost\n>p2 move protect\n>p1 move bravebird\n>p2 move wish\n>p1 move bravebird\n>p2 move protect\n>p1 move bravebird\n>p2 move bodyslam\n>p1 switch 3\n>p1 move iciclecrash\n>p2 move protect\n>p1 move iciclecrash\n>p2 switch 3\n>p1 switch 4\n>p2 move sludgebomb\n>p1 move matchagotcha\n>p2 move surf\n>p1 switch 4\n>p1 move crunch\n>p2 switch 6\n>p1 move crunch\n>p2 move iceshard\n>p2 switch 4\n>p1 move crunch terastallize\n>p2 move sacredfire\n>p1 move crunch\n>p2 move sacredfire\n>p1 switch 2\n>p2 switch 5\n>p1 move nuzzle\n>p2 move shadowball\n>p1 move thunderbolt\n>p2 move shadowball", "uploadtime": 1782823472, "views": 5, "formatid": "gen9randombattle", "rating": null, "private": 0, "password": null, "player_dets": [{"name": "UBHCA", "avatar": "101", "rating": 1978, "seed": "sodium,97c437a7375449fab52cce7c600fdd84"}, {"name": "Sennett", "avatar": "zinnia-masters", "rating": 1947, "seed": "sodium,c228f5c45e3b9eeaec93c1008a52d77c"}], "teams_full": [{"Chien-Pao": {"name": "Chien-Pao", "species": "Chien-Pao", "speciesId": "chienpao", "gender": "N", "shiny": false, "level": 72, "moves": ["sacredsword", "iceshard", "iciclecrash", "crunch"], "ability": "Sword of Ruin", "evs": {"hp": 85, "atk": 85, "def": 85, "spa": 85, "spd": 85, "spe": 85}, "ivs": {"hp": 31, "atk": 31, "def": 31, "spa": 31, "spd": 31, "spe": 31}, "item": "Choice Band", "teraType": "Dark", "role": "Wallbreaker", "bvs": {"hp": 80, "atk": 120, "def": 80, "spa": 90, "spd": 65, "spe": 135}, "stats": {"hp": 234, "atk": 215, "def": 157, "spa": 172, "spd": 136, "spe": 236}, "types": ["Dark", "Ice"]}, "Salamence": {"name": "Salamence", "species": "Salamence", "speciesId": "salamence", "gender": "F", "shiny": false, "level": 77, "moves": ["outrage", "dualwingbeat", "dragondance", "earthquake"], "ability": "Intimidate", "evs": {"hp": 85, "atk": 85, "def": 85, "spa": 85, "spd": 85, "spe": 85}, "ivs": {"hp": 31, "atk": 31, "def": 31, "spa": 31, "spd": 31, "spe": 31}, "item": "Heavy-Duty Boots", "teraType": "Steel", "role": "Setup Sweeper", "bvs": {"hp": 95, "atk": 135, "def": 80, "spa": 110, "spd": 80, "spe": 100}, "stats": {"hp": 273, "atk": 252, "def": 168, "spa": 214, "spd": 168, "spe": 199}, "types": ["Dragon", "Flying"]}, "Bombirdier": {"name": "Bombirdier", "species": "Bombirdier", "speciesId": "bombirdier", "gender": "F", "shiny": false, "level": 85, "moves": ["knockoff", "bravebird", "uturn", "roost"], "ability": "Big Pecks", "evs": {"hp": 85, "atk": 85, "def": 85, "spa": 85, "spd": 85, "spe": 85}, "ivs": {"hp": 31, "atk": 31, "def": 31, "spa": 31, "spd": 31, "spe": 31}, "item": "Heavy-Duty Boots", "teraType": "Steel", "role": "Bulky Support", "bvs": {"hp": 70, "atk": 103, "def": 85, "spa": 60, "spd": 85, "spe": 82}, "stats": {"hp": 258, "atk": 224, "def": 193, "spa": 151, "spd": 193, "spe": 188}, "types": ["Flying", "Dark"]}, "Sinistcha": {"name": "Sinistcha", "species": "Sinistcha-Masterpiece", "speciesId": "sinistcha", "gender": "N", "shiny": false, "level": 83, "moves": ["calmmind", "matchagotcha", "strengthsap", "shadowball"], "ability": "Heatproof", "evs": {"hp": 85, "atk": 0, "def": 85, "spa": 85, "spd": 85, "spe": 85}, "ivs": {"hp": 31, "atk": 0, "def": 31, "spa": 31, "spd": 31, "spe": 31}, "item": "Leftovers", "teraType": "Steel", "role": "Bulky Setup", "bvs": {"hp": 71, "atk": 60, "def": 106, "spa": 121, "spd": 80, "spe": 70}, "stats": {"hp": 254, "atk": 104, "def": 224, "spa": 249, "spd": 180, "spe": 164}, "types": ["Grass", "Ghost"]}, "Pachirisu": {"name": "Pachirisu", "species": "Pachirisu", "speciesId": "pachirisu", "gender": "F", "shiny": false, "level": 96, "moves": ["thunderbolt", "nuzzle", "uturn", "superfang"], "ability": "Volt Absorb", "evs": {"hp": 85, "atk": 85, "def": 85, "spa": 85, "spd": 85, "spe": 85}, "ivs": {"hp": 31, "atk": 31, "def": 31, "spa": 31, "spd": 31, "spe": 31}, "item": "Assault Vest", "teraType": "Flying", "role": "AV Pivot", "bvs": {"hp": 60, "atk": 45, "def": 70, "spa": 45, "spd": 90, "spe": 95}, "stats": {"hp": 271, "atk": 141, "def": 189, "spa": 141, "spd": 227, "spe": 237}, "types": ["Electric"]}, "Swampert": {"name": "Swampert", "species": "Swampert", "speciesId": "swampert", "gender": "F", "shiny": false, "level": 83, "moves": ["icebeam", "roar", "stealthrock", "earthquake"], "ability": "Damp", "evs": {"hp": 85, "atk": 85, "def": 85, "spa": 85, "spd": 85, "spe": 85}, "ivs": {"hp": 31, "atk": 31, "def": 31, "spa": 31, "spd": 31, "spe": 31}, "item": "Leftovers", "teraType": "Poison", "role": "Bulky Support", "bvs": {"hp": 100, "atk": 110, "def": 90, "spa": 85, "spd": 90, "spe": 60}, "stats": {"hp": 302, "atk": 230, "def": 197, "spa": 189, "spd": 197, "spe": 147}, "types": ["Water", "Ground"]}}, {"Entei": {"name": "Entei", "species": "Entei", "speciesId": "entei", "gender": "N", "shiny": false, "level": 78, "moves": ["sacredfire", "stompingtantrum", "flareblitz", "extremespeed"], "ability": "Inner Focus", "evs": {"hp": 85, "atk": 85, "def": 85, "spa": 85, "spd": 85, "spe": 85}, "ivs": {"hp": 31, "atk": 31, "def": 31, "spa": 31, "spd": 31, "spe": 31}, "item": "Choice Band", "teraType": "Normal", "role": "Wallbreaker", "bvs": {"hp": 115, "atk": 115, "def": 85, "spa": 90, "spd": 75, "spe": 100}, "stats": {"hp": 307, "atk": 224, "def": 178, "spa": 185, "spd": 162, "spe": 201}, "types": ["Fire"]}, "Tentacruel": {"name": "Tentacruel", "species": "Tentacruel", "speciesId": "tentacruel", "gender": "F", "shiny": false, "level": 84, "moves": ["haze", "rapidspin", "surf", "sludgebomb"], "ability": "Liquid Ooze", "evs": {"hp": 85, "atk": 85, "def": 85, "spa": 85, "spd": 85, "spe": 85}, "ivs": {"hp": 31, "atk": 31, "def": 31, "spa": 31, "spd": 31, "spe": 31}, "item": "Leftovers", "teraType": "Grass", "role": "Bulky Support", "bvs": {"hp": 80, "atk": 70, "def": 65, "spa": 80, "spd": 120, "spe": 100}, "stats": {"hp": 272, "atk": 166, "def": 157, "spa": 183, "spd": 250, "spe": 216}, "types": ["Water", "Poison"]}, "Abomasnow": {"name": "Abomasnow", "species": "Abomasnow", "speciesId": "abomasnow", "gender": "F", "shiny": false, "level": 84, "moves": ["auroraveil", "iceshard", "blizzard", "woodhammer"], "ability": "Snow Warning", "evs": {"hp": 77, "atk": 85, "def": 85, "spa": 85, "spd": 85, "spe": 85}, "ivs": {"hp": 31, "atk": 31, "def": 31, "spa": 31, "spd": 31, "spe": 31}, "item": "Light Clay", "teraType": "Water", "role": "Bulky Support", "bvs": {"hp": 90, "atk": 92, "def": 75, "spa": 92, "spd": 85, "spe": 60}, "stats": {"hp": 287, "atk": 203, "def": 174, "spa": 203, "spd": 191, "spe": 149}, "types": ["Grass", "Ice"]}, "Farigiraf": {"name": "Farigiraf", "species": "Farigiraf", "speciesId": "farigiraf", "gender": "M", "shiny": false, "level": 90, "moves": ["psychicnoise", "wish", "protect", "bodyslam"], "ability": "Sap Sipper", "evs": {"hp": 85, "atk": 85, "def": 85, "spa": 85, "spd": 85, "spe": 85}, "ivs": {"hp": 31, "atk": 31, "def": 31, "spa": 31, "spd": 31, "spe": 31}, "item": "Leftovers", "teraType": "Fairy", "role": "Bulky Support", "bvs": {"hp": 120, "atk": 90, "def": 70, "spa": 110, "spd": 70, "spe": 60}, "stats": {"hp": 362, "atk": 213, "def": 177, "spa": 249, "spd": 177, "spe": 159}, "types": ["Normal", "Psychic"]}, "Chandelure": {"name": "Chandelure", "species": "Chandelure", "speciesId": "chandelure", "gender": "F", "shiny": false, "level": 83, "moves": ["energyball", "trick", "shadowball", "fireblast"], "ability": "Flash Fire", "evs": {"hp": 85, "atk": 0, "def": 85, "spa": 85, "spd": 85, "spe": 85}, "ivs": {"hp": 31, "atk": 0, "def": 31, "spa": 31, "spd": 31, "spe": 31}, "item": "Choice Scarf", "teraType": "Ghost", "role": "Fast Attacker", "bvs": {"hp": 60, "atk": 55, "def": 90, "spa": 145, "spd": 90, "spe": 80}, "stats": {"hp": 235, "atk": 96, "def": 197, "spa": 288, "spd": 197, "spe": 180}, "types": ["Ghost", "Fire"]}, "Krookodile": {"name": "Krookodile", "species": "Krookodile", "speciesId": "krookodile", "gender": "F", "shiny": false, "level": 79, "moves": ["stoneedge", "gunkshot", "knockoff", "earthquake"], "ability": "Intimidate", "evs": {"hp": 85, "atk": 85, "def": 85, "spa": 85, "spd": 85, "spe": 85}, "ivs": {"hp": 31, "atk": 31, "def": 31, "spa": 31, "spd": 31, "spe": 31}, "item": "Choice Band", "teraType": "Ground", "role": "Fast Attacker", "bvs": {"hp": 95, "atk": 117, "def": 80, "spa": 65, "spd": 70, "spe": 92}, "stats": {"hp": 280, "atk": 230, "def": 172, "spa": 148, "spd": 156, "spe": 191}, "types": ["Ground", "Dark"]}}]}