{"id": "gen9randombattle-2641495089", "format": "[Gen 9] Random Battle", "players": ["alechoel", "bgelmini"], "log": "|j|\u2606alechoel\n|j|\u2606bgelmini\n|t:|1782794321\n|gametype|singles\n|player|p1|alechoel|galacticgruntf|1311\n|player|p2|bgelmini|hiker-gen4|1263\n|gen|9\n|tier|[Gen 9] Random Battle\n|rated|\n|rule|Species Clause: Limit one of each Pok\u00e9mon\n|rule|HP Percentage Mod: HP is shown in percentages\n|rule|Sleep Clause Mod: Limit one foe put to sleep\n|rule|Illusion Level Mod: Illusion disguises the Pok\u00e9mon's true level\n|\n|t:|1782794321\n|teamsize|p1|6\n|teamsize|p2|6\n|start\n|switch|p1a: Victreebel|Victreebel, L90, F|290/290\n|switch|p2a: Gurdurr|Gurdurr, L85, M|283/283\n|turn|1\n|inactive|Battle timer is ON: inactive players will automatically lose when time's up. (requested by alechoel)\n|\n|t:|1782794337\n|move|p1a: Victreebel|Swords Dance|p1a: Victreebel\n|-boost|p1a: Victreebel|atk|2\n|move|p2a: Gurdurr|Knock Off|p1a: Victreebel\n|-damage|p1a: Victreebel|196/290\n|-enditem|p1a: Victreebel|Life Orb|[from] move: Knock Off|[of] p2a: Gurdurr\n|\n|upkeep\n|turn|2\n|\n|t:|1782794351\n|move|p1a: Victreebel|Poison Jab|p2a: Gurdurr\n|-damage|p2a: Gurdurr|154/283\n|move|p2a: Gurdurr|Drain Punch|p1a: Victreebel\n|-resisted|p1a: Victreebel\n|-damage|p1a: Victreebel|142/290\n|-heal|p2a: Gurdurr|181/283|[from] drain|[of] p1a: Victreebel\n|\n|upkeep\n|turn|3\n|\n|t:|1782794365\n|switch|p2a: Tinkaton|Tinkaton, L82, F|274/274\n|-ability|p2a: Tinkaton|Mold Breaker\n|move|p1a: Victreebel|Power Whip|p2a: Tinkaton|[miss]\n|-miss|p1a: Victreebel|p2a: Tinkaton\n|\n|upkeep\n|turn|4\n|\n|t:|1782794395\n|switch|p1a: Gumshoos|Gumshoos, L95, M|321/321\n|move|p2a: Tinkaton|Thunder Wave|p1a: Gumshoos\n|-status|p1a: Gumshoos|par\n|\n|upkeep\n|turn|5\n|\n|t:|1782794402\n|switch|p2a: Gurdurr|Gurdurr, L85, M|181/283\n|move|p1a: Gumshoos|Earthquake|p2a: Gurdurr\n|-damage|p2a: Gurdurr|0 fnt\n|faint|p2a: Gurdurr\n|\n|upkeep\n|\n|t:|1782794415\n|switch|p2a: Gliscor|Gliscor, L76, M|239/239\n|turn|6\n|\n|t:|1782794424\n|switch|p1a: Baxcalibur|Baxcalibur, L75, M|295/295\n|move|p2a: Gliscor|Substitute|p2a: Gliscor\n|-start|p2a: Gliscor|Substitute\n|-damage|p2a: Gliscor|180/239\n|\n|-status|p2a: Gliscor|tox|[from] item: Toxic Orb\n|upkeep\n|turn|7\n|\n|t:|1782794440\n|move|p1a: Baxcalibur|Ice Shard|p2a: Gliscor\n|-supereffective|p2a: Gliscor\n|-end|p2a: Gliscor|Substitute\n|move|p2a: Gliscor|Toxic|p1a: Baxcalibur\n|-status|p1a: Baxcalibur|tox\n|\n|-heal|p2a: Gliscor|209/239 tox|[from] ability: Poison Heal\n|-damage|p1a: Baxcalibur|277/295 tox|[from] psn\n|upkeep\n|turn|8\n|\n|t:|1782794450\n|move|p2a: Gliscor|Protect|p2a: Gliscor\n|-singleturn|p2a: Gliscor|Protect\n|move|p1a: Baxcalibur|Ice Shard|p2a: Gliscor\n|-activate|p2a: Gliscor|move: Protect\n|\n|-heal|p2a: Gliscor|238/239 tox|[from] ability: Poison Heal\n|-damage|p1a: Baxcalibur|241/295 tox|[from] psn\n|upkeep\n|turn|9\n|\n|t:|1782794460\n|switch|p2a: Tinkaton|Tinkaton, L82, F|274/274\n|-ability|p2a: Tinkaton|Mold Breaker\n|move|p1a: Baxcalibur|Ice Shard|p2a: Tinkaton\n|-resisted|p2a: Tinkaton\n|-damage|p2a: Tinkaton|232/274\n|\n|-heal|p2a: Tinkaton|249/274|[from] item: Leftovers\n|-damage|p1a: Baxcalibur|187/295 tox|[from] psn\n|upkeep\n|turn|10\n|\n|t:|1782794475\n|switch|p1a: Great Tusk|Great Tusk, L77|304/304\n|move|p2a: Tinkaton|Gigaton Hammer|p1a: Great Tusk\n|-damage|p1a: Great Tusk|199/304\n|\n|-heal|p2a: Tinkaton|266/274|[from] item: Leftovers\n|-heal|p1a: Great Tusk|218/304|[from] item: Leftovers\n|upkeep\n|turn|11\n|\n|t:|1782794484\n|switch|p2a: Gliscor|Gliscor, L76, M|238/239 tox\n|move|p1a: Great Tusk|Earthquake|p2a: Gliscor\n|-immune|p2a: Gliscor\n|\n|-heal|p1a: Great Tusk|237/304|[from] item: Leftovers\n|-heal|p2a: Gliscor|239/239 tox|[from] ability: Poison Heal\n|upkeep\n|turn|12\n|\n|t:|1782794498\n|move|p2a: Gliscor|Substitute|p2a: Gliscor\n|-start|p2a: Gliscor|Substitute\n|-damage|p2a: Gliscor|180/239 tox\n|move|p1a: Great Tusk|Stone Edge|p2a: Gliscor\n|-end|p2a: Gliscor|Substitute\n|\n|-heal|p1a: Great Tusk|256/304|[from] item: Leftovers\n|-heal|p2a: Gliscor|209/239 tox|[from] ability: Poison Heal\n|upkeep\n|turn|13\n|\n|t:|1782794528\n|-end|p1a: Great Tusk|Protosynthesis|[silent]\n|switch|p1a: Grumpig|Grumpig, L92, M|297/297\n|move|p2a: Gliscor|Toxic|p1a: Grumpig\n|-status|p1a: Grumpig|tox\n|\n|-damage|p1a: Grumpig|279/297 tox|[from] psn\n|-heal|p2a: Gliscor|238/239 tox|[from] ability: Poison Heal\n|upkeep\n|turn|14\n|inactive|bgelmini has 120 seconds left.\n|\n|t:|1782794565\n|move|p2a: Gliscor|Protect|p2a: Gliscor\n|-singleturn|p2a: Gliscor|Protect\n|move|p1a: Grumpig|Nasty Plot|p1a: Grumpig\n|-boost|p1a: Grumpig|spa|2\n|\n|-heal|p1a: Grumpig|297/297 tox|[from] item: Leftovers\n|-damage|p1a: Grumpig|261/297 tox|[from] psn\n|-heal|p2a: Gliscor|239/239 tox|[from] ability: Poison Heal\n|upkeep\n|turn|15\n|inactive|bgelmini has 120 seconds left.\n|\n|t:|1782794580\n|switch|p2a: Tinkaton|Tinkaton, L82, F|266/274\n|-ability|p2a: Tinkaton|Mold Breaker\n|move|p1a: Grumpig|Psychic|p2a: Tinkaton\n|-resisted|p2a: Tinkaton\n|-damage|p2a: Tinkaton|163/274\n|\n|-heal|p2a: Tinkaton|180/274|[from] item: Leftovers\n|-heal|p1a: Grumpig|279/297 tox|[from] item: Leftovers\n|-damage|p1a: Grumpig|225/297 tox|[from] psn\n|upkeep\n|turn|16\n|inactive|bgelmini has 120 seconds left.\n|\n|t:|1782794595\n|move|p2a: Tinkaton|Play Rough|p1a: Grumpig\n|-damage|p1a: Grumpig|132/297 tox\n|move|p1a: Grumpig|Focus Blast|p2a: Tinkaton|[miss]\n|-miss|p1a: Grumpig|p2a: Tinkaton\n|\n|-heal|p2a: Tinkaton|197/274|[from] item: Leftovers\n|-heal|p1a: Grumpig|150/297 tox|[from] item: Leftovers\n|-damage|p1a: Grumpig|78/297 tox|[from] psn\n|upkeep\n|turn|17\n|inactive|bgelmini has 120 seconds left.\n|\n|t:|1782794605\n|move|p2a: Tinkaton|Knock Off|p1a: Grumpig\n|-supereffective|p1a: Grumpig\n|-damage|p1a: Grumpig|0 fnt\n|-enditem|p1a: Grumpig|Leftovers|[from] move: Knock Off|[of] p2a: Tinkaton\n|faint|p1a: Grumpig\n|\n|-heal|p2a: Tinkaton|214/274|[from] item: Leftovers\n|upkeep\n|\n|t:|1782794621\n|switch|p1a: Gumshoos|Gumshoos, L95, M|321/321 par\n|turn|18\n|\n|t:|1782794628\n|move|p2a: Tinkaton|Gigaton Hammer|p1a: Gumshoos\n|-damage|p1a: Gumshoos|162/321 par\n|move|p1a: Gumshoos|Double-Edge|p2a: Tinkaton\n|-resisted|p2a: Tinkaton\n|-damage|p2a: Tinkaton|71/274\n|-damage|p1a: Gumshoos|115/321 par|[from] Recoil\n|\n|-heal|p2a: Tinkaton|88/274|[from] item: Leftovers\n|upkeep\n|turn|19\n|\n|t:|1782794643\n|move|p2a: Tinkaton|Play Rough|p1a: Gumshoos\n|-damage|p1a: Gumshoos|27/321 par\n|move|p1a: Gumshoos|Double-Edge|p2a: Tinkaton\n|-resisted|p2a: Tinkaton\n|-damage|p2a: Tinkaton|0 fnt\n|faint|p2a: Tinkaton\n|-damage|p1a: Gumshoos|0 fnt|[from] Recoil\n|faint|p1a: Gumshoos\n|\n|upkeep\n|inactive|bgelmini has 120 seconds left.\n|\n|t:|1782794672\n|switch|p2a: Haxorus|Haxorus, L77, M|244/244\n|switch|p1a: Great Tusk|Great Tusk, L77|256/304\n|-ability|p2a: Haxorus|Mold Breaker\n|turn|20\n|inactive|alechoel has 120 seconds left.\n|\n|t:|1782794708\n|-end|p1a: Great Tusk|Protosynthesis|[silent]\n|switch|p1a: Baxcalibur|Baxcalibur, L75, M|187/295 tox\n|move|p2a: Haxorus|Swords Dance|p2a: Haxorus\n|-boost|p2a: Haxorus|atk|2\n|\n|-damage|p1a: Baxcalibur|169/295 tox|[from] psn\n|upkeep\n|turn|21\n|\n|t:|1782794720\n|move|p1a: Baxcalibur|Ice Shard|p2a: Haxorus\n|-supereffective|p2a: Haxorus\n|-damage|p2a: Haxorus|88/244\n|move|p2a: Haxorus|Scale Shot|p1a: Baxcalibur\n|-supereffective|p1a: Baxcalibur\n|-damage|p1a: Baxcalibur|25/295 tox\n|-supereffective|p1a: Baxcalibur\n|-damage|p1a: Baxcalibur|0 fnt\n|faint|p1a: Baxcalibur\n|-hitcount|p1: Baxcalibur|2\n|-unboost|p2a: Haxorus|def|1\n|-boost|p2a: Haxorus|spe|1\n|\n|upkeep\n|\n|t:|1782794729\n|switch|p1a: Brute Bonnet|Brute Bonnet, L80|309/309\n|turn|22\n|\n|t:|1782794740\n|move|p1a: Brute Bonnet|Sucker Punch|p2a: Haxorus\n|-damage|p2a: Haxorus|0 fnt\n|faint|p2a: Haxorus\n|\n|upkeep\n|\n|t:|1782794749\n|switch|p2a: Ho-Oh|Ho-Oh, L71|268/268\n|turn|23\n|\n|t:|1782794762\n|-terastallize|p1a: Brute Bonnet|Dark\n|move|p2a: Ho-Oh|Sacred Fire|p1a: Brute Bonnet\n|-damage|p1a: Brute Bonnet|207/309\n|move|p1a: Brute Bonnet|Crunch|p2a: Ho-Oh\n|-damage|p2a: Ho-Oh|104/268\n|-unboost|p2a: Ho-Oh|def|1\n|\n|-heal|p1a: Brute Bonnet|226/309|[from] item: Leftovers\n|upkeep\n|turn|24\n|\n|t:|1782794775\n|switch|p2a: Iron Treads|Iron Treads, L77|265/265\n|move|p1a: Brute Bonnet|Sucker Punch||[still]\n|-fail|p1a: Brute Bonnet\n|\n|-heal|p1a: Brute Bonnet|245/309|[from] item: Leftovers\n|upkeep\n|turn|25\n|\n|t:|1782794787\n|move|p2a: Iron Treads|Iron Head|p1a: Brute Bonnet\n|-damage|p1a: Brute Bonnet|167/309\n|cant|p1a: Brute Bonnet|flinch\n|\n|-heal|p1a: Brute Bonnet|186/309|[from] item: Leftovers\n|upkeep\n|turn|26\n|\n|t:|1782794796\n|move|p2a: Iron Treads|Earthquake|p1a: Brute Bonnet\n|-damage|p1a: Brute Bonnet|89/309\n|move|p1a: Brute Bonnet|Spore|p2a: Iron Treads\n|-status|p2a: Iron Treads|slp|[from] move: Spore\n|\n|-heal|p1a: Brute Bonnet|108/309|[from] item: Leftovers\n|upkeep\n|turn|27\n|inactive|bgelmini has 120 seconds left.\n|\n|t:|1782794811\n|-end|p2a: Iron Treads|Quark Drive|[silent]\n|switch|p2a: Gliscor|Gliscor, L76, M|239/239 tox\n|move|p1a: Brute Bonnet|Crunch|p2a: Gliscor\n|-damage|p2a: Gliscor|123/239 tox\n|\n|-heal|p1a: Brute Bonnet|127/309|[from] item: Leftovers\n|-heal|p2a: Gliscor|152/239 tox|[from] ability: Poison Heal\n|upkeep\n|turn|28\n|inactive|bgelmini has 120 seconds left.\n|\n|t:|1782794821\n|move|p2a: Gliscor|Toxic|p1a: Brute Bonnet\n|-status|p1a: Brute Bonnet|tox\n|move|p1a: Brute Bonnet|Crunch|p2a: Gliscor\n|-damage|p2a: Gliscor|40/239 tox\n|\n|-heal|p1a: Brute Bonnet|146/309 tox|[from] item: Leftovers\n|-heal|p2a: Gliscor|69/239 tox|[from] ability: Poison Heal\n|-damage|p1a: Brute Bonnet|127/309 tox|[from] psn\n|upkeep\n|turn|29\n|inactive|bgelmini has 120 seconds left.\n|\n|t:|1782794831\n|move|p2a: Gliscor|Protect|p2a: Gliscor\n|-singleturn|p2a: Gliscor|Protect\n|move|p1a: Brute Bonnet|Crunch|p2a: Gliscor\n|-activate|p2a: Gliscor|move: Protect\n|\n|-heal|p1a: Brute Bonnet|146/309 tox|[from] item: Leftovers\n|-heal|p2a: Gliscor|98/239 tox|[from] ability: Poison Heal\n|-damage|p1a: Brute Bonnet|108/309 tox|[from] psn\n|upkeep\n|turn|30\n|inactive|bgelmini has 120 seconds left.\n|\n|t:|1782794842\n|move|p2a: Gliscor|Substitute|p2a: Gliscor\n|-start|p2a: Gliscor|Substitute\n|-damage|p2a: Gliscor|39/239 tox\n|move|p1a: Brute Bonnet|Crunch|p2a: Gliscor\n|-end|p2a: Gliscor|Substitute\n|\n|-heal|p1a: Brute Bonnet|127/309 tox|[from] item: Leftovers\n|-heal|p2a: Gliscor|68/239 tox|[from] ability: Poison Heal\n|-damage|p1a: Brute Bonnet|70/309 tox|[from] psn\n|upkeep\n|turn|31\n|inactive|bgelmini has 120 seconds left.\n|\n|t:|1782794853\n|move|p2a: Gliscor|Protect|p2a: Gliscor\n|-singleturn|p2a: Gliscor|Protect\n|move|p1a: Brute Bonnet|Crunch|p2a: Gliscor\n|-activate|p2a: Gliscor|move: Protect\n|\n|-heal|p1a: Brute Bonnet|89/309 tox|[from] item: Leftovers\n|-heal|p2a: Gliscor|97/239 tox|[from] ability: Poison Heal\n|-damage|p1a: Brute Bonnet|13/309 tox|[from] psn\n|upkeep\n|turn|32\n|inactive|bgelmini has 120 seconds left.\n|\n|t:|1782794864\n|move|p2a: Gliscor|Substitute|p2a: Gliscor\n|-start|p2a: Gliscor|Substitute\n|-damage|p2a: Gliscor|38/239 tox\n|move|p1a: Brute Bonnet|Crunch|p2a: Gliscor\n|-end|p2a: Gliscor|Substitute\n|\n|-heal|p1a: Brute Bonnet|32/309 tox|[from] item: Leftovers\n|-heal|p2a: Gliscor|67/239 tox|[from] ability: Poison Heal\n|-damage|p1a: Brute Bonnet|0 fnt|[from] psn\n|faint|p1a: Brute Bonnet\n|-end|p1a: Brute Bonnet|Protosynthesis|[silent]\n|upkeep\n|\n|t:|1782794875\n|switch|p1a: Great Tusk|Great Tusk, L77|256/304\n|turn|33\n|inactive|bgelmini has 120 seconds left.\n|\n|t:|1782794886\n|move|p2a: Gliscor|Substitute|p2a: Gliscor\n|-start|p2a: Gliscor|Substitute\n|-damage|p2a: Gliscor|8/239 tox\n|move|p1a: Great Tusk|Stone Edge|p2a: Gliscor\n|-end|p2a: Gliscor|Substitute\n|\n|-heal|p1a: Great Tusk|275/304|[from] item: Leftovers\n|-heal|p2a: Gliscor|37/239 tox|[from] ability: Poison Heal\n|upkeep\n|turn|34\n|\n|t:|1782794895\n|move|p2a: Gliscor|Protect|p2a: Gliscor\n|-singleturn|p2a: Gliscor|Protect\n|move|p1a: Great Tusk|Stone Edge|p2a: Gliscor\n|-activate|p2a: Gliscor|move: Protect\n|\n|-heal|p1a: Great Tusk|294/304|[from] item: Leftovers\n|-heal|p2a: Gliscor|66/239 tox|[from] ability: Poison Heal\n|upkeep\n|turn|35\n|\n|t:|1782794906\n|move|p2a: Gliscor|Substitute|p2a: Gliscor\n|-start|p2a: Gliscor|Substitute\n|-damage|p2a: Gliscor|7/239 tox\n|move|p1a: Great Tusk|Stone Edge|p2a: Gliscor\n|-end|p2a: Gliscor|Substitute\n|\n|-heal|p1a: Great Tusk|304/304|[from] item: Leftovers\n|-heal|p2a: Gliscor|36/239 tox|[from] ability: Poison Heal\n|upkeep\n|turn|36\n|\n|t:|1782794916\n|move|p2a: Gliscor|Protect|p2a: Gliscor\n|-singleturn|p2a: Gliscor|Protect\n|move|p1a: Great Tusk|Bulk Up|p1a: Great Tusk\n|-boost|p1a: Great Tusk|atk|1\n|-boost|p1a: Great Tusk|def|1\n|\n|-heal|p2a: Gliscor|65/239 tox|[from] ability: Poison Heal\n|upkeep\n|turn|37\n|\n|t:|1782794925\n|move|p2a: Gliscor|Substitute|p2a: Gliscor\n|-start|p2a: Gliscor|Substitute\n|-damage|p2a: Gliscor|6/239 tox\n|move|p1a: Great Tusk|Stone Edge|p2a: Gliscor\n|-end|p2a: Gliscor|Substitute\n|\n|-heal|p2a: Gliscor|35/239 tox|[from] ability: Poison Heal\n|upkeep\n|turn|38\n|\n|t:|1782794935\n|move|p2a: Gliscor|Protect|p2a: Gliscor\n|-singleturn|p2a: Gliscor|Protect\n|move|p1a: Great Tusk|Bulk Up|p1a: Great Tusk\n|-boost|p1a: Great Tusk|atk|1\n|-boost|p1a: Great Tusk|def|1\n|\n|-heal|p2a: Gliscor|64/239 tox|[from] ability: Poison Heal\n|upkeep\n|turn|39\n|\n|t:|1782794946\n|move|p2a: Gliscor|Substitute|p2a: Gliscor\n|-start|p2a: Gliscor|Substitute\n|-damage|p2a: Gliscor|5/239 tox\n|move|p1a: Great Tusk|Stone Edge|p2a: Gliscor\n|-end|p2a: Gliscor|Substitute\n|\n|-heal|p2a: Gliscor|34/239 tox|[from] ability: Poison Heal\n|upkeep\n|turn|40\n|\n|t:|1782794959\n|move|p2a: Gliscor|Protect|p2a: Gliscor\n|-singleturn|p2a: Gliscor|Protect\n|move|p1a: Great Tusk|Stone Edge|p2a: Gliscor\n|-activate|p2a: Gliscor|move: Protect\n|\n|-heal|p2a: Gliscor|63/239 tox|[from] ability: Poison Heal\n|upkeep\n|turn|41\n|\n|t:|1782794968\n|move|p2a: Gliscor|Substitute|p2a: Gliscor\n|-start|p2a: Gliscor|Substitute\n|-damage|p2a: Gliscor|4/239 tox\n|move|p1a: Great Tusk|Close Combat|p2a: Gliscor\n|-resisted|p2a: Gliscor\n|-end|p2a: Gliscor|Substitute\n|-unboost|p1a: Great Tusk|def|1\n|-unboost|p1a: Great Tusk|spd|1\n|\n|-heal|p2a: Gliscor|33/239 tox|[from] ability: Poison Heal\n|upkeep\n|turn|42\n|\n|t:|1782794984\n|move|p2a: Gliscor|Protect|p2a: Gliscor\n|-singleturn|p2a: Gliscor|Protect\n|move|p1a: Great Tusk|Bulk Up|p1a: Great Tusk\n|-boost|p1a: Great Tusk|atk|1\n|-boost|p1a: Great Tusk|def|1\n|\n|-heal|p2a: Gliscor|62/239 tox|[from] ability: Poison Heal\n|upkeep\n|turn|43\n|\n|t:|1782794995\n|move|p2a: Gliscor|Substitute|p2a: Gliscor\n|-start|p2a: Gliscor|Substitute\n|-damage|p2a: Gliscor|3/239 tox\n|move|p1a: Great Tusk|Close Combat|p2a: Gliscor\n|-resisted|p2a: Gliscor\n|-end|p2a: Gliscor|Substitute\n|-unboost|p1a: Great Tusk|def|1\n|-unboost|p1a: Great Tusk|spd|1\n|\n|-heal|p2a: Gliscor|32/239 tox|[from] ability: Poison Heal\n|upkeep\n|turn|44\n|\n|t:|1782795006\n|move|p2a: Gliscor|Protect|p2a: Gliscor\n|-singleturn|p2a: Gliscor|Protect\n|move|p1a: Great Tusk|Close Combat|p2a: Gliscor\n|-activate|p2a: Gliscor|move: Protect\n|\n|-heal|p2a: Gliscor|61/239 tox|[from] ability: Poison Heal\n|upkeep\n|turn|45\n|\n|t:|1782795016\n|move|p2a: Gliscor|Substitute|p2a: Gliscor\n|-start|p2a: Gliscor|Substitute\n|-damage|p2a: Gliscor|2/239 tox\n|move|p1a: Great Tusk|Close Combat|p2a: Gliscor\n|-resisted|p2a: Gliscor\n|-end|p2a: Gliscor|Substitute\n|-unboost|p1a: Great Tusk|def|1\n|-unboost|p1a: Great Tusk|spd|1\n|\n|-heal|p2a: Gliscor|31/239 tox|[from] ability: Poison Heal\n|upkeep\n|turn|46\n|\n|t:|1782795027\n|move|p2a: Gliscor|Protect|p2a: Gliscor\n|-singleturn|p2a: Gliscor|Protect\n|move|p1a: Great Tusk|Close Combat|p2a: Gliscor\n|-activate|p2a: Gliscor|move: Protect\n|\n|-heal|p2a: Gliscor|60/239 tox|[from] ability: Poison Heal\n|upkeep\n|turn|47\n|\n|t:|1782795038\n|move|p2a: Gliscor|Toxic|p1a: Great Tusk\n|-status|p1a: Great Tusk|tox\n|move|p1a: Great Tusk|Close Combat|p2a: Gliscor\n|-resisted|p2a: Gliscor\n|-damage|p2a: Gliscor|0 fnt\n|-unboost|p1a: Great Tusk|def|1\n|-unboost|p1a: Great Tusk|spd|1\n|faint|p2a: Gliscor\n|\n|-damage|p1a: Great Tusk|285/304 tox|[from] psn\n|upkeep\n|\n|t:|1782795050\n|switch|p2a: Ho-Oh|Ho-Oh, L71|193/268\n|turn|48\n|\n|t:|1782795054\n|switch|p2a: Iron Treads|Iron Treads, L77|265/265 slp\n|move|p1a: Great Tusk|Stone Edge|p2a: Iron Treads\n|-resisted|p2a: Iron Treads\n|-damage|p2a: Iron Treads|227/265 slp\n|\n|-heal|p1a: Great Tusk|304/304 tox|[from] item: Leftovers\n|-damage|p1a: Great Tusk|266/304 tox|[from] psn\n|upkeep\n|turn|49\n|\n|t:|1782795071\n|-terastallize|p2a: Iron Treads|Ghost\n|cant|p2a: Iron Treads|slp\n|move|p1a: Great Tusk|Earthquake|p2a: Iron Treads\n|-damage|p2a: Iron Treads|0 fnt\n|faint|p2a: Iron Treads\n|-end|p2a: Iron Treads|Quark Drive|[silent]\n|\n|-heal|p1a: Great Tusk|285/304 tox|[from] item: Leftovers\n|-damage|p1a: Great Tusk|228/304 tox|[from] psn\n|upkeep\n|\n|t:|1782795083\n|switch|p2a: Ho-Oh|Ho-Oh, L71|268/268\n|turn|50\n|\n|t:|1782795090\n|move|p1a: Great Tusk|Close Combat|p2a: Ho-Oh\n|-resisted|p2a: Ho-Oh\n|-damage|p2a: Ho-Oh|85/268\n|-unboost|p1a: Great Tusk|def|1\n|-unboost|p1a: Great Tusk|spd|1\n|move|p2a: Ho-Oh|Brave Bird|p1a: Great Tusk\n|-supereffective|p1a: Great Tusk\n|-crit|p1a: Great Tusk\n|-damage|p1a: Great Tusk|0 fnt\n|faint|p1a: Great Tusk\n|-end|p1a: Great Tusk|Protosynthesis|[silent]\n|-damage|p2a: Ho-Oh|10/268|[from] Recoil\n|\n|upkeep\n|\n|t:|1782795099\n|switch|p1a: Victreebel|Victreebel, L90, F|142/290\n|turn|51\n|\n|t:|1782795109\n|move|p1a: Victreebel|Sucker Punch|p2a: Ho-Oh\n|-damage|p2a: Ho-Oh|0 fnt\n|faint|p2a: Ho-Oh\n|\n|win|alechoel\n|raw|alechoel's rating: 1311 &rarr; <strong>1328</strong><br />(+17 for winning)\n|raw|bgelmini's rating: 1263 &rarr; <strong>1241</strong><br />(-22 for losing)\n|c|\u2606alechoel|gg\n|c|\u2606bgelmini|Gg\n", "inputlog": ">version f8ac14003a5f27e1bdc8d8c59608a773c1cb96e5\n>start {\"formatid\":\"gen9randombattle\",\"seed\":\"sodium,d0ae0823161917e780dbb26ef05d1ff3\",\"rated\":\"Rated battle\"}\n>player p1 {\"name\":\"alechoel\",\"avatar\":\"galacticgruntf\",\"rating\":1311,\"seed\":\"sodium,a9bef8646c7a44b64467ccfa55473a0d\"}\n>player p2 {\"name\":\"bgelmini\",\"avatar\":\"hiker-gen4\",\"rating\":1263,\"seed\":\"sodium,cf0588b94a6a733613636d1315bed9d1\"}\n>p1 move swordsdance\n>p2 move knockoff\n>p1 move poisonjab\n>p2 move drainpunch\n>p1 move powerwhip\n>p2 switch 2\n>p1 switch 5\n>p2 move thunderwave\n>p1 move earthquake\n>p2 switch 2\n>p2 switch 3\n>p1 switch 4\n>p2 move substitute\n>p1 move iceshard\n>p2 move toxic\n>p1 move iceshard\n>p2 move protect\n>p1 move iceshard\n>p2 switch 2\n>p1 switch 3\n>p2 move gigatonhammer\n>p1 move earthquake\n>p2 switch 2\n>p1 move stoneedge\n>p2 move substitute\n>p1 switch 6\n>p2 move toxic\n>p1 move nastyplot\n>p2 move protect\n>p1 move psychic\n>p2 switch 2\n>p1 move focusblast\n>p2 move playrough\n>p1 move focusblast\n>p2 move knockoff\n>p1 switch 4\n>p1 move doubleedge\n>p2 move gigatonhammer\n>p1 move doubleedge\n>p2 move playrough\n>p1 switch 6\n>p2 switch 4\n>p1 switch 3\n>p2 move swordsdance\n>p1 move iceshard\n>p2 move scaleshot\n>p1 switch 2\n>p1 move suckerpunch\n>p2 move scaleshot\n>p2 switch 5\n>p1 move crunch terastallize\n>p2 move sacredfire\n>p1 move suckerpunch\n>p2 switch 6\n>p1 move spore\n>p2 move ironhead\n>p1 move spore\n>p2 move earthquake\n>p1 move crunch\n>p2 switch 2\n>p1 move crunch\n>p2 move toxic\n>p1 move crunch\n>p2 move protect\n>p1 move crunch\n>p2 move substitute\n>p1 move crunch\n>p2 move protect\n>p1 move crunch\n>p2 move substitute\n>p1 switch 3\n>p1 move stoneedge\n>p2 move substitute\n>p1 move stoneedge\n>p2 move protect\n>p1 move stoneedge\n>p2 move substitute\n>p1 move bulkup\n>p2 move protect\n>p1 move stoneedge\n>p2 move substitute\n>p1 move bulkup\n>p2 move protect\n>p1 move stoneedge\n>p2 move substitute\n>p1 move stoneedge\n>p2 move protect\n>p1 move closecombat\n>p2 move substitute\n>p1 move bulkup\n>p2 move protect\n>p1 move closecombat\n>p2 move substitute\n>p1 move closecombat\n>p2 move protect\n>p1 move closecombat\n>p2 move substitute\n>p1 move closecombat\n>p2 move protect\n>p1 move closecombat\n>p2 move toxic\n>p2 switch 6\n>p1 move stoneedge\n>p2 switch 2\n>p1 move earthquake\n>p2 move earthquake terastallize\n>p2 switch 2\n>p1 move closecombat\n>p2 move bravebird\n>p1 switch 5\n>p1 move suckerpunch\n>p2 move bravebird", "uploadtime": 1782795125, "views": 10, "formatid": "gen9randombattle", "rating": 1241, "private": 0, "password": null, "player_dets": [{"name": "alechoel", "avatar": "galacticgruntf", "rating": 1311, "seed": "sodium,a9bef8646c7a44b64467ccfa55473a0d"}, {"name": "bgelmini", "avatar": "hiker-gen4", "rating": 1263, "seed": "sodium,cf0588b94a6a733613636d1315bed9d1"}], "teams_full": [{"Victreebel": {"name": "Victreebel", "species": "Victreebel", "speciesId": "victreebel", "gender": "F", "shiny": false, "level": 90, "moves": ["powerwhip", "suckerpunch", "swordsdance", "poisonjab"], "ability": "Chlorophyll", "evs": {"hp": 85, "atk": 85, "def": 85, "spa": 85, "spd": 85, "spe": 85}, "ivs": {"hp": 31, "atk": 31, "def": 31, "spa": 31, "spd": 31, "spe": 31}, "item": "Life Orb", "teraType": "Dark", "role": "Setup Sweeper", "bvs": {"hp": 80, "atk": 105, "def": 65, "spa": 100, "spd": 70, "spe": 70}, "stats": {"hp": 290, "atk": 240, "def": 168, "spa": 231, "spd": 177, "spe": 177}, "types": ["Grass", "Poison"]}, "Brute Bonnet": {"name": "Brute Bonnet", "species": "Brute Bonnet", "speciesId": "brutebonnet", "gender": "N", "shiny": false, "level": 80, "moves": ["spore", "suckerpunch", "seedbomb", "crunch"], "ability": "Protosynthesis", "evs": {"hp": 85, "atk": 85, "def": 85, "spa": 85, "spd": 85, "spe": 85}, "ivs": {"hp": 31, "atk": 31, "def": 31, "spa": 31, "spd": 31, "spe": 31}, "item": "Leftovers", "teraType": "Dark", "role": "Bulky Support", "bvs": {"hp": 111, "atk": 127, "def": 99, "spa": 79, "spd": 99, "spe": 55}, "stats": {"hp": 309, "atk": 249, "def": 205, "spa": 173, "spd": 205, "spe": 134}, "types": ["Grass", "Dark"]}, "Great Tusk": {"name": "Great Tusk", "species": "Great Tusk", "speciesId": "greattusk", "gender": "N", "shiny": false, "level": 77, "moves": ["bulkup", "earthquake", "stoneedge", "closecombat"], "ability": "Protosynthesis", "evs": {"hp": 85, "atk": 85, "def": 85, "spa": 85, "spd": 85, "spe": 85}, "ivs": {"hp": 31, "atk": 31, "def": 31, "spa": 31, "spd": 31, "spe": 31}, "item": "Leftovers", "teraType": "Steel", "role": "Bulky Setup", "bvs": {"hp": 115, "atk": 131, "def": 131, "spa": 53, "spd": 53, "spe": 87}, "stats": {"hp": 304, "atk": 246, "def": 246, "spa": 126, "spd": 126, "spe": 179}, "types": ["Ground", "Fighting"]}, "Baxcalibur": {"name": "Baxcalibur", "species": "Baxcalibur", "speciesId": "baxcalibur", "gender": "M", "shiny": false, "level": 75, "moves": ["iciclecrash", "glaiverush", "iceshard", "earthquake"], "ability": "Thermal Exchange", "evs": {"hp": 81, "atk": 85, "def": 85, "spa": 85, "spd": 85, "spe": 85}, "ivs": {"hp": 31, "atk": 31, "def": 31, "spa": 31, "spd": 31, "spe": 31}, "item": "Choice Band", "teraType": "Dragon", "role": "Fast Attacker", "bvs": {"hp": 115, "atk": 145, "def": 92, "spa": 75, "spd": 86, "spe": 87}, "stats": {"hp": 295, "atk": 261, "def": 182, "spa": 156, "spd": 173, "spe": 174}, "types": ["Dragon", "Ice"]}, "Gumshoos": {"name": "Gumshoos", "species": "Gumshoos", "speciesId": "gumshoos", "gender": "M", "shiny": false, "level": 95, "moves": ["uturn", "earthquake", "knockoff", "doubleedge"], "ability": "Stakeout", "evs": {"hp": 85, "atk": 85, "def": 85, "spa": 85, "spd": 85, "spe": 85}, "ivs": {"hp": 31, "atk": 31, "def": 31, "spa": 31, "spd": 31, "spe": 31}, "item": "Choice Band", "teraType": "Normal", "role": "Wallbreaker", "bvs": {"hp": 88, "atk": 110, "def": 60, "spa": 55, "spd": 60, "spe": 45}, "stats": {"hp": 321, "atk": 263, "def": 168, "spa": 158, "spd": 168, "spe": 139}, "types": ["Normal"]}, "Grumpig": {"name": "Grumpig", "species": "Grumpig", "speciesId": "grumpig", "gender": "M", "shiny": false, "level": 92, "moves": ["focusblast", "shadowball", "nastyplot", "psychic"], "ability": "Thick Fat", "evs": {"hp": 85, "atk": 0, "def": 85, "spa": 85, "spd": 85, "spe": 85}, "ivs": {"hp": 31, "atk": 0, "def": 31, "spa": 31, "spd": 31, "spe": 31}, "item": "Leftovers", "teraType": "Fighting", "role": "Bulky Setup", "bvs": {"hp": 80, "atk": 45, "def": 65, "spa": 90, "spd": 110, "spe": 80}, "stats": {"hp": 297, "atk": 87, "def": 172, "spa": 218, "spd": 255, "spe": 200}, "types": ["Psychic"]}}, {"Gurdurr": {"name": "Gurdurr", "species": "Gurdurr", "speciesId": "gurdurr", "gender": "M", "shiny": false, "level": 85, "moves": ["knockoff", "defog", "machpunch", "drainpunch"], "ability": "Guts", "evs": {"hp": 85, "atk": 85, "def": 85, "spa": 85, "spd": 85, "spe": 85}, "ivs": {"hp": 31, "atk": 31, "def": 31, "spa": 31, "spd": 31, "spe": 31}, "item": "Eviolite", "teraType": "Steel", "role": "Bulky Attacker", "bvs": {"hp": 85, "atk": 105, "def": 85, "spa": 40, "spd": 50, "spe": 40}, "stats": {"hp": 283, "atk": 227, "def": 193, "spa": 117, "spd": 134, "spe": 117}, "types": ["Fighting"]}, "Tinkaton": {"name": "Tinkaton", "species": "Tinkaton", "speciesId": "tinkaton", "gender": "F", "shiny": false, "level": 82, "moves": ["playrough", "thunderwave", "knockoff", "gigatonhammer"], "ability": "Mold Breaker", "evs": {"hp": 85, "atk": 85, "def": 85, "spa": 85, "spd": 85, "spe": 85}, "ivs": {"hp": 31, "atk": 31, "def": 31, "spa": 31, "spd": 31, "spe": 31}, "item": "Leftovers", "teraType": "Water", "role": "Bulky Attacker", "bvs": {"hp": 85, "atk": 75, "def": 77, "spa": 70, "spd": 105, "spe": 94}, "stats": {"hp": 274, "atk": 170, "def": 173, "spa": 162, "spd": 219, "spe": 201}, "types": ["Fairy", "Steel"]}, "Gliscor": {"name": "Gliscor", "species": "Gliscor", "speciesId": "gliscor", "gender": "M", "shiny": false, "level": 76, "moves": ["toxic", "substitute", "protect", "earthquake"], "ability": "Poison Heal", "evs": {"hp": 85, "atk": 85, "def": 85, "spa": 85, "spd": 85, "spe": 85}, "ivs": {"hp": 31, "atk": 31, "def": 31, "spa": 31, "spd": 31, "spe": 31}, "item": "Toxic Orb", "teraType": "Water", "role": "Fast Support", "bvs": {"hp": 75, "atk": 95, "def": 125, "spa": 45, "spd": 75, "spe": 95}, "stats": {"hp": 239, "atk": 188, "def": 234, "spa": 112, "spd": 158, "spe": 188}, "types": ["Ground", "Flying"]}, "Haxorus": {"name": "Haxorus", "species": "Haxorus", "speciesId": "haxorus", "gender": "M", "shiny": false, "level": 77, "moves": ["ironhead", "earthquake", "scaleshot", "swordsdance"], "ability": "Mold Breaker", "evs": {"hp": 85, "atk": 85, "def": 85, "spa": 85, "spd": 85, "spe": 85}, "ivs": {"hp": 31, "atk": 31, "def": 31, "spa": 31, "spd": 31, "spe": 31}, "item": "Loaded Dice", "teraType": "Steel", "role": "Fast Bulky Setup", "bvs": {"hp": 76, "atk": 147, "def": 90, "spa": 60, "spd": 70, "spe": 97}, "stats": {"hp": 244, "atk": 271, "def": 183, "spa": 137, "spd": 152, "spe": 194}, "types": ["Dragon"]}, "Ho-Oh": {"name": "Ho-Oh", "species": "Ho-Oh", "speciesId": "hooh", "gender": "N", "shiny": false, "level": 71, "moves": ["bravebird", "earthquake", "sacredfire", "recover"], "ability": "Regenerator", "evs": {"hp": 85, "atk": 85, "def": 85, "spa": 85, "spd": 85, "spe": 85}, "ivs": {"hp": 31, "atk": 31, "def": 31, "spa": 31, "spd": 31, "spe": 31}, "item": "Heavy-Duty Boots", "teraType": "Ground", "role": "Bulky Attacker", "bvs": {"hp": 106, "atk": 130, "def": 90, "spa": 110, "spd": 154, "spe": 90}, "stats": {"hp": 268, "atk": 226, "def": 169, "spa": 198, "spd": 260, "spe": 169}, "types": ["Fire", "Flying"]}, "Iron Treads": {"name": "Iron Treads", "species": "Iron Treads", "speciesId": "irontreads", "gender": "N", "shiny": false, "level": 77, "moves": ["knockoff", "voltswitch", "earthquake", "ironhead"], "ability": "Quark Drive", "evs": {"hp": 85, "atk": 85, "def": 85, "spa": 85, "spd": 85, "spe": 85}, "ivs": {"hp": 31, "atk": 31, "def": 31, "spa": 31, "spd": 31, "spe": 31}, "item": "Assault Vest", "teraType": "Ghost", "role": "Bulky Support", "bvs": {"hp": 90, "atk": 112, "def": 120, "spa": 72, "spd": 70, "spe": 106}, "stats": {"hp": 265, "atk": 217, "def": 229, "spa": 155, "spd": 152, "spe": 208}, "types": ["Ground", "Steel"]}}]}