{"id": "gen9randombattle-2641068321", "format": "[Gen 9] Random Battle", "players": ["notmetbh102", "Xeizar"], "log": "|j|\u2606notmetbh102\n|j|\u2606Xeizar\n|t:|1782735669\n|gametype|singles\n|player|p1|notmetbh102|2|2084\n|player|p2|Xeizar|#rbtt6teamkoraidonf|2162\n|gen|9\n|tier|[Gen 9] Random Battle\n|rated|\n|rule|Species Clause: Limit one of each Pok\u00e9mon\n|rule|HP Percentage Mod: HP is shown in percentages\n|rule|Sleep Clause Mod: Limit one foe put to sleep\n|rule|Illusion Level Mod: Illusion disguises the Pok\u00e9mon's true level\n|\n|t:|1782735669\n|teamsize|p1|6\n|teamsize|p2|6\n|start\n|switch|p1a: Goodra|Goodra, L85, F|292/292\n|switch|p2a: Florges|Florges-White, L85, F|271/271\n|turn|1\n|inactive|Battle timer is ON: inactive players will automatically lose when time's up. (requested by notmetbh102)\n|c|\u2606notmetbh102|hf\n|\n|t:|1782735687\n|switch|p1a: Emboar|Emboar, L84, M|322/322\n|move|p2a: Florges|Moonblast|p1a: Emboar\n|-damage|p1a: Emboar|175/322\n|-unboost|p1a: Emboar|spa|1\n|\n|upkeep\n|turn|2\n|\n|t:|1782735696\n|-terastallize|p1a: Emboar|Fire\n|move|p2a: Florges|Protect|p2a: Florges\n|-singleturn|p2a: Florges|Protect\n|move|p1a: Emboar|Flare Blitz|p2a: Florges\n|-activate|p2a: Florges|move: Protect\n|\n|upkeep\n|turn|3\n|\n|t:|1782735706\n|switch|p2a: Bruxish|Bruxish, L85, F|254/254\n|move|p1a: Emboar|Flare Blitz|p2a: Bruxish\n|-resisted|p2a: Bruxish\n|-damage|p2a: Bruxish|107/254\n|-damage|p1a: Emboar|126/322|[from] Recoil\n|\n|upkeep\n|turn|4\n|\n|t:|1782735718\n|move|p2a: Bruxish|Psychic Fangs|p1a: Emboar\n|-damage|p1a: Emboar|0 fnt\n|faint|p1a: Emboar\n|\n|upkeep\n|\n|t:|1782735718\n|switch|p1a: Yanmega|Yanmega, L82, F|275/275\n|turn|5\n|\n|t:|1782735723\n|move|p2a: Bruxish|Psychic Fangs|p1a: Yanmega\n|-damage|p1a: Yanmega|125/275\n|move|p1a: Yanmega|U-turn|p2a: Bruxish\n|-supereffective|p2a: Bruxish\n|-damage|p2a: Bruxish|0 fnt\n|faint|p2a: Bruxish\n|\n|t:|1782735724\n|switch|p1a: Cinccino|Cinccino, L83, M|260/260|[from] U-turn\n|\n|upkeep\n|\n|t:|1782735731\n|switch|p2a: Hitmontop|Hitmontop, L88, M|231/231\n|turn|6\n|\n|t:|1782735737\n|move|p1a: Cinccino|Tail Slap|p2a: Hitmontop\n|-damage|p2a: Hitmontop|198/231\n|-damage|p2a: Hitmontop|164/231\n|-damage|p2a: Hitmontop|130/231\n|-damage|p2a: Hitmontop|97/231\n|-hitcount|p2a: Hitmontop|4\n|move|p2a: Hitmontop|Close Combat|p1a: Cinccino\n|-supereffective|p1a: Cinccino\n|-damage|p1a: Cinccino|0 fnt\n|-unboost|p2a: Hitmontop|def|1\n|-unboost|p2a: Hitmontop|spd|1\n|faint|p1a: Cinccino\n|\n|-heal|p2a: Hitmontop|111/231|[from] item: Leftovers\n|upkeep\n|\n|t:|1782735738\n|switch|p1a: Gyarados|Gyarados, L79, F|280/280\n|turn|7\n|\n|t:|1782735759\n|move|p1a: Gyarados|Waterfall|p2a: Hitmontop\n|-damage|p2a: Hitmontop|0 fnt\n|faint|p2a: Hitmontop\n|-ability|p1a: Gyarados|Moxie|boost\n|-boost|p1a: Gyarados|atk|1\n|\n|upkeep\n|\n|t:|1782735768\n|switch|p2a: Haxorus|Haxorus, L77, F|244/244\n|-ability|p2a: Haxorus|Mold Breaker\n|turn|8\n|\n|t:|1782735773\n|move|p2a: Haxorus|Scale Shot|p1a: Gyarados\n|-damage|p1a: Gyarados|246/280\n|-damage|p1a: Gyarados|209/280\n|-damage|p1a: Gyarados|169/280\n|-damage|p1a: Gyarados|135/280\n|-damage|p1a: Gyarados|101/280\n|-hitcount|p1a: Gyarados|5\n|-unboost|p2a: Haxorus|def|1\n|-boost|p2a: Haxorus|spe|1\n|move|p1a: Gyarados|Earthquake|p2a: Haxorus\n|-damage|p2a: Haxorus|70/244\n|\n|upkeep\n|turn|9\n|\n|t:|1782735786\n|switch|p1a: Vileplume|Vileplume, L85, M|266/266\n|move|p2a: Haxorus|Scale Shot|p1a: Vileplume\n|-damage|p1a: Vileplume|235/266\n|-damage|p1a: Vileplume|204/266\n|-damage|p1a: Vileplume|171/266\n|-damage|p1a: Vileplume|141/266\n|-hitcount|p1a: Vileplume|4\n|-unboost|p2a: Haxorus|def|1\n|-boost|p2a: Haxorus|spe|1\n|\n|-heal|p1a: Vileplume|157/266|[from] item: Leftovers\n|upkeep\n|turn|10\n|\n|t:|1782735798\n|move|p2a: Haxorus|Scale Shot|p1a: Vileplume\n|-damage|p1a: Vileplume|124/266\n|-damage|p1a: Vileplume|91/266\n|-damage|p1a: Vileplume|58/266\n|-damage|p1a: Vileplume|25/266\n|-hitcount|p1a: Vileplume|4\n|-unboost|p2a: Haxorus|def|1\n|-boost|p2a: Haxorus|spe|1\n|move|p1a: Vileplume|Strength Sap|p2a: Haxorus\n|-unboost|p2a: Haxorus|atk|1\n|-heal|p1a: Vileplume|266/266\n|\n|upkeep\n|turn|11\n|\n|t:|1782735810\n|switch|p2a: Goodra|Goodra-Hisui, L82, M|265/265\n|move|p1a: Vileplume|Sleep Powder|p2a: Goodra\n|-ability|p2a: Goodra|Sap Sipper|boost\n|-boost|p2a: Goodra|atk|1\n|\n|upkeep\n|turn|12\n|\n|t:|1782735819\n|switch|p1a: Goodra|Goodra, L85, F|292/292\n|move|p2a: Goodra|Knock Off|p1a: Goodra\n|-damage|p1a: Goodra|175/292\n|-enditem|p1a: Goodra|Assault Vest|[from] move: Knock Off|[of] p2a: Goodra\n|\n|upkeep\n|turn|13\n|\n|t:|1782735830\n|switch|p2a: Florges|Florges-White, L85, F|271/271\n|move|p1a: Goodra|Earthquake|p2a: Florges\n|-damage|p2a: Florges|186/271\n|\n|-heal|p2a: Florges|202/271|[from] item: Leftovers\n|upkeep\n|turn|14\n|\n|t:|1782735837\n|switch|p1a: Vileplume|Vileplume, L85, M|266/266\n|move|p2a: Florges|Wish|p2a: Florges\n|\n|-heal|p2a: Florges|218/271|[from] item: Leftovers\n|upkeep\n|turn|15\n|\n|t:|1782735843\n|switch|p2a: Goodra|Goodra-Hisui, L82, M|265/265\n|move|p1a: Vileplume|Sleep Powder|p2a: Goodra\n|-ability|p2a: Goodra|Sap Sipper|boost\n|-boost|p2a: Goodra|atk|1\n|\n|upkeep\n|turn|16\n|\n|t:|1782735849\n|switch|p1a: Goodra|Goodra, L85, F|175/292\n|move|p2a: Goodra|Earthquake|p1a: Goodra\n|-crit|p1a: Goodra\n|-damage|p1a: Goodra|8/292\n|\n|upkeep\n|turn|17\n|\n|t:|1782735858\n|switch|p2a: Haxorus|Haxorus, L77, F|70/244\n|-ability|p2a: Haxorus|Mold Breaker\n|move|p1a: Goodra|Earthquake|p2a: Haxorus\n|-damage|p2a: Haxorus|0 fnt\n|faint|p2a: Haxorus\n|\n|upkeep\n|\n|t:|1782735865\n|switch|p2a: Florges|Florges-White, L85, F|218/271\n|turn|18\n|\n|t:|1782735868\n|move|p1a: Goodra|Knock Off|p2a: Florges\n|-resisted|p2a: Florges\n|-damage|p2a: Florges|178/271\n|-enditem|p2a: Florges|Leftovers|[from] move: Knock Off|[of] p1a: Goodra\n|move|p2a: Florges|Wish|p2a: Florges\n|\n|upkeep\n|turn|19\n|\n|t:|1782735871\n|switch|p1a: Vileplume|Vileplume, L85, M|266/266\n|move|p2a: Florges|Moonblast|p1a: Vileplume\n|-resisted|p1a: Vileplume\n|-damage|p1a: Vileplume|209/266\n|-unboost|p1a: Vileplume|spa|1\n|\n|-heal|p2a: Florges|271/271|[from] move: Wish|[wisher] Florges\n|-heal|p1a: Vileplume|225/266|[from] item: Leftovers\n|upkeep\n|turn|20\n|\n|t:|1782735876\n|move|p2a: Florges|Protect|p2a: Florges\n|-singleturn|p2a: Florges|Protect\n|move|p1a: Vileplume|Sludge Bomb|p2a: Florges\n|-activate|p2a: Florges|move: Protect\n|\n|-heal|p1a: Vileplume|241/266|[from] item: Leftovers\n|upkeep\n|turn|21\n|\n|t:|1782735883\n|move|p2a: Florges|Moonblast|p1a: Vileplume\n|-resisted|p1a: Vileplume\n|-damage|p1a: Vileplume|180/266\n|move|p1a: Vileplume|Sludge Bomb|p2a: Florges\n|-supereffective|p2a: Florges\n|-damage|p2a: Florges|179/271\n|\n|-heal|p1a: Vileplume|196/266|[from] item: Leftovers\n|upkeep\n|turn|22\n|\n|t:|1782735890\n|switch|p2a: Goodra|Goodra-Hisui, L82, M|265/265\n|move|p1a: Vileplume|Sludge Bomb|p2a: Goodra\n|-immune|p2a: Goodra\n|\n|-heal|p1a: Vileplume|212/266|[from] item: Leftovers\n|upkeep\n|turn|23\n|\n|t:|1782735896\n|switch|p1a: Gyarados|Gyarados, L79, F|101/280\n|move|p2a: Goodra|Heavy Slam|p1a: Gyarados\n|-resisted|p1a: Gyarados\n|-damage|p1a: Gyarados|77/280\n|\n|upkeep\n|turn|24\n|\n|t:|1782735903\n|switch|p2a: Rillaboom|Rillaboom, L79, F|288/288\n|-fieldstart|move: Grassy Terrain|[from] ability: Grassy Surge|[of] p2a: Rillaboom\n|move|p1a: Gyarados|Earthquake|p2a: Rillaboom\n|-resisted|p2a: Rillaboom\n|-damage|p2a: Rillaboom|268/288\n|\n|-heal|p2a: Rillaboom|286/288|[from] Grassy Terrain\n|upkeep\n|turn|25\n|\n|t:|1782735912\n|move|p2a: Rillaboom|U-turn|p1a: Gyarados\n|-resisted|p1a: Gyarados\n|-damage|p1a: Gyarados|30/280\n|\n|t:|1782735915\n|switch|p2a: Florges|Florges-White, L85, F|179/271|[from] U-turn\n|move|p1a: Gyarados|Earthquake|p2a: Florges\n|-damage|p2a: Florges|130/271\n|\n|-heal|p2a: Florges|146/271|[from] Grassy Terrain\n|upkeep\n|turn|26\n|\n|t:|1782735922\n|switch|p1a: Vileplume|Vileplume, L85, M|212/266\n|move|p2a: Florges|Moonblast|p1a: Vileplume\n|-resisted|p1a: Vileplume\n|-damage|p1a: Vileplume|156/266\n|\n|-heal|p2a: Florges|162/271|[from] Grassy Terrain\n|-heal|p1a: Vileplume|172/266|[from] Grassy Terrain\n|-heal|p1a: Vileplume|188/266|[from] item: Leftovers\n|upkeep\n|turn|27\n|\n|t:|1782735925\n|move|p2a: Florges|Protect|p2a: Florges\n|-singleturn|p2a: Florges|Protect\n|move|p1a: Vileplume|Sludge Bomb|p2a: Florges\n|-activate|p2a: Florges|move: Protect\n|\n|-heal|p2a: Florges|178/271|[from] Grassy Terrain\n|-heal|p1a: Vileplume|204/266|[from] Grassy Terrain\n|-heal|p1a: Vileplume|220/266|[from] item: Leftovers\n|upkeep\n|turn|28\n|\n|t:|1782735929\n|switch|p2a: Goodra|Goodra-Hisui, L82, M|265/265\n|move|p1a: Vileplume|Sludge Bomb|p2a: Goodra\n|-immune|p2a: Goodra\n|\n|-heal|p1a: Vileplume|236/266|[from] Grassy Terrain\n|-heal|p1a: Vileplume|252/266|[from] item: Leftovers\n|-fieldend|move: Grassy Terrain\n|upkeep\n|turn|29\n|\n|t:|1782735935\n|switch|p1a: Yanmega|Yanmega, L82, F|125/275\n|move|p2a: Goodra|Knock Off|p1a: Yanmega\n|-damage|p1a: Yanmega|61/275\n|-enditem|p1a: Yanmega|Choice Specs|[from] move: Knock Off|[of] p2a: Goodra\n|\n|upkeep\n|turn|30\n|\n|t:|1782735942\n|switch|p2a: Florges|Florges-White, L85, F|178/271\n|move|p1a: Yanmega|Bug Buzz|p2a: Florges\n|-resisted|p2a: Florges\n|-damage|p2a: Florges|118/271\n|\n|upkeep\n|turn|31\n|\n|t:|1782735947\n|move|p1a: Yanmega|Air Slash|p2a: Florges\n|-damage|p2a: Florges|58/271\n|move|p2a: Florges|Wish|p2a: Florges\n|\n|upkeep\n|turn|32\n|\n|t:|1782735951\n|switch|p1a: Vileplume|Vileplume, L85, M|252/266\n|move|p2a: Florges|Protect||[still]\n|-fail|p2a: Florges\n|\n|-heal|p2a: Florges|193/271|[from] move: Wish|[wisher] Florges\n|-heal|p1a: Vileplume|266/266|[from] item: Leftovers\n|upkeep\n|turn|33\n|\n|t:|1782735953\n|switch|p2a: Goodra|Goodra-Hisui, L82, M|265/265\n|move|p1a: Vileplume|Sludge Bomb|p2a: Goodra\n|-immune|p2a: Goodra\n|\n|upkeep\n|turn|34\n|\n|t:|1782735957\n|switch|p1a: Yanmega|Yanmega, L82, F|61/275\n|move|p2a: Goodra|Heavy Slam|p1a: Yanmega\n|-damage|p1a: Yanmega|0 fnt\n|faint|p1a: Yanmega\n|\n|upkeep\n|\n|t:|1782735958\n|switch|p1a: Goodra|Goodra, L85, F|8/292\n|turn|35\n|\n|t:|1782735965\n|switch|p2a: Rillaboom|Rillaboom, L79, F|286/288\n|-fieldstart|move: Grassy Terrain|[from] ability: Grassy Surge|[of] p2a: Rillaboom\n|move|p1a: Goodra|Earthquake|p2a: Rillaboom\n|-resisted|p2a: Rillaboom\n|-damage|p2a: Rillaboom|266/288\n|\n|-heal|p1a: Goodra|26/292|[from] Grassy Terrain\n|-heal|p2a: Rillaboom|284/288|[from] Grassy Terrain\n|upkeep\n|turn|36\n|\n|t:|1782735973\n|move|p1a: Goodra|Fire Blast|p2a: Rillaboom\n|-supereffective|p2a: Rillaboom\n|-damage|p2a: Rillaboom|46/288\n|move|p2a: Rillaboom|U-turn|p1a: Goodra\n|-damage|p1a: Goodra|0 fnt\n|faint|p1a: Goodra\n|\n|t:|1782735979\n|switch|p2a: Florges|Florges-White, L85, F|193/271|[from] U-turn\n|\n|-heal|p2a: Florges|209/271|[from] Grassy Terrain\n|upkeep\n|\n|t:|1782735980\n|switch|p1a: Gyarados|Gyarados, L79, F|30/280\n|turn|37\n|\n|t:|1782735986\n|switch|p1a: Vileplume|Vileplume, L85, M|266/266\n|move|p2a: Florges|Moonblast|p1a: Vileplume\n|-resisted|p1a: Vileplume\n|-damage|p1a: Vileplume|209/266\n|\n|-heal|p2a: Florges|225/271|[from] Grassy Terrain\n|-heal|p1a: Vileplume|225/266|[from] Grassy Terrain\n|-heal|p1a: Vileplume|241/266|[from] item: Leftovers\n|upkeep\n|turn|38\n|\n|t:|1782735989\n|switch|p2a: Goodra|Goodra-Hisui, L82, M|265/265\n|move|p1a: Vileplume|Sludge Bomb|p2a: Goodra\n|-immune|p2a: Goodra\n|\n|-heal|p1a: Vileplume|257/266|[from] Grassy Terrain\n|-heal|p1a: Vileplume|266/266|[from] item: Leftovers\n|upkeep\n|turn|39\n|\n|t:|1782735994\n|move|p2a: Goodra|Knock Off|p1a: Vileplume\n|-damage|p1a: Vileplume|192/266\n|-enditem|p1a: Vileplume|Leftovers|[from] move: Knock Off|[of] p2a: Goodra\n|move|p1a: Vileplume|Sludge Bomb|p2a: Goodra\n|-immune|p2a: Goodra\n|\n|-heal|p1a: Vileplume|208/266|[from] Grassy Terrain\n|-fieldend|move: Grassy Terrain\n|upkeep\n|turn|40\n|\n|t:|1782736001\n|move|p2a: Goodra|Knock Off|p1a: Vileplume\n|-damage|p1a: Vileplume|165/266\n|-status|p2a: Goodra|slp|[from] ability: Effect Spore|[of] p1a: Vileplume\n|move|p1a: Vileplume|Sludge Bomb|p2a: Goodra\n|-immune|p2a: Goodra\n|\n|upkeep\n|turn|41\n|\n|t:|1782736010\n|switch|p1a: Gyarados|Gyarados, L79, F|30/280\n|cant|p2a: Goodra|slp\n|\n|upkeep\n|turn|42\n|\n|t:|1782736018\n|switch|p2a: Rillaboom|Rillaboom, L79, F|46/288\n|-fieldstart|move: Grassy Terrain|[from] ability: Grassy Surge|[of] p2a: Rillaboom\n|move|p1a: Gyarados|Earthquake|p2a: Rillaboom\n|-resisted|p2a: Rillaboom\n|-damage|p2a: Rillaboom|25/288\n|\n|-heal|p2a: Rillaboom|43/288|[from] Grassy Terrain\n|upkeep\n|turn|43\n|\n|t:|1782736029\n|switch|p1a: Vileplume|Vileplume, L85, M|165/266\n|move|p2a: Rillaboom|U-turn|p1a: Vileplume\n|-crit|p1a: Vileplume\n|-damage|p1a: Vileplume|50/266\n|\n|t:|1782736038\n|switch|p2a: Goodra|Goodra-Hisui, L82, M|265/265 slp|[from] U-turn\n|\n|-heal|p1a: Vileplume|66/266|[from] Grassy Terrain\n|upkeep\n|turn|44\n|\n|t:|1782736042\n|switch|p1a: Gyarados|Gyarados, L79, F|30/280\n|cant|p2a: Goodra|slp\n|\n|upkeep\n|turn|45\n|\n|t:|1782736047\n|move|p1a: Gyarados|Waterfall|p2a: Goodra\n|-resisted|p2a: Goodra\n|-damage|p2a: Goodra|221/265 slp\n|cant|p2a: Goodra|slp\n|\n|-heal|p2a: Goodra|237/265 slp|[from] Grassy Terrain\n|upkeep\n|turn|46\n|\n|t:|1782736051\n|move|p1a: Gyarados|Waterfall|p2a: Goodra\n|-resisted|p2a: Goodra\n|-damage|p2a: Goodra|196/265 slp\n|-curestatus|p2a: Goodra|slp|[msg]\n|move|p2a: Goodra|Knock Off|p1a: Gyarados\n|-damage|p1a: Gyarados|0 fnt\n|-enditem|p1a: Gyarados|Heavy-Duty Boots|[from] move: Knock Off|[of] p2a: Goodra\n|faint|p1a: Gyarados\n|\n|-heal|p2a: Goodra|212/265|[from] Grassy Terrain\n|-fieldend|move: Grassy Terrain\n|upkeep\n|\n|t:|1782736052\n|switch|p1a: Vileplume|Vileplume, L85, M|66/266\n|turn|47\n|\n|t:|1782736062\n|switch|p2a: Florges|Florges-White, L85, F|225/271\n|move|p1a: Vileplume|Sludge Bomb|p2a: Florges\n|-supereffective|p2a: Florges\n|-damage|p2a: Florges|81/271\n|\n|upkeep\n|turn|48\n|\n|t:|1782736073\n|-terastallize|p2a: Florges|Steel\n|move|p2a: Florges|Wish|p2a: Florges\n|move|p1a: Vileplume|Giga Drain|p2a: Florges\n|-resisted|p2a: Florges\n|-damage|p2a: Florges|53/271\n|-heal|p1a: Vileplume|80/266|[from] drain|[of] p2a: Florges\n|\n|upkeep\n|turn|49\n|\n|t:|1782736080\n|move|p2a: Florges|Calm Mind|p2a: Florges\n|-boost|p2a: Florges|spa|1\n|-boost|p2a: Florges|spd|1\n|move|p1a: Vileplume|Sleep Powder|p2a: Florges\n|-status|p2a: Florges|slp|[from] move: Sleep Powder\n|\n|-heal|p2a: Florges|188/271 slp|[from] move: Wish|[wisher] Florges\n|upkeep\n|turn|50\n|\n|t:|1782736083\n|cant|p2a: Florges|slp\n|move|p1a: Vileplume|Strength Sap|p2a: Florges\n|-unboost|p2a: Florges|atk|1\n|-heal|p1a: Vileplume|195/266\n|\n|upkeep\n|turn|51\n|\n|t:|1782736087\n|cant|p2a: Florges|slp\n|move|p1a: Vileplume|Strength Sap|p2a: Florges\n|-unboost|p2a: Florges|atk|1\n|-heal|p1a: Vileplume|266/266\n|\n|upkeep\n|turn|52\n|\n|t:|1782736091\n|cant|p2a: Florges|slp\n|move|p1a: Vileplume|Sludge Bomb|p2a: Florges\n|-immune|p2a: Florges\n|\n|upkeep\n|turn|53\n|\n|t:|1782736095\n|-curestatus|p2a: Florges|slp|[msg]\n|move|p2a: Florges|Calm Mind|p2a: Florges\n|-boost|p2a: Florges|spa|1\n|-boost|p2a: Florges|spd|1\n|move|p1a: Vileplume|Sludge Bomb|p2a: Florges\n|-immune|p2a: Florges\n|\n|upkeep\n|turn|54\n|\n|t:|1782736098\n|move|p2a: Florges|Calm Mind|p2a: Florges\n|-boost|p2a: Florges|spa|1\n|-boost|p2a: Florges|spd|1\n|move|p1a: Vileplume|Sludge Bomb|p2a: Florges\n|-immune|p2a: Florges\n|\n|upkeep\n|turn|55\n|\n|t:|1782736103\n|move|p2a: Florges|Calm Mind|p2a: Florges\n|-boost|p2a: Florges|spa|1\n|-boost|p2a: Florges|spd|1\n|move|p1a: Vileplume|Strength Sap|p2a: Florges\n|-unboost|p2a: Florges|atk|1\n|\n|upkeep\n|turn|56\n|\n|t:|1782736110\n|move|p2a: Florges|Calm Mind|p2a: Florges\n|-boost|p2a: Florges|spa|1\n|-boost|p2a: Florges|spd|1\n|move|p1a: Vileplume|Sleep Powder|p2a: Florges\n|-status|p2a: Florges|slp|[from] move: Sleep Powder\n|\n|upkeep\n|turn|57\n|\n|t:|1782736114\n|cant|p2a: Florges|slp\n|move|p1a: Vileplume|Sludge Bomb|p2a: Florges\n|-immune|p2a: Florges\n|\n|upkeep\n|turn|58\n|\n|t:|1782736117\n|cant|p2a: Florges|slp\n|move|p1a: Vileplume|Giga Drain|p2a: Florges\n|-resisted|p2a: Florges\n|-damage|p2a: Florges|180/271 slp\n|\n|upkeep\n|turn|59\n|\n|t:|1782736121\n|cant|p2a: Florges|slp\n|move|p1a: Vileplume|Sleep Powder|p2a: Florges\n|-fail|p2a: Florges|slp\n|\n|upkeep\n|turn|60\n|\n|t:|1782736126\n|-curestatus|p2a: Florges|slp|[msg]\n|move|p2a: Florges|Wish|p2a: Florges\n|move|p1a: Vileplume|Sleep Powder|p2a: Florges\n|-status|p2a: Florges|slp|[from] move: Sleep Powder\n|\n|upkeep\n|turn|61\n|\n|t:|1782736131\n|cant|p2a: Florges|slp\n|move|p1a: Vileplume|Sludge Bomb|p2a: Florges\n|-immune|p2a: Florges\n|\n|-heal|p2a: Florges|271/271 slp|[from] move: Wish|[wisher] Florges\n|upkeep\n|turn|62\n|\n|t:|1782736135\n|cant|p2a: Florges|slp\n|move|p1a: Vileplume|Sleep Powder|p2a: Florges\n|-fail|p2a: Florges|slp\n|\n|upkeep\n|turn|63\n|\n|t:|1782736138\n|cant|p2a: Florges|slp\n|move|p1a: Vileplume|Sleep Powder|p2a: Florges\n|-fail|p2a: Florges|slp\n|\n|upkeep\n|turn|64\n|\n|t:|1782736144\n|-curestatus|p2a: Florges|slp|[msg]\n|move|p2a: Florges|Calm Mind|p2a: Florges\n|-boost|p2a: Florges|spa|1\n|-boost|p2a: Florges|spd|1\n|move|p1a: Vileplume|Sleep Powder|p2a: Florges|[miss]\n|-miss|p1a: Vileplume|p2a: Florges\n|\n|upkeep\n|turn|65\n|\n|t:|1782736151\n|move|p2a: Florges|Calm Mind|p2a: Florges\n|-boost|p2a: Florges|spa|0\n|-boost|p2a: Florges|spd|0\n|move|p1a: Vileplume|Sleep Powder|p2a: Florges|[miss]\n|-miss|p1a: Vileplume|p2a: Florges\n|\n|upkeep\n|turn|66\n|\n|t:|1782736155\n|move|p2a: Florges|Calm Mind|p2a: Florges\n|-boost|p2a: Florges|spa|0\n|-boost|p2a: Florges|spd|0\n|move|p1a: Vileplume|Sleep Powder|p2a: Florges\n|-status|p2a: Florges|slp|[from] move: Sleep Powder\n|\n|upkeep\n|turn|67\n|\n|t:|1782736160\n|cant|p2a: Florges|slp\n|move|p1a: Vileplume|Sleep Powder|p2a: Florges\n|-fail|p2a: Florges|slp\n|\n|upkeep\n|turn|68\n|\n|t:|1782736163\n|cant|p2a: Florges|slp\n|move|p1a: Vileplume|Strength Sap|p2a: Florges\n|-unboost|p2a: Florges|atk|1\n|\n|upkeep\n|turn|69\n|\n|t:|1782736166\n|cant|p2a: Florges|slp\n|move|p1a: Vileplume|Sleep Powder|p2a: Florges|[miss]\n|-miss|p1a: Vileplume|p2a: Florges\n|\n|upkeep\n|turn|70\n|\n|t:|1782736170\n|-curestatus|p2a: Florges|slp|[msg]\n|move|p2a: Florges|Wish|p2a: Florges\n|move|p1a: Vileplume|Sleep Powder|p2a: Florges|[miss]\n|-miss|p1a: Vileplume|p2a: Florges\n|\n|upkeep\n|turn|71\n|\n|t:|1782736177\n|move|p2a: Florges|Calm Mind|p2a: Florges\n|-boost|p2a: Florges|spa|0\n|-boost|p2a: Florges|spd|0\n|move|p1a: Vileplume|Sleep Powder|p2a: Florges\n|-status|p2a: Florges|slp|[from] move: Sleep Powder\n|\n|upkeep\n|turn|72\n|\n|t:|1782736181\n|cant|p2a: Florges|slp\n|move|p1a: Vileplume|Giga Drain|p2a: Florges\n|-resisted|p2a: Florges\n|-damage|p2a: Florges|263/271 slp\n|\n|upkeep\n|turn|73\n|\n|t:|1782736184\n|cant|p2a: Florges|slp\n|move|p1a: Vileplume|Giga Drain|p2a: Florges\n|-resisted|p2a: Florges\n|-damage|p2a: Florges|255/271 slp\n|\n|upkeep\n|turn|74\n|\n|t:|1782736186\n|-curestatus|p2a: Florges|slp|[msg]\n|move|p2a: Florges|Wish|p2a: Florges\n|move|p1a: Vileplume|Sleep Powder|p2a: Florges\n|-status|p2a: Florges|slp|[from] move: Sleep Powder\n|\n|upkeep\n|turn|75\n|\n|t:|1782736191\n|cant|p2a: Florges|slp\n|move|p1a: Vileplume|Sleep Powder|p2a: Florges\n|-fail|p2a: Florges|slp\n|\n|-heal|p2a: Florges|271/271 slp|[from] move: Wish|[wisher] Florges\n|upkeep\n|turn|76\n|\n|t:|1782736195\n|cant|p2a: Florges|slp\n|move|p1a: Vileplume|Sleep Powder|p2a: Florges|[miss]\n|-miss|p1a: Vileplume|p2a: Florges\n|\n|upkeep\n|turn|77\n|\n|t:|1782736198\n|cant|p2a: Florges|slp\n|move|p1a: Vileplume|Giga Drain|p2a: Florges\n|-resisted|p2a: Florges\n|-damage|p2a: Florges|264/271 slp\n|\n|upkeep\n|turn|78\n|\n|t:|1782736203\n|-curestatus|p2a: Florges|slp|[msg]\n|move|p2a: Florges|Moonblast|p1a: Vileplume\n|-resisted|p1a: Vileplume\n|-damage|p1a: Vileplume|59/266\n|-unboost|p1a: Vileplume|spa|1\n|move|p1a: Vileplume|Sleep Powder|p2a: Florges\n|-status|p2a: Florges|slp|[from] move: Sleep Powder\n|\n|upkeep\n|turn|79\n|\n|t:|1782736211\n|cant|p2a: Florges|slp\n|move|p1a: Vileplume|Strength Sap|p2a: Florges\n|-unboost|p2a: Florges|atk|1\n|-heal|p1a: Vileplume|97/266\n|\n|upkeep\n|turn|80\n|\n|t:|1782736214\n|-curestatus|p2a: Florges|slp|[msg]\n|move|p2a: Florges|Wish|p2a: Florges\n|move|p1a: Vileplume|Sleep Powder|p2a: Florges\n|-status|p2a: Florges|slp|[from] move: Sleep Powder\n|\n|upkeep\n|turn|81\n|\n|t:|1782736220\n|cant|p2a: Florges|slp\n|move|p1a: Vileplume|Giga Drain|p2a: Florges\n|-resisted|p2a: Florges\n|-damage|p2a: Florges|259/271 slp\n|-heal|p1a: Vileplume|100/266|[from] drain|[of] p2a: Florges\n|\n|-heal|p2a: Florges|271/271 slp|[from] move: Wish|[wisher] Florges\n|upkeep\n|turn|82\n|\n|t:|1782736224\n|-curestatus|p2a: Florges|slp|[msg]\n|move|p2a: Florges|Moonblast|p1a: Vileplume\n|-resisted|p1a: Vileplume\n|-damage|p1a: Vileplume|0 fnt\n|faint|p1a: Vileplume\n|\n|win|Xeizar\n|raw|notmetbh102's rating: 2084 &rarr; <strong>2068</strong><br />(-16 for losing)\n|raw|Xeizar's rating: 2162 &rarr; <strong>2178</strong><br />(+16 for winning)\n|c|\u2606notmetbh102|gg\n", "inputlog": ">version 3f8ef8cf60cebd2b18892af2794d10415e14a302\n>start {\"formatid\":\"gen9randombattle\",\"seed\":\"sodium,3477088472d2b4d66f10747f647228c9\",\"rated\":\"Rated battle\"}\n>player p1 {\"name\":\"notmetbh102\",\"avatar\":\"2\",\"rating\":2084,\"seed\":\"sodium,54d59304b539567fc9532a8df0d5027c\"}\n>player p2 {\"name\":\"Xeizar\",\"avatar\":\"#rbtt6teamkoraidonf\",\"rating\":2162,\"seed\":\"sodium,836c8765a071941af1576f85cfff3587\"}\n>chat \u2606notmetbh102|hf\n>p1 switch 4\n>p2 move moonblast\n>p1 move flareblitz terastallize\n>p2 move protect\n>p1 move flareblitz\n>p2 switch 6\n>p1 move flareblitz\n>p2 move psychicfangs\n>p1 switch 3\n>p1 move uturn\n>p2 move psychicfangs\n>p1 switch 5\n>p2 switch 5\n>p1 move tailslap\n>p2 move closecombat\n>p1 switch 2\n>p1 move waterfall\n>p2 move tripleaxel\n>p2 switch 2\n>p1 move earthquake\n>p2 move scaleshot\n>p1 switch 6\n>p2 move scaleshot\n>p1 move strengthsap\n>p2 move scaleshot\n>p1 move sleeppowder\n>p2 switch 4\n>p1 switch 4\n>p2 move knockoff\n>p1 move earthquake\n>p2 switch 6\n>p1 switch 4\n>p2 move wish\n>p1 move sleeppowder\n>p2 switch 6\n>p1 switch 4\n>p2 move earthquake\n>p1 move earthquake\n>p2 switch 4\n>p2 switch 6\n>p1 move knockoff\n>p2 move wish\n>p1 switch 4\n>p2 move moonblast\n>p1 move sludgebomb\n>p2 move protect\n>p1 move sludgebomb\n>p2 move moonblast\n>p1 move sludgebomb\n>p2 switch 4\n>p1 switch 6\n>p2 move heavyslam\n>p1 move earthquake\n>p2 switch 3\n>p1 move earthquake\n>p2 move uturn\n>p2 switch 4\n>p1 switch 6\n>p2 move moonblast\n>p1 move sludgebomb\n>p2 move protect\n>p1 move sludgebomb\n>p2 switch 3\n>p1 switch 5\n>p2 move knockoff\n>p1 move bugbuzz\n>p2 switch 3\n>p1 move airslash\n>p2 move wish\n>p1 switch 5\n>p2 move protect\n>p1 move sludgebomb\n>p2 switch 3\n>p1 switch 5\n>p2 move heavyslam\n>p1 switch 4\n>p1 move earthquake\n>p2 switch 4\n>p1 move fireblast\n>p2 move uturn\n>p2 switch 3\n>p1 switch 6\n>p1 switch 5\n>p2 move moonblast\n>p1 move sludgebomb\n>p2 switch 4\n>p1 move sludgebomb\n>p2 move knockoff\n>p1 move sludgebomb\n>p2 move knockoff\n>p1 switch 5\n>p2 move knockoff\n>p1 move earthquake\n>p2 switch 3\n>p1 switch 5\n>p2 move uturn\n>p2 switch 3\n>p1 switch 5\n>p2 move knockoff\n>p1 move waterfall\n>p2 move knockoff\n>p1 move waterfall\n>p2 move knockoff\n>p1 switch 5\n>p1 move sludgebomb\n>p2 switch 4\n>p1 move gigadrain\n>p2 move wish terastallize\n>p1 move sleeppowder\n>p2 move calmmind\n>p1 move strengthsap\n>p2 move calmmind\n>p1 move strengthsap\n>p2 move calmmind\n>p1 move sludgebomb\n>p2 move calmmind\n>p1 move sludgebomb\n>p2 move calmmind\n>p1 move sludgebomb\n>p2 move calmmind\n>p1 move strengthsap\n>p2 move calmmind\n>p1 move sleeppowder\n>p2 move calmmind\n>p1 move sludgebomb\n>p2 move calmmind\n>p1 move gigadrain\n>p2 move calmmind\n>p1 move sleeppowder\n>p2 move calmmind\n>p1 move sleeppowder\n>p2 move wish\n>p1 move sludgebomb\n>p2 move calmmind\n>p1 move sleeppowder\n>p2 move calmmind\n>p1 move sleeppowder\n>p2 move calmmind\n>p1 move sleeppowder\n>p2 move calmmind\n>p1 move sleeppowder\n>p2 move calmmind\n>p1 move sleeppowder\n>p2 move calmmind\n>p1 move sleeppowder\n>p2 move calmmind\n>p1 move strengthsap\n>p2 move calmmind\n>p1 move sleeppowder\n>p2 move wish\n>p1 move sleeppowder\n>p2 move wish\n>p1 move sleeppowder\n>p2 move calmmind\n>p1 move gigadrain\n>p2 move calmmind\n>p1 move gigadrain\n>p2 move calmmind\n>p1 move sleeppowder\n>p2 move wish\n>p1 move sleeppowder\n>p2 move calmmind\n>p1 move sleeppowder\n>p2 move calmmind\n>p1 move gigadrain\n>p2 move calmmind\n>p1 move sleeppowder\n>p2 move moonblast\n>p1 move strengthsap\n>p2 move wish\n>p1 move sleeppowder\n>p2 move wish\n>p1 move gigadrain\n>p2 move moonblast\n>p1 move sludgebomb\n>p2 move moonblast", "uploadtime": 1782735672, "views": 6, "formatid": "gen9randombattle", "rating": 2068, "private": 0, "password": null, "player_dets": [{"name": "notmetbh102", "avatar": "2", "rating": 2084, "seed": "sodium,54d59304b539567fc9532a8df0d5027c"}, {"name": "Xeizar", "avatar": "#rbtt6teamkoraidonf", "rating": 2162, "seed": "sodium,836c8765a071941af1576f85cfff3587"}], "teams_full": [{"Goodra": {"name": "Goodra", "species": "Goodra", "speciesId": "goodra", "gender": "F", "shiny": false, "level": 85, "moves": ["dracometeor", "earthquake", "knockoff", "fireblast"], "ability": "Sap Sipper", "evs": {"hp": 85, "atk": 85, "def": 85, "spa": 85, "spd": 85, "spe": 85}, "ivs": {"hp": 31, "atk": 31, "def": 31, "spa": 31, "spd": 31, "spe": 31}, "item": "Assault Vest", "teraType": "Fire", "role": "AV Pivot", "bvs": {"hp": 90, "atk": 100, "def": 70, "spa": 110, "spd": 150, "spe": 80}, "stats": {"hp": 292, "atk": 219, "def": 168, "spa": 236, "spd": 304, "spe": 185}, "types": ["Dragon"]}, "Gyarados": {"name": "Gyarados", "species": "Gyarados", "speciesId": "gyarados", "gender": "F", "shiny": false, "level": 79, "moves": ["dragondance", "terablast", "waterfall", "earthquake"], "ability": "Moxie", "evs": {"hp": 85, "atk": 85, "def": 85, "spa": 85, "spd": 85, "spe": 85}, "ivs": {"hp": 31, "atk": 31, "def": 31, "spa": 31, "spd": 31, "spe": 31}, "item": "Heavy-Duty Boots", "teraType": "Flying", "role": "Tera Blast user", "bvs": {"hp": 95, "atk": 125, "def": 79, "spa": 60, "spd": 100, "spe": 81}, "stats": {"hp": 280, "atk": 243, "def": 170, "spa": 140, "spd": 204, "spe": 174}, "types": ["Water", "Flying"]}, "Yanmega": {"name": "Yanmega", "species": "Yanmega", "speciesId": "yanmega", "gender": "F", "shiny": false, "level": 82, "moves": ["bugbuzz", "gigadrain", "uturn", "airslash"], "ability": "Tinted Lens", "evs": {"hp": 85, "atk": 85, "def": 85, "spa": 85, "spd": 85, "spe": 85}, "ivs": {"hp": 31, "atk": 31, "def": 31, "spa": 31, "spd": 31, "spe": 31}, "item": "Choice Specs", "teraType": "Bug", "role": "Wallbreaker", "bvs": {"hp": 86, "atk": 76, "def": 86, "spa": 116, "spd": 56, "spe": 95}, "stats": {"hp": 275, "atk": 172, "def": 188, "spa": 237, "spd": 139, "spe": 203}, "types": ["Bug", "Flying"]}, "Emboar": {"name": "Emboar", "species": "Emboar", "speciesId": "emboar", "gender": "M", "shiny": false, "level": 84, "moves": ["knockoff", "flareblitz", "closecombat", "headsmash"], "ability": "Reckless", "evs": {"hp": 85, "atk": 85, "def": 85, "spa": 85, "spd": 85, "spe": 85}, "ivs": {"hp": 31, "atk": 31, "def": 31, "spa": 31, "spd": 31, "spe": 31}, "item": "Choice Scarf", "teraType": "Fire", "role": "Fast Attacker", "bvs": {"hp": 110, "atk": 123, "def": 65, "spa": 100, "spd": 65, "spe": 65}, "stats": {"hp": 322, "atk": 255, "def": 157, "spa": 216, "spd": 157, "spe": 157}, "types": ["Fire", "Fighting"]}, "Cinccino": {"name": "Cinccino", "species": "Cinccino", "speciesId": "cinccino", "gender": "M", "shiny": false, "level": 83, "moves": ["tripleaxel", "bulletseed", "tidyup", "tailslap"], "ability": "Technician", "evs": {"hp": 85, "atk": 85, "def": 85, "spa": 85, "spd": 85, "spe": 85}, "ivs": {"hp": 31, "atk": 31, "def": 31, "spa": 31, "spd": 31, "spe": 31}, "item": "Loaded Dice", "teraType": "Normal", "role": "Fast Attacker", "bvs": {"hp": 75, "atk": 95, "def": 60, "spa": 65, "spd": 60, "spe": 115}, "stats": {"hp": 260, "atk": 205, "def": 147, "spa": 156, "spd": 147, "spe": 239}, "types": ["Normal"]}, "Vileplume": {"name": "Vileplume", "species": "Vileplume", "speciesId": "vileplume", "gender": "M", "shiny": false, "level": 85, "moves": ["sludgebomb", "sleeppowder", "strengthsap", "gigadrain"], "ability": "Effect Spore", "evs": {"hp": 85, "atk": 0, "def": 85, "spa": 85, "spd": 85, "spe": 85}, "ivs": {"hp": 31, "atk": 0, "def": 31, "spa": 31, "spd": 31, "spe": 31}, "item": "Leftovers", "teraType": "Steel", "role": "Bulky Attacker", "bvs": {"hp": 75, "atk": 80, "def": 85, "spa": 110, "spd": 90, "spe": 50}, "stats": {"hp": 266, "atk": 141, "def": 193, "spa": 236, "spd": 202, "spe": 134}, "types": ["Grass", "Poison"]}}, {"Florges": {"name": "Florges", "species": "Florges-White", "speciesId": "florges", "gender": "F", "shiny": false, "level": 85, "moves": ["wish", "moonblast", "calmmind", "protect"], "ability": "Flower Veil", "evs": {"hp": 85, "atk": 0, "def": 85, "spa": 85, "spd": 85, "spe": 85}, "ivs": {"hp": 31, "atk": 0, "def": 31, "spa": 31, "spd": 31, "spe": 31}, "item": "Leftovers", "teraType": "Steel", "role": "Bulky Setup", "bvs": {"hp": 78, "atk": 65, "def": 68, "spa": 112, "spd": 154, "spe": 75}, "stats": {"hp": 271, "atk": 115, "def": 164, "spa": 239, "spd": 311, "spe": 176}, "types": ["Fairy"]}, "Haxorus": {"name": "Haxorus", "species": "Haxorus", "speciesId": "haxorus", "gender": "F", "shiny": false, "level": 77, "moves": ["swordsdance", "earthquake", "ironhead", "scaleshot"], "ability": "Mold Breaker", "evs": {"hp": 85, "atk": 85, "def": 85, "spa": 85, "spd": 85, "spe": 85}, "ivs": {"hp": 31, "atk": 31, "def": 31, "spa": 31, "spd": 31, "spe": 31}, "item": "Loaded Dice", "teraType": "Steel", "role": "Fast Bulky Setup", "bvs": {"hp": 76, "atk": 147, "def": 90, "spa": 60, "spd": 70, "spe": 97}, "stats": {"hp": 244, "atk": 271, "def": 183, "spa": 137, "spd": 152, "spe": 194}, "types": ["Dragon"]}, "Rillaboom": {"name": "Rillaboom", "species": "Rillaboom", "speciesId": "rillaboom", "gender": "F", "shiny": false, "level": 79, "moves": ["grassyglide", "knockoff", "uturn", "woodhammer"], "ability": "Grassy Surge", "evs": {"hp": 85, "atk": 85, "def": 85, "spa": 85, "spd": 85, "spe": 85}, "ivs": {"hp": 31, "atk": 31, "def": 31, "spa": 31, "spd": 31, "spe": 31}, "item": "Choice Band", "teraType": "Grass", "role": "Wallbreaker", "bvs": {"hp": 100, "atk": 125, "def": 90, "spa": 60, "spd": 70, "spe": 85}, "stats": {"hp": 288, "atk": 243, "def": 188, "spa": 140, "spd": 156, "spe": 180}, "types": ["Grass"]}, "Goodra": {"name": "Goodra", "species": "Goodra-Hisui", "speciesId": "goodrahisui", "gender": "M", "shiny": false, "level": 82, "moves": ["heavyslam", "knockoff", "earthquake", "dracometeor"], "ability": "Sap Sipper", "evs": {"hp": 85, "atk": 85, "def": 85, "spa": 85, "spd": 85, "spe": 85}, "ivs": {"hp": 31, "atk": 31, "def": 31, "spa": 31, "spd": 31, "spe": 31}, "item": "Assault Vest", "teraType": "Ground", "role": "AV Pivot", "bvs": {"hp": 80, "atk": 100, "def": 100, "spa": 110, "spd": 150, "spe": 60}, "stats": {"hp": 265, "atk": 211, "def": 211, "spa": 228, "spd": 293, "spe": 146}, "types": ["Steel", "Dragon"]}, "Hitmontop": {"name": "Hitmontop", "species": "Hitmontop", "speciesId": "hitmontop", "gender": "M", "shiny": false, "level": 88, "moves": ["rapidspin", "tripleaxel", "bulkup", "closecombat"], "ability": "Technician", "evs": {"hp": 85, "atk": 85, "def": 85, "spa": 85, "spd": 85, "spe": 85}, "ivs": {"hp": 31, "atk": 31, "def": 31, "spa": 31, "spd": 31, "spe": 31}, "item": "Leftovers", "teraType": "Ice", "role": "Bulky Setup", "bvs": {"hp": 50, "atk": 95, "def": 95, "spa": 35, "spd": 110, "spe": 70}, "stats": {"hp": 231, "atk": 217, "def": 217, "spa": 112, "spd": 244, "spe": 173}, "types": ["Fighting"]}, "Bruxish": {"name": "Bruxish", "species": "Bruxish", "speciesId": "bruxish", "gender": "F", "shiny": false, "level": 85, "moves": ["icefang", "crunch", "wavecrash", "psychicfangs"], "ability": "Strong Jaw", "evs": {"hp": 85, "atk": 85, "def": 85, "spa": 85, "spd": 85, "spe": 85}, "ivs": {"hp": 31, "atk": 31, "def": 31, "spa": 31, "spd": 31, "spe": 31}, "item": "Choice Scarf", "teraType": "Dark", "role": "Fast Attacker", "bvs": {"hp": 68, "atk": 105, "def": 70, "spa": 70, "spd": 70, "spe": 92}, "stats": {"hp": 254, "atk": 227, "def": 168, "spa": 168, "spd": 168, "spe": 205}, "types": ["Water", "Psychic"]}}]}