{"id": "gen9randombattle-2641273128", "format": "[Gen 9] Random Battle", "players": ["Newarow", "soypepegrillo"], "log": "|j|\u2606Newarow\n|j|\u2606soypepegrillo\n|t:|1782761871\n|gametype|singles\n|player|p1|Newarow|169|1236\n|player|p2|soypepegrillo|shadowtriad|1222\n|gen|9\n|tier|[Gen 9] Random Battle\n|rated|\n|rule|Species Clause: Limit one of each Pok\u00e9mon\n|rule|HP Percentage Mod: HP is shown in percentages\n|rule|Sleep Clause Mod: Limit one foe put to sleep\n|rule|Illusion Level Mod: Illusion disguises the Pok\u00e9mon's true level\n|\n|t:|1782761871\n|teamsize|p1|6\n|teamsize|p2|6\n|start\n|switch|p1a: Palkia|Palkia, L75|259/259\n|switch|p2a: Latias|Latias, L79, F|256/256\n|-ability|p1a: Palkia|Pressure\n|turn|1\n|\n|t:|1782761887\n|switch|p1a: Scrafty|Scrafty, L83, M|244/244\n|-terastallize|p2a: Latias|Steel\n|move|p2a: Latias|Draco Meteor|p1a: Scrafty|[miss]\n|-miss|p2a: Latias|p1a: Scrafty\n|\n|upkeep\n|turn|2\n|\n|t:|1782761926\n|switch|p2a: Lilligant|Lilligant, L86, F|261/261\n|move|p1a: Scrafty|Drain Punch|p2a: Lilligant\n|-damage|p2a: Lilligant|185/261\n|\n|upkeep\n|turn|3\n|\n|t:|1782761940\n|switch|p1a: Serperior|Serperior, L79, M|248/248\n|move|p2a: Lilligant|Sleep Powder|p1a: Serperior\n|-immune|p1a: Serperior\n|\n|upkeep\n|turn|4\n|\n|t:|1782761952\n|move|p1a: Serperior|Glare|p2a: Lilligant\n|-status|p2a: Lilligant|par\n|move|p2a: Lilligant|Alluring Voice|p1a: Serperior\n|-damage|p1a: Serperior|169/248\n|-damage|p2a: Lilligant|159/261 par|[from] item: Life Orb\n|\n|upkeep\n|turn|5\n|\n|t:|1782761961\n|move|p1a: Serperior|Leaf Storm|p2a: Lilligant\n|-resisted|p2a: Lilligant\n|-damage|p2a: Lilligant|88/261 par\n|-boost|p1a: Serperior|spa|2\n|-damage|p1a: Serperior|145/248|[from] item: Life Orb\n|move|p2a: Lilligant|Quiver Dance|p2a: Lilligant\n|-boost|p2a: Lilligant|spa|1\n|-boost|p2a: Lilligant|spd|1\n|-boost|p2a: Lilligant|spe|1\n|\n|upkeep\n|turn|6\n|\n|t:|1782761969\n|move|p1a: Serperior|Leaf Storm|p2a: Lilligant\n|-resisted|p2a: Lilligant\n|-crit|p2a: Lilligant\n|-damage|p2a: Lilligant|0 fnt\n|-boost|p1a: Serperior|spa|2\n|faint|p2a: Lilligant\n|-damage|p1a: Serperior|121/248|[from] item: Life Orb\n|\n|upkeep\n|\n|t:|1782761981\n|switch|p2a: Regigigas|Regigigas, L84|322/322\n|-start|p2a: Regigigas|ability: Slow Start\n|turn|7\n|\n|t:|1782761986\n|move|p1a: Serperior|Leaf Storm|p2a: Regigigas\n|-damage|p2a: Regigigas|0 fnt\n|-boost|p1a: Serperior|spa|2\n|faint|p2a: Regigigas\n|-end|p2a: Regigigas|Slow Start|[silent]\n|-damage|p1a: Serperior|97/248|[from] item: Life Orb\n|\n|upkeep\n|\n|t:|1782761996\n|switch|p2a: Latias|Latias, L79, F, tera:Steel|256/256\n|turn|8\n|\n|t:|1782762006\n|move|p1a: Serperior|Leaf Storm|p2a: Latias\n|-resisted|p2a: Latias\n|-damage|p2a: Latias|42/256\n|-damage|p1a: Serperior|73/248|[from] item: Life Orb\n|move|p2a: Latias|Psyshock|p1a: Serperior\n|-damage|p1a: Serperior|0 fnt\n|faint|p1a: Serperior\n|\n|upkeep\n|\n|t:|1782762016\n|switch|p1a: Scrafty|Scrafty, L83, M|244/244\n|turn|9\n|\n|t:|1782762021\n|move|p2a: Latias|Draco Meteor|p1a: Scrafty\n|-damage|p1a: Scrafty|114/244\n|-unboost|p2a: Latias|spa|2\n|move|p1a: Scrafty|Bulk Up|p1a: Scrafty\n|-boost|p1a: Scrafty|atk|1\n|-boost|p1a: Scrafty|def|1\n|\n|-heal|p1a: Scrafty|129/244|[from] item: Leftovers\n|upkeep\n|turn|10\n|\n|t:|1782762031\n|move|p2a: Latias|Draco Meteor|p1a: Scrafty\n|-damage|p1a: Scrafty|57/244\n|-unboost|p2a: Latias|spa|2\n|move|p1a: Scrafty|Rest|p1a: Scrafty\n|-status|p1a: Scrafty|slp|[from] move: Rest\n|-heal|p1a: Scrafty|244/244 slp|[silent]\n|\n|upkeep\n|turn|11\n|\n|t:|1782762045\n|move|p2a: Latias|Recover|p2a: Latias\n|-heal|p2a: Latias|170/256\n|cant|p1a: Scrafty|slp\n|\n|upkeep\n|turn|12\n|\n|t:|1782762058\n|switch|p2a: Glastrier|Glastrier, L86|312/312\n|cant|p1a: Scrafty|slp\n|\n|-activate|p1a: Scrafty|ability: Shed Skin\n|-curestatus|p1a: Scrafty|slp|[msg]\n|upkeep\n|turn|13\n|\n|t:|1782762062\n|move|p1a: Scrafty|Drain Punch|p2a: Glastrier\n|-supereffective|p2a: Glastrier\n|-damage|p2a: Glastrier|144/312\n|move|p2a: Glastrier|Close Combat|p1a: Scrafty\n|-supereffective|p1a: Scrafty\n|-damage|p1a: Scrafty|110/244\n|-unboost|p2a: Glastrier|def|1\n|-unboost|p2a: Glastrier|spd|1\n|\n|-heal|p1a: Scrafty|125/244|[from] item: Leftovers\n|upkeep\n|turn|14\n|\n|t:|1782762074\n|move|p1a: Scrafty|Drain Punch|p2a: Glastrier\n|-supereffective|p2a: Glastrier\n|-damage|p2a: Glastrier|0 fnt\n|-heal|p1a: Scrafty|197/244|[from] drain|[of] p2a: Glastrier\n|faint|p2a: Glastrier\n|\n|-heal|p1a: Scrafty|212/244|[from] item: Leftovers\n|upkeep\n|\n|t:|1782762080\n|switch|p2a: Ninetales|Ninetales-Alola, L78, F|242/242\n|-weather|Snowscape|[from] ability: Snow Warning|[of] p2a: Ninetales\n|turn|15\n|\n|t:|1782762094\n|switch|p1a: Toxtricity|Toxtricity, L82, F|257/257\n|move|p2a: Ninetales|Moonblast|p1a: Toxtricity\n|-resisted|p1a: Toxtricity\n|-damage|p1a: Toxtricity|214/257\n|\n|-weather|Snowscape|[upkeep]\n|upkeep\n|turn|16\n|inactive|Battle timer is ON: inactive players will automatically lose when time's up. (requested by Newarow)\n|\n|t:|1782762121\n|switch|p2a: Latias|Latias, L79, F, tera:Steel|170/256\n|move|p1a: Toxtricity|Shift Gear|p1a: Toxtricity\n|-boost|p1a: Toxtricity|spe|2\n|-boost|p1a: Toxtricity|atk|1\n|\n|-weather|Snowscape|[upkeep]\n|upkeep\n|turn|17\n|\n|t:|1782762128\n|move|p1a: Toxtricity|Overdrive|p2a: Latias\n|-damage|p2a: Latias|80/256\n|-enditem|p1a: Toxtricity|Throat Spray\n|-boost|p1a: Toxtricity|spa|1|[from] item: Throat Spray\n|move|p2a: Latias|Psyshock|p1a: Toxtricity\n|-supereffective|p1a: Toxtricity\n|-damage|p1a: Toxtricity|0 fnt\n|faint|p1a: Toxtricity\n|\n|-weather|Snowscape|[upkeep]\n|upkeep\n|\n|t:|1782762144\n|switch|p1a: Scrafty|Scrafty, L83, M|212/244\n|turn|18\n|\n|t:|1782762149\n|switch|p2a: Ninetales|Ninetales-Alola, L78, F|242/242\n|move|p1a: Scrafty|Drain Punch|p2a: Ninetales\n|-damage|p2a: Ninetales|182/242\n|-heal|p1a: Scrafty|242/244|[from] drain|[of] p2a: Ninetales\n|\n|-weather|Snowscape|[upkeep]\n|-heal|p1a: Scrafty|244/244|[from] item: Leftovers\n|upkeep\n|turn|19\n|\n|t:|1782762162\n|-terastallize|p1a: Scrafty|Poison\n|move|p2a: Ninetales|Moonblast|p1a: Scrafty\n|-resisted|p1a: Scrafty\n|-damage|p1a: Scrafty|211/244\n|-unboost|p1a: Scrafty|spa|1\n|move|p1a: Scrafty|Drain Punch|p2a: Ninetales\n|-damage|p2a: Ninetales|122/242\n|-heal|p1a: Scrafty|241/244|[from] drain|[of] p2a: Ninetales\n|\n|-weather|none\n|-heal|p1a: Scrafty|244/244|[from] item: Leftovers\n|upkeep\n|turn|20\n|\n|t:|1782762173\n|switch|p2a: Gliscor|Gliscor, L76, F|239/239\n|move|p1a: Scrafty|Drain Punch|p2a: Gliscor\n|-resisted|p2a: Gliscor\n|-damage|p2a: Gliscor|209/239\n|\n|-status|p2a: Gliscor|tox|[from] item: Toxic Orb\n|upkeep\n|turn|21\n|\n|t:|1782762184\n|switch|p1a: Kyurem|Kyurem, L77|319/319\n|-ability|p1a: Kyurem|Pressure\n|move|p2a: Gliscor|Earthquake|p1a: Kyurem\n|-damage|p1a: Kyurem|226/319\n|\n|-heal|p2a: Gliscor|238/239 tox|[from] ability: Poison Heal\n|upkeep\n|turn|22\n|\n|t:|1782762197\n|move|p2a: Gliscor|Protect|p2a: Gliscor\n|-singleturn|p2a: Gliscor|Protect\n|move|p1a: Kyurem|Freeze-Dry|p2a: Gliscor\n|-activate|p2a: Gliscor|move: Protect\n|\n|-heal|p2a: Gliscor|239/239 tox|[from] ability: Poison Heal\n|upkeep\n|turn|23\n|\n|t:|1782762209\n|switch|p2a: Latias|Latias, L79, F, tera:Steel|80/256\n|move|p1a: Kyurem|Outrage|p2a: Latias\n|-resisted|p2a: Latias\n|-damage|p2a: Latias|11/256\n|\n|upkeep\n|turn|24\n|\n|t:|1782762220\n|move|p2a: Latias|Draco Meteor|p1a: Kyurem|[miss]\n|-miss|p2a: Latias|p1a: Kyurem\n|move|p1a: Kyurem|Outrage|p2a: Latias|[from] lockedmove\n|-resisted|p2a: Latias\n|-damage|p2a: Latias|0 fnt\n|faint|p2a: Latias\n|\n|upkeep\n|\n|t:|1782762223\n|switch|p2a: Ninetales|Ninetales-Alola, L78, F|122/242\n|-weather|Snowscape|[from] ability: Snow Warning|[of] p2a: Ninetales\n|turn|25\n|\n|t:|1782762230\n|move|p2a: Ninetales|Moonblast|p1a: Kyurem\n|-supereffective|p1a: Kyurem\n|-damage|p1a: Kyurem|74/319\n|move|p1a: Kyurem|Outrage|p2a: Ninetales|[from] lockedmove\n|-immune|p2a: Ninetales\n|-start|p1a: Kyurem|confusion|[fatigue]\n|\n|-weather|Snowscape|[upkeep]\n|upkeep\n|turn|26\n|\n|t:|1782762243\n|switch|p1a: Scrafty|Scrafty, L83, M, tera:Poison|244/244\n|move|p2a: Ninetales|Aurora Veil|p2a: Ninetales\n|-sidestart|p2: soypepegrillo|move: Aurora Veil\n|\n|-weather|Snowscape|[upkeep]\n|upkeep\n|turn|27\n|l|\u2606Newarow\n|inactive|Newarow disconnected and has a minute to reconnect!\n|player|p1|\n|j|\u2606Newarow\n|inactive|Newarow reconnected and has 140 seconds left.\n|player|p1|Newarow|169|\n|\n|t:|1782762262\n|move|p2a: Ninetales|Blizzard|p1a: Scrafty\n|-damage|p1a: Scrafty|177/244\n|move|p1a: Scrafty|Drain Punch|p2a: Ninetales\n|-damage|p2a: Ninetales|95/242\n|-heal|p1a: Scrafty|191/244|[from] drain|[of] p2a: Ninetales\n|\n|-weather|Snowscape|[upkeep]\n|-heal|p1a: Scrafty|206/244|[from] item: Leftovers\n|upkeep\n|turn|28\n|\n|t:|1782762268\n|switch|p2a: Gliscor|Gliscor, L76, F|239/239 tox\n|move|p1a: Scrafty|Bulk Up|p1a: Scrafty\n|-boost|p1a: Scrafty|atk|1\n|-boost|p1a: Scrafty|def|1\n|\n|-weather|Snowscape|[upkeep]\n|-heal|p1a: Scrafty|221/244|[from] item: Leftovers\n|upkeep\n|turn|29\n|\n|t:|1782762279\n|move|p2a: Gliscor|Earthquake|p1a: Scrafty\n|-supereffective|p1a: Scrafty\n|-damage|p1a: Scrafty|123/244\n|move|p1a: Scrafty|Bulk Up|p1a: Scrafty\n|-boost|p1a: Scrafty|atk|1\n|-boost|p1a: Scrafty|def|1\n|\n|-weather|none\n|-heal|p1a: Scrafty|138/244|[from] item: Leftovers\n|upkeep\n|turn|30\n|\n|t:|1782762286\n|move|p2a: Gliscor|Substitute|p2a: Gliscor\n|-start|p2a: Gliscor|Substitute\n|-damage|p2a: Gliscor|180/239 tox\n|move|p1a: Scrafty|Bulk Up|p1a: Scrafty\n|-boost|p1a: Scrafty|atk|1\n|-boost|p1a: Scrafty|def|1\n|\n|-heal|p1a: Scrafty|153/244|[from] item: Leftovers\n|-heal|p2a: Gliscor|209/239 tox|[from] ability: Poison Heal\n|upkeep\n|turn|31\n|\n|t:|1782762291\n|move|p2a: Gliscor|Earthquake|p1a: Scrafty\n|-supereffective|p1a: Scrafty\n|-damage|p1a: Scrafty|99/244\n|move|p1a: Scrafty|Bulk Up|p1a: Scrafty\n|-boost|p1a: Scrafty|atk|1\n|-boost|p1a: Scrafty|def|1\n|\n|-heal|p1a: Scrafty|114/244|[from] item: Leftovers\n|-heal|p2a: Gliscor|238/239 tox|[from] ability: Poison Heal\n|upkeep\n|turn|32\n|\n|t:|1782762297\n|move|p2a: Gliscor|Earthquake|p1a: Scrafty\n|-supereffective|p1a: Scrafty\n|-damage|p1a: Scrafty|66/244\n|move|p1a: Scrafty|Bulk Up|p1a: Scrafty\n|-boost|p1a: Scrafty|atk|1\n|-boost|p1a: Scrafty|def|1\n|\n|-heal|p1a: Scrafty|81/244|[from] item: Leftovers\n|-heal|p2a: Gliscor|239/239 tox|[from] ability: Poison Heal\n|upkeep\n|turn|33\n|\n|t:|1782762302\n|move|p2a: Gliscor|Earthquake|p1a: Scrafty\n|-supereffective|p1a: Scrafty\n|-damage|p1a: Scrafty|37/244\n|move|p1a: Scrafty|Rest|p1a: Scrafty\n|-status|p1a: Scrafty|slp|[from] move: Rest\n|-heal|p1a: Scrafty|244/244 slp|[silent]\n|\n|-activate|p1a: Scrafty|ability: Shed Skin\n|-curestatus|p1a: Scrafty|slp|[msg]\n|-sideend|p2: soypepegrillo|move: Aurora Veil\n|upkeep\n|turn|34\n|\n|t:|1782762314\n|move|p2a: Gliscor|Earthquake|p1a: Scrafty\n|-supereffective|p1a: Scrafty\n|-damage|p1a: Scrafty|200/244\n|move|p1a: Scrafty|Knock Off|p2a: Gliscor\n|-end|p2a: Gliscor|Substitute\n|\n|-heal|p1a: Scrafty|215/244|[from] item: Leftovers\n|upkeep\n|turn|35\n|\n|t:|1782762323\n|move|p2a: Gliscor|Protect|p2a: Gliscor\n|-singleturn|p2a: Gliscor|Protect\n|move|p1a: Scrafty|Knock Off|p2a: Gliscor\n|-activate|p2a: Gliscor|move: Protect\n|\n|-heal|p1a: Scrafty|230/244|[from] item: Leftovers\n|upkeep\n|turn|36\n|\n|t:|1782762330\n|switch|p2a: Ninetales|Ninetales-Alola, L78, F|95/242\n|-weather|Snowscape|[from] ability: Snow Warning|[of] p2a: Ninetales\n|move|p1a: Scrafty|Knock Off|p2a: Ninetales\n|-resisted|p2a: Ninetales\n|-damage|p2a: Ninetales|0 fnt\n|-enditem|p2a: Ninetales|Light Clay|[from] move: Knock Off|[of] p1a: Scrafty\n|faint|p2a: Ninetales\n|\n|-weather|Snowscape|[upkeep]\n|-heal|p1a: Scrafty|244/244|[from] item: Leftovers\n|upkeep\n|\n|t:|1782762336\n|switch|p2a: Gliscor|Gliscor, L76, F|239/239 tox\n|turn|37\n|\n|t:|1782762343\n|move|p2a: Gliscor|Protect|p2a: Gliscor\n|-singleturn|p2a: Gliscor|Protect\n|move|p1a: Scrafty|Knock Off|p2a: Gliscor\n|-activate|p2a: Gliscor|move: Protect\n|\n|-weather|Snowscape|[upkeep]\n|upkeep\n|turn|38\n|\n|t:|1782762348\n|move|p2a: Gliscor|Substitute|p2a: Gliscor\n|-start|p2a: Gliscor|Substitute\n|-damage|p2a: Gliscor|180/239 tox\n|move|p1a: Scrafty|Knock Off|p2a: Gliscor\n|-end|p2a: Gliscor|Substitute\n|\n|-weather|Snowscape|[upkeep]\n|-heal|p2a: Gliscor|209/239 tox|[from] ability: Poison Heal\n|upkeep\n|turn|39\n|\n|t:|1782762354\n|move|p2a: Gliscor|Protect|p2a: Gliscor\n|-singleturn|p2a: Gliscor|Protect\n|move|p1a: Scrafty|Knock Off|p2a: Gliscor\n|-activate|p2a: Gliscor|move: Protect\n|\n|-weather|Snowscape|[upkeep]\n|-heal|p2a: Gliscor|238/239 tox|[from] ability: Poison Heal\n|upkeep\n|turn|40\n|\n|t:|1782762360\n|move|p2a: Gliscor|Substitute|p2a: Gliscor\n|-start|p2a: Gliscor|Substitute\n|-damage|p2a: Gliscor|179/239 tox\n|move|p1a: Scrafty|Knock Off|p2a: Gliscor\n|-end|p2a: Gliscor|Substitute\n|\n|-weather|none\n|-heal|p2a: Gliscor|208/239 tox|[from] ability: Poison Heal\n|upkeep\n|turn|41\n|\n|t:|1782762369\n|move|p2a: Gliscor|Earthquake|p1a: Scrafty\n|-supereffective|p1a: Scrafty\n|-damage|p1a: Scrafty|200/244\n|move|p1a: Scrafty|Bulk Up|p1a: Scrafty\n|-boost|p1a: Scrafty|atk|1\n|-boost|p1a: Scrafty|def|1\n|\n|-heal|p1a: Scrafty|215/244|[from] item: Leftovers\n|-heal|p2a: Gliscor|237/239 tox|[from] ability: Poison Heal\n|upkeep\n|turn|42\n|\n|t:|1782762376\n|move|p2a: Gliscor|Protect|p2a: Gliscor\n|-singleturn|p2a: Gliscor|Protect\n|move|p1a: Scrafty|Drain Punch|p2a: Gliscor\n|-activate|p2a: Gliscor|move: Protect\n|\n|-heal|p1a: Scrafty|230/244|[from] item: Leftovers\n|-heal|p2a: Gliscor|239/239 tox|[from] ability: Poison Heal\n|upkeep\n|turn|43\n|\n|t:|1782762384\n|move|p2a: Gliscor|Substitute|p2a: Gliscor\n|-start|p2a: Gliscor|Substitute\n|-damage|p2a: Gliscor|180/239 tox\n|move|p1a: Scrafty|Drain Punch|p2a: Gliscor\n|-resisted|p2a: Gliscor\n|-end|p2a: Gliscor|Substitute\n|-heal|p1a: Scrafty|244/244|[from] drain|[of] p2a: Gliscor\n|\n|-heal|p2a: Gliscor|209/239 tox|[from] ability: Poison Heal\n|upkeep\n|turn|44\n|\n|t:|1782762392\n|move|p2a: Gliscor|Protect|p2a: Gliscor\n|-singleturn|p2a: Gliscor|Protect\n|move|p1a: Scrafty|Drain Punch|p2a: Gliscor\n|-activate|p2a: Gliscor|move: Protect\n|\n|-heal|p2a: Gliscor|238/239 tox|[from] ability: Poison Heal\n|upkeep\n|turn|45\n|\n|t:|1782762401\n|move|p2a: Gliscor|Substitute|p2a: Gliscor\n|-start|p2a: Gliscor|Substitute\n|-damage|p2a: Gliscor|179/239 tox\n|move|p1a: Scrafty|Drain Punch|p2a: Gliscor\n|-resisted|p2a: Gliscor\n|-end|p2a: Gliscor|Substitute\n|\n|-heal|p2a: Gliscor|208/239 tox|[from] ability: Poison Heal\n|upkeep\n|turn|46\n|\n|t:|1782762410\n|move|p2a: Gliscor|Protect|p2a: Gliscor\n|-singleturn|p2a: Gliscor|Protect\n|move|p1a: Scrafty|Drain Punch|p2a: Gliscor\n|-activate|p2a: Gliscor|move: Protect\n|\n|-heal|p2a: Gliscor|237/239 tox|[from] ability: Poison Heal\n|upkeep\n|turn|47\n|\n|t:|1782762423\n|move|p2a: Gliscor|Substitute|p2a: Gliscor\n|-start|p2a: Gliscor|Substitute\n|-damage|p2a: Gliscor|178/239 tox\n|move|p1a: Scrafty|Knock Off|p2a: Gliscor\n|-end|p2a: Gliscor|Substitute\n|\n|-heal|p2a: Gliscor|207/239 tox|[from] ability: Poison Heal\n|upkeep\n|turn|48\n|\n|t:|1782762444\n|move|p2a: Gliscor|Protect|p2a: Gliscor\n|-singleturn|p2a: Gliscor|Protect\n|move|p1a: Scrafty|Drain Punch|p2a: Gliscor\n|-activate|p2a: Gliscor|move: Protect\n|\n|-heal|p2a: Gliscor|236/239 tox|[from] ability: Poison Heal\n|upkeep\n|turn|49\n|\n|t:|1782762455\n|move|p2a: Gliscor|Substitute|p2a: Gliscor\n|-start|p2a: Gliscor|Substitute\n|-damage|p2a: Gliscor|177/239 tox\n|move|p1a: Scrafty|Knock Off|p2a: Gliscor\n|-end|p2a: Gliscor|Substitute\n|\n|-heal|p2a: Gliscor|206/239 tox|[from] ability: Poison Heal\n|upkeep\n|turn|50\n|\n|t:|1782762465\n|move|p2a: Gliscor|Protect|p2a: Gliscor\n|-singleturn|p2a: Gliscor|Protect\n|move|p1a: Scrafty|Knock Off|p2a: Gliscor\n|-activate|p2a: Gliscor|move: Protect\n|\n|-heal|p2a: Gliscor|235/239 tox|[from] ability: Poison Heal\n|upkeep\n|turn|51\n|\n|t:|1782762476\n|move|p2a: Gliscor|Substitute|p2a: Gliscor\n|-start|p2a: Gliscor|Substitute\n|-damage|p2a: Gliscor|176/239 tox\n|move|p1a: Scrafty|Knock Off|p2a: Gliscor\n|-end|p2a: Gliscor|Substitute\n|\n|-heal|p2a: Gliscor|205/239 tox|[from] ability: Poison Heal\n|upkeep\n|turn|52\n|\n|t:|1782762483\n|move|p2a: Gliscor|Protect|p2a: Gliscor\n|-singleturn|p2a: Gliscor|Protect\n|move|p1a: Scrafty|Knock Off|p2a: Gliscor\n|-activate|p2a: Gliscor|move: Protect\n|\n|-heal|p2a: Gliscor|234/239 tox|[from] ability: Poison Heal\n|upkeep\n|turn|53\n|\n|t:|1782762493\n|move|p2a: Gliscor|Substitute|p2a: Gliscor\n|-start|p2a: Gliscor|Substitute\n|-damage|p2a: Gliscor|175/239 tox\n|move|p1a: Scrafty|Knock Off|p2a: Gliscor\n|-end|p2a: Gliscor|Substitute\n|\n|-heal|p2a: Gliscor|204/239 tox|[from] ability: Poison Heal\n|upkeep\n|turn|54\n|\n|t:|1782762501\n|move|p2a: Gliscor|Protect|p2a: Gliscor\n|-singleturn|p2a: Gliscor|Protect\n|move|p1a: Scrafty|Bulk Up|p1a: Scrafty\n|-boost|p1a: Scrafty|atk|0\n|-boost|p1a: Scrafty|def|0\n|\n|-heal|p2a: Gliscor|233/239 tox|[from] ability: Poison Heal\n|upkeep\n|turn|55\n|\n|t:|1782762509\n|move|p2a: Gliscor|Substitute|p2a: Gliscor\n|-start|p2a: Gliscor|Substitute\n|-damage|p2a: Gliscor|174/239 tox\n|move|p1a: Scrafty|Knock Off|p2a: Gliscor\n|-end|p2a: Gliscor|Substitute\n|\n|-heal|p2a: Gliscor|203/239 tox|[from] ability: Poison Heal\n|upkeep\n|turn|56\n|\n|t:|1782762514\n|move|p2a: Gliscor|Protect|p2a: Gliscor\n|-singleturn|p2a: Gliscor|Protect\n|move|p1a: Scrafty|Bulk Up|p1a: Scrafty\n|-boost|p1a: Scrafty|atk|0\n|-boost|p1a: Scrafty|def|0\n|\n|-heal|p2a: Gliscor|232/239 tox|[from] ability: Poison Heal\n|upkeep\n|turn|57\n|\n|t:|1782762519\n|move|p2a: Gliscor|Substitute|p2a: Gliscor\n|-start|p2a: Gliscor|Substitute\n|-damage|p2a: Gliscor|173/239 tox\n|move|p1a: Scrafty|Knock Off|p2a: Gliscor\n|-end|p2a: Gliscor|Substitute\n|\n|-heal|p2a: Gliscor|202/239 tox|[from] ability: Poison Heal\n|upkeep\n|turn|58\n|\n|t:|1782762526\n|move|p2a: Gliscor|Protect|p2a: Gliscor\n|-singleturn|p2a: Gliscor|Protect\n|move|p1a: Scrafty|Bulk Up|p1a: Scrafty\n|-boost|p1a: Scrafty|atk|0\n|-boost|p1a: Scrafty|def|0\n|\n|-heal|p2a: Gliscor|231/239 tox|[from] ability: Poison Heal\n|upkeep\n|turn|59\n|\n|t:|1782762531\n|move|p2a: Gliscor|Substitute|p2a: Gliscor\n|-start|p2a: Gliscor|Substitute\n|-damage|p2a: Gliscor|172/239 tox\n|move|p1a: Scrafty|Bulk Up|p1a: Scrafty\n|-boost|p1a: Scrafty|atk|0\n|-boost|p1a: Scrafty|def|0\n|\n|-heal|p2a: Gliscor|201/239 tox|[from] ability: Poison Heal\n|upkeep\n|turn|60\n|\n|t:|1782762536\n|move|p2a: Gliscor|Earthquake|p1a: Scrafty\n|-supereffective|p1a: Scrafty\n|-damage|p1a: Scrafty|208/244\n|move|p1a: Scrafty|Bulk Up|p1a: Scrafty\n|-boost|p1a: Scrafty|atk|0\n|-boost|p1a: Scrafty|def|0\n|\n|-heal|p1a: Scrafty|223/244|[from] item: Leftovers\n|-heal|p2a: Gliscor|230/239 tox|[from] ability: Poison Heal\n|upkeep\n|turn|61\n|\n|t:|1782762548\n|move|p2a: Gliscor|Earthquake|p1a: Scrafty\n|-supereffective|p1a: Scrafty\n|-damage|p1a: Scrafty|181/244\n|move|p1a: Scrafty|Bulk Up|p1a: Scrafty\n|-boost|p1a: Scrafty|atk|0\n|-boost|p1a: Scrafty|def|0\n|\n|-heal|p1a: Scrafty|196/244|[from] item: Leftovers\n|-heal|p2a: Gliscor|239/239 tox|[from] ability: Poison Heal\n|upkeep\n|turn|62\n|\n|t:|1782762558\n|move|p2a: Gliscor|Earthquake|p1a: Scrafty\n|-supereffective|p1a: Scrafty\n|-damage|p1a: Scrafty|158/244\n|move|p1a: Scrafty|Bulk Up|p1a: Scrafty\n|-boost|p1a: Scrafty|atk|0\n|-boost|p1a: Scrafty|def|0\n|\n|-heal|p1a: Scrafty|173/244|[from] item: Leftovers\n|upkeep\n|turn|63\n|\n|t:|1782762567\n|move|p2a: Gliscor|Earthquake|p1a: Scrafty\n|-supereffective|p1a: Scrafty\n|-damage|p1a: Scrafty|141/244\n|move|p1a: Scrafty|Bulk Up|p1a: Scrafty\n|-boost|p1a: Scrafty|atk|0\n|-boost|p1a: Scrafty|def|0\n|\n|-heal|p1a: Scrafty|156/244|[from] item: Leftovers\n|upkeep\n|turn|64\n|\n|t:|1782762576\n|move|p2a: Gliscor|Earthquake|p1a: Scrafty\n|-supereffective|p1a: Scrafty\n|-damage|p1a: Scrafty|118/244\n|move|p1a: Scrafty|Bulk Up|p1a: Scrafty\n|-boost|p1a: Scrafty|atk|0\n|-boost|p1a: Scrafty|def|0\n|\n|-heal|p1a: Scrafty|133/244|[from] item: Leftovers\n|upkeep\n|turn|65\n|\n|t:|1782762585\n|move|p2a: Gliscor|Earthquake|p1a: Scrafty\n|-supereffective|p1a: Scrafty\n|-damage|p1a: Scrafty|97/244\n|move|p1a: Scrafty|Bulk Up|p1a: Scrafty\n|-boost|p1a: Scrafty|atk|0\n|-boost|p1a: Scrafty|def|0\n|\n|-heal|p1a: Scrafty|112/244|[from] item: Leftovers\n|upkeep\n|turn|66\n|\n|t:|1782762596\n|move|p2a: Gliscor|Earthquake|p1a: Scrafty\n|-supereffective|p1a: Scrafty\n|-damage|p1a: Scrafty|74/244\n|move|p1a: Scrafty|Bulk Up|p1a: Scrafty\n|-boost|p1a: Scrafty|atk|0\n|-boost|p1a: Scrafty|def|0\n|\n|-heal|p1a: Scrafty|89/244|[from] item: Leftovers\n|upkeep\n|turn|67\n|\n|t:|1782762606\n|move|p2a: Gliscor|Toxic|p1a: Scrafty|[miss]\n|-miss|p2a: Gliscor|p1a: Scrafty\n|move|p1a: Scrafty|Bulk Up|p1a: Scrafty\n|-boost|p1a: Scrafty|atk|0\n|-boost|p1a: Scrafty|def|0\n|\n|-heal|p1a: Scrafty|104/244|[from] item: Leftovers\n|upkeep\n|turn|68\n|\n|t:|1782762612\n|move|p2a: Gliscor|Toxic|p1a: Scrafty\n|-immune|p1a: Scrafty\n|move|p1a: Scrafty|Bulk Up|p1a: Scrafty\n|-boost|p1a: Scrafty|atk|0\n|-boost|p1a: Scrafty|def|0\n|\n|-heal|p1a: Scrafty|119/244|[from] item: Leftovers\n|upkeep\n|turn|69\n|\n|t:|1782762627\n|move|p2a: Gliscor|Toxic|p1a: Scrafty\n|-immune|p1a: Scrafty\n|move|p1a: Scrafty|Bulk Up|p1a: Scrafty\n|-boost|p1a: Scrafty|atk|0\n|-boost|p1a: Scrafty|def|0\n|\n|-heal|p1a: Scrafty|134/244|[from] item: Leftovers\n|upkeep\n|turn|70\n|\n|t:|1782762632\n|move|p2a: Gliscor|Toxic|p1a: Scrafty\n|-immune|p1a: Scrafty\n|move|p1a: Scrafty|Bulk Up|p1a: Scrafty\n|-boost|p1a: Scrafty|atk|0\n|-boost|p1a: Scrafty|def|0\n|\n|-heal|p1a: Scrafty|149/244|[from] item: Leftovers\n|upkeep\n|turn|71\n|\n|t:|1782762637\n|move|p2a: Gliscor|Toxic|p1a: Scrafty\n|-immune|p1a: Scrafty\n|move|p1a: Scrafty|Bulk Up|p1a: Scrafty\n|-boost|p1a: Scrafty|atk|0\n|-boost|p1a: Scrafty|def|0\n|\n|-heal|p1a: Scrafty|164/244|[from] item: Leftovers\n|upkeep\n|turn|72\n|\n|t:|1782762645\n|move|p2a: Gliscor|Toxic|p1a: Scrafty\n|-immune|p1a: Scrafty\n|move|p1a: Scrafty|Bulk Up|p1a: Scrafty\n|-boost|p1a: Scrafty|atk|0\n|-boost|p1a: Scrafty|def|0\n|\n|-heal|p1a: Scrafty|179/244|[from] item: Leftovers\n|upkeep\n|turn|73\n|c|\u2606Newarow|Bro it's obviously loosed Why dont you surrender\n|inactive|Newarow has 120 seconds left.\n|\n|t:|1782762693\n|move|p2a: Gliscor|Toxic|p1a: Scrafty\n|-immune|p1a: Scrafty\n|move|p1a: Scrafty|Bulk Up|p1a: Scrafty\n|-boost|p1a: Scrafty|atk|0\n|-boost|p1a: Scrafty|def|0\n|\n|-heal|p1a: Scrafty|194/244|[from] item: Leftovers\n|upkeep\n|turn|74\n|\n|t:|1782762702\n|move|p2a: Gliscor|Toxic|p1a: Scrafty\n|-immune|p1a: Scrafty\n|move|p1a: Scrafty|Bulk Up|p1a: Scrafty\n|-boost|p1a: Scrafty|atk|0\n|-boost|p1a: Scrafty|def|0\n|\n|-heal|p1a: Scrafty|209/244|[from] item: Leftovers\n|upkeep\n|turn|75\n|\n|t:|1782762710\n|move|p2a: Gliscor|Toxic|p1a: Scrafty\n|-immune|p1a: Scrafty\n|move|p1a: Scrafty|Bulk Up|p1a: Scrafty\n|-boost|p1a: Scrafty|atk|0\n|-boost|p1a: Scrafty|def|0\n|\n|-heal|p1a: Scrafty|224/244|[from] item: Leftovers\n|upkeep\n|turn|76\n|\n|t:|1782762721\n|move|p2a: Gliscor|Toxic|p1a: Scrafty\n|-immune|p1a: Scrafty\n|move|p1a: Scrafty|Bulk Up|p1a: Scrafty\n|-boost|p1a: Scrafty|atk|0\n|-boost|p1a: Scrafty|def|0\n|\n|-heal|p1a: Scrafty|239/244|[from] item: Leftovers\n|upkeep\n|turn|77\n|\n|t:|1782762732\n|move|p2a: Gliscor|Substitute|p2a: Gliscor\n|-fail|p2a: Gliscor|move: Substitute\n|move|p1a: Scrafty|Bulk Up|p1a: Scrafty\n|-boost|p1a: Scrafty|atk|0\n|-boost|p1a: Scrafty|def|0\n|\n|-heal|p1a: Scrafty|244/244|[from] item: Leftovers\n|upkeep\n|turn|78\n|inactive|Newarow has 120 seconds left.\n|\n|t:|1782762758\n|move|p2a: Gliscor|Toxic|p1a: Scrafty\n|-immune|p1a: Scrafty\n|move|p1a: Scrafty|Bulk Up|p1a: Scrafty\n|-boost|p1a: Scrafty|atk|0\n|-boost|p1a: Scrafty|def|0\n|\n|upkeep\n|turn|79\n|\n|t:|1782762767\n|move|p2a: Gliscor|Toxic|p1a: Scrafty|[miss]\n|-miss|p2a: Gliscor|p1a: Scrafty\n|move|p1a: Scrafty|Bulk Up|p1a: Scrafty\n|-boost|p1a: Scrafty|atk|0\n|-boost|p1a: Scrafty|def|0\n|\n|upkeep\n|turn|80\n|inactive|Newarow has 120 seconds left.\n|inactive|soypepegrillo has 120 seconds left.\n|c|\u2606Newarow|Hdp\n|inactive|soypepegrillo has 90 seconds left.\n|c|\u2606Newarow|P\u00e9p\u00e9 de ma bite\n|c|\u2606soypepegrillo|I might have lost, but you will lose your time.\n|c|\u2606soypepegrillo|looser\n|inactive|soypepegrillo has 60 seconds left.\n|c|\u2606Newarow|You loose I win twice your salary you spanish selling paela dude\n|inactive|soypepegrillo has 30 seconds left.\n|inactive|soypepegrillo has 20 seconds left.\n|inactive|soypepegrillo has 15 seconds left.\n|c|\u2606soypepegrillo|The lost time is worth more than a single lost random match.\n|inactive|soypepegrillo has 10 seconds left.\n|\n|t:|1782762912\n|move|p2a: Gliscor|Toxic|p1a: Scrafty\n|-immune|p1a: Scrafty\n|move|p1a: Scrafty|Bulk Up|p1a: Scrafty\n|-boost|p1a: Scrafty|atk|0\n|-boost|p1a: Scrafty|def|0\n|\n|upkeep\n|turn|81\n|inactive|soypepegrillo has 20 seconds left this turn.\n|inactive|soypepegrillo has 15 seconds left.\n|inactive|soypepegrillo has 10 seconds left.\n|\n|t:|1782762934\n|move|p2a: Gliscor|Substitute|p2a: Gliscor\n|-fail|p2a: Gliscor|move: Substitute\n|move|p1a: Scrafty|Knock Off|p2a: Gliscor\n|-end|p2a: Gliscor|Substitute\n|\n|upkeep\n|turn|82\n|inactive|soypepegrillo has 20 seconds left this turn.\n|inactive|soypepegrillo has 15 seconds left.\n|inactive|soypepegrillo has 10 seconds left.\n|inactive|soypepegrillo has 5 seconds left.\n|\n|t:|1782762952\n|move|p2a: Gliscor|Protect|p2a: Gliscor\n|-singleturn|p2a: Gliscor|Protect\n|move|p1a: Scrafty|Knock Off|p2a: Gliscor\n|-activate|p2a: Gliscor|move: Protect\n|\n|upkeep\n|turn|83\n|inactive|soypepegrillo has 15 seconds left this turn.\n|inactive|soypepegrillo has 10 seconds left.\n|\n|t:|1782762958\n|move|p2a: Gliscor|Substitute|p2a: Gliscor\n|-start|p2a: Gliscor|Substitute\n|-damage|p2a: Gliscor|180/239 tox\n|move|p1a: Scrafty|Drain Punch|p2a: Gliscor\n|-resisted|p2a: Gliscor\n|-end|p2a: Gliscor|Substitute\n|\n|-heal|p2a: Gliscor|209/239 tox|[from] ability: Poison Heal\n|upkeep\n|turn|84\n|inactive|soypepegrillo has 20 seconds left this turn.\n|inactive|soypepegrillo has 15 seconds left.\n|inactive|soypepegrillo has 10 seconds left.\n|inactive|soypepegrillo has 5 seconds left.\n|\n|t:|1782762976\n|move|p2a: Gliscor|Protect|p2a: Gliscor\n|-singleturn|p2a: Gliscor|Protect\n|move|p1a: Scrafty|Knock Off|p2a: Gliscor\n|-activate|p2a: Gliscor|move: Protect\n|\n|-heal|p2a: Gliscor|238/239 tox|[from] ability: Poison Heal\n|upkeep\n|turn|85\n|inactive|soypepegrillo has 15 seconds left this turn.\n|c|\u2606Newarow|No woman\n|c|\u2606Newarow|no money\n|inactive|soypepegrillo has 10 seconds left.\n|inactive|Newarow has 120 seconds left.\n|inactive|soypepegrillo has 5 seconds left.\n|c|\u2606Newarow|26 years old\n|c|\u2606Newarow|playing pokemon\n|\n|t:|1782762997\n|move|p2a: Gliscor|Substitute|p2a: Gliscor\n|-start|p2a: Gliscor|Substitute\n|-damage|p2a: Gliscor|179/239 tox\n|move|p1a: Scrafty|Knock Off|p2a: Gliscor\n|-end|p2a: Gliscor|Substitute\n|\n|-heal|p2a: Gliscor|208/239 tox|[from] ability: Poison Heal\n|upkeep\n|turn|86\n|inactive|soypepegrillo has 15 seconds left this turn.\n|c|\u2606soypepegrillo|no lol\n|inactive|soypepegrillo has 10 seconds left.\n|c|\u2606soypepegrillo|cry bro\n|inactive|soypepegrillo has 5 seconds left.\n|\n|t:|1782763011\n|move|p2a: Gliscor|Protect|p2a: Gliscor\n|-singleturn|p2a: Gliscor|Protect\n|move|p1a: Scrafty|Knock Off|p2a: Gliscor\n|-activate|p2a: Gliscor|move: Protect\n|\n|-heal|p2a: Gliscor|237/239 tox|[from] ability: Poison Heal\n|upkeep\n|turn|87\n|inactive|soypepegrillo has 15 seconds left this turn.\n|inactive|Newarow has 120 seconds left.\n|inactive|soypepegrillo has 10 seconds left.\n|inactive|soypepegrillo has 5 seconds left.\n|\n|t:|1782763025\n|move|p2a: Gliscor|Earthquake|p1a: Scrafty\n|-supereffective|p1a: Scrafty\n|-damage|p1a: Scrafty|206/244\n|move|p1a: Scrafty|Knock Off|p2a: Gliscor\n|-damage|p2a: Gliscor|0 fnt\n|-enditem|p2a: Gliscor|Toxic Orb|[from] move: Knock Off|[of] p1a: Scrafty\n|faint|p2a: Gliscor\n|\n|win|Newarow\n", "inputlog": ">version f8ac14003a5f27e1bdc8d8c59608a773c1cb96e5\n>start {\"formatid\":\"gen9randombattle\",\"seed\":\"sodium,2c37e3b205f9f9ad8e3f7e65ba27445a\",\"rated\":\"Rated battle\"}\n>player p1 {\"name\":\"Newarow\",\"avatar\":\"169\",\"rating\":1236,\"seed\":\"sodium,c17331c59857c45deb783a9b0a4f75d5\"}\n>player p2 {\"name\":\"soypepegrillo\",\"avatar\":\"shadowtriad\",\"rating\":1222,\"seed\":\"sodium,873980b19c1274b8d0464895403c7706\"}\n>p1 switch 6\n>p2 move dracometeor terastallize\n>p1 move drainpunch\n>p2 switch 2\n>p1 switch 4\n>p2 move sleeppowder\n>p1 move glare\n>p2 move alluringvoice\n>p1 move leafstorm\n>p2 move quiverdance\n>p1 move leafstorm\n>p2 move alluringvoice\n>p2 switch 6\n>p1 move leafstorm\n>p2 move substitute\n>p2 switch 2\n>p1 move leafstorm\n>p2 move psyshock\n>p1 switch 4\n>p1 move bulkup\n>p2 move dracometeor\n>p1 move rest\n>p2 move dracometeor\n>p1 move drainpunch\n>p2 move recover\n>p1 move drainpunch\n>p2 switch 5\n>p1 move drainpunch\n>p2 move closecombat\n>p1 move drainpunch\n>p2 move heavyslam\n>p2 switch 4\n>p1 switch 2\n>p2 move moonblast\n>p1 move shiftgear\n>p2 switch 5\n>p1 move overdrive\n>p2 move psyshock\n>p1 switch 2\n>p1 move drainpunch\n>p2 switch 5\n>p1 move drainpunch terastallize\n>p2 move moonblast\n>p1 move drainpunch\n>p2 switch 3\n>p1 switch 5\n>p2 move earthquake\n>p1 move freezedry\n>p2 move protect\n>p1 move outrage\n>p2 switch 5\n>p1 move outrage\n>p2 move dracometeor\n>p2 switch 3\n>p1 move outrage\n>p2 move moonblast\n>p1 switch 5\n>p2 move auroraveil\n>p1 move drainpunch\n>p2 move blizzard\n>p1 move bulkup\n>p2 switch 5\n>p1 move bulkup\n>p2 move earthquake\n>p1 move bulkup\n>p2 move substitute\n>p1 move bulkup\n>p2 move earthquake\n>p1 move bulkup\n>p2 move earthquake\n>p1 move rest\n>p2 move earthquake\n>p1 move knockoff\n>p2 move earthquake\n>p1 move knockoff\n>p2 move protect\n>p1 move knockoff\n>p2 switch 5\n>p2 switch 5\n>p1 move knockoff\n>p2 move protect\n>p1 move knockoff\n>p2 move substitute\n>p1 move knockoff\n>p2 move protect\n>p1 move knockoff\n>p2 move substitute\n>p1 move bulkup\n>p2 move earthquake\n>p1 move drainpunch\n>p2 move protect\n>p1 move drainpunch\n>p2 move substitute\n>p1 move drainpunch\n>p2 move protect\n>p1 move drainpunch\n>p2 move substitute\n>p1 move drainpunch\n>p2 move protect\n>p1 move knockoff\n>p2 move substitute\n>p1 move drainpunch\n>p2 move protect\n>p1 move knockoff\n>p2 move substitute\n>p1 move knockoff\n>p2 move protect\n>p1 move knockoff\n>p2 move substitute\n>p1 move knockoff\n>p2 move protect\n>p1 move knockoff\n>p2 move substitute\n>p1 move bulkup\n>p2 move protect\n>p1 move knockoff\n>p2 move substitute\n>p1 move bulkup\n>p2 move protect\n>p1 move knockoff\n>p2 move substitute\n>p1 move bulkup\n>p2 move protect\n>p1 move bulkup\n>p2 move substitute\n>p1 move bulkup\n>p2 move earthquake\n>p1 move bulkup\n>p2 move earthquake\n>p1 move bulkup\n>p2 move earthquake\n>p1 move bulkup\n>p2 move earthquake\n>p1 move bulkup\n>p2 move earthquake\n>p1 move bulkup\n>p2 move earthquake\n>p1 move bulkup\n>p2 move earthquake\n>p1 move bulkup\n>p2 move toxic\n>p1 move bulkup\n>p2 move toxic\n>p1 move bulkup\n>p2 move toxic\n>p1 move bulkup\n>p2 move toxic\n>p1 move bulkup\n>p2 move toxic\n>p1 move bulkup\n>p2 move toxic\n>chat \u2606Newarow|Bro it's obviously loosed Why dont you surrender\n>p1 move bulkup\n>p2 move toxic\n>p1 move bulkup\n>p2 move toxic\n>p1 move bulkup\n>p2 move toxic\n>p1 move bulkup\n>p2 move toxic\n>p1 move bulkup\n>p2 move substitute\n>p1 move bulkup\n>p2 move toxic\n>p1 move bulkup\n>p2 move toxic\n>chat \u2606Newarow|Hdp \n>chat \u2606Newarow|P\u00e9p\u00e9 de ma bite \n>chat \u2606soypepegrillo|I might have lost, but you will lose your time.\n>chat \u2606soypepegrillo|looser\n>chat \u2606Newarow|You loose I win twice your salary you spanish selling paela dude\n>chat \u2606soypepegrillo|The lost time is worth more than a single lost random match.\n>p1 move bulkup\n>p2 move toxic\n>p1 move knockoff\n>p2 move substitute\n>p1 move knockoff\n>p2 move protect\n>p1 move drainpunch\n>p2 move substitute\n>p1 move knockoff\n>p2 move protect\n>chat \u2606Newarow|No woman\n>chat \u2606Newarow|no money \n>chat \u2606Newarow|26 years old\n>chat \u2606Newarow|playing pokemon\n>p1 move knockoff\n>p2 move substitute\n>chat \u2606soypepegrillo|no lol\n>chat \u2606soypepegrillo|cry bro\n>p1 move knockoff\n>p2 move protect\n>p1 move knockoff\n>p2 move earthquake", "uploadtime": 1782762838, "views": 5, "formatid": "gen9randombattle", "rating": null, "private": 0, "password": null, "player_dets": [{"name": "Newarow", "avatar": "169", "rating": 1236, "seed": "sodium,c17331c59857c45deb783a9b0a4f75d5"}, {"name": "soypepegrillo", "avatar": "shadowtriad", "rating": 1222, "seed": "sodium,873980b19c1274b8d0464895403c7706"}], "teams_full": [{"Palkia": {"name": "Palkia", "species": "Palkia", "speciesId": "palkia", "gender": "N", "shiny": false, "level": 75, "moves": ["fireblast", "spacialrend", "thunderwave", "hydropump"], "ability": "Pressure", "evs": {"hp": 85, "atk": 0, "def": 85, "spa": 85, "spd": 85, "spe": 85}, "ivs": {"hp": 31, "atk": 0, "def": 31, "spa": 31, "spd": 31, "spe": 31}, "item": "Lustrous Orb", "teraType": "Fire", "role": "Bulky Attacker", "bvs": {"hp": 90, "atk": 120, "def": 100, "spa": 150, "spd": 120, "spe": 100}, "stats": {"hp": 259, "atk": 185, "def": 194, "spa": 269, "spd": 224, "spe": 194}, "types": ["Water", "Dragon"]}, "Toxtricity": {"name": "Toxtricity", "species": "Toxtricity", "speciesId": "toxtricity", "gender": "F", "shiny": false, "level": 82, "moves": ["overdrive", "gunkshot", "shiftgear", "boomburst"], "ability": "Punk Rock", "evs": {"hp": 85, "atk": 85, "def": 85, "spa": 85, "spd": 85, "spe": 85}, "ivs": {"hp": 31, "atk": 31, "def": 31, "spa": 31, "spd": 31, "spe": 31}, "item": "Throat Spray", "teraType": "Normal", "role": "Setup Sweeper", "bvs": {"hp": 75, "atk": 98, "def": 70, "spa": 114, "spd": 70, "spe": 75}, "stats": {"hp": 257, "atk": 208, "def": 162, "spa": 234, "spd": 162, "spe": 170}, "types": ["Electric", "Poison"]}, "Luxray": {"name": "Luxray", "species": "Luxray", "speciesId": "luxray", "gender": "F", "shiny": false, "level": 88, "moves": ["facade", "throatchop", "trailblaze", "supercellslam"], "ability": "Guts", "evs": {"hp": 81, "atk": 85, "def": 85, "spa": 85, "spd": 85, "spe": 85}, "ivs": {"hp": 31, "atk": 31, "def": 31, "spa": 31, "spd": 31, "spe": 31}, "item": "Flame Orb", "teraType": "Normal", "role": "Setup Sweeper", "bvs": {"hp": 80, "atk": 120, "def": 79, "spa": 95, "spd": 79, "spe": 70}, "stats": {"hp": 283, "atk": 261, "def": 189, "spa": 217, "spd": 189, "spe": 173}, "types": ["Electric"]}, "Serperior": {"name": "Serperior", "species": "Serperior", "speciesId": "serperior", "gender": "M", "shiny": false, "level": 79, "moves": ["synthesis", "terablast", "leafstorm", "glare"], "ability": "Contrary", "evs": {"hp": 85, "atk": 85, "def": 85, "spa": 85, "spd": 85, "spe": 85}, "ivs": {"hp": 31, "atk": 31, "def": 31, "spa": 31, "spd": 31, "spe": 31}, "item": "Life Orb", "teraType": "Rock", "role": "Tera Blast user", "bvs": {"hp": 75, "atk": 75, "def": 95, "spa": 75, "spd": 95, "spe": 113}, "stats": {"hp": 248, "atk": 164, "def": 196, "spa": 164, "spd": 196, "spe": 224}, "types": ["Grass"]}, "Kyurem": {"name": "Kyurem", "species": "Kyurem", "speciesId": "kyurem", "gender": "N", "shiny": false, "level": 77, "moves": ["dracometeor", "freezedry", "outrage", "earthpower"], "ability": "Pressure", "evs": {"hp": 85, "atk": 85, "def": 85, "spa": 85, "spd": 85, "spe": 85}, "ivs": {"hp": 31, "atk": 31, "def": 31, "spa": 31, "spd": 31, "spe": 31}, "item": "Heavy-Duty Boots", "teraType": "Ground", "role": "Wallbreaker", "bvs": {"hp": 125, "atk": 130, "def": 90, "spa": 130, "spd": 90, "spe": 95}, "stats": {"hp": 319, "atk": 245, "def": 183, "spa": 245, "spd": 183, "spe": 191}, "types": ["Dragon", "Ice"]}, "Scrafty": {"name": "Scrafty", "species": "Scrafty", "speciesId": "scrafty", "gender": "M", "shiny": false, "level": 83, "moves": ["bulkup", "drainpunch", "knockoff", "rest"], "ability": "Shed Skin", "evs": {"hp": 85, "atk": 85, "def": 85, "spa": 85, "spd": 85, "spe": 85}, "ivs": {"hp": 31, "atk": 31, "def": 31, "spa": 31, "spd": 31, "spe": 31}, "item": "Leftovers", "teraType": "Poison", "role": "Bulky Setup", "bvs": {"hp": 65, "atk": 90, "def": 115, "spa": 45, "spd": 115, "spe": 58}, "stats": {"hp": 244, "atk": 197, "def": 239, "spa": 122, "spd": 239, "spe": 144}, "types": ["Dark", "Fighting"]}}, {"Latias": {"name": "Latias", "species": "Latias", "speciesId": "latias", "gender": "F", "shiny": false, "level": 79, "moves": ["psyshock", "dracometeor", "recover", "calmmind"], "ability": "Levitate", "evs": {"hp": 85, "atk": 0, "def": 85, "spa": 85, "spd": 85, "spe": 85}, "ivs": {"hp": 31, "atk": 0, "def": 31, "spa": 31, "spd": 31, "spe": 31}, "item": "Soul Dew", "teraType": "Steel", "role": "Fast Bulky Setup", "bvs": {"hp": 80, "atk": 80, "def": 90, "spa": 110, "spd": 130, "spe": 110}, "stats": {"hp": 256, "atk": 131, "def": 188, "spa": 219, "spd": 251, "spe": 219}, "types": ["Dragon", "Psychic"]}, "Lilligant": {"name": "Lilligant", "species": "Lilligant", "speciesId": "lilligant", "gender": "F", "shiny": false, "level": 86, "moves": ["alluringvoice", "petaldance", "quiverdance", "sleeppowder"], "ability": "Own Tempo", "evs": {"hp": 85, "atk": 0, "def": 85, "spa": 85, "spd": 85, "spe": 85}, "ivs": {"hp": 31, "atk": 0, "def": 31, "spa": 31, "spd": 31, "spe": 31}, "item": "Life Orb", "teraType": "Fairy", "role": "Setup Sweeper", "bvs": {"hp": 70, "atk": 60, "def": 75, "spa": 110, "spd": 75, "spe": 90}, "stats": {"hp": 261, "atk": 108, "def": 178, "spa": 238, "spd": 178, "spe": 204}, "types": ["Grass"]}, "Gliscor": {"name": "Gliscor", "species": "Gliscor", "speciesId": "gliscor", "gender": "F", "shiny": false, "level": 76, "moves": ["substitute", "toxic", "protect", "earthquake"], "ability": "Poison Heal", "evs": {"hp": 85, "atk": 85, "def": 85, "spa": 85, "spd": 85, "spe": 85}, "ivs": {"hp": 31, "atk": 31, "def": 31, "spa": 31, "spd": 31, "spe": 31}, "item": "Toxic Orb", "teraType": "Water", "role": "Fast Support", "bvs": {"hp": 75, "atk": 95, "def": 125, "spa": 45, "spd": 75, "spe": 95}, "stats": {"hp": 239, "atk": 188, "def": 234, "spa": 112, "spd": 158, "spe": 188}, "types": ["Ground", "Flying"]}, "Ninetales": {"name": "Ninetales", "species": "Ninetales-Alola", "speciesId": "ninetalesalola", "gender": "F", "shiny": false, "level": 78, "moves": ["moonblast", "freezedry", "auroraveil", "blizzard"], "ability": "Snow Warning", "evs": {"hp": 85, "atk": 0, "def": 85, "spa": 85, "spd": 85, "spe": 85}, "ivs": {"hp": 31, "atk": 0, "def": 31, "spa": 31, "spd": 31, "spe": 31}, "item": "Light Clay", "teraType": "Steel", "role": "Fast Attacker", "bvs": {"hp": 73, "atk": 67, "def": 75, "spa": 81, "spd": 100, "spe": 109}, "stats": {"hp": 242, "atk": 109, "def": 162, "spa": 171, "spd": 201, "spe": 215}, "types": ["Ice", "Fairy"]}, "Glastrier": {"name": "Glastrier", "species": "Glastrier", "speciesId": "glastrier", "gender": "N", "shiny": false, "level": 86, "moves": ["iciclecrash", "heavyslam", "swordsdance", "closecombat"], "ability": "Chilling Neigh", "evs": {"hp": 85, "atk": 85, "def": 85, "spa": 85, "spd": 85, "spe": 85}, "ivs": {"hp": 31, "atk": 31, "def": 31, "spa": 31, "spd": 31, "spe": 31}, "item": "Heavy-Duty Boots", "teraType": "Steel", "role": "Bulky Attacker", "bvs": {"hp": 100, "atk": 145, "def": 130, "spa": 65, "spd": 110, "spe": 30}, "stats": {"hp": 312, "atk": 299, "def": 273, "spa": 161, "spd": 238, "spe": 101}, "types": ["Ice"]}, "Regigigas": {"name": "Regigigas", "species": "Regigigas", "speciesId": "regigigas", "gender": "N", "shiny": false, "level": 84, "moves": ["knockoff", "substitute", "protect", "bodyslam"], "ability": "Slow Start", "evs": {"hp": 85, "atk": 85, "def": 85, "spa": 85, "spd": 85, "spe": 85}, "ivs": {"hp": 31, "atk": 31, "def": 31, "spa": 31, "spd": 31, "spe": 31}, "item": "Leftovers", "teraType": "Ghost", "role": "Bulky Attacker", "bvs": {"hp": 110, "atk": 160, "def": 110, "spa": 80, "spd": 110, "spe": 100}, "stats": {"hp": 322, "atk": 317, "def": 233, "spa": 183, "spd": 233, "spe": 216}, "types": ["Normal"]}}]}