{"id": "gen9randombattle-2641611139", "format": "[Gen 9] Random Battle", "players": ["RoFnA", "MichaelderBeste2"], "log": "|badge|p1|bronze|gen9ru|100-9\n|badge|p1|bronze|gen9ubers|100-9\n|uhtml|medal-msg|<div class=\"broadcast-blue\">Curious what those medals under the avatar are? PS now has Ladder Seasons! For more information, check out the <a href=\"https://www.smogon.com/forums/threads/3740067/\">thread on Smogon.</a></div>\n|badge|p2|silver|gen9randombattle|30-9\n|html|<div class=\"broadcast-red\"><strong>This battle is required to be public due to one or more player having a season medal.</strong><br />During the public phase, you can discuss the state of the ladder <a href=\"/seasondiscussion\">in a special chatroom.</a></div>\n|uhtml|medal-msg|<div class=\"broadcast-blue\">Curious what those medals under the avatar are? PS now has Ladder Seasons! For more information, check out the <a href=\"https://www.smogon.com/forums/threads/3740067/\">thread on Smogon.</a></div>\n|raw|<div class=\"broadcast-blue\"><strong>This battle is required to be public due to a player having a name starting with 'medal'.</div>\n|j|\u2606RoFnA\n|j|\u2606MichaelderBeste2\n|t:|1782818444\n|gametype|singles\n|player|p1|RoFnA|#agwliigroudons|2243\n|player|p2|MichaelderBeste2|#wcop2026germany|2375\n|gen|9\n|tier|[Gen 9] Random Battle\n|rated|\n|rule|Species Clause: Limit one of each Pok\u00e9mon\n|rule|HP Percentage Mod: HP is shown in percentages\n|rule|Sleep Clause Mod: Limit one foe put to sleep\n|rule|Illusion Level Mod: Illusion disguises the Pok\u00e9mon's true level\n|\n|t:|1782818444\n|teamsize|p1|6\n|teamsize|p2|6\n|start\n|switch|p1a: Exeggutor|Exeggutor, L89, F|312/312\n|switch|p2a: Gardevoir|Gardevoir, L83, F|249/249\n|-ability|p2a: Gardevoir|Harvest|Trace|[from] ability: Trace|[of] p1a: Exeggutor\n|turn|1\n|\n|t:|1782818506\n|move|p2a: Gardevoir|Trick|p1a: Exeggutor\n|-activate|p2a: Gardevoir|move: Trick|[of] p1a: Exeggutor\n|-item|p1a: Exeggutor|Choice Scarf|[from] move: Trick\n|-item|p2a: Gardevoir|Sitrus Berry|[from] move: Trick\n|move|p1a: Exeggutor|Leech Seed|p2a: Gardevoir\n|-start|p2a: Gardevoir|move: Leech Seed\n|\n|-damage|p2a: Gardevoir|218/249|[from] Leech Seed|[of] p1a: Exeggutor\n|upkeep\n|turn|2\n|\n|t:|1782818521\n|switch|p1a: Scream Tail|Scream Tail, L84|330/330\n|move|p2a: Gardevoir|Moonblast|p1a: Scream Tail\n|-damage|p1a: Scream Tail|224/330\n|-unboost|p1a: Scream Tail|spa|1\n|\n|-heal|p1a: Scream Tail|244/330|[from] item: Leftovers\n|-damage|p2a: Gardevoir|187/249|[from] Leech Seed|[of] p1a: Scream Tail\n|-heal|p1a: Scream Tail|275/330|[silent]\n|upkeep\n|turn|3\n|\n|t:|1782818534\n|switch|p2a: Swampert|Swampert, L83, M|302/302\n|move|p1a: Scream Tail|Wish|p1a: Scream Tail\n|\n|-heal|p1a: Scream Tail|295/330|[from] item: Leftovers\n|upkeep\n|turn|4\n|\n|t:|1782818539\n|-end|p1a: Scream Tail|Protosynthesis|[silent]\n|switch|p1a: Forretress|Forretress, L84, F|263/263\n|move|p2a: Swampert|Yawn|p1a: Forretress\n|-start|p1a: Forretress|move: Yawn|[of] p2a: Swampert\n|\n|upkeep\n|turn|5\n|\n|t:|1782818548\n|move|p2a: Swampert|Knock Off|p1a: Forretress\n|-damage|p1a: Forretress|210/263\n|-enditem|p1a: Forretress|Leftovers|[from] move: Knock Off|[of] p2a: Swampert\n|move|p1a: Forretress|Stealth Rock|p2a: Swampert\n|-sidestart|p2: MichaelderBeste2|move: Stealth Rock\n|\n|-end|p1a: Forretress|move: Yawn|[silent]\n|-status|p1a: Forretress|slp\n|upkeep\n|turn|6\n|\n|t:|1782818552\n|move|p2a: Swampert|Earthquake|p1a: Forretress\n|-damage|p1a: Forretress|132/263 slp\n|cant|p1a: Forretress|slp\n|\n|upkeep\n|turn|7\n|\n|t:|1782818555\n|switch|p1a: Scream Tail|Scream Tail, L84|295/330\n|move|p2a: Swampert|Earthquake|p1a: Scream Tail\n|-damage|p1a: Scream Tail|192/330\n|\n|-heal|p1a: Scream Tail|212/330|[from] item: Leftovers\n|upkeep\n|turn|8\n|\n|t:|1782818558\n|move|p1a: Scream Tail|Wish|p1a: Scream Tail\n|move|p2a: Swampert|Knock Off|p1a: Scream Tail\n|-damage|p1a: Scream Tail|140/330\n|-enditem|p1a: Scream Tail|Leftovers|[from] move: Knock Off|[of] p2a: Swampert\n|\n|upkeep\n|turn|9\n|\n|t:|1782818560\n|move|p1a: Scream Tail|Protect|p1a: Scream Tail\n|-singleturn|p1a: Scream Tail|Protect\n|move|p2a: Swampert|Flip Turn|p1a: Scream Tail\n|-activate|p1a: Scream Tail|move: Protect\n|\n|-heal|p1a: Scream Tail|305/330|[from] move: Wish|[wisher] Scream Tail\n|upkeep\n|turn|10\n|\n|t:|1782818564\n|move|p1a: Scream Tail|Wish|p1a: Scream Tail\n|move|p2a: Swampert|Flip Turn|p1a: Scream Tail\n|-damage|p1a: Scream Tail|244/330\n|\n|t:|1782818568\n|switch|p2a: Slowking|Slowking, L88, M|310/310|[from] Flip Turn\n|\n|upkeep\n|turn|11\n|\n|t:|1782818603\n|-end|p1a: Scream Tail|Protosynthesis|[silent]\n|switch|p1a: Umbreon|Umbreon, L84, M|297/297\n|move|p2a: Slowking|Scald|p1a: Umbreon\n|-damage|p1a: Umbreon|230/297\n|\n|-heal|p1a: Umbreon|297/297|[from] move: Wish|[wisher] Scream Tail\n|upkeep\n|turn|12\n|\n|t:|1782818614\n|switch|p2a: Swalot|Swalot, L90, M|326/326\n|-damage|p2a: Swalot|286/326|[from] Stealth Rock\n|move|p1a: Umbreon|Foul Play|p2a: Swalot\n|-damage|p2a: Swalot|199/326\n|\n|-heal|p2a: Swalot|219/326|[from] item: Leftovers\n|upkeep\n|turn|13\n|\n|t:|1782818635\n|switch|p1a: Quagsire|Quagsire, L84, M|297/297\n|move|p2a: Swalot|Gunk Shot|p1a: Quagsire\n|-resisted|p1a: Quagsire\n|-damage|p1a: Quagsire|234/297\n|-status|p1a: Quagsire|psn\n|\n|-heal|p2a: Swalot|239/326|[from] item: Leftovers\n|-heal|p1a: Quagsire|252/297 psn|[from] item: Leftovers\n|-damage|p1a: Quagsire|215/297 psn|[from] psn\n|upkeep\n|turn|14\n|\n|t:|1782818645\n|switch|p2a: Slowking|Slowking, L88, M|310/310\n|move|p1a: Quagsire|Spikes|p2a: Slowking\n|-sidestart|p2: MichaelderBeste2|Spikes\n|\n|-heal|p1a: Quagsire|233/297 psn|[from] item: Leftovers\n|-damage|p1a: Quagsire|196/297 psn|[from] psn\n|upkeep\n|turn|15\n|\n|t:|1782818651\n|switch|p1a: Scream Tail|Scream Tail, L84|244/330\n|move|p2a: Slowking|Scald|p1a: Scream Tail\n|-damage|p1a: Scream Tail|168/330\n|\n|upkeep\n|turn|16\n|\n|t:|1782818655\n|move|p1a: Scream Tail|Wish|p1a: Scream Tail\n|move|p2a: Slowking|Scald|p1a: Scream Tail\n|-damage|p1a: Scream Tail|87/330\n|\n|upkeep\n|turn|17\n|\n|t:|1782818659\n|move|p1a: Scream Tail|Protect|p1a: Scream Tail\n|-singleturn|p1a: Scream Tail|Protect\n|move|p2a: Slowking|Psyshock|p1a: Scream Tail\n|-activate|p1a: Scream Tail|move: Protect\n|\n|-heal|p1a: Scream Tail|252/330|[from] move: Wish|[wisher] Scream Tail\n|upkeep\n|turn|18\n|\n|t:|1782818663\n|move|p1a: Scream Tail|Encore|p2a: Slowking\n|-start|p2a: Slowking|Encore\n|move|p2a: Slowking|Psyshock|p1a: Scream Tail\n|-resisted|p1a: Scream Tail\n|-damage|p1a: Scream Tail|207/330\n|\n|upkeep\n|turn|19\n|\n|t:|1782818684\n|switch|p2a: Swampert|Swampert, L83, M|302/302\n|-damage|p2a: Swampert|284/302|[from] Stealth Rock\n|-damage|p2a: Swampert|247/302|[from] Spikes\n|move|p1a: Scream Tail|Wish|p1a: Scream Tail\n|\n|-heal|p2a: Swampert|265/302|[from] item: Leftovers\n|upkeep\n|turn|20\n|\n|t:|1782818706\n|move|p1a: Scream Tail|Protect|p1a: Scream Tail\n|-singleturn|p1a: Scream Tail|Protect\n|move|p2a: Swampert|Flip Turn|p1a: Scream Tail\n|-activate|p1a: Scream Tail|move: Protect\n|\n|-heal|p1a: Scream Tail|330/330|[from] move: Wish|[wisher] Scream Tail\n|-heal|p2a: Swampert|283/302|[from] item: Leftovers\n|upkeep\n|turn|21\n|\n|t:|1782818712\n|-end|p1a: Scream Tail|Protosynthesis|[silent]\n|switch|p1a: Umbreon|Umbreon, L84, M|297/297\n|move|p2a: Swampert|Earthquake|p1a: Umbreon\n|-damage|p1a: Umbreon|191/297\n|\n|-heal|p1a: Umbreon|209/297|[from] item: Leftovers\n|-heal|p2a: Swampert|301/302|[from] item: Leftovers\n|upkeep\n|turn|22\n|\n|t:|1782818720\n|move|p1a: Umbreon|Toxic|p2a: Swampert\n|-status|p2a: Swampert|tox\n|move|p2a: Swampert|Knock Off|p1a: Umbreon\n|-resisted|p1a: Umbreon\n|-crit|p1a: Umbreon\n|-damage|p1a: Umbreon|160/297\n|-enditem|p1a: Umbreon|Leftovers|[from] move: Knock Off|[of] p2a: Swampert\n|\n|-heal|p2a: Swampert|302/302 tox|[from] item: Leftovers\n|-damage|p2a: Swampert|284/302 tox|[from] psn\n|upkeep\n|turn|23\n|\n|t:|1782818730\n|move|p1a: Umbreon|Wish|p1a: Umbreon\n|move|p2a: Swampert|Flip Turn|p1a: Umbreon\n|-damage|p1a: Umbreon|102/297\n|\n|t:|1782818744\n|switch|p2a: Gardevoir|Gardevoir, L83, F|187/249|[from] Flip Turn\n|-damage|p2a: Gardevoir|156/249|[from] Stealth Rock\n|-damage|p2a: Gardevoir|125/249|[from] Spikes\n|-ability|p2a: Gardevoir|Synchronize|Trace|[from] ability: Trace|[of] p1a: Umbreon\n|\n|upkeep\n|turn|24\n|\n|t:|1782818749\n|move|p1a: Umbreon|Protect|p1a: Umbreon\n|-singleturn|p1a: Umbreon|Protect\n|move|p2a: Gardevoir|Trick|p1a: Umbreon\n|-activate|p1a: Umbreon|move: Protect\n|\n|-heal|p1a: Umbreon|250/297|[from] move: Wish|[wisher] Umbreon\n|upkeep\n|turn|25\n|\n|t:|1782818759\n|switch|p1a: Scream Tail|Scream Tail, L84|330/330\n|move|p2a: Gardevoir|Moonblast|p1a: Scream Tail\n|-damage|p1a: Scream Tail|237/330\n|\n|upkeep\n|turn|26\n|\n|t:|1782818770\n|switch|p2a: Slowking|Slowking, L88, M|310/310\n|move|p1a: Scream Tail|Wish|p1a: Scream Tail\n|\n|upkeep\n|turn|27\n|\n|t:|1782818795\n|move|p1a: Scream Tail|Protect|p1a: Scream Tail\n|-singleturn|p1a: Scream Tail|Protect\n|move|p2a: Slowking|Scald|p1a: Scream Tail\n|-activate|p1a: Scream Tail|move: Protect\n|\n|-heal|p1a: Scream Tail|330/330|[from] move: Wish|[wisher] Scream Tail\n|upkeep\n|turn|28\n|\n|t:|1782818806\n|-end|p1a: Scream Tail|Protosynthesis|[silent]\n|switch|p1a: Exeggutor|Exeggutor, L89, F|312/312\n|move|p2a: Slowking|Scald|p1a: Exeggutor\n|-resisted|p1a: Exeggutor\n|-damage|p1a: Exeggutor|257/312\n|-status|p1a: Exeggutor|brn\n|\n|-damage|p1a: Exeggutor|238/312 brn|[from] brn\n|upkeep\n|turn|29\n|\n|t:|1782818810\n|move|p1a: Exeggutor|Leech Seed|p2a: Slowking|[miss]\n|-miss|p1a: Exeggutor|p2a: Slowking\n|-prepare|p2a: Slowking|Chilly Reception|[premajor]\n|move|p2a: Slowking|Chilly Reception|p2a: Slowking\n|-weather|Snowscape\n|\n|t:|1782818820\n|switch|p2a: Swalot|Swalot, L90, M|239/326|[from] Chilly Reception\n|-damage|p2a: Swalot|199/326|[from] Stealth Rock\n|-damage|p2a: Swalot|159/326|[from] Spikes\n|\n|-weather|Snowscape|[upkeep]\n|-heal|p2a: Swalot|179/326|[from] item: Leftovers\n|-damage|p1a: Exeggutor|219/312 brn|[from] brn\n|upkeep\n|turn|30\n|\n|t:|1782818823\n|switch|p1a: Quagsire|Quagsire, L84, M|196/297 psn\n|move|p2a: Swalot|Knock Off|p1a: Quagsire\n|-damage|p1a: Quagsire|129/297 psn\n|-enditem|p1a: Quagsire|Leftovers|[from] move: Knock Off|[of] p2a: Swalot\n|\n|-weather|Snowscape|[upkeep]\n|-heal|p2a: Swalot|199/326|[from] item: Leftovers\n|-damage|p1a: Quagsire|92/297 psn|[from] psn\n|upkeep\n|turn|31\n|inactive|Battle timer is ON: inactive players will automatically lose when time's up. (requested by RoFnA)\n|\n|t:|1782818875\n|move|p2a: Swalot|Earthquake|p1a: Quagsire\n|-damage|p1a: Quagsire|24/297 psn\n|move|p1a: Quagsire|Recover|p1a: Quagsire\n|-heal|p1a: Quagsire|173/297 psn\n|\n|-weather|Snowscape|[upkeep]\n|-heal|p2a: Swalot|219/326|[from] item: Leftovers\n|-damage|p1a: Quagsire|136/297 psn|[from] psn\n|upkeep\n|turn|32\n|\n|t:|1782818883\n|move|p2a: Swalot|Earthquake|p1a: Quagsire\n|-damage|p1a: Quagsire|65/297 psn\n|move|p1a: Quagsire|Recover|p1a: Quagsire\n|-heal|p1a: Quagsire|214/297 psn\n|\n|-weather|Snowscape|[upkeep]\n|-heal|p2a: Swalot|239/326|[from] item: Leftovers\n|-damage|p1a: Quagsire|177/297 psn|[from] psn\n|upkeep\n|turn|33\n|\n|t:|1782818897\n|switch|p2a: Slowking|Slowking, L88, M|310/310\n|move|p1a: Quagsire|Recover|p1a: Quagsire\n|-heal|p1a: Quagsire|297/297 psn\n|\n|-weather|none\n|-damage|p1a: Quagsire|260/297 psn|[from] psn\n|upkeep\n|turn|34\n|\n|t:|1782818904\n|switch|p1a: Umbreon|Umbreon, L84, M|250/297\n|move|p2a: Slowking|Scald|p1a: Umbreon\n|-damage|p1a: Umbreon|172/297\n|\n|upkeep\n|turn|35\n|\n|t:|1782818907\n|move|p1a: Umbreon|Toxic|p2a: Slowking\n|-status|p2a: Slowking|tox\n|move|p2a: Slowking|Scald|p1a: Umbreon\n|-damage|p1a: Umbreon|99/297\n|\n|-damage|p2a: Slowking|291/310 tox|[from] psn\n|upkeep\n|turn|36\n|\n|t:|1782818911\n|move|p1a: Umbreon|Wish|p1a: Umbreon\n|move|p2a: Slowking|Scald|p1a: Umbreon\n|-damage|p1a: Umbreon|30/297\n|\n|-damage|p2a: Slowking|253/310 tox|[from] psn\n|upkeep\n|turn|37\n|\n|t:|1782818913\n|move|p1a: Umbreon|Protect|p1a: Umbreon\n|-singleturn|p1a: Umbreon|Protect\n|-prepare|p2a: Slowking|Chilly Reception|[premajor]\n|move|p2a: Slowking|Chilly Reception|p2a: Slowking\n|-weather|Snowscape\n|\n|t:|1782818923\n|switch|p2a: Gardevoir|Gardevoir, L83, F|125/249|[from] Chilly Reception\n|-damage|p2a: Gardevoir|94/249|[from] Stealth Rock\n|-damage|p2a: Gardevoir|63/249|[from] Spikes\n|-ability|p2a: Gardevoir|Synchronize|Trace|[from] ability: Trace|[of] p1a: Umbreon\n|-enditem|p2a: Gardevoir|Sitrus Berry|[eat]\n|-heal|p2a: Gardevoir|125/249|[from] item: Sitrus Berry\n|\n|-weather|Snowscape|[upkeep]\n|-heal|p1a: Umbreon|178/297|[from] move: Wish|[wisher] Umbreon\n|upkeep\n|turn|38\n|\n|t:|1782818927\n|switch|p1a: Scream Tail|Scream Tail, L84|330/330\n|move|p2a: Gardevoir|Moonblast|p1a: Scream Tail\n|-damage|p1a: Scream Tail|222/330\n|\n|-weather|Snowscape|[upkeep]\n|upkeep\n|turn|39\n|\n|t:|1782818932\n|move|p1a: Scream Tail|Wish|p1a: Scream Tail\n|move|p2a: Gardevoir|Moonblast|p1a: Scream Tail\n|-damage|p1a: Scream Tail|119/330\n|\n|-weather|Snowscape|[upkeep]\n|upkeep\n|turn|40\n|j| GuDR\n|inactive|MichaelderBeste2 has 120 seconds left.\n|\n|t:|1782818989\n|switch|p2a: Slowking|Slowking, L88, M|310/310 tox\n|move|p1a: Scream Tail|Protect||[still]\n|-fail|p1a: Scream Tail\n|\n|-weather|Snowscape|[upkeep]\n|-heal|p1a: Scream Tail|284/330|[from] move: Wish|[wisher] Scream Tail\n|-damage|p2a: Slowking|291/310 tox|[from] psn\n|upkeep\n|turn|41\n|\n|t:|1782819008\n|-end|p1a: Scream Tail|Protosynthesis|[silent]\n|switch|p1a: Exeggutor|Exeggutor, L89, F|219/312 brn\n|move|p2a: Slowking|Scald|p1a: Exeggutor\n|-resisted|p1a: Exeggutor\n|-damage|p1a: Exeggutor|166/312 brn\n|\n|-weather|none\n|-damage|p2a: Slowking|253/310 tox|[from] psn\n|-damage|p1a: Exeggutor|147/312 brn|[from] brn\n|upkeep\n|turn|42\n|\n|t:|1782819022\n|switch|p1a: Scream Tail|Scream Tail, L84|284/330\n|-prepare|p2a: Slowking|Chilly Reception|[premajor]\n|move|p2a: Slowking|Chilly Reception|p2a: Slowking\n|-weather|Snowscape\n|\n|t:|1782819032\n|switch|p2a: Swalot|Swalot, L90, M|239/326|[from] Chilly Reception\n|-damage|p2a: Swalot|199/326|[from] Stealth Rock\n|-damage|p2a: Swalot|159/326|[from] Spikes\n|\n|-weather|Snowscape|[upkeep]\n|-heal|p2a: Swalot|179/326|[from] item: Leftovers\n|upkeep\n|turn|43\n|\n|t:|1782819037\n|-end|p1a: Scream Tail|Protosynthesis|[silent]\n|switch|p1a: Quagsire|Quagsire, L84, M|260/297 psn\n|move|p2a: Swalot|Gunk Shot|p1a: Quagsire\n|-resisted|p1a: Quagsire\n|-damage|p1a: Quagsire|194/297 psn\n|\n|-weather|Snowscape|[upkeep]\n|-heal|p2a: Swalot|199/326|[from] item: Leftovers\n|-damage|p1a: Quagsire|157/297 psn|[from] psn\n|upkeep\n|turn|44\n|\n|t:|1782819042\n|move|p2a: Swalot|Earthquake|p1a: Quagsire\n|-damage|p1a: Quagsire|89/297 psn\n|move|p1a: Quagsire|Recover|p1a: Quagsire\n|-heal|p1a: Quagsire|238/297 psn\n|\n|-weather|Snowscape|[upkeep]\n|-heal|p2a: Swalot|219/326|[from] item: Leftovers\n|-damage|p1a: Quagsire|201/297 psn|[from] psn\n|upkeep\n|turn|45\n|inactive|MichaelderBeste2 has 120 seconds left.\n|\n|t:|1782819076\n|switch|p2a: Slowking|Slowking, L88, M|310/310 tox\n|move|p1a: Quagsire|Spikes|p2a: Slowking\n|-sidestart|p2: MichaelderBeste2|Spikes\n|\n|-weather|Snowscape|[upkeep]\n|-damage|p1a: Quagsire|164/297 psn|[from] psn\n|-damage|p2a: Slowking|291/310 tox|[from] psn\n|upkeep\n|turn|46\n|\n|t:|1782819080\n|switch|p1a: Exeggutor|Exeggutor, L89, F|147/312 brn\n|move|p2a: Slowking|Scald|p1a: Exeggutor\n|-resisted|p1a: Exeggutor\n|-damage|p1a: Exeggutor|93/312 brn\n|\n|-weather|none\n|-damage|p2a: Slowking|253/310 tox|[from] psn\n|-damage|p1a: Exeggutor|74/312 brn|[from] brn\n|upkeep\n|turn|47\n|\n|t:|1782819089\n|move|p1a: Exeggutor|Leech Seed|p2a: Slowking\n|-start|p2a: Slowking|move: Leech Seed\n|-prepare|p2a: Slowking|Chilly Reception|[premajor]\n|move|p2a: Slowking|Chilly Reception|p2a: Slowking\n|-weather|Snowscape\n|\n|t:|1782819093\n|switch|p2a: Leavanny|Leavanny, L86, F|269/269|[from] Chilly Reception\n|-damage|p2a: Leavanny|202/269|[from] Stealth Rock\n|-damage|p2a: Leavanny|158/269|[from] Spikes\n|\n|-weather|Snowscape|[upkeep]\n|-damage|p1a: Exeggutor|55/312 brn|[from] brn\n|upkeep\n|turn|48\n|\n|t:|1782819116\n|switch|p1a: Scream Tail|Scream Tail, L84|284/330\n|move|p2a: Leavanny|Sticky Web|p1a: Scream Tail\n|-sidestart|p1: RoFnA|move: Sticky Web\n|\n|-weather|Snowscape|[upkeep]\n|upkeep\n|turn|49\n|\n|t:|1782819121\n|switch|p2a: Slowking|Slowking, L88, M|310/310 tox\n|move|p1a: Scream Tail|Wish|p1a: Scream Tail\n|\n|-weather|Snowscape|[upkeep]\n|-damage|p2a: Slowking|291/310 tox|[from] psn\n|upkeep\n|turn|50\n|\n|t:|1782819143\n|-end|p1a: Scream Tail|Protosynthesis|[silent]\n|switch|p1a: Quagsire|Quagsire, L84, M|164/297 psn\n|-activate|p1a: Quagsire|move: Sticky Web\n|-unboost|p1a: Quagsire|spe|1\n|move|p2a: Slowking|Scald|p1a: Quagsire\n|-damage|p1a: Quagsire|43/297 psn\n|\n|-weather|Snowscape|[upkeep]\n|-heal|p1a: Quagsire|208/297 psn|[from] move: Wish|[wisher] Scream Tail\n|-damage|p2a: Slowking|253/310 tox|[from] psn\n|-damage|p1a: Quagsire|171/297 psn|[from] psn\n|upkeep\n|turn|51\n|\n|t:|1782819160\n|switch|p1a: Exeggutor|Exeggutor, L89, F|55/312 brn\n|-activate|p1a: Exeggutor|move: Sticky Web\n|-unboost|p1a: Exeggutor|spe|1\n|move|p2a: Slowking|Scald|p1a: Exeggutor\n|-resisted|p1a: Exeggutor\n|-damage|p1a: Exeggutor|6/312 brn\n|\n|-weather|none\n|-damage|p2a: Slowking|196/310 tox|[from] psn\n|-damage|p1a: Exeggutor|0 fnt|[from] brn\n|faint|p1a: Exeggutor\n|upkeep\n|\n|t:|1782819164\n|switch|p1a: Falinks|Falinks, L84|246/246\n|-activate|p1a: Falinks|move: Sticky Web\n|-unboost|p1a: Falinks|spe|1\n|-ability|p1a: Falinks|Defiant|boost\n|-boost|p1a: Falinks|atk|2\n|turn|52\n|\n|t:|1782819174\n|switch|p2a: Gardevoir|Gardevoir, L83, F|125/249\n|-damage|p2a: Gardevoir|94/249|[from] Stealth Rock\n|-damage|p2a: Gardevoir|53/249|[from] Spikes\n|-ability|p2a: Gardevoir|Defiant|Trace|[from] ability: Trace|[of] p1a: Falinks\n|move|p1a: Falinks|Knock Off|p2a: Gardevoir\n|-damage|p2a: Gardevoir|0 fnt\n|faint|p2a: Gardevoir\n|-damage|p1a: Falinks|222/246|[from] item: Life Orb\n|\n|upkeep\n|\n|t:|1782819182\n|switch|p2a: Leavanny|Leavanny, L86, F|158/269\n|-damage|p2a: Leavanny|91/269|[from] Stealth Rock\n|-damage|p2a: Leavanny|47/269|[from] Spikes\n|turn|53\n|\n|t:|1782819202\n|move|p2a: Leavanny|Bullet Seed|p1a: Falinks\n|-damage|p1a: Falinks|197/246\n|-damage|p1a: Falinks|167/246\n|-damage|p1a: Falinks|142/246\n|-damage|p1a: Falinks|114/246\n|-damage|p1a: Falinks|89/246\n|-hitcount|p1a: Falinks|5\n|move|p1a: Falinks|Iron Head|p2a: Leavanny\n|-damage|p2a: Leavanny|0 fnt\n|faint|p2a: Leavanny\n|-damage|p1a: Falinks|65/246|[from] item: Life Orb\n|\n|upkeep\n|inactive|MichaelderBeste2 has 120 seconds left.\n|\n|t:|1782819237\n|switch|p2a: Swampert|Swampert, L83, M|284/302 tox\n|-damage|p2a: Swampert|266/302 tox|[from] Stealth Rock\n|-damage|p2a: Swampert|216/302 tox|[from] Spikes\n|turn|54\n|\n|t:|1782819257\n|switch|p1a: Scream Tail|Scream Tail, L84|284/330\n|-activate|p1a: Scream Tail|move: Sticky Web\n|-unboost|p1a: Scream Tail|spe|1\n|move|p2a: Swampert|Earthquake|p1a: Scream Tail\n|-damage|p1a: Scream Tail|187/330\n|\n|-heal|p2a: Swampert|234/302 tox|[from] item: Leftovers\n|-damage|p2a: Swampert|216/302 tox|[from] psn\n|upkeep\n|turn|55\n|\n|t:|1782819261\n|move|p1a: Scream Tail|Wish|p1a: Scream Tail\n|move|p2a: Swampert|Flip Turn|p1a: Scream Tail\n|-damage|p1a: Scream Tail|123/330\n|\n|t:|1782819272\n|switch|p2a: Slowking|Slowking, L88, M|299/310 tox|[from] Flip Turn\n|\n|-damage|p2a: Slowking|280/310 tox|[from] psn\n|upkeep\n|turn|56\n|\n|t:|1782819275\n|move|p1a: Scream Tail|Protect|p1a: Scream Tail\n|-singleturn|p1a: Scream Tail|Protect\n|move|p2a: Slowking|Scald|p1a: Scream Tail\n|-activate|p1a: Scream Tail|move: Protect\n|\n|-heal|p1a: Scream Tail|288/330|[from] move: Wish|[wisher] Scream Tail\n|-damage|p2a: Slowking|242/310 tox|[from] psn\n|upkeep\n|turn|57\n|\n|t:|1782819301\n|-end|p1a: Scream Tail|Protosynthesis|[silent]\n|switch|p1a: Forretress|Forretress, L84, F|132/263 slp\n|-activate|p1a: Forretress|move: Sticky Web\n|-unboost|p1a: Forretress|spe|1\n|move|p2a: Slowking|Scald|p1a: Forretress\n|-damage|p1a: Forretress|0 fnt\n|faint|p1a: Forretress\n|\n|-damage|p2a: Slowking|185/310 tox|[from] psn\n|upkeep\n|\n|t:|1782819304\n|switch|p1a: Falinks|Falinks, L84|65/246\n|-activate|p1a: Falinks|move: Sticky Web\n|-unboost|p1a: Falinks|spe|1\n|-ability|p1a: Falinks|Defiant|boost\n|-boost|p1a: Falinks|atk|2\n|turn|58\n|\n|t:|1782819315\n|switch|p2a: Carbink|Carbink, L90|236/236\n|-damage|p2a: Carbink|207/236|[from] Stealth Rock\n|-damage|p2a: Carbink|168/236|[from] Spikes\n|move|p1a: Falinks|Knock Off|p2a: Carbink\n|-resisted|p2a: Carbink\n|-damage|p2a: Carbink|110/236\n|-enditem|p2a: Carbink|Chesto Berry|[from] move: Knock Off|[of] p1a: Falinks\n|-damage|p1a: Falinks|41/246|[from] item: Life Orb\n|\n|upkeep\n|turn|59\n|\n|t:|1782819332\n|switch|p1a: Scream Tail|Scream Tail, L84|288/330\n|-activate|p1a: Scream Tail|move: Sticky Web\n|-unboost|p1a: Scream Tail|spe|1\n|move|p2a: Carbink|Moonblast|p1a: Scream Tail\n|-damage|p1a: Scream Tail|228/330\n|\n|upkeep\n|turn|60\n|inactive|MichaelderBeste2 has 120 seconds left.\n|inactive|MichaelderBeste2 has 90 seconds left.\n|\n|t:|1782819420\n|move|p1a: Scream Tail|Wish|p1a: Scream Tail\n|move|p2a: Carbink|Moonblast|p1a: Scream Tail\n|-damage|p1a: Scream Tail|171/330\n|-unboost|p1a: Scream Tail|spa|1\n|\n|upkeep\n|turn|61\n|\n|t:|1782819443\n|switch|p2a: Slowking|Slowking, L88, M|288/310 tox\n|move|p1a: Scream Tail|Protect||[still]\n|-fail|p1a: Scream Tail\n|\n|-heal|p1a: Scream Tail|330/330|[from] move: Wish|[wisher] Scream Tail\n|-damage|p2a: Slowking|269/310 tox|[from] psn\n|upkeep\n|turn|62\n|\n|t:|1782819452\n|move|p1a: Scream Tail|Wish|p1a: Scream Tail\n|move|p2a: Slowking|Scald|p1a: Scream Tail\n|-damage|p1a: Scream Tail|257/330\n|\n|-damage|p2a: Slowking|231/310 tox|[from] psn\n|upkeep\n|turn|63\n|inactive|MichaelderBeste2 has 90 seconds left.\n|inactive|MichaelderBeste2 has 60 seconds left.\n|\n|t:|1782819493\n|-end|p1a: Scream Tail|Protosynthesis|[silent]\n|switch|p1a: Umbreon|Umbreon, L84, M|178/297\n|-activate|p1a: Umbreon|move: Sticky Web\n|-unboost|p1a: Umbreon|spe|1\n|move|p2a: Slowking|Scald|p1a: Umbreon\n|-damage|p1a: Umbreon|105/297\n|\n|-heal|p1a: Umbreon|270/297|[from] move: Wish|[wisher] Scream Tail\n|-damage|p2a: Slowking|174/310 tox|[from] psn\n|upkeep\n|turn|64\n|inactive|MichaelderBeste2 has 60 seconds left.\n|l| GuDR\n|\n|t:|1782819504\n|move|p1a: Umbreon|Foul Play|p2a: Slowking\n|-supereffective|p2a: Slowking\n|-damage|p2a: Slowking|30/310 tox\n|-prepare|p2a: Slowking|Chilly Reception|[premajor]\n|move|p2a: Slowking|Chilly Reception|p2a: Slowking\n|-weather|Snowscape\n|\n|t:|1782819510\n|switch|p2a: Swalot|Swalot, L90, M|219/326|[from] Chilly Reception\n|-damage|p2a: Swalot|179/326|[from] Stealth Rock\n|-damage|p2a: Swalot|125/326|[from] Spikes\n|\n|-weather|Snowscape|[upkeep]\n|-heal|p2a: Swalot|145/326|[from] item: Leftovers\n|upkeep\n|turn|65\n|inactive|RoFnA has 120 seconds left.\n|\n|t:|1782819562\n|-terastallize|p1a: Umbreon|Poison\n|move|p2a: Swalot|Gunk Shot|p1a: Umbreon|[miss]\n|-miss|p2a: Swalot|p1a: Umbreon\n|move|p1a: Umbreon|Wish|p1a: Umbreon\n|\n|-weather|Snowscape|[upkeep]\n|-heal|p2a: Swalot|165/326|[from] item: Leftovers\n|upkeep\n|turn|66\n|inactive|MichaelderBeste2 has 60 seconds left.\n|\n|t:|1782819582\n|switch|p1a: Quagsire|Quagsire, L84, M|171/297 psn\n|-activate|p1a: Quagsire|move: Sticky Web\n|-unboost|p1a: Quagsire|spe|1\n|move|p2a: Swalot|Earthquake|p1a: Quagsire\n|-damage|p1a: Quagsire|99/297 psn\n|\n|-weather|Snowscape|[upkeep]\n|-heal|p1a: Quagsire|247/297 psn|[from] move: Wish|[wisher] Umbreon\n|-heal|p2a: Swalot|185/326|[from] item: Leftovers\n|-damage|p1a: Quagsire|210/297 psn|[from] psn\n|upkeep\n|turn|67\n|inactive|MichaelderBeste2 has 60 seconds left.\n|\n|t:|1782819595\n|-terastallize|p2a: Swalot|Ground\n|move|p2a: Swalot|Earthquake|p1a: Quagsire\n|-damage|p1a: Quagsire|108/297 psn\n|move|p1a: Quagsire|Earthquake|p2a: Swalot\n|-damage|p2a: Swalot|91/326\n|\n|-weather|Snowscape|[upkeep]\n|-heal|p2a: Swalot|111/326|[from] item: Leftovers\n|-damage|p1a: Quagsire|71/297 psn|[from] psn\n|upkeep\n|turn|68\n|inactive|RoFnA has 120 seconds left.\n|inactive|RoFnA has 90 seconds left.\n|inactive|RoFnA has 60 seconds left.\n|inactive|RoFnA has 30 seconds left.\n|\n|t:|1782819693\n|switch|p1a: Falinks|Falinks, L84|41/246\n|-activate|p1a: Falinks|move: Sticky Web\n|-unboost|p1a: Falinks|spe|1\n|-ability|p1a: Falinks|Defiant|boost\n|-boost|p1a: Falinks|atk|2\n|move|p2a: Swalot|Earthquake|p1a: Falinks\n|-damage|p1a: Falinks|0 fnt\n|faint|p1a: Falinks\n|\n|-weather|none\n|-heal|p2a: Swalot|131/326|[from] item: Leftovers\n|upkeep\n|inactive|RoFnA has 30 seconds left.\n|\n|t:|1782819699\n|switch|p1a: Scream Tail|Scream Tail, L84|257/330\n|-activate|p1a: Scream Tail|move: Sticky Web\n|-unboost|p1a: Scream Tail|spe|1\n|turn|69\n|\n|t:|1782819707\n|move|p1a: Scream Tail|Encore|p2a: Swalot\n|-start|p2a: Swalot|Encore\n|move|p2a: Swalot|Earthquake|p1a: Scream Tail\n|-damage|p1a: Scream Tail|164/330\n|\n|-heal|p2a: Swalot|151/326|[from] item: Leftovers\n|upkeep\n|turn|70\n|\n|t:|1782819712\n|move|p1a: Scream Tail|Wish|p1a: Scream Tail\n|move|p2a: Swalot|Earthquake|p1a: Scream Tail\n|-damage|p1a: Scream Tail|65/330\n|\n|-heal|p2a: Swalot|171/326|[from] item: Leftovers\n|upkeep\n|turn|71\n|\n|t:|1782819717\n|move|p1a: Scream Tail|Protect|p1a: Scream Tail\n|-singleturn|p1a: Scream Tail|Protect\n|move|p2a: Swalot|Earthquake|p1a: Scream Tail\n|-activate|p1a: Scream Tail|move: Protect\n|\n|-heal|p1a: Scream Tail|230/330|[from] move: Wish|[wisher] Scream Tail\n|-heal|p2a: Swalot|191/326|[from] item: Leftovers\n|-end|p2a: Swalot|Encore\n|upkeep\n|turn|72\n|\n|t:|1782819721\n|move|p1a: Scream Tail|Encore|p2a: Swalot\n|-start|p2a: Swalot|Encore\n|move|p2a: Swalot|Earthquake|p1a: Scream Tail\n|-damage|p1a: Scream Tail|143/330\n|\n|-heal|p2a: Swalot|211/326|[from] item: Leftovers\n|upkeep\n|turn|73\n|\n|t:|1782819725\n|move|p1a: Scream Tail|Wish|p1a: Scream Tail\n|move|p2a: Swalot|Earthquake|p1a: Scream Tail\n|-damage|p1a: Scream Tail|58/330\n|\n|-heal|p2a: Swalot|231/326|[from] item: Leftovers\n|upkeep\n|turn|74\n|\n|t:|1782819737\n|switch|p2a: Slowking|Slowking, L88, M|133/310 tox\n|move|p1a: Scream Tail|Protect||[still]\n|-fail|p1a: Scream Tail\n|\n|-heal|p1a: Scream Tail|223/330|[from] move: Wish|[wisher] Scream Tail\n|-damage|p2a: Slowking|114/310 tox|[from] psn\n|upkeep\n|turn|75\n|inactive|RoFnA has 90 seconds left.\n|\n|t:|1782819767\n|-end|p1a: Scream Tail|Protosynthesis|[silent]\n|switch|p1a: Umbreon|Umbreon, L84, M, tera:Poison|270/297\n|-activate|p1a: Umbreon|move: Sticky Web\n|-unboost|p1a: Umbreon|spe|1\n|move|p2a: Slowking|Slack Off|p2a: Slowking\n|-heal|p2a: Slowking|269/310 tox\n|\n|-damage|p2a: Slowking|231/310 tox|[from] psn\n|upkeep\n|turn|76\n|inactive|MichaelderBeste2 has 120 seconds left.\n|inactive|RoFnA has 60 seconds left.\n|inactive|RoFnA has 30 seconds left.\n|\n|t:|1782819821\n|move|p1a: Umbreon|Protect|p1a: Umbreon\n|-singleturn|p1a: Umbreon|Protect\n|move|p2a: Slowking|Psyshock|p1a: Umbreon\n|-activate|p1a: Umbreon|move: Protect\n|\n|-damage|p2a: Slowking|174/310 tox|[from] psn\n|upkeep\n|turn|77\n|\n|t:|1782819832\n|move|p1a: Umbreon|Foul Play|p2a: Slowking\n|-supereffective|p2a: Slowking\n|-damage|p2a: Slowking|28/310 tox\n|move|p2a: Slowking|Psyshock|p1a: Umbreon\n|-supereffective|p1a: Umbreon\n|-damage|p1a: Umbreon|120/297\n|\n|-damage|p2a: Slowking|0 fnt|[from] psn\n|faint|p2a: Slowking\n|upkeep\n|\n|t:|1782819850\n|switch|p2a: Swampert|Swampert, L83, M|216/302 tox\n|-damage|p2a: Swampert|198/302 tox|[from] Stealth Rock\n|-damage|p2a: Swampert|148/302 tox|[from] Spikes\n|turn|78\n|inactive|RoFnA has 30 seconds left.\n|inactive|RoFnA has 20 seconds left.\n|\n|t:|1782819885\n|move|p1a: Umbreon|Protect|p1a: Umbreon\n|-singleturn|p1a: Umbreon|Protect\n|move|p2a: Swampert|Earthquake|p1a: Umbreon\n|-activate|p1a: Umbreon|move: Protect\n|\n|-heal|p2a: Swampert|166/302 tox|[from] item: Leftovers\n|-damage|p2a: Swampert|148/302 tox|[from] psn\n|upkeep\n|turn|79\n|inactive|RoFnA has 30 seconds left this turn.\n|inactive|RoFnA has 20 seconds left.\n|inactive|RoFnA has 15 seconds left.\n|\n|t:|1782819900\n|switch|p1a: Scream Tail|Scream Tail, L84|223/330\n|-activate|p1a: Scream Tail|move: Sticky Web\n|-unboost|p1a: Scream Tail|spe|1\n|move|p2a: Swampert|Earthquake|p1a: Scream Tail\n|-damage|p1a: Scream Tail|112/330\n|\n|-heal|p2a: Swampert|166/302 tox|[from] item: Leftovers\n|-damage|p2a: Swampert|130/302 tox|[from] psn\n|upkeep\n|turn|80\n|inactive|RoFnA has 25 seconds left this turn.\n|inactive|RoFnA has 20 seconds left.\n|inactive|RoFnA has 15 seconds left.\n|\n|t:|1782819920\n|move|p1a: Scream Tail|Wish|p1a: Scream Tail\n|move|p2a: Swampert|Yawn|p1a: Scream Tail\n|-start|p1a: Scream Tail|move: Yawn|[of] p2a: Swampert\n|\n|-heal|p2a: Swampert|148/302 tox|[from] item: Leftovers\n|-damage|p2a: Swampert|94/302 tox|[from] psn\n|upkeep\n|turn|81\n|inactive|RoFnA has 25 seconds left this turn.\n|inactive|RoFnA has 20 seconds left.\n|inactive|RoFnA has 15 seconds left.\n|\n|t:|1782819934\n|switch|p2a: Swalot|Swalot, L90, M, tera:Ground|231/326\n|-damage|p2a: Swalot|211/326|[from] Stealth Rock\n|-damage|p2a: Swalot|157/326|[from] Spikes\n|move|p1a: Scream Tail|Protect||[still]\n|-fail|p1a: Scream Tail\n|\n|-heal|p1a: Scream Tail|277/330|[from] move: Wish|[wisher] Scream Tail\n|-heal|p2a: Swalot|177/326|[from] item: Leftovers\n|-end|p1a: Scream Tail|move: Yawn|[silent]\n|-status|p1a: Scream Tail|slp\n|upkeep\n|turn|82\n|inactive|RoFnA has 25 seconds left this turn.\n|inactive|RoFnA has 20 seconds left.\n|\n|t:|1782819942\n|cant|p1a: Scream Tail|slp\n|move|p2a: Swalot|Gunk Shot|p1a: Scream Tail\n|-supereffective|p1a: Scream Tail\n|-damage|p1a: Scream Tail|65/330 slp\n|\n|-heal|p2a: Swalot|197/326|[from] item: Leftovers\n|upkeep\n|turn|83\n|inactive|RoFnA has 30 seconds left this turn.\n|inactive|MichaelderBeste2 has 120 seconds left.\n|\n|t:|1782819948\n|cant|p1a: Scream Tail|slp\n|move|p2a: Swalot|Earthquake|p1a: Scream Tail\n|-damage|p1a: Scream Tail|0 fnt\n|faint|p1a: Scream Tail\n|-end|p1a: Scream Tail|Protosynthesis|[silent]\n|\n|-heal|p2a: Swalot|217/326|[from] item: Leftovers\n|upkeep\n|-message|RoFnA forfeited.\n|\n|win|MichaelderBeste2\n", "inputlog": ">version f8ac14003a5f27e1bdc8d8c59608a773c1cb96e5\n>start {\"formatid\":\"gen9randombattle\",\"seed\":\"sodium,2b701a6df3388e333e898ade51e2ba5d\",\"rated\":\"Rated battle\"}\n>player p1 {\"name\":\"RoFnA\",\"avatar\":\"#agwliigroudons\",\"rating\":2243,\"seed\":\"sodium,48336b7ae7d348b90f67de26479af8e4\"}\n>player p2 {\"name\":\"MichaelderBeste2\",\"avatar\":\"#wcop2026germany\",\"rating\":2375,\"seed\":\"sodium,11a3a9fc80ee0a061362e56f761a4b30\"}\n>p1 move leechseed\n>p2 move trick\n>p1 switch 3\n>p2 move moonblast\n>p1 move wish\n>p2 switch 6\n>p1 switch 4\n>p2 move yawn\n>p1 move stealthrock\n>p2 move knockoff\n>p1 move rapidspin\n>p2 move earthquake\n>p1 switch 4\n>p2 move earthquake\n>p1 move wish\n>p2 move knockoff\n>p1 move protect\n>p2 move flipturn\n>p1 move wish\n>p2 move flipturn\n>p2 switch 4\n>p1 switch 6\n>p2 move scald\n>p1 move foulplay\n>p2 switch 2\n>p1 switch 5\n>p2 move gunkshot\n>p1 move spikes\n>p2 switch 2\n>p1 switch 6\n>p2 move scald\n>p1 move wish\n>p2 move scald\n>p1 move protect\n>p2 move psyshock\n>p1 move encore\n>p2 move scald\n>p1 move wish\n>p2 switch 4\n>p1 move protect\n>p2 move flipturn\n>p1 switch 5\n>p2 move earthquake\n>p1 move toxic\n>p2 move knockoff\n>p1 move wish\n>p2 move flipturn\n>p2 switch 6\n>p1 move protect\n>p2 move trick\n>p1 switch 5\n>p2 move moonblast\n>p1 move wish\n>p2 switch 4\n>p1 move protect\n>p2 move scald\n>p1 switch 3\n>p2 move scald\n>p1 move leechseed\n>p2 move chillyreception\n>p2 switch 2\n>p1 switch 6\n>p2 move knockoff\n>p1 move recover\n>p2 move earthquake\n>p1 move recover\n>p2 move earthquake\n>p1 move recover\n>p2 switch 2\n>p1 switch 5\n>p2 move scald\n>p1 move toxic\n>p2 move scald\n>p1 move wish\n>p2 move scald\n>p1 move protect\n>p2 move chillyreception\n>p2 switch 4\n>p1 switch 3\n>p2 move moonblast\n>p1 move wish\n>p2 move moonblast\n>p1 move protect\n>p2 switch 4\n>p1 switch 6\n>p2 move scald\n>p1 switch 6\n>p2 move chillyreception\n>p2 switch 2\n>p1 switch 5\n>p2 move gunkshot\n>p1 move recover\n>p2 move earthquake\n>p1 move spikes\n>p2 switch 2\n>p1 switch 6\n>p2 move scald\n>p1 move leechseed\n>p2 move chillyreception\n>p2 switch 5\n>p1 switch 5\n>p2 move stickyweb\n>p1 move wish\n>p2 switch 5\n>p1 switch 6\n>p2 move scald\n>p1 switch 5\n>p2 move scald\n>p1 switch 2\n>p1 move knockoff\n>p2 switch 4\n>p2 switch 5\n>p1 move ironhead\n>p2 move bulletseed\n>p2 switch 6\n>p1 switch 6\n>p2 move earthquake\n>p1 move wish\n>p2 move flipturn\n>p2 switch 4\n>p1 move protect\n>p2 move scald\n>p1 switch 4\n>p2 move scald\n>p1 switch 6\n>p1 move knockoff\n>p2 switch 3\n>p1 switch 4\n>p2 move moonblast\n>p1 move wish\n>p2 move moonblast\n>p1 move protect\n>p2 switch 3\n>p1 move wish\n>p2 move scald\n>p1 switch 3\n>p2 move scald\n>p1 move foulplay\n>p2 move chillyreception\n>p2 switch 2\n>p1 move wish terastallize\n>p2 move gunkshot\n>p1 switch 5\n>p2 move earthquake\n>p1 move earthquake\n>p2 move earthquake terastallize\n>p1 switch 4\n>p2 move earthquake\n>p1 switch 3\n>p1 move encore\n>p2 move gunkshot\n>p1 move wish\n>p2 move earthquake\n>p1 move protect\n>p2 move earthquake\n>p1 move encore\n>p2 move gunkshot\n>p1 move wish\n>p2 move earthquake\n>p1 move protect\n>p2 switch 2\n>p1 switch 5\n>p2 move slackoff\n>p1 move protect\n>p2 move psyshock\n>p1 move foulplay\n>p2 move psyshock\n>p2 switch 4\n>p1 move protect\n>p2 move earthquake\n>p1 switch 5\n>p2 move earthquake\n>p1 move wish\n>p2 move yawn\n>p1 move protect\n>p2 switch 2\n>p1 move wish\n>p2 move gunkshot\n>p1 move protect\n>p2 move earthquake\n>forcelose p1", "uploadtime": 1782818445, "views": 10, "formatid": "gen9randombattle", "rating": null, "private": 0, "password": null, "player_dets": [{"name": "RoFnA", "avatar": "#agwliigroudons", "rating": 2243, "seed": "sodium,48336b7ae7d348b90f67de26479af8e4"}, {"name": "MichaelderBeste2", "avatar": "#wcop2026germany", "rating": 2375, "seed": "sodium,11a3a9fc80ee0a061362e56f761a4b30"}], "teams_full": [{"Exeggutor": {"name": "Exeggutor", "species": "Exeggutor", "speciesId": "exeggutor", "gender": "F", "shiny": false, "level": 89, "moves": ["substitute", "psychicnoise", "leechseed", "protect"], "ability": "Harvest", "evs": {"hp": 77, "atk": 0, "def": 85, "spa": 85, "spd": 85, "spe": 85}, "ivs": {"hp": 31, "atk": 0, "def": 31, "spa": 31, "spd": 31, "spe": 31}, "item": "Sitrus Berry", "teraType": "Steel", "role": "Bulky Attacker", "bvs": {"hp": 95, "atk": 95, "def": 85, "spa": 125, "spd": 75, "spe": 55}, "stats": {"hp": 312, "atk": 174, "def": 202, "spa": 273, "spd": 184, "spe": 149}, "types": ["Grass", "Psychic"]}, "Falinks": {"name": "Falinks", "species": "Falinks", "speciesId": "falinks", "gender": "N", "shiny": false, "level": 84, "moves": ["closecombat", "ironhead", "noretreat", "knockoff"], "ability": "Defiant", "evs": {"hp": 85, "atk": 85, "def": 85, "spa": 85, "spd": 85, "spe": 85}, "ivs": {"hp": 31, "atk": 31, "def": 31, "spa": 31, "spd": 31, "spe": 31}, "item": "Life Orb", "teraType": "Steel", "role": "Setup Sweeper", "bvs": {"hp": 65, "atk": 100, "def": 100, "spa": 70, "spd": 60, "spe": 75}, "stats": {"hp": 246, "atk": 216, "def": 216, "spa": 166, "spd": 149, "spe": 174}, "types": ["Fighting"]}, "Scream Tail": {"name": "Scream Tail", "species": "Scream Tail", "speciesId": "screamtail", "gender": "N", "shiny": false, "level": 84, "moves": ["dazzlinggleam", "encore", "protect", "wish"], "ability": "Protosynthesis", "evs": {"hp": 85, "atk": 0, "def": 85, "spa": 85, "spd": 85, "spe": 85}, "ivs": {"hp": 31, "atk": 0, "def": 31, "spa": 31, "spd": 31, "spe": 31}, "item": "Leftovers", "teraType": "Steel", "role": "Bulky Attacker", "bvs": {"hp": 115, "atk": 65, "def": 99, "spa": 65, "spd": 115, "spe": 111}, "stats": {"hp": 330, "atk": 114, "def": 215, "spa": 157, "spd": 241, "spe": 235}, "types": ["Fairy", "Psychic"]}, "Forretress": {"name": "Forretress", "species": "Forretress", "speciesId": "forretress", "gender": "F", "shiny": false, "level": 84, "moves": ["voltswitch", "ironhead", "stealthrock", "rapidspin"], "ability": "Sturdy", "evs": {"hp": 85, "atk": 85, "def": 85, "spa": 85, "spd": 85, "spe": 85}, "ivs": {"hp": 31, "atk": 31, "def": 31, "spa": 31, "spd": 31, "spe": 31}, "item": "Leftovers", "teraType": "Water", "role": "Bulky Support", "bvs": {"hp": 75, "atk": 90, "def": 140, "spa": 60, "spd": 60, "spe": 40}, "stats": {"hp": 263, "atk": 199, "def": 283, "spa": 149, "spd": 149, "spe": 115}, "types": ["Bug", "Steel"]}, "Quagsire": {"name": "Quagsire", "species": "Quagsire", "speciesId": "quagsire", "gender": "M", "shiny": false, "level": 84, "moves": ["recover", "toxic", "earthquake", "spikes"], "ability": "Unaware", "evs": {"hp": 85, "atk": 85, "def": 85, "spa": 85, "spd": 85, "spe": 85}, "ivs": {"hp": 31, "atk": 31, "def": 31, "spa": 31, "spd": 31, "spe": 31}, "item": "Leftovers", "teraType": "Steel", "role": "Bulky Support", "bvs": {"hp": 95, "atk": 85, "def": 85, "spa": 65, "spd": 65, "spe": 35}, "stats": {"hp": 297, "atk": 191, "def": 191, "spa": 157, "spd": 157, "spe": 107}, "types": ["Water", "Ground"]}, "Umbreon": {"name": "Umbreon", "species": "Umbreon", "speciesId": "umbreon", "gender": "M", "shiny": false, "level": 84, "moves": ["toxic", "foulplay", "protect", "wish"], "ability": "Synchronize", "evs": {"hp": 85, "atk": 0, "def": 85, "spa": 85, "spd": 85, "spe": 85}, "ivs": {"hp": 31, "atk": 0, "def": 31, "spa": 31, "spd": 31, "spe": 31}, "item": "Leftovers", "teraType": "Poison", "role": "Bulky Support", "bvs": {"hp": 95, "atk": 65, "def": 110, "spa": 60, "spd": 130, "spe": 65}, "stats": {"hp": 297, "atk": 114, "def": 233, "spa": 149, "spd": 267, "spe": 157}, "types": ["Dark"]}}, {"Gardevoir": {"name": "Gardevoir", "species": "Gardevoir", "speciesId": "gardevoir", "gender": "F", "shiny": false, "level": 83, "moves": ["mysticalfire", "psyshock", "moonblast", "trick"], "ability": "Trace", "evs": {"hp": 85, "atk": 0, "def": 85, "spa": 85, "spd": 85, "spe": 85}, "ivs": {"hp": 31, "atk": 0, "def": 31, "spa": 31, "spd": 31, "spe": 31}, "item": "Choice Scarf", "teraType": "Fairy", "role": "Fast Attacker", "bvs": {"hp": 68, "atk": 65, "def": 65, "spa": 125, "spd": 115, "spe": 80}, "stats": {"hp": 249, "atk": 112, "def": 156, "spa": 255, "spd": 239, "spe": 180}, "types": ["Psychic", "Fairy"]}, "Swalot": {"name": "Swalot", "species": "Swalot", "speciesId": "swalot", "gender": "M", "shiny": false, "level": 90, "moves": ["gunkshot", "knockoff", "earthquake", "swordsdance"], "ability": "Liquid Ooze", "evs": {"hp": 85, "atk": 85, "def": 85, "spa": 85, "spd": 85, "spe": 85}, "ivs": {"hp": 31, "atk": 31, "def": 31, "spa": 31, "spd": 31, "spe": 31}, "item": "Leftovers", "teraType": "Ground", "role": "Bulky Setup", "bvs": {"hp": 100, "atk": 73, "def": 83, "spa": 73, "spd": 83, "spe": 55}, "stats": {"hp": 326, "atk": 183, "def": 201, "spa": 183, "spd": 201, "spe": 150}, "types": ["Poison"]}, "Carbink": {"name": "Carbink", "species": "Carbink", "speciesId": "carbink", "gender": "N", "shiny": false, "level": 90, "moves": ["bodypress", "rest", "irondefense", "moonblast"], "ability": "Clear Body", "evs": {"hp": 85, "atk": 0, "def": 85, "spa": 85, "spd": 85, "spe": 85}, "ivs": {"hp": 31, "atk": 0, "def": 31, "spa": 31, "spd": 31, "spe": 31}, "item": "Chesto Berry", "teraType": "Fighting", "role": "Fast Bulky Setup", "bvs": {"hp": 50, "atk": 50, "def": 150, "spa": 50, "spd": 150, "spe": 50}, "stats": {"hp": 236, "atk": 95, "def": 321, "spa": 141, "spd": 321, "spe": 141}, "types": ["Rock", "Fairy"]}, "Slowking": {"name": "Slowking", "species": "Slowking", "speciesId": "slowking", "gender": "M", "shiny": false, "level": 88, "moves": ["psyshock", "scald", "chillyreception", "slackoff"], "ability": "Regenerator", "evs": {"hp": 85, "atk": 0, "def": 85, "spa": 85, "spd": 85, "spe": 85}, "ivs": {"hp": 31, "atk": 0, "def": 31, "spa": 31, "spd": 31, "spe": 31}, "item": "Heavy-Duty Boots", "teraType": "Dragon", "role": "Bulky Attacker", "bvs": {"hp": 95, "atk": 75, "def": 80, "spa": 100, "spd": 110, "spe": 30}, "stats": {"hp": 310, "atk": 137, "def": 191, "spa": 226, "spd": 244, "spe": 103}, "types": ["Water", "Psychic"]}, "Leavanny": {"name": "Leavanny", "species": "Leavanny", "speciesId": "leavanny", "gender": "F", "shiny": false, "level": 86, "moves": ["tripleaxel", "bulletseed", "knockoff", "stickyweb"], "ability": "Chlorophyll", "evs": {"hp": 85, "atk": 85, "def": 85, "spa": 85, "spd": 85, "spe": 85}, "ivs": {"hp": 31, "atk": 31, "def": 31, "spa": 31, "spd": 31, "spe": 31}, "item": "Loaded Dice", "teraType": "Rock", "role": "Fast Attacker", "bvs": {"hp": 75, "atk": 103, "def": 80, "spa": 70, "spd": 80, "spe": 92}, "stats": {"hp": 269, "atk": 226, "def": 187, "spa": 170, "spd": 187, "spe": 207}, "types": ["Bug", "Grass"]}, "Swampert": {"name": "Swampert", "species": "Swampert", "speciesId": "swampert", "gender": "M", "shiny": false, "level": 83, "moves": ["knockoff", "yawn", "flipturn", "earthquake"], "ability": "Torrent", "evs": {"hp": 85, "atk": 85, "def": 85, "spa": 85, "spd": 85, "spe": 85}, "ivs": {"hp": 31, "atk": 31, "def": 31, "spa": 31, "spd": 31, "spe": 31}, "item": "Leftovers", "teraType": "Poison", "role": "Bulky Support", "bvs": {"hp": 100, "atk": 110, "def": 90, "spa": 85, "spd": 90, "spe": 60}, "stats": {"hp": 302, "atk": 230, "def": 197, "spa": 189, "spd": 197, "spe": 147}, "types": ["Water", "Ground"]}}]}