{"id": "gen9randombattle-2641688981", "format": "[Gen 9] Random Battle", "players": ["prochain1", "andromedus76"], "log": "|j|\u2606prochain1\n|j|\u2606andromedus76\n|t:|1782830072\n|gametype|singles\n|player|p1|prochain1|whitney|1674\n|player|p2|andromedus76|wallace|1684\n|gen|9\n|tier|[Gen 9] Random Battle\n|rated|\n|rule|Species Clause: Limit one of each Pok\u00e9mon\n|rule|HP Percentage Mod: HP is shown in percentages\n|rule|Sleep Clause Mod: Limit one foe put to sleep\n|rule|Illusion Level Mod: Illusion disguises the Pok\u00e9mon's true level\n|\n|t:|1782830072\n|teamsize|p1|6\n|teamsize|p2|6\n|start\n|switch|p1a: Blaziken|Blaziken, L76, F|247/247\n|switch|p2a: Palossand|Palossand, L89, M|296/296\n|turn|1\n|inactive|Battle timer is ON: inactive players will automatically lose when time's up. (requested by andromedus76)\n|\n|t:|1782830089\n|switch|p1a: Corviknight|Corviknight, L80, M|288/288\n|-ability|p1a: Corviknight|Pressure\n|move|p2a: Palossand|Earth Power|p1a: Corviknight\n|-immune|p1a: Corviknight\n|\n|upkeep\n|turn|2\n|\n|t:|1782830095\n|move|p1a: Corviknight|U-turn|p2a: Palossand\n|-resisted|p2a: Palossand\n|-damage|p2a: Palossand|278/296\n|\n|t:|1782830100\n|switch|p1a: Wigglytuff|Wigglytuff, L96, M|424/424|[from] U-turn\n|move|p2a: Palossand|Shadow Ball|p1a: Wigglytuff\n|-immune|p1a: Wigglytuff\n|\n|-heal|p2a: Palossand|296/296|[from] item: Leftovers\n|upkeep\n|turn|3\n|\n|t:|1782830105\n|move|p1a: Wigglytuff|Dazzling Gleam|p2a: Palossand\n|-damage|p2a: Palossand|182/296\n|move|p2a: Palossand|Sludge Bomb|p1a: Wigglytuff\n|-supereffective|p1a: Wigglytuff\n|-damage|p1a: Wigglytuff|234/424\n|\n|-heal|p1a: Wigglytuff|260/424|[from] item: Leftovers\n|-heal|p2a: Palossand|200/296|[from] item: Leftovers\n|upkeep\n|turn|4\n|\n|t:|1782830113\n|switch|p2a: Toxtricity|Toxtricity, L82, M|257/257\n|move|p1a: Wigglytuff|Protect||[still]\n|-fail|p1a: Wigglytuff\n|\n|-heal|p1a: Wigglytuff|286/424|[from] item: Leftovers\n|upkeep\n|turn|5\n|\n|t:|1782830123\n|switch|p1a: Okidogi|Okidogi, L77, M|262/262\n|move|p2a: Toxtricity|Shift Gear|p2a: Toxtricity\n|-boost|p2a: Toxtricity|spe|2\n|-boost|p2a: Toxtricity|atk|1\n|\n|upkeep\n|turn|6\n|\n|t:|1782830129\n|move|p2a: Toxtricity|Boomburst|p1a: Okidogi\n|-damage|p1a: Okidogi|163/262\n|-enditem|p2a: Toxtricity|Throat Spray\n|-boost|p2a: Toxtricity|spa|1|[from] item: Throat Spray\n|move|p1a: Okidogi|Psychic Fangs|p2a: Toxtricity\n|-supereffective|p2a: Toxtricity\n|-damage|p2a: Toxtricity|107/257\n|\n|upkeep\n|turn|7\n|\n|t:|1782830136\n|move|p2a: Toxtricity|Boomburst|p1a: Okidogi\n|-damage|p1a: Okidogi|20/262\n|move|p1a: Okidogi|Psychic Fangs|p2a: Toxtricity\n|-supereffective|p2a: Toxtricity\n|-damage|p2a: Toxtricity|0 fnt\n|faint|p2a: Toxtricity\n|\n|upkeep\n|\n|t:|1782830146\n|switch|p2a: Ambipom|Ambipom, L84, M|263/263\n|turn|8\n|\n|t:|1782830152\n|move|p2a: Ambipom|Knock Off|p1a: Okidogi\n|-resisted|p1a: Okidogi\n|-damage|p1a: Okidogi|0 fnt\n|-enditem|p1a: Okidogi|Assault Vest|[from] move: Knock Off|[of] p2a: Ambipom\n|faint|p1a: Okidogi\n|\n|upkeep\n|\n|t:|1782830160\n|switch|p1a: Blaziken|Blaziken, L76, F|247/247\n|turn|9\n|\n|t:|1782830164\n|switch|p2a: Palossand|Palossand, L89, M|200/296\n|move|p1a: Blaziken|Protect||[still]\n|-fail|p1a: Blaziken\n|\n|-heal|p2a: Palossand|218/296|[from] item: Leftovers\n|-ability|p1a: Blaziken|Speed Boost|boost\n|-boost|p1a: Blaziken|spe|1\n|upkeep\n|turn|10\n|\n|t:|1782830194\n|switch|p1a: Corviknight|Corviknight, L80, M|288/288\n|-ability|p1a: Corviknight|Pressure\n|move|p2a: Palossand|Earth Power|p1a: Corviknight\n|-immune|p1a: Corviknight\n|\n|-heal|p2a: Palossand|236/296|[from] item: Leftovers\n|upkeep\n|turn|11\n|\n|t:|1782830199\n|move|p1a: Corviknight|Brave Bird|p2a: Palossand\n|-damage|p2a: Palossand|155/296\n|-damage|p1a: Corviknight|261/288|[from] Recoil\n|move|p2a: Palossand|Sludge Bomb|p1a: Corviknight\n|-immune|p1a: Corviknight\n|\n|-heal|p1a: Corviknight|279/288|[from] item: Leftovers\n|-heal|p2a: Palossand|173/296|[from] item: Leftovers\n|upkeep\n|turn|12\n|\n|t:|1782830206\n|move|p1a: Corviknight|U-turn|p2a: Palossand\n|-resisted|p2a: Palossand\n|-damage|p2a: Palossand|156/296\n|\n|t:|1782830211\n|switch|p1a: Wigglytuff|Wigglytuff, L96, M|286/424|[from] U-turn\n|move|p2a: Palossand|Shore Up|p2a: Palossand\n|-heal|p2a: Palossand|296/296\n|\n|-heal|p1a: Wigglytuff|312/424|[from] item: Leftovers\n|upkeep\n|turn|13\n|\n|t:|1782830214\n|move|p1a: Wigglytuff|Protect|p1a: Wigglytuff\n|-singleturn|p1a: Wigglytuff|Protect\n|move|p2a: Palossand|Sludge Bomb|p1a: Wigglytuff\n|-activate|p1a: Wigglytuff|move: Protect\n|\n|-heal|p1a: Wigglytuff|338/424|[from] item: Leftovers\n|upkeep\n|turn|14\n|\n|t:|1782830227\n|switch|p1a: Corviknight|Corviknight, L80, M|279/288\n|-ability|p1a: Corviknight|Pressure\n|move|p2a: Palossand|Sludge Bomb|p1a: Corviknight\n|-immune|p1a: Corviknight\n|\n|-heal|p1a: Corviknight|288/288|[from] item: Leftovers\n|upkeep\n|turn|15\n|\n|t:|1782830235\n|move|p1a: Corviknight|U-turn|p2a: Palossand\n|-resisted|p2a: Palossand\n|-damage|p2a: Palossand|281/296\n|\n|t:|1782830238\n|switch|p1a: Wigglytuff|Wigglytuff, L96, M|338/424|[from] U-turn\n|move|p2a: Palossand|Shadow Ball|p1a: Wigglytuff\n|-immune|p1a: Wigglytuff\n|\n|-heal|p1a: Wigglytuff|364/424|[from] item: Leftovers\n|-heal|p2a: Palossand|296/296|[from] item: Leftovers\n|upkeep\n|turn|16\n|\n|t:|1782830244\n|move|p1a: Wigglytuff|Protect|p1a: Wigglytuff\n|-singleturn|p1a: Wigglytuff|Protect\n|move|p2a: Palossand|Sludge Bomb|p1a: Wigglytuff\n|-activate|p1a: Wigglytuff|move: Protect\n|\n|-heal|p1a: Wigglytuff|390/424|[from] item: Leftovers\n|upkeep\n|turn|17\n|\n|t:|1782830252\n|move|p1a: Wigglytuff|Wish|p1a: Wigglytuff\n|move|p2a: Palossand|Shadow Ball|p1a: Wigglytuff\n|-immune|p1a: Wigglytuff\n|\n|-heal|p1a: Wigglytuff|416/424|[from] item: Leftovers\n|upkeep\n|turn|18\n|\n|t:|1782830257\n|switch|p1a: Corviknight|Corviknight, L80, M|288/288\n|-ability|p1a: Corviknight|Pressure\n|move|p2a: Palossand|Shadow Ball|p1a: Corviknight\n|-damage|p1a: Corviknight|192/288\n|\n|-heal|p1a: Corviknight|288/288|[from] move: Wish|[wisher] Wigglytuff\n|upkeep\n|turn|19\n|\n|t:|1782830266\n|switch|p2a: Dusknoir|Dusknoir, L89, F|225/225\n|-item|p1a: Corviknight|Leftovers|[from] ability: Frisk|[of] p2a: Dusknoir\n|move|p1a: Corviknight|Brave Bird|p2a: Dusknoir\n|-damage|p2a: Dusknoir|158/225\n|-damage|p1a: Corviknight|266/288|[from] Recoil\n|\n|-heal|p1a: Corviknight|284/288|[from] item: Leftovers\n|-heal|p2a: Dusknoir|172/225|[from] item: Leftovers\n|upkeep\n|turn|20\n|\n|t:|1782830273\n|move|p1a: Corviknight|U-turn|p2a: Dusknoir\n|-resisted|p2a: Dusknoir\n|-damage|p2a: Dusknoir|157/225\n|\n|t:|1782830292\n|switch|p1a: Wigglytuff|Wigglytuff, L96, M|416/424|[from] U-turn\n|move|p2a: Dusknoir|Will-O-Wisp|p1a: Wigglytuff\n|-status|p1a: Wigglytuff|brn\n|\n|-heal|p1a: Wigglytuff|424/424 brn|[from] item: Leftovers\n|-heal|p2a: Dusknoir|171/225|[from] item: Leftovers\n|-damage|p1a: Wigglytuff|398/424 brn|[from] brn\n|upkeep\n|turn|21\n|\n|t:|1782830298\n|move|p1a: Wigglytuff|Wish|p1a: Wigglytuff\n|move|p2a: Dusknoir|Earthquake|p1a: Wigglytuff\n|-damage|p1a: Wigglytuff|292/424 brn\n|\n|-heal|p1a: Wigglytuff|318/424 brn|[from] item: Leftovers\n|-heal|p2a: Dusknoir|185/225|[from] item: Leftovers\n|-damage|p1a: Wigglytuff|292/424 brn|[from] brn\n|upkeep\n|turn|22\n|\n|t:|1782830303\n|move|p1a: Wigglytuff|Dazzling Gleam|p2a: Dusknoir\n|-damage|p2a: Dusknoir|124/225\n|move|p2a: Dusknoir|Pain Split|p1a: Wigglytuff\n|-sethp|p1a: Wigglytuff|208/424 brn|[from] move: Pain Split|[silent]\n|-sethp|p2a: Dusknoir|208/225|[from] move: Pain Split\n|\n|-heal|p1a: Wigglytuff|420/424 brn|[from] move: Wish|[wisher] Wigglytuff\n|-heal|p1a: Wigglytuff|424/424 brn|[from] item: Leftovers\n|-heal|p2a: Dusknoir|222/225|[from] item: Leftovers\n|-damage|p1a: Wigglytuff|398/424 brn|[from] brn\n|upkeep\n|turn|23\n|\n|t:|1782830312\n|move|p1a: Wigglytuff|Wish|p1a: Wigglytuff\n|move|p2a: Dusknoir|Pain Split|p1a: Wigglytuff\n|-sethp|p1a: Wigglytuff|310/424 brn|[from] move: Pain Split|[silent]\n|-sethp|p2a: Dusknoir|225/225|[from] move: Pain Split\n|\n|-heal|p1a: Wigglytuff|336/424 brn|[from] item: Leftovers\n|-damage|p1a: Wigglytuff|310/424 brn|[from] brn\n|upkeep\n|turn|24\n|\n|t:|1782830321\n|move|p1a: Wigglytuff|Protect|p1a: Wigglytuff\n|-singleturn|p1a: Wigglytuff|Protect\n|move|p2a: Dusknoir|Earthquake|p1a: Wigglytuff\n|-activate|p1a: Wigglytuff|move: Protect\n|\n|-heal|p1a: Wigglytuff|424/424 brn|[from] move: Wish|[wisher] Wigglytuff\n|-damage|p1a: Wigglytuff|398/424 brn|[from] brn\n|upkeep\n|turn|25\n|\n|t:|1782830325\n|move|p1a: Wigglytuff|Wish|p1a: Wigglytuff\n|move|p2a: Dusknoir|Earthquake|p1a: Wigglytuff\n|-damage|p1a: Wigglytuff|280/424 brn\n|\n|-heal|p1a: Wigglytuff|306/424 brn|[from] item: Leftovers\n|-damage|p1a: Wigglytuff|280/424 brn|[from] brn\n|upkeep\n|turn|26\n|\n|t:|1782830330\n|move|p1a: Wigglytuff|Dazzling Gleam|p2a: Dusknoir\n|-damage|p2a: Dusknoir|159/225\n|move|p2a: Dusknoir|Pain Split|p1a: Wigglytuff\n|-sethp|p1a: Wigglytuff|219/424 brn|[from] move: Pain Split|[silent]\n|-sethp|p2a: Dusknoir|219/225|[from] move: Pain Split\n|\n|-heal|p1a: Wigglytuff|424/424 brn|[from] move: Wish|[wisher] Wigglytuff\n|-heal|p2a: Dusknoir|225/225|[from] item: Leftovers\n|-damage|p1a: Wigglytuff|398/424 brn|[from] brn\n|upkeep\n|turn|27\n|\n|t:|1782830338\n|move|p1a: Wigglytuff|Wish|p1a: Wigglytuff\n|move|p2a: Dusknoir|Earthquake|p1a: Wigglytuff\n|-damage|p1a: Wigglytuff|280/424 brn\n|\n|-heal|p1a: Wigglytuff|306/424 brn|[from] item: Leftovers\n|-damage|p1a: Wigglytuff|280/424 brn|[from] brn\n|upkeep\n|turn|28\n|\n|t:|1782830345\n|move|p1a: Wigglytuff|Dazzling Gleam|p2a: Dusknoir\n|-damage|p2a: Dusknoir|164/225\n|move|p2a: Dusknoir|Pain Split|p1a: Wigglytuff\n|-sethp|p1a: Wigglytuff|222/424 brn|[from] move: Pain Split|[silent]\n|-sethp|p2a: Dusknoir|222/225|[from] move: Pain Split\n|\n|-heal|p1a: Wigglytuff|424/424 brn|[from] move: Wish|[wisher] Wigglytuff\n|-heal|p2a: Dusknoir|225/225|[from] item: Leftovers\n|-damage|p1a: Wigglytuff|398/424 brn|[from] brn\n|upkeep\n|turn|29\n|\n|t:|1782830349\n|move|p1a: Wigglytuff|Wish|p1a: Wigglytuff\n|move|p2a: Dusknoir|Earthquake|p1a: Wigglytuff\n|-damage|p1a: Wigglytuff|291/424 brn\n|\n|-heal|p1a: Wigglytuff|317/424 brn|[from] item: Leftovers\n|-damage|p1a: Wigglytuff|291/424 brn|[from] brn\n|upkeep\n|turn|30\n|\n|t:|1782830352\n|switch|p1a: Blaziken|Blaziken, L76, F|247/247\n|move|p2a: Dusknoir|Pain Split|p1a: Blaziken\n|-sethp|p1a: Blaziken|236/247|[from] move: Pain Split|[silent]\n|-sethp|p2a: Dusknoir|225/225|[from] move: Pain Split\n|\n|-heal|p1a: Blaziken|247/247|[from] move: Wish|[wisher] Wigglytuff\n|upkeep\n|turn|31\n|\n|t:|1782830369\n|switch|p1a: Wigglytuff|Wigglytuff, L96, M|291/424 brn\n|move|p2a: Dusknoir|Earthquake|p1a: Wigglytuff\n|-damage|p1a: Wigglytuff|174/424 brn\n|\n|-heal|p1a: Wigglytuff|200/424 brn|[from] item: Leftovers\n|-damage|p1a: Wigglytuff|174/424 brn|[from] brn\n|upkeep\n|turn|32\n|\n|t:|1782830372\n|move|p1a: Wigglytuff|Wish|p1a: Wigglytuff\n|move|p2a: Dusknoir|Earthquake|p1a: Wigglytuff\n|-damage|p1a: Wigglytuff|68/424 brn\n|\n|-heal|p1a: Wigglytuff|94/424 brn|[from] item: Leftovers\n|-damage|p1a: Wigglytuff|68/424 brn|[from] brn\n|upkeep\n|turn|33\n|\n|t:|1782830376\n|move|p1a: Wigglytuff|Protect|p1a: Wigglytuff\n|-singleturn|p1a: Wigglytuff|Protect\n|move|p2a: Dusknoir|Earthquake|p1a: Wigglytuff\n|-activate|p1a: Wigglytuff|move: Protect\n|\n|-heal|p1a: Wigglytuff|280/424 brn|[from] move: Wish|[wisher] Wigglytuff\n|-heal|p1a: Wigglytuff|306/424 brn|[from] item: Leftovers\n|-damage|p1a: Wigglytuff|280/424 brn|[from] brn\n|upkeep\n|turn|34\n|\n|t:|1782830379\n|move|p1a: Wigglytuff|Wish|p1a: Wigglytuff\n|move|p2a: Dusknoir|Earthquake|p1a: Wigglytuff\n|-damage|p1a: Wigglytuff|176/424 brn\n|\n|-heal|p1a: Wigglytuff|202/424 brn|[from] item: Leftovers\n|-damage|p1a: Wigglytuff|176/424 brn|[from] brn\n|upkeep\n|turn|35\n|\n|t:|1782830384\n|move|p1a: Wigglytuff|Protect|p1a: Wigglytuff\n|-singleturn|p1a: Wigglytuff|Protect\n|move|p2a: Dusknoir|Earthquake|p1a: Wigglytuff\n|-activate|p1a: Wigglytuff|move: Protect\n|\n|-heal|p1a: Wigglytuff|388/424 brn|[from] move: Wish|[wisher] Wigglytuff\n|-heal|p1a: Wigglytuff|414/424 brn|[from] item: Leftovers\n|-damage|p1a: Wigglytuff|388/424 brn|[from] brn\n|upkeep\n|turn|36\n|\n|t:|1782830388\n|move|p1a: Wigglytuff|Wish|p1a: Wigglytuff\n|move|p2a: Dusknoir|Pain Split|p1a: Wigglytuff\n|-sethp|p1a: Wigglytuff|306/424 brn|[from] move: Pain Split|[silent]\n|-sethp|p2a: Dusknoir|225/225|[from] move: Pain Split\n|\n|-heal|p1a: Wigglytuff|332/424 brn|[from] item: Leftovers\n|-damage|p1a: Wigglytuff|306/424 brn|[from] brn\n|upkeep\n|turn|37\n|\n|t:|1782830392\n|move|p1a: Wigglytuff|Fire Blast|p2a: Dusknoir\n|-damage|p2a: Dusknoir|158/225\n|move|p2a: Dusknoir|Pain Split|p1a: Wigglytuff\n|-sethp|p1a: Wigglytuff|232/424 brn|[from] move: Pain Split|[silent]\n|-sethp|p2a: Dusknoir|225/225|[from] move: Pain Split\n|\n|-heal|p1a: Wigglytuff|424/424 brn|[from] move: Wish|[wisher] Wigglytuff\n|-damage|p1a: Wigglytuff|398/424 brn|[from] brn\n|upkeep\n|turn|38\n|\n|t:|1782830401\n|move|p1a: Wigglytuff|Wish|p1a: Wigglytuff\n|move|p2a: Dusknoir|Pain Split|p1a: Wigglytuff\n|-sethp|p1a: Wigglytuff|311/424 brn|[from] move: Pain Split|[silent]\n|-sethp|p2a: Dusknoir|225/225|[from] move: Pain Split\n|\n|-heal|p1a: Wigglytuff|337/424 brn|[from] item: Leftovers\n|-damage|p1a: Wigglytuff|311/424 brn|[from] brn\n|upkeep\n|turn|39\n|\n|t:|1782830404\n|move|p1a: Wigglytuff|Fire Blast|p2a: Dusknoir\n|-crit|p2a: Dusknoir\n|-damage|p2a: Dusknoir|129/225\n|move|p2a: Dusknoir|Will-O-Wisp|p1a: Wigglytuff\n|-fail|p1a: Wigglytuff|brn\n|\n|-heal|p1a: Wigglytuff|424/424 brn|[from] move: Wish|[wisher] Wigglytuff\n|-heal|p2a: Dusknoir|143/225|[from] item: Leftovers\n|-damage|p1a: Wigglytuff|398/424 brn|[from] brn\n|upkeep\n|turn|40\n|\n|t:|1782830408\n|move|p1a: Wigglytuff|Fire Blast|p2a: Dusknoir\n|-damage|p2a: Dusknoir|85/225\n|move|p2a: Dusknoir|Pain Split|p1a: Wigglytuff\n|-sethp|p1a: Wigglytuff|241/424 brn|[from] move: Pain Split|[silent]\n|-sethp|p2a: Dusknoir|225/225|[from] move: Pain Split\n|\n|-heal|p1a: Wigglytuff|267/424 brn|[from] item: Leftovers\n|-damage|p1a: Wigglytuff|241/424 brn|[from] brn\n|upkeep\n|turn|41\n|\n|t:|1782830411\n|move|p1a: Wigglytuff|Wish|p1a: Wigglytuff\n|move|p2a: Dusknoir|Will-O-Wisp|p1a: Wigglytuff|[miss]\n|-miss|p2a: Dusknoir|p1a: Wigglytuff\n|\n|-heal|p1a: Wigglytuff|267/424 brn|[from] item: Leftovers\n|-damage|p1a: Wigglytuff|241/424 brn|[from] brn\n|upkeep\n|turn|42\n|\n|t:|1782830418\n|move|p1a: Wigglytuff|Dazzling Gleam|p2a: Dusknoir\n|-damage|p2a: Dusknoir|158/225\n|move|p2a: Dusknoir|Pain Split|p1a: Wigglytuff\n|-sethp|p1a: Wigglytuff|199/424 brn|[from] move: Pain Split|[silent]\n|-sethp|p2a: Dusknoir|199/225|[from] move: Pain Split\n|\n|-heal|p1a: Wigglytuff|411/424 brn|[from] move: Wish|[wisher] Wigglytuff\n|-heal|p1a: Wigglytuff|424/424 brn|[from] item: Leftovers\n|-heal|p2a: Dusknoir|213/225|[from] item: Leftovers\n|-damage|p1a: Wigglytuff|398/424 brn|[from] brn\n|upkeep\n|turn|43\n|\n|t:|1782830425\n|move|p1a: Wigglytuff|Protect|p1a: Wigglytuff\n|-singleturn|p1a: Wigglytuff|Protect\n|move|p2a: Dusknoir|Will-O-Wisp|p1a: Wigglytuff\n|-activate|p1a: Wigglytuff|move: Protect\n|\n|-heal|p1a: Wigglytuff|424/424 brn|[from] item: Leftovers\n|-heal|p2a: Dusknoir|225/225|[from] item: Leftovers\n|-damage|p1a: Wigglytuff|398/424 brn|[from] brn\n|upkeep\n|turn|44\n|\n|t:|1782830444\n|move|p1a: Wigglytuff|Wish|p1a: Wigglytuff\n|move|p2a: Dusknoir|Earthquake|p1a: Wigglytuff\n|-damage|p1a: Wigglytuff|283/424 brn\n|\n|-heal|p1a: Wigglytuff|309/424 brn|[from] item: Leftovers\n|-damage|p1a: Wigglytuff|283/424 brn|[from] brn\n|upkeep\n|turn|45\n|\n|t:|1782830447\n|switch|p1a: Dondozo|Dondozo, L78, F|362/362\n|move|p2a: Dusknoir|Pain Split|p1a: Dondozo\n|-sethp|p1a: Dondozo|293/362|[from] move: Pain Split|[silent]\n|-sethp|p2a: Dusknoir|225/225|[from] move: Pain Split\n|\n|-heal|p1a: Dondozo|362/362|[from] move: Wish|[wisher] Wigglytuff\n|upkeep\n|turn|46\n|\n|t:|1782830462\n|switch|p2a: Keldeo|Keldeo-Resolute, L79|273/273\n|move|p1a: Dondozo|Curse|p1a: Dondozo\n|-unboost|p1a: Dondozo|spe|1\n|-boost|p1a: Dondozo|atk|1\n|-boost|p1a: Dondozo|def|1\n|\n|upkeep\n|turn|47\n|\n|t:|1782830471\n|move|p2a: Keldeo|Hydro Pump|p1a: Dondozo\n|-resisted|p1a: Dondozo\n|-damage|p1a: Dondozo|238/362\n|move|p1a: Dondozo|Curse|p1a: Dondozo\n|-unboost|p1a: Dondozo|spe|1\n|-boost|p1a: Dondozo|atk|1\n|-boost|p1a: Dondozo|def|1\n|\n|-heal|p1a: Dondozo|260/362|[from] item: Leftovers\n|upkeep\n|turn|48\n|\n|t:|1782830482\n|move|p2a: Keldeo|Hydro Pump|p1a: Dondozo|[miss]\n|-miss|p2a: Keldeo|p1a: Dondozo\n|move|p1a: Dondozo|Rest|p1a: Dondozo\n|-status|p1a: Dondozo|slp|[from] move: Rest\n|-heal|p1a: Dondozo|362/362 slp|[silent]\n|\n|upkeep\n|turn|49\n|\n|t:|1782830488\n|switch|p2a: Palossand|Palossand, L89, M|296/296\n|cant|p1a: Dondozo|slp\n|move|p1a: Dondozo|Sleep Talk|p1a: Dondozo\n|move|p1a: Dondozo|Wave Crash|p2a: Palossand|[from] move: Sleep Talk\n|-supereffective|p2a: Palossand\n|-damage|p2a: Palossand|0 fnt\n|faint|p2a: Palossand\n|-damage|p1a: Dondozo|264/362 slp|[from] Recoil\n|\n|-heal|p1a: Dondozo|286/362 slp|[from] item: Leftovers\n|upkeep\n|\n|t:|1782830492\n|switch|p2a: Keldeo|Keldeo-Resolute, L79|273/273\n|turn|50\n|\n|t:|1782830497\n|move|p2a: Keldeo|Hydro Pump|p1a: Dondozo\n|-resisted|p1a: Dondozo\n|-damage|p1a: Dondozo|162/362 slp\n|cant|p1a: Dondozo|slp\n|move|p1a: Dondozo|Sleep Talk|p1a: Dondozo\n|move|p1a: Dondozo|Curse|p1a: Dondozo|[from] move: Sleep Talk\n|-unboost|p1a: Dondozo|spe|1\n|-boost|p1a: Dondozo|atk|1\n|-boost|p1a: Dondozo|def|1\n|\n|-heal|p1a: Dondozo|184/362 slp|[from] item: Leftovers\n|upkeep\n|turn|51\n|\n|t:|1782830501\n|move|p2a: Keldeo|Hydro Pump|p1a: Dondozo\n|-resisted|p1a: Dondozo\n|-damage|p1a: Dondozo|66/362 slp\n|-curestatus|p1a: Dondozo|slp|[msg]\n|move|p1a: Dondozo|Rest|p1a: Dondozo\n|-status|p1a: Dondozo|slp|[from] move: Rest\n|-heal|p1a: Dondozo|362/362 slp|[silent]\n|\n|upkeep\n|turn|52\n|\n|t:|1782830504\n|move|p2a: Keldeo|Hydro Pump|p1a: Dondozo\n|-resisted|p1a: Dondozo\n|-damage|p1a: Dondozo|242/362 slp\n|cant|p1a: Dondozo|slp\n|move|p1a: Dondozo|Sleep Talk|p1a: Dondozo\n|move|p1a: Dondozo|Rest||[from] move: Sleep Talk|[still]\n|-fail|p1a: Dondozo\n|\n|-heal|p1a: Dondozo|264/362 slp|[from] item: Leftovers\n|upkeep\n|turn|53\n|\n|t:|1782830507\n|move|p2a: Keldeo|Hydro Pump|p1a: Dondozo\n|-resisted|p1a: Dondozo\n|-damage|p1a: Dondozo|133/362 slp\n|cant|p1a: Dondozo|slp\n|move|p1a: Dondozo|Sleep Talk|p1a: Dondozo\n|move|p1a: Dondozo|Wave Crash|p2a: Keldeo|[from] move: Sleep Talk\n|-resisted|p2a: Keldeo\n|-damage|p2a: Keldeo|135/273\n|-damage|p1a: Dondozo|87/362 slp|[from] Recoil\n|\n|-heal|p1a: Dondozo|109/362 slp|[from] item: Leftovers\n|upkeep\n|turn|54\n|\n|t:|1782830511\n|move|p2a: Keldeo|Hydro Pump|p1a: Dondozo\n|-resisted|p1a: Dondozo\n|-damage|p1a: Dondozo|0 fnt\n|faint|p1a: Dondozo\n|\n|upkeep\n|\n|t:|1782830525\n|switch|p1a: Wigglytuff|Wigglytuff, L96, M|283/424 brn\n|turn|55\n|\n|t:|1782830529\n|switch|p2a: Dusknoir|Dusknoir, L89, F|225/225\n|-item|p1a: Wigglytuff|Leftovers|[from] ability: Frisk|[of] p2a: Dusknoir\n|move|p1a: Wigglytuff|Dazzling Gleam|p2a: Dusknoir\n|-damage|p2a: Dusknoir|152/225\n|\n|-heal|p1a: Wigglytuff|309/424 brn|[from] item: Leftovers\n|-heal|p2a: Dusknoir|166/225|[from] item: Leftovers\n|-damage|p1a: Wigglytuff|283/424 brn|[from] brn\n|upkeep\n|turn|56\n|\n|t:|1782830536\n|move|p1a: Wigglytuff|Fire Blast|p2a: Dusknoir\n|-damage|p2a: Dusknoir|106/225\n|move|p2a: Dusknoir|Pain Split|p1a: Wigglytuff\n|-sethp|p1a: Wigglytuff|194/424 brn|[from] move: Pain Split|[silent]\n|-sethp|p2a: Dusknoir|194/225|[from] move: Pain Split\n|\n|-heal|p1a: Wigglytuff|220/424 brn|[from] item: Leftovers\n|-heal|p2a: Dusknoir|208/225|[from] item: Leftovers\n|-damage|p1a: Wigglytuff|194/424 brn|[from] brn\n|upkeep\n|turn|57\n|\n|t:|1782830541\n|move|p1a: Wigglytuff|Wish|p1a: Wigglytuff\n|move|p2a: Dusknoir|Earthquake|p1a: Wigglytuff\n|-damage|p1a: Wigglytuff|75/424 brn\n|\n|-heal|p1a: Wigglytuff|101/424 brn|[from] item: Leftovers\n|-heal|p2a: Dusknoir|222/225|[from] item: Leftovers\n|-damage|p1a: Wigglytuff|75/424 brn|[from] brn\n|upkeep\n|turn|58\n|\n|t:|1782830545\n|move|p1a: Wigglytuff|Protect|p1a: Wigglytuff\n|-singleturn|p1a: Wigglytuff|Protect\n|move|p2a: Dusknoir|Will-O-Wisp|p1a: Wigglytuff\n|-activate|p1a: Wigglytuff|move: Protect\n|\n|-heal|p1a: Wigglytuff|287/424 brn|[from] move: Wish|[wisher] Wigglytuff\n|-heal|p1a: Wigglytuff|313/424 brn|[from] item: Leftovers\n|-heal|p2a: Dusknoir|225/225|[from] item: Leftovers\n|-damage|p1a: Wigglytuff|287/424 brn|[from] brn\n|upkeep\n|turn|59\n|\n|t:|1782830550\n|move|p1a: Wigglytuff|Wish|p1a: Wigglytuff\n|move|p2a: Dusknoir|Pain Split|p1a: Wigglytuff\n|-sethp|p1a: Wigglytuff|256/424 brn|[from] move: Pain Split|[silent]\n|-sethp|p2a: Dusknoir|225/225|[from] move: Pain Split\n|\n|-heal|p1a: Wigglytuff|282/424 brn|[from] item: Leftovers\n|-damage|p1a: Wigglytuff|256/424 brn|[from] brn\n|upkeep\n|turn|60\n|\n|t:|1782830554\n|move|p1a: Wigglytuff|Fire Blast|p2a: Dusknoir|[miss]\n|-miss|p1a: Wigglytuff|p2a: Dusknoir\n|move|p2a: Dusknoir|Will-O-Wisp|p1a: Wigglytuff\n|-fail|p1a: Wigglytuff|brn\n|\n|-heal|p1a: Wigglytuff|424/424 brn|[from] move: Wish|[wisher] Wigglytuff\n|-damage|p1a: Wigglytuff|398/424 brn|[from] brn\n|upkeep\n|turn|61\n|\n|t:|1782830557\n|move|p1a: Wigglytuff|Fire Blast|p2a: Dusknoir\n|-damage|p2a: Dusknoir|166/225\n|move|p2a: Dusknoir|Pain Split|p1a: Wigglytuff\n|-sethp|p1a: Wigglytuff|282/424 brn|[from] move: Pain Split|[silent]\n|-sethp|p2a: Dusknoir|225/225|[from] move: Pain Split\n|\n|-heal|p1a: Wigglytuff|308/424 brn|[from] item: Leftovers\n|-damage|p1a: Wigglytuff|282/424 brn|[from] brn\n|upkeep\n|turn|62\n|\n|t:|1782830561\n|move|p1a: Wigglytuff|Fire Blast|p2a: Dusknoir\n|-damage|p2a: Dusknoir|165/225\n|move|p2a: Dusknoir|Pain Split|p1a: Wigglytuff\n|-sethp|p1a: Wigglytuff|223/424 brn|[from] move: Pain Split|[silent]\n|-sethp|p2a: Dusknoir|223/225|[from] move: Pain Split\n|\n|-heal|p1a: Wigglytuff|249/424 brn|[from] item: Leftovers\n|-heal|p2a: Dusknoir|225/225|[from] item: Leftovers\n|-damage|p1a: Wigglytuff|223/424 brn|[from] brn\n|upkeep\n|turn|63\n|\n|t:|1782830569\n|move|p1a: Wigglytuff|Wish|p1a: Wigglytuff\n|move|p2a: Dusknoir|Pain Split|p1a: Wigglytuff\n|-sethp|p1a: Wigglytuff|224/424 brn|[from] move: Pain Split|[silent]\n|-sethp|p2a: Dusknoir|224/225|[from] move: Pain Split\n|\n|-heal|p1a: Wigglytuff|250/424 brn|[from] item: Leftovers\n|-heal|p2a: Dusknoir|225/225|[from] item: Leftovers\n|-damage|p1a: Wigglytuff|224/424 brn|[from] brn\n|upkeep\n|turn|64\n|\n|t:|1782830572\n|switch|p1a: Blaziken|Blaziken, L76, F|247/247\n|move|p2a: Dusknoir|Will-O-Wisp|p1a: Blaziken\n|-immune|p1a: Blaziken\n|\n|upkeep\n|turn|65\n|\n|t:|1782830577\n|move|p1a: Blaziken|Protect|p1a: Blaziken\n|-singleturn|p1a: Blaziken|Protect\n|move|p2a: Dusknoir|Poltergeist|p1a: Blaziken\n|-activate|p1a: Blaziken|move: Protect\n|\n|-ability|p1a: Blaziken|Speed Boost|boost\n|-boost|p1a: Blaziken|spe|1\n|upkeep\n|turn|66\n|\n|t:|1782830586\n|switch|p1a: Corviknight|Corviknight, L80, M|284/288\n|-ability|p1a: Corviknight|Pressure\n|move|p2a: Dusknoir|Poltergeist|p1a: Corviknight\n|-activate|p1a: Corviknight|move: Poltergeist|Leftovers\n|-damage|p1a: Corviknight|172/288\n|\n|-heal|p1a: Corviknight|190/288|[from] item: Leftovers\n|upkeep\n|turn|67\n|\n|t:|1782830591\n|move|p1a: Corviknight|U-turn|p2a: Dusknoir\n|-resisted|p2a: Dusknoir\n|-damage|p2a: Dusknoir|211/225\n|\n|t:|1782830593\n|switch|p1a: Wigglytuff|Wigglytuff, L96, M|224/424 brn|[from] U-turn\n|move|p2a: Dusknoir|Will-O-Wisp|p1a: Wigglytuff\n|-fail|p1a: Wigglytuff|brn\n|\n|-heal|p1a: Wigglytuff|250/424 brn|[from] item: Leftovers\n|-heal|p2a: Dusknoir|225/225|[from] item: Leftovers\n|-damage|p1a: Wigglytuff|224/424 brn|[from] brn\n|upkeep\n|turn|68\n|\n|t:|1782830598\n|move|p1a: Wigglytuff|Protect|p1a: Wigglytuff\n|-singleturn|p1a: Wigglytuff|Protect\n|move|p2a: Dusknoir|Earthquake|p1a: Wigglytuff\n|-activate|p1a: Wigglytuff|move: Protect\n|\n|-heal|p1a: Wigglytuff|250/424 brn|[from] item: Leftovers\n|-damage|p1a: Wigglytuff|224/424 brn|[from] brn\n|upkeep\n|turn|69\n|\n|t:|1782830603\n|switch|p1a: Corviknight|Corviknight, L80, M|190/288\n|-ability|p1a: Corviknight|Pressure\n|move|p2a: Dusknoir|Pain Split|p1a: Corviknight\n|-sethp|p1a: Corviknight|207/288|[from] move: Pain Split|[silent]\n|-sethp|p2a: Dusknoir|207/225|[from] move: Pain Split\n|\n|-heal|p1a: Corviknight|225/288|[from] item: Leftovers\n|-heal|p2a: Dusknoir|221/225|[from] item: Leftovers\n|upkeep\n|turn|70\n|\n|t:|1782830608\n|move|p1a: Corviknight|U-turn|p2a: Dusknoir\n|-resisted|p2a: Dusknoir\n|-damage|p2a: Dusknoir|206/225\n|\n|t:|1782830611\n|switch|p1a: Wigglytuff|Wigglytuff, L96, M|224/424 brn|[from] U-turn\n|move|p2a: Dusknoir|Will-O-Wisp|p1a: Wigglytuff\n|-fail|p1a: Wigglytuff|brn\n|\n|-heal|p1a: Wigglytuff|250/424 brn|[from] item: Leftovers\n|-heal|p2a: Dusknoir|220/225|[from] item: Leftovers\n|-damage|p1a: Wigglytuff|224/424 brn|[from] brn\n|upkeep\n|turn|71\n|\n|t:|1782830624\n|move|p1a: Wigglytuff|Fire Blast|p2a: Dusknoir\n|-damage|p2a: Dusknoir|162/225\n|move|p2a: Dusknoir|Pain Split|p1a: Wigglytuff\n|-sethp|p1a: Wigglytuff|193/424 brn|[from] move: Pain Split|[silent]\n|-sethp|p2a: Dusknoir|193/225|[from] move: Pain Split\n|\n|-heal|p1a: Wigglytuff|219/424 brn|[from] item: Leftovers\n|-heal|p2a: Dusknoir|207/225|[from] item: Leftovers\n|-damage|p1a: Wigglytuff|193/424 brn|[from] brn\n|upkeep\n|turn|72\n|\n|t:|1782830631\n|move|p1a: Wigglytuff|Protect|p1a: Wigglytuff\n|-singleturn|p1a: Wigglytuff|Protect\n|move|p2a: Dusknoir|Will-O-Wisp|p1a: Wigglytuff\n|-activate|p1a: Wigglytuff|move: Protect\n|\n|-heal|p1a: Wigglytuff|219/424 brn|[from] item: Leftovers\n|-heal|p2a: Dusknoir|221/225|[from] item: Leftovers\n|-damage|p1a: Wigglytuff|193/424 brn|[from] brn\n|upkeep\n|turn|73\n|\n|t:|1782830637\n|move|p1a: Wigglytuff|Dazzling Gleam|p2a: Dusknoir\n|-damage|p2a: Dusknoir|157/225\n|move|p2a: Dusknoir|Earthquake|p1a: Wigglytuff\n|-damage|p1a: Wigglytuff|89/424 brn\n|\n|-heal|p1a: Wigglytuff|115/424 brn|[from] item: Leftovers\n|-heal|p2a: Dusknoir|171/225|[from] item: Leftovers\n|-damage|p1a: Wigglytuff|89/424 brn|[from] brn\n|upkeep\n|turn|74\n|\n|t:|1782830644\n|move|p1a: Wigglytuff|Dazzling Gleam|p2a: Dusknoir\n|-damage|p2a: Dusknoir|104/225\n|move|p2a: Dusknoir|Will-O-Wisp|p1a: Wigglytuff|[miss]\n|-miss|p2a: Dusknoir|p1a: Wigglytuff\n|\n|-heal|p1a: Wigglytuff|115/424 brn|[from] item: Leftovers\n|-heal|p2a: Dusknoir|118/225|[from] item: Leftovers\n|-damage|p1a: Wigglytuff|89/424 brn|[from] brn\n|upkeep\n|turn|75\n|\n|t:|1782830652\n|switch|p1a: Mesprit|Mesprit, L85|275/275\n|move|p2a: Dusknoir|Earthquake|p1a: Mesprit\n|-immune|p1a: Mesprit|[from] ability: Levitate\n|\n|-heal|p2a: Dusknoir|132/225|[from] item: Leftovers\n|upkeep\n|turn|76\n|\n|t:|1782830657\n|move|p1a: Mesprit|Psychic|p2a: Dusknoir\n|-damage|p2a: Dusknoir|23/225\n|move|p2a: Dusknoir|Poltergeist|p1a: Mesprit\n|-activate|p1a: Mesprit|move: Poltergeist|Choice Specs\n|-supereffective|p1a: Mesprit\n|-damage|p1a: Mesprit|23/275\n|\n|-heal|p2a: Dusknoir|37/225|[from] item: Leftovers\n|upkeep\n|turn|77\n|\n|t:|1782830665\n|move|p1a: Mesprit|Psychic|p2a: Dusknoir\n|-damage|p2a: Dusknoir|0 fnt\n|faint|p2a: Dusknoir\n|\n|upkeep\n|\n|t:|1782830670\n|switch|p2a: Keldeo|Keldeo-Resolute, L79|135/273\n|turn|78\n|\n|t:|1782830675\n|move|p2a: Keldeo|Flip Turn|p1a: Mesprit\n|-damage|p1a: Mesprit|0 fnt\n|faint|p1a: Mesprit\n|\n|t:|1782830682\n|switch|p2a: Ambipom|Ambipom, L84, M|263/263|[from] Flip Turn\n|\n|upkeep\n|\n|t:|1782830685\n|switch|p1a: Corviknight|Corviknight, L80, M|225/288\n|-ability|p1a: Corviknight|Pressure\n|turn|79\n|\n|t:|1782830689\n|move|p2a: Ambipom|U-turn|p1a: Corviknight\n|-resisted|p1a: Corviknight\n|-damage|p1a: Corviknight|207/288\n|\n|t:|1782830693\n|switch|p2a: Lycanroc|Lycanroc-Dusk, L81, F|254/254|[from] U-turn\n|move|p1a: Corviknight|U-turn|p2a: Lycanroc\n|-damage|p2a: Lycanroc|201/254\n|\n|t:|1782830697\n|switch|p1a: Blaziken|Blaziken, L76, F|247/247|[from] U-turn\n|\n|upkeep\n|turn|80\n|\n|t:|1782830701\n|move|p1a: Blaziken|Protect|p1a: Blaziken\n|-singleturn|p1a: Blaziken|Protect\n|move|p2a: Lycanroc|Swords Dance|p2a: Lycanroc\n|-boost|p2a: Lycanroc|atk|2\n|\n|-ability|p1a: Blaziken|Speed Boost|boost\n|-boost|p1a: Blaziken|spe|1\n|upkeep\n|turn|81\n|\n|t:|1782830709\n|-terastallize|p1a: Blaziken|Fighting\n|-terastallize|p2a: Lycanroc|Fighting\n|move|p1a: Blaziken|Swords Dance|p1a: Blaziken\n|-boost|p1a: Blaziken|atk|2\n|move|p2a: Lycanroc|Psychic Fangs|p1a: Blaziken\n|-supereffective|p1a: Blaziken\n|-damage|p1a: Blaziken|0 fnt\n|faint|p1a: Blaziken\n|-damage|p2a: Lycanroc|176/254|[from] item: Life Orb\n|\n|upkeep\n|-message|prochain1 forfeited.\n|\n|win|andromedus76\n|raw|prochain1's rating: 1674 &rarr; <strong>1655</strong><br />(-19 for losing)\n|raw|andromedus76's rating: 1684 &rarr; <strong>1703</strong><br />(+19 for winning)\n|l|\u2606prochain1\n|player|p1|\n", "inputlog": ">version f8ac14003a5f27e1bdc8d8c59608a773c1cb96e5\n>start {\"formatid\":\"gen9randombattle\",\"seed\":\"sodium,b713f8692a5ac81dc12b8833b549eeb5\",\"rated\":\"Rated battle\"}\n>player p1 {\"name\":\"prochain1\",\"avatar\":\"whitney\",\"rating\":1674,\"seed\":\"sodium,e8d083582567949fca2a8378fda2413b\"}\n>player p2 {\"name\":\"andromedus76\",\"avatar\":\"wallace\",\"rating\":1684,\"seed\":\"sodium,fbf36b38c6f7307548933f25ba5ac7ce\"}\n>p1 switch 4\n>p2 move earthpower\n>p1 move uturn\n>p2 move shadowball\n>p1 switch 6\n>p1 move dazzlinggleam\n>p2 move sludgebomb\n>p1 move protect\n>p2 switch 6\n>p1 switch 3\n>p2 move shiftgear\n>p1 move psychicfangs\n>p2 move boomburst\n>p1 move psychicfangs\n>p2 move boomburst\n>p2 switch 3\n>p1 move drainpunch\n>p2 move knockoff\n>p1 switch 4\n>p1 move protect\n>p2 switch 6\n>p1 switch 6\n>p2 move earthpower\n>p1 move bravebird\n>p2 move sludgebomb\n>p1 move uturn\n>p2 move shoreup\n>p1 switch 3\n>p1 move protect\n>p2 move sludgebomb\n>p1 switch 3\n>p2 move sludgebomb\n>p1 move uturn\n>p2 move shadowball\n>p1 switch 3\n>p1 move protect\n>p2 move sludgebomb\n>p1 move wish\n>p2 move shadowball\n>p1 switch 3\n>p2 move shadowball\n>p1 move bravebird\n>p2 switch 2\n>p1 move uturn\n>p2 move willowisp\n>p1 switch 3\n>p1 move wish\n>p2 move earthquake\n>p1 move dazzlinggleam\n>p2 move painsplit\n>p1 move wish\n>p2 move painsplit\n>p1 move protect\n>p2 move earthquake\n>p1 move wish\n>p2 move earthquake\n>p1 move dazzlinggleam\n>p2 move painsplit\n>p1 move wish\n>p2 move earthquake\n>p1 move dazzlinggleam\n>p2 move painsplit\n>p1 move wish\n>p2 move earthquake\n>p1 switch 6\n>p2 move painsplit\n>p1 switch 6\n>p2 move earthquake\n>p1 move wish\n>p2 move earthquake\n>p1 move protect\n>p2 move earthquake\n>p1 move wish\n>p2 move earthquake\n>p1 move protect\n>p2 move earthquake\n>p1 move wish\n>p2 move painsplit\n>p1 move fireblast\n>p2 move painsplit\n>p1 move wish\n>p2 move painsplit\n>p1 move fireblast\n>p2 move willowisp\n>p1 move fireblast\n>p2 move painsplit\n>p1 move wish\n>p2 move willowisp\n>p1 move dazzlinggleam\n>p2 move painsplit\n>p1 move protect\n>p2 move willowisp\n>p1 move wish\n>p2 move earthquake\n>p1 switch 2\n>p2 move painsplit\n>p1 move curse\n>p2 switch 5\n>p1 move curse\n>p2 move hydropump\n>p1 move rest\n>p2 move hydropump\n>p1 move sleeptalk\n>p2 switch 2\n>p2 switch 2\n>p1 move sleeptalk\n>p2 move hydropump\n>p1 move rest\n>p2 move hydropump\n>p1 move sleeptalk\n>p2 move hydropump\n>p1 move sleeptalk\n>p2 move hydropump\n>p1 move rest\n>p2 move hydropump\n>p1 switch 2\n>p1 move dazzlinggleam\n>p2 switch 5\n>p1 move fireblast\n>p2 move painsplit\n>p1 move wish\n>p2 move earthquake\n>p1 move protect\n>p2 move willowisp\n>p1 move wish\n>p2 move painsplit\n>p1 move fireblast\n>p2 move willowisp\n>p1 move fireblast\n>p2 move painsplit\n>p1 move fireblast\n>p2 move painsplit\n>p1 move wish\n>p2 move painsplit\n>p1 switch 6\n>p2 move willowisp\n>p1 move protect\n>p2 move poltergeist\n>p1 switch 3\n>p2 move poltergeist\n>p1 move uturn\n>p2 move willowisp\n>p1 switch 6\n>p1 move protect\n>p2 move earthquake\n>p1 switch 6\n>p2 move painsplit\n>p1 move uturn\n>p2 move willowisp\n>p1 switch 6\n>p1 move fireblast\n>p2 move painsplit\n>p1 move protect\n>p2 move willowisp\n>p1 move dazzlinggleam\n>p2 move earthquake\n>p1 move dazzlinggleam\n>p2 move willowisp\n>p1 switch 5\n>p2 move earthquake\n>p1 move psychic\n>p2 move poltergeist\n>p1 move psychic\n>p2 move poltergeist\n>p2 switch 5\n>p1 move psychic\n>p2 move flipturn\n>p2 switch 6\n>p1 switch 6\n>p1 move uturn\n>p2 move uturn\n>p2 switch 4\n>p1 switch 3\n>p1 move protect\n>p2 move swordsdance\n>p1 move swordsdance terastallize\n>p2 move psychicfangs terastallize\n>forcelose p1", "uploadtime": 1782830725, "views": 2, "formatid": "gen9randombattle", "rating": 1655, "private": 0, "password": null, "player_dets": [{"name": "prochain1", "avatar": "whitney", "rating": 1674, "seed": "sodium,e8d083582567949fca2a8378fda2413b"}, {"name": "andromedus76", "avatar": "wallace", "rating": 1684, "seed": "sodium,fbf36b38c6f7307548933f25ba5ac7ce"}], "teams_full": [{"Blaziken": {"name": "Blaziken", "species": "Blaziken", "speciesId": "blaziken", "gender": "F", "shiny": false, "level": 76, "moves": ["closecombat", "protect", "flareblitz", "swordsdance"], "ability": "Speed Boost", "evs": {"hp": 85, "atk": 85, "def": 85, "spa": 85, "spd": 85, "spe": 85}, "ivs": {"hp": 31, "atk": 31, "def": 31, "spa": 31, "spd": 31, "spe": 31}, "item": "Life Orb", "teraType": "Fighting", "role": "Setup Sweeper", "bvs": {"hp": 80, "atk": 120, "def": 70, "spa": 110, "spd": 70, "spe": 80}, "stats": {"hp": 247, "atk": 226, "def": 150, "spa": 211, "spd": 150, "spe": 166}, "types": ["Fire", "Fighting"]}, "Dondozo": {"name": "Dondozo", "species": "Dondozo", "speciesId": "dondozo", "gender": "F", "shiny": false, "level": 78, "moves": ["rest", "sleeptalk", "wavecrash", "curse"], "ability": "Unaware", "evs": {"hp": 85, "atk": 85, "def": 85, "spa": 85, "spd": 85, "spe": 85}, "ivs": {"hp": 31, "atk": 31, "def": 31, "spa": 31, "spd": 31, "spe": 31}, "item": "Leftovers", "teraType": "Fairy", "role": "Bulky Setup", "bvs": {"hp": 150, "atk": 100, "def": 115, "spa": 65, "spd": 65, "spe": 35}, "stats": {"hp": 362, "atk": 201, "def": 224, "spa": 146, "spd": 146, "spe": 100}, "types": ["Water"]}, "Okidogi": {"name": "Okidogi", "species": "Okidogi", "speciesId": "okidogi", "gender": "M", "shiny": false, "level": 77, "moves": ["knockoff", "drainpunch", "psychicfangs", "gunkshot"], "ability": "Toxic Chain", "evs": {"hp": 85, "atk": 85, "def": 85, "spa": 85, "spd": 85, "spe": 85}, "ivs": {"hp": 31, "atk": 31, "def": 31, "spa": 31, "spd": 31, "spe": 31}, "item": "Assault Vest", "teraType": "Dark", "role": "AV Pivot", "bvs": {"hp": 88, "atk": 128, "def": 115, "spa": 58, "spd": 86, "spe": 80}, "stats": {"hp": 262, "atk": 242, "def": 222, "spa": 134, "spd": 177, "spe": 168}, "types": ["Poison", "Fighting"]}, "Corviknight": {"name": "Corviknight", "species": "Corviknight", "speciesId": "corviknight", "gender": "M", "shiny": false, "level": 80, "moves": ["roost", "bravebird", "uturn", "defog"], "ability": "Pressure", "evs": {"hp": 85, "atk": 85, "def": 85, "spa": 85, "spd": 85, "spe": 85}, "ivs": {"hp": 31, "atk": 31, "def": 31, "spa": 31, "spd": 31, "spe": 31}, "item": "Leftovers", "teraType": "Dragon", "role": "Bulky Support", "bvs": {"hp": 98, "atk": 87, "def": 105, "spa": 53, "spd": 85, "spe": 67}, "stats": {"hp": 288, "atk": 185, "def": 214, "spa": 131, "spd": 182, "spe": 153}, "types": ["Flying", "Steel"]}, "Mesprit": {"name": "Mesprit", "species": "Mesprit", "speciesId": "mesprit", "gender": "N", "shiny": false, "level": 85, "moves": ["uturn", "dazzlinggleam", "thunderbolt", "psychic"], "ability": "Levitate", "evs": {"hp": 85, "atk": 85, "def": 85, "spa": 85, "spd": 85, "spe": 85}, "ivs": {"hp": 31, "atk": 31, "def": 31, "spa": 31, "spd": 31, "spe": 31}, "item": "Choice Specs", "teraType": "Fairy", "role": "Fast Attacker", "bvs": {"hp": 80, "atk": 105, "def": 105, "spa": 105, "spd": 105, "spe": 80}, "stats": {"hp": 275, "atk": 227, "def": 227, "spa": 227, "spd": 227, "spe": 185}, "types": ["Psychic"]}, "Wigglytuff": {"name": "Wigglytuff", "species": "Wigglytuff", "speciesId": "wigglytuff", "gender": "M", "shiny": false, "level": 96, "moves": ["fireblast", "dazzlinggleam", "protect", "wish"], "ability": "Competitive", "evs": {"hp": 85, "atk": 0, "def": 85, "spa": 85, "spd": 85, "spe": 85}, "ivs": {"hp": 31, "atk": 0, "def": 31, "spa": 31, "spd": 31, "spe": 31}, "item": "Leftovers", "teraType": "Steel", "role": "Bulky Support", "bvs": {"hp": 140, "atk": 70, "def": 45, "spa": 85, "spd": 50, "spe": 45}, "stats": {"hp": 424, "atk": 139, "def": 141, "spa": 218, "spd": 150, "spe": 141}, "types": ["Normal", "Fairy"]}}, {"Palossand": {"name": "Palossand", "species": "Palossand", "speciesId": "palossand", "gender": "M", "shiny": false, "level": 89, "moves": ["shadowball", "sludgebomb", "shoreup", "earthpower"], "ability": "Water Compaction", "evs": {"hp": 85, "atk": 0, "def": 85, "spa": 85, "spd": 85, "spe": 85}, "ivs": {"hp": 31, "atk": 0, "def": 31, "spa": 31, "spd": 31, "spe": 31}, "item": "Leftovers", "teraType": "Water", "role": "Bulky Support", "bvs": {"hp": 85, "atk": 75, "def": 110, "spa": 100, "spd": 75, "spe": 35}, "stats": {"hp": 296, "atk": 138, "def": 247, "spa": 229, "spd": 184, "spe": 113}, "types": ["Ghost", "Ground"]}, "Dusknoir": {"name": "Dusknoir", "species": "Dusknoir", "speciesId": "dusknoir", "gender": "F", "shiny": false, "level": 89, "moves": ["painsplit", "earthquake", "willowisp", "poltergeist"], "ability": "Frisk", "evs": {"hp": 85, "atk": 85, "def": 85, "spa": 85, "spd": 85, "spe": 85}, "ivs": {"hp": 31, "atk": 31, "def": 31, "spa": 31, "spd": 31, "spe": 31}, "item": "Leftovers", "teraType": "Fairy", "role": "Bulky Support", "bvs": {"hp": 45, "atk": 100, "def": 135, "spa": 65, "spd": 135, "spe": 45}, "stats": {"hp": 225, "atk": 229, "def": 291, "spa": 166, "spd": 291, "spe": 131}, "types": ["Ghost"]}, "Ambipom": {"name": "Ambipom", "species": "Ambipom", "speciesId": "ambipom", "gender": "M", "shiny": false, "level": 84, "moves": ["tripleaxel", "uturn", "knockoff", "doubleedge"], "ability": "Technician", "evs": {"hp": 85, "atk": 85, "def": 85, "spa": 85, "spd": 85, "spe": 85}, "ivs": {"hp": 31, "atk": 31, "def": 31, "spa": 31, "spd": 31, "spe": 31}, "item": "Choice Band", "teraType": "Ice", "role": "Fast Attacker", "bvs": {"hp": 75, "atk": 100, "def": 66, "spa": 60, "spd": 66, "spe": 115}, "stats": {"hp": 263, "atk": 216, "def": 159, "spa": 149, "spd": 159, "spe": 241}, "types": ["Normal"]}, "Lycanroc": {"name": "Lycanroc", "species": "Lycanroc-Dusk", "speciesId": "lycanrocdusk", "gender": "F", "shiny": false, "level": 81, "moves": ["stoneedge", "psychicfangs", "swordsdance", "closecombat"], "ability": "Tough Claws", "evs": {"hp": 85, "atk": 85, "def": 85, "spa": 85, "spd": 85, "spe": 85}, "ivs": {"hp": 31, "atk": 31, "def": 31, "spa": 31, "spd": 31, "spe": 31}, "item": "Life Orb", "teraType": "Fighting", "role": "Setup Sweeper", "bvs": {"hp": 75, "atk": 117, "def": 65, "spa": 55, "spd": 65, "spe": 110}, "stats": {"hp": 254, "atk": 236, "def": 152, "spa": 136, "spd": 152, "spe": 225}, "types": ["Rock"]}, "Keldeo": {"name": "Keldeo", "species": "Keldeo-Resolute", "speciesId": "keldeoresolute", "gender": "N", "shiny": false, "level": 79, "moves": ["flipturn", "secretsword", "hydropump", "vacuumwave"], "ability": "Justified", "evs": {"hp": 85, "atk": 85, "def": 85, "spa": 85, "spd": 85, "spe": 85}, "ivs": {"hp": 31, "atk": 31, "def": 31, "spa": 31, "spd": 31, "spe": 31}, "item": "Choice Specs", "teraType": "Fighting", "role": "Fast Attacker", "bvs": {"hp": 91, "atk": 72, "def": 90, "spa": 129, "spd": 90, "spe": 108}, "stats": {"hp": 273, "atk": 159, "def": 188, "spa": 249, "spd": 188, "spe": 216}, "types": ["Water", "Fighting"]}, "Toxtricity": {"name": "Toxtricity", "species": "Toxtricity", "speciesId": "toxtricity", "gender": "M", "shiny": false, "level": 82, "moves": ["gunkshot", "shiftgear", "boomburst", "overdrive"], "ability": "Punk Rock", "evs": {"hp": 85, "atk": 85, "def": 85, "spa": 85, "spd": 85, "spe": 85}, "ivs": {"hp": 31, "atk": 31, "def": 31, "spa": 31, "spd": 31, "spe": 31}, "item": "Throat Spray", "teraType": "Normal", "role": "Setup Sweeper", "bvs": {"hp": 75, "atk": 98, "def": 70, "spa": 114, "spd": 70, "spe": 75}, "stats": {"hp": 257, "atk": 208, "def": 162, "spa": 234, "spd": 162, "spe": 170}, "types": ["Electric", "Poison"]}}]}