{"id": "gen9randombattle-2641509452", "format": "[Gen 9] Random Battle", "players": ["andonibavi", "mindfreak371379"], "log": "|j|\u2606andonibavi\n|j|\u2606mindfreak371379\n|t:|1782797273\n|gametype|singles\n|player|p1|andonibavi|266|2157\n|player|p2|mindfreak371379|265|2088\n|gen|9\n|tier|[Gen 9] Random Battle\n|rated|\n|rule|Species Clause: Limit one of each Pok\u00e9mon\n|rule|HP Percentage Mod: HP is shown in percentages\n|rule|Sleep Clause Mod: Limit one foe put to sleep\n|rule|Illusion Level Mod: Illusion disguises the Pok\u00e9mon's true level\n|\n|t:|1782797273\n|teamsize|p1|6\n|teamsize|p2|6\n|start\n|switch|p1a: Dipplin|Dipplin, L88, F|284/284\n|switch|p2a: Electrode|Electrode, L92|260/260\n|turn|1\n|\n|t:|1782797288\n|switch|p1a: Swampert|Swampert, L83, F|302/302\n|move|p2a: Electrode|Volt Switch|p1a: Swampert\n|-immune|p1a: Swampert\n|\n|upkeep\n|turn|2\n|\n|t:|1782797302\n|move|p2a: Electrode|Taunt|p1a: Swampert\n|-start|p1a: Swampert|move: Taunt\n|move|p1a: Swampert|Flip Turn|p2a: Electrode\n|-damage|p2a: Electrode|185/260\n|inactive|Battle timer is ON: inactive players will automatically lose when time's up. (requested by mindfreak371379)\n|\n|t:|1782797312\n|switch|p1a: Dipplin|Dipplin, L88, F|284/284|[from] Flip Turn\n|\n|upkeep\n|turn|3\n|\n|t:|1782797317\n|switch|p2a: Sawsbuck|Sawsbuck-Summer, L88, F|284/284\n|switch|p1a: Swampert|Swampert, L83, F|302/302\n|\n|upkeep\n|turn|4\n|\n|t:|1782797327\n|switch|p1a: Vespiquen|Vespiquen, L99, F|299/299\n|-ability|p1a: Vespiquen|Pressure\n|move|p2a: Sawsbuck|Swords Dance|p2a: Sawsbuck\n|-boost|p2a: Sawsbuck|atk|2\n|\n|upkeep\n|turn|5\n|\n|t:|1782797331\n|move|p2a: Sawsbuck|Headbutt|p1a: Vespiquen\n|-damage|p1a: Vespiquen|124/299\n|-damage|p2a: Sawsbuck|256/284|[from] item: Life Orb\n|move|p1a: Vespiquen|Air Slash|p2a: Sawsbuck\n|-supereffective|p2a: Sawsbuck\n|-damage|p2a: Sawsbuck|32/284\n|\n|upkeep\n|turn|6\n|\n|t:|1782797338\n|switch|p1a: Dipplin|Dipplin, L88, F|284/284\n|move|p2a: Sawsbuck|Headbutt|p1a: Dipplin\n|-damage|p1a: Dipplin|170/284\n|-damage|p2a: Sawsbuck|4/284|[from] item: Life Orb\n|\n|upkeep\n|turn|7\n|\n|t:|1782797342\n|switch|p2a: Sableye|Sableye, L88, F|231/231\n|move|p1a: Dipplin|Sucker Punch||[still]\n|-fail|p1a: Dipplin\n|\n|upkeep\n|turn|8\n|\n|t:|1782797351\n|switch|p1a: Umbreon|Umbreon, L84, M|297/297\n|move|p2a: Sableye|Knock Off|p1a: Umbreon\n|-resisted|p1a: Umbreon\n|-damage|p1a: Umbreon|256/297\n|-enditem|p1a: Umbreon|Leftovers|[from] move: Knock Off|[of] p2a: Sableye\n|\n|upkeep\n|turn|9\n|\n|t:|1782797361\n|switch|p2a: Toxtricity|Toxtricity, L82, F|257/257\n|move|p1a: Umbreon|Toxic|p2a: Toxtricity\n|-immune|p2a: Toxtricity\n|\n|upkeep\n|turn|10\n|\n|t:|1782797368\n|move|p2a: Toxtricity|Gunk Shot|p1a: Umbreon\n|-damage|p1a: Umbreon|162/297\n|-status|p1a: Umbreon|psn\n|-activate|p1a: Umbreon|ability: Synchronize\n|-immune|p2a: Toxtricity\n|move|p1a: Umbreon|Wish|p1a: Umbreon\n|\n|-damage|p1a: Umbreon|125/297 psn|[from] psn\n|upkeep\n|turn|11\n|\n|t:|1782797379\n|switch|p1a: Swampert|Swampert, L83, F|302/302\n|move|p2a: Toxtricity|Shift Gear|p2a: Toxtricity\n|-boost|p2a: Toxtricity|spe|2\n|-boost|p2a: Toxtricity|atk|1\n|\n|upkeep\n|turn|12\n|\n|t:|1782797387\n|switch|p2a: Articuno|Articuno, L86|295/295\n|-ability|p2a: Articuno|Pressure\n|move|p1a: Swampert|Stealth Rock|p2a: Articuno\n|-sidestart|p2: mindfreak371379|move: Stealth Rock\n|\n|upkeep\n|turn|13\n|\n|t:|1782797398\n|switch|p1a: Ampharos|Ampharos, L88, F|302/302\n|move|p2a: Articuno|Substitute|p2a: Articuno\n|-start|p2a: Articuno|Substitute\n|-damage|p2a: Articuno|222/295\n|\n|upkeep\n|turn|14\n|\n|t:|1782797406\n|move|p2a: Articuno|Freeze-Dry|p1a: Ampharos\n|-damage|p1a: Ampharos|235/302\n|move|p1a: Ampharos|Thunderbolt|p2a: Articuno\n|-supereffective|p2a: Articuno\n|-end|p2a: Articuno|Substitute\n|-damage|p1a: Ampharos|205/302|[from] item: Life Orb\n|\n|upkeep\n|turn|15\n|\n|t:|1782797415\n|move|p2a: Articuno|Substitute|p2a: Articuno\n|-start|p2a: Articuno|Substitute\n|-damage|p2a: Articuno|149/295\n|move|p1a: Ampharos|Agility|p1a: Ampharos\n|-boost|p1a: Ampharos|spe|2\n|\n|upkeep\n|turn|16\n|\n|t:|1782797427\n|move|p1a: Ampharos|Thunderbolt|p2a: Articuno\n|-supereffective|p2a: Articuno\n|-end|p2a: Articuno|Substitute\n|-damage|p1a: Ampharos|175/302|[from] item: Life Orb\n|move|p2a: Articuno|Substitute|p2a: Articuno\n|-start|p2a: Articuno|Substitute\n|-damage|p2a: Articuno|76/295\n|\n|upkeep\n|turn|17\n|\n|t:|1782797434\n|move|p1a: Ampharos|Thunderbolt|p2a: Articuno\n|-supereffective|p2a: Articuno\n|-end|p2a: Articuno|Substitute\n|-damage|p1a: Ampharos|145/302|[from] item: Life Orb\n|move|p2a: Articuno|Roost|p2a: Articuno\n|-heal|p2a: Articuno|224/295\n|-singleturn|p2a: Articuno|move: Roost\n|\n|upkeep\n|turn|18\n|\n|t:|1782797450\n|switch|p2a: Toxtricity|Toxtricity, L82, F|257/257\n|-damage|p2a: Toxtricity|225/257|[from] Stealth Rock\n|move|p1a: Ampharos|Thunderbolt|p2a: Toxtricity\n|-resisted|p2a: Toxtricity\n|-damage|p2a: Toxtricity|134/257\n|-damage|p1a: Ampharos|115/302|[from] item: Life Orb\n|\n|upkeep\n|turn|19\n|\n|t:|1782797473\n|move|p1a: Ampharos|Thunderbolt|p2a: Toxtricity\n|-resisted|p2a: Toxtricity\n|-damage|p2a: Toxtricity|38/257\n|-damage|p1a: Ampharos|85/302|[from] item: Life Orb\n|move|p2a: Toxtricity|Boomburst|p1a: Ampharos\n|-damage|p1a: Ampharos|0 fnt\n|faint|p1a: Ampharos\n|-enditem|p2a: Toxtricity|Throat Spray\n|-boost|p2a: Toxtricity|spa|1|[from] item: Throat Spray\n|\n|upkeep\n|inactive|andonibavi has 120 seconds left.\n|\n|t:|1782797489\n|switch|p1a: Dipplin|Dipplin, L88, F|170/284\n|turn|20\n|\n|t:|1782797503\n|switch|p2a: Sableye|Sableye, L88, F|231/231\n|-damage|p2a: Sableye|203/231|[from] Stealth Rock\n|move|p1a: Dipplin|Sucker Punch||[still]\n|-fail|p1a: Dipplin\n|\n|-heal|p2a: Sableye|217/231|[from] item: Leftovers\n|upkeep\n|turn|21\n|\n|t:|1782797514\n|switch|p2a: Electrode|Electrode, L92|185/260\n|-damage|p2a: Electrode|153/260|[from] Stealth Rock\n|move|p1a: Dipplin|Dragon Pulse|p2a: Electrode\n|-damage|p2a: Electrode|53/260\n|\n|upkeep\n|turn|22\n|\n|t:|1782797524\n|switch|p1a: Swampert|Swampert, L83, F|302/302\n|move|p2a: Electrode|Taunt|p1a: Swampert\n|-start|p1a: Swampert|move: Taunt\n|\n|upkeep\n|turn|23\n|\n|t:|1782797530\n|switch|p2a: Sableye|Sableye, L88, F|217/231\n|-damage|p2a: Sableye|189/231|[from] Stealth Rock\n|move|p1a: Swampert|Flip Turn|p2a: Sableye\n|-damage|p2a: Sableye|114/231\n|\n|t:|1782797548\n|switch|p1a: Vespiquen|Vespiquen, L99, F|124/299|[from] Flip Turn\n|-ability|p1a: Vespiquen|Pressure\n|\n|-heal|p2a: Sableye|128/231|[from] item: Leftovers\n|upkeep\n|turn|24\n|\n|t:|1782797558\n|move|p2a: Sableye|Knock Off|p1a: Vespiquen\n|-damage|p1a: Vespiquen|58/299\n|-enditem|p1a: Vespiquen|Heavy-Duty Boots|[from] move: Knock Off|[of] p2a: Sableye\n|move|p1a: Vespiquen|Spikes|p2a: Sableye\n|-sidestart|p2: mindfreak371379|Spikes\n|\n|-heal|p2a: Sableye|142/231|[from] item: Leftovers\n|upkeep\n|turn|25\n|\n|t:|1782797564\n|switch|p1a: Umbreon|Umbreon, L84, M|125/297 psn\n|move|p2a: Sableye|Knock Off|p1a: Umbreon\n|-resisted|p1a: Umbreon\n|-damage|p1a: Umbreon|100/297 psn\n|\n|-heal|p2a: Sableye|156/231|[from] item: Leftovers\n|-damage|p1a: Umbreon|63/297 psn|[from] psn\n|upkeep\n|turn|26\n|\n|t:|1782797567\n|move|p1a: Umbreon|Wish|p1a: Umbreon\n|move|p2a: Sableye|Knock Off|p1a: Umbreon\n|-resisted|p1a: Umbreon\n|-damage|p1a: Umbreon|35/297 psn\n|\n|-heal|p2a: Sableye|170/231|[from] item: Leftovers\n|-damage|p1a: Umbreon|0 fnt|[from] psn\n|faint|p1a: Umbreon\n|upkeep\n|\n|t:|1782797578\n|switch|p1a: Vespiquen|Vespiquen, L99, F|58/299\n|-ability|p1a: Vespiquen|Pressure\n|turn|27\n|\n|t:|1782797585\n|move|p2a: Sableye|Knock Off|p1a: Vespiquen\n|-damage|p1a: Vespiquen|9/299\n|move|p1a: Vespiquen|Roost|p1a: Vespiquen\n|-heal|p1a: Vespiquen|159/299\n|-singleturn|p1a: Vespiquen|move: Roost\n|\n|-heal|p1a: Vespiquen|299/299|[from] move: Wish|[wisher] Umbreon\n|-heal|p2a: Sableye|184/231|[from] item: Leftovers\n|upkeep\n|turn|28\n|\n|t:|1782797594\n|switch|p1a: Dipplin|Dipplin, L88, F|170/284\n|move|p2a: Sableye|Encore||[still]\n|-fail|p2a: Sableye\n|\n|-heal|p2a: Sableye|198/231|[from] item: Leftovers\n|upkeep\n|turn|29\n|\n|t:|1782797601\n|move|p2a: Sableye|Knock Off|p1a: Dipplin\n|-damage|p1a: Dipplin|118/284\n|-activate|p1a: Dipplin|ability: Sticky Hold\n|move|p1a: Dipplin|Dragon Pulse|p2a: Sableye\n|-damage|p2a: Sableye|74/231\n|\n|-heal|p2a: Sableye|88/231|[from] item: Leftovers\n|upkeep\n|turn|30\n|\n|t:|1782797609\n|move|p2a: Sableye|Recover|p2a: Sableye\n|-heal|p2a: Sableye|204/231\n|move|p1a: Dipplin|Dragon Pulse|p2a: Sableye\n|-damage|p2a: Sableye|80/231\n|\n|-heal|p2a: Sableye|94/231|[from] item: Leftovers\n|upkeep\n|turn|31\n|\n|t:|1782797614\n|move|p2a: Sableye|Recover|p2a: Sableye\n|-heal|p2a: Sableye|210/231\n|move|p1a: Dipplin|Dragon Pulse|p2a: Sableye\n|-damage|p2a: Sableye|93/231\n|\n|-heal|p2a: Sableye|107/231|[from] item: Leftovers\n|upkeep\n|turn|32\n|\n|t:|1782797620\n|move|p2a: Sableye|Recover|p2a: Sableye\n|-heal|p2a: Sableye|223/231\n|move|p1a: Dipplin|Recover|p1a: Dipplin\n|-heal|p1a: Dipplin|260/284\n|\n|-heal|p2a: Sableye|231/231|[from] item: Leftovers\n|upkeep\n|turn|33\n|\n|t:|1782797624\n|switch|p1a: Vespiquen|Vespiquen, L99, F|299/299\n|-ability|p1a: Vespiquen|Pressure\n|move|p2a: Sableye|Knock Off|p1a: Vespiquen\n|-damage|p1a: Vespiquen|251/299\n|\n|upkeep\n|turn|34\n|\n|t:|1782797638\n|move|p2a: Sableye|Thunder Wave|p1a: Vespiquen\n|-status|p1a: Vespiquen|par\n|move|p1a: Vespiquen|Toxic Spikes|p2a: Sableye\n|-sidestart|p2: mindfreak371379|move: Toxic Spikes\n|\n|upkeep\n|turn|35\n|\n|t:|1782797644\n|move|p2a: Sableye|Encore|p1a: Vespiquen\n|-start|p1a: Vespiquen|Encore\n|move|p1a: Vespiquen|Toxic Spikes|p2a: Sableye\n|-sidestart|p2: mindfreak371379|move: Toxic Spikes\n|\n|upkeep\n|turn|36\n|\n|t:|1782797648\n|move|p2a: Sableye|Knock Off|p1a: Vespiquen\n|-damage|p1a: Vespiquen|205/299 par\n|cant|p1a: Vespiquen|par\n|\n|upkeep\n|turn|37\n|\n|t:|1782797652\n|switch|p1a: Dipplin|Dipplin, L88, F|260/284\n|move|p2a: Sableye|Thunder Wave|p1a: Dipplin\n|-status|p1a: Dipplin|par\n|\n|upkeep\n|turn|38\n|\n|t:|1782797655\n|move|p2a: Sableye|Knock Off|p1a: Dipplin\n|-damage|p1a: Dipplin|209/284 par\n|-activate|p1a: Dipplin|ability: Sticky Hold\n|move|p1a: Dipplin|Dragon Pulse|p2a: Sableye\n|-damage|p2a: Sableye|111/231\n|\n|-heal|p2a: Sableye|125/231|[from] item: Leftovers\n|upkeep\n|turn|39\n|\n|t:|1782797664\n|switch|p2a: Articuno|Articuno, L86|224/295\n|-ability|p2a: Articuno|Pressure\n|move|p1a: Dipplin|Dragon Pulse|p2a: Articuno\n|-damage|p2a: Articuno|146/295\n|\n|upkeep\n|turn|40\n|\n|t:|1782797693\n|switch|p1a: Vespiquen|Vespiquen, L99, F|205/299 par\n|-ability|p1a: Vespiquen|Pressure\n|move|p2a: Articuno|Substitute|p2a: Articuno\n|-start|p2a: Articuno|Substitute\n|-damage|p2a: Articuno|73/295\n|\n|upkeep\n|turn|41\n|inactive|andonibavi has 120 seconds left.\n|\n|t:|1782797709\n|move|p2a: Articuno|Roost|p2a: Articuno\n|-heal|p2a: Articuno|221/295\n|-singleturn|p2a: Articuno|move: Roost\n|cant|p1a: Vespiquen|par\n|\n|upkeep\n|turn|42\n|\n|t:|1782797715\n|move|p2a: Articuno|Freeze-Dry|p1a: Vespiquen\n|-supereffective|p1a: Vespiquen\n|-damage|p1a: Vespiquen|97/299 par\n|move|p1a: Vespiquen|Air Slash|p2a: Articuno\n|-activate|p2a: Articuno|move: Substitute|[damage]\n|\n|upkeep\n|turn|43\n|\n|t:|1782797725\n|-terastallize|p1a: Vespiquen|Steel\n|move|p2a: Articuno|Roost|p2a: Articuno\n|-heal|p2a: Articuno|295/295\n|-singleturn|p2a: Articuno|move: Roost\n|move|p1a: Vespiquen|Roost|p1a: Vespiquen\n|-heal|p1a: Vespiquen|247/299 par\n|\n|upkeep\n|turn|44\n|\n|t:|1782797736\n|move|p2a: Articuno|Freeze-Dry|p1a: Vespiquen\n|-resisted|p1a: Vespiquen\n|-damage|p1a: Vespiquen|215/299 par\n|move|p1a: Vespiquen|Spikes|p2a: Articuno\n|-sidestart|p2: mindfreak371379|Spikes\n|\n|upkeep\n|turn|45\n|\n|t:|1782797748\n|move|p2a: Articuno|Freeze-Dry|p1a: Vespiquen\n|-resisted|p1a: Vespiquen\n|-damage|p1a: Vespiquen|185/299 par\n|cant|p1a: Vespiquen|par\n|\n|upkeep\n|turn|46\n|\n|t:|1782797772\n|switch|p2a: Medicham|Medicham, L86, F|243/243\n|-damage|p2a: Medicham|228/243|[from] Stealth Rock\n|-damage|p2a: Medicham|188/243|[from] Spikes\n|-status|p2a: Medicham|tox\n|move|p1a: Vespiquen|Spikes|p2a: Medicham\n|-sidestart|p2: mindfreak371379|Spikes\n|\n|-damage|p2a: Medicham|173/243 tox|[from] psn\n|upkeep\n|turn|47\n|\n|t:|1782797788\n|switch|p1a: Dipplin|Dipplin, L88, F|209/284 par\n|move|p2a: Medicham|Close Combat|p1a: Dipplin\n|-damage|p1a: Dipplin|101/284 par\n|-unboost|p2a: Medicham|def|1\n|-unboost|p2a: Medicham|spd|1\n|\n|-damage|p2a: Medicham|143/243 tox|[from] psn\n|upkeep\n|turn|48\n|\n|t:|1782797794\n|move|p1a: Dipplin|Sucker Punch|p2a: Medicham\n|-damage|p2a: Medicham|71/243 tox\n|move|p2a: Medicham|Close Combat|p1a: Dipplin\n|-damage|p1a: Dipplin|2/284 par\n|-unboost|p2a: Medicham|def|1\n|-unboost|p2a: Medicham|spd|1\n|\n|-damage|p2a: Medicham|26/243 tox|[from] psn\n|upkeep\n|turn|49\n|\n|t:|1782797802\n|switch|p2a: Articuno|Articuno, L86|295/295\n|-ability|p2a: Articuno|Pressure\n|move|p1a: Dipplin|Sucker Punch||[still]\n|-fail|p1a: Dipplin\n|\n|upkeep\n|turn|50\n|\n|t:|1782797808\n|switch|p1a: Vespiquen|Vespiquen, L99, F, tera:Steel|185/299 par\n|-ability|p1a: Vespiquen|Pressure\n|move|p2a: Articuno|Substitute|p2a: Articuno\n|-start|p2a: Articuno|Substitute\n|-damage|p2a: Articuno|222/295\n|\n|upkeep\n|turn|51\n|\n|t:|1782797819\n|move|p2a: Articuno|Brave Bird|p1a: Vespiquen\n|-resisted|p1a: Vespiquen\n|-damage|p1a: Vespiquen|140/299 par\n|-damage|p2a: Articuno|207/295|[from] Recoil\n|cant|p1a: Vespiquen|par\n|\n|upkeep\n|turn|52\n|\n|t:|1782797827\n|move|p2a: Articuno|Brave Bird|p1a: Vespiquen\n|-resisted|p1a: Vespiquen\n|-damage|p1a: Vespiquen|90/299 par\n|-damage|p2a: Articuno|190/295|[from] Recoil\n|move|p1a: Vespiquen|Roost|p1a: Vespiquen\n|-heal|p1a: Vespiquen|240/299 par\n|\n|upkeep\n|turn|53\n|\n|t:|1782797836\n|move|p2a: Articuno|Brave Bird|p1a: Vespiquen\n|-resisted|p1a: Vespiquen\n|-damage|p1a: Vespiquen|192/299 par\n|-damage|p2a: Articuno|174/295|[from] Recoil\n|move|p1a: Vespiquen|Toxic Spikes||[still]\n|-fail|p1a: Vespiquen\n|\n|upkeep\n|turn|54\n|\n|t:|1782797846\n|move|p2a: Articuno|Roost|p2a: Articuno\n|-heal|p2a: Articuno|295/295\n|-singleturn|p2a: Articuno|move: Roost\n|move|p1a: Vespiquen|Air Slash|p2a: Articuno\n|-end|p2a: Articuno|Substitute\n|\n|upkeep\n|turn|55\n|\n|t:|1782797854\n|move|p2a: Articuno|Substitute|p2a: Articuno\n|-start|p2a: Articuno|Substitute\n|-damage|p2a: Articuno|222/295\n|move|p1a: Vespiquen|Air Slash|p2a: Articuno\n|-end|p2a: Articuno|Substitute\n|\n|upkeep\n|turn|56\n|\n|t:|1782797859\n|move|p2a: Articuno|Substitute|p2a: Articuno\n|-start|p2a: Articuno|Substitute\n|-damage|p2a: Articuno|149/295\n|move|p1a: Vespiquen|Air Slash|p2a: Articuno\n|-end|p2a: Articuno|Substitute\n|\n|upkeep\n|turn|57\n|\n|t:|1782797864\n|move|p2a: Articuno|Substitute|p2a: Articuno\n|-start|p2a: Articuno|Substitute\n|-damage|p2a: Articuno|76/295\n|move|p1a: Vespiquen|Air Slash|p2a: Articuno\n|-end|p2a: Articuno|Substitute\n|\n|upkeep\n|turn|58\n|\n|t:|1782797875\n|switch|p1a: Sunflora|Sunflora, F|312/312\n|move|p2a: Articuno|Substitute|p2a: Articuno\n|-start|p2a: Articuno|Substitute\n|-damage|p2a: Articuno|3/295\n|\n|upkeep\n|turn|59\n|\n|t:|1782797888\n|switch|p1a: Dipplin|Dipplin, L88, F|2/284 par\n|move|p2a: Articuno|Freeze-Dry|p1a: Dipplin\n|-supereffective|p1a: Dipplin\n|-damage|p1a: Dipplin|0 fnt\n|faint|p1a: Dipplin\n|\n|upkeep\n|\n|t:|1782797891\n|switch|p1a: Vespiquen|Vespiquen, L99, F, tera:Steel|192/299 par\n|-ability|p1a: Vespiquen|Pressure\n|turn|60\n|\n|t:|1782797899\n|move|p2a: Articuno|Roost|p2a: Articuno\n|-heal|p2a: Articuno|151/295\n|-singleturn|p2a: Articuno|move: Roost\n|move|p1a: Vespiquen|Air Slash|p2a: Articuno\n|-activate|p2a: Articuno|move: Substitute|[damage]\n|\n|upkeep\n|turn|61\n|\n|t:|1782797909\n|move|p2a: Articuno|Roost|p2a: Articuno\n|-heal|p2a: Articuno|295/295\n|-singleturn|p2a: Articuno|move: Roost\n|cant|p1a: Vespiquen|par\n|\n|upkeep\n|turn|62\n|\n|t:|1782797918\n|move|p2a: Articuno|Brave Bird|p1a: Vespiquen\n|-resisted|p1a: Vespiquen\n|-damage|p1a: Vespiquen|150/299 par\n|-damage|p2a: Articuno|281/295|[from] Recoil\n|cant|p1a: Vespiquen|par\n|\n|upkeep\n|turn|63\n|\n|t:|1782797926\n|move|p2a: Articuno|Brave Bird|p1a: Vespiquen\n|-resisted|p1a: Vespiquen\n|-damage|p1a: Vespiquen|105/299 par\n|-damage|p2a: Articuno|266/295|[from] Recoil\n|move|p1a: Vespiquen|Roost|p1a: Vespiquen\n|-heal|p1a: Vespiquen|255/299 par\n|\n|upkeep\n|turn|64\n|\n|t:|1782797942\n|move|p2a: Articuno|Brave Bird|p1a: Vespiquen\n|-resisted|p1a: Vespiquen\n|-damage|p1a: Vespiquen|206/299 par\n|-damage|p2a: Articuno|250/295|[from] Recoil\n|move|p1a: Vespiquen|Toxic Spikes||[still]\n|-fail|p1a: Vespiquen\n|\n|upkeep\n|turn|65\n|\n|t:|1782797954\n|switch|p2a: Sableye|Sableye, L88, F|125/231\n|-damage|p2a: Sableye|97/231|[from] Stealth Rock\n|-damage|p2a: Sableye|40/231|[from] Spikes\n|-status|p2a: Sableye|tox\n|move|p1a: Vespiquen|Toxic Spikes||[still]\n|-fail|p1a: Vespiquen\n|\n|-heal|p2a: Sableye|54/231 tox|[from] item: Leftovers\n|-damage|p2a: Sableye|40/231 tox|[from] psn\n|upkeep\n|turn|66\n|\n|t:|1782797967\n|switch|p1a: Swampert|Swampert, L83, F|302/302\n|move|p2a: Sableye|Encore||[still]\n|-fail|p2a: Sableye\n|\n|-heal|p2a: Sableye|54/231 tox|[from] item: Leftovers\n|-damage|p2a: Sableye|26/231 tox|[from] psn\n|upkeep\n|turn|67\n|\n|t:|1782797973\n|switch|p1a: Vespiquen|Vespiquen, L99, F, tera:Steel|206/299 par\n|-ability|p1a: Vespiquen|Pressure\n|move|p2a: Sableye|Recover|p2a: Sableye\n|-heal|p2a: Sableye|142/231 tox\n|\n|-heal|p2a: Sableye|156/231 tox|[from] item: Leftovers\n|-damage|p2a: Sableye|114/231 tox|[from] psn\n|upkeep\n|turn|68\n|\n|t:|1782797983\n|move|p2a: Sableye|Recover|p2a: Sableye\n|-heal|p2a: Sableye|230/231 tox\n|move|p1a: Vespiquen|Air Slash|p2a: Sableye\n|-damage|p2a: Sableye|109/231 tox\n|\n|-heal|p2a: Sableye|123/231 tox|[from] item: Leftovers\n|-damage|p2a: Sableye|67/231 tox|[from] psn\n|upkeep\n|turn|69\n|\n|t:|1782797991\n|switch|p2a: Articuno|Articuno, L86|250/295\n|-ability|p2a: Articuno|Pressure\n|switch|p1a: Swampert|Swampert, L83, F|302/302\n|\n|upkeep\n|turn|70\n|\n|t:|1782798010\n|switch|p2a: Sableye|Sableye, L88, F|67/231 tox\n|-damage|p2a: Sableye|39/231 tox|[from] Stealth Rock\n|-damage|p2a: Sableye|0 fnt|[from] Spikes\n|faint|p2a: Sableye\n|switch|p1a: Vespiquen|Vespiquen, L99, F, tera:Steel|206/299 par\n|-ability|p1a: Vespiquen|Pressure\n|\n|upkeep\n|\n|t:|1782798020\n|switch|p2a: Toxtricity|Toxtricity, L82, F|38/257\n|-damage|p2a: Toxtricity|6/257|[from] Stealth Rock\n|-damage|p2a: Toxtricity|0 fnt|[from] Spikes\n|faint|p2a: Toxtricity\n|\n|t:|1782798029\n|switch|p2a: Articuno|Articuno, L86|250/295\n|-ability|p2a: Articuno|Pressure\n|turn|71\n|\n|t:|1782798037\n|move|p2a: Articuno|Substitute|p2a: Articuno\n|-start|p2a: Articuno|Substitute\n|-damage|p2a: Articuno|177/295\n|move|p1a: Vespiquen|Spikes||[still]\n|-fail|p1a: Vespiquen\n|\n|upkeep\n|turn|72\n|\n|t:|1782798045\n|move|p2a: Articuno|Freeze-Dry|p1a: Vespiquen\n|-resisted|p1a: Vespiquen\n|-damage|p1a: Vespiquen|177/299 par\n|cant|p1a: Vespiquen|par\n|\n|upkeep\n|turn|73\n|\n|t:|1782798050\n|move|p2a: Articuno|Brave Bird|p1a: Vespiquen\n|-resisted|p1a: Vespiquen\n|-damage|p1a: Vespiquen|129/299 par\n|-damage|p2a: Articuno|161/295|[from] Recoil\n|move|p1a: Vespiquen|Spikes||[still]\n|-fail|p1a: Vespiquen\n|\n|upkeep\n|turn|74\n|\n|t:|1782798059\n|move|p2a: Articuno|Roost|p2a: Articuno\n|-heal|p2a: Articuno|295/295\n|-singleturn|p2a: Articuno|move: Roost\n|move|p1a: Vespiquen|Roost|p1a: Vespiquen\n|-heal|p1a: Vespiquen|279/299 par\n|\n|upkeep\n|turn|75\n|\n|t:|1782798065\n|switch|p1a: Swampert|Swampert, L83, F|302/302\n|move|p2a: Articuno|Freeze-Dry|p1a: Swampert\n|-supereffective|p1a: Swampert\n|-damage|p1a: Swampert|0 fnt\n|faint|p1a: Swampert\n|\n|upkeep\n|\n|t:|1782798073\n|switch|p1a: Vespiquen|Vespiquen, L99, F, tera:Steel|279/299 par\n|-ability|p1a: Vespiquen|Pressure\n|turn|76\n|\n|t:|1782798079\n|switch|p2a: Medicham|Medicham, L86, F|26/243 tox\n|-damage|p2a: Medicham|11/243 tox|[from] Stealth Rock\n|-damage|p2a: Medicham|0 fnt|[from] Spikes\n|faint|p2a: Medicham\n|move|p1a: Vespiquen|Spikes||[still]\n|-fail|p1a: Vespiquen\n|\n|upkeep\n|\n|t:|1782798086\n|switch|p2a: Sawsbuck|Sawsbuck-Summer, L88, F|4/284\n|-damage|p2a: Sawsbuck|0 fnt|[from] Stealth Rock\n|faint|p2a: Sawsbuck\n|\n|t:|1782798087\n|switch|p2a: Electrode|Electrode, L92|53/260\n|-damage|p2a: Electrode|21/260|[from] Stealth Rock\n|-damage|p2a: Electrode|0 fnt|[from] Spikes\n|faint|p2a: Electrode\n|\n|t:|1782798091\n|switch|p2a: Articuno|Articuno, L86|295/295\n|-ability|p2a: Articuno|Pressure\n|turn|77\n|\n|t:|1782798098\n|move|p2a: Articuno|Substitute|p2a: Articuno\n|-start|p2a: Articuno|Substitute\n|-damage|p2a: Articuno|222/295\n|cant|p1a: Vespiquen|par\n|\n|upkeep\n|turn|78\n|\n|t:|1782798105\n|move|p2a: Articuno|Freeze-Dry|p1a: Vespiquen\n|-resisted|p1a: Vespiquen\n|-damage|p1a: Vespiquen|250/299 par\n|move|p1a: Vespiquen|Spikes||[still]\n|-fail|p1a: Vespiquen\n|\n|upkeep\n|turn|79\n|\n|t:|1782798110\n|move|p2a: Articuno|Freeze-Dry|p1a: Vespiquen\n|-resisted|p1a: Vespiquen\n|-damage|p1a: Vespiquen|223/299 par\n|cant|p1a: Vespiquen|par\n|\n|upkeep\n|turn|80\n|\n|t:|1782798116\n|move|p2a: Articuno|Freeze-Dry|p1a: Vespiquen\n|-resisted|p1a: Vespiquen\n|-damage|p1a: Vespiquen|195/299 par\n|move|p1a: Vespiquen|Spikes||[still]\n|-fail|p1a: Vespiquen\n|\n|upkeep\n|turn|81\n|\n|t:|1782798126\n|move|p2a: Articuno|Freeze-Dry|p1a: Vespiquen\n|-resisted|p1a: Vespiquen\n|-damage|p1a: Vespiquen|167/299 par\n|move|p1a: Vespiquen|Spikes||[still]\n|-fail|p1a: Vespiquen\n|\n|upkeep\n|turn|82\n|\n|t:|1782798141\n|move|p2a: Articuno|Freeze-Dry|p1a: Vespiquen\n|-resisted|p1a: Vespiquen\n|-damage|p1a: Vespiquen|140/299 par\n|move|p1a: Vespiquen|Spikes||[still]\n|-fail|p1a: Vespiquen\n|\n|upkeep\n|turn|83\n|\n|t:|1782798147\n|move|p2a: Articuno|Freeze-Dry|p1a: Vespiquen\n|-resisted|p1a: Vespiquen\n|-damage|p1a: Vespiquen|113/299 par\n|move|p1a: Vespiquen|Roost|p1a: Vespiquen\n|-heal|p1a: Vespiquen|263/299 par\n|\n|upkeep\n|turn|84\n|\n|t:|1782798154\n|switch|p1a: Sunflora|Sunflora, F|312/312\n|move|p2a: Articuno|Freeze-Dry|p1a: Sunflora\n|-supereffective|p1a: Sunflora\n|-damage|p1a: Sunflora|174/312\n|\n|upkeep\n|turn|85\n|\n|t:|1782798160\n|move|p2a: Articuno|Brave Bird|p1a: Sunflora\n|-supereffective|p1a: Sunflora\n|-crit|p1a: Sunflora\n|-damage|p1a: Sunflora|0 fnt\n|faint|p1a: Sunflora\n|-damage|p2a: Articuno|165/295|[from] Recoil\n|\n|upkeep\n|\n|t:|1782798164\n|switch|p1a: Vespiquen|Vespiquen, L99, F, tera:Steel|263/299 par\n|-ability|p1a: Vespiquen|Pressure\n|turn|86\n|\n|t:|1782798173\n|move|p2a: Articuno|Freeze-Dry|p1a: Vespiquen\n|-resisted|p1a: Vespiquen\n|-damage|p1a: Vespiquen|231/299 par\n|move|p1a: Vespiquen|Spikes||[still]\n|-fail|p1a: Vespiquen\n|\n|upkeep\n|turn|87\n|\n|t:|1782798180\n|move|p2a: Articuno|Brave Bird|p1a: Vespiquen\n|-resisted|p1a: Vespiquen\n|-damage|p1a: Vespiquen|188/299 par\n|-damage|p2a: Articuno|151/295|[from] Recoil\n|cant|p1a: Vespiquen|par\n|\n|upkeep\n|turn|88\n|\n|t:|1782798190\n|move|p2a: Articuno|Brave Bird|p1a: Vespiquen\n|-resisted|p1a: Vespiquen\n|-damage|p1a: Vespiquen|145/299 par\n|-damage|p2a: Articuno|137/295|[from] Recoil\n|move|p1a: Vespiquen|Spikes||[still]\n|-fail|p1a: Vespiquen\n|\n|upkeep\n|turn|89\n|\n|t:|1782798197\n|move|p2a: Articuno|Brave Bird|p1a: Vespiquen\n|-resisted|p1a: Vespiquen\n|-damage|p1a: Vespiquen|101/299 par\n|-damage|p2a: Articuno|122/295|[from] Recoil\n|move|p1a: Vespiquen|Spikes||[still]\n|-fail|p1a: Vespiquen\n|\n|upkeep\n|turn|90\n|\n|t:|1782798203\n|move|p2a: Articuno|Brave Bird|p1a: Vespiquen\n|-resisted|p1a: Vespiquen\n|-damage|p1a: Vespiquen|59/299 par\n|-damage|p2a: Articuno|108/295|[from] Recoil\n|move|p1a: Vespiquen|Roost|p1a: Vespiquen\n|-heal|p1a: Vespiquen|209/299 par\n|\n|upkeep\n|turn|91\n|\n|t:|1782798210\n|move|p2a: Articuno|Freeze-Dry|p1a: Vespiquen\n|-resisted|p1a: Vespiquen\n|-damage|p1a: Vespiquen|182/299 par\n|cant|p1a: Vespiquen|par\n|\n|upkeep\n|turn|92\n|\n|t:|1782798218\n|move|p2a: Articuno|Freeze-Dry|p1a: Vespiquen\n|-resisted|p1a: Vespiquen\n|-damage|p1a: Vespiquen|152/299 par\n|cant|p1a: Vespiquen|par\n|\n|upkeep\n|turn|93\n|\n|t:|1782798223\n|move|p2a: Articuno|Brave Bird|p1a: Vespiquen\n|-resisted|p1a: Vespiquen\n|-damage|p1a: Vespiquen|107/299 par\n|-damage|p2a: Articuno|93/295|[from] Recoil\n|move|p1a: Vespiquen|Air Slash|p2a: Articuno\n|-activate|p2a: Articuno|move: Substitute|[damage]\n|\n|upkeep\n|turn|94\n|\n|t:|1782798238\n|move|p2a: Articuno|Freeze-Dry|p1a: Vespiquen\n|-resisted|p1a: Vespiquen\n|-damage|p1a: Vespiquen|78/299 par\n|move|p1a: Vespiquen|Roost|p1a: Vespiquen\n|-heal|p1a: Vespiquen|228/299 par\n|\n|upkeep\n|turn|95\n|\n|t:|1782798246\n|move|p2a: Articuno|Roost|p2a: Articuno\n|-heal|p2a: Articuno|241/295\n|-singleturn|p2a: Articuno|move: Roost\n|move|p1a: Vespiquen|Air Slash|p2a: Articuno\n|-end|p2a: Articuno|Substitute\n|\n|upkeep\n|turn|96\n|\n|t:|1782798253\n|move|p2a: Articuno|Substitute|p2a: Articuno\n|-start|p2a: Articuno|Substitute\n|-damage|p2a: Articuno|168/295\n|move|p1a: Vespiquen|Air Slash|p2a: Articuno\n|-end|p2a: Articuno|Substitute\n|\n|upkeep\n|turn|97\n|\n|t:|1782798259\n|move|p2a: Articuno|Substitute|p2a: Articuno\n|-start|p2a: Articuno|Substitute\n|-damage|p2a: Articuno|95/295\n|move|p1a: Vespiquen|Air Slash|p2a: Articuno\n|-activate|p2a: Articuno|move: Substitute|[damage]\n|\n|upkeep\n|turn|98\n|\n|t:|1782798269\n|move|p2a: Articuno|Substitute|p2a: Articuno\n|-fail|p2a: Articuno|move: Substitute\n|move|p1a: Vespiquen|Air Slash|p2a: Articuno\n|-end|p2a: Articuno|Substitute\n|\n|upkeep\n|turn|99\n|\n|t:|1782798274\n|move|p2a: Articuno|Substitute|p2a: Articuno\n|-start|p2a: Articuno|Substitute\n|-damage|p2a: Articuno|22/295\n|move|p1a: Vespiquen|Spikes||[still]\n|-fail|p1a: Vespiquen\n|\n|upkeep\n|turn|100\n|\n|t:|1782798279\n|move|p2a: Articuno|Substitute|p2a: Articuno\n|-fail|p2a: Articuno|move: Substitute\n|move|p1a: Vespiquen|Spikes||[still]\n|-fail|p1a: Vespiquen\n|\n|upkeep\n|turn|101\n|c|\u2606mindfreak371379|Ggs\n|\n|t:|1782798287\n|-activate|p2a: Articuno|move: Struggle\n|move|p2a: Articuno|Struggle|p1a: Vespiquen\n|-damage|p1a: Vespiquen|201/299 par\n|-damage|p2a: Articuno|0 fnt|[from] recoil\n|faint|p2a: Articuno\n|\n|win|andonibavi\n", "inputlog": ">version f8ac14003a5f27e1bdc8d8c59608a773c1cb96e5\n>start {\"formatid\":\"gen9randombattle\",\"seed\":\"sodium,d8e8f888cd4a1d733ded82c1fb9091d1\",\"rated\":\"Rated battle\"}\n>player p1 {\"name\":\"andonibavi\",\"avatar\":\"266\",\"rating\":2157,\"seed\":\"sodium,31e2a61e7ccd2f4721e5d3c38c19d6b0\"}\n>player p2 {\"name\":\"mindfreak371379\",\"avatar\":\"265\",\"rating\":2088,\"seed\":\"sodium,50680bc483b1153360d1016fcaa9c223\"}\n>p1 switch 6\n>p2 move voltswitch\n>p1 move flipturn\n>p2 move taunt\n>p1 switch 6\n>p1 switch 6\n>p2 switch 5\n>p1 switch 4\n>p2 move swordsdance\n>p1 move airslash\n>p2 move headbutt\n>p1 switch 6\n>p2 move headbutt\n>p1 move suckerpunch\n>p2 switch 3\n>p1 switch 3\n>p2 move knockoff\n>p1 move toxic\n>p2 switch 2\n>p1 move wish\n>p2 move gunkshot\n>p1 switch 4\n>p2 move shiftgear\n>p1 move stealthrock\n>p2 switch 4\n>p1 switch 5\n>p2 move substitute\n>p1 move thunderbolt\n>p2 move freezedry\n>p1 move agility\n>p2 move substitute\n>p1 move thunderbolt\n>p2 move substitute\n>p1 move thunderbolt\n>p2 move roost\n>p1 move thunderbolt\n>p2 switch 4\n>p1 move thunderbolt\n>p2 move boomburst\n>p1 switch 3\n>p1 move suckerpunch\n>p2 switch 2\n>p1 move dragonpulse\n>p2 switch 5\n>p1 switch 5\n>p2 move taunt\n>p1 move flipturn\n>p2 switch 5\n>p1 switch 6\n>p1 move spikes\n>p2 move knockoff\n>p1 switch 4\n>p2 move knockoff\n>p1 move wish\n>p2 move knockoff\n>p1 switch 4\n>p1 move roost\n>p2 move knockoff\n>p1 switch 5\n>p2 move encore\n>p1 move dragonpulse\n>p2 move knockoff\n>p1 move dragonpulse\n>p2 move recover\n>p1 move dragonpulse\n>p2 move recover\n>p1 move recover\n>p2 move recover\n>p1 switch 5\n>p2 move knockoff\n>p1 move toxicspikes\n>p2 move thunderwave\n>p1 move airslash\n>p2 move encore\n>p1 move toxicspikes\n>p2 move knockoff\n>p1 switch 5\n>p2 move thunderwave\n>p1 move dragonpulse\n>p2 move knockoff\n>p1 move dragonpulse\n>p2 switch 4\n>p1 switch 5\n>p2 move substitute\n>p1 move airslash\n>p2 move roost\n>p1 move airslash\n>p2 move freezedry\n>p1 move roost terastallize\n>p2 move roost\n>p1 move spikes\n>p2 move freezedry\n>p1 move spikes\n>p2 move freezedry\n>p1 move spikes\n>p2 switch 6\n>p1 switch 5\n>p2 move closecombat\n>p1 move suckerpunch\n>p2 move closecombat\n>p1 move suckerpunch\n>p2 switch 6\n>p1 switch 5\n>p2 move substitute\n>p1 move airslash\n>p2 move bravebird\n>p1 move roost\n>p2 move bravebird\n>p1 move toxicspikes\n>p2 move bravebird\n>p1 move airslash\n>p2 move roost\n>p1 move airslash\n>p2 move substitute\n>p1 move airslash\n>p2 move substitute\n>p1 move airslash\n>p2 move substitute\n>p1 switch 2\n>p2 move substitute\n>p1 switch 5\n>p2 move freezedry\n>p1 switch 2\n>p1 move airslash\n>p2 move roost\n>p1 move toxicspikes\n>p2 move roost\n>p1 move spikes\n>p2 move bravebird\n>p1 move roost\n>p2 move bravebird\n>p1 move toxicspikes\n>p2 move bravebird\n>p1 move toxicspikes\n>p2 switch 4\n>p1 switch 6\n>p2 move encore\n>p1 switch 6\n>p2 move recover\n>p1 move airslash\n>p2 move recover\n>p1 switch 6\n>p2 switch 4\n>p1 switch 6\n>p2 switch 4\n>p2 switch 2\n>p2 switch 4\n>p1 move spikes\n>p2 move substitute\n>p1 move spikes\n>p2 move freezedry\n>p1 move spikes\n>p2 move bravebird\n>p1 move roost\n>p2 move roost\n>p1 switch 6\n>p2 move freezedry\n>p1 switch 6\n>p1 move spikes\n>p2 switch 6\n>p2 switch 3\n>p2 switch 5\n>p2 switch 6\n>p1 move spikes\n>p2 move substitute\n>p1 move spikes\n>p2 move freezedry\n>p1 move spikes\n>p2 move freezedry\n>p1 move spikes\n>p2 move freezedry\n>p1 move spikes\n>p2 move freezedry\n>p1 move spikes\n>p2 move freezedry\n>p1 move roost\n>p2 move freezedry\n>p1 switch 5\n>p2 move freezedry\n>p1 move sunnyday\n>p2 move bravebird\n>p1 switch 5\n>p1 move spikes\n>p2 move freezedry\n>p1 move spikes\n>p2 move bravebird\n>p1 move spikes\n>p2 move bravebird\n>p1 move spikes\n>p2 move bravebird\n>p1 move roost\n>p2 move bravebird\n>p1 move spikes\n>p2 move freezedry\n>p1 move airslash\n>p2 move freezedry\n>p1 move airslash\n>p2 move bravebird\n>p1 move roost\n>p2 move freezedry\n>p1 move airslash\n>p2 move roost\n>p1 move airslash\n>p2 move substitute\n>p1 move airslash\n>p2 move substitute\n>p1 move airslash\n>p2 move substitute\n>p1 move spikes\n>p2 move substitute\n>p1 move spikes\n>p2 move substitute\n>chat \u2606mindfreak371379|Ggs\n>p1 move spikes\n>p2 move struggle", "uploadtime": 1782797274, "views": 3, "formatid": "gen9randombattle", "rating": null, "private": 0, "password": null, "player_dets": [{"name": "andonibavi", "avatar": "266", "rating": 2157, "seed": "sodium,31e2a61e7ccd2f4721e5d3c38c19d6b0"}, {"name": "mindfreak371379", "avatar": "265", "rating": 2088, "seed": "sodium,50680bc483b1153360d1016fcaa9c223"}], "teams_full": [{"Dipplin": {"name": "Dipplin", "species": "Dipplin", "speciesId": "dipplin", "gender": "F", "shiny": false, "level": 88, "moves": ["gigadrain", "dragonpulse", "recover", "suckerpunch"], "ability": "Sticky Hold", "evs": {"hp": 85, "atk": 85, "def": 85, "spa": 85, "spd": 85, "spe": 85}, "ivs": {"hp": 31, "atk": 31, "def": 31, "spa": 31, "spd": 31, "spe": 31}, "item": "Eviolite", "teraType": "Steel", "role": "Bulky Attacker", "bvs": {"hp": 80, "atk": 80, "def": 110, "spa": 95, "spd": 80, "spe": 40}, "stats": {"hp": 284, "atk": 191, "def": 244, "spa": 217, "spd": 191, "spe": 121}, "types": ["Grass", "Dragon"]}, "Sunflora": {"name": "Sunflora", "species": "Sunflora", "speciesId": "sunflora", "gender": "F", "shiny": false, "level": 100, "moves": ["sunnyday", "weatherball", "solarbeam", "earthpower"], "ability": "Chlorophyll", "evs": {"hp": 85, "atk": 0, "def": 85, "spa": 85, "spd": 85, "spe": 85}, "ivs": {"hp": 31, "atk": 0, "def": 31, "spa": 31, "spd": 31, "spe": 31}, "item": "Life Orb", "teraType": "Fire", "role": "Setup Sweeper", "bvs": {"hp": 75, "atk": 75, "def": 55, "spa": 105, "spd": 85, "spe": 30}, "stats": {"hp": 312, "atk": 155, "def": 167, "spa": 267, "spd": 227, "spe": 117}, "types": ["Grass"]}, "Umbreon": {"name": "Umbreon", "species": "Umbreon", "speciesId": "umbreon", "gender": "M", "shiny": false, "level": 84, "moves": ["toxic", "wish", "foulplay", "protect"], "ability": "Synchronize", "evs": {"hp": 85, "atk": 0, "def": 85, "spa": 85, "spd": 85, "spe": 85}, "ivs": {"hp": 31, "atk": 0, "def": 31, "spa": 31, "spd": 31, "spe": 31}, "item": "Leftovers", "teraType": "Poison", "role": "Bulky Support", "bvs": {"hp": 95, "atk": 65, "def": 110, "spa": 60, "spd": 130, "spe": 65}, "stats": {"hp": 297, "atk": 114, "def": 233, "spa": 149, "spd": 267, "spe": 157}, "types": ["Dark"]}, "Vespiquen": {"name": "Vespiquen", "species": "Vespiquen", "speciesId": "vespiquen", "gender": "F", "shiny": false, "level": 99, "moves": ["roost", "spikes", "airslash", "toxicspikes"], "ability": "Pressure", "evs": {"hp": 85, "atk": 0, "def": 85, "spa": 85, "spd": 85, "spe": 85}, "ivs": {"hp": 31, "atk": 0, "def": 31, "spa": 31, "spd": 31, "spe": 31}, "item": "Heavy-Duty Boots", "teraType": "Steel", "role": "Bulky Support", "bvs": {"hp": 70, "atk": 80, "def": 102, "spa": 80, "spd": 102, "spe": 40}, "stats": {"hp": 299, "atk": 163, "def": 258, "spa": 214, "spd": 258, "spe": 135}, "types": ["Bug", "Flying"]}, "Ampharos": {"name": "Ampharos", "species": "Ampharos", "speciesId": "ampharos", "gender": "F", "shiny": false, "level": 88, "moves": ["thunderbolt", "dazzlinggleam", "agility", "focusblast"], "ability": "Static", "evs": {"hp": 85, "atk": 0, "def": 85, "spa": 85, "spd": 85, "spe": 85}, "ivs": {"hp": 31, "atk": 0, "def": 31, "spa": 31, "spd": 31, "spe": 31}, "item": "Life Orb", "teraType": "Fairy", "role": "Wallbreaker", "bvs": {"hp": 90, "atk": 75, "def": 85, "spa": 115, "spd": 90, "spe": 55}, "stats": {"hp": 302, "atk": 137, "def": 200, "spa": 253, "spd": 209, "spe": 147}, "types": ["Electric"]}, "Swampert": {"name": "Swampert", "species": "Swampert", "speciesId": "swampert", "gender": "F", "shiny": false, "level": 83, "moves": ["flipturn", "icebeam", "stealthrock", "earthquake"], "ability": "Torrent", "evs": {"hp": 85, "atk": 85, "def": 85, "spa": 85, "spd": 85, "spe": 85}, "ivs": {"hp": 31, "atk": 31, "def": 31, "spa": 31, "spd": 31, "spe": 31}, "item": "Leftovers", "teraType": "Steel", "role": "Bulky Support", "bvs": {"hp": 100, "atk": 110, "def": 90, "spa": 85, "spd": 90, "spe": 60}, "stats": {"hp": 302, "atk": 230, "def": 197, "spa": 189, "spd": 197, "spe": 147}, "types": ["Water", "Ground"]}}, {"Electrode": {"name": "Electrode", "species": "Electrode", "speciesId": "electrode", "gender": "N", "shiny": false, "level": 92, "moves": ["taunt", "thunderbolt", "voltswitch", "terablast"], "ability": "Aftermath", "evs": {"hp": 85, "atk": 0, "def": 85, "spa": 85, "spd": 85, "spe": 85}, "ivs": {"hp": 31, "atk": 0, "def": 31, "spa": 31, "spd": 31, "spe": 31}, "item": "Life Orb", "teraType": "Ice", "role": "Tera Blast user", "bvs": {"hp": 60, "atk": 50, "def": 70, "spa": 80, "spd": 80, "spe": 150}, "stats": {"hp": 260, "atk": 97, "def": 181, "spa": 200, "spd": 200, "spe": 328}, "types": ["Electric"]}, "Toxtricity": {"name": "Toxtricity", "species": "Toxtricity", "speciesId": "toxtricity", "gender": "F", "shiny": false, "level": 82, "moves": ["gunkshot", "shiftgear", "overdrive", "boomburst"], "ability": "Punk Rock", "evs": {"hp": 85, "atk": 85, "def": 85, "spa": 85, "spd": 85, "spe": 85}, "ivs": {"hp": 31, "atk": 31, "def": 31, "spa": 31, "spd": 31, "spe": 31}, "item": "Throat Spray", "teraType": "Normal", "role": "Setup Sweeper", "bvs": {"hp": 75, "atk": 98, "def": 70, "spa": 114, "spd": 70, "spe": 75}, "stats": {"hp": 257, "atk": 208, "def": 162, "spa": 234, "spd": 162, "spe": 170}, "types": ["Electric", "Poison"]}, "Sableye": {"name": "Sableye", "species": "Sableye", "speciesId": "sableye", "gender": "F", "shiny": false, "level": 88, "moves": ["thunderwave", "knockoff", "encore", "recover"], "ability": "Prankster", "evs": {"hp": 85, "atk": 85, "def": 85, "spa": 85, "spd": 85, "spe": 85}, "ivs": {"hp": 31, "atk": 31, "def": 31, "spa": 31, "spd": 31, "spe": 31}, "item": "Leftovers", "teraType": "Poison", "role": "Bulky Support", "bvs": {"hp": 50, "atk": 75, "def": 75, "spa": 65, "spd": 65, "spe": 50}, "stats": {"hp": 231, "atk": 182, "def": 182, "spa": 165, "spd": 165, "spe": 138}, "types": ["Dark", "Ghost"]}, "Articuno": {"name": "Articuno", "species": "Articuno", "speciesId": "articuno", "gender": "N", "shiny": false, "level": 86, "moves": ["roost", "freezedry", "bravebird", "substitute"], "ability": "Pressure", "evs": {"hp": 85, "atk": 85, "def": 85, "spa": 85, "spd": 85, "spe": 85}, "ivs": {"hp": 31, "atk": 31, "def": 31, "spa": 31, "spd": 31, "spe": 31}, "item": "Heavy-Duty Boots", "teraType": "Ground", "role": "Bulky Support", "bvs": {"hp": 90, "atk": 85, "def": 100, "spa": 95, "spd": 125, "spe": 85}, "stats": {"hp": 295, "atk": 195, "def": 221, "spa": 213, "spd": 264, "spe": 195}, "types": ["Ice", "Flying"]}, "Sawsbuck": {"name": "Sawsbuck", "species": "Sawsbuck-Summer", "speciesId": "sawsbuck", "gender": "F", "shiny": false, "level": 88, "moves": ["hornleech", "swordsdance", "headbutt", "highhorsepower"], "ability": "Serene Grace", "evs": {"hp": 85, "atk": 85, "def": 85, "spa": 85, "spd": 85, "spe": 85}, "ivs": {"hp": 31, "atk": 31, "def": 31, "spa": 31, "spd": 31, "spe": 31}, "item": "Life Orb", "teraType": "Normal", "role": "Fast Attacker", "bvs": {"hp": 80, "atk": 100, "def": 70, "spa": 60, "spd": 70, "spe": 95}, "stats": {"hp": 284, "atk": 226, "def": 173, "spa": 156, "spd": 173, "spe": 217}, "types": ["Normal", "Grass"]}, "Medicham": {"name": "Medicham", "species": "Medicham", "speciesId": "medicham", "gender": "F", "shiny": false, "level": 86, "moves": ["trick", "closecombat", "poisonjab", "zenheadbutt"], "ability": "Pure Power", "evs": {"hp": 85, "atk": 85, "def": 85, "spa": 85, "spd": 85, "spe": 85}, "ivs": {"hp": 31, "atk": 31, "def": 31, "spa": 31, "spd": 31, "spe": 31}, "item": "Choice Scarf", "teraType": "Fighting", "role": "Fast Attacker", "bvs": {"hp": 60, "atk": 60, "def": 75, "spa": 60, "spd": 75, "spe": 80}, "stats": {"hp": 243, "atk": 152, "def": 178, "spa": 152, "spd": 178, "spe": 187}, "types": ["Fighting", "Psychic"]}}]}