{"id": "gen9randombattle-2641548352", "format": "[Gen 9] Random Battle", "players": ["hcff", "moomoo798"], "log": "|j|\u2606hcff\n|j|\u2606moomoo798\n|t:|1782805564\n|gametype|singles\n|player|p1|hcff|ingo|2215\n|player|p2|moomoo798|steven|2123\n|gen|9\n|tier|[Gen 9] Random Battle\n|rated|\n|rule|Species Clause: Limit one of each Pok\u00e9mon\n|rule|HP Percentage Mod: HP is shown in percentages\n|rule|Sleep Clause Mod: Limit one foe put to sleep\n|rule|Illusion Level Mod: Illusion disguises the Pok\u00e9mon's true level\n|\n|t:|1782805564\n|teamsize|p1|6\n|teamsize|p2|6\n|start\n|switch|p1a: Gogoat|Gogoat, L88, M|360/360\n|switch|p2a: Volcarona|Volcarona, L77, F|257/257\n|turn|1\n|inactive|Battle timer is ON: inactive players will automatically lose when time's up. (requested by moomoo798)\n|inactive|moomoo798 has 120 seconds left.\n|\n|t:|1782805610\n|move|p2a: Volcarona|Quiver Dance|p2a: Volcarona\n|-boost|p2a: Volcarona|spa|1\n|-boost|p2a: Volcarona|spd|1\n|-boost|p2a: Volcarona|spe|1\n|move|p1a: Gogoat|Rock Slide|p2a: Volcarona\n|-supereffective|p2a: Volcarona\n|-damage|p2a: Volcarona|0 fnt\n|faint|p2a: Volcarona\n|\n|upkeep\n|\n|t:|1782805619\n|switch|p2a: Zacian|Zacian-Crowned, L64|225/225\n|-ability|p2a: Zacian|Intrepid Sword|boost\n|-boost|p2a: Zacian|atk|1\n|turn|2\n|\n|t:|1782805633\n|switch|p1a: Minior|Minior-Blue, L79|224/224\n|-formechange|p1a: Minior|Minior-Meteor||[from] ability: Shields Down\n|move|p2a: Zacian|Swords Dance|p2a: Zacian\n|-boost|p2a: Zacian|atk|2\n|\n|upkeep\n|turn|3\n|\n|t:|1782805648\n|-terastallize|p1a: Minior|Ground\n|move|p2a: Zacian|Behemoth Blade|p1a: Minior\n|-damage|p1a: Minior|5/224\n|move|p1a: Minior|Shell Smash|p1a: Minior\n|-unboost|p1a: Minior|def|1\n|-unboost|p1a: Minior|spd|1\n|-boost|p1a: Minior|atk|2\n|-boost|p1a: Minior|spa|2\n|-boost|p1a: Minior|spe|2\n|-enditem|p1a: Minior|White Herb\n|-clearnegativeboost|p1a: Minior|[silent]\n|\n|-formechange|p1a: Minior|Minior-Blue||[from] ability: Shields Down\n|upkeep\n|turn|4\n|\n|t:|1782805667\n|move|p1a: Minior|Earthquake|p2a: Zacian\n|-supereffective|p2a: Zacian\n|-damage|p2a: Zacian|0 fnt\n|faint|p2a: Zacian\n|\n|upkeep\n|\n|t:|1782805670\n|switch|p2a: Zangoose|Zangoose, L85, F|263/263\n|turn|5\n|\n|t:|1782805679\n|switch|p1a: Iron Valiant|Iron Valiant, L78|244/244\n|move|p2a: Zangoose|Quick Attack|p1a: Iron Valiant\n|-damage|p1a: Iron Valiant|195/244\n|\n|-status|p2a: Zangoose|tox|[from] item: Toxic Orb\n|upkeep\n|turn|6\n|inactive|moomoo798 has 120 seconds left.\n|\n|t:|1782805709\n|switch|p2a: Sableye|Sableye, L88, F|231/231\n|move|p1a: Iron Valiant|Close Combat|p2a: Sableye\n|-immune|p2a: Sableye\n|\n|upkeep\n|turn|7\n|\n|t:|1782805718\n|move|p2a: Sableye|Encore|p1a: Iron Valiant\n|-start|p1a: Iron Valiant|Encore\n|move|p1a: Iron Valiant|Close Combat|p2a: Sableye\n|-immune|p2a: Sableye\n|\n|upkeep\n|turn|8\n|\n|t:|1782805723\n|-end|p1a: Iron Valiant|Quark Drive|[silent]\n|switch|p1a: Gogoat|Gogoat, L88, M|360/360\n|move|p2a: Sableye|Will-O-Wisp|p1a: Gogoat\n|-status|p1a: Gogoat|brn\n|\n|-damage|p1a: Gogoat|338/360 brn|[from] brn\n|upkeep\n|turn|9\n|\n|t:|1782805728\n|move|p1a: Gogoat|Horn Leech|p2a: Sableye\n|-damage|p2a: Sableye|183/231\n|-heal|p1a: Gogoat|360/360 brn|[from] drain|[of] p2a: Sableye\n|move|p2a: Sableye|Knock Off|p1a: Gogoat\n|-damage|p1a: Gogoat|240/360 brn\n|-enditem|p1a: Gogoat|Leftovers|[from] move: Knock Off|[of] p2a: Sableye\n|\n|-heal|p2a: Sableye|197/231|[from] item: Leftovers\n|-damage|p1a: Gogoat|218/360 brn|[from] brn\n|upkeep\n|turn|10\n|\n|t:|1782805748\n|move|p1a: Gogoat|Horn Leech|p2a: Sableye\n|-damage|p2a: Sableye|150/231\n|-heal|p1a: Gogoat|242/360 brn|[from] drain|[of] p2a: Sableye\n|move|p2a: Sableye|Knock Off|p1a: Gogoat\n|-damage|p1a: Gogoat|163/360 brn\n|\n|-heal|p2a: Sableye|164/231|[from] item: Leftovers\n|-damage|p1a: Gogoat|141/360 brn|[from] brn\n|upkeep\n|turn|11\n|\n|t:|1782805753\n|move|p1a: Gogoat|Horn Leech|p2a: Sableye\n|-damage|p2a: Sableye|112/231\n|-heal|p1a: Gogoat|167/360 brn|[from] drain|[of] p2a: Sableye\n|move|p2a: Sableye|Knock Off|p1a: Gogoat\n|-damage|p1a: Gogoat|88/360 brn\n|\n|-heal|p2a: Sableye|126/231|[from] item: Leftovers\n|-damage|p1a: Gogoat|66/360 brn|[from] brn\n|upkeep\n|turn|12\n|\n|t:|1782805757\n|move|p2a: Sableye|Recover|p2a: Sableye\n|-heal|p2a: Sableye|231/231\n|move|p1a: Gogoat|Milk Drink|p1a: Gogoat\n|-heal|p1a: Gogoat|246/360 brn\n|\n|-damage|p1a: Gogoat|224/360 brn|[from] brn\n|upkeep\n|turn|13\n|\n|t:|1782805761\n|switch|p1a: Iron Valiant|Iron Valiant, L78|195/244\n|move|p2a: Sableye|Encore||[still]\n|-fail|p2a: Sableye\n|\n|upkeep\n|turn|14\n|\n|t:|1782805767\n|-end|p1a: Iron Valiant|Quark Drive|[silent]\n|switch|p1a: Mew|Mew, L82|298/298\n|move|p2a: Sableye|Will-O-Wisp|p1a: Mew\n|-status|p1a: Mew|brn\n|-activate|p1a: Mew|ability: Synchronize\n|-status|p2a: Sableye|brn\n|\n|-damage|p1a: Mew|280/298 brn|[from] brn\n|-damage|p2a: Sableye|217/231 brn|[from] brn\n|upkeep\n|turn|15\n|\n|t:|1782805774\n|move|p1a: Mew|U-turn|p2a: Sableye\n|-damage|p2a: Sableye|192/231 brn\n|\n|t:|1782805776\n|switch|p1a: Gogoat|Gogoat, L88, M|224/360 brn|[from] U-turn\n|move|p2a: Sableye|Knock Off|p1a: Gogoat\n|-damage|p1a: Gogoat|183/360 brn\n|\n|-heal|p2a: Sableye|206/231 brn|[from] item: Leftovers\n|-damage|p1a: Gogoat|161/360 brn|[from] brn\n|-damage|p2a: Sableye|192/231 brn|[from] brn\n|upkeep\n|turn|16\n|\n|t:|1782805782\n|switch|p2a: Garganacl|Garganacl, L80, M|291/291\n|move|p1a: Gogoat|Horn Leech|p2a: Garganacl\n|-supereffective|p2a: Garganacl\n|-damage|p2a: Garganacl|221/291\n|-heal|p1a: Gogoat|196/360 brn|[from] drain|[of] p2a: Garganacl\n|\n|-heal|p2a: Garganacl|239/291|[from] item: Leftovers\n|-damage|p1a: Gogoat|174/360 brn|[from] brn\n|upkeep\n|turn|17\n|\n|t:|1782805787\n|move|p1a: Gogoat|Milk Drink|p1a: Gogoat\n|-heal|p1a: Gogoat|354/360 brn\n|move|p2a: Garganacl|Iron Defense|p2a: Garganacl\n|-boost|p2a: Garganacl|def|2\n|\n|-heal|p2a: Garganacl|257/291|[from] item: Leftovers\n|-damage|p1a: Gogoat|332/360 brn|[from] brn\n|upkeep\n|turn|18\n|\n|t:|1782805789\n|switch|p1a: Sinistcha|Sinistcha-Masterpiece, L83|254/254\n|move|p2a: Garganacl|Salt Cure|p1a: Sinistcha\n|-damage|p1a: Sinistcha|221/254\n|-start|p1a: Sinistcha|Salt Cure\n|\n|-heal|p1a: Sinistcha|236/254|[from] item: Leftovers\n|-heal|p2a: Garganacl|275/291|[from] item: Leftovers\n|-damage|p1a: Sinistcha|205/254|[from] Salt Cure\n|upkeep\n|turn|19\n|\n|t:|1782805807\n|-terastallize|p2a: Garganacl|Dragon\n|move|p1a: Sinistcha|Matcha Gotcha|p2a: Garganacl\n|-resisted|p2a: Garganacl\n|-damage|p2a: Garganacl|228/291\n|-heal|p1a: Sinistcha|229/254|[from] drain|[of] p2a: Garganacl\n|move|p2a: Garganacl|Salt Cure|p1a: Sinistcha\n|-damage|p1a: Sinistcha|192/254\n|\n|-heal|p1a: Sinistcha|207/254|[from] item: Leftovers\n|-heal|p2a: Garganacl|246/291|[from] item: Leftovers\n|-damage|p1a: Sinistcha|176/254|[from] Salt Cure\n|upkeep\n|turn|20\n|\n|t:|1782805814\n|move|p1a: Sinistcha|Calm Mind|p1a: Sinistcha\n|-boost|p1a: Sinistcha|spa|1\n|-boost|p1a: Sinistcha|spd|1\n|move|p2a: Garganacl|Iron Defense|p2a: Garganacl\n|-boost|p2a: Garganacl|def|2\n|\n|-heal|p1a: Sinistcha|191/254|[from] item: Leftovers\n|-heal|p2a: Garganacl|264/291|[from] item: Leftovers\n|-damage|p1a: Sinistcha|160/254|[from] Salt Cure\n|upkeep\n|turn|21\n|\n|t:|1782805821\n|switch|p2a: Sableye|Sableye, L88, F|192/231 brn\n|move|p1a: Sinistcha|Shadow Ball|p2a: Sableye\n|-damage|p2a: Sableye|30/231 brn\n|\n|-heal|p1a: Sinistcha|175/254|[from] item: Leftovers\n|-heal|p2a: Sableye|44/231 brn|[from] item: Leftovers\n|-damage|p2a: Sableye|30/231 brn|[from] brn\n|-damage|p1a: Sinistcha|144/254|[from] Salt Cure\n|upkeep\n|turn|22\n|\n|t:|1782805828\n|move|p1a: Sinistcha|Shadow Ball|p2a: Sableye\n|-damage|p2a: Sableye|0 fnt\n|faint|p2a: Sableye\n|\n|-heal|p1a: Sinistcha|159/254|[from] item: Leftovers\n|-damage|p1a: Sinistcha|128/254|[from] Salt Cure\n|upkeep\n|\n|t:|1782805832\n|switch|p2a: Zangoose|Zangoose, L85, F|263/263 tox\n|turn|23\n|\n|t:|1782805839\n|switch|p1a: Minior|Minior-Blue, L79, tera:Ground|5/224\n|move|p2a: Zangoose|Knock Off|p1a: Minior\n|-damage|p1a: Minior|0 fnt\n|faint|p1a: Minior\n|\n|-damage|p2a: Zangoose|247/263 tox|[from] psn\n|upkeep\n|\n|t:|1782805841\n|switch|p1a: Iron Valiant|Iron Valiant, L78|195/244\n|turn|24\n|\n|t:|1782805849\n|move|p1a: Iron Valiant|Close Combat|p2a: Zangoose\n|-supereffective|p2a: Zangoose\n|-damage|p2a: Zangoose|0 fnt\n|-unboost|p1a: Iron Valiant|def|1\n|-unboost|p1a: Iron Valiant|spd|1\n|faint|p2a: Zangoose\n|-damage|p1a: Iron Valiant|171/244|[from] item: Life Orb\n|\n|upkeep\n|\n|t:|1782805857\n|switch|p2a: Great Tusk|Great Tusk, L77|304/304\n|-enditem|p2a: Great Tusk|Booster Energy\n|-activate|p2a: Great Tusk|ability: Protosynthesis|[fromitem]\n|-start|p2a: Great Tusk|protosynthesisatk\n|turn|25\n|\n|t:|1782805864\n|move|p1a: Iron Valiant|Spirit Break|p2a: Great Tusk\n|-supereffective|p2a: Great Tusk\n|-damage|p2a: Great Tusk|132/304\n|-unboost|p2a: Great Tusk|spa|1\n|-damage|p1a: Iron Valiant|147/244|[from] item: Life Orb\n|move|p2a: Great Tusk|Earthquake|p1a: Iron Valiant\n|-damage|p1a: Iron Valiant|0 fnt\n|faint|p1a: Iron Valiant\n|-end|p1a: Iron Valiant|Quark Drive|[silent]\n|\n|upkeep\n|\n|t:|1782805868\n|switch|p1a: Mew|Mew, L82|280/298 brn\n|turn|26\n|\n|t:|1782805871\n|-end|p2a: Great Tusk|Protosynthesis|[silent]\n|switch|p2a: Garganacl|Garganacl, L80, M, tera:Dragon|264/291\n|move|p1a: Mew|Psychic|p2a: Garganacl\n|-crit|p2a: Garganacl\n|-damage|p2a: Garganacl|122/291\n|\n|-heal|p1a: Mew|298/298 brn|[from] item: Leftovers\n|-heal|p2a: Garganacl|140/291|[from] item: Leftovers\n|-damage|p1a: Mew|280/298 brn|[from] brn\n|upkeep\n|turn|27\n|\n|t:|1782805875\n|move|p1a: Mew|Psychic|p2a: Garganacl\n|-damage|p2a: Garganacl|52/291\n|move|p2a: Garganacl|Recover|p2a: Garganacl\n|-heal|p2a: Garganacl|198/291\n|\n|-heal|p1a: Mew|298/298 brn|[from] item: Leftovers\n|-heal|p2a: Garganacl|216/291|[from] item: Leftovers\n|-damage|p1a: Mew|280/298 brn|[from] brn\n|upkeep\n|turn|28\n|\n|t:|1782805878\n|move|p1a: Mew|Psychic|p2a: Garganacl\n|-damage|p2a: Garganacl|126/291\n|move|p2a: Garganacl|Salt Cure|p1a: Mew\n|-damage|p1a: Mew|241/298 brn\n|-start|p1a: Mew|Salt Cure\n|\n|-heal|p1a: Mew|259/298 brn|[from] item: Leftovers\n|-heal|p2a: Garganacl|144/291|[from] item: Leftovers\n|-damage|p1a: Mew|241/298 brn|[from] brn\n|-damage|p1a: Mew|204/298 brn|[from] Salt Cure\n|upkeep\n|turn|29\n|\n|t:|1782805881\n|move|p1a: Mew|Toxic Spikes|p2a: Garganacl\n|-sidestart|p2: moomoo798|move: Toxic Spikes\n|move|p2a: Garganacl|Recover|p2a: Garganacl\n|-heal|p2a: Garganacl|290/291\n|\n|-heal|p1a: Mew|222/298 brn|[from] item: Leftovers\n|-heal|p2a: Garganacl|291/291|[from] item: Leftovers\n|-damage|p1a: Mew|204/298 brn|[from] brn\n|-damage|p1a: Mew|167/298 brn|[from] Salt Cure\n|upkeep\n|turn|30\n|\n|t:|1782805890\n|move|p1a: Mew|U-turn|p2a: Garganacl\n|-damage|p2a: Garganacl|273/291\n|\n|t:|1782805892\n|switch|p1a: Sinistcha|Sinistcha-Masterpiece, L83|128/254|[from] U-turn\n|move|p2a: Garganacl|Iron Defense|p2a: Garganacl\n|-boost|p2a: Garganacl|def|2\n|\n|-heal|p1a: Sinistcha|143/254|[from] item: Leftovers\n|-heal|p2a: Garganacl|291/291|[from] item: Leftovers\n|upkeep\n|turn|31\n|\n|t:|1782805896\n|move|p1a: Sinistcha|Strength Sap|p2a: Garganacl\n|-unboost|p2a: Garganacl|atk|1\n|-heal|p1a: Sinistcha|254/254\n|move|p2a: Garganacl|Salt Cure|p1a: Sinistcha\n|-damage|p1a: Sinistcha|229/254\n|-start|p1a: Sinistcha|Salt Cure\n|\n|-heal|p1a: Sinistcha|244/254|[from] item: Leftovers\n|-damage|p1a: Sinistcha|213/254|[from] Salt Cure\n|upkeep\n|turn|32\n|\n|t:|1782805901\n|move|p1a: Sinistcha|Shadow Ball|p2a: Garganacl\n|-damage|p2a: Garganacl|236/291\n|move|p2a: Garganacl|Iron Defense|p2a: Garganacl\n|-boost|p2a: Garganacl|def|2\n|\n|-heal|p1a: Sinistcha|228/254|[from] item: Leftovers\n|-heal|p2a: Garganacl|254/291|[from] item: Leftovers\n|-damage|p1a: Sinistcha|197/254|[from] Salt Cure\n|upkeep\n|turn|33\n|\n|t:|1782805905\n|move|p1a: Sinistcha|Calm Mind|p1a: Sinistcha\n|-boost|p1a: Sinistcha|spa|1\n|-boost|p1a: Sinistcha|spd|1\n|move|p2a: Garganacl|Iron Defense|p2a: Garganacl\n|-boost|p2a: Garganacl|def|2\n|\n|-heal|p1a: Sinistcha|212/254|[from] item: Leftovers\n|-heal|p2a: Garganacl|272/291|[from] item: Leftovers\n|-damage|p1a: Sinistcha|181/254|[from] Salt Cure\n|upkeep\n|turn|34\n|\n|t:|1782805908\n|move|p1a: Sinistcha|Shadow Ball|p2a: Garganacl\n|-damage|p2a: Garganacl|193/291\n|move|p2a: Garganacl|Salt Cure|p1a: Sinistcha\n|-damage|p1a: Sinistcha|159/254\n|\n|-heal|p1a: Sinistcha|174/254|[from] item: Leftovers\n|-heal|p2a: Garganacl|211/291|[from] item: Leftovers\n|-damage|p1a: Sinistcha|143/254|[from] Salt Cure\n|upkeep\n|turn|35\n|\n|t:|1782805909\n|move|p1a: Sinistcha|Matcha Gotcha|p2a: Garganacl\n|-resisted|p2a: Garganacl\n|-damage|p2a: Garganacl|135/291\n|-heal|p1a: Sinistcha|181/254|[from] drain|[of] p2a: Garganacl\n|move|p2a: Garganacl|Salt Cure|p1a: Sinistcha\n|-damage|p1a: Sinistcha|157/254\n|\n|-heal|p1a: Sinistcha|172/254|[from] item: Leftovers\n|-heal|p2a: Garganacl|153/291|[from] item: Leftovers\n|-damage|p1a: Sinistcha|141/254|[from] Salt Cure\n|upkeep\n|turn|36\n|\n|t:|1782805914\n|move|p1a: Sinistcha|Matcha Gotcha|p2a: Garganacl\n|-resisted|p2a: Garganacl\n|-damage|p2a: Garganacl|73/291\n|-heal|p1a: Sinistcha|181/254|[from] drain|[of] p2a: Garganacl\n|move|p2a: Garganacl|Recover|p2a: Garganacl\n|-heal|p2a: Garganacl|219/291\n|\n|-heal|p1a: Sinistcha|196/254|[from] item: Leftovers\n|-heal|p2a: Garganacl|237/291|[from] item: Leftovers\n|-damage|p1a: Sinistcha|165/254|[from] Salt Cure\n|upkeep\n|turn|37\n|\n|t:|1782805917\n|move|p1a: Sinistcha|Calm Mind|p1a: Sinistcha\n|-boost|p1a: Sinistcha|spa|1\n|-boost|p1a: Sinistcha|spd|1\n|move|p2a: Garganacl|Salt Cure|p1a: Sinistcha\n|-damage|p1a: Sinistcha|140/254\n|\n|-heal|p1a: Sinistcha|155/254|[from] item: Leftovers\n|-heal|p2a: Garganacl|255/291|[from] item: Leftovers\n|-damage|p1a: Sinistcha|124/254|[from] Salt Cure\n|upkeep\n|turn|38\n|\n|t:|1782805921\n|move|p1a: Sinistcha|Strength Sap|p2a: Garganacl\n|-unboost|p2a: Garganacl|atk|1\n|-heal|p1a: Sinistcha|254/254\n|move|p2a: Garganacl|Salt Cure|p1a: Sinistcha\n|-damage|p1a: Sinistcha|235/254\n|\n|-heal|p1a: Sinistcha|250/254|[from] item: Leftovers\n|-heal|p2a: Garganacl|273/291|[from] item: Leftovers\n|-damage|p1a: Sinistcha|219/254|[from] Salt Cure\n|upkeep\n|turn|39\n|\n|t:|1782805924\n|move|p1a: Sinistcha|Shadow Ball|p2a: Garganacl\n|-damage|p2a: Garganacl|162/291\n|move|p2a: Garganacl|Salt Cure|p1a: Sinistcha\n|-damage|p1a: Sinistcha|200/254\n|\n|-heal|p1a: Sinistcha|215/254|[from] item: Leftovers\n|-heal|p2a: Garganacl|180/291|[from] item: Leftovers\n|-damage|p1a: Sinistcha|184/254|[from] Salt Cure\n|upkeep\n|turn|40\n|\n|t:|1782805929\n|move|p1a: Sinistcha|Shadow Ball|p2a: Garganacl\n|-damage|p2a: Garganacl|77/291\n|move|p2a: Garganacl|Recover|p2a: Garganacl\n|-heal|p2a: Garganacl|223/291\n|\n|-heal|p1a: Sinistcha|199/254|[from] item: Leftovers\n|-heal|p2a: Garganacl|241/291|[from] item: Leftovers\n|-damage|p1a: Sinistcha|168/254|[from] Salt Cure\n|upkeep\n|turn|41\n|\n|t:|1782805932\n|move|p1a: Sinistcha|Calm Mind|p1a: Sinistcha\n|-boost|p1a: Sinistcha|spa|1\n|-boost|p1a: Sinistcha|spd|1\n|move|p2a: Garganacl|Salt Cure|p1a: Sinistcha\n|-damage|p1a: Sinistcha|147/254\n|\n|-heal|p1a: Sinistcha|162/254|[from] item: Leftovers\n|-heal|p2a: Garganacl|259/291|[from] item: Leftovers\n|-damage|p1a: Sinistcha|131/254|[from] Salt Cure\n|upkeep\n|turn|42\n|\n|t:|1782805934\n|move|p1a: Sinistcha|Matcha Gotcha|p2a: Garganacl\n|-resisted|p2a: Garganacl\n|-damage|p2a: Garganacl|128/291\n|-heal|p1a: Sinistcha|197/254|[from] drain|[of] p2a: Garganacl\n|move|p2a: Garganacl|Salt Cure|p1a: Sinistcha\n|-damage|p1a: Sinistcha|178/254\n|\n|-heal|p1a: Sinistcha|193/254|[from] item: Leftovers\n|-heal|p2a: Garganacl|146/291|[from] item: Leftovers\n|-damage|p1a: Sinistcha|162/254|[from] Salt Cure\n|upkeep\n|turn|43\n|-message|moomoo798 forfeited.\n|\n|win|hcff\n", "inputlog": ">version f8ac14003a5f27e1bdc8d8c59608a773c1cb96e5\n>start {\"formatid\":\"gen9randombattle\",\"seed\":\"sodium,669d0bdcbbf01d6597e4c37a686cc5e2\",\"rated\":\"Rated battle\"}\n>player p1 {\"name\":\"hcff\",\"avatar\":\"ingo\",\"rating\":2215,\"seed\":\"sodium,3e69417f9d65f0a3d331da5dd37c3f19\"}\n>player p2 {\"name\":\"moomoo798\",\"avatar\":\"steven\",\"rating\":2123,\"seed\":\"sodium,78270c01675ba992093f3a0de15b4a95\"}\n>p1 move rockslide\n>p2 move quiverdance\n>p2 switch 2\n>p1 switch 5\n>p2 move swordsdance\n>p1 move shellsmash terastallize\n>p2 move behemothblade\n>p1 move earthquake\n>p2 move behemothblade\n>p2 switch 3\n>p1 switch 2\n>p2 move quickattack\n>p1 move closecombat\n>p2 switch 5\n>p1 move spiritbreak\n>p2 move encore\n>p1 switch 5\n>p2 move willowisp\n>p1 move hornleech\n>p2 move knockoff\n>p1 move hornleech\n>p2 move knockoff\n>p1 move hornleech\n>p2 move knockoff\n>p1 move milkdrink\n>p2 move recover\n>p1 switch 5\n>p2 move encore\n>p1 switch 6\n>p2 move willowisp\n>p1 move uturn\n>p2 move knockoff\n>p1 switch 5\n>p1 move hornleech\n>p2 switch 4\n>p1 move milkdrink\n>p2 move irondefense\n>p1 switch 4\n>p2 move saltcure\n>p1 move matchagotcha\n>p2 move saltcure terastallize\n>p1 move calmmind\n>p2 move irondefense\n>p1 move shadowball\n>p2 switch 4\n>p1 move shadowball\n>p2 move knockoff\n>p2 switch 5\n>p1 switch 2\n>p2 move knockoff\n>p1 switch 6\n>p1 move closecombat\n>p2 move facade\n>p2 switch 6\n>p1 move spiritbreak\n>p2 move earthquake\n>p1 switch 5\n>p1 move psychic\n>p2 switch 4\n>p1 move psychic\n>p2 move recover\n>p1 move psychic\n>p2 move saltcure\n>p1 move toxicspikes\n>p2 move recover\n>p1 move uturn\n>p2 move irondefense\n>p1 switch 2\n>p1 move strengthsap\n>p2 move saltcure\n>p1 move shadowball\n>p2 move irondefense\n>p1 move calmmind\n>p2 move irondefense\n>p1 move shadowball\n>p2 move saltcure\n>p1 move matchagotcha\n>p2 move saltcure\n>p1 move matchagotcha\n>p2 move recover\n>p1 move calmmind\n>p2 move saltcure\n>p1 move strengthsap\n>p2 move saltcure\n>p1 move shadowball\n>p2 move saltcure\n>p1 move shadowball\n>p2 move recover\n>p1 move calmmind\n>p2 move saltcure\n>p1 move matchagotcha\n>p2 move saltcure\n>forcelose p2", "uploadtime": 1782805565, "views": 4, "formatid": "gen9randombattle", "rating": null, "private": 0, "password": null, "player_dets": [{"name": "hcff", "avatar": "ingo", "rating": 2215, "seed": "sodium,3e69417f9d65f0a3d331da5dd37c3f19"}, {"name": "moomoo798", "avatar": "steven", "rating": 2123, "seed": "sodium,78270c01675ba992093f3a0de15b4a95"}], "teams_full": [{"Gogoat": {"name": "Gogoat", "species": "Gogoat", "speciesId": "gogoat", "gender": "M", "shiny": false, "level": 88, "moves": ["hornleech", "milkdrink", "rockslide", "bulkup"], "ability": "Sap Sipper", "evs": {"hp": 85, "atk": 85, "def": 85, "spa": 85, "spd": 85, "spe": 85}, "ivs": {"hp": 31, "atk": 31, "def": 31, "spa": 31, "spd": 31, "spe": 31}, "item": "Leftovers", "teraType": "Water", "role": "Bulky Setup", "bvs": {"hp": 123, "atk": 100, "def": 62, "spa": 97, "spd": 81, "spe": 68}, "stats": {"hp": 360, "atk": 226, "def": 159, "spa": 221, "spd": 193, "spe": 170}, "types": ["Grass"]}, "Iron Valiant": {"name": "Iron Valiant", "species": "Iron Valiant", "speciesId": "ironvaliant", "gender": "N", "shiny": false, "level": 78, "moves": ["swordsdance", "knockoff", "closecombat", "spiritbreak"], "ability": "Quark Drive", "evs": {"hp": 85, "atk": 85, "def": 85, "spa": 85, "spd": 85, "spe": 85}, "ivs": {"hp": 31, "atk": 31, "def": 31, "spa": 31, "spd": 31, "spe": 31}, "item": "Life Orb", "teraType": "Fighting", "role": "Setup Sweeper", "bvs": {"hp": 74, "atk": 130, "def": 90, "spa": 120, "spd": 60, "spe": 116}, "stats": {"hp": 244, "atk": 248, "def": 185, "spa": 232, "spd": 139, "spe": 226}, "types": ["Fairy", "Fighting"]}, "Furret": {"name": "Furret", "species": "Furret", "speciesId": "furret", "gender": "F", "shiny": false, "level": 94, "moves": ["doubleedge", "knockoff", "tidyup", "brickbreak"], "ability": "Frisk", "evs": {"hp": 85, "atk": 85, "def": 85, "spa": 85, "spd": 85, "spe": 85}, "ivs": {"hp": 31, "atk": 31, "def": 31, "spa": 31, "spd": 31, "spe": 31}, "item": "Life Orb", "teraType": "Ghost", "role": "Setup Sweeper", "bvs": {"hp": 85, "atk": 76, "def": 64, "spa": 45, "spd": 55, "spe": 90}, "stats": {"hp": 312, "atk": 196, "def": 174, "spa": 138, "spd": 157, "spe": 223}, "types": ["Normal"]}, "Sinistcha": {"name": "Sinistcha", "species": "Sinistcha-Masterpiece", "speciesId": "sinistcha", "gender": "N", "shiny": false, "level": 83, "moves": ["calmmind", "shadowball", "matchagotcha", "strengthsap"], "ability": "Heatproof", "evs": {"hp": 85, "atk": 0, "def": 85, "spa": 85, "spd": 85, "spe": 85}, "ivs": {"hp": 31, "atk": 0, "def": 31, "spa": 31, "spd": 31, "spe": 31}, "item": "Leftovers", "teraType": "Steel", "role": "Bulky Setup", "bvs": {"hp": 71, "atk": 60, "def": 106, "spa": 121, "spd": 80, "spe": 70}, "stats": {"hp": 254, "atk": 104, "def": 224, "spa": 249, "spd": 180, "spe": 164}, "types": ["Grass", "Ghost"]}, "Minior": {"name": "Minior", "species": "Minior-Blue", "speciesId": "minior", "gender": "N", "shiny": false, "level": 79, "moves": ["acrobatics", "shellsmash", "earthquake", "powergem"], "ability": "Shields Down", "evs": {"hp": 85, "atk": 85, "def": 85, "spa": 85, "spd": 85, "spe": 85}, "ivs": {"hp": 31, "atk": 31, "def": 31, "spa": 31, "spd": 31, "spe": 31}, "item": "White Herb", "teraType": "Ground", "role": "Setup Sweeper", "bvs": {"hp": 60, "atk": 100, "def": 60, "spa": 100, "spd": 60, "spe": 120}, "stats": {"hp": 224, "atk": 204, "def": 140, "spa": 204, "spd": 140, "spe": 235}, "types": ["Rock", "Flying"]}, "Mew": {"name": "Mew", "species": "Mew", "speciesId": "mew", "gender": "N", "shiny": false, "level": 82, "moves": ["psychic", "uturn", "toxicspikes", "stealthrock"], "ability": "Synchronize", "evs": {"hp": 85, "atk": 85, "def": 85, "spa": 85, "spd": 85, "spe": 85}, "ivs": {"hp": 31, "atk": 31, "def": 31, "spa": 31, "spd": 31, "spe": 31}, "item": "Leftovers", "teraType": "Fairy", "role": "Bulky Support", "bvs": {"hp": 100, "atk": 100, "def": 100, "spa": 100, "spd": 100, "spe": 100}, "stats": {"hp": 298, "atk": 211, "def": 211, "spa": 211, "spd": 211, "spe": 211}, "types": ["Psychic"]}}, {"Volcarona": {"name": "Volcarona", "species": "Volcarona", "speciesId": "volcarona", "gender": "F", "shiny": false, "level": 77, "moves": ["fireblast", "bugbuzz", "quiverdance", "terablast"], "ability": "Flame Body", "evs": {"hp": 85, "atk": 0, "def": 85, "spa": 85, "spd": 85, "spe": 85}, "ivs": {"hp": 31, "atk": 0, "def": 31, "spa": 31, "spd": 31, "spe": 31}, "item": "Heavy-Duty Boots", "teraType": "Ground", "role": "Tera Blast user", "bvs": {"hp": 85, "atk": 60, "def": 65, "spa": 135, "spd": 105, "spe": 100}, "stats": {"hp": 257, "atk": 97, "def": 145, "spa": 252, "spd": 206, "spe": 199}, "types": ["Bug", "Fire"]}, "Zacian": {"name": "Zacian", "species": "Zacian", "speciesId": "zaciancrowned", "gender": "N", "shiny": false, "level": 64, "moves": ["behemothblade", "swordsdance", "playrough", "closecombat"], "ability": "Intrepid Sword", "evs": {"hp": 85, "atk": 85, "def": 85, "spa": 85, "spd": 85, "spe": 85}, "ivs": {"hp": 31, "atk": 31, "def": 31, "spa": 31, "spd": 31, "spe": 31}, "item": "Rusted Sword", "teraType": "Fighting", "role": "Setup Sweeper", "bvs": {"hp": 92, "atk": 150, "def": 115, "spa": 80, "spd": 115, "spe": 148}, "stats": {"hp": 225, "atk": 230, "def": 185, "spa": 140, "spd": 185, "spe": 227}, "types": ["Fairy", "Steel"]}, "Zangoose": {"name": "Zangoose", "species": "Zangoose", "speciesId": "zangoose", "gender": "F", "shiny": false, "level": 85, "moves": ["quickattack", "knockoff", "swordsdance", "facade"], "ability": "Toxic Boost", "evs": {"hp": 85, "atk": 85, "def": 85, "spa": 85, "spd": 85, "spe": 85}, "ivs": {"hp": 31, "atk": 31, "def": 31, "spa": 31, "spd": 31, "spe": 31}, "item": "Toxic Orb", "teraType": "Normal", "role": "Fast Attacker", "bvs": {"hp": 73, "atk": 115, "def": 60, "spa": 60, "spd": 60, "spe": 90}, "stats": {"hp": 263, "atk": 244, "def": 151, "spa": 151, "spd": 151, "spe": 202}, "types": ["Normal"]}, "Garganacl": {"name": "Garganacl", "species": "Garganacl", "speciesId": "garganacl", "gender": "M", "shiny": false, "level": 80, "moves": ["recover", "bodypress", "irondefense", "saltcure"], "ability": "Purifying Salt", "evs": {"hp": 85, "atk": 85, "def": 85, "spa": 85, "spd": 85, "spe": 85}, "ivs": {"hp": 31, "atk": 31, "def": 31, "spa": 31, "spd": 31, "spe": 31}, "item": "Leftovers", "teraType": "Dragon", "role": "Bulky Setup", "bvs": {"hp": 100, "atk": 100, "def": 130, "spa": 45, "spd": 90, "spe": 35}, "stats": {"hp": 291, "atk": 206, "def": 254, "spa": 118, "spd": 190, "spe": 102}, "types": ["Rock"]}, "Sableye": {"name": "Sableye", "species": "Sableye", "speciesId": "sableye", "gender": "F", "shiny": false, "level": 88, "moves": ["knockoff", "encore", "willowisp", "recover"], "ability": "Prankster", "evs": {"hp": 85, "atk": 85, "def": 85, "spa": 85, "spd": 85, "spe": 85}, "ivs": {"hp": 31, "atk": 31, "def": 31, "spa": 31, "spd": 31, "spe": 31}, "item": "Leftovers", "teraType": "Poison", "role": "Bulky Support", "bvs": {"hp": 50, "atk": 75, "def": 75, "spa": 65, "spd": 65, "spe": 50}, "stats": {"hp": 231, "atk": 182, "def": 182, "spa": 165, "spd": 165, "spe": 138}, "types": ["Dark", "Ghost"]}, "Great Tusk": {"name": "Great Tusk", "species": "Great Tusk", "speciesId": "greattusk", "gender": "N", "shiny": false, "level": 77, "moves": ["stoneedge", "closecombat", "bulkup", "earthquake"], "ability": "Protosynthesis", "evs": {"hp": 85, "atk": 85, "def": 85, "spa": 85, "spd": 85, "spe": 85}, "ivs": {"hp": 31, "atk": 31, "def": 31, "spa": 31, "spd": 31, "spe": 31}, "item": "Booster Energy", "teraType": "Ground", "role": "Fast Bulky Setup", "bvs": {"hp": 115, "atk": 131, "def": 131, "spa": 53, "spd": 53, "spe": 87}, "stats": {"hp": 304, "atk": 246, "def": 246, "spa": 126, "spd": 126, "spe": 179}, "types": ["Ground", "Fighting"]}}]}