{"id": "gen9randombattle-2641617674", "format": "[Gen 9] Random Battle", "players": ["Dizay976", "Blooodfooort"], "log": "|j|\u2606Dizay976\n|j|\u2606Blooodfooort\n|t:|1782819631\n|gametype|singles\n|player|p1|Dizay976|yellow|2154\n|player|p2|Blooodfooort|169|2099\n|gen|9\n|tier|[Gen 9] Random Battle\n|rated|\n|rule|Species Clause: Limit one of each Pok\u00e9mon\n|rule|HP Percentage Mod: HP is shown in percentages\n|rule|Sleep Clause Mod: Limit one foe put to sleep\n|rule|Illusion Level Mod: Illusion disguises the Pok\u00e9mon's true level\n|\n|t:|1782819631\n|teamsize|p1|6\n|teamsize|p2|6\n|start\n|switch|p1a: Articuno|Articuno-Galar, L84|288/288\n|switch|p2a: Goodra|Goodra-Hisui, L82, M|265/265\n|turn|1\n|inactive|Battle timer is ON: inactive players will automatically lose when time's up. (requested by Dizay976)\n|\n|t:|1782819666\n|switch|p1a: Volbeat|Volbeat, L90, M|263/263\n|move|p2a: Goodra|Heavy Slam|p1a: Volbeat\n|-damage|p1a: Volbeat|131/263\n|\n|upkeep\n|turn|2\n|\n|t:|1782819671\n|move|p1a: Volbeat|U-turn|p2a: Goodra\n|-resisted|p2a: Goodra\n|-crit|p2a: Goodra\n|-damage|p2a: Goodra|219/265\n|\n|t:|1782819675\n|switch|p1a: Quagsire|Quagsire, L84, M|297/297|[from] U-turn\n|move|p2a: Goodra|Fire Blast|p1a: Quagsire\n|-resisted|p1a: Quagsire\n|-damage|p1a: Quagsire|248/297\n|\n|-heal|p1a: Quagsire|266/297|[from] item: Leftovers\n|upkeep\n|turn|3\n|\n|t:|1782819687\n|switch|p2a: Calyrex|Calyrex, L93|337/337\n|-ability|p2a: Calyrex|Unnerve\n|move|p1a: Quagsire|Spikes|p2a: Calyrex\n|-sidestart|p2: Blooodfooort|Spikes\n|\n|-heal|p1a: Quagsire|284/297|[from] item: Leftovers\n|upkeep\n|turn|4\n|inactive|Dizay976 has 120 seconds left.\n|\n|t:|1782819725\n|switch|p1a: Volbeat|Volbeat, L90, M|131/263\n|move|p2a: Calyrex|Psyshock|p1a: Volbeat\n|-damage|p1a: Volbeat|41/263\n|\n|upkeep\n|turn|5\n|\n|t:|1782819739\n|move|p1a: Volbeat|U-turn|p2a: Calyrex\n|-supereffective|p2a: Calyrex\n|-damage|p2a: Calyrex|81/337\n|inactive|Dizay976 has 120 seconds left.\n|inactive|Dizay976 has 90 seconds left.\n|inactive|Dizay976 has 60 seconds left.\n|\n|t:|1782819810\n|switch|p1a: Articuno|Articuno-Galar, L84|288/288|[from] U-turn\n|move|p2a: Calyrex|Encore||[still]\n|-fail|p2a: Calyrex\n|\n|-heal|p2a: Calyrex|102/337|[from] item: Leftovers\n|upkeep\n|turn|6\n|\n|t:|1782819834\n|switch|p1a: Quagsire|Quagsire, L84, M|284/297\n|move|p2a: Calyrex|Giga Drain|p1a: Quagsire\n|-supereffective|p1a: Quagsire\n|-damage|p1a: Quagsire|0 fnt\n|-heal|p2a: Calyrex|244/337|[from] drain|[of] p1a: Quagsire\n|faint|p1a: Quagsire\n|\n|-heal|p2a: Calyrex|265/337|[from] item: Leftovers\n|upkeep\n|inactive|Dizay976 has 60 seconds left.\n|\n|t:|1782819865\n|switch|p1a: Volbeat|Volbeat, L90, M|41/263\n|turn|7\n|\n|t:|1782819868\n|move|p1a: Volbeat|Roost|p1a: Volbeat\n|-heal|p1a: Volbeat|173/263\n|-singleturn|p1a: Volbeat|move: Roost\n|move|p2a: Calyrex|Encore|p1a: Volbeat\n|-start|p1a: Volbeat|Encore\n|\n|-heal|p2a: Calyrex|286/337|[from] item: Leftovers\n|upkeep\n|turn|8\n|\n|t:|1782819875\n|switch|p2a: Regirock|Regirock, L83|268/268\n|-damage|p2a: Regirock|235/268|[from] Spikes\n|move|p1a: Volbeat|Roost|p1a: Volbeat\n|-heal|p1a: Volbeat|263/263\n|-singleturn|p1a: Volbeat|move: Roost\n|\n|upkeep\n|turn|9\n|inactive|Dizay976 has 60 seconds left.\n|inactive|Dizay976 has 30 seconds left.\n|\n|t:|1782819921\n|switch|p1a: Amoonguss|Amoonguss, L82, F|321/321\n|move|p2a: Regirock|Curse|p2a: Regirock\n|-unboost|p2a: Regirock|spe|1\n|-boost|p2a: Regirock|atk|1\n|-boost|p2a: Regirock|def|1\n|\n|upkeep\n|turn|10\n|\n|t:|1782819930\n|switch|p2a: Goodra|Goodra-Hisui, L82, M|219/265\n|-damage|p2a: Goodra|186/265|[from] Spikes\n|move|p1a: Amoonguss|Giga Drain|p2a: Goodra\n|-ability|p2a: Goodra|Sap Sipper|boost\n|-boost|p2a: Goodra|atk|1\n|\n|upkeep\n|turn|11\n|\n|t:|1782819935\n|move|p2a: Goodra|Heavy Slam|p1a: Amoonguss\n|-damage|p1a: Amoonguss|87/321\n|move|p1a: Amoonguss|Stomping Tantrum|p2a: Goodra\n|-supereffective|p2a: Goodra\n|-damage|p2a: Goodra|22/265\n|\n|-heal|p1a: Amoonguss|107/321|[from] item: Leftovers\n|upkeep\n|turn|12\n|\n|t:|1782819942\n|switch|p1a: Gurdurr|Gurdurr, L85, M|283/283\n|move|p2a: Goodra|Heavy Slam|p1a: Gurdurr\n|-damage|p1a: Gurdurr|154/283\n|\n|upkeep\n|turn|13\n|inactive|Dizay976 has 60 seconds left.\n|\n|t:|1782819948\n|move|p1a: Gurdurr|Mach Punch|p2a: Goodra\n|-supereffective|p2a: Goodra\n|-damage|p2a: Goodra|0 fnt\n|faint|p2a: Goodra\n|\n|upkeep\n|\n|t:|1782819960\n|switch|p2a: Masquerain|Masquerain, L87, M|264/264\n|-ability|p2a: Masquerain|Intimidate|boost\n|-unboost|p1a: Gurdurr|atk|1\n|turn|14\n|\n|t:|1782819973\n|switch|p1a: Delphox|Delphox, L84, F|263/263\n|move|p2a: Masquerain|Hurricane|p1a: Delphox|[miss]\n|-miss|p2a: Masquerain|p1a: Delphox\n|\n|upkeep\n|turn|15\n|\n|t:|1782819980\n|-terastallize|p2a: Masquerain|Water\n|move|p1a: Delphox|Nasty Plot|p1a: Delphox\n|-boost|p1a: Delphox|spa|2\n|move|p2a: Masquerain|Hydro Pump|p1a: Delphox\n|-supereffective|p1a: Delphox\n|-damage|p1a: Delphox|45/263\n|\n|upkeep\n|turn|16\n|\n|t:|1782819986\n|move|p1a: Delphox|Psyshock|p2a: Masquerain\n|-damage|p2a: Masquerain|27/264\n|move|p2a: Masquerain|Bug Buzz|p1a: Delphox\n|-damage|p1a: Delphox|0 fnt\n|faint|p1a: Delphox\n|\n|upkeep\n|\n|t:|1782819989\n|switch|p1a: Articuno|Articuno-Galar, L84|288/288\n|turn|17\n|\n|t:|1782819993\n|switch|p2a: Registeel|Registeel, L81|262/262\n|-damage|p2a: Registeel|230/262|[from] Spikes\n|move|p1a: Articuno|Freezing Glare|p2a: Registeel\n|-resisted|p2a: Registeel\n|-damage|p2a: Registeel|192/262\n|\n|upkeep\n|turn|18\n|inactive|Dizay976 has 90 seconds left.\n|\n|t:|1782820017\n|switch|p1a: Gurdurr|Gurdurr, L85, M|154/283\n|move|p2a: Registeel|Iron Head|p1a: Gurdurr\n|-damage|p1a: Gurdurr|108/283\n|\n|upkeep\n|turn|19\n|\n|t:|1782820024\n|switch|p2a: Hawlucha|Hawlucha, L80, M|256/256\n|move|p1a: Gurdurr|Drain Punch|p2a: Hawlucha\n|-resisted|p2a: Hawlucha\n|-damage|p2a: Hawlucha|202/256\n|-heal|p1a: Gurdurr|135/283|[from] drain|[of] p2a: Hawlucha\n|\n|upkeep\n|turn|20\n|\n|t:|1782820029\n|switch|p1a: Volbeat|Volbeat, L90, M|263/263\n|move|p2a: Hawlucha|Swords Dance|p2a: Hawlucha\n|-boost|p2a: Hawlucha|atk|2\n|\n|upkeep\n|turn|21\n|\n|t:|1782820033\n|switch|p2a: Regirock|Regirock, L83|235/268\n|-damage|p2a: Regirock|202/268|[from] Spikes\n|move|p1a: Volbeat|Encore||[still]\n|-fail|p1a: Volbeat\n|\n|upkeep\n|turn|22\n|\n|t:|1782820038\n|move|p1a: Volbeat|U-turn|p2a: Regirock\n|-damage|p2a: Regirock|166/268\n|\n|t:|1782820040\n|switch|p1a: Amoonguss|Amoonguss, L82, F|214/321|[from] U-turn\n|move|p2a: Regirock|Stone Edge|p1a: Amoonguss\n|-crit|p1a: Amoonguss\n|-damage|p1a: Amoonguss|3/321\n|\n|-heal|p1a: Amoonguss|23/321|[from] item: Leftovers\n|upkeep\n|turn|23\n|\n|t:|1782820047\n|switch|p1a: Gurdurr|Gurdurr, L85, M|135/283\n|move|p2a: Regirock|Body Press|p1a: Gurdurr\n|-crit|p1a: Gurdurr\n|-damage|p1a: Gurdurr|35/283\n|\n|upkeep\n|turn|24\n|\n|t:|1782820057\n|switch|p1a: Volbeat|Volbeat, L90, M|263/263\n|move|p2a: Regirock|Body Press|p1a: Volbeat\n|-resisted|p1a: Volbeat\n|-damage|p1a: Volbeat|208/263\n|\n|upkeep\n|turn|25\n|\n|t:|1782820065\n|switch|p2a: Hawlucha|Hawlucha, L80, M|202/256\n|move|p1a: Volbeat|U-turn|p2a: Hawlucha\n|-resisted|p2a: Hawlucha\n|-damage|p2a: Hawlucha|181/256\n|\n|t:|1782820075\n|switch|p1a: Articuno|Articuno-Galar, L84|288/288|[from] U-turn\n|\n|upkeep\n|turn|26\n|\n|t:|1782820078\n|move|p2a: Hawlucha|Stone Edge|p1a: Articuno\n|-supereffective|p1a: Articuno\n|-crit|p1a: Articuno\n|-damage|p1a: Articuno|96/288\n|move|p1a: Articuno|Freezing Glare|p2a: Hawlucha\n|-supereffective|p2a: Hawlucha\n|-damage|p2a: Hawlucha|0 fnt\n|faint|p2a: Hawlucha\n|\n|upkeep\n|\n|t:|1782820083\n|switch|p2a: Regirock|Regirock, L83|166/268\n|-damage|p2a: Regirock|133/268|[from] Spikes\n|turn|27\n|\n|t:|1782820090\n|switch|p1a: Gurdurr|Gurdurr, L85, M|35/283\n|move|p2a: Regirock|Stone Edge|p1a: Gurdurr\n|-resisted|p1a: Gurdurr\n|-damage|p1a: Gurdurr|0 fnt\n|faint|p1a: Gurdurr\n|\n|upkeep\n|c|\u2606Dizay976|triple crit !!\n|\n|t:|1782820107\n|switch|p1a: Volbeat|Volbeat, L90, M|208/263\n|turn|28\n|\n|t:|1782820109\n|move|p1a: Volbeat|Thunder Wave|p2a: Regirock\n|-status|p2a: Regirock|par\n|move|p2a: Regirock|Stone Edge|p1a: Volbeat\n|-supereffective|p1a: Volbeat\n|-damage|p1a: Volbeat|0 fnt\n|faint|p1a: Volbeat\n|\n|upkeep\n|\n|t:|1782820112\n|switch|p1a: Amoonguss|Amoonguss, L82, F|130/321\n|turn|29\n|\n|t:|1782820115\n|move|p1a: Amoonguss|Giga Drain|p2a: Regirock\n|-supereffective|p2a: Regirock\n|-damage|p2a: Regirock|13/268 par\n|-heal|p1a: Amoonguss|190/321|[from] drain|[of] p2a: Regirock\n|move|p2a: Regirock|Rest|p2a: Regirock\n|-status|p2a: Regirock|slp|[from] move: Rest\n|-heal|p2a: Regirock|268/268 slp|[silent]\n|-enditem|p2a: Regirock|Chesto Berry|[eat]\n|-curestatus|p2a: Regirock|slp|[msg]\n|\n|-heal|p1a: Amoonguss|210/321|[from] item: Leftovers\n|upkeep\n|turn|30\n|\n|t:|1782820121\n|switch|p2a: Calyrex|Calyrex, L93|286/337\n|-ability|p2a: Calyrex|Unnerve\n|-damage|p2a: Calyrex|244/337|[from] Spikes\n|move|p1a: Amoonguss|Spore|p2a: Calyrex\n|-immune|p2a: Calyrex\n|\n|-heal|p2a: Calyrex|265/337|[from] item: Leftovers\n|-heal|p1a: Amoonguss|230/321|[from] item: Leftovers\n|upkeep\n|turn|31\n|\n|t:|1782820125\n|switch|p1a: Articuno|Articuno-Galar, L84|96/288\n|move|p2a: Calyrex|Psyshock|p1a: Articuno\n|-resisted|p1a: Articuno\n|-damage|p1a: Articuno|47/288\n|\n|-heal|p2a: Calyrex|286/337|[from] item: Leftovers\n|upkeep\n|turn|32\n|\n|t:|1782820129\n|move|p1a: Articuno|Recover|p1a: Articuno\n|-heal|p1a: Articuno|191/288\n|move|p2a: Calyrex|Encore|p1a: Articuno\n|-start|p1a: Articuno|Encore\n|\n|-heal|p2a: Calyrex|307/337|[from] item: Leftovers\n|upkeep\n|turn|33\n|\n|t:|1782820134\n|move|p1a: Articuno|Recover|p1a: Articuno\n|-heal|p1a: Articuno|288/288\n|move|p2a: Calyrex|Psyshock|p1a: Articuno\n|-resisted|p1a: Articuno\n|-damage|p1a: Articuno|243/288\n|\n|-heal|p2a: Calyrex|328/337|[from] item: Leftovers\n|upkeep\n|turn|34\n|\n|t:|1782820138\n|move|p1a: Articuno|Recover|p1a: Articuno\n|-heal|p1a: Articuno|288/288\n|move|p2a: Calyrex|Giga Drain|p1a: Articuno\n|-resisted|p1a: Articuno\n|-damage|p1a: Articuno|249/288\n|-heal|p2a: Calyrex|337/337|[from] drain|[of] p1a: Articuno\n|\n|upkeep\n|turn|35\n|\n|t:|1782820140\n|move|p1a: Articuno|Recover|p1a: Articuno\n|-heal|p1a: Articuno|288/288\n|move|p2a: Calyrex|Encore||[still]\n|-fail|p2a: Calyrex\n|\n|-end|p1a: Articuno|Encore\n|upkeep\n|turn|36\n|\n|t:|1782820142\n|move|p1a: Articuno|Hurricane|p2a: Calyrex|[miss]\n|-miss|p1a: Articuno|p2a: Calyrex\n|move|p2a: Calyrex|Encore|p1a: Articuno\n|-start|p1a: Articuno|Encore\n|\n|upkeep\n|turn|37\n|\n|t:|1782820146\n|switch|p2a: Registeel|Registeel, L81|192/262\n|-damage|p2a: Registeel|160/262|[from] Spikes\n|move|p1a: Articuno|Hurricane|p2a: Registeel\n|-resisted|p2a: Registeel\n|-damage|p2a: Registeel|113/262\n|\n|upkeep\n|turn|38\n|\n|t:|1782820151\n|switch|p1a: Amoonguss|Amoonguss, L82, F|321/321\n|move|p2a: Registeel|Rest|p2a: Registeel\n|-status|p2a: Registeel|slp|[from] move: Rest\n|-heal|p2a: Registeel|262/262 slp|[silent]\n|-enditem|p2a: Registeel|Chesto Berry|[eat]\n|-curestatus|p2a: Registeel|slp|[msg]\n|\n|upkeep\n|turn|39\n|\n|t:|1782820157\n|move|p2a: Registeel|Iron Defense|p2a: Registeel\n|-boost|p2a: Registeel|def|2\n|move|p1a: Amoonguss|Stomping Tantrum|p2a: Registeel\n|-supereffective|p2a: Registeel\n|-damage|p2a: Registeel|230/262\n|\n|upkeep\n|turn|40\n|\n|t:|1782820160\n|move|p2a: Registeel|Body Press|p1a: Amoonguss\n|-resisted|p1a: Amoonguss\n|-damage|p1a: Amoonguss|236/321\n|move|p1a: Amoonguss|Spore|p2a: Registeel\n|-status|p2a: Registeel|slp|[from] move: Spore\n|\n|-heal|p1a: Amoonguss|256/321|[from] item: Leftovers\n|upkeep\n|turn|41\n|\n|t:|1782820163\n|cant|p2a: Registeel|slp\n|move|p1a: Amoonguss|Stomping Tantrum|p2a: Registeel\n|-supereffective|p2a: Registeel\n|-damage|p2a: Registeel|194/262 slp\n|\n|-heal|p1a: Amoonguss|276/321|[from] item: Leftovers\n|upkeep\n|turn|42\n|\n|t:|1782820167\n|-curestatus|p2a: Registeel|slp|[msg]\n|move|p2a: Registeel|Iron Defense|p2a: Registeel\n|-boost|p2a: Registeel|def|2\n|move|p1a: Amoonguss|Stomping Tantrum|p2a: Registeel\n|-supereffective|p2a: Registeel\n|-damage|p2a: Registeel|170/262\n|\n|-heal|p1a: Amoonguss|296/321|[from] item: Leftovers\n|upkeep\n|turn|43\n|\n|t:|1782820169\n|move|p2a: Registeel|Iron Head|p1a: Amoonguss\n|-damage|p1a: Amoonguss|217/321\n|move|p1a: Amoonguss|Spore|p2a: Registeel\n|-status|p2a: Registeel|slp|[from] move: Spore\n|\n|-heal|p1a: Amoonguss|237/321|[from] item: Leftovers\n|upkeep\n|turn|44\n|\n|t:|1782820172\n|cant|p2a: Registeel|slp\n|move|p1a: Amoonguss|Giga Drain|p2a: Registeel\n|-resisted|p2a: Registeel\n|-damage|p2a: Registeel|147/262 slp\n|-heal|p1a: Amoonguss|249/321|[from] drain|[of] p2a: Registeel\n|\n|-heal|p1a: Amoonguss|269/321|[from] item: Leftovers\n|upkeep\n|turn|45\n|\n|t:|1782820176\n|-curestatus|p2a: Registeel|slp|[msg]\n|move|p2a: Registeel|Iron Defense|p2a: Registeel\n|-boost|p2a: Registeel|def|2\n|move|p1a: Amoonguss|Spore|p2a: Registeel\n|-status|p2a: Registeel|slp|[from] move: Spore\n|\n|-heal|p1a: Amoonguss|289/321|[from] item: Leftovers\n|upkeep\n|turn|46\n|\n|t:|1782820182\n|cant|p2a: Registeel|slp\n|move|p1a: Amoonguss|Giga Drain|p2a: Registeel\n|-resisted|p2a: Registeel\n|-damage|p2a: Registeel|122/262 slp\n|-heal|p1a: Amoonguss|302/321|[from] drain|[of] p2a: Registeel\n|\n|-heal|p1a: Amoonguss|321/321|[from] item: Leftovers\n|upkeep\n|turn|47\n|\n|t:|1782820185\n|switch|p1a: Articuno|Articuno-Galar, L84|288/288\n|-curestatus|p2a: Registeel|slp|[msg]\n|move|p2a: Registeel|Body Press|p1a: Articuno\n|-resisted|p1a: Articuno\n|-damage|p1a: Articuno|210/288\n|\n|upkeep\n|turn|48\n|\n|t:|1782820187\n|move|p1a: Articuno|Calm Mind|p1a: Articuno\n|-boost|p1a: Articuno|spa|1\n|-boost|p1a: Articuno|spd|1\n|move|p2a: Registeel|Iron Head|p1a: Articuno\n|-damage|p1a: Articuno|149/288\n|\n|upkeep\n|turn|49\n|\n|t:|1782820189\n|move|p1a: Articuno|Freezing Glare|p2a: Registeel\n|-resisted|p2a: Registeel\n|-damage|p2a: Registeel|64/262\n|move|p2a: Registeel|Iron Head|p1a: Articuno\n|-damage|p1a: Articuno|82/288\n|\n|upkeep\n|turn|50\n|\n|t:|1782820192\n|move|p1a: Articuno|Recover|p1a: Articuno\n|-heal|p1a: Articuno|226/288\n|move|p2a: Registeel|Iron Head|p1a: Articuno\n|-damage|p1a: Articuno|156/288\n|\n|upkeep\n|turn|51\n|\n|t:|1782820195\n|move|p1a: Articuno|Freezing Glare|p2a: Registeel\n|-resisted|p2a: Registeel\n|-damage|p2a: Registeel|0 fnt\n|faint|p2a: Registeel\n|\n|upkeep\n|\n|t:|1782820198\n|switch|p2a: Regirock|Regirock, L83|268/268\n|-damage|p2a: Regirock|235/268|[from] Spikes\n|turn|52\n|\n|t:|1782820205\n|-terastallize|p1a: Articuno|Steel\n|move|p1a: Articuno|Freezing Glare|p2a: Regirock\n|-damage|p2a: Regirock|84/268\n|move|p2a: Regirock|Body Press|p1a: Articuno\n|-supereffective|p1a: Articuno\n|-damage|p1a: Articuno|0 fnt\n|faint|p1a: Articuno\n|\n|upkeep\n|\n|t:|1782820209\n|switch|p1a: Amoonguss|Amoonguss, L82, F|321/321\n|turn|53\n|\n|t:|1782820212\n|move|p2a: Regirock|Stone Edge|p1a: Amoonguss\n|-crit|p1a: Amoonguss\n|-damage|p1a: Amoonguss|134/321\n|move|p1a: Amoonguss|Giga Drain|p2a: Regirock\n|-supereffective|p2a: Regirock\n|-damage|p2a: Regirock|0 fnt\n|-heal|p1a: Amoonguss|176/321|[from] drain|[of] p2a: Regirock\n|faint|p2a: Regirock\n|\n|-heal|p1a: Amoonguss|196/321|[from] item: Leftovers\n|upkeep\n|\n|t:|1782820214\n|switch|p2a: Calyrex|Calyrex, L93|337/337\n|-ability|p2a: Calyrex|Unnerve\n|-damage|p2a: Calyrex|295/337|[from] Spikes\n|turn|54\n|\n|t:|1782820218\n|move|p2a: Calyrex|Encore|p1a: Amoonguss\n|-start|p1a: Amoonguss|Encore\n|move|p1a: Amoonguss|Giga Drain|p2a: Calyrex\n|-resisted|p2a: Calyrex\n|-damage|p2a: Calyrex|262/337\n|-heal|p1a: Amoonguss|213/321|[from] drain|[of] p2a: Calyrex\n|\n|-heal|p2a: Calyrex|283/337|[from] item: Leftovers\n|-heal|p1a: Amoonguss|233/321|[from] item: Leftovers\n|upkeep\n|turn|55\n|\n|t:|1782820220\n|move|p2a: Calyrex|Psyshock|p1a: Amoonguss\n|-supereffective|p1a: Amoonguss\n|-damage|p1a: Amoonguss|9/321\n|move|p1a: Amoonguss|Giga Drain|p2a: Calyrex\n|-resisted|p2a: Calyrex\n|-damage|p2a: Calyrex|247/337\n|-heal|p1a: Amoonguss|27/321|[from] drain|[of] p2a: Calyrex\n|\n|-heal|p2a: Calyrex|268/337|[from] item: Leftovers\n|-heal|p1a: Amoonguss|47/321|[from] item: Leftovers\n|upkeep\n|turn|56\n|\n|t:|1782820223\n|move|p2a: Calyrex|Psyshock|p1a: Amoonguss\n|-supereffective|p1a: Amoonguss\n|-damage|p1a: Amoonguss|0 fnt\n|faint|p1a: Amoonguss\n|\n|win|Blooodfooort\n", "inputlog": ">version f8ac14003a5f27e1bdc8d8c59608a773c1cb96e5\n>start {\"formatid\":\"gen9randombattle\",\"seed\":\"sodium,ef8183672634fafda3bcb62d016c55d1\",\"rated\":\"Rated battle\"}\n>player p1 {\"name\":\"Dizay976\",\"avatar\":\"yellow\",\"rating\":2154,\"seed\":\"sodium,101d2ff3bcb3981108b2cc90b6316360\"}\n>player p2 {\"name\":\"Blooodfooort\",\"avatar\":\"169\",\"rating\":2099,\"seed\":\"sodium,92207f97f3faf1d5f519b58f7ae68c70\"}\n>p1 switch 4\n>p2 move heavyslam\n>p1 move uturn\n>p2 move fireblast\n>p1 switch 6\n>p1 move spikes\n>p2 switch 6\n>p1 switch 6\n>p2 move psyshock\n>p1 move uturn\n>p2 move encore\n>p1 switch 4\n>p1 switch 6\n>p2 move gigadrain\n>p1 switch 4\n>p1 move roost\n>p2 move encore\n>p1 move roost\n>p2 switch 5\n>p1 switch 3\n>p2 move curse\n>p1 move gigadrain\n>p2 switch 6\n>p1 move stompingtantrum\n>p2 move heavyslam\n>p1 switch 2\n>p2 move heavyslam\n>p1 move machpunch\n>p2 move dracometeor\n>p2 switch 2\n>p1 switch 5\n>p2 move hurricane\n>p1 move nastyplot\n>p2 move hydropump terastallize\n>p1 move psyshock\n>p2 move bugbuzz\n>p1 switch 6\n>p1 move freezingglare\n>p2 switch 3\n>p1 switch 5\n>p2 move ironhead\n>p1 move drainpunch\n>p2 switch 4\n>p1 switch 3\n>p2 move swordsdance\n>p1 move encore\n>p2 switch 6\n>p1 move uturn\n>p2 move stoneedge\n>p1 switch 2\n>p1 switch 3\n>p2 move bodypress\n>p1 switch 2\n>p2 move bodypress\n>p1 move uturn\n>p2 switch 6\n>p1 switch 5\n>p1 move freezingglare\n>p2 move stoneedge\n>p2 switch 6\n>p1 switch 2\n>p2 move stoneedge\n>chat \u2606Dizay976|triple crit !!\n>p1 switch 5\n>p1 move thunderwave\n>p2 move stoneedge\n>p1 switch 3\n>p1 move gigadrain\n>p2 move rest\n>p1 move spore\n>p2 switch 5\n>p1 switch 2\n>p2 move psyshock\n>p1 move recover\n>p2 move encore\n>p1 move recover\n>p2 move psyshock\n>p1 move recover\n>p2 move gigadrain\n>p1 move recover\n>p2 move encore\n>p1 move hurricane\n>p2 move encore\n>p1 move hurricane\n>p2 switch 4\n>p1 switch 2\n>p2 move rest\n>p1 move stompingtantrum\n>p2 move irondefense\n>p1 move spore\n>p2 move bodypress\n>p1 move stompingtantrum\n>p2 move rest\n>p1 move stompingtantrum\n>p2 move irondefense\n>p1 move spore\n>p2 move ironhead\n>p1 move gigadrain\n>p2 move bodypress\n>p1 move spore\n>p2 move irondefense\n>p1 move gigadrain\n>p2 move bodypress\n>p1 switch 2\n>p2 move bodypress\n>p1 move calmmind\n>p2 move ironhead\n>p1 move freezingglare\n>p2 move ironhead\n>p1 move recover\n>p2 move ironhead\n>p1 move freezingglare\n>p2 move bodypress\n>p2 switch 5\n>p1 move freezingglare terastallize\n>p2 move bodypress\n>p1 switch 2\n>p1 move gigadrain\n>p2 move stoneedge\n>p2 switch 4\n>p1 move sludgebomb\n>p2 move encore\n>p1 move gigadrain\n>p2 move psyshock\n>p1 move gigadrain\n>p2 move psyshock", "uploadtime": 1782819634, "views": 3, "formatid": "gen9randombattle", "rating": null, "private": 0, "password": null, "player_dets": [{"name": "Dizay976", "avatar": "yellow", "rating": 2154, "seed": "sodium,101d2ff3bcb3981108b2cc90b6316360"}, {"name": "Blooodfooort", "avatar": "169", "rating": 2099, "seed": "sodium,92207f97f3faf1d5f519b58f7ae68c70"}], "teams_full": [{"Articuno": {"name": "Articuno", "species": "Articuno-Galar", "speciesId": "articunogalar", "gender": "N", "shiny": false, "level": 84, "moves": ["hurricane", "freezingglare", "recover", "calmmind"], "ability": "Competitive", "evs": {"hp": 85, "atk": 0, "def": 85, "spa": 85, "spd": 85, "spe": 85}, "ivs": {"hp": 31, "atk": 0, "def": 31, "spa": 31, "spd": 31, "spe": 31}, "item": "Heavy-Duty Boots", "teraType": "Steel", "role": "Fast Bulky Setup", "bvs": {"hp": 90, "atk": 85, "def": 85, "spa": 125, "spd": 100, "spe": 95}, "stats": {"hp": 288, "atk": 147, "def": 191, "spa": 258, "spd": 216, "spe": 208}, "types": ["Psychic", "Flying"]}, "Gurdurr": {"name": "Gurdurr", "species": "Gurdurr", "speciesId": "gurdurr", "gender": "M", "shiny": false, "level": 85, "moves": ["machpunch", "drainpunch", "defog", "knockoff"], "ability": "Guts", "evs": {"hp": 85, "atk": 85, "def": 85, "spa": 85, "spd": 85, "spe": 85}, "ivs": {"hp": 31, "atk": 31, "def": 31, "spa": 31, "spd": 31, "spe": 31}, "item": "Eviolite", "teraType": "Steel", "role": "Bulky Attacker", "bvs": {"hp": 85, "atk": 105, "def": 85, "spa": 40, "spd": 50, "spe": 40}, "stats": {"hp": 283, "atk": 227, "def": 193, "spa": 117, "spd": 134, "spe": 117}, "types": ["Fighting"]}, "Amoonguss": {"name": "Amoonguss", "species": "Amoonguss", "speciesId": "amoonguss", "gender": "F", "shiny": false, "level": 82, "moves": ["stompingtantrum", "gigadrain", "sludgebomb", "spore"], "ability": "Regenerator", "evs": {"hp": 85, "atk": 85, "def": 85, "spa": 85, "spd": 85, "spe": 85}, "ivs": {"hp": 31, "atk": 31, "def": 31, "spa": 31, "spd": 31, "spe": 31}, "item": "Leftovers", "teraType": "Water", "role": "Bulky Attacker", "bvs": {"hp": 114, "atk": 85, "def": 70, "spa": 85, "spd": 80, "spe": 30}, "stats": {"hp": 321, "atk": 187, "def": 162, "spa": 187, "spd": 178, "spe": 96}, "types": ["Grass", "Poison"]}, "Volbeat": {"name": "Volbeat", "species": "Volbeat", "speciesId": "volbeat", "gender": "M", "shiny": false, "level": 90, "moves": ["roost", "encore", "thunderwave", "uturn"], "ability": "Prankster", "evs": {"hp": 85, "atk": 85, "def": 85, "spa": 85, "spd": 85, "spe": 85}, "ivs": {"hp": 31, "atk": 31, "def": 31, "spa": 31, "spd": 31, "spe": 31}, "item": "Heavy-Duty Boots", "teraType": "Steel", "role": "Bulky Support", "bvs": {"hp": 65, "atk": 73, "def": 75, "spa": 47, "spd": 85, "spe": 85}, "stats": {"hp": 263, "atk": 183, "def": 186, "spa": 136, "spd": 204, "spe": 204}, "types": ["Bug"]}, "Delphox": {"name": "Delphox", "species": "Delphox", "speciesId": "delphox", "gender": "F", "shiny": false, "level": 84, "moves": ["focusblast", "psyshock", "fireblast", "nastyplot"], "ability": "Blaze", "evs": {"hp": 85, "atk": 0, "def": 85, "spa": 85, "spd": 85, "spe": 85}, "ivs": {"hp": 31, "atk": 0, "def": 31, "spa": 31, "spd": 31, "spe": 31}, "item": "Heavy-Duty Boots", "teraType": "Fighting", "role": "Fast Attacker", "bvs": {"hp": 75, "atk": 69, "def": 72, "spa": 114, "spd": 100, "spe": 104}, "stats": {"hp": 263, "atk": 120, "def": 169, "spa": 240, "spd": 216, "spe": 223}, "types": ["Fire", "Psychic"]}, "Quagsire": {"name": "Quagsire", "species": "Quagsire", "speciesId": "quagsire", "gender": "M", "shiny": false, "level": 84, "moves": ["toxic", "earthquake", "spikes", "recover"], "ability": "Unaware", "evs": {"hp": 85, "atk": 85, "def": 85, "spa": 85, "spd": 85, "spe": 85}, "ivs": {"hp": 31, "atk": 31, "def": 31, "spa": 31, "spd": 31, "spe": 31}, "item": "Leftovers", "teraType": "Steel", "role": "Bulky Support", "bvs": {"hp": 95, "atk": 85, "def": 85, "spa": 65, "spd": 65, "spe": 35}, "stats": {"hp": 297, "atk": 191, "def": 191, "spa": 157, "spd": 157, "spe": 107}, "types": ["Water", "Ground"]}}, {"Goodra": {"name": "Goodra", "species": "Goodra-Hisui", "speciesId": "goodrahisui", "gender": "M", "shiny": false, "level": 82, "moves": ["fireblast", "heavyslam", "dragontail", "dracometeor"], "ability": "Sap Sipper", "evs": {"hp": 85, "atk": 85, "def": 85, "spa": 85, "spd": 85, "spe": 85}, "ivs": {"hp": 31, "atk": 31, "def": 31, "spa": 31, "spd": 31, "spe": 31}, "item": "Assault Vest", "teraType": "Flying", "role": "AV Pivot", "bvs": {"hp": 80, "atk": 100, "def": 100, "spa": 110, "spd": 150, "spe": 60}, "stats": {"hp": 265, "atk": 211, "def": 211, "spa": 228, "spd": 293, "spe": 146}, "types": ["Steel", "Dragon"]}, "Masquerain": {"name": "Masquerain", "species": "Masquerain", "speciesId": "masquerain", "gender": "M", "shiny": false, "level": 87, "moves": ["hydropump", "quiverdance", "bugbuzz", "hurricane"], "ability": "Intimidate", "evs": {"hp": 85, "atk": 0, "def": 85, "spa": 85, "spd": 85, "spe": 85}, "ivs": {"hp": 31, "atk": 0, "def": 31, "spa": 31, "spd": 31, "spe": 31}, "item": "Heavy-Duty Boots", "teraType": "Water", "role": "Setup Sweeper", "bvs": {"hp": 70, "atk": 60, "def": 62, "spa": 100, "spd": 82, "spe": 80}, "stats": {"hp": 264, "atk": 109, "def": 158, "spa": 224, "spd": 192, "spe": 189}, "types": ["Bug", "Flying"]}, "Registeel": {"name": "Registeel", "species": "Registeel", "speciesId": "registeel", "gender": "N", "shiny": false, "level": 81, "moves": ["bodypress", "irondefense", "rest", "ironhead"], "ability": "Clear Body", "evs": {"hp": 85, "atk": 85, "def": 85, "spa": 85, "spd": 85, "spe": 85}, "ivs": {"hp": 31, "atk": 31, "def": 31, "spa": 31, "spd": 31, "spe": 31}, "item": "Chesto Berry", "teraType": "Fighting", "role": "Bulky Setup", "bvs": {"hp": 80, "atk": 75, "def": 150, "spa": 75, "spd": 150, "spe": 50}, "stats": {"hp": 262, "atk": 168, "def": 290, "spa": 168, "spd": 290, "spe": 128}, "types": ["Steel"]}, "Hawlucha": {"name": "Hawlucha", "species": "Hawlucha", "speciesId": "hawlucha", "gender": "M", "shiny": false, "level": 80, "moves": ["closecombat", "swordsdance", "acrobatics", "stoneedge"], "ability": "Unburden", "evs": {"hp": 85, "atk": 85, "def": 85, "spa": 85, "spd": 85, "spe": 85}, "ivs": {"hp": 31, "atk": 31, "def": 31, "spa": 31, "spd": 31, "spe": 31}, "item": "White Herb", "teraType": "Flying", "role": "Setup Sweeper", "bvs": {"hp": 78, "atk": 92, "def": 75, "spa": 74, "spd": 63, "spe": 118}, "stats": {"hp": 256, "atk": 193, "def": 166, "spa": 165, "spd": 147, "spe": 235}, "types": ["Fighting", "Flying"]}, "Regirock": {"name": "Regirock", "species": "Regirock", "speciesId": "regirock", "gender": "N", "shiny": false, "level": 83, "moves": ["bodypress", "stoneedge", "curse", "rest"], "ability": "Clear Body", "evs": {"hp": 85, "atk": 85, "def": 85, "spa": 85, "spd": 85, "spe": 85}, "ivs": {"hp": 31, "atk": 31, "def": 31, "spa": 31, "spd": 31, "spe": 31}, "item": "Chesto Berry", "teraType": "Fighting", "role": "Bulky Setup", "bvs": {"hp": 80, "atk": 100, "def": 200, "spa": 50, "spd": 100, "spe": 50}, "stats": {"hp": 268, "atk": 214, "def": 380, "spa": 131, "spd": 214, "spe": 131}, "types": ["Rock"]}, "Calyrex": {"name": "Calyrex", "species": "Calyrex", "speciesId": "calyrex", "gender": "N", "shiny": false, "level": 93, "moves": ["psyshock", "encore", "gigadrain", "bodypress"], "ability": "Unnerve", "evs": {"hp": 85, "atk": 0, "def": 85, "spa": 85, "spd": 85, "spe": 85}, "ivs": {"hp": 31, "atk": 0, "def": 31, "spa": 31, "spd": 31, "spe": 31}, "item": "Leftovers", "teraType": "Fighting", "role": "Bulky Attacker", "bvs": {"hp": 100, "atk": 80, "def": 80, "spa": 80, "spd": 80, "spe": 80}, "stats": {"hp": 337, "atk": 153, "def": 202, "spa": 202, "spd": 202, "spe": 202}, "types": ["Psychic", "Grass"]}}]}