{"id": "gen9randombattle-2641636078", "format": "[Gen 9] Random Battle", "players": ["CCS_Wolf", "MichaelderBeste2"], "log": "|badge|p2|silver|gen9randombattle|30-9\n|html|<div class=\"broadcast-red\"><strong>This battle is required to be public due to one or more player having a season medal.</strong><br />During the public phase, you can discuss the state of the ladder <a href=\"/seasondiscussion\">in a special chatroom.</a></div>\n|uhtml|medal-msg|<div class=\"broadcast-blue\">Curious what those medals under the avatar are? PS now has Ladder Seasons! For more information, check out the <a href=\"https://www.smogon.com/forums/threads/3740067/\">thread on Smogon.</a></div>\n|j|\u2606CCS_Wolf\n|j|\u2606MichaelderBeste2\n|t:|1782822705\n|gametype|singles\n|player|p1|CCS_Wolf|twins-gen4|2281\n|player|p2|MichaelderBeste2|#wcop2026germany|2495\n|gen|9\n|tier|[Gen 9] Random Battle\n|rated|\n|rule|Species Clause: Limit one of each Pok\u00e9mon\n|rule|HP Percentage Mod: HP is shown in percentages\n|rule|Sleep Clause Mod: Limit one foe put to sleep\n|rule|Illusion Level Mod: Illusion disguises the Pok\u00e9mon's true level\n|\n|t:|1782822705\n|teamsize|p1|6\n|teamsize|p2|6\n|start\n|switch|p1a: Florges|Florges-Blue, L85, F|271/271\n|switch|p2a: Mismagius|Mismagius, L86, F|243/243\n|turn|1\n|\n|t:|1782822728\n|switch|p2a: Mew|Mew, L82|298/298\n|switch|p1a: Honchkrow|Honchkrow, L86, F, shiny|312/312\n|\n|upkeep\n|turn|2\n|\n|t:|1782822734\n|move|p2a: Mew|U-turn|p1a: Honchkrow\n|-damage|p1a: Honchkrow|239/312\n|\n|t:|1782822736\n|switch|p2a: Coalossal|Coalossal, L89, F|341/341|[from] U-turn\n|move|p1a: Honchkrow|Lash Out|p2a: Coalossal\n|-damage|p2a: Coalossal|263/341\n|\n|upkeep\n|turn|3\n|\n|t:|1782822746\n|switch|p1a: Dudunsparce|Dudunsparce, L83, M|343/343\n|move|p2a: Coalossal|Will-O-Wisp|p1a: Dudunsparce\n|-status|p1a: Dudunsparce|brn\n|\n|-damage|p1a: Dudunsparce|322/343 brn|[from] brn\n|upkeep\n|turn|4\n|\n|t:|1782822755\n|switch|p2a: Mismagius|Mismagius, L86, F|243/243\n|move|p1a: Dudunsparce|Glare|p2a: Mismagius\n|-status|p2a: Mismagius|par\n|\n|-heal|p1a: Dudunsparce|343/343 brn|[from] item: Leftovers\n|-damage|p1a: Dudunsparce|322/343 brn|[from] brn\n|upkeep\n|turn|5\n|\n|t:|1782822768\n|switch|p1a: Chi-Yu|Chi-Yu, L77|211/211\n|-ability|p1a: Chi-Yu|Beads of Ruin\n|move|p2a: Mismagius|Thunderbolt|p1a: Chi-Yu\n|-damage|p1a: Chi-Yu|119/211\n|\n|upkeep\n|turn|6\n|\n|t:|1782822776\n|switch|p2a: Umbreon|Umbreon, L84, F|297/297\n|move|p1a: Chi-Yu|Dark Pulse|p2a: Umbreon\n|-resisted|p2a: Umbreon\n|-damage|p2a: Umbreon|249/297\n|\n|-heal|p2a: Umbreon|267/297|[from] item: Leftovers\n|upkeep\n|turn|7\n|j| schmettern\n|j| lilboymp4\n|\n|t:|1782822797\n|switch|p1a: Dudunsparce|Dudunsparce, L83, M|322/343 brn\n|move|p2a: Umbreon|Toxic||[still]\n|-fail|p2a: Umbreon\n|\n|-heal|p2a: Umbreon|285/297|[from] item: Leftovers\n|-heal|p1a: Dudunsparce|343/343 brn|[from] item: Leftovers\n|-damage|p1a: Dudunsparce|322/343 brn|[from] brn\n|upkeep\n|turn|8\n|\n|t:|1782822813\n|switch|p1a: Wugtrio|Wugtrio, L91, F|212/212\n|move|p2a: Umbreon|Protect||[still]\n|-fail|p2a: Umbreon\n|\n|-heal|p2a: Umbreon|297/297|[from] item: Leftovers\n|upkeep\n|turn|9\n|\n|t:|1782822821\n|switch|p1a: Dudunsparce|Dudunsparce, L83, M|322/343 brn\n|move|p2a: Umbreon|Toxic||[still]\n|-fail|p2a: Umbreon\n|\n|-heal|p1a: Dudunsparce|343/343 brn|[from] item: Leftovers\n|-damage|p1a: Dudunsparce|322/343 brn|[from] brn\n|upkeep\n|turn|10\n|\n|t:|1782822825\n|switch|p2a: Mismagius|Mismagius, L86, F|243/243 par\n|switch|p1a: Wugtrio|Wugtrio, L91, F|212/212\n|\n|upkeep\n|turn|11\n|\n|t:|1782822859\n|switch|p2a: Umbreon|Umbreon, L84, F|297/297\n|move|p1a: Wugtrio|Liquidation|p2a: Umbreon\n|-damage|p2a: Umbreon|170/297\n|\n|-heal|p2a: Umbreon|188/297|[from] item: Leftovers\n|upkeep\n|turn|12\n|\n|t:|1782822871\n|move|p1a: Wugtrio|Liquidation|p2a: Umbreon\n|-damage|p2a: Umbreon|61/297\n|move|p2a: Umbreon|Wish|p2a: Umbreon\n|\n|-heal|p2a: Umbreon|79/297|[from] item: Leftovers\n|upkeep\n|turn|13\n|\n|t:|1782822875\n|move|p2a: Umbreon|Protect|p2a: Umbreon\n|-singleturn|p2a: Umbreon|Protect\n|move|p1a: Wugtrio|Liquidation|p2a: Umbreon\n|-activate|p2a: Umbreon|move: Protect\n|\n|-heal|p2a: Umbreon|227/297|[from] move: Wish|[wisher] Umbreon\n|-heal|p2a: Umbreon|245/297|[from] item: Leftovers\n|upkeep\n|turn|14\n|\n|t:|1782822878\n|move|p1a: Wugtrio|Liquidation|p2a: Umbreon\n|-damage|p2a: Umbreon|109/297\n|-unboost|p2a: Umbreon|def|1\n|move|p2a: Umbreon|Toxic|p1a: Wugtrio\n|-status|p1a: Wugtrio|tox\n|\n|-heal|p2a: Umbreon|127/297|[from] item: Leftovers\n|-damage|p1a: Wugtrio|199/212 tox|[from] psn\n|upkeep\n|turn|15\n|\n|t:|1782822884\n|move|p2a: Umbreon|Protect|p2a: Umbreon\n|-singleturn|p2a: Umbreon|Protect\n|move|p1a: Wugtrio|Liquidation|p2a: Umbreon\n|-activate|p2a: Umbreon|move: Protect\n|\n|-heal|p2a: Umbreon|145/297|[from] item: Leftovers\n|-damage|p1a: Wugtrio|173/212 tox|[from] psn\n|upkeep\n|turn|16\n|\n|t:|1782822887\n|switch|p2a: Dragonite|Dragonite, L74, M|257/257\n|move|p1a: Wugtrio|Liquidation|p2a: Dragonite\n|-resisted|p2a: Dragonite\n|-damage|p2a: Dragonite|215/257\n|\n|-damage|p1a: Wugtrio|134/212 tox|[from] psn\n|upkeep\n|turn|17\n|\n|t:|1782822898\n|switch|p1a: Honchkrow|Honchkrow, L86, F, shiny|239/312\n|move|p2a: Dragonite|Dragon Dance|p2a: Dragonite\n|-boost|p2a: Dragonite|atk|1\n|-boost|p2a: Dragonite|spe|1\n|\n|upkeep\n|turn|18\n|\n|t:|1782822914\n|switch|p2a: Coalossal|Coalossal, L89, F|263/341\n|move|p1a: Honchkrow|Thunder Wave|p2a: Coalossal\n|-status|p2a: Coalossal|par\n|\n|upkeep\n|turn|19\n|\n|t:|1782822923\n|switch|p1a: Grumpig|Grumpig, L92, M|297/297\n|move|p2a: Coalossal|Stone Edge|p1a: Grumpig\n|-damage|p1a: Grumpig|174/297\n|\n|-heal|p1a: Grumpig|192/297|[from] item: Leftovers\n|upkeep\n|turn|20\n|\n|t:|1782822929\n|switch|p2a: Mew|Mew, L82|298/298\n|move|p1a: Grumpig|Nasty Plot|p1a: Grumpig\n|-boost|p1a: Grumpig|spa|2\n|\n|-heal|p1a: Grumpig|210/297|[from] item: Leftovers\n|upkeep\n|turn|21\n|\n|t:|1782822942\n|move|p2a: Mew|Knock Off|p1a: Grumpig\n|-supereffective|p1a: Grumpig\n|-damage|p1a: Grumpig|66/297\n|-enditem|p1a: Grumpig|Leftovers|[from] move: Knock Off|[of] p2a: Mew\n|move|p1a: Grumpig|Shadow Ball|p2a: Mew\n|-supereffective|p2a: Mew\n|-damage|p2a: Mew|62/298\n|-unboost|p2a: Mew|spd|1\n|\n|-heal|p2a: Mew|80/298|[from] item: Leftovers\n|upkeep\n|turn|22\n|\n|t:|1782822989\n|switch|p1a: Dudunsparce|Dudunsparce, L83, M|322/343 brn\n|move|p2a: Mew|U-turn|p1a: Dudunsparce\n|-damage|p1a: Dudunsparce|269/343 brn\n|\n|t:|1782822992\n|switch|p2a: Umbreon|Umbreon, L84, F|145/297|[from] U-turn\n|\n|-heal|p2a: Umbreon|163/297|[from] item: Leftovers\n|-heal|p1a: Dudunsparce|290/343 brn|[from] item: Leftovers\n|-damage|p1a: Dudunsparce|269/343 brn|[from] brn\n|upkeep\n|turn|23\n|\n|t:|1782822996\n|move|p2a: Umbreon|Protect|p2a: Umbreon\n|-singleturn|p2a: Umbreon|Protect\n|move|p1a: Dudunsparce|Glare|p2a: Umbreon\n|-activate|p2a: Umbreon|move: Protect\n|\n|-heal|p2a: Umbreon|181/297|[from] item: Leftovers\n|-heal|p1a: Dudunsparce|290/343 brn|[from] item: Leftovers\n|-damage|p1a: Dudunsparce|269/343 brn|[from] brn\n|upkeep\n|turn|24\n|\n|t:|1782822998\n|switch|p2a: Mismagius|Mismagius, L86, F|243/243 par\n|move|p1a: Dudunsparce|Glare|p2a: Mismagius\n|-fail|p2a: Mismagius|par\n|\n|-heal|p1a: Dudunsparce|290/343 brn|[from] item: Leftovers\n|-damage|p1a: Dudunsparce|269/343 brn|[from] brn\n|upkeep\n|turn|25\n|\n|t:|1782823006\n|switch|p2a: Umbreon|Umbreon, L84, F|181/297\n|move|p1a: Dudunsparce|Roost|p1a: Dudunsparce\n|-heal|p1a: Dudunsparce|343/343 brn\n|-singleturn|p1a: Dudunsparce|move: Roost\n|\n|-heal|p2a: Umbreon|199/297|[from] item: Leftovers\n|-damage|p1a: Dudunsparce|322/343 brn|[from] brn\n|upkeep\n|turn|26\n|\n|t:|1782823011\n|move|p2a: Umbreon|Protect|p2a: Umbreon\n|-singleturn|p2a: Umbreon|Protect\n|move|p1a: Dudunsparce|Glare|p2a: Umbreon\n|-activate|p2a: Umbreon|move: Protect\n|\n|-heal|p2a: Umbreon|217/297|[from] item: Leftovers\n|-heal|p1a: Dudunsparce|343/343 brn|[from] item: Leftovers\n|-damage|p1a: Dudunsparce|322/343 brn|[from] brn\n|upkeep\n|turn|27\n|\n|t:|1782823015\n|switch|p2a: Mismagius|Mismagius, L86, F|243/243 par\n|move|p1a: Dudunsparce|Glare|p2a: Mismagius\n|-fail|p2a: Mismagius|par\n|\n|-heal|p1a: Dudunsparce|343/343 brn|[from] item: Leftovers\n|-damage|p1a: Dudunsparce|322/343 brn|[from] brn\n|upkeep\n|turn|28\n|\n|t:|1782823019\n|move|p1a: Dudunsparce|Roost|p1a: Dudunsparce\n|-heal|p1a: Dudunsparce|343/343 brn\n|-singleturn|p1a: Dudunsparce|move: Roost\n|move|p2a: Mismagius|Thunderbolt|p1a: Dudunsparce\n|-damage|p1a: Dudunsparce|226/343 brn\n|\n|-heal|p1a: Dudunsparce|247/343 brn|[from] item: Leftovers\n|-damage|p1a: Dudunsparce|226/343 brn|[from] brn\n|upkeep\n|turn|29\n|\n|t:|1782823023\n|move|p1a: Dudunsparce|Roost|p1a: Dudunsparce\n|-heal|p1a: Dudunsparce|343/343 brn\n|-singleturn|p1a: Dudunsparce|move: Roost\n|move|p2a: Mismagius|Thunderbolt|p1a: Dudunsparce\n|-damage|p1a: Dudunsparce|232/343 brn\n|\n|-heal|p1a: Dudunsparce|253/343 brn|[from] item: Leftovers\n|-damage|p1a: Dudunsparce|232/343 brn|[from] brn\n|upkeep\n|turn|30\n|\n|t:|1782823027\n|switch|p1a: Florges|Florges-Blue, L85, F|271/271\n|move|p2a: Mismagius|Thunderbolt|p1a: Florges\n|-damage|p1a: Florges|205/271\n|\n|-heal|p1a: Florges|221/271|[from] item: Leftovers\n|upkeep\n|turn|31\n|\n|t:|1782823031\n|switch|p2a: Mew|Mew, L82|80/298\n|move|p1a: Florges|Calm Mind|p1a: Florges\n|-boost|p1a: Florges|spa|1\n|-boost|p1a: Florges|spd|1\n|\n|-heal|p2a: Mew|98/298|[from] item: Leftovers\n|-heal|p1a: Florges|237/271|[from] item: Leftovers\n|upkeep\n|turn|32\n|\n|t:|1782823035\n|move|p2a: Mew|Encore|p1a: Florges\n|-start|p1a: Florges|Encore\n|move|p1a: Florges|Calm Mind|p1a: Florges\n|-boost|p1a: Florges|spa|1\n|-boost|p1a: Florges|spd|1\n|\n|-heal|p2a: Mew|116/298|[from] item: Leftovers\n|-heal|p1a: Florges|253/271|[from] item: Leftovers\n|upkeep\n|turn|33\n|\n|t:|1782823041\n|switch|p1a: Honchkrow|Honchkrow, L86, F, shiny|239/312\n|move|p2a: Mew|U-turn|p1a: Honchkrow\n|-damage|p1a: Honchkrow|173/312\n|\n|t:|1782823046\n|switch|p2a: Coalossal|Coalossal, L89, F|263/341 par|[from] U-turn\n|\n|upkeep\n|turn|34\n|\n|t:|1782823054\n|switch|p1a: Dudunsparce|Dudunsparce, L83, M|232/343 brn\n|move|p2a: Coalossal|Stone Edge|p1a: Dudunsparce\n|-damage|p1a: Dudunsparce|117/343 brn\n|\n|-heal|p1a: Dudunsparce|138/343 brn|[from] item: Leftovers\n|-damage|p1a: Dudunsparce|117/343 brn|[from] brn\n|upkeep\n|turn|35\n|\n|t:|1782823059\n|switch|p2a: Mew|Mew, L82|116/298\n|move|p1a: Dudunsparce|Roost|p1a: Dudunsparce\n|-heal|p1a: Dudunsparce|289/343 brn\n|-singleturn|p1a: Dudunsparce|move: Roost\n|\n|-heal|p2a: Mew|134/298|[from] item: Leftovers\n|-heal|p1a: Dudunsparce|310/343 brn|[from] item: Leftovers\n|-damage|p1a: Dudunsparce|289/343 brn|[from] brn\n|upkeep\n|turn|36\n|\n|t:|1782823063\n|switch|p1a: Honchkrow|Honchkrow, L86, F, shiny|173/312\n|move|p2a: Mew|Encore||[still]\n|-fail|p2a: Mew\n|\n|-heal|p2a: Mew|152/298|[from] item: Leftovers\n|upkeep\n|turn|37\n|\n|t:|1782823068\n|switch|p2a: Coalossal|Coalossal, L89, F|263/341 par\n|move|p1a: Honchkrow|Lash Out|p2a: Coalossal\n|-damage|p2a: Coalossal|184/341 par\n|\n|upkeep\n|turn|38\n|\n|t:|1782823074\n|switch|p1a: Dudunsparce|Dudunsparce, L83, M|289/343 brn\n|move|p2a: Coalossal|Stone Edge|p1a: Dudunsparce\n|-damage|p1a: Dudunsparce|186/343 brn\n|\n|-heal|p1a: Dudunsparce|207/343 brn|[from] item: Leftovers\n|-damage|p1a: Dudunsparce|186/343 brn|[from] brn\n|upkeep\n|turn|39\n|\n|t:|1782823078\n|switch|p2a: Umbreon|Umbreon, L84, F|217/297\n|move|p1a: Dudunsparce|Glare||[still]\n|-status|p2a: Umbreon|par\n|-activate|p2a: Umbreon|ability: Synchronize\n|-fail|p2a: Umbreon\n|\n|-heal|p1a: Dudunsparce|207/343 brn|[from] item: Leftovers\n|-heal|p2a: Umbreon|235/297 par|[from] item: Leftovers\n|-damage|p1a: Dudunsparce|186/343 brn|[from] brn\n|upkeep\n|turn|40\n|\n|t:|1782823081\n|move|p1a: Dudunsparce|Roost|p1a: Dudunsparce\n|-heal|p1a: Dudunsparce|343/343 brn\n|-singleturn|p1a: Dudunsparce|move: Roost\n|move|p2a: Umbreon|Wish|p2a: Umbreon\n|\n|-heal|p2a: Umbreon|253/297 par|[from] item: Leftovers\n|-damage|p1a: Dudunsparce|322/343 brn|[from] brn\n|upkeep\n|turn|41\n|\n|t:|1782823093\n|switch|p1a: Grumpig|Grumpig, L92, M|66/297\n|switch|p2a: Mew|Mew, L82|152/298\n|\n|-heal|p2a: Mew|298/298|[from] move: Wish|[wisher] Umbreon\n|upkeep\n|turn|42\n|\n|t:|1782823100\n|switch|p1a: Honchkrow|Honchkrow, L86, F, shiny|173/312\n|move|p2a: Mew|U-turn|p1a: Honchkrow\n|-damage|p1a: Honchkrow|107/312\n|\n|t:|1782823109\n|switch|p2a: Coalossal|Coalossal, L89, F|184/341 par|[from] U-turn\n|\n|upkeep\n|turn|43\n|\n|t:|1782823112\n|move|p1a: Honchkrow|Lash Out|p2a: Coalossal\n|-damage|p2a: Coalossal|105/341 par\n|-status|p1a: Honchkrow|brn|[from] ability: Flame Body|[of] p2a: Coalossal\n|move|p2a: Coalossal|Stone Edge|p1a: Honchkrow\n|-supereffective|p1a: Honchkrow\n|-damage|p1a: Honchkrow|0 fnt\n|faint|p1a: Honchkrow\n|\n|upkeep\n|\n|t:|1782823119\n|switch|p1a: Chi-Yu|Chi-Yu, L77|119/211\n|-ability|p1a: Chi-Yu|Beads of Ruin\n|turn|44\n|\n|t:|1782823122\n|move|p1a: Chi-Yu|Dark Pulse|p2a: Coalossal\n|-damage|p2a: Coalossal|0 fnt\n|faint|p2a: Coalossal\n|\n|upkeep\n|\n|t:|1782823125\n|switch|p2a: Zebstrika|Zebstrika, L87, F|272/272\n|turn|45\n|\n|t:|1782823143\n|switch|p1a: Grumpig|Grumpig, L92, M|66/297\n|move|p2a: Zebstrika|Supercell Slam|p1a: Grumpig\n|-damage|p1a: Grumpig|0 fnt\n|faint|p1a: Grumpig\n|-damage|p2a: Zebstrika|245/272|[from] item: Life Orb\n|\n|upkeep\n|\n|t:|1782823145\n|switch|p1a: Florges|Florges-Blue, L85, F|253/271\n|turn|46\n|\n|t:|1782823148\n|switch|p2a: Mew|Mew, L82|298/298\n|move|p1a: Florges|Moonblast|p2a: Mew\n|-damage|p2a: Mew|196/298\n|\n|-heal|p2a: Mew|214/298|[from] item: Leftovers\n|-heal|p1a: Florges|269/271|[from] item: Leftovers\n|upkeep\n|turn|47\n|\n|t:|1782823157\n|switch|p1a: Wugtrio|Wugtrio, L91, F|134/212 tox\n|move|p2a: Mew|Knock Off|p1a: Wugtrio\n|-damage|p1a: Wugtrio|39/212 tox\n|-ability|p1a: Wugtrio|Gooey\n|-unboost|p2a: Mew|spe|1\n|-enditem|p1a: Wugtrio|Choice Band|[from] move: Knock Off|[of] p2a: Mew\n|\n|-heal|p2a: Mew|232/298|[from] item: Leftovers\n|-damage|p1a: Wugtrio|26/212 tox|[from] psn\n|upkeep\n|turn|48\n|\n|t:|1782823168\n|switch|p1a: Chi-Yu|Chi-Yu, L77|119/211\n|-ability|p1a: Chi-Yu|Beads of Ruin\n|switch|p2a: Dragonite|Dragonite, L74, M|215/257\n|\n|upkeep\n|turn|49\n|\n|t:|1782823172\n|move|p1a: Chi-Yu|Dark Pulse|p2a: Dragonite\n|-damage|p2a: Dragonite|82/257\n|cant|p2a: Dragonite|flinch\n|\n|upkeep\n|turn|50\n|\n|t:|1782823178\n|switch|p2a: Umbreon|Umbreon, L84, F|253/297 par\n|move|p1a: Chi-Yu|Dark Pulse|p2a: Umbreon\n|-resisted|p2a: Umbreon\n|-damage|p2a: Umbreon|207/297 par\n|\n|-heal|p2a: Umbreon|225/297 par|[from] item: Leftovers\n|upkeep\n|turn|51\n|\n|t:|1782823182\n|move|p1a: Chi-Yu|Nasty Plot|p1a: Chi-Yu\n|-boost|p1a: Chi-Yu|spa|2\n|move|p2a: Umbreon|Toxic|p1a: Chi-Yu\n|-status|p1a: Chi-Yu|tox\n|\n|-heal|p2a: Umbreon|243/297 par|[from] item: Leftovers\n|-damage|p1a: Chi-Yu|106/211 tox|[from] psn\n|upkeep\n|turn|52\n|\n|t:|1782823187\n|switch|p2a: Dragonite|Dragonite, L74, M|82/257\n|move|p1a: Chi-Yu|Fire Blast|p2a: Dragonite\n|-resisted|p2a: Dragonite\n|-damage|p2a: Dragonite|0 fnt\n|faint|p2a: Dragonite\n|\n|-damage|p1a: Chi-Yu|80/211 tox|[from] psn\n|upkeep\n|\n|t:|1782823190\n|switch|p2a: Zebstrika|Zebstrika, L87, F|245/272\n|turn|53\n|\n|t:|1782823193\n|switch|p1a: Wugtrio|Wugtrio, L91, F|26/212 tox\n|move|p2a: Zebstrika|High Horsepower|p1a: Wugtrio\n|-damage|p1a: Wugtrio|0 fnt\n|-ability|p1a: Wugtrio|Gooey\n|-unboost|p2a: Zebstrika|spe|1\n|faint|p1a: Wugtrio\n|-damage|p2a: Zebstrika|218/272|[from] item: Life Orb\n|\n|upkeep\n|\n|t:|1782823197\n|switch|p1a: Florges|Florges-Blue, L85, F|269/271\n|turn|54\n|\n|t:|1782823204\n|switch|p2a: Mew|Mew, L82|232/298\n|move|p1a: Florges|Moonblast|p2a: Mew\n|-damage|p2a: Mew|132/298\n|-unboost|p2a: Mew|spa|1\n|\n|-heal|p2a: Mew|150/298|[from] item: Leftovers\n|-heal|p1a: Florges|271/271|[from] item: Leftovers\n|upkeep\n|turn|55\n|\n|t:|1782823210\n|move|p2a: Mew|Knock Off|p1a: Florges\n|-resisted|p1a: Florges\n|-damage|p1a: Florges|229/271\n|-enditem|p1a: Florges|Leftovers|[from] move: Knock Off|[of] p2a: Mew\n|move|p1a: Florges|Moonblast|p2a: Mew\n|-crit|p2a: Mew\n|-damage|p2a: Mew|0 fnt\n|faint|p2a: Mew\n|\n|upkeep\n|\n|t:|1782823214\n|switch|p2a: Zebstrika|Zebstrika, L87, F|218/272\n|turn|56\n|\n|t:|1782823217\n|-terastallize|p1a: Florges|Ground\n|move|p2a: Zebstrika|High Horsepower|p1a: Florges\n|-damage|p1a: Florges|111/271\n|-damage|p2a: Zebstrika|191/272|[from] item: Life Orb\n|move|p1a: Florges|Moonblast|p2a: Zebstrika\n|-damage|p2a: Zebstrika|49/272\n|\n|upkeep\n|turn|57\n|\n|t:|1782823230\n|switch|p1a: Chi-Yu|Chi-Yu, L77|80/211 tox\n|-ability|p1a: Chi-Yu|Beads of Ruin\n|move|p2a: Zebstrika|High Horsepower|p1a: Chi-Yu\n|-supereffective|p1a: Chi-Yu\n|-damage|p1a: Chi-Yu|0 fnt\n|faint|p1a: Chi-Yu\n|-damage|p2a: Zebstrika|22/272|[from] item: Life Orb\n|\n|upkeep\n|\n|t:|1782823237\n|switch|p1a: Dudunsparce|Dudunsparce, L83, M|322/343 brn\n|turn|58\n|l| schmettern\n|\n|t:|1782823246\n|switch|p2a: Umbreon|Umbreon, L84, F|243/297 par\n|switch|p1a: Florges|Florges-Blue, L85, F, tera:Ground|111/271\n|\n|-heal|p2a: Umbreon|261/297 par|[from] item: Leftovers\n|upkeep\n|turn|59\n|\n|t:|1782823256\n|switch|p1a: Dudunsparce|Dudunsparce, L83, M|322/343 brn\n|-terastallize|p2a: Umbreon|Poison\n|move|p2a: Umbreon|Toxic||[still]\n|-fail|p2a: Umbreon\n|\n|-heal|p1a: Dudunsparce|343/343 brn|[from] item: Leftovers\n|-heal|p2a: Umbreon|279/297 par|[from] item: Leftovers\n|-damage|p1a: Dudunsparce|322/343 brn|[from] brn\n|upkeep\n|turn|60\n|\n|t:|1782823265\n|move|p1a: Dudunsparce|Glare|p2a: Umbreon\n|-fail|p2a: Umbreon|par\n|move|p2a: Umbreon|Foul Play|p1a: Dudunsparce\n|-damage|p1a: Dudunsparce|211/343 brn\n|\n|-heal|p1a: Dudunsparce|232/343 brn|[from] item: Leftovers\n|-heal|p2a: Umbreon|297/297 par|[from] item: Leftovers\n|-damage|p1a: Dudunsparce|211/343 brn|[from] brn\n|upkeep\n|turn|61\n|\n|t:|1782823275\n|move|p1a: Dudunsparce|Roost|p1a: Dudunsparce\n|-heal|p1a: Dudunsparce|343/343 brn\n|-singleturn|p1a: Dudunsparce|move: Roost\n|move|p2a: Umbreon|Foul Play|p1a: Dudunsparce\n|-damage|p1a: Dudunsparce|229/343 brn\n|\n|-heal|p1a: Dudunsparce|250/343 brn|[from] item: Leftovers\n|-damage|p1a: Dudunsparce|229/343 brn|[from] brn\n|upkeep\n|turn|62\n|\n|t:|1782823286\n|move|p1a: Dudunsparce|Headbutt|p2a: Umbreon\n|-damage|p2a: Umbreon|265/297 par\n|cant|p2a: Umbreon|par\n|\n|-heal|p1a: Dudunsparce|250/343 brn|[from] item: Leftovers\n|-heal|p2a: Umbreon|283/297 par|[from] item: Leftovers\n|-damage|p1a: Dudunsparce|229/343 brn|[from] brn\n|upkeep\n|turn|63\n|\n|t:|1782823292\n|move|p1a: Dudunsparce|Headbutt|p2a: Umbreon\n|-damage|p2a: Umbreon|251/297 par\n|cant|p2a: Umbreon|flinch\n|\n|-heal|p1a: Dudunsparce|250/343 brn|[from] item: Leftovers\n|-heal|p2a: Umbreon|269/297 par|[from] item: Leftovers\n|-damage|p1a: Dudunsparce|229/343 brn|[from] brn\n|upkeep\n|turn|64\n|\n|t:|1782823296\n|move|p2a: Umbreon|Protect|p2a: Umbreon\n|-singleturn|p2a: Umbreon|Protect\n|move|p1a: Dudunsparce|Headbutt|p2a: Umbreon\n|-activate|p2a: Umbreon|move: Protect\n|\n|-heal|p1a: Dudunsparce|250/343 brn|[from] item: Leftovers\n|-heal|p2a: Umbreon|287/297 par|[from] item: Leftovers\n|-damage|p1a: Dudunsparce|229/343 brn|[from] brn\n|upkeep\n|turn|65\n|\n|t:|1782823299\n|move|p1a: Dudunsparce|Headbutt|p2a: Umbreon\n|-damage|p2a: Umbreon|257/297 par\n|cant|p2a: Umbreon|flinch\n|\n|-heal|p1a: Dudunsparce|250/343 brn|[from] item: Leftovers\n|-heal|p2a: Umbreon|275/297 par|[from] item: Leftovers\n|-damage|p1a: Dudunsparce|229/343 brn|[from] brn\n|upkeep\n|turn|66\n|\n|t:|1782823304\n|move|p1a: Dudunsparce|Earthquake|p2a: Umbreon\n|-supereffective|p2a: Umbreon\n|-damage|p2a: Umbreon|215/297 par\n|move|p2a: Umbreon|Foul Play|p1a: Dudunsparce\n|-damage|p1a: Dudunsparce|118/343 brn\n|\n|-heal|p1a: Dudunsparce|139/343 brn|[from] item: Leftovers\n|-heal|p2a: Umbreon|233/297 par|[from] item: Leftovers\n|-damage|p1a: Dudunsparce|118/343 brn|[from] brn\n|upkeep\n|turn|67\n|\n|t:|1782823325\n|move|p1a: Dudunsparce|Headbutt|p2a: Umbreon\n|-damage|p2a: Umbreon|203/297 par\n|move|p2a: Umbreon|Wish|p2a: Umbreon\n|\n|-heal|p1a: Dudunsparce|139/343 brn|[from] item: Leftovers\n|-heal|p2a: Umbreon|221/297 par|[from] item: Leftovers\n|-damage|p1a: Dudunsparce|118/343 brn|[from] brn\n|upkeep\n|turn|68\n|\n|t:|1782823329\n|move|p1a: Dudunsparce|Headbutt|p2a: Umbreon\n|-damage|p2a: Umbreon|192/297 par\n|cant|p2a: Umbreon|flinch\n|\n|-heal|p2a: Umbreon|297/297 par|[from] move: Wish|[wisher] Umbreon\n|-heal|p1a: Dudunsparce|139/343 brn|[from] item: Leftovers\n|-damage|p1a: Dudunsparce|118/343 brn|[from] brn\n|upkeep\n|turn|69\n|\n|t:|1782823334\n|move|p1a: Dudunsparce|Roost|p1a: Dudunsparce\n|-heal|p1a: Dudunsparce|290/343 brn\n|-singleturn|p1a: Dudunsparce|move: Roost\n|cant|p2a: Umbreon|par\n|\n|-heal|p1a: Dudunsparce|311/343 brn|[from] item: Leftovers\n|-damage|p1a: Dudunsparce|290/343 brn|[from] brn\n|upkeep\n|turn|70\n|\n|t:|1782823338\n|move|p1a: Dudunsparce|Headbutt|p2a: Umbreon\n|-damage|p2a: Umbreon|263/297 par\n|cant|p2a: Umbreon|flinch\n|\n|-heal|p1a: Dudunsparce|311/343 brn|[from] item: Leftovers\n|-heal|p2a: Umbreon|281/297 par|[from] item: Leftovers\n|-damage|p1a: Dudunsparce|290/343 brn|[from] brn\n|upkeep\n|turn|71\n|\n|t:|1782823342\n|move|p1a: Dudunsparce|Headbutt|p2a: Umbreon\n|-damage|p2a: Umbreon|248/297 par\n|cant|p2a: Umbreon|flinch\n|\n|-heal|p1a: Dudunsparce|311/343 brn|[from] item: Leftovers\n|-heal|p2a: Umbreon|266/297 par|[from] item: Leftovers\n|-damage|p1a: Dudunsparce|290/343 brn|[from] brn\n|upkeep\n|turn|72\n|\n|t:|1782823347\n|move|p2a: Umbreon|Protect|p2a: Umbreon\n|-singleturn|p2a: Umbreon|Protect\n|move|p1a: Dudunsparce|Headbutt|p2a: Umbreon\n|-activate|p2a: Umbreon|move: Protect\n|\n|-heal|p1a: Dudunsparce|311/343 brn|[from] item: Leftovers\n|-heal|p2a: Umbreon|284/297 par|[from] item: Leftovers\n|-damage|p1a: Dudunsparce|290/343 brn|[from] brn\n|upkeep\n|turn|73\n|\n|t:|1782823351\n|move|p1a: Dudunsparce|Earthquake|p2a: Umbreon\n|-supereffective|p2a: Umbreon\n|-damage|p2a: Umbreon|223/297 par\n|cant|p2a: Umbreon|par\n|\n|-heal|p1a: Dudunsparce|311/343 brn|[from] item: Leftovers\n|-heal|p2a: Umbreon|241/297 par|[from] item: Leftovers\n|-damage|p1a: Dudunsparce|290/343 brn|[from] brn\n|upkeep\n|turn|74\n|\n|t:|1782823356\n|cant|p2a: Umbreon|par\n|move|p1a: Dudunsparce|Headbutt|p2a: Umbreon\n|-damage|p2a: Umbreon|211/297 par\n|\n|-heal|p1a: Dudunsparce|311/343 brn|[from] item: Leftovers\n|-heal|p2a: Umbreon|229/297 par|[from] item: Leftovers\n|-damage|p1a: Dudunsparce|290/343 brn|[from] brn\n|upkeep\n|turn|75\n|\n|t:|1782823358\n|move|p1a: Dudunsparce|Earthquake|p2a: Umbreon\n|-supereffective|p2a: Umbreon\n|-damage|p2a: Umbreon|171/297 par\n|move|p2a: Umbreon|Wish|p2a: Umbreon\n|\n|-heal|p1a: Dudunsparce|311/343 brn|[from] item: Leftovers\n|-heal|p2a: Umbreon|189/297 par|[from] item: Leftovers\n|-damage|p1a: Dudunsparce|290/343 brn|[from] brn\n|upkeep\n|turn|76\n|\n|t:|1782823366\n|move|p1a: Dudunsparce|Earthquake|p2a: Umbreon\n|-supereffective|p2a: Umbreon\n|-damage|p2a: Umbreon|133/297 par\n|move|p2a: Umbreon|Foul Play|p1a: Dudunsparce\n|-damage|p1a: Dudunsparce|173/343 brn\n|\n|-heal|p2a: Umbreon|281/297 par|[from] move: Wish|[wisher] Umbreon\n|-heal|p1a: Dudunsparce|194/343 brn|[from] item: Leftovers\n|-heal|p2a: Umbreon|297/297 par|[from] item: Leftovers\n|-damage|p1a: Dudunsparce|173/343 brn|[from] brn\n|upkeep\n|turn|77\n|\n|t:|1782823372\n|move|p1a: Dudunsparce|Headbutt|p2a: Umbreon\n|-damage|p2a: Umbreon|263/297 par\n|move|p2a: Umbreon|Foul Play|p1a: Dudunsparce\n|-damage|p1a: Dudunsparce|53/343 brn\n|\n|-heal|p1a: Dudunsparce|74/343 brn|[from] item: Leftovers\n|-heal|p2a: Umbreon|281/297 par|[from] item: Leftovers\n|-damage|p1a: Dudunsparce|53/343 brn|[from] brn\n|upkeep\n|turn|78\n|\n|t:|1782823383\n|move|p1a: Dudunsparce|Headbutt|p2a: Umbreon\n|-crit|p2a: Umbreon\n|-damage|p2a: Umbreon|236/297 par\n|cant|p2a: Umbreon|flinch\n|\n|-heal|p1a: Dudunsparce|74/343 brn|[from] item: Leftovers\n|-heal|p2a: Umbreon|254/297 par|[from] item: Leftovers\n|-damage|p1a: Dudunsparce|53/343 brn|[from] brn\n|upkeep\n|turn|79\n|\n|t:|1782823385\n|move|p2a: Umbreon|Protect|p2a: Umbreon\n|-singleturn|p2a: Umbreon|Protect\n|move|p1a: Dudunsparce|Earthquake|p2a: Umbreon\n|-activate|p2a: Umbreon|move: Protect\n|\n|-heal|p1a: Dudunsparce|74/343 brn|[from] item: Leftovers\n|-heal|p2a: Umbreon|272/297 par|[from] item: Leftovers\n|-damage|p1a: Dudunsparce|53/343 brn|[from] brn\n|upkeep\n|turn|80\n|\n|t:|1782823389\n|move|p1a: Dudunsparce|Roost|p1a: Dudunsparce\n|-heal|p1a: Dudunsparce|225/343 brn\n|-singleturn|p1a: Dudunsparce|move: Roost\n|cant|p2a: Umbreon|par\n|\n|-heal|p1a: Dudunsparce|246/343 brn|[from] item: Leftovers\n|-heal|p2a: Umbreon|290/297 par|[from] item: Leftovers\n|-damage|p1a: Dudunsparce|225/343 brn|[from] brn\n|upkeep\n|turn|81\n|\n|t:|1782823393\n|move|p1a: Dudunsparce|Headbutt|p2a: Umbreon\n|-damage|p2a: Umbreon|258/297 par\n|cant|p2a: Umbreon|flinch\n|\n|-heal|p1a: Dudunsparce|246/343 brn|[from] item: Leftovers\n|-heal|p2a: Umbreon|276/297 par|[from] item: Leftovers\n|-damage|p1a: Dudunsparce|225/343 brn|[from] brn\n|upkeep\n|turn|82\n|\n|t:|1782823397\n|move|p1a: Dudunsparce|Headbutt|p2a: Umbreon\n|-damage|p2a: Umbreon|247/297 par\n|cant|p2a: Umbreon|par\n|\n|-heal|p1a: Dudunsparce|246/343 brn|[from] item: Leftovers\n|-heal|p2a: Umbreon|265/297 par|[from] item: Leftovers\n|-damage|p1a: Dudunsparce|225/343 brn|[from] brn\n|upkeep\n|turn|83\n|\n|t:|1782823402\n|move|p2a: Umbreon|Protect|p2a: Umbreon\n|-singleturn|p2a: Umbreon|Protect\n|move|p1a: Dudunsparce|Earthquake|p2a: Umbreon\n|-activate|p2a: Umbreon|move: Protect\n|\n|-heal|p1a: Dudunsparce|246/343 brn|[from] item: Leftovers\n|-heal|p2a: Umbreon|283/297 par|[from] item: Leftovers\n|-damage|p1a: Dudunsparce|225/343 brn|[from] brn\n|upkeep\n|turn|84\n|\n|t:|1782823452\n|move|p1a: Dudunsparce|Headbutt|p2a: Umbreon\n|-damage|p2a: Umbreon|250/297 par\n|cant|p2a: Umbreon|flinch\n|\n|-heal|p1a: Dudunsparce|246/343 brn|[from] item: Leftovers\n|-heal|p2a: Umbreon|268/297 par|[from] item: Leftovers\n|-damage|p1a: Dudunsparce|225/343 brn|[from] brn\n|upkeep\n|turn|85\n|\n|t:|1782823457\n|move|p2a: Umbreon|Protect|p2a: Umbreon\n|-singleturn|p2a: Umbreon|Protect\n|move|p1a: Dudunsparce|Earthquake|p2a: Umbreon\n|-activate|p2a: Umbreon|move: Protect\n|\n|-heal|p1a: Dudunsparce|246/343 brn|[from] item: Leftovers\n|-heal|p2a: Umbreon|286/297 par|[from] item: Leftovers\n|-damage|p1a: Dudunsparce|225/343 brn|[from] brn\n|upkeep\n|turn|86\n|\n|t:|1782823476\n|move|p1a: Dudunsparce|Headbutt|p2a: Umbreon\n|-damage|p2a: Umbreon|256/297 par\n|cant|p2a: Umbreon|flinch\n|\n|-heal|p1a: Dudunsparce|246/343 brn|[from] item: Leftovers\n|-heal|p2a: Umbreon|274/297 par|[from] item: Leftovers\n|-damage|p1a: Dudunsparce|225/343 brn|[from] brn\n|upkeep\n|turn|87\n|\n|t:|1782823489\n|move|p1a: Dudunsparce|Earthquake|p2a: Umbreon\n|-supereffective|p2a: Umbreon\n|-damage|p2a: Umbreon|212/297 par\n|move|p2a: Umbreon|Foul Play|p1a: Dudunsparce\n|-damage|p1a: Dudunsparce|111/343 brn\n|\n|-heal|p1a: Dudunsparce|132/343 brn|[from] item: Leftovers\n|-heal|p2a: Umbreon|230/297 par|[from] item: Leftovers\n|-damage|p1a: Dudunsparce|111/343 brn|[from] brn\n|upkeep\n|turn|88\n|\n|t:|1782823512\n|move|p2a: Umbreon|Protect|p2a: Umbreon\n|-singleturn|p2a: Umbreon|Protect\n|move|p1a: Dudunsparce|Headbutt|p2a: Umbreon\n|-activate|p2a: Umbreon|move: Protect\n|\n|-heal|p1a: Dudunsparce|132/343 brn|[from] item: Leftovers\n|-heal|p2a: Umbreon|248/297 par|[from] item: Leftovers\n|-damage|p1a: Dudunsparce|111/343 brn|[from] brn\n|upkeep\n|turn|89\n|\n|t:|1782823529\n|move|p1a: Dudunsparce|Headbutt|p2a: Umbreon\n|-damage|p2a: Umbreon|216/297 par\n|cant|p2a: Umbreon|flinch\n|\n|-heal|p1a: Dudunsparce|132/343 brn|[from] item: Leftovers\n|-heal|p2a: Umbreon|234/297 par|[from] item: Leftovers\n|-damage|p1a: Dudunsparce|111/343 brn|[from] brn\n|upkeep\n|turn|90\n|l| lilboymp4\n|\n|t:|1782823569\n|switch|p1a: Florges|Florges-Blue, L85, F, tera:Ground|111/271\n|cant|p2a: Umbreon|par\n|\n|-heal|p2a: Umbreon|252/297 par|[from] item: Leftovers\n|upkeep\n|turn|91\n|\n|t:|1782823585\n|move|p1a: Florges|Tera Blast|p2a: Umbreon|[anim] Tera Blast Ground\n|-supereffective|p2a: Umbreon\n|-damage|p2a: Umbreon|108/297 par\n|move|p2a: Umbreon|Toxic|p1a: Florges\n|-status|p1a: Florges|tox\n|\n|-heal|p2a: Umbreon|126/297 par|[from] item: Leftovers\n|-damage|p1a: Florges|95/271 tox|[from] psn\n|upkeep\n|turn|92\n|-message|CCS_Wolf forfeited.\n|\n|win|MichaelderBeste2\n", "inputlog": ">version f8ac14003a5f27e1bdc8d8c59608a773c1cb96e5\n>start {\"formatid\":\"gen9randombattle\",\"seed\":\"sodium,efc18bd4d6e24cb4e374821635b0ecba\",\"rated\":\"Rated battle\"}\n>player p1 {\"name\":\"CCS_Wolf\",\"avatar\":\"twins-gen4\",\"rating\":2281,\"seed\":\"sodium,c4f26a7a88f39003dca0dfbe0be50d42\"}\n>player p2 {\"name\":\"MichaelderBeste2\",\"avatar\":\"#wcop2026germany\",\"rating\":2495,\"seed\":\"sodium,39009d065ace114ad3c87b3e3a82e5d8\"}\n>p1 switch 6\n>p2 switch 5\n>p1 move lashout\n>p2 move uturn\n>p2 switch 2\n>p1 switch 2\n>p2 move willowisp\n>p1 move glare\n>p2 switch 5\n>p1 switch 4\n>p2 move thunderbolt\n>p1 move darkpulse\n>p2 switch 6\n>p1 switch 4\n>p2 move toxic\n>p1 switch 5\n>p2 move protect\n>p1 switch 5\n>p2 move toxic\n>p1 switch 5\n>p2 switch 6\n>p1 move liquidation\n>p2 switch 6\n>p1 move liquidation\n>p2 move wish\n>p1 move liquidation\n>p2 move protect\n>p1 move liquidation\n>p2 move toxic\n>p1 move liquidation\n>p2 move protect\n>p1 move liquidation\n>p2 switch 4\n>p1 switch 2\n>p2 move dragondance\n>p1 move thunderwave\n>p2 switch 5\n>p1 switch 3\n>p2 move stoneedge\n>p1 move nastyplot\n>p2 switch 2\n>p1 move shadowball\n>p2 move knockoff\n>p1 switch 5\n>p2 move uturn\n>p2 switch 4\n>p1 move glare\n>p2 move protect\n>p1 move glare\n>p2 switch 6\n>p1 move roost\n>p2 switch 6\n>p1 move glare\n>p2 move protect\n>p1 move glare\n>p2 switch 6\n>p1 move roost\n>p2 move thunderbolt\n>p1 move roost\n>p2 move thunderbolt\n>p1 switch 6\n>p2 move thunderbolt\n>p1 move calmmind\n>p2 switch 4\n>p1 move moonblast\n>p2 move encore\n>p1 switch 3\n>p2 move uturn\n>p2 switch 2\n>p1 switch 6\n>p2 move stoneedge\n>p1 move roost\n>p2 switch 2\n>p1 switch 6\n>p2 move encore\n>p1 move lashout\n>p2 switch 2\n>p1 switch 6\n>p2 move stoneedge\n>p1 move glare\n>p2 switch 6\n>p1 move roost\n>p2 move wish\n>p1 switch 5\n>p2 switch 2\n>p1 switch 6\n>p2 move uturn\n>p2 switch 6\n>p1 move lashout\n>p2 move stoneedge\n>p1 switch 4\n>p1 move darkpulse\n>p2 move stoneedge\n>p2 switch 3\n>p1 switch 6\n>p2 move supercellslam\n>p1 switch 3\n>p1 move moonblast\n>p2 switch 6\n>p1 switch 2\n>p2 move knockoff\n>p1 switch 6\n>p2 switch 5\n>p1 move darkpulse\n>p2 move earthquake\n>p1 move darkpulse\n>p2 switch 2\n>p1 move nastyplot\n>p2 move toxic\n>p1 move fireblast\n>p2 switch 2\n>p2 switch 6\n>p1 switch 6\n>p2 move highhorsepower\n>p1 switch 2\n>p1 move moonblast\n>p2 switch 5\n>p1 move moonblast\n>p2 move knockoff\n>p2 switch 5\n>p1 move moonblast terastallize\n>p2 move highhorsepower\n>p1 switch 6\n>p2 move highhorsepower\n>p1 switch 5\n>p1 switch 6\n>p2 switch 2\n>p1 switch 6\n>p2 move toxic terastallize\n>p1 move glare\n>p2 move foulplay\n>p1 move roost\n>p2 move foulplay\n>p1 move headbutt\n>p2 move foulplay\n>p1 move headbutt\n>p2 move foulplay\n>p1 move headbutt\n>p2 move protect\n>p1 move headbutt\n>p2 move foulplay\n>p1 move earthquake\n>p2 move foulplay\n>p1 move headbutt\n>p2 move wish\n>p1 move headbutt\n>p2 move foulplay\n>p1 move roost\n>p2 move foulplay\n>p1 move headbutt\n>p2 move foulplay\n>p1 move headbutt\n>p2 move foulplay\n>p1 move headbutt\n>p2 move protect\n>p1 move earthquake\n>p2 move foulplay\n>p1 move headbutt\n>p2 move protect\n>p1 move earthquake\n>p2 move wish\n>p1 move earthquake\n>p2 move foulplay\n>p1 move headbutt\n>p2 move foulplay\n>p1 move headbutt\n>p2 move foulplay\n>p1 move earthquake\n>p2 move protect\n>p1 move roost\n>p2 move wish\n>p1 move headbutt\n>p2 move foulplay\n>p1 move headbutt\n>p2 move foulplay\n>p1 move earthquake\n>p2 move protect\n>p1 move headbutt\n>p2 move foulplay\n>p1 move earthquake\n>p2 move protect\n>p1 move headbutt\n>p2 move foulplay\n>p1 move earthquake\n>p2 move foulplay\n>p1 move headbutt\n>p2 move protect\n>p1 move headbutt\n>p2 move wish\n>p1 switch 6\n>p2 move protect\n>p1 move terablast\n>p2 move toxic\n>forcelose p1", "uploadtime": 1782822706, "views": 4, "formatid": "gen9randombattle", "rating": null, "private": 0, "password": null, "player_dets": [{"name": "CCS_Wolf", "avatar": "twins-gen4", "rating": 2281, "seed": "sodium,c4f26a7a88f39003dca0dfbe0be50d42"}, {"name": "MichaelderBeste2", "avatar": "#wcop2026germany", "rating": 2495, "seed": "sodium,39009d065ace114ad3c87b3e3a82e5d8"}], "teams_full": [{"Florges": {"name": "Florges", "species": "Florges-Blue", "speciesId": "florges", "gender": "F", "shiny": false, "level": 85, "moves": ["synthesis", "calmmind", "terablast", "moonblast"], "ability": "Flower Veil", "evs": {"hp": 85, "atk": 0, "def": 85, "spa": 85, "spd": 85, "spe": 85}, "ivs": {"hp": 31, "atk": 0, "def": 31, "spa": 31, "spd": 31, "spe": 31}, "item": "Leftovers", "teraType": "Ground", "role": "Tera Blast user", "bvs": {"hp": 78, "atk": 65, "def": 68, "spa": 112, "spd": 154, "spe": 75}, "stats": {"hp": 271, "atk": 115, "def": 164, "spa": 239, "spd": 311, "spe": 176}, "types": ["Fairy"]}, "Dudunsparce": {"name": "Dudunsparce", "species": "Dudunsparce", "speciesId": "dudunsparce", "gender": "M", "shiny": false, "level": 83, "moves": ["earthquake", "headbutt", "roost", "glare"], "ability": "Serene Grace", "evs": {"hp": 85, "atk": 85, "def": 85, "spa": 85, "spd": 85, "spe": 85}, "ivs": {"hp": 31, "atk": 31, "def": 31, "spa": 31, "spd": 31, "spe": 31}, "item": "Leftovers", "teraType": "Ground", "role": "Bulky Support", "bvs": {"hp": 125, "atk": 100, "def": 80, "spa": 85, "spd": 75, "spe": 55}, "stats": {"hp": 343, "atk": 214, "def": 180, "spa": 189, "spd": 172, "spe": 139}, "types": ["Normal"]}, "Grumpig": {"name": "Grumpig", "species": "Grumpig", "speciesId": "grumpig", "gender": "M", "shiny": false, "level": 92, "moves": ["shadowball", "psychic", "focusblast", "nastyplot"], "ability": "Thick Fat", "evs": {"hp": 85, "atk": 0, "def": 85, "spa": 85, "spd": 85, "spe": 85}, "ivs": {"hp": 31, "atk": 0, "def": 31, "spa": 31, "spd": 31, "spe": 31}, "item": "Leftovers", "teraType": "Fighting", "role": "Bulky Setup", "bvs": {"hp": 80, "atk": 45, "def": 65, "spa": 90, "spd": 110, "spe": 80}, "stats": {"hp": 297, "atk": 87, "def": 172, "spa": 218, "spd": 255, "spe": 200}, "types": ["Psychic"]}, "Chi-Yu": {"name": "Chi-Yu", "species": "Chi-Yu", "speciesId": "chiyu", "gender": "N", "shiny": false, "level": 77, "moves": ["fireblast", "darkpulse", "psychic", "nastyplot"], "ability": "Beads of Ruin", "evs": {"hp": 85, "atk": 0, "def": 85, "spa": 85, "spd": 85, "spe": 85}, "ivs": {"hp": 31, "atk": 0, "def": 31, "spa": 31, "spd": 31, "spe": 31}, "item": "Heavy-Duty Boots", "teraType": "Dark", "role": "Setup Sweeper", "bvs": {"hp": 55, "atk": 80, "def": 80, "spa": 135, "spd": 120, "spe": 100}, "stats": {"hp": 211, "atk": 128, "def": 168, "spa": 252, "spd": 229, "spe": 199}, "types": ["Dark", "Fire"]}, "Wugtrio": {"name": "Wugtrio", "species": "Wugtrio", "speciesId": "wugtrio", "gender": "F", "shiny": false, "level": 91, "moves": ["liquidation", "throatchop", "aquajet", "stompingtantrum"], "ability": "Gooey", "evs": {"hp": 85, "atk": 85, "def": 85, "spa": 85, "spd": 85, "spe": 85}, "ivs": {"hp": 31, "atk": 31, "def": 31, "spa": 31, "spd": 31, "spe": 31}, "item": "Choice Band", "teraType": "Dark", "role": "Fast Attacker", "bvs": {"hp": 35, "atk": 100, "def": 50, "spa": 50, "spd": 70, "spe": 120}, "stats": {"hp": 212, "atk": 234, "def": 143, "spa": 143, "spd": 179, "spe": 270}, "types": ["Water"]}, "Honchkrow": {"name": "Honchkrow", "species": "Honchkrow", "speciesId": "honchkrow", "gender": "F", "shiny": true, "level": 86, "moves": ["lashout", "thunderwave", "bravebird", "suckerpunch"], "ability": "Moxie", "evs": {"hp": 85, "atk": 85, "def": 85, "spa": 85, "spd": 85, "spe": 85}, "ivs": {"hp": 31, "atk": 31, "def": 31, "spa": 31, "spd": 31, "spe": 31}, "item": "Heavy-Duty Boots", "teraType": "Flying", "role": "Wallbreaker", "bvs": {"hp": 100, "atk": 125, "def": 52, "spa": 105, "spd": 52, "spe": 71}, "stats": {"hp": 312, "atk": 264, "def": 139, "spa": 230, "spd": 139, "spe": 171}, "types": ["Dark", "Flying"]}}, {"Mismagius": {"name": "Mismagius", "species": "Mismagius", "speciesId": "mismagius", "gender": "F", "shiny": false, "level": 86, "moves": ["mysticalfire", "thunderbolt", "dazzlinggleam", "shadowball"], "ability": "Levitate", "evs": {"hp": 85, "atk": 0, "def": 85, "spa": 85, "spd": 85, "spe": 85}, "ivs": {"hp": 31, "atk": 0, "def": 31, "spa": 31, "spd": 31, "spe": 31}, "item": "Choice Specs", "teraType": "Fire", "role": "Wallbreaker", "bvs": {"hp": 60, "atk": 60, "def": 60, "spa": 105, "spd": 105, "spe": 105}, "stats": {"hp": 243, "atk": 108, "def": 152, "spa": 230, "spd": 230, "spe": 230}, "types": ["Ghost"]}, "Coalossal": {"name": "Coalossal", "species": "Coalossal", "speciesId": "coalossal", "gender": "F", "shiny": false, "level": 89, "moves": ["willowisp", "flamethrower", "stoneedge", "rapidspin"], "ability": "Flame Body", "evs": {"hp": 85, "atk": 85, "def": 85, "spa": 85, "spd": 85, "spe": 85}, "ivs": {"hp": 31, "atk": 31, "def": 31, "spa": 31, "spd": 31, "spe": 31}, "item": "Heavy-Duty Boots", "teraType": "Water", "role": "Bulky Support", "bvs": {"hp": 110, "atk": 80, "def": 120, "spa": 80, "spd": 90, "spe": 30}, "stats": {"hp": 341, "atk": 193, "def": 264, "spa": 193, "spd": 211, "spe": 104}, "types": ["Rock", "Fire"]}, "Zebstrika": {"name": "Zebstrika", "species": "Zebstrika", "speciesId": "zebstrika", "gender": "F", "shiny": false, "level": 87, "moves": ["voltswitch", "overheat", "supercellslam", "highhorsepower"], "ability": "Sap Sipper", "evs": {"hp": 85, "atk": 85, "def": 85, "spa": 85, "spd": 85, "spe": 85}, "ivs": {"hp": 31, "atk": 31, "def": 31, "spa": 31, "spd": 31, "spe": 31}, "item": "Life Orb", "teraType": "Ground", "role": "Fast Attacker", "bvs": {"hp": 75, "atk": 100, "def": 63, "spa": 80, "spd": 63, "spe": 116}, "stats": {"hp": 272, "atk": 224, "def": 159, "spa": 189, "spd": 159, "spe": 252}, "types": ["Electric"]}, "Dragonite": {"name": "Dragonite", "species": "Dragonite", "speciesId": "dragonite", "gender": "M", "shiny": false, "level": 74, "moves": ["outrage", "terablast", "dragondance", "earthquake"], "ability": "Multiscale", "evs": {"hp": 85, "atk": 85, "def": 85, "spa": 85, "spd": 85, "spe": 85}, "ivs": {"hp": 31, "atk": 31, "def": 31, "spa": 31, "spd": 31, "spe": 31}, "item": "Heavy-Duty Boots", "teraType": "Flying", "role": "Tera Blast user", "bvs": {"hp": 91, "atk": 134, "def": 95, "spa": 100, "spd": 100, "spe": 80}, "stats": {"hp": 257, "atk": 241, "def": 184, "spa": 191, "spd": 191, "spe": 161}, "types": ["Dragon", "Flying"]}, "Mew": {"name": "Mew", "species": "Mew", "speciesId": "mew", "gender": "N", "shiny": false, "level": 82, "moves": ["encore", "knockoff", "psychic", "uturn"], "ability": "Synchronize", "evs": {"hp": 85, "atk": 85, "def": 85, "spa": 85, "spd": 85, "spe": 85}, "ivs": {"hp": 31, "atk": 31, "def": 31, "spa": 31, "spd": 31, "spe": 31}, "item": "Leftovers", "teraType": "Dark", "role": "Bulky Support", "bvs": {"hp": 100, "atk": 100, "def": 100, "spa": 100, "spd": 100, "spe": 100}, "stats": {"hp": 298, "atk": 211, "def": 211, "spa": 211, "spd": 211, "spe": 211}, "types": ["Psychic"]}, "Umbreon": {"name": "Umbreon", "species": "Umbreon", "speciesId": "umbreon", "gender": "F", "shiny": false, "level": 84, "moves": ["toxic", "protect", "foulplay", "wish"], "ability": "Synchronize", "evs": {"hp": 85, "atk": 0, "def": 85, "spa": 85, "spd": 85, "spe": 85}, "ivs": {"hp": 31, "atk": 0, "def": 31, "spa": 31, "spd": 31, "spe": 31}, "item": "Leftovers", "teraType": "Poison", "role": "Bulky Support", "bvs": {"hp": 95, "atk": 65, "def": 110, "spa": 60, "spd": 130, "spe": 65}, "stats": {"hp": 297, "atk": 114, "def": 233, "spa": 149, "spd": 267, "spe": 157}, "types": ["Dark"]}}]}