{"id": "gen9randombattle-2641096343", "format": "[Gen 9] Random Battle", "players": ["zxjTaT", "oooooooooooooooi"], "log": "|j|\u2606zxjTaT\n|j|\u2606oooooooooooooooi\n|t:|1782739862\n|gametype|singles\n|player|p1|zxjTaT|169|1347\n|player|p2|oooooooooooooooi|102|1404\n|gen|9\n|tier|[Gen 9] Random Battle\n|rated|\n|rule|Species Clause: Limit one of each Pok\u00e9mon\n|rule|HP Percentage Mod: HP is shown in percentages\n|rule|Sleep Clause Mod: Limit one foe put to sleep\n|rule|Illusion Level Mod: Illusion disguises the Pok\u00e9mon's true level\n|\n|t:|1782739862\n|teamsize|p1|6\n|teamsize|p2|6\n|start\n|switch|p1a: Dragalge|Dragalge, L88, M|258/258\n|switch|p2a: Palossand|Palossand, L89, F|296/296\n|turn|1\n|inactive|Battle timer is ON: inactive players will automatically lose when time's up. (requested by oooooooooooooooi)\n|\n|t:|1782739890\n|switch|p1a: Rillaboom|Rillaboom, L79, M|288/288\n|-fieldstart|move: Grassy Terrain|[from] ability: Grassy Surge|[of] p1a: Rillaboom\n|move|p2a: Palossand|Earth Power|p1a: Rillaboom\n|-resisted|p1a: Rillaboom\n|-damage|p1a: Rillaboom|219/288\n|\n|-heal|p1a: Rillaboom|237/288|[from] Grassy Terrain\n|upkeep\n|turn|2\n|\n|t:|1782739912\n|switch|p2a: Wo-Chien|Wo-Chien, L83|277/277\n|-ability|p2a: Wo-Chien|Tablets of Ruin\n|move|p1a: Rillaboom|Wood Hammer|p2a: Wo-Chien\n|-resisted|p2a: Wo-Chien\n|-damage|p2a: Wo-Chien|185/277\n|-damage|p1a: Rillaboom|207/288|[from] Recoil\n|\n|-heal|p1a: Rillaboom|225/288|[from] Grassy Terrain\n|-heal|p2a: Wo-Chien|202/277|[from] Grassy Terrain\n|-heal|p2a: Wo-Chien|219/277|[from] item: Leftovers\n|upkeep\n|turn|3\n|\n|t:|1782739940\n|switch|p1a: Dragalge|Dragalge, L88, M|258/258\n|move|p2a: Wo-Chien|Knock Off|p1a: Dragalge\n|-damage|p1a: Dragalge|174/258\n|-enditem|p1a: Dragalge|Choice Specs|[from] move: Knock Off|[of] p2a: Wo-Chien\n|\n|-heal|p2a: Wo-Chien|236/277|[from] Grassy Terrain\n|-heal|p2a: Wo-Chien|253/277|[from] item: Leftovers\n|-heal|p1a: Dragalge|190/258|[from] Grassy Terrain\n|upkeep\n|turn|4\n|inactive|oooooooooooooooi has 120 seconds left.\n|\n|t:|1782739980\n|switch|p2a: Palossand|Palossand, L89, F|296/296\n|move|p1a: Dragalge|Sludge Wave|p2a: Palossand\n|-resisted|p2a: Palossand\n|-damage|p2a: Palossand|258/296\n|\n|-heal|p1a: Dragalge|206/258|[from] Grassy Terrain\n|-heal|p2a: Palossand|276/296|[from] Grassy Terrain\n|-heal|p2a: Palossand|294/296|[from] item: Leftovers\n|upkeep\n|turn|5\n|l|\u2606oooooooooooooooi\n|inactive|oooooooooooooooi disconnected and has a minute to reconnect!\n|player|p2|\n|inactive|zxjTaT has 120 seconds left.\n|j|\u2606oooooooooooooooi\n|inactive|oooooooooooooooi reconnected and has 85 seconds left.\n|player|p2|oooooooooooooooi|102|\n|\n|t:|1782740005\n|switch|p1a: Lumineon|Lumineon, L93, M|279/279\n|move|p2a: Palossand|Sludge Bomb|p1a: Lumineon\n|-damage|p1a: Lumineon|208/279\n|\n|-heal|p1a: Lumineon|225/279|[from] Grassy Terrain\n|-heal|p2a: Palossand|296/296|[from] Grassy Terrain\n|-fieldend|move: Grassy Terrain\n|upkeep\n|turn|6\n|inactive|oooooooooooooooi has 90 seconds left.\n|inactive|zxjTaT has 120 seconds left.\n|\n|t:|1782740016\n|switch|p1a: Rillaboom|Rillaboom, L79, M|225/288\n|-fieldstart|move: Grassy Terrain|[from] ability: Grassy Surge|[of] p1a: Rillaboom\n|-terastallize|p2a: Palossand|Water\n|move|p2a: Palossand|Shadow Ball|p1a: Rillaboom\n|-damage|p1a: Rillaboom|93/288\n|\n|-heal|p1a: Rillaboom|111/288|[from] Grassy Terrain\n|upkeep\n|turn|7\n|inactive|oooooooooooooooi has 90 seconds left.\n|inactive|zxjTaT has 120 seconds left.\n|\n|t:|1782740034\n|switch|p2a: Wo-Chien|Wo-Chien, L83|253/277\n|-ability|p2a: Wo-Chien|Tablets of Ruin\n|move|p1a: Rillaboom|Wood Hammer|p2a: Wo-Chien\n|-resisted|p2a: Wo-Chien\n|-damage|p2a: Wo-Chien|164/277\n|-damage|p1a: Rillaboom|82/288|[from] Recoil\n|\n|-heal|p1a: Rillaboom|100/288|[from] Grassy Terrain\n|-heal|p2a: Wo-Chien|181/277|[from] Grassy Terrain\n|-heal|p2a: Wo-Chien|198/277|[from] item: Leftovers\n|upkeep\n|turn|8\n|inactive|zxjTaT has 120 seconds left.\n|inactive|oooooooooooooooi has 90 seconds left.\n|\n|t:|1782740054\n|switch|p1a: Dragalge|Dragalge, L88, M|206/258\n|move|p2a: Wo-Chien|Stun Spore|p1a: Dragalge|[miss]\n|-miss|p2a: Wo-Chien|p1a: Dragalge\n|\n|-heal|p2a: Wo-Chien|215/277|[from] Grassy Terrain\n|-heal|p2a: Wo-Chien|232/277|[from] item: Leftovers\n|-heal|p1a: Dragalge|222/258|[from] Grassy Terrain\n|upkeep\n|turn|9\n|inactive|oooooooooooooooi has 90 seconds left.\n|\n|t:|1782740079\n|switch|p2a: Cetitan|Cetitan, L82, F|413/413\n|move|p1a: Dragalge|Flip Turn|p2a: Cetitan\n|-damage|p2a: Cetitan|367/413\n|\n|t:|1782740097\n|switch|p1a: Ceruledge|Ceruledge, L78, F|245/245|[from] Flip Turn\n|\n|-heal|p2a: Cetitan|392/413|[from] Grassy Terrain\n|upkeep\n|turn|10\n|\n|t:|1782740108\n|switch|p2a: Palossand|Palossand, L89, F, tera:Water|296/296\n|move|p1a: Ceruledge|Swords Dance|p1a: Ceruledge\n|-boost|p1a: Ceruledge|atk|2\n|\n|-fieldend|move: Grassy Terrain\n|upkeep\n|turn|11\n|\n|t:|1782740120\n|-terastallize|p1a: Ceruledge|Ghost\n|move|p1a: Ceruledge|Poltergeist|p2a: Palossand\n|-activate|p2a: Palossand|move: Poltergeist|Leftovers\n|-damage|p2a: Palossand|26/296\n|move|p2a: Palossand|Shadow Ball|p1a: Ceruledge\n|-supereffective|p1a: Ceruledge\n|-damage|p1a: Ceruledge|53/245\n|\n|-heal|p2a: Palossand|44/296|[from] item: Leftovers\n|upkeep\n|turn|12\n|inactive|oooooooooooooooi has 90 seconds left.\n|\n|t:|1782740132\n|move|p1a: Ceruledge|Poltergeist|p2a: Palossand\n|-activate|p2a: Palossand|move: Poltergeist|Leftovers\n|-damage|p2a: Palossand|0 fnt\n|faint|p2a: Palossand\n|\n|upkeep\n|\n|t:|1782740145\n|switch|p2a: Raikou|Raikou, L81|278/278\n|-ability|p2a: Raikou|Pressure\n|turn|13\n|inactive|zxjTaT has 90 seconds left.\n|\n|t:|1782740173\n|switch|p1a: Trevenant|Trevenant, L89, M|296/296\n|move|p2a: Raikou|Thunderbolt|p1a: Trevenant\n|-resisted|p1a: Trevenant\n|-damage|p1a: Trevenant|243/296\n|\n|upkeep\n|turn|14\n|inactive|oooooooooooooooi has 60 seconds left.\n|\n|t:|1782740207\n|switch|p2a: Hitmontop|Hitmontop, L88, M|231/231\n|move|p1a: Trevenant|Poltergeist|p2a: Hitmontop\n|-activate|p2a: Hitmontop|move: Poltergeist|Leftovers\n|-damage|p2a: Hitmontop|96/231\n|\n|-heal|p2a: Hitmontop|110/231|[from] item: Leftovers\n|upkeep\n|turn|15\n|inactive|zxjTaT has 90 seconds left.\n|\n|t:|1782740224\n|move|p2a: Hitmontop|Triple Axel|p1a: Trevenant\n|-supereffective|p1a: Trevenant\n|-damage|p1a: Trevenant|197/296\n|-supereffective|p1a: Trevenant\n|-damage|p1a: Trevenant|93/296\n|-enditem|p1a: Trevenant|Sitrus Berry|[eat]\n|-heal|p1a: Trevenant|167/296|[from] item: Sitrus Berry\n|-supereffective|p1a: Trevenant\n|-damage|p1a: Trevenant|25/296\n|-hitcount|p1a: Trevenant|3\n|move|p1a: Trevenant|Poltergeist|p2a: Hitmontop\n|-activate|p2a: Hitmontop|move: Poltergeist|Leftovers\n|-damage|p2a: Hitmontop|0 fnt\n|faint|p2a: Hitmontop\n|\n|upkeep\n|inactive|oooooooooooooooi has 60 seconds left.\n|\n|t:|1782740237\n|switch|p2a: Cetitan|Cetitan, L82, F|392/413\n|turn|16\n|inactive|zxjTaT has 90 seconds left.\n|\n|t:|1782740257\n|move|p2a: Cetitan|Icicle Crash|p1a: Trevenant\n|-supereffective|p1a: Trevenant\n|-damage|p1a: Trevenant|0 fnt\n|faint|p1a: Trevenant\n|\n|upkeep\n|\n|t:|1782740280\n|switch|p1a: Metagross|Metagross, L79|256/256\n|turn|17\n|\n|t:|1782740302\n|switch|p2a: Vaporeon|Vaporeon, L86, F|364/364\n|move|p1a: Metagross|Knock Off|p2a: Vaporeon\n|-damage|p2a: Vaporeon|260/364\n|-enditem|p2a: Vaporeon|Leftovers|[from] move: Knock Off|[of] p1a: Metagross\n|\n|upkeep\n|turn|18\n|\n|t:|1782740326\n|switch|p1a: Rillaboom|Rillaboom, L79, M|100/288\n|-fieldstart|move: Grassy Terrain|[from] ability: Grassy Surge|[of] p1a: Rillaboom\n|move|p2a: Vaporeon|Wish|p2a: Vaporeon\n|\n|-heal|p1a: Rillaboom|118/288|[from] Grassy Terrain\n|-heal|p2a: Vaporeon|282/364|[from] Grassy Terrain\n|upkeep\n|turn|19\n|\n|t:|1782740337\n|switch|p2a: Cetitan|Cetitan, L82, F|392/413\n|move|p1a: Rillaboom|Grassy Glide|p2a: Cetitan\n|-damage|p2a: Cetitan|245/413\n|\n|-heal|p2a: Cetitan|413/413|[from] move: Wish|[wisher] Vaporeon\n|-heal|p1a: Rillaboom|136/288|[from] Grassy Terrain\n|upkeep\n|turn|20\n|\n|t:|1782740351\n|switch|p1a: Metagross|Metagross, L79|256/256\n|move|p2a: Cetitan|Icicle Crash|p1a: Metagross\n|-resisted|p1a: Metagross\n|-damage|p1a: Metagross|188/256\n|\n|-heal|p1a: Metagross|204/256|[from] Grassy Terrain\n|-heal|p1a: Metagross|220/256|[from] item: Leftovers\n|upkeep\n|turn|21\n|\n|t:|1782740360\n|switch|p2a: Vaporeon|Vaporeon, L86, F|282/364\n|move|p1a: Metagross|Knock Off|p2a: Vaporeon\n|-damage|p2a: Vaporeon|211/364\n|\n|-heal|p2a: Vaporeon|233/364|[from] Grassy Terrain\n|-heal|p1a: Metagross|236/256|[from] Grassy Terrain\n|-heal|p1a: Metagross|252/256|[from] item: Leftovers\n|upkeep\n|turn|22\n|\n|t:|1782740370\n|switch|p1a: Rillaboom|Rillaboom, L79, M|136/288\n|move|p2a: Vaporeon|Scald|p1a: Rillaboom\n|-resisted|p1a: Rillaboom\n|-damage|p1a: Rillaboom|79/288\n|\n|-heal|p1a: Rillaboom|97/288|[from] Grassy Terrain\n|-heal|p2a: Vaporeon|255/364|[from] Grassy Terrain\n|-fieldend|move: Grassy Terrain\n|upkeep\n|turn|23\n|\n|t:|1782740388\n|switch|p2a: Wo-Chien|Wo-Chien, L83|232/277\n|-ability|p2a: Wo-Chien|Tablets of Ruin\n|move|p1a: Rillaboom|U-turn|p2a: Wo-Chien\n|-supereffective|p2a: Wo-Chien\n|-damage|p2a: Wo-Chien|8/277\n|\n|t:|1782740400\n|switch|p1a: Metagross|Metagross, L79|252/256|[from] U-turn\n|\n|-heal|p2a: Wo-Chien|25/277|[from] item: Leftovers\n|-heal|p1a: Metagross|256/256|[from] item: Leftovers\n|upkeep\n|turn|24\n|inactive|zxjTaT has 60 seconds left.\n|\n|t:|1782740425\n|switch|p2a: Vaporeon|Vaporeon, L86, F|255/364\n|move|p1a: Metagross|Bullet Punch|p2a: Vaporeon\n|-resisted|p2a: Vaporeon\n|-damage|p2a: Vaporeon|225/364\n|\n|upkeep\n|turn|25\n|\n|t:|1782740434\n|switch|p1a: Rillaboom|Rillaboom, L79, M|97/288\n|-fieldstart|move: Grassy Terrain|[from] ability: Grassy Surge|[of] p1a: Rillaboom\n|move|p2a: Vaporeon|Wish|p2a: Vaporeon\n|\n|-heal|p1a: Rillaboom|115/288|[from] Grassy Terrain\n|-heal|p2a: Vaporeon|247/364|[from] Grassy Terrain\n|upkeep\n|turn|26\n|inactive|oooooooooooooooi has 90 seconds left.\n|\n|t:|1782740443\n|switch|p2a: Cetitan|Cetitan, L82, F|413/413\n|move|p1a: Rillaboom|U-turn|p2a: Cetitan\n|-damage|p2a: Cetitan|311/413\n|\n|t:|1782740452\n|switch|p1a: Metagross|Metagross, L79|256/256|[from] U-turn\n|\n|-heal|p2a: Cetitan|413/413|[from] move: Wish|[wisher] Vaporeon\n|upkeep\n|turn|27\n|\n|t:|1782740459\n|switch|p2a: Vaporeon|Vaporeon, L86, F|247/364\n|move|p1a: Metagross|Heavy Slam|p2a: Vaporeon\n|-resisted|p2a: Vaporeon\n|-damage|p2a: Vaporeon|157/364\n|\n|-heal|p2a: Vaporeon|179/364|[from] Grassy Terrain\n|upkeep\n|turn|28\n|\n|t:|1782740467\n|switch|p1a: Rillaboom|Rillaboom, L79, M|115/288\n|move|p2a: Vaporeon|Wish|p2a: Vaporeon\n|\n|-heal|p1a: Rillaboom|133/288|[from] Grassy Terrain\n|-heal|p2a: Vaporeon|201/364|[from] Grassy Terrain\n|upkeep\n|turn|29\n|\n|t:|1782740477\n|move|p2a: Vaporeon|Protect|p2a: Vaporeon\n|-singleturn|p2a: Vaporeon|Protect\n|move|p1a: Rillaboom|Grassy Glide|p2a: Vaporeon\n|-activate|p2a: Vaporeon|move: Protect\n|\n|-heal|p2a: Vaporeon|364/364|[from] move: Wish|[wisher] Vaporeon\n|-heal|p1a: Rillaboom|151/288|[from] Grassy Terrain\n|-fieldend|move: Grassy Terrain\n|upkeep\n|turn|30\n|\n|t:|1782740486\n|move|p1a: Rillaboom|Grassy Glide|p2a: Vaporeon\n|-supereffective|p2a: Vaporeon\n|-damage|p2a: Vaporeon|130/364\n|move|p2a: Vaporeon|Wish|p2a: Vaporeon\n|\n|upkeep\n|turn|31\n|inactive|oooooooooooooooi has 120 seconds left.\n|\n|t:|1782740505\n|switch|p1a: Lumineon|Lumineon, L93, M|225/279\n|move|p2a: Vaporeon|Protect||[still]\n|-fail|p2a: Vaporeon\n|\n|-heal|p2a: Vaporeon|312/364|[from] move: Wish|[wisher] Vaporeon\n|upkeep\n|turn|32\n|inactive|oooooooooooooooi has 120 seconds left.\n|\n|t:|1782740519\n|move|p1a: Lumineon|Encore|p2a: Vaporeon\n|-start|p2a: Vaporeon|Encore\n|move|p2a: Vaporeon|Protect||[still]\n|-fail|p2a: Vaporeon\n|\n|upkeep\n|turn|33\n|\n|t:|1782740535\n|move|p2a: Vaporeon|Protect|p2a: Vaporeon\n|-singleturn|p2a: Vaporeon|Protect\n|move|p1a: Lumineon|Alluring Voice|p2a: Vaporeon\n|-activate|p2a: Vaporeon|move: Protect\n|\n|upkeep\n|turn|34\n|\n|t:|1782740543\n|switch|p2a: Raikou|Raikou, L81|278/278\n|-ability|p2a: Raikou|Pressure\n|move|p1a: Lumineon|Alluring Voice|p2a: Raikou\n|-damage|p2a: Raikou|209/278\n|-damage|p1a: Lumineon|198/279|[from] item: Life Orb\n|\n|-heal|p2a: Raikou|226/278|[from] item: Leftovers\n|upkeep\n|turn|35\n|inactive|oooooooooooooooi has 120 seconds left.\n|\n|t:|1782740564\n|switch|p1a: Rillaboom|Rillaboom, L79, M|151/288\n|-fieldstart|move: Grassy Terrain|[from] ability: Grassy Surge|[of] p1a: Rillaboom\n|move|p2a: Raikou|Thunderbolt|p1a: Rillaboom\n|-resisted|p1a: Rillaboom\n|-damage|p1a: Rillaboom|82/288\n|\n|-heal|p2a: Raikou|243/278|[from] Grassy Terrain\n|-heal|p2a: Raikou|260/278|[from] item: Leftovers\n|-heal|p1a: Rillaboom|100/288|[from] Grassy Terrain\n|upkeep\n|turn|36\n|inactive|oooooooooooooooi has 120 seconds left.\n|\n|t:|1782740585\n|move|p2a: Raikou|Thunderbolt|p1a: Rillaboom\n|-resisted|p1a: Rillaboom\n|-damage|p1a: Rillaboom|40/288\n|move|p1a: Rillaboom|High Horsepower|p2a: Raikou\n|-supereffective|p2a: Raikou\n|-damage|p2a: Raikou|0 fnt\n|faint|p2a: Raikou\n|\n|-heal|p1a: Rillaboom|58/288|[from] Grassy Terrain\n|upkeep\n|inactive|oooooooooooooooi has 120 seconds left.\n|\n|t:|1782740596\n|switch|p2a: Cetitan|Cetitan, L82, F|413/413\n|turn|37\n|inactive|oooooooooooooooi has 120 seconds left.\n|\n|t:|1782740610\n|switch|p1a: Metagross|Metagross, L79|256/256\n|move|p2a: Cetitan|Superpower|p1a: Metagross\n|-damage|p1a: Metagross|162/256\n|-unboost|p2a: Cetitan|atk|1\n|-unboost|p2a: Cetitan|def|1\n|-damage|p2a: Cetitan|372/413|[from] item: Life Orb\n|\n|-heal|p2a: Cetitan|397/413|[from] Grassy Terrain\n|-heal|p1a: Metagross|178/256|[from] Grassy Terrain\n|-heal|p1a: Metagross|194/256|[from] item: Leftovers\n|upkeep\n|turn|38\n|inactive|oooooooooooooooi has 120 seconds left.\n|\n|t:|1782740622\n|switch|p2a: Vaporeon|Vaporeon, L86, F|312/364\n|move|p1a: Metagross|Heavy Slam|p2a: Vaporeon\n|-resisted|p2a: Vaporeon\n|-damage|p2a: Vaporeon|226/364\n|\n|-heal|p2a: Vaporeon|248/364|[from] Grassy Terrain\n|-heal|p1a: Metagross|210/256|[from] Grassy Terrain\n|-heal|p1a: Metagross|226/256|[from] item: Leftovers\n|upkeep\n|turn|39\n|inactive|oooooooooooooooi has 120 seconds left.\n|\n|t:|1782740637\n|switch|p1a: Lumineon|Lumineon, L93, M|198/279\n|move|p2a: Vaporeon|Wish|p2a: Vaporeon\n|\n|-heal|p1a: Lumineon|215/279|[from] Grassy Terrain\n|-heal|p2a: Vaporeon|270/364|[from] Grassy Terrain\n|-fieldend|move: Grassy Terrain\n|upkeep\n|turn|40\n|\n|t:|1782740643\n|switch|p2a: Wo-Chien|Wo-Chien, L83|25/277\n|-ability|p2a: Wo-Chien|Tablets of Ruin\n|move|p1a: Lumineon|Encore||[still]\n|-fail|p1a: Lumineon\n|\n|-heal|p2a: Wo-Chien|207/277|[from] move: Wish|[wisher] Vaporeon\n|-heal|p2a: Wo-Chien|224/277|[from] item: Leftovers\n|upkeep\n|turn|41\n|\n|t:|1782740658\n|move|p1a: Lumineon|Ice Beam|p2a: Wo-Chien\n|-supereffective|p2a: Wo-Chien\n|-damage|p2a: Wo-Chien|112/277\n|-status|p2a: Wo-Chien|frz\n|-damage|p1a: Lumineon|188/279|[from] item: Life Orb\n|-curestatus|p2a: Wo-Chien|frz|[msg]\n|move|p2a: Wo-Chien|Knock Off|p1a: Lumineon\n|-damage|p1a: Lumineon|98/279\n|-enditem|p1a: Lumineon|Life Orb|[from] move: Knock Off|[of] p2a: Wo-Chien\n|\n|-heal|p2a: Wo-Chien|129/277|[from] item: Leftovers\n|upkeep\n|turn|42\n|\n|t:|1782740673\n|move|p1a: Lumineon|Ice Beam|p2a: Wo-Chien\n|-supereffective|p2a: Wo-Chien\n|-damage|p2a: Wo-Chien|41/277\n|move|p2a: Wo-Chien|Knock Off|p1a: Lumineon\n|-damage|p1a: Lumineon|32/279\n|\n|-heal|p2a: Wo-Chien|58/277|[from] item: Leftovers\n|upkeep\n|turn|43\n|\n|t:|1782740680\n|switch|p2a: Vaporeon|Vaporeon, L86, F|270/364\n|move|p1a: Lumineon|Ice Beam|p2a: Vaporeon\n|-resisted|p2a: Vaporeon\n|-damage|p2a: Vaporeon|244/364\n|-status|p2a: Vaporeon|frz\n|\n|upkeep\n|turn|44\n|\n|t:|1782740688\n|move|p1a: Lumineon|Alluring Voice|p2a: Vaporeon\n|-damage|p2a: Vaporeon|191/364 frz\n|cant|p2a: Vaporeon|frz\n|\n|upkeep\n|turn|45\n|inactive|zxjTaT has 120 seconds left.\n|\n|t:|1782740699\n|switch|p1a: Ceruledge|Ceruledge, L78, F, tera:Ghost|53/245\n|cant|p2a: Vaporeon|frz\n|\n|upkeep\n|turn|46\n|\n|t:|1782740705\n|move|p1a: Ceruledge|Poltergeist||[still]\n|-fail|p1a: Ceruledge\n|-curestatus|p2a: Vaporeon|frz|[from] move: Scald\n|move|p2a: Vaporeon|Scald|p1a: Ceruledge\n|-damage|p1a: Ceruledge|0 fnt\n|faint|p1a: Ceruledge\n|\n|upkeep\n|\n|t:|1782740712\n|switch|p1a: Rillaboom|Rillaboom, L79, M|58/288\n|-fieldstart|move: Grassy Terrain|[from] ability: Grassy Surge|[of] p1a: Rillaboom\n|turn|47\n|\n|t:|1782740716\n|move|p2a: Vaporeon|Protect|p2a: Vaporeon\n|-singleturn|p2a: Vaporeon|Protect\n|move|p1a: Rillaboom|U-turn|p2a: Vaporeon\n|-activate|p2a: Vaporeon|move: Protect\n|\n|-heal|p1a: Rillaboom|76/288|[from] Grassy Terrain\n|-heal|p2a: Vaporeon|213/364|[from] Grassy Terrain\n|upkeep\n|turn|48\n|\n|t:|1782740724\n|switch|p2a: Cetitan|Cetitan, L82, F|397/413\n|move|p1a: Rillaboom|U-turn|p2a: Cetitan\n|-damage|p2a: Cetitan|292/413\n|inactive|zxjTaT has 120 seconds left.\n|\n|t:|1782740770\n|switch|p1a: Dragalge|Dragalge, L88, M|222/258|[from] U-turn\n|\n|-heal|p2a: Cetitan|317/413|[from] Grassy Terrain\n|-heal|p1a: Dragalge|238/258|[from] Grassy Terrain\n|upkeep\n|turn|49\n|\n|t:|1782740776\n|move|p2a: Cetitan|Icicle Crash|p1a: Dragalge\n|-supereffective|p1a: Dragalge\n|-damage|p1a: Dragalge|0 fnt\n|faint|p1a: Dragalge\n|\n|-heal|p2a: Cetitan|342/413|[from] Grassy Terrain\n|upkeep\n|\n|t:|1782740781\n|switch|p1a: Lumineon|Lumineon, L93, M|32/279\n|turn|50\n|inactive|zxjTaT has 120 seconds left.\n|\n|t:|1782740787\n|switch|p1a: Metagross|Metagross, L79|226/256\n|move|p2a: Cetitan|Ice Shard|p1a: Metagross\n|-resisted|p1a: Metagross\n|-damage|p1a: Metagross|201/256\n|-damage|p2a: Cetitan|301/413|[from] item: Life Orb\n|\n|-heal|p2a: Cetitan|326/413|[from] Grassy Terrain\n|-heal|p1a: Metagross|217/256|[from] Grassy Terrain\n|-heal|p1a: Metagross|233/256|[from] item: Leftovers\n|upkeep\n|turn|51\n|inactive|zxjTaT has 120 seconds left.\n|\n|t:|1782740799\n|switch|p2a: Vaporeon|Vaporeon, L86, F|213/364\n|move|p1a: Metagross|Heavy Slam|p2a: Vaporeon\n|-resisted|p2a: Vaporeon\n|-damage|p2a: Vaporeon|125/364\n|\n|-heal|p2a: Vaporeon|147/364|[from] Grassy Terrain\n|-heal|p1a: Metagross|249/256|[from] Grassy Terrain\n|-heal|p1a: Metagross|256/256|[from] item: Leftovers\n|-fieldend|move: Grassy Terrain\n|upkeep\n|turn|52\n|\n|t:|1782740815\n|switch|p1a: Rillaboom|Rillaboom, L79, M|76/288\n|-fieldstart|move: Grassy Terrain|[from] ability: Grassy Surge|[of] p1a: Rillaboom\n|move|p2a: Vaporeon|Scald|p1a: Rillaboom\n|-resisted|p1a: Rillaboom\n|-damage|p1a: Rillaboom|10/288\n|-status|p1a: Rillaboom|brn\n|\n|-heal|p1a: Rillaboom|28/288 brn|[from] Grassy Terrain\n|-heal|p2a: Vaporeon|169/364|[from] Grassy Terrain\n|-damage|p1a: Rillaboom|10/288 brn|[from] brn\n|upkeep\n|turn|53\n|\n|t:|1782740829\n|move|p2a: Vaporeon|Protect|p2a: Vaporeon\n|-singleturn|p2a: Vaporeon|Protect\n|move|p1a: Rillaboom|Grassy Glide|p2a: Vaporeon\n|-activate|p2a: Vaporeon|move: Protect\n|\n|-heal|p1a: Rillaboom|28/288 brn|[from] Grassy Terrain\n|-heal|p2a: Vaporeon|191/364|[from] Grassy Terrain\n|-damage|p1a: Rillaboom|10/288 brn|[from] brn\n|upkeep\n|turn|54\n|\n|t:|1782740839\n|switch|p2a: Wo-Chien|Wo-Chien, L83|58/277\n|-ability|p2a: Wo-Chien|Tablets of Ruin\n|move|p1a: Rillaboom|Grassy Glide|p2a: Wo-Chien\n|-resisted|p2a: Wo-Chien\n|-damage|p2a: Wo-Chien|37/277\n|\n|-heal|p1a: Rillaboom|28/288 brn|[from] Grassy Terrain\n|-heal|p2a: Wo-Chien|54/277|[from] Grassy Terrain\n|-heal|p2a: Wo-Chien|71/277|[from] item: Leftovers\n|-damage|p1a: Rillaboom|10/288 brn|[from] brn\n|upkeep\n|turn|55\n|\n|t:|1782740855\n|switch|p1a: Metagross|Metagross, L79|256/256\n|switch|p2a: Vaporeon|Vaporeon, L86, F|191/364\n|\n|-heal|p2a: Vaporeon|213/364|[from] Grassy Terrain\n|upkeep\n|turn|56\n|\n|t:|1782740866\n|move|p2a: Vaporeon|Wish|p2a: Vaporeon\n|move|p1a: Metagross|Stealth Rock|p2a: Vaporeon\n|-sidestart|p2: oooooooooooooooi|move: Stealth Rock\n|\n|-heal|p2a: Vaporeon|235/364|[from] Grassy Terrain\n|-fieldend|move: Grassy Terrain\n|upkeep\n|turn|57\n|\n|t:|1782740874\n|move|p2a: Vaporeon|Scald|p1a: Metagross\n|-damage|p1a: Metagross|148/256\n|move|p1a: Metagross|Heavy Slam|p2a: Vaporeon\n|-resisted|p2a: Vaporeon\n|-damage|p2a: Vaporeon|147/364\n|\n|-heal|p2a: Vaporeon|329/364|[from] move: Wish|[wisher] Vaporeon\n|-heal|p1a: Metagross|164/256|[from] item: Leftovers\n|upkeep\n|turn|58\n|\n|t:|1782740884\n|switch|p1a: Lumineon|Lumineon, L93, M|32/279\n|move|p2a: Vaporeon|Wish|p2a: Vaporeon\n|\n|upkeep\n|turn|59\n|\n|t:|1782740901\n|switch|p2a: Wo-Chien|Wo-Chien, L83|71/277\n|-damage|p2a: Wo-Chien|37/277|[from] Stealth Rock\n|-ability|p2a: Wo-Chien|Tablets of Ruin\n|move|p1a: Lumineon|Alluring Voice|p2a: Wo-Chien\n|-supereffective|p2a: Wo-Chien\n|-damage|p2a: Wo-Chien|0 fnt\n|faint|p2a: Wo-Chien\n|\n|upkeep\n|\n|t:|1782740911\n|switch|p2a: Cetitan|Cetitan, L82, F|326/413\n|-damage|p2a: Cetitan|223/413|[from] Stealth Rock\n|turn|60\n|\n|t:|1782740923\n|switch|p2a: Vaporeon|Vaporeon, L86, F|329/364\n|-damage|p2a: Vaporeon|284/364|[from] Stealth Rock\n|move|p1a: Lumineon|Hydro Pump|p2a: Vaporeon\n|-heal|p2a: Vaporeon|364/364|[from] ability: Water Absorb|[of] p1a: Lumineon\n|\n|upkeep\n|turn|61\n|\n|t:|1782740936\n|switch|p1a: Rillaboom|Rillaboom, L79, M|10/288 brn\n|-fieldstart|move: Grassy Terrain|[from] ability: Grassy Surge|[of] p1a: Rillaboom\n|move|p2a: Vaporeon|Wish|p2a: Vaporeon\n|\n|-heal|p1a: Rillaboom|28/288 brn|[from] Grassy Terrain\n|-damage|p1a: Rillaboom|10/288 brn|[from] brn\n|upkeep\n|turn|62\n|\n|t:|1782740963\n|switch|p1a: Lumineon|Lumineon, L93, M|32/279\n|switch|p2a: Cetitan|Cetitan, L82, F|223/413\n|-damage|p2a: Cetitan|120/413|[from] Stealth Rock\n|\n|-heal|p2a: Cetitan|302/413|[from] move: Wish|[wisher] Vaporeon\n|-heal|p1a: Lumineon|49/279|[from] Grassy Terrain\n|-heal|p2a: Cetitan|327/413|[from] Grassy Terrain\n|upkeep\n|turn|63\n|inactive|zxjTaT has 120 seconds left.\n|\n|t:|1782740979\n|switch|p1a: Rillaboom|Rillaboom, L79, M|10/288 brn\n|move|p2a: Cetitan|Superpower|p1a: Rillaboom\n|-damage|p1a: Rillaboom|0 fnt\n|-unboost|p2a: Cetitan|atk|1\n|-unboost|p2a: Cetitan|def|1\n|faint|p1a: Rillaboom\n|-damage|p2a: Cetitan|286/413|[from] item: Life Orb\n|\n|-heal|p2a: Cetitan|311/413|[from] Grassy Terrain\n|upkeep\n|inactive|zxjTaT has 120 seconds left.\n|\n|t:|1782740993\n|switch|p1a: Metagross|Metagross, L79|164/256\n|turn|64\n|\n|t:|1782740996\n|switch|p2a: Vaporeon|Vaporeon, L86, F|364/364\n|-damage|p2a: Vaporeon|319/364|[from] Stealth Rock\n|move|p1a: Metagross|Heavy Slam|p2a: Vaporeon\n|-resisted|p2a: Vaporeon\n|-damage|p2a: Vaporeon|223/364\n|\n|-heal|p2a: Vaporeon|245/364|[from] Grassy Terrain\n|-heal|p1a: Metagross|180/256|[from] Grassy Terrain\n|-heal|p1a: Metagross|196/256|[from] item: Leftovers\n|upkeep\n|turn|65\n|\n|t:|1782741006\n|move|p2a: Vaporeon|Wish|p2a: Vaporeon\n|move|p1a: Metagross|Heavy Slam|p2a: Vaporeon\n|-resisted|p2a: Vaporeon\n|-damage|p2a: Vaporeon|158/364\n|\n|-heal|p2a: Vaporeon|180/364|[from] Grassy Terrain\n|-heal|p1a: Metagross|212/256|[from] Grassy Terrain\n|-heal|p1a: Metagross|228/256|[from] item: Leftovers\n|-fieldend|move: Grassy Terrain\n|upkeep\n|turn|66\n|\n|t:|1782741014\n|move|p2a: Vaporeon|Scald|p1a: Metagross\n|-damage|p1a: Metagross|135/256\n|move|p1a: Metagross|Heavy Slam|p2a: Vaporeon\n|-resisted|p2a: Vaporeon\n|-damage|p2a: Vaporeon|85/364\n|\n|-heal|p2a: Vaporeon|267/364|[from] move: Wish|[wisher] Vaporeon\n|-heal|p1a: Metagross|151/256|[from] item: Leftovers\n|upkeep\n|turn|67\n|\n|t:|1782741026\n|move|p2a: Vaporeon|Wish|p2a: Vaporeon\n|move|p1a: Metagross|Heavy Slam|p2a: Vaporeon\n|-resisted|p2a: Vaporeon\n|-crit|p2a: Vaporeon\n|-damage|p2a: Vaporeon|129/364\n|\n|-heal|p1a: Metagross|167/256|[from] item: Leftovers\n|upkeep\n|turn|68\n|\n|t:|1782741033\n|move|p2a: Vaporeon|Scald|p1a: Metagross\n|-damage|p1a: Metagross|61/256\n|move|p1a: Metagross|Heavy Slam|p2a: Vaporeon\n|-resisted|p2a: Vaporeon\n|-damage|p2a: Vaporeon|34/364\n|\n|-heal|p2a: Vaporeon|216/364|[from] move: Wish|[wisher] Vaporeon\n|-heal|p1a: Metagross|77/256|[from] item: Leftovers\n|upkeep\n|turn|69\n|\n|t:|1782741042\n|switch|p1a: Lumineon|Lumineon, L93, M|49/279\n|move|p2a: Vaporeon|Wish|p2a: Vaporeon\n|\n|upkeep\n|turn|70\n|\n|t:|1782741051\n|move|p2a: Vaporeon|Protect|p2a: Vaporeon\n|-singleturn|p2a: Vaporeon|Protect\n|move|p1a: Lumineon|Encore|p2a: Vaporeon\n|-activate|p2a: Vaporeon|move: Protect\n|\n|-heal|p2a: Vaporeon|364/364|[from] move: Wish|[wisher] Vaporeon\n|upkeep\n|turn|71\n|\n|t:|1782741060\n|move|p1a: Lumineon|Encore|p2a: Vaporeon\n|-start|p2a: Vaporeon|Encore\n|move|p2a: Vaporeon|Protect||[still]\n|-fail|p2a: Vaporeon\n|\n|upkeep\n|turn|72\n|\n|t:|1782741066\n|move|p2a: Vaporeon|Protect|p2a: Vaporeon\n|-singleturn|p2a: Vaporeon|Protect\n|move|p1a: Lumineon|Alluring Voice|p2a: Vaporeon\n|-activate|p2a: Vaporeon|move: Protect\n|\n|upkeep\n|turn|73\n|\n|t:|1782741072\n|switch|p2a: Cetitan|Cetitan, L82, F|311/413\n|-damage|p2a: Cetitan|208/413|[from] Stealth Rock\n|move|p1a: Lumineon|Alluring Voice|p2a: Cetitan\n|-damage|p2a: Cetitan|127/413\n|\n|upkeep\n|turn|74\n|inactive|zxjTaT has 120 seconds left.\n|\n|t:|1782741103\n|move|p2a: Cetitan|Ice Shard|p1a: Lumineon\n|-resisted|p1a: Lumineon\n|-damage|p1a: Lumineon|18/279\n|-damage|p2a: Cetitan|86/413|[from] item: Life Orb\n|move|p1a: Lumineon|Alluring Voice|p2a: Cetitan\n|-damage|p2a: Cetitan|5/413\n|\n|upkeep\n|turn|75\n|\n|t:|1782741113\n|switch|p1a: Metagross|Metagross, L79|77/256\n|switch|p2a: Vaporeon|Vaporeon, L86, F|364/364\n|-damage|p2a: Vaporeon|319/364|[from] Stealth Rock\n|\n|-heal|p1a: Metagross|93/256|[from] item: Leftovers\n|upkeep\n|turn|76\n|\n|t:|1782741121\n|move|p2a: Vaporeon|Scald|p1a: Metagross\n|-damage|p1a: Metagross|0 fnt\n|faint|p1a: Metagross\n|\n|upkeep\n|\n|t:|1782741125\n|switch|p1a: Lumineon|Lumineon, L93, M|18/279\n|turn|77\n|\n|t:|1782741131\n|move|p1a: Lumineon|Alluring Voice|p2a: Vaporeon\n|-damage|p2a: Vaporeon|271/364\n|move|p2a: Vaporeon|Haze|p2a: Vaporeon\n|-clearallboost\n|\n|upkeep\n|turn|78\n|\n|t:|1782741141\n|move|p1a: Lumineon|Encore|p2a: Vaporeon\n|-start|p2a: Vaporeon|Encore\n|move|p2a: Vaporeon|Haze|p2a: Vaporeon\n|-clearallboost\n|\n|upkeep\n|turn|79\n|\n|t:|1782741150\n|move|p1a: Lumineon|Alluring Voice|p2a: Vaporeon\n|-damage|p2a: Vaporeon|222/364\n|move|p2a: Vaporeon|Haze|p2a: Vaporeon\n|-clearallboost\n|\n|upkeep\n|turn|80\n|\n|t:|1782741157\n|move|p1a: Lumineon|Alluring Voice|p2a: Vaporeon\n|-damage|p2a: Vaporeon|169/364\n|move|p2a: Vaporeon|Haze|p2a: Vaporeon\n|-clearallboost\n|\n|-end|p2a: Vaporeon|Encore\n|upkeep\n|turn|81\n|\n|t:|1782741165\n|switch|p2a: Cetitan|Cetitan, L82, F|5/413\n|-damage|p2a: Cetitan|0 fnt|[from] Stealth Rock\n|faint|p2a: Cetitan\n|move|p1a: Lumineon|Encore|p2: Cetitan|[notarget]\n|-fail|p1a: Lumineon\n|\n|upkeep\n|\n|t:|1782741172\n|switch|p2a: Vaporeon|Vaporeon, L86, F|169/364\n|-damage|p2a: Vaporeon|124/364|[from] Stealth Rock\n|turn|82\n|\n|t:|1782741177\n|move|p1a: Lumineon|Alluring Voice|p2a: Vaporeon\n|-damage|p2a: Vaporeon|77/364\n|move|p2a: Vaporeon|Wish|p2a: Vaporeon\n|\n|upkeep\n|turn|83\n|\n|t:|1782741182\n|move|p2a: Vaporeon|Protect|p2a: Vaporeon\n|-singleturn|p2a: Vaporeon|Protect\n|move|p1a: Lumineon|Encore|p2a: Vaporeon\n|-activate|p2a: Vaporeon|move: Protect\n|\n|-heal|p2a: Vaporeon|259/364|[from] move: Wish|[wisher] Vaporeon\n|upkeep\n|turn|84\n|\n|t:|1782741195\n|move|p2a: Vaporeon|Protect||[still]\n|-fail|p2a: Vaporeon\n|move|p1a: Lumineon|Encore|p2a: Vaporeon\n|-start|p2a: Vaporeon|Encore\n|\n|upkeep\n|turn|85\n|\n|t:|1782741202\n|move|p2a: Vaporeon|Protect|p2a: Vaporeon\n|-singleturn|p2a: Vaporeon|Protect\n|move|p1a: Lumineon|Alluring Voice|p2a: Vaporeon\n|-activate|p2a: Vaporeon|move: Protect\n|\n|upkeep\n|turn|86\n|\n|t:|1782741208\n|move|p2a: Vaporeon|Protect||[still]\n|-fail|p2a: Vaporeon\n|move|p1a: Lumineon|Alluring Voice|p2a: Vaporeon\n|-damage|p2a: Vaporeon|205/364\n|\n|upkeep\n|turn|87\n|\n|t:|1782741214\n|move|p2a: Vaporeon|Protect|p2a: Vaporeon\n|-singleturn|p2a: Vaporeon|Protect\n|move|p1a: Lumineon|Alluring Voice|p2a: Vaporeon\n|-activate|p2a: Vaporeon|move: Protect\n|\n|-end|p2a: Vaporeon|Encore\n|upkeep\n|turn|88\n|\n|t:|1782741221\n|move|p1a: Lumineon|Alluring Voice|p2a: Vaporeon\n|-damage|p2a: Vaporeon|151/364\n|move|p2a: Vaporeon|Haze|p2a: Vaporeon\n|-clearallboost\n|\n|upkeep\n|turn|89\n|\n|t:|1782741229\n|move|p1a: Lumineon|Ice Beam|p2a: Vaporeon\n|-resisted|p2a: Vaporeon\n|-damage|p2a: Vaporeon|125/364\n|move|p2a: Vaporeon|Wish|p2a: Vaporeon\n|\n|upkeep\n|turn|90\n|\n|t:|1782741234\n|move|p1a: Lumineon|Ice Beam|p2a: Vaporeon\n|-resisted|p2a: Vaporeon\n|-damage|p2a: Vaporeon|99/364\n|move|p2a: Vaporeon|Haze|p2a: Vaporeon\n|-clearallboost\n|\n|-heal|p2a: Vaporeon|281/364|[from] move: Wish|[wisher] Vaporeon\n|upkeep\n|turn|91\n|\n|t:|1782741242\n|move|p1a: Lumineon|Ice Beam|p2a: Vaporeon\n|-resisted|p2a: Vaporeon\n|-damage|p2a: Vaporeon|255/364\n|move|p2a: Vaporeon|Haze|p2a: Vaporeon\n|-clearallboost\n|\n|upkeep\n|turn|92\n|\n|t:|1782741248\n|move|p1a: Lumineon|Ice Beam|p2a: Vaporeon\n|-resisted|p2a: Vaporeon\n|-damage|p2a: Vaporeon|229/364\n|move|p2a: Vaporeon|Haze|p2a: Vaporeon\n|-clearallboost\n|\n|upkeep\n|turn|93\n|\n|t:|1782741254\n|move|p1a: Lumineon|Ice Beam|p2a: Vaporeon\n|-resisted|p2a: Vaporeon\n|-damage|p2a: Vaporeon|202/364\n|move|p2a: Vaporeon|Haze|p2a: Vaporeon\n|-clearallboost\n|\n|upkeep\n|turn|94\n|\n|t:|1782741261\n|move|p1a: Lumineon|Ice Beam|p2a: Vaporeon\n|-resisted|p2a: Vaporeon\n|-damage|p2a: Vaporeon|173/364\n|move|p2a: Vaporeon|Wish|p2a: Vaporeon\n|\n|upkeep\n|turn|95\n|\n|t:|1782741266\n|move|p1a: Lumineon|Ice Beam|p2a: Vaporeon\n|-resisted|p2a: Vaporeon\n|-damage|p2a: Vaporeon|144/364\n|move|p2a: Vaporeon|Haze|p2a: Vaporeon\n|-clearallboost\n|\n|-heal|p2a: Vaporeon|326/364|[from] move: Wish|[wisher] Vaporeon\n|upkeep\n|turn|96\n|\n|t:|1782741274\n|move|p1a: Lumineon|Ice Beam|p2a: Vaporeon\n|-resisted|p2a: Vaporeon\n|-damage|p2a: Vaporeon|298/364\n|move|p2a: Vaporeon|Haze|p2a: Vaporeon\n|-clearallboost\n|\n|upkeep\n|turn|97\n|\n|t:|1782741287\n|move|p1a: Lumineon|Hydro Pump|p2a: Vaporeon\n|-heal|p2a: Vaporeon|364/364|[from] ability: Water Absorb|[of] p1a: Lumineon\n|move|p2a: Vaporeon|Haze|p2a: Vaporeon\n|-clearallboost\n|\n|upkeep\n|turn|98\n|\n|t:|1782741294\n|move|p1a: Lumineon|Hydro Pump|p2a: Vaporeon\n|-immune|p2a: Vaporeon|[from] ability: Water Absorb\n|move|p2a: Vaporeon|Haze|p2a: Vaporeon\n|-clearallboost\n|\n|upkeep\n|turn|99\n|\n|t:|1782741300\n|move|p1a: Lumineon|Hydro Pump|p2a: Vaporeon\n|-immune|p2a: Vaporeon|[from] ability: Water Absorb\n|move|p2a: Vaporeon|Haze|p2a: Vaporeon\n|-clearallboost\n|\n|upkeep\n|turn|100\n|\n|t:|1782741307\n|move|p1a: Lumineon|Hydro Pump|p2a: Vaporeon\n|-immune|p2a: Vaporeon|[from] ability: Water Absorb\n|move|p2a: Vaporeon|Haze|p2a: Vaporeon\n|-clearallboost\n|\n|upkeep\n|turn|101\n|\n|t:|1782741314\n|move|p1a: Lumineon|Hydro Pump|p2a: Vaporeon\n|-immune|p2a: Vaporeon|[from] ability: Water Absorb\n|move|p2a: Vaporeon|Haze|p2a: Vaporeon\n|-clearallboost\n|\n|upkeep\n|turn|102\n|\n|t:|1782741320\n|move|p1a: Lumineon|Hydro Pump|p2a: Vaporeon\n|-immune|p2a: Vaporeon|[from] ability: Water Absorb\n|move|p2a: Vaporeon|Haze|p2a: Vaporeon\n|-clearallboost\n|\n|upkeep\n|turn|103\n|\n|t:|1782741326\n|move|p1a: Lumineon|Hydro Pump|p2a: Vaporeon\n|-immune|p2a: Vaporeon|[from] ability: Water Absorb\n|move|p2a: Vaporeon|Haze|p2a: Vaporeon\n|-clearallboost\n|\n|upkeep\n|turn|104\n|\n|t:|1782741332\n|move|p1a: Lumineon|Ice Beam|p2a: Vaporeon\n|-resisted|p2a: Vaporeon\n|-damage|p2a: Vaporeon|336/364\n|move|p2a: Vaporeon|Haze|p2a: Vaporeon\n|-clearallboost\n|\n|upkeep\n|turn|105\n|\n|t:|1782741339\n|move|p1a: Lumineon|Ice Beam|p2a: Vaporeon\n|-resisted|p2a: Vaporeon\n|-damage|p2a: Vaporeon|309/364\n|-status|p2a: Vaporeon|frz\n|cant|p2a: Vaporeon|frz\n|\n|upkeep\n|turn|106\n|\n|t:|1782741345\n|move|p1a: Lumineon|Ice Beam|p2a: Vaporeon\n|-resisted|p2a: Vaporeon\n|-damage|p2a: Vaporeon|280/364 frz\n|cant|p2a: Vaporeon|frz\n|\n|upkeep\n|turn|107\n|\n|t:|1782741351\n|move|p1a: Lumineon|Ice Beam|p2a: Vaporeon\n|-resisted|p2a: Vaporeon\n|-damage|p2a: Vaporeon|251/364 frz\n|cant|p2a: Vaporeon|frz\n|\n|upkeep\n|turn|108\n|\n|t:|1782741356\n|move|p1a: Lumineon|Ice Beam|p2a: Vaporeon\n|-resisted|p2a: Vaporeon\n|-damage|p2a: Vaporeon|223/364 frz\n|cant|p2a: Vaporeon|frz\n|\n|upkeep\n|turn|109\n|\n|t:|1782741362\n|-activate|p1a: Lumineon|move: Struggle\n|move|p1a: Lumineon|Struggle|p2a: Vaporeon\n|-damage|p2a: Vaporeon|188/364 frz\n|-damage|p1a: Lumineon|0 fnt|[from] recoil\n|faint|p1a: Lumineon\n|\n|win|oooooooooooooooi\n|raw|zxjTaT's rating: 1347 &rarr; <strong>1330</strong><br />(-17 for losing)\n|raw|oooooooooooooooi's rating: 1404 &rarr; <strong>1421</strong><br />(+17 for winning)\n|l|\u2606oooooooooooooooi\n|player|p2|\n", "inputlog": ">version f8ac14003a5f27e1bdc8d8c59608a773c1cb96e5\n>start {\"formatid\":\"gen9randombattle\",\"seed\":\"sodium,9871cb2177b9885a13b0481df00da97b\",\"rated\":\"Rated battle\"}\n>player p1 {\"name\":\"zxjTaT\",\"avatar\":\"169\",\"rating\":1347,\"seed\":\"sodium,2b68cc875c1071821426ad153ed62df2\"}\n>player p2 {\"name\":\"oooooooooooooooi\",\"avatar\":\"102\",\"rating\":1404,\"seed\":\"sodium,421b14f1fc289ac5afe18a392cd7f32b\"}\n>p1 switch 4\n>p2 move earthpower\n>p1 move woodhammer\n>p2 switch 5\n>p1 switch 4\n>p2 move knockoff\n>p1 move sludgewave\n>p2 switch 5\n>p1 switch 6\n>p2 move sludgebomb\n>p1 switch 4\n>p2 move shadowball terastallize\n>p1 move woodhammer\n>p2 switch 5\n>p1 switch 6\n>p2 move stunspore\n>p1 move flipturn\n>p2 switch 3\n>p1 switch 5\n>p1 move swordsdance\n>p2 switch 5\n>p1 move poltergeist terastallize\n>p2 move shadowball\n>p1 move poltergeist\n>p2 move shadowball\n>p2 switch 2\n>p1 switch 3\n>p2 move thunderbolt\n>p1 move poltergeist\n>p2 switch 6\n>p1 move poltergeist\n>p2 move tripleaxel\n>p2 switch 5\n>p1 move drainpunch\n>p2 move iciclecrash\n>p1 switch 2\n>p1 move knockoff\n>p2 switch 4\n>p1 switch 6\n>p2 move wish\n>p1 move grassyglide\n>p2 switch 4\n>p1 switch 6\n>p2 move iciclecrash\n>p1 move knockoff\n>p2 switch 4\n>p1 switch 6\n>p2 move scald\n>p1 move uturn\n>p2 switch 3\n>p1 switch 6\n>p1 move bulletpunch\n>p2 switch 3\n>p1 switch 6\n>p2 move wish\n>p1 move uturn\n>p2 switch 4\n>p1 switch 6\n>p1 move heavyslam\n>p2 switch 4\n>p1 switch 6\n>p2 move wish\n>p1 move grassyglide\n>p2 move protect\n>p1 move grassyglide\n>p2 move wish\n>p1 switch 4\n>p2 move protect\n>p1 move encore\n>p2 move wish\n>p1 move alluringvoice\n>p2 move protect\n>p1 move alluringvoice\n>p2 switch 6\n>p1 switch 4\n>p2 move thunderbolt\n>p1 move highhorsepower\n>p2 move thunderbolt\n>p2 switch 4\n>p1 switch 6\n>p2 move superpower\n>p1 move heavyslam\n>p2 switch 6\n>p1 switch 4\n>p2 move wish\n>p1 move encore\n>p2 switch 3\n>p1 move icebeam\n>p2 move knockoff\n>p1 move icebeam\n>p2 move knockoff\n>p1 move icebeam\n>p2 switch 3\n>p1 move alluringvoice\n>p2 move wish\n>p1 switch 3\n>p2 move wish\n>p1 move poltergeist\n>p2 move scald\n>p1 switch 6\n>p1 move uturn\n>p2 move protect\n>p1 move uturn\n>p2 switch 6\n>p1 switch 5\n>p1 move focusblast\n>p2 move iciclecrash\n>p1 switch 3\n>p1 switch 4\n>p2 move iceshard\n>p1 move heavyslam\n>p2 switch 6\n>p1 switch 5\n>p2 move scald\n>p1 move grassyglide\n>p2 move protect\n>p1 move grassyglide\n>p2 switch 3\n>p1 switch 5\n>p2 switch 3\n>p1 move stealthrock\n>p2 move wish\n>p1 move heavyslam\n>p2 move scald\n>p1 switch 4\n>p2 move wish\n>p1 move alluringvoice\n>p2 switch 3\n>p2 switch 6\n>p1 move hydropump\n>p2 switch 3\n>p1 switch 5\n>p2 move wish\n>p1 switch 5\n>p2 switch 3\n>p1 switch 5\n>p2 move superpower\n>p1 switch 4\n>p1 move heavyslam\n>p2 switch 3\n>p1 move heavyslam\n>p2 move wish\n>p1 move heavyslam\n>p2 move scald\n>p1 move heavyslam\n>p2 move wish\n>p1 move heavyslam\n>p2 move scald\n>p1 switch 5\n>p2 move wish\n>p1 move encore\n>p2 move protect\n>p1 move encore\n>p2 move wish\n>p1 move alluringvoice\n>p2 move protect\n>p1 move alluringvoice\n>p2 switch 3\n>p1 move alluringvoice\n>p2 move iceshard\n>p1 switch 5\n>p2 switch 3\n>p1 move heavyslam\n>p2 move scald\n>p1 switch 5\n>p1 move alluringvoice\n>p2 move haze\n>p1 move encore\n>p2 move haze\n>p1 move alluringvoice\n>p2 move haze\n>p1 move alluringvoice\n>p2 move haze\n>p1 move encore\n>p2 switch 3\n>p2 switch 3\n>p1 move alluringvoice\n>p2 move wish\n>p1 move encore\n>p2 move protect\n>p1 move encore\n>p2 move protect\n>p1 move alluringvoice\n>p2 move protect\n>p1 move alluringvoice\n>p2 move protect\n>p1 move alluringvoice\n>p2 move protect\n>p1 move alluringvoice\n>p2 move haze\n>p1 move icebeam\n>p2 move wish\n>p1 move icebeam\n>p2 move haze\n>p1 move icebeam\n>p2 move haze\n>p1 move icebeam\n>p2 move haze\n>p1 move icebeam\n>p2 move haze\n>p1 move icebeam\n>p2 move wish\n>p1 move icebeam\n>p2 move haze\n>p1 move icebeam\n>p2 move haze\n>p1 move hydropump\n>p2 move haze\n>p1 move hydropump\n>p2 move haze\n>p1 move hydropump\n>p2 move haze\n>p1 move hydropump\n>p2 move haze\n>p1 move hydropump\n>p2 move haze\n>p1 move hydropump\n>p2 move haze\n>p1 move hydropump\n>p2 move haze\n>p1 move icebeam\n>p2 move haze\n>p1 move icebeam\n>p2 move haze\n>p1 move icebeam\n>p2 move wish\n>p1 move icebeam\n>p2 move wish\n>p1 move icebeam\n>p2 move wish\n>p1 move struggle\n>p2 move wish", "uploadtime": 1782741387, "views": 14, "formatid": "gen9randombattle", "rating": 1330, "private": 0, "password": null, "player_dets": [{"name": "zxjTaT", "avatar": "169", "rating": 1347, "seed": "sodium,2b68cc875c1071821426ad153ed62df2"}, {"name": "oooooooooooooooi", "avatar": "102", "rating": 1404, "seed": "sodium,421b14f1fc289ac5afe18a392cd7f32b"}], "teams_full": [{"Dragalge": {"name": "Dragalge", "species": "Dragalge", "speciesId": "dragalge", "gender": "M", "shiny": false, "level": 88, "moves": ["sludgewave", "flipturn", "focusblast", "dracometeor"], "ability": "Adaptability", "evs": {"hp": 85, "atk": 85, "def": 85, "spa": 85, "spd": 85, "spe": 85}, "ivs": {"hp": 31, "atk": 31, "def": 31, "spa": 31, "spd": 31, "spe": 31}, "item": "Choice Specs", "teraType": "Fighting", "role": "Bulky Attacker", "bvs": {"hp": 65, "atk": 75, "def": 90, "spa": 97, "spd": 123, "spe": 44}, "stats": {"hp": 258, "atk": 182, "def": 209, "spa": 221, "spd": 267, "spe": 128}, "types": ["Poison", "Dragon"]}, "Metagross": {"name": "Metagross", "species": "Metagross", "speciesId": "metagross", "gender": "N", "shiny": false, "level": 79, "moves": ["bulletpunch", "stealthrock", "knockoff", "heavyslam"], "ability": "Clear Body", "evs": {"hp": 85, "atk": 85, "def": 85, "spa": 85, "spd": 85, "spe": 85}, "ivs": {"hp": 31, "atk": 31, "def": 31, "spa": 31, "spd": 31, "spe": 31}, "item": "Leftovers", "teraType": "Water", "role": "Bulky Support", "bvs": {"hp": 80, "atk": 135, "def": 130, "spa": 95, "spd": 90, "spe": 70}, "stats": {"hp": 256, "atk": 259, "def": 251, "spa": 196, "spd": 188, "spe": 156}, "types": ["Steel", "Psychic"]}, "Trevenant": {"name": "Trevenant", "species": "Trevenant", "speciesId": "trevenant", "gender": "M", "shiny": false, "level": 89, "moves": ["drainpunch", "poltergeist", "protect", "toxic"], "ability": "Harvest", "evs": {"hp": 85, "atk": 85, "def": 85, "spa": 85, "spd": 85, "spe": 85}, "ivs": {"hp": 31, "atk": 31, "def": 31, "spa": 31, "spd": 31, "spe": 31}, "item": "Sitrus Berry", "teraType": "Steel", "role": "Bulky Support", "bvs": {"hp": 85, "atk": 110, "def": 76, "spa": 65, "spd": 82, "spe": 56}, "stats": {"hp": 296, "atk": 247, "def": 186, "spa": 166, "spd": 197, "spe": 150}, "types": ["Ghost", "Grass"]}, "Rillaboom": {"name": "Rillaboom", "species": "Rillaboom", "speciesId": "rillaboom", "gender": "M", "shiny": false, "level": 79, "moves": ["highhorsepower", "grassyglide", "uturn", "woodhammer"], "ability": "Grassy Surge", "evs": {"hp": 85, "atk": 85, "def": 85, "spa": 85, "spd": 85, "spe": 85}, "ivs": {"hp": 31, "atk": 31, "def": 31, "spa": 31, "spd": 31, "spe": 31}, "item": "Choice Band", "teraType": "Grass", "role": "Fast Attacker", "bvs": {"hp": 100, "atk": 125, "def": 90, "spa": 60, "spd": 70, "spe": 85}, "stats": {"hp": 288, "atk": 243, "def": 188, "spa": 140, "spd": 156, "spe": 180}, "types": ["Grass"]}, "Ceruledge": {"name": "Ceruledge", "species": "Ceruledge", "speciesId": "ceruledge", "gender": "F", "shiny": false, "level": 78, "moves": ["swordsdance", "closecombat", "poltergeist", "bitterblade"], "ability": "Weak Armor", "evs": {"hp": 85, "atk": 85, "def": 85, "spa": 85, "spd": 85, "spe": 85}, "ivs": {"hp": 31, "atk": 31, "def": 31, "spa": 31, "spd": 31, "spe": 31}, "item": "Heavy-Duty Boots", "teraType": "Ghost", "role": "Setup Sweeper", "bvs": {"hp": 75, "atk": 125, "def": 80, "spa": 60, "spd": 100, "spe": 85}, "stats": {"hp": 245, "atk": 240, "def": 170, "spa": 139, "spd": 201, "spe": 178}, "types": ["Fire", "Ghost"]}, "Lumineon": {"name": "Lumineon", "species": "Lumineon", "speciesId": "lumineon", "gender": "M", "shiny": false, "level": 93, "moves": ["icebeam", "hydropump", "encore", "alluringvoice"], "ability": "Storm Drain", "evs": {"hp": 85, "atk": 0, "def": 85, "spa": 85, "spd": 85, "spe": 85}, "ivs": {"hp": 31, "atk": 0, "def": 31, "spa": 31, "spd": 31, "spe": 31}, "item": "Life Orb", "teraType": "Fairy", "role": "Fast Attacker", "bvs": {"hp": 69, "atk": 69, "def": 76, "spa": 69, "spd": 86, "spe": 91}, "stats": {"hp": 279, "atk": 133, "def": 194, "spa": 181, "spd": 213, "spe": 222}, "types": ["Water"]}}, {"Palossand": {"name": "Palossand", "species": "Palossand", "speciesId": "palossand", "gender": "F", "shiny": false, "level": 89, "moves": ["sludgebomb", "shoreup", "earthpower", "shadowball"], "ability": "Water Compaction", "evs": {"hp": 85, "atk": 0, "def": 85, "spa": 85, "spd": 85, "spe": 85}, "ivs": {"hp": 31, "atk": 0, "def": 31, "spa": 31, "spd": 31, "spe": 31}, "item": "Leftovers", "teraType": "Water", "role": "Bulky Support", "bvs": {"hp": 85, "atk": 75, "def": 110, "spa": 100, "spd": 75, "spe": 35}, "stats": {"hp": 296, "atk": 138, "def": 247, "spa": 229, "spd": 184, "spe": 113}, "types": ["Ghost", "Ground"]}, "Raikou": {"name": "Raikou", "species": "Raikou", "speciesId": "raikou", "gender": "N", "shiny": false, "level": 81, "moves": ["substitute", "calmmind", "scald", "thunderbolt"], "ability": "Pressure", "evs": {"hp": 85, "atk": 0, "def": 85, "spa": 85, "spd": 85, "spe": 85}, "ivs": {"hp": 31, "atk": 0, "def": 31, "spa": 31, "spd": 31, "spe": 31}, "item": "Leftovers", "teraType": "Water", "role": "Bulky Setup", "bvs": {"hp": 90, "atk": 85, "def": 75, "spa": 115, "spd": 100, "spe": 115}, "stats": {"hp": 278, "atk": 142, "def": 168, "spa": 233, "spd": 209, "spe": 233}, "types": ["Electric"]}, "Cetitan": {"name": "Cetitan", "species": "Cetitan", "speciesId": "cetitan", "gender": "F", "shiny": false, "level": 82, "moves": ["iciclecrash", "iceshard", "liquidation", "superpower"], "ability": "Sheer Force", "evs": {"hp": 85, "atk": 85, "def": 85, "spa": 85, "spd": 85, "spe": 85}, "ivs": {"hp": 31, "atk": 31, "def": 31, "spa": 31, "spd": 31, "spe": 31}, "item": "Life Orb", "teraType": "Water", "role": "Wallbreaker", "bvs": {"hp": 170, "atk": 113, "def": 65, "spa": 45, "spd": 55, "spe": 73}, "stats": {"hp": 413, "atk": 232, "def": 154, "spa": 121, "spd": 137, "spe": 167}, "types": ["Ice"]}, "Vaporeon": {"name": "Vaporeon", "species": "Vaporeon", "speciesId": "vaporeon", "gender": "F", "shiny": false, "level": 86, "moves": ["wish", "haze", "scald", "protect"], "ability": "Water Absorb", "evs": {"hp": 85, "atk": 0, "def": 85, "spa": 85, "spd": 85, "spe": 85}, "ivs": {"hp": 31, "atk": 0, "def": 31, "spa": 31, "spd": 31, "spe": 31}, "item": "Leftovers", "teraType": "Ground", "role": "Bulky Attacker", "bvs": {"hp": 130, "atk": 65, "def": 60, "spa": 110, "spd": 95, "spe": 65}, "stats": {"hp": 364, "atk": 116, "def": 152, "spa": 238, "spd": 213, "spe": 161}, "types": ["Water"]}, "Wo-Chien": {"name": "Wo-Chien", "species": "Wo-Chien", "speciesId": "wochien", "gender": "N", "shiny": false, "level": 83, "moves": ["knockoff", "gigadrain", "ruination", "stunspore"], "ability": "Tablets of Ruin", "evs": {"hp": 85, "atk": 85, "def": 85, "spa": 85, "spd": 85, "spe": 85}, "ivs": {"hp": 31, "atk": 31, "def": 31, "spa": 31, "spd": 31, "spe": 31}, "item": "Leftovers", "teraType": "Poison", "role": "Bulky Support", "bvs": {"hp": 85, "atk": 85, "def": 100, "spa": 95, "spd": 135, "spe": 70}, "stats": {"hp": 277, "atk": 189, "def": 214, "spa": 205, "spd": 272, "spe": 164}, "types": ["Dark", "Grass"]}, "Hitmontop": {"name": "Hitmontop", "species": "Hitmontop", "speciesId": "hitmontop", "gender": "M", "shiny": false, "level": 88, "moves": ["closecombat", "bulkup", "rapidspin", "tripleaxel"], "ability": "Technician", "evs": {"hp": 85, "atk": 85, "def": 85, "spa": 85, "spd": 85, "spe": 85}, "ivs": {"hp": 31, "atk": 31, "def": 31, "spa": 31, "spd": 31, "spe": 31}, "item": "Leftovers", "teraType": "Ice", "role": "Bulky Setup", "bvs": {"hp": 50, "atk": 95, "def": 95, "spa": 35, "spd": 110, "spe": 70}, "stats": {"hp": 231, "atk": 217, "def": 217, "spa": 112, "spd": 244, "spe": 173}, "types": ["Fighting"]}}]}