{"id": "gen9randombattle-2641093899", "format": "[Gen 9] Random Battle", "players": ["Sebman", "yaserkira5"], "log": "|j|\u2606Sebman\n|j|\u2606yaserkira5\n|t:|1782739523\n|gametype|singles\n|player|p1|Sebman|palmer|1979\n|player|p2|yaserkira5|2|1987\n|gen|9\n|tier|[Gen 9] Random Battle\n|rated|\n|rule|Species Clause: Limit one of each Pok\u00e9mon\n|rule|HP Percentage Mod: HP is shown in percentages\n|rule|Sleep Clause Mod: Limit one foe put to sleep\n|rule|Illusion Level Mod: Illusion disguises the Pok\u00e9mon's true level\n|\n|t:|1782739523\n|teamsize|p1|6\n|teamsize|p2|6\n|start\n|switch|p1a: Iron Valiant|Iron Valiant, L78|244/244\n|switch|p2a: Ditto|Ditto, L87|225/225\n|-transform|p2a: Ditto|p1a: Iron Valiant|[from] ability: Imposter\n|turn|1\n|inactive|Battle timer is ON: inactive players will automatically lose when time's up. (requested by Sebman)\n|\n|t:|1782739540\n|-end|p1a: Iron Valiant|Quark Drive|[silent]\n|switch|p1a: Glaceon|Glaceon, L94, M|275/275\n|move|p2a: Ditto|Moonblast|p1a: Glaceon\n|-damage|p1a: Glaceon|178/275\n|\n|upkeep\n|turn|2\n|\n|t:|1782739548\n|-end|p2a: Ditto|Quark Drive|[silent]\n|switch|p2a: Froslass|Froslass, L87, F|263/263\n|move|p1a: Glaceon|Wish|p1a: Glaceon\n|\n|upkeep\n|turn|3\n|\n|t:|1782739552\n|move|p2a: Froslass|Spikes|p1a: Glaceon\n|-sidestart|p1: Sebman|Spikes\n|move|p1a: Glaceon|Mud Shot|p2a: Froslass\n|-damage|p2a: Froslass|191/263\n|-unboost|p2a: Froslass|spe|1\n|-start|p1a: Glaceon|Disable|Mud Shot|[from] ability: Cursed Body|[of] p2a: Froslass\n|\n|-heal|p1a: Glaceon|275/275|[from] move: Wish|[wisher] Glaceon\n|upkeep\n|turn|4\n|\n|t:|1782739567\n|switch|p1a: Terrakion|Terrakion, L79|273/273\n|-damage|p1a: Terrakion|239/273|[from] Spikes\n|move|p2a: Froslass|Spikes|p1a: Terrakion\n|-sidestart|p1: Sebman|Spikes\n|\n|upkeep\n|turn|5\n|\n|t:|1782739585\n|switch|p2a: Quagsire|Quagsire, L84, M|297/297\n|move|p1a: Terrakion|Stone Edge|p2a: Quagsire\n|-resisted|p2a: Quagsire\n|-damage|p2a: Quagsire|222/297\n|-damage|p1a: Terrakion|212/273|[from] item: Life Orb\n|\n|-heal|p2a: Quagsire|240/297|[from] item: Leftovers\n|upkeep\n|turn|6\n|\n|t:|1782739595\n|switch|p1a: Glaceon|Glaceon, L94, M|275/275\n|move|p2a: Quagsire|Earthquake|p1a: Glaceon\n|-damage|p1a: Glaceon|199/275\n|\n|-heal|p2a: Quagsire|258/297|[from] item: Leftovers\n|upkeep\n|turn|7\n|\n|t:|1782739599\n|switch|p2a: Froslass|Froslass, L87, F|191/263\n|move|p1a: Glaceon|Wish|p1a: Glaceon\n|\n|upkeep\n|turn|8\n|\n|t:|1782739601\n|move|p2a: Froslass|Spikes|p1a: Glaceon\n|-sidestart|p1: Sebman|Spikes\n|move|p1a: Glaceon|Mud Shot|p2a: Froslass|[miss]\n|-miss|p1a: Glaceon|p2a: Froslass\n|\n|-heal|p1a: Glaceon|275/275|[from] move: Wish|[wisher] Glaceon\n|upkeep\n|turn|9\n|\n|t:|1782739611\n|switch|p2a: Snorlax|Snorlax, L82, M|397/397\n|move|p1a: Glaceon|Mud Shot|p2a: Snorlax\n|-damage|p2a: Snorlax|342/397\n|-unboost|p2a: Snorlax|spe|1\n|\n|-heal|p2a: Snorlax|366/397|[from] item: Leftovers\n|upkeep\n|turn|10\n|\n|t:|1782739614\n|move|p1a: Glaceon|Wish|p1a: Glaceon\n|move|p2a: Snorlax|Body Slam|p1a: Glaceon\n|-damage|p1a: Glaceon|208/275\n|\n|-heal|p2a: Snorlax|390/397|[from] item: Leftovers\n|upkeep\n|turn|11\n|inactive|yaserkira5 has 120 seconds left.\n|\n|t:|1782739646\n|switch|p1a: Terrakion|Terrakion, L79|212/273\n|-damage|p1a: Terrakion|144/273|[from] Spikes\n|move|p2a: Snorlax|Body Slam|p1a: Terrakion\n|-resisted|p1a: Terrakion\n|-damage|p1a: Terrakion|96/273\n|\n|-heal|p1a: Terrakion|233/273|[from] move: Wish|[wisher] Glaceon\n|-heal|p2a: Snorlax|397/397|[from] item: Leftovers\n|upkeep\n|turn|12\n|inactive|yaserkira5 has 120 seconds left.\n|\n|t:|1782739657\n|switch|p2a: Froslass|Froslass, L87, F|191/263\n|move|p1a: Terrakion|Close Combat|p2a: Froslass\n|-immune|p2a: Froslass\n|\n|upkeep\n|turn|13\n|\n|t:|1782739665\n|switch|p2a: Quagsire|Quagsire, L84, M|258/297\n|move|p1a: Terrakion|Stone Edge|p2a: Quagsire\n|-resisted|p2a: Quagsire\n|-damage|p2a: Quagsire|184/297\n|-damage|p1a: Terrakion|206/273|[from] item: Life Orb\n|\n|-heal|p2a: Quagsire|202/297|[from] item: Leftovers\n|upkeep\n|turn|14\n|\n|t:|1782739668\n|switch|p1a: Glaceon|Glaceon, L94, M|208/275\n|move|p2a: Quagsire|Toxic|p1a: Glaceon\n|-status|p1a: Glaceon|tox\n|\n|-heal|p2a: Quagsire|220/297|[from] item: Leftovers\n|-damage|p1a: Glaceon|191/275 tox|[from] psn\n|upkeep\n|turn|15\n|\n|t:|1782739674\n|switch|p2a: Froslass|Froslass, L87, F|191/263\n|move|p1a: Glaceon|Wish|p1a: Glaceon\n|\n|-damage|p1a: Glaceon|157/275 tox|[from] psn\n|upkeep\n|turn|16\n|\n|t:|1782739679\n|move|p2a: Froslass|Poltergeist|p1a: Glaceon\n|-activate|p1a: Glaceon|move: Poltergeist|Heavy-Duty Boots\n|-damage|p1a: Glaceon|70/275 tox\n|move|p1a: Glaceon|Mud Shot|p2a: Froslass\n|-damage|p2a: Froslass|119/263\n|-unboost|p2a: Froslass|spe|1\n|-start|p1a: Glaceon|Disable|Mud Shot|[from] ability: Cursed Body|[of] p2a: Froslass\n|\n|-heal|p1a: Glaceon|207/275 tox|[from] move: Wish|[wisher] Glaceon\n|-damage|p1a: Glaceon|156/275 tox|[from] psn\n|upkeep\n|turn|17\n|\n|t:|1782739702\n|move|p1a: Glaceon|Wish|p1a: Glaceon\n|move|p2a: Froslass|Poltergeist|p1a: Glaceon\n|-activate|p1a: Glaceon|move: Poltergeist|Heavy-Duty Boots\n|-damage|p1a: Glaceon|72/275 tox\n|\n|-damage|p1a: Glaceon|4/275 tox|[from] psn\n|upkeep\n|turn|18\n|\n|t:|1782739707\n|switch|p1a: Ogerpon|Ogerpon-Hearthflame, L74, F|239/239\n|-damage|p1a: Ogerpon|180/239|[from] Spikes\n|-ability|p1a: Ogerpon|Mold Breaker\n|move|p2a: Froslass|Poltergeist|p1a: Ogerpon\n|-activate|p1a: Ogerpon|move: Poltergeist|Hearthflame Mask\n|-damage|p1a: Ogerpon|48/239\n|\n|-heal|p1a: Ogerpon|185/239|[from] move: Wish|[wisher] Glaceon\n|upkeep\n|turn|19\n|\n|t:|1782739723\n|move|p1a: Ogerpon|Swords Dance|p1a: Ogerpon\n|-boost|p1a: Ogerpon|atk|2\n|move|p2a: Froslass|Poltergeist|p1a: Ogerpon\n|-activate|p1a: Ogerpon|move: Poltergeist|Hearthflame Mask\n|-damage|p1a: Ogerpon|65/239\n|\n|upkeep\n|turn|20\n|\n|t:|1782739740\n|switch|p2a: Camerupt|Camerupt, L91, F|275/275\n|move|p1a: Ogerpon|Horn Leech|p2a: Camerupt\n|-damage|p2a: Camerupt|88/275\n|-heal|p1a: Ogerpon|159/239|[from] drain|[of] p2a: Camerupt\n|\n|-heal|p2a: Camerupt|105/275|[from] item: Leftovers\n|upkeep\n|turn|21\n|\n|t:|1782739745\n|move|p1a: Ogerpon|Horn Leech|p2a: Camerupt\n|-damage|p2a: Camerupt|0 fnt\n|-heal|p1a: Ogerpon|212/239|[from] drain|[of] p2a: Camerupt\n|faint|p2a: Camerupt\n|\n|upkeep\n|\n|t:|1782739753\n|switch|p2a: Ditto|Ditto, L87|225/225\n|-transform|p2a: Ditto|p1a: Ogerpon|[from] ability: Imposter\n|-ability|p2a: Ditto|Mold Breaker\n|turn|22\n|\n|t:|1782739766\n|switch|p2a: Quagsire|Quagsire, L84, M|220/297\n|switch|p1a: Glaceon|Glaceon, L94, M|4/275 tox\n|\n|-heal|p2a: Quagsire|238/297|[from] item: Leftovers\n|-damage|p1a: Glaceon|0 fnt|[from] psn\n|faint|p1a: Glaceon\n|upkeep\n|\n|t:|1782739774\n|switch|p1a: Ogerpon|Ogerpon-Hearthflame, L74, F|212/239\n|-damage|p1a: Ogerpon|153/239|[from] Spikes\n|-ability|p1a: Ogerpon|Mold Breaker\n|turn|23\n|\n|t:|1782739778\n|-terastallize|p2a: Quagsire|Poison\n|move|p1a: Ogerpon|Horn Leech|p2a: Quagsire\n|-resisted|p2a: Quagsire\n|-damage|p2a: Quagsire|196/297\n|-heal|p1a: Ogerpon|174/239|[from] drain|[of] p2a: Quagsire\n|move|p2a: Quagsire|Toxic|p1a: Ogerpon\n|-status|p1a: Ogerpon|tox\n|\n|-heal|p2a: Quagsire|214/297|[from] item: Leftovers\n|-damage|p1a: Ogerpon|160/239 tox|[from] psn\n|upkeep\n|turn|24\n|\n|t:|1782739782\n|move|p1a: Ogerpon|Ivy Cudgel|p2a: Quagsire|[anim] Ivy Cudgel Fire\n|-damage|p2a: Quagsire|96/297\n|move|p2a: Quagsire|Recover|p2a: Quagsire\n|-heal|p2a: Quagsire|245/297\n|\n|-heal|p2a: Quagsire|263/297|[from] item: Leftovers\n|-damage|p1a: Ogerpon|132/239 tox|[from] psn\n|upkeep\n|turn|25\n|\n|t:|1782739787\n|move|p1a: Ogerpon|Ivy Cudgel|p2a: Quagsire|[anim] Ivy Cudgel Fire\n|-damage|p2a: Quagsire|136/297\n|move|p2a: Quagsire|Recover|p2a: Quagsire\n|-heal|p2a: Quagsire|285/297\n|\n|-heal|p2a: Quagsire|297/297|[from] item: Leftovers\n|-damage|p1a: Ogerpon|90/239 tox|[from] psn\n|upkeep\n|turn|26\n|\n|t:|1782739790\n|move|p1a: Ogerpon|Ivy Cudgel|p2a: Quagsire|[anim] Ivy Cudgel Fire\n|-damage|p2a: Quagsire|168/297\n|move|p2a: Quagsire|Recover|p2a: Quagsire\n|-heal|p2a: Quagsire|297/297\n|\n|-damage|p1a: Ogerpon|34/239 tox|[from] psn\n|upkeep\n|turn|27\n|\n|t:|1782739793\n|move|p1a: Ogerpon|Ivy Cudgel|p2a: Quagsire|[anim] Ivy Cudgel Fire\n|-damage|p2a: Quagsire|171/297\n|move|p2a: Quagsire|Recover|p2a: Quagsire\n|-heal|p2a: Quagsire|297/297\n|\n|-damage|p1a: Ogerpon|0 fnt|[from] psn\n|faint|p1a: Ogerpon\n|upkeep\n|\n|t:|1782739799\n|switch|p1a: Iron Valiant|Iron Valiant, L78|244/244\n|-damage|p1a: Iron Valiant|183/244|[from] Spikes\n|turn|28\n|\n|t:|1782739805\n|move|p1a: Iron Valiant|Psychic|p2a: Quagsire\n|-supereffective|p2a: Quagsire\n|-damage|p2a: Quagsire|89/297\n|-unboost|p2a: Quagsire|spd|1\n|-damage|p1a: Iron Valiant|159/244|[from] item: Life Orb\n|move|p2a: Quagsire|Toxic|p1a: Iron Valiant\n|-status|p1a: Iron Valiant|tox\n|\n|-heal|p2a: Quagsire|107/297|[from] item: Leftovers\n|-damage|p1a: Iron Valiant|144/244 tox|[from] psn\n|upkeep\n|turn|29\n|\n|t:|1782739814\n|move|p1a: Iron Valiant|Psychic|p2a: Quagsire\n|-supereffective|p2a: Quagsire\n|-damage|p2a: Quagsire|0 fnt\n|faint|p2a: Quagsire\n|-damage|p1a: Iron Valiant|120/244 tox|[from] item: Life Orb\n|\n|-damage|p1a: Iron Valiant|90/244 tox|[from] psn\n|upkeep\n|\n|t:|1782739817\n|switch|p2a: Froslass|Froslass, L87, F|119/263\n|turn|30\n|\n|t:|1782739821\n|move|p2a: Froslass|Poltergeist|p1a: Iron Valiant\n|-activate|p1a: Iron Valiant|move: Poltergeist|Life Orb\n|-damage|p1a: Iron Valiant|0 fnt\n|faint|p1a: Iron Valiant\n|-end|p1a: Iron Valiant|Quark Drive|[silent]\n|\n|upkeep\n|\n|t:|1782739836\n|switch|p1a: Terrakion|Terrakion, L79|206/273\n|-damage|p1a: Terrakion|138/273|[from] Spikes\n|turn|31\n|\n|t:|1782739851\n|move|p2a: Froslass|Poltergeist|p1a: Terrakion\n|-activate|p1a: Terrakion|move: Poltergeist|Life Orb\n|-damage|p1a: Terrakion|17/273\n|move|p1a: Terrakion|Stone Edge|p2a: Froslass|[miss]\n|-miss|p1a: Terrakion|p2a: Froslass\n|\n|upkeep\n|turn|32\n|\n|t:|1782739857\n|move|p2a: Froslass|Poltergeist|p1a: Terrakion\n|-activate|p1a: Terrakion|move: Poltergeist|Life Orb\n|-damage|p1a: Terrakion|0 fnt\n|faint|p1a: Terrakion\n|\n|upkeep\n|\n|t:|1782739858\n|switch|p1a: Haxorus|Haxorus, L77, M|244/244\n|-damage|p1a: Haxorus|183/244|[from] Spikes\n|-ability|p1a: Haxorus|Mold Breaker\n|turn|33\n|\n|t:|1782739865\n|-terastallize|p1a: Haxorus|Steel\n|move|p2a: Froslass|Triple Axel|p1a: Haxorus\n|-resisted|p1a: Haxorus\n|-damage|p1a: Haxorus|172/244\n|-resisted|p1a: Haxorus\n|-damage|p1a: Haxorus|152/244\n|-resisted|p1a: Haxorus\n|-damage|p1a: Haxorus|120/244\n|-hitcount|p1a: Haxorus|3\n|move|p1a: Haxorus|Dragon Dance|p1a: Haxorus\n|-boost|p1a: Haxorus|atk|1\n|-boost|p1a: Haxorus|spe|1\n|\n|upkeep\n|turn|34\n|\n|t:|1782739870\n|move|p1a: Haxorus|Iron Head|p2a: Froslass\n|-supereffective|p2a: Froslass\n|-damage|p2a: Froslass|0 fnt\n|faint|p2a: Froslass\n|\n|upkeep\n|\n|t:|1782739872\n|switch|p2a: Ditto|Ditto, L87|225/225\n|-transform|p2a: Ditto|p1a: Haxorus|[from] ability: Imposter\n|-ability|p2a: Ditto|Mold Breaker\n|-start|p2a: Ditto|typechange|Dragon|[silent]\n|turn|35\n|\n|t:|1782739874\n|switch|p1a: Arceus|Arceus-Flying, L69|279/279\n|move|p2a: Ditto|Earthquake|p1a: Arceus\n|-immune|p1a: Arceus\n|\n|upkeep\n|turn|36\n|\n|t:|1782739878\n|switch|p2a: Vaporeon|Vaporeon, L86, M|364/364\n|move|p1a: Arceus|Calm Mind|p1a: Arceus\n|-boost|p1a: Arceus|spa|1\n|-boost|p1a: Arceus|spd|1\n|\n|upkeep\n|turn|37\n|\n|t:|1782739881\n|move|p1a: Arceus|Calm Mind|p1a: Arceus\n|-boost|p1a: Arceus|spa|1\n|-boost|p1a: Arceus|spd|1\n|move|p2a: Vaporeon|Scald|p1a: Arceus\n|-damage|p1a: Arceus|236/279\n|\n|upkeep\n|turn|38\n|\n|t:|1782739883\n|move|p1a: Arceus|Calm Mind|p1a: Arceus\n|-boost|p1a: Arceus|spa|1\n|-boost|p1a: Arceus|spd|1\n|move|p2a: Vaporeon|Scald|p1a: Arceus\n|-damage|p1a: Arceus|199/279\n|\n|upkeep\n|turn|39\n|\n|t:|1782739887\n|move|p1a: Arceus|Calm Mind|p1a: Arceus\n|-boost|p1a: Arceus|spa|1\n|-boost|p1a: Arceus|spd|1\n|move|p2a: Vaporeon|Scald|p1a: Arceus\n|-damage|p1a: Arceus|166/279\n|-status|p1a: Arceus|brn\n|\n|-damage|p1a: Arceus|149/279 brn|[from] brn\n|upkeep\n|turn|40\n|\n|t:|1782739889\n|move|p1a: Arceus|Calm Mind|p1a: Arceus\n|-boost|p1a: Arceus|spa|1\n|-boost|p1a: Arceus|spd|1\n|move|p2a: Vaporeon|Ice Beam|p1a: Arceus\n|-supereffective|p1a: Arceus\n|-damage|p1a: Arceus|109/279 brn\n|\n|-damage|p1a: Arceus|92/279 brn|[from] brn\n|upkeep\n|turn|41\n|\n|t:|1782739896\n|move|p1a: Arceus|Recover|p1a: Arceus\n|-heal|p1a: Arceus|232/279 brn\n|move|p2a: Vaporeon|Ice Beam|p1a: Arceus\n|-supereffective|p1a: Arceus\n|-damage|p1a: Arceus|188/279 brn\n|\n|-damage|p1a: Arceus|171/279 brn|[from] brn\n|upkeep\n|turn|42\n|\n|t:|1782739899\n|move|p1a: Arceus|Calm Mind|p1a: Arceus\n|-boost|p1a: Arceus|spa|1\n|-boost|p1a: Arceus|spd|1\n|move|p2a: Vaporeon|Ice Beam|p1a: Arceus\n|-supereffective|p1a: Arceus\n|-damage|p1a: Arceus|137/279 brn\n|\n|-damage|p1a: Arceus|120/279 brn|[from] brn\n|upkeep\n|turn|43\n|\n|t:|1782739901\n|move|p1a: Arceus|Recover|p1a: Arceus\n|-heal|p1a: Arceus|260/279 brn\n|move|p2a: Vaporeon|Ice Beam|p1a: Arceus\n|-supereffective|p1a: Arceus\n|-damage|p1a: Arceus|224/279 brn\n|\n|-damage|p1a: Arceus|207/279 brn|[from] brn\n|upkeep\n|turn|44\n|\n|t:|1782739903\n|move|p1a: Arceus|Judgment|p2a: Vaporeon\n|-damage|p2a: Vaporeon|0 fnt\n|faint|p2a: Vaporeon\n|\n|-damage|p1a: Arceus|190/279 brn|[from] brn\n|upkeep\n|\n|t:|1782739908\n|switch|p2a: Ditto|Ditto, L87|225/225\n|-transform|p2a: Ditto|p1a: Arceus|[from] ability: Imposter\n|turn|45\n|\n|t:|1782739911\n|move|p2a: Ditto|Judgment|p1a: Arceus\n|-damage|p1a: Arceus|121/279 brn\n|move|p1a: Arceus|Judgment|p2a: Ditto\n|-damage|p2a: Ditto|120/225\n|\n|-damage|p1a: Arceus|104/279 brn|[from] brn\n|upkeep\n|turn|46\n|\n|t:|1782739914\n|switch|p2a: Snorlax|Snorlax, L82, M|397/397\n|move|p1a: Arceus|Recover|p1a: Arceus\n|-heal|p1a: Arceus|244/279 brn\n|\n|-damage|p1a: Arceus|227/279 brn|[from] brn\n|upkeep\n|turn|47\n|\n|t:|1782739920\n|move|p1a: Arceus|Judgment|p2a: Snorlax\n|-damage|p2a: Snorlax|22/397\n|move|p2a: Snorlax|Body Slam|p1a: Arceus\n|-damage|p1a: Arceus|142/279 brn\n|\n|-heal|p2a: Snorlax|46/397|[from] item: Leftovers\n|-damage|p1a: Arceus|125/279 brn|[from] brn\n|upkeep\n|turn|48\n|\n|t:|1782739925\n|move|p1a: Arceus|Judgment|p2a: Snorlax\n|-damage|p2a: Snorlax|0 fnt\n|faint|p2a: Snorlax\n|\n|-damage|p1a: Arceus|108/279 brn|[from] brn\n|upkeep\n|\n|t:|1782739926\n|switch|p2a: Ditto|Ditto, L87|120/225\n|-transform|p2a: Ditto|p1a: Arceus|[from] ability: Imposter\n|turn|49\n|\n|t:|1782739929\n|move|p2a: Ditto|Judgment|p1a: Arceus\n|-damage|p1a: Arceus|41/279 brn\n|move|p1a: Arceus|Recover|p1a: Arceus\n|-heal|p1a: Arceus|181/279 brn\n|\n|-damage|p1a: Arceus|164/279 brn|[from] brn\n|upkeep\n|turn|50\n|\n|t:|1782739931\n|move|p2a: Ditto|Judgment|p1a: Arceus\n|-damage|p1a: Arceus|94/279 brn\n|move|p1a: Arceus|Recover|p1a: Arceus\n|-heal|p1a: Arceus|234/279 brn\n|\n|-damage|p1a: Arceus|217/279 brn|[from] brn\n|upkeep\n|turn|51\n|\n|t:|1782739934\n|move|p2a: Ditto|Judgment|p1a: Arceus\n|-damage|p1a: Arceus|155/279 brn\n|move|p1a: Arceus|Recover|p1a: Arceus\n|-heal|p1a: Arceus|279/279 brn\n|\n|-damage|p1a: Arceus|262/279 brn|[from] brn\n|upkeep\n|turn|52\n|\n|t:|1782739937\n|move|p2a: Ditto|Judgment|p1a: Arceus\n|-damage|p1a: Arceus|194/279 brn\n|move|p1a: Arceus|Judgment|p2a: Ditto\n|-damage|p2a: Ditto|15/225\n|\n|-damage|p1a: Arceus|177/279 brn|[from] brn\n|upkeep\n|turn|53\n|\n|t:|1782739939\n|move|p2a: Ditto|Judgment|p1a: Arceus\n|-damage|p1a: Arceus|105/279 brn\n|move|p1a: Arceus|Judgment|p2a: Ditto\n|-damage|p2a: Ditto|0 fnt\n|faint|p2a: Ditto\n|\n|win|Sebman\n", "inputlog": ">version f8ac14003a5f27e1bdc8d8c59608a773c1cb96e5\n>start {\"formatid\":\"gen9randombattle\",\"seed\":\"sodium,71f58d6fbbcd14ea6782659f0cfda76d\",\"rated\":\"Rated battle\"}\n>player p1 {\"name\":\"Sebman\",\"avatar\":\"palmer\",\"rating\":1979,\"seed\":\"sodium,7cdb7e6746b54003b4a5d2fba844eca3\"}\n>player p2 {\"name\":\"yaserkira5\",\"avatar\":\"2\",\"rating\":1987,\"seed\":\"sodium,9ee419d75b69f0c0a1983529974afc21\"}\n>p1 switch 3\n>p2 move moonblast\n>p1 move wish\n>p2 switch 3\n>p1 move mudshot\n>p2 move spikes\n>p1 switch 2\n>p2 move spikes\n>p1 move stoneedge\n>p2 switch 4\n>p1 switch 2\n>p2 move earthquake\n>p1 move wish\n>p2 switch 4\n>p1 move mudshot\n>p2 move spikes\n>p1 move mudshot\n>p2 switch 2\n>p1 move wish\n>p2 move bodyslam\n>p1 switch 2\n>p2 move bodyslam\n>p1 move closecombat\n>p2 switch 2\n>p1 move stoneedge\n>p2 switch 4\n>p1 switch 2\n>p2 move toxic\n>p1 move wish\n>p2 switch 4\n>p1 move mudshot\n>p2 move poltergeist\n>p1 move wish\n>p2 move poltergeist\n>p1 switch 5\n>p2 move poltergeist\n>p1 move swordsdance\n>p2 move poltergeist\n>p1 move hornleech\n>p2 switch 5\n>p1 move hornleech\n>p2 move stealthrock\n>p2 switch 3\n>p1 switch 5\n>p2 switch 4\n>p1 switch 5\n>p1 move hornleech\n>p2 move toxic terastallize\n>p1 move ivycudgel\n>p2 move recover\n>p1 move ivycudgel\n>p2 move recover\n>p1 move ivycudgel\n>p2 move recover\n>p1 move ivycudgel\n>p2 move recover\n>p1 switch 3\n>p1 move psychic\n>p2 move toxic\n>p1 move psychic\n>p2 move earthquake\n>p2 switch 5\n>p1 move moonblast\n>p2 move poltergeist\n>p1 switch 2\n>p1 move stoneedge\n>p2 move poltergeist\n>p1 move stoneedge\n>p2 move poltergeist\n>p1 switch 4\n>p1 move dragondance terastallize\n>p2 move tripleaxel\n>p1 move ironhead\n>p2 move poltergeist\n>p2 switch 4\n>p1 switch 6\n>p2 move earthquake\n>p1 move calmmind\n>p2 switch 6\n>p1 move calmmind\n>p2 move scald\n>p1 move calmmind\n>p2 move scald\n>p1 move calmmind\n>p2 move scald\n>p1 move calmmind\n>p2 move icebeam\n>p1 move recover\n>p2 move icebeam\n>p1 move calmmind\n>p2 move icebeam\n>p1 move recover\n>p2 move icebeam\n>p1 move judgment\n>p2 move icebeam\n>p2 switch 6\n>p1 move judgment\n>p2 move judgment\n>p1 move recover\n>p2 switch 2\n>p1 move judgment\n>p2 move bodyslam\n>p1 move judgment\n>p2 move bodyslam\n>p2 switch 2\n>p1 move recover\n>p2 move judgment\n>p1 move recover\n>p2 move judgment\n>p1 move recover\n>p2 move judgment\n>p1 move judgment\n>p2 move judgment\n>p1 move judgment\n>p2 move judgment", "uploadtime": 1782739526, "views": 4, "formatid": "gen9randombattle", "rating": null, "private": 0, "password": null, "player_dets": [{"name": "Sebman", "avatar": "palmer", "rating": 1979, "seed": "sodium,7cdb7e6746b54003b4a5d2fba844eca3"}, {"name": "yaserkira5", "avatar": "2", "rating": 1987, "seed": "sodium,9ee419d75b69f0c0a1983529974afc21"}], "teams_full": [{"Iron Valiant": {"name": "Iron Valiant", "species": "Iron Valiant", "speciesId": "ironvaliant", "gender": "N", "shiny": false, "level": 78, "moves": ["calmmind", "closecombat", "moonblast", "psychic"], "ability": "Quark Drive", "evs": {"hp": 85, "atk": 85, "def": 85, "spa": 85, "spd": 85, "spe": 85}, "ivs": {"hp": 31, "atk": 31, "def": 31, "spa": 31, "spd": 31, "spe": 31}, "item": "Life Orb", "teraType": "Steel", "role": "Fast Attacker", "bvs": {"hp": 74, "atk": 130, "def": 90, "spa": 120, "spd": 60, "spe": 116}, "stats": {"hp": 244, "atk": 248, "def": 185, "spa": 232, "spd": 139, "spe": 226}, "types": ["Fairy", "Fighting"]}, "Terrakion": {"name": "Terrakion", "species": "Terrakion", "speciesId": "terrakion", "gender": "N", "shiny": false, "level": 79, "moves": ["closecombat", "stoneedge", "swordsdance", "earthquake"], "ability": "Justified", "evs": {"hp": 85, "atk": 85, "def": 85, "spa": 85, "spd": 85, "spe": 85}, "ivs": {"hp": 31, "atk": 31, "def": 31, "spa": 31, "spd": 31, "spe": 31}, "item": "Life Orb", "teraType": "Ground", "role": "Setup Sweeper", "bvs": {"hp": 91, "atk": 129, "def": 90, "spa": 72, "spd": 90, "spe": 108}, "stats": {"hp": 273, "atk": 249, "def": 188, "spa": 159, "spd": 188, "spe": 216}, "types": ["Rock", "Fighting"]}, "Glaceon": {"name": "Glaceon", "species": "Glaceon", "speciesId": "glaceon", "gender": "M", "shiny": false, "level": 94, "moves": ["mudshot", "freezedry", "wish", "protect"], "ability": "Ice Body", "evs": {"hp": 85, "atk": 0, "def": 85, "spa": 85, "spd": 85, "spe": 85}, "ivs": {"hp": 31, "atk": 0, "def": 31, "spa": 31, "spd": 31, "spe": 31}, "item": "Heavy-Duty Boots", "teraType": "Ground", "role": "Bulky Attacker", "bvs": {"hp": 65, "atk": 60, "def": 110, "spa": 130, "spd": 95, "spe": 65}, "stats": {"hp": 275, "atk": 117, "def": 260, "spa": 298, "spd": 232, "spe": 176}, "types": ["Ice"]}, "Haxorus": {"name": "Haxorus", "species": "Haxorus", "speciesId": "haxorus", "gender": "M", "shiny": false, "level": 77, "moves": ["ironhead", "outrage", "dragondance", "earthquake"], "ability": "Mold Breaker", "evs": {"hp": 85, "atk": 85, "def": 85, "spa": 85, "spd": 85, "spe": 85}, "ivs": {"hp": 31, "atk": 31, "def": 31, "spa": 31, "spd": 31, "spe": 31}, "item": "Lum Berry", "teraType": "Steel", "role": "Setup Sweeper", "bvs": {"hp": 76, "atk": 147, "def": 90, "spa": 60, "spd": 70, "spe": 97}, "stats": {"hp": 244, "atk": 271, "def": 183, "spa": 137, "spd": 152, "spe": 194}, "types": ["Dragon"]}, "Ogerpon": {"name": "Ogerpon", "species": "Ogerpon-Hearthflame", "speciesId": "ogerponhearthflame", "gender": "F", "shiny": false, "level": 74, "moves": ["hornleech", "ivycudgel", "swordsdance", "trailblaze"], "ability": "Mold Breaker", "evs": {"hp": 77, "atk": 85, "def": 85, "spa": 85, "spd": 85, "spe": 85}, "ivs": {"hp": 31, "atk": 31, "def": 31, "spa": 31, "spd": 31, "spe": 31}, "item": "Hearthflame Mask", "teraType": "Fire", "role": "Setup Sweeper", "bvs": {"hp": 80, "atk": 120, "def": 84, "spa": 60, "spd": 96, "spe": 110}, "stats": {"hp": 239, "atk": 221, "def": 167, "spa": 132, "spd": 185, "spe": 206}, "types": ["Grass", "Fire"]}, "Arceus": {"name": "Arceus", "species": "Arceus-Flying", "speciesId": "arceusflying", "gender": "N", "shiny": false, "level": 69, "moves": ["recover", "calmmind", "earthpower", "judgment"], "ability": "Multitype", "evs": {"hp": 81, "atk": 0, "def": 85, "spa": 85, "spd": 85, "spe": 85}, "ivs": {"hp": 31, "atk": 0, "def": 31, "spa": 31, "spd": 31, "spe": 31}, "item": "Sky Plate", "teraType": "Steel", "role": "Bulky Setup", "bvs": {"hp": 120, "atk": 120, "def": 120, "spa": 120, "spd": 120, "spe": 120}, "stats": {"hp": 279, "atk": 170, "def": 206, "spa": 206, "spd": 206, "spe": 206}, "types": ["Flying"]}}, {"Ditto": {"name": "Ditto", "species": "Ditto", "speciesId": "ditto", "gender": "N", "shiny": false, "level": 87, "moves": ["transform"], "ability": "Imposter", "evs": {"hp": 85, "atk": 85, "def": 85, "spa": 85, "spd": 85, "spe": 85}, "ivs": {"hp": 31, "atk": 31, "def": 31, "spa": 31, "spd": 31, "spe": 31}, "item": "Choice Scarf", "teraType": "Steel", "role": "Fast Support", "bvs": {"hp": 48, "atk": 48, "def": 48, "spa": 48, "spd": 48, "spe": 48}, "stats": {"hp": 225, "atk": 133, "def": 133, "spa": 133, "spd": 133, "spe": 133}, "types": ["Normal"]}, "Snorlax": {"name": "Snorlax", "species": "Snorlax", "speciesId": "snorlax", "gender": "M", "shiny": false, "level": 82, "moves": ["sleeptalk", "rest", "curse", "bodyslam"], "ability": "Thick Fat", "evs": {"hp": 85, "atk": 85, "def": 85, "spa": 85, "spd": 85, "spe": 85}, "ivs": {"hp": 31, "atk": 31, "def": 31, "spa": 31, "spd": 31, "spe": 31}, "item": "Leftovers", "teraType": "Fairy", "role": "Bulky Attacker", "bvs": {"hp": 160, "atk": 110, "def": 65, "spa": 65, "spd": 110, "spe": 30}, "stats": {"hp": 397, "atk": 228, "def": 154, "spa": 154, "spd": 228, "spe": 96}, "types": ["Normal"]}, "Froslass": {"name": "Froslass", "species": "Froslass", "speciesId": "froslass", "gender": "F", "shiny": false, "level": 87, "moves": ["tripleaxel", "taunt", "poltergeist", "spikes"], "ability": "Cursed Body", "evs": {"hp": 81, "atk": 85, "def": 85, "spa": 85, "spd": 85, "spe": 85}, "ivs": {"hp": 31, "atk": 31, "def": 31, "spa": 31, "spd": 31, "spe": 31}, "item": "Wide Lens", "teraType": "Ice", "role": "Fast Support", "bvs": {"hp": 70, "atk": 80, "def": 70, "spa": 80, "spd": 70, "spe": 110}, "stats": {"hp": 263, "atk": 189, "def": 172, "spa": 189, "spd": 172, "spe": 241}, "types": ["Ice", "Ghost"]}, "Quagsire": {"name": "Quagsire", "species": "Quagsire", "speciesId": "quagsire", "gender": "M", "shiny": false, "level": 84, "moves": ["recover", "toxic", "earthquake", "spikes"], "ability": "Unaware", "evs": {"hp": 85, "atk": 85, "def": 85, "spa": 85, "spd": 85, "spe": 85}, "ivs": {"hp": 31, "atk": 31, "def": 31, "spa": 31, "spd": 31, "spe": 31}, "item": "Leftovers", "teraType": "Poison", "role": "Bulky Support", "bvs": {"hp": 95, "atk": 85, "def": 85, "spa": 65, "spd": 65, "spe": 35}, "stats": {"hp": 297, "atk": 191, "def": 191, "spa": 157, "spd": 157, "spe": 107}, "types": ["Water", "Ground"]}, "Camerupt": {"name": "Camerupt", "species": "Camerupt", "speciesId": "camerupt", "gender": "F", "shiny": false, "level": 91, "moves": ["stealthrock", "willowisp", "earthquake", "overheat"], "ability": "Solid Rock", "evs": {"hp": 85, "atk": 85, "def": 85, "spa": 85, "spd": 85, "spe": 85}, "ivs": {"hp": 31, "atk": 31, "def": 31, "spa": 31, "spd": 31, "spe": 31}, "item": "Leftovers", "teraType": "Water", "role": "Bulky Support", "bvs": {"hp": 70, "atk": 100, "def": 70, "spa": 105, "spd": 75, "spe": 40}, "stats": {"hp": 275, "atk": 234, "def": 179, "spa": 243, "spd": 188, "spe": 125}, "types": ["Fire", "Ground"]}, "Vaporeon": {"name": "Vaporeon", "species": "Vaporeon", "speciesId": "vaporeon", "gender": "M", "shiny": false, "level": 86, "moves": ["wish", "icebeam", "protect", "scald"], "ability": "Water Absorb", "evs": {"hp": 85, "atk": 0, "def": 85, "spa": 85, "spd": 85, "spe": 85}, "ivs": {"hp": 31, "atk": 0, "def": 31, "spa": 31, "spd": 31, "spe": 31}, "item": "Leftovers", "teraType": "Poison", "role": "Bulky Support", "bvs": {"hp": 130, "atk": 65, "def": 60, "spa": 110, "spd": 95, "spe": 65}, "stats": {"hp": 364, "atk": 116, "def": 152, "spa": 238, "spd": 213, "spe": 161}, "types": ["Water"]}}]}