{"id": "gen9randombattle-2641161598", "format": "[Gen 9] Random Battle", "players": ["notmetbh102", "Bob Trusty"], "log": "|badge|p2|bronze|gen9randombattle|100-9\n|html|<div class=\"broadcast-red\"><strong>This battle is required to be public due to one or more player having a season medal.</strong><br />During the public phase, you can discuss the state of the ladder <a href=\"/seasondiscussion\">in a special chatroom.</a></div>\n|uhtml|medal-msg|<div class=\"broadcast-blue\">Curious what those medals under the avatar are? PS now has Ladder Seasons! For more information, check out the <a href=\"https://www.smogon.com/forums/threads/3740067/\">thread on Smogon.</a></div>\n|j|\u2606notmetbh102\n|j|\u2606Bob Trusty\n|t:|1782748099\n|gametype|singles\n|player|p1|notmetbh102|2|2326\n|player|p2|Bob Trusty|ingo|2297\n|gen|9\n|tier|[Gen 9] Random Battle\n|rated|\n|rule|Species Clause: Limit one of each Pok\u00e9mon\n|rule|HP Percentage Mod: HP is shown in percentages\n|rule|Sleep Clause Mod: Limit one foe put to sleep\n|rule|Illusion Level Mod: Illusion disguises the Pok\u00e9mon's true level\n|\n|t:|1782748099\n|teamsize|p1|6\n|teamsize|p2|6\n|start\n|switch|p1a: Avalugg|Avalugg-Hisui, L90, F|317/317\n|switch|p2a: Gastrodon|Gastrodon, L86, F|331/331\n|turn|1\n|inactive|Battle timer is ON: inactive players will automatically lose when time's up. (requested by Bob Trusty)\n|inactive|notmetbh102 also wants the timer to be on.\n|c|\u2606notmetbh102|hf\n|c|\u2606Bob Trusty|u2\n|\n|t:|1782748128\n|switch|p1a: Lurantis|Lurantis, L87, M|264/264\n|move|p2a: Gastrodon|Spikes|p1a: Lurantis\n|-sidestart|p1: notmetbh102|Spikes\n|\n|upkeep\n|turn|2\n|\n|t:|1782748131\n|switch|p2a: Altaria|Altaria, L89, F|278/278\n|move|p1a: Lurantis|Leaf Storm|p2a: Altaria\n|-resisted|p2a: Altaria\n|-damage|p2a: Altaria|251/278\n|-boost|p1a: Lurantis|spa|2\n|\n|upkeep\n|turn|3\n|\n|t:|1782748134\n|switch|p1a: Avalugg|Avalugg-Hisui, L90, F|317/317\n|move|p2a: Altaria|Brave Bird|p1a: Avalugg\n|-resisted|p1a: Avalugg\n|-damage|p1a: Avalugg|288/317\n|-damage|p2a: Altaria|241/278|[from] Recoil\n|\n|upkeep\n|turn|4\n|\n|t:|1782748141\n|switch|p2a: Gastrodon|Gastrodon, L86, F|331/331\n|move|p1a: Avalugg|Stone Edge|p2a: Gastrodon|[miss]\n|-miss|p1a: Avalugg|p2a: Gastrodon\n|\n|upkeep\n|turn|5\n|\n|t:|1782748146\n|switch|p1a: Lurantis|Lurantis, L87, M|264/264\n|-damage|p1a: Lurantis|231/264|[from] Spikes\n|move|p2a: Gastrodon|Earthquake|p1a: Lurantis\n|-resisted|p1a: Lurantis\n|-damage|p1a: Lurantis|182/264\n|\n|-heal|p1a: Lurantis|198/264|[from] item: Leftovers\n|upkeep\n|turn|6\n|\n|t:|1782748147\n|switch|p2a: Altaria|Altaria, L89, F|241/278\n|move|p1a: Lurantis|Knock Off|p2a: Altaria\n|-damage|p2a: Altaria|170/278\n|-enditem|p2a: Altaria|Heavy-Duty Boots|[from] move: Knock Off|[of] p1a: Lurantis\n|\n|-heal|p1a: Lurantis|214/264|[from] item: Leftovers\n|upkeep\n|turn|7\n|\n|t:|1782748156\n|switch|p1a: Avalugg|Avalugg-Hisui, L90, F|288/317\n|move|p2a: Altaria|Roost|p2a: Altaria\n|-heal|p2a: Altaria|278/278\n|-singleturn|p2a: Altaria|move: Roost\n|\n|upkeep\n|turn|8\n|\n|t:|1782748157\n|switch|p2a: Gastrodon|Gastrodon, L86, F|331/331\n|move|p1a: Avalugg|Body Press|p2a: Gastrodon\n|-damage|p2a: Gastrodon|209/331\n|\n|-heal|p2a: Gastrodon|229/331|[from] item: Leftovers\n|upkeep\n|turn|9\n|\n|t:|1782748159\n|switch|p1a: Lurantis|Lurantis, L87, M|214/264\n|-damage|p1a: Lurantis|181/264|[from] Spikes\n|move|p2a: Gastrodon|Spikes|p1a: Lurantis\n|-sidestart|p1: notmetbh102|Spikes\n|\n|-heal|p1a: Lurantis|197/264|[from] item: Leftovers\n|-heal|p2a: Gastrodon|249/331|[from] item: Leftovers\n|upkeep\n|turn|10\n|\n|t:|1782748161\n|switch|p2a: Altaria|Altaria, L89, F|278/278\n|move|p1a: Lurantis|Superpower|p2a: Altaria\n|-resisted|p2a: Altaria\n|-damage|p2a: Altaria|236/278\n|-boost|p1a: Lurantis|atk|1\n|-boost|p1a: Lurantis|def|1\n|\n|-heal|p1a: Lurantis|213/264|[from] item: Leftovers\n|upkeep\n|turn|11\n|\n|t:|1782748163\n|move|p2a: Altaria|Brave Bird|p1a: Lurantis\n|-supereffective|p1a: Lurantis\n|-damage|p1a: Lurantis|67/264\n|-damage|p2a: Altaria|188/278|[from] Recoil\n|move|p1a: Lurantis|Synthesis|p1a: Lurantis\n|-heal|p1a: Lurantis|199/264\n|\n|-heal|p1a: Lurantis|215/264|[from] item: Leftovers\n|upkeep\n|turn|12\n|\n|t:|1782748167\n|move|p2a: Altaria|Haze|p2a: Altaria\n|-clearallboost\n|move|p1a: Lurantis|Synthesis|p1a: Lurantis\n|-heal|p1a: Lurantis|264/264\n|\n|upkeep\n|turn|13\n|\n|t:|1782748170\n|switch|p1a: Avalugg|Avalugg-Hisui, L90, F|288/317\n|move|p2a: Altaria|Roost|p2a: Altaria\n|-heal|p2a: Altaria|278/278\n|-singleturn|p2a: Altaria|move: Roost\n|\n|upkeep\n|turn|14\n|\n|t:|1782748172\n|switch|p2a: Gastrodon|Gastrodon, L86, F|249/331\n|move|p1a: Avalugg|Body Press|p2a: Gastrodon\n|-damage|p2a: Gastrodon|116/331\n|\n|-heal|p2a: Gastrodon|136/331|[from] item: Leftovers\n|upkeep\n|turn|15\n|\n|t:|1782748173\n|move|p1a: Avalugg|Body Press|p2a: Gastrodon\n|-damage|p2a: Gastrodon|9/331\n|move|p2a: Gastrodon|Recover|p2a: Gastrodon\n|-heal|p2a: Gastrodon|175/331\n|\n|-heal|p2a: Gastrodon|195/331|[from] item: Leftovers\n|upkeep\n|turn|16\n|\n|t:|1782748175\n|move|p1a: Avalugg|Body Press|p2a: Gastrodon\n|-damage|p2a: Gastrodon|66/331\n|move|p2a: Gastrodon|Recover|p2a: Gastrodon\n|-heal|p2a: Gastrodon|232/331\n|\n|-heal|p2a: Gastrodon|252/331|[from] item: Leftovers\n|upkeep\n|turn|17\n|\n|t:|1782748177\n|switch|p1a: Lurantis|Lurantis, L87, M|264/264\n|-damage|p1a: Lurantis|220/264|[from] Spikes\n|move|p2a: Gastrodon|Spikes|p1a: Lurantis\n|-sidestart|p1: notmetbh102|Spikes\n|\n|-heal|p1a: Lurantis|236/264|[from] item: Leftovers\n|-heal|p2a: Gastrodon|272/331|[from] item: Leftovers\n|upkeep\n|turn|18\n|\n|t:|1782748180\n|switch|p2a: Altaria|Altaria, L89, F|278/278\n|move|p1a: Lurantis|Knock Off|p2a: Altaria\n|-damage|p2a: Altaria|232/278\n|\n|-heal|p1a: Lurantis|252/264|[from] item: Leftovers\n|upkeep\n|turn|19\n|\n|t:|1782748187\n|switch|p2a: Sableye|Sableye, L88, F|231/231\n|switch|p1a: Avalugg|Avalugg-Hisui, L90, F|288/317\n|\n|upkeep\n|turn|20\n|\n|t:|1782748190\n|move|p2a: Sableye|Will-O-Wisp|p1a: Avalugg\n|-status|p1a: Avalugg|brn\n|move|p1a: Avalugg|Stone Edge|p2a: Sableye\n|-damage|p2a: Sableye|151/231\n|\n|-heal|p2a: Sableye|165/231|[from] item: Leftovers\n|-damage|p1a: Avalugg|269/317 brn|[from] brn\n|upkeep\n|turn|21\n|\n|t:|1782748192\n|move|p2a: Sableye|Encore|p1a: Avalugg\n|-start|p1a: Avalugg|Encore\n|move|p1a: Avalugg|Stone Edge|p2a: Sableye\n|-crit|p2a: Sableye\n|-damage|p2a: Sableye|39/231\n|\n|-heal|p2a: Sableye|53/231|[from] item: Leftovers\n|-damage|p1a: Avalugg|250/317 brn|[from] brn\n|upkeep\n|turn|22\n|\n|t:|1782748193\n|switch|p1a: Lurantis|Lurantis, L87, M|252/264\n|-damage|p1a: Lurantis|186/264|[from] Spikes\n|move|p2a: Sableye|Recover|p2a: Sableye\n|-heal|p2a: Sableye|169/231\n|\n|-heal|p2a: Sableye|183/231|[from] item: Leftovers\n|-heal|p1a: Lurantis|202/264|[from] item: Leftovers\n|upkeep\n|turn|23\n|\n|t:|1782748197\n|switch|p2a: Altaria|Altaria, L89, F|232/278\n|move|p1a: Lurantis|Leaf Storm|p2a: Altaria\n|-resisted|p2a: Altaria\n|-damage|p2a: Altaria|208/278\n|-boost|p1a: Lurantis|spa|2\n|\n|-heal|p1a: Lurantis|218/264|[from] item: Leftovers\n|upkeep\n|turn|24\n|\n|t:|1782748200\n|switch|p1a: Avalugg|Avalugg-Hisui, L90, F|250/317 brn\n|move|p2a: Altaria|Brave Bird|p1a: Avalugg\n|-resisted|p1a: Avalugg\n|-damage|p1a: Avalugg|220/317 brn\n|-damage|p2a: Altaria|198/278|[from] Recoil\n|\n|-damage|p1a: Avalugg|201/317 brn|[from] brn\n|upkeep\n|turn|25\n|\n|t:|1782748203\n|switch|p2a: Gastrodon|Gastrodon, L86, F|272/331\n|move|p1a: Avalugg|Recover|p1a: Avalugg\n|-heal|p1a: Avalugg|317/317 brn\n|\n|-heal|p2a: Gastrodon|292/331|[from] item: Leftovers\n|-damage|p1a: Avalugg|298/317 brn|[from] brn\n|upkeep\n|turn|26\n|\n|t:|1782748206\n|switch|p1a: Lurantis|Lurantis, L87, M|218/264\n|-damage|p1a: Lurantis|152/264|[from] Spikes\n|move|p2a: Gastrodon|Ice Beam|p1a: Lurantis\n|-supereffective|p1a: Lurantis\n|-damage|p1a: Lurantis|38/264\n|\n|-heal|p1a: Lurantis|54/264|[from] item: Leftovers\n|-heal|p2a: Gastrodon|312/331|[from] item: Leftovers\n|upkeep\n|turn|27\n|\n|t:|1782748210\n|switch|p2a: Altaria|Altaria, L89, F|198/278\n|move|p1a: Lurantis|Synthesis|p1a: Lurantis\n|-heal|p1a: Lurantis|186/264\n|\n|-heal|p1a: Lurantis|202/264|[from] item: Leftovers\n|upkeep\n|turn|28\n|\n|t:|1782748212\n|switch|p1a: Avalugg|Avalugg-Hisui, L90, F|298/317 brn\n|move|p2a: Altaria|Brave Bird|p1a: Avalugg\n|-resisted|p1a: Avalugg\n|-damage|p1a: Avalugg|272/317 brn\n|-damage|p2a: Altaria|189/278|[from] Recoil\n|\n|-damage|p1a: Avalugg|253/317 brn|[from] brn\n|upkeep\n|turn|29\n|\n|t:|1782748216\n|switch|p2a: Gastrodon|Gastrodon, L86, F|312/331\n|move|p1a: Avalugg|Avalanche|p2a: Gastrodon\n|-damage|p2a: Gastrodon|258/331\n|\n|-heal|p2a: Gastrodon|278/331|[from] item: Leftovers\n|-damage|p1a: Avalugg|234/317 brn|[from] brn\n|upkeep\n|turn|30\n|\n|t:|1782748217\n|move|p2a: Gastrodon|Ice Beam|p1a: Avalugg\n|-resisted|p1a: Avalugg\n|-damage|p1a: Avalugg|182/317 brn\n|move|p1a: Avalugg|Avalanche|p2a: Gastrodon\n|-damage|p2a: Gastrodon|167/331\n|\n|-heal|p2a: Gastrodon|187/331|[from] item: Leftovers\n|-damage|p1a: Avalugg|163/317 brn|[from] brn\n|upkeep\n|turn|31\n|\n|t:|1782748223\n|move|p1a: Avalugg|Recover|p1a: Avalugg\n|-heal|p1a: Avalugg|317/317 brn\n|move|p2a: Gastrodon|Earthquake|p1a: Avalugg\n|-supereffective|p1a: Avalugg\n|-damage|p1a: Avalugg|221/317 brn\n|\n|-heal|p2a: Gastrodon|207/331|[from] item: Leftovers\n|-damage|p1a: Avalugg|202/317 brn|[from] brn\n|upkeep\n|turn|32\n|\n|t:|1782748225\n|move|p2a: Gastrodon|Earthquake|p1a: Avalugg\n|-supereffective|p1a: Avalugg\n|-damage|p1a: Avalugg|92/317 brn\n|move|p1a: Avalugg|Avalanche|p2a: Gastrodon\n|-damage|p2a: Gastrodon|101/331\n|\n|-heal|p2a: Gastrodon|121/331|[from] item: Leftovers\n|-damage|p1a: Avalugg|73/317 brn|[from] brn\n|upkeep\n|turn|33\n|\n|t:|1782748227\n|move|p1a: Avalugg|Recover|p1a: Avalugg\n|-heal|p1a: Avalugg|232/317 brn\n|move|p2a: Gastrodon|Recover|p2a: Gastrodon\n|-heal|p2a: Gastrodon|287/331\n|\n|-heal|p2a: Gastrodon|307/331|[from] item: Leftovers\n|-damage|p1a: Avalugg|213/317 brn|[from] brn\n|upkeep\n|turn|34\n|\n|t:|1782748228\n|move|p2a: Gastrodon|Earthquake|p1a: Avalugg\n|-supereffective|p1a: Avalugg\n|-damage|p1a: Avalugg|117/317 brn\n|move|p1a: Avalugg|Avalanche|p2a: Gastrodon\n|-damage|p2a: Gastrodon|199/331\n|\n|-heal|p2a: Gastrodon|219/331|[from] item: Leftovers\n|-damage|p1a: Avalugg|98/317 brn|[from] brn\n|upkeep\n|turn|35\n|\n|t:|1782748230\n|move|p1a: Avalugg|Recover|p1a: Avalugg\n|-heal|p1a: Avalugg|257/317 brn\n|move|p2a: Gastrodon|Earthquake|p1a: Avalugg\n|-supereffective|p1a: Avalugg\n|-damage|p1a: Avalugg|147/317 brn\n|\n|-heal|p2a: Gastrodon|239/331|[from] item: Leftovers\n|-damage|p1a: Avalugg|128/317 brn|[from] brn\n|upkeep\n|turn|36\n|\n|t:|1782748231\n|move|p1a: Avalugg|Recover|p1a: Avalugg\n|-heal|p1a: Avalugg|287/317 brn\n|move|p2a: Gastrodon|Earthquake|p1a: Avalugg\n|-supereffective|p1a: Avalugg\n|-damage|p1a: Avalugg|191/317 brn\n|\n|-heal|p2a: Gastrodon|259/331|[from] item: Leftovers\n|-damage|p1a: Avalugg|172/317 brn|[from] brn\n|upkeep\n|turn|37\n|\n|t:|1782748233\n|switch|p1a: Thundurus|Thundurus, L80, M|258/258\n|move|p2a: Gastrodon|Earthquake|p1a: Thundurus\n|-immune|p1a: Thundurus\n|\n|-heal|p2a: Gastrodon|279/331|[from] item: Leftovers\n|upkeep\n|turn|38\n|\n|t:|1782748237\n|switch|p1a: Avalugg|Avalugg-Hisui, L90, F|172/317 brn\n|switch|p2a: Altaria|Altaria, L89, F|189/278\n|\n|-damage|p1a: Avalugg|153/317 brn|[from] brn\n|upkeep\n|turn|39\n|\n|t:|1782748239\n|move|p2a: Altaria|Roost|p2a: Altaria\n|-heal|p2a: Altaria|278/278\n|-singleturn|p2a: Altaria|move: Roost\n|move|p1a: Avalugg|Avalanche|p2a: Altaria\n|-supereffective|p2a: Altaria\n|-damage|p2a: Altaria|193/278\n|\n|-damage|p1a: Avalugg|134/317 brn|[from] brn\n|upkeep\n|turn|40\n|\n|t:|1782748244\n|switch|p2a: Sableye|Sableye, L88, F|183/231\n|move|p1a: Avalugg|Stone Edge|p2a: Sableye\n|-damage|p2a: Sableye|96/231\n|\n|-heal|p2a: Sableye|110/231|[from] item: Leftovers\n|-damage|p1a: Avalugg|115/317 brn|[from] brn\n|upkeep\n|turn|41\n|\n|t:|1782748245\n|move|p2a: Sableye|Recover|p2a: Sableye\n|-heal|p2a: Sableye|226/231\n|move|p1a: Avalugg|Stone Edge|p2a: Sableye\n|-damage|p2a: Sableye|149/231\n|\n|-heal|p2a: Sableye|163/231|[from] item: Leftovers\n|-damage|p1a: Avalugg|96/317 brn|[from] brn\n|upkeep\n|turn|42\n|\n|t:|1782748251\n|move|p2a: Sableye|Knock Off|p1a: Avalugg\n|-damage|p1a: Avalugg|42/317 brn\n|-enditem|p1a: Avalugg|Heavy-Duty Boots|[from] move: Knock Off|[of] p2a: Sableye\n|move|p1a: Avalugg|Stone Edge|p2a: Sableye|[miss]\n|-miss|p1a: Avalugg|p2a: Sableye\n|\n|-heal|p2a: Sableye|177/231|[from] item: Leftovers\n|-damage|p1a: Avalugg|23/317 brn|[from] brn\n|upkeep\n|turn|43\n|\n|t:|1782748254\n|switch|p1a: Thundurus|Thundurus, L80, M|258/258\n|move|p2a: Sableye|Knock Off|p1a: Thundurus\n|-damage|p1a: Thundurus|140/258\n|-enditem|p1a: Thundurus|Heavy-Duty Boots|[from] move: Knock Off|[of] p2a: Sableye\n|\n|-heal|p2a: Sableye|191/231|[from] item: Leftovers\n|upkeep\n|turn|44\n|\n|t:|1782748265\n|move|p2a: Sableye|Will-O-Wisp|p1a: Thundurus\n|-status|p1a: Thundurus|brn\n|move|p1a: Thundurus|Knock Off|p2a: Sableye\n|-damage|p2a: Sableye|150/231\n|-enditem|p2a: Sableye|Leftovers|[from] move: Knock Off|[of] p1a: Thundurus\n|\n|-damage|p1a: Thundurus|124/258 brn|[from] brn\n|upkeep\n|turn|45\n|\n|t:|1782748268\n|move|p2a: Sableye|Encore|p1a: Thundurus\n|-start|p1a: Thundurus|Encore\n|move|p1a: Thundurus|Knock Off|p2a: Sableye\n|-damage|p2a: Sableye|126/231\n|\n|-damage|p1a: Thundurus|108/258 brn|[from] brn\n|upkeep\n|turn|46\n|\n|t:|1782748269\n|switch|p1a: Avalugg|Avalugg-Hisui, L90, F|23/317 brn\n|-damage|p1a: Avalugg|0 fnt|[from] Spikes\n|faint|p1a: Avalugg\n|move|p2a: Sableye|Recover|p2a: Sableye\n|-heal|p2a: Sableye|231/231\n|\n|upkeep\n|\n|t:|1782748270\n|switch|p1a: Dachsbun|Dachsbun, L92, M|254/254\n|-damage|p1a: Dachsbun|191/254|[from] Spikes\n|turn|47\n|\n|t:|1782748280\n|switch|p2a: Gastrodon|Gastrodon, L86, F|279/331\n|move|p1a: Dachsbun|Play Rough|p2a: Gastrodon\n|-damage|p2a: Gastrodon|170/331\n|-unboost|p2a: Gastrodon|atk|1\n|\n|-heal|p1a: Dachsbun|206/254|[from] item: Leftovers\n|-heal|p2a: Gastrodon|190/331|[from] item: Leftovers\n|upkeep\n|turn|48\n|\n|t:|1782748284\n|move|p1a: Dachsbun|Play Rough|p2a: Gastrodon\n|-damage|p2a: Gastrodon|70/331\n|move|p2a: Gastrodon|Recover|p2a: Gastrodon\n|-heal|p2a: Gastrodon|236/331\n|\n|-heal|p1a: Dachsbun|221/254|[from] item: Leftovers\n|-heal|p2a: Gastrodon|256/331|[from] item: Leftovers\n|upkeep\n|turn|49\n|\n|t:|1782748288\n|switch|p2a: Kingambit|Kingambit, L74, F|270/270\n|move|p1a: Dachsbun|Play Rough|p2a: Kingambit\n|-damage|p2a: Kingambit|185/270\n|\n|-heal|p1a: Dachsbun|236/254|[from] item: Leftovers\n|-heal|p2a: Kingambit|201/270|[from] item: Leftovers\n|upkeep\n|turn|50\n|\n|t:|1782748292\n|-end|p2a: Kingambit|fallenundefined|[silent]\n|switch|p2a: Sableye|Sableye, L88, F|231/231\n|move|p1a: Dachsbun|Body Press|p2a: Sableye\n|-immune|p2a: Sableye\n|\n|-heal|p1a: Dachsbun|251/254|[from] item: Leftovers\n|upkeep\n|turn|51\n|\n|t:|1782748293\n|move|p2a: Sableye|Encore|p1a: Dachsbun\n|-start|p1a: Dachsbun|Encore\n|move|p1a: Dachsbun|Body Press|p2a: Sableye\n|-immune|p2a: Sableye\n|\n|-heal|p1a: Dachsbun|254/254|[from] item: Leftovers\n|upkeep\n|turn|52\n|\n|t:|1782748297\n|move|p1a: Dachsbun|Body Press|p2a: Sableye\n|-immune|p2a: Sableye\n|move|p2a: Sableye|Knock Off|p1a: Dachsbun\n|-resisted|p1a: Dachsbun\n|-damage|p1a: Dachsbun|221/254\n|-enditem|p1a: Dachsbun|Leftovers|[from] move: Knock Off|[of] p2a: Sableye\n|\n|upkeep\n|turn|53\n|\n|t:|1782748301\n|move|p1a: Dachsbun|Body Press|p2a: Sableye\n|-immune|p2a: Sableye\n|move|p2a: Sableye|Knock Off|p1a: Dachsbun\n|-resisted|p1a: Dachsbun\n|-damage|p1a: Dachsbun|199/254\n|\n|-end|p1a: Dachsbun|Encore\n|upkeep\n|turn|54\n|\n|t:|1782748303\n|move|p2a: Sableye|Encore|p1a: Dachsbun\n|-start|p1a: Dachsbun|Encore\n|move|p1a: Dachsbun|Body Press|p2a: Sableye\n|-immune|p2a: Sableye\n|\n|upkeep\n|turn|55\n|\n|t:|1782748309\n|switch|p2a: Pachirisu|Pachirisu, L96, F|271/271\n|move|p1a: Dachsbun|Body Press|p2a: Pachirisu\n|-damage|p2a: Pachirisu|187/271\n|\n|upkeep\n|turn|56\n|\n|t:|1782748312\n|move|p2a: Pachirisu|Discharge|p1a: Dachsbun\n|-damage|p1a: Dachsbun|138/254\n|move|p1a: Dachsbun|Body Press|p2a: Pachirisu\n|-damage|p2a: Pachirisu|104/271\n|\n|-end|p1a: Dachsbun|Encore\n|upkeep\n|turn|57\n|\n|t:|1782748316\n|move|p2a: Pachirisu|Encore|p1a: Dachsbun\n|-start|p1a: Dachsbun|Encore\n|move|p1a: Dachsbun|Body Press|p2a: Pachirisu\n|-damage|p2a: Pachirisu|20/271\n|\n|upkeep\n|turn|58\n|\n|t:|1782748317\n|move|p2a: Pachirisu|Discharge|p1a: Dachsbun\n|-damage|p1a: Dachsbun|74/254\n|move|p1a: Dachsbun|Body Press|p2a: Pachirisu\n|-damage|p2a: Pachirisu|0 fnt\n|faint|p2a: Pachirisu\n|\n|upkeep\n|\n|t:|1782748323\n|switch|p2a: Altaria|Altaria, L89, F|193/278\n|turn|59\n|\n|t:|1782748329\n|move|p1a: Dachsbun|Body Press|p2a: Altaria\n|-resisted|p2a: Altaria\n|-damage|p2a: Altaria|160/278\n|move|p2a: Altaria|Brave Bird|p1a: Dachsbun\n|-damage|p1a: Dachsbun|0 fnt\n|faint|p1a: Dachsbun\n|-damage|p2a: Altaria|136/278|[from] Recoil\n|\n|upkeep\n|\n|t:|1782748330\n|switch|p1a: Thundurus|Thundurus, L80, M|108/258 brn\n|turn|60\n|\n|t:|1782748336\n|move|p1a: Thundurus|Taunt|p2a: Altaria\n|-start|p2a: Altaria|move: Taunt\n|cant|p2a: Altaria|move: Taunt|Roost\n|\n|-damage|p1a: Thundurus|92/258 brn|[from] brn\n|upkeep\n|turn|61\n|\n|t:|1782748344\n|switch|p2a: Gastrodon|Gastrodon, L86, F|256/331\n|move|p1a: Thundurus|Thunderbolt|p2a: Gastrodon\n|-immune|p2a: Gastrodon\n|\n|-heal|p2a: Gastrodon|276/331|[from] item: Leftovers\n|-damage|p1a: Thundurus|76/258 brn|[from] brn\n|upkeep\n|turn|62\n|\n|t:|1782748347\n|move|p1a: Thundurus|Knock Off|p2a: Gastrodon\n|-damage|p2a: Gastrodon|232/331\n|-enditem|p2a: Gastrodon|Leftovers|[from] move: Knock Off|[of] p1a: Thundurus\n|move|p2a: Gastrodon|Ice Beam|p1a: Thundurus\n|-supereffective|p1a: Thundurus\n|-damage|p1a: Thundurus|0 fnt\n|faint|p1a: Thundurus\n|\n|upkeep\n|\n|t:|1782748348\n|switch|p1a: Lurantis|Lurantis, L87, M|202/264\n|-damage|p1a: Lurantis|136/264|[from] Spikes\n|turn|63\n|\n|t:|1782748351\n|switch|p2a: Altaria|Altaria, L89, F|136/278\n|move|p1a: Lurantis|Superpower|p2a: Altaria\n|-resisted|p2a: Altaria\n|-damage|p2a: Altaria|93/278\n|-boost|p1a: Lurantis|atk|1\n|-boost|p1a: Lurantis|def|1\n|\n|-heal|p1a: Lurantis|152/264|[from] item: Leftovers\n|upkeep\n|turn|64\n|\n|t:|1782748356\n|move|p2a: Altaria|Haze|p2a: Altaria\n|-clearallboost\n|move|p1a: Lurantis|Synthesis|p1a: Lurantis\n|-heal|p1a: Lurantis|264/264\n|\n|upkeep\n|turn|65\n|\n|t:|1782748360\n|switch|p1a: Chandelure|Chandelure, L83, M|235/235\n|-damage|p1a: Chandelure|177/235|[from] Spikes\n|move|p2a: Altaria|Roost|p2a: Altaria\n|-heal|p2a: Altaria|232/278\n|-singleturn|p2a: Altaria|move: Roost\n|\n|upkeep\n|turn|66\n|\n|t:|1782748370\n|move|p1a: Chandelure|Shadow Ball|p2a: Altaria\n|-damage|p2a: Altaria|133/278\n|move|p2a: Altaria|Brave Bird|p1a: Chandelure\n|-damage|p1a: Chandelure|74/235\n|-damage|p2a: Altaria|99/278|[from] Recoil\n|\n|upkeep\n|turn|67\n|\n|t:|1782748384\n|move|p1a: Chandelure|Shadow Ball|p2a: Altaria\n|-damage|p2a: Altaria|0 fnt\n|faint|p2a: Altaria\n|\n|upkeep\n|\n|t:|1782748392\n|switch|p2a: Kingambit|Kingambit, L74, F|201/270\n|-activate|p2a: Kingambit|ability: Supreme Overlord\n|-start|p2a: Kingambit|fallen2|[silent]\n|turn|68\n|\n|t:|1782748404\n|switch|p1a: Lurantis|Lurantis, L87, M|264/264\n|-damage|p1a: Lurantis|198/264|[from] Spikes\n|move|p2a: Kingambit|Kowtow Cleave|p1a: Lurantis\n|-damage|p1a: Lurantis|99/264\n|\n|-heal|p1a: Lurantis|115/264|[from] item: Leftovers\n|-heal|p2a: Kingambit|217/270|[from] item: Leftovers\n|upkeep\n|turn|69\n|\n|t:|1782748407\n|-end|p2a: Kingambit|fallen2|[silent]\n|switch|p2a: Sableye|Sableye, L88, F|231/231\n|-terastallize|p1a: Lurantis|Fighting\n|move|p1a: Lurantis|Leaf Storm|p2a: Sableye\n|-damage|p2a: Sableye|84/231\n|-boost|p1a: Lurantis|spa|2\n|\n|-heal|p1a: Lurantis|131/264|[from] item: Leftovers\n|upkeep\n|turn|70\n|\n|t:|1782748422\n|move|p2a: Sableye|Knock Off|p1a: Lurantis\n|-resisted|p1a: Lurantis\n|-damage|p1a: Lurantis|85/264\n|-enditem|p1a: Lurantis|Leftovers|[from] move: Knock Off|[of] p2a: Sableye\n|move|p1a: Lurantis|Synthesis|p1a: Lurantis\n|-heal|p1a: Lurantis|217/264\n|\n|upkeep\n|turn|71\n|\n|t:|1782748424\n|move|p2a: Sableye|Encore|p1a: Lurantis\n|-start|p1a: Lurantis|Encore\n|move|p1a: Lurantis|Synthesis|p1a: Lurantis\n|-heal|p1a: Lurantis|264/264\n|\n|upkeep\n|turn|72\n|c|\u2606Bob Trusty|the bot is dumb\n|\n|t:|1782748436\n|switch|p1a: Chandelure|Chandelure, L83, M|74/235\n|-damage|p1a: Chandelure|16/235|[from] Spikes\n|move|p2a: Sableye|Will-O-Wisp|p1a: Chandelure\n|-start|p1a: Chandelure|ability: Flash Fire\n|\n|upkeep\n|turn|73\n|\n|t:|1782748442\n|move|p2a: Sableye|Recover|p2a: Sableye\n|-heal|p2a: Sableye|200/231\n|move|p1a: Chandelure|Fire Blast|p2a: Sableye\n|-damage|p2a: Sableye|0 fnt\n|faint|p2a: Sableye\n|\n|upkeep\n|\n|t:|1782748446\n|switch|p2a: Kingambit|Kingambit, L74, F|217/270\n|-activate|p2a: Kingambit|ability: Supreme Overlord\n|-start|p2a: Kingambit|fallen3|[silent]\n|turn|74\n|\n|t:|1782748451\n|move|p2a: Kingambit|Sucker Punch|p1a: Chandelure\n|-supereffective|p1a: Chandelure\n|-damage|p1a: Chandelure|0 fnt\n|faint|p1a: Chandelure\n|\n|-heal|p2a: Kingambit|233/270|[from] item: Leftovers\n|upkeep\n|\n|t:|1782748451\n|switch|p1a: Lurantis|Lurantis, L87, M, tera:Fighting|264/264\n|-damage|p1a: Lurantis|198/264|[from] Spikes\n|turn|75\n|c|\u2606Bob Trusty|and yet\n|\n|t:|1782748463\n|-terastallize|p2a: Kingambit|Flying\n|move|p1a: Lurantis|Superpower|p2a: Kingambit\n|-resisted|p2a: Kingambit\n|-damage|p2a: Kingambit|171/270\n|-boost|p1a: Lurantis|atk|1\n|-boost|p1a: Lurantis|def|1\n|move|p2a: Kingambit|Iron Head|p1a: Lurantis\n|-crit|p1a: Lurantis\n|-damage|p1a: Lurantis|30/264\n|\n|-heal|p2a: Kingambit|187/270|[from] item: Leftovers\n|upkeep\n|turn|76\n|\n|t:|1782748476\n|-end|p2a: Kingambit|fallen3|[silent]\n|switch|p2a: Walking Wake|Walking Wake, L79|286/286\n|move|p1a: Lurantis|Synthesis|p1a: Lurantis\n|-heal|p1a: Lurantis|162/264\n|\n|upkeep\n|turn|77\n|\n|t:|1782748480\n|move|p2a: Walking Wake|Hydro Pump|p1a: Lurantis\n|-damage|p1a: Lurantis|0 fnt\n|faint|p1a: Lurantis\n|\n|upkeep\n|\n|t:|1782748481\n|switch|p1a: Meowstic|Meowstic, L89, M|277/277\n|-damage|p1a: Meowstic|208/277|[from] Spikes\n|turn|78\n|\n|t:|1782748483\n|move|p1a: Meowstic|Thunder Wave|p2a: Walking Wake\n|-status|p2a: Walking Wake|par\n|move|p2a: Walking Wake|Hydro Pump|p1a: Meowstic|[miss]\n|-miss|p2a: Walking Wake|p1a: Meowstic\n|\n|-heal|p1a: Meowstic|225/277|[from] item: Leftovers\n|upkeep\n|turn|79\n|\n|t:|1782748485\n|move|p1a: Meowstic|Thunder Wave|p2a: Walking Wake\n|-fail|p2a: Walking Wake|par\n|move|p2a: Walking Wake|Hydro Pump|p1a: Meowstic\n|-damage|p1a: Meowstic|30/277\n|\n|-heal|p1a: Meowstic|47/277|[from] item: Leftovers\n|upkeep\n|turn|80\n|\n|t:|1782748487\n|move|p1a: Meowstic|Psychic Noise|p2a: Walking Wake\n|-damage|p2a: Walking Wake|205/286 par\n|-start|p2a: Walking Wake|move: Heal Block\n|move|p2a: Walking Wake|Hydro Pump|p1a: Meowstic|[miss]\n|-miss|p2a: Walking Wake|p1a: Meowstic\n|\n|-heal|p1a: Meowstic|64/277|[from] item: Leftovers\n|upkeep\n|turn|81\n|\n|t:|1782748488\n|move|p1a: Meowstic|Thunder Wave|p2a: Walking Wake\n|-fail|p2a: Walking Wake|par\n|move|p2a: Walking Wake|Hydro Pump|p1a: Meowstic\n|-damage|p1a: Meowstic|0 fnt\n|faint|p1a: Meowstic\n|\n|win|Bob Trusty\n|raw|notmetbh102's rating: 2326 &rarr; <strong>2304</strong><br />(-22 for losing)\n|raw|Bob Trusty's rating: 2297 &rarr; <strong>2319</strong><br />(+22 for winning)\n|c|\u2606notmetbh102|gg\n", "inputlog": ">version f8ac14003a5f27e1bdc8d8c59608a773c1cb96e5\n>start {\"formatid\":\"gen9randombattle\",\"seed\":\"sodium,9ab927e483fa2eac7d0e51f6da5e58c8\",\"rated\":\"Rated battle\"}\n>player p1 {\"name\":\"notmetbh102\",\"avatar\":\"2\",\"rating\":2326,\"seed\":\"sodium,3923e07abdbad67a351c95102f8a05a7\"}\n>player p2 {\"name\":\"Bob Trusty\",\"avatar\":\"ingo\",\"rating\":2297,\"seed\":\"sodium,eb9f5ab3d47fe2e0f2cc7f6d95d4bc2d\"}\n>chat \u2606notmetbh102|hf\n>chat \u2606Bob Trusty|u2\n>p1 switch 2\n>p2 move spikes\n>p1 move leafstorm\n>p2 switch 4\n>p1 switch 2\n>p2 move bravebird\n>p1 move stoneedge\n>p2 switch 4\n>p1 switch 2\n>p2 move earthquake\n>p1 move knockoff\n>p2 switch 4\n>p1 switch 2\n>p2 move roost\n>p1 move bodypress\n>p2 switch 4\n>p1 switch 2\n>p2 move spikes\n>p1 move superpower\n>p2 switch 4\n>p1 move synthesis\n>p2 move bravebird\n>p1 move synthesis\n>p2 move haze\n>p1 switch 2\n>p2 move roost\n>p1 move bodypress\n>p2 switch 4\n>p1 move bodypress\n>p2 move recover\n>p1 move bodypress\n>p2 move recover\n>p1 switch 2\n>p2 move spikes\n>p1 move knockoff\n>p2 switch 4\n>p1 switch 2\n>p2 switch 2\n>p1 move stoneedge\n>p2 move willowisp\n>p1 move avalanche\n>p2 move encore\n>p1 switch 2\n>p2 move recover\n>p1 move leafstorm\n>p2 switch 2\n>p1 switch 2\n>p2 move bravebird\n>p1 move recover\n>p2 switch 4\n>p1 switch 2\n>p2 move icebeam\n>p1 move synthesis\n>p2 switch 4\n>p1 switch 2\n>p2 move bravebird\n>p1 move avalanche\n>p2 switch 4\n>p1 move avalanche\n>p2 move icebeam\n>p1 move recover\n>p2 move earthquake\n>p1 move avalanche\n>p2 move earthquake\n>p1 move recover\n>p2 move recover\n>p1 move avalanche\n>p2 move earthquake\n>p1 move recover\n>p2 move earthquake\n>p1 move recover\n>p2 move earthquake\n>p1 switch 4\n>p2 move earthquake\n>p1 switch 4\n>p2 switch 4\n>p1 move avalanche\n>p2 move roost\n>p1 move stoneedge\n>p2 switch 2\n>p1 move stoneedge\n>p2 move recover\n>p1 move stoneedge\n>p2 move knockoff\n>p1 switch 4\n>p2 move knockoff\n>p1 move knockoff\n>p2 move willowisp\n>p1 move thunderbolt\n>p2 move encore\n>p1 switch 4\n>p2 move recover\n>p1 switch 6\n>p1 move playrough\n>p2 switch 4\n>p1 move playrough\n>p2 move recover\n>p1 move playrough\n>p2 switch 3\n>p1 move bodypress\n>p2 switch 4\n>p1 move playrough\n>p2 move encore\n>p1 move bodypress\n>p2 move knockoff\n>p1 move bodypress\n>p2 move knockoff\n>p1 move wish\n>p2 move encore\n>p1 move bodypress\n>p2 switch 6\n>p1 move bodypress\n>p2 move discharge\n>p1 move wish\n>p2 move encore\n>p1 move bodypress\n>p2 move discharge\n>p2 switch 2\n>p1 move bodypress\n>p2 move bravebird\n>p1 switch 4\n>p1 move taunt\n>p2 move roost\n>p1 move thunderbolt\n>p2 switch 3\n>p1 move knockoff\n>p2 move icebeam\n>p1 switch 2\n>p1 move superpower\n>p2 switch 3\n>p1 move synthesis\n>p2 move haze\n>p1 switch 5\n>p2 move roost\n>p1 move shadowball\n>p2 move bravebird\n>p1 move shadowball\n>p2 move bravebird\n>p2 switch 4\n>p1 switch 5\n>p2 move kowtowcleave\n>p1 move leafstorm terastallize\n>p2 switch 6\n>p1 move synthesis\n>p2 move knockoff\n>p1 move leafstorm\n>p2 move encore\n>chat \u2606Bob Trusty|the bot is dumb\n>p1 switch 5\n>p2 move willowisp\n>p1 move fireblast\n>p2 move recover\n>p2 switch 6\n>p1 move fireblast\n>p2 move suckerpunch\n>p1 switch 5\n>chat \u2606Bob Trusty|and yet\n>p1 move superpower\n>p2 move ironhead terastallize\n>p1 move synthesis\n>p2 switch 5\n>p1 move knockoff\n>p2 move hydropump\n>p1 switch 3\n>p1 move thunderwave\n>p2 move hydropump\n>p1 move thunderwave\n>p2 move hydropump\n>p1 move psychicnoise\n>p2 move hydropump\n>p1 move thunderwave\n>p2 move hydropump", "uploadtime": 1782748489, "views": 11, "formatid": "gen9randombattle", "rating": 2304, "private": 0, "password": null, "player_dets": [{"name": "notmetbh102", "avatar": "2", "rating": 2326, "seed": "sodium,3923e07abdbad67a351c95102f8a05a7"}, {"name": "Bob Trusty", "avatar": "ingo", "rating": 2297, "seed": "sodium,eb9f5ab3d47fe2e0f2cc7f6d95d4bc2d"}], "teams_full": [{"Avalugg": {"name": "Avalugg", "species": "Avalugg-Hisui", "speciesId": "avalugghisui", "gender": "F", "shiny": false, "level": 90, "moves": ["stoneedge", "bodypress", "recover", "avalanche"], "ability": "Sturdy", "evs": {"hp": 85, "atk": 85, "def": 85, "spa": 85, "spd": 85, "spe": 85}, "ivs": {"hp": 31, "atk": 31, "def": 31, "spa": 31, "spd": 31, "spe": 31}, "item": "Heavy-Duty Boots", "teraType": "Flying", "role": "Bulky Attacker", "bvs": {"hp": 95, "atk": 127, "def": 184, "spa": 34, "spd": 36, "spe": 38}, "stats": {"hp": 317, "atk": 280, "def": 383, "spa": 113, "spd": 116, "spe": 120}, "types": ["Ice", "Rock"]}, "Lurantis": {"name": "Lurantis", "species": "Lurantis", "speciesId": "lurantis", "gender": "M", "shiny": false, "level": 87, "moves": ["leafstorm", "knockoff", "superpower", "synthesis"], "ability": "Contrary", "evs": {"hp": 85, "atk": 85, "def": 85, "spa": 85, "spd": 85, "spe": 85}, "ivs": {"hp": 31, "atk": 31, "def": 31, "spa": 31, "spd": 31, "spe": 31}, "item": "Leftovers", "teraType": "Fighting", "role": "Bulky Attacker", "bvs": {"hp": 70, "atk": 105, "def": 90, "spa": 80, "spd": 90, "spe": 45}, "stats": {"hp": 264, "atk": 232, "def": 206, "spa": 189, "spd": 206, "spe": 128}, "types": ["Grass"]}, "Meowstic": {"name": "Meowstic", "species": "Meowstic", "speciesId": "meowstic", "gender": "M", "shiny": false, "level": 89, "moves": ["psychicnoise", "yawn", "alluringvoice", "thunderwave"], "ability": "Prankster", "evs": {"hp": 85, "atk": 0, "def": 85, "spa": 85, "spd": 85, "spe": 85}, "ivs": {"hp": 31, "atk": 0, "def": 31, "spa": 31, "spd": 31, "spe": 31}, "item": "Leftovers", "teraType": "Fairy", "role": "Bulky Support", "bvs": {"hp": 74, "atk": 48, "def": 76, "spa": 83, "spd": 81, "spe": 104}, "stats": {"hp": 277, "atk": 90, "def": 186, "spa": 199, "spd": 195, "spe": 236}, "types": ["Psychic"]}, "Thundurus": {"name": "Thundurus", "species": "Thundurus", "speciesId": "thundurus", "gender": "M", "shiny": false, "level": 80, "moves": ["knockoff", "sludgewave", "thunderbolt", "taunt"], "ability": "Prankster", "evs": {"hp": 85, "atk": 85, "def": 85, "spa": 85, "spd": 85, "spe": 85}, "ivs": {"hp": 31, "atk": 31, "def": 31, "spa": 31, "spd": 31, "spe": 31}, "item": "Heavy-Duty Boots", "teraType": "Electric", "role": "Fast Attacker", "bvs": {"hp": 79, "atk": 115, "def": 70, "spa": 125, "spd": 80, "spe": 111}, "stats": {"hp": 258, "atk": 230, "def": 158, "spa": 246, "spd": 174, "spe": 224}, "types": ["Electric", "Flying"]}, "Chandelure": {"name": "Chandelure", "species": "Chandelure", "speciesId": "chandelure", "gender": "M", "shiny": false, "level": 83, "moves": ["shadowball", "energyball", "trick", "fireblast"], "ability": "Flash Fire", "evs": {"hp": 85, "atk": 0, "def": 85, "spa": 85, "spd": 85, "spe": 85}, "ivs": {"hp": 31, "atk": 0, "def": 31, "spa": 31, "spd": 31, "spe": 31}, "item": "Choice Scarf", "teraType": "Fire", "role": "Fast Attacker", "bvs": {"hp": 60, "atk": 55, "def": 90, "spa": 145, "spd": 90, "spe": 80}, "stats": {"hp": 235, "atk": 96, "def": 197, "spa": 288, "spd": 197, "spe": 180}, "types": ["Ghost", "Fire"]}, "Dachsbun": {"name": "Dachsbun", "species": "Dachsbun", "speciesId": "dachsbun", "gender": "M", "shiny": false, "level": 92, "moves": ["protect", "playrough", "bodypress", "wish"], "ability": "Well-Baked Body", "evs": {"hp": 85, "atk": 85, "def": 85, "spa": 85, "spd": 85, "spe": 85}, "ivs": {"hp": 31, "atk": 31, "def": 31, "spa": 31, "spd": 31, "spe": 31}, "item": "Leftovers", "teraType": "Steel", "role": "Bulky Support", "bvs": {"hp": 57, "atk": 80, "def": 115, "spa": 50, "spd": 80, "spe": 95}, "stats": {"hp": 254, "atk": 200, "def": 264, "spa": 144, "spd": 200, "spe": 227}, "types": ["Fairy"]}}, {"Gastrodon": {"name": "Gastrodon", "species": "Gastrodon", "speciesId": "gastrodon", "gender": "F", "shiny": false, "level": 86, "moves": ["earthquake", "recover", "spikes", "icebeam"], "ability": "Storm Drain", "evs": {"hp": 85, "atk": 85, "def": 85, "spa": 85, "spd": 85, "spe": 85}, "ivs": {"hp": 31, "atk": 31, "def": 31, "spa": 31, "spd": 31, "spe": 31}, "item": "Leftovers", "teraType": "Steel", "role": "Bulky Attacker", "bvs": {"hp": 111, "atk": 83, "def": 68, "spa": 92, "spd": 82, "spe": 39}, "stats": {"hp": 331, "atk": 192, "def": 166, "spa": 207, "spd": 190, "spe": 116}, "types": ["Water", "Ground"]}, "Sableye": {"name": "Sableye", "species": "Sableye", "speciesId": "sableye", "gender": "F", "shiny": false, "level": 88, "moves": ["recover", "willowisp", "knockoff", "encore"], "ability": "Prankster", "evs": {"hp": 85, "atk": 85, "def": 85, "spa": 85, "spd": 85, "spe": 85}, "ivs": {"hp": 31, "atk": 31, "def": 31, "spa": 31, "spd": 31, "spe": 31}, "item": "Leftovers", "teraType": "Steel", "role": "Bulky Support", "bvs": {"hp": 50, "atk": 75, "def": 75, "spa": 65, "spd": 65, "spe": 50}, "stats": {"hp": 231, "atk": 182, "def": 182, "spa": 165, "spd": 165, "spe": 138}, "types": ["Dark", "Ghost"]}, "Kingambit": {"name": "Kingambit", "species": "Kingambit", "speciesId": "kingambit", "gender": "F", "shiny": false, "level": 74, "moves": ["suckerpunch", "kowtowcleave", "ironhead", "swordsdance"], "ability": "Supreme Overlord", "evs": {"hp": 85, "atk": 85, "def": 85, "spa": 85, "spd": 85, "spe": 85}, "ivs": {"hp": 31, "atk": 31, "def": 31, "spa": 31, "spd": 31, "spe": 31}, "item": "Leftovers", "teraType": "Flying", "role": "Bulky Attacker", "bvs": {"hp": 100, "atk": 135, "def": 120, "spa": 60, "spd": 85, "spe": 50}, "stats": {"hp": 270, "atk": 243, "def": 221, "spa": 132, "spd": 169, "spe": 117}, "types": ["Dark", "Steel"]}, "Altaria": {"name": "Altaria", "species": "Altaria", "speciesId": "altaria", "gender": "F", "shiny": false, "level": 89, "moves": ["defog", "bravebird", "haze", "roost"], "ability": "Natural Cure", "evs": {"hp": 85, "atk": 85, "def": 85, "spa": 85, "spd": 85, "spe": 85}, "ivs": {"hp": 31, "atk": 31, "def": 31, "spa": 31, "spd": 31, "spe": 31}, "item": "Heavy-Duty Boots", "teraType": "Steel", "role": "Bulky Support", "bvs": {"hp": 75, "atk": 70, "def": 90, "spa": 70, "spd": 105, "spe": 80}, "stats": {"hp": 278, "atk": 175, "def": 211, "spa": 175, "spd": 238, "spe": 193}, "types": ["Dragon", "Flying"]}, "Walking Wake": {"name": "Walking Wake", "species": "Walking Wake", "speciesId": "walkingwake", "gender": "N", "shiny": false, "level": 79, "moves": ["hydropump", "flipturn", "flamethrower", "dracometeor"], "ability": "Protosynthesis", "evs": {"hp": 85, "atk": 85, "def": 85, "spa": 85, "spd": 85, "spe": 85}, "ivs": {"hp": 31, "atk": 31, "def": 31, "spa": 31, "spd": 31, "spe": 31}, "item": "Choice Specs", "teraType": "Water", "role": "Wallbreaker", "bvs": {"hp": 99, "atk": 83, "def": 91, "spa": 125, "spd": 83, "spe": 109}, "stats": {"hp": 286, "atk": 177, "def": 189, "spa": 243, "spd": 177, "spe": 218}, "types": ["Water", "Dragon"]}, "Pachirisu": {"name": "Pachirisu", "species": "Pachirisu", "speciesId": "pachirisu", "gender": "F", "shiny": false, "level": 96, "moves": ["encore", "superfang", "discharge", "uturn"], "ability": "Volt Absorb", "evs": {"hp": 85, "atk": 85, "def": 85, "spa": 85, "spd": 85, "spe": 85}, "ivs": {"hp": 31, "atk": 31, "def": 31, "spa": 31, "spd": 31, "spe": 31}, "item": "Heavy-Duty Boots", "teraType": "Flying", "role": "Fast Support", "bvs": {"hp": 60, "atk": 45, "def": 70, "spa": 45, "spd": 90, "spe": 95}, "stats": {"hp": 271, "atk": 141, "def": 189, "spa": 141, "spd": 227, "spe": 237}, "types": ["Electric"]}}]}