{"id": "gen9randombattle-2641736730", "format": "[Gen 9] Random Battle", "players": ["tombstone ghost", "lllllll0211"], "log": "|j|\u2606tombstone ghost\n|j|\u2606lllllll0211\n|t:|1782835859\n|gametype|singles\n|player|p1|tombstone ghost|1|1368\n|player|p2|lllllll0211|102|1381\n|gen|9\n|tier|[Gen 9] Random Battle\n|rated|\n|rule|Species Clause: Limit one of each Pok\u00e9mon\n|rule|HP Percentage Mod: HP is shown in percentages\n|rule|Sleep Clause Mod: Limit one foe put to sleep\n|rule|Illusion Level Mod: Illusion disguises the Pok\u00e9mon's true level\n|\n|t:|1782835859\n|teamsize|p1|6\n|teamsize|p2|6\n|start\n|switch|p1a: Terapagos|Terapagos, L77, M|265/265\n|switch|p2a: Grafaiai|Grafaiai, L86, F|249/249\n|-activate|p1a: Terapagos|ability: Tera Shift\n|detailschange|p1a: Terapagos|Terapagos-Terastal, L77, M\n|-heal|p1a: Terapagos|273/273|[silent]\n|turn|1\n|inactive|Battle timer is ON: inactive players will automatically lose when time's up. (requested by lllllll0211)\n|c|\u2606tombstone ghost|glhf\n|inactive|tombstone ghost has 120 seconds left.\n|\n|t:|1782835893\n|move|p2a: Grafaiai|Knock Off|p1a: Terapagos\n|-activate|p1a: Terapagos|ability: Tera Shell\n|-resisted|p1a: Terapagos\n|-damage|p1a: Terapagos|238/273\n|-enditem|p1a: Terapagos|Heavy-Duty Boots|[from] move: Knock Off|[of] p2a: Grafaiai\n|move|p1a: Terapagos|Tera Starstorm|p2a: Grafaiai\n|-damage|p2a: Grafaiai|114/249\n|\n|upkeep\n|turn|2\n|\n|t:|1782835908\n|move|p2a: Grafaiai|Parting Shot|p1a: Terapagos\n|-unboost|p1a: Terapagos|atk|1\n|-unboost|p1a: Terapagos|spa|1\n|\n|t:|1782835928\n|switch|p2a: Blissey|Blissey, L85, F|572/572|[from] Parting Shot\n|move|p1a: Terapagos|Tera Starstorm|p2a: Blissey\n|-damage|p2a: Blissey|523/572\n|\n|-heal|p2a: Blissey|558/572|[from] item: Leftovers\n|upkeep\n|turn|3\n|inactive|tombstone ghost has 120 seconds left.\n|\n|t:|1782835963\n|switch|p1a: Meowscarada|Meowscarada, L78, F|247/247\n|move|p2a: Blissey|Thunder Wave|p1a: Meowscarada\n|-status|p1a: Meowscarada|par\n|\n|-heal|p2a: Blissey|572/572|[from] item: Leftovers\n|upkeep\n|turn|4\n|inactive|tombstone ghost has 120 seconds left.\n|\n|t:|1782835977\n|switch|p2a: Skarmory|Skarmory, L80, M|235/235\n|move|p1a: Meowscarada|Knock Off|p2a: Skarmory\n|-start|p1a: Meowscarada|typechange|Dark|[from] ability: Protean\n|-damage|p2a: Skarmory|140/235\n|-enditem|p2a: Skarmory|Leftovers|[from] move: Knock Off|[of] p1a: Meowscarada\n|-damage|p1a: Meowscarada|223/247 par|[from] item: Life Orb\n|\n|upkeep\n|turn|5\n|\n|t:|1782835996\n|switch|p1a: Polteageist|Polteageist, L78|222/222\n|move|p2a: Skarmory|Iron Defense|p2a: Skarmory\n|-boost|p2a: Skarmory|def|2\n|\n|upkeep\n|turn|6\n|\n|t:|1782836009\n|switch|p2a: Blissey|Blissey, L85, F|572/572\n|move|p1a: Polteageist|Shell Smash|p1a: Polteageist\n|-unboost|p1a: Polteageist|def|1\n|-unboost|p1a: Polteageist|spd|1\n|-boost|p1a: Polteageist|atk|2\n|-boost|p1a: Polteageist|spa|2\n|-boost|p1a: Polteageist|spe|2\n|-enditem|p1a: Polteageist|White Herb\n|-clearnegativeboost|p1a: Polteageist|[silent]\n|\n|upkeep\n|turn|7\n|inactive|lllllll0211 has 120 seconds left.\n|\n|t:|1782836044\n|switch|p1a: Meowscarada|Meowscarada, L78, F|223/247 par\n|move|p2a: Blissey|Thunder Wave|p1a: Meowscarada\n|-fail|p1a: Meowscarada|par\n|\n|upkeep\n|turn|8\n|inactive|lllllll0211 has 120 seconds left.\n|\n|t:|1782836057\n|switch|p2a: Kricketune|Kricketune, L99, F|312/312\n|move|p1a: Meowscarada|Triple Axel|p2a: Kricketune\n|-start|p1a: Meowscarada|typechange|Ice|[from] ability: Protean\n|-damage|p2a: Kricketune|280/312\n|-hitcount|p2a: Kricketune|1\n|-damage|p1a: Meowscarada|199/247 par|[from] item: Life Orb\n|\n|upkeep\n|turn|9\n|inactive|tombstone ghost has 120 seconds left.\n|\n|t:|1782836085\n|switch|p1a: Bellibolt|Bellibolt, L84, F|320/320\n|move|p2a: Kricketune|Sticky Web|p1a: Bellibolt\n|-sidestart|p1: tombstone ghost|move: Sticky Web\n|\n|upkeep\n|turn|10\n|\n|t:|1782836093\n|move|p2a: Kricketune|Taunt|p1a: Bellibolt\n|-start|p1a: Bellibolt|move: Taunt\n|move|p1a: Bellibolt|Volt Switch|p2a: Kricketune\n|-damage|p2a: Kricketune|186/312\n|\n|t:|1782836101\n|switch|p1a: Tornadus|Tornadus-Therian, L79, M|254/254|[from] Volt Switch\n|\n|upkeep\n|turn|11\n|inactive|tombstone ghost has 120 seconds left.\n|\n|t:|1782836118\n|switch|p2a: Blissey|Blissey, L85, F|572/572\n|move|p1a: Tornadus|Heat Wave|p2a: Blissey\n|-damage|p2a: Blissey|504/572\n|-status|p2a: Blissey|brn\n|\n|-heal|p2a: Blissey|539/572 brn|[from] item: Leftovers\n|-damage|p2a: Blissey|504/572 brn|[from] brn\n|upkeep\n|turn|12\n|inactive|tombstone ghost has 120 seconds left.\n|\n|t:|1782836130\n|switch|p1a: Meowscarada|Meowscarada, L78, F|199/247 par\n|-activate|p1a: Meowscarada|move: Sticky Web\n|-unboost|p1a: Meowscarada|spe|1\n|move|p2a: Blissey|Stealth Rock|p1a: Meowscarada\n|-sidestart|p1: tombstone ghost|move: Stealth Rock\n|\n|-heal|p2a: Blissey|539/572 brn|[from] item: Leftovers\n|-damage|p2a: Blissey|504/572 brn|[from] brn\n|upkeep\n|turn|13\n|\n|t:|1782836137\n|-curestatus|p2a: Blissey|brn|[from] ability: Natural Cure|[silent]\n|switch|p2a: Kricketune|Kricketune, L99, F|186/312\n|switch|p1a: Terapagos|Terapagos-Terastal, L77, M|238/273\n|-activate|p1a: Terapagos|move: Sticky Web\n|-unboost|p1a: Terapagos|spe|1\n|-damage|p1a: Terapagos|204/273|[from] Stealth Rock\n|\n|upkeep\n|turn|14\n|inactive|lllllll0211 has 120 seconds left.\n|\n|t:|1782836172\n|move|p2a: Kricketune|Taunt|p1a: Terapagos\n|-start|p1a: Terapagos|move: Taunt\n|move|p1a: Terapagos|Rapid Spin|p2a: Kricketune\n|-damage|p2a: Kricketune|129/312\n|-boost|p1a: Terapagos|spe|1\n|-sideend|p1: tombstone ghost|Stealth Rock|[from] move: Rapid Spin|[of] p1a: Terapagos\n|-sideend|p1: tombstone ghost|Sticky Web|[from] move: Rapid Spin|[of] p1a: Terapagos\n|\n|upkeep\n|turn|15\n|\n|t:|1782836179\n|move|p2a: Kricketune|Sticky Web|p1a: Terapagos\n|-sidestart|p1: tombstone ghost|move: Sticky Web\n|move|p1a: Terapagos|Tera Starstorm|p2a: Kricketune\n|-damage|p2a: Kricketune|0 fnt\n|faint|p2a: Kricketune\n|\n|upkeep\n|inactive|lllllll0211 has 120 seconds left.\n|\n|t:|1782836190\n|switch|p2a: Skarmory|Skarmory, L80, M|140/235\n|turn|16\n|\n|t:|1782836210\n|switch|p1a: Tornadus|Tornadus-Therian, L79, M|254/254\n|move|p2a: Skarmory|Body Press|p1a: Tornadus\n|-resisted|p1a: Tornadus\n|-damage|p1a: Tornadus|214/254\n|\n|upkeep\n|turn|17\n|\n|t:|1782836220\n|switch|p2a: Blissey|Blissey, L85, F|504/572\n|move|p1a: Tornadus|Focus Blast|p2a: Blissey\n|-supereffective|p2a: Blissey\n|-damage|p2a: Blissey|326/572\n|\n|-heal|p2a: Blissey|361/572|[from] item: Leftovers\n|upkeep\n|turn|18\n|\n|t:|1782836230\n|switch|p1a: Meowscarada|Meowscarada, L78, F|199/247 par\n|-activate|p1a: Meowscarada|move: Sticky Web\n|-unboost|p1a: Meowscarada|spe|1\n|move|p2a: Blissey|Seismic Toss|p1a: Meowscarada\n|-damage|p1a: Meowscarada|114/247 par\n|\n|-heal|p2a: Blissey|396/572|[from] item: Leftovers\n|upkeep\n|turn|19\n|\n|t:|1782836247\n|switch|p2a: Skarmory|Skarmory, L80, M|140/235\n|switch|p1a: Bellibolt|Bellibolt, L84, F|320/320\n|-activate|p1a: Bellibolt|move: Sticky Web\n|-unboost|p1a: Bellibolt|spe|1\n|\n|upkeep\n|turn|20\n|\n|t:|1782836257\n|move|p2a: Skarmory|Roost|p2a: Skarmory\n|-heal|p2a: Skarmory|235/235\n|-singleturn|p2a: Skarmory|move: Roost\n|move|p1a: Bellibolt|Volt Switch|p2a: Skarmory\n|-damage|p2a: Skarmory|139/235\n|inactive|tombstone ghost has 120 seconds left.\n|\n|t:|1782836285\n|switch|p1a: Tornadus|Tornadus-Therian, L79, M|254/254|[from] Volt Switch\n|\n|upkeep\n|turn|21\n|\n|t:|1782836293\n|switch|p1a: Meowscarada|Meowscarada, L78, F|114/247 par\n|-activate|p1a: Meowscarada|move: Sticky Web\n|-unboost|p1a: Meowscarada|spe|1\n|switch|p2a: Blissey|Blissey, L85, F|396/572\n|\n|-heal|p2a: Blissey|431/572|[from] item: Leftovers\n|upkeep\n|turn|22\n|\n|t:|1782836304\n|switch|p2a: Grafaiai|Grafaiai, L86, F|114/249\n|switch|p1a: Bellibolt|Bellibolt, L84, F|320/320\n|-activate|p1a: Bellibolt|move: Sticky Web\n|-unboost|p1a: Bellibolt|spe|1\n|\n|upkeep\n|turn|23\n|\n|t:|1782836312\n|move|p2a: Grafaiai|Parting Shot|p1a: Bellibolt\n|-unboost|p1a: Bellibolt|atk|1\n|-unboost|p1a: Bellibolt|spa|1\n|\n|t:|1782836316\n|switch|p2a: Blissey|Blissey, L85, F|431/572|[from] Parting Shot\n|move|p1a: Bellibolt|Thunderbolt|p2a: Blissey\n|-damage|p2a: Blissey|386/572\n|\n|-heal|p2a: Blissey|421/572|[from] item: Leftovers\n|upkeep\n|turn|24\n|\n|t:|1782836322\n|move|p2a: Blissey|Seismic Toss|p1a: Bellibolt\n|-damage|p1a: Bellibolt|235/320\n|-start|p1a: Bellibolt|Charge|Seismic Toss|[from] ability: Electromorphosis\n|move|p1a: Bellibolt|Volt Switch|p2a: Blissey\n|-damage|p2a: Blissey|346/572\n|-end|p1a: Bellibolt|Charge|[silent]\n|\n|t:|1782836342\n|switch|p1a: Terapagos|Terapagos-Terastal, L77, M|204/273|[from] Volt Switch\n|-activate|p1a: Terapagos|move: Sticky Web\n|-unboost|p1a: Terapagos|spe|1\n|\n|-heal|p2a: Blissey|381/572|[from] item: Leftovers\n|upkeep\n|turn|25\n|\n|t:|1782836352\n|move|p2a: Blissey|Seismic Toss|p1a: Terapagos\n|-damage|p1a: Terapagos|119/273\n|move|p1a: Terapagos|Rapid Spin|p2a: Blissey\n|-damage|p2a: Blissey|240/572\n|-boost|p1a: Terapagos|spe|1\n|-sideend|p1: tombstone ghost|Sticky Web|[from] move: Rapid Spin|[of] p1a: Terapagos\n|\n|-heal|p2a: Blissey|275/572|[from] item: Leftovers\n|upkeep\n|turn|26\n|inactive|tombstone ghost has 120 seconds left.\n|\n|t:|1782836403\n|move|p1a: Terapagos|Rapid Spin|p2a: Blissey\n|-damage|p2a: Blissey|157/572\n|-boost|p1a: Terapagos|spe|1\n|move|p2a: Blissey|Soft-Boiled|p2a: Blissey\n|-heal|p2a: Blissey|443/572\n|\n|-heal|p2a: Blissey|478/572|[from] item: Leftovers\n|upkeep\n|turn|27\n|\n|t:|1782836423\n|switch|p1a: Bellibolt|Bellibolt, L84, F|235/320\n|move|p2a: Blissey|Thunder Wave|p1a: Bellibolt\n|-immune|p1a: Bellibolt\n|\n|-heal|p2a: Blissey|513/572|[from] item: Leftovers\n|-heal|p1a: Bellibolt|255/320|[from] item: Leftovers\n|upkeep\n|turn|28\n|\n|t:|1782836432\n|move|p2a: Blissey|Thunder Wave|p1a: Bellibolt\n|-immune|p1a: Bellibolt\n|move|p1a: Bellibolt|Muddy Water|p2a: Blissey\n|-damage|p2a: Blissey|462/572\n|-unboost|p2a: Blissey|accuracy|1\n|\n|-heal|p2a: Blissey|497/572|[from] item: Leftovers\n|-heal|p1a: Bellibolt|275/320|[from] item: Leftovers\n|upkeep\n|turn|29\n|\n|t:|1782836442\n|move|p2a: Blissey|Seismic Toss|p1a: Bellibolt\n|-damage|p1a: Bellibolt|190/320\n|-start|p1a: Bellibolt|Charge|Seismic Toss|[from] ability: Electromorphosis\n|move|p1a: Bellibolt|Thunderbolt|p2a: Blissey\n|-damage|p2a: Blissey|353/572\n|-status|p2a: Blissey|par\n|-end|p1a: Bellibolt|Charge|[silent]\n|\n|-heal|p1a: Bellibolt|210/320|[from] item: Leftovers\n|-heal|p2a: Blissey|388/572 par|[from] item: Leftovers\n|upkeep\n|turn|30\n|\n|t:|1782836449\n|-curestatus|p2a: Blissey|par|[from] ability: Natural Cure|[silent]\n|switch|p2a: Grafaiai|Grafaiai, L86, F|114/249\n|move|p1a: Bellibolt|Slack Off|p1a: Bellibolt\n|-heal|p1a: Bellibolt|320/320\n|\n|upkeep\n|turn|31\n|\n|t:|1782836456\n|move|p2a: Grafaiai|Encore|p1a: Bellibolt\n|-start|p1a: Bellibolt|Encore\n|move|p1a: Bellibolt|Slack Off||[still]\n|-fail|p1a: Bellibolt|heal\n|\n|upkeep\n|turn|32\n|\n|t:|1782836462\n|switch|p1a: Meowscarada|Meowscarada, L78, F|114/247 par\n|move|p2a: Grafaiai|Knock Off|p1a: Meowscarada\n|-resisted|p1a: Meowscarada\n|-damage|p1a: Meowscarada|69/247 par\n|-enditem|p1a: Meowscarada|Life Orb|[from] move: Knock Off|[of] p2a: Grafaiai\n|\n|upkeep\n|turn|33\n|inactive|tombstone ghost has 120 seconds left.\n|\n|t:|1782836475\n|move|p2a: Grafaiai|Gunk Shot|p1a: Meowscarada\n|-supereffective|p1a: Meowscarada\n|-damage|p1a: Meowscarada|0 fnt\n|faint|p1a: Meowscarada\n|\n|upkeep\n|\n|t:|1782836499\n|switch|p1a: Tornadus|Tornadus-Therian, L79, M|254/254\n|turn|34\n|\n|t:|1782836507\n|move|p2a: Grafaiai|Parting Shot|p1a: Tornadus\n|-unboost|p1a: Tornadus|atk|1\n|-unboost|p1a: Tornadus|spa|1\n|\n|t:|1782836512\n|switch|p2a: Blissey|Blissey, L85, F|388/572|[from] Parting Shot\n|move|p1a: Tornadus|Focus Blast|p2a: Blissey\n|-supereffective|p2a: Blissey\n|-crit|p2a: Blissey\n|-damage|p2a: Blissey|104/572\n|\n|-heal|p2a: Blissey|139/572|[from] item: Leftovers\n|upkeep\n|turn|35\n|\n|t:|1782836523\n|switch|p1a: Bellibolt|Bellibolt, L84, F|320/320\n|move|p2a: Blissey|Soft-Boiled|p2a: Blissey\n|-heal|p2a: Blissey|425/572\n|\n|-heal|p2a: Blissey|460/572|[from] item: Leftovers\n|upkeep\n|turn|36\n|\n|t:|1782836532\n|move|p2a: Blissey|Seismic Toss|p1a: Bellibolt\n|-damage|p1a: Bellibolt|235/320\n|-start|p1a: Bellibolt|Charge|Seismic Toss|[from] ability: Electromorphosis\n|move|p1a: Bellibolt|Muddy Water|p2a: Blissey|[miss]\n|-miss|p1a: Bellibolt|p2a: Blissey\n|\n|-heal|p2a: Blissey|495/572|[from] item: Leftovers\n|-heal|p1a: Bellibolt|255/320|[from] item: Leftovers\n|upkeep\n|turn|37\n|\n|t:|1782836536\n|move|p2a: Blissey|Seismic Toss|p1a: Bellibolt\n|-damage|p1a: Bellibolt|170/320\n|-start|p1a: Bellibolt|Charge|Seismic Toss|[from] ability: Electromorphosis\n|move|p1a: Bellibolt|Muddy Water|p2a: Blissey|[miss]\n|-miss|p1a: Bellibolt|p2a: Blissey\n|\n|-heal|p2a: Blissey|530/572|[from] item: Leftovers\n|-heal|p1a: Bellibolt|190/320|[from] item: Leftovers\n|upkeep\n|turn|38\n|\n|t:|1782836540\n|move|p2a: Blissey|Stealth Rock|p1a: Bellibolt\n|-sidestart|p1: tombstone ghost|move: Stealth Rock\n|move|p1a: Bellibolt|Thunderbolt|p2a: Blissey\n|-damage|p2a: Blissey|385/572\n|-end|p1a: Bellibolt|Charge|[silent]\n|\n|-heal|p2a: Blissey|420/572|[from] item: Leftovers\n|-heal|p1a: Bellibolt|210/320|[from] item: Leftovers\n|upkeep\n|turn|39\n|\n|t:|1782836548\n|move|p2a: Blissey|Seismic Toss|p1a: Bellibolt\n|-damage|p1a: Bellibolt|125/320\n|-start|p1a: Bellibolt|Charge|Seismic Toss|[from] ability: Electromorphosis\n|move|p1a: Bellibolt|Muddy Water|p2a: Blissey|[miss]\n|-miss|p1a: Bellibolt|p2a: Blissey\n|\n|-heal|p2a: Blissey|455/572|[from] item: Leftovers\n|-heal|p1a: Bellibolt|145/320|[from] item: Leftovers\n|upkeep\n|turn|40\n|\n|t:|1782836565\n|move|p2a: Blissey|Seismic Toss|p1a: Bellibolt\n|-damage|p1a: Bellibolt|60/320\n|-start|p1a: Bellibolt|Charge|Seismic Toss|[from] ability: Electromorphosis\n|move|p1a: Bellibolt|Slack Off|p1a: Bellibolt\n|-heal|p1a: Bellibolt|220/320\n|\n|-heal|p2a: Blissey|490/572|[from] item: Leftovers\n|-heal|p1a: Bellibolt|240/320|[from] item: Leftovers\n|upkeep\n|turn|41\n|\n|t:|1782836572\n|move|p2a: Blissey|Seismic Toss|p1a: Bellibolt\n|-damage|p1a: Bellibolt|155/320\n|-start|p1a: Bellibolt|Charge|Seismic Toss|[from] ability: Electromorphosis\n|move|p1a: Bellibolt|Muddy Water|p2a: Blissey\n|-damage|p2a: Blissey|440/572\n|\n|-heal|p2a: Blissey|475/572|[from] item: Leftovers\n|-heal|p1a: Bellibolt|175/320|[from] item: Leftovers\n|upkeep\n|turn|42\n|\n|t:|1782836581\n|switch|p2a: Skarmory|Skarmory, L80, M|139/235\n|move|p1a: Bellibolt|Thunderbolt|p2a: Skarmory\n|-supereffective|p2a: Skarmory\n|-damage|p2a: Skarmory|0 fnt\n|faint|p2a: Skarmory\n|-end|p1a: Bellibolt|Charge|[silent]\n|\n|-heal|p1a: Bellibolt|195/320|[from] item: Leftovers\n|upkeep\n|\n|t:|1782836591\n|switch|p2a: Grafaiai|Grafaiai, L86, F|114/249\n|turn|43\n|\n|t:|1782836599\n|move|p2a: Grafaiai|Knock Off|p1a: Bellibolt\n|-damage|p1a: Bellibolt|130/320\n|-start|p1a: Bellibolt|Charge|Knock Off|[from] ability: Electromorphosis\n|-enditem|p1a: Bellibolt|Leftovers|[from] move: Knock Off|[of] p2a: Grafaiai\n|move|p1a: Bellibolt|Thunderbolt|p2a: Grafaiai\n|-damage|p2a: Grafaiai|0 fnt\n|faint|p2a: Grafaiai\n|-end|p1a: Bellibolt|Charge|[silent]\n|\n|upkeep\n|\n|t:|1782836610\n|switch|p2a: Arceus|Arceus-Flying, L69|279/279\n|turn|44\n|\n|t:|1782836622\n|-terastallize|p2a: Arceus|Ground\n|move|p2a: Arceus|Calm Mind|p2a: Arceus\n|-boost|p2a: Arceus|spa|1\n|-boost|p2a: Arceus|spd|1\n|move|p1a: Bellibolt|Thunderbolt|p2a: Arceus\n|-immune|p2a: Arceus\n|\n|upkeep\n|turn|45\n|\n|t:|1782836630\n|move|p2a: Arceus|Earth Power|p1a: Bellibolt\n|-supereffective|p1a: Bellibolt\n|-damage|p1a: Bellibolt|0 fnt\n|faint|p1a: Bellibolt\n|\n|upkeep\n|\n|t:|1782836648\n|switch|p1a: Chansey|Chansey, L85, F|564/564\n|-damage|p1a: Chansey|494/564|[from] Stealth Rock\n|turn|46\n|\n|t:|1782836656\n|switch|p2a: Blissey|Blissey, L85, F|475/572\n|move|p1a: Chansey|Stealth Rock|p2a: Blissey\n|-sidestart|p2: lllllll0211|move: Stealth Rock\n|\n|-heal|p2a: Blissey|510/572|[from] item: Leftovers\n|upkeep\n|turn|47\n|\n|t:|1782836663\n|move|p2a: Blissey|Seismic Toss|p1a: Chansey\n|-damage|p1a: Chansey|409/564\n|move|p1a: Chansey|Seismic Toss|p2a: Blissey\n|-damage|p2a: Blissey|425/572\n|\n|-heal|p2a: Blissey|460/572|[from] item: Leftovers\n|upkeep\n|turn|48\n|\n|t:|1782836670\n|move|p2a: Blissey|Seismic Toss|p1a: Chansey\n|-damage|p1a: Chansey|324/564\n|move|p1a: Chansey|Thunder Wave|p2a: Blissey\n|-status|p2a: Blissey|par\n|\n|-heal|p2a: Blissey|495/572 par|[from] item: Leftovers\n|upkeep\n|turn|49\n|\n|t:|1782836675\n|move|p1a: Chansey|Soft-Boiled|p1a: Chansey\n|-heal|p1a: Chansey|564/564\n|move|p2a: Blissey|Seismic Toss|p1a: Chansey\n|-damage|p1a: Chansey|479/564\n|\n|-heal|p2a: Blissey|530/572 par|[from] item: Leftovers\n|upkeep\n|turn|50\n|\n|t:|1782836686\n|-curestatus|p2a: Blissey|par|[from] ability: Natural Cure|[silent]\n|switch|p2a: Qwilfish|Qwilfish, L86, M|252/252\n|-damage|p2a: Qwilfish|221/252|[from] Stealth Rock\n|-ability|p2a: Qwilfish|Intimidate|boost\n|-unboost|p1a: Chansey|atk|1\n|move|p1a: Chansey|Seismic Toss|p2a: Qwilfish\n|-damage|p2a: Qwilfish|136/252\n|\n|-heal|p2a: Qwilfish|151/252|[from] item: Leftovers\n|upkeep\n|turn|51\n|\n|t:|1782836698\n|move|p2a: Qwilfish|Waterfall|p1a: Chansey\n|-damage|p1a: Chansey|289/564\n|move|p1a: Chansey|Thunder Wave|p2a: Qwilfish\n|-status|p2a: Qwilfish|par\n|\n|-heal|p2a: Qwilfish|166/252 par|[from] item: Leftovers\n|upkeep\n|turn|52\n|\n|t:|1782836724\n|switch|p1a: Polteageist|Polteageist, L78|222/222\n|-damage|p1a: Polteageist|195/222|[from] Stealth Rock\n|move|p2a: Qwilfish|Gunk Shot|p1a: Polteageist\n|-resisted|p1a: Polteageist\n|-damage|p1a: Polteageist|102/222\n|-status|p1a: Polteageist|psn\n|\n|-heal|p2a: Qwilfish|181/252 par|[from] item: Leftovers\n|-damage|p1a: Polteageist|75/222 psn|[from] psn\n|upkeep\n|turn|53\n|inactive|tombstone ghost has 120 seconds left.\n|\n|t:|1782836751\n|switch|p1a: Terapagos|Terapagos-Terastal, L77, M|119/273\n|-damage|p1a: Terapagos|85/273|[from] Stealth Rock\n|switch|p2a: Blissey|Blissey, L85, F|530/572\n|-damage|p2a: Blissey|459/572|[from] Stealth Rock\n|\n|-heal|p2a: Blissey|494/572|[from] item: Leftovers\n|upkeep\n|turn|54\n|\n|t:|1782836755\n|move|p1a: Terapagos|Rapid Spin|p2a: Blissey\n|-damage|p2a: Blissey|368/572\n|-boost|p1a: Terapagos|spe|1\n|-sideend|p1: tombstone ghost|Stealth Rock|[from] move: Rapid Spin|[of] p1a: Terapagos\n|move|p2a: Blissey|Seismic Toss|p1a: Terapagos\n|-damage|p1a: Terapagos|0 fnt\n|faint|p1a: Terapagos\n|\n|-heal|p2a: Blissey|403/572|[from] item: Leftovers\n|upkeep\n|\n|t:|1782836761\n|switch|p1a: Polteageist|Polteageist, L78|75/222 psn\n|turn|55\n|\n|t:|1782836766\n|move|p1a: Polteageist|Strength Sap|p2a: Blissey\n|-unboost|p2a: Blissey|atk|1\n|-heal|p1a: Polteageist|97/222 psn\n|move|p2a: Blissey|Stealth Rock|p1a: Polteageist\n|-sidestart|p1: tombstone ghost|move: Stealth Rock\n|\n|-heal|p2a: Blissey|438/572|[from] item: Leftovers\n|-damage|p1a: Polteageist|70/222 psn|[from] psn\n|upkeep\n|turn|56\n|\n|t:|1782836773\n|move|p1a: Polteageist|Shell Smash|p1a: Polteageist\n|-unboost|p1a: Polteageist|def|1\n|-unboost|p1a: Polteageist|spd|1\n|-boost|p1a: Polteageist|atk|2\n|-boost|p1a: Polteageist|spa|2\n|-boost|p1a: Polteageist|spe|2\n|move|p2a: Blissey|Stealth Rock||[still]\n|-fail|p2a: Blissey\n|\n|-heal|p2a: Blissey|473/572|[from] item: Leftovers\n|-damage|p1a: Polteageist|43/222 psn|[from] psn\n|upkeep\n|turn|57\n|\n|t:|1782836786\n|move|p1a: Polteageist|Strength Sap|p2a: Blissey\n|-unboost|p2a: Blissey|atk|1\n|-heal|p1a: Polteageist|57/222 psn\n|move|p2a: Blissey|Stealth Rock||[still]\n|-fail|p2a: Blissey\n|\n|-heal|p2a: Blissey|508/572|[from] item: Leftovers\n|-damage|p1a: Polteageist|30/222 psn|[from] psn\n|upkeep\n|turn|58\n|\n|t:|1782836809\n|move|p1a: Polteageist|Shell Smash|p1a: Polteageist\n|-unboost|p1a: Polteageist|def|1\n|-unboost|p1a: Polteageist|spd|1\n|-boost|p1a: Polteageist|atk|2\n|-boost|p1a: Polteageist|spa|2\n|-boost|p1a: Polteageist|spe|2\n|move|p2a: Blissey|Stealth Rock||[still]\n|-fail|p2a: Blissey\n|\n|-heal|p2a: Blissey|543/572|[from] item: Leftovers\n|-damage|p1a: Polteageist|3/222 psn|[from] psn\n|upkeep\n|turn|59\n|inactive|lllllll0211 has 120 seconds left.\n|inactive|lllllll0211 has 90 seconds left.\n|\n|t:|1782836887\n|-terastallize|p1a: Polteageist|Psychic\n|move|p1a: Polteageist|Stored Power|p2a: Blissey\n|-damage|p2a: Blissey|0 fnt\n|faint|p2a: Blissey\n|\n|-damage|p1a: Polteageist|0 fnt|[from] psn\n|faint|p1a: Polteageist\n|upkeep\n|\n|t:|1782836896\n|switch|p1a: Tornadus|Tornadus-Therian, L79, M|254/254\n|switch|p2a: Qwilfish|Qwilfish, L86, M|181/252 par\n|-damage|p1a: Tornadus|191/254|[from] Stealth Rock\n|-damage|p2a: Qwilfish|150/252 par|[from] Stealth Rock\n|-ability|p2a: Qwilfish|Intimidate|boost\n|-unboost|p1a: Tornadus|atk|1\n|turn|60\n|\n|t:|1782836900\n|move|p1a: Tornadus|Bleakwind Storm|p2a: Qwilfish|[miss]\n|-miss|p1a: Tornadus|p2a: Qwilfish\n|cant|p2a: Qwilfish|par\n|\n|-heal|p2a: Qwilfish|165/252 par|[from] item: Leftovers\n|upkeep\n|turn|61\n|\n|t:|1782836903\n|move|p1a: Tornadus|Bleakwind Storm|p2a: Qwilfish|[miss]\n|-miss|p1a: Tornadus|p2a: Qwilfish\n|move|p2a: Qwilfish|Gunk Shot|p1a: Tornadus\n|-damage|p1a: Tornadus|40/254\n|-status|p1a: Tornadus|psn\n|\n|-heal|p2a: Qwilfish|180/252 par|[from] item: Leftovers\n|-damage|p1a: Tornadus|9/254 psn|[from] psn\n|upkeep\n|turn|62\n|\n|t:|1782836909\n|switch|p2a: Arceus|Arceus-Flying, L69, tera:Ground|279/279\n|-damage|p2a: Arceus|262/279|[from] Stealth Rock\n|move|p1a: Tornadus|Bleakwind Storm|p2a: Arceus\n|-damage|p2a: Arceus|120/279\n|-unboost|p2a: Arceus|spe|1\n|\n|-damage|p1a: Tornadus|0 fnt|[from] psn\n|faint|p1a: Tornadus\n|upkeep\n|\n|t:|1782836911\n|switch|p1a: Chansey|Chansey, L85, F|289/564\n|-damage|p1a: Chansey|219/564|[from] Stealth Rock\n|turn|63\n|c|\u2606tombstone ghost|I feel scammed lol\n|\n|t:|1782836921\n|move|p2a: Arceus|Judgment|p1a: Chansey\n|-damage|p1a: Chansey|158/564\n|move|p1a: Chansey|Soft-Boiled|p1a: Chansey\n|-heal|p1a: Chansey|440/564\n|\n|upkeep\n|turn|64\n|\n|t:|1782836927\n|move|p2a: Arceus|Recover|p2a: Arceus\n|-heal|p2a: Arceus|260/279\n|move|p1a: Chansey|Seismic Toss|p2a: Arceus\n|-damage|p2a: Arceus|175/279\n|\n|upkeep\n|turn|65\n|\n|t:|1782836930\n|move|p2a: Arceus|Calm Mind|p2a: Arceus\n|-boost|p2a: Arceus|spa|1\n|-boost|p2a: Arceus|spd|1\n|move|p1a: Chansey|Seismic Toss|p2a: Arceus\n|-damage|p2a: Arceus|90/279\n|\n|upkeep\n|turn|66\n|\n|t:|1782836936\n|move|p2a: Arceus|Recover|p2a: Arceus\n|-heal|p2a: Arceus|230/279\n|move|p1a: Chansey|Seismic Toss|p2a: Arceus\n|-damage|p2a: Arceus|145/279\n|\n|upkeep\n|turn|67\n|\n|t:|1782836948\n|move|p2a: Arceus|Calm Mind|p2a: Arceus\n|-boost|p2a: Arceus|spa|1\n|-boost|p2a: Arceus|spd|1\n|move|p1a: Chansey|Seismic Toss|p2a: Arceus\n|-damage|p2a: Arceus|60/279\n|\n|upkeep\n|turn|68\n|\n|t:|1782836955\n|move|p2a: Arceus|Recover|p2a: Arceus\n|-heal|p2a: Arceus|200/279\n|move|p1a: Chansey|Seismic Toss|p2a: Arceus\n|-damage|p2a: Arceus|115/279\n|\n|upkeep\n|turn|69\n|\n|t:|1782836970\n|move|p2a: Arceus|Recover|p2a: Arceus\n|-heal|p2a: Arceus|255/279\n|move|p1a: Chansey|Seismic Toss|p2a: Arceus\n|-damage|p2a: Arceus|170/279\n|\n|upkeep\n|turn|70\n|\n|t:|1782836980\n|move|p2a: Arceus|Judgment|p1a: Chansey\n|-damage|p1a: Chansey|313/564\n|move|p1a: Chansey|Seismic Toss|p2a: Arceus\n|-damage|p2a: Arceus|85/279\n|\n|upkeep\n|turn|71\n|\n|t:|1782836999\n|move|p2a: Arceus|Recover|p2a: Arceus\n|-heal|p2a: Arceus|225/279\n|move|p1a: Chansey|Seismic Toss|p2a: Arceus\n|-damage|p2a: Arceus|140/279\n|\n|upkeep\n|turn|72\n|\n|t:|1782837014\n|move|p2a: Arceus|Earth Power|p1a: Chansey\n|-damage|p1a: Chansey|220/564\n|move|p1a: Chansey|Seismic Toss|p2a: Arceus\n|-damage|p2a: Arceus|55/279\n|\n|upkeep\n|turn|73\n|\n|t:|1782837019\n|move|p2a: Arceus|Recover|p2a: Arceus\n|-heal|p2a: Arceus|195/279\n|move|p1a: Chansey|Soft-Boiled|p1a: Chansey\n|-heal|p1a: Chansey|502/564\n|\n|upkeep\n|turn|74\n|\n|t:|1782837024\n|move|p2a: Arceus|Calm Mind|p2a: Arceus\n|-boost|p2a: Arceus|spa|1\n|-boost|p2a: Arceus|spd|1\n|move|p1a: Chansey|Seismic Toss|p2a: Arceus\n|-damage|p2a: Arceus|110/279\n|\n|upkeep\n|turn|75\n|\n|t:|1782837028\n|move|p2a: Arceus|Recover|p2a: Arceus\n|-heal|p2a: Arceus|250/279\n|move|p1a: Chansey|Seismic Toss|p2a: Arceus\n|-damage|p2a: Arceus|165/279\n|\n|upkeep\n|turn|76\n|\n|t:|1782837033\n|move|p2a: Arceus|Judgment|p1a: Chansey\n|-damage|p1a: Chansey|355/564\n|move|p1a: Chansey|Seismic Toss|p2a: Arceus\n|-damage|p2a: Arceus|80/279\n|\n|upkeep\n|turn|77\n|\n|t:|1782837040\n|move|p2a: Arceus|Recover|p2a: Arceus\n|-heal|p2a: Arceus|220/279\n|move|p1a: Chansey|Seismic Toss|p2a: Arceus\n|-damage|p2a: Arceus|135/279\n|\n|upkeep\n|turn|78\n|\n|t:|1782837045\n|move|p2a: Arceus|Judgment|p1a: Chansey\n|-damage|p1a: Chansey|205/564\n|move|p1a: Chansey|Seismic Toss|p2a: Arceus\n|-damage|p2a: Arceus|50/279\n|\n|upkeep\n|turn|79\n|\n|t:|1782837048\n|move|p2a: Arceus|Judgment|p1a: Chansey\n|-damage|p1a: Chansey|61/564\n|move|p1a: Chansey|Soft-Boiled|p1a: Chansey\n|-heal|p1a: Chansey|343/564\n|\n|upkeep\n|turn|80\n|\n|t:|1782837053\n|move|p2a: Arceus|Judgment|p1a: Chansey\n|-damage|p1a: Chansey|193/564\n|move|p1a: Chansey|Soft-Boiled|p1a: Chansey\n|-heal|p1a: Chansey|475/564\n|\n|upkeep\n|turn|81\n|\n|t:|1782837056\n|move|p2a: Arceus|Judgment|p1a: Chansey\n|-damage|p1a: Chansey|337/564\n|move|p1a: Chansey|Soft-Boiled|p1a: Chansey\n|-heal|p1a: Chansey|564/564\n|\n|upkeep\n|turn|82\n|\n|t:|1782837069\n|move|p2a: Arceus|Judgment|p1a: Chansey\n|-damage|p1a: Chansey|407/564\n|move|p1a: Chansey|Seismic Toss|p2a: Arceus\n|-damage|p2a: Arceus|0 fnt\n|faint|p2a: Arceus\n|\n|upkeep\n|\n|t:|1782837071\n|switch|p2a: Qwilfish|Qwilfish, L86, M|180/252 par\n|-damage|p2a: Qwilfish|149/252 par|[from] Stealth Rock\n|-ability|p2a: Qwilfish|Intimidate|boost\n|-unboost|p1a: Chansey|atk|1\n|turn|83\n|\n|t:|1782837077\n|move|p1a: Chansey|Seismic Toss|p2a: Qwilfish\n|-damage|p2a: Qwilfish|64/252 par\n|cant|p2a: Qwilfish|par\n|\n|-heal|p2a: Qwilfish|79/252 par|[from] item: Leftovers\n|upkeep\n|turn|84\n|\n|t:|1782837082\n|move|p1a: Chansey|Seismic Toss|p2a: Qwilfish\n|-damage|p2a: Qwilfish|0 fnt\n|faint|p2a: Qwilfish\n|\n|win|tombstone ghost\n|raw|tombstone ghost's rating: 1368 &rarr; <strong>1388</strong><br />(+20 for winning)\n|raw|lllllll0211's rating: 1364 &rarr; <strong>1344</strong><br />(-20 for losing)\n|l|\u2606lllllll0211\n|player|p2|\n", "inputlog": ">version f8ac14003a5f27e1bdc8d8c59608a773c1cb96e5\n>start {\"formatid\":\"gen9randombattle\",\"seed\":\"sodium,0a6b1385efce3fad3082dd726623fed8\",\"rated\":\"Rated battle\"}\n>player p1 {\"name\":\"tombstone ghost\",\"avatar\":\"1\",\"rating\":1368,\"seed\":\"sodium,fbb30900d2eaea8a0e3d5dc3d5e239de\"}\n>player p2 {\"name\":\"lllllll0211\",\"avatar\":\"102\",\"rating\":1381,\"seed\":\"sodium,45d94d9e0363f2162cbfe12359135d64\"}\n>chat \u2606tombstone ghost|glhf\n>p1 move terastarstorm\n>p2 move knockoff\n>p1 move terastarstorm\n>p2 move partingshot\n>p2 switch 6\n>p1 switch 2\n>p2 move thunderwave\n>p1 move knockoff\n>p2 switch 4\n>p1 switch 3\n>p2 move irondefense\n>p1 move shellsmash\n>p2 switch 4\n>p1 switch 3\n>p2 move thunderwave\n>p1 move tripleaxel\n>p2 switch 2\n>p1 switch 5\n>p2 move stickyweb\n>p1 move voltswitch\n>p2 move taunt\n>p1 switch 6\n>p1 move heatwave\n>p2 switch 2\n>p1 switch 5\n>p2 move stealthrock\n>p1 switch 2\n>p2 switch 2\n>p1 move rapidspin\n>p2 move taunt\n>p1 move terastarstorm\n>p2 move stickyweb\n>p2 switch 4\n>p1 switch 5\n>p2 move bodypress\n>p1 move focusblast\n>p2 switch 2\n>p1 switch 2\n>p2 move seismictoss\n>p1 switch 6\n>p2 switch 2\n>p1 move voltswitch\n>p2 move roost\n>p1 switch 2\n>p1 switch 6\n>p2 switch 2\n>p1 switch 2\n>p2 switch 6\n>p1 move thunderbolt\n>p2 move partingshot\n>p2 switch 6\n>p1 move voltswitch\n>p2 move seismictoss\n>p1 switch 5\n>p1 move rapidspin\n>p2 move seismictoss\n>p1 move rapidspin\n>p2 move softboiled\n>p1 switch 5\n>p2 move thunderwave\n>p1 move muddywater\n>p2 move thunderwave\n>p1 move thunderbolt\n>p2 move seismictoss\n>p1 move slackoff\n>p2 switch 6\n>p1 move thunderbolt\n>p2 move encore\n>p1 switch 2\n>p2 move knockoff\n>p1 move knockoff\n>p2 move gunkshot\n>p1 switch 6\n>p1 move focusblast\n>p2 move partingshot\n>p2 switch 6\n>p1 switch 2\n>p2 move softboiled\n>p1 move muddywater\n>p2 move seismictoss\n>p1 move muddywater\n>p2 move seismictoss\n>p1 move thunderbolt\n>p2 move stealthrock\n>p1 move muddywater\n>p2 move seismictoss\n>p1 move slackoff\n>p2 move seismictoss\n>p1 move muddywater\n>p2 move seismictoss\n>p1 move thunderbolt\n>p2 switch 2\n>p2 switch 6\n>p1 move thunderbolt\n>p2 move knockoff\n>p2 switch 5\n>p1 move thunderbolt\n>p2 move calmmind terastallize\n>p1 move muddywater\n>p2 move earthpower\n>p1 switch 4\n>p1 move stealthrock\n>p2 switch 2\n>p1 move seismictoss\n>p2 move seismictoss\n>p1 move thunderwave\n>p2 move seismictoss\n>p1 move softboiled\n>p2 move seismictoss\n>p1 move seismictoss\n>p2 switch 3\n>p1 move thunderwave\n>p2 move waterfall\n>p1 switch 3\n>p2 move gunkshot\n>p1 switch 5\n>p2 switch 3\n>p1 move rapidspin\n>p2 move seismictoss\n>p1 switch 5\n>p1 move strengthsap\n>p2 move stealthrock\n>p1 move shellsmash\n>p2 move stealthrock\n>p1 move strengthsap\n>p2 move stealthrock\n>p1 move shellsmash\n>p2 move stealthrock\n>p1 move storedpower terastallize\n>p2 move thunderwave\n>p1 switch 2\n>p2 switch 3\n>p1 move bleakwindstorm\n>p2 move gunkshot\n>p1 move bleakwindstorm\n>p2 move gunkshot\n>p1 move bleakwindstorm\n>p2 switch 2\n>p1 switch 3\n>chat \u2606tombstone ghost|I feel scammed lol\n>p1 move softboiled\n>p2 move judgment\n>p1 move seismictoss\n>p2 move recover\n>p1 move seismictoss\n>p2 move calmmind\n>p1 move seismictoss\n>p2 move recover\n>p1 move seismictoss\n>p2 move calmmind\n>p1 move seismictoss\n>p2 move recover\n>p1 move seismictoss\n>p2 move recover\n>p1 move seismictoss\n>p2 move judgment\n>p1 move seismictoss\n>p2 move recover\n>p1 move seismictoss\n>p2 move earthpower\n>p1 move softboiled\n>p2 move recover\n>p1 move seismictoss\n>p2 move calmmind\n>p1 move seismictoss\n>p2 move recover\n>p1 move seismictoss\n>p2 move judgment\n>p1 move seismictoss\n>p2 move recover\n>p1 move seismictoss\n>p2 move judgment\n>p1 move softboiled\n>p2 move judgment\n>p1 move softboiled\n>p2 move judgment\n>p1 move softboiled\n>p2 move judgment\n>p1 move seismictoss\n>p2 move judgment\n>p2 switch 2\n>p1 move seismictoss\n>p2 move gunkshot\n>p1 move seismictoss\n>p2 move gunkshot", "uploadtime": 1782837088, "views": 2, "formatid": "gen9randombattle", "rating": 1344, "private": 0, "password": null, "player_dets": [{"name": "tombstone ghost", "avatar": "1", "rating": 1368, "seed": "sodium,fbb30900d2eaea8a0e3d5dc3d5e239de"}, {"name": "lllllll0211", "avatar": "102", "rating": 1381, "seed": "sodium,45d94d9e0363f2162cbfe12359135d64"}], "teams_full": [{"Terapagos": {"name": "Terapagos", "species": "Terapagos", "speciesId": "terapagos", "gender": "M", "shiny": false, "level": 77, "moves": ["calmmind", "terastarstorm", "rapidspin", "darkpulse"], "ability": "Tera Shift", "evs": {"hp": 85, "atk": 85, "def": 85, "spa": 85, "spd": 85, "spe": 85}, "ivs": {"hp": 31, "atk": 31, "def": 31, "spa": 31, "spd": 31, "spe": 31}, "item": "Heavy-Duty Boots", "teraType": "Stellar", "role": "Setup Sweeper", "bvs": {"hp": 90, "atk": 65, "def": 85, "spa": 65, "spd": 85, "spe": 60}, "stats": {"hp": 265, "atk": 145, "def": 175, "spa": 145, "spd": 175, "spe": 137}, "types": ["Normal"]}, "Meowscarada": {"name": "Meowscarada", "species": "Meowscarada", "speciesId": "meowscarada", "gender": "F", "shiny": false, "level": 78, "moves": ["toxicspikes", "knockoff", "flowertrick", "tripleaxel"], "ability": "Protean", "evs": {"hp": 85, "atk": 85, "def": 85, "spa": 85, "spd": 85, "spe": 85}, "ivs": {"hp": 31, "atk": 31, "def": 31, "spa": 31, "spd": 31, "spe": 31}, "item": "Life Orb", "teraType": "Dark", "role": "Fast Support", "bvs": {"hp": 76, "atk": 110, "def": 70, "spa": 81, "spd": 70, "spe": 123}, "stats": {"hp": 247, "atk": 217, "def": 154, "spa": 171, "spd": 154, "spe": 237}, "types": ["Grass", "Dark"]}, "Polteageist": {"name": "Polteageist", "species": "Polteageist", "speciesId": "polteageist", "gender": "N", "shiny": false, "level": 78, "moves": ["strengthsap", "shadowball", "shellsmash", "storedpower"], "ability": "Cursed Body", "evs": {"hp": 85, "atk": 0, "def": 85, "spa": 85, "spd": 85, "spe": 85}, "ivs": {"hp": 31, "atk": 0, "def": 31, "spa": 31, "spd": 31, "spe": 31}, "item": "White Herb", "teraType": "Psychic", "role": "Setup Sweeper", "bvs": {"hp": 60, "atk": 65, "def": 65, "spa": 134, "spd": 114, "spe": 70}, "stats": {"hp": 222, "atk": 106, "def": 146, "spa": 254, "spd": 223, "spe": 154}, "types": ["Ghost"]}, "Chansey": {"name": "Chansey", "species": "Chansey", "speciesId": "chansey", "gender": "F", "shiny": false, "level": 85, "moves": ["softboiled", "stealthrock", "thunderwave", "seismictoss"], "ability": "Natural Cure", "evs": {"hp": 85, "atk": 0, "def": 85, "spa": 85, "spd": 85, "spe": 85}, "ivs": {"hp": 31, "atk": 0, "def": 31, "spa": 31, "spd": 31, "spe": 31}, "item": "Eviolite", "teraType": "Fairy", "role": "Bulky Support", "bvs": {"hp": 250, "atk": 5, "def": 5, "spa": 35, "spd": 105, "spe": 50}, "stats": {"hp": 564, "atk": 13, "def": 57, "spa": 108, "spd": 227, "spe": 134}, "types": ["Normal"]}, "Bellibolt": {"name": "Bellibolt", "species": "Bellibolt", "speciesId": "bellibolt", "gender": "F", "shiny": false, "level": 84, "moves": ["muddywater", "voltswitch", "thunderbolt", "slackoff"], "ability": "Electromorphosis", "evs": {"hp": 85, "atk": 0, "def": 85, "spa": 85, "spd": 85, "spe": 85}, "ivs": {"hp": 31, "atk": 0, "def": 31, "spa": 31, "spd": 31, "spe": 31}, "item": "Leftovers", "teraType": "Water", "role": "Bulky Attacker", "bvs": {"hp": 109, "atk": 64, "def": 91, "spa": 103, "spd": 83, "spe": 45}, "stats": {"hp": 320, "atk": 112, "def": 201, "spa": 221, "spd": 188, "spe": 124}, "types": ["Electric"]}, "Tornadus": {"name": "Tornadus", "species": "Tornadus-Therian", "speciesId": "tornadustherian", "gender": "M", "shiny": false, "level": 79, "moves": ["heatwave", "focusblast", "bleakwindstorm", "grassknot"], "ability": "Regenerator", "evs": {"hp": 85, "atk": 0, "def": 85, "spa": 85, "spd": 85, "spe": 85}, "ivs": {"hp": 31, "atk": 0, "def": 31, "spa": 31, "spd": 31, "spe": 31}, "item": "Choice Specs", "teraType": "Fire", "role": "Fast Attacker", "bvs": {"hp": 79, "atk": 100, "def": 80, "spa": 110, "spd": 90, "spe": 121}, "stats": {"hp": 254, "atk": 163, "def": 172, "spa": 219, "spd": 188, "spe": 237}, "types": ["Flying"]}}, {"Grafaiai": {"name": "Grafaiai", "species": "Grafaiai", "speciesId": "grafaiai", "gender": "F", "shiny": false, "level": 86, "moves": ["partingshot", "gunkshot", "knockoff", "encore"], "ability": "Prankster", "evs": {"hp": 85, "atk": 85, "def": 85, "spa": 85, "spd": 85, "spe": 85}, "ivs": {"hp": 31, "atk": 31, "def": 31, "spa": 31, "spd": 31, "spe": 31}, "item": "Heavy-Duty Boots", "teraType": "Dark", "role": "Fast Support", "bvs": {"hp": 63, "atk": 95, "def": 65, "spa": 80, "spd": 72, "spe": 110}, "stats": {"hp": 249, "atk": 213, "def": 161, "spa": 187, "spd": 173, "spe": 238}, "types": ["Poison", "Normal"]}, "Kricketune": {"name": "Kricketune", "species": "Kricketune", "speciesId": "kricketune", "gender": "F", "shiny": false, "level": 99, "moves": ["knockoff", "taunt", "stickyweb", "pounce"], "ability": "Technician", "evs": {"hp": 85, "atk": 85, "def": 85, "spa": 85, "spd": 85, "spe": 85}, "ivs": {"hp": 31, "atk": 31, "def": 31, "spa": 31, "spd": 31, "spe": 31}, "item": "Heavy-Duty Boots", "teraType": "Ghost", "role": "Fast Support", "bvs": {"hp": 77, "atk": 85, "def": 51, "spa": 55, "spd": 51, "spe": 65}, "stats": {"hp": 312, "atk": 224, "def": 157, "spa": 165, "spd": 157, "spe": 185}, "types": ["Bug"]}, "Qwilfish": {"name": "Qwilfish", "species": "Qwilfish", "speciesId": "qwilfish", "gender": "M", "shiny": false, "level": 86, "moves": ["taunt", "toxicspikes", "waterfall", "gunkshot"], "ability": "Intimidate", "evs": {"hp": 85, "atk": 85, "def": 85, "spa": 85, "spd": 85, "spe": 85}, "ivs": {"hp": 31, "atk": 31, "def": 31, "spa": 31, "spd": 31, "spe": 31}, "item": "Leftovers", "teraType": "Dark", "role": "Bulky Support", "bvs": {"hp": 65, "atk": 95, "def": 85, "spa": 55, "spd": 55, "spe": 85}, "stats": {"hp": 252, "atk": 213, "def": 195, "spa": 144, "spd": 144, "spe": 195}, "types": ["Water", "Poison"]}, "Skarmory": {"name": "Skarmory", "species": "Skarmory", "speciesId": "skarmory", "gender": "M", "shiny": false, "level": 80, "moves": ["bravebird", "irondefense", "roost", "bodypress"], "ability": "Sturdy", "evs": {"hp": 85, "atk": 85, "def": 85, "spa": 85, "spd": 85, "spe": 85}, "ivs": {"hp": 31, "atk": 31, "def": 31, "spa": 31, "spd": 31, "spe": 31}, "item": "Leftovers", "teraType": "Fighting", "role": "Bulky Setup", "bvs": {"hp": 65, "atk": 80, "def": 140, "spa": 40, "spd": 70, "spe": 70}, "stats": {"hp": 235, "atk": 174, "def": 270, "spa": 110, "spd": 158, "spe": 158}, "types": ["Steel", "Flying"]}, "Arceus": {"name": "Arceus", "species": "Arceus-Flying", "speciesId": "arceusflying", "gender": "N", "shiny": false, "level": 69, "moves": ["calmmind", "earthpower", "recover", "judgment"], "ability": "Multitype", "evs": {"hp": 81, "atk": 0, "def": 85, "spa": 85, "spd": 85, "spe": 85}, "ivs": {"hp": 31, "atk": 0, "def": 31, "spa": 31, "spd": 31, "spe": 31}, "item": "Sky Plate", "teraType": "Ground", "role": "Bulky Setup", "bvs": {"hp": 120, "atk": 120, "def": 120, "spa": 120, "spd": 120, "spe": 120}, "stats": {"hp": 279, "atk": 170, "def": 206, "spa": 206, "spd": 206, "spe": 206}, "types": ["Flying"]}, "Blissey": {"name": "Blissey", "species": "Blissey", "speciesId": "blissey", "gender": "F", "shiny": false, "level": 85, "moves": ["seismictoss", "thunderwave", "softboiled", "stealthrock"], "ability": "Natural Cure", "evs": {"hp": 85, "atk": 0, "def": 85, "spa": 85, "spd": 85, "spe": 85}, "ivs": {"hp": 31, "atk": 0, "def": 31, "spa": 31, "spd": 31, "spe": 31}, "item": "Leftovers", "teraType": "Dark", "role": "Bulky Support", "bvs": {"hp": 255, "atk": 10, "def": 10, "spa": 75, "spd": 135, "spe": 55}, "stats": {"hp": 572, "atk": 22, "def": 66, "spa": 176, "spd": 278, "spe": 142}, "types": ["Normal"]}}]}