{"id": "gen9randombattle-2641226150", "format": "[Gen 9] Random Battle", "players": ["notmetbh102", "ApexPrdatorAce"], "log": "|badge|p1|bronze|gen9randombattle|100-9\n|html|<div class=\"broadcast-red\"><strong>This battle is required to be public due to one or more player having a season medal.</strong><br />During the public phase, you can discuss the state of the ladder <a href=\"/seasondiscussion\">in a special chatroom.</a></div>\n|uhtml|medal-msg|<div class=\"broadcast-blue\">Curious what those medals under the avatar are? PS now has Ladder Seasons! For more information, check out the <a href=\"https://www.smogon.com/forums/threads/3740067/\">thread on Smogon.</a></div>\n|raw|<div class=\"broadcast-blue\"><strong>This battle is required to be public due to a player having a name starting with 'medal'.</div>\n|j|\u2606notmetbh102\n|j|\u2606ApexPrdatorAce\n|t:|1782756081\n|gametype|singles\n|player|p1|notmetbh102|2|2290\n|player|p2|ApexPrdatorAce|flannery|2124\n|gen|9\n|tier|[Gen 9] Random Battle\n|rated|\n|rule|Species Clause: Limit one of each Pok\u00e9mon\n|rule|HP Percentage Mod: HP is shown in percentages\n|rule|Sleep Clause Mod: Limit one foe put to sleep\n|rule|Illusion Level Mod: Illusion disguises the Pok\u00e9mon's true level\n|\n|t:|1782756081\n|teamsize|p1|6\n|teamsize|p2|6\n|start\n|switch|p1a: Hariyama|Hariyama, L87, F|392/392\n|switch|p2a: Clawitzer|Clawitzer, L87, M|265/265\n|turn|1\n|inactive|Battle timer is ON: inactive players will automatically lose when time's up. (requested by notmetbh102)\n|c|\u2606notmetbh102|hf\n|\n|t:|1782756095\n|move|p2a: Clawitzer|U-turn|p1a: Hariyama\n|-resisted|p1a: Hariyama\n|-damage|p1a: Hariyama|367/392\n|\n|t:|1782756097\n|switch|p2a: Skarmory|Skarmory, L80, M|235/235|[from] U-turn\n|move|p1a: Hariyama|Knock Off|p2a: Skarmory\n|-damage|p2a: Skarmory|171/235\n|-enditem|p2a: Skarmory|Leftovers|[from] move: Knock Off|[of] p1a: Hariyama\n|\n|upkeep\n|turn|2\n|\n|t:|1782756104\n|switch|p1a: Gogoat|Gogoat, L88, F|360/360\n|move|p2a: Skarmory|Iron Defense|p2a: Skarmory\n|-boost|p2a: Skarmory|def|2\n|\n|upkeep\n|turn|3\n|\n|t:|1782756112\n|move|p1a: Gogoat|Bulk Up|p1a: Gogoat\n|-boost|p1a: Gogoat|atk|1\n|-boost|p1a: Gogoat|def|1\n|move|p2a: Skarmory|Iron Defense|p2a: Skarmory\n|-boost|p2a: Skarmory|def|2\n|\n|upkeep\n|turn|4\n|\n|t:|1782756115\n|move|p1a: Gogoat|Bulk Up|p1a: Gogoat\n|-boost|p1a: Gogoat|atk|1\n|-boost|p1a: Gogoat|def|1\n|move|p2a: Skarmory|Iron Defense|p2a: Skarmory\n|-boost|p2a: Skarmory|def|2\n|\n|upkeep\n|turn|5\n|\n|t:|1782756118\n|move|p1a: Gogoat|Bulk Up|p1a: Gogoat\n|-boost|p1a: Gogoat|atk|1\n|-boost|p1a: Gogoat|def|1\n|move|p2a: Skarmory|Body Press|p1a: Gogoat\n|-damage|p1a: Gogoat|220/360\n|\n|-heal|p1a: Gogoat|242/360|[from] item: Leftovers\n|upkeep\n|turn|6\n|\n|t:|1782756121\n|move|p1a: Gogoat|Bulk Up|p1a: Gogoat\n|-boost|p1a: Gogoat|atk|1\n|-boost|p1a: Gogoat|def|1\n|move|p2a: Skarmory|Body Press|p1a: Gogoat\n|-damage|p1a: Gogoat|125/360\n|\n|-heal|p1a: Gogoat|147/360|[from] item: Leftovers\n|upkeep\n|turn|7\n|\n|t:|1782756127\n|move|p1a: Gogoat|Milk Drink|p1a: Gogoat\n|-heal|p1a: Gogoat|327/360\n|move|p2a: Skarmory|Body Press|p1a: Gogoat\n|-damage|p1a: Gogoat|214/360\n|\n|-heal|p1a: Gogoat|236/360|[from] item: Leftovers\n|upkeep\n|turn|8\n|\n|t:|1782756130\n|move|p1a: Gogoat|Bulk Up|p1a: Gogoat\n|-boost|p1a: Gogoat|atk|1\n|-boost|p1a: Gogoat|def|1\n|move|p2a: Skarmory|Body Press|p1a: Gogoat\n|-damage|p1a: Gogoat|132/360\n|\n|-heal|p1a: Gogoat|154/360|[from] item: Leftovers\n|upkeep\n|turn|9\n|\n|t:|1782756132\n|move|p1a: Gogoat|Milk Drink|p1a: Gogoat\n|-heal|p1a: Gogoat|334/360\n|move|p2a: Skarmory|Body Press|p1a: Gogoat\n|-damage|p1a: Gogoat|232/360\n|\n|-heal|p1a: Gogoat|254/360|[from] item: Leftovers\n|upkeep\n|turn|10\n|\n|t:|1782756135\n|move|p1a: Gogoat|Milk Drink|p1a: Gogoat\n|-heal|p1a: Gogoat|360/360\n|move|p2a: Skarmory|Body Press|p1a: Gogoat\n|-damage|p1a: Gogoat|265/360\n|\n|-heal|p1a: Gogoat|287/360|[from] item: Leftovers\n|upkeep\n|turn|11\n|\n|t:|1782756139\n|move|p1a: Gogoat|Bulk Up|p1a: Gogoat\n|-boost|p1a: Gogoat|atk|1\n|-boost|p1a: Gogoat|def|1\n|move|p2a: Skarmory|Body Press|p1a: Gogoat\n|-damage|p1a: Gogoat|205/360\n|\n|-heal|p1a: Gogoat|227/360|[from] item: Leftovers\n|upkeep\n|turn|12\n|\n|t:|1782756142\n|move|p1a: Gogoat|Milk Drink|p1a: Gogoat\n|-heal|p1a: Gogoat|360/360\n|move|p2a: Skarmory|Body Press|p1a: Gogoat\n|-damage|p1a: Gogoat|266/360\n|\n|-heal|p1a: Gogoat|288/360|[from] item: Leftovers\n|upkeep\n|turn|13\n|\n|t:|1782756146\n|move|p1a: Gogoat|Milk Drink|p1a: Gogoat\n|-heal|p1a: Gogoat|360/360\n|move|p2a: Skarmory|Body Press|p1a: Gogoat\n|-damage|p1a: Gogoat|270/360\n|\n|-heal|p1a: Gogoat|292/360|[from] item: Leftovers\n|upkeep\n|turn|14\n|\n|t:|1782756150\n|move|p1a: Gogoat|Milk Drink|p1a: Gogoat\n|-heal|p1a: Gogoat|360/360\n|move|p2a: Skarmory|Body Press|p1a: Gogoat\n|-damage|p1a: Gogoat|270/360\n|\n|-heal|p1a: Gogoat|292/360|[from] item: Leftovers\n|upkeep\n|turn|15\n|\n|t:|1782756156\n|move|p1a: Gogoat|Horn Leech|p2a: Skarmory\n|-resisted|p2a: Skarmory\n|-damage|p2a: Skarmory|155/235\n|-heal|p1a: Gogoat|300/360|[from] drain|[of] p2a: Skarmory\n|move|p2a: Skarmory|Brave Bird|p1a: Gogoat\n|-supereffective|p1a: Gogoat\n|-damage|p1a: Gogoat|232/360\n|-damage|p2a: Skarmory|133/235|[from] Recoil\n|\n|-heal|p1a: Gogoat|254/360|[from] item: Leftovers\n|upkeep\n|turn|16\n|\n|t:|1782756164\n|move|p1a: Gogoat|Milk Drink|p1a: Gogoat\n|-heal|p1a: Gogoat|360/360\n|move|p2a: Skarmory|Body Press|p1a: Gogoat\n|-damage|p1a: Gogoat|269/360\n|\n|-heal|p1a: Gogoat|291/360|[from] item: Leftovers\n|upkeep\n|turn|17\n|\n|t:|1782756167\n|move|p1a: Gogoat|Horn Leech|p2a: Skarmory\n|-resisted|p2a: Skarmory\n|-damage|p2a: Skarmory|118/235\n|-heal|p1a: Gogoat|299/360|[from] drain|[of] p2a: Skarmory\n|move|p2a: Skarmory|Body Press|p1a: Gogoat\n|-damage|p1a: Gogoat|212/360\n|\n|-heal|p1a: Gogoat|234/360|[from] item: Leftovers\n|upkeep\n|turn|18\n|\n|t:|1782756173\n|move|p1a: Gogoat|Horn Leech|p2a: Skarmory\n|-resisted|p2a: Skarmory\n|-damage|p2a: Skarmory|101/235\n|-heal|p1a: Gogoat|243/360|[from] drain|[of] p2a: Skarmory\n|move|p2a: Skarmory|Roost|p2a: Skarmory\n|-heal|p2a: Skarmory|219/235\n|-singleturn|p2a: Skarmory|move: Roost\n|\n|-heal|p1a: Gogoat|265/360|[from] item: Leftovers\n|upkeep\n|turn|19\n|\n|t:|1782756177\n|move|p1a: Gogoat|Horn Leech|p2a: Skarmory\n|-resisted|p2a: Skarmory\n|-damage|p2a: Skarmory|203/235\n|-heal|p1a: Gogoat|273/360|[from] drain|[of] p2a: Skarmory\n|move|p2a: Skarmory|Body Press|p1a: Gogoat\n|-damage|p1a: Gogoat|190/360\n|\n|-heal|p1a: Gogoat|212/360|[from] item: Leftovers\n|upkeep\n|turn|20\n|\n|t:|1782756181\n|move|p1a: Gogoat|Milk Drink|p1a: Gogoat\n|-heal|p1a: Gogoat|360/360\n|move|p2a: Skarmory|Brave Bird|p1a: Gogoat\n|-supereffective|p1a: Gogoat\n|-damage|p1a: Gogoat|288/360\n|-damage|p2a: Skarmory|179/235|[from] Recoil\n|\n|-heal|p1a: Gogoat|310/360|[from] item: Leftovers\n|upkeep\n|turn|21\n|\n|t:|1782756187\n|move|p1a: Gogoat|Horn Leech|p2a: Skarmory\n|-resisted|p2a: Skarmory\n|-damage|p2a: Skarmory|164/235\n|-heal|p1a: Gogoat|318/360|[from] drain|[of] p2a: Skarmory\n|move|p2a: Skarmory|Brave Bird|p1a: Gogoat\n|-supereffective|p1a: Gogoat\n|-damage|p1a: Gogoat|252/360\n|-damage|p2a: Skarmory|142/235|[from] Recoil\n|\n|-heal|p1a: Gogoat|274/360|[from] item: Leftovers\n|upkeep\n|turn|22\n|\n|t:|1782756191\n|move|p1a: Gogoat|Horn Leech|p2a: Skarmory\n|-resisted|p2a: Skarmory\n|-damage|p2a: Skarmory|127/235\n|-heal|p1a: Gogoat|282/360|[from] drain|[of] p2a: Skarmory\n|move|p2a: Skarmory|Brave Bird|p1a: Gogoat\n|-supereffective|p1a: Gogoat\n|-damage|p1a: Gogoat|216/360\n|-damage|p2a: Skarmory|105/235|[from] Recoil\n|\n|-heal|p1a: Gogoat|238/360|[from] item: Leftovers\n|upkeep\n|turn|23\n|\n|t:|1782756193\n|move|p1a: Gogoat|Horn Leech|p2a: Skarmory\n|-resisted|p2a: Skarmory\n|-damage|p2a: Skarmory|88/235\n|-heal|p1a: Gogoat|247/360|[from] drain|[of] p2a: Skarmory\n|move|p2a: Skarmory|Roost|p2a: Skarmory\n|-heal|p2a: Skarmory|206/235\n|-singleturn|p2a: Skarmory|move: Roost\n|\n|-heal|p1a: Gogoat|269/360|[from] item: Leftovers\n|upkeep\n|turn|24\n|\n|t:|1782756196\n|move|p1a: Gogoat|Horn Leech|p2a: Skarmory\n|-resisted|p2a: Skarmory\n|-damage|p2a: Skarmory|189/235\n|-heal|p1a: Gogoat|278/360|[from] drain|[of] p2a: Skarmory\n|move|p2a: Skarmory|Brave Bird|p1a: Gogoat\n|-supereffective|p1a: Gogoat\n|-damage|p1a: Gogoat|218/360\n|-damage|p2a: Skarmory|169/235|[from] Recoil\n|\n|-heal|p1a: Gogoat|240/360|[from] item: Leftovers\n|upkeep\n|turn|25\n|\n|t:|1782756202\n|move|p1a: Gogoat|Horn Leech|p2a: Skarmory\n|-resisted|p2a: Skarmory\n|-damage|p2a: Skarmory|153/235\n|-heal|p1a: Gogoat|248/360|[from] drain|[of] p2a: Skarmory\n|move|p2a: Skarmory|Brave Bird|p1a: Gogoat\n|-supereffective|p1a: Gogoat\n|-damage|p1a: Gogoat|180/360\n|-damage|p2a: Skarmory|131/235|[from] Recoil\n|\n|-heal|p1a: Gogoat|202/360|[from] item: Leftovers\n|upkeep\n|turn|26\n|\n|t:|1782756209\n|move|p1a: Gogoat|Horn Leech|p2a: Skarmory\n|-resisted|p2a: Skarmory\n|-damage|p2a: Skarmory|116/235\n|-heal|p1a: Gogoat|210/360|[from] drain|[of] p2a: Skarmory\n|move|p2a: Skarmory|Roost|p2a: Skarmory\n|-heal|p2a: Skarmory|234/235\n|-singleturn|p2a: Skarmory|move: Roost\n|\n|-heal|p1a: Gogoat|232/360|[from] item: Leftovers\n|upkeep\n|turn|27\n|\n|t:|1782756211\n|move|p1a: Gogoat|Horn Leech|p2a: Skarmory\n|-resisted|p2a: Skarmory\n|-damage|p2a: Skarmory|217/235\n|-heal|p1a: Gogoat|241/360|[from] drain|[of] p2a: Skarmory\n|move|p2a: Skarmory|Brave Bird|p1a: Gogoat\n|-supereffective|p1a: Gogoat\n|-damage|p1a: Gogoat|173/360\n|-damage|p2a: Skarmory|195/235|[from] Recoil\n|\n|-heal|p1a: Gogoat|195/360|[from] item: Leftovers\n|upkeep\n|turn|28\n|\n|t:|1782756215\n|move|p1a: Gogoat|Horn Leech|p2a: Skarmory\n|-resisted|p2a: Skarmory\n|-damage|p2a: Skarmory|178/235\n|-heal|p1a: Gogoat|204/360|[from] drain|[of] p2a: Skarmory\n|move|p2a: Skarmory|Brave Bird|p1a: Gogoat\n|-supereffective|p1a: Gogoat\n|-damage|p1a: Gogoat|138/360\n|-damage|p2a: Skarmory|156/235|[from] Recoil\n|\n|-heal|p1a: Gogoat|160/360|[from] item: Leftovers\n|upkeep\n|turn|29\n|\n|t:|1782756217\n|move|p1a: Gogoat|Horn Leech|p2a: Skarmory\n|-resisted|p2a: Skarmory\n|-damage|p2a: Skarmory|141/235\n|-heal|p1a: Gogoat|168/360|[from] drain|[of] p2a: Skarmory\n|move|p2a: Skarmory|Brave Bird|p1a: Gogoat\n|-supereffective|p1a: Gogoat\n|-damage|p1a: Gogoat|108/360\n|-damage|p2a: Skarmory|121/235|[from] Recoil\n|\n|-heal|p1a: Gogoat|130/360|[from] item: Leftovers\n|upkeep\n|turn|30\n|\n|t:|1782756220\n|move|p1a: Gogoat|Horn Leech|p2a: Skarmory\n|-resisted|p2a: Skarmory\n|-damage|p2a: Skarmory|106/235\n|-heal|p1a: Gogoat|138/360|[from] drain|[of] p2a: Skarmory\n|move|p2a: Skarmory|Roost|p2a: Skarmory\n|-heal|p2a: Skarmory|224/235\n|-singleturn|p2a: Skarmory|move: Roost\n|\n|-heal|p1a: Gogoat|160/360|[from] item: Leftovers\n|upkeep\n|turn|31\n|\n|t:|1782756222\n|move|p1a: Gogoat|Horn Leech|p2a: Skarmory\n|-resisted|p2a: Skarmory\n|-damage|p2a: Skarmory|206/235\n|-heal|p1a: Gogoat|169/360|[from] drain|[of] p2a: Skarmory\n|move|p2a: Skarmory|Brave Bird|p1a: Gogoat\n|-supereffective|p1a: Gogoat\n|-damage|p1a: Gogoat|107/360\n|-damage|p2a: Skarmory|186/235|[from] Recoil\n|\n|-heal|p1a: Gogoat|129/360|[from] item: Leftovers\n|upkeep\n|turn|32\n|\n|t:|1782756225\n|move|p1a: Gogoat|Horn Leech|p2a: Skarmory\n|-resisted|p2a: Skarmory\n|-damage|p2a: Skarmory|170/235\n|-heal|p1a: Gogoat|137/360|[from] drain|[of] p2a: Skarmory\n|move|p2a: Skarmory|Brave Bird|p1a: Gogoat\n|-supereffective|p1a: Gogoat\n|-damage|p1a: Gogoat|75/360\n|-damage|p2a: Skarmory|150/235|[from] Recoil\n|\n|-heal|p1a: Gogoat|97/360|[from] item: Leftovers\n|upkeep\n|turn|33\n|\n|t:|1782756233\n|move|p1a: Gogoat|Earthquake|p2a: Skarmory\n|-immune|p2a: Skarmory\n|move|p2a: Skarmory|Body Press|p1a: Gogoat\n|-damage|p1a: Gogoat|9/360\n|\n|-heal|p1a: Gogoat|31/360|[from] item: Leftovers\n|upkeep\n|turn|34\n|\n|t:|1782756243\n|move|p1a: Gogoat|Earthquake|p2a: Skarmory\n|-immune|p2a: Skarmory\n|move|p2a: Skarmory|Roost|p2a: Skarmory\n|-heal|p2a: Skarmory|235/235\n|-singleturn|p2a: Skarmory|move: Roost\n|\n|-heal|p1a: Gogoat|53/360|[from] item: Leftovers\n|upkeep\n|turn|35\n|\n|t:|1782756249\n|move|p1a: Gogoat|Earthquake|p2a: Skarmory\n|-immune|p2a: Skarmory\n|move|p2a: Skarmory|Body Press|p1a: Gogoat\n|-damage|p1a: Gogoat|0 fnt\n|faint|p1a: Gogoat\n|\n|upkeep\n|\n|t:|1782756250\n|switch|p1a: Hydreigon|Hydreigon, L79, F|275/275\n|turn|36\n|\n|t:|1782756256\n|move|p1a: Hydreigon|Dark Pulse|p2a: Skarmory\n|-damage|p2a: Skarmory|86/235\n|-damage|p1a: Hydreigon|248/275|[from] item: Life Orb\n|move|p2a: Skarmory|Body Press|p1a: Hydreigon\n|-supereffective|p1a: Hydreigon\n|-damage|p1a: Hydreigon|0 fnt\n|faint|p1a: Hydreigon\n|\n|upkeep\n|\n|t:|1782756256\n|switch|p1a: Glalie|Glalie, L96, F|309/309\n|turn|37\n|\n|t:|1782756272\n|move|p1a: Glalie|Freeze-Dry|p2a: Skarmory\n|-damage|p2a: Skarmory|0 fnt\n|faint|p2a: Skarmory\n|\n|upkeep\n|\n|t:|1782756288\n|switch|p2a: Beartic|Beartic, L91, M|321/321\n|turn|38\n|\n|t:|1782756291\n|switch|p1a: Veluza|Veluza, L85, M|292/292\n|move|p2a: Beartic|Close Combat|p1a: Veluza\n|-resisted|p1a: Veluza\n|-damage|p1a: Veluza|188/292\n|-unboost|p2a: Beartic|def|1\n|-unboost|p2a: Beartic|spd|1\n|\n|upkeep\n|turn|39\n|\n|t:|1782756307\n|switch|p2a: Grumpig|Grumpig, L92, M|297/297\n|move|p1a: Veluza|Psycho Cut|p2a: Grumpig\n|-resisted|p2a: Grumpig\n|-damage|p2a: Grumpig|227/297\n|\n|-heal|p2a: Grumpig|245/297|[from] item: Leftovers\n|upkeep\n|turn|40\n|\n|t:|1782756314\n|move|p2a: Grumpig|Shadow Ball|p1a: Veluza\n|-supereffective|p1a: Veluza\n|-damage|p1a: Veluza|40/292\n|-unboost|p1a: Veluza|spd|1\n|-enditem|p1a: Veluza|Sitrus Berry|[eat]\n|-heal|p1a: Veluza|113/292|[from] item: Sitrus Berry\n|move|p1a: Veluza|Night Slash|p2a: Grumpig\n|-supereffective|p2a: Grumpig\n|-damage|p2a: Grumpig|63/297\n|\n|-heal|p2a: Grumpig|81/297|[from] item: Leftovers\n|upkeep\n|turn|41\n|\n|t:|1782756319\n|switch|p1a: Mandibuzz|Mandibuzz, L85, F|326/326\n|move|p2a: Grumpig|Shadow Ball|p1a: Mandibuzz\n|-resisted|p1a: Mandibuzz\n|-damage|p1a: Mandibuzz|294/326\n|\n|-heal|p2a: Grumpig|99/297|[from] item: Leftovers\n|upkeep\n|turn|42\n|\n|t:|1782756329\n|move|p2a: Grumpig|Dazzling Gleam|p1a: Mandibuzz\n|-supereffective|p1a: Mandibuzz\n|-damage|p1a: Mandibuzz|176/326\n|move|p1a: Mandibuzz|Knock Off|p2a: Grumpig\n|-supereffective|p2a: Grumpig\n|-damage|p2a: Grumpig|0 fnt\n|-enditem|p2a: Grumpig|Leftovers|[from] move: Knock Off|[of] p1a: Mandibuzz\n|faint|p2a: Grumpig\n|\n|upkeep\n|\n|t:|1782756342\n|switch|p2a: Pikachu|Pikachu-Kalos, L93, F|216/216\n|turn|43\n|\n|t:|1782756345\n|-terastallize|p1a: Mandibuzz|Steel\n|move|p2a: Pikachu|Fake Out|p1a: Mandibuzz\n|-resisted|p1a: Mandibuzz\n|-damage|p1a: Mandibuzz|158/326\n|cant|p1a: Mandibuzz|flinch\n|\n|upkeep\n|turn|44\n|\n|t:|1782756348\n|move|p2a: Pikachu|Volt Tackle|p1a: Mandibuzz\n|-damage|p1a: Mandibuzz|0 fnt\n|faint|p1a: Mandibuzz\n|-damage|p2a: Pikachu|164/216|[from] Recoil\n|\n|upkeep\n|\n|t:|1782756349\n|switch|p1a: Glalie|Glalie, L96, F|309/309\n|turn|45\n|\n|t:|1782756359\n|switch|p2a: Beartic|Beartic, L91, M|321/321\n|move|p1a: Glalie|Earthquake|p2a: Beartic\n|-damage|p2a: Beartic|242/321\n|\n|upkeep\n|turn|46\n|\n|t:|1782756367\n|move|p1a: Glalie|Spikes|p2a: Beartic\n|-sidestart|p2: ApexPrdatorAce|Spikes\n|move|p2a: Beartic|Close Combat|p1a: Glalie\n|-supereffective|p1a: Glalie\n|-damage|p1a: Glalie|0 fnt\n|-unboost|p2a: Beartic|def|1\n|-unboost|p2a: Beartic|spd|1\n|faint|p1a: Glalie\n|\n|upkeep\n|\n|t:|1782756368\n|switch|p1a: Veluza|Veluza, L85, M|113/292\n|turn|47\n|\n|t:|1782756380\n|move|p1a: Veluza|Psycho Cut|p2a: Beartic\n|-damage|p2a: Beartic|50/321\n|move|p2a: Beartic|Close Combat|p1a: Veluza\n|-resisted|p1a: Veluza\n|-damage|p1a: Veluza|4/292\n|-unboost|p2a: Beartic|def|1\n|-unboost|p2a: Beartic|spd|1\n|\n|upkeep\n|turn|48\n|\n|t:|1782756388\n|move|p1a: Veluza|Psycho Cut|p2a: Beartic\n|-damage|p2a: Beartic|0 fnt\n|faint|p2a: Beartic\n|\n|upkeep\n|\n|t:|1782756399\n|switch|p2a: Pikachu|Pikachu-Kalos, L93, F|164/216\n|-damage|p2a: Pikachu|137/216|[from] Spikes\n|turn|49\n|\n|t:|1782756401\n|switch|p1a: Hariyama|Hariyama, L87, F|367/392\n|move|p2a: Pikachu|Fake Out|p1a: Hariyama\n|-damage|p1a: Hariyama|312/392\n|\n|upkeep\n|turn|50\n|\n|t:|1782756415\n|switch|p2a: Clawitzer|Clawitzer, L87, M|265/265\n|-damage|p2a: Clawitzer|232/265|[from] Spikes\n|switch|p1a: Veluza|Veluza, L85, M|4/292\n|\n|upkeep\n|turn|51\n|\n|t:|1782756421\n|switch|p1a: Hariyama|Hariyama, L87, F|312/392\n|move|p2a: Clawitzer|U-turn|p1a: Hariyama\n|-resisted|p1a: Hariyama\n|-damage|p1a: Hariyama|287/392\n|\n|t:|1782756425\n|switch|p2a: Gardevoir|Gardevoir, L83, M|249/249|[from] U-turn\n|-damage|p2a: Gardevoir|218/249|[from] Spikes\n|-ability|p2a: Gardevoir|Thick Fat|Trace|[from] ability: Trace|[of] p1a: Hariyama\n|\n|upkeep\n|turn|52\n|\n|t:|1782756442\n|-terastallize|p2a: Gardevoir|Fire\n|move|p2a: Gardevoir|Psyshock|p1a: Hariyama\n|-supereffective|p1a: Hariyama\n|-damage|p1a: Hariyama|11/392\n|move|p1a: Hariyama|Close Combat|p2a: Gardevoir\n|-damage|p2a: Gardevoir|14/249\n|-unboost|p1a: Hariyama|def|1\n|-unboost|p1a: Hariyama|spd|1\n|\n|upkeep\n|turn|53\n|\n|t:|1782756445\n|switch|p1a: Veluza|Veluza, L85, M|4/292\n|move|p2a: Gardevoir|Psyshock|p1a: Veluza\n|-resisted|p1a: Veluza\n|-damage|p1a: Veluza|0 fnt\n|faint|p1a: Veluza\n|\n|upkeep\n|\n|t:|1782756446\n|switch|p1a: Hariyama|Hariyama, L87, F|11/392\n|turn|54\n|\n|t:|1782756448\n|move|p2a: Gardevoir|Psyshock|p1a: Hariyama\n|-supereffective|p1a: Hariyama\n|-damage|p1a: Hariyama|0 fnt\n|faint|p1a: Hariyama\n|\n|win|ApexPrdatorAce\n|raw|notmetbh102's rating: 2290 &rarr; <strong>2261</strong><br />(-29 for losing)\n|raw|ApexPrdatorAce's rating: 2124 &rarr; <strong>2153</strong><br />(+29 for winning)\n|c|\u2606notmetbh102|gg\n", "inputlog": ">version f8ac14003a5f27e1bdc8d8c59608a773c1cb96e5\n>start {\"formatid\":\"gen9randombattle\",\"seed\":\"sodium,1fc1ae6921e77221e357dc26f92966ef\",\"rated\":\"Rated battle\"}\n>player p1 {\"name\":\"notmetbh102\",\"avatar\":\"2\",\"rating\":2290,\"seed\":\"sodium,c828658c7b509828933334f57a168316\"}\n>player p2 {\"name\":\"ApexPrdatorAce\",\"avatar\":\"flannery\",\"rating\":2124,\"seed\":\"sodium,29ace73bc3ce2ec7c41efbe270214fe6\"}\n>chat \u2606notmetbh102|hf\n>p1 move knockoff\n>p2 move uturn\n>p2 switch 5\n>p1 switch 3\n>p2 move irondefense\n>p1 move bulkup\n>p2 move irondefense\n>p1 move bulkup\n>p2 move irondefense\n>p1 move bulkup\n>p2 move bodypress\n>p1 move bulkup\n>p2 move bodypress\n>p1 move milkdrink\n>p2 move bodypress\n>p1 move bulkup\n>p2 move bodypress\n>p1 move milkdrink\n>p2 move bodypress\n>p1 move milkdrink\n>p2 move bodypress\n>p1 move bulkup\n>p2 move bodypress\n>p1 move milkdrink\n>p2 move bodypress\n>p1 move milkdrink\n>p2 move bodypress\n>p1 move milkdrink\n>p2 move bodypress\n>p1 move hornleech\n>p2 move bravebird\n>p1 move milkdrink\n>p2 move bodypress\n>p1 move hornleech\n>p2 move bodypress\n>p1 move hornleech\n>p2 move roost\n>p1 move hornleech\n>p2 move bodypress\n>p1 move milkdrink\n>p2 move bravebird\n>p1 move hornleech\n>p2 move bravebird\n>p1 move hornleech\n>p2 move bravebird\n>p1 move hornleech\n>p2 move roost\n>p1 move hornleech\n>p2 move bravebird\n>p1 move hornleech\n>p2 move bravebird\n>p1 move hornleech\n>p2 move roost\n>p1 move hornleech\n>p2 move bravebird\n>p1 move hornleech\n>p2 move bravebird\n>p1 move hornleech\n>p2 move bravebird\n>p1 move hornleech\n>p2 move roost\n>p1 move hornleech\n>p2 move bravebird\n>p1 move hornleech\n>p2 move bravebird\n>p1 move earthquake\n>p2 move bodypress\n>p1 move earthquake\n>p2 move roost\n>p1 move earthquake\n>p2 move bodypress\n>p1 switch 4\n>p1 move darkpulse\n>p2 move bodypress\n>p1 switch 6\n>p1 move freezedry\n>p2 move bravebird\n>p2 switch 6\n>p1 switch 2\n>p2 move closecombat\n>p1 move psychocut\n>p2 switch 4\n>p1 move nightslash\n>p2 move shadowball\n>p1 switch 5\n>p2 move shadowball\n>p1 move knockoff\n>p2 move dazzlinggleam\n>p2 switch 3\n>p1 move knockoff terastallize\n>p2 move fakeout\n>p1 move knockoff\n>p2 move volttackle\n>p1 switch 2\n>p1 move earthquake\n>p2 switch 4\n>p1 move spikes\n>p2 move closecombat\n>p1 switch 5\n>p1 move psychocut\n>p2 move closecombat\n>p1 move psychocut\n>p2 move closecombat\n>p2 switch 4\n>p1 switch 3\n>p2 move fakeout\n>p1 switch 3\n>p2 switch 5\n>p1 switch 3\n>p2 move uturn\n>p2 switch 2\n>p1 move closecombat\n>p2 move psyshock terastallize\n>p1 switch 3\n>p2 move psyshock\n>p1 switch 3\n>p1 move closecombat\n>p2 move psyshock", "uploadtime": 1782756448, "views": 8, "formatid": "gen9randombattle", "rating": 2153, "private": 0, "password": null, "player_dets": [{"name": "notmetbh102", "avatar": "2", "rating": 2290, "seed": "sodium,c828658c7b509828933334f57a168316"}, {"name": "ApexPrdatorAce", "avatar": "flannery", "rating": 2124, "seed": "sodium,29ace73bc3ce2ec7c41efbe270214fe6"}], "teams_full": [{"Hariyama": {"name": "Hariyama", "species": "Hariyama", "speciesId": "hariyama", "gender": "F", "shiny": false, "level": 87, "moves": ["closecombat", "knockoff", "stoneedge", "heavyslam"], "ability": "Thick Fat", "evs": {"hp": 85, "atk": 85, "def": 85, "spa": 85, "spd": 85, "spe": 85}, "ivs": {"hp": 31, "atk": 31, "def": 31, "spa": 31, "spd": 31, "spe": 31}, "item": "Assault Vest", "teraType": "Steel", "role": "AV Pivot", "bvs": {"hp": 144, "atk": 120, "def": 60, "spa": 40, "spd": 60, "spe": 50}, "stats": {"hp": 392, "atk": 259, "def": 154, "spa": 119, "spd": 154, "spe": 137}, "types": ["Fighting"]}, "Veluza": {"name": "Veluza", "species": "Veluza", "speciesId": "veluza", "gender": "M", "shiny": false, "level": 85, "moves": ["nightslash", "filletaway", "psychocut", "aquacutter"], "ability": "Sharpness", "evs": {"hp": 85, "atk": 85, "def": 85, "spa": 85, "spd": 85, "spe": 85}, "ivs": {"hp": 31, "atk": 31, "def": 31, "spa": 31, "spd": 31, "spe": 31}, "item": "Sitrus Berry", "teraType": "Water", "role": "Setup Sweeper", "bvs": {"hp": 90, "atk": 102, "def": 73, "spa": 78, "spd": 65, "spe": 70}, "stats": {"hp": 292, "atk": 222, "def": 173, "spa": 181, "spd": 159, "spe": 168}, "types": ["Water", "Psychic"]}, "Gogoat": {"name": "Gogoat", "species": "Gogoat", "speciesId": "gogoat", "gender": "F", "shiny": false, "level": 88, "moves": ["milkdrink", "earthquake", "hornleech", "bulkup"], "ability": "Sap Sipper", "evs": {"hp": 85, "atk": 85, "def": 85, "spa": 85, "spd": 85, "spe": 85}, "ivs": {"hp": 31, "atk": 31, "def": 31, "spa": 31, "spd": 31, "spe": 31}, "item": "Leftovers", "teraType": "Water", "role": "Bulky Setup", "bvs": {"hp": 123, "atk": 100, "def": 62, "spa": 97, "spd": 81, "spe": 68}, "stats": {"hp": 360, "atk": 226, "def": 159, "spa": 221, "spd": 193, "spe": 170}, "types": ["Grass"]}, "Hydreigon": {"name": "Hydreigon", "species": "Hydreigon", "speciesId": "hydreigon", "gender": "F", "shiny": false, "level": 79, "moves": ["dracometeor", "flashcannon", "darkpulse", "nastyplot"], "ability": "Levitate", "evs": {"hp": 85, "atk": 0, "def": 85, "spa": 85, "spd": 85, "spe": 85}, "ivs": {"hp": 31, "atk": 0, "def": 31, "spa": 31, "spd": 31, "spe": 31}, "item": "Life Orb", "teraType": "Steel", "role": "Fast Attacker", "bvs": {"hp": 92, "atk": 105, "def": 90, "spa": 125, "spd": 90, "spe": 98}, "stats": {"hp": 275, "atk": 170, "def": 188, "spa": 243, "spd": 188, "spe": 200}, "types": ["Dark", "Dragon"]}, "Mandibuzz": {"name": "Mandibuzz", "species": "Mandibuzz", "speciesId": "mandibuzz", "gender": "F", "shiny": false, "level": 85, "moves": ["toxic", "knockoff", "roost", "bravebird"], "ability": "Overcoat", "evs": {"hp": 85, "atk": 85, "def": 85, "spa": 85, "spd": 85, "spe": 85}, "ivs": {"hp": 31, "atk": 31, "def": 31, "spa": 31, "spd": 31, "spe": 31}, "item": "Heavy-Duty Boots", "teraType": "Steel", "role": "Bulky Attacker", "bvs": {"hp": 110, "atk": 65, "def": 105, "spa": 55, "spd": 95, "spe": 80}, "stats": {"hp": 326, "atk": 159, "def": 227, "spa": 142, "spd": 210, "spe": 185}, "types": ["Dark", "Flying"]}, "Glalie": {"name": "Glalie", "species": "Glalie", "speciesId": "glalie", "gender": "F", "shiny": false, "level": 96, "moves": ["freezedry", "taunt", "spikes", "earthquake"], "ability": "Inner Focus", "evs": {"hp": 85, "atk": 85, "def": 85, "spa": 85, "spd": 85, "spe": 85}, "ivs": {"hp": 31, "atk": 31, "def": 31, "spa": 31, "spd": 31, "spe": 31}, "item": "Heavy-Duty Boots", "teraType": "Water", "role": "Fast Support", "bvs": {"hp": 80, "atk": 80, "def": 80, "spa": 80, "spd": 80, "spe": 80}, "stats": {"hp": 309, "atk": 208, "def": 208, "spa": 208, "spd": 208, "spe": 208}, "types": ["Ice"]}}, {"Clawitzer": {"name": "Clawitzer", "species": "Clawitzer", "speciesId": "clawitzer", "gender": "M", "shiny": false, "level": 87, "moves": ["uturn", "darkpulse", "dragonpulse", "waterpulse"], "ability": "Mega Launcher", "evs": {"hp": 85, "atk": 85, "def": 85, "spa": 85, "spd": 85, "spe": 85}, "ivs": {"hp": 31, "atk": 31, "def": 31, "spa": 31, "spd": 31, "spe": 31}, "item": "Assault Vest", "teraType": "Dragon", "role": "AV Pivot", "bvs": {"hp": 71, "atk": 73, "def": 88, "spa": 120, "spd": 89, "spe": 59}, "stats": {"hp": 265, "atk": 177, "def": 203, "spa": 259, "spd": 205, "spe": 152}, "types": ["Water"]}, "Gardevoir": {"name": "Gardevoir", "species": "Gardevoir", "speciesId": "gardevoir", "gender": "M", "shiny": false, "level": 83, "moves": ["mysticalfire", "moonblast", "trick", "psyshock"], "ability": "Trace", "evs": {"hp": 85, "atk": 0, "def": 85, "spa": 85, "spd": 85, "spe": 85}, "ivs": {"hp": 31, "atk": 0, "def": 31, "spa": 31, "spd": 31, "spe": 31}, "item": "Choice Scarf", "teraType": "Fire", "role": "Fast Attacker", "bvs": {"hp": 68, "atk": 65, "def": 65, "spa": 125, "spd": 115, "spe": 80}, "stats": {"hp": 249, "atk": 112, "def": 156, "spa": 255, "spd": 239, "spe": 180}, "types": ["Psychic", "Fairy"]}, "Pikachu": {"name": "Pikachu", "species": "Pikachu-Kalos", "speciesId": "pikachu", "gender": "F", "shiny": false, "level": 93, "moves": ["surf", "volttackle", "fakeout", "knockoff"], "ability": "Lightning Rod", "evs": {"hp": 85, "atk": 85, "def": 85, "spa": 85, "spd": 85, "spe": 85}, "ivs": {"hp": 31, "atk": 31, "def": 31, "spa": 31, "spd": 31, "spe": 31}, "item": "Light Ball", "teraType": "Water", "role": "Fast Attacker", "bvs": {"hp": 35, "atk": 55, "def": 40, "spa": 50, "spd": 50, "spe": 90}, "stats": {"hp": 216, "atk": 155, "def": 127, "spa": 146, "spd": 146, "spe": 220}, "types": ["Electric"]}, "Grumpig": {"name": "Grumpig", "species": "Grumpig", "speciesId": "grumpig", "gender": "M", "shiny": false, "level": 92, "moves": ["psychic", "dazzlinggleam", "nastyplot", "shadowball"], "ability": "Thick Fat", "evs": {"hp": 85, "atk": 0, "def": 85, "spa": 85, "spd": 85, "spe": 85}, "ivs": {"hp": 31, "atk": 0, "def": 31, "spa": 31, "spd": 31, "spe": 31}, "item": "Leftovers", "teraType": "Fairy", "role": "Bulky Setup", "bvs": {"hp": 80, "atk": 45, "def": 65, "spa": 90, "spd": 110, "spe": 80}, "stats": {"hp": 297, "atk": 87, "def": 172, "spa": 218, "spd": 255, "spe": 200}, "types": ["Psychic"]}, "Skarmory": {"name": "Skarmory", "species": "Skarmory", "speciesId": "skarmory", "gender": "M", "shiny": false, "level": 80, "moves": ["roost", "irondefense", "bravebird", "bodypress"], "ability": "Sturdy", "evs": {"hp": 85, "atk": 85, "def": 85, "spa": 85, "spd": 85, "spe": 85}, "ivs": {"hp": 31, "atk": 31, "def": 31, "spa": 31, "spd": 31, "spe": 31}, "item": "Leftovers", "teraType": "Fighting", "role": "Bulky Setup", "bvs": {"hp": 65, "atk": 80, "def": 140, "spa": 40, "spd": 70, "spe": 70}, "stats": {"hp": 235, "atk": 174, "def": 270, "spa": 110, "spd": 158, "spe": 158}, "types": ["Steel", "Flying"]}, "Beartic": {"name": "Beartic", "species": "Beartic", "speciesId": "beartic", "gender": "M", "shiny": false, "level": 91, "moves": ["closecombat", "aquajet", "iciclecrash", "earthquake"], "ability": "Swift Swim", "evs": {"hp": 85, "atk": 85, "def": 85, "spa": 85, "spd": 85, "spe": 85}, "ivs": {"hp": 31, "atk": 31, "def": 31, "spa": 31, "spd": 31, "spe": 31}, "item": "Choice Band", "teraType": "Fighting", "role": "Wallbreaker", "bvs": {"hp": 95, "atk": 130, "def": 80, "spa": 70, "spd": 80, "spe": 50}, "stats": {"hp": 321, "atk": 288, "def": 197, "spa": 179, "spd": 197, "spe": 143}, "types": ["Ice"]}}]}