{"id": "gen9randombattle-2641461722", "format": "[Gen 9] Random Battle", "players": ["huh blue", "aofoxygen"], "log": "|j|\u2606huh blue\n|j|\u203daofoxygen\n|t:|1782788421\n|gametype|singles\n|player|p1|huh blue|steven|1991\n|player|p2|aofoxygen|265|1983\n|gen|9\n|tier|[Gen 9] Random Battle\n|rated|\n|rule|Species Clause: Limit one of each Pok\u00e9mon\n|rule|HP Percentage Mod: HP is shown in percentages\n|rule|Sleep Clause Mod: Limit one foe put to sleep\n|rule|Illusion Level Mod: Illusion disguises the Pok\u00e9mon's true level\n|\n|t:|1782788421\n|teamsize|p1|6\n|teamsize|p2|6\n|start\n|switch|p1a: Suicune|Suicune, L82|298/298\n|switch|p2a: Mismagius|Mismagius, L86, F|243/243\n|-ability|p1a: Suicune|Pressure\n|turn|1\n|inactive|Battle timer is ON: inactive players will automatically lose when time's up. (requested by huh blue)\n|\n|t:|1782788440\n|move|p2a: Mismagius|Substitute|p2a: Mismagius\n|-start|p2a: Mismagius|Substitute\n|-damage|p2a: Mismagius|183/243\n|move|p1a: Suicune|Scald|p2a: Mismagius\n|-end|p2a: Mismagius|Substitute\n|\n|-heal|p2a: Mismagius|198/243|[from] item: Leftovers\n|upkeep\n|turn|2\n|\n|t:|1782788445\n|move|p2a: Mismagius|Nasty Plot|p2a: Mismagius\n|-boost|p2a: Mismagius|spa|2\n|move|p1a: Suicune|Scald|p2a: Mismagius\n|-damage|p2a: Mismagius|129/243\n|-status|p2a: Mismagius|brn\n|\n|-heal|p2a: Mismagius|144/243 brn|[from] item: Leftovers\n|-damage|p2a: Mismagius|129/243 brn|[from] brn\n|upkeep\n|turn|3\n|\n|t:|1782788448\n|move|p2a: Mismagius|Nasty Plot|p2a: Mismagius\n|-boost|p2a: Mismagius|spa|2\n|move|p1a: Suicune|Calm Mind|p1a: Suicune\n|-boost|p1a: Suicune|spa|1\n|-boost|p1a: Suicune|spd|1\n|\n|-heal|p2a: Mismagius|144/243 brn|[from] item: Leftovers\n|-damage|p2a: Mismagius|129/243 brn|[from] brn\n|upkeep\n|turn|4\n|\n|t:|1782788451\n|move|p2a: Mismagius|Shadow Ball|p1a: Suicune\n|-damage|p1a: Suicune|127/298\n|-unboost|p1a: Suicune|spd|1\n|move|p1a: Suicune|Calm Mind|p1a: Suicune\n|-boost|p1a: Suicune|spa|1\n|-boost|p1a: Suicune|spd|1\n|\n|-heal|p2a: Mismagius|144/243 brn|[from] item: Leftovers\n|-heal|p1a: Suicune|145/298|[from] item: Leftovers\n|-damage|p2a: Mismagius|129/243 brn|[from] brn\n|upkeep\n|turn|5\n|\n|t:|1782788456\n|move|p2a: Mismagius|Shadow Ball|p1a: Suicune\n|-damage|p1a: Suicune|0 fnt\n|faint|p1a: Suicune\n|\n|-heal|p2a: Mismagius|144/243 brn|[from] item: Leftovers\n|-damage|p2a: Mismagius|129/243 brn|[from] brn\n|upkeep\n|\n|t:|1782788459\n|switch|p1a: Barraskewda|Barraskewda, L81, M|231/231\n|turn|6\n|\n|t:|1782788465\n|move|p1a: Barraskewda|Waterfall|p2a: Mismagius\n|-damage|p2a: Mismagius|0 fnt\n|faint|p2a: Mismagius\n|\n|upkeep\n|\n|t:|1782788468\n|switch|p2a: Tinkaton|Tinkaton, L82, F|274/274\n|-ability|p2a: Tinkaton|Mold Breaker\n|turn|7\n|\n|t:|1782788476\n|switch|p1a: Zamazenta|Zamazenta-Crowned, L68|238/238\n|-ability|p1a: Zamazenta|Dauntless Shield|boost\n|-boost|p1a: Zamazenta|def|1\n|move|p2a: Tinkaton|Thunder Wave|p1a: Zamazenta\n|-status|p1a: Zamazenta|par\n|\n|upkeep\n|turn|8\n|\n|t:|1782788481\n|move|p2a: Tinkaton|Stealth Rock|p1a: Zamazenta\n|-sidestart|p1: huh blue|move: Stealth Rock\n|move|p1a: Zamazenta|Iron Defense|p1a: Zamazenta\n|-boost|p1a: Zamazenta|def|2\n|\n|upkeep\n|turn|9\n|\n|t:|1782788491\n|switch|p2a: Raikou|Raikou, L81|278/278\n|-ability|p2a: Raikou|Pressure\n|cant|p1a: Zamazenta|par\n|\n|upkeep\n|turn|10\n|\n|t:|1782788496\n|move|p2a: Raikou|Calm Mind|p2a: Raikou\n|-boost|p2a: Raikou|spa|1\n|-boost|p2a: Raikou|spd|1\n|move|p1a: Zamazenta|Body Press|p2a: Raikou\n|-damage|p2a: Raikou|53/278\n|\n|-heal|p2a: Raikou|70/278|[from] item: Leftovers\n|upkeep\n|turn|11\n|\n|t:|1782788502\n|move|p2a: Raikou|Thunderbolt|p1a: Zamazenta\n|-damage|p1a: Zamazenta|103/238 par\n|cant|p1a: Zamazenta|par\n|\n|-heal|p2a: Raikou|87/278|[from] item: Leftovers\n|upkeep\n|turn|12\n|\n|t:|1782788519\n|move|p2a: Raikou|Thunderbolt|p1a: Zamazenta\n|-damage|p1a: Zamazenta|0 fnt\n|faint|p1a: Zamazenta\n|\n|-heal|p2a: Raikou|104/278|[from] item: Leftovers\n|upkeep\n|\n|t:|1782788521\n|switch|p1a: Barraskewda|Barraskewda, L81, M|231/231\n|-damage|p1a: Barraskewda|203/231|[from] Stealth Rock\n|turn|13\n|\n|t:|1782788527\n|-terastallize|p2a: Raikou|Grass\n|move|p1a: Barraskewda|Waterfall|p2a: Raikou\n|-resisted|p2a: Raikou\n|-damage|p2a: Raikou|17/278\n|move|p2a: Raikou|Thunderbolt|p1a: Barraskewda\n|-supereffective|p1a: Barraskewda\n|-damage|p1a: Barraskewda|0 fnt\n|faint|p1a: Barraskewda\n|\n|-heal|p2a: Raikou|34/278|[from] item: Leftovers\n|upkeep\n|\n|t:|1782788537\n|switch|p1a: Chimecho|Chimecho, L93, M|290/290\n|-damage|p1a: Chimecho|254/290|[from] Stealth Rock\n|turn|14\n|\n|t:|1782788542\n|move|p2a: Raikou|Thunderbolt|p1a: Chimecho\n|-damage|p1a: Chimecho|110/290\n|move|p1a: Chimecho|Psyshock|p2a: Raikou\n|-damage|p2a: Raikou|0 fnt\n|faint|p2a: Raikou\n|\n|-heal|p1a: Chimecho|128/290|[from] item: Leftovers\n|upkeep\n|\n|t:|1782788547\n|switch|p2a: Pawmot|Pawmot, L80, M|243/243\n|turn|15\n|\n|t:|1782788555\n|-terastallize|p1a: Chimecho|Electric\n|move|p2a: Pawmot|Revival Blessing|p2a: Pawmot\n|\n|t:|1782788563\n|-heal|p2: Raikou|139/278|[from] move: Revival Blessing\n|move|p1a: Chimecho|Calm Mind|p1a: Chimecho\n|-boost|p1a: Chimecho|spa|1\n|-boost|p1a: Chimecho|spd|1\n|\n|-heal|p1a: Chimecho|146/290|[from] item: Leftovers\n|upkeep\n|turn|16\n|\n|t:|1782788567\n|switch|p1a: Lunala|Lunala, L70|308/308\n|-damage|p1a: Lunala|270/308|[from] Stealth Rock\n|move|p2a: Pawmot|Close Combat|p1a: Lunala\n|-immune|p1a: Lunala\n|\n|-heal|p1a: Lunala|289/308|[from] item: Leftovers\n|upkeep\n|turn|17\n|\n|t:|1782788571\n|move|p2a: Pawmot|Double Shock|p1a: Lunala\n|-damage|p1a: Lunala|101/308\n|-start|p2a: Pawmot|typechange|???/Fighting|[from] move: Double Shock\n|-damage|p2a: Pawmot|219/243|[from] item: Life Orb\n|move|p1a: Lunala|Calm Mind|p1a: Lunala\n|-boost|p1a: Lunala|spa|1\n|-boost|p1a: Lunala|spd|1\n|\n|-heal|p1a: Lunala|120/308|[from] item: Leftovers\n|upkeep\n|turn|18\n|\n|t:|1782788578\n|switch|p2a: Haxorus|Haxorus, L77, M|244/244\n|-ability|p2a: Haxorus|Mold Breaker\n|move|p1a: Lunala|Moonlight|p1a: Lunala\n|-heal|p1a: Lunala|274/308\n|\n|-heal|p1a: Lunala|293/308|[from] item: Leftovers\n|upkeep\n|turn|19\n|\n|t:|1782788588\n|move|p2a: Haxorus|Dragon Dance|p2a: Haxorus\n|-boost|p2a: Haxorus|atk|1\n|-boost|p2a: Haxorus|spe|1\n|move|p1a: Lunala|Moonblast|p2a: Haxorus\n|-supereffective|p2a: Haxorus\n|-damage|p2a: Haxorus|0 fnt\n|faint|p2a: Haxorus\n|\n|-heal|p1a: Lunala|308/308|[from] item: Leftovers\n|upkeep\n|\n|t:|1782788593\n|switch|p2a: Hydrapple|Hydrapple, L83, M|312/312\n|turn|20\n|\n|t:|1782788597\n|move|p1a: Lunala|Moonblast|p2a: Hydrapple\n|-supereffective|p2a: Hydrapple\n|-damage|p2a: Hydrapple|168/312\n|-unboost|p2a: Hydrapple|spa|1\n|move|p2a: Hydrapple|Dragon Tail|p1a: Lunala\n|-damage|p1a: Lunala|276/308\n|drag|p1a: Chimecho|Chimecho, L93, M, tera:Electric|146/290\n|-damage|p1a: Chimecho|110/290|[from] Stealth Rock\n|\n|-heal|p1a: Chimecho|128/290|[from] item: Leftovers\n|upkeep\n|turn|21\n|\n|t:|1782788608\n|move|p1a: Chimecho|Recover|p1a: Chimecho\n|-heal|p1a: Chimecho|273/290\n|move|p2a: Hydrapple|Dragon Tail|p1a: Chimecho\n|-damage|p1a: Chimecho|224/290\n|drag|p1a: Lunala|Lunala, L70|276/308\n|-damage|p1a: Lunala|238/308|[from] Stealth Rock\n|\n|-heal|p1a: Lunala|257/308|[from] item: Leftovers\n|upkeep\n|turn|22\n|\n|t:|1782788622\n|switch|p2a: Tinkaton|Tinkaton, L82, F|274/274\n|-ability|p2a: Tinkaton|Mold Breaker\n|move|p1a: Lunala|Moonblast|p2a: Tinkaton\n|-resisted|p2a: Tinkaton\n|-damage|p2a: Tinkaton|247/274\n|\n|-heal|p2a: Tinkaton|264/274|[from] item: Leftovers\n|-heal|p1a: Lunala|276/308|[from] item: Leftovers\n|upkeep\n|turn|23\n|\n|t:|1782788625\n|switch|p1a: Chimecho|Chimecho, L93, M, tera:Electric|224/290\n|-damage|p1a: Chimecho|188/290|[from] Stealth Rock\n|move|p2a: Tinkaton|Thunder Wave|p1a: Chimecho\n|-immune|p1a: Chimecho\n|\n|-heal|p2a: Tinkaton|274/274|[from] item: Leftovers\n|-heal|p1a: Chimecho|206/290|[from] item: Leftovers\n|upkeep\n|turn|24\n|\n|t:|1782788628\n|move|p2a: Tinkaton|Play Rough|p1a: Chimecho\n|-damage|p1a: Chimecho|139/290\n|move|p1a: Chimecho|Calm Mind|p1a: Chimecho\n|-boost|p1a: Chimecho|spa|1\n|-boost|p1a: Chimecho|spd|1\n|\n|-heal|p1a: Chimecho|157/290|[from] item: Leftovers\n|upkeep\n|turn|25\n|\n|t:|1782788634\n|switch|p2a: Pawmot|Pawmot, L80, M|219/243\n|move|p1a: Chimecho|Recover|p1a: Chimecho\n|-heal|p1a: Chimecho|290/290\n|\n|upkeep\n|turn|26\n|\n|t:|1782788653\n|move|p2a: Pawmot|Close Combat|p1a: Chimecho\n|-damage|p1a: Chimecho|130/290\n|-unboost|p2a: Pawmot|def|1\n|-unboost|p2a: Pawmot|spd|1\n|-damage|p2a: Pawmot|195/243|[from] item: Life Orb\n|move|p1a: Chimecho|Psyshock|p2a: Pawmot\n|-supereffective|p2a: Pawmot\n|-damage|p2a: Pawmot|0 fnt\n|faint|p2a: Pawmot\n|\n|-heal|p1a: Chimecho|148/290|[from] item: Leftovers\n|upkeep\n|\n|t:|1782788660\n|switch|p2a: Hydrapple|Hydrapple, L83, M|272/312\n|turn|27\n|\n|t:|1782788668\n|move|p1a: Chimecho|Recover|p1a: Chimecho\n|-heal|p1a: Chimecho|290/290\n|move|p2a: Hydrapple|Dragon Tail|p1a: Chimecho\n|-damage|p1a: Chimecho|241/290\n|drag|p1a: Zacian|Zacian-Crowned, L64|225/225\n|-damage|p1a: Zacian|211/225|[from] Stealth Rock\n|-ability|p1a: Zacian|Intrepid Sword|boost\n|-boost|p1a: Zacian|atk|1\n|\n|upkeep\n|turn|28\n|\n|t:|1782788676\n|switch|p2a: Tinkaton|Tinkaton, L82, F|274/274\n|-ability|p2a: Tinkaton|Mold Breaker\n|move|p1a: Zacian|Swords Dance|p1a: Zacian\n|-boost|p1a: Zacian|atk|2\n|\n|upkeep\n|turn|29\n|\n|t:|1782788682\n|move|p1a: Zacian|Behemoth Blade|p2a: Tinkaton\n|-damage|p2a: Tinkaton|31/274\n|move|p2a: Tinkaton|Thunder Wave|p1a: Zacian\n|-status|p1a: Zacian|par\n|\n|-heal|p2a: Tinkaton|48/274|[from] item: Leftovers\n|upkeep\n|turn|30\n|\n|t:|1782788687\n|move|p2a: Tinkaton|Gigaton Hammer|p1a: Zacian\n|-damage|p1a: Zacian|79/225 par\n|move|p1a: Zacian|Behemoth Blade|p2a: Tinkaton\n|-damage|p2a: Tinkaton|0 fnt\n|faint|p2a: Tinkaton\n|\n|upkeep\n|\n|t:|1782788693\n|switch|p2a: Raikou|Raikou, L81|139/278\n|-ability|p2a: Raikou|Pressure\n|turn|31\n|\n|t:|1782788697\n|move|p2a: Raikou|Thunderbolt|p1a: Zacian\n|-damage|p1a: Zacian|0 fnt\n|faint|p1a: Zacian\n|\n|-heal|p2a: Raikou|156/278|[from] item: Leftovers\n|upkeep\n|\n|t:|1782788700\n|switch|p1a: Chimecho|Chimecho, L93, M, tera:Electric|241/290\n|-damage|p1a: Chimecho|205/290|[from] Stealth Rock\n|turn|32\n|\n|t:|1782788705\n|switch|p2a: Hydrapple|Hydrapple, L83, M|312/312\n|move|p1a: Chimecho|Calm Mind|p1a: Chimecho\n|-boost|p1a: Chimecho|spa|1\n|-boost|p1a: Chimecho|spd|1\n|\n|-heal|p1a: Chimecho|223/290|[from] item: Leftovers\n|upkeep\n|turn|33\n|\n|t:|1782788708\n|move|p1a: Chimecho|Dazzling Gleam|p2a: Hydrapple\n|-supereffective|p2a: Hydrapple\n|-damage|p2a: Hydrapple|162/312\n|move|p2a: Hydrapple|Dragon Tail|p1a: Chimecho\n|-damage|p1a: Chimecho|169/290\n|drag|p1a: Lunala|Lunala, L70|276/308\n|-damage|p1a: Lunala|238/308|[from] Stealth Rock\n|\n|-heal|p1a: Lunala|257/308|[from] item: Leftovers\n|upkeep\n|turn|34\n|\n|t:|1782788716\n|move|p1a: Lunala|Moonblast|p2a: Hydrapple\n|-supereffective|p2a: Hydrapple\n|-damage|p2a: Hydrapple|60/312\n|move|p2a: Hydrapple|Dragon Tail|p1a: Lunala\n|-damage|p1a: Lunala|188/308\n|drag|p1a: Chimecho|Chimecho, L93, M, tera:Electric|169/290\n|-damage|p1a: Chimecho|133/290|[from] Stealth Rock\n|\n|-heal|p1a: Chimecho|151/290|[from] item: Leftovers\n|upkeep\n|turn|35\n|\n|t:|1782788725\n|move|p1a: Chimecho|Recover|p1a: Chimecho\n|-heal|p1a: Chimecho|290/290\n|move|p2a: Hydrapple|Dragon Tail|p1a: Chimecho\n|-damage|p1a: Chimecho|239/290\n|drag|p1a: Lunala|Lunala, L70|188/308\n|-damage|p1a: Lunala|150/308|[from] Stealth Rock\n|\n|-heal|p1a: Lunala|169/308|[from] item: Leftovers\n|upkeep\n|turn|36\n|\n|t:|1782788734\n|move|p1a: Lunala|Moonblast|p2a: Hydrapple\n|-supereffective|p2a: Hydrapple\n|-damage|p2a: Hydrapple|0 fnt\n|faint|p2a: Hydrapple\n|\n|-heal|p1a: Lunala|188/308|[from] item: Leftovers\n|upkeep\n|\n|t:|1782788737\n|switch|p2a: Raikou|Raikou, L81|156/278\n|-ability|p2a: Raikou|Pressure\n|turn|37\n|\n|t:|1782788740\n|switch|p1a: Chimecho|Chimecho, L93, M, tera:Electric|239/290\n|-damage|p1a: Chimecho|203/290|[from] Stealth Rock\n|move|p2a: Raikou|Calm Mind|p2a: Raikou\n|-boost|p2a: Raikou|spa|1\n|-boost|p2a: Raikou|spd|1\n|\n|-heal|p2a: Raikou|173/278|[from] item: Leftovers\n|-heal|p1a: Chimecho|221/290|[from] item: Leftovers\n|upkeep\n|turn|38\n|\n|t:|1782788744\n|move|p2a: Raikou|Scald|p1a: Chimecho\n|-damage|p1a: Chimecho|145/290\n|move|p1a: Chimecho|Calm Mind|p1a: Chimecho\n|-boost|p1a: Chimecho|spa|1\n|-boost|p1a: Chimecho|spd|1\n|\n|-heal|p2a: Raikou|190/278|[from] item: Leftovers\n|-heal|p1a: Chimecho|163/290|[from] item: Leftovers\n|upkeep\n|turn|39\n|\n|t:|1782788748\n|move|p2a: Raikou|Calm Mind|p2a: Raikou\n|-boost|p2a: Raikou|spa|1\n|-boost|p2a: Raikou|spd|1\n|move|p1a: Chimecho|Calm Mind|p1a: Chimecho\n|-boost|p1a: Chimecho|spa|1\n|-boost|p1a: Chimecho|spd|1\n|\n|-heal|p2a: Raikou|207/278|[from] item: Leftovers\n|-heal|p1a: Chimecho|181/290|[from] item: Leftovers\n|upkeep\n|turn|40\n|\n|t:|1782788752\n|move|p2a: Raikou|Scald|p1a: Chimecho\n|-damage|p1a: Chimecho|124/290\n|move|p1a: Chimecho|Calm Mind|p1a: Chimecho\n|-boost|p1a: Chimecho|spa|1\n|-boost|p1a: Chimecho|spd|1\n|\n|-heal|p2a: Raikou|224/278|[from] item: Leftovers\n|-heal|p1a: Chimecho|142/290|[from] item: Leftovers\n|upkeep\n|turn|41\n|\n|t:|1782788758\n|move|p2a: Raikou|Scald|p1a: Chimecho\n|-damage|p1a: Chimecho|98/290\n|-status|p1a: Chimecho|brn\n|move|p1a: Chimecho|Calm Mind|p1a: Chimecho\n|-boost|p1a: Chimecho|spa|1\n|-boost|p1a: Chimecho|spd|1\n|\n|-heal|p2a: Raikou|241/278|[from] item: Leftovers\n|-heal|p1a: Chimecho|116/290 brn|[from] item: Leftovers\n|-damage|p1a: Chimecho|98/290 brn|[from] brn\n|upkeep\n|turn|42\n|\n|t:|1782788763\n|move|p2a: Raikou|Substitute|p2a: Raikou\n|-start|p2a: Raikou|Substitute\n|-damage|p2a: Raikou|172/278\n|move|p1a: Chimecho|Recover|p1a: Chimecho\n|-heal|p1a: Chimecho|243/290 brn\n|\n|-heal|p2a: Raikou|189/278|[from] item: Leftovers\n|-heal|p1a: Chimecho|261/290 brn|[from] item: Leftovers\n|-damage|p1a: Chimecho|243/290 brn|[from] brn\n|upkeep\n|turn|43\n|\n|t:|1782788788\n|move|p2a: Raikou|Calm Mind|p2a: Raikou\n|-boost|p2a: Raikou|spa|1\n|-boost|p2a: Raikou|spd|1\n|move|p1a: Chimecho|Psyshock|p2a: Raikou\n|-end|p2a: Raikou|Substitute\n|\n|-heal|p2a: Raikou|206/278|[from] item: Leftovers\n|-heal|p1a: Chimecho|261/290 brn|[from] item: Leftovers\n|-damage|p1a: Chimecho|243/290 brn|[from] brn\n|upkeep\n|turn|44\n|\n|t:|1782788794\n|move|p2a: Raikou|Substitute|p2a: Raikou\n|-start|p2a: Raikou|Substitute\n|-damage|p2a: Raikou|137/278\n|move|p1a: Chimecho|Psyshock|p2a: Raikou\n|-end|p2a: Raikou|Substitute\n|\n|-heal|p2a: Raikou|154/278|[from] item: Leftovers\n|-heal|p1a: Chimecho|261/290 brn|[from] item: Leftovers\n|-damage|p1a: Chimecho|243/290 brn|[from] brn\n|upkeep\n|turn|45\n|\n|t:|1782788804\n|move|p2a: Raikou|Substitute|p2a: Raikou\n|-start|p2a: Raikou|Substitute\n|-damage|p2a: Raikou|85/278\n|move|p1a: Chimecho|Psyshock|p2a: Raikou\n|-crit|p2a: Raikou\n|-end|p2a: Raikou|Substitute\n|\n|-heal|p2a: Raikou|102/278|[from] item: Leftovers\n|-heal|p1a: Chimecho|261/290 brn|[from] item: Leftovers\n|-damage|p1a: Chimecho|243/290 brn|[from] brn\n|upkeep\n|turn|46\n|\n|t:|1782788810\n|move|p2a: Raikou|Substitute|p2a: Raikou\n|-start|p2a: Raikou|Substitute\n|-damage|p2a: Raikou|33/278\n|move|p1a: Chimecho|Psyshock|p2a: Raikou\n|-end|p2a: Raikou|Substitute\n|\n|-heal|p2a: Raikou|50/278|[from] item: Leftovers\n|-heal|p1a: Chimecho|261/290 brn|[from] item: Leftovers\n|-damage|p1a: Chimecho|243/290 brn|[from] brn\n|upkeep\n|turn|47\n|\n|t:|1782788815\n|move|p2a: Raikou|Scald|p1a: Chimecho\n|-damage|p1a: Chimecho|201/290 brn\n|move|p1a: Chimecho|Psyshock|p2a: Raikou\n|-damage|p2a: Raikou|0 fnt\n|faint|p2a: Raikou\n|\n|win|huh blue\n", "inputlog": ">version f8ac14003a5f27e1bdc8d8c59608a773c1cb96e5\n>start {\"formatid\":\"gen9randombattle\",\"seed\":\"sodium,f73df72513d90443a499e4162213f9e7\",\"rated\":\"Rated battle\"}\n>player p1 {\"name\":\"huh blue\",\"avatar\":\"steven\",\"rating\":1991,\"seed\":\"sodium,0d56a145a26da9f22b48d8caf6533336\"}\n>player p2 {\"name\":\"aofoxygen\",\"avatar\":\"265\",\"rating\":1983,\"seed\":\"sodium,2b76ad55d8dce9f04231fb1182586386\"}\n>p1 move scald\n>p2 move substitute\n>p1 move scald\n>p2 move nastyplot\n>p1 move calmmind\n>p2 move nastyplot\n>p1 move calmmind\n>p2 move shadowball\n>p1 move scald\n>p2 move shadowball\n>p1 switch 4\n>p1 move waterfall\n>p2 move shadowball\n>p2 switch 3\n>p1 switch 3\n>p2 move thunderwave\n>p1 move irondefense\n>p2 move stealthrock\n>p1 move bodypress\n>p2 switch 5\n>p1 move bodypress\n>p2 move calmmind\n>p1 move bodypress\n>p2 move thunderbolt\n>p1 move bodypress\n>p2 move thunderbolt\n>p1 switch 3\n>p1 move waterfall\n>p2 move thunderbolt terastallize\n>p1 switch 5\n>p1 move psyshock\n>p2 move thunderbolt\n>p2 switch 2\n>p1 move calmmind terastallize\n>p2 move revivalblessing\n>p2 switch 2\n>p1 switch 6\n>p2 move closecombat\n>p1 move calmmind\n>p2 move doubleshock\n>p1 move moonlight\n>p2 switch 6\n>p1 move moonblast\n>p2 move dragondance\n>p2 switch 4\n>p1 move moonblast\n>p2 move dragontail\n>p1 move recover\n>p2 move dragontail\n>p1 move moonblast\n>p2 switch 5\n>p1 switch 6\n>p2 move thunderwave\n>p1 move calmmind\n>p2 move playrough\n>p1 move recover\n>p2 switch 6\n>p1 move psyshock\n>p2 move closecombat\n>p2 switch 5\n>p1 move recover\n>p2 move dragontail\n>p1 move swordsdance\n>p2 switch 6\n>p1 move behemothblade\n>p2 move thunderwave\n>p1 move behemothblade\n>p2 move gigatonhammer\n>p2 switch 2\n>p1 move closecombat\n>p2 move thunderbolt\n>p1 switch 2\n>p1 move calmmind\n>p2 switch 6\n>p1 move dazzlinggleam\n>p2 move dragontail\n>p1 move moonblast\n>p2 move dragontail\n>p1 move recover\n>p2 move dragontail\n>p1 move moonblast\n>p2 move dragontail\n>p2 switch 6\n>p1 switch 6\n>p2 move calmmind\n>p1 move calmmind\n>p2 move scald\n>p1 move calmmind\n>p2 move calmmind\n>p1 move calmmind\n>p2 move scald\n>p1 move calmmind\n>p2 move scald\n>p1 move recover\n>p2 move substitute\n>p1 move psyshock\n>p2 move calmmind\n>p1 move psyshock\n>p2 move substitute\n>p1 move psyshock\n>p2 move substitute\n>p1 move psyshock\n>p2 move substitute\n>p1 move psyshock\n>p2 move scald", "uploadtime": 1782788423, "views": 4, "formatid": "gen9randombattle", "rating": null, "private": 0, "password": null, "player_dets": [{"name": "huh blue", "avatar": "steven", "rating": 1991, "seed": "sodium,0d56a145a26da9f22b48d8caf6533336"}, {"name": "aofoxygen", "avatar": "265", "rating": 1983, "seed": "sodium,2b76ad55d8dce9f04231fb1182586386"}], "teams_full": [{"Suicune": {"name": "Suicune", "species": "Suicune", "speciesId": "suicune", "gender": "N", "shiny": false, "level": 82, "moves": ["rest", "calmmind", "sleeptalk", "scald"], "ability": "Pressure", "evs": {"hp": 85, "atk": 0, "def": 85, "spa": 85, "spd": 85, "spe": 85}, "ivs": {"hp": 31, "atk": 0, "def": 31, "spa": 31, "spd": 31, "spe": 31}, "item": "Leftovers", "teraType": "Dragon", "role": "Bulky Attacker", "bvs": {"hp": 100, "atk": 75, "def": 115, "spa": 90, "spd": 115, "spe": 85}, "stats": {"hp": 298, "atk": 127, "def": 236, "spa": 195, "spd": 236, "spe": 187}, "types": ["Water"]}, "Zacian": {"name": "Zacian", "species": "Zacian", "speciesId": "zaciancrowned", "gender": "N", "shiny": false, "level": 64, "moves": ["behemothblade", "playrough", "closecombat", "swordsdance"], "ability": "Intrepid Sword", "evs": {"hp": 85, "atk": 85, "def": 85, "spa": 85, "spd": 85, "spe": 85}, "ivs": {"hp": 31, "atk": 31, "def": 31, "spa": 31, "spd": 31, "spe": 31}, "item": "Rusted Sword", "teraType": "Fighting", "role": "Setup Sweeper", "bvs": {"hp": 92, "atk": 150, "def": 115, "spa": 80, "spd": 115, "spe": 148}, "stats": {"hp": 225, "atk": 230, "def": 185, "spa": 140, "spd": 185, "spe": 227}, "types": ["Fairy", "Steel"]}, "Zamazenta": {"name": "Zamazenta", "species": "Zamazenta", "speciesId": "zamazentacrowned", "gender": "N", "shiny": false, "level": 68, "moves": ["bodypress", "irondefense", "heavyslam", "stoneedge"], "ability": "Dauntless Shield", "evs": {"hp": 85, "atk": 85, "def": 85, "spa": 85, "spd": 85, "spe": 85}, "ivs": {"hp": 31, "atk": 31, "def": 31, "spa": 31, "spd": 31, "spe": 31}, "item": "Rusted Shield", "teraType": "Fighting", "role": "Bulky Setup", "bvs": {"hp": 92, "atk": 120, "def": 140, "spa": 80, "spd": 140, "spe": 128}, "stats": {"hp": 238, "atk": 203, "def": 230, "spa": 149, "spd": 230, "spe": 214}, "types": ["Fighting", "Steel"]}, "Barraskewda": {"name": "Barraskewda", "species": "Barraskewda", "speciesId": "barraskewda", "gender": "M", "shiny": false, "level": 81, "moves": ["waterfall", "flipturn", "closecombat", "throatchop"], "ability": "Swift Swim", "evs": {"hp": 85, "atk": 85, "def": 85, "spa": 85, "spd": 85, "spe": 85}, "ivs": {"hp": 31, "atk": 31, "def": 31, "spa": 31, "spd": 31, "spe": 31}, "item": "Choice Band", "teraType": "Water", "role": "Wallbreaker", "bvs": {"hp": 61, "atk": 123, "def": 60, "spa": 60, "spd": 50, "spe": 136}, "stats": {"hp": 231, "atk": 246, "def": 144, "spa": 144, "spd": 128, "spe": 267}, "types": ["Water"]}, "Chimecho": {"name": "Chimecho", "species": "Chimecho", "speciesId": "chimecho", "gender": "M", "shiny": false, "level": 93, "moves": ["dazzlinggleam", "psyshock", "recover", "calmmind"], "ability": "Levitate", "evs": {"hp": 85, "atk": 0, "def": 85, "spa": 85, "spd": 85, "spe": 85}, "ivs": {"hp": 31, "atk": 0, "def": 31, "spa": 31, "spd": 31, "spe": 31}, "item": "Leftovers", "teraType": "Electric", "role": "Bulky Setup", "bvs": {"hp": 75, "atk": 50, "def": 80, "spa": 95, "spd": 90, "spe": 65}, "stats": {"hp": 290, "atk": 98, "def": 202, "spa": 230, "spd": 220, "spe": 174}, "types": ["Psychic"]}, "Lunala": {"name": "Lunala", "species": "Lunala", "speciesId": "lunala", "gender": "N", "shiny": false, "level": 70, "moves": ["moonblast", "calmmind", "moongeistbeam", "moonlight"], "ability": "Shadow Shield", "evs": {"hp": 85, "atk": 0, "def": 85, "spa": 85, "spd": 85, "spe": 85}, "ivs": {"hp": 31, "atk": 0, "def": 31, "spa": 31, "spd": 31, "spe": 31}, "item": "Leftovers", "teraType": "Fairy", "role": "Bulky Setup", "bvs": {"hp": 137, "atk": 113, "def": 89, "spa": 137, "spd": 107, "spe": 97}, "stats": {"hp": 308, "atk": 163, "def": 166, "spa": 233, "spd": 191, "spe": 177}, "types": ["Psychic", "Ghost"]}}, {"Mismagius": {"name": "Mismagius", "species": "Mismagius", "speciesId": "mismagius", "gender": "F", "shiny": false, "level": 86, "moves": ["shadowball", "terablast", "substitute", "nastyplot"], "ability": "Levitate", "evs": {"hp": 85, "atk": 0, "def": 85, "spa": 85, "spd": 85, "spe": 85}, "ivs": {"hp": 31, "atk": 0, "def": 31, "spa": 31, "spd": 31, "spe": 31}, "item": "Leftovers", "teraType": "Fighting", "role": "Tera Blast user", "bvs": {"hp": 60, "atk": 60, "def": 60, "spa": 105, "spd": 105, "spe": 105}, "stats": {"hp": 243, "atk": 108, "def": 152, "spa": 230, "spd": 230, "spe": 230}, "types": ["Ghost"]}, "Pawmot": {"name": "Pawmot", "species": "Pawmot", "speciesId": "pawmot", "gender": "M", "shiny": false, "level": 80, "moves": ["doubleshock", "revivalblessing", "closecombat", "icepunch"], "ability": "Iron Fist", "evs": {"hp": 85, "atk": 85, "def": 85, "spa": 85, "spd": 85, "spe": 85}, "ivs": {"hp": 31, "atk": 31, "def": 31, "spa": 31, "spd": 31, "spe": 31}, "item": "Life Orb", "teraType": "Electric", "role": "Wallbreaker", "bvs": {"hp": 70, "atk": 115, "def": 70, "spa": 70, "spd": 60, "spe": 105}, "stats": {"hp": 243, "atk": 230, "def": 158, "spa": 158, "spd": 142, "spe": 214}, "types": ["Electric", "Fighting"]}, "Tinkaton": {"name": "Tinkaton", "species": "Tinkaton", "speciesId": "tinkaton", "gender": "F", "shiny": false, "level": 82, "moves": ["stealthrock", "playrough", "thunderwave", "gigatonhammer"], "ability": "Mold Breaker", "evs": {"hp": 85, "atk": 85, "def": 85, "spa": 85, "spd": 85, "spe": 85}, "ivs": {"hp": 31, "atk": 31, "def": 31, "spa": 31, "spd": 31, "spe": 31}, "item": "Leftovers", "teraType": "Water", "role": "Bulky Attacker", "bvs": {"hp": 85, "atk": 75, "def": 77, "spa": 70, "spd": 105, "spe": 94}, "stats": {"hp": 274, "atk": 170, "def": 173, "spa": 162, "spd": 219, "spe": 201}, "types": ["Fairy", "Steel"]}, "Hydrapple": {"name": "Hydrapple", "species": "Hydrapple", "speciesId": "hydrapple", "gender": "M", "shiny": false, "level": 83, "moves": ["earthpower", "ficklebeam", "leafstorm", "dragontail"], "ability": "Regenerator", "evs": {"hp": 85, "atk": 85, "def": 85, "spa": 85, "spd": 85, "spe": 85}, "ivs": {"hp": 31, "atk": 31, "def": 31, "spa": 31, "spd": 31, "spe": 31}, "item": "Assault Vest", "teraType": "Steel", "role": "AV Pivot", "bvs": {"hp": 106, "atk": 80, "def": 110, "spa": 120, "spd": 80, "spe": 44}, "stats": {"hp": 312, "atk": 180, "def": 230, "spa": 247, "spd": 180, "spe": 121}, "types": ["Grass", "Dragon"]}, "Raikou": {"name": "Raikou", "species": "Raikou", "speciesId": "raikou", "gender": "N", "shiny": false, "level": 81, "moves": ["thunderbolt", "scald", "substitute", "calmmind"], "ability": "Pressure", "evs": {"hp": 85, "atk": 0, "def": 85, "spa": 85, "spd": 85, "spe": 85}, "ivs": {"hp": 31, "atk": 0, "def": 31, "spa": 31, "spd": 31, "spe": 31}, "item": "Leftovers", "teraType": "Grass", "role": "Bulky Setup", "bvs": {"hp": 90, "atk": 85, "def": 75, "spa": 115, "spd": 100, "spe": 115}, "stats": {"hp": 278, "atk": 142, "def": 168, "spa": 233, "spd": 209, "spe": 233}, "types": ["Electric"]}, "Haxorus": {"name": "Haxorus", "species": "Haxorus", "speciesId": "haxorus", "gender": "M", "shiny": false, "level": 77, "moves": ["ironhead", "outrage", "dragondance", "closecombat"], "ability": "Mold Breaker", "evs": {"hp": 85, "atk": 85, "def": 85, "spa": 85, "spd": 85, "spe": 85}, "ivs": {"hp": 31, "atk": 31, "def": 31, "spa": 31, "spd": 31, "spe": 31}, "item": "Lum Berry", "teraType": "Steel", "role": "Setup Sweeper", "bvs": {"hp": 76, "atk": 147, "def": 90, "spa": 60, "spd": 70, "spe": 97}, "stats": {"hp": 244, "atk": 271, "def": 183, "spa": 137, "spd": 152, "spe": 194}, "types": ["Dragon"]}}]}