{"id": "gen9randombattle-2641452742", "format": "[Gen 9] Random Battle", "players": ["notmetbh102", "pnm123"], "log": "|badge|p2|bronze|gen9randombattle|100-9\n|html|<div class=\"broadcast-red\"><strong>This battle is required to be public due to one or more player having a season medal.</strong><br />During the public phase, you can discuss the state of the ladder <a href=\"/seasondiscussion\">in a special chatroom.</a></div>\n|uhtml|medal-msg|<div class=\"broadcast-blue\">Curious what those medals under the avatar are? PS now has Ladder Seasons! For more information, check out the <a href=\"https://www.smogon.com/forums/threads/3740067/\">thread on Smogon.</a></div>\n|raw|<div class=\"broadcast-blue\"><strong>This battle is required to be public due to a player having a name starting with 'medal'.</div>\n|j|\u2606notmetbh102\n|j|\u203dpnm123\n|t:|1782787002\n|gametype|singles\n|player|p1|notmetbh102|2|2236\n|player|p2|pnm123|fisherman-gen4|2340\n|gen|9\n|tier|[Gen 9] Random Battle\n|rated|\n|rule|Species Clause: Limit one of each Pok\u00e9mon\n|rule|HP Percentage Mod: HP is shown in percentages\n|rule|Sleep Clause Mod: Limit one foe put to sleep\n|rule|Illusion Level Mod: Illusion disguises the Pok\u00e9mon's true level\n|\n|t:|1782787002\n|teamsize|p1|6\n|teamsize|p2|6\n|start\n|switch|p1a: Enamorus|Enamorus, L79, F|247/247\n|switch|p2a: Wigglytuff|Wigglytuff, L96, F|424/424\n|turn|1\n|inactive|Battle timer is ON: inactive players will automatically lose when time's up. (requested by pnm123)\n|inactive|notmetbh102 also wants the timer to be on.\n|c|\u2606notmetbh102|hf\n|\n|t:|1782787014\n|move|p1a: Enamorus|Calm Mind|p1a: Enamorus\n|-boost|p1a: Enamorus|spa|1\n|-boost|p1a: Enamorus|spd|1\n|move|p2a: Wigglytuff|Alluring Voice|p1a: Enamorus\n|-damage|p1a: Enamorus|175/247\n|-start|p1a: Enamorus|confusion\n|\n|-heal|p1a: Enamorus|190/247|[from] item: Leftovers\n|upkeep\n|turn|2\n|\n|t:|1782787016\n|-activate|p1a: Enamorus|confusion\n|-damage|p1a: Enamorus|162/247|[from] confusion\n|move|p2a: Wigglytuff|Thunder Wave|p1a: Enamorus\n|-status|p1a: Enamorus|par\n|\n|-heal|p1a: Enamorus|177/247 par|[from] item: Leftovers\n|upkeep\n|turn|3\n|\n|t:|1782787020\n|switch|p1a: Blissey|Blissey, L85, F|572/572\n|move|p2a: Wigglytuff|Alluring Voice|p1a: Blissey\n|-damage|p1a: Blissey|500/572\n|\n|-heal|p1a: Blissey|535/572|[from] item: Leftovers\n|upkeep\n|turn|4\n|j| TheAdvZ\n|\n|t:|1782787028\n|switch|p2a: Dedenne|Dedenne, L88, M|261/261\n|move|p1a: Blissey|Stealth Rock|p2a: Dedenne\n|-sidestart|p2: pnm123|move: Stealth Rock\n|\n|-heal|p1a: Blissey|570/572|[from] item: Leftovers\n|upkeep\n|turn|5\n|\n|t:|1782787030\n|move|p2a: Dedenne|Super Fang|p1a: Blissey\n|-damage|p1a: Blissey|285/572\n|move|p1a: Blissey|Seismic Toss|p2a: Dedenne\n|-damage|p2a: Dedenne|176/261\n|\n|-heal|p1a: Blissey|320/572|[from] item: Leftovers\n|upkeep\n|turn|6\n|\n|t:|1782787035\n|switch|p2a: Drifblim|Drifblim, L86, F|398/398\n|move|p1a: Blissey|Soft-Boiled|p1a: Blissey\n|-heal|p1a: Blissey|572/572\n|\n|upkeep\n|turn|7\n|\n|t:|1782787037\n|move|p2a: Drifblim|Defog|p1a: Blissey\n|-unboost|p1a: Blissey|evasion|1\n|-sideend|p2: pnm123|Stealth Rock|[from] move: Defog|[of] p2a: Drifblim\n|move|p1a: Blissey|Thunder Wave|p2a: Drifblim\n|-status|p2a: Drifblim|par\n|\n|upkeep\n|turn|8\n|\n|t:|1782787041\n|switch|p2a: Mesprit|Mesprit, L85|275/275\n|move|p1a: Blissey|Stealth Rock|p2a: Mesprit\n|-sidestart|p2: pnm123|move: Stealth Rock\n|\n|upkeep\n|turn|9\n|\n|t:|1782787044\n|switch|p1a: Zamazenta|Zamazenta-Crowned, L68|238/238\n|-ability|p1a: Zamazenta|Dauntless Shield|boost\n|-boost|p1a: Zamazenta|def|1\n|move|p2a: Mesprit|Knock Off|p1a: Zamazenta\n|-resisted|p1a: Zamazenta\n|-damage|p1a: Zamazenta|224/238\n|\n|upkeep\n|turn|10\n|\n|t:|1782787047\n|move|p1a: Zamazenta|Heavy Slam|p2a: Mesprit\n|-damage|p2a: Mesprit|179/275\n|move|p2a: Mesprit|Psychic Noise|p1a: Zamazenta\n|-damage|p1a: Zamazenta|145/238\n|-start|p1a: Zamazenta|move: Heal Block\n|\n|upkeep\n|turn|11\n|\n|t:|1782787050\n|move|p1a: Zamazenta|Heavy Slam|p2a: Mesprit\n|-damage|p2a: Mesprit|92/275\n|move|p2a: Mesprit|Drain Punch|p1a: Zamazenta\n|-supereffective|p1a: Zamazenta\n|-damage|p1a: Zamazenta|83/238\n|-heal|p2a: Mesprit|123/275|[from] drain|[of] p1a: Zamazenta\n|\n|-end|p1a: Zamazenta|move: Heal Block\n|upkeep\n|turn|12\n|\n|t:|1782787068\n|-terastallize|p2a: Mesprit|Fighting\n|move|p1a: Zamazenta|Heavy Slam|p2a: Mesprit\n|-damage|p2a: Mesprit|27/275\n|move|p2a: Mesprit|Drain Punch|p1a: Zamazenta\n|-supereffective|p1a: Zamazenta\n|-damage|p1a: Zamazenta|0 fnt\n|-heal|p2a: Mesprit|69/275|[from] drain|[of] p1a: Zamazenta\n|faint|p1a: Zamazenta\n|\n|upkeep\n|\n|t:|1782787069\n|switch|p1a: Dodrio|Dodrio, L85, F|241/241\n|turn|13\n|\n|t:|1782787076\n|switch|p2a: Rotom|Rotom-Fan, L86|226/226\n|move|p1a: Dodrio|Double-Edge|p2a: Rotom\n|-damage|p2a: Rotom|106/226\n|-damage|p1a: Dodrio|201/241|[from] Recoil\n|\n|upkeep\n|turn|14\n|\n|t:|1782787081\n|move|p1a: Dodrio|Double-Edge|p2a: Rotom\n|-damage|p2a: Rotom|0 fnt\n|faint|p2a: Rotom\n|-damage|p1a: Dodrio|166/241|[from] Recoil\n|\n|upkeep\n|\n|t:|1782787083\n|switch|p2a: Drifblim|Drifblim, L86, F|398/398 par\n|turn|15\n|\n|t:|1782787085\n|switch|p1a: Raging Bolt|Raging Bolt, L78|323/323\n|move|p2a: Drifblim|Defog|p1a: Raging Bolt\n|-unboost|p1a: Raging Bolt|evasion|1\n|-sideend|p2: pnm123|Stealth Rock|[from] move: Defog|[of] p2a: Drifblim\n|\n|upkeep\n|turn|16\n|\n|t:|1782787088\n|switch|p2a: Wigglytuff|Wigglytuff, L96, F|424/424\n|move|p1a: Raging Bolt|Calm Mind|p1a: Raging Bolt\n|-boost|p1a: Raging Bolt|spa|1\n|-boost|p1a: Raging Bolt|spd|1\n|\n|upkeep\n|turn|17\n|\n|t:|1782787090\n|move|p1a: Raging Bolt|Calm Mind|p1a: Raging Bolt\n|-boost|p1a: Raging Bolt|spa|1\n|-boost|p1a: Raging Bolt|spd|1\n|move|p2a: Wigglytuff|Alluring Voice|p1a: Raging Bolt\n|-supereffective|p1a: Raging Bolt\n|-crit|p1a: Raging Bolt\n|-damage|p1a: Raging Bolt|29/323\n|-start|p1a: Raging Bolt|confusion\n|\n|-heal|p1a: Raging Bolt|49/323|[from] item: Leftovers\n|upkeep\n|turn|18\n|\n|t:|1782787092\n|-activate|p1a: Raging Bolt|confusion\n|move|p1a: Raging Bolt|Thunderbolt|p2a: Wigglytuff\n|-damage|p2a: Wigglytuff|114/424\n|move|p2a: Wigglytuff|Alluring Voice|p1a: Raging Bolt\n|-supereffective|p1a: Raging Bolt\n|-crit|p1a: Raging Bolt\n|-damage|p1a: Raging Bolt|0 fnt\n|faint|p1a: Raging Bolt\n|-end|p1a: Raging Bolt|Protosynthesis|[silent]\n|\n|-heal|p2a: Wigglytuff|140/424|[from] item: Leftovers\n|upkeep\n|\n|t:|1782787093\n|switch|p1a: Basculegion|Basculegion, L80, M|323/323\n|turn|19\n|\n|t:|1782787097\n|move|p2a: Wigglytuff|Protect|p2a: Wigglytuff\n|-singleturn|p2a: Wigglytuff|Protect\n|move|p1a: Basculegion|Wave Crash|p2a: Wigglytuff\n|-activate|p2a: Wigglytuff|move: Protect\n|\n|-heal|p2a: Wigglytuff|166/424|[from] item: Leftovers\n|upkeep\n|turn|20\n|\n|t:|1782787100\n|move|p1a: Basculegion|Wave Crash|p2a: Wigglytuff\n|-damage|p2a: Wigglytuff|0 fnt\n|faint|p2a: Wigglytuff\n|-damage|p1a: Basculegion|268/323|[from] Recoil\n|\n|upkeep\n|\n|t:|1782787106\n|switch|p2a: Dedenne|Dedenne, L88, M|176/261\n|turn|21\n|\n|t:|1782787108\n|move|p2a: Dedenne|Nuzzle|p1a: Basculegion\n|-supereffective|p1a: Basculegion\n|-damage|p1a: Basculegion|226/323\n|-status|p1a: Basculegion|par\n|move|p1a: Basculegion|Flip Turn|p2a: Dedenne\n|-damage|p2a: Dedenne|66/261\n|-enditem|p2a: Dedenne|Sitrus Berry|[eat]\n|-heal|p2a: Dedenne|131/261|[from] item: Sitrus Berry\n|-heal|p2a: Dedenne|218/261|[from] ability: Cheek Pouch\n|\n|t:|1782787109\n|switch|p1a: Enamorus|Enamorus, L79, F|177/247 par|[from] Flip Turn\n|\n|-heal|p1a: Enamorus|192/247 par|[from] item: Leftovers\n|upkeep\n|turn|22\n|\n|t:|1782787111\n|-terastallize|p1a: Enamorus|Ground\n|move|p2a: Dedenne|Thunderbolt|p1a: Enamorus\n|-immune|p1a: Enamorus\n|cant|p1a: Enamorus|par\n|\n|-heal|p1a: Enamorus|207/247 par|[from] item: Leftovers\n|upkeep\n|turn|23\n|\n|t:|1782787114\n|move|p2a: Dedenne|Super Fang|p1a: Enamorus\n|-damage|p1a: Enamorus|104/247 par\n|move|p1a: Enamorus|Moonblast|p2a: Dedenne\n|-damage|p2a: Dedenne|91/261\n|\n|-heal|p1a: Enamorus|119/247 par|[from] item: Leftovers\n|upkeep\n|turn|24\n|\n|t:|1782787116\n|switch|p1a: Blissey|Blissey, L85, F|572/572\n|move|p2a: Dedenne|Dazzling Gleam|p1a: Blissey\n|-damage|p1a: Blissey|515/572\n|\n|-heal|p1a: Blissey|550/572|[from] item: Leftovers\n|upkeep\n|turn|25\n|\n|t:|1782787117\n|move|p2a: Dedenne|Nuzzle|p1a: Blissey\n|-damage|p1a: Blissey|505/572\n|-status|p1a: Blissey|par\n|move|p1a: Blissey|Stealth Rock|p2a: Dedenne\n|-sidestart|p2: pnm123|move: Stealth Rock\n|\n|-heal|p1a: Blissey|540/572 par|[from] item: Leftovers\n|upkeep\n|turn|26\n|\n|t:|1782787120\n|move|p2a: Dedenne|Dazzling Gleam|p1a: Blissey\n|-damage|p1a: Blissey|483/572 par\n|move|p1a: Blissey|Seismic Toss|p2a: Dedenne\n|-damage|p2a: Dedenne|6/261\n|\n|-heal|p1a: Blissey|518/572 par|[from] item: Leftovers\n|upkeep\n|turn|27\n|\n|t:|1782787122\n|move|p2a: Dedenne|Nuzzle|p1a: Blissey\n|-damage|p1a: Blissey|467/572 par\n|move|p1a: Blissey|Soft-Boiled|p1a: Blissey\n|-heal|p1a: Blissey|572/572 par\n|\n|upkeep\n|turn|28\n|\n|t:|1782787124\n|move|p2a: Dedenne|Nuzzle|p1a: Blissey\n|-damage|p1a: Blissey|521/572 par\n|move|p1a: Blissey|Soft-Boiled|p1a: Blissey\n|-heal|p1a: Blissey|572/572 par\n|\n|upkeep\n|turn|29\n|\n|t:|1782787126\n|move|p2a: Dedenne|Super Fang|p1a: Blissey|[miss]\n|-miss|p2a: Dedenne|p1a: Blissey\n|move|p1a: Blissey|Soft-Boiled||[still]\n|-fail|p1a: Blissey|heal\n|\n|upkeep\n|turn|30\n|\n|t:|1782787127\n|move|p2a: Dedenne|Super Fang|p1a: Blissey\n|-damage|p1a: Blissey|286/572 par\n|move|p1a: Blissey|Soft-Boiled|p1a: Blissey\n|-heal|p1a: Blissey|572/572 par\n|\n|upkeep\n|turn|31\n|\n|t:|1782787131\n|-curestatus|p1a: Blissey|par|[from] ability: Natural Cure|[silent]\n|switch|p1a: Basculegion|Basculegion, L80, M|226/323 par\n|move|p2a: Dedenne|Super Fang|p1a: Basculegion\n|-immune|p1a: Basculegion\n|\n|upkeep\n|turn|32\n|\n|t:|1782787133\n|move|p1a: Basculegion|Aqua Jet|p2a: Dedenne\n|-damage|p2a: Dedenne|0 fnt\n|faint|p2a: Dedenne\n|\n|upkeep\n|\n|t:|1782787139\n|switch|p2a: Drifblim|Drifblim, L86, F|398/398 par\n|turn|33\n|\n|t:|1782787142\n|move|p2a: Drifblim|Defog|p1a: Basculegion\n|-unboost|p1a: Basculegion|evasion|1\n|-sideend|p2: pnm123|Stealth Rock|[from] move: Defog|[of] p2a: Drifblim\n|move|p1a: Basculegion|Shadow Ball|p2a: Drifblim\n|-supereffective|p2a: Drifblim\n|-damage|p2a: Drifblim|154/398 par\n|\n|upkeep\n|turn|34\n|\n|t:|1782787147\n|move|p2a: Drifblim|Shadow Ball|p1a: Basculegion\n|-supereffective|p1a: Basculegion\n|-damage|p1a: Basculegion|80/323 par\n|cant|p1a: Basculegion|par\n|\n|upkeep\n|turn|35\n|\n|t:|1782787149\n|move|p2a: Drifblim|Shadow Ball|p1a: Basculegion\n|-supereffective|p1a: Basculegion\n|-damage|p1a: Basculegion|0 fnt\n|faint|p1a: Basculegion\n|\n|upkeep\n|\n|t:|1782787150\n|switch|p1a: Enamorus|Enamorus, L79, F, tera:Ground|119/247 par\n|turn|36\n|inactive|pnm123 has 120 seconds left.\n|\n|t:|1782787184\n|cant|p1a: Enamorus|par\n|move|p2a: Drifblim|Shadow Ball|p1a: Enamorus\n|-damage|p1a: Enamorus|16/247 par\n|\n|-heal|p1a: Enamorus|31/247 par|[from] item: Leftovers\n|upkeep\n|turn|37\n|\n|t:|1782787187\n|cant|p1a: Enamorus|par\n|move|p2a: Drifblim|Shadow Ball|p1a: Enamorus\n|-damage|p1a: Enamorus|0 fnt\n|faint|p1a: Enamorus\n|\n|upkeep\n|\n|t:|1782787188\n|switch|p1a: Blissey|Blissey, L85, F|572/572\n|turn|38\n|\n|t:|1782787193\n|move|p1a: Blissey|Thunder Wave|p2a: Drifblim|[miss]\n|-miss|p1a: Blissey|p2a: Drifblim\n|move|p2a: Drifblim|Strength Sap|p1a: Blissey\n|-unboost|p1a: Blissey|atk|1\n|-heal|p2a: Drifblim|176/398 par\n|\n|upkeep\n|turn|39\n|\n|t:|1782787197\n|move|p1a: Blissey|Stealth Rock|p2a: Drifblim\n|-sidestart|p2: pnm123|move: Stealth Rock\n|cant|p2a: Drifblim|par\n|\n|upkeep\n|turn|40\n|\n|t:|1782787199\n|move|p1a: Blissey|Thunder Wave|p2a: Drifblim\n|-fail|p2a: Drifblim|par\n|move|p2a: Drifblim|Defog|p1a: Blissey\n|-unboost|p1a: Blissey|evasion|1\n|-sideend|p2: pnm123|Stealth Rock|[from] move: Defog|[of] p2a: Drifblim\n|\n|upkeep\n|turn|41\n|\n|t:|1782787201\n|switch|p2a: Mesprit|Mesprit, L85, tera:Fighting|69/275\n|move|p1a: Blissey|Stealth Rock|p2a: Mesprit\n|-sidestart|p2: pnm123|move: Stealth Rock\n|\n|upkeep\n|turn|42\n|\n|t:|1782787203\n|switch|p1a: Dodrio|Dodrio, L85, F|166/241\n|move|p2a: Mesprit|Drain Punch|p1a: Dodrio\n|-damage|p1a: Dodrio|60/241\n|-heal|p2a: Mesprit|122/275|[from] drain|[of] p1a: Dodrio\n|\n|upkeep\n|turn|43\n|\n|t:|1782787208\n|switch|p2a: Phione|Phione, L91|293/293\n|-damage|p2a: Phione|257/293|[from] Stealth Rock\n|move|p1a: Dodrio|Brave Bird|p2a: Phione\n|-damage|p2a: Phione|109/293\n|-damage|p1a: Dodrio|11/241|[from] Recoil\n|\n|-heal|p2a: Phione|127/293|[from] item: Leftovers\n|upkeep\n|turn|44\n|\n|t:|1782787211\n|switch|p1a: Blissey|Blissey, L85, F|572/572\n|move|p2a: Phione|Scald|p1a: Blissey\n|-damage|p1a: Blissey|512/572\n|\n|-heal|p2a: Phione|145/293|[from] item: Leftovers\n|-heal|p1a: Blissey|547/572|[from] item: Leftovers\n|upkeep\n|turn|45\n|\n|t:|1782787215\n|switch|p1a: Dodrio|Dodrio, L85, F|11/241\n|move|p2a: Phione|Rest|p2a: Phione\n|-status|p2a: Phione|slp|[from] move: Rest\n|-heal|p2a: Phione|293/293 slp|[silent]\n|\n|upkeep\n|turn|46\n|\n|t:|1782787217\n|move|p1a: Dodrio|Swords Dance|p1a: Dodrio\n|-boost|p1a: Dodrio|atk|2\n|cant|p2a: Phione|slp\n|move|p2a: Phione|Sleep Talk|p2a: Phione\n|move|p2a: Phione|Take Heart|p2a: Phione|[from] move: Sleep Talk\n|-boost|p2a: Phione|spa|1\n|-boost|p2a: Phione|spd|1\n|-curestatus|p2a: Phione|slp|[msg]\n|\n|upkeep\n|turn|47\n|\n|t:|1782787219\n|switch|p1a: Blissey|Blissey, L85, F|547/572\n|move|p2a: Phione|Scald|p1a: Blissey\n|-damage|p1a: Blissey|460/572\n|\n|-heal|p1a: Blissey|495/572|[from] item: Leftovers\n|upkeep\n|turn|48\n|\n|t:|1782787227\n|switch|p2a: Drifblim|Drifblim, L86, F|176/398 par\n|switch|p1a: Dodrio|Dodrio, L85, F|11/241\n|\n|upkeep\n|turn|49\n|\n|t:|1782787233\n|switch|p1a: Blissey|Blissey, L85, F|495/572\n|cant|p2a: Drifblim|par\n|\n|-heal|p1a: Blissey|530/572|[from] item: Leftovers\n|upkeep\n|turn|50\n|\n|t:|1782787235\n|switch|p1a: Dodrio|Dodrio, L85, F|11/241\n|move|p2a: Drifblim|Strength Sap|p1a: Dodrio\n|-unboost|p1a: Dodrio|atk|1\n|-heal|p2a: Drifblim|398/398 par\n|\n|upkeep\n|turn|51\n|\n|t:|1782787238\n|switch|p1a: Blissey|Blissey, L85, F|530/572\n|move|p2a: Drifblim|Air Slash|p1a: Blissey\n|-damage|p1a: Blissey|476/572\n|\n|-heal|p1a: Blissey|511/572|[from] item: Leftovers\n|upkeep\n|turn|52\n|\n|t:|1782787240\n|switch|p1a: Dodrio|Dodrio, L85, F|11/241\n|move|p2a: Drifblim|Air Slash|p1a: Dodrio\n|-damage|p1a: Dodrio|0 fnt\n|faint|p1a: Dodrio\n|\n|upkeep\n|\n|t:|1782787240\n|switch|p1a: Blissey|Blissey, L85, F|511/572\n|turn|53\n|\n|t:|1782787243\n|move|p1a: Blissey|Thunder Wave|p2a: Drifblim\n|-fail|p2a: Drifblim|par\n|cant|p2a: Drifblim|par\n|\n|-heal|p1a: Blissey|546/572|[from] item: Leftovers\n|upkeep\n|turn|54\n|\n|t:|1782787245\n|move|p1a: Blissey|Thunder Wave|p2a: Drifblim\n|-fail|p2a: Drifblim|par\n|move|p2a: Drifblim|Defog|p1a: Blissey\n|-unboost|p1a: Blissey|evasion|1\n|-sideend|p2: pnm123|Stealth Rock|[from] move: Defog|[of] p2a: Drifblim\n|\n|-heal|p1a: Blissey|572/572|[from] item: Leftovers\n|upkeep\n|turn|55\n|\n|t:|1782787247\n|move|p1a: Blissey|Thunder Wave|p2a: Drifblim\n|-fail|p2a: Drifblim|par\n|move|p2a: Drifblim|Defog|p1a: Blissey\n|-unboost|p1a: Blissey|evasion|1\n|\n|upkeep\n|turn|56\n|\n|t:|1782787249\n|move|p1a: Blissey|Thunder Wave|p2a: Drifblim\n|-fail|p2a: Drifblim|par\n|move|p2a: Drifblim|Defog|p1a: Blissey\n|-unboost|p1a: Blissey|evasion|1\n|\n|upkeep\n|turn|57\n|\n|t:|1782787252\n|move|p1a: Blissey|Thunder Wave|p2a: Drifblim\n|-fail|p2a: Drifblim|par\n|move|p2a: Drifblim|Defog|p1a: Blissey\n|-unboost|p1a: Blissey|evasion|1\n|\n|upkeep\n|turn|58\n|\n|t:|1782787254\n|move|p1a: Blissey|Thunder Wave|p2a: Drifblim\n|-fail|p2a: Drifblim|par\n|cant|p2a: Drifblim|par\n|\n|upkeep\n|turn|59\n|\n|t:|1782787255\n|move|p1a: Blissey|Thunder Wave|p2a: Drifblim\n|-fail|p2a: Drifblim|par\n|move|p2a: Drifblim|Defog|p1a: Blissey\n|-unboost|p1a: Blissey|evasion|1\n|\n|upkeep\n|turn|60\n|\n|t:|1782787257\n|move|p1a: Blissey|Thunder Wave|p2a: Drifblim\n|-fail|p2a: Drifblim|par\n|move|p2a: Drifblim|Defog|p1a: Blissey\n|-unboost|p1a: Blissey|evasion|1\n|\n|upkeep\n|turn|61\n|\n|t:|1782787259\n|move|p1a: Blissey|Thunder Wave|p2a: Drifblim\n|-fail|p2a: Drifblim|par\n|move|p2a: Drifblim|Air Slash|p1a: Blissey\n|-damage|p1a: Blissey|512/572\n|\n|-heal|p1a: Blissey|547/572|[from] item: Leftovers\n|upkeep\n|turn|62\n|\n|t:|1782787260\n|move|p1a: Blissey|Thunder Wave|p2a: Drifblim\n|-fail|p2a: Drifblim|par\n|move|p2a: Drifblim|Air Slash|p1a: Blissey\n|-damage|p1a: Blissey|495/572\n|\n|-heal|p1a: Blissey|530/572|[from] item: Leftovers\n|upkeep\n|turn|63\n|\n|t:|1782787261\n|move|p1a: Blissey|Thunder Wave|p2a: Drifblim\n|-fail|p2a: Drifblim|par\n|move|p2a: Drifblim|Air Slash|p1a: Blissey\n|-damage|p1a: Blissey|472/572\n|\n|-heal|p1a: Blissey|507/572|[from] item: Leftovers\n|upkeep\n|turn|64\n|\n|t:|1782787262\n|move|p1a: Blissey|Thunder Wave|p2a: Drifblim\n|-fail|p2a: Drifblim|par\n|move|p2a: Drifblim|Air Slash|p1a: Blissey\n|-damage|p1a: Blissey|450/572\n|\n|-heal|p1a: Blissey|485/572|[from] item: Leftovers\n|upkeep\n|turn|65\n|\n|t:|1782787265\n|move|p1a: Blissey|Thunder Wave|p2a: Drifblim\n|-fail|p2a: Drifblim|par\n|move|p2a: Drifblim|Shadow Ball|p1a: Blissey\n|-immune|p1a: Blissey\n|\n|-heal|p1a: Blissey|520/572|[from] item: Leftovers\n|upkeep\n|turn|66\n|\n|t:|1782787266\n|move|p1a: Blissey|Thunder Wave|p2a: Drifblim\n|-fail|p2a: Drifblim|par\n|move|p2a: Drifblim|Shadow Ball|p1a: Blissey\n|-immune|p1a: Blissey\n|\n|-heal|p1a: Blissey|555/572|[from] item: Leftovers\n|upkeep\n|turn|67\n|\n|t:|1782787267\n|move|p1a: Blissey|Thunder Wave|p2a: Drifblim|[miss]\n|-miss|p1a: Blissey|p2a: Drifblim\n|move|p2a: Drifblim|Shadow Ball|p1a: Blissey\n|-immune|p1a: Blissey\n|\n|-heal|p1a: Blissey|572/572|[from] item: Leftovers\n|upkeep\n|turn|68\n|\n|t:|1782787269\n|move|p1a: Blissey|Thunder Wave|p2a: Drifblim\n|-fail|p2a: Drifblim|par\n|cant|p2a: Drifblim|par\n|\n|upkeep\n|turn|69\n|\n|t:|1782787270\n|move|p1a: Blissey|Thunder Wave|p2a: Drifblim\n|-fail|p2a: Drifblim|par\n|move|p2a: Drifblim|Shadow Ball|p1a: Blissey\n|-immune|p1a: Blissey\n|\n|upkeep\n|turn|70\n|\n|t:|1782787271\n|move|p1a: Blissey|Thunder Wave|p2a: Drifblim|[miss]\n|-miss|p1a: Blissey|p2a: Drifblim\n|move|p2a: Drifblim|Shadow Ball|p1a: Blissey\n|-immune|p1a: Blissey\n|\n|upkeep\n|turn|71\n|\n|t:|1782787272\n|move|p1a: Blissey|Thunder Wave|p2a: Drifblim\n|-fail|p2a: Drifblim|par\n|move|p2a: Drifblim|Shadow Ball|p1a: Blissey\n|-immune|p1a: Blissey\n|\n|upkeep\n|turn|72\n|\n|t:|1782787273\n|move|p1a: Blissey|Thunder Wave|p2a: Drifblim|[miss]\n|-miss|p1a: Blissey|p2a: Drifblim\n|move|p2a: Drifblim|Shadow Ball|p1a: Blissey\n|-immune|p1a: Blissey\n|\n|upkeep\n|turn|73\n|\n|t:|1782787274\n|move|p1a: Blissey|Thunder Wave|p2a: Drifblim\n|-fail|p2a: Drifblim|par\n|move|p2a: Drifblim|Shadow Ball|p1a: Blissey\n|-immune|p1a: Blissey\n|\n|upkeep\n|turn|74\n|\n|t:|1782787279\n|move|p1a: Blissey|Thunder Wave|p2a: Drifblim|[miss]\n|-miss|p1a: Blissey|p2a: Drifblim\n|move|p2a: Drifblim|Shadow Ball|p1a: Blissey\n|-immune|p1a: Blissey\n|\n|upkeep\n|turn|75\n|\n|t:|1782787280\n|move|p1a: Blissey|Thunder Wave|p2a: Drifblim|[miss]\n|-miss|p1a: Blissey|p2a: Drifblim\n|move|p2a: Drifblim|Shadow Ball|p1a: Blissey\n|-immune|p1a: Blissey\n|\n|upkeep\n|turn|76\n|\n|t:|1782787281\n|move|p1a: Blissey|Thunder Wave|p2a: Drifblim\n|-fail|p2a: Drifblim|par\n|move|p2a: Drifblim|Shadow Ball|p1a: Blissey\n|-immune|p1a: Blissey\n|\n|upkeep\n|turn|77\n|\n|t:|1782787282\n|move|p1a: Blissey|Thunder Wave|p2a: Drifblim\n|-fail|p2a: Drifblim|par\n|cant|p2a: Drifblim|par\n|\n|upkeep\n|turn|78\n|\n|t:|1782787283\n|move|p1a: Blissey|Thunder Wave|p2a: Drifblim\n|-fail|p2a: Drifblim|par\n|move|p2a: Drifblim|Shadow Ball|p1a: Blissey\n|-immune|p1a: Blissey\n|\n|upkeep\n|turn|79\n|\n|t:|1782787286\n|move|p1a: Blissey|Thunder Wave|p2a: Drifblim\n|-fail|p2a: Drifblim|par\n|move|p2a: Drifblim|Shadow Ball|p1a: Blissey\n|-immune|p1a: Blissey\n|\n|upkeep\n|turn|80\n|\n|t:|1782787288\n|move|p1a: Blissey|Thunder Wave|p2a: Drifblim\n|-fail|p2a: Drifblim|par\n|move|p2a: Drifblim|Shadow Ball|p1a: Blissey\n|-immune|p1a: Blissey\n|\n|upkeep\n|turn|81\n|\n|t:|1782787289\n|move|p1a: Blissey|Thunder Wave|p2a: Drifblim\n|-fail|p2a: Drifblim|par\n|move|p2a: Drifblim|Shadow Ball|p1a: Blissey\n|-immune|p1a: Blissey\n|\n|upkeep\n|turn|82\n|\n|t:|1782787291\n|move|p1a: Blissey|Soft-Boiled||[still]\n|-fail|p1a: Blissey|heal\n|move|p2a: Drifblim|Shadow Ball|p1a: Blissey\n|-immune|p1a: Blissey\n|\n|upkeep\n|turn|83\n|\n|t:|1782787294\n|switch|p2a: Phione|Phione, L91|293/293\n|move|p1a: Blissey|Seismic Toss|p2a: Phione\n|-damage|p2a: Phione|208/293\n|\n|-heal|p2a: Phione|226/293|[from] item: Leftovers\n|upkeep\n|turn|84\n|\n|t:|1782787297\n|move|p2a: Phione|Take Heart|p2a: Phione\n|-boost|p2a: Phione|spa|1\n|-boost|p2a: Phione|spd|1\n|move|p1a: Blissey|Stealth Rock|p2a: Phione\n|-sidestart|p2: pnm123|move: Stealth Rock\n|\n|-heal|p2a: Phione|244/293|[from] item: Leftovers\n|upkeep\n|turn|85\n|\n|t:|1782787299\n|move|p2a: Phione|Take Heart|p2a: Phione\n|-boost|p2a: Phione|spa|1\n|-boost|p2a: Phione|spd|1\n|move|p1a: Blissey|Soft-Boiled||[still]\n|-fail|p1a: Blissey|heal\n|\n|-heal|p2a: Phione|262/293|[from] item: Leftovers\n|upkeep\n|turn|86\n|\n|t:|1782787300\n|move|p2a: Phione|Take Heart|p2a: Phione\n|-boost|p2a: Phione|spa|1\n|-boost|p2a: Phione|spd|1\n|move|p1a: Blissey|Stealth Rock||[still]\n|-fail|p1a: Blissey\n|\n|-heal|p2a: Phione|280/293|[from] item: Leftovers\n|upkeep\n|turn|87\n|\n|t:|1782787301\n|move|p2a: Phione|Take Heart|p2a: Phione\n|-boost|p2a: Phione|spa|1\n|-boost|p2a: Phione|spd|1\n|move|p1a: Blissey|Soft-Boiled||[still]\n|-fail|p1a: Blissey|heal\n|\n|-heal|p2a: Phione|293/293|[from] item: Leftovers\n|upkeep\n|turn|88\n|\n|t:|1782787303\n|move|p2a: Phione|Take Heart|p2a: Phione\n|-boost|p2a: Phione|spa|1\n|-boost|p2a: Phione|spd|1\n|move|p1a: Blissey|Stealth Rock||[still]\n|-fail|p1a: Blissey\n|\n|upkeep\n|turn|89\n|\n|t:|1782787304\n|move|p2a: Phione|Take Heart|p2a: Phione\n|-boost|p2a: Phione|spa|1\n|-boost|p2a: Phione|spd|1\n|move|p1a: Blissey|Stealth Rock||[still]\n|-fail|p1a: Blissey\n|\n|upkeep\n|turn|90\n|\n|t:|1782787305\n|move|p2a: Phione|Scald|p1a: Blissey\n|-damage|p1a: Blissey|331/572\n|move|p1a: Blissey|Seismic Toss|p2a: Phione\n|-damage|p2a: Phione|208/293\n|\n|-heal|p2a: Phione|226/293|[from] item: Leftovers\n|-heal|p1a: Blissey|366/572|[from] item: Leftovers\n|upkeep\n|turn|91\n|\n|t:|1782787308\n|move|p2a: Phione|Scald|p1a: Blissey\n|-damage|p1a: Blissey|140/572\n|move|p1a: Blissey|Stealth Rock||[still]\n|-fail|p1a: Blissey\n|\n|-heal|p2a: Phione|244/293|[from] item: Leftovers\n|-heal|p1a: Blissey|175/572|[from] item: Leftovers\n|upkeep\n|turn|92\n|\n|t:|1782787309\n|move|p2a: Phione|Scald|p1a: Blissey\n|-damage|p1a: Blissey|0 fnt\n|faint|p1a: Blissey\n|\n|win|pnm123\n|raw|notmetbh102's rating: 2236 &rarr; <strong>2221</strong><br />(-15 for losing)\n|raw|pnm123's rating: 2317 &rarr; <strong>2332</strong><br />(+15 for winning)\n|c|\u2606notmetbh102|gg\n", "inputlog": ">version f8ac14003a5f27e1bdc8d8c59608a773c1cb96e5\n>start {\"formatid\":\"gen9randombattle\",\"seed\":\"sodium,181666f43125d537f9bab351d1a922ba\",\"rated\":\"Rated battle\"}\n>player p1 {\"name\":\"notmetbh102\",\"avatar\":\"2\",\"rating\":2236,\"seed\":\"sodium,98fc80ff642dc40c56780b2edab14b39\"}\n>player p2 {\"name\":\"pnm123\",\"avatar\":\"fisherman-gen4\",\"rating\":2340,\"seed\":\"sodium,c3b7c27cd3048d12cacaca613c08a734\"}\n>chat \u2606notmetbh102|hf\n>p1 move calmmind\n>p2 move alluringvoice\n>p1 move calmmind\n>p2 move thunderwave\n>p1 switch 4\n>p2 move alluringvoice\n>p1 move stealthrock\n>p2 switch 5\n>p1 move seismictoss\n>p2 move superfang\n>p1 move softboiled\n>p2 switch 3\n>p1 move thunderwave\n>p2 move defog\n>p1 move stealthrock\n>p2 switch 6\n>p1 switch 2\n>p2 move knockoff\n>p1 move heavyslam\n>p2 move psychicnoise\n>p1 move heavyslam\n>p2 move drainpunch\n>p1 move heavyslam\n>p2 move drainpunch terastallize\n>p1 switch 3\n>p1 move doubleedge\n>p2 switch 2\n>p1 move doubleedge\n>p2 move voltswitch\n>p2 switch 6\n>p1 switch 5\n>p2 move defog\n>p1 move calmmind\n>p2 switch 5\n>p1 move calmmind\n>p2 move alluringvoice\n>p1 move thunderbolt\n>p2 move alluringvoice\n>p1 switch 6\n>p1 move wavecrash\n>p2 move protect\n>p1 move wavecrash\n>p2 move wish\n>p2 switch 3\n>p1 move flipturn\n>p2 move nuzzle\n>p1 switch 4\n>p1 move earthpower terastallize\n>p2 move thunderbolt\n>p1 move moonblast\n>p2 move superfang\n>p1 switch 2\n>p2 move dazzlinggleam\n>p1 move stealthrock\n>p2 move nuzzle\n>p1 move seismictoss\n>p2 move dazzlinggleam\n>p1 move softboiled\n>p2 move nuzzle\n>p1 move softboiled\n>p2 move nuzzle\n>p1 move softboiled\n>p2 move superfang\n>p1 move softboiled\n>p2 move superfang\n>p1 switch 4\n>p2 move superfang\n>p1 move aquajet\n>p2 move thunderbolt\n>p2 switch 5\n>p1 move shadowball\n>p2 move defog\n>p1 move flipturn\n>p2 move shadowball\n>p1 move shadowball\n>p2 move shadowball\n>p1 switch 2\n>p1 move moonblast\n>p2 move shadowball\n>p1 move moonblast\n>p2 move shadowball\n>p1 switch 4\n>p1 move thunderwave\n>p2 move strengthsap\n>p1 move stealthrock\n>p2 move airslash\n>p1 move thunderwave\n>p2 move defog\n>p1 move stealthrock\n>p2 switch 2\n>p1 switch 5\n>p2 move drainpunch\n>p1 move bravebird\n>p2 switch 4\n>p1 switch 5\n>p2 move scald\n>p1 switch 5\n>p2 move rest\n>p1 move swordsdance\n>p2 move sleeptalk\n>p1 switch 5\n>p2 move scald\n>p1 switch 5\n>p2 switch 2\n>p1 switch 5\n>p2 move strengthsap\n>p1 switch 5\n>p2 move strengthsap\n>p1 switch 5\n>p2 move airslash\n>p1 switch 5\n>p2 move airslash\n>p1 switch 5\n>p1 move thunderwave\n>p2 move defog\n>p1 move thunderwave\n>p2 move defog\n>p1 move thunderwave\n>p2 move defog\n>p1 move thunderwave\n>p2 move defog\n>p1 move thunderwave\n>p2 move defog\n>p1 move thunderwave\n>p2 move defog\n>p1 move thunderwave\n>p2 move defog\n>p1 move thunderwave\n>p2 move defog\n>p1 move thunderwave\n>p2 move airslash\n>p1 move thunderwave\n>p2 move airslash\n>p1 move thunderwave\n>p2 move airslash\n>p1 move thunderwave\n>p2 move airslash\n>p1 move thunderwave\n>p2 move shadowball\n>p1 move thunderwave\n>p2 move shadowball\n>p1 move thunderwave\n>p2 move shadowball\n>p1 move thunderwave\n>p2 move shadowball\n>p1 move thunderwave\n>p2 move shadowball\n>p1 move thunderwave\n>p2 move shadowball\n>p1 move thunderwave\n>p2 move shadowball\n>p1 move thunderwave\n>p2 move shadowball\n>p1 move thunderwave\n>p2 move shadowball\n>p1 move thunderwave\n>p2 move shadowball\n>p1 move thunderwave\n>p2 move shadowball\n>p1 move thunderwave\n>p2 move shadowball\n>p1 move thunderwave\n>p2 move shadowball\n>p1 move thunderwave\n>p2 move shadowball\n>p1 move thunderwave\n>p2 move shadowball\n>p1 move thunderwave\n>p2 move shadowball\n>p1 move thunderwave\n>p2 move shadowball\n>p1 move softboiled\n>p2 move shadowball\n>p1 move seismictoss\n>p2 switch 2\n>p1 move stealthrock\n>p2 move takeheart\n>p1 move softboiled\n>p2 move takeheart\n>p1 move stealthrock\n>p2 move takeheart\n>p1 move softboiled\n>p2 move takeheart\n>p1 move stealthrock\n>p2 move takeheart\n>p1 move stealthrock\n>p2 move takeheart\n>p1 move seismictoss\n>p2 move scald\n>p1 move stealthrock\n>p2 move scald\n>p1 move seismictoss\n>p2 move scald", "uploadtime": 1782787004, "views": 5, "formatid": "gen9randombattle", "rating": 2221, "private": 0, "password": null, "player_dets": [{"name": "notmetbh102", "avatar": "2", "rating": 2236, "seed": "sodium,98fc80ff642dc40c56780b2edab14b39"}, {"name": "pnm123", "avatar": "fisherman-gen4", "rating": 2340, "seed": "sodium,c3b7c27cd3048d12cacaca613c08a734"}], "teams_full": [{"Enamorus": {"name": "Enamorus", "species": "Enamorus", "speciesId": "enamorus", "gender": "F", "shiny": false, "level": 79, "moves": ["moonblast", "substitute", "earthpower", "calmmind"], "ability": "Cute Charm", "evs": {"hp": 85, "atk": 0, "def": 85, "spa": 85, "spd": 85, "spe": 85}, "ivs": {"hp": 31, "atk": 0, "def": 31, "spa": 31, "spd": 31, "spe": 31}, "item": "Leftovers", "teraType": "Ground", "role": "Fast Bulky Setup", "bvs": {"hp": 74, "atk": 115, "def": 70, "spa": 135, "spd": 80, "spe": 106}, "stats": {"hp": 247, "atk": 186, "def": 156, "spa": 259, "spd": 172, "spe": 213}, "types": ["Fairy", "Flying"]}, "Zamazenta": {"name": "Zamazenta", "species": "Zamazenta", "speciesId": "zamazentacrowned", "gender": "N", "shiny": false, "level": 68, "moves": ["heavyslam", "bodypress", "irondefense", "stoneedge"], "ability": "Dauntless Shield", "evs": {"hp": 85, "atk": 85, "def": 85, "spa": 85, "spd": 85, "spe": 85}, "ivs": {"hp": 31, "atk": 31, "def": 31, "spa": 31, "spd": 31, "spe": 31}, "item": "Rusted Shield", "teraType": "Ghost", "role": "Bulky Setup", "bvs": {"hp": 92, "atk": 120, "def": 140, "spa": 80, "spd": 140, "spe": 128}, "stats": {"hp": 238, "atk": 203, "def": 230, "spa": 149, "spd": 230, "spe": 214}, "types": ["Fighting", "Steel"]}, "Dodrio": {"name": "Dodrio", "species": "Dodrio", "speciesId": "dodrio", "gender": "F", "shiny": false, "level": 85, "moves": ["doubleedge", "bravebird", "swordsdance", "drillrun"], "ability": "Early Bird", "evs": {"hp": 85, "atk": 85, "def": 85, "spa": 85, "spd": 85, "spe": 85}, "ivs": {"hp": 31, "atk": 31, "def": 31, "spa": 31, "spd": 31, "spe": 31}, "item": "Heavy-Duty Boots", "teraType": "Ground", "role": "Setup Sweeper", "bvs": {"hp": 60, "atk": 110, "def": 70, "spa": 60, "spd": 60, "spe": 110}, "stats": {"hp": 241, "atk": 236, "def": 168, "spa": 151, "spd": 151, "spe": 236}, "types": ["Normal", "Flying"]}, "Blissey": {"name": "Blissey", "species": "Blissey", "speciesId": "blissey", "gender": "F", "shiny": false, "level": 85, "moves": ["stealthrock", "thunderwave", "softboiled", "seismictoss"], "ability": "Natural Cure", "evs": {"hp": 85, "atk": 0, "def": 85, "spa": 85, "spd": 85, "spe": 85}, "ivs": {"hp": 31, "atk": 0, "def": 31, "spa": 31, "spd": 31, "spe": 31}, "item": "Leftovers", "teraType": "Ghost", "role": "Bulky Support", "bvs": {"hp": 255, "atk": 10, "def": 10, "spa": 75, "spd": 135, "spe": 55}, "stats": {"hp": 572, "atk": 22, "def": 66, "spa": 176, "spd": 278, "spe": 142}, "types": ["Normal"]}, "Raging Bolt": {"name": "Raging Bolt", "species": "Raging Bolt", "speciesId": "ragingbolt", "gender": "N", "shiny": false, "level": 78, "moves": ["calmmind", "thunderclap", "thunderbolt", "dracometeor"], "ability": "Protosynthesis", "evs": {"hp": 85, "atk": 0, "def": 85, "spa": 85, "spd": 85, "spe": 85}, "ivs": {"hp": 31, "atk": 0, "def": 31, "spa": 31, "spd": 31, "spe": 31}, "item": "Leftovers", "teraType": "Fairy", "role": "Bulky Setup", "bvs": {"hp": 125, "atk": 73, "def": 91, "spa": 137, "spd": 89, "spe": 75}, "stats": {"hp": 323, "atk": 118, "def": 187, "spa": 259, "spd": 184, "spe": 162}, "types": ["Electric", "Dragon"]}, "Basculegion": {"name": "Basculegion", "species": "Basculegion", "speciesId": "basculegion", "gender": "M", "shiny": false, "level": 80, "moves": ["flipturn", "aquajet", "shadowball", "wavecrash"], "ability": "Adaptability", "evs": {"hp": 85, "atk": 85, "def": 85, "spa": 85, "spd": 85, "spe": 85}, "ivs": {"hp": 31, "atk": 31, "def": 31, "spa": 31, "spd": 31, "spe": 31}, "item": "Assault Vest", "teraType": "Water", "role": "AV Pivot", "bvs": {"hp": 120, "atk": 112, "def": 65, "spa": 80, "spd": 75, "spe": 78}, "stats": {"hp": 323, "atk": 225, "def": 150, "spa": 174, "spd": 166, "spe": 171}, "types": ["Water", "Ghost"]}}, {"Wigglytuff": {"name": "Wigglytuff", "species": "Wigglytuff", "speciesId": "wigglytuff", "gender": "F", "shiny": false, "level": 96, "moves": ["alluringvoice", "protect", "thunderwave", "wish"], "ability": "Competitive", "evs": {"hp": 85, "atk": 0, "def": 85, "spa": 85, "spd": 85, "spe": 85}, "ivs": {"hp": 31, "atk": 0, "def": 31, "spa": 31, "spd": 31, "spe": 31}, "item": "Leftovers", "teraType": "Steel", "role": "Bulky Support", "bvs": {"hp": 140, "atk": 70, "def": 45, "spa": 85, "spd": 50, "spe": 45}, "stats": {"hp": 424, "atk": 139, "def": 141, "spa": 218, "spd": 150, "spe": 141}, "types": ["Normal", "Fairy"]}, "Rotom": {"name": "Rotom", "species": "Rotom-Fan", "speciesId": "rotomfan", "gender": "N", "shiny": false, "level": 86, "moves": ["thunderwave", "airslash", "thunderbolt", "voltswitch"], "ability": "Levitate", "evs": {"hp": 85, "atk": 0, "def": 85, "spa": 85, "spd": 85, "spe": 85}, "ivs": {"hp": 31, "atk": 0, "def": 31, "spa": 31, "spd": 31, "spe": 31}, "item": "Heavy-Duty Boots", "teraType": "Electric", "role": "Bulky Attacker", "bvs": {"hp": 50, "atk": 65, "def": 107, "spa": 105, "spd": 107, "spe": 86}, "stats": {"hp": 226, "atk": 116, "def": 233, "spa": 230, "spd": 233, "spe": 197}, "types": ["Electric", "Flying"]}, "Drifblim": {"name": "Drifblim", "species": "Drifblim", "speciesId": "drifblim", "gender": "F", "shiny": false, "level": 86, "moves": ["defog", "airslash", "shadowball", "strengthsap"], "ability": "Aftermath", "evs": {"hp": 85, "atk": 0, "def": 85, "spa": 85, "spd": 85, "spe": 85}, "ivs": {"hp": 31, "atk": 0, "def": 31, "spa": 31, "spd": 31, "spe": 31}, "item": "Heavy-Duty Boots", "teraType": "Dark", "role": "Bulky Attacker", "bvs": {"hp": 150, "atk": 80, "def": 44, "spa": 90, "spd": 54, "spe": 80}, "stats": {"hp": 398, "atk": 142, "def": 125, "spa": 204, "spd": 142, "spe": 187}, "types": ["Ghost", "Flying"]}, "Phione": {"name": "Phione", "species": "Phione", "speciesId": "phione", "gender": "N", "shiny": false, "level": 91, "moves": ["scald", "takeheart", "sleeptalk", "rest"], "ability": "Hydration", "evs": {"hp": 85, "atk": 0, "def": 85, "spa": 85, "spd": 85, "spe": 85}, "ivs": {"hp": 31, "atk": 0, "def": 31, "spa": 31, "spd": 31, "spe": 31}, "item": "Leftovers", "teraType": "Dragon", "role": "Bulky Setup", "bvs": {"hp": 80, "atk": 80, "def": 80, "spa": 80, "spd": 80, "spe": 80}, "stats": {"hp": 293, "atk": 150, "def": 197, "spa": 197, "spd": 197, "spe": 197}, "types": ["Water"]}, "Dedenne": {"name": "Dedenne", "species": "Dedenne", "speciesId": "dedenne", "gender": "M", "shiny": false, "level": 88, "moves": ["dazzlinggleam", "thunderbolt", "nuzzle", "superfang"], "ability": "Cheek Pouch", "evs": {"hp": 85, "atk": 85, "def": 85, "spa": 85, "spd": 85, "spe": 85}, "ivs": {"hp": 31, "atk": 31, "def": 31, "spa": 31, "spd": 31, "spe": 31}, "item": "Sitrus Berry", "teraType": "Flying", "role": "Fast Support", "bvs": {"hp": 67, "atk": 58, "def": 57, "spa": 81, "spd": 67, "spe": 101}, "stats": {"hp": 261, "atk": 152, "def": 151, "spa": 193, "spd": 168, "spe": 228}, "types": ["Electric", "Fairy"]}, "Mesprit": {"name": "Mesprit", "species": "Mesprit", "speciesId": "mesprit", "gender": "N", "shiny": false, "level": 85, "moves": ["knockoff", "thunderbolt", "psychicnoise", "drainpunch"], "ability": "Levitate", "evs": {"hp": 85, "atk": 85, "def": 85, "spa": 85, "spd": 85, "spe": 85}, "ivs": {"hp": 31, "atk": 31, "def": 31, "spa": 31, "spd": 31, "spe": 31}, "item": "Assault Vest", "teraType": "Fighting", "role": "Bulky Attacker", "bvs": {"hp": 80, "atk": 105, "def": 105, "spa": 105, "spd": 105, "spe": 80}, "stats": {"hp": 275, "atk": 227, "def": 227, "spa": 227, "spd": 227, "spe": 185}, "types": ["Psychic"]}}]}