{"id": "gen9randombattle-2641449009", "format": "[Gen 9] Random Battle", "players": ["pnm123", "Chakraisgae"], "log": "|badge|p1|bronze|gen9randombattle|100-9\n|html|<div class=\"broadcast-red\"><strong>This battle is required to be public due to one or more player having a season medal.</strong><br />During the public phase, you can discuss the state of the ladder <a href=\"/seasondiscussion\">in a special chatroom.</a></div>\n|uhtml|medal-msg|<div class=\"broadcast-blue\">Curious what those medals under the avatar are? PS now has Ladder Seasons! For more information, check out the <a href=\"https://www.smogon.com/forums/threads/3740067/\">thread on Smogon.</a></div>\n|badge|p2|bronze|gen9randombattle|100-9\n|uhtml|medal-msg|<div class=\"broadcast-blue\">Curious what those medals under the avatar are? PS now has Ladder Seasons! For more information, check out the <a href=\"https://www.smogon.com/forums/threads/3740067/\">thread on Smogon.</a></div>\n|raw|<div class=\"broadcast-blue\"><strong>This battle is required to be public due to a player having a name starting with 'medal'.</div>\n|j|\u203dpnm123\n|j|\u2606Chakraisgae\n|t:|1782786440\n|gametype|singles\n|player|p1|pnm123|fisherman-gen4|2340\n|player|p2|Chakraisgae|102|2287\n|gen|9\n|tier|[Gen 9] Random Battle\n|rated|\n|rule|Species Clause: Limit one of each Pok\u00e9mon\n|rule|HP Percentage Mod: HP is shown in percentages\n|rule|Sleep Clause Mod: Limit one foe put to sleep\n|rule|Illusion Level Mod: Illusion disguises the Pok\u00e9mon's true level\n|\n|t:|1782786440\n|teamsize|p1|6\n|teamsize|p2|6\n|start\n|switch|p1a: Regirock|Regirock, L83|268/268\n|switch|p2a: Galvantula|Galvantula, L82, F|249/249\n|turn|1\n|inactive|Battle timer is ON: inactive players will automatically lose when time's up. (requested by pnm123)\n|inactive|pnm123 has 120 seconds left.\n|inactive|pnm123 has 90 seconds left.\n|\n|t:|1782786506\n|move|p2a: Galvantula|Sticky Web|p1a: Regirock\n|-sidestart|p1: pnm123|move: Sticky Web\n|move|p1a: Regirock|Iron Defense|p1a: Regirock\n|-boost|p1a: Regirock|def|2\n|\n|upkeep\n|turn|2\n|\n|t:|1782786520\n|move|p2a: Galvantula|Volt Switch|p1a: Regirock\n|-damage|p1a: Regirock|208/268\n|\n|t:|1782786523\n|switch|p2a: Iron Crown|Iron Crown, L78|268/268|[from] Volt Switch\n|move|p1a: Regirock|Body Press|p2a: Iron Crown\n|-damage|p2a: Iron Crown|87/268\n|\n|upkeep\n|turn|3\n|\n|t:|1782786539\n|switch|p1a: Alomomola|Alomomola, L87, F|429/429\n|-activate|p1a: Alomomola|move: Sticky Web\n|-unboost|p1a: Alomomola|spe|1\n|move|p2a: Iron Crown|Volt Switch|p1a: Alomomola\n|-supereffective|p1a: Alomomola\n|-damage|p1a: Alomomola|201/429\n|\n|t:|1782786543\n|-end|p2a: Iron Crown|Quark Drive|[silent]\n|switch|p2a: Galvantula|Galvantula, L82, F|249/249|[from] Volt Switch\n|\n|-heal|p1a: Alomomola|227/429|[from] item: Leftovers\n|upkeep\n|turn|4\n|\n|t:|1782786546\n|move|p1a: Alomomola|Protect|p1a: Alomomola\n|-singleturn|p1a: Alomomola|Protect\n|move|p2a: Galvantula|Thunder|p1a: Alomomola\n|-activate|p1a: Alomomola|move: Protect\n|\n|-heal|p1a: Alomomola|253/429|[from] item: Leftovers\n|upkeep\n|turn|5\n|\n|t:|1782786552\n|switch|p1a: Florges|Florges-White, L85, F|271/271\n|-activate|p1a: Florges|move: Sticky Web\n|-unboost|p1a: Florges|spe|1\n|move|p2a: Galvantula|Thunder|p1a: Florges\n|-damage|p1a: Florges|207/271\n|\n|-heal|p1a: Florges|223/271|[from] item: Leftovers\n|upkeep\n|turn|6\n|j| pop smoke\n|\n|t:|1782786556\n|move|p2a: Galvantula|Volt Switch|p1a: Florges\n|-damage|p1a: Florges|178/271\n|\n|t:|1782786566\n|switch|p2a: Clefable|Clefable, L83, M|293/293|[from] Volt Switch\n|move|p1a: Florges|Calm Mind|p1a: Florges\n|-boost|p1a: Florges|spa|1\n|-boost|p1a: Florges|spd|1\n|\n|-heal|p1a: Florges|194/271|[from] item: Leftovers\n|upkeep\n|turn|7\n|\n|t:|1782786572\n|move|p2a: Clefable|Knock Off|p1a: Florges\n|-resisted|p1a: Florges\n|-damage|p1a: Florges|151/271\n|-enditem|p1a: Florges|Leftovers|[from] move: Knock Off|[of] p2a: Clefable\n|move|p1a: Florges|Moonblast|p2a: Clefable\n|-damage|p2a: Clefable|130/293\n|\n|upkeep\n|turn|8\n|\n|t:|1782786577\n|move|p2a: Clefable|Stealth Rock|p1a: Florges\n|-sidestart|p1: pnm123|move: Stealth Rock\n|move|p1a: Florges|Synthesis|p1a: Florges\n|-heal|p1a: Florges|271/271\n|\n|upkeep\n|turn|9\n|\n|t:|1782786589\n|move|p2a: Clefable|Moonblast|p1a: Florges\n|-damage|p1a: Florges|216/271\n|move|p1a: Florges|Moonblast|p2a: Clefable\n|-damage|p2a: Clefable|0 fnt\n|faint|p2a: Clefable\n|\n|upkeep\n|\n|t:|1782786596\n|switch|p2a: Iron Crown|Iron Crown, L78|87/268\n|turn|10\n|\n|t:|1782786601\n|move|p2a: Iron Crown|Tachyon Cutter|p1a: Florges\n|-supereffective|p1a: Florges\n|-damage|p1a: Florges|138/271\n|-supereffective|p1a: Florges\n|-damage|p1a: Florges|72/271\n|-hitcount|p1a: Florges|2\n|move|p1a: Florges|Calm Mind|p1a: Florges\n|-boost|p1a: Florges|spa|1\n|-boost|p1a: Florges|spd|1\n|\n|upkeep\n|turn|11\n|\n|t:|1782786608\n|-terastallize|p1a: Florges|Ground\n|move|p2a: Iron Crown|Tachyon Cutter|p1a: Florges\n|-damage|p1a: Florges|45/271\n|-damage|p1a: Florges|17/271\n|-hitcount|p1a: Florges|2\n|move|p1a: Florges|Synthesis|p1a: Florges\n|-heal|p1a: Florges|152/271\n|\n|upkeep\n|turn|12\n|\n|t:|1782786616\n|-end|p2a: Iron Crown|Quark Drive|[silent]\n|switch|p2a: Mewtwo|Mewtwo, L72|272/272\n|-ability|p2a: Mewtwo|Pressure\n|move|p1a: Florges|Moonblast|p2a: Mewtwo\n|-damage|p2a: Mewtwo|0 fnt\n|faint|p2a: Mewtwo\n|\n|upkeep\n|\n|t:|1782786623\n|switch|p2a: Iron Crown|Iron Crown, L78|87/268\n|turn|13\n|\n|t:|1782786628\n|switch|p1a: Honchkrow|Honchkrow, L86, M|312/312\n|move|p2a: Iron Crown|Psyshock|p1a: Honchkrow\n|-immune|p1a: Honchkrow\n|\n|upkeep\n|turn|14\n|\n|t:|1782786634\n|-end|p2a: Iron Crown|Quark Drive|[silent]\n|switch|p2a: Dudunsparce|Dudunsparce, L83, M|343/343\n|move|p1a: Honchkrow|U-turn|p2a: Dudunsparce\n|-damage|p2a: Dudunsparce|270/343\n|-ability|p2a: Dudunsparce|Rattled|boost\n|-boost|p2a: Dudunsparce|spe|1\n|\n|t:|1782786642\n|switch|p1a: Pawmot|Pawmot, L80, M|243/243|[from] U-turn\n|-activate|p1a: Pawmot|move: Sticky Web\n|-unboost|p1a: Pawmot|spe|1\n|-damage|p1a: Pawmot|228/243|[from] Stealth Rock\n|\n|-heal|p2a: Dudunsparce|291/343|[from] item: Leftovers\n|upkeep\n|turn|15\n|\n|t:|1782786649\n|move|p2a: Dudunsparce|Boomburst|p1a: Pawmot\n|-damage|p1a: Pawmot|51/243\n|move|p1a: Pawmot|Nuzzle|p2a: Dudunsparce\n|-damage|p2a: Dudunsparce|264/343\n|-status|p2a: Dudunsparce|par\n|\n|-heal|p2a: Dudunsparce|285/343 par|[from] item: Leftovers\n|upkeep\n|turn|16\n|\n|t:|1782786655\n|switch|p2a: Galvantula|Galvantula, L82, F|249/249\n|move|p1a: Pawmot|Close Combat|p2a: Galvantula\n|-resisted|p2a: Galvantula\n|-damage|p2a: Galvantula|164/249\n|-unboost|p1a: Pawmot|def|1\n|-unboost|p1a: Pawmot|spd|1\n|\n|upkeep\n|turn|17\n|\n|t:|1782786664\n|move|p2a: Galvantula|Bug Buzz|p1a: Pawmot\n|-resisted|p1a: Pawmot\n|-damage|p1a: Pawmot|0 fnt\n|faint|p1a: Pawmot\n|\n|upkeep\n|\n|t:|1782786667\n|switch|p1a: Florges|Florges-White, L85, F, tera:Ground|152/271\n|-activate|p1a: Florges|move: Sticky Web\n|-unboost|p1a: Florges|spe|1\n|-damage|p1a: Florges|136/271|[from] Stealth Rock\n|turn|18\n|\n|t:|1782786670\n|switch|p2a: Iron Crown|Iron Crown, L78|87/268\n|move|p1a: Florges|Synthesis|p1a: Florges\n|-heal|p1a: Florges|271/271\n|\n|upkeep\n|turn|19\n|\n|t:|1782786676\n|move|p2a: Iron Crown|Psyshock|p1a: Florges\n|-damage|p1a: Florges|99/271\n|move|p1a: Florges|Calm Mind|p1a: Florges\n|-boost|p1a: Florges|spa|1\n|-boost|p1a: Florges|spd|1\n|\n|upkeep\n|turn|20\n|\n|t:|1782786682\n|-end|p2a: Iron Crown|Quark Drive|[silent]\n|switch|p2a: Galvantula|Galvantula, L82, F|164/249\n|move|p1a: Florges|Moonblast|p2a: Galvantula\n|-damage|p2a: Galvantula|0 fnt\n|faint|p2a: Galvantula\n|\n|upkeep\n|\n|t:|1782786684\n|switch|p2a: Iron Crown|Iron Crown, L78|87/268\n|turn|21\n|\n|t:|1782786688\n|move|p2a: Iron Crown|Psyshock|p1a: Florges\n|-damage|p1a: Florges|0 fnt\n|faint|p1a: Florges\n|\n|upkeep\n|\n|t:|1782786690\n|switch|p1a: Honchkrow|Honchkrow, L86, M|312/312\n|turn|22\n|\n|t:|1782786694\n|-end|p2a: Iron Crown|Quark Drive|[silent]\n|switch|p2a: Dudunsparce|Dudunsparce, L83, M|285/343 par\n|move|p1a: Honchkrow|Brave Bird|p2a: Dudunsparce\n|-damage|p2a: Dudunsparce|110/343 par\n|-damage|p1a: Honchkrow|254/312|[from] Recoil\n|\n|-heal|p2a: Dudunsparce|131/343 par|[from] item: Leftovers\n|upkeep\n|turn|23\n|\n|t:|1782786702\n|switch|p2a: Iron Crown|Iron Crown, L78|87/268\n|move|p1a: Honchkrow|Brave Bird|p2a: Iron Crown\n|-resisted|p2a: Iron Crown\n|-damage|p2a: Iron Crown|4/268\n|-damage|p1a: Honchkrow|227/312|[from] Recoil\n|\n|upkeep\n|turn|24\n|\n|t:|1782786708\n|-end|p2a: Iron Crown|Quark Drive|[silent]\n|switch|p2a: Suicune|Suicune, L82|298/298\n|-ability|p2a: Suicune|Pressure\n|move|p1a: Honchkrow|Sucker Punch||[still]\n|-fail|p1a: Honchkrow\n|\n|upkeep\n|turn|25\n|\n|t:|1782786720\n|switch|p1a: Meowstic|Meowstic, L89, M|277/277\n|-activate|p1a: Meowstic|move: Sticky Web\n|-unboost|p1a: Meowstic|spe|1\n|-damage|p1a: Meowstic|243/277|[from] Stealth Rock\n|-terastallize|p2a: Suicune|Steel\n|move|p2a: Suicune|Calm Mind|p2a: Suicune\n|-boost|p2a: Suicune|spa|1\n|-boost|p2a: Suicune|spd|1\n|\n|-heal|p1a: Meowstic|260/277|[from] item: Leftovers\n|upkeep\n|turn|26\n|\n|t:|1782786725\n|move|p1a: Meowstic|Thunder Wave|p2a: Suicune\n|-status|p2a: Suicune|par\n|move|p2a: Suicune|Substitute|p2a: Suicune\n|-start|p2a: Suicune|Substitute\n|-damage|p2a: Suicune|224/298 par\n|\n|-heal|p1a: Meowstic|277/277|[from] item: Leftovers\n|-heal|p2a: Suicune|242/298 par|[from] item: Leftovers\n|upkeep\n|turn|27\n|\n|t:|1782786735\n|switch|p1a: Alomomola|Alomomola, L87, F|396/429\n|-activate|p1a: Alomomola|move: Sticky Web\n|-unboost|p1a: Alomomola|spe|1\n|-damage|p1a: Alomomola|343/429|[from] Stealth Rock\n|cant|p2a: Suicune|par\n|\n|-heal|p1a: Alomomola|369/429|[from] item: Leftovers\n|-heal|p2a: Suicune|260/298 par|[from] item: Leftovers\n|upkeep\n|turn|28\n|\n|t:|1782786737\n|move|p1a: Alomomola|Scald|p2a: Suicune\n|-activate|p2a: Suicune|move: Substitute|[damage]\n|move|p2a: Suicune|Calm Mind|p2a: Suicune\n|-boost|p2a: Suicune|spa|1\n|-boost|p2a: Suicune|spd|1\n|\n|-heal|p1a: Alomomola|395/429|[from] item: Leftovers\n|-heal|p2a: Suicune|278/298 par|[from] item: Leftovers\n|upkeep\n|turn|29\n|\n|t:|1782786742\n|move|p1a: Alomomola|Scald|p2a: Suicune\n|-activate|p2a: Suicune|move: Substitute|[damage]\n|move|p2a: Suicune|Calm Mind|p2a: Suicune\n|-boost|p2a: Suicune|spa|1\n|-boost|p2a: Suicune|spd|1\n|\n|-heal|p1a: Alomomola|421/429|[from] item: Leftovers\n|-heal|p2a: Suicune|296/298 par|[from] item: Leftovers\n|upkeep\n|turn|30\n|\n|t:|1782786745\n|move|p1a: Alomomola|Scald|p2a: Suicune\n|-activate|p2a: Suicune|move: Substitute|[damage]\n|cant|p2a: Suicune|par\n|\n|-heal|p1a: Alomomola|429/429|[from] item: Leftovers\n|-heal|p2a: Suicune|298/298 par|[from] item: Leftovers\n|upkeep\n|turn|31\n|\n|t:|1782786749\n|move|p1a: Alomomola|Flip Turn|p2a: Suicune\n|-end|p2a: Suicune|Substitute\n|\n|t:|1782786750\n|switch|p1a: Regirock|Regirock, L83|208/268|[from] Flip Turn\n|-activate|p1a: Regirock|move: Sticky Web\n|-fail|p1a: Regirock|unboost|[from] ability: Clear Body|[of] p1a: Regirock\n|-damage|p1a: Regirock|175/268|[from] Stealth Rock\n|move|p2a: Suicune|Substitute|p2a: Suicune\n|-start|p2a: Suicune|Substitute\n|-damage|p2a: Suicune|224/298 par\n|\n|-heal|p2a: Suicune|242/298 par|[from] item: Leftovers\n|upkeep\n|turn|32\n|\n|t:|1782786759\n|switch|p1a: Alomomola|Alomomola, L87, F|429/429\n|-activate|p1a: Alomomola|move: Sticky Web\n|-unboost|p1a: Alomomola|spe|1\n|-damage|p1a: Alomomola|376/429|[from] Stealth Rock\n|move|p2a: Suicune|Scald|p1a: Alomomola\n|-resisted|p1a: Alomomola\n|-damage|p1a: Alomomola|238/429\n|\n|-heal|p1a: Alomomola|264/429|[from] item: Leftovers\n|-heal|p2a: Suicune|260/298 par|[from] item: Leftovers\n|upkeep\n|turn|33\n|\n|t:|1782786763\n|move|p1a: Alomomola|Wish|p1a: Alomomola\n|move|p2a: Suicune|Scald|p1a: Alomomola\n|-resisted|p1a: Alomomola\n|-damage|p1a: Alomomola|112/429\n|\n|-heal|p1a: Alomomola|138/429|[from] item: Leftovers\n|-heal|p2a: Suicune|278/298 par|[from] item: Leftovers\n|upkeep\n|turn|34\n|\n|t:|1782786768\n|move|p1a: Alomomola|Protect|p1a: Alomomola\n|-singleturn|p1a: Alomomola|Protect\n|move|p2a: Suicune|Calm Mind|p2a: Suicune\n|-boost|p2a: Suicune|spa|1\n|-boost|p2a: Suicune|spd|1\n|\n|-heal|p1a: Alomomola|352/429|[from] move: Wish|[wisher] Alomomola\n|-heal|p1a: Alomomola|378/429|[from] item: Leftovers\n|-heal|p2a: Suicune|296/298 par|[from] item: Leftovers\n|upkeep\n|turn|35\n|\n|t:|1782786779\n|move|p1a: Alomomola|Wish|p1a: Alomomola\n|move|p2a: Suicune|Calm Mind|p2a: Suicune\n|-boost|p2a: Suicune|spa|1\n|-boost|p2a: Suicune|spd|1\n|\n|-heal|p1a: Alomomola|404/429|[from] item: Leftovers\n|-heal|p2a: Suicune|298/298 par|[from] item: Leftovers\n|upkeep\n|turn|36\n|\n|t:|1782786782\n|move|p1a: Alomomola|Scald|p2a: Suicune\n|-activate|p2a: Suicune|move: Substitute|[damage]\n|move|p2a: Suicune|Calm Mind|p2a: Suicune\n|-boost|p2a: Suicune|spa|1\n|-boost|p2a: Suicune|spd|1\n|\n|-heal|p1a: Alomomola|429/429|[from] move: Wish|[wisher] Alomomola\n|upkeep\n|turn|37\n|\n|t:|1782786784\n|move|p1a: Alomomola|Scald|p2a: Suicune\n|-activate|p2a: Suicune|move: Substitute|[damage]\n|move|p2a: Suicune|Scald|p1a: Alomomola\n|-resisted|p1a: Alomomola\n|-damage|p1a: Alomomola|217/429\n|-status|p1a: Alomomola|brn\n|\n|-heal|p1a: Alomomola|243/429 brn|[from] item: Leftovers\n|-damage|p1a: Alomomola|217/429 brn|[from] brn\n|upkeep\n|turn|38\n|\n|t:|1782786788\n|move|p1a: Alomomola|Scald|p2a: Suicune\n|-activate|p2a: Suicune|move: Substitute|[damage]\n|cant|p2a: Suicune|par\n|\n|-heal|p1a: Alomomola|243/429 brn|[from] item: Leftovers\n|-damage|p1a: Alomomola|217/429 brn|[from] brn\n|upkeep\n|turn|39\n|\n|t:|1782786790\n|move|p1a: Alomomola|Wish|p1a: Alomomola\n|move|p2a: Suicune|Substitute|p2a: Suicune\n|-fail|p2a: Suicune|move: Substitute\n|\n|-heal|p1a: Alomomola|243/429 brn|[from] item: Leftovers\n|-damage|p1a: Alomomola|217/429 brn|[from] brn\n|upkeep\n|turn|40\n|\n|t:|1782786793\n|move|p1a: Alomomola|Scald|p2a: Suicune\n|-activate|p2a: Suicune|move: Substitute|[damage]\n|move|p2a: Suicune|Substitute|p2a: Suicune\n|-fail|p2a: Suicune|move: Substitute\n|\n|-heal|p1a: Alomomola|429/429 brn|[from] move: Wish|[wisher] Alomomola\n|-damage|p1a: Alomomola|403/429 brn|[from] brn\n|upkeep\n|turn|41\n|\n|t:|1782786796\n|move|p1a: Alomomola|Protect|p1a: Alomomola\n|-singleturn|p1a: Alomomola|Protect\n|move|p2a: Suicune|Substitute|p2a: Suicune\n|-fail|p2a: Suicune|move: Substitute\n|\n|-heal|p1a: Alomomola|429/429 brn|[from] item: Leftovers\n|-damage|p1a: Alomomola|403/429 brn|[from] brn\n|upkeep\n|turn|42\n|\n|t:|1782786800\n|move|p1a: Alomomola|Wish|p1a: Alomomola\n|move|p2a: Suicune|Scald|p1a: Alomomola\n|-resisted|p1a: Alomomola\n|-damage|p1a: Alomomola|176/429 brn\n|\n|-heal|p1a: Alomomola|202/429 brn|[from] item: Leftovers\n|-damage|p1a: Alomomola|176/429 brn|[from] brn\n|upkeep\n|turn|43\n|\n|t:|1782786803\n|move|p1a: Alomomola|Protect|p1a: Alomomola\n|-singleturn|p1a: Alomomola|Protect\n|move|p2a: Suicune|Substitute|p2a: Suicune\n|-fail|p2a: Suicune|move: Substitute\n|\n|-heal|p1a: Alomomola|390/429 brn|[from] move: Wish|[wisher] Alomomola\n|-heal|p1a: Alomomola|416/429 brn|[from] item: Leftovers\n|-damage|p1a: Alomomola|390/429 brn|[from] brn\n|upkeep\n|turn|44\n|\n|t:|1782786806\n|move|p1a: Alomomola|Wish|p1a: Alomomola\n|move|p2a: Suicune|Substitute|p2a: Suicune\n|-fail|p2a: Suicune|move: Substitute\n|\n|-heal|p1a: Alomomola|416/429 brn|[from] item: Leftovers\n|-damage|p1a: Alomomola|390/429 brn|[from] brn\n|upkeep\n|turn|45\n|\n|t:|1782786809\n|move|p1a: Alomomola|Scald|p2a: Suicune\n|-activate|p2a: Suicune|move: Substitute|[damage]\n|move|p2a: Suicune|Scald|p1a: Alomomola\n|-resisted|p1a: Alomomola\n|-damage|p1a: Alomomola|163/429 brn\n|\n|-heal|p1a: Alomomola|377/429 brn|[from] move: Wish|[wisher] Alomomola\n|-heal|p1a: Alomomola|403/429 brn|[from] item: Leftovers\n|-damage|p1a: Alomomola|377/429 brn|[from] brn\n|upkeep\n|turn|46\n|\n|t:|1782786813\n|move|p1a: Alomomola|Protect|p1a: Alomomola\n|-singleturn|p1a: Alomomola|Protect\n|move|p2a: Suicune|Scald|p1a: Alomomola\n|-activate|p1a: Alomomola|move: Protect\n|\n|-heal|p1a: Alomomola|403/429 brn|[from] item: Leftovers\n|-damage|p1a: Alomomola|377/429 brn|[from] brn\n|upkeep\n|turn|47\n|\n|t:|1782786815\n|move|p1a: Alomomola|Wish|p1a: Alomomola\n|move|p2a: Suicune|Scald|p1a: Alomomola\n|-resisted|p1a: Alomomola\n|-damage|p1a: Alomomola|131/429 brn\n|\n|-heal|p1a: Alomomola|157/429 brn|[from] item: Leftovers\n|-damage|p1a: Alomomola|131/429 brn|[from] brn\n|upkeep\n|turn|48\n|\n|t:|1782786822\n|move|p1a: Alomomola|Protect|p1a: Alomomola\n|-singleturn|p1a: Alomomola|Protect\n|move|p2a: Suicune|Scald|p1a: Alomomola\n|-activate|p1a: Alomomola|move: Protect\n|\n|-heal|p1a: Alomomola|345/429 brn|[from] move: Wish|[wisher] Alomomola\n|-heal|p1a: Alomomola|371/429 brn|[from] item: Leftovers\n|-damage|p1a: Alomomola|345/429 brn|[from] brn\n|upkeep\n|turn|49\n|\n|t:|1782786837\n|move|p1a: Alomomola|Wish|p1a: Alomomola\n|move|p2a: Suicune|Scald|p1a: Alomomola\n|-resisted|p1a: Alomomola\n|-damage|p1a: Alomomola|133/429 brn\n|\n|-heal|p1a: Alomomola|159/429 brn|[from] item: Leftovers\n|-damage|p1a: Alomomola|133/429 brn|[from] brn\n|upkeep\n|turn|50\n|\n|t:|1782786847\n|move|p1a: Alomomola|Protect|p1a: Alomomola\n|-singleturn|p1a: Alomomola|Protect\n|move|p2a: Suicune|Substitute|p2a: Suicune\n|-fail|p2a: Suicune|move: Substitute\n|\n|-heal|p1a: Alomomola|347/429 brn|[from] move: Wish|[wisher] Alomomola\n|-heal|p1a: Alomomola|373/429 brn|[from] item: Leftovers\n|-damage|p1a: Alomomola|347/429 brn|[from] brn\n|upkeep\n|turn|51\n|\n|t:|1782786853\n|move|p1a: Alomomola|Wish|p1a: Alomomola\n|move|p2a: Suicune|Scald|p1a: Alomomola\n|-resisted|p1a: Alomomola\n|-damage|p1a: Alomomola|131/429 brn\n|\n|-heal|p1a: Alomomola|157/429 brn|[from] item: Leftovers\n|-damage|p1a: Alomomola|131/429 brn|[from] brn\n|upkeep\n|turn|52\n|\n|t:|1782786858\n|move|p1a: Alomomola|Protect|p1a: Alomomola\n|-singleturn|p1a: Alomomola|Protect\n|move|p2a: Suicune|Calm Mind|p2a: Suicune\n|-boost|p2a: Suicune|spa|0\n|-boost|p2a: Suicune|spd|0\n|\n|-heal|p1a: Alomomola|345/429 brn|[from] move: Wish|[wisher] Alomomola\n|-heal|p1a: Alomomola|371/429 brn|[from] item: Leftovers\n|-damage|p1a: Alomomola|345/429 brn|[from] brn\n|upkeep\n|turn|53\n|\n|t:|1782786865\n|move|p1a: Alomomola|Wish|p1a: Alomomola\n|move|p2a: Suicune|Scald|p1a: Alomomola\n|-resisted|p1a: Alomomola\n|-damage|p1a: Alomomola|123/429 brn\n|\n|-heal|p1a: Alomomola|149/429 brn|[from] item: Leftovers\n|-damage|p1a: Alomomola|123/429 brn|[from] brn\n|upkeep\n|turn|54\n|\n|t:|1782786870\n|move|p1a: Alomomola|Protect|p1a: Alomomola\n|-singleturn|p1a: Alomomola|Protect\n|cant|p2a: Suicune|par\n|\n|-heal|p1a: Alomomola|337/429 brn|[from] move: Wish|[wisher] Alomomola\n|-heal|p1a: Alomomola|363/429 brn|[from] item: Leftovers\n|-damage|p1a: Alomomola|337/429 brn|[from] brn\n|upkeep\n|turn|55\n|\n|t:|1782786873\n|move|p1a: Alomomola|Wish|p1a: Alomomola\n|move|p2a: Suicune|Calm Mind|p2a: Suicune\n|-boost|p2a: Suicune|spa|0\n|-boost|p2a: Suicune|spd|0\n|\n|-heal|p1a: Alomomola|363/429 brn|[from] item: Leftovers\n|-damage|p1a: Alomomola|337/429 brn|[from] brn\n|upkeep\n|turn|56\n|\n|t:|1782786877\n|move|p1a: Alomomola|Scald|p2a: Suicune\n|-activate|p2a: Suicune|move: Substitute|[damage]\n|move|p2a: Suicune|Substitute|p2a: Suicune\n|-fail|p2a: Suicune|move: Substitute\n|\n|-heal|p1a: Alomomola|429/429 brn|[from] move: Wish|[wisher] Alomomola\n|-damage|p1a: Alomomola|403/429 brn|[from] brn\n|upkeep\n|turn|57\n|\n|t:|1782786881\n|move|p1a: Alomomola|Protect|p1a: Alomomola\n|-singleturn|p1a: Alomomola|Protect\n|move|p2a: Suicune|Calm Mind|p2a: Suicune\n|-boost|p2a: Suicune|spa|0\n|-boost|p2a: Suicune|spd|0\n|\n|-heal|p1a: Alomomola|429/429 brn|[from] item: Leftovers\n|-damage|p1a: Alomomola|403/429 brn|[from] brn\n|upkeep\n|turn|58\n|\n|t:|1782786883\n|move|p1a: Alomomola|Wish|p1a: Alomomola\n|cant|p2a: Suicune|par\n|\n|-heal|p1a: Alomomola|429/429 brn|[from] item: Leftovers\n|-damage|p1a: Alomomola|403/429 brn|[from] brn\n|upkeep\n|turn|59\n|\n|t:|1782786887\n|move|p1a: Alomomola|Flip Turn|p2a: Suicune\n|-end|p2a: Suicune|Substitute\n|\n|t:|1782786889\n|switch|p1a: Regirock|Regirock, L83|175/268|[from] Flip Turn\n|-activate|p1a: Regirock|move: Sticky Web\n|-fail|p1a: Regirock|unboost|[from] ability: Clear Body|[of] p1a: Regirock\n|-damage|p1a: Regirock|142/268|[from] Stealth Rock\n|move|p2a: Suicune|Calm Mind|p2a: Suicune\n|-boost|p2a: Suicune|spa|0\n|-boost|p2a: Suicune|spd|0\n|\n|-heal|p1a: Regirock|268/268|[from] move: Wish|[wisher] Alomomola\n|upkeep\n|turn|60\n|\n|t:|1782786893\n|move|p1a: Regirock|Body Press|p2a: Suicune\n|-supereffective|p2a: Suicune\n|-damage|p2a: Suicune|134/298 par\n|move|p2a: Suicune|Scald|p1a: Regirock\n|-supereffective|p1a: Regirock\n|-damage|p1a: Regirock|0 fnt\n|faint|p1a: Regirock\n|\n|-heal|p2a: Suicune|152/298 par|[from] item: Leftovers\n|upkeep\n|\n|t:|1782786897\n|switch|p1a: Meowstic|Meowstic, L89, M|277/277\n|-activate|p1a: Meowstic|move: Sticky Web\n|-unboost|p1a: Meowstic|spe|1\n|-damage|p1a: Meowstic|243/277|[from] Stealth Rock\n|turn|61\n|\n|t:|1782786903\n|move|p1a: Meowstic|Psychic Noise|p2a: Suicune\n|-resisted|p2a: Suicune\n|-damage|p2a: Suicune|144/298 par\n|-start|p2a: Suicune|move: Heal Block\n|move|p2a: Suicune|Substitute|p2a: Suicune\n|-start|p2a: Suicune|Substitute\n|-damage|p2a: Suicune|70/298 par\n|\n|-heal|p1a: Meowstic|260/277|[from] item: Leftovers\n|upkeep\n|turn|62\n|\n|t:|1782786909\n|move|p1a: Meowstic|Psychic Noise|p2a: Suicune\n|-resisted|p2a: Suicune\n|-damage|p2a: Suicune|61/298 par\n|move|p2a: Suicune|Scald|p1a: Meowstic\n|-damage|p1a: Meowstic|0 fnt\n|faint|p1a: Meowstic\n|\n|-end|p2a: Suicune|move: Heal Block\n|upkeep\n|\n|t:|1782786914\n|switch|p1a: Alomomola|Alomomola, L87, F|429/429 brn\n|-activate|p1a: Alomomola|move: Sticky Web\n|-unboost|p1a: Alomomola|spe|1\n|-damage|p1a: Alomomola|376/429 brn|[from] Stealth Rock\n|turn|63\n|\n|t:|1782786917\n|cant|p2a: Suicune|par\n|move|p1a: Alomomola|Scald|p2a: Suicune\n|-activate|p2a: Suicune|move: Substitute|[damage]\n|\n|-heal|p1a: Alomomola|402/429 brn|[from] item: Leftovers\n|-heal|p2a: Suicune|79/298 par|[from] item: Leftovers\n|-damage|p1a: Alomomola|376/429 brn|[from] brn\n|upkeep\n|turn|64\n|\n|t:|1782786922\n|move|p1a: Alomomola|Flip Turn|p2a: Suicune\n|-activate|p2a: Suicune|move: Substitute|[damage]\n|\n|t:|1782786923\n|switch|p1a: Honchkrow|Honchkrow, L86, M|227/312|[from] Flip Turn\n|cant|p2a: Suicune|par\n|\n|-heal|p2a: Suicune|97/298 par|[from] item: Leftovers\n|upkeep\n|turn|65\n|\n|t:|1782786926\n|move|p1a: Honchkrow|U-turn|p2a: Suicune\n|-resisted|p2a: Suicune\n|-activate|p2a: Suicune|move: Substitute|[damage]\n|\n|t:|1782786927\n|switch|p1a: Alomomola|Alomomola, L87, F|429/429 brn|[from] U-turn\n|-activate|p1a: Alomomola|move: Sticky Web\n|-unboost|p1a: Alomomola|spe|1\n|-damage|p1a: Alomomola|376/429 brn|[from] Stealth Rock\n|move|p2a: Suicune|Scald|p1a: Alomomola\n|-resisted|p1a: Alomomola\n|-damage|p1a: Alomomola|157/429 brn\n|\n|-heal|p1a: Alomomola|183/429 brn|[from] item: Leftovers\n|-heal|p2a: Suicune|115/298 par|[from] item: Leftovers\n|-damage|p1a: Alomomola|157/429 brn|[from] brn\n|upkeep\n|turn|66\n|\n|t:|1782786932\n|move|p1a: Alomomola|Scald|p2a: Suicune\n|-activate|p2a: Suicune|move: Substitute|[damage]\n|move|p2a: Suicune|Scald|p1a: Alomomola\n|-resisted|p1a: Alomomola\n|-damage|p1a: Alomomola|0 fnt\n|faint|p1a: Alomomola\n|\n|-heal|p2a: Suicune|133/298 par|[from] item: Leftovers\n|upkeep\n|\n|t:|1782786934\n|switch|p1a: Honchkrow|Honchkrow, L86, M|227/312\n|turn|67\n|\n|t:|1782786939\n|move|p1a: Honchkrow|Brave Bird|p2a: Suicune\n|-resisted|p2a: Suicune\n|-end|p2a: Suicune|Substitute\n|-damage|p1a: Honchkrow|226/312|[from] Recoil|[of] p2a: Suicune\n|cant|p2a: Suicune|par\n|\n|-heal|p2a: Suicune|151/298 par|[from] item: Leftovers\n|upkeep\n|turn|68\n|\n|t:|1782786944\n|move|p1a: Honchkrow|Brave Bird|p2a: Suicune\n|-resisted|p2a: Suicune\n|-damage|p2a: Suicune|88/298 par\n|-damage|p1a: Honchkrow|205/312|[from] Recoil\n|cant|p2a: Suicune|par\n|\n|-heal|p2a: Suicune|106/298 par|[from] item: Leftovers\n|upkeep\n|turn|69\n|\n|t:|1782786948\n|cant|p2a: Suicune|par\n|move|p1a: Honchkrow|Sucker Punch||[still]\n|-fail|p1a: Honchkrow\n|\n|-heal|p2a: Suicune|124/298 par|[from] item: Leftovers\n|upkeep\n|turn|70\n|\n|t:|1782786952\n|move|p1a: Honchkrow|Sucker Punch|p2a: Suicune\n|-damage|p2a: Suicune|46/298 par\n|move|p2a: Suicune|Scald|p1a: Honchkrow\n|-damage|p1a: Honchkrow|0 fnt\n|faint|p1a: Honchkrow\n|\n|win|Chakraisgae\n", "inputlog": ">version f8ac14003a5f27e1bdc8d8c59608a773c1cb96e5\n>start {\"formatid\":\"gen9randombattle\",\"seed\":\"sodium,960c6b78468313d1d338179c62e0418f\",\"rated\":\"Rated battle\"}\n>player p1 {\"name\":\"pnm123\",\"avatar\":\"fisherman-gen4\",\"rating\":2340,\"seed\":\"sodium,ea90358e57213a2bf9d04dbb44a2d9b6\"}\n>player p2 {\"name\":\"Chakraisgae\",\"avatar\":\"102\",\"rating\":2287,\"seed\":\"sodium,4951a55b400ab022abedc26c737c7fe8\"}\n>p1 move irondefense\n>p2 move stickyweb\n>p1 move bodypress\n>p2 move voltswitch\n>p2 switch 5\n>p1 switch 4\n>p2 move voltswitch\n>p2 switch 5\n>p1 move protect\n>p2 move thunder\n>p1 switch 6\n>p2 move thunder\n>p1 move calmmind\n>p2 move voltswitch\n>p2 switch 2\n>p1 move moonblast\n>p2 move knockoff\n>p1 move synthesis\n>p2 move stealthrock\n>p1 move moonblast\n>p2 move moonblast\n>p2 switch 5\n>p1 move calmmind\n>p2 move tachyoncutter\n>p1 move synthesis terastallize\n>p2 move tachyoncutter\n>p1 move moonblast\n>p2 switch 4\n>p2 switch 4\n>p1 switch 2\n>p2 move psyshock\n>p1 move uturn\n>p2 switch 3\n>p1 switch 3\n>p1 move nuzzle\n>p2 move boomburst\n>p1 move closecombat\n>p2 switch 2\n>p1 move doubleshock\n>p2 move bugbuzz\n>p1 switch 2\n>p1 move synthesis\n>p2 switch 3\n>p1 move calmmind\n>p2 move psyshock\n>p1 move moonblast\n>p2 switch 3\n>p2 switch 3\n>p1 move synthesis\n>p2 move psyshock\n>p1 switch 3\n>p1 move bravebird\n>p2 switch 2\n>p1 move bravebird\n>p2 switch 2\n>p1 move suckerpunch\n>p2 switch 6\n>p1 switch 5\n>p2 move calmmind terastallize\n>p1 move thunderwave\n>p2 move substitute\n>p1 switch 6\n>p2 move calmmind\n>p1 move scald\n>p2 move calmmind\n>p1 move scald\n>p2 move calmmind\n>p1 move scald\n>p2 move substitute\n>p1 move flipturn\n>p2 move substitute\n>p1 switch 4\n>p1 switch 4\n>p2 move scald\n>p1 move wish\n>p2 move scald\n>p1 move protect\n>p2 move calmmind\n>p1 move wish\n>p2 move calmmind\n>p1 move scald\n>p2 move calmmind\n>p1 move scald\n>p2 move scald\n>p1 move scald\n>p2 move scald\n>p1 move wish\n>p2 move substitute\n>p1 move scald\n>p2 move substitute\n>p1 move protect\n>p2 move substitute\n>p1 move wish\n>p2 move scald\n>p1 move protect\n>p2 move substitute\n>p1 move wish\n>p2 move substitute\n>p1 move scald\n>p2 move scald\n>p1 move protect\n>p2 move scald\n>p1 move wish\n>p2 move scald\n>p1 move protect\n>p2 move scald\n>p1 move wish\n>p2 move scald\n>p1 move protect\n>p2 move substitute\n>p1 move wish\n>p2 move scald\n>p1 move protect\n>p2 move calmmind\n>p1 move wish\n>p2 move scald\n>p1 move protect\n>p2 move calmmind\n>p1 move wish\n>p2 move calmmind\n>p1 move scald\n>p2 move substitute\n>p1 move protect\n>p2 move calmmind\n>p1 move wish\n>p2 move scald\n>p1 move flipturn\n>p2 move calmmind\n>p1 switch 4\n>p1 move bodypress\n>p2 move scald\n>p1 switch 6\n>p1 move psychicnoise\n>p2 move substitute\n>p1 move psychicnoise\n>p2 move scald\n>p1 switch 4\n>p1 move scald\n>p2 move protect\n>p1 move flipturn\n>p2 move calmmind\n>p1 switch 5\n>p1 move uturn\n>p2 move scald\n>p1 switch 5\n>p1 move scald\n>p2 move scald\n>p1 switch 5\n>p1 move bravebird\n>p2 move scald\n>p1 move bravebird\n>p2 move scald\n>p1 move suckerpunch\n>p2 move protect\n>p1 move suckerpunch\n>p2 move scald", "uploadtime": 1782786442, "views": 3, "formatid": "gen9randombattle", "rating": null, "private": 0, "password": null, "player_dets": [{"name": "pnm123", "avatar": "fisherman-gen4", "rating": 2340, "seed": "sodium,ea90358e57213a2bf9d04dbb44a2d9b6"}, {"name": "Chakraisgae", "avatar": "102", "rating": 2287, "seed": "sodium,4951a55b400ab022abedc26c737c7fe8"}], "teams_full": [{"Regirock": {"name": "Regirock", "species": "Regirock", "speciesId": "regirock", "gender": "N", "shiny": false, "level": 83, "moves": ["stoneedge", "irondefense", "rest", "bodypress"], "ability": "Clear Body", "evs": {"hp": 85, "atk": 85, "def": 85, "spa": 85, "spd": 85, "spe": 85}, "ivs": {"hp": 31, "atk": 31, "def": 31, "spa": 31, "spd": 31, "spe": 31}, "item": "Chesto Berry", "teraType": "Fighting", "role": "Bulky Setup", "bvs": {"hp": 80, "atk": 100, "def": 200, "spa": 50, "spd": 100, "spe": 50}, "stats": {"hp": 268, "atk": 214, "def": 380, "spa": 131, "spd": 214, "spe": 131}, "types": ["Rock"]}, "Honchkrow": {"name": "Honchkrow", "species": "Honchkrow", "speciesId": "honchkrow", "gender": "M", "shiny": false, "level": 86, "moves": ["uturn", "bravebird", "heatwave", "suckerpunch"], "ability": "Moxie", "evs": {"hp": 85, "atk": 85, "def": 85, "spa": 85, "spd": 85, "spe": 85}, "ivs": {"hp": 31, "atk": 31, "def": 31, "spa": 31, "spd": 31, "spe": 31}, "item": "Heavy-Duty Boots", "teraType": "Dark", "role": "Fast Attacker", "bvs": {"hp": 100, "atk": 125, "def": 52, "spa": 105, "spd": 52, "spe": 71}, "stats": {"hp": 312, "atk": 264, "def": 139, "spa": 230, "spd": 139, "spe": 171}, "types": ["Dark", "Flying"]}, "Pawmot": {"name": "Pawmot", "species": "Pawmot", "speciesId": "pawmot", "gender": "M", "shiny": false, "level": 80, "moves": ["nuzzle", "doubleshock", "closecombat", "revivalblessing"], "ability": "Volt Absorb", "evs": {"hp": 85, "atk": 85, "def": 85, "spa": 85, "spd": 85, "spe": 85}, "ivs": {"hp": 31, "atk": 31, "def": 31, "spa": 31, "spd": 31, "spe": 31}, "item": "Leppa Berry", "teraType": "Electric", "role": "Fast Attacker", "bvs": {"hp": 70, "atk": 115, "def": 70, "spa": 70, "spd": 60, "spe": 105}, "stats": {"hp": 243, "atk": 230, "def": 158, "spa": 158, "spd": 142, "spe": 214}, "types": ["Electric", "Fighting"]}, "Alomomola": {"name": "Alomomola", "species": "Alomomola", "speciesId": "alomomola", "gender": "F", "shiny": false, "level": 87, "moves": ["scald", "wish", "flipturn", "protect"], "ability": "Regenerator", "evs": {"hp": 85, "atk": 85, "def": 85, "spa": 85, "spd": 85, "spe": 85}, "ivs": {"hp": 31, "atk": 31, "def": 31, "spa": 31, "spd": 31, "spe": 31}, "item": "Leftovers", "teraType": "Steel", "role": "Bulky Support", "bvs": {"hp": 165, "atk": 75, "def": 80, "spa": 40, "spd": 45, "spe": 65}, "stats": {"hp": 429, "atk": 180, "def": 189, "spa": 119, "spd": 128, "spe": 163}, "types": ["Water"]}, "Meowstic": {"name": "Meowstic", "species": "Meowstic", "speciesId": "meowstic", "gender": "M", "shiny": false, "level": 89, "moves": ["thunderwave", "yawn", "alluringvoice", "psychicnoise"], "ability": "Prankster", "evs": {"hp": 85, "atk": 0, "def": 85, "spa": 85, "spd": 85, "spe": 85}, "ivs": {"hp": 31, "atk": 0, "def": 31, "spa": 31, "spd": 31, "spe": 31}, "item": "Leftovers", "teraType": "Fairy", "role": "Bulky Support", "bvs": {"hp": 74, "atk": 48, "def": 76, "spa": 83, "spd": 81, "spe": 104}, "stats": {"hp": 277, "atk": 90, "def": 186, "spa": 199, "spd": 195, "spe": 236}, "types": ["Psychic"]}, "Florges": {"name": "Florges", "species": "Florges-White", "speciesId": "florges", "gender": "F", "shiny": false, "level": 85, "moves": ["calmmind", "terablast", "moonblast", "synthesis"], "ability": "Flower Veil", "evs": {"hp": 85, "atk": 0, "def": 85, "spa": 85, "spd": 85, "spe": 85}, "ivs": {"hp": 31, "atk": 0, "def": 31, "spa": 31, "spd": 31, "spe": 31}, "item": "Leftovers", "teraType": "Ground", "role": "Tera Blast user", "bvs": {"hp": 78, "atk": 65, "def": 68, "spa": 112, "spd": 154, "spe": 75}, "stats": {"hp": 271, "atk": 115, "def": 164, "spa": 239, "spd": 311, "spe": 176}, "types": ["Fairy"]}}, {"Galvantula": {"name": "Galvantula", "species": "Galvantula", "speciesId": "galvantula", "gender": "F", "shiny": false, "level": 82, "moves": ["thunder", "bugbuzz", "voltswitch", "stickyweb"], "ability": "Compound Eyes", "evs": {"hp": 85, "atk": 0, "def": 85, "spa": 85, "spd": 85, "spe": 85}, "ivs": {"hp": 31, "atk": 0, "def": 31, "spa": 31, "spd": 31, "spe": 31}, "item": "Focus Sash", "teraType": "Electric", "role": "Fast Support", "bvs": {"hp": 70, "atk": 77, "def": 60, "spa": 97, "spd": 60, "spe": 108}, "stats": {"hp": 249, "atk": 131, "def": 146, "spa": 206, "spd": 146, "spe": 224}, "types": ["Bug", "Electric"]}, "Clefable": {"name": "Clefable", "species": "Clefable", "speciesId": "clefable", "gender": "M", "shiny": false, "level": 83, "moves": ["stealthrock", "moonblast", "moonlight", "knockoff"], "ability": "Magic Guard", "evs": {"hp": 85, "atk": 85, "def": 85, "spa": 85, "spd": 85, "spe": 85}, "ivs": {"hp": 31, "atk": 31, "def": 31, "spa": 31, "spd": 31, "spe": 31}, "item": "Life Orb", "teraType": "Poison", "role": "Bulky Support", "bvs": {"hp": 95, "atk": 70, "def": 73, "spa": 95, "spd": 90, "spe": 60}, "stats": {"hp": 293, "atk": 164, "def": 169, "spa": 205, "spd": 197, "spe": 147}, "types": ["Fairy"]}, "Dudunsparce": {"name": "Dudunsparce", "species": "Dudunsparce", "speciesId": "dudunsparce", "gender": "M", "shiny": false, "level": 83, "moves": ["calmmind", "boomburst", "roost", "shadowball"], "ability": "Rattled", "evs": {"hp": 85, "atk": 0, "def": 85, "spa": 85, "spd": 85, "spe": 85}, "ivs": {"hp": 31, "atk": 0, "def": 31, "spa": 31, "spd": 31, "spe": 31}, "item": "Leftovers", "teraType": "Poison", "role": "Bulky Setup", "bvs": {"hp": 125, "atk": 100, "def": 80, "spa": 85, "spd": 75, "spe": 55}, "stats": {"hp": 343, "atk": 171, "def": 180, "spa": 189, "spd": 172, "spe": 139}, "types": ["Normal"]}, "Mewtwo": {"name": "Mewtwo", "species": "Mewtwo", "speciesId": "mewtwo", "gender": "N", "shiny": false, "level": 72, "moves": ["recover", "darkpulse", "psystrike", "nastyplot"], "ability": "Pressure", "evs": {"hp": 85, "atk": 0, "def": 85, "spa": 85, "spd": 85, "spe": 85}, "ivs": {"hp": 31, "atk": 0, "def": 31, "spa": 31, "spd": 31, "spe": 31}, "item": "Life Orb", "teraType": "Dark", "role": "Setup Sweeper", "bvs": {"hp": 106, "atk": 110, "def": 90, "spa": 154, "spd": 90, "spe": 130}, "stats": {"hp": 272, "atk": 163, "def": 172, "spa": 264, "spd": 172, "spe": 229}, "types": ["Psychic"]}, "Iron Crown": {"name": "Iron Crown", "species": "Iron Crown", "speciesId": "ironcrown", "gender": "N", "shiny": false, "level": 78, "moves": ["psyshock", "focusblast", "tachyoncutter", "voltswitch"], "ability": "Quark Drive", "evs": {"hp": 85, "atk": 0, "def": 85, "spa": 85, "spd": 85, "spe": 85}, "ivs": {"hp": 31, "atk": 0, "def": 31, "spa": 31, "spd": 31, "spe": 31}, "item": "Choice Specs", "teraType": "Steel", "role": "Wallbreaker", "bvs": {"hp": 90, "atk": 72, "def": 100, "spa": 122, "spd": 108, "spe": 98}, "stats": {"hp": 268, "atk": 117, "def": 201, "spa": 235, "spd": 214, "spe": 198}, "types": ["Steel", "Psychic"]}, "Suicune": {"name": "Suicune", "species": "Suicune", "speciesId": "suicune", "gender": "N", "shiny": false, "level": 82, "moves": ["calmmind", "scald", "protect", "substitute"], "ability": "Pressure", "evs": {"hp": 85, "atk": 0, "def": 85, "spa": 85, "spd": 85, "spe": 85}, "ivs": {"hp": 31, "atk": 0, "def": 31, "spa": 31, "spd": 31, "spe": 31}, "item": "Leftovers", "teraType": "Steel", "role": "Fast Support", "bvs": {"hp": 100, "atk": 75, "def": 115, "spa": 90, "spd": 115, "spe": 85}, "stats": {"hp": 298, "atk": 127, "def": 236, "spa": 195, "spd": 236, "spe": 187}, "types": ["Water"]}}]}