{"id": "gen9randombattle-2641517677", "format": "[Gen 9] Random Battle", "players": ["kroolkong", "hiep2405"], "log": "|j|\u2606kroolkong\n|j|\u2606hiep2405\n|t:|1782799005\n|gametype|singles\n|player|p1|kroolkong|dawn|2117\n|player|p2|hiep2405|170|2043\n|gen|9\n|tier|[Gen 9] Random Battle\n|rated|\n|rule|Species Clause: Limit one of each Pok\u00e9mon\n|rule|HP Percentage Mod: HP is shown in percentages\n|rule|Sleep Clause Mod: Limit one foe put to sleep\n|rule|Illusion Level Mod: Illusion disguises the Pok\u00e9mon's true level\n|\n|t:|1782799005\n|teamsize|p1|6\n|teamsize|p2|6\n|start\n|switch|p1a: Okidogi|Okidogi, L77, M|262/262\n|switch|p2a: Arboliva|Arboliva, L91, M|290/290\n|turn|1\n|inactive|Battle timer is ON: inactive players will automatically lose when time's up. (requested by kroolkong)\n|\n|t:|1782799016\n|move|p1a: Okidogi|Knock Off|p2a: Arboliva\n|-damage|p2a: Arboliva|223/290\n|-fieldstart|move: Grassy Terrain|[from] ability: Seed Sower|[of] p2a: Arboliva\n|-enditem|p2a: Arboliva|Leftovers|[from] move: Knock Off|[of] p1a: Okidogi\n|move|p2a: Arboliva|Earth Power|p1a: Okidogi\n|-supereffective|p1a: Okidogi\n|-damage|p1a: Okidogi|120/262\n|\n|-heal|p1a: Okidogi|136/262|[from] Grassy Terrain\n|-heal|p2a: Arboliva|241/290|[from] Grassy Terrain\n|upkeep\n|turn|2\n|\n|t:|1782799023\n|move|p1a: Okidogi|Drain Punch|p2a: Arboliva\n|-supereffective|p2a: Arboliva\n|-damage|p2a: Arboliva|89/290\n|-heal|p1a: Okidogi|212/262|[from] drain|[of] p2a: Arboliva\n|move|p2a: Arboliva|Strength Sap|p1a: Okidogi\n|-unboost|p1a: Okidogi|atk|1\n|-heal|p2a: Arboliva|290/290\n|\n|-heal|p1a: Okidogi|228/262|[from] Grassy Terrain\n|upkeep\n|turn|3\n|\n|t:|1782799031\n|switch|p1a: Heatran|Heatran, L79, F|273/273\n|-item|p1a: Heatran|Air Balloon\n|move|p2a: Arboliva|Earth Power|p1a: Heatran\n|-immune|p1a: Heatran\n|\n|upkeep\n|turn|4\n|\n|t:|1782799039\n|move|p1a: Heatran|Magma Storm|p2a: Arboliva\n|-supereffective|p2a: Arboliva\n|-damage|p2a: Arboliva|120/290\n|-activate|p2a: Arboliva|move: Magma Storm|[of] p1a: Heatran\n|move|p2a: Arboliva|Energy Ball|p1a: Heatran\n|-resisted|p1a: Heatran\n|-damage|p1a: Heatran|230/273\n|-enditem|p1a: Heatran|Air Balloon\n|\n|-heal|p1a: Heatran|247/273|[from] Grassy Terrain\n|-heal|p2a: Arboliva|138/290|[from] Grassy Terrain\n|-damage|p2a: Arboliva|102/290|[from] move: Magma Storm|[partiallytrapped]\n|upkeep\n|turn|5\n|\n|t:|1782799044\n|move|p1a: Heatran|Magma Storm|p2a: Arboliva|[miss]\n|-miss|p1a: Heatran|p2a: Arboliva\n|move|p2a: Arboliva|Earth Power|p1a: Heatran\n|-supereffective|p1a: Heatran\n|-damage|p1a: Heatran|0 fnt\n|faint|p1a: Heatran\n|\n|-heal|p2a: Arboliva|120/290|[from] Grassy Terrain\n|-end|p2a: Arboliva|Magma Storm|[partiallytrapped]|[silent]\n|-fieldend|move: Grassy Terrain\n|upkeep\n|\n|t:|1782799052\n|switch|p1a: Okidogi|Okidogi, L77, M|228/262\n|turn|6\n|\n|t:|1782799057\n|switch|p2a: Bronzong|Bronzong, L88|261/261\n|move|p1a: Okidogi|Drain Punch|p2a: Bronzong\n|-damage|p2a: Bronzong|197/261\n|-heal|p1a: Okidogi|260/262|[from] drain|[of] p2a: Bronzong\n|\n|upkeep\n|turn|7\n|\n|t:|1782799062\n|switch|p1a: Iron Treads|Iron Treads, L77|265/265\n|switch|p2a: Arboliva|Arboliva, L91, M|120/290\n|\n|upkeep\n|turn|8\n|\n|t:|1782799066\n|move|p1a: Iron Treads|Volt Switch|p2a: Arboliva\n|-resisted|p2a: Arboliva\n|-damage|p2a: Arboliva|108/290\n|-fieldstart|move: Grassy Terrain|[from] ability: Seed Sower|[of] p2a: Arboliva\n|\n|t:|1782799072\n|-end|p1a: Iron Treads|Quark Drive|[silent]\n|switch|p1a: Galvantula|Galvantula, L82, M|249/249|[from] Volt Switch\n|move|p2a: Arboliva|Strength Sap|p1a: Galvantula\n|-unboost|p1a: Galvantula|atk|1\n|-heal|p2a: Arboliva|239/290\n|\n|-heal|p2a: Arboliva|257/290|[from] Grassy Terrain\n|upkeep\n|turn|9\n|\n|t:|1782799078\n|move|p1a: Galvantula|Bug Buzz|p2a: Arboliva\n|-supereffective|p2a: Arboliva\n|-damage|p2a: Arboliva|111/290\n|move|p2a: Arboliva|Hyper Voice|p1a: Galvantula\n|-damage|p1a: Galvantula|57/249\n|\n|-heal|p1a: Galvantula|72/249|[from] Grassy Terrain\n|-heal|p2a: Arboliva|129/290|[from] Grassy Terrain\n|upkeep\n|turn|10\n|\n|t:|1782799084\n|move|p1a: Galvantula|Bug Buzz|p2a: Arboliva\n|-supereffective|p2a: Arboliva\n|-damage|p2a: Arboliva|0 fnt\n|faint|p2a: Arboliva\n|\n|-heal|p1a: Galvantula|87/249|[from] Grassy Terrain\n|upkeep\n|\n|t:|1782799087\n|switch|p2a: Minun|Minun, L95, F|268/268\n|turn|11\n|\n|t:|1782799096\n|switch|p1a: Iron Treads|Iron Treads, L77|265/265\n|move|p2a: Minun|Nasty Plot|p2a: Minun\n|-boost|p2a: Minun|spa|2\n|\n|upkeep\n|turn|12\n|\n|t:|1782799103\n|move|p2a: Minun|Grass Knot|p1a: Iron Treads\n|-damage|p1a: Iron Treads|27/265\n|-damage|p2a: Minun|242/268|[from] item: Life Orb\n|move|p1a: Iron Treads|Rapid Spin|p2a: Minun\n|-damage|p2a: Minun|197/268\n|-boost|p1a: Iron Treads|spe|1\n|\n|-heal|p1a: Iron Treads|43/265|[from] Grassy Terrain\n|-heal|p2a: Minun|213/268|[from] Grassy Terrain\n|-fieldend|move: Grassy Terrain\n|upkeep\n|turn|13\n|\n|t:|1782799106\n|switch|p2a: Bronzong|Bronzong, L88|197/261\n|move|p1a: Iron Treads|Earthquake|p2a: Bronzong\n|-immune|p2a: Bronzong|[from] ability: Levitate\n|\n|upkeep\n|turn|14\n|\n|t:|1782799109\n|move|p1a: Iron Treads|Volt Switch|p2a: Bronzong\n|-damage|p2a: Bronzong|171/261\n|\n|t:|1782799114\n|-end|p1a: Iron Treads|Quark Drive|[silent]\n|switch|p1a: Houndstone|Houndstone, L86, M|264/264|[from] Volt Switch\n|move|p2a: Bronzong|Iron Defense|p2a: Bronzong\n|-boost|p2a: Bronzong|def|2\n|\n|upkeep\n|turn|15\n|\n|t:|1782799131\n|move|p1a: Houndstone|Poltergeist|p2a: Bronzong\n|-activate|p2a: Bronzong|move: Poltergeist|Chesto Berry\n|-supereffective|p2a: Bronzong\n|-damage|p2a: Bronzong|67/261\n|move|p2a: Bronzong|Iron Defense|p2a: Bronzong\n|-boost|p2a: Bronzong|def|2\n|\n|upkeep\n|turn|16\n|\n|t:|1782799137\n|-terastallize|p2a: Bronzong|Fighting\n|move|p1a: Houndstone|Poltergeist|p2a: Bronzong\n|-activate|p2a: Bronzong|move: Poltergeist|Chesto Berry\n|-damage|p2a: Bronzong|31/261\n|move|p2a: Bronzong|Rest|p2a: Bronzong\n|-status|p2a: Bronzong|slp|[from] move: Rest\n|-heal|p2a: Bronzong|261/261 slp|[silent]\n|-enditem|p2a: Bronzong|Chesto Berry|[eat]\n|-curestatus|p2a: Bronzong|slp|[msg]\n|\n|upkeep\n|turn|17\n|\n|t:|1782799153\n|move|p1a: Houndstone|Body Press|p2a: Bronzong\n|-damage|p2a: Bronzong|244/261\n|move|p2a: Bronzong|Iron Defense|p2a: Bronzong\n|-boost|p2a: Bronzong|def|2\n|\n|upkeep\n|turn|18\n|\n|t:|1782799159\n|move|p1a: Houndstone|Body Press|p2a: Bronzong\n|-damage|p2a: Bronzong|232/261\n|move|p2a: Bronzong|Iron Head|p1a: Houndstone\n|-damage|p1a: Houndstone|225/264\n|\n|-heal|p1a: Houndstone|241/264|[from] item: Leftovers\n|upkeep\n|turn|19\n|\n|t:|1782799172\n|move|p1a: Houndstone|Body Press|p2a: Bronzong\n|-damage|p2a: Bronzong|219/261\n|move|p2a: Bronzong|Iron Head|p1a: Houndstone\n|-damage|p1a: Houndstone|205/264\n|\n|-heal|p1a: Houndstone|221/264|[from] item: Leftovers\n|upkeep\n|turn|20\n|\n|t:|1782799185\n|move|p1a: Houndstone|Body Press|p2a: Bronzong\n|-damage|p2a: Bronzong|207/261\n|move|p2a: Bronzong|Iron Head|p1a: Houndstone\n|-damage|p1a: Houndstone|183/264\n|\n|-heal|p1a: Houndstone|199/264|[from] item: Leftovers\n|upkeep\n|turn|21\n|\n|t:|1782799192\n|switch|p1a: Okidogi|Okidogi, L77, M|260/262\n|move|p2a: Bronzong|Rest|p2a: Bronzong\n|-status|p2a: Bronzong|slp|[from] move: Rest\n|-heal|p2a: Bronzong|261/261 slp|[silent]\n|\n|upkeep\n|turn|22\n|\n|t:|1782799199\n|move|p1a: Okidogi|Psychic Fangs|p2a: Bronzong\n|-supereffective|p2a: Bronzong\n|-damage|p2a: Bronzong|235/261 slp\n|cant|p2a: Bronzong|slp\n|\n|upkeep\n|turn|23\n|\n|t:|1782799206\n|switch|p1a: Houndstone|Houndstone, L86, M|199/264\n|cant|p2a: Bronzong|slp\n|\n|-heal|p1a: Houndstone|215/264|[from] item: Leftovers\n|upkeep\n|turn|24\n|\n|t:|1782799213\n|move|p1a: Houndstone|Sleep Talk||[still]\n|-fail|p1a: Houndstone\n|-curestatus|p2a: Bronzong|slp|[msg]\n|move|p2a: Bronzong|Iron Defense|p2a: Bronzong\n|-boost|p2a: Bronzong|def|0\n|\n|-heal|p1a: Houndstone|231/264|[from] item: Leftovers\n|upkeep\n|turn|25\n|\n|t:|1782799219\n|move|p1a: Houndstone|Sleep Talk||[still]\n|-fail|p1a: Houndstone\n|move|p2a: Bronzong|Iron Defense|p2a: Bronzong\n|-boost|p2a: Bronzong|def|0\n|\n|-heal|p1a: Houndstone|247/264|[from] item: Leftovers\n|upkeep\n|turn|26\n|\n|t:|1782799229\n|move|p1a: Houndstone|Body Press|p2a: Bronzong\n|-damage|p2a: Bronzong|222/261\n|move|p2a: Bronzong|Iron Defense|p2a: Bronzong\n|-boost|p2a: Bronzong|def|0\n|\n|-heal|p1a: Houndstone|263/264|[from] item: Leftovers\n|upkeep\n|turn|27\n|\n|t:|1782799244\n|move|p1a: Houndstone|Sleep Talk||[still]\n|-fail|p1a: Houndstone\n|move|p2a: Bronzong|Iron Defense|p2a: Bronzong\n|-boost|p2a: Bronzong|def|0\n|\n|-heal|p1a: Houndstone|264/264|[from] item: Leftovers\n|upkeep\n|turn|28\n|\n|t:|1782799251\n|move|p1a: Houndstone|Body Press|p2a: Bronzong\n|-damage|p2a: Bronzong|210/261\n|move|p2a: Bronzong|Iron Defense|p2a: Bronzong\n|-boost|p2a: Bronzong|def|0\n|\n|upkeep\n|turn|29\n|\n|t:|1782799255\n|switch|p1a: Iron Treads|Iron Treads, L77|43/265\n|move|p2a: Bronzong|Iron Defense|p2a: Bronzong\n|-boost|p2a: Bronzong|def|0\n|\n|upkeep\n|turn|30\n|\n|t:|1782799258\n|move|p1a: Iron Treads|Volt Switch|p2a: Bronzong\n|-damage|p2a: Bronzong|183/261\n|\n|t:|1782799262\n|-end|p1a: Iron Treads|Quark Drive|[silent]\n|switch|p1a: Houndstone|Houndstone, L86, M|264/264|[from] Volt Switch\n|move|p2a: Bronzong|Iron Defense|p2a: Bronzong\n|-boost|p2a: Bronzong|def|0\n|\n|upkeep\n|turn|31\n|\n|t:|1782799268\n|switch|p1a: Tatsugiri|Tatsugiri, L87, M|260/260\n|move|p2a: Bronzong|Iron Defense|p2a: Bronzong\n|-boost|p2a: Bronzong|def|0\n|\n|upkeep\n|turn|32\n|\n|t:|1782799273\n|move|p1a: Tatsugiri|Draco Meteor|p2a: Bronzong\n|-damage|p2a: Bronzong|59/261\n|-unboost|p1a: Tatsugiri|spa|2\n|move|p2a: Bronzong|Body Press|p1a: Tatsugiri\n|-damage|p1a: Tatsugiri|0 fnt\n|faint|p1a: Tatsugiri\n|\n|upkeep\n|\n|t:|1782799282\n|switch|p1a: Galvantula|Galvantula, L82, M|87/249\n|turn|33\n|\n|t:|1782799288\n|move|p1a: Galvantula|Bug Buzz|p2a: Bronzong\n|-resisted|p2a: Bronzong\n|-damage|p2a: Bronzong|24/261\n|move|p2a: Bronzong|Body Press|p1a: Galvantula\n|-resisted|p1a: Galvantula\n|-damage|p1a: Galvantula|0 fnt\n|faint|p1a: Galvantula\n|\n|upkeep\n|\n|t:|1782799293\n|switch|p1a: Iron Treads|Iron Treads, L77|43/265\n|turn|34\n|\n|t:|1782799295\n|move|p1a: Iron Treads|Volt Switch|p2a: Bronzong\n|-damage|p2a: Bronzong|0 fnt\n|faint|p2a: Bronzong\n|\n|t:|1782799299\n|-end|p1a: Iron Treads|Quark Drive|[silent]\n|switch|p1a: Okidogi|Okidogi, L77, M|260/262|[from] Volt Switch\n|\n|upkeep\n|\n|t:|1782799302\n|switch|p2a: Rabsca|Rabsca, L91, F|284/284\n|turn|35\n|\n|t:|1782799311\n|move|p1a: Okidogi|Knock Off|p2a: Rabsca\n|-supereffective|p2a: Rabsca\n|-damage|p2a: Rabsca|156/284\n|-status|p2a: Rabsca|tox|[from] ability: Toxic Chain|[of] p1a: Okidogi\n|-activate|p2a: Rabsca|ability: Synchronize\n|-immune|p1a: Okidogi\n|-enditem|p2a: Rabsca|Heavy-Duty Boots|[from] move: Knock Off|[of] p1a: Okidogi\n|move|p2a: Rabsca|Revival Blessing|p2a: Rabsca\n|\n|t:|1782799313\n|-heal|p2: Arboliva|145/290|[from] move: Revival Blessing\n|\n|-damage|p2a: Rabsca|139/284 tox|[from] psn\n|upkeep\n|turn|36\n|\n|t:|1782799322\n|-terastallize|p1a: Okidogi|Dark\n|move|p1a: Okidogi|Knock Off|p2a: Rabsca\n|-supereffective|p2a: Rabsca\n|-damage|p2a: Rabsca|0 fnt\n|faint|p2a: Rabsca\n|\n|upkeep\n|\n|t:|1782799334\n|switch|p2a: Flamigo|Flamigo, L82, M|269/269\n|turn|37\n|\n|t:|1782799339\n|switch|p1a: Houndstone|Houndstone, L86, M|264/264\n|move|p2a: Flamigo|Swords Dance|p2a: Flamigo\n|-boost|p2a: Flamigo|atk|2\n|\n|upkeep\n|turn|38\n|\n|t:|1782799345\n|move|p2a: Flamigo|Throat Chop|p1a: Houndstone\n|-supereffective|p1a: Houndstone\n|-damage|p1a: Houndstone|125/264\n|-start|p1a: Houndstone|Throat Chop|[silent]\n|-damage|p2a: Flamigo|243/269|[from] item: Life Orb\n|move|p1a: Houndstone|Poltergeist|p2a: Flamigo\n|-activate|p2a: Flamigo|move: Poltergeist|Life Orb\n|-damage|p2a: Flamigo|87/269\n|\n|-heal|p1a: Houndstone|141/264|[from] item: Leftovers\n|upkeep\n|turn|39\n|\n|t:|1782799352\n|move|p2a: Flamigo|Close Combat|p1a: Houndstone\n|-damage|p1a: Houndstone|0 fnt\n|-unboost|p2a: Flamigo|def|1\n|-unboost|p2a: Flamigo|spd|1\n|faint|p1a: Houndstone\n|-damage|p2a: Flamigo|61/269|[from] item: Life Orb\n|\n|upkeep\n|\n|t:|1782799356\n|switch|p1a: Iron Treads|Iron Treads, L77|43/265\n|turn|40\n|\n|t:|1782799360\n|switch|p2a: Minun|Minun, L95, F|213/268\n|move|p1a: Iron Treads|Rapid Spin|p2a: Minun\n|-damage|p2a: Minun|169/268\n|-boost|p1a: Iron Treads|spe|1\n|\n|upkeep\n|turn|41\n|\n|t:|1782799364\n|switch|p2a: Arboliva|Arboliva, L91, M|145/290\n|move|p1a: Iron Treads|Earthquake|p2a: Arboliva\n|-resisted|p2a: Arboliva\n|-damage|p2a: Arboliva|100/290\n|-fieldstart|move: Grassy Terrain|[from] ability: Seed Sower|[of] p2a: Arboliva\n|\n|-heal|p1a: Iron Treads|59/265|[from] Grassy Terrain\n|-heal|p2a: Arboliva|118/290|[from] Grassy Terrain\n|upkeep\n|turn|42\n|\n|t:|1782799370\n|move|p1a: Iron Treads|Iron Head|p2a: Arboliva\n|-damage|p2a: Arboliva|46/290\n|move|p2a: Arboliva|Strength Sap|p1a: Iron Treads\n|-unboost|p1a: Iron Treads|atk|1\n|-heal|p2a: Arboliva|263/290\n|\n|-heal|p1a: Iron Treads|75/265|[from] Grassy Terrain\n|-heal|p2a: Arboliva|281/290|[from] Grassy Terrain\n|upkeep\n|turn|43\n|\n|t:|1782799377\n|move|p1a: Iron Treads|Volt Switch|p2a: Arboliva\n|-resisted|p2a: Arboliva\n|-damage|p2a: Arboliva|268/290\n|\n|t:|1782799379\n|-end|p1a: Iron Treads|Quark Drive|[silent]\n|switch|p1a: Okidogi|Okidogi, L77, M, tera:Dark|260/262|[from] Volt Switch\n|move|p2a: Arboliva|Hyper Voice|p1a: Okidogi\n|-damage|p1a: Okidogi|166/262\n|\n|-heal|p1a: Okidogi|182/262|[from] Grassy Terrain\n|-heal|p2a: Arboliva|286/290|[from] Grassy Terrain\n|upkeep\n|turn|44\n|\n|t:|1782799388\n|move|p1a: Okidogi|Gunk Shot|p2a: Arboliva|[miss]\n|-miss|p1a: Okidogi|p2a: Arboliva\n|move|p2a: Arboliva|Hyper Voice|p1a: Okidogi\n|-damage|p1a: Okidogi|74/262\n|\n|-heal|p1a: Okidogi|90/262|[from] Grassy Terrain\n|-heal|p2a: Arboliva|290/290|[from] Grassy Terrain\n|upkeep\n|turn|45\n|\n|t:|1782799391\n|move|p1a: Okidogi|Drain Punch|p2a: Arboliva\n|-supereffective|p2a: Arboliva\n|-damage|p2a: Arboliva|128/290\n|-heal|p1a: Okidogi|171/262|[from] drain|[of] p2a: Arboliva\n|move|p2a: Arboliva|Hyper Voice|p1a: Okidogi\n|-damage|p1a: Okidogi|71/262\n|\n|-heal|p1a: Okidogi|87/262|[from] Grassy Terrain\n|-heal|p2a: Arboliva|146/290|[from] Grassy Terrain\n|-fieldend|move: Grassy Terrain\n|upkeep\n|turn|46\n|\n|t:|1782799394\n|move|p1a: Okidogi|Drain Punch|p2a: Arboliva\n|-supereffective|p2a: Arboliva\n|-damage|p2a: Arboliva|0 fnt\n|-heal|p1a: Okidogi|160/262|[from] drain|[of] p2a: Arboliva\n|-fieldstart|move: Grassy Terrain|[from] ability: Seed Sower|[of] p2a: Arboliva\n|faint|p2a: Arboliva\n|\n|-heal|p1a: Okidogi|176/262|[from] Grassy Terrain\n|upkeep\n|\n|t:|1782799398\n|switch|p2a: Carbink|Carbink, L90|236/236\n|turn|47\n|\n|t:|1782799403\n|move|p1a: Okidogi|Gunk Shot|p2a: Carbink|[miss]\n|-miss|p1a: Okidogi|p2a: Carbink\n|move|p2a: Carbink|Rock Polish|p2a: Carbink\n|-boost|p2a: Carbink|spe|2\n|\n|-heal|p1a: Okidogi|192/262|[from] Grassy Terrain\n|upkeep\n|turn|48\n|\n|t:|1782799407\n|move|p2a: Carbink|Iron Defense|p2a: Carbink\n|-boost|p2a: Carbink|def|2\n|move|p1a: Okidogi|Gunk Shot|p2a: Carbink|[miss]\n|-miss|p1a: Okidogi|p2a: Carbink\n|\n|-heal|p1a: Okidogi|208/262|[from] Grassy Terrain\n|upkeep\n|turn|49\n|\n|t:|1782799410\n|move|p2a: Carbink|Body Press|p1a: Okidogi\n|-supereffective|p1a: Okidogi\n|-damage|p1a: Okidogi|0 fnt\n|faint|p1a: Okidogi\n|\n|upkeep\n|\n|t:|1782799411\n|switch|p1a: Iron Treads|Iron Treads, L77|75/265\n|turn|50\n|\n|t:|1782799413\n|move|p2a: Carbink|Body Press|p1a: Iron Treads\n|-supereffective|p1a: Iron Treads\n|-damage|p1a: Iron Treads|0 fnt\n|faint|p1a: Iron Treads\n|-end|p1a: Iron Treads|Quark Drive|[silent]\n|\n|win|hiep2405\n", "inputlog": ">version f8ac14003a5f27e1bdc8d8c59608a773c1cb96e5\n>start {\"formatid\":\"gen9randombattle\",\"seed\":\"sodium,cb9ea2f5a7f8fb55d99ec868a355e519\",\"rated\":\"Rated battle\"}\n>player p1 {\"name\":\"kroolkong\",\"avatar\":\"dawn\",\"rating\":2117,\"seed\":\"sodium,68aeb5648bef6004f782f2151c41b455\"}\n>player p2 {\"name\":\"hiep2405\",\"avatar\":\"170\",\"rating\":2043,\"seed\":\"sodium,931f7bf0fa4b058cbadc24f60dd895f2\"}\n>p1 move knockoff\n>p2 move earthpower\n>p1 move drainpunch\n>p2 move strengthsap\n>p1 switch 4\n>p2 move earthpower\n>p1 move magmastorm\n>p2 move energyball\n>p1 move magmastorm\n>p2 move earthpower\n>p1 switch 4\n>p1 move drainpunch\n>p2 switch 2\n>p1 switch 2\n>p2 switch 2\n>p1 move voltswitch\n>p2 move strengthsap\n>p1 switch 6\n>p1 move bugbuzz\n>p2 move hypervoice\n>p1 move bugbuzz\n>p2 move hypervoice\n>p2 switch 5\n>p1 switch 6\n>p2 move nastyplot\n>p1 move rapidspin\n>p2 move grassknot\n>p1 move earthquake\n>p2 switch 2\n>p1 move voltswitch\n>p2 move irondefense\n>p1 switch 3\n>p1 move poltergeist\n>p2 move irondefense\n>p1 move poltergeist\n>p2 move rest terastallize\n>p1 move bodypress\n>p2 move irondefense\n>p1 move bodypress\n>p2 move ironhead\n>p1 move bodypress\n>p2 move ironhead\n>p1 move bodypress\n>p2 move ironhead\n>p1 switch 2\n>p2 move rest\n>p1 move psychicfangs\n>p2 move bodypress\n>p1 switch 2\n>p2 move irondefense\n>p1 move sleeptalk\n>p2 move irondefense\n>p1 move sleeptalk\n>p2 move irondefense\n>p1 move bodypress\n>p2 move irondefense\n>p1 move sleeptalk\n>p2 move irondefense\n>p1 move bodypress\n>p2 move irondefense\n>p1 switch 3\n>p2 move irondefense\n>p1 move voltswitch\n>p2 move irondefense\n>p1 switch 3\n>p1 switch 5\n>p2 move irondefense\n>p1 move dracometeor\n>p2 move bodypress\n>p1 switch 6\n>p1 move bugbuzz\n>p2 move bodypress\n>p1 switch 3\n>p1 move voltswitch\n>p2 move rest\n>p1 switch 2\n>p2 switch 3\n>p1 move knockoff\n>p2 move revivalblessing\n>p2 switch 5\n>p1 move knockoff terastallize\n>p2 move psychic\n>p2 switch 6\n>p1 switch 5\n>p2 move swordsdance\n>p1 move poltergeist\n>p2 move throatchop\n>p1 move poltergeist\n>p2 move closecombat\n>p1 switch 2\n>p1 move rapidspin\n>p2 switch 2\n>p1 move earthquake\n>p2 switch 5\n>p1 move ironhead\n>p2 move strengthsap\n>p1 move voltswitch\n>p2 move hypervoice\n>p1 switch 5\n>p1 move gunkshot\n>p2 move hypervoice\n>p1 move drainpunch\n>p2 move hypervoice\n>p1 move drainpunch\n>p2 move strengthsap\n>p2 switch 4\n>p1 move gunkshot\n>p2 move rockpolish\n>p1 move gunkshot\n>p2 move irondefense\n>p1 move gunkshot\n>p2 move bodypress\n>p1 switch 5\n>p1 move earthquake\n>p2 move bodypress", "uploadtime": 1782799007, "views": 3, "formatid": "gen9randombattle", "rating": null, "private": 0, "password": null, "player_dets": [{"name": "kroolkong", "avatar": "dawn", "rating": 2117, "seed": "sodium,68aeb5648bef6004f782f2151c41b455"}, {"name": "hiep2405", "avatar": "170", "rating": 2043, "seed": "sodium,931f7bf0fa4b058cbadc24f60dd895f2"}], "teams_full": [{"Okidogi": {"name": "Okidogi", "species": "Okidogi", "speciesId": "okidogi", "gender": "M", "shiny": false, "level": 77, "moves": ["psychicfangs", "gunkshot", "drainpunch", "knockoff"], "ability": "Toxic Chain", "evs": {"hp": 85, "atk": 85, "def": 85, "spa": 85, "spd": 85, "spe": 85}, "ivs": {"hp": 31, "atk": 31, "def": 31, "spa": 31, "spd": 31, "spe": 31}, "item": "Assault Vest", "teraType": "Dark", "role": "AV Pivot", "bvs": {"hp": 88, "atk": 128, "def": 115, "spa": 58, "spd": 86, "spe": 80}, "stats": {"hp": 262, "atk": 242, "def": 222, "spa": 134, "spd": 177, "spe": 168}, "types": ["Poison", "Fighting"]}, "Iron Treads": {"name": "Iron Treads", "species": "Iron Treads", "speciesId": "irontreads", "gender": "N", "shiny": false, "level": 77, "moves": ["ironhead", "rapidspin", "voltswitch", "earthquake"], "ability": "Quark Drive", "evs": {"hp": 85, "atk": 85, "def": 85, "spa": 85, "spd": 85, "spe": 85}, "ivs": {"hp": 31, "atk": 31, "def": 31, "spa": 31, "spd": 31, "spe": 31}, "item": "Assault Vest", "teraType": "Ghost", "role": "Bulky Support", "bvs": {"hp": 90, "atk": 112, "def": 120, "spa": 72, "spd": 70, "spe": 106}, "stats": {"hp": 265, "atk": 217, "def": 229, "spa": 155, "spd": 152, "spe": 208}, "types": ["Ground", "Steel"]}, "Houndstone": {"name": "Houndstone", "species": "Houndstone", "speciesId": "houndstone", "gender": "M", "shiny": false, "level": 86, "moves": ["rest", "bodypress", "poltergeist", "sleeptalk"], "ability": "Fluffy", "evs": {"hp": 85, "atk": 85, "def": 85, "spa": 85, "spd": 85, "spe": 85}, "ivs": {"hp": 31, "atk": 31, "def": 31, "spa": 31, "spd": 31, "spe": 31}, "item": "Leftovers", "teraType": "Fighting", "role": "Bulky Support", "bvs": {"hp": 72, "atk": 101, "def": 100, "spa": 50, "spd": 97, "spe": 68}, "stats": {"hp": 264, "atk": 223, "def": 221, "spa": 135, "spd": 216, "spe": 166}, "types": ["Ghost"]}, "Heatran": {"name": "Heatran", "species": "Heatran", "speciesId": "heatran", "gender": "F", "shiny": false, "level": 79, "moves": ["heavyslam", "earthpower", "stealthrock", "magmastorm"], "ability": "Flash Fire", "evs": {"hp": 85, "atk": 85, "def": 85, "spa": 85, "spd": 85, "spe": 85}, "ivs": {"hp": 31, "atk": 31, "def": 31, "spa": 31, "spd": 31, "spe": 31}, "item": "Air Balloon", "teraType": "Grass", "role": "Bulky Support", "bvs": {"hp": 91, "atk": 90, "def": 106, "spa": 130, "spd": 106, "spe": 77}, "stats": {"hp": 273, "atk": 188, "def": 213, "spa": 251, "spd": 213, "spe": 167}, "types": ["Fire", "Steel"]}, "Tatsugiri": {"name": "Tatsugiri", "species": "Tatsugiri", "speciesId": "tatsugiri", "gender": "M", "shiny": false, "level": 87, "moves": ["nastyplot", "dracometeor", "hydropump", "rapidspin"], "ability": "Storm Drain", "evs": {"hp": 85, "atk": 85, "def": 85, "spa": 85, "spd": 85, "spe": 85}, "ivs": {"hp": 31, "atk": 31, "def": 31, "spa": 31, "spd": 31, "spe": 31}, "item": "Heavy-Duty Boots", "teraType": "Water", "role": "Fast Support", "bvs": {"hp": 68, "atk": 50, "def": 60, "spa": 120, "spd": 95, "spe": 82}, "stats": {"hp": 260, "atk": 137, "def": 154, "spa": 259, "spd": 215, "spe": 192}, "types": ["Dragon", "Water"]}, "Galvantula": {"name": "Galvantula", "species": "Galvantula", "speciesId": "galvantula", "gender": "M", "shiny": false, "level": 82, "moves": ["stickyweb", "bugbuzz", "voltswitch", "thunder"], "ability": "Compound Eyes", "evs": {"hp": 85, "atk": 0, "def": 85, "spa": 85, "spd": 85, "spe": 85}, "ivs": {"hp": 31, "atk": 0, "def": 31, "spa": 31, "spd": 31, "spe": 31}, "item": "Heavy-Duty Boots", "teraType": "Electric", "role": "Fast Support", "bvs": {"hp": 70, "atk": 77, "def": 60, "spa": 97, "spd": 60, "spe": 108}, "stats": {"hp": 249, "atk": 131, "def": 146, "spa": 206, "spd": 146, "spe": 224}, "types": ["Bug", "Electric"]}}, {"Arboliva": {"name": "Arboliva", "species": "Arboliva", "speciesId": "arboliva", "gender": "M", "shiny": false, "level": 91, "moves": ["earthpower", "strengthsap", "hypervoice", "energyball"], "ability": "Seed Sower", "evs": {"hp": 85, "atk": 0, "def": 85, "spa": 85, "spd": 85, "spe": 85}, "ivs": {"hp": 31, "atk": 0, "def": 31, "spa": 31, "spd": 31, "spe": 31}, "item": "Leftovers", "teraType": "Poison", "role": "Bulky Attacker", "bvs": {"hp": 78, "atk": 69, "def": 90, "spa": 125, "spd": 109, "spe": 39}, "stats": {"hp": 290, "atk": 130, "def": 216, "spa": 279, "spd": 250, "spe": 123}, "types": ["Grass", "Normal"]}, "Bronzong": {"name": "Bronzong", "species": "Bronzong", "speciesId": "bronzong", "gender": "N", "shiny": false, "level": 88, "moves": ["bodypress", "rest", "irondefense", "ironhead"], "ability": "Levitate", "evs": {"hp": 85, "atk": 85, "def": 85, "spa": 85, "spd": 85, "spe": 85}, "ivs": {"hp": 31, "atk": 31, "def": 31, "spa": 31, "spd": 31, "spe": 31}, "item": "Chesto Berry", "teraType": "Fighting", "role": "Bulky Setup", "bvs": {"hp": 67, "atk": 89, "def": 116, "spa": 79, "spd": 116, "spe": 33}, "stats": {"hp": 261, "atk": 207, "def": 254, "spa": 189, "spd": 254, "spe": 108}, "types": ["Steel", "Psychic"]}, "Rabsca": {"name": "Rabsca", "species": "Rabsca", "speciesId": "rabsca", "gender": "F", "shiny": false, "level": 91, "moves": ["revivalblessing", "psychic", "bugbuzz", "recover"], "ability": "Synchronize", "evs": {"hp": 85, "atk": 0, "def": 85, "spa": 85, "spd": 85, "spe": 85}, "ivs": {"hp": 31, "atk": 0, "def": 31, "spa": 31, "spd": 31, "spe": 31}, "item": "Heavy-Duty Boots", "teraType": "Steel", "role": "Wallbreaker", "bvs": {"hp": 75, "atk": 50, "def": 85, "spa": 115, "spd": 100, "spe": 45}, "stats": {"hp": 284, "atk": 96, "def": 207, "spa": 261, "spd": 234, "spe": 134}, "types": ["Bug", "Psychic"]}, "Carbink": {"name": "Carbink", "species": "Carbink", "speciesId": "carbink", "gender": "N", "shiny": false, "level": 90, "moves": ["rockpolish", "bodypress", "irondefense", "moonblast"], "ability": "Sturdy", "evs": {"hp": 85, "atk": 0, "def": 85, "spa": 85, "spd": 85, "spe": 85}, "ivs": {"hp": 31, "atk": 0, "def": 31, "spa": 31, "spd": 31, "spe": 31}, "item": "Leftovers", "teraType": "Fighting", "role": "Fast Bulky Setup", "bvs": {"hp": 50, "atk": 50, "def": 150, "spa": 50, "spd": 150, "spe": 50}, "stats": {"hp": 236, "atk": 95, "def": 321, "spa": 141, "spd": 321, "spe": 141}, "types": ["Rock", "Fairy"]}, "Minun": {"name": "Minun", "species": "Minun", "speciesId": "minun", "gender": "F", "shiny": false, "level": 95, "moves": ["grassknot", "alluringvoice", "thunderbolt", "nastyplot"], "ability": "Volt Absorb", "evs": {"hp": 85, "atk": 0, "def": 85, "spa": 85, "spd": 85, "spe": 85}, "ivs": {"hp": 31, "atk": 0, "def": 31, "spa": 31, "spd": 31, "spe": 31}, "item": "Life Orb", "teraType": "Electric", "role": "Setup Sweeper", "bvs": {"hp": 60, "atk": 40, "def": 50, "spa": 75, "spd": 85, "spe": 95}, "stats": {"hp": 268, "atk": 81, "def": 149, "spa": 196, "spd": 215, "spe": 234}, "types": ["Electric"]}, "Flamigo": {"name": "Flamigo", "species": "Flamigo", "speciesId": "flamigo", "gender": "M", "shiny": false, "level": 82, "moves": ["bravebird", "closecombat", "swordsdance", "throatchop"], "ability": "Scrappy", "evs": {"hp": 85, "atk": 85, "def": 85, "spa": 85, "spd": 85, "spe": 85}, "ivs": {"hp": 31, "atk": 31, "def": 31, "spa": 31, "spd": 31, "spe": 31}, "item": "Life Orb", "teraType": "Fighting", "role": "Setup Sweeper", "bvs": {"hp": 82, "atk": 115, "def": 74, "spa": 75, "spd": 64, "spe": 90}, "stats": {"hp": 269, "atk": 236, "def": 169, "spa": 170, "spd": 152, "spe": 195}, "types": ["Flying", "Fighting"]}}]}