{"id": "gen9randombattle-2641147722", "format": "[Gen 9] Random Battle", "players": ["BennyTheJet0", "superswindler"], "log": "|j|\u2606BennyTheJet0\n|j|\u2606superswindler\n|t:|1782746402\n|gametype|singles\n|player|p1|BennyTheJet0|102|1525\n|player|p2|superswindler|emmet|1545\n|gen|9\n|tier|[Gen 9] Random Battle\n|rated|\n|rule|Species Clause: Limit one of each Pok\u00e9mon\n|rule|HP Percentage Mod: HP is shown in percentages\n|rule|Sleep Clause Mod: Limit one foe put to sleep\n|rule|Illusion Level Mod: Illusion disguises the Pok\u00e9mon's true level\n|\n|t:|1782746402\n|teamsize|p1|6\n|teamsize|p2|6\n|start\n|switch|p1a: Eternatus|Eternatus, L69|308/308\n|switch|p2a: Vileplume|Vileplume, L85, M|266/266\n|-ability|p1a: Eternatus|Pressure\n|turn|1\n|inactive|Battle timer is ON: inactive players will automatically lose when time's up. (requested by superswindler)\n|\n|t:|1782746424\n|switch|p2a: Cramorant|Cramorant, L86, F|261/261\n|move|p1a: Eternatus|Meteor Beam||[still]\n|-prepare|p1a: Eternatus|Meteor Beam\n|-boost|p1a: Eternatus|spa|1\n|-enditem|p1a: Eternatus|Power Herb\n|-anim|p1a: Eternatus|Meteor Beam|p2a: Cramorant\n|-supereffective|p2a: Cramorant\n|-damage|p2a: Cramorant|57/261\n|\n|upkeep\n|turn|2\n|\n|t:|1782746435\n|move|p1a: Eternatus|Sludge Bomb|p2a: Cramorant\n|-damage|p2a: Cramorant|0 fnt\n|faint|p2a: Cramorant\n|\n|upkeep\n|\n|t:|1782746442\n|switch|p2a: Vileplume|Vileplume, L85, M|266/266\n|turn|3\n|\n|t:|1782746444\n|move|p1a: Eternatus|Fire Blast|p2a: Vileplume\n|-supereffective|p2a: Vileplume\n|-damage|p2a: Vileplume|44/266\n|move|p2a: Vileplume|Leech Seed|p1a: Eternatus\n|-start|p1a: Eternatus|move: Leech Seed\n|\n|-heal|p2a: Vileplume|60/266|[from] item: Leftovers\n|-damage|p1a: Eternatus|270/308|[from] Leech Seed|[of] p2a: Vileplume\n|-heal|p2a: Vileplume|98/266|[silent]\n|upkeep\n|turn|4\n|\n|t:|1782746450\n|switch|p2a: Toxapex|Toxapex, L82, M|216/216\n|move|p1a: Eternatus|Dynamax Cannon|p2a: Toxapex\n|-damage|p2a: Toxapex|116/216\n|\n|-damage|p1a: Eternatus|232/308|[from] Leech Seed|[of] p2a: Toxapex\n|-heal|p2a: Toxapex|154/216|[silent]\n|upkeep\n|turn|5\n|\n|t:|1782746458\n|move|p1a: Eternatus|Meteor Beam||[still]\n|-prepare|p1a: Eternatus|Meteor Beam\n|-boost|p1a: Eternatus|spa|1\n|move|p2a: Toxapex|Haze|p2a: Toxapex\n|-clearallboost\n|\n|-damage|p1a: Eternatus|194/308|[from] Leech Seed|[of] p2a: Toxapex\n|-heal|p2a: Toxapex|192/216|[silent]\n|upkeep\n|turn|6\n|\n|t:|1782746465\n|move|p1a: Eternatus|Meteor Beam|p2a: Toxapex|[from] lockedmove\n|-damage|p2a: Toxapex|141/216\n|move|p2a: Toxapex|Recover|p2a: Toxapex\n|-heal|p2a: Toxapex|216/216\n|\n|-damage|p1a: Eternatus|156/308|[from] Leech Seed|[of] p2a: Toxapex\n|upkeep\n|turn|7\n|\n|t:|1782746476\n|switch|p1a: Pincurchin|Pincurchin, F|258/258\n|-fieldstart|move: Electric Terrain|[from] ability: Electric Surge|[of] p1a: Pincurchin\n|move|p2a: Toxapex|Haze|p2a: Toxapex\n|-clearallboost\n|\n|upkeep\n|turn|8\n|\n|t:|1782746481\n|switch|p2a: Vileplume|Vileplume, L85, M|98/266\n|move|p1a: Pincurchin|Zing Zap|p2a: Vileplume\n|-resisted|p2a: Vileplume\n|-damage|p2a: Vileplume|14/266\n|\n|-heal|p2a: Vileplume|30/266|[from] item: Leftovers\n|upkeep\n|turn|9\n|\n|t:|1782746489\n|move|p2a: Vileplume|Strength Sap|p1a: Pincurchin\n|-unboost|p1a: Pincurchin|atk|1\n|-heal|p2a: Vileplume|266/266\n|move|p1a: Pincurchin|Zing Zap|p2a: Vileplume\n|-resisted|p2a: Vileplume\n|-damage|p2a: Vileplume|211/266\n|\n|-heal|p2a: Vileplume|227/266|[from] item: Leftovers\n|upkeep\n|turn|10\n|\n|t:|1782746500\n|switch|p1a: Eternatus|Eternatus, L69|156/308\n|-ability|p1a: Eternatus|Pressure\n|move|p2a: Vileplume|Sludge Bomb|p1a: Eternatus\n|-resisted|p1a: Eternatus\n|-damage|p1a: Eternatus|98/308\n|\n|-heal|p2a: Vileplume|243/266|[from] item: Leftovers\n|upkeep\n|turn|11\n|\n|t:|1782746504\n|switch|p2a: Toxapex|Toxapex, L82, M|216/216\n|move|p1a: Eternatus|Dynamax Cannon|p2a: Toxapex\n|-damage|p2a: Toxapex|146/216\n|\n|-fieldend|move: Electric Terrain\n|upkeep\n|turn|12\n|\n|t:|1782746508\n|move|p1a: Eternatus|Dynamax Cannon|p2a: Toxapex\n|-damage|p2a: Toxapex|77/216\n|move|p2a: Toxapex|Liquidation|p1a: Eternatus\n|-resisted|p1a: Eternatus\n|-damage|p1a: Eternatus|65/308\n|\n|upkeep\n|turn|13\n|\n|t:|1782746511\n|move|p1a: Eternatus|Dynamax Cannon|p2a: Toxapex\n|-damage|p2a: Toxapex|8/216\n|move|p2a: Toxapex|Recover|p2a: Toxapex\n|-heal|p2a: Toxapex|116/216\n|\n|upkeep\n|turn|14\n|\n|t:|1782746515\n|move|p1a: Eternatus|Dynamax Cannon|p2a: Toxapex\n|-damage|p2a: Toxapex|50/216\n|move|p2a: Toxapex|Recover|p2a: Toxapex\n|-heal|p2a: Toxapex|158/216\n|\n|upkeep\n|turn|15\n|\n|t:|1782746524\n|switch|p1a: Cloyster|Cloyster, L80, M|211/211\n|move|p2a: Toxapex|Recover|p2a: Toxapex\n|-heal|p2a: Toxapex|216/216\n|\n|upkeep\n|turn|16\n|\n|t:|1782746529\n|move|p1a: Cloyster|Shell Smash|p1a: Cloyster\n|-unboost|p1a: Cloyster|def|1\n|-unboost|p1a: Cloyster|spd|1\n|-boost|p1a: Cloyster|atk|2\n|-boost|p1a: Cloyster|spa|2\n|-boost|p1a: Cloyster|spe|2\n|-enditem|p1a: Cloyster|White Herb\n|-clearnegativeboost|p1a: Cloyster|[silent]\n|move|p2a: Toxapex|Haze|p2a: Toxapex\n|-clearallboost\n|\n|upkeep\n|turn|17\n|\n|t:|1782746535\n|move|p1a: Cloyster|Rock Blast|p2a: Toxapex\n|-damage|p2a: Toxapex|205/216\n|-damage|p2a: Toxapex|193/216\n|-damage|p2a: Toxapex|181/216\n|-damage|p2a: Toxapex|170/216\n|-damage|p2a: Toxapex|158/216\n|-hitcount|p2a: Toxapex|5\n|move|p2a: Toxapex|Toxic|p1a: Cloyster\n|-status|p1a: Cloyster|tox\n|\n|-damage|p1a: Cloyster|198/211 tox|[from] psn\n|upkeep\n|turn|18\n|\n|t:|1782746547\n|move|p1a: Cloyster|Rock Blast|p2a: Toxapex|[miss]\n|-miss|p1a: Cloyster|p2a: Toxapex\n|move|p2a: Toxapex|Haze|p2a: Toxapex\n|-clearallboost\n|\n|-damage|p1a: Cloyster|172/211 tox|[from] psn\n|upkeep\n|turn|19\n|\n|t:|1782746552\n|switch|p1a: Eternatus|Eternatus, L69|65/308\n|-ability|p1a: Eternatus|Pressure\n|move|p2a: Toxapex|Liquidation|p1a: Eternatus\n|-resisted|p1a: Eternatus\n|-damage|p1a: Eternatus|26/308\n|\n|upkeep\n|turn|20\n|\n|t:|1782746555\n|move|p1a: Eternatus|Dynamax Cannon|p2a: Toxapex\n|-damage|p2a: Toxapex|86/216\n|move|p2a: Toxapex|Liquidation|p1a: Eternatus\n|-resisted|p1a: Eternatus\n|-damage|p1a: Eternatus|0 fnt\n|faint|p1a: Eternatus\n|\n|upkeep\n|\n|t:|1782746574\n|switch|p1a: Manaphy|Manaphy, L78|284/284\n|turn|21\n|\n|t:|1782746579\n|switch|p2a: Vileplume|Vileplume, L85, M|243/266\n|move|p1a: Manaphy|Energy Ball|p2a: Vileplume\n|-resisted|p2a: Vileplume\n|-damage|p2a: Vileplume|228/266\n|\n|-heal|p2a: Vileplume|244/266|[from] item: Leftovers\n|upkeep\n|turn|22\n|\n|t:|1782746587\n|switch|p1a: Cloyster|Cloyster, L80, M|172/211 tox\n|move|p2a: Vileplume|Leech Seed|p1a: Cloyster\n|-start|p1a: Cloyster|move: Leech Seed\n|\n|-heal|p2a: Vileplume|260/266|[from] item: Leftovers\n|-damage|p1a: Cloyster|146/211 tox|[from] Leech Seed|[of] p2a: Vileplume\n|-heal|p2a: Vileplume|266/266|[silent]\n|-damage|p1a: Cloyster|133/211 tox|[from] psn\n|upkeep\n|turn|23\n|\n|t:|1782746595\n|switch|p2a: Toxapex|Toxapex, L82, M|158/216\n|move|p1a: Cloyster|Shell Smash|p1a: Cloyster\n|-unboost|p1a: Cloyster|def|1\n|-unboost|p1a: Cloyster|spd|1\n|-boost|p1a: Cloyster|atk|2\n|-boost|p1a: Cloyster|spa|2\n|-boost|p1a: Cloyster|spe|2\n|\n|-damage|p1a: Cloyster|107/211 tox|[from] Leech Seed|[of] p2a: Toxapex\n|-heal|p2a: Toxapex|184/216|[silent]\n|-damage|p1a: Cloyster|81/211 tox|[from] psn\n|upkeep\n|turn|24\n|\n|t:|1782746601\n|move|p1a: Cloyster|Rock Blast|p2a: Toxapex\n|-damage|p2a: Toxapex|164/216\n|-damage|p2a: Toxapex|143/216\n|-damage|p2a: Toxapex|121/216\n|-damage|p2a: Toxapex|101/216\n|-damage|p2a: Toxapex|78/216\n|-hitcount|p2a: Toxapex|5\n|move|p2a: Toxapex|Haze|p2a: Toxapex\n|-clearallboost\n|\n|-damage|p1a: Cloyster|55/211 tox|[from] Leech Seed|[of] p2a: Toxapex\n|-heal|p2a: Toxapex|104/216|[silent]\n|-damage|p1a: Cloyster|16/211 tox|[from] psn\n|upkeep\n|turn|25\n|\n|t:|1782746606\n|move|p1a: Cloyster|Rock Blast|p2a: Toxapex|[miss]\n|-miss|p1a: Cloyster|p2a: Toxapex\n|move|p2a: Toxapex|Recover|p2a: Toxapex\n|-heal|p2a: Toxapex|212/216\n|\n|-damage|p1a: Cloyster|0 fnt|[from] Leech Seed|[of] p2a: Toxapex\n|-heal|p2a: Toxapex|216/216|[silent]\n|faint|p1a: Cloyster\n|upkeep\n|\n|t:|1782746613\n|switch|p1a: Manaphy|Manaphy, L78|284/284\n|turn|26\n|\n|t:|1782746618\n|move|p1a: Manaphy|Energy Ball|p2a: Toxapex\n|-damage|p2a: Toxapex|172/216\n|move|p2a: Toxapex|Toxic|p1a: Manaphy\n|-status|p1a: Manaphy|tox\n|\n|-damage|p1a: Manaphy|267/284 tox|[from] psn\n|upkeep\n|turn|27\n|\n|t:|1782746633\n|move|p1a: Manaphy|Tail Glow|p1a: Manaphy\n|-boost|p1a: Manaphy|spa|3\n|move|p2a: Toxapex|Haze|p2a: Toxapex\n|-clearallboost\n|\n|-heal|p1a: Manaphy|284/284 tox|[from] item: Leftovers\n|-damage|p1a: Manaphy|250/284 tox|[from] psn\n|upkeep\n|turn|28\n|\n|t:|1782746637\n|switch|p1a: Tinkaton|Tinkaton, L82, F|274/274\n|-ability|p1a: Tinkaton|Mold Breaker\n|move|p2a: Toxapex|Haze|p2a: Toxapex\n|-clearallboost\n|\n|upkeep\n|turn|29\n|\n|t:|1782746645\n|switch|p1a: Manaphy|Manaphy, L78|250/284 tox\n|move|p2a: Toxapex|Liquidation|p1a: Manaphy\n|-resisted|p1a: Manaphy\n|-damage|p1a: Manaphy|217/284 tox\n|\n|-heal|p1a: Manaphy|234/284 tox|[from] item: Leftovers\n|-damage|p1a: Manaphy|217/284 tox|[from] psn\n|upkeep\n|turn|30\n|\n|t:|1782746652\n|move|p1a: Manaphy|Energy Ball|p2a: Toxapex\n|-damage|p2a: Toxapex|129/216\n|move|p2a: Toxapex|Haze|p2a: Toxapex\n|-clearallboost\n|\n|-heal|p1a: Manaphy|234/284 tox|[from] item: Leftovers\n|-damage|p1a: Manaphy|200/284 tox|[from] psn\n|upkeep\n|turn|31\n|\n|t:|1782746659\n|move|p1a: Manaphy|Energy Ball|p2a: Toxapex\n|-damage|p2a: Toxapex|91/216\n|move|p2a: Toxapex|Recover|p2a: Toxapex\n|-heal|p2a: Toxapex|199/216\n|\n|-heal|p1a: Manaphy|217/284 tox|[from] item: Leftovers\n|-damage|p1a: Manaphy|166/284 tox|[from] psn\n|upkeep\n|turn|32\n|\n|t:|1782746664\n|move|p1a: Manaphy|Energy Ball|p2a: Toxapex\n|-crit|p2a: Toxapex\n|-damage|p2a: Toxapex|142/216\n|move|p2a: Toxapex|Liquidation|p1a: Manaphy\n|-resisted|p1a: Manaphy\n|-damage|p1a: Manaphy|136/284 tox\n|\n|-heal|p1a: Manaphy|153/284 tox|[from] item: Leftovers\n|-damage|p1a: Manaphy|85/284 tox|[from] psn\n|upkeep\n|turn|33\n|\n|t:|1782746669\n|move|p1a: Manaphy|Energy Ball|p2a: Toxapex\n|-damage|p2a: Toxapex|98/216\n|move|p2a: Toxapex|Recover|p2a: Toxapex\n|-heal|p2a: Toxapex|206/216\n|\n|-heal|p1a: Manaphy|102/284 tox|[from] item: Leftovers\n|-damage|p1a: Manaphy|17/284 tox|[from] psn\n|upkeep\n|turn|34\n|\n|t:|1782746673\n|switch|p2a: Vileplume|Vileplume, L85, M|266/266\n|move|p1a: Manaphy|Energy Ball|p2a: Vileplume\n|-resisted|p2a: Vileplume\n|-damage|p2a: Vileplume|252/266\n|\n|-heal|p1a: Manaphy|34/284 tox|[from] item: Leftovers\n|-heal|p2a: Vileplume|266/266|[from] item: Leftovers\n|-damage|p1a: Manaphy|0 fnt|[from] psn\n|faint|p1a: Manaphy\n|upkeep\n|\n|t:|1782746689\n|switch|p1a: Tinkaton|Tinkaton, L82, F|274/274\n|-ability|p1a: Tinkaton|Mold Breaker\n|turn|35\n|\n|t:|1782746694\n|move|p1a: Tinkaton|Swords Dance|p1a: Tinkaton\n|-boost|p1a: Tinkaton|atk|2\n|move|p2a: Vileplume|Strength Sap|p1a: Tinkaton\n|-unboost|p1a: Tinkaton|atk|1\n|\n|upkeep\n|turn|36\n|\n|t:|1782746697\n|move|p1a: Tinkaton|Swords Dance|p1a: Tinkaton\n|-boost|p1a: Tinkaton|atk|2\n|move|p2a: Vileplume|Leech Seed|p1a: Tinkaton|[miss]\n|-miss|p2a: Vileplume|p1a: Tinkaton\n|\n|upkeep\n|turn|37\n|\n|t:|1782746701\n|move|p1a: Tinkaton|Gigaton Hammer|p2a: Vileplume\n|-damage|p2a: Vileplume|0 fnt\n|faint|p2a: Vileplume\n|\n|upkeep\n|\n|t:|1782746704\n|switch|p2a: Toxapex|Toxapex, L82, M|216/216\n|turn|38\n|\n|t:|1782746708\n|move|p1a: Tinkaton|Protect|p1a: Tinkaton\n|-singleturn|p1a: Tinkaton|Protect\n|move|p2a: Toxapex|Haze|p2a: Toxapex\n|-clearallboost\n|\n|upkeep\n|turn|39\n|\n|t:|1782746720\n|move|p1a: Tinkaton|Swords Dance|p1a: Tinkaton\n|-boost|p1a: Tinkaton|atk|2\n|move|p2a: Toxapex|Liquidation|p1a: Tinkaton\n|-damage|p1a: Tinkaton|205/274\n|-unboost|p1a: Tinkaton|def|1\n|\n|-heal|p1a: Tinkaton|222/274|[from] item: Leftovers\n|upkeep\n|turn|40\n|\n|t:|1782746723\n|move|p1a: Tinkaton|Gigaton Hammer|p2a: Toxapex\n|-resisted|p2a: Toxapex\n|-damage|p2a: Toxapex|130/216\n|move|p2a: Toxapex|Haze|p2a: Toxapex\n|-clearallboost\n|\n|-heal|p1a: Tinkaton|239/274|[from] item: Leftovers\n|upkeep\n|turn|41\n|\n|t:|1782746728\n|move|p1a: Tinkaton|Swords Dance|p1a: Tinkaton\n|-boost|p1a: Tinkaton|atk|2\n|move|p2a: Toxapex|Haze|p2a: Toxapex\n|-clearallboost\n|\n|-heal|p1a: Tinkaton|256/274|[from] item: Leftovers\n|upkeep\n|turn|42\n|\n|t:|1782746748\n|switch|p1a: Pincurchin|Pincurchin, F|258/258\n|-fieldstart|move: Electric Terrain|[from] ability: Electric Surge|[of] p1a: Pincurchin\n|switch|p2a: Glastrier|Glastrier, L86|312/312\n|\n|upkeep\n|turn|43\n|\n|t:|1782746760\n|move|p2a: Glastrier|Swords Dance|p2a: Glastrier\n|-boost|p2a: Glastrier|atk|2\n|move|p1a: Pincurchin|Zing Zap|p2a: Glastrier\n|-damage|p2a: Glastrier|197/312\n|\n|upkeep\n|turn|44\n|\n|t:|1782746763\n|move|p2a: Glastrier|High Horsepower|p1a: Pincurchin\n|-supereffective|p1a: Pincurchin\n|-crit|p1a: Pincurchin\n|-damage|p1a: Pincurchin|0 fnt\n|faint|p1a: Pincurchin\n|-ability|p2a: Glastrier|Chilling Neigh|boost\n|-boost|p2a: Glastrier|atk|1\n|\n|upkeep\n|\n|t:|1782746768\n|switch|p1a: Tinkaton|Tinkaton, L82, F|256/274\n|-ability|p1a: Tinkaton|Mold Breaker\n|turn|45\n|\n|t:|1782746772\n|-terastallize|p2a: Glastrier|Ground\n|move|p1a: Tinkaton|Gigaton Hammer|p2a: Glastrier\n|-damage|p2a: Glastrier|98/312\n|move|p2a: Glastrier|High Horsepower|p1a: Tinkaton\n|-supereffective|p1a: Tinkaton\n|-damage|p1a: Tinkaton|0 fnt\n|faint|p1a: Tinkaton\n|-ability|p2a: Glastrier|Chilling Neigh|boost\n|-boost|p2a: Glastrier|atk|1\n|\n|upkeep\n|\n|t:|1782746775\n|switch|p1a: Cinccino|Cinccino, L83, M|260/260\n|turn|46\n|\n|t:|1782746779\n|move|p1a: Cinccino|Triple Axel|p2a: Glastrier\n|-supereffective|p2a: Glastrier\n|-damage|p2a: Glastrier|66/312\n|-supereffective|p2a: Glastrier\n|-damage|p2a: Glastrier|6/312\n|-supereffective|p2a: Glastrier\n|-damage|p2a: Glastrier|0 fnt\n|faint|p2a: Glastrier\n|-hitcount|p2: Glastrier|3\n|\n|-fieldend|move: Electric Terrain\n|upkeep\n|\n|t:|1782746786\n|switch|p2a: Toxapex|Toxapex, L82, M|202/216\n|turn|47\n|\n|t:|1782746789\n|move|p1a: Cinccino|Bullet Seed|p2a: Toxapex\n|-damage|p2a: Toxapex|184/216\n|-damage|p2a: Toxapex|166/216\n|-damage|p2a: Toxapex|150/216\n|-damage|p2a: Toxapex|134/216\n|-damage|p2a: Toxapex|118/216\n|-hitcount|p2a: Toxapex|5\n|move|p2a: Toxapex|Toxic|p1a: Cinccino\n|-status|p1a: Cinccino|tox\n|\n|-damage|p1a: Cinccino|244/260 tox|[from] psn\n|upkeep\n|turn|48\n|\n|t:|1782746796\n|-terastallize|p1a: Cinccino|Grass\n|move|p1a: Cinccino|Bullet Seed|p2a: Toxapex\n|-damage|p2a: Toxapex|94/216\n|-damage|p2a: Toxapex|67/216\n|-damage|p2a: Toxapex|40/216\n|-damage|p2a: Toxapex|16/216\n|-damage|p2a: Toxapex|0 fnt\n|faint|p2a: Toxapex\n|-hitcount|p2: Toxapex|5\n|\n|-damage|p1a: Cinccino|212/260 tox|[from] psn\n|upkeep\n|c|\u2606BennyTheJet0|i literally have nothing for this\n|\n|t:|1782746806\n|switch|p2a: Bellossom|Bellossom, L84, F|263/263\n|turn|49\n|\n|t:|1782746813\n|move|p1a: Cinccino|Triple Axel|p2a: Bellossom\n|-supereffective|p2a: Bellossom\n|-damage|p2a: Bellossom|221/263\n|-supereffective|p2a: Bellossom\n|-damage|p2a: Bellossom|147/263\n|-supereffective|p2a: Bellossom\n|-damage|p2a: Bellossom|23/263\n|-hitcount|p2a: Bellossom|3\n|move|p2a: Bellossom|Quiver Dance|p2a: Bellossom\n|-boost|p2a: Bellossom|spa|1\n|-boost|p2a: Bellossom|spd|1\n|-boost|p2a: Bellossom|spe|1\n|\n|-heal|p2a: Bellossom|39/263|[from] item: Leftovers\n|-damage|p1a: Cinccino|164/260 tox|[from] psn\n|upkeep\n|turn|50\n|\n|t:|1782746823\n|move|p1a: Cinccino|U-turn|p2a: Bellossom\n|-supereffective|p2a: Bellossom\n|-damage|p2a: Bellossom|0 fnt\n|faint|p2a: Bellossom\n|\n|-damage|p1a: Cinccino|100/260 tox|[from] psn\n|upkeep\n|\n|t:|1782746830\n|switch|p2a: Alcremie|Alcremie-Matcha-Cream, L90, F|263/263\n|turn|51\n|\n|t:|1782746837\n|move|p1a: Cinccino|Bullet Seed|p2a: Alcremie\n|-damage|p2a: Alcremie|221/263\n|-damage|p2a: Alcremie|178/263\n|-damage|p2a: Alcremie|141/263\n|-damage|p2a: Alcremie|102/263\n|-hitcount|p2a: Alcremie|4\n|move|p2a: Alcremie|Recover|p2a: Alcremie\n|-heal|p2a: Alcremie|234/263\n|\n|-heal|p2a: Alcremie|250/263|[from] item: Leftovers\n|-damage|p1a: Cinccino|20/260 tox|[from] psn\n|upkeep\n|turn|52\n|c|\u2606BennyTheJet0|gg\n|\n|t:|1782746845\n|move|p1a: Cinccino|Tail Slap|p2a: Alcremie\n|-damage|p2a: Alcremie|208/263\n|-damage|p2a: Alcremie|165/263\n|-damage|p2a: Alcremie|126/263\n|-damage|p2a: Alcremie|86/263\n|-damage|p2a: Alcremie|44/263\n|-hitcount|p2a: Alcremie|5\n|move|p2a: Alcremie|Recover|p2a: Alcremie\n|-heal|p2a: Alcremie|176/263\n|\n|-heal|p2a: Alcremie|192/263|[from] item: Leftovers\n|-damage|p1a: Cinccino|0 fnt|[from] psn\n|faint|p1a: Cinccino\n|\n|win|superswindler\n|raw|BennyTheJet0's rating: 1525 &rarr; <strong>1506</strong><br />(-19 for losing)\n|raw|superswindler's rating: 1545 &rarr; <strong>1564</strong><br />(+19 for winning)\n|c|\u2606superswindler|gg\n", "inputlog": ">version f8ac14003a5f27e1bdc8d8c59608a773c1cb96e5\n>start {\"formatid\":\"gen9randombattle\",\"seed\":\"sodium,e7ee3ca91cca1eaca7579f8c939c2717\",\"rated\":\"Rated battle\"}\n>player p1 {\"name\":\"BennyTheJet0\",\"avatar\":\"102\",\"rating\":1525,\"seed\":\"sodium,7b07c8cc413aabb8548b513a95c6eec7\"}\n>player p2 {\"name\":\"superswindler\",\"avatar\":\"emmet\",\"rating\":1545,\"seed\":\"sodium,f11529d25db4319ba01a7023b2ba41ef\"}\n>p1 move meteorbeam\n>p2 switch 3\n>p1 move sludgebomb\n>p2 move bravebird\n>p2 switch 3\n>p1 move fireblast\n>p2 move leechseed\n>p1 move dynamaxcannon\n>p2 switch 4\n>p1 move meteorbeam\n>p2 move haze\n>p1 move meteorbeam\n>p2 move recover\n>p1 switch 2\n>p2 move haze\n>p1 move zingzap\n>p2 switch 4\n>p1 move zingzap\n>p2 move strengthsap\n>p1 switch 2\n>p2 move sludgebomb\n>p1 move dynamaxcannon\n>p2 switch 4\n>p1 move dynamaxcannon\n>p2 move liquidation\n>p1 move dynamaxcannon\n>p2 move recover\n>p1 move dynamaxcannon\n>p2 move recover\n>p1 switch 6\n>p2 move recover\n>p1 move shellsmash\n>p2 move haze\n>p1 move rockblast\n>p2 move toxic\n>p1 move rockblast\n>p2 move haze\n>p1 switch 6\n>p2 move liquidation\n>p1 move dynamaxcannon\n>p2 move liquidation\n>p1 switch 5\n>p1 move energyball\n>p2 switch 4\n>p1 switch 6\n>p2 move leechseed\n>p1 move shellsmash\n>p2 switch 4\n>p1 move rockblast\n>p2 move haze\n>p1 move rockblast\n>p2 move recover\n>p1 switch 6\n>p1 move energyball\n>p2 move toxic\n>p1 move tailglow\n>p2 move haze\n>p1 switch 3\n>p2 move haze\n>p1 switch 3\n>p2 move liquidation\n>p1 move energyball\n>p2 move haze\n>p1 move energyball\n>p2 move recover\n>p1 move energyball\n>p2 move liquidation\n>p1 move energyball\n>p2 move recover\n>p1 move energyball\n>p2 switch 4\n>p1 switch 3\n>p1 move swordsdance\n>p2 move strengthsap\n>p1 move swordsdance\n>p2 move leechseed\n>p1 move gigatonhammer\n>p2 move leechseed\n>p2 switch 4\n>p1 move protect\n>p2 move haze\n>p1 move swordsdance\n>p2 move liquidation\n>p1 move gigatonhammer\n>p2 move haze\n>p1 move swordsdance\n>p2 move haze\n>p1 switch 2\n>p2 switch 6\n>p1 move zingzap\n>p2 move swordsdance\n>p1 move zingzap\n>p2 move highhorsepower\n>p1 switch 2\n>p1 move gigatonhammer\n>p2 move highhorsepower terastallize\n>p1 switch 4\n>p1 move tripleaxel\n>p2 move iciclecrash\n>p2 switch 6\n>p1 move bulletseed\n>p2 move toxic\n>p1 move bulletseed terastallize\n>p2 move haze\n>chat \u2606BennyTheJet0|i literally have nothing for this\n>p2 switch 2\n>p1 move tripleaxel\n>p2 move quiverdance\n>p1 move uturn\n>p2 move moonblast\n>p2 switch 5\n>p1 move bulletseed\n>p2 move recover\n>chat \u2606BennyTheJet0|gg\n>p1 move tailslap\n>p2 move recover", "uploadtime": 1782746852, "views": 8, "formatid": "gen9randombattle", "rating": 1506, "private": 0, "password": null, "player_dets": [{"name": "BennyTheJet0", "avatar": "102", "rating": 1525, "seed": "sodium,7b07c8cc413aabb8548b513a95c6eec7"}, {"name": "superswindler", "avatar": "emmet", "rating": 1545, "seed": "sodium,f11529d25db4319ba01a7023b2ba41ef"}], "teams_full": [{"Eternatus": {"name": "Eternatus", "species": "Eternatus", "speciesId": "eternatus", "gender": "N", "shiny": false, "level": 69, "moves": ["dynamaxcannon", "meteorbeam", "fireblast", "sludgebomb"], "ability": "Pressure", "evs": {"hp": 85, "atk": 0, "def": 85, "spa": 85, "spd": 85, "spe": 85}, "ivs": {"hp": 31, "atk": 0, "def": 31, "spa": 31, "spd": 31, "spe": 31}, "item": "Power Herb", "teraType": "Fire", "role": "Setup Sweeper", "bvs": {"hp": 140, "atk": 85, "def": 95, "spa": 145, "spd": 95, "spe": 130}, "stats": {"hp": 308, "atk": 122, "def": 171, "spa": 240, "spd": 171, "spe": 220}, "types": ["Poison", "Dragon"]}, "Pincurchin": {"name": "Pincurchin", "species": "Pincurchin", "speciesId": "pincurchin", "gender": "F", "shiny": false, "level": 100, "moves": ["curse", "zingzap", "recover", "liquidation"], "ability": "Electric Surge", "evs": {"hp": 85, "atk": 85, "def": 85, "spa": 85, "spd": 85, "spe": 85}, "ivs": {"hp": 31, "atk": 31, "def": 31, "spa": 31, "spd": 31, "spe": 31}, "item": "Leftovers", "teraType": "Water", "role": "Bulky Setup", "bvs": {"hp": 48, "atk": 101, "def": 95, "spa": 91, "spd": 85, "spe": 15}, "stats": {"hp": 258, "atk": 259, "def": 247, "spa": 239, "spd": 227, "spe": 87}, "types": ["Electric"]}, "Tinkaton": {"name": "Tinkaton", "species": "Tinkaton", "speciesId": "tinkaton", "gender": "F", "shiny": false, "level": 82, "moves": ["gigatonhammer", "protect", "playrough", "swordsdance"], "ability": "Mold Breaker", "evs": {"hp": 85, "atk": 85, "def": 85, "spa": 85, "spd": 85, "spe": 85}, "ivs": {"hp": 31, "atk": 31, "def": 31, "spa": 31, "spd": 31, "spe": 31}, "item": "Leftovers", "teraType": "Steel", "role": "Bulky Setup", "bvs": {"hp": 85, "atk": 75, "def": 77, "spa": 70, "spd": 105, "spe": 94}, "stats": {"hp": 274, "atk": 170, "def": 173, "spa": 162, "spd": 219, "spe": 201}, "types": ["Fairy", "Steel"]}, "Cinccino": {"name": "Cinccino", "species": "Cinccino", "speciesId": "cinccino", "gender": "M", "shiny": false, "level": 83, "moves": ["bulletseed", "uturn", "tailslap", "tripleaxel"], "ability": "Technician", "evs": {"hp": 85, "atk": 85, "def": 85, "spa": 85, "spd": 85, "spe": 85}, "ivs": {"hp": 31, "atk": 31, "def": 31, "spa": 31, "spd": 31, "spe": 31}, "item": "Loaded Dice", "teraType": "Grass", "role": "Fast Attacker", "bvs": {"hp": 75, "atk": 95, "def": 60, "spa": 65, "spd": 60, "spe": 115}, "stats": {"hp": 260, "atk": 205, "def": 147, "spa": 156, "spd": 147, "spe": 239}, "types": ["Normal"]}, "Manaphy": {"name": "Manaphy", "species": "Manaphy", "speciesId": "manaphy", "gender": "N", "shiny": false, "level": 78, "moves": ["hydropump", "tailglow", "icebeam", "energyball"], "ability": "Hydration", "evs": {"hp": 85, "atk": 0, "def": 85, "spa": 85, "spd": 85, "spe": 85}, "ivs": {"hp": 31, "atk": 0, "def": 31, "spa": 31, "spd": 31, "spe": 31}, "item": "Leftovers", "teraType": "Grass", "role": "Bulky Setup", "bvs": {"hp": 100, "atk": 100, "def": 100, "spa": 100, "spd": 100, "spe": 100}, "stats": {"hp": 284, "atk": 161, "def": 201, "spa": 201, "spd": 201, "spe": 201}, "types": ["Water"]}, "Cloyster": {"name": "Cloyster", "species": "Cloyster", "speciesId": "cloyster", "gender": "M", "shiny": false, "level": 80, "moves": ["hydropump", "rockblast", "iciclespear", "shellsmash"], "ability": "Skill Link", "evs": {"hp": 85, "atk": 85, "def": 85, "spa": 85, "spd": 85, "spe": 85}, "ivs": {"hp": 31, "atk": 31, "def": 31, "spa": 31, "spd": 31, "spe": 31}, "item": "White Herb", "teraType": "Rock", "role": "Setup Sweeper", "bvs": {"hp": 50, "atk": 95, "def": 180, "spa": 85, "spd": 45, "spe": 70}, "stats": {"hp": 211, "atk": 198, "def": 334, "spa": 182, "spd": 118, "spe": 158}, "types": ["Water", "Ice"]}}, {"Vileplume": {"name": "Vileplume", "species": "Vileplume", "speciesId": "vileplume", "gender": "M", "shiny": false, "level": 85, "moves": ["gigadrain", "sludgebomb", "leechseed", "strengthsap"], "ability": "Effect Spore", "evs": {"hp": 85, "atk": 0, "def": 85, "spa": 85, "spd": 85, "spe": 85}, "ivs": {"hp": 31, "atk": 0, "def": 31, "spa": 31, "spd": 31, "spe": 31}, "item": "Leftovers", "teraType": "Water", "role": "Bulky Attacker", "bvs": {"hp": 75, "atk": 80, "def": 85, "spa": 110, "spd": 90, "spe": 50}, "stats": {"hp": 266, "atk": 141, "def": 193, "spa": 236, "spd": 202, "spe": 134}, "types": ["Grass", "Poison"]}, "Bellossom": {"name": "Bellossom", "species": "Bellossom", "speciesId": "bellossom", "gender": "F", "shiny": false, "level": 84, "moves": ["gigadrain", "moonblast", "strengthsap", "quiverdance"], "ability": "Chlorophyll", "evs": {"hp": 85, "atk": 0, "def": 85, "spa": 85, "spd": 85, "spe": 85}, "ivs": {"hp": 31, "atk": 0, "def": 31, "spa": 31, "spd": 31, "spe": 31}, "item": "Leftovers", "teraType": "Fairy", "role": "Bulky Setup", "bvs": {"hp": 75, "atk": 80, "def": 95, "spa": 90, "spd": 100, "spe": 50}, "stats": {"hp": 263, "atk": 139, "def": 208, "spa": 199, "spd": 216, "spe": 132}, "types": ["Grass"]}, "Cramorant": {"name": "Cramorant", "species": "Cramorant", "speciesId": "cramorant", "gender": "F", "shiny": false, "level": 86, "moves": ["roost", "defog", "surf", "bravebird"], "ability": "Gulp Missile", "evs": {"hp": 85, "atk": 85, "def": 85, "spa": 85, "spd": 85, "spe": 85}, "ivs": {"hp": 31, "atk": 31, "def": 31, "spa": 31, "spd": 31, "spe": 31}, "item": "Heavy-Duty Boots", "teraType": "Ground", "role": "Bulky Support", "bvs": {"hp": 70, "atk": 85, "def": 55, "spa": 85, "spd": 95, "spe": 85}, "stats": {"hp": 261, "atk": 195, "def": 144, "spa": 195, "spd": 213, "spe": 195}, "types": ["Flying", "Water"]}, "Toxapex": {"name": "Toxapex", "species": "Toxapex", "speciesId": "toxapex", "gender": "M", "shiny": false, "level": 82, "moves": ["toxic", "recover", "haze", "liquidation"], "ability": "Regenerator", "evs": {"hp": 85, "atk": 85, "def": 85, "spa": 85, "spd": 85, "spe": 85}, "ivs": {"hp": 31, "atk": 31, "def": 31, "spa": 31, "spd": 31, "spe": 31}, "item": "Rocky Helmet", "teraType": "Flying", "role": "Bulky Support", "bvs": {"hp": 50, "atk": 63, "def": 152, "spa": 53, "spd": 142, "spe": 35}, "stats": {"hp": 216, "atk": 150, "def": 296, "spa": 134, "spd": 280, "spe": 105}, "types": ["Poison", "Water"]}, "Alcremie": {"name": "Alcremie", "species": "Alcremie-Matcha-Cream", "speciesId": "alcremie", "gender": "F", "shiny": false, "level": 90, "moves": ["calmmind", "alluringvoice", "recover", "terablast"], "ability": "Aroma Veil", "evs": {"hp": 85, "atk": 0, "def": 85, "spa": 85, "spd": 85, "spe": 85}, "ivs": {"hp": 31, "atk": 0, "def": 31, "spa": 31, "spd": 31, "spe": 31}, "item": "Leftovers", "teraType": "Ground", "role": "Tera Blast user", "bvs": {"hp": 65, "atk": 60, "def": 75, "spa": 110, "spd": 121, "spe": 64}, "stats": {"hp": 263, "atk": 113, "def": 186, "spa": 249, "spd": 269, "spe": 167}, "types": ["Fairy"]}, "Glastrier": {"name": "Glastrier", "species": "Glastrier", "speciesId": "glastrier", "gender": "N", "shiny": false, "level": 86, "moves": ["swordsdance", "heavyslam", "highhorsepower", "iciclecrash"], "ability": "Chilling Neigh", "evs": {"hp": 85, "atk": 85, "def": 85, "spa": 85, "spd": 85, "spe": 85}, "ivs": {"hp": 31, "atk": 31, "def": 31, "spa": 31, "spd": 31, "spe": 31}, "item": "Heavy-Duty Boots", "teraType": "Ground", "role": "Bulky Attacker", "bvs": {"hp": 100, "atk": 145, "def": 130, "spa": 65, "spd": 110, "spe": 30}, "stats": {"hp": 312, "atk": 299, "def": 273, "spa": 161, "spd": 238, "spe": 101}, "types": ["Ice"]}}]}