{"id": "gen9randombattle-2641554163", "format": "[Gen 9] Random Battle", "players": ["distortedprose", "maybe6533"], "log": "|j|\u2606distortedprose\n|j|\u2606maybe6533\n|t:|1782806809\n|gametype|singles\n|player|p1|distortedprose|hilda-wonderlauncher|1572\n|player|p2|maybe6533|iris|1543\n|gen|9\n|tier|[Gen 9] Random Battle\n|rated|\n|rule|Species Clause: Limit one of each Pok\u00e9mon\n|rule|HP Percentage Mod: HP is shown in percentages\n|rule|Sleep Clause Mod: Limit one foe put to sleep\n|rule|Illusion Level Mod: Illusion disguises the Pok\u00e9mon's true level\n|\n|t:|1782806809\n|teamsize|p1|6\n|teamsize|p2|6\n|start\n|switch|p1a: Brambleghast|Brambleghast, L88, M|240/240\n|switch|p2a: Electrode|Electrode-Hisui, L87|246/246\n|turn|1\n|inactive|Battle timer is ON: inactive players will automatically lose when time's up. (requested by maybe6533)\n|inactive|distortedprose also wants the timer to be on.\n|inactive|maybe6533 has 120 seconds left.\n|\n|t:|1782806857\n|switch|p2a: Hitmonchan|Hitmonchan, L87, M|229/229\n|move|p1a: Brambleghast|Leech Seed|p2a: Hitmonchan\n|-start|p2a: Hitmonchan|move: Leech Seed\n|\n|-damage|p2a: Hitmonchan|201/229|[from] Leech Seed|[of] p1a: Brambleghast\n|upkeep\n|turn|2\n|\n|t:|1782806882\n|move|p1a: Brambleghast|Substitute|p1a: Brambleghast\n|-start|p1a: Brambleghast|Substitute\n|-damage|p1a: Brambleghast|180/240\n|move|p2a: Hitmonchan|Knock Off|p1a: Brambleghast\n|-supereffective|p1a: Brambleghast\n|-end|p1a: Brambleghast|Substitute\n|-damage|p2a: Hitmonchan|179/229|[from] item: Life Orb\n|\n|-heal|p1a: Brambleghast|195/240|[from] item: Leftovers\n|-damage|p2a: Hitmonchan|151/229|[from] Leech Seed|[of] p1a: Brambleghast\n|-heal|p1a: Brambleghast|223/240|[silent]\n|upkeep\n|turn|3\n|\n|t:|1782806893\n|switch|p2a: Electrode|Electrode-Hisui, L87|246/246\n|move|p1a: Brambleghast|Substitute|p1a: Brambleghast\n|-start|p1a: Brambleghast|Substitute\n|-damage|p1a: Brambleghast|163/240\n|\n|-heal|p1a: Brambleghast|178/240|[from] item: Leftovers\n|upkeep\n|turn|4\n|inactive|maybe6533 has 120 seconds left.\n|\n|t:|1782806934\n|move|p2a: Electrode|Substitute|p2a: Electrode\n|-start|p2a: Electrode|Substitute\n|-damage|p2a: Electrode|185/246\n|move|p1a: Brambleghast|Poltergeist|p2a: Electrode|[miss]\n|-miss|p1a: Brambleghast|p2a: Electrode\n|\n|-heal|p2a: Electrode|200/246|[from] item: Leftovers\n|-heal|p1a: Brambleghast|193/240|[from] item: Leftovers\n|upkeep\n|turn|5\n|inactive|distortedprose has 120 seconds left.\n|\n|t:|1782806964\n|move|p2a: Electrode|Thunderbolt|p1a: Brambleghast\n|-resisted|p1a: Brambleghast\n|-activate|p1a: Brambleghast|move: Substitute|[damage]\n|move|p1a: Brambleghast|Poltergeist|p2a: Electrode\n|-activate|p2a: Electrode|move: Poltergeist|Leftovers\n|-end|p2a: Electrode|Substitute\n|\n|-heal|p2a: Electrode|215/246|[from] item: Leftovers\n|-heal|p1a: Brambleghast|208/240|[from] item: Leftovers\n|upkeep\n|turn|6\n|inactive|distortedprose has 120 seconds left.\n|inactive|maybe6533 has 120 seconds left.\n|\n|t:|1782806979\n|move|p2a: Electrode|Thunderbolt|p1a: Brambleghast\n|-resisted|p1a: Brambleghast\n|-end|p1a: Brambleghast|Substitute\n|move|p1a: Brambleghast|Poltergeist|p2a: Electrode\n|-activate|p2a: Electrode|move: Poltergeist|Leftovers\n|-damage|p2a: Electrode|50/246\n|\n|-heal|p2a: Electrode|65/246|[from] item: Leftovers\n|-heal|p1a: Brambleghast|223/240|[from] item: Leftovers\n|upkeep\n|turn|7\n|inactive|distortedprose has 120 seconds left.\n|inactive|maybe6533 has 120 seconds left.\n|\n|t:|1782806990\n|switch|p2a: Hitmonchan|Hitmonchan, L87, M|151/229\n|move|p1a: Brambleghast|Poltergeist|p2a: Hitmonchan\n|-activate|p2a: Hitmonchan|move: Poltergeist|Life Orb\n|-damage|p2a: Hitmonchan|7/229\n|\n|-heal|p1a: Brambleghast|238/240|[from] item: Leftovers\n|upkeep\n|turn|8\n|inactive|distortedprose has 120 seconds left.\n|inactive|maybe6533 has 120 seconds left.\n|\n|t:|1782807001\n|move|p1a: Brambleghast|Substitute|p1a: Brambleghast\n|-start|p1a: Brambleghast|Substitute\n|-damage|p1a: Brambleghast|178/240\n|move|p2a: Hitmonchan|Knock Off|p1a: Brambleghast\n|-supereffective|p1a: Brambleghast\n|-end|p1a: Brambleghast|Substitute\n|-damage|p2a: Hitmonchan|0 fnt|[from] item: Life Orb\n|faint|p2a: Hitmonchan\n|\n|-heal|p1a: Brambleghast|193/240|[from] item: Leftovers\n|upkeep\n|inactive|maybe6533 has 120 seconds left.\n|\n|t:|1782807010\n|switch|p2a: Arceus|Arceus-Poison, L70|284/284\n|turn|9\n|inactive|distortedprose has 120 seconds left.\n|\n|t:|1782807028\n|switch|p1a: Tentacruel|Tentacruel, L84, F|272/272\n|move|p2a: Arceus|Gunk Shot|p1a: Tentacruel\n|-resisted|p1a: Tentacruel\n|-damage|p1a: Tentacruel|192/272\n|\n|-heal|p1a: Tentacruel|209/272|[from] item: Leftovers\n|upkeep\n|turn|10\n|inactive|distortedprose has 120 seconds left.\n|inactive|maybe6533 has 120 seconds left.\n|\n|t:|1782807049\n|switch|p1a: Brambleghast|Brambleghast, L88, M|193/240\n|move|p2a: Arceus|Swords Dance|p2a: Arceus\n|-boost|p2a: Arceus|atk|2\n|\n|-heal|p1a: Brambleghast|208/240|[from] item: Leftovers\n|upkeep\n|turn|11\n|\n|t:|1782807064\n|switch|p1a: Tentacruel|Tentacruel, L84, F|209/272\n|move|p2a: Arceus|Gunk Shot|p1a: Tentacruel\n|-resisted|p1a: Tentacruel\n|-damage|p1a: Tentacruel|62/272\n|\n|-heal|p1a: Tentacruel|79/272|[from] item: Leftovers\n|upkeep\n|turn|12\n|inactive|maybe6533 has 120 seconds left.\n|\n|t:|1782807100\n|move|p1a: Tentacruel|Haze|p1a: Tentacruel\n|-clearallboost\n|move|p2a: Arceus|Earthquake|p1a: Tentacruel\n|-supereffective|p1a: Tentacruel\n|-damage|p1a: Tentacruel|0 fnt\n|faint|p1a: Tentacruel\n|\n|upkeep\n|\n|t:|1782807119\n|switch|p1a: Brambleghast|Brambleghast, L88, M|208/240\n|turn|13\n|inactive|maybe6533 has 90 seconds left.\n|\n|t:|1782807147\n|-terastallize|p1a: Brambleghast|Steel\n|move|p2a: Arceus|Gunk Shot|p1a: Brambleghast\n|-immune|p1a: Brambleghast\n|move|p1a: Brambleghast|Leech Seed|p2a: Arceus\n|-start|p2a: Arceus|move: Leech Seed\n|\n|-heal|p1a: Brambleghast|223/240|[from] item: Leftovers\n|-damage|p2a: Arceus|249/284|[from] Leech Seed|[of] p1a: Brambleghast\n|-heal|p1a: Brambleghast|240/240|[silent]\n|upkeep\n|turn|14\n|\n|t:|1782807160\n|move|p1a: Brambleghast|Substitute|p1a: Brambleghast\n|-start|p1a: Brambleghast|Substitute\n|-damage|p1a: Brambleghast|180/240\n|move|p2a: Arceus|Earthquake|p1a: Brambleghast\n|-supereffective|p1a: Brambleghast\n|-end|p1a: Brambleghast|Substitute\n|\n|-heal|p1a: Brambleghast|195/240|[from] item: Leftovers\n|-damage|p2a: Arceus|214/284|[from] Leech Seed|[of] p1a: Brambleghast\n|-heal|p1a: Brambleghast|230/240|[silent]\n|upkeep\n|turn|15\n|\n|t:|1782807170\n|move|p1a: Brambleghast|Substitute|p1a: Brambleghast\n|-start|p1a: Brambleghast|Substitute\n|-damage|p1a: Brambleghast|170/240\n|move|p2a: Arceus|Earthquake|p1a: Brambleghast\n|-supereffective|p1a: Brambleghast\n|-end|p1a: Brambleghast|Substitute\n|\n|-heal|p1a: Brambleghast|185/240|[from] item: Leftovers\n|-damage|p2a: Arceus|179/284|[from] Leech Seed|[of] p1a: Brambleghast\n|-heal|p1a: Brambleghast|220/240|[silent]\n|upkeep\n|turn|16\n|\n|t:|1782807182\n|move|p1a: Brambleghast|Substitute|p1a: Brambleghast\n|-start|p1a: Brambleghast|Substitute\n|-damage|p1a: Brambleghast|160/240\n|move|p2a: Arceus|Recover|p2a: Arceus\n|-heal|p2a: Arceus|284/284\n|\n|-heal|p1a: Brambleghast|175/240|[from] item: Leftovers\n|-damage|p2a: Arceus|249/284|[from] Leech Seed|[of] p1a: Brambleghast\n|-heal|p1a: Brambleghast|210/240|[silent]\n|upkeep\n|turn|17\n|\n|t:|1782807190\n|move|p1a: Brambleghast|Poltergeist|p2a: Arceus\n|-activate|p2a: Arceus|move: Poltergeist|Toxic Plate\n|-crit|p2a: Arceus\n|-damage|p2a: Arceus|45/284\n|move|p2a: Arceus|Earthquake|p1a: Brambleghast\n|-supereffective|p1a: Brambleghast\n|-end|p1a: Brambleghast|Substitute\n|\n|-heal|p1a: Brambleghast|225/240|[from] item: Leftovers\n|-damage|p2a: Arceus|10/284|[from] Leech Seed|[of] p1a: Brambleghast\n|-heal|p1a: Brambleghast|240/240|[silent]\n|upkeep\n|turn|18\n|inactive|maybe6533 has 120 seconds left.\n|\n|t:|1782807204\n|move|p1a: Brambleghast|Poltergeist|p2a: Arceus\n|-activate|p2a: Arceus|move: Poltergeist|Toxic Plate\n|-damage|p2a: Arceus|0 fnt\n|faint|p2a: Arceus\n|\n|upkeep\n|\n|t:|1782807229\n|switch|p2a: Electrode|Electrode-Hisui, L87|65/246\n|turn|19\n|inactive|distortedprose has 120 seconds left.\n|inactive|maybe6533 has 90 seconds left.\n|\n|t:|1782807252\n|move|p2a: Electrode|Leech Seed|p1a: Brambleghast\n|-start|p1a: Brambleghast|move: Leech Seed\n|move|p1a: Brambleghast|Substitute|p1a: Brambleghast\n|-start|p1a: Brambleghast|Substitute\n|-damage|p1a: Brambleghast|180/240\n|\n|-heal|p2a: Electrode|80/246|[from] item: Leftovers\n|-heal|p1a: Brambleghast|195/240|[from] item: Leftovers\n|-damage|p1a: Brambleghast|165/240|[from] Leech Seed|[of] p2a: Electrode\n|-heal|p2a: Electrode|110/246|[silent]\n|upkeep\n|turn|20\n|\n|t:|1782807261\n|move|p2a: Electrode|Substitute|p2a: Electrode\n|-start|p2a: Electrode|Substitute\n|-damage|p2a: Electrode|49/246\n|move|p1a: Brambleghast|Poltergeist|p2a: Electrode\n|-activate|p2a: Electrode|move: Poltergeist|Leftovers\n|-end|p2a: Electrode|Substitute\n|\n|-heal|p2a: Electrode|64/246|[from] item: Leftovers\n|-heal|p1a: Brambleghast|180/240|[from] item: Leftovers\n|-damage|p1a: Brambleghast|150/240|[from] Leech Seed|[of] p2a: Electrode\n|-heal|p2a: Electrode|94/246|[silent]\n|upkeep\n|turn|21\n|inactive|maybe6533 has 90 seconds left.\n|\n|t:|1782807276\n|move|p2a: Electrode|Substitute|p2a: Electrode\n|-start|p2a: Electrode|Substitute\n|-damage|p2a: Electrode|33/246\n|move|p1a: Brambleghast|Poltergeist|p2a: Electrode\n|-activate|p2a: Electrode|move: Poltergeist|Leftovers\n|-end|p2a: Electrode|Substitute\n|\n|-heal|p2a: Electrode|48/246|[from] item: Leftovers\n|-heal|p1a: Brambleghast|165/240|[from] item: Leftovers\n|-damage|p1a: Brambleghast|135/240|[from] Leech Seed|[of] p2a: Electrode\n|-heal|p2a: Electrode|78/246|[silent]\n|upkeep\n|turn|22\n|\n|t:|1782807283\n|switch|p1a: Ho-Oh|Ho-Oh, L71|268/268\n|move|p2a: Electrode|Substitute|p2a: Electrode\n|-start|p2a: Electrode|Substitute\n|-damage|p2a: Electrode|17/246\n|\n|-heal|p2a: Electrode|32/246|[from] item: Leftovers\n|upkeep\n|turn|23\n|inactive|distortedprose has 120 seconds left.\n|\n|t:|1782807304\n|move|p2a: Electrode|Thunderbolt|p1a: Ho-Oh\n|-supereffective|p1a: Ho-Oh\n|-damage|p1a: Ho-Oh|130/268\n|-status|p1a: Ho-Oh|par\n|cant|p1a: Ho-Oh|par\n|\n|-heal|p2a: Electrode|47/246|[from] item: Leftovers\n|upkeep\n|turn|24\n|\n|t:|1782807328\n|switch|p1a: Brambleghast|Brambleghast, L88, M, tera:Steel|135/240\n|move|p2a: Electrode|Thunderbolt|p1a: Brambleghast\n|-damage|p1a: Brambleghast|27/240\n|\n|-heal|p2a: Electrode|62/246|[from] item: Leftovers\n|-heal|p1a: Brambleghast|42/240|[from] item: Leftovers\n|upkeep\n|turn|25\n|\n|t:|1782807340\n|switch|p1a: Chesnaught|Chesnaught, L84, M|285/285\n|move|p2a: Electrode|Leech Seed|p1a: Chesnaught\n|-immune|p1a: Chesnaught\n|\n|-heal|p2a: Electrode|77/246|[from] item: Leftovers\n|upkeep\n|turn|26\n|\n|t:|1782807363\n|move|p2a: Electrode|Thunderbolt|p1a: Chesnaught\n|-resisted|p1a: Chesnaught\n|-damage|p1a: Chesnaught|234/285\n|move|p1a: Chesnaught|Trailblaze|p2a: Electrode\n|-resisted|p2a: Electrode\n|-activate|p2a: Electrode|move: Substitute|[damage]\n|-boost|p1a: Chesnaught|spe|1\n|\n|-heal|p2a: Electrode|92/246|[from] item: Leftovers\n|-heal|p1a: Chesnaught|251/285|[from] item: Leftovers\n|upkeep\n|turn|27\n|\n|t:|1782807376\n|move|p2a: Electrode|Thunderbolt|p1a: Chesnaught\n|-resisted|p1a: Chesnaught\n|-damage|p1a: Chesnaught|204/285\n|move|p1a: Chesnaught|Trailblaze|p2a: Electrode\n|-resisted|p2a: Electrode\n|-end|p2a: Electrode|Substitute\n|-boost|p1a: Chesnaught|spe|1\n|\n|-heal|p1a: Chesnaught|221/285|[from] item: Leftovers\n|-heal|p2a: Electrode|107/246|[from] item: Leftovers\n|upkeep\n|turn|28\n|\n|t:|1782807386\n|move|p1a: Chesnaught|Body Press|p2a: Electrode\n|-damage|p2a: Electrode|0 fnt\n|faint|p2a: Electrode\n|\n|-heal|p1a: Chesnaught|238/285|[from] item: Leftovers\n|upkeep\n|\n|t:|1782807402\n|switch|p2a: Cresselia|Cresselia, L80, F|323/323\n|turn|29\n|inactive|distortedprose has 120 seconds left.\n|inactive|distortedprose has 90 seconds left.\n|\n|t:|1782807445\n|move|p1a: Chesnaught|Trailblaze|p2a: Cresselia\n|-damage|p2a: Cresselia|272/323\n|-boost|p1a: Chesnaught|spe|1\n|move|p2a: Cresselia|Calm Mind|p2a: Cresselia\n|-boost|p2a: Cresselia|spa|1\n|-boost|p2a: Cresselia|spd|1\n|\n|-heal|p1a: Chesnaught|255/285|[from] item: Leftovers\n|-heal|p2a: Cresselia|292/323|[from] item: Leftovers\n|upkeep\n|turn|30\n|\n|t:|1782807454\n|move|p1a: Chesnaught|Trailblaze|p2a: Cresselia\n|-damage|p2a: Cresselia|238/323\n|-boost|p1a: Chesnaught|spe|1\n|move|p2a: Cresselia|Psyshock|p1a: Chesnaught\n|-supereffective|p1a: Chesnaught\n|-damage|p1a: Chesnaught|117/285\n|\n|-heal|p1a: Chesnaught|134/285|[from] item: Leftovers\n|-heal|p2a: Cresselia|258/323|[from] item: Leftovers\n|upkeep\n|turn|31\n|\n|t:|1782807458\n|move|p1a: Chesnaught|Synthesis|p1a: Chesnaught\n|-heal|p1a: Chesnaught|276/285\n|move|p2a: Cresselia|Psyshock|p1a: Chesnaught\n|-supereffective|p1a: Chesnaught\n|-damage|p1a: Chesnaught|126/285\n|\n|-heal|p1a: Chesnaught|143/285|[from] item: Leftovers\n|-heal|p2a: Cresselia|278/323|[from] item: Leftovers\n|upkeep\n|turn|32\n|\n|t:|1782807467\n|move|p1a: Chesnaught|Synthesis|p1a: Chesnaught\n|-heal|p1a: Chesnaught|285/285\n|move|p2a: Cresselia|Psyshock|p1a: Chesnaught\n|-supereffective|p1a: Chesnaught\n|-damage|p1a: Chesnaught|141/285\n|\n|-heal|p1a: Chesnaught|158/285|[from] item: Leftovers\n|-heal|p2a: Cresselia|298/323|[from] item: Leftovers\n|upkeep\n|turn|33\n|\n|t:|1782807488\n|move|p1a: Chesnaught|Synthesis|p1a: Chesnaught\n|-heal|p1a: Chesnaught|285/285\n|move|p2a: Cresselia|Calm Mind|p2a: Cresselia\n|-boost|p2a: Cresselia|spa|1\n|-boost|p2a: Cresselia|spd|1\n|\n|-heal|p2a: Cresselia|318/323|[from] item: Leftovers\n|upkeep\n|turn|34\n|inactive|distortedprose has 90 seconds left.\n|\n|t:|1782807532\n|move|p1a: Chesnaught|Iron Defense|p1a: Chesnaught\n|-boost|p1a: Chesnaught|def|2\n|move|p2a: Cresselia|Calm Mind|p2a: Cresselia\n|-boost|p2a: Cresselia|spa|1\n|-boost|p2a: Cresselia|spd|1\n|\n|-heal|p2a: Cresselia|323/323|[from] item: Leftovers\n|upkeep\n|turn|35\n|\n|t:|1782807542\n|move|p1a: Chesnaught|Iron Defense|p1a: Chesnaught\n|-boost|p1a: Chesnaught|def|2\n|move|p2a: Cresselia|Psyshock|p1a: Chesnaught\n|-supereffective|p1a: Chesnaught\n|-damage|p1a: Chesnaught|201/285\n|\n|-heal|p1a: Chesnaught|218/285|[from] item: Leftovers\n|upkeep\n|turn|36\n|\n|t:|1782807553\n|move|p1a: Chesnaught|Body Press|p2a: Cresselia\n|-resisted|p2a: Cresselia\n|-damage|p2a: Cresselia|188/323\n|move|p2a: Cresselia|Psyshock|p1a: Chesnaught\n|-supereffective|p1a: Chesnaught\n|-crit|p1a: Chesnaught\n|-damage|p1a: Chesnaught|0 fnt\n|faint|p1a: Chesnaught\n|\n|-heal|p2a: Cresselia|208/323|[from] item: Leftovers\n|upkeep\n|\n|t:|1782807561\n|switch|p1a: Brambleghast|Brambleghast, L88, M, tera:Steel|42/240\n|turn|37\n|\n|t:|1782807574\n|-terastallize|p2a: Cresselia|Electric\n|move|p1a: Brambleghast|Power Whip|p2a: Cresselia|[miss]\n|-miss|p1a: Brambleghast|p2a: Cresselia\n|move|p2a: Cresselia|Moonlight|p2a: Cresselia\n|-heal|p2a: Cresselia|323/323\n|\n|-heal|p1a: Brambleghast|57/240|[from] item: Leftovers\n|upkeep\n|turn|38\n|\n|t:|1782807583\n|move|p1a: Brambleghast|Leech Seed|p2a: Cresselia\n|-start|p2a: Cresselia|move: Leech Seed\n|move|p2a: Cresselia|Thunderbolt|p1a: Brambleghast\n|-crit|p1a: Brambleghast\n|-damage|p1a: Brambleghast|0 fnt\n|faint|p1a: Brambleghast\n|\n|upkeep\n|c|\u2606maybe6533|another crit\n|\n|t:|1782807593\n|switch|p1a: Medicham|Medicham, L86, F|243/243\n|turn|39\n|inactive|maybe6533 has 120 seconds left.\n|\n|t:|1782807626\n|move|p1a: Medicham|Zen Headbutt|p2a: Cresselia\n|-damage|p2a: Cresselia|148/323\n|move|p2a: Cresselia|Thunderbolt|p1a: Medicham\n|-damage|p1a: Medicham|51/243\n|\n|-heal|p2a: Cresselia|168/323|[from] item: Leftovers\n|-damage|p2a: Cresselia|128/323|[from] Leech Seed|[of] p1a: Medicham\n|-heal|p1a: Medicham|91/243|[silent]\n|upkeep\n|turn|40\n|inactive|maybe6533 has 120 seconds left.\n|\n|t:|1782807648\n|move|p1a: Medicham|Zen Headbutt|p2a: Cresselia\n|-damage|p2a: Cresselia|0 fnt\n|faint|p2a: Cresselia\n|\n|upkeep\n|\n|t:|1782807656\n|switch|p2a: Meowstic|Meowstic, L89, M|277/277\n|turn|41\n|\n|t:|1782807667\n|switch|p1a: Ho-Oh|Ho-Oh, L71|219/268 par\n|move|p2a: Meowstic|Reflect|p2a: Meowstic\n|-sidestart|p2: maybe6533|Reflect\n|\n|upkeep\n|turn|42\n|inactive|maybe6533 has 120 seconds left.\n|\n|t:|1782807677\n|switch|p2a: Lapras|Lapras, L87, M|367/367\n|move|p1a: Ho-Oh|Sacred Fire|p2a: Lapras\n|-damage|p2a: Lapras|317/367\n|\n|upkeep\n|turn|43\n|inactive|distortedprose has 90 seconds left.\n|\n|t:|1782807689\n|switch|p1a: Terapagos|Terapagos, L77, F|265/265\n|-activate|p1a: Terapagos|ability: Tera Shift\n|detailschange|p1a: Terapagos|Terapagos-Terastal, L77, F\n|-heal|p1a: Terapagos|273/273|[silent]\n|move|p2a: Lapras|Dragon Dance|p2a: Lapras\n|-boost|p2a: Lapras|atk|1\n|-boost|p2a: Lapras|spe|1\n|\n|upkeep\n|turn|44\n|inactive|distortedprose has 90 seconds left.\n|\n|t:|1782807705\n|move|p2a: Lapras|Icicle Spear|p1a: Terapagos\n|-activate|p1a: Terapagos|ability: Tera Shell\n|-resisted|p1a: Terapagos\n|-damage|p1a: Terapagos|255/273\n|-resisted|p1a: Terapagos\n|-damage|p1a: Terapagos|238/273\n|-resisted|p1a: Terapagos\n|-damage|p1a: Terapagos|221/273\n|-resisted|p1a: Terapagos\n|-damage|p1a: Terapagos|204/273\n|-resisted|p1a: Terapagos\n|-damage|p1a: Terapagos|186/273\n|-hitcount|p1a: Terapagos|5\n|move|p1a: Terapagos|Calm Mind|p1a: Terapagos\n|-boost|p1a: Terapagos|spa|1\n|-boost|p1a: Terapagos|spd|1\n|\n|upkeep\n|turn|45\n|\n|t:|1782807720\n|move|p2a: Lapras|Icicle Spear|p1a: Terapagos\n|-damage|p1a: Terapagos|149/273\n|-damage|p1a: Terapagos|115/273\n|-crit|p1a: Terapagos\n|-damage|p1a: Terapagos|63/273\n|-damage|p1a: Terapagos|26/273\n|-damage|p1a: Terapagos|0 fnt\n|faint|p1a: Terapagos\n|-hitcount|p1: Terapagos|5\n|\n|upkeep\n|\n|t:|1782807724\n|switch|p1a: Medicham|Medicham, L86, F|91/243\n|turn|46\n|c|\u2606maybe6533|another crit.............\n|inactive|maybe6533 has 120 seconds left.\n|\n|t:|1782807748\n|switch|p2a: Meowstic|Meowstic, L89, M|277/277\n|move|p1a: Medicham|Close Combat|p2a: Meowstic\n|-resisted|p2a: Meowstic\n|-crit|p2a: Meowstic\n|-damage|p2a: Meowstic|43/277\n|-unboost|p1a: Medicham|def|1\n|-unboost|p1a: Medicham|spd|1\n|\n|upkeep\n|turn|47\n|inactive|maybe6533 has 120 seconds left.\n|\n|t:|1782807765\n|switch|p1a: Ho-Oh|Ho-Oh, L71|268/268 par\n|move|p2a: Meowstic|Psychic Noise|p1a: Ho-Oh\n|-damage|p1a: Ho-Oh|202/268 par\n|-start|p1a: Ho-Oh|move: Heal Block\n|\n|upkeep\n|turn|48\n|inactive|maybe6533 has 120 seconds left.\n|\n|t:|1782807779\n|switch|p2a: Lapras|Lapras, L87, M|317/367\n|move|p1a: Ho-Oh|Brave Bird|p2a: Lapras\n|-damage|p2a: Lapras|257/367\n|-damage|p1a: Ho-Oh|182/268 par|[from] Recoil\n|\n|-end|p1a: Ho-Oh|move: Heal Block\n|-sideend|p2: maybe6533|Reflect\n|upkeep\n|turn|49\n|inactive|maybe6533 has 120 seconds left.\n|inactive|distortedprose has 90 seconds left.\n|inactive|maybe6533 has 90 seconds left.\n|\n|t:|1782807835\n|switch|p1a: Medicham|Medicham, L86, F|91/243\n|move|p2a: Lapras|Waterfall|p1a: Medicham\n|-damage|p1a: Medicham|1/243\n|\n|upkeep\n|turn|50\n|inactive|distortedprose has 90 seconds left.\n|inactive|maybe6533 has 60 seconds left.\n|inactive|maybe6533 has 30 seconds left.\n|\n|t:|1782807896\n|switch|p2a: Meowstic|Meowstic, L89, M|43/277\n|move|p1a: Medicham|Close Combat|p2a: Meowstic\n|-resisted|p2a: Meowstic\n|-damage|p2a: Meowstic|0 fnt\n|-unboost|p1a: Medicham|def|1\n|-unboost|p1a: Medicham|spd|1\n|faint|p2a: Meowstic\n|\n|upkeep\n|\n|t:|1782807900\n|switch|p2a: Lapras|Lapras, L87, M|257/367\n|turn|51\n|c|\u2606maybe6533|gg\n|\n|t:|1782807909\n|move|p1a: Medicham|Close Combat|p2a: Lapras\n|-supereffective|p2a: Lapras\n|-damage|p2a: Lapras|0 fnt\n|-unboost|p1a: Medicham|def|1\n|-unboost|p1a: Medicham|spd|1\n|faint|p2a: Lapras\n|\n|win|distortedprose\n|raw|distortedprose's rating: 1572 &rarr; <strong>1590</strong><br />(+18 for winning)\n|raw|maybe6533's rating: 1543 &rarr; <strong>1525</strong><br />(-18 for losing)\n|l|\u2606maybe6533\n|player|p2|\n|c|\u2606distortedprose|gg\n", "inputlog": ">version f8ac14003a5f27e1bdc8d8c59608a773c1cb96e5\n>start {\"formatid\":\"gen9randombattle\",\"seed\":\"sodium,8eb5f78d428e01b82c924f984bbe38ba\",\"rated\":\"Rated battle\"}\n>player p1 {\"name\":\"distortedprose\",\"avatar\":\"hilda-wonderlauncher\",\"rating\":1572,\"seed\":\"sodium,7b8497c05cc75a32e2824b5bb294105f\"}\n>player p2 {\"name\":\"maybe6533\",\"avatar\":\"iris\",\"rating\":1543,\"seed\":\"sodium,4075de3a7f5cd58958b30946f77184cc\"}\n>p1 move leechseed\n>p2 switch 4\n>p1 move substitute\n>p2 move knockoff\n>p1 move substitute\n>p2 switch 4\n>p1 move poltergeist\n>p2 move substitute\n>p1 move poltergeist\n>p2 move thunderbolt\n>p1 move poltergeist\n>p2 move thunderbolt\n>p1 move poltergeist\n>p2 switch 4\n>p1 move substitute\n>p2 move knockoff\n>p2 switch 3\n>p1 switch 5\n>p2 move gunkshot\n>p1 switch 5\n>p2 move swordsdance\n>p1 switch 5\n>p2 move gunkshot\n>p1 move haze\n>p2 move earthquake\n>p1 switch 5\n>p1 move leechseed terastallize\n>p2 move gunkshot\n>p1 move substitute\n>p2 move earthquake\n>p1 move substitute\n>p2 move earthquake\n>p1 move substitute\n>p2 move recover\n>p1 move poltergeist\n>p2 move earthquake\n>p1 move poltergeist\n>p2 move recover\n>p2 switch 4\n>p1 move substitute\n>p2 move leechseed\n>p1 move poltergeist\n>p2 move substitute\n>p1 move poltergeist\n>p2 move substitute\n>p1 switch 4\n>p2 move substitute\n>p1 move sacredfire\n>p2 move thunderbolt\n>p1 switch 4\n>p2 move thunderbolt\n>p1 switch 6\n>p2 move leechseed\n>p1 move trailblaze\n>p2 move thunderbolt\n>p1 move trailblaze\n>p2 move thunderbolt\n>p1 move bodypress\n>p2 move thunderbolt\n>p2 switch 2\n>p1 move trailblaze\n>p2 move calmmind\n>p1 move trailblaze\n>p2 move psyshock\n>p1 move synthesis\n>p2 move psyshock\n>p1 move synthesis\n>p2 move psyshock\n>p1 move synthesis\n>p2 move calmmind\n>p1 move irondefense\n>p2 move calmmind\n>p1 move irondefense\n>p2 move psyshock\n>p1 move bodypress\n>p2 move psyshock\n>p1 switch 6\n>p1 move powerwhip\n>p2 move moonlight terastallize\n>p1 move leechseed\n>p2 move thunderbolt\n>chat \u2606maybe6533|another crit\n>p1 switch 2\n>p1 move zenheadbutt\n>p2 move thunderbolt\n>p1 move zenheadbutt\n>p2 move thunderbolt\n>p2 switch 5\n>p1 switch 4\n>p2 move reflect\n>p1 move sacredfire\n>p2 switch 6\n>p1 switch 3\n>p2 move dragondance\n>p1 move calmmind\n>p2 move iciclespear\n>p1 move terastarstorm\n>p2 move iciclespear\n>p1 switch 4\n>chat \u2606maybe6533|another crit.............\n>p1 move closecombat\n>p2 switch 6\n>p1 switch 3\n>p2 move psychicnoise\n>p1 move bravebird\n>p2 switch 6\n>p1 switch 3\n>p2 move waterfall\n>p1 move closecombat\n>p2 switch 6\n>p2 switch 6\n>chat \u2606maybe6533|gg\n>p1 move closecombat\n>p2 move iciclespear", "uploadtime": 1782807917, "views": 9, "formatid": "gen9randombattle", "rating": 1525, "private": 0, "password": null, "player_dets": [{"name": "distortedprose", "avatar": "hilda-wonderlauncher", "rating": 1572, "seed": "sodium,7b8497c05cc75a32e2824b5bb294105f"}, {"name": "maybe6533", "avatar": "iris", "rating": 1543, "seed": "sodium,4075de3a7f5cd58958b30946f77184cc"}], "teams_full": [{"Brambleghast": {"name": "Brambleghast", "species": "Brambleghast", "speciesId": "brambleghast", "gender": "M", "shiny": false, "level": 88, "moves": ["leechseed", "poltergeist", "substitute", "powerwhip"], "ability": "Wind Rider", "evs": {"hp": 85, "atk": 85, "def": 85, "spa": 85, "spd": 85, "spe": 85}, "ivs": {"hp": 31, "atk": 31, "def": 31, "spa": 31, "spd": 31, "spe": 31}, "item": "Leftovers", "teraType": "Steel", "role": "Fast Support", "bvs": {"hp": 55, "atk": 115, "def": 70, "spa": 80, "spd": 70, "spe": 90}, "stats": {"hp": 240, "atk": 253, "def": 173, "spa": 191, "spd": 173, "spe": 209}, "types": ["Grass", "Ghost"]}, "Medicham": {"name": "Medicham", "species": "Medicham", "speciesId": "medicham", "gender": "F", "shiny": false, "level": 86, "moves": ["bulletpunch", "closecombat", "zenheadbutt", "icepunch"], "ability": "Pure Power", "evs": {"hp": 85, "atk": 85, "def": 85, "spa": 85, "spd": 85, "spe": 85}, "ivs": {"hp": 31, "atk": 31, "def": 31, "spa": 31, "spd": 31, "spe": 31}, "item": "Choice Band", "teraType": "Fighting", "role": "Fast Attacker", "bvs": {"hp": 60, "atk": 60, "def": 75, "spa": 60, "spd": 75, "spe": 80}, "stats": {"hp": 243, "atk": 152, "def": 178, "spa": 152, "spd": 178, "spe": 187}, "types": ["Fighting", "Psychic"]}, "Terapagos": {"name": "Terapagos", "species": "Terapagos", "speciesId": "terapagos", "gender": "F", "shiny": false, "level": 77, "moves": ["terastarstorm", "rapidspin", "earthpower", "calmmind"], "ability": "Tera Shift", "evs": {"hp": 85, "atk": 85, "def": 85, "spa": 85, "spd": 85, "spe": 85}, "ivs": {"hp": 31, "atk": 31, "def": 31, "spa": 31, "spd": 31, "spe": 31}, "item": "Heavy-Duty Boots", "teraType": "Stellar", "role": "Fast Bulky Setup", "bvs": {"hp": 90, "atk": 65, "def": 85, "spa": 65, "spd": 85, "spe": 60}, "stats": {"hp": 265, "atk": 145, "def": 175, "spa": 145, "spd": 175, "spe": 137}, "types": ["Normal"]}, "Ho-Oh": {"name": "Ho-Oh", "species": "Ho-Oh", "speciesId": "hooh", "gender": "N", "shiny": false, "level": 71, "moves": ["recover", "earthquake", "sacredfire", "bravebird"], "ability": "Regenerator", "evs": {"hp": 85, "atk": 85, "def": 85, "spa": 85, "spd": 85, "spe": 85}, "ivs": {"hp": 31, "atk": 31, "def": 31, "spa": 31, "spd": 31, "spe": 31}, "item": "Heavy-Duty Boots", "teraType": "Steel", "role": "Bulky Attacker", "bvs": {"hp": 106, "atk": 130, "def": 90, "spa": 110, "spd": 154, "spe": 90}, "stats": {"hp": 268, "atk": 226, "def": 169, "spa": 198, "spd": 260, "spe": 169}, "types": ["Fire", "Flying"]}, "Tentacruel": {"name": "Tentacruel", "species": "Tentacruel", "speciesId": "tentacruel", "gender": "F", "shiny": false, "level": 84, "moves": ["sludgebomb", "surf", "toxic", "haze"], "ability": "Liquid Ooze", "evs": {"hp": 85, "atk": 0, "def": 85, "spa": 85, "spd": 85, "spe": 85}, "ivs": {"hp": 31, "atk": 0, "def": 31, "spa": 31, "spd": 31, "spe": 31}, "item": "Leftovers", "teraType": "Flying", "role": "Bulky Support", "bvs": {"hp": 80, "atk": 70, "def": 65, "spa": 80, "spd": 120, "spe": 100}, "stats": {"hp": 272, "atk": 122, "def": 157, "spa": 183, "spd": 250, "spe": 216}, "types": ["Water", "Poison"]}, "Chesnaught": {"name": "Chesnaught", "species": "Chesnaught", "speciesId": "chesnaught", "gender": "M", "shiny": false, "level": 84, "moves": ["synthesis", "trailblaze", "irondefense", "bodypress"], "ability": "Bulletproof", "evs": {"hp": 85, "atk": 85, "def": 85, "spa": 85, "spd": 85, "spe": 85}, "ivs": {"hp": 31, "atk": 31, "def": 31, "spa": 31, "spd": 31, "spe": 31}, "item": "Leftovers", "teraType": "Steel", "role": "Fast Bulky Setup", "bvs": {"hp": 88, "atk": 107, "def": 122, "spa": 74, "spd": 75, "spe": 64}, "stats": {"hp": 285, "atk": 228, "def": 253, "spa": 173, "spd": 174, "spe": 156}, "types": ["Grass", "Fighting"]}}, {"Electrode": {"name": "Electrode", "species": "Electrode-Hisui", "speciesId": "electrodehisui", "gender": "N", "shiny": false, "level": 87, "moves": ["thunderbolt", "leechseed", "substitute", "gigadrain"], "ability": "Soundproof", "evs": {"hp": 85, "atk": 0, "def": 85, "spa": 85, "spd": 85, "spe": 85}, "ivs": {"hp": 31, "atk": 0, "def": 31, "spa": 31, "spd": 31, "spe": 31}, "item": "Leftovers", "teraType": "Poison", "role": "Fast Support", "bvs": {"hp": 60, "atk": 50, "def": 70, "spa": 80, "spd": 80, "spe": 150}, "stats": {"hp": 246, "atk": 92, "def": 172, "spa": 189, "spd": 189, "spe": 311}, "types": ["Electric", "Grass"]}, "Cresselia": {"name": "Cresselia", "species": "Cresselia", "speciesId": "cresselia", "gender": "F", "shiny": false, "level": 80, "moves": ["thunderbolt", "calmmind", "moonlight", "psyshock"], "ability": "Levitate", "evs": {"hp": 85, "atk": 0, "def": 85, "spa": 85, "spd": 85, "spe": 85}, "ivs": {"hp": 31, "atk": 0, "def": 31, "spa": 31, "spd": 31, "spe": 31}, "item": "Leftovers", "teraType": "Electric", "role": "Bulky Setup", "bvs": {"hp": 120, "atk": 70, "def": 110, "spa": 75, "spd": 120, "spe": 85}, "stats": {"hp": 323, "atk": 117, "def": 222, "spa": 166, "spd": 238, "spe": 182}, "types": ["Psychic"]}, "Arceus": {"name": "Arceus", "species": "Arceus-Poison", "speciesId": "arceuspoison", "gender": "N", "shiny": false, "level": 70, "moves": ["swordsdance", "earthquake", "gunkshot", "recover"], "ability": "Multitype", "evs": {"hp": 85, "atk": 85, "def": 85, "spa": 85, "spd": 85, "spe": 85}, "ivs": {"hp": 31, "atk": 31, "def": 31, "spa": 31, "spd": 31, "spe": 31}, "item": "Toxic Plate", "teraType": "Ground", "role": "Setup Sweeper", "bvs": {"hp": 120, "atk": 120, "def": 120, "spa": 120, "spd": 120, "spe": 120}, "stats": {"hp": 284, "atk": 209, "def": 209, "spa": 209, "spd": 209, "spe": 209}, "types": ["Poison"]}, "Hitmonchan": {"name": "Hitmonchan", "species": "Hitmonchan", "speciesId": "hitmonchan", "gender": "M", "shiny": false, "level": 87, "moves": ["knockoff", "icepunch", "swordsdance", "drainpunch"], "ability": "Iron Fist", "evs": {"hp": 85, "atk": 85, "def": 85, "spa": 85, "spd": 85, "spe": 85}, "ivs": {"hp": 31, "atk": 31, "def": 31, "spa": 31, "spd": 31, "spe": 31}, "item": "Life Orb", "teraType": "Dark", "role": "Setup Sweeper", "bvs": {"hp": 50, "atk": 105, "def": 79, "spa": 35, "spd": 110, "spe": 76}, "stats": {"hp": 229, "atk": 232, "def": 187, "spa": 111, "spd": 241, "spe": 182}, "types": ["Fighting"]}, "Meowstic": {"name": "Meowstic", "species": "Meowstic", "speciesId": "meowstic", "gender": "M", "shiny": false, "level": 89, "moves": ["lightscreen", "yawn", "reflect", "psychicnoise"], "ability": "Prankster", "evs": {"hp": 85, "atk": 0, "def": 85, "spa": 85, "spd": 85, "spe": 85}, "ivs": {"hp": 31, "atk": 0, "def": 31, "spa": 31, "spd": 31, "spe": 31}, "item": "Light Clay", "teraType": "Fairy", "role": "Bulky Support", "bvs": {"hp": 74, "atk": 48, "def": 76, "spa": 83, "spd": 81, "spe": 104}, "stats": {"hp": 277, "atk": 90, "def": 186, "spa": 199, "spd": 195, "spe": 236}, "types": ["Psychic"]}, "Lapras": {"name": "Lapras", "species": "Lapras", "speciesId": "lapras", "gender": "M", "shiny": false, "level": 87, "moves": ["iciclespear", "dragondance", "earthquake", "waterfall"], "ability": "Water Absorb", "evs": {"hp": 81, "atk": 85, "def": 85, "spa": 85, "spd": 85, "spe": 85}, "ivs": {"hp": 31, "atk": 31, "def": 31, "spa": 31, "spd": 31, "spe": 31}, "item": "Loaded Dice", "teraType": "Ground", "role": "Setup Sweeper", "bvs": {"hp": 130, "atk": 85, "def": 80, "spa": 85, "spd": 95, "spe": 60}, "stats": {"hp": 367, "atk": 198, "def": 189, "spa": 198, "spd": 215, "spe": 154}, "types": ["Water", "Ice"]}}]}