{"id": "gen9randombattle-2641267883", "format": "[Gen 9] Random Battle", "players": ["Iangra02", "testbotcif"], "log": "|j|\u2606Iangra02\n|j|\u2606testbotcif\n|t:|1782761249\n|gametype|singles\n|player|p1|Iangra02|2|1367\n|player|p2|testbotcif|266|1341\n|gen|9\n|tier|[Gen 9] Random Battle\n|rated|\n|rule|Species Clause: Limit one of each Pok\u00e9mon\n|rule|HP Percentage Mod: HP is shown in percentages\n|rule|Sleep Clause Mod: Limit one foe put to sleep\n|rule|Illusion Level Mod: Illusion disguises the Pok\u00e9mon's true level\n|\n|t:|1782761249\n|teamsize|p1|6\n|teamsize|p2|6\n|start\n|switch|p1a: Appletun|Appletun, L92, F|352/352\n|switch|p2a: Slaking|Slaking, L84, F|389/389\n|turn|1\n|c|\u2606testbotcif|rlhf\n|inactive|Battle timer is ON: inactive players will automatically lose when time's up. (requested by testbotcif)\n|\n|t:|1782761254\n|move|p2a: Slaking|Double-Edge|p1a: Appletun\n|-damage|p1a: Appletun|79/352\n|-damage|p2a: Slaking|299/389|[from] Recoil\n|move|p1a: Appletun|Leech Seed|p2a: Slaking\n|-start|p2a: Slaking|move: Leech Seed\n|\n|-heal|p1a: Appletun|101/352|[from] item: Leftovers\n|-damage|p2a: Slaking|251/389|[from] Leech Seed|[of] p1a: Appletun\n|-heal|p1a: Appletun|149/352|[silent]\n|upkeep\n|turn|2\n|\n|t:|1782761264\n|switch|p2a: Vivillon|Vivillon-Marine, L83, F|268/268\n|-terastallize|p1a: Appletun|Steel\n|move|p1a: Appletun|Recover|p1a: Appletun\n|-heal|p1a: Appletun|325/352\n|\n|-heal|p1a: Appletun|347/352|[from] item: Leftovers\n|upkeep\n|turn|3\n|\n|t:|1782761272\n|move|p2a: Vivillon|Quiver Dance|p2a: Vivillon\n|-boost|p2a: Vivillon|spa|1\n|-boost|p2a: Vivillon|spd|1\n|-boost|p2a: Vivillon|spe|1\n|move|p1a: Appletun|Leech Seed|p2a: Vivillon\n|-start|p2a: Vivillon|move: Leech Seed\n|\n|-heal|p1a: Appletun|352/352|[from] item: Leftovers\n|-damage|p2a: Vivillon|235/268|[from] Leech Seed|[of] p1a: Appletun\n|upkeep\n|turn|4\n|\n|t:|1782761280\n|move|p2a: Vivillon|Sleep Powder|p1a: Appletun\n|-status|p1a: Appletun|slp|[from] move: Sleep Powder\n|cant|p1a: Appletun|slp\n|\n|-damage|p2a: Vivillon|202/268|[from] Leech Seed|[of] p1a: Appletun\n|upkeep\n|turn|5\n|\n|t:|1782761285\n|move|p2a: Vivillon|Quiver Dance|p2a: Vivillon\n|-boost|p2a: Vivillon|spa|1\n|-boost|p2a: Vivillon|spd|1\n|-boost|p2a: Vivillon|spe|1\n|cant|p1a: Appletun|slp\n|\n|-damage|p2a: Vivillon|169/268|[from] Leech Seed|[of] p1a: Appletun\n|upkeep\n|turn|6\n|\n|t:|1782761291\n|move|p2a: Vivillon|Quiver Dance|p2a: Vivillon\n|-boost|p2a: Vivillon|spa|1\n|-boost|p2a: Vivillon|spd|1\n|-boost|p2a: Vivillon|spe|1\n|cant|p1a: Appletun|slp\n|\n|-damage|p2a: Vivillon|136/268|[from] Leech Seed|[of] p1a: Appletun\n|upkeep\n|turn|7\n|\n|t:|1782761298\n|move|p2a: Vivillon|Hurricane|p1a: Appletun\n|-resisted|p1a: Appletun\n|-damage|p1a: Appletun|211/352 slp\n|-start|p1a: Appletun|confusion\n|-curestatus|p1a: Appletun|slp|[msg]\n|-activate|p1a: Appletun|confusion\n|move|p1a: Appletun|Recover|p1a: Appletun\n|-heal|p1a: Appletun|352/352\n|\n|-damage|p2a: Vivillon|103/268|[from] Leech Seed|[of] p1a: Appletun\n|upkeep\n|turn|8\n|\n|t:|1782761313\n|move|p2a: Vivillon|Tera Blast|p1a: Appletun\n|-resisted|p1a: Appletun\n|-damage|p1a: Appletun|286/352\n|-activate|p1a: Appletun|confusion\n|-damage|p1a: Appletun|263/352|[from] confusion\n|\n|-heal|p1a: Appletun|285/352|[from] item: Leftovers\n|-damage|p2a: Vivillon|70/268|[from] Leech Seed|[of] p1a: Appletun\n|-heal|p1a: Appletun|318/352|[silent]\n|upkeep\n|turn|9\n|\n|t:|1782761322\n|move|p2a: Vivillon|Sleep Powder|p1a: Appletun\n|-status|p1a: Appletun|slp|[from] move: Sleep Powder\n|cant|p1a: Appletun|slp\n|\n|-heal|p1a: Appletun|340/352 slp|[from] item: Leftovers\n|-damage|p2a: Vivillon|37/268|[from] Leech Seed|[of] p1a: Appletun\n|-heal|p1a: Appletun|352/352 slp|[silent]\n|upkeep\n|turn|10\n|\n|t:|1782761327\n|move|p2a: Vivillon|Tera Blast|p1a: Appletun\n|-resisted|p1a: Appletun\n|-damage|p1a: Appletun|286/352 slp\n|-curestatus|p1a: Appletun|slp|[msg]\n|-end|p1a: Appletun|confusion\n|move|p1a: Appletun|Apple Acid|p2a: Vivillon\n|-resisted|p2a: Vivillon\n|-damage|p2a: Vivillon|21/268\n|-unboost|p2a: Vivillon|spd|1\n|\n|-heal|p1a: Appletun|308/352|[from] item: Leftovers\n|-damage|p2a: Vivillon|0 fnt|[from] Leech Seed|[of] p1a: Appletun\n|-heal|p1a: Appletun|329/352|[silent]\n|faint|p2a: Vivillon\n|upkeep\n|\n|t:|1782761327\n|switch|p2a: Heatran|Heatran, L79, M|273/273\n|-item|p2a: Heatran|Air Balloon\n|turn|11\n|\n|t:|1782761347\n|move|p2a: Heatran|Lava Plume|p1a: Appletun\n|-supereffective|p1a: Appletun\n|-damage|p1a: Appletun|239/352\n|move|p1a: Appletun|Leech Seed|p2a: Heatran\n|-start|p2a: Heatran|move: Leech Seed\n|\n|-heal|p1a: Appletun|261/352|[from] item: Leftovers\n|-damage|p2a: Heatran|239/273|[from] Leech Seed|[of] p1a: Appletun\n|-heal|p1a: Appletun|295/352|[silent]\n|upkeep\n|turn|12\n|\n|t:|1782761354\n|move|p2a: Heatran|Lava Plume|p1a: Appletun\n|-supereffective|p1a: Appletun\n|-damage|p1a: Appletun|197/352\n|-status|p1a: Appletun|brn\n|move|p1a: Appletun|Apple Acid|p2a: Heatran\n|-resisted|p2a: Heatran\n|-damage|p2a: Heatran|215/273\n|-unboost|p2a: Heatran|spd|1\n|-enditem|p2a: Heatran|Air Balloon\n|\n|-heal|p1a: Appletun|219/352 brn|[from] item: Leftovers\n|-damage|p2a: Heatran|181/273|[from] Leech Seed|[of] p1a: Appletun\n|-heal|p1a: Appletun|253/352 brn|[silent]\n|-damage|p1a: Appletun|231/352 brn|[from] brn\n|upkeep\n|turn|13\n|\n|t:|1782761367\n|move|p2a: Heatran|Lava Plume|p1a: Appletun\n|-supereffective|p1a: Appletun\n|-damage|p1a: Appletun|135/352 brn\n|move|p1a: Appletun|Recover|p1a: Appletun\n|-heal|p1a: Appletun|311/352 brn\n|\n|-heal|p1a: Appletun|333/352 brn|[from] item: Leftovers\n|-damage|p2a: Heatran|147/273|[from] Leech Seed|[of] p1a: Appletun\n|-heal|p1a: Appletun|352/352 brn|[silent]\n|-damage|p1a: Appletun|330/352 brn|[from] brn\n|upkeep\n|turn|14\n|\n|t:|1782761379\n|move|p2a: Heatran|Heavy Slam|p1a: Appletun\n|-resisted|p1a: Appletun\n|-damage|p1a: Appletun|282/352 brn\n|move|p1a: Appletun|Apple Acid|p2a: Heatran\n|-resisted|p2a: Heatran\n|-damage|p2a: Heatran|113/273\n|-unboost|p2a: Heatran|spd|1\n|\n|-heal|p1a: Appletun|304/352 brn|[from] item: Leftovers\n|-damage|p2a: Heatran|79/273|[from] Leech Seed|[of] p1a: Appletun\n|-heal|p1a: Appletun|338/352 brn|[silent]\n|-damage|p1a: Appletun|316/352 brn|[from] brn\n|upkeep\n|turn|15\n|\n|t:|1782761387\n|move|p2a: Heatran|Lava Plume|p1a: Appletun\n|-supereffective|p1a: Appletun\n|-damage|p1a: Appletun|224/352 brn\n|move|p1a: Appletun|Apple Acid|p2a: Heatran\n|-resisted|p2a: Heatran\n|-damage|p2a: Heatran|30/273\n|-unboost|p2a: Heatran|spd|1\n|\n|-heal|p1a: Appletun|246/352 brn|[from] item: Leftovers\n|-damage|p2a: Heatran|0 fnt|[from] Leech Seed|[of] p1a: Appletun\n|-heal|p1a: Appletun|276/352 brn|[silent]\n|faint|p2a: Heatran\n|-damage|p1a: Appletun|254/352 brn|[from] brn\n|upkeep\n|\n|t:|1782761387\n|switch|p2a: Espathra|Espathra, L80, M|283/283\n|turn|16\n|\n|t:|1782761399\n|move|p2a: Espathra|Calm Mind|p2a: Espathra\n|-boost|p2a: Espathra|spa|1\n|-boost|p2a: Espathra|spd|1\n|move|p1a: Appletun|Leech Seed|p2a: Espathra\n|-start|p2a: Espathra|move: Leech Seed\n|\n|-heal|p1a: Appletun|276/352 brn|[from] item: Leftovers\n|-damage|p2a: Espathra|248/283|[from] Leech Seed|[of] p1a: Appletun\n|-heal|p1a: Appletun|311/352 brn|[silent]\n|-damage|p1a: Appletun|289/352 brn|[from] brn\n|-ability|p2a: Espathra|Speed Boost|boost\n|-boost|p2a: Espathra|spe|1\n|upkeep\n|turn|17\n|\n|t:|1782761413\n|move|p2a: Espathra|Calm Mind|p2a: Espathra\n|-boost|p2a: Espathra|spa|1\n|-boost|p2a: Espathra|spd|1\n|move|p1a: Appletun|Apple Acid|p2a: Espathra\n|-damage|p2a: Espathra|176/283\n|-unboost|p2a: Espathra|spd|1\n|\n|-heal|p2a: Espathra|193/283|[from] item: Leftovers\n|-heal|p1a: Appletun|311/352 brn|[from] item: Leftovers\n|-damage|p2a: Espathra|158/283|[from] Leech Seed|[of] p1a: Appletun\n|-heal|p1a: Appletun|346/352 brn|[silent]\n|-damage|p1a: Appletun|324/352 brn|[from] brn\n|-ability|p2a: Espathra|Speed Boost|boost\n|-boost|p2a: Espathra|spe|1\n|upkeep\n|turn|18\n|\n|t:|1782761421\n|move|p2a: Espathra|Protect|p2a: Espathra\n|-singleturn|p2a: Espathra|Protect\n|move|p1a: Appletun|Apple Acid|p2a: Espathra\n|-activate|p2a: Espathra|move: Protect\n|\n|-heal|p2a: Espathra|175/283|[from] item: Leftovers\n|-heal|p1a: Appletun|346/352 brn|[from] item: Leftovers\n|-damage|p2a: Espathra|140/283|[from] Leech Seed|[of] p1a: Appletun\n|-heal|p1a: Appletun|352/352 brn|[silent]\n|-damage|p1a: Appletun|330/352 brn|[from] brn\n|-ability|p2a: Espathra|Speed Boost|boost\n|-boost|p2a: Espathra|spe|1\n|upkeep\n|turn|19\n|\n|t:|1782761423\n|move|p2a: Espathra|Stored Power|p1a: Appletun\n|-resisted|p1a: Appletun\n|-damage|p1a: Appletun|200/352 brn\n|move|p1a: Appletun|Apple Acid|p2a: Espathra\n|-damage|p2a: Espathra|50/283\n|-unboost|p2a: Espathra|spd|1\n|\n|-heal|p2a: Espathra|67/283|[from] item: Leftovers\n|-heal|p1a: Appletun|222/352 brn|[from] item: Leftovers\n|-damage|p2a: Espathra|32/283|[from] Leech Seed|[of] p1a: Appletun\n|-heal|p1a: Appletun|257/352 brn|[silent]\n|-damage|p1a: Appletun|235/352 brn|[from] brn\n|-ability|p2a: Espathra|Speed Boost|boost\n|-boost|p2a: Espathra|spe|1\n|upkeep\n|turn|20\n|\n|t:|1782761434\n|move|p2a: Espathra|Protect|p2a: Espathra\n|-singleturn|p2a: Espathra|Protect\n|move|p1a: Appletun|Recover|p1a: Appletun\n|-heal|p1a: Appletun|352/352 brn\n|\n|-heal|p2a: Espathra|49/283|[from] item: Leftovers\n|-damage|p2a: Espathra|14/283|[from] Leech Seed|[of] p1a: Appletun\n|-damage|p1a: Appletun|330/352 brn|[from] brn\n|-ability|p2a: Espathra|Speed Boost|boost\n|-boost|p2a: Espathra|spe|1\n|upkeep\n|turn|21\n|\n|t:|1782761443\n|move|p2a: Espathra|Stored Power|p1a: Appletun\n|-resisted|p1a: Appletun\n|-crit|p1a: Appletun\n|-damage|p1a: Appletun|92/352 brn\n|move|p1a: Appletun|Recover|p1a: Appletun\n|-heal|p1a: Appletun|268/352 brn\n|\n|-heal|p2a: Espathra|31/283|[from] item: Leftovers\n|-heal|p1a: Appletun|290/352 brn|[from] item: Leftovers\n|-damage|p2a: Espathra|0 fnt|[from] Leech Seed|[of] p1a: Appletun\n|-heal|p1a: Appletun|321/352 brn|[silent]\n|faint|p2a: Espathra\n|-damage|p1a: Appletun|299/352 brn|[from] brn\n|upkeep\n|\n|t:|1782761443\n|switch|p2a: Meowstic|Meowstic, L89, M|277/277\n|turn|22\n|\n|t:|1782761455\n|-terastallize|p2a: Meowstic|Fairy\n|move|p2a: Meowstic|Reflect|p2a: Meowstic\n|-sidestart|p2: testbotcif|Reflect\n|move|p1a: Appletun|Leech Seed|p2a: Meowstic\n|-start|p2a: Meowstic|move: Leech Seed\n|\n|-heal|p1a: Appletun|321/352 brn|[from] item: Leftovers\n|-damage|p2a: Meowstic|243/277|[from] Leech Seed|[of] p1a: Appletun\n|-heal|p1a: Appletun|352/352 brn|[silent]\n|-damage|p1a: Appletun|330/352 brn|[from] brn\n|upkeep\n|turn|23\n|\n|t:|1782761462\n|move|p2a: Meowstic|Psychic Noise|p1a: Appletun\n|-resisted|p1a: Appletun\n|-damage|p1a: Appletun|294/352 brn\n|-start|p1a: Appletun|move: Heal Block\n|move|p1a: Appletun|Apple Acid|p2a: Meowstic\n|-damage|p2a: Meowstic|147/277\n|-unboost|p2a: Meowstic|spd|1\n|\n|-damage|p2a: Meowstic|113/277|[from] Leech Seed|[of] p1a: Appletun\n|-damage|p1a: Appletun|272/352 brn|[from] brn\n|upkeep\n|turn|24\n|\n|t:|1782761474\n|move|p2a: Meowstic|Yawn||[still]\n|-fail|p2a: Meowstic\n|move|p1a: Appletun|Apple Acid|p2a: Meowstic\n|-damage|p2a: Meowstic|0 fnt\n|faint|p2a: Meowstic\n|\n|-damage|p1a: Appletun|250/352 brn|[from] brn\n|-end|p1a: Appletun|move: Heal Block\n|upkeep\n|\n|t:|1782761475\n|switch|p2a: Slaking|Slaking, L84, F|251/389\n|turn|25\n|\n|t:|1782761482\n|move|p2a: Slaking|Double-Edge|p1a: Appletun\n|-resisted|p1a: Appletun\n|-damage|p1a: Appletun|111/352 brn\n|-damage|p2a: Slaking|205/389|[from] Recoil\n|move|p1a: Appletun|Recover|p1a: Appletun\n|-heal|p1a: Appletun|287/352 brn\n|\n|-heal|p1a: Appletun|309/352 brn|[from] item: Leftovers\n|-damage|p1a: Appletun|287/352 brn|[from] brn\n|upkeep\n|turn|26\n|\n|t:|1782761489\n|switch|p2a: Raging Bolt|Raging Bolt, L78|323/323\n|move|p1a: Appletun|Recover|p1a: Appletun\n|-heal|p1a: Appletun|352/352 brn\n|\n|-damage|p1a: Appletun|330/352 brn|[from] brn\n|upkeep\n|turn|27\n|\n|t:|1782761495\n|move|p2a: Raging Bolt|Calm Mind|p2a: Raging Bolt\n|-boost|p2a: Raging Bolt|spa|1\n|-boost|p2a: Raging Bolt|spd|1\n|move|p1a: Appletun|Leech Seed|p2a: Raging Bolt\n|-start|p2a: Raging Bolt|move: Leech Seed\n|\n|-heal|p1a: Appletun|352/352 brn|[from] item: Leftovers\n|-damage|p2a: Raging Bolt|283/323|[from] Leech Seed|[of] p1a: Appletun\n|-damage|p1a: Appletun|330/352 brn|[from] brn\n|upkeep\n|turn|28\n|\n|t:|1782761507\n|move|p2a: Raging Bolt|Calm Mind|p2a: Raging Bolt\n|-boost|p2a: Raging Bolt|spa|1\n|-boost|p2a: Raging Bolt|spd|1\n|move|p1a: Appletun|Apple Acid|p2a: Raging Bolt\n|-resisted|p2a: Raging Bolt\n|-damage|p2a: Raging Bolt|256/323\n|-unboost|p2a: Raging Bolt|spd|1\n|\n|-heal|p2a: Raging Bolt|276/323|[from] item: Leftovers\n|-heal|p1a: Appletun|352/352 brn|[from] item: Leftovers\n|-damage|p2a: Raging Bolt|236/323|[from] Leech Seed|[of] p1a: Appletun\n|-damage|p1a: Appletun|330/352 brn|[from] brn\n|upkeep\n|turn|29\n|\n|t:|1782761516\n|move|p2a: Raging Bolt|Calm Mind|p2a: Raging Bolt\n|-boost|p2a: Raging Bolt|spa|1\n|-boost|p2a: Raging Bolt|spd|1\n|move|p1a: Appletun|Apple Acid|p2a: Raging Bolt\n|-resisted|p2a: Raging Bolt\n|-damage|p2a: Raging Bolt|209/323\n|-unboost|p2a: Raging Bolt|spd|1\n|\n|-heal|p2a: Raging Bolt|229/323|[from] item: Leftovers\n|-heal|p1a: Appletun|352/352 brn|[from] item: Leftovers\n|-damage|p2a: Raging Bolt|189/323|[from] Leech Seed|[of] p1a: Appletun\n|-damage|p1a: Appletun|330/352 brn|[from] brn\n|-sideend|p2: testbotcif|Reflect\n|upkeep\n|turn|30\n|\n|t:|1782761524\n|move|p2a: Raging Bolt|Thunderbolt|p1a: Appletun\n|-damage|p1a: Appletun|48/352 brn\n|move|p1a: Appletun|Apple Acid|p2a: Raging Bolt\n|-resisted|p2a: Raging Bolt\n|-damage|p2a: Raging Bolt|156/323\n|-unboost|p2a: Raging Bolt|spd|1\n|\n|-heal|p2a: Raging Bolt|176/323|[from] item: Leftovers\n|-heal|p1a: Appletun|70/352 brn|[from] item: Leftovers\n|-damage|p2a: Raging Bolt|136/323|[from] Leech Seed|[of] p1a: Appletun\n|-heal|p1a: Appletun|110/352 brn|[silent]\n|-damage|p1a: Appletun|88/352 brn|[from] brn\n|upkeep\n|turn|31\n|\n|t:|1782761531\n|move|p2a: Raging Bolt|Thunderclap||[still]\n|-fail|p2a: Raging Bolt\n|move|p1a: Appletun|Recover|p1a: Appletun\n|-heal|p1a: Appletun|264/352 brn\n|\n|-heal|p2a: Raging Bolt|156/323|[from] item: Leftovers\n|-heal|p1a: Appletun|286/352 brn|[from] item: Leftovers\n|-damage|p2a: Raging Bolt|116/323|[from] Leech Seed|[of] p1a: Appletun\n|-heal|p1a: Appletun|326/352 brn|[silent]\n|-damage|p1a: Appletun|304/352 brn|[from] brn\n|upkeep\n|turn|32\n|\n|t:|1782761537\n|move|p2a: Raging Bolt|Thunderclap|p1a: Appletun\n|-damage|p1a: Appletun|94/352 brn\n|move|p1a: Appletun|Draco Meteor|p2a: Raging Bolt\n|-supereffective|p2a: Raging Bolt\n|-damage|p2a: Raging Bolt|0 fnt\n|-unboost|p1a: Appletun|spa|2\n|faint|p2a: Raging Bolt\n|-end|p2a: Raging Bolt|Protosynthesis|[silent]\n|\n|-heal|p1a: Appletun|116/352 brn|[from] item: Leftovers\n|-damage|p1a: Appletun|94/352 brn|[from] brn\n|upkeep\n|\n|t:|1782761537\n|switch|p2a: Slaking|Slaking, L84, F|205/389\n|turn|33\n|\n|t:|1782761546\n|move|p2a: Slaking|Double-Edge|p1a: Appletun\n|-resisted|p1a: Appletun\n|-damage|p1a: Appletun|0 fnt\n|faint|p1a: Appletun\n|-damage|p2a: Slaking|174/389|[from] Recoil\n|\n|upkeep\n|\n|t:|1782761552\n|switch|p1a: Brute Bonnet|Brute Bonnet, L80|309/309\n|turn|34\n|\n|t:|1782761554\n|cant|p2a: Slaking|ability: Truant\n|move|p1a: Brute Bonnet|Spore|p2a: Slaking\n|-status|p2a: Slaking|slp|[from] move: Spore\n|\n|upkeep\n|turn|35\n|\n|t:|1782761558\n|cant|p2a: Slaking|slp\n|move|p1a: Brute Bonnet|Close Combat|p2a: Slaking\n|-supereffective|p2a: Slaking\n|-damage|p2a: Slaking|10/389 slp\n|-unboost|p1a: Brute Bonnet|def|1\n|-unboost|p1a: Brute Bonnet|spd|1\n|\n|upkeep\n|turn|36\n|\n|t:|1782761562\n|-curestatus|p2a: Slaking|slp|[msg]\n|move|p2a: Slaking|Double-Edge|p1a: Brute Bonnet\n|-damage|p1a: Brute Bonnet|0 fnt\n|faint|p1a: Brute Bonnet\n|-end|p1a: Brute Bonnet|Protosynthesis|[silent]\n|-damage|p2a: Slaking|0 fnt|[from] Recoil\n|faint|p2a: Slaking\n|\n|win|Iangra02\n|raw|Iangra02's rating: 1367 &rarr; <strong>1386</strong><br />(+19 for winning)\n|raw|testbotcif's rating: 1341 &rarr; <strong>1322</strong><br />(-19 for losing)\n", "inputlog": ">version f8ac14003a5f27e1bdc8d8c59608a773c1cb96e5\n>start {\"formatid\":\"gen9randombattle\",\"seed\":\"sodium,32a5266b4007f3e76879e18b8a9ec6c1\",\"rated\":\"Rated battle\"}\n>player p1 {\"name\":\"Iangra02\",\"avatar\":\"2\",\"rating\":1367,\"seed\":\"sodium,4b81902455e5daa8f32f80fe0a00dd69\"}\n>player p2 {\"name\":\"testbotcif\",\"avatar\":\"266\",\"rating\":1341,\"seed\":\"sodium,198b3875bc41bd382d0639f256bbc41f\"}\n>chat \u2606testbotcif|rlhf\n>p1 move leechseed\n>p2 move doubleedge\n>p1 move recover terastallize\n>p2 switch 6\n>p1 move leechseed\n>p2 move quiverdance\n>p1 move dracometeor\n>p2 move sleeppowder\n>p1 move dracometeor\n>p2 move quiverdance\n>p1 move dracometeor\n>p2 move quiverdance\n>p1 move recover\n>p2 move hurricane\n>p1 move dracometeor\n>p2 move terablast\n>p1 move recover\n>p2 move sleeppowder\n>p1 move appleacid\n>p2 move terablast\n>p2 switch 2\n>p1 move leechseed\n>p2 move lavaplume\n>p1 move appleacid\n>p2 move lavaplume\n>p1 move recover\n>p2 move lavaplume\n>p1 move appleacid\n>p2 move heavyslam\n>p1 move appleacid\n>p2 move lavaplume\n>p2 switch 3\n>p1 move leechseed\n>p2 move calmmind\n>p1 move appleacid\n>p2 move calmmind\n>p1 move appleacid\n>p2 move protect\n>p1 move appleacid\n>p2 move storedpower\n>p1 move recover\n>p2 move protect\n>p1 move recover\n>p2 move storedpower\n>p2 switch 5\n>p1 move leechseed\n>p2 move reflect terastallize\n>p1 move appleacid\n>p2 move psychicnoise\n>p1 move appleacid\n>p2 move yawn\n>p2 switch 6\n>p1 move recover\n>p2 move doubleedge\n>p1 move recover\n>p2 switch 4\n>p1 move leechseed\n>p2 move calmmind\n>p1 move appleacid\n>p2 move calmmind\n>p1 move appleacid\n>p2 move calmmind\n>p1 move appleacid\n>p2 move thunderbolt\n>p1 move recover\n>p2 move thunderclap\n>p1 move dracometeor\n>p2 move thunderclap\n>p2 switch 4\n>p1 move leechseed\n>p2 move doubleedge\n>p1 switch 4\n>p1 move spore\n>p2 move doubleedge\n>p1 move closecombat\n>p2 move doubleedge\n>p1 move crunch\n>p2 move doubleedge", "uploadtime": 1782761562, "views": 5, "formatid": "gen9randombattle", "rating": 1322, "private": 0, "password": null, "player_dets": [{"name": "Iangra02", "avatar": "2", "rating": 1367, "seed": "sodium,4b81902455e5daa8f32f80fe0a00dd69"}, {"name": "testbotcif", "avatar": "266", "rating": 1341, "seed": "sodium,198b3875bc41bd382d0639f256bbc41f"}], "teams_full": [{"Appletun": {"name": "Appletun", "species": "Appletun", "speciesId": "appletun", "gender": "F", "shiny": false, "level": 92, "moves": ["appleacid", "leechseed", "dracometeor", "recover"], "ability": "Thick Fat", "evs": {"hp": 85, "atk": 0, "def": 85, "spa": 85, "spd": 85, "spe": 85}, "ivs": {"hp": 31, "atk": 0, "def": 31, "spa": 31, "spd": 31, "spe": 31}, "item": "Leftovers", "teraType": "Steel", "role": "Bulky Attacker", "bvs": {"hp": 110, "atk": 85, "def": 80, "spa": 100, "spd": 80, "spe": 30}, "stats": {"hp": 352, "atk": 161, "def": 200, "spa": 236, "spd": 200, "spe": 108}, "types": ["Grass", "Dragon"]}, "Gengar": {"name": "Gengar", "species": "Gengar", "speciesId": "gengar", "gender": "F", "shiny": false, "level": 81, "moves": ["willowisp", "shadowball", "encore", "sludgewave"], "ability": "Cursed Body", "evs": {"hp": 85, "atk": 0, "def": 85, "spa": 85, "spd": 85, "spe": 85}, "ivs": {"hp": 31, "atk": 0, "def": 31, "spa": 31, "spd": 31, "spe": 31}, "item": "Life Orb", "teraType": "Dark", "role": "Fast Attacker", "bvs": {"hp": 60, "atk": 65, "def": 60, "spa": 130, "spd": 75, "spe": 110}, "stats": {"hp": 230, "atk": 110, "def": 144, "spa": 257, "spd": 168, "spe": 225}, "types": ["Ghost", "Poison"]}, "Raichu": {"name": "Raichu", "species": "Raichu-Alola", "speciesId": "raichualola", "gender": "M", "shiny": false, "level": 87, "moves": ["thunderbolt", "grassknot", "focusblast", "psyshock"], "ability": "Surge Surfer", "evs": {"hp": 85, "atk": 0, "def": 85, "spa": 85, "spd": 85, "spe": 85}, "ivs": {"hp": 31, "atk": 0, "def": 31, "spa": 31, "spd": 31, "spe": 31}, "item": "Choice Specs", "teraType": "Fighting", "role": "Fast Attacker", "bvs": {"hp": 60, "atk": 85, "def": 50, "spa": 95, "spd": 85, "spe": 110}, "stats": {"hp": 246, "atk": 152, "def": 137, "spa": 215, "spd": 198, "spe": 241}, "types": ["Electric", "Psychic"]}, "Brute Bonnet": {"name": "Brute Bonnet", "species": "Brute Bonnet", "speciesId": "brutebonnet", "gender": "N", "shiny": false, "level": 80, "moves": ["spore", "crunch", "closecombat", "suckerpunch"], "ability": "Protosynthesis", "evs": {"hp": 85, "atk": 85, "def": 85, "spa": 85, "spd": 85, "spe": 85}, "ivs": {"hp": 31, "atk": 31, "def": 31, "spa": 31, "spd": 31, "spe": 31}, "item": "Leftovers", "teraType": "Fighting", "role": "Bulky Attacker", "bvs": {"hp": 111, "atk": 127, "def": 99, "spa": 79, "spd": 99, "spe": 55}, "stats": {"hp": 309, "atk": 249, "def": 205, "spa": 173, "spd": 205, "spe": 134}, "types": ["Grass", "Dark"]}, "Noctowl": {"name": "Noctowl", "species": "Noctowl", "speciesId": "noctowl", "gender": "M", "shiny": false, "level": 95, "moves": ["hurricane", "hypervoice", "roost", "defog"], "ability": "Tinted Lens", "evs": {"hp": 85, "atk": 0, "def": 85, "spa": 85, "spd": 85, "spe": 85}, "ivs": {"hp": 31, "atk": 0, "def": 31, "spa": 31, "spd": 31, "spe": 31}, "item": "Heavy-Duty Boots", "teraType": "Steel", "role": "Bulky Attacker", "bvs": {"hp": 100, "atk": 50, "def": 50, "spa": 86, "spd": 96, "spe": 70}, "stats": {"hp": 344, "atk": 100, "def": 149, "spa": 217, "spd": 236, "spe": 187}, "types": ["Normal", "Flying"]}, "Klefki": {"name": "Klefki", "species": "Klefki", "speciesId": "klefki", "gender": "F", "shiny": false, "level": 84, "moves": ["spikes", "foulplay", "thunderwave", "dazzlinggleam"], "ability": "Prankster", "evs": {"hp": 85, "atk": 0, "def": 85, "spa": 85, "spd": 85, "spe": 85}, "ivs": {"hp": 31, "atk": 0, "def": 31, "spa": 31, "spd": 31, "spe": 31}, "item": "Leftovers", "teraType": "Flying", "role": "Bulky Attacker", "bvs": {"hp": 57, "atk": 80, "def": 91, "spa": 80, "spd": 87, "spe": 75}, "stats": {"hp": 233, "atk": 139, "def": 201, "spa": 183, "spd": 194, "spe": 174}, "types": ["Steel", "Fairy"]}}, {"Slaking": {"name": "Slaking", "species": "Slaking", "speciesId": "slaking", "gender": "F", "shiny": false, "level": 84, "moves": ["gigaimpact", "doubleedge", "knockoff", "earthquake"], "ability": "Truant", "evs": {"hp": 85, "atk": 85, "def": 85, "spa": 85, "spd": 85, "spe": 85}, "ivs": {"hp": 31, "atk": 31, "def": 31, "spa": 31, "spd": 31, "spe": 31}, "item": "Choice Band", "teraType": "Ghost", "role": "Wallbreaker", "bvs": {"hp": 150, "atk": 160, "def": 100, "spa": 95, "spd": 65, "spe": 100}, "stats": {"hp": 389, "atk": 317, "def": 216, "spa": 208, "spd": 157, "spe": 216}, "types": ["Normal"]}, "Heatran": {"name": "Heatran", "species": "Heatran", "speciesId": "heatran", "gender": "M", "shiny": false, "level": 79, "moves": ["heavyslam", "stealthrock", "lavaplume", "earthpower"], "ability": "Flash Fire", "evs": {"hp": 85, "atk": 85, "def": 85, "spa": 85, "spd": 85, "spe": 85}, "ivs": {"hp": 31, "atk": 31, "def": 31, "spa": 31, "spd": 31, "spe": 31}, "item": "Air Balloon", "teraType": "Flying", "role": "Bulky Support", "bvs": {"hp": 91, "atk": 90, "def": 106, "spa": 130, "spd": 106, "spe": 77}, "stats": {"hp": 273, "atk": 188, "def": 213, "spa": 251, "spd": 213, "spe": 167}, "types": ["Fire", "Steel"]}, "Espathra": {"name": "Espathra", "species": "Espathra", "speciesId": "espathra", "gender": "M", "shiny": false, "level": 80, "moves": ["storedpower", "protect", "calmmind", "dazzlinggleam"], "ability": "Speed Boost", "evs": {"hp": 85, "atk": 0, "def": 85, "spa": 85, "spd": 85, "spe": 85}, "ivs": {"hp": 31, "atk": 0, "def": 31, "spa": 31, "spd": 31, "spe": 31}, "item": "Leftovers", "teraType": "Fairy", "role": "Fast Bulky Setup", "bvs": {"hp": 95, "atk": 60, "def": 60, "spa": 101, "spd": 60, "spe": 105}, "stats": {"hp": 283, "atk": 101, "def": 142, "spa": 208, "spd": 142, "spe": 214}, "types": ["Psychic"]}, "Raging Bolt": {"name": "Raging Bolt", "species": "Raging Bolt", "speciesId": "ragingbolt", "gender": "N", "shiny": false, "level": 78, "moves": ["calmmind", "dracometeor", "thunderbolt", "thunderclap"], "ability": "Protosynthesis", "evs": {"hp": 85, "atk": 0, "def": 85, "spa": 85, "spd": 85, "spe": 85}, "ivs": {"hp": 31, "atk": 0, "def": 31, "spa": 31, "spd": 31, "spe": 31}, "item": "Leftovers", "teraType": "Fairy", "role": "Bulky Setup", "bvs": {"hp": 125, "atk": 73, "def": 91, "spa": 137, "spd": 89, "spe": 75}, "stats": {"hp": 323, "atk": 118, "def": 187, "spa": 259, "spd": 184, "spe": 162}, "types": ["Electric", "Dragon"]}, "Meowstic": {"name": "Meowstic", "species": "Meowstic", "speciesId": "meowstic", "gender": "M", "shiny": false, "level": 89, "moves": ["lightscreen", "reflect", "yawn", "psychicnoise"], "ability": "Prankster", "evs": {"hp": 85, "atk": 0, "def": 85, "spa": 85, "spd": 85, "spe": 85}, "ivs": {"hp": 31, "atk": 0, "def": 31, "spa": 31, "spd": 31, "spe": 31}, "item": "Light Clay", "teraType": "Fairy", "role": "Bulky Support", "bvs": {"hp": 74, "atk": 48, "def": 76, "spa": 83, "spd": 81, "spe": 104}, "stats": {"hp": 277, "atk": 90, "def": 186, "spa": 199, "spd": 195, "spe": 236}, "types": ["Psychic"]}, "Vivillon": {"name": "Vivillon", "species": "Vivillon-Marine", "speciesId": "vivillon", "gender": "F", "shiny": false, "level": 83, "moves": ["quiverdance", "sleeppowder", "hurricane", "terablast"], "ability": "Compound Eyes", "evs": {"hp": 85, "atk": 0, "def": 85, "spa": 85, "spd": 85, "spe": 85}, "ivs": {"hp": 31, "atk": 0, "def": 31, "spa": 31, "spd": 31, "spe": 31}, "item": "Heavy-Duty Boots", "teraType": "Ground", "role": "Tera Blast user", "bvs": {"hp": 80, "atk": 52, "def": 50, "spa": 90, "spd": 50, "spe": 89}, "stats": {"hp": 268, "atk": 91, "def": 131, "spa": 197, "spd": 131, "spe": 195}, "types": ["Bug", "Flying"]}}]}