{"id": "gen9randombattle-2641604856", "format": "[Gen 9] Random Battle", "players": ["testbotcif", "NIDOCHAD042"], "log": "|j|\u2606testbotcif\n|j|\u2606NIDOCHAD042\n|t:|1782817257\n|gametype|singles\n|player|p1|testbotcif|266|1257\n|player|p2|NIDOCHAD042|silver-masters|1207\n|gen|9\n|tier|[Gen 9] Random Battle\n|rated|\n|rule|Species Clause: Limit one of each Pok\u00e9mon\n|rule|HP Percentage Mod: HP is shown in percentages\n|rule|Sleep Clause Mod: Limit one foe put to sleep\n|rule|Illusion Level Mod: Illusion disguises the Pok\u00e9mon's true level\n|\n|t:|1782817257\n|teamsize|p1|6\n|teamsize|p2|6\n|start\n|switch|p1a: Ampharos|Ampharos, L88, M|302/302\n|switch|p2a: Shiftry|Shiftry, L89, F|305/305\n|turn|1\n|inactive|Battle timer is ON: inactive players will automatically lose when time's up. (requested by NIDOCHAD042)\n|inactive|testbotcif also wants the timer to be on.\n|c|\u2606testbotcif|rlhf\n|\n|t:|1782817276\n|move|p2a: Shiftry|Tailwind|p2a: Shiftry\n|-sidestart|p2: NIDOCHAD042|move: Tailwind\n|-ability|p2a: Shiftry|Wind Rider|boost\n|-boost|p2a: Shiftry|atk|1\n|move|p1a: Ampharos|Focus Blast|p2a: Shiftry\n|-supereffective|p2a: Shiftry\n|-damage|p2a: Shiftry|0 fnt\n|faint|p2a: Shiftry\n|-damage|p1a: Ampharos|272/302|[from] item: Life Orb\n|\n|upkeep\n|\n|t:|1782817287\n|switch|p2a: Hypno|Hypno, L95, M|315/315\n|turn|2\n|\n|t:|1782817292\n|move|p2a: Hypno|Psychic Noise|p1a: Ampharos\n|-damage|p1a: Ampharos|190/302\n|-start|p1a: Ampharos|move: Heal Block\n|move|p1a: Ampharos|Thunderbolt|p2a: Hypno\n|-damage|p2a: Hypno|197/315\n|-damage|p1a: Ampharos|160/302|[from] item: Life Orb\n|\n|-heal|p2a: Hypno|216/315|[from] item: Leftovers\n|upkeep\n|turn|3\n|\n|t:|1782817299\n|switch|p1a: Vespiquen|Vespiquen, L99, F|299/299\n|-ability|p1a: Vespiquen|Pressure\n|move|p2a: Hypno|Toxic|p1a: Vespiquen|[miss]\n|-miss|p2a: Hypno|p1a: Vespiquen\n|\n|-heal|p2a: Hypno|235/315|[from] item: Leftovers\n|upkeep\n|turn|4\n|\n|t:|1782817309\n|switch|p2a: Toxapex|Toxapex, L82, F|216/216\n|move|p1a: Vespiquen|Hurricane|p2a: Toxapex\n|-damage|p2a: Toxapex|113/216\n|\n|-heal|p2a: Toxapex|126/216|[from] item: Leftovers\n|-sideend|p2: NIDOCHAD042|move: Tailwind\n|upkeep\n|turn|5\n|\n|t:|1782817317\n|move|p1a: Vespiquen|Hurricane|p2a: Toxapex|[miss]\n|-miss|p1a: Vespiquen|p2a: Toxapex\n|move|p2a: Toxapex|Liquidation|p1a: Vespiquen\n|-damage|p1a: Vespiquen|254/299\n|-unboost|p1a: Vespiquen|def|1\n|\n|-heal|p2a: Toxapex|139/216|[from] item: Leftovers\n|upkeep\n|turn|6\n|\n|t:|1782817323\n|move|p1a: Vespiquen|Hurricane|p2a: Toxapex|[miss]\n|-miss|p1a: Vespiquen|p2a: Toxapex\n|move|p2a: Toxapex|Toxic|p1a: Vespiquen\n|-status|p1a: Vespiquen|tox\n|\n|-heal|p2a: Toxapex|152/216|[from] item: Leftovers\n|-damage|p1a: Vespiquen|236/299 tox|[from] psn\n|upkeep\n|turn|7\n|\n|t:|1782817328\n|move|p1a: Vespiquen|Hurricane|p2a: Toxapex\n|-damage|p2a: Toxapex|49/216\n|-start|p2a: Toxapex|confusion\n|-activate|p2a: Toxapex|confusion\n|move|p2a: Toxapex|Liquidation|p1a: Vespiquen\n|-damage|p1a: Vespiquen|158/299 tox\n|-unboost|p1a: Vespiquen|def|1\n|\n|-heal|p2a: Toxapex|62/216|[from] item: Leftovers\n|-damage|p1a: Vespiquen|122/299 tox|[from] psn\n|upkeep\n|turn|8\n|\n|t:|1782817342\n|switch|p2a: Overqwil|Overqwil, L82, M|274/274\n|-ability|p2a: Overqwil|Intimidate|boost\n|-unboost|p1a: Vespiquen|atk|1\n|move|p1a: Vespiquen|Hurricane|p2a: Overqwil|[miss]\n|-miss|p1a: Vespiquen|p2a: Overqwil\n|\n|-damage|p1a: Vespiquen|68/299 tox|[from] psn\n|upkeep\n|turn|9\n|\n|t:|1782817350\n|move|p2a: Overqwil|Scale Shot|p1a: Vespiquen\n|-damage|p1a: Vespiquen|39/299 tox\n|-damage|p1a: Vespiquen|9/299 tox\n|-damage|p1a: Vespiquen|0 fnt\n|faint|p1a: Vespiquen\n|-hitcount|p1: Vespiquen|3\n|-unboost|p2a: Overqwil|def|1\n|-boost|p2a: Overqwil|spe|1\n|\n|upkeep\n|\n|t:|1782817350\n|switch|p1a: Gumshoos|Gumshoos, L95, M|321/321\n|turn|10\n|\n|t:|1782817360\n|move|p2a: Overqwil|Gunk Shot|p1a: Gumshoos\n|-damage|p1a: Gumshoos|168/321\n|move|p1a: Gumshoos|Earthquake|p2a: Overqwil\n|-supereffective|p2a: Overqwil\n|-damage|p2a: Overqwil|0 fnt\n|faint|p2a: Overqwil\n|\n|upkeep\n|\n|t:|1782817374\n|switch|p2a: Clawitzer|Clawitzer, L87, M|265/265\n|turn|11\n|\n|t:|1782817379\n|move|p2a: Clawitzer|Water Pulse|p1a: Gumshoos\n|-damage|p1a: Gumshoos|0 fnt\n|faint|p1a: Gumshoos\n|\n|upkeep\n|\n|t:|1782817379\n|switch|p1a: Chesnaught|Chesnaught, L84, M|285/285\n|turn|12\n|inactive|NIDOCHAD042 has 120 seconds left.\n|\n|t:|1782817415\n|switch|p2a: Ogerpon|Ogerpon-Hearthflame, L74, F|239/239\n|-ability|p2a: Ogerpon|Mold Breaker\n|-terastallize|p1a: Chesnaught|Steel\n|move|p1a: Chesnaught|Iron Defense|p1a: Chesnaught\n|-boost|p1a: Chesnaught|def|2\n|\n|upkeep\n|turn|13\n|\n|t:|1782817419\n|move|p2a: Ogerpon|Ivy Cudgel|p1a: Chesnaught|[anim] Ivy Cudgel Fire\n|-supereffective|p1a: Chesnaught\n|-damage|p1a: Chesnaught|195/285\n|move|p1a: Chesnaught|Body Press|p2a: Ogerpon\n|-damage|p2a: Ogerpon|19/239\n|\n|-heal|p1a: Chesnaught|212/285|[from] item: Leftovers\n|upkeep\n|turn|14\n|\n|t:|1782817429\n|switch|p2a: Toxapex|Toxapex, L82, F|134/216\n|move|p1a: Chesnaught|Body Press|p2a: Toxapex\n|-resisted|p2a: Toxapex\n|-damage|p2a: Toxapex|69/216\n|\n|-heal|p1a: Chesnaught|229/285|[from] item: Leftovers\n|-heal|p2a: Toxapex|82/216|[from] item: Leftovers\n|upkeep\n|turn|15\n|\n|t:|1782817435\n|move|p1a: Chesnaught|Trailblaze|p2a: Toxapex\n|-damage|p2a: Toxapex|48/216\n|-boost|p1a: Chesnaught|spe|1\n|move|p2a: Toxapex|Recover|p2a: Toxapex\n|-heal|p2a: Toxapex|156/216\n|\n|-heal|p1a: Chesnaught|246/285|[from] item: Leftovers\n|-heal|p2a: Toxapex|169/216|[from] item: Leftovers\n|upkeep\n|turn|16\n|\n|t:|1782817439\n|move|p1a: Chesnaught|Body Press|p2a: Toxapex\n|-resisted|p2a: Toxapex\n|-damage|p2a: Toxapex|97/216\n|move|p2a: Toxapex|Haze|p2a: Toxapex\n|-clearallboost\n|\n|-heal|p1a: Chesnaught|263/285|[from] item: Leftovers\n|-heal|p2a: Toxapex|110/216|[from] item: Leftovers\n|upkeep\n|turn|17\n|\n|t:|1782817445\n|move|p1a: Chesnaught|Body Press|p2a: Toxapex\n|-resisted|p2a: Toxapex\n|-damage|p2a: Toxapex|77/216\n|move|p2a: Toxapex|Recover|p2a: Toxapex\n|-heal|p2a: Toxapex|185/216\n|\n|-heal|p1a: Chesnaught|280/285|[from] item: Leftovers\n|-heal|p2a: Toxapex|198/216|[from] item: Leftovers\n|upkeep\n|turn|18\n|\n|t:|1782817448\n|move|p1a: Chesnaught|Body Press|p2a: Toxapex\n|-resisted|p2a: Toxapex\n|-damage|p2a: Toxapex|168/216\n|move|p2a: Toxapex|Liquidation|p1a: Chesnaught\n|-damage|p1a: Chesnaught|232/285\n|-unboost|p1a: Chesnaught|def|1\n|\n|-heal|p1a: Chesnaught|249/285|[from] item: Leftovers\n|-heal|p2a: Toxapex|181/216|[from] item: Leftovers\n|upkeep\n|turn|19\n|\n|t:|1782817452\n|move|p1a: Chesnaught|Body Press|p2a: Toxapex\n|-resisted|p2a: Toxapex\n|-damage|p2a: Toxapex|157/216\n|move|p2a: Toxapex|Liquidation|p1a: Chesnaught\n|-damage|p1a: Chesnaught|173/285\n|\n|-heal|p1a: Chesnaught|190/285|[from] item: Leftovers\n|-heal|p2a: Toxapex|170/216|[from] item: Leftovers\n|upkeep\n|turn|20\n|\n|t:|1782817458\n|move|p1a: Chesnaught|Body Press|p2a: Toxapex\n|-resisted|p2a: Toxapex\n|-damage|p2a: Toxapex|146/216\n|move|p2a: Toxapex|Liquidation|p1a: Chesnaught\n|-damage|p1a: Chesnaught|114/285\n|\n|-heal|p1a: Chesnaught|131/285|[from] item: Leftovers\n|-heal|p2a: Toxapex|159/216|[from] item: Leftovers\n|upkeep\n|turn|21\n|\n|t:|1782817466\n|move|p1a: Chesnaught|Body Press|p2a: Toxapex\n|-resisted|p2a: Toxapex\n|-damage|p2a: Toxapex|138/216\n|move|p2a: Toxapex|Liquidation|p1a: Chesnaught\n|-damage|p1a: Chesnaught|59/285\n|-unboost|p1a: Chesnaught|def|1\n|\n|-heal|p1a: Chesnaught|76/285|[from] item: Leftovers\n|-heal|p2a: Toxapex|151/216|[from] item: Leftovers\n|upkeep\n|turn|22\n|\n|t:|1782817475\n|move|p1a: Chesnaught|Synthesis|p1a: Chesnaught\n|-heal|p1a: Chesnaught|218/285\n|move|p2a: Toxapex|Liquidation|p1a: Chesnaught\n|-damage|p1a: Chesnaught|116/285\n|-unboost|p1a: Chesnaught|def|1\n|\n|-heal|p1a: Chesnaught|133/285|[from] item: Leftovers\n|-heal|p2a: Toxapex|164/216|[from] item: Leftovers\n|upkeep\n|turn|23\n|\n|t:|1782817478\n|move|p1a: Chesnaught|Body Press|p2a: Toxapex\n|-resisted|p2a: Toxapex\n|-damage|p2a: Toxapex|149/216\n|move|p2a: Toxapex|Liquidation|p1a: Chesnaught\n|-damage|p1a: Chesnaught|6/285\n|\n|-heal|p1a: Chesnaught|23/285|[from] item: Leftovers\n|-heal|p2a: Toxapex|162/216|[from] item: Leftovers\n|upkeep\n|turn|24\n|\n|t:|1782817486\n|move|p1a: Chesnaught|Synthesis|p1a: Chesnaught\n|-heal|p1a: Chesnaught|165/285\n|move|p2a: Toxapex|Liquidation|p1a: Chesnaught\n|-damage|p1a: Chesnaught|54/285\n|\n|-heal|p1a: Chesnaught|71/285|[from] item: Leftovers\n|-heal|p2a: Toxapex|175/216|[from] item: Leftovers\n|upkeep\n|turn|25\n|\n|t:|1782817489\n|move|p1a: Chesnaught|Synthesis|p1a: Chesnaught\n|-heal|p1a: Chesnaught|213/285\n|move|p2a: Toxapex|Liquidation|p1a: Chesnaught\n|-damage|p1a: Chesnaught|104/285\n|\n|-heal|p1a: Chesnaught|121/285|[from] item: Leftovers\n|-heal|p2a: Toxapex|188/216|[from] item: Leftovers\n|upkeep\n|turn|26\n|\n|t:|1782817497\n|move|p1a: Chesnaught|Synthesis|p1a: Chesnaught\n|-heal|p1a: Chesnaught|263/285\n|move|p2a: Toxapex|Liquidation|p1a: Chesnaught\n|-damage|p1a: Chesnaught|136/285\n|\n|-heal|p1a: Chesnaught|153/285|[from] item: Leftovers\n|-heal|p2a: Toxapex|201/216|[from] item: Leftovers\n|upkeep\n|turn|27\n|\n|t:|1782817500\n|move|p1a: Chesnaught|Body Press|p2a: Toxapex\n|-resisted|p2a: Toxapex\n|-damage|p2a: Toxapex|188/216\n|move|p2a: Toxapex|Liquidation|p1a: Chesnaught\n|-damage|p1a: Chesnaught|33/285\n|\n|-heal|p1a: Chesnaught|50/285|[from] item: Leftovers\n|-heal|p2a: Toxapex|201/216|[from] item: Leftovers\n|upkeep\n|turn|28\n|\n|t:|1782817524\n|switch|p2a: Hypno|Hypno, L95, M|235/315\n|move|p1a: Chesnaught|Synthesis|p1a: Chesnaught\n|-heal|p1a: Chesnaught|192/285\n|\n|-heal|p2a: Hypno|254/315|[from] item: Leftovers\n|-heal|p1a: Chesnaught|209/285|[from] item: Leftovers\n|upkeep\n|turn|29\n|\n|t:|1782817528\n|move|p2a: Hypno|Focus Blast|p1a: Chesnaught\n|-immune|p1a: Chesnaught|[from] ability: Bulletproof\n|move|p1a: Chesnaught|Body Press|p2a: Hypno\n|-resisted|p2a: Hypno\n|-damage|p2a: Hypno|233/315\n|\n|-heal|p2a: Hypno|252/315|[from] item: Leftovers\n|-heal|p1a: Chesnaught|226/285|[from] item: Leftovers\n|upkeep\n|turn|30\n|\n|t:|1782817533\n|move|p2a: Hypno|Psychic Noise|p1a: Chesnaught\n|-resisted|p1a: Chesnaught\n|-damage|p1a: Chesnaught|178/285\n|-start|p1a: Chesnaught|move: Heal Block\n|move|p1a: Chesnaught|Body Press|p2a: Hypno\n|-resisted|p2a: Hypno\n|-damage|p2a: Hypno|232/315\n|\n|-heal|p2a: Hypno|251/315|[from] item: Leftovers\n|upkeep\n|turn|31\n|\n|t:|1782817543\n|switch|p2a: Toxapex|Toxapex, L82, F|216/216\n|move|p1a: Chesnaught|Body Press|p2a: Toxapex\n|-resisted|p2a: Toxapex\n|-damage|p2a: Toxapex|204/216\n|\n|-heal|p2a: Toxapex|216/216|[from] item: Leftovers\n|-end|p1a: Chesnaught|move: Heal Block\n|upkeep\n|turn|32\n|\n|t:|1782817551\n|move|p1a: Chesnaught|Body Press|p2a: Toxapex\n|-resisted|p2a: Toxapex\n|-damage|p2a: Toxapex|202/216\n|move|p2a: Toxapex|Liquidation|p1a: Chesnaught\n|-damage|p1a: Chesnaught|63/285\n|-unboost|p1a: Chesnaught|def|1\n|\n|-heal|p1a: Chesnaught|80/285|[from] item: Leftovers\n|-heal|p2a: Toxapex|215/216|[from] item: Leftovers\n|upkeep\n|turn|33\n|\n|t:|1782817558\n|move|p1a: Chesnaught|Synthesis|p1a: Chesnaught\n|-heal|p1a: Chesnaught|222/285\n|move|p2a: Toxapex|Liquidation|p1a: Chesnaught\n|-damage|p1a: Chesnaught|77/285\n|\n|-heal|p1a: Chesnaught|94/285|[from] item: Leftovers\n|-heal|p2a: Toxapex|216/216|[from] item: Leftovers\n|upkeep\n|turn|34\n|\n|t:|1782817570\n|switch|p2a: Hypno|Hypno, L95, M|251/315\n|move|p1a: Chesnaught|Body Press|p2a: Hypno\n|-resisted|p2a: Hypno\n|-crit|p2a: Hypno\n|-damage|p2a: Hypno|169/315\n|\n|-heal|p2a: Hypno|188/315|[from] item: Leftovers\n|-heal|p1a: Chesnaught|111/285|[from] item: Leftovers\n|upkeep\n|turn|35\n|\n|t:|1782817577\n|move|p2a: Hypno|Psychic Noise|p1a: Chesnaught\n|-resisted|p1a: Chesnaught\n|-damage|p1a: Chesnaught|64/285\n|-start|p1a: Chesnaught|move: Heal Block\n|move|p1a: Chesnaught|Body Press|p2a: Hypno\n|-resisted|p2a: Hypno\n|-damage|p2a: Hypno|169/315\n|\n|-heal|p2a: Hypno|188/315|[from] item: Leftovers\n|upkeep\n|turn|36\n|\n|t:|1782817585\n|move|p2a: Hypno|Psychic Noise|p1a: Chesnaught\n|-resisted|p1a: Chesnaught\n|-damage|p1a: Chesnaught|19/285\n|move|p1a: Chesnaught|Trailblaze|p2a: Hypno\n|-damage|p2a: Hypno|128/315\n|-boost|p1a: Chesnaught|spe|1\n|\n|-heal|p2a: Hypno|147/315|[from] item: Leftovers\n|-end|p1a: Chesnaught|move: Heal Block\n|upkeep\n|turn|37\n|\n|t:|1782817590\n|move|p1a: Chesnaught|Synthesis|p1a: Chesnaught\n|-heal|p1a: Chesnaught|161/285\n|move|p2a: Hypno|Psychic Noise|p1a: Chesnaught\n|-resisted|p1a: Chesnaught\n|-crit|p1a: Chesnaught\n|-damage|p1a: Chesnaught|92/285\n|-start|p1a: Chesnaught|move: Heal Block\n|\n|-heal|p2a: Hypno|166/315|[from] item: Leftovers\n|upkeep\n|turn|38\n|\n|t:|1782817594\n|move|p1a: Chesnaught|Trailblaze|p2a: Hypno\n|-damage|p2a: Hypno|105/315\n|-boost|p1a: Chesnaught|spe|1\n|move|p2a: Hypno|Psychic Noise|p1a: Chesnaught\n|-resisted|p1a: Chesnaught\n|-damage|p1a: Chesnaught|50/285\n|\n|-heal|p2a: Hypno|124/315|[from] item: Leftovers\n|-end|p1a: Chesnaught|move: Heal Block\n|upkeep\n|turn|39\n|\n|t:|1782817603\n|move|p1a: Chesnaught|Synthesis|p1a: Chesnaught\n|-heal|p1a: Chesnaught|192/285\n|move|p2a: Hypno|Psychic Noise|p1a: Chesnaught\n|-resisted|p1a: Chesnaught\n|-damage|p1a: Chesnaught|148/285\n|-start|p1a: Chesnaught|move: Heal Block\n|\n|-heal|p2a: Hypno|143/315|[from] item: Leftovers\n|upkeep\n|turn|40\n|\n|t:|1782817608\n|move|p1a: Chesnaught|Trailblaze|p2a: Hypno\n|-damage|p2a: Hypno|85/315\n|-boost|p1a: Chesnaught|spe|1\n|move|p2a: Hypno|Psychic Noise|p1a: Chesnaught\n|-resisted|p1a: Chesnaught\n|-damage|p1a: Chesnaught|100/285\n|\n|-heal|p2a: Hypno|104/315|[from] item: Leftovers\n|-end|p1a: Chesnaught|move: Heal Block\n|upkeep\n|turn|41\n|\n|t:|1782817619\n|switch|p2a: Toxapex|Toxapex, L82, F|216/216\n|move|p1a: Chesnaught|Trailblaze|p2a: Toxapex\n|-damage|p2a: Toxapex|176/216\n|-boost|p1a: Chesnaught|spe|1\n|\n|-heal|p1a: Chesnaught|117/285|[from] item: Leftovers\n|-heal|p2a: Toxapex|189/216|[from] item: Leftovers\n|upkeep\n|turn|42\n|\n|t:|1782817627\n|switch|p1a: Luxray|Luxray, L88, M|284/284\n|-ability|p1a: Luxray|Intimidate|boost\n|-unboost|p2a: Toxapex|atk|1\n|switch|p2a: Clawitzer|Clawitzer, L87, M|265/265\n|\n|upkeep\n|turn|43\n|\n|t:|1782817642\n|move|p1a: Luxray|Wild Charge|p2a: Clawitzer\n|-supereffective|p2a: Clawitzer\n|-damage|p2a: Clawitzer|47/265\n|-damage|p1a: Luxray|229/284|[from] Recoil\n|move|p2a: Clawitzer|Water Pulse|p1a: Luxray\n|-damage|p1a: Luxray|115/284\n|\n|upkeep\n|turn|44\n|\n|t:|1782817652\n|move|p1a: Luxray|Wild Charge|p2a: Clawitzer\n|-supereffective|p2a: Clawitzer\n|-damage|p2a: Clawitzer|0 fnt\n|faint|p2a: Clawitzer\n|-damage|p1a: Luxray|103/284|[from] Recoil\n|\n|upkeep\n|\n|t:|1782817658\n|switch|p2a: Ogerpon|Ogerpon-Hearthflame, L74, F|19/239\n|-ability|p2a: Ogerpon|Mold Breaker\n|turn|45\n|\n|t:|1782817661\n|move|p2a: Ogerpon|Horn Leech|p1a: Luxray\n|-damage|p1a: Luxray|13/284\n|-heal|p2a: Ogerpon|64/239|[from] drain|[of] p1a: Luxray\n|move|p1a: Luxray|Ice Fang|p2a: Ogerpon|[miss]\n|-miss|p1a: Luxray|p2a: Ogerpon\n|\n|upkeep\n|turn|46\n|\n|t:|1782817670\n|move|p2a: Ogerpon|Horn Leech|p1a: Luxray\n|-damage|p1a: Luxray|0 fnt\n|-heal|p2a: Ogerpon|71/239|[from] drain|[of] p1a: Luxray\n|faint|p1a: Luxray\n|\n|upkeep\n|\n|t:|1782817670\n|switch|p1a: Ampharos|Ampharos, L88, M|160/302\n|turn|47\n|\n|t:|1782817677\n|move|p2a: Ogerpon|Swords Dance|p2a: Ogerpon\n|-boost|p2a: Ogerpon|atk|2\n|move|p1a: Ampharos|Thunderbolt|p2a: Ogerpon\n|-resisted|p2a: Ogerpon\n|-crit|p2a: Ogerpon\n|-damage|p2a: Ogerpon|0 fnt\n|faint|p2a: Ogerpon\n|-damage|p1a: Ampharos|130/302|[from] item: Life Orb\n|\n|upkeep\n|\n|t:|1782817684\n|switch|p2a: Hypno|Hypno, L95, M|104/315\n|turn|48\n|\n|t:|1782817687\n|move|p2a: Hypno|Toxic|p1a: Ampharos|[miss]\n|-miss|p2a: Hypno|p1a: Ampharos\n|move|p1a: Ampharos|Thunderbolt|p2a: Hypno\n|-damage|p2a: Hypno|0 fnt\n|faint|p2a: Hypno\n|-damage|p1a: Ampharos|100/302|[from] item: Life Orb\n|\n|upkeep\n|\n|t:|1782817690\n|switch|p2a: Toxapex|Toxapex, L82, F|216/216\n|turn|49\n|\n|t:|1782817696\n|-terastallize|p2a: Toxapex|Grass\n|move|p1a: Ampharos|Thunderbolt|p2a: Toxapex\n|-resisted|p2a: Toxapex\n|-damage|p2a: Toxapex|161/216\n|-damage|p1a: Ampharos|70/302|[from] item: Life Orb\n|move|p2a: Toxapex|Toxic|p1a: Ampharos\n|-status|p1a: Ampharos|tox\n|\n|-heal|p2a: Toxapex|174/216|[from] item: Leftovers\n|-damage|p1a: Ampharos|52/302 tox|[from] psn\n|upkeep\n|turn|50\n|\n|t:|1782817710\n|move|p1a: Ampharos|Thunderbolt|p2a: Toxapex\n|-resisted|p2a: Toxapex\n|-damage|p2a: Toxapex|122/216\n|-damage|p1a: Ampharos|22/302 tox|[from] item: Life Orb\n|move|p2a: Toxapex|Haze|p2a: Toxapex\n|-clearallboost\n|\n|-heal|p2a: Toxapex|135/216|[from] item: Leftovers\n|-damage|p1a: Ampharos|0 fnt|[from] psn\n|faint|p1a: Ampharos\n|upkeep\n|\n|t:|1782817710\n|switch|p1a: Chesnaught|Chesnaught, L84, M, tera:Steel|117/285\n|turn|51\n|\n|t:|1782817715\n|move|p1a: Chesnaught|Trailblaze|p2a: Toxapex\n|-resisted|p2a: Toxapex\n|-damage|p2a: Toxapex|116/216\n|-boost|p1a: Chesnaught|spe|1\n|move|p2a: Toxapex|Toxic|p1a: Chesnaught\n|-immune|p1a: Chesnaught\n|\n|-heal|p1a: Chesnaught|134/285|[from] item: Leftovers\n|-heal|p2a: Toxapex|129/216|[from] item: Leftovers\n|upkeep\n|turn|52\n|\n|t:|1782817727\n|move|p1a: Chesnaught|Trailblaze|p2a: Toxapex\n|-resisted|p2a: Toxapex\n|-damage|p2a: Toxapex|111/216\n|-boost|p1a: Chesnaught|spe|1\n|move|p2a: Toxapex|Haze|p2a: Toxapex\n|-clearallboost\n|\n|-heal|p1a: Chesnaught|151/285|[from] item: Leftovers\n|-heal|p2a: Toxapex|124/216|[from] item: Leftovers\n|upkeep\n|turn|53\n|\n|t:|1782817732\n|move|p1a: Chesnaught|Trailblaze|p2a: Toxapex\n|-resisted|p2a: Toxapex\n|-damage|p2a: Toxapex|106/216\n|-boost|p1a: Chesnaught|spe|1\n|move|p2a: Toxapex|Haze|p2a: Toxapex\n|-clearallboost\n|\n|-heal|p1a: Chesnaught|168/285|[from] item: Leftovers\n|-heal|p2a: Toxapex|119/216|[from] item: Leftovers\n|upkeep\n|turn|54\n|inactive|NIDOCHAD042 has 120 seconds left.\n|\n|t:|1782817789\n|move|p1a: Chesnaught|Trailblaze|p2a: Toxapex\n|-resisted|p2a: Toxapex\n|-damage|p2a: Toxapex|100/216\n|-boost|p1a: Chesnaught|spe|1\n|move|p2a: Toxapex|Haze|p2a: Toxapex\n|-clearallboost\n|\n|-heal|p1a: Chesnaught|185/285|[from] item: Leftovers\n|-heal|p2a: Toxapex|113/216|[from] item: Leftovers\n|upkeep\n|turn|55\n|\n|t:|1782817794\n|move|p1a: Chesnaught|Trailblaze|p2a: Toxapex\n|-resisted|p2a: Toxapex\n|-damage|p2a: Toxapex|93/216\n|-boost|p1a: Chesnaught|spe|1\n|move|p2a: Toxapex|Haze|p2a: Toxapex\n|-clearallboost\n|\n|-heal|p1a: Chesnaught|202/285|[from] item: Leftovers\n|-heal|p2a: Toxapex|106/216|[from] item: Leftovers\n|upkeep\n|turn|56\n|\n|t:|1782817798\n|move|p1a: Chesnaught|Trailblaze|p2a: Toxapex\n|-resisted|p2a: Toxapex\n|-damage|p2a: Toxapex|86/216\n|-boost|p1a: Chesnaught|spe|1\n|move|p2a: Toxapex|Recover|p2a: Toxapex\n|-heal|p2a: Toxapex|194/216\n|\n|-heal|p1a: Chesnaught|219/285|[from] item: Leftovers\n|-heal|p2a: Toxapex|207/216|[from] item: Leftovers\n|upkeep\n|turn|57\n|\n|t:|1782817803\n|move|p1a: Chesnaught|Trailblaze|p2a: Toxapex\n|-resisted|p2a: Toxapex\n|-damage|p2a: Toxapex|186/216\n|-boost|p1a: Chesnaught|spe|1\n|move|p2a: Toxapex|Haze|p2a: Toxapex\n|-clearallboost\n|\n|-heal|p1a: Chesnaught|236/285|[from] item: Leftovers\n|-heal|p2a: Toxapex|199/216|[from] item: Leftovers\n|upkeep\n|turn|58\n|\n|t:|1782817806\n|move|p1a: Chesnaught|Trailblaze|p2a: Toxapex\n|-resisted|p2a: Toxapex\n|-damage|p2a: Toxapex|181/216\n|-boost|p1a: Chesnaught|spe|1\n|move|p2a: Toxapex|Haze|p2a: Toxapex\n|-clearallboost\n|\n|-heal|p1a: Chesnaught|253/285|[from] item: Leftovers\n|-heal|p2a: Toxapex|194/216|[from] item: Leftovers\n|upkeep\n|turn|59\n|-message|NIDOCHAD042 forfeited.\n|\n|win|testbotcif\n|raw|testbotcif's rating: 1257 &rarr; <strong>1278</strong><br />(+21 for winning)\n|raw|NIDOCHAD042's rating: 1207 &rarr; <strong>1186</strong><br />(-21 for losing)\n", "inputlog": ">version f8ac14003a5f27e1bdc8d8c59608a773c1cb96e5\n>start {\"formatid\":\"gen9randombattle\",\"seed\":\"sodium,561b7c88d02c5dac606754f0c2ee0e27\",\"rated\":\"Rated battle\"}\n>player p1 {\"name\":\"testbotcif\",\"avatar\":\"266\",\"rating\":1257,\"seed\":\"sodium,cbe39fe4bd5fb48d08c8b20df7f49d3e\"}\n>player p2 {\"name\":\"NIDOCHAD042\",\"avatar\":\"silver-masters\",\"rating\":1207,\"seed\":\"sodium,db50eee1b36a3b44880abb568d71f5df\"}\n>chat \u2606testbotcif|rlhf\n>p1 move focusblast\n>p2 move tailwind\n>p2 switch 6\n>p1 move thunderbolt\n>p2 move psychicnoise\n>p1 switch 6\n>p2 move toxic\n>p1 move hurricane\n>p2 switch 4\n>p1 move hurricane\n>p2 move liquidation\n>p1 move hurricane\n>p2 move toxic\n>p1 move hurricane\n>p2 move liquidation\n>p1 move hurricane\n>p2 switch 5\n>p1 move roost\n>p2 move scaleshot\n>p1 switch 2\n>p1 move earthquake\n>p2 move gunkshot\n>p2 switch 2\n>p1 move earthquake\n>p2 move waterpulse\n>p1 switch 5\n>p1 move irondefense terastallize\n>p2 switch 3\n>p1 move bodypress\n>p2 move ivycudgel\n>p1 move bodypress\n>p2 switch 5\n>p1 move trailblaze\n>p2 move recover\n>p1 move bodypress\n>p2 move haze\n>p1 move bodypress\n>p2 move recover\n>p1 move bodypress\n>p2 move liquidation\n>p1 move bodypress\n>p2 move liquidation\n>p1 move bodypress\n>p2 move liquidation\n>p1 move bodypress\n>p2 move liquidation\n>p1 move synthesis\n>p2 move liquidation\n>p1 move bodypress\n>p2 move liquidation\n>p1 move synthesis\n>p2 move liquidation\n>p1 move synthesis\n>p2 move liquidation\n>p1 move synthesis\n>p2 move liquidation\n>p1 move bodypress\n>p2 move liquidation\n>p1 move synthesis\n>p2 switch 4\n>p1 move bodypress\n>p2 move focusblast\n>p1 move bodypress\n>p2 move psychicnoise\n>p1 move bodypress\n>p2 switch 4\n>p1 move bodypress\n>p2 move liquidation\n>p1 move synthesis\n>p2 move liquidation\n>p1 move bodypress\n>p2 switch 4\n>p1 move bodypress\n>p2 move psychicnoise\n>p1 move trailblaze\n>p2 move psychicnoise\n>p1 move synthesis\n>p2 move psychicnoise\n>p1 move trailblaze\n>p2 move psychicnoise\n>p1 move synthesis\n>p2 move psychicnoise\n>p1 move trailblaze\n>p2 move psychicnoise\n>p1 move trailblaze\n>p2 switch 4\n>p1 switch 3\n>p2 switch 3\n>p1 move wildcharge\n>p2 move waterpulse\n>p1 move wildcharge\n>p2 move waterpulse\n>p2 switch 5\n>p1 move icefang\n>p2 move hornleech\n>p1 move icefang\n>p2 move hornleech\n>p1 switch 6\n>p1 move thunderbolt\n>p2 move swordsdance\n>p2 switch 4\n>p1 move thunderbolt\n>p2 move toxic\n>p2 switch 3\n>p1 move thunderbolt\n>p2 move toxic terastallize\n>p1 move thunderbolt\n>p2 move haze\n>p1 switch 3\n>p1 move trailblaze\n>p2 move toxic\n>p1 move trailblaze\n>p2 move haze\n>p1 move trailblaze\n>p2 move haze\n>p1 move trailblaze\n>p2 move haze\n>p1 move trailblaze\n>p2 move haze\n>p1 move trailblaze\n>p2 move recover\n>p1 move trailblaze\n>p2 move haze\n>p1 move trailblaze\n>p2 move haze\n>forcelose p2", "uploadtime": 1782817808, "views": 3, "formatid": "gen9randombattle", "rating": 1186, "private": 0, "password": null, "player_dets": [{"name": "testbotcif", "avatar": "266", "rating": 1257, "seed": "sodium,cbe39fe4bd5fb48d08c8b20df7f49d3e"}, {"name": "NIDOCHAD042", "avatar": "silver-masters", "rating": 1207, "seed": "sodium,db50eee1b36a3b44880abb568d71f5df"}], "teams_full": [{"Ampharos": {"name": "Ampharos", "species": "Ampharos", "speciesId": "ampharos", "gender": "M", "shiny": false, "level": 88, "moves": ["dazzlinggleam", "agility", "focusblast", "thunderbolt"], "ability": "Static", "evs": {"hp": 85, "atk": 0, "def": 85, "spa": 85, "spd": 85, "spe": 85}, "ivs": {"hp": 31, "atk": 0, "def": 31, "spa": 31, "spd": 31, "spe": 31}, "item": "Life Orb", "teraType": "Electric", "role": "Wallbreaker", "bvs": {"hp": 90, "atk": 75, "def": 85, "spa": 115, "spd": 90, "spe": 55}, "stats": {"hp": 302, "atk": 137, "def": 200, "spa": 253, "spd": 209, "spe": 147}, "types": ["Electric"]}, "Gumshoos": {"name": "Gumshoos", "species": "Gumshoos", "speciesId": "gumshoos", "gender": "M", "shiny": false, "level": 95, "moves": ["knockoff", "uturn", "doubleedge", "earthquake"], "ability": "Adaptability", "evs": {"hp": 85, "atk": 85, "def": 85, "spa": 85, "spd": 85, "spe": 85}, "ivs": {"hp": 31, "atk": 31, "def": 31, "spa": 31, "spd": 31, "spe": 31}, "item": "Choice Band", "teraType": "Ground", "role": "Fast Attacker", "bvs": {"hp": 88, "atk": 110, "def": 60, "spa": 55, "spd": 60, "spe": 45}, "stats": {"hp": 321, "atk": 263, "def": 168, "spa": 158, "spd": 168, "spe": 139}, "types": ["Normal"]}, "Luxray": {"name": "Luxray", "species": "Luxray", "speciesId": "luxray", "gender": "M", "shiny": false, "level": 88, "moves": ["voltswitch", "wildcharge", "playrough", "icefang"], "ability": "Intimidate", "evs": {"hp": 85, "atk": 85, "def": 85, "spa": 85, "spd": 85, "spe": 85}, "ivs": {"hp": 31, "atk": 31, "def": 31, "spa": 31, "spd": 31, "spe": 31}, "item": "Assault Vest", "teraType": "Fairy", "role": "AV Pivot", "bvs": {"hp": 80, "atk": 120, "def": 79, "spa": 95, "spd": 79, "spe": 70}, "stats": {"hp": 284, "atk": 261, "def": 189, "spa": 217, "spd": 189, "spe": 173}, "types": ["Electric"]}, "Alomomola": {"name": "Alomomola", "species": "Alomomola", "speciesId": "alomomola", "gender": "M", "shiny": false, "level": 87, "moves": ["flipturn", "wish", "scald", "protect"], "ability": "Regenerator", "evs": {"hp": 85, "atk": 85, "def": 85, "spa": 85, "spd": 85, "spe": 85}, "ivs": {"hp": 31, "atk": 31, "def": 31, "spa": 31, "spd": 31, "spe": 31}, "item": "Heavy-Duty Boots", "teraType": "Steel", "role": "Fast Support", "bvs": {"hp": 165, "atk": 75, "def": 80, "spa": 40, "spd": 45, "spe": 65}, "stats": {"hp": 429, "atk": 180, "def": 189, "spa": 119, "spd": 128, "spe": 163}, "types": ["Water"]}, "Chesnaught": {"name": "Chesnaught", "species": "Chesnaught", "speciesId": "chesnaught", "gender": "M", "shiny": false, "level": 84, "moves": ["trailblaze", "bodypress", "irondefense", "synthesis"], "ability": "Bulletproof", "evs": {"hp": 85, "atk": 85, "def": 85, "spa": 85, "spd": 85, "spe": 85}, "ivs": {"hp": 31, "atk": 31, "def": 31, "spa": 31, "spd": 31, "spe": 31}, "item": "Leftovers", "teraType": "Steel", "role": "Fast Bulky Setup", "bvs": {"hp": 88, "atk": 107, "def": 122, "spa": 74, "spd": 75, "spe": 64}, "stats": {"hp": 285, "atk": 228, "def": 253, "spa": 173, "spd": 174, "spe": 156}, "types": ["Grass", "Fighting"]}, "Vespiquen": {"name": "Vespiquen", "species": "Vespiquen", "speciesId": "vespiquen", "gender": "F", "shiny": false, "level": 99, "moves": ["hurricane", "spikes", "toxicspikes", "roost"], "ability": "Pressure", "evs": {"hp": 85, "atk": 0, "def": 85, "spa": 85, "spd": 85, "spe": 85}, "ivs": {"hp": 31, "atk": 0, "def": 31, "spa": 31, "spd": 31, "spe": 31}, "item": "Heavy-Duty Boots", "teraType": "Steel", "role": "Bulky Support", "bvs": {"hp": 70, "atk": 80, "def": 102, "spa": 80, "spd": 102, "spe": 40}, "stats": {"hp": 299, "atk": 163, "def": 258, "spa": 214, "spd": 258, "spe": 135}, "types": ["Bug", "Flying"]}}, {"Shiftry": {"name": "Shiftry", "species": "Shiftry", "speciesId": "shiftry", "gender": "F", "shiny": false, "level": 89, "moves": ["tailwind", "knockoff", "lowkick", "leafblade"], "ability": "Wind Rider", "evs": {"hp": 85, "atk": 85, "def": 85, "spa": 85, "spd": 85, "spe": 85}, "ivs": {"hp": 31, "atk": 31, "def": 31, "spa": 31, "spd": 31, "spe": 31}, "item": "Life Orb", "teraType": "Dark", "role": "Setup Sweeper", "bvs": {"hp": 90, "atk": 100, "def": 60, "spa": 90, "spd": 60, "spe": 80}, "stats": {"hp": 305, "atk": 229, "def": 158, "spa": 211, "spd": 158, "spe": 193}, "types": ["Grass", "Dark"]}, "Clawitzer": {"name": "Clawitzer", "species": "Clawitzer", "speciesId": "clawitzer", "gender": "M", "shiny": false, "level": 87, "moves": ["dragonpulse", "uturn", "darkpulse", "waterpulse"], "ability": "Mega Launcher", "evs": {"hp": 85, "atk": 85, "def": 85, "spa": 85, "spd": 85, "spe": 85}, "ivs": {"hp": 31, "atk": 31, "def": 31, "spa": 31, "spd": 31, "spe": 31}, "item": "Choice Specs", "teraType": "Dark", "role": "Wallbreaker", "bvs": {"hp": 71, "atk": 73, "def": 88, "spa": 120, "spd": 89, "spe": 59}, "stats": {"hp": 265, "atk": 177, "def": 203, "spa": 259, "spd": 205, "spe": 152}, "types": ["Water"]}, "Ogerpon": {"name": "Ogerpon", "species": "Ogerpon-Hearthflame", "speciesId": "ogerponhearthflame", "gender": "F", "shiny": false, "level": 74, "moves": ["swordsdance", "ivycudgel", "trailblaze", "hornleech"], "ability": "Mold Breaker", "evs": {"hp": 77, "atk": 85, "def": 85, "spa": 85, "spd": 85, "spe": 85}, "ivs": {"hp": 31, "atk": 31, "def": 31, "spa": 31, "spd": 31, "spe": 31}, "item": "Hearthflame Mask", "teraType": "Fire", "role": "Setup Sweeper", "bvs": {"hp": 80, "atk": 120, "def": 84, "spa": 60, "spd": 96, "spe": 110}, "stats": {"hp": 239, "atk": 221, "def": 167, "spa": 132, "spd": 185, "spe": 206}, "types": ["Grass", "Fire"]}, "Toxapex": {"name": "Toxapex", "species": "Toxapex", "speciesId": "toxapex", "gender": "F", "shiny": false, "level": 82, "moves": ["recover", "toxic", "haze", "liquidation"], "ability": "Regenerator", "evs": {"hp": 85, "atk": 85, "def": 85, "spa": 85, "spd": 85, "spe": 85}, "ivs": {"hp": 31, "atk": 31, "def": 31, "spa": 31, "spd": 31, "spe": 31}, "item": "Leftovers", "teraType": "Grass", "role": "Bulky Support", "bvs": {"hp": 50, "atk": 63, "def": 152, "spa": 53, "spd": 142, "spe": 35}, "stats": {"hp": 216, "atk": 150, "def": 296, "spa": 134, "spd": 280, "spe": 105}, "types": ["Poison", "Water"]}, "Overqwil": {"name": "Overqwil", "species": "Overqwil", "speciesId": "overqwil", "gender": "M", "shiny": false, "level": 82, "moves": ["crunch", "gunkshot", "scaleshot", "swordsdance"], "ability": "Intimidate", "evs": {"hp": 85, "atk": 85, "def": 85, "spa": 85, "spd": 85, "spe": 85}, "ivs": {"hp": 31, "atk": 31, "def": 31, "spa": 31, "spd": 31, "spe": 31}, "item": "Loaded Dice", "teraType": "Dragon", "role": "Setup Sweeper", "bvs": {"hp": 85, "atk": 115, "def": 95, "spa": 65, "spd": 65, "spe": 85}, "stats": {"hp": 274, "atk": 236, "def": 203, "spa": 154, "spd": 154, "spe": 187}, "types": ["Dark", "Poison"]}, "Hypno": {"name": "Hypno", "species": "Hypno", "speciesId": "hypno", "gender": "M", "shiny": false, "level": 95, "moves": ["protect", "toxic", "psychicnoise", "focusblast"], "ability": "Insomnia", "evs": {"hp": 85, "atk": 0, "def": 85, "spa": 85, "spd": 85, "spe": 85}, "ivs": {"hp": 31, "atk": 0, "def": 31, "spa": 31, "spd": 31, "spe": 31}, "item": "Leftovers", "teraType": "Steel", "role": "Bulky Attacker", "bvs": {"hp": 85, "atk": 73, "def": 70, "spa": 73, "spd": 115, "spe": 67}, "stats": {"hp": 315, "atk": 143, "def": 187, "spa": 193, "spd": 272, "spe": 181}, "types": ["Psychic"]}}]}