{"id": "gen9randombattle-2641695719", "format": "[Gen 9] Random Battle", "players": ["Darko1066", "nikhil325"], "log": "|j|\u2606Darko1066\n|j|\u2606nikhil325\n|t:|1782830894\n|gametype|singles\n|player|p1|Darko1066|170|1918\n|player|p2|nikhil325|266|1931\n|gen|9\n|tier|[Gen 9] Random Battle\n|rated|\n|rule|Species Clause: Limit one of each Pok\u00e9mon\n|rule|HP Percentage Mod: HP is shown in percentages\n|rule|Sleep Clause Mod: Limit one foe put to sleep\n|rule|Illusion Level Mod: Illusion disguises the Pok\u00e9mon's true level\n|\n|t:|1782830894\n|teamsize|p1|6\n|teamsize|p2|6\n|start\n|switch|p1a: Luvdisc|Luvdisc, M|247/247\n|switch|p2a: Dedenne|Dedenne, L88, F|261/261\n|turn|1\n|inactive|Battle timer is ON: inactive players will automatically lose when time's up. (requested by nikhil325)\n|\n|t:|1782830909\n|switch|p1a: Tyranitar|Tyranitar, L78, M|284/284\n|-weather|Sandstorm|[from] ability: Sand Stream|[of] p1a: Tyranitar\n|move|p2a: Dedenne|Thunderbolt|p1a: Tyranitar\n|-damage|p1a: Tyranitar|229/284\n|\n|-weather|Sandstorm|[upkeep]\n|-damage|p2a: Dedenne|245/261|[from] Sandstorm\n|-heal|p1a: Tyranitar|246/284|[from] item: Leftovers\n|upkeep\n|turn|2\n|\n|t:|1782830919\n|switch|p2a: Poliwrath|Poliwrath, L88, M|302/302\n|move|p1a: Tyranitar|Knock Off|p2a: Poliwrath\n|-resisted|p2a: Poliwrath\n|-damage|p2a: Poliwrath|248/302\n|-enditem|p2a: Poliwrath|Assault Vest|[from] move: Knock Off|[of] p1a: Tyranitar\n|\n|-weather|Sandstorm|[upkeep]\n|-damage|p2a: Poliwrath|230/302|[from] Sandstorm\n|-heal|p1a: Tyranitar|263/284|[from] item: Leftovers\n|upkeep\n|turn|3\n|\n|t:|1782830931\n|switch|p1a: Scream Tail|Scream Tail, L84|330/330\n|move|p2a: Poliwrath|Circle Throw|p1a: Scream Tail\n|-resisted|p1a: Scream Tail\n|-damage|p1a: Scream Tail|315/330\n|-end|p1a: Scream Tail|Protosynthesis|[silent]\n|drag|p1a: Tyranitar|Tyranitar, L78, M|263/284\n|\n|-weather|Sandstorm|[upkeep]\n|-damage|p2a: Poliwrath|212/302|[from] Sandstorm\n|-heal|p1a: Tyranitar|280/284|[from] item: Leftovers\n|upkeep\n|turn|4\n|\n|t:|1782830941\n|switch|p1a: Scream Tail|Scream Tail, L84|315/330\n|move|p2a: Poliwrath|Circle Throw|p1a: Scream Tail\n|-resisted|p1a: Scream Tail\n|-damage|p1a: Scream Tail|299/330\n|-end|p1a: Scream Tail|Protosynthesis|[silent]\n|drag|p1a: Hawlucha|Hawlucha, L80, F|256/256\n|\n|-weather|Sandstorm|[upkeep]\n|-damage|p1a: Hawlucha|240/256|[from] Sandstorm\n|-damage|p2a: Poliwrath|194/302|[from] Sandstorm\n|upkeep\n|turn|5\n|\n|t:|1782830956\n|switch|p1a: Scream Tail|Scream Tail, L84|299/330\n|switch|p2a: Pincurchin|Pincurchin, F|258/258\n|-fieldstart|move: Electric Terrain|[from] ability: Electric Surge|[of] p2a: Pincurchin\n|\n|-weather|none\n|-heal|p1a: Scream Tail|319/330|[from] item: Leftovers\n|upkeep\n|turn|6\n|\n|t:|1782830974\n|-end|p1a: Scream Tail|Protosynthesis|[silent]\n|switch|p1a: Pyroar|Pyroar, L88, F|295/295\n|-ability|p1a: Pyroar|Unnerve\n|move|p2a: Pincurchin|Zing Zap|p1a: Pyroar\n|-damage|p1a: Pyroar|132/295\n|\n|upkeep\n|turn|7\n|\n|t:|1782830984\n|move|p1a: Pyroar|Will-O-Wisp|p2a: Pincurchin\n|-status|p2a: Pincurchin|brn\n|move|p2a: Pincurchin|Liquidation|p1a: Pyroar\n|-supereffective|p1a: Pyroar\n|-damage|p1a: Pyroar|35/295\n|-unboost|p1a: Pyroar|def|1\n|\n|-damage|p2a: Pincurchin|242/258 brn|[from] brn\n|upkeep\n|turn|8\n|\n|t:|1782830994\n|move|p1a: Pyroar|Fire Blast|p2a: Pincurchin\n|-damage|p2a: Pincurchin|122/258 brn\n|move|p2a: Pincurchin|Zing Zap|p1a: Pyroar\n|-damage|p1a: Pyroar|0 fnt\n|faint|p1a: Pyroar\n|\n|-heal|p2a: Pincurchin|138/258 brn|[from] item: Leftovers\n|-damage|p2a: Pincurchin|122/258 brn|[from] brn\n|upkeep\n|\n|t:|1782831005\n|switch|p1a: Glastrier|Glastrier, L86|311/311\n|turn|9\n|\n|t:|1782831017\n|switch|p2a: Poliwrath|Poliwrath, L88, M|194/302\n|move|p1a: Glastrier|Icicle Crash|p2a: Poliwrath\n|-resisted|p2a: Poliwrath\n|-damage|p2a: Poliwrath|107/302\n|\n|-fieldend|move: Electric Terrain\n|upkeep\n|turn|10\n|\n|t:|1782831025\n|switch|p1a: Scream Tail|Scream Tail, L84|319/330\n|move|p2a: Poliwrath|Close Combat|p1a: Scream Tail\n|-resisted|p1a: Scream Tail\n|-damage|p1a: Scream Tail|289/330\n|-unboost|p2a: Poliwrath|def|1\n|-unboost|p2a: Poliwrath|spd|1\n|\n|-heal|p1a: Scream Tail|309/330|[from] item: Leftovers\n|upkeep\n|turn|11\n|\n|t:|1782831035\n|switch|p2a: Pincurchin|Pincurchin, F|122/258 brn\n|-fieldstart|move: Electric Terrain|[from] ability: Electric Surge|[of] p2a: Pincurchin\n|move|p1a: Scream Tail|Dazzling Gleam|p2a: Pincurchin\n|-damage|p2a: Pincurchin|65/258 brn\n|\n|-heal|p1a: Scream Tail|329/330|[from] item: Leftovers\n|-heal|p2a: Pincurchin|81/258 brn|[from] item: Leftovers\n|-damage|p2a: Pincurchin|65/258 brn|[from] brn\n|upkeep\n|turn|12\n|\n|t:|1782831045\n|-end|p1a: Scream Tail|Protosynthesis|[silent]\n|switch|p1a: Glastrier|Glastrier, L86|311/311\n|move|p2a: Pincurchin|Zing Zap|p1a: Glastrier\n|-damage|p1a: Glastrier|248/311\n|\n|-heal|p2a: Pincurchin|81/258 brn|[from] item: Leftovers\n|-damage|p2a: Pincurchin|65/258 brn|[from] brn\n|upkeep\n|turn|13\n|\n|t:|1782831053\n|move|p1a: Glastrier|Heavy Slam|p2a: Pincurchin\n|-resisted|p2a: Pincurchin\n|-damage|p2a: Pincurchin|0 fnt\n|faint|p2a: Pincurchin\n|-ability|p1a: Glastrier|Chilling Neigh|boost\n|-boost|p1a: Glastrier|atk|1\n|\n|upkeep\n|\n|t:|1782831060\n|switch|p2a: Poliwrath|Poliwrath, L88, M|107/302\n|turn|14\n|\n|t:|1782831064\n|switch|p1a: Scream Tail|Scream Tail, L84|329/330\n|move|p2a: Poliwrath|Close Combat|p1a: Scream Tail\n|-resisted|p1a: Scream Tail\n|-damage|p1a: Scream Tail|296/330\n|-unboost|p2a: Poliwrath|def|1\n|-unboost|p2a: Poliwrath|spd|1\n|\n|-heal|p1a: Scream Tail|316/330|[from] item: Leftovers\n|upkeep\n|turn|15\n|\n|t:|1782831072\n|move|p1a: Scream Tail|Dazzling Gleam|p2a: Poliwrath\n|-supereffective|p2a: Poliwrath\n|-damage|p2a: Poliwrath|0 fnt\n|faint|p2a: Poliwrath\n|\n|-heal|p1a: Scream Tail|330/330|[from] item: Leftovers\n|-fieldend|move: Electric Terrain\n|upkeep\n|\n|t:|1782831074\n|switch|p2a: Dedenne|Dedenne, L88, F|245/261\n|turn|16\n|\n|t:|1782831080\n|move|p1a: Scream Tail|Protect|p1a: Scream Tail\n|-singleturn|p1a: Scream Tail|Protect\n|move|p2a: Dedenne|Nuzzle|p1a: Scream Tail\n|-activate|p1a: Scream Tail|move: Protect\n|\n|upkeep\n|turn|17\n|\n|t:|1782831087\n|-end|p1a: Scream Tail|Protosynthesis|[silent]\n|switch|p1a: Glastrier|Glastrier, L86|248/311\n|move|p2a: Dedenne|Super Fang|p1a: Glastrier\n|-damage|p1a: Glastrier|124/311\n|\n|upkeep\n|turn|18\n|\n|t:|1782831100\n|switch|p2a: Phione|Phione, L91|293/293\n|move|p1a: Glastrier|Icicle Crash|p2a: Phione\n|-resisted|p2a: Phione\n|-damage|p2a: Phione|197/293\n|\n|-heal|p2a: Phione|215/293|[from] item: Leftovers\n|upkeep\n|turn|19\n|\n|t:|1782831109\n|switch|p1a: Scream Tail|Scream Tail, L84|330/330\n|move|p2a: Phione|Take Heart|p2a: Phione\n|-boost|p2a: Phione|spa|1\n|-boost|p2a: Phione|spd|1\n|\n|-heal|p2a: Phione|233/293|[from] item: Leftovers\n|upkeep\n|turn|20\n|inactive|nikhil325 has 120 seconds left.\n|\n|t:|1782831141\n|move|p1a: Scream Tail|Encore|p2a: Phione\n|-start|p2a: Phione|Encore\n|move|p2a: Phione|Take Heart|p2a: Phione\n|-boost|p2a: Phione|spa|1\n|-boost|p2a: Phione|spd|1\n|\n|-heal|p2a: Phione|251/293|[from] item: Leftovers\n|upkeep\n|turn|21\n|inactive|nikhil325 has 120 seconds left.\n|\n|t:|1782831164\n|-end|p1a: Scream Tail|Protosynthesis|[silent]\n|switch|p1a: Hawlucha|Hawlucha, L80, F|240/256\n|switch|p2a: Dedenne|Dedenne, L88, F|245/261\n|\n|upkeep\n|turn|22\n|\n|t:|1782831170\n|switch|p1a: Glastrier|Glastrier, L86|124/311\n|move|p2a: Dedenne|Thunderbolt|p1a: Glastrier\n|-damage|p1a: Glastrier|45/311\n|\n|upkeep\n|turn|23\n|\n|t:|1782831176\n|move|p2a: Dedenne|Thunderbolt|p1a: Glastrier\n|-damage|p1a: Glastrier|0 fnt\n|faint|p1a: Glastrier\n|\n|upkeep\n|\n|t:|1782831180\n|switch|p1a: Tyranitar|Tyranitar, L78, M|280/284\n|-weather|Sandstorm|[from] ability: Sand Stream|[of] p1a: Tyranitar\n|turn|24\n|\n|t:|1782831184\n|switch|p2a: Phione|Phione, L91|251/293\n|move|p1a: Tyranitar|Knock Off|p2a: Phione\n|-damage|p2a: Phione|142/293\n|-enditem|p2a: Phione|Leftovers|[from] move: Knock Off|[of] p1a: Tyranitar\n|\n|-weather|Sandstorm|[upkeep]\n|-damage|p2a: Phione|124/293|[from] Sandstorm\n|-heal|p1a: Tyranitar|284/284|[from] item: Leftovers\n|upkeep\n|turn|25\n|\n|t:|1782831197\n|switch|p1a: Scream Tail|Scream Tail, L84|330/330\n|move|p2a: Phione|Scald|p1a: Scream Tail\n|-damage|p1a: Scream Tail|260/330\n|\n|-weather|Sandstorm|[upkeep]\n|-damage|p1a: Scream Tail|240/330|[from] Sandstorm\n|-damage|p2a: Phione|106/293|[from] Sandstorm\n|-heal|p1a: Scream Tail|260/330|[from] item: Leftovers\n|upkeep\n|turn|26\n|\n|t:|1782831208\n|move|p1a: Scream Tail|Dazzling Gleam|p2a: Phione\n|-damage|p2a: Phione|40/293\n|move|p2a: Phione|Rest|p2a: Phione\n|-status|p2a: Phione|slp|[from] move: Rest\n|-heal|p2a: Phione|293/293 slp|[silent]\n|\n|-weather|Sandstorm|[upkeep]\n|-damage|p1a: Scream Tail|240/330|[from] Sandstorm\n|-damage|p2a: Phione|275/293 slp|[from] Sandstorm\n|-heal|p1a: Scream Tail|260/330|[from] item: Leftovers\n|upkeep\n|turn|27\n|\n|t:|1782831222\n|switch|p2a: Dedenne|Dedenne, L88, F|245/261\n|move|p1a: Scream Tail|Encore||[still]\n|-fail|p1a: Scream Tail\n|\n|-weather|Sandstorm|[upkeep]\n|-damage|p1a: Scream Tail|240/330|[from] Sandstorm\n|-damage|p2a: Dedenne|229/261|[from] Sandstorm\n|-heal|p1a: Scream Tail|260/330|[from] item: Leftovers\n|upkeep\n|turn|28\n|\n|t:|1782831230\n|move|p1a: Scream Tail|Protect|p1a: Scream Tail\n|-singleturn|p1a: Scream Tail|Protect\n|move|p2a: Dedenne|Nuzzle|p1a: Scream Tail\n|-activate|p1a: Scream Tail|move: Protect\n|\n|-weather|none\n|-heal|p1a: Scream Tail|280/330|[from] item: Leftovers\n|upkeep\n|turn|29\n|\n|t:|1782831237\n|-end|p1a: Scream Tail|Protosynthesis|[silent]\n|switch|p1a: Tyranitar|Tyranitar, L78, M|284/284\n|-weather|Sandstorm|[from] ability: Sand Stream|[of] p1a: Tyranitar\n|move|p2a: Dedenne|Nuzzle|p1a: Tyranitar\n|-damage|p1a: Tyranitar|266/284\n|-status|p1a: Tyranitar|par\n|\n|-weather|Sandstorm|[upkeep]\n|-damage|p2a: Dedenne|213/261|[from] Sandstorm\n|-heal|p1a: Tyranitar|283/284 par|[from] item: Leftovers\n|upkeep\n|turn|30\n|\n|t:|1782831249\n|switch|p2a: Phione|Phione, L91|275/293 slp\n|cant|p1a: Tyranitar|par\n|\n|-weather|Sandstorm|[upkeep]\n|-damage|p2a: Phione|257/293 slp|[from] Sandstorm\n|-heal|p1a: Tyranitar|284/284 par|[from] item: Leftovers\n|upkeep\n|turn|31\n|\n|t:|1782831257\n|switch|p1a: Hawlucha|Hawlucha, L80, F|240/256\n|cant|p2a: Phione|slp\n|move|p2a: Phione|Sleep Talk|p2a: Phione\n|move|p2a: Phione|Take Heart|p2a: Phione|[from] move: Sleep Talk\n|-boost|p2a: Phione|spa|1\n|-boost|p2a: Phione|spd|1\n|-curestatus|p2a: Phione|slp|[msg]\n|\n|-weather|Sandstorm|[upkeep]\n|-damage|p1a: Hawlucha|224/256|[from] Sandstorm\n|-damage|p2a: Phione|239/293|[from] Sandstorm\n|upkeep\n|turn|32\n|\n|t:|1782831269\n|move|p1a: Hawlucha|Swords Dance|p1a: Hawlucha\n|-boost|p1a: Hawlucha|atk|2\n|move|p2a: Phione|Scald|p1a: Hawlucha\n|-damage|p1a: Hawlucha|41/256\n|\n|-weather|Sandstorm|[upkeep]\n|-damage|p1a: Hawlucha|25/256|[from] Sandstorm\n|-damage|p2a: Phione|221/293|[from] Sandstorm\n|upkeep\n|turn|33\n|\n|t:|1782831281\n|move|p1a: Hawlucha|Close Combat|p2a: Phione\n|-damage|p2a: Phione|2/293\n|-unboost|p1a: Hawlucha|def|1\n|-unboost|p1a: Hawlucha|spd|1\n|-enditem|p1a: Hawlucha|White Herb\n|-clearnegativeboost|p1a: Hawlucha|[silent]\n|move|p2a: Phione|Scald|p1a: Hawlucha\n|-damage|p1a: Hawlucha|0 fnt\n|faint|p1a: Hawlucha\n|\n|-weather|none\n|upkeep\n|\n|t:|1782831292\n|switch|p1a: Scream Tail|Scream Tail, L84|280/330\n|turn|34\n|\n|t:|1782831297\n|move|p1a: Scream Tail|Dazzling Gleam|p2a: Phione\n|-damage|p2a: Phione|0 fnt\n|faint|p2a: Phione\n|\n|-heal|p1a: Scream Tail|300/330|[from] item: Leftovers\n|upkeep\n|\n|t:|1782831301\n|switch|p2a: Whimsicott|Whimsicott, L84, F|238/238\n|turn|35\n|\n|t:|1782831313\n|-end|p1a: Scream Tail|Protosynthesis|[silent]\n|switch|p1a: Tyranitar|Tyranitar, L78, M|284/284 par\n|-weather|Sandstorm|[from] ability: Sand Stream|[of] p1a: Tyranitar\n|move|p2a: Whimsicott|Moonblast|p1a: Tyranitar\n|-supereffective|p1a: Tyranitar\n|-damage|p1a: Tyranitar|174/284 par\n|\n|-weather|Sandstorm|[upkeep]\n|-damage|p2a: Whimsicott|224/238|[from] Sandstorm\n|-heal|p1a: Tyranitar|191/284 par|[from] item: Leftovers\n|upkeep\n|turn|36\n|\n|t:|1782831324\n|move|p2a: Whimsicott|Moonblast|p1a: Tyranitar\n|-supereffective|p1a: Tyranitar\n|-damage|p1a: Tyranitar|77/284 par\n|-unboost|p1a: Tyranitar|spa|1\n|move|p1a: Tyranitar|Thunder Wave|p2a: Whimsicott\n|-status|p2a: Whimsicott|par\n|\n|-weather|Sandstorm|[upkeep]\n|-damage|p2a: Whimsicott|210/238 par|[from] Sandstorm\n|-heal|p1a: Tyranitar|94/284 par|[from] item: Leftovers\n|upkeep\n|turn|37\n|\n|t:|1782831335\n|switch|p1a: Luvdisc|Luvdisc, M|247/247\n|move|p2a: Whimsicott|Moonblast|p1a: Luvdisc\n|-damage|p1a: Luvdisc|165/247\n|\n|-weather|Sandstorm|[upkeep]\n|-damage|p1a: Luvdisc|150/247|[from] Sandstorm\n|-damage|p2a: Whimsicott|196/238 par|[from] Sandstorm\n|upkeep\n|turn|38\n|\n|t:|1782831346\n|move|p2a: Whimsicott|Stun Spore|p1a: Luvdisc\n|-status|p1a: Luvdisc|par\n|move|p1a: Luvdisc|Whirlpool|p2a: Whimsicott\n|-resisted|p2a: Whimsicott\n|-crit|p2a: Whimsicott\n|-damage|p2a: Whimsicott|170/238 par\n|-activate|p2a: Whimsicott|move: Whirlpool|[of] p1a: Luvdisc\n|\n|-weather|Sandstorm|[upkeep]\n|-damage|p1a: Luvdisc|135/247 par|[from] Sandstorm\n|-damage|p2a: Whimsicott|156/238 par|[from] Sandstorm\n|-damage|p2a: Whimsicott|127/238 par|[from] move: Whirlpool|[partiallytrapped]\n|upkeep\n|turn|39\n|\n|t:|1782831362\n|move|p1a: Luvdisc|Surf|p2a: Whimsicott\n|-resisted|p2a: Whimsicott\n|-damage|p2a: Whimsicott|88/238 par\n|move|p2a: Whimsicott|Giga Drain|p1a: Luvdisc\n|-supereffective|p1a: Luvdisc\n|-damage|p1a: Luvdisc|0 fnt\n|-heal|p2a: Whimsicott|156/238 par|[from] drain|[of] p1a: Luvdisc\n|faint|p1a: Luvdisc\n|\n|-weather|none\n|-end|p2a: Whimsicott|Whirlpool|[partiallytrapped]|[silent]\n|upkeep\n|\n|t:|1782831371\n|switch|p1a: Scream Tail|Scream Tail, L84|300/330\n|turn|40\n|\n|t:|1782831380\n|-terastallize|p1a: Scream Tail|Steel\n|move|p2a: Whimsicott|Stun Spore|p1a: Scream Tail\n|-status|p1a: Scream Tail|par\n|move|p1a: Scream Tail|Dazzling Gleam|p2a: Whimsicott\n|-damage|p2a: Whimsicott|84/238 par\n|\n|-heal|p1a: Scream Tail|320/330 par|[from] item: Leftovers\n|upkeep\n|turn|41\n|\n|t:|1782831393\n|move|p2a: Whimsicott|Moonblast|p1a: Scream Tail\n|-resisted|p1a: Scream Tail\n|-damage|p1a: Scream Tail|286/330 par\n|move|p1a: Scream Tail|Dazzling Gleam|p2a: Whimsicott\n|-damage|p2a: Whimsicott|8/238 par\n|\n|-heal|p1a: Scream Tail|306/330 par|[from] item: Leftovers\n|upkeep\n|turn|42\n|\n|t:|1782831400\n|move|p2a: Whimsicott|Moonblast|p1a: Scream Tail\n|-resisted|p1a: Scream Tail\n|-damage|p1a: Scream Tail|271/330 par\n|move|p1a: Scream Tail|Dazzling Gleam|p2a: Whimsicott\n|-damage|p2a: Whimsicott|0 fnt\n|faint|p2a: Whimsicott\n|\n|-heal|p1a: Scream Tail|291/330 par|[from] item: Leftovers\n|upkeep\n|\n|t:|1782831402\n|switch|p2a: Dedenne|Dedenne, L88, F|213/261\n|turn|43\n|\n|t:|1782831413\n|cant|p1a: Scream Tail|par\n|move|p2a: Dedenne|Super Fang|p1a: Scream Tail\n|-damage|p1a: Scream Tail|146/330 par\n|\n|-heal|p1a: Scream Tail|166/330 par|[from] item: Leftovers\n|upkeep\n|turn|44\n|\n|t:|1782831419\n|move|p2a: Dedenne|Thunderbolt|p1a: Scream Tail\n|-damage|p1a: Scream Tail|90/330 par\n|move|p1a: Scream Tail|Wish|p1a: Scream Tail\n|\n|-heal|p1a: Scream Tail|110/330 par|[from] item: Leftovers\n|upkeep\n|turn|45\n|\n|t:|1782831429\n|move|p2a: Dedenne|Thunderbolt|p1a: Scream Tail\n|-damage|p1a: Scream Tail|29/330 par\n|move|p1a: Scream Tail|Dazzling Gleam|p2a: Dedenne\n|-damage|p2a: Dedenne|144/261\n|\n|-heal|p1a: Scream Tail|194/330 par|[from] move: Wish|[wisher] Scream Tail\n|-heal|p1a: Scream Tail|214/330 par|[from] item: Leftovers\n|upkeep\n|turn|46\n|\n|t:|1782831438\n|cant|p1a: Scream Tail|par\n|move|p2a: Dedenne|Super Fang|p1a: Scream Tail\n|-damage|p1a: Scream Tail|107/330 par\n|\n|-heal|p1a: Scream Tail|127/330 par|[from] item: Leftovers\n|upkeep\n|turn|47\n|\n|t:|1782831444\n|move|p2a: Dedenne|Thunderbolt|p1a: Scream Tail\n|-damage|p1a: Scream Tail|45/330 par\n|cant|p1a: Scream Tail|par\n|\n|-heal|p1a: Scream Tail|65/330 par|[from] item: Leftovers\n|upkeep\n|turn|48\n|c|\u2606Darko1066|fuck sake\n|\n|t:|1782831453\n|move|p1a: Scream Tail|Protect|p1a: Scream Tail\n|-singleturn|p1a: Scream Tail|Protect\n|move|p2a: Dedenne|Thunderbolt|p1a: Scream Tail\n|-activate|p1a: Scream Tail|move: Protect\n|\n|-heal|p1a: Scream Tail|85/330 par|[from] item: Leftovers\n|upkeep\n|turn|49\n|\n|t:|1782831462\n|move|p2a: Dedenne|Thunderbolt|p1a: Scream Tail\n|-damage|p1a: Scream Tail|9/330 par\n|cant|p1a: Scream Tail|par\n|\n|-heal|p1a: Scream Tail|29/330 par|[from] item: Leftovers\n|upkeep\n|turn|50\n|c|\u2606Darko1066|jesus fucking christ\n|-message|Darko1066 forfeited.\n|\n|win|nikhil325\n", "inputlog": ">version f8ac14003a5f27e1bdc8d8c59608a773c1cb96e5\n>start {\"formatid\":\"gen9randombattle\",\"seed\":\"sodium,e3c7eaf27b56ad5caa0a3d412c1e90b8\",\"rated\":\"Rated battle\"}\n>player p1 {\"name\":\"Darko1066\",\"avatar\":\"170\",\"rating\":1918,\"seed\":\"sodium,4ae79211c40516a07e136e3a3ed8fa35\"}\n>player p2 {\"name\":\"nikhil325\",\"avatar\":\"266\",\"rating\":1931,\"seed\":\"sodium,794f7625ab1b91ad400b01f65b1447a8\"}\n>p1 switch 2\n>p2 move thunderbolt\n>p1 move knockoff\n>p2 switch 4\n>p1 switch 3\n>p2 move circlethrow\n>p1 switch 3\n>p2 move circlethrow\n>p1 switch 4\n>p2 switch 5\n>p1 switch 5\n>p2 move zingzap\n>p1 move willowisp\n>p2 move liquidation\n>p1 move fireblast\n>p2 move zingzap\n>p1 switch 6\n>p1 move iciclecrash\n>p2 switch 5\n>p1 switch 5\n>p2 move closecombat\n>p1 move dazzlinggleam\n>p2 switch 5\n>p1 switch 5\n>p2 move zingzap\n>p1 move heavyslam\n>p2 move recover\n>p2 switch 5\n>p1 switch 5\n>p2 move closecombat\n>p1 move dazzlinggleam\n>p2 move knockoff\n>p2 switch 4\n>p1 move protect\n>p2 move nuzzle\n>p1 switch 5\n>p2 move superfang\n>p1 move iciclecrash\n>p2 switch 6\n>p1 switch 5\n>p2 move takeheart\n>p1 move encore\n>p2 move scald\n>p1 switch 4\n>p2 switch 6\n>p1 switch 5\n>p2 move thunderbolt\n>p1 move highhorsepower\n>p2 move thunderbolt\n>p1 switch 3\n>p1 move knockoff\n>p2 switch 6\n>p1 switch 4\n>p2 move scald\n>p1 move dazzlinggleam\n>p2 move rest\n>p1 move encore\n>p2 switch 6\n>p1 move protect\n>p2 move nuzzle\n>p1 switch 4\n>p2 move nuzzle\n>p1 move stoneedge\n>p2 switch 6\n>p1 switch 5\n>p2 move sleeptalk\n>p1 move swordsdance\n>p2 move scald\n>p1 move closecombat\n>p2 move scald\n>p1 switch 4\n>p1 move dazzlinggleam\n>p2 move rest\n>p2 switch 3\n>p1 switch 5\n>p2 move moonblast\n>p1 move thunderwave\n>p2 move moonblast\n>p1 switch 2\n>p2 move moonblast\n>p1 move whirlpool\n>p2 move stunspore\n>p1 move surf\n>p2 move gigadrain\n>p1 switch 5\n>p1 move dazzlinggleam terastallize\n>p2 move stunspore\n>p1 move dazzlinggleam\n>p2 move moonblast\n>p1 move dazzlinggleam\n>p2 move moonblast\n>p2 switch 6\n>p1 move protect\n>p2 move superfang\n>p1 move wish\n>p2 move thunderbolt\n>p1 move dazzlinggleam\n>p2 move thunderbolt\n>p1 move protect\n>p2 move superfang\n>p1 move wish\n>p2 move thunderbolt\n>chat \u2606Darko1066|fuck sake\n>p1 move protect\n>p2 move thunderbolt\n>p1 move wish\n>p2 move thunderbolt\n>chat \u2606Darko1066|jesus fucking christ\n>forcelose p1", "uploadtime": 1782830896, "views": 3, "formatid": "gen9randombattle", "rating": null, "private": 0, "password": null, "player_dets": [{"name": "Darko1066", "avatar": "170", "rating": 1918, "seed": "sodium,4ae79211c40516a07e136e3a3ed8fa35"}, {"name": "nikhil325", "avatar": "266", "rating": 1931, "seed": "sodium,794f7625ab1b91ad400b01f65b1447a8"}], "teams_full": [{"Luvdisc": {"name": "Luvdisc", "species": "Luvdisc", "speciesId": "luvdisc", "gender": "M", "shiny": false, "level": 100, "moves": ["surf", "endeavor", "whirlpool", "substitute"], "ability": "Swift Swim", "evs": {"hp": 81, "atk": 0, "def": 85, "spa": 85, "spd": 85, "spe": 85}, "ivs": {"hp": 31, "atk": 0, "def": 31, "spa": 31, "spd": 31, "spe": 31}, "item": "Heavy-Duty Boots", "teraType": "Ground", "role": "Fast Support", "bvs": {"hp": 43, "atk": 30, "def": 55, "spa": 40, "spd": 65, "spe": 97}, "stats": {"hp": 247, "atk": 65, "def": 167, "spa": 137, "spd": 187, "spe": 251}, "types": ["Water"]}, "Tyranitar": {"name": "Tyranitar", "species": "Tyranitar", "speciesId": "tyranitar", "gender": "M", "shiny": false, "level": 78, "moves": ["stoneedge", "knockoff", "dragontail", "thunderwave"], "ability": "Sand Stream", "evs": {"hp": 85, "atk": 85, "def": 85, "spa": 85, "spd": 85, "spe": 85}, "ivs": {"hp": 31, "atk": 31, "def": 31, "spa": 31, "spd": 31, "spe": 31}, "item": "Leftovers", "teraType": "Ghost", "role": "Bulky Support", "bvs": {"hp": 100, "atk": 134, "def": 110, "spa": 95, "spd": 100, "spe": 61}, "stats": {"hp": 284, "atk": 254, "def": 217, "spa": 193, "spd": 201, "spe": 140}, "types": ["Rock", "Dark"]}, "Scream Tail": {"name": "Scream Tail", "species": "Scream Tail", "speciesId": "screamtail", "gender": "N", "shiny": false, "level": 84, "moves": ["wish", "encore", "protect", "dazzlinggleam"], "ability": "Protosynthesis", "evs": {"hp": 85, "atk": 0, "def": 85, "spa": 85, "spd": 85, "spe": 85}, "ivs": {"hp": 31, "atk": 0, "def": 31, "spa": 31, "spd": 31, "spe": 31}, "item": "Leftovers", "teraType": "Steel", "role": "Bulky Attacker", "bvs": {"hp": 115, "atk": 65, "def": 99, "spa": 65, "spd": 115, "spe": 111}, "stats": {"hp": 330, "atk": 114, "def": 215, "spa": 157, "spd": 241, "spe": 235}, "types": ["Fairy", "Psychic"]}, "Hawlucha": {"name": "Hawlucha", "species": "Hawlucha", "speciesId": "hawlucha", "gender": "F", "shiny": false, "level": 80, "moves": ["swordsdance", "acrobatics", "closecombat", "stoneedge"], "ability": "Unburden", "evs": {"hp": 85, "atk": 85, "def": 85, "spa": 85, "spd": 85, "spe": 85}, "ivs": {"hp": 31, "atk": 31, "def": 31, "spa": 31, "spd": 31, "spe": 31}, "item": "White Herb", "teraType": "Flying", "role": "Setup Sweeper", "bvs": {"hp": 78, "atk": 92, "def": 75, "spa": 74, "spd": 63, "spe": 118}, "stats": {"hp": 256, "atk": 193, "def": 166, "spa": 165, "spd": 147, "spe": 235}, "types": ["Fighting", "Flying"]}, "Pyroar": {"name": "Pyroar", "species": "Pyroar", "speciesId": "pyroar", "gender": "F", "shiny": false, "level": 88, "moves": ["workup", "fireblast", "willowisp", "hypervoice"], "ability": "Unnerve", "evs": {"hp": 85, "atk": 0, "def": 85, "spa": 85, "spd": 85, "spe": 85}, "ivs": {"hp": 31, "atk": 0, "def": 31, "spa": 31, "spd": 31, "spe": 31}, "item": "Heavy-Duty Boots", "teraType": "Fire", "role": "Fast Attacker", "bvs": {"hp": 86, "atk": 68, "def": 72, "spa": 109, "spd": 66, "spe": 106}, "stats": {"hp": 295, "atk": 124, "def": 177, "spa": 242, "spd": 166, "spe": 237}, "types": ["Fire", "Normal"]}, "Glastrier": {"name": "Glastrier", "species": "Glastrier", "speciesId": "glastrier", "gender": "N", "shiny": false, "level": 86, "moves": ["iciclecrash", "highhorsepower", "heavyslam", "closecombat"], "ability": "Chilling Neigh", "evs": {"hp": 81, "atk": 85, "def": 85, "spa": 85, "spd": 85, "spe": 85}, "ivs": {"hp": 31, "atk": 31, "def": 31, "spa": 31, "spd": 31, "spe": 31}, "item": "Choice Band", "teraType": "Fighting", "role": "Bulky Attacker", "bvs": {"hp": 100, "atk": 145, "def": 130, "spa": 65, "spd": 110, "spe": 30}, "stats": {"hp": 311, "atk": 299, "def": 273, "spa": 161, "spd": 238, "spe": 101}, "types": ["Ice"]}}, {"Dedenne": {"name": "Dedenne", "species": "Dedenne", "speciesId": "dedenne", "gender": "F", "shiny": false, "level": 88, "moves": ["superfang", "dazzlinggleam", "nuzzle", "thunderbolt"], "ability": "Cheek Pouch", "evs": {"hp": 85, "atk": 85, "def": 85, "spa": 85, "spd": 85, "spe": 85}, "ivs": {"hp": 31, "atk": 31, "def": 31, "spa": 31, "spd": 31, "spe": 31}, "item": "Sitrus Berry", "teraType": "Flying", "role": "Fast Support", "bvs": {"hp": 67, "atk": 58, "def": 57, "spa": 81, "spd": 67, "spe": 101}, "stats": {"hp": 261, "atk": 152, "def": 151, "spa": 193, "spd": 168, "spe": 228}, "types": ["Electric", "Fairy"]}, "Chien-Pao": {"name": "Chien-Pao", "species": "Chien-Pao", "speciesId": "chienpao", "gender": "N", "shiny": false, "level": 72, "moves": ["swordsdance", "throatchop", "iciclecrash", "sacredsword"], "ability": "Sword of Ruin", "evs": {"hp": 85, "atk": 85, "def": 85, "spa": 85, "spd": 85, "spe": 85}, "ivs": {"hp": 31, "atk": 31, "def": 31, "spa": 31, "spd": 31, "spe": 31}, "item": "Heavy-Duty Boots", "teraType": "Fighting", "role": "Setup Sweeper", "bvs": {"hp": 80, "atk": 120, "def": 80, "spa": 90, "spd": 65, "spe": 135}, "stats": {"hp": 234, "atk": 215, "def": 157, "spa": 172, "spd": 136, "spe": 236}, "types": ["Dark", "Ice"]}, "Whimsicott": {"name": "Whimsicott", "species": "Whimsicott", "speciesId": "whimsicott", "gender": "F", "shiny": false, "level": 84, "moves": ["gigadrain", "stunspore", "uturn", "moonblast"], "ability": "Prankster", "evs": {"hp": 85, "atk": 85, "def": 85, "spa": 85, "spd": 85, "spe": 85}, "ivs": {"hp": 31, "atk": 31, "def": 31, "spa": 31, "spd": 31, "spe": 31}, "item": "Heavy-Duty Boots", "teraType": "Steel", "role": "Fast Support", "bvs": {"hp": 60, "atk": 67, "def": 85, "spa": 77, "spd": 75, "spe": 116}, "stats": {"hp": 238, "atk": 161, "def": 191, "spa": 178, "spd": 174, "spe": 243}, "types": ["Grass", "Fairy"]}, "Poliwrath": {"name": "Poliwrath", "species": "Poliwrath", "speciesId": "poliwrath", "gender": "M", "shiny": false, "level": 88, "moves": ["closecombat", "knockoff", "liquidation", "circlethrow"], "ability": "Water Absorb", "evs": {"hp": 85, "atk": 85, "def": 85, "spa": 85, "spd": 85, "spe": 85}, "ivs": {"hp": 31, "atk": 31, "def": 31, "spa": 31, "spd": 31, "spe": 31}, "item": "Assault Vest", "teraType": "Steel", "role": "AV Pivot", "bvs": {"hp": 90, "atk": 95, "def": 95, "spa": 70, "spd": 90, "spe": 70}, "stats": {"hp": 302, "atk": 217, "def": 217, "spa": 173, "spd": 209, "spe": 173}, "types": ["Water", "Fighting"]}, "Pincurchin": {"name": "Pincurchin", "species": "Pincurchin", "speciesId": "pincurchin", "gender": "F", "shiny": false, "level": 100, "moves": ["zingzap", "recover", "curse", "liquidation"], "ability": "Electric Surge", "evs": {"hp": 85, "atk": 85, "def": 85, "spa": 85, "spd": 85, "spe": 85}, "ivs": {"hp": 31, "atk": 31, "def": 31, "spa": 31, "spd": 31, "spe": 31}, "item": "Leftovers", "teraType": "Grass", "role": "Bulky Setup", "bvs": {"hp": 48, "atk": 101, "def": 95, "spa": 91, "spd": 85, "spe": 15}, "stats": {"hp": 258, "atk": 259, "def": 247, "spa": 239, "spd": 227, "spe": 87}, "types": ["Electric"]}, "Phione": {"name": "Phione", "species": "Phione", "speciesId": "phione", "gender": "N", "shiny": false, "level": 91, "moves": ["takeheart", "scald", "sleeptalk", "rest"], "ability": "Hydration", "evs": {"hp": 85, "atk": 0, "def": 85, "spa": 85, "spd": 85, "spe": 85}, "ivs": {"hp": 31, "atk": 0, "def": 31, "spa": 31, "spd": 31, "spe": 31}, "item": "Leftovers", "teraType": "Steel", "role": "Bulky Setup", "bvs": {"hp": 80, "atk": 80, "def": 80, "spa": 80, "spd": 80, "spe": 80}, "stats": {"hp": 293, "atk": 150, "def": 197, "spa": 197, "spd": 197, "spe": 197}, "types": ["Water"]}}]}