{"id": "gen9randombattle-2641633856", "format": "[Gen 9] Random Battle", "players": ["Mikifp", "mayqueen nyannyan"], "log": "|j|\u2606Mikifp\n|j|\u2606mayqueen nyannyan\n|t:|1782822350\n|gametype|singles\n|player|p1|Mikifp|riley|1958\n|player|p2|mayqueen nyannyan|169|1965\n|gen|9\n|tier|[Gen 9] Random Battle\n|rated|\n|rule|Species Clause: Limit one of each Pok\u00e9mon\n|rule|HP Percentage Mod: HP is shown in percentages\n|rule|Sleep Clause Mod: Limit one foe put to sleep\n|rule|Illusion Level Mod: Illusion disguises the Pok\u00e9mon's true level\n|\n|t:|1782822350\n|teamsize|p1|6\n|teamsize|p2|6\n|start\n|switch|p1a: Meowscarada|Meowscarada, L78, F|247/247\n|switch|p2a: Chimecho|Chimecho, L93, F|290/290\n|turn|1\n|inactive|Battle timer is ON: inactive players will automatically lose when time's up. (requested by Mikifp)\n|\n|t:|1782822379\n|switch|p2a: Alomomola|Alomomola, L87, M|429/429\n|move|p1a: Meowscarada|Knock Off|p2a: Alomomola\n|-start|p1a: Meowscarada|typechange|Dark|[from] ability: Protean\n|-damage|p2a: Alomomola|284/429\n|-enditem|p2a: Alomomola|Heavy-Duty Boots|[from] move: Knock Off|[of] p1a: Meowscarada\n|\n|upkeep\n|turn|2\n|\n|t:|1782822392\n|switch|p1a: Luxray|Luxray, L88, M|284/284\n|-ability|p1a: Luxray|Intimidate|boost\n|-unboost|p2a: Alomomola|atk|1\n|move|p2a: Alomomola|Flip Turn|p1a: Luxray\n|-damage|p1a: Luxray|244/284\n|\n|t:|1782822407\n|switch|p2a: Hitmonlee|Hitmonlee, L85, M|224/224|[from] Flip Turn\n|\n|upkeep\n|turn|3\n|\n|t:|1782822411\n|move|p2a: Hitmonlee|Swords Dance|p2a: Hitmonlee\n|-boost|p2a: Hitmonlee|atk|2\n|move|p1a: Luxray|Volt Switch|p2a: Hitmonlee\n|-damage|p2a: Hitmonlee|155/224\n|\n|t:|1782822427\n|switch|p1a: Meowscarada|Meowscarada, L78, F|247/247|[from] Volt Switch\n|\n|upkeep\n|turn|4\n|\n|t:|1782822431\n|move|p1a: Meowscarada|Flower Trick|p2a: Hitmonlee\n|-start|p1a: Meowscarada|typechange|Grass|[from] ability: Protean\n|-crit|p2a: Hitmonlee\n|-damage|p2a: Hitmonlee|0 fnt\n|faint|p2a: Hitmonlee\n|\n|upkeep\n|\n|t:|1782822444\n|switch|p2a: Gothitelle|Gothitelle, L90, M|272/272\n|turn|5\n|\n|t:|1782822447\n|move|p2a: Gothitelle|Psychic|p1a: Meowscarada\n|-damage|p1a: Meowscarada|108/247\n|move|p1a: Meowscarada|Flower Trick|p2a: Gothitelle\n|-crit|p2a: Gothitelle\n|-damage|p2a: Gothitelle|134/272\n|\n|upkeep\n|turn|6\n|\n|t:|1782822449\n|move|p2a: Gothitelle|Psychic|p1a: Meowscarada\n|-damage|p1a: Meowscarada|0 fnt\n|faint|p1a: Meowscarada\n|\n|upkeep\n|\n|t:|1782822452\n|switch|p1a: Luxray|Luxray, L88, M|244/284\n|-ability|p1a: Luxray|Intimidate|boost\n|-unboost|p2a: Gothitelle|atk|1\n|turn|7\n|\n|t:|1782822456\n|move|p2a: Gothitelle|Psychic|p1a: Luxray\n|-crit|p1a: Luxray\n|-damage|p1a: Luxray|129/284\n|move|p1a: Luxray|Volt Switch|p2a: Gothitelle\n|-damage|p2a: Gothitelle|67/272\n|\n|t:|1782822463\n|switch|p1a: Giratina|Giratina-Origin, L72|335/335|[from] Volt Switch\n|\n|upkeep\n|turn|8\n|\n|t:|1782822476\n|switch|p2a: Alomomola|Alomomola, L87, M|427/429\n|move|p1a: Giratina|Poltergeist||[still]\n|-fail|p1a: Giratina\n|\n|upkeep\n|turn|9\n|\n|t:|1782822482\n|move|p2a: Alomomola|Wish|p2a: Alomomola\n|move|p1a: Giratina|Dragon Tail|p2a: Alomomola\n|-damage|p2a: Alomomola|354/429\n|drag|p2a: Gothitelle|Gothitelle, L90, M|67/272\n|\n|upkeep\n|turn|10\n|\n|t:|1782822490\n|move|p2a: Gothitelle|Dark Pulse|p1a: Giratina\n|-supereffective|p1a: Giratina\n|-damage|p1a: Giratina|193/335\n|move|p1a: Giratina|Poltergeist|p2a: Gothitelle\n|-activate|p2a: Gothitelle|move: Poltergeist|Choice Scarf\n|-supereffective|p2a: Gothitelle\n|-damage|p2a: Gothitelle|0 fnt\n|faint|p2a: Gothitelle\n|\n|upkeep\n|\n|t:|1782822497\n|switch|p2a: Toxapex|Toxapex, L82, F|216/216\n|turn|11\n|\n|t:|1782822502\n|switch|p1a: Luxray|Luxray, L88, M|129/284\n|-ability|p1a: Luxray|Intimidate|boost\n|-unboost|p2a: Toxapex|atk|1\n|move|p2a: Toxapex|Toxic|p1a: Luxray\n|-status|p1a: Luxray|tox\n|\n|-damage|p1a: Luxray|112/284 tox|[from] psn\n|upkeep\n|turn|12\n|\n|t:|1782822509\n|move|p1a: Luxray|Volt Switch|p2a: Toxapex\n|-supereffective|p2a: Toxapex\n|-damage|p2a: Toxapex|94/216\n|\n|t:|1782822512\n|switch|p1a: Farigiraf|Farigiraf, L90, F|362/362|[from] Volt Switch\n|move|p2a: Toxapex|Recover|p2a: Toxapex\n|-heal|p2a: Toxapex|202/216\n|\n|-heal|p2a: Toxapex|215/216|[from] item: Leftovers\n|upkeep\n|turn|13\n|\n|t:|1782822515\n|move|p1a: Farigiraf|Psychic Noise|p2a: Toxapex\n|-supereffective|p2a: Toxapex\n|-damage|p2a: Toxapex|81/216\n|-start|p2a: Toxapex|move: Heal Block\n|move|p2a: Toxapex|Toxic|p1a: Farigiraf\n|-status|p1a: Farigiraf|tox\n|\n|-damage|p1a: Farigiraf|340/362 tox|[from] psn\n|upkeep\n|turn|14\n|\n|t:|1782822524\n|switch|p2a: Alomomola|Alomomola, L87, M|429/429\n|move|p1a: Farigiraf|Wish|p1a: Farigiraf\n|\n|-heal|p1a: Farigiraf|362/362 tox|[from] item: Leftovers\n|-damage|p1a: Farigiraf|318/362 tox|[from] psn\n|upkeep\n|turn|15\n|\n|t:|1782822530\n|switch|p1a: Luxray|Luxray, L88, M|112/284 tox\n|-ability|p1a: Luxray|Intimidate|boost\n|-unboost|p2a: Alomomola|atk|1\n|move|p2a: Alomomola|Flip Turn|p1a: Luxray\n|-damage|p1a: Luxray|76/284 tox\n|\n|t:|1782822537\n|switch|p2a: Chimecho|Chimecho, L93, F|290/290|[from] Flip Turn\n|\n|-heal|p1a: Luxray|257/284 tox|[from] move: Wish|[wisher] Farigiraf\n|-damage|p1a: Luxray|240/284 tox|[from] psn\n|upkeep\n|turn|16\n|\n|t:|1782822547\n|move|p2a: Chimecho|Recover||[still]\n|-fail|p2a: Chimecho|heal\n|move|p1a: Luxray|Wild Charge|p2a: Chimecho\n|-damage|p2a: Chimecho|170/290\n|-damage|p1a: Luxray|210/284 tox|[from] Recoil\n|\n|-heal|p2a: Chimecho|188/290|[from] item: Leftovers\n|-damage|p1a: Luxray|176/284 tox|[from] psn\n|upkeep\n|turn|17\n|\n|t:|1782822549\n|move|p2a: Chimecho|Recover|p2a: Chimecho\n|-heal|p2a: Chimecho|290/290\n|move|p1a: Luxray|Volt Switch|p2a: Chimecho\n|-damage|p2a: Chimecho|223/290\n|\n|t:|1782822557\n|switch|p1a: Farigiraf|Farigiraf, L90, F|318/362 tox|[from] Volt Switch\n|\n|-heal|p2a: Chimecho|241/290|[from] item: Leftovers\n|-heal|p1a: Farigiraf|340/362 tox|[from] item: Leftovers\n|-damage|p1a: Farigiraf|318/362 tox|[from] psn\n|upkeep\n|turn|18\n|\n|t:|1782822565\n|switch|p2a: Alomomola|Alomomola, L87, M|429/429\n|move|p1a: Farigiraf|Psychic Noise|p2a: Alomomola\n|-damage|p2a: Alomomola|266/429\n|-start|p2a: Alomomola|move: Heal Block\n|\n|-heal|p1a: Farigiraf|340/362 tox|[from] item: Leftovers\n|-damage|p1a: Farigiraf|296/362 tox|[from] psn\n|upkeep\n|turn|19\n|\n|t:|1782822570\n|move|p2a: Alomomola|Flip Turn|p1a: Farigiraf\n|-damage|p1a: Farigiraf|238/362 tox\n|\n|t:|1782822572\n|switch|p2a: Chimecho|Chimecho, L93, F|241/290|[from] Flip Turn\n|move|p1a: Farigiraf|Body Slam|p2a: Chimecho\n|-damage|p2a: Chimecho|142/290\n|\n|-heal|p2a: Chimecho|160/290|[from] item: Leftovers\n|-heal|p1a: Farigiraf|260/362 tox|[from] item: Leftovers\n|-damage|p1a: Farigiraf|194/362 tox|[from] psn\n|upkeep\n|turn|20\n|\n|t:|1782822575\n|move|p2a: Chimecho|Recover|p2a: Chimecho\n|-heal|p2a: Chimecho|290/290\n|move|p1a: Farigiraf|Wish|p1a: Farigiraf\n|\n|-heal|p1a: Farigiraf|216/362 tox|[from] item: Leftovers\n|-damage|p1a: Farigiraf|128/362 tox|[from] psn\n|upkeep\n|turn|21\n|\n|t:|1782822580\n|switch|p1a: Luxray|Luxray, L88, M|176/284 tox\n|-ability|p1a: Luxray|Intimidate|boost\n|-unboost|p2a: Chimecho|atk|1\n|move|p2a: Chimecho|Psychic Noise|p1a: Luxray\n|-damage|p1a: Luxray|113/284 tox\n|-start|p1a: Luxray|move: Heal Block\n|\n|-damage|p1a: Luxray|96/284 tox|[from] psn\n|upkeep\n|turn|22\n|\n|t:|1782822588\n|move|p2a: Chimecho|Psychic Noise|p1a: Luxray\n|-damage|p1a: Luxray|33/284 tox\n|move|p1a: Luxray|Wild Charge|p2a: Chimecho\n|-damage|p2a: Chimecho|164/290\n|-damage|p1a: Luxray|1/284 tox|[from] Recoil\n|\n|-heal|p2a: Chimecho|182/290|[from] item: Leftovers\n|-damage|p1a: Luxray|0 fnt|[from] psn\n|faint|p1a: Luxray\n|upkeep\n|\n|t:|1782822597\n|switch|p1a: Giratina|Giratina-Origin, L72|193/335\n|turn|23\n|\n|t:|1782822600\n|switch|p2a: Alomomola|Alomomola, L87, M|409/429\n|move|p1a: Giratina|Dragon Tail|p2a: Alomomola\n|-damage|p2a: Alomomola|340/429\n|drag|p2a: Toxapex|Toxapex, L82, F|153/216\n|\n|-heal|p2a: Toxapex|166/216|[from] item: Leftovers\n|upkeep\n|turn|24\n|\n|t:|1782822606\n|switch|p1a: Farigiraf|Farigiraf, L90, F|128/362 tox\n|switch|p2a: Alomomola|Alomomola, L87, M|429/429\n|\n|-heal|p1a: Farigiraf|150/362 tox|[from] item: Leftovers\n|-damage|p1a: Farigiraf|128/362 tox|[from] psn\n|upkeep\n|turn|25\n|\n|t:|1782822610\n|move|p2a: Alomomola|Flip Turn|p1a: Farigiraf\n|-damage|p1a: Farigiraf|68/362 tox\n|\n|t:|1782822611\n|switch|p2a: Chimecho|Chimecho, L93, F|182/290|[from] Flip Turn\n|move|p1a: Farigiraf|Psychic Noise|p2a: Chimecho\n|-resisted|p2a: Chimecho\n|-damage|p2a: Chimecho|140/290\n|-start|p2a: Chimecho|move: Heal Block\n|\n|-heal|p1a: Farigiraf|90/362 tox|[from] item: Leftovers\n|-damage|p1a: Farigiraf|46/362 tox|[from] psn\n|upkeep\n|turn|26\n|\n|t:|1782822614\n|move|p2a: Chimecho|Psychic Noise|p1a: Farigiraf\n|-resisted|p1a: Farigiraf\n|-damage|p1a: Farigiraf|0 fnt\n|faint|p1a: Farigiraf\n|\n|-end|p2a: Chimecho|move: Heal Block\n|upkeep\n|\n|t:|1782822620\n|switch|p1a: Meloetta|Meloetta, L82|298/298\n|turn|27\n|\n|t:|1782822627\n|switch|p2a: Toxapex|Toxapex, L82, F|216/216\n|move|p1a: Meloetta|Calm Mind|p1a: Meloetta\n|-boost|p1a: Meloetta|spa|1\n|-boost|p1a: Meloetta|spd|1\n|\n|upkeep\n|turn|28\n|\n|t:|1782822638\n|-terastallize|p2a: Toxapex|Grass\n|move|p1a: Meloetta|Psyshock|p2a: Toxapex\n|-damage|p2a: Toxapex|110/216\n|move|p2a: Toxapex|Toxic|p1a: Meloetta\n|-status|p1a: Meloetta|tox\n|\n|-heal|p2a: Toxapex|123/216|[from] item: Leftovers\n|-damage|p1a: Meloetta|280/298 tox|[from] psn\n|upkeep\n|turn|29\n|\n|t:|1782822646\n|move|p1a: Meloetta|Hyper Voice|p2a: Toxapex\n|-damage|p2a: Toxapex|12/216\n|move|p2a: Toxapex|Recover|p2a: Toxapex\n|-heal|p2a: Toxapex|120/216\n|\n|-heal|p1a: Meloetta|298/298 tox|[from] item: Leftovers\n|-heal|p2a: Toxapex|133/216|[from] item: Leftovers\n|-damage|p1a: Meloetta|262/298 tox|[from] psn\n|upkeep\n|turn|30\n|\n|t:|1782822650\n|move|p1a: Meloetta|Calm Mind|p1a: Meloetta\n|-boost|p1a: Meloetta|spa|1\n|-boost|p1a: Meloetta|spd|1\n|move|p2a: Toxapex|Recover|p2a: Toxapex\n|-heal|p2a: Toxapex|216/216\n|\n|-heal|p1a: Meloetta|280/298 tox|[from] item: Leftovers\n|-damage|p1a: Meloetta|226/298 tox|[from] psn\n|upkeep\n|turn|31\n|\n|t:|1782822651\n|move|p1a: Meloetta|Hyper Voice|p2a: Toxapex\n|-damage|p2a: Toxapex|62/216\n|move|p2a: Toxapex|Haze|p2a: Toxapex\n|-clearallboost\n|\n|-heal|p1a: Meloetta|244/298 tox|[from] item: Leftovers\n|-heal|p2a: Toxapex|75/216|[from] item: Leftovers\n|-damage|p1a: Meloetta|172/298 tox|[from] psn\n|upkeep\n|turn|32\n|\n|t:|1782822654\n|move|p1a: Meloetta|Hyper Voice|p2a: Toxapex\n|-damage|p2a: Toxapex|0 fnt\n|faint|p2a: Toxapex\n|\n|-heal|p1a: Meloetta|190/298 tox|[from] item: Leftovers\n|-damage|p1a: Meloetta|100/298 tox|[from] psn\n|upkeep\n|\n|t:|1782822656\n|switch|p2a: Alomomola|Alomomola, L87, M|429/429\n|turn|33\n|\n|t:|1782822659\n|move|p2a: Alomomola|Protect|p2a: Alomomola\n|-singleturn|p2a: Alomomola|Protect\n|move|p1a: Meloetta|Hyper Voice|p2a: Alomomola\n|-activate|p2a: Alomomola|move: Protect\n|\n|-heal|p1a: Meloetta|118/298 tox|[from] item: Leftovers\n|-damage|p1a: Meloetta|10/298 tox|[from] psn\n|upkeep\n|turn|34\n|\n|t:|1782822664\n|move|p1a: Meloetta|Hyper Voice|p2a: Alomomola\n|-damage|p2a: Alomomola|257/429\n|move|p2a: Alomomola|Wish|p2a: Alomomola\n|\n|-heal|p1a: Meloetta|28/298 tox|[from] item: Leftovers\n|-damage|p1a: Meloetta|0 fnt|[from] psn\n|faint|p1a: Meloetta\n|upkeep\n|\n|t:|1782822670\n|switch|p1a: Dragonite|Dragonite, L74, F|257/257\n|turn|35\n|\n|t:|1782822674\n|move|p2a: Alomomola|Flip Turn|p1a: Dragonite\n|-resisted|p1a: Dragonite\n|-damage|p1a: Dragonite|241/257\n|\n|t:|1782822675\n|switch|p2a: Toucannon|Toucannon, L88, F|284/284|[from] Flip Turn\n|move|p1a: Dragonite|Dragon Dance|p1a: Dragonite\n|-boost|p1a: Dragonite|atk|1\n|-boost|p1a: Dragonite|spe|1\n|\n|upkeep\n|turn|36\n|\n|t:|1782822686\n|-terastallize|p1a: Dragonite|Flying\n|-singleturn|p2a: Toucannon|move: Beak Blast\n|move|p1a: Dragonite|Tera Blast|p2a: Toucannon|[anim] Tera Blast Flying\n|-damage|p2a: Toucannon|102/284\n|move|p2a: Toucannon|Beak Blast|p1a: Dragonite\n|-damage|p1a: Dragonite|96/257\n|\n|upkeep\n|turn|37\n|\n|t:|1782822693\n|switch|p2a: Alomomola|Alomomola, L87, M|400/429\n|move|p1a: Dragonite|Tera Blast|p2a: Alomomola|[anim] Tera Blast Flying\n|-damage|p2a: Alomomola|238/429\n|\n|upkeep\n|turn|38\n|\n|t:|1782822701\n|move|p1a: Dragonite|Tera Blast|p2a: Alomomola|[anim] Tera Blast Flying\n|-damage|p2a: Alomomola|74/429\n|move|p2a: Alomomola|Flip Turn|p1a: Dragonite\n|-damage|p1a: Dragonite|30/257\n|\n|t:|1782822704\n|switch|p2a: Toucannon|Toucannon, L88, F|102/284|[from] Flip Turn\n|\n|upkeep\n|turn|39\n|\n|t:|1782822710\n|-singleturn|p2a: Toucannon|move: Beak Blast\n|move|p1a: Dragonite|Tera Blast|p2a: Toucannon|[anim] Tera Blast Flying\n|-damage|p2a: Toucannon|0 fnt\n|faint|p2a: Toucannon\n|\n|upkeep\n|\n|t:|1782822711\n|switch|p2a: Alomomola|Alomomola, L87, M|217/429\n|turn|40\n|\n|t:|1782822715\n|move|p1a: Dragonite|Tera Blast|p2a: Alomomola|[anim] Tera Blast Flying\n|-damage|p2a: Alomomola|33/429\n|move|p2a: Alomomola|Flip Turn|p1a: Dragonite\n|-damage|p1a: Dragonite|0 fnt\n|faint|p1a: Dragonite\n|\n|t:|1782822718\n|switch|p2a: Chimecho|Chimecho, L93, F|140/290|[from] Flip Turn\n|\n|-heal|p2a: Chimecho|158/290|[from] item: Leftovers\n|upkeep\n|\n|t:|1782822719\n|switch|p1a: Giratina|Giratina-Origin, L72|193/335\n|turn|41\n|\n|t:|1782822722\n|switch|p2a: Alomomola|Alomomola, L87, M|176/429\n|move|p1a: Giratina|Poltergeist||[still]\n|-fail|p1a: Giratina\n|\n|upkeep\n|turn|42\n|\n|t:|1782822725\n|switch|p2a: Chimecho|Chimecho, L93, F|158/290\n|move|p1a: Giratina|Draco Meteor|p2a: Chimecho\n|-damage|p2a: Chimecho|26/290\n|-unboost|p1a: Giratina|spa|2\n|\n|-heal|p2a: Chimecho|44/290|[from] item: Leftovers\n|upkeep\n|turn|43\n|\n|t:|1782822730\n|switch|p2a: Alomomola|Alomomola, L87, M|319/429\n|move|p1a: Giratina|Poltergeist||[still]\n|-fail|p1a: Giratina\n|\n|upkeep\n|turn|44\n|\n|t:|1782822736\n|move|p2a: Alomomola|Protect|p2a: Alomomola\n|-singleturn|p2a: Alomomola|Protect\n|move|p1a: Giratina|Dragon Tail|p2a: Alomomola\n|-activate|p2a: Alomomola|move: Protect\n|\n|upkeep\n|turn|45\n|\n|t:|1782822740\n|move|p2a: Alomomola|Scald|p1a: Giratina\n|-resisted|p1a: Giratina\n|-damage|p1a: Giratina|169/335\n|move|p1a: Giratina|Dragon Tail|p2a: Alomomola\n|-damage|p2a: Alomomola|249/429\n|drag|p2a: Chimecho|Chimecho, L93, F|44/290\n|\n|-heal|p2a: Chimecho|62/290|[from] item: Leftovers\n|upkeep\n|turn|46\n|\n|t:|1782822746\n|switch|p2a: Alomomola|Alomomola, L87, M|392/429\n|move|p1a: Giratina|Dragon Tail|p2a: Alomomola\n|-damage|p2a: Alomomola|326/429\n|drag|p2a: Chimecho|Chimecho, L93, F|62/290\n|\n|-heal|p2a: Chimecho|80/290|[from] item: Leftovers\n|upkeep\n|turn|47\n|\n|t:|1782822750\n|switch|p2a: Alomomola|Alomomola, L87, M|429/429\n|move|p1a: Giratina|Dragon Tail|p2a: Alomomola\n|-damage|p2a: Alomomola|356/429\n|drag|p2a: Chimecho|Chimecho, L93, F|80/290\n|\n|-heal|p2a: Chimecho|98/290|[from] item: Leftovers\n|upkeep\n|turn|48\n|\n|t:|1782822753\n|switch|p2a: Alomomola|Alomomola, L87, M|429/429\n|move|p1a: Giratina|Dragon Tail|p2a: Alomomola\n|-crit|p2a: Alomomola\n|-damage|p2a: Alomomola|327/429\n|drag|p2a: Chimecho|Chimecho, L93, F|98/290\n|\n|-heal|p2a: Chimecho|116/290|[from] item: Leftovers\n|upkeep\n|turn|49\n|\n|t:|1782822755\n|switch|p2a: Alomomola|Alomomola, L87, M|429/429\n|move|p1a: Giratina|Dragon Tail|p2a: Alomomola\n|-damage|p2a: Alomomola|357/429\n|drag|p2a: Chimecho|Chimecho, L93, F|116/290\n|\n|-heal|p2a: Chimecho|134/290|[from] item: Leftovers\n|upkeep\n|turn|50\n|\n|t:|1782822756\n|switch|p2a: Alomomola|Alomomola, L87, M|429/429\n|move|p1a: Giratina|Dragon Tail|p2a: Alomomola\n|-damage|p2a: Alomomola|353/429\n|drag|p2a: Chimecho|Chimecho, L93, F|134/290\n|\n|-heal|p2a: Chimecho|152/290|[from] item: Leftovers\n|upkeep\n|turn|51\n|\n|t:|1782822759\n|switch|p2a: Alomomola|Alomomola, L87, M|429/429\n|move|p1a: Giratina|Dragon Tail|p2a: Alomomola\n|-damage|p2a: Alomomola|365/429\n|drag|p2a: Chimecho|Chimecho, L93, F|152/290\n|\n|-heal|p2a: Chimecho|170/290|[from] item: Leftovers\n|upkeep\n|turn|52\n|\n|t:|1782822761\n|switch|p2a: Alomomola|Alomomola, L87, M|429/429\n|move|p1a: Giratina|Dragon Tail|p2a: Alomomola\n|-damage|p2a: Alomomola|362/429\n|drag|p2a: Chimecho|Chimecho, L93, F|170/290\n|\n|-heal|p2a: Chimecho|188/290|[from] item: Leftovers\n|upkeep\n|turn|53\n|\n|t:|1782822763\n|switch|p2a: Alomomola|Alomomola, L87, M|429/429\n|move|p1a: Giratina|Dragon Tail|p2a: Alomomola\n|-damage|p2a: Alomomola|363/429\n|drag|p2a: Chimecho|Chimecho, L93, F|188/290\n|\n|-heal|p2a: Chimecho|206/290|[from] item: Leftovers\n|upkeep\n|turn|54\n|\n|t:|1782822765\n|switch|p2a: Alomomola|Alomomola, L87, M|429/429\n|move|p1a: Giratina|Dragon Tail|p2a: Alomomola\n|-damage|p2a: Alomomola|359/429\n|drag|p2a: Chimecho|Chimecho, L93, F|206/290\n|\n|-heal|p2a: Chimecho|224/290|[from] item: Leftovers\n|upkeep\n|turn|55\n|c|\u2606mayqueen nyannyan|Lmao\n|c|\u2606mayqueen nyannyan|Wtf are you doing\n|\n|t:|1782822777\n|switch|p2a: Alomomola|Alomomola, L87, M|429/429\n|move|p1a: Giratina|Poltergeist||[still]\n|-fail|p1a: Giratina\n|\n|upkeep\n|turn|56\n|\n|t:|1782822780\n|move|p1a: Giratina|Defog|p2a: Alomomola\n|-unboost|p2a: Alomomola|evasion|1\n|move|p2a: Alomomola|Wish|p2a: Alomomola\n|\n|upkeep\n|turn|57\n|\n|t:|1782822789\n|move|p1a: Giratina|Draco Meteor|p2a: Alomomola\n|-damage|p2a: Alomomola|317/429\n|-unboost|p1a: Giratina|spa|2\n|move|p2a: Alomomola|Scald|p1a: Giratina\n|-resisted|p1a: Giratina\n|-damage|p1a: Giratina|142/335\n|\n|-heal|p2a: Alomomola|429/429|[from] move: Wish|[wisher] Alomomola\n|upkeep\n|turn|58\n|-message|Mikifp forfeited.\n|\n|win|mayqueen nyannyan\n", "inputlog": ">version f8ac14003a5f27e1bdc8d8c59608a773c1cb96e5\n>start {\"formatid\":\"gen9randombattle\",\"seed\":\"sodium,a1dde1b3b3dd1b823cd4f6bde9fa6a01\",\"rated\":\"Rated battle\"}\n>player p1 {\"name\":\"Mikifp\",\"avatar\":\"riley\",\"rating\":1958,\"seed\":\"sodium,e15b4eb35645d7c74fec1fc131e6a907\"}\n>player p2 {\"name\":\"mayqueen nyannyan\",\"avatar\":\"169\",\"rating\":1965,\"seed\":\"sodium,da60e40d9db5a94f7007c4e4174c0a99\"}\n>p1 move knockoff\n>p2 switch 2\n>p1 switch 5\n>p2 move flipturn\n>p2 switch 4\n>p1 move voltswitch\n>p2 move swordsdance\n>p1 switch 5\n>p1 move flowertrick\n>p2 move closecombat\n>p2 switch 5\n>p1 move flowertrick\n>p2 move psychic\n>p1 move flowertrick\n>p2 move psychic\n>p1 switch 5\n>p1 move voltswitch\n>p2 move psychic\n>p1 switch 3\n>p1 move poltergeist\n>p2 switch 4\n>p1 move dragontail\n>p2 move wish\n>p1 move poltergeist\n>p2 move darkpulse\n>p2 switch 6\n>p1 switch 3\n>p2 move toxic\n>p1 move voltswitch\n>p2 move recover\n>p1 switch 2\n>p1 move psychicnoise\n>p2 move toxic\n>p1 move wish\n>p2 switch 4\n>p1 switch 2\n>p2 move flipturn\n>p2 switch 2\n>p1 move wildcharge\n>p2 move recover\n>p1 move voltswitch\n>p2 move recover\n>p1 switch 2\n>p1 move psychicnoise\n>p2 switch 2\n>p1 move bodyslam\n>p2 move flipturn\n>p2 switch 2\n>p1 move wish\n>p2 move recover\n>p1 switch 2\n>p2 move psychicnoise\n>p1 move wildcharge\n>p2 move psychicnoise\n>p1 switch 3\n>p1 move dragontail\n>p2 switch 2\n>p1 switch 2\n>p2 switch 4\n>p1 move psychicnoise\n>p2 move flipturn\n>p2 switch 2\n>p1 move wish\n>p2 move psychicnoise\n>p1 switch 6\n>p1 move calmmind\n>p2 switch 4\n>p1 move psyshock\n>p2 move toxic terastallize\n>p1 move hypervoice\n>p2 move recover\n>p1 move calmmind\n>p2 move recover\n>p1 move hypervoice\n>p2 move haze\n>p1 move hypervoice\n>p2 move recover\n>p2 switch 2\n>p1 move hypervoice\n>p2 move protect\n>p1 move hypervoice\n>p2 move wish\n>p1 switch 4\n>p1 move dragondance\n>p2 move flipturn\n>p2 switch 3\n>p1 move terablast terastallize\n>p2 move beakblast\n>p1 move terablast\n>p2 switch 3\n>p1 move terablast\n>p2 move flipturn\n>p2 switch 3\n>p1 move terablast\n>p2 move beakblast\n>p2 switch 3\n>p1 move terablast\n>p2 move flipturn\n>p2 switch 4\n>p1 switch 2\n>p1 move poltergeist\n>p2 switch 4\n>p1 move dracometeor\n>p2 switch 4\n>p1 move poltergeist\n>p2 switch 4\n>p1 move dragontail\n>p2 move protect\n>p1 move dragontail\n>p2 move scald\n>p1 move dragontail\n>p2 switch 4\n>p1 move dragontail\n>p2 switch 4\n>p1 move dragontail\n>p2 switch 4\n>p1 move dragontail\n>p2 switch 4\n>p1 move dragontail\n>p2 switch 4\n>p1 move dragontail\n>p2 switch 4\n>p1 move dragontail\n>p2 switch 4\n>p1 move dragontail\n>p2 switch 4\n>p1 move dragontail\n>p2 switch 4\n>chat \u2606mayqueen nyannyan|Lmao\n>chat \u2606mayqueen nyannyan|Wtf are you doing\n>p1 move poltergeist\n>p2 switch 4\n>p1 move defog\n>p2 move wish\n>p1 move dracometeor\n>p2 move scald\n>forcelose p1", "uploadtime": 1782822353, "views": 5, "formatid": "gen9randombattle", "rating": null, "private": 0, "password": null, "player_dets": [{"name": "Mikifp", "avatar": "riley", "rating": 1958, "seed": "sodium,e15b4eb35645d7c74fec1fc131e6a907"}, {"name": "mayqueen nyannyan", "avatar": "169", "rating": 1965, "seed": "sodium,da60e40d9db5a94f7007c4e4174c0a99"}], "teams_full": [{"Meowscarada": {"name": "Meowscarada", "species": "Meowscarada", "speciesId": "meowscarada", "gender": "F", "shiny": false, "level": 78, "moves": ["knockoff", "tripleaxel", "uturn", "flowertrick"], "ability": "Protean", "evs": {"hp": 85, "atk": 85, "def": 85, "spa": 85, "spd": 85, "spe": 85}, "ivs": {"hp": 31, "atk": 31, "def": 31, "spa": 31, "spd": 31, "spe": 31}, "item": "Choice Band", "teraType": "Dark", "role": "Fast Support", "bvs": {"hp": 76, "atk": 110, "def": 70, "spa": 81, "spd": 70, "spe": 123}, "stats": {"hp": 247, "atk": 217, "def": 154, "spa": 171, "spd": 154, "spe": 237}, "types": ["Grass", "Dark"]}, "Farigiraf": {"name": "Farigiraf", "species": "Farigiraf", "speciesId": "farigiraf", "gender": "F", "shiny": false, "level": 90, "moves": ["protect", "wish", "psychicnoise", "bodyslam"], "ability": "Sap Sipper", "evs": {"hp": 85, "atk": 85, "def": 85, "spa": 85, "spd": 85, "spe": 85}, "ivs": {"hp": 31, "atk": 31, "def": 31, "spa": 31, "spd": 31, "spe": 31}, "item": "Leftovers", "teraType": "Water", "role": "Bulky Support", "bvs": {"hp": 120, "atk": 90, "def": 70, "spa": 110, "spd": 70, "spe": 60}, "stats": {"hp": 362, "atk": 213, "def": 177, "spa": 249, "spd": 177, "spe": 159}, "types": ["Normal", "Psychic"]}, "Giratina": {"name": "Giratina", "species": "Giratina-Origin", "speciesId": "giratinaorigin", "gender": "N", "shiny": false, "level": 72, "moves": ["poltergeist", "defog", "dragontail", "dracometeor"], "ability": "Levitate", "evs": {"hp": 85, "atk": 85, "def": 85, "spa": 85, "spd": 85, "spe": 85}, "ivs": {"hp": 31, "atk": 31, "def": 31, "spa": 31, "spd": 31, "spe": 31}, "item": "Griseous Core", "teraType": "Dragon", "role": "Fast Attacker", "bvs": {"hp": 150, "atk": 120, "def": 100, "spa": 120, "spd": 100, "spe": 90}, "stats": {"hp": 335, "atk": 215, "def": 186, "spa": 215, "spd": 186, "spe": 172}, "types": ["Ghost", "Dragon"]}, "Dragonite": {"name": "Dragonite", "species": "Dragonite", "speciesId": "dragonite", "gender": "F", "shiny": false, "level": 74, "moves": ["outrage", "earthquake", "terablast", "dragondance"], "ability": "Multiscale", "evs": {"hp": 85, "atk": 85, "def": 85, "spa": 85, "spd": 85, "spe": 85}, "ivs": {"hp": 31, "atk": 31, "def": 31, "spa": 31, "spd": 31, "spe": 31}, "item": "Heavy-Duty Boots", "teraType": "Flying", "role": "Tera Blast user", "bvs": {"hp": 91, "atk": 134, "def": 95, "spa": 100, "spd": 100, "spe": 80}, "stats": {"hp": 257, "atk": 241, "def": 184, "spa": 191, "spd": 191, "spe": 161}, "types": ["Dragon", "Flying"]}, "Luxray": {"name": "Luxray", "species": "Luxray", "speciesId": "luxray", "gender": "M", "shiny": false, "level": 88, "moves": ["wildcharge", "voltswitch", "playrough", "icefang"], "ability": "Intimidate", "evs": {"hp": 85, "atk": 85, "def": 85, "spa": 85, "spd": 85, "spe": 85}, "ivs": {"hp": 31, "atk": 31, "def": 31, "spa": 31, "spd": 31, "spe": 31}, "item": "Assault Vest", "teraType": "Fairy", "role": "AV Pivot", "bvs": {"hp": 80, "atk": 120, "def": 79, "spa": 95, "spd": 79, "spe": 70}, "stats": {"hp": 284, "atk": 261, "def": 189, "spa": 217, "spd": 189, "spe": 173}, "types": ["Electric"]}, "Meloetta": {"name": "Meloetta", "species": "Meloetta", "speciesId": "meloetta", "gender": "N", "shiny": false, "level": 82, "moves": ["hypervoice", "psyshock", "calmmind", "focusblast"], "ability": "Serene Grace", "evs": {"hp": 85, "atk": 0, "def": 85, "spa": 85, "spd": 85, "spe": 85}, "ivs": {"hp": 31, "atk": 0, "def": 31, "spa": 31, "spd": 31, "spe": 31}, "item": "Leftovers", "teraType": "Normal", "role": "Bulky Attacker", "bvs": {"hp": 100, "atk": 77, "def": 77, "spa": 128, "spd": 128, "spe": 90}, "stats": {"hp": 298, "atk": 131, "def": 173, "spa": 257, "spd": 257, "spe": 195}, "types": ["Normal", "Psychic"]}}, {"Chimecho": {"name": "Chimecho", "species": "Chimecho", "speciesId": "chimecho", "gender": "F", "shiny": false, "level": 93, "moves": ["recover", "psychicnoise", "dazzlinggleam", "calmmind"], "ability": "Levitate", "evs": {"hp": 85, "atk": 0, "def": 85, "spa": 85, "spd": 85, "spe": 85}, "ivs": {"hp": 31, "atk": 0, "def": 31, "spa": 31, "spd": 31, "spe": 31}, "item": "Leftovers", "teraType": "Fairy", "role": "Bulky Setup", "bvs": {"hp": 75, "atk": 50, "def": 80, "spa": 95, "spd": 90, "spe": 65}, "stats": {"hp": 290, "atk": 98, "def": 202, "spa": 230, "spd": 220, "spe": 174}, "types": ["Psychic"]}, "Alomomola": {"name": "Alomomola", "species": "Alomomola", "speciesId": "alomomola", "gender": "M", "shiny": false, "level": 87, "moves": ["scald", "flipturn", "protect", "wish"], "ability": "Regenerator", "evs": {"hp": 85, "atk": 85, "def": 85, "spa": 85, "spd": 85, "spe": 85}, "ivs": {"hp": 31, "atk": 31, "def": 31, "spa": 31, "spd": 31, "spe": 31}, "item": "Heavy-Duty Boots", "teraType": "Steel", "role": "Fast Support", "bvs": {"hp": 165, "atk": 75, "def": 80, "spa": 40, "spd": 45, "spe": 65}, "stats": {"hp": 429, "atk": 180, "def": 189, "spa": 119, "spd": 128, "spe": 163}, "types": ["Water"]}, "Toucannon": {"name": "Toucannon", "species": "Toucannon", "speciesId": "toucannon", "gender": "F", "shiny": false, "level": 88, "moves": ["boomburst", "beakblast", "roost", "uturn"], "ability": "Keen Eye", "evs": {"hp": 85, "atk": 85, "def": 85, "spa": 85, "spd": 85, "spe": 85}, "ivs": {"hp": 31, "atk": 31, "def": 31, "spa": 31, "spd": 31, "spe": 31}, "item": "Heavy-Duty Boots", "teraType": "Steel", "role": "Bulky Support", "bvs": {"hp": 80, "atk": 120, "def": 75, "spa": 75, "spd": 75, "spe": 60}, "stats": {"hp": 284, "atk": 261, "def": 182, "spa": 182, "spd": 182, "spe": 156}, "types": ["Normal", "Flying"]}, "Hitmonlee": {"name": "Hitmonlee", "species": "Hitmonlee", "speciesId": "hitmonlee", "gender": "M", "shiny": false, "level": 85, "moves": ["knockoff", "stoneedge", "swordsdance", "closecombat"], "ability": "Unburden", "evs": {"hp": 85, "atk": 85, "def": 85, "spa": 85, "spd": 85, "spe": 85}, "ivs": {"hp": 31, "atk": 31, "def": 31, "spa": 31, "spd": 31, "spe": 31}, "item": "White Herb", "teraType": "Dark", "role": "Setup Sweeper", "bvs": {"hp": 50, "atk": 120, "def": 53, "spa": 35, "spd": 110, "spe": 87}, "stats": {"hp": 224, "atk": 253, "def": 139, "spa": 108, "spd": 236, "spe": 197}, "types": ["Fighting"]}, "Gothitelle": {"name": "Gothitelle", "species": "Gothitelle", "speciesId": "gothitelle", "gender": "M", "shiny": false, "level": 90, "moves": ["trick", "focusblast", "darkpulse", "psychic"], "ability": "Shadow Tag", "evs": {"hp": 85, "atk": 0, "def": 85, "spa": 85, "spd": 85, "spe": 85}, "ivs": {"hp": 31, "atk": 0, "def": 31, "spa": 31, "spd": 31, "spe": 31}, "item": "Choice Scarf", "teraType": "Fighting", "role": "Fast Attacker", "bvs": {"hp": 70, "atk": 55, "def": 95, "spa": 95, "spd": 110, "spe": 65}, "stats": {"hp": 272, "atk": 104, "def": 222, "spa": 222, "spd": 249, "spe": 168}, "types": ["Psychic"]}, "Toxapex": {"name": "Toxapex", "species": "Toxapex", "speciesId": "toxapex", "gender": "F", "shiny": false, "level": 82, "moves": ["toxic", "liquidation", "recover", "haze"], "ability": "Regenerator", "evs": {"hp": 85, "atk": 85, "def": 85, "spa": 85, "spd": 85, "spe": 85}, "ivs": {"hp": 31, "atk": 31, "def": 31, "spa": 31, "spd": 31, "spe": 31}, "item": "Leftovers", "teraType": "Grass", "role": "Bulky Support", "bvs": {"hp": 50, "atk": 63, "def": 152, "spa": 53, "spd": 142, "spe": 35}, "stats": {"hp": 216, "atk": 150, "def": 296, "spa": 134, "spd": 280, "spe": 105}, "types": ["Poison", "Water"]}}]}