{"id": "gen9randombattle-2641441104", "format": "[Gen 9] Random Battle", "players": ["guatire", "foorks"], "log": "|j|\u2606guatire\n|j|\u2606foorks\n|t:|1782785225\n|gametype|singles\n|player|p1|guatire|102|\n|player|p2|foorks|cynthia-gen4|\n|gen|9\n|tier|[Gen 9] Random Battle\n|rule|Species Clause: Limit one of each Pok\u00e9mon\n|rule|HP Percentage Mod: HP is shown in percentages\n|rule|Sleep Clause Mod: Limit one foe put to sleep\n|rule|Illusion Level Mod: Illusion disguises the Pok\u00e9mon's true level\n|\n|t:|1782785225\n|teamsize|p1|6\n|teamsize|p2|6\n|start\n|switch|p1a: Coalossal|Coalossal, L89, M|341/341\n|switch|p2a: Torterra|Torterra, L78, M|276/276\n|turn|1\n|inactive|Battle timer is ON: inactive players will automatically lose when time's up. (requested by guatire)\n|inactive|guatire has 270 seconds left.\n|inactive|foorks has 270 seconds left.\n|j| mumof\n|\n|t:|1782785266\n|switch|p2a: Donphan|Donphan, L84, M|288/288\n|switch|p1a: Rotom|Rotom, L88|231/231\n|\n|upkeep\n|turn|2\n|c|\u2606foorks|we dont use terra right?\n|c|\u2606guatire|yea no tera\n|inactive|guatire has 270 seconds left.\n|inactive|foorks has 270 seconds left.\n|\n|t:|1782785313\n|switch|p1a: Wigglytuff|Wigglytuff, L96, M|424/424\n|switch|p2a: Toxapex|Toxapex, L82, M|216/216\n|\n|upkeep\n|turn|3\n|\n|t:|1782785323\n|switch|p1a: Gengar|Gengar, L81, M|230/230\n|move|p2a: Toxapex|Toxic|p1a: Gengar\n|-immune|p1a: Gengar\n|\n|upkeep\n|turn|4\n|\n|t:|1782785332\n|move|p1a: Gengar|Will-O-Wisp|p2a: Toxapex\n|-status|p2a: Toxapex|brn\n|move|p2a: Toxapex|Liquidation|p1a: Gengar\n|-damage|p1a: Gengar|184/230\n|-start|p2a: Toxapex|Disable|Liquidation|[from] ability: Cursed Body|[of] p1a: Gengar\n|\n|-damage|p2a: Toxapex|203/216 brn|[from] brn\n|upkeep\n|turn|5\n|inactive|foorks has 270 seconds left.\n|\n|t:|1782785352\n|switch|p2a: Blissey|Blissey, L85, F|572/572\n|move|p1a: Gengar|Shadow Ball|p2a: Blissey\n|-immune|p2a: Blissey\n|\n|upkeep\n|turn|6\n|c|\u2606guatire|really\n|\n|t:|1782785371\n|switch|p1a: Rotom|Rotom, L88|231/231\n|switch|p2a: Toxapex|Toxapex, L82, M|216/216 brn\n|\n|-damage|p2a: Toxapex|203/216 brn|[from] brn\n|upkeep\n|turn|7\n|\n|t:|1782785384\n|move|p1a: Rotom|Trick|p2a: Toxapex\n|-activate|p1a: Rotom|move: Trick|[of] p2a: Toxapex\n|-item|p2a: Toxapex|Choice Scarf|[from] move: Trick\n|-item|p1a: Rotom|Leftovers|[from] move: Trick\n|move|p2a: Toxapex|Toxic|p1a: Rotom\n|-status|p1a: Rotom|tox\n|\n|-damage|p1a: Rotom|217/231 tox|[from] psn\n|-damage|p2a: Toxapex|190/216 brn|[from] brn\n|upkeep\n|turn|8\n|\n|t:|1782785402\n|switch|p2a: Blissey|Blissey, L85, F|572/572\n|move|p1a: Rotom|Volt Switch|p2a: Blissey\n|-damage|p2a: Blissey|511/572\n|\n|t:|1782785406\n|switch|p1a: Coalossal|Coalossal, L89, M|341/341|[from] Volt Switch\n|\n|-heal|p2a: Blissey|546/572|[from] item: Leftovers\n|upkeep\n|turn|9\n|\n|t:|1782785421\n|switch|p2a: Donphan|Donphan, L84, M|288/288\n|move|p1a: Coalossal|Stealth Rock|p2a: Donphan\n|-sidestart|p2: foorks|move: Stealth Rock\n|\n|upkeep\n|turn|10\n|\n|t:|1782785442\n|move|p2a: Donphan|Earthquake|p1a: Coalossal\n|-supereffective|p1a: Coalossal\n|-damage|p1a: Coalossal|0 fnt\n|faint|p1a: Coalossal\n|\n|upkeep\n|\n|t:|1782785444\n|switch|p1a: Suicune|Suicune, L82|298/298\n|-ability|p1a: Suicune|Pressure\n|turn|11\n|inactive|foorks has 240 seconds left.\n|\n|t:|1782785470\n|switch|p2a: Toxapex|Toxapex, L82, M|216/216 brn\n|-damage|p2a: Toxapex|189/216 brn|[from] Stealth Rock\n|move|p1a: Suicune|Calm Mind|p1a: Suicune\n|-boost|p1a: Suicune|spa|1\n|-boost|p1a: Suicune|spd|1\n|\n|-damage|p2a: Toxapex|176/216 brn|[from] brn\n|upkeep\n|turn|12\n|inactive|foorks has 240 seconds left.\n|\n|t:|1782785482\n|move|p1a: Suicune|Substitute|p1a: Suicune\n|-start|p1a: Suicune|Substitute\n|-damage|p1a: Suicune|224/298\n|move|p2a: Toxapex|Toxic||[still]\n|-fail|p2a: Toxapex\n|\n|-heal|p1a: Suicune|242/298|[from] item: Leftovers\n|-damage|p2a: Toxapex|163/216 brn|[from] brn\n|upkeep\n|turn|13\n|\n|t:|1782785489\n|switch|p2a: Blissey|Blissey, L85, F|546/572\n|-damage|p2a: Blissey|475/572|[from] Stealth Rock\n|move|p1a: Suicune|Calm Mind|p1a: Suicune\n|-boost|p1a: Suicune|spa|1\n|-boost|p1a: Suicune|spd|1\n|\n|-heal|p1a: Suicune|260/298|[from] item: Leftovers\n|-heal|p2a: Blissey|510/572|[from] item: Leftovers\n|upkeep\n|turn|14\n|inactive|foorks has 240 seconds left.\n|\n|t:|1782785507\n|switch|p2a: Toxapex|Toxapex, L82, M|216/216 brn\n|-damage|p2a: Toxapex|189/216 brn|[from] Stealth Rock\n|move|p1a: Suicune|Scald|p2a: Toxapex\n|-resisted|p2a: Toxapex\n|-damage|p2a: Toxapex|134/216 brn\n|\n|-heal|p1a: Suicune|278/298|[from] item: Leftovers\n|-damage|p2a: Toxapex|121/216 brn|[from] brn\n|upkeep\n|turn|15\n|\n|t:|1782785517\n|move|p1a: Suicune|Scald|p2a: Toxapex\n|-resisted|p2a: Toxapex\n|-damage|p2a: Toxapex|64/216 brn\n|move|p2a: Toxapex|Haze|p2a: Toxapex\n|-clearallboost\n|\n|-heal|p1a: Suicune|296/298|[from] item: Leftovers\n|-damage|p2a: Toxapex|51/216 brn|[from] brn\n|upkeep\n|turn|16\n|inactive|foorks has 240 seconds left.\n|\n|t:|1782785536\n|switch|p2a: Blissey|Blissey, L85, F|510/572\n|-damage|p2a: Blissey|439/572|[from] Stealth Rock\n|move|p1a: Suicune|Calm Mind|p1a: Suicune\n|-boost|p1a: Suicune|spa|1\n|-boost|p1a: Suicune|spd|1\n|\n|-heal|p1a: Suicune|298/298|[from] item: Leftovers\n|-heal|p2a: Blissey|474/572|[from] item: Leftovers\n|upkeep\n|turn|17\n|inactive|foorks has 240 seconds left.\n|\n|t:|1782785555\n|move|p1a: Suicune|Calm Mind|p1a: Suicune\n|-boost|p1a: Suicune|spa|1\n|-boost|p1a: Suicune|spd|1\n|move|p2a: Blissey|Seismic Toss|p1a: Suicune\n|-end|p1a: Suicune|Substitute\n|\n|-heal|p2a: Blissey|509/572|[from] item: Leftovers\n|upkeep\n|turn|18\n|inactive|foorks has 240 seconds left.\n|\n|t:|1782785572\n|move|p1a: Suicune|Scald|p2a: Blissey\n|-damage|p2a: Blissey|404/572\n|move|p2a: Blissey|Seismic Toss|p1a: Suicune\n|-damage|p1a: Suicune|213/298\n|\n|-heal|p1a: Suicune|231/298|[from] item: Leftovers\n|-heal|p2a: Blissey|439/572|[from] item: Leftovers\n|upkeep\n|turn|19\n|\n|t:|1782785582\n|move|p1a: Suicune|Protect|p1a: Suicune\n|-singleturn|p1a: Suicune|Protect\n|move|p2a: Blissey|Seismic Toss|p1a: Suicune\n|-activate|p1a: Suicune|move: Protect\n|\n|-heal|p1a: Suicune|249/298|[from] item: Leftovers\n|-heal|p2a: Blissey|474/572|[from] item: Leftovers\n|upkeep\n|turn|20\n|\n|t:|1782785591\n|move|p1a: Suicune|Scald|p2a: Blissey\n|-damage|p2a: Blissey|363/572\n|move|p2a: Blissey|Thunder Wave|p1a: Suicune\n|-status|p1a: Suicune|par\n|\n|-heal|p2a: Blissey|398/572|[from] item: Leftovers\n|-heal|p1a: Suicune|267/298 par|[from] item: Leftovers\n|upkeep\n|turn|21\n|inactive|foorks has 240 seconds left.\n|\n|t:|1782785608\n|switch|p2a: Toxapex|Toxapex, L82, M|123/216 brn\n|-damage|p2a: Toxapex|96/216 brn|[from] Stealth Rock\n|move|p1a: Suicune|Protect||[still]\n|-fail|p1a: Suicune\n|\n|-heal|p1a: Suicune|285/298 par|[from] item: Leftovers\n|-damage|p2a: Toxapex|83/216 brn|[from] brn\n|upkeep\n|turn|22\n|inactive|foorks has 240 seconds left.\n|\n|t:|1782785619\n|move|p2a: Toxapex|Recover|p2a: Toxapex\n|-heal|p2a: Toxapex|191/216 brn\n|move|p1a: Suicune|Scald|p2a: Toxapex\n|-resisted|p2a: Toxapex\n|-damage|p2a: Toxapex|137/216 brn\n|\n|-heal|p1a: Suicune|298/298 par|[from] item: Leftovers\n|-damage|p2a: Toxapex|124/216 brn|[from] brn\n|upkeep\n|turn|23\n|inactive|foorks has 240 seconds left.\n|\n|t:|1782785642\n|move|p2a: Toxapex|Recover|p2a: Toxapex\n|-heal|p2a: Toxapex|216/216 brn\n|move|p1a: Suicune|Substitute|p1a: Suicune\n|-start|p1a: Suicune|Substitute\n|-damage|p1a: Suicune|224/298 par\n|\n|-heal|p1a: Suicune|242/298 par|[from] item: Leftovers\n|-damage|p2a: Toxapex|203/216 brn|[from] brn\n|upkeep\n|turn|24\n|\n|t:|1782785644\n|switch|p2a: Blissey|Blissey, L85, F|398/572\n|-damage|p2a: Blissey|327/572|[from] Stealth Rock\n|move|p1a: Suicune|Calm Mind|p1a: Suicune\n|-boost|p1a: Suicune|spa|1\n|-boost|p1a: Suicune|spd|1\n|\n|-heal|p2a: Blissey|362/572|[from] item: Leftovers\n|-heal|p1a: Suicune|260/298 par|[from] item: Leftovers\n|upkeep\n|turn|25\n|inactive|foorks has 240 seconds left.\n|\n|t:|1782785655\n|move|p1a: Suicune|Protect|p1a: Suicune\n|-singleturn|p1a: Suicune|Protect\n|move|p2a: Blissey|Soft-Boiled|p2a: Blissey\n|-heal|p2a: Blissey|572/572\n|\n|-heal|p1a: Suicune|278/298 par|[from] item: Leftovers\n|upkeep\n|turn|26\n|\n|t:|1782785661\n|switch|p2a: Toxapex|Toxapex, L82, M|216/216 brn\n|-damage|p2a: Toxapex|189/216 brn|[from] Stealth Rock\n|cant|p1a: Suicune|par\n|\n|-heal|p1a: Suicune|296/298 par|[from] item: Leftovers\n|-damage|p2a: Toxapex|176/216 brn|[from] brn\n|upkeep\n|turn|27\n|\n|t:|1782785669\n|move|p2a: Toxapex|Haze|p2a: Toxapex\n|-clearallboost\n|cant|p1a: Suicune|par\n|\n|-heal|p1a: Suicune|298/298 par|[from] item: Leftovers\n|-damage|p2a: Toxapex|163/216 brn|[from] brn\n|upkeep\n|turn|28\n|inactive|foorks has 240 seconds left.\n|\n|t:|1782785717\n|switch|p2a: Blissey|Blissey, L85, F|572/572\n|-damage|p2a: Blissey|501/572|[from] Stealth Rock\n|cant|p1a: Suicune|par\n|\n|-heal|p2a: Blissey|536/572|[from] item: Leftovers\n|upkeep\n|turn|29\n|\n|t:|1782785732\n|move|p2a: Blissey|Heal Bell|p2a: Blissey\n|-activate|p2a: Blissey|move: Heal Bell\n|-curestatus|p2: Toxapex|brn|[msg]\n|move|p1a: Suicune|Scald|p2a: Blissey\n|-damage|p2a: Blissey|476/572\n|\n|-heal|p2a: Blissey|511/572|[from] item: Leftovers\n|upkeep\n|turn|30\n|\n|t:|1782785741\n|move|p2a: Blissey|Seismic Toss|p1a: Suicune\n|-end|p1a: Suicune|Substitute\n|move|p1a: Suicune|Scald|p2a: Blissey\n|-damage|p2a: Blissey|460/572\n|-status|p2a: Blissey|brn\n|\n|-heal|p2a: Blissey|495/572 brn|[from] item: Leftovers\n|-damage|p2a: Blissey|460/572 brn|[from] brn\n|upkeep\n|turn|31\n|\n|t:|1782785748\n|cant|p1a: Suicune|par\n|move|p2a: Blissey|Seismic Toss|p1a: Suicune\n|-damage|p1a: Suicune|213/298 par\n|\n|-heal|p2a: Blissey|495/572 brn|[from] item: Leftovers\n|-heal|p1a: Suicune|231/298 par|[from] item: Leftovers\n|-damage|p2a: Blissey|460/572 brn|[from] brn\n|upkeep\n|turn|32\n|\n|t:|1782785753\n|move|p1a: Suicune|Protect|p1a: Suicune\n|-singleturn|p1a: Suicune|Protect\n|move|p2a: Blissey|Seismic Toss|p1a: Suicune\n|-activate|p1a: Suicune|move: Protect\n|\n|-heal|p2a: Blissey|495/572 brn|[from] item: Leftovers\n|-heal|p1a: Suicune|249/298 par|[from] item: Leftovers\n|-damage|p2a: Blissey|460/572 brn|[from] brn\n|upkeep\n|turn|33\n|\n|t:|1782785756\n|switch|p1a: Gengar|Gengar, L81, M|184/230\n|move|p2a: Blissey|Seismic Toss|p1a: Gengar\n|-immune|p1a: Gengar\n|\n|-heal|p2a: Blissey|495/572 brn|[from] item: Leftovers\n|-damage|p2a: Blissey|460/572 brn|[from] brn\n|upkeep\n|turn|34\n|\n|t:|1782785769\n|switch|p1a: Rotom|Rotom, L88|217/231 tox\n|move|p2a: Blissey|Heal Bell|p2a: Blissey\n|-activate|p2a: Blissey|move: Heal Bell\n|-curestatus|p2a: Blissey|brn|[msg]\n|\n|-heal|p1a: Rotom|231/231 tox|[from] item: Leftovers\n|-heal|p2a: Blissey|495/572|[from] item: Leftovers\n|-damage|p1a: Rotom|217/231 tox|[from] psn\n|upkeep\n|turn|35\n|inactive|foorks has 240 seconds left.\n|\n|t:|1782785820\n|switch|p1a: Wigglytuff|Wigglytuff, L96, M|424/424\n|switch|p2a: Roaring Moon|Roaring Moon, L72|270/270\n|-damage|p2a: Roaring Moon|237/270|[from] Stealth Rock\n|\n|upkeep\n|turn|36\n|\n|t:|1782785833\n|move|p2a: Roaring Moon|U-turn|p1a: Wigglytuff\n|-resisted|p1a: Wigglytuff\n|-damage|p1a: Wigglytuff|376/424\n|\n|t:|1782785843\n|-end|p2a: Roaring Moon|Protosynthesis|[silent]\n|switch|p2a: Donphan|Donphan, L84, M|288/288|[from] U-turn\n|-damage|p2a: Donphan|270/288|[from] Stealth Rock\n|move|p1a: Wigglytuff|Alluring Voice|p2a: Donphan\n|-crit|p2a: Donphan\n|-damage|p2a: Donphan|131/288\n|\n|-heal|p1a: Wigglytuff|402/424|[from] item: Leftovers\n|upkeep\n|turn|37\n|\n|t:|1782785855\n|move|p1a: Wigglytuff|Protect|p1a: Wigglytuff\n|-singleturn|p1a: Wigglytuff|Protect\n|move|p2a: Donphan|Rapid Spin|p1a: Wigglytuff\n|-activate|p1a: Wigglytuff|move: Protect\n|\n|-heal|p1a: Wigglytuff|424/424|[from] item: Leftovers\n|upkeep\n|turn|38\n|\n|t:|1782785862\n|switch|p1a: Rotom|Rotom, L88|217/231 tox\n|move|p2a: Donphan|Rapid Spin|p1a: Rotom\n|-immune|p1a: Rotom\n|\n|-heal|p1a: Rotom|231/231 tox|[from] item: Leftovers\n|-damage|p1a: Rotom|217/231 tox|[from] psn\n|upkeep\n|turn|39\n|\n|t:|1782785883\n|move|p1a: Rotom|Shadow Ball|p2a: Donphan\n|-damage|p2a: Donphan|47/288\n|move|p2a: Donphan|Ice Spinner|p1a: Rotom\n|-crit|p1a: Rotom\n|-damage|p1a: Rotom|114/231 tox\n|\n|-heal|p1a: Rotom|128/231 tox|[from] item: Leftovers\n|-damage|p1a: Rotom|100/231 tox|[from] psn\n|upkeep\n|turn|40\n|\n|t:|1782785895\n|move|p1a: Rotom|Shadow Ball|p2a: Donphan\n|-damage|p2a: Donphan|0 fnt\n|faint|p2a: Donphan\n|\n|-heal|p1a: Rotom|114/231 tox|[from] item: Leftovers\n|-damage|p1a: Rotom|72/231 tox|[from] psn\n|upkeep\n|\n|t:|1782785901\n|switch|p2a: Torterra|Torterra, L78, M|276/276\n|-damage|p2a: Torterra|259/276|[from] Stealth Rock\n|turn|41\n|\n|t:|1782785920\n|move|p1a: Rotom|Shadow Ball|p2a: Torterra\n|-damage|p2a: Torterra|160/276\n|-unboost|p2a: Torterra|spd|1\n|move|p2a: Torterra|Shell Smash|p2a: Torterra\n|-unboost|p2a: Torterra|def|1\n|-unboost|p2a: Torterra|spd|1\n|-boost|p2a: Torterra|atk|2\n|-boost|p2a: Torterra|spa|2\n|-boost|p2a: Torterra|spe|2\n|\n|-heal|p1a: Rotom|86/231 tox|[from] item: Leftovers\n|-damage|p1a: Rotom|30/231 tox|[from] psn\n|upkeep\n|turn|42\n|inactive|foorks has 210 seconds left.\n|\n|t:|1782785943\n|move|p2a: Torterra|Bullet Seed|p1a: Rotom\n|-damage|p1a: Rotom|0 fnt\n|faint|p1a: Rotom\n|-hitcount|p1: Rotom|1\n|\n|upkeep\n|\n|t:|1782785949\n|switch|p1a: Wigglytuff|Wigglytuff, L96, M|424/424\n|turn|43\n|inactive|foorks has 210 seconds left.\n|\n|t:|1782785970\n|move|p2a: Torterra|Bullet Seed|p1a: Wigglytuff\n|-damage|p1a: Wigglytuff|355/424\n|-damage|p1a: Wigglytuff|288/424\n|-damage|p1a: Wigglytuff|215/424\n|-damage|p1a: Wigglytuff|142/424\n|-hitcount|p1a: Wigglytuff|4\n|move|p1a: Wigglytuff|Alluring Voice|p2a: Torterra\n|-damage|p2a: Torterra|0 fnt\n|faint|p2a: Torterra\n|\n|-heal|p1a: Wigglytuff|168/424|[from] item: Leftovers\n|upkeep\n|inactive|foorks has 180 seconds left.\n|\n|t:|1782785996\n|switch|p2a: Roaring Moon|Roaring Moon, L72|237/270\n|-damage|p2a: Roaring Moon|204/270|[from] Stealth Rock\n|turn|44\n|\n|t:|1782786002\n|move|p1a: Wigglytuff|Protect|p1a: Wigglytuff\n|-singleturn|p1a: Wigglytuff|Protect\n|move|p2a: Roaring Moon|Iron Head|p1a: Wigglytuff\n|-activate|p1a: Wigglytuff|move: Protect\n|\n|-heal|p1a: Wigglytuff|194/424|[from] item: Leftovers\n|upkeep\n|turn|45\n|\n|t:|1782786007\n|switch|p1a: Suicune|Suicune, L82|249/298 par\n|-ability|p1a: Suicune|Pressure\n|move|p2a: Roaring Moon|Iron Head|p1a: Suicune\n|-resisted|p1a: Suicune\n|-damage|p1a: Suicune|216/298 par\n|\n|-heal|p1a: Suicune|234/298 par|[from] item: Leftovers\n|upkeep\n|turn|46\n|\n|t:|1782786016\n|-end|p2a: Roaring Moon|Protosynthesis|[silent]\n|switch|p2a: Blissey|Blissey, L85, F|495/572\n|-damage|p2a: Blissey|424/572|[from] Stealth Rock\n|switch|p1a: Regidrago|Regidrago, L77|435/435\n|\n|-heal|p2a: Blissey|459/572|[from] item: Leftovers\n|upkeep\n|turn|47\n|inactive|foorks has 180 seconds left.\n|\n|t:|1782786048\n|switch|p1a: Suicune|Suicune, L82|234/298 par\n|-ability|p1a: Suicune|Pressure\n|move|p2a: Blissey|Soft-Boiled|p2a: Blissey\n|-heal|p2a: Blissey|572/572\n|\n|-heal|p1a: Suicune|252/298 par|[from] item: Leftovers\n|upkeep\n|turn|48\n|inactive|foorks has 180 seconds left.\n|\n|t:|1782786063\n|cant|p1a: Suicune|par\n|move|p2a: Blissey|Seismic Toss|p1a: Suicune\n|-damage|p1a: Suicune|167/298 par\n|\n|-heal|p1a: Suicune|185/298 par|[from] item: Leftovers\n|upkeep\n|turn|49\n|inactive|foorks has 180 seconds left.\n|\n|t:|1782786073\n|move|p1a: Suicune|Protect|p1a: Suicune\n|-singleturn|p1a: Suicune|Protect\n|move|p2a: Blissey|Seismic Toss|p1a: Suicune\n|-activate|p1a: Suicune|move: Protect\n|\n|-heal|p1a: Suicune|203/298 par|[from] item: Leftovers\n|upkeep\n|turn|50\n|inactive|foorks has 180 seconds left.\n|\n|t:|1782786084\n|switch|p1a: Wigglytuff|Wigglytuff, L96, M|194/424\n|move|p2a: Blissey|Thunder Wave|p1a: Wigglytuff|[miss]\n|-miss|p2a: Blissey|p1a: Wigglytuff\n|\n|-heal|p1a: Wigglytuff|220/424|[from] item: Leftovers\n|upkeep\n|turn|51\n|inactive|foorks has 180 seconds left.\n|\n|t:|1782786095\n|move|p2a: Blissey|Seismic Toss|p1a: Wigglytuff\n|-damage|p1a: Wigglytuff|135/424\n|move|p1a: Wigglytuff|Wish|p1a: Wigglytuff\n|\n|-heal|p1a: Wigglytuff|161/424|[from] item: Leftovers\n|upkeep\n|turn|52\n|inactive|foorks has 180 seconds left.\n|\n|t:|1782786106\n|move|p1a: Wigglytuff|Protect|p1a: Wigglytuff\n|-singleturn|p1a: Wigglytuff|Protect\n|move|p2a: Blissey|Seismic Toss|p1a: Wigglytuff\n|-activate|p1a: Wigglytuff|move: Protect\n|\n|-heal|p1a: Wigglytuff|373/424|[from] move: Wish|[wisher] Wigglytuff\n|-heal|p1a: Wigglytuff|399/424|[from] item: Leftovers\n|upkeep\n|turn|53\n|\n|t:|1782786110\n|move|p2a: Blissey|Thunder Wave|p1a: Wigglytuff\n|-status|p1a: Wigglytuff|par\n|cant|p1a: Wigglytuff|par\n|\n|-heal|p1a: Wigglytuff|424/424 par|[from] item: Leftovers\n|upkeep\n|turn|54\n|inactive|foorks has 180 seconds left.\n|\n|t:|1782786147\n|move|p2a: Blissey|Seismic Toss|p1a: Wigglytuff\n|-damage|p1a: Wigglytuff|339/424 par\n|move|p1a: Wigglytuff|Wish|p1a: Wigglytuff\n|\n|-heal|p1a: Wigglytuff|365/424 par|[from] item: Leftovers\n|upkeep\n|turn|55\n|\n|t:|1782786159\n|switch|p2a: Toxapex|Toxapex, L82, M|216/216\n|-damage|p2a: Toxapex|189/216|[from] Stealth Rock\n|switch|p1a: Suicune|Suicune, L82|203/298 par\n|-ability|p1a: Suicune|Pressure\n|\n|-heal|p1a: Suicune|298/298 par|[from] move: Wish|[wisher] Wigglytuff\n|upkeep\n|turn|56\n|\n|t:|1782786179\n|move|p2a: Toxapex|Liquidation|p1a: Suicune\n|-resisted|p1a: Suicune\n|-damage|p1a: Suicune|271/298 par\n|move|p1a: Suicune|Scald|p2a: Toxapex\n|-resisted|p2a: Toxapex\n|-damage|p2a: Toxapex|162/216\n|\n|-heal|p1a: Suicune|289/298 par|[from] item: Leftovers\n|upkeep\n|turn|57\n|inactive|foorks has 150 seconds left.\n|\n|t:|1782786208\n|move|p2a: Toxapex|Liquidation|p1a: Suicune\n|-resisted|p1a: Suicune\n|-damage|p1a: Suicune|265/298 par\n|move|p1a: Suicune|Substitute|p1a: Suicune\n|-start|p1a: Suicune|Substitute\n|-damage|p1a: Suicune|191/298 par\n|\n|-heal|p1a: Suicune|209/298 par|[from] item: Leftovers\n|upkeep\n|turn|58\n|\n|t:|1782786212\n|switch|p2a: Blissey|Blissey, L85, F|572/572\n|-damage|p2a: Blissey|501/572|[from] Stealth Rock\n|cant|p1a: Suicune|par\n|\n|-heal|p2a: Blissey|536/572|[from] item: Leftovers\n|-heal|p1a: Suicune|227/298 par|[from] item: Leftovers\n|upkeep\n|turn|59\n|\n|t:|1782786220\n|cant|p1a: Suicune|par\n|move|p2a: Blissey|Seismic Toss|p1a: Suicune\n|-end|p1a: Suicune|Substitute\n|\n|-heal|p2a: Blissey|571/572|[from] item: Leftovers\n|-heal|p1a: Suicune|245/298 par|[from] item: Leftovers\n|upkeep\n|turn|60\n|inactive|foorks has 150 seconds left.\n|j| toenail timmy\n|inactive|foorks has 120 seconds left.\n|\n|t:|1782786279\n|move|p1a: Suicune|Protect|p1a: Suicune\n|-singleturn|p1a: Suicune|Protect\n|move|p2a: Blissey|Seismic Toss|p1a: Suicune\n|-activate|p1a: Suicune|move: Protect\n|\n|-heal|p2a: Blissey|572/572|[from] item: Leftovers\n|-heal|p1a: Suicune|263/298 par|[from] item: Leftovers\n|upkeep\n|turn|61\n|\n|t:|1782786287\n|move|p2a: Blissey|Seismic Toss|p1a: Suicune\n|-damage|p1a: Suicune|178/298 par\n|move|p1a: Suicune|Substitute|p1a: Suicune\n|-start|p1a: Suicune|Substitute\n|-damage|p1a: Suicune|104/298 par\n|\n|-heal|p1a: Suicune|122/298 par|[from] item: Leftovers\n|upkeep\n|turn|62\n|inactive|foorks has 120 seconds left.\n|\n|t:|1782786298\n|move|p1a: Suicune|Protect|p1a: Suicune\n|-singleturn|p1a: Suicune|Protect\n|move|p2a: Blissey|Seismic Toss|p1a: Suicune\n|-activate|p1a: Suicune|move: Protect\n|\n|-heal|p1a: Suicune|140/298 par|[from] item: Leftovers\n|upkeep\n|turn|63\n|\n|t:|1782786301\n|cant|p1a: Suicune|par\n|move|p2a: Blissey|Seismic Toss|p1a: Suicune\n|-end|p1a: Suicune|Substitute\n|\n|-heal|p1a: Suicune|158/298 par|[from] item: Leftovers\n|upkeep\n|turn|64\n|\n|t:|1782786308\n|switch|p2a: Roaring Moon|Roaring Moon, L72|204/270\n|-damage|p2a: Roaring Moon|171/270|[from] Stealth Rock\n|move|p1a: Suicune|Protect||[still]\n|-fail|p1a: Suicune\n|\n|-heal|p1a: Suicune|176/298 par|[from] item: Leftovers\n|upkeep\n|turn|65\n|\n|t:|1782786318\n|move|p1a: Suicune|Protect|p1a: Suicune\n|-singleturn|p1a: Suicune|Protect\n|move|p2a: Roaring Moon|Knock Off|p1a: Suicune\n|-activate|p1a: Suicune|move: Protect\n|\n|-heal|p1a: Suicune|194/298 par|[from] item: Leftovers\n|upkeep\n|turn|66\n|\n|t:|1782786338\n|switch|p1a: Wigglytuff|Wigglytuff, L96, M|365/424 par\n|move|p2a: Roaring Moon|Knock Off|p1a: Wigglytuff\n|-resisted|p1a: Wigglytuff\n|-damage|p1a: Wigglytuff|269/424 par\n|-enditem|p1a: Wigglytuff|Leftovers|[from] move: Knock Off|[of] p2a: Roaring Moon\n|\n|upkeep\n|turn|67\n|inactive|foorks has 150 seconds left.\n|\n|t:|1782786369\n|-end|p2a: Roaring Moon|Protosynthesis|[silent]\n|switch|p2a: Blissey|Blissey, L85, F|572/572\n|-damage|p2a: Blissey|501/572|[from] Stealth Rock\n|cant|p1a: Wigglytuff|par\n|\n|-heal|p2a: Blissey|536/572|[from] item: Leftovers\n|upkeep\n|turn|68\n|\n|t:|1782786383\n|move|p2a: Blissey|Seismic Toss|p1a: Wigglytuff\n|-damage|p1a: Wigglytuff|184/424 par\n|move|p1a: Wigglytuff|Wish|p1a: Wigglytuff\n|\n|-heal|p2a: Blissey|571/572|[from] item: Leftovers\n|upkeep\n|turn|69\n|\n|t:|1782786387\n|switch|p2a: Toxapex|Toxapex, L82, M|216/216\n|-damage|p2a: Toxapex|189/216|[from] Stealth Rock\n|move|p1a: Wigglytuff|Thunder Wave|p2a: Toxapex\n|-status|p2a: Toxapex|par\n|\n|-heal|p1a: Wigglytuff|396/424 par|[from] move: Wish|[wisher] Wigglytuff\n|upkeep\n|turn|70\n|\n|t:|1782786402\n|switch|p2a: Blissey|Blissey, L85, F|571/572\n|-damage|p2a: Blissey|500/572|[from] Stealth Rock\n|move|p1a: Wigglytuff|Wish|p1a: Wigglytuff\n|\n|-heal|p2a: Blissey|535/572|[from] item: Leftovers\n|upkeep\n|turn|71\n|\n|t:|1782786406\n|switch|p1a: Suicune|Suicune, L82|194/298 par\n|-ability|p1a: Suicune|Pressure\n|move|p2a: Blissey|Heal Bell|p2a: Blissey\n|-activate|p2a: Blissey|move: Heal Bell\n|-curestatus|p2: Toxapex|par|[msg]\n|\n|-heal|p1a: Suicune|298/298 par|[from] move: Wish|[wisher] Wigglytuff\n|-heal|p2a: Blissey|570/572|[from] item: Leftovers\n|upkeep\n|turn|72\n|j| 54 insane rats\n|inactive|foorks has 150 seconds left.\n|j| joojipantss\n|l| 54 insane rats\n|c| joojipantss|stop playing stall gyat\n|c|\u2606guatire|i cant\n|c| joojipantss|I see that suicine wigglytuff core\n|c| toenail timmy|ong\n|inactive|foorks has 120 seconds left.\n|\n|t:|1782786446\n|switch|p2a: Toxapex|Toxapex, L82, M|216/216\n|-damage|p2a: Toxapex|189/216|[from] Stealth Rock\n|move|p1a: Suicune|Substitute|p1a: Suicune\n|-start|p1a: Suicune|Substitute\n|-damage|p1a: Suicune|224/298 par\n|\n|-heal|p1a: Suicune|242/298 par|[from] item: Leftovers\n|upkeep\n|turn|73\n|c|\u2606guatire|toenail timmy :sob:\n|inactive|foorks has 120 seconds left.\n|\n|t:|1782786464\n|move|p2a: Toxapex|Liquidation|p1a: Suicune\n|-resisted|p1a: Suicune\n|-crit|p1a: Suicune\n|-activate|p1a: Suicune|move: Substitute|[damage]\n|cant|p1a: Suicune|par\n|\n|-heal|p1a: Suicune|260/298 par|[from] item: Leftovers\n|upkeep\n|turn|74\n|inactive|foorks has 120 seconds left.\n|\n|t:|1782786477\n|move|p2a: Toxapex|Liquidation|p1a: Suicune\n|-resisted|p1a: Suicune\n|-activate|p1a: Suicune|move: Substitute|[damage]\n|move|p1a: Suicune|Calm Mind|p1a: Suicune\n|-boost|p1a: Suicune|spa|1\n|-boost|p1a: Suicune|spd|1\n|\n|-heal|p1a: Suicune|278/298 par|[from] item: Leftovers\n|upkeep\n|turn|75\n|inactive|foorks has 120 seconds left.\n|\n|t:|1782786483\n|switch|p2a: Blissey|Blissey, L85, F|570/572\n|-damage|p2a: Blissey|499/572|[from] Stealth Rock\n|move|p1a: Suicune|Calm Mind|p1a: Suicune\n|-boost|p1a: Suicune|spa|1\n|-boost|p1a: Suicune|spd|1\n|\n|-heal|p2a: Blissey|534/572|[from] item: Leftovers\n|-heal|p1a: Suicune|296/298 par|[from] item: Leftovers\n|upkeep\n|turn|76\n|\n|t:|1782786488\n|switch|p2a: Toxapex|Toxapex, L82, M|216/216\n|-damage|p2a: Toxapex|189/216|[from] Stealth Rock\n|move|p1a: Suicune|Scald|p2a: Toxapex\n|-resisted|p2a: Toxapex\n|-damage|p2a: Toxapex|141/216\n|\n|-heal|p1a: Suicune|298/298 par|[from] item: Leftovers\n|upkeep\n|turn|77\n|\n|t:|1782786493\n|move|p2a: Toxapex|Haze|p2a: Toxapex\n|-clearallboost\n|move|p1a: Suicune|Scald|p2a: Toxapex\n|-resisted|p2a: Toxapex\n|-damage|p2a: Toxapex|114/216\n|\n|upkeep\n|turn|78\n|\n|t:|1782786512\n|move|p2a: Toxapex|Haze|p2a: Toxapex\n|-clearallboost\n|cant|p1a: Suicune|par\n|\n|upkeep\n|turn|79\n|\n|t:|1782786519\n|switch|p2a: Blissey|Blissey, L85, F|534/572\n|-damage|p2a: Blissey|463/572|[from] Stealth Rock\n|move|p1a: Suicune|Calm Mind|p1a: Suicune\n|-boost|p1a: Suicune|spa|1\n|-boost|p1a: Suicune|spd|1\n|\n|-heal|p2a: Blissey|498/572|[from] item: Leftovers\n|upkeep\n|turn|80\n|\n|t:|1782786534\n|switch|p2a: Toxapex|Toxapex, L82, M|186/216\n|-damage|p2a: Toxapex|159/216|[from] Stealth Rock\n|move|p1a: Suicune|Scald|p2a: Toxapex\n|-resisted|p2a: Toxapex\n|-damage|p2a: Toxapex|120/216\n|-status|p2a: Toxapex|brn\n|\n|-damage|p2a: Toxapex|107/216 brn|[from] brn\n|upkeep\n|turn|81\n|\n|t:|1782786539\n|move|p2a: Toxapex|Haze|p2a: Toxapex\n|-clearallboost\n|move|p1a: Suicune|Scald|p2a: Toxapex\n|-resisted|p2a: Toxapex\n|-damage|p2a: Toxapex|80/216 brn\n|\n|-damage|p2a: Toxapex|67/216 brn|[from] brn\n|upkeep\n|turn|82\n|\n|t:|1782786542\n|switch|p2a: Blissey|Blissey, L85, F|498/572\n|-damage|p2a: Blissey|427/572|[from] Stealth Rock\n|switch|p1a: Regidrago|Regidrago, L77|435/435\n|\n|-heal|p2a: Blissey|462/572|[from] item: Leftovers\n|upkeep\n|turn|83\n|inactive|foorks has 150 seconds left.\n|c| joojipantss|now sweep\n|\n|t:|1782786568\n|switch|p1a: Suicune|Suicune, L82|298/298 par\n|-ability|p1a: Suicune|Pressure\n|switch|p2a: Toxapex|Toxapex, L82, M|139/216 brn\n|-damage|p2a: Toxapex|112/216 brn|[from] Stealth Rock\n|\n|-damage|p2a: Toxapex|99/216 brn|[from] brn\n|upkeep\n|turn|84\n|\n|t:|1782786578\n|switch|p1a: Regidrago|Regidrago, L77|435/435\n|move|p2a: Toxapex|Recover|p2a: Toxapex\n|-heal|p2a: Toxapex|207/216 brn\n|\n|-damage|p2a: Toxapex|194/216 brn|[from] brn\n|upkeep\n|turn|85\n|\n|t:|1782786585\n|switch|p2a: Blissey|Blissey, L85, F|462/572\n|-damage|p2a: Blissey|391/572|[from] Stealth Rock\n|move|p1a: Regidrago|Dragon Dance|p1a: Regidrago\n|-boost|p1a: Regidrago|atk|1\n|-boost|p1a: Regidrago|spe|1\n|\n|-heal|p2a: Blissey|426/572|[from] item: Leftovers\n|upkeep\n|turn|86\n|inactive|foorks has 150 seconds left.\n|\n|t:|1782786592\n|move|p1a: Regidrago|Dragon Claw|p2a: Blissey\n|-damage|p2a: Blissey|0 fnt\n|faint|p2a: Blissey\n|-damage|p1a: Regidrago|392/435|[from] item: Life Orb\n|\n|upkeep\n|inactive|foorks has 150 seconds left.\n|c| toenail timmy|gg\n|\n|t:|1782786598\n|switch|p2a: Toxapex|Toxapex, L82, M|216/216 brn\n|-damage|p2a: Toxapex|189/216 brn|[from] Stealth Rock\n|turn|87\n|inactive|foorks has 150 seconds left.\n|c| toenail timmy|or is it...\n|inactive|guatire has 270 seconds left.\n|\n|t:|1782786653\n|move|p1a: Regidrago|Dragon Dance|p1a: Regidrago\n|-boost|p1a: Regidrago|atk|1\n|-boost|p1a: Regidrago|spe|1\n|move|p2a: Toxapex|Toxic|p1a: Regidrago\n|-status|p1a: Regidrago|tox\n|\n|-damage|p1a: Regidrago|365/435 tox|[from] psn\n|-damage|p2a: Toxapex|176/216 brn|[from] brn\n|upkeep\n|turn|88\n|inactive|foorks has 120 seconds left.\n|inactive|guatire has 270 seconds left.\n|\n|t:|1782786691\n|move|p1a: Regidrago|Earthquake|p2a: Toxapex\n|-supereffective|p2a: Toxapex\n|-damage|p2a: Toxapex|0 fnt\n|faint|p2a: Toxapex\n|-damage|p1a: Regidrago|322/435 tox|[from] item: Life Orb\n|\n|-damage|p1a: Regidrago|268/435 tox|[from] psn\n|upkeep\n|\n|t:|1782786703\n|switch|p2a: Medicham|Medicham, L86, M|243/243\n|-damage|p2a: Medicham|228/243|[from] Stealth Rock\n|turn|89\n|\n|t:|1782786710\n|move|p1a: Regidrago|Dragon Claw|p2a: Medicham\n|-damage|p2a: Medicham|0 fnt\n|faint|p2a: Medicham\n|-damage|p1a: Regidrago|225/435 tox|[from] item: Life Orb\n|\n|-damage|p1a: Regidrago|144/435 tox|[from] psn\n|upkeep\n|\n|t:|1782786713\n|switch|p2a: Roaring Moon|Roaring Moon, L72|171/270\n|-damage|p2a: Roaring Moon|138/270|[from] Stealth Rock\n|turn|90\n|c|\u2606guatire|gg\n|inactive|foorks has 120 seconds left.\n|c|\u2606foorks|you sure?\n|\n|t:|1782786724\n|-terastallize|p2a: Roaring Moon|Dark\n|move|p1a: Regidrago|Dragon Claw|p2a: Roaring Moon\n|-damage|p2a: Roaring Moon|0 fnt\n|faint|p2a: Roaring Moon\n|-end|p2a: Roaring Moon|Protosynthesis|[silent]\n|-damage|p1a: Regidrago|101/435 tox|[from] item: Life Orb\n|\n|win|guatire\n|l|\u2606guatire\n|player|p1|\n|c|\u2606foorks|gg\n|l| toenail timmy\n", "inputlog": ">version f8ac14003a5f27e1bdc8d8c59608a773c1cb96e5\n>start {\"formatid\":\"gen9randombattle\",\"seed\":\"sodium,31f7d04e93345b0299802f52f5151391\"}\n>player p1 {\"name\":\"guatire\",\"avatar\":\"102\",\"rating\":0,\"seed\":\"sodium,f98d59ba8cc7f5a37cf108e3bdecba58\"}\n>player p2 {\"name\":\"foorks\",\"avatar\":\"cynthia-gen4\",\"rating\":0,\"seed\":\"sodium,bf6185786f742df2cd5d0c3d516909d1\"}\n>p1 switch 4\n>p2 switch 6\n>chat \u2606foorks|we dont use terra right?\n>chat \u2606guatire|yea no tera\n>p1 switch 6\n>p2 switch 3\n>p1 switch 3\n>p2 move toxic\n>p1 move willowisp\n>p2 move liquidation\n>p1 move shadowball\n>p2 switch 5\n>chat \u2606guatire|really\n>p1 switch 6\n>p2 switch 5\n>p1 move trick\n>p2 move toxic\n>p1 move voltswitch\n>p2 switch 5\n>p1 switch 4\n>p1 move stealthrock\n>p2 switch 3\n>p1 move overheat\n>p2 move earthquake\n>p1 switch 5\n>p1 move calmmind\n>p2 switch 5\n>p1 move substitute\n>p2 move toxic\n>p1 move calmmind\n>p2 switch 3\n>p1 move scald\n>p2 switch 3\n>p1 move scald\n>p2 move haze\n>p1 move calmmind\n>p2 switch 3\n>p1 move calmmind\n>p2 move seismictoss\n>p1 move scald\n>p2 move seismictoss\n>p1 move protect\n>p2 move seismictoss\n>p1 move scald\n>p2 move thunderwave\n>p1 move protect\n>p2 switch 3\n>p1 move scald\n>p2 move recover\n>p1 move substitute\n>p2 move recover\n>p1 move calmmind\n>p2 switch 3\n>p1 move protect\n>p2 move softboiled\n>p1 move scald\n>p2 switch 3\n>p1 move calmmind\n>p2 move haze\n>p1 move calmmind\n>p2 switch 3\n>p1 move scald\n>p2 move healbell\n>p1 move scald\n>p2 move seismictoss\n>p1 move protect\n>p2 move seismictoss\n>p1 move protect\n>p2 move seismictoss\n>p1 switch 6\n>p2 move seismictoss\n>p1 switch 4\n>p2 move healbell\n>p1 switch 3\n>p2 switch 4\n>p1 move alluringvoice\n>p2 move uturn\n>p2 switch 5\n>p1 move protect\n>p2 move rapidspin\n>p1 switch 3\n>p2 move rapidspin\n>p1 move shadowball\n>p2 move icespinner\n>p1 move shadowball\n>p2 move rapidspin\n>p2 switch 6\n>p1 move shadowball\n>p2 move shellsmash\n>p1 move shadowball\n>p2 move bulletseed\n>p1 switch 3\n>p1 move alluringvoice\n>p2 move bulletseed\n>p2 switch 5\n>p1 move protect\n>p2 move ironhead\n>p1 switch 6\n>p2 move ironhead\n>p1 switch 2\n>p2 switch 4\n>p1 switch 2\n>p2 move softboiled\n>p1 move protect\n>p2 move seismictoss\n>p1 move protect\n>p2 move seismictoss\n>p1 switch 6\n>p2 move thunderwave\n>p1 move wish\n>p2 move seismictoss\n>p1 move protect\n>p2 move seismictoss\n>p1 move thunderwave\n>p2 move thunderwave\n>p1 move wish\n>p2 move seismictoss\n>p1 switch 6\n>p2 switch 3\n>p1 move scald\n>p2 move liquidation\n>p1 move substitute\n>p2 move liquidation\n>p1 move calmmind\n>p2 switch 3\n>p1 move protect\n>p2 move seismictoss\n>p1 move protect\n>p2 move seismictoss\n>p1 move substitute\n>p2 move seismictoss\n>p1 move protect\n>p2 move seismictoss\n>p1 move protect\n>p2 move seismictoss\n>p1 move protect\n>p2 switch 4\n>p1 move protect\n>p2 move knockoff\n>p1 switch 6\n>p2 move knockoff\n>p1 move wish\n>p2 switch 4\n>p1 move wish\n>p2 move seismictoss\n>p1 move thunderwave\n>p2 switch 3\n>p1 move wish\n>p2 switch 3\n>p1 switch 6\n>p2 move healbell\n>chat  joojipantss|stop playing stall gyat\n>chat \u2606guatire|i cant\n>chat  joojipantss|I see that suicine wigglytuff core\n>chat  toenail timmy|ong\n>p1 move substitute\n>p2 switch 3\n>chat \u2606guatire|toenail timmy :sob:\n>p1 move calmmind\n>p2 move liquidation\n>p1 move calmmind\n>p2 move liquidation\n>p1 move calmmind\n>p2 switch 3\n>p1 move scald\n>p2 switch 3\n>p1 move scald\n>p2 move haze\n>p1 move calmmind\n>p2 move haze\n>p1 move calmmind\n>p2 switch 3\n>p1 move scald\n>p2 switch 3\n>p1 move scald\n>p2 move haze\n>p1 switch 2\n>p2 switch 3\n>chat  joojipantss|now sweep\n>p1 switch 2\n>p2 switch 3\n>p1 switch 2\n>p2 move recover\n>p1 move dragondance\n>p2 switch 3\n>p1 move dragonclaw\n>p2 move thunderwave\n>chat  toenail timmy|gg\n>p2 switch 3\n>chat  toenail timmy|or is it...\n>p1 move dragondance\n>p2 move toxic\n>p1 move earthquake\n>p2 move toxic\n>p2 switch 2\n>p1 move dragonclaw\n>p2 move icepunch\n>p2 switch 4\n>chat \u2606guatire|gg\n>chat \u2606foorks|you sure?\n>p1 move dragonclaw\n>p2 move knockoff terastallize", "uploadtime": 1782786862, "views": 4, "formatid": "gen9randombattle", "rating": null, "private": 0, "password": null, "player_dets": [{"name": "guatire", "avatar": "102", "rating": 0, "seed": "sodium,f98d59ba8cc7f5a37cf108e3bdecba58"}, {"name": "foorks", "avatar": "cynthia-gen4", "rating": 0, "seed": "sodium,bf6185786f742df2cd5d0c3d516909d1"}], "teams_full": [{"Coalossal": {"name": "Coalossal", "species": "Coalossal", "speciesId": "coalossal", "gender": "M", "shiny": false, "level": 89, "moves": ["stoneedge", "stealthrock", "overheat", "rapidspin"], "ability": "Flame Body", "evs": {"hp": 85, "atk": 85, "def": 85, "spa": 85, "spd": 85, "spe": 85}, "ivs": {"hp": 31, "atk": 31, "def": 31, "spa": 31, "spd": 31, "spe": 31}, "item": "Heavy-Duty Boots", "teraType": "Grass", "role": "Bulky Support", "bvs": {"hp": 110, "atk": 80, "def": 120, "spa": 80, "spd": 90, "spe": 30}, "stats": {"hp": 341, "atk": 193, "def": 264, "spa": 193, "spd": 211, "spe": 104}, "types": ["Rock", "Fire"]}, "Regidrago": {"name": "Regidrago", "species": "Regidrago", "speciesId": "regidrago", "gender": "N", "shiny": false, "level": 77, "moves": ["dragondance", "terablast", "dragonclaw", "earthquake"], "ability": "Dragon's Maw", "evs": {"hp": 85, "atk": 85, "def": 85, "spa": 85, "spd": 85, "spe": 85}, "ivs": {"hp": 31, "atk": 31, "def": 31, "spa": 31, "spd": 31, "spe": 31}, "item": "Life Orb", "teraType": "Steel", "role": "Tera Blast user", "bvs": {"hp": 200, "atk": 100, "def": 50, "spa": 100, "spd": 50, "spe": 80}, "stats": {"hp": 435, "atk": 199, "def": 122, "spa": 199, "spd": 122, "spe": 168}, "types": ["Dragon"]}, "Gengar": {"name": "Gengar", "species": "Gengar", "speciesId": "gengar", "gender": "M", "shiny": false, "level": 81, "moves": ["focusblast", "sludgewave", "willowisp", "shadowball"], "ability": "Cursed Body", "evs": {"hp": 85, "atk": 0, "def": 85, "spa": 85, "spd": 85, "spe": 85}, "ivs": {"hp": 31, "atk": 0, "def": 31, "spa": 31, "spd": 31, "spe": 31}, "item": "Life Orb", "teraType": "Fighting", "role": "Fast Attacker", "bvs": {"hp": 60, "atk": 65, "def": 60, "spa": 130, "spd": 75, "spe": 110}, "stats": {"hp": 230, "atk": 110, "def": 144, "spa": 257, "spd": 168, "spe": 225}, "types": ["Ghost", "Poison"]}, "Rotom": {"name": "Rotom", "species": "Rotom", "speciesId": "rotom", "gender": "N", "shiny": false, "level": 88, "moves": ["trick", "voltswitch", "shadowball", "thunderbolt"], "ability": "Levitate", "evs": {"hp": 85, "atk": 0, "def": 85, "spa": 85, "spd": 85, "spe": 85}, "ivs": {"hp": 31, "atk": 0, "def": 31, "spa": 31, "spd": 31, "spe": 31}, "item": "Choice Scarf", "teraType": "Ghost", "role": "Fast Attacker", "bvs": {"hp": 50, "atk": 50, "def": 77, "spa": 95, "spd": 77, "spe": 91}, "stats": {"hp": 231, "atk": 93, "def": 186, "spa": 217, "spd": 186, "spe": 210}, "types": ["Electric", "Ghost"]}, "Suicune": {"name": "Suicune", "species": "Suicune", "speciesId": "suicune", "gender": "N", "shiny": false, "level": 82, "moves": ["protect", "calmmind", "substitute", "scald"], "ability": "Pressure", "evs": {"hp": 85, "atk": 0, "def": 85, "spa": 85, "spd": 85, "spe": 85}, "ivs": {"hp": 31, "atk": 0, "def": 31, "spa": 31, "spd": 31, "spe": 31}, "item": "Leftovers", "teraType": "Steel", "role": "Fast Support", "bvs": {"hp": 100, "atk": 75, "def": 115, "spa": 90, "spd": 115, "spe": 85}, "stats": {"hp": 298, "atk": 127, "def": 236, "spa": 195, "spd": 236, "spe": 187}, "types": ["Water"]}, "Wigglytuff": {"name": "Wigglytuff", "species": "Wigglytuff", "speciesId": "wigglytuff", "gender": "M", "shiny": false, "level": 96, "moves": ["thunderwave", "wish", "protect", "alluringvoice"], "ability": "Competitive", "evs": {"hp": 85, "atk": 0, "def": 85, "spa": 85, "spd": 85, "spe": 85}, "ivs": {"hp": 31, "atk": 0, "def": 31, "spa": 31, "spd": 31, "spe": 31}, "item": "Leftovers", "teraType": "Poison", "role": "Bulky Support", "bvs": {"hp": 140, "atk": 70, "def": 45, "spa": 85, "spd": 50, "spe": 45}, "stats": {"hp": 424, "atk": 139, "def": 141, "spa": 218, "spd": 150, "spe": 141}, "types": ["Normal", "Fairy"]}}, {"Torterra": {"name": "Torterra", "species": "Torterra", "speciesId": "torterra", "gender": "M", "shiny": false, "level": 78, "moves": ["shellsmash", "bulletseed", "headlongrush", "rockblast"], "ability": "Overgrow", "evs": {"hp": 85, "atk": 85, "def": 85, "spa": 85, "spd": 85, "spe": 85}, "ivs": {"hp": 31, "atk": 31, "def": 31, "spa": 31, "spd": 31, "spe": 31}, "item": "Loaded Dice", "teraType": "Grass", "role": "Setup Sweeper", "bvs": {"hp": 95, "atk": 109, "def": 105, "spa": 75, "spd": 85, "spe": 56}, "stats": {"hp": 276, "atk": 215, "def": 209, "spa": 162, "spd": 178, "spe": 132}, "types": ["Grass", "Ground"]}, "Medicham": {"name": "Medicham", "species": "Medicham", "speciesId": "medicham", "gender": "M", "shiny": false, "level": 86, "moves": ["trick", "zenheadbutt", "icepunch", "closecombat"], "ability": "Pure Power", "evs": {"hp": 85, "atk": 85, "def": 85, "spa": 85, "spd": 85, "spe": 85}, "ivs": {"hp": 31, "atk": 31, "def": 31, "spa": 31, "spd": 31, "spe": 31}, "item": "Choice Scarf", "teraType": "Fighting", "role": "Fast Attacker", "bvs": {"hp": 60, "atk": 60, "def": 75, "spa": 60, "spd": 75, "spe": 80}, "stats": {"hp": 243, "atk": 152, "def": 178, "spa": 152, "spd": 178, "spe": 187}, "types": ["Fighting", "Psychic"]}, "Toxapex": {"name": "Toxapex", "species": "Toxapex", "speciesId": "toxapex", "gender": "M", "shiny": false, "level": 82, "moves": ["recover", "toxic", "haze", "liquidation"], "ability": "Regenerator", "evs": {"hp": 85, "atk": 85, "def": 85, "spa": 85, "spd": 85, "spe": 85}, "ivs": {"hp": 31, "atk": 31, "def": 31, "spa": 31, "spd": 31, "spe": 31}, "item": "Leftovers", "teraType": "Grass", "role": "Bulky Support", "bvs": {"hp": 50, "atk": 63, "def": 152, "spa": 53, "spd": 142, "spe": 35}, "stats": {"hp": 216, "atk": 150, "def": 296, "spa": 134, "spd": 280, "spe": 105}, "types": ["Poison", "Water"]}, "Roaring Moon": {"name": "Roaring Moon", "species": "Roaring Moon", "speciesId": "roaringmoon", "gender": "N", "shiny": false, "level": 72, "moves": ["knockoff", "uturn", "ironhead", "outrage"], "ability": "Protosynthesis", "evs": {"hp": 85, "atk": 85, "def": 85, "spa": 85, "spd": 85, "spe": 85}, "ivs": {"hp": 31, "atk": 31, "def": 31, "spa": 31, "spd": 31, "spe": 31}, "item": "Choice Band", "teraType": "Dark", "role": "Bulky Attacker", "bvs": {"hp": 105, "atk": 139, "def": 71, "spa": 55, "spd": 101, "spe": 119}, "stats": {"hp": 270, "atk": 242, "def": 144, "spa": 121, "spd": 187, "spe": 213}, "types": ["Dragon", "Dark"]}, "Blissey": {"name": "Blissey", "species": "Blissey", "speciesId": "blissey", "gender": "F", "shiny": false, "level": 85, "moves": ["softboiled", "healbell", "thunderwave", "seismictoss"], "ability": "Natural Cure", "evs": {"hp": 85, "atk": 0, "def": 85, "spa": 85, "spd": 85, "spe": 85}, "ivs": {"hp": 31, "atk": 0, "def": 31, "spa": 31, "spd": 31, "spe": 31}, "item": "Leftovers", "teraType": "Fairy", "role": "Bulky Support", "bvs": {"hp": 255, "atk": 10, "def": 10, "spa": 75, "spd": 135, "spe": 55}, "stats": {"hp": 572, "atk": 22, "def": 66, "spa": 176, "spd": 278, "spe": 142}, "types": ["Normal"]}, "Donphan": {"name": "Donphan", "species": "Donphan", "speciesId": "donphan", "gender": "M", "shiny": false, "level": 84, "moves": ["icespinner", "iceshard", "earthquake", "rapidspin"], "ability": "Sturdy", "evs": {"hp": 85, "atk": 85, "def": 85, "spa": 85, "spd": 85, "spe": 85}, "ivs": {"hp": 31, "atk": 31, "def": 31, "spa": 31, "spd": 31, "spe": 31}, "item": "Assault Vest", "teraType": "Steel", "role": "Bulky Support", "bvs": {"hp": 90, "atk": 120, "def": 120, "spa": 60, "spd": 60, "spe": 50}, "stats": {"hp": 288, "atk": 250, "def": 250, "spa": 149, "spd": 149, "spe": 132}, "types": ["Ground"]}}]}