{"id": "gen9randombattle-2641731118", "format": "[Gen 9] Random Battle", "players": ["Smucky", "makkereel"], "log": "|j|\u2606Smucky\n|j|\u2606makkereel\n|t:|1782835189\n|gametype|singles\n|player|p1|Smucky|cynthia-gen7|2210\n|player|p2|makkereel|170|2163\n|gen|9\n|tier|[Gen 9] Random Battle\n|rated|\n|rule|Species Clause: Limit one of each Pok\u00e9mon\n|rule|HP Percentage Mod: HP is shown in percentages\n|rule|Sleep Clause Mod: Limit one foe put to sleep\n|rule|Illusion Level Mod: Illusion disguises the Pok\u00e9mon's true level\n|\n|t:|1782835189\n|teamsize|p1|6\n|teamsize|p2|6\n|start\n|switch|p1a: Kingdra|Kingdra, L84, M|263/263\n|switch|p2a: Lycanroc|Lycanroc-Dusk, L81, F|254/254\n|turn|1\n|\n|t:|1782835214\n|move|p2a: Lycanroc|Stone Edge|p1a: Kingdra\n|-damage|p1a: Kingdra|111/263\n|-damage|p2a: Lycanroc|229/254|[from] item: Life Orb\n|move|p1a: Kingdra|Dragon Dance|p1a: Kingdra\n|-boost|p1a: Kingdra|atk|1\n|-boost|p1a: Kingdra|spe|1\n|\n|upkeep\n|turn|2\n|inactive|Battle timer is ON: inactive players will automatically lose when time's up. (requested by Smucky)\n|\n|t:|1782835273\n|move|p2a: Lycanroc|Accelerock|p1a: Kingdra\n|-damage|p1a: Kingdra|33/263\n|-damage|p2a: Lycanroc|204/254|[from] item: Life Orb\n|move|p1a: Kingdra|Waterfall|p2a: Lycanroc\n|-supereffective|p2a: Lycanroc\n|-damage|p2a: Lycanroc|0 fnt\n|faint|p2a: Lycanroc\n|\n|upkeep\n|\n|t:|1782835281\n|switch|p2a: Thundurus|Thundurus-Therian, L80, M|258/258\n|turn|3\n|\n|t:|1782835292\n|move|p2a: Thundurus|Volt Switch|p1a: Kingdra\n|-damage|p1a: Kingdra|0 fnt\n|faint|p1a: Kingdra\n|\n|t:|1782835303\n|switch|p2a: Dipplin|Dipplin, L88, F|284/284|[from] Volt Switch\n|\n|upkeep\n|\n|t:|1782835324\n|switch|p1a: Bronzong|Bronzong, L88|261/261\n|turn|4\n|\n|t:|1782835336\n|switch|p2a: Arceus|Arceus-Psychic, L69|280/280\n|move|p1a: Bronzong|Psychic Noise|p2a: Arceus\n|-resisted|p2a: Arceus\n|-damage|p2a: Arceus|241/280\n|-start|p2a: Arceus|move: Heal Block\n|\n|upkeep\n|turn|5\n|\n|t:|1782835352\n|switch|p1a: Maushold|Maushold, L76|238/238\n|move|p2a: Arceus|Cosmic Power|p2a: Arceus\n|-boost|p2a: Arceus|def|1\n|-boost|p2a: Arceus|spd|1\n|\n|-end|p2a: Arceus|move: Heal Block\n|upkeep\n|turn|6\n|\n|t:|1782835357\n|switch|p2a: Diancie|Diancie, L82|216/216\n|move|p1a: Maushold|Encore||[still]\n|-fail|p1a: Maushold\n|\n|upkeep\n|turn|7\n|\n|t:|1782835369\n|switch|p1a: Bronzong|Bronzong, L88|261/261\n|move|p2a: Diancie|Diamond Storm|p1a: Bronzong\n|-resisted|p1a: Bronzong\n|-damage|p1a: Bronzong|222/261\n|\n|upkeep\n|turn|8\n|\n|t:|1782835376\n|switch|p2a: Arceus|Arceus-Psychic, L69|241/280\n|move|p1a: Bronzong|Iron Defense|p1a: Bronzong\n|-boost|p1a: Bronzong|def|2\n|\n|upkeep\n|turn|9\n|\n|t:|1782835382\n|move|p2a: Arceus|Cosmic Power|p2a: Arceus\n|-boost|p2a: Arceus|def|1\n|-boost|p2a: Arceus|spd|1\n|move|p1a: Bronzong|Body Press|p2a: Arceus\n|-resisted|p2a: Arceus\n|-damage|p2a: Arceus|195/280\n|\n|upkeep\n|turn|10\n|\n|t:|1782835389\n|move|p2a: Arceus|Body Press|p1a: Bronzong\n|-damage|p1a: Bronzong|192/261\n|move|p1a: Bronzong|Iron Defense|p1a: Bronzong\n|-boost|p1a: Bronzong|def|2\n|\n|upkeep\n|turn|11\n|\n|t:|1782835397\n|move|p2a: Arceus|Cosmic Power|p2a: Arceus\n|-boost|p2a: Arceus|def|1\n|-boost|p2a: Arceus|spd|1\n|move|p1a: Bronzong|Body Press|p2a: Arceus\n|-resisted|p2a: Arceus\n|-damage|p2a: Arceus|144/280\n|\n|upkeep\n|turn|12\n|\n|t:|1782835402\n|move|p2a: Arceus|Cosmic Power|p2a: Arceus\n|-boost|p2a: Arceus|def|1\n|-boost|p2a: Arceus|spd|1\n|move|p1a: Bronzong|Psychic Noise|p2a: Arceus\n|-resisted|p2a: Arceus\n|-damage|p2a: Arceus|129/280\n|-start|p2a: Arceus|move: Heal Block\n|\n|upkeep\n|turn|13\n|\n|t:|1782835413\n|move|p2a: Arceus|Cosmic Power|p2a: Arceus\n|-boost|p2a: Arceus|def|1\n|-boost|p2a: Arceus|spd|1\n|move|p1a: Bronzong|Psychic Noise|p2a: Arceus\n|-resisted|p2a: Arceus\n|-damage|p2a: Arceus|118/280\n|\n|-end|p2a: Arceus|move: Heal Block\n|upkeep\n|turn|14\n|\n|t:|1782835417\n|move|p2a: Arceus|Recover|p2a: Arceus\n|-heal|p2a: Arceus|258/280\n|move|p1a: Bronzong|Psychic Noise|p2a: Arceus\n|-resisted|p2a: Arceus\n|-damage|p2a: Arceus|246/280\n|-start|p2a: Arceus|move: Heal Block\n|\n|upkeep\n|turn|15\n|\n|t:|1782835421\n|move|p2a: Arceus|Body Press|p1a: Bronzong\n|-damage|p1a: Bronzong|157/261\n|move|p1a: Bronzong|Iron Defense|p1a: Bronzong\n|-boost|p1a: Bronzong|def|2\n|\n|-end|p2a: Arceus|move: Heal Block\n|upkeep\n|turn|16\n|\n|t:|1782835427\n|move|p2a: Arceus|Cosmic Power|p2a: Arceus\n|-boost|p2a: Arceus|def|1\n|-boost|p2a: Arceus|spd|1\n|move|p1a: Bronzong|Body Press|p2a: Arceus\n|-resisted|p2a: Arceus\n|-damage|p2a: Arceus|210/280\n|\n|upkeep\n|turn|17\n|\n|t:|1782835432\n|move|p2a: Arceus|Cosmic Power|p2a: Arceus\n|-boost|p2a: Arceus|def|1\n|-boost|p2a: Arceus|spd|1\n|move|p1a: Bronzong|Body Press|p2a: Arceus\n|-resisted|p2a: Arceus\n|-damage|p2a: Arceus|178/280\n|\n|upkeep\n|turn|18\n|\n|t:|1782835439\n|move|p2a: Arceus|Stored Power|p1a: Bronzong\n|-resisted|p1a: Bronzong\n|-damage|p1a: Bronzong|103/261\n|move|p1a: Bronzong|Body Press|p2a: Arceus\n|-resisted|p2a: Arceus\n|-damage|p2a: Arceus|143/280\n|\n|upkeep\n|turn|19\n|\n|t:|1782835445\n|move|p2a: Arceus|Stored Power|p1a: Bronzong\n|-resisted|p1a: Bronzong\n|-damage|p1a: Bronzong|55/261\n|move|p1a: Bronzong|Rest|p1a: Bronzong\n|-status|p1a: Bronzong|slp|[from] move: Rest\n|-heal|p1a: Bronzong|261/261 slp|[silent]\n|-enditem|p1a: Bronzong|Chesto Berry|[eat]\n|-curestatus|p1a: Bronzong|slp|[msg]\n|\n|upkeep\n|turn|20\n|\n|t:|1782835449\n|move|p2a: Arceus|Stored Power|p1a: Bronzong\n|-resisted|p1a: Bronzong\n|-damage|p1a: Bronzong|213/261\n|move|p1a: Bronzong|Body Press|p2a: Arceus\n|-resisted|p2a: Arceus\n|-damage|p2a: Arceus|108/280\n|\n|upkeep\n|turn|21\n|\n|t:|1782835454\n|move|p2a: Arceus|Stored Power|p1a: Bronzong\n|-resisted|p1a: Bronzong\n|-damage|p1a: Bronzong|162/261\n|move|p1a: Bronzong|Body Press|p2a: Arceus\n|-resisted|p2a: Arceus\n|-damage|p2a: Arceus|73/280\n|\n|upkeep\n|turn|22\n|\n|t:|1782835458\n|move|p2a: Arceus|Stored Power|p1a: Bronzong\n|-resisted|p1a: Bronzong\n|-damage|p1a: Bronzong|109/261\n|move|p1a: Bronzong|Body Press|p2a: Arceus\n|-resisted|p2a: Arceus\n|-damage|p2a: Arceus|41/280\n|\n|upkeep\n|turn|23\n|\n|t:|1782835467\n|move|p2a: Arceus|Stored Power|p1a: Bronzong\n|-resisted|p1a: Bronzong\n|-damage|p1a: Bronzong|56/261\n|move|p1a: Bronzong|Body Press|p2a: Arceus\n|-resisted|p2a: Arceus\n|-damage|p2a: Arceus|7/280\n|\n|upkeep\n|turn|24\n|\n|t:|1782835473\n|move|p2a: Arceus|Recover|p2a: Arceus\n|-heal|p2a: Arceus|147/280\n|move|p1a: Bronzong|Body Press|p2a: Arceus\n|-resisted|p2a: Arceus\n|-damage|p2a: Arceus|115/280\n|\n|upkeep\n|turn|25\n|\n|t:|1782835481\n|move|p2a: Arceus|Body Press|p1a: Bronzong\n|-damage|p1a: Bronzong|23/261\n|move|p1a: Bronzong|Rest|p1a: Bronzong\n|-status|p1a: Bronzong|slp|[from] move: Rest\n|-heal|p1a: Bronzong|261/261 slp|[silent]\n|\n|upkeep\n|turn|26\n|\n|t:|1782835488\n|move|p2a: Arceus|Stored Power|p1a: Bronzong\n|-resisted|p1a: Bronzong\n|-damage|p1a: Bronzong|208/261 slp\n|cant|p1a: Bronzong|slp\n|\n|upkeep\n|turn|27\n|\n|t:|1782835491\n|move|p2a: Arceus|Stored Power|p1a: Bronzong\n|-resisted|p1a: Bronzong\n|-damage|p1a: Bronzong|160/261 slp\n|cant|p1a: Bronzong|slp\n|\n|upkeep\n|turn|28\n|\n|t:|1782835498\n|move|p2a: Arceus|Stored Power|p1a: Bronzong\n|-resisted|p1a: Bronzong\n|-damage|p1a: Bronzong|112/261 slp\n|-curestatus|p1a: Bronzong|slp|[msg]\n|move|p1a: Bronzong|Body Press|p2a: Arceus\n|-resisted|p2a: Arceus\n|-damage|p2a: Arceus|83/280\n|\n|upkeep\n|turn|29\n|\n|t:|1782835503\n|move|p2a: Arceus|Stored Power|p1a: Bronzong\n|-resisted|p1a: Bronzong\n|-damage|p1a: Bronzong|63/261\n|move|p1a: Bronzong|Body Press|p2a: Arceus\n|-resisted|p2a: Arceus\n|-damage|p2a: Arceus|48/280\n|\n|upkeep\n|turn|30\n|\n|t:|1782835508\n|move|p2a: Arceus|Stored Power|p1a: Bronzong\n|-resisted|p1a: Bronzong\n|-damage|p1a: Bronzong|12/261\n|move|p1a: Bronzong|Rest|p1a: Bronzong\n|-status|p1a: Bronzong|slp|[from] move: Rest\n|-heal|p1a: Bronzong|261/261 slp|[silent]\n|\n|upkeep\n|turn|31\n|\n|t:|1782835512\n|move|p2a: Arceus|Stored Power|p1a: Bronzong\n|-resisted|p1a: Bronzong\n|-damage|p1a: Bronzong|213/261 slp\n|cant|p1a: Bronzong|slp\n|\n|upkeep\n|turn|32\n|\n|t:|1782835518\n|move|p2a: Arceus|Stored Power|p1a: Bronzong\n|-resisted|p1a: Bronzong\n|-damage|p1a: Bronzong|166/261 slp\n|cant|p1a: Bronzong|slp\n|\n|upkeep\n|turn|33\n|\n|t:|1782835522\n|move|p2a: Arceus|Stored Power|p1a: Bronzong\n|-resisted|p1a: Bronzong\n|-damage|p1a: Bronzong|120/261 slp\n|-curestatus|p1a: Bronzong|slp|[msg]\n|move|p1a: Bronzong|Psychic Noise|p2a: Arceus\n|-resisted|p2a: Arceus\n|-damage|p2a: Arceus|39/280\n|-start|p2a: Arceus|move: Heal Block\n|\n|upkeep\n|turn|34\n|\n|t:|1782835528\n|move|p2a: Arceus|Body Press|p1a: Bronzong\n|-damage|p1a: Bronzong|85/261\n|move|p1a: Bronzong|Body Press|p2a: Arceus\n|-resisted|p2a: Arceus\n|-damage|p2a: Arceus|6/280\n|\n|-end|p2a: Arceus|move: Heal Block\n|upkeep\n|turn|35\n|\n|t:|1782835533\n|move|p2a: Arceus|Recover|p2a: Arceus\n|-heal|p2a: Arceus|146/280\n|move|p1a: Bronzong|Psychic Noise|p2a: Arceus\n|-resisted|p2a: Arceus\n|-damage|p2a: Arceus|136/280\n|-start|p2a: Arceus|move: Heal Block\n|\n|upkeep\n|turn|36\n|\n|t:|1782835539\n|move|p2a: Arceus|Body Press|p1a: Bronzong\n|-damage|p1a: Bronzong|51/261\n|move|p1a: Bronzong|Rest|p1a: Bronzong\n|-status|p1a: Bronzong|slp|[from] move: Rest\n|-heal|p1a: Bronzong|261/261 slp|[silent]\n|\n|-end|p2a: Arceus|move: Heal Block\n|upkeep\n|turn|37\n|\n|t:|1782835544\n|move|p2a: Arceus|Body Press|p1a: Bronzong\n|-damage|p1a: Bronzong|226/261 slp\n|cant|p1a: Bronzong|slp\n|\n|upkeep\n|turn|38\n|\n|t:|1782835546\n|move|p2a: Arceus|Body Press|p1a: Bronzong\n|-damage|p1a: Bronzong|187/261 slp\n|cant|p1a: Bronzong|slp\n|\n|upkeep\n|turn|39\n|\n|t:|1782835550\n|move|p2a: Arceus|Body Press|p1a: Bronzong\n|-damage|p1a: Bronzong|150/261 slp\n|-curestatus|p1a: Bronzong|slp|[msg]\n|move|p1a: Bronzong|Psychic Noise|p2a: Arceus\n|-resisted|p2a: Arceus\n|-damage|p2a: Arceus|127/280\n|-start|p2a: Arceus|move: Heal Block\n|\n|upkeep\n|turn|40\n|\n|t:|1782835553\n|move|p2a: Arceus|Body Press|p1a: Bronzong\n|-damage|p1a: Bronzong|116/261\n|move|p1a: Bronzong|Body Press|p2a: Arceus\n|-resisted|p2a: Arceus\n|-damage|p2a: Arceus|95/280\n|\n|-end|p2a: Arceus|move: Heal Block\n|upkeep\n|turn|41\n|\n|t:|1782835558\n|move|p2a: Arceus|Body Press|p1a: Bronzong\n|-damage|p1a: Bronzong|82/261\n|move|p1a: Bronzong|Psychic Noise|p2a: Arceus\n|-resisted|p2a: Arceus\n|-damage|p2a: Arceus|86/280\n|-start|p2a: Arceus|move: Heal Block\n|\n|upkeep\n|turn|42\n|\n|t:|1782835565\n|move|p2a: Arceus|Body Press|p1a: Bronzong\n|-damage|p1a: Bronzong|48/261\n|move|p1a: Bronzong|Rest|p1a: Bronzong\n|-status|p1a: Bronzong|slp|[from] move: Rest\n|-heal|p1a: Bronzong|261/261 slp|[silent]\n|\n|-end|p2a: Arceus|move: Heal Block\n|upkeep\n|turn|43\n|\n|t:|1782835570\n|move|p2a: Arceus|Body Press|p1a: Bronzong\n|-damage|p1a: Bronzong|226/261 slp\n|cant|p1a: Bronzong|slp\n|\n|upkeep\n|turn|44\n|\n|t:|1782835573\n|move|p2a: Arceus|Body Press|p1a: Bronzong\n|-damage|p1a: Bronzong|188/261 slp\n|cant|p1a: Bronzong|slp\n|\n|upkeep\n|turn|45\n|\n|t:|1782835580\n|move|p2a: Arceus|Body Press|p1a: Bronzong\n|-damage|p1a: Bronzong|155/261 slp\n|-curestatus|p1a: Bronzong|slp|[msg]\n|move|p1a: Bronzong|Psychic Noise|p2a: Arceus\n|-resisted|p2a: Arceus\n|-damage|p2a: Arceus|77/280\n|-start|p2a: Arceus|move: Heal Block\n|\n|upkeep\n|turn|46\n|\n|t:|1782835587\n|move|p2a: Arceus|Body Press|p1a: Bronzong\n|-damage|p1a: Bronzong|117/261\n|move|p1a: Bronzong|Psychic Noise|p2a: Arceus\n|-resisted|p2a: Arceus\n|-damage|p2a: Arceus|68/280\n|\n|-end|p2a: Arceus|move: Heal Block\n|upkeep\n|turn|47\n|c|\u2606makkereel|NY CRIT?\n|c|\u2606makkereel|Any\n|\n|t:|1782835602\n|move|p2a: Arceus|Body Press|p1a: Bronzong\n|-damage|p1a: Bronzong|82/261\n|move|p1a: Bronzong|Psychic Noise|p2a: Arceus\n|-resisted|p2a: Arceus\n|-damage|p2a: Arceus|59/280\n|-start|p2a: Arceus|move: Heal Block\n|\n|upkeep\n|turn|48\n|\n|t:|1782835606\n|move|p2a: Arceus|Stored Power|p1a: Bronzong\n|-resisted|p1a: Bronzong\n|-damage|p1a: Bronzong|29/261\n|move|p1a: Bronzong|Rest|p1a: Bronzong\n|-status|p1a: Bronzong|slp|[from] move: Rest\n|-heal|p1a: Bronzong|261/261 slp|[silent]\n|\n|-end|p2a: Arceus|move: Heal Block\n|upkeep\n|turn|49\n|\n|t:|1782835613\n|move|p2a: Arceus|Stored Power|p1a: Bronzong\n|-resisted|p1a: Bronzong\n|-crit|p1a: Bronzong\n|-damage|p1a: Bronzong|186/261 slp\n|cant|p1a: Bronzong|slp\n|\n|upkeep\n|turn|50\n|\n|t:|1782835623\n|switch|p2a: Dipplin|Dipplin, L88, F|284/284\n|cant|p1a: Bronzong|slp\n|\n|upkeep\n|turn|51\n|\n|t:|1782835627\n|-curestatus|p1a: Bronzong|slp|[msg]\n|move|p1a: Bronzong|Psychic Noise|p2a: Dipplin\n|-damage|p2a: Dipplin|236/284\n|-start|p2a: Dipplin|move: Heal Block\n|move|p2a: Dipplin|Dragon Tail|p1a: Bronzong\n|-resisted|p1a: Bronzong\n|-damage|p1a: Bronzong|180/261\n|drag|p1a: Maushold|Maushold, L76|238/238\n|\n|upkeep\n|turn|52\n|\n|t:|1782835643\n|move|p1a: Maushold|Population Bomb|p2a: Dipplin\n|-damage|p2a: Dipplin|223/284\n|-crit|p2a: Dipplin\n|-damage|p2a: Dipplin|201/284\n|-damage|p2a: Dipplin|189/284\n|-damage|p2a: Dipplin|176/284\n|-damage|p2a: Dipplin|163/284\n|-damage|p2a: Dipplin|150/284\n|-damage|p2a: Dipplin|138/284\n|-damage|p2a: Dipplin|125/284\n|-damage|p2a: Dipplin|112/284\n|-damage|p2a: Dipplin|100/284\n|-hitcount|p2a: Dipplin|10\n|move|p2a: Dipplin|Dragon Pulse|p1a: Maushold\n|-damage|p1a: Maushold|111/238\n|\n|-end|p2a: Dipplin|move: Heal Block\n|upkeep\n|turn|53\n|\n|t:|1782835663\n|switch|p2a: Arceus|Arceus-Psychic, L69|59/280\n|move|p1a: Maushold|Population Bomb|p2a: Arceus\n|-damage|p2a: Arceus|37/280\n|-damage|p2a: Arceus|15/280\n|-damage|p2a: Arceus|0 fnt\n|faint|p2a: Arceus\n|-hitcount|p2: Arceus|3\n|\n|upkeep\n|\n|t:|1782835668\n|switch|p2a: Thundurus|Thundurus-Therian, L80, M|258/258\n|turn|54\n|\n|t:|1782835671\n|switch|p1a: Pawmot|Pawmot, L80, M|243/243\n|move|p2a: Thundurus|Thunderbolt|p1a: Pawmot\n|-resisted|p1a: Pawmot\n|-damage|p1a: Pawmot|156/243\n|\n|upkeep\n|turn|55\n|\n|t:|1782835687\n|move|p2a: Thundurus|Thunderbolt|p1a: Pawmot\n|-resisted|p1a: Pawmot\n|-damage|p1a: Pawmot|76/243\n|move|p1a: Pawmot|Ice Punch|p2a: Thundurus\n|-supereffective|p2a: Thundurus\n|-damage|p2a: Thundurus|53/258\n|-damage|p1a: Pawmot|52/243|[from] item: Life Orb\n|\n|upkeep\n|turn|56\n|inactive|Smucky has 120 seconds left.\n|\n|t:|1782835713\n|move|p2a: Thundurus|Thunderbolt|p1a: Pawmot\n|-resisted|p1a: Pawmot\n|-damage|p1a: Pawmot|0 fnt\n|faint|p1a: Pawmot\n|\n|upkeep\n|\n|t:|1782835715\n|switch|p1a: Bronzong|Bronzong, L88|180/261\n|turn|57\n|\n|t:|1782835722\n|move|p2a: Thundurus|Thunderbolt|p1a: Bronzong\n|-damage|p1a: Bronzong|78/261\n|-status|p1a: Bronzong|par\n|move|p1a: Bronzong|Psychic Noise|p2a: Thundurus\n|-damage|p2a: Thundurus|0 fnt\n|faint|p2a: Thundurus\n|\n|upkeep\n|\n|t:|1782835730\n|switch|p2a: Braviary|Braviary, L85, M|309/309\n|turn|58\n|\n|t:|1782835750\n|switch|p1a: Maushold|Maushold, L76|111/238\n|move|p2a: Braviary|Close Combat|p1a: Maushold\n|-supereffective|p1a: Maushold\n|-damage|p1a: Maushold|0 fnt\n|-unboost|p2a: Braviary|def|1\n|-unboost|p2a: Braviary|spd|1\n|faint|p1a: Maushold\n|\n|upkeep\n|\n|t:|1782835778\n|switch|p1a: Infernape|Infernape, L82, M|259/259\n|turn|59\n|\n|t:|1782835799\n|switch|p2a: Dipplin|Dipplin, L88, F|100/284\n|move|p1a: Infernape|Stone Edge|p2a: Dipplin\n|-damage|p2a: Dipplin|53/284\n|-damage|p1a: Infernape|234/259|[from] item: Life Orb\n|\n|upkeep\n|turn|60\n|\n|t:|1782835811\n|move|p1a: Infernape|Close Combat|p2a: Dipplin\n|-damage|p2a: Dipplin|0 fnt\n|-unboost|p1a: Infernape|def|1\n|-unboost|p1a: Infernape|spd|1\n|faint|p2a: Dipplin\n|-damage|p1a: Infernape|209/259|[from] item: Life Orb\n|\n|upkeep\n|\n|t:|1782835822\n|switch|p2a: Braviary|Braviary, L85, M|309/309\n|turn|61\n|\n|t:|1782835829\n|-terastallize|p2a: Braviary|Fighting\n|move|p1a: Infernape|Close Combat|p2a: Braviary\n|-damage|p2a: Braviary|117/309\n|-unboost|p1a: Infernape|def|1\n|-unboost|p1a: Infernape|spd|1\n|-damage|p1a: Infernape|184/259|[from] item: Life Orb\n|move|p2a: Braviary|Bulk Up|p2a: Braviary\n|-boost|p2a: Braviary|atk|1\n|-boost|p2a: Braviary|def|1\n|\n|upkeep\n|turn|62\n|\n|t:|1782835840\n|move|p1a: Infernape|Overheat|p2a: Braviary\n|-damage|p2a: Braviary|0 fnt\n|-unboost|p1a: Infernape|spa|2\n|faint|p2a: Braviary\n|-damage|p1a: Infernape|159/259|[from] item: Life Orb\n|\n|upkeep\n|\n|t:|1782835843\n|switch|p2a: Diancie|Diancie, L82|216/216\n|turn|63\n|\n|t:|1782835846\n|move|p1a: Infernape|Close Combat|p2a: Diancie\n|-damage|p2a: Diancie|99/216\n|-unboost|p1a: Infernape|def|1\n|-unboost|p1a: Infernape|spd|1\n|-damage|p1a: Infernape|134/259|[from] item: Life Orb\n|move|p2a: Diancie|Diamond Storm|p1a: Infernape\n|-damage|p1a: Infernape|0 fnt\n|faint|p1a: Infernape\n|\n|-heal|p2a: Diancie|112/216|[from] item: Leftovers\n|upkeep\n|\n|t:|1782835849\n|switch|p1a: Blastoise|Blastoise, L80, M|258/258\n|turn|64\n|\n|t:|1782835854\n|move|p1a: Blastoise|Hydro Pump|p2a: Diancie\n|-supereffective|p2a: Diancie\n|-damage|p2a: Diancie|0 fnt\n|faint|p2a: Diancie\n|\n|win|Smucky\n", "inputlog": ">version f8ac14003a5f27e1bdc8d8c59608a773c1cb96e5\n>start {\"formatid\":\"gen9randombattle\",\"seed\":\"sodium,d356c7b71bf8fa3535f025a8f1f65c6a\",\"rated\":\"Rated battle\"}\n>player p1 {\"name\":\"Smucky\",\"avatar\":\"cynthia-gen7\",\"rating\":2210,\"seed\":\"sodium,c07dc7acec09bf3f9725f492207f6828\"}\n>player p2 {\"name\":\"makkereel\",\"avatar\":\"170\",\"rating\":2163,\"seed\":\"sodium,dd29448308aa63c589f3a5c187bce2f8\"}\n>p1 move dragondance\n>p2 move stoneedge\n>p1 move waterfall\n>p2 move accelerock\n>p2 switch 5\n>p1 move waterfall\n>p2 move voltswitch\n>p2 switch 4\n>p1 switch 2\n>p1 move psychicnoise\n>p2 switch 2\n>p1 switch 5\n>p2 move cosmicpower\n>p1 move encore\n>p2 switch 6\n>p1 switch 5\n>p2 move diamondstorm\n>p1 move irondefense\n>p2 switch 6\n>p1 move bodypress\n>p2 move cosmicpower\n>p1 move irondefense\n>p2 move bodypress\n>p1 move bodypress\n>p2 move cosmicpower\n>p1 move psychicnoise\n>p2 move cosmicpower\n>p1 move psychicnoise\n>p2 move cosmicpower\n>p1 move psychicnoise\n>p2 move recover\n>p1 move irondefense\n>p2 move bodypress\n>p1 move bodypress\n>p2 move cosmicpower\n>p1 move bodypress\n>p2 move cosmicpower\n>p1 move bodypress\n>p2 move storedpower\n>p1 move rest\n>p2 move storedpower\n>p1 move bodypress\n>p2 move storedpower\n>p1 move bodypress\n>p2 move storedpower\n>p1 move bodypress\n>p2 move storedpower\n>p1 move bodypress\n>p2 move storedpower\n>p1 move bodypress\n>p2 move recover\n>p1 move rest\n>p2 move bodypress\n>p1 move bodypress\n>p2 move storedpower\n>p1 move bodypress\n>p2 move storedpower\n>p1 move bodypress\n>p2 move storedpower\n>p1 move bodypress\n>p2 move storedpower\n>p1 move rest\n>p2 move storedpower\n>p1 move bodypress\n>p2 move storedpower\n>p1 move bodypress\n>p2 move storedpower\n>p1 move psychicnoise\n>p2 move storedpower\n>p1 move bodypress\n>p2 move bodypress\n>p1 move psychicnoise\n>p2 move recover\n>p1 move rest\n>p2 move bodypress\n>p1 move bodypress\n>p2 move bodypress\n>p1 move rest\n>p2 move bodypress\n>p1 move psychicnoise\n>p2 move bodypress\n>p1 move bodypress\n>p2 move bodypress\n>p1 move psychicnoise\n>p2 move bodypress\n>p1 move rest\n>p2 move bodypress\n>p1 move psychicnoise\n>p2 move bodypress\n>p1 move psychicnoise\n>p2 move bodypress\n>p1 move psychicnoise\n>p2 move bodypress\n>p1 move psychicnoise\n>p2 move bodypress\n>chat \u2606makkereel|NY CRIT?\n>chat \u2606makkereel|Any\n>p1 move psychicnoise\n>p2 move bodypress\n>p1 move rest\n>p2 move storedpower\n>p1 move psychicnoise\n>p2 move storedpower\n>p1 move irondefense\n>p2 switch 2\n>p1 move psychicnoise\n>p2 move dragontail\n>p1 move populationbomb\n>p2 move dragonpulse\n>p1 move populationbomb\n>p2 switch 2\n>p2 switch 4\n>p1 switch 3\n>p2 move thunderbolt\n>p1 move icepunch\n>p2 move thunderbolt\n>p1 move icepunch\n>p2 move thunderbolt\n>p1 switch 5\n>p1 move psychicnoise\n>p2 move thunderbolt\n>p2 switch 3\n>p1 switch 3\n>p2 move closecombat\n>p1 switch 4\n>p1 move stoneedge\n>p2 switch 2\n>p1 move closecombat\n>p2 move dragonpulse\n>p2 switch 2\n>p1 move closecombat\n>p2 move bulkup terastallize\n>p1 move overheat\n>p2 move roost\n>p2 switch 6\n>p1 move closecombat\n>p2 move diamondstorm\n>p1 switch 6\n>p1 move hydropump\n>p2 move calmmind", "uploadtime": 1782835192, "views": 4, "formatid": "gen9randombattle", "rating": null, "private": 0, "password": null, "player_dets": [{"name": "Smucky", "avatar": "cynthia-gen7", "rating": 2210, "seed": "sodium,c07dc7acec09bf3f9725f492207f6828"}, {"name": "makkereel", "avatar": "170", "rating": 2163, "seed": "sodium,dd29448308aa63c589f3a5c187bce2f8"}], "teams_full": [{"Kingdra": {"name": "Kingdra", "species": "Kingdra", "speciesId": "kingdra", "gender": "M", "shiny": false, "level": 84, "moves": ["waterfall", "wavecrash", "outrage", "dragondance"], "ability": "Sniper", "evs": {"hp": 85, "atk": 85, "def": 85, "spa": 85, "spd": 85, "spe": 85}, "ivs": {"hp": 31, "atk": 31, "def": 31, "spa": 31, "spd": 31, "spe": 31}, "item": "Lum Berry", "teraType": "Water", "role": "Setup Sweeper", "bvs": {"hp": 75, "atk": 95, "def": 95, "spa": 95, "spd": 95, "spe": 85}, "stats": {"hp": 263, "atk": 208, "def": 208, "spa": 208, "spd": 208, "spe": 191}, "types": ["Water", "Dragon"]}, "Bronzong": {"name": "Bronzong", "species": "Bronzong", "speciesId": "bronzong", "gender": "N", "shiny": false, "level": 88, "moves": ["rest", "bodypress", "psychicnoise", "irondefense"], "ability": "Levitate", "evs": {"hp": 85, "atk": 0, "def": 85, "spa": 85, "spd": 85, "spe": 85}, "ivs": {"hp": 31, "atk": 0, "def": 31, "spa": 31, "spd": 31, "spe": 31}, "item": "Chesto Berry", "teraType": "Fighting", "role": "Bulky Setup", "bvs": {"hp": 67, "atk": 89, "def": 116, "spa": 79, "spd": 116, "spe": 33}, "stats": {"hp": 261, "atk": 161, "def": 254, "spa": 189, "spd": 254, "spe": 108}, "types": ["Steel", "Psychic"]}, "Pawmot": {"name": "Pawmot", "species": "Pawmot", "speciesId": "pawmot", "gender": "M", "shiny": false, "level": 80, "moves": ["icepunch", "doubleshock", "closecombat", "revivalblessing"], "ability": "Iron Fist", "evs": {"hp": 85, "atk": 85, "def": 85, "spa": 85, "spd": 85, "spe": 85}, "ivs": {"hp": 31, "atk": 31, "def": 31, "spa": 31, "spd": 31, "spe": 31}, "item": "Life Orb", "teraType": "Electric", "role": "Wallbreaker", "bvs": {"hp": 70, "atk": 115, "def": 70, "spa": 70, "spd": 60, "spe": 105}, "stats": {"hp": 243, "atk": 230, "def": 158, "spa": 158, "spd": 142, "spe": 214}, "types": ["Electric", "Fighting"]}, "Infernape": {"name": "Infernape", "species": "Infernape", "speciesId": "infernape", "gender": "M", "shiny": false, "level": 82, "moves": ["closecombat", "stoneedge", "knockoff", "overheat"], "ability": "Blaze", "evs": {"hp": 85, "atk": 85, "def": 85, "spa": 85, "spd": 85, "spe": 85}, "ivs": {"hp": 31, "atk": 31, "def": 31, "spa": 31, "spd": 31, "spe": 31}, "item": "Life Orb", "teraType": "Fire", "role": "Fast Attacker", "bvs": {"hp": 76, "atk": 104, "def": 71, "spa": 104, "spd": 71, "spe": 108}, "stats": {"hp": 259, "atk": 218, "def": 164, "spa": 218, "spd": 164, "spe": 224}, "types": ["Fire", "Fighting"]}, "Maushold": {"name": "Maushold", "species": "Maushold", "speciesId": "maushold", "gender": "N", "shiny": false, "level": 76, "moves": ["populationbomb", "encore", "bite", "tidyup"], "ability": "Technician", "evs": {"hp": 85, "atk": 85, "def": 85, "spa": 85, "spd": 85, "spe": 85}, "ivs": {"hp": 31, "atk": 31, "def": 31, "spa": 31, "spd": 31, "spe": 31}, "item": "Wide Lens", "teraType": "Ghost", "role": "Setup Sweeper", "bvs": {"hp": 74, "atk": 75, "def": 70, "spa": 65, "spd": 75, "spe": 111}, "stats": {"hp": 238, "atk": 158, "def": 150, "spa": 143, "spd": 158, "spe": 213}, "types": ["Normal"]}, "Blastoise": {"name": "Blastoise", "species": "Blastoise", "speciesId": "blastoise", "gender": "M", "shiny": false, "level": 80, "moves": ["shellsmash", "earthquake", "icebeam", "hydropump"], "ability": "Torrent", "evs": {"hp": 85, "atk": 85, "def": 85, "spa": 85, "spd": 85, "spe": 85}, "ivs": {"hp": 31, "atk": 31, "def": 31, "spa": 31, "spd": 31, "spe": 31}, "item": "White Herb", "teraType": "Water", "role": "Setup Sweeper", "bvs": {"hp": 79, "atk": 83, "def": 100, "spa": 85, "spd": 105, "spe": 78}, "stats": {"hp": 258, "atk": 179, "def": 206, "spa": 182, "spd": 214, "spe": 171}, "types": ["Water"]}}, {"Lycanroc": {"name": "Lycanroc", "species": "Lycanroc-Dusk", "speciesId": "lycanrocdusk", "gender": "F", "shiny": false, "level": 81, "moves": ["stoneedge", "closecombat", "swordsdance", "accelerock"], "ability": "Tough Claws", "evs": {"hp": 85, "atk": 85, "def": 85, "spa": 85, "spd": 85, "spe": 85}, "ivs": {"hp": 31, "atk": 31, "def": 31, "spa": 31, "spd": 31, "spe": 31}, "item": "Life Orb", "teraType": "Fighting", "role": "Setup Sweeper", "bvs": {"hp": 75, "atk": 117, "def": 65, "spa": 55, "spd": 65, "spe": 110}, "stats": {"hp": 254, "atk": 236, "def": 152, "spa": 136, "spd": 152, "spe": 225}, "types": ["Rock"]}, "Arceus": {"name": "Arceus", "species": "Arceus-Psychic", "speciesId": "arceuspsychic", "gender": "N", "shiny": false, "level": 69, "moves": ["storedpower", "bodypress", "recover", "cosmicpower"], "ability": "Multitype", "evs": {"hp": 85, "atk": 0, "def": 85, "spa": 85, "spd": 85, "spe": 85}, "ivs": {"hp": 31, "atk": 0, "def": 31, "spa": 31, "spd": 31, "spe": 31}, "item": "Mind Plate", "teraType": "Steel", "role": "Bulky Setup", "bvs": {"hp": 120, "atk": 120, "def": 120, "spa": 120, "spd": 120, "spe": 120}, "stats": {"hp": 280, "atk": 170, "def": 206, "spa": 206, "spd": 206, "spe": 206}, "types": ["Psychic"]}, "Braviary": {"name": "Braviary", "species": "Braviary", "speciesId": "braviary", "gender": "M", "shiny": false, "level": 85, "moves": ["bravebird", "closecombat", "roost", "bulkup"], "ability": "Defiant", "evs": {"hp": 85, "atk": 85, "def": 85, "spa": 85, "spd": 85, "spe": 85}, "ivs": {"hp": 31, "atk": 31, "def": 31, "spa": 31, "spd": 31, "spe": 31}, "item": "Heavy-Duty Boots", "teraType": "Fighting", "role": "Fast Bulky Setup", "bvs": {"hp": 100, "atk": 123, "def": 75, "spa": 57, "spd": 75, "spe": 80}, "stats": {"hp": 309, "atk": 258, "def": 176, "spa": 146, "spd": 176, "spe": 185}, "types": ["Normal", "Flying"]}, "Dipplin": {"name": "Dipplin", "species": "Dipplin", "speciesId": "dipplin", "gender": "F", "shiny": false, "level": 88, "moves": ["gigadrain", "dragontail", "recover", "dragonpulse"], "ability": "Sticky Hold", "evs": {"hp": 85, "atk": 85, "def": 85, "spa": 85, "spd": 85, "spe": 85}, "ivs": {"hp": 31, "atk": 31, "def": 31, "spa": 31, "spd": 31, "spe": 31}, "item": "Eviolite", "teraType": "Steel", "role": "Bulky Attacker", "bvs": {"hp": 80, "atk": 80, "def": 110, "spa": 95, "spd": 80, "spe": 40}, "stats": {"hp": 284, "atk": 191, "def": 244, "spa": 217, "spd": 191, "spe": 121}, "types": ["Grass", "Dragon"]}, "Thundurus": {"name": "Thundurus", "species": "Thundurus-Therian", "speciesId": "thundurustherian", "gender": "M", "shiny": false, "level": 80, "moves": ["focusblast", "voltswitch", "sludgewave", "thunderbolt"], "ability": "Volt Absorb", "evs": {"hp": 85, "atk": 0, "def": 85, "spa": 85, "spd": 85, "spe": 85}, "ivs": {"hp": 31, "atk": 0, "def": 31, "spa": 31, "spd": 31, "spe": 31}, "item": "Choice Scarf", "teraType": "Electric", "role": "Fast Attacker", "bvs": {"hp": 79, "atk": 105, "def": 70, "spa": 145, "spd": 80, "spe": 101}, "stats": {"hp": 258, "atk": 173, "def": 158, "spa": 278, "spd": 174, "spe": 208}, "types": ["Electric", "Flying"]}, "Diancie": {"name": "Diancie", "species": "Diancie", "speciesId": "diancie", "gender": "N", "shiny": false, "level": 82, "moves": ["drainingkiss", "calmmind", "diamondstorm", "earthpower"], "ability": "Clear Body", "evs": {"hp": 85, "atk": 85, "def": 85, "spa": 85, "spd": 85, "spe": 85}, "ivs": {"hp": 31, "atk": 31, "def": 31, "spa": 31, "spd": 31, "spe": 31}, "item": "Leftovers", "teraType": "Water", "role": "Bulky Setup", "bvs": {"hp": 50, "atk": 100, "def": 150, "spa": 100, "spd": 150, "spe": 50}, "stats": {"hp": 216, "atk": 211, "def": 293, "spa": 211, "spd": 293, "spe": 129}, "types": ["Rock", "Fairy"]}}]}