{"id": "gen9randombattle-2641060282", "format": "[Gen 9] Random Battle", "players": ["Uhdb", "GoofierBowl1040"], "log": "|j|\u2606Uhdb\n|j|\u2606GoofierBowl1040\n|t:|1782734309\n|gametype|singles\n|player|p1|Uhdb|170|2045\n|player|p2|GoofierBowl1040|miku-ghost|1947\n|gen|9\n|tier|[Gen 9] Random Battle\n|rated|\n|rule|Species Clause: Limit one of each Pok\u00e9mon\n|rule|HP Percentage Mod: HP is shown in percentages\n|rule|Sleep Clause Mod: Limit one foe put to sleep\n|rule|Illusion Level Mod: Illusion disguises the Pok\u00e9mon's true level\n|\n|t:|1782734309\n|teamsize|p1|6\n|teamsize|p2|6\n|start\n|switch|p1a: Koraidon|Koraidon, L64|235/235\n|switch|p2a: Trevenant|Trevenant, L89, F|296/296\n|-weather|SunnyDay|[from] ability: Orichalcum Pulse|[of] p1a: Koraidon\n|-activate|p1a: Koraidon|Orichalcum Pulse|[source]\n|turn|1\n|\n|t:|1782734315\n|switch|p2a: Scream Tail|Scream Tail, L84|330/330\n|-activate|p2a: Scream Tail|ability: Protosynthesis\n|-start|p2a: Scream Tail|protosynthesisspd\n|move|p1a: Koraidon|Flare Blitz|p2a: Scream Tail\n|-damage|p2a: Scream Tail|149/330\n|-damage|p1a: Koraidon|175/235|[from] Recoil\n|\n|-weather|SunnyDay|[upkeep]\n|-heal|p2a: Scream Tail|169/330|[from] item: Leftovers\n|upkeep\n|turn|2\n|inactive|Battle timer is ON: inactive players will automatically lose when time's up. (requested by GoofierBowl1040)\n|\n|t:|1782734331\n|switch|p1a: Armarouge|Armarouge, L80, M|267/267\n|move|p2a: Scream Tail|Dazzling Gleam|p1a: Armarouge\n|-resisted|p1a: Armarouge\n|-damage|p1a: Armarouge|234/267\n|\n|-weather|SunnyDay|[upkeep]\n|-heal|p2a: Scream Tail|189/330|[from] item: Leftovers\n|upkeep\n|turn|3\n|\n|t:|1782734335\n|move|p2a: Scream Tail|Wish|p2a: Scream Tail\n|move|p1a: Armarouge|Armor Cannon|p2a: Scream Tail\n|-damage|p2a: Scream Tail|54/330\n|-unboost|p1a: Armarouge|def|1\n|-unboost|p1a: Armarouge|spd|1\n|\n|-weather|SunnyDay|[upkeep]\n|-heal|p2a: Scream Tail|74/330|[from] item: Leftovers\n|upkeep\n|turn|4\n|\n|t:|1782734357\n|switch|p1a: Fezandipiti|Fezandipiti, L82, M|278/278\n|move|p2a: Scream Tail|Protect||[still]\n|-fail|p2a: Scream Tail\n|\n|-weather|SunnyDay|[upkeep]\n|-heal|p2a: Scream Tail|239/330|[from] move: Wish|[wisher] Scream Tail\n|-heal|p2a: Scream Tail|259/330|[from] item: Leftovers\n|upkeep\n|turn|5\n|\n|t:|1782734364\n|-end|p2a: Scream Tail|Protosynthesis|[silent]\n|switch|p2a: Trevenant|Trevenant, L89, F|296/296\n|move|p1a: Fezandipiti|Gunk Shot|p2a: Trevenant|[miss]\n|-miss|p1a: Fezandipiti|p2a: Trevenant\n|\n|-weather|none\n|upkeep\n|turn|6\n|\n|t:|1782734372\n|switch|p1a: Sawsbuck|Sawsbuck-Summer, L88, F|284/284\n|move|p2a: Trevenant|Poltergeist|p1a: Sawsbuck\n|-immune|p1a: Sawsbuck\n|\n|upkeep\n|turn|7\n|\n|t:|1782734386\n|switch|p1a: Fezandipiti|Fezandipiti, L82, M|278/278\n|move|p2a: Trevenant|Drain Punch|p1a: Fezandipiti\n|-resisted|p1a: Fezandipiti\n|-damage|p1a: Fezandipiti|259/278\n|\n|-heal|p1a: Fezandipiti|276/278|[from] item: Leftovers\n|upkeep\n|turn|8\n|\n|t:|1782734403\n|move|p1a: Fezandipiti|Gunk Shot|p2a: Trevenant\n|-damage|p2a: Trevenant|176/296\n|move|p2a: Trevenant|Poltergeist|p1a: Fezandipiti\n|-activate|p1a: Fezandipiti|move: Poltergeist|Leftovers\n|-crit|p1a: Fezandipiti\n|-damage|p1a: Fezandipiti|63/278\n|\n|-heal|p1a: Fezandipiti|80/278|[from] item: Leftovers\n|upkeep\n|turn|9\n|\n|t:|1782734410\n|move|p2a: Trevenant|Protect|p2a: Trevenant\n|-singleturn|p2a: Trevenant|Protect\n|move|p1a: Fezandipiti|Gunk Shot|p2a: Trevenant\n|-activate|p2a: Trevenant|move: Protect\n|\n|-heal|p1a: Fezandipiti|97/278|[from] item: Leftovers\n|upkeep\n|turn|10\n|\n|t:|1782734416\n|move|p1a: Fezandipiti|Gunk Shot|p2a: Trevenant\n|-damage|p2a: Trevenant|62/296\n|-enditem|p2a: Trevenant|Sitrus Berry|[eat]\n|-heal|p2a: Trevenant|136/296|[from] item: Sitrus Berry\n|move|p2a: Trevenant|Poltergeist|p1a: Fezandipiti\n|-activate|p1a: Fezandipiti|move: Poltergeist|Leftovers\n|-damage|p1a: Fezandipiti|0 fnt\n|faint|p1a: Fezandipiti\n|\n|-item|p2a: Trevenant|Sitrus Berry|[from] ability: Harvest\n|upkeep\n|-enditem|p2a: Trevenant|Sitrus Berry|[eat]\n|-heal|p2a: Trevenant|210/296|[from] item: Sitrus Berry\n|\n|t:|1782734437\n|switch|p1a: Armarouge|Armarouge, L80, M|234/267\n|turn|11\n|\n|t:|1782734440\n|move|p2a: Trevenant|Protect|p2a: Trevenant\n|-singleturn|p2a: Trevenant|Protect\n|move|p1a: Armarouge|Armor Cannon|p2a: Trevenant\n|-activate|p2a: Trevenant|move: Protect\n|\n|-item|p2a: Trevenant|Sitrus Berry|[from] ability: Harvest\n|upkeep\n|turn|12\n|\n|t:|1782734452\n|switch|p2a: Scream Tail|Scream Tail, L84|259/330\n|move|p1a: Armarouge|Meteor Beam||[still]\n|-prepare|p1a: Armarouge|Meteor Beam\n|-boost|p1a: Armarouge|spa|1\n|-enditem|p1a: Armarouge|Power Herb\n|-anim|p1a: Armarouge|Meteor Beam|p2a: Scream Tail\n|-damage|p2a: Scream Tail|152/330\n|\n|-heal|p2a: Scream Tail|172/330|[from] item: Leftovers\n|upkeep\n|turn|13\n|\n|t:|1782734457\n|move|p2a: Scream Tail|Encore|p1a: Armarouge\n|-start|p1a: Armarouge|Encore\n|move|p1a: Armarouge|Meteor Beam||[still]\n|-prepare|p1a: Armarouge|Meteor Beam\n|-boost|p1a: Armarouge|spa|1\n|\n|-heal|p2a: Scream Tail|192/330|[from] item: Leftovers\n|upkeep\n|turn|14\n|\n|t:|1782734460\n|move|p2a: Scream Tail|Protect|p2a: Scream Tail\n|-singleturn|p2a: Scream Tail|Protect\n|move|p1a: Armarouge|Meteor Beam|p2a: Scream Tail|[from] lockedmove\n|-activate|p2a: Scream Tail|move: Protect\n|\n|-heal|p2a: Scream Tail|212/330|[from] item: Leftovers\n|upkeep\n|turn|15\n|\n|t:|1782734469\n|switch|p1a: Tsareena|Tsareena, L87, F|267/267\n|move|p2a: Scream Tail|Wish|p2a: Scream Tail\n|\n|-heal|p2a: Scream Tail|232/330|[from] item: Leftovers\n|upkeep\n|turn|16\n|\n|t:|1782734483\n|-end|p2a: Scream Tail|Protosynthesis|[silent]\n|switch|p2a: Trevenant|Trevenant, L89, F|210/296\n|move|p1a: Tsareena|U-turn|p2a: Trevenant\n|-crit|p2a: Trevenant\n|-damage|p2a: Trevenant|117/296\n|-enditem|p2a: Trevenant|Sitrus Berry|[eat]\n|-heal|p2a: Trevenant|191/296|[from] item: Sitrus Berry\n|\n|t:|1782734489\n|switch|p1a: Koraidon|Koraidon, L64|175/235|[from] U-turn\n|-weather|SunnyDay|[from] ability: Orichalcum Pulse|[of] p1a: Koraidon\n|-activate|p1a: Koraidon|Orichalcum Pulse|[source]\n|\n|-weather|SunnyDay|[upkeep]\n|-heal|p2a: Trevenant|296/296|[from] move: Wish|[wisher] Scream Tail\n|-item|p2a: Trevenant|Sitrus Berry|[from] ability: Harvest\n|upkeep\n|turn|17\n|\n|t:|1782734492\n|move|p2a: Trevenant|Protect|p2a: Trevenant\n|-singleturn|p2a: Trevenant|Protect\n|move|p1a: Koraidon|U-turn|p2a: Trevenant\n|-activate|p2a: Trevenant|move: Protect\n|\n|-weather|SunnyDay|[upkeep]\n|upkeep\n|turn|18\n|\n|t:|1782734495\n|move|p1a: Koraidon|U-turn|p2a: Trevenant\n|-damage|p2a: Trevenant|211/296\n|\n|t:|1782734498\n|switch|p1a: Sawsbuck|Sawsbuck-Summer, L88, F|284/284|[from] U-turn\n|move|p2a: Trevenant|Toxic|p1a: Sawsbuck\n|-status|p1a: Sawsbuck|tox\n|\n|-weather|SunnyDay|[upkeep]\n|-damage|p1a: Sawsbuck|267/284 tox|[from] psn\n|upkeep\n|turn|19\n|\n|t:|1782734507\n|move|p2a: Trevenant|Protect|p2a: Trevenant\n|-singleturn|p2a: Trevenant|Protect\n|move|p1a: Sawsbuck|Swords Dance|p1a: Sawsbuck\n|-boost|p1a: Sawsbuck|atk|2\n|\n|-weather|SunnyDay|[upkeep]\n|-damage|p1a: Sawsbuck|233/284 tox|[from] psn\n|upkeep\n|turn|20\n|\n|t:|1782734515\n|move|p1a: Sawsbuck|Horn Leech|p2a: Trevenant\n|-resisted|p2a: Trevenant\n|-damage|p2a: Trevenant|81/296\n|-heal|p1a: Sawsbuck|284/284 tox|[from] drain|[of] p2a: Trevenant\n|-enditem|p2a: Trevenant|Sitrus Berry|[eat]\n|-heal|p2a: Trevenant|155/296|[from] item: Sitrus Berry\n|-damage|p1a: Sawsbuck|256/284 tox|[from] item: Life Orb\n|move|p2a: Trevenant|Drain Punch|p1a: Sawsbuck\n|-supereffective|p1a: Sawsbuck\n|-damage|p1a: Sawsbuck|94/284 tox\n|-heal|p2a: Trevenant|236/296|[from] drain|[of] p1a: Sawsbuck\n|\n|-weather|none\n|-damage|p1a: Sawsbuck|43/284 tox|[from] psn\n|-item|p2a: Trevenant|Sitrus Berry|[from] ability: Harvest\n|upkeep\n|turn|21\n|\n|t:|1782734523\n|switch|p1a: Koraidon|Koraidon, L64|175/235\n|-weather|SunnyDay|[from] ability: Orichalcum Pulse|[of] p1a: Koraidon\n|-activate|p1a: Koraidon|Orichalcum Pulse|[source]\n|move|p2a: Trevenant|Protect||[still]\n|-fail|p2a: Trevenant\n|\n|-weather|SunnyDay|[upkeep]\n|upkeep\n|turn|22\n|\n|t:|1782734526\n|move|p2a: Trevenant|Protect|p2a: Trevenant\n|-singleturn|p2a: Trevenant|Protect\n|move|p1a: Koraidon|Flare Blitz|p2a: Trevenant\n|-activate|p2a: Trevenant|move: Protect\n|\n|-weather|SunnyDay|[upkeep]\n|upkeep\n|turn|23\n|\n|t:|1782734531\n|switch|p2a: Kingdra|Kingdra, L84, M|263/263\n|-terastallize|p1a: Koraidon|Fire\n|move|p1a: Koraidon|Flare Blitz|p2a: Kingdra\n|-resisted|p2a: Kingdra\n|-damage|p2a: Kingdra|189/263\n|-damage|p1a: Koraidon|151/235|[from] Recoil\n|\n|-weather|SunnyDay|[upkeep]\n|upkeep\n|turn|24\n|\n|t:|1782734536\n|switch|p1a: Tsareena|Tsareena, L87, F|267/267\n|move|p2a: Kingdra|Dragon Dance|p2a: Kingdra\n|-boost|p2a: Kingdra|atk|1\n|-boost|p2a: Kingdra|spe|1\n|\n|-weather|SunnyDay|[upkeep]\n|upkeep\n|turn|25\n|\n|t:|1782734541\n|switch|p2a: Trevenant|Trevenant, L89, F|236/296\n|move|p1a: Tsareena|Power Whip|p2a: Trevenant\n|-resisted|p2a: Trevenant\n|-damage|p2a: Trevenant|159/296\n|\n|-weather|none\n|upkeep\n|turn|26\n|\n|t:|1782734546\n|move|p1a: Tsareena|U-turn|p2a: Trevenant\n|-damage|p2a: Trevenant|88/296\n|-enditem|p2a: Trevenant|Sitrus Berry|[eat]\n|-heal|p2a: Trevenant|162/296|[from] item: Sitrus Berry\n|\n|t:|1782734549\n|switch|p1a: Sawsbuck|Sawsbuck-Summer, L88, F|43/284 tox|[from] U-turn\n|move|p2a: Trevenant|Drain Punch|p1a: Sawsbuck\n|-supereffective|p1a: Sawsbuck\n|-damage|p1a: Sawsbuck|0 fnt\n|-heal|p2a: Trevenant|184/296|[from] drain|[of] p1a: Sawsbuck\n|faint|p1a: Sawsbuck\n|\n|-item|p2a: Trevenant|Sitrus Berry|[from] ability: Harvest\n|upkeep\n|\n|t:|1782734558\n|switch|p1a: Necrozma|Necrozma-Dawn-Wings, L76|272/272\n|turn|27\n|\n|t:|1782734566\n|move|p1a: Necrozma|Moongeist Beam|p2a: Trevenant\n|-supereffective|p2a: Trevenant\n|-damage|p2a: Trevenant|0 fnt\n|faint|p2a: Trevenant\n|-damage|p1a: Necrozma|245/272|[from] item: Life Orb\n|\n|upkeep\n|\n|t:|1782734576\n|switch|p2a: Kingdra|Kingdra, L84, M|189/263\n|turn|28\n|\n|t:|1782734585\n|switch|p1a: Tsareena|Tsareena, L87, F|267/267\n|move|p2a: Kingdra|Wave Crash|p1a: Tsareena\n|-resisted|p1a: Tsareena\n|-damage|p1a: Tsareena|216/267\n|-damage|p2a: Kingdra|172/263|[from] Recoil\n|\n|upkeep\n|turn|29\n|\n|t:|1782734593\n|switch|p2a: Scream Tail|Scream Tail, L84|232/330\n|move|p1a: Tsareena|Power Whip|p2a: Scream Tail\n|-damage|p2a: Scream Tail|73/330\n|\n|-heal|p2a: Scream Tail|93/330|[from] item: Leftovers\n|upkeep\n|turn|30\n|\n|t:|1782734597\n|move|p2a: Scream Tail|Protect|p2a: Scream Tail\n|-singleturn|p2a: Scream Tail|Protect\n|move|p1a: Tsareena|Power Whip|p2a: Scream Tail\n|-activate|p2a: Scream Tail|move: Protect\n|\n|-heal|p2a: Scream Tail|113/330|[from] item: Leftovers\n|upkeep\n|turn|31\n|\n|t:|1782734603\n|move|p2a: Scream Tail|Encore|p1a: Tsareena\n|-start|p1a: Tsareena|Encore\n|move|p1a: Tsareena|Power Whip|p2a: Scream Tail\n|-damage|p2a: Scream Tail|0 fnt\n|faint|p2a: Scream Tail\n|-end|p2a: Scream Tail|Protosynthesis|[silent]\n|\n|upkeep\n|\n|t:|1782734605\n|switch|p2a: Ditto|Ditto, L87|225/225\n|-transform|p2a: Ditto|p1a: Tsareena|[from] ability: Imposter\n|turn|32\n|\n|t:|1782734611\n|switch|p1a: Armarouge|Armarouge, L80, M|234/267\n|move|p2a: Ditto|Power Whip|p1a: Armarouge\n|-resisted|p1a: Armarouge\n|-damage|p1a: Armarouge|155/267\n|-ability|p1a: Armarouge|Weak Armor|boost\n|-unboost|p1a: Armarouge|def|1\n|-boost|p1a: Armarouge|spe|2\n|\n|upkeep\n|turn|33\n|\n|t:|1782734615\n|switch|p2a: Kingdra|Kingdra, L84, M|172/263\n|move|p1a: Armarouge|Armor Cannon|p2a: Kingdra\n|-resisted|p2a: Kingdra\n|-damage|p2a: Kingdra|137/263\n|-unboost|p1a: Armarouge|def|1\n|-unboost|p1a: Armarouge|spd|1\n|\n|upkeep\n|turn|34\n|\n|t:|1782734620\n|move|p1a: Armarouge|Psyshock|p2a: Kingdra\n|-damage|p2a: Kingdra|40/263\n|move|p2a: Kingdra|Dragon Dance|p2a: Kingdra\n|-boost|p2a: Kingdra|atk|1\n|-boost|p2a: Kingdra|spe|1\n|\n|upkeep\n|turn|35\n|\n|t:|1782734626\n|move|p1a: Armarouge|Psyshock|p2a: Kingdra\n|-damage|p2a: Kingdra|0 fnt\n|faint|p2a: Kingdra\n|\n|upkeep\n|\n|t:|1782734628\n|switch|p2a: Ditto|Ditto, L87|225/225\n|-transform|p2a: Ditto|p1a: Armarouge|[from] ability: Imposter\n|turn|36\n|\n|t:|1782734637\n|move|p2a: Ditto|Armor Cannon|p1a: Armarouge\n|-resisted|p1a: Armarouge\n|-damage|p1a: Armarouge|28/267\n|-unboost|p2a: Ditto|def|1\n|-unboost|p2a: Ditto|spd|1\n|move|p1a: Armarouge|Psyshock|p2a: Ditto\n|-resisted|p2a: Ditto\n|-damage|p2a: Ditto|117/225\n|\n|upkeep\n|turn|37\n|\n|t:|1782734641\n|move|p2a: Ditto|Armor Cannon|p1a: Armarouge\n|-resisted|p1a: Armarouge\n|-damage|p1a: Armarouge|0 fnt\n|-unboost|p2a: Ditto|def|1\n|-unboost|p2a: Ditto|spd|1\n|faint|p1a: Armarouge\n|\n|upkeep\n|\n|t:|1782734645\n|switch|p1a: Koraidon|Koraidon, L64, tera:Fire|151/235\n|-weather|SunnyDay|[from] ability: Orichalcum Pulse|[of] p1a: Koraidon\n|-activate|p1a: Koraidon|Orichalcum Pulse|[source]\n|turn|38\n|\n|t:|1782734653\n|switch|p2a: Urshifu|Urshifu-Rapid-Strike, L75, F|274/274\n|move|p1a: Koraidon|U-turn|p2a: Urshifu\n|-resisted|p2a: Urshifu\n|-damage|p2a: Urshifu|234/274\n|\n|t:|1782734656\n|switch|p1a: Tsareena|Tsareena, L87, F|216/267|[from] U-turn\n|\n|-weather|SunnyDay|[upkeep]\n|upkeep\n|turn|39\n|\n|t:|1782734660\n|move|p2a: Urshifu|Ice Spinner|p1a: Tsareena\n|-supereffective|p1a: Tsareena\n|-damage|p1a: Tsareena|73/267\n|-damage|p2a: Urshifu|207/274|[from] item: Life Orb\n|move|p1a: Tsareena|Power Whip|p2a: Urshifu\n|-supereffective|p2a: Urshifu\n|-damage|p2a: Urshifu|0 fnt\n|faint|p2a: Urshifu\n|\n|-weather|SunnyDay|[upkeep]\n|upkeep\n|\n|t:|1782734665\n|switch|p2a: Smeargle|Smeargle, L95, F|258/258\n|turn|40\n|\n|t:|1782734676\n|move|p2a: Smeargle|Population Bomb|p1a: Tsareena\n|-damage|p1a: Tsareena|58/267\n|-crit|p1a: Tsareena\n|-damage|p1a: Tsareena|33/267\n|-crit|p1a: Tsareena\n|-damage|p1a: Tsareena|11/267\n|-damage|p1a: Tsareena|0 fnt\n|faint|p1a: Tsareena\n|-hitcount|p1: Tsareena|4\n|\n|-weather|SunnyDay|[upkeep]\n|upkeep\n|inactive|Uhdb has 120 seconds left.\n|\n|t:|1782734701\n|switch|p1a: Koraidon|Koraidon, L64, tera:Fire|151/235\n|-activate|p1a: Koraidon|ability: Orichalcum Pulse\n|turn|41\n|\n|t:|1782734707\n|move|p1a: Koraidon|Flare Blitz|p2a: Smeargle\n|-damage|p2a: Smeargle|0 fnt\n|faint|p2a: Smeargle\n|-damage|p1a: Koraidon|66/235|[from] Recoil\n|\n|-weather|SunnyDay|[upkeep]\n|upkeep\n|\n|t:|1782734709\n|switch|p2a: Ditto|Ditto, L87|117/225\n|-transform|p2a: Ditto|p1a: Koraidon|[from] ability: Imposter\n|-activate|p2a: Ditto|ability: Orichalcum Pulse\n|turn|42\n|\n|t:|1782734712\n|move|p2a: Ditto|Outrage|p1a: Koraidon\n|-damage|p1a: Koraidon|0 fnt\n|faint|p1a: Koraidon\n|\n|-weather|none\n|upkeep\n|\n|t:|1782734714\n|switch|p1a: Necrozma|Necrozma-Dawn-Wings, L76|245/272\n|turn|43\n|\n|t:|1782734717\n|move|p2a: Ditto|Outrage|p1a: Necrozma|[from] lockedmove\n|-damage|p1a: Necrozma|124/272\n|-start|p2a: Ditto|confusion|[fatigue]\n|move|p1a: Necrozma|Photon Geyser|p2a: Ditto\n|-supereffective|p2a: Ditto\n|-damage|p2a: Ditto|0 fnt\n|faint|p2a: Ditto\n|-damage|p1a: Necrozma|97/272|[from] item: Life Orb\n|\n|win|Uhdb\n", "inputlog": ">version 3f8ef8cf60cebd2b18892af2794d10415e14a302\n>start {\"formatid\":\"gen9randombattle\",\"seed\":\"sodium,504711d8cd9c239c612b5fc903ef8889\",\"rated\":\"Rated battle\"}\n>player p1 {\"name\":\"Uhdb\",\"avatar\":\"170\",\"rating\":2045,\"seed\":\"sodium,ee677004c5771fa4ec6fde7a18fe7ef2\"}\n>player p2 {\"name\":\"GoofierBowl1040\",\"avatar\":\"miku-ghost\",\"rating\":1947,\"seed\":\"sodium,c7271ef082edbc17287745a836afa099\"}\n>p1 move flareblitz\n>p2 switch 6\n>p1 switch 6\n>p2 move dazzlinggleam\n>p1 move armorcannon\n>p2 move wish\n>p1 switch 3\n>p2 move protect\n>p1 move gunkshot\n>p2 switch 6\n>p1 switch 4\n>p2 move poltergeist\n>p1 switch 4\n>p2 move drainpunch\n>p1 move gunkshot\n>p2 move poltergeist\n>p1 move gunkshot\n>p2 move protect\n>p1 move gunkshot\n>p2 move poltergeist\n>p1 switch 3\n>p1 move armorcannon\n>p2 move protect\n>p1 move meteorbeam\n>p2 switch 6\n>p1 move armorcannon\n>p2 move encore\n>p1 move meteorbeam\n>p2 move protect\n>p1 switch 5\n>p2 move wish\n>p1 move uturn\n>p2 switch 6\n>p1 switch 6\n>p1 move uturn\n>p2 move protect\n>p1 move uturn\n>p2 move toxic\n>p1 switch 4\n>p1 move swordsdance\n>p2 move protect\n>p1 move hornleech\n>p2 move drainpunch\n>p1 switch 4\n>p2 move protect\n>p1 move flareblitz\n>p2 move protect\n>p1 move flareblitz terastallize\n>p2 switch 4\n>p1 switch 6\n>p2 move dragondance\n>p1 move powerwhip\n>p2 switch 4\n>p1 move uturn\n>p2 move drainpunch\n>p1 switch 4\n>p1 switch 2\n>p1 move moongeistbeam\n>p2 move toxic\n>p2 switch 4\n>p1 switch 4\n>p2 move wavecrash\n>p1 move powerwhip\n>p2 switch 6\n>p1 move powerwhip\n>p2 move protect\n>p1 move powerwhip\n>p2 move encore\n>p2 switch 3\n>p1 switch 5\n>p2 move powerwhip\n>p1 move armorcannon\n>p2 switch 6\n>p1 move psyshock\n>p2 move dragondance\n>p1 move psyshock\n>p2 move wavecrash\n>p2 switch 6\n>p1 move psyshock\n>p2 move armorcannon\n>p1 move psyshock\n>p2 move armorcannon\n>p1 switch 6\n>p1 move uturn\n>p2 switch 5\n>p1 switch 5\n>p1 move powerwhip\n>p2 move icespinner\n>p2 switch 2\n>p1 move highjumpkick\n>p2 move populationbomb\n>p1 switch 5\n>p1 move flareblitz\n>p2 move spore\n>p2 switch 5\n>p1 move flareblitz\n>p2 move outrage\n>p1 switch 4\n>p1 move photongeyser\n>p2 move outrage", "uploadtime": 1782734311, "views": 4, "formatid": "gen9randombattle", "rating": null, "private": 0, "password": null, "player_dets": [{"name": "Uhdb", "avatar": "170", "rating": 2045, "seed": "sodium,ee677004c5771fa4ec6fde7a18fe7ef2"}, {"name": "GoofierBowl1040", "avatar": "miku-ghost", "rating": 1947, "seed": "sodium,c7271ef082edbc17287745a836afa099"}], "teams_full": [{"Koraidon": {"name": "Koraidon", "species": "Koraidon", "speciesId": "koraidon", "gender": "N", "shiny": false, "level": 64, "moves": ["uturn", "closecombat", "outrage", "flareblitz"], "ability": "Orichalcum Pulse", "evs": {"hp": 85, "atk": 85, "def": 85, "spa": 85, "spd": 85, "spe": 85}, "ivs": {"hp": 31, "atk": 31, "def": 31, "spa": 31, "spd": 31, "spe": 31}, "item": "Choice Band", "teraType": "Fire", "role": "Fast Attacker", "bvs": {"hp": 100, "atk": 135, "def": 115, "spa": 85, "spd": 100, "spe": 135}, "stats": {"hp": 235, "atk": 211, "def": 185, "spa": 147, "spd": 166, "spe": 211}, "types": ["Fighting", "Dragon"]}, "Necrozma": {"name": "Necrozma", "species": "Necrozma-Dawn-Wings", "speciesId": "necrozmadawnwings", "gender": "N", "shiny": false, "level": 76, "moves": ["brickbreak", "dragondance", "moongeistbeam", "photongeyser"], "ability": "Prism Armor", "evs": {"hp": 85, "atk": 85, "def": 85, "spa": 85, "spd": 85, "spe": 85}, "ivs": {"hp": 31, "atk": 31, "def": 31, "spa": 31, "spd": 31, "spe": 31}, "item": "Life Orb", "teraType": "Fighting", "role": "Setup Sweeper", "bvs": {"hp": 97, "atk": 113, "def": 109, "spa": 157, "spd": 127, "spe": 77}, "stats": {"hp": 272, "atk": 216, "def": 210, "spa": 283, "spd": 237, "spe": 161}, "types": ["Psychic", "Ghost"]}, "Fezandipiti": {"name": "Fezandipiti", "species": "Fezandipiti", "speciesId": "fezandipiti", "gender": "M", "shiny": false, "level": 82, "moves": ["playrough", "terablast", "gunkshot", "swordsdance"], "ability": "Toxic Chain", "evs": {"hp": 85, "atk": 85, "def": 85, "spa": 85, "spd": 85, "spe": 85}, "ivs": {"hp": 31, "atk": 31, "def": 31, "spa": 31, "spd": 31, "spe": 31}, "item": "Leftovers", "teraType": "Ground", "role": "Tera Blast user", "bvs": {"hp": 88, "atk": 91, "def": 82, "spa": 70, "spd": 125, "spe": 99}, "stats": {"hp": 278, "atk": 196, "def": 182, "spa": 162, "spd": 252, "spe": 210}, "types": ["Poison", "Fairy"]}, "Sawsbuck": {"name": "Sawsbuck", "species": "Sawsbuck-Summer", "speciesId": "sawsbuck", "gender": "F", "shiny": false, "level": 88, "moves": ["highhorsepower", "hornleech", "swordsdance", "doubleedge"], "ability": "Sap Sipper", "evs": {"hp": 85, "atk": 85, "def": 85, "spa": 85, "spd": 85, "spe": 85}, "ivs": {"hp": 31, "atk": 31, "def": 31, "spa": 31, "spd": 31, "spe": 31}, "item": "Life Orb", "teraType": "Ground", "role": "Setup Sweeper", "bvs": {"hp": 80, "atk": 100, "def": 70, "spa": 60, "spd": 70, "spe": 95}, "stats": {"hp": 284, "atk": 226, "def": 173, "spa": 156, "spd": 173, "spe": 217}, "types": ["Normal", "Grass"]}, "Tsareena": {"name": "Tsareena", "species": "Tsareena", "speciesId": "tsareena", "gender": "F", "shiny": false, "level": 87, "moves": ["uturn", "rapidspin", "powerwhip", "highjumpkick"], "ability": "Queenly Majesty", "evs": {"hp": 85, "atk": 85, "def": 85, "spa": 85, "spd": 85, "spe": 85}, "ivs": {"hp": 31, "atk": 31, "def": 31, "spa": 31, "spd": 31, "spe": 31}, "item": "Assault Vest", "teraType": "Fighting", "role": "Fast Support", "bvs": {"hp": 72, "atk": 120, "def": 98, "spa": 50, "spd": 98, "spe": 72}, "stats": {"hp": 267, "atk": 259, "def": 220, "spa": 137, "spd": 220, "spe": 175}, "types": ["Grass"]}, "Armarouge": {"name": "Armarouge", "species": "Armarouge", "speciesId": "armarouge", "gender": "M", "shiny": false, "level": 80, "moves": ["armorcannon", "energyball", "meteorbeam", "psyshock"], "ability": "Weak Armor", "evs": {"hp": 85, "atk": 0, "def": 85, "spa": 85, "spd": 85, "spe": 85}, "ivs": {"hp": 31, "atk": 0, "def": 31, "spa": 31, "spd": 31, "spe": 31}, "item": "Power Herb", "teraType": "Fire", "role": "Setup Sweeper", "bvs": {"hp": 85, "atk": 60, "def": 100, "spa": 125, "spd": 80, "spe": 75}, "stats": {"hp": 267, "atk": 101, "def": 206, "spa": 246, "spd": 174, "spe": 166}, "types": ["Fire", "Psychic"]}}, {"Trevenant": {"name": "Trevenant", "species": "Trevenant", "speciesId": "trevenant", "gender": "F", "shiny": false, "level": 89, "moves": ["protect", "toxic", "drainpunch", "poltergeist"], "ability": "Harvest", "evs": {"hp": 85, "atk": 85, "def": 85, "spa": 85, "spd": 85, "spe": 85}, "ivs": {"hp": 31, "atk": 31, "def": 31, "spa": 31, "spd": 31, "spe": 31}, "item": "Sitrus Berry", "teraType": "Steel", "role": "Bulky Support", "bvs": {"hp": 85, "atk": 110, "def": 76, "spa": 65, "spd": 82, "spe": 56}, "stats": {"hp": 296, "atk": 247, "def": 186, "spa": 166, "spd": 197, "spe": 150}, "types": ["Ghost", "Grass"]}, "Smeargle": {"name": "Smeargle", "species": "Smeargle", "speciesId": "smeargle", "gender": "F", "shiny": false, "level": 95, "moves": ["populationbomb", "spore", "powertrip", "shellsmash"], "ability": "Technician", "evs": {"hp": 85, "atk": 85, "def": 85, "spa": 85, "spd": 85, "spe": 85}, "ivs": {"hp": 31, "atk": 31, "def": 31, "spa": 31, "spd": 31, "spe": 31}, "item": "Wide Lens", "teraType": "Normal", "role": "Setup Sweeper", "bvs": {"hp": 55, "atk": 20, "def": 35, "spa": 20, "spd": 45, "spe": 75}, "stats": {"hp": 258, "atk": 92, "def": 120, "spa": 92, "spd": 139, "spe": 196}, "types": ["Normal"]}, "Ditto": {"name": "Ditto", "species": "Ditto", "speciesId": "ditto", "gender": "N", "shiny": false, "level": 87, "moves": ["transform"], "ability": "Imposter", "evs": {"hp": 85, "atk": 85, "def": 85, "spa": 85, "spd": 85, "spe": 85}, "ivs": {"hp": 31, "atk": 31, "def": 31, "spa": 31, "spd": 31, "spe": 31}, "item": "Choice Scarf", "teraType": "Ghost", "role": "Fast Support", "bvs": {"hp": 48, "atk": 48, "def": 48, "spa": 48, "spd": 48, "spe": 48}, "stats": {"hp": 225, "atk": 133, "def": 133, "spa": 133, "spd": 133, "spe": 133}, "types": ["Normal"]}, "Kingdra": {"name": "Kingdra", "species": "Kingdra", "speciesId": "kingdra", "gender": "M", "shiny": false, "level": 84, "moves": ["outrage", "dragondance", "wavecrash", "waterfall"], "ability": "Sniper", "evs": {"hp": 85, "atk": 85, "def": 85, "spa": 85, "spd": 85, "spe": 85}, "ivs": {"hp": 31, "atk": 31, "def": 31, "spa": 31, "spd": 31, "spe": 31}, "item": "Lum Berry", "teraType": "Water", "role": "Setup Sweeper", "bvs": {"hp": 75, "atk": 95, "def": 95, "spa": 95, "spd": 95, "spe": 85}, "stats": {"hp": 263, "atk": 208, "def": 208, "spa": 208, "spd": 208, "spe": 191}, "types": ["Water", "Dragon"]}, "Urshifu": {"name": "Urshifu", "species": "Urshifu-Rapid-Strike", "speciesId": "urshifurapidstrike", "gender": "F", "shiny": false, "level": 75, "moves": ["icespinner", "closecombat", "surgingstrikes", "swordsdance"], "ability": "Unseen Fist", "evs": {"hp": 85, "atk": 85, "def": 85, "spa": 85, "spd": 85, "spe": 85}, "ivs": {"hp": 31, "atk": 31, "def": 31, "spa": 31, "spd": 31, "spe": 31}, "item": "Life Orb", "teraType": "Water", "role": "Fast Attacker", "bvs": {"hp": 100, "atk": 130, "def": 100, "spa": 63, "spd": 60, "spe": 97}, "stats": {"hp": 274, "atk": 239, "def": 194, "spa": 138, "spd": 134, "spe": 189}, "types": ["Fighting", "Water"]}, "Scream Tail": {"name": "Scream Tail", "species": "Scream Tail", "speciesId": "screamtail", "gender": "N", "shiny": false, "level": 84, "moves": ["dazzlinggleam", "encore", "protect", "wish"], "ability": "Protosynthesis", "evs": {"hp": 85, "atk": 0, "def": 85, "spa": 85, "spd": 85, "spe": 85}, "ivs": {"hp": 31, "atk": 0, "def": 31, "spa": 31, "spd": 31, "spe": 31}, "item": "Leftovers", "teraType": "Poison", "role": "Bulky Attacker", "bvs": {"hp": 115, "atk": 65, "def": 99, "spa": 65, "spd": 115, "spe": 111}, "stats": {"hp": 330, "atk": 114, "def": 215, "spa": 157, "spd": 241, "spe": 235}, "types": ["Fairy", "Psychic"]}}]}