{"id": "gen9randombattle-2641095135", "format": "[Gen 9] Random Battle", "players": ["methodiclive", "chandelurelover103"], "log": "|j|\u2606methodiclive\n|j|\u2606chandelurelover103\n|t:|1782739698\n|gametype|singles\n|player|p1|methodiclive|dawn-gen4pt|\n|player|p2|chandelurelover103|101|\n|gen|9\n|tier|[Gen 9] Random Battle\n|rule|Species Clause: Limit one of each Pok\u00e9mon\n|rule|HP Percentage Mod: HP is shown in percentages\n|rule|Sleep Clause Mod: Limit one foe put to sleep\n|rule|Illusion Level Mod: Illusion disguises the Pok\u00e9mon's true level\n|\n|t:|1782739698\n|teamsize|p1|6\n|teamsize|p2|6\n|start\n|switch|p1a: Ogerpon|Ogerpon, L80, F|259/259\n|switch|p2a: Florges|Florges-White, L85, F|271/271\n|turn|1\n|\n|t:|1782739738\n|switch|p2a: Flamigo|Flamigo, L82, M|269/269\n|move|p1a: Ogerpon|Ivy Cudgel|p2a: Flamigo\n|-resisted|p2a: Flamigo\n|-damage|p2a: Flamigo|182/269\n|-damage|p1a: Ogerpon|234/259|[from] item: Life Orb\n|\n|upkeep\n|turn|2\n|\n|t:|1782739754\n|move|p2a: Flamigo|Brave Bird|p1a: Ogerpon\n|-supereffective|p1a: Ogerpon\n|-damage|p1a: Ogerpon|0 fnt\n|faint|p1a: Ogerpon\n|-damage|p2a: Flamigo|105/269|[from] Recoil\n|\n|upkeep\n|\n|t:|1782739758\n|switch|p1a: Ditto|Ditto, L87|225/225\n|-transform|p1a: Ditto|p2a: Flamigo|[from] ability: Imposter\n|turn|3\n|\n|t:|1782739777\n|move|p2a: Flamigo|Brave Bird|p1a: Ditto\n|-supereffective|p1a: Ditto\n|-damage|p1a: Ditto|0 fnt\n|faint|p1a: Ditto\n|-damage|p2a: Flamigo|31/269|[from] Recoil\n|\n|upkeep\n|\n|t:|1782739787\n|switch|p1a: Blastoise|Blastoise, L80, M|258/258\n|turn|4\n|\n|t:|1782739817\n|move|p2a: Flamigo|Brave Bird|p1a: Blastoise\n|-damage|p1a: Blastoise|119/258\n|-damage|p2a: Flamigo|0 fnt|[from] Recoil\n|faint|p2a: Flamigo\n|move|p1a: Blastoise|Shell Smash|p1a: Blastoise\n|-unboost|p1a: Blastoise|def|1\n|-unboost|p1a: Blastoise|spd|1\n|-boost|p1a: Blastoise|atk|2\n|-boost|p1a: Blastoise|spa|2\n|-boost|p1a: Blastoise|spe|2\n|-enditem|p1a: Blastoise|White Herb\n|-clearnegativeboost|p1a: Blastoise|[silent]\n|\n|upkeep\n|\n|t:|1782739889\n|switch|p2a: Dialga|Dialga-Origin, L73|266/266\n|-ability|p2a: Dialga|Pressure\n|turn|5\n|\n|t:|1782739920\n|move|p1a: Blastoise|Earthquake|p2a: Dialga\n|-supereffective|p2a: Dialga\n|-damage|p2a: Dialga|52/266\n|move|p2a: Dialga|Draco Meteor|p1a: Blastoise\n|-crit|p1a: Blastoise\n|-damage|p1a: Blastoise|0 fnt\n|-unboost|p2a: Dialga|spa|2\n|faint|p1a: Blastoise\n|\n|upkeep\n|\n|t:|1782739930\n|switch|p1a: Samurott|Samurott-Hisui, L77, M|265/265\n|turn|6\n|c|\u2606methodiclive|!weak samurott-hisui\n|c| methodiclive|/raw <div class=\"infobox\">Samurott-Hisui (ignoring abilities):<br /><span class=\"message-effect-weak\">Weaknesses</span>: Bug, Electric, Fairy, Fighting, Grass<br /><span class=\"message-effect-resist\">Resistances</span>: Dark, Fire, Ghost, Ice, Steel, Water<br /><span class=\"message-effect-immune\">Immunities</span>: Psychic, Prankster</div>\n|\n|t:|1782739984\n|move|p1a: Samurott|Razor Shell|p2a: Dialga\n|-resisted|p2a: Dialga\n|-damage|p2a: Dialga|0 fnt\n|faint|p2a: Dialga\n|\n|upkeep\n|\n|t:|1782740011\n|switch|p2a: Florges|Florges-White, L85, F|271/271\n|turn|7\n|\n|t:|1782740026\n|move|p2a: Florges|Moonblast|p1a: Samurott\n|-supereffective|p1a: Samurott\n|-damage|p1a: Samurott|0 fnt\n|faint|p1a: Samurott\n|\n|upkeep\n|\n|t:|1782740033\n|switch|p1a: Venusaur|Venusaur, L84, F|272/272\n|turn|8\n|inactive|Battle timer is ON: inactive players will automatically lose when time's up. (requested by methodiclive)\n|inactive|chandelurelover103 has 270 seconds left.\n|inactive|chandelurelover103 has 240 seconds left.\n|\n|t:|1782740118\n|move|p1a: Venusaur|Substitute|p1a: Venusaur\n|-start|p1a: Venusaur|Substitute\n|-damage|p1a: Venusaur|204/272\n|move|p2a: Florges|Calm Mind|p2a: Florges\n|-boost|p2a: Florges|spa|1\n|-boost|p2a: Florges|spd|1\n|\n|-heal|p1a: Venusaur|221/272|[from] item: Leftovers\n|upkeep\n|turn|9\n|\n|t:|1782740137\n|switch|p2a: Heracross|Heracross, L80, M|259/259\n|move|p1a: Venusaur|Leech Seed|p2a: Heracross\n|-start|p2a: Heracross|move: Leech Seed\n|\n|-heal|p1a: Venusaur|238/272|[from] item: Leftovers\n|-damage|p2a: Heracross|227/259|[from] Leech Seed|[of] p1a: Venusaur\n|-heal|p1a: Venusaur|270/272|[silent]\n|upkeep\n|turn|10\n|\n|t:|1782740156\n|move|p2a: Heracross|Stone Edge|p1a: Venusaur\n|-crit|p1a: Venusaur\n|-end|p1a: Venusaur|Substitute\n|move|p1a: Venusaur|Sleep Powder|p2a: Heracross\n|-status|p2a: Heracross|slp|[from] move: Sleep Powder\n|\n|-heal|p1a: Venusaur|272/272|[from] item: Leftovers\n|-damage|p2a: Heracross|195/259 slp|[from] Leech Seed|[of] p1a: Venusaur\n|upkeep\n|turn|11\n|\n|t:|1782740166\n|cant|p2a: Heracross|slp\n|move|p1a: Venusaur|Substitute|p1a: Venusaur\n|-start|p1a: Venusaur|Substitute\n|-damage|p1a: Venusaur|204/272\n|\n|-heal|p1a: Venusaur|221/272|[from] item: Leftovers\n|-damage|p2a: Heracross|163/259 slp|[from] Leech Seed|[of] p1a: Venusaur\n|-heal|p1a: Venusaur|253/272|[silent]\n|upkeep\n|turn|12\n|\n|t:|1782740176\n|cant|p2a: Heracross|slp\n|move|p1a: Venusaur|Sludge Bomb|p2a: Heracross\n|-damage|p2a: Heracross|72/259 slp\n|\n|-heal|p1a: Venusaur|270/272|[from] item: Leftovers\n|-damage|p2a: Heracross|40/259 slp|[from] Leech Seed|[of] p1a: Venusaur\n|-heal|p1a: Venusaur|272/272|[silent]\n|upkeep\n|turn|13\n|\n|t:|1782740186\n|cant|p2a: Heracross|slp\n|move|p1a: Venusaur|Substitute|p1a: Venusaur\n|-fail|p1a: Venusaur|move: Substitute\n|\n|-damage|p2a: Heracross|8/259 slp|[from] Leech Seed|[of] p1a: Venusaur\n|upkeep\n|turn|14\n|\n|t:|1782740196\n|switch|p2a: Florges|Florges-White, L85, F|271/271\n|move|p1a: Venusaur|Substitute|p1a: Venusaur\n|-fail|p1a: Venusaur|move: Substitute\n|\n|upkeep\n|turn|15\n|\n|t:|1782740214\n|move|p1a: Venusaur|Leech Seed|p2a: Florges\n|-start|p2a: Florges|move: Leech Seed\n|move|p2a: Florges|Wish|p2a: Florges\n|\n|-damage|p2a: Florges|238/271|[from] Leech Seed|[of] p1a: Venusaur\n|upkeep\n|turn|16\n|\n|t:|1782740227\n|switch|p2a: Gastrodon|Gastrodon, L86, M|331/331\n|move|p1a: Venusaur|Sludge Bomb|p2a: Gastrodon\n|-resisted|p2a: Gastrodon\n|-damage|p2a: Gastrodon|285/331\n|-status|p2a: Gastrodon|psn\n|\n|-heal|p2a: Gastrodon|331/331 psn|[from] move: Wish|[wisher] Florges\n|-damage|p2a: Gastrodon|290/331 psn|[from] psn\n|upkeep\n|turn|17\n|\n|t:|1782740246\n|move|p1a: Venusaur|Leech Seed|p2a: Gastrodon\n|-start|p2a: Gastrodon|move: Leech Seed\n|move|p2a: Gastrodon|Ice Beam|p1a: Venusaur\n|-supereffective|p1a: Venusaur\n|-crit|p1a: Venusaur\n|-end|p1a: Venusaur|Substitute\n|\n|-heal|p2a: Gastrodon|310/331 psn|[from] item: Leftovers\n|-damage|p2a: Gastrodon|269/331 psn|[from] Leech Seed|[of] p1a: Venusaur\n|-damage|p2a: Gastrodon|228/331 psn|[from] psn\n|upkeep\n|turn|18\n|\n|t:|1782740256\n|move|p1a: Venusaur|Substitute|p1a: Venusaur\n|-start|p1a: Venusaur|Substitute\n|-damage|p1a: Venusaur|204/272\n|move|p2a: Gastrodon|Ice Beam|p1a: Venusaur\n|-supereffective|p1a: Venusaur\n|-end|p1a: Venusaur|Substitute\n|\n|-heal|p1a: Venusaur|221/272|[from] item: Leftovers\n|-heal|p2a: Gastrodon|248/331 psn|[from] item: Leftovers\n|-damage|p2a: Gastrodon|207/331 psn|[from] Leech Seed|[of] p1a: Venusaur\n|-heal|p1a: Venusaur|262/272|[silent]\n|-damage|p2a: Gastrodon|166/331 psn|[from] psn\n|upkeep\n|turn|19\n|\n|t:|1782740266\n|move|p1a: Venusaur|Substitute|p1a: Venusaur\n|-start|p1a: Venusaur|Substitute\n|-damage|p1a: Venusaur|194/272\n|move|p2a: Gastrodon|Ice Beam|p1a: Venusaur\n|-supereffective|p1a: Venusaur\n|-end|p1a: Venusaur|Substitute\n|\n|-heal|p1a: Venusaur|211/272|[from] item: Leftovers\n|-heal|p2a: Gastrodon|186/331 psn|[from] item: Leftovers\n|-damage|p2a: Gastrodon|145/331 psn|[from] Leech Seed|[of] p1a: Venusaur\n|-heal|p1a: Venusaur|252/272|[silent]\n|-damage|p2a: Gastrodon|104/331 psn|[from] psn\n|upkeep\n|turn|20\n|\n|t:|1782740285\n|move|p1a: Venusaur|Substitute|p1a: Venusaur\n|-start|p1a: Venusaur|Substitute\n|-damage|p1a: Venusaur|184/272\n|move|p2a: Gastrodon|Recover|p2a: Gastrodon\n|-heal|p2a: Gastrodon|270/331 psn\n|\n|-heal|p1a: Venusaur|201/272|[from] item: Leftovers\n|-heal|p2a: Gastrodon|290/331 psn|[from] item: Leftovers\n|-damage|p2a: Gastrodon|249/331 psn|[from] Leech Seed|[of] p1a: Venusaur\n|-heal|p1a: Venusaur|242/272|[silent]\n|-damage|p2a: Gastrodon|208/331 psn|[from] psn\n|upkeep\n|turn|21\n|\n|t:|1782740295\n|move|p1a: Venusaur|Sludge Bomb|p2a: Gastrodon\n|-resisted|p2a: Gastrodon\n|-crit|p2a: Gastrodon\n|-damage|p2a: Gastrodon|132/331 psn\n|move|p2a: Gastrodon|Ice Beam|p1a: Venusaur\n|-supereffective|p1a: Venusaur\n|-end|p1a: Venusaur|Substitute\n|\n|-heal|p1a: Venusaur|259/272|[from] item: Leftovers\n|-heal|p2a: Gastrodon|152/331 psn|[from] item: Leftovers\n|-damage|p2a: Gastrodon|111/331 psn|[from] Leech Seed|[of] p1a: Venusaur\n|-heal|p1a: Venusaur|272/272|[silent]\n|-damage|p2a: Gastrodon|70/331 psn|[from] psn\n|upkeep\n|turn|22\n|\n|t:|1782740309\n|move|p1a: Venusaur|Substitute|p1a: Venusaur\n|-start|p1a: Venusaur|Substitute\n|-damage|p1a: Venusaur|204/272\n|move|p2a: Gastrodon|Recover|p2a: Gastrodon\n|-heal|p2a: Gastrodon|236/331 psn\n|\n|-heal|p1a: Venusaur|221/272|[from] item: Leftovers\n|-heal|p2a: Gastrodon|256/331 psn|[from] item: Leftovers\n|-damage|p2a: Gastrodon|215/331 psn|[from] Leech Seed|[of] p1a: Venusaur\n|-heal|p1a: Venusaur|262/272|[silent]\n|-damage|p2a: Gastrodon|174/331 psn|[from] psn\n|upkeep\n|turn|23\n|\n|t:|1782740322\n|move|p1a: Venusaur|Sludge Bomb|p2a: Gastrodon\n|-resisted|p2a: Gastrodon\n|-damage|p2a: Gastrodon|120/331 psn\n|move|p2a: Gastrodon|Recover|p2a: Gastrodon\n|-heal|p2a: Gastrodon|286/331 psn\n|\n|-heal|p1a: Venusaur|272/272|[from] item: Leftovers\n|-heal|p2a: Gastrodon|306/331 psn|[from] item: Leftovers\n|-damage|p2a: Gastrodon|265/331 psn|[from] Leech Seed|[of] p1a: Venusaur\n|-damage|p2a: Gastrodon|224/331 psn|[from] psn\n|upkeep\n|turn|24\n|\n|t:|1782740332\n|move|p1a: Venusaur|Sludge Bomb|p2a: Gastrodon\n|-resisted|p2a: Gastrodon\n|-damage|p2a: Gastrodon|171/331 psn\n|move|p2a: Gastrodon|Ice Beam|p1a: Venusaur\n|-supereffective|p1a: Venusaur\n|-end|p1a: Venusaur|Substitute\n|\n|-heal|p2a: Gastrodon|191/331 psn|[from] item: Leftovers\n|-damage|p2a: Gastrodon|150/331 psn|[from] Leech Seed|[of] p1a: Venusaur\n|-damage|p2a: Gastrodon|109/331 psn|[from] psn\n|upkeep\n|turn|25\n|\n|t:|1782740345\n|move|p1a: Venusaur|Sludge Bomb|p2a: Gastrodon\n|-resisted|p2a: Gastrodon\n|-damage|p2a: Gastrodon|57/331 psn\n|move|p2a: Gastrodon|Recover|p2a: Gastrodon\n|-heal|p2a: Gastrodon|223/331 psn\n|\n|-heal|p2a: Gastrodon|243/331 psn|[from] item: Leftovers\n|-damage|p2a: Gastrodon|202/331 psn|[from] Leech Seed|[of] p1a: Venusaur\n|-damage|p2a: Gastrodon|161/331 psn|[from] psn\n|upkeep\n|turn|26\n|\n|t:|1782740363\n|move|p1a: Venusaur|Sludge Bomb|p2a: Gastrodon\n|-resisted|p2a: Gastrodon\n|-damage|p2a: Gastrodon|108/331 psn\n|move|p2a: Gastrodon|Ice Beam|p1a: Venusaur\n|-supereffective|p1a: Venusaur\n|-damage|p1a: Venusaur|160/272\n|-status|p1a: Venusaur|frz\n|\n|-heal|p1a: Venusaur|177/272 frz|[from] item: Leftovers\n|-heal|p2a: Gastrodon|128/331 psn|[from] item: Leftovers\n|-damage|p2a: Gastrodon|87/331 psn|[from] Leech Seed|[of] p1a: Venusaur\n|-heal|p1a: Venusaur|218/272 frz|[silent]\n|-damage|p2a: Gastrodon|46/331 psn|[from] psn\n|upkeep\n|turn|27\n|\n|t:|1782740375\n|cant|p1a: Venusaur|frz\n|move|p2a: Gastrodon|Recover|p2a: Gastrodon\n|-heal|p2a: Gastrodon|212/331 psn\n|\n|-heal|p1a: Venusaur|235/272 frz|[from] item: Leftovers\n|-heal|p2a: Gastrodon|232/331 psn|[from] item: Leftovers\n|-damage|p2a: Gastrodon|191/331 psn|[from] Leech Seed|[of] p1a: Venusaur\n|-heal|p1a: Venusaur|272/272 frz|[silent]\n|-damage|p2a: Gastrodon|150/331 psn|[from] psn\n|upkeep\n|turn|28\n|\n|t:|1782740383\n|cant|p1a: Venusaur|frz\n|move|p2a: Gastrodon|Ice Beam|p1a: Venusaur\n|-supereffective|p1a: Venusaur\n|-damage|p1a: Venusaur|162/272 frz\n|\n|-heal|p1a: Venusaur|179/272 frz|[from] item: Leftovers\n|-heal|p2a: Gastrodon|170/331 psn|[from] item: Leftovers\n|-damage|p2a: Gastrodon|129/331 psn|[from] Leech Seed|[of] p1a: Venusaur\n|-heal|p1a: Venusaur|220/272 frz|[silent]\n|-damage|p2a: Gastrodon|88/331 psn|[from] psn\n|upkeep\n|turn|29\n|inactive|chandelurelover103 has 270 seconds left.\n|\n|t:|1782740416\n|cant|p1a: Venusaur|frz\n|move|p2a: Gastrodon|Recover|p2a: Gastrodon\n|-heal|p2a: Gastrodon|254/331 psn\n|\n|-heal|p1a: Venusaur|237/272 frz|[from] item: Leftovers\n|-heal|p2a: Gastrodon|274/331 psn|[from] item: Leftovers\n|-damage|p2a: Gastrodon|233/331 psn|[from] Leech Seed|[of] p1a: Venusaur\n|-heal|p1a: Venusaur|272/272 frz|[silent]\n|-damage|p2a: Gastrodon|192/331 psn|[from] psn\n|upkeep\n|turn|30\n|\n|t:|1782740426\n|cant|p1a: Venusaur|frz\n|move|p2a: Gastrodon|Ice Beam|p1a: Venusaur\n|-supereffective|p1a: Venusaur\n|-damage|p1a: Venusaur|158/272 frz\n|\n|-heal|p1a: Venusaur|175/272 frz|[from] item: Leftovers\n|-heal|p2a: Gastrodon|212/331 psn|[from] item: Leftovers\n|-damage|p2a: Gastrodon|171/331 psn|[from] Leech Seed|[of] p1a: Venusaur\n|-heal|p1a: Venusaur|216/272 frz|[silent]\n|-damage|p2a: Gastrodon|130/331 psn|[from] psn\n|upkeep\n|turn|31\n|\n|t:|1782740435\n|cant|p1a: Venusaur|frz\n|move|p2a: Gastrodon|Ice Beam|p1a: Venusaur\n|-supereffective|p1a: Venusaur\n|-damage|p1a: Venusaur|88/272 frz\n|\n|-heal|p1a: Venusaur|105/272 frz|[from] item: Leftovers\n|-heal|p2a: Gastrodon|150/331 psn|[from] item: Leftovers\n|-damage|p2a: Gastrodon|109/331 psn|[from] Leech Seed|[of] p1a: Venusaur\n|-heal|p1a: Venusaur|146/272 frz|[silent]\n|-damage|p2a: Gastrodon|68/331 psn|[from] psn\n|upkeep\n|turn|32\n|\n|t:|1782740444\n|-curestatus|p1a: Venusaur|frz|[msg]\n|move|p1a: Venusaur|Substitute|p1a: Venusaur\n|-start|p1a: Venusaur|Substitute\n|-damage|p1a: Venusaur|78/272\n|move|p2a: Gastrodon|Recover|p2a: Gastrodon\n|-heal|p2a: Gastrodon|234/331 psn\n|\n|-heal|p1a: Venusaur|95/272|[from] item: Leftovers\n|-heal|p2a: Gastrodon|254/331 psn|[from] item: Leftovers\n|-damage|p2a: Gastrodon|213/331 psn|[from] Leech Seed|[of] p1a: Venusaur\n|-heal|p1a: Venusaur|136/272|[silent]\n|-damage|p2a: Gastrodon|172/331 psn|[from] psn\n|upkeep\n|turn|33\n|\n|t:|1782740455\n|move|p1a: Venusaur|Sludge Bomb|p2a: Gastrodon\n|-resisted|p2a: Gastrodon\n|-damage|p2a: Gastrodon|118/331 psn\n|move|p2a: Gastrodon|Ice Beam|p1a: Venusaur\n|-supereffective|p1a: Venusaur\n|-end|p1a: Venusaur|Substitute\n|\n|-heal|p1a: Venusaur|153/272|[from] item: Leftovers\n|-heal|p2a: Gastrodon|138/331 psn|[from] item: Leftovers\n|-damage|p2a: Gastrodon|97/331 psn|[from] Leech Seed|[of] p1a: Venusaur\n|-heal|p1a: Venusaur|194/272|[silent]\n|-damage|p2a: Gastrodon|56/331 psn|[from] psn\n|upkeep\n|turn|34\n|inactive|chandelurelover103 has 270 seconds left.\n|\n|t:|1782740484\n|move|p1a: Venusaur|Substitute|p1a: Venusaur\n|-start|p1a: Venusaur|Substitute\n|-damage|p1a: Venusaur|126/272\n|move|p2a: Gastrodon|Recover|p2a: Gastrodon\n|-heal|p2a: Gastrodon|222/331 psn\n|\n|-heal|p1a: Venusaur|143/272|[from] item: Leftovers\n|-heal|p2a: Gastrodon|242/331 psn|[from] item: Leftovers\n|-damage|p2a: Gastrodon|201/331 psn|[from] Leech Seed|[of] p1a: Venusaur\n|-heal|p1a: Venusaur|184/272|[silent]\n|-damage|p2a: Gastrodon|160/331 psn|[from] psn\n|upkeep\n|turn|35\n|\n|t:|1782740494\n|move|p1a: Venusaur|Sludge Bomb|p2a: Gastrodon\n|-resisted|p2a: Gastrodon\n|-damage|p2a: Gastrodon|108/331 psn\n|move|p2a: Gastrodon|Ice Beam|p1a: Venusaur\n|-supereffective|p1a: Venusaur\n|-end|p1a: Venusaur|Substitute\n|\n|-heal|p1a: Venusaur|201/272|[from] item: Leftovers\n|-heal|p2a: Gastrodon|128/331 psn|[from] item: Leftovers\n|-damage|p2a: Gastrodon|87/331 psn|[from] Leech Seed|[of] p1a: Venusaur\n|-heal|p1a: Venusaur|242/272|[silent]\n|-damage|p2a: Gastrodon|46/331 psn|[from] psn\n|upkeep\n|turn|36\n|\n|t:|1782740505\n|move|p1a: Venusaur|Sludge Bomb|p2a: Gastrodon\n|-resisted|p2a: Gastrodon\n|-damage|p2a: Gastrodon|0 fnt\n|faint|p2a: Gastrodon\n|\n|-heal|p1a: Venusaur|259/272|[from] item: Leftovers\n|upkeep\n|inactive|chandelurelover103 has 270 seconds left.\n|\n|t:|1782740519\n|switch|p2a: Overqwil|Overqwil, L82, M|274/274\n|-ability|p2a: Overqwil|Intimidate|boost\n|-unboost|p1a: Venusaur|atk|1\n|turn|37\n|inactive|chandelurelover103 has 270 seconds left.\n|\n|t:|1782740551\n|move|p2a: Overqwil|Gunk Shot|p1a: Venusaur\n|-damage|p1a: Venusaur|121/272\n|move|p1a: Venusaur|Leech Seed|p2a: Overqwil\n|-start|p2a: Overqwil|move: Leech Seed\n|\n|-heal|p1a: Venusaur|138/272|[from] item: Leftovers\n|-damage|p2a: Overqwil|240/274|[from] Leech Seed|[of] p1a: Venusaur\n|-heal|p1a: Venusaur|172/272|[silent]\n|upkeep\n|turn|38\n|inactive|chandelurelover103 has 240 seconds left.\n|\n|t:|1782740579\n|move|p2a: Overqwil|Gunk Shot|p1a: Venusaur\n|-damage|p1a: Venusaur|22/272\n|move|p1a: Venusaur|Substitute|p1a: Venusaur\n|-fail|p1a: Venusaur|move: Substitute|[weak]\n|\n|-heal|p1a: Venusaur|39/272|[from] item: Leftovers\n|-damage|p2a: Overqwil|206/274|[from] Leech Seed|[of] p1a: Venusaur\n|-heal|p1a: Venusaur|73/272|[silent]\n|upkeep\n|turn|39\n|inactive|chandelurelover103 has 240 seconds left.\n|\n|t:|1782740586\n|move|p2a: Overqwil|Gunk Shot|p1a: Venusaur\n|-damage|p1a: Venusaur|0 fnt\n|faint|p1a: Venusaur\n|\n|upkeep\n|\n|t:|1782740588\n|switch|p1a: Heracross|Heracross, L80, M|259/259\n|turn|40\n|inactive|chandelurelover103 has 240 seconds left.\n|\n|t:|1782740610\n|move|p2a: Overqwil|Gunk Shot|p1a: Heracross\n|-damage|p1a: Heracross|88/259\n|move|p1a: Heracross|Earthquake|p2a: Overqwil\n|-supereffective|p2a: Overqwil\n|-damage|p2a: Overqwil|0 fnt\n|faint|p2a: Overqwil\n|-ability|p1a: Heracross|Moxie|boost\n|-boost|p1a: Heracross|atk|1\n|\n|upkeep\n|\n|t:|1782740619\n|switch|p2a: Florges|Florges-White, L85, F|238/271\n|turn|41\n|\n|t:|1782740623\n|move|p1a: Heracross|Earthquake|p2a: Florges\n|-damage|p2a: Florges|42/271\n|move|p2a: Florges|Moonblast|p1a: Heracross\n|-supereffective|p1a: Heracross\n|-damage|p1a: Heracross|0 fnt\n|faint|p1a: Heracross\n|\n|win|chandelurelover103\n", "inputlog": ">version f8ac14003a5f27e1bdc8d8c59608a773c1cb96e5\n>start {\"formatid\":\"gen9randombattle\",\"seed\":\"sodium,16adb68431c91b2957b9c3d7ec0965e7\"}\n>player p1 {\"name\":\"methodiclive\",\"avatar\":\"dawn-gen4pt\",\"rating\":0,\"seed\":\"sodium,07b745594ca800e0d4d3a7bb28d5902f\"}\n>player p2 {\"name\":\"chandelurelover103\",\"avatar\":\"101\",\"rating\":0,\"seed\":\"sodium,fd366f3351ae3bb9eb802053aad54ef0\"}\n>p1 move ivycudgel\n>p2 switch 4\n>p1 move spikes\n>p2 move bravebird\n>p1 switch 6\n>p1 move bravebird\n>p2 move bravebird\n>p1 switch 4\n>p1 move shellsmash\n>p2 move bravebird\n>p2 switch 2\n>p1 move earthquake\n>p2 move dracometeor\n>p1 switch 3\n>chat \u2606methodiclive|!weak samurott-hisui\n>p1 move razorshell\n>p2 move dracometeor\n>p2 switch 4\n>p1 move razorshell\n>p2 move moonblast\n>p1 switch 2\n>p1 move substitute\n>p2 move calmmind\n>p1 move leechseed\n>p2 switch 3\n>p1 move sleeppowder\n>p2 move stoneedge\n>p1 move substitute\n>p2 move stoneedge\n>p1 move sludgebomb\n>p2 move stoneedge\n>p1 move substitute\n>p2 move stoneedge\n>p1 move substitute\n>p2 switch 3\n>p1 move leechseed\n>p2 move wish\n>p1 move sludgebomb\n>p2 switch 5\n>p1 move leechseed\n>p2 move icebeam\n>p1 move substitute\n>p2 move icebeam\n>p1 move substitute\n>p2 move icebeam\n>p1 move substitute\n>p2 move recover\n>p1 move sludgebomb\n>p2 move icebeam\n>p1 move substitute\n>p2 move recover\n>p1 move sludgebomb\n>p2 move recover\n>p1 move sludgebomb\n>p2 move icebeam\n>p1 move sludgebomb\n>p2 move recover\n>p1 move sludgebomb\n>p2 move icebeam\n>p1 move substitute\n>p2 move recover\n>p1 move substitute\n>p2 move icebeam\n>p1 move sludgebomb\n>p2 move recover\n>p1 move sludgebomb\n>p2 move icebeam\n>p1 move sludgebomb\n>p2 move icebeam\n>p1 move substitute\n>p2 move recover\n>p1 move sludgebomb\n>p2 move icebeam\n>p1 move substitute\n>p2 move recover\n>p1 move sludgebomb\n>p2 move icebeam\n>p1 move sludgebomb\n>p2 move icebeam\n>p2 switch 6\n>p1 move leechseed\n>p2 move gunkshot\n>p1 move substitute\n>p2 move gunkshot\n>p1 move substitute\n>p2 move gunkshot\n>p1 switch 5\n>p1 move earthquake\n>p2 move gunkshot\n>p2 switch 5\n>p1 move earthquake\n>p2 move moonblast", "uploadtime": 1782740670, "views": 4, "formatid": "gen9randombattle", "rating": null, "private": 0, "password": null, "player_dets": [{"name": "methodiclive", "avatar": "dawn-gen4pt", "rating": 0, "seed": "sodium,07b745594ca800e0d4d3a7bb28d5902f"}, {"name": "chandelurelover103", "avatar": "101", "rating": 0, "seed": "sodium,fd366f3351ae3bb9eb802053aad54ef0"}], "teams_full": [{"Ogerpon": {"name": "Ogerpon", "species": "Ogerpon", "speciesId": "ogerpon", "gender": "F", "shiny": false, "level": 80, "moves": ["ivycudgel", "knockoff", "superpower", "spikes"], "ability": "Defiant", "evs": {"hp": 85, "atk": 85, "def": 85, "spa": 85, "spd": 85, "spe": 85}, "ivs": {"hp": 31, "atk": 31, "def": 31, "spa": 31, "spd": 31, "spe": 31}, "item": "Life Orb", "teraType": "Grass", "role": "Fast Support", "bvs": {"hp": 80, "atk": 120, "def": 84, "spa": 60, "spd": 96, "spe": 110}, "stats": {"hp": 259, "atk": 238, "def": 181, "spa": 142, "spd": 200, "spe": 222}, "types": ["Grass"]}, "Venusaur": {"name": "Venusaur", "species": "Venusaur", "speciesId": "venusaur", "gender": "F", "shiny": false, "level": 84, "moves": ["sludgebomb", "leechseed", "substitute", "sleeppowder"], "ability": "Chlorophyll", "evs": {"hp": 85, "atk": 0, "def": 85, "spa": 85, "spd": 85, "spe": 85}, "ivs": {"hp": 31, "atk": 0, "def": 31, "spa": 31, "spd": 31, "spe": 31}, "item": "Leftovers", "teraType": "Water", "role": "Bulky Support", "bvs": {"hp": 80, "atk": 82, "def": 83, "spa": 100, "spd": 100, "spe": 80}, "stats": {"hp": 272, "atk": 142, "def": 188, "spa": 216, "spd": 216, "spe": 183}, "types": ["Grass", "Poison"]}, "Samurott": {"name": "Samurott", "species": "Samurott-Hisui", "speciesId": "samurotthisui", "gender": "M", "shiny": false, "level": 77, "moves": ["ceaselessedge", "sacredsword", "razorshell", "flipturn"], "ability": "Sharpness", "evs": {"hp": 85, "atk": 85, "def": 85, "spa": 85, "spd": 85, "spe": 85}, "ivs": {"hp": 31, "atk": 31, "def": 31, "spa": 31, "spd": 31, "spe": 31}, "item": "Choice Band", "teraType": "Dark", "role": "Fast Attacker", "bvs": {"hp": 90, "atk": 108, "def": 80, "spa": 100, "spd": 65, "spe": 85}, "stats": {"hp": 265, "atk": 211, "def": 168, "spa": 199, "spd": 145, "spe": 175}, "types": ["Water", "Dark"]}, "Blastoise": {"name": "Blastoise", "species": "Blastoise", "speciesId": "blastoise", "gender": "M", "shiny": false, "level": 80, "moves": ["earthquake", "hydropump", "shellsmash", "icebeam"], "ability": "Torrent", "evs": {"hp": 85, "atk": 85, "def": 85, "spa": 85, "spd": 85, "spe": 85}, "ivs": {"hp": 31, "atk": 31, "def": 31, "spa": 31, "spd": 31, "spe": 31}, "item": "White Herb", "teraType": "Ground", "role": "Setup Sweeper", "bvs": {"hp": 79, "atk": 83, "def": 100, "spa": 85, "spd": 105, "spe": 78}, "stats": {"hp": 258, "atk": 179, "def": 206, "spa": 182, "spd": 214, "spe": 171}, "types": ["Water"]}, "Heracross": {"name": "Heracross", "species": "Heracross", "speciesId": "heracross", "gender": "M", "shiny": false, "level": 80, "moves": ["stoneedge", "megahorn", "earthquake", "closecombat"], "ability": "Moxie", "evs": {"hp": 85, "atk": 85, "def": 85, "spa": 85, "spd": 85, "spe": 85}, "ivs": {"hp": 31, "atk": 31, "def": 31, "spa": 31, "spd": 31, "spe": 31}, "item": "Choice Band", "teraType": "Fighting", "role": "Fast Attacker", "bvs": {"hp": 80, "atk": 125, "def": 75, "spa": 40, "spd": 95, "spe": 85}, "stats": {"hp": 259, "atk": 246, "def": 166, "spa": 110, "spd": 198, "spe": 182}, "types": ["Bug", "Fighting"]}, "Ditto": {"name": "Ditto", "species": "Ditto", "speciesId": "ditto", "gender": "N", "shiny": false, "level": 87, "moves": ["transform"], "ability": "Imposter", "evs": {"hp": 85, "atk": 85, "def": 85, "spa": 85, "spd": 85, "spe": 85}, "ivs": {"hp": 31, "atk": 31, "def": 31, "spa": 31, "spd": 31, "spe": 31}, "item": "Choice Scarf", "teraType": "Ghost", "role": "Fast Support", "bvs": {"hp": 48, "atk": 48, "def": 48, "spa": 48, "spd": 48, "spe": 48}, "stats": {"hp": 225, "atk": 133, "def": 133, "spa": 133, "spd": 133, "spe": 133}, "types": ["Normal"]}}, {"Florges": {"name": "Florges", "species": "Florges-White", "speciesId": "florges", "gender": "F", "shiny": false, "level": 85, "moves": ["wish", "calmmind", "protect", "moonblast"], "ability": "Flower Veil", "evs": {"hp": 85, "atk": 0, "def": 85, "spa": 85, "spd": 85, "spe": 85}, "ivs": {"hp": 31, "atk": 0, "def": 31, "spa": 31, "spd": 31, "spe": 31}, "item": "Leftovers", "teraType": "Steel", "role": "Bulky Setup", "bvs": {"hp": 78, "atk": 65, "def": 68, "spa": 112, "spd": 154, "spe": 75}, "stats": {"hp": 271, "atk": 115, "def": 164, "spa": 239, "spd": 311, "spe": 176}, "types": ["Fairy"]}, "Dialga": {"name": "Dialga", "species": "Dialga-Origin", "speciesId": "dialgaorigin", "gender": "N", "shiny": false, "level": 73, "moves": ["heavyslam", "stealthrock", "fireblast", "dracometeor"], "ability": "Pressure", "evs": {"hp": 85, "atk": 85, "def": 85, "spa": 85, "spd": 85, "spe": 85}, "ivs": {"hp": 31, "atk": 31, "def": 31, "spa": 31, "spd": 31, "spe": 31}, "item": "Adamant Crystal", "teraType": "Flying", "role": "Fast Attacker", "bvs": {"hp": 100, "atk": 100, "def": 120, "spa": 150, "spd": 120, "spe": 90}, "stats": {"hp": 266, "atk": 188, "def": 218, "spa": 261, "spd": 218, "spe": 174}, "types": ["Steel", "Dragon"]}, "Heracross": {"name": "Heracross", "species": "Heracross", "speciesId": "heracross", "gender": "M", "shiny": false, "level": 80, "moves": ["megahorn", "closecombat", "earthquake", "stoneedge"], "ability": "Moxie", "evs": {"hp": 85, "atk": 85, "def": 85, "spa": 85, "spd": 85, "spe": 85}, "ivs": {"hp": 31, "atk": 31, "def": 31, "spa": 31, "spd": 31, "spe": 31}, "item": "Choice Scarf", "teraType": "Bug", "role": "Fast Attacker", "bvs": {"hp": 80, "atk": 125, "def": 75, "spa": 40, "spd": 95, "spe": 85}, "stats": {"hp": 259, "atk": 246, "def": 166, "spa": 110, "spd": 198, "spe": 182}, "types": ["Bug", "Fighting"]}, "Flamigo": {"name": "Flamigo", "species": "Flamigo", "speciesId": "flamigo", "gender": "M", "shiny": false, "level": 82, "moves": ["uturn", "bravebird", "throatchop", "closecombat"], "ability": "Scrappy", "evs": {"hp": 85, "atk": 85, "def": 85, "spa": 85, "spd": 85, "spe": 85}, "ivs": {"hp": 31, "atk": 31, "def": 31, "spa": 31, "spd": 31, "spe": 31}, "item": "Choice Scarf", "teraType": "Fighting", "role": "Fast Attacker", "bvs": {"hp": 82, "atk": 115, "def": 74, "spa": 75, "spd": 64, "spe": 90}, "stats": {"hp": 269, "atk": 236, "def": 169, "spa": 170, "spd": 152, "spe": 195}, "types": ["Flying", "Fighting"]}, "Gastrodon": {"name": "Gastrodon", "species": "Gastrodon", "speciesId": "gastrodon", "gender": "M", "shiny": false, "level": 86, "moves": ["surf", "icebeam", "recover", "earthquake"], "ability": "Storm Drain", "evs": {"hp": 85, "atk": 85, "def": 85, "spa": 85, "spd": 85, "spe": 85}, "ivs": {"hp": 31, "atk": 31, "def": 31, "spa": 31, "spd": 31, "spe": 31}, "item": "Leftovers", "teraType": "Steel", "role": "Bulky Attacker", "bvs": {"hp": 111, "atk": 83, "def": 68, "spa": 92, "spd": 82, "spe": 39}, "stats": {"hp": 331, "atk": 192, "def": 166, "spa": 207, "spd": 190, "spe": 116}, "types": ["Water", "Ground"]}, "Overqwil": {"name": "Overqwil", "species": "Overqwil", "speciesId": "overqwil", "gender": "M", "shiny": false, "level": 82, "moves": ["crunch", "swordsdance", "gunkshot", "scaleshot"], "ability": "Intimidate", "evs": {"hp": 85, "atk": 85, "def": 85, "spa": 85, "spd": 85, "spe": 85}, "ivs": {"hp": 31, "atk": 31, "def": 31, "spa": 31, "spd": 31, "spe": 31}, "item": "Loaded Dice", "teraType": "Dragon", "role": "Setup Sweeper", "bvs": {"hp": 85, "atk": 115, "def": 95, "spa": 65, "spd": 65, "spe": 85}, "stats": {"hp": 274, "atk": 236, "def": 203, "spa": 154, "spd": 154, "spe": 187}, "types": ["Dark", "Poison"]}}]}