{"id": "gen9randombattle-2641507063", "format": "[Gen 9] Random Battle", "players": ["rocket4lyf", "mindfreak371379"], "log": "|j|\u2606rocket4lyf\n|j|\u2606mindfreak371379\n|t:|1782796754\n|gametype|singles\n|player|p1|rocket4lyf|2|2033\n|player|p2|mindfreak371379|265|2113\n|gen|9\n|tier|[Gen 9] Random Battle\n|rated|\n|rule|Species Clause: Limit one of each Pok\u00e9mon\n|rule|HP Percentage Mod: HP is shown in percentages\n|rule|Sleep Clause Mod: Limit one foe put to sleep\n|rule|Illusion Level Mod: Illusion disguises the Pok\u00e9mon's true level\n|\n|t:|1782796754\n|teamsize|p1|6\n|teamsize|p2|6\n|start\n|switch|p1a: Regidrago|Regidrago, L77|435/435\n|switch|p2a: Okidogi|Okidogi, L77, M|262/262\n|turn|1\n|inactive|Battle timer is ON: inactive players will automatically lose when time's up. (requested by mindfreak371379)\n|\n|t:|1782796769\n|switch|p1a: Corviknight|Corviknight, L80, M|288/288\n|move|p2a: Okidogi|Knock Off|p1a: Corviknight\n|-damage|p1a: Corviknight|227/288\n|-damage|p2a: Okidogi|219/262|[from] item: Rocky Helmet|[of] p1a: Corviknight\n|-enditem|p1a: Corviknight|Rocky Helmet|[from] move: Knock Off|[of] p2a: Okidogi\n|\n|upkeep\n|turn|2\n|\n|t:|1782796783\n|switch|p2a: Dunsparce|Dunsparce, L86, M|312/312\n|move|p1a: Corviknight|Brave Bird|p2a: Dunsparce\n|-damage|p2a: Dunsparce|228/312\n|-damage|p1a: Corviknight|199/288|[from] Recoil\n|\n|upkeep\n|turn|3\n|\n|t:|1782796789\n|move|p1a: Corviknight|Body Press|p2a: Dunsparce\n|-supereffective|p2a: Dunsparce\n|-damage|p2a: Dunsparce|142/312\n|move|p2a: Dunsparce|Body Slam|p1a: Corviknight\n|-resisted|p1a: Corviknight\n|-damage|p1a: Corviknight|164/288\n|-status|p1a: Corviknight|par\n|\n|upkeep\n|turn|4\n|\n|t:|1782796798\n|switch|p1a: Weezing|Weezing-Galar, L86, F|252/252\n|move|p2a: Dunsparce|Roost|p2a: Dunsparce\n|-heal|p2a: Dunsparce|298/312\n|-singleturn|p2a: Dunsparce|move: Roost\n|\n|upkeep\n|turn|5\n|\n|t:|1782796802\n|switch|p2a: Okidogi|Okidogi, L77, M|219/262\n|move|p1a: Weezing|Will-O-Wisp|p2a: Okidogi|[miss]\n|-miss|p1a: Weezing|p2a: Okidogi\n|\n|upkeep\n|turn|6\n|\n|t:|1782796814\n|switch|p1a: Corviknight|Corviknight, L80, M|164/288 par\n|move|p2a: Okidogi|Knock Off|p1a: Corviknight\n|-damage|p1a: Corviknight|123/288 par\n|\n|upkeep\n|turn|7\n|\n|t:|1782796820\n|move|p2a: Okidogi|Drain Punch|p1a: Corviknight\n|-damage|p1a: Corviknight|39/288 par\n|-heal|p2a: Okidogi|261/262|[from] drain|[of] p1a: Corviknight\n|move|p1a: Corviknight|Roost|p1a: Corviknight\n|-heal|p1a: Corviknight|183/288 par\n|-singleturn|p1a: Corviknight|move: Roost\n|\n|upkeep\n|turn|8\n|\n|t:|1782796826\n|switch|p2a: Dunsparce|Dunsparce, L86, M|298/312\n|move|p1a: Corviknight|Brave Bird|p2a: Dunsparce\n|-damage|p2a: Dunsparce|207/312\n|-damage|p1a: Corviknight|153/288 par|[from] Recoil\n|\n|upkeep\n|turn|9\n|\n|t:|1782796831\n|move|p2a: Dunsparce|Body Slam|p1a: Corviknight\n|-resisted|p1a: Corviknight\n|-damage|p1a: Corviknight|120/288 par\n|cant|p1a: Corviknight|par\n|\n|upkeep\n|turn|10\n|\n|t:|1782796837\n|switch|p1a: Weezing|Weezing-Galar, L86, F|252/252\n|move|p2a: Dunsparce|Coil|p2a: Dunsparce\n|-boost|p2a: Dunsparce|atk|1\n|-boost|p2a: Dunsparce|def|1\n|-boost|p2a: Dunsparce|accuracy|1\n|\n|upkeep\n|turn|11\n|\n|t:|1782796840\n|switch|p2a: Venomoth|Venomoth, L84, M|255/255\n|move|p1a: Weezing|Will-O-Wisp|p2a: Venomoth\n|-status|p2a: Venomoth|brn\n|\n|-damage|p2a: Venomoth|240/255 brn|[from] brn\n|upkeep\n|turn|12\n|\n|t:|1782796844\n|switch|p1a: Corviknight|Corviknight, L80, M|120/288 par\n|move|p2a: Venomoth|Quiver Dance|p2a: Venomoth\n|-boost|p2a: Venomoth|spa|1\n|-boost|p2a: Venomoth|spd|1\n|-boost|p2a: Venomoth|spe|1\n|\n|-damage|p2a: Venomoth|225/255 brn|[from] brn\n|upkeep\n|turn|13\n|\n|t:|1782796850\n|switch|p2a: Dunsparce|Dunsparce, L86, M|207/312\n|move|p1a: Corviknight|Brave Bird|p2a: Dunsparce\n|-damage|p2a: Dunsparce|122/312\n|-damage|p1a: Corviknight|92/288 par|[from] Recoil\n|\n|upkeep\n|turn|14\n|\n|t:|1782796855\n|move|p2a: Dunsparce|Roost|p2a: Dunsparce\n|-heal|p2a: Dunsparce|278/312\n|-singleturn|p2a: Dunsparce|move: Roost\n|move|p1a: Corviknight|Roost|p1a: Corviknight\n|-heal|p1a: Corviknight|236/288 par\n|-singleturn|p1a: Corviknight|move: Roost\n|\n|upkeep\n|turn|15\n|\n|t:|1782796863\n|switch|p1a: Weezing|Weezing-Galar, L86, F|252/252\n|move|p2a: Dunsparce|Body Slam|p1a: Weezing\n|-damage|p1a: Weezing|200/252\n|-status|p1a: Weezing|par\n|\n|-heal|p1a: Weezing|215/252 par|[from] item: Leftovers\n|upkeep\n|turn|16\n|\n|t:|1782796869\n|switch|p2a: Venomoth|Venomoth, L84, M|225/255 brn\n|move|p1a: Weezing|Strange Steam|p2a: Venomoth\n|-resisted|p2a: Venomoth\n|-damage|p2a: Venomoth|175/255 brn\n|\n|-heal|p1a: Weezing|230/252 par|[from] item: Leftovers\n|-damage|p2a: Venomoth|160/255 brn|[from] brn\n|upkeep\n|turn|17\n|\n|t:|1782796874\n|switch|p2a: Dunsparce|Dunsparce, L86, M|278/312\n|cant|p1a: Weezing|par\n|\n|-heal|p1a: Weezing|245/252 par|[from] item: Leftovers\n|upkeep\n|turn|18\n|\n|t:|1782796879\n|switch|p2a: Venomoth|Venomoth, L84, M|160/255 brn\n|cant|p1a: Weezing|par\n|\n|-heal|p1a: Weezing|252/252 par|[from] item: Leftovers\n|-damage|p2a: Venomoth|145/255 brn|[from] brn\n|upkeep\n|turn|19\n|\n|t:|1782796884\n|switch|p2a: Dunsparce|Dunsparce, L86, M|278/312\n|switch|p1a: Corviknight|Corviknight, L80, M|236/288 par\n|\n|upkeep\n|turn|20\n|\n|t:|1782796888\n|move|p2a: Dunsparce|Coil|p2a: Dunsparce\n|-boost|p2a: Dunsparce|atk|1\n|-boost|p2a: Dunsparce|def|1\n|-boost|p2a: Dunsparce|accuracy|1\n|move|p1a: Corviknight|Body Press|p2a: Dunsparce\n|-supereffective|p2a: Dunsparce\n|-crit|p2a: Dunsparce\n|-damage|p2a: Dunsparce|140/312\n|\n|upkeep\n|turn|21\n|\n|t:|1782796896\n|switch|p1a: Weezing|Weezing-Galar, L86, F|252/252 par\n|move|p2a: Dunsparce|Roost|p2a: Dunsparce\n|-heal|p2a: Dunsparce|296/312\n|-singleturn|p2a: Dunsparce|move: Roost\n|\n|upkeep\n|turn|22\n|\n|t:|1782796901\n|switch|p2a: Venomoth|Venomoth, L84, M|145/255 brn\n|move|p1a: Weezing|Will-O-Wisp|p2a: Venomoth|[miss]\n|-miss|p1a: Weezing|p2a: Venomoth\n|\n|-damage|p2a: Venomoth|130/255 brn|[from] brn\n|upkeep\n|turn|23\n|\n|t:|1782796908\n|switch|p1a: Corviknight|Corviknight, L80, M|236/288 par\n|move|p2a: Venomoth|Sludge Wave|p1a: Corviknight\n|-immune|p1a: Corviknight\n|\n|-damage|p2a: Venomoth|115/255 brn|[from] brn\n|upkeep\n|turn|24\n|\n|t:|1782796912\n|switch|p2a: Dunsparce|Dunsparce, L86, M|296/312\n|move|p1a: Corviknight|Body Press|p2a: Dunsparce\n|-supereffective|p2a: Dunsparce\n|-damage|p2a: Dunsparce|206/312\n|\n|upkeep\n|turn|25\n|\n|t:|1782796919\n|move|p2a: Dunsparce|Coil|p2a: Dunsparce\n|-boost|p2a: Dunsparce|atk|1\n|-boost|p2a: Dunsparce|def|1\n|-boost|p2a: Dunsparce|accuracy|1\n|move|p1a: Corviknight|Body Press|p2a: Dunsparce\n|-supereffective|p2a: Dunsparce\n|-damage|p2a: Dunsparce|152/312\n|\n|upkeep\n|turn|26\n|\n|t:|1782796922\n|switch|p1a: Weezing|Weezing-Galar, L86, F|252/252 par\n|move|p2a: Dunsparce|Roost|p2a: Dunsparce\n|-heal|p2a: Dunsparce|308/312\n|-singleturn|p2a: Dunsparce|move: Roost\n|\n|upkeep\n|turn|27\n|\n|t:|1782796924\n|switch|p2a: Venomoth|Venomoth, L84, M|115/255 brn\n|move|p1a: Weezing|Will-O-Wisp|p2a: Venomoth\n|-fail|p2a: Venomoth|brn\n|\n|-damage|p2a: Venomoth|100/255 brn|[from] brn\n|upkeep\n|turn|28\n|\n|t:|1782796929\n|switch|p2a: Dunsparce|Dunsparce, L86, M|308/312\n|switch|p1a: Corviknight|Corviknight, L80, M|236/288 par\n|\n|upkeep\n|turn|29\n|\n|t:|1782796934\n|switch|p1a: Weezing|Weezing-Galar, L86, F|252/252 par\n|move|p2a: Dunsparce|Coil|p2a: Dunsparce\n|-boost|p2a: Dunsparce|atk|1\n|-boost|p2a: Dunsparce|def|1\n|-boost|p2a: Dunsparce|accuracy|1\n|\n|upkeep\n|turn|30\n|\n|t:|1782796939\n|switch|p2a: Venomoth|Venomoth, L84, M|100/255 brn\n|move|p1a: Weezing|Will-O-Wisp|p2a: Venomoth|[miss]\n|-miss|p1a: Weezing|p2a: Venomoth\n|\n|-damage|p2a: Venomoth|85/255 brn|[from] brn\n|upkeep\n|turn|31\n|\n|t:|1782796946\n|switch|p2a: Dunsparce|Dunsparce, L86, M|308/312\n|switch|p1a: Corviknight|Corviknight, L80, M|236/288 par\n|\n|upkeep\n|turn|32\n|\n|t:|1782796951\n|move|p2a: Dunsparce|Earthquake|p1a: Corviknight\n|-immune|p1a: Corviknight\n|move|p1a: Corviknight|Body Press|p2a: Dunsparce\n|-supereffective|p2a: Dunsparce\n|-damage|p2a: Dunsparce|222/312\n|\n|upkeep\n|turn|33\n|\n|t:|1782796956\n|switch|p1a: Weezing|Weezing-Galar, L86, F|252/252 par\n|move|p2a: Dunsparce|Earthquake|p1a: Weezing\n|-immune|p1a: Weezing|[from] ability: Levitate\n|\n|upkeep\n|turn|34\n|\n|t:|1782796967\n|switch|p2a: Venomoth|Venomoth, L84, M|85/255 brn\n|move|p1a: Weezing|Will-O-Wisp|p2a: Venomoth\n|-fail|p2a: Venomoth|brn\n|\n|-damage|p2a: Venomoth|70/255 brn|[from] brn\n|upkeep\n|turn|35\n|\n|t:|1782796974\n|switch|p2a: Okidogi|Okidogi, L77, M|261/262\n|switch|p1a: Corviknight|Corviknight, L80, M|236/288 par\n|\n|upkeep\n|turn|36\n|\n|t:|1782796981\n|move|p2a: Okidogi|Drain Punch|p1a: Corviknight\n|-damage|p1a: Corviknight|161/288 par\n|-heal|p2a: Okidogi|262/262|[from] drain|[of] p1a: Corviknight\n|move|p1a: Corviknight|Brave Bird|p2a: Okidogi\n|-supereffective|p2a: Okidogi\n|-damage|p2a: Okidogi|56/262\n|-damage|p1a: Corviknight|93/288 par|[from] Recoil\n|\n|upkeep\n|turn|37\n|\n|t:|1782796988\n|move|p2a: Okidogi|Drain Punch|p1a: Corviknight\n|-damage|p1a: Corviknight|17/288 par\n|-heal|p2a: Okidogi|94/262|[from] drain|[of] p1a: Corviknight\n|move|p1a: Corviknight|Roost|p1a: Corviknight\n|-heal|p1a: Corviknight|161/288 par\n|-singleturn|p1a: Corviknight|move: Roost\n|\n|upkeep\n|turn|38\n|\n|t:|1782796995\n|switch|p2a: Dunsparce|Dunsparce, L86, M|222/312\n|cant|p1a: Corviknight|par\n|\n|upkeep\n|turn|39\n|\n|t:|1782797001\n|move|p2a: Dunsparce|Body Slam|p1a: Corviknight\n|-resisted|p1a: Corviknight\n|-damage|p1a: Corviknight|127/288 par\n|move|p1a: Corviknight|Body Press|p2a: Dunsparce\n|-supereffective|p2a: Dunsparce\n|-damage|p2a: Dunsparce|136/312\n|\n|upkeep\n|turn|40\n|\n|t:|1782797007\n|switch|p1a: Weezing|Weezing-Galar, L86, F|252/252 par\n|move|p2a: Dunsparce|Roost|p2a: Dunsparce\n|-heal|p2a: Dunsparce|292/312\n|-singleturn|p2a: Dunsparce|move: Roost\n|\n|upkeep\n|turn|41\n|\n|t:|1782797021\n|switch|p2a: Venomoth|Venomoth, L84, M|70/255 brn\n|move|p1a: Weezing|Gunk Shot|p2a: Venomoth\n|-resisted|p2a: Venomoth\n|-damage|p2a: Venomoth|0 fnt\n|faint|p2a: Venomoth\n|\n|upkeep\n|\n|t:|1782797028\n|switch|p2a: Okidogi|Okidogi, L77, M|94/262\n|turn|42\n|\n|t:|1782797036\n|move|p2a: Okidogi|Knock Off|p1a: Weezing\n|-resisted|p1a: Weezing\n|-damage|p1a: Weezing|227/252 par\n|-enditem|p1a: Weezing|Leftovers|[from] move: Knock Off|[of] p2a: Okidogi\n|cant|p1a: Weezing|par\n|\n|upkeep\n|turn|43\n|\n|t:|1782797043\n|switch|p1a: Corviknight|Corviknight, L80, M|127/288 par\n|move|p2a: Okidogi|Psychic Fangs|p1a: Corviknight\n|-resisted|p1a: Corviknight\n|-damage|p1a: Corviknight|99/288 par\n|\n|upkeep\n|turn|44\n|\n|t:|1782797046\n|move|p2a: Okidogi|Drain Punch|p1a: Corviknight\n|-damage|p1a: Corviknight|27/288 par\n|-heal|p2a: Okidogi|130/262|[from] drain|[of] p1a: Corviknight\n|move|p1a: Corviknight|Roost|p1a: Corviknight\n|-heal|p1a: Corviknight|171/288 par\n|-singleturn|p1a: Corviknight|move: Roost\n|\n|upkeep\n|turn|45\n|\n|t:|1782797052\n|move|p2a: Okidogi|Drain Punch|p1a: Corviknight\n|-damage|p1a: Corviknight|99/288 par\n|-heal|p2a: Okidogi|166/262|[from] drain|[of] p1a: Corviknight\n|move|p1a: Corviknight|Brave Bird|p2a: Okidogi\n|-supereffective|p2a: Okidogi\n|-damage|p2a: Okidogi|0 fnt\n|faint|p2a: Okidogi\n|-damage|p1a: Corviknight|44/288 par|[from] Recoil\n|\n|upkeep\n|\n|t:|1782797071\n|switch|p2a: Feraligatr|Feraligatr, L79, M|264/264\n|turn|46\n|\n|t:|1782797076\n|switch|p1a: Weezing|Weezing-Galar, L86, F|227/252 par\n|move|p2a: Feraligatr|Dragon Dance|p2a: Feraligatr\n|-boost|p2a: Feraligatr|atk|1\n|-boost|p2a: Feraligatr|spe|1\n|\n|upkeep\n|turn|47\n|\n|t:|1782797084\n|-terastallize|p2a: Feraligatr|Water\n|move|p2a: Feraligatr|Liquidation|p1a: Weezing\n|-damage|p1a: Weezing|24/252 par\n|cant|p1a: Weezing|par\n|\n|upkeep\n|turn|48\n|\n|t:|1782797093\n|move|p2a: Feraligatr|Liquidation|p1a: Weezing\n|-damage|p1a: Weezing|0 fnt\n|faint|p1a: Weezing\n|\n|upkeep\n|\n|t:|1782797102\n|switch|p1a: Hippowdon|Hippowdon, L82, M|311/311\n|-weather|Sandstorm|[from] ability: Sand Stream|[of] p1a: Hippowdon\n|turn|49\n|\n|t:|1782797108\n|-terastallize|p1a: Hippowdon|Steel\n|move|p2a: Feraligatr|Ice Punch|p1a: Hippowdon\n|-resisted|p1a: Hippowdon\n|-damage|p1a: Hippowdon|255/311\n|move|p1a: Hippowdon|Earthquake|p2a: Feraligatr\n|-damage|p2a: Feraligatr|164/264\n|\n|-weather|Sandstorm|[upkeep]\n|-damage|p2a: Feraligatr|148/264|[from] Sandstorm\n|-heal|p1a: Hippowdon|274/311|[from] item: Leftovers\n|upkeep\n|turn|50\n|\n|t:|1782797115\n|move|p2a: Feraligatr|Liquidation|p1a: Hippowdon\n|-damage|p1a: Hippowdon|24/311\n|move|p1a: Hippowdon|Earthquake|p2a: Feraligatr\n|-damage|p2a: Feraligatr|30/264\n|\n|-weather|Sandstorm|[upkeep]\n|-damage|p2a: Feraligatr|14/264|[from] Sandstorm\n|-heal|p1a: Hippowdon|43/311|[from] item: Leftovers\n|upkeep\n|turn|51\n|\n|t:|1782797120\n|switch|p1a: Corviknight|Corviknight, L80, M|44/288 par\n|move|p2a: Feraligatr|Liquidation|p1a: Corviknight\n|-damage|p1a: Corviknight|0 fnt\n|faint|p1a: Corviknight\n|\n|-weather|Sandstorm|[upkeep]\n|-damage|p2a: Feraligatr|0 fnt|[from] Sandstorm\n|faint|p2a: Feraligatr\n|upkeep\n|\n|t:|1782797128\n|switch|p2a: Dunsparce|Dunsparce, L86, M|292/312\n|switch|p1a: Regidrago|Regidrago, L77|435/435\n|turn|52\n|\n|t:|1782797134\n|move|p1a: Regidrago|Draco Meteor|p2a: Dunsparce\n|-damage|p2a: Dunsparce|142/312\n|-unboost|p1a: Regidrago|spa|2\n|move|p2a: Dunsparce|Body Slam|p1a: Regidrago\n|-damage|p1a: Regidrago|324/435\n|\n|-weather|Sandstorm|[upkeep]\n|-damage|p1a: Regidrago|297/435|[from] Sandstorm\n|-damage|p2a: Dunsparce|123/312|[from] Sandstorm\n|upkeep\n|turn|53\n|\n|t:|1782797138\n|move|p1a: Regidrago|Dragon Dance|p1a: Regidrago\n|-boost|p1a: Regidrago|atk|1\n|-boost|p1a: Regidrago|spe|1\n|move|p2a: Dunsparce|Roost|p2a: Dunsparce\n|-heal|p2a: Dunsparce|279/312\n|-singleturn|p2a: Dunsparce|move: Roost\n|\n|-weather|none\n|upkeep\n|turn|54\n|\n|t:|1782797140\n|move|p1a: Regidrago|Dragon Dance|p1a: Regidrago\n|-boost|p1a: Regidrago|atk|1\n|-boost|p1a: Regidrago|spe|1\n|move|p2a: Dunsparce|Body Slam|p1a: Regidrago\n|-damage|p1a: Regidrago|171/435\n|-status|p1a: Regidrago|par\n|-enditem|p1a: Regidrago|Lum Berry|[eat]\n|-curestatus|p1a: Regidrago|par|[msg]\n|\n|upkeep\n|turn|55\n|\n|t:|1782797143\n|move|p1a: Regidrago|Outrage|p2a: Dunsparce\n|-damage|p2a: Dunsparce|14/312\n|move|p2a: Dunsparce|Body Slam|p1a: Regidrago\n|-damage|p1a: Regidrago|59/435\n|\n|upkeep\n|turn|56\n|\n|t:|1782797146\n|switch|p2a: Enamorus|Enamorus-Therian, L83, F|259/259\n|move|p1a: Regidrago|Outrage|p2a: Enamorus|[from] lockedmove\n|-immune|p2a: Enamorus\n|\n|upkeep\n|turn|57\n|\n|t:|1782797153\n|switch|p1a: Hippowdon|Hippowdon, L82, M, tera:Steel|43/311\n|-weather|Sandstorm|[from] ability: Sand Stream|[of] p1a: Hippowdon\n|move|p2a: Enamorus|Moonblast|p1a: Hippowdon\n|-resisted|p1a: Hippowdon\n|-damage|p1a: Hippowdon|0 fnt\n|faint|p1a: Hippowdon\n|\n|-weather|Sandstorm|[upkeep]\n|upkeep\n|\n|t:|1782797159\n|switch|p1a: Oricorio|Oricorio-Pa'u, L87, F|272/272\n|turn|58\n|\n|t:|1782797172\n|move|p1a: Oricorio|Quiver Dance|p1a: Oricorio\n|-boost|p1a: Oricorio|spa|1\n|-boost|p1a: Oricorio|spd|1\n|-boost|p1a: Oricorio|spe|1\n|move|p2a: Enamorus|Moonblast|p1a: Oricorio\n|-damage|p1a: Oricorio|179/272\n|\n|-weather|Sandstorm|[upkeep]\n|-damage|p1a: Oricorio|162/272|[from] Sandstorm\n|upkeep\n|turn|59\n|\n|t:|1782797194\n|move|p1a: Oricorio|Quiver Dance|p1a: Oricorio\n|-boost|p1a: Oricorio|spa|1\n|-boost|p1a: Oricorio|spd|1\n|-boost|p1a: Oricorio|spe|1\n|move|p2a: Enamorus|Moonblast|p1a: Oricorio\n|-damage|p1a: Oricorio|87/272\n|\n|-weather|Sandstorm|[upkeep]\n|-damage|p1a: Oricorio|70/272|[from] Sandstorm\n|upkeep\n|turn|60\n|\n|t:|1782797202\n|move|p1a: Oricorio|Roost|p1a: Oricorio\n|-heal|p1a: Oricorio|206/272\n|-singleturn|p1a: Oricorio|move: Roost\n|move|p2a: Enamorus|Moonblast|p1a: Oricorio\n|-damage|p1a: Oricorio|130/272\n|\n|-weather|Sandstorm|[upkeep]\n|-damage|p1a: Oricorio|113/272|[from] Sandstorm\n|upkeep\n|turn|61\n|\n|t:|1782797204\n|move|p1a: Oricorio|Quiver Dance|p1a: Oricorio\n|-boost|p1a: Oricorio|spa|1\n|-boost|p1a: Oricorio|spd|1\n|-boost|p1a: Oricorio|spe|1\n|move|p2a: Enamorus|Moonblast|p1a: Oricorio\n|-damage|p1a: Oricorio|55/272\n|-unboost|p1a: Oricorio|spa|1\n|\n|-weather|none\n|upkeep\n|turn|62\n|\n|t:|1782797207\n|move|p1a: Oricorio|Roost|p1a: Oricorio\n|-heal|p1a: Oricorio|191/272\n|-singleturn|p1a: Oricorio|move: Roost\n|move|p2a: Enamorus|Moonblast|p1a: Oricorio\n|-damage|p1a: Oricorio|131/272\n|\n|upkeep\n|turn|63\n|\n|t:|1782797211\n|move|p1a: Oricorio|Hurricane|p2a: Enamorus|[miss]\n|-miss|p1a: Oricorio|p2a: Enamorus\n|move|p2a: Enamorus|Moonblast|p1a: Oricorio\n|-damage|p1a: Oricorio|65/272\n|-unboost|p1a: Oricorio|spa|1\n|\n|upkeep\n|turn|64\n|\n|t:|1782797217\n|move|p1a: Oricorio|Roost|p1a: Oricorio\n|-heal|p1a: Oricorio|201/272\n|-singleturn|p1a: Oricorio|move: Roost\n|move|p2a: Enamorus|Moonblast|p1a: Oricorio\n|-damage|p1a: Oricorio|141/272\n|\n|upkeep\n|turn|65\n|\n|t:|1782797220\n|move|p1a: Oricorio|Quiver Dance|p1a: Oricorio\n|-boost|p1a: Oricorio|spa|1\n|-boost|p1a: Oricorio|spd|1\n|-boost|p1a: Oricorio|spe|1\n|move|p2a: Enamorus|Moonblast|p1a: Oricorio\n|-damage|p1a: Oricorio|90/272\n|\n|upkeep\n|turn|66\n|\n|t:|1782797223\n|move|p1a: Oricorio|Quiver Dance|p1a: Oricorio\n|-boost|p1a: Oricorio|spa|1\n|-boost|p1a: Oricorio|spd|1\n|-boost|p1a: Oricorio|spe|1\n|move|p2a: Enamorus|Moonblast|p1a: Oricorio\n|-damage|p1a: Oricorio|48/272\n|\n|upkeep\n|turn|67\n|\n|t:|1782797225\n|move|p1a: Oricorio|Roost|p1a: Oricorio\n|-heal|p1a: Oricorio|184/272\n|-singleturn|p1a: Oricorio|move: Roost\n|move|p2a: Enamorus|Moonblast|p1a: Oricorio\n|-damage|p1a: Oricorio|144/272\n|\n|upkeep\n|turn|68\n|\n|t:|1782797228\n|move|p1a: Oricorio|Revelation Dance|p2a: Enamorus\n|-damage|p2a: Enamorus|43/259\n|move|p2a: Enamorus|Moonblast|p1a: Oricorio\n|-damage|p1a: Oricorio|102/272\n|\n|upkeep\n|turn|69\n|\n|t:|1782797235\n|move|p1a: Oricorio|Revelation Dance|p2a: Enamorus\n|-damage|p2a: Enamorus|0 fnt\n|faint|p2a: Enamorus\n|\n|upkeep\n|\n|t:|1782797237\n|switch|p2a: Lilligant|Lilligant-Hisui, L79, F|240/240\n|turn|70\n|c|\u2606rocket4lyf|Lol\n|c|\u2606rocket4lyf|So tryhard\n|\n|t:|1782797248\n|move|p1a: Oricorio|Revelation Dance|p2a: Lilligant\n|-supereffective|p2a: Lilligant\n|-damage|p2a: Lilligant|0 fnt\n|faint|p2a: Lilligant\n|\n|upkeep\n|\n|t:|1782797251\n|switch|p2a: Dunsparce|Dunsparce, L86, M|14/312\n|turn|71\n|\n|t:|1782797254\n|move|p1a: Oricorio|Revelation Dance|p2a: Dunsparce\n|-damage|p2a: Dunsparce|0 fnt\n|faint|p2a: Dunsparce\n|\n|win|rocket4lyf\n", "inputlog": ">version f8ac14003a5f27e1bdc8d8c59608a773c1cb96e5\n>start {\"formatid\":\"gen9randombattle\",\"seed\":\"sodium,9898404e3b8a54e1fa4127f7a80af6eb\",\"rated\":\"Rated battle\"}\n>player p1 {\"name\":\"rocket4lyf\",\"avatar\":\"2\",\"rating\":2033,\"seed\":\"sodium,0e88d690d3eee65b1d7a59b5d540a7bd\"}\n>player p2 {\"name\":\"mindfreak371379\",\"avatar\":\"265\",\"rating\":2113,\"seed\":\"sodium,719c5a1b569692af974cf5222f88401c\"}\n>p1 switch 4\n>p2 move knockoff\n>p1 move bravebird\n>p2 switch 6\n>p1 move bodypress\n>p2 move bodyslam\n>p1 switch 6\n>p2 move roost\n>p1 move willowisp\n>p2 switch 6\n>p1 switch 6\n>p2 move knockoff\n>p1 move roost\n>p2 move drainpunch\n>p1 move bravebird\n>p2 switch 6\n>p1 move bodypress\n>p2 move bodyslam\n>p1 switch 6\n>p2 move coil\n>p1 move willowisp\n>p2 switch 3\n>p1 switch 6\n>p2 move quiverdance\n>p1 move bravebird\n>p2 switch 3\n>p1 move roost\n>p2 move roost\n>p1 switch 6\n>p2 move bodyslam\n>p1 move strangesteam\n>p2 switch 3\n>p1 move gunkshot\n>p2 switch 3\n>p1 move willowisp\n>p2 switch 3\n>p1 switch 6\n>p2 switch 3\n>p1 move bodypress\n>p2 move coil\n>p1 switch 6\n>p2 move roost\n>p1 move willowisp\n>p2 switch 3\n>p1 switch 6\n>p2 move sludgewave\n>p1 move bodypress\n>p2 switch 3\n>p1 move bodypress\n>p2 move coil\n>p1 switch 6\n>p2 move roost\n>p1 move willowisp\n>p2 switch 3\n>p1 switch 6\n>p2 switch 3\n>p1 switch 6\n>p2 move coil\n>p1 move willowisp\n>p2 switch 3\n>p1 switch 6\n>p2 switch 3\n>p1 move bodypress\n>p2 move earthquake\n>p1 switch 6\n>p2 move earthquake\n>p1 move willowisp\n>p2 switch 3\n>p1 switch 6\n>p2 switch 6\n>p1 move bravebird\n>p2 move drainpunch\n>p1 move roost\n>p2 move drainpunch\n>p1 move roost\n>p2 switch 3\n>p1 move bodypress\n>p2 move bodyslam\n>p1 switch 6\n>p2 move roost\n>p1 move gunkshot\n>p2 switch 6\n>p2 switch 3\n>p1 move strangesteam\n>p2 move knockoff\n>p1 switch 6\n>p2 move psychicfangs\n>p1 move roost\n>p2 move drainpunch\n>p1 move bravebird\n>p2 move drainpunch\n>p2 switch 5\n>p1 switch 6\n>p2 move dragondance\n>p1 move willowisp\n>p2 move liquidation terastallize\n>p1 move painsplit\n>p2 move liquidation\n>p1 switch 3\n>p1 move earthquake terastallize\n>p2 move icepunch\n>p1 move earthquake\n>p2 move liquidation\n>p1 switch 6\n>p2 move liquidation\n>p1 switch 4\n>p2 switch 6\n>p1 move dracometeor\n>p2 move bodyslam\n>p1 move dragondance\n>p2 move roost\n>p1 move dragondance\n>p2 move bodyslam\n>p1 move outrage\n>p2 move bodyslam\n>p1 move outrage\n>p2 switch 2\n>p1 switch 6\n>p2 move moonblast\n>p1 switch 2\n>p1 move quiverdance\n>p2 move moonblast\n>p1 move quiverdance\n>p2 move moonblast\n>p1 move roost\n>p2 move moonblast\n>p1 move quiverdance\n>p2 move moonblast\n>p1 move roost\n>p2 move moonblast\n>p1 move hurricane\n>p2 move moonblast\n>p1 move roost\n>p2 move moonblast\n>p1 move quiverdance\n>p2 move moonblast\n>p1 move quiverdance\n>p2 move moonblast\n>p1 move roost\n>p2 move moonblast\n>p1 move revelationdance\n>p2 move moonblast\n>p1 move revelationdance\n>p2 move moonblast\n>p2 switch 4\n>chat \u2606rocket4lyf|Lol\n>chat \u2606rocket4lyf|So tryhard\n>p1 move revelationdance\n>p2 move icespinner\n>p2 switch 2\n>p1 move revelationdance\n>p2 move bodyslam", "uploadtime": 1782796756, "views": 3, "formatid": "gen9randombattle", "rating": null, "private": 0, "password": null, "player_dets": [{"name": "rocket4lyf", "avatar": "2", "rating": 2033, "seed": "sodium,0e88d690d3eee65b1d7a59b5d540a7bd"}, {"name": "mindfreak371379", "avatar": "265", "rating": 2113, "seed": "sodium,719c5a1b569692af974cf5222f88401c"}], "teams_full": [{"Regidrago": {"name": "Regidrago", "species": "Regidrago", "speciesId": "regidrago", "gender": "N", "shiny": false, "level": 77, "moves": ["earthquake", "dracometeor", "outrage", "dragondance"], "ability": "Dragon's Maw", "evs": {"hp": 85, "atk": 85, "def": 85, "spa": 85, "spd": 85, "spe": 85}, "ivs": {"hp": 31, "atk": 31, "def": 31, "spa": 31, "spd": 31, "spe": 31}, "item": "Lum Berry", "teraType": "Dragon", "role": "Setup Sweeper", "bvs": {"hp": 200, "atk": 100, "def": 50, "spa": 100, "spd": 50, "spe": 80}, "stats": {"hp": 435, "atk": 199, "def": 122, "spa": 199, "spd": 122, "spe": 168}, "types": ["Dragon"]}, "Oricorio": {"name": "Oricorio", "species": "Oricorio-Pa'u", "speciesId": "oricoriopau", "gender": "F", "shiny": false, "level": 87, "moves": ["roost", "revelationdance", "quiverdance", "hurricane"], "ability": "Dancer", "evs": {"hp": 85, "atk": 0, "def": 85, "spa": 85, "spd": 85, "spe": 85}, "ivs": {"hp": 31, "atk": 0, "def": 31, "spa": 31, "spd": 31, "spe": 31}, "item": "Heavy-Duty Boots", "teraType": "Fighting", "role": "Setup Sweeper", "bvs": {"hp": 75, "atk": 70, "def": 70, "spa": 98, "spd": 70, "spe": 93}, "stats": {"hp": 272, "atk": 126, "def": 172, "spa": 220, "spd": 172, "spe": 212}, "types": ["Psychic", "Flying"]}, "Hippowdon": {"name": "Hippowdon", "species": "Hippowdon", "speciesId": "hippowdon", "gender": "M", "shiny": false, "level": 82, "moves": ["stoneedge", "slackoff", "stealthrock", "earthquake"], "ability": "Sand Stream", "evs": {"hp": 85, "atk": 85, "def": 85, "spa": 85, "spd": 85, "spe": 85}, "ivs": {"hp": 31, "atk": 31, "def": 31, "spa": 31, "spd": 31, "spe": 31}, "item": "Leftovers", "teraType": "Steel", "role": "Bulky Support", "bvs": {"hp": 108, "atk": 112, "def": 118, "spa": 68, "spd": 72, "spe": 47}, "stats": {"hp": 311, "atk": 231, "def": 241, "spa": 159, "spd": 165, "spe": 124}, "types": ["Ground"]}, "Corviknight": {"name": "Corviknight", "species": "Corviknight", "speciesId": "corviknight", "gender": "M", "shiny": false, "level": 80, "moves": ["defog", "roost", "bodypress", "bravebird"], "ability": "Mirror Armor", "evs": {"hp": 85, "atk": 85, "def": 85, "spa": 85, "spd": 85, "spe": 85}, "ivs": {"hp": 31, "atk": 31, "def": 31, "spa": 31, "spd": 31, "spe": 31}, "item": "Rocky Helmet", "teraType": "Dragon", "role": "Bulky Support", "bvs": {"hp": 98, "atk": 87, "def": 105, "spa": 53, "spd": 85, "spe": 67}, "stats": {"hp": 288, "atk": 185, "def": 214, "spa": 131, "spd": 182, "spe": 153}, "types": ["Flying", "Steel"]}, "Ribombee": {"name": "Ribombee", "species": "Ribombee", "speciesId": "ribombee", "gender": "F", "shiny": false, "level": 83, "moves": ["bugbuzz", "uturn", "moonblast", "stickyweb"], "ability": "Shield Dust", "evs": {"hp": 85, "atk": 85, "def": 85, "spa": 85, "spd": 85, "spe": 85}, "ivs": {"hp": 31, "atk": 31, "def": 31, "spa": 31, "spd": 31, "spe": 31}, "item": "Heavy-Duty Boots", "teraType": "Ghost", "role": "Fast Support", "bvs": {"hp": 60, "atk": 55, "def": 60, "spa": 95, "spd": 70, "spe": 124}, "stats": {"hp": 235, "atk": 139, "def": 147, "spa": 205, "spd": 164, "spe": 254}, "types": ["Bug", "Fairy"]}, "Weezing": {"name": "Weezing", "species": "Weezing-Galar", "speciesId": "weezinggalar", "gender": "F", "shiny": false, "level": 86, "moves": ["strangesteam", "willowisp", "painsplit", "gunkshot"], "ability": "Levitate", "evs": {"hp": 85, "atk": 85, "def": 85, "spa": 85, "spd": 85, "spe": 85}, "ivs": {"hp": 31, "atk": 31, "def": 31, "spa": 31, "spd": 31, "spe": 31}, "item": "Leftovers", "teraType": "Steel", "role": "Bulky Support", "bvs": {"hp": 65, "atk": 90, "def": 120, "spa": 85, "spd": 70, "spe": 60}, "stats": {"hp": 252, "atk": 204, "def": 256, "spa": 195, "spd": 170, "spe": 152}, "types": ["Poison", "Fairy"]}}, {"Okidogi": {"name": "Okidogi", "species": "Okidogi", "speciesId": "okidogi", "gender": "M", "shiny": false, "level": 77, "moves": ["psychicfangs", "gunkshot", "knockoff", "drainpunch"], "ability": "Toxic Chain", "evs": {"hp": 85, "atk": 85, "def": 85, "spa": 85, "spd": 85, "spe": 85}, "ivs": {"hp": 31, "atk": 31, "def": 31, "spa": 31, "spd": 31, "spe": 31}, "item": "Assault Vest", "teraType": "Dark", "role": "AV Pivot", "bvs": {"hp": 88, "atk": 128, "def": 115, "spa": 58, "spd": 86, "spe": 80}, "stats": {"hp": 262, "atk": 242, "def": 222, "spa": 134, "spd": 177, "spe": 168}, "types": ["Poison", "Fighting"]}, "Enamorus": {"name": "Enamorus", "species": "Enamorus-Therian", "speciesId": "enamorustherian", "gender": "F", "shiny": false, "level": 83, "moves": ["earthpower", "superpower", "moonblast", "agility"], "ability": "Overcoat", "evs": {"hp": 85, "atk": 85, "def": 85, "spa": 85, "spd": 85, "spe": 85}, "ivs": {"hp": 31, "atk": 31, "def": 31, "spa": 31, "spd": 31, "spe": 31}, "item": "Weakness Policy", "teraType": "Ground", "role": "Bulky Setup", "bvs": {"hp": 74, "atk": 115, "def": 110, "spa": 135, "spd": 100, "spe": 46}, "stats": {"hp": 259, "atk": 239, "def": 230, "spa": 272, "spd": 214, "spe": 124}, "types": ["Fairy", "Flying"]}, "Venomoth": {"name": "Venomoth", "species": "Venomoth", "speciesId": "venomoth", "gender": "M", "shiny": false, "level": 84, "moves": ["quiverdance", "bugbuzz", "sleeppowder", "sludgewave"], "ability": "Tinted Lens", "evs": {"hp": 85, "atk": 0, "def": 85, "spa": 85, "spd": 85, "spe": 85}, "ivs": {"hp": 31, "atk": 0, "def": 31, "spa": 31, "spd": 31, "spe": 31}, "item": "Heavy-Duty Boots", "teraType": "Steel", "role": "Setup Sweeper", "bvs": {"hp": 70, "atk": 65, "def": 60, "spa": 90, "spd": 75, "spe": 90}, "stats": {"hp": 255, "atk": 114, "def": 149, "spa": 199, "spd": 174, "spe": 199}, "types": ["Bug", "Poison"]}, "Lilligant": {"name": "Lilligant", "species": "Lilligant-Hisui", "speciesId": "lilliganthisui", "gender": "F", "shiny": false, "level": 79, "moves": ["closecombat", "icespinner", "victorydance", "leafblade"], "ability": "Hustle", "evs": {"hp": 85, "atk": 85, "def": 85, "spa": 85, "spd": 85, "spe": 85}, "ivs": {"hp": 31, "atk": 31, "def": 31, "spa": 31, "spd": 31, "spe": 31}, "item": "Wide Lens", "teraType": "Steel", "role": "Setup Sweeper", "bvs": {"hp": 70, "atk": 105, "def": 75, "spa": 50, "spd": 75, "spe": 105}, "stats": {"hp": 240, "atk": 211, "def": 164, "spa": 125, "spd": 164, "spe": 211}, "types": ["Grass", "Fighting"]}, "Feraligatr": {"name": "Feraligatr", "species": "Feraligatr", "speciesId": "feraligatr", "gender": "M", "shiny": false, "level": 79, "moves": ["dragondance", "trailblaze", "icepunch", "liquidation"], "ability": "Sheer Force", "evs": {"hp": 85, "atk": 85, "def": 85, "spa": 85, "spd": 85, "spe": 85}, "ivs": {"hp": 31, "atk": 31, "def": 31, "spa": 31, "spd": 31, "spe": 31}, "item": "Life Orb", "teraType": "Water", "role": "Setup Sweeper", "bvs": {"hp": 85, "atk": 105, "def": 100, "spa": 79, "spd": 83, "spe": 78}, "stats": {"hp": 264, "atk": 211, "def": 204, "spa": 170, "spd": 177, "spe": 169}, "types": ["Water"]}, "Dunsparce": {"name": "Dunsparce", "species": "Dunsparce", "speciesId": "dunsparce", "gender": "M", "shiny": false, "level": 86, "moves": ["bodyslam", "roost", "coil", "earthquake"], "ability": "Serene Grace", "evs": {"hp": 85, "atk": 85, "def": 85, "spa": 85, "spd": 85, "spe": 85}, "ivs": {"hp": 31, "atk": 31, "def": 31, "spa": 31, "spd": 31, "spe": 31}, "item": "Eviolite", "teraType": "Ground", "role": "Bulky Setup", "bvs": {"hp": 100, "atk": 70, "def": 70, "spa": 65, "spd": 65, "spe": 45}, "stats": {"hp": 312, "atk": 170, "def": 170, "spa": 161, "spd": 161, "spe": 127}, "types": ["Normal"]}}]}