{"id": "gen9randombattle-2641732698", "format": "[Gen 9] Random Battle", "players": ["s1ark", "KolschEnthusiast"], "log": "|j|\u2606s1ark\n|j|\u2606KolschEnthusiast\n|t:|1782835381\n|gametype|singles\n|player|p1|s1ark|266|1484\n|player|p2|KolschEnthusiast|guitarist|1501\n|gen|9\n|tier|[Gen 9] Random Battle\n|rated|\n|rule|Species Clause: Limit one of each Pok\u00e9mon\n|rule|HP Percentage Mod: HP is shown in percentages\n|rule|Sleep Clause Mod: Limit one foe put to sleep\n|rule|Illusion Level Mod: Illusion disguises the Pok\u00e9mon's true level\n|\n|t:|1782835381\n|teamsize|p1|6\n|teamsize|p2|6\n|start\n|switch|p1a: Scovillain|Scovillain, L91, M|266/266\n|switch|p2a: Orthworm|Orthworm, L88, M|266/266\n|turn|1\n|inactive|Battle timer is ON: inactive players will automatically lose when time's up. (requested by s1ark)\n|\n|t:|1782835396\n|switch|p2a: Talonflame|Talonflame, L83, F|265/265\n|move|p1a: Scovillain|Overheat|p2a: Talonflame\n|-resisted|p2a: Talonflame\n|-damage|p2a: Talonflame|97/265\n|-unboost|p1a: Scovillain|spa|2\n|\n|upkeep\n|turn|2\n|\n|t:|1782835422\n|switch|p1a: Hippowdon|Hippowdon, L82, F|311/311\n|-weather|Sandstorm|[from] ability: Sand Stream|[of] p1a: Hippowdon\n|move|p2a: Talonflame|Roost|p2a: Talonflame\n|-heal|p2a: Talonflame|230/265\n|-singleturn|p2a: Talonflame|move: Roost\n|\n|-weather|Sandstorm|[upkeep]\n|-damage|p2a: Talonflame|214/265|[from] Sandstorm\n|upkeep\n|turn|3\n|\n|t:|1782835430\n|switch|p2a: Orthworm|Orthworm, L88, M|266/266\n|move|p1a: Hippowdon|Curse|p1a: Hippowdon\n|-unboost|p1a: Hippowdon|spe|1\n|-boost|p1a: Hippowdon|atk|1\n|-boost|p1a: Hippowdon|def|1\n|\n|-weather|Sandstorm|[upkeep]\n|upkeep\n|turn|4\n|\n|t:|1782835444\n|switch|p1a: Volbeat|Volbeat, L90, M|263/263\n|move|p2a: Orthworm|Stealth Rock|p1a: Volbeat\n|-sidestart|p1: s1ark|move: Stealth Rock\n|\n|-weather|Sandstorm|[upkeep]\n|-damage|p1a: Volbeat|247/263|[from] Sandstorm\n|upkeep\n|turn|5\n|\n|t:|1782835466\n|switch|p2a: Mamoswine|Mamoswine, L81, F|311/311\n|move|p1a: Volbeat|Thunder Wave|p2a: Mamoswine\n|-immune|p2a: Mamoswine\n|\n|-weather|Sandstorm|[upkeep]\n|-damage|p1a: Volbeat|231/263|[from] Sandstorm\n|upkeep\n|turn|6\n|\n|t:|1782835480\n|move|p1a: Volbeat|Lunge|p2a: Mamoswine\n|-damage|p2a: Mamoswine|227/311\n|-unboost|p2a: Mamoswine|atk|1\n|move|p2a: Mamoswine|Icicle Crash|p1a: Volbeat\n|-damage|p1a: Volbeat|117/263\n|\n|-weather|none\n|upkeep\n|turn|7\n|\n|t:|1782835494\n|switch|p2a: Rotom|Rotom, L88|231/231\n|move|p1a: Volbeat|Lunge|p2a: Rotom\n|-resisted|p2a: Rotom\n|-damage|p2a: Rotom|193/231\n|-unboost|p2a: Rotom|atk|1\n|\n|upkeep\n|turn|8\n|\n|t:|1782835503\n|move|p1a: Volbeat|Roost|p1a: Volbeat\n|-heal|p1a: Volbeat|249/263\n|-singleturn|p1a: Volbeat|move: Roost\n|move|p2a: Rotom|Will-O-Wisp|p1a: Volbeat\n|-status|p1a: Volbeat|brn\n|\n|-damage|p1a: Volbeat|233/263 brn|[from] brn\n|upkeep\n|turn|9\n|\n|t:|1782835518\n|switch|p2a: Orthworm|Orthworm, L88, M|266/266\n|move|p1a: Volbeat|Encore||[still]\n|-fail|p1a: Volbeat\n|\n|-damage|p1a: Volbeat|217/263 brn|[from] brn\n|upkeep\n|turn|10\n|\n|t:|1782835525\n|switch|p2a: Rotom|Rotom, L88|193/231\n|move|p1a: Volbeat|Thunder Wave|p2a: Rotom\n|-immune|p2a: Rotom\n|\n|-damage|p1a: Volbeat|201/263 brn|[from] brn\n|upkeep\n|turn|11\n|\n|t:|1782835543\n|switch|p1a: Mabosstiff|Mabosstiff, L86, M|278/278\n|-damage|p1a: Mabosstiff|244/278|[from] Stealth Rock\n|move|p2a: Rotom|Shadow Ball|p1a: Mabosstiff\n|-resisted|p1a: Mabosstiff\n|-crit|p1a: Mabosstiff\n|-damage|p1a: Mabosstiff|135/278\n|-damage|p2a: Rotom|170/231|[from] item: Life Orb\n|\n|upkeep\n|turn|12\n|\n|t:|1782835552\n|move|p1a: Mabosstiff|Crunch|p2a: Rotom\n|-supereffective|p2a: Rotom\n|-damage|p2a: Rotom|0 fnt\n|faint|p2a: Rotom\n|\n|upkeep\n|\n|t:|1782835563\n|switch|p2a: Vileplume|Vileplume, L85, M|266/266\n|turn|13\n|\n|t:|1782835586\n|move|p1a: Mabosstiff|Crunch|p2a: Vileplume\n|-damage|p2a: Vileplume|160/266\n|-unboost|p2a: Vileplume|def|1\n|-status|p1a: Mabosstiff|slp|[from] ability: Effect Spore|[of] p2a: Vileplume\n|move|p2a: Vileplume|Sludge Bomb|p1a: Mabosstiff\n|-damage|p1a: Mabosstiff|11/278 slp\n|\n|-heal|p2a: Vileplume|176/266|[from] item: Leftovers\n|upkeep\n|turn|14\n|\n|t:|1782835597\n|cant|p1a: Mabosstiff|slp\n|move|p2a: Vileplume|Strength Sap|p1a: Mabosstiff\n|-unboost|p1a: Mabosstiff|atk|1\n|-heal|p2a: Vileplume|266/266\n|\n|upkeep\n|turn|15\n|\n|t:|1782835601\n|cant|p1a: Mabosstiff|slp\n|move|p2a: Vileplume|Sludge Bomb|p1a: Mabosstiff\n|-crit|p1a: Mabosstiff\n|-damage|p1a: Mabosstiff|0 fnt\n|faint|p1a: Mabosstiff\n|\n|upkeep\n|\n|t:|1782835610\n|switch|p1a: Scovillain|Scovillain, L91, M|266/266\n|-damage|p1a: Scovillain|200/266|[from] Stealth Rock\n|turn|16\n|\n|t:|1782835616\n|switch|p2a: Talonflame|Talonflame, L83, F|214/265\n|move|p1a: Scovillain|Overheat|p2a: Talonflame\n|-resisted|p2a: Talonflame\n|-damage|p2a: Talonflame|67/265\n|-unboost|p1a: Scovillain|spa|2\n|\n|upkeep\n|turn|17\n|\n|t:|1782835624\n|switch|p1a: Wugtrio|Wugtrio, L91, M|212/212\n|-damage|p1a: Wugtrio|186/212|[from] Stealth Rock\n|move|p2a: Talonflame|Roost|p2a: Talonflame\n|-heal|p2a: Talonflame|200/265\n|-singleturn|p2a: Talonflame|move: Roost\n|\n|upkeep\n|turn|18\n|\n|t:|1782835632\n|switch|p2a: Orthworm|Orthworm, L88, M|266/266\n|move|p1a: Wugtrio|Throat Chop|p2a: Orthworm\n|-damage|p2a: Orthworm|205/266\n|-start|p2a: Orthworm|Throat Chop|[silent]\n|\n|-heal|p2a: Orthworm|221/266|[from] item: Leftovers\n|upkeep\n|turn|19\n|\n|t:|1782835642\n|switch|p1a: Volbeat|Volbeat, L90, M|201/263 brn\n|move|p2a: Orthworm|Spikes|p1a: Volbeat\n|-sidestart|p1: s1ark|Spikes\n|\n|-heal|p2a: Orthworm|237/266|[from] item: Leftovers\n|-damage|p1a: Volbeat|185/263 brn|[from] brn\n|-end|p2a: Orthworm|Throat Chop|[silent]\n|upkeep\n|turn|20\n|\n|t:|1782835657\n|switch|p2a: Greedent|Greedent, L86, M|347/347\n|move|p1a: Volbeat|Lunge|p2a: Greedent\n|-damage|p2a: Greedent|311/347\n|-unboost|p2a: Greedent|atk|1\n|\n|-damage|p1a: Volbeat|169/263 brn|[from] brn\n|upkeep\n|turn|21\n|\n|t:|1782835684\n|switch|p1a: Clefable|Clefable, L83, M|293/293\n|-damage|p1a: Clefable|257/293|[from] Stealth Rock\n|-damage|p1a: Clefable|221/293|[from] Spikes\n|move|p2a: Greedent|Knock Off|p1a: Clefable\n|-resisted|p1a: Clefable\n|-damage|p1a: Clefable|183/293\n|-enditem|p1a: Clefable|Leftovers|[from] move: Knock Off|[of] p2a: Greedent\n|\n|upkeep\n|turn|22\n|\n|t:|1782835704\n|switch|p2a: Orthworm|Orthworm, L88, M|237/266\n|move|p1a: Clefable|Thunder Wave|p2a: Orthworm\n|-status|p2a: Orthworm|par\n|\n|-heal|p2a: Orthworm|253/266 par|[from] item: Leftovers\n|upkeep\n|turn|23\n|\n|t:|1782835709\n|switch|p1a: Scovillain|Scovillain, L91, M|200/266\n|-damage|p1a: Scovillain|134/266|[from] Stealth Rock\n|-damage|p1a: Scovillain|101/266|[from] Spikes\n|move|p2a: Orthworm|Heavy Slam|p1a: Scovillain\n|-resisted|p1a: Scovillain\n|-damage|p1a: Scovillain|29/266\n|\n|-heal|p2a: Orthworm|266/266 par|[from] item: Leftovers\n|upkeep\n|turn|24\n|\n|t:|1782835739\n|switch|p2a: Talonflame|Talonflame, L83, F|200/265\n|-terastallize|p1a: Scovillain|Fire\n|move|p1a: Scovillain|Overheat|p2a: Talonflame\n|-resisted|p2a: Talonflame\n|-damage|p2a: Talonflame|2/265\n|-unboost|p1a: Scovillain|spa|2\n|\n|upkeep\n|turn|25\n|inactive|s1ark has 120 seconds left.\n|\n|t:|1782835767\n|move|p2a: Talonflame|Roost|p2a: Talonflame\n|-heal|p2a: Talonflame|135/265\n|-singleturn|p2a: Talonflame|move: Roost\n|move|p1a: Scovillain|Overheat|p2a: Talonflame\n|-resisted|p2a: Talonflame\n|-damage|p2a: Talonflame|30/265\n|-unboost|p1a: Scovillain|spa|2\n|\n|upkeep\n|turn|26\n|c|\u2606KolschEnthusiast|Nice tera\n|\n|t:|1782835777\n|move|p2a: Talonflame|Roost|p2a: Talonflame\n|-heal|p2a: Talonflame|163/265\n|-singleturn|p2a: Talonflame|move: Roost\n|move|p1a: Scovillain|Overheat|p2a: Talonflame\n|-resisted|p2a: Talonflame\n|-damage|p2a: Talonflame|97/265\n|-unboost|p1a: Scovillain|spa|2\n|\n|upkeep\n|turn|27\n|\n|t:|1782835780\n|move|p2a: Talonflame|Roost|p2a: Talonflame\n|-heal|p2a: Talonflame|230/265\n|-singleturn|p2a: Talonflame|move: Roost\n|move|p1a: Scovillain|Overheat|p2a: Talonflame\n|-resisted|p2a: Talonflame\n|-damage|p2a: Talonflame|181/265\n|\n|upkeep\n|turn|28\n|\n|t:|1782835788\n|move|p2a: Talonflame|Roost|p2a: Talonflame\n|-heal|p2a: Talonflame|265/265\n|-singleturn|p2a: Talonflame|move: Roost\n|move|p1a: Scovillain|Overheat|p2a: Talonflame\n|-resisted|p2a: Talonflame\n|-damage|p2a: Talonflame|211/265\n|\n|upkeep\n|turn|29\n|\n|t:|1782835790\n|move|p2a: Talonflame|Brave Bird|p1a: Scovillain\n|-crit|p1a: Scovillain\n|-damage|p1a: Scovillain|0 fnt\n|faint|p1a: Scovillain\n|-damage|p2a: Talonflame|201/265|[from] Recoil\n|\n|upkeep\n|inactive|s1ark has 120 seconds left.\n|\n|t:|1782835826\n|switch|p1a: Wugtrio|Wugtrio, L91, M|186/212\n|-damage|p1a: Wugtrio|160/212|[from] Stealth Rock\n|-damage|p1a: Wugtrio|134/212|[from] Spikes\n|turn|30\n|\n|t:|1782835833\n|switch|p2a: Vileplume|Vileplume, L85, M|266/266\n|move|p1a: Wugtrio|Liquidation|p2a: Vileplume\n|-resisted|p2a: Vileplume\n|-damage|p2a: Vileplume|190/266\n|-status|p1a: Wugtrio|psn|[from] ability: Effect Spore|[of] p2a: Vileplume\n|\n|-heal|p2a: Vileplume|206/266|[from] item: Leftovers\n|-damage|p1a: Wugtrio|108/212 psn|[from] psn\n|upkeep\n|turn|31\n|inactive|s1ark has 120 seconds left.\n|\n|t:|1782835855\n|switch|p1a: Volbeat|Volbeat, L90, M|169/263 brn\n|move|p2a: Vileplume|Giga Drain|p1a: Volbeat\n|-resisted|p1a: Volbeat\n|-damage|p1a: Volbeat|122/263 brn\n|-heal|p2a: Vileplume|230/266|[from] drain|[of] p1a: Volbeat\n|\n|-heal|p2a: Vileplume|246/266|[from] item: Leftovers\n|-damage|p1a: Volbeat|106/263 brn|[from] brn\n|upkeep\n|turn|32\n|inactive|s1ark has 120 seconds left.\n|\n|t:|1782835875\n|switch|p2a: Greedent|Greedent, L86, M|311/347\n|move|p1a: Volbeat|Lunge|p2a: Greedent\n|-damage|p2a: Greedent|272/347\n|-unboost|p2a: Greedent|atk|1\n|\n|-damage|p1a: Volbeat|90/263 brn|[from] brn\n|upkeep\n|turn|33\n|\n|t:|1782835880\n|move|p1a: Volbeat|Thunder Wave|p2a: Greedent\n|-status|p2a: Greedent|par\n|move|p2a: Greedent|Knock Off|p1a: Volbeat\n|-damage|p1a: Volbeat|39/263 brn\n|-enditem|p1a: Volbeat|Heavy-Duty Boots|[from] move: Knock Off|[of] p2a: Greedent\n|\n|-damage|p1a: Volbeat|23/263 brn|[from] brn\n|upkeep\n|turn|34\n|\n|t:|1782835887\n|move|p1a: Volbeat|Roost|p1a: Volbeat\n|-heal|p1a: Volbeat|155/263 brn\n|-singleturn|p1a: Volbeat|move: Roost\n|move|p2a: Greedent|Body Slam|p1a: Volbeat\n|-damage|p1a: Volbeat|85/263 brn\n|\n|-damage|p1a: Volbeat|69/263 brn|[from] brn\n|upkeep\n|turn|35\n|\n|t:|1782835898\n|switch|p2a: Orthworm|Orthworm, L88, M|266/266 par\n|move|p1a: Volbeat|Roost|p1a: Volbeat\n|-heal|p1a: Volbeat|201/263 brn\n|-singleturn|p1a: Volbeat|move: Roost\n|\n|-damage|p1a: Volbeat|185/263 brn|[from] brn\n|upkeep\n|turn|36\n|\n|t:|1782835906\n|move|p1a: Volbeat|Lunge|p2a: Orthworm\n|-resisted|p2a: Orthworm\n|-damage|p2a: Orthworm|253/266 par\n|-unboost|p2a: Orthworm|atk|1\n|move|p2a: Orthworm|Heavy Slam|p1a: Volbeat\n|-damage|p1a: Volbeat|89/263 brn\n|\n|-heal|p2a: Orthworm|266/266 par|[from] item: Leftovers\n|-damage|p1a: Volbeat|73/263 brn|[from] brn\n|upkeep\n|turn|37\n|\n|t:|1782835913\n|move|p1a: Volbeat|Roost|p1a: Volbeat\n|-heal|p1a: Volbeat|205/263 brn\n|-singleturn|p1a: Volbeat|move: Roost\n|move|p2a: Orthworm|Spikes|p1a: Volbeat\n|-sidestart|p1: s1ark|Spikes\n|\n|-damage|p1a: Volbeat|189/263 brn|[from] brn\n|upkeep\n|turn|38\n|\n|t:|1782835933\n|switch|p1a: Wugtrio|Wugtrio, L91, M|108/212 psn\n|-damage|p1a: Wugtrio|82/212 psn|[from] Stealth Rock\n|-damage|p1a: Wugtrio|47/212 psn|[from] Spikes\n|move|p2a: Orthworm|Spikes|p1a: Wugtrio\n|-sidestart|p1: s1ark|Spikes\n|\n|-damage|p1a: Wugtrio|21/212 psn|[from] psn\n|upkeep\n|turn|39\n|\n|t:|1782835942\n|switch|p2a: Greedent|Greedent, L86, M|272/347 par\n|move|p1a: Wugtrio|Liquidation|p2a: Greedent\n|-damage|p2a: Greedent|125/347 par\n|-unboost|p2a: Greedent|def|1\n|-enditem|p2a: Greedent|Sitrus Berry|[eat]\n|-heal|p2a: Greedent|211/347 par|[from] item: Sitrus Berry\n|-heal|p2a: Greedent|326/347 par|[from] ability: Cheek Pouch\n|\n|-damage|p1a: Wugtrio|0 fnt|[from] psn\n|faint|p1a: Wugtrio\n|upkeep\n|\n|t:|1782835948\n|switch|p1a: Hippowdon|Hippowdon, L82, F|311/311\n|-damage|p1a: Hippowdon|292/311|[from] Stealth Rock\n|-damage|p1a: Hippowdon|215/311|[from] Spikes\n|-weather|Sandstorm|[from] ability: Sand Stream|[of] p1a: Hippowdon\n|turn|40\n|\n|t:|1782835956\n|move|p1a: Hippowdon|Curse|p1a: Hippowdon\n|-unboost|p1a: Hippowdon|spe|1\n|-boost|p1a: Hippowdon|atk|1\n|-boost|p1a: Hippowdon|def|1\n|cant|p2a: Greedent|par\n|\n|-weather|Sandstorm|[upkeep]\n|-damage|p2a: Greedent|305/347 par|[from] Sandstorm\n|-heal|p1a: Hippowdon|234/311|[from] item: Leftovers\n|upkeep\n|turn|41\n|\n|t:|1782835961\n|move|p1a: Hippowdon|Curse|p1a: Hippowdon\n|-unboost|p1a: Hippowdon|spe|1\n|-boost|p1a: Hippowdon|atk|1\n|-boost|p1a: Hippowdon|def|1\n|move|p2a: Greedent|Knock Off|p1a: Hippowdon\n|-damage|p1a: Hippowdon|206/311\n|-enditem|p1a: Hippowdon|Leftovers|[from] move: Knock Off|[of] p2a: Greedent\n|\n|-weather|Sandstorm|[upkeep]\n|-damage|p2a: Greedent|284/347 par|[from] Sandstorm\n|upkeep\n|turn|42\n|\n|t:|1782835965\n|switch|p2a: Vileplume|Vileplume, L85, M|246/266\n|move|p1a: Hippowdon|Curse|p1a: Hippowdon\n|-unboost|p1a: Hippowdon|spe|1\n|-boost|p1a: Hippowdon|atk|1\n|-boost|p1a: Hippowdon|def|1\n|\n|-weather|Sandstorm|[upkeep]\n|-damage|p2a: Vileplume|230/266|[from] Sandstorm\n|-heal|p2a: Vileplume|246/266|[from] item: Leftovers\n|upkeep\n|turn|43\n|\n|t:|1782835975\n|move|p2a: Vileplume|Leech Seed|p1a: Hippowdon\n|-start|p1a: Hippowdon|move: Leech Seed\n|move|p1a: Hippowdon|Earthquake|p2a: Vileplume\n|-damage|p2a: Vileplume|0 fnt\n|faint|p2a: Vileplume\n|\n|-weather|Sandstorm|[upkeep]\n|upkeep\n|\n|t:|1782835978\n|switch|p2a: Orthworm|Orthworm, L88, M|266/266 par\n|turn|44\n|\n|t:|1782835983\n|move|p2a: Orthworm|Body Press|p1a: Hippowdon\n|-damage|p1a: Hippowdon|180/311\n|move|p1a: Hippowdon|Curse|p1a: Hippowdon\n|-unboost|p1a: Hippowdon|spe|1\n|-boost|p1a: Hippowdon|atk|1\n|-boost|p1a: Hippowdon|def|1\n|\n|-weather|none\n|-damage|p1a: Hippowdon|142/311|[from] Leech Seed|[of] p2a: Orthworm\n|upkeep\n|turn|45\n|\n|t:|1782835988\n|move|p2a: Orthworm|Body Press|p1a: Hippowdon\n|-damage|p1a: Hippowdon|117/311\n|move|p1a: Hippowdon|Curse|p1a: Hippowdon\n|-unboost|p1a: Hippowdon|spe|1\n|-boost|p1a: Hippowdon|atk|1\n|-boost|p1a: Hippowdon|def|1\n|\n|-damage|p1a: Hippowdon|79/311|[from] Leech Seed|[of] p2a: Orthworm\n|upkeep\n|turn|46\n|\n|t:|1782835991\n|move|p2a: Orthworm|Body Press|p1a: Hippowdon\n|-damage|p1a: Hippowdon|57/311\n|move|p1a: Hippowdon|Slack Off|p1a: Hippowdon\n|-heal|p1a: Hippowdon|213/311\n|\n|-damage|p1a: Hippowdon|175/311|[from] Leech Seed|[of] p2a: Orthworm\n|upkeep\n|turn|47\n|\n|t:|1782835994\n|move|p2a: Orthworm|Body Press|p1a: Hippowdon\n|-damage|p1a: Hippowdon|153/311\n|move|p1a: Hippowdon|Curse|p1a: Hippowdon\n|-unboost|p1a: Hippowdon|spe|1\n|-boost|p1a: Hippowdon|atk|1\n|-boost|p1a: Hippowdon|def|1\n|\n|-damage|p1a: Hippowdon|115/311|[from] Leech Seed|[of] p2a: Orthworm\n|upkeep\n|turn|48\n|\n|t:|1782835998\n|move|p2a: Orthworm|Body Press|p1a: Hippowdon\n|-damage|p1a: Hippowdon|97/311\n|move|p1a: Hippowdon|Slack Off|p1a: Hippowdon\n|-heal|p1a: Hippowdon|253/311\n|\n|-damage|p1a: Hippowdon|215/311|[from] Leech Seed|[of] p2a: Orthworm\n|upkeep\n|turn|49\n|\n|t:|1782836005\n|move|p2a: Orthworm|Body Press|p1a: Hippowdon\n|-damage|p1a: Hippowdon|197/311\n|move|p1a: Hippowdon|Stone Edge|p2a: Orthworm\n|-resisted|p2a: Orthworm\n|-damage|p2a: Orthworm|172/266 par\n|\n|-heal|p2a: Orthworm|188/266 par|[from] item: Leftovers\n|-damage|p1a: Hippowdon|159/311|[from] Leech Seed|[of] p2a: Orthworm\n|-heal|p2a: Orthworm|226/266 par|[silent]\n|upkeep\n|turn|50\n|\n|t:|1782836010\n|move|p2a: Orthworm|Body Press|p1a: Hippowdon\n|-damage|p1a: Hippowdon|142/311\n|move|p1a: Hippowdon|Stone Edge|p2a: Orthworm|[miss]\n|-miss|p1a: Hippowdon|p2a: Orthworm\n|\n|-heal|p2a: Orthworm|242/266 par|[from] item: Leftovers\n|-damage|p1a: Hippowdon|104/311|[from] Leech Seed|[of] p2a: Orthworm\n|-heal|p2a: Orthworm|266/266 par|[silent]\n|upkeep\n|turn|51\n|\n|t:|1782836014\n|cant|p2a: Orthworm|par\n|move|p1a: Hippowdon|Slack Off|p1a: Hippowdon\n|-heal|p1a: Hippowdon|260/311\n|\n|-damage|p1a: Hippowdon|222/311|[from] Leech Seed|[of] p2a: Orthworm\n|upkeep\n|turn|52\n|\n|t:|1782836023\n|move|p2a: Orthworm|Body Press|p1a: Hippowdon\n|-damage|p1a: Hippowdon|204/311\n|move|p1a: Hippowdon|Stone Edge|p2a: Orthworm\n|-resisted|p2a: Orthworm\n|-damage|p2a: Orthworm|169/266 par\n|\n|-heal|p2a: Orthworm|185/266 par|[from] item: Leftovers\n|-damage|p1a: Hippowdon|166/311|[from] Leech Seed|[of] p2a: Orthworm\n|-heal|p2a: Orthworm|223/266 par|[silent]\n|upkeep\n|turn|53\n|\n|t:|1782836034\n|move|p2a: Orthworm|Body Press|p1a: Hippowdon\n|-damage|p1a: Hippowdon|148/311\n|move|p1a: Hippowdon|Stone Edge|p2a: Orthworm\n|-resisted|p2a: Orthworm\n|-damage|p2a: Orthworm|121/266 par\n|\n|-heal|p2a: Orthworm|137/266 par|[from] item: Leftovers\n|-damage|p1a: Hippowdon|110/311|[from] Leech Seed|[of] p2a: Orthworm\n|-heal|p2a: Orthworm|175/266 par|[silent]\n|upkeep\n|turn|54\n|\n|t:|1782836038\n|switch|p2a: Greedent|Greedent, L86, M|284/347 par\n|move|p1a: Hippowdon|Stone Edge|p2a: Greedent\n|-damage|p2a: Greedent|0 fnt\n|faint|p2a: Greedent\n|\n|upkeep\n|\n|t:|1782836040\n|switch|p2a: Orthworm|Orthworm, L88, M|175/266 par\n|turn|55\n|\n|t:|1782836043\n|move|p2a: Orthworm|Body Press|p1a: Hippowdon\n|-damage|p1a: Hippowdon|93/311\n|move|p1a: Hippowdon|Slack Off|p1a: Hippowdon\n|-heal|p1a: Hippowdon|249/311\n|\n|-heal|p2a: Orthworm|191/266 par|[from] item: Leftovers\n|-damage|p1a: Hippowdon|211/311|[from] Leech Seed|[of] p2a: Orthworm\n|-heal|p2a: Orthworm|229/266 par|[silent]\n|upkeep\n|turn|56\n|\n|t:|1782836056\n|move|p2a: Orthworm|Heavy Slam|p1a: Hippowdon\n|-damage|p1a: Hippowdon|202/311\n|move|p1a: Hippowdon|Stone Edge|p2a: Orthworm\n|-resisted|p2a: Orthworm\n|-damage|p2a: Orthworm|138/266 par\n|\n|-heal|p2a: Orthworm|154/266 par|[from] item: Leftovers\n|-damage|p1a: Hippowdon|164/311|[from] Leech Seed|[of] p2a: Orthworm\n|-heal|p2a: Orthworm|192/266 par|[silent]\n|upkeep\n|turn|57\n|\n|t:|1782836061\n|move|p2a: Orthworm|Body Press|p1a: Hippowdon\n|-damage|p1a: Hippowdon|147/311\n|move|p1a: Hippowdon|Stone Edge|p2a: Orthworm\n|-resisted|p2a: Orthworm\n|-damage|p2a: Orthworm|90/266 par\n|\n|-heal|p2a: Orthworm|106/266 par|[from] item: Leftovers\n|-damage|p1a: Hippowdon|109/311|[from] Leech Seed|[of] p2a: Orthworm\n|-heal|p2a: Orthworm|144/266 par|[silent]\n|upkeep\n|turn|58\n|\n|t:|1782836068\n|move|p2a: Orthworm|Body Press|p1a: Hippowdon\n|-damage|p1a: Hippowdon|90/311\n|move|p1a: Hippowdon|Stone Edge|p2a: Orthworm\n|-resisted|p2a: Orthworm\n|-crit|p2a: Orthworm\n|-damage|p2a: Orthworm|0 fnt\n|faint|p2a: Orthworm\n|\n|upkeep\n|\n|t:|1782836078\n|switch|p2a: Talonflame|Talonflame, L83, F|201/265\n|turn|59\n|\n|t:|1782836082\n|move|p2a: Talonflame|Overheat|p1a: Hippowdon\n|-damage|p1a: Hippowdon|0 fnt\n|-unboost|p2a: Talonflame|spa|2\n|faint|p1a: Hippowdon\n|\n|upkeep\n|\n|t:|1782836102\n|switch|p1a: Volbeat|Volbeat, L90, M|189/263 brn\n|-damage|p1a: Volbeat|124/263 brn|[from] Stealth Rock\n|-damage|p1a: Volbeat|59/263 brn|[from] Spikes\n|turn|60\n|inactive|s1ark has 120 seconds left.\n|\n|t:|1782836128\n|-terastallize|p2a: Talonflame|Ground\n|move|p1a: Volbeat|Thunder Wave|p2a: Talonflame\n|-immune|p2a: Talonflame\n|move|p2a: Talonflame|Overheat|p1a: Volbeat\n|-supereffective|p1a: Volbeat\n|-damage|p1a: Volbeat|0 fnt\n|-unboost|p2a: Talonflame|spa|2\n|faint|p1a: Volbeat\n|\n|upkeep\n|\n|t:|1782836132\n|switch|p1a: Clefable|Clefable, L83, M|183/293\n|-damage|p1a: Clefable|147/293|[from] Stealth Rock\n|-damage|p1a: Clefable|74/293|[from] Spikes\n|turn|61\n|\n|t:|1782836138\n|move|p2a: Talonflame|Brave Bird|p1a: Clefable\n|-damage|p1a: Clefable|0 fnt\n|faint|p1a: Clefable\n|-damage|p2a: Talonflame|177/265|[from] Recoil\n|\n|win|KolschEnthusiast\n|raw|s1ark's rating: 1484 &rarr; <strong>1465</strong><br />(-19 for losing)\n|raw|KolschEnthusiast's rating: 1501 &rarr; <strong>1520</strong><br />(+19 for winning)\n|l|\u2606s1ark\n|player|p1|\n|c|\u2606KolschEnthusiast|Easy\n", "inputlog": ">version f8ac14003a5f27e1bdc8d8c59608a773c1cb96e5\n>start {\"formatid\":\"gen9randombattle\",\"seed\":\"sodium,14960e70bcfaffb4f6b3a63ef6cb19da\",\"rated\":\"Rated battle\"}\n>player p1 {\"name\":\"s1ark\",\"avatar\":\"266\",\"rating\":1484,\"seed\":\"sodium,02f139772d4976a04412335288ef52e4\"}\n>player p2 {\"name\":\"KolschEnthusiast\",\"avatar\":\"guitarist\",\"rating\":1501,\"seed\":\"sodium,e6692b0f000bcea470c56d651ec27e57\"}\n>p1 move overheat\n>p2 switch 5\n>p1 switch 6\n>p2 move roost\n>p1 move curse\n>p2 switch 5\n>p1 switch 4\n>p2 move stealthrock\n>p1 move thunderwave\n>p2 switch 3\n>p1 move lunge\n>p2 move iciclecrash\n>p1 move lunge\n>p2 switch 6\n>p1 move roost\n>p2 move willowisp\n>p1 move encore\n>p2 switch 3\n>p1 move thunderwave\n>p2 switch 3\n>p1 switch 3\n>p2 move shadowball\n>p1 move crunch\n>p2 move willowisp\n>p2 switch 4\n>p1 move crunch\n>p2 move sludgebomb\n>p1 move crunch\n>p2 move strengthsap\n>p1 move crunch\n>p2 move sludgebomb\n>p1 switch 6\n>p1 move overheat\n>p2 switch 5\n>p1 switch 2\n>p2 move roost\n>p1 move throatchop\n>p2 switch 3\n>p1 switch 3\n>p2 move spikes\n>p1 move lunge\n>p2 switch 2\n>p1 switch 5\n>p2 move knockoff\n>p1 move thunderwave\n>p2 switch 2\n>p1 switch 2\n>p2 move heavyslam\n>p1 move overheat terastallize\n>p2 switch 3\n>p1 move overheat\n>p2 move roost\n>chat \u2606KolschEnthusiast|Nice tera\n>p1 move overheat\n>p2 move roost\n>p1 move overheat\n>p2 move roost\n>p1 move overheat\n>p2 move roost\n>p1 move overheat\n>p2 move bravebird\n>p1 switch 3\n>p1 move liquidation\n>p2 switch 5\n>p1 switch 5\n>p2 move gigadrain\n>p1 move lunge\n>p2 switch 2\n>p1 move thunderwave\n>p2 move knockoff\n>p1 move roost\n>p2 move bodyslam\n>p1 move roost\n>p2 switch 3\n>p1 move lunge\n>p2 move heavyslam\n>p1 move roost\n>p2 move spikes\n>p1 switch 5\n>p2 move spikes\n>p1 move liquidation\n>p2 switch 3\n>p1 switch 4\n>p1 move curse\n>p2 move knockoff\n>p1 move curse\n>p2 move knockoff\n>p1 move curse\n>p2 switch 2\n>p1 move earthquake\n>p2 move leechseed\n>p2 switch 3\n>p1 move curse\n>p2 move bodypress\n>p1 move curse\n>p2 move bodypress\n>p1 move slackoff\n>p2 move bodypress\n>p1 move curse\n>p2 move bodypress\n>p1 move slackoff\n>p2 move bodypress\n>p1 move stoneedge\n>p2 move bodypress\n>p1 move stoneedge\n>p2 move bodypress\n>p1 move slackoff\n>p2 move bodypress\n>p1 move stoneedge\n>p2 move bodypress\n>p1 move stoneedge\n>p2 move bodypress\n>p1 move stoneedge\n>p2 switch 2\n>p2 switch 2\n>p1 move slackoff\n>p2 move bodypress\n>p1 move stoneedge\n>p2 move heavyslam\n>p1 move stoneedge\n>p2 move bodypress\n>p1 move stoneedge\n>p2 move bodypress\n>p2 switch 5\n>p1 move slackoff\n>p2 move overheat\n>p1 switch 5\n>p1 move thunderwave\n>p2 move overheat terastallize\n>p1 switch 2\n>p1 move moonlight\n>p2 move bravebird", "uploadtime": 1782836154, "views": 5, "formatid": "gen9randombattle", "rating": 1465, "private": 0, "password": null, "player_dets": [{"name": "s1ark", "avatar": "266", "rating": 1484, "seed": "sodium,02f139772d4976a04412335288ef52e4"}, {"name": "KolschEnthusiast", "avatar": "guitarist", "rating": 1501, "seed": "sodium,e6692b0f000bcea470c56d651ec27e57"}], "teams_full": [{"Scovillain": {"name": "Scovillain", "species": "Scovillain", "speciesId": "scovillain", "gender": "M", "shiny": false, "level": 91, "moves": ["overheat", "leafstorm", "energyball", "flamethrower"], "ability": "Chlorophyll", "evs": {"hp": 85, "atk": 0, "def": 85, "spa": 85, "spd": 85, "spe": 85}, "ivs": {"hp": 31, "atk": 0, "def": 31, "spa": 31, "spd": 31, "spe": 31}, "item": "Choice Specs", "teraType": "Fire", "role": "Fast Attacker", "bvs": {"hp": 65, "atk": 108, "def": 65, "spa": 108, "spd": 65, "spe": 75}, "stats": {"hp": 266, "atk": 201, "def": 170, "spa": 248, "spd": 170, "spe": 188}, "types": ["Grass", "Fire"]}, "Wugtrio": {"name": "Wugtrio", "species": "Wugtrio", "speciesId": "wugtrio", "gender": "M", "shiny": false, "level": 91, "moves": ["stompingtantrum", "throatchop", "aquajet", "liquidation"], "ability": "Gooey", "evs": {"hp": 85, "atk": 85, "def": 85, "spa": 85, "spd": 85, "spe": 85}, "ivs": {"hp": 31, "atk": 31, "def": 31, "spa": 31, "spd": 31, "spe": 31}, "item": "Choice Band", "teraType": "Water", "role": "Fast Attacker", "bvs": {"hp": 35, "atk": 100, "def": 50, "spa": 50, "spd": 70, "spe": 120}, "stats": {"hp": 212, "atk": 234, "def": 143, "spa": 143, "spd": 179, "spe": 270}, "types": ["Water"]}, "Mabosstiff": {"name": "Mabosstiff", "species": "Mabosstiff", "speciesId": "mabosstiff", "gender": "M", "shiny": false, "level": 86, "moves": ["playrough", "wildcharge", "psychicfangs", "crunch"], "ability": "Stakeout", "evs": {"hp": 85, "atk": 85, "def": 85, "spa": 85, "spd": 85, "spe": 85}, "ivs": {"hp": 31, "atk": 31, "def": 31, "spa": 31, "spd": 31, "spe": 31}, "item": "Choice Scarf", "teraType": "Dark", "role": "Bulky Attacker", "bvs": {"hp": 80, "atk": 120, "def": 90, "spa": 60, "spd": 70, "spe": 85}, "stats": {"hp": 278, "atk": 256, "def": 204, "spa": 152, "spd": 170, "spe": 195}, "types": ["Dark"]}, "Volbeat": {"name": "Volbeat", "species": "Volbeat", "speciesId": "volbeat", "gender": "M", "shiny": false, "level": 90, "moves": ["roost", "thunderwave", "lunge", "encore"], "ability": "Prankster", "evs": {"hp": 85, "atk": 85, "def": 85, "spa": 85, "spd": 85, "spe": 85}, "ivs": {"hp": 31, "atk": 31, "def": 31, "spa": 31, "spd": 31, "spe": 31}, "item": "Heavy-Duty Boots", "teraType": "Water", "role": "Bulky Attacker", "bvs": {"hp": 65, "atk": 73, "def": 75, "spa": 47, "spd": 85, "spe": 85}, "stats": {"hp": 263, "atk": 183, "def": 186, "spa": 136, "spd": 204, "spe": 204}, "types": ["Bug"]}, "Clefable": {"name": "Clefable", "species": "Clefable", "speciesId": "clefable", "gender": "M", "shiny": false, "level": 83, "moves": ["thunderwave", "moonlight", "stealthrock", "moonblast"], "ability": "Unaware", "evs": {"hp": 85, "atk": 0, "def": 85, "spa": 85, "spd": 85, "spe": 85}, "ivs": {"hp": 31, "atk": 0, "def": 31, "spa": 31, "spd": 31, "spe": 31}, "item": "Leftovers", "teraType": "Steel", "role": "Bulky Support", "bvs": {"hp": 95, "atk": 70, "def": 73, "spa": 95, "spd": 90, "spe": 60}, "stats": {"hp": 293, "atk": 121, "def": 169, "spa": 205, "spd": 197, "spe": 147}, "types": ["Fairy"]}, "Hippowdon": {"name": "Hippowdon", "species": "Hippowdon", "speciesId": "hippowdon", "gender": "F", "shiny": false, "level": 82, "moves": ["curse", "stoneedge", "slackoff", "earthquake"], "ability": "Sand Stream", "evs": {"hp": 85, "atk": 85, "def": 85, "spa": 85, "spd": 85, "spe": 85}, "ivs": {"hp": 31, "atk": 31, "def": 31, "spa": 31, "spd": 31, "spe": 31}, "item": "Leftovers", "teraType": "Steel", "role": "Bulky Setup", "bvs": {"hp": 108, "atk": 112, "def": 118, "spa": 68, "spd": 72, "spe": 47}, "stats": {"hp": 311, "atk": 231, "def": 241, "spa": 159, "spd": 165, "spe": 124}, "types": ["Ground"]}}, {"Orthworm": {"name": "Orthworm", "species": "Orthworm", "speciesId": "orthworm", "gender": "M", "shiny": false, "level": 88, "moves": ["heavyslam", "bodypress", "spikes", "stealthrock"], "ability": "Earth Eater", "evs": {"hp": 85, "atk": 85, "def": 85, "spa": 85, "spd": 85, "spe": 85}, "ivs": {"hp": 31, "atk": 31, "def": 31, "spa": 31, "spd": 31, "spe": 31}, "item": "Leftovers", "teraType": "Fighting", "role": "Bulky Attacker", "bvs": {"hp": 70, "atk": 85, "def": 145, "spa": 60, "spd": 55, "spe": 65}, "stats": {"hp": 266, "atk": 200, "def": 305, "spa": 156, "spd": 147, "spe": 165}, "types": ["Steel"]}, "Greedent": {"name": "Greedent", "species": "Greedent", "speciesId": "greedent", "gender": "M", "shiny": false, "level": 86, "moves": ["bodyslam", "swordsdance", "knockoff", "earthquake"], "ability": "Cheek Pouch", "evs": {"hp": 85, "atk": 85, "def": 85, "spa": 85, "spd": 85, "spe": 85}, "ivs": {"hp": 31, "atk": 31, "def": 31, "spa": 31, "spd": 31, "spe": 31}, "item": "Sitrus Berry", "teraType": "Ground", "role": "Bulky Setup", "bvs": {"hp": 120, "atk": 95, "def": 95, "spa": 55, "spd": 75, "spe": 20}, "stats": {"hp": 347, "atk": 213, "def": 213, "spa": 144, "spd": 178, "spe": 84}, "types": ["Normal"]}, "Mamoswine": {"name": "Mamoswine", "species": "Mamoswine", "speciesId": "mamoswine", "gender": "F", "shiny": false, "level": 81, "moves": ["earthquake", "iciclecrash", "knockoff", "iceshard"], "ability": "Thick Fat", "evs": {"hp": 85, "atk": 85, "def": 85, "spa": 85, "spd": 85, "spe": 85}, "ivs": {"hp": 31, "atk": 31, "def": 31, "spa": 31, "spd": 31, "spe": 31}, "item": "Choice Band", "teraType": "Ground", "role": "Wallbreaker", "bvs": {"hp": 110, "atk": 130, "def": 80, "spa": 70, "spd": 60, "spe": 80}, "stats": {"hp": 311, "atk": 257, "def": 176, "spa": 160, "spd": 144, "spe": 176}, "types": ["Ice", "Ground"]}, "Vileplume": {"name": "Vileplume", "species": "Vileplume", "speciesId": "vileplume", "gender": "M", "shiny": false, "level": 85, "moves": ["gigadrain", "strengthsap", "leechseed", "sludgebomb"], "ability": "Effect Spore", "evs": {"hp": 85, "atk": 0, "def": 85, "spa": 85, "spd": 85, "spe": 85}, "ivs": {"hp": 31, "atk": 0, "def": 31, "spa": 31, "spd": 31, "spe": 31}, "item": "Leftovers", "teraType": "Water", "role": "Bulky Attacker", "bvs": {"hp": 75, "atk": 80, "def": 85, "spa": 110, "spd": 90, "spe": 50}, "stats": {"hp": 266, "atk": 141, "def": 193, "spa": 236, "spd": 202, "spe": 134}, "types": ["Grass", "Poison"]}, "Talonflame": {"name": "Talonflame", "species": "Talonflame", "speciesId": "talonflame", "gender": "F", "shiny": false, "level": 83, "moves": ["bravebird", "overheat", "roost", "taunt"], "ability": "Flame Body", "evs": {"hp": 85, "atk": 85, "def": 85, "spa": 85, "spd": 85, "spe": 85}, "ivs": {"hp": 31, "atk": 31, "def": 31, "spa": 31, "spd": 31, "spe": 31}, "item": "Heavy-Duty Boots", "teraType": "Ground", "role": "Bulky Attacker", "bvs": {"hp": 78, "atk": 81, "def": 71, "spa": 74, "spd": 69, "spe": 126}, "stats": {"hp": 265, "atk": 182, "def": 166, "spa": 171, "spd": 162, "spe": 257}, "types": ["Fire", "Flying"]}, "Rotom": {"name": "Rotom", "species": "Rotom", "speciesId": "rotom", "gender": "N", "shiny": false, "level": 88, "moves": ["shadowball", "nastyplot", "willowisp", "thunderbolt"], "ability": "Levitate", "evs": {"hp": 85, "atk": 0, "def": 85, "spa": 85, "spd": 85, "spe": 85}, "ivs": {"hp": 31, "atk": 0, "def": 31, "spa": 31, "spd": 31, "spe": 31}, "item": "Life Orb", "teraType": "Electric", "role": "Fast Attacker", "bvs": {"hp": 50, "atk": 50, "def": 77, "spa": 95, "spd": 77, "spe": 91}, "stats": {"hp": 231, "atk": 93, "def": 186, "spa": 217, "spd": 186, "spe": 210}, "types": ["Electric", "Ghost"]}}]}