{"id": "gen9randombattle-2641569057", "format": "[Gen 9] Random Battle", "players": ["Niquysrael", "bakavelique"], "log": "|j|\u2606Niquysrael\n|j|\u2606bakavelique\n|t:|1782809987\n|gametype|singles\n|player|p1|Niquysrael|102|1933\n|player|p2|bakavelique|2|2006\n|gen|9\n|tier|[Gen 9] Random Battle\n|rated|\n|rule|Species Clause: Limit one of each Pok\u00e9mon\n|rule|HP Percentage Mod: HP is shown in percentages\n|rule|Sleep Clause Mod: Limit one foe put to sleep\n|rule|Illusion Level Mod: Illusion disguises the Pok\u00e9mon's true level\n|\n|t:|1782809987\n|teamsize|p1|6\n|teamsize|p2|6\n|start\n|switch|p1a: Latias|Latias, L79, F|256/256\n|switch|p2a: Iron Leaves|Iron Leaves, L80|275/275\n|turn|1\n|\n|t:|1782809997\n|-end|p2a: Iron Leaves|Quark Drive|[silent]\n|switch|p2a: Klefki|Klefki, L84, M|233/233\n|move|p1a: Latias|Calm Mind|p1a: Latias\n|-boost|p1a: Latias|spa|1\n|-boost|p1a: Latias|spd|1\n|\n|upkeep\n|turn|2\n|\n|t:|1782810008\n|switch|p1a: Coalossal|Coalossal, L89, M|341/341\n|move|p2a: Klefki|Thunder Wave|p1a: Coalossal\n|-status|p1a: Coalossal|par\n|\n|upkeep\n|turn|3\n|\n|t:|1782810018\n|switch|p2a: Grumpig|Grumpig, L92, M|297/297\n|move|p1a: Coalossal|Will-O-Wisp|p2a: Grumpig\n|-status|p2a: Grumpig|brn\n|\n|-damage|p2a: Grumpig|279/297 brn|[from] brn\n|upkeep\n|turn|4\n|\n|t:|1782810028\n|switch|p1a: Cramorant|Cramorant, L86, F|261/261\n|move|p2a: Grumpig|Nasty Plot|p2a: Grumpig\n|-boost|p2a: Grumpig|spa|2\n|\n|-heal|p2a: Grumpig|297/297 brn|[from] item: Leftovers\n|-damage|p2a: Grumpig|279/297 brn|[from] brn\n|upkeep\n|turn|5\n|\n|t:|1782810032\n|move|p2a: Grumpig|Psyshock|p1a: Cramorant\n|-damage|p1a: Cramorant|8/261\n|move|p1a: Cramorant|Surf|p2a: Grumpig\n|-formechange|p1a: Cramorant|Cramorant-Gorging|\n|-damage|p2a: Grumpig|213/297 brn\n|\n|-heal|p2a: Grumpig|231/297 brn|[from] item: Leftovers\n|-damage|p2a: Grumpig|213/297 brn|[from] brn\n|upkeep\n|turn|6\n|\n|t:|1782810038\n|move|p2a: Grumpig|Dazzling Gleam|p1a: Cramorant\n|-damage|p1a: Cramorant|0 fnt\n|-damage|p2a: Grumpig|139/297 brn|[from] ability: Gulp Missile|[of] p1a: Cramorant\n|-formechange|p1a: Cramorant|Cramorant|\n|faint|p1a: Cramorant\n|\n|-heal|p2a: Grumpig|157/297 brn|[from] item: Leftovers\n|-damage|p2a: Grumpig|139/297 brn|[from] brn\n|upkeep\n|\n|t:|1782810046\n|switch|p1a: Jumpluff|Jumpluff, L87, M|271/271\n|turn|7\n|\n|t:|1782810051\n|move|p1a: Jumpluff|Acrobatics|p2a: Grumpig\n|-damage|p2a: Grumpig|51/297 brn\n|move|p2a: Grumpig|Psyshock|p1a: Jumpluff\n|-damage|p1a: Jumpluff|48/271\n|\n|-heal|p2a: Grumpig|69/297 brn|[from] item: Leftovers\n|-damage|p2a: Grumpig|51/297 brn|[from] brn\n|upkeep\n|turn|8\n|\n|t:|1782810056\n|move|p1a: Jumpluff|Acrobatics|p2a: Grumpig\n|-damage|p2a: Grumpig|0 fnt\n|faint|p2a: Grumpig\n|\n|upkeep\n|\n|t:|1782810068\n|switch|p2a: Drifblim|Drifblim, L86, F|398/398\n|turn|9\n|\n|t:|1782810072\n|move|p1a: Jumpluff|Sleep Powder|p2a: Drifblim\n|-status|p2a: Drifblim|slp|[from] move: Sleep Powder\n|cant|p2a: Drifblim|slp\n|\n|upkeep\n|turn|10\n|\n|t:|1782810080\n|move|p1a: Jumpluff|Strength Sap|p2a: Drifblim\n|-unboost|p2a: Drifblim|atk|1\n|-heal|p1a: Jumpluff|190/271\n|-curestatus|p2a: Drifblim|slp|[msg]\n|move|p2a: Drifblim|Shadow Ball|p1a: Jumpluff\n|-damage|p1a: Jumpluff|112/271\n|\n|upkeep\n|turn|11\n|\n|t:|1782810087\n|move|p1a: Jumpluff|Sleep Powder|p2a: Drifblim\n|-status|p2a: Drifblim|slp|[from] move: Sleep Powder\n|cant|p2a: Drifblim|slp\n|\n|upkeep\n|turn|12\n|\n|t:|1782810089\n|move|p1a: Jumpluff|U-turn|p2a: Drifblim\n|-resisted|p2a: Drifblim\n|-damage|p2a: Drifblim|385/398 slp\n|\n|t:|1782810091\n|switch|p1a: Coalossal|Coalossal, L89, M|341/341 par|[from] U-turn\n|-curestatus|p2a: Drifblim|slp|[msg]\n|move|p2a: Drifblim|Shadow Ball|p1a: Coalossal\n|-damage|p1a: Coalossal|257/341 par\n|\n|upkeep\n|turn|13\n|\n|t:|1782810099\n|move|p2a: Drifblim|Shadow Ball|p1a: Coalossal\n|-crit|p1a: Coalossal\n|-damage|p1a: Coalossal|136/341 par\n|move|p1a: Coalossal|Stone Edge|p2a: Drifblim\n|-supereffective|p2a: Drifblim\n|-damage|p2a: Drifblim|47/398\n|\n|upkeep\n|turn|14\n|\n|t:|1782810107\n|move|p2a: Drifblim|Strength Sap|p1a: Coalossal\n|-unboost|p1a: Coalossal|atk|1\n|-heal|p2a: Drifblim|240/398\n|cant|p1a: Coalossal|par\n|\n|upkeep\n|turn|15\n|\n|t:|1782810111\n|move|p2a: Drifblim|Shadow Ball|p1a: Coalossal\n|-damage|p1a: Coalossal|54/341 par\n|move|p1a: Coalossal|Stealth Rock|p2a: Drifblim\n|-sidestart|p2: bakavelique|move: Stealth Rock\n|\n|upkeep\n|turn|16\n|\n|t:|1782810119\n|move|p2a: Drifblim|Defog|p1a: Coalossal\n|-unboost|p1a: Coalossal|evasion|1\n|-sideend|p2: bakavelique|Stealth Rock|[from] move: Defog|[of] p2a: Drifblim\n|cant|p1a: Coalossal|par\n|\n|upkeep\n|turn|17\n|\n|t:|1782810124\n|move|p2a: Drifblim|Shadow Ball|p1a: Coalossal\n|-damage|p1a: Coalossal|0 fnt\n|faint|p1a: Coalossal\n|\n|upkeep\n|\n|t:|1782810137\n|switch|p1a: Goodra|Goodra-Hisui, L82, M|265/265\n|turn|18\n|\n|t:|1782810141\n|move|p2a: Drifblim|Shadow Ball|p1a: Goodra\n|-damage|p1a: Goodra|225/265\n|move|p1a: Goodra|Heavy Slam|p2a: Drifblim\n|-damage|p2a: Drifblim|32/398\n|\n|upkeep\n|turn|19\n|\n|t:|1782810148\n|move|p2a: Drifblim|Shadow Ball|p1a: Goodra\n|-damage|p1a: Goodra|191/265\n|move|p1a: Goodra|Hydro Pump|p2a: Drifblim\n|-damage|p2a: Drifblim|0 fnt\n|faint|p2a: Drifblim\n|\n|upkeep\n|\n|t:|1782810155\n|switch|p2a: Klefki|Klefki, L84, M|233/233\n|turn|20\n|\n|t:|1782810162\n|move|p2a: Klefki|Thunder Wave|p1a: Goodra\n|-status|p1a: Goodra|par\n|move|p1a: Goodra|Knock Off|p2a: Klefki\n|-resisted|p2a: Klefki\n|-crit|p2a: Klefki\n|-damage|p2a: Klefki|187/233\n|-enditem|p2a: Klefki|Leftovers|[from] move: Knock Off|[of] p1a: Goodra\n|\n|upkeep\n|turn|21\n|\n|t:|1782810166\n|move|p2a: Klefki|Spikes|p1a: Goodra\n|-sidestart|p1: Niquysrael|Spikes\n|move|p1a: Goodra|Heavy Slam|p2a: Klefki\n|-damage|p2a: Klefki|61/233\n|\n|upkeep\n|turn|22\n|\n|t:|1782810171\n|switch|p2a: Iron Leaves|Iron Leaves, L80|275/275\n|move|p1a: Goodra|Heavy Slam|p2a: Iron Leaves\n|-damage|p2a: Iron Leaves|211/275\n|\n|upkeep\n|turn|23\n|\n|t:|1782810177\n|switch|p1a: Latias|Latias, L79, F|256/256\n|move|p2a: Iron Leaves|Close Combat|p1a: Latias\n|-resisted|p1a: Latias\n|-damage|p1a: Latias|194/256\n|-unboost|p2a: Iron Leaves|def|1\n|-unboost|p2a: Iron Leaves|spd|1\n|-damage|p2a: Iron Leaves|184/275|[from] item: Life Orb\n|\n|upkeep\n|turn|24\n|\n|t:|1782810182\n|-end|p2a: Iron Leaves|Quark Drive|[silent]\n|switch|p2a: Klefki|Klefki, L84, M|61/233\n|move|p1a: Latias|Psyshock|p2a: Klefki\n|-resisted|p2a: Klefki\n|-damage|p2a: Klefki|10/233\n|\n|upkeep\n|turn|25\n|\n|t:|1782810187\n|switch|p1a: Goodra|Goodra-Hisui, L82, M|191/265 par\n|-damage|p1a: Goodra|158/265 par|[from] Spikes\n|move|p2a: Klefki|Thunder Wave|p1a: Goodra\n|-fail|p1a: Goodra|par\n|\n|upkeep\n|turn|26\n|\n|t:|1782810191\n|switch|p2a: Iron Leaves|Iron Leaves, L80|184/275\n|move|p1a: Goodra|Knock Off|p2a: Iron Leaves\n|-supereffective|p2a: Iron Leaves\n|-damage|p2a: Iron Leaves|56/275\n|-enditem|p2a: Iron Leaves|Life Orb|[from] move: Knock Off|[of] p1a: Goodra\n|\n|upkeep\n|turn|27\n|\n|t:|1782810204\n|switch|p1a: Latias|Latias, L79, F|194/256\n|move|p2a: Iron Leaves|Psyblade|p1a: Latias\n|-resisted|p1a: Latias\n|-damage|p1a: Latias|143/256\n|\n|upkeep\n|turn|28\n|\n|t:|1782810210\n|move|p1a: Latias|Recover|p1a: Latias\n|-heal|p1a: Latias|256/256\n|move|p2a: Iron Leaves|Psyblade|p1a: Latias\n|-resisted|p1a: Latias\n|-damage|p1a: Latias|202/256\n|\n|upkeep\n|turn|29\n|\n|t:|1782810220\n|move|p1a: Latias|Psyshock|p2a: Iron Leaves\n|-resisted|p2a: Iron Leaves\n|-damage|p2a: Iron Leaves|2/275\n|move|p2a: Iron Leaves|Psyblade|p1a: Latias\n|-resisted|p1a: Latias\n|-crit|p1a: Latias\n|-damage|p1a: Latias|130/256\n|\n|upkeep\n|turn|30\n|\n|t:|1782810229\n|move|p1a: Latias|Recover|p1a: Latias\n|-heal|p1a: Latias|256/256\n|move|p2a: Iron Leaves|Close Combat|p1a: Latias\n|-resisted|p1a: Latias\n|-damage|p1a: Latias|204/256\n|-unboost|p2a: Iron Leaves|def|1\n|-unboost|p2a: Iron Leaves|spd|1\n|\n|upkeep\n|turn|31\n|\n|t:|1782810233\n|move|p1a: Latias|Psyshock|p2a: Iron Leaves\n|-resisted|p2a: Iron Leaves\n|-damage|p2a: Iron Leaves|0 fnt\n|faint|p2a: Iron Leaves\n|-end|p2a: Iron Leaves|Quark Drive|[silent]\n|\n|upkeep\n|\n|t:|1782810235\n|switch|p2a: Overqwil|Overqwil, L82, M|274/274\n|-ability|p2a: Overqwil|Intimidate|boost\n|-unboost|p1a: Latias|atk|1\n|turn|32\n|\n|t:|1782810243\n|move|p1a: Latias|Draco Meteor|p2a: Overqwil|[miss]\n|-miss|p1a: Latias|p2a: Overqwil\n|move|p2a: Overqwil|Crunch|p1a: Latias\n|-supereffective|p1a: Latias\n|-damage|p1a: Latias|0 fnt\n|faint|p1a: Latias\n|\n|upkeep\n|\n|t:|1782810250\n|switch|p1a: Jumpluff|Jumpluff, L87, M|112/271\n|turn|33\n|\n|t:|1782810254\n|switch|p2a: Klefki|Klefki, L84, M|10/233\n|move|p1a: Jumpluff|Sleep Powder|p2a: Klefki|[miss]\n|-miss|p1a: Jumpluff|p2a: Klefki\n|\n|upkeep\n|turn|34\n|\n|t:|1782810262\n|switch|p1a: Goodra|Goodra-Hisui, L82, M|158/265 par\n|-damage|p1a: Goodra|125/265 par|[from] Spikes\n|move|p2a: Klefki|Spikes|p1a: Goodra\n|-sidestart|p1: Niquysrael|Spikes\n|\n|upkeep\n|turn|35\n|\n|t:|1782810271\n|switch|p2a: Overqwil|Overqwil, L82, M|274/274\n|-ability|p2a: Overqwil|Intimidate|boost\n|-unboost|p1a: Goodra|atk|1\n|move|p1a: Goodra|Hydro Pump|p2a: Overqwil\n|-damage|p2a: Overqwil|176/274\n|\n|upkeep\n|turn|36\n|\n|t:|1782810278\n|move|p2a: Overqwil|Crunch|p1a: Goodra\n|-damage|p1a: Goodra|0 fnt\n|faint|p1a: Goodra\n|\n|upkeep\n|\n|t:|1782810281\n|switch|p1a: Florges|Florges-Blue, L85, F|271/271\n|-damage|p1a: Florges|226/271|[from] Spikes\n|turn|37\n|\n|t:|1782810284\n|switch|p2a: Dudunsparce|Dudunsparce-Three-Segment, L83, M|343/343\n|move|p1a: Florges|Moonblast|p2a: Dudunsparce\n|-damage|p2a: Dudunsparce|208/343\n|\n|-heal|p1a: Florges|242/271|[from] item: Leftovers\n|-heal|p2a: Dudunsparce|229/343|[from] item: Leftovers\n|upkeep\n|turn|38\n|\n|t:|1782810286\n|move|p1a: Florges|Calm Mind|p1a: Florges\n|-boost|p1a: Florges|spa|1\n|-boost|p1a: Florges|spd|1\n|move|p2a: Dudunsparce|Toxic|p1a: Florges|[miss]\n|-miss|p2a: Dudunsparce|p1a: Florges\n|\n|-heal|p1a: Florges|258/271|[from] item: Leftovers\n|-heal|p2a: Dudunsparce|250/343|[from] item: Leftovers\n|upkeep\n|turn|39\n|\n|t:|1782810292\n|-terastallize|p1a: Florges|Steel\n|move|p1a: Florges|Calm Mind|p1a: Florges\n|-boost|p1a: Florges|spa|1\n|-boost|p1a: Florges|spd|1\n|move|p2a: Dudunsparce|Toxic|p1a: Florges\n|-immune|p1a: Florges\n|\n|-heal|p1a: Florges|271/271|[from] item: Leftovers\n|-heal|p2a: Dudunsparce|271/343|[from] item: Leftovers\n|upkeep\n|turn|40\n|\n|t:|1782810297\n|-terastallize|p2a: Dudunsparce|Poison\n|move|p1a: Florges|Moonblast|p2a: Dudunsparce\n|-resisted|p2a: Dudunsparce\n|-damage|p2a: Dudunsparce|144/343\n|-unboost|p2a: Dudunsparce|spa|1\n|move|p2a: Dudunsparce|Earthquake|p1a: Florges\n|-supereffective|p1a: Florges\n|-damage|p1a: Florges|85/271\n|\n|-heal|p1a: Florges|101/271|[from] item: Leftovers\n|-heal|p2a: Dudunsparce|165/343|[from] item: Leftovers\n|upkeep\n|turn|41\n|\n|t:|1782810305\n|move|p1a: Florges|Protect|p1a: Florges\n|-singleturn|p1a: Florges|Protect\n|move|p2a: Dudunsparce|Earthquake|p1a: Florges\n|-activate|p1a: Florges|move: Protect\n|\n|-heal|p1a: Florges|117/271|[from] item: Leftovers\n|-heal|p2a: Dudunsparce|186/343|[from] item: Leftovers\n|upkeep\n|turn|42\n|\n|t:|1782810311\n|switch|p1a: Jumpluff|Jumpluff, L87, M|112/271\n|move|p2a: Dudunsparce|Earthquake|p1a: Jumpluff\n|-immune|p1a: Jumpluff\n|\n|-heal|p2a: Dudunsparce|207/343|[from] item: Leftovers\n|upkeep\n|turn|43\n|\n|t:|1782810314\n|switch|p2a: Klefki|Klefki, L84, M|10/233\n|move|p1a: Jumpluff|Sleep Powder|p2a: Klefki\n|-status|p2a: Klefki|slp|[from] move: Sleep Powder\n|\n|upkeep\n|turn|44\n|\n|t:|1782810318\n|switch|p2a: Overqwil|Overqwil, L82, M|176/274\n|-ability|p2a: Overqwil|Intimidate|boost\n|-unboost|p1a: Jumpluff|atk|1\n|move|p1a: Jumpluff|Strength Sap|p2a: Overqwil\n|-unboost|p2a: Overqwil|atk|1\n|-heal|p1a: Jumpluff|271/271\n|\n|upkeep\n|turn|45\n|\n|t:|1782810324\n|move|p1a: Jumpluff|Acrobatics|p2a: Overqwil\n|-damage|p2a: Overqwil|122/274\n|move|p2a: Overqwil|Gunk Shot|p1a: Jumpluff|[miss]\n|-miss|p2a: Overqwil|p1a: Jumpluff\n|\n|upkeep\n|turn|46\n|\n|t:|1782810331\n|switch|p1a: Florges|Florges-Blue, L85, F, tera:Steel|117/271\n|-damage|p1a: Florges|72/271|[from] Spikes\n|switch|p2a: Dudunsparce|Dudunsparce-Three-Segment, L83, M, tera:Poison|207/343\n|\n|-heal|p1a: Florges|88/271|[from] item: Leftovers\n|-heal|p2a: Dudunsparce|228/343|[from] item: Leftovers\n|upkeep\n|turn|47\n|\n|t:|1782810337\n|move|p1a: Florges|Wish|p1a: Florges\n|move|p2a: Dudunsparce|Boomburst|p1a: Florges\n|-resisted|p1a: Florges\n|-damage|p1a: Florges|43/271\n|\n|-heal|p1a: Florges|59/271|[from] item: Leftovers\n|-heal|p2a: Dudunsparce|249/343|[from] item: Leftovers\n|upkeep\n|turn|48\n|\n|t:|1782810344\n|move|p1a: Florges|Protect|p1a: Florges\n|-singleturn|p1a: Florges|Protect\n|move|p2a: Dudunsparce|Earthquake|p1a: Florges\n|-activate|p1a: Florges|move: Protect\n|\n|-heal|p1a: Florges|194/271|[from] move: Wish|[wisher] Florges\n|-heal|p1a: Florges|210/271|[from] item: Leftovers\n|-heal|p2a: Dudunsparce|270/343|[from] item: Leftovers\n|upkeep\n|turn|49\n|\n|t:|1782810348\n|move|p1a: Florges|Wish|p1a: Florges\n|move|p2a: Dudunsparce|Earthquake|p1a: Florges\n|-supereffective|p1a: Florges\n|-damage|p1a: Florges|38/271\n|\n|-heal|p1a: Florges|54/271|[from] item: Leftovers\n|-heal|p2a: Dudunsparce|291/343|[from] item: Leftovers\n|upkeep\n|turn|50\n|\n|t:|1782810352\n|move|p1a: Florges|Protect|p1a: Florges\n|-singleturn|p1a: Florges|Protect\n|move|p2a: Dudunsparce|Boomburst|p1a: Florges\n|-activate|p1a: Florges|move: Protect\n|\n|-heal|p1a: Florges|189/271|[from] move: Wish|[wisher] Florges\n|-heal|p1a: Florges|205/271|[from] item: Leftovers\n|-heal|p2a: Dudunsparce|312/343|[from] item: Leftovers\n|upkeep\n|turn|51\n|\n|t:|1782810362\n|move|p1a: Florges|Wish|p1a: Florges\n|move|p2a: Dudunsparce|Earthquake|p1a: Florges\n|-supereffective|p1a: Florges\n|-damage|p1a: Florges|31/271\n|\n|-heal|p1a: Florges|47/271|[from] item: Leftovers\n|-heal|p2a: Dudunsparce|333/343|[from] item: Leftovers\n|upkeep\n|turn|52\n|\n|t:|1782810369\n|move|p1a: Florges|Protect|p1a: Florges\n|-singleturn|p1a: Florges|Protect\n|move|p2a: Dudunsparce|Boomburst|p1a: Florges\n|-activate|p1a: Florges|move: Protect\n|\n|-heal|p1a: Florges|182/271|[from] move: Wish|[wisher] Florges\n|-heal|p1a: Florges|198/271|[from] item: Leftovers\n|-heal|p2a: Dudunsparce|343/343|[from] item: Leftovers\n|upkeep\n|turn|53\n|\n|t:|1782810374\n|move|p1a: Florges|Wish|p1a: Florges\n|move|p2a: Dudunsparce|Earthquake|p1a: Florges\n|-supereffective|p1a: Florges\n|-damage|p1a: Florges|30/271\n|\n|-heal|p1a: Florges|46/271|[from] item: Leftovers\n|upkeep\n|turn|54\n|\n|t:|1782810379\n|move|p1a: Florges|Protect|p1a: Florges\n|-singleturn|p1a: Florges|Protect\n|move|p2a: Dudunsparce|Boomburst|p1a: Florges\n|-activate|p1a: Florges|move: Protect\n|\n|-heal|p1a: Florges|181/271|[from] move: Wish|[wisher] Florges\n|-heal|p1a: Florges|197/271|[from] item: Leftovers\n|upkeep\n|turn|55\n|\n|t:|1782810394\n|move|p1a: Florges|Wish|p1a: Florges\n|move|p2a: Dudunsparce|Earthquake|p1a: Florges\n|-supereffective|p1a: Florges\n|-damage|p1a: Florges|25/271\n|\n|-heal|p1a: Florges|41/271|[from] item: Leftovers\n|upkeep\n|turn|56\n|\n|t:|1782810401\n|switch|p2a: Overqwil|Overqwil, L82, M|122/274\n|-ability|p2a: Overqwil|Intimidate|boost\n|-unboost|p1a: Florges|atk|1\n|move|p1a: Florges|Protect||[still]\n|-fail|p1a: Florges\n|\n|-heal|p1a: Florges|176/271|[from] move: Wish|[wisher] Florges\n|-heal|p1a: Florges|192/271|[from] item: Leftovers\n|upkeep\n|turn|57\n|\n|t:|1782810409\n|switch|p1a: Jumpluff|Jumpluff, L87, M|271/271\n|move|p2a: Overqwil|Crunch|p1a: Jumpluff\n|-damage|p1a: Jumpluff|121/271\n|-unboost|p1a: Jumpluff|def|1\n|\n|upkeep\n|turn|58\n|\n|t:|1782810413\n|move|p1a: Jumpluff|Strength Sap|p2a: Overqwil\n|-unboost|p2a: Overqwil|atk|1\n|-heal|p1a: Jumpluff|271/271\n|move|p2a: Overqwil|Crunch|p1a: Jumpluff\n|-damage|p1a: Jumpluff|115/271\n|-unboost|p1a: Jumpluff|def|1\n|\n|upkeep\n|turn|59\n|\n|t:|1782810419\n|move|p1a: Jumpluff|Strength Sap|p2a: Overqwil\n|-unboost|p2a: Overqwil|atk|1\n|-heal|p1a: Jumpluff|271/271\n|move|p2a: Overqwil|Crunch|p1a: Jumpluff\n|-damage|p1a: Jumpluff|108/271\n|-unboost|p1a: Jumpluff|def|1\n|\n|upkeep\n|turn|60\n|\n|t:|1782810423\n|switch|p1a: Florges|Florges-Blue, L85, F, tera:Steel|192/271\n|-damage|p1a: Florges|147/271|[from] Spikes\n|move|p2a: Overqwil|Crunch|p1a: Florges\n|-damage|p1a: Florges|60/271\n|\n|-heal|p1a: Florges|76/271|[from] item: Leftovers\n|upkeep\n|turn|61\n|\n|t:|1782810428\n|move|p1a: Florges|Protect|p1a: Florges\n|-singleturn|p1a: Florges|Protect\n|move|p2a: Overqwil|Crunch|p1a: Florges\n|-activate|p1a: Florges|move: Protect\n|\n|-heal|p1a: Florges|92/271|[from] item: Leftovers\n|upkeep\n|turn|62\n|\n|t:|1782810430\n|move|p2a: Overqwil|Crunch|p1a: Florges\n|-damage|p1a: Florges|11/271\n|move|p1a: Florges|Wish|p1a: Florges\n|\n|-heal|p1a: Florges|27/271|[from] item: Leftovers\n|upkeep\n|turn|63\n|\n|t:|1782810433\n|move|p1a: Florges|Protect|p1a: Florges\n|-singleturn|p1a: Florges|Protect\n|move|p2a: Overqwil|Crunch|p1a: Florges\n|-activate|p1a: Florges|move: Protect\n|\n|-heal|p1a: Florges|162/271|[from] move: Wish|[wisher] Florges\n|-heal|p1a: Florges|178/271|[from] item: Leftovers\n|upkeep\n|turn|64\n|\n|t:|1782810436\n|switch|p2a: Dudunsparce|Dudunsparce-Three-Segment, L83, M, tera:Poison|343/343\n|move|p1a: Florges|Wish|p1a: Florges\n|\n|-heal|p1a: Florges|194/271|[from] item: Leftovers\n|upkeep\n|turn|65\n|\n|t:|1782810439\n|switch|p1a: Jumpluff|Jumpluff, L87, M|108/271\n|move|p2a: Dudunsparce|Boomburst|p1a: Jumpluff\n|-damage|p1a: Jumpluff|0 fnt\n|faint|p1a: Jumpluff\n|\n|upkeep\n|-message|Niquysrael forfeited.\n|\n|win|bakavelique\n|raw|Niquysrael's rating: 1933 &rarr; <strong>1917</strong><br />(-16 for losing)\n|raw|bakavelique's rating: 2006 &rarr; <strong>2022</strong><br />(+16 for winning)\n", "inputlog": ">version f8ac14003a5f27e1bdc8d8c59608a773c1cb96e5\n>start {\"formatid\":\"gen9randombattle\",\"seed\":\"sodium,742ea2174df629d765896b01cbe158a5\",\"rated\":\"Rated battle\"}\n>player p1 {\"name\":\"Niquysrael\",\"avatar\":\"102\",\"rating\":1933,\"seed\":\"sodium,a72abc6ce93c563292025fa25783e2c6\"}\n>player p2 {\"name\":\"bakavelique\",\"avatar\":\"2\",\"rating\":2006,\"seed\":\"sodium,4f8aebecb89f2bbd27a1673b45e5d169\"}\n>p1 move calmmind\n>p2 switch 6\n>p1 switch 4\n>p2 move thunderwave\n>p1 move willowisp\n>p2 switch 5\n>p1 switch 3\n>p2 move nastyplot\n>p1 move surf\n>p2 move psyshock\n>p1 move bravebird\n>p2 move dazzlinggleam\n>p1 switch 5\n>p1 move acrobatics\n>p2 move psyshock\n>p1 move acrobatics\n>p2 move psyshock\n>p2 switch 3\n>p1 move sleeppowder\n>p2 move shadowball\n>p1 move strengthsap\n>p2 move shadowball\n>p1 move sleeppowder\n>p2 move shadowball\n>p1 move uturn\n>p2 move shadowball\n>p1 switch 3\n>p1 move stoneedge\n>p2 move shadowball\n>p1 move stoneedge\n>p2 move strengthsap\n>p1 move stealthrock\n>p2 move shadowball\n>p1 move stoneedge\n>p2 move defog\n>p1 move stoneedge\n>p2 move shadowball\n>p1 switch 2\n>p1 move heavyslam\n>p2 move shadowball\n>p1 move hydropump\n>p2 move shadowball\n>p2 switch 5\n>p1 move knockoff\n>p2 move thunderwave\n>p1 move heavyslam\n>p2 move spikes\n>p1 move heavyslam\n>p2 switch 6\n>p1 switch 4\n>p2 move closecombat\n>p1 move psyshock\n>p2 switch 6\n>p1 switch 4\n>p2 move thunderwave\n>p1 move knockoff\n>p2 switch 6\n>p1 switch 4\n>p2 move psyblade\n>p1 move recover\n>p2 move psyblade\n>p1 move psyshock\n>p2 move psyblade\n>p1 move recover\n>p2 move closecombat\n>p1 move psyshock\n>p2 move psyblade\n>p2 switch 4\n>p1 move dracometeor\n>p2 move crunch\n>p1 switch 3\n>p1 move sleeppowder\n>p2 switch 6\n>p1 switch 4\n>p2 move spikes\n>p1 move hydropump\n>p2 switch 6\n>p1 move dracometeor\n>p2 move crunch\n>p1 switch 6\n>p1 move moonblast\n>p2 switch 2\n>p1 move calmmind\n>p2 move toxic\n>p1 move calmmind terastallize\n>p2 move toxic\n>p1 move moonblast\n>p2 move earthquake terastallize\n>p1 move protect\n>p2 move earthquake\n>p1 switch 4\n>p2 move earthquake\n>p1 move sleeppowder\n>p2 switch 6\n>p1 move strengthsap\n>p2 switch 2\n>p1 move acrobatics\n>p2 move gunkshot\n>p1 switch 4\n>p2 switch 6\n>p1 move wish\n>p2 move boomburst\n>p1 move protect\n>p2 move earthquake\n>p1 move wish\n>p2 move earthquake\n>p1 move protect\n>p2 move boomburst\n>p1 move wish\n>p2 move earthquake\n>p1 move protect\n>p2 move boomburst\n>p1 move wish\n>p2 move earthquake\n>p1 move protect\n>p2 move boomburst\n>p1 move wish\n>p2 move earthquake\n>p1 move protect\n>p2 switch 6\n>p1 switch 4\n>p2 move crunch\n>p1 move strengthsap\n>p2 move crunch\n>p1 move strengthsap\n>p2 move crunch\n>p1 switch 4\n>p2 move crunch\n>p1 move protect\n>p2 move crunch\n>p1 move wish\n>p2 move crunch\n>p1 move protect\n>p2 move crunch\n>p1 move wish\n>p2 switch 6\n>p1 switch 4\n>p2 move boomburst\n>forcelose p1", "uploadtime": 1782809990, "views": 6, "formatid": "gen9randombattle", "rating": 1917, "private": 0, "password": null, "player_dets": [{"name": "Niquysrael", "avatar": "102", "rating": 1933, "seed": "sodium,a72abc6ce93c563292025fa25783e2c6"}, {"name": "bakavelique", "avatar": "2", "rating": 2006, "seed": "sodium,4f8aebecb89f2bbd27a1673b45e5d169"}], "teams_full": [{"Latias": {"name": "Latias", "species": "Latias", "speciesId": "latias", "gender": "F", "shiny": false, "level": 79, "moves": ["calmmind", "psyshock", "dracometeor", "recover"], "ability": "Levitate", "evs": {"hp": 85, "atk": 0, "def": 85, "spa": 85, "spd": 85, "spe": 85}, "ivs": {"hp": 31, "atk": 0, "def": 31, "spa": 31, "spd": 31, "spe": 31}, "item": "Soul Dew", "teraType": "Steel", "role": "Fast Bulky Setup", "bvs": {"hp": 80, "atk": 80, "def": 90, "spa": 110, "spd": 130, "spe": 110}, "stats": {"hp": 256, "atk": 131, "def": 188, "spa": 219, "spd": 251, "spe": 219}, "types": ["Dragon", "Psychic"]}, "Goodra": {"name": "Goodra", "species": "Goodra-Hisui", "speciesId": "goodrahisui", "gender": "M", "shiny": false, "level": 82, "moves": ["dracometeor", "hydropump", "heavyslam", "knockoff"], "ability": "Sap Sipper", "evs": {"hp": 85, "atk": 85, "def": 85, "spa": 85, "spd": 85, "spe": 85}, "ivs": {"hp": 31, "atk": 31, "def": 31, "spa": 31, "spd": 31, "spe": 31}, "item": "Assault Vest", "teraType": "Flying", "role": "AV Pivot", "bvs": {"hp": 80, "atk": 100, "def": 100, "spa": 110, "spd": 150, "spe": 60}, "stats": {"hp": 265, "atk": 211, "def": 211, "spa": 228, "spd": 293, "spe": 146}, "types": ["Steel", "Dragon"]}, "Cramorant": {"name": "Cramorant", "species": "Cramorant", "speciesId": "cramorant", "gender": "F", "shiny": false, "level": 86, "moves": ["bravebird", "roost", "defog", "surf"], "ability": "Gulp Missile", "evs": {"hp": 85, "atk": 85, "def": 85, "spa": 85, "spd": 85, "spe": 85}, "ivs": {"hp": 31, "atk": 31, "def": 31, "spa": 31, "spd": 31, "spe": 31}, "item": "Heavy-Duty Boots", "teraType": "Ground", "role": "Bulky Support", "bvs": {"hp": 70, "atk": 85, "def": 55, "spa": 85, "spd": 95, "spe": 85}, "stats": {"hp": 261, "atk": 195, "def": 144, "spa": 195, "spd": 213, "spe": 195}, "types": ["Flying", "Water"]}, "Coalossal": {"name": "Coalossal", "species": "Coalossal", "speciesId": "coalossal", "gender": "M", "shiny": false, "level": 89, "moves": ["stoneedge", "overheat", "willowisp", "stealthrock"], "ability": "Flame Body", "evs": {"hp": 85, "atk": 85, "def": 85, "spa": 85, "spd": 85, "spe": 85}, "ivs": {"hp": 31, "atk": 31, "def": 31, "spa": 31, "spd": 31, "spe": 31}, "item": "Heavy-Duty Boots", "teraType": "Grass", "role": "Bulky Support", "bvs": {"hp": 110, "atk": 80, "def": 120, "spa": 80, "spd": 90, "spe": 30}, "stats": {"hp": 341, "atk": 193, "def": 264, "spa": 193, "spd": 211, "spe": 104}, "types": ["Rock", "Fire"]}, "Jumpluff": {"name": "Jumpluff", "species": "Jumpluff", "speciesId": "jumpluff", "gender": "M", "shiny": false, "level": 87, "moves": ["strengthsap", "acrobatics", "uturn", "sleeppowder"], "ability": "Infiltrator", "evs": {"hp": 81, "atk": 85, "def": 85, "spa": 85, "spd": 85, "spe": 85}, "ivs": {"hp": 31, "atk": 31, "def": 31, "spa": 31, "spd": 31, "spe": 31}, "item": "", "teraType": "Steel", "role": "Bulky Attacker", "bvs": {"hp": 75, "atk": 55, "def": 70, "spa": 55, "spd": 95, "spe": 110}, "stats": {"hp": 271, "atk": 145, "def": 172, "spa": 145, "spd": 215, "spe": 241}, "types": ["Grass", "Flying"]}, "Florges": {"name": "Florges", "species": "Florges-Blue", "speciesId": "florges", "gender": "F", "shiny": false, "level": 85, "moves": ["wish", "protect", "moonblast", "calmmind"], "ability": "Flower Veil", "evs": {"hp": 85, "atk": 0, "def": 85, "spa": 85, "spd": 85, "spe": 85}, "ivs": {"hp": 31, "atk": 0, "def": 31, "spa": 31, "spd": 31, "spe": 31}, "item": "Leftovers", "teraType": "Steel", "role": "Bulky Setup", "bvs": {"hp": 78, "atk": 65, "def": 68, "spa": 112, "spd": 154, "spe": 75}, "stats": {"hp": 271, "atk": 115, "def": 164, "spa": 239, "spd": 311, "spe": 176}, "types": ["Fairy"]}}, {"Iron Leaves": {"name": "Iron Leaves", "species": "Iron Leaves", "speciesId": "ironleaves", "gender": "N", "shiny": false, "level": 80, "moves": ["psyblade", "closecombat", "swordsdance", "leafblade"], "ability": "Quark Drive", "evs": {"hp": 85, "atk": 85, "def": 85, "spa": 85, "spd": 85, "spe": 85}, "ivs": {"hp": 31, "atk": 31, "def": 31, "spa": 31, "spd": 31, "spe": 31}, "item": "Life Orb", "teraType": "Fighting", "role": "Wallbreaker", "bvs": {"hp": 90, "atk": 130, "def": 88, "spa": 70, "spd": 108, "spe": 104}, "stats": {"hp": 275, "atk": 254, "def": 187, "spa": 158, "spd": 219, "spe": 213}, "types": ["Grass", "Psychic"]}, "Dudunsparce": {"name": "Dudunsparce", "species": "Dudunsparce-Three-Segment", "speciesId": "dudunsparce", "gender": "M", "shiny": false, "level": 83, "moves": ["boomburst", "roost", "toxic", "earthquake"], "ability": "Rattled", "evs": {"hp": 85, "atk": 85, "def": 85, "spa": 85, "spd": 85, "spe": 85}, "ivs": {"hp": 31, "atk": 31, "def": 31, "spa": 31, "spd": 31, "spe": 31}, "item": "Leftovers", "teraType": "Poison", "role": "Bulky Attacker", "bvs": {"hp": 125, "atk": 100, "def": 80, "spa": 85, "spd": 75, "spe": 55}, "stats": {"hp": 343, "atk": 214, "def": 180, "spa": 189, "spd": 172, "spe": 139}, "types": ["Normal"]}, "Drifblim": {"name": "Drifblim", "species": "Drifblim", "speciesId": "drifblim", "gender": "F", "shiny": false, "level": 86, "moves": ["shadowball", "defog", "airslash", "strengthsap"], "ability": "Aftermath", "evs": {"hp": 85, "atk": 0, "def": 85, "spa": 85, "spd": 85, "spe": 85}, "ivs": {"hp": 31, "atk": 0, "def": 31, "spa": 31, "spd": 31, "spe": 31}, "item": "Heavy-Duty Boots", "teraType": "Steel", "role": "Bulky Attacker", "bvs": {"hp": 150, "atk": 80, "def": 44, "spa": 90, "spd": 54, "spe": 80}, "stats": {"hp": 398, "atk": 142, "def": 125, "spa": 204, "spd": 142, "spe": 187}, "types": ["Ghost", "Flying"]}, "Overqwil": {"name": "Overqwil", "species": "Overqwil", "speciesId": "overqwil", "gender": "M", "shiny": false, "level": 82, "moves": ["gunkshot", "liquidation", "crunch", "aquajet"], "ability": "Intimidate", "evs": {"hp": 85, "atk": 85, "def": 85, "spa": 85, "spd": 85, "spe": 85}, "ivs": {"hp": 31, "atk": 31, "def": 31, "spa": 31, "spd": 31, "spe": 31}, "item": "Choice Band", "teraType": "Water", "role": "Fast Attacker", "bvs": {"hp": 85, "atk": 115, "def": 95, "spa": 65, "spd": 65, "spe": 85}, "stats": {"hp": 274, "atk": 236, "def": 203, "spa": 154, "spd": 154, "spe": 187}, "types": ["Dark", "Poison"]}, "Grumpig": {"name": "Grumpig", "species": "Grumpig", "speciesId": "grumpig", "gender": "M", "shiny": false, "level": 92, "moves": ["dazzlinggleam", "nastyplot", "psyshock", "shadowball"], "ability": "Thick Fat", "evs": {"hp": 85, "atk": 0, "def": 85, "spa": 85, "spd": 85, "spe": 85}, "ivs": {"hp": 31, "atk": 0, "def": 31, "spa": 31, "spd": 31, "spe": 31}, "item": "Leftovers", "teraType": "Fairy", "role": "Bulky Setup", "bvs": {"hp": 80, "atk": 45, "def": 65, "spa": 90, "spd": 110, "spe": 80}, "stats": {"hp": 297, "atk": 87, "def": 172, "spa": 218, "spd": 255, "spe": 200}, "types": ["Psychic"]}, "Klefki": {"name": "Klefki", "species": "Klefki", "speciesId": "klefki", "gender": "M", "shiny": false, "level": 84, "moves": ["magnetrise", "thunderwave", "spikes", "playrough"], "ability": "Prankster", "evs": {"hp": 85, "atk": 85, "def": 85, "spa": 85, "spd": 85, "spe": 85}, "ivs": {"hp": 31, "atk": 31, "def": 31, "spa": 31, "spd": 31, "spe": 31}, "item": "Leftovers", "teraType": "Water", "role": "Bulky Support", "bvs": {"hp": 57, "atk": 80, "def": 91, "spa": 80, "spd": 87, "spe": 75}, "stats": {"hp": 233, "atk": 183, "def": 201, "spa": 183, "spd": 194, "spe": 174}, "types": ["Steel", "Fairy"]}}]}