{"id": "gen9randombattle-2641584275", "format": "[Gen 9] Random Battle", "players": ["Gaaraks", "lotanol"], "log": "|j|\u2606Gaaraks\n|j|\u2606lotanol\n|t:|1782813143\n|gametype|singles\n|player|p1|Gaaraks|266|2005\n|player|p2|lotanol|alder|2017\n|gen|9\n|tier|[Gen 9] Random Battle\n|rated|\n|rule|Species Clause: Limit one of each Pok\u00e9mon\n|rule|HP Percentage Mod: HP is shown in percentages\n|rule|Sleep Clause Mod: Limit one foe put to sleep\n|rule|Illusion Level Mod: Illusion disguises the Pok\u00e9mon's true level\n|\n|t:|1782813143\n|teamsize|p1|6\n|teamsize|p2|6\n|start\n|switch|p1a: Electrode|Electrode-Hisui, L87|246/246\n|switch|p2a: Kingdra|Kingdra, L84, F|263/263\n|turn|1\n|\n|t:|1782813172\n|switch|p2a: Pikachu|Pikachu-Partner, L93, F|216/216\n|move|p1a: Electrode|Leech Seed|p2a: Pikachu\n|-start|p2a: Pikachu|move: Leech Seed\n|\n|-damage|p2a: Pikachu|189/216|[from] Leech Seed|[of] p1a: Electrode\n|upkeep\n|turn|2\n|\n|t:|1782813180\n|move|p1a: Electrode|Giga Drain|p2a: Pikachu\n|-damage|p2a: Pikachu|95/216\n|move|p2a: Pikachu|Volt Switch|p1a: Electrode\n|-resisted|p1a: Electrode\n|-damage|p1a: Electrode|217/246\n|\n|t:|1782813188\n|switch|p2a: Infernape|Infernape, L82, F|259/259|[from] Volt Switch\n|\n|-heal|p1a: Electrode|232/246|[from] item: Leftovers\n|upkeep\n|turn|3\n|\n|t:|1782813192\n|move|p1a: Electrode|Substitute|p1a: Electrode\n|-start|p1a: Electrode|Substitute\n|-damage|p1a: Electrode|171/246\n|move|p2a: Infernape|Overheat|p1a: Electrode\n|-supereffective|p1a: Electrode\n|-end|p1a: Electrode|Substitute\n|-unboost|p2a: Infernape|spa|2\n|-damage|p2a: Infernape|234/259|[from] item: Life Orb\n|\n|-heal|p1a: Electrode|186/246|[from] item: Leftovers\n|upkeep\n|turn|4\n|\n|t:|1782813198\n|switch|p2a: Alcremie|Alcremie-Matcha-Cream, L90, F|263/263\n|move|p1a: Electrode|Substitute|p1a: Electrode\n|-start|p1a: Electrode|Substitute\n|-damage|p1a: Electrode|125/246\n|\n|-heal|p1a: Electrode|140/246|[from] item: Leftovers\n|upkeep\n|turn|5\n|\n|t:|1782813205\n|move|p1a: Electrode|Leech Seed|p2a: Alcremie\n|-start|p2a: Alcremie|move: Leech Seed\n|move|p2a: Alcremie|Calm Mind|p2a: Alcremie\n|-boost|p2a: Alcremie|spa|1\n|-boost|p2a: Alcremie|spd|1\n|\n|-heal|p1a: Electrode|155/246|[from] item: Leftovers\n|-damage|p2a: Alcremie|231/263|[from] Leech Seed|[of] p1a: Electrode\n|-heal|p1a: Electrode|187/246|[silent]\n|upkeep\n|turn|6\n|\n|t:|1782813207\n|move|p1a: Electrode|Thunderbolt|p2a: Alcremie\n|-damage|p2a: Alcremie|186/263\n|move|p2a: Alcremie|Calm Mind|p2a: Alcremie\n|-boost|p2a: Alcremie|spa|1\n|-boost|p2a: Alcremie|spd|1\n|\n|-heal|p1a: Electrode|202/246|[from] item: Leftovers\n|-heal|p2a: Alcremie|202/263|[from] item: Leftovers\n|-damage|p2a: Alcremie|170/263|[from] Leech Seed|[of] p1a: Electrode\n|-heal|p1a: Electrode|234/246|[silent]\n|upkeep\n|turn|7\n|\n|t:|1782813212\n|move|p1a: Electrode|Thunderbolt|p2a: Alcremie\n|-damage|p2a: Alcremie|137/263\n|move|p2a: Alcremie|Calm Mind|p2a: Alcremie\n|-boost|p2a: Alcremie|spa|1\n|-boost|p2a: Alcremie|spd|1\n|\n|-heal|p1a: Electrode|246/246|[from] item: Leftovers\n|-heal|p2a: Alcremie|153/263|[from] item: Leftovers\n|-damage|p2a: Alcremie|121/263|[from] Leech Seed|[of] p1a: Electrode\n|upkeep\n|turn|8\n|\n|t:|1782813217\n|move|p1a: Electrode|Thunderbolt|p2a: Alcremie\n|-damage|p2a: Alcremie|93/263\n|move|p2a: Alcremie|Calm Mind|p2a: Alcremie\n|-boost|p2a: Alcremie|spa|1\n|-boost|p2a: Alcremie|spd|1\n|\n|-heal|p2a: Alcremie|109/263|[from] item: Leftovers\n|-damage|p2a: Alcremie|77/263|[from] Leech Seed|[of] p1a: Electrode\n|upkeep\n|turn|9\n|\n|t:|1782813221\n|move|p1a: Electrode|Thunderbolt|p2a: Alcremie\n|-damage|p2a: Alcremie|56/263\n|move|p2a: Alcremie|Recover|p2a: Alcremie\n|-heal|p2a: Alcremie|188/263\n|\n|-heal|p2a: Alcremie|204/263|[from] item: Leftovers\n|-damage|p2a: Alcremie|172/263|[from] Leech Seed|[of] p1a: Electrode\n|upkeep\n|turn|10\n|\n|t:|1782813227\n|move|p1a: Electrode|Thunderbolt|p2a: Alcremie\n|-damage|p2a: Alcremie|150/263\n|move|p2a: Alcremie|Recover|p2a: Alcremie\n|-heal|p2a: Alcremie|263/263\n|\n|-damage|p2a: Alcremie|231/263|[from] Leech Seed|[of] p1a: Electrode\n|upkeep\n|turn|11\n|\n|t:|1782813229\n|move|p1a: Electrode|Thunderbolt|p2a: Alcremie\n|-damage|p2a: Alcremie|209/263\n|move|p2a: Alcremie|Calm Mind|p2a: Alcremie\n|-boost|p2a: Alcremie|spa|1\n|-boost|p2a: Alcremie|spd|1\n|\n|-heal|p2a: Alcremie|225/263|[from] item: Leftovers\n|-damage|p2a: Alcremie|193/263|[from] Leech Seed|[of] p1a: Electrode\n|upkeep\n|turn|12\n|\n|t:|1782813233\n|move|p1a: Electrode|Thunderbolt|p2a: Alcremie\n|-crit|p2a: Alcremie\n|-damage|p2a: Alcremie|99/263\n|move|p2a: Alcremie|Calm Mind|p2a: Alcremie\n|-boost|p2a: Alcremie|spa|1\n|-boost|p2a: Alcremie|spd|1\n|\n|-heal|p2a: Alcremie|115/263|[from] item: Leftovers\n|-damage|p2a: Alcremie|83/263|[from] Leech Seed|[of] p1a: Electrode\n|upkeep\n|turn|13\n|\n|t:|1782813238\n|move|p1a: Electrode|Thunderbolt|p2a: Alcremie\n|-damage|p2a: Alcremie|64/263\n|move|p2a: Alcremie|Recover|p2a: Alcremie\n|-heal|p2a: Alcremie|196/263\n|\n|-heal|p2a: Alcremie|212/263|[from] item: Leftovers\n|-damage|p2a: Alcremie|180/263|[from] Leech Seed|[of] p1a: Electrode\n|upkeep\n|turn|14\n|\n|t:|1782813243\n|move|p1a: Electrode|Thunderbolt|p2a: Alcremie\n|-damage|p2a: Alcremie|164/263\n|move|p2a: Alcremie|Recover|p2a: Alcremie\n|-heal|p2a: Alcremie|263/263\n|\n|-damage|p2a: Alcremie|231/263|[from] Leech Seed|[of] p1a: Electrode\n|upkeep\n|turn|15\n|\n|t:|1782813248\n|move|p1a: Electrode|Thunderbolt|p2a: Alcremie\n|-damage|p2a: Alcremie|215/263\n|move|p2a: Alcremie|Alluring Voice|p1a: Electrode\n|-immune|p1a: Electrode|[from] ability: Soundproof\n|\n|-heal|p2a: Alcremie|231/263|[from] item: Leftovers\n|-damage|p2a: Alcremie|199/263|[from] Leech Seed|[of] p1a: Electrode\n|upkeep\n|turn|16\n|\n|t:|1782813255\n|move|p1a: Electrode|Thunderbolt|p2a: Alcremie\n|-damage|p2a: Alcremie|183/263\n|move|p2a: Alcremie|Tera Blast|p1a: Electrode\n|-end|p1a: Electrode|Substitute\n|\n|-heal|p2a: Alcremie|199/263|[from] item: Leftovers\n|-damage|p2a: Alcremie|167/263|[from] Leech Seed|[of] p1a: Electrode\n|upkeep\n|turn|17\n|\n|t:|1782813260\n|move|p1a: Electrode|Substitute|p1a: Electrode\n|-start|p1a: Electrode|Substitute\n|-damage|p1a: Electrode|185/246\n|move|p2a: Alcremie|Tera Blast|p1a: Electrode\n|-end|p1a: Electrode|Substitute\n|\n|-heal|p1a: Electrode|200/246|[from] item: Leftovers\n|-heal|p2a: Alcremie|183/263|[from] item: Leftovers\n|-damage|p2a: Alcremie|151/263|[from] Leech Seed|[of] p1a: Electrode\n|-heal|p1a: Electrode|232/246|[silent]\n|upkeep\n|turn|18\n|\n|t:|1782813263\n|move|p1a: Electrode|Substitute|p1a: Electrode\n|-start|p1a: Electrode|Substitute\n|-damage|p1a: Electrode|171/246\n|move|p2a: Alcremie|Tera Blast|p1a: Electrode\n|-end|p1a: Electrode|Substitute\n|\n|-heal|p1a: Electrode|186/246|[from] item: Leftovers\n|-heal|p2a: Alcremie|167/263|[from] item: Leftovers\n|-damage|p2a: Alcremie|135/263|[from] Leech Seed|[of] p1a: Electrode\n|-heal|p1a: Electrode|218/246|[silent]\n|upkeep\n|turn|19\n|\n|t:|1782813268\n|move|p1a: Electrode|Substitute|p1a: Electrode\n|-start|p1a: Electrode|Substitute\n|-damage|p1a: Electrode|157/246\n|move|p2a: Alcremie|Tera Blast|p1a: Electrode\n|-end|p1a: Electrode|Substitute\n|\n|-heal|p1a: Electrode|172/246|[from] item: Leftovers\n|-heal|p2a: Alcremie|151/263|[from] item: Leftovers\n|-damage|p2a: Alcremie|119/263|[from] Leech Seed|[of] p1a: Electrode\n|-heal|p1a: Electrode|204/246|[silent]\n|upkeep\n|turn|20\n|\n|t:|1782813274\n|move|p1a: Electrode|Substitute|p1a: Electrode\n|-start|p1a: Electrode|Substitute\n|-damage|p1a: Electrode|143/246\n|move|p2a: Alcremie|Tera Blast|p1a: Electrode\n|-crit|p1a: Electrode\n|-end|p1a: Electrode|Substitute\n|\n|-heal|p1a: Electrode|158/246|[from] item: Leftovers\n|-heal|p2a: Alcremie|135/263|[from] item: Leftovers\n|-damage|p2a: Alcremie|103/263|[from] Leech Seed|[of] p1a: Electrode\n|-heal|p1a: Electrode|190/246|[silent]\n|upkeep\n|turn|21\n|\n|t:|1782813281\n|move|p1a: Electrode|Substitute|p1a: Electrode\n|-start|p1a: Electrode|Substitute\n|-damage|p1a: Electrode|129/246\n|move|p2a: Alcremie|Tera Blast|p1a: Electrode\n|-end|p1a: Electrode|Substitute\n|\n|-heal|p1a: Electrode|144/246|[from] item: Leftovers\n|-heal|p2a: Alcremie|119/263|[from] item: Leftovers\n|-damage|p2a: Alcremie|87/263|[from] Leech Seed|[of] p1a: Electrode\n|-heal|p1a: Electrode|176/246|[silent]\n|upkeep\n|turn|22\n|\n|t:|1782813285\n|move|p1a: Electrode|Substitute|p1a: Electrode\n|-start|p1a: Electrode|Substitute\n|-damage|p1a: Electrode|115/246\n|move|p2a: Alcremie|Tera Blast|p1a: Electrode\n|-end|p1a: Electrode|Substitute\n|\n|-heal|p1a: Electrode|130/246|[from] item: Leftovers\n|-heal|p2a: Alcremie|103/263|[from] item: Leftovers\n|-damage|p2a: Alcremie|71/263|[from] Leech Seed|[of] p1a: Electrode\n|-heal|p1a: Electrode|162/246|[silent]\n|upkeep\n|turn|23\n|\n|t:|1782813290\n|move|p1a: Electrode|Substitute|p1a: Electrode\n|-start|p1a: Electrode|Substitute\n|-damage|p1a: Electrode|101/246\n|move|p2a: Alcremie|Recover|p2a: Alcremie\n|-heal|p2a: Alcremie|203/263\n|\n|-heal|p1a: Electrode|116/246|[from] item: Leftovers\n|-heal|p2a: Alcremie|219/263|[from] item: Leftovers\n|-damage|p2a: Alcremie|187/263|[from] Leech Seed|[of] p1a: Electrode\n|-heal|p1a: Electrode|148/246|[silent]\n|upkeep\n|turn|24\n|\n|t:|1782813304\n|move|p1a: Electrode|Thunderbolt|p2a: Alcremie\n|-damage|p2a: Alcremie|169/263\n|move|p2a: Alcremie|Tera Blast|p1a: Electrode\n|-end|p1a: Electrode|Substitute\n|\n|-heal|p1a: Electrode|163/246|[from] item: Leftovers\n|-heal|p2a: Alcremie|185/263|[from] item: Leftovers\n|-damage|p2a: Alcremie|153/263|[from] Leech Seed|[of] p1a: Electrode\n|-heal|p1a: Electrode|195/246|[silent]\n|upkeep\n|turn|25\n|\n|t:|1782813309\n|move|p1a: Electrode|Substitute|p1a: Electrode\n|-start|p1a: Electrode|Substitute\n|-damage|p1a: Electrode|134/246\n|move|p2a: Alcremie|Tera Blast|p1a: Electrode\n|-end|p1a: Electrode|Substitute\n|\n|-heal|p1a: Electrode|149/246|[from] item: Leftovers\n|-heal|p2a: Alcremie|169/263|[from] item: Leftovers\n|-damage|p2a: Alcremie|137/263|[from] Leech Seed|[of] p1a: Electrode\n|-heal|p1a: Electrode|181/246|[silent]\n|upkeep\n|turn|26\n|\n|t:|1782813314\n|move|p1a: Electrode|Substitute|p1a: Electrode\n|-start|p1a: Electrode|Substitute\n|-damage|p1a: Electrode|120/246\n|move|p2a: Alcremie|Tera Blast|p1a: Electrode\n|-end|p1a: Electrode|Substitute\n|\n|-heal|p1a: Electrode|135/246|[from] item: Leftovers\n|-heal|p2a: Alcremie|153/263|[from] item: Leftovers\n|-damage|p2a: Alcremie|121/263|[from] Leech Seed|[of] p1a: Electrode\n|-heal|p1a: Electrode|167/246|[silent]\n|upkeep\n|turn|27\n|\n|t:|1782813320\n|move|p1a: Electrode|Substitute|p1a: Electrode\n|-start|p1a: Electrode|Substitute\n|-damage|p1a: Electrode|106/246\n|move|p2a: Alcremie|Tera Blast|p1a: Electrode\n|-end|p1a: Electrode|Substitute\n|\n|-heal|p1a: Electrode|121/246|[from] item: Leftovers\n|-heal|p2a: Alcremie|137/263|[from] item: Leftovers\n|-damage|p2a: Alcremie|105/263|[from] Leech Seed|[of] p1a: Electrode\n|-heal|p1a: Electrode|153/246|[silent]\n|upkeep\n|turn|28\n|\n|t:|1782813325\n|move|p1a: Electrode|Substitute|p1a: Electrode\n|-start|p1a: Electrode|Substitute\n|-damage|p1a: Electrode|92/246\n|move|p2a: Alcremie|Tera Blast|p1a: Electrode\n|-end|p1a: Electrode|Substitute\n|\n|-heal|p1a: Electrode|107/246|[from] item: Leftovers\n|-heal|p2a: Alcremie|121/263|[from] item: Leftovers\n|-damage|p2a: Alcremie|89/263|[from] Leech Seed|[of] p1a: Electrode\n|-heal|p1a: Electrode|139/246|[silent]\n|upkeep\n|turn|29\n|\n|t:|1782813337\n|switch|p1a: Jirachi|Jirachi, L80|291/291\n|move|p2a: Alcremie|Tera Blast|p1a: Jirachi\n|-resisted|p1a: Jirachi\n|-damage|p1a: Jirachi|159/291\n|\n|-heal|p1a: Jirachi|177/291|[from] item: Leftovers\n|-heal|p2a: Alcremie|105/263|[from] item: Leftovers\n|-damage|p2a: Alcremie|73/263|[from] Leech Seed|[of] p1a: Jirachi\n|-heal|p1a: Jirachi|209/291|[silent]\n|upkeep\n|turn|30\n|\n|t:|1782813341\n|move|p1a: Jirachi|Iron Head|p2a: Alcremie\n|-supereffective|p2a: Alcremie\n|-damage|p2a: Alcremie|0 fnt\n|faint|p2a: Alcremie\n|\n|-heal|p1a: Jirachi|227/291|[from] item: Leftovers\n|upkeep\n|\n|t:|1782813367\n|switch|p2a: Infernape|Infernape, L82, F|234/259\n|turn|31\n|\n|t:|1782813371\n|move|p1a: Jirachi|Protect|p1a: Jirachi\n|-singleturn|p1a: Jirachi|Protect\n|move|p2a: Infernape|Overheat|p1a: Jirachi\n|-activate|p1a: Jirachi|move: Protect\n|\n|-heal|p1a: Jirachi|245/291|[from] item: Leftovers\n|upkeep\n|turn|32\n|\n|t:|1782813377\n|switch|p1a: Fezandipiti|Fezandipiti, L82, M|278/278\n|move|p2a: Infernape|Overheat|p1a: Fezandipiti\n|-damage|p1a: Fezandipiti|129/278\n|-unboost|p2a: Infernape|spa|2\n|-damage|p2a: Infernape|209/259|[from] item: Life Orb\n|\n|-heal|p1a: Fezandipiti|146/278|[from] item: Leftovers\n|upkeep\n|turn|33\n|\n|t:|1782813382\n|switch|p2a: Rhydon|Rhydon, L85, M|317/317\n|move|p1a: Fezandipiti|Gunk Shot|p2a: Rhydon\n|-resisted|p2a: Rhydon\n|-damage|p2a: Rhydon|303/317\n|-status|p2a: Rhydon|tox|[from] ability: Toxic Chain|[of] p1a: Fezandipiti\n|\n|-heal|p1a: Fezandipiti|163/278|[from] item: Leftovers\n|-damage|p2a: Rhydon|284/317 tox|[from] psn\n|upkeep\n|turn|34\n|\n|t:|1782813390\n|switch|p1a: Exeggutor|Exeggutor-Alola, L89, M|314/314\n|-item|p2a: Rhydon|Eviolite|[from] ability: Frisk|[of] p1a: Exeggutor\n|move|p2a: Rhydon|Earthquake|p1a: Exeggutor\n|-resisted|p1a: Exeggutor\n|-damage|p1a: Exeggutor|249/314\n|\n|-damage|p2a: Rhydon|246/317 tox|[from] psn\n|upkeep\n|turn|35\n|\n|t:|1782813412\n|move|p1a: Exeggutor|Giga Drain|p2a: Rhydon\n|-supereffective|p2a: Rhydon\n|-damage|p2a: Rhydon|0 fnt\n|-heal|p1a: Exeggutor|314/314|[from] drain|[of] p2a: Rhydon\n|faint|p2a: Rhydon\n|\n|upkeep\n|\n|t:|1782813424\n|switch|p2a: Pikachu|Pikachu-Partner, L93, F|95/216\n|turn|36\n|\n|t:|1782813426\n|move|p2a: Pikachu|Knock Off|p1a: Exeggutor\n|-damage|p1a: Exeggutor|200/314\n|-enditem|p1a: Exeggutor|Choice Specs|[from] move: Knock Off|[of] p2a: Pikachu\n|move|p1a: Exeggutor|Giga Drain|p2a: Pikachu\n|-damage|p2a: Pikachu|0 fnt\n|-heal|p1a: Exeggutor|248/314|[from] drain|[of] p2a: Pikachu\n|faint|p2a: Pikachu\n|\n|upkeep\n|\n|t:|1782813436\n|switch|p2a: Infernape|Infernape, L82, F|209/259\n|turn|37\n|\n|t:|1782813442\n|move|p2a: Infernape|Overheat|p1a: Exeggutor\n|-damage|p1a: Exeggutor|52/314\n|-unboost|p2a: Infernape|spa|2\n|-damage|p2a: Infernape|184/259|[from] item: Life Orb\n|move|p1a: Exeggutor|Draco Meteor|p2a: Infernape\n|-crit|p2a: Infernape\n|-damage|p2a: Infernape|0 fnt\n|-unboost|p1a: Exeggutor|spa|2\n|faint|p2a: Infernape\n|\n|upkeep\n|\n|t:|1782813449\n|switch|p2a: Veluza|Veluza, L85, M|292/292\n|turn|38\n|\n|t:|1782813452\n|move|p2a: Veluza|Fillet Away|p2a: Veluza\n|-boost|p2a: Veluza|atk|2\n|-boost|p2a: Veluza|spa|2\n|-boost|p2a: Veluza|spe|2\n|-damage|p2a: Veluza|146/292\n|-enditem|p2a: Veluza|Sitrus Berry|[eat]\n|-heal|p2a: Veluza|219/292|[from] item: Sitrus Berry\n|move|p1a: Exeggutor|Leaf Storm|p2a: Veluza\n|-supereffective|p2a: Veluza\n|-damage|p2a: Veluza|0 fnt\n|-unboost|p1a: Exeggutor|spa|2\n|faint|p2a: Veluza\n|\n|upkeep\n|-message|lotanol forfeited.\n|\n|win|Gaaraks\n|raw|Gaaraks's rating: 2005 &rarr; <strong>2026</strong><br />(+21 for winning)\n|raw|lotanol's rating: 2017 &rarr; <strong>1996</strong><br />(-21 for losing)\n", "inputlog": ">version f8ac14003a5f27e1bdc8d8c59608a773c1cb96e5\n>start {\"formatid\":\"gen9randombattle\",\"seed\":\"sodium,6c46347371cb6396c67799e4716764e2\",\"rated\":\"Rated battle\"}\n>player p1 {\"name\":\"Gaaraks\",\"avatar\":\"266\",\"rating\":2005,\"seed\":\"sodium,b6ac3f01ba26641c88c85c7aadb669c0\"}\n>player p2 {\"name\":\"lotanol\",\"avatar\":\"alder\",\"rating\":2017,\"seed\":\"sodium,bd70e36d952c5f243b1805c6c84ca959\"}\n>p1 move leechseed\n>p2 switch 5\n>p1 move gigadrain\n>p2 move voltswitch\n>p2 switch 3\n>p1 move substitute\n>p2 move overheat\n>p1 move substitute\n>p2 switch 2\n>p1 move leechseed\n>p2 move calmmind\n>p1 move thunderbolt\n>p2 move calmmind\n>p1 move thunderbolt\n>p2 move calmmind\n>p1 move thunderbolt\n>p2 move calmmind\n>p1 move thunderbolt\n>p2 move recover\n>p1 move thunderbolt\n>p2 move recover\n>p1 move thunderbolt\n>p2 move calmmind\n>p1 move thunderbolt\n>p2 move calmmind\n>p1 move thunderbolt\n>p2 move recover\n>p1 move thunderbolt\n>p2 move recover\n>p1 move thunderbolt\n>p2 move alluringvoice\n>p1 move thunderbolt\n>p2 move terablast\n>p1 move substitute\n>p2 move terablast\n>p1 move substitute\n>p2 move terablast\n>p1 move substitute\n>p2 move terablast\n>p1 move substitute\n>p2 move terablast\n>p1 move substitute\n>p2 move terablast\n>p1 move substitute\n>p2 move terablast\n>p1 move substitute\n>p2 move recover\n>p1 move thunderbolt\n>p2 move terablast\n>p1 move substitute\n>p2 move terablast\n>p1 move substitute\n>p2 move terablast\n>p1 move substitute\n>p2 move terablast\n>p1 move substitute\n>p2 move terablast\n>p1 switch 3\n>p2 move terablast\n>p1 move ironhead\n>p2 move alluringvoice\n>p2 switch 2\n>p1 move protect\n>p2 move overheat\n>p1 switch 6\n>p2 move overheat\n>p1 move gunkshot\n>p2 switch 4\n>p1 switch 4\n>p2 move earthquake\n>p1 move gigadrain\n>p2 move megahorn\n>p2 switch 3\n>p1 move gigadrain\n>p2 move knockoff\n>p2 switch 4\n>p1 move dracometeor\n>p2 move overheat\n>p2 switch 6\n>p1 move leafstorm\n>p2 move filletaway\n>forcelose p2", "uploadtime": 1782813145, "views": 4, "formatid": "gen9randombattle", "rating": 1996, "private": 0, "password": null, "player_dets": [{"name": "Gaaraks", "avatar": "266", "rating": 2005, "seed": "sodium,b6ac3f01ba26641c88c85c7aadb669c0"}, {"name": "lotanol", "avatar": "alder", "rating": 2017, "seed": "sodium,bd70e36d952c5f243b1805c6c84ca959"}], "teams_full": [{"Electrode": {"name": "Electrode", "species": "Electrode-Hisui", "speciesId": "electrodehisui", "gender": "N", "shiny": false, "level": 87, "moves": ["thunderbolt", "substitute", "gigadrain", "leechseed"], "ability": "Soundproof", "evs": {"hp": 85, "atk": 0, "def": 85, "spa": 85, "spd": 85, "spe": 85}, "ivs": {"hp": 31, "atk": 0, "def": 31, "spa": 31, "spd": 31, "spe": 31}, "item": "Leftovers", "teraType": "Poison", "role": "Fast Support", "bvs": {"hp": 60, "atk": 50, "def": 70, "spa": 80, "spd": 80, "spe": 150}, "stats": {"hp": 246, "atk": 92, "def": 172, "spa": 189, "spd": 189, "spe": 311}, "types": ["Electric", "Grass"]}, "Zacian": {"name": "Zacian", "species": "Zacian", "speciesId": "zacian", "gender": "N", "shiny": false, "level": 69, "moves": ["closecombat", "playrough", "crunch", "wildcharge"], "ability": "Intrepid Sword", "evs": {"hp": 85, "atk": 85, "def": 85, "spa": 85, "spd": 85, "spe": 85}, "ivs": {"hp": 31, "atk": 31, "def": 31, "spa": 31, "spd": 31, "spe": 31}, "item": "Choice Band", "teraType": "Fighting", "role": "Fast Attacker", "bvs": {"hp": 92, "atk": 120, "def": 115, "spa": 80, "spd": 115, "spe": 138}, "stats": {"hp": 241, "atk": 206, "def": 199, "spa": 151, "spd": 199, "spe": 231}, "types": ["Fairy"]}, "Jirachi": {"name": "Jirachi", "species": "Jirachi", "speciesId": "jirachi", "gender": "N", "shiny": false, "level": 80, "moves": ["ironhead", "wish", "protect", "uturn"], "ability": "Serene Grace", "evs": {"hp": 85, "atk": 85, "def": 85, "spa": 85, "spd": 85, "spe": 85}, "ivs": {"hp": 31, "atk": 31, "def": 31, "spa": 31, "spd": 31, "spe": 31}, "item": "Leftovers", "teraType": "Water", "role": "Bulky Support", "bvs": {"hp": 100, "atk": 100, "def": 100, "spa": 100, "spd": 100, "spe": 100}, "stats": {"hp": 291, "atk": 206, "def": 206, "spa": 206, "spd": 206, "spe": 206}, "types": ["Steel", "Psychic"]}, "Exeggutor": {"name": "Exeggutor", "species": "Exeggutor-Alola", "speciesId": "exeggutoralola", "gender": "M", "shiny": false, "level": 89, "moves": ["gigadrain", "leafstorm", "flamethrower", "dracometeor"], "ability": "Frisk", "evs": {"hp": 85, "atk": 0, "def": 85, "spa": 85, "spd": 85, "spe": 85}, "ivs": {"hp": 31, "atk": 0, "def": 31, "spa": 31, "spd": 31, "spe": 31}, "item": "Choice Specs", "teraType": "Fire", "role": "Wallbreaker", "bvs": {"hp": 95, "atk": 105, "def": 85, "spa": 125, "spd": 75, "spe": 45}, "stats": {"hp": 314, "atk": 191, "def": 202, "spa": 273, "spd": 184, "spe": 131}, "types": ["Grass", "Dragon"]}, "Keldeo": {"name": "Keldeo", "species": "Keldeo-Resolute", "speciesId": "keldeoresolute", "gender": "N", "shiny": false, "level": 79, "moves": ["calmmind", "secretsword", "hydropump", "vacuumwave"], "ability": "Justified", "evs": {"hp": 85, "atk": 0, "def": 85, "spa": 85, "spd": 85, "spe": 85}, "ivs": {"hp": 31, "atk": 0, "def": 31, "spa": 31, "spd": 31, "spe": 31}, "item": "Life Orb", "teraType": "Water", "role": "Fast Attacker", "bvs": {"hp": 91, "atk": 72, "def": 90, "spa": 129, "spd": 90, "spe": 108}, "stats": {"hp": 273, "atk": 118, "def": 188, "spa": 249, "spd": 188, "spe": 216}, "types": ["Water", "Fighting"]}, "Fezandipiti": {"name": "Fezandipiti", "species": "Fezandipiti", "speciesId": "fezandipiti", "gender": "M", "shiny": false, "level": 82, "moves": ["swordsdance", "playrough", "terablast", "gunkshot"], "ability": "Toxic Chain", "evs": {"hp": 85, "atk": 85, "def": 85, "spa": 85, "spd": 85, "spe": 85}, "ivs": {"hp": 31, "atk": 31, "def": 31, "spa": 31, "spd": 31, "spe": 31}, "item": "Leftovers", "teraType": "Ground", "role": "Tera Blast user", "bvs": {"hp": 88, "atk": 91, "def": 82, "spa": 70, "spd": 125, "spe": 99}, "stats": {"hp": 278, "atk": 196, "def": 182, "spa": 162, "spd": 252, "spe": 210}, "types": ["Poison", "Fairy"]}}, {"Kingdra": {"name": "Kingdra", "species": "Kingdra", "speciesId": "kingdra", "gender": "F", "shiny": false, "level": 84, "moves": ["wavecrash", "hurricane", "raindance", "dracometeor"], "ability": "Swift Swim", "evs": {"hp": 85, "atk": 85, "def": 85, "spa": 85, "spd": 85, "spe": 85}, "ivs": {"hp": 31, "atk": 31, "def": 31, "spa": 31, "spd": 31, "spe": 31}, "item": "Life Orb", "teraType": "Water", "role": "Fast Attacker", "bvs": {"hp": 75, "atk": 95, "def": 95, "spa": 95, "spd": 95, "spe": 85}, "stats": {"hp": 263, "atk": 208, "def": 208, "spa": 208, "spd": 208, "spe": 191}, "types": ["Water", "Dragon"]}, "Alcremie": {"name": "Alcremie", "species": "Alcremie-Matcha-Cream", "speciesId": "alcremie", "gender": "F", "shiny": false, "level": 90, "moves": ["terablast", "alluringvoice", "calmmind", "recover"], "ability": "Aroma Veil", "evs": {"hp": 85, "atk": 0, "def": 85, "spa": 85, "spd": 85, "spe": 85}, "ivs": {"hp": 31, "atk": 0, "def": 31, "spa": 31, "spd": 31, "spe": 31}, "item": "Leftovers", "teraType": "Ground", "role": "Tera Blast user", "bvs": {"hp": 65, "atk": 60, "def": 75, "spa": 110, "spd": 121, "spe": 64}, "stats": {"hp": 263, "atk": 113, "def": 186, "spa": 249, "spd": 269, "spe": 167}, "types": ["Fairy"]}, "Infernape": {"name": "Infernape", "species": "Infernape", "speciesId": "infernape", "gender": "F", "shiny": false, "level": 82, "moves": ["stoneedge", "closecombat", "grassknot", "overheat"], "ability": "Blaze", "evs": {"hp": 85, "atk": 85, "def": 85, "spa": 85, "spd": 85, "spe": 85}, "ivs": {"hp": 31, "atk": 31, "def": 31, "spa": 31, "spd": 31, "spe": 31}, "item": "Life Orb", "teraType": "Fire", "role": "Fast Attacker", "bvs": {"hp": 76, "atk": 104, "def": 71, "spa": 104, "spd": 71, "spe": 108}, "stats": {"hp": 259, "atk": 218, "def": 164, "spa": 218, "spd": 164, "spe": 224}, "types": ["Fire", "Fighting"]}, "Rhydon": {"name": "Rhydon", "species": "Rhydon", "speciesId": "rhydon", "gender": "M", "shiny": false, "level": 85, "moves": ["stoneedge", "megahorn", "earthquake", "swordsdance"], "ability": "Lightning Rod", "evs": {"hp": 85, "atk": 85, "def": 85, "spa": 85, "spd": 85, "spe": 85}, "ivs": {"hp": 31, "atk": 31, "def": 31, "spa": 31, "spd": 31, "spe": 31}, "item": "Eviolite", "teraType": "Water", "role": "Bulky Attacker", "bvs": {"hp": 105, "atk": 130, "def": 120, "spa": 45, "spd": 45, "spe": 40}, "stats": {"hp": 317, "atk": 270, "def": 253, "spa": 125, "spd": 125, "spe": 117}, "types": ["Ground", "Rock"]}, "Pikachu": {"name": "Pikachu", "species": "Pikachu-Partner", "speciesId": "pikachu", "gender": "F", "shiny": false, "level": 93, "moves": ["voltswitch", "volttackle", "surf", "knockoff"], "ability": "Lightning Rod", "evs": {"hp": 85, "atk": 85, "def": 85, "spa": 85, "spd": 85, "spe": 85}, "ivs": {"hp": 31, "atk": 31, "def": 31, "spa": 31, "spd": 31, "spe": 31}, "item": "Light Ball", "teraType": "Water", "role": "Fast Attacker", "bvs": {"hp": 35, "atk": 55, "def": 40, "spa": 50, "spd": 50, "spe": 90}, "stats": {"hp": 216, "atk": 155, "def": 127, "spa": 146, "spd": 146, "spe": 220}, "types": ["Electric"]}, "Veluza": {"name": "Veluza", "species": "Veluza", "speciesId": "veluza", "gender": "M", "shiny": false, "level": 85, "moves": ["filletaway", "aquacutter", "psychocut", "nightslash"], "ability": "Sharpness", "evs": {"hp": 85, "atk": 85, "def": 85, "spa": 85, "spd": 85, "spe": 85}, "ivs": {"hp": 31, "atk": 31, "def": 31, "spa": 31, "spd": 31, "spe": 31}, "item": "Sitrus Berry", "teraType": "Water", "role": "Setup Sweeper", "bvs": {"hp": 90, "atk": 102, "def": 73, "spa": 78, "spd": 65, "spe": 70}, "stats": {"hp": 292, "atk": 222, "def": 173, "spa": 181, "spd": 159, "spe": 168}, "types": ["Water", "Psychic"]}}]}