{"id": "gen9randombattle-2641265223", "format": "[Gen 9] Random Battle", "players": ["notmetbh102", "ban Freezai"], "log": "|badge|p1|bronze|gen9randombattle|100-9\n|html|<div class=\"broadcast-red\"><strong>This battle is required to be public due to one or more player having a season medal.</strong><br />During the public phase, you can discuss the state of the ladder <a href=\"/seasondiscussion\">in a special chatroom.</a></div>\n|uhtml|medal-msg|<div class=\"broadcast-blue\">Curious what those medals under the avatar are? PS now has Ladder Seasons! For more information, check out the <a href=\"https://www.smogon.com/forums/threads/3740067/\">thread on Smogon.</a></div>\n|j|\u2606notmetbh102\n|j|\u2606ban Freezai\n|t:|1782760937\n|gametype|singles\n|player|p1|notmetbh102|2|2304\n|player|p2|ban Freezai|169|2259\n|gen|9\n|tier|[Gen 9] Random Battle\n|rated|\n|rule|Species Clause: Limit one of each Pok\u00e9mon\n|rule|HP Percentage Mod: HP is shown in percentages\n|rule|Sleep Clause Mod: Limit one foe put to sleep\n|rule|Illusion Level Mod: Illusion disguises the Pok\u00e9mon's true level\n|\n|t:|1782760937\n|teamsize|p1|6\n|teamsize|p2|6\n|start\n|switch|p1a: Arceus|Arceus-Steel, L70|284/284\n|switch|p2a: Sableye|Sableye, L88, M|231/231\n|turn|1\n|inactive|Battle timer is ON: inactive players will automatically lose when time's up. (requested by notmetbh102)\n|c|\u2606notmetbh102|hf\n|\n|t:|1782760945\n|move|p2a: Sableye|Thunder Wave|p1a: Arceus\n|-status|p1a: Arceus|par\n|move|p1a: Arceus|Calm Mind|p1a: Arceus\n|-boost|p1a: Arceus|spa|1\n|-boost|p1a: Arceus|spd|1\n|\n|upkeep\n|turn|2\n|\n|t:|1782760947\n|move|p2a: Sableye|Encore|p1a: Arceus\n|-start|p1a: Arceus|Encore\n|move|p1a: Arceus|Calm Mind|p1a: Arceus\n|-boost|p1a: Arceus|spa|1\n|-boost|p1a: Arceus|spd|1\n|\n|upkeep\n|turn|3\n|\n|t:|1782760951\n|move|p2a: Sableye|Encore||[still]\n|-fail|p2a: Sableye\n|cant|p1a: Arceus|par\n|\n|upkeep\n|turn|4\n|\n|t:|1782760953\n|move|p2a: Sableye|Knock Off|p1a: Arceus\n|-damage|p1a: Arceus|223/284 par\n|move|p1a: Arceus|Calm Mind|p1a: Arceus\n|-boost|p1a: Arceus|spa|1\n|-boost|p1a: Arceus|spd|1\n|\n|-end|p1a: Arceus|Encore\n|upkeep\n|turn|5\n|\n|t:|1782760955\n|move|p2a: Sableye|Encore|p1a: Arceus\n|-start|p1a: Arceus|Encore\n|cant|p1a: Arceus|par\n|\n|upkeep\n|turn|6\n|\n|t:|1782760957\n|move|p2a: Sableye|Knock Off|p1a: Arceus\n|-damage|p1a: Arceus|162/284 par\n|move|p1a: Arceus|Calm Mind|p1a: Arceus\n|-boost|p1a: Arceus|spa|1\n|-boost|p1a: Arceus|spd|1\n|\n|upkeep\n|turn|7\n|\n|t:|1782760959\n|switch|p1a: Blastoise|Blastoise, L80, F|258/258\n|move|p2a: Sableye|Knock Off|p1a: Blastoise\n|-damage|p1a: Blastoise|170/258\n|-enditem|p1a: Blastoise|White Herb|[from] move: Knock Off|[of] p2a: Sableye\n|\n|upkeep\n|turn|8\n|\n|t:|1782760961\n|move|p2a: Sableye|Thunder Wave|p1a: Blastoise\n|-status|p1a: Blastoise|par\n|move|p1a: Blastoise|Ice Beam|p2a: Sableye\n|-damage|p2a: Sableye|166/231\n|\n|-heal|p2a: Sableye|180/231|[from] item: Leftovers\n|upkeep\n|turn|9\n|\n|t:|1782760968\n|move|p2a: Sableye|Knock Off|p1a: Blastoise\n|-damage|p1a: Blastoise|107/258 par\n|move|p1a: Blastoise|Ice Beam|p2a: Sableye\n|-damage|p2a: Sableye|114/231\n|\n|-heal|p2a: Sableye|128/231|[from] item: Leftovers\n|upkeep\n|turn|10\n|\n|t:|1782760971\n|move|p2a: Sableye|Recover|p2a: Sableye\n|-heal|p2a: Sableye|231/231\n|move|p1a: Blastoise|Hydro Pump|p2a: Sableye\n|-damage|p2a: Sableye|117/231\n|\n|-heal|p2a: Sableye|131/231|[from] item: Leftovers\n|upkeep\n|turn|11\n|\n|t:|1782760974\n|switch|p2a: Appletun|Appletun, L92, M|352/352\n|switch|p1a: Corviknight|Corviknight, L80, M|288/288\n|-ability|p1a: Corviknight|Pressure\n|\n|upkeep\n|turn|12\n|\n|t:|1782760985\n|switch|p2a: Morpeko|Morpeko, L88, F|245/245\n|move|p1a: Corviknight|Brave Bird|p2a: Morpeko\n|-resisted|p2a: Morpeko\n|-damage|p2a: Morpeko|181/245\n|-damage|p1a: Corviknight|267/288|[from] Recoil\n|\n|-heal|p1a: Corviknight|285/288|[from] item: Leftovers\n|-formechange|p2a: Morpeko|Morpeko-Hangry||[from] ability: Hunger Switch\n|upkeep\n|turn|13\n|\n|t:|1782760991\n|move|p2a: Morpeko|Protect|p2a: Morpeko\n|-singleturn|p2a: Morpeko|Protect\n|move|p1a: Corviknight|Body Press|p2a: Morpeko\n|-activate|p2a: Morpeko|move: Protect\n|\n|-heal|p1a: Corviknight|288/288|[from] item: Leftovers\n|-formechange|p2a: Morpeko|Morpeko||[from] ability: Hunger Switch\n|upkeep\n|turn|14\n|\n|t:|1782760995\n|switch|p1a: Porygon2|Porygon2, L81|270/270\n|-ability|p1a: Porygon2|Download|boost\n|-boost|p1a: Porygon2|spa|1\n|move|p2a: Morpeko|Aura Wheel|p1a: Porygon2\n|-damage|p1a: Porygon2|188/270\n|-boost|p2a: Morpeko|spe|1\n|\n|-formechange|p2a: Morpeko|Morpeko-Hangry||[from] ability: Hunger Switch\n|upkeep\n|turn|15\n|\n|t:|1782760999\n|move|p2a: Morpeko|Parting Shot|p1a: Porygon2\n|-unboost|p1a: Porygon2|atk|1\n|-unboost|p1a: Porygon2|spa|1\n|\n|t:|1782761004\n|switch|p2a: Sableye|Sableye, L88, M|131/231|[from] Parting Shot\n|move|p1a: Porygon2|Recover|p1a: Porygon2\n|-heal|p1a: Porygon2|270/270\n|\n|-heal|p2a: Sableye|145/231|[from] item: Leftovers\n|upkeep\n|turn|16\n|\n|t:|1782761008\n|switch|p1a: Arceus|Arceus-Steel, L70|162/284 par\n|move|p2a: Sableye|Encore||[still]\n|-fail|p2a: Sableye\n|\n|-heal|p2a: Sableye|159/231|[from] item: Leftovers\n|upkeep\n|turn|17\n|\n|t:|1782761010\n|move|p2a: Sableye|Knock Off|p1a: Arceus\n|-damage|p1a: Arceus|105/284 par\n|move|p1a: Arceus|Judgment|p2a: Sableye\n|-damage|p2a: Sableye|39/231\n|\n|-heal|p2a: Sableye|53/231|[from] item: Leftovers\n|upkeep\n|turn|18\n|\n|t:|1782761016\n|move|p2a: Sableye|Recover|p2a: Sableye\n|-heal|p2a: Sableye|169/231\n|move|p1a: Arceus|Recover|p1a: Arceus\n|-heal|p1a: Arceus|247/284 par\n|\n|-heal|p2a: Sableye|183/231|[from] item: Leftovers\n|upkeep\n|turn|19\n|\n|t:|1782761022\n|move|p2a: Sableye|Encore|p1a: Arceus\n|-start|p1a: Arceus|Encore\n|move|p1a: Arceus|Recover|p1a: Arceus\n|-heal|p1a: Arceus|284/284 par\n|\n|-heal|p2a: Sableye|197/231|[from] item: Leftovers\n|upkeep\n|turn|20\n|\n|t:|1782761024\n|switch|p1a: Porygon2|Porygon2, L81|270/270\n|-ability|p1a: Porygon2|Download|boost\n|-boost|p1a: Porygon2|spa|1\n|move|p2a: Sableye|Knock Off|p1a: Porygon2\n|-damage|p1a: Porygon2|203/270\n|-enditem|p1a: Porygon2|Eviolite|[from] move: Knock Off|[of] p2a: Sableye\n|\n|-heal|p2a: Sableye|211/231|[from] item: Leftovers\n|upkeep\n|turn|21\n|\n|t:|1782761027\n|move|p2a: Sableye|Thunder Wave|p1a: Porygon2\n|-status|p1a: Porygon2|par\n|cant|p1a: Porygon2|par\n|\n|-heal|p2a: Sableye|225/231|[from] item: Leftovers\n|upkeep\n|turn|22\n|\n|t:|1782761033\n|switch|p1a: Floatzel|Floatzel, L86, F|286/286\n|move|p2a: Sableye|Knock Off|p1a: Floatzel\n|-damage|p1a: Floatzel|157/286\n|-enditem|p1a: Floatzel|Choice Band|[from] move: Knock Off|[of] p2a: Sableye\n|\n|-heal|p2a: Sableye|231/231|[from] item: Leftovers\n|upkeep\n|turn|23\n|\n|t:|1782761039\n|move|p2a: Sableye|Thunder Wave|p1a: Floatzel\n|-status|p1a: Floatzel|par\n|move|p1a: Floatzel|Flip Turn|p2a: Sableye\n|-damage|p2a: Sableye|161/231\n|\n|t:|1782761039\n|switch|p1a: Porygon2|Porygon2, L81|203/270 par|[from] Flip Turn\n|-ability|p1a: Porygon2|Download|boost\n|-boost|p1a: Porygon2|spa|1\n|\n|-heal|p2a: Sableye|175/231|[from] item: Leftovers\n|upkeep\n|turn|24\n|\n|t:|1782761044\n|move|p2a: Sableye|Knock Off|p1a: Porygon2\n|-damage|p1a: Porygon2|140/270 par\n|cant|p1a: Porygon2|par\n|\n|-heal|p2a: Sableye|189/231|[from] item: Leftovers\n|upkeep\n|turn|25\n|\n|t:|1782761070\n|move|p2a: Sableye|Knock Off|p1a: Porygon2\n|-damage|p1a: Porygon2|79/270 par\n|move|p1a: Porygon2|Recover|p1a: Porygon2\n|-heal|p1a: Porygon2|214/270 par\n|\n|-heal|p2a: Sableye|203/231|[from] item: Leftovers\n|upkeep\n|turn|26\n|\n|t:|1782761073\n|move|p2a: Sableye|Encore|p1a: Porygon2\n|-start|p1a: Porygon2|Encore\n|move|p1a: Porygon2|Recover|p1a: Porygon2\n|-heal|p1a: Porygon2|270/270 par\n|\n|-heal|p2a: Sableye|217/231|[from] item: Leftovers\n|upkeep\n|turn|27\n|\n|t:|1782761074\n|switch|p1a: Blastoise|Blastoise, L80, F|107/258 par\n|move|p2a: Sableye|Knock Off|p1a: Blastoise\n|-damage|p1a: Blastoise|43/258 par\n|\n|-heal|p2a: Sableye|231/231|[from] item: Leftovers\n|upkeep\n|turn|28\n|\n|t:|1782761077\n|move|p2a: Sableye|Knock Off|p1a: Blastoise\n|-damage|p1a: Blastoise|0 fnt\n|faint|p1a: Blastoise\n|\n|upkeep\n|\n|t:|1782761078\n|switch|p1a: Porygon2|Porygon2, L81|270/270 par\n|-ability|p1a: Porygon2|Download|boost\n|-boost|p1a: Porygon2|spa|1\n|turn|29\n|\n|t:|1782761087\n|move|p2a: Sableye|Knock Off|p1a: Porygon2\n|-damage|p1a: Porygon2|203/270 par\n|move|p1a: Porygon2|Thunder Wave|p2a: Sableye\n|-status|p2a: Sableye|par\n|\n|upkeep\n|turn|30\n|\n|t:|1782761095\n|switch|p2a: Muk|Muk, L86, M|321/321\n|move|p1a: Porygon2|Shadow Ball|p2a: Muk\n|-damage|p2a: Muk|244/321\n|\n|-heal|p2a: Muk|264/321|[from] item: Leftovers\n|upkeep\n|turn|31\n|\n|t:|1782761101\n|move|p2a: Muk|Poison Jab|p1a: Porygon2\n|-damage|p1a: Porygon2|104/270 par\n|move|p1a: Porygon2|Tera Blast|p2a: Muk\n|-damage|p2a: Muk|153/321\n|\n|-heal|p2a: Muk|173/321|[from] item: Leftovers\n|upkeep\n|turn|32\n|\n|t:|1782761103\n|move|p2a: Muk|Poison Jab|p1a: Porygon2\n|-damage|p1a: Porygon2|0 fnt\n|faint|p1a: Porygon2\n|\n|-heal|p2a: Muk|193/321|[from] item: Leftovers\n|upkeep\n|\n|t:|1782761104\n|switch|p1a: Arceus|Arceus-Steel, L70|284/284 par\n|turn|33\n|\n|t:|1782761111\n|switch|p2a: Appletun|Appletun, L92, M|352/352\n|move|p1a: Arceus|Calm Mind|p1a: Arceus\n|-boost|p1a: Arceus|spa|1\n|-boost|p1a: Arceus|spd|1\n|\n|upkeep\n|turn|34\n|\n|t:|1782761114\n|move|p2a: Appletun|Leech Seed|p1a: Arceus\n|-start|p1a: Arceus|move: Leech Seed\n|cant|p1a: Arceus|par\n|\n|-damage|p1a: Arceus|249/284 par|[from] Leech Seed|[of] p2a: Appletun\n|upkeep\n|turn|35\n|\n|t:|1782761117\n|move|p2a: Appletun|Apple Acid|p1a: Arceus\n|-resisted|p1a: Arceus\n|-damage|p1a: Arceus|217/284 par\n|-unboost|p1a: Arceus|spd|1\n|move|p1a: Arceus|Calm Mind|p1a: Arceus\n|-boost|p1a: Arceus|spa|1\n|-boost|p1a: Arceus|spd|1\n|\n|-damage|p1a: Arceus|182/284 par|[from] Leech Seed|[of] p2a: Appletun\n|upkeep\n|turn|36\n|\n|t:|1782761120\n|move|p2a: Appletun|Apple Acid|p1a: Arceus\n|-resisted|p1a: Arceus\n|-damage|p1a: Arceus|148/284 par\n|-unboost|p1a: Arceus|spd|1\n|move|p1a: Arceus|Judgment|p2a: Appletun\n|-damage|p2a: Appletun|135/352\n|\n|-heal|p2a: Appletun|157/352|[from] item: Leftovers\n|-damage|p1a: Arceus|113/284 par|[from] Leech Seed|[of] p2a: Appletun\n|-heal|p2a: Appletun|192/352|[silent]\n|upkeep\n|turn|37\n|\n|t:|1782761122\n|move|p2a: Appletun|Apple Acid|p1a: Arceus\n|-resisted|p1a: Arceus\n|-damage|p1a: Arceus|67/284 par\n|-unboost|p1a: Arceus|spd|1\n|move|p1a: Arceus|Recover|p1a: Arceus\n|-heal|p1a: Arceus|209/284 par\n|\n|-heal|p2a: Appletun|214/352|[from] item: Leftovers\n|-damage|p1a: Arceus|174/284 par|[from] Leech Seed|[of] p2a: Appletun\n|-heal|p2a: Appletun|249/352|[silent]\n|upkeep\n|turn|38\n|\n|t:|1782761129\n|switch|p1a: Corviknight|Corviknight, L80, M|288/288\n|-ability|p1a: Corviknight|Pressure\n|move|p2a: Appletun|Apple Acid|p1a: Corviknight\n|-resisted|p1a: Corviknight\n|-damage|p1a: Corviknight|260/288\n|-unboost|p1a: Corviknight|spd|1\n|\n|-heal|p1a: Corviknight|278/288|[from] item: Leftovers\n|-heal|p2a: Appletun|271/352|[from] item: Leftovers\n|upkeep\n|turn|39\n|\n|t:|1782761140\n|switch|p2a: Sableye|Sableye, L88, M|231/231 par\n|move|p1a: Corviknight|Brave Bird|p2a: Sableye\n|-damage|p2a: Sableye|111/231 par\n|-damage|p1a: Corviknight|238/288|[from] Recoil\n|\n|-heal|p1a: Corviknight|256/288|[from] item: Leftovers\n|-heal|p2a: Sableye|125/231 par|[from] item: Leftovers\n|upkeep\n|turn|40\n|\n|t:|1782761143\n|move|p2a: Sableye|Thunder Wave|p1a: Corviknight\n|-status|p1a: Corviknight|par\n|move|p1a: Corviknight|Brave Bird|p2a: Sableye\n|-damage|p2a: Sableye|19/231 par\n|-damage|p1a: Corviknight|221/288 par|[from] Recoil\n|\n|-heal|p1a: Corviknight|239/288 par|[from] item: Leftovers\n|-heal|p2a: Sableye|33/231 par|[from] item: Leftovers\n|upkeep\n|turn|41\n|\n|t:|1782761149\n|switch|p2a: Regice|Regice, L88|284/284\n|move|p1a: Corviknight|Brave Bird|p2a: Regice\n|-damage|p2a: Regice|193/284\n|-damage|p1a: Corviknight|209/288 par|[from] Recoil\n|\n|-heal|p1a: Corviknight|227/288 par|[from] item: Leftovers\n|upkeep\n|turn|42\n|\n|t:|1782761154\n|switch|p1a: Delphox|Delphox, L84, M|263/263\n|move|p2a: Regice|Thunderbolt|p1a: Delphox\n|-damage|p1a: Delphox|192/263\n|\n|upkeep\n|turn|43\n|\n|t:|1782761158\n|switch|p2a: Sableye|Sableye, L88, M|33/231 par\n|move|p1a: Delphox|Fire Blast|p2a: Sableye\n|-damage|p2a: Sableye|0 fnt\n|faint|p2a: Sableye\n|\n|upkeep\n|\n|t:|1782761162\n|switch|p2a: Muk|Muk, L86, M|193/321\n|turn|44\n|\n|t:|1782761164\n|switch|p1a: Arceus|Arceus-Steel, L70|174/284 par\n|move|p2a: Muk|Knock Off|p1a: Arceus\n|-damage|p1a: Arceus|124/284 par\n|\n|-heal|p2a: Muk|213/321|[from] item: Leftovers\n|upkeep\n|turn|45\n|\n|t:|1782761169\n|-terastallize|p1a: Arceus|Ghost\n|move|p2a: Muk|Knock Off|p1a: Arceus\n|-supereffective|p1a: Arceus\n|-damage|p1a: Arceus|28/284 par\n|move|p1a: Arceus|Recover|p1a: Arceus\n|-heal|p1a: Arceus|170/284 par\n|\n|-heal|p2a: Muk|233/321|[from] item: Leftovers\n|upkeep\n|turn|46\n|\n|t:|1782761171\n|move|p2a: Muk|Knock Off|p1a: Arceus\n|-supereffective|p1a: Arceus\n|-damage|p1a: Arceus|68/284 par\n|move|p1a: Arceus|Recover|p1a: Arceus\n|-heal|p1a: Arceus|210/284 par\n|\n|-heal|p2a: Muk|253/321|[from] item: Leftovers\n|upkeep\n|turn|47\n|\n|t:|1782761173\n|move|p2a: Muk|Knock Off|p1a: Arceus\n|-supereffective|p1a: Arceus\n|-damage|p1a: Arceus|120/284 par\n|move|p1a: Arceus|Recover|p1a: Arceus\n|-heal|p1a: Arceus|262/284 par\n|\n|-heal|p2a: Muk|273/321|[from] item: Leftovers\n|upkeep\n|turn|48\n|\n|t:|1782761175\n|move|p2a: Muk|Knock Off|p1a: Arceus\n|-supereffective|p1a: Arceus\n|-crit|p1a: Arceus\n|-damage|p1a: Arceus|112/284 par\n|cant|p1a: Arceus|par\n|\n|-heal|p2a: Muk|293/321|[from] item: Leftovers\n|upkeep\n|turn|49\n|\n|t:|1782761178\n|move|p2a: Muk|Knock Off|p1a: Arceus\n|-supereffective|p1a: Arceus\n|-damage|p1a: Arceus|16/284 par\n|move|p1a: Arceus|Recover|p1a: Arceus\n|-heal|p1a: Arceus|158/284 par\n|\n|-heal|p2a: Muk|313/321|[from] item: Leftovers\n|upkeep\n|turn|50\n|\n|t:|1782761180\n|move|p2a: Muk|Knock Off|p1a: Arceus\n|-supereffective|p1a: Arceus\n|-damage|p1a: Arceus|66/284 par\n|move|p1a: Arceus|Recover|p1a: Arceus\n|-heal|p1a: Arceus|208/284 par\n|\n|-heal|p2a: Muk|321/321|[from] item: Leftovers\n|upkeep\n|turn|51\n|\n|t:|1782761184\n|move|p2a: Muk|Knock Off|p1a: Arceus\n|-supereffective|p1a: Arceus\n|-damage|p1a: Arceus|112/284 par\n|move|p1a: Arceus|Earth Power|p2a: Muk\n|-supereffective|p2a: Muk\n|-damage|p2a: Muk|227/321\n|\n|-heal|p2a: Muk|247/321|[from] item: Leftovers\n|upkeep\n|turn|52\n|\n|t:|1782761185\n|move|p2a: Muk|Knock Off|p1a: Arceus\n|-supereffective|p1a: Arceus\n|-damage|p1a: Arceus|6/284 par\n|move|p1a: Arceus|Earth Power|p2a: Muk\n|-supereffective|p2a: Muk\n|-damage|p2a: Muk|141/321\n|\n|-heal|p2a: Muk|161/321|[from] item: Leftovers\n|upkeep\n|turn|53\n|\n|t:|1782761187\n|switch|p1a: Corviknight|Corviknight, L80, M|227/288 par\n|-ability|p1a: Corviknight|Pressure\n|move|p2a: Muk|Knock Off|p1a: Corviknight\n|-damage|p1a: Corviknight|152/288 par\n|-enditem|p1a: Corviknight|Leftovers|[from] move: Knock Off|[of] p2a: Muk\n|\n|-heal|p2a: Muk|181/321|[from] item: Leftovers\n|upkeep\n|turn|54\n|\n|t:|1782761193\n|switch|p2a: Morpeko|Morpeko, L88, F|181/245\n|cant|p1a: Corviknight|par\n|\n|-formechange|p2a: Morpeko|Morpeko-Hangry||[from] ability: Hunger Switch\n|upkeep\n|turn|55\n|\n|t:|1782761197\n|move|p2a: Morpeko|Aura Wheel|p1a: Corviknight\n|-damage|p1a: Corviknight|31/288 par\n|-boost|p2a: Morpeko|spe|1\n|move|p1a: Corviknight|Body Press|p2a: Morpeko\n|-supereffective|p2a: Morpeko\n|-damage|p2a: Morpeko|33/245\n|\n|-formechange|p2a: Morpeko|Morpeko||[from] ability: Hunger Switch\n|upkeep\n|turn|56\n|\n|t:|1782761199\n|switch|p1a: Arceus|Arceus-Steel, L70, tera:Ghost|6/284 par\n|move|p2a: Morpeko|Aura Wheel|p1a: Arceus\n|-damage|p1a: Arceus|0 fnt\n|-boost|p2a: Morpeko|spe|1\n|faint|p1a: Arceus\n|\n|-formechange|p2a: Morpeko|Morpeko-Hangry||[from] ability: Hunger Switch\n|upkeep\n|\n|t:|1782761200\n|switch|p1a: Corviknight|Corviknight, L80, M|31/288 par\n|-ability|p1a: Corviknight|Pressure\n|turn|57\n|\n|t:|1782761202\n|switch|p1a: Floatzel|Floatzel, L86, F|157/286 par\n|move|p2a: Morpeko|Aura Wheel|p1a: Floatzel\n|-damage|p1a: Floatzel|0 fnt\n|-boost|p2a: Morpeko|spe|1\n|faint|p1a: Floatzel\n|\n|-formechange|p2a: Morpeko|Morpeko||[from] ability: Hunger Switch\n|upkeep\n|\n|t:|1782761203\n|switch|p1a: Delphox|Delphox, L84, M|192/263\n|turn|58\n|\n|t:|1782761205\n|move|p2a: Morpeko|Protect|p2a: Morpeko\n|-singleturn|p2a: Morpeko|Protect\n|move|p1a: Delphox|Focus Blast|p2a: Morpeko\n|-activate|p2a: Morpeko|move: Protect\n|\n|-formechange|p2a: Morpeko|Morpeko-Hangry||[from] ability: Hunger Switch\n|upkeep\n|turn|59\n|\n|t:|1782761208\n|move|p2a: Morpeko|Aura Wheel|p1a: Delphox\n|-supereffective|p1a: Delphox\n|-damage|p1a: Delphox|0 fnt\n|-boost|p2a: Morpeko|spe|1\n|faint|p1a: Delphox\n|\n|-formechange|p2a: Morpeko|Morpeko||[from] ability: Hunger Switch\n|upkeep\n|\n|t:|1782761208\n|switch|p1a: Corviknight|Corviknight, L80, M|31/288 par\n|-ability|p1a: Corviknight|Pressure\n|turn|60\n|\n|t:|1782761210\n|move|p2a: Morpeko|Aura Wheel|p1a: Corviknight\n|-supereffective|p1a: Corviknight\n|-damage|p1a: Corviknight|0 fnt\n|-boost|p2a: Morpeko|spe|1\n|faint|p1a: Corviknight\n|\n|win|ban Freezai\n|raw|notmetbh102's rating: 2304 &rarr; <strong>2281</strong><br />(-23 for losing)\n|raw|ban Freezai's rating: 2259 &rarr; <strong>2282</strong><br />(+23 for winning)\n|c|\u2606notmetbh102|gg\n", "inputlog": ">version f8ac14003a5f27e1bdc8d8c59608a773c1cb96e5\n>start {\"formatid\":\"gen9randombattle\",\"seed\":\"sodium,30fed8ac1786d69ed38c6b7748a22330\",\"rated\":\"Rated battle\"}\n>player p1 {\"name\":\"notmetbh102\",\"avatar\":\"2\",\"rating\":2304,\"seed\":\"sodium,e10564b5af894620637d6fa2426f528f\"}\n>player p2 {\"name\":\"ban Freezai\",\"avatar\":\"169\",\"rating\":2259,\"seed\":\"sodium,0015ad0d3e2e69d093e349e46587657b\"}\n>chat \u2606notmetbh102|hf\n>p1 move calmmind\n>p2 move thunderwave\n>p1 move earthpower\n>p2 move encore\n>p1 move calmmind\n>p2 move encore\n>p1 move calmmind\n>p2 move knockoff\n>p1 move judgment\n>p2 move encore\n>p1 move calmmind\n>p2 move knockoff\n>p1 switch 5\n>p2 move knockoff\n>p1 move icebeam\n>p2 move thunderwave\n>p1 move icebeam\n>p2 move knockoff\n>p1 move hydropump\n>p2 move recover\n>p1 switch 6\n>p2 switch 3\n>p1 move bravebird\n>p2 switch 6\n>p1 move bodypress\n>p2 move protect\n>p1 switch 2\n>p2 move aurawheel\n>p1 move recover\n>p2 move partingshot\n>p2 switch 3\n>p1 switch 5\n>p2 move encore\n>p1 move judgment\n>p2 move knockoff\n>p1 move recover\n>p2 move recover\n>p1 move judgment\n>p2 move encore\n>p1 switch 5\n>p2 move knockoff\n>p1 move shadowball\n>p2 move thunderwave\n>p1 switch 4\n>p2 move knockoff\n>p1 move flipturn\n>p2 move thunderwave\n>p1 switch 4\n>p1 move shadowball\n>p2 move knockoff\n>p1 move recover\n>p2 move knockoff\n>p1 move shadowball\n>p2 move encore\n>p1 switch 6\n>p2 move knockoff\n>p1 move hydropump\n>p2 move knockoff\n>p1 switch 6\n>p1 move thunderwave\n>p2 move knockoff\n>p1 move shadowball\n>p2 switch 2\n>p1 move terablast\n>p2 move poisonjab\n>p1 move recover\n>p2 move poisonjab\n>p1 switch 5\n>p1 move calmmind\n>p2 switch 6\n>p1 move calmmind\n>p2 move leechseed\n>p1 move calmmind\n>p2 move appleacid\n>p1 move judgment\n>p2 move appleacid\n>p1 move recover\n>p2 move appleacid\n>p1 switch 2\n>p2 move appleacid\n>p1 move bravebird\n>p2 switch 2\n>p1 move bravebird\n>p2 move thunderwave\n>p1 move bravebird\n>p2 switch 5\n>p1 switch 3\n>p2 move thunderbolt\n>p1 move fireblast\n>p2 switch 5\n>p2 switch 6\n>p1 switch 2\n>p2 move knockoff\n>p1 move recover terastallize\n>p2 move knockoff\n>p1 move recover\n>p2 move knockoff\n>p1 move recover\n>p2 move knockoff\n>p1 move recover\n>p2 move knockoff\n>p1 move recover\n>p2 move knockoff\n>p1 move recover\n>p2 move knockoff\n>p1 move earthpower\n>p2 move knockoff\n>p1 move earthpower\n>p2 move knockoff\n>p1 switch 3\n>p2 move knockoff\n>p1 move bodypress\n>p2 switch 3\n>p1 move bodypress\n>p2 move aurawheel\n>p1 switch 3\n>p2 move aurawheel\n>p1 switch 3\n>p1 switch 4\n>p2 move aurawheel\n>p1 switch 2\n>p1 move focusblast\n>p2 move protect\n>p1 move focusblast\n>p2 move aurawheel\n>p1 switch 4\n>p1 move bravebird\n>p2 move aurawheel", "uploadtime": 1782761210, "views": 8, "formatid": "gen9randombattle", "rating": 2281, "private": 0, "password": null, "player_dets": [{"name": "notmetbh102", "avatar": "2", "rating": 2304, "seed": "sodium,e10564b5af894620637d6fa2426f528f"}, {"name": "ban Freezai", "avatar": "169", "rating": 2259, "seed": "sodium,0015ad0d3e2e69d093e349e46587657b"}], "teams_full": [{"Arceus": {"name": "Arceus", "species": "Arceus-Steel", "speciesId": "arceussteel", "gender": "N", "shiny": false, "level": 70, "moves": ["calmmind", "earthpower", "recover", "judgment"], "ability": "Multitype", "evs": {"hp": 85, "atk": 0, "def": 85, "spa": 85, "spd": 85, "spe": 85}, "ivs": {"hp": 31, "atk": 0, "def": 31, "spa": 31, "spd": 31, "spe": 31}, "item": "Iron Plate", "teraType": "Ghost", "role": "Bulky Setup", "bvs": {"hp": 120, "atk": 120, "def": 120, "spa": 120, "spd": 120, "spe": 120}, "stats": {"hp": 284, "atk": 173, "def": 209, "spa": 209, "spd": 209, "spe": 209}, "types": ["Steel"]}, "Porygon2": {"name": "Porygon2", "species": "Porygon2", "speciesId": "porygon2", "gender": "N", "shiny": false, "level": 81, "moves": ["recover", "thunderwave", "shadowball", "terablast"], "ability": "Download", "evs": {"hp": 85, "atk": 85, "def": 85, "spa": 85, "spd": 85, "spe": 85}, "ivs": {"hp": 31, "atk": 31, "def": 31, "spa": 31, "spd": 31, "spe": 31}, "item": "Eviolite", "teraType": "Fighting", "role": "Tera Blast user", "bvs": {"hp": 85, "atk": 80, "def": 90, "spa": 105, "spd": 95, "spe": 60}, "stats": {"hp": 270, "atk": 176, "def": 192, "spa": 217, "spd": 201, "spe": 144}, "types": ["Normal"]}, "Delphox": {"name": "Delphox", "species": "Delphox", "speciesId": "delphox", "gender": "M", "shiny": false, "level": 84, "moves": ["fireblast", "grassknot", "focusblast", "psyshock"], "ability": "Blaze", "evs": {"hp": 85, "atk": 0, "def": 85, "spa": 85, "spd": 85, "spe": 85}, "ivs": {"hp": 31, "atk": 0, "def": 31, "spa": 31, "spd": 31, "spe": 31}, "item": "Choice Scarf", "teraType": "Fighting", "role": "Fast Attacker", "bvs": {"hp": 75, "atk": 69, "def": 72, "spa": 114, "spd": 100, "spe": 104}, "stats": {"hp": 263, "atk": 120, "def": 169, "spa": 240, "spd": 216, "spe": 223}, "types": ["Fire", "Psychic"]}, "Floatzel": {"name": "Floatzel", "species": "Floatzel", "speciesId": "floatzel", "gender": "F", "shiny": false, "level": 86, "moves": ["icespinner", "crunch", "flipturn", "wavecrash"], "ability": "Water Veil", "evs": {"hp": 85, "atk": 85, "def": 85, "spa": 85, "spd": 85, "spe": 85}, "ivs": {"hp": 31, "atk": 31, "def": 31, "spa": 31, "spd": 31, "spe": 31}, "item": "Choice Band", "teraType": "Water", "role": "Wallbreaker", "bvs": {"hp": 85, "atk": 105, "def": 55, "spa": 85, "spd": 50, "spe": 115}, "stats": {"hp": 286, "atk": 230, "def": 144, "spa": 195, "spd": 135, "spe": 247}, "types": ["Water"]}, "Blastoise": {"name": "Blastoise", "species": "Blastoise", "speciesId": "blastoise", "gender": "F", "shiny": false, "level": 80, "moves": ["earthquake", "icebeam", "hydropump", "shellsmash"], "ability": "Torrent", "evs": {"hp": 85, "atk": 85, "def": 85, "spa": 85, "spd": 85, "spe": 85}, "ivs": {"hp": 31, "atk": 31, "def": 31, "spa": 31, "spd": 31, "spe": 31}, "item": "White Herb", "teraType": "Ground", "role": "Setup Sweeper", "bvs": {"hp": 79, "atk": 83, "def": 100, "spa": 85, "spd": 105, "spe": 78}, "stats": {"hp": 258, "atk": 179, "def": 206, "spa": 182, "spd": 214, "spe": 171}, "types": ["Water"]}, "Corviknight": {"name": "Corviknight", "species": "Corviknight", "speciesId": "corviknight", "gender": "M", "shiny": false, "level": 80, "moves": ["defog", "bodypress", "roost", "bravebird"], "ability": "Pressure", "evs": {"hp": 85, "atk": 85, "def": 85, "spa": 85, "spd": 85, "spe": 85}, "ivs": {"hp": 31, "atk": 31, "def": 31, "spa": 31, "spd": 31, "spe": 31}, "item": "Leftovers", "teraType": "Dragon", "role": "Bulky Support", "bvs": {"hp": 98, "atk": 87, "def": 105, "spa": 53, "spd": 85, "spe": 67}, "stats": {"hp": 288, "atk": 185, "def": 214, "spa": 131, "spd": 182, "spe": 153}, "types": ["Flying", "Steel"]}}, {"Sableye": {"name": "Sableye", "species": "Sableye", "speciesId": "sableye", "gender": "M", "shiny": false, "level": 88, "moves": ["knockoff", "thunderwave", "encore", "recover"], "ability": "Prankster", "evs": {"hp": 85, "atk": 85, "def": 85, "spa": 85, "spd": 85, "spe": 85}, "ivs": {"hp": 31, "atk": 31, "def": 31, "spa": 31, "spd": 31, "spe": 31}, "item": "Leftovers", "teraType": "Steel", "role": "Bulky Support", "bvs": {"hp": 50, "atk": 75, "def": 75, "spa": 65, "spd": 65, "spe": 50}, "stats": {"hp": 231, "atk": 182, "def": 182, "spa": 165, "spd": 165, "spe": 138}, "types": ["Dark", "Ghost"]}, "Muk": {"name": "Muk", "species": "Muk", "speciesId": "muk", "gender": "M", "shiny": false, "level": 86, "moves": ["icepunch", "haze", "poisonjab", "knockoff"], "ability": "Poison Touch", "evs": {"hp": 85, "atk": 85, "def": 85, "spa": 85, "spd": 85, "spe": 85}, "ivs": {"hp": 31, "atk": 31, "def": 31, "spa": 31, "spd": 31, "spe": 31}, "item": "Leftovers", "teraType": "Dark", "role": "Bulky Attacker", "bvs": {"hp": 105, "atk": 105, "def": 75, "spa": 65, "spd": 100, "spe": 50}, "stats": {"hp": 321, "atk": 230, "def": 178, "spa": 161, "spd": 221, "spe": 135}, "types": ["Poison"]}, "Appletun": {"name": "Appletun", "species": "Appletun", "speciesId": "appletun", "gender": "M", "shiny": false, "level": 92, "moves": ["leechseed", "dragonpulse", "appleacid", "recover"], "ability": "Thick Fat", "evs": {"hp": 85, "atk": 0, "def": 85, "spa": 85, "spd": 85, "spe": 85}, "ivs": {"hp": 31, "atk": 0, "def": 31, "spa": 31, "spd": 31, "spe": 31}, "item": "Leftovers", "teraType": "Steel", "role": "Bulky Attacker", "bvs": {"hp": 110, "atk": 85, "def": 80, "spa": 100, "spd": 80, "spe": 30}, "stats": {"hp": 352, "atk": 161, "def": 200, "spa": 236, "spd": 200, "spe": 108}, "types": ["Grass", "Dragon"]}, "Espathra": {"name": "Espathra", "species": "Espathra", "speciesId": "espathra", "gender": "F", "shiny": false, "level": 80, "moves": ["dazzlinggleam", "protect", "storedpower", "calmmind"], "ability": "Speed Boost", "evs": {"hp": 85, "atk": 0, "def": 85, "spa": 85, "spd": 85, "spe": 85}, "ivs": {"hp": 31, "atk": 0, "def": 31, "spa": 31, "spd": 31, "spe": 31}, "item": "Leftovers", "teraType": "Fairy", "role": "Fast Bulky Setup", "bvs": {"hp": 95, "atk": 60, "def": 60, "spa": 101, "spd": 60, "spe": 105}, "stats": {"hp": 283, "atk": 101, "def": 142, "spa": 208, "spd": 142, "spe": 214}, "types": ["Psychic"]}, "Regice": {"name": "Regice", "species": "Regice", "speciesId": "regice", "gender": "N", "shiny": false, "level": 88, "moves": ["icebeam", "rest", "thunderbolt", "sleeptalk"], "ability": "Clear Body", "evs": {"hp": 85, "atk": 0, "def": 85, "spa": 85, "spd": 85, "spe": 85}, "ivs": {"hp": 31, "atk": 0, "def": 31, "spa": 31, "spd": 31, "spe": 31}, "item": "Heavy-Duty Boots", "teraType": "Electric", "role": "Bulky Attacker", "bvs": {"hp": 80, "atk": 50, "def": 100, "spa": 100, "spd": 200, "spe": 50}, "stats": {"hp": 284, "atk": 93, "def": 226, "spa": 226, "spd": 402, "spe": 138}, "types": ["Ice"]}, "Morpeko": {"name": "Morpeko", "species": "Morpeko", "speciesId": "morpeko", "gender": "F", "shiny": false, "level": 88, "moves": ["aurawheel", "rapidspin", "partingshot", "protect"], "ability": "Hunger Switch", "evs": {"hp": 85, "atk": 85, "def": 85, "spa": 85, "spd": 85, "spe": 85}, "ivs": {"hp": 31, "atk": 31, "def": 31, "spa": 31, "spd": 31, "spe": 31}, "item": "Heavy-Duty Boots", "teraType": "Electric", "role": "Fast Support", "bvs": {"hp": 58, "atk": 95, "def": 58, "spa": 70, "spd": 58, "spe": 97}, "stats": {"hp": 245, "atk": 217, "def": 152, "spa": 173, "spd": 152, "spe": 221}, "types": ["Electric", "Dark"]}}]}