{"id": "gen9randombattle-2641300951", "format": "[Gen 9] Random Battle", "players": ["Lord Doryphore", "milkreo"], "log": "|badge|p2|silver|gen9randombattle|30-9\n|html|<div class=\"broadcast-red\"><strong>This battle is required to be public due to one or more player having a season medal.</strong><br />During the public phase, you can discuss the state of the ladder <a href=\"/seasondiscussion\">in a special chatroom.</a></div>\n|uhtml|medal-msg|<div class=\"broadcast-blue\">Curious what those medals under the avatar are? PS now has Ladder Seasons! For more information, check out the <a href=\"https://www.smogon.com/forums/threads/3740067/\">thread on Smogon.</a></div>\n|j|\u2606Lord Doryphore\n|j|\u2606milkreo\n|t:|1782765098\n|gametype|singles\n|player|p1|Lord Doryphore|lady-gen4|2309\n|player|p2|milkreo|102|2468\n|gen|9\n|tier|[Gen 9] Random Battle\n|rated|\n|rule|Species Clause: Limit one of each Pok\u00e9mon\n|rule|HP Percentage Mod: HP is shown in percentages\n|rule|Sleep Clause Mod: Limit one foe put to sleep\n|rule|Illusion Level Mod: Illusion disguises the Pok\u00e9mon's true level\n|\n|t:|1782765098\n|teamsize|p1|6\n|teamsize|p2|6\n|start\n|switch|p1a: Glastrier|Glastrier, L86|311/311\n|switch|p2a: Wugtrio|Wugtrio, L91, F|212/212\n|turn|1\n|\n|t:|1782765115\n|switch|p2a: Misdreavus|Misdreavus, L90, F|254/254\n|move|p1a: Glastrier|Close Combat|p2a: Misdreavus\n|-immune|p2a: Misdreavus\n|\n|upkeep\n|turn|2\n|\n|t:|1782765125\n|switch|p1a: Chansey|Chansey, L85, F|564/564\n|move|p2a: Misdreavus|Will-O-Wisp|p1a: Chansey\n|-status|p1a: Chansey|brn\n|\n|-damage|p1a: Chansey|529/564 brn|[from] brn\n|upkeep\n|turn|3\n|\n|t:|1782765142\n|move|p2a: Misdreavus|Calm Mind|p2a: Misdreavus\n|-boost|p2a: Misdreavus|spa|1\n|-boost|p2a: Misdreavus|spd|1\n|move|p1a: Chansey|Thunder Wave|p2a: Misdreavus\n|-status|p2a: Misdreavus|par\n|\n|-damage|p1a: Chansey|494/564 brn|[from] brn\n|upkeep\n|turn|4\n|\n|t:|1782765152\n|-curestatus|p1a: Chansey|brn|[from] ability: Natural Cure|[silent]\n|switch|p1a: Wo-Chien|Wo-Chien, L83|277/277\n|-ability|p1a: Wo-Chien|Tablets of Ruin\n|move|p2a: Misdreavus|Shadow Ball|p1a: Wo-Chien\n|-resisted|p1a: Wo-Chien\n|-damage|p1a: Wo-Chien|232/277\n|\n|-heal|p1a: Wo-Chien|249/277|[from] item: Leftovers\n|upkeep\n|turn|5\n|\n|t:|1782765159\n|switch|p2a: Cobalion|Cobalion, L80|277/277\n|move|p1a: Wo-Chien|Knock Off|p2a: Cobalion\n|-resisted|p2a: Cobalion\n|-damage|p2a: Cobalion|242/277\n|-ability|p2a: Cobalion|Justified|boost\n|-boost|p2a: Cobalion|atk|1\n|-enditem|p2a: Cobalion|Life Orb|[from] move: Knock Off|[of] p1a: Wo-Chien\n|\n|-heal|p1a: Wo-Chien|266/277|[from] item: Leftovers\n|upkeep\n|turn|6\n|\n|t:|1782765169\n|move|p2a: Cobalion|Swords Dance|p2a: Cobalion\n|-boost|p2a: Cobalion|atk|2\n|move|p1a: Wo-Chien|Stun Spore|p2a: Cobalion\n|-status|p2a: Cobalion|par\n|\n|-heal|p1a: Wo-Chien|277/277|[from] item: Leftovers\n|upkeep\n|turn|7\n|\n|t:|1782765181\n|switch|p1a: Charizard|Charizard, L85, F|271/271\n|cant|p2a: Cobalion|par\n|\n|upkeep\n|turn|8\n|\n|t:|1782765202\n|switch|p2a: Wugtrio|Wugtrio, L91, F|212/212\n|move|p1a: Charizard|Flare Blitz|p2a: Wugtrio\n|-resisted|p2a: Wugtrio\n|-damage|p2a: Wugtrio|128/212\n|-ability|p2a: Wugtrio|Gooey\n|-unboost|p1a: Charizard|spe|1\n|-damage|p1a: Charizard|243/271|[from] Recoil\n|\n|upkeep\n|turn|9\n|\n|t:|1782765209\n|switch|p2a: Cobalion|Cobalion, L80|242/277 par\n|switch|p1a: Wo-Chien|Wo-Chien, L83|277/277\n|-ability|p1a: Wo-Chien|Tablets of Ruin\n|\n|upkeep\n|turn|10\n|\n|t:|1782765213\n|switch|p1a: Charizard|Charizard, L85, F|243/271\n|cant|p2a: Cobalion|par\n|\n|upkeep\n|turn|11\n|\n|t:|1782765221\n|move|p1a: Charizard|Flare Blitz|p2a: Cobalion\n|-supereffective|p2a: Cobalion\n|-damage|p2a: Cobalion|74/277 par\n|-damage|p1a: Charizard|188/271|[from] Recoil\n|move|p2a: Cobalion|Stone Edge|p1a: Charizard\n|-supereffective|p1a: Charizard\n|-damage|p1a: Charizard|0 fnt\n|faint|p1a: Charizard\n|\n|upkeep\n|\n|t:|1782765228\n|switch|p1a: Oricorio|Oricorio-Pom-Pom, L82, M|257/257\n|turn|12\n|\n|t:|1782765232\n|switch|p2a: Hypno|Hypno, L95, F|315/315\n|move|p1a: Oricorio|Quiver Dance|p1a: Oricorio\n|-boost|p1a: Oricorio|spa|1\n|-boost|p1a: Oricorio|spd|1\n|-boost|p1a: Oricorio|spe|1\n|\n|upkeep\n|turn|13\n|\n|t:|1782765235\n|switch|p1a: Wo-Chien|Wo-Chien, L83|277/277\n|-ability|p1a: Wo-Chien|Tablets of Ruin\n|move|p2a: Hypno|Toxic|p1a: Wo-Chien\n|-status|p1a: Wo-Chien|tox\n|\n|-damage|p1a: Wo-Chien|260/277 tox|[from] psn\n|upkeep\n|turn|14\n|\n|t:|1782765241\n|switch|p2a: Cobalion|Cobalion, L80|74/277 par\n|move|p1a: Wo-Chien|Giga Drain|p2a: Cobalion\n|-resisted|p2a: Cobalion\n|-damage|p2a: Cobalion|27/277 par\n|-heal|p1a: Wo-Chien|277/277 tox|[from] drain|[of] p2a: Cobalion\n|\n|-damage|p1a: Wo-Chien|243/277 tox|[from] psn\n|upkeep\n|turn|15\n|\n|t:|1782765249\n|move|p1a: Wo-Chien|Giga Drain|p2a: Cobalion\n|-resisted|p2a: Cobalion\n|-damage|p2a: Cobalion|0 fnt\n|-heal|p1a: Wo-Chien|257/277 tox|[from] drain|[of] p2a: Cobalion\n|faint|p2a: Cobalion\n|\n|-heal|p1a: Wo-Chien|274/277 tox|[from] item: Leftovers\n|-damage|p1a: Wo-Chien|223/277 tox|[from] psn\n|upkeep\n|\n|t:|1782765252\n|switch|p2a: Falinks|Falinks, L84|246/246\n|turn|16\n|\n|t:|1782765261\n|switch|p1a: Wyrdeer|Wyrdeer, L87, M|321/321\n|-ability|p1a: Wyrdeer|Intimidate|boost\n|-unboost|p2a: Falinks|atk|1\n|-ability|p2a: Falinks|Defiant|boost\n|-boost|p2a: Falinks|atk|2\n|move|p2a: Falinks|Close Combat|p1a: Wyrdeer\n|-damage|p1a: Wyrdeer|31/321\n|-unboost|p2a: Falinks|def|1\n|-unboost|p2a: Falinks|spd|1\n|-damage|p2a: Falinks|222/246|[from] item: Life Orb\n|\n|-heal|p1a: Wyrdeer|51/321|[from] item: Leftovers\n|upkeep\n|turn|17\n|\n|t:|1782765268\n|switch|p1a: Oricorio|Oricorio-Pom-Pom, L82, M|257/257\n|move|p2a: Falinks|Knock Off|p1a: Oricorio\n|-damage|p1a: Oricorio|92/257\n|-enditem|p1a: Oricorio|Heavy-Duty Boots|[from] move: Knock Off|[of] p2a: Falinks\n|-damage|p2a: Falinks|198/246|[from] item: Life Orb\n|\n|upkeep\n|turn|18\n|\n|t:|1782765271\n|switch|p2a: Hypno|Hypno, L95, F|315/315\n|move|p1a: Oricorio|Hurricane|p2a: Hypno\n|-damage|p2a: Hypno|231/315\n|\n|-heal|p2a: Hypno|250/315|[from] item: Leftovers\n|upkeep\n|turn|19\n|\n|t:|1782765278\n|switch|p1a: Wo-Chien|Wo-Chien, L83|223/277 tox\n|-ability|p1a: Wo-Chien|Tablets of Ruin\n|move|p2a: Hypno|Toxic|p1a: Wo-Chien\n|-fail|p1a: Wo-Chien|tox\n|\n|-heal|p2a: Hypno|269/315|[from] item: Leftovers\n|-heal|p1a: Wo-Chien|240/277 tox|[from] item: Leftovers\n|-damage|p1a: Wo-Chien|223/277 tox|[from] psn\n|upkeep\n|turn|20\n|inactive|Battle timer is ON: inactive players will automatically lose when time's up. (requested by Lord Doryphore)\n|\n|t:|1782765345\n|switch|p2a: Iron Bundle|Iron Bundle, L78|215/215\n|move|p1a: Wo-Chien|Stun Spore|p2a: Iron Bundle\n|-status|p2a: Iron Bundle|par\n|\n|-heal|p1a: Wo-Chien|240/277 tox|[from] item: Leftovers\n|-damage|p1a: Wo-Chien|206/277 tox|[from] psn\n|upkeep\n|turn|21\n|\n|t:|1782765359\n|move|p1a: Wo-Chien|Giga Drain|p2a: Iron Bundle\n|-supereffective|p2a: Iron Bundle\n|-damage|p2a: Iron Bundle|9/215 par\n|-heal|p1a: Wo-Chien|277/277 tox|[from] drain|[of] p2a: Iron Bundle\n|cant|p2a: Iron Bundle|par\n|\n|-damage|p1a: Wo-Chien|226/277 tox|[from] psn\n|upkeep\n|turn|22\n|\n|t:|1782765364\n|move|p1a: Wo-Chien|Giga Drain|p2a: Iron Bundle\n|-supereffective|p2a: Iron Bundle\n|-damage|p2a: Iron Bundle|0 fnt\n|-heal|p1a: Wo-Chien|231/277 tox|[from] drain|[of] p2a: Iron Bundle\n|faint|p2a: Iron Bundle\n|-end|p2a: Iron Bundle|Quark Drive|[silent]\n|\n|-heal|p1a: Wo-Chien|248/277 tox|[from] item: Leftovers\n|-damage|p1a: Wo-Chien|180/277 tox|[from] psn\n|upkeep\n|\n|t:|1782765365\n|switch|p2a: Falinks|Falinks, L84|198/246\n|turn|23\n|\n|t:|1782765385\n|-terastallize|p1a: Wo-Chien|Poison\n|move|p2a: Falinks|No Retreat|p2a: Falinks\n|-boost|p2a: Falinks|atk|1\n|-boost|p2a: Falinks|def|1\n|-boost|p2a: Falinks|spa|1\n|-boost|p2a: Falinks|spd|1\n|-boost|p2a: Falinks|spe|1\n|-start|p2a: Falinks|move: No Retreat\n|move|p1a: Wo-Chien|Stun Spore|p2a: Falinks\n|-status|p2a: Falinks|par\n|\n|-heal|p1a: Wo-Chien|197/277 tox|[from] item: Leftovers\n|-damage|p1a: Wo-Chien|112/277 tox|[from] psn\n|upkeep\n|turn|24\n|\n|t:|1782765392\n|move|p1a: Wo-Chien|Ruination|p2a: Falinks\n|-damage|p2a: Falinks|99/246 par\n|move|p2a: Falinks|Knock Off|p1a: Wo-Chien\n|-damage|p1a: Wo-Chien|11/277 tox\n|-enditem|p1a: Wo-Chien|Leftovers|[from] move: Knock Off|[of] p2a: Falinks\n|-damage|p2a: Falinks|75/246 par|[from] item: Life Orb\n|\n|-damage|p1a: Wo-Chien|0 fnt|[from] psn\n|faint|p1a: Wo-Chien\n|upkeep\n|\n|t:|1782765407\n|switch|p1a: Wyrdeer|Wyrdeer, L87, M|51/321\n|-ability|p1a: Wyrdeer|Intimidate|boost\n|-unboost|p2a: Falinks|atk|1\n|-ability|p2a: Falinks|Defiant|boost\n|-boost|p2a: Falinks|atk|2\n|turn|25\n|\n|t:|1782765415\n|move|p1a: Wyrdeer|Psychic Noise|p2a: Falinks\n|-supereffective|p2a: Falinks\n|-damage|p2a: Falinks|0 fnt\n|faint|p2a: Falinks\n|\n|-heal|p1a: Wyrdeer|71/321|[from] item: Leftovers\n|upkeep\n|\n|t:|1782765426\n|switch|p2a: Wugtrio|Wugtrio, L91, F|128/212\n|turn|26\n|inactive|Lord Doryphore has 120 seconds left.\n|\n|t:|1782765459\n|switch|p1a: Oricorio|Oricorio-Pom-Pom, L82, M|92/257\n|move|p2a: Wugtrio|Liquidation|p1a: Oricorio\n|-damage|p1a: Oricorio|0 fnt\n|faint|p1a: Oricorio\n|\n|upkeep\n|inactive|Lord Doryphore has 120 seconds left.\n|\n|t:|1782765469\n|switch|p1a: Glastrier|Glastrier, L86|311/311\n|turn|27\n|\n|t:|1782765494\n|move|p2a: Wugtrio|Liquidation|p1a: Glastrier\n|-damage|p1a: Glastrier|193/311\n|move|p1a: Glastrier|Icicle Crash|p2a: Wugtrio\n|-resisted|p2a: Wugtrio\n|-damage|p2a: Wugtrio|5/212\n|\n|upkeep\n|turn|28\n|inactive|milkreo has 120 seconds left.\n|\n|t:|1782765514\n|move|p2a: Wugtrio|Liquidation|p1a: Glastrier\n|-damage|p1a: Glastrier|75/311\n|-unboost|p1a: Glastrier|def|1\n|move|p1a: Glastrier|Icicle Crash|p2a: Wugtrio\n|-resisted|p2a: Wugtrio\n|-damage|p2a: Wugtrio|0 fnt\n|faint|p2a: Wugtrio\n|-ability|p1a: Glastrier|Chilling Neigh|boost\n|-boost|p1a: Glastrier|atk|1\n|\n|upkeep\n|\n|t:|1782765518\n|switch|p2a: Hypno|Hypno, L95, F|269/315\n|turn|29\n|\n|t:|1782765525\n|switch|p1a: Chansey|Chansey, L85, F|494/564\n|move|p2a: Hypno|Knock Off|p1a: Chansey\n|-damage|p1a: Chansey|320/564\n|-enditem|p1a: Chansey|Eviolite|[from] move: Knock Off|[of] p2a: Hypno\n|\n|-heal|p2a: Hypno|288/315|[from] item: Leftovers\n|upkeep\n|turn|30\n|\n|t:|1782765542\n|switch|p2a: Misdreavus|Misdreavus, L90, F|254/254 par\n|move|p1a: Chansey|Soft-Boiled|p1a: Chansey\n|-heal|p1a: Chansey|564/564\n|\n|upkeep\n|turn|31\n|\n|t:|1782765554\n|switch|p1a: Wyrdeer|Wyrdeer, L87, M|71/321\n|-ability|p1a: Wyrdeer|Intimidate|boost\n|-unboost|p2a: Misdreavus|atk|1\n|cant|p2a: Misdreavus|par\n|\n|-heal|p1a: Wyrdeer|91/321|[from] item: Leftovers\n|upkeep\n|turn|32\n|\n|t:|1782765564\n|switch|p2a: Hypno|Hypno, L95, F|288/315\n|move|p1a: Wyrdeer|Thunder Wave|p2a: Hypno|[miss]\n|-miss|p1a: Wyrdeer|p2a: Hypno\n|\n|-heal|p2a: Hypno|307/315|[from] item: Leftovers\n|-heal|p1a: Wyrdeer|111/321|[from] item: Leftovers\n|upkeep\n|turn|33\n|\n|t:|1782765576\n|switch|p2a: Misdreavus|Misdreavus, L90, F|254/254 par\n|switch|p1a: Chansey|Chansey, L85, F|564/564\n|\n|upkeep\n|turn|34\n|\n|t:|1782765585\n|switch|p1a: Wyrdeer|Wyrdeer, L87, M|111/321\n|-ability|p1a: Wyrdeer|Intimidate|boost\n|-unboost|p2a: Misdreavus|atk|1\n|move|p2a: Misdreavus|Will-O-Wisp|p1a: Wyrdeer\n|-status|p1a: Wyrdeer|brn\n|\n|-heal|p1a: Wyrdeer|131/321 brn|[from] item: Leftovers\n|-damage|p1a: Wyrdeer|111/321 brn|[from] brn\n|upkeep\n|turn|35\n|\n|t:|1782765597\n|switch|p2a: Hypno|Hypno, L95, F|307/315\n|move|p1a: Wyrdeer|Psychic Noise|p2a: Hypno\n|-resisted|p2a: Hypno\n|-damage|p2a: Hypno|273/315\n|-start|p2a: Hypno|move: Heal Block\n|\n|-heal|p1a: Wyrdeer|131/321 brn|[from] item: Leftovers\n|-damage|p1a: Wyrdeer|111/321 brn|[from] brn\n|upkeep\n|turn|36\n|\n|t:|1782765606\n|switch|p1a: Chansey|Chansey, L85, F|564/564\n|move|p2a: Hypno|Knock Off|p1a: Chansey\n|-damage|p1a: Chansey|408/564\n|\n|-end|p2a: Hypno|move: Heal Block\n|upkeep\n|turn|37\n|\n|t:|1782765610\n|switch|p2a: Misdreavus|Misdreavus, L90, F|254/254 par\n|move|p1a: Chansey|Heal Bell|p1a: Chansey\n|-activate|p1a: Chansey|move: Heal Bell\n|-curestatus|p1: Wyrdeer|brn|[msg]\n|\n|upkeep\n|turn|38\n|\n|t:|1782765622\n|move|p1a: Chansey|Soft-Boiled|p1a: Chansey\n|-heal|p1a: Chansey|564/564\n|move|p2a: Misdreavus|Draining Kiss|p1a: Chansey\n|-damage|p1a: Chansey|532/564\n|\n|upkeep\n|turn|39\n|\n|t:|1782765626\n|switch|p1a: Wyrdeer|Wyrdeer, L87, M|111/321\n|-ability|p1a: Wyrdeer|Intimidate|boost\n|-unboost|p2a: Misdreavus|atk|1\n|move|p2a: Misdreavus|Draining Kiss|p1a: Wyrdeer\n|-damage|p1a: Wyrdeer|68/321\n|\n|-heal|p1a: Wyrdeer|88/321|[from] item: Leftovers\n|upkeep\n|turn|40\n|\n|t:|1782765636\n|switch|p2a: Hypno|Hypno, L95, F|273/315\n|move|p1a: Wyrdeer|Thunder Wave|p2a: Hypno|[miss]\n|-miss|p1a: Wyrdeer|p2a: Hypno\n|\n|-heal|p2a: Hypno|292/315|[from] item: Leftovers\n|-heal|p1a: Wyrdeer|108/321|[from] item: Leftovers\n|upkeep\n|turn|41\n|c|\u2606Lord Doryphore|bruh\n|\n|t:|1782765646\n|switch|p1a: Chansey|Chansey, L85, F|532/564\n|move|p2a: Hypno|Knock Off|p1a: Chansey\n|-damage|p1a: Chansey|381/564\n|\n|-heal|p2a: Hypno|311/315|[from] item: Leftovers\n|upkeep\n|turn|42\n|\n|t:|1782765664\n|switch|p2a: Misdreavus|Misdreavus, L90, F|254/254 par\n|switch|p1a: Wyrdeer|Wyrdeer, L87, M|108/321\n|-ability|p1a: Wyrdeer|Intimidate|boost\n|-unboost|p2a: Misdreavus|atk|1\n|\n|-heal|p1a: Wyrdeer|128/321|[from] item: Leftovers\n|upkeep\n|turn|43\n|\n|t:|1782765673\n|move|p1a: Wyrdeer|Psychic Noise|p2a: Misdreavus\n|-crit|p2a: Misdreavus\n|-damage|p2a: Misdreavus|161/254 par\n|-start|p2a: Misdreavus|move: Heal Block\n|move|p2a: Misdreavus|Will-O-Wisp|p1a: Wyrdeer\n|-status|p1a: Wyrdeer|brn\n|\n|-heal|p1a: Wyrdeer|148/321 brn|[from] item: Leftovers\n|-damage|p1a: Wyrdeer|128/321 brn|[from] brn\n|upkeep\n|turn|44\n|\n|t:|1782765698\n|switch|p1a: Chansey|Chansey, L85, F|381/564\n|switch|p2a: Hypno|Hypno, L95, F|311/315\n|\n|-heal|p2a: Hypno|315/315|[from] item: Leftovers\n|upkeep\n|turn|45\n|inactive|Lord Doryphore has 120 seconds left.\n|\n|t:|1782765731\n|-terastallize|p2a: Hypno|Dark\n|move|p2a: Hypno|Knock Off|p1a: Chansey\n|-damage|p1a: Chansey|152/564\n|move|p1a: Chansey|Soft-Boiled|p1a: Chansey\n|-heal|p1a: Chansey|434/564\n|\n|upkeep\n|turn|46\n|\n|t:|1782765737\n|move|p2a: Hypno|Encore|p1a: Chansey\n|-start|p1a: Chansey|Encore\n|move|p1a: Chansey|Soft-Boiled|p1a: Chansey\n|-heal|p1a: Chansey|564/564\n|\n|upkeep\n|turn|47\n|inactive|Lord Doryphore has 120 seconds left.\n|\n|t:|1782765761\n|switch|p1a: Glastrier|Glastrier, L86|75/311\n|move|p2a: Hypno|Psychic Noise|p1a: Glastrier\n|-damage|p1a: Glastrier|8/311\n|-start|p1a: Glastrier|move: Heal Block\n|\n|upkeep\n|turn|48\n|\n|t:|1782765767\n|switch|p1a: Chansey|Chansey, L85, F|564/564\n|move|p2a: Hypno|Knock Off|p1a: Chansey\n|-damage|p1a: Chansey|297/564\n|\n|upkeep\n|turn|49\n|\n|t:|1782765786\n|switch|p2a: Misdreavus|Misdreavus, L90, F|161/254 par\n|move|p1a: Chansey|Thunder Wave|p2a: Misdreavus|[miss]\n|-miss|p1a: Chansey|p2a: Misdreavus\n|\n|upkeep\n|turn|50\n|\n|t:|1782765792\n|switch|p2a: Hypno|Hypno, L95, F, tera:Dark|315/315\n|move|p1a: Chansey|Soft-Boiled|p1a: Chansey\n|-heal|p1a: Chansey|564/564\n|\n|upkeep\n|turn|51\n|\n|t:|1782765795\n|switch|p1a: Wyrdeer|Wyrdeer, L87, M|128/321 brn\n|-ability|p1a: Wyrdeer|Intimidate|boost\n|-unboost|p2a: Hypno|atk|1\n|move|p2a: Hypno|Encore||[still]\n|-fail|p2a: Hypno\n|\n|-heal|p1a: Wyrdeer|148/321 brn|[from] item: Leftovers\n|-damage|p1a: Wyrdeer|128/321 brn|[from] brn\n|upkeep\n|turn|52\n|\n|t:|1782765803\n|switch|p1a: Chansey|Chansey, L85, F|564/564\n|move|p2a: Hypno|Knock Off|p1a: Chansey\n|-damage|p1a: Chansey|407/564\n|\n|upkeep\n|turn|53\n|\n|t:|1782765814\n|move|p2a: Hypno|Knock Off|p1a: Chansey\n|-damage|p1a: Chansey|256/564\n|move|p1a: Chansey|Heal Bell|p1a: Chansey\n|-activate|p1a: Chansey|move: Heal Bell\n|-curestatus|p1: Wyrdeer|brn|[msg]\n|\n|upkeep\n|turn|54\n|\n|t:|1782765819\n|switch|p1a: Wyrdeer|Wyrdeer, L87, M|128/321\n|-ability|p1a: Wyrdeer|Intimidate|boost\n|-unboost|p2a: Hypno|atk|1\n|move|p2a: Hypno|Encore||[still]\n|-fail|p2a: Hypno\n|\n|-heal|p1a: Wyrdeer|148/321|[from] item: Leftovers\n|upkeep\n|turn|55\n|\n|t:|1782765824\n|move|p2a: Hypno|Knock Off|p1a: Wyrdeer\n|-supereffective|p1a: Wyrdeer\n|-damage|p1a: Wyrdeer|26/321\n|-enditem|p1a: Wyrdeer|Leftovers|[from] move: Knock Off|[of] p2a: Hypno\n|move|p1a: Wyrdeer|Thunder Wave|p2a: Hypno|[miss]\n|-miss|p1a: Wyrdeer|p2a: Hypno\n|\n|upkeep\n|turn|56\n|c|\u2606Lord Doryphore|BRO\n|c|\u2606Lord Doryphore|3 fuckin times\n|\n|t:|1782765835\n|switch|p1a: Chansey|Chansey, L85, F|256/564\n|move|p2a: Hypno|Knock Off|p1a: Chansey\n|-damage|p1a: Chansey|138/564\n|\n|upkeep\n|turn|57\n|j| DikkeBende\n|\n|t:|1782765847\n|switch|p2a: Misdreavus|Misdreavus, L90, F|161/254 par\n|move|p1a: Chansey|Thunder Wave|p2a: Misdreavus\n|-fail|p2a: Misdreavus|par\n|\n|upkeep\n|turn|58\n|\n|t:|1782765857\n|move|p1a: Chansey|Soft-Boiled|p1a: Chansey\n|-heal|p1a: Chansey|420/564\n|move|p2a: Misdreavus|Calm Mind|p2a: Misdreavus\n|-boost|p2a: Misdreavus|spa|1\n|-boost|p2a: Misdreavus|spd|1\n|\n|upkeep\n|turn|59\n|\n|t:|1782765868\n|switch|p1a: Glastrier|Glastrier, L86|8/311\n|move|p2a: Misdreavus|Draining Kiss|p1a: Glastrier\n|-damage|p1a: Glastrier|0 fnt\n|-heal|p2a: Misdreavus|167/254 par|[from] drain|[of] p1a: Glastrier\n|faint|p1a: Glastrier\n|\n|upkeep\n|\n|t:|1782765869\n|switch|p1a: Wyrdeer|Wyrdeer, L87, M|26/321\n|-ability|p1a: Wyrdeer|Intimidate|boost\n|-unboost|p2a: Misdreavus|atk|1\n|turn|60\n|\n|t:|1782765876\n|move|p1a: Wyrdeer|Thunder Wave|p2a: Misdreavus\n|-fail|p2a: Misdreavus|par\n|move|p2a: Misdreavus|Will-O-Wisp|p1a: Wyrdeer\n|-status|p1a: Wyrdeer|brn\n|\n|-damage|p1a: Wyrdeer|6/321 brn|[from] brn\n|upkeep\n|turn|61\n|-message|Lord Doryphore forfeited.\n|\n|win|milkreo\n|raw|Lord Doryphore's rating: 2309 &rarr; <strong>2298</strong><br />(-11 for losing)\n|raw|milkreo's rating: 2468 &rarr; <strong>2479</strong><br />(+11 for winning)\n|l|\u2606Lord Doryphore\n|player|p1|\n|j|\u2606Lord Doryphore\n|player|p1|Lord Doryphore|lady-gen4|\n|l| DikkeBende\n", "inputlog": ">version f8ac14003a5f27e1bdc8d8c59608a773c1cb96e5\n>start {\"formatid\":\"gen9randombattle\",\"seed\":\"sodium,d20b81bc380073447b5d25280e3a5bb1\",\"rated\":\"Rated battle\"}\n>player p1 {\"name\":\"Lord Doryphore\",\"avatar\":\"lady-gen4\",\"rating\":2309,\"seed\":\"sodium,7f644722fa6c9b347af8d5956984d8cf\"}\n>player p2 {\"name\":\"milkreo\",\"avatar\":\"102\",\"rating\":2468,\"seed\":\"sodium,4fd231df1293591acf0ecabed588ed3c\"}\n>p1 move closecombat\n>p2 switch 2\n>p1 switch 2\n>p2 move willowisp\n>p1 move thunderwave\n>p2 move calmmind\n>p1 switch 3\n>p2 move shadowball\n>p1 move knockoff\n>p2 switch 3\n>p1 move stunspore\n>p2 move swordsdance\n>p1 switch 4\n>p2 move ironhead\n>p1 move flareblitz\n>p2 switch 2\n>p1 switch 4\n>p2 switch 2\n>p1 switch 4\n>p2 move stoneedge\n>p1 move flareblitz\n>p2 move stoneedge\n>p1 switch 5\n>p1 move quiverdance\n>p2 switch 5\n>p1 switch 4\n>p2 move toxic\n>p1 move gigadrain\n>p2 switch 5\n>p1 move gigadrain\n>p2 move closecombat\n>p2 switch 6\n>p1 switch 6\n>p2 move closecombat\n>p1 switch 4\n>p2 move knockoff\n>p1 move hurricane\n>p2 switch 5\n>p1 switch 6\n>p2 move toxic\n>p1 move stunspore\n>p2 switch 4\n>p1 move gigadrain\n>p2 move icebeam\n>p1 move gigadrain\n>p2 move icebeam\n>p2 switch 5\n>p1 move stunspore terastallize\n>p2 move noretreat\n>p1 move ruination\n>p2 move knockoff\n>p1 switch 4\n>p1 move psychicnoise\n>p2 move knockoff\n>p2 switch 2\n>p1 switch 6\n>p2 move liquidation\n>p1 switch 2\n>p1 move iciclecrash\n>p2 move liquidation\n>p1 move iciclecrash\n>p2 move liquidation\n>p2 switch 4\n>p1 switch 3\n>p2 move knockoff\n>p1 move softboiled\n>p2 switch 3\n>p1 switch 6\n>p2 move willowisp\n>p1 move thunderwave\n>p2 switch 3\n>p1 switch 6\n>p2 switch 3\n>p1 switch 6\n>p2 move willowisp\n>p1 move psychicnoise\n>p2 switch 3\n>p1 switch 6\n>p2 move knockoff\n>p1 move healbell\n>p2 switch 3\n>p1 move softboiled\n>p2 move drainingkiss\n>p1 switch 6\n>p2 move drainingkiss\n>p1 move thunderwave\n>p2 switch 3\n>chat \u2606Lord Doryphore|bruh\n>p1 switch 6\n>p2 move knockoff\n>p1 switch 6\n>p2 switch 3\n>p1 move psychicnoise\n>p2 move willowisp\n>p1 switch 6\n>p2 switch 3\n>p1 move softboiled\n>p2 move knockoff terastallize\n>p1 move thunderwave\n>p2 move encore\n>p1 switch 3\n>p2 move psychicnoise\n>p1 switch 3\n>p2 move knockoff\n>p1 move thunderwave\n>p2 switch 3\n>p1 move softboiled\n>p2 switch 3\n>p1 switch 6\n>p2 move encore\n>p1 switch 6\n>p2 move knockoff\n>p1 move healbell\n>p2 move knockoff\n>p1 switch 6\n>p2 move encore\n>p1 move thunderwave\n>p2 move knockoff\n>chat \u2606Lord Doryphore|BRO\n>chat \u2606Lord Doryphore|3 fuckin times\n>p1 switch 6\n>p2 move knockoff\n>p1 move thunderwave\n>p2 switch 3\n>p1 move softboiled\n>p2 move calmmind\n>p1 switch 3\n>p2 move drainingkiss\n>p1 switch 6\n>p1 move thunderwave\n>p2 move willowisp\n>forcelose p1", "uploadtime": 1782765917, "views": 8, "formatid": "gen9randombattle", "rating": 2298, "private": 0, "password": null, "player_dets": [{"name": "Lord Doryphore", "avatar": "lady-gen4", "rating": 2309, "seed": "sodium,7f644722fa6c9b347af8d5956984d8cf"}, {"name": "milkreo", "avatar": "102", "rating": 2468, "seed": "sodium,4fd231df1293591acf0ecabed588ed3c"}], "teams_full": [{"Glastrier": {"name": "Glastrier", "species": "Glastrier", "speciesId": "glastrier", "gender": "N", "shiny": false, "level": 86, "moves": ["iciclecrash", "highhorsepower", "heavyslam", "closecombat"], "ability": "Chilling Neigh", "evs": {"hp": 81, "atk": 85, "def": 85, "spa": 85, "spd": 85, "spe": 85}, "ivs": {"hp": 31, "atk": 31, "def": 31, "spa": 31, "spd": 31, "spe": 31}, "item": "Choice Band", "teraType": "Fighting", "role": "Bulky Attacker", "bvs": {"hp": 100, "atk": 145, "def": 130, "spa": 65, "spd": 110, "spe": 30}, "stats": {"hp": 311, "atk": 299, "def": 273, "spa": 161, "spd": 238, "spe": 101}, "types": ["Ice"]}, "Chansey": {"name": "Chansey", "species": "Chansey", "speciesId": "chansey", "gender": "F", "shiny": false, "level": 85, "moves": ["seismictoss", "healbell", "thunderwave", "softboiled"], "ability": "Natural Cure", "evs": {"hp": 85, "atk": 0, "def": 85, "spa": 85, "spd": 85, "spe": 85}, "ivs": {"hp": 31, "atk": 0, "def": 31, "spa": 31, "spd": 31, "spe": 31}, "item": "Eviolite", "teraType": "Ghost", "role": "Bulky Support", "bvs": {"hp": 250, "atk": 5, "def": 5, "spa": 35, "spd": 105, "spe": 50}, "stats": {"hp": 564, "atk": 13, "def": 57, "spa": 108, "spd": 227, "spe": 134}, "types": ["Normal"]}, "Wo-Chien": {"name": "Wo-Chien", "species": "Wo-Chien", "speciesId": "wochien", "gender": "N", "shiny": false, "level": 83, "moves": ["knockoff", "gigadrain", "ruination", "stunspore"], "ability": "Tablets of Ruin", "evs": {"hp": 85, "atk": 85, "def": 85, "spa": 85, "spd": 85, "spe": 85}, "ivs": {"hp": 31, "atk": 31, "def": 31, "spa": 31, "spd": 31, "spe": 31}, "item": "Leftovers", "teraType": "Poison", "role": "Bulky Support", "bvs": {"hp": 85, "atk": 85, "def": 100, "spa": 95, "spd": 135, "spe": 70}, "stats": {"hp": 277, "atk": 189, "def": 214, "spa": 205, "spd": 272, "spe": 164}, "types": ["Dark", "Grass"]}, "Charizard": {"name": "Charizard", "species": "Charizard", "speciesId": "charizard", "gender": "F", "shiny": false, "level": 85, "moves": ["outrage", "flareblitz", "earthquake", "swordsdance"], "ability": "Blaze", "evs": {"hp": 85, "atk": 85, "def": 85, "spa": 85, "spd": 85, "spe": 85}, "ivs": {"hp": 31, "atk": 31, "def": 31, "spa": 31, "spd": 31, "spe": 31}, "item": "Heavy-Duty Boots", "teraType": "Dragon", "role": "Setup Sweeper", "bvs": {"hp": 78, "atk": 84, "def": 78, "spa": 109, "spd": 85, "spe": 100}, "stats": {"hp": 271, "atk": 192, "def": 181, "spa": 234, "spd": 193, "spe": 219}, "types": ["Fire", "Flying"]}, "Oricorio": {"name": "Oricorio", "species": "Oricorio-Pom-Pom", "speciesId": "oricoriopompom", "gender": "M", "shiny": false, "level": 82, "moves": ["roost", "revelationdance", "hurricane", "quiverdance"], "ability": "Dancer", "evs": {"hp": 85, "atk": 0, "def": 85, "spa": 85, "spd": 85, "spe": 85}, "ivs": {"hp": 31, "atk": 0, "def": 31, "spa": 31, "spd": 31, "spe": 31}, "item": "Heavy-Duty Boots", "teraType": "Ground", "role": "Setup Sweeper", "bvs": {"hp": 75, "atk": 70, "def": 70, "spa": 98, "spd": 70, "spe": 93}, "stats": {"hp": 257, "atk": 119, "def": 162, "spa": 208, "spd": 162, "spe": 200}, "types": ["Electric", "Flying"]}, "Wyrdeer": {"name": "Wyrdeer", "species": "Wyrdeer", "speciesId": "wyrdeer", "gender": "M", "shiny": false, "level": 87, "moves": ["earthquake", "megahorn", "thunderwave", "psychicnoise"], "ability": "Intimidate", "evs": {"hp": 85, "atk": 85, "def": 85, "spa": 85, "spd": 85, "spe": 85}, "ivs": {"hp": 31, "atk": 31, "def": 31, "spa": 31, "spd": 31, "spe": 31}, "item": "Leftovers", "teraType": "Ground", "role": "Bulky Attacker", "bvs": {"hp": 103, "atk": 105, "def": 72, "spa": 105, "spd": 75, "spe": 65}, "stats": {"hp": 321, "atk": 232, "def": 175, "spa": 232, "spd": 180, "spe": 163}, "types": ["Normal", "Psychic"]}}, {"Wugtrio": {"name": "Wugtrio", "species": "Wugtrio", "speciesId": "wugtrio", "gender": "F", "shiny": false, "level": 91, "moves": ["aquajet", "stompingtantrum", "throatchop", "liquidation"], "ability": "Gooey", "evs": {"hp": 85, "atk": 85, "def": 85, "spa": 85, "spd": 85, "spe": 85}, "ivs": {"hp": 31, "atk": 31, "def": 31, "spa": 31, "spd": 31, "spe": 31}, "item": "Choice Band", "teraType": "Dark", "role": "Fast Attacker", "bvs": {"hp": 35, "atk": 100, "def": 50, "spa": 50, "spd": 70, "spe": 120}, "stats": {"hp": 212, "atk": 234, "def": 143, "spa": 143, "spd": 179, "spe": 270}, "types": ["Water"]}, "Misdreavus": {"name": "Misdreavus", "species": "Misdreavus", "speciesId": "misdreavus", "gender": "F", "shiny": false, "level": 90, "moves": ["willowisp", "calmmind", "drainingkiss", "shadowball"], "ability": "Levitate", "evs": {"hp": 85, "atk": 0, "def": 85, "spa": 85, "spd": 85, "spe": 85}, "ivs": {"hp": 31, "atk": 0, "def": 31, "spa": 31, "spd": 31, "spe": 31}, "item": "Eviolite", "teraType": "Fairy", "role": "Bulky Setup", "bvs": {"hp": 60, "atk": 60, "def": 60, "spa": 85, "spd": 85, "spe": 85}, "stats": {"hp": 254, "atk": 113, "def": 159, "spa": 204, "spd": 204, "spe": 204}, "types": ["Ghost"]}, "Cobalion": {"name": "Cobalion", "species": "Cobalion", "speciesId": "cobalion", "gender": "N", "shiny": false, "level": 80, "moves": ["swordsdance", "stoneedge", "closecombat", "ironhead"], "ability": "Justified", "evs": {"hp": 85, "atk": 85, "def": 85, "spa": 85, "spd": 85, "spe": 85}, "ivs": {"hp": 31, "atk": 31, "def": 31, "spa": 31, "spd": 31, "spe": 31}, "item": "Life Orb", "teraType": "Fighting", "role": "Fast Bulky Setup", "bvs": {"hp": 91, "atk": 90, "def": 129, "spa": 90, "spd": 72, "spe": 108}, "stats": {"hp": 277, "atk": 190, "def": 253, "spa": 190, "spd": 161, "spe": 219}, "types": ["Steel", "Fighting"]}, "Iron Bundle": {"name": "Iron Bundle", "species": "Iron Bundle", "speciesId": "ironbundle", "gender": "N", "shiny": false, "level": 78, "moves": ["icebeam", "freezedry", "flipturn", "hydropump"], "ability": "Quark Drive", "evs": {"hp": 85, "atk": 85, "def": 85, "spa": 85, "spd": 85, "spe": 85}, "ivs": {"hp": 31, "atk": 31, "def": 31, "spa": 31, "spd": 31, "spe": 31}, "item": "Choice Specs", "teraType": "Ice", "role": "Fast Attacker", "bvs": {"hp": 56, "atk": 80, "def": 114, "spa": 124, "spd": 60, "spe": 136}, "stats": {"hp": 215, "atk": 170, "def": 223, "spa": 239, "spd": 139, "spe": 257}, "types": ["Ice", "Water"]}, "Hypno": {"name": "Hypno", "species": "Hypno", "speciesId": "hypno", "gender": "F", "shiny": false, "level": 95, "moves": ["encore", "psychicnoise", "knockoff", "toxic"], "ability": "Insomnia", "evs": {"hp": 85, "atk": 85, "def": 85, "spa": 85, "spd": 85, "spe": 85}, "ivs": {"hp": 31, "atk": 31, "def": 31, "spa": 31, "spd": 31, "spe": 31}, "item": "Leftovers", "teraType": "Dark", "role": "Bulky Support", "bvs": {"hp": 85, "atk": 73, "def": 70, "spa": 73, "spd": 115, "spe": 67}, "stats": {"hp": 315, "atk": 193, "def": 187, "spa": 193, "spd": 272, "spe": 181}, "types": ["Psychic"]}, "Falinks": {"name": "Falinks", "species": "Falinks", "speciesId": "falinks", "gender": "N", "shiny": false, "level": 84, "moves": ["ironhead", "closecombat", "knockoff", "noretreat"], "ability": "Defiant", "evs": {"hp": 85, "atk": 85, "def": 85, "spa": 85, "spd": 85, "spe": 85}, "ivs": {"hp": 31, "atk": 31, "def": 31, "spa": 31, "spd": 31, "spe": 31}, "item": "Life Orb", "teraType": "Steel", "role": "Setup Sweeper", "bvs": {"hp": 65, "atk": 100, "def": 100, "spa": 70, "spd": 60, "spe": 75}, "stats": {"hp": 246, "atk": 216, "def": 216, "spa": 166, "spd": 149, "spe": 174}, "types": ["Fighting"]}}]}