{"id": "gen9randombattle-2641083276", "format": "[Gen 9] Random Battle", "players": ["hamni82", "yaserkira5"], "log": "|j|\u2606hamni82\n|j|\u2606yaserkira5\n|t:|1782737999\n|gametype|singles\n|player|p1|hamni82|169|1982\n|player|p2|yaserkira5|2|1991\n|gen|9\n|tier|[Gen 9] Random Battle\n|rated|\n|rule|Species Clause: Limit one of each Pok\u00e9mon\n|rule|HP Percentage Mod: HP is shown in percentages\n|rule|Sleep Clause Mod: Limit one foe put to sleep\n|rule|Illusion Level Mod: Illusion disguises the Pok\u00e9mon's true level\n|\n|t:|1782737999\n|teamsize|p1|6\n|teamsize|p2|6\n|start\n|switch|p1a: Furret|Furret, L94, M|312/312\n|switch|p2a: Jirachi|Jirachi, L80|291/291\n|-item|p2a: Jirachi|Assault Vest|[from] ability: Frisk|[of] p1a: Furret\n|turn|1\n|j| Reiszen\n|l| Reiszen\n|\n|t:|1782738054\n|switch|p1a: Magcargo|Magcargo, L95, F|268/268\n|move|p2a: Jirachi|Body Slam|p1a: Magcargo\n|-resisted|p1a: Magcargo\n|-damage|p1a: Magcargo|249/268\n|-status|p2a: Jirachi|brn|[from] ability: Flame Body|[of] p1a: Magcargo\n|\n|-damage|p2a: Jirachi|273/291 brn|[from] brn\n|upkeep\n|turn|2\n|inactive|Battle timer is ON: inactive players will automatically lose when time's up. (requested by yaserkira5)\n|\n|t:|1782738064\n|move|p2a: Jirachi|U-turn|p1a: Magcargo\n|-resisted|p1a: Magcargo\n|-damage|p1a: Magcargo|242/268\n|inactive|yaserkira5 has 120 seconds left.\n|\n|t:|1782738121\n|switch|p2a: Vaporeon|Vaporeon, L86, F|364/364|[from] U-turn\n|move|p1a: Magcargo|Lava Plume|p2a: Vaporeon\n|-resisted|p2a: Vaporeon\n|-damage|p2a: Vaporeon|315/364\n|\n|-heal|p2a: Vaporeon|337/364|[from] item: Leftovers\n|upkeep\n|turn|3\n|\n|t:|1782738139\n|switch|p1a: Araquanid|Araquanid, L82, F|246/246\n|move|p2a: Vaporeon|Flip Turn|p1a: Araquanid\n|-resisted|p1a: Araquanid\n|-damage|p1a: Araquanid|222/246\n|\n|t:|1782738153\n|switch|p2a: Electivire|Electivire, L84, M|263/263|[from] Flip Turn\n|\n|upkeep\n|turn|4\n|inactive|hamni82 has 120 seconds left.\n|\n|t:|1782738196\n|switch|p1a: Magcargo|Magcargo, L95, F|242/268\n|move|p2a: Electivire|Supercell Slam|p1a: Magcargo\n|-damage|p1a: Magcargo|129/268\n|-damage|p2a: Electivire|237/263|[from] item: Life Orb\n|\n|upkeep\n|turn|5\n|\n|t:|1782738206\n|switch|p1a: Weezing|Weezing, L88, F|258/258\n|move|p2a: Electivire|Earthquake|p1a: Weezing\n|-immune|p1a: Weezing|[from] ability: Levitate\n|\n|upkeep\n|turn|6\n|\n|t:|1782738220\n|switch|p2a: Jirachi|Jirachi, L80|273/291 brn\n|move|p1a: Weezing|Toxic Spikes|p2a: Jirachi\n|-sidestart|p2: yaserkira5|move: Toxic Spikes\n|\n|-damage|p2a: Jirachi|255/291 brn|[from] brn\n|upkeep\n|turn|7\n|\n|t:|1782738229\n|switch|p1a: Araquanid|Araquanid, L82, F|222/246\n|move|p2a: Jirachi|Body Slam|p1a: Araquanid\n|-damage|p1a: Araquanid|196/246\n|\n|-damage|p2a: Jirachi|237/291 brn|[from] brn\n|upkeep\n|turn|8\n|\n|t:|1782738235\n|move|p2a: Jirachi|Body Slam|p1a: Araquanid\n|-damage|p1a: Araquanid|166/246\n|-status|p1a: Araquanid|par\n|move|p1a: Araquanid|Sticky Web|p2a: Jirachi\n|-sidestart|p2: yaserkira5|move: Sticky Web\n|\n|-damage|p2a: Jirachi|219/291 brn|[from] brn\n|upkeep\n|turn|9\n|\n|t:|1782738244\n|move|p2a: Jirachi|U-turn|p1a: Araquanid\n|-damage|p1a: Araquanid|141/246 par\n|\n|t:|1782738251\n|switch|p2a: Bronzong|Bronzong, L88|261/261|[from] U-turn\n|cant|p1a: Araquanid|par\n|\n|upkeep\n|turn|10\n|\n|t:|1782738258\n|move|p2a: Bronzong|Psychic Noise|p1a: Araquanid\n|-damage|p1a: Araquanid|89/246 par\n|-start|p1a: Araquanid|move: Heal Block\n|move|p1a: Araquanid|Liquidation|p2a: Bronzong\n|-damage|p2a: Bronzong|153/261\n|\n|-heal|p2a: Bronzong|169/261|[from] item: Leftovers\n|upkeep\n|turn|11\n|\n|t:|1782738263\n|move|p2a: Bronzong|Psychic Noise|p1a: Araquanid\n|-damage|p1a: Araquanid|32/246 par\n|move|p1a: Araquanid|Liquidation|p2a: Bronzong\n|-damage|p2a: Bronzong|60/261\n|\n|-heal|p2a: Bronzong|76/261|[from] item: Leftovers\n|-end|p1a: Araquanid|move: Heal Block\n|upkeep\n|turn|12\n|\n|t:|1782738268\n|move|p2a: Bronzong|Psychic Noise|p1a: Araquanid\n|-crit|p1a: Araquanid\n|-damage|p1a: Araquanid|0 fnt\n|faint|p1a: Araquanid\n|\n|-heal|p2a: Bronzong|92/261|[from] item: Leftovers\n|upkeep\n|\n|t:|1782738270\n|switch|p1a: Weezing|Weezing, L88, F|258/258\n|turn|13\n|\n|t:|1782738277\n|move|p1a: Weezing|Toxic Spikes|p2a: Bronzong\n|-sidestart|p2: yaserkira5|move: Toxic Spikes\n|move|p2a: Bronzong|Psychic Noise|p1a: Weezing\n|-supereffective|p1a: Weezing\n|-damage|p1a: Weezing|88/258\n|-start|p1a: Weezing|move: Heal Block\n|\n|-heal|p2a: Bronzong|108/261|[from] item: Leftovers\n|upkeep\n|turn|14\n|\n|t:|1782738284\n|move|p1a: Weezing|Fire Blast|p2a: Bronzong|[miss]\n|-miss|p1a: Weezing|p2a: Bronzong\n|move|p2a: Bronzong|Psychic Noise|p1a: Weezing\n|-supereffective|p1a: Weezing\n|-damage|p1a: Weezing|0 fnt\n|faint|p1a: Weezing\n|\n|-heal|p2a: Bronzong|124/261|[from] item: Leftovers\n|upkeep\n|\n|t:|1782738289\n|switch|p1a: Magcargo|Magcargo, L95, F|129/268\n|turn|15\n|\n|t:|1782738296\n|move|p1a: Magcargo|Lava Plume|p2a: Bronzong\n|-supereffective|p2a: Bronzong\n|-damage|p2a: Bronzong|0 fnt\n|faint|p2a: Bronzong\n|\n|upkeep\n|\n|t:|1782738299\n|switch|p2a: Gliscor|Gliscor, L76, M|239/239\n|turn|16\n|\n|t:|1782738311\n|switch|p1a: Cryogonal|Cryogonal, L89|287/287\n|move|p2a: Gliscor|Substitute|p2a: Gliscor\n|-start|p2a: Gliscor|Substitute\n|-damage|p2a: Gliscor|180/239\n|\n|-status|p2a: Gliscor|tox|[from] item: Toxic Orb\n|upkeep\n|turn|17\n|\n|t:|1782738326\n|-terastallize|p1a: Cryogonal|Poison\n|move|p1a: Cryogonal|Freeze-Dry|p2a: Gliscor\n|-supereffective|p2a: Gliscor\n|-end|p2a: Gliscor|Substitute\n|move|p2a: Gliscor|Toxic|p1a: Cryogonal\n|-immune|p1a: Cryogonal\n|\n|-heal|p2a: Gliscor|209/239 tox|[from] ability: Poison Heal\n|upkeep\n|turn|18\n|\n|t:|1782738347\n|switch|p1a: Whimsicott|Whimsicott, L84, F|238/238\n|switch|p2a: Jirachi|Jirachi, L80|219/291 brn\n|-activate|p2a: Jirachi|move: Sticky Web\n|-unboost|p2a: Jirachi|spe|1\n|\n|-damage|p2a: Jirachi|201/291 brn|[from] brn\n|upkeep\n|turn|19\n|\n|t:|1782738352\n|move|p1a: Whimsicott|Substitute|p1a: Whimsicott\n|-start|p1a: Whimsicott|Substitute\n|-damage|p1a: Whimsicott|179/238\n|move|p2a: Jirachi|Body Slam|p1a: Whimsicott\n|-activate|p1a: Whimsicott|move: Substitute|[damage]\n|\n|-heal|p1a: Whimsicott|193/238|[from] item: Leftovers\n|-damage|p2a: Jirachi|183/291 brn|[from] brn\n|upkeep\n|turn|20\n|\n|t:|1782738378\n|move|p1a: Whimsicott|Leech Seed|p2a: Jirachi\n|-start|p2a: Jirachi|move: Leech Seed\n|move|p2a: Jirachi|Iron Head|p1a: Whimsicott\n|-supereffective|p1a: Whimsicott\n|-end|p1a: Whimsicott|Substitute\n|\n|-heal|p1a: Whimsicott|207/238|[from] item: Leftovers\n|-damage|p2a: Jirachi|147/291 brn|[from] Leech Seed|[of] p1a: Whimsicott\n|-heal|p1a: Whimsicott|238/238|[silent]\n|-damage|p2a: Jirachi|129/291 brn|[from] brn\n|upkeep\n|turn|21\n|inactive|yaserkira5 has 120 seconds left.\n|\n|t:|1782738412\n|switch|p2a: Delibird|Delibird, M|252/252\n|move|p1a: Whimsicott|Substitute|p1a: Whimsicott\n|-start|p1a: Whimsicott|Substitute\n|-damage|p1a: Whimsicott|179/238\n|\n|-heal|p1a: Whimsicott|193/238|[from] item: Leftovers\n|upkeep\n|turn|22\n|\n|t:|1782738420\n|move|p1a: Whimsicott|Moonblast|p2a: Delibird\n|-damage|p2a: Delibird|135/252\n|move|p2a: Delibird|Rapid Spin|p1a: Whimsicott\n|-activate|p1a: Whimsicott|move: Substitute|[damage]\n|-sideend|p2: yaserkira5|Toxic Spikes|[from] move: Rapid Spin|[of] p2a: Delibird\n|-sideend|p2: yaserkira5|Sticky Web|[from] move: Rapid Spin|[of] p2a: Delibird\n|-boost|p2a: Delibird|spe|1\n|\n|-heal|p1a: Whimsicott|207/238|[from] item: Leftovers\n|upkeep\n|turn|23\n|\n|t:|1782738433\n|move|p1a: Whimsicott|Encore|p2a: Delibird\n|-start|p2a: Delibird|Encore\n|move|p2a: Delibird|Rapid Spin|p1a: Whimsicott\n|-end|p1a: Whimsicott|Substitute\n|-boost|p2a: Delibird|spe|1\n|\n|-heal|p1a: Whimsicott|221/238|[from] item: Leftovers\n|upkeep\n|turn|24\n|\n|t:|1782738450\n|switch|p2a: Jirachi|Jirachi, L80|129/291 brn\n|move|p1a: Whimsicott|Substitute|p1a: Whimsicott\n|-start|p1a: Whimsicott|Substitute\n|-damage|p1a: Whimsicott|162/238\n|\n|-heal|p1a: Whimsicott|176/238|[from] item: Leftovers\n|-damage|p2a: Jirachi|111/291 brn|[from] brn\n|upkeep\n|turn|25\n|\n|t:|1782738455\n|move|p1a: Whimsicott|Leech Seed|p2a: Jirachi\n|-start|p2a: Jirachi|move: Leech Seed\n|move|p2a: Jirachi|Iron Head|p1a: Whimsicott\n|-supereffective|p1a: Whimsicott\n|-end|p1a: Whimsicott|Substitute\n|\n|-heal|p1a: Whimsicott|190/238|[from] item: Leftovers\n|-damage|p2a: Jirachi|75/291 brn|[from] Leech Seed|[of] p1a: Whimsicott\n|-heal|p1a: Whimsicott|226/238|[silent]\n|-damage|p2a: Jirachi|57/291 brn|[from] brn\n|upkeep\n|turn|26\n|\n|t:|1782738459\n|move|p1a: Whimsicott|Substitute|p1a: Whimsicott\n|-start|p1a: Whimsicott|Substitute\n|-damage|p1a: Whimsicott|167/238\n|move|p2a: Jirachi|Iron Head|p1a: Whimsicott\n|-supereffective|p1a: Whimsicott\n|-end|p1a: Whimsicott|Substitute\n|\n|-heal|p1a: Whimsicott|181/238|[from] item: Leftovers\n|-damage|p2a: Jirachi|21/291 brn|[from] Leech Seed|[of] p1a: Whimsicott\n|-heal|p1a: Whimsicott|217/238|[silent]\n|-damage|p2a: Jirachi|3/291 brn|[from] brn\n|upkeep\n|turn|27\n|\n|t:|1782738466\n|move|p1a: Whimsicott|Moonblast|p2a: Jirachi\n|-resisted|p2a: Jirachi\n|-damage|p2a: Jirachi|0 fnt\n|faint|p2a: Jirachi\n|\n|-heal|p1a: Whimsicott|231/238|[from] item: Leftovers\n|upkeep\n|\n|t:|1782738471\n|switch|p2a: Electivire|Electivire, L84, M|237/263\n|turn|28\n|\n|t:|1782738484\n|switch|p1a: Magcargo|Magcargo, L95, F|129/268\n|move|p2a: Electivire|Earthquake|p1a: Magcargo\n|-supereffective|p1a: Magcargo\n|-damage|p1a: Magcargo|0 fnt\n|faint|p1a: Magcargo\n|-damage|p2a: Electivire|211/263|[from] item: Life Orb\n|\n|upkeep\n|\n|t:|1782738501\n|switch|p1a: Cryogonal|Cryogonal, L89, tera:Poison|287/287\n|turn|29\n|inactive|yaserkira5 has 120 seconds left.\n|\n|t:|1782738538\n|switch|p1a: Whimsicott|Whimsicott, L84, F|231/238\n|move|p2a: Electivire|Supercell Slam|p1a: Whimsicott\n|-resisted|p1a: Whimsicott\n|-damage|p1a: Whimsicott|143/238\n|-damage|p2a: Electivire|185/263|[from] item: Life Orb\n|\n|-heal|p1a: Whimsicott|157/238|[from] item: Leftovers\n|upkeep\n|turn|30\n|inactive|hamni82 has 120 seconds left.\n|\n|t:|1782738569\n|move|p1a: Whimsicott|Encore|p2a: Electivire\n|-start|p2a: Electivire|Encore\n|move|p2a: Electivire|Supercell Slam|p1a: Whimsicott\n|-resisted|p1a: Whimsicott\n|-damage|p1a: Whimsicott|79/238\n|-damage|p2a: Electivire|159/263|[from] item: Life Orb\n|\n|-heal|p1a: Whimsicott|93/238|[from] item: Leftovers\n|upkeep\n|turn|31\n|inactive|yaserkira5 has 120 seconds left.\n|\n|t:|1782738600\n|move|p1a: Whimsicott|Leech Seed|p2a: Electivire\n|-start|p2a: Electivire|move: Leech Seed\n|move|p2a: Electivire|Supercell Slam|p1a: Whimsicott\n|-resisted|p1a: Whimsicott\n|-damage|p1a: Whimsicott|9/238\n|-damage|p2a: Electivire|133/263|[from] item: Life Orb\n|\n|-heal|p1a: Whimsicott|23/238|[from] item: Leftovers\n|-damage|p2a: Electivire|101/263|[from] Leech Seed|[of] p1a: Whimsicott\n|-heal|p1a: Whimsicott|55/238|[silent]\n|upkeep\n|turn|32\n|inactive|hamni82 has 120 seconds left.\n|inactive|hamni82 has 90 seconds left.\n|inactive|hamni82 has 60 seconds left.\n|\n|t:|1782738694\n|move|p1a: Whimsicott|Moonblast|p2a: Electivire\n|-damage|p2a: Electivire|13/263\n|move|p2a: Electivire|Supercell Slam|p1a: Whimsicott\n|-resisted|p1a: Whimsicott\n|-crit|p1a: Whimsicott\n|-damage|p1a: Whimsicott|0 fnt\n|faint|p1a: Whimsicott\n|-damage|p2a: Electivire|0 fnt|[from] item: Life Orb\n|faint|p2a: Electivire\n|\n|upkeep\n|inactive|hamni82 has 30 seconds left.\n|\n|t:|1782738717\n|switch|p1a: Furret|Furret, L94, M|312/312\n|switch|p2a: Vaporeon|Vaporeon, L86, F|337/364\n|-item|p2a: Vaporeon|Leftovers|[from] ability: Frisk|[of] p1a: Furret\n|turn|33\n|inactive|hamni82 has 30 seconds left.\n|\n|t:|1782738727\n|move|p1a: Furret|Knock Off|p2a: Vaporeon\n|-damage|p2a: Vaporeon|223/364\n|-enditem|p2a: Vaporeon|Leftovers|[from] move: Knock Off|[of] p1a: Furret\n|-damage|p1a: Furret|281/312|[from] item: Life Orb\n|move|p2a: Vaporeon|Scald|p1a: Furret\n|-damage|p1a: Furret|148/312\n|\n|upkeep\n|turn|34\n|inactive|hamni82 has 30 seconds left.\n|\n|t:|1782738748\n|switch|p2a: Gliscor|Gliscor, L76, M|209/239 tox\n|move|p1a: Furret|Tidy Up|p1a: Furret\n|-boost|p1a: Furret|atk|1\n|-boost|p1a: Furret|spe|1\n|\n|-heal|p2a: Gliscor|238/239 tox|[from] ability: Poison Heal\n|upkeep\n|turn|35\n|inactive|hamni82 has 30 seconds left.\n|inactive|hamni82 has 20 seconds left.\n|\n|t:|1782738765\n|move|p1a: Furret|Double-Edge|p2a: Gliscor\n|-damage|p2a: Gliscor|11/239 tox\n|-damage|p1a: Furret|73/312|[from] Recoil\n|-damage|p1a: Furret|42/312|[from] item: Life Orb\n|move|p2a: Gliscor|Toxic|p1a: Furret\n|-status|p1a: Furret|tox\n|\n|-damage|p1a: Furret|23/312 tox|[from] psn\n|-heal|p2a: Gliscor|40/239 tox|[from] ability: Poison Heal\n|upkeep\n|turn|36\n|inactive|hamni82 has 30 seconds left this turn.\n|\n|t:|1782738774\n|move|p1a: Furret|Double-Edge|p2a: Gliscor\n|-damage|p2a: Gliscor|0 fnt\n|faint|p2a: Gliscor\n|-damage|p1a: Furret|10/312 tox|[from] Recoil\n|-damage|p1a: Furret|0 fnt|[from] item: Life Orb\n|faint|p1a: Furret\n|\n|upkeep\n|inactive|hamni82 has 30 seconds left this turn.\n|\n|t:|1782738782\n|switch|p1a: Cryogonal|Cryogonal, L89, tera:Poison|287/287\n|switch|p2a: Vaporeon|Vaporeon, L86, F|223/364\n|turn|37\n|\n|t:|1782738789\n|move|p1a: Cryogonal|Freeze-Dry|p2a: Vaporeon\n|-supereffective|p2a: Vaporeon\n|-damage|p2a: Vaporeon|77/364\n|move|p2a: Vaporeon|Wish|p2a: Vaporeon\n|\n|upkeep\n|turn|38\n|\n|t:|1782738795\n|move|p2a: Vaporeon|Protect|p2a: Vaporeon\n|-singleturn|p2a: Vaporeon|Protect\n|move|p1a: Cryogonal|Flash Cannon|p2a: Vaporeon\n|-activate|p2a: Vaporeon|move: Protect\n|\n|-heal|p2a: Vaporeon|259/364|[from] move: Wish|[wisher] Vaporeon\n|upkeep\n|turn|39\n|\n|t:|1782738798\n|move|p1a: Cryogonal|Freeze-Dry|p2a: Vaporeon\n|-supereffective|p2a: Vaporeon\n|-damage|p2a: Vaporeon|113/364\n|move|p2a: Vaporeon|Wish|p2a: Vaporeon\n|\n|upkeep\n|turn|40\n|\n|t:|1782738801\n|move|p2a: Vaporeon|Protect|p2a: Vaporeon\n|-singleturn|p2a: Vaporeon|Protect\n|move|p1a: Cryogonal|Flash Cannon|p2a: Vaporeon\n|-activate|p2a: Vaporeon|move: Protect\n|\n|-heal|p2a: Vaporeon|295/364|[from] move: Wish|[wisher] Vaporeon\n|upkeep\n|turn|41\n|\n|t:|1782738806\n|move|p1a: Cryogonal|Freeze-Dry|p2a: Vaporeon\n|-supereffective|p2a: Vaporeon\n|-damage|p2a: Vaporeon|157/364\n|move|p2a: Vaporeon|Wish|p2a: Vaporeon\n|\n|upkeep\n|turn|42\n|\n|t:|1782738810\n|move|p2a: Vaporeon|Protect|p2a: Vaporeon\n|-singleturn|p2a: Vaporeon|Protect\n|move|p1a: Cryogonal|Freeze-Dry|p2a: Vaporeon\n|-activate|p2a: Vaporeon|move: Protect\n|\n|-heal|p2a: Vaporeon|339/364|[from] move: Wish|[wisher] Vaporeon\n|upkeep\n|turn|43\n|\n|t:|1782738813\n|move|p1a: Cryogonal|Freeze-Dry|p2a: Vaporeon\n|-supereffective|p2a: Vaporeon\n|-damage|p2a: Vaporeon|181/364\n|-status|p2a: Vaporeon|frz\n|cant|p2a: Vaporeon|frz\n|\n|upkeep\n|turn|44\n|\n|t:|1782738818\n|move|p1a: Cryogonal|Freeze-Dry|p2a: Vaporeon\n|-supereffective|p2a: Vaporeon\n|-damage|p2a: Vaporeon|17/364 frz\n|-curestatus|p2a: Vaporeon|frz|[from] move: Scald\n|move|p2a: Vaporeon|Scald|p1a: Cryogonal\n|-damage|p1a: Cryogonal|215/287\n|-status|p1a: Cryogonal|brn\n|\n|-damage|p1a: Cryogonal|198/287 brn|[from] brn\n|upkeep\n|turn|45\n|\n|t:|1782738824\n|move|p1a: Cryogonal|Freeze-Dry|p2a: Vaporeon\n|-supereffective|p2a: Vaporeon\n|-damage|p2a: Vaporeon|0 fnt\n|faint|p2a: Vaporeon\n|\n|-damage|p1a: Cryogonal|181/287 brn|[from] brn\n|upkeep\n|\n|t:|1782738825\n|switch|p2a: Delibird|Delibird, M|135/252\n|turn|46\n|\n|t:|1782738829\n|move|p1a: Cryogonal|Flash Cannon|p2a: Delibird\n|-supereffective|p2a: Delibird\n|-damage|p2a: Delibird|0 fnt\n|faint|p2a: Delibird\n|\n|win|hamni82\n", "inputlog": ">version f8ac14003a5f27e1bdc8d8c59608a773c1cb96e5\n>start {\"formatid\":\"gen9randombattle\",\"seed\":\"sodium,d8aee40bb23a61f7578abc1942b9e51d\",\"rated\":\"Rated battle\"}\n>player p1 {\"name\":\"hamni82\",\"avatar\":\"169\",\"rating\":1982,\"seed\":\"sodium,829e6229366e1114a7963e736fdd9117\"}\n>player p2 {\"name\":\"yaserkira5\",\"avatar\":\"2\",\"rating\":1991,\"seed\":\"sodium,e194384fc5895f34fd11743583d0e8df\"}\n>p1 switch 2\n>p2 move bodyslam\n>p1 move lavaplume\n>p2 move uturn\n>p2 switch 4\n>p1 switch 4\n>p2 move flipturn\n>p2 switch 6\n>p1 switch 4\n>p2 move supercellslam\n>p1 switch 5\n>p2 move earthquake\n>p1 move toxicspikes\n>p2 switch 4\n>p1 switch 4\n>p2 move bodyslam\n>p1 move stickyweb\n>p2 move bodyslam\n>p1 move liquidation\n>p2 move uturn\n>p2 switch 5\n>p1 move liquidation\n>p2 move psychicnoise\n>p1 move liquidation\n>p2 move psychicnoise\n>p1 move liquidation\n>p2 move psychicnoise\n>p1 switch 4\n>p1 move toxicspikes\n>p2 move psychicnoise\n>p1 move fireblast\n>p2 move psychicnoise\n>p1 switch 5\n>p1 move lavaplume\n>p2 move bodypress\n>p2 switch 3\n>p1 switch 3\n>p2 move substitute\n>p1 move freezedry terastallize\n>p2 move toxic\n>p1 switch 6\n>p2 switch 5\n>p1 move substitute\n>p2 move bodyslam\n>p1 move leechseed\n>p2 move ironhead\n>p1 move substitute\n>p2 switch 2\n>p1 move moonblast\n>p2 move rapidspin\n>p1 move encore\n>p2 move freezedry\n>p1 move substitute\n>p2 switch 2\n>p1 move leechseed\n>p2 move ironhead\n>p1 move substitute\n>p2 move ironhead\n>p1 move moonblast\n>p2 move ironhead\n>p2 switch 4\n>p1 switch 3\n>p2 move earthquake\n>p1 switch 6\n>p1 switch 3\n>p2 move supercellslam\n>p1 move encore\n>p2 move icepunch\n>p1 move leechseed\n>p2 move supercellslam\n>p1 move moonblast\n>p2 move supercellslam\n>p1 switch 2\n>p2 switch 6\n>p1 move knockoff\n>p2 move scald\n>p1 move tidyup\n>p2 switch 5\n>p1 move doubleedge\n>p2 move toxic\n>p1 move doubleedge\n>p2 move toxic\n>p1 switch 3\n>p2 switch 5\n>p1 move freezedry\n>p2 move wish\n>p1 move flashcannon\n>p2 move protect\n>p1 move freezedry\n>p2 move wish\n>p1 move flashcannon\n>p2 move protect\n>p1 move freezedry\n>p2 move wish\n>p1 move freezedry\n>p2 move protect\n>p1 move freezedry\n>p2 move wish\n>p1 move freezedry\n>p2 move scald\n>p1 move freezedry\n>p2 move wish\n>p2 switch 2\n>p1 move flashcannon\n>p2 move rapidspin", "uploadtime": 1782738007, "views": 4, "formatid": "gen9randombattle", "rating": null, "private": 0, "password": null, "player_dets": [{"name": "hamni82", "avatar": "169", "rating": 1982, "seed": "sodium,829e6229366e1114a7963e736fdd9117"}, {"name": "yaserkira5", "avatar": "2", "rating": 1991, "seed": "sodium,e194384fc5895f34fd11743583d0e8df"}], "teams_full": [{"Furret": {"name": "Furret", "species": "Furret", "speciesId": "furret", "gender": "M", "shiny": false, "level": 94, "moves": ["doubleedge", "brickbreak", "knockoff", "tidyup"], "ability": "Frisk", "evs": {"hp": 85, "atk": 85, "def": 85, "spa": 85, "spd": 85, "spe": 85}, "ivs": {"hp": 31, "atk": 31, "def": 31, "spa": 31, "spd": 31, "spe": 31}, "item": "Life Orb", "teraType": "Ghost", "role": "Setup Sweeper", "bvs": {"hp": 85, "atk": 76, "def": 64, "spa": 45, "spd": 55, "spe": 90}, "stats": {"hp": 312, "atk": 196, "def": 174, "spa": 138, "spd": 157, "spe": 223}, "types": ["Normal"]}, "Magcargo": {"name": "Magcargo", "species": "Magcargo", "speciesId": "magcargo", "gender": "F", "shiny": false, "level": 95, "moves": ["recover", "powergem", "yawn", "lavaplume"], "ability": "Flame Body", "evs": {"hp": 85, "atk": 0, "def": 85, "spa": 85, "spd": 85, "spe": 85}, "ivs": {"hp": 31, "atk": 0, "def": 31, "spa": 31, "spd": 31, "spe": 31}, "item": "Heavy-Duty Boots", "teraType": "Grass", "role": "Bulky Support", "bvs": {"hp": 60, "atk": 50, "def": 120, "spa": 90, "spd": 80, "spe": 30}, "stats": {"hp": 268, "atk": 100, "def": 282, "spa": 225, "spd": 206, "spe": 111}, "types": ["Fire", "Rock"]}, "Cryogonal": {"name": "Cryogonal", "species": "Cryogonal", "speciesId": "cryogonal", "gender": "N", "shiny": false, "level": 89, "moves": ["recover", "rapidspin", "freezedry", "flashcannon"], "ability": "Levitate", "evs": {"hp": 85, "atk": 85, "def": 85, "spa": 85, "spd": 85, "spe": 85}, "ivs": {"hp": 31, "atk": 31, "def": 31, "spa": 31, "spd": 31, "spe": 31}, "item": "Heavy-Duty Boots", "teraType": "Poison", "role": "Bulky Support", "bvs": {"hp": 80, "atk": 50, "def": 50, "spa": 95, "spd": 135, "spe": 105}, "stats": {"hp": 287, "atk": 140, "def": 140, "spa": 220, "spd": 291, "spe": 238}, "types": ["Ice"]}, "Araquanid": {"name": "Araquanid", "species": "Araquanid", "speciesId": "araquanid", "gender": "F", "shiny": false, "level": 82, "moves": ["liquidation", "leechlife", "stickyweb", "hydropump"], "ability": "Water Bubble", "evs": {"hp": 85, "atk": 85, "def": 85, "spa": 85, "spd": 85, "spe": 85}, "ivs": {"hp": 31, "atk": 31, "def": 31, "spa": 31, "spd": 31, "spe": 31}, "item": "Heavy-Duty Boots", "teraType": "Steel", "role": "Bulky Attacker", "bvs": {"hp": 68, "atk": 70, "def": 92, "spa": 50, "spd": 132, "spe": 42}, "stats": {"hp": 246, "atk": 162, "def": 198, "spa": 129, "spd": 264, "spe": 116}, "types": ["Water", "Bug"]}, "Weezing": {"name": "Weezing", "species": "Weezing", "speciesId": "weezing", "gender": "F", "shiny": false, "level": 88, "moves": ["fireblast", "toxicspikes", "painsplit", "sludgebomb"], "ability": "Levitate", "evs": {"hp": 85, "atk": 0, "def": 85, "spa": 85, "spd": 85, "spe": 85}, "ivs": {"hp": 31, "atk": 0, "def": 31, "spa": 31, "spd": 31, "spe": 31}, "item": "Leftovers", "teraType": "Steel", "role": "Bulky Attacker", "bvs": {"hp": 65, "atk": 90, "def": 120, "spa": 85, "spd": 70, "spe": 60}, "stats": {"hp": 258, "atk": 163, "def": 261, "spa": 200, "spd": 173, "spe": 156}, "types": ["Poison"]}, "Whimsicott": {"name": "Whimsicott", "species": "Whimsicott", "speciesId": "whimsicott", "gender": "F", "shiny": false, "level": 84, "moves": ["moonblast", "substitute", "leechseed", "encore"], "ability": "Prankster", "evs": {"hp": 85, "atk": 0, "def": 85, "spa": 85, "spd": 85, "spe": 85}, "ivs": {"hp": 31, "atk": 0, "def": 31, "spa": 31, "spd": 31, "spe": 31}, "item": "Leftovers", "teraType": "Steel", "role": "Bulky Support", "bvs": {"hp": 60, "atk": 67, "def": 85, "spa": 77, "spd": 75, "spe": 116}, "stats": {"hp": 238, "atk": 117, "def": 191, "spa": 178, "spd": 174, "spe": 243}, "types": ["Grass", "Fairy"]}}, {"Jirachi": {"name": "Jirachi", "species": "Jirachi", "speciesId": "jirachi", "gender": "N", "shiny": false, "level": 80, "moves": ["uturn", "drainpunch", "ironhead", "bodyslam"], "ability": "Serene Grace", "evs": {"hp": 85, "atk": 85, "def": 85, "spa": 85, "spd": 85, "spe": 85}, "ivs": {"hp": 31, "atk": 31, "def": 31, "spa": 31, "spd": 31, "spe": 31}, "item": "Assault Vest", "teraType": "Fighting", "role": "Bulky Attacker", "bvs": {"hp": 100, "atk": 100, "def": 100, "spa": 100, "spd": 100, "spe": 100}, "stats": {"hp": 291, "atk": 206, "def": 206, "spa": 206, "spd": 206, "spe": 206}, "types": ["Steel", "Psychic"]}, "Delibird": {"name": "Delibird", "species": "Delibird", "speciesId": "delibird", "gender": "M", "shiny": false, "level": 100, "moves": ["bravebird", "rapidspin", "spikes", "freezedry"], "ability": "Vital Spirit", "evs": {"hp": 85, "atk": 85, "def": 85, "spa": 85, "spd": 85, "spe": 85}, "ivs": {"hp": 31, "atk": 31, "def": 31, "spa": 31, "spd": 31, "spe": 31}, "item": "Heavy-Duty Boots", "teraType": "Ghost", "role": "Fast Support", "bvs": {"hp": 45, "atk": 55, "def": 45, "spa": 65, "spd": 45, "spe": 75}, "stats": {"hp": 252, "atk": 167, "def": 147, "spa": 187, "spd": 147, "spe": 207}, "types": ["Ice", "Flying"]}, "Gliscor": {"name": "Gliscor", "species": "Gliscor", "speciesId": "gliscor", "gender": "M", "shiny": false, "level": 76, "moves": ["earthquake", "protect", "toxic", "substitute"], "ability": "Poison Heal", "evs": {"hp": 85, "atk": 85, "def": 85, "spa": 85, "spd": 85, "spe": 85}, "ivs": {"hp": 31, "atk": 31, "def": 31, "spa": 31, "spd": 31, "spe": 31}, "item": "Toxic Orb", "teraType": "Water", "role": "Fast Support", "bvs": {"hp": 75, "atk": 95, "def": 125, "spa": 45, "spd": 75, "spe": 95}, "stats": {"hp": 239, "atk": 188, "def": 234, "spa": 112, "spd": 158, "spe": 188}, "types": ["Ground", "Flying"]}, "Vaporeon": {"name": "Vaporeon", "species": "Vaporeon", "speciesId": "vaporeon", "gender": "F", "shiny": false, "level": 86, "moves": ["protect", "flipturn", "wish", "scald"], "ability": "Water Absorb", "evs": {"hp": 85, "atk": 85, "def": 85, "spa": 85, "spd": 85, "spe": 85}, "ivs": {"hp": 31, "atk": 31, "def": 31, "spa": 31, "spd": 31, "spe": 31}, "item": "Leftovers", "teraType": "Ground", "role": "Bulky Support", "bvs": {"hp": 130, "atk": 65, "def": 60, "spa": 110, "spd": 95, "spe": 65}, "stats": {"hp": 364, "atk": 161, "def": 152, "spa": 238, "spd": 213, "spe": 161}, "types": ["Water"]}, "Bronzong": {"name": "Bronzong", "species": "Bronzong", "speciesId": "bronzong", "gender": "N", "shiny": false, "level": 88, "moves": ["psychicnoise", "ironhead", "bodypress", "irondefense"], "ability": "Levitate", "evs": {"hp": 85, "atk": 85, "def": 85, "spa": 85, "spd": 85, "spe": 85}, "ivs": {"hp": 31, "atk": 31, "def": 31, "spa": 31, "spd": 31, "spe": 31}, "item": "Leftovers", "teraType": "Fighting", "role": "Bulky Setup", "bvs": {"hp": 67, "atk": 89, "def": 116, "spa": 79, "spd": 116, "spe": 33}, "stats": {"hp": 261, "atk": 207, "def": 254, "spa": 189, "spd": 254, "spe": 108}, "types": ["Steel", "Psychic"]}, "Electivire": {"name": "Electivire", "species": "Electivire", "speciesId": "electivire", "gender": "M", "shiny": false, "level": 84, "moves": ["supercellslam", "bulkup", "icepunch", "earthquake"], "ability": "Motor Drive", "evs": {"hp": 85, "atk": 85, "def": 85, "spa": 85, "spd": 85, "spe": 85}, "ivs": {"hp": 31, "atk": 31, "def": 31, "spa": 31, "spd": 31, "spe": 31}, "item": "Life Orb", "teraType": "Flying", "role": "Setup Sweeper", "bvs": {"hp": 75, "atk": 123, "def": 67, "spa": 95, "spd": 85, "spe": 95}, "stats": {"hp": 263, "atk": 255, "def": 161, "spa": 208, "spd": 191, "spe": 208}, "types": ["Electric"]}}]}