{"id": "gen9randombattle-2641442008", "format": "[Gen 9] Random Battle", "players": ["sarodiya", "xxmonarch"], "log": "|j|\u2606sarodiya\n|j|\u2606xxmonarch\n|t:|1782785356\n|gametype|singles\n|player|p1|sarodiya|265|1950\n|player|p2|xxmonarch|1|1983\n|gen|9\n|tier|[Gen 9] Random Battle\n|rated|\n|rule|Species Clause: Limit one of each Pok\u00e9mon\n|rule|HP Percentage Mod: HP is shown in percentages\n|rule|Sleep Clause Mod: Limit one foe put to sleep\n|rule|Illusion Level Mod: Illusion disguises the Pok\u00e9mon's true level\n|\n|t:|1782785356\n|teamsize|p1|6\n|teamsize|p2|6\n|start\n|switch|p1a: Heatran|Heatran, L79, F|273/273\n|switch|p2a: Phione|Phione, L91|293/293\n|-item|p1a: Heatran|Air Balloon\n|turn|1\n|inactive|Battle timer is ON: inactive players will automatically lose when time's up. (requested by xxmonarch)\n|inactive|sarodiya also wants the timer to be on.\n|\n|t:|1782785370\n|switch|p1a: Slowking|Slowking, L88, F|310/310\n|move|p2a: Phione|Scald|p1a: Slowking\n|-resisted|p1a: Slowking\n|-damage|p1a: Slowking|272/310\n|\n|upkeep\n|turn|2\n|\n|t:|1782785376\n|move|p2a: Phione|Take Heart|p2a: Phione\n|-boost|p2a: Phione|spa|1\n|-boost|p2a: Phione|spd|1\n|move|p1a: Slowking|Future Sight|p2a: Phione\n|-start|p1a: Slowking|move: Future Sight\n|\n|upkeep\n|turn|3\n|\n|t:|1782785378\n|move|p2a: Phione|Take Heart|p2a: Phione\n|-boost|p2a: Phione|spa|1\n|-boost|p2a: Phione|spd|1\n|-prepare|p1a: Slowking|Chilly Reception|[premajor]\n|move|p1a: Slowking|Chilly Reception|p1a: Slowking\n|-weather|Snowscape\n|\n|t:|1782785380\n|switch|p1a: Brambleghast|Brambleghast, L88, F|240/240|[from] Chilly Reception\n|\n|-weather|Snowscape|[upkeep]\n|upkeep\n|turn|4\n|\n|t:|1782785385\n|move|p1a: Brambleghast|Power Whip|p2a: Phione\n|-supereffective|p2a: Phione\n|-damage|p2a: Phione|0 fnt\n|faint|p2a: Phione\n|\n|-weather|Snowscape|[upkeep]\n|-hint|Future Sight did not hit because the target is fainted.\n|upkeep\n|\n|t:|1782785391\n|switch|p2a: Baxcalibur|Baxcalibur, L75, F|295/295\n|turn|5\n|\n|t:|1782785397\n|move|p1a: Brambleghast|Poltergeist|p2a: Baxcalibur\n|-activate|p2a: Baxcalibur|move: Poltergeist|Loaded Dice\n|-damage|p2a: Baxcalibur|190/295\n|move|p2a: Baxcalibur|Swords Dance|p2a: Baxcalibur\n|-boost|p2a: Baxcalibur|atk|2\n|\n|-weather|Snowscape|[upkeep]\n|upkeep\n|turn|6\n|\n|t:|1782785402\n|-terastallize|p1a: Brambleghast|Fairy\n|move|p1a: Brambleghast|Poltergeist|p2a: Baxcalibur\n|-activate|p2a: Baxcalibur|move: Poltergeist|Loaded Dice\n|-damage|p2a: Baxcalibur|91/295\n|move|p2a: Baxcalibur|Scale Shot|p1a: Brambleghast\n|-immune|p1a: Brambleghast\n|\n|-weather|Snowscape|[upkeep]\n|upkeep\n|turn|7\n|\n|t:|1782785406\n|switch|p2a: Darkrai|Darkrai, L77|234/234\n|move|p1a: Brambleghast|Poltergeist|p2a: Darkrai\n|-activate|p2a: Darkrai|move: Poltergeist|Life Orb\n|-resisted|p2a: Darkrai\n|-damage|p2a: Darkrai|156/234\n|\n|-weather|none\n|upkeep\n|turn|8\n|\n|t:|1782785414\n|switch|p1a: Heatran|Heatran, L79, F|273/273\n|-item|p1a: Heatran|Air Balloon\n|move|p2a: Darkrai|Hypnosis|p1a: Heatran\n|-status|p1a: Heatran|slp|[from] move: Hypnosis\n|\n|-damage|p1a: Heatran|239/273 slp|[from] ability: Bad Dreams|[of] p2a: Darkrai\n|upkeep\n|turn|9\n|\n|t:|1782785420\n|switch|p1a: Mamoswine|Mamoswine, L81, F|311/311\n|move|p2a: Darkrai|Nasty Plot|p2a: Darkrai\n|-boost|p2a: Darkrai|spa|2\n|\n|upkeep\n|turn|10\n|\n|t:|1782785428\n|move|p2a: Darkrai|Dark Pulse|p1a: Mamoswine\n|-damage|p1a: Mamoswine|0 fnt\n|faint|p1a: Mamoswine\n|-damage|p2a: Darkrai|133/234|[from] item: Life Orb\n|\n|upkeep\n|\n|t:|1782785436\n|switch|p1a: Suicune|Suicune, L82|298/298\n|-ability|p1a: Suicune|Pressure\n|turn|11\n|\n|t:|1782785439\n|move|p2a: Darkrai|Dark Pulse|p1a: Suicune\n|-damage|p1a: Suicune|86/298\n|-damage|p2a: Darkrai|110/234|[from] item: Life Orb\n|move|p1a: Suicune|Scald|p2a: Darkrai\n|-damage|p2a: Darkrai|34/234\n|-status|p2a: Darkrai|brn\n|\n|-heal|p1a: Suicune|104/298|[from] item: Leftovers\n|-damage|p2a: Darkrai|20/234 brn|[from] brn\n|upkeep\n|turn|12\n|\n|t:|1782785447\n|switch|p1a: Heatran|Heatran, L79, F|239/273 slp\n|-item|p1a: Heatran|Air Balloon\n|move|p2a: Darkrai|Sludge Bomb|p1a: Heatran\n|-immune|p1a: Heatran\n|\n|-damage|p2a: Darkrai|6/234 brn|[from] brn\n|-damage|p1a: Heatran|205/273 slp|[from] ability: Bad Dreams|[of] p2a: Darkrai\n|upkeep\n|turn|13\n|\n|t:|1782785452\n|move|p2a: Darkrai|Dark Pulse|p1a: Heatran\n|-damage|p1a: Heatran|1/273 slp\n|-enditem|p1a: Heatran|Air Balloon\n|-damage|p2a: Darkrai|0 fnt|[from] item: Life Orb\n|faint|p2a: Darkrai\n|cant|p1a: Heatran|slp\n|\n|upkeep\n|\n|t:|1782785464\n|switch|p2a: Pachirisu|Pachirisu, L96, M|271/271\n|turn|14\n|\n|t:|1782785469\n|switch|p1a: Slowking|Slowking, L88, F|310/310\n|move|p2a: Pachirisu|Discharge|p1a: Slowking\n|-supereffective|p1a: Slowking\n|-crit|p1a: Slowking\n|-damage|p1a: Slowking|152/310\n|\n|upkeep\n|turn|15\n|\n|t:|1782785482\n|move|p2a: Pachirisu|Discharge|p1a: Slowking\n|-supereffective|p1a: Slowking\n|-damage|p1a: Slowking|42/310\n|move|p1a: Slowking|Slack Off|p1a: Slowking\n|-heal|p1a: Slowking|197/310\n|\n|upkeep\n|turn|16\n|\n|t:|1782785486\n|move|p2a: Pachirisu|Encore|p1a: Slowking\n|-start|p1a: Slowking|Encore\n|move|p1a: Slowking|Slack Off|p1a: Slowking\n|-heal|p1a: Slowking|310/310\n|\n|upkeep\n|turn|17\n|\n|t:|1782785496\n|switch|p1a: Brambleghast|Brambleghast, L88, F, tera:Fairy|240/240\n|move|p2a: Pachirisu|U-turn|p1a: Brambleghast\n|-resisted|p1a: Brambleghast\n|-damage|p1a: Brambleghast|220/240\n|\n|t:|1782785505\n|switch|p2a: Barraskewda|Barraskewda, L81, F|231/231|[from] U-turn\n|\n|-heal|p1a: Brambleghast|235/240|[from] item: Leftovers\n|upkeep\n|turn|18\n|\n|t:|1782785510\n|move|p2a: Barraskewda|Flip Turn|p1a: Brambleghast\n|-damage|p1a: Brambleghast|114/240\n|\n|t:|1782785514\n|switch|p2a: Pachirisu|Pachirisu, L96, M|271/271|[from] Flip Turn\n|move|p1a: Brambleghast|Strength Sap|p2a: Pachirisu\n|-unboost|p2a: Pachirisu|atk|1\n|-heal|p1a: Brambleghast|240/240\n|\n|upkeep\n|turn|19\n|\n|t:|1782785521\n|move|p2a: Pachirisu|Encore|p1a: Brambleghast\n|-start|p1a: Brambleghast|Encore\n|move|p1a: Brambleghast|Strength Sap|p2a: Pachirisu\n|-unboost|p2a: Pachirisu|atk|1\n|\n|upkeep\n|turn|20\n|\n|t:|1782785526\n|switch|p1a: Slowking|Slowking, L88, F|310/310\n|move|p2a: Pachirisu|Super Fang|p1a: Slowking\n|-damage|p1a: Slowking|155/310\n|\n|upkeep\n|turn|21\n|\n|t:|1782785532\n|move|p2a: Pachirisu|Discharge|p1a: Slowking\n|-supereffective|p1a: Slowking\n|-damage|p1a: Slowking|45/310\n|-status|p1a: Slowking|par\n|cant|p1a: Slowking|par\n|\n|upkeep\n|turn|22\n|\n|t:|1782785538\n|switch|p1a: Brambleghast|Brambleghast, L88, F, tera:Fairy|240/240\n|move|p2a: Pachirisu|Discharge|p1a: Brambleghast\n|-damage|p1a: Brambleghast|159/240\n|\n|-heal|p1a: Brambleghast|174/240|[from] item: Leftovers\n|upkeep\n|turn|23\n|\n|t:|1782785563\n|move|p2a: Pachirisu|Discharge|p1a: Brambleghast\n|-damage|p1a: Brambleghast|107/240\n|move|p1a: Brambleghast|Power Whip|p2a: Pachirisu\n|-damage|p2a: Pachirisu|105/271\n|\n|-heal|p1a: Brambleghast|122/240|[from] item: Leftovers\n|upkeep\n|turn|24\n|\n|t:|1782785585\n|move|p2a: Pachirisu|U-turn|p1a: Brambleghast\n|-resisted|p1a: Brambleghast\n|-damage|p1a: Brambleghast|111/240\n|\n|t:|1782785587\n|switch|p2a: Baxcalibur|Baxcalibur, L75, F|91/295|[from] U-turn\n|move|p1a: Brambleghast|Strength Sap|p2a: Baxcalibur\n|-unboost|p2a: Baxcalibur|atk|1\n|-heal|p1a: Brambleghast|240/240\n|\n|upkeep\n|turn|25\n|\n|t:|1782785592\n|move|p1a: Brambleghast|Poltergeist|p2a: Baxcalibur\n|-activate|p2a: Baxcalibur|move: Poltergeist|Loaded Dice\n|-damage|p2a: Baxcalibur|0 fnt\n|faint|p2a: Baxcalibur\n|\n|upkeep\n|\n|t:|1782785594\n|switch|p2a: Barraskewda|Barraskewda, L81, F|231/231\n|turn|26\n|\n|t:|1782785596\n|move|p2a: Barraskewda|Waterfall|p1a: Brambleghast\n|-damage|p1a: Brambleghast|75/240\n|move|p1a: Brambleghast|Strength Sap|p2a: Barraskewda\n|-unboost|p2a: Barraskewda|atk|1\n|-heal|p1a: Brambleghast|240/240\n|\n|upkeep\n|turn|27\n|\n|t:|1782785601\n|switch|p2a: Pachirisu|Pachirisu, L96, M|105/271\n|move|p1a: Brambleghast|Power Whip|p2a: Pachirisu\n|-damage|p2a: Pachirisu|0 fnt\n|faint|p2a: Pachirisu\n|\n|upkeep\n|\n|t:|1782785606\n|switch|p2a: Barraskewda|Barraskewda, L81, F|231/231\n|turn|28\n|\n|t:|1782785609\n|move|p2a: Barraskewda|Waterfall|p1a: Brambleghast\n|-damage|p1a: Brambleghast|69/240\n|cant|p1a: Brambleghast|flinch\n|\n|-heal|p1a: Brambleghast|84/240|[from] item: Leftovers\n|upkeep\n|turn|29\n|\n|t:|1782785614\n|switch|p1a: Heatran|Heatran, L79, F|1/273 slp\n|move|p2a: Barraskewda|Waterfall|p1a: Heatran\n|-supereffective|p1a: Heatran\n|-damage|p1a: Heatran|0 fnt\n|faint|p1a: Heatran\n|\n|upkeep\n|\n|t:|1782785615\n|switch|p1a: Suicune|Suicune, L82|104/298\n|-ability|p1a: Suicune|Pressure\n|turn|30\n|\n|t:|1782785617\n|move|p2a: Barraskewda|Waterfall|p1a: Suicune\n|-resisted|p1a: Suicune\n|-damage|p1a: Suicune|47/298\n|move|p1a: Suicune|Rest|p1a: Suicune\n|-status|p1a: Suicune|slp|[from] move: Rest\n|-heal|p1a: Suicune|298/298 slp|[silent]\n|\n|upkeep\n|turn|31\n|\n|t:|1782785622\n|switch|p2a: Lycanroc|Lycanroc-Midnight, L89, M|296/296\n|cant|p1a: Suicune|slp\n|move|p1a: Suicune|Sleep Talk|p1a: Suicune\n|move|p1a: Suicune|Rest||[from] move: Sleep Talk|[still]\n|-fail|p1a: Suicune\n|\n|upkeep\n|turn|32\n|\n|t:|1782785627\n|move|p2a: Lycanroc|Stone Edge|p1a: Suicune\n|-damage|p1a: Suicune|146/298 slp\n|-damage|p2a: Lycanroc|267/296|[from] item: Life Orb\n|cant|p1a: Suicune|slp\n|move|p1a: Suicune|Sleep Talk|p1a: Suicune\n|move|p1a: Suicune|Rest||[from] move: Sleep Talk|[still]\n|-fail|p1a: Suicune\n|\n|-heal|p1a: Suicune|164/298 slp|[from] item: Leftovers\n|upkeep\n|turn|33\n|\n|t:|1782785636\n|switch|p1a: Slowking|Slowking, L88, F|148/310 par\n|move|p2a: Lycanroc|Stone Edge|p1a: Slowking\n|-damage|p1a: Slowking|0 fnt\n|faint|p1a: Slowking\n|-damage|p2a: Lycanroc|238/296|[from] item: Life Orb\n|\n|upkeep\n|\n|t:|1782785639\n|switch|p1a: Brambleghast|Brambleghast, L88, F, tera:Fairy|84/240\n|turn|34\n|\n|t:|1782785645\n|-terastallize|p2a: Lycanroc|Fighting\n|move|p1a: Brambleghast|Strength Sap|p2a: Lycanroc\n|-unboost|p2a: Lycanroc|atk|1\n|-heal|p1a: Brambleghast|240/240\n|move|p2a: Lycanroc|Stone Edge|p1a: Brambleghast\n|-damage|p1a: Brambleghast|104/240\n|-damage|p2a: Lycanroc|209/296|[from] item: Life Orb\n|\n|-heal|p1a: Brambleghast|119/240|[from] item: Leftovers\n|upkeep\n|turn|35\n|\n|t:|1782785653\n|switch|p2a: Barraskewda|Barraskewda, L81, F|231/231\n|move|p1a: Brambleghast|Strength Sap|p2a: Barraskewda\n|-unboost|p2a: Barraskewda|atk|1\n|-heal|p1a: Brambleghast|240/240\n|\n|upkeep\n|turn|36\n|\n|t:|1782785659\n|move|p2a: Barraskewda|Flip Turn|p1a: Brambleghast\n|-damage|p1a: Brambleghast|152/240\n|\n|t:|1782785661\n|switch|p2a: Lycanroc|Lycanroc-Midnight, L89, M, tera:Fighting|209/296|[from] Flip Turn\n|move|p1a: Brambleghast|Power Whip|p2a: Lycanroc\n|-damage|p2a: Lycanroc|28/296\n|\n|-heal|p1a: Brambleghast|167/240|[from] item: Leftovers\n|upkeep\n|turn|37\n|\n|t:|1782785667\n|move|p1a: Brambleghast|Poltergeist|p2a: Lycanroc\n|-activate|p2a: Lycanroc|move: Poltergeist|Life Orb\n|-damage|p2a: Lycanroc|0 fnt\n|faint|p2a: Lycanroc\n|\n|-heal|p1a: Brambleghast|182/240|[from] item: Leftovers\n|upkeep\n|\n|t:|1782785668\n|switch|p2a: Barraskewda|Barraskewda, L81, F|231/231\n|turn|38\n|\n|t:|1782785671\n|move|p2a: Barraskewda|Waterfall|p1a: Brambleghast\n|-damage|p1a: Brambleghast|25/240\n|cant|p1a: Brambleghast|flinch\n|\n|-heal|p1a: Brambleghast|40/240|[from] item: Leftovers\n|upkeep\n|turn|39\n|\n|t:|1782785674\n|move|p2a: Barraskewda|Waterfall|p1a: Brambleghast\n|-damage|p1a: Brambleghast|0 fnt\n|faint|p1a: Brambleghast\n|\n|upkeep\n|\n|t:|1782785677\n|switch|p1a: Suicune|Suicune, L82|164/298 slp\n|-ability|p1a: Suicune|Pressure\n|turn|40\n|\n|t:|1782785679\n|move|p2a: Barraskewda|Waterfall|p1a: Suicune\n|-resisted|p1a: Suicune\n|-damage|p1a: Suicune|102/298 slp\n|-curestatus|p1a: Suicune|slp|[msg]\n|move|p1a: Suicune|Rest|p1a: Suicune\n|-status|p1a: Suicune|slp|[from] move: Rest\n|-heal|p1a: Suicune|298/298 slp|[silent]\n|\n|upkeep\n|turn|41\n|\n|t:|1782785684\n|move|p2a: Barraskewda|Waterfall|p1a: Suicune\n|-resisted|p1a: Suicune\n|-damage|p1a: Suicune|243/298 slp\n|cant|p1a: Suicune|slp\n|move|p1a: Suicune|Sleep Talk|p1a: Suicune\n|move|p1a: Suicune|Rest||[from] move: Sleep Talk|[still]\n|-fail|p1a: Suicune\n|\n|-heal|p1a: Suicune|261/298 slp|[from] item: Leftovers\n|upkeep\n|turn|42\n|\n|t:|1782785687\n|move|p2a: Barraskewda|Waterfall|p1a: Suicune\n|-resisted|p1a: Suicune\n|-damage|p1a: Suicune|199/298 slp\n|cant|p1a: Suicune|slp\n|move|p1a: Suicune|Sleep Talk|p1a: Suicune\n|move|p1a: Suicune|Scald|p2a: Barraskewda|[from] move: Sleep Talk\n|-resisted|p2a: Barraskewda\n|-damage|p2a: Barraskewda|171/231\n|\n|-heal|p1a: Suicune|217/298 slp|[from] item: Leftovers\n|upkeep\n|turn|43\n|\n|t:|1782785691\n|move|p2a: Barraskewda|Waterfall|p1a: Suicune\n|-resisted|p1a: Suicune\n|-damage|p1a: Suicune|153/298 slp\n|-curestatus|p1a: Suicune|slp|[msg]\n|move|p1a: Suicune|Calm Mind|p1a: Suicune\n|-boost|p1a: Suicune|spa|1\n|-boost|p1a: Suicune|spd|1\n|\n|-heal|p1a: Suicune|171/298|[from] item: Leftovers\n|upkeep\n|turn|44\n|\n|t:|1782785695\n|move|p2a: Barraskewda|Waterfall|p1a: Suicune\n|-resisted|p1a: Suicune\n|-damage|p1a: Suicune|117/298\n|cant|p1a: Suicune|flinch\n|\n|-heal|p1a: Suicune|135/298|[from] item: Leftovers\n|upkeep\n|turn|45\n|\n|t:|1782785698\n|move|p2a: Barraskewda|Waterfall|p1a: Suicune\n|-resisted|p1a: Suicune\n|-damage|p1a: Suicune|75/298\n|move|p1a: Suicune|Rest|p1a: Suicune\n|-status|p1a: Suicune|slp|[from] move: Rest\n|-heal|p1a: Suicune|298/298 slp|[silent]\n|\n|upkeep\n|turn|46\n|\n|t:|1782785702\n|move|p2a: Barraskewda|Waterfall|p1a: Suicune\n|-resisted|p1a: Suicune\n|-damage|p1a: Suicune|239/298 slp\n|cant|p1a: Suicune|slp\n|move|p1a: Suicune|Sleep Talk|p1a: Suicune\n|move|p1a: Suicune|Scald|p2a: Barraskewda|[from] move: Sleep Talk\n|-resisted|p2a: Barraskewda\n|-damage|p2a: Barraskewda|82/231\n|\n|-heal|p1a: Suicune|257/298 slp|[from] item: Leftovers\n|upkeep\n|turn|47\n|\n|t:|1782785706\n|move|p2a: Barraskewda|Waterfall|p1a: Suicune\n|-resisted|p1a: Suicune\n|-damage|p1a: Suicune|202/298 slp\n|cant|p1a: Suicune|slp\n|move|p1a: Suicune|Sleep Talk|p1a: Suicune\n|move|p1a: Suicune|Scald|p2a: Barraskewda|[from] move: Sleep Talk\n|-resisted|p2a: Barraskewda\n|-damage|p2a: Barraskewda|1/231\n|\n|-heal|p1a: Suicune|220/298 slp|[from] item: Leftovers\n|upkeep\n|turn|48\n|\n|t:|1782785709\n|move|p2a: Barraskewda|Waterfall|p1a: Suicune\n|-resisted|p1a: Suicune\n|-damage|p1a: Suicune|166/298 slp\n|-curestatus|p1a: Suicune|slp|[msg]\n|move|p1a: Suicune|Scald|p2a: Barraskewda\n|-resisted|p2a: Barraskewda\n|-damage|p2a: Barraskewda|0 fnt\n|faint|p2a: Barraskewda\n|\n|win|sarodiya\n", "inputlog": ">version f8ac14003a5f27e1bdc8d8c59608a773c1cb96e5\n>start {\"formatid\":\"gen9randombattle\",\"seed\":\"sodium,680229c44d827f9a65c43ae787eb4c3c\",\"rated\":\"Rated battle\"}\n>player p1 {\"name\":\"sarodiya\",\"avatar\":\"265\",\"rating\":1950,\"seed\":\"sodium,4d28b5e45bbd14374b014d8a701c1860\"}\n>player p2 {\"name\":\"xxmonarch\",\"avatar\":\"1\",\"rating\":1983,\"seed\":\"sodium,f5c82782cd22759f16a749c75c6b4113\"}\n>p1 switch 5\n>p2 move scald\n>p1 move futuresight\n>p2 move takeheart\n>p1 move chillyreception\n>p2 move takeheart\n>p1 switch 6\n>p1 move powerwhip\n>p2 move rest\n>p2 switch 4\n>p1 move poltergeist\n>p2 move swordsdance\n>p1 move poltergeist terastallize\n>p2 move scaleshot\n>p1 move poltergeist\n>p2 switch 3\n>p1 switch 5\n>p2 move hypnosis\n>p1 switch 4\n>p2 move nastyplot\n>p1 move earthquake\n>p2 move darkpulse\n>p1 switch 3\n>p1 move scald\n>p2 move darkpulse\n>p1 switch 4\n>p2 move sludgebomb\n>p1 move heavyslam\n>p2 move darkpulse\n>p2 switch 2\n>p1 switch 6\n>p2 move discharge\n>p1 move slackoff\n>p2 move discharge\n>p1 move slackoff\n>p2 move encore\n>p1 switch 5\n>p2 move uturn\n>p2 switch 5\n>p1 move strengthsap\n>p2 move flipturn\n>p2 switch 5\n>p1 move powerwhip\n>p2 move encore\n>p1 switch 5\n>p2 move superfang\n>p1 move futuresight\n>p2 move discharge\n>p1 switch 5\n>p2 move discharge\n>p1 move powerwhip\n>p2 move discharge\n>p1 move strengthsap\n>p2 move uturn\n>p2 switch 3\n>p1 move poltergeist\n>p2 move iciclespear\n>p2 switch 5\n>p1 move strengthsap\n>p2 move waterfall\n>p1 move powerwhip\n>p2 switch 3\n>p2 switch 3\n>p1 move powerwhip\n>p2 move waterfall\n>p1 switch 6\n>p2 move waterfall\n>p1 switch 4\n>p1 move rest\n>p2 move waterfall\n>p1 move sleeptalk\n>p2 switch 6\n>p1 move sleeptalk\n>p2 move stoneedge\n>p1 switch 5\n>p2 move stoneedge\n>p1 switch 6\n>p1 move strengthsap\n>p2 move stoneedge terastallize\n>p1 move strengthsap\n>p2 switch 6\n>p1 move powerwhip\n>p2 move flipturn\n>p2 switch 6\n>p1 move poltergeist\n>p2 move stoneedge\n>p2 switch 6\n>p1 move strengthsap\n>p2 move waterfall\n>p1 move strengthsap\n>p2 move waterfall\n>p1 switch 5\n>p1 move rest\n>p2 move waterfall\n>p1 move sleeptalk\n>p2 move waterfall\n>p1 move sleeptalk\n>p2 move waterfall\n>p1 move calmmind\n>p2 move waterfall\n>p1 move rest\n>p2 move waterfall\n>p1 move rest\n>p2 move waterfall\n>p1 move sleeptalk\n>p2 move waterfall\n>p1 move sleeptalk\n>p2 move waterfall\n>p1 move scald\n>p2 move waterfall", "uploadtime": 1782785357, "views": 4, "formatid": "gen9randombattle", "rating": null, "private": 0, "password": null, "player_dets": [{"name": "sarodiya", "avatar": "265", "rating": 1950, "seed": "sodium,4d28b5e45bbd14374b014d8a701c1860"}, {"name": "xxmonarch", "avatar": "1", "rating": 1983, "seed": "sodium,f5c82782cd22759f16a749c75c6b4113"}], "teams_full": [{"Heatran": {"name": "Heatran", "species": "Heatran", "speciesId": "heatran", "gender": "F", "shiny": false, "level": 79, "moves": ["heavyslam", "stealthrock", "earthpower", "lavaplume"], "ability": "Flash Fire", "evs": {"hp": 85, "atk": 85, "def": 85, "spa": 85, "spd": 85, "spe": 85}, "ivs": {"hp": 31, "atk": 31, "def": 31, "spa": 31, "spd": 31, "spe": 31}, "item": "Air Balloon", "teraType": "Flying", "role": "Bulky Support", "bvs": {"hp": 91, "atk": 90, "def": 106, "spa": 130, "spd": 106, "spe": 77}, "stats": {"hp": 273, "atk": 188, "def": 213, "spa": 251, "spd": 213, "spe": 167}, "types": ["Fire", "Steel"]}, "Braviary": {"name": "Braviary", "species": "Braviary-Hisui", "speciesId": "braviaryhisui", "gender": "M", "shiny": false, "level": 85, "moves": ["hurricane", "vacuumwave", "esperwing", "uturn"], "ability": "Tinted Lens", "evs": {"hp": 85, "atk": 85, "def": 85, "spa": 85, "spd": 85, "spe": 85}, "ivs": {"hp": 31, "atk": 31, "def": 31, "spa": 31, "spd": 31, "spe": 31}, "item": "Choice Specs", "teraType": "Psychic", "role": "Wallbreaker", "bvs": {"hp": 110, "atk": 83, "def": 70, "spa": 112, "spd": 70, "spe": 65}, "stats": {"hp": 326, "atk": 190, "def": 168, "spa": 239, "spd": 168, "spe": 159}, "types": ["Psychic", "Flying"]}, "Suicune": {"name": "Suicune", "species": "Suicune", "speciesId": "suicune", "gender": "N", "shiny": false, "level": 82, "moves": ["scald", "rest", "sleeptalk", "calmmind"], "ability": "Pressure", "evs": {"hp": 85, "atk": 0, "def": 85, "spa": 85, "spd": 85, "spe": 85}, "ivs": {"hp": 31, "atk": 0, "def": 31, "spa": 31, "spd": 31, "spe": 31}, "item": "Leftovers", "teraType": "Dragon", "role": "Bulky Attacker", "bvs": {"hp": 100, "atk": 75, "def": 115, "spa": 90, "spd": 115, "spe": 85}, "stats": {"hp": 298, "atk": 127, "def": 236, "spa": 195, "spd": 236, "spe": 187}, "types": ["Water"]}, "Mamoswine": {"name": "Mamoswine", "species": "Mamoswine", "speciesId": "mamoswine", "gender": "F", "shiny": false, "level": 81, "moves": ["iciclecrash", "earthquake", "knockoff", "iceshard"], "ability": "Thick Fat", "evs": {"hp": 85, "atk": 85, "def": 85, "spa": 85, "spd": 85, "spe": 85}, "ivs": {"hp": 31, "atk": 31, "def": 31, "spa": 31, "spd": 31, "spe": 31}, "item": "Choice Band", "teraType": "Ground", "role": "Wallbreaker", "bvs": {"hp": 110, "atk": 130, "def": 80, "spa": 70, "spd": 60, "spe": 80}, "stats": {"hp": 311, "atk": 257, "def": 176, "spa": 160, "spd": 144, "spe": 176}, "types": ["Ice", "Ground"]}, "Slowking": {"name": "Slowking", "species": "Slowking", "speciesId": "slowking", "gender": "F", "shiny": false, "level": 88, "moves": ["slackoff", "chillyreception", "futuresight", "scald"], "ability": "Regenerator", "evs": {"hp": 85, "atk": 0, "def": 85, "spa": 85, "spd": 85, "spe": 85}, "ivs": {"hp": 31, "atk": 0, "def": 31, "spa": 31, "spd": 31, "spe": 31}, "item": "Heavy-Duty Boots", "teraType": "Dragon", "role": "Fast Support", "bvs": {"hp": 95, "atk": 75, "def": 80, "spa": 100, "spd": 110, "spe": 30}, "stats": {"hp": 310, "atk": 137, "def": 191, "spa": 226, "spd": 244, "spe": 103}, "types": ["Water", "Psychic"]}, "Brambleghast": {"name": "Brambleghast", "species": "Brambleghast", "speciesId": "brambleghast", "gender": "F", "shiny": false, "level": 88, "moves": ["powerwhip", "spikes", "strengthsap", "poltergeist"], "ability": "Wind Rider", "evs": {"hp": 85, "atk": 85, "def": 85, "spa": 85, "spd": 85, "spe": 85}, "ivs": {"hp": 31, "atk": 31, "def": 31, "spa": 31, "spd": 31, "spe": 31}, "item": "Leftovers", "teraType": "Fairy", "role": "Fast Support", "bvs": {"hp": 55, "atk": 115, "def": 70, "spa": 80, "spd": 70, "spe": 90}, "stats": {"hp": 240, "atk": 253, "def": 173, "spa": 191, "spd": 173, "spe": 209}, "types": ["Grass", "Ghost"]}}, {"Phione": {"name": "Phione", "species": "Phione", "speciesId": "phione", "gender": "N", "shiny": false, "level": 91, "moves": ["takeheart", "rest", "sleeptalk", "scald"], "ability": "Hydration", "evs": {"hp": 85, "atk": 0, "def": 85, "spa": 85, "spd": 85, "spe": 85}, "ivs": {"hp": 31, "atk": 0, "def": 31, "spa": 31, "spd": 31, "spe": 31}, "item": "Leftovers", "teraType": "Dragon", "role": "Bulky Setup", "bvs": {"hp": 80, "atk": 80, "def": 80, "spa": 80, "spd": 80, "spe": 80}, "stats": {"hp": 293, "atk": 150, "def": 197, "spa": 197, "spd": 197, "spe": 197}, "types": ["Water"]}, "Pachirisu": {"name": "Pachirisu", "species": "Pachirisu", "speciesId": "pachirisu", "gender": "M", "shiny": false, "level": 96, "moves": ["uturn", "encore", "discharge", "superfang"], "ability": "Volt Absorb", "evs": {"hp": 85, "atk": 85, "def": 85, "spa": 85, "spd": 85, "spe": 85}, "ivs": {"hp": 31, "atk": 31, "def": 31, "spa": 31, "spd": 31, "spe": 31}, "item": "Heavy-Duty Boots", "teraType": "Flying", "role": "Fast Support", "bvs": {"hp": 60, "atk": 45, "def": 70, "spa": 45, "spd": 90, "spe": 95}, "stats": {"hp": 271, "atk": 141, "def": 189, "spa": 141, "spd": 227, "spe": 237}, "types": ["Electric"]}, "Darkrai": {"name": "Darkrai", "species": "Darkrai", "speciesId": "darkrai", "gender": "N", "shiny": false, "level": 77, "moves": ["darkpulse", "nastyplot", "hypnosis", "sludgebomb"], "ability": "Bad Dreams", "evs": {"hp": 85, "atk": 0, "def": 85, "spa": 85, "spd": 85, "spe": 85}, "ivs": {"hp": 31, "atk": 0, "def": 31, "spa": 31, "spd": 31, "spe": 31}, "item": "Life Orb", "teraType": "Poison", "role": "Setup Sweeper", "bvs": {"hp": 70, "atk": 90, "def": 90, "spa": 135, "spd": 90, "spe": 125}, "stats": {"hp": 234, "atk": 143, "def": 183, "spa": 252, "spd": 183, "spe": 237}, "types": ["Dark"]}, "Baxcalibur": {"name": "Baxcalibur", "species": "Baxcalibur", "speciesId": "baxcalibur", "gender": "F", "shiny": false, "level": 75, "moves": ["earthquake", "swordsdance", "iciclespear", "scaleshot"], "ability": "Thermal Exchange", "evs": {"hp": 81, "atk": 85, "def": 85, "spa": 85, "spd": 85, "spe": 85}, "ivs": {"hp": 31, "atk": 31, "def": 31, "spa": 31, "spd": 31, "spe": 31}, "item": "Loaded Dice", "teraType": "Dragon", "role": "Bulky Setup", "bvs": {"hp": 115, "atk": 145, "def": 92, "spa": 75, "spd": 86, "spe": 87}, "stats": {"hp": 295, "atk": 261, "def": 182, "spa": 156, "spd": 173, "spe": 174}, "types": ["Dragon", "Ice"]}, "Barraskewda": {"name": "Barraskewda", "species": "Barraskewda", "speciesId": "barraskewda", "gender": "F", "shiny": false, "level": 81, "moves": ["waterfall", "throatchop", "closecombat", "flipturn"], "ability": "Swift Swim", "evs": {"hp": 85, "atk": 85, "def": 85, "spa": 85, "spd": 85, "spe": 85}, "ivs": {"hp": 31, "atk": 31, "def": 31, "spa": 31, "spd": 31, "spe": 31}, "item": "Choice Band", "teraType": "Fighting", "role": "Wallbreaker", "bvs": {"hp": 61, "atk": 123, "def": 60, "spa": 60, "spd": 50, "spe": 136}, "stats": {"hp": 231, "atk": 246, "def": 144, "spa": 144, "spd": 128, "spe": 267}, "types": ["Water"]}, "Lycanroc": {"name": "Lycanroc", "species": "Lycanroc-Midnight", "speciesId": "lycanrocmidnight", "gender": "M", "shiny": false, "level": 89, "moves": ["stoneedge", "closecombat", "suckerpunch", "stealthrock"], "ability": "No Guard", "evs": {"hp": 85, "atk": 85, "def": 85, "spa": 85, "spd": 85, "spe": 85}, "ivs": {"hp": 31, "atk": 31, "def": 31, "spa": 31, "spd": 31, "spe": 31}, "item": "Life Orb", "teraType": "Fighting", "role": "Fast Attacker", "bvs": {"hp": 85, "atk": 115, "def": 75, "spa": 55, "spd": 75, "spe": 82}, "stats": {"hp": 296, "atk": 255, "def": 184, "spa": 149, "spd": 184, "spe": 197}, "types": ["Rock"]}}]}