{"id": "gen9randombattle-2641318793", "format": "[Gen 9] Random Battle", "players": ["Baggioo", "actually a mimic"], "log": "|j|\u203dBaggioo\n|j|\u2606actually a mimic\n|t:|1782767310\n|gametype|singles\n|player|p1|Baggioo|benga|1322\n|player|p2|actually a mimic|harlequin|1313\n|gen|9\n|tier|[Gen 9] Random Battle\n|rated|\n|rule|Species Clause: Limit one of each Pok\u00e9mon\n|rule|HP Percentage Mod: HP is shown in percentages\n|rule|Sleep Clause Mod: Limit one foe put to sleep\n|rule|Illusion Level Mod: Illusion disguises the Pok\u00e9mon's true level\n|\n|t:|1782767310\n|teamsize|p1|6\n|teamsize|p2|6\n|start\n|switch|p1a: Milotic|Milotic, L83, F|293/293\n|switch|p2a: Mismagius|Mismagius, L86, F|243/243\n|turn|1\n|inactive|Battle timer is ON: inactive players will automatically lose when time's up. (requested by Baggioo)\n|inactive|actually a mimic has 120 seconds left.\n|\n|t:|1782767347\n|switch|p2a: Lunala|Lunala, L70|308/308\n|move|p1a: Milotic|Scald|p2a: Lunala\n|-damage|p2a: Lunala|266/308\n|\n|-heal|p2a: Lunala|285/308|[from] item: Leftovers\n|upkeep\n|turn|2\n|\n|t:|1782767360\n|move|p1a: Milotic|Scald|p2a: Lunala\n|-damage|p2a: Lunala|198/308\n|move|p2a: Lunala|Moongeist Beam|p1a: Milotic\n|-damage|p1a: Milotic|212/293\n|\n|-heal|p1a: Milotic|230/293|[from] item: Leftovers\n|-heal|p2a: Lunala|217/308|[from] item: Leftovers\n|upkeep\n|turn|3\n|\n|t:|1782767370\n|move|p1a: Milotic|Scald|p2a: Lunala\n|-damage|p2a: Lunala|132/308\n|-status|p2a: Lunala|brn\n|move|p2a: Lunala|Moonlight|p2a: Lunala\n|-heal|p2a: Lunala|286/308 brn\n|\n|-heal|p1a: Milotic|248/293|[from] item: Leftovers\n|-heal|p2a: Lunala|305/308 brn|[from] item: Leftovers\n|-damage|p2a: Lunala|286/308 brn|[from] brn\n|upkeep\n|turn|4\n|\n|t:|1782767381\n|move|p1a: Milotic|Ice Beam|p2a: Lunala\n|-damage|p2a: Lunala|223/308 brn\n|move|p2a: Lunala|Calm Mind|p2a: Lunala\n|-boost|p2a: Lunala|spa|1\n|-boost|p2a: Lunala|spd|1\n|\n|-heal|p1a: Milotic|266/293|[from] item: Leftovers\n|-heal|p2a: Lunala|242/308 brn|[from] item: Leftovers\n|-damage|p2a: Lunala|223/308 brn|[from] brn\n|upkeep\n|turn|5\n|\n|t:|1782767386\n|move|p1a: Milotic|Haze|p1a: Milotic\n|-clearallboost\n|move|p2a: Lunala|Psyshock|p1a: Milotic\n|-damage|p1a: Milotic|179/293\n|\n|-heal|p1a: Milotic|197/293|[from] item: Leftovers\n|-heal|p2a: Lunala|242/308 brn|[from] item: Leftovers\n|-damage|p2a: Lunala|223/308 brn|[from] brn\n|upkeep\n|turn|6\n|\n|t:|1782767390\n|move|p1a: Milotic|Scald|p2a: Lunala\n|-damage|p2a: Lunala|130/308 brn\n|move|p2a: Lunala|Psyshock|p1a: Milotic\n|-damage|p1a: Milotic|116/293\n|\n|-heal|p1a: Milotic|134/293|[from] item: Leftovers\n|-heal|p2a: Lunala|149/308 brn|[from] item: Leftovers\n|-damage|p2a: Lunala|130/308 brn|[from] brn\n|upkeep\n|turn|7\n|\n|t:|1782767404\n|move|p1a: Milotic|Recover|p1a: Milotic\n|-heal|p1a: Milotic|281/293\n|move|p2a: Lunala|Calm Mind|p2a: Lunala\n|-boost|p2a: Lunala|spa|1\n|-boost|p2a: Lunala|spd|1\n|\n|-heal|p1a: Milotic|293/293|[from] item: Leftovers\n|-heal|p2a: Lunala|149/308 brn|[from] item: Leftovers\n|-damage|p2a: Lunala|130/308 brn|[from] brn\n|upkeep\n|turn|8\n|\n|t:|1782767408\n|move|p1a: Milotic|Haze|p1a: Milotic\n|-clearallboost\n|move|p2a: Lunala|Moonlight|p2a: Lunala\n|-heal|p2a: Lunala|284/308 brn\n|\n|-heal|p2a: Lunala|303/308 brn|[from] item: Leftovers\n|-damage|p2a: Lunala|284/308 brn|[from] brn\n|upkeep\n|turn|9\n|\n|t:|1782767412\n|move|p1a: Milotic|Scald|p2a: Lunala\n|-damage|p2a: Lunala|194/308 brn\n|move|p2a: Lunala|Psyshock|p1a: Milotic\n|-damage|p1a: Milotic|211/293\n|\n|-heal|p1a: Milotic|229/293|[from] item: Leftovers\n|-heal|p2a: Lunala|213/308 brn|[from] item: Leftovers\n|-damage|p2a: Lunala|194/308 brn|[from] brn\n|upkeep\n|turn|10\n|\n|t:|1782767418\n|move|p1a: Milotic|Scald|p2a: Lunala\n|-damage|p2a: Lunala|104/308 brn\n|move|p2a: Lunala|Moonlight|p2a: Lunala\n|-heal|p2a: Lunala|258/308 brn\n|\n|-heal|p1a: Milotic|247/293|[from] item: Leftovers\n|-heal|p2a: Lunala|277/308 brn|[from] item: Leftovers\n|-damage|p2a: Lunala|258/308 brn|[from] brn\n|upkeep\n|turn|11\n|\n|t:|1782767425\n|move|p1a: Milotic|Scald|p2a: Lunala\n|-damage|p2a: Lunala|168/308 brn\n|move|p2a: Lunala|Psyshock|p1a: Milotic\n|-crit|p1a: Milotic\n|-damage|p1a: Milotic|103/293\n|\n|-heal|p1a: Milotic|121/293|[from] item: Leftovers\n|-heal|p2a: Lunala|187/308 brn|[from] item: Leftovers\n|-damage|p2a: Lunala|168/308 brn|[from] brn\n|upkeep\n|turn|12\n|\n|t:|1782767428\n|move|p1a: Milotic|Recover|p1a: Milotic\n|-heal|p1a: Milotic|268/293\n|move|p2a: Lunala|Psyshock|p1a: Milotic\n|-damage|p1a: Milotic|181/293\n|\n|-heal|p1a: Milotic|199/293|[from] item: Leftovers\n|-heal|p2a: Lunala|187/308 brn|[from] item: Leftovers\n|-damage|p2a: Lunala|168/308 brn|[from] brn\n|upkeep\n|turn|13\n|\n|t:|1782767436\n|move|p1a: Milotic|Scald|p2a: Lunala\n|-damage|p2a: Lunala|75/308 brn\n|move|p2a: Lunala|Moonlight|p2a: Lunala\n|-heal|p2a: Lunala|229/308 brn\n|\n|-heal|p1a: Milotic|217/293|[from] item: Leftovers\n|-heal|p2a: Lunala|248/308 brn|[from] item: Leftovers\n|-damage|p2a: Lunala|229/308 brn|[from] brn\n|upkeep\n|turn|14\n|\n|t:|1782767442\n|move|p1a: Milotic|Scald|p2a: Lunala\n|-damage|p2a: Lunala|138/308 brn\n|move|p2a: Lunala|Psyshock|p1a: Milotic\n|-damage|p1a: Milotic|130/293\n|\n|-heal|p1a: Milotic|148/293|[from] item: Leftovers\n|-heal|p2a: Lunala|157/308 brn|[from] item: Leftovers\n|-damage|p2a: Lunala|138/308 brn|[from] brn\n|upkeep\n|turn|15\n|\n|t:|1782767448\n|move|p1a: Milotic|Scald|p2a: Lunala\n|-damage|p2a: Lunala|45/308 brn\n|move|p2a: Lunala|Moonlight|p2a: Lunala\n|-heal|p2a: Lunala|199/308 brn\n|\n|-heal|p1a: Milotic|166/293|[from] item: Leftovers\n|-heal|p2a: Lunala|218/308 brn|[from] item: Leftovers\n|-damage|p2a: Lunala|199/308 brn|[from] brn\n|upkeep\n|turn|16\n|\n|t:|1782767452\n|move|p1a: Milotic|Scald|p2a: Lunala\n|-damage|p2a: Lunala|105/308 brn\n|move|p2a: Lunala|Psyshock|p1a: Milotic\n|-damage|p1a: Milotic|72/293\n|\n|-heal|p1a: Milotic|90/293|[from] item: Leftovers\n|-heal|p2a: Lunala|124/308 brn|[from] item: Leftovers\n|-damage|p2a: Lunala|105/308 brn|[from] brn\n|upkeep\n|turn|17\n|\n|t:|1782767461\n|move|p1a: Milotic|Recover|p1a: Milotic\n|-heal|p1a: Milotic|237/293\n|move|p2a: Lunala|Calm Mind|p2a: Lunala\n|-boost|p2a: Lunala|spa|1\n|-boost|p2a: Lunala|spd|1\n|\n|-heal|p1a: Milotic|255/293|[from] item: Leftovers\n|-heal|p2a: Lunala|124/308 brn|[from] item: Leftovers\n|-damage|p2a: Lunala|105/308 brn|[from] brn\n|upkeep\n|turn|18\n|\n|t:|1782767468\n|move|p1a: Milotic|Haze|p1a: Milotic\n|-clearallboost\n|move|p2a: Lunala|Moonlight|p2a: Lunala\n|-heal|p2a: Lunala|259/308 brn\n|\n|-heal|p1a: Milotic|273/293|[from] item: Leftovers\n|-heal|p2a: Lunala|278/308 brn|[from] item: Leftovers\n|-damage|p2a: Lunala|259/308 brn|[from] brn\n|upkeep\n|turn|19\n|\n|t:|1782767471\n|move|p1a: Milotic|Scald|p2a: Lunala\n|-damage|p2a: Lunala|168/308 brn\n|move|p2a: Lunala|Psyshock|p1a: Milotic\n|-damage|p1a: Milotic|189/293\n|\n|-heal|p1a: Milotic|207/293|[from] item: Leftovers\n|-heal|p2a: Lunala|187/308 brn|[from] item: Leftovers\n|-damage|p2a: Lunala|168/308 brn|[from] brn\n|upkeep\n|turn|20\n|\n|t:|1782767477\n|move|p1a: Milotic|Scald|p2a: Lunala\n|-damage|p2a: Lunala|74/308 brn\n|move|p2a: Lunala|Moonlight|p2a: Lunala\n|-heal|p2a: Lunala|228/308 brn\n|\n|-heal|p1a: Milotic|225/293|[from] item: Leftovers\n|-heal|p2a: Lunala|247/308 brn|[from] item: Leftovers\n|-damage|p2a: Lunala|228/308 brn|[from] brn\n|upkeep\n|turn|21\n|\n|t:|1782767481\n|move|p1a: Milotic|Scald|p2a: Lunala\n|-damage|p2a: Lunala|132/308 brn\n|move|p2a: Lunala|Psyshock|p1a: Milotic\n|-crit|p1a: Milotic\n|-damage|p1a: Milotic|87/293\n|\n|-heal|p1a: Milotic|105/293|[from] item: Leftovers\n|-heal|p2a: Lunala|151/308 brn|[from] item: Leftovers\n|-damage|p2a: Lunala|132/308 brn|[from] brn\n|upkeep\n|turn|22\n|\n|t:|1782767489\n|move|p1a: Milotic|Recover|p1a: Milotic\n|-heal|p1a: Milotic|252/293\n|move|p2a: Lunala|Moonlight|p2a: Lunala\n|-heal|p2a: Lunala|286/308 brn\n|\n|-heal|p1a: Milotic|270/293|[from] item: Leftovers\n|-heal|p2a: Lunala|305/308 brn|[from] item: Leftovers\n|-damage|p2a: Lunala|286/308 brn|[from] brn\n|upkeep\n|turn|23\n|\n|t:|1782767493\n|move|p1a: Milotic|Scald|p2a: Lunala\n|-damage|p2a: Lunala|196/308 brn\n|move|p2a: Lunala|Psyshock|p1a: Milotic\n|-damage|p1a: Milotic|183/293\n|\n|-heal|p1a: Milotic|201/293|[from] item: Leftovers\n|-heal|p2a: Lunala|215/308 brn|[from] item: Leftovers\n|-damage|p2a: Lunala|196/308 brn|[from] brn\n|upkeep\n|turn|24\n|\n|t:|1782767506\n|switch|p1a: Gliscor|Gliscor, L76, M|239/239\n|move|p2a: Lunala|Psyshock|p1a: Gliscor\n|-damage|p1a: Gliscor|169/239\n|\n|-heal|p2a: Lunala|215/308 brn|[from] item: Leftovers\n|-damage|p2a: Lunala|196/308 brn|[from] brn\n|-status|p1a: Gliscor|tox|[from] item: Toxic Orb\n|upkeep\n|turn|25\n|\n|t:|1782767518\n|move|p1a: Gliscor|Knock Off|p2a: Lunala\n|-supereffective|p2a: Lunala\n|-damage|p2a: Lunala|0 fnt\n|-enditem|p2a: Lunala|Leftovers|[from] move: Knock Off|[of] p1a: Gliscor\n|faint|p2a: Lunala\n|\n|-heal|p1a: Gliscor|198/239 tox|[from] ability: Poison Heal\n|upkeep\n|\n|t:|1782767539\n|switch|p2a: Magcargo|Magcargo, L95, M|268/268\n|turn|26\n|\n|t:|1782767548\n|-terastallize|p2a: Magcargo|Dragon\n|move|p1a: Gliscor|Toxic|p2a: Magcargo\n|-status|p2a: Magcargo|tox\n|move|p2a: Magcargo|Shell Smash|p2a: Magcargo\n|-unboost|p2a: Magcargo|def|1\n|-unboost|p2a: Magcargo|spd|1\n|-boost|p2a: Magcargo|atk|2\n|-boost|p2a: Magcargo|spa|2\n|-boost|p2a: Magcargo|spe|2\n|\n|-damage|p2a: Magcargo|252/268 tox|[from] psn\n|-heal|p1a: Gliscor|227/239 tox|[from] ability: Poison Heal\n|upkeep\n|turn|27\n|\n|t:|1782767560\n|move|p1a: Gliscor|Protect|p1a: Gliscor\n|-singleturn|p1a: Gliscor|Protect\n|move|p2a: Magcargo|Shell Smash|p2a: Magcargo\n|-unboost|p2a: Magcargo|def|1\n|-unboost|p2a: Magcargo|spd|1\n|-boost|p2a: Magcargo|atk|2\n|-boost|p2a: Magcargo|spa|2\n|-boost|p2a: Magcargo|spe|2\n|\n|-damage|p2a: Magcargo|220/268 tox|[from] psn\n|-heal|p1a: Gliscor|239/239 tox|[from] ability: Poison Heal\n|upkeep\n|turn|28\n|\n|t:|1782767568\n|move|p2a: Magcargo|Power Gem|p1a: Gliscor\n|-damage|p1a: Gliscor|0 fnt\n|faint|p1a: Gliscor\n|\n|-damage|p2a: Magcargo|172/268 tox|[from] psn\n|upkeep\n|\n|t:|1782767576\n|switch|p1a: Staraptor|Staraptor, L79, F|263/263\n|turn|29\n|\n|t:|1782767583\n|move|p1a: Staraptor|Quick Attack|p2a: Magcargo\n|-damage|p2a: Magcargo|87/268 tox\n|-ability|p2a: Magcargo|Weak Armor|boost\n|-unboost|p2a: Magcargo|def|1\n|-boost|p2a: Magcargo|spe|2\n|move|p2a: Magcargo|Power Gem|p1a: Staraptor\n|-supereffective|p1a: Staraptor\n|-damage|p1a: Staraptor|0 fnt\n|faint|p1a: Staraptor\n|\n|-damage|p2a: Magcargo|23/268 tox|[from] psn\n|upkeep\n|inactive|Baggioo has 120 seconds left.\n|\n|t:|1782767638\n|switch|p1a: Meowscarada|Meowscarada, L78, F|247/247\n|turn|30\n|\n|t:|1782767651\n|switch|p1a: Perrserker|Perrserker, L89, F|269/269\n|move|p2a: Magcargo|Power Gem|p1a: Perrserker\n|-resisted|p1a: Perrserker\n|-damage|p1a: Perrserker|68/269\n|\n|-damage|p2a: Magcargo|0 fnt|[from] psn\n|faint|p2a: Magcargo\n|upkeep\n|\n|t:|1782767673\n|switch|p2a: Ninetales|Ninetales, L85, M|263/263\n|-weather|SunnyDay|[from] ability: Drought|[of] p2a: Ninetales\n|turn|31\n|inactive|Baggioo has 120 seconds left.\n|\n|t:|1782767686\n|move|p2a: Ninetales|Scorching Sands|p1a: Perrserker\n|-supereffective|p1a: Perrserker\n|-damage|p1a: Perrserker|0 fnt\n|faint|p1a: Perrserker\n|\n|-weather|SunnyDay|[upkeep]\n|upkeep\n|\n|t:|1782767690\n|switch|p1a: Terrakion|Terrakion, L79|273/273\n|turn|32\n|inactive|actually a mimic has 120 seconds left.\n|\n|t:|1782767730\n|-terastallize|p1a: Terrakion|Fighting\n|move|p2a: Ninetales|Solar Beam||[still]\n|-prepare|p2a: Ninetales|Solar Beam\n|-anim|p2a: Ninetales|Solar Beam|p1a: Terrakion\n|-damage|p1a: Terrakion|197/273\n|move|p1a: Terrakion|Earthquake|p2a: Ninetales\n|-supereffective|p2a: Ninetales\n|-damage|p2a: Ninetales|52/263\n|-damage|p1a: Terrakion|170/273|[from] item: Life Orb\n|\n|-weather|SunnyDay|[upkeep]\n|upkeep\n|turn|33\n|\n|t:|1782767740\n|move|p2a: Ninetales|Fire Blast|p1a: Terrakion\n|-damage|p1a: Terrakion|5/273\n|move|p1a: Terrakion|Earthquake|p2a: Ninetales\n|-supereffective|p2a: Ninetales\n|-damage|p2a: Ninetales|0 fnt\n|faint|p2a: Ninetales\n|-damage|p1a: Terrakion|0 fnt|[from] item: Life Orb\n|faint|p1a: Terrakion\n|\n|-weather|SunnyDay|[upkeep]\n|upkeep\n|inactive|actually a mimic has 90 seconds left.\n|\n|t:|1782767767\n|switch|p2a: Registeel|Registeel, L81|262/262\n|switch|p1a: Meowscarada|Meowscarada, L78, F|247/247\n|turn|34\n|inactive|actually a mimic has 90 seconds left.\n|\n|t:|1782767781\n|move|p1a: Meowscarada|U-turn|p2a: Registeel\n|-start|p1a: Meowscarada|typechange|Bug|[from] ability: Protean\n|-resisted|p2a: Registeel\n|-damage|p2a: Registeel|226/262\n|\n|t:|1782767783\n|switch|p1a: Milotic|Milotic, L83, F|201/293|[from] U-turn\n|move|p2a: Registeel|Iron Defense|p2a: Registeel\n|-boost|p2a: Registeel|def|2\n|\n|-weather|SunnyDay|[upkeep]\n|-heal|p1a: Milotic|219/293|[from] item: Leftovers\n|upkeep\n|turn|35\n|\n|t:|1782767796\n|move|p1a: Milotic|Haze|p1a: Milotic\n|-clearallboost\n|move|p2a: Registeel|Iron Defense|p2a: Registeel\n|-boost|p2a: Registeel|def|2\n|\n|-weather|none\n|-heal|p1a: Milotic|237/293|[from] item: Leftovers\n|upkeep\n|turn|36\n|\n|t:|1782767808\n|move|p1a: Milotic|Scald|p2a: Registeel\n|-damage|p2a: Registeel|166/262\n|move|p2a: Registeel|Body Press|p1a: Milotic\n|-damage|p1a: Milotic|86/293\n|\n|-heal|p1a: Milotic|104/293|[from] item: Leftovers\n|upkeep\n|turn|37\n|\n|t:|1782767819\n|move|p1a: Milotic|Recover|p1a: Milotic\n|-heal|p1a: Milotic|251/293\n|move|p2a: Registeel|Body Press|p1a: Milotic\n|-damage|p1a: Milotic|90/293\n|\n|-heal|p1a: Milotic|108/293|[from] item: Leftovers\n|upkeep\n|turn|38\n|\n|t:|1782767823\n|move|p1a: Milotic|Recover|p1a: Milotic\n|-heal|p1a: Milotic|255/293\n|move|p2a: Registeel|Body Press|p1a: Milotic\n|-damage|p1a: Milotic|97/293\n|\n|-heal|p1a: Milotic|115/293|[from] item: Leftovers\n|upkeep\n|turn|39\n|\n|t:|1782767825\n|move|p1a: Milotic|Recover|p1a: Milotic\n|-heal|p1a: Milotic|262/293\n|move|p2a: Registeel|Body Press|p1a: Milotic\n|-damage|p1a: Milotic|111/293\n|\n|-heal|p1a: Milotic|129/293|[from] item: Leftovers\n|upkeep\n|turn|40\n|\n|t:|1782767832\n|move|p1a: Milotic|Recover|p1a: Milotic\n|-heal|p1a: Milotic|276/293\n|move|p2a: Registeel|Body Press|p1a: Milotic\n|-damage|p1a: Milotic|116/293\n|\n|-heal|p1a: Milotic|134/293|[from] item: Leftovers\n|upkeep\n|turn|41\n|\n|t:|1782767840\n|move|p1a: Milotic|Haze|p1a: Milotic\n|-clearallboost\n|move|p2a: Registeel|Iron Defense|p2a: Registeel\n|-boost|p2a: Registeel|def|2\n|\n|-heal|p1a: Milotic|152/293|[from] item: Leftovers\n|upkeep\n|turn|42\n|\n|t:|1782767847\n|move|p1a: Milotic|Haze|p1a: Milotic\n|-clearallboost\n|move|p2a: Registeel|Body Press|p1a: Milotic\n|-damage|p1a: Milotic|71/293\n|\n|-heal|p1a: Milotic|89/293|[from] item: Leftovers\n|upkeep\n|turn|43\n|\n|t:|1782767856\n|move|p1a: Milotic|Scald|p2a: Registeel\n|-damage|p2a: Registeel|111/262\n|move|p2a: Registeel|Iron Defense|p2a: Registeel\n|-boost|p2a: Registeel|def|2\n|\n|-heal|p1a: Milotic|107/293|[from] item: Leftovers\n|upkeep\n|turn|44\n|\n|t:|1782767864\n|move|p1a: Milotic|Scald|p2a: Registeel\n|-damage|p2a: Registeel|54/262\n|move|p2a: Registeel|Rest|p2a: Registeel\n|-status|p2a: Registeel|slp|[from] move: Rest\n|-heal|p2a: Registeel|262/262 slp|[silent]\n|-enditem|p2a: Registeel|Chesto Berry|[eat]\n|-curestatus|p2a: Registeel|slp|[msg]\n|\n|-heal|p1a: Milotic|125/293|[from] item: Leftovers\n|upkeep\n|turn|45\n|\n|t:|1782767867\n|move|p1a: Milotic|Scald|p2a: Registeel\n|-damage|p2a: Registeel|202/262\n|move|p2a: Registeel|Body Press|p1a: Milotic\n|-damage|p1a: Milotic|0 fnt\n|faint|p1a: Milotic\n|\n|upkeep\n|\n|t:|1782767871\n|switch|p1a: Meowscarada|Meowscarada, L78, F|247/247\n|turn|46\n|\n|t:|1782767875\n|move|p1a: Meowscarada|Knock Off|p2a: Registeel\n|-start|p1a: Meowscarada|typechange|Dark|[from] ability: Protean\n|-damage|p2a: Registeel|166/262\n|move|p2a: Registeel|Body Press|p1a: Meowscarada\n|-supereffective|p1a: Meowscarada\n|-damage|p1a: Meowscarada|0 fnt\n|faint|p1a: Meowscarada\n|\n|win|actually a mimic\n|raw|Baggioo's rating: 1322 &rarr; <strong>1301</strong><br />(-21 for losing)\n|raw|actually a mimic's rating: 1313 &rarr; <strong>1334</strong><br />(+21 for winning)\n|l|\u203dBaggioo\n|player|p1|\n", "inputlog": ">version f8ac14003a5f27e1bdc8d8c59608a773c1cb96e5\n>start {\"formatid\":\"gen9randombattle\",\"seed\":\"sodium,2979fea086b2ecb40c80eb29e554e6f7\",\"rated\":\"Rated battle\"}\n>player p1 {\"name\":\"Baggioo\",\"avatar\":\"benga\",\"rating\":1322,\"seed\":\"sodium,c7d49b42213a2300a628b3ac45f8d149\"}\n>player p2 {\"name\":\"actually a mimic\",\"avatar\":\"harlequin\",\"rating\":1313,\"seed\":\"sodium,1373122d6b6823be2266358b143728b2\"}\n>p1 move scald\n>p2 switch 6\n>p1 move scald\n>p2 move moongeistbeam\n>p1 move scald\n>p2 move moonlight\n>p1 move icebeam\n>p2 move calmmind\n>p1 move haze\n>p2 move psyshock\n>p1 move scald\n>p2 move psyshock\n>p1 move recover\n>p2 move calmmind\n>p1 move haze\n>p2 move moonlight\n>p1 move scald\n>p2 move psyshock\n>p1 move scald\n>p2 move moonlight\n>p1 move scald\n>p2 move psyshock\n>p1 move recover\n>p2 move psyshock\n>p1 move scald\n>p2 move moonlight\n>p1 move scald\n>p2 move psyshock\n>p1 move scald\n>p2 move moonlight\n>p1 move scald\n>p2 move psyshock\n>p1 move recover\n>p2 move calmmind\n>p1 move haze\n>p2 move moonlight\n>p1 move scald\n>p2 move psyshock\n>p1 move scald\n>p2 move moonlight\n>p1 move scald\n>p2 move psyshock\n>p1 move recover\n>p2 move moonlight\n>p1 move scald\n>p2 move psyshock\n>p1 switch 3\n>p2 move psyshock\n>p1 move knockoff\n>p2 move calmmind\n>p2 switch 5\n>p1 move toxic\n>p2 move shellsmash terastallize\n>p1 move protect\n>p2 move shellsmash\n>p1 move earthquake\n>p2 move powergem\n>p1 switch 2\n>p1 move quickattack\n>p2 move powergem\n>p1 switch 5\n>p1 switch 4\n>p2 move powergem\n>p2 switch 3\n>p1 move closecombat\n>p2 move scorchingsands\n>p1 switch 6\n>p1 move earthquake terastallize\n>p2 move solarbeam\n>p1 move earthquake\n>p2 move fireblast\n>p1 switch 4\n>p2 switch 4\n>p1 move uturn\n>p2 move irondefense\n>p1 switch 3\n>p1 move haze\n>p2 move irondefense\n>p1 move scald\n>p2 move bodypress\n>p1 move recover\n>p2 move bodypress\n>p1 move recover\n>p2 move bodypress\n>p1 move recover\n>p2 move bodypress\n>p1 move recover\n>p2 move bodypress\n>p1 move haze\n>p2 move irondefense\n>p1 move haze\n>p2 move bodypress\n>p1 move scald\n>p2 move irondefense\n>p1 move scald\n>p2 move rest\n>p1 move scald\n>p2 move bodypress\n>p1 switch 3\n>p1 move knockoff\n>p2 move bodypress", "uploadtime": 1782767884, "views": 7, "formatid": "gen9randombattle", "rating": 1301, "private": 0, "password": null, "player_dets": [{"name": "Baggioo", "avatar": "benga", "rating": 1322, "seed": "sodium,c7d49b42213a2300a628b3ac45f8d149"}, {"name": "actually a mimic", "avatar": "harlequin", "rating": 1313, "seed": "sodium,1373122d6b6823be2266358b143728b2"}], "teams_full": [{"Milotic": {"name": "Milotic", "species": "Milotic", "speciesId": "milotic", "gender": "F", "shiny": false, "level": 83, "moves": ["recover", "icebeam", "scald", "haze"], "ability": "Competitive", "evs": {"hp": 85, "atk": 0, "def": 85, "spa": 85, "spd": 85, "spe": 85}, "ivs": {"hp": 31, "atk": 0, "def": 31, "spa": 31, "spd": 31, "spe": 31}, "item": "Leftovers", "teraType": "Steel", "role": "Bulky Attacker", "bvs": {"hp": 95, "atk": 60, "def": 79, "spa": 100, "spd": 125, "spe": 81}, "stats": {"hp": 293, "atk": 104, "def": 179, "spa": 214, "spd": 255, "spe": 182}, "types": ["Water"]}, "Staraptor": {"name": "Staraptor", "species": "Staraptor", "speciesId": "staraptor", "gender": "F", "shiny": false, "level": 79, "moves": ["quickattack", "bravebird", "closecombat", "uturn"], "ability": "Reckless", "evs": {"hp": 81, "atk": 85, "def": 85, "spa": 85, "spd": 85, "spe": 85}, "ivs": {"hp": 31, "atk": 31, "def": 31, "spa": 31, "spd": 31, "spe": 31}, "item": "Choice Band", "teraType": "Fighting", "role": "Fast Attacker", "bvs": {"hp": 85, "atk": 120, "def": 70, "spa": 50, "spd": 60, "spe": 100}, "stats": {"hp": 263, "atk": 235, "def": 156, "spa": 125, "spd": 140, "spe": 204}, "types": ["Normal", "Flying"]}, "Gliscor": {"name": "Gliscor", "species": "Gliscor", "speciesId": "gliscor", "gender": "M", "shiny": false, "level": 76, "moves": ["knockoff", "protect", "earthquake", "toxic"], "ability": "Poison Heal", "evs": {"hp": 85, "atk": 85, "def": 85, "spa": 85, "spd": 85, "spe": 85}, "ivs": {"hp": 31, "atk": 31, "def": 31, "spa": 31, "spd": 31, "spe": 31}, "item": "Toxic Orb", "teraType": "Water", "role": "Bulky Support", "bvs": {"hp": 75, "atk": 95, "def": 125, "spa": 45, "spd": 75, "spe": 95}, "stats": {"hp": 239, "atk": 188, "def": 234, "spa": 112, "spd": 158, "spe": 188}, "types": ["Ground", "Flying"]}, "Perrserker": {"name": "Perrserker", "species": "Perrserker", "speciesId": "perrserker", "gender": "F", "shiny": false, "level": 89, "moves": ["stealthrock", "ironhead", "knockoff", "closecombat"], "ability": "Tough Claws", "evs": {"hp": 85, "atk": 85, "def": 85, "spa": 85, "spd": 85, "spe": 85}, "ivs": {"hp": 31, "atk": 31, "def": 31, "spa": 31, "spd": 31, "spe": 31}, "item": "Life Orb", "teraType": "Fighting", "role": "Fast Attacker", "bvs": {"hp": 70, "atk": 110, "def": 100, "spa": 50, "spd": 60, "spe": 50}, "stats": {"hp": 269, "atk": 247, "def": 229, "spa": 140, "spd": 158, "spe": 140}, "types": ["Steel"]}, "Meowscarada": {"name": "Meowscarada", "species": "Meowscarada", "speciesId": "meowscarada", "gender": "F", "shiny": false, "level": 78, "moves": ["knockoff", "uturn", "tripleaxel", "flowertrick"], "ability": "Protean", "evs": {"hp": 85, "atk": 85, "def": 85, "spa": 85, "spd": 85, "spe": 85}, "ivs": {"hp": 31, "atk": 31, "def": 31, "spa": 31, "spd": 31, "spe": 31}, "item": "Choice Band", "teraType": "Grass", "role": "Fast Support", "bvs": {"hp": 76, "atk": 110, "def": 70, "spa": 81, "spd": 70, "spe": 123}, "stats": {"hp": 247, "atk": 217, "def": 154, "spa": 171, "spd": 154, "spe": 237}, "types": ["Grass", "Dark"]}, "Terrakion": {"name": "Terrakion", "species": "Terrakion", "speciesId": "terrakion", "gender": "N", "shiny": false, "level": 79, "moves": ["stoneedge", "earthquake", "closecombat", "swordsdance"], "ability": "Justified", "evs": {"hp": 85, "atk": 85, "def": 85, "spa": 85, "spd": 85, "spe": 85}, "ivs": {"hp": 31, "atk": 31, "def": 31, "spa": 31, "spd": 31, "spe": 31}, "item": "Life Orb", "teraType": "Fighting", "role": "Setup Sweeper", "bvs": {"hp": 91, "atk": 129, "def": 90, "spa": 72, "spd": 90, "spe": 108}, "stats": {"hp": 273, "atk": 249, "def": 188, "spa": 159, "spd": 188, "spe": 216}, "types": ["Rock", "Fighting"]}}, {"Mismagius": {"name": "Mismagius", "species": "Mismagius", "speciesId": "mismagius", "gender": "F", "shiny": false, "level": 86, "moves": ["shadowball", "mysticalfire", "dazzlinggleam", "nastyplot"], "ability": "Levitate", "evs": {"hp": 85, "atk": 0, "def": 85, "spa": 85, "spd": 85, "spe": 85}, "ivs": {"hp": 31, "atk": 0, "def": 31, "spa": 31, "spd": 31, "spe": 31}, "item": "Life Orb", "teraType": "Fairy", "role": "Setup Sweeper", "bvs": {"hp": 60, "atk": 60, "def": 60, "spa": 105, "spd": 105, "spe": 105}, "stats": {"hp": 243, "atk": 108, "def": 152, "spa": 230, "spd": 230, "spe": 230}, "types": ["Ghost"]}, "Wigglytuff": {"name": "Wigglytuff", "species": "Wigglytuff", "speciesId": "wigglytuff", "gender": "M", "shiny": false, "level": 96, "moves": ["wish", "fireblast", "protect", "dazzlinggleam"], "ability": "Competitive", "evs": {"hp": 85, "atk": 0, "def": 85, "spa": 85, "spd": 85, "spe": 85}, "ivs": {"hp": 31, "atk": 0, "def": 31, "spa": 31, "spd": 31, "spe": 31}, "item": "Leftovers", "teraType": "Steel", "role": "Bulky Support", "bvs": {"hp": 140, "atk": 70, "def": 45, "spa": 85, "spd": 50, "spe": 45}, "stats": {"hp": 424, "atk": 139, "def": 141, "spa": 218, "spd": 150, "spe": 141}, "types": ["Normal", "Fairy"]}, "Ninetales": {"name": "Ninetales", "species": "Ninetales", "speciesId": "ninetales", "gender": "M", "shiny": false, "level": 85, "moves": ["scorchingsands", "solarbeam", "nastyplot", "fireblast"], "ability": "Drought", "evs": {"hp": 85, "atk": 0, "def": 85, "spa": 85, "spd": 85, "spe": 85}, "ivs": {"hp": 31, "atk": 0, "def": 31, "spa": 31, "spd": 31, "spe": 31}, "item": "Heavy-Duty Boots", "teraType": "Fire", "role": "Setup Sweeper", "bvs": {"hp": 73, "atk": 76, "def": 75, "spa": 81, "spd": 100, "spe": 100}, "stats": {"hp": 263, "atk": 134, "def": 176, "spa": 186, "spd": 219, "spe": 219}, "types": ["Fire"]}, "Registeel": {"name": "Registeel", "species": "Registeel", "speciesId": "registeel", "gender": "N", "shiny": false, "level": 81, "moves": ["rest", "bodypress", "ironhead", "irondefense"], "ability": "Clear Body", "evs": {"hp": 85, "atk": 85, "def": 85, "spa": 85, "spd": 85, "spe": 85}, "ivs": {"hp": 31, "atk": 31, "def": 31, "spa": 31, "spd": 31, "spe": 31}, "item": "Chesto Berry", "teraType": "Fighting", "role": "Bulky Setup", "bvs": {"hp": 80, "atk": 75, "def": 150, "spa": 75, "spd": 150, "spe": 50}, "stats": {"hp": 262, "atk": 168, "def": 290, "spa": 168, "spd": 290, "spe": 128}, "types": ["Steel"]}, "Magcargo": {"name": "Magcargo", "species": "Magcargo", "speciesId": "magcargo", "gender": "M", "shiny": false, "level": 95, "moves": ["fireblast", "earthpower", "powergem", "shellsmash"], "ability": "Weak Armor", "evs": {"hp": 85, "atk": 0, "def": 85, "spa": 85, "spd": 85, "spe": 85}, "ivs": {"hp": 31, "atk": 0, "def": 31, "spa": 31, "spd": 31, "spe": 31}, "item": "Heavy-Duty Boots", "teraType": "Dragon", "role": "Setup Sweeper", "bvs": {"hp": 60, "atk": 50, "def": 120, "spa": 90, "spd": 80, "spe": 30}, "stats": {"hp": 268, "atk": 100, "def": 282, "spa": 225, "spd": 206, "spe": 111}, "types": ["Fire", "Rock"]}, "Lunala": {"name": "Lunala", "species": "Lunala", "speciesId": "lunala", "gender": "N", "shiny": false, "level": 70, "moves": ["moongeistbeam", "psyshock", "moonlight", "calmmind"], "ability": "Shadow Shield", "evs": {"hp": 85, "atk": 0, "def": 85, "spa": 85, "spd": 85, "spe": 85}, "ivs": {"hp": 31, "atk": 0, "def": 31, "spa": 31, "spd": 31, "spe": 31}, "item": "Leftovers", "teraType": "Fairy", "role": "Fast Bulky Setup", "bvs": {"hp": 137, "atk": 113, "def": 89, "spa": 137, "spd": 107, "spe": 97}, "stats": {"hp": 308, "atk": 163, "def": 166, "spa": 233, "spd": 191, "spe": 177}, "types": ["Psychic", "Ghost"]}}]}