{"id": "gen9randombattle-2641556390", "format": "[Gen 9] Random Battle", "players": ["bakavelique", "Zedriox"], "log": "|j|\u2606bakavelique\n|j|\u2606Zedriox\n|t:|1782807297\n|gametype|singles\n|player|p1|bakavelique|2|2004\n|player|p2|Zedriox|169|2035\n|gen|9\n|tier|[Gen 9] Random Battle\n|rated|\n|rule|Species Clause: Limit one of each Pok\u00e9mon\n|rule|HP Percentage Mod: HP is shown in percentages\n|rule|Sleep Clause Mod: Limit one foe put to sleep\n|rule|Illusion Level Mod: Illusion disguises the Pok\u00e9mon's true level\n|\n|t:|1782807297\n|teamsize|p1|6\n|teamsize|p2|6\n|start\n|switch|p1a: Magnezone|Magnezone, L85|258/258\n|switch|p2a: Excadrill|Excadrill, L79, F|303/303\n|-ability|p2a: Excadrill|Mold Breaker\n|turn|1\n|inactive|Battle timer is ON: inactive players will automatically lose when time's up. (requested by Zedriox)\n|\n|t:|1782807305\n|switch|p1a: Misdreavus|Misdreavus, L90, M|254/254\n|move|p2a: Excadrill|Swords Dance|p2a: Excadrill\n|-boost|p2a: Excadrill|atk|2\n|\n|upkeep\n|turn|2\n|\n|t:|1782807309\n|move|p1a: Misdreavus|Will-O-Wisp|p2a: Excadrill\n|-status|p2a: Excadrill|brn\n|move|p2a: Excadrill|Iron Head|p1a: Misdreavus\n|-damage|p1a: Misdreavus|170/254\n|\n|-damage|p2a: Excadrill|285/303 brn|[from] brn\n|upkeep\n|turn|3\n|\n|t:|1782807315\n|move|p1a: Misdreavus|Shadow Ball|p2a: Excadrill\n|-damage|p2a: Excadrill|176/303 brn\n|move|p2a: Excadrill|Swords Dance|p2a: Excadrill\n|-boost|p2a: Excadrill|atk|2\n|\n|-heal|p2a: Excadrill|194/303 brn|[from] item: Leftovers\n|-damage|p2a: Excadrill|176/303 brn|[from] brn\n|upkeep\n|turn|4\n|\n|t:|1782807319\n|move|p1a: Misdreavus|Shadow Ball|p2a: Excadrill\n|-damage|p2a: Excadrill|64/303 brn\n|move|p2a: Excadrill|Iron Head|p1a: Misdreavus\n|-damage|p1a: Misdreavus|44/254\n|\n|-heal|p2a: Excadrill|82/303 brn|[from] item: Leftovers\n|-damage|p2a: Excadrill|64/303 brn|[from] brn\n|upkeep\n|turn|5\n|\n|t:|1782807327\n|move|p1a: Misdreavus|Shadow Ball|p2a: Excadrill\n|-damage|p2a: Excadrill|0 fnt\n|faint|p2a: Excadrill\n|\n|upkeep\n|\n|t:|1782807333\n|switch|p2a: Bastiodon|Bastiodon, L89, M|252/252\n|turn|6\n|\n|t:|1782807335\n|move|p1a: Misdreavus|Will-O-Wisp|p2a: Bastiodon\n|-status|p2a: Bastiodon|brn\n|move|p2a: Bastiodon|Foul Play|p1a: Misdreavus\n|-supereffective|p1a: Misdreavus\n|-crit|p1a: Misdreavus\n|-damage|p1a: Misdreavus|0 fnt\n|faint|p1a: Misdreavus\n|\n|-damage|p2a: Bastiodon|237/252 brn|[from] brn\n|upkeep\n|\n|t:|1782807341\n|switch|p1a: Magnezone|Magnezone, L85|258/258\n|turn|7\n|\n|t:|1782807343\n|move|p1a: Magnezone|Body Press|p2a: Bastiodon\n|-supereffective|p2a: Bastiodon\n|-damage|p2a: Bastiodon|93/252 brn\n|move|p2a: Bastiodon|Iron Defense|p2a: Bastiodon\n|-boost|p2a: Bastiodon|def|2\n|\n|-damage|p2a: Bastiodon|78/252 brn|[from] brn\n|upkeep\n|turn|8\n|\n|t:|1782807349\n|-terastallize|p2a: Bastiodon|Fighting\n|move|p1a: Magnezone|Flash Cannon|p2a: Bastiodon\n|-damage|p2a: Bastiodon|2/252 brn\n|move|p2a: Bastiodon|Rest|p2a: Bastiodon\n|-status|p2a: Bastiodon|slp|[from] move: Rest\n|-heal|p2a: Bastiodon|252/252 slp|[silent]\n|-enditem|p2a: Bastiodon|Chesto Berry|[eat]\n|-curestatus|p2a: Bastiodon|slp|[msg]\n|\n|upkeep\n|turn|9\n|\n|t:|1782807356\n|move|p1a: Magnezone|Discharge|p2a: Bastiodon\n|-damage|p2a: Bastiodon|177/252\n|-status|p2a: Bastiodon|par\n|move|p2a: Bastiodon|Body Press|p1a: Magnezone\n|-supereffective|p1a: Magnezone\n|-damage|p1a: Magnezone|0 fnt\n|faint|p1a: Magnezone\n|\n|upkeep\n|\n|t:|1782807364\n|switch|p1a: Toedscruel|Toedscruel, L87, M|281/281\n|turn|10\n|\n|t:|1782807369\n|move|p1a: Toedscruel|Earth Power|p2a: Bastiodon\n|-damage|p2a: Bastiodon|114/252 par\n|cant|p2a: Bastiodon|par\n|\n|upkeep\n|turn|11\n|\n|t:|1782807372\n|move|p1a: Toedscruel|Earth Power|p2a: Bastiodon\n|-damage|p2a: Bastiodon|57/252 par\n|move|p2a: Bastiodon|Rest|p2a: Bastiodon\n|-status|p2a: Bastiodon|slp|[from] move: Rest\n|-heal|p2a: Bastiodon|252/252 slp|[silent]\n|\n|upkeep\n|turn|12\n|\n|t:|1782807380\n|switch|p2a: Tropius|Tropius, L91, M|328/328\n|move|p1a: Toedscruel|Earth Power|p2a: Tropius\n|-immune|p2a: Tropius\n|\n|upkeep\n|turn|13\n|\n|t:|1782807386\n|switch|p1a: Chien-Pao|Chien-Pao, L72|234/234\n|-ability|p1a: Chien-Pao|Sword of Ruin\n|move|p2a: Tropius|Substitute|p2a: Tropius\n|-start|p2a: Tropius|Substitute\n|-damage|p2a: Tropius|246/328\n|\n|upkeep\n|turn|14\n|\n|t:|1782807388\n|move|p1a: Chien-Pao|Icicle Crash|p2a: Tropius\n|-supereffective|p2a: Tropius\n|-end|p2a: Tropius|Substitute\n|move|p2a: Tropius|Leech Seed|p1a: Chien-Pao\n|-start|p1a: Chien-Pao|move: Leech Seed\n|\n|-damage|p1a: Chien-Pao|205/234|[from] Leech Seed|[of] p2a: Tropius\n|-heal|p2a: Tropius|275/328|[silent]\n|upkeep\n|turn|15\n|\n|t:|1782807403\n|switch|p1a: Toedscruel|Toedscruel, L87, M|281/281\n|move|p2a: Tropius|Protect||[still]\n|-fail|p2a: Tropius\n|\n|upkeep\n|turn|16\n|\n|t:|1782807408\n|switch|p1a: Chien-Pao|Chien-Pao, L72|205/234\n|-ability|p1a: Chien-Pao|Sword of Ruin\n|move|p2a: Tropius|Protect||[still]\n|-fail|p2a: Tropius\n|\n|upkeep\n|turn|17\n|\n|t:|1782807413\n|switch|p2a: Bastiodon|Bastiodon, L89, M, tera:Fighting|252/252 slp\n|move|p1a: Chien-Pao|Icicle Crash|p2a: Bastiodon\n|-damage|p2a: Bastiodon|188/252 slp\n|\n|upkeep\n|turn|18\n|\n|t:|1782807420\n|switch|p1a: Toedscruel|Toedscruel, L87, M|281/281\n|cant|p2a: Bastiodon|slp\n|\n|upkeep\n|turn|19\n|\n|t:|1782807424\n|move|p1a: Toedscruel|Earth Power|p2a: Bastiodon\n|-damage|p2a: Bastiodon|134/252 slp\n|cant|p2a: Bastiodon|slp\n|\n|upkeep\n|turn|20\n|\n|t:|1782807428\n|move|p1a: Toedscruel|Earth Power|p2a: Bastiodon\n|-damage|p2a: Bastiodon|77/252 slp\n|-curestatus|p2a: Bastiodon|slp|[msg]\n|move|p2a: Bastiodon|Rest|p2a: Bastiodon\n|-status|p2a: Bastiodon|slp|[from] move: Rest\n|-heal|p2a: Bastiodon|252/252 slp|[silent]\n|\n|upkeep\n|turn|21\n|\n|t:|1782807433\n|switch|p2a: Tropius|Tropius, L91, M|275/328\n|move|p1a: Toedscruel|Earth Power|p2a: Tropius\n|-immune|p2a: Tropius\n|\n|upkeep\n|turn|22\n|\n|t:|1782807437\n|move|p1a: Toedscruel|Leaf Storm|p2a: Tropius\n|-resisted|p2a: Tropius\n|-damage|p2a: Tropius|245/328\n|-unboost|p1a: Toedscruel|spa|2\n|move|p2a: Tropius|Substitute|p2a: Tropius\n|-start|p2a: Tropius|Substitute\n|-damage|p2a: Tropius|163/328\n|-enditem|p2a: Tropius|Sitrus Berry|[eat]\n|-heal|p2a: Tropius|245/328|[from] item: Sitrus Berry\n|\n|upkeep\n|turn|23\n|\n|t:|1782807441\n|move|p1a: Toedscruel|Leaf Storm|p2a: Tropius\n|-resisted|p2a: Tropius\n|-activate|p2a: Tropius|move: Substitute|[damage]\n|-unboost|p1a: Toedscruel|spa|2\n|move|p2a: Tropius|Air Slash|p1a: Toedscruel\n|-supereffective|p1a: Toedscruel\n|-damage|p1a: Toedscruel|177/281\n|\n|-heal|p1a: Toedscruel|194/281|[from] item: Leftovers\n|upkeep\n|turn|24\n|\n|t:|1782807444\n|switch|p1a: Chien-Pao|Chien-Pao, L72|205/234\n|-ability|p1a: Chien-Pao|Sword of Ruin\n|move|p2a: Tropius|Air Slash|p1a: Chien-Pao\n|-damage|p1a: Chien-Pao|100/234\n|\n|-item|p2a: Tropius|Sitrus Berry|[from] ability: Harvest\n|upkeep\n|turn|25\n|\n|t:|1782807452\n|move|p1a: Chien-Pao|Icicle Crash|p2a: Tropius\n|-supereffective|p2a: Tropius\n|-end|p2a: Tropius|Substitute\n|move|p2a: Tropius|Air Slash|p1a: Chien-Pao\n|-damage|p1a: Chien-Pao|0 fnt\n|faint|p1a: Chien-Pao\n|\n|upkeep\n|\n|t:|1782807454\n|switch|p1a: Miraidon|Miraidon, L65|238/238\n|-fieldstart|move: Electric Terrain|[from] ability: Hadron Engine|[of] p1a: Miraidon\n|turn|26\n|\n|t:|1782807462\n|move|p2a: Tropius|Protect|p2a: Tropius\n|-singleturn|p2a: Tropius|Protect\n|move|p1a: Miraidon|Electro Drift|p2a: Tropius\n|-activate|p2a: Tropius|move: Protect\n|\n|upkeep\n|turn|27\n|\n|t:|1782807471\n|move|p1a: Miraidon|Electro Drift|p2a: Tropius\n|-damage|p2a: Tropius|77/328\n|-enditem|p2a: Tropius|Sitrus Berry|[eat]\n|-heal|p2a: Tropius|159/328|[from] item: Sitrus Berry\n|-damage|p1a: Miraidon|215/238|[from] item: Life Orb\n|move|p2a: Tropius|Leech Seed|p1a: Miraidon\n|-start|p1a: Miraidon|move: Leech Seed\n|\n|-damage|p1a: Miraidon|186/238|[from] Leech Seed|[of] p2a: Tropius\n|-heal|p2a: Tropius|188/328|[silent]\n|-item|p2a: Tropius|Sitrus Berry|[from] ability: Harvest\n|upkeep\n|turn|28\n|\n|t:|1782807478\n|move|p2a: Tropius|Protect|p2a: Tropius\n|-singleturn|p2a: Tropius|Protect\n|move|p1a: Miraidon|Calm Mind|p1a: Miraidon\n|-boost|p1a: Miraidon|spa|1\n|-boost|p1a: Miraidon|spd|1\n|\n|-damage|p1a: Miraidon|157/238|[from] Leech Seed|[of] p2a: Tropius\n|-heal|p2a: Tropius|217/328|[silent]\n|upkeep\n|turn|29\n|\n|t:|1782807489\n|switch|p2a: Bastiodon|Bastiodon, L89, M, tera:Fighting|252/252 slp\n|move|p1a: Miraidon|Electro Drift|p2a: Bastiodon\n|-damage|p2a: Bastiodon|60/252 slp\n|-damage|p1a: Miraidon|134/238|[from] item: Life Orb\n|\n|-damage|p1a: Miraidon|105/238|[from] Leech Seed|[of] p2a: Bastiodon\n|-heal|p2a: Bastiodon|89/252 slp|[silent]\n|upkeep\n|turn|30\n|\n|t:|1782807499\n|switch|p2a: Polteageist|Polteageist-Antique, L78|222/222\n|move|p1a: Miraidon|Electro Drift|p2a: Polteageist\n|-crit|p2a: Polteageist\n|-damage|p2a: Polteageist|0 fnt\n|faint|p2a: Polteageist\n|-damage|p1a: Miraidon|82/238|[from] item: Life Orb\n|\n|-fieldend|move: Electric Terrain\n|upkeep\n|\n|t:|1782807506\n|switch|p2a: Spidops|Spidops, L96, F|271/271\n|turn|31\n|\n|t:|1782807511\n|switch|p1a: Toedscruel|Toedscruel, L87, M|194/281\n|move|p2a: Spidops|Sticky Web|p1a: Toedscruel\n|-sidestart|p1: bakavelique|move: Sticky Web\n|\n|-heal|p1a: Toedscruel|211/281|[from] item: Leftovers\n|upkeep\n|turn|32\n|\n|t:|1782807514\n|move|p1a: Toedscruel|Rapid Spin|p2a: Spidops\n|-damage|p2a: Spidops|245/271\n|-boost|p1a: Toedscruel|spe|1\n|-sideend|p1: bakavelique|Sticky Web|[from] move: Rapid Spin|[of] p1a: Toedscruel\n|move|p2a: Spidops|U-turn|p1a: Toedscruel\n|-supereffective|p1a: Toedscruel\n|-damage|p1a: Toedscruel|1/281\n|\n|t:|1782807517\n|switch|p2a: Tropius|Tropius, L91, M|217/328|[from] U-turn\n|\n|-heal|p1a: Toedscruel|18/281|[from] item: Leftovers\n|upkeep\n|turn|33\n|\n|t:|1782807524\n|move|p1a: Toedscruel|Leaf Storm|p2a: Tropius\n|-resisted|p2a: Tropius\n|-damage|p2a: Tropius|190/328\n|-unboost|p1a: Toedscruel|spa|2\n|move|p2a: Tropius|Substitute|p2a: Tropius\n|-start|p2a: Tropius|Substitute\n|-damage|p2a: Tropius|108/328\n|-enditem|p2a: Tropius|Sitrus Berry|[eat]\n|-heal|p2a: Tropius|190/328|[from] item: Sitrus Berry\n|\n|-heal|p1a: Toedscruel|35/281|[from] item: Leftovers\n|-item|p2a: Tropius|Sitrus Berry|[from] ability: Harvest\n|upkeep\n|turn|34\n|\n|t:|1782807526\n|move|p1a: Toedscruel|Leaf Storm|p2a: Tropius\n|-resisted|p2a: Tropius\n|-activate|p2a: Tropius|move: Substitute|[damage]\n|-unboost|p1a: Toedscruel|spa|2\n|move|p2a: Tropius|Air Slash|p1a: Toedscruel\n|-supereffective|p1a: Toedscruel\n|-damage|p1a: Toedscruel|0 fnt\n|faint|p1a: Toedscruel\n|\n|upkeep\n|\n|t:|1782807532\n|switch|p1a: Rhyperior|Rhyperior, L82, F|323/323\n|turn|35\n|\n|t:|1782807535\n|move|p2a: Tropius|Leech Seed|p1a: Rhyperior\n|-start|p1a: Rhyperior|move: Leech Seed\n|move|p1a: Rhyperior|Ice Punch|p2a: Tropius\n|-supereffective|p2a: Tropius\n|-end|p2a: Tropius|Substitute\n|\n|-damage|p1a: Rhyperior|283/323|[from] Leech Seed|[of] p2a: Tropius\n|-heal|p2a: Tropius|230/328|[silent]\n|upkeep\n|turn|36\n|\n|t:|1782807540\n|switch|p1a: Miraidon|Miraidon, L65|82/238\n|-fieldstart|move: Electric Terrain|[from] ability: Hadron Engine|[of] p1a: Miraidon\n|move|p2a: Tropius|Substitute|p2a: Tropius\n|-start|p2a: Tropius|Substitute\n|-damage|p2a: Tropius|148/328\n|-enditem|p2a: Tropius|Sitrus Berry|[eat]\n|-heal|p2a: Tropius|230/328|[from] item: Sitrus Berry\n|\n|upkeep\n|turn|37\n|\n|t:|1782807548\n|move|p1a: Miraidon|Electro Drift|p2a: Tropius\n|-end|p2a: Tropius|Substitute\n|-damage|p1a: Miraidon|59/238|[from] item: Life Orb\n|move|p2a: Tropius|Leech Seed|p1a: Miraidon\n|-start|p1a: Miraidon|move: Leech Seed\n|\n|-damage|p1a: Miraidon|30/238|[from] Leech Seed|[of] p2a: Tropius\n|-heal|p2a: Tropius|259/328|[silent]\n|-item|p2a: Tropius|Sitrus Berry|[from] ability: Harvest\n|upkeep\n|turn|38\n|\n|t:|1782807554\n|switch|p1a: Rhyperior|Rhyperior, L82, F|283/323\n|switch|p2a: Spidops|Spidops, L96, F|245/271\n|\n|upkeep\n|turn|39\n|\n|t:|1782807559\n|move|p2a: Spidops|Sticky Web|p1a: Rhyperior\n|-sidestart|p1: bakavelique|move: Sticky Web\n|move|p1a: Rhyperior|Stone Edge|p2a: Spidops\n|-supereffective|p2a: Spidops\n|-damage|p2a: Spidops|29/271\n|\n|upkeep\n|turn|40\n|\n|t:|1782807565\n|move|p2a: Spidops|Knock Off|p1a: Rhyperior\n|-damage|p1a: Rhyperior|228/323\n|-enditem|p1a: Rhyperior|Assault Vest|[from] move: Knock Off|[of] p2a: Spidops\n|move|p1a: Rhyperior|Ice Punch|p2a: Spidops\n|-damage|p2a: Spidops|0 fnt\n|faint|p2a: Spidops\n|\n|-fieldend|move: Electric Terrain\n|upkeep\n|\n|t:|1782807579\n|switch|p2a: Kommo-o|Kommo-o, L78, M|245/245\n|turn|41\n|\n|t:|1782807584\n|move|p2a: Kommo-o|Iron Head|p1a: Rhyperior\n|-supereffective|p1a: Rhyperior\n|-damage|p1a: Rhyperior|161/323\n|move|p1a: Rhyperior|Dragon Tail|p2a: Kommo-o\n|-supereffective|p2a: Kommo-o\n|-damage|p2a: Kommo-o|149/245\n|drag|p2a: Tropius|Tropius, L91, M|259/328\n|\n|upkeep\n|turn|42\n|\n|t:|1782807593\n|switch|p2a: Bastiodon|Bastiodon, L89, M, tera:Fighting|89/252 slp\n|move|p1a: Rhyperior|Ice Punch|p2a: Bastiodon\n|-damage|p2a: Bastiodon|50/252 slp\n|\n|upkeep\n|turn|43\n|\n|t:|1782807598\n|move|p1a: Rhyperior|Earthquake|p2a: Bastiodon\n|-damage|p2a: Bastiodon|0 fnt\n|faint|p2a: Bastiodon\n|\n|upkeep\n|\n|t:|1782807600\n|switch|p2a: Kommo-o|Kommo-o, L78, M|149/245\n|turn|44\n|\n|t:|1782807605\n|-terastallize|p1a: Rhyperior|Grass\n|move|p2a: Kommo-o|Close Combat|p1a: Rhyperior\n|-damage|p1a: Rhyperior|71/323\n|-unboost|p2a: Kommo-o|def|1\n|-unboost|p2a: Kommo-o|spd|1\n|move|p1a: Rhyperior|Ice Punch|p2a: Kommo-o\n|-supereffective|p2a: Kommo-o\n|-damage|p2a: Kommo-o|0 fnt\n|faint|p2a: Kommo-o\n|\n|upkeep\n|\n|t:|1782807611\n|switch|p2a: Tropius|Tropius, L91, M|259/328\n|turn|45\n|\n|t:|1782807613\n|move|p2a: Tropius|Air Slash|p1a: Rhyperior|[miss]\n|-miss|p2a: Tropius|p1a: Rhyperior\n|move|p1a: Rhyperior|Ice Punch|p2a: Tropius\n|-supereffective|p2a: Tropius\n|-damage|p2a: Tropius|0 fnt\n|faint|p2a: Tropius\n|\n|win|bakavelique\n", "inputlog": ">version f8ac14003a5f27e1bdc8d8c59608a773c1cb96e5\n>start {\"formatid\":\"gen9randombattle\",\"seed\":\"sodium,33ffa8a52b918fa6cf25c7732d33a3ab\",\"rated\":\"Rated battle\"}\n>player p1 {\"name\":\"bakavelique\",\"avatar\":\"2\",\"rating\":2004,\"seed\":\"sodium,a249d2690e9979107306fce4a56257a9\"}\n>player p2 {\"name\":\"Zedriox\",\"avatar\":\"169\",\"rating\":2035,\"seed\":\"sodium,492505490445f2ef916066894472fb60\"}\n>p1 switch 6\n>p2 move swordsdance\n>p1 move willowisp\n>p2 move ironhead\n>p1 move shadowball\n>p2 move swordsdance\n>p1 move shadowball\n>p2 move ironhead\n>p1 move shadowball\n>p2 move ironhead\n>p2 switch 2\n>p1 move willowisp\n>p2 move foulplay\n>p1 switch 6\n>p1 move bodypress\n>p2 move irondefense\n>p1 move flashcannon\n>p2 move rest terastallize\n>p1 move discharge\n>p2 move bodypress\n>p1 switch 2\n>p1 move earthpower\n>p2 move bodypress\n>p1 move earthpower\n>p2 move rest\n>p1 move earthpower\n>p2 switch 4\n>p1 switch 3\n>p2 move substitute\n>p1 move iciclecrash\n>p2 move leechseed\n>p1 switch 3\n>p2 move protect\n>p1 switch 3\n>p2 move protect\n>p1 move iciclecrash\n>p2 switch 4\n>p1 switch 3\n>p2 move bodypress\n>p1 move earthpower\n>p2 move rest\n>p1 move earthpower\n>p2 move rest\n>p1 move earthpower\n>p2 switch 4\n>p1 move leafstorm\n>p2 move substitute\n>p1 move leafstorm\n>p2 move airslash\n>p1 switch 3\n>p2 move airslash\n>p1 move iciclecrash\n>p2 move airslash\n>p1 switch 4\n>p1 move electrodrift\n>p2 move protect\n>p1 move electrodrift\n>p2 move leechseed\n>p1 move calmmind\n>p2 move protect\n>p1 move electrodrift\n>p2 switch 4\n>p1 move electrodrift\n>p2 switch 5\n>p2 switch 6\n>p1 switch 3\n>p2 move stickyweb\n>p1 move rapidspin\n>p2 move uturn\n>p2 switch 4\n>p1 move leafstorm\n>p2 move substitute\n>p1 move leafstorm\n>p2 move airslash\n>p1 switch 5\n>p1 move icepunch\n>p2 move leechseed\n>p1 switch 3\n>p2 move substitute\n>p1 move electrodrift\n>p2 move leechseed\n>p1 switch 3\n>p2 switch 4\n>p1 move stoneedge\n>p2 move stickyweb\n>p1 move icepunch\n>p2 move knockoff\n>p2 switch 3\n>p1 move dragontail\n>p2 move ironhead\n>p1 move icepunch\n>p2 switch 5\n>p1 move earthquake\n>p2 move bodypress\n>p2 switch 4\n>p1 move icepunch terastallize\n>p2 move closecombat\n>p2 switch 5\n>p1 move icepunch\n>p2 move airslash", "uploadtime": 1782807299, "views": 5, "formatid": "gen9randombattle", "rating": null, "private": 0, "password": null, "player_dets": [{"name": "bakavelique", "avatar": "2", "rating": 2004, "seed": "sodium,a249d2690e9979107306fce4a56257a9"}, {"name": "Zedriox", "avatar": "169", "rating": 2035, "seed": "sodium,492505490445f2ef916066894472fb60"}], "teams_full": [{"Magnezone": {"name": "Magnezone", "species": "Magnezone", "speciesId": "magnezone", "gender": "N", "shiny": false, "level": 85, "moves": ["voltswitch", "flashcannon", "bodypress", "discharge"], "ability": "Magnet Pull", "evs": {"hp": 85, "atk": 0, "def": 85, "spa": 85, "spd": 85, "spe": 85}, "ivs": {"hp": 31, "atk": 0, "def": 31, "spa": 31, "spd": 31, "spe": 31}, "item": "Assault Vest", "teraType": "Flying", "role": "AV Pivot", "bvs": {"hp": 70, "atk": 70, "def": 115, "spa": 130, "spd": 90, "spe": 60}, "stats": {"hp": 258, "atk": 124, "def": 244, "spa": 270, "spd": 202, "spe": 151}, "types": ["Electric", "Steel"]}, "Toedscruel": {"name": "Toedscruel", "species": "Toedscruel", "speciesId": "toedscruel", "gender": "M", "shiny": false, "level": 87, "moves": ["rapidspin", "earthpower", "leafstorm", "spore"], "ability": "Mycelium Might", "evs": {"hp": 85, "atk": 85, "def": 85, "spa": 85, "spd": 85, "spe": 85}, "ivs": {"hp": 31, "atk": 31, "def": 31, "spa": 31, "spd": 31, "spe": 31}, "item": "Leftovers", "teraType": "Water", "role": "Bulky Support", "bvs": {"hp": 80, "atk": 70, "def": 65, "spa": 80, "spd": 120, "spe": 100}, "stats": {"hp": 281, "atk": 172, "def": 163, "spa": 189, "spd": 259, "spe": 224}, "types": ["Ground", "Grass"]}, "Chien-Pao": {"name": "Chien-Pao", "species": "Chien-Pao", "speciesId": "chienpao", "gender": "N", "shiny": false, "level": 72, "moves": ["sacredsword", "iciclecrash", "swordsdance", "throatchop"], "ability": "Sword of Ruin", "evs": {"hp": 85, "atk": 85, "def": 85, "spa": 85, "spd": 85, "spe": 85}, "ivs": {"hp": 31, "atk": 31, "def": 31, "spa": 31, "spd": 31, "spe": 31}, "item": "Heavy-Duty Boots", "teraType": "Fighting", "role": "Setup Sweeper", "bvs": {"hp": 80, "atk": 120, "def": 80, "spa": 90, "spd": 65, "spe": 135}, "stats": {"hp": 234, "atk": 215, "def": 157, "spa": 172, "spd": 136, "spe": 236}, "types": ["Dark", "Ice"]}, "Miraidon": {"name": "Miraidon", "species": "Miraidon", "speciesId": "miraidon", "gender": "N", "shiny": false, "level": 65, "moves": ["dracometeor", "dragonpulse", "calmmind", "electrodrift"], "ability": "Hadron Engine", "evs": {"hp": 85, "atk": 0, "def": 85, "spa": 85, "spd": 85, "spe": 85}, "ivs": {"hp": 31, "atk": 0, "def": 31, "spa": 31, "spd": 31, "spe": 31}, "item": "Life Orb", "teraType": "Electric", "role": "Setup Sweeper", "bvs": {"hp": 100, "atk": 85, "def": 100, "spa": 135, "spd": 115, "spe": 135}, "stats": {"hp": 238, "atk": 115, "def": 168, "spa": 214, "spd": 188, "spe": 214}, "types": ["Electric", "Dragon"]}, "Rhyperior": {"name": "Rhyperior", "species": "Rhyperior", "speciesId": "rhyperior", "gender": "F", "shiny": false, "level": 82, "moves": ["icepunch", "dragontail", "earthquake", "stoneedge"], "ability": "Solid Rock", "evs": {"hp": 85, "atk": 85, "def": 85, "spa": 85, "spd": 85, "spe": 85}, "ivs": {"hp": 31, "atk": 31, "def": 31, "spa": 31, "spd": 31, "spe": 31}, "item": "Assault Vest", "teraType": "Grass", "role": "Bulky Attacker", "bvs": {"hp": 115, "atk": 140, "def": 130, "spa": 55, "spd": 55, "spe": 40}, "stats": {"hp": 323, "atk": 277, "def": 260, "spa": 137, "spd": 137, "spe": 113}, "types": ["Ground", "Rock"]}, "Misdreavus": {"name": "Misdreavus", "species": "Misdreavus", "speciesId": "misdreavus", "gender": "M", "shiny": false, "level": 90, "moves": ["willowisp", "calmmind", "drainingkiss", "shadowball"], "ability": "Levitate", "evs": {"hp": 85, "atk": 0, "def": 85, "spa": 85, "spd": 85, "spe": 85}, "ivs": {"hp": 31, "atk": 0, "def": 31, "spa": 31, "spd": 31, "spe": 31}, "item": "Eviolite", "teraType": "Fairy", "role": "Bulky Setup", "bvs": {"hp": 60, "atk": 60, "def": 60, "spa": 85, "spd": 85, "spe": 85}, "stats": {"hp": 254, "atk": 113, "def": 159, "spa": 204, "spd": 204, "spe": 204}, "types": ["Ghost"]}}, {"Excadrill": {"name": "Excadrill", "species": "Excadrill", "speciesId": "excadrill", "gender": "F", "shiny": false, "level": 79, "moves": ["earthquake", "swordsdance", "ironhead", "rapidspin"], "ability": "Mold Breaker", "evs": {"hp": 85, "atk": 85, "def": 85, "spa": 85, "spd": 85, "spe": 85}, "ivs": {"hp": 31, "atk": 31, "def": 31, "spa": 31, "spd": 31, "spe": 31}, "item": "Leftovers", "teraType": "Grass", "role": "Bulky Setup", "bvs": {"hp": 110, "atk": 135, "def": 60, "spa": 50, "spd": 65, "spe": 88}, "stats": {"hp": 303, "atk": 259, "def": 140, "spa": 125, "spd": 148, "spe": 185}, "types": ["Ground", "Steel"]}, "Bastiodon": {"name": "Bastiodon", "species": "Bastiodon", "speciesId": "bastiodon", "gender": "M", "shiny": false, "level": 89, "moves": ["bodypress", "rest", "foulplay", "irondefense"], "ability": "Soundproof", "evs": {"hp": 85, "atk": 0, "def": 85, "spa": 85, "spd": 85, "spe": 85}, "ivs": {"hp": 31, "atk": 0, "def": 31, "spa": 31, "spd": 31, "spe": 31}, "item": "Chesto Berry", "teraType": "Fighting", "role": "Bulky Setup", "bvs": {"hp": 60, "atk": 52, "def": 168, "spa": 47, "spd": 138, "spe": 30}, "stats": {"hp": 252, "atk": 97, "def": 350, "spa": 134, "spd": 296, "spe": 104}, "types": ["Rock", "Steel"]}, "Kommo-o": {"name": "Kommo-o", "species": "Kommo-o", "speciesId": "kommoo", "gender": "M", "shiny": false, "level": 78, "moves": ["ironhead", "scaleshot", "swordsdance", "closecombat"], "ability": "Soundproof", "evs": {"hp": 85, "atk": 85, "def": 85, "spa": 85, "spd": 85, "spe": 85}, "ivs": {"hp": 31, "atk": 31, "def": 31, "spa": 31, "spd": 31, "spe": 31}, "item": "Loaded Dice", "teraType": "Steel", "role": "Setup Sweeper", "bvs": {"hp": 75, "atk": 110, "def": 125, "spa": 100, "spd": 105, "spe": 85}, "stats": {"hp": 245, "atk": 217, "def": 240, "spa": 201, "spd": 209, "spe": 178}, "types": ["Dragon", "Fighting"]}, "Tropius": {"name": "Tropius", "species": "Tropius", "speciesId": "tropius", "gender": "M", "shiny": false, "level": 91, "moves": ["substitute", "protect", "airslash", "leechseed"], "ability": "Harvest", "evs": {"hp": 85, "atk": 0, "def": 85, "spa": 85, "spd": 85, "spe": 85}, "ivs": {"hp": 31, "atk": 0, "def": 31, "spa": 31, "spd": 31, "spe": 31}, "item": "Sitrus Berry", "teraType": "Steel", "role": "Bulky Support", "bvs": {"hp": 99, "atk": 68, "def": 83, "spa": 72, "spd": 87, "spe": 51}, "stats": {"hp": 328, "atk": 128, "def": 203, "spa": 183, "spd": 210, "spe": 145}, "types": ["Grass", "Flying"]}, "Polteageist": {"name": "Polteageist", "species": "Polteageist-Antique", "speciesId": "polteageist", "gender": "N", "shiny": false, "level": 78, "moves": ["shadowball", "terablast", "shellsmash", "storedpower"], "ability": "Cursed Body", "evs": {"hp": 85, "atk": 0, "def": 85, "spa": 85, "spd": 85, "spe": 85}, "ivs": {"hp": 31, "atk": 0, "def": 31, "spa": 31, "spd": 31, "spe": 31}, "item": "White Herb", "teraType": "Fighting", "role": "Tera Blast user", "bvs": {"hp": 60, "atk": 65, "def": 65, "spa": 134, "spd": 114, "spe": 70}, "stats": {"hp": 222, "atk": 106, "def": 146, "spa": 254, "spd": 223, "spe": 154}, "types": ["Ghost"]}, "Spidops": {"name": "Spidops", "species": "Spidops", "speciesId": "spidops", "gender": "F", "shiny": false, "level": 96, "moves": ["spikes", "stickyweb", "knockoff", "uturn"], "ability": "Stakeout", "evs": {"hp": 85, "atk": 85, "def": 85, "spa": 85, "spd": 85, "spe": 85}, "ivs": {"hp": 31, "atk": 31, "def": 31, "spa": 31, "spd": 31, "spe": 31}, "item": "Heavy-Duty Boots", "teraType": "Ghost", "role": "Bulky Support", "bvs": {"hp": 60, "atk": 79, "def": 92, "spa": 52, "spd": 86, "spe": 35}, "stats": {"hp": 271, "atk": 206, "def": 231, "spa": 154, "spd": 220, "spe": 122}, "types": ["Bug"]}}]}