{"id": "gen9randombattle-2641090887", "format": "[Gen 9] Random Battle", "players": ["theGARGANTUANpp", "Emily's Big Move"], "log": "|j|\u203dtheGARGANTUANpp\n|j|\u2606Emily's Big Move\n|t:|1782739101\n|gametype|singles\n|player|p1|theGARGANTUANpp|265|2061\n|player|p2|Emily's Big Move|miku-ghost|2113\n|gen|9\n|tier|[Gen 9] Random Battle\n|rated|\n|rule|Species Clause: Limit one of each Pok\u00e9mon\n|rule|HP Percentage Mod: HP is shown in percentages\n|rule|Sleep Clause Mod: Limit one foe put to sleep\n|rule|Illusion Level Mod: Illusion disguises the Pok\u00e9mon's true level\n|\n|t:|1782739101\n|teamsize|p1|6\n|teamsize|p2|6\n|start\n|switch|p1a: Arboliva|Arboliva, L91, M|290/290\n|switch|p2a: Tyranitar|Tyranitar, L78, F|284/284\n|-weather|Sandstorm|[from] ability: Sand Stream|[of] p2a: Tyranitar\n|turn|1\n|\n|t:|1782739118\n|move|p2a: Tyranitar|Knock Off|p1a: Arboliva\n|-damage|p1a: Arboliva|190/290\n|-fieldstart|move: Grassy Terrain|[from] ability: Seed Sower|[of] p1a: Arboliva\n|-enditem|p1a: Arboliva|Leftovers|[from] move: Knock Off|[of] p2a: Tyranitar\n|move|p1a: Arboliva|Energy Ball|p2a: Tyranitar\n|-supereffective|p2a: Tyranitar\n|-damage|p2a: Tyranitar|68/284\n|\n|-weather|Sandstorm|[upkeep]\n|-damage|p1a: Arboliva|172/290|[from] Sandstorm\n|-heal|p2a: Tyranitar|85/284|[from] Grassy Terrain\n|-heal|p2a: Tyranitar|102/284|[from] item: Leftovers\n|-heal|p1a: Arboliva|190/290|[from] Grassy Terrain\n|upkeep\n|turn|2\n|\n|t:|1782739130\n|switch|p2a: Gogoat|Gogoat, L88, M|360/360\n|move|p1a: Arboliva|Strength Sap|p2a: Gogoat\n|-ability|p2a: Gogoat|Sap Sipper|boost\n|-boost|p2a: Gogoat|atk|1\n|\n|-weather|Sandstorm|[upkeep]\n|-damage|p2a: Gogoat|338/360|[from] Sandstorm\n|-damage|p1a: Arboliva|172/290|[from] Sandstorm\n|-heal|p2a: Gogoat|360/360|[from] Grassy Terrain\n|-heal|p1a: Arboliva|190/290|[from] Grassy Terrain\n|upkeep\n|turn|3\n|\n|t:|1782739147\n|switch|p1a: Arcanine|Arcanine, L84, M|288/288\n|-ability|p1a: Arcanine|Intimidate|boost\n|-unboost|p2a: Gogoat|atk|1\n|move|p2a: Gogoat|Bulk Up|p2a: Gogoat\n|-boost|p2a: Gogoat|atk|1\n|-boost|p2a: Gogoat|def|1\n|\n|-weather|Sandstorm|[upkeep]\n|-damage|p1a: Arcanine|270/288|[from] Sandstorm\n|-damage|p2a: Gogoat|338/360|[from] Sandstorm\n|-heal|p1a: Arcanine|288/288|[from] Grassy Terrain\n|-heal|p2a: Gogoat|360/360|[from] Grassy Terrain\n|upkeep\n|turn|4\n|\n|t:|1782739153\n|switch|p2a: Regirock|Regirock, L83|268/268\n|move|p1a: Arcanine|Flare Blitz|p2a: Regirock\n|-resisted|p2a: Regirock\n|-damage|p2a: Regirock|234/268\n|-damage|p1a: Arcanine|277/288|[from] Recoil\n|\n|-weather|Sandstorm|[upkeep]\n|-damage|p1a: Arcanine|259/288|[from] Sandstorm\n|-heal|p1a: Arcanine|277/288|[from] Grassy Terrain\n|-heal|p2a: Regirock|250/268|[from] Grassy Terrain\n|-heal|p2a: Regirock|266/268|[from] item: Leftovers\n|upkeep\n|turn|5\n|\n|t:|1782739173\n|switch|p1a: Azumarill|Azumarill, L82, F|298/298\n|move|p2a: Regirock|Thunder Wave|p1a: Azumarill\n|-status|p1a: Azumarill|par\n|\n|-weather|none\n|-heal|p2a: Regirock|268/268|[from] Grassy Terrain\n|-fieldend|move: Grassy Terrain\n|upkeep\n|turn|6\n|\n|t:|1782739183\n|switch|p2a: Gogoat|Gogoat, L88, M|360/360\n|move|p1a: Azumarill|Superpower|p2a: Gogoat\n|-damage|p2a: Gogoat|176/360\n|-unboost|p1a: Azumarill|atk|1\n|-unboost|p1a: Azumarill|def|1\n|\n|-heal|p2a: Gogoat|198/360|[from] item: Leftovers\n|upkeep\n|turn|7\n|\n|t:|1782739189\n|switch|p1a: Arcanine|Arcanine, L84, M|277/288\n|-ability|p1a: Arcanine|Intimidate|boost\n|-unboost|p2a: Gogoat|atk|1\n|move|p2a: Gogoat|Milk Drink|p2a: Gogoat\n|-heal|p2a: Gogoat|360/360\n|\n|upkeep\n|turn|8\n|\n|t:|1782739196\n|switch|p2a: Regirock|Regirock, L83|268/268\n|move|p1a: Arcanine|Close Combat|p2a: Regirock\n|-supereffective|p2a: Regirock\n|-damage|p2a: Regirock|164/268\n|-unboost|p1a: Arcanine|def|1\n|-unboost|p1a: Arcanine|spd|1\n|\n|-heal|p2a: Regirock|180/268|[from] item: Leftovers\n|upkeep\n|turn|9\n|\n|t:|1782739205\n|switch|p1a: Azumarill|Azumarill, L82, F|298/298 par\n|switch|p2a: Ogerpon|Ogerpon-Wellspring, L76, F|247/247\n|\n|upkeep\n|turn|10\n|\n|t:|1782739212\n|switch|p1a: Arboliva|Arboliva, L91, M|190/290\n|move|p2a: Ogerpon|Swords Dance|p2a: Ogerpon\n|-boost|p2a: Ogerpon|atk|2\n|\n|upkeep\n|turn|11\n|\n|t:|1782739221\n|switch|p2a: Gogoat|Gogoat, L88, M|360/360\n|move|p1a: Arboliva|Strength Sap|p2a: Gogoat\n|-ability|p2a: Gogoat|Sap Sipper|boost\n|-boost|p2a: Gogoat|atk|1\n|\n|upkeep\n|turn|12\n|\n|t:|1782739228\n|switch|p1a: Arcanine|Arcanine, L84, M|277/288\n|-ability|p1a: Arcanine|Intimidate|boost\n|-unboost|p2a: Gogoat|atk|1\n|move|p2a: Gogoat|Earthquake|p1a: Arcanine\n|-supereffective|p1a: Arcanine\n|-damage|p1a: Arcanine|107/288\n|\n|upkeep\n|turn|13\n|\n|t:|1782739235\n|switch|p2a: Regirock|Regirock, L83|180/268\n|move|p1a: Arcanine|Morning Sun|p1a: Arcanine\n|-heal|p1a: Arcanine|251/288\n|\n|-heal|p2a: Regirock|196/268|[from] item: Leftovers\n|upkeep\n|turn|14\n|\n|t:|1782739244\n|switch|p1a: Azumarill|Azumarill, L82, F|298/298 par\n|switch|p2a: Tyranitar|Tyranitar, L78, F|102/284\n|-weather|Sandstorm|[from] ability: Sand Stream|[of] p2a: Tyranitar\n|\n|-weather|Sandstorm|[upkeep]\n|-damage|p1a: Azumarill|280/298 par|[from] Sandstorm\n|-heal|p2a: Tyranitar|119/284|[from] item: Leftovers\n|upkeep\n|turn|15\n|\n|t:|1782739251\n|move|p2a: Tyranitar|Stealth Rock|p1a: Azumarill\n|-sidestart|p1: theGARGANTUANpp|move: Stealth Rock\n|cant|p1a: Azumarill|par\n|\n|-weather|Sandstorm|[upkeep]\n|-damage|p1a: Azumarill|262/298 par|[from] Sandstorm\n|-heal|p2a: Tyranitar|136/284|[from] item: Leftovers\n|upkeep\n|turn|16\n|\n|t:|1782739258\n|switch|p2a: Gogoat|Gogoat, L88, M|360/360\n|move|p1a: Azumarill|Superpower|p2a: Gogoat\n|-damage|p2a: Gogoat|174/360\n|-unboost|p1a: Azumarill|atk|1\n|-unboost|p1a: Azumarill|def|1\n|\n|-weather|Sandstorm|[upkeep]\n|-damage|p2a: Gogoat|152/360|[from] Sandstorm\n|-damage|p1a: Azumarill|244/298 par|[from] Sandstorm\n|-heal|p2a: Gogoat|174/360|[from] item: Leftovers\n|upkeep\n|turn|17\n|\n|t:|1782739264\n|switch|p1a: Arcanine|Arcanine, L84, M|251/288\n|-ability|p1a: Arcanine|Intimidate|boost\n|-unboost|p2a: Gogoat|atk|1\n|move|p2a: Gogoat|Milk Drink|p2a: Gogoat\n|-heal|p2a: Gogoat|354/360\n|\n|-weather|Sandstorm|[upkeep]\n|-damage|p1a: Arcanine|233/288|[from] Sandstorm\n|-damage|p2a: Gogoat|332/360|[from] Sandstorm\n|-heal|p2a: Gogoat|354/360|[from] item: Leftovers\n|upkeep\n|turn|18\n|\n|t:|1782739271\n|switch|p2a: Regirock|Regirock, L83|196/268\n|move|p1a: Arcanine|Close Combat|p2a: Regirock\n|-supereffective|p2a: Regirock\n|-damage|p2a: Regirock|104/268\n|-unboost|p1a: Arcanine|def|1\n|-unboost|p1a: Arcanine|spd|1\n|\n|-weather|none\n|-heal|p2a: Regirock|120/268|[from] item: Leftovers\n|upkeep\n|turn|19\n|\n|t:|1782739277\n|switch|p1a: Azumarill|Azumarill, L82, F|244/298 par\n|-damage|p1a: Azumarill|207/298 par|[from] Stealth Rock\n|move|p2a: Regirock|Stone Edge|p1a: Azumarill|[miss]\n|-miss|p2a: Regirock|p1a: Azumarill\n|\n|-heal|p2a: Regirock|136/268|[from] item: Leftovers\n|upkeep\n|turn|20\n|\n|t:|1782739286\n|switch|p2a: Gogoat|Gogoat, L88, M|354/360\n|cant|p1a: Azumarill|par\n|\n|-heal|p2a: Gogoat|360/360|[from] item: Leftovers\n|upkeep\n|turn|21\n|\n|t:|1782739292\n|switch|p2a: Barraskewda|Barraskewda, L81, M|231/231\n|switch|p1a: Arcanine|Arcanine, L84, M|233/288\n|-ability|p1a: Arcanine|Intimidate|boost\n|-unboost|p2a: Barraskewda|atk|1\n|\n|upkeep\n|turn|22\n|\n|t:|1782739299\n|switch|p1a: Arboliva|Arboliva, L91, M|190/290\n|-damage|p1a: Arboliva|154/290|[from] Stealth Rock\n|move|p2a: Barraskewda|Flip Turn|p1a: Arboliva\n|-resisted|p1a: Arboliva\n|-damage|p1a: Arboliva|124/290\n|-fieldstart|move: Grassy Terrain|[from] ability: Seed Sower|[of] p1a: Arboliva\n|\n|t:|1782739307\n|switch|p2a: Regirock|Regirock, L83|136/268|[from] Flip Turn\n|\n|-heal|p2a: Regirock|152/268|[from] Grassy Terrain\n|-heal|p2a: Regirock|168/268|[from] item: Leftovers\n|-heal|p1a: Arboliva|142/290|[from] Grassy Terrain\n|upkeep\n|turn|23\n|\n|t:|1782739318\n|switch|p1a: Azumarill|Azumarill, L82, F|207/298 par\n|-damage|p1a: Azumarill|170/298 par|[from] Stealth Rock\n|move|p2a: Regirock|Body Press|p1a: Azumarill\n|-resisted|p1a: Azumarill\n|-damage|p1a: Azumarill|114/298 par\n|\n|-heal|p2a: Regirock|184/268|[from] Grassy Terrain\n|-heal|p2a: Regirock|200/268|[from] item: Leftovers\n|-heal|p1a: Azumarill|132/298 par|[from] Grassy Terrain\n|upkeep\n|turn|24\n|\n|t:|1782739327\n|switch|p2a: Gogoat|Gogoat, L88, M|360/360\n|cant|p1a: Azumarill|par\n|\n|-heal|p1a: Azumarill|150/298 par|[from] Grassy Terrain\n|upkeep\n|turn|25\n|\n|t:|1782739336\n|switch|p2a: Barraskewda|Barraskewda, L81, M|231/231\n|switch|p1a: Kilowattrel|Kilowattrel, L83, M|252/252\n|\n|upkeep\n|turn|26\n|\n|t:|1782739343\n|move|p2a: Barraskewda|Flip Turn|p1a: Kilowattrel\n|-damage|p1a: Kilowattrel|111/252\n|\n|t:|1782739348\n|switch|p2a: Tyranitar|Tyranitar, L78, F|136/284|[from] Flip Turn\n|-weather|Sandstorm|[from] ability: Sand Stream|[of] p2a: Tyranitar\n|move|p1a: Kilowattrel|Thunderbolt|p2a: Tyranitar\n|-damage|p2a: Tyranitar|75/284\n|\n|-weather|Sandstorm|[upkeep]\n|-damage|p1a: Kilowattrel|96/252|[from] Sandstorm\n|-heal|p2a: Tyranitar|92/284|[from] Grassy Terrain\n|-heal|p2a: Tyranitar|109/284|[from] item: Leftovers\n|-fieldend|move: Grassy Terrain\n|upkeep\n|turn|27\n|\n|t:|1782739356\n|move|p1a: Kilowattrel|U-turn|p2a: Tyranitar\n|-supereffective|p2a: Tyranitar\n|-damage|p2a: Tyranitar|43/284\n|\n|t:|1782739361\n|switch|p1a: Azumarill|Azumarill, L82, F|150/298 par|[from] U-turn\n|-damage|p1a: Azumarill|113/298 par|[from] Stealth Rock\n|move|p2a: Tyranitar|Stone Edge|p1a: Azumarill\n|-damage|p1a: Azumarill|0 fnt\n|faint|p1a: Azumarill\n|\n|-weather|Sandstorm|[upkeep]\n|-heal|p2a: Tyranitar|60/284|[from] item: Leftovers\n|upkeep\n|\n|t:|1782739376\n|switch|p1a: Arcanine|Arcanine, L84, M|233/288\n|-ability|p1a: Arcanine|Intimidate|boost\n|-unboost|p2a: Tyranitar|atk|1\n|turn|28\n|\n|t:|1782739382\n|switch|p2a: Ogerpon|Ogerpon-Wellspring, L76, F|247/247\n|move|p1a: Arcanine|Close Combat|p2a: Ogerpon\n|-damage|p2a: Ogerpon|137/247\n|-unboost|p1a: Arcanine|def|1\n|-unboost|p1a: Arcanine|spd|1\n|\n|-weather|Sandstorm|[upkeep]\n|-damage|p2a: Ogerpon|122/247|[from] Sandstorm\n|-damage|p1a: Arcanine|215/288|[from] Sandstorm\n|upkeep\n|turn|29\n|\n|t:|1782739400\n|switch|p1a: Arboliva|Arboliva, L91, M|142/290\n|-damage|p1a: Arboliva|106/290|[from] Stealth Rock\n|move|p2a: Ogerpon|Ivy Cudgel|p1a: Arboliva|[anim] Ivy Cudgel Water\n|-resisted|p1a: Arboliva\n|-damage|p1a: Arboliva|45/290\n|-fieldstart|move: Grassy Terrain|[from] ability: Seed Sower|[of] p1a: Arboliva\n|\n|-weather|Sandstorm|[upkeep]\n|-damage|p2a: Ogerpon|107/247|[from] Sandstorm\n|-damage|p1a: Arboliva|27/290|[from] Sandstorm\n|-heal|p2a: Ogerpon|122/247|[from] Grassy Terrain\n|-heal|p1a: Arboliva|45/290|[from] Grassy Terrain\n|upkeep\n|turn|30\n|\n|t:|1782739413\n|move|p2a: Ogerpon|Horn Leech|p1a: Arboliva\n|-resisted|p1a: Arboliva\n|-damage|p1a: Arboliva|0 fnt\n|-heal|p2a: Ogerpon|145/247|[from] drain|[of] p1a: Arboliva\n|faint|p1a: Arboliva\n|\n|-weather|none\n|-heal|p2a: Ogerpon|160/247|[from] Grassy Terrain\n|upkeep\n|\n|t:|1782739417\n|switch|p1a: Kilowattrel|Kilowattrel, L83, M|96/252\n|turn|31\n|\n|t:|1782739421\n|switch|p2a: Tyranitar|Tyranitar, L78, F|60/284\n|-weather|Sandstorm|[from] ability: Sand Stream|[of] p2a: Tyranitar\n|move|p1a: Kilowattrel|Roost|p1a: Kilowattrel\n|-heal|p1a: Kilowattrel|222/252\n|-singleturn|p1a: Kilowattrel|move: Roost\n|\n|-weather|Sandstorm|[upkeep]\n|-damage|p1a: Kilowattrel|207/252|[from] Sandstorm\n|-heal|p1a: Kilowattrel|222/252|[from] Grassy Terrain\n|-heal|p2a: Tyranitar|77/284|[from] Grassy Terrain\n|-heal|p2a: Tyranitar|94/284|[from] item: Leftovers\n|upkeep\n|turn|32\n|\n|t:|1782739429\n|move|p1a: Kilowattrel|U-turn|p2a: Tyranitar\n|-supereffective|p2a: Tyranitar\n|-crit|p2a: Tyranitar\n|-damage|p2a: Tyranitar|0 fnt\n|faint|p2a: Tyranitar\n|\n|t:|1782739440\n|switch|p1a: Mewtwo|Mewtwo, L72|272/272|[from] U-turn\n|-ability|p1a: Mewtwo|Unnerve\n|-damage|p1a: Mewtwo|238/272|[from] Stealth Rock\n|\n|-weather|Sandstorm|[upkeep]\n|-damage|p1a: Mewtwo|221/272|[from] Sandstorm\n|-heal|p1a: Mewtwo|238/272|[from] Grassy Terrain\n|upkeep\n|\n|t:|1782739445\n|switch|p2a: Barraskewda|Barraskewda, L81, M|231/231\n|turn|33\n|\n|t:|1782739463\n|move|p2a: Barraskewda|Flip Turn|p1a: Mewtwo\n|-damage|p1a: Mewtwo|105/272\n|\n|t:|1782739467\n|switch|p2a: Ogerpon|Ogerpon-Wellspring, L76, F|160/247|[from] Flip Turn\n|move|p1a: Mewtwo|Psystrike|p2a: Ogerpon\n|-damage|p2a: Ogerpon|0 fnt\n|faint|p2a: Ogerpon\n|-damage|p1a: Mewtwo|78/272|[from] item: Life Orb\n|\n|-weather|Sandstorm|[upkeep]\n|-damage|p1a: Mewtwo|61/272|[from] Sandstorm\n|-heal|p1a: Mewtwo|78/272|[from] Grassy Terrain\n|-fieldend|move: Grassy Terrain\n|upkeep\n|\n|t:|1782739473\n|switch|p2a: Barraskewda|Barraskewda, L81, M|231/231\n|turn|34\n|\n|t:|1782739478\n|move|p2a: Barraskewda|Flip Turn|p1a: Mewtwo\n|-damage|p1a: Mewtwo|0 fnt\n|faint|p1a: Mewtwo\n|\n|t:|1782739481\n|switch|p2a: Regirock|Regirock, L83|200/268|[from] Flip Turn\n|\n|-weather|Sandstorm|[upkeep]\n|-heal|p2a: Regirock|216/268|[from] item: Leftovers\n|upkeep\n|\n|t:|1782739494\n|switch|p1a: Arcanine|Arcanine, L84, M|215/288\n|-ability|p1a: Arcanine|Intimidate|boost\n|-fail|p2a: Regirock|unboost|[from] ability: Clear Body|[of] p2a: Regirock\n|turn|35\n|\n|t:|1782739499\n|move|p1a: Arcanine|Close Combat|p2a: Regirock\n|-supereffective|p2a: Regirock\n|-damage|p2a: Regirock|120/268\n|-unboost|p1a: Arcanine|def|1\n|-unboost|p1a: Arcanine|spd|1\n|move|p2a: Regirock|Thunder Wave|p1a: Arcanine\n|-status|p1a: Arcanine|par\n|\n|-weather|none\n|-heal|p2a: Regirock|136/268|[from] item: Leftovers\n|upkeep\n|turn|36\n|\n|t:|1782739503\n|move|p2a: Regirock|Stone Edge|p1a: Arcanine\n|-supereffective|p1a: Arcanine\n|-damage|p1a: Arcanine|0 fnt\n|faint|p1a: Arcanine\n|\n|-heal|p2a: Regirock|152/268|[from] item: Leftovers\n|upkeep\n|\n|t:|1782739506\n|switch|p1a: Feraligatr|Feraligatr, L79, F|264/264\n|-damage|p1a: Feraligatr|231/264|[from] Stealth Rock\n|turn|37\n|\n|t:|1782739510\n|move|p1a: Feraligatr|Liquidation|p2a: Regirock\n|-supereffective|p2a: Regirock\n|-damage|p2a: Regirock|0 fnt\n|faint|p2a: Regirock\n|\n|upkeep\n|\n|t:|1782739518\n|switch|p2a: Gogoat|Gogoat, L88, M|360/360\n|turn|38\n|\n|t:|1782739523\n|-terastallize|p1a: Feraligatr|Grass\n|move|p2a: Gogoat|Horn Leech|p1a: Feraligatr\n|-resisted|p1a: Feraligatr\n|-damage|p1a: Feraligatr|188/264\n|move|p1a: Feraligatr|Dragon Dance|p1a: Feraligatr\n|-boost|p1a: Feraligatr|atk|1\n|-boost|p1a: Feraligatr|spe|1\n|\n|upkeep\n|turn|39\n|\n|t:|1782739528\n|move|p1a: Feraligatr|Dragon Dance|p1a: Feraligatr\n|-boost|p1a: Feraligatr|atk|1\n|-boost|p1a: Feraligatr|spe|1\n|move|p2a: Gogoat|Bulk Up|p2a: Gogoat\n|-boost|p2a: Gogoat|atk|1\n|-boost|p2a: Gogoat|def|1\n|\n|upkeep\n|turn|40\n|\n|t:|1782739536\n|move|p1a: Feraligatr|Ice Punch|p2a: Gogoat\n|-supereffective|p2a: Gogoat\n|-damage|p2a: Gogoat|77/360\n|move|p2a: Gogoat|Horn Leech|p1a: Feraligatr\n|-resisted|p1a: Feraligatr\n|-damage|p1a: Feraligatr|129/264\n|-heal|p2a: Gogoat|107/360|[from] drain|[of] p1a: Feraligatr\n|\n|-heal|p2a: Gogoat|129/360|[from] item: Leftovers\n|upkeep\n|turn|41\n|\n|t:|1782739547\n|move|p1a: Feraligatr|Dragon Dance|p1a: Feraligatr\n|-boost|p1a: Feraligatr|atk|1\n|-boost|p1a: Feraligatr|spe|1\n|move|p2a: Gogoat|Horn Leech|p1a: Feraligatr\n|-resisted|p1a: Feraligatr\n|-crit|p1a: Feraligatr\n|-damage|p1a: Feraligatr|36/264\n|-heal|p2a: Gogoat|176/360|[from] drain|[of] p1a: Feraligatr\n|\n|-heal|p2a: Gogoat|198/360|[from] item: Leftovers\n|upkeep\n|turn|42\n|\n|t:|1782739556\n|move|p1a: Feraligatr|Ice Punch|p2a: Gogoat\n|-supereffective|p2a: Gogoat\n|-damage|p2a: Gogoat|0 fnt\n|faint|p2a: Gogoat\n|\n|upkeep\n|\n|t:|1782739558\n|switch|p2a: Iron Crown|Iron Crown, L78|268/268\n|turn|43\n|\n|t:|1782739562\n|move|p1a: Feraligatr|Liquidation|p2a: Iron Crown\n|-damage|p2a: Iron Crown|0 fnt\n|faint|p2a: Iron Crown\n|-end|p2a: Iron Crown|Quark Drive|[silent]\n|\n|upkeep\n|c|\u2606Emily's Big Move|lucky n bad\n|-message|Emily's Big Move forfeited.\n|\n|win|theGARGANTUANpp\n", "inputlog": ">version f8ac14003a5f27e1bdc8d8c59608a773c1cb96e5\n>start {\"formatid\":\"gen9randombattle\",\"seed\":\"sodium,6dd4d8372c12a12dd1ad8d4fbcca1503\",\"rated\":\"Rated battle\"}\n>player p1 {\"name\":\"theGARGANTUANpp\",\"avatar\":\"265\",\"rating\":2061,\"seed\":\"sodium,f0b255697d6828975fe2e0e6a72ac70c\"}\n>player p2 {\"name\":\"Emily's Big Move\",\"avatar\":\"miku-ghost\",\"rating\":2113,\"seed\":\"sodium,c7a20182dc131498fdd22f78815e4d8f\"}\n>p1 move energyball\n>p2 move knockoff\n>p1 move strengthsap\n>p2 switch 6\n>p1 switch 2\n>p2 move bulkup\n>p1 move flareblitz\n>p2 switch 3\n>p1 switch 4\n>p2 move thunderwave\n>p1 move superpower\n>p2 switch 3\n>p1 switch 4\n>p2 move milkdrink\n>p1 move closecombat\n>p2 switch 3\n>p1 switch 4\n>p2 switch 5\n>p1 switch 2\n>p2 move swordsdance\n>p1 move strengthsap\n>p2 switch 3\n>p1 switch 4\n>p2 move earthquake\n>p1 move morningsun\n>p2 switch 5\n>p1 switch 2\n>p2 switch 6\n>p1 move superpower\n>p2 move stealthrock\n>p1 move superpower\n>p2 switch 5\n>p1 switch 2\n>p2 move milkdrink\n>p1 move closecombat\n>p2 switch 6\n>p1 switch 2\n>p2 move stoneedge\n>p1 move superpower\n>p2 switch 6\n>p1 switch 2\n>p2 switch 4\n>p1 switch 4\n>p2 move flipturn\n>p2 switch 6\n>p1 switch 2\n>p2 move bodypress\n>p1 move superpower\n>p2 switch 4\n>p1 switch 3\n>p2 switch 6\n>p1 move thunderbolt\n>p2 move flipturn\n>p2 switch 5\n>p1 move uturn\n>p2 move stoneedge\n>p1 switch 3\n>p1 switch 4\n>p1 move closecombat\n>p2 switch 3\n>p1 switch 2\n>p2 move ivycudgel\n>p1 move hypervoice\n>p2 move hornleech\n>p1 switch 3\n>p1 move roost\n>p2 switch 3\n>p1 move uturn\n>p2 move knockoff\n>p1 switch 6\n>p2 switch 5\n>p1 move psystrike\n>p2 move flipturn\n>p2 switch 3\n>p2 switch 3\n>p1 move psystrike\n>p2 move flipturn\n>p2 switch 4\n>p1 switch 2\n>p1 move closecombat\n>p2 move thunderwave\n>p1 move closecombat\n>p2 move stoneedge\n>p1 switch 5\n>p1 move liquidation\n>p2 move thunderwave\n>p2 switch 6\n>p1 move dragondance terastallize\n>p2 move hornleech\n>p1 move dragondance\n>p2 move bulkup\n>p1 move icepunch\n>p2 move hornleech\n>p1 move dragondance\n>p2 move hornleech\n>p1 move icepunch\n>p2 move hornleech\n>p2 switch 2\n>p1 move liquidation\n>p2 move psyshock\n>chat \u2606Emily's Big Move|lucky n bad\n>forcelose p2", "uploadtime": 1782739102, "views": 4, "formatid": "gen9randombattle", "rating": null, "private": 0, "password": null, "player_dets": [{"name": "theGARGANTUANpp", "avatar": "265", "rating": 2061, "seed": "sodium,f0b255697d6828975fe2e0e6a72ac70c"}, {"name": "Emily's Big Move", "avatar": "miku-ghost", "rating": 2113, "seed": "sodium,c7a20182dc131498fdd22f78815e4d8f"}], "teams_full": [{"Arboliva": {"name": "Arboliva", "species": "Arboliva", "speciesId": "arboliva", "gender": "M", "shiny": false, "level": 91, "moves": ["hypervoice", "earthpower", "energyball", "strengthsap"], "ability": "Seed Sower", "evs": {"hp": 85, "atk": 0, "def": 85, "spa": 85, "spd": 85, "spe": 85}, "ivs": {"hp": 31, "atk": 0, "def": 31, "spa": 31, "spd": 31, "spe": 31}, "item": "Leftovers", "teraType": "Ground", "role": "Bulky Attacker", "bvs": {"hp": 78, "atk": 69, "def": 90, "spa": 125, "spd": 109, "spe": 39}, "stats": {"hp": 290, "atk": 130, "def": 216, "spa": 279, "spd": 250, "spe": 123}, "types": ["Grass", "Normal"]}, "Arcanine": {"name": "Arcanine", "species": "Arcanine", "speciesId": "arcanine", "gender": "M", "shiny": false, "level": 84, "moves": ["morningsun", "flareblitz", "extremespeed", "closecombat"], "ability": "Intimidate", "evs": {"hp": 85, "atk": 85, "def": 85, "spa": 85, "spd": 85, "spe": 85}, "ivs": {"hp": 31, "atk": 31, "def": 31, "spa": 31, "spd": 31, "spe": 31}, "item": "Heavy-Duty Boots", "teraType": "Fighting", "role": "Bulky Attacker", "bvs": {"hp": 90, "atk": 110, "def": 80, "spa": 100, "spd": 80, "spe": 95}, "stats": {"hp": 288, "atk": 233, "def": 183, "spa": 216, "spd": 183, "spe": 208}, "types": ["Fire"]}, "Kilowattrel": {"name": "Kilowattrel", "species": "Kilowattrel", "speciesId": "kilowattrel", "gender": "M", "shiny": false, "level": 83, "moves": ["thunderbolt", "uturn", "hurricane", "roost"], "ability": "Volt Absorb", "evs": {"hp": 85, "atk": 85, "def": 85, "spa": 85, "spd": 85, "spe": 85}, "ivs": {"hp": 31, "atk": 31, "def": 31, "spa": 31, "spd": 31, "spe": 31}, "item": "Heavy-Duty Boots", "teraType": "Steel", "role": "Bulky Attacker", "bvs": {"hp": 70, "atk": 70, "def": 60, "spa": 105, "spd": 60, "spe": 125}, "stats": {"hp": 252, "atk": 164, "def": 147, "spa": 222, "spd": 147, "spe": 255}, "types": ["Electric", "Flying"]}, "Azumarill": {"name": "Azumarill", "species": "Azumarill", "speciesId": "azumarill", "gender": "F", "shiny": false, "level": 82, "moves": ["liquidation", "aquajet", "playrough", "superpower"], "ability": "Huge Power", "evs": {"hp": 85, "atk": 85, "def": 85, "spa": 85, "spd": 85, "spe": 85}, "ivs": {"hp": 31, "atk": 31, "def": 31, "spa": 31, "spd": 31, "spe": 31}, "item": "Choice Band", "teraType": "Water", "role": "Bulky Attacker", "bvs": {"hp": 100, "atk": 50, "def": 80, "spa": 60, "spd": 80, "spe": 50}, "stats": {"hp": 298, "atk": 129, "def": 178, "spa": 146, "spd": 178, "spe": 129}, "types": ["Water", "Fairy"]}, "Feraligatr": {"name": "Feraligatr", "species": "Feraligatr", "speciesId": "feraligatr", "gender": "F", "shiny": false, "level": 79, "moves": ["icepunch", "liquidation", "trailblaze", "dragondance"], "ability": "Sheer Force", "evs": {"hp": 85, "atk": 85, "def": 85, "spa": 85, "spd": 85, "spe": 85}, "ivs": {"hp": 31, "atk": 31, "def": 31, "spa": 31, "spd": 31, "spe": 31}, "item": "Life Orb", "teraType": "Grass", "role": "Setup Sweeper", "bvs": {"hp": 85, "atk": 105, "def": 100, "spa": 79, "spd": 83, "spe": 78}, "stats": {"hp": 264, "atk": 211, "def": 204, "spa": 170, "spd": 177, "spe": 169}, "types": ["Water"]}, "Mewtwo": {"name": "Mewtwo", "species": "Mewtwo", "speciesId": "mewtwo", "gender": "N", "shiny": false, "level": 72, "moves": ["darkpulse", "psystrike", "fireblast", "nastyplot"], "ability": "Unnerve", "evs": {"hp": 85, "atk": 0, "def": 85, "spa": 85, "spd": 85, "spe": 85}, "ivs": {"hp": 31, "atk": 0, "def": 31, "spa": 31, "spd": 31, "spe": 31}, "item": "Life Orb", "teraType": "Fire", "role": "Setup Sweeper", "bvs": {"hp": 106, "atk": 110, "def": 90, "spa": 154, "spd": 90, "spe": 130}, "stats": {"hp": 272, "atk": 163, "def": 172, "spa": 264, "spd": 172, "spe": 229}, "types": ["Psychic"]}}, {"Tyranitar": {"name": "Tyranitar", "species": "Tyranitar", "speciesId": "tyranitar", "gender": "F", "shiny": false, "level": 78, "moves": ["stealthrock", "stoneedge", "earthquake", "knockoff"], "ability": "Sand Stream", "evs": {"hp": 85, "atk": 85, "def": 85, "spa": 85, "spd": 85, "spe": 85}, "ivs": {"hp": 31, "atk": 31, "def": 31, "spa": 31, "spd": 31, "spe": 31}, "item": "Leftovers", "teraType": "Rock", "role": "Bulky Support", "bvs": {"hp": 100, "atk": 134, "def": 110, "spa": 95, "spd": 100, "spe": 61}, "stats": {"hp": 284, "atk": 254, "def": 217, "spa": 193, "spd": 201, "spe": 140}, "types": ["Rock", "Dark"]}, "Iron Crown": {"name": "Iron Crown", "species": "Iron Crown", "speciesId": "ironcrown", "gender": "N", "shiny": false, "level": 78, "moves": ["voltswitch", "focusblast", "psyshock", "tachyoncutter"], "ability": "Quark Drive", "evs": {"hp": 85, "atk": 0, "def": 85, "spa": 85, "spd": 85, "spe": 85}, "ivs": {"hp": 31, "atk": 0, "def": 31, "spa": 31, "spd": 31, "spe": 31}, "item": "Choice Specs", "teraType": "Fighting", "role": "Wallbreaker", "bvs": {"hp": 90, "atk": 72, "def": 100, "spa": 122, "spd": 108, "spe": 98}, "stats": {"hp": 268, "atk": 117, "def": 201, "spa": 235, "spd": 214, "spe": 198}, "types": ["Steel", "Psychic"]}, "Regirock": {"name": "Regirock", "species": "Regirock", "speciesId": "regirock", "gender": "N", "shiny": false, "level": 83, "moves": ["irondefense", "stoneedge", "thunderwave", "bodypress"], "ability": "Clear Body", "evs": {"hp": 85, "atk": 85, "def": 85, "spa": 85, "spd": 85, "spe": 85}, "ivs": {"hp": 31, "atk": 31, "def": 31, "spa": 31, "spd": 31, "spe": 31}, "item": "Leftovers", "teraType": "Fighting", "role": "Bulky Attacker", "bvs": {"hp": 80, "atk": 100, "def": 200, "spa": 50, "spd": 100, "spe": 50}, "stats": {"hp": 268, "atk": 214, "def": 380, "spa": 131, "spd": 214, "spe": 131}, "types": ["Rock"]}, "Barraskewda": {"name": "Barraskewda", "species": "Barraskewda", "speciesId": "barraskewda", "gender": "M", "shiny": false, "level": 81, "moves": ["waterfall", "closecombat", "flipturn", "poisonjab"], "ability": "Swift Swim", "evs": {"hp": 85, "atk": 85, "def": 85, "spa": 85, "spd": 85, "spe": 85}, "ivs": {"hp": 31, "atk": 31, "def": 31, "spa": 31, "spd": 31, "spe": 31}, "item": "Choice Band", "teraType": "Fighting", "role": "Wallbreaker", "bvs": {"hp": 61, "atk": 123, "def": 60, "spa": 60, "spd": 50, "spe": 136}, "stats": {"hp": 231, "atk": 246, "def": 144, "spa": 144, "spd": 128, "spe": 267}, "types": ["Water"]}, "Ogerpon": {"name": "Ogerpon", "species": "Ogerpon-Wellspring", "speciesId": "ogerponwellspring", "gender": "F", "shiny": false, "level": 76, "moves": ["ivycudgel", "knockoff", "hornleech", "swordsdance"], "ability": "Water Absorb", "evs": {"hp": 85, "atk": 85, "def": 85, "spa": 85, "spd": 85, "spe": 85}, "ivs": {"hp": 31, "atk": 31, "def": 31, "spa": 31, "spd": 31, "spe": 31}, "item": "Wellspring Mask", "teraType": "Water", "role": "Setup Sweeper", "bvs": {"hp": 80, "atk": 120, "def": 84, "spa": 60, "spd": 96, "spe": 110}, "stats": {"hp": 247, "atk": 226, "def": 172, "spa": 135, "spd": 190, "spe": 211}, "types": ["Grass", "Water"]}, "Gogoat": {"name": "Gogoat", "species": "Gogoat", "speciesId": "gogoat", "gender": "M", "shiny": false, "level": 88, "moves": ["milkdrink", "earthquake", "hornleech", "bulkup"], "ability": "Sap Sipper", "evs": {"hp": 85, "atk": 85, "def": 85, "spa": 85, "spd": 85, "spe": 85}, "ivs": {"hp": 31, "atk": 31, "def": 31, "spa": 31, "spd": 31, "spe": 31}, "item": "Leftovers", "teraType": "Ground", "role": "Bulky Setup", "bvs": {"hp": 123, "atk": 100, "def": 62, "spa": 97, "spd": 81, "spe": 68}, "stats": {"hp": 360, "atk": 226, "def": 159, "spa": 221, "spd": 193, "spe": 170}, "types": ["Grass"]}}]}