{"id": "gen9randombattle-2641719065", "format": "[Gen 9] Random Battle", "players": ["ba2ozknRR", "Jun.1g"], "log": "|j|\u2606ba2ozknRR\n|j|\u2606Jun.1g\n|t:|1782833734\n|gametype|singles\n|player|p1|ba2ozknRR|twins-gen4dp|1930\n|player|p2|Jun.1g|170|1902\n|gen|9\n|tier|[Gen 9] Random Battle\n|rated|\n|rule|Species Clause: Limit one of each Pok\u00e9mon\n|rule|HP Percentage Mod: HP is shown in percentages\n|rule|Sleep Clause Mod: Limit one foe put to sleep\n|rule|Illusion Level Mod: Illusion disguises the Pok\u00e9mon's true level\n|\n|t:|1782833734\n|teamsize|p1|6\n|teamsize|p2|6\n|start\n|switch|p1a: Iron Crown|Iron Crown, L78|268/268\n|switch|p2a: Arboliva|Arboliva, L91, F|288/288\n|turn|1\n|inactive|Battle timer is ON: inactive players will automatically lose when time's up. (requested by ba2ozknRR)\n|\n|t:|1782833740\n|move|p1a: Iron Crown|Calm Mind|p1a: Iron Crown\n|-boost|p1a: Iron Crown|spa|1\n|-boost|p1a: Iron Crown|spd|1\n|move|p2a: Arboliva|Leech Seed|p1a: Iron Crown\n|-start|p1a: Iron Crown|move: Leech Seed\n|\n|-damage|p1a: Iron Crown|235/268|[from] Leech Seed|[of] p2a: Arboliva\n|upkeep\n|turn|2\n|\n|t:|1782833748\n|move|p1a: Iron Crown|Focus Blast|p2a: Arboliva\n|-supereffective|p2a: Arboliva\n|-damage|p2a: Arboliva|94/288\n|-enditem|p2a: Arboliva|Sitrus Berry|[eat]\n|-heal|p2a: Arboliva|166/288|[from] item: Sitrus Berry\n|move|p2a: Arboliva|Substitute|p2a: Arboliva\n|-start|p2a: Arboliva|Substitute\n|-damage|p2a: Arboliva|94/288\n|\n|-heal|p1a: Iron Crown|251/268|[from] item: Leftovers\n|-damage|p1a: Iron Crown|218/268|[from] Leech Seed|[of] p2a: Arboliva\n|-heal|p2a: Arboliva|127/288|[silent]\n|-item|p2a: Arboliva|Sitrus Berry|[from] ability: Harvest\n|upkeep\n|-enditem|p2a: Arboliva|Sitrus Berry|[eat]\n|-heal|p2a: Arboliva|199/288|[from] item: Sitrus Berry\n|turn|3\n|\n|t:|1782833754\n|move|p2a: Arboliva|Protect|p2a: Arboliva\n|-singleturn|p2a: Arboliva|Protect\n|move|p1a: Iron Crown|Tachyon Cutter|p2a: Arboliva\n|-activate|p2a: Arboliva|move: Protect\n|\n|-heal|p1a: Iron Crown|234/268|[from] item: Leftovers\n|-damage|p1a: Iron Crown|201/268|[from] Leech Seed|[of] p2a: Arboliva\n|-heal|p2a: Arboliva|232/288|[silent]\n|upkeep\n|turn|4\n|\n|t:|1782833762\n|-end|p1a: Iron Crown|Quark Drive|[silent]\n|switch|p1a: Pachirisu|Pachirisu, L96, M|271/271\n|move|p2a: Arboliva|Substitute|p2a: Arboliva\n|-fail|p2a: Arboliva|move: Substitute\n|\n|upkeep\n|turn|5\n|\n|t:|1782833766\n|move|p1a: Pachirisu|Thunderbolt|p2a: Arboliva\n|-resisted|p2a: Arboliva\n|-activate|p2a: Arboliva|move: Substitute|[damage]\n|move|p2a: Arboliva|Leech Seed|p1a: Pachirisu\n|-start|p1a: Pachirisu|move: Leech Seed\n|\n|-damage|p1a: Pachirisu|238/271|[from] Leech Seed|[of] p2a: Arboliva\n|-heal|p2a: Arboliva|265/288|[silent]\n|-item|p2a: Arboliva|Sitrus Berry|[from] ability: Harvest\n|upkeep\n|turn|6\n|\n|t:|1782833769\n|move|p2a: Arboliva|Protect|p2a: Arboliva\n|-singleturn|p2a: Arboliva|Protect\n|move|p1a: Pachirisu|U-turn|p2a: Arboliva\n|-activate|p2a: Arboliva|move: Protect\n|\n|-damage|p1a: Pachirisu|205/271|[from] Leech Seed|[of] p2a: Arboliva\n|-heal|p2a: Arboliva|288/288|[silent]\n|upkeep\n|turn|7\n|\n|t:|1782833772\n|move|p1a: Pachirisu|U-turn|p2a: Arboliva\n|-supereffective|p2a: Arboliva\n|-end|p2a: Arboliva|Substitute\n|\n|t:|1782833775\n|switch|p1a: Flutter Mane|Flutter Mane, L74|203/203|[from] U-turn\n|move|p2a: Arboliva|Substitute|p2a: Arboliva\n|-start|p2a: Arboliva|Substitute\n|-damage|p2a: Arboliva|216/288\n|\n|upkeep\n|turn|8\n|\n|t:|1782833781\n|move|p1a: Flutter Mane|Mystical Fire|p2a: Arboliva\n|-supereffective|p2a: Arboliva\n|-end|p2a: Arboliva|Substitute\n|-damage|p1a: Flutter Mane|183/203|[from] item: Life Orb\n|move|p2a: Arboliva|Leech Seed|p1a: Flutter Mane\n|-start|p1a: Flutter Mane|move: Leech Seed\n|\n|-damage|p1a: Flutter Mane|158/203|[from] Leech Seed|[of] p2a: Arboliva\n|-heal|p2a: Arboliva|241/288|[silent]\n|upkeep\n|turn|9\n|\n|t:|1782833798\n|move|p2a: Arboliva|Protect|p2a: Arboliva\n|-singleturn|p2a: Arboliva|Protect\n|move|p1a: Flutter Mane|Mystical Fire|p2a: Arboliva\n|-activate|p2a: Arboliva|move: Protect\n|\n|-damage|p1a: Flutter Mane|133/203|[from] Leech Seed|[of] p2a: Arboliva\n|-heal|p2a: Arboliva|266/288|[silent]\n|upkeep\n|turn|10\n|\n|t:|1782833805\n|-end|p1a: Flutter Mane|Protosynthesis|[silent]\n|switch|p1a: Pachirisu|Pachirisu, L96, M|205/271\n|move|p2a: Arboliva|Substitute|p2a: Arboliva\n|-start|p2a: Arboliva|Substitute\n|-damage|p2a: Arboliva|194/288\n|\n|upkeep\n|turn|11\n|\n|t:|1782833810\n|move|p1a: Pachirisu|U-turn|p2a: Arboliva\n|-supereffective|p2a: Arboliva\n|-activate|p2a: Arboliva|move: Substitute|[damage]\n|\n|t:|1782833813\n|switch|p1a: Iron Crown|Iron Crown, L78|201/268|[from] U-turn\n|move|p2a: Arboliva|Leech Seed|p1a: Iron Crown\n|-start|p1a: Iron Crown|move: Leech Seed\n|\n|-heal|p1a: Iron Crown|217/268|[from] item: Leftovers\n|-damage|p1a: Iron Crown|184/268|[from] Leech Seed|[of] p2a: Arboliva\n|-heal|p2a: Arboliva|227/288|[silent]\n|upkeep\n|turn|12\n|\n|t:|1782833820\n|move|p1a: Iron Crown|Tachyon Cutter|p2a: Arboliva\n|-end|p2a: Arboliva|Substitute\n|-damage|p2a: Arboliva|179/288\n|-hitcount|p2a: Arboliva|2\n|move|p2a: Arboliva|Hyper Voice|p1a: Iron Crown\n|-resisted|p1a: Iron Crown\n|-damage|p1a: Iron Crown|117/268\n|\n|-heal|p1a: Iron Crown|133/268|[from] item: Leftovers\n|-damage|p1a: Iron Crown|100/268|[from] Leech Seed|[of] p2a: Arboliva\n|-heal|p2a: Arboliva|212/288|[silent]\n|upkeep\n|turn|13\n|\n|t:|1782833826\n|move|p2a: Arboliva|Protect|p2a: Arboliva\n|-singleturn|p2a: Arboliva|Protect\n|move|p1a: Iron Crown|Tachyon Cutter|p2a: Arboliva\n|-activate|p2a: Arboliva|move: Protect\n|\n|-heal|p1a: Iron Crown|116/268|[from] item: Leftovers\n|-damage|p1a: Iron Crown|83/268|[from] Leech Seed|[of] p2a: Arboliva\n|-heal|p2a: Arboliva|245/288|[silent]\n|upkeep\n|turn|14\n|\n|t:|1782833829\n|switch|p2a: Hypno|Hypno, L95, F|315/315\n|move|p1a: Iron Crown|Calm Mind|p1a: Iron Crown\n|-boost|p1a: Iron Crown|spa|1\n|-boost|p1a: Iron Crown|spd|1\n|\n|-heal|p1a: Iron Crown|99/268|[from] item: Leftovers\n|-damage|p1a: Iron Crown|66/268|[from] Leech Seed|[of] p2a: Hypno\n|upkeep\n|turn|15\n|\n|t:|1782833832\n|move|p1a: Iron Crown|Tachyon Cutter|p2a: Hypno\n|-damage|p2a: Hypno|255/315\n|-damage|p2a: Hypno|197/315\n|-hitcount|p2a: Hypno|2\n|move|p2a: Hypno|Psychic Noise|p1a: Iron Crown\n|-resisted|p1a: Iron Crown\n|-damage|p1a: Iron Crown|54/268\n|-start|p1a: Iron Crown|move: Heal Block\n|\n|-heal|p2a: Hypno|216/315|[from] item: Leftovers\n|-damage|p1a: Iron Crown|21/268|[from] Leech Seed|[of] p2a: Hypno\n|-heal|p2a: Hypno|249/315|[silent]\n|upkeep\n|turn|16\n|\n|t:|1782833837\n|move|p2a: Hypno|Protect|p2a: Hypno\n|-singleturn|p2a: Hypno|Protect\n|move|p1a: Iron Crown|Tachyon Cutter|p2a: Hypno\n|-activate|p2a: Hypno|move: Protect\n|\n|-heal|p2a: Hypno|268/315|[from] item: Leftovers\n|-damage|p1a: Iron Crown|0 fnt|[from] Leech Seed|[of] p2a: Hypno\n|-heal|p2a: Hypno|289/315|[silent]\n|faint|p1a: Iron Crown\n|-end|p1a: Iron Crown|Quark Drive|[silent]\n|upkeep\n|\n|t:|1782833839\n|switch|p1a: Moltres|Moltres-Galar, L79|271/271\n|turn|17\n|\n|t:|1782833843\n|move|p1a: Moltres|Nasty Plot|p1a: Moltres\n|-boost|p1a: Moltres|spa|2\n|move|p2a: Hypno|Toxic|p1a: Moltres\n|-status|p1a: Moltres|tox\n|\n|-heal|p2a: Hypno|308/315|[from] item: Leftovers\n|-damage|p1a: Moltres|255/271 tox|[from] psn\n|upkeep\n|turn|18\n|\n|t:|1782833847\n|move|p1a: Moltres|Agility|p1a: Moltres\n|-boost|p1a: Moltres|spe|2\n|move|p2a: Hypno|Focus Blast|p1a: Moltres\n|-damage|p1a: Moltres|179/271 tox\n|\n|-heal|p2a: Hypno|315/315|[from] item: Leftovers\n|-damage|p1a: Moltres|147/271 tox|[from] psn\n|upkeep\n|turn|19\n|\n|t:|1782833850\n|move|p2a: Hypno|Protect|p2a: Hypno\n|-singleturn|p2a: Hypno|Protect\n|move|p1a: Moltres|Nasty Plot|p1a: Moltres\n|-boost|p1a: Moltres|spa|2\n|\n|-damage|p1a: Moltres|99/271 tox|[from] psn\n|upkeep\n|turn|20\n|inactive|Jun.1g has 120 seconds left.\n|\n|t:|1782833881\n|switch|p2a: Overqwil|Overqwil, L82, F|274/274\n|-ability|p2a: Overqwil|Intimidate|boost\n|-unboost|p1a: Moltres|atk|1\n|move|p1a: Moltres|Fiery Wrath|p2a: Overqwil\n|-resisted|p2a: Overqwil\n|-damage|p2a: Overqwil|112/274\n|\n|-damage|p1a: Moltres|35/271 tox|[from] psn\n|upkeep\n|turn|21\n|\n|t:|1782833885\n|move|p2a: Overqwil|Aqua Jet|p1a: Moltres\n|-damage|p1a: Moltres|0 fnt\n|faint|p1a: Moltres\n|\n|upkeep\n|\n|t:|1782833889\n|switch|p1a: Malamar|Malamar, L82, M|275/275\n|turn|22\n|\n|t:|1782833900\n|switch|p2a: Amoonguss|Amoonguss, L82, M|321/321\n|move|p1a: Malamar|Superpower|p2a: Amoonguss\n|-resisted|p2a: Amoonguss\n|-damage|p2a: Amoonguss|272/321\n|-boost|p1a: Malamar|atk|1\n|-boost|p1a: Malamar|def|1\n|\n|-heal|p2a: Amoonguss|292/321|[from] item: Leftovers\n|upkeep\n|turn|23\n|\n|t:|1782833907\n|move|p1a: Malamar|Knock Off|p2a: Amoonguss\n|-damage|p2a: Amoonguss|115/321\n|-enditem|p2a: Amoonguss|Leftovers|[from] move: Knock Off|[of] p1a: Malamar\n|move|p2a: Amoonguss|Clear Smog|p1a: Malamar\n|-damage|p1a: Malamar|226/275\n|-clearboost|p1a: Malamar\n|\n|-heal|p1a: Malamar|243/275|[from] item: Leftovers\n|upkeep\n|turn|24\n|\n|t:|1782833911\n|move|p1a: Malamar|Superpower|p2a: Amoonguss\n|-resisted|p2a: Amoonguss\n|-damage|p2a: Amoonguss|70/321\n|-boost|p1a: Malamar|atk|1\n|-boost|p1a: Malamar|def|1\n|move|p2a: Amoonguss|Giga Drain|p1a: Malamar\n|-damage|p1a: Malamar|164/275\n|-heal|p2a: Amoonguss|110/321|[from] drain|[of] p1a: Malamar\n|\n|-heal|p1a: Malamar|181/275|[from] item: Leftovers\n|upkeep\n|turn|25\n|\n|t:|1782833916\n|move|p1a: Malamar|Knock Off|p2a: Amoonguss\n|-damage|p2a: Amoonguss|0 fnt\n|faint|p2a: Amoonguss\n|\n|-heal|p1a: Malamar|198/275|[from] item: Leftovers\n|upkeep\n|\n|t:|1782833930\n|switch|p2a: Quaquaval|Quaquaval, L79, M|264/264\n|turn|26\n|\n|t:|1782833936\n|-terastallize|p1a: Malamar|Fighting\n|move|p2a: Quaquaval|Swords Dance|p2a: Quaquaval\n|-boost|p2a: Quaquaval|atk|2\n|move|p1a: Malamar|Superpower|p2a: Quaquaval\n|-damage|p2a: Quaquaval|51/264\n|-boost|p1a: Malamar|atk|1\n|-boost|p1a: Malamar|def|1\n|\n|-heal|p1a: Malamar|215/275|[from] item: Leftovers\n|upkeep\n|turn|27\n|\n|t:|1782833941\n|move|p2a: Quaquaval|Close Combat|p1a: Malamar\n|-damage|p1a: Malamar|42/275\n|-unboost|p2a: Quaquaval|def|1\n|-unboost|p2a: Quaquaval|spd|1\n|-damage|p2a: Quaquaval|25/264|[from] item: Life Orb\n|move|p1a: Malamar|Superpower|p2a: Quaquaval\n|-damage|p2a: Quaquaval|0 fnt\n|-boost|p1a: Malamar|atk|1\n|-boost|p1a: Malamar|def|1\n|faint|p2a: Quaquaval\n|\n|-heal|p1a: Malamar|59/275|[from] item: Leftovers\n|upkeep\n|\n|t:|1782833945\n|switch|p2a: Hypno|Hypno, L95, F|315/315\n|turn|28\n|\n|t:|1782833948\n|move|p2a: Hypno|Psychic Noise|p1a: Malamar\n|-supereffective|p1a: Malamar\n|-damage|p1a: Malamar|0 fnt\n|faint|p1a: Malamar\n|\n|upkeep\n|\n|t:|1782833951\n|switch|p1a: Flutter Mane|Flutter Mane, L74|133/203\n|turn|29\n|\n|t:|1782833955\n|move|p1a: Flutter Mane|Shadow Ball|p2a: Hypno\n|-supereffective|p2a: Hypno\n|-damage|p2a: Hypno|149/315\n|-unboost|p2a: Hypno|spd|1\n|-damage|p1a: Flutter Mane|113/203|[from] item: Life Orb\n|move|p2a: Hypno|Toxic|p1a: Flutter Mane\n|-status|p1a: Flutter Mane|tox\n|\n|-heal|p2a: Hypno|168/315|[from] item: Leftovers\n|-damage|p1a: Flutter Mane|101/203 tox|[from] psn\n|upkeep\n|turn|30\n|\n|t:|1782833958\n|move|p2a: Hypno|Protect|p2a: Hypno\n|-singleturn|p2a: Hypno|Protect\n|move|p1a: Flutter Mane|Shadow Ball|p2a: Hypno\n|-activate|p2a: Hypno|move: Protect\n|\n|-heal|p2a: Hypno|187/315|[from] item: Leftovers\n|-damage|p1a: Flutter Mane|77/203 tox|[from] psn\n|upkeep\n|turn|31\n|\n|t:|1782833961\n|switch|p2a: Arboliva|Arboliva, L91, F|245/288\n|move|p1a: Flutter Mane|Mystical Fire|p2a: Arboliva\n|-supereffective|p2a: Arboliva\n|-damage|p2a: Arboliva|138/288\n|-unboost|p2a: Arboliva|spa|1\n|-enditem|p2a: Arboliva|Sitrus Berry|[eat]\n|-heal|p2a: Arboliva|210/288|[from] item: Sitrus Berry\n|-damage|p1a: Flutter Mane|57/203 tox|[from] item: Life Orb\n|\n|-damage|p1a: Flutter Mane|21/203 tox|[from] psn\n|-item|p2a: Arboliva|Sitrus Berry|[from] ability: Harvest\n|upkeep\n|turn|32\n|\n|t:|1782833965\n|move|p2a: Arboliva|Protect|p2a: Arboliva\n|-singleturn|p2a: Arboliva|Protect\n|move|p1a: Flutter Mane|Mystical Fire|p2a: Arboliva\n|-activate|p2a: Arboliva|move: Protect\n|\n|-damage|p1a: Flutter Mane|0 fnt|[from] psn\n|faint|p1a: Flutter Mane\n|-end|p1a: Flutter Mane|Protosynthesis|[silent]\n|upkeep\n|\n|t:|1782833968\n|switch|p1a: Dedenne|Dedenne, L88, M|261/261\n|turn|33\n|\n|t:|1782833971\n|move|p1a: Dedenne|Nuzzle|p2a: Arboliva\n|-resisted|p2a: Arboliva\n|-damage|p2a: Arboliva|203/288\n|-status|p2a: Arboliva|par\n|move|p2a: Arboliva|Substitute|p2a: Arboliva\n|-start|p2a: Arboliva|Substitute\n|-damage|p2a: Arboliva|131/288 par\n|-enditem|p2a: Arboliva|Sitrus Berry|[eat]\n|-heal|p2a: Arboliva|203/288 par|[from] item: Sitrus Berry\n|\n|-item|p2a: Arboliva|Sitrus Berry|[from] ability: Harvest\n|upkeep\n|turn|34\n|\n|t:|1782833975\n|move|p1a: Dedenne|Super Fang|p2a: Arboliva\n|-end|p2a: Arboliva|Substitute\n|move|p2a: Arboliva|Leech Seed|p1a: Dedenne\n|-start|p1a: Dedenne|move: Leech Seed\n|\n|-damage|p1a: Dedenne|229/261|[from] Leech Seed|[of] p2a: Arboliva\n|-heal|p2a: Arboliva|235/288 par|[silent]\n|upkeep\n|turn|35\n|\n|t:|1782833978\n|cant|p2a: Arboliva|par\n|move|p1a: Dedenne|Super Fang|p2a: Arboliva\n|-damage|p2a: Arboliva|118/288 par\n|-enditem|p2a: Arboliva|Sitrus Berry|[eat]\n|-heal|p2a: Arboliva|190/288 par|[from] item: Sitrus Berry\n|\n|-damage|p1a: Dedenne|197/261|[from] Leech Seed|[of] p2a: Arboliva\n|-heal|p2a: Arboliva|222/288 par|[silent]\n|upkeep\n|turn|36\n|-message|ba2ozknRR forfeited.\n|\n|win|Jun.1g\n|raw|ba2ozknRR's rating: 1930 &rarr; <strong>1908</strong><br />(-22 for losing)\n|raw|Jun.1g's rating: 1902 &rarr; <strong>1924</strong><br />(+22 for winning)\n", "inputlog": ">version f8ac14003a5f27e1bdc8d8c59608a773c1cb96e5\n>start {\"formatid\":\"gen9randombattle\",\"seed\":\"sodium,d2678478dda68a98fdf9e7963f1ba5cd\",\"rated\":\"Rated battle\"}\n>player p1 {\"name\":\"ba2ozknRR\",\"avatar\":\"twins-gen4dp\",\"rating\":1930,\"seed\":\"sodium,02403baaa7549a29035eabf75df7e6da\"}\n>player p2 {\"name\":\"Jun.1g\",\"avatar\":\"170\",\"rating\":1902,\"seed\":\"sodium,59387b7a7aabd941f3ec4e1b9ce409c7\"}\n>p1 move calmmind\n>p2 move leechseed\n>p1 move focusblast\n>p2 move substitute\n>p1 move tachyoncutter\n>p2 move protect\n>p1 switch 3\n>p2 move substitute\n>p1 move thunderbolt\n>p2 move leechseed\n>p1 move uturn\n>p2 move protect\n>p1 move uturn\n>p2 move substitute\n>p1 switch 6\n>p1 move mysticalfire\n>p2 move leechseed\n>p1 move mysticalfire\n>p2 move protect\n>p1 switch 6\n>p2 move substitute\n>p1 move uturn\n>p2 move leechseed\n>p1 switch 3\n>p1 move tachyoncutter\n>p2 move hypervoice\n>p1 move tachyoncutter\n>p2 move protect\n>p1 move calmmind\n>p2 switch 6\n>p1 move tachyoncutter\n>p2 move psychicnoise\n>p1 move tachyoncutter\n>p2 move protect\n>p1 switch 4\n>p1 move nastyplot\n>p2 move toxic\n>p1 move agility\n>p2 move focusblast\n>p1 move nastyplot\n>p2 move protect\n>p1 move fierywrath\n>p2 switch 2\n>p1 move fierywrath\n>p2 move aquajet\n>p1 switch 2\n>p1 move superpower\n>p2 switch 4\n>p1 move knockoff\n>p2 move clearsmog\n>p1 move superpower\n>p2 move gigadrain\n>p1 move knockoff\n>p2 move spore\n>p2 switch 5\n>p1 move superpower terastallize\n>p2 move swordsdance\n>p1 move superpower\n>p2 move closecombat\n>p2 switch 2\n>p1 move knockoff\n>p2 move psychicnoise\n>p1 switch 6\n>p1 move shadowball\n>p2 move toxic\n>p1 move shadowball\n>p2 move protect\n>p1 move mysticalfire\n>p2 switch 6\n>p1 move mysticalfire\n>p2 move protect\n>p1 switch 5\n>p1 move nuzzle\n>p2 move substitute\n>p1 move superfang\n>p2 move leechseed\n>p1 move superfang\n>p2 move protect\n>forcelose p1", "uploadtime": 1782833736, "views": 5, "formatid": "gen9randombattle", "rating": 1908, "private": 0, "password": null, "player_dets": [{"name": "ba2ozknRR", "avatar": "twins-gen4dp", "rating": 1930, "seed": "sodium,02403baaa7549a29035eabf75df7e6da"}, {"name": "Jun.1g", "avatar": "170", "rating": 1902, "seed": "sodium,59387b7a7aabd941f3ec4e1b9ce409c7"}], "teams_full": [{"Iron Crown": {"name": "Iron Crown", "species": "Iron Crown", "speciesId": "ironcrown", "gender": "N", "shiny": false, "level": 78, "moves": ["psyshock", "calmmind", "focusblast", "tachyoncutter"], "ability": "Quark Drive", "evs": {"hp": 85, "atk": 0, "def": 85, "spa": 85, "spd": 85, "spe": 85}, "ivs": {"hp": 31, "atk": 0, "def": 31, "spa": 31, "spd": 31, "spe": 31}, "item": "Leftovers", "teraType": "Steel", "role": "Bulky Setup", "bvs": {"hp": 90, "atk": 72, "def": 100, "spa": 122, "spd": 108, "spe": 98}, "stats": {"hp": 268, "atk": 117, "def": 201, "spa": 235, "spd": 214, "spe": 198}, "types": ["Steel", "Psychic"]}, "Malamar": {"name": "Malamar", "species": "Malamar", "speciesId": "malamar", "gender": "M", "shiny": false, "level": 82, "moves": ["sleeptalk", "knockoff", "rest", "superpower"], "ability": "Contrary", "evs": {"hp": 85, "atk": 85, "def": 85, "spa": 85, "spd": 85, "spe": 85}, "ivs": {"hp": 31, "atk": 31, "def": 31, "spa": 31, "spd": 31, "spe": 31}, "item": "Leftovers", "teraType": "Fighting", "role": "Bulky Setup", "bvs": {"hp": 86, "atk": 92, "def": 88, "spa": 68, "spd": 75, "spe": 73}, "stats": {"hp": 275, "atk": 198, "def": 191, "spa": 159, "spd": 170, "spe": 167}, "types": ["Dark", "Psychic"]}, "Pachirisu": {"name": "Pachirisu", "species": "Pachirisu", "speciesId": "pachirisu", "gender": "M", "shiny": false, "level": 96, "moves": ["superfang", "thunderbolt", "nuzzle", "uturn"], "ability": "Volt Absorb", "evs": {"hp": 85, "atk": 85, "def": 85, "spa": 85, "spd": 85, "spe": 85}, "ivs": {"hp": 31, "atk": 31, "def": 31, "spa": 31, "spd": 31, "spe": 31}, "item": "Assault Vest", "teraType": "Flying", "role": "AV Pivot", "bvs": {"hp": 60, "atk": 45, "def": 70, "spa": 45, "spd": 90, "spe": 95}, "stats": {"hp": 271, "atk": 141, "def": 189, "spa": 141, "spd": 227, "spe": 237}, "types": ["Electric"]}, "Moltres": {"name": "Moltres", "species": "Moltres-Galar", "speciesId": "moltresgalar", "gender": "N", "shiny": false, "level": 79, "moves": ["nastyplot", "fierywrath", "hurricane", "agility"], "ability": "Berserk", "evs": {"hp": 81, "atk": 0, "def": 85, "spa": 85, "spd": 85, "spe": 85}, "ivs": {"hp": 31, "atk": 0, "def": 31, "spa": 31, "spd": 31, "spe": 31}, "item": "Weakness Policy", "teraType": "Dark", "role": "Bulky Setup", "bvs": {"hp": 90, "atk": 85, "def": 90, "spa": 100, "spd": 125, "spe": 90}, "stats": {"hp": 271, "atk": 139, "def": 188, "spa": 204, "spd": 243, "spe": 188}, "types": ["Dark", "Flying"]}, "Dedenne": {"name": "Dedenne", "species": "Dedenne", "speciesId": "dedenne", "gender": "M", "shiny": false, "level": 88, "moves": ["nuzzle", "dazzlinggleam", "superfang", "thunderbolt"], "ability": "Cheek Pouch", "evs": {"hp": 85, "atk": 85, "def": 85, "spa": 85, "spd": 85, "spe": 85}, "ivs": {"hp": 31, "atk": 31, "def": 31, "spa": 31, "spd": 31, "spe": 31}, "item": "Sitrus Berry", "teraType": "Flying", "role": "Fast Support", "bvs": {"hp": 67, "atk": 58, "def": 57, "spa": 81, "spd": 67, "spe": 101}, "stats": {"hp": 261, "atk": 152, "def": 151, "spa": 193, "spd": 168, "spe": 228}, "types": ["Electric", "Fairy"]}, "Flutter Mane": {"name": "Flutter Mane", "species": "Flutter Mane", "speciesId": "fluttermane", "gender": "N", "shiny": false, "level": 74, "moves": ["calmmind", "shadowball", "moonblast", "mysticalfire"], "ability": "Protosynthesis", "evs": {"hp": 85, "atk": 0, "def": 85, "spa": 85, "spd": 85, "spe": 85}, "ivs": {"hp": 31, "atk": 0, "def": 31, "spa": 31, "spd": 31, "spe": 31}, "item": "Life Orb", "teraType": "Fire", "role": "Setup Sweeper", "bvs": {"hp": 55, "atk": 55, "def": 55, "spa": 135, "spd": 135, "spe": 135}, "stats": {"hp": 203, "atk": 86, "def": 124, "spa": 243, "spd": 243, "spe": 243}, "types": ["Ghost", "Fairy"]}}, {"Arboliva": {"name": "Arboliva", "species": "Arboliva", "speciesId": "arboliva", "gender": "F", "shiny": false, "level": 91, "moves": ["hypervoice", "leechseed", "substitute", "protect"], "ability": "Harvest", "evs": {"hp": 77, "atk": 0, "def": 85, "spa": 85, "spd": 85, "spe": 85}, "ivs": {"hp": 31, "atk": 0, "def": 31, "spa": 31, "spd": 31, "spe": 31}, "item": "Sitrus Berry", "teraType": "Poison", "role": "Bulky Support", "bvs": {"hp": 78, "atk": 69, "def": 90, "spa": 125, "spd": 109, "spe": 39}, "stats": {"hp": 288, "atk": 130, "def": 216, "spa": 279, "spd": 250, "spe": 123}, "types": ["Grass", "Normal"]}, "Overqwil": {"name": "Overqwil", "species": "Overqwil", "speciesId": "overqwil", "gender": "F", "shiny": false, "level": 82, "moves": ["liquidation", "aquajet", "gunkshot", "crunch"], "ability": "Intimidate", "evs": {"hp": 85, "atk": 85, "def": 85, "spa": 85, "spd": 85, "spe": 85}, "ivs": {"hp": 31, "atk": 31, "def": 31, "spa": 31, "spd": 31, "spe": 31}, "item": "Choice Band", "teraType": "Water", "role": "Fast Attacker", "bvs": {"hp": 85, "atk": 115, "def": 95, "spa": 65, "spd": 65, "spe": 85}, "stats": {"hp": 274, "atk": 236, "def": 203, "spa": 154, "spd": 154, "spe": 187}, "types": ["Dark", "Poison"]}, "Regidrago": {"name": "Regidrago", "species": "Regidrago", "speciesId": "regidrago", "gender": "N", "shiny": false, "level": 77, "moves": ["dragonclaw", "dragondance", "terablast", "earthquake"], "ability": "Dragon's Maw", "evs": {"hp": 85, "atk": 85, "def": 85, "spa": 85, "spd": 85, "spe": 85}, "ivs": {"hp": 31, "atk": 31, "def": 31, "spa": 31, "spd": 31, "spe": 31}, "item": "Life Orb", "teraType": "Steel", "role": "Tera Blast user", "bvs": {"hp": 200, "atk": 100, "def": 50, "spa": 100, "spd": 50, "spe": 80}, "stats": {"hp": 435, "atk": 199, "def": 122, "spa": 199, "spd": 122, "spe": 168}, "types": ["Dragon"]}, "Amoonguss": {"name": "Amoonguss", "species": "Amoonguss", "speciesId": "amoonguss", "gender": "M", "shiny": false, "level": 82, "moves": ["sludgebomb", "clearsmog", "spore", "gigadrain"], "ability": "Regenerator", "evs": {"hp": 85, "atk": 0, "def": 85, "spa": 85, "spd": 85, "spe": 85}, "ivs": {"hp": 31, "atk": 0, "def": 31, "spa": 31, "spd": 31, "spe": 31}, "item": "Leftovers", "teraType": "Water", "role": "Bulky Support", "bvs": {"hp": 114, "atk": 85, "def": 70, "spa": 85, "spd": 80, "spe": 30}, "stats": {"hp": 321, "atk": 144, "def": 162, "spa": 187, "spd": 178, "spe": 96}, "types": ["Grass", "Poison"]}, "Quaquaval": {"name": "Quaquaval", "species": "Quaquaval", "speciesId": "quaquaval", "gender": "M", "shiny": false, "level": 79, "moves": ["aquastep", "closecombat", "knockoff", "swordsdance"], "ability": "Moxie", "evs": {"hp": 85, "atk": 85, "def": 85, "spa": 85, "spd": 85, "spe": 85}, "ivs": {"hp": 31, "atk": 31, "def": 31, "spa": 31, "spd": 31, "spe": 31}, "item": "Life Orb", "teraType": "Fighting", "role": "Setup Sweeper", "bvs": {"hp": 85, "atk": 120, "def": 80, "spa": 85, "spd": 75, "spe": 85}, "stats": {"hp": 264, "atk": 235, "def": 172, "spa": 180, "spd": 164, "spe": 180}, "types": ["Water", "Fighting"]}, "Hypno": {"name": "Hypno", "species": "Hypno", "speciesId": "hypno", "gender": "F", "shiny": false, "level": 95, "moves": ["protect", "toxic", "psychicnoise", "focusblast"], "ability": "Insomnia", "evs": {"hp": 85, "atk": 0, "def": 85, "spa": 85, "spd": 85, "spe": 85}, "ivs": {"hp": 31, "atk": 0, "def": 31, "spa": 31, "spd": 31, "spe": 31}, "item": "Leftovers", "teraType": "Fighting", "role": "Bulky Attacker", "bvs": {"hp": 85, "atk": 73, "def": 70, "spa": 73, "spd": 115, "spe": 67}, "stats": {"hp": 315, "atk": 143, "def": 187, "spa": 193, "spd": 272, "spe": 181}, "types": ["Psychic"]}}]}