{"id": "gen9randombattle-2641640914", "format": "[Gen 9] Random Battle", "players": ["Kotek15", "Lenho"], "log": "|j|\u2606Kotek15\n|j|\u2606Lenho\n|t:|1782823463\n|gametype|singles\n|player|p1|Kotek15|red|1941\n|player|p2|Lenho|2|2049\n|gen|9\n|tier|[Gen 9] Random Battle\n|rated|\n|rule|Species Clause: Limit one of each Pok\u00e9mon\n|rule|HP Percentage Mod: HP is shown in percentages\n|rule|Sleep Clause Mod: Limit one foe put to sleep\n|rule|Illusion Level Mod: Illusion disguises the Pok\u00e9mon's true level\n|\n|t:|1782823463\n|teamsize|p1|6\n|teamsize|p2|6\n|start\n|switch|p1a: Alcremie|Alcremie-Rainbow-Swirl, L90, F|263/263\n|switch|p2a: Altaria|Altaria, L89, M|278/278\n|turn|1\n|inactive|Battle timer is ON: inactive players will automatically lose when time's up. (requested by Lenho)\n|\n|t:|1782823479\n|switch|p2a: Zangoose|Zangoose, L85, F|263/263\n|move|p1a: Alcremie|Alluring Voice|p2a: Zangoose\n|-damage|p2a: Zangoose|124/263\n|\n|-status|p2a: Zangoose|tox|[from] item: Toxic Orb\n|upkeep\n|turn|2\n|\n|t:|1782823491\n|switch|p1a: Ninetales|Ninetales-Alola, L78, M|242/242\n|-weather|Snowscape|[from] ability: Snow Warning|[of] p1a: Ninetales\n|move|p2a: Zangoose|Facade|p1a: Ninetales\n|-damage|p1a: Ninetales|34/242\n|\n|-weather|Snowscape|[upkeep]\n|-damage|p2a: Zangoose|108/263 tox|[from] psn\n|upkeep\n|turn|3\n|\n|t:|1782823502\n|switch|p1a: Zarude|Zarude, L77|288/288\n|switch|p2a: Torkoal|Torkoal, L88, M|266/266\n|-weather|SunnyDay|[from] ability: Drought|[of] p2a: Torkoal\n|\n|-weather|SunnyDay|[upkeep]\n|upkeep\n|turn|4\n|\n|t:|1782823516\n|move|p1a: Zarude|U-turn|p2a: Torkoal\n|-resisted|p2a: Torkoal\n|-damage|p2a: Torkoal|250/266\n|\n|t:|1782823520\n|switch|p1a: Alcremie|Alcremie-Rainbow-Swirl, L90, F|263/263|[from] U-turn\n|move|p2a: Torkoal|Fire Blast|p1a: Alcremie\n|-damage|p1a: Alcremie|145/263\n|-status|p1a: Alcremie|brn\n|\n|-weather|SunnyDay|[upkeep]\n|-heal|p1a: Alcremie|161/263 brn|[from] item: Leftovers\n|-damage|p1a: Alcremie|145/263 brn|[from] brn\n|upkeep\n|turn|5\n|\n|t:|1782823540\n|switch|p2a: Hypno|Hypno, L95, M|315/315\n|move|p1a: Alcremie|Recover|p1a: Alcremie\n|-heal|p1a: Alcremie|263/263 brn\n|\n|-weather|SunnyDay|[upkeep]\n|-damage|p1a: Alcremie|247/263 brn|[from] brn\n|upkeep\n|turn|6\n|\n|t:|1782823557\n|switch|p1a: Zarude|Zarude, L77|288/288\n|move|p2a: Hypno|Knock Off|p1a: Zarude\n|-resisted|p1a: Zarude\n|-damage|p1a: Zarude|255/288\n|-enditem|p1a: Zarude|Choice Scarf|[from] move: Knock Off|[of] p2a: Hypno\n|\n|-weather|SunnyDay|[upkeep]\n|upkeep\n|turn|7\n|\n|t:|1782823571\n|switch|p2a: Altaria|Altaria, L89, M|278/278\n|move|p1a: Zarude|Knock Off|p2a: Altaria\n|-damage|p2a: Altaria|182/278\n|-enditem|p2a: Altaria|Heavy-Duty Boots|[from] move: Knock Off|[of] p1a: Zarude\n|\n|-weather|none\n|upkeep\n|turn|8\n|\n|t:|1782823582\n|move|p1a: Zarude|U-turn|p2a: Altaria\n|-resisted|p2a: Altaria\n|-damage|p2a: Altaria|160/278\n|\n|t:|1782823586\n|switch|p1a: Ninetales|Ninetales-Alola, L78, M|34/242|[from] U-turn\n|-weather|Snowscape|[from] ability: Snow Warning|[of] p1a: Ninetales\n|move|p2a: Altaria|Brave Bird|p1a: Ninetales\n|-damage|p1a: Ninetales|0 fnt\n|faint|p1a: Ninetales\n|-damage|p2a: Altaria|149/278|[from] Recoil\n|\n|-weather|Snowscape|[upkeep]\n|upkeep\n|\n|t:|1782823595\n|switch|p1a: Gastrodon|Gastrodon, L86, F|331/331\n|turn|9\n|\n|t:|1782823601\n|switch|p2a: Torkoal|Torkoal, L88, M|250/266\n|-weather|SunnyDay|[from] ability: Drought|[of] p2a: Torkoal\n|move|p1a: Gastrodon|Stealth Rock|p2a: Torkoal\n|-sidestart|p2: Lenho|move: Stealth Rock\n|\n|-weather|SunnyDay|[upkeep]\n|upkeep\n|turn|10\n|\n|t:|1782823606\n|move|p1a: Gastrodon|Earthquake|p2a: Torkoal\n|-supereffective|p2a: Torkoal\n|-damage|p2a: Torkoal|110/266\n|move|p2a: Torkoal|Rapid Spin|p1a: Gastrodon\n|-damage|p1a: Gastrodon|287/331\n|-boost|p2a: Torkoal|spe|1\n|-sideend|p2: Lenho|Stealth Rock|[from] move: Rapid Spin|[of] p2a: Torkoal\n|\n|-weather|SunnyDay|[upkeep]\n|-heal|p1a: Gastrodon|307/331|[from] item: Leftovers\n|upkeep\n|turn|11\n|\n|t:|1782823630\n|move|p2a: Torkoal|Solar Beam||[still]\n|-prepare|p2a: Torkoal|Solar Beam\n|-anim|p2a: Torkoal|Solar Beam|p1a: Gastrodon\n|-supereffective|p1a: Gastrodon\n|-damage|p1a: Gastrodon|0 fnt\n|faint|p1a: Gastrodon\n|\n|-weather|SunnyDay|[upkeep]\n|upkeep\n|inactive|Kotek15 has 120 seconds left.\n|\n|t:|1782823650\n|switch|p1a: Wugtrio|Wugtrio, L91, F|212/212\n|turn|12\n|\n|t:|1782823656\n|switch|p2a: Vaporeon|Vaporeon, L86, M|364/364\n|move|p1a: Wugtrio|Stomping Tantrum|p2a: Vaporeon\n|-damage|p2a: Vaporeon|251/364\n|\n|-weather|SunnyDay|[upkeep]\n|-heal|p2a: Vaporeon|273/364|[from] item: Leftovers\n|upkeep\n|turn|13\n|\n|t:|1782823661\n|switch|p1a: Zarude|Zarude, L77|255/288\n|move|p2a: Vaporeon|Scald|p1a: Zarude\n|-resisted|p1a: Zarude\n|-damage|p1a: Zarude|232/288\n|\n|-weather|none\n|-heal|p2a: Vaporeon|295/364|[from] item: Leftovers\n|upkeep\n|turn|14\n|\n|t:|1782823669\n|switch|p2a: Altaria|Altaria, L89, M|149/278\n|move|p1a: Zarude|Power Whip|p2a: Altaria\n|-resisted|p2a: Altaria\n|-damage|p2a: Altaria|120/278\n|\n|upkeep\n|turn|15\n|\n|t:|1782823675\n|move|p1a: Zarude|U-turn|p2a: Altaria\n|-resisted|p2a: Altaria\n|-damage|p2a: Altaria|96/278\n|\n|t:|1782823677\n|switch|p1a: Vigoroth|Vigoroth, L85, M|275/275|[from] U-turn\n|move|p2a: Altaria|Dragon Dance|p2a: Altaria\n|-boost|p2a: Altaria|atk|1\n|-boost|p2a: Altaria|spe|1\n|\n|upkeep\n|turn|16\n|\n|t:|1782823682\n|move|p2a: Altaria|Brave Bird|p1a: Vigoroth\n|-damage|p1a: Vigoroth|166/275\n|-damage|p2a: Altaria|60/278|[from] Recoil\n|move|p1a: Vigoroth|Bulk Up|p1a: Vigoroth\n|-boost|p1a: Vigoroth|atk|1\n|-boost|p1a: Vigoroth|def|1\n|\n|upkeep\n|turn|17\n|\n|t:|1782823691\n|switch|p2a: Hypno|Hypno, L95, M|315/315\n|move|p1a: Vigoroth|Body Slam|p2a: Hypno\n|-damage|p2a: Hypno|197/315\n|-status|p2a: Hypno|par\n|\n|-heal|p2a: Hypno|216/315 par|[from] item: Leftovers\n|upkeep\n|turn|18\n|\n|t:|1782823695\n|move|p1a: Vigoroth|Knock Off|p2a: Hypno\n|-supereffective|p2a: Hypno\n|-damage|p2a: Hypno|16/315 par\n|-enditem|p2a: Hypno|Leftovers|[from] move: Knock Off|[of] p1a: Vigoroth\n|move|p2a: Hypno|Thunder Wave|p1a: Vigoroth\n|-status|p1a: Vigoroth|par\n|\n|upkeep\n|turn|19\n|\n|t:|1782823705\n|cant|p1a: Vigoroth|par\n|move|p2a: Hypno|Knock Off|p1a: Vigoroth\n|-damage|p1a: Vigoroth|130/275 par\n|-enditem|p1a: Vigoroth|Eviolite|[from] move: Knock Off|[of] p2a: Hypno\n|\n|upkeep\n|turn|20\n|\n|t:|1782823709\n|move|p1a: Vigoroth|Slack Off|p1a: Vigoroth\n|-heal|p1a: Vigoroth|268/275 par\n|move|p2a: Hypno|Psychic Noise|p1a: Vigoroth\n|-damage|p1a: Vigoroth|151/275 par\n|-start|p1a: Vigoroth|move: Heal Block\n|\n|upkeep\n|turn|21\n|\n|t:|1782823711\n|move|p1a: Vigoroth|Body Slam|p2a: Hypno\n|-damage|p2a: Hypno|0 fnt\n|faint|p2a: Hypno\n|\n|-end|p1a: Vigoroth|move: Heal Block\n|upkeep\n|\n|t:|1782823716\n|switch|p2a: Reshiram|Reshiram, L76|277/277\n|-ability|p2a: Reshiram|Turboblaze\n|turn|22\n|\n|t:|1782823724\n|move|p2a: Reshiram|Blue Flare|p1a: Vigoroth\n|-damage|p1a: Vigoroth|0 fnt\n|faint|p1a: Vigoroth\n|\n|upkeep\n|\n|t:|1782823733\n|switch|p1a: Alcremie|Alcremie-Rainbow-Swirl, L90, F|247/263 brn\n|turn|23\n|\n|t:|1782823740\n|switch|p2a: Zangoose|Zangoose, L85, F|108/263 tox\n|move|p1a: Alcremie|Calm Mind|p1a: Alcremie\n|-boost|p1a: Alcremie|spa|1\n|-boost|p1a: Alcremie|spd|1\n|\n|-heal|p1a: Alcremie|263/263 brn|[from] item: Leftovers\n|-damage|p2a: Zangoose|92/263 tox|[from] psn\n|-damage|p1a: Alcremie|247/263 brn|[from] brn\n|upkeep\n|turn|24\n|\n|t:|1782823750\n|-terastallize|p2a: Zangoose|Normal\n|move|p2a: Zangoose|Facade|p1a: Alcremie\n|-damage|p1a: Alcremie|0 fnt\n|faint|p1a: Alcremie\n|\n|-damage|p2a: Zangoose|60/263 tox|[from] psn\n|upkeep\n|\n|t:|1782823756\n|switch|p1a: Zarude|Zarude, L77|232/288\n|turn|25\n|\n|t:|1782823761\n|switch|p2a: Altaria|Altaria, L89, M|60/278\n|move|p1a: Zarude|U-turn|p2a: Altaria\n|-resisted|p2a: Altaria\n|-damage|p2a: Altaria|36/278\n|\n|t:|1782823764\n|switch|p1a: Wugtrio|Wugtrio, L91, F|212/212|[from] U-turn\n|\n|upkeep\n|turn|26\n|\n|t:|1782823767\n|move|p1a: Wugtrio|Throat Chop|p2a: Altaria\n|-damage|p2a: Altaria|0 fnt\n|faint|p2a: Altaria\n|\n|upkeep\n|inactive|Lenho has 120 seconds left.\n|\n|t:|1782823805\n|switch|p2a: Vaporeon|Vaporeon, L86, M|295/364\n|turn|27\n|inactive|Kotek15 has 120 seconds left.\n|\n|t:|1782823840\n|switch|p1a: Zarude|Zarude, L77|232/288\n|move|p2a: Vaporeon|Scald|p1a: Zarude\n|-resisted|p1a: Zarude\n|-damage|p1a: Zarude|178/288\n|\n|-heal|p2a: Vaporeon|317/364|[from] item: Leftovers\n|upkeep\n|turn|28\n|\n|t:|1782823849\n|switch|p2a: Torkoal|Torkoal, L88, M|110/266\n|-weather|SunnyDay|[from] ability: Drought|[of] p2a: Torkoal\n|move|p1a: Zarude|Power Whip|p2a: Torkoal\n|-resisted|p2a: Torkoal\n|-damage|p2a: Torkoal|71/266\n|\n|-weather|SunnyDay|[upkeep]\n|upkeep\n|turn|29\n|\n|t:|1782823852\n|move|p1a: Zarude|Knock Off|p2a: Torkoal\n|-damage|p2a: Torkoal|0 fnt\n|-enditem|p2a: Torkoal|Heavy-Duty Boots|[from] move: Knock Off|[of] p1a: Zarude\n|faint|p2a: Torkoal\n|\n|-weather|SunnyDay|[upkeep]\n|upkeep\n|\n|t:|1782823855\n|switch|p2a: Reshiram|Reshiram, L76|277/277\n|-ability|p2a: Reshiram|Turboblaze\n|turn|30\n|\n|t:|1782823860\n|switch|p1a: Wugtrio|Wugtrio, L91, F|212/212\n|move|p2a: Reshiram|Blue Flare|p1a: Wugtrio|[miss]\n|-miss|p2a: Reshiram|p1a: Wugtrio\n|\n|-weather|SunnyDay|[upkeep]\n|upkeep\n|turn|31\n|\n|t:|1782823868\n|switch|p2a: Vaporeon|Vaporeon, L86, M|317/364\n|move|p1a: Wugtrio|Stomping Tantrum|p2a: Vaporeon\n|-damage|p2a: Vaporeon|199/364\n|\n|-weather|SunnyDay|[upkeep]\n|-heal|p2a: Vaporeon|221/364|[from] item: Leftovers\n|upkeep\n|turn|32\n|\n|t:|1782823871\n|switch|p2a: Reshiram|Reshiram, L76|277/277\n|-ability|p2a: Reshiram|Turboblaze\n|move|p1a: Wugtrio|Stomping Tantrum|p2a: Reshiram\n|-supereffective|p2a: Reshiram\n|-damage|p2a: Reshiram|97/277\n|\n|-weather|none\n|upkeep\n|turn|33\n|\n|t:|1782823882\n|switch|p1a: Zarude|Zarude, L77|178/288\n|move|p2a: Reshiram|Blue Flare|p1a: Zarude\n|-supereffective|p1a: Zarude\n|-damage|p1a: Zarude|0 fnt\n|faint|p1a: Zarude\n|\n|upkeep\n|\n|t:|1782823885\n|switch|p1a: Wugtrio|Wugtrio, L91, F|212/212\n|turn|34\n|\n|t:|1782823892\n|move|p1a: Wugtrio|Throat Chop|p2a: Reshiram\n|-damage|p2a: Reshiram|0 fnt\n|faint|p2a: Reshiram\n|\n|upkeep\n|\n|t:|1782823895\n|switch|p2a: Vaporeon|Vaporeon, L86, M|221/364\n|turn|35\n|\n|t:|1782823897\n|-terastallize|p1a: Wugtrio|Dark\n|move|p2a: Vaporeon|Protect|p2a: Vaporeon\n|-singleturn|p2a: Vaporeon|Protect\n|move|p1a: Wugtrio|Throat Chop|p2a: Vaporeon\n|-activate|p2a: Vaporeon|move: Protect\n|\n|-heal|p2a: Vaporeon|243/364|[from] item: Leftovers\n|upkeep\n|turn|36\n|\n|t:|1782823899\n|move|p1a: Wugtrio|Throat Chop|p2a: Vaporeon\n|-damage|p2a: Vaporeon|38/364\n|-start|p2a: Vaporeon|Throat Chop|[silent]\n|move|p2a: Vaporeon|Wish|p2a: Vaporeon\n|\n|-heal|p2a: Vaporeon|60/364|[from] item: Leftovers\n|upkeep\n|turn|37\n|\n|t:|1782823902\n|move|p2a: Vaporeon|Protect|p2a: Vaporeon\n|-singleturn|p2a: Vaporeon|Protect\n|move|p1a: Wugtrio|Throat Chop|p2a: Vaporeon\n|-activate|p2a: Vaporeon|move: Protect\n|\n|-heal|p2a: Vaporeon|242/364|[from] move: Wish|[wisher] Vaporeon\n|-heal|p2a: Vaporeon|264/364|[from] item: Leftovers\n|-end|p2a: Vaporeon|Throat Chop|[silent]\n|upkeep\n|turn|38\n|\n|t:|1782823906\n|move|p1a: Wugtrio|Throat Chop|p2a: Vaporeon\n|-damage|p2a: Vaporeon|74/364\n|-start|p2a: Vaporeon|Throat Chop|[silent]\n|move|p2a: Vaporeon|Wish|p2a: Vaporeon\n|\n|-heal|p2a: Vaporeon|96/364|[from] item: Leftovers\n|upkeep\n|turn|39\n|\n|t:|1782823909\n|move|p2a: Vaporeon|Protect|p2a: Vaporeon\n|-singleturn|p2a: Vaporeon|Protect\n|move|p1a: Wugtrio|Throat Chop|p2a: Vaporeon\n|-activate|p2a: Vaporeon|move: Protect\n|\n|-heal|p2a: Vaporeon|278/364|[from] move: Wish|[wisher] Vaporeon\n|-heal|p2a: Vaporeon|300/364|[from] item: Leftovers\n|-end|p2a: Vaporeon|Throat Chop|[silent]\n|upkeep\n|turn|40\n|\n|t:|1782823911\n|move|p1a: Wugtrio|Throat Chop|p2a: Vaporeon\n|-damage|p2a: Vaporeon|107/364\n|-start|p2a: Vaporeon|Throat Chop|[silent]\n|move|p2a: Vaporeon|Wish|p2a: Vaporeon\n|\n|-heal|p2a: Vaporeon|129/364|[from] item: Leftovers\n|upkeep\n|turn|41\n|\n|t:|1782823913\n|move|p2a: Vaporeon|Protect|p2a: Vaporeon\n|-singleturn|p2a: Vaporeon|Protect\n|move|p1a: Wugtrio|Throat Chop|p2a: Vaporeon\n|-activate|p2a: Vaporeon|move: Protect\n|\n|-heal|p2a: Vaporeon|311/364|[from] move: Wish|[wisher] Vaporeon\n|-heal|p2a: Vaporeon|333/364|[from] item: Leftovers\n|-end|p2a: Vaporeon|Throat Chop|[silent]\n|upkeep\n|turn|42\n|\n|t:|1782823915\n|move|p1a: Wugtrio|Throat Chop|p2a: Vaporeon\n|-damage|p2a: Vaporeon|138/364\n|-start|p2a: Vaporeon|Throat Chop|[silent]\n|move|p2a: Vaporeon|Wish|p2a: Vaporeon\n|\n|-heal|p2a: Vaporeon|160/364|[from] item: Leftovers\n|upkeep\n|turn|43\n|\n|t:|1782823919\n|move|p2a: Vaporeon|Protect|p2a: Vaporeon\n|-singleturn|p2a: Vaporeon|Protect\n|move|p1a: Wugtrio|Throat Chop|p2a: Vaporeon\n|-activate|p2a: Vaporeon|move: Protect\n|\n|-heal|p2a: Vaporeon|342/364|[from] move: Wish|[wisher] Vaporeon\n|-heal|p2a: Vaporeon|364/364|[from] item: Leftovers\n|-end|p2a: Vaporeon|Throat Chop|[silent]\n|upkeep\n|turn|44\n|\n|t:|1782823921\n|move|p1a: Wugtrio|Throat Chop|p2a: Vaporeon\n|-damage|p2a: Vaporeon|154/364\n|-start|p2a: Vaporeon|Throat Chop|[silent]\n|move|p2a: Vaporeon|Wish|p2a: Vaporeon\n|\n|-heal|p2a: Vaporeon|176/364|[from] item: Leftovers\n|upkeep\n|turn|45\n|\n|t:|1782823924\n|move|p2a: Vaporeon|Protect|p2a: Vaporeon\n|-singleturn|p2a: Vaporeon|Protect\n|move|p1a: Wugtrio|Throat Chop|p2a: Vaporeon\n|-activate|p2a: Vaporeon|move: Protect\n|\n|-heal|p2a: Vaporeon|358/364|[from] move: Wish|[wisher] Vaporeon\n|-heal|p2a: Vaporeon|364/364|[from] item: Leftovers\n|-end|p2a: Vaporeon|Throat Chop|[silent]\n|upkeep\n|turn|46\n|\n|t:|1782823926\n|move|p1a: Wugtrio|Throat Chop|p2a: Vaporeon\n|-damage|p2a: Vaporeon|184/364\n|-start|p2a: Vaporeon|Throat Chop|[silent]\n|move|p2a: Vaporeon|Wish|p2a: Vaporeon\n|\n|-heal|p2a: Vaporeon|206/364|[from] item: Leftovers\n|upkeep\n|turn|47\n|\n|t:|1782823928\n|move|p2a: Vaporeon|Protect|p2a: Vaporeon\n|-singleturn|p2a: Vaporeon|Protect\n|move|p1a: Wugtrio|Throat Chop|p2a: Vaporeon\n|-activate|p2a: Vaporeon|move: Protect\n|\n|-heal|p2a: Vaporeon|364/364|[from] move: Wish|[wisher] Vaporeon\n|-end|p2a: Vaporeon|Throat Chop|[silent]\n|upkeep\n|turn|48\n|\n|t:|1782823931\n|move|p1a: Wugtrio|Throat Chop|p2a: Vaporeon\n|-damage|p2a: Vaporeon|160/364\n|-start|p2a: Vaporeon|Throat Chop|[silent]\n|move|p2a: Vaporeon|Wish|p2a: Vaporeon\n|\n|-heal|p2a: Vaporeon|182/364|[from] item: Leftovers\n|upkeep\n|turn|49\n|\n|t:|1782823934\n|move|p2a: Vaporeon|Protect|p2a: Vaporeon\n|-singleturn|p2a: Vaporeon|Protect\n|move|p1a: Wugtrio|Throat Chop|p2a: Vaporeon\n|-activate|p2a: Vaporeon|move: Protect\n|\n|-heal|p2a: Vaporeon|364/364|[from] move: Wish|[wisher] Vaporeon\n|-end|p2a: Vaporeon|Throat Chop|[silent]\n|upkeep\n|turn|50\n|\n|t:|1782823939\n|move|p1a: Wugtrio|Throat Chop|p2a: Vaporeon\n|-damage|p2a: Vaporeon|159/364\n|-start|p2a: Vaporeon|Throat Chop|[silent]\n|move|p2a: Vaporeon|Wish|p2a: Vaporeon\n|\n|-heal|p2a: Vaporeon|181/364|[from] item: Leftovers\n|upkeep\n|turn|51\n|\n|t:|1782823940\n|move|p2a: Vaporeon|Protect|p2a: Vaporeon\n|-singleturn|p2a: Vaporeon|Protect\n|move|p1a: Wugtrio|Throat Chop|p2a: Vaporeon\n|-activate|p2a: Vaporeon|move: Protect\n|\n|-heal|p2a: Vaporeon|363/364|[from] move: Wish|[wisher] Vaporeon\n|-heal|p2a: Vaporeon|364/364|[from] item: Leftovers\n|-end|p2a: Vaporeon|Throat Chop|[silent]\n|upkeep\n|turn|52\n|\n|t:|1782823942\n|move|p1a: Wugtrio|Throat Chop|p2a: Vaporeon\n|-damage|p2a: Vaporeon|175/364\n|-start|p2a: Vaporeon|Throat Chop|[silent]\n|move|p2a: Vaporeon|Wish|p2a: Vaporeon\n|\n|-heal|p2a: Vaporeon|197/364|[from] item: Leftovers\n|upkeep\n|turn|53\n|\n|t:|1782823949\n|move|p2a: Vaporeon|Protect|p2a: Vaporeon\n|-singleturn|p2a: Vaporeon|Protect\n|move|p1a: Wugtrio|Throat Chop|p2a: Vaporeon\n|-activate|p2a: Vaporeon|move: Protect\n|\n|-heal|p2a: Vaporeon|364/364|[from] move: Wish|[wisher] Vaporeon\n|-end|p2a: Vaporeon|Throat Chop|[silent]\n|upkeep\n|turn|54\n|\n|t:|1782823950\n|move|p1a: Wugtrio|Throat Chop|p2a: Vaporeon\n|-damage|p2a: Vaporeon|151/364\n|-start|p2a: Vaporeon|Throat Chop|[silent]\n|move|p2a: Vaporeon|Wish|p2a: Vaporeon\n|\n|-heal|p2a: Vaporeon|173/364|[from] item: Leftovers\n|upkeep\n|turn|55\n|\n|t:|1782823953\n|move|p2a: Vaporeon|Protect|p2a: Vaporeon\n|-singleturn|p2a: Vaporeon|Protect\n|move|p1a: Wugtrio|Throat Chop|p2a: Vaporeon\n|-activate|p2a: Vaporeon|move: Protect\n|\n|-heal|p2a: Vaporeon|355/364|[from] move: Wish|[wisher] Vaporeon\n|-heal|p2a: Vaporeon|364/364|[from] item: Leftovers\n|-end|p2a: Vaporeon|Throat Chop|[silent]\n|upkeep\n|turn|56\n|\n|t:|1782823956\n|move|p1a: Wugtrio|Throat Chop|p2a: Vaporeon\n|-damage|p2a: Vaporeon|181/364\n|-start|p2a: Vaporeon|Throat Chop|[silent]\n|move|p2a: Vaporeon|Scald|p1a: Wugtrio\n|-damage|p1a: Wugtrio|107/212\n|\n|-heal|p2a: Vaporeon|203/364|[from] item: Leftovers\n|upkeep\n|turn|57\n|\n|t:|1782823959\n|move|p2a: Vaporeon|Protect|p2a: Vaporeon\n|-singleturn|p2a: Vaporeon|Protect\n|-activate|p1a: Wugtrio|move: Struggle\n|move|p1a: Wugtrio|Struggle|p2a: Vaporeon\n|-activate|p2a: Vaporeon|move: Protect\n|\n|-heal|p2a: Vaporeon|225/364|[from] item: Leftovers\n|-end|p2a: Vaporeon|Throat Chop|[silent]\n|upkeep\n|turn|58\n|\n|t:|1782823961\n|-activate|p1a: Wugtrio|move: Struggle\n|move|p1a: Wugtrio|Struggle|p2a: Vaporeon\n|-damage|p2a: Vaporeon|144/364\n|-damage|p1a: Wugtrio|54/212|[from] recoil\n|move|p2a: Vaporeon|Scald|p1a: Wugtrio\n|-damage|p1a: Wugtrio|0 fnt\n|faint|p1a: Wugtrio\n|\n|win|Lenho\n", "inputlog": ">version f8ac14003a5f27e1bdc8d8c59608a773c1cb96e5\n>start {\"formatid\":\"gen9randombattle\",\"seed\":\"sodium,81fc189de4d25ab5df94569bbde47430\",\"rated\":\"Rated battle\"}\n>player p1 {\"name\":\"Kotek15\",\"avatar\":\"red\",\"rating\":1941,\"seed\":\"sodium,da1b5aa463b9850018f5227334cf7dd3\"}\n>player p2 {\"name\":\"Lenho\",\"avatar\":\"2\",\"rating\":2049,\"seed\":\"sodium,d6373adb0a23fb37db85b1bb5efebac4\"}\n>p1 move alluringvoice\n>p2 switch 5\n>p1 switch 4\n>p2 move facade\n>p1 switch 5\n>p2 switch 3\n>p1 move uturn\n>p2 move fireblast\n>p1 switch 4\n>p1 move recover\n>p2 switch 2\n>p1 switch 4\n>p2 move knockoff\n>p1 move knockoff\n>p2 switch 5\n>p1 move uturn\n>p2 move bravebird\n>p1 switch 5\n>p1 switch 3\n>p1 move stealthrock\n>p2 switch 2\n>p1 move earthquake\n>p2 move rapidspin\n>p1 move earthquake\n>p2 move solarbeam\n>p1 switch 2\n>p1 move stompingtantrum\n>p2 switch 6\n>p1 switch 5\n>p2 move scald\n>p1 move powerwhip\n>p2 switch 2\n>p1 move uturn\n>p2 move dragondance\n>p1 switch 6\n>p1 move bulkup\n>p2 move bravebird\n>p1 move bodyslam\n>p2 switch 5\n>p1 move knockoff\n>p2 move thunderwave\n>p1 move bodyslam\n>p2 move knockoff\n>p1 move slackoff\n>p2 move psychicnoise\n>p1 move bodyslam\n>p2 move psychicnoise\n>p2 switch 4\n>p1 move knockoff\n>p2 move blueflare\n>p1 switch 4\n>p1 move calmmind\n>p2 switch 3\n>p1 move alluringvoice\n>p2 move facade terastallize\n>p1 switch 6\n>p1 move uturn\n>p2 switch 5\n>p1 switch 5\n>p1 move throatchop\n>p2 move bravebird\n>p2 switch 2\n>p1 switch 5\n>p2 move scald\n>p1 move powerwhip\n>p2 switch 6\n>p1 move knockoff\n>p2 move fireblast\n>p2 switch 3\n>p1 switch 5\n>p2 move blueflare\n>p1 move stompingtantrum\n>p2 switch 6\n>p1 move stompingtantrum\n>p2 switch 6\n>p1 switch 5\n>p2 move blueflare\n>p1 switch 5\n>p1 move throatchop\n>p2 move willowisp\n>p2 switch 6\n>p1 move throatchop terastallize\n>p2 move protect\n>p1 move throatchop\n>p2 move wish\n>p1 move throatchop\n>p2 move protect\n>p1 move throatchop\n>p2 move wish\n>p1 move throatchop\n>p2 move protect\n>p1 move throatchop\n>p2 move wish\n>p1 move throatchop\n>p2 move protect\n>p1 move throatchop\n>p2 move wish\n>p1 move throatchop\n>p2 move protect\n>p1 move throatchop\n>p2 move wish\n>p1 move throatchop\n>p2 move protect\n>p1 move throatchop\n>p2 move wish\n>p1 move throatchop\n>p2 move protect\n>p1 move throatchop\n>p2 move wish\n>p1 move throatchop\n>p2 move protect\n>p1 move throatchop\n>p2 move wish\n>p1 move throatchop\n>p2 move protect\n>p1 move throatchop\n>p2 move wish\n>p1 move throatchop\n>p2 move protect\n>p1 move throatchop\n>p2 move wish\n>p1 move throatchop\n>p2 move protect\n>p1 move throatchop\n>p2 move scald\n>p1 move struggle\n>p2 move protect\n>p1 move struggle\n>p2 move scald", "uploadtime": 1782823464, "views": 4, "formatid": "gen9randombattle", "rating": null, "private": 0, "password": null, "player_dets": [{"name": "Kotek15", "avatar": "red", "rating": 1941, "seed": "sodium,da1b5aa463b9850018f5227334cf7dd3"}, {"name": "Lenho", "avatar": "2", "rating": 2049, "seed": "sodium,d6373adb0a23fb37db85b1bb5efebac4"}], "teams_full": [{"Alcremie": {"name": "Alcremie", "species": "Alcremie-Rainbow-Swirl", "speciesId": "alcremie", "gender": "F", "shiny": false, "level": 90, "moves": ["terablast", "alluringvoice", "recover", "calmmind"], "ability": "Aroma Veil", "evs": {"hp": 85, "atk": 0, "def": 85, "spa": 85, "spd": 85, "spe": 85}, "ivs": {"hp": 31, "atk": 0, "def": 31, "spa": 31, "spd": 31, "spe": 31}, "item": "Leftovers", "teraType": "Ground", "role": "Tera Blast user", "bvs": {"hp": 65, "atk": 60, "def": 75, "spa": 110, "spd": 121, "spe": 64}, "stats": {"hp": 263, "atk": 113, "def": 186, "spa": 249, "spd": 269, "spe": 167}, "types": ["Fairy"]}, "Wugtrio": {"name": "Wugtrio", "species": "Wugtrio", "speciesId": "wugtrio", "gender": "F", "shiny": false, "level": 91, "moves": ["throatchop", "stompingtantrum", "liquidation", "aquajet"], "ability": "Gooey", "evs": {"hp": 85, "atk": 85, "def": 85, "spa": 85, "spd": 85, "spe": 85}, "ivs": {"hp": 31, "atk": 31, "def": 31, "spa": 31, "spd": 31, "spe": 31}, "item": "Choice Band", "teraType": "Dark", "role": "Fast Attacker", "bvs": {"hp": 35, "atk": 100, "def": 50, "spa": 50, "spd": 70, "spe": 120}, "stats": {"hp": 212, "atk": 234, "def": 143, "spa": 143, "spd": 179, "spe": 270}, "types": ["Water"]}, "Gastrodon": {"name": "Gastrodon", "species": "Gastrodon", "speciesId": "gastrodon", "gender": "F", "shiny": false, "level": 86, "moves": ["stealthrock", "recover", "earthquake", "icebeam"], "ability": "Storm Drain", "evs": {"hp": 85, "atk": 85, "def": 85, "spa": 85, "spd": 85, "spe": 85}, "ivs": {"hp": 31, "atk": 31, "def": 31, "spa": 31, "spd": 31, "spe": 31}, "item": "Leftovers", "teraType": "Steel", "role": "Bulky Attacker", "bvs": {"hp": 111, "atk": 83, "def": 68, "spa": 92, "spd": 82, "spe": 39}, "stats": {"hp": 331, "atk": 192, "def": 166, "spa": 207, "spd": 190, "spe": 116}, "types": ["Water", "Ground"]}, "Ninetales": {"name": "Ninetales", "species": "Ninetales-Alola", "speciesId": "ninetalesalola", "gender": "M", "shiny": false, "level": 78, "moves": ["freezedry", "blizzard", "moonblast", "auroraveil"], "ability": "Snow Warning", "evs": {"hp": 85, "atk": 0, "def": 85, "spa": 85, "spd": 85, "spe": 85}, "ivs": {"hp": 31, "atk": 0, "def": 31, "spa": 31, "spd": 31, "spe": 31}, "item": "Light Clay", "teraType": "Water", "role": "Fast Attacker", "bvs": {"hp": 73, "atk": 67, "def": 75, "spa": 81, "spd": 100, "spe": 109}, "stats": {"hp": 242, "atk": 109, "def": 162, "spa": 171, "spd": 201, "spe": 215}, "types": ["Ice", "Fairy"]}, "Zarude": {"name": "Zarude", "species": "Zarude", "speciesId": "zarude", "gender": "N", "shiny": false, "level": 77, "moves": ["closecombat", "powerwhip", "uturn", "knockoff"], "ability": "Leaf Guard", "evs": {"hp": 85, "atk": 85, "def": 85, "spa": 85, "spd": 85, "spe": 85}, "ivs": {"hp": 31, "atk": 31, "def": 31, "spa": 31, "spd": 31, "spe": 31}, "item": "Choice Scarf", "teraType": "Fighting", "role": "Fast Attacker", "bvs": {"hp": 105, "atk": 120, "def": 105, "spa": 70, "spd": 95, "spe": 105}, "stats": {"hp": 288, "atk": 229, "def": 206, "spa": 152, "spd": 191, "spe": 206}, "types": ["Dark", "Grass"]}, "Vigoroth": {"name": "Vigoroth", "species": "Vigoroth", "speciesId": "vigoroth", "gender": "M", "shiny": false, "level": 85, "moves": ["knockoff", "slackoff", "bodyslam", "bulkup"], "ability": "Vital Spirit", "evs": {"hp": 85, "atk": 85, "def": 85, "spa": 85, "spd": 85, "spe": 85}, "ivs": {"hp": 31, "atk": 31, "def": 31, "spa": 31, "spd": 31, "spe": 31}, "item": "Eviolite", "teraType": "Ghost", "role": "Bulky Setup", "bvs": {"hp": 80, "atk": 80, "def": 80, "spa": 55, "spd": 55, "spe": 90}, "stats": {"hp": 275, "atk": 185, "def": 185, "spa": 142, "spd": 142, "spe": 202}, "types": ["Normal"]}}, {"Altaria": {"name": "Altaria", "species": "Altaria", "speciesId": "altaria", "gender": "M", "shiny": false, "level": 89, "moves": ["roost", "earthquake", "dragondance", "bravebird"], "ability": "Natural Cure", "evs": {"hp": 85, "atk": 85, "def": 85, "spa": 85, "spd": 85, "spe": 85}, "ivs": {"hp": 31, "atk": 31, "def": 31, "spa": 31, "spd": 31, "spe": 31}, "item": "Heavy-Duty Boots", "teraType": "Steel", "role": "Bulky Setup", "bvs": {"hp": 75, "atk": 70, "def": 90, "spa": 70, "spd": 105, "spe": 80}, "stats": {"hp": 278, "atk": 175, "def": 211, "spa": 175, "spd": 238, "spe": 193}, "types": ["Dragon", "Flying"]}, "Hypno": {"name": "Hypno", "species": "Hypno", "speciesId": "hypno", "gender": "M", "shiny": false, "level": 95, "moves": ["psychicnoise", "knockoff", "encore", "thunderwave"], "ability": "Insomnia", "evs": {"hp": 85, "atk": 85, "def": 85, "spa": 85, "spd": 85, "spe": 85}, "ivs": {"hp": 31, "atk": 31, "def": 31, "spa": 31, "spd": 31, "spe": 31}, "item": "Leftovers", "teraType": "Fairy", "role": "Bulky Support", "bvs": {"hp": 85, "atk": 73, "def": 70, "spa": 73, "spd": 115, "spe": 67}, "stats": {"hp": 315, "atk": 193, "def": 187, "spa": 193, "spd": 272, "spe": 181}, "types": ["Psychic"]}, "Torkoal": {"name": "Torkoal", "species": "Torkoal", "speciesId": "torkoal", "gender": "M", "shiny": false, "level": 88, "moves": ["rapidspin", "solarbeam", "yawn", "fireblast"], "ability": "Drought", "evs": {"hp": 85, "atk": 85, "def": 85, "spa": 85, "spd": 85, "spe": 85}, "ivs": {"hp": 31, "atk": 31, "def": 31, "spa": 31, "spd": 31, "spe": 31}, "item": "Heavy-Duty Boots", "teraType": "Grass", "role": "Wallbreaker", "bvs": {"hp": 70, "atk": 85, "def": 140, "spa": 85, "spd": 70, "spe": 20}, "stats": {"hp": 266, "atk": 200, "def": 297, "spa": 200, "spd": 173, "spe": 85}, "types": ["Fire"]}, "Reshiram": {"name": "Reshiram", "species": "Reshiram", "speciesId": "reshiram", "gender": "N", "shiny": false, "level": 76, "moves": ["dracometeor", "willowisp", "blueflare", "earthpower"], "ability": "Turboblaze", "evs": {"hp": 85, "atk": 0, "def": 85, "spa": 85, "spd": 85, "spe": 85}, "ivs": {"hp": 31, "atk": 0, "def": 31, "spa": 31, "spd": 31, "spe": 31}, "item": "Heavy-Duty Boots", "teraType": "Ground", "role": "Fast Attacker", "bvs": {"hp": 100, "atk": 120, "def": 100, "spa": 150, "spd": 120, "spe": 90}, "stats": {"hp": 277, "atk": 187, "def": 196, "spa": 272, "spd": 226, "spe": 181}, "types": ["Dragon", "Fire"]}, "Zangoose": {"name": "Zangoose", "species": "Zangoose", "speciesId": "zangoose", "gender": "F", "shiny": false, "level": 85, "moves": ["closecombat", "swordsdance", "knockoff", "facade"], "ability": "Toxic Boost", "evs": {"hp": 85, "atk": 85, "def": 85, "spa": 85, "spd": 85, "spe": 85}, "ivs": {"hp": 31, "atk": 31, "def": 31, "spa": 31, "spd": 31, "spe": 31}, "item": "Toxic Orb", "teraType": "Normal", "role": "Fast Attacker", "bvs": {"hp": 73, "atk": 115, "def": 60, "spa": 60, "spd": 60, "spe": 90}, "stats": {"hp": 263, "atk": 244, "def": 151, "spa": 151, "spd": 151, "spe": 202}, "types": ["Normal"]}, "Vaporeon": {"name": "Vaporeon", "species": "Vaporeon", "speciesId": "vaporeon", "gender": "M", "shiny": false, "level": 86, "moves": ["scald", "protect", "haze", "wish"], "ability": "Water Absorb", "evs": {"hp": 85, "atk": 0, "def": 85, "spa": 85, "spd": 85, "spe": 85}, "ivs": {"hp": 31, "atk": 0, "def": 31, "spa": 31, "spd": 31, "spe": 31}, "item": "Leftovers", "teraType": "Ground", "role": "Bulky Attacker", "bvs": {"hp": 130, "atk": 65, "def": 60, "spa": 110, "spd": 95, "spe": 65}, "stats": {"hp": 364, "atk": 116, "def": 152, "spa": 238, "spd": 213, "spe": 161}, "types": ["Water"]}}]}