{"id": "gen9randombattle-2641452847", "format": "[Gen 9] Random Battle", "players": ["Chakraisgae", "pop smoke"], "log": "|badge|p1|bronze|gen9randombattle|100-9\n|html|<div class=\"broadcast-red\"><strong>This battle is required to be public due to one or more player having a season medal.</strong><br />During the public phase, you can discuss the state of the ladder <a href=\"/seasondiscussion\">in a special chatroom.</a></div>\n|uhtml|medal-msg|<div class=\"broadcast-blue\">Curious what those medals under the avatar are? PS now has Ladder Seasons! For more information, check out the <a href=\"https://www.smogon.com/forums/threads/3740067/\">thread on Smogon.</a></div>\n|badge|p2|bronze|gen9randombattle|100-9\n|uhtml|medal-msg|<div class=\"broadcast-blue\">Curious what those medals under the avatar are? PS now has Ladder Seasons! For more information, check out the <a href=\"https://www.smogon.com/forums/threads/3740067/\">thread on Smogon.</a></div>\n|j|\u2606Chakraisgae\n|j|\u2606pop smoke\n|t:|1782787018\n|gametype|singles\n|player|p1|Chakraisgae|102|2310\n|player|p2|pop smoke|#wcop2025uswest2|2260\n|gen|9\n|tier|[Gen 9] Random Battle\n|rated|\n|rule|Species Clause: Limit one of each Pok\u00e9mon\n|rule|HP Percentage Mod: HP is shown in percentages\n|rule|Sleep Clause Mod: Limit one foe put to sleep\n|rule|Illusion Level Mod: Illusion disguises the Pok\u00e9mon's true level\n|\n|t:|1782787018\n|teamsize|p1|6\n|teamsize|p2|6\n|start\n|switch|p1a: Mandibuzz|Mandibuzz, L85, F|326/326\n|switch|p2a: Serperior|Serperior, L79, F|248/248\n|turn|1\n|inactive|Battle timer is ON: inactive players will automatically lose when time's up. (requested by Chakraisgae)\n|j| TheAdvZ\n|\n|t:|1782787032\n|switch|p1a: Vikavolt|Vikavolt, L83, F|263/263\n|move|p2a: Serperior|Substitute|p2a: Serperior\n|-start|p2a: Serperior|Substitute\n|-damage|p2a: Serperior|186/248\n|\n|-heal|p2a: Serperior|201/248|[from] item: Leftovers\n|upkeep\n|turn|2\n|\n|t:|1782787038\n|-terastallize|p2a: Serperior|Fire\n|move|p2a: Serperior|Leaf Storm|p1a: Vikavolt\n|-resisted|p1a: Vikavolt\n|-damage|p1a: Vikavolt|209/263\n|-boost|p2a: Serperior|spa|2\n|move|p1a: Vikavolt|Bug Buzz|p2a: Serperior\n|-resisted|p2a: Serperior\n|-damage|p2a: Serperior|138/248\n|\n|-heal|p2a: Serperior|153/248|[from] item: Leftovers\n|upkeep\n|turn|3\n|inactive|Chakraisgae has 120 seconds left.\n|\n|t:|1782787071\n|switch|p1a: Mandibuzz|Mandibuzz, L85, F|326/326\n|move|p2a: Serperior|Tera Blast|p1a: Mandibuzz|[anim] Tera Blast Fire\n|-damage|p1a: Mandibuzz|209/326\n|\n|-heal|p2a: Serperior|168/248|[from] item: Leftovers\n|upkeep\n|turn|4\n|\n|t:|1782787075\n|move|p2a: Serperior|Leaf Storm|p1a: Mandibuzz\n|-resisted|p1a: Mandibuzz\n|-damage|p1a: Mandibuzz|112/326\n|-boost|p2a: Serperior|spa|2\n|move|p1a: Mandibuzz|U-turn|p2a: Serperior\n|-resisted|p2a: Serperior\n|-crit|p2a: Serperior\n|-activate|p2a: Serperior|move: Substitute|[damage]\n|inactive|Chakraisgae has 120 seconds left.\n|\n|t:|1782787096\n|switch|p1a: Cresselia|Cresselia, L80, F|323/323|[from] U-turn\n|\n|-heal|p2a: Serperior|183/248|[from] item: Leftovers\n|upkeep\n|turn|5\n|\n|t:|1782787100\n|-terastallize|p1a: Cresselia|Poison\n|move|p2a: Serperior|Leech Seed|p1a: Cresselia\n|-start|p1a: Cresselia|move: Leech Seed\n|move|p1a: Cresselia|Calm Mind|p1a: Cresselia\n|-boost|p1a: Cresselia|spa|1\n|-boost|p1a: Cresselia|spd|1\n|\n|-heal|p2a: Serperior|198/248|[from] item: Leftovers\n|-damage|p1a: Cresselia|283/323|[from] Leech Seed|[of] p2a: Serperior\n|-heal|p2a: Serperior|238/248|[silent]\n|upkeep\n|turn|6\n|\n|t:|1782787110\n|move|p2a: Serperior|Tera Blast|p1a: Cresselia|[anim] Tera Blast Fire\n|-damage|p1a: Cresselia|186/323\n|move|p1a: Cresselia|Psyshock|p2a: Serperior\n|-end|p2a: Serperior|Substitute\n|\n|-heal|p2a: Serperior|248/248|[from] item: Leftovers\n|-heal|p1a: Cresselia|206/323|[from] item: Leftovers\n|-damage|p1a: Cresselia|166/323|[from] Leech Seed|[of] p2a: Serperior\n|upkeep\n|turn|7\n|\n|t:|1782787114\n|switch|p1a: Illumise|Illumise, L91, F|266/266\n|move|p2a: Serperior|Substitute|p2a: Serperior\n|-start|p2a: Serperior|Substitute\n|-damage|p2a: Serperior|186/248\n|\n|-heal|p2a: Serperior|201/248|[from] item: Leftovers\n|upkeep\n|turn|8\n|\n|t:|1782787120\n|switch|p2a: Cinderace|Cinderace, L77, M|250/250\n|move|p1a: Illumise|Encore||[still]\n|-fail|p1a: Illumise\n|\n|upkeep\n|turn|9\n|\n|t:|1782787126\n|move|p1a: Illumise|Thunder Wave|p2a: Cinderace\n|-status|p2a: Cinderace|par\n|move|p2a: Cinderace|Pyro Ball|p1a: Illumise\n|-supereffective|p1a: Illumise\n|-damage|p1a: Illumise|0 fnt\n|faint|p1a: Illumise\n|\n|upkeep\n|\n|t:|1782787142\n|switch|p1a: Mandibuzz|Mandibuzz, L85, F|112/326\n|turn|10\n|\n|t:|1782787151\n|move|p1a: Mandibuzz|Foul Play|p2a: Cinderace\n|-damage|p2a: Cinderace|109/250 par\n|cant|p2a: Cinderace|par\n|\n|upkeep\n|turn|11\n|\n|t:|1782787156\n|switch|p2a: Inteleon|Inteleon, L81, M|246/246\n|move|p1a: Mandibuzz|Foul Play|p2a: Inteleon\n|-damage|p2a: Inteleon|140/246\n|\n|upkeep\n|turn|12\n|\n|t:|1782787163\n|switch|p1a: Ogerpon|Ogerpon, L80, F|259/259\n|move|p2a: Inteleon|Scald|p1a: Ogerpon\n|-resisted|p1a: Ogerpon\n|-damage|p1a: Ogerpon|192/259\n|\n|-heal|p1a: Ogerpon|208/259|[from] item: Leftovers\n|upkeep\n|turn|13\n|\n|t:|1782787171\n|switch|p2a: Muk|Muk, L86, F|321/321\n|move|p1a: Ogerpon|Spikes|p2a: Muk\n|-sidestart|p2: pop smoke|Spikes\n|\n|-heal|p1a: Ogerpon|224/259|[from] item: Leftovers\n|upkeep\n|turn|14\n|\n|t:|1782787181\n|switch|p1a: Vikavolt|Vikavolt, L83, F|209/263\n|move|p2a: Muk|Poison Jab|p1a: Vikavolt\n|-damage|p1a: Vikavolt|118/263\n|\n|upkeep\n|turn|15\n|\n|t:|1782787185\n|move|p2a: Muk|Poison Jab|p1a: Vikavolt\n|-damage|p1a: Vikavolt|21/263\n|-status|p1a: Vikavolt|psn|[from] ability: Poison Touch|[of] p2a: Muk\n|move|p1a: Vikavolt|Thunderbolt|p2a: Muk\n|-damage|p2a: Muk|249/321\n|\n|-damage|p1a: Vikavolt|0 fnt|[from] psn\n|faint|p1a: Vikavolt\n|upkeep\n|\n|t:|1782787188\n|switch|p1a: Tauros|Tauros, L82, M|257/257\n|turn|16\n|\n|t:|1782787192\n|switch|p2a: Dodrio|Dodrio, L85, F|241/241\n|move|p1a: Tauros|Zen Headbutt|p2a: Dodrio\n|-damage|p2a: Dodrio|142/241\n|\n|upkeep\n|turn|17\n|\n|t:|1782787199\n|move|p2a: Dodrio|Brave Bird|p1a: Tauros\n|-damage|p1a: Tauros|119/257\n|-damage|p2a: Dodrio|96/241|[from] Recoil\n|move|p1a: Tauros|Body Slam|p2a: Dodrio\n|-damage|p2a: Dodrio|0 fnt\n|faint|p2a: Dodrio\n|\n|upkeep\n|\n|t:|1782787203\n|switch|p2a: Rillaboom|Rillaboom, L79, F|288/288\n|-damage|p2a: Rillaboom|252/288|[from] Spikes\n|-fieldstart|move: Grassy Terrain|[from] ability: Grassy Surge|[of] p2a: Rillaboom\n|turn|18\n|inactive|Chakraisgae has 120 seconds left.\n|\n|t:|1782787242\n|move|p1a: Tauros|Body Slam|p2a: Rillaboom\n|-damage|p2a: Rillaboom|106/288\n|move|p2a: Rillaboom|U-turn|p1a: Tauros\n|-damage|p1a: Tauros|37/257\n|\n|t:|1782787253\n|switch|p2a: Inteleon|Inteleon, L81, M|140/246|[from] U-turn\n|-damage|p2a: Inteleon|110/246|[from] Spikes\n|\n|-heal|p2a: Inteleon|125/246|[from] Grassy Terrain\n|-heal|p1a: Tauros|53/257|[from] Grassy Terrain\n|upkeep\n|turn|19\n|\n|t:|1782787258\n|switch|p1a: Cresselia|Cresselia, L80, F, tera:Poison|166/323\n|move|p2a: Inteleon|Ice Beam|p1a: Cresselia\n|-damage|p1a: Cresselia|82/323\n|\n|-heal|p2a: Inteleon|140/246|[from] Grassy Terrain\n|-heal|p1a: Cresselia|102/323|[from] item: Leftovers\n|upkeep\n|turn|20\n|\n|t:|1782787263\n|switch|p2a: Serperior|Serperior, L79, F, tera:Fire|201/248\n|-damage|p2a: Serperior|170/248|[from] Spikes\n|move|p1a: Cresselia|Moonlight|p1a: Cresselia\n|-heal|p1a: Cresselia|263/323\n|\n|-heal|p2a: Serperior|185/248|[from] Grassy Terrain\n|-heal|p2a: Serperior|200/248|[from] item: Leftovers\n|-heal|p1a: Cresselia|283/323|[from] item: Leftovers\n|upkeep\n|turn|21\n|\n|t:|1782787273\n|move|p2a: Serperior|Leaf Storm|p1a: Cresselia\n|-resisted|p1a: Cresselia\n|-damage|p1a: Cresselia|225/323\n|-boost|p2a: Serperior|spa|2\n|move|p1a: Cresselia|Calm Mind|p1a: Cresselia\n|-boost|p1a: Cresselia|spa|1\n|-boost|p1a: Cresselia|spd|1\n|\n|-heal|p2a: Serperior|215/248|[from] Grassy Terrain\n|-heal|p2a: Serperior|230/248|[from] item: Leftovers\n|-heal|p1a: Cresselia|245/323|[from] item: Leftovers\n|upkeep\n|turn|22\n|\n|t:|1782787277\n|move|p2a: Serperior|Leech Seed|p1a: Cresselia\n|-start|p1a: Cresselia|move: Leech Seed\n|move|p1a: Cresselia|Calm Mind|p1a: Cresselia\n|-boost|p1a: Cresselia|spa|1\n|-boost|p1a: Cresselia|spd|1\n|\n|-heal|p2a: Serperior|245/248|[from] Grassy Terrain\n|-heal|p2a: Serperior|248/248|[from] item: Leftovers\n|-heal|p1a: Cresselia|265/323|[from] item: Leftovers\n|-damage|p1a: Cresselia|225/323|[from] Leech Seed|[of] p2a: Serperior\n|-fieldend|move: Grassy Terrain\n|upkeep\n|turn|23\n|\n|t:|1782787279\n|move|p2a: Serperior|Substitute|p2a: Serperior\n|-start|p2a: Serperior|Substitute\n|-damage|p2a: Serperior|186/248\n|move|p1a: Cresselia|Psyshock|p2a: Serperior\n|-end|p2a: Serperior|Substitute\n|\n|-heal|p2a: Serperior|201/248|[from] item: Leftovers\n|-heal|p1a: Cresselia|245/323|[from] item: Leftovers\n|-damage|p1a: Cresselia|205/323|[from] Leech Seed|[of] p2a: Serperior\n|-heal|p2a: Serperior|241/248|[silent]\n|upkeep\n|turn|24\n|\n|t:|1782787282\n|move|p2a: Serperior|Substitute|p2a: Serperior\n|-start|p2a: Serperior|Substitute\n|-damage|p2a: Serperior|179/248\n|move|p1a: Cresselia|Psyshock|p2a: Serperior\n|-end|p2a: Serperior|Substitute\n|\n|-heal|p2a: Serperior|194/248|[from] item: Leftovers\n|-heal|p1a: Cresselia|225/323|[from] item: Leftovers\n|-damage|p1a: Cresselia|185/323|[from] Leech Seed|[of] p2a: Serperior\n|-heal|p2a: Serperior|234/248|[silent]\n|upkeep\n|turn|25\n|\n|t:|1782787285\n|move|p2a: Serperior|Substitute|p2a: Serperior\n|-start|p2a: Serperior|Substitute\n|-damage|p2a: Serperior|172/248\n|move|p1a: Cresselia|Moonlight|p1a: Cresselia\n|-heal|p1a: Cresselia|323/323\n|\n|-heal|p2a: Serperior|187/248|[from] item: Leftovers\n|-damage|p1a: Cresselia|283/323|[from] Leech Seed|[of] p2a: Serperior\n|-heal|p2a: Serperior|227/248|[silent]\n|upkeep\n|turn|26\n|\n|t:|1782787287\n|move|p2a: Serperior|Leaf Storm|p1a: Cresselia\n|-resisted|p1a: Cresselia\n|-damage|p1a: Cresselia|244/323\n|-boost|p2a: Serperior|spa|2\n|move|p1a: Cresselia|Psyshock|p2a: Serperior\n|-end|p2a: Serperior|Substitute\n|\n|-heal|p2a: Serperior|242/248|[from] item: Leftovers\n|-heal|p1a: Cresselia|264/323|[from] item: Leftovers\n|-damage|p1a: Cresselia|224/323|[from] Leech Seed|[of] p2a: Serperior\n|-heal|p2a: Serperior|248/248|[silent]\n|upkeep\n|turn|27\n|\n|t:|1782787289\n|move|p2a: Serperior|Substitute|p2a: Serperior\n|-start|p2a: Serperior|Substitute\n|-damage|p2a: Serperior|186/248\n|move|p1a: Cresselia|Calm Mind|p1a: Cresselia\n|-boost|p1a: Cresselia|spa|1\n|-boost|p1a: Cresselia|spd|1\n|\n|-heal|p2a: Serperior|201/248|[from] item: Leftovers\n|-heal|p1a: Cresselia|244/323|[from] item: Leftovers\n|-damage|p1a: Cresselia|204/323|[from] Leech Seed|[of] p2a: Serperior\n|-heal|p2a: Serperior|241/248|[silent]\n|upkeep\n|turn|28\n|\n|t:|1782787292\n|move|p2a: Serperior|Leaf Storm|p1a: Cresselia|[miss]\n|-miss|p2a: Serperior|p1a: Cresselia\n|move|p1a: Cresselia|Calm Mind|p1a: Cresselia\n|-boost|p1a: Cresselia|spa|1\n|-boost|p1a: Cresselia|spd|1\n|\n|-heal|p2a: Serperior|248/248|[from] item: Leftovers\n|-heal|p1a: Cresselia|224/323|[from] item: Leftovers\n|-damage|p1a: Cresselia|184/323|[from] Leech Seed|[of] p2a: Serperior\n|upkeep\n|turn|29\n|\n|t:|1782787295\n|move|p2a: Serperior|Leaf Storm|p1a: Cresselia\n|-resisted|p1a: Cresselia\n|-damage|p1a: Cresselia|143/323\n|-boost|p2a: Serperior|spa|2\n|move|p1a: Cresselia|Moonlight|p1a: Cresselia\n|-heal|p1a: Cresselia|304/323\n|\n|-heal|p1a: Cresselia|323/323|[from] item: Leftovers\n|-damage|p1a: Cresselia|283/323|[from] Leech Seed|[of] p2a: Serperior\n|upkeep\n|turn|30\n|\n|t:|1782787298\n|move|p2a: Serperior|Tera Blast|p1a: Cresselia|[anim] Tera Blast Fire\n|-damage|p1a: Cresselia|217/323\n|move|p1a: Cresselia|Psyshock|p2a: Serperior\n|-end|p2a: Serperior|Substitute\n|\n|-heal|p1a: Cresselia|237/323|[from] item: Leftovers\n|-damage|p1a: Cresselia|197/323|[from] Leech Seed|[of] p2a: Serperior\n|upkeep\n|turn|31\n|\n|t:|1782787302\n|move|p2a: Serperior|Substitute|p2a: Serperior\n|-start|p2a: Serperior|Substitute\n|-damage|p2a: Serperior|186/248\n|move|p1a: Cresselia|Calm Mind|p1a: Cresselia\n|-boost|p1a: Cresselia|spa|1\n|-boost|p1a: Cresselia|spd|1\n|\n|-heal|p2a: Serperior|201/248|[from] item: Leftovers\n|-heal|p1a: Cresselia|217/323|[from] item: Leftovers\n|-damage|p1a: Cresselia|177/323|[from] Leech Seed|[of] p2a: Serperior\n|-heal|p2a: Serperior|241/248|[silent]\n|upkeep\n|turn|32\n|\n|t:|1782787305\n|move|p2a: Serperior|Tera Blast|p1a: Cresselia|[anim] Tera Blast Fire\n|-damage|p1a: Cresselia|116/323\n|move|p1a: Cresselia|Calm Mind|p1a: Cresselia\n|-boost|p1a: Cresselia|spa|1\n|-boost|p1a: Cresselia|spd|1\n|\n|-heal|p2a: Serperior|248/248|[from] item: Leftovers\n|-heal|p1a: Cresselia|136/323|[from] item: Leftovers\n|-damage|p1a: Cresselia|96/323|[from] Leech Seed|[of] p2a: Serperior\n|upkeep\n|turn|33\n|\n|t:|1782787308\n|move|p2a: Serperior|Tera Blast|p1a: Cresselia|[anim] Tera Blast Fire\n|-damage|p1a: Cresselia|42/323\n|move|p1a: Cresselia|Moonlight|p1a: Cresselia\n|-heal|p1a: Cresselia|203/323\n|\n|-heal|p1a: Cresselia|223/323|[from] item: Leftovers\n|-damage|p1a: Cresselia|183/323|[from] Leech Seed|[of] p2a: Serperior\n|upkeep\n|turn|34\n|\n|t:|1782787312\n|move|p2a: Serperior|Tera Blast|p1a: Cresselia|[anim] Tera Blast Fire\n|-damage|p1a: Cresselia|129/323\n|move|p1a: Cresselia|Moonlight|p1a: Cresselia\n|-heal|p1a: Cresselia|290/323\n|\n|-heal|p1a: Cresselia|310/323|[from] item: Leftovers\n|-damage|p1a: Cresselia|270/323|[from] Leech Seed|[of] p2a: Serperior\n|upkeep\n|turn|35\n|\n|t:|1782787314\n|move|p2a: Serperior|Tera Blast|p1a: Cresselia|[anim] Tera Blast Fire\n|-damage|p1a: Cresselia|213/323\n|move|p1a: Cresselia|Thunderbolt|p2a: Serperior\n|-end|p2a: Serperior|Substitute\n|\n|-heal|p1a: Cresselia|233/323|[from] item: Leftovers\n|-damage|p1a: Cresselia|193/323|[from] Leech Seed|[of] p2a: Serperior\n|upkeep\n|turn|36\n|\n|t:|1782787319\n|move|p2a: Serperior|Substitute|p2a: Serperior\n|-start|p2a: Serperior|Substitute\n|-damage|p2a: Serperior|186/248\n|move|p1a: Cresselia|Thunderbolt|p2a: Serperior\n|-end|p2a: Serperior|Substitute\n|\n|-heal|p2a: Serperior|201/248|[from] item: Leftovers\n|-heal|p1a: Cresselia|213/323|[from] item: Leftovers\n|-damage|p1a: Cresselia|173/323|[from] Leech Seed|[of] p2a: Serperior\n|-heal|p2a: Serperior|241/248|[silent]\n|upkeep\n|turn|37\n|\n|t:|1782787323\n|move|p2a: Serperior|Substitute|p2a: Serperior\n|-start|p2a: Serperior|Substitute\n|-damage|p2a: Serperior|179/248\n|move|p1a: Cresselia|Thunderbolt|p2a: Serperior\n|-end|p2a: Serperior|Substitute\n|\n|-heal|p2a: Serperior|194/248|[from] item: Leftovers\n|-heal|p1a: Cresselia|193/323|[from] item: Leftovers\n|-damage|p1a: Cresselia|153/323|[from] Leech Seed|[of] p2a: Serperior\n|-heal|p2a: Serperior|234/248|[silent]\n|upkeep\n|turn|38\n|\n|t:|1782787325\n|move|p2a: Serperior|Substitute|p2a: Serperior\n|-start|p2a: Serperior|Substitute\n|-damage|p2a: Serperior|172/248\n|move|p1a: Cresselia|Moonlight|p1a: Cresselia\n|-heal|p1a: Cresselia|314/323\n|\n|-heal|p2a: Serperior|187/248|[from] item: Leftovers\n|-heal|p1a: Cresselia|323/323|[from] item: Leftovers\n|-damage|p1a: Cresselia|283/323|[from] Leech Seed|[of] p2a: Serperior\n|-heal|p2a: Serperior|227/248|[silent]\n|upkeep\n|turn|39\n|\n|t:|1782787329\n|move|p2a: Serperior|Tera Blast|p1a: Cresselia|[anim] Tera Blast Fire\n|-damage|p1a: Cresselia|228/323\n|move|p1a: Cresselia|Thunderbolt|p2a: Serperior\n|-end|p2a: Serperior|Substitute\n|\n|-heal|p2a: Serperior|242/248|[from] item: Leftovers\n|-heal|p1a: Cresselia|248/323|[from] item: Leftovers\n|-damage|p1a: Cresselia|208/323|[from] Leech Seed|[of] p2a: Serperior\n|-heal|p2a: Serperior|248/248|[silent]\n|upkeep\n|turn|40\n|\n|t:|1782787331\n|move|p2a: Serperior|Substitute|p2a: Serperior\n|-start|p2a: Serperior|Substitute\n|-damage|p2a: Serperior|186/248\n|move|p1a: Cresselia|Thunderbolt|p2a: Serperior\n|-end|p2a: Serperior|Substitute\n|\n|-heal|p2a: Serperior|201/248|[from] item: Leftovers\n|-heal|p1a: Cresselia|228/323|[from] item: Leftovers\n|-damage|p1a: Cresselia|188/323|[from] Leech Seed|[of] p2a: Serperior\n|-heal|p2a: Serperior|241/248|[silent]\n|upkeep\n|turn|41\n|\n|t:|1782787334\n|move|p2a: Serperior|Substitute|p2a: Serperior\n|-start|p2a: Serperior|Substitute\n|-damage|p2a: Serperior|179/248\n|move|p1a: Cresselia|Psyshock|p2a: Serperior\n|-end|p2a: Serperior|Substitute\n|\n|-heal|p2a: Serperior|194/248|[from] item: Leftovers\n|-heal|p1a: Cresselia|208/323|[from] item: Leftovers\n|-damage|p1a: Cresselia|168/323|[from] Leech Seed|[of] p2a: Serperior\n|-heal|p2a: Serperior|234/248|[silent]\n|upkeep\n|turn|42\n|\n|t:|1782787337\n|move|p2a: Serperior|Substitute|p2a: Serperior\n|-start|p2a: Serperior|Substitute\n|-damage|p2a: Serperior|172/248\n|move|p1a: Cresselia|Psyshock|p2a: Serperior\n|-end|p2a: Serperior|Substitute\n|\n|-heal|p2a: Serperior|187/248|[from] item: Leftovers\n|-heal|p1a: Cresselia|188/323|[from] item: Leftovers\n|-damage|p1a: Cresselia|148/323|[from] Leech Seed|[of] p2a: Serperior\n|-heal|p2a: Serperior|227/248|[silent]\n|upkeep\n|turn|43\n|\n|t:|1782787340\n|move|p2a: Serperior|Substitute|p2a: Serperior\n|-start|p2a: Serperior|Substitute\n|-damage|p2a: Serperior|165/248\n|move|p1a: Cresselia|Moonlight|p1a: Cresselia\n|-heal|p1a: Cresselia|309/323\n|\n|-heal|p2a: Serperior|180/248|[from] item: Leftovers\n|-heal|p1a: Cresselia|323/323|[from] item: Leftovers\n|-damage|p1a: Cresselia|283/323|[from] Leech Seed|[of] p2a: Serperior\n|-heal|p2a: Serperior|220/248|[silent]\n|upkeep\n|turn|44\n|\n|t:|1782787342\n|move|p2a: Serperior|Tera Blast|p1a: Cresselia|[anim] Tera Blast Fire\n|-damage|p1a: Cresselia|232/323\n|move|p1a: Cresselia|Psyshock|p2a: Serperior\n|-crit|p2a: Serperior\n|-end|p2a: Serperior|Substitute\n|\n|-heal|p2a: Serperior|235/248|[from] item: Leftovers\n|-heal|p1a: Cresselia|252/323|[from] item: Leftovers\n|-damage|p1a: Cresselia|212/323|[from] Leech Seed|[of] p2a: Serperior\n|-heal|p2a: Serperior|248/248|[silent]\n|upkeep\n|turn|45\n|\n|t:|1782787364\n|move|p2a: Serperior|Substitute|p2a: Serperior\n|-start|p2a: Serperior|Substitute\n|-damage|p2a: Serperior|186/248\n|move|p1a: Cresselia|Psyshock|p2a: Serperior\n|-end|p2a: Serperior|Substitute\n|\n|-heal|p2a: Serperior|201/248|[from] item: Leftovers\n|-heal|p1a: Cresselia|232/323|[from] item: Leftovers\n|-damage|p1a: Cresselia|192/323|[from] Leech Seed|[of] p2a: Serperior\n|-heal|p2a: Serperior|241/248|[silent]\n|upkeep\n|turn|46\n|\n|t:|1782787377\n|move|p2a: Serperior|Substitute|p2a: Serperior\n|-start|p2a: Serperior|Substitute\n|-damage|p2a: Serperior|179/248\n|move|p1a: Cresselia|Psyshock|p2a: Serperior\n|-end|p2a: Serperior|Substitute\n|\n|-heal|p2a: Serperior|194/248|[from] item: Leftovers\n|-heal|p1a: Cresselia|212/323|[from] item: Leftovers\n|-damage|p1a: Cresselia|172/323|[from] Leech Seed|[of] p2a: Serperior\n|-heal|p2a: Serperior|234/248|[silent]\n|upkeep\n|turn|47\n|\n|t:|1782787383\n|move|p2a: Serperior|Tera Blast|p1a: Cresselia|[anim] Tera Blast Fire\n|-crit|p1a: Cresselia\n|-damage|p1a: Cresselia|0 fnt\n|faint|p1a: Cresselia\n|\n|-heal|p2a: Serperior|248/248|[from] item: Leftovers\n|upkeep\n|-message|Chakraisgae forfeited.\n|\n|win|pop smoke\n|raw|Chakraisgae's rating: 2310 &rarr; <strong>2287</strong><br />(-23 for losing)\n|raw|pop smoke's rating: 2260 &rarr; <strong>2283</strong><br />(+23 for winning)\n", "inputlog": ">version f8ac14003a5f27e1bdc8d8c59608a773c1cb96e5\n>start {\"formatid\":\"gen9randombattle\",\"seed\":\"sodium,cd0ebf10cfa6183908df16b10e35368e\",\"rated\":\"Rated battle\"}\n>player p1 {\"name\":\"Chakraisgae\",\"avatar\":\"102\",\"rating\":2310,\"seed\":\"sodium,95461163c9e99e6cec79ab9e46871da8\"}\n>player p2 {\"name\":\"pop smoke\",\"avatar\":\"#wcop2025uswest2\",\"rating\":2260,\"seed\":\"sodium,4d64bde5664c894169c67d9bb9721b46\"}\n>p1 switch 4\n>p2 move substitute\n>p1 move bugbuzz\n>p2 move leafstorm terastallize\n>p1 switch 4\n>p2 move terablast\n>p1 move uturn\n>p2 move leafstorm\n>p1 switch 5\n>p1 move calmmind terastallize\n>p2 move leechseed\n>p1 move psyshock\n>p2 move terablast\n>p1 switch 3\n>p2 move substitute\n>p1 move encore\n>p2 switch 5\n>p1 move thunderwave\n>p2 move pyroball\n>p1 switch 5\n>p1 move foulplay\n>p2 move willowisp\n>p1 move foulplay\n>p2 switch 2\n>p1 switch 2\n>p2 move scald\n>p1 move spikes\n>p2 switch 6\n>p1 switch 4\n>p2 move poisonjab\n>p1 move thunderbolt\n>p2 move poisonjab\n>p1 switch 6\n>p1 move zenheadbutt\n>p2 switch 4\n>p1 move bodyslam\n>p2 move bravebird\n>p2 switch 3\n>p1 move bodyslam\n>p2 move uturn\n>p2 switch 6\n>p1 switch 3\n>p2 move icebeam\n>p1 move moonlight\n>p2 switch 5\n>p1 move calmmind\n>p2 move leafstorm\n>p1 move calmmind\n>p2 move leechseed\n>p1 move psyshock\n>p2 move substitute\n>p1 move psyshock\n>p2 move substitute\n>p1 move moonlight\n>p2 move substitute\n>p1 move psyshock\n>p2 move leafstorm\n>p1 move calmmind\n>p2 move substitute\n>p1 move calmmind\n>p2 move leafstorm\n>p1 move moonlight\n>p2 move leafstorm\n>p1 move psyshock\n>p2 move terablast\n>p1 move calmmind\n>p2 move substitute\n>p1 move calmmind\n>p2 move terablast\n>p1 move moonlight\n>p2 move terablast\n>p1 move moonlight\n>p2 move terablast\n>p1 move thunderbolt\n>p2 move terablast\n>p1 move thunderbolt\n>p2 move substitute\n>p1 move thunderbolt\n>p2 move substitute\n>p1 move moonlight\n>p2 move substitute\n>p1 move thunderbolt\n>p2 move terablast\n>p1 move thunderbolt\n>p2 move substitute\n>p1 move psyshock\n>p2 move substitute\n>p1 move psyshock\n>p2 move substitute\n>p1 move moonlight\n>p2 move substitute\n>p1 move psyshock\n>p2 move terablast\n>p1 move psyshock\n>p2 move substitute\n>p1 move psyshock\n>p2 move substitute\n>p1 move moonlight\n>p2 move terablast\n>forcelose p1", "uploadtime": 1782787020, "views": 15, "formatid": "gen9randombattle", "rating": 2283, "private": 0, "password": null, "player_dets": [{"name": "Chakraisgae", "avatar": "102", "rating": 2310, "seed": "sodium,95461163c9e99e6cec79ab9e46871da8"}, {"name": "pop smoke", "avatar": "#wcop2025uswest2", "rating": 2260, "seed": "sodium,4d64bde5664c894169c67d9bb9721b46"}], "teams_full": [{"Mandibuzz": {"name": "Mandibuzz", "species": "Mandibuzz", "speciesId": "mandibuzz", "gender": "F", "shiny": false, "level": 85, "moves": ["uturn", "roost", "foulplay", "defog"], "ability": "Overcoat", "evs": {"hp": 85, "atk": 85, "def": 85, "spa": 85, "spd": 85, "spe": 85}, "ivs": {"hp": 31, "atk": 31, "def": 31, "spa": 31, "spd": 31, "spe": 31}, "item": "Heavy-Duty Boots", "teraType": "Steel", "role": "Bulky Support", "bvs": {"hp": 110, "atk": 65, "def": 105, "spa": 55, "spd": 95, "spe": 80}, "stats": {"hp": 326, "atk": 159, "def": 227, "spa": 142, "spd": 210, "spe": 185}, "types": ["Dark", "Flying"]}, "Ogerpon": {"name": "Ogerpon", "species": "Ogerpon", "speciesId": "ogerpon", "gender": "F", "shiny": false, "level": 80, "moves": ["spikes", "ivycudgel", "superpower", "synthesis"], "ability": "Defiant", "evs": {"hp": 85, "atk": 85, "def": 85, "spa": 85, "spd": 85, "spe": 85}, "ivs": {"hp": 31, "atk": 31, "def": 31, "spa": 31, "spd": 31, "spe": 31}, "item": "Leftovers", "teraType": "Grass", "role": "Fast Support", "bvs": {"hp": 80, "atk": 120, "def": 84, "spa": 60, "spd": 96, "spe": 110}, "stats": {"hp": 259, "atk": 238, "def": 181, "spa": 142, "spd": 200, "spe": 222}, "types": ["Grass"]}, "Illumise": {"name": "Illumise", "species": "Illumise", "speciesId": "illumise", "gender": "F", "shiny": false, "level": 91, "moves": ["bugbuzz", "encore", "roost", "thunderwave"], "ability": "Prankster", "evs": {"hp": 85, "atk": 0, "def": 85, "spa": 85, "spd": 85, "spe": 85}, "ivs": {"hp": 31, "atk": 0, "def": 31, "spa": 31, "spd": 31, "spe": 31}, "item": "Heavy-Duty Boots", "teraType": "Steel", "role": "Bulky Support", "bvs": {"hp": 65, "atk": 47, "def": 75, "spa": 73, "spd": 85, "spe": 85}, "stats": {"hp": 266, "atk": 90, "def": 188, "spa": 185, "spd": 207, "spe": 207}, "types": ["Bug"]}, "Vikavolt": {"name": "Vikavolt", "species": "Vikavolt", "speciesId": "vikavolt", "gender": "F", "shiny": false, "level": 83, "moves": ["thunderbolt", "stickyweb", "bugbuzz", "energyball"], "ability": "Levitate", "evs": {"hp": 85, "atk": 0, "def": 85, "spa": 85, "spd": 85, "spe": 85}, "ivs": {"hp": 31, "atk": 0, "def": 31, "spa": 31, "spd": 31, "spe": 31}, "item": "Heavy-Duty Boots", "teraType": "Electric", "role": "Bulky Support", "bvs": {"hp": 77, "atk": 70, "def": 90, "spa": 145, "spd": 75, "spe": 43}, "stats": {"hp": 263, "atk": 121, "def": 197, "spa": 288, "spd": 172, "spe": 119}, "types": ["Bug", "Electric"]}, "Cresselia": {"name": "Cresselia", "species": "Cresselia", "speciesId": "cresselia", "gender": "F", "shiny": false, "level": 80, "moves": ["calmmind", "moonlight", "thunderbolt", "psyshock"], "ability": "Levitate", "evs": {"hp": 85, "atk": 0, "def": 85, "spa": 85, "spd": 85, "spe": 85}, "ivs": {"hp": 31, "atk": 0, "def": 31, "spa": 31, "spd": 31, "spe": 31}, "item": "Leftovers", "teraType": "Poison", "role": "Bulky Setup", "bvs": {"hp": 120, "atk": 70, "def": 110, "spa": 75, "spd": 120, "spe": 85}, "stats": {"hp": 323, "atk": 117, "def": 222, "spa": 166, "spd": 238, "spe": 182}, "types": ["Psychic"]}, "Tauros": {"name": "Tauros", "species": "Tauros", "speciesId": "tauros", "gender": "M", "shiny": false, "level": 82, "moves": ["closecombat", "bodyslam", "zenheadbutt", "throatchop"], "ability": "Sheer Force", "evs": {"hp": 85, "atk": 85, "def": 85, "spa": 85, "spd": 85, "spe": 85}, "ivs": {"hp": 31, "atk": 31, "def": 31, "spa": 31, "spd": 31, "spe": 31}, "item": "Life Orb", "teraType": "Normal", "role": "Wallbreaker", "bvs": {"hp": 75, "atk": 100, "def": 95, "spa": 40, "spd": 70, "spe": 110}, "stats": {"hp": 257, "atk": 211, "def": 203, "spa": 113, "spd": 162, "spe": 228}, "types": ["Normal"]}}, {"Serperior": {"name": "Serperior", "species": "Serperior", "speciesId": "serperior", "gender": "F", "shiny": false, "level": 79, "moves": ["leechseed", "terablast", "substitute", "leafstorm"], "ability": "Contrary", "evs": {"hp": 85, "atk": 85, "def": 85, "spa": 85, "spd": 85, "spe": 85}, "ivs": {"hp": 31, "atk": 31, "def": 31, "spa": 31, "spd": 31, "spe": 31}, "item": "Leftovers", "teraType": "Fire", "role": "Tera Blast user", "bvs": {"hp": 75, "atk": 75, "def": 95, "spa": 75, "spd": 95, "spe": 113}, "stats": {"hp": 248, "atk": 164, "def": 196, "spa": 164, "spd": 196, "spe": 224}, "types": ["Grass"]}, "Inteleon": {"name": "Inteleon", "species": "Inteleon", "speciesId": "inteleon", "gender": "M", "shiny": false, "level": 81, "moves": ["scald", "uturn", "icebeam", "hydropump"], "ability": "Torrent", "evs": {"hp": 85, "atk": 85, "def": 85, "spa": 85, "spd": 85, "spe": 85}, "ivs": {"hp": 31, "atk": 31, "def": 31, "spa": 31, "spd": 31, "spe": 31}, "item": "Choice Specs", "teraType": "Water", "role": "Wallbreaker", "bvs": {"hp": 70, "atk": 85, "def": 65, "spa": 125, "spd": 65, "spe": 120}, "stats": {"hp": 246, "atk": 184, "def": 152, "spa": 249, "spd": 152, "spe": 241}, "types": ["Water"]}, "Rillaboom": {"name": "Rillaboom", "species": "Rillaboom", "speciesId": "rillaboom", "gender": "F", "shiny": false, "level": 79, "moves": ["woodhammer", "grassyglide", "uturn", "knockoff"], "ability": "Grassy Surge", "evs": {"hp": 85, "atk": 85, "def": 85, "spa": 85, "spd": 85, "spe": 85}, "ivs": {"hp": 31, "atk": 31, "def": 31, "spa": 31, "spd": 31, "spe": 31}, "item": "Choice Band", "teraType": "Grass", "role": "Wallbreaker", "bvs": {"hp": 100, "atk": 125, "def": 90, "spa": 60, "spd": 70, "spe": 85}, "stats": {"hp": 288, "atk": 243, "def": 188, "spa": 140, "spd": 156, "spe": 180}, "types": ["Grass"]}, "Dodrio": {"name": "Dodrio", "species": "Dodrio", "speciesId": "dodrio", "gender": "F", "shiny": false, "level": 85, "moves": ["swordsdance", "bravebird", "knockoff", "doubleedge"], "ability": "Early Bird", "evs": {"hp": 85, "atk": 85, "def": 85, "spa": 85, "spd": 85, "spe": 85}, "ivs": {"hp": 31, "atk": 31, "def": 31, "spa": 31, "spd": 31, "spe": 31}, "item": "Heavy-Duty Boots", "teraType": "Normal", "role": "Setup Sweeper", "bvs": {"hp": 60, "atk": 110, "def": 70, "spa": 60, "spd": 60, "spe": 110}, "stats": {"hp": 241, "atk": 236, "def": 168, "spa": 151, "spd": 151, "spe": 236}, "types": ["Normal", "Flying"]}, "Cinderace": {"name": "Cinderace", "species": "Cinderace", "speciesId": "cinderace", "gender": "M", "shiny": false, "level": 77, "moves": ["willowisp", "pyroball", "uturn", "courtchange"], "ability": "Libero", "evs": {"hp": 85, "atk": 85, "def": 85, "spa": 85, "spd": 85, "spe": 85}, "ivs": {"hp": 31, "atk": 31, "def": 31, "spa": 31, "spd": 31, "spe": 31}, "item": "Heavy-Duty Boots", "teraType": "Grass", "role": "Fast Support", "bvs": {"hp": 80, "atk": 116, "def": 75, "spa": 65, "spd": 75, "spe": 119}, "stats": {"hp": 250, "atk": 223, "def": 160, "spa": 145, "spd": 160, "spe": 228}, "types": ["Fire"]}, "Muk": {"name": "Muk", "species": "Muk", "speciesId": "muk", "gender": "F", "shiny": false, "level": 86, "moves": ["poisonjab", "drainpunch", "knockoff", "icepunch"], "ability": "Poison Touch", "evs": {"hp": 85, "atk": 85, "def": 85, "spa": 85, "spd": 85, "spe": 85}, "ivs": {"hp": 31, "atk": 31, "def": 31, "spa": 31, "spd": 31, "spe": 31}, "item": "Assault Vest", "teraType": "Dark", "role": "AV Pivot", "bvs": {"hp": 105, "atk": 105, "def": 75, "spa": 65, "spd": 100, "spe": 50}, "stats": {"hp": 321, "atk": 230, "def": 178, "spa": 161, "spd": 221, "spe": 135}, "types": ["Poison"]}}]}