{"id": "gen9randombattle-2641739454", "format": "[Gen 9] Random Battle", "players": ["IceColdAcer", "huh blue"], "log": "|j|\u2606IceColdAcer\n|j|\u2606huh blue\n|t:|1782836186\n|gametype|singles\n|player|p1|IceColdAcer|acetrainer|2035\n|player|p2|huh blue|steven|1988\n|gen|9\n|tier|[Gen 9] Random Battle\n|rated|\n|rule|Species Clause: Limit one of each Pok\u00e9mon\n|rule|HP Percentage Mod: HP is shown in percentages\n|rule|Sleep Clause Mod: Limit one foe put to sleep\n|rule|Illusion Level Mod: Illusion disguises the Pok\u00e9mon's true level\n|\n|t:|1782836186\n|teamsize|p1|6\n|teamsize|p2|6\n|start\n|switch|p1a: Sneasler|Sneasler, L74, M|240/240\n|switch|p2a: Ribombee|Ribombee, L83, F|235/235\n|turn|1\n|inactive|Battle timer is ON: inactive players will automatically lose when time's up. (requested by huh blue)\n|\n|t:|1782836206\n|move|p2a: Ribombee|U-turn|p1a: Sneasler\n|-resisted|p1a: Sneasler\n|-crit|p1a: Sneasler\n|-damage|p1a: Sneasler|215/240\n|\n|t:|1782836211\n|switch|p2a: Altaria|Altaria, L89, M|278/278|[from] U-turn\n|move|p1a: Sneasler|Dire Claw|p2a: Altaria\n|-damage|p2a: Altaria|206/278\n|-status|p2a: Altaria|par\n|\n|upkeep\n|turn|2\n|\n|t:|1782836236\n|switch|p1a: Latias|Latias, L79, F|256/256\n|move|p2a: Altaria|Brave Bird|p1a: Latias\n|-damage|p1a: Latias|141/256\n|-damage|p2a: Altaria|168/278 par|[from] Recoil\n|\n|upkeep\n|turn|3\n|\n|t:|1782836244\n|-curestatus|p2a: Altaria|par|[from] ability: Natural Cure|[silent]\n|switch|p2a: Ribombee|Ribombee, L83, F|235/235\n|move|p1a: Latias|Recover|p1a: Latias\n|-heal|p1a: Latias|256/256\n|\n|upkeep\n|turn|4\n|\n|t:|1782836260\n|move|p2a: Ribombee|U-turn|p1a: Latias\n|-supereffective|p1a: Latias\n|-damage|p1a: Latias|148/256\n|\n|t:|1782836265\n|switch|p2a: Magearna|Magearna, L77|250/250|[from] U-turn\n|move|p1a: Latias|Psyshock|p2a: Magearna\n|-resisted|p2a: Magearna\n|-damage|p2a: Magearna|202/250\n|\n|-heal|p2a: Magearna|217/250|[from] item: Leftovers\n|upkeep\n|turn|5\n|\n|t:|1782836270\n|switch|p1a: Clodsire|Clodsire, L81, F|343/343\n|move|p2a: Magearna|Shift Gear|p2a: Magearna\n|-boost|p2a: Magearna|spe|2\n|-boost|p2a: Magearna|atk|1\n|\n|-heal|p2a: Magearna|232/250|[from] item: Leftovers\n|upkeep\n|turn|6\n|\n|t:|1782836275\n|switch|p2a: Altaria|Altaria, L89, M|168/278\n|move|p1a: Clodsire|Stealth Rock|p2a: Altaria\n|-sidestart|p2: huh blue|move: Stealth Rock\n|\n|upkeep\n|turn|7\n|\n|t:|1782836278\n|move|p2a: Altaria|Defog|p1a: Clodsire\n|-unboost|p1a: Clodsire|evasion|1\n|-sideend|p2: huh blue|Stealth Rock|[from] move: Defog|[of] p2a: Altaria\n|move|p1a: Clodsire|Poison Jab|p2a: Altaria\n|-damage|p2a: Altaria|101/278\n|\n|upkeep\n|turn|8\n|\n|t:|1782836282\n|move|p2a: Altaria|Roost|p2a: Altaria\n|-heal|p2a: Altaria|240/278\n|-singleturn|p2a: Altaria|move: Roost\n|move|p1a: Clodsire|Poison Jab|p2a: Altaria\n|-damage|p2a: Altaria|182/278\n|\n|upkeep\n|turn|9\n|\n|t:|1782836291\n|move|p2a: Altaria|Brave Bird|p1a: Clodsire\n|-damage|p1a: Clodsire|180/343\n|-damage|p2a: Altaria|128/278|[from] Recoil\n|move|p1a: Clodsire|Poison Jab|p2a: Altaria\n|-damage|p2a: Altaria|62/278\n|-status|p2a: Altaria|psn\n|\n|-heal|p1a: Clodsire|201/343|[from] item: Leftovers\n|-damage|p2a: Altaria|28/278 psn|[from] psn\n|upkeep\n|turn|10\n|\n|t:|1782836296\n|move|p2a: Altaria|Roost|p2a: Altaria\n|-heal|p2a: Altaria|167/278 psn\n|-singleturn|p2a: Altaria|move: Roost\n|move|p1a: Clodsire|Poison Jab|p2a: Altaria\n|-damage|p2a: Altaria|110/278 psn\n|\n|-heal|p1a: Clodsire|222/343|[from] item: Leftovers\n|-damage|p2a: Altaria|76/278 psn|[from] psn\n|upkeep\n|turn|11\n|\n|t:|1782836301\n|-curestatus|p2a: Altaria|psn|[from] ability: Natural Cure|[silent]\n|switch|p2a: Magearna|Magearna, L77|232/250\n|move|p1a: Clodsire|Poison Jab|p2a: Magearna\n|-immune|p2a: Magearna\n|\n|-heal|p2a: Magearna|247/250|[from] item: Leftovers\n|-heal|p1a: Clodsire|243/343|[from] item: Leftovers\n|upkeep\n|turn|12\n|\n|t:|1782836308\n|switch|p2a: Altaria|Altaria, L89, M|76/278\n|move|p1a: Clodsire|Stealth Rock|p2a: Altaria\n|-sidestart|p2: huh blue|move: Stealth Rock\n|\n|-heal|p1a: Clodsire|264/343|[from] item: Leftovers\n|upkeep\n|turn|13\n|\n|t:|1782836311\n|switch|p1a: Gardevoir|Gardevoir, L83, F|249/249\n|-ability|p1a: Gardevoir|Natural Cure|Trace|[from] ability: Trace|[of] p2a: Altaria\n|move|p2a: Altaria|Roost|p2a: Altaria\n|-heal|p2a: Altaria|215/278\n|-singleturn|p2a: Altaria|move: Roost\n|\n|upkeep\n|turn|14\n|\n|t:|1782836317\n|switch|p2a: Magearna|Magearna, L77|247/250\n|-damage|p2a: Magearna|232/250|[from] Stealth Rock\n|move|p1a: Gardevoir|Moonblast|p2a: Magearna\n|-resisted|p2a: Magearna\n|-damage|p2a: Magearna|182/250\n|-unboost|p2a: Magearna|spa|1\n|\n|-heal|p2a: Magearna|197/250|[from] item: Leftovers\n|upkeep\n|turn|15\n|\n|t:|1782836331\n|switch|p1a: Charizard|Charizard, L85, F|271/271\n|switch|p2a: Altaria|Altaria, L89, M|215/278\n|\n|upkeep\n|turn|16\n|\n|t:|1782836338\n|move|p1a: Charizard|Will-O-Wisp|p2a: Altaria|[miss]\n|-miss|p1a: Charizard|p2a: Altaria\n|move|p2a: Altaria|Brave Bird|p1a: Charizard\n|-damage|p1a: Charizard|144/271\n|-damage|p2a: Altaria|173/278|[from] Recoil\n|\n|upkeep\n|turn|17\n|\n|t:|1782836345\n|move|p1a: Charizard|Hurricane|p2a: Altaria|[miss]\n|-miss|p1a: Charizard|p2a: Altaria\n|move|p2a: Altaria|Defog|p1a: Charizard\n|-unboost|p1a: Charizard|evasion|1\n|-sideend|p2: huh blue|Stealth Rock|[from] move: Defog|[of] p2a: Altaria\n|\n|upkeep\n|turn|18\n|\n|t:|1782836351\n|switch|p2a: Blissey|Blissey, L85, F|572/572\n|move|p1a: Charizard|Hurricane|p2a: Blissey\n|-damage|p2a: Blissey|487/572\n|-start|p2a: Blissey|confusion\n|\n|-heal|p2a: Blissey|522/572|[from] item: Leftovers\n|upkeep\n|turn|19\n|\n|t:|1782836367\n|switch|p1a: Clodsire|Clodsire, L81, F|264/343\n|switch|p2a: Scrafty|Scrafty, L83, F|244/244\n|\n|-heal|p1a: Clodsire|285/343|[from] item: Leftovers\n|upkeep\n|turn|20\n|\n|t:|1782836370\n|move|p2a: Scrafty|Bulk Up|p2a: Scrafty\n|-boost|p2a: Scrafty|atk|1\n|-boost|p2a: Scrafty|def|1\n|move|p1a: Clodsire|Stealth Rock|p2a: Scrafty\n|-sidestart|p2: huh blue|move: Stealth Rock\n|\n|-heal|p1a: Clodsire|306/343|[from] item: Leftovers\n|upkeep\n|turn|21\n|\n|t:|1782836376\n|switch|p1a: Gardevoir|Gardevoir, L83, F|249/249\n|-ability|p1a: Gardevoir|Shed Skin|Trace|[from] ability: Trace|[of] p2a: Scrafty\n|move|p2a: Scrafty|Knock Off|p1a: Gardevoir\n|-damage|p1a: Gardevoir|71/249\n|-enditem|p1a: Gardevoir|Choice Scarf|[from] move: Knock Off|[of] p2a: Scrafty\n|\n|upkeep\n|turn|22\n|\n|t:|1782836383\n|switch|p2a: Magearna|Magearna, L77|197/250\n|-damage|p2a: Magearna|182/250|[from] Stealth Rock\n|move|p1a: Gardevoir|Moonblast|p2a: Magearna\n|-resisted|p2a: Magearna\n|-damage|p2a: Magearna|131/250\n|\n|-heal|p2a: Magearna|146/250|[from] item: Leftovers\n|upkeep\n|turn|23\n|\n|t:|1782836394\n|switch|p1a: Charizard|Charizard, L85, F|144/271\n|move|p2a: Magearna|Flash Cannon|p1a: Charizard\n|-resisted|p1a: Charizard\n|-damage|p1a: Charizard|101/271\n|\n|-heal|p2a: Magearna|161/250|[from] item: Leftovers\n|upkeep\n|turn|24\n|\n|t:|1782836399\n|switch|p2a: Blissey|Blissey, L85, F|522/572\n|-damage|p2a: Blissey|451/572|[from] Stealth Rock\n|move|p1a: Charizard|Earthquake|p2a: Blissey\n|-damage|p2a: Blissey|257/572\n|\n|-heal|p2a: Blissey|292/572|[from] item: Leftovers\n|upkeep\n|turn|25\n|\n|t:|1782836402\n|move|p1a: Charizard|Earthquake|p2a: Blissey\n|-damage|p2a: Blissey|98/572\n|move|p2a: Blissey|Thunder Wave|p1a: Charizard\n|-status|p1a: Charizard|par\n|\n|-heal|p2a: Blissey|133/572|[from] item: Leftovers\n|upkeep\n|turn|26\n|\n|t:|1782836405\n|move|p2a: Blissey|Soft-Boiled|p2a: Blissey\n|-heal|p2a: Blissey|419/572\n|move|p1a: Charizard|Earthquake|p2a: Blissey\n|-damage|p2a: Blissey|240/572\n|\n|-heal|p2a: Blissey|275/572|[from] item: Leftovers\n|upkeep\n|turn|27\n|\n|t:|1782836409\n|move|p2a: Blissey|Soft-Boiled|p2a: Blissey\n|-heal|p2a: Blissey|561/572\n|move|p1a: Charizard|Earthquake|p2a: Blissey\n|-damage|p2a: Blissey|380/572\n|\n|-heal|p2a: Blissey|415/572|[from] item: Leftovers\n|upkeep\n|turn|28\n|\n|t:|1782836416\n|switch|p1a: Clodsire|Clodsire, L81, F|306/343\n|move|p2a: Blissey|Seismic Toss|p1a: Clodsire\n|-damage|p1a: Clodsire|221/343\n|\n|-heal|p2a: Blissey|450/572|[from] item: Leftovers\n|-heal|p1a: Clodsire|242/343|[from] item: Leftovers\n|upkeep\n|turn|29\n|\n|t:|1782836421\n|switch|p2a: Altaria|Altaria, L89, M|173/278\n|move|p1a: Clodsire|Stealth Rock||[still]\n|-fail|p1a: Clodsire\n|\n|-heal|p1a: Clodsire|263/343|[from] item: Leftovers\n|upkeep\n|turn|30\n|\n|t:|1782836427\n|switch|p1a: Latias|Latias, L79, F|148/256\n|move|p2a: Altaria|Brave Bird|p1a: Latias\n|-damage|p1a: Latias|39/256\n|-damage|p2a: Altaria|137/278|[from] Recoil\n|\n|upkeep\n|turn|31\n|\n|t:|1782836431\n|switch|p2a: Magearna|Magearna, L77|161/250\n|-damage|p2a: Magearna|146/250|[from] Stealth Rock\n|move|p1a: Latias|Recover|p1a: Latias\n|-heal|p1a: Latias|167/256\n|\n|-heal|p2a: Magearna|161/250|[from] item: Leftovers\n|upkeep\n|turn|32\n|\n|t:|1782836439\n|switch|p1a: Clodsire|Clodsire, L81, F|263/343\n|move|p2a: Magearna|Shift Gear|p2a: Magearna\n|-boost|p2a: Magearna|spe|2\n|-boost|p2a: Magearna|atk|1\n|\n|-heal|p2a: Magearna|176/250|[from] item: Leftovers\n|-heal|p1a: Clodsire|284/343|[from] item: Leftovers\n|upkeep\n|turn|33\n|\n|t:|1782836452\n|switch|p2a: Altaria|Altaria, L89, M|137/278\n|move|p1a: Clodsire|Earthquake|p2a: Altaria\n|-immune|p2a: Altaria\n|\n|-heal|p1a: Clodsire|305/343|[from] item: Leftovers\n|upkeep\n|turn|34\n|\n|t:|1782836454\n|move|p2a: Altaria|Brave Bird|p1a: Clodsire\n|-damage|p1a: Clodsire|157/343\n|-damage|p2a: Altaria|88/278|[from] Recoil\n|move|p1a: Clodsire|Poison Jab|p2a: Altaria\n|-damage|p2a: Altaria|25/278\n|\n|-heal|p1a: Clodsire|178/343|[from] item: Leftovers\n|upkeep\n|turn|35\n|\n|t:|1782836457\n|move|p2a: Altaria|Roost|p2a: Altaria\n|-heal|p2a: Altaria|164/278\n|-singleturn|p2a: Altaria|move: Roost\n|move|p1a: Clodsire|Poison Jab|p2a: Altaria\n|-damage|p2a: Altaria|100/278\n|-status|p2a: Altaria|psn\n|\n|-heal|p1a: Clodsire|199/343|[from] item: Leftovers\n|-damage|p2a: Altaria|66/278 psn|[from] psn\n|upkeep\n|turn|36\n|\n|t:|1782836460\n|move|p2a: Altaria|Roost|p2a: Altaria\n|-heal|p2a: Altaria|205/278 psn\n|-singleturn|p2a: Altaria|move: Roost\n|move|p1a: Clodsire|Recover|p1a: Clodsire\n|-heal|p1a: Clodsire|343/343\n|\n|-damage|p2a: Altaria|171/278 psn|[from] psn\n|upkeep\n|turn|37\n|\n|t:|1782836469\n|-curestatus|p2a: Altaria|psn|[from] ability: Natural Cure|[silent]\n|switch|p2a: Ribombee|Ribombee, L83, F|235/235\n|-damage|p2a: Ribombee|177/235|[from] Stealth Rock\n|move|p1a: Clodsire|Poison Jab|p2a: Ribombee\n|-supereffective|p2a: Ribombee\n|-damage|p2a: Ribombee|0 fnt\n|faint|p2a: Ribombee\n|\n|upkeep\n|\n|t:|1782836473\n|switch|p2a: Scrafty|Scrafty, L83, F|244/244\n|-damage|p2a: Scrafty|229/244|[from] Stealth Rock\n|turn|38\n|\n|t:|1782836478\n|move|p2a: Scrafty|Knock Off|p1a: Clodsire\n|-damage|p1a: Clodsire|211/343\n|-enditem|p1a: Clodsire|Leftovers|[from] move: Knock Off|[of] p2a: Scrafty\n|move|p1a: Clodsire|Poison Jab|p2a: Scrafty\n|-damage|p2a: Scrafty|171/244\n|\n|-heal|p2a: Scrafty|186/244|[from] item: Leftovers\n|upkeep\n|turn|39\n|\n|t:|1782836482\n|switch|p1a: Gardevoir|Gardevoir, L83, F|71/249\n|-ability|p1a: Gardevoir|Shed Skin|Trace|[from] ability: Trace|[of] p2a: Scrafty\n|move|p2a: Scrafty|Bulk Up|p2a: Scrafty\n|-boost|p2a: Scrafty|atk|1\n|-boost|p2a: Scrafty|def|1\n|\n|-heal|p2a: Scrafty|201/244|[from] item: Leftovers\n|upkeep\n|turn|40\n|\n|t:|1782836486\n|switch|p2a: Magearna|Magearna, L77|176/250\n|-damage|p2a: Magearna|161/250|[from] Stealth Rock\n|move|p1a: Gardevoir|Psyshock|p2a: Magearna\n|-resisted|p2a: Magearna\n|-damage|p2a: Magearna|115/250\n|\n|-heal|p2a: Magearna|130/250|[from] item: Leftovers\n|upkeep\n|turn|41\n|\n|t:|1782836495\n|switch|p2a: Altaria|Altaria, L89, M|171/278\n|move|p1a: Gardevoir|Healing Wish|p1a: Gardevoir\n|faint|p1a: Gardevoir\n|\n|upkeep\n|\n|t:|1782836501\n|switch|p1a: Charizard|Charizard, L85, F|101/271 par\n|-heal|p1a: Charizard|271/271|[from] move: Healing Wish\n|turn|42\n|\n|t:|1782836508\n|switch|p2a: Blissey|Blissey, L85, F|450/572\n|-damage|p2a: Blissey|379/572|[from] Stealth Rock\n|move|p1a: Charizard|Hurricane|p2a: Blissey\n|-damage|p2a: Blissey|285/572\n|\n|-heal|p2a: Blissey|320/572|[from] item: Leftovers\n|upkeep\n|turn|43\n|\n|t:|1782836516\n|switch|p1a: Clodsire|Clodsire, L81, F|211/343\n|move|p2a: Blissey|Soft-Boiled|p2a: Blissey\n|-heal|p2a: Blissey|572/572\n|\n|upkeep\n|turn|44\n|\n|t:|1782836520\n|switch|p2a: Altaria|Altaria, L89, M|171/278\n|move|p1a: Clodsire|Earthquake|p2a: Altaria\n|-immune|p2a: Altaria\n|\n|upkeep\n|turn|45\n|\n|t:|1782836523\n|move|p2a: Altaria|Brave Bird|p1a: Clodsire\n|-damage|p1a: Clodsire|52/343\n|-damage|p2a: Altaria|119/278|[from] Recoil\n|move|p1a: Clodsire|Recover|p1a: Clodsire\n|-heal|p1a: Clodsire|224/343\n|\n|upkeep\n|turn|46\n|\n|t:|1782836527\n|move|p2a: Altaria|Roost|p2a: Altaria\n|-heal|p2a: Altaria|258/278\n|-singleturn|p2a: Altaria|move: Roost\n|move|p1a: Clodsire|Recover|p1a: Clodsire\n|-heal|p1a: Clodsire|343/343\n|\n|upkeep\n|turn|47\n|\n|t:|1782836536\n|move|p2a: Altaria|Brave Bird|p1a: Clodsire\n|-damage|p1a: Clodsire|184/343\n|-damage|p2a: Altaria|206/278|[from] Recoil\n|move|p1a: Clodsire|Poison Jab|p2a: Altaria\n|-damage|p2a: Altaria|145/278\n|\n|upkeep\n|turn|48\n|\n|t:|1782836542\n|move|p2a: Altaria|Brave Bird|p1a: Clodsire\n|-crit|p1a: Clodsire\n|-damage|p1a: Clodsire|0 fnt\n|faint|p1a: Clodsire\n|-damage|p2a: Altaria|84/278|[from] Recoil\n|\n|upkeep\n|\n|t:|1782836552\n|switch|p1a: Charizard|Charizard, L85, F|271/271\n|turn|49\n|\n|t:|1782836555\n|switch|p2a: Blissey|Blissey, L85, F|572/572\n|-damage|p2a: Blissey|501/572|[from] Stealth Rock\n|move|p1a: Charizard|Hurricane|p2a: Blissey\n|-damage|p2a: Blissey|407/572\n|\n|-heal|p2a: Blissey|442/572|[from] item: Leftovers\n|upkeep\n|turn|50\n|\n|t:|1782836568\n|switch|p1a: Latias|Latias, L79, F|167/256\n|move|p2a: Blissey|Thunder Wave|p1a: Latias\n|-status|p1a: Latias|par\n|\n|-heal|p2a: Blissey|477/572|[from] item: Leftovers\n|upkeep\n|turn|51\n|\n|t:|1782836578\n|switch|p2a: Altaria|Altaria, L89, M|84/278\n|move|p1a: Latias|Psyshock|p2a: Altaria\n|-damage|p2a: Altaria|0 fnt\n|faint|p2a: Altaria\n|\n|upkeep\n|\n|t:|1782836582\n|switch|p2a: Scrafty|Scrafty, L83, F|201/244\n|-damage|p2a: Scrafty|186/244|[from] Stealth Rock\n|turn|52\n|\n|t:|1782836585\n|move|p2a: Scrafty|Bulk Up|p2a: Scrafty\n|-boost|p2a: Scrafty|atk|1\n|-boost|p2a: Scrafty|def|1\n|cant|p1a: Latias|par\n|\n|-heal|p2a: Scrafty|201/244|[from] item: Leftovers\n|upkeep\n|turn|53\n|\n|t:|1782836588\n|move|p2a: Scrafty|Knock Off|p1a: Latias\n|-supereffective|p1a: Latias\n|-damage|p1a: Latias|0 fnt\n|-enditem|p1a: Latias|Soul Dew|[from] move: Knock Off|[of] p2a: Scrafty\n|faint|p1a: Latias\n|\n|-heal|p2a: Scrafty|216/244|[from] item: Leftovers\n|upkeep\n|\n|t:|1782836596\n|switch|p1a: Sneasler|Sneasler, L74, M|215/240\n|turn|54\n|\n|t:|1782836601\n|-terastallize|p2a: Scrafty|Poison\n|move|p1a: Sneasler|Swords Dance|p1a: Sneasler\n|-boost|p1a: Sneasler|atk|2\n|move|p2a: Scrafty|Bulk Up|p2a: Scrafty\n|-boost|p2a: Scrafty|atk|1\n|-boost|p2a: Scrafty|def|1\n|\n|-heal|p2a: Scrafty|231/244|[from] item: Leftovers\n|upkeep\n|turn|55\n|\n|t:|1782836613\n|move|p1a: Sneasler|Swords Dance|p1a: Sneasler\n|-boost|p1a: Sneasler|atk|2\n|move|p2a: Scrafty|Knock Off|p1a: Sneasler\n|-resisted|p1a: Sneasler\n|-damage|p1a: Sneasler|81/240\n|-enditem|p1a: Sneasler|White Herb|[from] move: Knock Off|[of] p2a: Scrafty\n|\n|-heal|p2a: Scrafty|244/244|[from] item: Leftovers\n|upkeep\n|turn|56\n|\n|t:|1782836620\n|-terastallize|p1a: Sneasler|Flying\n|move|p1a: Sneasler|Acrobatics|p2a: Scrafty\n|-damage|p2a: Scrafty|100/244\n|move|p2a: Scrafty|Drain Punch|p1a: Sneasler\n|-resisted|p1a: Sneasler\n|-damage|p1a: Sneasler|0 fnt\n|-heal|p2a: Scrafty|141/244|[from] drain|[of] p1a: Sneasler\n|faint|p1a: Sneasler\n|\n|-heal|p2a: Scrafty|156/244|[from] item: Leftovers\n|upkeep\n|\n|t:|1782836629\n|switch|p1a: Charizard|Charizard, L85, F|271/271\n|turn|57\n|\n|t:|1782836634\n|switch|p2a: Blissey|Blissey, L85, F|477/572\n|-damage|p2a: Blissey|406/572|[from] Stealth Rock\n|move|p1a: Charizard|Hurricane|p2a: Blissey\n|-damage|p2a: Blissey|304/572\n|\n|-heal|p2a: Blissey|339/572|[from] item: Leftovers\n|upkeep\n|turn|58\n|\n|t:|1782836642\n|move|p1a: Charizard|Earthquake|p2a: Blissey\n|-crit|p2a: Blissey\n|-damage|p2a: Blissey|30/572\n|move|p2a: Blissey|Thunder Wave|p1a: Charizard\n|-status|p1a: Charizard|par\n|\n|-heal|p2a: Blissey|65/572|[from] item: Leftovers\n|upkeep\n|turn|59\n|\n|t:|1782836646\n|switch|p1a: Heracross|Heracross, L80, M|259/259\n|move|p2a: Blissey|Soft-Boiled|p2a: Blissey\n|-heal|p2a: Blissey|351/572\n|\n|-heal|p2a: Blissey|386/572|[from] item: Leftovers\n|upkeep\n|turn|60\n|\n|t:|1782836654\n|switch|p2a: Magearna|Magearna, L77|130/250\n|-damage|p2a: Magearna|115/250|[from] Stealth Rock\n|move|p1a: Heracross|Close Combat|p2a: Magearna\n|-damage|p2a: Magearna|0 fnt\n|-unboost|p1a: Heracross|def|1\n|-unboost|p1a: Heracross|spd|1\n|faint|p2a: Magearna\n|-ability|p1a: Heracross|Moxie|boost\n|-boost|p1a: Heracross|atk|1\n|\n|upkeep\n|\n|t:|1782836657\n|switch|p2a: Scrafty|Scrafty, L83, F, tera:Poison|156/244\n|-damage|p2a: Scrafty|126/244|[from] Stealth Rock\n|turn|61\n|\n|t:|1782836663\n|move|p1a: Heracross|Close Combat|p2a: Scrafty\n|-resisted|p2a: Scrafty\n|-damage|p2a: Scrafty|46/244\n|-unboost|p1a: Heracross|def|1\n|-unboost|p1a: Heracross|spd|1\n|move|p2a: Scrafty|Knock Off|p1a: Heracross\n|-resisted|p1a: Heracross\n|-damage|p1a: Heracross|154/259\n|-enditem|p1a: Heracross|Choice Scarf|[from] move: Knock Off|[of] p2a: Scrafty\n|\n|-heal|p2a: Scrafty|61/244|[from] item: Leftovers\n|upkeep\n|turn|62\n|\n|t:|1782836668\n|move|p1a: Heracross|Close Combat|p2a: Scrafty\n|-resisted|p2a: Scrafty\n|-damage|p2a: Scrafty|0 fnt\n|-unboost|p1a: Heracross|def|1\n|-unboost|p1a: Heracross|spd|1\n|faint|p2a: Scrafty\n|-ability|p1a: Heracross|Moxie|boost\n|-boost|p1a: Heracross|atk|1\n|\n|upkeep\n|\n|t:|1782836671\n|switch|p2a: Virizion|Virizion, L82|283/283\n|-damage|p2a: Virizion|266/283|[from] Stealth Rock\n|turn|63\n|\n|t:|1782836680\n|move|p2a: Virizion|Stone Edge|p1a: Heracross|[miss]\n|-miss|p2a: Virizion|p1a: Heracross\n|move|p1a: Heracross|Close Combat|p2a: Virizion\n|-damage|p2a: Virizion|0 fnt\n|-unboost|p1a: Heracross|def|1\n|-unboost|p1a: Heracross|spd|1\n|faint|p2a: Virizion\n|-ability|p1a: Heracross|Moxie|boost\n|-boost|p1a: Heracross|atk|1\n|\n|upkeep\n|\n|t:|1782836682\n|switch|p2a: Blissey|Blissey, L85, F|386/572\n|-damage|p2a: Blissey|315/572|[from] Stealth Rock\n|turn|64\n|\n|t:|1782836697\n|move|p1a: Heracross|Close Combat|p2a: Blissey\n|-supereffective|p2a: Blissey\n|-damage|p2a: Blissey|0 fnt\n|-unboost|p1a: Heracross|def|1\n|-unboost|p1a: Heracross|spd|1\n|faint|p2a: Blissey\n|\n|win|IceColdAcer\n|raw|IceColdAcer's rating: 2035 &rarr; <strong>2052</strong><br />(+17 for winning)\n|raw|huh blue's rating: 1988 &rarr; <strong>1971</strong><br />(-17 for losing)\n", "inputlog": ">version f8ac14003a5f27e1bdc8d8c59608a773c1cb96e5\n>start {\"formatid\":\"gen9randombattle\",\"seed\":\"sodium,a6e5bf116c6502f507f62710881ba370\",\"rated\":\"Rated battle\"}\n>player p1 {\"name\":\"IceColdAcer\",\"avatar\":\"acetrainer\",\"rating\":2035,\"seed\":\"sodium,b82e466b2db366a652f85b961e35e8a7\"}\n>player p2 {\"name\":\"huh blue\",\"avatar\":\"steven\",\"rating\":1988,\"seed\":\"sodium,97e001ebf7182670ada5f72e6e31e221\"}\n>p1 move direclaw\n>p2 move uturn\n>p2 switch 2\n>p1 switch 6\n>p2 move bravebird\n>p1 move recover\n>p2 switch 2\n>p1 move psyshock\n>p2 move uturn\n>p2 switch 3\n>p1 switch 3\n>p2 move shiftgear\n>p1 move stealthrock\n>p2 switch 2\n>p1 move poisonjab\n>p2 move defog\n>p1 move poisonjab\n>p2 move roost\n>p1 move poisonjab\n>p2 move bravebird\n>p1 move poisonjab\n>p2 move roost\n>p1 move poisonjab\n>p2 switch 2\n>p1 move stealthrock\n>p2 switch 2\n>p1 switch 2\n>p2 move roost\n>p1 move moonblast\n>p2 switch 2\n>p1 switch 4\n>p2 switch 2\n>p1 move willowisp\n>p2 move bravebird\n>p1 move hurricane\n>p2 move defog\n>p1 move hurricane\n>p2 switch 6\n>p1 switch 2\n>p2 switch 5\n>p1 move stealthrock\n>p2 move bulkup\n>p1 switch 4\n>p2 move knockoff\n>p1 move moonblast\n>p2 switch 2\n>p1 switch 2\n>p2 move flashcannon\n>p1 move earthquake\n>p2 switch 5\n>p1 move earthquake\n>p2 move thunderwave\n>p1 move earthquake\n>p2 move softboiled\n>p1 move earthquake\n>p2 move softboiled\n>p1 switch 4\n>p2 move seismictoss\n>p1 move stealthrock\n>p2 switch 6\n>p1 switch 3\n>p2 move bravebird\n>p1 move recover\n>p2 switch 5\n>p1 switch 3\n>p2 move shiftgear\n>p1 move earthquake\n>p2 switch 5\n>p1 move poisonjab\n>p2 move bravebird\n>p1 move poisonjab\n>p2 move roost\n>p1 move recover\n>p2 move roost\n>p1 move poisonjab\n>p2 switch 3\n>p2 switch 2\n>p1 move poisonjab\n>p2 move knockoff\n>p1 switch 2\n>p2 move bulkup\n>p1 move psyshock\n>p2 switch 5\n>p1 move healingwish\n>p2 switch 3\n>p1 switch 4\n>p1 move hurricane\n>p2 switch 6\n>p1 switch 2\n>p2 move softboiled\n>p1 move earthquake\n>p2 switch 6\n>p1 move recover\n>p2 move bravebird\n>p1 move recover\n>p2 move roost\n>p1 move poisonjab\n>p2 move bravebird\n>p1 move recover\n>p2 move bravebird\n>p1 switch 2\n>p1 move hurricane\n>p2 switch 6\n>p1 switch 3\n>p2 move thunderwave\n>p1 move psyshock\n>p2 switch 6\n>p2 switch 5\n>p1 move dracometeor\n>p2 move bulkup\n>p1 move dracometeor\n>p2 move knockoff\n>p1 switch 6\n>p1 move swordsdance\n>p2 move bulkup terastallize\n>p1 move swordsdance\n>p2 move knockoff\n>p1 move acrobatics terastallize\n>p2 move drainpunch\n>p1 switch 3\n>p1 move hurricane\n>p2 switch 6\n>p1 move earthquake\n>p2 move thunderwave\n>p1 switch 5\n>p2 move softboiled\n>p1 move closecombat\n>p2 switch 3\n>p2 switch 6\n>p1 move closecombat\n>p2 move knockoff\n>p1 move closecombat\n>p2 move knockoff\n>p2 switch 4\n>p1 move closecombat\n>p2 move stoneedge\n>p2 switch 3\n>p1 move closecombat\n>p2 move seismictoss", "uploadtime": 1782836189, "views": 6, "formatid": "gen9randombattle", "rating": 1971, "private": 0, "password": null, "player_dets": [{"name": "IceColdAcer", "avatar": "acetrainer", "rating": 2035, "seed": "sodium,b82e466b2db366a652f85b961e35e8a7"}, {"name": "huh blue", "avatar": "steven", "rating": 1988, "seed": "sodium,97e001ebf7182670ada5f72e6e31e221"}], "teams_full": [{"Sneasler": {"name": "Sneasler", "species": "Sneasler", "speciesId": "sneasler", "gender": "M", "shiny": false, "level": 74, "moves": ["acrobatics", "direclaw", "closecombat", "swordsdance"], "ability": "Unburden", "evs": {"hp": 85, "atk": 85, "def": 85, "spa": 85, "spd": 85, "spe": 85}, "ivs": {"hp": 31, "atk": 31, "def": 31, "spa": 31, "spd": 31, "spe": 31}, "item": "White Herb", "teraType": "Flying", "role": "Setup Sweeper", "bvs": {"hp": 80, "atk": 130, "def": 60, "spa": 40, "spd": 80, "spe": 120}, "stats": {"hp": 240, "atk": 235, "def": 132, "spa": 102, "spd": 161, "spe": 221}, "types": ["Fighting", "Poison"]}, "Gardevoir": {"name": "Gardevoir", "species": "Gardevoir", "speciesId": "gardevoir", "gender": "F", "shiny": false, "level": 83, "moves": ["moonblast", "focusblast", "psyshock", "healingwish"], "ability": "Trace", "evs": {"hp": 85, "atk": 0, "def": 85, "spa": 85, "spd": 85, "spe": 85}, "ivs": {"hp": 31, "atk": 0, "def": 31, "spa": 31, "spd": 31, "spe": 31}, "item": "Choice Scarf", "teraType": "Fairy", "role": "Fast Attacker", "bvs": {"hp": 68, "atk": 65, "def": 65, "spa": 125, "spd": 115, "spe": 80}, "stats": {"hp": 249, "atk": 112, "def": 156, "spa": 255, "spd": 239, "spe": 180}, "types": ["Psychic", "Fairy"]}, "Clodsire": {"name": "Clodsire", "species": "Clodsire", "speciesId": "clodsire", "gender": "F", "shiny": false, "level": 81, "moves": ["recover", "earthquake", "poisonjab", "stealthrock"], "ability": "Water Absorb", "evs": {"hp": 85, "atk": 85, "def": 85, "spa": 85, "spd": 85, "spe": 85}, "ivs": {"hp": 31, "atk": 31, "def": 31, "spa": 31, "spd": 31, "spe": 31}, "item": "Leftovers", "teraType": "Steel", "role": "Bulky Attacker", "bvs": {"hp": 130, "atk": 75, "def": 60, "spa": 45, "spd": 100, "spe": 20}, "stats": {"hp": 343, "atk": 168, "def": 144, "spa": 120, "spd": 209, "spe": 79}, "types": ["Poison", "Ground"]}, "Charizard": {"name": "Charizard", "species": "Charizard", "speciesId": "charizard", "gender": "F", "shiny": false, "level": 85, "moves": ["willowisp", "hurricane", "earthquake", "flamethrower"], "ability": "Blaze", "evs": {"hp": 85, "atk": 85, "def": 85, "spa": 85, "spd": 85, "spe": 85}, "ivs": {"hp": 31, "atk": 31, "def": 31, "spa": 31, "spd": 31, "spe": 31}, "item": "Heavy-Duty Boots", "teraType": "Dragon", "role": "Fast Attacker", "bvs": {"hp": 78, "atk": 84, "def": 78, "spa": 109, "spd": 85, "spe": 100}, "stats": {"hp": 271, "atk": 192, "def": 181, "spa": 234, "spd": 193, "spe": 219}, "types": ["Fire", "Flying"]}, "Heracross": {"name": "Heracross", "species": "Heracross", "speciesId": "heracross", "gender": "M", "shiny": false, "level": 80, "moves": ["earthquake", "knockoff", "closecombat", "megahorn"], "ability": "Moxie", "evs": {"hp": 85, "atk": 85, "def": 85, "spa": 85, "spd": 85, "spe": 85}, "ivs": {"hp": 31, "atk": 31, "def": 31, "spa": 31, "spd": 31, "spe": 31}, "item": "Choice Scarf", "teraType": "Fighting", "role": "Fast Attacker", "bvs": {"hp": 80, "atk": 125, "def": 75, "spa": 40, "spd": 95, "spe": 85}, "stats": {"hp": 259, "atk": 246, "def": 166, "spa": 110, "spd": 198, "spe": 182}, "types": ["Bug", "Fighting"]}, "Latias": {"name": "Latias", "species": "Latias", "speciesId": "latias", "gender": "F", "shiny": false, "level": 79, "moves": ["recover", "calmmind", "psyshock", "dracometeor"], "ability": "Levitate", "evs": {"hp": 85, "atk": 0, "def": 85, "spa": 85, "spd": 85, "spe": 85}, "ivs": {"hp": 31, "atk": 0, "def": 31, "spa": 31, "spd": 31, "spe": 31}, "item": "Soul Dew", "teraType": "Steel", "role": "Fast Bulky Setup", "bvs": {"hp": 80, "atk": 80, "def": 90, "spa": 110, "spd": 130, "spe": 110}, "stats": {"hp": 256, "atk": 131, "def": 188, "spa": 219, "spd": 251, "spe": 219}, "types": ["Dragon", "Psychic"]}}, {"Ribombee": {"name": "Ribombee", "species": "Ribombee", "speciesId": "ribombee", "gender": "F", "shiny": false, "level": 83, "moves": ["stickyweb", "moonblast", "uturn", "bugbuzz"], "ability": "Shield Dust", "evs": {"hp": 85, "atk": 85, "def": 85, "spa": 85, "spd": 85, "spe": 85}, "ivs": {"hp": 31, "atk": 31, "def": 31, "spa": 31, "spd": 31, "spe": 31}, "item": "Focus Sash", "teraType": "Ghost", "role": "Fast Support", "bvs": {"hp": 60, "atk": 55, "def": 60, "spa": 95, "spd": 70, "spe": 124}, "stats": {"hp": 235, "atk": 139, "def": 147, "spa": 205, "spd": 164, "spe": 254}, "types": ["Bug", "Fairy"]}, "Altaria": {"name": "Altaria", "species": "Altaria", "speciesId": "altaria", "gender": "M", "shiny": false, "level": 89, "moves": ["haze", "roost", "defog", "bravebird"], "ability": "Natural Cure", "evs": {"hp": 85, "atk": 85, "def": 85, "spa": 85, "spd": 85, "spe": 85}, "ivs": {"hp": 31, "atk": 31, "def": 31, "spa": 31, "spd": 31, "spe": 31}, "item": "Heavy-Duty Boots", "teraType": "Steel", "role": "Bulky Support", "bvs": {"hp": 75, "atk": 70, "def": 90, "spa": 70, "spd": 105, "spe": 80}, "stats": {"hp": 278, "atk": 175, "def": 211, "spa": 175, "spd": 238, "spe": 193}, "types": ["Dragon", "Flying"]}, "Magearna": {"name": "Magearna", "species": "Magearna", "speciesId": "magearna", "gender": "N", "shiny": false, "level": 77, "moves": ["fleurcannon", "shiftgear", "flashcannon", "calmmind"], "ability": "Soul-Heart", "evs": {"hp": 85, "atk": 0, "def": 85, "spa": 85, "spd": 85, "spe": 85}, "ivs": {"hp": 31, "atk": 0, "def": 31, "spa": 31, "spd": 31, "spe": 31}, "item": "Leftovers", "teraType": "Water", "role": "Bulky Setup", "bvs": {"hp": 80, "atk": 95, "def": 115, "spa": 130, "spd": 115, "spe": 65}, "stats": {"hp": 250, "atk": 151, "def": 222, "spa": 245, "spd": 222, "spe": 145}, "types": ["Steel", "Fairy"]}, "Virizion": {"name": "Virizion", "species": "Virizion", "speciesId": "virizion", "gender": "N", "shiny": false, "level": 82, "moves": ["stoneedge", "closecombat", "leafblade", "swordsdance"], "ability": "Justified", "evs": {"hp": 85, "atk": 85, "def": 85, "spa": 85, "spd": 85, "spe": 85}, "ivs": {"hp": 31, "atk": 31, "def": 31, "spa": 31, "spd": 31, "spe": 31}, "item": "Life Orb", "teraType": "Rock", "role": "Setup Sweeper", "bvs": {"hp": 91, "atk": 90, "def": 72, "spa": 90, "spd": 129, "spe": 108}, "stats": {"hp": 283, "atk": 195, "def": 165, "spa": 195, "spd": 259, "spe": 224}, "types": ["Grass", "Fighting"]}, "Scrafty": {"name": "Scrafty", "species": "Scrafty", "speciesId": "scrafty", "gender": "F", "shiny": false, "level": 83, "moves": ["drainpunch", "knockoff", "rest", "bulkup"], "ability": "Shed Skin", "evs": {"hp": 85, "atk": 85, "def": 85, "spa": 85, "spd": 85, "spe": 85}, "ivs": {"hp": 31, "atk": 31, "def": 31, "spa": 31, "spd": 31, "spe": 31}, "item": "Leftovers", "teraType": "Poison", "role": "Bulky Setup", "bvs": {"hp": 65, "atk": 90, "def": 115, "spa": 45, "spd": 115, "spe": 58}, "stats": {"hp": 244, "atk": 197, "def": 239, "spa": 122, "spd": 239, "spe": 144}, "types": ["Dark", "Fighting"]}, "Blissey": {"name": "Blissey", "species": "Blissey", "speciesId": "blissey", "gender": "F", "shiny": false, "level": 85, "moves": ["healbell", "seismictoss", "thunderwave", "softboiled"], "ability": "Natural Cure", "evs": {"hp": 85, "atk": 0, "def": 85, "spa": 85, "spd": 85, "spe": 85}, "ivs": {"hp": 31, "atk": 0, "def": 31, "spa": 31, "spd": 31, "spe": 31}, "item": "Leftovers", "teraType": "Fairy", "role": "Bulky Support", "bvs": {"hp": 255, "atk": 10, "def": 10, "spa": 75, "spd": 135, "spe": 55}, "stats": {"hp": 572, "atk": 22, "def": 66, "spa": 176, "spd": 278, "spe": 142}, "types": ["Normal"]}}]}