{"id": "gen9randombattle-2641290647", "format": "[Gen 9] Random Battle", "players": ["goblinoob", "codelius black"], "log": "|j|\u2606goblinoob\n|j|\u2606codelius black\n|t:|1782763889\n|gametype|singles\n|player|p1|goblinoob|swimmer-gen4dp|1396\n|player|p2|codelius black|burglar|1437\n|gen|9\n|tier|[Gen 9] Random Battle\n|rated|\n|rule|Species Clause: Limit one of each Pok\u00e9mon\n|rule|HP Percentage Mod: HP is shown in percentages\n|rule|Sleep Clause Mod: Limit one foe put to sleep\n|rule|Illusion Level Mod: Illusion disguises the Pok\u00e9mon's true level\n|\n|t:|1782763889\n|teamsize|p1|6\n|teamsize|p2|6\n|start\n|switch|p1a: Ariados|Ariados, L95, M|287/287\n|switch|p2a: Kricketune|Kricketune, L99, F|311/311\n|turn|1\n|\n|t:|1782763901\n|move|p2a: Kricketune|Taunt|p1a: Ariados\n|-start|p1a: Ariados|move: Taunt\n|cant|p1a: Ariados|move: Taunt|Sticky Web\n|\n|upkeep\n|turn|2\n|\n|t:|1782763910\n|move|p2a: Kricketune|Sticky Web|p1a: Ariados\n|-sidestart|p1: goblinoob|move: Sticky Web\n|move|p1a: Ariados|Poison Jab|p2a: Kricketune\n|-damage|p2a: Kricketune|185/311\n|-status|p2a: Kricketune|psn\n|\n|-damage|p2a: Kricketune|147/311 psn|[from] psn\n|upkeep\n|turn|3\n|\n|t:|1782763917\n|move|p2a: Kricketune|Knock Off|p1a: Ariados\n|-damage|p1a: Ariados|193/287\n|-enditem|p1a: Ariados|Focus Sash|[from] move: Knock Off|[of] p2a: Kricketune\n|move|p1a: Ariados|Poison Jab|p2a: Kricketune\n|-damage|p2a: Kricketune|15/311 psn\n|\n|-damage|p2a: Kricketune|0 fnt|[from] psn\n|faint|p2a: Kricketune\n|-end|p1a: Ariados|move: Taunt\n|upkeep\n|\n|t:|1782763925\n|switch|p2a: Iron Moth|Iron Moth, L78|253/253\n|turn|4\n|\n|t:|1782763937\n|switch|p1a: Blissey|Blissey, L85, F|572/572\n|-activate|p1a: Blissey|move: Sticky Web\n|-unboost|p1a: Blissey|spe|1\n|move|p2a: Iron Moth|Fiery Dance|p1a: Blissey\n|-damage|p1a: Blissey|502/572\n|\n|-heal|p1a: Blissey|537/572|[from] item: Leftovers\n|upkeep\n|turn|5\n|\n|t:|1782763953\n|-end|p2a: Iron Moth|Quark Drive|[silent]\n|switch|p2a: Chansey|Chansey, L85, F|564/564\n|move|p1a: Blissey|Thunder Wave|p2a: Chansey\n|-status|p2a: Chansey|par\n|\n|-heal|p1a: Blissey|572/572|[from] item: Leftovers\n|upkeep\n|turn|6\n|\n|t:|1782763961\n|move|p1a: Blissey|Seismic Toss|p2a: Chansey\n|-damage|p2a: Chansey|479/564 par\n|move|p2a: Chansey|Thunder Wave|p1a: Blissey\n|-status|p1a: Blissey|par\n|\n|upkeep\n|turn|7\n|\n|t:|1782763972\n|-curestatus|p2a: Chansey|par|[from] ability: Natural Cure|[silent]\n|switch|p2a: Mudsdale|Mudsdale, L83, F|302/302\n|-curestatus|p1a: Blissey|par|[from] ability: Natural Cure|[silent]\n|switch|p1a: Ariados|Ariados, L95, M|193/287\n|-activate|p1a: Ariados|move: Sticky Web\n|-unboost|p1a: Ariados|spe|1\n|\n|upkeep\n|turn|8\n|\n|t:|1782763988\n|move|p1a: Ariados|Sticky Web|p2a: Mudsdale\n|-sidestart|p2: codelius black|move: Sticky Web\n|move|p2a: Mudsdale|Roar|p1a: Ariados\n|drag|p1a: Blissey|Blissey, L85, F|572/572\n|-activate|p1a: Blissey|move: Sticky Web\n|-unboost|p1a: Blissey|spe|1\n|\n|upkeep\n|turn|9\n|\n|t:|1782764001\n|switch|p1a: Sandaconda|Sandaconda, L84, F|258/258\n|-activate|p1a: Sandaconda|move: Sticky Web\n|-unboost|p1a: Sandaconda|spe|1\n|move|p2a: Mudsdale|Stealth Rock|p1a: Sandaconda\n|-sidestart|p1: goblinoob|move: Stealth Rock\n|\n|upkeep\n|turn|10\n|\n|t:|1782764027\n|move|p1a: Sandaconda|Coil|p1a: Sandaconda\n|-boost|p1a: Sandaconda|atk|1\n|-boost|p1a: Sandaconda|def|1\n|-boost|p1a: Sandaconda|accuracy|1\n|move|p2a: Mudsdale|Roar|p1a: Sandaconda\n|drag|p1a: Ariados|Ariados, L95, M|193/287\n|-activate|p1a: Ariados|move: Sticky Web\n|-unboost|p1a: Ariados|spe|1\n|-damage|p1a: Ariados|122/287|[from] Stealth Rock\n|\n|upkeep\n|turn|11\n|\n|t:|1782764037\n|move|p2a: Mudsdale|Heavy Slam|p1a: Ariados\n|-damage|p1a: Ariados|16/287\n|move|p1a: Ariados|Toxic Spikes|p2a: Mudsdale\n|-sidestart|p2: codelius black|move: Toxic Spikes\n|\n|upkeep\n|turn|12\n|inactive|Battle timer is ON: inactive players will automatically lose when time's up. (requested by goblinoob)\n|inactive|codelius black has 120 seconds left.\n|inactive|codelius black has 90 seconds left.\n|c|\u2606codelius black|Wow\n|c|\u2606codelius black|Timer?\n|c|\u2606goblinoob|?\n|\n|t:|1782764128\n|move|p2a: Mudsdale|Heavy Slam|p1a: Ariados\n|-damage|p1a: Ariados|0 fnt\n|faint|p1a: Ariados\n|\n|upkeep\n|\n|t:|1782764139\n|switch|p1a: Venusaur|Venusaur, L84, F|272/272\n|-activate|p1a: Venusaur|move: Sticky Web\n|-unboost|p1a: Venusaur|spe|1\n|-damage|p1a: Venusaur|238/272|[from] Stealth Rock\n|turn|13\n|\n|t:|1782764149\n|switch|p2a: Iron Moth|Iron Moth, L78|253/253\n|-sideend|p2: codelius black|move: Toxic Spikes|[of] p2a: Iron Moth\n|move|p1a: Venusaur|Energy Ball|p2a: Iron Moth\n|-resisted|p2a: Iron Moth\n|-damage|p2a: Iron Moth|231/253\n|\n|-heal|p1a: Venusaur|255/272|[from] item: Leftovers\n|upkeep\n|turn|14\n|inactive|goblinoob has 120 seconds left.\n|\n|t:|1782764185\n|switch|p1a: Blissey|Blissey, L85, F|572/572\n|-activate|p1a: Blissey|move: Sticky Web\n|-unboost|p1a: Blissey|spe|1\n|-damage|p1a: Blissey|501/572|[from] Stealth Rock\n|move|p2a: Iron Moth|Fiery Dance|p1a: Blissey\n|-damage|p1a: Blissey|431/572\n|\n|-heal|p1a: Blissey|466/572|[from] item: Leftovers\n|upkeep\n|turn|15\n|inactive|goblinoob has 120 seconds left.\n|\n|t:|1782764214\n|-end|p2a: Iron Moth|Quark Drive|[silent]\n|switch|p2a: Mudsdale|Mudsdale, L83, F|302/302\n|-activate|p2a: Mudsdale|move: Sticky Web\n|-unboost|p2a: Mudsdale|spe|1\n|move|p1a: Blissey|Seismic Toss|p2a: Mudsdale\n|-damage|p2a: Mudsdale|217/302\n|-ability|p2a: Mudsdale|Stamina|boost\n|-boost|p2a: Mudsdale|def|1\n|\n|-heal|p1a: Blissey|501/572|[from] item: Leftovers\n|-heal|p2a: Mudsdale|235/302|[from] item: Leftovers\n|upkeep\n|turn|16\n|inactive|goblinoob has 90 seconds left.\n|\n|t:|1782764244\n|switch|p1a: Venusaur|Venusaur, L84, F|255/272\n|-activate|p1a: Venusaur|move: Sticky Web\n|-unboost|p1a: Venusaur|spe|1\n|-damage|p1a: Venusaur|221/272|[from] Stealth Rock\n|move|p2a: Mudsdale|Heavy Slam|p1a: Venusaur\n|-crit|p1a: Venusaur\n|-damage|p1a: Venusaur|75/272\n|\n|-heal|p1a: Venusaur|92/272|[from] item: Leftovers\n|-heal|p2a: Mudsdale|253/302|[from] item: Leftovers\n|upkeep\n|turn|17\n|inactive|goblinoob has 90 seconds left.\n|inactive|codelius black has 120 seconds left.\n|\n|t:|1782764280\n|switch|p2a: Chansey|Chansey, L85, F|479/564\n|-activate|p2a: Chansey|move: Sticky Web\n|-unboost|p2a: Chansey|spe|1\n|move|p1a: Venusaur|Synthesis|p1a: Venusaur\n|-heal|p1a: Venusaur|228/272\n|\n|-heal|p1a: Venusaur|245/272|[from] item: Leftovers\n|upkeep\n|turn|18\n|\n|t:|1782764293\n|switch|p1a: Blissey|Blissey, L85, F|501/572\n|-activate|p1a: Blissey|move: Sticky Web\n|-unboost|p1a: Blissey|spe|1\n|-damage|p1a: Blissey|430/572|[from] Stealth Rock\n|move|p2a: Chansey|Thunder Wave|p1a: Blissey\n|-status|p1a: Blissey|par\n|\n|-heal|p1a: Blissey|465/572 par|[from] item: Leftovers\n|upkeep\n|turn|19\n|\n|t:|1782764312\n|move|p2a: Chansey|Seismic Toss|p1a: Blissey\n|-damage|p1a: Blissey|380/572 par\n|move|p1a: Blissey|Seismic Toss|p2a: Chansey\n|-damage|p2a: Chansey|394/564\n|\n|-heal|p1a: Blissey|415/572 par|[from] item: Leftovers\n|upkeep\n|turn|20\n|\n|t:|1782764331\n|move|p2a: Chansey|Seismic Toss|p1a: Blissey\n|-damage|p1a: Blissey|330/572 par\n|move|p1a: Blissey|Seismic Toss|p2a: Chansey\n|-damage|p2a: Chansey|309/564\n|\n|-heal|p1a: Blissey|365/572 par|[from] item: Leftovers\n|upkeep\n|turn|21\n|inactive|codelius black has 120 seconds left.\n|inactive|goblinoob has 60 seconds left.\n|\n|t:|1782764361\n|move|p2a: Chansey|Seismic Toss|p1a: Blissey\n|-damage|p1a: Blissey|280/572 par\n|move|p1a: Blissey|Seismic Toss|p2a: Chansey\n|-damage|p2a: Chansey|224/564\n|\n|-heal|p1a: Blissey|315/572 par|[from] item: Leftovers\n|upkeep\n|turn|22\n|inactive|goblinoob has 60 seconds left.\n|inactive|codelius black has 120 seconds left.\n|\n|t:|1782764375\n|move|p2a: Chansey|Seismic Toss|p1a: Blissey\n|-damage|p1a: Blissey|230/572 par\n|move|p1a: Blissey|Soft-Boiled|p1a: Blissey\n|-heal|p1a: Blissey|516/572 par\n|\n|-heal|p1a: Blissey|551/572 par|[from] item: Leftovers\n|upkeep\n|turn|23\n|inactive|goblinoob has 60 seconds left.\n|inactive|codelius black has 120 seconds left.\n|\n|t:|1782764389\n|move|p2a: Chansey|Soft-Boiled|p2a: Chansey\n|-heal|p2a: Chansey|506/564\n|move|p1a: Blissey|Seismic Toss|p2a: Chansey\n|-damage|p2a: Chansey|421/564\n|\n|-heal|p1a: Blissey|572/572 par|[from] item: Leftovers\n|upkeep\n|turn|24\n|inactive|goblinoob has 60 seconds left.\n|inactive|codelius black has 120 seconds left.\n|\n|t:|1782764400\n|move|p2a: Chansey|Seismic Toss|p1a: Blissey\n|-damage|p1a: Blissey|487/572 par\n|move|p1a: Blissey|Seismic Toss|p2a: Chansey\n|-damage|p2a: Chansey|336/564\n|\n|-heal|p1a: Blissey|522/572 par|[from] item: Leftovers\n|upkeep\n|turn|25\n|inactive|goblinoob has 60 seconds left.\n|c|\u2606goblinoob|funniest stall fight\n|\n|t:|1782764413\n|move|p2a: Chansey|Seismic Toss|p1a: Blissey\n|-damage|p1a: Blissey|437/572 par\n|move|p1a: Blissey|Seismic Toss|p2a: Chansey\n|-damage|p2a: Chansey|251/564\n|\n|-heal|p1a: Blissey|472/572 par|[from] item: Leftovers\n|upkeep\n|turn|26\n|inactive|codelius black has 120 seconds left.\n|c|\u2606codelius black|a legendary battle\n|\n|t:|1782764434\n|move|p2a: Chansey|Soft-Boiled|p2a: Chansey\n|-heal|p2a: Chansey|533/564\n|move|p1a: Blissey|Seismic Toss|p2a: Chansey\n|-damage|p2a: Chansey|448/564\n|\n|-heal|p1a: Blissey|507/572 par|[from] item: Leftovers\n|upkeep\n|turn|27\n|inactive|codelius black has 120 seconds left.\n|\n|t:|1782764446\n|move|p2a: Chansey|Seismic Toss|p1a: Blissey\n|-damage|p1a: Blissey|422/572 par\n|move|p1a: Blissey|Seismic Toss|p2a: Chansey\n|-damage|p2a: Chansey|363/564\n|\n|-heal|p1a: Blissey|457/572 par|[from] item: Leftovers\n|upkeep\n|turn|28\n|\n|t:|1782764454\n|move|p2a: Chansey|Seismic Toss|p1a: Blissey\n|-damage|p1a: Blissey|372/572 par\n|move|p1a: Blissey|Seismic Toss|p2a: Chansey\n|-damage|p2a: Chansey|278/564\n|\n|-heal|p1a: Blissey|407/572 par|[from] item: Leftovers\n|upkeep\n|turn|29\n|\n|t:|1782764467\n|move|p2a: Chansey|Soft-Boiled|p2a: Chansey\n|-heal|p2a: Chansey|560/564\n|move|p1a: Blissey|Seismic Toss|p2a: Chansey\n|-damage|p2a: Chansey|475/564\n|\n|-heal|p1a: Blissey|442/572 par|[from] item: Leftovers\n|upkeep\n|turn|30\n|\n|t:|1782764480\n|move|p2a: Chansey|Seismic Toss|p1a: Blissey\n|-damage|p1a: Blissey|357/572 par\n|move|p1a: Blissey|Seismic Toss|p2a: Chansey\n|-damage|p2a: Chansey|390/564\n|\n|-heal|p1a: Blissey|392/572 par|[from] item: Leftovers\n|upkeep\n|turn|31\n|\n|t:|1782764492\n|move|p2a: Chansey|Seismic Toss|p1a: Blissey\n|-damage|p1a: Blissey|307/572 par\n|move|p1a: Blissey|Seismic Toss|p2a: Chansey\n|-damage|p2a: Chansey|305/564\n|\n|-heal|p1a: Blissey|342/572 par|[from] item: Leftovers\n|upkeep\n|turn|32\n|\n|t:|1782764499\n|move|p2a: Chansey|Seismic Toss|p1a: Blissey\n|-damage|p1a: Blissey|257/572 par\n|move|p1a: Blissey|Seismic Toss|p2a: Chansey\n|-damage|p2a: Chansey|220/564\n|\n|-heal|p1a: Blissey|292/572 par|[from] item: Leftovers\n|upkeep\n|turn|33\n|inactive|goblinoob has 90 seconds left.\n|\n|t:|1782764508\n|move|p2a: Chansey|Soft-Boiled|p2a: Chansey\n|-heal|p2a: Chansey|502/564\n|move|p1a: Blissey|Seismic Toss|p2a: Chansey\n|-damage|p2a: Chansey|417/564\n|\n|-heal|p1a: Blissey|327/572 par|[from] item: Leftovers\n|upkeep\n|turn|34\n|\n|t:|1782764514\n|move|p2a: Chansey|Seismic Toss|p1a: Blissey\n|-damage|p1a: Blissey|242/572 par\n|move|p1a: Blissey|Seismic Toss|p2a: Chansey\n|-damage|p2a: Chansey|332/564\n|\n|-heal|p1a: Blissey|277/572 par|[from] item: Leftovers\n|upkeep\n|turn|35\n|\n|t:|1782764523\n|move|p2a: Chansey|Seismic Toss|p1a: Blissey\n|-damage|p1a: Blissey|192/572 par\n|cant|p1a: Blissey|par\n|\n|-heal|p1a: Blissey|227/572 par|[from] item: Leftovers\n|upkeep\n|turn|36\n|\n|t:|1782764532\n|move|p2a: Chansey|Seismic Toss|p1a: Blissey\n|-damage|p1a: Blissey|142/572 par\n|move|p1a: Blissey|Soft-Boiled|p1a: Blissey\n|-heal|p1a: Blissey|428/572 par\n|\n|-heal|p1a: Blissey|463/572 par|[from] item: Leftovers\n|upkeep\n|turn|37\n|\n|t:|1782764539\n|move|p2a: Chansey|Seismic Toss|p1a: Blissey\n|-damage|p1a: Blissey|378/572 par\n|cant|p1a: Blissey|par\n|\n|-heal|p1a: Blissey|413/572 par|[from] item: Leftovers\n|upkeep\n|turn|38\n|\n|t:|1782764545\n|move|p2a: Chansey|Seismic Toss|p1a: Blissey\n|-damage|p1a: Blissey|328/572 par\n|move|p1a: Blissey|Thunder Wave|p2a: Chansey|[miss]\n|-miss|p1a: Blissey|p2a: Chansey\n|\n|-heal|p1a: Blissey|363/572 par|[from] item: Leftovers\n|upkeep\n|turn|39\n|inactive|goblinoob has 120 seconds left.\n|c|\u2606goblinoob|cmon\n|\n|t:|1782764556\n|move|p2a: Chansey|Seismic Toss|p1a: Blissey\n|-damage|p1a: Blissey|278/572 par\n|move|p1a: Blissey|Thunder Wave|p2a: Chansey\n|-status|p2a: Chansey|par\n|\n|-heal|p1a: Blissey|313/572 par|[from] item: Leftovers\n|upkeep\n|turn|40\n|inactive|goblinoob has 120 seconds left.\n|\n|t:|1782764564\n|move|p1a: Blissey|Seismic Toss|p2a: Chansey\n|-damage|p2a: Chansey|247/564 par\n|move|p2a: Chansey|Seismic Toss|p1a: Blissey\n|-damage|p1a: Blissey|228/572 par\n|\n|-heal|p1a: Blissey|263/572 par|[from] item: Leftovers\n|upkeep\n|turn|41\n|\n|t:|1782764574\n|move|p1a: Blissey|Seismic Toss|p2a: Chansey\n|-damage|p2a: Chansey|162/564 par\n|move|p2a: Chansey|Soft-Boiled|p2a: Chansey\n|-heal|p2a: Chansey|444/564 par\n|\n|-heal|p1a: Blissey|298/572 par|[from] item: Leftovers\n|upkeep\n|turn|42\n|\n|t:|1782764584\n|move|p1a: Blissey|Seismic Toss|p2a: Chansey\n|-damage|p2a: Chansey|359/564 par\n|move|p2a: Chansey|Heal Bell|p2a: Chansey\n|-activate|p2a: Chansey|move: Heal Bell\n|-curestatus|p2a: Chansey|par|[msg]\n|\n|-heal|p1a: Blissey|333/572 par|[from] item: Leftovers\n|upkeep\n|turn|43\n|inactive|goblinoob has 120 seconds left.\n|\n|t:|1782764606\n|move|p2a: Chansey|Seismic Toss|p1a: Blissey\n|-damage|p1a: Blissey|248/572 par\n|move|p1a: Blissey|Seismic Toss|p2a: Chansey\n|-damage|p2a: Chansey|274/564\n|\n|-heal|p1a: Blissey|283/572 par|[from] item: Leftovers\n|upkeep\n|turn|44\n|\n|t:|1782764616\n|move|p2a: Chansey|Seismic Toss|p1a: Blissey\n|-damage|p1a: Blissey|198/572 par\n|move|p1a: Blissey|Heal Bell|p1a: Blissey\n|-activate|p1a: Blissey|move: Heal Bell\n|-curestatus|p1a: Blissey|par|[msg]\n|\n|-heal|p1a: Blissey|233/572|[from] item: Leftovers\n|upkeep\n|turn|45\n|\n|t:|1782764630\n|move|p1a: Blissey|Soft-Boiled|p1a: Blissey\n|-heal|p1a: Blissey|519/572\n|move|p2a: Chansey|Soft-Boiled|p2a: Chansey\n|-heal|p2a: Chansey|556/564\n|\n|-heal|p1a: Blissey|554/572|[from] item: Leftovers\n|upkeep\n|turn|46\n|\n|t:|1782764638\n|move|p1a: Blissey|Thunder Wave|p2a: Chansey\n|-status|p2a: Chansey|par\n|move|p2a: Chansey|Thunder Wave|p1a: Blissey\n|-status|p1a: Blissey|par\n|\n|-heal|p1a: Blissey|572/572 par|[from] item: Leftovers\n|upkeep\n|turn|47\n|\n|t:|1782764646\n|cant|p1a: Blissey|par\n|move|p2a: Chansey|Seismic Toss|p1a: Blissey\n|-damage|p1a: Blissey|487/572 par\n|\n|-heal|p1a: Blissey|522/572 par|[from] item: Leftovers\n|upkeep\n|turn|48\n|\n|t:|1782764654\n|-curestatus|p2a: Chansey|par|[from] ability: Natural Cure|[silent]\n|switch|p2a: Gengar|Gengar, L81, M|230/230\n|-activate|p2a: Gengar|move: Sticky Web\n|-unboost|p2a: Gengar|spe|1\n|move|p1a: Blissey|Seismic Toss|p2a: Gengar\n|-immune|p2a: Gengar\n|\n|-heal|p1a: Blissey|557/572 par|[from] item: Leftovers\n|upkeep\n|turn|49\n|\n|t:|1782764673\n|-curestatus|p1a: Blissey|par|[from] ability: Natural Cure|[silent]\n|switch|p1a: Tinkaton|Tinkaton, L82, F|274/274\n|-activate|p1a: Tinkaton|move: Sticky Web\n|-unboost|p1a: Tinkaton|spe|1\n|-damage|p1a: Tinkaton|257/274|[from] Stealth Rock\n|-ability|p1a: Tinkaton|Mold Breaker\n|move|p2a: Gengar|Trick|p1a: Tinkaton\n|-activate|p2a: Gengar|move: Trick|[of] p1a: Tinkaton\n|-item|p1a: Tinkaton|Choice Specs|[from] move: Trick\n|-item|p2a: Gengar|Leftovers|[from] move: Trick\n|\n|upkeep\n|turn|50\n|\n|t:|1782764692\n|move|p2a: Gengar|Focus Blast|p1a: Tinkaton\n|-damage|p1a: Tinkaton|165/274\n|move|p1a: Tinkaton|Knock Off|p2a: Gengar\n|-supereffective|p2a: Gengar\n|-damage|p2a: Gengar|82/230\n|-enditem|p2a: Gengar|Leftovers|[from] move: Knock Off|[of] p1a: Tinkaton\n|\n|upkeep\n|turn|51\n|\n|t:|1782764702\n|switch|p2a: Mudsdale|Mudsdale, L83, F|253/302\n|-activate|p2a: Mudsdale|move: Sticky Web\n|-unboost|p2a: Mudsdale|spe|1\n|move|p1a: Tinkaton|Knock Off|p2a: Mudsdale\n|-damage|p2a: Mudsdale|204/302\n|-ability|p2a: Mudsdale|Stamina|boost\n|-boost|p2a: Mudsdale|def|1\n|-enditem|p2a: Mudsdale|Leftovers|[from] move: Knock Off|[of] p1a: Tinkaton\n|\n|upkeep\n|turn|52\n|inactive|goblinoob has 120 seconds left.\n|\n|t:|1782764733\n|switch|p1a: Sandaconda|Sandaconda, L84, F|258/258\n|-activate|p1a: Sandaconda|move: Sticky Web\n|-unboost|p1a: Sandaconda|spe|1\n|-damage|p1a: Sandaconda|242/258|[from] Stealth Rock\n|move|p2a: Mudsdale|Roar|p1a: Sandaconda\n|drag|p1a: Golem|Golem, L87, F|281/281\n|-activate|p1a: Golem|move: Sticky Web\n|-unboost|p1a: Golem|spe|1\n|-damage|p1a: Golem|264/281|[from] Stealth Rock\n|\n|upkeep\n|turn|53\n|inactive|goblinoob has 120 seconds left.\n|c|\u2606codelius black|YOU\n|c|\u2606codelius black|HOW DARE YOU\n|inactive|codelius black has 120 seconds left.\n|c|\u2606codelius black|YOU WERE HIDING THIS ALL ALONG\n|c|\u2606goblinoob|xd\n|\n|t:|1782764777\n|move|p1a: Golem|Earthquake|p2a: Mudsdale\n|-damage|p2a: Mudsdale|120/302\n|-ability|p2a: Mudsdale|Stamina|boost\n|-boost|p2a: Mudsdale|def|1\n|move|p2a: Mudsdale|Heavy Slam|p1a: Golem\n|-supereffective|p1a: Golem\n|-damage|p1a: Golem|170/281\n|\n|upkeep\n|turn|54\n|\n|t:|1782764787\n|move|p1a: Golem|Explosion|p2a: Mudsdale\n|-crit|p2a: Mudsdale\n|-damage|p2a: Mudsdale|0 fnt\n|faint|p1a: Golem\n|faint|p2a: Mudsdale\n|\n|upkeep\n|\n|t:|1782764810\n|switch|p1a: Blissey|Blissey, L85, F|557/572\n|switch|p2a: Gengar|Gengar, L81, M|82/230\n|-activate|p2a: Gengar|move: Sticky Web\n|-unboost|p2a: Gengar|spe|1\n|-activate|p1a: Blissey|move: Sticky Web\n|-unboost|p1a: Blissey|spe|1\n|-damage|p1a: Blissey|486/572|[from] Stealth Rock\n|turn|55\n|inactive|codelius black has 90 seconds left.\n|\n|t:|1782764833\n|move|p2a: Gengar|Focus Blast|p1a: Blissey|[miss]\n|-miss|p2a: Gengar|p1a: Blissey\n|move|p1a: Blissey|Thunder Wave|p2a: Gengar\n|-status|p2a: Gengar|par\n|\n|-heal|p1a: Blissey|521/572|[from] item: Leftovers\n|upkeep\n|turn|56\n|\n|t:|1782764840\n|switch|p1a: Sandaconda|Sandaconda, L84, F|242/258\n|-activate|p1a: Sandaconda|move: Sticky Web\n|-unboost|p1a: Sandaconda|spe|1\n|-damage|p1a: Sandaconda|226/258|[from] Stealth Rock\n|move|p2a: Gengar|Focus Blast|p1a: Sandaconda\n|-damage|p1a: Sandaconda|106/258\n|\n|upkeep\n|turn|57\n|inactive|goblinoob has 120 seconds left.\n|\n|t:|1782764854\n|move|p1a: Sandaconda|Earthquake|p2a: Gengar\n|-supereffective|p2a: Gengar\n|-damage|p2a: Gengar|0 fnt\n|faint|p2a: Gengar\n|\n|upkeep\n|\n|t:|1782764863\n|switch|p2a: Vigoroth|Vigoroth, L85, M|275/275\n|-activate|p2a: Vigoroth|move: Sticky Web\n|-unboost|p2a: Vigoroth|spe|1\n|turn|58\n|inactive|goblinoob has 120 seconds left.\n|\n|t:|1782764879\n|switch|p1a: Tinkaton|Tinkaton, L82, F|165/274\n|-activate|p1a: Tinkaton|move: Sticky Web\n|-unboost|p1a: Tinkaton|spe|1\n|-damage|p1a: Tinkaton|148/274|[from] Stealth Rock\n|-ability|p1a: Tinkaton|Mold Breaker\n|move|p2a: Vigoroth|Bulk Up|p2a: Vigoroth\n|-boost|p2a: Vigoroth|atk|1\n|-boost|p2a: Vigoroth|def|1\n|\n|upkeep\n|turn|59\n|inactive|goblinoob has 120 seconds left.\n|inactive|codelius black has 90 seconds left.\n|\n|t:|1782764931\n|move|p2a: Vigoroth|Bulk Up|p2a: Vigoroth\n|-boost|p2a: Vigoroth|atk|1\n|-boost|p2a: Vigoroth|def|1\n|move|p1a: Tinkaton|Knock Off|p2a: Vigoroth\n|-damage|p2a: Vigoroth|255/275\n|-enditem|p2a: Vigoroth|Eviolite|[from] move: Knock Off|[of] p1a: Tinkaton\n|\n|upkeep\n|turn|60\n|\n|t:|1782764949\n|switch|p1a: Venusaur|Venusaur, L84, F|245/272\n|-activate|p1a: Venusaur|move: Sticky Web\n|-unboost|p1a: Venusaur|spe|1\n|-damage|p1a: Venusaur|211/272|[from] Stealth Rock\n|move|p2a: Vigoroth|Bulk Up|p2a: Vigoroth\n|-boost|p2a: Vigoroth|atk|1\n|-boost|p2a: Vigoroth|def|1\n|\n|-heal|p1a: Venusaur|228/272|[from] item: Leftovers\n|upkeep\n|turn|61\n|inactive|codelius black has 60 seconds left.\n|inactive|goblinoob has 90 seconds left.\n|\n|t:|1782764975\n|move|p2a: Vigoroth|Body Slam|p1a: Venusaur\n|-damage|p1a: Venusaur|35/272\n|move|p1a: Venusaur|Sludge Bomb|p2a: Vigoroth\n|-damage|p2a: Vigoroth|123/275\n|\n|-heal|p1a: Venusaur|52/272|[from] item: Leftovers\n|upkeep\n|turn|62\n|\n|t:|1782764984\n|move|p2a: Vigoroth|Body Slam|p1a: Venusaur\n|-damage|p1a: Venusaur|0 fnt\n|faint|p1a: Venusaur\n|\n|upkeep\n|\n|t:|1782764991\n|switch|p1a: Blissey|Blissey, L85, F|521/572\n|-activate|p1a: Blissey|move: Sticky Web\n|-unboost|p1a: Blissey|spe|1\n|-damage|p1a: Blissey|450/572|[from] Stealth Rock\n|turn|63\n|\n|t:|1782765003\n|-terastallize|p1a: Blissey|Ghost\n|move|p2a: Vigoroth|Knock Off|p1a: Blissey\n|-supereffective|p1a: Blissey\n|-damage|p1a: Blissey|0 fnt\n|-enditem|p1a: Blissey|Leftovers|[from] move: Knock Off|[of] p2a: Vigoroth\n|faint|p1a: Blissey\n|\n|upkeep\n|c|\u2606goblinoob|well play\n|inactive|goblinoob has 90 seconds left.\n|c|\u2606codelius black|Thanks\n|\n|t:|1782765017\n|switch|p1a: Tinkaton|Tinkaton, L82, F|148/274\n|-activate|p1a: Tinkaton|move: Sticky Web\n|-unboost|p1a: Tinkaton|spe|1\n|-damage|p1a: Tinkaton|131/274|[from] Stealth Rock\n|-ability|p1a: Tinkaton|Mold Breaker\n|turn|64\n|inactive|goblinoob has 90 seconds left.\n|\n|t:|1782765034\n|move|p2a: Vigoroth|Body Slam|p1a: Tinkaton\n|-resisted|p1a: Tinkaton\n|-crit|p1a: Tinkaton\n|-damage|p1a: Tinkaton|0 fnt\n|faint|p1a: Tinkaton\n|\n|upkeep\n|\n|t:|1782765037\n|switch|p1a: Sandaconda|Sandaconda, L84, F|106/258\n|-activate|p1a: Sandaconda|move: Sticky Web\n|-unboost|p1a: Sandaconda|spe|1\n|-damage|p1a: Sandaconda|90/258|[from] Stealth Rock\n|turn|65\n|inactive|codelius black has 90 seconds left.\n|\n|t:|1782765043\n|move|p2a: Vigoroth|Body Slam|p1a: Sandaconda\n|-damage|p1a: Sandaconda|0 fnt\n|faint|p1a: Sandaconda\n|\n|win|codelius black\n|raw|goblinoob's rating: 1396 &rarr; <strong>1378</strong><br />(-18 for losing)\n|raw|codelius black's rating: 1437 &rarr; <strong>1455</strong><br />(+18 for winning)\n|c|\u2606codelius black|Gg\n|c|\u2606goblinoob|gg\n", "inputlog": ">version f8ac14003a5f27e1bdc8d8c59608a773c1cb96e5\n>start {\"formatid\":\"gen9randombattle\",\"seed\":\"sodium,ef965ae696974e443b6fdfc610a8913f\",\"rated\":\"Rated battle\"}\n>player p1 {\"name\":\"goblinoob\",\"avatar\":\"swimmer-gen4dp\",\"rating\":1396,\"seed\":\"sodium,bdf975005db6b6c928a520c411740473\"}\n>player p2 {\"name\":\"codelius black\",\"avatar\":\"burglar\",\"rating\":1437,\"seed\":\"sodium,222aaabe44ec05ea01750553a37a2abb\"}\n>p1 move stickyweb\n>p2 move taunt\n>p1 move poisonjab\n>p2 move stickyweb\n>p1 move poisonjab\n>p2 move knockoff\n>p2 switch 2\n>p1 switch 6\n>p2 move fierydance\n>p1 move thunderwave\n>p2 switch 4\n>p1 move seismictoss\n>p2 move thunderwave\n>p1 switch 6\n>p2 switch 3\n>p1 move stickyweb\n>p2 move roar\n>p1 switch 5\n>p2 move stealthrock\n>p1 move coil\n>p2 move roar\n>p1 move toxicspikes\n>p2 move heavyslam\n>chat \u2606codelius black|Wow\n>chat \u2606codelius black|Timer?\n>chat \u2606goblinoob|?\n>p1 move toxicspikes\n>p2 move heavyslam\n>p1 switch 2\n>p1 move energyball\n>p2 switch 4\n>p1 switch 5\n>p2 move fierydance\n>p1 move seismictoss\n>p2 switch 4\n>p1 switch 5\n>p2 move heavyslam\n>p1 move synthesis\n>p2 switch 3\n>p1 switch 5\n>p2 move thunderwave\n>p1 move seismictoss\n>p2 move seismictoss\n>p1 move seismictoss\n>p2 move seismictoss\n>p1 move seismictoss\n>p2 move seismictoss\n>p1 move softboiled\n>p2 move seismictoss\n>p1 move seismictoss\n>p2 move softboiled\n>p1 move seismictoss\n>p2 move seismictoss\n>chat \u2606goblinoob|funniest stall fight\n>p1 move seismictoss\n>p2 move seismictoss\n>chat \u2606codelius black|a legendary battle\n>p1 move seismictoss\n>p2 move softboiled\n>p1 move seismictoss\n>p2 move seismictoss\n>p1 move seismictoss\n>p2 move seismictoss\n>p1 move seismictoss\n>p2 move softboiled\n>p1 move seismictoss\n>p2 move seismictoss\n>p1 move seismictoss\n>p2 move seismictoss\n>p1 move seismictoss\n>p2 move seismictoss\n>p1 move seismictoss\n>p2 move softboiled\n>p1 move seismictoss\n>p2 move seismictoss\n>p1 move softboiled\n>p2 move seismictoss\n>p1 move softboiled\n>p2 move seismictoss\n>p1 move thunderwave\n>p2 move seismictoss\n>p1 move thunderwave\n>p2 move seismictoss\n>chat \u2606goblinoob|cmon\n>p1 move thunderwave\n>p2 move seismictoss\n>p1 move seismictoss\n>p2 move seismictoss\n>p1 move seismictoss\n>p2 move softboiled\n>p1 move seismictoss\n>p2 move healbell\n>p1 move seismictoss\n>p2 move seismictoss\n>p1 move healbell\n>p2 move seismictoss\n>p1 move softboiled\n>p2 move softboiled\n>p1 move thunderwave\n>p2 move thunderwave\n>p1 move seismictoss\n>p2 move seismictoss\n>p1 move seismictoss\n>p2 switch 6\n>p1 switch 4\n>p2 move trick\n>p1 move knockoff\n>p2 move focusblast\n>p1 move knockoff\n>p2 switch 3\n>p1 switch 6\n>p2 move roar\n>chat \u2606codelius black|YOU\n>chat \u2606codelius black|HOW DARE YOU\n>chat \u2606codelius black|YOU WERE HIDING THIS ALL ALONG\n>chat \u2606goblinoob|xd\n>p1 move earthquake\n>p2 move heavyslam\n>p1 move explosion\n>p2 move heavyslam\n>p1 switch 4\n>p2 switch 3\n>p1 move thunderwave\n>p2 move focusblast\n>p1 switch 3\n>p2 move focusblast\n>p1 move earthquake\n>p2 move shadowball\n>p2 switch 5\n>p1 switch 6\n>p2 move bulkup\n>p1 move knockoff\n>p2 move bulkup\n>p1 switch 5\n>p2 move bulkup\n>p1 move sludgebomb\n>p2 move bodyslam\n>p1 move sludgebomb\n>p2 move bodyslam\n>p1 switch 3\n>p1 move thunderwave terastallize\n>p2 move knockoff\n>chat \u2606goblinoob|well play\n>chat \u2606codelius black|Thanks\n>p1 switch 5\n>p1 move gigatonhammer\n>p2 move bodyslam\n>p1 switch 6\n>p1 move scaleshot\n>p2 move bodyslam", "uploadtime": 1782765051, "views": 5, "formatid": "gen9randombattle", "rating": 1378, "private": 0, "password": null, "player_dets": [{"name": "goblinoob", "avatar": "swimmer-gen4dp", "rating": 1396, "seed": "sodium,bdf975005db6b6c928a520c411740473"}, {"name": "codelius black", "avatar": "burglar", "rating": 1437, "seed": "sodium,222aaabe44ec05ea01750553a37a2abb"}], "teams_full": [{"Ariados": {"name": "Ariados", "species": "Ariados", "speciesId": "ariados", "gender": "M", "shiny": false, "level": 95, "moves": ["toxicspikes", "stickyweb", "poisonjab", "megahorn"], "ability": "Swarm", "evs": {"hp": 85, "atk": 85, "def": 85, "spa": 85, "spd": 85, "spe": 85}, "ivs": {"hp": 31, "atk": 31, "def": 31, "spa": 31, "spd": 31, "spe": 31}, "item": "Focus Sash", "teraType": "Ghost", "role": "Fast Support", "bvs": {"hp": 70, "atk": 90, "def": 70, "spa": 60, "spd": 70, "spe": 40}, "stats": {"hp": 287, "atk": 225, "def": 187, "spa": 168, "spd": 187, "spe": 130}, "types": ["Bug", "Poison"]}, "Venusaur": {"name": "Venusaur", "species": "Venusaur", "speciesId": "venusaur", "gender": "F", "shiny": false, "level": 84, "moves": ["earthpower", "energyball", "sludgebomb", "synthesis"], "ability": "Overgrow", "evs": {"hp": 85, "atk": 0, "def": 85, "spa": 85, "spd": 85, "spe": 85}, "ivs": {"hp": 31, "atk": 0, "def": 31, "spa": 31, "spd": 31, "spe": 31}, "item": "Leftovers", "teraType": "Water", "role": "Bulky Attacker", "bvs": {"hp": 80, "atk": 82, "def": 83, "spa": 100, "spd": 100, "spe": 80}, "stats": {"hp": 272, "atk": 142, "def": 188, "spa": 216, "spd": 216, "spe": 183}, "types": ["Grass", "Poison"]}, "Golem": {"name": "Golem", "species": "Golem", "speciesId": "golem", "gender": "F", "shiny": false, "level": 87, "moves": ["earthquake", "explosion", "stealthrock", "stoneedge"], "ability": "Sturdy", "evs": {"hp": 85, "atk": 85, "def": 85, "spa": 85, "spd": 85, "spe": 85}, "ivs": {"hp": 31, "atk": 31, "def": 31, "spa": 31, "spd": 31, "spe": 31}, "item": "Custap Berry", "teraType": "Grass", "role": "Bulky Attacker", "bvs": {"hp": 80, "atk": 120, "def": 130, "spa": 55, "spd": 65, "spe": 45}, "stats": {"hp": 281, "atk": 259, "def": 276, "spa": 145, "spd": 163, "spe": 128}, "types": ["Rock", "Ground"]}, "Tinkaton": {"name": "Tinkaton", "species": "Tinkaton", "speciesId": "tinkaton", "gender": "F", "shiny": false, "level": 82, "moves": ["swordsdance", "gigatonhammer", "knockoff", "playrough"], "ability": "Mold Breaker", "evs": {"hp": 85, "atk": 85, "def": 85, "spa": 85, "spd": 85, "spe": 85}, "ivs": {"hp": 31, "atk": 31, "def": 31, "spa": 31, "spd": 31, "spe": 31}, "item": "Leftovers", "teraType": "Steel", "role": "Bulky Setup", "bvs": {"hp": 85, "atk": 75, "def": 77, "spa": 70, "spd": 105, "spe": 94}, "stats": {"hp": 274, "atk": 170, "def": 173, "spa": 162, "spd": 219, "spe": 201}, "types": ["Fairy", "Steel"]}, "Sandaconda": {"name": "Sandaconda", "species": "Sandaconda", "speciesId": "sandaconda", "gender": "F", "shiny": false, "level": 84, "moves": ["coil", "earthquake", "rockblast", "scaleshot"], "ability": "Shed Skin", "evs": {"hp": 85, "atk": 85, "def": 85, "spa": 85, "spd": 85, "spe": 85}, "ivs": {"hp": 31, "atk": 31, "def": 31, "spa": 31, "spd": 31, "spe": 31}, "item": "Loaded Dice", "teraType": "Dragon", "role": "Fast Bulky Setup", "bvs": {"hp": 72, "atk": 107, "def": 125, "spa": 65, "spd": 70, "spe": 71}, "stats": {"hp": 258, "atk": 228, "def": 258, "spa": 157, "spd": 166, "spe": 167}, "types": ["Ground"]}, "Blissey": {"name": "Blissey", "species": "Blissey", "speciesId": "blissey", "gender": "F", "shiny": false, "level": 85, "moves": ["softboiled", "healbell", "seismictoss", "thunderwave"], "ability": "Natural Cure", "evs": {"hp": 85, "atk": 0, "def": 85, "spa": 85, "spd": 85, "spe": 85}, "ivs": {"hp": 31, "atk": 0, "def": 31, "spa": 31, "spd": 31, "spe": 31}, "item": "Leftovers", "teraType": "Ghost", "role": "Bulky Support", "bvs": {"hp": 255, "atk": 10, "def": 10, "spa": 75, "spd": 135, "spe": 55}, "stats": {"hp": 572, "atk": 22, "def": 66, "spa": 176, "spd": 278, "spe": 142}, "types": ["Normal"]}}, {"Kricketune": {"name": "Kricketune", "species": "Kricketune", "speciesId": "kricketune", "gender": "F", "shiny": false, "level": 99, "moves": ["pounce", "stickyweb", "taunt", "knockoff"], "ability": "Technician", "evs": {"hp": 81, "atk": 85, "def": 85, "spa": 85, "spd": 85, "spe": 85}, "ivs": {"hp": 31, "atk": 31, "def": 31, "spa": 31, "spd": 31, "spe": 31}, "item": "Focus Sash", "teraType": "Ghost", "role": "Fast Support", "bvs": {"hp": 77, "atk": 85, "def": 51, "spa": 55, "spd": 51, "spe": 65}, "stats": {"hp": 311, "atk": 224, "def": 157, "spa": 165, "spd": 157, "spe": 185}, "types": ["Bug"]}, "Iron Moth": {"name": "Iron Moth", "species": "Iron Moth", "speciesId": "ironmoth", "gender": "N", "shiny": false, "level": 78, "moves": ["sludgewave", "energyball", "fierydance", "toxicspikes"], "ability": "Quark Drive", "evs": {"hp": 85, "atk": 0, "def": 85, "spa": 85, "spd": 85, "spe": 85}, "ivs": {"hp": 31, "atk": 0, "def": 31, "spa": 31, "spd": 31, "spe": 31}, "item": "Heavy-Duty Boots", "teraType": "Grass", "role": "Fast Attacker", "bvs": {"hp": 80, "atk": 70, "def": 60, "spa": 140, "spd": 110, "spe": 110}, "stats": {"hp": 253, "atk": 114, "def": 139, "spa": 263, "spd": 217, "spe": 217}, "types": ["Fire", "Poison"]}, "Mudsdale": {"name": "Mudsdale", "species": "Mudsdale", "speciesId": "mudsdale", "gender": "F", "shiny": false, "level": 83, "moves": ["roar", "heavyslam", "stealthrock", "earthquake"], "ability": "Stamina", "evs": {"hp": 85, "atk": 85, "def": 85, "spa": 85, "spd": 85, "spe": 85}, "ivs": {"hp": 31, "atk": 31, "def": 31, "spa": 31, "spd": 31, "spe": 31}, "item": "Leftovers", "teraType": "Steel", "role": "Bulky Attacker", "bvs": {"hp": 100, "atk": 125, "def": 100, "spa": 55, "spd": 85, "spe": 35}, "stats": {"hp": 302, "atk": 255, "def": 214, "spa": 139, "spd": 189, "spe": 106}, "types": ["Ground"]}, "Chansey": {"name": "Chansey", "species": "Chansey", "speciesId": "chansey", "gender": "F", "shiny": false, "level": 85, "moves": ["softboiled", "healbell", "seismictoss", "thunderwave"], "ability": "Natural Cure", "evs": {"hp": 85, "atk": 0, "def": 85, "spa": 85, "spd": 85, "spe": 85}, "ivs": {"hp": 31, "atk": 0, "def": 31, "spa": 31, "spd": 31, "spe": 31}, "item": "Eviolite", "teraType": "Ghost", "role": "Bulky Support", "bvs": {"hp": 250, "atk": 5, "def": 5, "spa": 35, "spd": 105, "spe": 50}, "stats": {"hp": 564, "atk": 13, "def": 57, "spa": 108, "spd": 227, "spe": 134}, "types": ["Normal"]}, "Vigoroth": {"name": "Vigoroth", "species": "Vigoroth", "speciesId": "vigoroth", "gender": "M", "shiny": false, "level": 85, "moves": ["slackoff", "bulkup", "knockoff", "bodyslam"], "ability": "Vital Spirit", "evs": {"hp": 85, "atk": 85, "def": 85, "spa": 85, "spd": 85, "spe": 85}, "ivs": {"hp": 31, "atk": 31, "def": 31, "spa": 31, "spd": 31, "spe": 31}, "item": "Eviolite", "teraType": "Ghost", "role": "Bulky Setup", "bvs": {"hp": 80, "atk": 80, "def": 80, "spa": 55, "spd": 55, "spe": 90}, "stats": {"hp": 275, "atk": 185, "def": 185, "spa": 142, "spd": 142, "spe": 202}, "types": ["Normal"]}, "Gengar": {"name": "Gengar", "species": "Gengar", "speciesId": "gengar", "gender": "M", "shiny": false, "level": 81, "moves": ["sludgewave", "focusblast", "shadowball", "trick"], "ability": "Cursed Body", "evs": {"hp": 85, "atk": 0, "def": 85, "spa": 85, "spd": 85, "spe": 85}, "ivs": {"hp": 31, "atk": 0, "def": 31, "spa": 31, "spd": 31, "spe": 31}, "item": "Choice Specs", "teraType": "Ghost", "role": "Wallbreaker", "bvs": {"hp": 60, "atk": 65, "def": 60, "spa": 130, "spd": 75, "spe": 110}, "stats": {"hp": 230, "atk": 110, "def": 144, "spa": 257, "spd": 168, "spe": 225}, "types": ["Ghost", "Poison"]}}]}