{"id": "gen9randombattle-2641508856", "format": "[Gen 9] Random Battle", "players": ["WonderingCashew", "Ttubyppop"], "log": "|j|\u2606WonderingCashew\n|j|\u2606Ttubyppop\n|t:|1782797151\n|gametype|singles\n|player|p1|WonderingCashew|170|1946\n|player|p2|Ttubyppop|1|1944\n|gen|9\n|tier|[Gen 9] Random Battle\n|rated|\n|rule|Species Clause: Limit one of each Pok\u00e9mon\n|rule|HP Percentage Mod: HP is shown in percentages\n|rule|Sleep Clause Mod: Limit one foe put to sleep\n|rule|Illusion Level Mod: Illusion disguises the Pok\u00e9mon's true level\n|\n|t:|1782797152\n|teamsize|p1|6\n|teamsize|p2|6\n|start\n|switch|p1a: Masquerain|Masquerain, L87, M|264/264\n|switch|p2a: Victreebel|Victreebel, L90, F|290/290\n|-ability|p1a: Masquerain|Intimidate|boost\n|-unboost|p2a: Victreebel|atk|1\n|turn|1\n|inactive|Battle timer is ON: inactive players will automatically lose when time's up. (requested by Ttubyppop)\n|\n|t:|1782797174\n|switch|p2a: Dusknoir|Dusknoir, L89, F|225/225\n|-item|p1a: Masquerain|Heavy-Duty Boots|[from] ability: Frisk|[of] p2a: Dusknoir\n|move|p1a: Masquerain|Hurricane|p2a: Dusknoir\n|-damage|p2a: Dusknoir|137/225\n|\n|-heal|p2a: Dusknoir|151/225|[from] item: Leftovers\n|upkeep\n|turn|2\n|\n|t:|1782797183\n|move|p1a: Masquerain|Sticky Web|p2a: Dusknoir\n|-sidestart|p2: Ttubyppop|move: Sticky Web\n|move|p2a: Dusknoir|Substitute|p2a: Dusknoir\n|-start|p2a: Dusknoir|Substitute\n|-damage|p2a: Dusknoir|95/225\n|\n|-heal|p2a: Dusknoir|109/225|[from] item: Leftovers\n|upkeep\n|turn|3\n|\n|t:|1782797202\n|switch|p1a: Cramorant|Cramorant, L86, M|261/261\n|move|p2a: Dusknoir|Poltergeist|p1a: Cramorant\n|-activate|p1a: Cramorant|move: Poltergeist|Heavy-Duty Boots\n|-damage|p1a: Cramorant|74/261\n|\n|-heal|p2a: Dusknoir|123/225|[from] item: Leftovers\n|upkeep\n|turn|4\n|\n|t:|1782797207\n|move|p1a: Cramorant|Surf|p2a: Dusknoir\n|-formechange|p1a: Cramorant|Cramorant-Gorging|\n|-end|p2a: Dusknoir|Substitute\n|move|p2a: Dusknoir|Poltergeist|p1a: Cramorant\n|-activate|p1a: Cramorant|move: Poltergeist|Heavy-Duty Boots\n|-damage|p1a: Cramorant|0 fnt\n|-damage|p2a: Dusknoir|67/225|[from] ability: Gulp Missile|[of] p1a: Cramorant\n|-status|p2a: Dusknoir|par\n|-formechange|p1a: Cramorant|Cramorant|\n|faint|p1a: Cramorant\n|\n|-heal|p2a: Dusknoir|81/225 par|[from] item: Leftovers\n|upkeep\n|l|\u2606Ttubyppop\n|inactive|Ttubyppop disconnected and has a minute to reconnect!\n|player|p2|\n|\n|t:|1782797235\n|switch|p1a: Scovillain|Scovillain, L91, M|266/266\n|turn|5\n|j|\u2606Ttubyppop\n|inactive|Ttubyppop reconnected and has 135 seconds left.\n|player|p2|Ttubyppop|1|\n|\n|t:|1782797253\n|switch|p2a: Altaria|Altaria, L89, M|278/278\n|move|p1a: Scovillain|Flamethrower|p2a: Altaria\n|-resisted|p2a: Altaria\n|-damage|p2a: Altaria|226/278\n|\n|upkeep\n|turn|6\n|l|\u2606Ttubyppop\n|inactive|Ttubyppop disconnected and has a minute to reconnect!\n|player|p2|\n|\n|t:|1782797266\n|switch|p1a: Klefki|Klefki, L84, F|233/233\n|move|p2a: Altaria|Dragon Dance|p2a: Altaria\n|-boost|p2a: Altaria|atk|1\n|-boost|p2a: Altaria|spe|1\n|\n|upkeep\n|turn|7\n|inactive|Ttubyppop has 30 seconds to reconnect!\n|j|\u2606Ttubyppop\n|inactive|Ttubyppop reconnected and has 115 seconds left.\n|player|p2|Ttubyppop|1|\n|\n|t:|1782797306\n|move|p1a: Klefki|Magnet Rise|p1a: Klefki\n|-start|p1a: Klefki|Magnet Rise\n|move|p2a: Altaria|Earthquake|p1a: Klefki\n|-immune|p1a: Klefki\n|\n|upkeep\n|turn|8\n|inactive|Ttubyppop has 120 seconds left.\n|\n|t:|1782797315\n|switch|p2a: Dusknoir|Dusknoir, L89, F|81/225 par\n|-activate|p2a: Dusknoir|move: Sticky Web\n|-unboost|p2a: Dusknoir|spe|1\n|-item|p1a: Klefki|Leftovers|[from] ability: Frisk|[of] p2a: Dusknoir\n|move|p1a: Klefki|Spikes|p2a: Dusknoir\n|-sidestart|p2: Ttubyppop|Spikes\n|\n|-heal|p2a: Dusknoir|95/225 par|[from] item: Leftovers\n|upkeep\n|turn|9\n|\n|t:|1782797319\n|move|p1a: Klefki|Play Rough|p2a: Dusknoir\n|-damage|p2a: Dusknoir|38/225 par\n|move|p2a: Dusknoir|Pain Split|p1a: Klefki\n|-sethp|p1a: Klefki|135/233|[from] move: Pain Split|[silent]\n|-sethp|p2a: Dusknoir|135/225 par|[from] move: Pain Split\n|\n|-heal|p1a: Klefki|149/233|[from] item: Leftovers\n|-heal|p2a: Dusknoir|149/225 par|[from] item: Leftovers\n|upkeep\n|turn|10\n|\n|t:|1782797328\n|move|p1a: Klefki|Play Rough|p2a: Dusknoir\n|-damage|p2a: Dusknoir|92/225 par\n|move|p2a: Dusknoir|Poltergeist|p1a: Klefki\n|-activate|p1a: Klefki|move: Poltergeist|Leftovers\n|-damage|p1a: Klefki|16/233\n|\n|-heal|p1a: Klefki|30/233|[from] item: Leftovers\n|-heal|p2a: Dusknoir|106/225 par|[from] item: Leftovers\n|upkeep\n|turn|11\n|\n|t:|1782797333\n|move|p1a: Klefki|Play Rough|p2a: Dusknoir\n|-damage|p2a: Dusknoir|52/225 par\n|move|p2a: Dusknoir|Poltergeist|p1a: Klefki\n|-activate|p1a: Klefki|move: Poltergeist|Leftovers\n|-damage|p1a: Klefki|0 fnt\n|faint|p1a: Klefki\n|\n|-heal|p2a: Dusknoir|66/225 par|[from] item: Leftovers\n|upkeep\n|l|\u2606Ttubyppop\n|inactive|Ttubyppop disconnected and has a minute to reconnect!\n|player|p2|\n|\n|t:|1782797338\n|switch|p1a: Scovillain|Scovillain, L91, M|266/266\n|turn|12\n|inactive|Ttubyppop has 30 seconds to reconnect!\n|inactive|Ttubyppop has 20 seconds to reconnect!\n|j|\u2606Ttubyppop\n|inactive|Ttubyppop reconnected and has 110 seconds left.\n|player|p2|Ttubyppop|1|\n|\n|t:|1782797384\n|switch|p2a: Altaria|Altaria, L89, M|226/278\n|move|p1a: Scovillain|Substitute|p1a: Scovillain\n|-start|p1a: Scovillain|Substitute\n|-damage|p1a: Scovillain|200/266\n|\n|-heal|p1a: Scovillain|216/266|[from] item: Leftovers\n|upkeep\n|turn|13\n|\n|t:|1782797394\n|move|p2a: Altaria|Dragon Dance|p2a: Altaria\n|-boost|p2a: Altaria|atk|1\n|-boost|p2a: Altaria|spe|1\n|move|p1a: Scovillain|Leech Seed|p2a: Altaria\n|-start|p2a: Altaria|move: Leech Seed\n|\n|-heal|p1a: Scovillain|232/266|[from] item: Leftovers\n|-damage|p2a: Altaria|192/278|[from] Leech Seed|[of] p1a: Scovillain\n|-heal|p1a: Scovillain|266/266|[silent]\n|upkeep\n|turn|14\n|inactive|Ttubyppop has 120 seconds left.\n|\n|t:|1782797399\n|move|p2a: Altaria|Earthquake|p1a: Scovillain\n|-end|p1a: Scovillain|Substitute\n|move|p1a: Scovillain|Substitute|p1a: Scovillain\n|-start|p1a: Scovillain|Substitute\n|-damage|p1a: Scovillain|200/266\n|\n|-heal|p1a: Scovillain|216/266|[from] item: Leftovers\n|-damage|p2a: Altaria|158/278|[from] Leech Seed|[of] p1a: Scovillain\n|-heal|p1a: Scovillain|250/266|[silent]\n|upkeep\n|turn|15\n|\n|t:|1782797405\n|switch|p2a: Duraludon|Duraludon, L82, M|249/249\n|-activate|p2a: Duraludon|move: Sticky Web\n|-unboost|p2a: Duraludon|spe|1\n|-damage|p2a: Duraludon|218/249|[from] Spikes\n|move|p1a: Scovillain|Protect||[still]\n|-fail|p1a: Scovillain\n|\n|-heal|p1a: Scovillain|266/266|[from] item: Leftovers\n|upkeep\n|turn|16\n|\n|t:|1782797409\n|move|p1a: Scovillain|Leech Seed|p2a: Duraludon\n|-start|p2a: Duraludon|move: Leech Seed\n|move|p2a: Duraludon|Body Press|p1a: Scovillain\n|-end|p1a: Scovillain|Substitute\n|\n|-damage|p2a: Duraludon|187/249|[from] Leech Seed|[of] p1a: Scovillain\n|upkeep\n|turn|17\n|\n|t:|1782797417\n|switch|p2a: Altaria|Altaria, L89, M|158/278\n|move|p1a: Scovillain|Substitute|p1a: Scovillain\n|-start|p1a: Scovillain|Substitute\n|-damage|p1a: Scovillain|200/266\n|\n|-heal|p1a: Scovillain|216/266|[from] item: Leftovers\n|upkeep\n|turn|18\n|\n|t:|1782797420\n|move|p2a: Altaria|Roost|p2a: Altaria\n|-heal|p2a: Altaria|278/278\n|-singleturn|p2a: Altaria|move: Roost\n|move|p1a: Scovillain|Leech Seed|p2a: Altaria\n|-start|p2a: Altaria|move: Leech Seed\n|\n|-heal|p1a: Scovillain|232/266|[from] item: Leftovers\n|-damage|p2a: Altaria|244/278|[from] Leech Seed|[of] p1a: Scovillain\n|-heal|p1a: Scovillain|266/266|[silent]\n|upkeep\n|turn|19\n|\n|t:|1782797425\n|move|p2a: Altaria|Brave Bird|p1a: Scovillain\n|-supereffective|p1a: Scovillain\n|-end|p1a: Scovillain|Substitute\n|-damage|p2a: Altaria|222/278|[from] Recoil|[of] p1a: Scovillain\n|move|p1a: Scovillain|Flamethrower|p2a: Altaria\n|-resisted|p2a: Altaria\n|-damage|p2a: Altaria|171/278\n|\n|-damage|p2a: Altaria|137/278|[from] Leech Seed|[of] p1a: Scovillain\n|upkeep\n|turn|20\n|\n|t:|1782797429\n|switch|p2a: Duraludon|Duraludon, L82, M|187/249\n|-activate|p2a: Duraludon|move: Sticky Web\n|-unboost|p2a: Duraludon|spe|1\n|-damage|p2a: Duraludon|156/249|[from] Spikes\n|move|p1a: Scovillain|Substitute|p1a: Scovillain\n|-start|p1a: Scovillain|Substitute\n|-damage|p1a: Scovillain|200/266\n|\n|-heal|p1a: Scovillain|216/266|[from] item: Leftovers\n|upkeep\n|turn|21\n|\n|t:|1782797434\n|move|p1a: Scovillain|Flamethrower|p2a: Duraludon\n|-damage|p2a: Duraludon|26/249\n|move|p2a: Duraludon|Body Press|p1a: Scovillain\n|-end|p1a: Scovillain|Substitute\n|\n|-heal|p1a: Scovillain|232/266|[from] item: Leftovers\n|upkeep\n|turn|22\n|\n|t:|1782797439\n|move|p1a: Scovillain|Flamethrower|p2a: Duraludon\n|-damage|p2a: Duraludon|0 fnt\n|faint|p2a: Duraludon\n|\n|-heal|p1a: Scovillain|248/266|[from] item: Leftovers\n|upkeep\n|\n|t:|1782797441\n|switch|p2a: Altaria|Altaria, L89, M|137/278\n|turn|23\n|\n|t:|1782797445\n|switch|p1a: Whiscash|Whiscash, L88, M|337/337\n|move|p2a: Altaria|Brave Bird|p1a: Whiscash\n|-damage|p1a: Whiscash|220/337\n|-damage|p2a: Altaria|98/278|[from] Recoil\n|\n|upkeep\n|turn|24\n|\n|t:|1782797450\n|move|p2a: Altaria|Roost|p2a: Altaria\n|-heal|p2a: Altaria|237/278\n|-singleturn|p2a: Altaria|move: Roost\n|move|p1a: Whiscash|Stone Edge|p2a: Altaria\n|-damage|p2a: Altaria|160/278\n|-damage|p1a: Whiscash|187/337|[from] item: Life Orb\n|\n|upkeep\n|turn|25\n|\n|t:|1782797454\n|switch|p1a: Scovillain|Scovillain, L91, M|248/266\n|move|p2a: Altaria|Roost|p2a: Altaria\n|-heal|p2a: Altaria|278/278\n|-singleturn|p2a: Altaria|move: Roost\n|\n|-heal|p1a: Scovillain|264/266|[from] item: Leftovers\n|upkeep\n|turn|26\n|\n|t:|1782797458\n|-terastallize|p1a: Scovillain|Steel\n|move|p2a: Altaria|Brave Bird|p1a: Scovillain\n|-resisted|p1a: Scovillain\n|-damage|p1a: Scovillain|204/266\n|-damage|p2a: Altaria|258/278|[from] Recoil\n|move|p1a: Scovillain|Leech Seed|p2a: Altaria\n|-start|p2a: Altaria|move: Leech Seed\n|\n|-heal|p1a: Scovillain|220/266|[from] item: Leftovers\n|-damage|p2a: Altaria|224/278|[from] Leech Seed|[of] p1a: Scovillain\n|-heal|p1a: Scovillain|254/266|[silent]\n|upkeep\n|turn|27\n|\n|t:|1782797463\n|move|p2a: Altaria|Earthquake|p1a: Scovillain\n|-supereffective|p1a: Scovillain\n|-damage|p1a: Scovillain|120/266\n|move|p1a: Scovillain|Substitute|p1a: Scovillain\n|-start|p1a: Scovillain|Substitute\n|-damage|p1a: Scovillain|54/266\n|\n|-heal|p1a: Scovillain|70/266|[from] item: Leftovers\n|-damage|p2a: Altaria|190/278|[from] Leech Seed|[of] p1a: Scovillain\n|-heal|p1a: Scovillain|104/266|[silent]\n|upkeep\n|turn|28\n|\n|t:|1782797469\n|switch|p2a: Dusknoir|Dusknoir, L89, F|66/225 par\n|-activate|p2a: Dusknoir|move: Sticky Web\n|-unboost|p2a: Dusknoir|spe|1\n|-damage|p2a: Dusknoir|38/225 par|[from] Spikes\n|-item|p1a: Scovillain|Leftovers|[from] ability: Frisk|[of] p2a: Dusknoir\n|move|p1a: Scovillain|Flamethrower|p2a: Dusknoir\n|-damage|p2a: Dusknoir|0 fnt\n|faint|p2a: Dusknoir\n|\n|-heal|p1a: Scovillain|120/266|[from] item: Leftovers\n|upkeep\n|\n|t:|1782797472\n|switch|p2a: Altaria|Altaria, L89, M|190/278\n|turn|29\n|\n|t:|1782797475\n|move|p2a: Altaria|Earthquake|p1a: Scovillain\n|-supereffective|p1a: Scovillain\n|-end|p1a: Scovillain|Substitute\n|move|p1a: Scovillain|Leech Seed|p2a: Altaria\n|-start|p2a: Altaria|move: Leech Seed\n|\n|-heal|p1a: Scovillain|136/266|[from] item: Leftovers\n|-damage|p2a: Altaria|156/278|[from] Leech Seed|[of] p1a: Scovillain\n|-heal|p1a: Scovillain|170/266|[silent]\n|upkeep\n|turn|30\n|\n|t:|1782797479\n|move|p1a: Scovillain|Protect|p1a: Scovillain\n|-singleturn|p1a: Scovillain|Protect\n|move|p2a: Altaria|Earthquake|p1a: Scovillain\n|-activate|p1a: Scovillain|move: Protect\n|\n|-heal|p1a: Scovillain|186/266|[from] item: Leftovers\n|-damage|p2a: Altaria|122/278|[from] Leech Seed|[of] p1a: Scovillain\n|-heal|p1a: Scovillain|220/266|[silent]\n|upkeep\n|turn|31\n|\n|t:|1782797483\n|move|p2a: Altaria|Earthquake|p1a: Scovillain\n|-supereffective|p1a: Scovillain\n|-damage|p1a: Scovillain|74/266\n|move|p1a: Scovillain|Substitute|p1a: Scovillain\n|-start|p1a: Scovillain|Substitute\n|-damage|p1a: Scovillain|8/266\n|\n|-heal|p1a: Scovillain|24/266|[from] item: Leftovers\n|-damage|p2a: Altaria|88/278|[from] Leech Seed|[of] p1a: Scovillain\n|-heal|p1a: Scovillain|58/266|[silent]\n|upkeep\n|turn|32\n|\n|t:|1782797488\n|move|p2a: Altaria|Earthquake|p1a: Scovillain\n|-supereffective|p1a: Scovillain\n|-end|p1a: Scovillain|Substitute\n|move|p1a: Scovillain|Flamethrower|p2a: Altaria\n|-resisted|p2a: Altaria\n|-damage|p2a: Altaria|39/278\n|\n|-heal|p1a: Scovillain|74/266|[from] item: Leftovers\n|-damage|p2a: Altaria|5/278|[from] Leech Seed|[of] p1a: Scovillain\n|-heal|p1a: Scovillain|108/266|[silent]\n|upkeep\n|turn|33\n|\n|t:|1782797493\n|move|p2a: Altaria|Roost|p2a: Altaria\n|-heal|p2a: Altaria|144/278\n|-singleturn|p2a: Altaria|move: Roost\n|move|p1a: Scovillain|Substitute|p1a: Scovillain\n|-start|p1a: Scovillain|Substitute\n|-damage|p1a: Scovillain|42/266\n|\n|-heal|p1a: Scovillain|58/266|[from] item: Leftovers\n|-damage|p2a: Altaria|110/278|[from] Leech Seed|[of] p1a: Scovillain\n|-heal|p1a: Scovillain|92/266|[silent]\n|upkeep\n|turn|34\n|\n|t:|1782797497\n|move|p1a: Scovillain|Protect|p1a: Scovillain\n|-singleturn|p1a: Scovillain|Protect\n|move|p2a: Altaria|Earthquake|p1a: Scovillain\n|-activate|p1a: Scovillain|move: Protect\n|\n|-heal|p1a: Scovillain|108/266|[from] item: Leftovers\n|-damage|p2a: Altaria|76/278|[from] Leech Seed|[of] p1a: Scovillain\n|-heal|p1a: Scovillain|142/266|[silent]\n|upkeep\n|turn|35\n|\n|t:|1782797500\n|move|p2a: Altaria|Earthquake|p1a: Scovillain\n|-supereffective|p1a: Scovillain\n|-end|p1a: Scovillain|Substitute\n|move|p1a: Scovillain|Flamethrower|p2a: Altaria\n|-resisted|p2a: Altaria\n|-damage|p2a: Altaria|22/278\n|\n|-heal|p1a: Scovillain|158/266|[from] item: Leftovers\n|-damage|p2a: Altaria|0 fnt|[from] Leech Seed|[of] p1a: Scovillain\n|-heal|p1a: Scovillain|180/266|[silent]\n|faint|p2a: Altaria\n|upkeep\n|\n|t:|1782797506\n|switch|p2a: Scrafty|Scrafty, L83, F|244/244\n|-activate|p2a: Scrafty|move: Sticky Web\n|-unboost|p2a: Scrafty|spe|1\n|-damage|p2a: Scrafty|214/244|[from] Spikes\n|-ability|p2a: Scrafty|Intimidate|boost\n|-unboost|p1a: Scovillain|atk|1\n|turn|36\n|\n|t:|1782797511\n|switch|p1a: Masquerain|Masquerain, L87, M|264/264\n|-ability|p1a: Masquerain|Intimidate|boost\n|-unboost|p2a: Scrafty|atk|1\n|move|p2a: Scrafty|Drain Punch|p1a: Masquerain\n|-resisted|p1a: Masquerain\n|-damage|p1a: Masquerain|248/264\n|-heal|p2a: Scrafty|222/244|[from] drain|[of] p1a: Masquerain\n|\n|-heal|p2a: Scrafty|237/244|[from] item: Leftovers\n|upkeep\n|turn|37\n|\n|t:|1782797517\n|switch|p2a: Victreebel|Victreebel, L90, F|290/290\n|-activate|p2a: Victreebel|move: Sticky Web\n|-unboost|p2a: Victreebel|spe|1\n|-damage|p2a: Victreebel|254/290|[from] Spikes\n|move|p1a: Masquerain|Bug Buzz|p2a: Victreebel\n|-crit|p2a: Victreebel\n|-damage|p2a: Victreebel|85/290\n|\n|upkeep\n|turn|38\n|\n|t:|1782797521\n|move|p1a: Masquerain|Bug Buzz|p2a: Victreebel\n|-damage|p2a: Victreebel|0 fnt\n|faint|p2a: Victreebel\n|\n|upkeep\n|\n|t:|1782797526\n|switch|p2a: Scrafty|Scrafty, L83, F|237/244\n|-activate|p2a: Scrafty|move: Sticky Web\n|-unboost|p2a: Scrafty|spe|1\n|-damage|p2a: Scrafty|207/244|[from] Spikes\n|-ability|p2a: Scrafty|Intimidate|boost\n|-unboost|p1a: Masquerain|atk|1\n|turn|39\n|\n|t:|1782797528\n|-terastallize|p2a: Scrafty|Poison\n|move|p1a: Masquerain|Hurricane|p2a: Scrafty\n|-damage|p2a: Scrafty|111/244\n|-start|p2a: Scrafty|confusion\n|-activate|p2a: Scrafty|confusion\n|-damage|p2a: Scrafty|88/244|[from] confusion\n|\n|-heal|p2a: Scrafty|103/244|[from] item: Leftovers\n|upkeep\n|turn|40\n|\n|t:|1782797533\n|move|p1a: Masquerain|Hurricane|p2a: Scrafty\n|-damage|p2a: Scrafty|0 fnt\n|faint|p2a: Scrafty\n|\n|upkeep\n|\n|t:|1782797535\n|switch|p2a: Leafeon|Leafeon, L88, M|258/258\n|-activate|p2a: Leafeon|move: Sticky Web\n|-unboost|p2a: Leafeon|spe|1\n|-damage|p2a: Leafeon|226/258|[from] Spikes\n|turn|41\n|\n|t:|1782797538\n|move|p1a: Masquerain|Bug Buzz|p2a: Leafeon\n|-supereffective|p2a: Leafeon\n|-damage|p2a: Leafeon|0 fnt\n|faint|p2a: Leafeon\n|\n|win|WonderingCashew\n|raw|WonderingCashew's rating: 1946 &rarr; <strong>1966</strong><br />(+20 for winning)\n|raw|Ttubyppop's rating: 1944 &rarr; <strong>1924</strong><br />(-20 for losing)\n", "inputlog": ">version f8ac14003a5f27e1bdc8d8c59608a773c1cb96e5\n>start {\"formatid\":\"gen9randombattle\",\"seed\":\"sodium,15a755db28b439ccef4d8c3773ec2c71\",\"rated\":\"Rated battle\"}\n>player p1 {\"name\":\"WonderingCashew\",\"avatar\":\"170\",\"rating\":1946,\"seed\":\"sodium,9e37572a024841bd911c1afc330b3483\"}\n>player p2 {\"name\":\"Ttubyppop\",\"avatar\":\"1\",\"rating\":1944,\"seed\":\"sodium,505bbd2b666f9c5409905381626cdf05\"}\n>p1 move hurricane\n>p2 switch 2\n>p1 move stickyweb\n>p2 move substitute\n>p1 switch 4\n>p2 move poltergeist\n>p1 move surf\n>p2 move poltergeist\n>p1 switch 5\n>p1 move flamethrower\n>p2 switch 5\n>p1 switch 2\n>p2 move dragondance\n>p1 move magnetrise\n>p2 move earthquake\n>p1 move spikes\n>p2 switch 5\n>p1 move playrough\n>p2 move painsplit\n>p1 move playrough\n>p2 move poltergeist\n>p1 move playrough\n>p2 move poltergeist\n>p1 switch 2\n>p1 move substitute\n>p2 switch 5\n>p1 move leechseed\n>p2 move dragondance\n>p1 move substitute\n>p2 move earthquake\n>p1 move protect\n>p2 switch 3\n>p1 move leechseed\n>p2 move bodypress\n>p1 move substitute\n>p2 switch 3\n>p1 move leechseed\n>p2 move roost\n>p1 move flamethrower\n>p2 move bravebird\n>p1 move substitute\n>p2 switch 3\n>p1 move flamethrower\n>p2 move bodypress\n>p1 move flamethrower\n>p2 move thunderwave\n>p2 switch 3\n>p1 switch 6\n>p2 move bravebird\n>p1 move stoneedge\n>p2 move roost\n>p1 switch 6\n>p2 move roost\n>p1 move leechseed terastallize\n>p2 move bravebird\n>p1 move substitute\n>p2 move earthquake\n>p1 move flamethrower\n>p2 switch 5\n>p2 switch 5\n>p1 move leechseed\n>p2 move earthquake\n>p1 move protect\n>p2 move earthquake\n>p1 move substitute\n>p2 move earthquake\n>p1 move flamethrower\n>p2 move earthquake\n>p1 move substitute\n>p2 move roost\n>p1 move protect\n>p2 move earthquake\n>p1 move flamethrower\n>p2 move earthquake\n>p2 switch 6\n>p1 switch 4\n>p2 move drainpunch\n>p1 move bugbuzz\n>p2 switch 2\n>p1 move bugbuzz\n>p2 move sludgewave\n>p2 switch 2\n>p1 move hurricane\n>p2 move dragondance terastallize\n>p1 move hurricane\n>p2 move dragondance\n>p2 switch 4\n>p1 move bugbuzz\n>p2 move knockoff", "uploadtime": 1782797153, "views": 5, "formatid": "gen9randombattle", "rating": 1924, "private": 0, "password": null, "player_dets": [{"name": "WonderingCashew", "avatar": "170", "rating": 1946, "seed": "sodium,9e37572a024841bd911c1afc330b3483"}, {"name": "Ttubyppop", "avatar": "1", "rating": 1944, "seed": "sodium,505bbd2b666f9c5409905381626cdf05"}], "teams_full": [{"Masquerain": {"name": "Masquerain", "species": "Masquerain", "speciesId": "masquerain", "gender": "M", "shiny": false, "level": 87, "moves": ["stickyweb", "bugbuzz", "hurricane", "hydropump"], "ability": "Intimidate", "evs": {"hp": 85, "atk": 0, "def": 85, "spa": 85, "spd": 85, "spe": 85}, "ivs": {"hp": 31, "atk": 0, "def": 31, "spa": 31, "spd": 31, "spe": 31}, "item": "Heavy-Duty Boots", "teraType": "Water", "role": "Fast Support", "bvs": {"hp": 70, "atk": 60, "def": 62, "spa": 100, "spd": 82, "spe": 80}, "stats": {"hp": 264, "atk": 109, "def": 158, "spa": 224, "spd": 192, "spe": 189}, "types": ["Bug", "Flying"]}, "Klefki": {"name": "Klefki", "species": "Klefki", "speciesId": "klefki", "gender": "F", "shiny": false, "level": 84, "moves": ["thunderwave", "magnetrise", "spikes", "playrough"], "ability": "Prankster", "evs": {"hp": 85, "atk": 85, "def": 85, "spa": 85, "spd": 85, "spe": 85}, "ivs": {"hp": 31, "atk": 31, "def": 31, "spa": 31, "spd": 31, "spe": 31}, "item": "Leftovers", "teraType": "Water", "role": "Bulky Support", "bvs": {"hp": 57, "atk": 80, "def": 91, "spa": 80, "spd": 87, "spe": 75}, "stats": {"hp": 233, "atk": 183, "def": 201, "spa": 183, "spd": 194, "spe": 174}, "types": ["Steel", "Fairy"]}, "Serperior": {"name": "Serperior", "species": "Serperior", "speciesId": "serperior", "gender": "M", "shiny": false, "level": 79, "moves": ["leafstorm", "glare", "synthesis", "terablast"], "ability": "Contrary", "evs": {"hp": 85, "atk": 85, "def": 85, "spa": 85, "spd": 85, "spe": 85}, "ivs": {"hp": 31, "atk": 31, "def": 31, "spa": 31, "spd": 31, "spe": 31}, "item": "Life Orb", "teraType": "Rock", "role": "Tera Blast user", "bvs": {"hp": 75, "atk": 75, "def": 95, "spa": 75, "spd": 95, "spe": 113}, "stats": {"hp": 248, "atk": 164, "def": 196, "spa": 164, "spd": 196, "spe": 224}, "types": ["Grass"]}, "Cramorant": {"name": "Cramorant", "species": "Cramorant", "speciesId": "cramorant", "gender": "M", "shiny": false, "level": 86, "moves": ["roost", "defog", "surf", "bravebird"], "ability": "Gulp Missile", "evs": {"hp": 85, "atk": 85, "def": 85, "spa": 85, "spd": 85, "spe": 85}, "ivs": {"hp": 31, "atk": 31, "def": 31, "spa": 31, "spd": 31, "spe": 31}, "item": "Heavy-Duty Boots", "teraType": "Ground", "role": "Bulky Support", "bvs": {"hp": 70, "atk": 85, "def": 55, "spa": 85, "spd": 95, "spe": 85}, "stats": {"hp": 261, "atk": 195, "def": 144, "spa": 195, "spd": 213, "spe": 195}, "types": ["Flying", "Water"]}, "Scovillain": {"name": "Scovillain", "species": "Scovillain", "speciesId": "scovillain", "gender": "M", "shiny": false, "level": 91, "moves": ["protect", "flamethrower", "substitute", "leechseed"], "ability": "Chlorophyll", "evs": {"hp": 85, "atk": 0, "def": 85, "spa": 85, "spd": 85, "spe": 85}, "ivs": {"hp": 31, "atk": 0, "def": 31, "spa": 31, "spd": 31, "spe": 31}, "item": "Leftovers", "teraType": "Steel", "role": "Bulky Attacker", "bvs": {"hp": 65, "atk": 108, "def": 65, "spa": 108, "spd": 65, "spe": 75}, "stats": {"hp": 266, "atk": 201, "def": 170, "spa": 248, "spd": 170, "spe": 188}, "types": ["Grass", "Fire"]}, "Whiscash": {"name": "Whiscash", "species": "Whiscash", "speciesId": "whiscash", "gender": "M", "shiny": false, "level": 88, "moves": ["earthquake", "liquidation", "dragondance", "stoneedge"], "ability": "Oblivious", "evs": {"hp": 85, "atk": 85, "def": 85, "spa": 85, "spd": 85, "spe": 85}, "ivs": {"hp": 31, "atk": 31, "def": 31, "spa": 31, "spd": 31, "spe": 31}, "item": "Life Orb", "teraType": "Ground", "role": "Setup Sweeper", "bvs": {"hp": 110, "atk": 78, "def": 73, "spa": 76, "spd": 71, "spe": 60}, "stats": {"hp": 337, "atk": 188, "def": 179, "spa": 184, "spd": 175, "spe": 156}, "types": ["Water", "Ground"]}}, {"Victreebel": {"name": "Victreebel", "species": "Victreebel", "speciesId": "victreebel", "gender": "F", "shiny": false, "level": 90, "moves": ["strengthsap", "sludgewave", "suckerpunch", "powerwhip"], "ability": "Chlorophyll", "evs": {"hp": 85, "atk": 85, "def": 85, "spa": 85, "spd": 85, "spe": 85}, "ivs": {"hp": 31, "atk": 31, "def": 31, "spa": 31, "spd": 31, "spe": 31}, "item": "Life Orb", "teraType": "Steel", "role": "Wallbreaker", "bvs": {"hp": 80, "atk": 105, "def": 65, "spa": 100, "spd": 70, "spe": 70}, "stats": {"hp": 290, "atk": 240, "def": 168, "spa": 231, "spd": 177, "spe": 177}, "types": ["Grass", "Poison"]}, "Dusknoir": {"name": "Dusknoir", "species": "Dusknoir", "speciesId": "dusknoir", "gender": "F", "shiny": false, "level": 89, "moves": ["painsplit", "substitute", "poltergeist", "focuspunch"], "ability": "Frisk", "evs": {"hp": 85, "atk": 85, "def": 85, "spa": 85, "spd": 85, "spe": 85}, "ivs": {"hp": 31, "atk": 31, "def": 31, "spa": 31, "spd": 31, "spe": 31}, "item": "Leftovers", "teraType": "Fighting", "role": "Bulky Attacker", "bvs": {"hp": 45, "atk": 100, "def": 135, "spa": 65, "spd": 135, "spe": 45}, "stats": {"hp": 225, "atk": 229, "def": 291, "spa": 166, "spd": 291, "spe": 131}, "types": ["Ghost"]}, "Duraludon": {"name": "Duraludon", "species": "Duraludon", "speciesId": "duraludon", "gender": "M", "shiny": false, "level": 82, "moves": ["thunderwave", "dracometeor", "bodypress", "flashcannon"], "ability": "Light Metal", "evs": {"hp": 85, "atk": 0, "def": 85, "spa": 85, "spd": 85, "spe": 85}, "ivs": {"hp": 31, "atk": 0, "def": 31, "spa": 31, "spd": 31, "spe": 31}, "item": "Eviolite", "teraType": "Fighting", "role": "Bulky Attacker", "bvs": {"hp": 70, "atk": 95, "def": 115, "spa": 120, "spd": 50, "spe": 85}, "stats": {"hp": 249, "atk": 160, "def": 236, "spa": 244, "spd": 129, "spe": 187}, "types": ["Steel", "Dragon"]}, "Leafeon": {"name": "Leafeon", "species": "Leafeon", "speciesId": "leafeon", "gender": "M", "shiny": false, "level": 88, "moves": ["knockoff", "synthesis", "swordsdance", "leafblade"], "ability": "Chlorophyll", "evs": {"hp": 85, "atk": 85, "def": 85, "spa": 85, "spd": 85, "spe": 85}, "ivs": {"hp": 31, "atk": 31, "def": 31, "spa": 31, "spd": 31, "spe": 31}, "item": "Life Orb", "teraType": "Dark", "role": "Setup Sweeper", "bvs": {"hp": 65, "atk": 110, "def": 130, "spa": 60, "spd": 65, "spe": 95}, "stats": {"hp": 258, "atk": 244, "def": 279, "spa": 156, "spd": 165, "spe": 217}, "types": ["Grass"]}, "Altaria": {"name": "Altaria", "species": "Altaria", "speciesId": "altaria", "gender": "M", "shiny": false, "level": 89, "moves": ["roost", "dragondance", "bravebird", "earthquake"], "ability": "Natural Cure", "evs": {"hp": 85, "atk": 85, "def": 85, "spa": 85, "spd": 85, "spe": 85}, "ivs": {"hp": 31, "atk": 31, "def": 31, "spa": 31, "spd": 31, "spe": 31}, "item": "Heavy-Duty Boots", "teraType": "Steel", "role": "Bulky Setup", "bvs": {"hp": 75, "atk": 70, "def": 90, "spa": 70, "spd": 105, "spe": 80}, "stats": {"hp": 278, "atk": 175, "def": 211, "spa": 175, "spd": 238, "spe": 193}, "types": ["Dragon", "Flying"]}, "Scrafty": {"name": "Scrafty", "species": "Scrafty", "speciesId": "scrafty", "gender": "F", "shiny": false, "level": 83, "moves": ["knockoff", "drainpunch", "dragondance", "poisonjab"], "ability": "Intimidate", "evs": {"hp": 85, "atk": 85, "def": 85, "spa": 85, "spd": 85, "spe": 85}, "ivs": {"hp": 31, "atk": 31, "def": 31, "spa": 31, "spd": 31, "spe": 31}, "item": "Leftovers", "teraType": "Poison", "role": "Bulky Attacker", "bvs": {"hp": 65, "atk": 90, "def": 115, "spa": 45, "spd": 115, "spe": 58}, "stats": {"hp": 244, "atk": 197, "def": 239, "spa": 122, "spd": 239, "spe": 144}, "types": ["Dark", "Fighting"]}}]}