{"id": "gen9randombattle-2641112878", "format": "[Gen 9] Random Battle", "players": ["Trainer Dizzy", "maxelgor"], "log": "|j|\u2606Trainer Dizzy\n|j|\u2606maxelgor\n|t:|1782742075\n|gametype|singles\n|player|p1|Trainer Dizzy|266|1636\n|player|p2|maxelgor|170|1696\n|gen|9\n|tier|[Gen 9] Random Battle\n|rated|\n|rule|Species Clause: Limit one of each Pok\u00e9mon\n|rule|HP Percentage Mod: HP is shown in percentages\n|rule|Sleep Clause Mod: Limit one foe put to sleep\n|rule|Illusion Level Mod: Illusion disguises the Pok\u00e9mon's true level\n|\n|t:|1782742076\n|teamsize|p1|6\n|teamsize|p2|6\n|start\n|switch|p1a: Iron Leaves|Iron Leaves, L80|275/275\n|switch|p2a: Iron Boulder|Iron Boulder, L77|265/265\n|turn|1\n|inactive|Battle timer is ON: inactive players will automatically lose when time's up. (requested by maxelgor)\n|inactive|Trainer Dizzy has 120 seconds left.\n|\n|t:|1782742111\n|-end|p2a: Iron Boulder|Quark Drive|[silent]\n|switch|p2a: Gliscor|Gliscor, L76, M|239/239\n|move|p1a: Iron Leaves|Leaf Blade|p2a: Gliscor\n|-damage|p2a: Gliscor|122/239\n|-damage|p1a: Iron Leaves|248/275|[from] item: Life Orb\n|\n|-status|p2a: Gliscor|tox|[from] item: Toxic Orb\n|upkeep\n|turn|2\n|\n|t:|1782742123\n|move|p2a: Gliscor|Protect|p2a: Gliscor\n|-singleturn|p2a: Gliscor|Protect\n|move|p1a: Iron Leaves|Swords Dance|p1a: Iron Leaves\n|-boost|p1a: Iron Leaves|atk|2\n|\n|-heal|p2a: Gliscor|151/239 tox|[from] ability: Poison Heal\n|upkeep\n|turn|3\n|\n|t:|1782742147\n|switch|p2a: Blaziken|Blaziken, L76, M|247/247\n|move|p1a: Iron Leaves|Psyblade|p2a: Blaziken\n|-supereffective|p2a: Blaziken\n|-damage|p2a: Blaziken|0 fnt\n|faint|p2a: Blaziken\n|-damage|p1a: Iron Leaves|221/275|[from] item: Life Orb\n|\n|upkeep\n|inactive|maxelgor has 120 seconds left.\n|\n|t:|1782742164\n|switch|p2a: Ambipom|Ambipom, L84, M|263/263\n|turn|4\n|\n|t:|1782742174\n|-end|p1a: Iron Leaves|Quark Drive|[silent]\n|switch|p1a: Weezing|Weezing, L88, M|258/258\n|move|p2a: Ambipom|Triple Axel|p1a: Weezing\n|-damage|p1a: Weezing|234/258\n|-damage|p1a: Weezing|182/258\n|-damage|p1a: Weezing|109/258\n|-hitcount|p1a: Weezing|3\n|\n|-heal|p1a: Weezing|125/258|[from] item: Leftovers\n|upkeep\n|turn|5\n|\n|t:|1782742189\n|move|p2a: Ambipom|Triple Axel|p1a: Weezing|[miss]\n|-miss|p2a: Ambipom|p1a: Weezing\n|move|p1a: Weezing|Pain Split|p2a: Ambipom\n|-sethp|p2a: Ambipom|194/263|[from] move: Pain Split|[silent]\n|-sethp|p1a: Weezing|194/258|[from] move: Pain Split\n|\n|-heal|p1a: Weezing|210/258|[from] item: Leftovers\n|upkeep\n|turn|6\n|\n|t:|1782742200\n|switch|p2a: Gliscor|Gliscor, L76, M|151/239 tox\n|move|p1a: Weezing|Will-O-Wisp|p2a: Gliscor|[miss]\n|-miss|p1a: Weezing|p2a: Gliscor\n|\n|-heal|p1a: Weezing|226/258|[from] item: Leftovers\n|-heal|p2a: Gliscor|180/239 tox|[from] ability: Poison Heal\n|upkeep\n|turn|7\n|inactive|Trainer Dizzy has 120 seconds left.\n|\n|t:|1782742235\n|switch|p2a: Iron Boulder|Iron Boulder, L77|265/265\n|move|p1a: Weezing|Fire Blast|p2a: Iron Boulder\n|-resisted|p2a: Iron Boulder\n|-crit|p2a: Iron Boulder\n|-damage|p2a: Iron Boulder|207/265\n|\n|-heal|p1a: Weezing|242/258|[from] item: Leftovers\n|upkeep\n|turn|8\n|inactive|Trainer Dizzy has 120 seconds left.\n|\n|t:|1782742261\n|switch|p1a: Iron Leaves|Iron Leaves, L80|221/275\n|move|p2a: Iron Boulder|Swords Dance|p2a: Iron Boulder\n|-boost|p2a: Iron Boulder|atk|2\n|\n|upkeep\n|turn|9\n|\n|t:|1782742269\n|move|p2a: Iron Boulder|Mighty Cleave|p1a: Iron Leaves\n|-damage|p1a: Iron Leaves|0 fnt\n|faint|p1a: Iron Leaves\n|-end|p1a: Iron Leaves|Quark Drive|[silent]\n|-damage|p2a: Iron Boulder|181/265|[from] item: Life Orb\n|\n|upkeep\n|\n|t:|1782742276\n|switch|p1a: Eiscue|Eiscue, L88, M|274/274\n|turn|10\n|\n|t:|1782742287\n|move|p2a: Iron Boulder|Mighty Cleave|p1a: Eiscue\n|-activate|p1a: Eiscue|ability: Ice Face\n|-damage|p1a: Eiscue|274/274\n|detailschange|p1a: Eiscue|Eiscue-Noice, L88, M\n|-damage|p2a: Iron Boulder|155/265|[from] item: Life Orb\n|move|p1a: Eiscue|Belly Drum|p1a: Eiscue\n|-damage|p1a: Eiscue|137/274\n|-setboost|p1a: Eiscue|atk|6|[from] move: Belly Drum\n|-enditem|p1a: Eiscue|Sitrus Berry|[eat]\n|-heal|p1a: Eiscue|205/274|[from] item: Sitrus Berry\n|\n|upkeep\n|turn|11\n|inactive|Trainer Dizzy has 120 seconds left.\n|inactive|maxelgor has 120 seconds left.\n|\n|t:|1782742333\n|move|p1a: Eiscue|Ice Spinner|p2a: Iron Boulder\n|-damage|p2a: Iron Boulder|0 fnt\n|faint|p2a: Iron Boulder\n|-end|p2a: Iron Boulder|Quark Drive|[silent]\n|\n|upkeep\n|\n|t:|1782742336\n|switch|p2a: Gliscor|Gliscor, L76, M|180/239 tox\n|turn|12\n|\n|t:|1782742340\n|-terastallize|p1a: Eiscue|Water\n|-terastallize|p2a: Gliscor|Water\n|move|p1a: Eiscue|Liquidation|p2a: Gliscor\n|-resisted|p2a: Gliscor\n|-damage|p2a: Gliscor|36/239 tox\n|move|p2a: Gliscor|Toxic|p1a: Eiscue\n|-status|p1a: Eiscue|tox\n|\n|-damage|p1a: Eiscue|188/274 tox|[from] psn\n|-heal|p2a: Gliscor|65/239 tox|[from] ability: Poison Heal\n|upkeep\n|turn|13\n|\n|t:|1782742348\n|move|p2a: Gliscor|Protect|p2a: Gliscor\n|-singleturn|p2a: Gliscor|Protect\n|move|p1a: Eiscue|Ice Spinner|p2a: Gliscor\n|-activate|p2a: Gliscor|move: Protect\n|\n|-damage|p1a: Eiscue|154/274 tox|[from] psn\n|-heal|p2a: Gliscor|94/239 tox|[from] ability: Poison Heal\n|upkeep\n|turn|14\n|\n|t:|1782742358\n|switch|p2a: Ambipom|Ambipom, L84, M|194/263\n|move|p1a: Eiscue|Ice Spinner|p2a: Ambipom\n|-damage|p2a: Ambipom|0 fnt\n|faint|p2a: Ambipom\n|\n|-damage|p1a: Eiscue|103/274 tox|[from] psn\n|upkeep\n|\n|t:|1782742363\n|switch|p2a: Gliscor|Gliscor, L76, M, tera:Water|94/239 tox\n|turn|15\n|\n|t:|1782742370\n|move|p2a: Gliscor|Protect|p2a: Gliscor\n|-singleturn|p2a: Gliscor|Protect\n|move|p1a: Eiscue|Liquidation|p2a: Gliscor\n|-activate|p2a: Gliscor|move: Protect\n|\n|-damage|p1a: Eiscue|35/274 tox|[from] psn\n|-heal|p2a: Gliscor|123/239 tox|[from] ability: Poison Heal\n|upkeep\n|turn|16\n|\n|t:|1782742377\n|move|p2a: Gliscor|Protect|p2a: Gliscor\n|-singleturn|p2a: Gliscor|Protect\n|move|p1a: Eiscue|Liquidation|p2a: Gliscor\n|-activate|p2a: Gliscor|move: Protect\n|\n|-damage|p1a: Eiscue|0 fnt|[from] psn\n|faint|p1a: Eiscue\n|-heal|p2a: Gliscor|152/239 tox|[from] ability: Poison Heal\n|upkeep\n|\n|t:|1782742401\n|switch|p1a: Mewtwo|Mewtwo, L72|272/272\n|-ability|p1a: Mewtwo|Pressure\n|turn|17\n|\n|t:|1782742410\n|move|p1a: Mewtwo|Psystrike|p2a: Gliscor\n|-damage|p2a: Gliscor|23/239 tox\n|-damage|p1a: Mewtwo|245/272|[from] item: Life Orb\n|move|p2a: Gliscor|Toxic|p1a: Mewtwo\n|-status|p1a: Mewtwo|tox\n|\n|-damage|p1a: Mewtwo|228/272 tox|[from] psn\n|-heal|p2a: Gliscor|52/239 tox|[from] ability: Poison Heal\n|upkeep\n|turn|18\n|\n|t:|1782742419\n|move|p1a: Mewtwo|Nasty Plot|p1a: Mewtwo\n|-boost|p1a: Mewtwo|spa|2\n|move|p2a: Gliscor|Earthquake|p1a: Mewtwo\n|-damage|p1a: Mewtwo|134/272 tox\n|\n|-damage|p1a: Mewtwo|100/272 tox|[from] psn\n|-heal|p2a: Gliscor|81/239 tox|[from] ability: Poison Heal\n|upkeep\n|turn|19\n|\n|t:|1782742431\n|switch|p1a: Terrakion|Terrakion, L79|273/273\n|move|p2a: Gliscor|Protect||[still]\n|-fail|p2a: Gliscor\n|\n|-heal|p2a: Gliscor|110/239 tox|[from] ability: Poison Heal\n|upkeep\n|turn|20\n|\n|t:|1782742440\n|move|p2a: Gliscor|Protect|p2a: Gliscor\n|-singleturn|p2a: Gliscor|Protect\n|move|p1a: Terrakion|Close Combat|p2a: Gliscor\n|-activate|p2a: Gliscor|move: Protect\n|\n|-heal|p2a: Gliscor|139/239 tox|[from] ability: Poison Heal\n|upkeep\n|turn|21\n|\n|t:|1782742445\n|switch|p2a: Flutter Mane|Flutter Mane, L74|203/203\n|move|p1a: Terrakion|Close Combat|p2a: Flutter Mane\n|-immune|p2a: Flutter Mane\n|\n|upkeep\n|turn|22\n|\n|t:|1782742465\n|switch|p1a: Weezing|Weezing, L88, M|242/258\n|move|p2a: Flutter Mane|Moonblast|p1a: Weezing\n|-resisted|p1a: Weezing\n|-damage|p1a: Weezing|160/258\n|-damage|p2a: Flutter Mane|183/203|[from] item: Life Orb\n|\n|-heal|p1a: Weezing|176/258|[from] item: Leftovers\n|upkeep\n|turn|23\n|\n|t:|1782742479\n|-end|p2a: Flutter Mane|Protosynthesis|[silent]\n|switch|p2a: Meowstic|Meowstic, L89, M|277/277\n|move|p1a: Weezing|Gunk Shot|p2a: Meowstic\n|-damage|p2a: Meowstic|132/277\n|\n|-heal|p1a: Weezing|192/258|[from] item: Leftovers\n|upkeep\n|turn|24\n|inactive|Trainer Dizzy has 120 seconds left.\n|inactive|Trainer Dizzy has 90 seconds left.\n|\n|t:|1782742562\n|switch|p1a: Mewtwo|Mewtwo, L72|100/272 tox\n|-ability|p1a: Mewtwo|Pressure\n|move|p2a: Meowstic|Reflect|p2a: Meowstic\n|-sidestart|p2: maxelgor|Reflect\n|\n|-damage|p1a: Mewtwo|83/272 tox|[from] psn\n|upkeep\n|turn|25\n|\n|t:|1782742573\n|move|p2a: Meowstic|Light Screen|p2a: Meowstic\n|-sidestart|p2: maxelgor|move: Light Screen\n|move|p1a: Mewtwo|Recover|p1a: Mewtwo\n|-heal|p1a: Mewtwo|219/272 tox\n|\n|-damage|p1a: Mewtwo|185/272 tox|[from] psn\n|upkeep\n|turn|26\n|\n|t:|1782742579\n|move|p2a: Meowstic|Psychic Noise|p1a: Mewtwo\n|-resisted|p1a: Mewtwo\n|-damage|p1a: Mewtwo|140/272 tox\n|-start|p1a: Mewtwo|move: Heal Block\n|move|p1a: Mewtwo|Nasty Plot|p1a: Mewtwo\n|-boost|p1a: Mewtwo|spa|2\n|\n|-damage|p1a: Mewtwo|89/272 tox|[from] psn\n|upkeep\n|turn|27\n|\n|t:|1782742596\n|move|p2a: Meowstic|Psychic Noise|p1a: Mewtwo\n|-resisted|p1a: Mewtwo\n|-damage|p1a: Mewtwo|42/272 tox\n|move|p1a: Mewtwo|Psystrike|p2a: Meowstic\n|-resisted|p2a: Meowstic\n|-crit|p2a: Meowstic\n|-damage|p2a: Meowstic|0 fnt\n|faint|p2a: Meowstic\n|-damage|p1a: Mewtwo|15/272 tox|[from] item: Life Orb\n|\n|-damage|p1a: Mewtwo|0 fnt|[from] psn\n|faint|p1a: Mewtwo\n|upkeep\n|\n|t:|1782742612\n|switch|p2a: Flutter Mane|Flutter Mane, L74|183/203\n|switch|p1a: Tropius|Tropius, L91, F|328/328\n|turn|28\n|\n|t:|1782742622\n|move|p2a: Flutter Mane|Calm Mind|p2a: Flutter Mane\n|-boost|p2a: Flutter Mane|spa|1\n|-boost|p2a: Flutter Mane|spd|1\n|move|p1a: Tropius|Leech Seed|p2a: Flutter Mane\n|-start|p2a: Flutter Mane|move: Leech Seed\n|\n|-damage|p2a: Flutter Mane|158/203|[from] Leech Seed|[of] p1a: Tropius\n|upkeep\n|turn|29\n|\n|t:|1782742629\n|move|p2a: Flutter Mane|Calm Mind|p2a: Flutter Mane\n|-boost|p2a: Flutter Mane|spa|1\n|-boost|p2a: Flutter Mane|spd|1\n|move|p1a: Tropius|Air Slash|p2a: Flutter Mane\n|-damage|p2a: Flutter Mane|143/203\n|\n|-damage|p2a: Flutter Mane|118/203|[from] Leech Seed|[of] p1a: Tropius\n|upkeep\n|turn|30\n|\n|t:|1782742644\n|move|p2a: Flutter Mane|Mystical Fire|p1a: Tropius\n|-supereffective|p1a: Tropius\n|-damage|p1a: Tropius|63/328\n|-unboost|p1a: Tropius|spa|1\n|-enditem|p1a: Tropius|Sitrus Berry|[eat]\n|-heal|p1a: Tropius|145/328|[from] item: Sitrus Berry\n|-damage|p2a: Flutter Mane|98/203|[from] item: Life Orb\n|move|p1a: Tropius|Substitute|p1a: Tropius\n|-start|p1a: Tropius|Substitute\n|-damage|p1a: Tropius|63/328\n|\n|-damage|p2a: Flutter Mane|73/203|[from] Leech Seed|[of] p1a: Tropius\n|-heal|p1a: Tropius|88/328|[silent]\n|upkeep\n|turn|31\n|\n|t:|1782742650\n|move|p1a: Tropius|Protect|p1a: Tropius\n|-singleturn|p1a: Tropius|Protect\n|move|p2a: Flutter Mane|Mystical Fire|p1a: Tropius\n|-activate|p1a: Tropius|move: Protect\n|\n|-damage|p2a: Flutter Mane|48/203|[from] Leech Seed|[of] p1a: Tropius\n|-heal|p1a: Tropius|113/328|[silent]\n|-sideend|p2: maxelgor|Reflect\n|-item|p1a: Tropius|Sitrus Berry|[from] ability: Harvest\n|upkeep\n|-enditem|p1a: Tropius|Sitrus Berry|[eat]\n|-heal|p1a: Tropius|195/328|[from] item: Sitrus Berry\n|turn|32\n|inactive|Trainer Dizzy has 90 seconds left.\n|\n|t:|1782742656\n|move|p1a: Tropius|Protect|p1a: Tropius\n|-singleturn|p1a: Tropius|Protect\n|move|p2a: Flutter Mane|Mystical Fire|p1a: Tropius\n|-activate|p1a: Tropius|move: Protect\n|\n|-damage|p2a: Flutter Mane|23/203|[from] Leech Seed|[of] p1a: Tropius\n|-heal|p1a: Tropius|220/328|[silent]\n|-sideend|p2: maxelgor|move: Light Screen\n|upkeep\n|turn|33\n|\n|t:|1782742661\n|move|p2a: Flutter Mane|Mystical Fire|p1a: Tropius\n|-supereffective|p1a: Tropius\n|-end|p1a: Tropius|Substitute\n|-damage|p2a: Flutter Mane|3/203|[from] item: Life Orb\n|move|p1a: Tropius|Air Slash|p2a: Flutter Mane\n|-damage|p2a: Flutter Mane|0 fnt\n|faint|p2a: Flutter Mane\n|-end|p2a: Flutter Mane|Protosynthesis|[silent]\n|\n|-item|p1a: Tropius|Sitrus Berry|[from] ability: Harvest\n|upkeep\n|\n|t:|1782742664\n|switch|p2a: Gliscor|Gliscor, L76, M, tera:Water|139/239 tox\n|turn|34\n|\n|t:|1782742671\n|switch|p1a: Weezing|Weezing, L88, M|192/258\n|move|p2a: Gliscor|Substitute|p2a: Gliscor\n|-start|p2a: Gliscor|Substitute\n|-damage|p2a: Gliscor|80/239 tox\n|\n|-heal|p1a: Weezing|208/258|[from] item: Leftovers\n|-heal|p2a: Gliscor|109/239 tox|[from] ability: Poison Heal\n|upkeep\n|turn|35\n|\n|t:|1782742675\n|move|p2a: Gliscor|Earthquake|p1a: Weezing\n|-immune|p1a: Weezing|[from] ability: Levitate\n|move|p1a: Weezing|Gunk Shot|p2a: Gliscor\n|-crit|p2a: Gliscor\n|-end|p2a: Gliscor|Substitute\n|\n|-heal|p1a: Weezing|224/258|[from] item: Leftovers\n|-heal|p2a: Gliscor|138/239 tox|[from] ability: Poison Heal\n|upkeep\n|turn|36\n|\n|t:|1782742681\n|move|p2a: Gliscor|Substitute|p2a: Gliscor\n|-start|p2a: Gliscor|Substitute\n|-damage|p2a: Gliscor|79/239 tox\n|move|p1a: Weezing|Gunk Shot|p2a: Gliscor\n|-end|p2a: Gliscor|Substitute\n|\n|-heal|p1a: Weezing|240/258|[from] item: Leftovers\n|-heal|p2a: Gliscor|108/239 tox|[from] ability: Poison Heal\n|upkeep\n|turn|37\n|\n|t:|1782742687\n|move|p2a: Gliscor|Substitute|p2a: Gliscor\n|-start|p2a: Gliscor|Substitute\n|-damage|p2a: Gliscor|49/239 tox\n|move|p1a: Weezing|Gunk Shot|p2a: Gliscor\n|-end|p2a: Gliscor|Substitute\n|\n|-heal|p1a: Weezing|256/258|[from] item: Leftovers\n|-heal|p2a: Gliscor|78/239 tox|[from] ability: Poison Heal\n|upkeep\n|turn|38\n|\n|t:|1782742690\n|switch|p1a: Terrakion|Terrakion, L79|273/273\n|move|p2a: Gliscor|Substitute|p2a: Gliscor\n|-start|p2a: Gliscor|Substitute\n|-damage|p2a: Gliscor|19/239 tox\n|\n|-heal|p2a: Gliscor|48/239 tox|[from] ability: Poison Heal\n|upkeep\n|turn|39\n|\n|t:|1782742693\n|switch|p1a: Weezing|Weezing, L88, M|256/258\n|move|p2a: Gliscor|Protect||[still]\n|-fail|p2a: Gliscor\n|\n|-heal|p1a: Weezing|258/258|[from] item: Leftovers\n|-heal|p2a: Gliscor|77/239 tox|[from] ability: Poison Heal\n|upkeep\n|turn|40\n|\n|t:|1782742696\n|move|p2a: Gliscor|Protect|p2a: Gliscor\n|-singleturn|p2a: Gliscor|Protect\n|move|p1a: Weezing|Gunk Shot|p2a: Gliscor\n|-activate|p2a: Gliscor|move: Protect\n|\n|-heal|p2a: Gliscor|106/239 tox|[from] ability: Poison Heal\n|upkeep\n|turn|41\n|\n|t:|1782742702\n|move|p2a: Gliscor|Protect||[still]\n|-fail|p2a: Gliscor\n|move|p1a: Weezing|Gunk Shot|p2a: Gliscor\n|-end|p2a: Gliscor|Substitute\n|\n|-heal|p2a: Gliscor|135/239 tox|[from] ability: Poison Heal\n|upkeep\n|turn|42\n|\n|t:|1782742706\n|move|p2a: Gliscor|Substitute|p2a: Gliscor\n|-start|p2a: Gliscor|Substitute\n|-damage|p2a: Gliscor|76/239 tox\n|move|p1a: Weezing|Fire Blast|p2a: Gliscor\n|-resisted|p2a: Gliscor\n|-activate|p2a: Gliscor|move: Substitute|[damage]\n|\n|-heal|p2a: Gliscor|105/239 tox|[from] ability: Poison Heal\n|upkeep\n|turn|43\n|\n|t:|1782742708\n|move|p2a: Gliscor|Protect|p2a: Gliscor\n|-singleturn|p2a: Gliscor|Protect\n|move|p1a: Weezing|Fire Blast|p2a: Gliscor\n|-activate|p2a: Gliscor|move: Protect\n|\n|-heal|p2a: Gliscor|134/239 tox|[from] ability: Poison Heal\n|upkeep\n|turn|44\n|\n|t:|1782742713\n|move|p2a: Gliscor|Protect|p2a: Gliscor\n|-singleturn|p2a: Gliscor|Protect\n|move|p1a: Weezing|Fire Blast|p2a: Gliscor\n|-activate|p2a: Gliscor|move: Protect\n|\n|-heal|p2a: Gliscor|163/239 tox|[from] ability: Poison Heal\n|upkeep\n|turn|45\n|\n|t:|1782742720\n|move|p2a: Gliscor|Toxic|p1a: Weezing\n|-immune|p1a: Weezing\n|move|p1a: Weezing|Fire Blast|p2a: Gliscor|[miss]\n|-miss|p1a: Weezing|p2a: Gliscor\n|\n|-heal|p2a: Gliscor|192/239 tox|[from] ability: Poison Heal\n|upkeep\n|turn|46\n|\n|t:|1782742726\n|move|p2a: Gliscor|Toxic|p1a: Weezing\n|-immune|p1a: Weezing\n|move|p1a: Weezing|Pain Split||[still]\n|-fail|p1a: Weezing\n|\n|-heal|p2a: Gliscor|221/239 tox|[from] ability: Poison Heal\n|upkeep\n|turn|47\n|\n|t:|1782742731\n|move|p2a: Gliscor|Toxic|p1a: Weezing\n|-immune|p1a: Weezing\n|move|p1a: Weezing|Gunk Shot|p2a: Gliscor|[miss]\n|-miss|p1a: Weezing|p2a: Gliscor\n|\n|-heal|p2a: Gliscor|239/239 tox|[from] ability: Poison Heal\n|upkeep\n|turn|48\n|\n|t:|1782742736\n|move|p2a: Gliscor|Toxic|p1a: Weezing\n|-immune|p1a: Weezing\n|move|p1a: Weezing|Fire Blast|p2a: Gliscor\n|-resisted|p2a: Gliscor\n|-end|p2a: Gliscor|Substitute\n|\n|upkeep\n|turn|49\n|\n|t:|1782742748\n|switch|p1a: Terrakion|Terrakion, L79|273/273\n|move|p2a: Gliscor|Substitute|p2a: Gliscor\n|-start|p2a: Gliscor|Substitute\n|-damage|p2a: Gliscor|180/239 tox\n|\n|-heal|p2a: Gliscor|209/239 tox|[from] ability: Poison Heal\n|upkeep\n|turn|50\n|\n|t:|1782742765\n|switch|p1a: Weezing|Weezing, L88, M|258/258\n|move|p2a: Gliscor|Earthquake|p1a: Weezing\n|-immune|p1a: Weezing|[from] ability: Levitate\n|\n|-heal|p2a: Gliscor|238/239 tox|[from] ability: Poison Heal\n|upkeep\n|turn|51\n|\n|t:|1782742771\n|move|p2a: Gliscor|Toxic|p1a: Weezing\n|-immune|p1a: Weezing\n|move|p1a: Weezing|Will-O-Wisp||[still]\n|-fail|p1a: Weezing\n|\n|-heal|p2a: Gliscor|239/239 tox|[from] ability: Poison Heal\n|upkeep\n|turn|52\n|\n|t:|1782742776\n|move|p2a: Gliscor|Toxic|p1a: Weezing\n|-immune|p1a: Weezing\n|move|p1a: Weezing|Will-O-Wisp||[still]\n|-fail|p1a: Weezing\n|\n|upkeep\n|turn|53\n|\n|t:|1782742779\n|move|p2a: Gliscor|Toxic|p1a: Weezing\n|-immune|p1a: Weezing\n|move|p1a: Weezing|Will-O-Wisp||[still]\n|-fail|p1a: Weezing\n|\n|upkeep\n|turn|54\n|\n|t:|1782742781\n|move|p2a: Gliscor|Toxic|p1a: Weezing\n|-immune|p1a: Weezing\n|move|p1a: Weezing|Will-O-Wisp||[still]\n|-fail|p1a: Weezing\n|\n|upkeep\n|turn|55\n|\n|t:|1782742783\n|move|p2a: Gliscor|Toxic|p1a: Weezing\n|-immune|p1a: Weezing\n|move|p1a: Weezing|Will-O-Wisp|p2a: Gliscor|[miss]\n|-miss|p1a: Weezing|p2a: Gliscor\n|\n|upkeep\n|turn|56\n|\n|t:|1782742786\n|move|p2a: Gliscor|Toxic|p1a: Weezing\n|-immune|p1a: Weezing\n|move|p1a: Weezing|Will-O-Wisp||[still]\n|-fail|p1a: Weezing\n|\n|upkeep\n|turn|57\n|\n|t:|1782742788\n|move|p2a: Gliscor|Toxic|p1a: Weezing\n|-immune|p1a: Weezing\n|move|p1a: Weezing|Will-O-Wisp||[still]\n|-fail|p1a: Weezing\n|\n|upkeep\n|turn|58\n|\n|t:|1782742790\n|move|p2a: Gliscor|Earthquake|p1a: Weezing\n|-immune|p1a: Weezing|[from] ability: Levitate\n|move|p1a: Weezing|Will-O-Wisp||[still]\n|-fail|p1a: Weezing\n|\n|upkeep\n|turn|59\n|\n|t:|1782742795\n|move|p2a: Gliscor|Earthquake|p1a: Weezing\n|-immune|p1a: Weezing|[from] ability: Levitate\n|move|p1a: Weezing|Fire Blast|p2a: Gliscor\n|-resisted|p2a: Gliscor\n|-activate|p2a: Gliscor|move: Substitute|[damage]\n|\n|upkeep\n|turn|60\n|\n|t:|1782742799\n|move|p2a: Gliscor|Earthquake|p1a: Weezing\n|-immune|p1a: Weezing|[from] ability: Levitate\n|move|p1a: Weezing|Will-O-Wisp||[still]\n|-fail|p1a: Weezing\n|\n|upkeep\n|turn|61\n|\n|t:|1782742803\n|move|p2a: Gliscor|Earthquake|p1a: Weezing\n|-immune|p1a: Weezing|[from] ability: Levitate\n|move|p1a: Weezing|Will-O-Wisp||[still]\n|-fail|p1a: Weezing\n|\n|upkeep\n|turn|62\n|\n|t:|1782742806\n|move|p2a: Gliscor|Earthquake|p1a: Weezing\n|-immune|p1a: Weezing|[from] ability: Levitate\n|move|p1a: Weezing|Will-O-Wisp||[still]\n|-fail|p1a: Weezing\n|\n|upkeep\n|turn|63\n|\n|t:|1782742808\n|move|p2a: Gliscor|Substitute|p2a: Gliscor\n|-fail|p2a: Gliscor|move: Substitute\n|move|p1a: Weezing|Will-O-Wisp||[still]\n|-fail|p1a: Weezing\n|\n|upkeep\n|turn|64\n|\n|t:|1782742814\n|move|p2a: Gliscor|Substitute|p2a: Gliscor\n|-fail|p2a: Gliscor|move: Substitute\n|move|p1a: Weezing|Will-O-Wisp||[still]\n|-fail|p1a: Weezing\n|\n|upkeep\n|turn|65\n|inactive|maxelgor has 120 seconds left.\n|inactive|maxelgor has 90 seconds left.\n|inactive|maxelgor has 60 seconds left.\n|inactive|maxelgor has 30 seconds left.\n|inactive|maxelgor has 20 seconds left.\n|inactive|maxelgor has 15 seconds left.\n|\n|t:|1782742950\n|move|p2a: Gliscor|Substitute|p2a: Gliscor\n|-fail|p2a: Gliscor|move: Substitute\n|move|p1a: Weezing|Will-O-Wisp||[still]\n|-fail|p1a: Weezing\n|\n|upkeep\n|turn|66\n|inactive|maxelgor has 25 seconds left this turn.\n|\n|t:|1782742956\n|move|p2a: Gliscor|Substitute|p2a: Gliscor\n|-fail|p2a: Gliscor|move: Substitute\n|move|p1a: Weezing|Will-O-Wisp||[still]\n|-fail|p1a: Weezing\n|\n|upkeep\n|turn|67\n|inactive|maxelgor has 30 seconds left.\n|inactive|maxelgor has 20 seconds left.\n|inactive|maxelgor has 15 seconds left.\n|inactive|maxelgor has 10 seconds left.\n|inactive|maxelgor has 5 seconds left.\n|inactiveoff|Battle timer is now OFF.\n|inactive|Battle timer is ON: inactive players will automatically lose when time's up. (requested by Trainer Dizzy)\n|inactive|maxelgor has 10 seconds left this turn.\n|\n|t:|1782742993\n|move|p2a: Gliscor|Substitute|p2a: Gliscor\n|-fail|p2a: Gliscor|move: Substitute\n|move|p1a: Weezing|Will-O-Wisp||[still]\n|-fail|p1a: Weezing\n|\n|upkeep\n|turn|68\n|inactive|maxelgor has 20 seconds left this turn.\n|inactive|maxelgor has 15 seconds left.\n|inactive|maxelgor has 10 seconds left.\n|\n|t:|1782743005\n|move|p2a: Gliscor|Earthquake|p1a: Weezing\n|-immune|p1a: Weezing|[from] ability: Levitate\n|move|p1a: Weezing|Will-O-Wisp||[still]\n|-fail|p1a: Weezing\n|\n|upkeep\n|turn|69\n|inactive|maxelgor has 20 seconds left this turn.\n|inactive|maxelgor has 15 seconds left.\n|inactive|maxelgor has 10 seconds left.\n|\n|t:|1782743017\n|move|p2a: Gliscor|Earthquake|p1a: Weezing\n|-immune|p1a: Weezing|[from] ability: Levitate\n|move|p1a: Weezing|Will-O-Wisp||[still]\n|-fail|p1a: Weezing\n|\n|upkeep\n|turn|70\n|inactive|maxelgor has 20 seconds left this turn.\n|inactive|maxelgor has 15 seconds left.\n|inactive|maxelgor has 10 seconds left.\n|\n|t:|1782743028\n|move|p2a: Gliscor|Earthquake|p1a: Weezing\n|-immune|p1a: Weezing|[from] ability: Levitate\n|move|p1a: Weezing|Will-O-Wisp|p2a: Gliscor|[miss]\n|-miss|p1a: Weezing|p2a: Gliscor\n|\n|upkeep\n|turn|71\n|inactive|maxelgor has 20 seconds left this turn.\n|inactive|maxelgor has 15 seconds left.\n|inactive|maxelgor has 10 seconds left.\n|\n|t:|1782743041\n|move|p2a: Gliscor|Substitute|p2a: Gliscor\n|-fail|p2a: Gliscor|move: Substitute\n|move|p1a: Weezing|Will-O-Wisp||[still]\n|-fail|p1a: Weezing\n|\n|upkeep\n|turn|72\n|inactive|maxelgor has 20 seconds left this turn.\n|inactive|maxelgor has 15 seconds left.\n|inactive|Trainer Dizzy has 120 seconds left.\n|\n|t:|1782743073\n|move|p2a: Gliscor|Earthquake|p1a: Weezing\n|-immune|p1a: Weezing|[from] ability: Levitate\n|move|p1a: Weezing|Will-O-Wisp||[still]\n|-fail|p1a: Weezing\n|\n|upkeep\n|turn|73\n|inactive|maxelgor has 25 seconds left this turn.\n|inactive|maxelgor has 20 seconds left.\n|inactive|maxelgor has 15 seconds left.\n|inactive|maxelgor has 10 seconds left.\n|inactive|maxelgor has 5 seconds left.\n|\n|t:|1782743096\n|move|p2a: Gliscor|Protect|p2a: Gliscor\n|-singleturn|p2a: Gliscor|Protect\n|move|p1a: Weezing|Pain Split|p2a: Gliscor\n|-activate|p2a: Gliscor|move: Protect\n|\n|upkeep\n|turn|74\n|inactive|maxelgor has 15 seconds left this turn.\n|\n|t:|1782743112\n|move|p2a: Gliscor|Substitute|p2a: Gliscor\n|-fail|p2a: Gliscor|move: Substitute\n|move|p1a: Weezing|Pain Split||[still]\n|-fail|p1a: Weezing\n|\n|upkeep\n|turn|75\n|inactive|maxelgor has 25 seconds left this turn.\n|inactive|maxelgor has 20 seconds left.\n|inactive|maxelgor has 15 seconds left.\n|inactive|Trainer Dizzy has 120 seconds left.\n|inactive|maxelgor has 10 seconds left.\n|\n|t:|1782743133\n|move|p2a: Gliscor|Protect|p2a: Gliscor\n|-singleturn|p2a: Gliscor|Protect\n|move|p1a: Weezing|Pain Split|p2a: Gliscor\n|-activate|p2a: Gliscor|move: Protect\n|\n|upkeep\n|turn|76\n|inactive|maxelgor has 20 seconds left this turn.\n|inactive|maxelgor has 15 seconds left.\n|inactive|maxelgor has 10 seconds left.\n|\n|t:|1782743148\n|move|p2a: Gliscor|Earthquake|p1a: Weezing\n|-immune|p1a: Weezing|[from] ability: Levitate\n|move|p1a: Weezing|Pain Split||[still]\n|-fail|p1a: Weezing\n|\n|upkeep\n|turn|77\n|inactive|maxelgor has 20 seconds left this turn.\n|inactive|maxelgor has 15 seconds left.\n|inactive|maxelgor has 10 seconds left.\n|inactive|maxelgor has 5 seconds left.\n|\n|t:|1782743163\n|move|p2a: Gliscor|Toxic|p1a: Weezing\n|-immune|p1a: Weezing\n|move|p1a: Weezing|Pain Split||[still]\n|-fail|p1a: Weezing\n|\n|upkeep\n|turn|78\n|inactive|maxelgor has 15 seconds left this turn.\n|\n|t:|1782743166\n|move|p2a: Gliscor|Substitute|p2a: Gliscor\n|-fail|p2a: Gliscor|move: Substitute\n|move|p1a: Weezing|Pain Split||[still]\n|-fail|p1a: Weezing\n|\n|upkeep\n|turn|79\n|inactive|maxelgor has 25 seconds left this turn.\n|inactive|maxelgor has 20 seconds left.\n|inactive|maxelgor has 15 seconds left.\n|inactive|maxelgor has 10 seconds left.\n|inactive|maxelgor has 5 seconds left.\n|\n|t:|1782743189\n|move|p2a: Gliscor|Protect|p2a: Gliscor\n|-singleturn|p2a: Gliscor|Protect\n|move|p1a: Weezing|Pain Split|p2a: Gliscor\n|-activate|p2a: Gliscor|move: Protect\n|\n|upkeep\n|turn|80\n|inactive|maxelgor has 15 seconds left this turn.\n|\n|t:|1782743195\n|move|p2a: Gliscor|Substitute|p2a: Gliscor\n|-fail|p2a: Gliscor|move: Substitute\n|move|p1a: Weezing|Pain Split||[still]\n|-fail|p1a: Weezing\n|\n|upkeep\n|turn|81\n|inactive|maxelgor has 25 seconds left this turn.\n|inactive|maxelgor has 20 seconds left.\n|inactive|maxelgor has 15 seconds left.\n|\n|t:|1782743206\n|move|p2a: Gliscor|Substitute|p2a: Gliscor\n|-fail|p2a: Gliscor|move: Substitute\n|move|p1a: Weezing|Pain Split||[still]\n|-fail|p1a: Weezing\n|\n|upkeep\n|turn|82\n|inactive|maxelgor has 25 seconds left this turn.\n|\n|t:|1782743210\n|move|p2a: Gliscor|Protect|p2a: Gliscor\n|-singleturn|p2a: Gliscor|Protect\n|move|p1a: Weezing|Pain Split|p2a: Gliscor\n|-activate|p2a: Gliscor|move: Protect\n|\n|upkeep\n|turn|83\n|\n|t:|1782743213\n|move|p2a: Gliscor|Earthquake|p1a: Weezing\n|-immune|p1a: Weezing|[from] ability: Levitate\n|move|p1a: Weezing|Pain Split||[still]\n|-fail|p1a: Weezing\n|\n|upkeep\n|turn|84\n|\n|t:|1782743221\n|move|p2a: Gliscor|Protect|p2a: Gliscor\n|-singleturn|p2a: Gliscor|Protect\n|move|p1a: Weezing|Pain Split|p2a: Gliscor\n|-activate|p2a: Gliscor|move: Protect\n|\n|upkeep\n|turn|85\n|inactive|maxelgor has 30 seconds left.\n|inactive|maxelgor has 20 seconds left.\n|inactive|maxelgor has 15 seconds left.\n|inactive|maxelgor has 10 seconds left.\n|inactive|maxelgor has 5 seconds left.\n|\n|t:|1782743275\n|move|p2a: Gliscor|Earthquake|p1a: Weezing\n|-immune|p1a: Weezing|[from] ability: Levitate\n|move|p1a: Weezing|Pain Split||[still]\n|-fail|p1a: Weezing\n|\n|upkeep\n|turn|86\n|inactive|maxelgor has 15 seconds left this turn.\n|inactive|maxelgor has 10 seconds left.\n|inactive|maxelgor has 5 seconds left.\n|\n|t:|1782743290\n|move|p2a: Gliscor|Toxic|p1a: Weezing\n|-immune|p1a: Weezing\n|move|p1a: Weezing|Pain Split||[still]\n|-fail|p1a: Weezing\n|\n|upkeep\n|turn|87\n|inactive|maxelgor has 15 seconds left this turn.\n|inactive|maxelgor has 10 seconds left.\n|inactive|Trainer Dizzy has 120 seconds left.\n|\n|t:|1782743348\n|-activate|p2a: Gliscor|move: Struggle\n|move|p2a: Gliscor|Struggle|p1a: Weezing\n|-damage|p1a: Weezing|236/258\n|-damage|p2a: Gliscor|179/239 tox|[from] recoil\n|move|p1a: Weezing|Pain Split||[still]\n|-fail|p1a: Weezing\n|\n|-heal|p1a: Weezing|252/258|[from] item: Leftovers\n|-heal|p2a: Gliscor|208/239 tox|[from] ability: Poison Heal\n|upkeep\n|turn|88\n|inactive|maxelgor has 20 seconds left this turn.\n|inactive|maxelgor has 15 seconds left.\n|inactive|Trainer Dizzy has 90 seconds left.\n|\n|t:|1782743385\n|-activate|p2a: Gliscor|move: Struggle\n|move|p2a: Gliscor|Struggle|p1a: Weezing\n|-damage|p1a: Weezing|229/258\n|-damage|p2a: Gliscor|148/239 tox|[from] recoil\n|move|p1a: Weezing|Pain Split||[still]\n|-fail|p1a: Weezing\n|\n|-heal|p1a: Weezing|245/258|[from] item: Leftovers\n|-heal|p2a: Gliscor|177/239 tox|[from] ability: Poison Heal\n|upkeep\n|turn|89\n|inactive|maxelgor has 25 seconds left this turn.\n|\n|t:|1782743388\n|-activate|p2a: Gliscor|move: Struggle\n|move|p2a: Gliscor|Struggle|p1a: Weezing\n|-damage|p1a: Weezing|220/258\n|-damage|p2a: Gliscor|117/239 tox|[from] recoil\n|move|p1a: Weezing|Pain Split||[still]\n|-fail|p1a: Weezing\n|\n|-heal|p1a: Weezing|236/258|[from] item: Leftovers\n|-heal|p2a: Gliscor|146/239 tox|[from] ability: Poison Heal\n|upkeep\n|turn|90\n|inactive|maxelgor has 30 seconds left.\n|inactive|maxelgor has 20 seconds left.\n|inactive|maxelgor has 15 seconds left.\n|inactive|maxelgor has 10 seconds left.\n|inactive|maxelgor has 5 seconds left.\n|\n|t:|1782743418\n|-activate|p2a: Gliscor|move: Struggle\n|move|p2a: Gliscor|Struggle|p1a: Weezing\n|-damage|p1a: Weezing|212/258\n|-damage|p2a: Gliscor|86/239 tox|[from] recoil\n|move|p1a: Weezing|Pain Split||[still]\n|-fail|p1a: Weezing\n|\n|-heal|p1a: Weezing|228/258|[from] item: Leftovers\n|-heal|p2a: Gliscor|115/239 tox|[from] ability: Poison Heal\n|upkeep\n|turn|91\n|inactive|maxelgor has 15 seconds left this turn.\n|\n|t:|1782743424\n|-activate|p2a: Gliscor|move: Struggle\n|move|p2a: Gliscor|Struggle|p1a: Weezing\n|-damage|p1a: Weezing|204/258\n|-damage|p2a: Gliscor|55/239 tox|[from] recoil\n|move|p1a: Weezing|Pain Split||[still]\n|-fail|p1a: Weezing\n|\n|-heal|p1a: Weezing|220/258|[from] item: Leftovers\n|-heal|p2a: Gliscor|84/239 tox|[from] ability: Poison Heal\n|upkeep\n|turn|92\n|inactive|maxelgor has 25 seconds left this turn.\n|inactive|maxelgor has 20 seconds left.\n|inactive|maxelgor has 15 seconds left.\n|inactive|maxelgor has 10 seconds left.\n|inactive|maxelgor has 5 seconds left.\n|\n|t:|1782743447\n|-activate|p2a: Gliscor|move: Struggle\n|move|p2a: Gliscor|Struggle|p1a: Weezing\n|-damage|p1a: Weezing|198/258\n|-damage|p2a: Gliscor|24/239 tox|[from] recoil\n|move|p1a: Weezing|Pain Split||[still]\n|-fail|p1a: Weezing\n|\n|-heal|p1a: Weezing|214/258|[from] item: Leftovers\n|-heal|p2a: Gliscor|53/239 tox|[from] ability: Poison Heal\n|upkeep\n|turn|93\n|inactive|maxelgor has 15 seconds left this turn.\n|\n|t:|1782743452\n|-activate|p2a: Gliscor|move: Struggle\n|move|p2a: Gliscor|Struggle|p1a: Weezing\n|-damage|p1a: Weezing|191/258\n|-damage|p2a: Gliscor|0 fnt|[from] recoil\n|faint|p2a: Gliscor\n|\n|win|Trainer Dizzy\n|raw|Trainer Dizzy's rating: 1654 &rarr; <strong>1676</strong><br />(+22 for winning)\n|raw|maxelgor's rating: 1696 &rarr; <strong>1674</strong><br />(-22 for losing)\n", "inputlog": ">version f8ac14003a5f27e1bdc8d8c59608a773c1cb96e5\n>start {\"formatid\":\"gen9randombattle\",\"seed\":\"sodium,9adaf7ee63df931707d2c9977f366d1c\",\"rated\":\"Rated battle\"}\n>player p1 {\"name\":\"Trainer Dizzy\",\"avatar\":\"266\",\"rating\":1636,\"seed\":\"sodium,55366da1d0884ca44ea6f40e3aff0056\"}\n>player p2 {\"name\":\"maxelgor\",\"avatar\":\"170\",\"rating\":1696,\"seed\":\"sodium,fed51fe9235c220d7705376b906c0f4a\"}\n>p1 move leafblade\n>p2 switch 6\n>p1 move swordsdance\n>p2 move protect\n>p1 move psyblade\n>p2 switch 2\n>p2 switch 4\n>p1 switch 3\n>p2 move tripleaxel\n>p1 move painsplit\n>p2 move tripleaxel\n>p1 move willowisp\n>p2 switch 2\n>p1 move fireblast\n>p2 switch 6\n>p1 switch 3\n>p2 move swordsdance\n>p1 move psyblade\n>p2 move mightycleave\n>p1 switch 6\n>p1 move bellydrum\n>p2 move mightycleave\n>p1 move icespinner\n>p2 move mightycleave\n>p2 switch 6\n>p1 move liquidation terastallize\n>p2 move toxic terastallize\n>p1 move icespinner\n>p2 move protect\n>p1 move icespinner\n>p2 switch 2\n>p2 switch 2\n>p1 move liquidation\n>p2 move protect\n>p1 move liquidation\n>p2 move protect\n>p1 switch 4\n>p1 move psystrike\n>p2 move toxic\n>p1 move nastyplot\n>p2 move earthquake\n>p1 switch 5\n>p2 move protect\n>p1 move closecombat\n>p2 move protect\n>p1 move closecombat\n>p2 switch 5\n>p1 switch 3\n>p2 move moonblast\n>p1 move gunkshot\n>p2 switch 3\n>p1 switch 5\n>p2 move reflect\n>p1 move recover\n>p2 move lightscreen\n>p1 move nastyplot\n>p2 move psychicnoise\n>p1 move psystrike\n>p2 move psychicnoise\n>p1 switch 2\n>p2 switch 3\n>p1 move leechseed\n>p2 move calmmind\n>p1 move airslash\n>p2 move calmmind\n>p1 move substitute\n>p2 move mysticalfire\n>p1 move protect\n>p2 move mysticalfire\n>p1 move protect\n>p2 move mysticalfire\n>p1 move airslash\n>p2 move mysticalfire\n>p2 switch 5\n>p1 switch 5\n>p2 move substitute\n>p1 move gunkshot\n>p2 move earthquake\n>p1 move gunkshot\n>p2 move substitute\n>p1 move gunkshot\n>p2 move substitute\n>p1 switch 3\n>p2 move substitute\n>p1 switch 3\n>p2 move protect\n>p1 move gunkshot\n>p2 move protect\n>p1 move gunkshot\n>p2 move protect\n>p1 move fireblast\n>p2 move substitute\n>p1 move fireblast\n>p2 move protect\n>p1 move fireblast\n>p2 move protect\n>p1 move fireblast\n>p2 move toxic\n>p1 move painsplit\n>p2 move toxic\n>p1 move gunkshot\n>p2 move toxic\n>p1 move fireblast\n>p2 move toxic\n>p1 switch 3\n>p2 move substitute\n>p1 switch 3\n>p2 move earthquake\n>p1 move willowisp\n>p2 move toxic\n>p1 move willowisp\n>p2 move toxic\n>p1 move willowisp\n>p2 move toxic\n>p1 move willowisp\n>p2 move toxic\n>p1 move willowisp\n>p2 move toxic\n>p1 move willowisp\n>p2 move toxic\n>p1 move willowisp\n>p2 move toxic\n>p1 move willowisp\n>p2 move earthquake\n>p1 move fireblast\n>p2 move earthquake\n>p1 move willowisp\n>p2 move earthquake\n>p1 move willowisp\n>p2 move earthquake\n>p1 move willowisp\n>p2 move earthquake\n>p1 move willowisp\n>p2 move substitute\n>p1 move willowisp\n>p2 move substitute\n>p1 move willowisp\n>p2 move substitute\n>p1 move willowisp\n>p2 move substitute\n>p1 move willowisp\n>p2 move substitute\n>p1 move willowisp\n>p2 move earthquake\n>p1 move willowisp\n>p2 move earthquake\n>p1 move willowisp\n>p2 move earthquake\n>p1 move willowisp\n>p2 move substitute\n>p1 move willowisp\n>p2 move earthquake\n>p1 move painsplit\n>p2 move protect\n>p1 move painsplit\n>p2 move substitute\n>p1 move painsplit\n>p2 move protect\n>p1 move painsplit\n>p2 move earthquake\n>p1 move painsplit\n>p2 move toxic\n>p1 move painsplit\n>p2 move substitute\n>p1 move painsplit\n>p2 move protect\n>p1 move painsplit\n>p2 move substitute\n>p1 move painsplit\n>p2 move substitute\n>p1 move painsplit\n>p2 move protect\n>p1 move painsplit\n>p2 move earthquake\n>p1 move painsplit\n>p2 move protect\n>p1 move painsplit\n>p2 move earthquake\n>p1 move painsplit\n>p2 move toxic\n>p1 move painsplit\n>p2 move struggle\n>p1 move painsplit\n>p2 move struggle\n>p1 move painsplit\n>p2 move struggle\n>p1 move painsplit\n>p2 move struggle\n>p1 move painsplit\n>p2 move struggle\n>p1 move painsplit\n>p2 move struggle\n>p1 move painsplit\n>p2 move struggle", "uploadtime": 1782743474, "views": 8, "formatid": "gen9randombattle", "rating": 1674, "private": 0, "password": null, "player_dets": [{"name": "Trainer Dizzy", "avatar": "266", "rating": 1636, "seed": "sodium,55366da1d0884ca44ea6f40e3aff0056"}, {"name": "maxelgor", "avatar": "170", "rating": 1696, "seed": "sodium,fed51fe9235c220d7705376b906c0f4a"}], "teams_full": [{"Iron Leaves": {"name": "Iron Leaves", "species": "Iron Leaves", "speciesId": "ironleaves", "gender": "N", "shiny": false, "level": 80, "moves": ["leafblade", "closecombat", "psyblade", "swordsdance"], "ability": "Quark Drive", "evs": {"hp": 85, "atk": 85, "def": 85, "spa": 85, "spd": 85, "spe": 85}, "ivs": {"hp": 31, "atk": 31, "def": 31, "spa": 31, "spd": 31, "spe": 31}, "item": "Life Orb", "teraType": "Fighting", "role": "Wallbreaker", "bvs": {"hp": 90, "atk": 130, "def": 88, "spa": 70, "spd": 108, "spe": 104}, "stats": {"hp": 275, "atk": 254, "def": 187, "spa": 158, "spd": 219, "spe": 213}, "types": ["Grass", "Psychic"]}, "Tropius": {"name": "Tropius", "species": "Tropius", "speciesId": "tropius", "gender": "F", "shiny": false, "level": 91, "moves": ["substitute", "protect", "airslash", "leechseed"], "ability": "Harvest", "evs": {"hp": 85, "atk": 0, "def": 85, "spa": 85, "spd": 85, "spe": 85}, "ivs": {"hp": 31, "atk": 0, "def": 31, "spa": 31, "spd": 31, "spe": 31}, "item": "Sitrus Berry", "teraType": "Steel", "role": "Bulky Support", "bvs": {"hp": 99, "atk": 68, "def": 83, "spa": 72, "spd": 87, "spe": 51}, "stats": {"hp": 328, "atk": 128, "def": 203, "spa": 183, "spd": 210, "spe": 145}, "types": ["Grass", "Flying"]}, "Weezing": {"name": "Weezing", "species": "Weezing", "speciesId": "weezing", "gender": "M", "shiny": false, "level": 88, "moves": ["gunkshot", "willowisp", "fireblast", "painsplit"], "ability": "Levitate", "evs": {"hp": 85, "atk": 85, "def": 85, "spa": 85, "spd": 85, "spe": 85}, "ivs": {"hp": 31, "atk": 31, "def": 31, "spa": 31, "spd": 31, "spe": 31}, "item": "Leftovers", "teraType": "Steel", "role": "Bulky Attacker", "bvs": {"hp": 65, "atk": 90, "def": 120, "spa": 85, "spd": 70, "spe": 60}, "stats": {"hp": 258, "atk": 209, "def": 261, "spa": 200, "spd": 173, "spe": 156}, "types": ["Poison"]}, "Mewtwo": {"name": "Mewtwo", "species": "Mewtwo", "speciesId": "mewtwo", "gender": "N", "shiny": false, "level": 72, "moves": ["recover", "aurasphere", "nastyplot", "psystrike"], "ability": "Pressure", "evs": {"hp": 85, "atk": 0, "def": 85, "spa": 85, "spd": 85, "spe": 85}, "ivs": {"hp": 31, "atk": 0, "def": 31, "spa": 31, "spd": 31, "spe": 31}, "item": "Life Orb", "teraType": "Fighting", "role": "Setup Sweeper", "bvs": {"hp": 106, "atk": 110, "def": 90, "spa": 154, "spd": 90, "spe": 130}, "stats": {"hp": 272, "atk": 163, "def": 172, "spa": 264, "spd": 172, "spe": 229}, "types": ["Psychic"]}, "Terrakion": {"name": "Terrakion", "species": "Terrakion", "speciesId": "terrakion", "gender": "N", "shiny": false, "level": 79, "moves": ["stoneedge", "swordsdance", "closecombat", "earthquake"], "ability": "Justified", "evs": {"hp": 85, "atk": 85, "def": 85, "spa": 85, "spd": 85, "spe": 85}, "ivs": {"hp": 31, "atk": 31, "def": 31, "spa": 31, "spd": 31, "spe": 31}, "item": "Life Orb", "teraType": "Ground", "role": "Setup Sweeper", "bvs": {"hp": 91, "atk": 129, "def": 90, "spa": 72, "spd": 90, "spe": 108}, "stats": {"hp": 273, "atk": 249, "def": 188, "spa": 159, "spd": 188, "spe": 216}, "types": ["Rock", "Fighting"]}, "Eiscue": {"name": "Eiscue", "species": "Eiscue", "speciesId": "eiscue", "gender": "M", "shiny": false, "level": 88, "moves": ["liquidation", "bellydrum", "ironhead", "icespinner"], "ability": "Ice Face", "evs": {"hp": 81, "atk": 85, "def": 85, "spa": 85, "spd": 85, "spe": 85}, "ivs": {"hp": 31, "atk": 31, "def": 31, "spa": 31, "spd": 31, "spe": 31}, "item": "Sitrus Berry", "teraType": "Water", "role": "Setup Sweeper", "bvs": {"hp": 75, "atk": 80, "def": 110, "spa": 65, "spd": 90, "spe": 50}, "stats": {"hp": 274, "atk": 191, "def": 244, "spa": 165, "spd": 209, "spe": 138}, "types": ["Ice"]}}, {"Iron Boulder": {"name": "Iron Boulder", "species": "Iron Boulder", "speciesId": "ironboulder", "gender": "N", "shiny": false, "level": 77, "moves": ["mightycleave", "swordsdance", "zenheadbutt", "closecombat"], "ability": "Quark Drive", "evs": {"hp": 85, "atk": 85, "def": 85, "spa": 85, "spd": 85, "spe": 85}, "ivs": {"hp": 31, "atk": 31, "def": 31, "spa": 31, "spd": 31, "spe": 31}, "item": "Life Orb", "teraType": "Fighting", "role": "Setup Sweeper", "bvs": {"hp": 90, "atk": 120, "def": 80, "spa": 68, "spd": 108, "spe": 124}, "stats": {"hp": 265, "atk": 229, "def": 168, "spa": 149, "spd": 211, "spe": 236}, "types": ["Rock", "Psychic"]}, "Blaziken": {"name": "Blaziken", "species": "Blaziken", "speciesId": "blaziken", "gender": "M", "shiny": false, "level": 76, "moves": ["stoneedge", "flareblitz", "closecombat", "swordsdance"], "ability": "Speed Boost", "evs": {"hp": 85, "atk": 85, "def": 85, "spa": 85, "spd": 85, "spe": 85}, "ivs": {"hp": 31, "atk": 31, "def": 31, "spa": 31, "spd": 31, "spe": 31}, "item": "Life Orb", "teraType": "Fighting", "role": "Setup Sweeper", "bvs": {"hp": 80, "atk": 120, "def": 70, "spa": 110, "spd": 70, "spe": 80}, "stats": {"hp": 247, "atk": 226, "def": 150, "spa": 211, "spd": 150, "spe": 166}, "types": ["Fire", "Fighting"]}, "Meowstic": {"name": "Meowstic", "species": "Meowstic", "speciesId": "meowstic", "gender": "M", "shiny": false, "level": 89, "moves": ["reflect", "lightscreen", "yawn", "psychicnoise"], "ability": "Prankster", "evs": {"hp": 85, "atk": 0, "def": 85, "spa": 85, "spd": 85, "spe": 85}, "ivs": {"hp": 31, "atk": 0, "def": 31, "spa": 31, "spd": 31, "spe": 31}, "item": "Light Clay", "teraType": "Fairy", "role": "Bulky Support", "bvs": {"hp": 74, "atk": 48, "def": 76, "spa": 83, "spd": 81, "spe": 104}, "stats": {"hp": 277, "atk": 90, "def": 186, "spa": 199, "spd": 195, "spe": 236}, "types": ["Psychic"]}, "Ambipom": {"name": "Ambipom", "species": "Ambipom", "speciesId": "ambipom", "gender": "M", "shiny": false, "level": 84, "moves": ["tripleaxel", "doubleedge", "lowkick", "knockoff"], "ability": "Technician", "evs": {"hp": 85, "atk": 85, "def": 85, "spa": 85, "spd": 85, "spe": 85}, "ivs": {"hp": 31, "atk": 31, "def": 31, "spa": 31, "spd": 31, "spe": 31}, "item": "Choice Band", "teraType": "Ice", "role": "Fast Attacker", "bvs": {"hp": 75, "atk": 100, "def": 66, "spa": 60, "spd": 66, "spe": 115}, "stats": {"hp": 263, "atk": 216, "def": 159, "spa": 149, "spd": 159, "spe": 241}, "types": ["Normal"]}, "Flutter Mane": {"name": "Flutter Mane", "species": "Flutter Mane", "speciesId": "fluttermane", "gender": "N", "shiny": false, "level": 74, "moves": ["calmmind", "mysticalfire", "shadowball", "moonblast"], "ability": "Protosynthesis", "evs": {"hp": 85, "atk": 0, "def": 85, "spa": 85, "spd": 85, "spe": 85}, "ivs": {"hp": 31, "atk": 0, "def": 31, "spa": 31, "spd": 31, "spe": 31}, "item": "Life Orb", "teraType": "Fire", "role": "Setup Sweeper", "bvs": {"hp": 55, "atk": 55, "def": 55, "spa": 135, "spd": 135, "spe": 135}, "stats": {"hp": 203, "atk": 86, "def": 124, "spa": 243, "spd": 243, "spe": 243}, "types": ["Ghost", "Fairy"]}, "Gliscor": {"name": "Gliscor", "species": "Gliscor", "speciesId": "gliscor", "gender": "M", "shiny": false, "level": 76, "moves": ["protect", "earthquake", "substitute", "toxic"], "ability": "Poison Heal", "evs": {"hp": 85, "atk": 85, "def": 85, "spa": 85, "spd": 85, "spe": 85}, "ivs": {"hp": 31, "atk": 31, "def": 31, "spa": 31, "spd": 31, "spe": 31}, "item": "Toxic Orb", "teraType": "Water", "role": "Fast Support", "bvs": {"hp": 75, "atk": 95, "def": 125, "spa": 45, "spd": 75, "spe": 95}, "stats": {"hp": 239, "atk": 188, "def": 234, "spa": 112, "spd": 158, "spe": 188}, "types": ["Ground", "Flying"]}}]}