{"id": "gen9randombattle-2641180609", "format": "[Gen 9] Random Battle", "players": ["a rabbit", "notmetbh102"], "log": "|badge|p1|bronze|gen9randombattle|100-9\n|html|<div class=\"broadcast-red\"><strong>This battle is required to be public due to one or more player having a season medal.</strong><br />During the public phase, you can discuss the state of the ladder <a href=\"/seasondiscussion\">in a special chatroom.</a></div>\n|uhtml|medal-msg|<div class=\"broadcast-blue\">Curious what those medals under the avatar are? PS now has Ladder Seasons! For more information, check out the <a href=\"https://www.smogon.com/forums/threads/3740067/\">thread on Smogon.</a></div>\n|badge|p2|bronze|gen9randombattle|100-9\n|uhtml|medal-msg|<div class=\"broadcast-blue\">Curious what those medals under the avatar are? PS now has Ladder Seasons! For more information, check out the <a href=\"https://www.smogon.com/forums/threads/3740067/\">thread on Smogon.</a></div>\n|j|\u2606a rabbit\n|j|\u2606notmetbh102\n|t:|1782750403\n|gametype|singles\n|player|p1|a rabbit|#scl2breakers|2297\n|player|p2|notmetbh102|2|2313\n|gen|9\n|tier|[Gen 9] Random Battle\n|rated|\n|rule|Species Clause: Limit one of each Pok\u00e9mon\n|rule|HP Percentage Mod: HP is shown in percentages\n|rule|Sleep Clause Mod: Limit one foe put to sleep\n|rule|Illusion Level Mod: Illusion disguises the Pok\u00e9mon's true level\n|\n|t:|1782750403\n|teamsize|p1|6\n|teamsize|p2|6\n|start\n|switch|p1a: Dragalge|Dragalge, L88, F|258/258\n|switch|p2a: Wyrdeer|Wyrdeer, L87, M|321/321\n|-ability|p2a: Wyrdeer|Intimidate|boost\n|-unboost|p1a: Dragalge|atk|1\n|turn|1\n|inactive|Battle timer is ON: inactive players will automatically lose when time's up. (requested by notmetbh102)\n|c|\u2606notmetbh102|hf\n|\n|t:|1782750410\n|switch|p1a: Sandslash|Sandslash-Alola, L88, F|275/275\n|move|p2a: Wyrdeer|Earthquake|p1a: Sandslash\n|-supereffective|p1a: Sandslash\n|-damage|p1a: Sandslash|159/275\n|\n|upkeep\n|turn|2\n|\n|t:|1782750412\n|switch|p2a: Conkeldurr|Conkeldurr, L80, M|299/299\n|move|p1a: Sandslash|Knock Off|p2a: Conkeldurr\n|-resisted|p2a: Conkeldurr\n|-damage|p2a: Conkeldurr|264/299\n|-enditem|p2a: Conkeldurr|Flame Orb|[from] move: Knock Off|[of] p1a: Sandslash\n|\n|upkeep\n|turn|3\n|\n|t:|1782750419\n|switch|p1a: Dragalge|Dragalge, L88, F|258/258\n|move|p2a: Conkeldurr|Knock Off|p1a: Dragalge\n|-damage|p1a: Dragalge|180/258\n|-enditem|p1a: Dragalge|Leftovers|[from] move: Knock Off|[of] p2a: Conkeldurr\n|\n|upkeep\n|turn|4\n|\n|t:|1782750424\n|switch|p2a: Hitmontop|Hitmontop, L88, M|231/231\n|move|p1a: Dragalge|Toxic Spikes|p2a: Hitmontop\n|-sidestart|p2: notmetbh102|move: Toxic Spikes\n|\n|upkeep\n|turn|5\n|\n|t:|1782750429\n|switch|p1a: Mesprit|Mesprit, L85|275/275\n|move|p2a: Hitmontop|Triple Axel|p1a: Mesprit\n|-damage|p1a: Mesprit|253/275\n|-damage|p1a: Mesprit|211/275\n|-hitcount|p1a: Mesprit|2\n|\n|-heal|p1a: Mesprit|228/275|[from] item: Leftovers\n|upkeep\n|turn|6\n|\n|t:|1782750434\n|switch|p2a: Houndoom|Houndoom, L87, F|272/272\n|move|p1a: Mesprit|Psychic Noise|p2a: Houndoom\n|-immune|p2a: Houndoom\n|\n|-heal|p1a: Mesprit|245/275|[from] item: Leftovers\n|upkeep\n|turn|7\n|\n|t:|1782750440\n|switch|p1a: Dragalge|Dragalge, L88, F|180/258\n|move|p2a: Houndoom|Nasty Plot|p2a: Houndoom\n|-boost|p2a: Houndoom|spa|2\n|\n|upkeep\n|turn|8\n|\n|t:|1782750442\n|move|p2a: Houndoom|Dark Pulse|p1a: Dragalge\n|-damage|p1a: Dragalge|26/258\n|move|p1a: Dragalge|Draco Meteor|p2a: Houndoom\n|-damage|p2a: Houndoom|54/272\n|-unboost|p1a: Dragalge|spa|2\n|\n|upkeep\n|turn|9\n|\n|t:|1782750451\n|move|p2a: Houndoom|Dark Pulse|p1a: Dragalge\n|-damage|p1a: Dragalge|0 fnt\n|faint|p1a: Dragalge\n|\n|upkeep\n|\n|t:|1782750453\n|switch|p1a: Zacian|Zacian-Crowned, L64|225/225\n|-ability|p1a: Zacian|Intrepid Sword|boost\n|-boost|p1a: Zacian|atk|1\n|turn|10\n|\n|t:|1782750457\n|move|p1a: Zacian|Behemoth Blade|p2a: Houndoom\n|-resisted|p2a: Houndoom\n|-damage|p2a: Houndoom|0 fnt\n|faint|p2a: Houndoom\n|\n|upkeep\n|\n|t:|1782750457\n|switch|p2a: Vikavolt|Vikavolt, L83, M|263/263\n|turn|11\n|\n|t:|1782750484\n|move|p1a: Zacian|Swords Dance|p1a: Zacian\n|-boost|p1a: Zacian|atk|2\n|move|p2a: Vikavolt|Discharge|p1a: Zacian\n|-crit|p1a: Zacian\n|-damage|p1a: Zacian|50/225\n|-status|p1a: Zacian|par\n|\n|upkeep\n|turn|12\n|\n|t:|1782750490\n|move|p2a: Vikavolt|Sticky Web|p1a: Zacian\n|-sidestart|p1: a rabbit|move: Sticky Web\n|move|p1a: Zacian|Play Rough|p2a: Vikavolt\n|-damage|p2a: Vikavolt|77/263\n|\n|upkeep\n|turn|13\n|\n|t:|1782750494\n|move|p2a: Vikavolt|Energy Ball|p1a: Zacian\n|-resisted|p1a: Zacian\n|-damage|p1a: Zacian|3/225 par\n|move|p1a: Zacian|Behemoth Blade|p2a: Vikavolt\n|-resisted|p2a: Vikavolt\n|-damage|p2a: Vikavolt|0 fnt\n|faint|p2a: Vikavolt\n|\n|upkeep\n|\n|t:|1782750495\n|switch|p2a: Hitmontop|Hitmontop, L88, M|231/231\n|-status|p2a: Hitmontop|psn\n|turn|14\n|\n|t:|1782750498\n|switch|p1a: Oricorio|Oricorio-Sensu, L85, M|266/266\n|move|p2a: Hitmontop|Rapid Spin|p1a: Oricorio\n|-immune|p1a: Oricorio\n|\n|-damage|p2a: Hitmontop|203/231 psn|[from] psn\n|upkeep\n|turn|15\n|\n|t:|1782750503\n|move|p1a: Oricorio|Hurricane|p2a: Hitmontop|[miss]\n|-miss|p1a: Oricorio|p2a: Hitmontop\n|move|p2a: Hitmontop|Triple Axel|p1a: Oricorio\n|-supereffective|p1a: Oricorio\n|-damage|p1a: Oricorio|212/266\n|-supereffective|p1a: Oricorio\n|-damage|p1a: Oricorio|108/266\n|-supereffective|p1a: Oricorio\n|-damage|p1a: Oricorio|0 fnt\n|faint|p1a: Oricorio\n|-hitcount|p1: Oricorio|3\n|\n|-heal|p2a: Hitmontop|217/231 psn|[from] item: Leftovers\n|-damage|p2a: Hitmontop|189/231 psn|[from] psn\n|upkeep\n|\n|t:|1782750508\n|switch|p1a: Mesprit|Mesprit, L85|245/275\n|turn|16\n|\n|t:|1782750511\n|-terastallize|p2a: Hitmontop|Ice\n|move|p1a: Mesprit|Psychic Noise|p2a: Hitmontop\n|-damage|p2a: Hitmontop|120/231 psn\n|-start|p2a: Hitmontop|move: Heal Block\n|move|p2a: Hitmontop|Triple Axel|p1a: Mesprit\n|-damage|p1a: Mesprit|214/275\n|-damage|p1a: Mesprit|153/275\n|-damage|p1a: Mesprit|63/275\n|-hitcount|p1a: Mesprit|3\n|\n|-heal|p1a: Mesprit|80/275|[from] item: Leftovers\n|-damage|p2a: Hitmontop|92/231 psn|[from] psn\n|upkeep\n|turn|17\n|\n|t:|1782750523\n|switch|p2a: Volbeat|Volbeat, L90, M|263/263\n|move|p1a: Mesprit|Psychic Noise|p2a: Volbeat\n|-damage|p2a: Volbeat|175/263\n|-start|p2a: Volbeat|move: Heal Block\n|\n|-heal|p1a: Mesprit|97/275|[from] item: Leftovers\n|upkeep\n|turn|18\n|\n|t:|1782750528\n|switch|p1a: Sandslash|Sandslash-Alola, L88, F|159/275\n|-activate|p1a: Sandslash|move: Sticky Web\n|-unboost|p1a: Sandslash|spe|1\n|move|p2a: Volbeat|Lunge|p1a: Sandslash\n|-resisted|p1a: Sandslash\n|-damage|p1a: Sandslash|128/275\n|-unboost|p1a: Sandslash|atk|1\n|\n|-end|p2a: Volbeat|move: Heal Block\n|upkeep\n|turn|19\n|\n|t:|1782750534\n|move|p2a: Volbeat|Thunder Wave|p1a: Sandslash\n|-status|p1a: Sandslash|par\n|move|p1a: Sandslash|Iron Head|p2a: Volbeat\n|-damage|p2a: Volbeat|105/263\n|\n|upkeep\n|turn|20\n|\n|t:|1782750536\n|move|p2a: Volbeat|Roost|p2a: Volbeat\n|-heal|p2a: Volbeat|237/263\n|-singleturn|p2a: Volbeat|move: Roost\n|move|p1a: Sandslash|Rapid Spin|p2a: Volbeat\n|-crit|p2a: Volbeat\n|-damage|p2a: Volbeat|168/263\n|-boost|p1a: Sandslash|spe|1\n|-sideend|p1: a rabbit|Sticky Web|[from] move: Rapid Spin|[of] p1a: Sandslash\n|\n|upkeep\n|turn|21\n|\n|t:|1782750545\n|move|p2a: Volbeat|Lunge|p1a: Sandslash\n|-resisted|p1a: Sandslash\n|-damage|p1a: Sandslash|100/275 par\n|-unboost|p1a: Sandslash|atk|1\n|cant|p1a: Sandslash|par\n|\n|upkeep\n|turn|22\n|\n|t:|1782750550\n|move|p2a: Volbeat|Roost|p2a: Volbeat\n|-heal|p2a: Volbeat|263/263\n|-singleturn|p2a: Volbeat|move: Roost\n|move|p1a: Sandslash|Knock Off|p2a: Volbeat\n|-damage|p2a: Volbeat|225/263\n|-enditem|p2a: Volbeat|Heavy-Duty Boots|[from] move: Knock Off|[of] p1a: Sandslash\n|\n|upkeep\n|turn|23\n|\n|t:|1782750554\n|switch|p1a: Zacian|Zacian-Crowned, L64|3/225 par\n|move|p2a: Volbeat|Lunge|p1a: Zacian\n|-resisted|p1a: Zacian\n|-damage|p1a: Zacian|0 fnt\n|faint|p1a: Zacian\n|\n|upkeep\n|\n|t:|1782750558\n|switch|p1a: Arboliva|Arboliva, L91, M|290/290\n|turn|24\n|\n|t:|1782750561\n|move|p2a: Volbeat|Thunder Wave|p1a: Arboliva\n|-status|p1a: Arboliva|par\n|cant|p1a: Arboliva|par\n|\n|upkeep\n|turn|25\n|\n|t:|1782750564\n|move|p2a: Volbeat|Lunge|p1a: Arboliva\n|-supereffective|p1a: Arboliva\n|-damage|p1a: Arboliva|140/290 par\n|-unboost|p1a: Arboliva|atk|1\n|-fieldstart|move: Grassy Terrain|[from] ability: Seed Sower|[of] p1a: Arboliva\n|move|p1a: Arboliva|Strength Sap|p2a: Volbeat\n|-unboost|p2a: Volbeat|atk|1\n|-heal|p1a: Arboliva|290/290 par\n|\n|-heal|p2a: Volbeat|241/263|[from] Grassy Terrain\n|upkeep\n|turn|26\n|\n|t:|1782750574\n|move|p2a: Volbeat|Lunge|p1a: Arboliva\n|-supereffective|p1a: Arboliva\n|-damage|p1a: Arboliva|200/290 par\n|-unboost|p1a: Arboliva|atk|1\n|cant|p1a: Arboliva|par\n|\n|-heal|p2a: Volbeat|257/263|[from] Grassy Terrain\n|-heal|p1a: Arboliva|218/290 par|[from] Grassy Terrain\n|-heal|p1a: Arboliva|236/290 par|[from] item: Leftovers\n|upkeep\n|turn|27\n|\n|t:|1782750579\n|move|p2a: Volbeat|Lunge|p1a: Arboliva\n|-supereffective|p1a: Arboliva\n|-damage|p1a: Arboliva|138/290 par\n|-unboost|p1a: Arboliva|atk|1\n|move|p1a: Arboliva|Hyper Voice|p2a: Volbeat\n|-damage|p2a: Volbeat|121/263\n|\n|-heal|p2a: Volbeat|137/263|[from] Grassy Terrain\n|-heal|p1a: Arboliva|156/290 par|[from] Grassy Terrain\n|-heal|p1a: Arboliva|174/290 par|[from] item: Leftovers\n|upkeep\n|turn|28\n|\n|t:|1782750583\n|move|p2a: Volbeat|Roost|p2a: Volbeat\n|-heal|p2a: Volbeat|263/263\n|-singleturn|p2a: Volbeat|move: Roost\n|move|p1a: Arboliva|Strength Sap|p2a: Volbeat\n|-unboost|p2a: Volbeat|atk|1\n|-heal|p1a: Arboliva|290/290 par\n|\n|upkeep\n|turn|29\n|\n|t:|1782750584\n|move|p2a: Volbeat|Lunge|p1a: Arboliva\n|-supereffective|p1a: Arboliva\n|-damage|p1a: Arboliva|216/290 par\n|-unboost|p1a: Arboliva|atk|1\n|move|p1a: Arboliva|Hyper Voice|p2a: Volbeat\n|-damage|p2a: Volbeat|142/263\n|\n|-heal|p2a: Volbeat|158/263|[from] Grassy Terrain\n|-heal|p1a: Arboliva|234/290 par|[from] Grassy Terrain\n|-heal|p1a: Arboliva|252/290 par|[from] item: Leftovers\n|-fieldend|move: Grassy Terrain\n|upkeep\n|turn|30\n|\n|t:|1782750587\n|move|p2a: Volbeat|Roost|p2a: Volbeat\n|-heal|p2a: Volbeat|263/263\n|-singleturn|p2a: Volbeat|move: Roost\n|cant|p1a: Arboliva|par\n|\n|-heal|p1a: Arboliva|270/290 par|[from] item: Leftovers\n|upkeep\n|turn|31\n|\n|t:|1782750589\n|move|p2a: Volbeat|Lunge|p1a: Arboliva\n|-supereffective|p1a: Arboliva\n|-damage|p1a: Arboliva|196/290 par\n|-unboost|p1a: Arboliva|atk|1\n|-fieldstart|move: Grassy Terrain|[from] ability: Seed Sower|[of] p1a: Arboliva\n|move|p1a: Arboliva|Hyper Voice|p2a: Volbeat\n|-damage|p2a: Volbeat|125/263\n|\n|-heal|p2a: Volbeat|141/263|[from] Grassy Terrain\n|-heal|p1a: Arboliva|214/290 par|[from] Grassy Terrain\n|-heal|p1a: Arboliva|232/290 par|[from] item: Leftovers\n|upkeep\n|turn|32\n|\n|t:|1782750592\n|move|p2a: Volbeat|Roost|p2a: Volbeat\n|-heal|p2a: Volbeat|263/263\n|-singleturn|p2a: Volbeat|move: Roost\n|move|p1a: Arboliva|Hyper Voice|p2a: Volbeat\n|-damage|p2a: Volbeat|124/263\n|\n|-heal|p2a: Volbeat|140/263|[from] Grassy Terrain\n|-heal|p1a: Arboliva|250/290 par|[from] Grassy Terrain\n|-heal|p1a: Arboliva|268/290 par|[from] item: Leftovers\n|upkeep\n|turn|33\n|\n|t:|1782750595\n|move|p2a: Volbeat|Roost|p2a: Volbeat\n|-heal|p2a: Volbeat|263/263\n|-singleturn|p2a: Volbeat|move: Roost\n|cant|p1a: Arboliva|par\n|\n|-heal|p1a: Arboliva|286/290 par|[from] Grassy Terrain\n|-heal|p1a: Arboliva|290/290 par|[from] item: Leftovers\n|upkeep\n|turn|34\n|\n|t:|1782750598\n|move|p2a: Volbeat|Lunge|p1a: Arboliva\n|-supereffective|p1a: Arboliva\n|-damage|p1a: Arboliva|212/290 par\n|-unboost|p1a: Arboliva|atk|1\n|move|p1a: Arboliva|Hyper Voice|p2a: Volbeat\n|-damage|p2a: Volbeat|134/263\n|\n|-heal|p2a: Volbeat|150/263|[from] Grassy Terrain\n|-heal|p1a: Arboliva|230/290 par|[from] Grassy Terrain\n|-heal|p1a: Arboliva|248/290 par|[from] item: Leftovers\n|upkeep\n|turn|35\n|\n|t:|1782750601\n|move|p2a: Volbeat|Roost|p2a: Volbeat\n|-heal|p2a: Volbeat|263/263\n|-singleturn|p2a: Volbeat|move: Roost\n|move|p1a: Arboliva|Strength Sap|p2a: Volbeat\n|-unboost|p2a: Volbeat|atk|1\n|-heal|p1a: Arboliva|290/290 par\n|\n|-fieldend|move: Grassy Terrain\n|upkeep\n|turn|36\n|\n|t:|1782750604\n|move|p2a: Volbeat|Lunge|p1a: Arboliva\n|-supereffective|p1a: Arboliva\n|-damage|p1a: Arboliva|230/290 par\n|-fieldstart|move: Grassy Terrain|[from] ability: Seed Sower|[of] p1a: Arboliva\n|cant|p1a: Arboliva|par\n|\n|-heal|p1a: Arboliva|248/290 par|[from] Grassy Terrain\n|-heal|p1a: Arboliva|266/290 par|[from] item: Leftovers\n|upkeep\n|turn|37\n|\n|t:|1782750608\n|move|p2a: Volbeat|Lunge|p1a: Arboliva\n|-supereffective|p1a: Arboliva\n|-damage|p1a: Arboliva|204/290 par\n|move|p1a: Arboliva|Hyper Voice|p2a: Volbeat\n|-damage|p2a: Volbeat|122/263\n|\n|-heal|p2a: Volbeat|138/263|[from] Grassy Terrain\n|-heal|p1a: Arboliva|222/290 par|[from] Grassy Terrain\n|-heal|p1a: Arboliva|240/290 par|[from] item: Leftovers\n|upkeep\n|turn|38\n|\n|t:|1782750611\n|move|p2a: Volbeat|Roost|p2a: Volbeat\n|-heal|p2a: Volbeat|263/263\n|-singleturn|p2a: Volbeat|move: Roost\n|move|p1a: Arboliva|Hyper Voice|p2a: Volbeat\n|-damage|p2a: Volbeat|142/263\n|\n|-heal|p2a: Volbeat|158/263|[from] Grassy Terrain\n|-heal|p1a: Arboliva|258/290 par|[from] Grassy Terrain\n|-heal|p1a: Arboliva|276/290 par|[from] item: Leftovers\n|upkeep\n|turn|39\n|\n|t:|1782750613\n|move|p2a: Volbeat|Lunge|p1a: Arboliva\n|-supereffective|p1a: Arboliva\n|-damage|p1a: Arboliva|214/290 par\n|move|p1a: Arboliva|Hyper Voice|p2a: Volbeat\n|-damage|p2a: Volbeat|34/263\n|\n|-heal|p2a: Volbeat|50/263|[from] Grassy Terrain\n|-heal|p1a: Arboliva|232/290 par|[from] Grassy Terrain\n|-heal|p1a: Arboliva|250/290 par|[from] item: Leftovers\n|upkeep\n|turn|40\n|\n|t:|1782750626\n|move|p2a: Volbeat|Lunge|p1a: Arboliva\n|-supereffective|p1a: Arboliva\n|-crit|p1a: Arboliva\n|-damage|p1a: Arboliva|40/290 par\n|move|p1a: Arboliva|Strength Sap|p2a: Volbeat\n|-unboost|p2a: Volbeat|atk|1\n|-heal|p1a: Arboliva|113/290 par\n|\n|-heal|p2a: Volbeat|66/263|[from] Grassy Terrain\n|-heal|p1a: Arboliva|131/290 par|[from] Grassy Terrain\n|-heal|p1a: Arboliva|149/290 par|[from] item: Leftovers\n|-fieldend|move: Grassy Terrain\n|upkeep\n|turn|41\n|\n|t:|1782750630\n|move|p2a: Volbeat|Lunge|p1a: Arboliva\n|-supereffective|p1a: Arboliva\n|-damage|p1a: Arboliva|99/290 par\n|-fieldstart|move: Grassy Terrain|[from] ability: Seed Sower|[of] p1a: Arboliva\n|move|p1a: Arboliva|Strength Sap|p2a: Volbeat\n|-unboost|p2a: Volbeat|atk|1\n|-heal|p1a: Arboliva|160/290 par\n|\n|-heal|p2a: Volbeat|82/263|[from] Grassy Terrain\n|-heal|p1a: Arboliva|178/290 par|[from] Grassy Terrain\n|-heal|p1a: Arboliva|196/290 par|[from] item: Leftovers\n|upkeep\n|turn|42\n|\n|t:|1782750633\n|move|p2a: Volbeat|Lunge|p1a: Arboliva\n|-supereffective|p1a: Arboliva\n|-damage|p1a: Arboliva|154/290 par\n|move|p1a: Arboliva|Strength Sap|p2a: Volbeat\n|-unboost|p2a: Volbeat|atk|1\n|-heal|p1a: Arboliva|206/290 par\n|\n|-heal|p2a: Volbeat|98/263|[from] Grassy Terrain\n|-heal|p1a: Arboliva|224/290 par|[from] Grassy Terrain\n|-heal|p1a: Arboliva|242/290 par|[from] item: Leftovers\n|upkeep\n|turn|43\n|\n|t:|1782750636\n|move|p2a: Volbeat|Lunge|p1a: Arboliva\n|-supereffective|p1a: Arboliva\n|-damage|p1a: Arboliva|204/290 par\n|cant|p1a: Arboliva|par\n|\n|-heal|p2a: Volbeat|114/263|[from] Grassy Terrain\n|-heal|p1a: Arboliva|222/290 par|[from] Grassy Terrain\n|-heal|p1a: Arboliva|240/290 par|[from] item: Leftovers\n|upkeep\n|turn|44\n|\n|t:|1782750639\n|move|p2a: Volbeat|Lunge|p1a: Arboliva\n|-supereffective|p1a: Arboliva\n|-damage|p1a: Arboliva|204/290 par\n|move|p1a: Arboliva|Hyper Voice|p2a: Volbeat\n|-damage|p2a: Volbeat|0 fnt\n|faint|p2a: Volbeat\n|\n|-heal|p1a: Arboliva|222/290 par|[from] Grassy Terrain\n|-heal|p1a: Arboliva|240/290 par|[from] item: Leftovers\n|upkeep\n|\n|t:|1782750639\n|switch|p2a: Hitmontop|Hitmontop, L88, M, tera:Ice|92/231 psn\n|turn|45\n|\n|t:|1782750642\n|move|p2a: Hitmontop|Triple Axel|p1a: Arboliva\n|-supereffective|p1a: Arboliva\n|-damage|p1a: Arboliva|172/290 par\n|-supereffective|p1a: Arboliva\n|-damage|p1a: Arboliva|44/290 par\n|-supereffective|p1a: Arboliva\n|-damage|p1a: Arboliva|0 fnt\n|faint|p1a: Arboliva\n|-hitcount|p1: Arboliva|3\n|\n|-heal|p2a: Hitmontop|106/231 psn|[from] Grassy Terrain\n|-heal|p2a: Hitmontop|120/231 psn|[from] item: Leftovers\n|-damage|p2a: Hitmontop|92/231 psn|[from] psn\n|-fieldend|move: Grassy Terrain\n|upkeep\n|\n|t:|1782750645\n|switch|p1a: Mesprit|Mesprit, L85|97/275\n|turn|46\n|\n|t:|1782750649\n|move|p1a: Mesprit|Psychic Noise|p2a: Hitmontop\n|-damage|p2a: Hitmontop|23/231 psn\n|-start|p2a: Hitmontop|move: Heal Block\n|move|p2a: Hitmontop|Triple Axel|p1a: Mesprit\n|-damage|p1a: Mesprit|67/275\n|-damage|p1a: Mesprit|1/275\n|-damage|p1a: Mesprit|0 fnt\n|faint|p1a: Mesprit\n|-hitcount|p1: Mesprit|3\n|\n|-damage|p2a: Hitmontop|0 fnt|[from] psn\n|faint|p2a: Hitmontop\n|upkeep\n|\n|t:|1782750653\n|switch|p1a: Sandslash|Sandslash-Alola, L88, F|100/275 par\n|switch|p2a: Conkeldurr|Conkeldurr, L80, M|264/299\n|-status|p2a: Conkeldurr|psn\n|turn|47\n|\n|t:|1782750655\n|-terastallize|p1a: Sandslash|Flying\n|move|p2a: Conkeldurr|Close Combat|p1a: Sandslash\n|-resisted|p1a: Sandslash\n|-damage|p1a: Sandslash|13/275 par\n|-unboost|p2a: Conkeldurr|def|1\n|-unboost|p2a: Conkeldurr|spd|1\n|cant|p1a: Sandslash|par\n|\n|-damage|p2a: Conkeldurr|227/299 psn|[from] psn\n|upkeep\n|turn|48\n|\n|t:|1782750659\n|move|p2a: Conkeldurr|Facade|p1a: Sandslash\n|-crit|p1a: Sandslash\n|-damage|p1a: Sandslash|0 fnt\n|faint|p1a: Sandslash\n|\n|win|notmetbh102\n|raw|a rabbit's rating: 2297 &rarr; <strong>2278</strong><br />(-19 for losing)\n|raw|notmetbh102's rating: 2313 &rarr; <strong>2332</strong><br />(+19 for winning)\n|c|\u2606notmetbh102|gg\n", "inputlog": ">version f8ac14003a5f27e1bdc8d8c59608a773c1cb96e5\n>start {\"formatid\":\"gen9randombattle\",\"seed\":\"sodium,5e9837ab04e9762270d7e0b6a56630dc\",\"rated\":\"Rated battle\"}\n>player p1 {\"name\":\"a rabbit\",\"avatar\":\"#scl2breakers\",\"rating\":2297,\"seed\":\"sodium,7a4126e19fcbdb38100bec2f8a51ed5a\"}\n>player p2 {\"name\":\"notmetbh102\",\"avatar\":\"2\",\"rating\":2313,\"seed\":\"sodium,1d02713bd1cd001b2902a867e5f07df0\"}\n>chat \u2606notmetbh102|hf\n>p1 switch 5\n>p2 move earthquake\n>p1 move knockoff\n>p2 switch 4\n>p1 switch 5\n>p2 move knockoff\n>p1 move toxicspikes\n>p2 switch 5\n>p1 switch 4\n>p2 move tripleaxel\n>p1 move psychicnoise\n>p2 switch 6\n>p1 switch 4\n>p2 move nastyplot\n>p1 move dracometeor\n>p2 move darkpulse\n>p1 move sludgewave\n>p2 move darkpulse\n>p1 switch 6\n>p1 move behemothblade\n>p2 move fireblast\n>p2 switch 2\n>p1 move swordsdance\n>p2 move discharge\n>p1 move playrough\n>p2 move stickyweb\n>p1 move behemothblade\n>p2 move energyball\n>p2 switch 6\n>p1 switch 3\n>p2 move rapidspin\n>p1 move hurricane\n>p2 move tripleaxel\n>p1 switch 4\n>p1 move psychicnoise\n>p2 move tripleaxel terastallize\n>p1 move psychicnoise\n>p2 switch 3\n>p1 switch 5\n>p2 move lunge\n>p1 move ironhead\n>p2 move thunderwave\n>p1 move rapidspin\n>p2 move roost\n>p1 move knockoff\n>p2 move lunge\n>p1 move knockoff\n>p2 move roost\n>p1 switch 3\n>p2 move lunge\n>p1 switch 2\n>p1 move strengthsap\n>p2 move thunderwave\n>p1 move strengthsap\n>p2 move lunge\n>p1 move hypervoice\n>p2 move lunge\n>p1 move hypervoice\n>p2 move lunge\n>p1 move strengthsap\n>p2 move roost\n>p1 move hypervoice\n>p2 move lunge\n>p1 move hypervoice\n>p2 move roost\n>p1 move hypervoice\n>p2 move lunge\n>p1 move hypervoice\n>p2 move roost\n>p1 move hypervoice\n>p2 move roost\n>p1 move hypervoice\n>p2 move lunge\n>p1 move strengthsap\n>p2 move roost\n>p1 move hypervoice\n>p2 move lunge\n>p1 move hypervoice\n>p2 move lunge\n>p1 move hypervoice\n>p2 move roost\n>p1 move hypervoice\n>p2 move lunge\n>p1 move strengthsap\n>p2 move lunge\n>p1 move strengthsap\n>p2 move lunge\n>p1 move strengthsap\n>p2 move lunge\n>p1 move hypervoice\n>p2 move lunge\n>p1 move hypervoice\n>p2 move lunge\n>p2 switch 3\n>p1 move energyball\n>p2 move tripleaxel\n>p1 switch 5\n>p1 move psychicnoise\n>p2 move tripleaxel\n>p1 switch 3\n>p2 switch 5\n>p1 move rapidspin terastallize\n>p2 move closecombat\n>p1 move tripleaxel\n>p2 move facade", "uploadtime": 1782750660, "views": 7, "formatid": "gen9randombattle", "rating": 2278, "private": 0, "password": null, "player_dets": [{"name": "a rabbit", "avatar": "#scl2breakers", "rating": 2297, "seed": "sodium,7a4126e19fcbdb38100bec2f8a51ed5a"}, {"name": "notmetbh102", "avatar": "2", "rating": 2313, "seed": "sodium,1d02713bd1cd001b2902a867e5f07df0"}], "teams_full": [{"Dragalge": {"name": "Dragalge", "species": "Dragalge", "speciesId": "dragalge", "gender": "F", "shiny": false, "level": 88, "moves": ["toxicspikes", "dracometeor", "focusblast", "sludgewave"], "ability": "Adaptability", "evs": {"hp": 85, "atk": 0, "def": 85, "spa": 85, "spd": 85, "spe": 85}, "ivs": {"hp": 31, "atk": 0, "def": 31, "spa": 31, "spd": 31, "spe": 31}, "item": "Leftovers", "teraType": "Fighting", "role": "Bulky Attacker", "bvs": {"hp": 65, "atk": 75, "def": 90, "spa": 97, "spd": 123, "spe": 44}, "stats": {"hp": 258, "atk": 137, "def": 209, "spa": 221, "spd": 267, "spe": 128}, "types": ["Poison", "Dragon"]}, "Arboliva": {"name": "Arboliva", "species": "Arboliva", "speciesId": "arboliva", "gender": "M", "shiny": false, "level": 91, "moves": ["hypervoice", "energyball", "earthpower", "strengthsap"], "ability": "Seed Sower", "evs": {"hp": 85, "atk": 0, "def": 85, "spa": 85, "spd": 85, "spe": 85}, "ivs": {"hp": 31, "atk": 0, "def": 31, "spa": 31, "spd": 31, "spe": 31}, "item": "Leftovers", "teraType": "Ground", "role": "Bulky Attacker", "bvs": {"hp": 78, "atk": 69, "def": 90, "spa": 125, "spd": 109, "spe": 39}, "stats": {"hp": 290, "atk": 130, "def": 216, "spa": 279, "spd": 250, "spe": 123}, "types": ["Grass", "Normal"]}, "Oricorio": {"name": "Oricorio", "species": "Oricorio-Sensu", "speciesId": "oricoriosensu", "gender": "M", "shiny": false, "level": 85, "moves": ["revelationdance", "roost", "quiverdance", "hurricane"], "ability": "Dancer", "evs": {"hp": 85, "atk": 0, "def": 85, "spa": 85, "spd": 85, "spe": 85}, "ivs": {"hp": 31, "atk": 0, "def": 31, "spa": 31, "spd": 31, "spe": 31}, "item": "Heavy-Duty Boots", "teraType": "Fighting", "role": "Setup Sweeper", "bvs": {"hp": 75, "atk": 70, "def": 70, "spa": 98, "spd": 70, "spe": 93}, "stats": {"hp": 266, "atk": 124, "def": 168, "spa": 215, "spd": 168, "spe": 207}, "types": ["Ghost", "Flying"]}, "Mesprit": {"name": "Mesprit", "species": "Mesprit", "speciesId": "mesprit", "gender": "N", "shiny": false, "level": 85, "moves": ["uturn", "knockoff", "stealthrock", "psychicnoise"], "ability": "Levitate", "evs": {"hp": 85, "atk": 85, "def": 85, "spa": 85, "spd": 85, "spe": 85}, "ivs": {"hp": 31, "atk": 31, "def": 31, "spa": 31, "spd": 31, "spe": 31}, "item": "Leftovers", "teraType": "Steel", "role": "Bulky Support", "bvs": {"hp": 80, "atk": 105, "def": 105, "spa": 105, "spd": 105, "spe": 80}, "stats": {"hp": 275, "atk": 227, "def": 227, "spa": 227, "spd": 227, "spe": 185}, "types": ["Psychic"]}, "Sandslash": {"name": "Sandslash", "species": "Sandslash-Alola", "speciesId": "sandslashalola", "gender": "F", "shiny": false, "level": 88, "moves": ["ironhead", "rapidspin", "tripleaxel", "knockoff"], "ability": "Slush Rush", "evs": {"hp": 85, "atk": 85, "def": 85, "spa": 85, "spd": 85, "spe": 85}, "ivs": {"hp": 31, "atk": 31, "def": 31, "spa": 31, "spd": 31, "spe": 31}, "item": "Assault Vest", "teraType": "Flying", "role": "Bulky Support", "bvs": {"hp": 75, "atk": 100, "def": 120, "spa": 25, "spd": 65, "spe": 65}, "stats": {"hp": 275, "atk": 226, "def": 261, "spa": 94, "spd": 165, "spe": 165}, "types": ["Ice", "Steel"]}, "Zacian": {"name": "Zacian", "species": "Zacian", "speciesId": "zaciancrowned", "gender": "N", "shiny": false, "level": 64, "moves": ["behemothblade", "playrough", "swordsdance", "closecombat"], "ability": "Intrepid Sword", "evs": {"hp": 85, "atk": 85, "def": 85, "spa": 85, "spd": 85, "spe": 85}, "ivs": {"hp": 31, "atk": 31, "def": 31, "spa": 31, "spd": 31, "spe": 31}, "item": "Rusted Sword", "teraType": "Fighting", "role": "Setup Sweeper", "bvs": {"hp": 92, "atk": 150, "def": 115, "spa": 80, "spd": 115, "spe": 148}, "stats": {"hp": 225, "atk": 230, "def": 185, "spa": 140, "spd": 185, "spe": 227}, "types": ["Fairy", "Steel"]}}, {"Wyrdeer": {"name": "Wyrdeer", "species": "Wyrdeer", "speciesId": "wyrdeer", "gender": "M", "shiny": false, "level": 87, "moves": ["earthquake", "psychicnoise", "megahorn", "thunderwave"], "ability": "Intimidate", "evs": {"hp": 85, "atk": 85, "def": 85, "spa": 85, "spd": 85, "spe": 85}, "ivs": {"hp": 31, "atk": 31, "def": 31, "spa": 31, "spd": 31, "spe": 31}, "item": "Leftovers", "teraType": "Ground", "role": "Bulky Attacker", "bvs": {"hp": 103, "atk": 105, "def": 72, "spa": 105, "spd": 75, "spe": 65}, "stats": {"hp": 321, "atk": 232, "def": 175, "spa": 232, "spd": 180, "spe": 163}, "types": ["Normal", "Psychic"]}, "Vikavolt": {"name": "Vikavolt", "species": "Vikavolt", "speciesId": "vikavolt", "gender": "M", "shiny": false, "level": 83, "moves": ["energyball", "stickyweb", "discharge", "bugbuzz"], "ability": "Levitate", "evs": {"hp": 85, "atk": 0, "def": 85, "spa": 85, "spd": 85, "spe": 85}, "ivs": {"hp": 31, "atk": 0, "def": 31, "spa": 31, "spd": 31, "spe": 31}, "item": "Heavy-Duty Boots", "teraType": "Electric", "role": "Bulky Support", "bvs": {"hp": 77, "atk": 70, "def": 90, "spa": 145, "spd": 75, "spe": 43}, "stats": {"hp": 263, "atk": 121, "def": 197, "spa": 288, "spd": 172, "spe": 119}, "types": ["Bug", "Electric"]}, "Volbeat": {"name": "Volbeat", "species": "Volbeat", "speciesId": "volbeat", "gender": "M", "shiny": false, "level": 90, "moves": ["lunge", "roost", "thunderwave", "encore"], "ability": "Prankster", "evs": {"hp": 85, "atk": 85, "def": 85, "spa": 85, "spd": 85, "spe": 85}, "ivs": {"hp": 31, "atk": 31, "def": 31, "spa": 31, "spd": 31, "spe": 31}, "item": "Heavy-Duty Boots", "teraType": "Steel", "role": "Bulky Attacker", "bvs": {"hp": 65, "atk": 73, "def": 75, "spa": 47, "spd": 85, "spe": 85}, "stats": {"hp": 263, "atk": 183, "def": 186, "spa": 136, "spd": 204, "spe": 204}, "types": ["Bug"]}, "Conkeldurr": {"name": "Conkeldurr", "species": "Conkeldurr", "speciesId": "conkeldurr", "gender": "M", "shiny": false, "level": 80, "moves": ["knockoff", "closecombat", "machpunch", "facade"], "ability": "Guts", "evs": {"hp": 85, "atk": 85, "def": 85, "spa": 85, "spd": 85, "spe": 85}, "ivs": {"hp": 31, "atk": 31, "def": 31, "spa": 31, "spd": 31, "spe": 31}, "item": "Flame Orb", "teraType": "Normal", "role": "Wallbreaker", "bvs": {"hp": 105, "atk": 140, "def": 95, "spa": 55, "spd": 65, "spe": 45}, "stats": {"hp": 299, "atk": 270, "def": 198, "spa": 134, "spd": 150, "spe": 118}, "types": ["Fighting"]}, "Hitmontop": {"name": "Hitmontop", "species": "Hitmontop", "speciesId": "hitmontop", "gender": "M", "shiny": false, "level": 88, "moves": ["rapidspin", "bulkup", "tripleaxel", "closecombat"], "ability": "Technician", "evs": {"hp": 85, "atk": 85, "def": 85, "spa": 85, "spd": 85, "spe": 85}, "ivs": {"hp": 31, "atk": 31, "def": 31, "spa": 31, "spd": 31, "spe": 31}, "item": "Leftovers", "teraType": "Ice", "role": "Bulky Setup", "bvs": {"hp": 50, "atk": 95, "def": 95, "spa": 35, "spd": 110, "spe": 70}, "stats": {"hp": 231, "atk": 217, "def": 217, "spa": 112, "spd": 244, "spe": 173}, "types": ["Fighting"]}, "Houndoom": {"name": "Houndoom", "species": "Houndoom", "speciesId": "houndoom", "gender": "F", "shiny": false, "level": 87, "moves": ["nastyplot", "fireblast", "darkpulse", "sludgebomb"], "ability": "Flash Fire", "evs": {"hp": 85, "atk": 0, "def": 85, "spa": 85, "spd": 85, "spe": 85}, "ivs": {"hp": 31, "atk": 0, "def": 31, "spa": 31, "spd": 31, "spe": 31}, "item": "Heavy-Duty Boots", "teraType": "Poison", "role": "Fast Attacker", "bvs": {"hp": 75, "atk": 90, "def": 50, "spa": 110, "spd": 80, "spe": 95}, "stats": {"hp": 272, "atk": 161, "def": 137, "spa": 241, "spd": 189, "spe": 215}, "types": ["Dark", "Fire"]}}]}