{"id": "gen9randombattle-2641093570", "format": "[Gen 9] Random Battle", "players": ["AhmedSoulz", "diana_the_banana"], "log": "|j|\u2606AhmedSoulz\n|j|\u2606diana_the_banana\n|t:|1782739481\n|gametype|singles\n|player|p1|AhmedSoulz|fisherman-gen4|1906\n|player|p2|diana_the_banana|170|1966\n|gen|9\n|tier|[Gen 9] Random Battle\n|rated|\n|rule|Species Clause: Limit one of each Pok\u00e9mon\n|rule|HP Percentage Mod: HP is shown in percentages\n|rule|Sleep Clause Mod: Limit one foe put to sleep\n|rule|Illusion Level Mod: Illusion disguises the Pok\u00e9mon's true level\n|\n|t:|1782739481\n|teamsize|p1|6\n|teamsize|p2|6\n|start\n|switch|p1a: Tinkaton|Tinkaton, L82, F|274/274\n|switch|p2a: Torkoal|Torkoal, L88, M|266/266\n|-ability|p1a: Tinkaton|Mold Breaker\n|-weather|SunnyDay|[from] ability: Drought|[of] p2a: Torkoal\n|turn|1\n|\n|t:|1782739495\n|switch|p1a: Torkoal|Torkoal, L88, M|266/266\n|move|p2a: Torkoal|Solar Beam||[still]\n|-prepare|p2a: Torkoal|Solar Beam\n|-anim|p2a: Torkoal|Solar Beam|p1a: Torkoal\n|-resisted|p1a: Torkoal\n|-damage|p1a: Torkoal|222/266\n|\n|-weather|SunnyDay|[upkeep]\n|upkeep\n|turn|2\n|inactive|Battle timer is ON: inactive players will automatically lose when time's up. (requested by AhmedSoulz)\n|\n|t:|1782739509\n|move|p2a: Torkoal|Stealth Rock|p1a: Torkoal\n|-sidestart|p1: AhmedSoulz|move: Stealth Rock\n|move|p1a: Torkoal|Yawn|p2a: Torkoal\n|-start|p2a: Torkoal|move: Yawn|[of] p1a: Torkoal\n|\n|-weather|SunnyDay|[upkeep]\n|upkeep\n|turn|3\n|\n|t:|1782739523\n|switch|p2a: Gumshoos|Gumshoos, L95, F|321/321\n|move|p1a: Torkoal|Rapid Spin|p2a: Gumshoos\n|-damage|p2a: Gumshoos|280/321\n|-boost|p1a: Torkoal|spe|1\n|-sideend|p1: AhmedSoulz|Stealth Rock|[from] move: Rapid Spin|[of] p1a: Torkoal\n|\n|-weather|SunnyDay|[upkeep]\n|upkeep\n|turn|4\n|\n|t:|1782739531\n|move|p2a: Gumshoos|Double-Edge|p1a: Torkoal\n|-damage|p1a: Torkoal|45/266\n|-damage|p2a: Gumshoos|222/321|[from] Recoil\n|move|p1a: Torkoal|Lava Plume|p2a: Gumshoos\n|-crit|p2a: Gumshoos\n|-damage|p2a: Gumshoos|0 fnt\n|faint|p2a: Gumshoos\n|\n|-weather|SunnyDay|[upkeep]\n|upkeep\n|\n|t:|1782739552\n|switch|p2a: Clawitzer|Clawitzer, L87, M|265/265\n|turn|5\n|\n|t:|1782739560\n|move|p2a: Clawitzer|Water Pulse|p1a: Torkoal\n|-supereffective|p1a: Torkoal\n|-damage|p1a: Torkoal|0 fnt\n|faint|p1a: Torkoal\n|\n|-weather|none\n|upkeep\n|\n|t:|1782739567\n|switch|p1a: Venomoth|Venomoth, L84, M|255/255\n|turn|6\n|\n|t:|1782739573\n|move|p1a: Venomoth|Sleep Powder|p2a: Clawitzer|[miss]\n|-miss|p1a: Venomoth|p2a: Clawitzer\n|move|p2a: Clawitzer|Water Pulse|p1a: Venomoth\n|-damage|p1a: Venomoth|53/255\n|\n|upkeep\n|turn|7\n|\n|t:|1782739581\n|switch|p2a: Torkoal|Torkoal, L88, M|266/266\n|-weather|SunnyDay|[from] ability: Drought|[of] p2a: Torkoal\n|move|p1a: Venomoth|Sleep Powder|p2a: Torkoal\n|-status|p2a: Torkoal|slp|[from] move: Sleep Powder\n|\n|-weather|SunnyDay|[upkeep]\n|upkeep\n|turn|8\n|\n|t:|1782739584\n|switch|p2a: Slither Wing|Slither Wing, L81|270/270\n|-activate|p2a: Slither Wing|ability: Protosynthesis\n|-start|p2a: Slither Wing|protosynthesisatk\n|move|p1a: Venomoth|Quiver Dance|p1a: Venomoth\n|-boost|p1a: Venomoth|spa|1\n|-boost|p1a: Venomoth|spd|1\n|-boost|p1a: Venomoth|spe|1\n|\n|-weather|SunnyDay|[upkeep]\n|upkeep\n|turn|9\n|\n|t:|1782739595\n|move|p1a: Venomoth|Sludge Wave|p2a: Slither Wing\n|-damage|p2a: Slither Wing|146/270\n|-status|p2a: Slither Wing|psn\n|move|p2a: Slither Wing|Flame Charge|p1a: Venomoth\n|-supereffective|p1a: Venomoth\n|-damage|p1a: Venomoth|0 fnt\n|-boost|p2a: Slither Wing|spe|1\n|faint|p1a: Venomoth\n|\n|-weather|SunnyDay|[upkeep]\n|-damage|p2a: Slither Wing|113/270 psn|[from] psn\n|upkeep\n|\n|t:|1782739610\n|switch|p1a: Snorlax|Snorlax, L82, M|397/397\n|turn|10\n|\n|t:|1782739615\n|-terastallize|p1a: Snorlax|Poison\n|move|p2a: Slither Wing|Close Combat|p1a: Snorlax\n|-resisted|p1a: Snorlax\n|-damage|p1a: Snorlax|262/397\n|-unboost|p2a: Slither Wing|def|1\n|-unboost|p2a: Slither Wing|spd|1\n|move|p1a: Snorlax|Body Slam|p2a: Slither Wing\n|-damage|p2a: Slither Wing|0 fnt\n|faint|p2a: Slither Wing\n|-end|p2a: Slither Wing|Protosynthesis|[silent]\n|\n|-weather|SunnyDay|[upkeep]\n|-heal|p1a: Snorlax|286/397|[from] item: Leftovers\n|upkeep\n|\n|t:|1782739624\n|switch|p2a: Clawitzer|Clawitzer, L87, M|265/265\n|turn|11\n|\n|t:|1782739632\n|switch|p2a: Volbeat|Volbeat, L90, M|263/263\n|move|p1a: Snorlax|Body Slam|p2a: Volbeat\n|-damage|p2a: Volbeat|164/263\n|-status|p2a: Volbeat|par\n|\n|-weather|none\n|-heal|p1a: Snorlax|310/397|[from] item: Leftovers\n|upkeep\n|turn|12\n|\n|t:|1782739640\n|cant|p2a: Volbeat|par\n|move|p1a: Snorlax|Body Slam|p2a: Volbeat\n|-damage|p2a: Volbeat|62/263 par\n|\n|-heal|p1a: Snorlax|334/397|[from] item: Leftovers\n|upkeep\n|turn|13\n|\n|t:|1782739646\n|move|p2a: Volbeat|Thunder Wave|p1a: Snorlax\n|-status|p1a: Snorlax|par\n|cant|p1a: Snorlax|par\n|\n|-heal|p1a: Snorlax|358/397 par|[from] item: Leftovers\n|upkeep\n|turn|14\n|\n|t:|1782739653\n|move|p2a: Volbeat|Roost|p2a: Volbeat\n|-heal|p2a: Volbeat|194/263 par\n|-singleturn|p2a: Volbeat|move: Roost\n|cant|p1a: Snorlax|par\n|\n|-heal|p1a: Snorlax|382/397 par|[from] item: Leftovers\n|upkeep\n|turn|15\n|\n|t:|1782739659\n|move|p2a: Volbeat|Lunge|p1a: Snorlax\n|-resisted|p1a: Snorlax\n|-damage|p1a: Snorlax|329/397 par\n|-unboost|p1a: Snorlax|atk|1\n|cant|p1a: Snorlax|par\n|\n|-heal|p1a: Snorlax|353/397 par|[from] item: Leftovers\n|upkeep\n|turn|16\n|\n|t:|1782739671\n|switch|p1a: Tinkaton|Tinkaton, L82, F|274/274\n|-ability|p1a: Tinkaton|Mold Breaker\n|cant|p2a: Volbeat|par\n|\n|upkeep\n|turn|17\n|\n|t:|1782739685\n|move|p2a: Volbeat|Thunder Wave|p1a: Tinkaton\n|-status|p1a: Tinkaton|par\n|move|p1a: Tinkaton|Stealth Rock|p2a: Volbeat\n|-sidestart|p2: diana_the_banana|move: Stealth Rock\n|\n|upkeep\n|turn|18\n|\n|t:|1782739690\n|switch|p1a: Snorlax|Snorlax, L82, M, tera:Poison|353/397 par\n|move|p2a: Volbeat|Encore||[still]\n|-fail|p2a: Volbeat\n|\n|-heal|p1a: Snorlax|377/397 par|[from] item: Leftovers\n|upkeep\n|turn|19\n|\n|t:|1782739695\n|switch|p1a: Tinkaton|Tinkaton, L82, F|274/274 par\n|-ability|p1a: Tinkaton|Mold Breaker\n|move|p2a: Volbeat|Lunge|p1a: Tinkaton\n|-resisted|p1a: Tinkaton\n|-damage|p1a: Tinkaton|250/274 par\n|-unboost|p1a: Tinkaton|atk|1\n|\n|-heal|p1a: Tinkaton|267/274 par|[from] item: Leftovers\n|upkeep\n|turn|20\n|\n|t:|1782739700\n|switch|p1a: Snorlax|Snorlax, L82, M, tera:Poison|377/397 par\n|move|p2a: Volbeat|Lunge|p1a: Snorlax\n|-resisted|p1a: Snorlax\n|-damage|p1a: Snorlax|328/397 par\n|-unboost|p1a: Snorlax|atk|1\n|\n|-heal|p1a: Snorlax|352/397 par|[from] item: Leftovers\n|upkeep\n|turn|21\n|\n|t:|1782739703\n|switch|p1a: Tinkaton|Tinkaton, L82, F|267/274 par\n|-ability|p1a: Tinkaton|Mold Breaker\n|move|p2a: Volbeat|Lunge|p1a: Tinkaton\n|-resisted|p1a: Tinkaton\n|-damage|p1a: Tinkaton|244/274 par\n|-unboost|p1a: Tinkaton|atk|1\n|\n|-heal|p1a: Tinkaton|261/274 par|[from] item: Leftovers\n|upkeep\n|turn|22\n|\n|t:|1782739709\n|switch|p1a: Snorlax|Snorlax, L82, M, tera:Poison|352/397 par\n|cant|p2a: Volbeat|par\n|\n|-heal|p1a: Snorlax|376/397 par|[from] item: Leftovers\n|upkeep\n|turn|23\n|\n|t:|1782739713\n|move|p2a: Volbeat|Lunge|p1a: Snorlax\n|-resisted|p1a: Snorlax\n|-damage|p1a: Snorlax|321/397 par\n|-unboost|p1a: Snorlax|atk|1\n|move|p1a: Snorlax|Body Slam|p2a: Volbeat\n|-damage|p2a: Volbeat|130/263 par\n|\n|-heal|p1a: Snorlax|345/397 par|[from] item: Leftovers\n|upkeep\n|turn|24\n|\n|t:|1782739724\n|switch|p1a: Tinkaton|Tinkaton, L82, F|261/274 par\n|-ability|p1a: Tinkaton|Mold Breaker\n|cant|p2a: Volbeat|par\n|\n|-heal|p1a: Tinkaton|274/274 par|[from] item: Leftovers\n|upkeep\n|turn|25\n|\n|t:|1782739728\n|move|p2a: Volbeat|Lunge|p1a: Tinkaton\n|-resisted|p1a: Tinkaton\n|-damage|p1a: Tinkaton|251/274 par\n|-unboost|p1a: Tinkaton|atk|1\n|move|p1a: Tinkaton|Gigaton Hammer|p2a: Volbeat\n|-damage|p2a: Volbeat|30/263 par\n|\n|-heal|p1a: Tinkaton|268/274 par|[from] item: Leftovers\n|upkeep\n|turn|26\n|\n|t:|1782739736\n|move|p2a: Volbeat|Roost|p2a: Volbeat\n|-heal|p2a: Volbeat|162/263 par\n|-singleturn|p2a: Volbeat|move: Roost\n|move|p1a: Tinkaton|Play Rough|p2a: Volbeat\n|-damage|p2a: Volbeat|113/263 par\n|\n|-heal|p1a: Tinkaton|274/274 par|[from] item: Leftovers\n|upkeep\n|turn|27\n|\n|t:|1782739743\n|move|p2a: Volbeat|Lunge|p1a: Tinkaton\n|-resisted|p1a: Tinkaton\n|-damage|p1a: Tinkaton|253/274 par\n|-unboost|p1a: Tinkaton|atk|1\n|cant|p1a: Tinkaton|par\n|\n|-heal|p1a: Tinkaton|270/274 par|[from] item: Leftovers\n|upkeep\n|turn|28\n|\n|t:|1782739749\n|switch|p1a: Snorlax|Snorlax, L82, M, tera:Poison|345/397 par\n|cant|p2a: Volbeat|par\n|\n|-heal|p1a: Snorlax|369/397 par|[from] item: Leftovers\n|upkeep\n|turn|29\n|\n|t:|1782739753\n|move|p2a: Volbeat|Lunge|p1a: Snorlax\n|-resisted|p1a: Snorlax\n|-damage|p1a: Snorlax|317/397 par\n|-unboost|p1a: Snorlax|atk|1\n|move|p1a: Snorlax|Body Slam|p2a: Volbeat\n|-damage|p2a: Volbeat|44/263 par\n|\n|-heal|p1a: Snorlax|341/397 par|[from] item: Leftovers\n|upkeep\n|turn|30\n|\n|t:|1782739762\n|move|p2a: Volbeat|Roost|p2a: Volbeat\n|-heal|p2a: Volbeat|176/263 par\n|-singleturn|p2a: Volbeat|move: Roost\n|cant|p1a: Snorlax|par\n|\n|-heal|p1a: Snorlax|365/397 par|[from] item: Leftovers\n|upkeep\n|turn|31\n|\n|t:|1782739768\n|cant|p2a: Volbeat|par\n|move|p1a: Snorlax|Body Slam|p2a: Volbeat\n|-damage|p2a: Volbeat|110/263 par\n|\n|-heal|p1a: Snorlax|389/397 par|[from] item: Leftovers\n|upkeep\n|turn|32\n|\n|t:|1782739775\n|move|p2a: Volbeat|Lunge|p1a: Snorlax\n|-resisted|p1a: Snorlax\n|-damage|p1a: Snorlax|338/397 par\n|-unboost|p1a: Snorlax|atk|1\n|cant|p1a: Snorlax|par\n|\n|-heal|p1a: Snorlax|362/397 par|[from] item: Leftovers\n|upkeep\n|turn|33\n|\n|t:|1782739781\n|switch|p1a: Tinkaton|Tinkaton, L82, F|270/274 par\n|-ability|p1a: Tinkaton|Mold Breaker\n|move|p2a: Volbeat|Lunge|p1a: Tinkaton\n|-resisted|p1a: Tinkaton\n|-damage|p1a: Tinkaton|246/274 par\n|-unboost|p1a: Tinkaton|atk|1\n|\n|-heal|p1a: Tinkaton|263/274 par|[from] item: Leftovers\n|upkeep\n|turn|34\n|\n|t:|1782739784\n|cant|p2a: Volbeat|par\n|move|p1a: Tinkaton|Gigaton Hammer|p2a: Volbeat\n|-damage|p2a: Volbeat|16/263 par\n|\n|-heal|p1a: Tinkaton|274/274 par|[from] item: Leftovers\n|upkeep\n|turn|35\n|\n|t:|1782739788\n|move|p2a: Volbeat|Roost|p2a: Volbeat\n|-heal|p2a: Volbeat|148/263 par\n|-singleturn|p2a: Volbeat|move: Roost\n|move|p1a: Tinkaton|Play Rough|p2a: Volbeat\n|-damage|p2a: Volbeat|99/263 par\n|\n|upkeep\n|turn|36\n|\n|t:|1782739794\n|switch|p1a: Snorlax|Snorlax, L82, M, tera:Poison|362/397 par\n|cant|p2a: Volbeat|par\n|\n|-heal|p1a: Snorlax|386/397 par|[from] item: Leftovers\n|upkeep\n|turn|37\n|\n|t:|1782739798\n|move|p2a: Volbeat|Roost|p2a: Volbeat\n|-heal|p2a: Volbeat|231/263 par\n|-singleturn|p2a: Volbeat|move: Roost\n|move|p1a: Snorlax|Body Slam|p2a: Volbeat\n|-damage|p2a: Volbeat|128/263 par\n|\n|-heal|p1a: Snorlax|397/397 par|[from] item: Leftovers\n|upkeep\n|turn|38\n|\n|t:|1782739805\n|move|p2a: Volbeat|Lunge|p1a: Snorlax\n|-resisted|p1a: Snorlax\n|-damage|p1a: Snorlax|347/397 par\n|-unboost|p1a: Snorlax|atk|1\n|move|p1a: Snorlax|Body Slam|p2a: Volbeat\n|-damage|p2a: Volbeat|61/263 par\n|\n|-heal|p1a: Snorlax|371/397 par|[from] item: Leftovers\n|upkeep\n|turn|39\n|\n|t:|1782739813\n|move|p2a: Volbeat|Lunge|p1a: Snorlax\n|-resisted|p1a: Snorlax\n|-damage|p1a: Snorlax|318/397 par\n|-unboost|p1a: Snorlax|atk|1\n|cant|p1a: Snorlax|par\n|\n|-heal|p1a: Snorlax|342/397 par|[from] item: Leftovers\n|upkeep\n|turn|40\n|\n|t:|1782739833\n|switch|p2a: Torkoal|Torkoal, L88, M|266/266 slp\n|-weather|SunnyDay|[from] ability: Drought|[of] p2a: Torkoal\n|move|p1a: Snorlax|Body Slam|p2a: Torkoal\n|-damage|p2a: Torkoal|235/266 slp\n|\n|-weather|SunnyDay|[upkeep]\n|-heal|p1a: Snorlax|366/397 par|[from] item: Leftovers\n|upkeep\n|turn|41\n|\n|t:|1782739845\n|switch|p1a: Furret|Furret, L94, M|312/312\n|-item|p2a: Torkoal|Heavy-Duty Boots|[from] ability: Frisk|[of] p1a: Furret\n|cant|p2a: Torkoal|slp\n|\n|-weather|SunnyDay|[upkeep]\n|upkeep\n|turn|42\n|\n|t:|1782739853\n|switch|p2a: Volbeat|Volbeat, L90, M|61/263 par\n|move|p1a: Furret|Knock Off|p2a: Volbeat\n|-damage|p2a: Volbeat|0 fnt\n|-enditem|p2a: Volbeat|Heavy-Duty Boots|[from] move: Knock Off|[of] p1a: Furret\n|faint|p2a: Volbeat\n|-damage|p1a: Furret|281/312|[from] item: Life Orb\n|\n|-weather|SunnyDay|[upkeep]\n|upkeep\n|\n|t:|1782739857\n|switch|p2a: Torkoal|Torkoal, L88, M|235/266 slp\n|turn|43\n|\n|t:|1782739861\n|move|p1a: Furret|Tidy Up|p1a: Furret\n|-sideend|p2: diana_the_banana|Stealth Rock\n|-activate|p1a: Furret|move: Tidy Up\n|-boost|p1a: Furret|atk|1\n|-boost|p1a: Furret|spe|1\n|cant|p2a: Torkoal|slp\n|\n|-weather|SunnyDay|[upkeep]\n|upkeep\n|turn|44\n|\n|t:|1782739866\n|move|p1a: Furret|Knock Off|p2a: Torkoal\n|-damage|p2a: Torkoal|141/266 slp\n|-enditem|p2a: Torkoal|Heavy-Duty Boots|[from] move: Knock Off|[of] p1a: Furret\n|-damage|p1a: Furret|250/312|[from] item: Life Orb\n|cant|p2a: Torkoal|slp\n|\n|-weather|none\n|upkeep\n|turn|45\n|\n|t:|1782739875\n|move|p1a: Furret|Double-Edge|p2a: Torkoal\n|-damage|p2a: Torkoal|0 fnt\n|faint|p2a: Torkoal\n|-damage|p1a: Furret|203/312|[from] Recoil\n|-damage|p1a: Furret|172/312|[from] item: Life Orb\n|\n|upkeep\n|\n|t:|1782739880\n|switch|p2a: Clawitzer|Clawitzer, L87, M|265/265\n|turn|46\n|\n|t:|1782739887\n|move|p1a: Furret|Double-Edge|p2a: Clawitzer\n|-damage|p2a: Clawitzer|19/265\n|-damage|p1a: Furret|91/312|[from] Recoil\n|-damage|p1a: Furret|60/312|[from] item: Life Orb\n|move|p2a: Clawitzer|Water Pulse|p1a: Furret\n|-damage|p1a: Furret|0 fnt\n|faint|p1a: Furret\n|\n|upkeep\n|\n|t:|1782739892\n|switch|p1a: Comfey|Comfey, L85, F|225/225\n|turn|47\n|\n|t:|1782739895\n|move|p1a: Comfey|Giga Drain|p2a: Clawitzer\n|-supereffective|p2a: Clawitzer\n|-damage|p2a: Clawitzer|0 fnt\n|faint|p2a: Clawitzer\n|\n|upkeep\n|\n|t:|1782739897\n|switch|p2a: Cinccino|Cinccino, L83, M|260/260\n|turn|48\n|\n|t:|1782739906\n|switch|p1a: Tinkaton|Tinkaton, L82, F|274/274 par\n|-ability|p1a: Tinkaton|Mold Breaker\n|-terastallize|p2a: Cinccino|Normal\n|move|p2a: Cinccino|Tail Slap|p1a: Tinkaton\n|-resisted|p1a: Tinkaton\n|-damage|p1a: Tinkaton|246/274 par\n|-resisted|p1a: Tinkaton\n|-damage|p1a: Tinkaton|216/274 par\n|-resisted|p1a: Tinkaton\n|-damage|p1a: Tinkaton|189/274 par\n|-resisted|p1a: Tinkaton\n|-damage|p1a: Tinkaton|161/274 par\n|-resisted|p1a: Tinkaton\n|-damage|p1a: Tinkaton|133/274 par\n|-hitcount|p1a: Tinkaton|5\n|\n|-heal|p1a: Tinkaton|150/274 par|[from] item: Leftovers\n|upkeep\n|turn|49\n|\n|t:|1782739912\n|move|p2a: Cinccino|Tail Slap|p1a: Tinkaton\n|-resisted|p1a: Tinkaton\n|-damage|p1a: Tinkaton|122/274 par\n|-resisted|p1a: Tinkaton\n|-damage|p1a: Tinkaton|90/274 par\n|-resisted|p1a: Tinkaton\n|-damage|p1a: Tinkaton|60/274 par\n|-resisted|p1a: Tinkaton\n|-damage|p1a: Tinkaton|29/274 par\n|-hitcount|p1a: Tinkaton|4\n|cant|p1a: Tinkaton|par\n|\n|-heal|p1a: Tinkaton|46/274 par|[from] item: Leftovers\n|upkeep\n|turn|50\n|\n|t:|1782739916\n|move|p2a: Cinccino|Tail Slap|p1a: Tinkaton\n|-resisted|p1a: Tinkaton\n|-damage|p1a: Tinkaton|15/274 par\n|-resisted|p1a: Tinkaton\n|-damage|p1a: Tinkaton|0 fnt\n|faint|p1a: Tinkaton\n|-hitcount|p1: Tinkaton|2\n|\n|upkeep\n|\n|t:|1782739918\n|switch|p1a: Snorlax|Snorlax, L82, M, tera:Poison|366/397 par\n|turn|51\n|\n|t:|1782739921\n|move|p2a: Cinccino|Tail Slap|p1a: Snorlax\n|-damage|p1a: Snorlax|302/397 par\n|-damage|p1a: Snorlax|236/397 par\n|-damage|p1a: Snorlax|164/397 par\n|-damage|p1a: Snorlax|98/397 par\n|-hitcount|p1a: Snorlax|4\n|cant|p1a: Snorlax|par\n|\n|-heal|p1a: Snorlax|122/397 par|[from] item: Leftovers\n|upkeep\n|turn|52\n|\n|t:|1782739929\n|move|p2a: Cinccino|Tail Slap|p1a: Snorlax\n|-damage|p1a: Snorlax|56/397 par\n|-damage|p1a: Snorlax|0 fnt\n|faint|p1a: Snorlax\n|-hitcount|p1: Snorlax|2\n|\n|upkeep\n|\n|t:|1782739930\n|switch|p1a: Comfey|Comfey, L85, F|225/225\n|turn|53\n|\n|t:|1782739933\n|move|p1a: Comfey|Draining Kiss|p2a: Cinccino\n|-damage|p2a: Cinccino|188/260\n|move|p2a: Cinccino|Tail Slap|p1a: Comfey\n|-damage|p1a: Comfey|173/225\n|-crit|p1a: Comfey\n|-damage|p1a: Comfey|95/225\n|-damage|p1a: Comfey|45/225\n|-damage|p1a: Comfey|0 fnt\n|faint|p1a: Comfey\n|-hitcount|p1: Comfey|4\n|\n|win|diana_the_banana\n", "inputlog": ">version f8ac14003a5f27e1bdc8d8c59608a773c1cb96e5\n>start {\"formatid\":\"gen9randombattle\",\"seed\":\"sodium,5bae349087ba691151e0e7acc4a93cdf\",\"rated\":\"Rated battle\"}\n>player p1 {\"name\":\"AhmedSoulz\",\"avatar\":\"fisherman-gen4\",\"rating\":1906,\"seed\":\"sodium,aa9c943aefe29981ef5eeddf5b013dd6\"}\n>player p2 {\"name\":\"diana_the_banana\",\"avatar\":\"170\",\"rating\":1966,\"seed\":\"sodium,086fc60c22e16061a2de98cc655944cb\"}\n>p1 switch 3\n>p2 move solarbeam\n>p1 move yawn\n>p2 move stealthrock\n>p1 move rapidspin\n>p2 switch 2\n>p1 move lavaplume\n>p2 move doubleedge\n>p2 switch 6\n>p1 move solarbeam\n>p2 move waterpulse\n>p1 switch 4\n>p1 move sleeppowder\n>p2 move waterpulse\n>p1 move sleeppowder\n>p2 switch 2\n>p1 move quiverdance\n>p2 switch 4\n>p1 move sludgewave\n>p2 move flamecharge\n>p1 switch 2\n>p1 move bodyslam terastallize\n>p2 move closecombat\n>p2 switch 2\n>p1 move bodyslam\n>p2 switch 3\n>p1 move bodyslam\n>p2 move thunderwave\n>p1 move bodyslam\n>p2 move thunderwave\n>p1 move bodyslam\n>p2 move roost\n>p1 move bodyslam\n>p2 move lunge\n>p1 switch 3\n>p2 move lunge\n>p1 move stealthrock\n>p2 move thunderwave\n>p1 switch 3\n>p2 move encore\n>p1 switch 3\n>p2 move lunge\n>p1 switch 3\n>p2 move lunge\n>p1 switch 3\n>p2 move lunge\n>p1 switch 3\n>p2 move lunge\n>p1 move bodyslam\n>p2 move lunge\n>p1 switch 3\n>p2 move lunge\n>p1 move gigatonhammer\n>p2 move lunge\n>p1 move playrough\n>p2 move roost\n>p1 move gigatonhammer\n>p2 move lunge\n>p1 switch 3\n>p2 move lunge\n>p1 move bodyslam\n>p2 move lunge\n>p1 move bodyslam\n>p2 move roost\n>p1 move bodyslam\n>p2 move lunge\n>p1 move bodyslam\n>p2 move lunge\n>p1 switch 3\n>p2 move lunge\n>p1 move gigatonhammer\n>p2 move roost\n>p1 move playrough\n>p2 move roost\n>p1 switch 3\n>p2 move roost\n>p1 move bodyslam\n>p2 move roost\n>p1 move bodyslam\n>p2 move lunge\n>p1 move bodyslam\n>p2 move lunge\n>p1 move bodyslam\n>p2 switch 4\n>p1 switch 5\n>p2 move rapidspin\n>p1 move knockoff\n>p2 switch 4\n>p2 switch 4\n>p1 move tidyup\n>p2 move rapidspin\n>p1 move knockoff\n>p2 move lavaplume\n>p1 move doubleedge\n>p2 move lavaplume\n>p2 switch 3\n>p1 move doubleedge\n>p2 move waterpulse\n>p1 switch 6\n>p1 move gigadrain\n>p2 move waterpulse\n>p2 switch 5\n>p1 switch 3\n>p2 move tailslap terastallize\n>p1 move thunderwave\n>p2 move tailslap\n>p1 move thunderwave\n>p2 move tailslap\n>p1 switch 5\n>p1 move bodyslam\n>p2 move tailslap\n>p1 move bodyslam\n>p2 move tailslap\n>p1 switch 3\n>p1 move drainingkiss\n>p2 move tailslap", "uploadtime": 1782739484, "views": 4, "formatid": "gen9randombattle", "rating": null, "private": 0, "password": null, "player_dets": [{"name": "AhmedSoulz", "avatar": "fisherman-gen4", "rating": 1906, "seed": "sodium,aa9c943aefe29981ef5eeddf5b013dd6"}, {"name": "diana_the_banana", "avatar": "170", "rating": 1966, "seed": "sodium,086fc60c22e16061a2de98cc655944cb"}], "teams_full": [{"Tinkaton": {"name": "Tinkaton", "species": "Tinkaton", "speciesId": "tinkaton", "gender": "F", "shiny": false, "level": 82, "moves": ["gigatonhammer", "thunderwave", "playrough", "stealthrock"], "ability": "Mold Breaker", "evs": {"hp": 85, "atk": 85, "def": 85, "spa": 85, "spd": 85, "spe": 85}, "ivs": {"hp": 31, "atk": 31, "def": 31, "spa": 31, "spd": 31, "spe": 31}, "item": "Leftovers", "teraType": "Water", "role": "Bulky Attacker", "bvs": {"hp": 85, "atk": 75, "def": 77, "spa": 70, "spd": 105, "spe": 94}, "stats": {"hp": 274, "atk": 170, "def": 173, "spa": 162, "spd": 219, "spe": 201}, "types": ["Fairy", "Steel"]}, "Snorlax": {"name": "Snorlax", "species": "Snorlax", "speciesId": "snorlax", "gender": "M", "shiny": false, "level": 82, "moves": ["curse", "sleeptalk", "rest", "bodyslam"], "ability": "Thick Fat", "evs": {"hp": 85, "atk": 85, "def": 85, "spa": 85, "spd": 85, "spe": 85}, "ivs": {"hp": 31, "atk": 31, "def": 31, "spa": 31, "spd": 31, "spe": 31}, "item": "Leftovers", "teraType": "Poison", "role": "Bulky Attacker", "bvs": {"hp": 160, "atk": 110, "def": 65, "spa": 65, "spd": 110, "spe": 30}, "stats": {"hp": 397, "atk": 228, "def": 154, "spa": 154, "spd": 228, "spe": 96}, "types": ["Normal"]}, "Torkoal": {"name": "Torkoal", "species": "Torkoal", "speciesId": "torkoal", "gender": "M", "shiny": false, "level": 88, "moves": ["yawn", "lavaplume", "rapidspin", "solarbeam"], "ability": "Drought", "evs": {"hp": 85, "atk": 85, "def": 85, "spa": 85, "spd": 85, "spe": 85}, "ivs": {"hp": 31, "atk": 31, "def": 31, "spa": 31, "spd": 31, "spe": 31}, "item": "Heavy-Duty Boots", "teraType": "Grass", "role": "Bulky Support", "bvs": {"hp": 70, "atk": 85, "def": 140, "spa": 85, "spd": 70, "spe": 20}, "stats": {"hp": 266, "atk": 200, "def": 297, "spa": 200, "spd": 173, "spe": 85}, "types": ["Fire"]}, "Venomoth": {"name": "Venomoth", "species": "Venomoth", "speciesId": "venomoth", "gender": "M", "shiny": false, "level": 84, "moves": ["sleeppowder", "sludgewave", "bugbuzz", "quiverdance"], "ability": "Tinted Lens", "evs": {"hp": 85, "atk": 0, "def": 85, "spa": 85, "spd": 85, "spe": 85}, "ivs": {"hp": 31, "atk": 0, "def": 31, "spa": 31, "spd": 31, "spe": 31}, "item": "Heavy-Duty Boots", "teraType": "Steel", "role": "Setup Sweeper", "bvs": {"hp": 70, "atk": 65, "def": 60, "spa": 90, "spd": 75, "spe": 90}, "stats": {"hp": 255, "atk": 114, "def": 149, "spa": 199, "spd": 174, "spe": 199}, "types": ["Bug", "Poison"]}, "Furret": {"name": "Furret", "species": "Furret", "speciesId": "furret", "gender": "M", "shiny": false, "level": 94, "moves": ["doubleedge", "brickbreak", "tidyup", "knockoff"], "ability": "Frisk", "evs": {"hp": 85, "atk": 85, "def": 85, "spa": 85, "spd": 85, "spe": 85}, "ivs": {"hp": 31, "atk": 31, "def": 31, "spa": 31, "spd": 31, "spe": 31}, "item": "Life Orb", "teraType": "Ghost", "role": "Setup Sweeper", "bvs": {"hp": 85, "atk": 76, "def": 64, "spa": 45, "spd": 55, "spe": 90}, "stats": {"hp": 312, "atk": 196, "def": 174, "spa": 138, "spd": 157, "spe": 223}, "types": ["Normal"]}, "Comfey": {"name": "Comfey", "species": "Comfey", "speciesId": "comfey", "gender": "F", "shiny": false, "level": 85, "moves": ["storedpower", "calmmind", "gigadrain", "drainingkiss"], "ability": "Triage", "evs": {"hp": 85, "atk": 0, "def": 85, "spa": 85, "spd": 85, "spe": 85}, "ivs": {"hp": 31, "atk": 0, "def": 31, "spa": 31, "spd": 31, "spe": 31}, "item": "Leftovers", "teraType": "Poison", "role": "Bulky Setup", "bvs": {"hp": 51, "atk": 52, "def": 90, "spa": 82, "spd": 110, "spe": 100}, "stats": {"hp": 225, "atk": 93, "def": 202, "spa": 188, "spd": 236, "spe": 219}, "types": ["Fairy"]}}, {"Torkoal": {"name": "Torkoal", "species": "Torkoal", "speciesId": "torkoal", "gender": "M", "shiny": false, "level": 88, "moves": ["rapidspin", "solarbeam", "stealthrock", "lavaplume"], "ability": "Drought", "evs": {"hp": 85, "atk": 85, "def": 85, "spa": 85, "spd": 85, "spe": 85}, "ivs": {"hp": 31, "atk": 31, "def": 31, "spa": 31, "spd": 31, "spe": 31}, "item": "Heavy-Duty Boots", "teraType": "Dragon", "role": "Bulky Support", "bvs": {"hp": 70, "atk": 85, "def": 140, "spa": 85, "spd": 70, "spe": 20}, "stats": {"hp": 266, "atk": 200, "def": 297, "spa": 200, "spd": 173, "spe": 85}, "types": ["Fire"]}, "Gumshoos": {"name": "Gumshoos", "species": "Gumshoos", "speciesId": "gumshoos", "gender": "F", "shiny": false, "level": 95, "moves": ["earthquake", "uturn", "doubleedge", "knockoff"], "ability": "Stakeout", "evs": {"hp": 85, "atk": 85, "def": 85, "spa": 85, "spd": 85, "spe": 85}, "ivs": {"hp": 31, "atk": 31, "def": 31, "spa": 31, "spd": 31, "spe": 31}, "item": "Choice Band", "teraType": "Normal", "role": "Wallbreaker", "bvs": {"hp": 88, "atk": 110, "def": 60, "spa": 55, "spd": 60, "spe": 45}, "stats": {"hp": 321, "atk": 263, "def": 168, "spa": 158, "spd": 168, "spe": 139}, "types": ["Normal"]}, "Volbeat": {"name": "Volbeat", "species": "Volbeat", "speciesId": "volbeat", "gender": "M", "shiny": false, "level": 90, "moves": ["roost", "thunderwave", "lunge", "encore"], "ability": "Prankster", "evs": {"hp": 85, "atk": 85, "def": 85, "spa": 85, "spd": 85, "spe": 85}, "ivs": {"hp": 31, "atk": 31, "def": 31, "spa": 31, "spd": 31, "spe": 31}, "item": "Heavy-Duty Boots", "teraType": "Water", "role": "Bulky Attacker", "bvs": {"hp": 65, "atk": 73, "def": 75, "spa": 47, "spd": 85, "spe": 85}, "stats": {"hp": 263, "atk": 183, "def": 186, "spa": 136, "spd": 204, "spe": 204}, "types": ["Bug"]}, "Slither Wing": {"name": "Slither Wing", "species": "Slither Wing", "speciesId": "slitherwing", "gender": "N", "shiny": false, "level": 81, "moves": ["flamecharge", "closecombat", "wildcharge", "bulkup"], "ability": "Protosynthesis", "evs": {"hp": 85, "atk": 85, "def": 85, "spa": 85, "spd": 85, "spe": 85}, "ivs": {"hp": 31, "atk": 31, "def": 31, "spa": 31, "spd": 31, "spe": 31}, "item": "Booster Energy", "teraType": "Electric", "role": "Fast Bulky Setup", "bvs": {"hp": 85, "atk": 135, "def": 79, "spa": 85, "spd": 105, "spe": 81}, "stats": {"hp": 270, "atk": 265, "def": 175, "spa": 184, "spd": 217, "spe": 178}, "types": ["Bug", "Fighting"]}, "Cinccino": {"name": "Cinccino", "species": "Cinccino", "speciesId": "cinccino", "gender": "M", "shiny": false, "level": 83, "moves": ["uturn", "tailslap", "tripleaxel", "bulletseed"], "ability": "Technician", "evs": {"hp": 85, "atk": 85, "def": 85, "spa": 85, "spd": 85, "spe": 85}, "ivs": {"hp": 31, "atk": 31, "def": 31, "spa": 31, "spd": 31, "spe": 31}, "item": "Loaded Dice", "teraType": "Normal", "role": "Fast Attacker", "bvs": {"hp": 75, "atk": 95, "def": 60, "spa": 65, "spd": 60, "spe": 115}, "stats": {"hp": 260, "atk": 205, "def": 147, "spa": 156, "spd": 147, "spe": 239}, "types": ["Normal"]}, "Clawitzer": {"name": "Clawitzer", "species": "Clawitzer", "speciesId": "clawitzer", "gender": "M", "shiny": false, "level": 87, "moves": ["icebeam", "aurasphere", "darkpulse", "waterpulse"], "ability": "Mega Launcher", "evs": {"hp": 85, "atk": 0, "def": 85, "spa": 85, "spd": 85, "spe": 85}, "ivs": {"hp": 31, "atk": 0, "def": 31, "spa": 31, "spd": 31, "spe": 31}, "item": "Choice Specs", "teraType": "Fighting", "role": "Wallbreaker", "bvs": {"hp": 71, "atk": 73, "def": 88, "spa": 120, "spd": 89, "spe": 59}, "stats": {"hp": 265, "atk": 132, "def": 203, "spa": 259, "spd": 205, "spe": 152}, "types": ["Water"]}}]}