{"id": "gen9randombattle-2641329953", "format": "[Gen 9] Random Battle", "players": ["RentnerHaehnchen", "Vividedenne"], "log": "|j|\u2606RentnerHaehnchen\n|j|\u2606Vividedenne\n|t:|1782768724\n|gametype|singles\n|player|p1|RentnerHaehnchen|giovanni|\n|player|p2|Vividedenne|#npl2023|\n|gen|9\n|tier|[Gen 9] Random Battle\n|rule|Species Clause: Limit one of each Pok\u00e9mon\n|rule|HP Percentage Mod: HP is shown in percentages\n|rule|Sleep Clause Mod: Limit one foe put to sleep\n|rule|Illusion Level Mod: Illusion disguises the Pok\u00e9mon's true level\n|\n|t:|1782768724\n|teamsize|p1|6\n|teamsize|p2|6\n|start\n|switch|p1a: Uxie|Uxie, L83|260/260\n|switch|p2a: Lilligant|Lilligant, L86, F|261/261\n|turn|1\n|inactive|Battle timer is ON: inactive players will automatically lose when time's up. (requested by RentnerHaehnchen)\n|inactive|Vividedenne also wants the timer to be on.\n|\n|t:|1782768734\n|move|p1a: Uxie|Yawn|p2a: Lilligant\n|-start|p2a: Lilligant|move: Yawn|[of] p1a: Uxie\n|move|p2a: Lilligant|Quiver Dance|p2a: Lilligant\n|-boost|p2a: Lilligant|spa|1\n|-boost|p2a: Lilligant|spd|1\n|-boost|p2a: Lilligant|spe|1\n|\n|upkeep\n|turn|2\n|\n|t:|1782768758\n|move|p2a: Lilligant|Sleep Powder|p1a: Uxie\n|-status|p1a: Uxie|slp|[from] move: Sleep Powder\n|cant|p1a: Uxie|slp\n|\n|-end|p2a: Lilligant|move: Yawn|[silent]\n|-status|p2a: Lilligant|slp\n|upkeep\n|turn|3\n|\n|t:|1782768773\n|switch|p1a: Okidogi|Okidogi, L77, M|262/262\n|cant|p2a: Lilligant|slp\n|\n|upkeep\n|turn|4\n|\n|t:|1782768786\n|switch|p2a: Clodsire|Clodsire, L81, M|343/343\n|move|p1a: Okidogi|Gunk Shot|p2a: Clodsire\n|-resisted|p2a: Clodsire\n|-damage|p2a: Clodsire|299/343\n|\n|-heal|p2a: Clodsire|320/343|[from] item: Leftovers\n|upkeep\n|turn|5\n|\n|t:|1782768797\n|switch|p1a: Uxie|Uxie, L83|260/260 slp\n|move|p2a: Clodsire|Earthquake|p1a: Uxie\n|-immune|p1a: Uxie|[from] ability: Levitate\n|\n|-heal|p2a: Clodsire|341/343|[from] item: Leftovers\n|upkeep\n|turn|6\n|\n|t:|1782768805\n|switch|p2a: Iron Thorns|Iron Thorns, L83|302/302\n|-item|p2a: Iron Thorns|Air Balloon\n|cant|p1a: Uxie|slp\n|\n|upkeep\n|turn|7\n|\n|t:|1782768817\n|-curestatus|p1a: Uxie|slp|[msg]\n|move|p1a: Uxie|Yawn|p2a: Iron Thorns\n|-start|p2a: Iron Thorns|move: Yawn|[of] p1a: Uxie\n|move|p2a: Iron Thorns|Spikes|p1a: Uxie\n|-sidestart|p1: RentnerHaehnchen|Spikes\n|\n|upkeep\n|turn|8\n|\n|t:|1782768824\n|move|p1a: Uxie|U-turn|p2a: Iron Thorns\n|-damage|p2a: Iron Thorns|269/302\n|-enditem|p2a: Iron Thorns|Air Balloon\n|\n|t:|1782768833\n|switch|p1a: Okidogi|Okidogi, L77, M|262/262|[from] U-turn\n|-damage|p1a: Okidogi|230/262|[from] Spikes\n|move|p2a: Iron Thorns|Spikes|p1a: Okidogi\n|-sidestart|p1: RentnerHaehnchen|Spikes\n|\n|-end|p2a: Iron Thorns|move: Yawn|[silent]\n|-message|Sleep Clause Mod activated.\n|-hint|Sleep Clause Mod prevents players from putting more than one of their opponent's Pok\u00e9mon to sleep at a time\n|upkeep\n|turn|9\n|\n|t:|1782768845\n|-end|p2a: Iron Thorns|Quark Drive|[silent]\n|switch|p2a: Clodsire|Clodsire, L81, M|341/343\n|move|p1a: Okidogi|Drain Punch|p2a: Clodsire\n|-resisted|p2a: Clodsire\n|-damage|p2a: Clodsire|289/343\n|-heal|p1a: Okidogi|256/262|[from] drain|[of] p2a: Clodsire\n|\n|-heal|p2a: Clodsire|310/343|[from] item: Leftovers\n|upkeep\n|turn|10\n|\n|t:|1782768852\n|move|p1a: Okidogi|High Horsepower|p2a: Clodsire\n|-supereffective|p2a: Clodsire\n|-damage|p2a: Clodsire|114/343\n|move|p2a: Clodsire|Poison Jab|p1a: Okidogi\n|-resisted|p1a: Okidogi\n|-damage|p1a: Okidogi|226/262\n|\n|-heal|p2a: Clodsire|135/343|[from] item: Leftovers\n|upkeep\n|turn|11\n|\n|t:|1782768866\n|switch|p2a: Alomomola|Alomomola, L87, F|429/429\n|move|p1a: Okidogi|High Horsepower|p2a: Alomomola\n|-damage|p2a: Alomomola|362/429\n|-damage|p1a: Okidogi|183/262|[from] item: Rocky Helmet|[of] p2a: Alomomola\n|-status|p2a: Alomomola|tox|[from] ability: Toxic Chain|[of] p1a: Okidogi\n|\n|-damage|p2a: Alomomola|336/429 tox|[from] psn\n|upkeep\n|turn|12\n|\n|t:|1782768878\n|move|p1a: Okidogi|Drain Punch|p2a: Alomomola\n|-damage|p2a: Alomomola|246/429 tox\n|-heal|p1a: Okidogi|228/262|[from] drain|[of] p2a: Alomomola\n|-damage|p1a: Okidogi|185/262|[from] item: Rocky Helmet|[of] p2a: Alomomola\n|move|p2a: Alomomola|Wish|p2a: Alomomola\n|\n|-damage|p2a: Alomomola|194/429 tox|[from] psn\n|upkeep\n|turn|13\n|\n|t:|1782768886\n|move|p1a: Okidogi|Knock Off|p2a: Alomomola\n|-damage|p2a: Alomomola|126/429 tox\n|-damage|p1a: Okidogi|142/262|[from] item: Rocky Helmet|[of] p2a: Alomomola\n|-enditem|p2a: Alomomola|Rocky Helmet|[from] move: Knock Off|[of] p1a: Okidogi\n|move|p2a: Alomomola|Flip Turn|p1a: Okidogi\n|-damage|p1a: Okidogi|88/262\n|\n|t:|1782768890\n|switch|p2a: Clodsire|Clodsire, L81, M|135/343|[from] Flip Turn\n|\n|-heal|p2a: Clodsire|343/343|[from] move: Wish|[wisher] Alomomola\n|upkeep\n|turn|14\n|\n|t:|1782768903\n|switch|p1a: Uxie|Uxie, L83|260/260\n|move|p2a: Clodsire|Earthquake|p1a: Uxie\n|-immune|p1a: Uxie|[from] ability: Levitate\n|\n|upkeep\n|turn|15\n|\n|t:|1782768910\n|switch|p2a: Alomomola|Alomomola, L87, F|269/429 tox\n|move|p1a: Uxie|Psychic Noise|p2a: Alomomola\n|-damage|p2a: Alomomola|170/429 tox\n|-start|p2a: Alomomola|move: Heal Block\n|\n|-damage|p2a: Alomomola|144/429 tox|[from] psn\n|upkeep\n|turn|16\n|\n|t:|1782768923\n|switch|p2a: Iron Thorns|Iron Thorns, L83|269/302\n|move|p1a: Uxie|Psychic Noise|p2a: Iron Thorns\n|-damage|p2a: Iron Thorns|202/302\n|-start|p2a: Iron Thorns|move: Heal Block\n|\n|upkeep\n|turn|17\n|\n|t:|1782768945\n|move|p1a: Uxie|U-turn|p2a: Iron Thorns\n|-damage|p2a: Iron Thorns|166/302\n|\n|t:|1782768949\n|switch|p1a: Registeel|Registeel, L81|262/262|[from] U-turn\n|-damage|p1a: Registeel|219/262|[from] Spikes\n|move|p2a: Iron Thorns|Wild Charge|p1a: Registeel\n|-crit|p1a: Registeel\n|-damage|p1a: Registeel|90/262\n|-damage|p2a: Iron Thorns|134/302|[from] Recoil\n|\n|-heal|p1a: Registeel|106/262|[from] item: Leftovers\n|-end|p2a: Iron Thorns|move: Heal Block\n|upkeep\n|turn|18\n|\n|t:|1782768957\n|move|p2a: Iron Thorns|Wild Charge|p1a: Registeel\n|-damage|p1a: Registeel|30/262\n|-damage|p2a: Iron Thorns|115/302|[from] Recoil\n|move|p1a: Registeel|Body Press|p2a: Iron Thorns\n|-supereffective|p2a: Iron Thorns\n|-damage|p2a: Iron Thorns|0 fnt\n|faint|p2a: Iron Thorns\n|-end|p2a: Iron Thorns|Quark Drive|[silent]\n|\n|-heal|p1a: Registeel|46/262|[from] item: Leftovers\n|upkeep\n|\n|t:|1782768962\n|switch|p2a: Alomomola|Alomomola, L87, F|287/429 tox\n|turn|19\n|\n|t:|1782768966\n|move|p2a: Alomomola|Wish|p2a: Alomomola\n|move|p1a: Registeel|Stealth Rock|p2a: Alomomola\n|-sidestart|p2: Vividedenne|move: Stealth Rock\n|\n|-heal|p1a: Registeel|62/262|[from] item: Leftovers\n|-damage|p2a: Alomomola|261/429 tox|[from] psn\n|upkeep\n|turn|20\n|\n|t:|1782768973\n|move|p2a: Alomomola|Scald|p1a: Registeel\n|-crit|p1a: Registeel\n|-damage|p1a: Registeel|14/262\n|-status|p1a: Registeel|brn\n|move|p1a: Registeel|Body Press|p2a: Alomomola\n|-damage|p2a: Alomomola|225/429 tox\n|\n|-heal|p2a: Alomomola|429/429 tox|[from] move: Wish|[wisher] Alomomola\n|-heal|p1a: Registeel|30/262 brn|[from] item: Leftovers\n|-damage|p2a: Alomomola|377/429 tox|[from] psn\n|-damage|p1a: Registeel|14/262 brn|[from] brn\n|upkeep\n|turn|21\n|\n|t:|1782768981\n|switch|p1a: Uxie|Uxie, L83|260/260\n|move|p2a: Alomomola|Flip Turn|p1a: Uxie\n|-damage|p1a: Uxie|215/260\n|\n|t:|1782768987\n|switch|p2a: Kingambit|Kingambit, L74, M|270/270|[from] Flip Turn\n|-damage|p2a: Kingambit|254/270|[from] Stealth Rock\n|-activate|p2a: Kingambit|ability: Supreme Overlord\n|-start|p2a: Kingambit|fallen1|[silent]\n|\n|-heal|p1a: Uxie|231/260|[from] item: Leftovers\n|-heal|p2a: Kingambit|270/270|[from] item: Leftovers\n|upkeep\n|turn|22\n|\n|t:|1782768999\n|move|p1a: Uxie|U-turn|p2a: Kingambit\n|-damage|p2a: Kingambit|232/270\n|\n|t:|1782769002\n|switch|p1a: Registeel|Registeel, L81|14/262 brn|[from] U-turn\n|-damage|p1a: Registeel|0 fnt|[from] Spikes\n|faint|p1a: Registeel\n|move|p2a: Kingambit|Swords Dance|p2a: Kingambit\n|-boost|p2a: Kingambit|atk|2\n|\n|-heal|p2a: Kingambit|248/270|[from] item: Leftovers\n|upkeep\n|\n|t:|1782769015\n|switch|p1a: Azelf|Azelf, L82|257/257\n|turn|23\n|\n|t:|1782769026\n|move|p2a: Kingambit|Sucker Punch|p1a: Azelf\n|-supereffective|p1a: Azelf\n|-damage|p1a: Azelf|0 fnt\n|faint|p1a: Azelf\n|\n|-heal|p2a: Kingambit|264/270|[from] item: Leftovers\n|upkeep\n|\n|t:|1782769039\n|switch|p1a: Floatzel|Floatzel, L86, M|286/286\n|-damage|p1a: Floatzel|239/286|[from] Spikes\n|turn|24\n|\n|t:|1782769053\n|move|p1a: Floatzel|Wave Crash|p2a: Kingambit\n|-damage|p2a: Kingambit|63/270\n|-damage|p1a: Floatzel|173/286|[from] Recoil\n|move|p2a: Kingambit|Kowtow Cleave|p1a: Floatzel\n|-crit|p1a: Floatzel\n|-damage|p1a: Floatzel|0 fnt\n|faint|p1a: Floatzel\n|\n|-heal|p2a: Kingambit|79/270|[from] item: Leftovers\n|upkeep\n|\n|t:|1782769058\n|switch|p1a: Arceus|Arceus, L68|276/276\n|-damage|p1a: Arceus|230/276|[from] Spikes\n|turn|25\n|\n|t:|1782769067\n|move|p2a: Kingambit|Sucker Punch||[still]\n|-fail|p2a: Kingambit\n|move|p1a: Arceus|Swords Dance|p1a: Arceus\n|-boost|p1a: Arceus|atk|2\n|\n|-heal|p2a: Kingambit|95/270|[from] item: Leftovers\n|upkeep\n|turn|26\n|\n|t:|1782769087\n|-terastallize|p1a: Arceus|Normal\n|move|p1a: Arceus|Extreme Speed|p2a: Kingambit\n|-resisted|p2a: Kingambit\n|-damage|p2a: Kingambit|0 fnt\n|faint|p2a: Kingambit\n|-end|p2a: Kingambit|fallen1|[silent]\n|-damage|p1a: Arceus|203/276|[from] item: Life Orb\n|\n|upkeep\n|\n|t:|1782769091\n|switch|p2a: Clodsire|Clodsire, L81, M|343/343\n|-damage|p2a: Clodsire|322/343|[from] Stealth Rock\n|turn|27\n|\n|t:|1782769100\n|-terastallize|p2a: Clodsire|Flying\n|move|p1a: Arceus|Earthquake|p2a: Clodsire\n|-immune|p2a: Clodsire\n|move|p2a: Clodsire|Earthquake|p1a: Arceus\n|-damage|p1a: Arceus|122/276\n|\n|-heal|p2a: Clodsire|343/343|[from] item: Leftovers\n|upkeep\n|turn|28\n|\n|t:|1782769105\n|move|p1a: Arceus|Recover|p1a: Arceus\n|-heal|p1a: Arceus|260/276\n|move|p2a: Clodsire|Earthquake|p1a: Arceus\n|-damage|p1a: Arceus|179/276\n|\n|upkeep\n|turn|29\n|\n|t:|1782769107\n|move|p1a: Arceus|Extreme Speed|p2a: Clodsire\n|-damage|p2a: Clodsire|169/343\n|-damage|p1a: Arceus|152/276|[from] item: Life Orb\n|move|p2a: Clodsire|Poison Jab|p1a: Arceus\n|-damage|p1a: Arceus|85/276\n|\n|-heal|p2a: Clodsire|190/343|[from] item: Leftovers\n|upkeep\n|turn|30\n|\n|t:|1782769112\n|move|p1a: Arceus|Recover|p1a: Arceus\n|-heal|p1a: Arceus|223/276\n|move|p2a: Clodsire|Recover|p2a: Clodsire\n|-heal|p2a: Clodsire|343/343\n|\n|upkeep\n|turn|31\n|\n|t:|1782769114\n|move|p1a: Arceus|Extreme Speed|p2a: Clodsire\n|-damage|p2a: Clodsire|169/343\n|-damage|p1a: Arceus|196/276|[from] item: Life Orb\n|move|p2a: Clodsire|Poison Jab|p1a: Arceus\n|-damage|p1a: Arceus|135/276\n|\n|-heal|p2a: Clodsire|190/343|[from] item: Leftovers\n|upkeep\n|turn|32\n|\n|t:|1782769118\n|move|p1a: Arceus|Recover|p1a: Arceus\n|-heal|p1a: Arceus|273/276\n|move|p2a: Clodsire|Recover|p2a: Clodsire\n|-heal|p2a: Clodsire|343/343\n|\n|upkeep\n|turn|33\n|\n|t:|1782769121\n|move|p1a: Arceus|Extreme Speed|p2a: Clodsire\n|-damage|p2a: Clodsire|177/343\n|-damage|p1a: Arceus|246/276|[from] item: Life Orb\n|move|p2a: Clodsire|Poison Jab|p1a: Arceus\n|-damage|p1a: Arceus|182/276\n|\n|-heal|p2a: Clodsire|198/343|[from] item: Leftovers\n|upkeep\n|turn|34\n|\n|t:|1782769126\n|move|p1a: Arceus|Extreme Speed|p2a: Clodsire\n|-damage|p2a: Clodsire|37/343\n|-damage|p1a: Arceus|155/276|[from] item: Life Orb\n|move|p2a: Clodsire|Recover|p2a: Clodsire\n|-heal|p2a: Clodsire|209/343\n|\n|-heal|p2a: Clodsire|230/343|[from] item: Leftovers\n|upkeep\n|turn|35\n|\n|t:|1782769131\n|move|p1a: Arceus|Extreme Speed|p2a: Clodsire\n|-damage|p2a: Clodsire|84/343\n|-damage|p1a: Arceus|128/276|[from] item: Life Orb\n|move|p2a: Clodsire|Recover|p2a: Clodsire\n|-heal|p2a: Clodsire|256/343\n|\n|-heal|p2a: Clodsire|277/343|[from] item: Leftovers\n|upkeep\n|turn|36\n|\n|t:|1782769135\n|move|p1a: Arceus|Extreme Speed|p2a: Clodsire\n|-damage|p2a: Clodsire|124/343\n|-damage|p1a: Arceus|101/276|[from] item: Life Orb\n|move|p2a: Clodsire|Poison Jab|p1a: Arceus\n|-damage|p1a: Arceus|32/276\n|-status|p1a: Arceus|psn\n|\n|-heal|p2a: Clodsire|145/343|[from] item: Leftovers\n|-damage|p1a: Arceus|0 fnt|[from] psn\n|faint|p1a: Arceus\n|upkeep\n|\n|t:|1782769141\n|switch|p1a: Okidogi|Okidogi, L77, M|88/262\n|-damage|p1a: Okidogi|45/262|[from] Spikes\n|turn|37\n|\n|t:|1782769151\n|switch|p2a: Alomomola|Alomomola, L87, F|429/429 tox\n|-damage|p2a: Alomomola|376/429 tox|[from] Stealth Rock\n|move|p1a: Okidogi|Gunk Shot|p2a: Alomomola\n|-damage|p2a: Alomomola|247/429 tox\n|\n|-damage|p2a: Alomomola|221/429 tox|[from] psn\n|upkeep\n|turn|38\n|\n|t:|1782769167\n|move|p1a: Okidogi|Drain Punch|p2a: Alomomola\n|-damage|p2a: Alomomola|142/429 tox\n|-heal|p1a: Okidogi|85/262|[from] drain|[of] p2a: Alomomola\n|move|p2a: Alomomola|Flip Turn|p1a: Okidogi\n|-damage|p1a: Okidogi|34/262\n|\n|t:|1782769184\n|switch|p2a: Abomasnow|Abomasnow, L84, F|287/287|[from] Flip Turn\n|-damage|p2a: Abomasnow|216/287|[from] Stealth Rock\n|-weather|Snowscape|[from] ability: Snow Warning|[of] p2a: Abomasnow\n|\n|-weather|Snowscape|[upkeep]\n|upkeep\n|turn|39\n|\n|t:|1782769202\n|move|p1a: Okidogi|Drain Punch|p2a: Abomasnow\n|-supereffective|p2a: Abomasnow\n|-damage|p2a: Abomasnow|84/287\n|-heal|p1a: Okidogi|100/262|[from] drain|[of] p2a: Abomasnow\n|-status|p2a: Abomasnow|tox|[from] ability: Toxic Chain|[of] p1a: Okidogi\n|move|p2a: Abomasnow|Blizzard|p1a: Okidogi\n|-damage|p1a: Okidogi|24/262\n|\n|-weather|Snowscape|[upkeep]\n|-damage|p2a: Abomasnow|67/287 tox|[from] psn\n|upkeep\n|turn|40\n|\n|t:|1782769210\n|move|p1a: Okidogi|Drain Punch|p2a: Abomasnow\n|-supereffective|p2a: Abomasnow\n|-damage|p2a: Abomasnow|0 fnt\n|-heal|p1a: Okidogi|58/262|[from] drain|[of] p2a: Abomasnow\n|faint|p2a: Abomasnow\n|\n|-weather|Snowscape|[upkeep]\n|upkeep\n|\n|t:|1782769214\n|switch|p2a: Alomomola|Alomomola, L87, F|285/429 tox\n|-damage|p2a: Alomomola|232/429 tox|[from] Stealth Rock\n|turn|41\n|\n|t:|1782769224\n|move|p1a: Okidogi|Drain Punch|p2a: Alomomola\n|-damage|p2a: Alomomola|148/429 tox\n|-heal|p1a: Okidogi|100/262|[from] drain|[of] p2a: Alomomola\n|move|p2a: Alomomola|Wish|p2a: Alomomola\n|\n|-weather|Snowscape|[upkeep]\n|-damage|p2a: Alomomola|122/429 tox|[from] psn\n|upkeep\n|turn|42\n|\n|t:|1782769233\n|move|p1a: Okidogi|Drain Punch|p2a: Alomomola\n|-damage|p2a: Alomomola|32/429 tox\n|-heal|p1a: Okidogi|145/262|[from] drain|[of] p2a: Alomomola\n|move|p2a: Alomomola|Flip Turn|p1a: Okidogi\n|-damage|p1a: Okidogi|96/262\n|\n|t:|1782769237\n|switch|p2a: Clodsire|Clodsire, L81, M, tera:Flying|145/343|[from] Flip Turn\n|-damage|p2a: Clodsire|60/343|[from] Stealth Rock\n|\n|-weather|none\n|-heal|p2a: Clodsire|274/343|[from] move: Wish|[wisher] Alomomola\n|-heal|p2a: Clodsire|295/343|[from] item: Leftovers\n|upkeep\n|turn|43\n|\n|t:|1782769240\n|move|p1a: Okidogi|Gunk Shot|p2a: Clodsire\n|-damage|p2a: Clodsire|105/343\n|move|p2a: Clodsire|Earthquake|p1a: Okidogi\n|-supereffective|p1a: Okidogi\n|-crit|p1a: Okidogi\n|-damage|p1a: Okidogi|0 fnt\n|faint|p1a: Okidogi\n|\n|-heal|p2a: Clodsire|126/343|[from] item: Leftovers\n|upkeep\n|\n|t:|1782769244\n|switch|p1a: Uxie|Uxie, L83|231/260\n|turn|44\n|\n|t:|1782769249\n|move|p1a: Uxie|Psychic Noise|p2a: Clodsire\n|-damage|p2a: Clodsire|69/343\n|-start|p2a: Clodsire|move: Heal Block\n|move|p2a: Clodsire|Poison Jab|p1a: Uxie\n|-crit|p1a: Uxie\n|-damage|p1a: Uxie|159/260\n|-status|p1a: Uxie|psn\n|\n|-heal|p1a: Uxie|175/260 psn|[from] item: Leftovers\n|-damage|p1a: Uxie|143/260 psn|[from] psn\n|upkeep\n|turn|45\n|\n|t:|1782769257\n|move|p1a: Uxie|Psychic Noise|p2a: Clodsire\n|-damage|p2a: Clodsire|12/343\n|move|p2a: Clodsire|Poison Jab|p1a: Uxie\n|-damage|p1a: Uxie|95/260 psn\n|\n|-heal|p1a: Uxie|111/260 psn|[from] item: Leftovers\n|-damage|p1a: Uxie|79/260 psn|[from] psn\n|-end|p2a: Clodsire|move: Heal Block\n|upkeep\n|turn|46\n|\n|t:|1782769261\n|move|p1a: Uxie|Psychic Noise|p2a: Clodsire\n|-damage|p2a: Clodsire|0 fnt\n|faint|p2a: Clodsire\n|\n|-heal|p1a: Uxie|95/260 psn|[from] item: Leftovers\n|-damage|p1a: Uxie|63/260 psn|[from] psn\n|upkeep\n|\n|t:|1782769263\n|switch|p2a: Alomomola|Alomomola, L87, F|175/429 tox\n|-damage|p2a: Alomomola|122/429 tox|[from] Stealth Rock\n|turn|47\n|\n|t:|1782769272\n|move|p1a: Uxie|Psychic Noise|p2a: Alomomola\n|-damage|p2a: Alomomola|31/429 tox\n|-start|p2a: Alomomola|move: Heal Block\n|move|p2a: Alomomola|Flip Turn|p1a: Uxie\n|-damage|p1a: Uxie|21/260 psn\n|\n|t:|1782769276\n|switch|p2a: Lilligant|Lilligant, L86, F|261/261 slp|[from] Flip Turn\n|-damage|p2a: Lilligant|229/261 slp|[from] Stealth Rock\n|\n|-heal|p1a: Uxie|37/260 psn|[from] item: Leftovers\n|-damage|p1a: Uxie|5/260 psn|[from] psn\n|upkeep\n|turn|48\n|\n|t:|1782769288\n|move|p1a: Uxie|Psychic Noise|p2a: Lilligant\n|-damage|p2a: Lilligant|157/261 slp\n|-start|p2a: Lilligant|move: Heal Block\n|cant|p2a: Lilligant|slp\n|\n|-heal|p1a: Uxie|21/260 psn|[from] item: Leftovers\n|-damage|p1a: Uxie|0 fnt|[from] psn\n|faint|p1a: Uxie\n|\n|win|Vividedenne\n", "inputlog": ">version f8ac14003a5f27e1bdc8d8c59608a773c1cb96e5\n>start {\"formatid\":\"gen9randombattle\",\"seed\":\"sodium,53d5d726714d9f43327c6bd2a0cf059c\"}\n>player p1 {\"name\":\"RentnerHaehnchen\",\"avatar\":\"giovanni\",\"rating\":0,\"seed\":\"sodium,78c9b02cc6ae5252c54437bff5c799b9\"}\n>player p2 {\"name\":\"Vividedenne\",\"avatar\":\"#npl2023\",\"rating\":0,\"seed\":\"sodium,99d247fab66f560320d4786a5d7e3f8e\"}\n>p1 move yawn\n>p2 move quiverdance\n>p1 move uturn\n>p2 move sleeppowder\n>p1 switch 6\n>p2 move gigadrain\n>p1 move gunkshot\n>p2 switch 6\n>p1 switch 6\n>p2 move earthquake\n>p1 move knockoff\n>p2 switch 5\n>p1 move yawn\n>p2 move spikes\n>p1 move uturn\n>p2 move spikes\n>p1 switch 6\n>p1 move drainpunch\n>p2 switch 5\n>p1 move highhorsepower\n>p2 move poisonjab\n>p1 move highhorsepower\n>p2 switch 4\n>p1 move drainpunch\n>p2 move wish\n>p1 move knockoff\n>p2 move flipturn\n>p2 switch 4\n>p1 switch 6\n>p2 move earthquake\n>p1 move psychicnoise\n>p2 switch 4\n>p1 move psychicnoise\n>p2 switch 5\n>p1 move uturn\n>p2 move wildcharge\n>p1 switch 5\n>p1 move bodypress\n>p2 move wildcharge\n>p2 switch 5\n>p1 move stealthrock\n>p2 move wish\n>p1 move bodypress\n>p2 move scald\n>p1 switch 5\n>p2 move flipturn\n>p2 switch 2\n>p1 move uturn\n>p2 move swordsdance\n>p1 switch 5\n>p1 switch 3\n>p1 move fireblast\n>p2 move suckerpunch\n>p1 switch 4\n>p1 move wavecrash\n>p2 move kowtowcleave\n>p1 switch 2\n>p1 move swordsdance\n>p2 move suckerpunch\n>p1 move extremespeed terastallize\n>p2 move kowtowcleave\n>p2 switch 4\n>p1 move earthquake\n>p2 move earthquake terastallize\n>p1 move recover\n>p2 move earthquake\n>p1 move extremespeed\n>p2 move poisonjab\n>p1 move recover\n>p2 move recover\n>p1 move extremespeed\n>p2 move poisonjab\n>p1 move recover\n>p2 move recover\n>p1 move extremespeed\n>p2 move poisonjab\n>p1 move extremespeed\n>p2 move recover\n>p1 move extremespeed\n>p2 move recover\n>p1 move extremespeed\n>p2 move poisonjab\n>p1 switch 6\n>p1 move gunkshot\n>p2 switch 2\n>p1 move drainpunch\n>p2 move flipturn\n>p2 switch 3\n>p1 move drainpunch\n>p2 move blizzard\n>p1 move drainpunch\n>p2 move auroraveil\n>p2 switch 3\n>p1 move drainpunch\n>p2 move wish\n>p1 move drainpunch\n>p2 move flipturn\n>p2 switch 2\n>p1 move gunkshot\n>p2 move earthquake\n>p1 switch 5\n>p1 move psychicnoise\n>p2 move poisonjab\n>p1 move psychicnoise\n>p2 move poisonjab\n>p1 move psychicnoise\n>p2 move poisonjab\n>p2 switch 2\n>p1 move psychicnoise\n>p2 move flipturn\n>p2 switch 6\n>p1 move psychicnoise\n>p2 move gigadrain", "uploadtime": 1782768727, "views": 4, "formatid": "gen9randombattle", "rating": null, "private": 0, "password": null, "player_dets": [{"name": "RentnerHaehnchen", "avatar": "giovanni", "rating": 0, "seed": "sodium,78c9b02cc6ae5252c54437bff5c799b9"}, {"name": "Vividedenne", "avatar": "#npl2023", "rating": 0, "seed": "sodium,99d247fab66f560320d4786a5d7e3f8e"}], "teams_full": [{"Uxie": {"name": "Uxie", "species": "Uxie", "speciesId": "uxie", "gender": "N", "shiny": false, "level": 83, "moves": ["uturn", "psychicnoise", "yawn", "knockoff"], "ability": "Levitate", "evs": {"hp": 85, "atk": 85, "def": 85, "spa": 85, "spd": 85, "spe": 85}, "ivs": {"hp": 31, "atk": 31, "def": 31, "spa": 31, "spd": 31, "spe": 31}, "item": "Leftovers", "teraType": "Electric", "role": "Bulky Support", "bvs": {"hp": 75, "atk": 75, "def": 130, "spa": 75, "spd": 130, "spe": 95}, "stats": {"hp": 260, "atk": 172, "def": 263, "spa": 172, "spd": 263, "spe": 205}, "types": ["Psychic"]}, "Arceus": {"name": "Arceus", "species": "Arceus", "speciesId": "arceus", "gender": "N", "shiny": false, "level": 68, "moves": ["earthquake", "swordsdance", "recover", "extremespeed"], "ability": "Multitype", "evs": {"hp": 85, "atk": 85, "def": 85, "spa": 85, "spd": 85, "spe": 85}, "ivs": {"hp": 31, "atk": 31, "def": 31, "spa": 31, "spd": 31, "spe": 31}, "item": "Life Orb", "teraType": "Normal", "role": "Setup Sweeper", "bvs": {"hp": 120, "atk": 120, "def": 120, "spa": 120, "spd": 120, "spe": 120}, "stats": {"hp": 276, "atk": 203, "def": 203, "spa": 203, "spd": 203, "spe": 203}, "types": ["Normal"]}, "Azelf": {"name": "Azelf", "species": "Azelf", "speciesId": "azelf", "gender": "N", "shiny": false, "level": 82, "moves": ["fireblast", "dazzlinggleam", "psychic", "nastyplot"], "ability": "Levitate", "evs": {"hp": 85, "atk": 0, "def": 85, "spa": 85, "spd": 85, "spe": 85}, "ivs": {"hp": 31, "atk": 0, "def": 31, "spa": 31, "spd": 31, "spe": 31}, "item": "Life Orb", "teraType": "Fire", "role": "Fast Attacker", "bvs": {"hp": 75, "atk": 125, "def": 70, "spa": 125, "spd": 70, "spe": 115}, "stats": {"hp": 257, "atk": 210, "def": 162, "spa": 252, "spd": 162, "spe": 236}, "types": ["Psychic"]}, "Floatzel": {"name": "Floatzel", "species": "Floatzel", "speciesId": "floatzel", "gender": "M", "shiny": false, "level": 86, "moves": ["icespinner", "crunch", "wavecrash", "flipturn"], "ability": "Water Veil", "evs": {"hp": 85, "atk": 85, "def": 85, "spa": 85, "spd": 85, "spe": 85}, "ivs": {"hp": 31, "atk": 31, "def": 31, "spa": 31, "spd": 31, "spe": 31}, "item": "Choice Band", "teraType": "Water", "role": "Wallbreaker", "bvs": {"hp": 85, "atk": 105, "def": 55, "spa": 85, "spd": 50, "spe": 115}, "stats": {"hp": 286, "atk": 230, "def": 144, "spa": 195, "spd": 135, "spe": 247}, "types": ["Water"]}, "Registeel": {"name": "Registeel", "species": "Registeel", "speciesId": "registeel", "gender": "N", "shiny": false, "level": 81, "moves": ["stealthrock", "bodypress", "thunderwave", "ironhead"], "ability": "Clear Body", "evs": {"hp": 85, "atk": 85, "def": 85, "spa": 85, "spd": 85, "spe": 85}, "ivs": {"hp": 31, "atk": 31, "def": 31, "spa": 31, "spd": 31, "spe": 31}, "item": "Leftovers", "teraType": "Fighting", "role": "Bulky Support", "bvs": {"hp": 80, "atk": 75, "def": 150, "spa": 75, "spd": 150, "spe": 50}, "stats": {"hp": 262, "atk": 168, "def": 290, "spa": 168, "spd": 290, "spe": 128}, "types": ["Steel"]}, "Okidogi": {"name": "Okidogi", "species": "Okidogi", "speciesId": "okidogi", "gender": "M", "shiny": false, "level": 77, "moves": ["drainpunch", "highhorsepower", "gunkshot", "knockoff"], "ability": "Toxic Chain", "evs": {"hp": 85, "atk": 85, "def": 85, "spa": 85, "spd": 85, "spe": 85}, "ivs": {"hp": 31, "atk": 31, "def": 31, "spa": 31, "spd": 31, "spe": 31}, "item": "Assault Vest", "teraType": "Dark", "role": "AV Pivot", "bvs": {"hp": 88, "atk": 128, "def": 115, "spa": 58, "spd": 86, "spe": 80}, "stats": {"hp": 262, "atk": 242, "def": 222, "spa": 134, "spd": 177, "spe": 168}, "types": ["Poison", "Fighting"]}}, {"Lilligant": {"name": "Lilligant", "species": "Lilligant", "speciesId": "lilligant", "gender": "F", "shiny": false, "level": 86, "moves": ["quiverdance", "terablast", "sleeppowder", "gigadrain"], "ability": "Chlorophyll", "evs": {"hp": 85, "atk": 0, "def": 85, "spa": 85, "spd": 85, "spe": 85}, "ivs": {"hp": 31, "atk": 0, "def": 31, "spa": 31, "spd": 31, "spe": 31}, "item": "Life Orb", "teraType": "Fire", "role": "Tera Blast user", "bvs": {"hp": 70, "atk": 60, "def": 75, "spa": 110, "spd": 75, "spe": 90}, "stats": {"hp": 261, "atk": 108, "def": 178, "spa": 238, "spd": 178, "spe": 204}, "types": ["Grass"]}, "Kingambit": {"name": "Kingambit", "species": "Kingambit", "speciesId": "kingambit", "gender": "M", "shiny": false, "level": 74, "moves": ["swordsdance", "suckerpunch", "ironhead", "kowtowcleave"], "ability": "Supreme Overlord", "evs": {"hp": 85, "atk": 85, "def": 85, "spa": 85, "spd": 85, "spe": 85}, "ivs": {"hp": 31, "atk": 31, "def": 31, "spa": 31, "spd": 31, "spe": 31}, "item": "Leftovers", "teraType": "Dark", "role": "Bulky Attacker", "bvs": {"hp": 100, "atk": 135, "def": 120, "spa": 60, "spd": 85, "spe": 50}, "stats": {"hp": 270, "atk": 243, "def": 221, "spa": 132, "spd": 169, "spe": 117}, "types": ["Dark", "Steel"]}, "Abomasnow": {"name": "Abomasnow", "species": "Abomasnow", "speciesId": "abomasnow", "gender": "F", "shiny": false, "level": 84, "moves": ["earthquake", "auroraveil", "blizzard", "woodhammer"], "ability": "Snow Warning", "evs": {"hp": 77, "atk": 85, "def": 85, "spa": 85, "spd": 85, "spe": 85}, "ivs": {"hp": 31, "atk": 31, "def": 31, "spa": 31, "spd": 31, "spe": 31}, "item": "Light Clay", "teraType": "Ghost", "role": "Bulky Support", "bvs": {"hp": 90, "atk": 92, "def": 75, "spa": 92, "spd": 85, "spe": 60}, "stats": {"hp": 287, "atk": 203, "def": 174, "spa": 203, "spd": 191, "spe": 149}, "types": ["Grass", "Ice"]}, "Alomomola": {"name": "Alomomola", "species": "Alomomola", "speciesId": "alomomola", "gender": "F", "shiny": false, "level": 87, "moves": ["scald", "flipturn", "protect", "wish"], "ability": "Regenerator", "evs": {"hp": 85, "atk": 85, "def": 85, "spa": 85, "spd": 85, "spe": 85}, "ivs": {"hp": 31, "atk": 31, "def": 31, "spa": 31, "spd": 31, "spe": 31}, "item": "Rocky Helmet", "teraType": "Steel", "role": "Bulky Support", "bvs": {"hp": 165, "atk": 75, "def": 80, "spa": 40, "spd": 45, "spe": 65}, "stats": {"hp": 429, "atk": 180, "def": 189, "spa": 119, "spd": 128, "spe": 163}, "types": ["Water"]}, "Iron Thorns": {"name": "Iron Thorns", "species": "Iron Thorns", "speciesId": "ironthorns", "gender": "N", "shiny": false, "level": 83, "moves": ["stoneedge", "spikes", "wildcharge", "icepunch"], "ability": "Quark Drive", "evs": {"hp": 85, "atk": 85, "def": 85, "spa": 85, "spd": 85, "spe": 85}, "ivs": {"hp": 31, "atk": 31, "def": 31, "spa": 31, "spd": 31, "spe": 31}, "item": "Air Balloon", "teraType": "Flying", "role": "Fast Support", "bvs": {"hp": 100, "atk": 134, "def": 110, "spa": 70, "spd": 84, "spe": 72}, "stats": {"hp": 302, "atk": 270, "def": 230, "spa": 164, "spd": 187, "spe": 167}, "types": ["Rock", "Electric"]}, "Clodsire": {"name": "Clodsire", "species": "Clodsire", "speciesId": "clodsire", "gender": "M", "shiny": false, "level": 81, "moves": ["earthquake", "recover", "poisonjab", "toxicspikes"], "ability": "Unaware", "evs": {"hp": 85, "atk": 85, "def": 85, "spa": 85, "spd": 85, "spe": 85}, "ivs": {"hp": 31, "atk": 31, "def": 31, "spa": 31, "spd": 31, "spe": 31}, "item": "Leftovers", "teraType": "Flying", "role": "Bulky Attacker", "bvs": {"hp": 130, "atk": 75, "def": 60, "spa": 45, "spd": 100, "spe": 20}, "stats": {"hp": 343, "atk": 168, "def": 144, "spa": 120, "spd": 209, "spe": 79}, "types": ["Poison", "Ground"]}}]}