{"id": "gen9randombattle-2641173856", "format": "[Gen 9] Random Battle", "players": ["testbotcif", "gun ning"], "log": "|j|\u2606testbotcif\n|j|\u2606gun ning\n|t:|1782749584\n|gametype|singles\n|player|p1|testbotcif|266|1090\n|player|p2|gun ning|170|1061\n|gen|9\n|tier|[Gen 9] Random Battle\n|rated|\n|rule|Species Clause: Limit one of each Pok\u00e9mon\n|rule|HP Percentage Mod: HP is shown in percentages\n|rule|Sleep Clause Mod: Limit one foe put to sleep\n|rule|Illusion Level Mod: Illusion disguises the Pok\u00e9mon's true level\n|\n|t:|1782749584\n|teamsize|p1|6\n|teamsize|p2|6\n|start\n|switch|p1a: Empoleon|Empoleon, L84, M|278/278\n|switch|p2a: Arceus|Arceus-Fighting, L70|284/284\n|turn|1\n|inactive|Battle timer is ON: inactive players will automatically lose when time's up. (requested by testbotcif)\n|c|\u2606testbotcif|rlhf\n|\n|t:|1782749607\n|switch|p1a: Whimsicott|Whimsicott, L84, M|238/238\n|-terastallize|p2a: Arceus|Steel\n|move|p2a: Arceus|Iron Defense|p2a: Arceus\n|-boost|p2a: Arceus|def|2\n|\n|upkeep\n|turn|2\n|\n|t:|1782749615\n|move|p1a: Whimsicott|Leech Seed|p2a: Arceus\n|-start|p2a: Arceus|move: Leech Seed\n|move|p2a: Arceus|Iron Defense|p2a: Arceus\n|-boost|p2a: Arceus|def|2\n|\n|-damage|p2a: Arceus|249/284|[from] Leech Seed|[of] p1a: Whimsicott\n|upkeep\n|turn|3\n|\n|t:|1782749624\n|move|p1a: Whimsicott|Moonblast|p2a: Arceus\n|-resisted|p2a: Arceus\n|-damage|p2a: Arceus|207/284\n|-unboost|p2a: Arceus|spa|1\n|move|p2a: Arceus|Shadow Ball|p1a: Whimsicott\n|-damage|p1a: Whimsicott|203/238\n|\n|-heal|p1a: Whimsicott|217/238|[from] item: Leftovers\n|-damage|p2a: Arceus|172/284|[from] Leech Seed|[of] p1a: Whimsicott\n|-heal|p1a: Whimsicott|238/238|[silent]\n|upkeep\n|turn|4\n|\n|t:|1782749649\n|move|p1a: Whimsicott|Substitute|p1a: Whimsicott\n|-start|p1a: Whimsicott|Substitute\n|-damage|p1a: Whimsicott|179/238\n|move|p2a: Arceus|Recover|p2a: Arceus\n|-heal|p2a: Arceus|284/284\n|\n|-heal|p1a: Whimsicott|193/238|[from] item: Leftovers\n|-damage|p2a: Arceus|249/284|[from] Leech Seed|[of] p1a: Whimsicott\n|-heal|p1a: Whimsicott|228/238|[silent]\n|upkeep\n|turn|5\n|\n|t:|1782749663\n|switch|p2a: Metagross|Metagross, L79|256/256\n|move|p1a: Whimsicott|Moonblast|p2a: Metagross\n|-resisted|p2a: Metagross\n|-crit|p2a: Metagross\n|-damage|p2a: Metagross|190/256\n|\n|-heal|p1a: Whimsicott|238/238|[from] item: Leftovers\n|upkeep\n|turn|6\n|\n|t:|1782749674\n|switch|p1a: Kingambit|Kingambit, L74, M|270/270\n|move|p2a: Metagross|Agility|p2a: Metagross\n|-boost|p2a: Metagross|spe|2\n|\n|upkeep\n|turn|7\n|\n|t:|1782749682\n|move|p2a: Metagross|Earthquake|p1a: Kingambit\n|-supereffective|p1a: Kingambit\n|-damage|p1a: Kingambit|136/270\n|move|p1a: Kingambit|Swords Dance|p1a: Kingambit\n|-boost|p1a: Kingambit|atk|2\n|\n|-heal|p1a: Kingambit|152/270|[from] item: Leftovers\n|upkeep\n|turn|8\n|\n|t:|1782749694\n|switch|p2a: Chesnaught|Chesnaught, L84, M|285/285\n|-terastallize|p1a: Kingambit|Dark\n|move|p1a: Kingambit|Sucker Punch||[still]\n|-fail|p1a: Kingambit\n|\n|-heal|p1a: Kingambit|168/270|[from] item: Leftovers\n|upkeep\n|turn|9\n|\n|t:|1782749703\n|-end|p1a: Kingambit|fallenundefined|[silent]\n|switch|p1a: Volcarona|Volcarona, L77, F|257/257\n|move|p2a: Chesnaught|Body Press|p1a: Volcarona\n|-resisted|p1a: Volcarona\n|-damage|p1a: Volcarona|193/257\n|\n|upkeep\n|turn|10\n|\n|t:|1782749717\n|switch|p2a: Luvdisc|Luvdisc, M|247/247\n|move|p1a: Volcarona|Quiver Dance|p1a: Volcarona\n|-boost|p1a: Volcarona|spa|1\n|-boost|p1a: Volcarona|spd|1\n|-boost|p1a: Volcarona|spe|1\n|\n|upkeep\n|turn|11\n|\n|t:|1782749732\n|move|p1a: Volcarona|Bug Buzz|p2a: Luvdisc\n|-damage|p2a: Luvdisc|85/247\n|-unboost|p2a: Luvdisc|spd|1\n|move|p2a: Luvdisc|Whirlpool|p1a: Volcarona\n|-supereffective|p1a: Volcarona\n|-damage|p1a: Volcarona|149/257\n|-activate|p1a: Volcarona|move: Whirlpool|[of] p2a: Luvdisc\n|\n|-damage|p1a: Volcarona|117/257|[from] move: Whirlpool|[partiallytrapped]\n|upkeep\n|turn|12\n|\n|t:|1782749748\n|switch|p2a: Minior|Minior-Indigo, L79|224/224\n|-formechange|p2a: Minior|Minior-Meteor||[from] ability: Shields Down\n|move|p1a: Volcarona|Bug Buzz|p2a: Minior\n|-resisted|p2a: Minior\n|-damage|p2a: Minior|146/224\n|\n|-end|p1a: Volcarona|Whirlpool|[partiallytrapped]|[silent]\n|upkeep\n|turn|13\n|\n|t:|1782749760\n|switch|p1a: Empoleon|Empoleon, L84, M|278/278\n|move|p2a: Minior|Power Gem|p1a: Empoleon\n|-resisted|p1a: Empoleon\n|-damage|p1a: Empoleon|255/278\n|\n|-heal|p1a: Empoleon|272/278|[from] item: Leftovers\n|upkeep\n|turn|14\n|\n|t:|1782749770\n|move|p1a: Empoleon|Surf|p2a: Minior\n|-supereffective|p2a: Minior\n|-damage|p2a: Minior|0 fnt\n|faint|p2a: Minior\n|\n|-heal|p1a: Empoleon|278/278|[from] item: Leftovers\n|upkeep\n|\n|t:|1782749779\n|switch|p2a: Arceus|Arceus-Fighting, L70, tera:Steel|249/284\n|turn|15\n|\n|t:|1782749785\n|move|p2a: Arceus|Shadow Ball|p1a: Empoleon\n|-damage|p1a: Empoleon|233/278\n|move|p1a: Empoleon|Surf|p2a: Arceus\n|-damage|p2a: Arceus|156/284\n|\n|-heal|p1a: Empoleon|250/278|[from] item: Leftovers\n|upkeep\n|turn|16\n|\n|t:|1782749792\n|move|p2a: Arceus|Shadow Ball|p1a: Empoleon\n|-damage|p1a: Empoleon|203/278\n|move|p1a: Empoleon|Surf|p2a: Arceus\n|-damage|p2a: Arceus|57/284\n|\n|-heal|p1a: Empoleon|220/278|[from] item: Leftovers\n|upkeep\n|turn|17\n|\n|t:|1782749800\n|move|p2a: Arceus|Recover|p2a: Arceus\n|-heal|p2a: Arceus|199/284\n|move|p1a: Empoleon|Roost|p1a: Empoleon\n|-heal|p1a: Empoleon|278/278\n|-singleturn|p1a: Empoleon|move: Roost\n|\n|upkeep\n|turn|18\n|\n|t:|1782749806\n|move|p2a: Arceus|Recover|p2a: Arceus\n|-heal|p2a: Arceus|284/284\n|move|p1a: Empoleon|Surf|p2a: Arceus\n|-damage|p2a: Arceus|191/284\n|\n|upkeep\n|turn|19\n|\n|t:|1782749812\n|move|p2a: Arceus|Iron Defense|p2a: Arceus\n|-boost|p2a: Arceus|def|2\n|move|p1a: Empoleon|Surf|p2a: Arceus\n|-damage|p2a: Arceus|95/284\n|\n|upkeep\n|turn|20\n|\n|t:|1782749817\n|move|p2a: Arceus|Recover|p2a: Arceus\n|-heal|p2a: Arceus|237/284\n|move|p1a: Empoleon|Surf|p2a: Arceus\n|-damage|p2a: Arceus|146/284\n|\n|upkeep\n|turn|21\n|\n|t:|1782749823\n|move|p2a: Arceus|Recover|p2a: Arceus\n|-heal|p2a: Arceus|284/284\n|move|p1a: Empoleon|Surf|p2a: Arceus\n|-damage|p2a: Arceus|190/284\n|\n|upkeep\n|turn|22\n|\n|t:|1782749829\n|move|p2a: Arceus|Body Press|p1a: Empoleon\n|-supereffective|p1a: Empoleon\n|-damage|p1a: Empoleon|0 fnt\n|faint|p1a: Empoleon\n|\n|upkeep\n|\n|t:|1782749830\n|switch|p1a: Whimsicott|Whimsicott, L84, M|238/238\n|turn|23\n|\n|t:|1782749837\n|switch|p2a: Metagross|Metagross, L79|190/256\n|move|p1a: Whimsicott|Moonblast|p2a: Metagross\n|-resisted|p2a: Metagross\n|-damage|p2a: Metagross|149/256\n|\n|upkeep\n|turn|24\n|\n|t:|1782749845\n|switch|p1a: Kingambit|Kingambit, L74, M, tera:Dark|168/270\n|-activate|p1a: Kingambit|ability: Supreme Overlord\n|-start|p1a: Kingambit|fallen1|[silent]\n|move|p2a: Metagross|Heavy Slam|p1a: Kingambit\n|-damage|p1a: Kingambit|57/270\n|\n|-heal|p1a: Kingambit|73/270|[from] item: Leftovers\n|upkeep\n|turn|25\n|\n|t:|1782749856\n|move|p1a: Kingambit|Sucker Punch|p2a: Metagross\n|-supereffective|p2a: Metagross\n|-damage|p2a: Metagross|0 fnt\n|faint|p2a: Metagross\n|\n|-heal|p1a: Kingambit|89/270|[from] item: Leftovers\n|upkeep\n|\n|t:|1782749864\n|switch|p2a: Chesnaught|Chesnaught, L84, M|285/285\n|turn|26\n|\n|t:|1782749871\n|move|p2a: Chesnaught|Trailblaze|p1a: Kingambit\n|-damage|p1a: Kingambit|41/270\n|-boost|p2a: Chesnaught|spe|1\n|move|p1a: Kingambit|Iron Head|p2a: Chesnaught\n|-damage|p2a: Chesnaught|213/285\n|\n|-heal|p2a: Chesnaught|230/285|[from] item: Leftovers\n|-heal|p1a: Kingambit|57/270|[from] item: Leftovers\n|upkeep\n|turn|27\n|\n|t:|1782749880\n|-end|p1a: Kingambit|fallen1|[silent]\n|switch|p1a: Whimsicott|Whimsicott, L84, M|238/238\n|move|p2a: Chesnaught|Body Press|p1a: Whimsicott\n|-resisted|p1a: Whimsicott\n|-damage|p1a: Whimsicott|190/238\n|\n|-heal|p1a: Whimsicott|204/238|[from] item: Leftovers\n|-heal|p2a: Chesnaught|247/285|[from] item: Leftovers\n|upkeep\n|turn|28\n|\n|t:|1782749902\n|switch|p2a: Luvdisc|Luvdisc, M|85/247\n|move|p1a: Whimsicott|Moonblast|p2a: Luvdisc\n|-damage|p2a: Luvdisc|0 fnt\n|faint|p2a: Luvdisc\n|\n|-heal|p1a: Whimsicott|218/238|[from] item: Leftovers\n|upkeep\n|\n|t:|1782749911\n|switch|p2a: Arceus|Arceus-Fighting, L70, tera:Steel|190/284\n|turn|29\n|\n|t:|1782749916\n|move|p1a: Whimsicott|Moonblast|p2a: Arceus\n|-resisted|p2a: Arceus\n|-damage|p2a: Arceus|148/284\n|move|p2a: Arceus|Shadow Ball|p1a: Whimsicott\n|-damage|p1a: Whimsicott|168/238\n|\n|-heal|p1a: Whimsicott|182/238|[from] item: Leftovers\n|upkeep\n|turn|30\n|\n|t:|1782749924\n|move|p1a: Whimsicott|Encore|p2a: Arceus\n|-start|p2a: Arceus|Encore\n|move|p2a: Arceus|Shadow Ball|p1a: Whimsicott\n|-damage|p1a: Whimsicott|129/238\n|\n|-heal|p1a: Whimsicott|143/238|[from] item: Leftovers\n|upkeep\n|turn|31\n|\n|t:|1782749932\n|move|p1a: Whimsicott|Moonblast|p2a: Arceus\n|-resisted|p2a: Arceus\n|-damage|p2a: Arceus|109/284\n|move|p2a: Arceus|Shadow Ball|p1a: Whimsicott\n|-damage|p1a: Whimsicott|92/238\n|\n|-heal|p1a: Whimsicott|106/238|[from] item: Leftovers\n|upkeep\n|turn|32\n|\n|t:|1782749940\n|move|p1a: Whimsicott|Encore||[still]\n|-fail|p1a: Whimsicott\n|move|p2a: Arceus|Shadow Ball|p1a: Whimsicott\n|-damage|p1a: Whimsicott|53/238\n|\n|-heal|p1a: Whimsicott|67/238|[from] item: Leftovers\n|-end|p2a: Arceus|Encore\n|upkeep\n|turn|33\n|\n|t:|1782749949\n|move|p1a: Whimsicott|Moonblast|p2a: Arceus\n|-resisted|p2a: Arceus\n|-damage|p2a: Arceus|66/284\n|-unboost|p2a: Arceus|spa|1\n|move|p2a: Arceus|Shadow Ball|p1a: Whimsicott\n|-damage|p1a: Whimsicott|31/238\n|-unboost|p1a: Whimsicott|spd|1\n|\n|-heal|p1a: Whimsicott|45/238|[from] item: Leftovers\n|upkeep\n|turn|34\n|\n|t:|1782749959\n|move|p1a: Whimsicott|Encore|p2a: Arceus\n|-start|p2a: Arceus|Encore\n|move|p2a: Arceus|Shadow Ball|p1a: Whimsicott\n|-damage|p1a: Whimsicott|0 fnt\n|faint|p1a: Whimsicott\n|\n|upkeep\n|\n|t:|1782749959\n|switch|p1a: Cresselia|Cresselia, L80, F|323/323\n|turn|35\n|\n|t:|1782749971\n|move|p2a: Arceus|Shadow Ball|p1a: Cresselia\n|-supereffective|p1a: Cresselia\n|-damage|p1a: Cresselia|263/323\n|move|p1a: Cresselia|Calm Mind|p1a: Cresselia\n|-boost|p1a: Cresselia|spa|1\n|-boost|p1a: Cresselia|spd|1\n|\n|-heal|p1a: Cresselia|283/323|[from] item: Leftovers\n|upkeep\n|turn|36\n|\n|t:|1782749980\n|move|p2a: Arceus|Shadow Ball|p1a: Cresselia\n|-supereffective|p1a: Cresselia\n|-damage|p1a: Cresselia|245/323\n|move|p1a: Cresselia|Moonlight|p1a: Cresselia\n|-heal|p1a: Cresselia|323/323\n|\n|-end|p2a: Arceus|Encore\n|upkeep\n|turn|37\n|\n|t:|1782749990\n|move|p2a: Arceus|Recover|p2a: Arceus\n|-heal|p2a: Arceus|208/284\n|move|p1a: Cresselia|Moonlight|p1a: Cresselia\n|-fail|p1a: Cresselia|heal\n|\n|upkeep\n|turn|38\n|\n|t:|1782749996\n|move|p2a: Arceus|Shadow Ball|p1a: Cresselia\n|-supereffective|p1a: Cresselia\n|-damage|p1a: Cresselia|285/323\n|move|p1a: Cresselia|Calm Mind|p1a: Cresselia\n|-boost|p1a: Cresselia|spa|1\n|-boost|p1a: Cresselia|spd|1\n|\n|-heal|p1a: Cresselia|305/323|[from] item: Leftovers\n|upkeep\n|turn|39\n|\n|t:|1782750007\n|switch|p2a: Whimsicott|Whimsicott, L84, M|238/238\n|move|p1a: Cresselia|Moonlight|p1a: Cresselia\n|-heal|p1a: Cresselia|323/323\n|\n|upkeep\n|turn|40\n|\n|t:|1782750014\n|move|p2a: Whimsicott|Encore|p1a: Cresselia\n|-start|p1a: Cresselia|Encore\n|move|p1a: Cresselia|Moonlight|p1a: Cresselia\n|-fail|p1a: Cresselia|heal\n|\n|upkeep\n|turn|41\n|\n|t:|1782750021\n|move|p2a: Whimsicott|Stun Spore|p1a: Cresselia\n|-status|p1a: Cresselia|par\n|cant|p1a: Cresselia|par\n|\n|upkeep\n|turn|42\n|\n|t:|1782750030\n|move|p2a: Whimsicott|Giga Drain|p1a: Cresselia\n|-damage|p1a: Cresselia|296/323 par\n|cant|p1a: Cresselia|par\n|\n|-heal|p1a: Cresselia|316/323 par|[from] item: Leftovers\n|-end|p1a: Cresselia|Encore\n|upkeep\n|turn|43\n|\n|t:|1782750038\n|move|p2a: Whimsicott|Encore|p1a: Cresselia\n|-start|p1a: Cresselia|Encore\n|move|p1a: Cresselia|Moonlight|p1a: Cresselia\n|-heal|p1a: Cresselia|323/323 par\n|\n|upkeep\n|turn|44\n|\n|t:|1782750045\n|move|p2a: Whimsicott|Giga Drain|p1a: Cresselia\n|-damage|p1a: Cresselia|295/323 par\n|move|p1a: Cresselia|Moonlight|p1a: Cresselia\n|-heal|p1a: Cresselia|323/323 par\n|\n|upkeep\n|turn|45\n|\n|t:|1782750052\n|move|p2a: Whimsicott|Moonblast|p1a: Cresselia\n|-damage|p1a: Cresselia|287/323 par\n|move|p1a: Cresselia|Moonlight|p1a: Cresselia\n|-heal|p1a: Cresselia|323/323 par\n|\n|-end|p1a: Cresselia|Encore\n|upkeep\n|turn|46\n|\n|t:|1782750060\n|move|p2a: Whimsicott|Encore|p1a: Cresselia\n|-start|p1a: Cresselia|Encore\n|move|p1a: Cresselia|Moonlight|p1a: Cresselia\n|-fail|p1a: Cresselia|heal\n|\n|-end|p1a: Cresselia|Encore\n|upkeep\n|turn|47\n|\n|t:|1782750069\n|switch|p2a: Arceus|Arceus-Fighting, L70, tera:Steel|208/284\n|move|p1a: Cresselia|Psyshock|p2a: Arceus\n|-resisted|p2a: Arceus\n|-damage|p2a: Arceus|148/284\n|\n|upkeep\n|turn|48\n|\n|t:|1782750080\n|move|p2a: Arceus|Recover|p2a: Arceus\n|-heal|p2a: Arceus|284/284\n|move|p1a: Cresselia|Psyshock|p2a: Arceus\n|-resisted|p2a: Arceus\n|-damage|p2a: Arceus|223/284\n|\n|upkeep\n|turn|49\n|\n|t:|1782750086\n|move|p2a: Arceus|Shadow Ball|p1a: Cresselia\n|-supereffective|p1a: Cresselia\n|-damage|p1a: Cresselia|283/323 par\n|move|p1a: Cresselia|Thunderbolt|p2a: Arceus\n|-damage|p2a: Arceus|135/284\n|\n|-heal|p1a: Cresselia|303/323 par|[from] item: Leftovers\n|upkeep\n|turn|50\n|\n|t:|1782750096\n|move|p2a: Arceus|Recover|p2a: Arceus\n|-heal|p2a: Arceus|277/284\n|move|p1a: Cresselia|Thunderbolt|p2a: Arceus\n|-damage|p2a: Arceus|193/284\n|\n|-heal|p1a: Cresselia|323/323 par|[from] item: Leftovers\n|upkeep\n|turn|51\n|\n|t:|1782750109\n|move|p2a: Arceus|Shadow Ball|p1a: Cresselia\n|-supereffective|p1a: Cresselia\n|-damage|p1a: Cresselia|281/323 par\n|cant|p1a: Cresselia|par\n|\n|-heal|p1a: Cresselia|301/323 par|[from] item: Leftovers\n|upkeep\n|turn|52\n|\n|t:|1782750123\n|move|p2a: Arceus|Shadow Ball|p1a: Cresselia\n|-supereffective|p1a: Cresselia\n|-damage|p1a: Cresselia|261/323 par\n|-unboost|p1a: Cresselia|spd|1\n|move|p1a: Cresselia|Psyshock|p2a: Arceus\n|-resisted|p2a: Arceus\n|-damage|p2a: Arceus|128/284\n|\n|-heal|p1a: Cresselia|281/323 par|[from] item: Leftovers\n|upkeep\n|turn|53\n|\n|t:|1782750131\n|move|p2a: Arceus|Shadow Ball|p1a: Cresselia\n|-supereffective|p1a: Cresselia\n|-damage|p1a: Cresselia|225/323 par\n|move|p1a: Cresselia|Thunderbolt|p2a: Arceus\n|-damage|p2a: Arceus|32/284\n|\n|-heal|p1a: Cresselia|245/323 par|[from] item: Leftovers\n|upkeep\n|turn|54\n|\n|t:|1782750144\n|move|p2a: Arceus|Shadow Ball|p1a: Cresselia\n|-supereffective|p1a: Cresselia\n|-damage|p1a: Cresselia|187/323 par\n|move|p1a: Cresselia|Thunderbolt|p2a: Arceus\n|-damage|p2a: Arceus|0 fnt\n|faint|p2a: Arceus\n|\n|-heal|p1a: Cresselia|207/323 par|[from] item: Leftovers\n|upkeep\n|\n|t:|1782750152\n|switch|p2a: Whimsicott|Whimsicott, L84, M|238/238\n|turn|55\n|\n|t:|1782750162\n|move|p2a: Whimsicott|Encore|p1a: Cresselia\n|-start|p1a: Cresselia|Encore\n|move|p1a: Cresselia|Thunderbolt|p2a: Whimsicott\n|-resisted|p2a: Whimsicott\n|-damage|p2a: Whimsicott|180/238\n|-status|p2a: Whimsicott|par\n|\n|-heal|p2a: Whimsicott|194/238 par|[from] item: Leftovers\n|-heal|p1a: Cresselia|227/323 par|[from] item: Leftovers\n|upkeep\n|turn|56\n|-message|gun ning forfeited.\n|\n|win|testbotcif\n|raw|testbotcif's rating: 1090 &rarr; <strong>1114</strong><br />(+24 for winning)\n|raw|gun ning's rating: 1061 &rarr; <strong>1043</strong><br />(-18 for losing)\n", "inputlog": ">version f8ac14003a5f27e1bdc8d8c59608a773c1cb96e5\n>start {\"formatid\":\"gen9randombattle\",\"seed\":\"sodium,4a785850430c9c4e6c4a2cd2d44082c7\",\"rated\":\"Rated battle\"}\n>player p1 {\"name\":\"testbotcif\",\"avatar\":\"266\",\"rating\":1090,\"seed\":\"sodium,d727d4cdfd96627d0f50a90ad6c98ffc\"}\n>player p2 {\"name\":\"gun ning\",\"avatar\":\"170\",\"rating\":1061,\"seed\":\"sodium,dddd38a73b87244049bff06fab489a09\"}\n>chat \u2606testbotcif|rlhf\n>p1 switch 5\n>p2 move irondefense terastallize\n>p1 move leechseed\n>p2 move irondefense\n>p1 move moonblast\n>p2 move shadowball\n>p1 move substitute\n>p2 move recover\n>p1 move moonblast\n>p2 switch 6\n>p1 switch 2\n>p2 move agility\n>p1 move swordsdance\n>p2 move earthquake\n>p1 move suckerpunch terastallize\n>p2 switch 5\n>p1 switch 3\n>p2 move bodypress\n>p1 move quiverdance\n>p2 switch 2\n>p1 move bugbuzz\n>p2 move whirlpool\n>p1 move bugbuzz\n>p2 switch 3\n>p1 switch 5\n>p2 move powergem\n>p1 move surf\n>p2 move shellsmash\n>p2 switch 6\n>p1 move surf\n>p2 move shadowball\n>p1 move surf\n>p2 move shadowball\n>p1 move roost\n>p2 move recover\n>p1 move surf\n>p2 move recover\n>p1 move surf\n>p2 move irondefense\n>p1 move surf\n>p2 move recover\n>p1 move surf\n>p2 move recover\n>p1 move surf\n>p2 move bodypress\n>p1 switch 2\n>p1 move moonblast\n>p2 switch 5\n>p1 switch 3\n>p2 move heavyslam\n>p1 move suckerpunch\n>p2 move earthquake\n>p2 switch 2\n>p1 move ironhead\n>p2 move trailblaze\n>p1 switch 3\n>p2 move bodypress\n>p1 move moonblast\n>p2 switch 3\n>p2 switch 5\n>p1 move moonblast\n>p2 move shadowball\n>p1 move encore\n>p2 move recover\n>p1 move moonblast\n>p2 move shadowball\n>p1 move encore\n>p2 move shadowball\n>p1 move moonblast\n>p2 move shadowball\n>p1 move encore\n>p2 move shadowball\n>p1 switch 4\n>p1 move calmmind\n>p2 move shadowball\n>p1 move moonlight\n>p2 move shadowball\n>p1 move moonlight\n>p2 move recover\n>p1 move calmmind\n>p2 move shadowball\n>p1 move moonlight\n>p2 switch 4\n>p1 move psyshock\n>p2 move encore\n>p1 move moonlight\n>p2 move stunspore\n>p1 move moonlight\n>p2 move gigadrain\n>p1 move moonlight\n>p2 move encore\n>p1 move moonlight\n>p2 move gigadrain\n>p1 move moonlight\n>p2 move moonblast\n>p1 move moonlight\n>p2 move encore\n>p1 move psyshock\n>p2 switch 4\n>p1 move psyshock\n>p2 move recover\n>p1 move thunderbolt\n>p2 move shadowball\n>p1 move thunderbolt\n>p2 move recover\n>p1 move thunderbolt\n>p2 move shadowball\n>p1 move psyshock\n>p2 move shadowball\n>p1 move thunderbolt\n>p2 move shadowball\n>p1 move thunderbolt\n>p2 move shadowball\n>p2 switch 4\n>p1 move psyshock\n>p2 move encore\n>forcelose p2", "uploadtime": 1782750171, "views": 5, "formatid": "gen9randombattle", "rating": 1043, "private": 0, "password": null, "player_dets": [{"name": "testbotcif", "avatar": "266", "rating": 1090, "seed": "sodium,d727d4cdfd96627d0f50a90ad6c98ffc"}, {"name": "gun ning", "avatar": "170", "rating": 1061, "seed": "sodium,dddd38a73b87244049bff06fab489a09"}], "teams_full": [{"Empoleon": {"name": "Empoleon", "species": "Empoleon", "speciesId": "empoleon", "gender": "M", "shiny": false, "level": 84, "moves": ["icebeam", "surf", "roost", "roar"], "ability": "Competitive", "evs": {"hp": 85, "atk": 0, "def": 85, "spa": 85, "spd": 85, "spe": 85}, "ivs": {"hp": 31, "atk": 0, "def": 31, "spa": 31, "spd": 31, "spe": 31}, "item": "Leftovers", "teraType": "Flying", "role": "Bulky Support", "bvs": {"hp": 84, "atk": 86, "def": 88, "spa": 111, "spd": 101, "spe": 60}, "stats": {"hp": 278, "atk": 149, "def": 196, "spa": 235, "spd": 218, "spe": 149}, "types": ["Water", "Steel"]}, "Kingambit": {"name": "Kingambit", "species": "Kingambit", "speciesId": "kingambit", "gender": "M", "shiny": false, "level": 74, "moves": ["kowtowcleave", "ironhead", "swordsdance", "suckerpunch"], "ability": "Supreme Overlord", "evs": {"hp": 85, "atk": 85, "def": 85, "spa": 85, "spd": 85, "spe": 85}, "ivs": {"hp": 31, "atk": 31, "def": 31, "spa": 31, "spd": 31, "spe": 31}, "item": "Leftovers", "teraType": "Dark", "role": "Bulky Attacker", "bvs": {"hp": 100, "atk": 135, "def": 120, "spa": 60, "spd": 85, "spe": 50}, "stats": {"hp": 270, "atk": 243, "def": 221, "spa": 132, "spd": 169, "spe": 117}, "types": ["Dark", "Steel"]}, "Volcarona": {"name": "Volcarona", "species": "Volcarona", "speciesId": "volcarona", "gender": "F", "shiny": false, "level": 77, "moves": ["quiverdance", "bugbuzz", "fireblast", "terablast"], "ability": "Swarm", "evs": {"hp": 85, "atk": 0, "def": 85, "spa": 85, "spd": 85, "spe": 85}, "ivs": {"hp": 31, "atk": 0, "def": 31, "spa": 31, "spd": 31, "spe": 31}, "item": "Heavy-Duty Boots", "teraType": "Ground", "role": "Tera Blast user", "bvs": {"hp": 85, "atk": 60, "def": 65, "spa": 135, "spd": 105, "spe": 100}, "stats": {"hp": 257, "atk": 97, "def": 145, "spa": 252, "spd": 206, "spe": 199}, "types": ["Bug", "Fire"]}, "Cresselia": {"name": "Cresselia", "species": "Cresselia", "speciesId": "cresselia", "gender": "F", "shiny": false, "level": 80, "moves": ["thunderbolt", "calmmind", "psyshock", "moonlight"], "ability": "Levitate", "evs": {"hp": 85, "atk": 0, "def": 85, "spa": 85, "spd": 85, "spe": 85}, "ivs": {"hp": 31, "atk": 0, "def": 31, "spa": 31, "spd": 31, "spe": 31}, "item": "Leftovers", "teraType": "Electric", "role": "Bulky Setup", "bvs": {"hp": 120, "atk": 70, "def": 110, "spa": 75, "spd": 120, "spe": 85}, "stats": {"hp": 323, "atk": 117, "def": 222, "spa": 166, "spd": 238, "spe": 182}, "types": ["Psychic"]}, "Whimsicott": {"name": "Whimsicott", "species": "Whimsicott", "speciesId": "whimsicott", "gender": "M", "shiny": false, "level": 84, "moves": ["moonblast", "leechseed", "substitute", "encore"], "ability": "Prankster", "evs": {"hp": 85, "atk": 0, "def": 85, "spa": 85, "spd": 85, "spe": 85}, "ivs": {"hp": 31, "atk": 0, "def": 31, "spa": 31, "spd": 31, "spe": 31}, "item": "Leftovers", "teraType": "Steel", "role": "Bulky Support", "bvs": {"hp": 60, "atk": 67, "def": 85, "spa": 77, "spd": 75, "spe": 116}, "stats": {"hp": 238, "atk": 117, "def": 191, "spa": 178, "spd": 174, "spe": 243}, "types": ["Grass", "Fairy"]}, "Darkrai": {"name": "Darkrai", "species": "Darkrai", "speciesId": "darkrai", "gender": "N", "shiny": false, "level": 77, "moves": ["sludgebomb", "nastyplot", "hypnosis", "darkpulse"], "ability": "Bad Dreams", "evs": {"hp": 85, "atk": 0, "def": 85, "spa": 85, "spd": 85, "spe": 85}, "ivs": {"hp": 31, "atk": 0, "def": 31, "spa": 31, "spd": 31, "spe": 31}, "item": "Life Orb", "teraType": "Poison", "role": "Setup Sweeper", "bvs": {"hp": 70, "atk": 90, "def": 90, "spa": 135, "spd": 90, "spe": 125}, "stats": {"hp": 234, "atk": 143, "def": 183, "spa": 252, "spd": 183, "spe": 237}, "types": ["Dark"]}}, {"Arceus": {"name": "Arceus", "species": "Arceus-Fighting", "speciesId": "arceusfighting", "gender": "N", "shiny": false, "level": 70, "moves": ["bodypress", "irondefense", "recover", "shadowball"], "ability": "Multitype", "evs": {"hp": 85, "atk": 0, "def": 85, "spa": 85, "spd": 85, "spe": 85}, "ivs": {"hp": 31, "atk": 0, "def": 31, "spa": 31, "spd": 31, "spe": 31}, "item": "Fist Plate", "teraType": "Steel", "role": "Bulky Setup", "bvs": {"hp": 120, "atk": 120, "def": 120, "spa": 120, "spd": 120, "spe": 120}, "stats": {"hp": 284, "atk": 173, "def": 209, "spa": 209, "spd": 209, "spe": 209}, "types": ["Fighting"]}, "Luvdisc": {"name": "Luvdisc", "species": "Luvdisc", "speciesId": "luvdisc", "gender": "M", "shiny": false, "level": 100, "moves": ["endeavor", "whirlpool", "surf", "substitute"], "ability": "Swift Swim", "evs": {"hp": 81, "atk": 0, "def": 85, "spa": 85, "spd": 85, "spe": 85}, "ivs": {"hp": 31, "atk": 0, "def": 31, "spa": 31, "spd": 31, "spe": 31}, "item": "Heavy-Duty Boots", "teraType": "Ghost", "role": "Fast Support", "bvs": {"hp": 43, "atk": 30, "def": 55, "spa": 40, "spd": 65, "spe": 97}, "stats": {"hp": 247, "atk": 65, "def": 167, "spa": 137, "spd": 187, "spe": 251}, "types": ["Water"]}, "Minior": {"name": "Minior", "species": "Minior-Indigo", "speciesId": "minior", "gender": "N", "shiny": false, "level": 79, "moves": ["earthquake", "shellsmash", "acrobatics", "powergem"], "ability": "Shields Down", "evs": {"hp": 85, "atk": 85, "def": 85, "spa": 85, "spd": 85, "spe": 85}, "ivs": {"hp": 31, "atk": 31, "def": 31, "spa": 31, "spd": 31, "spe": 31}, "item": "White Herb", "teraType": "Flying", "role": "Setup Sweeper", "bvs": {"hp": 60, "atk": 100, "def": 60, "spa": 100, "spd": 60, "spe": 120}, "stats": {"hp": 224, "atk": 204, "def": 140, "spa": 204, "spd": 140, "spe": 235}, "types": ["Rock", "Flying"]}, "Whimsicott": {"name": "Whimsicott", "species": "Whimsicott", "speciesId": "whimsicott", "gender": "M", "shiny": false, "level": 84, "moves": ["gigadrain", "stunspore", "encore", "moonblast"], "ability": "Prankster", "evs": {"hp": 85, "atk": 0, "def": 85, "spa": 85, "spd": 85, "spe": 85}, "ivs": {"hp": 31, "atk": 0, "def": 31, "spa": 31, "spd": 31, "spe": 31}, "item": "Leftovers", "teraType": "Poison", "role": "Fast Support", "bvs": {"hp": 60, "atk": 67, "def": 85, "spa": 77, "spd": 75, "spe": 116}, "stats": {"hp": 238, "atk": 117, "def": 191, "spa": 178, "spd": 174, "spe": 243}, "types": ["Grass", "Fairy"]}, "Chesnaught": {"name": "Chesnaught", "species": "Chesnaught", "speciesId": "chesnaught", "gender": "M", "shiny": false, "level": 84, "moves": ["irondefense", "trailblaze", "synthesis", "bodypress"], "ability": "Bulletproof", "evs": {"hp": 85, "atk": 85, "def": 85, "spa": 85, "spd": 85, "spe": 85}, "ivs": {"hp": 31, "atk": 31, "def": 31, "spa": 31, "spd": 31, "spe": 31}, "item": "Leftovers", "teraType": "Steel", "role": "Fast Bulky Setup", "bvs": {"hp": 88, "atk": 107, "def": 122, "spa": 74, "spd": 75, "spe": 64}, "stats": {"hp": 285, "atk": 228, "def": 253, "spa": 173, "spd": 174, "spe": 156}, "types": ["Grass", "Fighting"]}, "Metagross": {"name": "Metagross", "species": "Metagross", "speciesId": "metagross", "gender": "N", "shiny": false, "level": 79, "moves": ["earthquake", "agility", "psychicfangs", "heavyslam"], "ability": "Clear Body", "evs": {"hp": 85, "atk": 85, "def": 85, "spa": 85, "spd": 85, "spe": 85}, "ivs": {"hp": 31, "atk": 31, "def": 31, "spa": 31, "spd": 31, "spe": 31}, "item": "Weakness Policy", "teraType": "Ground", "role": "Bulky Setup", "bvs": {"hp": 80, "atk": 135, "def": 130, "spa": 95, "spd": 90, "spe": 70}, "stats": {"hp": 256, "atk": 259, "def": 251, "spa": 196, "spd": 188, "spe": 156}, "types": ["Steel", "Psychic"]}}]}