{"id": "gen9randombattle-2641564135", "format": "[Gen 9] Random Battle", "players": ["Vyrivniuvach", "weavileslaps"], "log": "|j|\u2606Vyrivniuvach\n|j|\u2606weavileslaps\n|t:|1782808968\n|gametype|singles\n|player|p1|Vyrivniuvach|sabrina|1452\n|player|p2|weavileslaps|265|1415\n|gen|9\n|tier|[Gen 9] Random Battle\n|rated|\n|rule|Species Clause: Limit one of each Pok\u00e9mon\n|rule|HP Percentage Mod: HP is shown in percentages\n|rule|Sleep Clause Mod: Limit one foe put to sleep\n|rule|Illusion Level Mod: Illusion disguises the Pok\u00e9mon's true level\n|\n|t:|1782808968\n|teamsize|p1|6\n|teamsize|p2|6\n|start\n|switch|p1a: Tropius|Tropius, L91, M|328/328\n|switch|p2a: Glastrier|Glastrier, L86|311/311\n|turn|1\n|inactive|Battle timer is ON: inactive players will automatically lose when time's up. (requested by weavileslaps)\n|\n|t:|1782808975\n|move|p1a: Tropius|Leech Seed|p2a: Glastrier\n|-start|p2a: Glastrier|move: Leech Seed\n|move|p2a: Glastrier|Icicle Crash|p1a: Tropius|[miss]\n|-miss|p2a: Glastrier|p1a: Tropius\n|\n|-damage|p2a: Glastrier|273/311|[from] Leech Seed|[of] p1a: Tropius\n|upkeep\n|turn|2\n|\n|t:|1782808988\n|switch|p2a: Clodsire|Clodsire, L81, M|343/343\n|move|p1a: Tropius|Substitute|p1a: Tropius\n|-start|p1a: Tropius|Substitute\n|-damage|p1a: Tropius|246/328\n|\n|upkeep\n|turn|3\n|\n|t:|1782809012\n|move|p1a: Tropius|Leech Seed|p2a: Clodsire\n|-start|p2a: Clodsire|move: Leech Seed\n|move|p2a: Clodsire|Poison Jab|p1a: Tropius\n|-supereffective|p1a: Tropius\n|-end|p1a: Tropius|Substitute\n|\n|-damage|p2a: Clodsire|301/343|[from] Leech Seed|[of] p1a: Tropius\n|-heal|p1a: Tropius|288/328|[silent]\n|upkeep\n|turn|4\n|\n|t:|1782809021\n|move|p1a: Tropius|Substitute|p1a: Tropius\n|-start|p1a: Tropius|Substitute\n|-damage|p1a: Tropius|206/328\n|move|p2a: Clodsire|Poison Jab|p1a: Tropius\n|-supereffective|p1a: Tropius\n|-end|p1a: Tropius|Substitute\n|\n|-heal|p2a: Clodsire|322/343|[from] item: Leftovers\n|-damage|p2a: Clodsire|280/343|[from] Leech Seed|[of] p1a: Tropius\n|-heal|p1a: Tropius|248/328|[silent]\n|upkeep\n|turn|5\n|\n|t:|1782809031\n|switch|p2a: Froslass|Froslass, L87, F|263/263\n|move|p1a: Tropius|Substitute|p1a: Tropius\n|-start|p1a: Tropius|Substitute\n|-damage|p1a: Tropius|166/328\n|\n|upkeep\n|turn|6\n|\n|t:|1782809041\n|switch|p1a: Bastiodon|Bastiodon, L89, F|252/252\n|move|p2a: Froslass|Taunt|p1a: Bastiodon\n|-start|p1a: Bastiodon|move: Taunt\n|\n|upkeep\n|turn|7\n|\n|t:|1782809051\n|switch|p2a: Clodsire|Clodsire, L81, M|280/343\n|move|p1a: Bastiodon|Foul Play|p2a: Clodsire\n|-damage|p2a: Clodsire|202/343\n|\n|-heal|p2a: Clodsire|223/343|[from] item: Leftovers\n|upkeep\n|turn|8\n|\n|t:|1782809071\n|switch|p1a: Gastrodon|Gastrodon-East, L86, F|331/331\n|move|p2a: Clodsire|Toxic Spikes|p1a: Gastrodon\n|-sidestart|p1: Vyrivniuvach|move: Toxic Spikes\n|\n|-heal|p2a: Clodsire|244/343|[from] item: Leftovers\n|upkeep\n|turn|9\n|\n|t:|1782809084\n|switch|p2a: Decidueye|Decidueye, L88, F|281/281\n|move|p1a: Gastrodon|Earthquake|p2a: Decidueye\n|-resisted|p2a: Decidueye\n|-damage|p2a: Decidueye|230/281\n|\n|upkeep\n|turn|10\n|\n|t:|1782809104\n|-terastallize|p1a: Gastrodon|Poison\n|move|p2a: Decidueye|Spirit Shackle|p1a: Gastrodon\n|-damage|p1a: Gastrodon|211/331\n|-activate|p1a: Gastrodon|trapped\n|move|p1a: Gastrodon|Ice Beam|p2a: Decidueye\n|-supereffective|p2a: Decidueye\n|-damage|p2a: Decidueye|114/281\n|\n|-heal|p1a: Gastrodon|231/331|[from] item: Leftovers\n|upkeep\n|turn|11\n|\n|t:|1782809117\n|switch|p2a: Glastrier|Glastrier, L86|273/311\n|move|p1a: Gastrodon|Ice Beam|p2a: Glastrier\n|-resisted|p2a: Glastrier\n|-damage|p2a: Glastrier|247/311\n|\n|-heal|p1a: Gastrodon|251/331|[from] item: Leftovers\n|upkeep\n|turn|12\n|\n|t:|1782809129\n|switch|p1a: Tropius|Tropius, L91, M|166/328\n|move|p2a: Glastrier|Icicle Crash|p1a: Tropius\n|-supereffective|p1a: Tropius\n|-damage|p1a: Tropius|0 fnt\n|faint|p1a: Tropius\n|-ability|p2a: Glastrier|Chilling Neigh|boost\n|-boost|p2a: Glastrier|atk|1\n|\n|upkeep\n|\n|t:|1782809141\n|switch|p1a: Gastrodon|Gastrodon-East, L86, F, tera:Poison|251/331\n|-sideend|p1: Vyrivniuvach|move: Toxic Spikes|[of] p1a: Gastrodon\n|turn|13\n|\n|t:|1782809148\n|switch|p2a: Clodsire|Clodsire, L81, M|244/343\n|move|p1a: Gastrodon|Surf|p2a: Clodsire\n|-supereffective|p2a: Clodsire\n|-damage|p2a: Clodsire|64/343\n|\n|-heal|p1a: Gastrodon|271/331|[from] item: Leftovers\n|-heal|p2a: Clodsire|85/343|[from] item: Leftovers\n|upkeep\n|turn|14\n|\n|t:|1782809159\n|switch|p2a: Froslass|Froslass, L87, F|263/263\n|move|p1a: Gastrodon|Surf|p2a: Froslass\n|-damage|p2a: Froslass|151/263\n|\n|-heal|p1a: Gastrodon|291/331|[from] item: Leftovers\n|upkeep\n|turn|15\n|\n|t:|1782809166\n|move|p2a: Froslass|Poltergeist|p1a: Gastrodon\n|-activate|p1a: Gastrodon|move: Poltergeist|Leftovers\n|-damage|p1a: Gastrodon|168/331\n|move|p1a: Gastrodon|Surf|p2a: Froslass\n|-damage|p2a: Froslass|43/263\n|-start|p1a: Gastrodon|Disable|Surf|[from] ability: Cursed Body|[of] p2a: Froslass\n|\n|-heal|p1a: Gastrodon|188/331|[from] item: Leftovers\n|upkeep\n|turn|16\n|\n|t:|1782809176\n|move|p2a: Froslass|Destiny Bond|p2a: Froslass\n|-singlemove|p2a: Froslass|Destiny Bond\n|move|p1a: Gastrodon|Recover|p1a: Gastrodon\n|-heal|p1a: Gastrodon|331/331\n|\n|upkeep\n|turn|17\n|\n|t:|1782809184\n|switch|p2a: Decidueye|Decidueye, L88, F|114/281\n|move|p1a: Gastrodon|Earthquake|p2a: Decidueye\n|-resisted|p2a: Decidueye\n|-damage|p2a: Decidueye|57/281\n|\n|upkeep\n|turn|18\n|\n|t:|1782809191\n|move|p2a: Decidueye|Roost|p2a: Decidueye\n|-heal|p2a: Decidueye|198/281\n|-singleturn|p2a: Decidueye|move: Roost\n|move|p1a: Gastrodon|Ice Beam|p2a: Decidueye\n|-supereffective|p2a: Decidueye\n|-damage|p2a: Decidueye|80/281\n|\n|-end|p1a: Gastrodon|Disable\n|upkeep\n|turn|19\n|\n|t:|1782809198\n|move|p2a: Decidueye|Spirit Shackle|p1a: Gastrodon\n|-damage|p1a: Gastrodon|208/331\n|-activate|p1a: Gastrodon|trapped\n|move|p1a: Gastrodon|Ice Beam|p2a: Decidueye\n|-supereffective|p2a: Decidueye\n|-damage|p2a: Decidueye|0 fnt\n|faint|p2a: Decidueye\n|\n|-heal|p1a: Gastrodon|228/331|[from] item: Leftovers\n|upkeep\n|\n|t:|1782809207\n|switch|p2a: Froslass|Froslass, L87, F|43/263\n|turn|20\n|\n|t:|1782809212\n|move|p2a: Froslass|Destiny Bond|p2a: Froslass\n|-singlemove|p2a: Froslass|Destiny Bond\n|move|p1a: Gastrodon|Ice Beam|p2a: Froslass\n|-resisted|p2a: Froslass\n|-damage|p2a: Froslass|7/263\n|\n|-heal|p1a: Gastrodon|248/331|[from] item: Leftovers\n|upkeep\n|turn|21\n|\n|t:|1782809220\n|move|p2a: Froslass|Poltergeist|p1a: Gastrodon\n|-activate|p1a: Gastrodon|move: Poltergeist|Leftovers\n|-damage|p1a: Gastrodon|122/331\n|move|p1a: Gastrodon|Ice Beam|p2a: Froslass\n|-resisted|p2a: Froslass\n|-damage|p2a: Froslass|0 fnt\n|-start|p1a: Gastrodon|Disable|Ice Beam|[from] ability: Cursed Body|[of] p2a: Froslass\n|faint|p2a: Froslass\n|\n|-heal|p1a: Gastrodon|142/331|[from] item: Leftovers\n|upkeep\n|\n|t:|1782809235\n|switch|p2a: Coalossal|Coalossal, L89, M|341/341\n|turn|22\n|\n|t:|1782809243\n|-terastallize|p2a: Coalossal|Ghost\n|move|p1a: Gastrodon|Earthquake|p2a: Coalossal\n|-damage|p2a: Coalossal|272/341\n|move|p2a: Coalossal|Stone Edge|p1a: Gastrodon\n|-damage|p1a: Gastrodon|13/331\n|\n|-heal|p1a: Gastrodon|33/331|[from] item: Leftovers\n|upkeep\n|turn|23\n|\n|t:|1782809252\n|move|p1a: Gastrodon|Recover|p1a: Gastrodon\n|-heal|p1a: Gastrodon|199/331\n|move|p2a: Coalossal|Overheat|p1a: Gastrodon\n|-damage|p1a: Gastrodon|67/331\n|-unboost|p2a: Coalossal|spa|2\n|\n|-heal|p1a: Gastrodon|87/331|[from] item: Leftovers\n|upkeep\n|turn|24\n|\n|t:|1782809269\n|move|p1a: Gastrodon|Recover|p1a: Gastrodon\n|-heal|p1a: Gastrodon|253/331\n|move|p2a: Coalossal|Spikes|p1a: Gastrodon\n|-sidestart|p1: Vyrivniuvach|Spikes\n|\n|-heal|p1a: Gastrodon|273/331|[from] item: Leftovers\n|-end|p1a: Gastrodon|Disable\n|upkeep\n|turn|25\n|\n|t:|1782809276\n|move|p1a: Gastrodon|Ice Beam|p2a: Coalossal\n|-damage|p2a: Coalossal|213/341\n|move|p2a: Coalossal|Stealth Rock|p1a: Gastrodon\n|-sidestart|p1: Vyrivniuvach|move: Stealth Rock\n|\n|-heal|p1a: Gastrodon|293/331|[from] item: Leftovers\n|upkeep\n|turn|26\n|\n|t:|1782809290\n|move|p1a: Gastrodon|Earthquake|p2a: Coalossal\n|-damage|p2a: Coalossal|140/341\n|move|p2a: Coalossal|Spikes|p1a: Gastrodon\n|-sidestart|p1: Vyrivniuvach|Spikes\n|\n|-heal|p1a: Gastrodon|313/331|[from] item: Leftovers\n|upkeep\n|turn|27\n|\n|t:|1782809298\n|move|p1a: Gastrodon|Earthquake|p2a: Coalossal\n|-damage|p2a: Coalossal|71/341\n|move|p2a: Coalossal|Stone Edge|p1a: Gastrodon\n|-damage|p1a: Gastrodon|193/331\n|\n|-heal|p1a: Gastrodon|213/331|[from] item: Leftovers\n|upkeep\n|turn|28\n|\n|t:|1782809306\n|move|p1a: Gastrodon|Surf|p2a: Coalossal\n|-damage|p2a: Coalossal|0 fnt\n|faint|p2a: Coalossal\n|\n|-heal|p1a: Gastrodon|233/331|[from] item: Leftovers\n|upkeep\n|\n|t:|1782809313\n|switch|p2a: Glastrier|Glastrier, L86|247/311\n|turn|29\n|\n|t:|1782809319\n|move|p1a: Gastrodon|Surf|p2a: Glastrier\n|-damage|p2a: Glastrier|160/311\n|move|p2a: Glastrier|High Horsepower|p1a: Gastrodon\n|-supereffective|p1a: Gastrodon\n|-damage|p1a: Gastrodon|0 fnt\n|faint|p1a: Gastrodon\n|-ability|p2a: Glastrier|Chilling Neigh|boost\n|-boost|p2a: Glastrier|atk|1\n|\n|upkeep\n|\n|t:|1782809335\n|switch|p1a: Diancie|Diancie, L82|216/216\n|-damage|p1a: Diancie|180/216|[from] Spikes\n|-damage|p1a: Diancie|153/216|[from] Stealth Rock\n|turn|30\n|\n|t:|1782809341\n|move|p1a: Diancie|Diamond Storm|p2a: Glastrier\n|-supereffective|p2a: Glastrier\n|-damage|p2a: Glastrier|2/311\n|move|p2a: Glastrier|High Horsepower|p1a: Diancie\n|-supereffective|p1a: Diancie\n|-damage|p1a: Diancie|0 fnt\n|faint|p1a: Diancie\n|-ability|p2a: Glastrier|Chilling Neigh|boost\n|-boost|p2a: Glastrier|atk|1\n|\n|upkeep\n|\n|t:|1782809355\n|switch|p1a: Bastiodon|Bastiodon, L89, F|252/252\n|-damage|p1a: Bastiodon|210/252|[from] Spikes\n|-damage|p1a: Bastiodon|195/252|[from] Stealth Rock\n|turn|31\n|\n|t:|1782809360\n|move|p1a: Bastiodon|Body Press|p2a: Glastrier\n|-supereffective|p2a: Glastrier\n|-damage|p2a: Glastrier|0 fnt\n|faint|p2a: Glastrier\n|\n|upkeep\n|\n|t:|1782809365\n|switch|p2a: Alomomola|Alomomola, L87, M|429/429\n|turn|32\n|\n|t:|1782809369\n|move|p2a: Alomomola|Scald|p1a: Bastiodon\n|-supereffective|p1a: Bastiodon\n|-damage|p1a: Bastiodon|127/252\n|-status|p1a: Bastiodon|brn\n|move|p1a: Bastiodon|Iron Defense|p1a: Bastiodon\n|-boost|p1a: Bastiodon|def|2\n|\n|-damage|p1a: Bastiodon|112/252 brn|[from] brn\n|upkeep\n|turn|33\n|\n|t:|1782809379\n|move|p2a: Alomomola|Wish|p2a: Alomomola\n|move|p1a: Bastiodon|Rest|p1a: Bastiodon\n|-status|p1a: Bastiodon|slp|[from] move: Rest\n|-heal|p1a: Bastiodon|252/252 slp|[silent]\n|-enditem|p1a: Bastiodon|Chesto Berry|[eat]\n|-curestatus|p1a: Bastiodon|slp|[msg]\n|\n|upkeep\n|turn|34\n|\n|t:|1782809387\n|move|p2a: Alomomola|Flip Turn|p1a: Bastiodon\n|-supereffective|p1a: Bastiodon\n|-damage|p1a: Bastiodon|220/252\n|\n|t:|1782809390\n|switch|p2a: Clodsire|Clodsire, L81, M|85/343|[from] Flip Turn\n|move|p1a: Bastiodon|Iron Defense|p1a: Bastiodon\n|-boost|p1a: Bastiodon|def|2\n|\n|-heal|p2a: Clodsire|299/343|[from] move: Wish|[wisher] Alomomola\n|-heal|p2a: Clodsire|320/343|[from] item: Leftovers\n|upkeep\n|turn|35\n|\n|t:|1782809409\n|move|p1a: Bastiodon|Iron Defense|p1a: Bastiodon\n|-boost|p1a: Bastiodon|def|2\n|move|p2a: Clodsire|Earthquake|p1a: Bastiodon\n|-supereffective|p1a: Bastiodon\n|-damage|p1a: Bastiodon|36/252\n|\n|-heal|p2a: Clodsire|341/343|[from] item: Leftovers\n|upkeep\n|turn|36\n|\n|t:|1782809416\n|move|p1a: Bastiodon|Rest|p1a: Bastiodon\n|-status|p1a: Bastiodon|slp|[from] move: Rest\n|-heal|p1a: Bastiodon|252/252 slp|[silent]\n|move|p2a: Clodsire|Earthquake|p1a: Bastiodon\n|-supereffective|p1a: Bastiodon\n|-damage|p1a: Bastiodon|68/252 slp\n|\n|-heal|p2a: Clodsire|343/343|[from] item: Leftovers\n|upkeep\n|turn|37\n|\n|t:|1782809425\n|cant|p1a: Bastiodon|slp\n|move|p2a: Clodsire|Toxic Spikes|p1a: Bastiodon\n|-sidestart|p1: Vyrivniuvach|move: Toxic Spikes\n|\n|upkeep\n|turn|38\n|\n|t:|1782809429\n|cant|p1a: Bastiodon|slp\n|move|p2a: Clodsire|Earthquake|p1a: Bastiodon\n|-supereffective|p1a: Bastiodon\n|-damage|p1a: Bastiodon|0 fnt\n|faint|p1a: Bastiodon\n|\n|upkeep\n|\n|t:|1782809430\n|switch|p1a: Pecharunt|Pecharunt, L77|262/262\n|-damage|p1a: Pecharunt|219/262|[from] Spikes\n|-damage|p1a: Pecharunt|187/262|[from] Stealth Rock\n|-sideend|p1: Vyrivniuvach|move: Toxic Spikes|[of] p1a: Pecharunt\n|turn|39\n|\n|t:|1782809440\n|move|p1a: Pecharunt|Recover|p1a: Pecharunt\n|-heal|p1a: Pecharunt|262/262\n|move|p2a: Clodsire|Earthquake|p1a: Pecharunt\n|-supereffective|p1a: Pecharunt\n|-damage|p1a: Pecharunt|148/262\n|\n|-heal|p1a: Pecharunt|164/262|[from] item: Leftovers\n|upkeep\n|turn|40\n|\n|t:|1782809447\n|move|p1a: Pecharunt|Shadow Ball|p2a: Clodsire\n|-damage|p2a: Clodsire|280/343\n|move|p2a: Clodsire|Earthquake|p1a: Pecharunt\n|-supereffective|p1a: Pecharunt\n|-damage|p1a: Pecharunt|48/262\n|\n|-heal|p1a: Pecharunt|64/262|[from] item: Leftovers\n|-heal|p2a: Clodsire|301/343|[from] item: Leftovers\n|upkeep\n|turn|41\n|\n|t:|1782809455\n|move|p1a: Pecharunt|Recover|p1a: Pecharunt\n|-heal|p1a: Pecharunt|195/262\n|move|p2a: Clodsire|Earthquake|p1a: Pecharunt\n|-supereffective|p1a: Pecharunt\n|-damage|p1a: Pecharunt|85/262\n|\n|-heal|p1a: Pecharunt|101/262|[from] item: Leftovers\n|-heal|p2a: Clodsire|322/343|[from] item: Leftovers\n|upkeep\n|turn|42\n|\n|t:|1782809468\n|move|p1a: Pecharunt|Recover|p1a: Pecharunt\n|-heal|p1a: Pecharunt|232/262\n|move|p2a: Clodsire|Earthquake|p1a: Pecharunt\n|-supereffective|p1a: Pecharunt\n|-crit|p1a: Pecharunt\n|-damage|p1a: Pecharunt|70/262\n|\n|-heal|p1a: Pecharunt|86/262|[from] item: Leftovers\n|-heal|p2a: Clodsire|343/343|[from] item: Leftovers\n|upkeep\n|turn|43\n|\n|t:|1782809476\n|move|p1a: Pecharunt|Recover|p1a: Pecharunt\n|-heal|p1a: Pecharunt|217/262\n|move|p2a: Clodsire|Earthquake|p1a: Pecharunt\n|-supereffective|p1a: Pecharunt\n|-damage|p1a: Pecharunt|109/262\n|\n|-heal|p1a: Pecharunt|125/262|[from] item: Leftovers\n|upkeep\n|turn|44\n|\n|t:|1782809483\n|move|p1a: Pecharunt|Recover|p1a: Pecharunt\n|-heal|p1a: Pecharunt|256/262\n|move|p2a: Clodsire|Earthquake|p1a: Pecharunt\n|-supereffective|p1a: Pecharunt\n|-damage|p1a: Pecharunt|152/262\n|\n|-heal|p1a: Pecharunt|168/262|[from] item: Leftovers\n|upkeep\n|turn|45\n|\n|t:|1782809496\n|move|p1a: Pecharunt|Shadow Ball|p2a: Clodsire\n|-damage|p2a: Clodsire|276/343\n|-unboost|p2a: Clodsire|spd|1\n|move|p2a: Clodsire|Earthquake|p1a: Pecharunt\n|-supereffective|p1a: Pecharunt\n|-damage|p1a: Pecharunt|54/262\n|\n|-heal|p1a: Pecharunt|70/262|[from] item: Leftovers\n|-heal|p2a: Clodsire|297/343|[from] item: Leftovers\n|upkeep\n|turn|46\n|\n|t:|1782809505\n|move|p1a: Pecharunt|Recover|p1a: Pecharunt\n|-heal|p1a: Pecharunt|201/262\n|move|p2a: Clodsire|Earthquake|p1a: Pecharunt\n|-supereffective|p1a: Pecharunt\n|-damage|p1a: Pecharunt|93/262\n|\n|-heal|p1a: Pecharunt|109/262|[from] item: Leftovers\n|-heal|p2a: Clodsire|318/343|[from] item: Leftovers\n|upkeep\n|turn|47\n|\n|t:|1782809512\n|move|p1a: Pecharunt|Recover|p1a: Pecharunt\n|-heal|p1a: Pecharunt|240/262\n|move|p2a: Clodsire|Earthquake|p1a: Pecharunt\n|-supereffective|p1a: Pecharunt\n|-damage|p1a: Pecharunt|118/262\n|\n|-heal|p1a: Pecharunt|134/262|[from] item: Leftovers\n|-heal|p2a: Clodsire|339/343|[from] item: Leftovers\n|upkeep\n|turn|48\n|\n|t:|1782809520\n|move|p1a: Pecharunt|Recover|p1a: Pecharunt\n|-heal|p1a: Pecharunt|262/262\n|move|p2a: Clodsire|Earthquake|p1a: Pecharunt\n|-supereffective|p1a: Pecharunt\n|-damage|p1a: Pecharunt|146/262\n|\n|-heal|p1a: Pecharunt|162/262|[from] item: Leftovers\n|-heal|p2a: Clodsire|343/343|[from] item: Leftovers\n|upkeep\n|turn|49\n|\n|t:|1782809528\n|switch|p1a: Florges|Florges-Blue, L85, F|271/271\n|-damage|p1a: Florges|226/271|[from] Spikes\n|-damage|p1a: Florges|193/271|[from] Stealth Rock\n|move|p2a: Clodsire|Earthquake|p1a: Florges\n|-damage|p1a: Florges|99/271\n|\n|-heal|p1a: Florges|115/271|[from] item: Leftovers\n|upkeep\n|turn|50\n|\n|t:|1782809538\n|move|p1a: Florges|Wish|p1a: Florges\n|move|p2a: Clodsire|Poison Jab|p1a: Florges\n|-supereffective|p1a: Florges\n|-damage|p1a: Florges|0 fnt\n|faint|p1a: Florges\n|\n|upkeep\n|\n|t:|1782809539\n|switch|p1a: Pecharunt|Pecharunt, L77|162/262\n|-damage|p1a: Pecharunt|119/262|[from] Spikes\n|-damage|p1a: Pecharunt|87/262|[from] Stealth Rock\n|turn|51\n|\n|t:|1782809551\n|move|p1a: Pecharunt|Shadow Ball|p2a: Clodsire\n|-damage|p2a: Clodsire|243/343\n|-unboost|p2a: Clodsire|spd|1\n|move|p2a: Clodsire|Poison Jab|p1a: Pecharunt\n|-resisted|p1a: Pecharunt\n|-damage|p1a: Pecharunt|77/262\n|\n|-heal|p1a: Pecharunt|212/262|[from] move: Wish|[wisher] Florges\n|-heal|p1a: Pecharunt|228/262|[from] item: Leftovers\n|-heal|p2a: Clodsire|264/343|[from] item: Leftovers\n|upkeep\n|turn|52\n|\n|t:|1782809575\n|switch|p2a: Alomomola|Alomomola, L87, M|429/429\n|move|p1a: Pecharunt|Shadow Ball|p2a: Alomomola\n|-damage|p2a: Alomomola|332/429\n|\n|-heal|p1a: Pecharunt|244/262|[from] item: Leftovers\n|-heal|p2a: Alomomola|358/429|[from] item: Leftovers\n|upkeep\n|turn|53\n|\n|t:|1782809599\n|move|p1a: Pecharunt|Malignant Chain|p2a: Alomomola\n|-damage|p2a: Alomomola|238/429\n|move|p2a: Alomomola|Scald|p1a: Pecharunt\n|-damage|p1a: Pecharunt|189/262\n|-status|p1a: Pecharunt|brn\n|\n|-heal|p1a: Pecharunt|205/262 brn|[from] item: Leftovers\n|-heal|p2a: Alomomola|264/429|[from] item: Leftovers\n|-damage|p1a: Pecharunt|189/262 brn|[from] brn\n|upkeep\n|turn|54\n|\n|t:|1782809609\n|move|p1a: Pecharunt|Malignant Chain|p2a: Alomomola\n|-damage|p2a: Alomomola|144/429\n|-status|p2a: Alomomola|tox\n|-start|p2a: Alomomola|confusion|[from] ability: Poison Puppeteer|[of] p1a: Pecharunt\n|-activate|p2a: Alomomola|confusion\n|-damage|p2a: Alomomola|116/429 tox|[from] confusion\n|\n|-heal|p1a: Pecharunt|205/262 brn|[from] item: Leftovers\n|-heal|p2a: Alomomola|142/429 tox|[from] item: Leftovers\n|-damage|p2a: Alomomola|116/429 tox|[from] psn\n|-damage|p1a: Pecharunt|189/262 brn|[from] brn\n|upkeep\n|turn|55\n|\n|t:|1782809621\n|move|p1a: Pecharunt|Shadow Ball|p2a: Alomomola\n|-damage|p2a: Alomomola|10/429 tox\n|-end|p2a: Alomomola|confusion\n|move|p2a: Alomomola|Wish|p2a: Alomomola\n|\n|-heal|p1a: Pecharunt|205/262 brn|[from] item: Leftovers\n|-heal|p2a: Alomomola|36/429 tox|[from] item: Leftovers\n|-damage|p2a: Alomomola|0 fnt|[from] psn\n|faint|p2a: Alomomola\n|-damage|p1a: Pecharunt|189/262 brn|[from] brn\n|upkeep\n|\n|t:|1782809631\n|switch|p2a: Clodsire|Clodsire, L81, M|264/343\n|turn|56\n|\n|t:|1782809633\n|move|p1a: Pecharunt|Shadow Ball|p2a: Clodsire\n|-damage|p2a: Clodsire|197/343\n|move|p2a: Clodsire|Earthquake|p1a: Pecharunt\n|-supereffective|p1a: Pecharunt\n|-damage|p1a: Pecharunt|87/262 brn\n|\n|-heal|p2a: Clodsire|343/343|[from] move: Wish|[wisher] Alomomola\n|-heal|p1a: Pecharunt|103/262 brn|[from] item: Leftovers\n|-damage|p1a: Pecharunt|87/262 brn|[from] brn\n|upkeep\n|turn|57\n|\n|t:|1782809643\n|move|p1a: Pecharunt|Shadow Ball|p2a: Clodsire\n|-damage|p2a: Clodsire|277/343\n|move|p2a: Clodsire|Earthquake|p1a: Pecharunt\n|-supereffective|p1a: Pecharunt\n|-damage|p1a: Pecharunt|0 fnt\n|faint|p1a: Pecharunt\n|\n|win|weavileslaps\n|raw|Vyrivniuvach's rating: 1452 &rarr; <strong>1430</strong><br />(-22 for losing)\n|raw|weavileslaps's rating: 1415 &rarr; <strong>1437</strong><br />(+22 for winning)\n", "inputlog": ">version f8ac14003a5f27e1bdc8d8c59608a773c1cb96e5\n>start {\"formatid\":\"gen9randombattle\",\"seed\":\"sodium,df55815315eb11500ae1670c280920f2\",\"rated\":\"Rated battle\"}\n>player p1 {\"name\":\"Vyrivniuvach\",\"avatar\":\"sabrina\",\"rating\":1452,\"seed\":\"sodium,1f8bbacb0ff98854aaab9cde79d18b00\"}\n>player p2 {\"name\":\"weavileslaps\",\"avatar\":\"265\",\"rating\":1415,\"seed\":\"sodium,f22f66837ef6496de81d72ab6adb2be6\"}\n>p1 move leechseed\n>p2 move iciclecrash\n>p1 move substitute\n>p2 switch 6\n>p1 move leechseed\n>p2 move poisonjab\n>p1 move substitute\n>p2 move poisonjab\n>p1 move substitute\n>p2 switch 4\n>p1 switch 3\n>p2 move taunt\n>p1 move foulplay\n>p2 switch 4\n>p1 switch 5\n>p2 move toxicspikes\n>p1 move earthquake\n>p2 switch 2\n>p1 move icebeam terastallize\n>p2 move spiritshackle\n>p1 move icebeam\n>p2 switch 6\n>p1 switch 3\n>p2 move iciclecrash\n>p1 switch 3\n>p1 move surf\n>p2 switch 2\n>p1 move surf\n>p2 switch 4\n>p1 move surf\n>p2 move poltergeist\n>p1 move recover\n>p2 move destinybond\n>p1 move earthquake\n>p2 switch 6\n>p1 move icebeam\n>p2 move roost\n>p1 move icebeam\n>p2 move spiritshackle\n>p2 switch 6\n>p1 move icebeam\n>p2 move destinybond\n>p1 move icebeam\n>p2 move poltergeist\n>p2 switch 5\n>p1 move earthquake\n>p2 move stoneedge terastallize\n>p1 move recover\n>p2 move overheat\n>p1 move recover\n>p2 move spikes\n>p1 move icebeam\n>p2 move stealthrock\n>p1 move earthquake\n>p2 move spikes\n>p1 move earthquake\n>p2 move stoneedge\n>p1 move surf\n>p2 move stoneedge\n>p2 switch 2\n>p1 move surf\n>p2 move highhorsepower\n>p1 switch 2\n>p1 move diamondstorm\n>p2 move highhorsepower\n>p1 switch 5\n>p1 move bodypress\n>p2 move highhorsepower\n>p2 switch 3\n>p1 move irondefense\n>p2 move scald\n>p1 move rest\n>p2 move wish\n>p1 move irondefense\n>p2 move flipturn\n>p2 switch 4\n>p1 move irondefense\n>p2 move earthquake\n>p1 move rest\n>p2 move earthquake\n>p1 move rest\n>p2 move toxicspikes\n>p1 move rest\n>p2 move earthquake\n>p1 switch 4\n>p1 move recover\n>p2 move earthquake\n>p1 move shadowball\n>p2 move earthquake\n>p1 move recover\n>p2 move earthquake\n>p1 move recover\n>p2 move earthquake\n>p1 move recover\n>p2 move earthquake\n>p1 move recover\n>p2 move earthquake\n>p1 move shadowball\n>p2 move earthquake\n>p1 move recover\n>p2 move earthquake\n>p1 move recover\n>p2 move earthquake\n>p1 move recover\n>p2 move earthquake\n>p1 switch 6\n>p2 move earthquake\n>p1 move wish\n>p2 move poisonjab\n>p1 switch 6\n>p1 move shadowball\n>p2 move poisonjab\n>p1 move shadowball\n>p2 switch 4\n>p1 move malignantchain\n>p2 move scald\n>p1 move malignantchain\n>p2 move scald\n>p1 move shadowball\n>p2 move wish\n>p2 switch 4\n>p1 move shadowball\n>p2 move earthquake\n>p1 move shadowball\n>p2 move earthquake", "uploadtime": 1782809659, "views": 3, "formatid": "gen9randombattle", "rating": 1430, "private": 0, "password": null, "player_dets": [{"name": "Vyrivniuvach", "avatar": "sabrina", "rating": 1452, "seed": "sodium,1f8bbacb0ff98854aaab9cde79d18b00"}, {"name": "weavileslaps", "avatar": "265", "rating": 1415, "seed": "sodium,f22f66837ef6496de81d72ab6adb2be6"}], "teams_full": [{"Tropius": {"name": "Tropius", "species": "Tropius", "speciesId": "tropius", "gender": "M", "shiny": false, "level": 91, "moves": ["airslash", "leechseed", "protect", "substitute"], "ability": "Harvest", "evs": {"hp": 85, "atk": 0, "def": 85, "spa": 85, "spd": 85, "spe": 85}, "ivs": {"hp": 31, "atk": 0, "def": 31, "spa": 31, "spd": 31, "spe": 31}, "item": "Sitrus Berry", "teraType": "Steel", "role": "Bulky Support", "bvs": {"hp": 99, "atk": 68, "def": 83, "spa": 72, "spd": 87, "spe": 51}, "stats": {"hp": 328, "atk": 128, "def": 203, "spa": 183, "spd": 210, "spe": 145}, "types": ["Grass", "Flying"]}, "Diancie": {"name": "Diancie", "species": "Diancie", "speciesId": "diancie", "gender": "N", "shiny": false, "level": 82, "moves": ["diamondstorm", "earthpower", "bodypress", "moonblast"], "ability": "Clear Body", "evs": {"hp": 85, "atk": 85, "def": 85, "spa": 85, "spd": 85, "spe": 85}, "ivs": {"hp": 31, "atk": 31, "def": 31, "spa": 31, "spd": 31, "spe": 31}, "item": "Assault Vest", "teraType": "Fighting", "role": "Bulky Attacker", "bvs": {"hp": 50, "atk": 100, "def": 150, "spa": 100, "spd": 150, "spe": 50}, "stats": {"hp": 216, "atk": 211, "def": 293, "spa": 211, "spd": 293, "spe": 129}, "types": ["Rock", "Fairy"]}, "Bastiodon": {"name": "Bastiodon", "species": "Bastiodon", "speciesId": "bastiodon", "gender": "F", "shiny": false, "level": 89, "moves": ["rest", "bodypress", "foulplay", "irondefense"], "ability": "Soundproof", "evs": {"hp": 85, "atk": 0, "def": 85, "spa": 85, "spd": 85, "spe": 85}, "ivs": {"hp": 31, "atk": 0, "def": 31, "spa": 31, "spd": 31, "spe": 31}, "item": "Chesto Berry", "teraType": "Fighting", "role": "Bulky Setup", "bvs": {"hp": 60, "atk": 52, "def": 168, "spa": 47, "spd": 138, "spe": 30}, "stats": {"hp": 252, "atk": 97, "def": 350, "spa": 134, "spd": 296, "spe": 104}, "types": ["Rock", "Steel"]}, "Pecharunt": {"name": "Pecharunt", "species": "Pecharunt", "speciesId": "pecharunt", "gender": "N", "shiny": false, "level": 77, "moves": ["malignantchain", "recover", "nastyplot", "shadowball"], "ability": "Poison Puppeteer", "evs": {"hp": 85, "atk": 0, "def": 85, "spa": 85, "spd": 85, "spe": 85}, "ivs": {"hp": 31, "atk": 0, "def": 31, "spa": 31, "spd": 31, "spe": 31}, "item": "Leftovers", "teraType": "Dark", "role": "Bulky Attacker", "bvs": {"hp": 88, "atk": 88, "def": 160, "spa": 88, "spd": 88, "spe": 88}, "stats": {"hp": 262, "atk": 140, "def": 291, "spa": 180, "spd": 180, "spe": 180}, "types": ["Poison", "Ghost"]}, "Gastrodon": {"name": "Gastrodon", "species": "Gastrodon-East", "speciesId": "gastrodon", "gender": "F", "shiny": false, "level": 86, "moves": ["icebeam", "earthquake", "surf", "recover"], "ability": "Storm Drain", "evs": {"hp": 85, "atk": 85, "def": 85, "spa": 85, "spd": 85, "spe": 85}, "ivs": {"hp": 31, "atk": 31, "def": 31, "spa": 31, "spd": 31, "spe": 31}, "item": "Leftovers", "teraType": "Poison", "role": "Bulky Attacker", "bvs": {"hp": 111, "atk": 83, "def": 68, "spa": 92, "spd": 82, "spe": 39}, "stats": {"hp": 331, "atk": 192, "def": 166, "spa": 207, "spd": 190, "spe": 116}, "types": ["Water", "Ground"]}, "Florges": {"name": "Florges", "species": "Florges-Blue", "speciesId": "florges", "gender": "F", "shiny": false, "level": 85, "moves": ["moonblast", "calmmind", "protect", "wish"], "ability": "Flower Veil", "evs": {"hp": 85, "atk": 0, "def": 85, "spa": 85, "spd": 85, "spe": 85}, "ivs": {"hp": 31, "atk": 0, "def": 31, "spa": 31, "spd": 31, "spe": 31}, "item": "Leftovers", "teraType": "Steel", "role": "Bulky Setup", "bvs": {"hp": 78, "atk": 65, "def": 68, "spa": 112, "spd": 154, "spe": 75}, "stats": {"hp": 271, "atk": 115, "def": 164, "spa": 239, "spd": 311, "spe": 176}, "types": ["Fairy"]}}, {"Glastrier": {"name": "Glastrier", "species": "Glastrier", "speciesId": "glastrier", "gender": "N", "shiny": false, "level": 86, "moves": ["closecombat", "iciclecrash", "heavyslam", "highhorsepower"], "ability": "Chilling Neigh", "evs": {"hp": 81, "atk": 85, "def": 85, "spa": 85, "spd": 85, "spe": 85}, "ivs": {"hp": 31, "atk": 31, "def": 31, "spa": 31, "spd": 31, "spe": 31}, "item": "Choice Band", "teraType": "Fighting", "role": "Bulky Attacker", "bvs": {"hp": 100, "atk": 145, "def": 130, "spa": 65, "spd": 110, "spe": 30}, "stats": {"hp": 311, "atk": 299, "def": 273, "spa": 161, "spd": 238, "spe": 101}, "types": ["Ice"]}, "Decidueye": {"name": "Decidueye", "species": "Decidueye", "speciesId": "decidueye", "gender": "F", "shiny": false, "level": 88, "moves": ["leafstorm", "spiritshackle", "roost", "defog"], "ability": "Overgrow", "evs": {"hp": 85, "atk": 85, "def": 85, "spa": 85, "spd": 85, "spe": 85}, "ivs": {"hp": 31, "atk": 31, "def": 31, "spa": 31, "spd": 31, "spe": 31}, "item": "Heavy-Duty Boots", "teraType": "Grass", "role": "Fast Support", "bvs": {"hp": 78, "atk": 107, "def": 75, "spa": 100, "spd": 100, "spe": 70}, "stats": {"hp": 281, "atk": 239, "def": 182, "spa": 226, "spd": 226, "spe": 173}, "types": ["Grass", "Ghost"]}, "Alomomola": {"name": "Alomomola", "species": "Alomomola", "speciesId": "alomomola", "gender": "M", "shiny": false, "level": 87, "moves": ["protect", "flipturn", "wish", "scald"], "ability": "Regenerator", "evs": {"hp": 85, "atk": 85, "def": 85, "spa": 85, "spd": 85, "spe": 85}, "ivs": {"hp": 31, "atk": 31, "def": 31, "spa": 31, "spd": 31, "spe": 31}, "item": "Leftovers", "teraType": "Poison", "role": "Bulky Support", "bvs": {"hp": 165, "atk": 75, "def": 80, "spa": 40, "spd": 45, "spe": 65}, "stats": {"hp": 429, "atk": 180, "def": 189, "spa": 119, "spd": 128, "spe": 163}, "types": ["Water"]}, "Froslass": {"name": "Froslass", "species": "Froslass", "speciesId": "froslass", "gender": "F", "shiny": false, "level": 87, "moves": ["destinybond", "tripleaxel", "poltergeist", "taunt"], "ability": "Cursed Body", "evs": {"hp": 81, "atk": 85, "def": 85, "spa": 85, "spd": 85, "spe": 85}, "ivs": {"hp": 31, "atk": 31, "def": 31, "spa": 31, "spd": 31, "spe": 31}, "item": "Wide Lens", "teraType": "Ghost", "role": "Fast Support", "bvs": {"hp": 70, "atk": 80, "def": 70, "spa": 80, "spd": 70, "spe": 110}, "stats": {"hp": 263, "atk": 189, "def": 172, "spa": 189, "spd": 172, "spe": 241}, "types": ["Ice", "Ghost"]}, "Coalossal": {"name": "Coalossal", "species": "Coalossal", "speciesId": "coalossal", "gender": "M", "shiny": false, "level": 89, "moves": ["stealthrock", "spikes", "stoneedge", "overheat"], "ability": "Flame Body", "evs": {"hp": 85, "atk": 85, "def": 85, "spa": 85, "spd": 85, "spe": 85}, "ivs": {"hp": 31, "atk": 31, "def": 31, "spa": 31, "spd": 31, "spe": 31}, "item": "Heavy-Duty Boots", "teraType": "Ghost", "role": "Bulky Support", "bvs": {"hp": 110, "atk": 80, "def": 120, "spa": 80, "spd": 90, "spe": 30}, "stats": {"hp": 341, "atk": 193, "def": 264, "spa": 193, "spd": 211, "spe": 104}, "types": ["Rock", "Fire"]}, "Clodsire": {"name": "Clodsire", "species": "Clodsire", "speciesId": "clodsire", "gender": "M", "shiny": false, "level": 81, "moves": ["earthquake", "recover", "poisonjab", "toxicspikes"], "ability": "Unaware", "evs": {"hp": 85, "atk": 85, "def": 85, "spa": 85, "spd": 85, "spe": 85}, "ivs": {"hp": 31, "atk": 31, "def": 31, "spa": 31, "spd": 31, "spe": 31}, "item": "Leftovers", "teraType": "Flying", "role": "Bulky Attacker", "bvs": {"hp": 130, "atk": 75, "def": 60, "spa": 45, "spd": 100, "spe": 20}, "stats": {"hp": 343, "atk": 168, "def": 144, "spa": 120, "spd": 209, "spe": 79}, "types": ["Poison", "Ground"]}}]}