{"id": "gen9randombattle-2641408386", "format": "[Gen 9] Random Battle", "players": ["JackieQQ", "indias last hope"], "log": "|j|\u2606JackieQQ\n|j|\u2606indias last hope\n|t:|1782780304\n|gametype|singles\n|player|p1|JackieQQ|1|2107\n|player|p2|indias last hope|policeman-gen4|2076\n|gen|9\n|tier|[Gen 9] Random Battle\n|rated|\n|rule|Species Clause: Limit one of each Pok\u00e9mon\n|rule|HP Percentage Mod: HP is shown in percentages\n|rule|Sleep Clause Mod: Limit one foe put to sleep\n|rule|Illusion Level Mod: Illusion disguises the Pok\u00e9mon's true level\n|\n|t:|1782780304\n|teamsize|p1|6\n|teamsize|p2|6\n|start\n|switch|p1a: Palafin|Palafin, L77, M|281/281\n|switch|p2a: Venusaur|Venusaur, L84, M|235/235\n|turn|1\n|inactive|Battle timer is ON: inactive players will automatically lose when time's up. (requested by JackieQQ)\n|\n|t:|1782780313\n|move|p2a: Venusaur|Nasty Plot|p2a: Venusaur\n|-boost|p2a: Venusaur|spa|2\n|move|p1a: Palafin|Flip Turn|p2a: Venusaur\n|-damage|p2a: Venusaur|157/235\n|replace|p2a: Zoroark|Zoroark, L83, M\n|-end|p2a: Zoroark|Illusion\n|-hint|Illusion Level Mod is active, so this Pok\u00e9mon's true level was hidden.\n|\n|t:|1782780316\n|detailschange|p1a: Palafin|Palafin-Hero, L77, M\n|switch|p1a: Kingambit|Kingambit, L74, F|270/270|[from] Flip Turn\n|\n|upkeep\n|turn|2\n|\n|t:|1782780320\n|switch|p2a: Duraludon|Duraludon, L82, M|249/249\n|move|p1a: Kingambit|Iron Head|p2a: Duraludon\n|-resisted|p2a: Duraludon\n|-damage|p2a: Duraludon|225/249\n|\n|upkeep\n|turn|3\n|\n|t:|1782780326\n|-end|p1a: Kingambit|fallenundefined|[silent]\n|switch|p1a: Golurk|Golurk, L87|297/297\n|move|p2a: Duraludon|Stealth Rock|p1a: Golurk\n|-sidestart|p1: JackieQQ|move: Stealth Rock\n|\n|upkeep\n|turn|4\n|\n|t:|1782780340\n|switch|p2a: Meowscarada|Meowscarada, L78, M|247/247\n|move|p1a: Golurk|Dynamic Punch|p2a: Meowscarada\n|-supereffective|p2a: Meowscarada\n|-damage|p2a: Meowscarada|0 fnt\n|faint|p2a: Meowscarada\n|-damage|p1a: Golurk|268/297|[from] item: Life Orb\n|\n|upkeep\n|\n|t:|1782780347\n|switch|p2a: Venusaur|Venusaur, L84, M|272/272\n|turn|5\n|\n|t:|1782780355\n|switch|p1a: Kingambit|Kingambit, L74, F|270/270\n|-damage|p1a: Kingambit|254/270|[from] Stealth Rock\n|move|p2a: Venusaur|Substitute|p2a: Venusaur\n|-start|p2a: Venusaur|Substitute\n|-damage|p2a: Venusaur|204/272\n|\n|-heal|p2a: Venusaur|221/272|[from] item: Leftovers\n|-heal|p1a: Kingambit|270/270|[from] item: Leftovers\n|upkeep\n|turn|6\n|\n|t:|1782780362\n|move|p2a: Venusaur|Leech Seed|p1a: Kingambit\n|-start|p1a: Kingambit|move: Leech Seed\n|move|p1a: Kingambit|Kowtow Cleave|p2a: Venusaur\n|-end|p2a: Venusaur|Substitute\n|\n|-heal|p2a: Venusaur|238/272|[from] item: Leftovers\n|-damage|p1a: Kingambit|237/270|[from] Leech Seed|[of] p2a: Venusaur\n|-heal|p2a: Venusaur|271/272|[silent]\n|upkeep\n|turn|7\n|\n|t:|1782780373\n|move|p2a: Venusaur|Substitute|p2a: Venusaur\n|-start|p2a: Venusaur|Substitute\n|-damage|p2a: Venusaur|203/272\n|move|p1a: Kingambit|Kowtow Cleave|p2a: Venusaur\n|-end|p2a: Venusaur|Substitute\n|\n|-heal|p2a: Venusaur|220/272|[from] item: Leftovers\n|-heal|p1a: Kingambit|253/270|[from] item: Leftovers\n|-damage|p1a: Kingambit|220/270|[from] Leech Seed|[of] p2a: Venusaur\n|-heal|p2a: Venusaur|253/272|[silent]\n|upkeep\n|turn|8\n|\n|t:|1782780389\n|-end|p1a: Kingambit|fallenundefined|[silent]\n|switch|p1a: Palafin|Palafin-Hero, L77, M|281/281\n|-damage|p1a: Palafin|246/281|[from] Stealth Rock\n|-activate|p1a: Palafin|ability: Zero to Hero\n|move|p2a: Venusaur|Substitute|p2a: Venusaur\n|-start|p2a: Venusaur|Substitute\n|-damage|p2a: Venusaur|185/272\n|\n|-heal|p2a: Venusaur|202/272|[from] item: Leftovers\n|upkeep\n|turn|9\n|\n|t:|1782780393\n|move|p1a: Palafin|Flip Turn|p2a: Venusaur\n|-resisted|p2a: Venusaur\n|-activate|p2a: Venusaur|move: Substitute|[damage]\n|\n|t:|1782780396\n|switch|p1a: Kingambit|Kingambit, L74, F|220/270|[from] Flip Turn\n|-damage|p1a: Kingambit|204/270|[from] Stealth Rock\n|move|p2a: Venusaur|Sleep Powder|p1a: Kingambit|[miss]\n|-miss|p2a: Venusaur|p1a: Kingambit\n|\n|-heal|p2a: Venusaur|219/272|[from] item: Leftovers\n|-heal|p1a: Kingambit|220/270|[from] item: Leftovers\n|upkeep\n|turn|10\n|\n|t:|1782780399\n|move|p2a: Venusaur|Sleep Powder|p1a: Kingambit|[miss]\n|-miss|p2a: Venusaur|p1a: Kingambit\n|move|p1a: Kingambit|Kowtow Cleave|p2a: Venusaur\n|-end|p2a: Venusaur|Substitute\n|\n|-heal|p2a: Venusaur|236/272|[from] item: Leftovers\n|-heal|p1a: Kingambit|236/270|[from] item: Leftovers\n|upkeep\n|turn|11\n|\n|t:|1782780412\n|-end|p1a: Kingambit|fallenundefined|[silent]\n|switch|p1a: Magcargo|Magcargo, L95, M|268/268\n|move|p2a: Venusaur|Leech Seed|p1a: Magcargo\n|-start|p1a: Magcargo|move: Leech Seed\n|\n|-heal|p2a: Venusaur|253/272|[from] item: Leftovers\n|-damage|p1a: Magcargo|235/268|[from] Leech Seed|[of] p2a: Venusaur\n|-heal|p2a: Venusaur|272/272|[silent]\n|upkeep\n|turn|12\n|\n|t:|1782780418\n|move|p2a: Venusaur|Substitute|p2a: Venusaur\n|-start|p2a: Venusaur|Substitute\n|-damage|p2a: Venusaur|204/272\n|move|p1a: Magcargo|Lava Plume|p2a: Venusaur\n|-supereffective|p2a: Venusaur\n|-end|p2a: Venusaur|Substitute\n|\n|-heal|p2a: Venusaur|221/272|[from] item: Leftovers\n|-damage|p1a: Magcargo|202/268|[from] Leech Seed|[of] p2a: Venusaur\n|-heal|p2a: Venusaur|254/272|[silent]\n|upkeep\n|turn|13\n|\n|t:|1782780422\n|move|p2a: Venusaur|Sleep Powder|p1a: Magcargo\n|-status|p1a: Magcargo|slp|[from] move: Sleep Powder\n|cant|p1a: Magcargo|slp\n|\n|-heal|p2a: Venusaur|271/272|[from] item: Leftovers\n|-damage|p1a: Magcargo|169/268 slp|[from] Leech Seed|[of] p2a: Venusaur\n|-heal|p2a: Venusaur|272/272|[silent]\n|upkeep\n|turn|14\n|\n|t:|1782780426\n|switch|p1a: Kingambit|Kingambit, L74, F|236/270\n|-damage|p1a: Kingambit|220/270|[from] Stealth Rock\n|move|p2a: Venusaur|Substitute|p2a: Venusaur\n|-start|p2a: Venusaur|Substitute\n|-damage|p2a: Venusaur|204/272\n|\n|-heal|p2a: Venusaur|221/272|[from] item: Leftovers\n|-heal|p1a: Kingambit|236/270|[from] item: Leftovers\n|upkeep\n|turn|15\n|\n|t:|1782780439\n|move|p2a: Venusaur|Leech Seed|p1a: Kingambit\n|-start|p1a: Kingambit|move: Leech Seed\n|move|p1a: Kingambit|Kowtow Cleave|p2a: Venusaur\n|-end|p2a: Venusaur|Substitute\n|\n|-heal|p2a: Venusaur|238/272|[from] item: Leftovers\n|-heal|p1a: Kingambit|252/270|[from] item: Leftovers\n|-damage|p1a: Kingambit|219/270|[from] Leech Seed|[of] p2a: Venusaur\n|-heal|p2a: Venusaur|271/272|[silent]\n|upkeep\n|turn|16\n|\n|t:|1782780443\n|-end|p1a: Kingambit|fallenundefined|[silent]\n|switch|p1a: Golurk|Golurk, L87|268/297\n|-damage|p1a: Golurk|250/297|[from] Stealth Rock\n|move|p2a: Venusaur|Substitute|p2a: Venusaur\n|-start|p2a: Venusaur|Substitute\n|-damage|p2a: Venusaur|203/272\n|\n|-heal|p2a: Venusaur|220/272|[from] item: Leftovers\n|upkeep\n|turn|17\n|\n|t:|1782780448\n|move|p2a: Venusaur|Leech Seed|p1a: Golurk\n|-start|p1a: Golurk|move: Leech Seed\n|move|p1a: Golurk|Stealth Rock|p2a: Venusaur\n|-sidestart|p2: indias last hope|move: Stealth Rock\n|\n|-heal|p2a: Venusaur|237/272|[from] item: Leftovers\n|-damage|p1a: Golurk|213/297|[from] Leech Seed|[of] p2a: Venusaur\n|-heal|p2a: Venusaur|272/272|[silent]\n|upkeep\n|turn|18\n|\n|t:|1782780453\n|switch|p1a: Kingambit|Kingambit, L74, F|219/270\n|-damage|p1a: Kingambit|203/270|[from] Stealth Rock\n|move|p2a: Venusaur|Leech Seed|p1a: Kingambit\n|-start|p1a: Kingambit|move: Leech Seed\n|\n|-heal|p1a: Kingambit|219/270|[from] item: Leftovers\n|-damage|p1a: Kingambit|186/270|[from] Leech Seed|[of] p2a: Venusaur\n|upkeep\n|turn|19\n|\n|t:|1782780460\n|-end|p1a: Kingambit|fallenundefined|[silent]\n|switch|p1a: Palafin|Palafin-Hero, L77, M|246/281\n|-damage|p1a: Palafin|211/281|[from] Stealth Rock\n|move|p2a: Venusaur|Sludge Bomb|p1a: Palafin\n|-damage|p1a: Palafin|100/281\n|\n|upkeep\n|turn|20\n|\n|t:|1782780464\n|move|p1a: Palafin|Flip Turn|p2a: Venusaur\n|-resisted|p2a: Venusaur\n|-activate|p2a: Venusaur|move: Substitute|[damage]\n|\n|t:|1782780467\n|switch|p1a: Kingambit|Kingambit, L74, F|186/270|[from] Flip Turn\n|-damage|p1a: Kingambit|170/270|[from] Stealth Rock\n|move|p2a: Venusaur|Substitute|p2a: Venusaur\n|-fail|p2a: Venusaur|move: Substitute\n|\n|-heal|p1a: Kingambit|186/270|[from] item: Leftovers\n|upkeep\n|turn|21\n|\n|t:|1782780479\n|move|p2a: Venusaur|Leech Seed|p1a: Kingambit\n|-start|p1a: Kingambit|move: Leech Seed\n|move|p1a: Kingambit|Kowtow Cleave|p2a: Venusaur\n|-end|p2a: Venusaur|Substitute\n|\n|-heal|p1a: Kingambit|202/270|[from] item: Leftovers\n|-damage|p1a: Kingambit|169/270|[from] Leech Seed|[of] p2a: Venusaur\n|upkeep\n|turn|22\n|\n|t:|1782780484\n|-end|p1a: Kingambit|fallenundefined|[silent]\n|switch|p1a: Golurk|Golurk, L87|213/297\n|-damage|p1a: Golurk|195/297|[from] Stealth Rock\n|move|p2a: Venusaur|Substitute|p2a: Venusaur\n|-start|p2a: Venusaur|Substitute\n|-damage|p2a: Venusaur|204/272\n|\n|-heal|p2a: Venusaur|221/272|[from] item: Leftovers\n|upkeep\n|turn|23\n|\n|t:|1782780494\n|switch|p1a: Ogerpon|Ogerpon-Wellspring, L76, F|247/247\n|-damage|p1a: Ogerpon|217/247|[from] Stealth Rock\n|move|p2a: Venusaur|Sludge Bomb|p1a: Ogerpon\n|-supereffective|p1a: Ogerpon\n|-damage|p1a: Ogerpon|1/247\n|\n|-heal|p2a: Venusaur|238/272|[from] item: Leftovers\n|upkeep\n|turn|24\n|\n|t:|1782780499\n|move|p1a: Ogerpon|Ivy Cudgel|p2a: Venusaur|[anim] Ivy Cudgel Water\n|-resisted|p2a: Venusaur\n|-activate|p2a: Venusaur|move: Substitute|[damage]\n|move|p2a: Venusaur|Sludge Bomb|p1a: Ogerpon\n|-supereffective|p1a: Ogerpon\n|-damage|p1a: Ogerpon|0 fnt\n|faint|p1a: Ogerpon\n|\n|-heal|p2a: Venusaur|255/272|[from] item: Leftovers\n|upkeep\n|\n|t:|1782780501\n|switch|p1a: Kingambit|Kingambit, L74, F|169/270\n|-damage|p1a: Kingambit|153/270|[from] Stealth Rock\n|-activate|p1a: Kingambit|ability: Supreme Overlord\n|-start|p1a: Kingambit|fallen1|[silent]\n|turn|25\n|\n|t:|1782780504\n|move|p2a: Venusaur|Leech Seed|p1a: Kingambit\n|-start|p1a: Kingambit|move: Leech Seed\n|move|p1a: Kingambit|Kowtow Cleave|p2a: Venusaur\n|-end|p2a: Venusaur|Substitute\n|\n|-heal|p2a: Venusaur|272/272|[from] item: Leftovers\n|-heal|p1a: Kingambit|169/270|[from] item: Leftovers\n|-damage|p1a: Kingambit|136/270|[from] Leech Seed|[of] p2a: Venusaur\n|upkeep\n|turn|26\n|\n|t:|1782780507\n|-end|p1a: Kingambit|fallen1|[silent]\n|switch|p1a: Golurk|Golurk, L87|195/297\n|-damage|p1a: Golurk|177/297|[from] Stealth Rock\n|move|p2a: Venusaur|Substitute|p2a: Venusaur\n|-start|p2a: Venusaur|Substitute\n|-damage|p2a: Venusaur|204/272\n|\n|-heal|p2a: Venusaur|221/272|[from] item: Leftovers\n|upkeep\n|turn|27\n|\n|t:|1782780512\n|move|p2a: Venusaur|Sludge Bomb|p1a: Golurk\n|-resisted|p1a: Golurk\n|-damage|p1a: Golurk|151/297\n|-status|p1a: Golurk|psn\n|move|p1a: Golurk|Earthquake|p2a: Venusaur\n|-end|p2a: Venusaur|Substitute\n|-damage|p1a: Golurk|122/297 psn|[from] item: Life Orb\n|\n|-heal|p2a: Venusaur|238/272|[from] item: Leftovers\n|-damage|p1a: Golurk|85/297 psn|[from] psn\n|upkeep\n|turn|28\n|\n|t:|1782780527\n|switch|p1a: Kingambit|Kingambit, L74, F|136/270\n|-damage|p1a: Kingambit|120/270|[from] Stealth Rock\n|-activate|p1a: Kingambit|ability: Supreme Overlord\n|-start|p1a: Kingambit|fallen1|[silent]\n|move|p2a: Venusaur|Substitute|p2a: Venusaur\n|-start|p2a: Venusaur|Substitute\n|-damage|p2a: Venusaur|170/272\n|\n|-heal|p2a: Venusaur|187/272|[from] item: Leftovers\n|-heal|p1a: Kingambit|136/270|[from] item: Leftovers\n|upkeep\n|turn|29\n|\n|t:|1782780530\n|move|p2a: Venusaur|Leech Seed|p1a: Kingambit\n|-start|p1a: Kingambit|move: Leech Seed\n|move|p1a: Kingambit|Kowtow Cleave|p2a: Venusaur\n|-crit|p2a: Venusaur\n|-end|p2a: Venusaur|Substitute\n|\n|-heal|p2a: Venusaur|204/272|[from] item: Leftovers\n|-heal|p1a: Kingambit|152/270|[from] item: Leftovers\n|-damage|p1a: Kingambit|119/270|[from] Leech Seed|[of] p2a: Venusaur\n|-heal|p2a: Venusaur|237/272|[silent]\n|upkeep\n|turn|30\n|\n|t:|1782780535\n|move|p2a: Venusaur|Substitute|p2a: Venusaur\n|-start|p2a: Venusaur|Substitute\n|-damage|p2a: Venusaur|169/272\n|move|p1a: Kingambit|Kowtow Cleave|p2a: Venusaur\n|-end|p2a: Venusaur|Substitute\n|\n|-heal|p2a: Venusaur|186/272|[from] item: Leftovers\n|-heal|p1a: Kingambit|135/270|[from] item: Leftovers\n|-damage|p1a: Kingambit|102/270|[from] Leech Seed|[of] p2a: Venusaur\n|-heal|p2a: Venusaur|219/272|[silent]\n|upkeep\n|turn|31\n|\n|t:|1782780539\n|move|p2a: Venusaur|Substitute|p2a: Venusaur\n|-start|p2a: Venusaur|Substitute\n|-damage|p2a: Venusaur|151/272\n|move|p1a: Kingambit|Kowtow Cleave|p2a: Venusaur\n|-end|p2a: Venusaur|Substitute\n|\n|-heal|p2a: Venusaur|168/272|[from] item: Leftovers\n|-heal|p1a: Kingambit|118/270|[from] item: Leftovers\n|-damage|p1a: Kingambit|85/270|[from] Leech Seed|[of] p2a: Venusaur\n|-heal|p2a: Venusaur|201/272|[silent]\n|upkeep\n|turn|32\n|\n|t:|1782780540\n|move|p2a: Venusaur|Substitute|p2a: Venusaur\n|-start|p2a: Venusaur|Substitute\n|-damage|p2a: Venusaur|133/272\n|move|p1a: Kingambit|Iron Head|p2a: Venusaur\n|-end|p2a: Venusaur|Substitute\n|\n|-heal|p2a: Venusaur|150/272|[from] item: Leftovers\n|-heal|p1a: Kingambit|101/270|[from] item: Leftovers\n|-damage|p1a: Kingambit|68/270|[from] Leech Seed|[of] p2a: Venusaur\n|-heal|p2a: Venusaur|183/272|[silent]\n|upkeep\n|turn|33\n|\n|t:|1782780545\n|switch|p2a: Duraludon|Duraludon, L82, M|225/249\n|-damage|p2a: Duraludon|210/249|[from] Stealth Rock\n|move|p1a: Kingambit|Iron Head|p2a: Duraludon\n|-resisted|p2a: Duraludon\n|-crit|p2a: Duraludon\n|-damage|p2a: Duraludon|171/249\n|\n|-heal|p1a: Kingambit|84/270|[from] item: Leftovers\n|-damage|p1a: Kingambit|51/270|[from] Leech Seed|[of] p2a: Duraludon\n|-heal|p2a: Duraludon|204/249|[silent]\n|upkeep\n|turn|34\n|\n|t:|1782780552\n|-end|p1a: Kingambit|fallen1|[silent]\n|switch|p1a: Golurk|Golurk, L87|85/297 psn\n|-damage|p1a: Golurk|67/297 psn|[from] Stealth Rock\n|move|p2a: Duraludon|Flash Cannon|p1a: Golurk\n|-damage|p1a: Golurk|0 fnt\n|faint|p1a: Golurk\n|\n|upkeep\n|\n|t:|1782780555\n|switch|p1a: Palafin|Palafin-Hero, L77, M|100/281\n|-damage|p1a: Palafin|65/281|[from] Stealth Rock\n|turn|35\n|\n|t:|1782780563\n|move|p1a: Palafin|Close Combat|p2a: Duraludon\n|-supereffective|p2a: Duraludon\n|-damage|p2a: Duraludon|12/249\n|-unboost|p1a: Palafin|def|1\n|-unboost|p1a: Palafin|spd|1\n|move|p2a: Duraludon|Body Press|p1a: Palafin\n|-damage|p1a: Palafin|0 fnt\n|faint|p1a: Palafin\n|\n|upkeep\n|\n|t:|1782780574\n|switch|p1a: Latias|Latias, L79, F|256/256\n|-damage|p1a: Latias|224/256|[from] Stealth Rock\n|turn|36\n|\n|t:|1782780590\n|move|p1a: Latias|Psyshock|p2a: Duraludon\n|-resisted|p2a: Duraludon\n|-damage|p2a: Duraludon|0 fnt\n|faint|p2a: Duraludon\n|\n|upkeep\n|\n|t:|1782780603\n|switch|p2a: Venusaur|Venusaur, L84, M|183/272\n|-damage|p2a: Venusaur|149/272|[from] Stealth Rock\n|turn|37\n|\n|t:|1782780616\n|-terastallize|p1a: Latias|Steel\n|-terastallize|p2a: Venusaur|Steel\n|move|p1a: Latias|Draco Meteor|p2a: Venusaur\n|-resisted|p2a: Venusaur\n|-damage|p2a: Venusaur|82/272\n|-unboost|p1a: Latias|spa|2\n|move|p2a: Venusaur|Leech Seed|p1a: Latias\n|-start|p1a: Latias|move: Leech Seed\n|\n|-heal|p2a: Venusaur|99/272|[from] item: Leftovers\n|-damage|p1a: Latias|192/256|[from] Leech Seed|[of] p2a: Venusaur\n|-heal|p2a: Venusaur|131/272|[silent]\n|upkeep\n|turn|38\n|\n|t:|1782780629\n|switch|p1a: Kingambit|Kingambit, L74, F|51/270\n|-damage|p1a: Kingambit|35/270|[from] Stealth Rock\n|-activate|p1a: Kingambit|ability: Supreme Overlord\n|-start|p1a: Kingambit|fallen3|[silent]\n|switch|p2a: Flutter Mane|Flutter Mane, L74|157/235\n|-damage|p2a: Flutter Mane|128/235|[from] Stealth Rock\n|\n|-heal|p1a: Kingambit|51/270|[from] item: Leftovers\n|upkeep\n|turn|39\n|\n|t:|1782780636\n|move|p2a: Flutter Mane|Dark Pulse|p1a: Kingambit\n|-resisted|p1a: Kingambit\n|-damage|p1a: Kingambit|0 fnt\n|faint|p1a: Kingambit\n|-end|p1a: Kingambit|fallen3|[silent]\n|-damage|p2a: Flutter Mane|105/235|[from] item: Life Orb\n|\n|upkeep\n|\n|t:|1782780644\n|switch|p1a: Latias|Latias, L79, F, tera:Steel|192/256\n|-damage|p1a: Latias|176/256|[from] Stealth Rock\n|turn|40\n|\n|t:|1782780647\n|move|p2a: Flutter Mane|Dark Pulse|p1a: Latias\n|-damage|p1a: Latias|73/256\n|-damage|p2a: Flutter Mane|82/235|[from] item: Life Orb\n|move|p1a: Latias|Psyshock|p2a: Flutter Mane\n|-immune|p2a: Flutter Mane\n|\n|upkeep\n|turn|41\n|-message|JackieQQ forfeited.\n|\n|win|indias last hope\n|raw|JackieQQ's rating: 2107 &rarr; <strong>2085</strong><br />(-22 for losing)\n|raw|indias last hope's rating: 2076 &rarr; <strong>2098</strong><br />(+22 for winning)\n", "inputlog": ">version f8ac14003a5f27e1bdc8d8c59608a773c1cb96e5\n>start {\"formatid\":\"gen9randombattle\",\"seed\":\"sodium,36ec713956565a7a79904aac8abd3616\",\"rated\":\"Rated battle\"}\n>player p1 {\"name\":\"JackieQQ\",\"avatar\":\"1\",\"rating\":2107,\"seed\":\"sodium,509e7f584214271879209b0778504baf\"}\n>player p2 {\"name\":\"indias last hope\",\"avatar\":\"policeman-gen4\",\"rating\":2076,\"seed\":\"sodium,6fd0eefed48fe54215f7991e995e738c\"}\n>p1 move flipturn\n>p2 move nastyplot\n>p1 switch 2\n>p1 move ironhead\n>p2 switch 3\n>p1 switch 4\n>p2 move stealthrock\n>p1 move dynamicpunch\n>p2 switch 4\n>p2 switch 6\n>p1 switch 4\n>p2 move substitute\n>p1 move kowtowcleave\n>p2 move leechseed\n>p1 move kowtowcleave\n>p2 move substitute\n>p1 switch 2\n>p2 move substitute\n>p1 move flipturn\n>p2 move sleeppowder\n>p1 switch 2\n>p1 move kowtowcleave\n>p2 move sleeppowder\n>p1 switch 5\n>p2 move leechseed\n>p1 move lavaplume\n>p2 move substitute\n>p1 move lavaplume\n>p2 move sleeppowder\n>p1 switch 5\n>p2 move substitute\n>p1 move kowtowcleave\n>p2 move leechseed\n>p1 switch 4\n>p2 move substitute\n>p1 move stealthrock\n>p2 move leechseed\n>p1 switch 4\n>p2 move leechseed\n>p1 switch 2\n>p2 move sludgebomb\n>p1 move flipturn\n>p2 move substitute\n>p1 switch 2\n>p1 move kowtowcleave\n>p2 move leechseed\n>p1 switch 4\n>p2 move substitute\n>p1 switch 3\n>p2 move sludgebomb\n>p1 move ivycudgel\n>p2 move sludgebomb\n>p1 switch 4\n>p1 move kowtowcleave\n>p2 move leechseed\n>p1 switch 3\n>p2 move substitute\n>p1 move earthquake\n>p2 move sludgebomb\n>p1 switch 3\n>p2 move substitute\n>p1 move kowtowcleave\n>p2 move leechseed\n>p1 move kowtowcleave\n>p2 move substitute\n>p1 move kowtowcleave\n>p2 move substitute\n>p1 move ironhead\n>p2 move substitute\n>p1 move ironhead\n>p2 switch 4\n>p1 switch 3\n>p2 move flashcannon\n>p1 switch 2\n>p1 move closecombat\n>p2 move bodypress\n>p1 switch 6\n>p1 move psyshock\n>p2 move dracometeor\n>p2 switch 4\n>p1 move dracometeor terastallize\n>p2 move leechseed terastallize\n>p1 switch 3\n>p2 switch 3\n>p1 move ironhead\n>p2 move darkpulse\n>p1 switch 3\n>p1 move psyshock\n>p2 move darkpulse\n>forcelose p1", "uploadtime": 1782780654, "views": 3, "formatid": "gen9randombattle", "rating": 2085, "private": 0, "password": null, "player_dets": [{"name": "JackieQQ", "avatar": "1", "rating": 2107, "seed": "sodium,509e7f584214271879209b0778504baf"}, {"name": "indias last hope", "avatar": "policeman-gen4", "rating": 2076, "seed": "sodium,6fd0eefed48fe54215f7991e995e738c"}], "teams_full": [{"Palafin": {"name": "Palafin", "species": "Palafin", "speciesId": "palafin", "gender": "M", "shiny": false, "level": 77, "moves": ["jetpunch", "flipturn", "wavecrash", "closecombat"], "ability": "Zero to Hero", "evs": {"hp": 85, "atk": 85, "def": 85, "spa": 85, "spd": 85, "spe": 85}, "ivs": {"hp": 31, "atk": 31, "def": 31, "spa": 31, "spd": 31, "spe": 31}, "item": "Choice Band", "teraType": "Water", "role": "Wallbreaker", "bvs": {"hp": 100, "atk": 70, "def": 72, "spa": 53, "spd": 62, "spe": 100}, "stats": {"hp": 281, "atk": 152, "def": 155, "spa": 126, "spd": 140, "spe": 199}, "types": ["Water"]}, "Kingambit": {"name": "Kingambit", "species": "Kingambit", "speciesId": "kingambit", "gender": "F", "shiny": false, "level": 74, "moves": ["ironhead", "kowtowcleave", "suckerpunch", "swordsdance"], "ability": "Supreme Overlord", "evs": {"hp": 85, "atk": 85, "def": 85, "spa": 85, "spd": 85, "spe": 85}, "ivs": {"hp": 31, "atk": 31, "def": 31, "spa": 31, "spd": 31, "spe": 31}, "item": "Leftovers", "teraType": "Dark", "role": "Bulky Attacker", "bvs": {"hp": 100, "atk": 135, "def": 120, "spa": 60, "spd": 85, "spe": 50}, "stats": {"hp": 270, "atk": 243, "def": 221, "spa": 132, "spd": 169, "spe": 117}, "types": ["Dark", "Steel"]}, "Ogerpon": {"name": "Ogerpon", "species": "Ogerpon-Wellspring", "speciesId": "ogerponwellspring", "gender": "F", "shiny": false, "level": 76, "moves": ["playrough", "hornleech", "ivycudgel", "swordsdance"], "ability": "Water Absorb", "evs": {"hp": 85, "atk": 85, "def": 85, "spa": 85, "spd": 85, "spe": 85}, "ivs": {"hp": 31, "atk": 31, "def": 31, "spa": 31, "spd": 31, "spe": 31}, "item": "Wellspring Mask", "teraType": "Water", "role": "Setup Sweeper", "bvs": {"hp": 80, "atk": 120, "def": 84, "spa": 60, "spd": 96, "spe": 110}, "stats": {"hp": 247, "atk": 226, "def": 172, "spa": 135, "spd": 190, "spe": 211}, "types": ["Grass", "Water"]}, "Golurk": {"name": "Golurk", "species": "Golurk", "speciesId": "golurk", "gender": "N", "shiny": false, "level": 87, "moves": ["earthquake", "stealthrock", "dynamicpunch", "poltergeist"], "ability": "No Guard", "evs": {"hp": 85, "atk": 85, "def": 85, "spa": 85, "spd": 85, "spe": 85}, "ivs": {"hp": 31, "atk": 31, "def": 31, "spa": 31, "spd": 31, "spe": 31}, "item": "Life Orb", "teraType": "Ground", "role": "Wallbreaker", "bvs": {"hp": 89, "atk": 124, "def": 80, "spa": 55, "spd": 80, "spe": 55}, "stats": {"hp": 297, "atk": 266, "def": 189, "spa": 145, "spd": 189, "spe": 145}, "types": ["Ground", "Ghost"]}, "Magcargo": {"name": "Magcargo", "species": "Magcargo", "speciesId": "magcargo", "gender": "M", "shiny": false, "level": 95, "moves": ["lavaplume", "recover", "powergem", "yawn"], "ability": "Flame Body", "evs": {"hp": 85, "atk": 0, "def": 85, "spa": 85, "spd": 85, "spe": 85}, "ivs": {"hp": 31, "atk": 0, "def": 31, "spa": 31, "spd": 31, "spe": 31}, "item": "Heavy-Duty Boots", "teraType": "Grass", "role": "Bulky Support", "bvs": {"hp": 60, "atk": 50, "def": 120, "spa": 90, "spd": 80, "spe": 30}, "stats": {"hp": 268, "atk": 100, "def": 282, "spa": 225, "spd": 206, "spe": 111}, "types": ["Fire", "Rock"]}, "Latias": {"name": "Latias", "species": "Latias", "speciesId": "latias", "gender": "F", "shiny": false, "level": 79, "moves": ["calmmind", "recover", "psyshock", "dracometeor"], "ability": "Levitate", "evs": {"hp": 85, "atk": 0, "def": 85, "spa": 85, "spd": 85, "spe": 85}, "ivs": {"hp": 31, "atk": 0, "def": 31, "spa": 31, "spd": 31, "spe": 31}, "item": "Soul Dew", "teraType": "Steel", "role": "Fast Bulky Setup", "bvs": {"hp": 80, "atk": 80, "def": 90, "spa": 110, "spd": 130, "spe": 110}, "stats": {"hp": 256, "atk": 131, "def": 188, "spa": 219, "spd": 251, "spe": 219}, "types": ["Dragon", "Psychic"]}}, {"Zoroark": {"name": "Zoroark", "species": "Zoroark", "speciesId": "zoroark", "gender": "M", "shiny": false, "level": 83, "moves": ["psychic", "darkpulse", "sludgebomb", "nastyplot"], "ability": "Illusion", "evs": {"hp": 85, "atk": 0, "def": 85, "spa": 85, "spd": 85, "spe": 85}, "ivs": {"hp": 31, "atk": 0, "def": 31, "spa": 31, "spd": 31, "spe": 31}, "item": "Life Orb", "teraType": "Poison", "role": "Setup Sweeper", "bvs": {"hp": 60, "atk": 105, "def": 60, "spa": 120, "spd": 60, "spe": 105}, "stats": {"hp": 235, "atk": 179, "def": 147, "spa": 247, "spd": 147, "spe": 222}, "types": ["Dark"]}, "Fezandipiti": {"name": "Fezandipiti", "species": "Fezandipiti", "speciesId": "fezandipiti", "gender": "M", "shiny": false, "level": 82, "moves": ["beatup", "gunkshot", "moonblast", "roost"], "ability": "Toxic Chain", "evs": {"hp": 85, "atk": 85, "def": 85, "spa": 85, "spd": 85, "spe": 85}, "ivs": {"hp": 31, "atk": 31, "def": 31, "spa": 31, "spd": 31, "spe": 31}, "item": "Leftovers", "teraType": "Steel", "role": "Bulky Attacker", "bvs": {"hp": 88, "atk": 91, "def": 82, "spa": 70, "spd": 125, "spe": 99}, "stats": {"hp": 278, "atk": 196, "def": 182, "spa": 162, "spd": 252, "spe": 210}, "types": ["Poison", "Fairy"]}, "Duraludon": {"name": "Duraludon", "species": "Duraludon", "speciesId": "duraludon", "gender": "M", "shiny": false, "level": 82, "moves": ["bodypress", "dracometeor", "flashcannon", "stealthrock"], "ability": "Light Metal", "evs": {"hp": 85, "atk": 0, "def": 85, "spa": 85, "spd": 85, "spe": 85}, "ivs": {"hp": 31, "atk": 0, "def": 31, "spa": 31, "spd": 31, "spe": 31}, "item": "Eviolite", "teraType": "Fighting", "role": "Bulky Attacker", "bvs": {"hp": 70, "atk": 95, "def": 115, "spa": 120, "spd": 50, "spe": 85}, "stats": {"hp": 249, "atk": 160, "def": 236, "spa": 244, "spd": 129, "spe": 187}, "types": ["Steel", "Dragon"]}, "Meowscarada": {"name": "Meowscarada", "species": "Meowscarada", "speciesId": "meowscarada", "gender": "M", "shiny": false, "level": 78, "moves": ["toxicspikes", "uturn", "flowertrick", "knockoff"], "ability": "Protean", "evs": {"hp": 85, "atk": 85, "def": 85, "spa": 85, "spd": 85, "spe": 85}, "ivs": {"hp": 31, "atk": 31, "def": 31, "spa": 31, "spd": 31, "spe": 31}, "item": "Heavy-Duty Boots", "teraType": "Grass", "role": "Fast Support", "bvs": {"hp": 76, "atk": 110, "def": 70, "spa": 81, "spd": 70, "spe": 123}, "stats": {"hp": 247, "atk": 217, "def": 154, "spa": 171, "spd": 154, "spe": 237}, "types": ["Grass", "Dark"]}, "Flutter Mane": {"name": "Flutter Mane", "species": "Flutter Mane", "speciesId": "fluttermane", "gender": "N", "shiny": false, "level": 74, "moves": ["mysticalfire", "calmmind", "shadowball", "moonblast"], "ability": "Protosynthesis", "evs": {"hp": 85, "atk": 0, "def": 85, "spa": 85, "spd": 85, "spe": 85}, "ivs": {"hp": 31, "atk": 0, "def": 31, "spa": 31, "spd": 31, "spe": 31}, "item": "Life Orb", "teraType": "Fairy", "role": "Setup Sweeper", "bvs": {"hp": 55, "atk": 55, "def": 55, "spa": 135, "spd": 135, "spe": 135}, "stats": {"hp": 203, "atk": 86, "def": 124, "spa": 243, "spd": 243, "spe": 243}, "types": ["Ghost", "Fairy"]}, "Venusaur": {"name": "Venusaur", "species": "Venusaur", "speciesId": "venusaur", "gender": "M", "shiny": false, "level": 84, "moves": ["sleeppowder", "substitute", "leechseed", "sludgebomb"], "ability": "Chlorophyll", "evs": {"hp": 85, "atk": 0, "def": 85, "spa": 85, "spd": 85, "spe": 85}, "ivs": {"hp": 31, "atk": 0, "def": 31, "spa": 31, "spd": 31, "spe": 31}, "item": "Leftovers", "teraType": "Steel", "role": "Bulky Support", "bvs": {"hp": 80, "atk": 82, "def": 83, "spa": 100, "spd": 100, "spe": 80}, "stats": {"hp": 272, "atk": 142, "def": 188, "spa": 216, "spd": 216, "spe": 183}, "types": ["Grass", "Poison"]}}]}