{"id": "gen9randombattle-2641488486", "format": "[Gen 9] Random Battle", "players": ["hudsonrain", "PikaTru"], "log": "|j|\u2606hudsonrain\n|j|\u2606PikaTru\n|t:|1782793054\n|gametype|singles\n|player|p1|hudsonrain|1|2089\n|player|p2|PikaTru|101|1989\n|gen|9\n|tier|[Gen 9] Random Battle\n|rated|\n|rule|Species Clause: Limit one of each Pok\u00e9mon\n|rule|HP Percentage Mod: HP is shown in percentages\n|rule|Sleep Clause Mod: Limit one foe put to sleep\n|rule|Illusion Level Mod: Illusion disguises the Pok\u00e9mon's true level\n|\n|t:|1782793054\n|teamsize|p1|6\n|teamsize|p2|6\n|start\n|switch|p1a: Umbreon|Umbreon, L84, M|297/297\n|switch|p2a: Ogerpon|Ogerpon-Wellspring, L76, F|247/247\n|turn|1\n|inactive|Battle timer is ON: inactive players will automatically lose when time's up. (requested by PikaTru)\n|\n|t:|1782793067\n|move|p2a: Ogerpon|Swords Dance|p2a: Ogerpon\n|-boost|p2a: Ogerpon|atk|2\n|move|p1a: Umbreon|Toxic|p2a: Ogerpon\n|-status|p2a: Ogerpon|tox\n|\n|-damage|p2a: Ogerpon|232/247 tox|[from] psn\n|upkeep\n|turn|2\n|\n|t:|1782793080\n|move|p1a: Umbreon|Protect|p1a: Umbreon\n|-singleturn|p1a: Umbreon|Protect\n|move|p2a: Ogerpon|Ivy Cudgel|p1a: Umbreon|[anim] Ivy Cudgel Water\n|-activate|p1a: Umbreon|move: Protect\n|\n|-damage|p2a: Ogerpon|202/247 tox|[from] psn\n|upkeep\n|turn|3\n|\n|t:|1782793095\n|switch|p1a: Phione|Phione, L91|293/293\n|move|p2a: Ogerpon|Horn Leech|p1a: Phione\n|-supereffective|p1a: Phione\n|-damage|p1a: Phione|0 fnt\n|-heal|p2a: Ogerpon|247/247 tox|[from] drain|[of] p1a: Phione\n|faint|p1a: Phione\n|\n|-damage|p2a: Ogerpon|202/247 tox|[from] psn\n|upkeep\n|\n|t:|1782793099\n|switch|p1a: Masquerain|Masquerain, L87, F|264/264\n|-ability|p1a: Masquerain|Intimidate|boost\n|-unboost|p2a: Ogerpon|atk|1\n|turn|4\n|\n|t:|1782793126\n|switch|p2a: Piloswine|Piloswine, L85, M|309/309\n|move|p1a: Masquerain|Quiver Dance|p1a: Masquerain\n|-boost|p1a: Masquerain|spa|1\n|-boost|p1a: Masquerain|spd|1\n|-boost|p1a: Masquerain|spe|1\n|\n|upkeep\n|turn|5\n|inactive|PikaTru has 120 seconds left.\n|\n|t:|1782793146\n|move|p1a: Masquerain|Hydro Pump|p2a: Piloswine|[miss]\n|-miss|p1a: Masquerain|p2a: Piloswine\n|move|p2a: Piloswine|Roar|p1a: Masquerain\n|drag|p1a: Umbreon|Umbreon, L84, M|297/297\n|\n|upkeep\n|turn|6\n|\n|t:|1782793151\n|switch|p2a: Ogerpon|Ogerpon-Wellspring, L76, F|202/247 tox\n|move|p1a: Umbreon|Toxic|p2a: Ogerpon\n|-fail|p2a: Ogerpon|tox\n|\n|-damage|p2a: Ogerpon|187/247 tox|[from] psn\n|upkeep\n|turn|7\n|\n|t:|1782793157\n|move|p2a: Ogerpon|Knock Off|p1a: Umbreon\n|-resisted|p1a: Umbreon\n|-damage|p1a: Umbreon|266/297\n|-enditem|p1a: Umbreon|Leftovers|[from] move: Knock Off|[of] p2a: Ogerpon\n|move|p1a: Umbreon|Foul Play|p2a: Ogerpon\n|-damage|p2a: Ogerpon|72/247 tox\n|\n|-damage|p2a: Ogerpon|42/247 tox|[from] psn\n|upkeep\n|turn|8\n|\n|t:|1782793163\n|move|p2a: Ogerpon|Horn Leech|p1a: Umbreon\n|-damage|p1a: Umbreon|184/297\n|-heal|p2a: Ogerpon|83/247 tox|[from] drain|[of] p1a: Umbreon\n|move|p1a: Umbreon|Wish|p1a: Umbreon\n|\n|-damage|p2a: Ogerpon|38/247 tox|[from] psn\n|upkeep\n|turn|9\n|\n|t:|1782793170\n|move|p2a: Ogerpon|Knock Off|p1a: Umbreon\n|-resisted|p1a: Umbreon\n|-damage|p1a: Umbreon|160/297\n|move|p1a: Umbreon|Toxic|p2a: Ogerpon\n|-fail|p2a: Ogerpon|tox\n|\n|-heal|p1a: Umbreon|297/297|[from] move: Wish|[wisher] Umbreon\n|-damage|p2a: Ogerpon|0 fnt|[from] psn\n|faint|p2a: Ogerpon\n|upkeep\n|inactive|PikaTru has 120 seconds left.\n|inactive|PikaTru has 90 seconds left.\n|\n|t:|1782793237\n|switch|p2a: Meowscarada|Meowscarada, L78, M|247/247\n|turn|10\n|\n|t:|1782793256\n|move|p2a: Meowscarada|Toxic Spikes|p1a: Umbreon\n|-start|p2a: Meowscarada|typechange|Poison|[from] ability: Protean\n|-sidestart|p1: hudsonrain|move: Toxic Spikes\n|move|p1a: Umbreon|Foul Play|p2a: Meowscarada\n|-damage|p2a: Meowscarada|118/247\n|\n|upkeep\n|turn|11\n|\n|t:|1782793265\n|move|p2a: Meowscarada|U-turn|p1a: Umbreon\n|-supereffective|p1a: Umbreon\n|-damage|p1a: Umbreon|213/297\n|inactive|PikaTru has 90 seconds left.\n|\n|t:|1782793276\n|switch|p2a: Illumise|Illumise, L91, F|266/266|[from] U-turn\n|move|p1a: Umbreon|Toxic|p2a: Illumise\n|-status|p2a: Illumise|tox\n|\n|-damage|p2a: Illumise|250/266 tox|[from] psn\n|upkeep\n|turn|12\n|\n|t:|1782793283\n|switch|p1a: Okidogi|Okidogi, L77, M|262/262\n|-sideend|p1: hudsonrain|move: Toxic Spikes|[of] p1a: Okidogi\n|move|p2a: Illumise|Bug Buzz|p1a: Okidogi\n|-resisted|p1a: Okidogi\n|-damage|p1a: Okidogi|238/262\n|\n|-heal|p1a: Okidogi|254/262|[from] item: Leftovers\n|-damage|p2a: Illumise|218/266 tox|[from] psn\n|upkeep\n|turn|13\n|\n|t:|1782793300\n|switch|p2a: Noivern|Noivern, L82, M|274/274\n|switch|p1a: Umbreon|Umbreon, L84, M|213/297\n|\n|upkeep\n|turn|14\n|inactive|PikaTru has 90 seconds left.\n|inactive|PikaTru has 60 seconds left.\n|\n|t:|1782793351\n|switch|p2a: Illumise|Illumise, L91, F|218/266 tox\n|move|p1a: Umbreon|Protect||[still]\n|-fail|p1a: Umbreon\n|\n|-damage|p2a: Illumise|202/266 tox|[from] psn\n|upkeep\n|turn|15\n|inactive|PikaTru has 60 seconds left.\n|\n|t:|1782793370\n|switch|p2a: Charizard|Charizard, L85, F|271/271\n|move|p1a: Umbreon|Wish|p1a: Umbreon\n|\n|upkeep\n|turn|16\n|inactive|PikaTru has 30 seconds left.\n|inactive|PikaTru has 20 seconds left.\n|\n|t:|1782793413\n|switch|p2a: Illumise|Illumise, L91, F|202/266 tox\n|move|p1a: Umbreon|Toxic|p2a: Illumise\n|-fail|p2a: Illumise|tox\n|\n|-heal|p1a: Umbreon|297/297|[from] move: Wish|[wisher] Umbreon\n|-damage|p2a: Illumise|186/266 tox|[from] psn\n|upkeep\n|turn|17\n|inactive|PikaTru has 30 seconds left this turn.\n|\n|t:|1782793420\n|move|p2a: Illumise|Roost|p2a: Illumise\n|-heal|p2a: Illumise|266/266 tox\n|-singleturn|p2a: Illumise|move: Roost\n|move|p1a: Umbreon|Foul Play|p2a: Illumise\n|-damage|p2a: Illumise|224/266 tox\n|\n|-damage|p2a: Illumise|192/266 tox|[from] psn\n|upkeep\n|turn|18\n|inactive|PikaTru has 30 seconds left.\n|\n|t:|1782793436\n|switch|p2a: Meowscarada|Meowscarada, L78, M|118/247\n|move|p1a: Umbreon|Toxic|p2a: Meowscarada|[miss]\n|-miss|p1a: Umbreon|p2a: Meowscarada\n|\n|upkeep\n|turn|19\n|inactive|PikaTru has 30 seconds left.\n|\n|t:|1782793443\n|move|p2a: Meowscarada|U-turn|p1a: Umbreon\n|-start|p2a: Meowscarada|typechange|Bug|[from] ability: Protean\n|-supereffective|p1a: Umbreon\n|-damage|p1a: Umbreon|177/297\n|inactive|PikaTru has 30 seconds left.\n|\n|t:|1782793452\n|switch|p2a: Charizard|Charizard, L85, F|271/271|[from] U-turn\n|move|p1a: Umbreon|Wish|p1a: Umbreon\n|\n|upkeep\n|turn|20\n|\n|t:|1782793459\n|move|p2a: Charizard|Will-O-Wisp|p1a: Umbreon\n|-status|p1a: Umbreon|brn\n|-activate|p1a: Umbreon|ability: Synchronize\n|-immune|p2a: Charizard\n|move|p1a: Umbreon|Toxic|p2a: Charizard\n|-status|p2a: Charizard|tox\n|\n|-heal|p1a: Umbreon|297/297 brn|[from] move: Wish|[wisher] Umbreon\n|-damage|p2a: Charizard|255/271 tox|[from] psn\n|-damage|p1a: Umbreon|279/297 brn|[from] brn\n|upkeep\n|turn|21\n|\n|t:|1782793475\n|move|p2a: Charizard|Focus Blast|p1a: Umbreon|[miss]\n|-miss|p2a: Charizard|p1a: Umbreon\n|move|p1a: Umbreon|Foul Play|p2a: Charizard\n|-crit|p2a: Charizard\n|-damage|p2a: Charizard|195/271 tox\n|\n|-damage|p2a: Charizard|163/271 tox|[from] psn\n|-damage|p1a: Umbreon|261/297 brn|[from] brn\n|upkeep\n|turn|22\n|\n|t:|1782793483\n|switch|p1a: Mesprit|Mesprit, L85|275/275\n|move|p2a: Charizard|Hurricane|p1a: Mesprit\n|-damage|p1a: Mesprit|151/275\n|\n|-damage|p2a: Charizard|115/271 tox|[from] psn\n|upkeep\n|turn|23\n|\n|t:|1782793501\n|move|p2a: Charizard|Flamethrower|p1a: Mesprit\n|-damage|p1a: Mesprit|52/275\n|move|p1a: Mesprit|Thunderbolt|p2a: Charizard\n|-supereffective|p2a: Charizard\n|-damage|p2a: Charizard|0 fnt\n|faint|p2a: Charizard\n|\n|upkeep\n|\n|t:|1782793524\n|switch|p2a: Meowscarada|Meowscarada, L78, M|118/247\n|turn|24\n|\n|t:|1782793529\n|move|p2a: Meowscarada|Flower Trick|p1a: Mesprit\n|-start|p2a: Meowscarada|typechange|Grass|[from] ability: Protean\n|-crit|p1a: Mesprit\n|-damage|p1a: Mesprit|0 fnt\n|faint|p1a: Mesprit\n|\n|upkeep\n|\n|t:|1782793552\n|switch|p1a: Okidogi|Okidogi, L77, M|254/262\n|turn|25\n|inactive|PikaTru has 60 seconds left.\n|\n|t:|1782793582\n|move|p2a: Meowscarada|U-turn|p1a: Okidogi\n|-resisted|p1a: Okidogi\n|-damage|p1a: Okidogi|244/262\n|\n|t:|1782793596\n|switch|p2a: Noivern|Noivern, L82, M|274/274|[from] U-turn\n|move|p1a: Okidogi|Knock Off|p2a: Noivern\n|-damage|p2a: Noivern|201/274\n|-enditem|p2a: Noivern|Heavy-Duty Boots|[from] move: Knock Off|[of] p1a: Okidogi\n|\n|-heal|p1a: Okidogi|260/262|[from] item: Leftovers\n|upkeep\n|turn|26\n|\n|t:|1782793602\n|switch|p1a: Zacian|Zacian-Crowned, L64|225/225\n|-ability|p1a: Zacian|Intrepid Sword|boost\n|-boost|p1a: Zacian|atk|1\n|move|p2a: Noivern|Hurricane|p1a: Zacian\n|-resisted|p1a: Zacian\n|-damage|p1a: Zacian|165/225\n|-start|p1a: Zacian|confusion\n|\n|upkeep\n|turn|27\n|inactive|PikaTru has 30 seconds left.\n|inactive|PikaTru has 20 seconds left.\n|inactive|PikaTru has 15 seconds left.\n|inactive|PikaTru has 10 seconds left.\n|\n|t:|1782793646\n|move|p2a: Noivern|Flamethrower|p1a: Zacian\n|-supereffective|p1a: Zacian\n|-crit|p1a: Zacian\n|-damage|p1a: Zacian|0 fnt\n|faint|p1a: Zacian\n|\n|upkeep\n|\n|t:|1782793658\n|switch|p1a: Umbreon|Umbreon, L84, M|261/297 brn\n|turn|28\n|inactive|PikaTru has 25 seconds left this turn.\n|inactive|PikaTru has 20 seconds left.\n|inactive|PikaTru has 15 seconds left.\n|inactive|PikaTru has 10 seconds left.\n|\n|t:|1782793675\n|move|p2a: Noivern|Hurricane|p1a: Umbreon\n|-crit|p1a: Umbreon\n|-damage|p1a: Umbreon|134/297 brn\n|move|p1a: Umbreon|Wish|p1a: Umbreon\n|\n|-damage|p1a: Umbreon|116/297 brn|[from] brn\n|upkeep\n|turn|29\n|inactive|PikaTru has 20 seconds left this turn.\n|\n|t:|1782793683\n|switch|p2a: Meowscarada|Meowscarada, L78, M|118/247\n|move|p1a: Umbreon|Protect||[still]\n|-fail|p1a: Umbreon\n|\n|-heal|p1a: Umbreon|264/297 brn|[from] move: Wish|[wisher] Umbreon\n|-damage|p1a: Umbreon|246/297 brn|[from] brn\n|upkeep\n|turn|30\n|inactive|PikaTru has 30 seconds left this turn.\n|\n|t:|1782793693\n|move|p2a: Meowscarada|Flower Trick|p1a: Umbreon\n|-start|p2a: Meowscarada|typechange|Grass|[from] ability: Protean\n|-crit|p1a: Umbreon\n|-damage|p1a: Umbreon|159/297 brn\n|move|p1a: Umbreon|Wish|p1a: Umbreon\n|\n|-damage|p1a: Umbreon|141/297 brn|[from] brn\n|upkeep\n|turn|31\n|inactive|PikaTru has 30 seconds left.\n|inactive|PikaTru has 20 seconds left.\n|\n|t:|1782793708\n|move|p1a: Umbreon|Protect|p1a: Umbreon\n|-singleturn|p1a: Umbreon|Protect\n|move|p2a: Meowscarada|U-turn|p1a: Umbreon\n|-activate|p1a: Umbreon|move: Protect\n|\n|-heal|p1a: Umbreon|289/297 brn|[from] move: Wish|[wisher] Umbreon\n|-damage|p1a: Umbreon|271/297 brn|[from] brn\n|upkeep\n|turn|32\n|inactive|PikaTru has 30 seconds left this turn.\n|\n|t:|1782793715\n|move|p2a: Meowscarada|U-turn|p1a: Umbreon\n|-supereffective|p1a: Umbreon\n|-damage|p1a: Umbreon|183/297 brn\n|inactive|PikaTru has 30 seconds left this turn.\n|\n|t:|1782793717\n|switch|p2a: Illumise|Illumise, L91, F|192/266 tox|[from] U-turn\n|move|p1a: Umbreon|Wish|p1a: Umbreon\n|\n|-damage|p2a: Illumise|176/266 tox|[from] psn\n|-damage|p1a: Umbreon|165/297 brn|[from] brn\n|upkeep\n|turn|33\n|\n|t:|1782793724\n|move|p2a: Illumise|Bug Buzz|p1a: Umbreon\n|-supereffective|p1a: Umbreon\n|-damage|p1a: Umbreon|39/297 brn\n|-unboost|p1a: Umbreon|spd|1\n|move|p1a: Umbreon|Foul Play|p2a: Illumise\n|-damage|p2a: Illumise|154/266 tox\n|\n|-heal|p1a: Umbreon|187/297 brn|[from] move: Wish|[wisher] Umbreon\n|-damage|p2a: Illumise|122/266 tox|[from] psn\n|-damage|p1a: Umbreon|169/297 brn|[from] brn\n|upkeep\n|turn|34\n|\n|t:|1782793752\n|switch|p2a: Noivern|Noivern, L82, M|201/274\n|switch|p1a: Okidogi|Okidogi, L77, M|260/262\n|\n|-heal|p1a: Okidogi|262/262|[from] item: Leftovers\n|upkeep\n|turn|35\n|\n|t:|1782793765\n|-terastallize|p1a: Okidogi|Dark\n|move|p2a: Noivern|Hurricane|p1a: Okidogi|[miss]\n|-miss|p2a: Noivern|p1a: Okidogi\n|move|p1a: Okidogi|Gunk Shot|p2a: Noivern|[miss]\n|-miss|p1a: Okidogi|p2a: Noivern\n|\n|upkeep\n|turn|36\n|\n|t:|1782793789\n|move|p2a: Noivern|Hurricane|p1a: Okidogi\n|-damage|p1a: Okidogi|142/262\n|move|p1a: Okidogi|Gunk Shot|p2a: Noivern\n|-damage|p2a: Noivern|56/274\n|\n|-heal|p1a: Okidogi|158/262|[from] item: Leftovers\n|upkeep\n|turn|37\n|inactive|hudsonrain has 120 seconds left.\n|\n|t:|1782793812\n|move|p2a: Noivern|Draco Meteor|p1a: Okidogi\n|-damage|p1a: Okidogi|14/262\n|-unboost|p2a: Noivern|spa|2\n|move|p1a: Okidogi|Gunk Shot|p2a: Noivern\n|-damage|p2a: Noivern|0 fnt\n|faint|p2a: Noivern\n|\n|-heal|p1a: Okidogi|30/262|[from] item: Leftovers\n|upkeep\n|\n|t:|1782793826\n|switch|p2a: Illumise|Illumise, L91, F|122/266 tox\n|turn|38\n|inactive|hudsonrain has 120 seconds left.\n|\n|t:|1782793858\n|switch|p1a: Masquerain|Masquerain, L87, F|264/264\n|-ability|p1a: Masquerain|Intimidate|boost\n|-unboost|p2a: Illumise|atk|1\n|move|p2a: Illumise|Roost|p2a: Illumise\n|-heal|p2a: Illumise|255/266 tox\n|-singleturn|p2a: Illumise|move: Roost\n|\n|-damage|p2a: Illumise|239/266 tox|[from] psn\n|upkeep\n|turn|39\n|\n|t:|1782793863\n|switch|p1a: Okidogi|Okidogi, L77, M, tera:Dark|30/262\n|move|p2a: Illumise|Thunder Wave|p1a: Okidogi\n|-hint|Since gen 7, Dark is immune to Prankster moves.\n|-immune|p1a: Okidogi\n|\n|-heal|p1a: Okidogi|46/262|[from] item: Leftovers\n|-damage|p2a: Illumise|207/266 tox|[from] psn\n|upkeep\n|turn|40\n|\n|t:|1782793879\n|move|p2a: Illumise|Bug Buzz|p1a: Okidogi\n|-supereffective|p1a: Okidogi\n|-damage|p1a: Okidogi|0 fnt\n|faint|p1a: Okidogi\n|\n|-damage|p2a: Illumise|159/266 tox|[from] psn\n|upkeep\n|\n|t:|1782793881\n|switch|p1a: Umbreon|Umbreon, L84, M|169/297 brn\n|turn|41\n|\n|t:|1782793890\n|move|p2a: Illumise|Bug Buzz|p1a: Umbreon\n|-supereffective|p1a: Umbreon\n|-damage|p1a: Umbreon|23/297 brn\n|move|p1a: Umbreon|Wish|p1a: Umbreon\n|\n|-damage|p2a: Illumise|95/266 tox|[from] psn\n|-damage|p1a: Umbreon|5/297 brn|[from] brn\n|upkeep\n|turn|42\n|inactive|hudsonrain has 120 seconds left.\n|\n|t:|1782793898\n|switch|p2a: Piloswine|Piloswine, L85, M|309/309\n|move|p1a: Umbreon|Foul Play|p2a: Piloswine\n|-damage|p2a: Piloswine|275/309\n|\n|-heal|p1a: Umbreon|153/297 brn|[from] move: Wish|[wisher] Umbreon\n|-damage|p1a: Umbreon|135/297 brn|[from] brn\n|upkeep\n|turn|43\n|\n|t:|1782793908\n|-terastallize|p2a: Piloswine|Poison\n|move|p1a: Umbreon|Wish|p1a: Umbreon\n|move|p2a: Piloswine|Earthquake|p1a: Umbreon\n|-damage|p1a: Umbreon|36/297 brn\n|\n|-damage|p1a: Umbreon|18/297 brn|[from] brn\n|upkeep\n|turn|44\n|inactive|hudsonrain has 120 seconds left.\n|\n|t:|1782793936\n|move|p1a: Umbreon|Protect|p1a: Umbreon\n|-singleturn|p1a: Umbreon|Protect\n|move|p2a: Piloswine|Stealth Rock|p1a: Umbreon\n|-sidestart|p1: hudsonrain|move: Stealth Rock\n|\n|-heal|p1a: Umbreon|166/297 brn|[from] move: Wish|[wisher] Umbreon\n|-damage|p1a: Umbreon|148/297 brn|[from] brn\n|upkeep\n|turn|45\n|\n|t:|1782793944\n|switch|p2a: Illumise|Illumise, L91, F|95/266 tox\n|move|p1a: Umbreon|Wish|p1a: Umbreon\n|\n|-damage|p2a: Illumise|79/266 tox|[from] psn\n|-damage|p1a: Umbreon|130/297 brn|[from] brn\n|upkeep\n|turn|46\n|inactive|hudsonrain has 120 seconds left.\n|\n|t:|1782793953\n|move|p1a: Umbreon|Protect|p1a: Umbreon\n|-singleturn|p1a: Umbreon|Protect\n|move|p2a: Illumise|Roost|p2a: Illumise\n|-heal|p2a: Illumise|212/266 tox\n|-singleturn|p2a: Illumise|move: Roost\n|\n|-heal|p1a: Umbreon|278/297 brn|[from] move: Wish|[wisher] Umbreon\n|-damage|p2a: Illumise|180/266 tox|[from] psn\n|-damage|p1a: Umbreon|260/297 brn|[from] brn\n|upkeep\n|turn|47\n|\n|t:|1782793957\n|move|p2a: Illumise|Bug Buzz|p1a: Umbreon\n|-supereffective|p1a: Umbreon\n|-damage|p1a: Umbreon|132/297 brn\n|move|p1a: Umbreon|Wish|p1a: Umbreon\n|\n|-damage|p2a: Illumise|132/266 tox|[from] psn\n|-damage|p1a: Umbreon|114/297 brn|[from] brn\n|upkeep\n|turn|48\n|\n|t:|1782793965\n|switch|p2a: Piloswine|Piloswine, L85, M, tera:Poison|275/309\n|move|p1a: Umbreon|Protect||[still]\n|-fail|p1a: Umbreon\n|\n|-heal|p1a: Umbreon|262/297 brn|[from] move: Wish|[wisher] Umbreon\n|-damage|p1a: Umbreon|244/297 brn|[from] brn\n|upkeep\n|turn|49\n|\n|t:|1782793970\n|move|p1a: Umbreon|Wish|p1a: Umbreon\n|move|p2a: Piloswine|Earthquake|p1a: Umbreon\n|-damage|p1a: Umbreon|154/297 brn\n|\n|-damage|p1a: Umbreon|136/297 brn|[from] brn\n|upkeep\n|turn|50\n|\n|t:|1782793974\n|move|p1a: Umbreon|Foul Play|p2a: Piloswine\n|-damage|p2a: Piloswine|238/309\n|move|p2a: Piloswine|Earthquake|p1a: Umbreon\n|-damage|p1a: Umbreon|34/297 brn\n|\n|-heal|p1a: Umbreon|182/297 brn|[from] move: Wish|[wisher] Umbreon\n|-damage|p1a: Umbreon|164/297 brn|[from] brn\n|upkeep\n|turn|51\n|\n|t:|1782793978\n|switch|p2a: Illumise|Illumise, L91, F|132/266 tox\n|move|p1a: Umbreon|Wish|p1a: Umbreon\n|\n|-damage|p2a: Illumise|116/266 tox|[from] psn\n|-damage|p1a: Umbreon|146/297 brn|[from] brn\n|upkeep\n|turn|52\n|\n|t:|1782793982\n|move|p2a: Illumise|Roost|p2a: Illumise\n|-heal|p2a: Illumise|249/266 tox\n|-singleturn|p2a: Illumise|move: Roost\n|move|p1a: Umbreon|Foul Play|p2a: Illumise\n|-damage|p2a: Illumise|226/266 tox\n|\n|-heal|p1a: Umbreon|294/297 brn|[from] move: Wish|[wisher] Umbreon\n|-damage|p2a: Illumise|194/266 tox|[from] psn\n|-damage|p1a: Umbreon|276/297 brn|[from] brn\n|upkeep\n|turn|53\n|\n|t:|1782793986\n|move|p2a: Illumise|Bug Buzz|p1a: Umbreon\n|-supereffective|p1a: Umbreon\n|-damage|p1a: Umbreon|144/297 brn\n|-unboost|p1a: Umbreon|spd|1\n|move|p1a: Umbreon|Wish|p1a: Umbreon\n|\n|-damage|p2a: Illumise|146/266 tox|[from] psn\n|-damage|p1a: Umbreon|126/297 brn|[from] brn\n|upkeep\n|turn|54\n|\n|t:|1782794006\n|switch|p2a: Piloswine|Piloswine, L85, M, tera:Poison|238/309\n|move|p1a: Umbreon|Foul Play|p2a: Piloswine\n|-damage|p2a: Piloswine|205/309\n|\n|-heal|p1a: Umbreon|274/297 brn|[from] move: Wish|[wisher] Umbreon\n|-damage|p1a: Umbreon|256/297 brn|[from] brn\n|upkeep\n|turn|55\n|\n|t:|1782794020\n|switch|p2a: Meowscarada|Meowscarada, L78, M|118/247\n|move|p1a: Umbreon|Foul Play|p2a: Meowscarada\n|-resisted|p2a: Meowscarada\n|-damage|p2a: Meowscarada|87/247\n|\n|-damage|p1a: Umbreon|238/297 brn|[from] brn\n|upkeep\n|turn|56\n|\n|t:|1782794031\n|move|p2a: Meowscarada|U-turn|p1a: Umbreon\n|-start|p2a: Meowscarada|typechange|Bug|[from] ability: Protean\n|-supereffective|p1a: Umbreon\n|-damage|p1a: Umbreon|112/297 brn\n|\n|t:|1782794040\n|switch|p2a: Illumise|Illumise, L91, F|146/266 tox|[from] U-turn\n|move|p1a: Umbreon|Wish|p1a: Umbreon\n|\n|-damage|p2a: Illumise|130/266 tox|[from] psn\n|-damage|p1a: Umbreon|94/297 brn|[from] brn\n|upkeep\n|turn|57\n|\n|t:|1782794045\n|move|p2a: Illumise|Roost|p2a: Illumise\n|-heal|p2a: Illumise|263/266 tox\n|-singleturn|p2a: Illumise|move: Roost\n|move|p1a: Umbreon|Foul Play|p2a: Illumise\n|-damage|p2a: Illumise|239/266 tox\n|\n|-heal|p1a: Umbreon|242/297 brn|[from] move: Wish|[wisher] Umbreon\n|-damage|p2a: Illumise|207/266 tox|[from] psn\n|-damage|p1a: Umbreon|224/297 brn|[from] brn\n|upkeep\n|turn|58\n|\n|t:|1782794049\n|switch|p1a: Masquerain|Masquerain, L87, F|264/264\n|-ability|p1a: Masquerain|Intimidate|boost\n|-unboost|p2a: Illumise|atk|1\n|move|p2a: Illumise|Bug Buzz|p1a: Masquerain\n|-resisted|p1a: Masquerain\n|-damage|p1a: Masquerain|219/264\n|\n|-damage|p2a: Illumise|159/266 tox|[from] psn\n|upkeep\n|turn|59\n|\n|t:|1782794061\n|switch|p1a: Umbreon|Umbreon, L84, M|224/297 brn\n|-damage|p1a: Umbreon|187/297 brn|[from] Stealth Rock\n|move|p2a: Illumise|Thunder Wave|p1a: Umbreon\n|-hint|Since gen 7, Dark is immune to Prankster moves.\n|-immune|p1a: Umbreon\n|\n|-damage|p2a: Illumise|95/266 tox|[from] psn\n|-damage|p1a: Umbreon|169/297 brn|[from] brn\n|upkeep\n|turn|60\n|\n|t:|1782794081\n|switch|p2a: Meowscarada|Meowscarada, L78, M|87/247\n|move|p1a: Umbreon|Wish|p1a: Umbreon\n|\n|-damage|p1a: Umbreon|151/297 brn|[from] brn\n|upkeep\n|turn|61\n|\n|t:|1782794100\n|move|p2a: Meowscarada|Flower Trick|p1a: Umbreon\n|-start|p2a: Meowscarada|typechange|Grass|[from] ability: Protean\n|-crit|p1a: Umbreon\n|-damage|p1a: Umbreon|63/297 brn\n|move|p1a: Umbreon|Foul Play|p2a: Meowscarada\n|-damage|p2a: Meowscarada|21/247\n|\n|-heal|p1a: Umbreon|211/297 brn|[from] move: Wish|[wisher] Umbreon\n|-damage|p1a: Umbreon|193/297 brn|[from] brn\n|upkeep\n|turn|62\n|inactive|PikaTru has 120 seconds left.\n|\n|t:|1782794122\n|move|p2a: Meowscarada|Flower Trick|p1a: Umbreon\n|-crit|p1a: Umbreon\n|-damage|p1a: Umbreon|100/297 brn\n|move|p1a: Umbreon|Wish|p1a: Umbreon\n|\n|-damage|p1a: Umbreon|82/297 brn|[from] brn\n|upkeep\n|turn|63\n|\n|t:|1782794127\n|move|p1a: Umbreon|Protect|p1a: Umbreon\n|-singleturn|p1a: Umbreon|Protect\n|move|p2a: Meowscarada|Flower Trick|p1a: Umbreon\n|-activate|p1a: Umbreon|move: Protect\n|\n|-heal|p1a: Umbreon|230/297 brn|[from] move: Wish|[wisher] Umbreon\n|-damage|p1a: Umbreon|212/297 brn|[from] brn\n|upkeep\n|turn|64\n|\n|t:|1782794133\n|move|p2a: Meowscarada|Flower Trick|p1a: Umbreon\n|-crit|p1a: Umbreon\n|-damage|p1a: Umbreon|119/297 brn\n|move|p1a: Umbreon|Foul Play|p2a: Meowscarada\n|-damage|p2a: Meowscarada|0 fnt\n|faint|p2a: Meowscarada\n|\n|-damage|p1a: Umbreon|101/297 brn|[from] brn\n|upkeep\n|\n|t:|1782794136\n|switch|p2a: Illumise|Illumise, L91, F|95/266 tox\n|turn|65\n|\n|t:|1782794144\n|move|p2a: Illumise|Roost|p2a: Illumise\n|-heal|p2a: Illumise|228/266 tox\n|-singleturn|p2a: Illumise|move: Roost\n|move|p1a: Umbreon|Foul Play|p2a: Illumise\n|-damage|p2a: Illumise|204/266 tox\n|\n|-damage|p2a: Illumise|188/266 tox|[from] psn\n|-damage|p1a: Umbreon|83/297 brn|[from] brn\n|upkeep\n|turn|66\n|\n|t:|1782794150\n|move|p1a: Umbreon|Protect|p1a: Umbreon\n|-singleturn|p1a: Umbreon|Protect\n|move|p2a: Illumise|Bug Buzz|p1a: Umbreon\n|-activate|p1a: Umbreon|move: Protect\n|\n|-damage|p2a: Illumise|156/266 tox|[from] psn\n|-damage|p1a: Umbreon|65/297 brn|[from] brn\n|upkeep\n|turn|67\n|\n|t:|1782794159\n|switch|p1a: Masquerain|Masquerain, L87, F|219/264\n|-ability|p1a: Masquerain|Intimidate|boost\n|-unboost|p2a: Illumise|atk|1\n|move|p2a: Illumise|Thunder Wave|p1a: Masquerain|[miss]\n|-miss|p2a: Illumise|p1a: Masquerain\n|\n|-damage|p2a: Illumise|108/266 tox|[from] psn\n|upkeep\n|turn|68\n|\n|t:|1782794168\n|switch|p2a: Piloswine|Piloswine, L85, M, tera:Poison|205/309\n|move|p1a: Masquerain|Quiver Dance|p1a: Masquerain\n|-boost|p1a: Masquerain|spa|1\n|-boost|p1a: Masquerain|spd|1\n|-boost|p1a: Masquerain|spe|1\n|\n|upkeep\n|turn|69\n|\n|t:|1782794177\n|move|p1a: Masquerain|Hurricane|p2a: Piloswine\n|-damage|p2a: Piloswine|43/309\n|move|p2a: Piloswine|Icicle Crash|p1a: Masquerain\n|-supereffective|p1a: Masquerain\n|-damage|p1a: Masquerain|0 fnt\n|faint|p1a: Masquerain\n|\n|upkeep\n|-message|hudsonrain forfeited.\n|\n|win|PikaTru\n", "inputlog": ">version f8ac14003a5f27e1bdc8d8c59608a773c1cb96e5\n>start {\"formatid\":\"gen9randombattle\",\"seed\":\"sodium,52a3d60eec30ec1d4c3c86f32cfc2a63\",\"rated\":\"Rated battle\"}\n>player p1 {\"name\":\"hudsonrain\",\"avatar\":\"1\",\"rating\":2089,\"seed\":\"sodium,3cb88d03853fabd88ddd304c8ac66b04\"}\n>player p2 {\"name\":\"PikaTru\",\"avatar\":\"101\",\"rating\":1989,\"seed\":\"sodium,5db908d3c71757b77e3eacd3d39e2a03\"}\n>p1 move toxic\n>p2 move swordsdance\n>p1 move protect\n>p2 move ivycudgel\n>p1 switch 4\n>p2 move hornleech\n>p1 switch 3\n>p1 move quiverdance\n>p2 switch 3\n>p1 move hydropump\n>p2 move roar\n>p1 move toxic\n>p2 switch 3\n>p1 move foulplay\n>p2 move knockoff\n>p1 move wish\n>p2 move hornleech\n>p1 move toxic\n>p2 move knockoff\n>p2 switch 5\n>p1 move foulplay\n>p2 move toxicspikes\n>p1 move toxic\n>p2 move uturn\n>p2 switch 6\n>p1 switch 5\n>p2 move bugbuzz\n>p1 switch 5\n>p2 switch 2\n>p1 move protect\n>p2 switch 2\n>p1 move wish\n>p2 switch 4\n>p1 move toxic\n>p2 switch 4\n>p1 move foulplay\n>p2 move roost\n>p1 move toxic\n>p2 switch 6\n>p1 move wish\n>p2 move uturn\n>p2 switch 4\n>p1 move toxic\n>p2 move willowisp\n>p1 move foulplay\n>p2 move focusblast\n>p1 switch 2\n>p2 move hurricane\n>p1 move thunderbolt\n>p2 move flamethrower\n>p2 switch 4\n>p1 move thunderbolt\n>p2 move flowertrick\n>p1 switch 5\n>p1 move knockoff\n>p2 move uturn\n>p2 switch 2\n>p1 switch 6\n>p2 move hurricane\n>p1 move playrough\n>p2 move flamethrower\n>p1 switch 2\n>p1 move wish\n>p2 move hurricane\n>p1 move protect\n>p2 switch 2\n>p1 move wish\n>p2 move flowertrick\n>p1 move protect\n>p2 move uturn\n>p1 move wish\n>p2 move uturn\n>p2 switch 6\n>p1 move foulplay\n>p2 move bugbuzz\n>p1 switch 6\n>p2 switch 2\n>p1 move gunkshot terastallize\n>p2 move hurricane\n>p1 move gunkshot\n>p2 move hurricane\n>p1 move gunkshot\n>p2 move dracometeor\n>p2 switch 2\n>p1 switch 4\n>p2 move roost\n>p1 switch 4\n>p2 move thunderwave\n>p1 move gunkshot\n>p2 move bugbuzz\n>p1 switch 6\n>p1 move wish\n>p2 move bugbuzz\n>p1 move foulplay\n>p2 switch 3\n>p1 move wish\n>p2 move earthquake terastallize\n>p1 move protect\n>p2 move stealthrock\n>p1 move wish\n>p2 switch 3\n>p1 move protect\n>p2 move roost\n>p1 move wish\n>p2 move bugbuzz\n>p1 move protect\n>p2 switch 3\n>p1 move wish\n>p2 move earthquake\n>p1 move foulplay\n>p2 move earthquake\n>p1 move wish\n>p2 switch 3\n>p1 move foulplay\n>p2 move roost\n>p1 move wish\n>p2 move bugbuzz\n>p1 move foulplay\n>p2 switch 3\n>p1 move foulplay\n>p2 switch 6\n>p1 move wish\n>p2 move uturn\n>p2 switch 3\n>p1 move foulplay\n>p2 move roost\n>p1 switch 4\n>p2 move bugbuzz\n>p1 switch 4\n>p2 move thunderwave\n>p1 move wish\n>p2 switch 3\n>p1 move foulplay\n>p2 move flowertrick\n>p1 move wish\n>p2 move flowertrick\n>p1 move protect\n>p2 move flowertrick\n>p1 move foulplay\n>p2 move flowertrick\n>p2 switch 3\n>p1 move foulplay\n>p2 move roost\n>p1 move protect\n>p2 move bugbuzz\n>p1 switch 4\n>p2 move thunderwave\n>p1 move quiverdance\n>p2 switch 6\n>p1 move hurricane\n>p2 move iciclecrash\n>forcelose p1", "uploadtime": 1782793056, "views": 8, "formatid": "gen9randombattle", "rating": null, "private": 0, "password": null, "player_dets": [{"name": "hudsonrain", "avatar": "1", "rating": 2089, "seed": "sodium,3cb88d03853fabd88ddd304c8ac66b04"}, {"name": "PikaTru", "avatar": "101", "rating": 1989, "seed": "sodium,5db908d3c71757b77e3eacd3d39e2a03"}], "teams_full": [{"Umbreon": {"name": "Umbreon", "species": "Umbreon", "speciesId": "umbreon", "gender": "M", "shiny": false, "level": 84, "moves": ["toxic", "wish", "protect", "foulplay"], "ability": "Synchronize", "evs": {"hp": 85, "atk": 0, "def": 85, "spa": 85, "spd": 85, "spe": 85}, "ivs": {"hp": 31, "atk": 0, "def": 31, "spa": 31, "spd": 31, "spe": 31}, "item": "Leftovers", "teraType": "Poison", "role": "Bulky Support", "bvs": {"hp": 95, "atk": 65, "def": 110, "spa": 60, "spd": 130, "spe": 65}, "stats": {"hp": 297, "atk": 114, "def": 233, "spa": 149, "spd": 267, "spe": 157}, "types": ["Dark"]}, "Mesprit": {"name": "Mesprit", "species": "Mesprit", "speciesId": "mesprit", "gender": "N", "shiny": false, "level": 85, "moves": ["psychic", "thunderbolt", "uturn", "dazzlinggleam"], "ability": "Levitate", "evs": {"hp": 85, "atk": 85, "def": 85, "spa": 85, "spd": 85, "spe": 85}, "ivs": {"hp": 31, "atk": 31, "def": 31, "spa": 31, "spd": 31, "spe": 31}, "item": "Choice Specs", "teraType": "Electric", "role": "Fast Attacker", "bvs": {"hp": 80, "atk": 105, "def": 105, "spa": 105, "spd": 105, "spe": 80}, "stats": {"hp": 275, "atk": 227, "def": 227, "spa": 227, "spd": 227, "spe": 185}, "types": ["Psychic"]}, "Masquerain": {"name": "Masquerain", "species": "Masquerain", "speciesId": "masquerain", "gender": "F", "shiny": false, "level": 87, "moves": ["quiverdance", "hydropump", "hurricane", "bugbuzz"], "ability": "Intimidate", "evs": {"hp": 85, "atk": 0, "def": 85, "spa": 85, "spd": 85, "spe": 85}, "ivs": {"hp": 31, "atk": 0, "def": 31, "spa": 31, "spd": 31, "spe": 31}, "item": "Heavy-Duty Boots", "teraType": "Water", "role": "Setup Sweeper", "bvs": {"hp": 70, "atk": 60, "def": 62, "spa": 100, "spd": 82, "spe": 80}, "stats": {"hp": 264, "atk": 109, "def": 158, "spa": 224, "spd": 192, "spe": 189}, "types": ["Bug", "Flying"]}, "Phione": {"name": "Phione", "species": "Phione", "speciesId": "phione", "gender": "N", "shiny": false, "level": 91, "moves": ["scald", "takeheart", "rest", "sleeptalk"], "ability": "Hydration", "evs": {"hp": 85, "atk": 0, "def": 85, "spa": 85, "spd": 85, "spe": 85}, "ivs": {"hp": 31, "atk": 0, "def": 31, "spa": 31, "spd": 31, "spe": 31}, "item": "Leftovers", "teraType": "Dragon", "role": "Bulky Setup", "bvs": {"hp": 80, "atk": 80, "def": 80, "spa": 80, "spd": 80, "spe": 80}, "stats": {"hp": 293, "atk": 150, "def": 197, "spa": 197, "spd": 197, "spe": 197}, "types": ["Water"]}, "Okidogi": {"name": "Okidogi", "species": "Okidogi", "speciesId": "okidogi", "gender": "M", "shiny": false, "level": 77, "moves": ["drainpunch", "knockoff", "gunkshot", "bulkup"], "ability": "Toxic Chain", "evs": {"hp": 85, "atk": 85, "def": 85, "spa": 85, "spd": 85, "spe": 85}, "ivs": {"hp": 31, "atk": 31, "def": 31, "spa": 31, "spd": 31, "spe": 31}, "item": "Leftovers", "teraType": "Dark", "role": "Bulky Setup", "bvs": {"hp": 88, "atk": 128, "def": 115, "spa": 58, "spd": 86, "spe": 80}, "stats": {"hp": 262, "atk": 242, "def": 222, "spa": 134, "spd": 177, "spe": 168}, "types": ["Poison", "Fighting"]}, "Zacian": {"name": "Zacian", "species": "Zacian", "speciesId": "zaciancrowned", "gender": "N", "shiny": false, "level": 64, "moves": ["closecombat", "behemothblade", "swordsdance", "playrough"], "ability": "Intrepid Sword", "evs": {"hp": 85, "atk": 85, "def": 85, "spa": 85, "spd": 85, "spe": 85}, "ivs": {"hp": 31, "atk": 31, "def": 31, "spa": 31, "spd": 31, "spe": 31}, "item": "Rusted Sword", "teraType": "Fighting", "role": "Setup Sweeper", "bvs": {"hp": 92, "atk": 150, "def": 115, "spa": 80, "spd": 115, "spe": 148}, "stats": {"hp": 225, "atk": 230, "def": 185, "spa": 140, "spd": 185, "spe": 227}, "types": ["Fairy", "Steel"]}}, {"Ogerpon": {"name": "Ogerpon", "species": "Ogerpon-Wellspring", "speciesId": "ogerponwellspring", "gender": "F", "shiny": false, "level": 76, "moves": ["ivycudgel", "swordsdance", "hornleech", "knockoff"], "ability": "Water Absorb", "evs": {"hp": 85, "atk": 85, "def": 85, "spa": 85, "spd": 85, "spe": 85}, "ivs": {"hp": 31, "atk": 31, "def": 31, "spa": 31, "spd": 31, "spe": 31}, "item": "Wellspring Mask", "teraType": "Water", "role": "Setup Sweeper", "bvs": {"hp": 80, "atk": 120, "def": 84, "spa": 60, "spd": 96, "spe": 110}, "stats": {"hp": 247, "atk": 226, "def": 172, "spa": 135, "spd": 190, "spe": 211}, "types": ["Grass", "Water"]}, "Noivern": {"name": "Noivern", "species": "Noivern", "speciesId": "noivern", "gender": "M", "shiny": false, "level": 82, "moves": ["flamethrower", "roost", "hurricane", "dracometeor"], "ability": "Infiltrator", "evs": {"hp": 85, "atk": 0, "def": 85, "spa": 85, "spd": 85, "spe": 85}, "ivs": {"hp": 31, "atk": 0, "def": 31, "spa": 31, "spd": 31, "spe": 31}, "item": "Heavy-Duty Boots", "teraType": "Fire", "role": "Fast Support", "bvs": {"hp": 85, "atk": 70, "def": 80, "spa": 97, "spd": 80, "spe": 123}, "stats": {"hp": 274, "atk": 119, "def": 178, "spa": 206, "spd": 178, "spe": 249}, "types": ["Flying", "Dragon"]}, "Piloswine": {"name": "Piloswine", "species": "Piloswine", "speciesId": "piloswine", "gender": "M", "shiny": false, "level": 85, "moves": ["iciclecrash", "stealthrock", "earthquake", "roar"], "ability": "Thick Fat", "evs": {"hp": 85, "atk": 85, "def": 85, "spa": 85, "spd": 85, "spe": 85}, "ivs": {"hp": 31, "atk": 31, "def": 31, "spa": 31, "spd": 31, "spe": 31}, "item": "Eviolite", "teraType": "Poison", "role": "Bulky Support", "bvs": {"hp": 100, "atk": 100, "def": 80, "spa": 60, "spd": 60, "spe": 50}, "stats": {"hp": 309, "atk": 219, "def": 185, "spa": 151, "spd": 151, "spe": 134}, "types": ["Ice", "Ground"]}, "Charizard": {"name": "Charizard", "species": "Charizard", "speciesId": "charizard", "gender": "F", "shiny": false, "level": 85, "moves": ["focusblast", "flamethrower", "willowisp", "hurricane"], "ability": "Blaze", "evs": {"hp": 85, "atk": 0, "def": 85, "spa": 85, "spd": 85, "spe": 85}, "ivs": {"hp": 31, "atk": 0, "def": 31, "spa": 31, "spd": 31, "spe": 31}, "item": "Heavy-Duty Boots", "teraType": "Dragon", "role": "Fast Attacker", "bvs": {"hp": 78, "atk": 84, "def": 78, "spa": 109, "spd": 85, "spe": 100}, "stats": {"hp": 271, "atk": 147, "def": 181, "spa": 234, "spd": 193, "spe": 219}, "types": ["Fire", "Flying"]}, "Meowscarada": {"name": "Meowscarada", "species": "Meowscarada", "speciesId": "meowscarada", "gender": "M", "shiny": false, "level": 78, "moves": ["flowertrick", "knockoff", "toxicspikes", "uturn"], "ability": "Protean", "evs": {"hp": 85, "atk": 85, "def": 85, "spa": 85, "spd": 85, "spe": 85}, "ivs": {"hp": 31, "atk": 31, "def": 31, "spa": 31, "spd": 31, "spe": 31}, "item": "Heavy-Duty Boots", "teraType": "Grass", "role": "Fast Support", "bvs": {"hp": 76, "atk": 110, "def": 70, "spa": 81, "spd": 70, "spe": 123}, "stats": {"hp": 247, "atk": 217, "def": 154, "spa": 171, "spd": 154, "spe": 237}, "types": ["Grass", "Dark"]}, "Illumise": {"name": "Illumise", "species": "Illumise", "speciesId": "illumise", "gender": "F", "shiny": false, "level": 91, "moves": ["bugbuzz", "encore", "roost", "thunderwave"], "ability": "Prankster", "evs": {"hp": 85, "atk": 0, "def": 85, "spa": 85, "spd": 85, "spe": 85}, "ivs": {"hp": 31, "atk": 0, "def": 31, "spa": 31, "spd": 31, "spe": 31}, "item": "Heavy-Duty Boots", "teraType": "Steel", "role": "Bulky Support", "bvs": {"hp": 65, "atk": 47, "def": 75, "spa": 73, "spd": 85, "spe": 85}, "stats": {"hp": 266, "atk": 90, "def": 188, "spa": 185, "spd": 207, "spe": 207}, "types": ["Bug"]}}]}