{"id": "gen9randombattle-2641359568", "format": "[Gen 9] Random Battle", "players": ["RDTar", "milkreo"], "log": "|badge|p1|bronze|gen9randombattle|100-9\n|html|<div class=\"broadcast-red\"><strong>This battle is required to be public due to one or more player having a season medal.</strong><br />During the public phase, you can discuss the state of the ladder <a href=\"/seasondiscussion\">in a special chatroom.</a></div>\n|uhtml|medal-msg|<div class=\"broadcast-blue\">Curious what those medals under the avatar are? PS now has Ladder Seasons! For more information, check out the <a href=\"https://www.smogon.com/forums/threads/3740067/\">thread on Smogon.</a></div>\n|badge|p2|silver|gen9randombattle|30-9\n|uhtml|medal-msg|<div class=\"broadcast-blue\">Curious what those medals under the avatar are? PS now has Ladder Seasons! For more information, check out the <a href=\"https://www.smogon.com/forums/threads/3740067/\">thread on Smogon.</a></div>\n|j|\u2606RDTar\n|j|\u2606milkreo\n|t:|1782772719\n|gametype|singles\n|player|p1|RDTar|101|2319\n|player|p2|milkreo|102|2406\n|gen|9\n|tier|[Gen 9] Random Battle\n|rated|\n|rule|Species Clause: Limit one of each Pok\u00e9mon\n|rule|HP Percentage Mod: HP is shown in percentages\n|rule|Sleep Clause Mod: Limit one foe put to sleep\n|rule|Illusion Level Mod: Illusion disguises the Pok\u00e9mon's true level\n|\n|t:|1782772719\n|teamsize|p1|6\n|teamsize|p2|6\n|start\n|switch|p1a: Shaymin|Shaymin-Sky, L73|266/266\n|switch|p2a: Blaziken|Blaziken, L76, F|247/247\n|turn|1\n|inactive|Battle timer is ON: inactive players will automatically lose when time's up. (requested by RDTar)\n|\n|t:|1782772729\n|switch|p2a: Articuno|Articuno, L86|295/295\n|-ability|p2a: Articuno|Pressure\n|move|p1a: Shaymin|Substitute|p1a: Shaymin\n|-start|p1a: Shaymin|Substitute\n|-damage|p1a: Shaymin|200/266\n|\n|-heal|p1a: Shaymin|216/266|[from] item: Leftovers\n|upkeep\n|turn|2\n|j| Ruddy7447\n|\n|t:|1782772739\n|move|p1a: Shaymin|Leech Seed|p2a: Articuno\n|-start|p2a: Articuno|move: Leech Seed\n|move|p2a: Articuno|Freeze-Dry|p1a: Shaymin\n|-supereffective|p1a: Shaymin\n|-end|p1a: Shaymin|Substitute\n|\n|-heal|p1a: Shaymin|232/266|[from] item: Leftovers\n|-damage|p2a: Articuno|259/295|[from] Leech Seed|[of] p1a: Shaymin\n|-heal|p1a: Shaymin|266/266|[silent]\n|upkeep\n|turn|3\n|l| Ruddy7447\n|\n|t:|1782772743\n|move|p1a: Shaymin|Substitute|p1a: Shaymin\n|-start|p1a: Shaymin|Substitute\n|-damage|p1a: Shaymin|200/266\n|move|p2a: Articuno|U-turn|p1a: Shaymin\n|-activate|p1a: Shaymin|move: Substitute|[damage]\n|\n|t:|1782772753\n|switch|p2a: Porygon2|Porygon2, L81|270/270|[from] U-turn\n|-ability|p2a: Porygon2|Download|boost\n|-boost|p2a: Porygon2|spa|1\n|\n|-heal|p1a: Shaymin|216/266|[from] item: Leftovers\n|upkeep\n|turn|4\n|\n|t:|1782772757\n|move|p1a: Shaymin|Leech Seed|p2a: Porygon2\n|-start|p2a: Porygon2|move: Leech Seed\n|move|p2a: Porygon2|Tera Blast|p1a: Shaymin\n|-end|p1a: Shaymin|Substitute\n|\n|-heal|p1a: Shaymin|232/266|[from] item: Leftovers\n|-damage|p2a: Porygon2|237/270|[from] Leech Seed|[of] p1a: Shaymin\n|-heal|p1a: Shaymin|265/266|[silent]\n|upkeep\n|turn|5\n|\n|t:|1782772763\n|switch|p2a: Articuno|Articuno, L86|259/295\n|-ability|p2a: Articuno|Pressure\n|move|p1a: Shaymin|Substitute|p1a: Shaymin\n|-start|p1a: Shaymin|Substitute\n|-damage|p1a: Shaymin|199/266\n|\n|-heal|p1a: Shaymin|215/266|[from] item: Leftovers\n|upkeep\n|turn|6\n|\n|t:|1782772766\n|move|p1a: Shaymin|Air Slash|p2a: Articuno\n|-damage|p2a: Articuno|207/295\n|cant|p2a: Articuno|flinch\n|\n|-heal|p1a: Shaymin|231/266|[from] item: Leftovers\n|upkeep\n|turn|7\n|\n|t:|1782772770\n|move|p1a: Shaymin|Leech Seed|p2a: Articuno\n|-start|p2a: Articuno|move: Leech Seed\n|move|p2a: Articuno|Roost|p2a: Articuno\n|-heal|p2a: Articuno|295/295\n|-singleturn|p2a: Articuno|move: Roost\n|\n|-heal|p1a: Shaymin|247/266|[from] item: Leftovers\n|-damage|p2a: Articuno|259/295|[from] Leech Seed|[of] p1a: Shaymin\n|-heal|p1a: Shaymin|266/266|[silent]\n|upkeep\n|turn|8\n|\n|t:|1782772773\n|switch|p2a: Porygon2|Porygon2, L81|237/270\n|-ability|p2a: Porygon2|Download|boost\n|-boost|p2a: Porygon2|spa|1\n|move|p1a: Shaymin|Air Slash|p2a: Porygon2\n|-damage|p2a: Porygon2|189/270\n|\n|upkeep\n|turn|9\n|\n|t:|1782772777\n|move|p1a: Shaymin|Leech Seed|p2a: Porygon2\n|-start|p2a: Porygon2|move: Leech Seed\n|move|p2a: Porygon2|Tera Blast|p1a: Shaymin\n|-end|p1a: Shaymin|Substitute\n|\n|-damage|p2a: Porygon2|156/270|[from] Leech Seed|[of] p1a: Shaymin\n|upkeep\n|turn|10\n|\n|t:|1782772781\n|move|p1a: Shaymin|Air Slash|p2a: Porygon2\n|-damage|p2a: Porygon2|107/270\n|cant|p2a: Porygon2|flinch\n|\n|-damage|p2a: Porygon2|74/270|[from] Leech Seed|[of] p1a: Shaymin\n|upkeep\n|turn|11\n|\n|t:|1782772786\n|move|p1a: Shaymin|Air Slash|p2a: Porygon2\n|-damage|p2a: Porygon2|29/270\n|cant|p2a: Porygon2|flinch\n|\n|-damage|p2a: Porygon2|0 fnt|[from] Leech Seed|[of] p1a: Shaymin\n|faint|p2a: Porygon2\n|upkeep\n|\n|t:|1782772791\n|switch|p2a: Articuno|Articuno, L86|259/295\n|-ability|p2a: Articuno|Pressure\n|turn|12\n|\n|t:|1782772796\n|switch|p1a: Arceus|Arceus-Ghost, L69|280/280\n|move|p2a: Articuno|Freeze-Dry|p1a: Arceus\n|-damage|p1a: Arceus|199/280\n|\n|upkeep\n|turn|13\n|\n|t:|1782772802\n|switch|p2a: Leavanny|Leavanny, L86, M|269/269\n|move|p1a: Arceus|Will-O-Wisp|p2a: Leavanny\n|-status|p2a: Leavanny|brn\n|\n|-damage|p2a: Leavanny|253/269 brn|[from] brn\n|upkeep\n|turn|14\n|\n|t:|1782772817\n|switch|p1a: Eternatus|Eternatus, L69|308/308\n|-ability|p1a: Eternatus|Pressure\n|move|p2a: Leavanny|Sticky Web|p1a: Eternatus\n|-sidestart|p1: RDTar|move: Sticky Web\n|\n|-damage|p2a: Leavanny|237/269 brn|[from] brn\n|upkeep\n|turn|15\n|\n|t:|1782772824\n|switch|p2a: Dewgong|Dewgong, L94, M|322/322\n|move|p1a: Eternatus|Toxic Spikes|p2a: Dewgong\n|-sidestart|p2: milkreo|move: Toxic Spikes\n|\n|upkeep\n|turn|16\n|\n|t:|1782772830\n|switch|p1a: Lanturn|Lanturn, L89, F|367/367\n|move|p2a: Dewgong|Ice Beam|p1a: Lanturn\n|-resisted|p1a: Lanturn\n|-damage|p1a: Lanturn|318/367\n|\n|upkeep\n|turn|17\n|\n|t:|1782772838\n|switch|p2a: Sinistcha|Sinistcha, L83|254/254\n|-status|p2a: Sinistcha|psn\n|move|p1a: Lanturn|Volt Switch|p2a: Sinistcha\n|-resisted|p2a: Sinistcha\n|-damage|p2a: Sinistcha|215/254 psn\n|\n|t:|1782772850\n|switch|p1a: Shaymin|Shaymin-Sky, L73|266/266|[from] Volt Switch\n|\n|-heal|p2a: Sinistcha|230/254 psn|[from] item: Leftovers\n|-damage|p2a: Sinistcha|199/254 psn|[from] psn\n|upkeep\n|turn|18\n|\n|t:|1782772853\n|switch|p2a: Articuno|Articuno, L86|259/295\n|-ability|p2a: Articuno|Pressure\n|move|p1a: Shaymin|Substitute|p1a: Shaymin\n|-start|p1a: Shaymin|Substitute\n|-damage|p1a: Shaymin|200/266\n|\n|-heal|p1a: Shaymin|216/266|[from] item: Leftovers\n|upkeep\n|turn|19\n|\n|t:|1782772857\n|move|p1a: Shaymin|Leech Seed|p2a: Articuno\n|-start|p2a: Articuno|move: Leech Seed\n|move|p2a: Articuno|U-turn|p1a: Shaymin\n|-activate|p1a: Shaymin|move: Substitute|[damage]\n|\n|t:|1782772863\n|switch|p2a: Dewgong|Dewgong, L94, M|322/322|[from] U-turn\n|\n|-heal|p1a: Shaymin|232/266|[from] item: Leftovers\n|upkeep\n|turn|20\n|\n|t:|1782772868\n|switch|p1a: Lanturn|Lanturn, L89, F|318/367\n|switch|p2a: Articuno|Articuno, L86|259/295\n|-ability|p2a: Articuno|Pressure\n|\n|upkeep\n|turn|21\n|\n|t:|1782772871\n|move|p2a: Articuno|U-turn|p1a: Lanturn\n|-damage|p1a: Lanturn|259/367\n|\n|t:|1782772878\n|switch|p2a: Leavanny|Leavanny, L86, M|237/269 brn|[from] U-turn\n|move|p1a: Lanturn|Thunder Wave||[still]\n|-fail|p1a: Lanturn\n|\n|-damage|p2a: Leavanny|221/269 brn|[from] brn\n|upkeep\n|turn|22\n|\n|t:|1782772882\n|switch|p1a: Arceus|Arceus-Ghost, L69|199/280\n|-activate|p1a: Arceus|move: Sticky Web\n|-unboost|p1a: Arceus|spe|1\n|move|p2a: Leavanny|Knock Off|p1a: Arceus\n|-supereffective|p1a: Arceus\n|-damage|p1a: Arceus|146/280\n|\n|-damage|p2a: Leavanny|205/269 brn|[from] brn\n|upkeep\n|turn|23\n|\n|t:|1782772900\n|switch|p2a: Articuno|Articuno, L86|259/295\n|-ability|p2a: Articuno|Pressure\n|move|p1a: Arceus|Recover|p1a: Arceus\n|-heal|p1a: Arceus|280/280\n|\n|upkeep\n|turn|24\n|\n|t:|1782772916\n|move|p2a: Articuno|U-turn|p1a: Arceus\n|-resisted|p1a: Arceus\n|-damage|p1a: Arceus|257/280\n|\n|t:|1782772918\n|switch|p2a: Blaziken|Blaziken, L76, F|247/247|[from] U-turn\n|-status|p2a: Blaziken|psn\n|move|p1a: Arceus|Judgment|p2a: Blaziken\n|-damage|p2a: Blaziken|109/247 psn\n|\n|-damage|p2a: Blaziken|79/247 psn|[from] psn\n|upkeep\n|turn|25\n|\n|t:|1782772924\n|switch|p1a: Eternatus|Eternatus, L69|308/308\n|-activate|p1a: Eternatus|move: Sticky Web\n|-unboost|p1a: Eternatus|spe|1\n|-ability|p1a: Eternatus|Pressure\n|move|p2a: Blaziken|Flare Blitz|p1a: Eternatus\n|-resisted|p1a: Eternatus\n|-damage|p1a: Eternatus|213/308\n|-damage|p2a: Blaziken|48/247 psn|[from] Recoil\n|-damage|p2a: Blaziken|24/247 psn|[from] item: Life Orb\n|\n|-heal|p1a: Eternatus|232/308|[from] item: Leftovers\n|-damage|p2a: Blaziken|0 fnt|[from] psn\n|faint|p2a: Blaziken\n|upkeep\n|\n|t:|1782772933\n|switch|p2a: Articuno|Articuno, L86|259/295\n|-ability|p2a: Articuno|Pressure\n|turn|26\n|\n|t:|1782772941\n|move|p2a: Articuno|Freeze-Dry|p1a: Eternatus\n|-supereffective|p1a: Eternatus\n|-damage|p1a: Eternatus|44/308\n|move|p1a: Eternatus|Flamethrower|p2a: Articuno\n|-supereffective|p2a: Articuno\n|-damage|p2a: Articuno|167/295\n|\n|-heal|p1a: Eternatus|63/308|[from] item: Leftovers\n|upkeep\n|turn|27\n|\n|t:|1782772946\n|move|p2a: Articuno|Freeze-Dry|p1a: Eternatus\n|-supereffective|p1a: Eternatus\n|-damage|p1a: Eternatus|0 fnt\n|faint|p1a: Eternatus\n|\n|upkeep\n|\n|t:|1782772953\n|switch|p1a: Lanturn|Lanturn, L89, F|259/367\n|turn|28\n|\n|t:|1782772958\n|move|p2a: Articuno|U-turn|p1a: Lanturn\n|-damage|p1a: Lanturn|201/367\n|j| Seusue\n|l| Seusue\n|\n|t:|1782772962\n|switch|p2a: Leavanny|Leavanny, L86, M|205/269 brn|[from] U-turn\n|move|p1a: Lanturn|Volt Switch|p2a: Leavanny\n|-resisted|p2a: Leavanny\n|-damage|p2a: Leavanny|172/269 brn\n|j| Agnes Digitals alt\n|\n|t:|1782772970\n|switch|p1a: Arceus|Arceus-Ghost, L69|257/280|[from] Volt Switch\n|-activate|p1a: Arceus|move: Sticky Web\n|-unboost|p1a: Arceus|spe|1\n|\n|-damage|p2a: Leavanny|156/269 brn|[from] brn\n|upkeep\n|turn|29\n|\n|t:|1782772974\n|switch|p2a: Articuno|Articuno, L86|167/295\n|-ability|p2a: Articuno|Pressure\n|move|p1a: Arceus|Judgment|p2a: Articuno\n|-damage|p2a: Articuno|92/295\n|\n|upkeep\n|turn|30\n|\n|t:|1782772976\n|move|p2a: Articuno|Roost|p2a: Articuno\n|-heal|p2a: Articuno|240/295\n|-singleturn|p2a: Articuno|move: Roost\n|move|p1a: Arceus|Will-O-Wisp|p2a: Articuno\n|-status|p2a: Articuno|brn\n|\n|-damage|p2a: Articuno|222/295 brn|[from] brn\n|upkeep\n|turn|31\n|\n|t:|1782772979\n|move|p2a: Articuno|Freeze-Dry|p1a: Arceus\n|-damage|p1a: Arceus|182/280\n|move|p1a: Arceus|Judgment|p2a: Articuno\n|-damage|p2a: Articuno|146/295 brn\n|\n|-damage|p2a: Articuno|128/295 brn|[from] brn\n|upkeep\n|turn|32\n|\n|t:|1782772982\n|move|p2a: Articuno|Roost|p2a: Articuno\n|-heal|p2a: Articuno|276/295 brn\n|-singleturn|p2a: Articuno|move: Roost\n|move|p1a: Arceus|Focus Blast|p2a: Articuno\n|-supereffective|p2a: Articuno\n|-damage|p2a: Articuno|180/295 brn\n|-unboost|p2a: Articuno|spd|1\n|\n|-damage|p2a: Articuno|162/295 brn|[from] brn\n|upkeep\n|turn|33\n|\n|t:|1782772988\n|move|p2a: Articuno|U-turn|p1a: Arceus\n|-resisted|p1a: Arceus\n|-damage|p1a: Arceus|171/280\n|\n|t:|1782772993\n|switch|p2a: Leavanny|Leavanny, L86, M|156/269 brn|[from] U-turn\n|move|p1a: Arceus|Recover|p1a: Arceus\n|-heal|p1a: Arceus|280/280\n|\n|-damage|p2a: Leavanny|140/269 brn|[from] brn\n|upkeep\n|turn|34\n|\n|t:|1782773000\n|move|p2a: Leavanny|Knock Off|p1a: Arceus\n|-supereffective|p1a: Arceus\n|-crit|p1a: Arceus\n|-damage|p1a: Arceus|206/280\n|move|p1a: Arceus|Judgment|p2a: Leavanny\n|-damage|p2a: Leavanny|40/269 brn\n|\n|-damage|p2a: Leavanny|24/269 brn|[from] brn\n|upkeep\n|turn|35\n|\n|t:|1782773005\n|switch|p2a: Articuno|Articuno, L86|162/295 brn\n|-ability|p2a: Articuno|Pressure\n|move|p1a: Arceus|Recover|p1a: Arceus\n|-heal|p1a: Arceus|280/280\n|\n|-damage|p2a: Articuno|144/295 brn|[from] brn\n|upkeep\n|turn|36\n|\n|t:|1782773008\n|move|p2a: Articuno|Roost|p2a: Articuno\n|-heal|p2a: Articuno|292/295 brn\n|-singleturn|p2a: Articuno|move: Roost\n|move|p1a: Arceus|Focus Blast|p2a: Articuno\n|-supereffective|p2a: Articuno\n|-damage|p2a: Articuno|184/295 brn\n|\n|-damage|p2a: Articuno|166/295 brn|[from] brn\n|upkeep\n|turn|37\n|\n|t:|1782773014\n|move|p2a: Articuno|Freeze-Dry|p1a: Arceus\n|-damage|p1a: Arceus|210/280\n|move|p1a: Arceus|Judgment|p2a: Articuno\n|-damage|p2a: Articuno|94/295 brn\n|\n|-damage|p2a: Articuno|76/295 brn|[from] brn\n|upkeep\n|turn|38\n|\n|t:|1782773017\n|move|p2a: Articuno|Roost|p2a: Articuno\n|-heal|p2a: Articuno|224/295 brn\n|-singleturn|p2a: Articuno|move: Roost\n|move|p1a: Arceus|Focus Blast|p2a: Articuno\n|-supereffective|p2a: Articuno\n|-damage|p2a: Articuno|120/295 brn\n|\n|-damage|p2a: Articuno|102/295 brn|[from] brn\n|upkeep\n|turn|39\n|\n|t:|1782773035\n|move|p2a: Articuno|Roost|p2a: Articuno\n|-heal|p2a: Articuno|250/295 brn\n|-singleturn|p2a: Articuno|move: Roost\n|move|p1a: Arceus|Judgment|p2a: Articuno\n|-damage|p2a: Articuno|166/295 brn\n|\n|-damage|p2a: Articuno|148/295 brn|[from] brn\n|upkeep\n|turn|40\n|\n|t:|1782773042\n|move|p2a: Articuno|Freeze-Dry|p1a: Arceus\n|-damage|p1a: Arceus|135/280\n|move|p1a: Arceus|Recover|p1a: Arceus\n|-heal|p1a: Arceus|275/280\n|\n|-damage|p2a: Articuno|130/295 brn|[from] brn\n|upkeep\n|turn|41\n|\n|t:|1782773046\n|move|p2a: Articuno|Roost|p2a: Articuno\n|-heal|p2a: Articuno|278/295 brn\n|-singleturn|p2a: Articuno|move: Roost\n|move|p1a: Arceus|Judgment|p2a: Articuno\n|-damage|p2a: Articuno|199/295 brn\n|\n|-damage|p2a: Articuno|181/295 brn|[from] brn\n|upkeep\n|turn|42\n|\n|t:|1782773050\n|move|p2a: Articuno|Freeze-Dry|p1a: Arceus\n|-damage|p1a: Arceus|202/280\n|-status|p1a: Arceus|frz\n|cant|p1a: Arceus|frz\n|\n|-damage|p2a: Articuno|163/295 brn|[from] brn\n|upkeep\n|turn|43\n|\n|t:|1782773060\n|move|p2a: Articuno|U-turn|p1a: Arceus\n|-resisted|p1a: Arceus\n|-damage|p1a: Arceus|192/280 frz\n|\n|t:|1782773062\n|switch|p2a: Sinistcha|Sinistcha, L83|199/254 psn|[from] U-turn\n|cant|p1a: Arceus|frz\n|\n|-heal|p2a: Sinistcha|214/254 psn|[from] item: Leftovers\n|-damage|p2a: Sinistcha|183/254 psn|[from] psn\n|upkeep\n|turn|44\n|\n|t:|1782773071\n|switch|p1a: Shaymin|Shaymin-Sky, L73|232/266\n|move|p2a: Sinistcha|Calm Mind|p2a: Sinistcha\n|-boost|p2a: Sinistcha|spa|1\n|-boost|p2a: Sinistcha|spd|1\n|\n|-heal|p1a: Shaymin|248/266|[from] item: Leftovers\n|-heal|p2a: Sinistcha|198/254 psn|[from] item: Leftovers\n|-damage|p2a: Sinistcha|167/254 psn|[from] psn\n|upkeep\n|turn|45\n|\n|t:|1782773078\n|-terastallize|p2a: Sinistcha|Steel\n|move|p1a: Shaymin|Air Slash|p2a: Sinistcha\n|-resisted|p2a: Sinistcha\n|-damage|p2a: Sinistcha|140/254 psn\n|move|p2a: Sinistcha|Shadow Ball|p1a: Shaymin\n|-damage|p1a: Shaymin|40/266\n|-unboost|p1a: Shaymin|spd|1\n|\n|-heal|p1a: Shaymin|56/266|[from] item: Leftovers\n|-heal|p2a: Sinistcha|155/254 psn|[from] item: Leftovers\n|-damage|p2a: Sinistcha|124/254 psn|[from] psn\n|upkeep\n|turn|46\n|\n|t:|1782773083\n|move|p1a: Shaymin|Air Slash|p2a: Sinistcha\n|-resisted|p2a: Sinistcha\n|-damage|p2a: Sinistcha|97/254 psn\n|cant|p2a: Sinistcha|flinch\n|\n|-heal|p1a: Shaymin|72/266|[from] item: Leftovers\n|-heal|p2a: Sinistcha|112/254 psn|[from] item: Leftovers\n|-damage|p2a: Sinistcha|81/254 psn|[from] psn\n|upkeep\n|turn|47\n|\n|t:|1782773088\n|move|p1a: Shaymin|Air Slash|p2a: Sinistcha\n|-resisted|p2a: Sinistcha\n|-damage|p2a: Sinistcha|53/254 psn\n|cant|p2a: Sinistcha|flinch\n|\n|-heal|p1a: Shaymin|88/266|[from] item: Leftovers\n|-heal|p2a: Sinistcha|68/254 psn|[from] item: Leftovers\n|-damage|p2a: Sinistcha|37/254 psn|[from] psn\n|upkeep\n|turn|48\n|\n|t:|1782773095\n|switch|p2a: Articuno|Articuno, L86|163/295 brn\n|-ability|p2a: Articuno|Pressure\n|move|p1a: Shaymin|Substitute|p1a: Shaymin\n|-start|p1a: Shaymin|Substitute\n|-damage|p1a: Shaymin|22/266\n|\n|-heal|p1a: Shaymin|38/266|[from] item: Leftovers\n|-damage|p2a: Articuno|145/295 brn|[from] brn\n|upkeep\n|turn|49\n|\n|t:|1782773104\n|move|p1a: Shaymin|Air Slash|p2a: Articuno\n|-crit|p2a: Articuno\n|-damage|p2a: Articuno|69/295 brn\n|cant|p2a: Articuno|flinch\n|\n|-heal|p1a: Shaymin|54/266|[from] item: Leftovers\n|-damage|p2a: Articuno|51/295 brn|[from] brn\n|upkeep\n|turn|50\n|\n|t:|1782773108\n|move|p1a: Shaymin|Air Slash|p2a: Articuno\n|-damage|p2a: Articuno|0 fnt\n|faint|p2a: Articuno\n|\n|-heal|p1a: Shaymin|70/266|[from] item: Leftovers\n|upkeep\n|\n|t:|1782773110\n|switch|p2a: Dewgong|Dewgong, L94, M|322/322\n|turn|51\n|\n|t:|1782773115\n|move|p1a: Shaymin|Leech Seed|p2a: Dewgong\n|-start|p2a: Dewgong|move: Leech Seed\n|move|p2a: Dewgong|Ice Beam|p1a: Shaymin\n|-supereffective|p1a: Shaymin\n|-end|p1a: Shaymin|Substitute\n|\n|-heal|p1a: Shaymin|86/266|[from] item: Leftovers\n|-damage|p2a: Dewgong|282/322|[from] Leech Seed|[of] p1a: Shaymin\n|-heal|p1a: Shaymin|126/266|[silent]\n|upkeep\n|turn|52\n|\n|t:|1782773121\n|switch|p1a: Lanturn|Lanturn, L89, F|201/367\n|move|p2a: Dewgong|Encore||[still]\n|-fail|p2a: Dewgong\n|\n|-damage|p2a: Dewgong|242/322|[from] Leech Seed|[of] p1a: Lanturn\n|-heal|p1a: Lanturn|241/367|[silent]\n|upkeep\n|turn|53\n|l|\u2606milkreo\n|inactive|milkreo disconnected and has a minute to reconnect!\n|player|p2|\n|inactive|milkreo has 30 seconds to reconnect!\n|inactive|milkreo has 20 seconds to reconnect!\n|inactive|milkreo has 15 seconds to reconnect!\n|inactive|milkreo has 10 seconds to reconnect!\n|inactive|milkreo has 5 seconds to reconnect!\n|-message|milkreo lost due to inactivity.\n|\n|win|RDTar\n|raw|RDTar's rating: 2319 &rarr; <strong>2344</strong><br />(+25 for winning)\n|raw|milkreo's rating: 2406 &rarr; <strong>2381</strong><br />(-25 for losing)\n", "inputlog": ">version f8ac14003a5f27e1bdc8d8c59608a773c1cb96e5\n>start {\"formatid\":\"gen9randombattle\",\"seed\":\"sodium,8119188523db206e41ad854c592b554c\",\"rated\":\"Rated battle\"}\n>player p1 {\"name\":\"RDTar\",\"avatar\":\"101\",\"rating\":2319,\"seed\":\"sodium,f71b0e05b485030b269c721288d00f45\"}\n>player p2 {\"name\":\"milkreo\",\"avatar\":\"102\",\"rating\":2406,\"seed\":\"sodium,0377e0fa96342569472087d4bb5e3f4d\"}\n>p1 move substitute\n>p2 switch 3\n>p1 move leechseed\n>p2 move freezedry\n>p1 move substitute\n>p2 move uturn\n>p2 switch 6\n>p1 move leechseed\n>p2 move terablast\n>p1 move substitute\n>p2 switch 6\n>p1 move airslash\n>p2 move freezedry\n>p1 move leechseed\n>p2 move roost\n>p1 move airslash\n>p2 switch 6\n>p1 move leechseed\n>p2 move terablast\n>p1 move airslash\n>p2 move recover\n>p1 move airslash\n>p2 move recover\n>p2 switch 6\n>p1 switch 3\n>p2 move freezedry\n>p1 move willowisp\n>p2 switch 4\n>p1 switch 6\n>p2 move stickyweb\n>p1 move toxicspikes\n>p2 switch 2\n>p1 switch 2\n>p2 move icebeam\n>p1 move voltswitch\n>p2 switch 5\n>p1 switch 3\n>p1 move substitute\n>p2 switch 4\n>p1 move leechseed\n>p2 move uturn\n>p2 switch 5\n>p1 switch 3\n>p2 switch 5\n>p1 move thunderwave\n>p2 move uturn\n>p2 switch 2\n>p1 switch 6\n>p2 move knockoff\n>p1 move recover\n>p2 switch 2\n>p1 move judgment\n>p2 move uturn\n>p2 switch 3\n>p1 switch 2\n>p2 move flareblitz\n>p2 switch 3\n>p1 move flamethrower\n>p2 move freezedry\n>p1 move flamethrower\n>p2 move freezedry\n>p1 switch 6\n>p1 move voltswitch\n>p2 move uturn\n>p2 switch 2\n>p1 switch 2\n>p1 move judgment\n>p2 switch 2\n>p1 move willowisp\n>p2 move roost\n>p1 move judgment\n>p2 move freezedry\n>p1 move focusblast\n>p2 move roost\n>p1 move recover\n>p2 move uturn\n>p2 switch 2\n>p1 move judgment\n>p2 move knockoff\n>p1 move recover\n>p2 switch 2\n>p1 move focusblast\n>p2 move roost\n>p1 move judgment\n>p2 move freezedry\n>p1 move focusblast\n>p2 move roost\n>p1 move judgment\n>p2 move roost\n>p1 move recover\n>p2 move freezedry\n>p1 move judgment\n>p2 move roost\n>p1 move focusblast\n>p2 move freezedry\n>p1 move recover\n>p2 move uturn\n>p2 switch 4\n>p1 switch 3\n>p2 move calmmind\n>p1 move airslash\n>p2 move shadowball terastallize\n>p1 move airslash\n>p2 move shadowball\n>p1 move airslash\n>p2 move shadowball\n>p1 move substitute\n>p2 switch 4\n>p1 move airslash\n>p2 move freezedry\n>p1 move airslash\n>p2 move freezedry\n>p2 switch 5\n>p1 move leechseed\n>p2 move icebeam\n>p1 switch 2\n>p2 move encore\n>forcelose p2", "uploadtime": 1782773192, "views": 4, "formatid": "gen9randombattle", "rating": 2344, "private": 0, "password": null, "player_dets": [{"name": "RDTar", "avatar": "101", "rating": 2319, "seed": "sodium,f71b0e05b485030b269c721288d00f45"}, {"name": "milkreo", "avatar": "102", "rating": 2406, "seed": "sodium,0377e0fa96342569472087d4bb5e3f4d"}], "teams_full": [{"Shaymin": {"name": "Shaymin", "species": "Shaymin-Sky", "speciesId": "shayminsky", "gender": "N", "shiny": false, "level": 73, "moves": ["substitute", "airslash", "leechseed", "seedflare"], "ability": "Serene Grace", "evs": {"hp": 85, "atk": 0, "def": 85, "spa": 85, "spd": 85, "spe": 85}, "ivs": {"hp": 31, "atk": 0, "def": 31, "spa": 31, "spd": 31, "spe": 31}, "item": "Leftovers", "teraType": "Steel", "role": "Bulky Support", "bvs": {"hp": 100, "atk": 103, "def": 75, "spa": 120, "spd": 75, "spe": 127}, "stats": {"hp": 266, "atk": 155, "def": 152, "spa": 218, "spd": 152, "spe": 228}, "types": ["Grass", "Flying"]}, "Lanturn": {"name": "Lanturn", "species": "Lanturn", "speciesId": "lanturn", "gender": "F", "shiny": false, "level": 89, "moves": ["scald", "thunderwave", "voltswitch", "thunderbolt"], "ability": "Volt Absorb", "evs": {"hp": 85, "atk": 0, "def": 85, "spa": 85, "spd": 85, "spe": 85}, "ivs": {"hp": 31, "atk": 0, "def": 31, "spa": 31, "spd": 31, "spe": 31}, "item": "Heavy-Duty Boots", "teraType": "Flying", "role": "Fast Support", "bvs": {"hp": 125, "atk": 58, "def": 58, "spa": 76, "spd": 76, "spe": 67}, "stats": {"hp": 367, "atk": 108, "def": 154, "spa": 186, "spd": 186, "spe": 170}, "types": ["Water", "Electric"]}, "Arceus": {"name": "Arceus", "species": "Arceus-Ghost", "speciesId": "arceusghost", "gender": "N", "shiny": false, "level": 69, "moves": ["recover", "judgment", "willowisp", "focusblast"], "ability": "Multitype", "evs": {"hp": 85, "atk": 0, "def": 85, "spa": 85, "spd": 85, "spe": 85}, "ivs": {"hp": 31, "atk": 0, "def": 31, "spa": 31, "spd": 31, "spe": 31}, "item": "Spooky Plate", "teraType": "Fighting", "role": "Bulky Attacker", "bvs": {"hp": 120, "atk": 120, "def": 120, "spa": 120, "spd": 120, "spe": 120}, "stats": {"hp": 280, "atk": 170, "def": 206, "spa": 206, "spd": 206, "spe": 206}, "types": ["Ghost"]}, "Samurott": {"name": "Samurott", "species": "Samurott", "speciesId": "samurott", "gender": "F", "shiny": false, "level": 88, "moves": ["knockoff", "sacredsword", "liquidation", "swordsdance"], "ability": "Torrent", "evs": {"hp": 85, "atk": 85, "def": 85, "spa": 85, "spd": 85, "spe": 85}, "ivs": {"hp": 31, "atk": 31, "def": 31, "spa": 31, "spd": 31, "spe": 31}, "item": "Life Orb", "teraType": "Dark", "role": "Setup Sweeper", "bvs": {"hp": 95, "atk": 100, "def": 85, "spa": 108, "spd": 70, "spe": 70}, "stats": {"hp": 310, "atk": 226, "def": 200, "spa": 240, "spd": 173, "spe": 173}, "types": ["Water"]}, "Scovillain": {"name": "Scovillain", "species": "Scovillain", "speciesId": "scovillain", "gender": "M", "shiny": false, "level": 91, "moves": ["stompingtantrum", "fireblast", "energyball", "sunnyday"], "ability": "Chlorophyll", "evs": {"hp": 85, "atk": 85, "def": 85, "spa": 85, "spd": 85, "spe": 85}, "ivs": {"hp": 31, "atk": 31, "def": 31, "spa": 31, "spd": 31, "spe": 31}, "item": "Heavy-Duty Boots", "teraType": "Ground", "role": "Wallbreaker", "bvs": {"hp": 65, "atk": 108, "def": 65, "spa": 108, "spd": 65, "spe": 75}, "stats": {"hp": 266, "atk": 248, "def": 170, "spa": 248, "spd": 170, "spe": 188}, "types": ["Grass", "Fire"]}, "Eternatus": {"name": "Eternatus", "species": "Eternatus", "speciesId": "eternatus", "gender": "N", "shiny": false, "level": 69, "moves": ["recover", "flamethrower", "dynamaxcannon", "toxicspikes"], "ability": "Pressure", "evs": {"hp": 85, "atk": 0, "def": 85, "spa": 85, "spd": 85, "spe": 85}, "ivs": {"hp": 31, "atk": 0, "def": 31, "spa": 31, "spd": 31, "spe": 31}, "item": "Leftovers", "teraType": "Water", "role": "Bulky Support", "bvs": {"hp": 140, "atk": 85, "def": 95, "spa": 145, "spd": 95, "spe": 130}, "stats": {"hp": 308, "atk": 122, "def": 171, "spa": 240, "spd": 171, "spe": 220}, "types": ["Poison", "Dragon"]}}, {"Blaziken": {"name": "Blaziken", "species": "Blaziken", "speciesId": "blaziken", "gender": "F", "shiny": false, "level": 76, "moves": ["flareblitz", "stoneedge", "swordsdance", "closecombat"], "ability": "Speed Boost", "evs": {"hp": 85, "atk": 85, "def": 85, "spa": 85, "spd": 85, "spe": 85}, "ivs": {"hp": 31, "atk": 31, "def": 31, "spa": 31, "spd": 31, "spe": 31}, "item": "Life Orb", "teraType": "Fighting", "role": "Setup Sweeper", "bvs": {"hp": 80, "atk": 120, "def": 70, "spa": 110, "spd": 70, "spe": 80}, "stats": {"hp": 247, "atk": 226, "def": 150, "spa": 211, "spd": 150, "spe": 166}, "types": ["Fire", "Fighting"]}, "Dewgong": {"name": "Dewgong", "species": "Dewgong", "speciesId": "dewgong", "gender": "M", "shiny": false, "level": 94, "moves": ["knockoff", "encore", "hydropump", "icebeam"], "ability": "Thick Fat", "evs": {"hp": 85, "atk": 85, "def": 85, "spa": 85, "spd": 85, "spe": 85}, "ivs": {"hp": 31, "atk": 31, "def": 31, "spa": 31, "spd": 31, "spe": 31}, "item": "Heavy-Duty Boots", "teraType": "Ground", "role": "Bulky Support", "bvs": {"hp": 90, "atk": 70, "def": 80, "spa": 70, "spd": 95, "spe": 70}, "stats": {"hp": 322, "atk": 185, "def": 204, "spa": 185, "spd": 232, "spe": 185}, "types": ["Water", "Ice"]}, "Articuno": {"name": "Articuno", "species": "Articuno", "speciesId": "articuno", "gender": "N", "shiny": false, "level": 86, "moves": ["uturn", "bravebird", "freezedry", "roost"], "ability": "Pressure", "evs": {"hp": 85, "atk": 85, "def": 85, "spa": 85, "spd": 85, "spe": 85}, "ivs": {"hp": 31, "atk": 31, "def": 31, "spa": 31, "spd": 31, "spe": 31}, "item": "Heavy-Duty Boots", "teraType": "Ground", "role": "Bulky Support", "bvs": {"hp": 90, "atk": 85, "def": 100, "spa": 95, "spd": 125, "spe": 85}, "stats": {"hp": 295, "atk": 195, "def": 221, "spa": 213, "spd": 264, "spe": 195}, "types": ["Ice", "Flying"]}, "Leavanny": {"name": "Leavanny", "species": "Leavanny", "speciesId": "leavanny", "gender": "M", "shiny": false, "level": 86, "moves": ["stickyweb", "lunge", "knockoff", "leafblade"], "ability": "Swarm", "evs": {"hp": 85, "atk": 85, "def": 85, "spa": 85, "spd": 85, "spe": 85}, "ivs": {"hp": 31, "atk": 31, "def": 31, "spa": 31, "spd": 31, "spe": 31}, "item": "Heavy-Duty Boots", "teraType": "Rock", "role": "Fast Support", "bvs": {"hp": 75, "atk": 103, "def": 80, "spa": 70, "spd": 80, "spe": 92}, "stats": {"hp": 269, "atk": 226, "def": 187, "spa": 170, "spd": 187, "spe": 207}, "types": ["Bug", "Grass"]}, "Sinistcha": {"name": "Sinistcha", "species": "Sinistcha", "speciesId": "sinistcha", "gender": "N", "shiny": false, "level": 83, "moves": ["matchagotcha", "strengthsap", "calmmind", "shadowball"], "ability": "Heatproof", "evs": {"hp": 85, "atk": 0, "def": 85, "spa": 85, "spd": 85, "spe": 85}, "ivs": {"hp": 31, "atk": 0, "def": 31, "spa": 31, "spd": 31, "spe": 31}, "item": "Leftovers", "teraType": "Steel", "role": "Bulky Setup", "bvs": {"hp": 71, "atk": 60, "def": 106, "spa": 121, "spd": 80, "spe": 70}, "stats": {"hp": 254, "atk": 104, "def": 224, "spa": 249, "spd": 180, "spe": 164}, "types": ["Grass", "Ghost"]}, "Porygon2": {"name": "Porygon2", "species": "Porygon2", "speciesId": "porygon2", "gender": "N", "shiny": false, "level": 81, "moves": ["shadowball", "terablast", "recover", "thunderwave"], "ability": "Download", "evs": {"hp": 85, "atk": 85, "def": 85, "spa": 85, "spd": 85, "spe": 85}, "ivs": {"hp": 31, "atk": 31, "def": 31, "spa": 31, "spd": 31, "spe": 31}, "item": "Eviolite", "teraType": "Fighting", "role": "Tera Blast user", "bvs": {"hp": 85, "atk": 80, "def": 90, "spa": 105, "spd": 95, "spe": 60}, "stats": {"hp": 270, "atk": 176, "def": 192, "spa": 217, "spd": 201, "spe": 144}, "types": ["Normal"]}}]}