{"id": "gen9randombattle-2641559108", "format": "[Gen 9] Random Battle", "players": ["justinprim", "hcff"], "log": "|j|\u2606justinprim\n|j|\u2606hcff\n|t:|1782807881\n|gametype|singles\n|player|p1|justinprim|1|2166\n|player|p2|hcff|ingo|2212\n|gen|9\n|tier|[Gen 9] Random Battle\n|rated|\n|rule|Species Clause: Limit one of each Pok\u00e9mon\n|rule|HP Percentage Mod: HP is shown in percentages\n|rule|Sleep Clause Mod: Limit one foe put to sleep\n|rule|Illusion Level Mod: Illusion disguises the Pok\u00e9mon's true level\n|\n|t:|1782807881\n|teamsize|p1|6\n|teamsize|p2|6\n|start\n|switch|p1a: Umbreon|Umbreon, L84, F|297/297\n|switch|p2a: Dialga|Dialga-Origin, L73|266/266\n|-ability|p2a: Dialga|Pressure\n|turn|1\n|\n|t:|1782807888\n|switch|p1a: Sandaconda|Sandaconda, L84, M|258/258\n|move|p2a: Dialga|Stealth Rock|p1a: Sandaconda\n|-sidestart|p1: justinprim|move: Stealth Rock\n|\n|upkeep\n|turn|2\n|j|+Volsur@!\n|\n|t:|1782807901\n|move|p2a: Dialga|Draco Meteor|p1a: Sandaconda\n|-damage|p1a: Sandaconda|48/258\n|-unboost|p2a: Dialga|spa|2\n|move|p1a: Sandaconda|Glare|p2a: Dialga\n|-status|p2a: Dialga|par\n|\n|-heal|p1a: Sandaconda|64/258|[from] item: Leftovers\n|upkeep\n|turn|3\n|\n|t:|1782807916\n|switch|p2a: Tornadus|Tornadus-Therian, L79, M|254/254\n|move|p1a: Sandaconda|Glare|p2a: Tornadus\n|-status|p2a: Tornadus|par\n|\n|-heal|p1a: Sandaconda|80/258|[from] item: Leftovers\n|upkeep\n|turn|4\n|\n|t:|1782807921\n|move|p1a: Sandaconda|Stone Edge|p2a: Tornadus|[miss]\n|-miss|p1a: Sandaconda|p2a: Tornadus\n|move|p2a: Tornadus|Bleakwind Storm|p1a: Sandaconda\n|-damage|p1a: Sandaconda|0 fnt\n|faint|p1a: Sandaconda\n|\n|upkeep\n|\n|t:|1782807925\n|switch|p1a: Bisharp|Bisharp, L79, F|232/232\n|-damage|p1a: Bisharp|218/232|[from] Stealth Rock\n|turn|5\n|inactive|Battle timer is ON: inactive players will automatically lose when time's up. (requested by justinprim)\n|\n|t:|1782807941\n|move|p1a: Bisharp|Stealth Rock|p2a: Tornadus\n|-sidestart|p2: hcff|move: Stealth Rock\n|move|p2a: Tornadus|Knock Off|p1a: Bisharp\n|-resisted|p1a: Bisharp\n|-damage|p1a: Bisharp|199/232\n|-enditem|p1a: Bisharp|Eviolite|[from] move: Knock Off|[of] p2a: Tornadus\n|\n|upkeep\n|turn|6\n|\n|t:|1782807950\n|switch|p2a: Camerupt|Camerupt, L91, M|275/275\n|-damage|p2a: Camerupt|241/275|[from] Stealth Rock\n|move|p1a: Bisharp|Throat Chop|p2a: Camerupt\n|-damage|p2a: Camerupt|148/275\n|-start|p2a: Camerupt|Throat Chop|[silent]\n|\n|-heal|p2a: Camerupt|165/275|[from] item: Leftovers\n|upkeep\n|turn|7\n|\n|t:|1782807954\n|move|p1a: Bisharp|Throat Chop|p2a: Camerupt\n|-damage|p2a: Camerupt|71/275\n|move|p2a: Camerupt|Will-O-Wisp|p1a: Bisharp\n|-status|p1a: Bisharp|brn\n|\n|-heal|p2a: Camerupt|88/275|[from] item: Leftovers\n|-damage|p1a: Bisharp|185/232 brn|[from] brn\n|-end|p2a: Camerupt|Throat Chop|[silent]\n|upkeep\n|turn|8\n|\n|t:|1782807972\n|move|p1a: Bisharp|Throat Chop|p2a: Camerupt\n|-damage|p2a: Camerupt|38/275\n|-start|p2a: Camerupt|Throat Chop|[silent]\n|move|p2a: Camerupt|Earthquake|p1a: Bisharp\n|-supereffective|p1a: Bisharp\n|-damage|p1a: Bisharp|0 fnt\n|faint|p1a: Bisharp\n|\n|-heal|p2a: Camerupt|55/275|[from] item: Leftovers\n|upkeep\n|\n|t:|1782807978\n|switch|p1a: Ninetales|Ninetales-Alola, L78, F|242/242\n|-damage|p1a: Ninetales|182/242|[from] Stealth Rock\n|-weather|Snowscape|[from] ability: Snow Warning|[of] p1a: Ninetales\n|turn|9\n|\n|t:|1782807982\n|move|p1a: Ninetales|Blizzard|p2a: Camerupt\n|-damage|p2a: Camerupt|0 fnt\n|faint|p2a: Camerupt\n|\n|-weather|Snowscape|[upkeep]\n|upkeep\n|\n|t:|1782807999\n|switch|p2a: Volbeat|Volbeat, L90, M|263/263\n|turn|10\n|\n|t:|1782808016\n|move|p2a: Volbeat|Thunder Wave|p1a: Ninetales|[miss]\n|-miss|p2a: Volbeat|p1a: Ninetales\n|move|p1a: Ninetales|Aurora Veil|p1a: Ninetales\n|-sidestart|p1: justinprim|move: Aurora Veil\n|\n|-weather|Snowscape|[upkeep]\n|upkeep\n|turn|11\n|\n|t:|1782808023\n|switch|p1a: Umbreon|Umbreon, L84, F|297/297\n|-damage|p1a: Umbreon|260/297|[from] Stealth Rock\n|move|p2a: Volbeat|Thunder Wave|p1a: Umbreon\n|-hint|Since gen 7, Dark is immune to Prankster moves.\n|-immune|p1a: Umbreon\n|\n|-weather|Snowscape|[upkeep]\n|-heal|p1a: Umbreon|278/297|[from] item: Leftovers\n|upkeep\n|turn|12\n|\n|t:|1782808026\n|switch|p2a: Tornadus|Tornadus-Therian, L79, M|254/254 par\n|-damage|p2a: Tornadus|191/254 par|[from] Stealth Rock\n|move|p1a: Umbreon|Toxic||[still]\n|-fail|p1a: Umbreon\n|\n|-weather|Snowscape|[upkeep]\n|-heal|p1a: Umbreon|296/297|[from] item: Leftovers\n|upkeep\n|turn|13\n|\n|t:|1782808033\n|switch|p1a: Ninetales|Ninetales-Alola, L78, F|182/242\n|-damage|p1a: Ninetales|122/242|[from] Stealth Rock\n|-terastallize|p2a: Tornadus|Dark\n|move|p2a: Tornadus|Knock Off|p1a: Ninetales\n|-resisted|p1a: Ninetales\n|-damage|p1a: Ninetales|103/242\n|-enditem|p1a: Ninetales|Light Clay|[from] move: Knock Off|[of] p2a: Tornadus\n|\n|-weather|none\n|upkeep\n|turn|14\n|\n|t:|1782808037\n|switch|p2a: Volbeat|Volbeat, L90, M|263/263\n|move|p1a: Ninetales|Moonblast|p2a: Volbeat\n|-damage|p2a: Volbeat|182/263\n|-unboost|p2a: Volbeat|spa|1\n|\n|upkeep\n|turn|15\n|\n|t:|1782808039\n|move|p2a: Volbeat|Thunder Wave|p1a: Ninetales\n|-status|p1a: Ninetales|par\n|move|p1a: Ninetales|Moonblast|p2a: Volbeat\n|-damage|p2a: Volbeat|115/263\n|\n|upkeep\n|turn|16\n|\n|t:|1782808042\n|move|p2a: Volbeat|Roost|p2a: Volbeat\n|-heal|p2a: Volbeat|247/263\n|-singleturn|p2a: Volbeat|move: Roost\n|move|p1a: Ninetales|Moonblast|p2a: Volbeat\n|-damage|p2a: Volbeat|172/263\n|\n|upkeep\n|turn|17\n|\n|t:|1782808061\n|switch|p2a: Dialga|Dialga-Origin, L73|266/266 par\n|-damage|p2a: Dialga|250/266 par|[from] Stealth Rock\n|-ability|p2a: Dialga|Pressure\n|cant|p1a: Ninetales|par\n|\n|-sideend|p1: justinprim|move: Aurora Veil\n|upkeep\n|turn|18\n|\n|t:|1782808064\n|cant|p1a: Ninetales|par\n|cant|p2a: Dialga|par\n|\n|upkeep\n|turn|19\n|\n|t:|1782808067\n|cant|p1a: Ninetales|par\n|move|p2a: Dialga|Flash Cannon|p1a: Ninetales\n|-supereffective|p1a: Ninetales\n|-damage|p1a: Ninetales|0 fnt\n|faint|p1a: Ninetales\n|\n|upkeep\n|\n|t:|1782808070\n|switch|p1a: Cresselia|Cresselia, L80, F|323/323\n|-damage|p1a: Cresselia|283/323|[from] Stealth Rock\n|turn|20\n|\n|t:|1782808076\n|switch|p2a: Volbeat|Volbeat, L90, M|172/263\n|move|p1a: Cresselia|Calm Mind|p1a: Cresselia\n|-boost|p1a: Cresselia|spa|1\n|-boost|p1a: Cresselia|spd|1\n|\n|-heal|p1a: Cresselia|303/323|[from] item: Leftovers\n|upkeep\n|turn|21\n|\n|t:|1782808079\n|move|p2a: Volbeat|Encore|p1a: Cresselia\n|-start|p1a: Cresselia|Encore\n|move|p1a: Cresselia|Calm Mind|p1a: Cresselia\n|-boost|p1a: Cresselia|spa|1\n|-boost|p1a: Cresselia|spd|1\n|\n|-heal|p1a: Cresselia|323/323|[from] item: Leftovers\n|upkeep\n|turn|22\n|\n|t:|1782808082\n|switch|p1a: Umbreon|Umbreon, L84, F|296/297\n|-damage|p1a: Umbreon|259/297|[from] Stealth Rock\n|move|p2a: Volbeat|Lunge|p1a: Umbreon\n|-supereffective|p1a: Umbreon\n|-damage|p1a: Umbreon|125/297\n|-unboost|p1a: Umbreon|atk|1\n|\n|-heal|p1a: Umbreon|143/297|[from] item: Leftovers\n|upkeep\n|turn|23\n|\n|t:|1782808090\n|switch|p2a: Tornadus|Tornadus-Therian, L79, M, tera:Dark|254/254 par\n|-damage|p2a: Tornadus|223/254 par|[from] Stealth Rock\n|move|p1a: Umbreon|Protect||[still]\n|-fail|p1a: Umbreon\n|\n|-heal|p1a: Umbreon|161/297|[from] item: Leftovers\n|upkeep\n|turn|24\n|\n|t:|1782808095\n|move|p1a: Umbreon|Protect|p1a: Umbreon\n|-singleturn|p1a: Umbreon|Protect\n|cant|p2a: Tornadus|par\n|\n|-heal|p1a: Umbreon|179/297|[from] item: Leftovers\n|upkeep\n|turn|25\n|\n|t:|1782808100\n|move|p1a: Umbreon|Wish|p1a: Umbreon\n|move|p2a: Tornadus|Knock Off|p1a: Umbreon\n|-resisted|p1a: Umbreon\n|-damage|p1a: Umbreon|140/297\n|-enditem|p1a: Umbreon|Leftovers|[from] move: Knock Off|[of] p2a: Tornadus\n|\n|upkeep\n|turn|26\n|\n|t:|1782808103\n|move|p1a: Umbreon|Foul Play|p2a: Tornadus\n|-resisted|p2a: Tornadus\n|-damage|p2a: Tornadus|166/254 par\n|move|p2a: Tornadus|U-turn|p1a: Umbreon\n|-supereffective|p1a: Umbreon\n|-damage|p1a: Umbreon|60/297\n|\n|t:|1782808108\n|switch|p2a: Jumpluff|Jumpluff, L87, M|271/271|[from] U-turn\n|-damage|p2a: Jumpluff|204/271|[from] Stealth Rock\n|\n|-heal|p1a: Umbreon|208/297|[from] move: Wish|[wisher] Umbreon\n|upkeep\n|turn|27\n|\n|t:|1782808112\n|move|p2a: Jumpluff|Leech Seed|p1a: Umbreon\n|-start|p1a: Umbreon|move: Leech Seed\n|move|p1a: Umbreon|Foul Play|p2a: Jumpluff\n|-damage|p2a: Jumpluff|120/271\n|\n|-damage|p1a: Umbreon|171/297|[from] Leech Seed|[of] p2a: Jumpluff\n|-heal|p2a: Jumpluff|157/271|[silent]\n|upkeep\n|turn|28\n|\n|t:|1782808121\n|move|p2a: Jumpluff|Substitute|p2a: Jumpluff\n|-start|p2a: Jumpluff|Substitute\n|-damage|p2a: Jumpluff|90/271\n|move|p1a: Umbreon|Foul Play|p2a: Jumpluff\n|-end|p2a: Jumpluff|Substitute\n|\n|-damage|p1a: Umbreon|134/297|[from] Leech Seed|[of] p2a: Jumpluff\n|-heal|p2a: Jumpluff|127/271|[silent]\n|upkeep\n|turn|29\n|inactive|hcff has 120 seconds left.\n|\n|t:|1782808173\n|move|p2a: Jumpluff|Substitute|p2a: Jumpluff\n|-start|p2a: Jumpluff|Substitute\n|-damage|p2a: Jumpluff|60/271\n|move|p1a: Umbreon|Foul Play|p2a: Jumpluff\n|-end|p2a: Jumpluff|Substitute\n|\n|-damage|p1a: Umbreon|97/297|[from] Leech Seed|[of] p2a: Jumpluff\n|-heal|p2a: Jumpluff|97/271|[silent]\n|upkeep\n|turn|30\n|\n|t:|1782808178\n|move|p2a: Jumpluff|Acrobatics|p1a: Umbreon\n|-damage|p1a: Umbreon|22/297\n|move|p1a: Umbreon|Foul Play|p2a: Jumpluff\n|-damage|p2a: Jumpluff|12/271\n|\n|-damage|p1a: Umbreon|0 fnt|[from] Leech Seed|[of] p2a: Jumpluff\n|-heal|p2a: Jumpluff|34/271|[silent]\n|faint|p1a: Umbreon\n|upkeep\n|\n|t:|1782808180\n|switch|p1a: Cresselia|Cresselia, L80, F|323/323\n|-damage|p1a: Cresselia|283/323|[from] Stealth Rock\n|turn|31\n|\n|t:|1782808183\n|move|p2a: Jumpluff|Leech Seed|p1a: Cresselia\n|-start|p1a: Cresselia|move: Leech Seed\n|move|p1a: Cresselia|Psyshock|p2a: Jumpluff\n|-crit|p2a: Jumpluff\n|-damage|p2a: Jumpluff|0 fnt\n|faint|p2a: Jumpluff\n|\n|-heal|p1a: Cresselia|303/323|[from] item: Leftovers\n|upkeep\n|\n|t:|1782808186\n|switch|p2a: Volbeat|Volbeat, L90, M|172/263\n|turn|32\n|\n|t:|1782808190\n|switch|p1a: Virizion|Virizion, L82|283/283\n|-damage|p1a: Virizion|266/283|[from] Stealth Rock\n|move|p2a: Volbeat|Lunge|p1a: Virizion\n|-damage|p1a: Virizion|170/283\n|-unboost|p1a: Virizion|atk|1\n|\n|upkeep\n|turn|33\n|\n|t:|1782808193\n|move|p2a: Volbeat|Thunder Wave|p1a: Virizion\n|-status|p1a: Virizion|par\n|cant|p1a: Virizion|par\n|\n|upkeep\n|turn|34\n|\n|t:|1782808197\n|switch|p2a: Clawitzer|Clawitzer, L87, F|265/265\n|-damage|p2a: Clawitzer|232/265|[from] Stealth Rock\n|move|p1a: Virizion|Stone Edge|p2a: Clawitzer|[miss]\n|-miss|p1a: Virizion|p2a: Clawitzer\n|\n|upkeep\n|turn|35\n|\n|t:|1782808199\n|move|p2a: Clawitzer|Dragon Pulse|p1a: Virizion\n|-damage|p1a: Virizion|77/283 par\n|move|p1a: Virizion|Leaf Blade|p2a: Clawitzer\n|-supereffective|p2a: Clawitzer\n|-damage|p2a: Clawitzer|81/265\n|-damage|p1a: Virizion|49/283 par|[from] item: Life Orb\n|\n|upkeep\n|turn|36\n|\n|t:|1782808203\n|move|p2a: Clawitzer|U-turn|p1a: Virizion\n|-damage|p1a: Virizion|0 fnt\n|faint|p1a: Virizion\n|\n|t:|1782808205\n|switch|p2a: Volbeat|Volbeat, L90, M|172/263|[from] U-turn\n|\n|upkeep\n|\n|t:|1782808209\n|switch|p1a: Cresselia|Cresselia, L80, F|303/323\n|-damage|p1a: Cresselia|263/323|[from] Stealth Rock\n|turn|37\n|\n|t:|1782808213\n|move|p2a: Volbeat|Thunder Wave|p1a: Cresselia\n|-status|p1a: Cresselia|par\n|move|p1a: Cresselia|Psyshock|p2a: Volbeat\n|-damage|p2a: Volbeat|105/263\n|\n|-heal|p1a: Cresselia|283/323 par|[from] item: Leftovers\n|upkeep\n|turn|38\n|\n|t:|1782808216\n|move|p2a: Volbeat|Roost|p2a: Volbeat\n|-heal|p2a: Volbeat|237/263\n|-singleturn|p2a: Volbeat|move: Roost\n|cant|p1a: Cresselia|par\n|\n|-heal|p1a: Cresselia|303/323 par|[from] item: Leftovers\n|upkeep\n|turn|39\n|\n|t:|1782808218\n|move|p2a: Volbeat|Lunge|p1a: Cresselia\n|-supereffective|p1a: Cresselia\n|-damage|p1a: Cresselia|159/323 par\n|-unboost|p1a: Cresselia|atk|1\n|move|p1a: Cresselia|Psyshock|p2a: Volbeat\n|-damage|p2a: Volbeat|167/263\n|\n|-heal|p1a: Cresselia|179/323 par|[from] item: Leftovers\n|upkeep\n|turn|40\n|\n|t:|1782808221\n|-terastallize|p1a: Cresselia|Fairy\n|move|p2a: Volbeat|Lunge|p1a: Cresselia\n|-resisted|p1a: Cresselia\n|-damage|p1a: Cresselia|143/323 par\n|-unboost|p1a: Cresselia|atk|1\n|move|p1a: Cresselia|Psyshock|p2a: Volbeat\n|-crit|p2a: Volbeat\n|-damage|p2a: Volbeat|67/263\n|\n|-heal|p1a: Cresselia|163/323 par|[from] item: Leftovers\n|upkeep\n|turn|41\n|\n|t:|1782808229\n|move|p2a: Volbeat|Roost|p2a: Volbeat\n|-heal|p2a: Volbeat|199/263\n|-singleturn|p2a: Volbeat|move: Roost\n|cant|p1a: Cresselia|par\n|\n|-heal|p1a: Cresselia|183/323 par|[from] item: Leftovers\n|upkeep\n|turn|42\n|\n|t:|1782808231\n|move|p2a: Volbeat|Lunge|p1a: Cresselia\n|-resisted|p1a: Cresselia\n|-damage|p1a: Cresselia|148/323 par\n|-unboost|p1a: Cresselia|atk|1\n|move|p1a: Cresselia|Psyshock|p2a: Volbeat\n|-damage|p2a: Volbeat|127/263\n|\n|-heal|p1a: Cresselia|168/323 par|[from] item: Leftovers\n|upkeep\n|turn|43\n|\n|t:|1782808234\n|switch|p2a: Dialga|Dialga-Origin, L73|250/266 par\n|-damage|p2a: Dialga|234/266 par|[from] Stealth Rock\n|-ability|p2a: Dialga|Pressure\n|move|p1a: Cresselia|Psyshock|p2a: Dialga\n|-resisted|p2a: Dialga\n|-damage|p2a: Dialga|205/266 par\n|\n|-heal|p1a: Cresselia|188/323 par|[from] item: Leftovers\n|upkeep\n|turn|44\n|\n|t:|1782808238\n|cant|p1a: Cresselia|par\n|move|p2a: Dialga|Flash Cannon|p1a: Cresselia\n|-supereffective|p1a: Cresselia\n|-damage|p1a: Cresselia|2/323 par\n|\n|-heal|p1a: Cresselia|22/323 par|[from] item: Leftovers\n|upkeep\n|turn|45\n|\n|t:|1782808242\n|move|p1a: Cresselia|Moonlight|p1a: Cresselia\n|-heal|p1a: Cresselia|183/323 par\n|move|p2a: Dialga|Flash Cannon|p1a: Cresselia\n|-supereffective|p1a: Cresselia\n|-damage|p1a: Cresselia|1/323 par\n|\n|-heal|p1a: Cresselia|21/323 par|[from] item: Leftovers\n|upkeep\n|turn|46\n|\n|t:|1782808244\n|switch|p2a: Volbeat|Volbeat, L90, M|127/263\n|move|p1a: Cresselia|Moonlight|p1a: Cresselia\n|-heal|p1a: Cresselia|182/323 par\n|\n|-heal|p1a: Cresselia|202/323 par|[from] item: Leftovers\n|upkeep\n|turn|47\n|-message|justinprim forfeited.\n|\n|win|hcff\n", "inputlog": ">version f8ac14003a5f27e1bdc8d8c59608a773c1cb96e5\n>start {\"formatid\":\"gen9randombattle\",\"seed\":\"sodium,1ff3a7193b076296acc892f7a7609b44\",\"rated\":\"Rated battle\"}\n>player p1 {\"name\":\"justinprim\",\"avatar\":\"1\",\"rating\":2166,\"seed\":\"sodium,d7cf7fe41ee9eee7c36ea01addb85da8\"}\n>player p2 {\"name\":\"hcff\",\"avatar\":\"ingo\",\"rating\":2212,\"seed\":\"sodium,275efaf158fadb1034e074c3f1275c71\"}\n>p1 switch 6\n>p2 move stealthrock\n>p1 move glare\n>p2 move dracometeor\n>p1 move glare\n>p2 switch 6\n>p1 move stoneedge\n>p2 move bleakwindstorm\n>p1 switch 2\n>p1 move stealthrock\n>p2 move knockoff\n>p1 move throatchop\n>p2 switch 5\n>p1 move throatchop\n>p2 move willowisp\n>p1 move throatchop\n>p2 move earthquake\n>p1 switch 4\n>p1 move blizzard\n>p2 move overheat\n>p2 switch 3\n>p1 move auroraveil\n>p2 move thunderwave\n>p1 switch 6\n>p2 move thunderwave\n>p1 move toxic\n>p2 switch 5\n>p1 switch 6\n>p2 move knockoff terastallize\n>p1 move moonblast\n>p2 switch 5\n>p1 move moonblast\n>p2 move thunderwave\n>p1 move moonblast\n>p2 move roost\n>p1 move moonblast\n>p2 switch 6\n>p1 move moonblast\n>p2 move flashcannon\n>p1 move moonblast\n>p2 move flashcannon\n>p1 switch 5\n>p1 move calmmind\n>p2 switch 6\n>p1 move psyshock\n>p2 move encore\n>p1 switch 6\n>p2 move lunge\n>p1 move protect\n>p2 switch 5\n>p1 move protect\n>p2 move knockoff\n>p1 move wish\n>p2 move knockoff\n>p1 move foulplay\n>p2 move uturn\n>p2 switch 2\n>p1 move foulplay\n>p2 move leechseed\n>p1 move foulplay\n>p2 move substitute\n>p1 move foulplay\n>p2 move substitute\n>p1 move foulplay\n>p2 move acrobatics\n>p1 switch 6\n>p1 move psyshock\n>p2 move leechseed\n>p2 switch 5\n>p1 switch 3\n>p2 move lunge\n>p1 move stoneedge\n>p2 move thunderwave\n>p1 move stoneedge\n>p2 switch 4\n>p1 move leafblade\n>p2 move dragonpulse\n>p1 move leafblade\n>p2 move uturn\n>p2 switch 4\n>p1 switch 3\n>p1 move psyshock\n>p2 move thunderwave\n>p1 move psyshock\n>p2 move roost\n>p1 move psyshock\n>p2 move lunge\n>p1 move psyshock terastallize\n>p2 move lunge\n>p1 move psyshock\n>p2 move roost\n>p1 move psyshock\n>p2 move lunge\n>p1 move psyshock\n>p2 switch 6\n>p1 move calmmind\n>p2 move flashcannon\n>p1 move moonlight\n>p2 move flashcannon\n>p1 move moonlight\n>p2 switch 6\n>forcelose p1", "uploadtime": 1782807884, "views": 3, "formatid": "gen9randombattle", "rating": null, "private": 0, "password": null, "player_dets": [{"name": "justinprim", "avatar": "1", "rating": 2166, "seed": "sodium,d7cf7fe41ee9eee7c36ea01addb85da8"}, {"name": "hcff", "avatar": "ingo", "rating": 2212, "seed": "sodium,275efaf158fadb1034e074c3f1275c71"}], "teams_full": [{"Umbreon": {"name": "Umbreon", "species": "Umbreon", "speciesId": "umbreon", "gender": "F", "shiny": false, "level": 84, "moves": ["foulplay", "toxic", "protect", "wish"], "ability": "Synchronize", "evs": {"hp": 85, "atk": 0, "def": 85, "spa": 85, "spd": 85, "spe": 85}, "ivs": {"hp": 31, "atk": 0, "def": 31, "spa": 31, "spd": 31, "spe": 31}, "item": "Leftovers", "teraType": "Poison", "role": "Bulky Support", "bvs": {"hp": 95, "atk": 65, "def": 110, "spa": 60, "spd": 130, "spe": 65}, "stats": {"hp": 297, "atk": 114, "def": 233, "spa": 149, "spd": 267, "spe": 157}, "types": ["Dark"]}, "Bisharp": {"name": "Bisharp", "species": "Bisharp", "speciesId": "bisharp", "gender": "F", "shiny": false, "level": 79, "moves": ["stealthrock", "suckerpunch", "throatchop", "ironhead"], "ability": "Defiant", "evs": {"hp": 85, "atk": 85, "def": 85, "spa": 85, "spd": 85, "spe": 85}, "ivs": {"hp": 31, "atk": 31, "def": 31, "spa": 31, "spd": 31, "spe": 31}, "item": "Eviolite", "teraType": "Flying", "role": "Bulky Attacker", "bvs": {"hp": 65, "atk": 125, "def": 100, "spa": 60, "spd": 70, "spe": 70}, "stats": {"hp": 232, "atk": 243, "def": 204, "spa": 140, "spd": 156, "spe": 156}, "types": ["Dark", "Steel"]}, "Virizion": {"name": "Virizion", "species": "Virizion", "speciesId": "virizion", "gender": "N", "shiny": false, "level": 82, "moves": ["leafblade", "stoneedge", "closecombat", "swordsdance"], "ability": "Justified", "evs": {"hp": 85, "atk": 85, "def": 85, "spa": 85, "spd": 85, "spe": 85}, "ivs": {"hp": 31, "atk": 31, "def": 31, "spa": 31, "spd": 31, "spe": 31}, "item": "Life Orb", "teraType": "Rock", "role": "Setup Sweeper", "bvs": {"hp": 91, "atk": 90, "def": 72, "spa": 90, "spd": 129, "spe": 108}, "stats": {"hp": 283, "atk": 195, "def": 165, "spa": 195, "spd": 259, "spe": 224}, "types": ["Grass", "Fighting"]}, "Ninetales": {"name": "Ninetales", "species": "Ninetales-Alola", "speciesId": "ninetalesalola", "gender": "F", "shiny": false, "level": 78, "moves": ["encore", "auroraveil", "blizzard", "moonblast"], "ability": "Snow Warning", "evs": {"hp": 85, "atk": 0, "def": 85, "spa": 85, "spd": 85, "spe": 85}, "ivs": {"hp": 31, "atk": 0, "def": 31, "spa": 31, "spd": 31, "spe": 31}, "item": "Light Clay", "teraType": "Steel", "role": "Fast Support", "bvs": {"hp": 73, "atk": 67, "def": 75, "spa": 81, "spd": 100, "spe": 109}, "stats": {"hp": 242, "atk": 109, "def": 162, "spa": 171, "spd": 201, "spe": 215}, "types": ["Ice", "Fairy"]}, "Cresselia": {"name": "Cresselia", "species": "Cresselia", "speciesId": "cresselia", "gender": "F", "shiny": false, "level": 80, "moves": ["psyshock", "calmmind", "moonblast", "moonlight"], "ability": "Levitate", "evs": {"hp": 85, "atk": 0, "def": 85, "spa": 85, "spd": 85, "spe": 85}, "ivs": {"hp": 31, "atk": 0, "def": 31, "spa": 31, "spd": 31, "spe": 31}, "item": "Leftovers", "teraType": "Fairy", "role": "Bulky Setup", "bvs": {"hp": 120, "atk": 70, "def": 110, "spa": 75, "spd": 120, "spe": 85}, "stats": {"hp": 323, "atk": 117, "def": 222, "spa": 166, "spd": 238, "spe": 182}, "types": ["Psychic"]}, "Sandaconda": {"name": "Sandaconda", "species": "Sandaconda", "speciesId": "sandaconda", "gender": "M", "shiny": false, "level": 84, "moves": ["earthquake", "glare", "stoneedge", "coil"], "ability": "Shed Skin", "evs": {"hp": 85, "atk": 85, "def": 85, "spa": 85, "spd": 85, "spe": 85}, "ivs": {"hp": 31, "atk": 31, "def": 31, "spa": 31, "spd": 31, "spe": 31}, "item": "Leftovers", "teraType": "Dragon", "role": "Bulky Setup", "bvs": {"hp": 72, "atk": 107, "def": 125, "spa": 65, "spd": 70, "spe": 71}, "stats": {"hp": 258, "atk": 228, "def": 258, "spa": 157, "spd": 166, "spe": 167}, "types": ["Ground"]}}, {"Dialga": {"name": "Dialga", "species": "Dialga-Origin", "speciesId": "dialgaorigin", "gender": "N", "shiny": false, "level": 73, "moves": ["fireblast", "dracometeor", "flashcannon", "stealthrock"], "ability": "Pressure", "evs": {"hp": 85, "atk": 0, "def": 85, "spa": 85, "spd": 85, "spe": 85}, "ivs": {"hp": 31, "atk": 0, "def": 31, "spa": 31, "spd": 31, "spe": 31}, "item": "Adamant Crystal", "teraType": "Steel", "role": "Fast Attacker", "bvs": {"hp": 100, "atk": 100, "def": 120, "spa": 150, "spd": 120, "spe": 90}, "stats": {"hp": 266, "atk": 151, "def": 218, "spa": 261, "spd": 218, "spe": 174}, "types": ["Steel", "Dragon"]}, "Jumpluff": {"name": "Jumpluff", "species": "Jumpluff", "speciesId": "jumpluff", "gender": "M", "shiny": false, "level": 87, "moves": ["substitute", "acrobatics", "strengthsap", "leechseed"], "ability": "Infiltrator", "evs": {"hp": 81, "atk": 85, "def": 85, "spa": 85, "spd": 85, "spe": 85}, "ivs": {"hp": 31, "atk": 31, "def": 31, "spa": 31, "spd": 31, "spe": 31}, "item": "", "teraType": "Steel", "role": "Bulky Support", "bvs": {"hp": 75, "atk": 55, "def": 70, "spa": 55, "spd": 95, "spe": 110}, "stats": {"hp": 271, "atk": 145, "def": 172, "spa": 145, "spd": 215, "spe": 241}, "types": ["Grass", "Flying"]}, "Volbeat": {"name": "Volbeat", "species": "Volbeat", "speciesId": "volbeat", "gender": "M", "shiny": false, "level": 90, "moves": ["thunderwave", "roost", "lunge", "encore"], "ability": "Prankster", "evs": {"hp": 85, "atk": 85, "def": 85, "spa": 85, "spd": 85, "spe": 85}, "ivs": {"hp": 31, "atk": 31, "def": 31, "spa": 31, "spd": 31, "spe": 31}, "item": "Heavy-Duty Boots", "teraType": "Water", "role": "Bulky Attacker", "bvs": {"hp": 65, "atk": 73, "def": 75, "spa": 47, "spd": 85, "spe": 85}, "stats": {"hp": 263, "atk": 183, "def": 186, "spa": 136, "spd": 204, "spe": 204}, "types": ["Bug"]}, "Clawitzer": {"name": "Clawitzer", "species": "Clawitzer", "speciesId": "clawitzer", "gender": "F", "shiny": false, "level": 87, "moves": ["waterpulse", "darkpulse", "uturn", "dragonpulse"], "ability": "Mega Launcher", "evs": {"hp": 85, "atk": 85, "def": 85, "spa": 85, "spd": 85, "spe": 85}, "ivs": {"hp": 31, "atk": 31, "def": 31, "spa": 31, "spd": 31, "spe": 31}, "item": "Assault Vest", "teraType": "Dragon", "role": "AV Pivot", "bvs": {"hp": 71, "atk": 73, "def": 88, "spa": 120, "spd": 89, "spe": 59}, "stats": {"hp": 265, "atk": 177, "def": 203, "spa": 259, "spd": 205, "spe": 152}, "types": ["Water"]}, "Camerupt": {"name": "Camerupt", "species": "Camerupt", "speciesId": "camerupt", "gender": "M", "shiny": false, "level": 91, "moves": ["overheat", "earthquake", "willowisp", "roar"], "ability": "Solid Rock", "evs": {"hp": 85, "atk": 85, "def": 85, "spa": 85, "spd": 85, "spe": 85}, "ivs": {"hp": 31, "atk": 31, "def": 31, "spa": 31, "spd": 31, "spe": 31}, "item": "Leftovers", "teraType": "Water", "role": "Bulky Support", "bvs": {"hp": 70, "atk": 100, "def": 70, "spa": 105, "spd": 75, "spe": 40}, "stats": {"hp": 275, "atk": 234, "def": 179, "spa": 243, "spd": 188, "spe": 125}, "types": ["Fire", "Ground"]}, "Tornadus": {"name": "Tornadus", "species": "Tornadus-Therian", "speciesId": "tornadustherian", "gender": "M", "shiny": false, "level": 79, "moves": ["uturn", "knockoff", "bleakwindstorm", "heatwave"], "ability": "Regenerator", "evs": {"hp": 85, "atk": 85, "def": 85, "spa": 85, "spd": 85, "spe": 85}, "ivs": {"hp": 31, "atk": 31, "def": 31, "spa": 31, "spd": 31, "spe": 31}, "item": "Assault Vest", "teraType": "Dark", "role": "AV Pivot", "bvs": {"hp": 79, "atk": 100, "def": 80, "spa": 110, "spd": 90, "spe": 121}, "stats": {"hp": 254, "atk": 204, "def": 172, "spa": 219, "spd": 188, "spe": 237}, "types": ["Flying"]}}]}