{"id": "gen9randombattle-2641596554", "format": "[Gen 9] Random Battle", "players": ["SquadLeCuisto", "Marioman2007"], "log": "|j|\u2606SquadLeCuisto\n|j|\u2606Marioman2007\n|t:|1782815626\n|gametype|singles\n|player|p1|SquadLeCuisto|102|2097\n|player|p2|Marioman2007|riley|2088\n|gen|9\n|tier|[Gen 9] Random Battle\n|rated|\n|rule|Species Clause: Limit one of each Pok\u00e9mon\n|rule|HP Percentage Mod: HP is shown in percentages\n|rule|Sleep Clause Mod: Limit one foe put to sleep\n|rule|Illusion Level Mod: Illusion disguises the Pok\u00e9mon's true level\n|\n|t:|1782815626\n|teamsize|p1|6\n|teamsize|p2|6\n|start\n|switch|p1a: Quaquaval|Quaquaval, L79, F|264/264\n|switch|p2a: Mudsdale|Mudsdale, L83, M|302/302\n|turn|1\n|\n|t:|1782815633\n|switch|p2a: Kingdra|Kingdra, L84, M|263/263\n|move|p1a: Quaquaval|Swords Dance|p1a: Quaquaval\n|-boost|p1a: Quaquaval|atk|2\n|\n|upkeep\n|turn|2\n|\n|t:|1782815646\n|move|p2a: Kingdra|Hurricane|p1a: Quaquaval\n|-supereffective|p1a: Quaquaval\n|-damage|p1a: Quaquaval|7/264\n|-damage|p2a: Kingdra|237/263|[from] item: Life Orb\n|move|p1a: Quaquaval|Close Combat|p2a: Kingdra\n|-damage|p2a: Kingdra|6/263\n|-unboost|p1a: Quaquaval|def|1\n|-unboost|p1a: Quaquaval|spd|1\n|\n|-heal|p1a: Quaquaval|23/264|[from] item: Leftovers\n|upkeep\n|turn|3\n|\n|t:|1782815654\n|switch|p1a: Pachirisu|Pachirisu, L96, F|271/271\n|move|p2a: Kingdra|Draco Meteor|p1a: Pachirisu\n|-damage|p1a: Pachirisu|131/271\n|-unboost|p2a: Kingdra|spa|2\n|-damage|p2a: Kingdra|0 fnt|[from] item: Life Orb\n|faint|p2a: Kingdra\n|\n|upkeep\n|\n|t:|1782815664\n|switch|p2a: Mudsdale|Mudsdale, L83, M|302/302\n|turn|4\n|\n|t:|1782815687\n|move|p1a: Pachirisu|U-turn|p2a: Mudsdale\n|-damage|p2a: Mudsdale|266/302\n|-ability|p2a: Mudsdale|Stamina|boost\n|-boost|p2a: Mudsdale|def|1\n|\n|t:|1782815691\n|switch|p1a: Sableye|Sableye, L88, M|231/231|[from] U-turn\n|move|p2a: Mudsdale|Earthquake|p1a: Sableye\n|-damage|p1a: Sableye|83/231\n|\n|-heal|p1a: Sableye|97/231|[from] item: Leftovers\n|-heal|p2a: Mudsdale|284/302|[from] item: Leftovers\n|upkeep\n|turn|5\n|inactive|Battle timer is ON: inactive players will automatically lose when time's up. (requested by Marioman2007)\n|\n|t:|1782815697\n|move|p1a: Sableye|Will-O-Wisp|p2a: Mudsdale\n|-status|p2a: Mudsdale|brn\n|move|p2a: Mudsdale|Earthquake|p1a: Sableye\n|-damage|p1a: Sableye|32/231\n|\n|-heal|p1a: Sableye|46/231|[from] item: Leftovers\n|-heal|p2a: Mudsdale|302/302 brn|[from] item: Leftovers\n|-damage|p2a: Mudsdale|284/302 brn|[from] brn\n|upkeep\n|turn|6\n|\n|t:|1782815699\n|move|p1a: Sableye|Recover|p1a: Sableye\n|-heal|p1a: Sableye|162/231\n|move|p2a: Mudsdale|Earthquake|p1a: Sableye\n|-damage|p1a: Sableye|96/231\n|\n|-heal|p1a: Sableye|110/231|[from] item: Leftovers\n|-heal|p2a: Mudsdale|302/302 brn|[from] item: Leftovers\n|-damage|p2a: Mudsdale|284/302 brn|[from] brn\n|upkeep\n|turn|7\n|\n|t:|1782815702\n|move|p1a: Sableye|Recover|p1a: Sableye\n|-heal|p1a: Sableye|226/231\n|move|p2a: Mudsdale|Roar|p1a: Sableye\n|drag|p1a: Zangoose|Zangoose, L85, M|263/263\n|\n|-heal|p2a: Mudsdale|302/302 brn|[from] item: Leftovers\n|-damage|p2a: Mudsdale|284/302 brn|[from] brn\n|-status|p1a: Zangoose|tox|[from] item: Toxic Orb\n|upkeep\n|turn|8\n|\n|t:|1782815706\n|switch|p1a: Sableye|Sableye, L88, M|226/231\n|move|p2a: Mudsdale|Earthquake|p1a: Sableye\n|-damage|p1a: Sableye|151/231\n|\n|-heal|p1a: Sableye|165/231|[from] item: Leftovers\n|-heal|p2a: Mudsdale|302/302 brn|[from] item: Leftovers\n|-damage|p2a: Mudsdale|284/302 brn|[from] brn\n|upkeep\n|turn|9\n|\n|t:|1782815709\n|move|p1a: Sableye|Recover|p1a: Sableye\n|-heal|p1a: Sableye|231/231\n|move|p2a: Mudsdale|Roar|p1a: Sableye\n|drag|p1a: Ariados|Ariados, L95, M|287/287\n|\n|-heal|p2a: Mudsdale|302/302 brn|[from] item: Leftovers\n|-damage|p2a: Mudsdale|284/302 brn|[from] brn\n|upkeep\n|turn|10\n|\n|t:|1782815716\n|switch|p1a: Sableye|Sableye, L88, M|231/231\n|move|p2a: Mudsdale|Earthquake|p1a: Sableye\n|-crit|p1a: Sableye\n|-damage|p1a: Sableye|125/231\n|\n|-heal|p1a: Sableye|139/231|[from] item: Leftovers\n|-heal|p2a: Mudsdale|302/302 brn|[from] item: Leftovers\n|-damage|p2a: Mudsdale|284/302 brn|[from] brn\n|upkeep\n|turn|11\n|\n|t:|1782815720\n|move|p1a: Sableye|Recover|p1a: Sableye\n|-heal|p1a: Sableye|231/231\n|move|p2a: Mudsdale|Roar|p1a: Sableye\n|drag|p1a: Clawitzer|Clawitzer, L87, F|265/265\n|\n|-heal|p2a: Mudsdale|302/302 brn|[from] item: Leftovers\n|-damage|p2a: Mudsdale|284/302 brn|[from] brn\n|upkeep\n|turn|12\n|\n|t:|1782815724\n|switch|p2a: Regice|Regice, L88|284/284\n|move|p1a: Clawitzer|Water Pulse|p2a: Regice\n|-damage|p2a: Regice|224/284\n|\n|upkeep\n|turn|13\n|\n|t:|1782815728\n|move|p1a: Clawitzer|U-turn|p2a: Regice\n|-crit|p2a: Regice\n|-damage|p2a: Regice|173/284\n|\n|t:|1782815744\n|switch|p1a: Ariados|Ariados, L95, M|287/287|[from] U-turn\n|move|p2a: Regice|Ice Beam|p1a: Ariados\n|-damage|p1a: Ariados|179/287\n|\n|upkeep\n|turn|14\n|\n|t:|1782815749\n|move|p2a: Regice|Ice Beam|p1a: Ariados\n|-damage|p1a: Ariados|71/287\n|move|p1a: Ariados|Sticky Web|p2a: Regice\n|-sidestart|p2: Marioman2007|move: Sticky Web\n|\n|upkeep\n|turn|15\n|\n|t:|1782815752\n|move|p2a: Regice|Ice Beam|p1a: Ariados\n|-damage|p1a: Ariados|0 fnt\n|faint|p1a: Ariados\n|\n|upkeep\n|\n|t:|1782815758\n|switch|p1a: Quaquaval|Quaquaval, L79, F|23/264\n|turn|16\n|\n|t:|1782815762\n|switch|p2a: Mudsdale|Mudsdale, L83, M|284/302 brn\n|-activate|p2a: Mudsdale|move: Sticky Web\n|-unboost|p2a: Mudsdale|spe|1\n|move|p1a: Quaquaval|Close Combat|p2a: Mudsdale\n|-damage|p2a: Mudsdale|166/302 brn\n|-unboost|p1a: Quaquaval|def|1\n|-unboost|p1a: Quaquaval|spd|1\n|-ability|p2a: Mudsdale|Stamina|boost\n|-boost|p2a: Mudsdale|def|1\n|\n|-heal|p1a: Quaquaval|39/264|[from] item: Leftovers\n|-heal|p2a: Mudsdale|184/302 brn|[from] item: Leftovers\n|-damage|p2a: Mudsdale|166/302 brn|[from] brn\n|upkeep\n|turn|17\n|\n|t:|1782815766\n|move|p1a: Quaquaval|Roost|p1a: Quaquaval\n|-heal|p1a: Quaquaval|171/264\n|-singleturn|p1a: Quaquaval|move: Roost\n|move|p2a: Mudsdale|Earthquake|p1a: Quaquaval\n|-damage|p1a: Quaquaval|58/264\n|\n|-heal|p1a: Quaquaval|74/264|[from] item: Leftovers\n|-heal|p2a: Mudsdale|184/302 brn|[from] item: Leftovers\n|-damage|p2a: Mudsdale|166/302 brn|[from] brn\n|upkeep\n|turn|18\n|\n|t:|1782815769\n|move|p1a: Quaquaval|Roost|p1a: Quaquaval\n|-heal|p1a: Quaquaval|206/264\n|-singleturn|p1a: Quaquaval|move: Roost\n|move|p2a: Mudsdale|Roar|p1a: Quaquaval\n|drag|p1a: Sableye|Sableye, L88, M|231/231\n|\n|-heal|p2a: Mudsdale|184/302 brn|[from] item: Leftovers\n|-damage|p2a: Mudsdale|166/302 brn|[from] brn\n|upkeep\n|turn|19\n|\n|t:|1782815774\n|switch|p1a: Quaquaval|Quaquaval, L79, F|206/264\n|move|p2a: Mudsdale|Roar|p1a: Quaquaval\n|drag|p1a: Sableye|Sableye, L88, M|231/231\n|\n|-heal|p2a: Mudsdale|184/302 brn|[from] item: Leftovers\n|-damage|p2a: Mudsdale|166/302 brn|[from] brn\n|upkeep\n|turn|20\n|\n|t:|1782815779\n|switch|p1a: Quaquaval|Quaquaval, L79, F|206/264\n|move|p2a: Mudsdale|Roar|p1a: Quaquaval\n|drag|p1a: Sableye|Sableye, L88, M|231/231\n|\n|-heal|p2a: Mudsdale|184/302 brn|[from] item: Leftovers\n|-damage|p2a: Mudsdale|166/302 brn|[from] brn\n|upkeep\n|turn|21\n|\n|t:|1782815782\n|switch|p1a: Quaquaval|Quaquaval, L79, F|206/264\n|move|p2a: Mudsdale|Roar|p1a: Quaquaval\n|drag|p1a: Pachirisu|Pachirisu, L96, F|131/271\n|\n|-heal|p2a: Mudsdale|184/302 brn|[from] item: Leftovers\n|-damage|p2a: Mudsdale|166/302 brn|[from] brn\n|upkeep\n|turn|22\n|\n|t:|1782815788\n|switch|p1a: Quaquaval|Quaquaval, L79, F|206/264\n|move|p2a: Mudsdale|Earthquake|p1a: Quaquaval\n|-damage|p1a: Quaquaval|134/264\n|\n|-heal|p1a: Quaquaval|150/264|[from] item: Leftovers\n|-heal|p2a: Mudsdale|184/302 brn|[from] item: Leftovers\n|-damage|p2a: Mudsdale|166/302 brn|[from] brn\n|upkeep\n|turn|23\n|\n|t:|1782815794\n|move|p1a: Quaquaval|Roost|p1a: Quaquaval\n|-heal|p1a: Quaquaval|264/264\n|-singleturn|p1a: Quaquaval|move: Roost\n|move|p2a: Mudsdale|Roar|p1a: Quaquaval\n|drag|p1a: Zangoose|Zangoose, L85, M|263/263 tox\n|\n|-heal|p2a: Mudsdale|184/302 brn|[from] item: Leftovers\n|-damage|p1a: Zangoose|247/263 tox|[from] psn\n|-damage|p2a: Mudsdale|166/302 brn|[from] brn\n|upkeep\n|turn|24\n|\n|t:|1782815803\n|switch|p1a: Quaquaval|Quaquaval, L79, F|264/264\n|move|p2a: Mudsdale|Earthquake|p1a: Quaquaval\n|-damage|p1a: Quaquaval|193/264\n|\n|-heal|p1a: Quaquaval|209/264|[from] item: Leftovers\n|-heal|p2a: Mudsdale|184/302 brn|[from] item: Leftovers\n|-damage|p2a: Mudsdale|166/302 brn|[from] brn\n|upkeep\n|turn|25\n|\n|t:|1782815807\n|move|p1a: Quaquaval|Aqua Step|p2a: Mudsdale\n|-supereffective|p2a: Mudsdale\n|-damage|p2a: Mudsdale|64/302 brn\n|-boost|p1a: Quaquaval|spe|1\n|-ability|p2a: Mudsdale|Stamina|boost\n|-boost|p2a: Mudsdale|def|1\n|move|p2a: Mudsdale|Roar|p1a: Quaquaval\n|drag|p1a: Pachirisu|Pachirisu, L96, F|131/271\n|\n|-heal|p2a: Mudsdale|82/302 brn|[from] item: Leftovers\n|-damage|p2a: Mudsdale|64/302 brn|[from] brn\n|upkeep\n|turn|26\n|\n|t:|1782815816\n|move|p1a: Pachirisu|Encore|p2a: Mudsdale\n|-start|p2a: Mudsdale|Encore\n|move|p2a: Mudsdale|Roar|p1a: Pachirisu\n|drag|p1a: Zangoose|Zangoose, L85, M|247/263 tox\n|\n|-heal|p2a: Mudsdale|82/302 brn|[from] item: Leftovers\n|-damage|p1a: Zangoose|231/263 tox|[from] psn\n|-damage|p2a: Mudsdale|64/302 brn|[from] brn\n|upkeep\n|turn|27\n|\n|t:|1782815819\n|move|p1a: Zangoose|Facade|p2a: Mudsdale\n|-damage|p2a: Mudsdale|0 fnt\n|faint|p2a: Mudsdale\n|\n|-damage|p1a: Zangoose|199/263 tox|[from] psn\n|upkeep\n|\n|t:|1782815827\n|switch|p2a: Perrserker|Perrserker, L89, M|269/269\n|-activate|p2a: Perrserker|move: Sticky Web\n|-unboost|p2a: Perrserker|spe|1\n|turn|28\n|\n|t:|1782815850\n|move|p1a: Zangoose|Facade|p2a: Perrserker\n|-resisted|p2a: Perrserker\n|-damage|p2a: Perrserker|156/269\n|move|p2a: Perrserker|Iron Head|p1a: Zangoose\n|-damage|p1a: Zangoose|0 fnt\n|faint|p1a: Zangoose\n|-damage|p2a: Perrserker|130/269|[from] item: Life Orb\n|\n|upkeep\n|inactive|SquadLeCuisto has 120 seconds left.\n|\n|t:|1782815867\n|switch|p1a: Clawitzer|Clawitzer, L87, F|265/265\n|turn|29\n|\n|t:|1782815873\n|move|p1a: Clawitzer|Water Pulse|p2a: Perrserker\n|-damage|p2a: Perrserker|0 fnt\n|faint|p2a: Perrserker\n|\n|upkeep\n|\n|t:|1782815875\n|switch|p2a: Regice|Regice, L88|173/284\n|turn|30\n|\n|t:|1782815878\n|move|p1a: Clawitzer|U-turn|p2a: Regice\n|-damage|p2a: Regice|135/284\n|\n|t:|1782815880\n|switch|p1a: Pachirisu|Pachirisu, L96, F|131/271|[from] U-turn\n|move|p2a: Regice|Thunderbolt|p1a: Pachirisu\n|-heal|p1a: Pachirisu|198/271|[from] ability: Volt Absorb|[of] p2a: Regice\n|\n|upkeep\n|turn|31\n|\n|t:|1782815885\n|move|p1a: Pachirisu|Super Fang|p2a: Regice\n|-damage|p2a: Regice|68/284\n|move|p2a: Regice|Ice Beam|p1a: Pachirisu\n|-damage|p1a: Pachirisu|110/271\n|\n|upkeep\n|turn|32\n|\n|t:|1782815894\n|move|p1a: Pachirisu|Discharge|p2a: Regice\n|-damage|p2a: Regice|37/284\n|move|p2a: Regice|Rest|p2a: Regice\n|-status|p2a: Regice|slp|[from] move: Rest\n|-heal|p2a: Regice|284/284 slp|[silent]\n|\n|upkeep\n|turn|33\n|\n|t:|1782815897\n|move|p1a: Pachirisu|Encore|p2a: Regice\n|-start|p2a: Regice|Encore\n|cant|p2a: Regice|slp\n|\n|upkeep\n|turn|34\n|\n|t:|1782815902\n|move|p1a: Pachirisu|U-turn|p2a: Regice\n|-damage|p2a: Regice|253/284 slp\n|\n|t:|1782815904\n|switch|p1a: Quaquaval|Quaquaval, L79, F|209/264|[from] U-turn\n|cant|p2a: Regice|slp\n|\n|-heal|p1a: Quaquaval|225/264|[from] item: Leftovers\n|upkeep\n|turn|35\n|\n|t:|1782815907\n|switch|p2a: Electrode|Electrode-Hisui, L87|246/246\n|-activate|p2a: Electrode|move: Sticky Web\n|-unboost|p2a: Electrode|spe|1\n|move|p1a: Quaquaval|Swords Dance|p1a: Quaquaval\n|-boost|p1a: Quaquaval|atk|2\n|\n|-heal|p1a: Quaquaval|241/264|[from] item: Leftovers\n|upkeep\n|turn|36\n|\n|t:|1782815919\n|switch|p1a: Pachirisu|Pachirisu, L96, F|110/271\n|-terastallize|p2a: Electrode|Poison\n|move|p2a: Electrode|Giga Drain|p1a: Pachirisu\n|-damage|p1a: Pachirisu|44/271\n|\n|upkeep\n|turn|37\n|\n|t:|1782815938\n|move|p1a: Pachirisu|Super Fang|p2a: Electrode\n|-damage|p2a: Electrode|123/246\n|move|p2a: Electrode|Giga Drain|p1a: Pachirisu\n|-damage|p1a: Pachirisu|0 fnt\n|-heal|p2a: Electrode|145/246|[from] drain|[of] p1a: Pachirisu\n|faint|p1a: Pachirisu\n|\n|-heal|p2a: Electrode|160/246|[from] item: Leftovers\n|upkeep\n|\n|t:|1782815946\n|switch|p1a: Sableye|Sableye, L88, M|231/231\n|turn|38\n|\n|t:|1782815951\n|move|p2a: Electrode|Giga Drain|p1a: Sableye\n|-crit|p1a: Sableye\n|-damage|p1a: Sableye|95/231\n|-heal|p2a: Electrode|228/246|[from] drain|[of] p1a: Sableye\n|move|p1a: Sableye|Knock Off|p2a: Electrode\n|-damage|p2a: Electrode|128/246\n|-enditem|p2a: Electrode|Leftovers|[from] move: Knock Off|[of] p1a: Sableye\n|\n|-heal|p1a: Sableye|109/231|[from] item: Leftovers\n|upkeep\n|turn|39\n|\n|t:|1782815955\n|move|p1a: Sableye|Recover|p1a: Sableye\n|-heal|p1a: Sableye|225/231\n|move|p2a: Electrode|Giga Drain|p1a: Sableye\n|-crit|p1a: Sableye\n|-damage|p1a: Sableye|99/231\n|-heal|p2a: Electrode|191/246|[from] drain|[of] p1a: Sableye\n|\n|-heal|p1a: Sableye|113/231|[from] item: Leftovers\n|upkeep\n|turn|40\n|\n|t:|1782815958\n|move|p1a: Sableye|Will-O-Wisp|p2a: Electrode\n|-status|p2a: Electrode|brn\n|move|p2a: Electrode|Giga Drain|p1a: Sableye\n|-damage|p1a: Sableye|22/231\n|-heal|p2a: Electrode|237/246 brn|[from] drain|[of] p1a: Sableye\n|\n|-heal|p1a: Sableye|36/231|[from] item: Leftovers\n|-damage|p2a: Electrode|222/246 brn|[from] brn\n|upkeep\n|turn|41\n|\n|t:|1782815961\n|move|p1a: Sableye|Recover|p1a: Sableye\n|-heal|p1a: Sableye|152/231\n|move|p2a: Electrode|Giga Drain|p1a: Sableye\n|-damage|p1a: Sableye|61/231\n|-heal|p2a: Electrode|246/246 brn|[from] drain|[of] p1a: Sableye\n|\n|-heal|p1a: Sableye|75/231|[from] item: Leftovers\n|-damage|p2a: Electrode|231/246 brn|[from] brn\n|upkeep\n|turn|42\n|\n|t:|1782815963\n|move|p1a: Sableye|Recover|p1a: Sableye\n|-heal|p1a: Sableye|191/231\n|move|p2a: Electrode|Giga Drain|p1a: Sableye\n|-damage|p1a: Sableye|98/231\n|-heal|p2a: Electrode|246/246 brn|[from] drain|[of] p1a: Sableye\n|\n|-heal|p1a: Sableye|112/231|[from] item: Leftovers\n|-damage|p2a: Electrode|231/246 brn|[from] brn\n|upkeep\n|turn|43\n|\n|t:|1782815975\n|move|p1a: Sableye|Recover|p1a: Sableye\n|-heal|p1a: Sableye|228/231\n|move|p2a: Electrode|Giga Drain|p1a: Sableye\n|-damage|p1a: Sableye|140/231\n|-heal|p2a: Electrode|246/246 brn|[from] drain|[of] p1a: Sableye\n|\n|-heal|p1a: Sableye|154/231|[from] item: Leftovers\n|-damage|p2a: Electrode|231/246 brn|[from] brn\n|upkeep\n|turn|44\n|\n|t:|1782815980\n|move|p2a: Electrode|Giga Drain|p1a: Sableye\n|-damage|p1a: Sableye|67/231\n|-heal|p2a: Electrode|246/246 brn|[from] drain|[of] p1a: Sableye\n|move|p1a: Sableye|Knock Off|p2a: Electrode\n|-damage|p2a: Electrode|173/246 brn\n|\n|-heal|p1a: Sableye|81/231|[from] item: Leftovers\n|-damage|p2a: Electrode|158/246 brn|[from] brn\n|upkeep\n|turn|45\n|\n|t:|1782815984\n|move|p2a: Electrode|Giga Drain|p1a: Sableye\n|-damage|p1a: Sableye|0 fnt\n|-heal|p2a: Electrode|199/246 brn|[from] drain|[of] p1a: Sableye\n|faint|p1a: Sableye\n|\n|-damage|p2a: Electrode|184/246 brn|[from] brn\n|upkeep\n|\n|t:|1782815986\n|switch|p1a: Quaquaval|Quaquaval, L79, F|241/264\n|turn|46\n|\n|t:|1782815988\n|-terastallize|p1a: Quaquaval|Steel\n|move|p2a: Electrode|Giga Drain|p1a: Quaquaval\n|-resisted|p1a: Quaquaval\n|-damage|p1a: Quaquaval|198/264\n|-heal|p2a: Electrode|206/246 brn|[from] drain|[of] p1a: Quaquaval\n|move|p1a: Quaquaval|Aqua Step|p2a: Electrode\n|-damage|p2a: Electrode|113/246 brn\n|-boost|p1a: Quaquaval|spe|1\n|\n|-heal|p1a: Quaquaval|214/264|[from] item: Leftovers\n|-damage|p2a: Electrode|98/246 brn|[from] brn\n|upkeep\n|turn|47\n|\n|t:|1782815996\n|move|p1a: Quaquaval|Aqua Step|p2a: Electrode\n|-damage|p2a: Electrode|0 fnt\n|-boost|p1a: Quaquaval|spe|1\n|faint|p2a: Electrode\n|-ability|p1a: Quaquaval|Moxie|boost\n|-boost|p1a: Quaquaval|atk|1\n|\n|-heal|p1a: Quaquaval|230/264|[from] item: Leftovers\n|upkeep\n|\n|t:|1782816000\n|switch|p2a: Flygon|Flygon, L82, M|265/265\n|turn|48\n|\n|t:|1782816021\n|move|p1a: Quaquaval|Aqua Step|p2a: Flygon\n|-damage|p2a: Flygon|118/265\n|-boost|p1a: Quaquaval|spe|1\n|move|p2a: Flygon|Earthquake|p1a: Quaquaval\n|-supereffective|p1a: Quaquaval\n|-damage|p1a: Quaquaval|0 fnt\n|faint|p1a: Quaquaval\n|\n|upkeep\n|\n|t:|1782816027\n|switch|p1a: Clawitzer|Clawitzer, L87, F|265/265\n|turn|49\n|\n|t:|1782816034\n|move|p2a: Flygon|Earthquake|p1a: Clawitzer\n|-damage|p1a: Clawitzer|159/265\n|move|p1a: Clawitzer|Water Pulse|p2a: Flygon\n|-damage|p2a: Flygon|0 fnt\n|faint|p2a: Flygon\n|\n|upkeep\n|\n|t:|1782816037\n|switch|p2a: Regice|Regice, L88|253/284 slp\n|turn|50\n|\n|t:|1782816040\n|move|p1a: Clawitzer|Dark Pulse|p2a: Regice\n|-damage|p2a: Regice|205/284 slp\n|-curestatus|p2a: Regice|slp|[msg]\n|cant|p2a: Regice|flinch\n|\n|upkeep\n|turn|51\n|\n|t:|1782816044\n|move|p1a: Clawitzer|Water Pulse|p2a: Regice\n|-damage|p2a: Regice|148/284\n|move|p2a: Regice|Thunderbolt|p1a: Clawitzer\n|-supereffective|p1a: Clawitzer\n|-damage|p1a: Clawitzer|65/265\n|-status|p1a: Clawitzer|par\n|\n|upkeep\n|turn|52\n|\n|t:|1782816047\n|move|p2a: Regice|Thunderbolt|p1a: Clawitzer\n|-supereffective|p1a: Clawitzer\n|-damage|p1a: Clawitzer|0 fnt\n|faint|p1a: Clawitzer\n|\n|win|Marioman2007\n|raw|SquadLeCuisto's rating: 2097 &rarr; <strong>2076</strong><br />(-21 for losing)\n|raw|Marioman2007's rating: 2088 &rarr; <strong>2109</strong><br />(+21 for winning)\n|l|\u2606SquadLeCuisto\n|player|p1|\n|l|\u2606Marioman2007\n|player|p2|\n|j|\u2606Marioman2007\n|player|p2|Marioman2007|riley|\n", "inputlog": ">version f8ac14003a5f27e1bdc8d8c59608a773c1cb96e5\n>start {\"formatid\":\"gen9randombattle\",\"seed\":\"sodium,bdc0f844f252cb8b28a3dedd67e2f052\",\"rated\":\"Rated battle\"}\n>player p1 {\"name\":\"SquadLeCuisto\",\"avatar\":\"102\",\"rating\":2097,\"seed\":\"sodium,c8ae0f3ba322586c3b583e42d0066afc\"}\n>player p2 {\"name\":\"Marioman2007\",\"avatar\":\"riley\",\"rating\":2088,\"seed\":\"sodium,cbc0e192f5c9663e1f50ab78a43b3b02\"}\n>p1 move swordsdance\n>p2 switch 3\n>p1 move closecombat\n>p2 move hurricane\n>p1 switch 3\n>p2 move dracometeor\n>p2 switch 3\n>p1 move uturn\n>p2 move earthquake\n>p1 switch 2\n>p1 move willowisp\n>p2 move earthquake\n>p1 move recover\n>p2 move earthquake\n>p1 move recover\n>p2 move roar\n>p1 switch 4\n>p2 move earthquake\n>p1 move recover\n>p2 move roar\n>p1 switch 6\n>p2 move earthquake\n>p1 move recover\n>p2 move roar\n>p1 move waterpulse\n>p2 switch 6\n>p1 move uturn\n>p2 move icebeam\n>p1 switch 6\n>p1 move stickyweb\n>p2 move icebeam\n>p1 move megahorn\n>p2 move icebeam\n>p1 switch 3\n>p1 move closecombat\n>p2 switch 6\n>p1 move roost\n>p2 move earthquake\n>p1 move roost\n>p2 move roar\n>p1 switch 5\n>p2 move roar\n>p1 switch 5\n>p2 move roar\n>p1 switch 5\n>p2 move roar\n>p1 switch 2\n>p2 move earthquake\n>p1 move roost\n>p2 move roar\n>p1 switch 4\n>p2 move earthquake\n>p1 move aquastep\n>p2 move roar\n>p1 move encore\n>p2 move roar\n>p1 move facade\n>p2 move roar\n>p2 switch 5\n>p1 move facade\n>p2 move ironhead\n>p1 switch 6\n>p1 move waterpulse\n>p2 move knockoff\n>p2 switch 6\n>p1 move uturn\n>p2 move thunderbolt\n>p1 switch 4\n>p1 move superfang\n>p2 move icebeam\n>p1 move discharge\n>p2 move rest\n>p1 move encore\n>p2 move sleeptalk\n>p1 move uturn\n>p2 move rest\n>p1 switch 2\n>p1 move swordsdance\n>p2 switch 2\n>p1 switch 2\n>p2 move gigadrain terastallize\n>p1 move superfang\n>p2 move gigadrain\n>p1 switch 5\n>p1 move knockoff\n>p2 move gigadrain\n>p1 move recover\n>p2 move gigadrain\n>p1 move willowisp\n>p2 move gigadrain\n>p1 move recover\n>p2 move gigadrain\n>p1 move recover\n>p2 move gigadrain\n>p1 move recover\n>p2 move gigadrain\n>p1 move knockoff\n>p2 move gigadrain\n>p1 move knockoff\n>p2 move gigadrain\n>p1 switch 2\n>p1 move aquastep terastallize\n>p2 move gigadrain\n>p1 move aquastep\n>p2 move thunderbolt\n>p2 switch 4\n>p1 move aquastep\n>p2 move earthquake\n>p1 switch 4\n>p1 move waterpulse\n>p2 move earthquake\n>p2 switch 2\n>p1 move darkpulse\n>p2 move sleeptalk\n>p1 move waterpulse\n>p2 move thunderbolt\n>p1 move waterpulse\n>p2 move thunderbolt", "uploadtime": 1782815630, "views": 4, "formatid": "gen9randombattle", "rating": 2076, "private": 0, "password": null, "player_dets": [{"name": "SquadLeCuisto", "avatar": "102", "rating": 2097, "seed": "sodium,c8ae0f3ba322586c3b583e42d0066afc"}, {"name": "Marioman2007", "avatar": "riley", "rating": 2088, "seed": "sodium,cbc0e192f5c9663e1f50ab78a43b3b02"}], "teams_full": [{"Quaquaval": {"name": "Quaquaval", "species": "Quaquaval", "speciesId": "quaquaval", "gender": "F", "shiny": false, "level": 79, "moves": ["roost", "closecombat", "aquastep", "swordsdance"], "ability": "Moxie", "evs": {"hp": 85, "atk": 85, "def": 85, "spa": 85, "spd": 85, "spe": 85}, "ivs": {"hp": 31, "atk": 31, "def": 31, "spa": 31, "spd": 31, "spe": 31}, "item": "Leftovers", "teraType": "Steel", "role": "Bulky Attacker", "bvs": {"hp": 85, "atk": 120, "def": 80, "spa": 85, "spd": 75, "spe": 85}, "stats": {"hp": 264, "atk": 235, "def": 172, "spa": 180, "spd": 164, "spe": 180}, "types": ["Water", "Fighting"]}, "Sableye": {"name": "Sableye", "species": "Sableye", "speciesId": "sableye", "gender": "M", "shiny": false, "level": 88, "moves": ["encore", "knockoff", "willowisp", "recover"], "ability": "Prankster", "evs": {"hp": 85, "atk": 85, "def": 85, "spa": 85, "spd": 85, "spe": 85}, "ivs": {"hp": 31, "atk": 31, "def": 31, "spa": 31, "spd": 31, "spe": 31}, "item": "Leftovers", "teraType": "Poison", "role": "Bulky Support", "bvs": {"hp": 50, "atk": 75, "def": 75, "spa": 65, "spd": 65, "spe": 50}, "stats": {"hp": 231, "atk": 182, "def": 182, "spa": 165, "spd": 165, "spe": 138}, "types": ["Dark", "Ghost"]}, "Pachirisu": {"name": "Pachirisu", "species": "Pachirisu", "speciesId": "pachirisu", "gender": "F", "shiny": false, "level": 96, "moves": ["superfang", "discharge", "encore", "uturn"], "ability": "Volt Absorb", "evs": {"hp": 85, "atk": 85, "def": 85, "spa": 85, "spd": 85, "spe": 85}, "ivs": {"hp": 31, "atk": 31, "def": 31, "spa": 31, "spd": 31, "spe": 31}, "item": "Heavy-Duty Boots", "teraType": "Flying", "role": "Fast Support", "bvs": {"hp": 60, "atk": 45, "def": 70, "spa": 45, "spd": 90, "spe": 95}, "stats": {"hp": 271, "atk": 141, "def": 189, "spa": 141, "spd": 227, "spe": 237}, "types": ["Electric"]}, "Zangoose": {"name": "Zangoose", "species": "Zangoose", "speciesId": "zangoose", "gender": "M", "shiny": false, "level": 85, "moves": ["swordsdance", "knockoff", "facade", "quickattack"], "ability": "Toxic Boost", "evs": {"hp": 85, "atk": 85, "def": 85, "spa": 85, "spd": 85, "spe": 85}, "ivs": {"hp": 31, "atk": 31, "def": 31, "spa": 31, "spd": 31, "spe": 31}, "item": "Toxic Orb", "teraType": "Normal", "role": "Fast Attacker", "bvs": {"hp": 73, "atk": 115, "def": 60, "spa": 60, "spd": 60, "spe": 90}, "stats": {"hp": 263, "atk": 244, "def": 151, "spa": 151, "spd": 151, "spe": 202}, "types": ["Normal"]}, "Clawitzer": {"name": "Clawitzer", "species": "Clawitzer", "speciesId": "clawitzer", "gender": "F", "shiny": false, "level": 87, "moves": ["darkpulse", "uturn", "dragonpulse", "waterpulse"], "ability": "Mega Launcher", "evs": {"hp": 85, "atk": 85, "def": 85, "spa": 85, "spd": 85, "spe": 85}, "ivs": {"hp": 31, "atk": 31, "def": 31, "spa": 31, "spd": 31, "spe": 31}, "item": "Assault Vest", "teraType": "Dragon", "role": "AV Pivot", "bvs": {"hp": 71, "atk": 73, "def": 88, "spa": 120, "spd": 89, "spe": 59}, "stats": {"hp": 265, "atk": 177, "def": 203, "spa": 259, "spd": 205, "spe": 152}, "types": ["Water"]}, "Ariados": {"name": "Ariados", "species": "Ariados", "speciesId": "ariados", "gender": "M", "shiny": false, "level": 95, "moves": ["poisonjab", "knockoff", "stickyweb", "megahorn"], "ability": "Swarm", "evs": {"hp": 85, "atk": 85, "def": 85, "spa": 85, "spd": 85, "spe": 85}, "ivs": {"hp": 31, "atk": 31, "def": 31, "spa": 31, "spd": 31, "spe": 31}, "item": "Heavy-Duty Boots", "teraType": "Ghost", "role": "Fast Support", "bvs": {"hp": 70, "atk": 90, "def": 70, "spa": 60, "spd": 70, "spe": 40}, "stats": {"hp": 287, "atk": 225, "def": 187, "spa": 168, "spd": 187, "spe": 130}, "types": ["Bug", "Poison"]}}, {"Mudsdale": {"name": "Mudsdale", "species": "Mudsdale", "speciesId": "mudsdale", "gender": "M", "shiny": false, "level": 83, "moves": ["stoneedge", "heavyslam", "earthquake", "roar"], "ability": "Stamina", "evs": {"hp": 85, "atk": 85, "def": 85, "spa": 85, "spd": 85, "spe": 85}, "ivs": {"hp": 31, "atk": 31, "def": 31, "spa": 31, "spd": 31, "spe": 31}, "item": "Leftovers", "teraType": "Steel", "role": "Bulky Attacker", "bvs": {"hp": 100, "atk": 125, "def": 100, "spa": 55, "spd": 85, "spe": 35}, "stats": {"hp": 302, "atk": 255, "def": 214, "spa": 139, "spd": 189, "spe": 106}, "types": ["Ground"]}, "Electrode": {"name": "Electrode", "species": "Electrode-Hisui", "speciesId": "electrodehisui", "gender": "N", "shiny": false, "level": 87, "moves": ["leechseed", "gigadrain", "thunderbolt", "substitute"], "ability": "Soundproof", "evs": {"hp": 85, "atk": 0, "def": 85, "spa": 85, "spd": 85, "spe": 85}, "ivs": {"hp": 31, "atk": 0, "def": 31, "spa": 31, "spd": 31, "spe": 31}, "item": "Leftovers", "teraType": "Poison", "role": "Fast Support", "bvs": {"hp": 60, "atk": 50, "def": 70, "spa": 80, "spd": 80, "spe": 150}, "stats": {"hp": 246, "atk": 92, "def": 172, "spa": 189, "spd": 189, "spe": 311}, "types": ["Electric", "Grass"]}, "Kingdra": {"name": "Kingdra", "species": "Kingdra", "speciesId": "kingdra", "gender": "M", "shiny": false, "level": 84, "moves": ["hurricane", "wavecrash", "dracometeor", "raindance"], "ability": "Swift Swim", "evs": {"hp": 85, "atk": 85, "def": 85, "spa": 85, "spd": 85, "spe": 85}, "ivs": {"hp": 31, "atk": 31, "def": 31, "spa": 31, "spd": 31, "spe": 31}, "item": "Life Orb", "teraType": "Water", "role": "Fast Attacker", "bvs": {"hp": 75, "atk": 95, "def": 95, "spa": 95, "spd": 95, "spe": 85}, "stats": {"hp": 263, "atk": 208, "def": 208, "spa": 208, "spd": 208, "spe": 191}, "types": ["Water", "Dragon"]}, "Flygon": {"name": "Flygon", "species": "Flygon", "speciesId": "flygon", "gender": "M", "shiny": false, "level": 82, "moves": ["uturn", "earthquake", "outrage", "stoneedge"], "ability": "Levitate", "evs": {"hp": 85, "atk": 85, "def": 85, "spa": 85, "spd": 85, "spe": 85}, "ivs": {"hp": 31, "atk": 31, "def": 31, "spa": 31, "spd": 31, "spe": 31}, "item": "Choice Scarf", "teraType": "Steel", "role": "Fast Attacker", "bvs": {"hp": 80, "atk": 100, "def": 80, "spa": 80, "spd": 80, "spe": 100}, "stats": {"hp": 265, "atk": 211, "def": 178, "spa": 178, "spd": 178, "spe": 211}, "types": ["Ground", "Dragon"]}, "Perrserker": {"name": "Perrserker", "species": "Perrserker", "speciesId": "perrserker", "gender": "M", "shiny": false, "level": 89, "moves": ["knockoff", "stealthrock", "ironhead", "closecombat"], "ability": "Tough Claws", "evs": {"hp": 85, "atk": 85, "def": 85, "spa": 85, "spd": 85, "spe": 85}, "ivs": {"hp": 31, "atk": 31, "def": 31, "spa": 31, "spd": 31, "spe": 31}, "item": "Life Orb", "teraType": "Fighting", "role": "Fast Attacker", "bvs": {"hp": 70, "atk": 110, "def": 100, "spa": 50, "spd": 60, "spe": 50}, "stats": {"hp": 269, "atk": 247, "def": 229, "spa": 140, "spd": 158, "spe": 140}, "types": ["Steel"]}, "Regice": {"name": "Regice", "species": "Regice", "speciesId": "regice", "gender": "N", "shiny": false, "level": 88, "moves": ["icebeam", "rest", "thunderbolt", "sleeptalk"], "ability": "Clear Body", "evs": {"hp": 85, "atk": 0, "def": 85, "spa": 85, "spd": 85, "spe": 85}, "ivs": {"hp": 31, "atk": 0, "def": 31, "spa": 31, "spd": 31, "spe": 31}, "item": "Heavy-Duty Boots", "teraType": "Electric", "role": "Bulky Attacker", "bvs": {"hp": 80, "atk": 50, "def": 100, "spa": 100, "spd": 200, "spe": 50}, "stats": {"hp": 284, "atk": 93, "def": 226, "spa": 226, "spd": 402, "spe": 138}, "types": ["Ice"]}}]}