{"id": "gen9randombattle-2641609319", "format": "[Gen 9] Random Battle", "players": ["Eliwood_of_Pherae", "Marikeinen"], "log": "|j|\u2606Eliwood_of_Pherae\n|j|\u2606Marikeinen\n|t:|1782818107\n|gametype|singles\n|player|p1|Eliwood_of_Pherae|darach-caitlin|1985\n|player|p2|Marikeinen|170|1954\n|gen|9\n|tier|[Gen 9] Random Battle\n|rated|\n|rule|Species Clause: Limit one of each Pok\u00e9mon\n|rule|HP Percentage Mod: HP is shown in percentages\n|rule|Sleep Clause Mod: Limit one foe put to sleep\n|rule|Illusion Level Mod: Illusion disguises the Pok\u00e9mon's true level\n|\n|t:|1782818107\n|teamsize|p1|6\n|teamsize|p2|6\n|start\n|switch|p1a: Crawdaunt|Crawdaunt, L84, F|243/243\n|switch|p2a: Noctowl|Noctowl, L95, M|344/344\n|turn|1\n|inactive|Battle timer is ON: inactive players will automatically lose when time's up. (requested by Eliwood_of_Pherae)\n|\n|t:|1782818137\n|switch|p1a: Bellibolt|Bellibolt, L84, M|320/320\n|move|p2a: Noctowl|Hurricane|p1a: Bellibolt\n|-resisted|p1a: Bellibolt\n|-damage|p1a: Bellibolt|188/320\n|-start|p1a: Bellibolt|Charge|Hurricane|[from] ability: Electromorphosis\n|\n|-heal|p1a: Bellibolt|208/320|[from] item: Leftovers\n|upkeep\n|turn|2\n|\n|t:|1782818144\n|switch|p2a: Lanturn|Lanturn, L89, F|367/367\n|move|p1a: Bellibolt|Toxic|p2a: Lanturn\n|-status|p2a: Lanturn|tox\n|\n|-heal|p1a: Bellibolt|228/320|[from] item: Leftovers\n|-damage|p2a: Lanturn|345/367 tox|[from] psn\n|upkeep\n|turn|3\n|\n|t:|1782818169\n|move|p2a: Lanturn|Scald|p1a: Bellibolt\n|-damage|p1a: Bellibolt|141/320\n|-start|p1a: Bellibolt|Charge|Scald|[from] ability: Electromorphosis\n|move|p1a: Bellibolt|Slack Off|p1a: Bellibolt\n|-heal|p1a: Bellibolt|301/320\n|\n|-heal|p2a: Lanturn|367/367 tox|[from] item: Leftovers\n|-heal|p1a: Bellibolt|320/320|[from] item: Leftovers\n|-damage|p2a: Lanturn|323/367 tox|[from] psn\n|upkeep\n|turn|4\n|\n|t:|1782818177\n|switch|p1a: Exeggutor|Exeggutor, L89, F|312/312\n|move|p2a: Lanturn|Scald|p1a: Exeggutor\n|-resisted|p1a: Exeggutor\n|-damage|p1a: Exeggutor|268/312\n|-status|p1a: Exeggutor|brn\n|\n|-heal|p2a: Lanturn|345/367 tox|[from] item: Leftovers\n|-damage|p2a: Lanturn|279/367 tox|[from] psn\n|-damage|p1a: Exeggutor|249/312 brn|[from] brn\n|upkeep\n|turn|5\n|\n|t:|1782818184\n|move|p2a: Lanturn|Ice Beam|p1a: Exeggutor\n|-supereffective|p1a: Exeggutor\n|-damage|p1a: Exeggutor|131/312 brn\n|-enditem|p1a: Exeggutor|Sitrus Berry|[eat]\n|-heal|p1a: Exeggutor|209/312 brn|[from] item: Sitrus Berry\n|move|p1a: Exeggutor|Leech Seed|p2a: Lanturn\n|-start|p2a: Lanturn|move: Leech Seed\n|\n|-heal|p2a: Lanturn|301/367 tox|[from] item: Leftovers\n|-damage|p2a: Lanturn|256/367 tox|[from] Leech Seed|[of] p1a: Exeggutor\n|-heal|p1a: Exeggutor|254/312 brn|[silent]\n|-damage|p2a: Lanturn|168/367 tox|[from] psn\n|-damage|p1a: Exeggutor|235/312 brn|[from] brn\n|-item|p1a: Exeggutor|Sitrus Berry|[from] ability: Harvest\n|upkeep\n|turn|6\n|\n|t:|1782818190\n|switch|p2a: Noctowl|Noctowl, L95, M|344/344\n|move|p1a: Exeggutor|Substitute|p1a: Exeggutor\n|-start|p1a: Exeggutor|Substitute\n|-damage|p1a: Exeggutor|157/312 brn\n|\n|-damage|p1a: Exeggutor|138/312 brn|[from] brn\n|upkeep\n|-enditem|p1a: Exeggutor|Sitrus Berry|[eat]\n|-heal|p1a: Exeggutor|216/312 brn|[from] item: Sitrus Berry\n|turn|7\n|\n|t:|1782818195\n|move|p2a: Noctowl|Hyper Voice|p1a: Exeggutor\n|-damage|p1a: Exeggutor|89/312 brn\n|move|p1a: Exeggutor|Leech Seed|p2a: Noctowl\n|-start|p2a: Noctowl|move: Leech Seed\n|\n|-damage|p2a: Noctowl|301/344|[from] Leech Seed|[of] p1a: Exeggutor\n|-heal|p1a: Exeggutor|132/312 brn|[silent]\n|-damage|p1a: Exeggutor|113/312 brn|[from] brn\n|-item|p1a: Exeggutor|Sitrus Berry|[from] ability: Harvest\n|upkeep\n|-enditem|p1a: Exeggutor|Sitrus Berry|[eat]\n|-heal|p1a: Exeggutor|191/312 brn|[from] item: Sitrus Berry\n|turn|8\n|\n|t:|1782818201\n|switch|p2a: Sylveon|Sylveon, L85, M|300/300\n|move|p1a: Exeggutor|Psychic Noise|p2a: Sylveon\n|-damage|p2a: Sylveon|215/300\n|-start|p2a: Sylveon|move: Heal Block\n|\n|-damage|p1a: Exeggutor|172/312 brn|[from] brn\n|upkeep\n|turn|9\n|\n|t:|1782818205\n|move|p2a: Sylveon|Calm Mind|p2a: Sylveon\n|-boost|p2a: Sylveon|spa|1\n|-boost|p2a: Sylveon|spd|1\n|move|p1a: Exeggutor|Leech Seed|p2a: Sylveon\n|-start|p2a: Sylveon|move: Leech Seed\n|\n|-damage|p2a: Sylveon|178/300|[from] Leech Seed|[of] p1a: Exeggutor\n|-heal|p1a: Exeggutor|209/312 brn|[silent]\n|-damage|p1a: Exeggutor|190/312 brn|[from] brn\n|-end|p2a: Sylveon|move: Heal Block\n|upkeep\n|turn|10\n|\n|t:|1782818214\n|move|p1a: Exeggutor|Protect|p1a: Exeggutor\n|-singleturn|p1a: Exeggutor|Protect\n|move|p2a: Sylveon|Calm Mind|p2a: Sylveon\n|-boost|p2a: Sylveon|spa|1\n|-boost|p2a: Sylveon|spd|1\n|\n|-heal|p2a: Sylveon|196/300|[from] item: Leftovers\n|-damage|p2a: Sylveon|159/300|[from] Leech Seed|[of] p1a: Exeggutor\n|-heal|p1a: Exeggutor|227/312 brn|[silent]\n|-damage|p1a: Exeggutor|208/312 brn|[from] brn\n|upkeep\n|turn|11\n|\n|t:|1782818231\n|-terastallize|p1a: Exeggutor|Steel\n|move|p2a: Sylveon|Hyper Voice|p1a: Exeggutor\n|-resisted|p1a: Exeggutor\n|-damage|p1a: Exeggutor|73/312 brn\n|move|p1a: Exeggutor|Psychic Noise|p2a: Sylveon\n|-damage|p2a: Sylveon|122/300\n|-start|p2a: Sylveon|move: Heal Block\n|\n|-damage|p2a: Sylveon|85/300|[from] Leech Seed|[of] p1a: Exeggutor\n|-heal|p1a: Exeggutor|110/312 brn|[silent]\n|-damage|p1a: Exeggutor|91/312 brn|[from] brn\n|upkeep\n|turn|12\n|\n|t:|1782818245\n|move|p1a: Exeggutor|Protect|p1a: Exeggutor\n|-singleturn|p1a: Exeggutor|Protect\n|move|p2a: Sylveon|Calm Mind|p2a: Sylveon\n|-boost|p2a: Sylveon|spa|1\n|-boost|p2a: Sylveon|spd|1\n|\n|-damage|p2a: Sylveon|48/300|[from] Leech Seed|[of] p1a: Exeggutor\n|-heal|p1a: Exeggutor|128/312 brn|[silent]\n|-damage|p1a: Exeggutor|109/312 brn|[from] brn\n|-end|p2a: Sylveon|move: Heal Block\n|-item|p1a: Exeggutor|Sitrus Berry|[from] ability: Harvest\n|upkeep\n|-enditem|p1a: Exeggutor|Sitrus Berry|[eat]\n|-heal|p1a: Exeggutor|187/312 brn|[from] item: Sitrus Berry\n|turn|13\n|\n|t:|1782818250\n|move|p2a: Sylveon|Hyper Voice|p1a: Exeggutor\n|-resisted|p1a: Exeggutor\n|-damage|p1a: Exeggutor|26/312 brn\n|move|p1a: Exeggutor|Psychic Noise|p2a: Sylveon\n|-damage|p2a: Sylveon|18/300\n|-start|p2a: Sylveon|move: Heal Block\n|\n|-damage|p2a: Sylveon|0 fnt|[from] Leech Seed|[of] p1a: Exeggutor\n|-heal|p1a: Exeggutor|44/312 brn|[silent]\n|faint|p2a: Sylveon\n|-damage|p1a: Exeggutor|25/312 brn|[from] brn\n|upkeep\n|\n|t:|1782818275\n|switch|p2a: Noctowl|Noctowl, L95, M|301/344\n|turn|14\n|\n|t:|1782818284\n|move|p1a: Exeggutor|Protect|p1a: Exeggutor\n|-singleturn|p1a: Exeggutor|Protect\n|move|p2a: Noctowl|Hyper Voice|p1a: Exeggutor\n|-activate|p1a: Exeggutor|move: Protect\n|\n|-damage|p1a: Exeggutor|6/312 brn|[from] brn\n|-item|p1a: Exeggutor|Sitrus Berry|[from] ability: Harvest\n|upkeep\n|-enditem|p1a: Exeggutor|Sitrus Berry|[eat]\n|-heal|p1a: Exeggutor|84/312 brn|[from] item: Sitrus Berry\n|turn|15\n|\n|t:|1782818306\n|move|p2a: Noctowl|Hyper Voice|p1a: Exeggutor\n|-resisted|p1a: Exeggutor\n|-damage|p1a: Exeggutor|0 fnt\n|faint|p1a: Exeggutor\n|\n|upkeep\n|\n|t:|1782818315\n|switch|p1a: Crawdaunt|Crawdaunt, L84, F|243/243\n|turn|16\n|\n|t:|1782818329\n|move|p2a: Noctowl|Hyper Voice|p1a: Crawdaunt\n|-damage|p1a: Crawdaunt|95/243\n|move|p1a: Crawdaunt|Dragon Dance|p1a: Crawdaunt\n|-boost|p1a: Crawdaunt|atk|1\n|-boost|p1a: Crawdaunt|spe|1\n|\n|upkeep\n|turn|17\n|inactive|Eliwood_of_Pherae has 120 seconds left.\n|inactive|Eliwood_of_Pherae has 90 seconds left.\n|\n|t:|1782818416\n|move|p1a: Crawdaunt|Knock Off|p2a: Noctowl\n|-damage|p2a: Noctowl|0 fnt\n|-enditem|p2a: Noctowl|Heavy-Duty Boots|[from] move: Knock Off|[of] p1a: Crawdaunt\n|faint|p2a: Noctowl\n|-damage|p1a: Crawdaunt|71/243|[from] item: Life Orb\n|\n|upkeep\n|\n|t:|1782818428\n|switch|p2a: Cobalion|Cobalion, L80|277/277\n|turn|18\n|\n|t:|1782818432\n|move|p2a: Cobalion|Vacuum Wave|p1a: Crawdaunt\n|-supereffective|p1a: Crawdaunt\n|-damage|p1a: Crawdaunt|0 fnt\n|faint|p1a: Crawdaunt\n|\n|upkeep\n|\n|t:|1782818442\n|switch|p1a: Toxapex|Toxapex, L82, F|216/216\n|turn|19\n|inactive|Marikeinen has 120 seconds left.\n|\n|t:|1782818488\n|move|p2a: Cobalion|Calm Mind|p2a: Cobalion\n|-boost|p2a: Cobalion|spa|1\n|-boost|p2a: Cobalion|spd|1\n|move|p1a: Toxapex|Liquidation|p2a: Cobalion\n|-damage|p2a: Cobalion|228/277\n|\n|-heal|p2a: Cobalion|245/277|[from] item: Leftovers\n|upkeep\n|turn|20\n|\n|t:|1782818492\n|move|p2a: Cobalion|Calm Mind|p2a: Cobalion\n|-boost|p2a: Cobalion|spa|1\n|-boost|p2a: Cobalion|spd|1\n|move|p1a: Toxapex|Haze|p1a: Toxapex\n|-clearallboost\n|\n|-heal|p2a: Cobalion|262/277|[from] item: Leftovers\n|upkeep\n|turn|21\n|\n|t:|1782818500\n|switch|p2a: Swampert|Swampert, L83, M|302/302\n|move|p1a: Toxapex|Liquidation|p2a: Swampert\n|-damage|p2a: Swampert|233/302\n|-unboost|p2a: Swampert|def|1\n|\n|-heal|p2a: Swampert|251/302|[from] item: Leftovers\n|upkeep\n|turn|22\n|\n|t:|1782818518\n|move|p2a: Swampert|Stealth Rock|p1a: Toxapex\n|-sidestart|p1: Eliwood_of_Pherae|move: Stealth Rock\n|move|p1a: Toxapex|Liquidation|p2a: Swampert\n|-damage|p2a: Swampert|161/302\n|\n|-heal|p2a: Swampert|179/302|[from] item: Leftovers\n|upkeep\n|turn|23\n|\n|t:|1782818523\n|move|p2a: Swampert|Flip Turn|p1a: Toxapex\n|-resisted|p1a: Toxapex\n|-damage|p1a: Toxapex|192/216\n|-damage|p2a: Swampert|129/302|[from] item: Rocky Helmet|[of] p1a: Toxapex\n|\n|t:|1782818524\n|switch|p2a: Lanturn|Lanturn, L89, F|168/367 tox|[from] Flip Turn\n|move|p1a: Toxapex|Liquidation|p2a: Lanturn\n|-resisted|p2a: Lanturn\n|-damage|p2a: Lanturn|130/367 tox\n|\n|-heal|p2a: Lanturn|152/367 tox|[from] item: Leftovers\n|-damage|p2a: Lanturn|130/367 tox|[from] psn\n|upkeep\n|turn|24\n|\n|t:|1782818529\n|switch|p2a: Swampert|Swampert, L83, M|129/302\n|switch|p1a: Bellibolt|Bellibolt, L84, M|320/320\n|-damage|p1a: Bellibolt|280/320|[from] Stealth Rock\n|\n|-heal|p2a: Swampert|147/302|[from] item: Leftovers\n|-heal|p1a: Bellibolt|300/320|[from] item: Leftovers\n|upkeep\n|turn|25\n|\n|t:|1782818541\n|move|p2a: Swampert|Earthquake|p1a: Bellibolt\n|-supereffective|p1a: Bellibolt\n|-damage|p1a: Bellibolt|54/320\n|-start|p1a: Bellibolt|Charge|Earthquake|[from] ability: Electromorphosis\n|move|p1a: Bellibolt|Muddy Water|p2a: Swampert\n|-damage|p2a: Swampert|85/302\n|\n|-heal|p2a: Swampert|103/302|[from] item: Leftovers\n|-heal|p1a: Bellibolt|74/320|[from] item: Leftovers\n|upkeep\n|turn|26\n|\n|t:|1782818566\n|move|p2a: Swampert|Earthquake|p1a: Bellibolt\n|-supereffective|p1a: Bellibolt\n|-damage|p1a: Bellibolt|0 fnt\n|faint|p1a: Bellibolt\n|\n|-heal|p2a: Swampert|121/302|[from] item: Leftovers\n|upkeep\n|\n|t:|1782818571\n|switch|p1a: Furret|Furret, L94, F|312/312\n|-damage|p1a: Furret|273/312|[from] Stealth Rock\n|-item|p2a: Swampert|Leftovers|[from] ability: Frisk|[of] p1a: Furret\n|turn|27\n|\n|t:|1782818575\n|move|p1a: Furret|Tidy Up|p1a: Furret\n|-sideend|p1: Eliwood_of_Pherae|Stealth Rock\n|-activate|p1a: Furret|move: Tidy Up\n|-boost|p1a: Furret|atk|1\n|-boost|p1a: Furret|spe|1\n|move|p2a: Swampert|Earthquake|p1a: Furret\n|-damage|p1a: Furret|144/312\n|\n|-heal|p2a: Swampert|139/302|[from] item: Leftovers\n|upkeep\n|turn|28\n|\n|t:|1782818586\n|move|p1a: Furret|Double-Edge|p2a: Swampert\n|-crit|p2a: Swampert\n|-damage|p2a: Swampert|0 fnt\n|faint|p2a: Swampert\n|-damage|p1a: Furret|98/312|[from] Recoil\n|-damage|p1a: Furret|67/312|[from] item: Life Orb\n|\n|upkeep\n|\n|t:|1782818588\n|switch|p2a: Cobalion|Cobalion, L80|262/277\n|turn|29\n|\n|t:|1782818592\n|move|p2a: Cobalion|Vacuum Wave|p1a: Furret\n|-supereffective|p1a: Furret\n|-damage|p1a: Furret|0 fnt\n|faint|p1a: Furret\n|\n|-heal|p2a: Cobalion|277/277|[from] item: Leftovers\n|upkeep\n|\n|t:|1782818595\n|switch|p1a: Girafarig|Girafarig, L89, M|269/269\n|turn|30\n|\n|t:|1782818598\n|move|p2a: Cobalion|Calm Mind|p2a: Cobalion\n|-boost|p2a: Cobalion|spa|1\n|-boost|p2a: Cobalion|spd|1\n|move|p1a: Girafarig|Nasty Plot|p1a: Girafarig\n|-boost|p1a: Girafarig|spa|2\n|\n|upkeep\n|turn|31\n|\n|t:|1782818600\n|move|p2a: Cobalion|Flash Cannon|p1a: Girafarig\n|-damage|p1a: Girafarig|185/269\n|move|p1a: Girafarig|Nasty Plot|p1a: Girafarig\n|-boost|p1a: Girafarig|spa|2\n|\n|upkeep\n|turn|32\n|\n|t:|1782818603\n|move|p2a: Cobalion|Flash Cannon|p1a: Girafarig\n|-damage|p1a: Girafarig|94/269\n|-unboost|p1a: Girafarig|spd|1\n|move|p1a: Girafarig|Psychic|p2a: Cobalion\n|-damage|p2a: Cobalion|54/277\n|-unboost|p2a: Cobalion|spd|1\n|\n|-heal|p2a: Cobalion|71/277|[from] item: Leftovers\n|upkeep\n|turn|33\n|\n|t:|1782818609\n|switch|p1a: Toxapex|Toxapex, L82, F|216/216\n|move|p2a: Cobalion|Flash Cannon|p1a: Toxapex\n|-resisted|p1a: Toxapex\n|-damage|p1a: Toxapex|174/216\n|\n|-heal|p2a: Cobalion|88/277|[from] item: Leftovers\n|upkeep\n|turn|34\n|\n|t:|1782818612\n|switch|p2a: Swalot|Swalot, L90, F|326/326\n|move|p1a: Toxapex|Liquidation|p2a: Swalot\n|-damage|p2a: Swalot|266/326\n|\n|-heal|p2a: Swalot|286/326|[from] item: Leftovers\n|upkeep\n|turn|35\n|\n|t:|1782818617\n|move|p2a: Swalot|Swords Dance|p2a: Swalot\n|-boost|p2a: Swalot|atk|2\n|move|p1a: Toxapex|Liquidation|p2a: Swalot\n|-damage|p2a: Swalot|226/326\n|-unboost|p2a: Swalot|def|1\n|\n|-heal|p2a: Swalot|246/326|[from] item: Leftovers\n|upkeep\n|turn|36\n|\n|t:|1782818626\n|move|p2a: Swalot|Earthquake|p1a: Toxapex\n|-supereffective|p1a: Toxapex\n|-damage|p1a: Toxapex|10/216\n|move|p1a: Toxapex|Recover|p1a: Toxapex\n|-heal|p1a: Toxapex|118/216\n|\n|-heal|p2a: Swalot|266/326|[from] item: Leftovers\n|upkeep\n|turn|37\n|\n|t:|1782818630\n|move|p2a: Swalot|Earthquake|p1a: Toxapex\n|-supereffective|p1a: Toxapex\n|-damage|p1a: Toxapex|0 fnt\n|faint|p1a: Toxapex\n|\n|-heal|p2a: Swalot|286/326|[from] item: Leftovers\n|upkeep\n|\n|t:|1782818632\n|switch|p1a: Girafarig|Girafarig, L89, M|94/269\n|turn|38\n|\n|t:|1782818654\n|-terastallize|p2a: Swalot|Ground\n|move|p1a: Girafarig|Psychic|p2a: Swalot\n|-damage|p2a: Swalot|195/326\n|move|p2a: Swalot|Earthquake|p1a: Girafarig\n|-damage|p1a: Girafarig|0 fnt\n|faint|p1a: Girafarig\n|\n|win|Marikeinen\n|raw|Eliwood_of_Pherae's rating: 1985 &rarr; <strong>1963</strong><br />(-22 for losing)\n|raw|Marikeinen's rating: 1954 &rarr; <strong>1976</strong><br />(+22 for winning)\n", "inputlog": ">version f8ac14003a5f27e1bdc8d8c59608a773c1cb96e5\n>start {\"formatid\":\"gen9randombattle\",\"seed\":\"sodium,db73cba2e627000f099700f1c43f7d55\",\"rated\":\"Rated battle\"}\n>player p1 {\"name\":\"Eliwood_of_Pherae\",\"avatar\":\"darach-caitlin\",\"rating\":1985,\"seed\":\"sodium,771692a5835c136b1e68e44215f9f08c\"}\n>player p2 {\"name\":\"Marikeinen\",\"avatar\":\"170\",\"rating\":1954,\"seed\":\"sodium,8f10d4bd4a4d90812811cbf5f2ce5762\"}\n>p1 switch 3\n>p2 move hurricane\n>p1 move toxic\n>p2 switch 4\n>p1 move slackoff\n>p2 move scald\n>p1 switch 2\n>p2 move scald\n>p1 move leechseed\n>p2 move icebeam\n>p1 move substitute\n>p2 switch 4\n>p1 move leechseed\n>p2 move hypervoice\n>p1 move psychicnoise\n>p2 switch 2\n>p1 move leechseed\n>p2 move calmmind\n>p1 move protect\n>p2 move calmmind\n>p1 move psychicnoise terastallize\n>p2 move hypervoice\n>p1 move protect\n>p2 move calmmind\n>p1 move psychicnoise\n>p2 move hypervoice\n>p2 switch 2\n>p1 move protect\n>p2 move hypervoice\n>p1 move leechseed\n>p2 move hypervoice\n>p1 switch 3\n>p1 move dragondance\n>p2 move hypervoice\n>p1 move knockoff\n>p2 move hypervoice\n>p2 switch 3\n>p1 move closecombat\n>p2 move vacuumwave\n>p1 switch 6\n>p1 move liquidation\n>p2 move calmmind\n>p1 move haze\n>p2 move calmmind\n>p1 move liquidation\n>p2 switch 6\n>p1 move liquidation\n>p2 move stealthrock\n>p1 move liquidation\n>p2 move flipturn\n>p2 switch 4\n>p1 switch 2\n>p2 switch 4\n>p1 move muddywater\n>p2 move earthquake\n>p1 move toxic\n>p2 move earthquake\n>p1 switch 5\n>p1 move tidyup\n>p2 move earthquake\n>p1 move doubleedge\n>p2 move earthquake\n>p2 switch 6\n>p1 move brickbreak\n>p2 move vacuumwave\n>p1 switch 4\n>p1 move nastyplot\n>p2 move calmmind\n>p1 move nastyplot\n>p2 move flashcannon\n>p1 move psychic\n>p2 move flashcannon\n>p1 switch 2\n>p2 move flashcannon\n>p1 move liquidation\n>p2 switch 5\n>p1 move liquidation\n>p2 move swordsdance\n>p1 move recover\n>p2 move earthquake\n>p1 move liquidation\n>p2 move earthquake\n>p1 switch 2\n>p1 move psychic\n>p2 move earthquake terastallize", "uploadtime": 1782818109, "views": 4, "formatid": "gen9randombattle", "rating": 1963, "private": 0, "password": null, "player_dets": [{"name": "Eliwood_of_Pherae", "avatar": "darach-caitlin", "rating": 1985, "seed": "sodium,771692a5835c136b1e68e44215f9f08c"}, {"name": "Marikeinen", "avatar": "170", "rating": 1954, "seed": "sodium,8f10d4bd4a4d90812811cbf5f2ce5762"}], "teams_full": [{"Crawdaunt": {"name": "Crawdaunt", "species": "Crawdaunt", "speciesId": "crawdaunt", "gender": "F", "shiny": false, "level": 84, "moves": ["knockoff", "dragondance", "crabhammer", "closecombat"], "ability": "Adaptability", "evs": {"hp": 85, "atk": 85, "def": 85, "spa": 85, "spd": 85, "spe": 85}, "ivs": {"hp": 31, "atk": 31, "def": 31, "spa": 31, "spd": 31, "spe": 31}, "item": "Life Orb", "teraType": "Fighting", "role": "Fast Attacker", "bvs": {"hp": 63, "atk": 120, "def": 85, "spa": 90, "spd": 55, "spe": 55}, "stats": {"hp": 243, "atk": 250, "def": 191, "spa": 199, "spd": 141, "spe": 141}, "types": ["Water", "Dark"]}, "Exeggutor": {"name": "Exeggutor", "species": "Exeggutor", "speciesId": "exeggutor", "gender": "F", "shiny": false, "level": 89, "moves": ["psychicnoise", "substitute", "protect", "leechseed"], "ability": "Harvest", "evs": {"hp": 77, "atk": 0, "def": 85, "spa": 85, "spd": 85, "spe": 85}, "ivs": {"hp": 31, "atk": 0, "def": 31, "spa": 31, "spd": 31, "spe": 31}, "item": "Sitrus Berry", "teraType": "Steel", "role": "Bulky Attacker", "bvs": {"hp": 95, "atk": 95, "def": 85, "spa": 125, "spd": 75, "spe": 55}, "stats": {"hp": 312, "atk": 174, "def": 202, "spa": 273, "spd": 184, "spe": 149}, "types": ["Grass", "Psychic"]}, "Bellibolt": {"name": "Bellibolt", "species": "Bellibolt", "speciesId": "bellibolt", "gender": "M", "shiny": false, "level": 84, "moves": ["toxic", "muddywater", "slackoff", "thunderbolt"], "ability": "Electromorphosis", "evs": {"hp": 85, "atk": 0, "def": 85, "spa": 85, "spd": 85, "spe": 85}, "ivs": {"hp": 31, "atk": 0, "def": 31, "spa": 31, "spd": 31, "spe": 31}, "item": "Leftovers", "teraType": "Electric", "role": "Bulky Attacker", "bvs": {"hp": 109, "atk": 64, "def": 91, "spa": 103, "spd": 83, "spe": 45}, "stats": {"hp": 320, "atk": 112, "def": 201, "spa": 221, "spd": 188, "spe": 124}, "types": ["Electric"]}, "Girafarig": {"name": "Girafarig", "species": "Girafarig", "speciesId": "girafarig", "gender": "M", "shiny": false, "level": 89, "moves": ["shadowball", "psychic", "dazzlinggleam", "nastyplot"], "ability": "Sap Sipper", "evs": {"hp": 85, "atk": 0, "def": 85, "spa": 85, "spd": 85, "spe": 85}, "ivs": {"hp": 31, "atk": 0, "def": 31, "spa": 31, "spd": 31, "spe": 31}, "item": "Eviolite", "teraType": "Psychic", "role": "Bulky Setup", "bvs": {"hp": 70, "atk": 80, "def": 65, "spa": 90, "spd": 65, "spe": 85}, "stats": {"hp": 269, "atk": 147, "def": 166, "spa": 211, "spd": 166, "spe": 202}, "types": ["Normal", "Psychic"]}, "Furret": {"name": "Furret", "species": "Furret", "speciesId": "furret", "gender": "F", "shiny": false, "level": 94, "moves": ["doubleedge", "tidyup", "knockoff", "brickbreak"], "ability": "Frisk", "evs": {"hp": 85, "atk": 85, "def": 85, "spa": 85, "spd": 85, "spe": 85}, "ivs": {"hp": 31, "atk": 31, "def": 31, "spa": 31, "spd": 31, "spe": 31}, "item": "Life Orb", "teraType": "Normal", "role": "Setup Sweeper", "bvs": {"hp": 85, "atk": 76, "def": 64, "spa": 45, "spd": 55, "spe": 90}, "stats": {"hp": 312, "atk": 196, "def": 174, "spa": 138, "spd": 157, "spe": 223}, "types": ["Normal"]}, "Toxapex": {"name": "Toxapex", "species": "Toxapex", "speciesId": "toxapex", "gender": "F", "shiny": false, "level": 82, "moves": ["liquidation", "recover", "toxic", "haze"], "ability": "Regenerator", "evs": {"hp": 85, "atk": 85, "def": 85, "spa": 85, "spd": 85, "spe": 85}, "ivs": {"hp": 31, "atk": 31, "def": 31, "spa": 31, "spd": 31, "spe": 31}, "item": "Rocky Helmet", "teraType": "Flying", "role": "Bulky Support", "bvs": {"hp": 50, "atk": 63, "def": 152, "spa": 53, "spd": 142, "spe": 35}, "stats": {"hp": 216, "atk": 150, "def": 296, "spa": 134, "spd": 280, "spe": 105}, "types": ["Poison", "Water"]}}, {"Noctowl": {"name": "Noctowl", "species": "Noctowl", "speciesId": "noctowl", "gender": "M", "shiny": false, "level": 95, "moves": ["hurricane", "roost", "defog", "hypervoice"], "ability": "Tinted Lens", "evs": {"hp": 85, "atk": 0, "def": 85, "spa": 85, "spd": 85, "spe": 85}, "ivs": {"hp": 31, "atk": 0, "def": 31, "spa": 31, "spd": 31, "spe": 31}, "item": "Heavy-Duty Boots", "teraType": "Steel", "role": "Bulky Attacker", "bvs": {"hp": 100, "atk": 50, "def": 50, "spa": 86, "spd": 96, "spe": 70}, "stats": {"hp": 344, "atk": 100, "def": 149, "spa": 217, "spd": 236, "spe": 187}, "types": ["Normal", "Flying"]}, "Sylveon": {"name": "Sylveon", "species": "Sylveon", "speciesId": "sylveon", "gender": "M", "shiny": false, "level": 85, "moves": ["calmmind", "wish", "hypervoice", "protect"], "ability": "Pixilate", "evs": {"hp": 85, "atk": 0, "def": 85, "spa": 85, "spd": 85, "spe": 85}, "ivs": {"hp": 31, "atk": 0, "def": 31, "spa": 31, "spd": 31, "spe": 31}, "item": "Leftovers", "teraType": "Steel", "role": "Bulky Setup", "bvs": {"hp": 95, "atk": 65, "def": 65, "spa": 110, "spd": 130, "spe": 60}, "stats": {"hp": 300, "atk": 115, "def": 159, "spa": 236, "spd": 270, "spe": 151}, "types": ["Fairy"]}, "Cobalion": {"name": "Cobalion", "species": "Cobalion", "speciesId": "cobalion", "gender": "N", "shiny": false, "level": 80, "moves": ["flashcannon", "vacuumwave", "aurasphere", "calmmind"], "ability": "Justified", "evs": {"hp": 85, "atk": 0, "def": 85, "spa": 85, "spd": 85, "spe": 85}, "ivs": {"hp": 31, "atk": 0, "def": 31, "spa": 31, "spd": 31, "spe": 31}, "item": "Leftovers", "teraType": "Water", "role": "Bulky Setup", "bvs": {"hp": 91, "atk": 90, "def": 129, "spa": 90, "spd": 72, "spe": 108}, "stats": {"hp": 277, "atk": 149, "def": 253, "spa": 190, "spd": 161, "spe": 219}, "types": ["Steel", "Fighting"]}, "Lanturn": {"name": "Lanturn", "species": "Lanturn", "speciesId": "lanturn", "gender": "F", "shiny": false, "level": 89, "moves": ["thunderwave", "thunderbolt", "icebeam", "scald"], "ability": "Volt Absorb", "evs": {"hp": 85, "atk": 0, "def": 85, "spa": 85, "spd": 85, "spe": 85}, "ivs": {"hp": 31, "atk": 0, "def": 31, "spa": 31, "spd": 31, "spe": 31}, "item": "Leftovers", "teraType": "Flying", "role": "Bulky Attacker", "bvs": {"hp": 125, "atk": 58, "def": 58, "spa": 76, "spd": 76, "spe": 67}, "stats": {"hp": 367, "atk": 108, "def": 154, "spa": 186, "spd": 186, "spe": 170}, "types": ["Water", "Electric"]}, "Swalot": {"name": "Swalot", "species": "Swalot", "speciesId": "swalot", "gender": "F", "shiny": false, "level": 90, "moves": ["knockoff", "earthquake", "gunkshot", "swordsdance"], "ability": "Liquid Ooze", "evs": {"hp": 85, "atk": 85, "def": 85, "spa": 85, "spd": 85, "spe": 85}, "ivs": {"hp": 31, "atk": 31, "def": 31, "spa": 31, "spd": 31, "spe": 31}, "item": "Leftovers", "teraType": "Ground", "role": "Bulky Setup", "bvs": {"hp": 100, "atk": 73, "def": 83, "spa": 73, "spd": 83, "spe": 55}, "stats": {"hp": 326, "atk": 183, "def": 201, "spa": 183, "spd": 201, "spe": 150}, "types": ["Poison"]}, "Swampert": {"name": "Swampert", "species": "Swampert", "speciesId": "swampert", "gender": "M", "shiny": false, "level": 83, "moves": ["earthquake", "flipturn", "stealthrock", "roar"], "ability": "Torrent", "evs": {"hp": 85, "atk": 85, "def": 85, "spa": 85, "spd": 85, "spe": 85}, "ivs": {"hp": 31, "atk": 31, "def": 31, "spa": 31, "spd": 31, "spe": 31}, "item": "Leftovers", "teraType": "Poison", "role": "Bulky Support", "bvs": {"hp": 100, "atk": 110, "def": 90, "spa": 85, "spd": 90, "spe": 60}, "stats": {"hp": 302, "atk": 230, "def": 197, "spa": 189, "spd": 197, "spe": 147}, "types": ["Water", "Ground"]}}]}