{"id": "gen9randombattle-2641550532", "format": "[Gen 9] Random Battle", "players": ["PTKmoekyuun", "Norman2!"], "log": "|badge|p1|gold|gen9randombattle|3-9\n|html|<div class=\"broadcast-red\"><strong>This battle is required to be public due to one or more player having a season medal.</strong><br />During the public phase, you can discuss the state of the ladder <a href=\"/seasondiscussion\">in a special chatroom.</a></div>\n|uhtml|medal-msg|<div class=\"broadcast-blue\">Curious what those medals under the avatar are? PS now has Ladder Seasons! For more information, check out the <a href=\"https://www.smogon.com/forums/threads/3740067/\">thread on Smogon.</a></div>\n|badge|p2|silver|gen9randombattle|30-9\n|uhtml|medal-msg|<div class=\"broadcast-blue\">Curious what those medals under the avatar are? PS now has Ladder Seasons! For more information, check out the <a href=\"https://www.smogon.com/forums/threads/3740067/\">thread on Smogon.</a></div>\n|raw|<div class=\"broadcast-blue\"><strong>This battle is required to be public due to a player having a name starting with 'medal'.</div>\n|j|\u2606PTKmoekyuun\n|j|\u203dNorman2!\n|t:|1782806019\n|gametype|singles\n|player|p1|PTKmoekyuun|acerola-masters|2462\n|player|p2|Norman2!|1|2397\n|gen|9\n|tier|[Gen 9] Random Battle\n|rated|\n|rule|Species Clause: Limit one of each Pok\u00e9mon\n|rule|HP Percentage Mod: HP is shown in percentages\n|rule|Sleep Clause Mod: Limit one foe put to sleep\n|rule|Illusion Level Mod: Illusion disguises the Pok\u00e9mon's true level\n|\n|t:|1782806019\n|teamsize|p1|6\n|teamsize|p2|6\n|start\n|switch|p1a: Gardevoir|Gardevoir, L83, F|249/249\n|switch|p2a: Muk|Muk, L86, F|321/321\n|-ability|p1a: Gardevoir|Poison Touch|Trace|[from] ability: Trace|[of] p2a: Muk\n|turn|1\n|\n|t:|1782806036\n|switch|p1a: Whiscash|Whiscash, L88, F|337/337\n|move|p2a: Muk|Gunk Shot|p1a: Whiscash\n|-resisted|p1a: Whiscash\n|-damage|p1a: Whiscash|261/337\n|\n|-heal|p1a: Whiscash|282/337|[from] item: Leftovers\n|upkeep\n|turn|2\n|j| rly hate this game\n|\n|t:|1782806047\n|move|p1a: Whiscash|Stealth Rock|p2a: Muk\n|-sidestart|p2: Norman2!|move: Stealth Rock\n|move|p2a: Muk|Knock Off|p1a: Whiscash\n|-damage|p1a: Whiscash|202/337\n|-enditem|p1a: Whiscash|Leftovers|[from] move: Knock Off|[of] p2a: Muk\n|\n|upkeep\n|turn|3\n|\n|t:|1782806055\n|switch|p2a: Cresselia|Cresselia, L80, F|323/323\n|-damage|p2a: Cresselia|283/323|[from] Stealth Rock\n|move|p1a: Whiscash|Ice Beam|p2a: Cresselia\n|-damage|p2a: Cresselia|230/323\n|\n|-heal|p2a: Cresselia|250/323|[from] item: Leftovers\n|upkeep\n|turn|4\n|\n|t:|1782806066\n|switch|p1a: Banette|Banette, L93, M|270/270\n|move|p2a: Cresselia|Psyshock|p1a: Banette\n|-damage|p1a: Banette|198/270\n|\n|-heal|p2a: Cresselia|270/323|[from] item: Leftovers\n|upkeep\n|turn|5\n|\n|t:|1782806076\n|switch|p2a: Greedent|Greedent, L86, F|347/347\n|-damage|p2a: Greedent|304/347|[from] Stealth Rock\n|move|p1a: Banette|Poltergeist|p2a: Greedent\n|-immune|p2a: Greedent\n|\n|upkeep\n|turn|6\n|\n|t:|1782806082\n|switch|p1a: Mandibuzz|Mandibuzz, L85, F|326/326\n|move|p2a: Greedent|Knock Off|p1a: Mandibuzz\n|-resisted|p1a: Mandibuzz\n|-damage|p1a: Mandibuzz|297/326\n|-enditem|p1a: Mandibuzz|Heavy-Duty Boots|[from] move: Knock Off|[of] p2a: Greedent\n|\n|upkeep\n|turn|7\n|\n|t:|1782806100\n|switch|p2a: Pachirisu|Pachirisu, L96, M|271/271\n|-damage|p2a: Pachirisu|238/271|[from] Stealth Rock\n|move|p1a: Mandibuzz|Foul Play|p2a: Pachirisu\n|-damage|p2a: Pachirisu|168/271\n|\n|upkeep\n|turn|8\n|\n|t:|1782806108\n|move|p2a: Pachirisu|Super Fang|p1a: Mandibuzz\n|-damage|p1a: Mandibuzz|149/326\n|move|p1a: Mandibuzz|Foul Play|p2a: Pachirisu\n|-damage|p2a: Pachirisu|93/271\n|\n|upkeep\n|turn|9\n|\n|t:|1782806112\n|switch|p1a: Whiscash|Whiscash, L88, F|202/337\n|move|p2a: Pachirisu|Thunderbolt|p1a: Whiscash\n|-immune|p1a: Whiscash\n|\n|upkeep\n|turn|10\n|\n|t:|1782806120\n|move|p2a: Pachirisu|U-turn|p1a: Whiscash\n|-damage|p1a: Whiscash|159/337\n|\n|t:|1782806124\n|switch|p2a: Cresselia|Cresselia, L80, F|270/323|[from] U-turn\n|-damage|p2a: Cresselia|230/323|[from] Stealth Rock\n|move|p1a: Whiscash|Ice Beam|p2a: Cresselia\n|-damage|p2a: Cresselia|178/323\n|\n|-heal|p2a: Cresselia|198/323|[from] item: Leftovers\n|upkeep\n|turn|11\n|\n|t:|1782806129\n|switch|p1a: Mandibuzz|Mandibuzz, L85, F|149/326\n|move|p2a: Cresselia|Psyshock|p1a: Mandibuzz\n|-immune|p1a: Mandibuzz\n|\n|-heal|p2a: Cresselia|218/323|[from] item: Leftovers\n|upkeep\n|turn|12\n|\n|t:|1782806137\n|move|p1a: Mandibuzz|Roost|p1a: Mandibuzz\n|-heal|p1a: Mandibuzz|312/326\n|-singleturn|p1a: Mandibuzz|move: Roost\n|move|p2a: Cresselia|Moonblast|p1a: Mandibuzz\n|-supereffective|p1a: Mandibuzz\n|-damage|p1a: Mandibuzz|210/326\n|\n|-heal|p2a: Cresselia|238/323|[from] item: Leftovers\n|upkeep\n|turn|13\n|\n|t:|1782806159\n|move|p1a: Mandibuzz|Foul Play|p2a: Cresselia\n|-supereffective|p2a: Cresselia\n|-damage|p2a: Cresselia|142/323\n|move|p2a: Cresselia|Moonblast|p1a: Mandibuzz\n|-supereffective|p1a: Mandibuzz\n|-damage|p1a: Mandibuzz|120/326\n|-unboost|p1a: Mandibuzz|spa|1\n|\n|-heal|p2a: Cresselia|162/323|[from] item: Leftovers\n|upkeep\n|turn|14\n|inactive|Battle timer is ON: inactive players will automatically lose when time's up. (requested by PTKmoekyuun)\n|\n|t:|1782806163\n|move|p1a: Mandibuzz|Toxic|p2a: Cresselia|[miss]\n|-miss|p1a: Mandibuzz|p2a: Cresselia\n|move|p2a: Cresselia|Moonlight|p2a: Cresselia\n|-heal|p2a: Cresselia|323/323\n|\n|upkeep\n|turn|15\n|\n|t:|1782806167\n|-terastallize|p2a: Cresselia|Poison\n|move|p1a: Mandibuzz|Roost|p1a: Mandibuzz\n|-heal|p1a: Mandibuzz|283/326\n|-singleturn|p1a: Mandibuzz|move: Roost\n|move|p2a: Cresselia|Calm Mind|p2a: Cresselia\n|-boost|p2a: Cresselia|spa|1\n|-boost|p2a: Cresselia|spd|1\n|\n|upkeep\n|turn|16\n|\n|t:|1782806176\n|switch|p1a: Gardevoir|Gardevoir, L83, F|249/249\n|-ability|p1a: Gardevoir|Levitate|Trace|[from] ability: Trace|[of] p2a: Cresselia\n|move|p2a: Cresselia|Calm Mind|p2a: Cresselia\n|-boost|p2a: Cresselia|spa|1\n|-boost|p2a: Cresselia|spd|1\n|\n|upkeep\n|turn|17\n|\n|t:|1782806188\n|move|p1a: Gardevoir|Psyshock|p2a: Cresselia\n|-supereffective|p2a: Cresselia\n|-damage|p2a: Cresselia|131/323\n|move|p2a: Cresselia|Moonblast|p1a: Gardevoir\n|-damage|p1a: Gardevoir|167/249\n|-unboost|p1a: Gardevoir|spa|1\n|\n|-heal|p2a: Cresselia|151/323|[from] item: Leftovers\n|upkeep\n|turn|18\n|\n|t:|1782806202\n|switch|p1a: Mandibuzz|Mandibuzz, L85, F|283/326\n|switch|p2a: Pachirisu|Pachirisu, L96, M|93/271\n|-damage|p2a: Pachirisu|60/271|[from] Stealth Rock\n|\n|upkeep\n|turn|19\n|\n|t:|1782806209\n|switch|p1a: Whiscash|Whiscash, L88, F|159/337\n|move|p2a: Pachirisu|Super Fang|p1a: Whiscash\n|-damage|p1a: Whiscash|80/337\n|\n|upkeep\n|turn|20\n|\n|t:|1782806217\n|move|p2a: Pachirisu|U-turn|p1a: Whiscash\n|-damage|p1a: Whiscash|37/337\n|\n|t:|1782806219\n|switch|p2a: Cresselia|Cresselia, L80, F, tera:Poison|151/323|[from] U-turn\n|-damage|p2a: Cresselia|111/323|[from] Stealth Rock\n|move|p1a: Whiscash|Hydro Pump|p2a: Cresselia\n|-damage|p2a: Cresselia|26/323\n|\n|-heal|p2a: Cresselia|46/323|[from] item: Leftovers\n|upkeep\n|turn|21\n|\n|t:|1782806224\n|switch|p1a: Gardevoir|Gardevoir, L83, F|167/249\n|-ability|p1a: Gardevoir|Levitate|Trace|[from] ability: Trace|[of] p2a: Cresselia\n|move|p2a: Cresselia|Moonlight|p2a: Cresselia\n|-heal|p2a: Cresselia|207/323\n|\n|-heal|p2a: Cresselia|227/323|[from] item: Leftovers\n|upkeep\n|turn|22\n|\n|t:|1782806234\n|switch|p2a: Pachirisu|Pachirisu, L96, M|60/271\n|-damage|p2a: Pachirisu|27/271|[from] Stealth Rock\n|move|p1a: Gardevoir|Focus Blast|p2a: Pachirisu\n|-damage|p2a: Pachirisu|0 fnt\n|faint|p2a: Pachirisu\n|\n|upkeep\n|\n|t:|1782806258\n|switch|p2a: Muk|Muk, L86, F|321/321\n|-damage|p2a: Muk|281/321|[from] Stealth Rock\n|turn|23\n|\n|t:|1782806286\n|switch|p1a: Whiscash|Whiscash, L88, F|37/337\n|move|p2a: Muk|Gunk Shot|p1a: Whiscash\n|-resisted|p1a: Whiscash\n|-damage|p1a: Whiscash|0 fnt\n|faint|p1a: Whiscash\n|\n|upkeep\n|\n|t:|1782806290\n|switch|p1a: Banette|Banette, L93, M|198/270\n|turn|24\n|\n|t:|1782806297\n|move|p1a: Banette|Poltergeist|p2a: Muk\n|-activate|p2a: Muk|move: Poltergeist|Assault Vest\n|-damage|p2a: Muk|35/321\n|-damage|p1a: Banette|171/270|[from] item: Life Orb\n|move|p2a: Muk|Knock Off|p1a: Banette\n|-supereffective|p1a: Banette\n|-damage|p1a: Banette|11/270\n|-status|p1a: Banette|psn|[from] ability: Poison Touch|[of] p2a: Muk\n|-enditem|p1a: Banette|Life Orb|[from] move: Knock Off|[of] p2a: Muk\n|\n|-damage|p1a: Banette|0 fnt|[from] psn\n|faint|p1a: Banette\n|upkeep\n|\n|t:|1782806312\n|switch|p1a: Mandibuzz|Mandibuzz, L85, F|283/326\n|turn|25\n|\n|t:|1782806335\n|move|p2a: Muk|Shadow Sneak|p1a: Mandibuzz\n|-resisted|p1a: Mandibuzz\n|-damage|p1a: Mandibuzz|268/326\n|move|p1a: Mandibuzz|Brave Bird|p2a: Muk\n|-damage|p2a: Muk|0 fnt\n|faint|p2a: Muk\n|-damage|p1a: Mandibuzz|256/326|[from] Recoil\n|\n|upkeep\n|inactive|Norman2! has 120 seconds left.\n|\n|t:|1782806362\n|switch|p2a: Cresselia|Cresselia, L80, F, tera:Poison|227/323\n|-damage|p2a: Cresselia|187/323|[from] Stealth Rock\n|turn|26\n|\n|t:|1782806367\n|switch|p1a: Gardevoir|Gardevoir, L83, F|167/249\n|-ability|p1a: Gardevoir|Levitate|Trace|[from] ability: Trace|[of] p2a: Cresselia\n|move|p2a: Cresselia|Moonlight|p2a: Cresselia\n|-heal|p2a: Cresselia|323/323\n|\n|upkeep\n|turn|27\n|inactive|Norman2! has 120 seconds left.\n|\n|t:|1782806379\n|switch|p2a: Frosmoth|Frosmoth, L82, F|249/249\n|move|p1a: Gardevoir|Psyshock|p2a: Frosmoth\n|-damage|p2a: Frosmoth|181/249\n|\n|upkeep\n|turn|28\n|\n|t:|1782806383\n|switch|p1a: Houndoom|Houndoom, L87, F|272/272\n|move|p2a: Frosmoth|Quiver Dance|p2a: Frosmoth\n|-boost|p2a: Frosmoth|spa|1\n|-boost|p2a: Frosmoth|spd|1\n|-boost|p2a: Frosmoth|spe|1\n|\n|upkeep\n|turn|29\n|inactive|Norman2! has 120 seconds left.\n|\n|t:|1782806403\n|move|p2a: Frosmoth|Bug Buzz|p1a: Houndoom\n|-damage|p1a: Houndoom|115/272\n|move|p1a: Houndoom|Fire Blast|p2a: Frosmoth\n|-supereffective|p2a: Frosmoth\n|-damage|p2a: Frosmoth|13/249\n|\n|upkeep\n|turn|30\n|\n|t:|1782806408\n|move|p1a: Houndoom|Sucker Punch|p2a: Frosmoth\n|-damage|p2a: Frosmoth|0 fnt\n|faint|p2a: Frosmoth\n|\n|upkeep\n|inactive|Norman2! has 120 seconds left.\n|\n|t:|1782806423\n|switch|p2a: Greedent|Greedent, L86, F|304/347\n|-damage|p2a: Greedent|261/347|[from] Stealth Rock\n|turn|31\n|\n|t:|1782806435\n|switch|p1a: Mandibuzz|Mandibuzz, L85, F|256/326\n|move|p2a: Greedent|Body Slam|p1a: Mandibuzz\n|-damage|p1a: Mandibuzz|177/326\n|\n|upkeep\n|turn|32\n|\n|t:|1782806444\n|move|p1a: Mandibuzz|Roost|p1a: Mandibuzz\n|-heal|p1a: Mandibuzz|326/326\n|-singleturn|p1a: Mandibuzz|move: Roost\n|move|p2a: Greedent|Body Slam|p1a: Mandibuzz\n|-damage|p1a: Mandibuzz|242/326\n|-status|p1a: Mandibuzz|par\n|\n|upkeep\n|turn|33\n|\n|t:|1782806453\n|switch|p2a: Cresselia|Cresselia, L80, F, tera:Poison|323/323\n|-damage|p2a: Cresselia|283/323|[from] Stealth Rock\n|move|p1a: Mandibuzz|Foul Play|p2a: Cresselia\n|-damage|p2a: Cresselia|234/323\n|\n|-heal|p2a: Cresselia|254/323|[from] item: Leftovers\n|upkeep\n|turn|34\n|\n|t:|1782806457\n|switch|p1a: Gardevoir|Gardevoir, L83, F|167/249\n|-ability|p1a: Gardevoir|Levitate|Trace|[from] ability: Trace|[of] p2a: Cresselia\n|move|p2a: Cresselia|Moonblast|p1a: Gardevoir\n|-damage|p1a: Gardevoir|126/249\n|-unboost|p1a: Gardevoir|spa|1\n|\n|-heal|p2a: Cresselia|274/323|[from] item: Leftovers\n|upkeep\n|turn|35\n|\n|t:|1782806463\n|switch|p1a: Manaphy|Manaphy, L78|284/284\n|switch|p2a: Greedent|Greedent, L86, F|261/347\n|-damage|p2a: Greedent|218/347|[from] Stealth Rock\n|\n|upkeep\n|turn|36\n|\n|t:|1782806469\n|switch|p1a: Mandibuzz|Mandibuzz, L85, F|242/326 par\n|move|p2a: Greedent|Body Slam|p1a: Mandibuzz\n|-damage|p1a: Mandibuzz|167/326 par\n|\n|upkeep\n|turn|37\n|\n|t:|1782806490\n|switch|p2a: Cresselia|Cresselia, L80, F, tera:Poison|274/323\n|-damage|p2a: Cresselia|234/323|[from] Stealth Rock\n|move|p1a: Mandibuzz|Foul Play|p2a: Cresselia\n|-damage|p2a: Cresselia|185/323\n|\n|-heal|p2a: Cresselia|205/323|[from] item: Leftovers\n|upkeep\n|turn|38\n|\n|t:|1782806502\n|switch|p1a: Gardevoir|Gardevoir, L83, F|126/249\n|-ability|p1a: Gardevoir|Levitate|Trace|[from] ability: Trace|[of] p2a: Cresselia\n|move|p2a: Cresselia|Moonblast|p1a: Gardevoir\n|-damage|p1a: Gardevoir|85/249\n|-unboost|p1a: Gardevoir|spa|1\n|\n|-heal|p2a: Cresselia|225/323|[from] item: Leftovers\n|upkeep\n|turn|39\n|\n|t:|1782806515\n|switch|p2a: Greedent|Greedent, L86, F|218/347\n|-damage|p2a: Greedent|175/347|[from] Stealth Rock\n|move|p1a: Gardevoir|Psyshock|p2a: Greedent\n|-damage|p2a: Greedent|112/347\n|-enditem|p2a: Greedent|Sitrus Berry|[eat]\n|-heal|p2a: Greedent|198/347|[from] item: Sitrus Berry\n|-heal|p2a: Greedent|313/347|[from] ability: Cheek Pouch\n|\n|upkeep\n|turn|40\n|inactive|Norman2! has 120 seconds left.\n|\n|t:|1782806544\n|switch|p1a: Mandibuzz|Mandibuzz, L85, F|167/326 par\n|move|p2a: Greedent|Swords Dance|p2a: Greedent\n|-boost|p2a: Greedent|atk|2\n|\n|upkeep\n|turn|41\n|inactive|Norman2! has 120 seconds left.\n|\n|t:|1782806556\n|switch|p2a: Cresselia|Cresselia, L80, F, tera:Poison|225/323\n|-damage|p2a: Cresselia|185/323|[from] Stealth Rock\n|move|p1a: Mandibuzz|Foul Play|p2a: Cresselia\n|-damage|p2a: Cresselia|130/323\n|\n|-heal|p2a: Cresselia|150/323|[from] item: Leftovers\n|upkeep\n|turn|42\n|inactive|Norman2! has 120 seconds left.\n|\n|t:|1782806561\n|switch|p1a: Gardevoir|Gardevoir, L83, F|85/249\n|-ability|p1a: Gardevoir|Levitate|Trace|[from] ability: Trace|[of] p2a: Cresselia\n|move|p2a: Cresselia|Moonlight|p2a: Cresselia\n|-heal|p2a: Cresselia|311/323\n|\n|-heal|p2a: Cresselia|323/323|[from] item: Leftovers\n|upkeep\n|turn|43\n|\n|t:|1782806566\n|switch|p2a: Greedent|Greedent, L86, F|313/347\n|-damage|p2a: Greedent|270/347|[from] Stealth Rock\n|move|p1a: Gardevoir|Psyshock|p2a: Greedent\n|-damage|p2a: Greedent|179/347\n|\n|upkeep\n|turn|44\n|\n|t:|1782806570\n|switch|p1a: Mandibuzz|Mandibuzz, L85, F|167/326 par\n|switch|p2a: Cresselia|Cresselia, L80, F, tera:Poison|323/323\n|-damage|p2a: Cresselia|283/323|[from] Stealth Rock\n|\n|-heal|p2a: Cresselia|303/323|[from] item: Leftovers\n|upkeep\n|turn|45\n|\n|t:|1782806577\n|switch|p1a: Gardevoir|Gardevoir, L83, F|85/249\n|-ability|p1a: Gardevoir|Levitate|Trace|[from] ability: Trace|[of] p2a: Cresselia\n|move|p2a: Cresselia|Moonblast|p1a: Gardevoir\n|-damage|p1a: Gardevoir|42/249\n|\n|-heal|p2a: Cresselia|323/323|[from] item: Leftovers\n|upkeep\n|turn|46\n|\n|t:|1782806592\n|switch|p2a: Greedent|Greedent, L86, F|179/347\n|-damage|p2a: Greedent|136/347|[from] Stealth Rock\n|move|p1a: Gardevoir|Psyshock|p2a: Greedent\n|-damage|p2a: Greedent|48/347\n|\n|upkeep\n|turn|47\n|j| 07l\u4e2d\u56fd\u5927\u5988\n|\n|t:|1782806599\n|move|p1a: Gardevoir|Psyshock|p2a: Greedent\n|-damage|p2a: Greedent|0 fnt\n|faint|p2a: Greedent\n|\n|upkeep\n|\n|t:|1782806623\n|switch|p2a: Cloyster|Cloyster, L80, F|211/211\n|-damage|p2a: Cloyster|159/211|[from] Stealth Rock\n|turn|48\n|\n|t:|1782806640\n|switch|p1a: Houndoom|Houndoom, L87, F|115/272\n|move|p2a: Cloyster|Shell Smash|p2a: Cloyster\n|-unboost|p2a: Cloyster|def|1\n|-unboost|p2a: Cloyster|spd|1\n|-boost|p2a: Cloyster|atk|2\n|-boost|p2a: Cloyster|spa|2\n|-boost|p2a: Cloyster|spe|2\n|-enditem|p2a: Cloyster|White Herb\n|-clearnegativeboost|p2a: Cloyster|[silent]\n|\n|upkeep\n|turn|49\n|inactive|Norman2! has 120 seconds left.\n|\n|t:|1782806666\n|move|p1a: Houndoom|Sucker Punch|p2a: Cloyster\n|-damage|p2a: Cloyster|111/211\n|move|p2a: Cloyster|Icicle Spear|p1a: Houndoom\n|-resisted|p1a: Houndoom\n|-damage|p1a: Houndoom|81/272\n|-resisted|p1a: Houndoom\n|-damage|p1a: Houndoom|49/272\n|-resisted|p1a: Houndoom\n|-damage|p1a: Houndoom|15/272\n|-resisted|p1a: Houndoom\n|-damage|p1a: Houndoom|0 fnt\n|faint|p1a: Houndoom\n|-hitcount|p1: Houndoom|4\n|\n|upkeep\n|j| sugma oiii\n|\n|t:|1782806669\n|switch|p1a: Manaphy|Manaphy, L78|284/284\n|turn|50\n|inactive|Norman2! has 120 seconds left.\n|\n|t:|1782806681\n|move|p2a: Cloyster|Rock Blast|p1a: Manaphy\n|-damage|p1a: Manaphy|251/284\n|-damage|p1a: Manaphy|217/284\n|-damage|p1a: Manaphy|187/284\n|-damage|p1a: Manaphy|152/284\n|-damage|p1a: Manaphy|120/284\n|-hitcount|p1a: Manaphy|5\n|move|p1a: Manaphy|Energy Ball|p2a: Cloyster\n|-supereffective|p2a: Cloyster\n|-damage|p2a: Cloyster|0 fnt\n|faint|p2a: Cloyster\n|\n|-heal|p1a: Manaphy|137/284|[from] item: Leftovers\n|upkeep\n|\n|t:|1782806688\n|switch|p2a: Cresselia|Cresselia, L80, F, tera:Poison|323/323\n|-damage|p2a: Cresselia|283/323|[from] Stealth Rock\n|turn|51\n|\n|t:|1782806691\n|move|p1a: Manaphy|Tail Glow|p1a: Manaphy\n|-boost|p1a: Manaphy|spa|3\n|move|p2a: Cresselia|Calm Mind|p2a: Cresselia\n|-boost|p2a: Cresselia|spa|1\n|-boost|p2a: Cresselia|spd|1\n|\n|-heal|p1a: Manaphy|154/284|[from] item: Leftovers\n|-heal|p2a: Cresselia|303/323|[from] item: Leftovers\n|upkeep\n|turn|52\n|\n|t:|1782806695\n|move|p1a: Manaphy|Tail Glow|p1a: Manaphy\n|-boost|p1a: Manaphy|spa|3\n|move|p2a: Cresselia|Calm Mind|p2a: Cresselia\n|-boost|p2a: Cresselia|spa|1\n|-boost|p2a: Cresselia|spd|1\n|\n|-heal|p1a: Manaphy|171/284|[from] item: Leftovers\n|-heal|p2a: Cresselia|323/323|[from] item: Leftovers\n|upkeep\n|turn|53\n|\n|t:|1782806706\n|move|p1a: Manaphy|Hydro Pump|p2a: Cresselia\n|-damage|p2a: Cresselia|164/323\n|move|p2a: Cresselia|Calm Mind|p2a: Cresselia\n|-boost|p2a: Cresselia|spa|1\n|-boost|p2a: Cresselia|spd|1\n|\n|-heal|p1a: Manaphy|188/284|[from] item: Leftovers\n|-heal|p2a: Cresselia|184/323|[from] item: Leftovers\n|upkeep\n|turn|54\n|\n|t:|1782806711\n|move|p1a: Manaphy|Hydro Pump|p2a: Cresselia|[miss]\n|-miss|p1a: Manaphy|p2a: Cresselia\n|move|p2a: Cresselia|Moonlight|p2a: Cresselia\n|-heal|p2a: Cresselia|323/323\n|\n|-heal|p1a: Manaphy|205/284|[from] item: Leftovers\n|upkeep\n|turn|55\n|\n|t:|1782806718\n|move|p1a: Manaphy|Ice Beam|p2a: Cresselia\n|-damage|p2a: Cresselia|242/323\n|move|p2a: Cresselia|Calm Mind|p2a: Cresselia\n|-boost|p2a: Cresselia|spa|1\n|-boost|p2a: Cresselia|spd|1\n|\n|-heal|p1a: Manaphy|222/284|[from] item: Leftovers\n|-heal|p2a: Cresselia|262/323|[from] item: Leftovers\n|upkeep\n|turn|56\n|l| 07l\u4e2d\u56fd\u5927\u5988\n|\n|t:|1782806728\n|move|p1a: Manaphy|Ice Beam|p2a: Cresselia\n|-damage|p2a: Cresselia|196/323\n|move|p2a: Cresselia|Moonlight|p2a: Cresselia\n|-heal|p2a: Cresselia|323/323\n|\n|-heal|p1a: Manaphy|239/284|[from] item: Leftovers\n|upkeep\n|turn|57\n|\n|t:|1782806731\n|move|p1a: Manaphy|Ice Beam|p2a: Cresselia\n|-damage|p2a: Cresselia|262/323\n|move|p2a: Cresselia|Psyshock|p1a: Manaphy\n|-damage|p1a: Manaphy|52/284\n|\n|-heal|p1a: Manaphy|69/284|[from] item: Leftovers\n|-heal|p2a: Cresselia|282/323|[from] item: Leftovers\n|upkeep\n|turn|58\n|\n|t:|1782806740\n|move|p1a: Manaphy|Hydro Pump|p2a: Cresselia\n|-damage|p2a: Cresselia|161/323\n|move|p2a: Cresselia|Moonlight|p2a: Cresselia\n|-heal|p2a: Cresselia|322/323\n|\n|-heal|p1a: Manaphy|86/284|[from] item: Leftovers\n|-heal|p2a: Cresselia|323/323|[from] item: Leftovers\n|upkeep\n|turn|59\n|\n|t:|1782806745\n|move|p1a: Manaphy|Ice Beam|p2a: Cresselia\n|-damage|p2a: Cresselia|262/323\n|move|p2a: Cresselia|Calm Mind|p2a: Cresselia\n|-boost|p2a: Cresselia|spa|1\n|-boost|p2a: Cresselia|spd|1\n|\n|-heal|p1a: Manaphy|103/284|[from] item: Leftovers\n|-heal|p2a: Cresselia|282/323|[from] item: Leftovers\n|upkeep\n|turn|60\n|\n|t:|1782806764\n|move|p1a: Manaphy|Ice Beam|p2a: Cresselia\n|-damage|p2a: Cresselia|231/323\n|move|p2a: Cresselia|Moonlight|p2a: Cresselia\n|-heal|p2a: Cresselia|323/323\n|\n|-heal|p1a: Manaphy|120/284|[from] item: Leftovers\n|upkeep\n|turn|61\n|\n|t:|1782806769\n|move|p1a: Manaphy|Ice Beam|p2a: Cresselia\n|-damage|p2a: Cresselia|265/323\n|move|p2a: Cresselia|Psyshock|p1a: Manaphy\n|-damage|p1a: Manaphy|0 fnt\n|faint|p1a: Manaphy\n|\n|-heal|p2a: Cresselia|285/323|[from] item: Leftovers\n|upkeep\n|\n|t:|1782806773\n|switch|p1a: Gardevoir|Gardevoir, L83, F|42/249\n|-ability|p1a: Gardevoir|Levitate|Trace|[from] ability: Trace|[of] p2a: Cresselia\n|turn|62\n|\n|t:|1782806779\n|move|p1a: Gardevoir|Psyshock|p2a: Cresselia\n|-supereffective|p2a: Cresselia\n|-damage|p2a: Cresselia|105/323\n|move|p2a: Cresselia|Moonblast|p1a: Gardevoir\n|-damage|p1a: Gardevoir|0 fnt\n|faint|p1a: Gardevoir\n|\n|-heal|p2a: Cresselia|125/323|[from] item: Leftovers\n|upkeep\n|-message|PTKmoekyuun forfeited.\n|\n|win|Norman2!\n|raw|PTKmoekyuun's rating: 2462 &rarr; <strong>2438</strong><br />(-24 for losing)\n|raw|Norman2!'s rating: 2397 &rarr; <strong>2421</strong><br />(+24 for winning)\n|l|\u2606PTKmoekyuun\n|player|p1|\n|l| sugma oiii\n", "inputlog": ">version f8ac14003a5f27e1bdc8d8c59608a773c1cb96e5\n>start {\"formatid\":\"gen9randombattle\",\"seed\":\"sodium,04ebf47b944e0ebc1eef5b915ac79d9e\",\"rated\":\"Rated battle\"}\n>player p1 {\"name\":\"PTKmoekyuun\",\"avatar\":\"acerola-masters\",\"rating\":2462,\"seed\":\"sodium,8ee244277688ead9067a862c8ae3ff41\"}\n>player p2 {\"name\":\"Norman2!\",\"avatar\":\"1\",\"rating\":2397,\"seed\":\"sodium,7fa23628e564d7294059d88864e9996a\"}\n>p1 switch 6\n>p2 move gunkshot\n>p1 move stealthrock\n>p2 move knockoff\n>p1 move icebeam\n>p2 switch 4\n>p1 switch 5\n>p2 move psyshock\n>p1 move poltergeist\n>p2 switch 3\n>p1 switch 3\n>p2 move knockoff\n>p1 move foulplay\n>p2 switch 5\n>p1 move foulplay\n>p2 move superfang\n>p1 switch 5\n>p2 move thunderbolt\n>p1 move icebeam\n>p2 move uturn\n>p2 switch 3\n>p1 switch 5\n>p2 move psyshock\n>p1 move roost\n>p2 move moonblast\n>p1 move foulplay\n>p2 move moonblast\n>p1 move toxic\n>p2 move moonlight\n>p1 move roost\n>p2 move calmmind terastallize\n>p1 switch 6\n>p2 move calmmind\n>p1 move psyshock\n>p2 move moonblast\n>p1 switch 6\n>p2 switch 3\n>p1 switch 5\n>p2 move superfang\n>p1 move hydropump\n>p2 move uturn\n>p2 switch 3\n>p1 switch 6\n>p2 move moonlight\n>p1 move focusblast\n>p2 switch 3\n>p2 switch 4\n>p1 switch 6\n>p2 move gunkshot\n>p1 switch 3\n>p1 move poltergeist\n>p2 move knockoff\n>p1 switch 5\n>p1 move bravebird\n>p2 move shadowsneak\n>p2 switch 3\n>p1 switch 6\n>p2 move moonlight\n>p1 move psyshock\n>p2 switch 6\n>p1 switch 4\n>p2 move quiverdance\n>p1 move fireblast\n>p2 move bugbuzz\n>p1 move suckerpunch\n>p2 move bugbuzz\n>p2 switch 5\n>p1 switch 6\n>p2 move bodyslam\n>p1 move roost\n>p2 move bodyslam\n>p1 move foulplay\n>p2 switch 6\n>p1 switch 4\n>p2 move moonblast\n>p1 switch 2\n>p2 switch 6\n>p1 switch 4\n>p2 move bodyslam\n>p1 move foulplay\n>p2 switch 6\n>p1 switch 2\n>p2 move moonblast\n>p1 move psyshock\n>p2 switch 6\n>p1 switch 2\n>p2 move swordsdance\n>p1 move foulplay\n>p2 switch 6\n>p1 switch 2\n>p2 move moonlight\n>p1 move psyshock\n>p2 switch 6\n>p1 switch 2\n>p2 switch 6\n>p1 switch 2\n>p2 move moonblast\n>p1 move psyshock\n>p2 switch 6\n>p1 move psyshock\n>p2 move bodyslam\n>p2 switch 2\n>p1 switch 6\n>p2 move shellsmash\n>p1 move suckerpunch\n>p2 move iciclespear\n>p1 switch 4\n>p1 move energyball\n>p2 move rockblast\n>p2 switch 6\n>p1 move tailglow\n>p2 move calmmind\n>p1 move tailglow\n>p2 move calmmind\n>p1 move hydropump\n>p2 move calmmind\n>p1 move hydropump\n>p2 move moonlight\n>p1 move icebeam\n>p2 move calmmind\n>p1 move icebeam\n>p2 move moonlight\n>p1 move icebeam\n>p2 move psyshock\n>p1 move hydropump\n>p2 move moonlight\n>p1 move icebeam\n>p2 move calmmind\n>p1 move icebeam\n>p2 move moonlight\n>p1 move icebeam\n>p2 move psyshock\n>p1 switch 6\n>p1 move psyshock\n>p2 move moonblast\n>forcelose p1", "uploadtime": 1782806023, "views": 11, "formatid": "gen9randombattle", "rating": 2421, "private": 0, "password": null, "player_dets": [{"name": "PTKmoekyuun", "avatar": "acerola-masters", "rating": 2462, "seed": "sodium,8ee244277688ead9067a862c8ae3ff41"}, {"name": "Norman2!", "avatar": "1", "rating": 2397, "seed": "sodium,7fa23628e564d7294059d88864e9996a"}], "teams_full": [{"Gardevoir": {"name": "Gardevoir", "species": "Gardevoir", "speciesId": "gardevoir", "gender": "F", "shiny": false, "level": 83, "moves": ["focusblast", "healingwish", "psyshock", "moonblast"], "ability": "Trace", "evs": {"hp": 85, "atk": 0, "def": 85, "spa": 85, "spd": 85, "spe": 85}, "ivs": {"hp": 31, "atk": 0, "def": 31, "spa": 31, "spd": 31, "spe": 31}, "item": "Choice Scarf", "teraType": "Fighting", "role": "Fast Attacker", "bvs": {"hp": 68, "atk": 65, "def": 65, "spa": 125, "spd": 115, "spe": 80}, "stats": {"hp": 249, "atk": 112, "def": 156, "spa": 255, "spd": 239, "spe": 180}, "types": ["Psychic", "Fairy"]}, "Manaphy": {"name": "Manaphy", "species": "Manaphy", "speciesId": "manaphy", "gender": "N", "shiny": false, "level": 78, "moves": ["icebeam", "tailglow", "hydropump", "energyball"], "ability": "Hydration", "evs": {"hp": 85, "atk": 0, "def": 85, "spa": 85, "spd": 85, "spe": 85}, "ivs": {"hp": 31, "atk": 0, "def": 31, "spa": 31, "spd": 31, "spe": 31}, "item": "Leftovers", "teraType": "Grass", "role": "Bulky Setup", "bvs": {"hp": 100, "atk": 100, "def": 100, "spa": 100, "spd": 100, "spe": 100}, "stats": {"hp": 284, "atk": 161, "def": 201, "spa": 201, "spd": 201, "spe": 201}, "types": ["Water"]}, "Mandibuzz": {"name": "Mandibuzz", "species": "Mandibuzz", "speciesId": "mandibuzz", "gender": "F", "shiny": false, "level": 85, "moves": ["foulplay", "roost", "bravebird", "toxic"], "ability": "Overcoat", "evs": {"hp": 85, "atk": 85, "def": 85, "spa": 85, "spd": 85, "spe": 85}, "ivs": {"hp": 31, "atk": 31, "def": 31, "spa": 31, "spd": 31, "spe": 31}, "item": "Heavy-Duty Boots", "teraType": "Steel", "role": "Bulky Attacker", "bvs": {"hp": 110, "atk": 65, "def": 105, "spa": 55, "spd": 95, "spe": 80}, "stats": {"hp": 326, "atk": 159, "def": 227, "spa": 142, "spd": 210, "spe": 185}, "types": ["Dark", "Flying"]}, "Houndoom": {"name": "Houndoom", "species": "Houndoom", "speciesId": "houndoom", "gender": "F", "shiny": false, "level": 87, "moves": ["suckerpunch", "fireblast", "sludgebomb", "darkpulse"], "ability": "Flash Fire", "evs": {"hp": 85, "atk": 85, "def": 85, "spa": 85, "spd": 85, "spe": 85}, "ivs": {"hp": 31, "atk": 31, "def": 31, "spa": 31, "spd": 31, "spe": 31}, "item": "Heavy-Duty Boots", "teraType": "Poison", "role": "Fast Attacker", "bvs": {"hp": 75, "atk": 90, "def": 50, "spa": 110, "spd": 80, "spe": 95}, "stats": {"hp": 272, "atk": 206, "def": 137, "spa": 241, "spd": 189, "spe": 215}, "types": ["Dark", "Fire"]}, "Banette": {"name": "Banette", "species": "Banette", "speciesId": "banette", "gender": "M", "shiny": false, "level": 93, "moves": ["shadowsneak", "gunkshot", "poltergeist", "swordsdance"], "ability": "Insomnia", "evs": {"hp": 85, "atk": 85, "def": 85, "spa": 85, "spd": 85, "spe": 85}, "ivs": {"hp": 31, "atk": 31, "def": 31, "spa": 31, "spd": 31, "spe": 31}, "item": "Life Orb", "teraType": "Poison", "role": "Wallbreaker", "bvs": {"hp": 64, "atk": 115, "def": 65, "spa": 83, "spd": 63, "spe": 65}, "stats": {"hp": 270, "atk": 267, "def": 174, "spa": 207, "spd": 170, "spe": 174}, "types": ["Ghost"]}, "Whiscash": {"name": "Whiscash", "species": "Whiscash", "speciesId": "whiscash", "gender": "F", "shiny": false, "level": 88, "moves": ["icebeam", "earthquake", "stealthrock", "hydropump"], "ability": "Oblivious", "evs": {"hp": 85, "atk": 85, "def": 85, "spa": 85, "spd": 85, "spe": 85}, "ivs": {"hp": 31, "atk": 31, "def": 31, "spa": 31, "spd": 31, "spe": 31}, "item": "Leftovers", "teraType": "Steel", "role": "Bulky Support", "bvs": {"hp": 110, "atk": 78, "def": 73, "spa": 76, "spd": 71, "spe": 60}, "stats": {"hp": 337, "atk": 188, "def": 179, "spa": 184, "spd": 175, "spe": 156}, "types": ["Water", "Ground"]}}, {"Muk": {"name": "Muk", "species": "Muk", "speciesId": "muk", "gender": "F", "shiny": false, "level": 86, "moves": ["knockoff", "drainpunch", "shadowsneak", "gunkshot"], "ability": "Poison Touch", "evs": {"hp": 85, "atk": 85, "def": 85, "spa": 85, "spd": 85, "spe": 85}, "ivs": {"hp": 31, "atk": 31, "def": 31, "spa": 31, "spd": 31, "spe": 31}, "item": "Assault Vest", "teraType": "Dark", "role": "AV Pivot", "bvs": {"hp": 105, "atk": 105, "def": 75, "spa": 65, "spd": 100, "spe": 50}, "stats": {"hp": 321, "atk": 230, "def": 178, "spa": 161, "spd": 221, "spe": 135}, "types": ["Poison"]}, "Cloyster": {"name": "Cloyster", "species": "Cloyster", "speciesId": "cloyster", "gender": "F", "shiny": false, "level": 80, "moves": ["drillrun", "rockblast", "shellsmash", "iciclespear"], "ability": "Skill Link", "evs": {"hp": 85, "atk": 85, "def": 85, "spa": 85, "spd": 85, "spe": 85}, "ivs": {"hp": 31, "atk": 31, "def": 31, "spa": 31, "spd": 31, "spe": 31}, "item": "White Herb", "teraType": "Ground", "role": "Fast Attacker", "bvs": {"hp": 50, "atk": 95, "def": 180, "spa": 85, "spd": 45, "spe": 70}, "stats": {"hp": 211, "atk": 198, "def": 334, "spa": 182, "spd": 118, "spe": 158}, "types": ["Water", "Ice"]}, "Greedent": {"name": "Greedent", "species": "Greedent", "speciesId": "greedent", "gender": "F", "shiny": false, "level": 86, "moves": ["knockoff", "earthquake", "bodyslam", "swordsdance"], "ability": "Cheek Pouch", "evs": {"hp": 85, "atk": 85, "def": 85, "spa": 85, "spd": 85, "spe": 85}, "ivs": {"hp": 31, "atk": 31, "def": 31, "spa": 31, "spd": 31, "spe": 31}, "item": "Sitrus Berry", "teraType": "Ghost", "role": "Bulky Setup", "bvs": {"hp": 120, "atk": 95, "def": 95, "spa": 55, "spd": 75, "spe": 20}, "stats": {"hp": 347, "atk": 213, "def": 213, "spa": 144, "spd": 178, "spe": 84}, "types": ["Normal"]}, "Cresselia": {"name": "Cresselia", "species": "Cresselia", "speciesId": "cresselia", "gender": "F", "shiny": false, "level": 80, "moves": ["psyshock", "moonblast", "moonlight", "calmmind"], "ability": "Levitate", "evs": {"hp": 85, "atk": 0, "def": 85, "spa": 85, "spd": 85, "spe": 85}, "ivs": {"hp": 31, "atk": 0, "def": 31, "spa": 31, "spd": 31, "spe": 31}, "item": "Leftovers", "teraType": "Poison", "role": "Bulky Setup", "bvs": {"hp": 120, "atk": 70, "def": 110, "spa": 75, "spd": 120, "spe": 85}, "stats": {"hp": 323, "atk": 117, "def": 222, "spa": 166, "spd": 238, "spe": 182}, "types": ["Psychic"]}, "Pachirisu": {"name": "Pachirisu", "species": "Pachirisu", "speciesId": "pachirisu", "gender": "M", "shiny": false, "level": 96, "moves": ["thunderbolt", "uturn", "superfang", "nuzzle"], "ability": "Volt Absorb", "evs": {"hp": 85, "atk": 85, "def": 85, "spa": 85, "spd": 85, "spe": 85}, "ivs": {"hp": 31, "atk": 31, "def": 31, "spa": 31, "spd": 31, "spe": 31}, "item": "Assault Vest", "teraType": "Flying", "role": "AV Pivot", "bvs": {"hp": 60, "atk": 45, "def": 70, "spa": 45, "spd": 90, "spe": 95}, "stats": {"hp": 271, "atk": 141, "def": 189, "spa": 141, "spd": 227, "spe": 237}, "types": ["Electric"]}, "Frosmoth": {"name": "Frosmoth", "species": "Frosmoth", "speciesId": "frosmoth", "gender": "F", "shiny": false, "level": 82, "moves": ["icebeam", "quiverdance", "bugbuzz", "hurricane"], "ability": "Ice Scales", "evs": {"hp": 85, "atk": 0, "def": 85, "spa": 85, "spd": 85, "spe": 85}, "ivs": {"hp": 31, "atk": 0, "def": 31, "spa": 31, "spd": 31, "spe": 31}, "item": "Heavy-Duty Boots", "teraType": "Water", "role": "Setup Sweeper", "bvs": {"hp": 70, "atk": 65, "def": 60, "spa": 125, "spd": 90, "spe": 65}, "stats": {"hp": 249, "atk": 111, "def": 146, "spa": 252, "spd": 195, "spe": 154}, "types": ["Ice", "Bug"]}}]}