{"id": "gen9randombattle-2641431848", "format": "[Gen 9] Random Battle", "players": ["noKlew", "Astinov"], "log": "|j|\u2606noKlew\n|j|\u2606Astinov\n|t:|1782783850\n|gametype|singles\n|player|p1|noKlew|102|2224\n|player|p2|Astinov|1|2260\n|gen|9\n|tier|[Gen 9] Random Battle\n|rated|\n|rule|Species Clause: Limit one of each Pok\u00e9mon\n|rule|HP Percentage Mod: HP is shown in percentages\n|rule|Sleep Clause Mod: Limit one foe put to sleep\n|rule|Illusion Level Mod: Illusion disguises the Pok\u00e9mon's true level\n|\n|t:|1782783850\n|teamsize|p1|6\n|teamsize|p2|6\n|start\n|switch|p1a: Abomasnow|Abomasnow, L84, F|287/287\n|switch|p2a: Flamigo|Flamigo, L82, F|269/269\n|-weather|Snowscape|[from] ability: Snow Warning|[of] p1a: Abomasnow\n|turn|1\n|inactive|Battle timer is ON: inactive players will automatically lose when time's up. (requested by noKlew)\n|inactive|Astinov has 120 seconds left.\n|\n|t:|1782783894\n|switch|p2a: Copperajah|Copperajah, L86, F|349/349\n|switch|p1a: Sandy Shocks|Sandy Shocks, L80|267/267\n|\n|-weather|Snowscape|[upkeep]\n|upkeep\n|turn|2\n|\n|t:|1782783908\n|switch|p2a: Wigglytuff|Wigglytuff, L96, F|424/424\n|move|p1a: Sandy Shocks|Earth Power|p2a: Wigglytuff\n|-damage|p2a: Wigglytuff|289/424\n|\n|-weather|Snowscape|[upkeep]\n|-heal|p2a: Wigglytuff|315/424|[from] item: Leftovers\n|upkeep\n|turn|3\n|\n|t:|1782783916\n|move|p1a: Sandy Shocks|Spikes|p2a: Wigglytuff\n|-sidestart|p2: Astinov|Spikes\n|move|p2a: Wigglytuff|Wish|p2a: Wigglytuff\n|\n|-weather|Snowscape|[upkeep]\n|-heal|p2a: Wigglytuff|341/424|[from] item: Leftovers\n|upkeep\n|turn|4\n|\n|t:|1782783923\n|move|p1a: Sandy Shocks|Stealth Rock|p2a: Wigglytuff\n|-sidestart|p2: Astinov|move: Stealth Rock\n|move|p2a: Wigglytuff|Dazzling Gleam|p1a: Sandy Shocks\n|-damage|p1a: Sandy Shocks|168/267\n|\n|-weather|Snowscape|[upkeep]\n|-heal|p2a: Wigglytuff|424/424|[from] move: Wish|[wisher] Wigglytuff\n|-heal|p1a: Sandy Shocks|184/267|[from] item: Leftovers\n|upkeep\n|turn|5\n|\n|t:|1782783929\n|move|p1a: Sandy Shocks|Spikes|p2a: Wigglytuff\n|-sidestart|p2: Astinov|Spikes\n|move|p2a: Wigglytuff|Dazzling Gleam|p1a: Sandy Shocks\n|-damage|p1a: Sandy Shocks|69/267\n|\n|-weather|none\n|-heal|p1a: Sandy Shocks|85/267|[from] item: Leftovers\n|upkeep\n|turn|6\n|\n|t:|1782783937\n|-end|p1a: Sandy Shocks|Protosynthesis|[silent]\n|switch|p1a: Volcanion|Volcanion, L79|255/255\n|move|p2a: Wigglytuff|Dazzling Gleam|p1a: Volcanion\n|-resisted|p1a: Volcanion\n|-damage|p1a: Volcanion|220/255\n|\n|upkeep\n|turn|7\n|\n|t:|1782783958\n|switch|p1a: Sandy Shocks|Sandy Shocks, L80|85/267\n|move|p2a: Wigglytuff|Protect||[still]\n|-fail|p2a: Wigglytuff\n|\n|-heal|p1a: Sandy Shocks|101/267|[from] item: Leftovers\n|upkeep\n|turn|8\n|\n|t:|1782783973\n|-end|p1a: Sandy Shocks|Protosynthesis|[silent]\n|switch|p1a: Volcanion|Volcanion, L79|220/255\n|move|p2a: Wigglytuff|Dazzling Gleam|p1a: Volcanion\n|-resisted|p1a: Volcanion\n|-damage|p1a: Volcanion|186/255\n|\n|upkeep\n|turn|9\n|\n|t:|1782783983\n|move|p1a: Volcanion|Steam Eruption|p2a: Wigglytuff\n|-crit|p2a: Wigglytuff\n|-damage|p2a: Wigglytuff|190/424\n|move|p2a: Wigglytuff|Wish|p2a: Wigglytuff\n|\n|-heal|p2a: Wigglytuff|216/424|[from] item: Leftovers\n|upkeep\n|turn|10\n|\n|t:|1782783996\n|move|p1a: Volcanion|Flame Charge|p2a: Wigglytuff\n|-damage|p2a: Wigglytuff|143/424\n|-boost|p1a: Volcanion|spe|1\n|move|p2a: Wigglytuff|Thunder Wave|p1a: Volcanion\n|-status|p1a: Volcanion|par\n|\n|-heal|p2a: Wigglytuff|355/424|[from] move: Wish|[wisher] Wigglytuff\n|-heal|p2a: Wigglytuff|381/424|[from] item: Leftovers\n|upkeep\n|turn|11\n|inactive|Astinov has 120 seconds left.\n|\n|t:|1782784038\n|move|p2a: Wigglytuff|Dazzling Gleam|p1a: Volcanion\n|-resisted|p1a: Volcanion\n|-damage|p1a: Volcanion|150/255 par\n|move|p1a: Volcanion|Steam Eruption|p2a: Wigglytuff\n|-crit|p2a: Wigglytuff\n|-damage|p2a: Wigglytuff|105/424\n|\n|-heal|p2a: Wigglytuff|131/424|[from] item: Leftovers\n|upkeep\n|turn|12\n|\n|t:|1782784042\n|move|p2a: Wigglytuff|Protect|p2a: Wigglytuff\n|-singleturn|p2a: Wigglytuff|Protect\n|cant|p1a: Volcanion|par\n|\n|-heal|p2a: Wigglytuff|157/424|[from] item: Leftovers\n|upkeep\n|turn|13\n|\n|t:|1782784048\n|move|p2a: Wigglytuff|Wish|p2a: Wigglytuff\n|cant|p1a: Volcanion|par\n|\n|-heal|p2a: Wigglytuff|183/424|[from] item: Leftovers\n|upkeep\n|turn|14\n|\n|t:|1782784051\n|move|p2a: Wigglytuff|Protect|p2a: Wigglytuff\n|-singleturn|p2a: Wigglytuff|Protect\n|move|p1a: Volcanion|Steam Eruption|p2a: Wigglytuff\n|-activate|p2a: Wigglytuff|move: Protect\n|\n|-heal|p2a: Wigglytuff|395/424|[from] move: Wish|[wisher] Wigglytuff\n|-heal|p2a: Wigglytuff|421/424|[from] item: Leftovers\n|upkeep\n|turn|15\n|\n|t:|1782784056\n|move|p2a: Wigglytuff|Wish|p2a: Wigglytuff\n|move|p1a: Volcanion|Steam Eruption|p2a: Wigglytuff\n|-damage|p2a: Wigglytuff|258/424\n|\n|-heal|p2a: Wigglytuff|284/424|[from] item: Leftovers\n|upkeep\n|turn|16\n|\n|t:|1782784062\n|move|p2a: Wigglytuff|Dazzling Gleam|p1a: Volcanion\n|-resisted|p1a: Volcanion\n|-damage|p1a: Volcanion|117/255 par\n|cant|p1a: Volcanion|par\n|\n|-heal|p2a: Wigglytuff|424/424|[from] move: Wish|[wisher] Wigglytuff\n|upkeep\n|turn|17\n|\n|t:|1782784066\n|move|p2a: Wigglytuff|Dazzling Gleam|p1a: Volcanion\n|-resisted|p1a: Volcanion\n|-damage|p1a: Volcanion|81/255 par\n|move|p1a: Volcanion|Steam Eruption|p2a: Wigglytuff\n|-damage|p2a: Wigglytuff|243/424\n|\n|-heal|p2a: Wigglytuff|269/424|[from] item: Leftovers\n|upkeep\n|turn|18\n|\n|t:|1782784070\n|move|p2a: Wigglytuff|Wish|p2a: Wigglytuff\n|move|p1a: Volcanion|Steam Eruption|p2a: Wigglytuff\n|-damage|p2a: Wigglytuff|95/424\n|\n|-heal|p2a: Wigglytuff|121/424|[from] item: Leftovers\n|upkeep\n|turn|19\n|\n|t:|1782784077\n|move|p2a: Wigglytuff|Protect|p2a: Wigglytuff\n|-singleturn|p2a: Wigglytuff|Protect\n|cant|p1a: Volcanion|par\n|\n|-heal|p2a: Wigglytuff|333/424|[from] move: Wish|[wisher] Wigglytuff\n|-heal|p2a: Wigglytuff|359/424|[from] item: Leftovers\n|upkeep\n|turn|20\n|\n|t:|1782784081\n|move|p2a: Wigglytuff|Wish|p2a: Wigglytuff\n|move|p1a: Volcanion|Steam Eruption|p2a: Wigglytuff|[miss]\n|-miss|p1a: Volcanion|p2a: Wigglytuff\n|\n|-heal|p2a: Wigglytuff|385/424|[from] item: Leftovers\n|upkeep\n|turn|21\n|\n|t:|1782784084\n|move|p2a: Wigglytuff|Dazzling Gleam|p1a: Volcanion\n|-resisted|p1a: Volcanion\n|-damage|p1a: Volcanion|49/255 par\n|move|p1a: Volcanion|Steam Eruption|p2a: Wigglytuff\n|-damage|p2a: Wigglytuff|207/424\n|\n|-heal|p2a: Wigglytuff|419/424|[from] move: Wish|[wisher] Wigglytuff\n|-heal|p2a: Wigglytuff|424/424|[from] item: Leftovers\n|upkeep\n|turn|22\n|\n|t:|1782784094\n|move|p2a: Wigglytuff|Wish|p2a: Wigglytuff\n|move|p1a: Volcanion|Flamethrower|p2a: Wigglytuff\n|-damage|p2a: Wigglytuff|289/424\n|\n|-heal|p2a: Wigglytuff|315/424|[from] item: Leftovers\n|upkeep\n|turn|23\n|inactive|Astinov has 120 seconds left.\n|\n|t:|1782784136\n|move|p2a: Wigglytuff|Dazzling Gleam|p1a: Volcanion\n|-resisted|p1a: Volcanion\n|-damage|p1a: Volcanion|13/255 par\n|move|p1a: Volcanion|Flamethrower|p2a: Wigglytuff\n|-damage|p2a: Wigglytuff|183/424\n|\n|-heal|p2a: Wigglytuff|395/424|[from] move: Wish|[wisher] Wigglytuff\n|-heal|p2a: Wigglytuff|421/424|[from] item: Leftovers\n|upkeep\n|turn|24\n|\n|t:|1782784140\n|move|p2a: Wigglytuff|Dazzling Gleam|p1a: Volcanion\n|-resisted|p1a: Volcanion\n|-damage|p1a: Volcanion|0 fnt\n|faint|p1a: Volcanion\n|\n|-heal|p2a: Wigglytuff|424/424|[from] item: Leftovers\n|upkeep\n|\n|t:|1782784144\n|switch|p1a: Ting-Lu|Ting-Lu, L78|370/370\n|-ability|p1a: Ting-Lu|Vessel of Ruin\n|turn|25\n|\n|t:|1782784154\n|move|p2a: Wigglytuff|Dazzling Gleam|p1a: Ting-Lu\n|-supereffective|p1a: Ting-Lu\n|-damage|p1a: Ting-Lu|256/370\n|move|p1a: Ting-Lu|Ruination|p2a: Wigglytuff\n|-damage|p2a: Wigglytuff|212/424\n|\n|-heal|p2a: Wigglytuff|238/424|[from] item: Leftovers\n|upkeep\n|turn|26\n|\n|t:|1782784161\n|move|p2a: Wigglytuff|Dazzling Gleam|p1a: Ting-Lu\n|-supereffective|p1a: Ting-Lu\n|-damage|p1a: Ting-Lu|142/370\n|move|p1a: Ting-Lu|Heavy Slam|p2a: Wigglytuff\n|-supereffective|p2a: Wigglytuff\n|-damage|p2a: Wigglytuff|30/424\n|\n|-heal|p2a: Wigglytuff|56/424|[from] item: Leftovers\n|upkeep\n|turn|27\n|\n|t:|1782784167\n|move|p2a: Wigglytuff|Dazzling Gleam|p1a: Ting-Lu\n|-supereffective|p1a: Ting-Lu\n|-damage|p1a: Ting-Lu|34/370\n|move|p1a: Ting-Lu|Heavy Slam|p2a: Wigglytuff\n|-supereffective|p2a: Wigglytuff\n|-damage|p2a: Wigglytuff|0 fnt\n|faint|p2a: Wigglytuff\n|\n|upkeep\n|\n|t:|1782784183\n|switch|p2a: Flamigo|Flamigo, L82, F|269/269\n|-damage|p2a: Flamigo|236/269|[from] Stealth Rock\n|turn|28\n|\n|t:|1782784200\n|move|p2a: Flamigo|Brave Bird|p1a: Ting-Lu\n|-damage|p1a: Ting-Lu|0 fnt\n|faint|p1a: Ting-Lu\n|-damage|p2a: Flamigo|225/269|[from] Recoil\n|-damage|p2a: Flamigo|199/269|[from] item: Life Orb\n|\n|upkeep\n|\n|t:|1782784211\n|switch|p1a: Sandy Shocks|Sandy Shocks, L80|101/267\n|turn|29\n|\n|t:|1782784221\n|switch|p2a: Latias|Latias, L79, F|256/256\n|-damage|p2a: Latias|224/256|[from] Stealth Rock\n|move|p1a: Sandy Shocks|Thunderbolt|p2a: Latias\n|-resisted|p2a: Latias\n|-damage|p2a: Latias|181/256\n|-status|p2a: Latias|par\n|\n|-heal|p1a: Sandy Shocks|117/267|[from] item: Leftovers\n|upkeep\n|turn|30\n|\n|t:|1782784234\n|-end|p1a: Sandy Shocks|Protosynthesis|[silent]\n|switch|p1a: Exeggutor|Exeggutor, L89, M|312/312\n|move|p2a: Latias|Calm Mind|p2a: Latias\n|-boost|p2a: Latias|spa|1\n|-boost|p2a: Latias|spd|1\n|\n|upkeep\n|turn|31\n|\n|t:|1782784239\n|move|p1a: Exeggutor|Leech Seed|p2a: Latias\n|-start|p2a: Latias|move: Leech Seed\n|cant|p2a: Latias|par\n|\n|-damage|p2a: Latias|149/256 par|[from] Leech Seed|[of] p1a: Exeggutor\n|upkeep\n|turn|32\n|\n|t:|1782784243\n|move|p1a: Exeggutor|Substitute|p1a: Exeggutor\n|-start|p1a: Exeggutor|Substitute\n|-damage|p1a: Exeggutor|234/312\n|cant|p2a: Latias|par\n|\n|-damage|p2a: Latias|117/256 par|[from] Leech Seed|[of] p1a: Exeggutor\n|-heal|p1a: Exeggutor|266/312|[silent]\n|upkeep\n|turn|33\n|\n|t:|1782784249\n|move|p1a: Exeggutor|Psychic Noise|p2a: Latias\n|-resisted|p2a: Latias\n|-damage|p2a: Latias|89/256 par\n|-start|p2a: Latias|move: Heal Block\n|cant|p2a: Latias|move: Heal Block|Recover\n|\n|-damage|p2a: Latias|57/256 par|[from] Leech Seed|[of] p1a: Exeggutor\n|-heal|p1a: Exeggutor|298/312|[silent]\n|upkeep\n|turn|34\n|\n|t:|1782784276\n|move|p1a: Exeggutor|Sludge Bomb|p2a: Latias\n|-damage|p2a: Latias|15/256 par\n|move|p2a: Latias|Psyshock|p1a: Exeggutor\n|-resisted|p1a: Exeggutor\n|-activate|p1a: Exeggutor|move: Substitute|[damage]\n|\n|-damage|p2a: Latias|0 fnt|[from] Leech Seed|[of] p1a: Exeggutor\n|-heal|p1a: Exeggutor|312/312|[silent]\n|faint|p2a: Latias\n|upkeep\n|\n|t:|1782784277\n|switch|p2a: Copperajah|Copperajah, L86, F|349/349\n|-damage|p2a: Copperajah|291/349|[from] Spikes\n|-damage|p2a: Copperajah|270/349|[from] Stealth Rock\n|turn|35\n|\n|t:|1782784287\n|move|p1a: Exeggutor|Leech Seed|p2a: Copperajah\n|-start|p2a: Copperajah|move: Leech Seed\n|move|p2a: Copperajah|Heat Crash|p1a: Exeggutor\n|-supereffective|p1a: Exeggutor\n|-end|p1a: Exeggutor|Substitute\n|\n|-damage|p2a: Copperajah|227/349|[from] Leech Seed|[of] p1a: Exeggutor\n|upkeep\n|turn|36\n|\n|t:|1782784291\n|move|p1a: Exeggutor|Substitute|p1a: Exeggutor\n|-start|p1a: Exeggutor|Substitute\n|-damage|p1a: Exeggutor|234/312\n|move|p2a: Copperajah|Heat Crash|p1a: Exeggutor\n|-supereffective|p1a: Exeggutor\n|-crit|p1a: Exeggutor\n|-end|p1a: Exeggutor|Substitute\n|\n|-damage|p2a: Copperajah|184/349|[from] Leech Seed|[of] p1a: Exeggutor\n|-heal|p1a: Exeggutor|277/312|[silent]\n|upkeep\n|turn|37\n|\n|t:|1782784297\n|move|p1a: Exeggutor|Substitute|p1a: Exeggutor\n|-start|p1a: Exeggutor|Substitute\n|-damage|p1a: Exeggutor|199/312\n|move|p2a: Copperajah|Heat Crash|p1a: Exeggutor\n|-supereffective|p1a: Exeggutor\n|-end|p1a: Exeggutor|Substitute\n|\n|-damage|p2a: Copperajah|141/349|[from] Leech Seed|[of] p1a: Exeggutor\n|-heal|p1a: Exeggutor|242/312|[silent]\n|upkeep\n|turn|38\n|\n|t:|1782784300\n|move|p1a: Exeggutor|Substitute|p1a: Exeggutor\n|-start|p1a: Exeggutor|Substitute\n|-damage|p1a: Exeggutor|164/312\n|move|p2a: Copperajah|Heat Crash|p1a: Exeggutor\n|-supereffective|p1a: Exeggutor\n|-end|p1a: Exeggutor|Substitute\n|\n|-damage|p2a: Copperajah|98/349|[from] Leech Seed|[of] p1a: Exeggutor\n|-heal|p1a: Exeggutor|207/312|[silent]\n|upkeep\n|turn|39\n|\n|t:|1782784302\n|move|p1a: Exeggutor|Substitute|p1a: Exeggutor\n|-start|p1a: Exeggutor|Substitute\n|-damage|p1a: Exeggutor|129/312\n|-enditem|p1a: Exeggutor|Sitrus Berry|[eat]\n|-heal|p1a: Exeggutor|207/312|[from] item: Sitrus Berry\n|move|p2a: Copperajah|Heat Crash|p1a: Exeggutor\n|-supereffective|p1a: Exeggutor\n|-end|p1a: Exeggutor|Substitute\n|\n|-damage|p2a: Copperajah|55/349|[from] Leech Seed|[of] p1a: Exeggutor\n|-heal|p1a: Exeggutor|250/312|[silent]\n|-item|p1a: Exeggutor|Sitrus Berry|[from] ability: Harvest\n|upkeep\n|turn|40\n|\n|t:|1782784305\n|move|p1a: Exeggutor|Substitute|p1a: Exeggutor\n|-start|p1a: Exeggutor|Substitute\n|-damage|p1a: Exeggutor|172/312\n|move|p2a: Copperajah|Heat Crash|p1a: Exeggutor\n|-supereffective|p1a: Exeggutor\n|-end|p1a: Exeggutor|Substitute\n|\n|-damage|p2a: Copperajah|12/349|[from] Leech Seed|[of] p1a: Exeggutor\n|-heal|p1a: Exeggutor|215/312|[silent]\n|upkeep\n|turn|41\n|\n|t:|1782784307\n|move|p1a: Exeggutor|Substitute|p1a: Exeggutor\n|-start|p1a: Exeggutor|Substitute\n|-damage|p1a: Exeggutor|137/312\n|-enditem|p1a: Exeggutor|Sitrus Berry|[eat]\n|-heal|p1a: Exeggutor|215/312|[from] item: Sitrus Berry\n|move|p2a: Copperajah|Heat Crash|p1a: Exeggutor\n|-supereffective|p1a: Exeggutor\n|-end|p1a: Exeggutor|Substitute\n|\n|-damage|p2a: Copperajah|0 fnt|[from] Leech Seed|[of] p1a: Exeggutor\n|-heal|p1a: Exeggutor|227/312|[silent]\n|faint|p2a: Copperajah\n|-item|p1a: Exeggutor|Sitrus Berry|[from] ability: Harvest\n|upkeep\n|\n|t:|1782784313\n|switch|p2a: Lunala|Lunala, L70|308/308\n|-damage|p2a: Lunala|257/308|[from] Spikes\n|-damage|p2a: Lunala|219/308|[from] Stealth Rock\n|turn|42\n|inactive|noKlew has 120 seconds left.\n|\n|t:|1782784355\n|-terastallize|p1a: Exeggutor|Steel\n|move|p2a: Lunala|Moongeist Beam|p1a: Exeggutor\n|-crit|p1a: Exeggutor\n|-damage|p1a: Exeggutor|70/312\n|-enditem|p1a: Exeggutor|Sitrus Berry|[eat]\n|-heal|p1a: Exeggutor|148/312|[from] item: Sitrus Berry\n|move|p1a: Exeggutor|Leech Seed|p2a: Lunala\n|-start|p2a: Lunala|move: Leech Seed\n|\n|-heal|p2a: Lunala|238/308|[from] item: Leftovers\n|-damage|p2a: Lunala|200/308|[from] Leech Seed|[of] p1a: Exeggutor\n|-heal|p1a: Exeggutor|186/312|[silent]\n|upkeep\n|turn|43\n|\n|t:|1782784365\n|move|p2a: Lunala|Focus Blast|p1a: Exeggutor|[miss]\n|-miss|p2a: Lunala|p1a: Exeggutor\n|move|p1a: Exeggutor|Substitute|p1a: Exeggutor\n|-start|p1a: Exeggutor|Substitute\n|-damage|p1a: Exeggutor|108/312\n|\n|-heal|p2a: Lunala|219/308|[from] item: Leftovers\n|-damage|p2a: Lunala|181/308|[from] Leech Seed|[of] p1a: Exeggutor\n|-heal|p1a: Exeggutor|146/312|[silent]\n|upkeep\n|turn|44\n|\n|t:|1782784372\n|switch|p2a: Raging Bolt|Raging Bolt, L78|323/323\n|-damage|p2a: Raging Bolt|270/323|[from] Spikes\n|-damage|p2a: Raging Bolt|230/323|[from] Stealth Rock\n|move|p1a: Exeggutor|Substitute|p1a: Exeggutor\n|-fail|p1a: Exeggutor|move: Substitute\n|\n|upkeep\n|turn|45\n|\n|t:|1782784377\n|move|p2a: Raging Bolt|Thunderbolt|p1a: Exeggutor\n|-end|p1a: Exeggutor|Substitute\n|move|p1a: Exeggutor|Leech Seed|p2a: Raging Bolt\n|-start|p2a: Raging Bolt|move: Leech Seed\n|\n|-damage|p2a: Raging Bolt|190/323|[from] Leech Seed|[of] p1a: Exeggutor\n|-heal|p1a: Exeggutor|186/312|[silent]\n|-item|p1a: Exeggutor|Sitrus Berry|[from] ability: Harvest\n|upkeep\n|turn|46\n|\n|t:|1782784384\n|move|p2a: Raging Bolt|Volt Switch|p1a: Exeggutor\n|-damage|p1a: Exeggutor|102/312\n|-enditem|p1a: Exeggutor|Sitrus Berry|[eat]\n|-heal|p1a: Exeggutor|180/312|[from] item: Sitrus Berry\n|\n|t:|1782784386\n|-end|p2a: Raging Bolt|Protosynthesis|[silent]\n|switch|p2a: Lunala|Lunala, L70|181/308|[from] Volt Switch\n|-damage|p2a: Lunala|130/308|[from] Spikes\n|-damage|p2a: Lunala|92/308|[from] Stealth Rock\n|move|p1a: Exeggutor|Substitute|p1a: Exeggutor\n|-start|p1a: Exeggutor|Substitute\n|-damage|p1a: Exeggutor|102/312\n|\n|-heal|p2a: Lunala|111/308|[from] item: Leftovers\n|-item|p1a: Exeggutor|Sitrus Berry|[from] ability: Harvest\n|upkeep\n|-enditem|p1a: Exeggutor|Sitrus Berry|[eat]\n|-heal|p1a: Exeggutor|180/312|[from] item: Sitrus Berry\n|turn|47\n|\n|t:|1782784392\n|move|p2a: Lunala|Moonlight|p2a: Lunala\n|-heal|p2a: Lunala|265/308\n|move|p1a: Exeggutor|Sludge Bomb|p2a: Lunala\n|-resisted|p2a: Lunala\n|-damage|p2a: Lunala|220/308\n|\n|-heal|p2a: Lunala|239/308|[from] item: Leftovers\n|upkeep\n|turn|48\n|\n|t:|1782784415\n|move|p2a: Lunala|Moongeist Beam|p1a: Exeggutor\n|-end|p1a: Exeggutor|Substitute\n|move|p1a: Exeggutor|Leech Seed|p2a: Lunala\n|-start|p2a: Lunala|move: Leech Seed\n|\n|-heal|p2a: Lunala|258/308|[from] item: Leftovers\n|-damage|p2a: Lunala|220/308|[from] Leech Seed|[of] p1a: Exeggutor\n|-heal|p1a: Exeggutor|218/312|[silent]\n|-item|p1a: Exeggutor|Sitrus Berry|[from] ability: Harvest\n|upkeep\n|turn|49\n|\n|t:|1782784431\n|switch|p1a: Luvdisc|Luvdisc, M|247/247\n|move|p2a: Lunala|Calm Mind|p2a: Lunala\n|-boost|p2a: Lunala|spa|1\n|-boost|p2a: Lunala|spd|1\n|\n|-heal|p2a: Lunala|239/308|[from] item: Leftovers\n|-damage|p2a: Lunala|201/308|[from] Leech Seed|[of] p1a: Luvdisc\n|upkeep\n|turn|50\n|\n|t:|1782784459\n|move|p1a: Luvdisc|Flip Turn|p2a: Lunala\n|-damage|p2a: Lunala|150/308\n|\n|t:|1782784465\n|switch|p1a: Sandy Shocks|Sandy Shocks, L80|117/267|[from] Flip Turn\n|move|p2a: Lunala|Calm Mind|p2a: Lunala\n|-boost|p2a: Lunala|spa|1\n|-boost|p2a: Lunala|spd|1\n|\n|-heal|p1a: Sandy Shocks|133/267|[from] item: Leftovers\n|-heal|p2a: Lunala|169/308|[from] item: Leftovers\n|-damage|p2a: Lunala|131/308|[from] Leech Seed|[of] p1a: Sandy Shocks\n|-heal|p1a: Sandy Shocks|171/267|[silent]\n|upkeep\n|turn|51\n|\n|t:|1782784481\n|move|p1a: Sandy Shocks|Thunderbolt|p2a: Lunala\n|-damage|p2a: Lunala|79/308\n|move|p2a: Lunala|Moonlight|p2a: Lunala\n|-heal|p2a: Lunala|233/308\n|\n|-heal|p1a: Sandy Shocks|187/267|[from] item: Leftovers\n|-heal|p2a: Lunala|252/308|[from] item: Leftovers\n|-damage|p2a: Lunala|214/308|[from] Leech Seed|[of] p1a: Sandy Shocks\n|-heal|p1a: Sandy Shocks|225/267|[silent]\n|upkeep\n|turn|52\n|\n|t:|1782784486\n|move|p1a: Sandy Shocks|Thunderbolt|p2a: Lunala\n|-damage|p2a: Lunala|160/308\n|move|p2a: Lunala|Moongeist Beam|p1a: Sandy Shocks\n|-damage|p1a: Sandy Shocks|12/267\n|\n|-heal|p1a: Sandy Shocks|28/267|[from] item: Leftovers\n|-heal|p2a: Lunala|179/308|[from] item: Leftovers\n|-damage|p2a: Lunala|141/308|[from] Leech Seed|[of] p1a: Sandy Shocks\n|-heal|p1a: Sandy Shocks|66/267|[silent]\n|upkeep\n|turn|53\n|\n|t:|1782784490\n|move|p1a: Sandy Shocks|Thunderbolt|p2a: Lunala\n|-damage|p2a: Lunala|83/308\n|move|p2a: Lunala|Moonlight|p2a: Lunala\n|-heal|p2a: Lunala|237/308\n|\n|-heal|p1a: Sandy Shocks|82/267|[from] item: Leftovers\n|-heal|p2a: Lunala|256/308|[from] item: Leftovers\n|-damage|p2a: Lunala|218/308|[from] Leech Seed|[of] p1a: Sandy Shocks\n|-heal|p1a: Sandy Shocks|120/267|[silent]\n|upkeep\n|turn|54\n|\n|t:|1782784493\n|move|p1a: Sandy Shocks|Thunderbolt|p2a: Lunala\n|-damage|p2a: Lunala|161/308\n|-status|p2a: Lunala|par\n|move|p2a: Lunala|Moongeist Beam|p1a: Sandy Shocks\n|-damage|p1a: Sandy Shocks|0 fnt\n|faint|p1a: Sandy Shocks\n|-end|p1a: Sandy Shocks|Protosynthesis|[silent]\n|\n|-heal|p2a: Lunala|180/308 par|[from] item: Leftovers\n|upkeep\n|\n|t:|1782784510\n|switch|p1a: Exeggutor|Exeggutor, L89, M, tera:Steel|218/312\n|turn|55\n|\n|t:|1782784515\n|move|p1a: Exeggutor|Substitute|p1a: Exeggutor\n|-start|p1a: Exeggutor|Substitute\n|-damage|p1a: Exeggutor|140/312\n|-enditem|p1a: Exeggutor|Sitrus Berry|[eat]\n|-heal|p1a: Exeggutor|218/312|[from] item: Sitrus Berry\n|cant|p2a: Lunala|par\n|\n|-heal|p2a: Lunala|199/308 par|[from] item: Leftovers\n|-damage|p2a: Lunala|161/308 par|[from] Leech Seed|[of] p1a: Exeggutor\n|-heal|p1a: Exeggutor|256/312|[silent]\n|-item|p1a: Exeggutor|Sitrus Berry|[from] ability: Harvest\n|upkeep\n|turn|56\n|\n|t:|1782784520\n|move|p1a: Exeggutor|Psychic Noise|p2a: Lunala\n|-resisted|p2a: Lunala\n|-damage|p2a: Lunala|131/308 par\n|-start|p2a: Lunala|move: Heal Block\n|move|p2a: Lunala|Moongeist Beam|p1a: Exeggutor\n|-end|p1a: Exeggutor|Substitute\n|\n|-damage|p2a: Lunala|93/308 par|[from] Leech Seed|[of] p1a: Exeggutor\n|-heal|p1a: Exeggutor|294/312|[silent]\n|upkeep\n|turn|57\n|\n|t:|1782784529\n|move|p1a: Exeggutor|Substitute|p1a: Exeggutor\n|-start|p1a: Exeggutor|Substitute\n|-damage|p1a: Exeggutor|216/312\n|move|p2a: Lunala|Focus Blast|p1a: Exeggutor|[miss]\n|-miss|p2a: Lunala|p1a: Exeggutor\n|\n|-damage|p2a: Lunala|55/308 par|[from] Leech Seed|[of] p1a: Exeggutor\n|-heal|p1a: Exeggutor|254/312|[silent]\n|-end|p2a: Lunala|move: Heal Block\n|upkeep\n|turn|58\n|\n|t:|1782784534\n|move|p1a: Exeggutor|Psychic Noise|p2a: Lunala\n|-resisted|p2a: Lunala\n|-damage|p2a: Lunala|29/308 par\n|-start|p2a: Lunala|move: Heal Block\n|cant|p2a: Lunala|par\n|\n|-damage|p2a: Lunala|0 fnt|[from] Leech Seed|[of] p1a: Exeggutor\n|-heal|p1a: Exeggutor|283/312|[silent]\n|faint|p2a: Lunala\n|upkeep\n|\n|t:|1782784539\n|switch|p2a: Raging Bolt|Raging Bolt, L78|190/323\n|-damage|p2a: Raging Bolt|137/323|[from] Spikes\n|-damage|p2a: Raging Bolt|97/323|[from] Stealth Rock\n|turn|59\n|\n|t:|1782784558\n|move|p2a: Raging Bolt|Thunderbolt|p1a: Exeggutor\n|-end|p1a: Exeggutor|Substitute\n|move|p1a: Exeggutor|Leech Seed|p2a: Raging Bolt\n|-start|p2a: Raging Bolt|move: Leech Seed\n|\n|-damage|p2a: Raging Bolt|57/323|[from] Leech Seed|[of] p1a: Exeggutor\n|-heal|p1a: Exeggutor|312/312|[silent]\n|upkeep\n|turn|60\n|\n|t:|1782784570\n|move|p2a: Raging Bolt|Volt Switch|p1a: Exeggutor\n|-damage|p1a: Exeggutor|213/312\n|\n|t:|1782784571\n|-end|p2a: Raging Bolt|Protosynthesis|[silent]\n|switch|p2a: Flamigo|Flamigo, L82, F|199/269|[from] Volt Switch\n|-damage|p2a: Flamigo|166/269|[from] Stealth Rock\n|move|p1a: Exeggutor|Substitute|p1a: Exeggutor\n|-start|p1a: Exeggutor|Substitute\n|-damage|p1a: Exeggutor|135/312\n|-enditem|p1a: Exeggutor|Sitrus Berry|[eat]\n|-heal|p1a: Exeggutor|213/312|[from] item: Sitrus Berry\n|\n|-item|p1a: Exeggutor|Sitrus Berry|[from] ability: Harvest\n|upkeep\n|turn|61\n|\n|t:|1782784581\n|-terastallize|p2a: Flamigo|Steel\n|move|p2a: Flamigo|Close Combat|p1a: Exeggutor\n|-supereffective|p1a: Exeggutor\n|-end|p1a: Exeggutor|Substitute\n|-unboost|p2a: Flamigo|def|1\n|-unboost|p2a: Flamigo|spd|1\n|-damage|p2a: Flamigo|140/269|[from] item: Life Orb\n|move|p1a: Exeggutor|Psychic Noise|p2a: Flamigo\n|-resisted|p2a: Flamigo\n|-damage|p2a: Flamigo|37/269\n|-start|p2a: Flamigo|move: Heal Block\n|\n|upkeep\n|turn|62\n|\n|t:|1782784604\n|switch|p1a: Abomasnow|Abomasnow, L84, F|287/287\n|-weather|Snowscape|[from] ability: Snow Warning|[of] p1a: Abomasnow\n|move|p2a: Flamigo|Close Combat|p1a: Abomasnow\n|-supereffective|p1a: Abomasnow\n|-damage|p1a: Abomasnow|0 fnt\n|-unboost|p2a: Flamigo|def|1\n|-unboost|p2a: Flamigo|spd|1\n|faint|p1a: Abomasnow\n|-damage|p2a: Flamigo|11/269|[from] item: Life Orb\n|\n|-weather|Snowscape|[upkeep]\n|-end|p2a: Flamigo|move: Heal Block\n|upkeep\n|\n|t:|1782784609\n|switch|p1a: Luvdisc|Luvdisc, M|247/247\n|turn|63\n|\n|t:|1782784615\n|move|p1a: Luvdisc|Surf|p2a: Flamigo\n|-damage|p2a: Flamigo|0 fnt\n|faint|p2a: Flamigo\n|\n|-weather|Snowscape|[upkeep]\n|upkeep\n|-message|Astinov forfeited.\n|\n|win|noKlew\n", "inputlog": ">version f8ac14003a5f27e1bdc8d8c59608a773c1cb96e5\n>start {\"formatid\":\"gen9randombattle\",\"seed\":\"sodium,d2bc3dbdd381159a958e0ef79974fb53\",\"rated\":\"Rated battle\"}\n>player p1 {\"name\":\"noKlew\",\"avatar\":\"102\",\"rating\":2224,\"seed\":\"sodium,ee9b3dc947e42e14f34fedebc0a46ad7\"}\n>player p2 {\"name\":\"Astinov\",\"avatar\":\"1\",\"rating\":2260,\"seed\":\"sodium,2285a77cc13fb87f82d0a2d96170c383\"}\n>p1 switch 4\n>p2 switch 5\n>p1 move earthpower\n>p2 switch 6\n>p1 move spikes\n>p2 move wish\n>p1 move stealthrock\n>p2 move dazzlinggleam\n>p1 move spikes\n>p2 move dazzlinggleam\n>p1 switch 5\n>p2 move dazzlinggleam\n>p1 switch 5\n>p2 move protect\n>p1 switch 5\n>p2 move dazzlinggleam\n>p1 move steameruption\n>p2 move wish\n>p1 move flamecharge\n>p2 move thunderwave\n>p1 move steameruption\n>p2 move dazzlinggleam\n>p1 move steameruption\n>p2 move protect\n>p1 move steameruption\n>p2 move wish\n>p1 move steameruption\n>p2 move protect\n>p1 move steameruption\n>p2 move wish\n>p1 move flamethrower\n>p2 move dazzlinggleam\n>p1 move steameruption\n>p2 move dazzlinggleam\n>p1 move steameruption\n>p2 move wish\n>p1 move flamethrower\n>p2 move protect\n>p1 move steameruption\n>p2 move wish\n>p1 move steameruption\n>p2 move dazzlinggleam\n>p1 move flamethrower\n>p2 move wish\n>p1 move flamethrower\n>p2 move dazzlinggleam\n>p1 move flamethrower\n>p2 move dazzlinggleam\n>p1 switch 2\n>p1 move ruination\n>p2 move dazzlinggleam\n>p1 move heavyslam\n>p2 move dazzlinggleam\n>p1 move heavyslam\n>p2 move dazzlinggleam\n>p2 switch 5\n>p1 move ruination\n>p2 move bravebird\n>p1 switch 5\n>p1 move thunderbolt\n>p2 switch 3\n>p1 switch 3\n>p2 move calmmind\n>p1 move leechseed\n>p2 move dracometeor\n>p1 move substitute\n>p2 move recover\n>p1 move psychicnoise\n>p2 move recover\n>p1 move sludgebomb\n>p2 move psyshock\n>p2 switch 6\n>p1 move leechseed\n>p2 move heatcrash\n>p1 move substitute\n>p2 move heatcrash\n>p1 move substitute\n>p2 move heatcrash\n>p1 move substitute\n>p2 move heatcrash\n>p1 move substitute\n>p2 move heatcrash\n>p1 move substitute\n>p2 move heatcrash\n>p1 move substitute\n>p2 move heatcrash\n>p2 switch 4\n>p1 move leechseed terastallize\n>p2 move moongeistbeam\n>p1 move substitute\n>p2 move focusblast\n>p1 move substitute\n>p2 switch 2\n>p1 move leechseed\n>p2 move thunderbolt\n>p1 move substitute\n>p2 move voltswitch\n>p2 switch 2\n>p1 move sludgebomb\n>p2 move moonlight\n>p1 move leechseed\n>p2 move moongeistbeam\n>p1 switch 6\n>p2 move calmmind\n>p1 move flipturn\n>p2 move calmmind\n>p1 switch 3\n>p1 move thunderbolt\n>p2 move moonlight\n>p1 move thunderbolt\n>p2 move moongeistbeam\n>p1 move thunderbolt\n>p2 move moonlight\n>p1 move thunderbolt\n>p2 move moongeistbeam\n>p1 switch 6\n>p1 move substitute\n>p2 move focusblast\n>p1 move psychicnoise\n>p2 move moongeistbeam\n>p1 move substitute\n>p2 move focusblast\n>p1 move psychicnoise\n>p2 move focusblast\n>p2 switch 2\n>p1 move leechseed\n>p2 move thunderbolt\n>p1 move substitute\n>p2 move voltswitch\n>p2 switch 3\n>p1 move psychicnoise\n>p2 move closecombat terastallize\n>p1 switch 4\n>p2 move closecombat\n>p1 switch 3\n>p1 move surf\n>p2 move roost\n>forcelose p2", "uploadtime": 1782783852, "views": 3, "formatid": "gen9randombattle", "rating": null, "private": 0, "password": null, "player_dets": [{"name": "noKlew", "avatar": "102", "rating": 2224, "seed": "sodium,ee9b3dc947e42e14f34fedebc0a46ad7"}, {"name": "Astinov", "avatar": "1", "rating": 2260, "seed": "sodium,2285a77cc13fb87f82d0a2d96170c383"}], "teams_full": [{"Abomasnow": {"name": "Abomasnow", "species": "Abomasnow", "speciesId": "abomasnow", "gender": "F", "shiny": false, "level": 84, "moves": ["earthquake", "iceshard", "blizzard", "auroraveil"], "ability": "Snow Warning", "evs": {"hp": 77, "atk": 85, "def": 85, "spa": 85, "spd": 85, "spe": 85}, "ivs": {"hp": 31, "atk": 31, "def": 31, "spa": 31, "spd": 31, "spe": 31}, "item": "Light Clay", "teraType": "Ghost", "role": "Bulky Support", "bvs": {"hp": 90, "atk": 92, "def": 75, "spa": 92, "spd": 85, "spe": 60}, "stats": {"hp": 287, "atk": 203, "def": 174, "spa": 203, "spd": 191, "spe": 149}, "types": ["Grass", "Ice"]}, "Ting-Lu": {"name": "Ting-Lu", "species": "Ting-Lu", "speciesId": "tinglu", "gender": "N", "shiny": false, "level": 78, "moves": ["earthquake", "payback", "heavyslam", "ruination"], "ability": "Vessel of Ruin", "evs": {"hp": 85, "atk": 85, "def": 85, "spa": 85, "spd": 85, "spe": 85}, "ivs": {"hp": 31, "atk": 31, "def": 31, "spa": 31, "spd": 31, "spe": 31}, "item": "Assault Vest", "teraType": "Poison", "role": "Bulky Attacker", "bvs": {"hp": 155, "atk": 110, "def": 125, "spa": 55, "spd": 80, "spe": 45}, "stats": {"hp": 370, "atk": 217, "def": 240, "spa": 131, "spd": 170, "spe": 115}, "types": ["Dark", "Ground"]}, "Exeggutor": {"name": "Exeggutor", "species": "Exeggutor", "speciesId": "exeggutor", "gender": "M", "shiny": false, "level": 89, "moves": ["substitute", "leechseed", "psychicnoise", "sludgebomb"], "ability": "Harvest", "evs": {"hp": 77, "atk": 0, "def": 85, "spa": 85, "spd": 85, "spe": 85}, "ivs": {"hp": 31, "atk": 0, "def": 31, "spa": 31, "spd": 31, "spe": 31}, "item": "Sitrus Berry", "teraType": "Steel", "role": "Bulky Support", "bvs": {"hp": 95, "atk": 95, "def": 85, "spa": 125, "spd": 75, "spe": 55}, "stats": {"hp": 312, "atk": 174, "def": 202, "spa": 273, "spd": 184, "spe": 149}, "types": ["Grass", "Psychic"]}, "Sandy Shocks": {"name": "Sandy Shocks", "species": "Sandy Shocks", "speciesId": "sandyshocks", "gender": "N", "shiny": false, "level": 80, "moves": ["stealthrock", "earthpower", "spikes", "thunderbolt"], "ability": "Protosynthesis", "evs": {"hp": 85, "atk": 0, "def": 85, "spa": 85, "spd": 85, "spe": 85}, "ivs": {"hp": 31, "atk": 0, "def": 31, "spa": 31, "spd": 31, "spe": 31}, "item": "Leftovers", "teraType": "Electric", "role": "Fast Support", "bvs": {"hp": 85, "atk": 81, "def": 97, "spa": 121, "spd": 85, "spe": 101}, "stats": {"hp": 267, "atk": 134, "def": 201, "spa": 240, "spd": 182, "spe": 208}, "types": ["Electric", "Ground"]}, "Volcanion": {"name": "Volcanion", "species": "Volcanion", "speciesId": "volcanion", "gender": "N", "shiny": false, "level": 79, "moves": ["flamethrower", "earthpower", "steameruption", "flamecharge"], "ability": "Water Absorb", "evs": {"hp": 81, "atk": 85, "def": 85, "spa": 85, "spd": 85, "spe": 85}, "ivs": {"hp": 31, "atk": 31, "def": 31, "spa": 31, "spd": 31, "spe": 31}, "item": "Assault Vest", "teraType": "Fire", "role": "Bulky Attacker", "bvs": {"hp": 80, "atk": 110, "def": 120, "spa": 130, "spd": 90, "spe": 70}, "stats": {"hp": 255, "atk": 219, "def": 235, "spa": 251, "spd": 188, "spe": 156}, "types": ["Fire", "Water"]}, "Luvdisc": {"name": "Luvdisc", "species": "Luvdisc", "speciesId": "luvdisc", "gender": "M", "shiny": false, "level": 100, "moves": ["endeavor", "flipturn", "substitute", "surf"], "ability": "Swift Swim", "evs": {"hp": 81, "atk": 85, "def": 85, "spa": 85, "spd": 85, "spe": 85}, "ivs": {"hp": 31, "atk": 31, "def": 31, "spa": 31, "spd": 31, "spe": 31}, "item": "Heavy-Duty Boots", "teraType": "Ghost", "role": "Fast Support", "bvs": {"hp": 43, "atk": 30, "def": 55, "spa": 40, "spd": 65, "spe": 97}, "stats": {"hp": 247, "atk": 117, "def": 167, "spa": 137, "spd": 187, "spe": 251}, "types": ["Water"]}}, {"Flamigo": {"name": "Flamigo", "species": "Flamigo", "speciesId": "flamigo", "gender": "F", "shiny": false, "level": 82, "moves": ["swordsdance", "closecombat", "bravebird", "roost"], "ability": "Scrappy", "evs": {"hp": 85, "atk": 85, "def": 85, "spa": 85, "spd": 85, "spe": 85}, "ivs": {"hp": 31, "atk": 31, "def": 31, "spa": 31, "spd": 31, "spe": 31}, "item": "Life Orb", "teraType": "Steel", "role": "Setup Sweeper", "bvs": {"hp": 82, "atk": 115, "def": 74, "spa": 75, "spd": 64, "spe": 90}, "stats": {"hp": 269, "atk": 236, "def": 169, "spa": 170, "spd": 152, "spe": 195}, "types": ["Flying", "Fighting"]}, "Raging Bolt": {"name": "Raging Bolt", "species": "Raging Bolt", "speciesId": "ragingbolt", "gender": "N", "shiny": false, "level": 78, "moves": ["thunderbolt", "thunderclap", "voltswitch", "dracometeor"], "ability": "Protosynthesis", "evs": {"hp": 85, "atk": 0, "def": 85, "spa": 85, "spd": 85, "spe": 85}, "ivs": {"hp": 31, "atk": 0, "def": 31, "spa": 31, "spd": 31, "spe": 31}, "item": "Assault Vest", "teraType": "Electric", "role": "AV Pivot", "bvs": {"hp": 125, "atk": 73, "def": 91, "spa": 137, "spd": 89, "spe": 75}, "stats": {"hp": 323, "atk": 118, "def": 187, "spa": 259, "spd": 184, "spe": 162}, "types": ["Electric", "Dragon"]}, "Latias": {"name": "Latias", "species": "Latias", "speciesId": "latias", "gender": "F", "shiny": false, "level": 79, "moves": ["calmmind", "psyshock", "recover", "dracometeor"], "ability": "Levitate", "evs": {"hp": 85, "atk": 0, "def": 85, "spa": 85, "spd": 85, "spe": 85}, "ivs": {"hp": 31, "atk": 0, "def": 31, "spa": 31, "spd": 31, "spe": 31}, "item": "Soul Dew", "teraType": "Steel", "role": "Fast Bulky Setup", "bvs": {"hp": 80, "atk": 80, "def": 90, "spa": 110, "spd": 130, "spe": 110}, "stats": {"hp": 256, "atk": 131, "def": 188, "spa": 219, "spd": 251, "spe": 219}, "types": ["Dragon", "Psychic"]}, "Lunala": {"name": "Lunala", "species": "Lunala", "speciesId": "lunala", "gender": "N", "shiny": false, "level": 70, "moves": ["calmmind", "moonlight", "moongeistbeam", "focusblast"], "ability": "Shadow Shield", "evs": {"hp": 85, "atk": 0, "def": 85, "spa": 85, "spd": 85, "spe": 85}, "ivs": {"hp": 31, "atk": 0, "def": 31, "spa": 31, "spd": 31, "spe": 31}, "item": "Leftovers", "teraType": "Fighting", "role": "Bulky Setup", "bvs": {"hp": 137, "atk": 113, "def": 89, "spa": 137, "spd": 107, "spe": 97}, "stats": {"hp": 308, "atk": 163, "def": 166, "spa": 233, "spd": 191, "spe": 177}, "types": ["Psychic", "Ghost"]}, "Copperajah": {"name": "Copperajah", "species": "Copperajah", "speciesId": "copperajah", "gender": "F", "shiny": false, "level": 86, "moves": ["heatcrash", "supercellslam", "heavyslam", "superpower"], "ability": "Heavy Metal", "evs": {"hp": 81, "atk": 85, "def": 85, "spa": 85, "spd": 85, "spe": 85}, "ivs": {"hp": 31, "atk": 31, "def": 31, "spa": 31, "spd": 31, "spe": 31}, "item": "Choice Band", "teraType": "Fire", "role": "Bulky Attacker", "bvs": {"hp": 122, "atk": 130, "def": 69, "spa": 80, "spd": 69, "spe": 30}, "stats": {"hp": 349, "atk": 273, "def": 168, "spa": 187, "spd": 168, "spe": 101}, "types": ["Steel"]}, "Wigglytuff": {"name": "Wigglytuff", "species": "Wigglytuff", "speciesId": "wigglytuff", "gender": "F", "shiny": false, "level": 96, "moves": ["protect", "wish", "dazzlinggleam", "thunderwave"], "ability": "Competitive", "evs": {"hp": 85, "atk": 0, "def": 85, "spa": 85, "spd": 85, "spe": 85}, "ivs": {"hp": 31, "atk": 0, "def": 31, "spa": 31, "spd": 31, "spe": 31}, "item": "Leftovers", "teraType": "Poison", "role": "Bulky Support", "bvs": {"hp": 140, "atk": 70, "def": 45, "spa": 85, "spd": 50, "spe": 45}, "stats": {"hp": 424, "atk": 139, "def": 141, "spa": 218, "spd": 150, "spe": 141}, "types": ["Normal", "Fairy"]}}]}