{"id": "gen9randombattle-2641510317", "format": "[Gen 9] Random Battle", "players": ["agliam", "testbotcif"], "log": "|j|\u2606agliam\n|j|\u2606testbotcif\n|t:|1782797451\n|gametype|singles\n|player|p1|agliam|rocketgrunt|1320\n|player|p2|testbotcif|266|1256\n|gen|9\n|tier|[Gen 9] Random Battle\n|rated|\n|rule|Species Clause: Limit one of each Pok\u00e9mon\n|rule|HP Percentage Mod: HP is shown in percentages\n|rule|Sleep Clause Mod: Limit one foe put to sleep\n|rule|Illusion Level Mod: Illusion disguises the Pok\u00e9mon's true level\n|\n|t:|1782797451\n|teamsize|p1|6\n|teamsize|p2|6\n|start\n|switch|p1a: Perrserker|Perrserker, L89, F|269/269\n|switch|p2a: Amoonguss|Amoonguss, L82, M|321/321\n|turn|1\n|c|\u2606testbotcif|rlhf\n|inactive|Battle timer is ON: inactive players will automatically lose when time's up. (requested by testbotcif)\n|\n|t:|1782797459\n|move|p1a: Perrserker|Knock Off|p2a: Amoonguss\n|-damage|p2a: Amoonguss|110/321\n|-damage|p1a: Perrserker|225/269|[from] item: Rocky Helmet|[of] p2a: Amoonguss\n|-enditem|p2a: Amoonguss|Rocky Helmet|[from] move: Knock Off|[of] p1a: Perrserker\n|move|p2a: Amoonguss|Spore|p1a: Perrserker\n|-status|p1a: Perrserker|slp|[from] move: Spore\n|\n|upkeep\n|turn|2\n|\n|t:|1782797464\n|cant|p1a: Perrserker|slp\n|move|p2a: Amoonguss|Stomping Tantrum|p1a: Perrserker\n|-supereffective|p1a: Perrserker\n|-damage|p1a: Perrserker|149/269 slp\n|\n|upkeep\n|turn|3\n|\n|t:|1782797466\n|-curestatus|p1a: Perrserker|slp|[msg]\n|move|p1a: Perrserker|Knock Off|p2a: Amoonguss\n|-damage|p2a: Amoonguss|0 fnt\n|faint|p2a: Amoonguss\n|\n|upkeep\n|\n|t:|1782797467\n|switch|p2a: Morpeko|Morpeko, L88, M|245/245\n|turn|4\n|\n|t:|1782797470\n|move|p2a: Morpeko|Aura Wheel|p1a: Perrserker\n|-damage|p1a: Perrserker|40/269\n|-boost|p2a: Morpeko|spe|1\n|move|p1a: Perrserker|Knock Off|p2a: Morpeko\n|-resisted|p2a: Morpeko\n|-damage|p2a: Morpeko|139/245\n|-enditem|p2a: Morpeko|Heavy-Duty Boots|[from] move: Knock Off|[of] p1a: Perrserker\n|\n|-formechange|p2a: Morpeko|Morpeko-Hangry||[from] ability: Hunger Switch\n|upkeep\n|turn|5\n|\n|t:|1782797479\n|move|p2a: Morpeko|Aura Wheel|p1a: Perrserker\n|-damage|p1a: Perrserker|0 fnt\n|-boost|p2a: Morpeko|spe|1\n|faint|p1a: Perrserker\n|\n|-formechange|p2a: Morpeko|Morpeko||[from] ability: Hunger Switch\n|upkeep\n|\n|t:|1782797490\n|switch|p1a: Dipplin|Dipplin, L88, M|284/284\n|turn|6\n|\n|t:|1782797494\n|switch|p2a: Avalugg|Avalugg-Hisui, L90, M|317/317\n|move|p1a: Dipplin|Dragon Tail|p2a: Avalugg\n|-damage|p2a: Avalugg|286/317\n|drag|p2a: Reuniclus|Reuniclus, L88, M|337/337\n|\n|upkeep\n|turn|7\n|\n|t:|1782797506\n|move|p1a: Dipplin|Dragon Pulse|p2a: Reuniclus\n|-damage|p2a: Reuniclus|240/337\n|move|p2a: Reuniclus|Calm Mind|p2a: Reuniclus\n|-boost|p2a: Reuniclus|spa|1\n|-boost|p2a: Reuniclus|spd|1\n|\n|upkeep\n|turn|8\n|\n|t:|1782797509\n|move|p2a: Reuniclus|Recover|p2a: Reuniclus\n|-heal|p2a: Reuniclus|337/337\n|move|p1a: Dipplin|Dragon Tail|p2a: Reuniclus\n|-damage|p2a: Reuniclus|265/337\n|drag|p2a: Arceus|Arceus-Dragon, L71|288/288\n|\n|upkeep\n|turn|9\n|\n|t:|1782797517\n|move|p2a: Arceus|Calm Mind|p2a: Arceus\n|-boost|p2a: Arceus|spa|1\n|-boost|p2a: Arceus|spd|1\n|move|p1a: Dipplin|Dragon Tail|p2a: Arceus\n|-supereffective|p2a: Arceus\n|-damage|p2a: Arceus|172/288\n|drag|p2a: Reuniclus|Reuniclus, L88, M|265/337\n|\n|upkeep\n|turn|10\n|\n|t:|1782797520\n|move|p2a: Reuniclus|Psychic|p1a: Dipplin\n|-crit|p1a: Dipplin\n|-damage|p1a: Dipplin|120/284\n|move|p1a: Dipplin|Dragon Tail|p2a: Reuniclus\n|-damage|p2a: Reuniclus|205/337\n|drag|p2a: Avalugg|Avalugg-Hisui, L90, M|286/317\n|\n|upkeep\n|turn|11\n|\n|t:|1782797526\n|-terastallize|p2a: Avalugg|Ghost\n|move|p1a: Dipplin|Giga Drain|p2a: Avalugg\n|-damage|p2a: Avalugg|138/317\n|-heal|p1a: Dipplin|194/284|[from] drain|[of] p2a: Avalugg\n|move|p2a: Avalugg|Recover|p2a: Avalugg\n|-heal|p2a: Avalugg|297/317\n|\n|upkeep\n|turn|12\n|\n|t:|1782797533\n|move|p1a: Dipplin|Giga Drain|p2a: Avalugg\n|-damage|p2a: Avalugg|144/317\n|-heal|p1a: Dipplin|271/284|[from] drain|[of] p2a: Avalugg\n|move|p2a: Avalugg|Avalanche|p1a: Dipplin\n|-supereffective|p1a: Dipplin\n|-damage|p1a: Dipplin|0 fnt\n|faint|p1a: Dipplin\n|\n|upkeep\n|\n|t:|1782797540\n|switch|p1a: Kommo-o|Kommo-o, L78, F|245/245\n|turn|13\n|\n|t:|1782797548\n|move|p1a: Kommo-o|Scale Shot|p2a: Avalugg\n|-damage|p2a: Avalugg|129/317\n|-damage|p2a: Avalugg|114/317\n|-crit|p2a: Avalugg\n|-damage|p2a: Avalugg|92/317\n|-damage|p2a: Avalugg|77/317\n|-damage|p2a: Avalugg|64/317\n|-hitcount|p2a: Avalugg|5\n|-unboost|p1a: Kommo-o|def|1\n|-boost|p1a: Kommo-o|spe|1\n|move|p2a: Avalugg|Avalanche|p1a: Kommo-o\n|-supereffective|p1a: Kommo-o\n|-damage|p1a: Kommo-o|0 fnt\n|faint|p1a: Kommo-o\n|\n|upkeep\n|\n|t:|1782797564\n|switch|p1a: Raikou|Raikou, L81|278/278\n|-ability|p1a: Raikou|Pressure\n|turn|14\n|\n|t:|1782797566\n|move|p1a: Raikou|Shadow Ball|p2a: Avalugg\n|-supereffective|p2a: Avalugg\n|-damage|p2a: Avalugg|0 fnt\n|faint|p2a: Avalugg\n|\n|upkeep\n|\n|t:|1782797566\n|switch|p2a: Dudunsparce|Dudunsparce, L83, F|343/343\n|turn|15\n|\n|t:|1782797572\n|switch|p1a: Blissey|Blissey, L85, F|572/572\n|move|p2a: Dudunsparce|Toxic|p1a: Blissey\n|-status|p1a: Blissey|tox\n|\n|-damage|p1a: Blissey|537/572 tox|[from] psn\n|upkeep\n|turn|16\n|\n|t:|1782797575\n|move|p1a: Blissey|Thunder Wave|p2a: Dudunsparce\n|-status|p2a: Dudunsparce|par\n|move|p2a: Dudunsparce|Earthquake|p1a: Blissey\n|-damage|p1a: Blissey|330/572 tox\n|\n|-heal|p1a: Blissey|365/572 tox|[from] item: Leftovers\n|-damage|p1a: Blissey|295/572 tox|[from] psn\n|upkeep\n|turn|17\n|\n|t:|1782797585\n|-terastallize|p1a: Blissey|Fairy\n|move|p1a: Blissey|Heal Bell|p1a: Blissey\n|-activate|p1a: Blissey|move: Heal Bell\n|-curestatus|p1a: Blissey|tox|[msg]\n|move|p2a: Dudunsparce|Earthquake|p1a: Blissey\n|-damage|p1a: Blissey|79/572\n|\n|-heal|p1a: Blissey|114/572|[from] item: Leftovers\n|upkeep\n|turn|18\n|\n|t:|1782797590\n|move|p1a: Blissey|Soft-Boiled|p1a: Blissey\n|-heal|p1a: Blissey|400/572\n|move|p2a: Dudunsparce|Earthquake|p1a: Blissey\n|-damage|p1a: Blissey|172/572\n|\n|-heal|p1a: Blissey|207/572|[from] item: Leftovers\n|upkeep\n|turn|19\n|\n|t:|1782797594\n|move|p1a: Blissey|Soft-Boiled|p1a: Blissey\n|-heal|p1a: Blissey|493/572\n|move|p2a: Dudunsparce|Earthquake|p1a: Blissey\n|-damage|p1a: Blissey|288/572\n|\n|-heal|p1a: Blissey|323/572|[from] item: Leftovers\n|upkeep\n|turn|20\n|\n|t:|1782797597\n|move|p1a: Blissey|Seismic Toss|p2a: Dudunsparce\n|-damage|p2a: Dudunsparce|258/343 par\n|move|p2a: Dudunsparce|Earthquake|p1a: Blissey\n|-damage|p1a: Blissey|107/572\n|\n|-heal|p1a: Blissey|142/572|[from] item: Leftovers\n|-heal|p2a: Dudunsparce|279/343 par|[from] item: Leftovers\n|upkeep\n|turn|21\n|\n|t:|1782797600\n|move|p1a: Blissey|Soft-Boiled|p1a: Blissey\n|-heal|p1a: Blissey|428/572\n|move|p2a: Dudunsparce|Roost|p2a: Dudunsparce\n|-heal|p2a: Dudunsparce|343/343 par\n|-singleturn|p2a: Dudunsparce|move: Roost\n|\n|-heal|p1a: Blissey|463/572|[from] item: Leftovers\n|upkeep\n|turn|22\n|\n|t:|1782797602\n|move|p1a: Blissey|Seismic Toss|p2a: Dudunsparce\n|-damage|p2a: Dudunsparce|258/343 par\n|cant|p2a: Dudunsparce|par\n|\n|-heal|p1a: Blissey|498/572|[from] item: Leftovers\n|-heal|p2a: Dudunsparce|279/343 par|[from] item: Leftovers\n|upkeep\n|turn|23\n|\n|t:|1782797606\n|move|p1a: Blissey|Seismic Toss|p2a: Dudunsparce\n|-damage|p2a: Dudunsparce|194/343 par\n|move|p2a: Dudunsparce|Roost|p2a: Dudunsparce\n|-heal|p2a: Dudunsparce|343/343 par\n|-singleturn|p2a: Dudunsparce|move: Roost\n|\n|-heal|p1a: Blissey|533/572|[from] item: Leftovers\n|upkeep\n|turn|24\n|\n|t:|1782797608\n|move|p1a: Blissey|Seismic Toss|p2a: Dudunsparce\n|-damage|p2a: Dudunsparce|258/343 par\n|move|p2a: Dudunsparce|Earthquake|p1a: Blissey\n|-damage|p1a: Blissey|312/572\n|\n|-heal|p1a: Blissey|347/572|[from] item: Leftovers\n|-heal|p2a: Dudunsparce|279/343 par|[from] item: Leftovers\n|upkeep\n|turn|25\n|\n|t:|1782797612\n|move|p1a: Blissey|Seismic Toss|p2a: Dudunsparce\n|-damage|p2a: Dudunsparce|194/343 par\n|move|p2a: Dudunsparce|Roost|p2a: Dudunsparce\n|-heal|p2a: Dudunsparce|343/343 par\n|-singleturn|p2a: Dudunsparce|move: Roost\n|\n|-heal|p1a: Blissey|382/572|[from] item: Leftovers\n|upkeep\n|turn|26\n|\n|t:|1782797615\n|move|p1a: Blissey|Seismic Toss|p2a: Dudunsparce\n|-damage|p2a: Dudunsparce|258/343 par\n|move|p2a: Dudunsparce|Earthquake|p1a: Blissey\n|-damage|p1a: Blissey|166/572\n|\n|-heal|p1a: Blissey|201/572|[from] item: Leftovers\n|-heal|p2a: Dudunsparce|279/343 par|[from] item: Leftovers\n|upkeep\n|turn|27\n|\n|t:|1782797618\n|move|p1a: Blissey|Seismic Toss|p2a: Dudunsparce\n|-damage|p2a: Dudunsparce|194/343 par\n|move|p2a: Dudunsparce|Roost|p2a: Dudunsparce\n|-heal|p2a: Dudunsparce|343/343 par\n|-singleturn|p2a: Dudunsparce|move: Roost\n|\n|-heal|p1a: Blissey|236/572|[from] item: Leftovers\n|upkeep\n|turn|28\n|\n|t:|1782797621\n|move|p1a: Blissey|Soft-Boiled|p1a: Blissey\n|-heal|p1a: Blissey|522/572\n|move|p2a: Dudunsparce|Earthquake|p1a: Blissey\n|-damage|p1a: Blissey|317/572\n|\n|-heal|p1a: Blissey|352/572|[from] item: Leftovers\n|upkeep\n|turn|29\n|\n|t:|1782797624\n|move|p1a: Blissey|Seismic Toss|p2a: Dudunsparce\n|-damage|p2a: Dudunsparce|258/343 par\n|cant|p2a: Dudunsparce|par\n|\n|-heal|p1a: Blissey|387/572|[from] item: Leftovers\n|-heal|p2a: Dudunsparce|279/343 par|[from] item: Leftovers\n|upkeep\n|turn|30\n|\n|t:|1782797630\n|move|p1a: Blissey|Seismic Toss|p2a: Dudunsparce\n|-damage|p2a: Dudunsparce|194/343 par\n|cant|p2a: Dudunsparce|par\n|\n|-heal|p1a: Blissey|422/572|[from] item: Leftovers\n|-heal|p2a: Dudunsparce|215/343 par|[from] item: Leftovers\n|upkeep\n|turn|31\n|\n|t:|1782797634\n|move|p1a: Blissey|Seismic Toss|p2a: Dudunsparce\n|-damage|p2a: Dudunsparce|130/343 par\n|move|p2a: Dudunsparce|Roost|p2a: Dudunsparce\n|-heal|p2a: Dudunsparce|302/343 par\n|-singleturn|p2a: Dudunsparce|move: Roost\n|\n|-heal|p1a: Blissey|457/572|[from] item: Leftovers\n|-heal|p2a: Dudunsparce|323/343 par|[from] item: Leftovers\n|upkeep\n|turn|32\n|\n|t:|1782797639\n|move|p1a: Blissey|Seismic Toss|p2a: Dudunsparce\n|-damage|p2a: Dudunsparce|238/343 par\n|move|p2a: Dudunsparce|Earthquake|p1a: Blissey\n|-damage|p1a: Blissey|243/572\n|\n|-heal|p1a: Blissey|278/572|[from] item: Leftovers\n|-heal|p2a: Dudunsparce|259/343 par|[from] item: Leftovers\n|upkeep\n|turn|33\n|\n|t:|1782797643\n|move|p1a: Blissey|Soft-Boiled|p1a: Blissey\n|-heal|p1a: Blissey|564/572\n|move|p2a: Dudunsparce|Roost|p2a: Dudunsparce\n|-heal|p2a: Dudunsparce|343/343 par\n|-singleturn|p2a: Dudunsparce|move: Roost\n|\n|-heal|p1a: Blissey|572/572|[from] item: Leftovers\n|upkeep\n|turn|34\n|\n|t:|1782797646\n|move|p1a: Blissey|Seismic Toss|p2a: Dudunsparce\n|-damage|p2a: Dudunsparce|258/343 par\n|move|p2a: Dudunsparce|Boomburst|p1a: Blissey\n|-damage|p1a: Blissey|470/572\n|\n|-heal|p1a: Blissey|505/572|[from] item: Leftovers\n|-heal|p2a: Dudunsparce|279/343 par|[from] item: Leftovers\n|upkeep\n|turn|35\n|\n|t:|1782797650\n|move|p1a: Blissey|Seismic Toss|p2a: Dudunsparce\n|-damage|p2a: Dudunsparce|194/343 par\n|move|p2a: Dudunsparce|Roost|p2a: Dudunsparce\n|-heal|p2a: Dudunsparce|343/343 par\n|-singleturn|p2a: Dudunsparce|move: Roost\n|\n|-heal|p1a: Blissey|540/572|[from] item: Leftovers\n|upkeep\n|turn|36\n|\n|t:|1782797653\n|move|p1a: Blissey|Seismic Toss|p2a: Dudunsparce\n|-damage|p2a: Dudunsparce|258/343 par\n|move|p2a: Dudunsparce|Earthquake|p1a: Blissey\n|-damage|p1a: Blissey|333/572\n|\n|-heal|p1a: Blissey|368/572|[from] item: Leftovers\n|-heal|p2a: Dudunsparce|279/343 par|[from] item: Leftovers\n|upkeep\n|turn|37\n|\n|t:|1782797656\n|move|p1a: Blissey|Seismic Toss|p2a: Dudunsparce\n|-damage|p2a: Dudunsparce|194/343 par\n|cant|p2a: Dudunsparce|par\n|\n|-heal|p1a: Blissey|403/572|[from] item: Leftovers\n|-heal|p2a: Dudunsparce|215/343 par|[from] item: Leftovers\n|upkeep\n|turn|38\n|\n|t:|1782797660\n|move|p1a: Blissey|Seismic Toss|p2a: Dudunsparce\n|-damage|p2a: Dudunsparce|130/343 par\n|move|p2a: Dudunsparce|Roost|p2a: Dudunsparce\n|-heal|p2a: Dudunsparce|302/343 par\n|-singleturn|p2a: Dudunsparce|move: Roost\n|\n|-heal|p1a: Blissey|438/572|[from] item: Leftovers\n|-heal|p2a: Dudunsparce|323/343 par|[from] item: Leftovers\n|upkeep\n|turn|39\n|\n|t:|1782797663\n|move|p1a: Blissey|Seismic Toss|p2a: Dudunsparce\n|-damage|p2a: Dudunsparce|238/343 par\n|move|p2a: Dudunsparce|Earthquake|p1a: Blissey\n|-damage|p1a: Blissey|236/572\n|\n|-heal|p1a: Blissey|271/572|[from] item: Leftovers\n|-heal|p2a: Dudunsparce|259/343 par|[from] item: Leftovers\n|upkeep\n|turn|40\n|\n|t:|1782797665\n|move|p1a: Blissey|Seismic Toss|p2a: Dudunsparce\n|-damage|p2a: Dudunsparce|174/343 par\n|move|p2a: Dudunsparce|Earthquake|p1a: Blissey\n|-damage|p1a: Blissey|43/572\n|\n|-heal|p1a: Blissey|78/572|[from] item: Leftovers\n|-heal|p2a: Dudunsparce|195/343 par|[from] item: Leftovers\n|upkeep\n|turn|41\n|\n|t:|1782797667\n|move|p1a: Blissey|Soft-Boiled|p1a: Blissey\n|-heal|p1a: Blissey|364/572\n|move|p2a: Dudunsparce|Earthquake|p1a: Blissey\n|-damage|p1a: Blissey|164/572\n|\n|-heal|p1a: Blissey|199/572|[from] item: Leftovers\n|-heal|p2a: Dudunsparce|216/343 par|[from] item: Leftovers\n|upkeep\n|turn|42\n|\n|t:|1782797669\n|move|p1a: Blissey|Soft-Boiled|p1a: Blissey\n|-heal|p1a: Blissey|485/572\n|move|p2a: Dudunsparce|Earthquake|p1a: Blissey\n|-damage|p1a: Blissey|289/572\n|\n|-heal|p1a: Blissey|324/572|[from] item: Leftovers\n|-heal|p2a: Dudunsparce|237/343 par|[from] item: Leftovers\n|upkeep\n|turn|43\n|\n|t:|1782797671\n|move|p1a: Blissey|Seismic Toss|p2a: Dudunsparce\n|-damage|p2a: Dudunsparce|152/343 par\n|move|p2a: Dudunsparce|Earthquake|p1a: Blissey\n|-damage|p1a: Blissey|128/572\n|\n|-heal|p1a: Blissey|163/572|[from] item: Leftovers\n|-heal|p2a: Dudunsparce|173/343 par|[from] item: Leftovers\n|upkeep\n|turn|44\n|\n|t:|1782797673\n|move|p1a: Blissey|Seismic Toss|p2a: Dudunsparce\n|-damage|p2a: Dudunsparce|88/343 par\n|move|p2a: Dudunsparce|Earthquake|p1a: Blissey\n|-damage|p1a: Blissey|0 fnt\n|faint|p1a: Blissey\n|\n|-heal|p2a: Dudunsparce|109/343 par|[from] item: Leftovers\n|upkeep\n|\n|t:|1782797681\n|switch|p1a: Raikou|Raikou, L81|278/278\n|-ability|p1a: Raikou|Pressure\n|turn|45\n|\n|t:|1782797684\n|move|p1a: Raikou|Scald|p2a: Dudunsparce\n|-damage|p2a: Dudunsparce|11/343 par\n|move|p2a: Dudunsparce|Boomburst|p1a: Raikou\n|-damage|p1a: Raikou|163/278\n|\n|-heal|p2a: Dudunsparce|32/343 par|[from] item: Leftovers\n|upkeep\n|turn|46\n|\n|t:|1782797687\n|move|p1a: Raikou|Scald|p2a: Dudunsparce\n|-damage|p2a: Dudunsparce|0 fnt\n|faint|p2a: Dudunsparce\n|\n|upkeep\n|\n|t:|1782797687\n|switch|p2a: Reuniclus|Reuniclus, L88, M|205/337\n|turn|47\n|\n|t:|1782797691\n|move|p1a: Raikou|Scald|p2a: Reuniclus\n|-damage|p2a: Reuniclus|111/337\n|-status|p2a: Reuniclus|brn\n|move|p2a: Reuniclus|Psychic|p1a: Raikou\n|-damage|p1a: Raikou|0 fnt\n|faint|p1a: Raikou\n|\n|upkeep\n|\n|t:|1782797695\n|switch|p1a: Scovillain|Scovillain, L91, M|266/266\n|turn|48\n|\n|t:|1782797711\n|move|p1a: Scovillain|Flamethrower|p2a: Reuniclus\n|-damage|p2a: Reuniclus|0 fnt\n|faint|p2a: Reuniclus\n|\n|upkeep\n|\n|t:|1782797711\n|switch|p2a: Arceus|Arceus-Dragon, L71|172/288\n|turn|49\n|\n|t:|1782797715\n|move|p2a: Arceus|Sludge Bomb|p1a: Scovillain\n|-supereffective|p1a: Scovillain\n|-damage|p1a: Scovillain|132/266\n|move|p1a: Scovillain|Flamethrower|p2a: Arceus\n|-resisted|p2a: Arceus\n|-damage|p2a: Arceus|88/288\n|\n|upkeep\n|turn|50\n|\n|t:|1782797718\n|move|p2a: Arceus|Sludge Bomb|p1a: Scovillain\n|-supereffective|p1a: Scovillain\n|-damage|p1a: Scovillain|8/266\n|move|p1a: Scovillain|Flamethrower|p2a: Arceus\n|-resisted|p2a: Arceus\n|-damage|p2a: Arceus|3/288\n|\n|upkeep\n|turn|51\n|\n|t:|1782797721\n|move|p2a: Arceus|Sludge Bomb|p1a: Scovillain\n|-supereffective|p1a: Scovillain\n|-damage|p1a: Scovillain|0 fnt\n|faint|p1a: Scovillain\n|\n|win|testbotcif\n|raw|agliam's rating: 1320 &rarr; <strong>1296</strong><br />(-24 for losing)\n|raw|testbotcif's rating: 1256 &rarr; <strong>1286</strong><br />(+30 for winning)\n", "inputlog": ">version f8ac14003a5f27e1bdc8d8c59608a773c1cb96e5\n>start {\"formatid\":\"gen9randombattle\",\"seed\":\"sodium,a70fbeb366ea9434d267b389b30f3912\",\"rated\":\"Rated battle\"}\n>player p1 {\"name\":\"agliam\",\"avatar\":\"rocketgrunt\",\"rating\":1320,\"seed\":\"sodium,5adf42da745d0b2dc994576c4a52de6d\"}\n>player p2 {\"name\":\"testbotcif\",\"avatar\":\"266\",\"rating\":1256,\"seed\":\"sodium,4a3adb188e4529e51e8398b9cbcdccd8\"}\n>chat \u2606testbotcif|rlhf\n>p1 move knockoff\n>p2 move spore\n>p1 move knockoff\n>p2 move stompingtantrum\n>p1 move knockoff\n>p2 move stompingtantrum\n>p2 switch 4\n>p1 move knockoff\n>p2 move aurawheel\n>p1 move knockoff\n>p2 move aurawheel\n>p1 switch 4\n>p1 move dragontail\n>p2 switch 6\n>p1 move dragonpulse\n>p2 move calmmind\n>p1 move dragontail\n>p2 move recover\n>p1 move dragontail\n>p2 move calmmind\n>p1 move dragontail\n>p2 move psychic\n>p1 move gigadrain\n>p2 move recover terastallize\n>p1 move gigadrain\n>p2 move avalanche\n>p1 switch 2\n>p1 move scaleshot\n>p2 move avalanche\n>p1 switch 5\n>p1 move shadowball\n>p2 move recover\n>p2 switch 3\n>p1 switch 6\n>p2 move toxic\n>p1 move thunderwave\n>p2 move earthquake\n>p1 move healbell terastallize\n>p2 move earthquake\n>p1 move softboiled\n>p2 move earthquake\n>p1 move softboiled\n>p2 move earthquake\n>p1 move seismictoss\n>p2 move earthquake\n>p1 move softboiled\n>p2 move roost\n>p1 move seismictoss\n>p2 move earthquake\n>p1 move seismictoss\n>p2 move roost\n>p1 move seismictoss\n>p2 move earthquake\n>p1 move seismictoss\n>p2 move roost\n>p1 move seismictoss\n>p2 move earthquake\n>p1 move seismictoss\n>p2 move roost\n>p1 move softboiled\n>p2 move earthquake\n>p1 move seismictoss\n>p2 move earthquake\n>p1 move seismictoss\n>p2 move roost\n>p1 move seismictoss\n>p2 move roost\n>p1 move seismictoss\n>p2 move earthquake\n>p1 move softboiled\n>p2 move roost\n>p1 move seismictoss\n>p2 move boomburst\n>p1 move seismictoss\n>p2 move roost\n>p1 move seismictoss\n>p2 move earthquake\n>p1 move seismictoss\n>p2 move roost\n>p1 move seismictoss\n>p2 move roost\n>p1 move seismictoss\n>p2 move earthquake\n>p1 move seismictoss\n>p2 move earthquake\n>p1 move softboiled\n>p2 move earthquake\n>p1 move softboiled\n>p2 move earthquake\n>p1 move seismictoss\n>p2 move earthquake\n>p1 move seismictoss\n>p2 move earthquake\n>p1 switch 6\n>p1 move scald\n>p2 move boomburst\n>p1 move scald\n>p2 move boomburst\n>p2 switch 5\n>p1 move scald\n>p2 move psychic\n>p1 switch 3\n>p1 move flamethrower\n>p2 move psychic\n>p2 switch 2\n>p1 move flamethrower\n>p2 move sludgebomb\n>p1 move flamethrower\n>p2 move sludgebomb\n>p1 move flamethrower\n>p2 move sludgebomb", "uploadtime": 1782797721, "views": 3, "formatid": "gen9randombattle", "rating": 1286, "private": 0, "password": null, "player_dets": [{"name": "agliam", "avatar": "rocketgrunt", "rating": 1320, "seed": "sodium,5adf42da745d0b2dc994576c4a52de6d"}, {"name": "testbotcif", "avatar": "266", "rating": 1256, "seed": "sodium,4a3adb188e4529e51e8398b9cbcdccd8"}], "teams_full": [{"Perrserker": {"name": "Perrserker", "species": "Perrserker", "speciesId": "perrserker", "gender": "F", "shiny": false, "level": 89, "moves": ["closecombat", "knockoff", "uturn", "ironhead"], "ability": "Tough Claws", "evs": {"hp": 85, "atk": 85, "def": 85, "spa": 85, "spd": 85, "spe": 85}, "ivs": {"hp": 31, "atk": 31, "def": 31, "spa": 31, "spd": 31, "spe": 31}, "item": "Choice Band", "teraType": "Fighting", "role": "Fast Attacker", "bvs": {"hp": 70, "atk": 110, "def": 100, "spa": 50, "spd": 60, "spe": 50}, "stats": {"hp": 269, "atk": 247, "def": 229, "spa": 140, "spd": 158, "spe": 140}, "types": ["Steel"]}, "Kommo-o": {"name": "Kommo-o", "species": "Kommo-o", "speciesId": "kommoo", "gender": "F", "shiny": false, "level": 78, "moves": ["swordsdance", "ironhead", "closecombat", "scaleshot"], "ability": "Soundproof", "evs": {"hp": 85, "atk": 85, "def": 85, "spa": 85, "spd": 85, "spe": 85}, "ivs": {"hp": 31, "atk": 31, "def": 31, "spa": 31, "spd": 31, "spe": 31}, "item": "Loaded Dice", "teraType": "Steel", "role": "Setup Sweeper", "bvs": {"hp": 75, "atk": 110, "def": 125, "spa": 100, "spd": 105, "spe": 85}, "stats": {"hp": 245, "atk": 217, "def": 240, "spa": 201, "spd": 209, "spe": 178}, "types": ["Dragon", "Fighting"]}, "Scovillain": {"name": "Scovillain", "species": "Scovillain", "speciesId": "scovillain", "gender": "M", "shiny": false, "level": 91, "moves": ["leafstorm", "energyball", "overheat", "flamethrower"], "ability": "Chlorophyll", "evs": {"hp": 85, "atk": 0, "def": 85, "spa": 85, "spd": 85, "spe": 85}, "ivs": {"hp": 31, "atk": 0, "def": 31, "spa": 31, "spd": 31, "spe": 31}, "item": "Choice Specs", "teraType": "Grass", "role": "Fast Attacker", "bvs": {"hp": 65, "atk": 108, "def": 65, "spa": 108, "spd": 65, "spe": 75}, "stats": {"hp": 266, "atk": 201, "def": 170, "spa": 248, "spd": 170, "spe": 188}, "types": ["Grass", "Fire"]}, "Dipplin": {"name": "Dipplin", "species": "Dipplin", "speciesId": "dipplin", "gender": "M", "shiny": false, "level": 88, "moves": ["recover", "dragontail", "dragonpulse", "gigadrain"], "ability": "Sticky Hold", "evs": {"hp": 85, "atk": 85, "def": 85, "spa": 85, "spd": 85, "spe": 85}, "ivs": {"hp": 31, "atk": 31, "def": 31, "spa": 31, "spd": 31, "spe": 31}, "item": "Eviolite", "teraType": "Steel", "role": "Bulky Attacker", "bvs": {"hp": 80, "atk": 80, "def": 110, "spa": 95, "spd": 80, "spe": 40}, "stats": {"hp": 284, "atk": 191, "def": 244, "spa": 217, "spd": 191, "spe": 121}, "types": ["Grass", "Dragon"]}, "Raikou": {"name": "Raikou", "species": "Raikou", "speciesId": "raikou", "gender": "N", "shiny": false, "level": 81, "moves": ["shadowball", "thunderbolt", "scald", "voltswitch"], "ability": "Pressure", "evs": {"hp": 85, "atk": 0, "def": 85, "spa": 85, "spd": 85, "spe": 85}, "ivs": {"hp": 31, "atk": 0, "def": 31, "spa": 31, "spd": 31, "spe": 31}, "item": "Choice Specs", "teraType": "Water", "role": "Bulky Attacker", "bvs": {"hp": 90, "atk": 85, "def": 75, "spa": 115, "spd": 100, "spe": 115}, "stats": {"hp": 278, "atk": 142, "def": 168, "spa": 233, "spd": 209, "spe": 233}, "types": ["Electric"]}, "Blissey": {"name": "Blissey", "species": "Blissey", "speciesId": "blissey", "gender": "F", "shiny": false, "level": 85, "moves": ["thunderwave", "healbell", "seismictoss", "softboiled"], "ability": "Natural Cure", "evs": {"hp": 85, "atk": 0, "def": 85, "spa": 85, "spd": 85, "spe": 85}, "ivs": {"hp": 31, "atk": 0, "def": 31, "spa": 31, "spd": 31, "spe": 31}, "item": "Leftovers", "teraType": "Fairy", "role": "Bulky Support", "bvs": {"hp": 255, "atk": 10, "def": 10, "spa": 75, "spd": 135, "spe": 55}, "stats": {"hp": 572, "atk": 22, "def": 66, "spa": 176, "spd": 278, "spe": 142}, "types": ["Normal"]}}, {"Amoonguss": {"name": "Amoonguss", "species": "Amoonguss", "speciesId": "amoonguss", "gender": "M", "shiny": false, "level": 82, "moves": ["spore", "gigadrain", "stompingtantrum", "sludgebomb"], "ability": "Regenerator", "evs": {"hp": 85, "atk": 85, "def": 85, "spa": 85, "spd": 85, "spe": 85}, "ivs": {"hp": 31, "atk": 31, "def": 31, "spa": 31, "spd": 31, "spe": 31}, "item": "Rocky Helmet", "teraType": "Water", "role": "Bulky Attacker", "bvs": {"hp": 114, "atk": 85, "def": 70, "spa": 85, "spd": 80, "spe": 30}, "stats": {"hp": 321, "atk": 187, "def": 162, "spa": 187, "spd": 178, "spe": 96}, "types": ["Grass", "Poison"]}, "Arceus": {"name": "Arceus", "species": "Arceus-Dragon", "speciesId": "arceusdragon", "gender": "N", "shiny": false, "level": 71, "moves": ["calmmind", "sludgebomb", "fireblast", "judgment"], "ability": "Multitype", "evs": {"hp": 85, "atk": 0, "def": 85, "spa": 85, "spd": 85, "spe": 85}, "ivs": {"hp": 31, "atk": 0, "def": 31, "spa": 31, "spd": 31, "spe": 31}, "item": "Draco Plate", "teraType": "Fire", "role": "Fast Bulky Setup", "bvs": {"hp": 120, "atk": 120, "def": 120, "spa": 120, "spd": 120, "spe": 120}, "stats": {"hp": 288, "atk": 175, "def": 212, "spa": 212, "spd": 212, "spe": 212}, "types": ["Dragon"]}, "Dudunsparce": {"name": "Dudunsparce", "species": "Dudunsparce", "speciesId": "dudunsparce", "gender": "F", "shiny": false, "level": 83, "moves": ["boomburst", "roost", "earthquake", "toxic"], "ability": "Rattled", "evs": {"hp": 85, "atk": 85, "def": 85, "spa": 85, "spd": 85, "spe": 85}, "ivs": {"hp": 31, "atk": 31, "def": 31, "spa": 31, "spd": 31, "spe": 31}, "item": "Leftovers", "teraType": "Ground", "role": "Bulky Attacker", "bvs": {"hp": 125, "atk": 100, "def": 80, "spa": 85, "spd": 75, "spe": 55}, "stats": {"hp": 343, "atk": 214, "def": 180, "spa": 189, "spd": 172, "spe": 139}, "types": ["Normal"]}, "Morpeko": {"name": "Morpeko", "species": "Morpeko", "speciesId": "morpeko", "gender": "M", "shiny": false, "level": 88, "moves": ["rapidspin", "protect", "aurawheel", "partingshot"], "ability": "Hunger Switch", "evs": {"hp": 85, "atk": 85, "def": 85, "spa": 85, "spd": 85, "spe": 85}, "ivs": {"hp": 31, "atk": 31, "def": 31, "spa": 31, "spd": 31, "spe": 31}, "item": "Heavy-Duty Boots", "teraType": "Electric", "role": "Fast Support", "bvs": {"hp": 58, "atk": 95, "def": 58, "spa": 70, "spd": 58, "spe": 97}, "stats": {"hp": 245, "atk": 217, "def": 152, "spa": 173, "spd": 152, "spe": 221}, "types": ["Electric", "Dark"]}, "Reuniclus": {"name": "Reuniclus", "species": "Reuniclus", "speciesId": "reuniclus", "gender": "M", "shiny": false, "level": 88, "moves": ["focusblast", "psychic", "recover", "calmmind"], "ability": "Magic Guard", "evs": {"hp": 85, "atk": 0, "def": 85, "spa": 85, "spd": 85, "spe": 85}, "ivs": {"hp": 31, "atk": 0, "def": 31, "spa": 31, "spd": 31, "spe": 31}, "item": "Life Orb", "teraType": "Fighting", "role": "Bulky Setup", "bvs": {"hp": 110, "atk": 65, "def": 75, "spa": 125, "spd": 85, "spe": 30}, "stats": {"hp": 337, "atk": 119, "def": 182, "spa": 270, "spd": 200, "spe": 103}, "types": ["Psychic"]}, "Avalugg": {"name": "Avalugg", "species": "Avalugg-Hisui", "speciesId": "avalugghisui", "gender": "M", "shiny": false, "level": 90, "moves": ["avalanche", "bodypress", "stoneedge", "recover"], "ability": "Sturdy", "evs": {"hp": 85, "atk": 85, "def": 85, "spa": 85, "spd": 85, "spe": 85}, "ivs": {"hp": 31, "atk": 31, "def": 31, "spa": 31, "spd": 31, "spe": 31}, "item": "Heavy-Duty Boots", "teraType": "Ghost", "role": "Bulky Attacker", "bvs": {"hp": 95, "atk": 127, "def": 184, "spa": 34, "spd": 36, "spe": 38}, "stats": {"hp": 317, "atk": 280, "def": 383, "spa": 113, "spd": 116, "spe": 120}, "types": ["Ice", "Rock"]}}]}