{"id": "gen9randombattle-2641736158", "format": "[Gen 9] Random Battle", "players": ["mztmztmzt123", "Marioman2007"], "log": "|j|\u2606mztmztmzt123\n|j|\u2606Marioman2007\n|t:|1782835789\n|gametype|singles\n|player|p1|mztmztmzt123|2|2115\n|player|p2|Marioman2007|riley|2166\n|gen|9\n|tier|[Gen 9] Random Battle\n|rated|\n|rule|Species Clause: Limit one of each Pok\u00e9mon\n|rule|HP Percentage Mod: HP is shown in percentages\n|rule|Sleep Clause Mod: Limit one foe put to sleep\n|rule|Illusion Level Mod: Illusion disguises the Pok\u00e9mon's true level\n|\n|t:|1782835789\n|teamsize|p1|6\n|teamsize|p2|6\n|start\n|switch|p1a: Virizion|Virizion, L82|283/283\n|switch|p2a: Magcargo|Magcargo, L95, F|268/268\n|turn|1\n|\n|t:|1782835823\n|switch|p1a: Swampert|Swampert, L83, F|302/302\n|move|p2a: Magcargo|Fire Blast|p1a: Swampert|[miss]\n|-miss|p2a: Magcargo|p1a: Swampert\n|\n|upkeep\n|turn|2\n|inactive|Battle timer is ON: inactive players will automatically lose when time's up. (requested by mztmztmzt123)\n|\n|t:|1782835832\n|switch|p2a: Lokix|Lokix, L82, M|251/251\n|move|p1a: Swampert|Yawn|p2a: Lokix\n|-start|p2a: Lokix|move: Yawn|[of] p1a: Swampert\n|\n|upkeep\n|turn|3\n|\n|t:|1782835837\n|switch|p2a: Hatterene|Hatterene, L85, F|236/236\n|move|p1a: Swampert|Knock Off|p2a: Hatterene\n|-damage|p2a: Hatterene|162/236\n|-enditem|p2a: Hatterene|Leftovers|[from] move: Knock Off|[of] p1a: Swampert\n|\n|upkeep\n|turn|4\n|\n|t:|1782835842\n|move|p1a: Swampert|Earthquake|p2a: Hatterene\n|-damage|p2a: Hatterene|57/236\n|move|p2a: Hatterene|Calm Mind|p2a: Hatterene\n|-boost|p2a: Hatterene|spa|1\n|-boost|p2a: Hatterene|spd|1\n|\n|upkeep\n|turn|5\n|\n|t:|1782835848\n|switch|p2a: Chimecho|Chimecho, L93, F|290/290\n|move|p1a: Swampert|Earthquake|p2a: Chimecho\n|-immune|p2a: Chimecho|[from] ability: Levitate\n|\n|upkeep\n|turn|6\n|\n|t:|1782835854\n|move|p2a: Chimecho|Cosmic Power|p2a: Chimecho\n|-boost|p2a: Chimecho|def|1\n|-boost|p2a: Chimecho|spd|1\n|move|p1a: Swampert|Knock Off|p2a: Chimecho\n|-supereffective|p2a: Chimecho\n|-damage|p2a: Chimecho|196/290\n|-enditem|p2a: Chimecho|Leftovers|[from] move: Knock Off|[of] p1a: Swampert\n|\n|upkeep\n|turn|7\n|\n|t:|1782835856\n|switch|p2a: Hatterene|Hatterene, L85, F|57/236\n|move|p1a: Swampert|Yawn|p2a: Hatterene\n|move|p2a: Hatterene|Yawn|p1a: Swampert|[from] ability: Magic Bounce\n|-start|p1a: Swampert|move: Yawn|[of] p2a: Hatterene\n|\n|upkeep\n|turn|8\n|\n|t:|1782835862\n|switch|p1a: Spiritomb|Spiritomb, L89, F|234/234\n|move|p2a: Hatterene|Psyshock|p1a: Spiritomb\n|-immune|p1a: Spiritomb\n|\n|upkeep\n|turn|9\n|\n|t:|1782835868\n|switch|p2a: Lokix|Lokix, L82, M|251/251\n|move|p1a: Spiritomb|Foul Play|p2a: Lokix\n|-resisted|p2a: Lokix\n|-damage|p2a: Lokix|191/251\n|\n|upkeep\n|turn|10\n|\n|t:|1782835874\n|move|p2a: Lokix|Swords Dance|p2a: Lokix\n|-boost|p2a: Lokix|atk|2\n|move|p1a: Spiritomb|Will-O-Wisp|p2a: Lokix\n|-status|p2a: Lokix|brn\n|\n|-damage|p2a: Lokix|176/251 brn|[from] brn\n|upkeep\n|turn|11\n|\n|t:|1782835879\n|move|p2a: Lokix|Leech Life|p1a: Spiritomb\n|-damage|p1a: Spiritomb|150/234\n|-heal|p2a: Lokix|218/251 brn|[from] drain|[of] p1a: Spiritomb\n|-damage|p2a: Lokix|193/251 brn|[from] item: Life Orb\n|move|p1a: Spiritomb|Foul Play|p2a: Lokix\n|-resisted|p2a: Lokix\n|-damage|p2a: Lokix|77/251 brn\n|\n|-heal|p1a: Spiritomb|164/234|[from] item: Leftovers\n|-damage|p2a: Lokix|62/251 brn|[from] brn\n|upkeep\n|turn|12\n|\n|t:|1782835885\n|move|p2a: Lokix|Knock Off|p1a: Spiritomb\n|-damage|p1a: Spiritomb|50/234\n|-enditem|p1a: Spiritomb|Leftovers|[from] move: Knock Off|[of] p2a: Lokix\n|-damage|p2a: Lokix|37/251 brn|[from] item: Life Orb\n|move|p1a: Spiritomb|Foul Play|p2a: Lokix\n|-resisted|p2a: Lokix\n|-damage|p2a: Lokix|0 fnt\n|faint|p2a: Lokix\n|\n|upkeep\n|\n|t:|1782835899\n|switch|p2a: Chimecho|Chimecho, L93, F|196/290\n|turn|13\n|inactive|mztmztmzt123 has 120 seconds left.\n|\n|t:|1782835934\n|move|p2a: Chimecho|Dazzling Gleam|p1a: Spiritomb\n|-supereffective|p1a: Spiritomb\n|-damage|p1a: Spiritomb|0 fnt\n|faint|p1a: Spiritomb\n|\n|upkeep\n|\n|t:|1782835941\n|switch|p1a: Sudowoodo|Sudowoodo, L94, F|284/284\n|turn|14\n|\n|t:|1782835948\n|switch|p2a: Clodsire|Clodsire, L81, M|343/343\n|move|p1a: Sudowoodo|Head Smash|p2a: Clodsire\n|-resisted|p2a: Clodsire\n|-damage|p2a: Clodsire|211/343\n|\n|-heal|p2a: Clodsire|232/343|[from] item: Leftovers\n|upkeep\n|turn|15\n|\n|t:|1782835963\n|switch|p2a: Chimecho|Chimecho, L93, F|196/290\n|move|p1a: Sudowoodo|Stealth Rock|p2a: Chimecho\n|-sidestart|p2: Marioman2007|move: Stealth Rock\n|\n|upkeep\n|turn|16\n|\n|t:|1782835970\n|move|p2a: Chimecho|Cosmic Power|p2a: Chimecho\n|-boost|p2a: Chimecho|def|1\n|-boost|p2a: Chimecho|spd|1\n|move|p1a: Sudowoodo|Head Smash|p2a: Chimecho|[miss]\n|-miss|p1a: Sudowoodo|p2a: Chimecho\n|\n|upkeep\n|turn|17\n|\n|t:|1782835973\n|move|p2a: Chimecho|Cosmic Power|p2a: Chimecho\n|-boost|p2a: Chimecho|def|1\n|-boost|p2a: Chimecho|spd|1\n|move|p1a: Sudowoodo|Head Smash|p2a: Chimecho\n|-damage|p2a: Chimecho|90/290\n|\n|upkeep\n|turn|18\n|\n|t:|1782835981\n|switch|p1a: Swampert|Swampert, L83, F|302/302\n|move|p2a: Chimecho|Recover|p2a: Chimecho\n|-heal|p2a: Chimecho|235/290\n|\n|upkeep\n|turn|19\n|\n|t:|1782835984\n|move|p2a: Chimecho|Stored Power|p1a: Swampert\n|-crit|p1a: Swampert\n|-damage|p1a: Swampert|98/302\n|move|p1a: Swampert|Yawn|p2a: Chimecho\n|-start|p2a: Chimecho|move: Yawn|[of] p1a: Swampert\n|\n|-heal|p1a: Swampert|116/302|[from] item: Leftovers\n|upkeep\n|turn|20\n|\n|t:|1782835992\n|move|p2a: Chimecho|Stored Power|p1a: Swampert\n|-damage|p1a: Swampert|0 fnt\n|faint|p1a: Swampert\n|\n|-end|p2a: Chimecho|move: Yawn|[silent]\n|-status|p2a: Chimecho|slp\n|upkeep\n|\n|t:|1782835995\n|switch|p1a: Dragapult|Dragapult, L77, M|262/262\n|turn|21\n|\n|t:|1782835999\n|move|p1a: Dragapult|Hex|p2a: Chimecho\n|-supereffective|p2a: Chimecho\n|-damage|p2a: Chimecho|131/290 slp\n|cant|p2a: Chimecho|slp\n|\n|upkeep\n|turn|22\n|\n|t:|1782836008\n|-terastallize|p2a: Chimecho|Steel\n|move|p1a: Dragapult|Hex|p2a: Chimecho\n|-damage|p2a: Chimecho|74/290 slp\n|cant|p2a: Chimecho|slp\n|\n|upkeep\n|turn|23\n|\n|t:|1782836013\n|move|p1a: Dragapult|U-turn|p2a: Chimecho\n|-resisted|p2a: Chimecho\n|-damage|p2a: Chimecho|63/290 slp\n|\n|t:|1782836018\n|switch|p1a: Virizion|Virizion, L82|283/283|[from] U-turn\n|-curestatus|p2a: Chimecho|slp|[msg]\n|move|p2a: Chimecho|Recover|p2a: Chimecho\n|-heal|p2a: Chimecho|208/290\n|\n|upkeep\n|turn|24\n|\n|t:|1782836025\n|-terastallize|p1a: Virizion|Rock\n|move|p1a: Virizion|Swords Dance|p1a: Virizion\n|-boost|p1a: Virizion|atk|2\n|move|p2a: Chimecho|Recover|p2a: Chimecho\n|-heal|p2a: Chimecho|290/290\n|\n|upkeep\n|turn|25\n|\n|t:|1782836038\n|move|p1a: Virizion|Close Combat|p2a: Chimecho\n|-supereffective|p2a: Chimecho\n|-damage|p2a: Chimecho|25/290\n|-unboost|p1a: Virizion|def|1\n|-unboost|p1a: Virizion|spd|1\n|-damage|p1a: Virizion|255/283|[from] item: Life Orb\n|move|p2a: Chimecho|Stored Power|p1a: Virizion\n|-damage|p1a: Virizion|110/283\n|\n|upkeep\n|turn|26\n|\n|t:|1782836043\n|move|p1a: Virizion|Leaf Blade|p2a: Chimecho\n|-resisted|p2a: Chimecho\n|-damage|p2a: Chimecho|0 fnt\n|faint|p2a: Chimecho\n|-damage|p1a: Virizion|82/283|[from] item: Life Orb\n|\n|upkeep\n|\n|t:|1782836048\n|switch|p2a: Clodsire|Clodsire, L81, M|232/343\n|-damage|p2a: Clodsire|211/343|[from] Stealth Rock\n|turn|27\n|\n|t:|1782836057\n|switch|p1a: Alomomola|Alomomola, L87, F|429/429\n|move|p2a: Clodsire|Earthquake|p1a: Alomomola\n|-damage|p1a: Alomomola|347/429\n|\n|-heal|p1a: Alomomola|373/429|[from] item: Leftovers\n|-heal|p2a: Clodsire|232/343|[from] item: Leftovers\n|upkeep\n|turn|28\n|\n|t:|1782836062\n|move|p1a: Alomomola|Scald|p2a: Clodsire\n|-supereffective|p2a: Clodsire\n|-damage|p2a: Clodsire|146/343\n|move|p2a: Clodsire|Toxic|p1a: Alomomola\n|-status|p1a: Alomomola|tox\n|\n|-heal|p1a: Alomomola|399/429 tox|[from] item: Leftovers\n|-heal|p2a: Clodsire|167/343|[from] item: Leftovers\n|-damage|p1a: Alomomola|373/429 tox|[from] psn\n|upkeep\n|turn|29\n|\n|t:|1782836068\n|move|p1a: Alomomola|Wish|p1a: Alomomola\n|move|p2a: Clodsire|Recover|p2a: Clodsire\n|-heal|p2a: Clodsire|339/343\n|\n|-heal|p1a: Alomomola|399/429 tox|[from] item: Leftovers\n|-heal|p2a: Clodsire|343/343|[from] item: Leftovers\n|-damage|p1a: Alomomola|347/429 tox|[from] psn\n|upkeep\n|turn|30\n|\n|t:|1782836073\n|move|p1a: Alomomola|Flip Turn|p2a: Clodsire\n|-supereffective|p2a: Clodsire\n|-damage|p2a: Clodsire|193/343\n|\n|t:|1782836075\n|switch|p1a: Virizion|Virizion, L82, tera:Rock|82/283|[from] Flip Turn\n|move|p2a: Clodsire|Spikes|p1a: Virizion\n|-sidestart|p1: mztmztmzt123|Spikes\n|\n|-heal|p1a: Virizion|283/283|[from] move: Wish|[wisher] Alomomola\n|-heal|p2a: Clodsire|214/343|[from] item: Leftovers\n|upkeep\n|turn|31\n|\n|t:|1782836080\n|switch|p1a: Alomomola|Alomomola, L87, F|429/429 tox\n|-damage|p1a: Alomomola|376/429 tox|[from] Spikes\n|move|p2a: Clodsire|Earthquake|p1a: Alomomola\n|-damage|p1a: Alomomola|289/429 tox\n|\n|-heal|p1a: Alomomola|315/429 tox|[from] item: Leftovers\n|-heal|p2a: Clodsire|235/343|[from] item: Leftovers\n|-damage|p1a: Alomomola|289/429 tox|[from] psn\n|upkeep\n|turn|32\n|\n|t:|1782836084\n|move|p1a: Alomomola|Scald|p2a: Clodsire\n|-supereffective|p2a: Clodsire\n|-damage|p2a: Clodsire|149/343\n|move|p2a: Clodsire|Recover|p2a: Clodsire\n|-heal|p2a: Clodsire|321/343\n|\n|-heal|p1a: Alomomola|315/429 tox|[from] item: Leftovers\n|-heal|p2a: Clodsire|342/343|[from] item: Leftovers\n|-damage|p1a: Alomomola|263/429 tox|[from] psn\n|upkeep\n|turn|33\n|\n|t:|1782836089\n|move|p1a: Alomomola|Scald|p2a: Clodsire\n|-supereffective|p2a: Clodsire\n|-damage|p2a: Clodsire|240/343\n|move|p2a: Clodsire|Spikes|p1a: Alomomola\n|-sidestart|p1: mztmztmzt123|Spikes\n|\n|-heal|p1a: Alomomola|289/429 tox|[from] item: Leftovers\n|-heal|p2a: Clodsire|261/343|[from] item: Leftovers\n|-damage|p1a: Alomomola|211/429 tox|[from] psn\n|upkeep\n|turn|34\n|\n|t:|1782836095\n|move|p1a: Alomomola|Scald|p2a: Clodsire\n|-supereffective|p2a: Clodsire\n|-damage|p2a: Clodsire|163/343\n|move|p2a: Clodsire|Earthquake|p1a: Alomomola\n|-damage|p1a: Alomomola|133/429 tox\n|\n|-heal|p1a: Alomomola|159/429 tox|[from] item: Leftovers\n|-heal|p2a: Clodsire|184/343|[from] item: Leftovers\n|-damage|p1a: Alomomola|55/429 tox|[from] psn\n|upkeep\n|turn|35\n|\n|t:|1782836102\n|move|p1a: Alomomola|Flip Turn|p2a: Clodsire\n|-supereffective|p2a: Clodsire\n|-damage|p2a: Clodsire|26/343\n|\n|t:|1782836104\n|switch|p1a: Dragapult|Dragapult, L77, M|262/262|[from] Flip Turn\n|move|p2a: Clodsire|Recover|p2a: Clodsire\n|-heal|p2a: Clodsire|198/343\n|\n|-heal|p2a: Clodsire|219/343|[from] item: Leftovers\n|upkeep\n|turn|36\n|\n|t:|1782836108\n|move|p1a: Dragapult|Dragon Darts|p2a: Clodsire\n|-damage|p2a: Clodsire|152/343\n|-anim|p1a: Dragapult|Dragon Darts|p2a: Clodsire\n|-damage|p2a: Clodsire|77/343\n|move|p2a: Clodsire|Toxic|p1a: Dragapult\n|-status|p1a: Dragapult|tox\n|\n|-heal|p2a: Clodsire|98/343|[from] item: Leftovers\n|-damage|p1a: Dragapult|246/262 tox|[from] psn\n|upkeep\n|turn|37\n|\n|t:|1782836114\n|move|p1a: Dragapult|Dragon Darts|p2a: Clodsire\n|-damage|p2a: Clodsire|32/343\n|-anim|p1a: Dragapult|Dragon Darts|p2a: Clodsire\n|-damage|p2a: Clodsire|0 fnt\n|faint|p2a: Clodsire\n|\n|-damage|p1a: Dragapult|214/262 tox|[from] psn\n|upkeep\n|\n|t:|1782836123\n|switch|p2a: Magcargo|Magcargo, L95, F|268/268\n|turn|38\n|\n|t:|1782836133\n|move|p1a: Dragapult|U-turn|p2a: Magcargo\n|-resisted|p2a: Magcargo\n|-damage|p2a: Magcargo|249/268\n|-ability|p2a: Magcargo|Weak Armor|boost\n|-unboost|p2a: Magcargo|def|1\n|-boost|p2a: Magcargo|spe|2\n|\n|t:|1782836143\n|switch|p1a: Sudowoodo|Sudowoodo, L94, F|284/284|[from] U-turn\n|-damage|p1a: Sudowoodo|237/284|[from] Spikes\n|move|p2a: Magcargo|Power Gem|p1a: Sudowoodo\n|-damage|p1a: Sudowoodo|117/284\n|\n|-heal|p1a: Sudowoodo|134/284|[from] item: Leftovers\n|upkeep\n|turn|39\n|\n|t:|1782836148\n|move|p2a: Magcargo|Earth Power|p1a: Sudowoodo\n|-supereffective|p1a: Sudowoodo\n|-damage|p1a: Sudowoodo|0 fnt\n|faint|p1a: Sudowoodo\n|\n|upkeep\n|\n|t:|1782836152\n|switch|p1a: Virizion|Virizion, L82, tera:Rock|283/283\n|-damage|p1a: Virizion|236/283|[from] Spikes\n|turn|40\n|\n|t:|1782836156\n|switch|p2a: Hatterene|Hatterene, L85, F|57/236\n|-damage|p2a: Hatterene|28/236|[from] Stealth Rock\n|move|p1a: Virizion|Close Combat|p2a: Hatterene\n|-resisted|p2a: Hatterene\n|-damage|p2a: Hatterene|0 fnt\n|-unboost|p1a: Virizion|def|1\n|-unboost|p1a: Virizion|spd|1\n|faint|p2a: Hatterene\n|-damage|p1a: Virizion|208/283|[from] item: Life Orb\n|\n|upkeep\n|\n|t:|1782836159\n|switch|p2a: Tatsugiri|Tatsugiri, L87, M|260/260\n|turn|41\n|\n|t:|1782836171\n|move|p1a: Virizion|Leaf Blade|p2a: Tatsugiri\n|-damage|p2a: Tatsugiri|116/260\n|-damage|p1a: Virizion|180/283|[from] item: Life Orb\n|move|p2a: Tatsugiri|Draco Meteor|p1a: Virizion\n|-damage|p1a: Virizion|0 fnt\n|-unboost|p2a: Tatsugiri|spa|2\n|faint|p1a: Virizion\n|\n|upkeep\n|inactive|mztmztmzt123 has 120 seconds left.\n|\n|t:|1782836199\n|switch|p1a: Dragapult|Dragapult, L77, M|214/262 tox\n|turn|42\n|\n|t:|1782836203\n|move|p1a: Dragapult|Dragon Darts|p2a: Tatsugiri\n|-supereffective|p2a: Tatsugiri\n|-damage|p2a: Tatsugiri|0 fnt\n|faint|p2a: Tatsugiri\n|\n|-damage|p1a: Dragapult|198/262 tox|[from] psn\n|upkeep\n|\n|t:|1782836206\n|switch|p2a: Magcargo|Magcargo, L95, F|249/268\n|turn|43\n|\n|t:|1782836230\n|switch|p1a: Alomomola|Alomomola, L87, F|198/429 tox\n|-damage|p1a: Alomomola|127/429 tox|[from] Spikes\n|move|p2a: Magcargo|Shell Smash|p2a: Magcargo\n|-unboost|p2a: Magcargo|def|1\n|-unboost|p2a: Magcargo|spd|1\n|-boost|p2a: Magcargo|atk|2\n|-boost|p2a: Magcargo|spa|2\n|-boost|p2a: Magcargo|spe|2\n|\n|-heal|p1a: Alomomola|153/429 tox|[from] item: Leftovers\n|-damage|p1a: Alomomola|127/429 tox|[from] psn\n|upkeep\n|turn|44\n|\n|t:|1782836240\n|move|p2a: Magcargo|Power Gem|p1a: Alomomola\n|-damage|p1a: Alomomola|0 fnt\n|faint|p1a: Alomomola\n|\n|upkeep\n|\n|t:|1782836241\n|switch|p1a: Dragapult|Dragapult, L77, M|198/262 tox\n|turn|45\n|\n|t:|1782836245\n|move|p1a: Dragapult|Dragon Darts|p2a: Magcargo\n|-damage|p2a: Magcargo|191/268\n|-ability|p2a: Magcargo|Weak Armor|boost\n|-unboost|p2a: Magcargo|def|1\n|-boost|p2a: Magcargo|spe|2\n|-anim|p1a: Dragapult|Dragon Darts|p2a: Magcargo\n|-damage|p2a: Magcargo|118/268\n|-ability|p2a: Magcargo|Weak Armor|boost\n|-unboost|p2a: Magcargo|def|1\n|-boost|p2a: Magcargo|spe|2\n|move|p2a: Magcargo|Power Gem|p1a: Dragapult\n|-damage|p1a: Dragapult|0 fnt\n|faint|p1a: Dragapult\n|\n|win|Marioman2007\n|raw|mztmztmzt123's rating: 2115 &rarr; <strong>2098</strong><br />(-17 for losing)\n|raw|Marioman2007's rating: 2166 &rarr; <strong>2183</strong><br />(+17 for winning)\n", "inputlog": ">version f8ac14003a5f27e1bdc8d8c59608a773c1cb96e5\n>start {\"formatid\":\"gen9randombattle\",\"seed\":\"sodium,6491b46d3a9ac9713e94d24640372ca0\",\"rated\":\"Rated battle\"}\n>player p1 {\"name\":\"mztmztmzt123\",\"avatar\":\"2\",\"rating\":2115,\"seed\":\"sodium,77fc78994b77df59054e0e47db5b89c9\"}\n>player p2 {\"name\":\"Marioman2007\",\"avatar\":\"riley\",\"rating\":2166,\"seed\":\"sodium,8c7580cf16426e87e46b094f18568cc3\"}\n>p1 switch 3\n>p2 move fireblast\n>p1 move yawn\n>p2 switch 3\n>p1 move knockoff\n>p2 switch 4\n>p1 move earthquake\n>p2 move calmmind\n>p1 move earthquake\n>p2 switch 2\n>p1 move knockoff\n>p2 move cosmicpower\n>p1 move yawn\n>p2 switch 2\n>p1 switch 5\n>p2 move psyshock\n>p1 move foulplay\n>p2 switch 4\n>p1 move willowisp\n>p2 move swordsdance\n>p1 move foulplay\n>p2 move leechlife\n>p1 move foulplay\n>p2 move knockoff\n>p2 switch 2\n>p1 move painsplit\n>p2 move dazzlinggleam\n>p1 switch 6\n>p1 move headsmash\n>p2 switch 6\n>p1 move stealthrock\n>p2 switch 6\n>p1 move headsmash\n>p2 move cosmicpower\n>p1 move headsmash\n>p2 move cosmicpower\n>p1 switch 5\n>p2 move recover\n>p1 move yawn\n>p2 move storedpower\n>p1 move knockoff\n>p2 move storedpower\n>p1 switch 4\n>p1 move hex\n>p2 move cosmicpower\n>p1 move hex\n>p2 move recover terastallize\n>p1 move uturn\n>p2 move recover\n>p1 switch 3\n>p1 move swordsdance terastallize\n>p2 move recover\n>p1 move closecombat\n>p2 move storedpower\n>p1 move leafblade\n>p2 move storedpower\n>p2 switch 6\n>p1 switch 2\n>p2 move earthquake\n>p1 move scald\n>p2 move toxic\n>p1 move wish\n>p2 move recover\n>p1 move flipturn\n>p2 move spikes\n>p1 switch 2\n>p1 switch 2\n>p2 move earthquake\n>p1 move scald\n>p2 move recover\n>p1 move scald\n>p2 move spikes\n>p1 move scald\n>p2 move earthquake\n>p1 move flipturn\n>p2 move recover\n>p1 switch 3\n>p1 move dragondarts\n>p2 move toxic\n>p1 move dragondarts\n>p2 move recover\n>p2 switch 3\n>p1 move uturn\n>p2 move powergem\n>p1 switch 5\n>p1 move headsmash\n>p2 move earthpower\n>p1 switch 2\n>p1 move closecombat\n>p2 switch 4\n>p2 switch 5\n>p1 move leafblade\n>p2 move dracometeor\n>p1 switch 5\n>p1 move dragondarts\n>p2 move dracometeor\n>p2 switch 4\n>p1 switch 3\n>p2 move shellsmash\n>p1 move flipturn\n>p2 move powergem\n>p1 switch 3\n>p1 move dragondarts\n>p2 move powergem", "uploadtime": 1782835792, "views": 5, "formatid": "gen9randombattle", "rating": 2098, "private": 0, "password": null, "player_dets": [{"name": "mztmztmzt123", "avatar": "2", "rating": 2115, "seed": "sodium,77fc78994b77df59054e0e47db5b89c9"}, {"name": "Marioman2007", "avatar": "riley", "rating": 2166, "seed": "sodium,8c7580cf16426e87e46b094f18568cc3"}], "teams_full": [{"Virizion": {"name": "Virizion", "species": "Virizion", "speciesId": "virizion", "gender": "N", "shiny": false, "level": 82, "moves": ["closecombat", "swordsdance", "stoneedge", "leafblade"], "ability": "Justified", "evs": {"hp": 85, "atk": 85, "def": 85, "spa": 85, "spd": 85, "spe": 85}, "ivs": {"hp": 31, "atk": 31, "def": 31, "spa": 31, "spd": 31, "spe": 31}, "item": "Life Orb", "teraType": "Rock", "role": "Setup Sweeper", "bvs": {"hp": 91, "atk": 90, "def": 72, "spa": 90, "spd": 129, "spe": 108}, "stats": {"hp": 283, "atk": 195, "def": 165, "spa": 195, "spd": 259, "spe": 224}, "types": ["Grass", "Fighting"]}, "Alomomola": {"name": "Alomomola", "species": "Alomomola", "speciesId": "alomomola", "gender": "F", "shiny": false, "level": 87, "moves": ["flipturn", "protect", "scald", "wish"], "ability": "Regenerator", "evs": {"hp": 85, "atk": 85, "def": 85, "spa": 85, "spd": 85, "spe": 85}, "ivs": {"hp": 31, "atk": 31, "def": 31, "spa": 31, "spd": 31, "spe": 31}, "item": "Leftovers", "teraType": "Poison", "role": "Bulky Support", "bvs": {"hp": 165, "atk": 75, "def": 80, "spa": 40, "spd": 45, "spe": 65}, "stats": {"hp": 429, "atk": 180, "def": 189, "spa": 119, "spd": 128, "spe": 163}, "types": ["Water"]}, "Swampert": {"name": "Swampert", "species": "Swampert", "speciesId": "swampert", "gender": "F", "shiny": false, "level": 83, "moves": ["earthquake", "icebeam", "knockoff", "yawn"], "ability": "Damp", "evs": {"hp": 85, "atk": 85, "def": 85, "spa": 85, "spd": 85, "spe": 85}, "ivs": {"hp": 31, "atk": 31, "def": 31, "spa": 31, "spd": 31, "spe": 31}, "item": "Leftovers", "teraType": "Steel", "role": "Bulky Support", "bvs": {"hp": 100, "atk": 110, "def": 90, "spa": 85, "spd": 90, "spe": 60}, "stats": {"hp": 302, "atk": 230, "def": 197, "spa": 189, "spd": 197, "spe": 147}, "types": ["Water", "Ground"]}, "Dragapult": {"name": "Dragapult", "species": "Dragapult", "speciesId": "dragapult", "gender": "M", "shiny": false, "level": 77, "moves": ["uturn", "dragondarts", "hex", "willowisp"], "ability": "Infiltrator", "evs": {"hp": 85, "atk": 85, "def": 85, "spa": 85, "spd": 85, "spe": 85}, "ivs": {"hp": 31, "atk": 31, "def": 31, "spa": 31, "spd": 31, "spe": 31}, "item": "Heavy-Duty Boots", "teraType": "Fairy", "role": "Fast Support", "bvs": {"hp": 88, "atk": 120, "def": 75, "spa": 100, "spd": 75, "spe": 142}, "stats": {"hp": 262, "atk": 229, "def": 160, "spa": 199, "spd": 160, "spe": 263}, "types": ["Dragon", "Ghost"]}, "Spiritomb": {"name": "Spiritomb", "species": "Spiritomb", "speciesId": "spiritomb", "gender": "F", "shiny": false, "level": 89, "moves": ["poltergeist", "painsplit", "willowisp", "foulplay"], "ability": "Infiltrator", "evs": {"hp": 85, "atk": 85, "def": 85, "spa": 85, "spd": 85, "spe": 85}, "ivs": {"hp": 31, "atk": 31, "def": 31, "spa": 31, "spd": 31, "spe": 31}, "item": "Leftovers", "teraType": "Steel", "role": "Bulky Support", "bvs": {"hp": 50, "atk": 92, "def": 108, "spa": 92, "spd": 108, "spe": 35}, "stats": {"hp": 234, "atk": 215, "def": 243, "spa": 215, "spd": 243, "spe": 113}, "types": ["Ghost", "Dark"]}, "Sudowoodo": {"name": "Sudowoodo", "species": "Sudowoodo", "speciesId": "sudowoodo", "gender": "F", "shiny": false, "level": 94, "moves": ["suckerpunch", "stealthrock", "headsmash", "woodhammer"], "ability": "Rock Head", "evs": {"hp": 85, "atk": 85, "def": 85, "spa": 85, "spd": 85, "spe": 85}, "ivs": {"hp": 31, "atk": 31, "def": 31, "spa": 31, "spd": 31, "spe": 31}, "item": "Leftovers", "teraType": "Grass", "role": "Bulky Attacker", "bvs": {"hp": 70, "atk": 100, "def": 115, "spa": 30, "spd": 65, "spe": 30}, "stats": {"hp": 284, "atk": 241, "def": 270, "spa": 110, "spd": 176, "spe": 110}, "types": ["Rock"]}}, {"Magcargo": {"name": "Magcargo", "species": "Magcargo", "speciesId": "magcargo", "gender": "F", "shiny": false, "level": 95, "moves": ["powergem", "earthpower", "fireblast", "shellsmash"], "ability": "Weak Armor", "evs": {"hp": 85, "atk": 0, "def": 85, "spa": 85, "spd": 85, "spe": 85}, "ivs": {"hp": 31, "atk": 0, "def": 31, "spa": 31, "spd": 31, "spe": 31}, "item": "Heavy-Duty Boots", "teraType": "Grass", "role": "Setup Sweeper", "bvs": {"hp": 60, "atk": 50, "def": 120, "spa": 90, "spd": 80, "spe": 30}, "stats": {"hp": 268, "atk": 100, "def": 282, "spa": 225, "spd": 206, "spe": 111}, "types": ["Fire", "Rock"]}, "Chimecho": {"name": "Chimecho", "species": "Chimecho", "speciesId": "chimecho", "gender": "F", "shiny": false, "level": 93, "moves": ["recover", "cosmicpower", "storedpower", "dazzlinggleam"], "ability": "Levitate", "evs": {"hp": 85, "atk": 0, "def": 85, "spa": 85, "spd": 85, "spe": 85}, "ivs": {"hp": 31, "atk": 0, "def": 31, "spa": 31, "spd": 31, "spe": 31}, "item": "Leftovers", "teraType": "Steel", "role": "Bulky Attacker", "bvs": {"hp": 75, "atk": 50, "def": 80, "spa": 95, "spd": 90, "spe": 65}, "stats": {"hp": 290, "atk": 98, "def": 202, "spa": 230, "spd": 220, "spe": 174}, "types": ["Psychic"]}, "Lokix": {"name": "Lokix", "species": "Lokix", "speciesId": "lokix", "gender": "M", "shiny": false, "level": 82, "moves": ["suckerpunch", "knockoff", "leechlife", "swordsdance"], "ability": "Tinted Lens", "evs": {"hp": 85, "atk": 85, "def": 85, "spa": 85, "spd": 85, "spe": 85}, "ivs": {"hp": 31, "atk": 31, "def": 31, "spa": 31, "spd": 31, "spe": 31}, "item": "Life Orb", "teraType": "Dark", "role": "Setup Sweeper", "bvs": {"hp": 71, "atk": 102, "def": 78, "spa": 52, "spd": 55, "spe": 92}, "stats": {"hp": 251, "atk": 214, "def": 175, "spa": 132, "spd": 137, "spe": 198}, "types": ["Bug", "Dark"]}, "Hatterene": {"name": "Hatterene", "species": "Hatterene", "speciesId": "hatterene", "gender": "F", "shiny": false, "level": 85, "moves": ["mysticalfire", "psyshock", "calmmind", "drainingkiss"], "ability": "Magic Bounce", "evs": {"hp": 85, "atk": 0, "def": 85, "spa": 85, "spd": 85, "spe": 85}, "ivs": {"hp": 31, "atk": 0, "def": 31, "spa": 31, "spd": 31, "spe": 31}, "item": "Leftovers", "teraType": "Steel", "role": "Bulky Setup", "bvs": {"hp": 57, "atk": 90, "def": 95, "spa": 136, "spd": 103, "spe": 29}, "stats": {"hp": 236, "atk": 158, "def": 210, "spa": 280, "spd": 224, "spe": 98}, "types": ["Psychic", "Fairy"]}, "Tatsugiri": {"name": "Tatsugiri", "species": "Tatsugiri", "speciesId": "tatsugiri", "gender": "M", "shiny": false, "level": 87, "moves": ["rapidspin", "nastyplot", "surf", "dracometeor"], "ability": "Storm Drain", "evs": {"hp": 85, "atk": 85, "def": 85, "spa": 85, "spd": 85, "spe": 85}, "ivs": {"hp": 31, "atk": 31, "def": 31, "spa": 31, "spd": 31, "spe": 31}, "item": "Heavy-Duty Boots", "teraType": "Steel", "role": "Fast Support", "bvs": {"hp": 68, "atk": 50, "def": 60, "spa": 120, "spd": 95, "spe": 82}, "stats": {"hp": 260, "atk": 137, "def": 154, "spa": 259, "spd": 215, "spe": 192}, "types": ["Dragon", "Water"]}, "Clodsire": {"name": "Clodsire", "species": "Clodsire", "speciesId": "clodsire", "gender": "M", "shiny": false, "level": 81, "moves": ["recover", "toxic", "spikes", "earthquake"], "ability": "Unaware", "evs": {"hp": 85, "atk": 85, "def": 85, "spa": 85, "spd": 85, "spe": 85}, "ivs": {"hp": 31, "atk": 31, "def": 31, "spa": 31, "spd": 31, "spe": 31}, "item": "Leftovers", "teraType": "Flying", "role": "Bulky Support", "bvs": {"hp": 130, "atk": 75, "def": 60, "spa": 45, "spd": 100, "spe": 20}, "stats": {"hp": 343, "atk": 168, "def": 144, "spa": 120, "spd": 209, "spe": 79}, "types": ["Poison", "Ground"]}}]}