{"id": "gen9randombattle-2641534165", "format": "[Gen 9] Random Battle", "players": ["samsaurus123", "jakebop"], "log": "|j|\u2606samsaurus123\n|j|\u2606jakebop\n|t:|1782802557\n|gametype|singles\n|player|p1|samsaurus123|ash|1922\n|player|p2|jakebop|juggler|1914\n|gen|9\n|tier|[Gen 9] Random Battle\n|rated|\n|rule|Species Clause: Limit one of each Pok\u00e9mon\n|rule|HP Percentage Mod: HP is shown in percentages\n|rule|Sleep Clause Mod: Limit one foe put to sleep\n|rule|Illusion Level Mod: Illusion disguises the Pok\u00e9mon's true level\n|\n|t:|1782802557\n|teamsize|p1|6\n|teamsize|p2|6\n|start\n|switch|p1a: Sandslash|Sandslash, L89, M|278/278\n|switch|p2a: Ting-Lu|Ting-Lu, L78|370/370\n|-ability|p2a: Ting-Lu|Vessel of Ruin\n|turn|1\n|inactive|Battle timer is ON: inactive players will automatically lose when time's up. (requested by samsaurus123)\n|\n|t:|1782802579\n|move|p1a: Sandslash|Swords Dance|p1a: Sandslash\n|-boost|p1a: Sandslash|atk|2\n|move|p2a: Ting-Lu|Spikes|p1a: Sandslash\n|-sidestart|p1: samsaurus123|Spikes\n|\n|upkeep\n|turn|2\n|\n|t:|1782802586\n|move|p1a: Sandslash|Rapid Spin|p2a: Ting-Lu\n|-damage|p2a: Ting-Lu|299/370\n|-boost|p1a: Sandslash|spe|1\n|-sideend|p1: samsaurus123|Spikes|[from] move: Rapid Spin|[of] p1a: Sandslash\n|move|p2a: Ting-Lu|Whirlwind|p1a: Sandslash\n|drag|p1a: Golurk|Golurk, L87|297/297\n|\n|-heal|p2a: Ting-Lu|322/370|[from] item: Leftovers\n|upkeep\n|turn|3\n|\n|t:|1782802598\n|move|p1a: Golurk|Dynamic Punch|p2a: Ting-Lu\n|-supereffective|p2a: Ting-Lu\n|-damage|p2a: Ting-Lu|127/370\n|-start|p2a: Ting-Lu|confusion\n|-damage|p1a: Golurk|268/297|[from] item: Life Orb\n|-activate|p2a: Ting-Lu|confusion\n|move|p2a: Ting-Lu|Spikes|p1a: Golurk\n|-sidestart|p1: samsaurus123|Spikes\n|\n|-heal|p2a: Ting-Lu|150/370|[from] item: Leftovers\n|upkeep\n|turn|4\n|\n|t:|1782802620\n|switch|p2a: Goodra|Goodra, L85, M|292/292\n|move|p1a: Golurk|Dynamic Punch|p2a: Goodra\n|-damage|p2a: Goodra|163/292\n|-start|p2a: Goodra|confusion\n|-damage|p1a: Golurk|239/297|[from] item: Life Orb\n|\n|upkeep\n|turn|5\n|\n|t:|1782802629\n|-activate|p2a: Goodra|confusion\n|move|p2a: Goodra|Scald|p1a: Golurk\n|-supereffective|p1a: Golurk\n|-crit|p1a: Golurk\n|-damage|p1a: Golurk|43/297\n|move|p1a: Golurk|Poltergeist|p2a: Goodra\n|-activate|p2a: Goodra|move: Poltergeist|Assault Vest\n|-damage|p2a: Goodra|0 fnt\n|faint|p2a: Goodra\n|-damage|p1a: Golurk|14/297|[from] item: Life Orb\n|\n|upkeep\n|inactive|jakebop has 120 seconds left.\n|\n|t:|1782802661\n|switch|p2a: Ninetales|Ninetales, L85, M|263/263\n|-weather|SunnyDay|[from] ability: Drought|[of] p2a: Ninetales\n|turn|6\n|\n|t:|1782802673\n|switch|p1a: Noivern|Noivern, L82, M|274/274\n|move|p2a: Ninetales|Solar Beam||[still]\n|-prepare|p2a: Ninetales|Solar Beam\n|-anim|p2a: Ninetales|Solar Beam|p1a: Noivern\n|-resisted|p1a: Noivern\n|-damage|p1a: Noivern|254/274\n|\n|-weather|SunnyDay|[upkeep]\n|upkeep\n|turn|7\n|\n|t:|1782802684\n|switch|p2a: Terrakion|Terrakion, L79|273/273\n|move|p1a: Noivern|Hurricane|p2a: Terrakion|[miss]\n|-miss|p1a: Noivern|p2a: Terrakion\n|\n|-weather|SunnyDay|[upkeep]\n|upkeep\n|turn|8\n|\n|t:|1782802694\n|switch|p1a: Sandslash|Sandslash, L89, M|278/278\n|-damage|p1a: Sandslash|244/278|[from] Spikes\n|move|p2a: Terrakion|Stone Edge|p1a: Sandslash\n|-resisted|p1a: Sandslash\n|-crit|p1a: Sandslash\n|-damage|p1a: Sandslash|150/278\n|-damage|p2a: Terrakion|246/273|[from] item: Life Orb\n|\n|-weather|SunnyDay|[upkeep]\n|-heal|p1a: Sandslash|167/278|[from] item: Leftovers\n|upkeep\n|turn|9\n|\n|t:|1782802706\n|move|p2a: Terrakion|Swords Dance|p2a: Terrakion\n|-boost|p2a: Terrakion|atk|2\n|move|p1a: Sandslash|Rapid Spin|p2a: Terrakion\n|-resisted|p2a: Terrakion\n|-crit|p2a: Terrakion\n|-damage|p2a: Terrakion|217/273\n|-boost|p1a: Sandslash|spe|1\n|-sideend|p1: samsaurus123|Spikes|[from] move: Rapid Spin|[of] p1a: Sandslash\n|\n|-weather|SunnyDay|[upkeep]\n|-heal|p1a: Sandslash|184/278|[from] item: Leftovers\n|upkeep\n|turn|10\n|\n|t:|1782802711\n|-terastallize|p2a: Terrakion|Ground\n|move|p1a: Sandslash|Earthquake|p2a: Terrakion\n|-damage|p2a: Terrakion|97/273\n|move|p2a: Terrakion|Earthquake|p1a: Sandslash\n|-damage|p1a: Sandslash|0 fnt\n|faint|p1a: Sandslash\n|-damage|p2a: Terrakion|70/273|[from] item: Life Orb\n|\n|-weather|none\n|upkeep\n|\n|t:|1782802731\n|switch|p1a: Comfey|Comfey, L85, M|225/225\n|turn|11\n|\n|t:|1782802742\n|move|p1a: Comfey|Giga Drain|p2a: Terrakion\n|-supereffective|p2a: Terrakion\n|-damage|p2a: Terrakion|0 fnt\n|faint|p2a: Terrakion\n|\n|upkeep\n|\n|t:|1782802749\n|switch|p2a: Dudunsparce|Dudunsparce-Three-Segment, L83, F|343/343\n|turn|12\n|\n|t:|1782802754\n|switch|p1a: Golurk|Golurk, L87|14/297\n|move|p2a: Dudunsparce|Glare|p1a: Golurk\n|-status|p1a: Golurk|par\n|\n|upkeep\n|turn|13\n|\n|t:|1782802757\n|move|p2a: Dudunsparce|Earthquake|p1a: Golurk\n|-damage|p1a: Golurk|0 fnt\n|faint|p1a: Golurk\n|\n|upkeep\n|\n|t:|1782802770\n|switch|p1a: Torkoal|Torkoal, L88, M|266/266\n|-weather|SunnyDay|[from] ability: Drought|[of] p1a: Torkoal\n|turn|14\n|\n|t:|1782802775\n|move|p2a: Dudunsparce|Glare|p1a: Torkoal\n|-status|p1a: Torkoal|par\n|move|p1a: Torkoal|Yawn|p2a: Dudunsparce\n|-start|p2a: Dudunsparce|move: Yawn|[of] p1a: Torkoal\n|\n|-weather|SunnyDay|[upkeep]\n|upkeep\n|turn|15\n|\n|t:|1782802786\n|switch|p2a: Ninetales|Ninetales, L85, M|263/263\n|switch|p1a: Zebstrika|Zebstrika, L87, M|272/272\n|\n|-weather|SunnyDay|[upkeep]\n|upkeep\n|turn|16\n|\n|t:|1782802793\n|move|p1a: Zebstrika|High Horsepower|p2a: Ninetales\n|-supereffective|p2a: Ninetales\n|-damage|p2a: Ninetales|37/263\n|-damage|p1a: Zebstrika|245/272|[from] item: Life Orb\n|move|p2a: Ninetales|Scorching Sands|p1a: Zebstrika\n|-supereffective|p1a: Zebstrika\n|-damage|p1a: Zebstrika|127/272\n|\n|-weather|SunnyDay|[upkeep]\n|upkeep\n|turn|17\n|\n|t:|1782802808\n|move|p1a: Zebstrika|High Horsepower|p2a: Ninetales\n|-supereffective|p2a: Ninetales\n|-damage|p2a: Ninetales|0 fnt\n|faint|p2a: Ninetales\n|-damage|p1a: Zebstrika|100/272|[from] item: Life Orb\n|\n|-weather|SunnyDay|[upkeep]\n|upkeep\n|\n|t:|1782802813\n|switch|p2a: Ting-Lu|Ting-Lu, L78|150/370\n|-ability|p2a: Ting-Lu|Vessel of Ruin\n|turn|18\n|\n|t:|1782802821\n|switch|p1a: Noivern|Noivern, L82, M|254/274\n|move|p2a: Ting-Lu|Throat Chop|p1a: Noivern\n|-damage|p1a: Noivern|158/274\n|-start|p1a: Noivern|Throat Chop|[silent]\n|\n|-weather|none\n|-heal|p2a: Ting-Lu|173/370|[from] item: Leftovers\n|upkeep\n|turn|19\n|\n|t:|1782802828\n|move|p1a: Noivern|Hurricane|p2a: Ting-Lu\n|-damage|p2a: Ting-Lu|70/370\n|-start|p2a: Ting-Lu|confusion\n|-activate|p2a: Ting-Lu|confusion\n|move|p2a: Ting-Lu|Throat Chop|p1a: Noivern\n|-damage|p1a: Noivern|74/274\n|\n|-heal|p2a: Ting-Lu|93/370|[from] item: Leftovers\n|-end|p1a: Noivern|Throat Chop|[silent]\n|upkeep\n|turn|20\n|\n|t:|1782802835\n|switch|p2a: Dudunsparce|Dudunsparce-Three-Segment, L83, F|343/343\n|move|p1a: Noivern|Roost|p1a: Noivern\n|-heal|p1a: Noivern|211/274\n|-singleturn|p1a: Noivern|move: Roost\n|\n|upkeep\n|turn|21\n|\n|t:|1782802844\n|switch|p1a: Torkoal|Torkoal, L88, M|266/266 par\n|-weather|SunnyDay|[from] ability: Drought|[of] p1a: Torkoal\n|move|p2a: Dudunsparce|Earthquake|p1a: Torkoal\n|-supereffective|p1a: Torkoal\n|-damage|p1a: Torkoal|164/266 par\n|\n|-weather|SunnyDay|[upkeep]\n|upkeep\n|turn|22\n|\n|t:|1782802855\n|move|p2a: Dudunsparce|Headbutt|p1a: Torkoal\n|-damage|p1a: Torkoal|116/266 par\n|cant|p1a: Torkoal|par\n|\n|-weather|SunnyDay|[upkeep]\n|upkeep\n|turn|23\n|\n|t:|1782802859\n|move|p2a: Dudunsparce|Headbutt|p1a: Torkoal\n|-damage|p1a: Torkoal|64/266 par\n|cant|p1a: Torkoal|flinch\n|\n|-weather|SunnyDay|[upkeep]\n|upkeep\n|turn|24\n|\n|t:|1782802862\n|move|p2a: Dudunsparce|Earthquake|p1a: Torkoal\n|-supereffective|p1a: Torkoal\n|-damage|p1a: Torkoal|0 fnt\n|faint|p1a: Torkoal\n|\n|-weather|SunnyDay|[upkeep]\n|upkeep\n|\n|t:|1782802868\n|switch|p1a: Noivern|Noivern, L82, M|211/274\n|turn|25\n|\n|t:|1782802871\n|move|p1a: Noivern|Draco Meteor|p2a: Dudunsparce|[miss]\n|-miss|p1a: Noivern|p2a: Dudunsparce\n|move|p2a: Dudunsparce|Glare|p1a: Noivern\n|-status|p1a: Noivern|par\n|\n|-weather|none\n|upkeep\n|turn|26\n|\n|t:|1782802875\n|move|p2a: Dudunsparce|Headbutt|p1a: Noivern\n|-damage|p1a: Noivern|129/274 par\n|cant|p1a: Noivern|par\n|\n|upkeep\n|turn|27\n|\n|t:|1782802881\n|move|p2a: Dudunsparce|Headbutt|p1a: Noivern\n|-damage|p1a: Noivern|42/274 par\n|cant|p1a: Noivern|flinch\n|\n|upkeep\n|turn|28\n|\n|t:|1782802884\n|move|p2a: Dudunsparce|Headbutt|p1a: Noivern\n|-damage|p1a: Noivern|0 fnt\n|faint|p1a: Noivern\n|\n|upkeep\n|\n|t:|1782802890\n|switch|p1a: Zebstrika|Zebstrika, L87, M|100/272\n|turn|29\n|\n|t:|1782802893\n|move|p1a: Zebstrika|Overheat|p2a: Dudunsparce\n|-damage|p2a: Dudunsparce|225/343\n|-unboost|p1a: Zebstrika|spa|2\n|-damage|p1a: Zebstrika|73/272|[from] item: Life Orb\n|move|p2a: Dudunsparce|Earthquake|p1a: Zebstrika\n|-supereffective|p1a: Zebstrika\n|-damage|p1a: Zebstrika|0 fnt\n|faint|p1a: Zebstrika\n|\n|-heal|p2a: Dudunsparce|246/343|[from] item: Leftovers\n|upkeep\n|\n|t:|1782802896\n|switch|p1a: Comfey|Comfey, L85, M|225/225\n|turn|30\n|\n|t:|1782802898\n|move|p1a: Comfey|Calm Mind|p1a: Comfey\n|-boost|p1a: Comfey|spa|1\n|-boost|p1a: Comfey|spd|1\n|move|p2a: Dudunsparce|Glare|p1a: Comfey\n|-status|p1a: Comfey|par\n|\n|-heal|p2a: Dudunsparce|267/343|[from] item: Leftovers\n|upkeep\n|turn|31\n|\n|t:|1782802900\n|move|p2a: Dudunsparce|Headbutt|p1a: Comfey\n|-damage|p1a: Comfey|149/225 par\n|cant|p1a: Comfey|flinch\n|\n|-heal|p2a: Dudunsparce|288/343|[from] item: Leftovers\n|-heal|p1a: Comfey|163/225 par|[from] item: Leftovers\n|upkeep\n|turn|32\n|\n|t:|1782802904\n|move|p1a: Comfey|Draining Kiss|p2a: Dudunsparce\n|-damage|p2a: Dudunsparce|198/343\n|-heal|p1a: Comfey|225/225 par|[from] drain|[of] p2a: Dudunsparce\n|move|p2a: Dudunsparce|Headbutt|p1a: Comfey\n|-damage|p1a: Comfey|156/225 par\n|\n|-heal|p2a: Dudunsparce|219/343|[from] item: Leftovers\n|-heal|p1a: Comfey|170/225 par|[from] item: Leftovers\n|upkeep\n|turn|33\n|\n|t:|1782802910\n|move|p1a: Comfey|Draining Kiss|p2a: Dudunsparce\n|-damage|p2a: Dudunsparce|137/343\n|-heal|p1a: Comfey|225/225 par|[from] drain|[of] p2a: Dudunsparce\n|move|p2a: Dudunsparce|Headbutt|p1a: Comfey\n|-damage|p1a: Comfey|158/225 par\n|\n|-heal|p2a: Dudunsparce|158/343|[from] item: Leftovers\n|-heal|p1a: Comfey|172/225 par|[from] item: Leftovers\n|upkeep\n|turn|34\n|\n|t:|1782802922\n|move|p2a: Dudunsparce|Roost|p2a: Dudunsparce\n|-heal|p2a: Dudunsparce|330/343\n|-singleturn|p2a: Dudunsparce|move: Roost\n|move|p1a: Comfey|Calm Mind|p1a: Comfey\n|-boost|p1a: Comfey|spa|1\n|-boost|p1a: Comfey|spd|1\n|\n|-heal|p2a: Dudunsparce|343/343|[from] item: Leftovers\n|-heal|p1a: Comfey|186/225 par|[from] item: Leftovers\n|upkeep\n|turn|35\n|\n|t:|1782802926\n|move|p1a: Comfey|Draining Kiss|p2a: Dudunsparce\n|-damage|p2a: Dudunsparce|234/343\n|-heal|p1a: Comfey|225/225 par|[from] drain|[of] p2a: Dudunsparce\n|move|p2a: Dudunsparce|Headbutt|p1a: Comfey\n|-damage|p1a: Comfey|149/225 par\n|\n|-heal|p2a: Dudunsparce|255/343|[from] item: Leftovers\n|-heal|p1a: Comfey|163/225 par|[from] item: Leftovers\n|upkeep\n|turn|36\n|\n|t:|1782802932\n|move|p1a: Comfey|Giga Drain|p2a: Dudunsparce\n|-damage|p2a: Dudunsparce|147/343\n|-heal|p1a: Comfey|217/225 par|[from] drain|[of] p2a: Dudunsparce\n|move|p2a: Dudunsparce|Headbutt|p1a: Comfey\n|-damage|p1a: Comfey|139/225 par\n|\n|-heal|p2a: Dudunsparce|168/343|[from] item: Leftovers\n|-heal|p1a: Comfey|153/225 par|[from] item: Leftovers\n|upkeep\n|turn|37\n|\n|t:|1782802936\n|move|p2a: Dudunsparce|Roost|p2a: Dudunsparce\n|-heal|p2a: Dudunsparce|340/343\n|-singleturn|p2a: Dudunsparce|move: Roost\n|move|p1a: Comfey|Calm Mind|p1a: Comfey\n|-boost|p1a: Comfey|spa|1\n|-boost|p1a: Comfey|spd|1\n|\n|-heal|p2a: Dudunsparce|343/343|[from] item: Leftovers\n|-heal|p1a: Comfey|167/225 par|[from] item: Leftovers\n|upkeep\n|turn|38\n|\n|t:|1782802945\n|move|p1a: Comfey|Giga Drain|p2a: Dudunsparce\n|-damage|p2a: Dudunsparce|205/343\n|-heal|p1a: Comfey|225/225 par|[from] drain|[of] p2a: Dudunsparce\n|move|p2a: Dudunsparce|Headbutt|p1a: Comfey\n|-damage|p1a: Comfey|146/225 par\n|\n|-heal|p2a: Dudunsparce|226/343|[from] item: Leftovers\n|-heal|p1a: Comfey|160/225 par|[from] item: Leftovers\n|upkeep\n|turn|39\n|\n|t:|1782802953\n|cant|p1a: Comfey|par\n|move|p2a: Dudunsparce|Headbutt|p1a: Comfey\n|-damage|p1a: Comfey|84/225 par\n|\n|-heal|p2a: Dudunsparce|247/343|[from] item: Leftovers\n|-heal|p1a: Comfey|98/225 par|[from] item: Leftovers\n|upkeep\n|turn|40\n|\n|t:|1782802964\n|move|p1a: Comfey|Giga Drain|p2a: Dudunsparce\n|-damage|p2a: Dudunsparce|121/343\n|-heal|p1a: Comfey|161/225 par|[from] drain|[of] p2a: Dudunsparce\n|move|p2a: Dudunsparce|Headbutt|p1a: Comfey\n|-damage|p1a: Comfey|85/225 par\n|\n|-heal|p2a: Dudunsparce|142/343|[from] item: Leftovers\n|-heal|p1a: Comfey|99/225 par|[from] item: Leftovers\n|upkeep\n|turn|41\n|\n|t:|1782802972\n|move|p1a: Comfey|Draining Kiss|p2a: Dudunsparce\n|-damage|p2a: Dudunsparce|12/343\n|-heal|p1a: Comfey|197/225 par|[from] drain|[of] p2a: Dudunsparce\n|move|p2a: Dudunsparce|Headbutt|p1a: Comfey\n|-damage|p1a: Comfey|127/225 par\n|\n|-heal|p2a: Dudunsparce|33/343|[from] item: Leftovers\n|-heal|p1a: Comfey|141/225 par|[from] item: Leftovers\n|upkeep\n|turn|42\n|\n|t:|1782802976\n|cant|p1a: Comfey|par\n|move|p2a: Dudunsparce|Headbutt|p1a: Comfey\n|-damage|p1a: Comfey|74/225 par\n|\n|-heal|p2a: Dudunsparce|54/343|[from] item: Leftovers\n|-heal|p1a: Comfey|88/225 par|[from] item: Leftovers\n|upkeep\n|turn|43\n|\n|t:|1782802984\n|cant|p1a: Comfey|par\n|move|p2a: Dudunsparce|Headbutt|p1a: Comfey\n|-damage|p1a: Comfey|15/225 par\n|\n|-heal|p2a: Dudunsparce|75/343|[from] item: Leftovers\n|-heal|p1a: Comfey|29/225 par|[from] item: Leftovers\n|upkeep\n|turn|44\n|\n|t:|1782802987\n|move|p1a: Comfey|Draining Kiss|p2a: Dudunsparce\n|-damage|p2a: Dudunsparce|0 fnt\n|-heal|p1a: Comfey|85/225 par|[from] drain|[of] p2a: Dudunsparce\n|faint|p2a: Dudunsparce\n|\n|-heal|p1a: Comfey|99/225 par|[from] item: Leftovers\n|upkeep\n|\n|t:|1782802995\n|switch|p2a: Bruxish|Bruxish, L85, F|254/254\n|turn|45\n|\n|t:|1782803006\n|move|p1a: Comfey|Giga Drain|p2a: Bruxish\n|-supereffective|p2a: Bruxish\n|-damage|p2a: Bruxish|0 fnt\n|-heal|p1a: Comfey|225/225 par|[from] drain|[of] p2a: Bruxish\n|faint|p2a: Bruxish\n|\n|upkeep\n|c|\u2606jakebop|gg wp\n|\n|t:|1782803011\n|switch|p2a: Ting-Lu|Ting-Lu, L78|93/370\n|-ability|p2a: Ting-Lu|Vessel of Ruin\n|turn|46\n|c|\u2606samsaurus123|gg\n|\n|t:|1782803014\n|cant|p1a: Comfey|par\n|move|p2a: Ting-Lu|Earthquake|p1a: Comfey\n|-damage|p1a: Comfey|132/225 par\n|\n|-heal|p2a: Ting-Lu|116/370|[from] item: Leftovers\n|-heal|p1a: Comfey|146/225 par|[from] item: Leftovers\n|upkeep\n|turn|47\n|\n|t:|1782803017\n|move|p1a: Comfey|Draining Kiss|p2a: Ting-Lu\n|-supereffective|p2a: Ting-Lu\n|-damage|p2a: Ting-Lu|0 fnt\n|-heal|p1a: Comfey|225/225 par|[from] drain|[of] p2a: Ting-Lu\n|faint|p2a: Ting-Lu\n|\n|win|samsaurus123\n", "inputlog": ">version f8ac14003a5f27e1bdc8d8c59608a773c1cb96e5\n>start {\"formatid\":\"gen9randombattle\",\"seed\":\"sodium,621ad694e86b5fd86a4f98c69594b63f\",\"rated\":\"Rated battle\"}\n>player p1 {\"name\":\"samsaurus123\",\"avatar\":\"ash\",\"rating\":1922,\"seed\":\"sodium,4c2b69b03afd893e61e82104c9141c96\"}\n>player p2 {\"name\":\"jakebop\",\"avatar\":\"juggler\",\"rating\":1914,\"seed\":\"sodium,d8c066fc7071476be108d3b5874fe343\"}\n>p1 move swordsdance\n>p2 move spikes\n>p1 move rapidspin\n>p2 move whirlwind\n>p1 move dynamicpunch\n>p2 move spikes\n>p1 move dynamicpunch\n>p2 switch 5\n>p1 move poltergeist\n>p2 move scald\n>p2 switch 2\n>p1 switch 4\n>p2 move solarbeam\n>p1 move hurricane\n>p2 switch 3\n>p1 switch 3\n>p2 move stoneedge\n>p1 move rapidspin\n>p2 move swordsdance\n>p1 move earthquake\n>p2 move earthquake terastallize\n>p1 switch 6\n>p1 move gigadrain\n>p2 move earthquake\n>p2 switch 6\n>p1 switch 4\n>p2 move glare\n>p1 move dynamicpunch\n>p2 move earthquake\n>p1 switch 5\n>p1 move yawn\n>p2 move glare\n>p1 switch 2\n>p2 switch 3\n>p1 move highhorsepower\n>p2 move scorchingsands\n>p1 move highhorsepower\n>p2 move fireblast\n>p2 switch 5\n>p1 switch 3\n>p2 move throatchop\n>p1 move hurricane\n>p2 move throatchop\n>p1 move roost\n>p2 switch 3\n>p1 switch 2\n>p2 move earthquake\n>p1 move yawn\n>p2 move headbutt\n>p1 move yawn\n>p2 move headbutt\n>p1 move yawn\n>p2 move earthquake\n>p1 switch 2\n>p1 move dracometeor\n>p2 move glare\n>p1 move dracometeor\n>p2 move headbutt\n>p1 move hurricane\n>p2 move headbutt\n>p1 move hurricane\n>p2 move headbutt\n>p1 switch 3\n>p1 move overheat\n>p2 move earthquake\n>p1 switch 4\n>p1 move calmmind\n>p2 move glare\n>p1 move calmmind\n>p2 move headbutt\n>p1 move drainingkiss\n>p2 move headbutt\n>p1 move drainingkiss\n>p2 move headbutt\n>p1 move calmmind\n>p2 move roost\n>p1 move drainingkiss\n>p2 move headbutt\n>p1 move gigadrain\n>p2 move headbutt\n>p1 move calmmind\n>p2 move roost\n>p1 move gigadrain\n>p2 move headbutt\n>p1 move gigadrain\n>p2 move headbutt\n>p1 move gigadrain\n>p2 move headbutt\n>p1 move drainingkiss\n>p2 move headbutt\n>p1 move gigadrain\n>p2 move headbutt\n>p1 move drainingkiss\n>p2 move headbutt\n>p1 move drainingkiss\n>p2 move headbutt\n>p2 switch 4\n>p1 move gigadrain\n>p2 move wavecrash\n>chat \u2606jakebop|gg wp \n>p2 switch 3\n>chat \u2606samsaurus123|gg\n>p1 move drainingkiss\n>p2 move earthquake\n>p1 move drainingkiss\n>p2 move earthquake", "uploadtime": 1782802559, "views": 10, "formatid": "gen9randombattle", "rating": null, "private": 0, "password": null, "player_dets": [{"name": "samsaurus123", "avatar": "ash", "rating": 1922, "seed": "sodium,4c2b69b03afd893e61e82104c9141c96"}, {"name": "jakebop", "avatar": "juggler", "rating": 1914, "seed": "sodium,d8c066fc7071476be108d3b5874fe343"}], "teams_full": [{"Sandslash": {"name": "Sandslash", "species": "Sandslash", "speciesId": "sandslash", "gender": "M", "shiny": false, "level": 89, "moves": ["earthquake", "knockoff", "rapidspin", "swordsdance"], "ability": "Sand Rush", "evs": {"hp": 85, "atk": 85, "def": 85, "spa": 85, "spd": 85, "spe": 85}, "ivs": {"hp": 31, "atk": 31, "def": 31, "spa": 31, "spd": 31, "spe": 31}, "item": "Leftovers", "teraType": "Dragon", "role": "Bulky Support", "bvs": {"hp": 75, "atk": 100, "def": 110, "spa": 45, "spd": 55, "spe": 65}, "stats": {"hp": 278, "atk": 229, "def": 247, "spa": 131, "spd": 149, "spe": 166}, "types": ["Ground"]}, "Zebstrika": {"name": "Zebstrika", "species": "Zebstrika", "speciesId": "zebstrika", "gender": "M", "shiny": false, "level": 87, "moves": ["supercellslam", "highhorsepower", "overheat", "voltswitch"], "ability": "Sap Sipper", "evs": {"hp": 85, "atk": 85, "def": 85, "spa": 85, "spd": 85, "spe": 85}, "ivs": {"hp": 31, "atk": 31, "def": 31, "spa": 31, "spd": 31, "spe": 31}, "item": "Life Orb", "teraType": "Ground", "role": "Fast Attacker", "bvs": {"hp": 75, "atk": 100, "def": 63, "spa": 80, "spd": 63, "spe": 116}, "stats": {"hp": 272, "atk": 224, "def": 159, "spa": 189, "spd": 159, "spe": 252}, "types": ["Electric"]}, "Golurk": {"name": "Golurk", "species": "Golurk", "speciesId": "golurk", "gender": "N", "shiny": false, "level": 87, "moves": ["dynamicpunch", "poltergeist", "earthquake", "stealthrock"], "ability": "No Guard", "evs": {"hp": 85, "atk": 85, "def": 85, "spa": 85, "spd": 85, "spe": 85}, "ivs": {"hp": 31, "atk": 31, "def": 31, "spa": 31, "spd": 31, "spe": 31}, "item": "Life Orb", "teraType": "Fighting", "role": "Wallbreaker", "bvs": {"hp": 89, "atk": 124, "def": 80, "spa": 55, "spd": 80, "spe": 55}, "stats": {"hp": 297, "atk": 266, "def": 189, "spa": 145, "spd": 189, "spe": 145}, "types": ["Ground", "Ghost"]}, "Noivern": {"name": "Noivern", "species": "Noivern", "speciesId": "noivern", "gender": "M", "shiny": false, "level": 82, "moves": ["roost", "flamethrower", "hurricane", "dracometeor"], "ability": "Infiltrator", "evs": {"hp": 85, "atk": 0, "def": 85, "spa": 85, "spd": 85, "spe": 85}, "ivs": {"hp": 31, "atk": 0, "def": 31, "spa": 31, "spd": 31, "spe": 31}, "item": "Heavy-Duty Boots", "teraType": "Fire", "role": "Fast Support", "bvs": {"hp": 85, "atk": 70, "def": 80, "spa": 97, "spd": 80, "spe": 123}, "stats": {"hp": 274, "atk": 119, "def": 178, "spa": 206, "spd": 178, "spe": 249}, "types": ["Flying", "Dragon"]}, "Torkoal": {"name": "Torkoal", "species": "Torkoal", "speciesId": "torkoal", "gender": "M", "shiny": false, "level": 88, "moves": ["lavaplume", "yawn", "solarbeam", "rapidspin"], "ability": "Drought", "evs": {"hp": 85, "atk": 85, "def": 85, "spa": 85, "spd": 85, "spe": 85}, "ivs": {"hp": 31, "atk": 31, "def": 31, "spa": 31, "spd": 31, "spe": 31}, "item": "Heavy-Duty Boots", "teraType": "Dragon", "role": "Bulky Support", "bvs": {"hp": 70, "atk": 85, "def": 140, "spa": 85, "spd": 70, "spe": 20}, "stats": {"hp": 266, "atk": 200, "def": 297, "spa": 200, "spd": 173, "spe": 85}, "types": ["Fire"]}, "Comfey": {"name": "Comfey", "species": "Comfey", "speciesId": "comfey", "gender": "M", "shiny": false, "level": 85, "moves": ["gigadrain", "drainingkiss", "calmmind", "storedpower"], "ability": "Triage", "evs": {"hp": 85, "atk": 0, "def": 85, "spa": 85, "spd": 85, "spe": 85}, "ivs": {"hp": 31, "atk": 0, "def": 31, "spa": 31, "spd": 31, "spe": 31}, "item": "Leftovers", "teraType": "Poison", "role": "Bulky Setup", "bvs": {"hp": 51, "atk": 52, "def": 90, "spa": 82, "spd": 110, "spe": 100}, "stats": {"hp": 225, "atk": 93, "def": 202, "spa": 188, "spd": 236, "spe": 219}, "types": ["Fairy"]}}, {"Ting-Lu": {"name": "Ting-Lu", "species": "Ting-Lu", "speciesId": "tinglu", "gender": "N", "shiny": false, "level": 78, "moves": ["spikes", "earthquake", "whirlwind", "throatchop"], "ability": "Vessel of Ruin", "evs": {"hp": 85, "atk": 85, "def": 85, "spa": 85, "spd": 85, "spe": 85}, "ivs": {"hp": 31, "atk": 31, "def": 31, "spa": 31, "spd": 31, "spe": 31}, "item": "Leftovers", "teraType": "Poison", "role": "Bulky Support", "bvs": {"hp": 155, "atk": 110, "def": 125, "spa": 55, "spd": 80, "spe": 45}, "stats": {"hp": 370, "atk": 217, "def": 240, "spa": 131, "spd": 170, "spe": 115}, "types": ["Dark", "Ground"]}, "Ninetales": {"name": "Ninetales", "species": "Ninetales", "speciesId": "ninetales", "gender": "M", "shiny": false, "level": 85, "moves": ["scorchingsands", "solarbeam", "nastyplot", "fireblast"], "ability": "Drought", "evs": {"hp": 85, "atk": 0, "def": 85, "spa": 85, "spd": 85, "spe": 85}, "ivs": {"hp": 31, "atk": 0, "def": 31, "spa": 31, "spd": 31, "spe": 31}, "item": "Heavy-Duty Boots", "teraType": "Fire", "role": "Setup Sweeper", "bvs": {"hp": 73, "atk": 76, "def": 75, "spa": 81, "spd": 100, "spe": 100}, "stats": {"hp": 263, "atk": 134, "def": 176, "spa": 186, "spd": 219, "spe": 219}, "types": ["Fire"]}, "Terrakion": {"name": "Terrakion", "species": "Terrakion", "speciesId": "terrakion", "gender": "N", "shiny": false, "level": 79, "moves": ["earthquake", "stoneedge", "swordsdance", "closecombat"], "ability": "Justified", "evs": {"hp": 85, "atk": 85, "def": 85, "spa": 85, "spd": 85, "spe": 85}, "ivs": {"hp": 31, "atk": 31, "def": 31, "spa": 31, "spd": 31, "spe": 31}, "item": "Life Orb", "teraType": "Ground", "role": "Setup Sweeper", "bvs": {"hp": 91, "atk": 129, "def": 90, "spa": 72, "spd": 90, "spe": 108}, "stats": {"hp": 273, "atk": 249, "def": 188, "spa": 159, "spd": 188, "spe": 216}, "types": ["Rock", "Fighting"]}, "Bruxish": {"name": "Bruxish", "species": "Bruxish", "speciesId": "bruxish", "gender": "F", "shiny": false, "level": 85, "moves": ["psychicfangs", "wavecrash", "swordsdance", "crunch"], "ability": "Strong Jaw", "evs": {"hp": 85, "atk": 85, "def": 85, "spa": 85, "spd": 85, "spe": 85}, "ivs": {"hp": 31, "atk": 31, "def": 31, "spa": 31, "spd": 31, "spe": 31}, "item": "Life Orb", "teraType": "Dark", "role": "Fast Attacker", "bvs": {"hp": 68, "atk": 105, "def": 70, "spa": 70, "spd": 70, "spe": 92}, "stats": {"hp": 254, "atk": 227, "def": 168, "spa": 168, "spd": 168, "spe": 205}, "types": ["Water", "Psychic"]}, "Goodra": {"name": "Goodra", "species": "Goodra", "speciesId": "goodra", "gender": "M", "shiny": false, "level": 85, "moves": ["sludgebomb", "knockoff", "scald", "dracometeor"], "ability": "Sap Sipper", "evs": {"hp": 85, "atk": 85, "def": 85, "spa": 85, "spd": 85, "spe": 85}, "ivs": {"hp": 31, "atk": 31, "def": 31, "spa": 31, "spd": 31, "spe": 31}, "item": "Assault Vest", "teraType": "Steel", "role": "AV Pivot", "bvs": {"hp": 90, "atk": 100, "def": 70, "spa": 110, "spd": 150, "spe": 80}, "stats": {"hp": 292, "atk": 219, "def": 168, "spa": 236, "spd": 304, "spe": 185}, "types": ["Dragon"]}, "Dudunsparce": {"name": "Dudunsparce", "species": "Dudunsparce-Three-Segment", "speciesId": "dudunsparce", "gender": "F", "shiny": false, "level": 83, "moves": ["headbutt", "roost", "earthquake", "glare"], "ability": "Serene Grace", "evs": {"hp": 85, "atk": 85, "def": 85, "spa": 85, "spd": 85, "spe": 85}, "ivs": {"hp": 31, "atk": 31, "def": 31, "spa": 31, "spd": 31, "spe": 31}, "item": "Leftovers", "teraType": "Ghost", "role": "Bulky Support", "bvs": {"hp": 125, "atk": 100, "def": 80, "spa": 85, "spd": 75, "spe": 55}, "stats": {"hp": 343, "atk": 214, "def": 180, "spa": 189, "spd": 172, "spe": 139}, "types": ["Normal"]}}]}