{"id": "gen9randombattle-2641418110", "format": "[Gen 9] Random Battle", "players": ["sanfrancanfran", "aceguy123"], "log": "|j|\u2606sanfrancanfran\n|j|\u2606aceguy123\n|t:|1782781775\n|gametype|singles\n|player|p1|sanfrancanfran|1|2049\n|player|p2|aceguy123|firebreather|2051\n|gen|9\n|tier|[Gen 9] Random Battle\n|rated|\n|rule|Species Clause: Limit one of each Pok\u00e9mon\n|rule|HP Percentage Mod: HP is shown in percentages\n|rule|Sleep Clause Mod: Limit one foe put to sleep\n|rule|Illusion Level Mod: Illusion disguises the Pok\u00e9mon's true level\n|\n|t:|1782781775\n|teamsize|p1|6\n|teamsize|p2|6\n|start\n|switch|p1a: Breloom|Breloom, L83, F|235/235\n|switch|p2a: Polteageist|Polteageist-Antique, L78|222/222\n|turn|1\n|\n|t:|1782781788\n|switch|p2a: Dipplin|Dipplin, L88, M|284/284\n|move|p1a: Breloom|Spore|p2a: Dipplin\n|-immune|p2a: Dipplin\n|\n|upkeep\n|turn|2\n|\n|t:|1782781801\n|switch|p1a: Lanturn|Lanturn, L89, F|367/367\n|move|p2a: Dipplin|Dragon Tail|p1a: Lanturn\n|-damage|p1a: Lanturn|291/367\n|drag|p1a: Meganium|Meganium, L90, F|290/290\n|\n|upkeep\n|turn|3\n|\n|t:|1782781808\n|move|p1a: Meganium|Energy Ball|p2a: Dipplin\n|-resisted|p2a: Dipplin\n|-damage|p2a: Dipplin|268/284\n|move|p2a: Dipplin|Dragon Tail|p1a: Meganium\n|-damage|p1a: Meganium|235/290\n|drag|p1a: Volcarona|Volcarona, L77, F|257/257\n|\n|upkeep\n|turn|4\n|\n|t:|1782781816\n|move|p1a: Volcarona|Bug Buzz|p2a: Dipplin\n|-supereffective|p2a: Dipplin\n|-damage|p2a: Dipplin|130/284\n|move|p2a: Dipplin|Dragon Tail|p1a: Volcarona\n|-damage|p1a: Volcarona|170/257\n|drag|p1a: Cinderace|Cinderace, L77, M|250/250\n|\n|upkeep\n|turn|5\n|\n|t:|1782781827\n|switch|p2a: Skeledirge|Skeledirge, L79, M|294/294\n|move|p1a: Cinderace|U-turn|p2a: Skeledirge\n|-start|p1a: Cinderace|typechange|Bug|[from] ability: Libero\n|-resisted|p2a: Skeledirge\n|-damage|p2a: Skeledirge|277/294\n|\n|t:|1782781830\n|switch|p1a: Lanturn|Lanturn, L89, F|291/367|[from] U-turn\n|\n|upkeep\n|turn|6\n|\n|t:|1782781838\n|switch|p2a: Dipplin|Dipplin, L88, M|130/284\n|move|p1a: Lanturn|Thunder Wave|p2a: Dipplin|[miss]\n|-miss|p1a: Lanturn|p2a: Dipplin\n|\n|upkeep\n|turn|7\n|\n|t:|1782781845\n|move|p1a: Lanturn|Thunder Wave|p2a: Dipplin\n|-status|p2a: Dipplin|par\n|cant|p2a: Dipplin|par\n|\n|upkeep\n|turn|8\n|\n|t:|1782781849\n|switch|p1a: Cinderace|Cinderace, L77, M|250/250\n|move|p2a: Dipplin|Recover|p2a: Dipplin\n|-heal|p2a: Dipplin|272/284 par\n|\n|upkeep\n|turn|9\n|\n|t:|1782781861\n|move|p1a: Cinderace|Pyro Ball|p2a: Dipplin\n|-damage|p2a: Dipplin|203/284 par\n|cant|p2a: Dipplin|par\n|\n|upkeep\n|turn|10\n|\n|t:|1782781865\n|move|p1a: Cinderace|U-turn|p2a: Dipplin\n|-start|p1a: Cinderace|typechange|Bug|[from] ability: Libero\n|-supereffective|p2a: Dipplin\n|-damage|p2a: Dipplin|125/284 par\n|\n|t:|1782781872\n|switch|p1a: Meganium|Meganium, L90, F|235/290|[from] U-turn\n|move|p2a: Dipplin|Dragon Tail|p1a: Meganium\n|-damage|p1a: Meganium|186/290\n|drag|p1a: Volcarona|Volcarona, L77, F|170/257\n|\n|upkeep\n|turn|11\n|\n|t:|1782781888\n|switch|p2a: Skeledirge|Skeledirge, L79, M|277/294\n|move|p1a: Volcarona|Bug Buzz|p2a: Skeledirge\n|-resisted|p2a: Skeledirge\n|-damage|p2a: Skeledirge|249/294\n|\n|upkeep\n|turn|12\n|\n|t:|1782781892\n|switch|p1a: Lanturn|Lanturn, L89, F|291/367\n|move|p2a: Skeledirge|Torch Song|p1a: Lanturn\n|-resisted|p1a: Lanturn\n|-damage|p1a: Lanturn|250/367\n|-boost|p2a: Skeledirge|spa|1\n|\n|upkeep\n|turn|13\n|\n|t:|1782781896\n|switch|p2a: Dipplin|Dipplin, L88, M|125/284 par\n|move|p1a: Lanturn|Volt Switch|p2a: Dipplin\n|-resisted|p2a: Dipplin\n|-damage|p2a: Dipplin|113/284 par\n|\n|t:|1782781899\n|switch|p1a: Volcarona|Volcarona, L77, F|170/257|[from] Volt Switch\n|\n|upkeep\n|turn|14\n|\n|t:|1782781902\n|switch|p2a: Skeledirge|Skeledirge, L79, M|249/294\n|move|p1a: Volcarona|Bug Buzz|p2a: Skeledirge\n|-resisted|p2a: Skeledirge\n|-damage|p2a: Skeledirge|219/294\n|\n|upkeep\n|turn|15\n|\n|t:|1782781912\n|switch|p1a: Lanturn|Lanturn, L89, F|250/367\n|move|p2a: Skeledirge|Shadow Ball|p1a: Lanturn\n|-damage|p1a: Lanturn|160/367\n|\n|upkeep\n|turn|16\n|\n|t:|1782781916\n|switch|p2a: Dipplin|Dipplin, L88, M|113/284 par\n|move|p1a: Lanturn|Scald|p2a: Dipplin\n|-resisted|p2a: Dipplin\n|-damage|p2a: Dipplin|100/284 par\n|\n|upkeep\n|turn|17\n|\n|t:|1782781919\n|move|p1a: Lanturn|Volt Switch|p2a: Dipplin\n|-resisted|p2a: Dipplin\n|-damage|p2a: Dipplin|88/284 par\n|\n|t:|1782781921\n|switch|p1a: Breloom|Breloom, L83, F|235/235|[from] Volt Switch\n|move|p2a: Dipplin|Recover|p2a: Dipplin\n|-heal|p2a: Dipplin|230/284 par\n|\n|upkeep\n|turn|18\n|\n|t:|1782781926\n|move|p1a: Breloom|Mach Punch|p2a: Dipplin\n|-damage|p2a: Dipplin|170/284 par\n|-damage|p1a: Breloom|212/235|[from] item: Life Orb\n|move|p2a: Dipplin|Dragon Tail|p1a: Breloom\n|-damage|p1a: Breloom|143/235\n|drag|p1a: Lanturn|Lanturn, L89, F|160/367\n|\n|upkeep\n|turn|19\n|\n|t:|1782781934\n|move|p1a: Lanturn|Volt Switch|p2a: Dipplin\n|-resisted|p2a: Dipplin\n|-damage|p2a: Dipplin|159/284 par\n|\n|t:|1782781936\n|switch|p1a: Meganium|Meganium, L90, F|186/290|[from] Volt Switch\n|move|p2a: Dipplin|Recover|p2a: Dipplin\n|-heal|p2a: Dipplin|284/284 par\n|\n|-heal|p1a: Meganium|204/290|[from] item: Leftovers\n|upkeep\n|turn|20\n|\n|t:|1782781945\n|move|p1a: Meganium|Energy Ball|p2a: Dipplin\n|-resisted|p2a: Dipplin\n|-crit|p2a: Dipplin\n|-damage|p2a: Dipplin|259/284 par\n|move|p2a: Dipplin|Dragon Tail|p1a: Meganium\n|-damage|p1a: Meganium|150/290\n|drag|p1a: Cinderace|Cinderace, L77, M|250/250\n|\n|upkeep\n|turn|21\n|\n|t:|1782781956\n|move|p1a: Cinderace|U-turn|p2a: Dipplin\n|-start|p1a: Cinderace|typechange|Bug|[from] ability: Libero\n|-supereffective|p2a: Dipplin\n|-damage|p2a: Dipplin|179/284 par\n|\n|t:|1782781960\n|switch|p1a: Meganium|Meganium, L90, F|150/290|[from] U-turn\n|move|p2a: Dipplin|Dragon Tail|p1a: Meganium\n|-damage|p1a: Meganium|96/290\n|drag|p1a: Golduck|Golduck, L90, M|290/290\n|-ability|p1a: Golduck|Cloud Nine\n|\n|upkeep\n|turn|22\n|\n|t:|1782781973\n|switch|p2a: Sylveon|Sylveon, L85, F|300/300\n|move|p1a: Golduck|Hydro Pump|p2a: Sylveon\n|-damage|p2a: Sylveon|147/300\n|\n|-heal|p2a: Sylveon|165/300|[from] item: Leftovers\n|upkeep\n|turn|23\n|\n|t:|1782781979\n|switch|p1a: Lanturn|Lanturn, L89, F|160/367\n|move|p2a: Sylveon|Wish|p2a: Sylveon\n|\n|-heal|p2a: Sylveon|183/300|[from] item: Leftovers\n|upkeep\n|turn|24\n|\n|t:|1782781993\n|move|p2a: Sylveon|Protect|p2a: Sylveon\n|-singleturn|p2a: Sylveon|Protect\n|move|p1a: Lanturn|Volt Switch|p2a: Sylveon\n|-activate|p2a: Sylveon|move: Protect\n|\n|-heal|p2a: Sylveon|300/300|[from] move: Wish|[wisher] Sylveon\n|upkeep\n|turn|25\n|\n|t:|1782781996\n|switch|p2a: Dipplin|Dipplin, L88, M|179/284 par\n|move|p1a: Lanturn|Thunder Wave|p2a: Dipplin\n|-fail|p2a: Dipplin|par\n|\n|upkeep\n|turn|26\n|\n|t:|1782782002\n|move|p1a: Lanturn|Volt Switch|p2a: Dipplin\n|-resisted|p2a: Dipplin\n|-damage|p2a: Dipplin|168/284 par\n|\n|t:|1782782004\n|switch|p1a: Meganium|Meganium, L90, F|96/290|[from] Volt Switch\n|move|p2a: Dipplin|Dragon Tail|p1a: Meganium|[miss]\n|-miss|p2a: Dipplin|p1a: Meganium\n|\n|-heal|p1a: Meganium|114/290|[from] item: Leftovers\n|upkeep\n|turn|27\n|\n|t:|1782782013\n|move|p1a: Meganium|Synthesis|p1a: Meganium\n|-heal|p1a: Meganium|259/290\n|move|p2a: Dipplin|Dragon Tail|p1a: Meganium\n|-damage|p1a: Meganium|204/290\n|drag|p1a: Golduck|Golduck, L90, M|290/290\n|-ability|p1a: Golduck|Cloud Nine\n|\n|upkeep\n|turn|28\n|\n|t:|1782782022\n|switch|p2a: Sylveon|Sylveon, L85, F|300/300\n|move|p1a: Golduck|Ice Beam|p2a: Sylveon\n|-damage|p2a: Sylveon|215/300\n|\n|-heal|p2a: Sylveon|233/300|[from] item: Leftovers\n|upkeep\n|turn|29\n|\n|t:|1782782031\n|switch|p1a: Meganium|Meganium, L90, F|204/290\n|move|p2a: Sylveon|Wish|p2a: Sylveon\n|\n|-heal|p1a: Meganium|222/290|[from] item: Leftovers\n|-heal|p2a: Sylveon|251/300|[from] item: Leftovers\n|upkeep\n|turn|30\n|\n|t:|1782782036\n|switch|p2a: Dipplin|Dipplin, L88, M|168/284 par\n|move|p1a: Meganium|Leech Seed|p2a: Dipplin\n|-immune|p2a: Dipplin\n|\n|-heal|p2a: Dipplin|284/284 par|[from] move: Wish|[wisher] Sylveon\n|-heal|p1a: Meganium|240/290|[from] item: Leftovers\n|upkeep\n|turn|31\n|\n|t:|1782782041\n|move|p1a: Meganium|Energy Ball|p2a: Dipplin\n|-resisted|p2a: Dipplin\n|-damage|p2a: Dipplin|266/284 par\n|cant|p2a: Dipplin|par\n|\n|-heal|p1a: Meganium|258/290|[from] item: Leftovers\n|upkeep\n|turn|32\n|\n|t:|1782782046\n|move|p1a: Meganium|Energy Ball|p2a: Dipplin\n|-resisted|p2a: Dipplin\n|-damage|p2a: Dipplin|250/284 par\n|move|p2a: Dipplin|Dragon Pulse|p1a: Meganium\n|-damage|p1a: Meganium|179/290\n|\n|-heal|p1a: Meganium|197/290|[from] item: Leftovers\n|upkeep\n|turn|33\n|\n|t:|1782782053\n|move|p1a: Meganium|Energy Ball|p2a: Dipplin\n|-resisted|p2a: Dipplin\n|-damage|p2a: Dipplin|234/284 par\n|cant|p2a: Dipplin|par\n|\n|-heal|p1a: Meganium|215/290|[from] item: Leftovers\n|upkeep\n|turn|34\n|\n|t:|1782782059\n|move|p1a: Meganium|Energy Ball|p2a: Dipplin\n|-resisted|p2a: Dipplin\n|-damage|p2a: Dipplin|217/284 par\n|cant|p2a: Dipplin|par\n|\n|-heal|p1a: Meganium|233/290|[from] item: Leftovers\n|upkeep\n|turn|35\n|\n|t:|1782782065\n|move|p1a: Meganium|Knock Off|p2a: Dipplin\n|-crit|p2a: Dipplin\n|-damage|p2a: Dipplin|161/284 par\n|-activate|p2a: Dipplin|ability: Sticky Hold\n|cant|p2a: Dipplin|par\n|\n|-heal|p1a: Meganium|251/290|[from] item: Leftovers\n|upkeep\n|turn|36\n|\n|t:|1782782070\n|move|p1a: Meganium|Knock Off|p2a: Dipplin\n|-damage|p2a: Dipplin|120/284 par\n|-activate|p2a: Dipplin|ability: Sticky Hold\n|move|p2a: Dipplin|Recover|p2a: Dipplin\n|-heal|p2a: Dipplin|262/284 par\n|\n|-heal|p1a: Meganium|269/290|[from] item: Leftovers\n|upkeep\n|turn|37\n|\n|t:|1782782073\n|move|p1a: Meganium|Knock Off|p2a: Dipplin\n|-damage|p2a: Dipplin|223/284 par\n|-activate|p2a: Dipplin|ability: Sticky Hold\n|move|p2a: Dipplin|Dragon Tail|p1a: Meganium\n|-damage|p1a: Meganium|217/290\n|drag|p1a: Cinderace|Cinderace, L77, M|250/250\n|\n|upkeep\n|turn|38\n|\n|t:|1782782079\n|move|p1a: Cinderace|U-turn|p2a: Dipplin\n|-start|p1a: Cinderace|typechange|Bug|[from] ability: Libero\n|-supereffective|p2a: Dipplin\n|-damage|p2a: Dipplin|145/284 par\n|\n|t:|1782782083\n|switch|p1a: Meganium|Meganium, L90, F|217/290|[from] U-turn\n|move|p2a: Dipplin|Dragon Tail|p1a: Meganium\n|-damage|p1a: Meganium|163/290\n|drag|p1a: Breloom|Breloom, L83, F|143/235\n|\n|upkeep\n|turn|39\n|\n|t:|1782782092\n|switch|p1a: Meganium|Meganium, L90, F|163/290\n|move|p2a: Dipplin|Recover|p2a: Dipplin\n|-heal|p2a: Dipplin|284/284 par\n|\n|-heal|p1a: Meganium|181/290|[from] item: Leftovers\n|upkeep\n|turn|40\n|\n|t:|1782782097\n|move|p1a: Meganium|Knock Off|p2a: Dipplin\n|-damage|p2a: Dipplin|245/284 par\n|-activate|p2a: Dipplin|ability: Sticky Hold\n|move|p2a: Dipplin|Dragon Pulse|p1a: Meganium\n|-damage|p1a: Meganium|102/290\n|\n|-heal|p1a: Meganium|120/290|[from] item: Leftovers\n|upkeep\n|turn|41\n|\n|t:|1782782103\n|move|p1a: Meganium|Synthesis|p1a: Meganium\n|-heal|p1a: Meganium|265/290\n|cant|p2a: Dipplin|par\n|\n|-heal|p1a: Meganium|283/290|[from] item: Leftovers\n|upkeep\n|turn|42\n|\n|t:|1782782108\n|move|p1a: Meganium|Knock Off|p2a: Dipplin\n|-damage|p2a: Dipplin|206/284 par\n|-activate|p2a: Dipplin|ability: Sticky Hold\n|cant|p2a: Dipplin|par\n|\n|-heal|p1a: Meganium|290/290|[from] item: Leftovers\n|upkeep\n|turn|43\n|\n|t:|1782782112\n|move|p1a: Meganium|Knock Off|p2a: Dipplin\n|-damage|p2a: Dipplin|167/284 par\n|-activate|p2a: Dipplin|ability: Sticky Hold\n|move|p2a: Dipplin|Dragon Pulse|p1a: Meganium\n|-damage|p1a: Meganium|202/290\n|\n|-heal|p1a: Meganium|220/290|[from] item: Leftovers\n|upkeep\n|turn|44\n|\n|t:|1782782120\n|move|p1a: Meganium|Knock Off|p2a: Dipplin\n|-damage|p2a: Dipplin|128/284 par\n|-activate|p2a: Dipplin|ability: Sticky Hold\n|move|p2a: Dipplin|Recover|p2a: Dipplin\n|-heal|p2a: Dipplin|270/284 par\n|\n|-heal|p1a: Meganium|238/290|[from] item: Leftovers\n|upkeep\n|turn|45\n|\n|t:|1782782124\n|move|p1a: Meganium|Energy Ball|p2a: Dipplin\n|-resisted|p2a: Dipplin\n|-damage|p2a: Dipplin|255/284 par\n|move|p2a: Dipplin|Dragon Pulse|p1a: Meganium\n|-damage|p1a: Meganium|157/290\n|\n|-heal|p1a: Meganium|175/290|[from] item: Leftovers\n|upkeep\n|turn|46\n|\n|t:|1782782129\n|move|p1a: Meganium|Knock Off|p2a: Dipplin\n|-damage|p2a: Dipplin|214/284 par\n|-activate|p2a: Dipplin|ability: Sticky Hold\n|move|p2a: Dipplin|Dragon Tail|p1a: Meganium\n|-damage|p1a: Meganium|127/290\n|drag|p1a: Volcarona|Volcarona, L77, F|170/257\n|\n|upkeep\n|turn|47\n|\n|t:|1782782139\n|switch|p1a: Meganium|Meganium, L90, F|127/290\n|switch|p2a: Skeledirge|Skeledirge, L79, M|219/294\n|\n|-heal|p1a: Meganium|145/290|[from] item: Leftovers\n|upkeep\n|turn|48\n|\n|t:|1782782144\n|move|p1a: Meganium|Knock Off|p2a: Skeledirge\n|-supereffective|p2a: Skeledirge\n|-damage|p2a: Skeledirge|85/294\n|-enditem|p2a: Skeledirge|Heavy-Duty Boots|[from] move: Knock Off|[of] p1a: Meganium\n|move|p2a: Skeledirge|Torch Song|p1a: Meganium\n|-supereffective|p1a: Meganium\n|-damage|p1a: Meganium|5/290\n|-boost|p2a: Skeledirge|spa|1\n|\n|-heal|p1a: Meganium|23/290|[from] item: Leftovers\n|upkeep\n|turn|49\n|\n|t:|1782782172\n|move|p1a: Meganium|Leech Seed|p2a: Skeledirge\n|-start|p2a: Skeledirge|move: Leech Seed\n|move|p2a: Skeledirge|Torch Song|p1a: Meganium\n|-supereffective|p1a: Meganium\n|-damage|p1a: Meganium|0 fnt\n|-boost|p2a: Skeledirge|spa|1\n|faint|p1a: Meganium\n|\n|upkeep\n|\n|t:|1782782177\n|switch|p1a: Lanturn|Lanturn, L89, F|160/367\n|turn|50\n|\n|t:|1782782183\n|switch|p2a: Dipplin|Dipplin, L88, M|214/284 par\n|move|p1a: Lanturn|Scald|p2a: Dipplin\n|-resisted|p2a: Dipplin\n|-crit|p2a: Dipplin\n|-damage|p2a: Dipplin|195/284 par\n|\n|upkeep\n|turn|51\n|\n|t:|1782782193\n|move|p1a: Lanturn|Volt Switch|p2a: Dipplin\n|-resisted|p2a: Dipplin\n|-damage|p2a: Dipplin|183/284 par\n|\n|t:|1782782199\n|switch|p1a: Cinderace|Cinderace, L77, M|250/250|[from] Volt Switch\n|cant|p2a: Dipplin|par\n|\n|upkeep\n|turn|52\n|\n|t:|1782782205\n|move|p1a: Cinderace|U-turn|p2a: Dipplin\n|-start|p1a: Cinderace|typechange|Bug|[from] ability: Libero\n|-supereffective|p2a: Dipplin\n|-damage|p2a: Dipplin|103/284 par\n|\n|t:|1782782209\n|switch|p1a: Lanturn|Lanturn, L89, F|160/367|[from] U-turn\n|move|p2a: Dipplin|Recover|p2a: Dipplin\n|-heal|p2a: Dipplin|245/284 par\n|\n|upkeep\n|turn|53\n|\n|t:|1782782212\n|move|p1a: Lanturn|Volt Switch|p2a: Dipplin\n|-resisted|p2a: Dipplin\n|-damage|p2a: Dipplin|233/284 par\n|\n|t:|1782782214\n|switch|p1a: Cinderace|Cinderace, L77, M|250/250|[from] Volt Switch\n|move|p2a: Dipplin|Dragon Tail|p1a: Cinderace\n|-damage|p1a: Cinderace|181/250\n|drag|p1a: Lanturn|Lanturn, L89, F|160/367\n|\n|upkeep\n|turn|54\n|\n|t:|1782782219\n|move|p1a: Lanturn|Volt Switch|p2a: Dipplin\n|-resisted|p2a: Dipplin\n|-damage|p2a: Dipplin|222/284 par\n|\n|t:|1782782222\n|switch|p1a: Cinderace|Cinderace, L77, M|181/250|[from] Volt Switch\n|move|p2a: Dipplin|Dragon Tail|p1a: Cinderace\n|-damage|p1a: Cinderace|109/250\n|drag|p1a: Volcarona|Volcarona, L77, F|170/257\n|\n|upkeep\n|turn|55\n|\n|t:|1782782232\n|switch|p2a: Sylveon|Sylveon, L85, F|251/300\n|move|p1a: Volcarona|Bug Buzz|p2a: Sylveon\n|-resisted|p2a: Sylveon\n|-damage|p2a: Sylveon|212/300\n|\n|-heal|p2a: Sylveon|230/300|[from] item: Leftovers\n|upkeep\n|turn|56\n|\n|t:|1782782238\n|switch|p1a: Lanturn|Lanturn, L89, F|160/367\n|move|p2a: Sylveon|Wish|p2a: Sylveon\n|\n|-heal|p2a: Sylveon|248/300|[from] item: Leftovers\n|upkeep\n|turn|57\n|\n|t:|1782782246\n|switch|p2a: Dipplin|Dipplin, L88, M|222/284 par\n|move|p1a: Lanturn|Thunder Wave|p2a: Dipplin\n|-fail|p2a: Dipplin|par\n|\n|-heal|p2a: Dipplin|284/284 par|[from] move: Wish|[wisher] Sylveon\n|upkeep\n|turn|58\n|\n|t:|1782782255\n|move|p1a: Lanturn|Volt Switch|p2a: Dipplin\n|-resisted|p2a: Dipplin\n|-damage|p2a: Dipplin|274/284 par\n|\n|t:|1782782256\n|switch|p1a: Cinderace|Cinderace, L77, M|109/250|[from] Volt Switch\n|cant|p2a: Dipplin|par\n|\n|upkeep\n|turn|59\n|\n|t:|1782782259\n|move|p1a: Cinderace|U-turn|p2a: Dipplin\n|-start|p1a: Cinderace|typechange|Bug|[from] ability: Libero\n|-supereffective|p2a: Dipplin\n|-damage|p2a: Dipplin|200/284 par\n|\n|t:|1782782265\n|switch|p1a: Lanturn|Lanturn, L89, F|160/367|[from] U-turn\n|move|p2a: Dipplin|Dragon Tail|p1a: Lanturn\n|-damage|p1a: Lanturn|78/367\n|drag|p1a: Golduck|Golduck, L90, M|290/290\n|-ability|p1a: Golduck|Cloud Nine\n|\n|upkeep\n|turn|60\n|\n|t:|1782782270\n|switch|p2a: Sylveon|Sylveon, L85, F|248/300\n|move|p1a: Golduck|Flip Turn|p2a: Sylveon\n|-damage|p2a: Sylveon|172/300\n|\n|t:|1782782277\n|switch|p1a: Breloom|Breloom, L83, F|143/235|[from] Flip Turn\n|\n|-heal|p2a: Sylveon|190/300|[from] item: Leftovers\n|upkeep\n|turn|61\n|\n|t:|1782782284\n|switch|p2a: Ribombee|Ribombee, L83, M|235/235\n|move|p1a: Breloom|Bullet Seed|p2a: Ribombee\n|-resisted|p2a: Ribombee\n|-damage|p2a: Ribombee|196/235\n|-resisted|p2a: Ribombee\n|-damage|p2a: Ribombee|152/235\n|-resisted|p2a: Ribombee\n|-damage|p2a: Ribombee|113/235\n|-hitcount|p2a: Ribombee|3\n|-damage|p1a: Breloom|120/235|[from] item: Life Orb\n|\n|upkeep\n|turn|62\n|\n|t:|1782782293\n|move|p2a: Ribombee|Quiver Dance|p2a: Ribombee\n|-boost|p2a: Ribombee|spa|1\n|-boost|p2a: Ribombee|spd|1\n|-boost|p2a: Ribombee|spe|1\n|move|p1a: Breloom|Spore|p2a: Ribombee\n|-status|p2a: Ribombee|slp|[from] move: Spore\n|\n|upkeep\n|turn|63\n|\n|t:|1782782298\n|cant|p2a: Ribombee|slp\n|move|p1a: Breloom|Swords Dance|p1a: Breloom\n|-boost|p1a: Breloom|atk|2\n|\n|upkeep\n|turn|64\n|\n|t:|1782782301\n|move|p1a: Breloom|Mach Punch|p2a: Ribombee\n|-resisted|p2a: Ribombee\n|-damage|p2a: Ribombee|45/235 slp\n|-damage|p1a: Breloom|97/235|[from] item: Life Orb\n|-curestatus|p2a: Ribombee|slp|[msg]\n|move|p2a: Ribombee|Moonblast|p1a: Breloom\n|-supereffective|p1a: Breloom\n|-damage|p1a: Breloom|0 fnt\n|faint|p1a: Breloom\n|\n|upkeep\n|\n|t:|1782782310\n|switch|p1a: Golduck|Golduck, L90, M|290/290\n|-ability|p1a: Golduck|Cloud Nine\n|turn|65\n|\n|t:|1782782315\n|move|p2a: Ribombee|Moonblast|p1a: Golduck\n|-damage|p1a: Golduck|143/290\n|move|p1a: Golduck|Flip Turn|p2a: Ribombee\n|-crit|p2a: Ribombee\n|-damage|p2a: Ribombee|0 fnt\n|faint|p2a: Ribombee\n|\n|t:|1782782319\n|switch|p1a: Lanturn|Lanturn, L89, F|78/367|[from] Flip Turn\n|\n|upkeep\n|\n|t:|1782782327\n|switch|p2a: Dipplin|Dipplin, L88, M|200/284 par\n|turn|66\n|\n|t:|1782782338\n|move|p1a: Lanturn|Scald|p2a: Dipplin\n|-resisted|p2a: Dipplin\n|-damage|p2a: Dipplin|187/284 par\n|move|p2a: Dipplin|Dragon Pulse|p1a: Lanturn\n|-damage|p1a: Lanturn|0 fnt\n|faint|p1a: Lanturn\n|\n|upkeep\n|\n|t:|1782782340\n|switch|p1a: Cinderace|Cinderace, L77, M|109/250\n|turn|67\n|\n|t:|1782782345\n|move|p1a: Cinderace|Pyro Ball|p2a: Dipplin\n|-damage|p2a: Dipplin|120/284 par\n|move|p2a: Dipplin|Recover|p2a: Dipplin\n|-heal|p2a: Dipplin|262/284 par\n|\n|upkeep\n|turn|68\n|\n|t:|1782782353\n|move|p1a: Cinderace|Pyro Ball|p2a: Dipplin\n|-damage|p2a: Dipplin|196/284 par\n|move|p2a: Dipplin|Dragon Pulse|p1a: Cinderace\n|-damage|p1a: Cinderace|0 fnt\n|faint|p1a: Cinderace\n|\n|upkeep\n|\n|t:|1782782356\n|switch|p1a: Golduck|Golduck, L90, M|143/290\n|-ability|p1a: Golduck|Cloud Nine\n|turn|69\n|\n|t:|1782782361\n|move|p1a: Golduck|Ice Beam|p2a: Dipplin\n|-supereffective|p2a: Dipplin\n|-crit|p2a: Dipplin\n|-damage|p2a: Dipplin|0 fnt\n|faint|p2a: Dipplin\n|\n|upkeep\n|\n|t:|1782782366\n|switch|p2a: Skeledirge|Skeledirge, L79, M|85/294\n|turn|70\n|\n|t:|1782782369\n|move|p1a: Golduck|Ice Beam|p2a: Skeledirge\n|-resisted|p2a: Skeledirge\n|-damage|p2a: Skeledirge|17/294\n|move|p2a: Skeledirge|Slack Off|p2a: Skeledirge\n|-heal|p2a: Skeledirge|164/294\n|\n|upkeep\n|turn|71\n|\n|t:|1782782372\n|switch|p1a: Volcarona|Volcarona, L77, F|170/257\n|move|p2a: Skeledirge|Slack Off|p2a: Skeledirge\n|-heal|p2a: Skeledirge|294/294\n|\n|upkeep\n|turn|72\n|\n|t:|1782782374\n|switch|p1a: Golduck|Golduck, L90, M|143/290\n|-ability|p1a: Golduck|Cloud Nine\n|move|p2a: Skeledirge|Torch Song|p1a: Golduck\n|-resisted|p1a: Golduck\n|-damage|p1a: Golduck|104/290\n|-boost|p2a: Skeledirge|spa|1\n|\n|upkeep\n|turn|73\n|\n|t:|1782782383\n|-terastallize|p2a: Skeledirge|Fairy\n|move|p1a: Golduck|Flip Turn|p2a: Skeledirge\n|-damage|p2a: Skeledirge|233/294\n|\n|t:|1782782387\n|switch|p1a: Volcarona|Volcarona, L77, F|170/257|[from] Flip Turn\n|move|p2a: Skeledirge|Flame Charge|p1a: Volcarona\n|-damage|p1a: Volcarona|121/257\n|-boost|p2a: Skeledirge|spe|1\n|\n|upkeep\n|turn|74\n|\n|t:|1782782392\n|move|p2a: Skeledirge|Torch Song|p1a: Volcarona\n|-damage|p1a: Volcarona|12/257\n|-boost|p2a: Skeledirge|spa|1\n|move|p1a: Volcarona|Fiery Dance|p2a: Skeledirge\n|-damage|p2a: Skeledirge|118/294\n|-boost|p1a: Volcarona|spa|1\n|\n|upkeep\n|turn|75\n|\n|t:|1782782395\n|move|p2a: Skeledirge|Flame Charge|p1a: Volcarona\n|-damage|p1a: Volcarona|0 fnt\n|-boost|p2a: Skeledirge|spe|1\n|faint|p1a: Volcarona\n|\n|upkeep\n|\n|t:|1782782397\n|switch|p1a: Golduck|Golduck, L90, M|104/290\n|-ability|p1a: Golduck|Cloud Nine\n|turn|76\n|\n|t:|1782782399\n|-terastallize|p1a: Golduck|Water\n|move|p2a: Skeledirge|Shadow Ball|p1a: Golduck\n|-damage|p1a: Golduck|0 fnt\n|faint|p1a: Golduck\n|\n|win|aceguy123\n", "inputlog": ">version f8ac14003a5f27e1bdc8d8c59608a773c1cb96e5\n>start {\"formatid\":\"gen9randombattle\",\"seed\":\"sodium,f4c94771886a4337dbcef8ac32c1814d\",\"rated\":\"Rated battle\"}\n>player p1 {\"name\":\"sanfrancanfran\",\"avatar\":\"1\",\"rating\":2049,\"seed\":\"sodium,b3997a4624985667c314e10c42a14327\"}\n>player p2 {\"name\":\"aceguy123\",\"avatar\":\"firebreather\",\"rating\":2051,\"seed\":\"sodium,a30c93335eb62056593ecc1fc257842c\"}\n>p1 move spore\n>p2 switch 4\n>p1 switch 6\n>p2 move dragontail\n>p1 move energyball\n>p2 move dragontail\n>p1 move bugbuzz\n>p2 move dragontail\n>p1 move uturn\n>p2 switch 6\n>p1 switch 2\n>p1 move thunderwave\n>p2 switch 6\n>p1 move thunderwave\n>p2 move gigadrain\n>p1 switch 2\n>p2 move recover\n>p1 move pyroball\n>p2 move dragontail\n>p1 move uturn\n>p2 move dragontail\n>p1 switch 4\n>p1 move bugbuzz\n>p2 switch 6\n>p1 switch 2\n>p2 move torchsong\n>p1 move voltswitch\n>p2 switch 6\n>p1 switch 2\n>p1 move bugbuzz\n>p2 switch 6\n>p1 switch 2\n>p2 move shadowball\n>p1 move scald\n>p2 switch 6\n>p1 move voltswitch\n>p2 move recover\n>p1 switch 6\n>p1 move machpunch\n>p2 move dragontail\n>p1 move voltswitch\n>p2 move recover\n>p1 switch 3\n>p1 move energyball\n>p2 move dragontail\n>p1 move uturn\n>p2 move dragontail\n>p1 switch 4\n>p1 move hydropump\n>p2 switch 5\n>p1 switch 3\n>p2 move wish\n>p1 move voltswitch\n>p2 move protect\n>p1 move thunderwave\n>p2 switch 5\n>p1 move voltswitch\n>p2 move dragontail\n>p1 switch 5\n>p1 move synthesis\n>p2 move dragontail\n>p1 move icebeam\n>p2 switch 5\n>p1 switch 3\n>p2 move wish\n>p1 move leechseed\n>p2 switch 5\n>p1 move energyball\n>p2 move dragontail\n>p1 move energyball\n>p2 move dragonpulse\n>p1 move energyball\n>p2 move dragontail\n>p1 move energyball\n>p2 move dragontail\n>p1 move knockoff\n>p2 move dragontail\n>p1 move knockoff\n>p2 move recover\n>p1 move knockoff\n>p2 move dragontail\n>p1 move uturn\n>p2 move dragontail\n>p1 switch 4\n>p1 switch 6\n>p2 move recover\n>p1 move knockoff\n>p2 move dragonpulse\n>p1 move synthesis\n>p2 move dragonpulse\n>p1 move knockoff\n>p2 move dragonpulse\n>p1 move knockoff\n>p2 move dragonpulse\n>p1 move knockoff\n>p2 move recover\n>p1 move energyball\n>p2 move dragonpulse\n>p1 move knockoff\n>p2 move dragontail\n>p1 switch 2\n>p2 switch 6\n>p1 move knockoff\n>p2 move torchsong\n>p1 move leechseed\n>p2 move torchsong\n>p1 switch 5\n>p1 move scald\n>p2 switch 6\n>p1 move voltswitch\n>p2 move dragontail\n>p1 switch 4\n>p1 move uturn\n>p2 move recover\n>p1 switch 4\n>p1 move voltswitch\n>p2 move dragontail\n>p1 switch 4\n>p1 move voltswitch\n>p2 move dragontail\n>p1 switch 4\n>p1 move bugbuzz\n>p2 switch 5\n>p1 switch 4\n>p2 move wish\n>p1 move thunderwave\n>p2 switch 5\n>p1 move voltswitch\n>p2 move dragontail\n>p1 switch 2\n>p1 move uturn\n>p2 move dragontail\n>p1 switch 2\n>p1 move flipturn\n>p2 switch 5\n>p1 switch 6\n>p1 move bulletseed\n>p2 switch 3\n>p1 move spore\n>p2 move quiverdance\n>p1 move swordsdance\n>p2 move moonblast\n>p1 move machpunch\n>p2 move moonblast\n>p1 switch 6\n>p1 move flipturn\n>p2 move moonblast\n>p1 switch 3\n>p2 switch 5\n>p1 move scald\n>p2 move dragonpulse\n>p1 switch 2\n>p1 move pyroball\n>p2 move recover\n>p1 move pyroball\n>p2 move dragonpulse\n>p1 switch 3\n>p1 move icebeam\n>p2 move gigadrain\n>p2 switch 6\n>p1 move icebeam\n>p2 move slackoff\n>p1 switch 4\n>p2 move slackoff\n>p1 switch 4\n>p2 move torchsong\n>p1 move flipturn\n>p2 move flamecharge terastallize\n>p1 switch 4\n>p1 move fierydance\n>p2 move torchsong\n>p1 move fierydance\n>p2 move flamecharge\n>p1 switch 4\n>p1 move hydropump terastallize\n>p2 move shadowball", "uploadtime": 1782781777, "views": 4, "formatid": "gen9randombattle", "rating": null, "private": 0, "password": null, "player_dets": [{"name": "sanfrancanfran", "avatar": "1", "rating": 2049, "seed": "sodium,b3997a4624985667c314e10c42a14327"}, {"name": "aceguy123", "avatar": "firebreather", "rating": 2051, "seed": "sodium,a30c93335eb62056593ecc1fc257842c"}], "teams_full": [{"Breloom": {"name": "Breloom", "species": "Breloom", "speciesId": "breloom", "gender": "F", "shiny": false, "level": 83, "moves": ["swordsdance", "bulletseed", "machpunch", "spore"], "ability": "Technician", "evs": {"hp": 85, "atk": 85, "def": 85, "spa": 85, "spd": 85, "spe": 85}, "ivs": {"hp": 31, "atk": 31, "def": 31, "spa": 31, "spd": 31, "spe": 31}, "item": "Life Orb", "teraType": "Fighting", "role": "Fast Attacker", "bvs": {"hp": 60, "atk": 130, "def": 80, "spa": 60, "spd": 60, "spe": 70}, "stats": {"hp": 235, "atk": 263, "def": 180, "spa": 147, "spd": 147, "spe": 164}, "types": ["Grass", "Fighting"]}, "Meganium": {"name": "Meganium", "species": "Meganium", "speciesId": "meganium", "gender": "F", "shiny": false, "level": 90, "moves": ["leechseed", "energyball", "knockoff", "synthesis"], "ability": "Overgrow", "evs": {"hp": 85, "atk": 85, "def": 85, "spa": 85, "spd": 85, "spe": 85}, "ivs": {"hp": 31, "atk": 31, "def": 31, "spa": 31, "spd": 31, "spe": 31}, "item": "Leftovers", "teraType": "Poison", "role": "Bulky Attacker", "bvs": {"hp": 80, "atk": 82, "def": 100, "spa": 83, "spd": 100, "spe": 80}, "stats": {"hp": 290, "atk": 199, "def": 231, "spa": 201, "spd": 231, "spe": 195}, "types": ["Grass"]}, "Cinderace": {"name": "Cinderace", "species": "Cinderace", "speciesId": "cinderace", "gender": "M", "shiny": false, "level": 77, "moves": ["willowisp", "courtchange", "pyroball", "uturn"], "ability": "Libero", "evs": {"hp": 85, "atk": 85, "def": 85, "spa": 85, "spd": 85, "spe": 85}, "ivs": {"hp": 31, "atk": 31, "def": 31, "spa": 31, "spd": 31, "spe": 31}, "item": "Heavy-Duty Boots", "teraType": "Grass", "role": "Fast Support", "bvs": {"hp": 80, "atk": 116, "def": 75, "spa": 65, "spd": 75, "spe": 119}, "stats": {"hp": 250, "atk": 223, "def": 160, "spa": 145, "spd": 160, "spe": 228}, "types": ["Fire"]}, "Volcarona": {"name": "Volcarona", "species": "Volcarona", "speciesId": "volcarona", "gender": "F", "shiny": false, "level": 77, "moves": ["terablast", "bugbuzz", "fierydance", "quiverdance"], "ability": "Swarm", "evs": {"hp": 85, "atk": 0, "def": 85, "spa": 85, "spd": 85, "spe": 85}, "ivs": {"hp": 31, "atk": 0, "def": 31, "spa": 31, "spd": 31, "spe": 31}, "item": "Heavy-Duty Boots", "teraType": "Ground", "role": "Tera Blast user", "bvs": {"hp": 85, "atk": 60, "def": 65, "spa": 135, "spd": 105, "spe": 100}, "stats": {"hp": 257, "atk": 97, "def": 145, "spa": 252, "spd": 206, "spe": 199}, "types": ["Bug", "Fire"]}, "Golduck": {"name": "Golduck", "species": "Golduck", "speciesId": "golduck", "gender": "M", "shiny": false, "level": 90, "moves": ["hydropump", "grassknot", "icebeam", "flipturn"], "ability": "Cloud Nine", "evs": {"hp": 85, "atk": 85, "def": 85, "spa": 85, "spd": 85, "spe": 85}, "ivs": {"hp": 31, "atk": 31, "def": 31, "spa": 31, "spd": 31, "spe": 31}, "item": "Choice Specs", "teraType": "Water", "role": "Fast Attacker", "bvs": {"hp": 80, "atk": 82, "def": 78, "spa": 95, "spd": 80, "spe": 85}, "stats": {"hp": 290, "atk": 199, "def": 192, "spa": 222, "spd": 195, "spe": 204}, "types": ["Water"]}, "Lanturn": {"name": "Lanturn", "species": "Lanturn", "speciesId": "lanturn", "gender": "F", "shiny": false, "level": 89, "moves": ["scald", "voltswitch", "thunderbolt", "thunderwave"], "ability": "Volt Absorb", "evs": {"hp": 85, "atk": 0, "def": 85, "spa": 85, "spd": 85, "spe": 85}, "ivs": {"hp": 31, "atk": 0, "def": 31, "spa": 31, "spd": 31, "spe": 31}, "item": "Heavy-Duty Boots", "teraType": "Flying", "role": "Fast Support", "bvs": {"hp": 125, "atk": 58, "def": 58, "spa": 76, "spd": 76, "spe": 67}, "stats": {"hp": 367, "atk": 108, "def": 154, "spa": 186, "spd": 186, "spe": 170}, "types": ["Water", "Electric"]}}, {"Polteageist": {"name": "Polteageist", "species": "Polteageist-Antique", "speciesId": "polteageist", "gender": "N", "shiny": false, "level": 78, "moves": ["shadowball", "shellsmash", "storedpower", "strengthsap"], "ability": "Cursed Body", "evs": {"hp": 85, "atk": 0, "def": 85, "spa": 85, "spd": 85, "spe": 85}, "ivs": {"hp": 31, "atk": 0, "def": 31, "spa": 31, "spd": 31, "spe": 31}, "item": "White Herb", "teraType": "Psychic", "role": "Setup Sweeper", "bvs": {"hp": 60, "atk": 65, "def": 65, "spa": 134, "spd": 114, "spe": 70}, "stats": {"hp": 222, "atk": 106, "def": 146, "spa": 254, "spd": 223, "spe": 154}, "types": ["Ghost"]}, "Staraptor": {"name": "Staraptor", "species": "Staraptor", "speciesId": "staraptor", "gender": "F", "shiny": false, "level": 79, "moves": ["quickattack", "closecombat", "doubleedge", "bravebird"], "ability": "Reckless", "evs": {"hp": 81, "atk": 85, "def": 85, "spa": 85, "spd": 85, "spe": 85}, "ivs": {"hp": 31, "atk": 31, "def": 31, "spa": 31, "spd": 31, "spe": 31}, "item": "Choice Band", "teraType": "Flying", "role": "Fast Attacker", "bvs": {"hp": 85, "atk": 120, "def": 70, "spa": 50, "spd": 60, "spe": 100}, "stats": {"hp": 263, "atk": 235, "def": 156, "spa": 125, "spd": 140, "spe": 204}, "types": ["Normal", "Flying"]}, "Ribombee": {"name": "Ribombee", "species": "Ribombee", "speciesId": "ribombee", "gender": "M", "shiny": false, "level": 83, "moves": ["quiverdance", "bugbuzz", "terablast", "moonblast"], "ability": "Shield Dust", "evs": {"hp": 85, "atk": 0, "def": 85, "spa": 85, "spd": 85, "spe": 85}, "ivs": {"hp": 31, "atk": 0, "def": 31, "spa": 31, "spd": 31, "spe": 31}, "item": "Heavy-Duty Boots", "teraType": "Ground", "role": "Tera Blast user", "bvs": {"hp": 60, "atk": 55, "def": 60, "spa": 95, "spd": 70, "spe": 124}, "stats": {"hp": 235, "atk": 96, "def": 147, "spa": 205, "spd": 164, "spe": 254}, "types": ["Bug", "Fairy"]}, "Dipplin": {"name": "Dipplin", "species": "Dipplin", "speciesId": "dipplin", "gender": "M", "shiny": false, "level": 88, "moves": ["dragontail", "gigadrain", "recover", "dragonpulse"], "ability": "Sticky Hold", "evs": {"hp": 85, "atk": 85, "def": 85, "spa": 85, "spd": 85, "spe": 85}, "ivs": {"hp": 31, "atk": 31, "def": 31, "spa": 31, "spd": 31, "spe": 31}, "item": "Eviolite", "teraType": "Steel", "role": "Bulky Attacker", "bvs": {"hp": 80, "atk": 80, "def": 110, "spa": 95, "spd": 80, "spe": 40}, "stats": {"hp": 284, "atk": 191, "def": 244, "spa": 217, "spd": 191, "spe": 121}, "types": ["Grass", "Dragon"]}, "Sylveon": {"name": "Sylveon", "species": "Sylveon", "speciesId": "sylveon", "gender": "F", "shiny": false, "level": 85, "moves": ["hypervoice", "protect", "calmmind", "wish"], "ability": "Pixilate", "evs": {"hp": 85, "atk": 0, "def": 85, "spa": 85, "spd": 85, "spe": 85}, "ivs": {"hp": 31, "atk": 0, "def": 31, "spa": 31, "spd": 31, "spe": 31}, "item": "Leftovers", "teraType": "Steel", "role": "Bulky Setup", "bvs": {"hp": 95, "atk": 65, "def": 65, "spa": 110, "spd": 130, "spe": 60}, "stats": {"hp": 300, "atk": 115, "def": 159, "spa": 236, "spd": 270, "spe": 151}, "types": ["Fairy"]}, "Skeledirge": {"name": "Skeledirge", "species": "Skeledirge", "speciesId": "skeledirge", "gender": "M", "shiny": false, "level": 79, "moves": ["flamecharge", "torchsong", "slackoff", "shadowball"], "ability": "Unaware", "evs": {"hp": 85, "atk": 85, "def": 85, "spa": 85, "spd": 85, "spe": 85}, "ivs": {"hp": 31, "atk": 31, "def": 31, "spa": 31, "spd": 31, "spe": 31}, "item": "Heavy-Duty Boots", "teraType": "Fairy", "role": "Bulky Attacker", "bvs": {"hp": 104, "atk": 75, "def": 100, "spa": 110, "spd": 75, "spe": 66}, "stats": {"hp": 294, "atk": 164, "def": 204, "spa": 219, "spd": 164, "spe": 150}, "types": ["Fire", "Ghost"]}}]}