{"id": "gen9randombattle-2641468469", "format": "[Gen 9] Random Battle", "players": ["NizeTradez214", "ye nah ye nah"], "log": "|j|\u2606NizeTradez214\n|j|\u2606ye nah ye nah\n|t:|1782789516\n|gametype|singles\n|player|p1|NizeTradez214|170|\n|player|p2|ye nah ye nah|1|\n|gen|9\n|tier|[Gen 9] Random Battle\n|rule|Species Clause: Limit one of each Pok\u00e9mon\n|rule|HP Percentage Mod: HP is shown in percentages\n|rule|Sleep Clause Mod: Limit one foe put to sleep\n|rule|Illusion Level Mod: Illusion disguises the Pok\u00e9mon's true level\n|\n|t:|1782789516\n|teamsize|p1|6\n|teamsize|p2|6\n|start\n|switch|p1a: Conkeldurr|Conkeldurr, L80, F|299/299\n|switch|p2a: Garchomp|Garchomp, L74, M|282/282\n|turn|1\n|inactive|Battle timer is ON: inactive players will automatically lose when time's up. (requested by ye nah ye nah)\n|\n|t:|1782789535\n|move|p2a: Garchomp|Swords Dance|p2a: Garchomp\n|-boost|p2a: Garchomp|atk|2\n|move|p1a: Conkeldurr|Knock Off|p2a: Garchomp\n|-damage|p2a: Garchomp|196/282\n|-damage|p1a: Conkeldurr|262/299|[from] ability: Rough Skin|[of] p2a: Garchomp\n|-enditem|p2a: Garchomp|Loaded Dice|[from] move: Knock Off|[of] p1a: Conkeldurr\n|\n|-status|p1a: Conkeldurr|brn|[from] item: Flame Orb\n|upkeep\n|turn|2\n|\n|t:|1782789552\n|move|p2a: Garchomp|Scale Shot|p1a: Conkeldurr\n|-damage|p1a: Conkeldurr|207/299 brn\n|-damage|p1a: Conkeldurr|158/299 brn\n|-damage|p1a: Conkeldurr|110/299 brn\n|-damage|p1a: Conkeldurr|56/299 brn\n|-hitcount|p1a: Conkeldurr|4\n|-unboost|p2a: Garchomp|def|1\n|-boost|p2a: Garchomp|spe|1\n|move|p1a: Conkeldurr|Close Combat|p2a: Garchomp\n|-damage|p2a: Garchomp|0 fnt\n|-unboost|p1a: Conkeldurr|def|1\n|-unboost|p1a: Conkeldurr|spd|1\n|-damage|p1a: Conkeldurr|19/299 brn|[from] ability: Rough Skin|[of] p2a: Garchomp\n|faint|p2a: Garchomp\n|\n|-damage|p1a: Conkeldurr|1/299 brn|[from] brn\n|upkeep\n|inactive|ye nah ye nah has 270 seconds left.\n|\n|t:|1782789583\n|switch|p2a: Flareon|Flareon, L90, M|263/263\n|turn|3\n|\n|t:|1782789590\n|move|p1a: Conkeldurr|Mach Punch|p2a: Flareon\n|-damage|p2a: Flareon|161/263\n|move|p2a: Flareon|Trailblaze|p1a: Conkeldurr\n|-damage|p1a: Conkeldurr|0 fnt\n|-boost|p2a: Flareon|spe|1\n|faint|p1a: Conkeldurr\n|\n|-status|p2a: Flareon|tox|[from] item: Toxic Orb\n|upkeep\n|\n|t:|1782789618\n|switch|p1a: Dewgong|Dewgong, L94, F|322/322\n|turn|4\n|\n|t:|1782789628\n|move|p2a: Flareon|Flare Blitz|p1a: Dewgong\n|-damage|p1a: Dewgong|180/322\n|-damage|p2a: Flareon|114/263 tox|[from] Recoil\n|move|p1a: Dewgong|Surf|p2a: Flareon\n|-supereffective|p2a: Flareon\n|-damage|p2a: Flareon|0 fnt\n|faint|p2a: Flareon\n|\n|upkeep\n|\n|t:|1782789632\n|switch|p2a: Quagsire|Quagsire, L84, F|297/297\n|turn|5\n|\n|t:|1782789644\n|move|p1a: Dewgong|Knock Off|p2a: Quagsire\n|-damage|p2a: Quagsire|228/297\n|-enditem|p2a: Quagsire|Leftovers|[from] move: Knock Off|[of] p1a: Dewgong\n|move|p2a: Quagsire|Toxic|p1a: Dewgong\n|-status|p1a: Dewgong|tox\n|\n|-damage|p1a: Dewgong|160/322 tox|[from] psn\n|upkeep\n|turn|6\n|\n|t:|1782789651\n|move|p1a: Dewgong|Encore|p2a: Quagsire\n|-start|p2a: Quagsire|Encore\n|move|p2a: Quagsire|Toxic|p1a: Dewgong\n|-fail|p1a: Dewgong|tox\n|\n|-damage|p1a: Dewgong|120/322 tox|[from] psn\n|upkeep\n|turn|7\n|\n|t:|1782789655\n|move|p1a: Dewgong|Triple Axel|p2a: Quagsire\n|-damage|p2a: Quagsire|203/297\n|-damage|p2a: Quagsire|163/297\n|-damage|p2a: Quagsire|103/297\n|-hitcount|p2a: Quagsire|3\n|move|p2a: Quagsire|Toxic|p1a: Dewgong\n|-fail|p1a: Dewgong|tox\n|\n|-damage|p1a: Dewgong|60/322 tox|[from] psn\n|upkeep\n|turn|8\n|\n|t:|1782789663\n|switch|p2a: Alomomola|Alomomola, L87, M|429/429\n|move|p1a: Dewgong|Triple Axel|p2a: Alomomola\n|-resisted|p2a: Alomomola\n|-crit|p2a: Alomomola\n|-damage|p2a: Alomomola|411/429\n|-resisted|p2a: Alomomola\n|-damage|p2a: Alomomola|390/429\n|-resisted|p2a: Alomomola\n|-damage|p2a: Alomomola|360/429\n|-hitcount|p2a: Alomomola|3\n|\n|-damage|p1a: Dewgong|0 fnt|[from] psn\n|faint|p1a: Dewgong\n|upkeep\n|\n|t:|1782789681\n|switch|p1a: Latias|Latias, L79, F|256/256\n|turn|9\n|\n|t:|1782789689\n|move|p1a: Latias|Calm Mind|p1a: Latias\n|-boost|p1a: Latias|spa|1\n|-boost|p1a: Latias|spd|1\n|move|p2a: Alomomola|Wish|p2a: Alomomola\n|\n|upkeep\n|turn|10\n|\n|t:|1782789695\n|move|p1a: Latias|Psyshock|p2a: Alomomola\n|-crit|p2a: Alomomola\n|-damage|p2a: Alomomola|125/429\n|move|p2a: Alomomola|Flip Turn|p1a: Latias\n|-resisted|p1a: Latias\n|-damage|p1a: Latias|229/256\n|\n|t:|1782789701\n|switch|p2a: Quagsire|Quagsire, L84, F|103/297|[from] Flip Turn\n|\n|-heal|p2a: Quagsire|297/297|[from] move: Wish|[wisher] Alomomola\n|upkeep\n|turn|11\n|\n|t:|1782789706\n|move|p1a: Latias|Draco Meteor|p2a: Quagsire\n|-damage|p2a: Quagsire|101/297\n|-unboost|p1a: Latias|spa|2\n|move|p2a: Quagsire|Toxic|p1a: Latias|[miss]\n|-miss|p2a: Quagsire|p1a: Latias\n|\n|upkeep\n|turn|12\n|\n|t:|1782789713\n|move|p1a: Latias|Psyshock|p2a: Quagsire\n|-damage|p2a: Quagsire|7/297\n|move|p2a: Quagsire|Recover|p2a: Quagsire\n|-heal|p2a: Quagsire|156/297\n|\n|upkeep\n|turn|13\n|\n|t:|1782789722\n|move|p1a: Latias|Calm Mind|p1a: Latias\n|-boost|p1a: Latias|spa|1\n|-boost|p1a: Latias|spd|1\n|move|p2a: Quagsire|Recover|p2a: Quagsire\n|-heal|p2a: Quagsire|297/297\n|\n|upkeep\n|turn|14\n|\n|t:|1782789731\n|-terastallize|p1a: Latias|Steel\n|move|p1a: Latias|Calm Mind|p1a: Latias\n|-boost|p1a: Latias|spa|1\n|-boost|p1a: Latias|spd|1\n|move|p2a: Quagsire|Toxic|p1a: Latias\n|-immune|p1a: Latias\n|\n|upkeep\n|turn|15\n|\n|t:|1782789743\n|move|p1a: Latias|Calm Mind|p1a: Latias\n|-boost|p1a: Latias|spa|1\n|-boost|p1a: Latias|spd|1\n|move|p2a: Quagsire|Spikes|p1a: Latias\n|-sidestart|p1: NizeTradez214|Spikes\n|\n|upkeep\n|turn|16\n|\n|t:|1782789752\n|move|p1a: Latias|Draco Meteor|p2a: Quagsire\n|-damage|p2a: Quagsire|104/297\n|-unboost|p1a: Latias|spa|2\n|move|p2a: Quagsire|Spikes|p1a: Latias\n|-sidestart|p1: NizeTradez214|Spikes\n|\n|upkeep\n|turn|17\n|\n|t:|1782789759\n|move|p1a: Latias|Draco Meteor|p2a: Quagsire\n|-damage|p2a: Quagsire|0 fnt\n|-unboost|p1a: Latias|spa|2\n|faint|p2a: Quagsire\n|\n|upkeep\n|\n|t:|1782789762\n|switch|p2a: Kommo-o|Kommo-o, L78, M|245/245\n|turn|18\n|\n|t:|1782789771\n|-terastallize|p2a: Kommo-o|Steel\n|move|p1a: Latias|Psyshock|p2a: Kommo-o\n|-resisted|p2a: Kommo-o\n|-damage|p2a: Kommo-o|227/245\n|move|p2a: Kommo-o|Close Combat|p1a: Latias\n|-supereffective|p1a: Latias\n|-damage|p1a: Latias|0 fnt\n|-unboost|p2a: Kommo-o|def|1\n|-unboost|p2a: Kommo-o|spd|1\n|faint|p1a: Latias\n|\n|upkeep\n|\n|t:|1782789779\n|switch|p1a: Mudsdale|Mudsdale, L83, F|302/302\n|-damage|p1a: Mudsdale|252/302|[from] Spikes\n|turn|19\n|\n|t:|1782789788\n|switch|p2a: Alomomola|Alomomola, L87, M|268/429\n|move|p1a: Mudsdale|Roar|p2a: Alomomola\n|drag|p2a: Tyranitar|Tyranitar, L78, M|284/284\n|-weather|Sandstorm|[from] ability: Sand Stream|[of] p2a: Tyranitar\n|\n|-weather|Sandstorm|[upkeep]\n|-heal|p1a: Mudsdale|270/302|[from] item: Leftovers\n|upkeep\n|turn|20\n|\n|t:|1782789801\n|move|p2a: Tyranitar|Knock Off|p1a: Mudsdale\n|-damage|p1a: Mudsdale|164/302\n|-ability|p1a: Mudsdale|Stamina|boost\n|-boost|p1a: Mudsdale|def|1\n|-enditem|p1a: Mudsdale|Leftovers|[from] move: Knock Off|[of] p2a: Tyranitar\n|move|p1a: Mudsdale|Earthquake|p2a: Tyranitar\n|-supereffective|p2a: Tyranitar\n|-damage|p2a: Tyranitar|62/284\n|\n|-weather|Sandstorm|[upkeep]\n|-heal|p2a: Tyranitar|79/284|[from] item: Leftovers\n|upkeep\n|turn|21\n|\n|t:|1782789811\n|switch|p2a: Alomomola|Alomomola, L87, M|411/429\n|move|p1a: Mudsdale|Earthquake|p2a: Alomomola\n|-damage|p2a: Alomomola|290/429\n|\n|-weather|Sandstorm|[upkeep]\n|-damage|p2a: Alomomola|264/429|[from] Sandstorm\n|upkeep\n|turn|22\n|\n|t:|1782789822\n|switch|p1a: Dondozo|Dondozo, L78, M|362/362\n|-damage|p1a: Dondozo|302/362|[from] Spikes\n|move|p2a: Alomomola|Wish|p2a: Alomomola\n|\n|-weather|Sandstorm|[upkeep]\n|-damage|p2a: Alomomola|238/429|[from] Sandstorm\n|-damage|p1a: Dondozo|280/362|[from] Sandstorm\n|-heal|p1a: Dondozo|302/362|[from] item: Leftovers\n|upkeep\n|turn|23\n|\n|t:|1782789838\n|move|p2a: Alomomola|Scald|p1a: Dondozo\n|-resisted|p1a: Dondozo\n|-damage|p1a: Dondozo|272/362\n|-status|p1a: Dondozo|brn\n|move|p1a: Dondozo|Rest|p1a: Dondozo\n|-status|p1a: Dondozo|slp|[from] move: Rest\n|-heal|p1a: Dondozo|362/362 slp|[silent]\n|\n|-weather|none\n|-heal|p2a: Alomomola|429/429|[from] move: Wish|[wisher] Alomomola\n|upkeep\n|turn|24\n|\n|t:|1782789849\n|move|p2a: Alomomola|Flip Turn|p1a: Dondozo\n|-resisted|p1a: Dondozo\n|-damage|p1a: Dondozo|336/362 slp\n|\n|t:|1782789851\n|switch|p2a: Kommo-o|Kommo-o, L78, M, tera:Steel|227/245|[from] Flip Turn\n|cant|p1a: Dondozo|slp\n|move|p1a: Dondozo|Sleep Talk|p1a: Dondozo\n|move|p1a: Dondozo|Rest||[from] move: Sleep Talk|[still]\n|-fail|p1a: Dondozo\n|\n|-heal|p1a: Dondozo|358/362 slp|[from] item: Leftovers\n|upkeep\n|turn|25\n|\n|t:|1782789863\n|move|p2a: Kommo-o|Swords Dance|p2a: Kommo-o\n|-boost|p2a: Kommo-o|atk|2\n|cant|p1a: Dondozo|slp\n|move|p1a: Dondozo|Sleep Talk|p1a: Dondozo\n|move|p1a: Dondozo|Wave Crash|p2a: Kommo-o|[from] move: Sleep Talk\n|-damage|p2a: Kommo-o|133/245\n|-damage|p1a: Dondozo|327/362 slp|[from] Recoil\n|\n|-heal|p1a: Dondozo|349/362 slp|[from] item: Leftovers\n|upkeep\n|turn|26\n|\n|t:|1782789875\n|move|p2a: Kommo-o|Swords Dance|p2a: Kommo-o\n|-boost|p2a: Kommo-o|atk|2\n|-curestatus|p1a: Dondozo|slp|[msg]\n|move|p1a: Dondozo|Wave Crash|p2a: Kommo-o\n|-damage|p2a: Kommo-o|40/245\n|-damage|p1a: Dondozo|318/362|[from] Recoil\n|\n|-heal|p1a: Dondozo|340/362|[from] item: Leftovers\n|upkeep\n|turn|27\n|\n|t:|1782789888\n|move|p2a: Kommo-o|Close Combat|p1a: Dondozo\n|-damage|p1a: Dondozo|237/362\n|-unboost|p2a: Kommo-o|def|1\n|-unboost|p2a: Kommo-o|spd|1\n|move|p1a: Dondozo|Rest|p1a: Dondozo\n|-status|p1a: Dondozo|slp|[from] move: Rest\n|-heal|p1a: Dondozo|362/362 slp|[silent]\n|\n|upkeep\n|turn|28\n|\n|t:|1782789897\n|move|p2a: Kommo-o|Scale Shot|p1a: Dondozo\n|-damage|p1a: Dondozo|340/362 slp\n|-damage|p1a: Dondozo|319/362 slp\n|-damage|p1a: Dondozo|297/362 slp\n|-damage|p1a: Dondozo|275/362 slp\n|-hitcount|p1a: Dondozo|4\n|-unboost|p2a: Kommo-o|def|1\n|-boost|p2a: Kommo-o|spe|1\n|cant|p1a: Dondozo|slp\n|move|p1a: Dondozo|Sleep Talk|p1a: Dondozo\n|move|p1a: Dondozo|Rest||[from] move: Sleep Talk|[still]\n|-fail|p1a: Dondozo\n|\n|-heal|p1a: Dondozo|297/362 slp|[from] item: Leftovers\n|upkeep\n|turn|29\n|\n|t:|1782789914\n|move|p2a: Kommo-o|Scale Shot|p1a: Dondozo\n|-damage|p1a: Dondozo|276/362 slp\n|-damage|p1a: Dondozo|251/362 slp\n|-damage|p1a: Dondozo|229/362 slp\n|-damage|p1a: Dondozo|205/362 slp\n|-hitcount|p1a: Dondozo|4\n|-unboost|p2a: Kommo-o|def|1\n|-boost|p2a: Kommo-o|spe|1\n|cant|p1a: Dondozo|slp\n|move|p1a: Dondozo|Sleep Talk|p1a: Dondozo\n|move|p1a: Dondozo|Curse|p1a: Dondozo|[from] move: Sleep Talk\n|-unboost|p1a: Dondozo|spe|1\n|-boost|p1a: Dondozo|atk|1\n|-boost|p1a: Dondozo|def|1\n|\n|-heal|p1a: Dondozo|227/362 slp|[from] item: Leftovers\n|upkeep\n|turn|30\n|\n|t:|1782789930\n|switch|p2a: Tyranitar|Tyranitar, L78, M|79/284\n|-weather|Sandstorm|[from] ability: Sand Stream|[of] p2a: Tyranitar\n|-curestatus|p1a: Dondozo|slp|[msg]\n|move|p1a: Dondozo|Wave Crash|p2a: Tyranitar\n|-supereffective|p2a: Tyranitar\n|-damage|p2a: Tyranitar|0 fnt\n|faint|p2a: Tyranitar\n|-damage|p1a: Dondozo|201/362|[from] Recoil\n|\n|-weather|Sandstorm|[upkeep]\n|-damage|p1a: Dondozo|179/362|[from] Sandstorm\n|-heal|p1a: Dondozo|201/362|[from] item: Leftovers\n|upkeep\n|\n|t:|1782789932\n|switch|p2a: Alomomola|Alomomola, L87, M|429/429\n|turn|31\n|\n|t:|1782789941\n|move|p2a: Alomomola|Wish|p2a: Alomomola\n|move|p1a: Dondozo|Wave Crash|p2a: Alomomola\n|-resisted|p2a: Alomomola\n|-damage|p2a: Alomomola|336/429\n|-damage|p1a: Dondozo|170/362|[from] Recoil\n|\n|-weather|Sandstorm|[upkeep]\n|-damage|p2a: Alomomola|310/429|[from] Sandstorm\n|-damage|p1a: Dondozo|148/362|[from] Sandstorm\n|-heal|p1a: Dondozo|170/362|[from] item: Leftovers\n|upkeep\n|turn|32\n|\n|t:|1782789949\n|move|p2a: Alomomola|Scald|p1a: Dondozo\n|-resisted|p1a: Dondozo\n|-damage|p1a: Dondozo|137/362\n|move|p1a: Dondozo|Curse|p1a: Dondozo\n|-unboost|p1a: Dondozo|spe|1\n|-boost|p1a: Dondozo|atk|1\n|-boost|p1a: Dondozo|def|1\n|\n|-weather|Sandstorm|[upkeep]\n|-damage|p2a: Alomomola|284/429|[from] Sandstorm\n|-damage|p1a: Dondozo|115/362|[from] Sandstorm\n|-heal|p2a: Alomomola|429/429|[from] move: Wish|[wisher] Alomomola\n|-heal|p1a: Dondozo|137/362|[from] item: Leftovers\n|upkeep\n|turn|33\n|\n|t:|1782789954\n|move|p2a: Alomomola|Scald|p1a: Dondozo\n|-resisted|p1a: Dondozo\n|-damage|p1a: Dondozo|105/362\n|-status|p1a: Dondozo|brn\n|move|p1a: Dondozo|Rest|p1a: Dondozo\n|-status|p1a: Dondozo|slp|[from] move: Rest\n|-heal|p1a: Dondozo|362/362 slp|[silent]\n|\n|-weather|Sandstorm|[upkeep]\n|-damage|p2a: Alomomola|403/429|[from] Sandstorm\n|-damage|p1a: Dondozo|340/362 slp|[from] Sandstorm\n|-heal|p1a: Dondozo|362/362 slp|[from] item: Leftovers\n|upkeep\n|turn|34\n|\n|t:|1782789966\n|move|p2a: Alomomola|Wish|p2a: Alomomola\n|cant|p1a: Dondozo|slp\n|move|p1a: Dondozo|Sleep Talk|p1a: Dondozo\n|move|p1a: Dondozo|Rest||[from] move: Sleep Talk|[still]\n|-fail|p1a: Dondozo\n|\n|-weather|none\n|upkeep\n|turn|35\n|\n|t:|1782789974\n|move|p2a: Alomomola|Flip Turn|p1a: Dondozo\n|-resisted|p1a: Dondozo\n|-damage|p1a: Dondozo|349/362 slp\n|\n|t:|1782789976\n|switch|p2a: Kommo-o|Kommo-o, L78, M, tera:Steel|40/245|[from] Flip Turn\n|cant|p1a: Dondozo|slp\n|move|p1a: Dondozo|Sleep Talk|p1a: Dondozo\n|move|p1a: Dondozo|Rest||[from] move: Sleep Talk|[still]\n|-fail|p1a: Dondozo\n|\n|-heal|p2a: Kommo-o|245/245|[from] move: Wish|[wisher] Alomomola\n|-heal|p1a: Dondozo|362/362 slp|[from] item: Leftovers\n|upkeep\n|turn|36\n|\n|t:|1782789982\n|move|p2a: Kommo-o|Swords Dance|p2a: Kommo-o\n|-boost|p2a: Kommo-o|atk|2\n|-curestatus|p1a: Dondozo|slp|[msg]\n|move|p1a: Dondozo|Curse|p1a: Dondozo\n|-unboost|p1a: Dondozo|spe|1\n|-boost|p1a: Dondozo|atk|1\n|-boost|p1a: Dondozo|def|1\n|\n|upkeep\n|turn|37\n|\n|t:|1782789994\n|move|p2a: Kommo-o|Swords Dance|p2a: Kommo-o\n|-boost|p2a: Kommo-o|atk|2\n|move|p1a: Dondozo|Curse|p1a: Dondozo\n|-unboost|p1a: Dondozo|spe|1\n|-boost|p1a: Dondozo|atk|1\n|-boost|p1a: Dondozo|def|1\n|\n|upkeep\n|turn|38\n|\n|t:|1782790000\n|move|p2a: Kommo-o|Swords Dance|p2a: Kommo-o\n|-boost|p2a: Kommo-o|atk|2\n|move|p1a: Dondozo|Wave Crash|p2a: Kommo-o\n|-damage|p2a: Kommo-o|0 fnt\n|faint|p2a: Kommo-o\n|-damage|p1a: Dondozo|281/362|[from] Recoil\n|\n|-heal|p1a: Dondozo|303/362|[from] item: Leftovers\n|upkeep\n|\n|t:|1782790005\n|switch|p2a: Alomomola|Alomomola, L87, M|429/429\n|turn|39\n|\n|t:|1782790016\n|move|p2a: Alomomola|Scald|p1a: Dondozo\n|-resisted|p1a: Dondozo\n|-damage|p1a: Dondozo|269/362\n|move|p1a: Dondozo|Wave Crash|p2a: Alomomola\n|-resisted|p2a: Alomomola\n|-damage|p2a: Alomomola|264/429\n|-damage|p1a: Dondozo|215/362|[from] Recoil\n|\n|-heal|p1a: Dondozo|237/362|[from] item: Leftovers\n|upkeep\n|turn|40\n|\n|t:|1782790031\n|move|p2a: Alomomola|Protect|p2a: Alomomola\n|-singleturn|p2a: Alomomola|Protect\n|move|p1a: Dondozo|Curse|p1a: Dondozo\n|-unboost|p1a: Dondozo|spe|1\n|-boost|p1a: Dondozo|atk|1\n|-boost|p1a: Dondozo|def|1\n|\n|-heal|p1a: Dondozo|259/362|[from] item: Leftovers\n|upkeep\n|turn|41\n|\n|t:|1782790041\n|move|p2a: Alomomola|Wish|p2a: Alomomola\n|move|p1a: Dondozo|Rest|p1a: Dondozo\n|-status|p1a: Dondozo|slp|[from] move: Rest\n|-heal|p1a: Dondozo|362/362 slp|[silent]\n|\n|upkeep\n|turn|42\n|\n|t:|1782790047\n|move|p2a: Alomomola|Flip Turn|p1a: Dondozo\n|-resisted|p1a: Dondozo\n|-damage|p1a: Dondozo|356/362 slp\n|cant|p1a: Dondozo|slp\n|move|p1a: Dondozo|Sleep Talk|p1a: Dondozo\n|move|p1a: Dondozo|Rest||[from] move: Sleep Talk|[still]\n|-fail|p1a: Dondozo\n|\n|-heal|p2a: Alomomola|429/429|[from] move: Wish|[wisher] Alomomola\n|-heal|p1a: Dondozo|362/362 slp|[from] item: Leftovers\n|upkeep\n|turn|43\n|\n|t:|1782790059\n|move|p2a: Alomomola|Wish|p2a: Alomomola\n|cant|p1a: Dondozo|slp\n|move|p1a: Dondozo|Sleep Talk|p1a: Dondozo\n|move|p1a: Dondozo|Curse|p1a: Dondozo|[from] move: Sleep Talk\n|-unboost|p1a: Dondozo|spe|1\n|-boost|p1a: Dondozo|atk|1\n|-boost|p1a: Dondozo|def|1\n|\n|upkeep\n|turn|44\n|\n|t:|1782790064\n|move|p2a: Alomomola|Scald|p1a: Dondozo\n|-resisted|p1a: Dondozo\n|-damage|p1a: Dondozo|331/362 slp\n|-curestatus|p1a: Dondozo|slp|[msg]\n|move|p1a: Dondozo|Wave Crash|p2a: Alomomola\n|-resisted|p2a: Alomomola\n|-damage|p2a: Alomomola|207/429\n|-damage|p1a: Dondozo|258/362|[from] Recoil\n|\n|-heal|p2a: Alomomola|421/429|[from] move: Wish|[wisher] Alomomola\n|-heal|p1a: Dondozo|280/362|[from] item: Leftovers\n|upkeep\n|turn|45\n|\n|t:|1782790072\n|move|p2a: Alomomola|Scald|p1a: Dondozo\n|-resisted|p1a: Dondozo\n|-damage|p1a: Dondozo|245/362\n|move|p1a: Dondozo|Wave Crash|p2a: Alomomola\n|-resisted|p2a: Alomomola\n|-crit|p2a: Alomomola\n|-damage|p2a: Alomomola|87/429\n|-damage|p1a: Dondozo|135/362|[from] Recoil\n|\n|-heal|p1a: Dondozo|157/362|[from] item: Leftovers\n|upkeep\n|turn|46\n|\n|t:|1782790080\n|move|p2a: Alomomola|Protect|p2a: Alomomola\n|-singleturn|p2a: Alomomola|Protect\n|move|p1a: Dondozo|Wave Crash|p2a: Alomomola\n|-activate|p2a: Alomomola|move: Protect\n|\n|-heal|p1a: Dondozo|179/362|[from] item: Leftovers\n|upkeep\n|turn|47\n|\n|t:|1782790085\n|move|p2a: Alomomola|Wish|p2a: Alomomola\n|move|p1a: Dondozo|Wave Crash|p2a: Alomomola\n|-resisted|p2a: Alomomola\n|-crit|p2a: Alomomola\n|-damage|p2a: Alomomola|0 fnt\n|faint|p2a: Alomomola\n|-damage|p1a: Dondozo|150/362|[from] Recoil\n|\n|win|NizeTradez214\n", "inputlog": ">version f8ac14003a5f27e1bdc8d8c59608a773c1cb96e5\n>start {\"formatid\":\"gen9randombattle\",\"seed\":\"sodium,3e21ca8bf0aee7d389c792afc5095c56\"}\n>player p1 {\"name\":\"NizeTradez214\",\"avatar\":\"170\",\"rating\":0,\"seed\":\"sodium,67bd66f9802a507e704acfc4791db7ea\"}\n>player p2 {\"name\":\"ye nah ye nah\",\"avatar\":\"1\",\"rating\":0,\"seed\":\"sodium,c98041a87fc5e5aceea4e738fc82306d\"}\n>p1 move knockoff\n>p2 move swordsdance\n>p1 move closecombat\n>p2 move scaleshot\n>p2 switch 6\n>p1 move machpunch\n>p2 move trailblaze\n>p1 switch 4\n>p1 move surf\n>p2 move flareblitz\n>p2 switch 4\n>p1 move knockoff\n>p2 move toxic\n>p1 move encore\n>p2 move spikes\n>p1 move tripleaxel\n>p2 move toxic\n>p1 move tripleaxel\n>p2 switch 3\n>p1 switch 6\n>p1 move calmmind\n>p2 move wish\n>p1 move psyshock\n>p2 move flipturn\n>p2 switch 3\n>p1 move dracometeor\n>p2 move toxic\n>p1 move psyshock\n>p2 move recover\n>p1 move calmmind\n>p2 move recover\n>p1 move calmmind terastallize\n>p2 move toxic\n>p1 move calmmind\n>p2 move spikes\n>p1 move dracometeor\n>p2 move spikes\n>p1 move dracometeor\n>p2 move recover\n>p2 switch 5\n>p1 move psyshock\n>p2 move closecombat terastallize\n>p1 switch 5\n>p1 move roar\n>p2 switch 3\n>p1 move earthquake\n>p2 move knockoff\n>p1 move earthquake\n>p2 switch 2\n>p1 switch 2\n>p2 move wish\n>p1 move rest\n>p2 move scald\n>p1 move sleeptalk\n>p2 move flipturn\n>p2 switch 3\n>p1 move sleeptalk\n>p2 move swordsdance\n>p1 move wavecrash\n>p2 move swordsdance\n>p1 move rest\n>p2 move closecombat\n>p1 move sleeptalk\n>p2 move scaleshot\n>p1 move sleeptalk\n>p2 move scaleshot\n>p1 move wavecrash\n>p2 switch 2\n>p2 switch 3\n>p1 move wavecrash\n>p2 move wish\n>p1 move curse\n>p2 move scald\n>p1 move rest\n>p2 move scald\n>p1 move sleeptalk\n>p2 move wish\n>p1 move sleeptalk\n>p2 move flipturn\n>p2 switch 2\n>p1 move curse\n>p2 move swordsdance\n>p1 move curse\n>p2 move swordsdance\n>p1 move wavecrash\n>p2 move swordsdance\n>p2 switch 2\n>p1 move wavecrash\n>p2 move scald\n>p1 move curse\n>p2 move protect\n>p1 move rest\n>p2 move wish\n>p1 move sleeptalk\n>p2 move flipturn\n>p1 move sleeptalk\n>p2 move wish\n>p1 move wavecrash\n>p2 move scald\n>p1 move wavecrash\n>p2 move scald\n>p1 move wavecrash\n>p2 move protect\n>p1 move wavecrash\n>p2 move wish", "uploadtime": 1782790091, "views": 4, "formatid": "gen9randombattle", "rating": null, "private": 0, "password": null, "player_dets": [{"name": "NizeTradez214", "avatar": "170", "rating": 0, "seed": "sodium,67bd66f9802a507e704acfc4791db7ea"}, {"name": "ye nah ye nah", "avatar": "1", "rating": 0, "seed": "sodium,c98041a87fc5e5aceea4e738fc82306d"}], "teams_full": [{"Conkeldurr": {"name": "Conkeldurr", "species": "Conkeldurr", "speciesId": "conkeldurr", "gender": "F", "shiny": false, "level": 80, "moves": ["machpunch", "facade", "closecombat", "knockoff"], "ability": "Guts", "evs": {"hp": 85, "atk": 85, "def": 85, "spa": 85, "spd": 85, "spe": 85}, "ivs": {"hp": 31, "atk": 31, "def": 31, "spa": 31, "spd": 31, "spe": 31}, "item": "Flame Orb", "teraType": "Normal", "role": "Wallbreaker", "bvs": {"hp": 105, "atk": 140, "def": 95, "spa": 55, "spd": 65, "spe": 45}, "stats": {"hp": 299, "atk": 270, "def": 198, "spa": 134, "spd": 150, "spe": 118}, "types": ["Fighting"]}, "Dondozo": {"name": "Dondozo", "species": "Dondozo", "speciesId": "dondozo", "gender": "M", "shiny": false, "level": 78, "moves": ["rest", "sleeptalk", "wavecrash", "curse"], "ability": "Unaware", "evs": {"hp": 85, "atk": 85, "def": 85, "spa": 85, "spd": 85, "spe": 85}, "ivs": {"hp": 31, "atk": 31, "def": 31, "spa": 31, "spd": 31, "spe": 31}, "item": "Leftovers", "teraType": "Fairy", "role": "Bulky Setup", "bvs": {"hp": 150, "atk": 100, "def": 115, "spa": 65, "spd": 65, "spe": 35}, "stats": {"hp": 362, "atk": 201, "def": 224, "spa": 146, "spd": 146, "spe": 100}, "types": ["Water"]}, "Persian": {"name": "Persian", "species": "Persian-Alola", "speciesId": "persianalola", "gender": "M", "shiny": false, "level": 86, "moves": ["thunderbolt", "nastyplot", "terablast", "darkpulse"], "ability": "Fur Coat", "evs": {"hp": 85, "atk": 0, "def": 85, "spa": 85, "spd": 85, "spe": 85}, "ivs": {"hp": 31, "atk": 0, "def": 31, "spa": 31, "spd": 31, "spe": 31}, "item": "Life Orb", "teraType": "Poison", "role": "Tera Blast user", "bvs": {"hp": 65, "atk": 60, "def": 60, "spa": 75, "spd": 65, "spe": 115}, "stats": {"hp": 252, "atk": 108, "def": 152, "spa": 178, "spd": 161, "spe": 247}, "types": ["Dark"]}, "Dewgong": {"name": "Dewgong", "species": "Dewgong", "speciesId": "dewgong", "gender": "F", "shiny": false, "level": 94, "moves": ["knockoff", "tripleaxel", "encore", "surf"], "ability": "Thick Fat", "evs": {"hp": 85, "atk": 85, "def": 85, "spa": 85, "spd": 85, "spe": 85}, "ivs": {"hp": 31, "atk": 31, "def": 31, "spa": 31, "spd": 31, "spe": 31}, "item": "Heavy-Duty Boots", "teraType": "Ground", "role": "Bulky Attacker", "bvs": {"hp": 90, "atk": 70, "def": 80, "spa": 70, "spd": 95, "spe": 70}, "stats": {"hp": 322, "atk": 185, "def": 204, "spa": 185, "spd": 232, "spe": 185}, "types": ["Water", "Ice"]}, "Mudsdale": {"name": "Mudsdale", "species": "Mudsdale", "speciesId": "mudsdale", "gender": "F", "shiny": false, "level": 83, "moves": ["earthquake", "heavyslam", "roar", "stoneedge"], "ability": "Stamina", "evs": {"hp": 85, "atk": 85, "def": 85, "spa": 85, "spd": 85, "spe": 85}, "ivs": {"hp": 31, "atk": 31, "def": 31, "spa": 31, "spd": 31, "spe": 31}, "item": "Leftovers", "teraType": "Steel", "role": "Bulky Attacker", "bvs": {"hp": 100, "atk": 125, "def": 100, "spa": 55, "spd": 85, "spe": 35}, "stats": {"hp": 302, "atk": 255, "def": 214, "spa": 139, "spd": 189, "spe": 106}, "types": ["Ground"]}, "Latias": {"name": "Latias", "species": "Latias", "speciesId": "latias", "gender": "F", "shiny": false, "level": 79, "moves": ["recover", "calmmind", "dracometeor", "psyshock"], "ability": "Levitate", "evs": {"hp": 85, "atk": 0, "def": 85, "spa": 85, "spd": 85, "spe": 85}, "ivs": {"hp": 31, "atk": 0, "def": 31, "spa": 31, "spd": 31, "spe": 31}, "item": "Soul Dew", "teraType": "Steel", "role": "Fast Bulky Setup", "bvs": {"hp": 80, "atk": 80, "def": 90, "spa": 110, "spd": 130, "spe": 110}, "stats": {"hp": 256, "atk": 131, "def": 188, "spa": 219, "spd": 251, "spe": 219}, "types": ["Dragon", "Psychic"]}}, {"Garchomp": {"name": "Garchomp", "species": "Garchomp", "speciesId": "garchomp", "gender": "M", "shiny": false, "level": 74, "moves": ["ironhead", "earthquake", "swordsdance", "scaleshot"], "ability": "Rough Skin", "evs": {"hp": 85, "atk": 85, "def": 85, "spa": 85, "spd": 85, "spe": 85}, "ivs": {"hp": 31, "atk": 31, "def": 31, "spa": 31, "spd": 31, "spe": 31}, "item": "Loaded Dice", "teraType": "Steel", "role": "Setup Sweeper", "bvs": {"hp": 108, "atk": 130, "def": 95, "spa": 80, "spd": 85, "spe": 102}, "stats": {"hp": 282, "atk": 235, "def": 184, "spa": 161, "spd": 169, "spe": 194}, "types": ["Dragon", "Ground"]}, "Tyranitar": {"name": "Tyranitar", "species": "Tyranitar", "speciesId": "tyranitar", "gender": "M", "shiny": false, "level": 78, "moves": ["stealthrock", "thunderwave", "knockoff", "stoneedge"], "ability": "Sand Stream", "evs": {"hp": 85, "atk": 85, "def": 85, "spa": 85, "spd": 85, "spe": 85}, "ivs": {"hp": 31, "atk": 31, "def": 31, "spa": 31, "spd": 31, "spe": 31}, "item": "Leftovers", "teraType": "Rock", "role": "Bulky Support", "bvs": {"hp": 100, "atk": 134, "def": 110, "spa": 95, "spd": 100, "spe": 61}, "stats": {"hp": 284, "atk": 254, "def": 217, "spa": 193, "spd": 201, "spe": 140}, "types": ["Rock", "Dark"]}, "Alomomola": {"name": "Alomomola", "species": "Alomomola", "speciesId": "alomomola", "gender": "M", "shiny": false, "level": 87, "moves": ["protect", "scald", "flipturn", "wish"], "ability": "Regenerator", "evs": {"hp": 85, "atk": 85, "def": 85, "spa": 85, "spd": 85, "spe": 85}, "ivs": {"hp": 31, "atk": 31, "def": 31, "spa": 31, "spd": 31, "spe": 31}, "item": "Heavy-Duty Boots", "teraType": "Steel", "role": "Fast Support", "bvs": {"hp": 165, "atk": 75, "def": 80, "spa": 40, "spd": 45, "spe": 65}, "stats": {"hp": 429, "atk": 180, "def": 189, "spa": 119, "spd": 128, "spe": 163}, "types": ["Water"]}, "Quagsire": {"name": "Quagsire", "species": "Quagsire", "speciesId": "quagsire", "gender": "F", "shiny": false, "level": 84, "moves": ["recover", "spikes", "toxic", "earthquake"], "ability": "Unaware", "evs": {"hp": 85, "atk": 85, "def": 85, "spa": 85, "spd": 85, "spe": 85}, "ivs": {"hp": 31, "atk": 31, "def": 31, "spa": 31, "spd": 31, "spe": 31}, "item": "Leftovers", "teraType": "Poison", "role": "Bulky Support", "bvs": {"hp": 95, "atk": 85, "def": 85, "spa": 65, "spd": 65, "spe": 35}, "stats": {"hp": 297, "atk": 191, "def": 191, "spa": 157, "spd": 157, "spe": 107}, "types": ["Water", "Ground"]}, "Kommo-o": {"name": "Kommo-o", "species": "Kommo-o", "speciesId": "kommoo", "gender": "M", "shiny": false, "level": 78, "moves": ["swordsdance", "ironhead", "closecombat", "scaleshot"], "ability": "Soundproof", "evs": {"hp": 85, "atk": 85, "def": 85, "spa": 85, "spd": 85, "spe": 85}, "ivs": {"hp": 31, "atk": 31, "def": 31, "spa": 31, "spd": 31, "spe": 31}, "item": "Loaded Dice", "teraType": "Steel", "role": "Setup Sweeper", "bvs": {"hp": 75, "atk": 110, "def": 125, "spa": 100, "spd": 105, "spe": 85}, "stats": {"hp": 245, "atk": 217, "def": 240, "spa": 201, "spd": 209, "spe": 178}, "types": ["Dragon", "Fighting"]}, "Flareon": {"name": "Flareon", "species": "Flareon", "speciesId": "flareon", "gender": "M", "shiny": false, "level": 90, "moves": ["quickattack", "trailblaze", "facade", "flareblitz"], "ability": "Guts", "evs": {"hp": 85, "atk": 85, "def": 85, "spa": 85, "spd": 85, "spe": 85}, "ivs": {"hp": 31, "atk": 31, "def": 31, "spa": 31, "spd": 31, "spe": 31}, "item": "Toxic Orb", "teraType": "Normal", "role": "Setup Sweeper", "bvs": {"hp": 65, "atk": 130, "def": 60, "spa": 95, "spd": 110, "spe": 65}, "stats": {"hp": 263, "atk": 285, "def": 159, "spa": 222, "spd": 249, "spe": 168}, "types": ["Fire"]}}]}