{"id": "gen9randombattle-2641634562", "format": "[Gen 9] Random Battle", "players": ["testbotcif", "Unboundgtx"], "log": "|j|\u2606testbotcif\n|j|\u2606Unboundgtx\n|t:|1782822465\n|gametype|singles\n|player|p1|testbotcif|266|1257\n|player|p2|Unboundgtx|benga|1289\n|gen|9\n|tier|[Gen 9] Random Battle\n|rated|\n|rule|Species Clause: Limit one of each Pok\u00e9mon\n|rule|HP Percentage Mod: HP is shown in percentages\n|rule|Sleep Clause Mod: Limit one foe put to sleep\n|rule|Illusion Level Mod: Illusion disguises the Pok\u00e9mon's true level\n|\n|t:|1782822465\n|teamsize|p1|6\n|teamsize|p2|6\n|start\n|switch|p1a: Glaceon|Glaceon, L94, M|275/275\n|switch|p2a: Empoleon|Empoleon, L84, F|278/278\n|turn|1\n|inactive|Battle timer is ON: inactive players will automatically lose when time's up. (requested by testbotcif)\n|inactive|Unboundgtx also wants the timer to be on.\n|c|\u2606testbotcif|rlhf\n|\n|t:|1782822488\n|-terastallize|p1a: Glaceon|Water\n|move|p1a: Glaceon|Calm Mind|p1a: Glaceon\n|-boost|p1a: Glaceon|spa|1\n|-boost|p1a: Glaceon|spd|1\n|move|p2a: Empoleon|Stealth Rock|p1a: Glaceon\n|-sidestart|p1: testbotcif|move: Stealth Rock\n|\n|upkeep\n|turn|2\n|\n|t:|1782822493\n|move|p1a: Glaceon|Calm Mind|p1a: Glaceon\n|-boost|p1a: Glaceon|spa|1\n|-boost|p1a: Glaceon|spd|1\n|move|p2a: Empoleon|Knock Off|p1a: Glaceon\n|-crit|p1a: Glaceon\n|-damage|p1a: Glaceon|208/275\n|-enditem|p1a: Glaceon|Heavy-Duty Boots|[from] move: Knock Off|[of] p2a: Empoleon\n|\n|upkeep\n|turn|3\n|inactive|Unboundgtx has 120 seconds left.\n|\n|t:|1782822534\n|switch|p2a: Froslass|Froslass, L87, F|263/263\n|move|p1a: Glaceon|Freeze-Dry|p2a: Froslass\n|-resisted|p2a: Froslass\n|-crit|p2a: Froslass\n|-damage|p2a: Froslass|73/263\n|\n|upkeep\n|turn|4\n|\n|t:|1782822542\n|move|p2a: Froslass|Poltergeist||[still]\n|-fail|p2a: Froslass\n|move|p1a: Glaceon|Freeze-Dry|p2a: Froslass\n|-resisted|p2a: Froslass\n|-damage|p2a: Froslass|0 fnt\n|-start|p1a: Glaceon|Disable|Freeze-Dry|[from] ability: Cursed Body|[of] p2a: Froslass\n|faint|p2a: Froslass\n|\n|upkeep\n|\n|t:|1782822556\n|switch|p2a: Kingambit|Kingambit, L74, F|270/270\n|-activate|p2a: Kingambit|ability: Supreme Overlord\n|-start|p2a: Kingambit|fallen1|[silent]\n|turn|5\n|\n|t:|1782822563\n|move|p1a: Glaceon|Wish|p1a: Glaceon\n|move|p2a: Kingambit|Swords Dance|p2a: Kingambit\n|-boost|p2a: Kingambit|atk|2\n|\n|upkeep\n|turn|6\n|inactive|Unboundgtx has 120 seconds left.\n|\n|t:|1782822569\n|move|p1a: Glaceon|Protect|p1a: Glaceon\n|-singleturn|p1a: Glaceon|Protect\n|move|p2a: Kingambit|Kowtow Cleave|p1a: Glaceon\n|-activate|p1a: Glaceon|move: Protect\n|\n|-heal|p1a: Glaceon|275/275|[from] move: Wish|[wisher] Glaceon\n|upkeep\n|turn|7\n|\n|t:|1782822571\n|move|p1a: Glaceon|Wish|p1a: Glaceon\n|move|p2a: Kingambit|Kowtow Cleave|p1a: Glaceon\n|-damage|p1a: Glaceon|124/275\n|\n|-end|p1a: Glaceon|Disable\n|upkeep\n|turn|8\n|\n|t:|1782822574\n|move|p1a: Glaceon|Freeze-Dry|p2a: Kingambit\n|-resisted|p2a: Kingambit\n|-damage|p2a: Kingambit|140/270\n|move|p2a: Kingambit|Swords Dance|p2a: Kingambit\n|-boost|p2a: Kingambit|atk|2\n|\n|-heal|p1a: Glaceon|261/275|[from] move: Wish|[wisher] Glaceon\n|-heal|p2a: Kingambit|156/270|[from] item: Leftovers\n|upkeep\n|turn|9\n|\n|t:|1782822577\n|move|p1a: Glaceon|Freeze-Dry|p2a: Kingambit\n|-resisted|p2a: Kingambit\n|-damage|p2a: Kingambit|15/270\n|move|p2a: Kingambit|Kowtow Cleave|p1a: Glaceon\n|-damage|p1a: Glaceon|21/275\n|\n|-heal|p2a: Kingambit|31/270|[from] item: Leftovers\n|upkeep\n|turn|10\n|\n|t:|1782822580\n|move|p2a: Kingambit|Sucker Punch|p1a: Glaceon\n|-damage|p1a: Glaceon|0 fnt\n|faint|p1a: Glaceon\n|\n|-heal|p2a: Kingambit|47/270|[from] item: Leftovers\n|upkeep\n|\n|t:|1782822580\n|switch|p1a: Salazzle|Salazzle, L83, F|249/249\n|-damage|p1a: Salazzle|187/249|[from] Stealth Rock\n|turn|11\n|\n|t:|1782822584\n|move|p2a: Kingambit|Sucker Punch|p1a: Salazzle\n|-damage|p1a: Salazzle|0 fnt\n|faint|p1a: Salazzle\n|\n|-heal|p2a: Kingambit|63/270|[from] item: Leftovers\n|upkeep\n|\n|t:|1782822584\n|switch|p1a: Torkoal|Torkoal, L88, M|266/266\n|-weather|SunnyDay|[from] ability: Drought|[of] p1a: Torkoal\n|turn|12\n|\n|t:|1782822586\n|move|p2a: Kingambit|Sucker Punch|p1a: Torkoal\n|-damage|p1a: Torkoal|88/266\n|move|p1a: Torkoal|Lava Plume|p2a: Kingambit\n|-supereffective|p2a: Kingambit\n|-damage|p2a: Kingambit|0 fnt\n|faint|p2a: Kingambit\n|-end|p2a: Kingambit|fallen1|[silent]\n|\n|-weather|SunnyDay|[upkeep]\n|upkeep\n|\n|t:|1782822593\n|switch|p2a: Empoleon|Empoleon, L84, F|278/278\n|turn|13\n|\n|t:|1782822595\n|move|p2a: Empoleon|Surf|p1a: Torkoal\n|-supereffective|p1a: Torkoal\n|-damage|p1a: Torkoal|0 fnt\n|faint|p1a: Torkoal\n|\n|-weather|SunnyDay|[upkeep]\n|upkeep\n|\n|t:|1782822595\n|switch|p1a: Trevenant|Trevenant, L89, M|296/296\n|-damage|p1a: Trevenant|259/296|[from] Stealth Rock\n|turn|14\n|\n|t:|1782822605\n|move|p1a: Trevenant|Drain Punch|p2a: Empoleon\n|-supereffective|p2a: Empoleon\n|-damage|p2a: Empoleon|158/278\n|-heal|p1a: Trevenant|296/296|[from] drain|[of] p2a: Empoleon\n|move|p2a: Empoleon|Knock Off|p1a: Trevenant\n|-supereffective|p1a: Trevenant\n|-damage|p1a: Trevenant|168/296\n|-enditem|p1a: Trevenant|Sitrus Berry|[from] move: Knock Off|[of] p2a: Empoleon\n|\n|-weather|SunnyDay|[upkeep]\n|-heal|p2a: Empoleon|175/278|[from] item: Leftovers\n|upkeep\n|turn|15\n|\n|t:|1782822614\n|move|p1a: Trevenant|Drain Punch|p2a: Empoleon\n|-supereffective|p2a: Empoleon\n|-damage|p2a: Empoleon|45/278\n|-heal|p1a: Trevenant|233/296|[from] drain|[of] p2a: Empoleon\n|move|p2a: Empoleon|Roost|p2a: Empoleon\n|-heal|p2a: Empoleon|184/278\n|-singleturn|p2a: Empoleon|move: Roost\n|\n|-weather|SunnyDay|[upkeep]\n|-heal|p2a: Empoleon|201/278|[from] item: Leftovers\n|upkeep\n|turn|16\n|\n|t:|1782822616\n|move|p1a: Trevenant|Drain Punch|p2a: Empoleon\n|-supereffective|p2a: Empoleon\n|-damage|p2a: Empoleon|75/278\n|-heal|p1a: Trevenant|296/296|[from] drain|[of] p2a: Empoleon\n|move|p2a: Empoleon|Roost|p2a: Empoleon\n|-heal|p2a: Empoleon|214/278\n|-singleturn|p2a: Empoleon|move: Roost\n|\n|-weather|none\n|-heal|p2a: Empoleon|231/278|[from] item: Leftovers\n|upkeep\n|turn|17\n|\n|t:|1782822627\n|switch|p2a: Indeedee|Indeedee, L84, M|238/238\n|-fieldstart|move: Psychic Terrain|[from] ability: Psychic Surge|[of] p2a: Indeedee\n|move|p1a: Trevenant|Drain Punch|p2a: Indeedee\n|-damage|p2a: Indeedee|150/238\n|\n|upkeep\n|turn|18\n|\n|t:|1782822643\n|move|p2a: Indeedee|Expanding Force|p1a: Trevenant\n|-damage|p1a: Trevenant|49/296\n|move|p1a: Trevenant|Drain Punch|p2a: Indeedee\n|-damage|p2a: Indeedee|64/238\n|-heal|p1a: Trevenant|92/296|[from] drain|[of] p2a: Indeedee\n|\n|upkeep\n|turn|19\n|\n|t:|1782822648\n|move|p2a: Indeedee|Expanding Force|p1a: Trevenant\n|-damage|p1a: Trevenant|0 fnt\n|faint|p1a: Trevenant\n|\n|upkeep\n|\n|t:|1782822648\n|switch|p1a: Serperior|Serperior, L79, F|248/248\n|-damage|p1a: Serperior|217/248|[from] Stealth Rock\n|turn|20\n|\n|t:|1782822653\n|move|p1a: Serperior|Leaf Storm|p2a: Indeedee\n|-damage|p2a: Indeedee|0 fnt\n|-boost|p1a: Serperior|spa|2\n|faint|p2a: Indeedee\n|\n|-heal|p1a: Serperior|232/248|[from] item: Leftovers\n|upkeep\n|\n|t:|1782822661\n|switch|p2a: Groudon|Groudon, L72|263/263\n|-weather|SunnyDay|[from] ability: Drought|[of] p2a: Groudon\n|turn|21\n|\n|t:|1782822664\n|-terastallize|p2a: Groudon|Fire\n|move|p1a: Serperior|Leaf Storm|p2a: Groudon\n|-resisted|p2a: Groudon\n|-damage|p2a: Groudon|158/263\n|-boost|p1a: Serperior|spa|2\n|move|p2a: Groudon|Heat Crash|p1a: Serperior\n|-supereffective|p1a: Serperior\n|-damage|p1a: Serperior|0 fnt\n|faint|p1a: Serperior\n|\n|-weather|SunnyDay|[upkeep]\n|-heal|p2a: Groudon|174/263|[from] item: Leftovers\n|-fieldend|move: Psychic Terrain\n|upkeep\n|\n|t:|1782822665\n|switch|p1a: Eternatus|Eternatus, L69|308/308\n|-damage|p1a: Eternatus|270/308|[from] Stealth Rock\n|-ability|p1a: Eternatus|Pressure\n|turn|22\n|\n|t:|1782822686\n|move|p1a: Eternatus|Dynamax Cannon|p2a: Groudon\n|-crit|p2a: Groudon\n|-damage|p2a: Groudon|0 fnt\n|faint|p2a: Groudon\n|\n|-weather|SunnyDay|[upkeep]\n|-heal|p1a: Eternatus|289/308|[from] item: Leftovers\n|upkeep\n|\n|t:|1782822694\n|switch|p2a: Empoleon|Empoleon, L84, F|231/278\n|turn|23\n|\n|t:|1782822696\n|move|p1a: Eternatus|Dynamax Cannon|p2a: Empoleon\n|-resisted|p2a: Empoleon\n|-damage|p2a: Empoleon|186/278\n|move|p2a: Empoleon|Knock Off|p1a: Eternatus\n|-damage|p1a: Eternatus|214/308\n|-enditem|p1a: Eternatus|Leftovers|[from] move: Knock Off|[of] p2a: Empoleon\n|\n|-weather|SunnyDay|[upkeep]\n|-heal|p2a: Empoleon|203/278|[from] item: Leftovers\n|upkeep\n|turn|24\n|\n|t:|1782822699\n|move|p1a: Eternatus|Recover|p1a: Eternatus\n|-heal|p1a: Eternatus|308/308\n|move|p2a: Empoleon|Knock Off|p1a: Eternatus\n|-damage|p1a: Eternatus|260/308\n|\n|-weather|SunnyDay|[upkeep]\n|-heal|p2a: Empoleon|220/278|[from] item: Leftovers\n|upkeep\n|turn|25\n|\n|t:|1782822702\n|move|p1a: Eternatus|Dynamax Cannon|p2a: Empoleon\n|-resisted|p2a: Empoleon\n|-damage|p2a: Empoleon|174/278\n|move|p2a: Empoleon|Knock Off|p1a: Eternatus\n|-damage|p1a: Eternatus|213/308\n|\n|-weather|none\n|-heal|p2a: Empoleon|191/278|[from] item: Leftovers\n|upkeep\n|turn|26\n|\n|t:|1782822704\n|move|p1a: Eternatus|Recover|p1a: Eternatus\n|-heal|p1a: Eternatus|308/308\n|move|p2a: Empoleon|Knock Off|p1a: Eternatus\n|-damage|p1a: Eternatus|262/308\n|\n|-heal|p2a: Empoleon|208/278|[from] item: Leftovers\n|upkeep\n|turn|27\n|\n|t:|1782822707\n|move|p1a: Eternatus|Dynamax Cannon|p2a: Empoleon\n|-resisted|p2a: Empoleon\n|-damage|p2a: Empoleon|162/278\n|move|p2a: Empoleon|Knock Off|p1a: Eternatus\n|-damage|p1a: Eternatus|216/308\n|\n|-heal|p2a: Empoleon|179/278|[from] item: Leftovers\n|upkeep\n|turn|28\n|\n|t:|1782822709\n|move|p1a: Eternatus|Recover|p1a: Eternatus\n|-heal|p1a: Eternatus|308/308\n|move|p2a: Empoleon|Knock Off|p1a: Eternatus\n|-damage|p1a: Eternatus|262/308\n|\n|-heal|p2a: Empoleon|196/278|[from] item: Leftovers\n|upkeep\n|turn|29\n|\n|t:|1782822711\n|move|p1a: Eternatus|Dynamax Cannon|p2a: Empoleon\n|-resisted|p2a: Empoleon\n|-damage|p2a: Empoleon|154/278\n|move|p2a: Empoleon|Knock Off|p1a: Eternatus\n|-damage|p1a: Eternatus|216/308\n|\n|-heal|p2a: Empoleon|171/278|[from] item: Leftovers\n|upkeep\n|turn|30\n|\n|t:|1782822714\n|move|p1a: Eternatus|Recover|p1a: Eternatus\n|-heal|p1a: Eternatus|308/308\n|move|p2a: Empoleon|Knock Off|p1a: Eternatus\n|-damage|p1a: Eternatus|263/308\n|\n|-heal|p2a: Empoleon|188/278|[from] item: Leftovers\n|upkeep\n|turn|31\n|\n|t:|1782822715\n|move|p1a: Eternatus|Dynamax Cannon|p2a: Empoleon\n|-resisted|p2a: Empoleon\n|-damage|p2a: Empoleon|143/278\n|move|p2a: Empoleon|Knock Off|p1a: Eternatus\n|-damage|p1a: Eternatus|217/308\n|\n|-heal|p2a: Empoleon|160/278|[from] item: Leftovers\n|upkeep\n|turn|32\n|\n|t:|1782822718\n|move|p1a: Eternatus|Recover|p1a: Eternatus\n|-heal|p1a: Eternatus|308/308\n|move|p2a: Empoleon|Knock Off|p1a: Eternatus\n|-damage|p1a: Eternatus|260/308\n|\n|-heal|p2a: Empoleon|177/278|[from] item: Leftovers\n|upkeep\n|turn|33\n|\n|t:|1782822721\n|move|p1a: Eternatus|Dynamax Cannon|p2a: Empoleon\n|-resisted|p2a: Empoleon\n|-damage|p2a: Empoleon|135/278\n|move|p2a: Empoleon|Knock Off|p1a: Eternatus\n|-damage|p1a: Eternatus|213/308\n|\n|-heal|p2a: Empoleon|152/278|[from] item: Leftovers\n|upkeep\n|turn|34\n|\n|t:|1782822724\n|move|p1a: Eternatus|Recover|p1a: Eternatus\n|-heal|p1a: Eternatus|308/308\n|move|p2a: Empoleon|Knock Off|p1a: Eternatus\n|-damage|p1a: Eternatus|263/308\n|\n|-heal|p2a: Empoleon|169/278|[from] item: Leftovers\n|upkeep\n|turn|35\n|\n|t:|1782822726\n|move|p1a: Eternatus|Dynamax Cannon|p2a: Empoleon\n|-resisted|p2a: Empoleon\n|-damage|p2a: Empoleon|125/278\n|move|p2a: Empoleon|Knock Off|p1a: Eternatus\n|-damage|p1a: Eternatus|210/308\n|\n|-heal|p2a: Empoleon|142/278|[from] item: Leftovers\n|upkeep\n|turn|36\n|\n|t:|1782822729\n|move|p1a: Eternatus|Flamethrower|p2a: Empoleon\n|-damage|p2a: Empoleon|86/278\n|move|p2a: Empoleon|Roost|p2a: Empoleon\n|-heal|p2a: Empoleon|225/278\n|-singleturn|p2a: Empoleon|move: Roost\n|\n|-heal|p2a: Empoleon|242/278|[from] item: Leftovers\n|upkeep\n|turn|37\n|\n|t:|1782822731\n|move|p1a: Eternatus|Flamethrower|p2a: Empoleon\n|-damage|p2a: Empoleon|185/278\n|-status|p2a: Empoleon|brn\n|move|p2a: Empoleon|Knock Off|p1a: Eternatus\n|-damage|p1a: Eternatus|186/308\n|\n|-heal|p2a: Empoleon|202/278 brn|[from] item: Leftovers\n|-damage|p2a: Empoleon|185/278 brn|[from] brn\n|upkeep\n|turn|38\n|\n|t:|1782822733\n|move|p1a: Eternatus|Recover|p1a: Eternatus\n|-heal|p1a: Eternatus|308/308\n|move|p2a: Empoleon|Knock Off|p1a: Eternatus\n|-damage|p1a: Eternatus|284/308\n|\n|-heal|p2a: Empoleon|202/278 brn|[from] item: Leftovers\n|-damage|p2a: Empoleon|185/278 brn|[from] brn\n|upkeep\n|turn|39\n|\n|t:|1782822740\n|move|p1a: Eternatus|Flamethrower|p2a: Empoleon\n|-damage|p2a: Empoleon|131/278 brn\n|move|p2a: Empoleon|Surf|p1a: Eternatus\n|-resisted|p1a: Eternatus\n|-damage|p1a: Eternatus|224/308\n|\n|-heal|p2a: Empoleon|148/278 brn|[from] item: Leftovers\n|-damage|p2a: Empoleon|131/278 brn|[from] brn\n|upkeep\n|turn|40\n|\n|t:|1782822742\n|move|p1a: Eternatus|Flamethrower|p2a: Empoleon\n|-damage|p2a: Empoleon|74/278 brn\n|move|p2a: Empoleon|Roost|p2a: Empoleon\n|-heal|p2a: Empoleon|213/278 brn\n|-singleturn|p2a: Empoleon|move: Roost\n|\n|-heal|p2a: Empoleon|230/278 brn|[from] item: Leftovers\n|-damage|p2a: Empoleon|213/278 brn|[from] brn\n|upkeep\n|turn|41\n|\n|t:|1782822746\n|move|p1a: Eternatus|Flamethrower|p2a: Empoleon\n|-damage|p2a: Empoleon|159/278 brn\n|move|p2a: Empoleon|Surf|p1a: Eternatus\n|-resisted|p1a: Eternatus\n|-damage|p1a: Eternatus|160/308\n|\n|-heal|p2a: Empoleon|176/278 brn|[from] item: Leftovers\n|-damage|p2a: Empoleon|159/278 brn|[from] brn\n|upkeep\n|turn|42\n|\n|t:|1782822749\n|move|p1a: Eternatus|Recover|p1a: Eternatus\n|-heal|p1a: Eternatus|308/308\n|move|p2a: Empoleon|Surf|p1a: Eternatus\n|-resisted|p1a: Eternatus\n|-damage|p1a: Eternatus|250/308\n|\n|-heal|p2a: Empoleon|176/278 brn|[from] item: Leftovers\n|-damage|p2a: Empoleon|159/278 brn|[from] brn\n|upkeep\n|turn|43\n|\n|t:|1782822752\n|move|p1a: Eternatus|Flamethrower|p2a: Empoleon\n|-damage|p2a: Empoleon|108/278 brn\n|move|p2a: Empoleon|Surf|p1a: Eternatus\n|-resisted|p1a: Eternatus\n|-damage|p1a: Eternatus|187/308\n|\n|-heal|p2a: Empoleon|125/278 brn|[from] item: Leftovers\n|-damage|p2a: Empoleon|108/278 brn|[from] brn\n|upkeep\n|turn|44\n|\n|t:|1782822754\n|move|p1a: Eternatus|Flamethrower|p2a: Empoleon\n|-damage|p2a: Empoleon|55/278 brn\n|move|p2a: Empoleon|Surf|p1a: Eternatus\n|-resisted|p1a: Eternatus\n|-damage|p1a: Eternatus|125/308\n|\n|-heal|p2a: Empoleon|72/278 brn|[from] item: Leftovers\n|-damage|p2a: Empoleon|55/278 brn|[from] brn\n|upkeep\n|turn|45\n|\n|t:|1782822756\n|move|p1a: Eternatus|Flamethrower|p2a: Empoleon\n|-damage|p2a: Empoleon|0 fnt\n|faint|p2a: Empoleon\n|\n|upkeep\n|\n|t:|1782822758\n|switch|p2a: Dragalge|Dragalge, L88, F|258/258\n|turn|46\n|\n|t:|1782822765\n|move|p1a: Eternatus|Flamethrower|p2a: Dragalge\n|-resisted|p2a: Dragalge\n|-damage|p2a: Dragalge|243/258\n|move|p2a: Dragalge|Draco Meteor|p1a: Eternatus|[miss]\n|-miss|p2a: Dragalge|p1a: Eternatus\n|\n|upkeep\n|turn|47\n|\n|t:|1782822770\n|move|p1a: Eternatus|Flamethrower|p2a: Dragalge\n|-resisted|p2a: Dragalge\n|-damage|p2a: Dragalge|227/258\n|move|p2a: Dragalge|Draco Meteor|p1a: Eternatus\n|-supereffective|p1a: Eternatus\n|-damage|p1a: Eternatus|0 fnt\n|-unboost|p2a: Dragalge|spa|2\n|faint|p1a: Eternatus\n|\n|win|Unboundgtx\n|raw|testbotcif's rating: 1257 &rarr; <strong>1234</strong><br />(-23 for losing)\n|raw|Unboundgtx's rating: 1289 &rarr; <strong>1312</strong><br />(+23 for winning)\n", "inputlog": ">version f8ac14003a5f27e1bdc8d8c59608a773c1cb96e5\n>start {\"formatid\":\"gen9randombattle\",\"seed\":\"sodium,e69c575e9eb10142ff4ef0af8ad8d69b\",\"rated\":\"Rated battle\"}\n>player p1 {\"name\":\"testbotcif\",\"avatar\":\"266\",\"rating\":1257,\"seed\":\"sodium,5f6e249a5bc1ee7c42a31b63066aec3e\"}\n>player p2 {\"name\":\"Unboundgtx\",\"avatar\":\"benga\",\"rating\":1289,\"seed\":\"sodium,8db230f41a2477d7ae99247e9e2930d3\"}\n>chat \u2606testbotcif|rlhf\n>p1 move calmmind terastallize\n>p2 move stealthrock\n>p1 move calmmind\n>p2 move knockoff\n>p1 move freezedry\n>p2 switch 3\n>p1 move freezedry\n>p2 move poltergeist\n>p2 switch 2\n>p1 move wish\n>p2 move swordsdance\n>p1 move protect\n>p2 move kowtowcleave\n>p1 move wish\n>p2 move kowtowcleave\n>p1 move freezedry\n>p2 move swordsdance\n>p1 move freezedry\n>p2 move kowtowcleave\n>p1 move freezedry\n>p2 move suckerpunch\n>p1 switch 6\n>p1 move flamethrower\n>p2 move suckerpunch\n>p1 switch 2\n>p1 move lavaplume\n>p2 move suckerpunch\n>p2 switch 3\n>p1 move lavaplume\n>p2 move surf\n>p1 switch 5\n>p1 move drainpunch\n>p2 move knockoff\n>p1 move drainpunch\n>p2 move roost\n>p1 move drainpunch\n>p2 move roost\n>p1 move drainpunch\n>p2 switch 6\n>p1 move drainpunch\n>p2 move expandingforce\n>p1 move drainpunch\n>p2 move expandingforce\n>p1 switch 4\n>p1 move leafstorm\n>p2 move expandingforce\n>p2 switch 4\n>p1 move leafstorm\n>p2 move heatcrash terastallize\n>p1 switch 3\n>p1 move dynamaxcannon\n>p2 move precipiceblades\n>p2 switch 6\n>p1 move dynamaxcannon\n>p2 move knockoff\n>p1 move recover\n>p2 move knockoff\n>p1 move dynamaxcannon\n>p2 move knockoff\n>p1 move recover\n>p2 move knockoff\n>p1 move dynamaxcannon\n>p2 move knockoff\n>p1 move recover\n>p2 move knockoff\n>p1 move dynamaxcannon\n>p2 move knockoff\n>p1 move recover\n>p2 move knockoff\n>p1 move dynamaxcannon\n>p2 move knockoff\n>p1 move recover\n>p2 move knockoff\n>p1 move dynamaxcannon\n>p2 move knockoff\n>p1 move recover\n>p2 move knockoff\n>p1 move dynamaxcannon\n>p2 move knockoff\n>p1 move flamethrower\n>p2 move roost\n>p1 move flamethrower\n>p2 move knockoff\n>p1 move recover\n>p2 move knockoff\n>p1 move flamethrower\n>p2 move surf\n>p1 move flamethrower\n>p2 move roost\n>p1 move flamethrower\n>p2 move surf\n>p1 move recover\n>p2 move surf\n>p1 move flamethrower\n>p2 move surf\n>p1 move flamethrower\n>p2 move surf\n>p1 move flamethrower\n>p2 move roost\n>p2 switch 5\n>p1 move flamethrower\n>p2 move dracometeor\n>p1 move flamethrower\n>p2 move dracometeor", "uploadtime": 1782822770, "views": 3, "formatid": "gen9randombattle", "rating": 1234, "private": 0, "password": null, "player_dets": [{"name": "testbotcif", "avatar": "266", "rating": 1257, "seed": "sodium,5f6e249a5bc1ee7c42a31b63066aec3e"}, {"name": "Unboundgtx", "avatar": "benga", "rating": 1289, "seed": "sodium,8db230f41a2477d7ae99247e9e2930d3"}], "teams_full": [{"Glaceon": {"name": "Glaceon", "species": "Glaceon", "speciesId": "glaceon", "gender": "M", "shiny": false, "level": 94, "moves": ["protect", "freezedry", "calmmind", "wish"], "ability": "Ice Body", "evs": {"hp": 85, "atk": 0, "def": 85, "spa": 85, "spd": 85, "spe": 85}, "ivs": {"hp": 31, "atk": 0, "def": 31, "spa": 31, "spd": 31, "spe": 31}, "item": "Heavy-Duty Boots", "teraType": "Water", "role": "Bulky Setup", "bvs": {"hp": 65, "atk": 60, "def": 110, "spa": 130, "spd": 95, "spe": 65}, "stats": {"hp": 275, "atk": 117, "def": 260, "spa": 298, "spd": 232, "spe": 176}, "types": ["Ice"]}, "Torkoal": {"name": "Torkoal", "species": "Torkoal", "speciesId": "torkoal", "gender": "M", "shiny": false, "level": 88, "moves": ["stealthrock", "lavaplume", "rapidspin", "yawn"], "ability": "Drought", "evs": {"hp": 85, "atk": 85, "def": 85, "spa": 85, "spd": 85, "spe": 85}, "ivs": {"hp": 31, "atk": 31, "def": 31, "spa": 31, "spd": 31, "spe": 31}, "item": "Heavy-Duty Boots", "teraType": "Dragon", "role": "Bulky Support", "bvs": {"hp": 70, "atk": 85, "def": 140, "spa": 85, "spd": 70, "spe": 20}, "stats": {"hp": 266, "atk": 200, "def": 297, "spa": 200, "spd": 173, "spe": 85}, "types": ["Fire"]}, "Eternatus": {"name": "Eternatus", "species": "Eternatus", "speciesId": "eternatus", "gender": "N", "shiny": false, "level": 69, "moves": ["flamethrower", "toxicspikes", "dynamaxcannon", "recover"], "ability": "Pressure", "evs": {"hp": 85, "atk": 0, "def": 85, "spa": 85, "spd": 85, "spe": 85}, "ivs": {"hp": 31, "atk": 0, "def": 31, "spa": 31, "spd": 31, "spe": 31}, "item": "Leftovers", "teraType": "Dragon", "role": "Bulky Support", "bvs": {"hp": 140, "atk": 85, "def": 95, "spa": 145, "spd": 95, "spe": 130}, "stats": {"hp": 308, "atk": 122, "def": 171, "spa": 240, "spd": 171, "spe": 220}, "types": ["Poison", "Dragon"]}, "Serperior": {"name": "Serperior", "species": "Serperior", "speciesId": "serperior", "gender": "F", "shiny": false, "level": 79, "moves": ["terablast", "leechseed", "substitute", "leafstorm"], "ability": "Contrary", "evs": {"hp": 85, "atk": 85, "def": 85, "spa": 85, "spd": 85, "spe": 85}, "ivs": {"hp": 31, "atk": 31, "def": 31, "spa": 31, "spd": 31, "spe": 31}, "item": "Leftovers", "teraType": "Fire", "role": "Tera Blast user", "bvs": {"hp": 75, "atk": 75, "def": 95, "spa": 75, "spd": 95, "spe": 113}, "stats": {"hp": 248, "atk": 164, "def": 196, "spa": 164, "spd": 196, "spe": 224}, "types": ["Grass"]}, "Trevenant": {"name": "Trevenant", "species": "Trevenant", "speciesId": "trevenant", "gender": "M", "shiny": false, "level": 89, "moves": ["poltergeist", "toxic", "drainpunch", "protect"], "ability": "Harvest", "evs": {"hp": 85, "atk": 85, "def": 85, "spa": 85, "spd": 85, "spe": 85}, "ivs": {"hp": 31, "atk": 31, "def": 31, "spa": 31, "spd": 31, "spe": 31}, "item": "Sitrus Berry", "teraType": "Steel", "role": "Bulky Support", "bvs": {"hp": 85, "atk": 110, "def": 76, "spa": 65, "spd": 82, "spe": 56}, "stats": {"hp": 296, "atk": 247, "def": 186, "spa": 166, "spd": 197, "spe": 150}, "types": ["Ghost", "Grass"]}, "Salazzle": {"name": "Salazzle", "species": "Salazzle", "speciesId": "salazzle", "gender": "F", "shiny": false, "level": 83, "moves": ["protect", "substitute", "flamethrower", "toxic"], "ability": "Corrosion", "evs": {"hp": 85, "atk": 0, "def": 85, "spa": 85, "spd": 85, "spe": 85}, "ivs": {"hp": 31, "atk": 0, "def": 31, "spa": 31, "spd": 31, "spe": 31}, "item": "Leftovers", "teraType": "Grass", "role": "Fast Support", "bvs": {"hp": 68, "atk": 64, "def": 60, "spa": 111, "spd": 60, "spe": 117}, "stats": {"hp": 249, "atk": 111, "def": 147, "spa": 232, "spd": 147, "spe": 242}, "types": ["Poison", "Fire"]}}, {"Empoleon": {"name": "Empoleon", "species": "Empoleon", "speciesId": "empoleon", "gender": "F", "shiny": false, "level": 84, "moves": ["surf", "stealthrock", "roost", "knockoff"], "ability": "Competitive", "evs": {"hp": 85, "atk": 85, "def": 85, "spa": 85, "spd": 85, "spe": 85}, "ivs": {"hp": 31, "atk": 31, "def": 31, "spa": 31, "spd": 31, "spe": 31}, "item": "Leftovers", "teraType": "Grass", "role": "Bulky Support", "bvs": {"hp": 84, "atk": 86, "def": 88, "spa": 111, "spd": 101, "spe": 60}, "stats": {"hp": 278, "atk": 193, "def": 196, "spa": 235, "spd": 218, "spe": 149}, "types": ["Water", "Steel"]}, "Kingambit": {"name": "Kingambit", "species": "Kingambit", "speciesId": "kingambit", "gender": "F", "shiny": false, "level": 74, "moves": ["suckerpunch", "ironhead", "swordsdance", "kowtowcleave"], "ability": "Supreme Overlord", "evs": {"hp": 85, "atk": 85, "def": 85, "spa": 85, "spd": 85, "spe": 85}, "ivs": {"hp": 31, "atk": 31, "def": 31, "spa": 31, "spd": 31, "spe": 31}, "item": "Leftovers", "teraType": "Flying", "role": "Bulky Attacker", "bvs": {"hp": 100, "atk": 135, "def": 120, "spa": 60, "spd": 85, "spe": 50}, "stats": {"hp": 270, "atk": 243, "def": 221, "spa": 132, "spd": 169, "spe": 117}, "types": ["Dark", "Steel"]}, "Froslass": {"name": "Froslass", "species": "Froslass", "speciesId": "froslass", "gender": "F", "shiny": false, "level": 87, "moves": ["tripleaxel", "poltergeist", "spikes", "willowisp"], "ability": "Cursed Body", "evs": {"hp": 81, "atk": 85, "def": 85, "spa": 85, "spd": 85, "spe": 85}, "ivs": {"hp": 31, "atk": 31, "def": 31, "spa": 31, "spd": 31, "spe": 31}, "item": "Wide Lens", "teraType": "Ghost", "role": "Fast Support", "bvs": {"hp": 70, "atk": 80, "def": 70, "spa": 80, "spd": 70, "spe": 110}, "stats": {"hp": 263, "atk": 189, "def": 172, "spa": 189, "spd": 172, "spe": 241}, "types": ["Ice", "Ghost"]}, "Groudon": {"name": "Groudon", "species": "Groudon", "speciesId": "groudon", "gender": "N", "shiny": false, "level": 72, "moves": ["spikes", "thunderwave", "precipiceblades", "heatcrash"], "ability": "Drought", "evs": {"hp": 85, "atk": 85, "def": 85, "spa": 85, "spd": 85, "spe": 85}, "ivs": {"hp": 31, "atk": 31, "def": 31, "spa": 31, "spd": 31, "spe": 31}, "item": "Leftovers", "teraType": "Fire", "role": "Bulky Attacker", "bvs": {"hp": 100, "atk": 150, "def": 140, "spa": 100, "spd": 90, "spe": 90}, "stats": {"hp": 263, "atk": 258, "def": 244, "spa": 186, "spd": 172, "spe": 172}, "types": ["Ground"]}, "Dragalge": {"name": "Dragalge", "species": "Dragalge", "speciesId": "dragalge", "gender": "F", "shiny": false, "level": 88, "moves": ["dragontail", "dracometeor", "focusblast", "sludgewave"], "ability": "Adaptability", "evs": {"hp": 85, "atk": 85, "def": 85, "spa": 85, "spd": 85, "spe": 85}, "ivs": {"hp": 31, "atk": 31, "def": 31, "spa": 31, "spd": 31, "spe": 31}, "item": "Assault Vest", "teraType": "Fighting", "role": "Bulky Attacker", "bvs": {"hp": 65, "atk": 75, "def": 90, "spa": 97, "spd": 123, "spe": 44}, "stats": {"hp": 258, "atk": 182, "def": 209, "spa": 221, "spd": 267, "spe": 128}, "types": ["Poison", "Dragon"]}, "Indeedee": {"name": "Indeedee", "species": "Indeedee", "speciesId": "indeedee", "gender": "M", "shiny": false, "level": 84, "moves": ["shadowball", "dazzlinggleam", "hypervoice", "expandingforce"], "ability": "Psychic Surge", "evs": {"hp": 85, "atk": 0, "def": 85, "spa": 85, "spd": 85, "spe": 85}, "ivs": {"hp": 31, "atk": 0, "def": 31, "spa": 31, "spd": 31, "spe": 31}, "item": "Choice Specs", "teraType": "Psychic", "role": "Fast Attacker", "bvs": {"hp": 60, "atk": 65, "def": 55, "spa": 105, "spd": 95, "spe": 95}, "stats": {"hp": 238, "atk": 114, "def": 141, "spa": 225, "spd": 208, "spe": 208}, "types": ["Psychic", "Normal"]}}]}