{"id": "gen9randombattle-2641532131", "format": "[Gen 9] Random Battle", "players": ["MonkeyMilks", "fragonite"], "log": "|j|\u2606MonkeyMilks\n|j|\u2606fragonite\n|t:|1782802109\n|gametype|singles\n|player|p1|MonkeyMilks|unknownf|2001\n|player|p2|fragonite|265|1949\n|gen|9\n|tier|[Gen 9] Random Battle\n|rated|\n|rule|Species Clause: Limit one of each Pok\u00e9mon\n|rule|HP Percentage Mod: HP is shown in percentages\n|rule|Sleep Clause Mod: Limit one foe put to sleep\n|rule|Illusion Level Mod: Illusion disguises the Pok\u00e9mon's true level\n|\n|t:|1782802109\n|teamsize|p1|6\n|teamsize|p2|6\n|start\n|switch|p1a: Dachsbun|Dachsbun, L92, F|254/254\n|switch|p2a: Veluza|Veluza, L85, M|292/292\n|turn|1\n|inactive|Battle timer is ON: inactive players will automatically lose when time's up. (requested by fragonite)\n|\n|t:|1782802125\n|move|p2a: Veluza|Aqua Cutter|p1a: Dachsbun\n|-damage|p1a: Dachsbun|158/254\n|move|p1a: Dachsbun|Play Rough|p2a: Veluza|[miss]\n|-miss|p1a: Dachsbun|p2a: Veluza\n|\n|-heal|p1a: Dachsbun|173/254|[from] item: Leftovers\n|upkeep\n|turn|2\n|\n|t:|1782802139\n|switch|p2a: Eternatus|Eternatus, L69|308/308\n|-ability|p2a: Eternatus|Pressure\n|switch|p1a: Suicune|Suicune, L82|298/298\n|-ability|p1a: Suicune|Pressure\n|\n|upkeep\n|turn|3\n|\n|t:|1782802152\n|switch|p2a: Veluza|Veluza, L85, M|292/292\n|move|p1a: Suicune|Calm Mind|p1a: Suicune\n|-boost|p1a: Suicune|spa|1\n|-boost|p1a: Suicune|spd|1\n|\n|upkeep\n|turn|4\n|\n|t:|1782802157\n|move|p2a: Veluza|Psycho Cut|p1a: Suicune\n|-damage|p1a: Suicune|201/298\n|move|p1a: Suicune|Scald|p2a: Veluza\n|-resisted|p2a: Veluza\n|-damage|p2a: Veluza|222/292\n|\n|-heal|p1a: Suicune|219/298|[from] item: Leftovers\n|upkeep\n|turn|5\n|\n|t:|1782802161\n|move|p2a: Veluza|Psycho Cut|p1a: Suicune\n|-damage|p1a: Suicune|119/298\n|move|p1a: Suicune|Scald|p2a: Veluza\n|-resisted|p2a: Veluza\n|-damage|p2a: Veluza|153/292\n|\n|-heal|p1a: Suicune|137/298|[from] item: Leftovers\n|upkeep\n|turn|6\n|\n|t:|1782802164\n|switch|p1a: Slowking|Slowking, L88, F|310/310\n|move|p2a: Veluza|Psycho Cut|p1a: Slowking\n|-resisted|p1a: Slowking\n|-damage|p1a: Slowking|253/310\n|\n|upkeep\n|turn|7\n|\n|t:|1782802168\n|switch|p2a: Empoleon|Empoleon, L84, F|278/278\n|move|p1a: Slowking|Future Sight|p2a: Empoleon\n|-start|p1a: Slowking|move: Future Sight\n|\n|upkeep\n|turn|8\n|\n|t:|1782802176\n|switch|p1a: Suicune|Suicune, L82|137/298\n|-ability|p1a: Suicune|Pressure\n|move|p2a: Empoleon|Stealth Rock|p1a: Suicune\n|-sidestart|p1: MonkeyMilks|move: Stealth Rock\n|\n|-heal|p1a: Suicune|155/298|[from] item: Leftovers\n|upkeep\n|turn|9\n|\n|t:|1782802190\n|move|p1a: Suicune|Calm Mind|p1a: Suicune\n|-boost|p1a: Suicune|spa|1\n|-boost|p1a: Suicune|spd|1\n|move|p2a: Empoleon|Flip Turn|p1a: Suicune\n|-resisted|p1a: Suicune\n|-damage|p1a: Suicune|132/298\n|\n|t:|1782802193\n|switch|p2a: Veluza|Veluza, L85, M|153/292|[from] Flip Turn\n|\n|-end|p2a: Veluza|move: Future Sight\n|-resisted|p2a: Veluza\n|-damage|p2a: Veluza|70/292\n|-heal|p1a: Suicune|150/298|[from] item: Leftovers\n|upkeep\n|turn|10\n|\n|t:|1782802196\n|move|p2a: Veluza|Psycho Cut|p1a: Suicune\n|-damage|p1a: Suicune|53/298\n|move|p1a: Suicune|Scald|p2a: Veluza\n|-resisted|p2a: Veluza\n|-damage|p2a: Veluza|4/292\n|\n|-heal|p1a: Suicune|71/298|[from] item: Leftovers\n|upkeep\n|turn|11\n|\n|t:|1782802199\n|switch|p1a: Slowking|Slowking, L88, F|310/310\n|move|p2a: Veluza|Psycho Cut|p1a: Slowking\n|-resisted|p1a: Slowking\n|-damage|p1a: Slowking|246/310\n|\n|upkeep\n|turn|12\n|\n|t:|1782802203\n|switch|p2a: Mismagius|Mismagius, L86, F|243/243\n|-prepare|p1a: Slowking|Chilly Reception|[premajor]\n|move|p1a: Slowking|Chilly Reception|p1a: Slowking\n|-weather|Snowscape\n|\n|t:|1782802213\n|switch|p1a: Illumise|Illumise, L91, F|266/266|[from] Chilly Reception\n|\n|-weather|Snowscape|[upkeep]\n|upkeep\n|turn|13\n|\n|t:|1782802229\n|move|p1a: Illumise|Thunder Wave|p2a: Mismagius\n|-status|p2a: Mismagius|par\n|move|p2a: Mismagius|Mystical Fire|p1a: Illumise\n|-supereffective|p1a: Illumise\n|-damage|p1a: Illumise|120/266\n|-unboost|p1a: Illumise|spa|1\n|-damage|p2a: Mismagius|219/243 par|[from] item: Life Orb\n|\n|-weather|Snowscape|[upkeep]\n|upkeep\n|turn|14\n|\n|t:|1782802248\n|switch|p1a: Slowking|Slowking, L88, F|310/310\n|move|p2a: Mismagius|Mystical Fire|p1a: Slowking\n|-resisted|p1a: Slowking\n|-damage|p1a: Slowking|278/310\n|-unboost|p1a: Slowking|spa|1\n|-damage|p2a: Mismagius|195/243 par|[from] item: Life Orb\n|\n|-weather|Snowscape|[upkeep]\n|upkeep\n|turn|15\n|\n|t:|1782802257\n|switch|p2a: Empoleon|Empoleon, L84, F|278/278\n|switch|p1a: Suicune|Suicune, L82|71/298\n|-damage|p1a: Suicune|34/298|[from] Stealth Rock\n|-ability|p1a: Suicune|Pressure\n|\n|-weather|Snowscape|[upkeep]\n|-heal|p1a: Suicune|52/298|[from] item: Leftovers\n|upkeep\n|turn|16\n|\n|t:|1782802265\n|move|p1a: Suicune|Rest|p1a: Suicune\n|-status|p1a: Suicune|slp|[from] move: Rest\n|-heal|p1a: Suicune|298/298 slp|[silent]\n|move|p2a: Empoleon|Flip Turn|p1a: Suicune\n|-resisted|p1a: Suicune\n|-damage|p1a: Suicune|271/298 slp\n|\n|t:|1782802278\n|switch|p2a: Veluza|Veluza, L85, M|4/292|[from] Flip Turn\n|\n|-weather|none\n|-heal|p1a: Suicune|289/298 slp|[from] item: Leftovers\n|upkeep\n|turn|17\n|\n|t:|1782802286\n|move|p2a: Veluza|Night Slash|p1a: Suicune\n|-damage|p1a: Suicune|222/298 slp\n|cant|p1a: Suicune|slp\n|move|p1a: Suicune|Sleep Talk|p1a: Suicune\n|move|p1a: Suicune|Rest||[from] move: Sleep Talk|[still]\n|-fail|p1a: Suicune\n|\n|-heal|p1a: Suicune|240/298 slp|[from] item: Leftovers\n|upkeep\n|turn|18\n|\n|t:|1782802290\n|move|p2a: Veluza|Night Slash|p1a: Suicune\n|-damage|p1a: Suicune|173/298 slp\n|cant|p1a: Suicune|slp\n|move|p1a: Suicune|Sleep Talk|p1a: Suicune\n|move|p1a: Suicune|Rest||[from] move: Sleep Talk|[still]\n|-fail|p1a: Suicune\n|\n|-heal|p1a: Suicune|191/298 slp|[from] item: Leftovers\n|upkeep\n|turn|19\n|\n|t:|1782802293\n|move|p2a: Veluza|Night Slash|p1a: Suicune\n|-crit|p1a: Suicune\n|-damage|p1a: Suicune|92/298 slp\n|-curestatus|p1a: Suicune|slp|[msg]\n|move|p1a: Suicune|Scald|p2a: Veluza\n|-resisted|p2a: Veluza\n|-damage|p2a: Veluza|0 fnt\n|faint|p2a: Veluza\n|\n|-heal|p1a: Suicune|110/298|[from] item: Leftovers\n|upkeep\n|\n|t:|1782802308\n|switch|p2a: Eternatus|Eternatus, L69|308/308\n|-ability|p2a: Eternatus|Pressure\n|turn|20\n|\n|t:|1782802313\n|switch|p1a: Slowking|Slowking, L88, F|310/310\n|move|p2a: Eternatus|Meteor Beam||[still]\n|-prepare|p2a: Eternatus|Meteor Beam\n|-boost|p2a: Eternatus|spa|1\n|-enditem|p2a: Eternatus|Power Herb\n|-anim|p2a: Eternatus|Meteor Beam|p1a: Slowking\n|-damage|p1a: Slowking|217/310\n|\n|upkeep\n|turn|21\n|\n|t:|1782802337\n|move|p2a: Eternatus|Dynamax Cannon|p1a: Slowking\n|-damage|p1a: Slowking|103/310\n|move|p1a: Slowking|Future Sight|p2a: Eternatus\n|-start|p1a: Slowking|move: Future Sight\n|\n|upkeep\n|turn|22\n|\n|t:|1782802350\n|switch|p1a: Suicune|Suicune, L82|110/298\n|-damage|p1a: Suicune|73/298|[from] Stealth Rock\n|-ability|p1a: Suicune|Pressure\n|move|p2a: Eternatus|Sludge Bomb|p1a: Suicune\n|-damage|p1a: Suicune|0 fnt\n|faint|p1a: Suicune\n|\n|upkeep\n|\n|t:|1782802356\n|switch|p1a: Dachsbun|Dachsbun, L92, F|173/254\n|-damage|p1a: Dachsbun|142/254|[from] Stealth Rock\n|turn|23\n|\n|t:|1782802368\n|switch|p2a: Empoleon|Empoleon, L84, F|278/278\n|move|p1a: Dachsbun|Body Press|p2a: Empoleon\n|-supereffective|p2a: Empoleon\n|-damage|p2a: Empoleon|134/278\n|\n|-end|p2a: Empoleon|move: Future Sight\n|-resisted|p2a: Empoleon\n|-damage|p2a: Empoleon|72/278\n|-heal|p1a: Dachsbun|157/254|[from] item: Leftovers\n|-heal|p2a: Empoleon|89/278|[from] item: Leftovers\n|upkeep\n|turn|24\n|\n|t:|1782802372\n|move|p1a: Dachsbun|Body Press|p2a: Empoleon\n|-supereffective|p2a: Empoleon\n|-damage|p2a: Empoleon|0 fnt\n|faint|p2a: Empoleon\n|\n|-heal|p1a: Dachsbun|172/254|[from] item: Leftovers\n|upkeep\n|\n|t:|1782802380\n|switch|p2a: Eternatus|Eternatus, L69|308/308\n|-ability|p2a: Eternatus|Pressure\n|turn|25\n|\n|t:|1782802387\n|switch|p1a: Slowking|Slowking, L88, F|206/310\n|move|p2a: Eternatus|Meteor Beam||[still]\n|-prepare|p2a: Eternatus|Meteor Beam\n|-boost|p2a: Eternatus|spa|1\n|\n|upkeep\n|turn|26\n|\n|t:|1782802392\n|move|p2a: Eternatus|Meteor Beam|p1a: Slowking|[from] lockedmove\n|-damage|p1a: Slowking|116/310\n|move|p1a: Slowking|Slack Off|p1a: Slowking\n|-heal|p1a: Slowking|271/310\n|\n|upkeep\n|turn|27\n|\n|t:|1782802396\n|move|p2a: Eternatus|Sludge Bomb|p1a: Slowking\n|-damage|p1a: Slowking|165/310\n|-status|p1a: Slowking|psn\n|move|p1a: Slowking|Future Sight|p2a: Eternatus\n|-start|p1a: Slowking|move: Future Sight\n|\n|-damage|p1a: Slowking|127/310 psn|[from] psn\n|upkeep\n|turn|28\n|\n|t:|1782802404\n|move|p2a: Eternatus|Sludge Bomb|p1a: Slowking\n|-damage|p1a: Slowking|27/310 psn\n|-prepare|p1a: Slowking|Chilly Reception|[premajor]\n|move|p1a: Slowking|Chilly Reception|p1a: Slowking\n|-weather|Snowscape\n|\n|t:|1782802407\n|switch|p1a: Dachsbun|Dachsbun, L92, F|172/254|[from] Chilly Reception\n|-damage|p1a: Dachsbun|141/254|[from] Stealth Rock\n|\n|-weather|Snowscape|[upkeep]\n|-heal|p1a: Dachsbun|156/254|[from] item: Leftovers\n|upkeep\n|turn|29\n|\n|t:|1782802412\n|switch|p2a: Mismagius|Mismagius, L86, F|195/243 par\n|move|p1a: Dachsbun|Protect||[still]\n|-fail|p1a: Dachsbun\n|\n|-weather|Snowscape|[upkeep]\n|-end|p2a: Mismagius|move: Future Sight\n|-damage|p2a: Mismagius|62/243 par\n|-heal|p1a: Dachsbun|171/254|[from] item: Leftovers\n|upkeep\n|turn|30\n|\n|t:|1782802418\n|move|p1a: Dachsbun|Play Rough|p2a: Mismagius\n|-damage|p2a: Mismagius|0 fnt\n|faint|p2a: Mismagius\n|\n|-weather|Snowscape|[upkeep]\n|-heal|p1a: Dachsbun|186/254|[from] item: Leftovers\n|upkeep\n|\n|t:|1782802419\n|switch|p2a: Eternatus|Eternatus, L69|308/308\n|-ability|p2a: Eternatus|Pressure\n|turn|31\n|\n|t:|1782802426\n|move|p1a: Dachsbun|Play Rough|p2a: Eternatus\n|-damage|p2a: Eternatus|200/308\n|move|p2a: Eternatus|Sludge Bomb|p1a: Dachsbun\n|-supereffective|p1a: Dachsbun\n|-damage|p1a: Dachsbun|12/254\n|\n|-weather|Snowscape|[upkeep]\n|-heal|p1a: Dachsbun|27/254|[from] item: Leftovers\n|upkeep\n|turn|32\n|\n|t:|1782802436\n|move|p1a: Dachsbun|Play Rough|p2a: Eternatus\n|-damage|p2a: Eternatus|94/308\n|move|p2a: Eternatus|Sludge Bomb|p1a: Dachsbun\n|-supereffective|p1a: Dachsbun\n|-damage|p1a: Dachsbun|0 fnt\n|faint|p1a: Dachsbun\n|\n|-weather|none\n|upkeep\n|\n|t:|1782802438\n|switch|p1a: Zebstrika|Zebstrika, L87, M|272/272\n|-damage|p1a: Zebstrika|238/272|[from] Stealth Rock\n|turn|33\n|\n|t:|1782802447\n|move|p1a: Zebstrika|High Horsepower|p2a: Eternatus\n|-supereffective|p2a: Eternatus\n|-damage|p2a: Eternatus|0 fnt\n|faint|p2a: Eternatus\n|-damage|p1a: Zebstrika|211/272|[from] item: Life Orb\n|\n|upkeep\n|\n|t:|1782802460\n|switch|p2a: Tropius|Tropius, L91, F|328/328\n|turn|34\n|\n|t:|1782802466\n|switch|p1a: Illumise|Illumise, L91, F|120/266\n|-terastallize|p2a: Tropius|Ground\n|move|p2a: Tropius|Dragon Dance|p2a: Tropius\n|-boost|p2a: Tropius|atk|1\n|-boost|p2a: Tropius|spe|1\n|\n|upkeep\n|turn|35\n|\n|t:|1782802471\n|switch|p2a: Articuno|Articuno-Galar, L84|288/288\n|move|p1a: Illumise|Encore||[still]\n|-fail|p1a: Illumise\n|\n|upkeep\n|turn|36\n|\n|t:|1782802477\n|move|p1a: Illumise|Thunder Wave|p2a: Articuno\n|-status|p2a: Articuno|par\n|move|p2a: Articuno|Hurricane|p1a: Illumise|[miss]\n|-miss|p2a: Articuno|p1a: Illumise\n|\n|upkeep\n|turn|37\n|\n|t:|1782802481\n|move|p1a: Illumise|Roost|p1a: Illumise\n|-heal|p1a: Illumise|253/266\n|-singleturn|p1a: Illumise|move: Roost\n|move|p2a: Articuno|Hurricane|p1a: Illumise\n|-supereffective|p1a: Illumise\n|-damage|p1a: Illumise|7/266\n|\n|upkeep\n|turn|38\n|\n|t:|1782802489\n|move|p1a: Illumise|Roost|p1a: Illumise\n|-heal|p1a: Illumise|140/266\n|-singleturn|p1a: Illumise|move: Roost\n|move|p2a: Articuno|Hurricane|p1a: Illumise\n|-supereffective|p1a: Illumise\n|-damage|p1a: Illumise|0 fnt\n|faint|p1a: Illumise\n|\n|upkeep\n|\n|t:|1782802505\n|switch|p1a: Haxorus|Haxorus, L77, M|244/244\n|-damage|p1a: Haxorus|214/244|[from] Stealth Rock\n|-ability|p1a: Haxorus|Mold Breaker\n|turn|39\n|\n|t:|1782802516\n|-terastallize|p1a: Haxorus|Steel\n|move|p1a: Haxorus|Dragon Dance|p1a: Haxorus\n|-boost|p1a: Haxorus|atk|1\n|-boost|p1a: Haxorus|spe|1\n|move|p2a: Articuno|Freezing Glare|p1a: Haxorus\n|-resisted|p1a: Haxorus\n|-damage|p1a: Haxorus|133/244\n|\n|upkeep\n|turn|40\n|\n|t:|1782802521\n|move|p1a: Haxorus|Dragon Dance|p1a: Haxorus\n|-boost|p1a: Haxorus|atk|1\n|-boost|p1a: Haxorus|spe|1\n|move|p2a: Articuno|Freezing Glare|p1a: Haxorus\n|-resisted|p1a: Haxorus\n|-damage|p1a: Haxorus|59/244\n|\n|upkeep\n|turn|41\n|\n|t:|1782802525\n|move|p1a: Haxorus|Outrage|p2a: Articuno\n|-damage|p2a: Articuno|0 fnt\n|faint|p2a: Articuno\n|\n|upkeep\n|\n|t:|1782802528\n|switch|p2a: Tropius|Tropius, L91, F, tera:Ground|328/328\n|turn|42\n|\n|t:|1782802534\n|move|p1a: Haxorus|Outrage|p2a: Tropius|[from] lockedmove\n|-damage|p2a: Tropius|66/328\n|-enditem|p2a: Tropius|Sitrus Berry|[eat]\n|-heal|p2a: Tropius|148/328|[from] item: Sitrus Berry\n|-start|p1a: Haxorus|confusion|[fatigue]\n|-enditem|p1a: Haxorus|Lum Berry|[eat]\n|-end|p1a: Haxorus|confusion\n|move|p2a: Tropius|Earthquake|p1a: Haxorus\n|-supereffective|p1a: Haxorus\n|-damage|p1a: Haxorus|0 fnt\n|faint|p1a: Haxorus\n|\n|upkeep\n|\n|t:|1782802561\n|switch|p1a: Zebstrika|Zebstrika, L87, M|211/272\n|-damage|p1a: Zebstrika|177/272|[from] Stealth Rock\n|turn|43\n|\n|t:|1782802568\n|move|p1a: Zebstrika|Overheat|p2a: Tropius\n|-damage|p2a: Tropius|40/328\n|-unboost|p1a: Zebstrika|spa|2\n|-damage|p1a: Zebstrika|150/272|[from] item: Life Orb\n|move|p2a: Tropius|Earthquake|p1a: Zebstrika\n|-supereffective|p1a: Zebstrika\n|-damage|p1a: Zebstrika|0 fnt\n|faint|p1a: Zebstrika\n|\n|-item|p2a: Tropius|Sitrus Berry|[from] ability: Harvest\n|upkeep\n|-enditem|p2a: Tropius|Sitrus Berry|[eat]\n|-heal|p2a: Tropius|122/328|[from] item: Sitrus Berry\n|\n|t:|1782802570\n|switch|p1a: Slowking|Slowking, L88, F|130/310 psn\n|turn|44\n|\n|t:|1782802572\n|move|p2a: Tropius|Leaf Blade|p1a: Slowking\n|-supereffective|p1a: Slowking\n|-damage|p1a: Slowking|0 fnt\n|faint|p1a: Slowking\n|\n|win|fragonite\n", "inputlog": ">version f8ac14003a5f27e1bdc8d8c59608a773c1cb96e5\n>start {\"formatid\":\"gen9randombattle\",\"seed\":\"sodium,21eb964ba759b41b5776551247ac3f6d\",\"rated\":\"Rated battle\"}\n>player p1 {\"name\":\"MonkeyMilks\",\"avatar\":\"unknownf\",\"rating\":2001,\"seed\":\"sodium,10edef2e62bff2d4e07ff907c822256b\"}\n>player p2 {\"name\":\"fragonite\",\"avatar\":\"265\",\"rating\":1949,\"seed\":\"sodium,7942f7fa10c0f661f950128e6ad15373\"}\n>p1 move playrough\n>p2 move aquacutter\n>p1 switch 3\n>p2 switch 5\n>p1 move calmmind\n>p2 switch 5\n>p1 move scald\n>p2 move psychocut\n>p1 move scald\n>p2 move psychocut\n>p1 switch 6\n>p2 move psychocut\n>p1 move futuresight\n>p2 switch 2\n>p1 switch 6\n>p2 move stealthrock\n>p1 move calmmind\n>p2 move flipturn\n>p2 switch 2\n>p1 move scald\n>p2 move psychocut\n>p1 switch 6\n>p2 move psychocut\n>p1 move chillyreception\n>p2 switch 4\n>p1 switch 2\n>p1 move thunderwave\n>p2 move mysticalfire\n>p1 switch 2\n>p2 move mysticalfire\n>p1 switch 6\n>p2 switch 2\n>p1 move rest\n>p2 move flipturn\n>p2 switch 4\n>p1 move sleeptalk\n>p2 move nightslash\n>p1 move sleeptalk\n>p2 move nightslash\n>p1 move scald\n>p2 move nightslash\n>p2 switch 5\n>p1 switch 6\n>p2 move meteorbeam\n>p1 move futuresight\n>p2 move dynamaxcannon\n>p1 switch 6\n>p2 move sludgebomb\n>p1 switch 3\n>p1 move bodypress\n>p2 switch 4\n>p1 move bodypress\n>p2 move roost\n>p2 switch 4\n>p1 switch 6\n>p2 move meteorbeam\n>p1 move slackoff\n>p2 move meteorbeam\n>p1 move futuresight\n>p2 move sludgebomb\n>p1 move chillyreception\n>p2 move sludgebomb\n>p1 switch 6\n>p1 move protect\n>p2 switch 2\n>p1 move playrough\n>p2 move shadowball\n>p2 switch 2\n>p1 move playrough\n>p2 move sludgebomb\n>p1 move playrough\n>p2 move sludgebomb\n>p1 switch 4\n>p1 move highhorsepower\n>p2 move sludgebomb\n>p2 switch 6\n>p1 switch 2\n>p2 move dragondance terastallize\n>p1 move encore\n>p2 switch 3\n>p1 move thunderwave\n>p2 move hurricane\n>p1 move roost\n>p2 move hurricane\n>p1 move roost\n>p2 move hurricane\n>p1 switch 5\n>p1 move dragondance terastallize\n>p2 move freezingglare\n>p1 move dragondance\n>p2 move freezingglare\n>p1 move outrage\n>p2 move freezingglare\n>p2 switch 3\n>p1 move outrage\n>p2 move earthquake\n>p1 switch 2\n>p1 move overheat\n>p2 move earthquake\n>p1 switch 6\n>p1 move scald\n>p2 move leafblade", "uploadtime": 1782802111, "views": 5, "formatid": "gen9randombattle", "rating": null, "private": 0, "password": null, "player_dets": [{"name": "MonkeyMilks", "avatar": "unknownf", "rating": 2001, "seed": "sodium,10edef2e62bff2d4e07ff907c822256b"}, {"name": "fragonite", "avatar": "265", "rating": 1949, "seed": "sodium,7942f7fa10c0f661f950128e6ad15373"}], "teams_full": [{"Dachsbun": {"name": "Dachsbun", "species": "Dachsbun", "speciesId": "dachsbun", "gender": "F", "shiny": false, "level": 92, "moves": ["protect", "bodypress", "playrough", "wish"], "ability": "Well-Baked Body", "evs": {"hp": 85, "atk": 85, "def": 85, "spa": 85, "spd": 85, "spe": 85}, "ivs": {"hp": 31, "atk": 31, "def": 31, "spa": 31, "spd": 31, "spe": 31}, "item": "Leftovers", "teraType": "Steel", "role": "Bulky Support", "bvs": {"hp": 57, "atk": 80, "def": 115, "spa": 50, "spd": 80, "spe": 95}, "stats": {"hp": 254, "atk": 200, "def": 264, "spa": 144, "spd": 200, "spe": 227}, "types": ["Fairy"]}, "Illumise": {"name": "Illumise", "species": "Illumise", "speciesId": "illumise", "gender": "F", "shiny": false, "level": 91, "moves": ["encore", "roost", "bugbuzz", "thunderwave"], "ability": "Prankster", "evs": {"hp": 85, "atk": 0, "def": 85, "spa": 85, "spd": 85, "spe": 85}, "ivs": {"hp": 31, "atk": 0, "def": 31, "spa": 31, "spd": 31, "spe": 31}, "item": "Heavy-Duty Boots", "teraType": "Steel", "role": "Bulky Support", "bvs": {"hp": 65, "atk": 47, "def": 75, "spa": 73, "spd": 85, "spe": 85}, "stats": {"hp": 266, "atk": 90, "def": 188, "spa": 185, "spd": 207, "spe": 207}, "types": ["Bug"]}, "Suicune": {"name": "Suicune", "species": "Suicune", "speciesId": "suicune", "gender": "N", "shiny": false, "level": 82, "moves": ["calmmind", "rest", "sleeptalk", "scald"], "ability": "Pressure", "evs": {"hp": 85, "atk": 0, "def": 85, "spa": 85, "spd": 85, "spe": 85}, "ivs": {"hp": 31, "atk": 0, "def": 31, "spa": 31, "spd": 31, "spe": 31}, "item": "Leftovers", "teraType": "Dragon", "role": "Bulky Attacker", "bvs": {"hp": 100, "atk": 75, "def": 115, "spa": 90, "spd": 115, "spe": 85}, "stats": {"hp": 298, "atk": 127, "def": 236, "spa": 195, "spd": 236, "spe": 187}, "types": ["Water"]}, "Zebstrika": {"name": "Zebstrika", "species": "Zebstrika", "speciesId": "zebstrika", "gender": "M", "shiny": false, "level": 87, "moves": ["supercellslam", "overheat", "highhorsepower", "voltswitch"], "ability": "Sap Sipper", "evs": {"hp": 85, "atk": 85, "def": 85, "spa": 85, "spd": 85, "spe": 85}, "ivs": {"hp": 31, "atk": 31, "def": 31, "spa": 31, "spd": 31, "spe": 31}, "item": "Life Orb", "teraType": "Ground", "role": "Fast Attacker", "bvs": {"hp": 75, "atk": 100, "def": 63, "spa": 80, "spd": 63, "spe": 116}, "stats": {"hp": 272, "atk": 224, "def": 159, "spa": 189, "spd": 159, "spe": 252}, "types": ["Electric"]}, "Haxorus": {"name": "Haxorus", "species": "Haxorus", "speciesId": "haxorus", "gender": "M", "shiny": false, "level": 77, "moves": ["ironhead", "closecombat", "outrage", "dragondance"], "ability": "Mold Breaker", "evs": {"hp": 85, "atk": 85, "def": 85, "spa": 85, "spd": 85, "spe": 85}, "ivs": {"hp": 31, "atk": 31, "def": 31, "spa": 31, "spd": 31, "spe": 31}, "item": "Lum Berry", "teraType": "Steel", "role": "Setup Sweeper", "bvs": {"hp": 76, "atk": 147, "def": 90, "spa": 60, "spd": 70, "spe": 97}, "stats": {"hp": 244, "atk": 271, "def": 183, "spa": 137, "spd": 152, "spe": 194}, "types": ["Dragon"]}, "Slowking": {"name": "Slowking", "species": "Slowking", "speciesId": "slowking", "gender": "F", "shiny": false, "level": 88, "moves": ["chillyreception", "scald", "futuresight", "slackoff"], "ability": "Regenerator", "evs": {"hp": 85, "atk": 0, "def": 85, "spa": 85, "spd": 85, "spe": 85}, "ivs": {"hp": 31, "atk": 0, "def": 31, "spa": 31, "spd": 31, "spe": 31}, "item": "Heavy-Duty Boots", "teraType": "Fairy", "role": "Fast Support", "bvs": {"hp": 95, "atk": 75, "def": 80, "spa": 100, "spd": 110, "spe": 30}, "stats": {"hp": 310, "atk": 137, "def": 191, "spa": 226, "spd": 244, "spe": 103}, "types": ["Water", "Psychic"]}}, {"Veluza": {"name": "Veluza", "species": "Veluza", "speciesId": "veluza", "gender": "M", "shiny": false, "level": 85, "moves": ["psychocut", "aquacutter", "flipturn", "nightslash"], "ability": "Sharpness", "evs": {"hp": 85, "atk": 85, "def": 85, "spa": 85, "spd": 85, "spe": 85}, "ivs": {"hp": 31, "atk": 31, "def": 31, "spa": 31, "spd": 31, "spe": 31}, "item": "Choice Scarf", "teraType": "Dark", "role": "Fast Attacker", "bvs": {"hp": 90, "atk": 102, "def": 73, "spa": 78, "spd": 65, "spe": 70}, "stats": {"hp": 292, "atk": 222, "def": 173, "spa": 181, "spd": 159, "spe": 168}, "types": ["Water", "Psychic"]}, "Empoleon": {"name": "Empoleon", "species": "Empoleon", "speciesId": "empoleon", "gender": "F", "shiny": false, "level": 84, "moves": ["stealthrock", "flipturn", "roost", "surf"], "ability": "Competitive", "evs": {"hp": 85, "atk": 85, "def": 85, "spa": 85, "spd": 85, "spe": 85}, "ivs": {"hp": 31, "atk": 31, "def": 31, "spa": 31, "spd": 31, "spe": 31}, "item": "Leftovers", "teraType": "Grass", "role": "Bulky Support", "bvs": {"hp": 84, "atk": 86, "def": 88, "spa": 111, "spd": 101, "spe": 60}, "stats": {"hp": 278, "atk": 193, "def": 196, "spa": 235, "spd": 218, "spe": 149}, "types": ["Water", "Steel"]}, "Articuno": {"name": "Articuno", "species": "Articuno-Galar", "speciesId": "articunogalar", "gender": "N", "shiny": false, "level": 84, "moves": ["recover", "calmmind", "freezingglare", "hurricane"], "ability": "Competitive", "evs": {"hp": 85, "atk": 0, "def": 85, "spa": 85, "spd": 85, "spe": 85}, "ivs": {"hp": 31, "atk": 0, "def": 31, "spa": 31, "spd": 31, "spe": 31}, "item": "Heavy-Duty Boots", "teraType": "Steel", "role": "Fast Bulky Setup", "bvs": {"hp": 90, "atk": 85, "def": 85, "spa": 125, "spd": 100, "spe": 95}, "stats": {"hp": 288, "atk": 147, "def": 191, "spa": 258, "spd": 216, "spe": 208}, "types": ["Psychic", "Flying"]}, "Mismagius": {"name": "Mismagius", "species": "Mismagius", "speciesId": "mismagius", "gender": "F", "shiny": false, "level": 86, "moves": ["nastyplot", "thunderbolt", "mysticalfire", "shadowball"], "ability": "Levitate", "evs": {"hp": 85, "atk": 0, "def": 85, "spa": 85, "spd": 85, "spe": 85}, "ivs": {"hp": 31, "atk": 0, "def": 31, "spa": 31, "spd": 31, "spe": 31}, "item": "Life Orb", "teraType": "Electric", "role": "Setup Sweeper", "bvs": {"hp": 60, "atk": 60, "def": 60, "spa": 105, "spd": 105, "spe": 105}, "stats": {"hp": 243, "atk": 108, "def": 152, "spa": 230, "spd": 230, "spe": 230}, "types": ["Ghost"]}, "Eternatus": {"name": "Eternatus", "species": "Eternatus", "speciesId": "eternatus", "gender": "N", "shiny": false, "level": 69, "moves": ["fireblast", "meteorbeam", "sludgebomb", "dynamaxcannon"], "ability": "Pressure", "evs": {"hp": 85, "atk": 0, "def": 85, "spa": 85, "spd": 85, "spe": 85}, "ivs": {"hp": 31, "atk": 0, "def": 31, "spa": 31, "spd": 31, "spe": 31}, "item": "Power Herb", "teraType": "Fire", "role": "Setup Sweeper", "bvs": {"hp": 140, "atk": 85, "def": 95, "spa": 145, "spd": 95, "spe": 130}, "stats": {"hp": 308, "atk": 122, "def": 171, "spa": 240, "spd": 171, "spe": 220}, "types": ["Poison", "Dragon"]}, "Tropius": {"name": "Tropius", "species": "Tropius", "speciesId": "tropius", "gender": "F", "shiny": false, "level": 91, "moves": ["dualwingbeat", "dragondance", "leafblade", "earthquake"], "ability": "Harvest", "evs": {"hp": 85, "atk": 85, "def": 85, "spa": 85, "spd": 85, "spe": 85}, "ivs": {"hp": 31, "atk": 31, "def": 31, "spa": 31, "spd": 31, "spe": 31}, "item": "Sitrus Berry", "teraType": "Ground", "role": "Setup Sweeper", "bvs": {"hp": 99, "atk": 68, "def": 83, "spa": 72, "spd": 87, "spe": 51}, "stats": {"hp": 328, "atk": 176, "def": 203, "spa": 183, "spd": 210, "spe": 145}, "types": ["Grass", "Flying"]}}]}