{"id": "gen9randombattle-2641711656", "format": "[Gen 9] Random Battle", "players": ["regkjk", "thfighter"], "log": "|j|\u2606regkjk\n|j|\u2606thfighter\n|t:|1782832836\n|gametype|singles\n|player|p1|regkjk|caitlin|2128\n|player|p2|thfighter|brock|2220\n|gen|9\n|tier|[Gen 9] Random Battle\n|rated|\n|rule|Species Clause: Limit one of each Pok\u00e9mon\n|rule|HP Percentage Mod: HP is shown in percentages\n|rule|Sleep Clause Mod: Limit one foe put to sleep\n|rule|Illusion Level Mod: Illusion disguises the Pok\u00e9mon's true level\n|\n|t:|1782832836\n|teamsize|p1|6\n|teamsize|p2|6\n|start\n|switch|p1a: Skarmory|Skarmory, L80, F|235/235\n|switch|p2a: Wyrdeer|Wyrdeer, L87, M|321/321\n|-ability|p2a: Wyrdeer|Intimidate|boost\n|-unboost|p1a: Skarmory|atk|1\n|turn|1\n|\n|t:|1782832851\n|switch|p2a: Arceus|Arceus-Ghost, L69|280/280\n|move|p1a: Skarmory|Iron Defense|p1a: Skarmory\n|-boost|p1a: Skarmory|def|2\n|\n|upkeep\n|turn|2\n|\n|t:|1782832858\n|switch|p1a: Rillaboom|Rillaboom, L79, F|288/288\n|-fieldstart|move: Grassy Terrain|[from] ability: Grassy Surge|[of] p1a: Rillaboom\n|move|p2a: Arceus|Will-O-Wisp|p1a: Rillaboom\n|-status|p1a: Rillaboom|brn\n|\n|-damage|p1a: Rillaboom|270/288 brn|[from] brn\n|upkeep\n|turn|3\n|\n|t:|1782832864\n|move|p2a: Arceus|Judgment|p1a: Rillaboom\n|-damage|p1a: Rillaboom|152/288 brn\n|move|p1a: Rillaboom|U-turn|p2a: Arceus\n|-resisted|p2a: Arceus\n|-damage|p2a: Arceus|260/280\n|\n|t:|1782832867\n|switch|p1a: Ludicolo|Ludicolo, L90, F|290/290|[from] U-turn\n|\n|-heal|p2a: Arceus|277/280|[from] Grassy Terrain\n|upkeep\n|turn|4\n|\n|t:|1782832880\n|switch|p2a: Wyrdeer|Wyrdeer, L87, M|321/321\n|-ability|p2a: Wyrdeer|Intimidate|boost\n|-unboost|p1a: Ludicolo|atk|1\n|move|p1a: Ludicolo|Leaf Storm|p2a: Wyrdeer\n|-damage|p2a: Wyrdeer|12/321\n|-unboost|p1a: Ludicolo|spa|2\n|\n|-heal|p2a: Wyrdeer|32/321|[from] Grassy Terrain\n|-heal|p2a: Wyrdeer|52/321|[from] item: Leftovers\n|upkeep\n|turn|5\n|\n|t:|1782832887\n|switch|p2a: Clefable|Clefable, L83, F|293/293\n|move|p1a: Ludicolo|Leaf Storm|p2a: Clefable\n|-damage|p2a: Clefable|157/293\n|-unboost|p1a: Ludicolo|spa|2\n|\n|-heal|p2a: Clefable|175/293|[from] Grassy Terrain\n|upkeep\n|turn|6\n|\n|t:|1782832892\n|switch|p1a: Corviknight|Corviknight, L80, M|288/288\n|move|p2a: Clefable|Moonlight|p2a: Clefable\n|-heal|p2a: Clefable|293/293\n|\n|-fieldend|move: Grassy Terrain\n|upkeep\n|turn|7\n|\n|t:|1782832896\n|move|p1a: Corviknight|U-turn|p2a: Clefable\n|-resisted|p2a: Clefable\n|-damage|p2a: Clefable|267/293\n|\n|t:|1782832900\n|switch|p1a: Banette|Banette, L93, F|270/270|[from] U-turn\n|move|p2a: Clefable|Thunder Wave|p1a: Banette\n|-status|p1a: Banette|par\n|\n|upkeep\n|turn|8\n|\n|t:|1782832904\n|switch|p2a: Wyrdeer|Wyrdeer, L87, M|52/321\n|-ability|p2a: Wyrdeer|Intimidate|boost\n|-unboost|p1a: Banette|atk|1\n|move|p1a: Banette|Gunk Shot|p2a: Wyrdeer\n|-damage|p2a: Wyrdeer|0 fnt\n|faint|p2a: Wyrdeer\n|-damage|p1a: Banette|243/270 par|[from] item: Life Orb\n|\n|upkeep\n|\n|t:|1782832915\n|switch|p2a: Samurott|Samurott, L88, F|310/310\n|turn|9\n|\n|t:|1782832921\n|move|p2a: Samurott|Knock Off|p1a: Banette\n|-supereffective|p1a: Banette\n|-damage|p1a: Banette|55/270 par\n|-enditem|p1a: Banette|Life Orb|[from] move: Knock Off|[of] p2a: Samurott\n|move|p1a: Banette|Thunder Wave|p2a: Samurott\n|-status|p2a: Samurott|par\n|\n|upkeep\n|turn|10\n|\n|t:|1782832924\n|switch|p1a: Rillaboom|Rillaboom, L79, F|152/288 brn\n|-fieldstart|move: Grassy Terrain|[from] ability: Grassy Surge|[of] p1a: Rillaboom\n|move|p2a: Samurott|Knock Off|p1a: Rillaboom\n|-damage|p1a: Rillaboom|65/288 brn\n|-enditem|p1a: Rillaboom|Choice Band|[from] move: Knock Off|[of] p2a: Samurott\n|\n|-heal|p1a: Rillaboom|83/288 brn|[from] Grassy Terrain\n|-damage|p1a: Rillaboom|65/288 brn|[from] brn\n|upkeep\n|turn|11\n|\n|t:|1782832929\n|move|p1a: Rillaboom|U-turn|p2a: Samurott\n|-damage|p2a: Samurott|281/310 par\n|\n|t:|1782832932\n|switch|p1a: Banette|Banette, L93, F|55/270 par|[from] U-turn\n|cant|p2a: Samurott|par\n|\n|-heal|p1a: Banette|71/270 par|[from] Grassy Terrain\n|-heal|p2a: Samurott|300/310 par|[from] Grassy Terrain\n|upkeep\n|turn|12\n|\n|t:|1782832938\n|move|p1a: Banette|Poltergeist|p2a: Samurott\n|-activate|p2a: Samurott|move: Poltergeist|Assault Vest\n|-damage|p2a: Samurott|152/310 par\n|move|p2a: Samurott|Knock Off|p1a: Banette\n|-supereffective|p1a: Banette\n|-damage|p1a: Banette|0 fnt\n|faint|p1a: Banette\n|\n|-heal|p2a: Samurott|171/310 par|[from] Grassy Terrain\n|upkeep\n|\n|t:|1782832943\n|switch|p1a: Ludicolo|Ludicolo, L90, F|290/290\n|turn|13\n|\n|t:|1782832945\n|move|p1a: Ludicolo|Giga Drain|p2a: Samurott\n|-supereffective|p2a: Samurott\n|-damage|p2a: Samurott|0 fnt\n|faint|p2a: Samurott\n|\n|upkeep\n|\n|t:|1782832952\n|switch|p2a: Clefable|Clefable, L83, F|267/293\n|turn|14\n|\n|t:|1782832955\n|move|p1a: Ludicolo|Giga Drain|p2a: Clefable\n|-damage|p2a: Clefable|96/293\n|move|p2a: Clefable|Thunder Wave|p1a: Ludicolo\n|-status|p1a: Ludicolo|par\n|\n|-heal|p2a: Clefable|114/293|[from] Grassy Terrain\n|-fieldend|move: Grassy Terrain\n|upkeep\n|turn|15\n|\n|t:|1782832960\n|switch|p1a: Rillaboom|Rillaboom, L79, F|65/288 brn\n|-fieldstart|move: Grassy Terrain|[from] ability: Grassy Surge|[of] p1a: Rillaboom\n|move|p2a: Clefable|Moonlight|p2a: Clefable\n|-heal|p2a: Clefable|260/293\n|\n|-heal|p1a: Rillaboom|83/288 brn|[from] Grassy Terrain\n|-heal|p2a: Clefable|278/293|[from] Grassy Terrain\n|-damage|p1a: Rillaboom|65/288 brn|[from] brn\n|upkeep\n|turn|16\n|\n|t:|1782832963\n|move|p1a: Rillaboom|U-turn|p2a: Clefable\n|-resisted|p2a: Clefable\n|-damage|p2a: Clefable|263/293\n|\n|t:|1782832968\n|switch|p1a: Ludicolo|Ludicolo, L90, F|290/290 par|[from] U-turn\n|move|p2a: Clefable|Moonlight|p2a: Clefable\n|-heal|p2a: Clefable|293/293\n|\n|upkeep\n|turn|17\n|l|\u2606regkjk\n|player|p1|\n|j|\u2606regkjk\n|player|p1|regkjk|caitlin|\n|inactive|Battle timer is ON: inactive players will automatically lose when time's up. (requested by thfighter)\n|\n|t:|1782832999\n|move|p2a: Clefable|Knock Off|p1a: Ludicolo\n|-damage|p1a: Ludicolo|219/290 par\n|-enditem|p1a: Ludicolo|Choice Specs|[from] move: Knock Off|[of] p2a: Clefable\n|move|p1a: Ludicolo|Leaf Storm|p2a: Clefable\n|-damage|p2a: Clefable|88/293\n|-unboost|p1a: Ludicolo|spa|2\n|\n|-heal|p2a: Clefable|106/293|[from] Grassy Terrain\n|-heal|p1a: Ludicolo|237/290 par|[from] Grassy Terrain\n|upkeep\n|turn|18\n|\n|t:|1782833012\n|switch|p1a: Rillaboom|Rillaboom, L79, F|65/288 brn\n|move|p2a: Clefable|Moonlight|p2a: Clefable\n|-heal|p2a: Clefable|252/293\n|\n|-heal|p1a: Rillaboom|83/288 brn|[from] Grassy Terrain\n|-heal|p2a: Clefable|270/293|[from] Grassy Terrain\n|-damage|p1a: Rillaboom|65/288 brn|[from] brn\n|upkeep\n|turn|19\n|\n|t:|1782833015\n|move|p1a: Rillaboom|U-turn|p2a: Clefable\n|-resisted|p2a: Clefable\n|-damage|p2a: Clefable|254/293\n|\n|t:|1782833017\n|switch|p1a: Corviknight|Corviknight, L80, M|288/288|[from] U-turn\n|move|p2a: Clefable|Moonblast|p1a: Corviknight\n|-resisted|p1a: Corviknight\n|-damage|p1a: Corviknight|218/288\n|-ability|p1a: Corviknight|Mirror Armor\n|-unboost|p2a: Clefable|spa|1\n|\n|-heal|p2a: Clefable|272/293|[from] Grassy Terrain\n|-fieldend|move: Grassy Terrain\n|upkeep\n|turn|20\n|\n|t:|1782833021\n|move|p1a: Corviknight|U-turn|p2a: Clefable\n|-resisted|p2a: Clefable\n|-damage|p2a: Clefable|249/293\n|\n|t:|1782833023\n|switch|p1a: Rillaboom|Rillaboom, L79, F|65/288 brn|[from] U-turn\n|-fieldstart|move: Grassy Terrain|[from] ability: Grassy Surge|[of] p1a: Rillaboom\n|move|p2a: Clefable|Knock Off|p1a: Rillaboom\n|-damage|p1a: Rillaboom|20/288 brn\n|\n|-heal|p1a: Rillaboom|38/288 brn|[from] Grassy Terrain\n|-heal|p2a: Clefable|267/293|[from] Grassy Terrain\n|-damage|p1a: Rillaboom|20/288 brn|[from] brn\n|upkeep\n|turn|21\n|\n|t:|1782833027\n|move|p1a: Rillaboom|U-turn|p2a: Clefable\n|-resisted|p2a: Clefable\n|-damage|p2a: Clefable|251/293\n|\n|t:|1782833029\n|switch|p1a: Ludicolo|Ludicolo, L90, F|237/290 par|[from] U-turn\n|move|p2a: Clefable|Moonblast|p1a: Ludicolo\n|-damage|p1a: Ludicolo|169/290 par\n|-unboost|p1a: Ludicolo|spa|1\n|\n|-heal|p2a: Clefable|269/293|[from] Grassy Terrain\n|-heal|p1a: Ludicolo|187/290 par|[from] Grassy Terrain\n|upkeep\n|turn|22\n|\n|t:|1782833035\n|move|p2a: Clefable|Moonblast|p1a: Ludicolo\n|-damage|p1a: Ludicolo|117/290 par\n|move|p1a: Ludicolo|Giga Drain|p2a: Clefable\n|-damage|p2a: Clefable|200/293\n|-heal|p1a: Ludicolo|152/290 par|[from] drain|[of] p2a: Clefable\n|\n|-heal|p2a: Clefable|218/293|[from] Grassy Terrain\n|-heal|p1a: Ludicolo|170/290 par|[from] Grassy Terrain\n|upkeep\n|turn|23\n|\n|t:|1782833045\n|switch|p1a: Corviknight|Corviknight, L80, M|218/288\n|move|p2a: Clefable|Moonblast|p1a: Corviknight\n|-resisted|p1a: Corviknight\n|-damage|p1a: Corviknight|176/288\n|\n|-heal|p2a: Clefable|236/293|[from] Grassy Terrain\n|upkeep\n|turn|24\n|\n|t:|1782833050\n|move|p1a: Corviknight|Roost|p1a: Corviknight\n|-heal|p1a: Corviknight|288/288\n|-singleturn|p1a: Corviknight|move: Roost\n|move|p2a: Clefable|Moonblast|p1a: Corviknight\n|-resisted|p1a: Corviknight\n|-damage|p1a: Corviknight|245/288\n|\n|-heal|p1a: Corviknight|263/288|[from] Grassy Terrain\n|-heal|p2a: Clefable|254/293|[from] Grassy Terrain\n|-fieldend|move: Grassy Terrain\n|upkeep\n|turn|25\n|\n|t:|1782833054\n|move|p1a: Corviknight|U-turn|p2a: Clefable\n|-resisted|p2a: Clefable\n|-crit|p2a: Clefable\n|-damage|p2a: Clefable|217/293\n|\n|t:|1782833056\n|switch|p1a: Rillaboom|Rillaboom, L79, F|20/288 brn|[from] U-turn\n|-fieldstart|move: Grassy Terrain|[from] ability: Grassy Surge|[of] p1a: Rillaboom\n|move|p2a: Clefable|Thunder Wave||[still]\n|-fail|p2a: Clefable\n|\n|-heal|p1a: Rillaboom|38/288 brn|[from] Grassy Terrain\n|-heal|p2a: Clefable|235/293|[from] Grassy Terrain\n|-damage|p1a: Rillaboom|20/288 brn|[from] brn\n|upkeep\n|turn|26\n|\n|t:|1782833061\n|move|p1a: Rillaboom|U-turn|p2a: Clefable\n|-resisted|p2a: Clefable\n|-damage|p2a: Clefable|221/293\n|\n|t:|1782833063\n|switch|p1a: Wigglytuff|Wigglytuff, L96, M|424/424|[from] U-turn\n|move|p2a: Clefable|Moonblast|p1a: Wigglytuff\n|-damage|p1a: Wigglytuff|307/424\n|-unboost|p1a: Wigglytuff|spa|1\n|-ability|p1a: Wigglytuff|Competitive|boost\n|-boost|p1a: Wigglytuff|spa|2\n|\n|-heal|p2a: Clefable|239/293|[from] Grassy Terrain\n|-heal|p1a: Wigglytuff|333/424|[from] Grassy Terrain\n|-heal|p1a: Wigglytuff|359/424|[from] item: Leftovers\n|upkeep\n|turn|27\n|\n|t:|1782833071\n|move|p2a: Clefable|Thunder Wave|p1a: Wigglytuff\n|-status|p1a: Wigglytuff|par\n|move|p1a: Wigglytuff|Knock Off|p2a: Clefable\n|-resisted|p2a: Clefable\n|-damage|p2a: Clefable|202/293\n|-enditem|p2a: Clefable|Life Orb|[from] move: Knock Off|[of] p1a: Wigglytuff\n|\n|-heal|p2a: Clefable|220/293|[from] Grassy Terrain\n|-heal|p1a: Wigglytuff|385/424 par|[from] Grassy Terrain\n|-heal|p1a: Wigglytuff|411/424 par|[from] item: Leftovers\n|upkeep\n|turn|28\n|\n|t:|1782833077\n|switch|p2a: Hippowdon|Hippowdon, L82, F|311/311\n|-weather|Sandstorm|[from] ability: Sand Stream|[of] p2a: Hippowdon\n|move|p1a: Wigglytuff|Alluring Voice|p2a: Hippowdon\n|-damage|p2a: Hippowdon|125/311\n|\n|-weather|Sandstorm|[upkeep]\n|-damage|p1a: Wigglytuff|385/424 par|[from] Sandstorm\n|-heal|p2a: Hippowdon|144/311|[from] Grassy Terrain\n|-heal|p2a: Hippowdon|163/311|[from] item: Leftovers\n|-heal|p1a: Wigglytuff|411/424 par|[from] Grassy Terrain\n|-heal|p1a: Wigglytuff|424/424 par|[from] item: Leftovers\n|upkeep\n|turn|29\n|\n|t:|1782833082\n|move|p2a: Hippowdon|Slack Off|p2a: Hippowdon\n|-heal|p2a: Hippowdon|311/311\n|move|p1a: Wigglytuff|Alluring Voice|p2a: Hippowdon\n|-damage|p2a: Hippowdon|137/311\n|\n|-weather|Sandstorm|[upkeep]\n|-damage|p1a: Wigglytuff|398/424 par|[from] Sandstorm\n|-heal|p2a: Hippowdon|156/311|[from] Grassy Terrain\n|-heal|p2a: Hippowdon|175/311|[from] item: Leftovers\n|-heal|p1a: Wigglytuff|424/424 par|[from] Grassy Terrain\n|-fieldend|move: Grassy Terrain\n|upkeep\n|turn|30\n|\n|t:|1782833085\n|move|p2a: Hippowdon|Slack Off|p2a: Hippowdon\n|-heal|p2a: Hippowdon|311/311\n|move|p1a: Wigglytuff|Alluring Voice|p2a: Hippowdon\n|-damage|p2a: Hippowdon|136/311\n|\n|-weather|Sandstorm|[upkeep]\n|-damage|p1a: Wigglytuff|398/424 par|[from] Sandstorm\n|-heal|p2a: Hippowdon|155/311|[from] item: Leftovers\n|-heal|p1a: Wigglytuff|424/424 par|[from] item: Leftovers\n|upkeep\n|turn|31\n|\n|t:|1782833087\n|move|p2a: Hippowdon|Slack Off|p2a: Hippowdon\n|-heal|p2a: Hippowdon|311/311\n|cant|p1a: Wigglytuff|par\n|\n|-weather|Sandstorm|[upkeep]\n|-damage|p1a: Wigglytuff|398/424 par|[from] Sandstorm\n|-heal|p1a: Wigglytuff|424/424 par|[from] item: Leftovers\n|upkeep\n|turn|32\n|\n|t:|1782833091\n|switch|p1a: Rillaboom|Rillaboom, L79, F|20/288 brn\n|-fieldstart|move: Grassy Terrain|[from] ability: Grassy Surge|[of] p1a: Rillaboom\n|move|p2a: Hippowdon|Earthquake|p1a: Rillaboom\n|-resisted|p1a: Rillaboom\n|-damage|p1a: Rillaboom|0 fnt\n|faint|p1a: Rillaboom\n|\n|-weather|none\n|upkeep\n|\n|t:|1782833093\n|switch|p1a: Ludicolo|Ludicolo, L90, F|170/290 par\n|turn|33\n|\n|t:|1782833129\n|move|p2a: Hippowdon|Stone Edge|p1a: Ludicolo\n|-damage|p1a: Ludicolo|84/290 par\n|move|p1a: Ludicolo|Leaf Storm|p2a: Hippowdon\n|-supereffective|p2a: Hippowdon\n|-damage|p2a: Hippowdon|0 fnt\n|-unboost|p1a: Ludicolo|spa|2\n|faint|p2a: Hippowdon\n|\n|-heal|p1a: Ludicolo|102/290 par|[from] Grassy Terrain\n|upkeep\n|inactive|thfighter has 120 seconds left.\n|\n|t:|1782833139\n|switch|p2a: Clefable|Clefable, L83, F|220/293\n|turn|34\n|\n|t:|1782833142\n|switch|p1a: Corviknight|Corviknight, L80, M|263/288\n|move|p2a: Clefable|Knock Off|p1a: Corviknight\n|-damage|p1a: Corviknight|213/288\n|-enditem|p1a: Corviknight|Rocky Helmet|[from] move: Knock Off|[of] p2a: Clefable\n|\n|-heal|p2a: Clefable|238/293|[from] Grassy Terrain\n|upkeep\n|turn|35\n|\n|t:|1782833147\n|move|p1a: Corviknight|U-turn|p2a: Clefable\n|-resisted|p2a: Clefable\n|-damage|p2a: Clefable|211/293\n|\n|t:|1782833150\n|switch|p1a: Wigglytuff|Wigglytuff, L96, M|424/424 par|[from] U-turn\n|move|p2a: Clefable|Moonblast|p1a: Wigglytuff\n|-damage|p1a: Wigglytuff|297/424 par\n|-unboost|p1a: Wigglytuff|spa|1\n|-ability|p1a: Wigglytuff|Competitive|boost\n|-boost|p1a: Wigglytuff|spa|2\n|\n|-heal|p2a: Clefable|229/293|[from] Grassy Terrain\n|-heal|p1a: Wigglytuff|323/424 par|[from] Grassy Terrain\n|-heal|p1a: Wigglytuff|349/424 par|[from] item: Leftovers\n|upkeep\n|turn|36\n|\n|t:|1782833153\n|move|p2a: Clefable|Knock Off|p1a: Wigglytuff\n|-resisted|p1a: Wigglytuff\n|-damage|p1a: Wigglytuff|312/424 par\n|-enditem|p1a: Wigglytuff|Leftovers|[from] move: Knock Off|[of] p2a: Clefable\n|move|p1a: Wigglytuff|Wish|p1a: Wigglytuff\n|\n|-heal|p2a: Clefable|247/293|[from] Grassy Terrain\n|-heal|p1a: Wigglytuff|338/424 par|[from] Grassy Terrain\n|-fieldend|move: Grassy Terrain\n|upkeep\n|turn|37\n|\n|t:|1782833161\n|move|p2a: Clefable|Moonblast|p1a: Wigglytuff\n|-damage|p1a: Wigglytuff|205/424 par\n|move|p1a: Wigglytuff|Alluring Voice|p2a: Clefable\n|-crit|p2a: Clefable\n|-damage|p2a: Clefable|18/293\n|\n|-heal|p1a: Wigglytuff|417/424 par|[from] move: Wish|[wisher] Wigglytuff\n|upkeep\n|turn|38\n|\n|t:|1782833167\n|switch|p2a: Terapagos|Terapagos, L77, F|265/265\n|-activate|p2a: Terapagos|ability: Tera Shift\n|detailschange|p2a: Terapagos|Terapagos-Terastal, L77, F\n|-heal|p2a: Terapagos|273/273|[silent]\n|cant|p1a: Wigglytuff|par\n|\n|upkeep\n|turn|39\n|\n|t:|1782833171\n|move|p2a: Terapagos|Calm Mind|p2a: Terapagos\n|-boost|p2a: Terapagos|spa|1\n|-boost|p2a: Terapagos|spd|1\n|move|p1a: Wigglytuff|Alluring Voice|p2a: Terapagos\n|-activate|p2a: Terapagos|ability: Tera Shell\n|-resisted|p2a: Terapagos\n|-damage|p2a: Terapagos|227/273\n|-start|p2a: Terapagos|confusion\n|\n|upkeep\n|turn|40\n|\n|t:|1782833175\n|-activate|p2a: Terapagos|confusion\n|move|p2a: Terapagos|Tera Starstorm|p1a: Wigglytuff\n|-damage|p1a: Wigglytuff|185/424 par\n|cant|p1a: Wigglytuff|par\n|\n|upkeep\n|turn|41\n|\n|t:|1782833181\n|-activate|p2a: Terapagos|confusion\n|move|p2a: Terapagos|Tera Starstorm|p1a: Wigglytuff\n|-damage|p1a: Wigglytuff|0 fnt\n|faint|p1a: Wigglytuff\n|\n|upkeep\n|\n|t:|1782833186\n|switch|p1a: Skarmory|Skarmory, L80, F|235/235\n|turn|42\n|\n|t:|1782833188\n|-activate|p2a: Terapagos|confusion\n|move|p2a: Terapagos|Tera Starstorm|p1a: Skarmory\n|-resisted|p1a: Skarmory\n|-damage|p1a: Skarmory|130/235\n|move|p1a: Skarmory|Iron Defense|p1a: Skarmory\n|-boost|p1a: Skarmory|def|2\n|\n|-heal|p1a: Skarmory|144/235|[from] item: Leftovers\n|upkeep\n|turn|43\n|\n|t:|1782833191\n|switch|p2a: Arceus|Arceus-Ghost, L69|277/280\n|move|p1a: Skarmory|Body Press|p2a: Arceus\n|-immune|p2a: Arceus\n|\n|-heal|p1a: Skarmory|158/235|[from] item: Leftovers\n|upkeep\n|turn|44\n|\n|t:|1782833196\n|move|p2a: Arceus|Judgment|p1a: Skarmory\n|-damage|p1a: Skarmory|22/235\n|move|p1a: Skarmory|Roost|p1a: Skarmory\n|-heal|p1a: Skarmory|140/235\n|-singleturn|p1a: Skarmory|move: Roost\n|\n|-heal|p1a: Skarmory|154/235|[from] item: Leftovers\n|upkeep\n|turn|45\n|\n|t:|1782833201\n|move|p2a: Arceus|Will-O-Wisp|p1a: Skarmory\n|-status|p1a: Skarmory|brn\n|move|p1a: Skarmory|Brave Bird|p2a: Arceus\n|-damage|p2a: Arceus|229/280\n|-damage|p1a: Skarmory|138/235 brn|[from] Recoil\n|\n|-heal|p1a: Skarmory|152/235 brn|[from] item: Leftovers\n|-damage|p1a: Skarmory|138/235 brn|[from] brn\n|upkeep\n|turn|46\n|c|\u2606regkjk|Gg\n|-message|regkjk forfeited.\n|\n|win|thfighter\n", "inputlog": ">version f8ac14003a5f27e1bdc8d8c59608a773c1cb96e5\n>start {\"formatid\":\"gen9randombattle\",\"seed\":\"sodium,5d9707708c4e8fcfefa14128be17588a\",\"rated\":\"Rated battle\"}\n>player p1 {\"name\":\"regkjk\",\"avatar\":\"caitlin\",\"rating\":2128,\"seed\":\"sodium,fca96f5699e44f351cabf01bf14e6c5b\"}\n>player p2 {\"name\":\"thfighter\",\"avatar\":\"brock\",\"rating\":2220,\"seed\":\"sodium,5a7433221ad605dd70f08e3af5307663\"}\n>p1 move irondefense\n>p2 switch 6\n>p1 switch 3\n>p2 move willowisp\n>p1 move uturn\n>p2 move judgment\n>p1 switch 6\n>p1 move leafstorm\n>p2 switch 6\n>p1 move leafstorm\n>p2 switch 5\n>p1 switch 4\n>p2 move moonlight\n>p1 move uturn\n>p2 move thunderwave\n>p1 switch 2\n>p1 move gunkshot\n>p2 switch 5\n>p2 switch 3\n>p1 move thunderwave\n>p2 move knockoff\n>p1 switch 6\n>p2 move knockoff\n>p1 move uturn\n>p2 move megahorn\n>p1 switch 6\n>p1 move poltergeist\n>p2 move knockoff\n>p1 switch 4\n>p1 move gigadrain\n>p2 move megahorn\n>p2 switch 5\n>p1 move gigadrain\n>p2 move thunderwave\n>p1 switch 6\n>p2 move moonlight\n>p1 move uturn\n>p2 move moonlight\n>p1 switch 6\n>p1 move leafstorm\n>p2 move knockoff\n>p1 switch 6\n>p2 move moonlight\n>p1 move uturn\n>p2 move moonblast\n>p1 switch 2\n>p1 move uturn\n>p2 move knockoff\n>p1 switch 2\n>p1 move uturn\n>p2 move moonblast\n>p1 switch 6\n>p1 move gigadrain\n>p2 move moonblast\n>p1 switch 2\n>p2 move moonblast\n>p1 move roost\n>p2 move moonblast\n>p1 move uturn\n>p2 move thunderwave\n>p1 switch 6\n>p1 move uturn\n>p2 move moonblast\n>p1 switch 5\n>p1 move knockoff\n>p2 move thunderwave\n>p1 move alluringvoice\n>p2 switch 2\n>p1 move alluringvoice\n>p2 move slackoff\n>p1 move alluringvoice\n>p2 move slackoff\n>p1 move alluringvoice\n>p2 move slackoff\n>p1 switch 5\n>p2 move earthquake\n>p1 switch 2\n>p1 move leafstorm\n>p2 move stoneedge\n>p2 switch 2\n>p1 switch 6\n>p2 move knockoff\n>p1 move uturn\n>p2 move moonblast\n>p1 switch 5\n>p1 move wish\n>p2 move knockoff\n>p1 move alluringvoice\n>p2 move moonblast\n>p1 move wish\n>p2 switch 4\n>p1 move alluringvoice\n>p2 move calmmind\n>p1 move knockoff\n>p2 move terastarstorm\n>p1 move knockoff\n>p2 move terastarstorm\n>p1 switch 3\n>p1 move irondefense\n>p2 move terastarstorm\n>p1 move bodypress\n>p2 switch 6\n>p1 move roost\n>p2 move judgment\n>p1 move bravebird\n>p2 move willowisp\n>chat \u2606regkjk|Gg\n>forcelose p1", "uploadtime": 1782832841, "views": 5, "formatid": "gen9randombattle", "rating": null, "private": 0, "password": null, "player_dets": [{"name": "regkjk", "avatar": "caitlin", "rating": 2128, "seed": "sodium,fca96f5699e44f351cabf01bf14e6c5b"}, {"name": "thfighter", "avatar": "brock", "rating": 2220, "seed": "sodium,5a7433221ad605dd70f08e3af5307663"}], "teams_full": [{"Skarmory": {"name": "Skarmory", "species": "Skarmory", "speciesId": "skarmory", "gender": "F", "shiny": false, "level": 80, "moves": ["bravebird", "irondefense", "roost", "bodypress"], "ability": "Sturdy", "evs": {"hp": 85, "atk": 85, "def": 85, "spa": 85, "spd": 85, "spe": 85}, "ivs": {"hp": 31, "atk": 31, "def": 31, "spa": 31, "spd": 31, "spe": 31}, "item": "Leftovers", "teraType": "Fighting", "role": "Bulky Setup", "bvs": {"hp": 65, "atk": 80, "def": 140, "spa": 40, "spd": 70, "spe": 70}, "stats": {"hp": 235, "atk": 174, "def": 270, "spa": 110, "spd": 158, "spe": 158}, "types": ["Steel", "Flying"]}, "Banette": {"name": "Banette", "species": "Banette", "speciesId": "banette", "gender": "F", "shiny": false, "level": 93, "moves": ["poltergeist", "gunkshot", "thunderwave", "shadowsneak"], "ability": "Insomnia", "evs": {"hp": 85, "atk": 85, "def": 85, "spa": 85, "spd": 85, "spe": 85}, "ivs": {"hp": 31, "atk": 31, "def": 31, "spa": 31, "spd": 31, "spe": 31}, "item": "Life Orb", "teraType": "Poison", "role": "Wallbreaker", "bvs": {"hp": 64, "atk": 115, "def": 65, "spa": 83, "spd": 63, "spe": 65}, "stats": {"hp": 270, "atk": 267, "def": 174, "spa": 207, "spd": 170, "spe": 174}, "types": ["Ghost"]}, "Rillaboom": {"name": "Rillaboom", "species": "Rillaboom", "speciesId": "rillaboom", "gender": "F", "shiny": false, "level": 79, "moves": ["knockoff", "uturn", "woodhammer", "grassyglide"], "ability": "Grassy Surge", "evs": {"hp": 85, "atk": 85, "def": 85, "spa": 85, "spd": 85, "spe": 85}, "ivs": {"hp": 31, "atk": 31, "def": 31, "spa": 31, "spd": 31, "spe": 31}, "item": "Choice Band", "teraType": "Grass", "role": "Wallbreaker", "bvs": {"hp": 100, "atk": 125, "def": 90, "spa": 60, "spd": 70, "spe": 85}, "stats": {"hp": 288, "atk": 243, "def": 188, "spa": 140, "spd": 156, "spe": 180}, "types": ["Grass"]}, "Corviknight": {"name": "Corviknight", "species": "Corviknight", "speciesId": "corviknight", "gender": "M", "shiny": false, "level": 80, "moves": ["roost", "bravebird", "defog", "uturn"], "ability": "Mirror Armor", "evs": {"hp": 85, "atk": 85, "def": 85, "spa": 85, "spd": 85, "spe": 85}, "ivs": {"hp": 31, "atk": 31, "def": 31, "spa": 31, "spd": 31, "spe": 31}, "item": "Rocky Helmet", "teraType": "Dragon", "role": "Bulky Support", "bvs": {"hp": 98, "atk": 87, "def": 105, "spa": 53, "spd": 85, "spe": 67}, "stats": {"hp": 288, "atk": 185, "def": 214, "spa": 131, "spd": 182, "spe": 153}, "types": ["Flying", "Steel"]}, "Wigglytuff": {"name": "Wigglytuff", "species": "Wigglytuff", "speciesId": "wigglytuff", "gender": "M", "shiny": false, "level": 96, "moves": ["wish", "alluringvoice", "protect", "knockoff"], "ability": "Competitive", "evs": {"hp": 85, "atk": 85, "def": 85, "spa": 85, "spd": 85, "spe": 85}, "ivs": {"hp": 31, "atk": 31, "def": 31, "spa": 31, "spd": 31, "spe": 31}, "item": "Leftovers", "teraType": "Poison", "role": "Bulky Support", "bvs": {"hp": 140, "atk": 70, "def": 45, "spa": 85, "spd": 50, "spe": 45}, "stats": {"hp": 424, "atk": 189, "def": 141, "spa": 218, "spd": 150, "spe": 141}, "types": ["Normal", "Fairy"]}, "Ludicolo": {"name": "Ludicolo", "species": "Ludicolo", "speciesId": "ludicolo", "gender": "F", "shiny": false, "level": 90, "moves": ["gigadrain", "hydropump", "leafstorm", "icebeam"], "ability": "Swift Swim", "evs": {"hp": 85, "atk": 0, "def": 85, "spa": 85, "spd": 85, "spe": 85}, "ivs": {"hp": 31, "atk": 0, "def": 31, "spa": 31, "spd": 31, "spe": 31}, "item": "Choice Specs", "teraType": "Water", "role": "Fast Attacker", "bvs": {"hp": 80, "atk": 70, "def": 70, "spa": 90, "spd": 100, "spe": 70}, "stats": {"hp": 290, "atk": 131, "def": 177, "spa": 213, "spd": 231, "spe": 177}, "types": ["Water", "Grass"]}}, {"Wyrdeer": {"name": "Wyrdeer", "species": "Wyrdeer", "speciesId": "wyrdeer", "gender": "M", "shiny": false, "level": 87, "moves": ["bodyslam", "thunderwave", "earthquake", "psychicnoise"], "ability": "Intimidate", "evs": {"hp": 85, "atk": 85, "def": 85, "spa": 85, "spd": 85, "spe": 85}, "ivs": {"hp": 31, "atk": 31, "def": 31, "spa": 31, "spd": 31, "spe": 31}, "item": "Leftovers", "teraType": "Ground", "role": "Bulky Attacker", "bvs": {"hp": 103, "atk": 105, "def": 72, "spa": 105, "spd": 75, "spe": 65}, "stats": {"hp": 321, "atk": 232, "def": 175, "spa": 232, "spd": 180, "spe": 163}, "types": ["Normal", "Psychic"]}, "Hippowdon": {"name": "Hippowdon", "species": "Hippowdon", "speciesId": "hippowdon", "gender": "F", "shiny": false, "level": 82, "moves": ["curse", "slackoff", "stoneedge", "earthquake"], "ability": "Sand Stream", "evs": {"hp": 85, "atk": 85, "def": 85, "spa": 85, "spd": 85, "spe": 85}, "ivs": {"hp": 31, "atk": 31, "def": 31, "spa": 31, "spd": 31, "spe": 31}, "item": "Leftovers", "teraType": "Rock", "role": "Bulky Setup", "bvs": {"hp": 108, "atk": 112, "def": 118, "spa": 68, "spd": 72, "spe": 47}, "stats": {"hp": 311, "atk": 231, "def": 241, "spa": 159, "spd": 165, "spe": 124}, "types": ["Ground"]}, "Samurott": {"name": "Samurott", "species": "Samurott", "speciesId": "samurott", "gender": "F", "shiny": false, "level": 88, "moves": ["grassknot", "hydropump", "megahorn", "knockoff"], "ability": "Torrent", "evs": {"hp": 85, "atk": 85, "def": 85, "spa": 85, "spd": 85, "spe": 85}, "ivs": {"hp": 31, "atk": 31, "def": 31, "spa": 31, "spd": 31, "spe": 31}, "item": "Assault Vest", "teraType": "Dark", "role": "AV Pivot", "bvs": {"hp": 95, "atk": 100, "def": 85, "spa": 108, "spd": 70, "spe": 70}, "stats": {"hp": 310, "atk": 226, "def": 200, "spa": 240, "spd": 173, "spe": 173}, "types": ["Water"]}, "Terapagos": {"name": "Terapagos", "species": "Terapagos", "speciesId": "terapagos", "gender": "F", "shiny": false, "level": 77, "moves": ["rapidspin", "darkpulse", "terastarstorm", "calmmind"], "ability": "Tera Shift", "evs": {"hp": 85, "atk": 85, "def": 85, "spa": 85, "spd": 85, "spe": 85}, "ivs": {"hp": 31, "atk": 31, "def": 31, "spa": 31, "spd": 31, "spe": 31}, "item": "Heavy-Duty Boots", "teraType": "Stellar", "role": "Setup Sweeper", "bvs": {"hp": 90, "atk": 65, "def": 85, "spa": 65, "spd": 85, "spe": 60}, "stats": {"hp": 265, "atk": 145, "def": 175, "spa": 145, "spd": 175, "spe": 137}, "types": ["Normal"]}, "Clefable": {"name": "Clefable", "species": "Clefable", "speciesId": "clefable", "gender": "F", "shiny": false, "level": 83, "moves": ["moonlight", "moonblast", "knockoff", "thunderwave"], "ability": "Magic Guard", "evs": {"hp": 85, "atk": 85, "def": 85, "spa": 85, "spd": 85, "spe": 85}, "ivs": {"hp": 31, "atk": 31, "def": 31, "spa": 31, "spd": 31, "spe": 31}, "item": "Life Orb", "teraType": "Steel", "role": "Bulky Support", "bvs": {"hp": 95, "atk": 70, "def": 73, "spa": 95, "spd": 90, "spe": 60}, "stats": {"hp": 293, "atk": 164, "def": 169, "spa": 205, "spd": 197, "spe": 147}, "types": ["Fairy"]}, "Arceus": {"name": "Arceus", "species": "Arceus-Ghost", "speciesId": "arceusghost", "gender": "N", "shiny": false, "level": 69, "moves": ["willowisp", "focusblast", "recover", "judgment"], "ability": "Multitype", "evs": {"hp": 85, "atk": 0, "def": 85, "spa": 85, "spd": 85, "spe": 85}, "ivs": {"hp": 31, "atk": 0, "def": 31, "spa": 31, "spd": 31, "spe": 31}, "item": "Spooky Plate", "teraType": "Dark", "role": "Bulky Attacker", "bvs": {"hp": 120, "atk": 120, "def": 120, "spa": 120, "spd": 120, "spe": 120}, "stats": {"hp": 280, "atk": 170, "def": 206, "spa": 206, "spd": 206, "spe": 206}, "types": ["Ghost"]}}]}