{"id": "gen9randombattle-2641508758", "format": "[Gen 9] Random Battle", "players": ["explosiveburger", "sarodiya"], "log": "|badge|p1|bronze|gen9randombattle|100-9\n|html|<div class=\"broadcast-red\"><strong>This battle is required to be public due to one or more player having a season medal.</strong><br />During the public phase, you can discuss the state of the ladder <a href=\"/seasondiscussion\">in a special chatroom.</a></div>\n|uhtml|medal-msg|<div class=\"broadcast-blue\">Curious what those medals under the avatar are? PS now has Ladder Seasons! For more information, check out the <a href=\"https://www.smogon.com/forums/threads/3740067/\">thread on Smogon.</a></div>\n|j|\u2606explosiveburger\n|j|\u2606sarodiya\n|t:|1782797129\n|gametype|singles\n|player|p1|explosiveburger|firebreather|2310\n|player|p2|sarodiya|265|2247\n|gen|9\n|tier|[Gen 9] Random Battle\n|rated|\n|rule|Species Clause: Limit one of each Pok\u00e9mon\n|rule|HP Percentage Mod: HP is shown in percentages\n|rule|Sleep Clause Mod: Limit one foe put to sleep\n|rule|Illusion Level Mod: Illusion disguises the Pok\u00e9mon's true level\n|\n|t:|1782797129\n|teamsize|p1|6\n|teamsize|p2|6\n|start\n|switch|p1a: Dedenne|Dedenne, L88, M|261/261\n|switch|p2a: Furret|Furret, L94, F|312/312\n|-item|p1a: Dedenne|Sitrus Berry|[from] ability: Frisk|[of] p2a: Furret\n|turn|1\n|inactive|Battle timer is ON: inactive players will automatically lose when time's up. (requested by sarodiya)\n|j| lilboymp4\n|\n|t:|1782797147\n|move|p1a: Dedenne|Nuzzle|p2a: Furret\n|-damage|p2a: Furret|293/312\n|-status|p2a: Furret|par\n|cant|p2a: Furret|par\n|\n|upkeep\n|turn|2\n|\n|t:|1782797157\n|move|p1a: Dedenne|Thunderbolt|p2a: Furret\n|-damage|p2a: Furret|188/312 par\n|move|p2a: Furret|Knock Off|p1a: Dedenne\n|-resisted|p1a: Dedenne\n|-damage|p1a: Dedenne|189/261\n|-enditem|p1a: Dedenne|Sitrus Berry|[from] move: Knock Off|[of] p2a: Furret\n|\n|upkeep\n|turn|3\n|\n|t:|1782797168\n|switch|p2a: Luxray|Luxray, L88, F|284/284\n|-ability|p2a: Luxray|Intimidate|boost\n|-unboost|p1a: Dedenne|atk|1\n|move|p1a: Dedenne|Thunderbolt|p2a: Luxray\n|-resisted|p2a: Luxray\n|-damage|p2a: Luxray|251/284\n|\n|upkeep\n|turn|4\n|\n|t:|1782797175\n|move|p1a: Dedenne|Super Fang|p2a: Luxray\n|-damage|p2a: Luxray|126/284\n|move|p2a: Luxray|Play Rough|p1a: Dedenne\n|-damage|p1a: Dedenne|88/261\n|\n|upkeep\n|turn|5\n|\n|t:|1782797193\n|move|p1a: Dedenne|Dazzling Gleam|p2a: Luxray\n|-damage|p2a: Luxray|72/284\n|move|p2a: Luxray|Volt Switch|p1a: Dedenne\n|-resisted|p1a: Dedenne\n|-damage|p1a: Dedenne|42/261\n|\n|t:|1782797199\n|switch|p2a: Beartic|Beartic, L91, M|321/321|[from] Volt Switch\n|\n|upkeep\n|turn|6\n|\n|t:|1782797211\n|switch|p1a: Milotic|Milotic, L83, M|293/293\n|move|p2a: Beartic|Aqua Jet|p1a: Milotic\n|-resisted|p1a: Milotic\n|-damage|p1a: Milotic|269/293\n|\n|-heal|p1a: Milotic|287/293|[from] item: Leftovers\n|upkeep\n|turn|7\n|\n|t:|1782797221\n|switch|p2a: Toxicroak|Toxicroak, L84, M|277/277\n|move|p1a: Milotic|Scald|p2a: Toxicroak\n|-immune|p2a: Toxicroak|[from] ability: Dry Skin\n|\n|-heal|p1a: Milotic|293/293|[from] item: Leftovers\n|upkeep\n|turn|8\n|\n|t:|1782797240\n|switch|p1a: Mewtwo|Mewtwo, L72|272/272\n|-ability|p1a: Mewtwo|Unnerve\n|move|p2a: Toxicroak|Swords Dance|p2a: Toxicroak\n|-boost|p2a: Toxicroak|atk|2\n|\n|upkeep\n|turn|9\n|\n|t:|1782797252\n|-terastallize|p2a: Toxicroak|Ground\n|move|p1a: Mewtwo|Psystrike|p2a: Toxicroak\n|-damage|p2a: Toxicroak|92/277\n|-damage|p1a: Mewtwo|245/272|[from] item: Life Orb\n|move|p2a: Toxicroak|Earthquake|p1a: Mewtwo\n|-damage|p1a: Mewtwo|0 fnt\n|faint|p1a: Mewtwo\n|-damage|p2a: Toxicroak|65/277|[from] item: Life Orb\n|\n|upkeep\n|\n|t:|1782797261\n|switch|p1a: Ribombee|Ribombee, L83, M|235/235\n|turn|10\n|\n|t:|1782797276\n|switch|p2a: Alomomola|Alomomola, L87, F|429/429\n|move|p1a: Ribombee|Moonblast|p2a: Alomomola\n|-damage|p2a: Alomomola|291/429\n|\n|-heal|p2a: Alomomola|317/429|[from] item: Leftovers\n|upkeep\n|turn|11\n|\n|t:|1782797296\n|switch|p1a: Milotic|Milotic, L83, M|293/293\n|move|p2a: Alomomola|Wish|p2a: Alomomola\n|\n|-heal|p2a: Alomomola|343/429|[from] item: Leftovers\n|upkeep\n|turn|12\n|\n|t:|1782797303\n|move|p1a: Milotic|Ice Beam|p2a: Alomomola\n|-resisted|p2a: Alomomola\n|-damage|p2a: Alomomola|296/429\n|move|p2a: Alomomola|Flip Turn|p1a: Milotic\n|-resisted|p1a: Milotic\n|-damage|p1a: Milotic|262/293\n|\n|t:|1782797312\n|switch|p2a: Luxray|Luxray, L88, F|72/284|[from] Flip Turn\n|-ability|p2a: Luxray|Intimidate|boost\n|-unboost|p1a: Milotic|atk|1\n|-ability|p1a: Milotic|Competitive|boost\n|-boost|p1a: Milotic|spa|2\n|\n|-heal|p2a: Luxray|284/284|[from] move: Wish|[wisher] Alomomola\n|-heal|p1a: Milotic|280/293|[from] item: Leftovers\n|upkeep\n|turn|13\n|\n|t:|1782797323\n|switch|p2a: Alomomola|Alomomola, L87, F|429/429\n|move|p1a: Milotic|Scald|p2a: Alomomola\n|-resisted|p2a: Alomomola\n|-damage|p2a: Alomomola|289/429\n|\n|-heal|p1a: Milotic|293/293|[from] item: Leftovers\n|-heal|p2a: Alomomola|315/429|[from] item: Leftovers\n|upkeep\n|turn|14\n|\n|t:|1782797331\n|move|p2a: Alomomola|Protect|p2a: Alomomola\n|-singleturn|p2a: Alomomola|Protect\n|move|p1a: Milotic|Scald|p2a: Alomomola\n|-activate|p2a: Alomomola|move: Protect\n|\n|-heal|p2a: Alomomola|341/429|[from] item: Leftovers\n|upkeep\n|turn|15\n|\n|t:|1782797340\n|move|p1a: Milotic|Scald|p2a: Alomomola\n|-resisted|p2a: Alomomola\n|-damage|p2a: Alomomola|210/429\n|move|p2a: Alomomola|Wish|p2a: Alomomola\n|\n|-heal|p2a: Alomomola|236/429|[from] item: Leftovers\n|upkeep\n|turn|16\n|\n|t:|1782797350\n|move|p1a: Milotic|Scald|p2a: Alomomola\n|-resisted|p2a: Alomomola\n|-damage|p2a: Alomomola|113/429\n|move|p2a: Alomomola|Scald|p1a: Milotic\n|-resisted|p1a: Milotic\n|-damage|p1a: Milotic|273/293\n|\n|-heal|p2a: Alomomola|327/429|[from] move: Wish|[wisher] Alomomola\n|-heal|p1a: Milotic|291/293|[from] item: Leftovers\n|-heal|p2a: Alomomola|353/429|[from] item: Leftovers\n|upkeep\n|turn|17\n|\n|t:|1782797360\n|move|p2a: Alomomola|Protect|p2a: Alomomola\n|-singleturn|p2a: Alomomola|Protect\n|move|p1a: Milotic|Scald|p2a: Alomomola\n|-activate|p2a: Alomomola|move: Protect\n|\n|-heal|p1a: Milotic|293/293|[from] item: Leftovers\n|-heal|p2a: Alomomola|379/429|[from] item: Leftovers\n|upkeep\n|turn|18\n|\n|t:|1782797367\n|move|p1a: Milotic|Scald|p2a: Alomomola\n|-resisted|p2a: Alomomola\n|-damage|p2a: Alomomola|241/429\n|move|p2a: Alomomola|Wish|p2a: Alomomola\n|\n|-heal|p2a: Alomomola|267/429|[from] item: Leftovers\n|upkeep\n|turn|19\n|\n|t:|1782797373\n|switch|p2a: Toxicroak|Toxicroak, L84, M, tera:Ground|65/277\n|move|p1a: Milotic|Scald|p2a: Toxicroak\n|-heal|p2a: Toxicroak|134/277|[from] ability: Dry Skin|[of] p1a: Milotic\n|\n|-heal|p2a: Toxicroak|277/277|[from] move: Wish|[wisher] Alomomola\n|upkeep\n|turn|20\n|\n|t:|1782797384\n|switch|p2a: Alomomola|Alomomola, L87, F|410/429\n|move|p1a: Milotic|Ice Beam|p2a: Alomomola\n|-resisted|p2a: Alomomola\n|-damage|p2a: Alomomola|311/429\n|\n|-heal|p2a: Alomomola|337/429|[from] item: Leftovers\n|upkeep\n|turn|21\n|\n|t:|1782797390\n|move|p2a: Alomomola|Protect|p2a: Alomomola\n|-singleturn|p2a: Alomomola|Protect\n|move|p1a: Milotic|Scald|p2a: Alomomola\n|-activate|p2a: Alomomola|move: Protect\n|\n|-heal|p2a: Alomomola|363/429|[from] item: Leftovers\n|upkeep\n|turn|22\n|\n|t:|1782797397\n|move|p1a: Milotic|Scald|p2a: Alomomola\n|-resisted|p2a: Alomomola\n|-damage|p2a: Alomomola|240/429\n|-status|p2a: Alomomola|brn\n|move|p2a: Alomomola|Wish|p2a: Alomomola\n|\n|-heal|p2a: Alomomola|266/429 brn|[from] item: Leftovers\n|-damage|p2a: Alomomola|240/429 brn|[from] brn\n|upkeep\n|turn|23\n|\n|t:|1782797408\n|move|p1a: Milotic|Ice Beam|p2a: Alomomola\n|-resisted|p2a: Alomomola\n|-damage|p2a: Alomomola|146/429 brn\n|move|p2a: Alomomola|Scald|p1a: Milotic\n|-resisted|p1a: Milotic\n|-damage|p1a: Milotic|275/293\n|-status|p1a: Milotic|brn\n|\n|-heal|p2a: Alomomola|360/429 brn|[from] move: Wish|[wisher] Alomomola\n|-heal|p1a: Milotic|293/293 brn|[from] item: Leftovers\n|-heal|p2a: Alomomola|386/429 brn|[from] item: Leftovers\n|-damage|p1a: Milotic|275/293 brn|[from] brn\n|-damage|p2a: Alomomola|360/429 brn|[from] brn\n|upkeep\n|turn|24\n|\n|t:|1782797421\n|switch|p1a: Sunflora|Sunflora, M|312/312\n|move|p2a: Alomomola|Wish|p2a: Alomomola\n|\n|-heal|p2a: Alomomola|386/429 brn|[from] item: Leftovers\n|-damage|p2a: Alomomola|360/429 brn|[from] brn\n|upkeep\n|turn|25\n|\n|t:|1782797436\n|move|p2a: Alomomola|Flip Turn|p1a: Sunflora\n|-resisted|p1a: Sunflora\n|-damage|p1a: Sunflora|295/312\n|\n|t:|1782797443\n|switch|p2a: Luxray|Luxray, L88, F|284/284|[from] Flip Turn\n|-ability|p2a: Luxray|Intimidate|boost\n|-unboost|p1a: Sunflora|atk|1\n|move|p1a: Sunflora|Sunny Day|p1a: Sunflora\n|-weather|SunnyDay\n|\n|-weather|SunnyDay|[upkeep]\n|upkeep\n|turn|26\n|\n|t:|1782797454\n|move|p1a: Sunflora|Earth Power|p2a: Luxray\n|-supereffective|p2a: Luxray\n|-damage|p2a: Luxray|99/284\n|-damage|p1a: Sunflora|264/312|[from] item: Life Orb\n|move|p2a: Luxray|Ice Fang|p1a: Sunflora\n|-supereffective|p1a: Sunflora\n|-damage|p1a: Sunflora|118/312\n|\n|-weather|SunnyDay|[upkeep]\n|upkeep\n|turn|27\n|\n|t:|1782797475\n|move|p1a: Sunflora|Solar Beam||[still]\n|-prepare|p1a: Sunflora|Solar Beam\n|-anim|p1a: Sunflora|Solar Beam|p2a: Luxray\n|-damage|p2a: Luxray|0 fnt\n|faint|p2a: Luxray\n|-damage|p1a: Sunflora|87/312|[from] item: Life Orb\n|\n|-weather|SunnyDay|[upkeep]\n|upkeep\n|\n|t:|1782797480\n|switch|p2a: Alomomola|Alomomola, L87, F|429/429 brn\n|turn|28\n|\n|t:|1782797487\n|move|p2a: Alomomola|Protect|p2a: Alomomola\n|-singleturn|p2a: Alomomola|Protect\n|move|p1a: Sunflora|Solar Beam||[still]\n|-prepare|p1a: Sunflora|Solar Beam\n|-anim|p1a: Sunflora|Solar Beam|p2a: Alomomola\n|-activate|p2a: Alomomola|move: Protect\n|\n|-weather|SunnyDay|[upkeep]\n|-damage|p2a: Alomomola|403/429 brn|[from] brn\n|upkeep\n|turn|29\n|\n|t:|1782797495\n|switch|p2a: Tauros|Tauros-Paldea-Blaze, L81, M|252/252\n|move|p1a: Sunflora|Weather Ball|p2a: Tauros\n|-resisted|p2a: Tauros\n|-damage|p2a: Tauros|119/252\n|-enditem|p2a: Tauros|Sitrus Berry|[eat]\n|-heal|p2a: Tauros|182/252|[from] item: Sitrus Berry\n|-damage|p1a: Sunflora|56/312|[from] item: Life Orb\n|\n|-weather|none\n|upkeep\n|turn|30\n|\n|t:|1782797509\n|move|p2a: Tauros|Substitute|p2a: Tauros\n|-start|p2a: Tauros|Substitute\n|-damage|p2a: Tauros|119/252\n|move|p1a: Sunflora|Earth Power|p2a: Tauros\n|-supereffective|p2a: Tauros\n|-end|p2a: Tauros|Substitute\n|-damage|p1a: Sunflora|25/312|[from] item: Life Orb\n|\n|-activate|p2a: Tauros|ability: Cud Chew\n|-enditem|p2a: Tauros|Sitrus Berry|[eat]\n|-heal|p2a: Tauros|182/252|[from] item: Sitrus Berry\n|upkeep\n|turn|31\n|\n|t:|1782797522\n|move|p2a: Tauros|Close Combat|p1a: Sunflora\n|-damage|p1a: Sunflora|0 fnt\n|-unboost|p2a: Tauros|def|1\n|-unboost|p2a: Tauros|spd|1\n|faint|p1a: Sunflora\n|\n|upkeep\n|\n|t:|1782797529\n|switch|p1a: Braviary|Braviary, L85, M|309/309\n|turn|32\n|\n|t:|1782797558\n|switch|p2a: Alomomola|Alomomola, L87, F|429/429 brn\n|move|p1a: Braviary|Brave Bird|p2a: Alomomola\n|-damage|p2a: Alomomola|263/429 brn\n|-damage|p1a: Braviary|254/309|[from] Recoil\n|\n|-heal|p2a: Alomomola|289/429 brn|[from] item: Leftovers\n|-damage|p2a: Alomomola|263/429 brn|[from] brn\n|upkeep\n|turn|33\n|\n|t:|1782797568\n|move|p1a: Braviary|Bulk Up|p1a: Braviary\n|-boost|p1a: Braviary|atk|1\n|-boost|p1a: Braviary|def|1\n|move|p2a: Alomomola|Scald|p1a: Braviary\n|-damage|p1a: Braviary|199/309\n|\n|-heal|p2a: Alomomola|289/429 brn|[from] item: Leftovers\n|-damage|p2a: Alomomola|263/429 brn|[from] brn\n|upkeep\n|turn|34\n|\n|t:|1782797583\n|switch|p2a: Furret|Furret, L94, F|188/312 par\n|-item|p1a: Braviary|Heavy-Duty Boots|[from] ability: Frisk|[of] p2a: Furret\n|move|p1a: Braviary|Bulk Up|p1a: Braviary\n|-boost|p1a: Braviary|atk|1\n|-boost|p1a: Braviary|def|1\n|\n|upkeep\n|turn|35\n|\n|t:|1782797594\n|move|p1a: Braviary|Brave Bird|p2a: Furret\n|-damage|p2a: Furret|0 fnt\n|faint|p2a: Furret\n|-damage|p1a: Braviary|137/309|[from] Recoil\n|\n|upkeep\n|\n|t:|1782797613\n|switch|p2a: Alomomola|Alomomola, L87, F|406/429 brn\n|turn|36\n|\n|t:|1782797620\n|move|p1a: Braviary|Roost|p1a: Braviary\n|-heal|p1a: Braviary|292/309\n|-singleturn|p1a: Braviary|move: Roost\n|move|p2a: Alomomola|Scald|p1a: Braviary\n|-damage|p1a: Braviary|234/309\n|\n|-heal|p2a: Alomomola|429/429 brn|[from] item: Leftovers\n|-damage|p2a: Alomomola|403/429 brn|[from] brn\n|upkeep\n|turn|37\n|\n|t:|1782797629\n|move|p1a: Braviary|Bulk Up|p1a: Braviary\n|-boost|p1a: Braviary|atk|1\n|-boost|p1a: Braviary|def|1\n|move|p2a: Alomomola|Scald|p1a: Braviary\n|-damage|p1a: Braviary|177/309\n|-status|p1a: Braviary|brn\n|\n|-heal|p2a: Alomomola|429/429 brn|[from] item: Leftovers\n|-damage|p1a: Braviary|158/309 brn|[from] brn\n|-damage|p2a: Alomomola|403/429 brn|[from] brn\n|upkeep\n|turn|38\n|\n|t:|1782797640\n|move|p1a: Braviary|Bulk Up|p1a: Braviary\n|-boost|p1a: Braviary|atk|1\n|-boost|p1a: Braviary|def|1\n|move|p2a: Alomomola|Flip Turn|p1a: Braviary\n|-damage|p1a: Braviary|147/309 brn\n|\n|t:|1782797663\n|switch|p2a: Beartic|Beartic, L91, M|321/321|[from] Flip Turn\n|\n|-damage|p1a: Braviary|128/309 brn|[from] brn\n|upkeep\n|turn|39\n|\n|t:|1782797668\n|move|p1a: Braviary|Roost|p1a: Braviary\n|-heal|p1a: Braviary|283/309 brn\n|-singleturn|p1a: Braviary|move: Roost\n|move|p2a: Beartic|Close Combat|p1a: Braviary\n|-supereffective|p1a: Braviary\n|-damage|p1a: Braviary|185/309 brn\n|-unboost|p2a: Beartic|def|1\n|-unboost|p2a: Beartic|spd|1\n|\n|-damage|p1a: Braviary|166/309 brn|[from] brn\n|upkeep\n|turn|40\n|\n|t:|1782797688\n|move|p1a: Braviary|Brave Bird|p2a: Beartic\n|-damage|p2a: Beartic|0 fnt\n|faint|p2a: Beartic\n|-damage|p1a: Braviary|60/309 brn|[from] Recoil\n|\n|-damage|p1a: Braviary|41/309 brn|[from] brn\n|upkeep\n|\n|t:|1782797693\n|switch|p2a: Toxicroak|Toxicroak, L84, M, tera:Ground|277/277\n|turn|41\n|\n|t:|1782797696\n|move|p2a: Toxicroak|Close Combat|p1a: Braviary\n|-crit|p1a: Braviary\n|-damage|p1a: Braviary|0 fnt\n|-unboost|p2a: Toxicroak|def|1\n|-unboost|p2a: Toxicroak|spd|1\n|faint|p1a: Braviary\n|-damage|p2a: Toxicroak|250/277|[from] item: Life Orb\n|\n|upkeep\n|\n|t:|1782797713\n|switch|p1a: Milotic|Milotic, L83, M|275/293 brn\n|turn|42\n|\n|t:|1782797724\n|switch|p2a: Alomomola|Alomomola, L87, F|429/429 brn\n|switch|p1a: Dedenne|Dedenne, L88, M|42/261\n|\n|-damage|p2a: Alomomola|403/429 brn|[from] brn\n|upkeep\n|turn|43\n|\n|t:|1782797747\n|move|p1a: Dedenne|Dazzling Gleam|p2a: Alomomola\n|-damage|p2a: Alomomola|270/429 brn\n|move|p2a: Alomomola|Scald|p1a: Dedenne\n|-damage|p1a: Dedenne|0 fnt\n|faint|p1a: Dedenne\n|\n|-heal|p2a: Alomomola|296/429 brn|[from] item: Leftovers\n|-damage|p2a: Alomomola|270/429 brn|[from] brn\n|upkeep\n|\n|t:|1782797756\n|switch|p1a: Ribombee|Ribombee, L83, M|235/235\n|turn|44\n|\n|t:|1782797760\n|move|p1a: Ribombee|Quiver Dance|p1a: Ribombee\n|-boost|p1a: Ribombee|spa|1\n|-boost|p1a: Ribombee|spd|1\n|-boost|p1a: Ribombee|spe|1\n|move|p2a: Alomomola|Flip Turn|p1a: Ribombee\n|-damage|p1a: Ribombee|195/235\n|\n|t:|1782797763\n|switch|p2a: Toxicroak|Toxicroak, L84, M, tera:Ground|250/277|[from] Flip Turn\n|\n|upkeep\n|turn|45\n|\n|t:|1782797776\n|move|p1a: Ribombee|Bug Buzz|p2a: Toxicroak\n|-damage|p2a: Toxicroak|66/277\n|move|p2a: Toxicroak|Close Combat|p1a: Ribombee\n|-resisted|p1a: Ribombee\n|-damage|p1a: Ribombee|135/235\n|-unboost|p2a: Toxicroak|def|1\n|-unboost|p2a: Toxicroak|spd|1\n|-damage|p2a: Toxicroak|39/277|[from] item: Life Orb\n|\n|upkeep\n|turn|46\n|-message|sarodiya forfeited.\n|\n|win|explosiveburger\n", "inputlog": ">version f8ac14003a5f27e1bdc8d8c59608a773c1cb96e5\n>start {\"formatid\":\"gen9randombattle\",\"seed\":\"sodium,3adf5cec2226ebd1fa6a7fb51bf2854e\",\"rated\":\"Rated battle\"}\n>player p1 {\"name\":\"explosiveburger\",\"avatar\":\"firebreather\",\"rating\":2310,\"seed\":\"sodium,15387fc35ce3b86fdd581fbe43df0dc4\"}\n>player p2 {\"name\":\"sarodiya\",\"avatar\":\"265\",\"rating\":2247,\"seed\":\"sodium,7e63c12b4e793b54e3372da022346a3f\"}\n>p1 move nuzzle\n>p2 move doubleedge\n>p1 move thunderbolt\n>p2 move knockoff\n>p1 move thunderbolt\n>p2 switch 6\n>p1 move superfang\n>p2 move playrough\n>p1 move dazzlinggleam\n>p2 move voltswitch\n>p2 switch 3\n>p1 switch 5\n>p2 move aquajet\n>p1 move scald\n>p2 switch 5\n>p1 switch 3\n>p2 move swordsdance\n>p1 move psystrike\n>p2 move earthquake terastallize\n>p1 switch 6\n>p1 move moonblast\n>p2 switch 2\n>p1 switch 3\n>p2 move wish\n>p1 move icebeam\n>p2 move flipturn\n>p2 switch 3\n>p1 move scald\n>p2 switch 3\n>p1 move scald\n>p2 move protect\n>p1 move scald\n>p2 move wish\n>p1 move scald\n>p2 move scald\n>p1 move scald\n>p2 move protect\n>p1 move scald\n>p2 move wish\n>p1 move scald\n>p2 switch 2\n>p1 move icebeam\n>p2 switch 2\n>p1 move scald\n>p2 move protect\n>p1 move scald\n>p2 move wish\n>p1 move icebeam\n>p2 move scald\n>p1 switch 2\n>p2 move wish\n>p1 move sunnyday\n>p2 move flipturn\n>p2 switch 3\n>p1 move earthpower\n>p2 move icefang\n>p1 move solarbeam\n>p2 move icefang\n>p2 switch 3\n>p1 move solarbeam\n>p2 move protect\n>p1 move weatherball\n>p2 switch 4\n>p1 move earthpower\n>p2 move substitute\n>p1 move earthpower\n>p2 move closecombat\n>p1 switch 4\n>p1 move bravebird\n>p2 switch 4\n>p1 move bulkup\n>p2 move scald\n>p1 move bulkup\n>p2 switch 6\n>p1 move bravebird\n>p2 move trick\n>p2 switch 6\n>p1 move roost\n>p2 move scald\n>p1 move bulkup\n>p2 move scald\n>p1 move bulkup\n>p2 move flipturn\n>p2 switch 5\n>p1 move roost\n>p2 move closecombat\n>p1 move bravebird\n>p2 move closecombat\n>p2 switch 2\n>p1 move roost\n>p2 move closecombat\n>p1 switch 2\n>p1 switch 5\n>p2 switch 5\n>p1 move dazzlinggleam\n>p2 move scald\n>p1 switch 3\n>p1 move quiverdance\n>p2 move flipturn\n>p2 switch 5\n>p1 move bugbuzz\n>p2 move closecombat\n>forcelose p2", "uploadtime": 1782797131, "views": 3, "formatid": "gen9randombattle", "rating": null, "private": 0, "password": null, "player_dets": [{"name": "explosiveburger", "avatar": "firebreather", "rating": 2310, "seed": "sodium,15387fc35ce3b86fdd581fbe43df0dc4"}, {"name": "sarodiya", "avatar": "265", "rating": 2247, "seed": "sodium,7e63c12b4e793b54e3372da022346a3f"}], "teams_full": [{"Dedenne": {"name": "Dedenne", "species": "Dedenne", "speciesId": "dedenne", "gender": "M", "shiny": false, "level": 88, "moves": ["thunderbolt", "nuzzle", "dazzlinggleam", "superfang"], "ability": "Cheek Pouch", "evs": {"hp": 85, "atk": 85, "def": 85, "spa": 85, "spd": 85, "spe": 85}, "ivs": {"hp": 31, "atk": 31, "def": 31, "spa": 31, "spd": 31, "spe": 31}, "item": "Sitrus Berry", "teraType": "Flying", "role": "Fast Support", "bvs": {"hp": 67, "atk": 58, "def": 57, "spa": 81, "spd": 67, "spe": 101}, "stats": {"hp": 261, "atk": 152, "def": 151, "spa": 193, "spd": 168, "spe": 228}, "types": ["Electric", "Fairy"]}, "Sunflora": {"name": "Sunflora", "species": "Sunflora", "speciesId": "sunflora", "gender": "M", "shiny": false, "level": 100, "moves": ["earthpower", "solarbeam", "weatherball", "sunnyday"], "ability": "Chlorophyll", "evs": {"hp": 85, "atk": 0, "def": 85, "spa": 85, "spd": 85, "spe": 85}, "ivs": {"hp": 31, "atk": 0, "def": 31, "spa": 31, "spd": 31, "spe": 31}, "item": "Life Orb", "teraType": "Fire", "role": "Setup Sweeper", "bvs": {"hp": 75, "atk": 75, "def": 55, "spa": 105, "spd": 85, "spe": 30}, "stats": {"hp": 312, "atk": 155, "def": 167, "spa": 267, "spd": 227, "spe": 117}, "types": ["Grass"]}, "Mewtwo": {"name": "Mewtwo", "species": "Mewtwo", "speciesId": "mewtwo", "gender": "N", "shiny": false, "level": 72, "moves": ["recover", "darkpulse", "nastyplot", "psystrike"], "ability": "Unnerve", "evs": {"hp": 85, "atk": 0, "def": 85, "spa": 85, "spd": 85, "spe": 85}, "ivs": {"hp": 31, "atk": 0, "def": 31, "spa": 31, "spd": 31, "spe": 31}, "item": "Life Orb", "teraType": "Psychic", "role": "Setup Sweeper", "bvs": {"hp": 106, "atk": 110, "def": 90, "spa": 154, "spd": 90, "spe": 130}, "stats": {"hp": 272, "atk": 163, "def": 172, "spa": 264, "spd": 172, "spe": 229}, "types": ["Psychic"]}, "Braviary": {"name": "Braviary", "species": "Braviary", "speciesId": "braviary", "gender": "M", "shiny": false, "level": 85, "moves": ["roost", "bravebird", "closecombat", "bulkup"], "ability": "Defiant", "evs": {"hp": 85, "atk": 85, "def": 85, "spa": 85, "spd": 85, "spe": 85}, "ivs": {"hp": 31, "atk": 31, "def": 31, "spa": 31, "spd": 31, "spe": 31}, "item": "Heavy-Duty Boots", "teraType": "Fighting", "role": "Fast Bulky Setup", "bvs": {"hp": 100, "atk": 123, "def": 75, "spa": 57, "spd": 75, "spe": 80}, "stats": {"hp": 309, "atk": 258, "def": 176, "spa": 146, "spd": 176, "spe": 185}, "types": ["Normal", "Flying"]}, "Milotic": {"name": "Milotic", "species": "Milotic", "speciesId": "milotic", "gender": "M", "shiny": false, "level": 83, "moves": ["recover", "haze", "icebeam", "scald"], "ability": "Competitive", "evs": {"hp": 85, "atk": 0, "def": 85, "spa": 85, "spd": 85, "spe": 85}, "ivs": {"hp": 31, "atk": 0, "def": 31, "spa": 31, "spd": 31, "spe": 31}, "item": "Leftovers", "teraType": "Steel", "role": "Bulky Attacker", "bvs": {"hp": 95, "atk": 60, "def": 79, "spa": 100, "spd": 125, "spe": 81}, "stats": {"hp": 293, "atk": 104, "def": 179, "spa": 214, "spd": 255, "spe": 182}, "types": ["Water"]}, "Ribombee": {"name": "Ribombee", "species": "Ribombee", "speciesId": "ribombee", "gender": "M", "shiny": false, "level": 83, "moves": ["moonblast", "terablast", "quiverdance", "bugbuzz"], "ability": "Shield Dust", "evs": {"hp": 85, "atk": 0, "def": 85, "spa": 85, "spd": 85, "spe": 85}, "ivs": {"hp": 31, "atk": 0, "def": 31, "spa": 31, "spd": 31, "spe": 31}, "item": "Heavy-Duty Boots", "teraType": "Ground", "role": "Tera Blast user", "bvs": {"hp": 60, "atk": 55, "def": 60, "spa": 95, "spd": 70, "spe": 124}, "stats": {"hp": 235, "atk": 96, "def": 147, "spa": 205, "spd": 164, "spe": 254}, "types": ["Bug", "Fairy"]}}, {"Furret": {"name": "Furret", "species": "Furret", "speciesId": "furret", "gender": "F", "shiny": false, "level": 94, "moves": ["doubleedge", "knockoff", "trick", "uturn"], "ability": "Frisk", "evs": {"hp": 85, "atk": 85, "def": 85, "spa": 85, "spd": 85, "spe": 85}, "ivs": {"hp": 31, "atk": 31, "def": 31, "spa": 31, "spd": 31, "spe": 31}, "item": "Choice Band", "teraType": "Ghost", "role": "Wallbreaker", "bvs": {"hp": 85, "atk": 76, "def": 64, "spa": 45, "spd": 55, "spe": 90}, "stats": {"hp": 312, "atk": 196, "def": 174, "spa": 138, "spd": 157, "spe": 223}, "types": ["Normal"]}, "Alomomola": {"name": "Alomomola", "species": "Alomomola", "speciesId": "alomomola", "gender": "F", "shiny": false, "level": 87, "moves": ["scald", "wish", "flipturn", "protect"], "ability": "Regenerator", "evs": {"hp": 85, "atk": 85, "def": 85, "spa": 85, "spd": 85, "spe": 85}, "ivs": {"hp": 31, "atk": 31, "def": 31, "spa": 31, "spd": 31, "spe": 31}, "item": "Leftovers", "teraType": "Poison", "role": "Bulky Support", "bvs": {"hp": 165, "atk": 75, "def": 80, "spa": 40, "spd": 45, "spe": 65}, "stats": {"hp": 429, "atk": 180, "def": 189, "spa": 119, "spd": 128, "spe": 163}, "types": ["Water"]}, "Beartic": {"name": "Beartic", "species": "Beartic", "speciesId": "beartic", "gender": "M", "shiny": false, "level": 91, "moves": ["closecombat", "aquajet", "swordsdance", "iciclecrash"], "ability": "Swift Swim", "evs": {"hp": 85, "atk": 85, "def": 85, "spa": 85, "spd": 85, "spe": 85}, "ivs": {"hp": 31, "atk": 31, "def": 31, "spa": 31, "spd": 31, "spe": 31}, "item": "Heavy-Duty Boots", "teraType": "Fighting", "role": "Wallbreaker", "bvs": {"hp": 95, "atk": 130, "def": 80, "spa": 70, "spd": 80, "spe": 50}, "stats": {"hp": 321, "atk": 288, "def": 197, "spa": 179, "spd": 197, "spe": 143}, "types": ["Ice"]}, "Tauros": {"name": "Tauros", "species": "Tauros-Paldea-Blaze", "speciesId": "taurospaldeablaze", "gender": "M", "shiny": false, "level": 81, "moves": ["ragingbull", "substitute", "bulkup", "closecombat"], "ability": "Cud Chew", "evs": {"hp": 73, "atk": 85, "def": 85, "spa": 85, "spd": 85, "spe": 85}, "ivs": {"hp": 31, "atk": 31, "def": 31, "spa": 31, "spd": 31, "spe": 31}, "item": "Sitrus Berry", "teraType": "Water", "role": "Fast Bulky Setup", "bvs": {"hp": 75, "atk": 110, "def": 105, "spa": 30, "spd": 70, "spe": 100}, "stats": {"hp": 252, "atk": 225, "def": 217, "spa": 95, "spd": 160, "spe": 209}, "types": ["Fighting", "Fire"]}, "Toxicroak": {"name": "Toxicroak", "species": "Toxicroak", "speciesId": "toxicroak", "gender": "M", "shiny": false, "level": 84, "moves": ["closecombat", "gunkshot", "swordsdance", "earthquake"], "ability": "Dry Skin", "evs": {"hp": 85, "atk": 85, "def": 85, "spa": 85, "spd": 85, "spe": 85}, "ivs": {"hp": 31, "atk": 31, "def": 31, "spa": 31, "spd": 31, "spe": 31}, "item": "Life Orb", "teraType": "Ground", "role": "Setup Sweeper", "bvs": {"hp": 83, "atk": 106, "def": 65, "spa": 86, "spd": 65, "spe": 85}, "stats": {"hp": 277, "atk": 226, "def": 157, "spa": 193, "spd": 157, "spe": 191}, "types": ["Poison", "Fighting"]}, "Luxray": {"name": "Luxray", "species": "Luxray", "speciesId": "luxray", "gender": "F", "shiny": false, "level": 88, "moves": ["playrough", "voltswitch", "wildcharge", "icefang"], "ability": "Intimidate", "evs": {"hp": 85, "atk": 85, "def": 85, "spa": 85, "spd": 85, "spe": 85}, "ivs": {"hp": 31, "atk": 31, "def": 31, "spa": 31, "spd": 31, "spe": 31}, "item": "Assault Vest", "teraType": "Fairy", "role": "AV Pivot", "bvs": {"hp": 80, "atk": 120, "def": 79, "spa": 95, "spd": 79, "spe": 70}, "stats": {"hp": 284, "atk": 261, "def": 189, "spa": 217, "spd": 189, "spe": 173}, "types": ["Electric"]}}]}