{"id": "gen9randombattle-2641744528", "format": "[Gen 9] Random Battle", "players": ["framegame321", "Galarian Gas"], "log": "|j|\u2606framegame321\n|j|\u2606Galarian Gas\n|t:|1782836792\n|gametype|singles\n|player|p1|framegame321|266|2072\n|player|p2|Galarian Gas|265|2128\n|gen|9\n|tier|[Gen 9] Random Battle\n|rated|\n|rule|Species Clause: Limit one of each Pok\u00e9mon\n|rule|HP Percentage Mod: HP is shown in percentages\n|rule|Sleep Clause Mod: Limit one foe put to sleep\n|rule|Illusion Level Mod: Illusion disguises the Pok\u00e9mon's true level\n|\n|t:|1782836792\n|teamsize|p1|6\n|teamsize|p2|6\n|start\n|switch|p1a: Lugia|Lugia, L73|275/275\n|switch|p2a: Ursaring|Ursaring, L84, F|288/288\n|turn|1\n|inactive|Battle timer is ON: inactive players will automatically lose when time's up. (requested by Galarian Gas)\n|\n|t:|1782836811\n|switch|p1a: Virizion|Virizion, L82|283/283\n|move|p2a: Ursaring|Body Slam|p1a: Virizion\n|-damage|p1a: Virizion|157/283\n|\n|upkeep\n|turn|2\n|\n|t:|1782836839\n|switch|p2a: Dachsbun|Dachsbun, L92, M|254/254\n|move|p1a: Virizion|Close Combat|p2a: Dachsbun\n|-resisted|p2a: Dachsbun\n|-damage|p2a: Dachsbun|196/254\n|-unboost|p1a: Virizion|def|1\n|-unboost|p1a: Virizion|spd|1\n|-damage|p1a: Virizion|129/283|[from] item: Life Orb\n|\n|-heal|p2a: Dachsbun|211/254|[from] item: Leftovers\n|upkeep\n|turn|3\n|\n|t:|1782836843\n|switch|p1a: Toxapex|Toxapex, L82, F|216/216\n|move|p2a: Dachsbun|Play Rough|p1a: Toxapex\n|-resisted|p1a: Toxapex\n|-damage|p1a: Toxapex|180/216\n|-damage|p2a: Dachsbun|169/254|[from] item: Rocky Helmet|[of] p1a: Toxapex\n|\n|-heal|p2a: Dachsbun|184/254|[from] item: Leftovers\n|upkeep\n|turn|4\n|\n|t:|1782836850\n|switch|p2a: Kricketune|Kricketune, L99, F|312/312\n|move|p1a: Toxapex|Toxic Spikes|p2a: Kricketune\n|-sidestart|p2: Galarian Gas|move: Toxic Spikes\n|\n|upkeep\n|turn|5\n|\n|t:|1782836858\n|switch|p1a: Lugia|Lugia, L73|275/275\n|move|p2a: Kricketune|Knock Off|p1a: Lugia\n|-supereffective|p1a: Lugia\n|-damage|p1a: Lugia|197/275\n|-enditem|p1a: Lugia|Heavy-Duty Boots|[from] move: Knock Off|[of] p2a: Kricketune\n|\n|upkeep\n|turn|6\n|\n|t:|1782836864\n|move|p1a: Lugia|Aeroblast|p2a: Kricketune\n|-supereffective|p2a: Kricketune\n|-damage|p2a: Kricketune|132/312\n|move|p2a: Kricketune|Pounce|p1a: Lugia\n|-damage|p1a: Lugia|116/275\n|-unboost|p1a: Lugia|spe|1\n|\n|upkeep\n|turn|7\n|\n|t:|1782836870\n|move|p2a: Kricketune|Sticky Web|p1a: Lugia\n|-sidestart|p1: framegame321|move: Sticky Web\n|move|p1a: Lugia|Aeroblast|p2a: Kricketune\n|-supereffective|p2a: Kricketune\n|-damage|p2a: Kricketune|0 fnt\n|faint|p2a: Kricketune\n|\n|upkeep\n|\n|t:|1782836874\n|switch|p2a: Ursaring|Ursaring, L84, F|288/288\n|-status|p2a: Ursaring|psn\n|turn|8\n|\n|t:|1782836879\n|switch|p1a: Hoopa|Hoopa, L85|275/275\n|-activate|p1a: Hoopa|move: Sticky Web\n|-unboost|p1a: Hoopa|spe|1\n|move|p2a: Ursaring|Body Slam|p1a: Hoopa\n|-immune|p1a: Hoopa\n|\n|-damage|p2a: Ursaring|252/288 psn|[from] psn\n|upkeep\n|turn|9\n|\n|t:|1782836887\n|move|p1a: Hoopa|Trick|p2a: Ursaring\n|-activate|p1a: Hoopa|move: Trick|[of] p2a: Ursaring\n|-item|p2a: Ursaring|Choice Scarf|[from] move: Trick\n|-item|p1a: Hoopa|Eviolite|[from] move: Trick\n|move|p2a: Ursaring|Earthquake|p1a: Hoopa\n|-damage|p1a: Hoopa|88/275\n|\n|-damage|p2a: Ursaring|216/288 psn|[from] psn\n|upkeep\n|turn|10\n|\n|t:|1782836904\n|switch|p2a: Alcremie|Alcremie-Mint-Cream, L90, F|263/263\n|-status|p2a: Alcremie|psn\n|switch|p1a: Lugia|Lugia, L73|116/275\n|\n|-damage|p2a: Alcremie|231/263 psn|[from] psn\n|upkeep\n|turn|11\n|\n|t:|1782836909\n|move|p1a: Lugia|Calm Mind|p1a: Lugia\n|-boost|p1a: Lugia|spa|1\n|-boost|p1a: Lugia|spd|1\n|move|p2a: Alcremie|Calm Mind|p2a: Alcremie\n|-boost|p2a: Alcremie|spa|1\n|-boost|p2a: Alcremie|spd|1\n|\n|-heal|p2a: Alcremie|247/263 psn|[from] item: Leftovers\n|-damage|p2a: Alcremie|215/263 psn|[from] psn\n|upkeep\n|turn|12\n|\n|t:|1782836914\n|move|p1a: Lugia|Recover|p1a: Lugia\n|-heal|p1a: Lugia|254/275\n|move|p2a: Alcremie|Alluring Voice|p1a: Lugia\n|-crit|p1a: Lugia\n|-damage|p1a: Lugia|79/275\n|\n|-heal|p2a: Alcremie|231/263 psn|[from] item: Leftovers\n|-damage|p2a: Alcremie|199/263 psn|[from] psn\n|upkeep\n|turn|13\n|\n|t:|1782836919\n|move|p1a: Lugia|Recover|p1a: Lugia\n|-heal|p1a: Lugia|217/275\n|move|p2a: Alcremie|Calm Mind|p2a: Alcremie\n|-boost|p2a: Alcremie|spa|1\n|-boost|p2a: Alcremie|spd|1\n|\n|-heal|p2a: Alcremie|215/263 psn|[from] item: Leftovers\n|-damage|p2a: Alcremie|183/263 psn|[from] psn\n|upkeep\n|turn|14\n|\n|t:|1782836923\n|move|p1a: Lugia|Calm Mind|p1a: Lugia\n|-boost|p1a: Lugia|spa|1\n|-boost|p1a: Lugia|spd|1\n|move|p2a: Alcremie|Alluring Voice|p1a: Lugia\n|-damage|p1a: Lugia|138/275\n|-start|p1a: Lugia|confusion\n|\n|-heal|p2a: Alcremie|199/263 psn|[from] item: Leftovers\n|-damage|p2a: Alcremie|167/263 psn|[from] psn\n|upkeep\n|turn|15\n|\n|t:|1782836928\n|-activate|p1a: Lugia|confusion\n|move|p1a: Lugia|Calm Mind|p1a: Lugia\n|-boost|p1a: Lugia|spa|1\n|-boost|p1a: Lugia|spd|1\n|move|p2a: Alcremie|Calm Mind|p2a: Alcremie\n|-boost|p2a: Alcremie|spa|1\n|-boost|p2a: Alcremie|spd|1\n|\n|-heal|p2a: Alcremie|183/263 psn|[from] item: Leftovers\n|-damage|p2a: Alcremie|151/263 psn|[from] psn\n|upkeep\n|turn|16\n|\n|t:|1782836933\n|-activate|p1a: Lugia|confusion\n|move|p1a: Lugia|Recover|p1a: Lugia\n|-heal|p1a: Lugia|275/275\n|move|p2a: Alcremie|Alluring Voice|p1a: Lugia\n|-damage|p1a: Lugia|237/275\n|\n|-heal|p2a: Alcremie|167/263 psn|[from] item: Leftovers\n|-damage|p2a: Alcremie|135/263 psn|[from] psn\n|upkeep\n|turn|17\n|\n|t:|1782836941\n|-activate|p1a: Lugia|confusion\n|-damage|p1a: Lugia|223/275|[from] confusion\n|move|p2a: Alcremie|Recover|p2a: Alcremie\n|-heal|p2a: Alcremie|263/263 psn\n|\n|-damage|p2a: Alcremie|231/263 psn|[from] psn\n|upkeep\n|turn|18\n|inactive|Galarian Gas has 120 seconds left.\n|\n|t:|1782836977\n|-activate|p1a: Lugia|confusion\n|move|p1a: Lugia|Calm Mind|p1a: Lugia\n|-boost|p1a: Lugia|spa|1\n|-boost|p1a: Lugia|spd|1\n|move|p2a: Alcremie|Alluring Voice|p1a: Lugia\n|-damage|p1a: Lugia|156/275\n|\n|-heal|p2a: Alcremie|247/263 psn|[from] item: Leftovers\n|-damage|p2a: Alcremie|215/263 psn|[from] psn\n|upkeep\n|turn|19\n|\n|t:|1782836984\n|-end|p1a: Lugia|confusion\n|move|p1a: Lugia|Aeroblast|p2a: Alcremie\n|-damage|p2a: Alcremie|143/263 psn\n|move|p2a: Alcremie|Calm Mind|p2a: Alcremie\n|-boost|p2a: Alcremie|spa|1\n|-boost|p2a: Alcremie|spd|1\n|\n|-heal|p2a: Alcremie|159/263 psn|[from] item: Leftovers\n|-damage|p2a: Alcremie|127/263 psn|[from] psn\n|upkeep\n|turn|20\n|\n|t:|1782836992\n|move|p1a: Lugia|Aeroblast|p2a: Alcremie\n|-damage|p2a: Alcremie|75/263 psn\n|move|p2a: Alcremie|Psyshock|p1a: Lugia\n|-resisted|p1a: Lugia\n|-damage|p1a: Lugia|65/275\n|\n|-heal|p2a: Alcremie|91/263 psn|[from] item: Leftovers\n|-damage|p2a: Alcremie|59/263 psn|[from] psn\n|upkeep\n|turn|21\n|\n|t:|1782836999\n|move|p1a: Lugia|Recover|p1a: Lugia\n|-heal|p1a: Lugia|203/275\n|move|p2a: Alcremie|Recover|p2a: Alcremie\n|-heal|p2a: Alcremie|191/263 psn\n|\n|-heal|p2a: Alcremie|207/263 psn|[from] item: Leftovers\n|-damage|p2a: Alcremie|175/263 psn|[from] psn\n|upkeep\n|turn|22\n|\n|t:|1782837005\n|move|p1a: Lugia|Aeroblast|p2a: Alcremie\n|-damage|p2a: Alcremie|121/263 psn\n|move|p2a: Alcremie|Psyshock|p1a: Lugia\n|-resisted|p1a: Lugia\n|-crit|p1a: Lugia\n|-damage|p1a: Lugia|72/275\n|\n|-heal|p2a: Alcremie|137/263 psn|[from] item: Leftovers\n|-damage|p2a: Alcremie|105/263 psn|[from] psn\n|upkeep\n|turn|23\n|\n|t:|1782837012\n|move|p1a: Lugia|Recover|p1a: Lugia\n|-heal|p1a: Lugia|210/275\n|move|p2a: Alcremie|Psyshock|p1a: Lugia\n|-resisted|p1a: Lugia\n|-damage|p1a: Lugia|124/275\n|\n|-heal|p2a: Alcremie|121/263 psn|[from] item: Leftovers\n|-damage|p2a: Alcremie|89/263 psn|[from] psn\n|upkeep\n|turn|24\n|\n|t:|1782837016\n|move|p1a: Lugia|Aeroblast|p2a: Alcremie\n|-damage|p2a: Alcremie|32/263 psn\n|move|p2a: Alcremie|Recover|p2a: Alcremie\n|-heal|p2a: Alcremie|164/263 psn\n|\n|-heal|p2a: Alcremie|180/263 psn|[from] item: Leftovers\n|-damage|p2a: Alcremie|148/263 psn|[from] psn\n|upkeep\n|turn|25\n|\n|t:|1782837021\n|move|p1a: Lugia|Recover|p1a: Lugia\n|-heal|p1a: Lugia|262/275\n|move|p2a: Alcremie|Recover|p2a: Alcremie\n|-heal|p2a: Alcremie|263/263 psn\n|\n|-damage|p2a: Alcremie|231/263 psn|[from] psn\n|upkeep\n|turn|26\n|\n|t:|1782837025\n|move|p1a: Lugia|Aeroblast|p2a: Alcremie\n|-damage|p2a: Alcremie|171/263 psn\n|move|p2a: Alcremie|Alluring Voice|p1a: Lugia\n|-damage|p1a: Lugia|184/275\n|\n|-heal|p2a: Alcremie|187/263 psn|[from] item: Leftovers\n|-damage|p2a: Alcremie|155/263 psn|[from] psn\n|upkeep\n|turn|27\n|\n|t:|1782837031\n|move|p1a: Lugia|Aeroblast|p2a: Alcremie\n|-damage|p2a: Alcremie|101/263 psn\n|move|p2a: Alcremie|Psyshock|p1a: Lugia\n|-resisted|p1a: Lugia\n|-damage|p1a: Lugia|93/275\n|\n|-heal|p2a: Alcremie|117/263 psn|[from] item: Leftovers\n|-damage|p2a: Alcremie|85/263 psn|[from] psn\n|upkeep\n|turn|28\n|\n|t:|1782837035\n|move|p1a: Lugia|Earth Power|p2a: Alcremie\n|-damage|p2a: Alcremie|52/263 psn\n|move|p2a: Alcremie|Recover|p2a: Alcremie\n|-heal|p2a: Alcremie|184/263 psn\n|\n|-heal|p2a: Alcremie|200/263 psn|[from] item: Leftovers\n|-damage|p2a: Alcremie|168/263 psn|[from] psn\n|upkeep\n|turn|29\n|\n|t:|1782837039\n|move|p1a: Lugia|Recover|p1a: Lugia\n|-heal|p1a: Lugia|231/275\n|move|p2a: Alcremie|Psyshock|p1a: Lugia\n|-resisted|p1a: Lugia\n|-damage|p1a: Lugia|144/275\n|\n|-heal|p2a: Alcremie|184/263 psn|[from] item: Leftovers\n|-damage|p2a: Alcremie|152/263 psn|[from] psn\n|upkeep\n|turn|30\n|\n|t:|1782837047\n|move|p1a: Lugia|Earth Power|p2a: Alcremie\n|-damage|p2a: Alcremie|120/263 psn\n|move|p2a: Alcremie|Psyshock|p1a: Lugia\n|-resisted|p1a: Lugia\n|-damage|p1a: Lugia|51/275\n|\n|-heal|p2a: Alcremie|136/263 psn|[from] item: Leftovers\n|-damage|p2a: Alcremie|104/263 psn|[from] psn\n|upkeep\n|turn|31\n|\n|t:|1782837052\n|move|p1a: Lugia|Recover|p1a: Lugia\n|-heal|p1a: Lugia|189/275\n|move|p2a: Alcremie|Recover|p2a: Alcremie\n|-heal|p2a: Alcremie|236/263 psn\n|\n|-heal|p2a: Alcremie|252/263 psn|[from] item: Leftovers\n|-damage|p2a: Alcremie|220/263 psn|[from] psn\n|upkeep\n|turn|32\n|\n|t:|1782837057\n|move|p1a: Lugia|Earth Power|p2a: Alcremie\n|-damage|p2a: Alcremie|185/263 psn\n|move|p2a: Alcremie|Psyshock|p1a: Lugia\n|-resisted|p1a: Lugia\n|-damage|p1a: Lugia|93/275\n|\n|-heal|p2a: Alcremie|201/263 psn|[from] item: Leftovers\n|-damage|p2a: Alcremie|169/263 psn|[from] psn\n|upkeep\n|turn|33\n|\n|t:|1782837062\n|move|p1a: Lugia|Earth Power|p2a: Alcremie\n|-damage|p2a: Alcremie|133/263 psn\n|move|p2a: Alcremie|Psyshock|p1a: Lugia\n|-resisted|p1a: Lugia\n|-damage|p1a: Lugia|3/275\n|\n|-heal|p2a: Alcremie|149/263 psn|[from] item: Leftovers\n|-damage|p2a: Alcremie|117/263 psn|[from] psn\n|upkeep\n|turn|34\n|\n|t:|1782837068\n|move|p1a: Lugia|Earth Power|p2a: Alcremie\n|-damage|p2a: Alcremie|81/263 psn\n|move|p2a: Alcremie|Recover|p2a: Alcremie\n|-heal|p2a: Alcremie|213/263 psn\n|\n|-heal|p2a: Alcremie|229/263 psn|[from] item: Leftovers\n|-damage|p2a: Alcremie|197/263 psn|[from] psn\n|upkeep\n|turn|35\n|\n|t:|1782837072\n|move|p1a: Lugia|Earth Power|p2a: Alcremie\n|-damage|p2a: Alcremie|161/263 psn\n|move|p2a: Alcremie|Alluring Voice|p1a: Lugia\n|-damage|p1a: Lugia|0 fnt\n|faint|p1a: Lugia\n|\n|-heal|p2a: Alcremie|177/263 psn|[from] item: Leftovers\n|-damage|p2a: Alcremie|145/263 psn|[from] psn\n|upkeep\n|\n|t:|1782837078\n|switch|p1a: Oinkologne|Oinkologne, L92, M|352/352\n|-activate|p1a: Oinkologne|move: Sticky Web\n|-unboost|p1a: Oinkologne|spe|1\n|turn|36\n|\n|t:|1782837105\n|move|p2a: Alcremie|Alluring Voice|p1a: Oinkologne\n|-damage|p1a: Oinkologne|43/352\n|move|p1a: Oinkologne|Body Slam|p2a: Alcremie\n|-damage|p2a: Alcremie|39/263 psn\n|\n|-heal|p2a: Alcremie|55/263 psn|[from] item: Leftovers\n|-heal|p1a: Oinkologne|65/352|[from] item: Leftovers\n|-damage|p2a: Alcremie|23/263 psn|[from] psn\n|upkeep\n|turn|37\n|\n|t:|1782837112\n|move|p2a: Alcremie|Recover|p2a: Alcremie\n|-heal|p2a: Alcremie|155/263 psn\n|move|p1a: Oinkologne|Body Slam|p2a: Alcremie\n|-damage|p2a: Alcremie|44/263 psn\n|\n|-heal|p2a: Alcremie|60/263 psn|[from] item: Leftovers\n|-heal|p1a: Oinkologne|87/352|[from] item: Leftovers\n|-damage|p2a: Alcremie|28/263 psn|[from] psn\n|upkeep\n|turn|38\n|\n|t:|1782837116\n|move|p2a: Alcremie|Alluring Voice|p1a: Oinkologne\n|-damage|p1a: Oinkologne|0 fnt\n|faint|p1a: Oinkologne\n|\n|-heal|p2a: Alcremie|44/263 psn|[from] item: Leftovers\n|-damage|p2a: Alcremie|12/263 psn|[from] psn\n|upkeep\n|\n|t:|1782837121\n|switch|p1a: Virizion|Virizion, L82|129/283\n|-activate|p1a: Virizion|move: Sticky Web\n|-unboost|p1a: Virizion|spe|1\n|turn|39\n|\n|t:|1782837126\n|move|p2a: Alcremie|Psyshock|p1a: Virizion\n|-supereffective|p1a: Virizion\n|-damage|p1a: Virizion|0 fnt\n|faint|p1a: Virizion\n|\n|-heal|p2a: Alcremie|28/263 psn|[from] item: Leftovers\n|-damage|p2a: Alcremie|0 fnt|[from] psn\n|faint|p2a: Alcremie\n|upkeep\n|\n|t:|1782837135\n|switch|p1a: Toxapex|Toxapex, L82, F|216/216\n|switch|p2a: Ursaring|Ursaring, L84, F|216/288 psn\n|-activate|p1a: Toxapex|move: Sticky Web\n|-unboost|p1a: Toxapex|spe|1\n|turn|40\n|\n|t:|1782837152\n|-terastallize|p1a: Toxapex|Fairy\n|move|p2a: Ursaring|Earthquake|p1a: Toxapex\n|-damage|p1a: Toxapex|126/216\n|move|p1a: Toxapex|Liquidation|p2a: Ursaring\n|-damage|p2a: Ursaring|147/288 psn\n|\n|-damage|p2a: Ursaring|111/288 psn|[from] psn\n|upkeep\n|turn|41\n|\n|t:|1782837169\n|switch|p2a: Dachsbun|Dachsbun, L92, M|184/254\n|-status|p2a: Dachsbun|psn\n|move|p1a: Toxapex|Liquidation|p2a: Dachsbun\n|-damage|p2a: Dachsbun|138/254 psn\n|\n|-heal|p2a: Dachsbun|153/254 psn|[from] item: Leftovers\n|-damage|p2a: Dachsbun|122/254 psn|[from] psn\n|upkeep\n|turn|42\n|\n|t:|1782837180\n|move|p2a: Dachsbun|Wish|p2a: Dachsbun\n|move|p1a: Toxapex|Toxic Spikes|p2a: Dachsbun\n|-sidestart|p2: Galarian Gas|move: Toxic Spikes\n|\n|-heal|p2a: Dachsbun|137/254 psn|[from] item: Leftovers\n|-damage|p2a: Dachsbun|106/254 psn|[from] psn\n|upkeep\n|turn|43\n|\n|t:|1782837185\n|move|p2a: Dachsbun|Play Rough|p1a: Toxapex\n|-damage|p1a: Toxapex|66/216\n|-damage|p2a: Dachsbun|64/254 psn|[from] item: Rocky Helmet|[of] p1a: Toxapex\n|move|p1a: Toxapex|Liquidation|p2a: Dachsbun\n|-damage|p2a: Dachsbun|15/254 psn\n|-unboost|p2a: Dachsbun|def|1\n|\n|-heal|p2a: Dachsbun|142/254 psn|[from] move: Wish|[wisher] Dachsbun\n|-heal|p2a: Dachsbun|157/254 psn|[from] item: Leftovers\n|-damage|p2a: Dachsbun|126/254 psn|[from] psn\n|upkeep\n|turn|44\n|\n|t:|1782837195\n|move|p2a: Dachsbun|Wish|p2a: Dachsbun\n|move|p1a: Toxapex|Liquidation|p2a: Dachsbun\n|-damage|p2a: Dachsbun|54/254 psn\n|\n|-heal|p2a: Dachsbun|69/254 psn|[from] item: Leftovers\n|-damage|p2a: Dachsbun|38/254 psn|[from] psn\n|upkeep\n|turn|45\n|\n|t:|1782837199\n|switch|p2a: Ursaring|Ursaring, L84, F|111/288 psn\n|switch|p1a: Hoopa|Hoopa, L85|88/275\n|-activate|p1a: Hoopa|move: Sticky Web\n|-unboost|p1a: Hoopa|spe|1\n|\n|-heal|p2a: Ursaring|238/288 psn|[from] move: Wish|[wisher] Dachsbun\n|-damage|p2a: Ursaring|202/288 psn|[from] psn\n|upkeep\n|turn|46\n|\n|t:|1782837208\n|move|p2a: Ursaring|Earthquake|p1a: Hoopa\n|-damage|p1a: Hoopa|0 fnt\n|faint|p1a: Hoopa\n|\n|-damage|p2a: Ursaring|166/288 psn|[from] psn\n|upkeep\n|\n|t:|1782837210\n|switch|p1a: Toxapex|Toxapex, L82, F, tera:Fairy|138/216\n|-activate|p1a: Toxapex|move: Sticky Web\n|-unboost|p1a: Toxapex|spe|1\n|turn|47\n|\n|t:|1782837216\n|switch|p2a: Dachsbun|Dachsbun, L92, M|38/254 psn\n|move|p1a: Toxapex|Recover|p1a: Toxapex\n|-heal|p1a: Toxapex|216/216\n|\n|-heal|p2a: Dachsbun|53/254 psn|[from] item: Leftovers\n|-damage|p2a: Dachsbun|22/254 psn|[from] psn\n|upkeep\n|turn|48\n|\n|t:|1782837220\n|move|p2a: Dachsbun|Wish|p2a: Dachsbun\n|move|p1a: Toxapex|Liquidation|p2a: Dachsbun\n|-damage|p2a: Dachsbun|0 fnt\n|faint|p2a: Dachsbun\n|\n|upkeep\n|\n|t:|1782837227\n|switch|p2a: Ursaring|Ursaring, L84, F|166/288 psn\n|turn|49\n|\n|t:|1782837232\n|move|p2a: Ursaring|Body Slam|p1a: Toxapex\n|-damage|p1a: Toxapex|108/216\n|-damage|p2a: Ursaring|118/288 psn|[from] item: Rocky Helmet|[of] p1a: Toxapex\n|move|p1a: Toxapex|Recover|p1a: Toxapex\n|-heal|p1a: Toxapex|216/216\n|\n|-heal|p2a: Ursaring|245/288 psn|[from] move: Wish|[wisher] Dachsbun\n|-damage|p2a: Ursaring|209/288 psn|[from] psn\n|upkeep\n|turn|50\n|\n|t:|1782837238\n|move|p2a: Ursaring|Body Slam|p1a: Toxapex\n|-damage|p1a: Toxapex|104/216\n|-status|p1a: Toxapex|par\n|-damage|p2a: Ursaring|161/288 psn|[from] item: Rocky Helmet|[of] p1a: Toxapex\n|cant|p1a: Toxapex|par\n|\n|-damage|p2a: Ursaring|125/288 psn|[from] psn\n|upkeep\n|turn|51\n|\n|t:|1782837249\n|switch|p1a: Ampharos|Ampharos, L88, M|302/302\n|-activate|p1a: Ampharos|move: Sticky Web\n|-unboost|p1a: Ampharos|spe|1\n|move|p2a: Ursaring|Body Slam|p1a: Ampharos\n|-damage|p1a: Ampharos|137/302\n|\n|-damage|p2a: Ursaring|89/288 psn|[from] psn\n|upkeep\n|turn|52\n|\n|t:|1782837254\n|move|p2a: Ursaring|Body Slam|p1a: Ampharos\n|-damage|p1a: Ampharos|0 fnt\n|faint|p1a: Ampharos\n|\n|-damage|p2a: Ursaring|53/288 psn|[from] psn\n|upkeep\n|\n|t:|1782837257\n|switch|p1a: Toxapex|Toxapex, L82, F, tera:Fairy|176/216 par\n|-activate|p1a: Toxapex|move: Sticky Web\n|-unboost|p1a: Toxapex|spe|1\n|turn|53\n|\n|t:|1782837261\n|move|p2a: Ursaring|Body Slam|p1a: Toxapex\n|-damage|p1a: Toxapex|68/216 par\n|-damage|p2a: Ursaring|5/288 psn|[from] item: Rocky Helmet|[of] p1a: Toxapex\n|move|p1a: Toxapex|Recover|p1a: Toxapex\n|-heal|p1a: Toxapex|176/216 par\n|\n|-damage|p2a: Ursaring|0 fnt|[from] psn\n|faint|p2a: Ursaring\n|upkeep\n|\n|t:|1782837277\n|switch|p2a: Basculin|Basculin-Blue-Striped, L86, M|261/261\n|-status|p2a: Basculin|tox\n|turn|54\n|\n|t:|1782837281\n|-terastallize|p2a: Basculin|Water\n|move|p2a: Basculin|Wave Crash|p1a: Toxapex\n|-damage|p1a: Toxapex|0 fnt\n|-damage|p2a: Basculin|218/261 tox|[from] item: Rocky Helmet|[of] p1a: Toxapex\n|faint|p1a: Toxapex\n|-damage|p2a: Basculin|160/261 tox|[from] Recoil\n|\n|win|Galarian Gas\n|raw|framegame321's rating: 2072 &rarr; <strong>2055</strong><br />(-17 for losing)\n|raw|Galarian Gas's rating: 2128 &rarr; <strong>2145</strong><br />(+17 for winning)\n", "inputlog": ">version f8ac14003a5f27e1bdc8d8c59608a773c1cb96e5\n>start {\"formatid\":\"gen9randombattle\",\"seed\":\"sodium,b63f930f88f743400e868c11d564204c\",\"rated\":\"Rated battle\"}\n>player p1 {\"name\":\"framegame321\",\"avatar\":\"266\",\"rating\":2072,\"seed\":\"sodium,4166c49d7fcdc14d99415faf0952f9e7\"}\n>player p2 {\"name\":\"Galarian Gas\",\"avatar\":\"265\",\"rating\":2128,\"seed\":\"sodium,9dbb306ed29e8459ea2a71c3acbf5f3e\"}\n>p1 switch 4\n>p2 move bodyslam\n>p1 move closecombat\n>p2 switch 6\n>p1 switch 6\n>p2 move playrough\n>p1 move toxicspikes\n>p2 switch 2\n>p1 switch 4\n>p2 move knockoff\n>p1 move aeroblast\n>p2 move pounce\n>p1 move aeroblast\n>p2 move stickyweb\n>p2 switch 6\n>p1 switch 2\n>p2 move bodyslam\n>p1 move trick\n>p2 move earthquake\n>p1 switch 2\n>p2 switch 5\n>p1 move calmmind\n>p2 move calmmind\n>p1 move recover\n>p2 move alluringvoice\n>p1 move recover\n>p2 move calmmind\n>p1 move calmmind\n>p2 move alluringvoice\n>p1 move calmmind\n>p2 move calmmind\n>p1 move recover\n>p2 move alluringvoice\n>p1 move calmmind\n>p2 move recover\n>p1 move calmmind\n>p2 move alluringvoice\n>p1 move aeroblast\n>p2 move calmmind\n>p1 move aeroblast\n>p2 move psyshock\n>p1 move recover\n>p2 move recover\n>p1 move aeroblast\n>p2 move psyshock\n>p1 move recover\n>p2 move psyshock\n>p1 move aeroblast\n>p2 move recover\n>p1 move recover\n>p2 move recover\n>p1 move aeroblast\n>p2 move alluringvoice\n>p1 move aeroblast\n>p2 move psyshock\n>p1 move earthpower\n>p2 move recover\n>p1 move recover\n>p2 move psyshock\n>p1 move earthpower\n>p2 move psyshock\n>p1 move recover\n>p2 move recover\n>p1 move earthpower\n>p2 move psyshock\n>p1 move earthpower\n>p2 move psyshock\n>p1 move earthpower\n>p2 move recover\n>p1 move earthpower\n>p2 move alluringvoice\n>p1 switch 5\n>p1 move bodyslam\n>p2 move alluringvoice\n>p1 move bodyslam\n>p2 move recover\n>p1 move bodyslam\n>p2 move alluringvoice\n>p1 switch 6\n>p1 move leafblade\n>p2 move psyshock\n>p1 switch 4\n>p2 switch 5\n>p1 move liquidation terastallize\n>p2 move earthquake\n>p1 move liquidation\n>p2 switch 2\n>p1 move toxicspikes\n>p2 move wish\n>p1 move liquidation\n>p2 move playrough\n>p1 move liquidation\n>p2 move wish\n>p1 switch 2\n>p2 switch 2\n>p1 move focusblast\n>p2 move earthquake\n>p1 switch 2\n>p1 move recover\n>p2 switch 2\n>p1 move liquidation\n>p2 move wish\n>p2 switch 2\n>p1 move recover\n>p2 move bodyslam\n>p1 move recover\n>p2 move bodyslam\n>p1 switch 3\n>p2 move bodyslam\n>p1 move agility\n>p2 move bodyslam\n>p1 switch 3\n>p1 move recover\n>p2 move bodyslam\n>p2 switch 3\n>p1 move recover\n>p2 move wavecrash terastallize", "uploadtime": 1782836795, "views": 7, "formatid": "gen9randombattle", "rating": 2055, "private": 0, "password": null, "player_dets": [{"name": "framegame321", "avatar": "266", "rating": 2072, "seed": "sodium,4166c49d7fcdc14d99415faf0952f9e7"}, {"name": "Galarian Gas", "avatar": "265", "rating": 2128, "seed": "sodium,9dbb306ed29e8459ea2a71c3acbf5f3e"}], "teams_full": [{"Lugia": {"name": "Lugia", "species": "Lugia", "speciesId": "lugia", "gender": "N", "shiny": false, "level": 73, "moves": ["aeroblast", "recover", "earthpower", "calmmind"], "ability": "Multiscale", "evs": {"hp": 85, "atk": 0, "def": 85, "spa": 85, "spd": 85, "spe": 85}, "ivs": {"hp": 31, "atk": 0, "def": 31, "spa": 31, "spd": 31, "spe": 31}, "item": "Heavy-Duty Boots", "teraType": "Steel", "role": "Bulky Setup", "bvs": {"hp": 106, "atk": 90, "def": 130, "spa": 90, "spd": 154, "spe": 110}, "stats": {"hp": 275, "atk": 136, "def": 232, "spa": 174, "spd": 267, "spe": 203}, "types": ["Psychic", "Flying"]}, "Hoopa": {"name": "Hoopa", "species": "Hoopa", "speciesId": "hoopa", "gender": "N", "shiny": false, "level": 85, "moves": ["trick", "psychic", "focusblast", "shadowball"], "ability": "Magician", "evs": {"hp": 85, "atk": 0, "def": 85, "spa": 85, "spd": 85, "spe": 85}, "ivs": {"hp": 31, "atk": 0, "def": 31, "spa": 31, "spd": 31, "spe": 31}, "item": "Choice Scarf", "teraType": "Psychic", "role": "Fast Attacker", "bvs": {"hp": 80, "atk": 110, "def": 60, "spa": 150, "spd": 130, "spe": 70}, "stats": {"hp": 275, "atk": 192, "def": 151, "spa": 304, "spd": 270, "spe": 168}, "types": ["Psychic", "Ghost"]}, "Ampharos": {"name": "Ampharos", "species": "Ampharos", "speciesId": "ampharos", "gender": "M", "shiny": false, "level": 88, "moves": ["thunderbolt", "dazzlinggleam", "agility", "focusblast"], "ability": "Static", "evs": {"hp": 85, "atk": 0, "def": 85, "spa": 85, "spd": 85, "spe": 85}, "ivs": {"hp": 31, "atk": 0, "def": 31, "spa": 31, "spd": 31, "spe": 31}, "item": "Life Orb", "teraType": "Electric", "role": "Wallbreaker", "bvs": {"hp": 90, "atk": 75, "def": 85, "spa": 115, "spd": 90, "spe": 55}, "stats": {"hp": 302, "atk": 137, "def": 200, "spa": 253, "spd": 209, "spe": 147}, "types": ["Electric"]}, "Virizion": {"name": "Virizion", "species": "Virizion", "speciesId": "virizion", "gender": "N", "shiny": false, "level": 82, "moves": ["leafblade", "closecombat", "stoneedge", "swordsdance"], "ability": "Justified", "evs": {"hp": 85, "atk": 85, "def": 85, "spa": 85, "spd": 85, "spe": 85}, "ivs": {"hp": 31, "atk": 31, "def": 31, "spa": 31, "spd": 31, "spe": 31}, "item": "Life Orb", "teraType": "Rock", "role": "Setup Sweeper", "bvs": {"hp": 91, "atk": 90, "def": 72, "spa": 90, "spd": 129, "spe": 108}, "stats": {"hp": 283, "atk": 195, "def": 165, "spa": 195, "spd": 259, "spe": 224}, "types": ["Grass", "Fighting"]}, "Oinkologne": {"name": "Oinkologne", "species": "Oinkologne", "speciesId": "oinkologne", "gender": "M", "shiny": false, "level": 92, "moves": ["highhorsepower", "bodyslam", "curse", "lashout"], "ability": "Thick Fat", "evs": {"hp": 85, "atk": 85, "def": 85, "spa": 85, "spd": 85, "spe": 85}, "ivs": {"hp": 31, "atk": 31, "def": 31, "spa": 31, "spd": 31, "spe": 31}, "item": "Leftovers", "teraType": "Ground", "role": "Bulky Setup", "bvs": {"hp": 110, "atk": 100, "def": 75, "spa": 59, "spd": 80, "spe": 65}, "stats": {"hp": 352, "atk": 236, "def": 190, "spa": 161, "spd": 200, "spe": 172}, "types": ["Normal"]}, "Toxapex": {"name": "Toxapex", "species": "Toxapex", "speciesId": "toxapex", "gender": "F", "shiny": false, "level": 82, "moves": ["haze", "toxicspikes", "liquidation", "recover"], "ability": "Regenerator", "evs": {"hp": 85, "atk": 85, "def": 85, "spa": 85, "spd": 85, "spe": 85}, "ivs": {"hp": 31, "atk": 31, "def": 31, "spa": 31, "spd": 31, "spe": 31}, "item": "Rocky Helmet", "teraType": "Fairy", "role": "Bulky Support", "bvs": {"hp": 50, "atk": 63, "def": 152, "spa": 53, "spd": 142, "spe": 35}, "stats": {"hp": 216, "atk": 150, "def": 296, "spa": 134, "spd": 280, "spe": 105}, "types": ["Poison", "Water"]}}, {"Ursaring": {"name": "Ursaring", "species": "Ursaring", "speciesId": "ursaring", "gender": "F", "shiny": false, "level": 84, "moves": ["sleeptalk", "earthquake", "rest", "bodyslam"], "ability": "Guts", "evs": {"hp": 85, "atk": 85, "def": 85, "spa": 85, "spd": 85, "spe": 85}, "ivs": {"hp": 31, "atk": 31, "def": 31, "spa": 31, "spd": 31, "spe": 31}, "item": "Eviolite", "teraType": "Ghost", "role": "Bulky Attacker", "bvs": {"hp": 90, "atk": 130, "def": 75, "spa": 75, "spd": 75, "spe": 55}, "stats": {"hp": 288, "atk": 267, "def": 174, "spa": 174, "spd": 174, "spe": 141}, "types": ["Normal"]}, "Kricketune": {"name": "Kricketune", "species": "Kricketune", "speciesId": "kricketune", "gender": "F", "shiny": false, "level": 99, "moves": ["pounce", "stickyweb", "knockoff", "taunt"], "ability": "Technician", "evs": {"hp": 85, "atk": 85, "def": 85, "spa": 85, "spd": 85, "spe": 85}, "ivs": {"hp": 31, "atk": 31, "def": 31, "spa": 31, "spd": 31, "spe": 31}, "item": "Heavy-Duty Boots", "teraType": "Ghost", "role": "Fast Support", "bvs": {"hp": 77, "atk": 85, "def": 51, "spa": 55, "spd": 51, "spe": 65}, "stats": {"hp": 312, "atk": 224, "def": 157, "spa": 165, "spd": 157, "spe": 185}, "types": ["Bug"]}, "Basculin": {"name": "Basculin", "species": "Basculin-Blue-Striped", "speciesId": "basculin", "gender": "M", "shiny": false, "level": 86, "moves": ["doubleedge", "flipturn", "wavecrash", "aquajet"], "ability": "Adaptability", "evs": {"hp": 85, "atk": 85, "def": 85, "spa": 85, "spd": 85, "spe": 85}, "ivs": {"hp": 31, "atk": 31, "def": 31, "spa": 31, "spd": 31, "spe": 31}, "item": "Choice Band", "teraType": "Water", "role": "Wallbreaker", "bvs": {"hp": 70, "atk": 92, "def": 65, "spa": 80, "spd": 55, "spe": 98}, "stats": {"hp": 261, "atk": 207, "def": 161, "spa": 187, "spd": 144, "spe": 218}, "types": ["Water"]}, "Inteleon": {"name": "Inteleon", "species": "Inteleon", "speciesId": "inteleon", "gender": "F", "shiny": false, "level": 81, "moves": ["uturn", "hydropump", "icebeam", "scald"], "ability": "Torrent", "evs": {"hp": 85, "atk": 85, "def": 85, "spa": 85, "spd": 85, "spe": 85}, "ivs": {"hp": 31, "atk": 31, "def": 31, "spa": 31, "spd": 31, "spe": 31}, "item": "Choice Specs", "teraType": "Water", "role": "Wallbreaker", "bvs": {"hp": 70, "atk": 85, "def": 65, "spa": 125, "spd": 65, "spe": 120}, "stats": {"hp": 246, "atk": 184, "def": 152, "spa": 249, "spd": 152, "spe": 241}, "types": ["Water"]}, "Alcremie": {"name": "Alcremie", "species": "Alcremie-Mint-Cream", "speciesId": "alcremie", "gender": "F", "shiny": false, "level": 90, "moves": ["alluringvoice", "calmmind", "psyshock", "recover"], "ability": "Aroma Veil", "evs": {"hp": 85, "atk": 0, "def": 85, "spa": 85, "spd": 85, "spe": 85}, "ivs": {"hp": 31, "atk": 0, "def": 31, "spa": 31, "spd": 31, "spe": 31}, "item": "Leftovers", "teraType": "Steel", "role": "Bulky Setup", "bvs": {"hp": 65, "atk": 60, "def": 75, "spa": 110, "spd": 121, "spe": 64}, "stats": {"hp": 263, "atk": 113, "def": 186, "spa": 249, "spd": 269, "spe": 167}, "types": ["Fairy"]}, "Dachsbun": {"name": "Dachsbun", "species": "Dachsbun", "speciesId": "dachsbun", "gender": "M", "shiny": false, "level": 92, "moves": ["protect", "wish", "bodypress", "playrough"], "ability": "Well-Baked Body", "evs": {"hp": 85, "atk": 85, "def": 85, "spa": 85, "spd": 85, "spe": 85}, "ivs": {"hp": 31, "atk": 31, "def": 31, "spa": 31, "spd": 31, "spe": 31}, "item": "Leftovers", "teraType": "Steel", "role": "Bulky Support", "bvs": {"hp": 57, "atk": 80, "def": 115, "spa": 50, "spd": 80, "spe": 95}, "stats": {"hp": 254, "atk": 200, "def": 264, "spa": 144, "spd": 200, "spe": 227}, "types": ["Fairy"]}}]}