{"id": "gen9randombattle-2641070696", "format": "[Gen 9] Random Battle", "players": ["FunkboyCharmander", "Yomy"], "log": "|j|\u2606FunkboyCharmander\n|j|\u2606Yomy\n|t:|1782736064\n|gametype|singles\n|player|p1|FunkboyCharmander|266|2099\n|player|p2|Yomy|ingo|2196\n|gen|9\n|tier|[Gen 9] Random Battle\n|rated|\n|rule|Species Clause: Limit one of each Pok\u00e9mon\n|rule|HP Percentage Mod: HP is shown in percentages\n|rule|Sleep Clause Mod: Limit one foe put to sleep\n|rule|Illusion Level Mod: Illusion disguises the Pok\u00e9mon's true level\n|\n|t:|1782736064\n|teamsize|p1|6\n|teamsize|p2|6\n|start\n|switch|p1a: Wugtrio|Wugtrio, L91, M|212/212\n|switch|p2a: Regirock|Regirock, L83|268/268\n|turn|1\n|\n|t:|1782736081\n|move|p1a: Wugtrio|Liquidation|p2a: Regirock\n|-supereffective|p2a: Regirock\n|-damage|p2a: Regirock|88/268\n|move|p2a: Regirock|Thunder Wave|p1a: Wugtrio\n|-status|p1a: Wugtrio|par\n|\n|-heal|p2a: Regirock|104/268|[from] item: Leftovers\n|upkeep\n|turn|2\n|\n|t:|1782736096\n|switch|p2a: Rillaboom|Rillaboom, L79, F|288/288\n|-fieldstart|move: Grassy Terrain|[from] ability: Grassy Surge|[of] p2a: Rillaboom\n|move|p1a: Wugtrio|Liquidation|p2a: Rillaboom\n|-resisted|p2a: Rillaboom\n|-damage|p2a: Rillaboom|210/288\n|-unboost|p2a: Rillaboom|def|1\n|\n|-heal|p2a: Rillaboom|228/288|[from] Grassy Terrain\n|upkeep\n|turn|3\n|\n|t:|1782736101\n|switch|p1a: Okidogi|Okidogi, L77, M|262/262\n|move|p2a: Rillaboom|Wood Hammer|p1a: Okidogi\n|-resisted|p1a: Okidogi\n|-damage|p1a: Okidogi|152/262\n|-damage|p2a: Rillaboom|192/288|[from] Recoil\n|\n|-heal|p2a: Rillaboom|210/288|[from] Grassy Terrain\n|-heal|p1a: Okidogi|168/262|[from] Grassy Terrain\n|-heal|p1a: Okidogi|184/262|[from] item: Leftovers\n|upkeep\n|turn|4\n|\n|t:|1782736109\n|switch|p2a: Groudon|Groudon, L72|263/263\n|-weather|SunnyDay|[from] ability: Drought|[of] p2a: Groudon\n|move|p1a: Okidogi|Drain Punch|p2a: Groudon\n|-damage|p2a: Groudon|191/263\n|-heal|p1a: Okidogi|220/262|[from] drain|[of] p2a: Groudon\n|\n|-weather|SunnyDay|[upkeep]\n|-heal|p2a: Groudon|207/263|[from] Grassy Terrain\n|-heal|p2a: Groudon|223/263|[from] item: Leftovers\n|-heal|p1a: Okidogi|236/262|[from] Grassy Terrain\n|-heal|p1a: Okidogi|252/262|[from] item: Leftovers\n|upkeep\n|turn|5\n|\n|t:|1782736122\n|switch|p1a: Glaceon|Glaceon, L94, F|275/275\n|move|p2a: Groudon|Precipice Blades|p1a: Glaceon|[miss]\n|-miss|p2a: Groudon|p1a: Glaceon\n|\n|-weather|SunnyDay|[upkeep]\n|-heal|p2a: Groudon|239/263|[from] Grassy Terrain\n|-heal|p2a: Groudon|255/263|[from] item: Leftovers\n|upkeep\n|turn|6\n|\n|t:|1782736128\n|switch|p2a: Blissey|Blissey, L85, F|572/572\n|move|p1a: Glaceon|Freeze-Dry|p2a: Blissey\n|-damage|p2a: Blissey|490/572\n|\n|-weather|SunnyDay|[upkeep]\n|-heal|p2a: Blissey|525/572|[from] Grassy Terrain\n|-heal|p2a: Blissey|560/572|[from] item: Leftovers\n|-fieldend|move: Grassy Terrain\n|upkeep\n|turn|7\n|\n|t:|1782736136\n|switch|p1a: Wugtrio|Wugtrio, L91, M|212/212 par\n|move|p2a: Blissey|Seismic Toss|p1a: Wugtrio\n|-damage|p1a: Wugtrio|127/212 par\n|-ability|p1a: Wugtrio|Gooey\n|-unboost|p2a: Blissey|spe|1\n|\n|-weather|SunnyDay|[upkeep]\n|-heal|p2a: Blissey|572/572|[from] item: Leftovers\n|upkeep\n|turn|8\n|\n|t:|1782736151\n|switch|p2a: Rillaboom|Rillaboom, L79, F|210/288\n|-fieldstart|move: Grassy Terrain|[from] ability: Grassy Surge|[of] p2a: Rillaboom\n|move|p1a: Wugtrio|Liquidation|p2a: Rillaboom\n|-resisted|p2a: Rillaboom\n|-damage|p2a: Rillaboom|168/288\n|\n|-weather|none\n|-heal|p2a: Rillaboom|186/288|[from] Grassy Terrain\n|-heal|p1a: Wugtrio|140/212 par|[from] Grassy Terrain\n|upkeep\n|turn|9\n|\n|t:|1782736161\n|move|p2a: Rillaboom|High Horsepower|p1a: Wugtrio|[miss]\n|-miss|p2a: Rillaboom|p1a: Wugtrio\n|cant|p1a: Wugtrio|par\n|\n|-heal|p2a: Rillaboom|204/288|[from] Grassy Terrain\n|-heal|p1a: Wugtrio|153/212 par|[from] Grassy Terrain\n|upkeep\n|turn|10\n|\n|t:|1782736165\n|move|p2a: Rillaboom|High Horsepower|p1a: Wugtrio\n|-damage|p1a: Wugtrio|17/212 par\n|-ability|p1a: Wugtrio|Gooey\n|-unboost|p2a: Rillaboom|spe|1\n|move|p1a: Wugtrio|Liquidation|p2a: Rillaboom\n|-resisted|p2a: Rillaboom\n|-damage|p2a: Rillaboom|118/288\n|-unboost|p2a: Rillaboom|def|1\n|\n|-heal|p1a: Wugtrio|30/212 par|[from] Grassy Terrain\n|-heal|p2a: Rillaboom|136/288|[from] Grassy Terrain\n|upkeep\n|turn|11\n|\n|t:|1782736178\n|switch|p1a: Glaceon|Glaceon, L94, F|275/275\n|move|p2a: Rillaboom|High Horsepower|p1a: Glaceon\n|-damage|p1a: Glaceon|189/275\n|\n|-heal|p1a: Glaceon|206/275|[from] Grassy Terrain\n|-heal|p2a: Rillaboom|154/288|[from] Grassy Terrain\n|upkeep\n|turn|12\n|\n|t:|1782736184\n|switch|p1a: Okidogi|Okidogi, L77, M|252/262\n|switch|p2a: Blissey|Blissey, L85, F|572/572\n|\n|-heal|p1a: Okidogi|262/262|[from] Grassy Terrain\n|-fieldend|move: Grassy Terrain\n|upkeep\n|turn|13\n|\n|t:|1782736189\n|switch|p2a: Groudon|Groudon, L72|255/263\n|-weather|SunnyDay|[from] ability: Drought|[of] p2a: Groudon\n|move|p1a: Okidogi|Bulk Up|p1a: Okidogi\n|-boost|p1a: Okidogi|atk|1\n|-boost|p1a: Okidogi|def|1\n|\n|-weather|SunnyDay|[upkeep]\n|-heal|p2a: Groudon|263/263|[from] item: Leftovers\n|upkeep\n|turn|14\n|\n|t:|1782736194\n|move|p2a: Groudon|Will-O-Wisp|p1a: Okidogi\n|-status|p1a: Okidogi|brn\n|move|p1a: Okidogi|Drain Punch|p2a: Groudon\n|-crit|p2a: Groudon\n|-damage|p2a: Groudon|185/263\n|-status|p2a: Groudon|tox|[from] ability: Toxic Chain|[of] p1a: Okidogi\n|\n|-weather|SunnyDay|[upkeep]\n|-heal|p2a: Groudon|201/263 tox|[from] item: Leftovers\n|-damage|p2a: Groudon|185/263 tox|[from] psn\n|-damage|p1a: Okidogi|246/262 brn|[from] brn\n|upkeep\n|turn|15\n|\n|t:|1782736198\n|move|p2a: Groudon|Precipice Blades|p1a: Okidogi\n|-supereffective|p1a: Okidogi\n|-damage|p1a: Okidogi|96/262 brn\n|move|p1a: Okidogi|Knock Off|p2a: Groudon\n|-damage|p2a: Groudon|143/263 tox\n|-enditem|p2a: Groudon|Leftovers|[from] move: Knock Off|[of] p1a: Okidogi\n|\n|-weather|SunnyDay|[upkeep]\n|-heal|p1a: Okidogi|112/262 brn|[from] item: Leftovers\n|-damage|p2a: Groudon|111/263 tox|[from] psn\n|-damage|p1a: Okidogi|96/262 brn|[from] brn\n|upkeep\n|turn|16\n|\n|t:|1782736202\n|move|p2a: Groudon|Precipice Blades|p1a: Okidogi\n|-supereffective|p1a: Okidogi\n|-damage|p1a: Okidogi|0 fnt\n|faint|p1a: Okidogi\n|\n|-weather|SunnyDay|[upkeep]\n|-damage|p2a: Groudon|63/263 tox|[from] psn\n|upkeep\n|\n|t:|1782736211\n|switch|p1a: Salazzle|Salazzle, L83, F|249/249\n|turn|17\n|\n|t:|1782736217\n|move|p1a: Salazzle|Flamethrower|p2a: Groudon\n|-damage|p2a: Groudon|0 fnt\n|faint|p2a: Groudon\n|\n|-weather|none\n|upkeep\n|\n|t:|1782736228\n|switch|p2a: Blissey|Blissey, L85, F|572/572\n|turn|18\n|\n|t:|1782736230\n|move|p1a: Salazzle|Substitute|p1a: Salazzle\n|-start|p1a: Salazzle|Substitute\n|-damage|p1a: Salazzle|187/249\n|move|p2a: Blissey|Seismic Toss|p1a: Salazzle\n|-end|p1a: Salazzle|Substitute\n|\n|-heal|p1a: Salazzle|202/249|[from] item: Leftovers\n|upkeep\n|turn|19\n|\n|t:|1782736233\n|move|p1a: Salazzle|Toxic|p2a: Blissey\n|-status|p2a: Blissey|tox\n|move|p2a: Blissey|Seismic Toss|p1a: Salazzle\n|-damage|p1a: Salazzle|117/249\n|\n|-heal|p1a: Salazzle|132/249|[from] item: Leftovers\n|-damage|p2a: Blissey|537/572 tox|[from] psn\n|upkeep\n|turn|20\n|\n|t:|1782736237\n|move|p1a: Salazzle|Protect|p1a: Salazzle\n|-singleturn|p1a: Salazzle|Protect\n|move|p2a: Blissey|Seismic Toss|p1a: Salazzle\n|-activate|p1a: Salazzle|move: Protect\n|\n|-heal|p1a: Salazzle|147/249|[from] item: Leftovers\n|-heal|p2a: Blissey|572/572 tox|[from] item: Leftovers\n|-damage|p2a: Blissey|502/572 tox|[from] psn\n|upkeep\n|turn|21\n|\n|t:|1782736241\n|move|p1a: Salazzle|Substitute|p1a: Salazzle\n|-start|p1a: Salazzle|Substitute\n|-damage|p1a: Salazzle|85/249\n|move|p2a: Blissey|Seismic Toss|p1a: Salazzle\n|-end|p1a: Salazzle|Substitute\n|\n|-heal|p1a: Salazzle|100/249|[from] item: Leftovers\n|-heal|p2a: Blissey|537/572 tox|[from] item: Leftovers\n|-damage|p2a: Blissey|432/572 tox|[from] psn\n|upkeep\n|turn|22\n|\n|t:|1782736254\n|-curestatus|p2a: Blissey|tox|[from] ability: Natural Cure|[silent]\n|switch|p2a: Regirock|Regirock, L83|104/268\n|move|p1a: Salazzle|Flamethrower|p2a: Regirock\n|-resisted|p2a: Regirock\n|-damage|p2a: Regirock|54/268\n|\n|-heal|p1a: Salazzle|115/249|[from] item: Leftovers\n|-heal|p2a: Regirock|70/268|[from] item: Leftovers\n|upkeep\n|turn|23\n|\n|t:|1782736261\n|switch|p1a: Wugtrio|Wugtrio, L91, M|30/212 par\n|move|p2a: Regirock|Stealth Rock|p1a: Wugtrio\n|-sidestart|p1: FunkboyCharmander|move: Stealth Rock\n|\n|-heal|p2a: Regirock|86/268|[from] item: Leftovers\n|upkeep\n|turn|24\n|\n|t:|1782736266\n|cant|p1a: Wugtrio|par\n|move|p2a: Regirock|Body Press|p1a: Wugtrio\n|-damage|p1a: Wugtrio|0 fnt\n|-ability|p1a: Wugtrio|Gooey\n|-fail|p2a: Regirock|unboost|[from] ability: Clear Body|[of] p2a: Regirock\n|faint|p1a: Wugtrio\n|\n|-heal|p2a: Regirock|102/268|[from] item: Leftovers\n|upkeep\n|\n|t:|1782736276\n|switch|p1a: Glaceon|Glaceon, L94, F|206/275\n|turn|25\n|\n|t:|1782736286\n|move|p1a: Glaceon|Mud Shot|p2a: Regirock\n|-supereffective|p2a: Regirock\n|-damage|p2a: Regirock|0 fnt\n|faint|p2a: Regirock\n|\n|upkeep\n|\n|t:|1782736290\n|switch|p2a: Rillaboom|Rillaboom, L79, F|154/288\n|-fieldstart|move: Grassy Terrain|[from] ability: Grassy Surge|[of] p2a: Rillaboom\n|turn|26\n|\n|t:|1782736295\n|move|p2a: Rillaboom|Wood Hammer|p1a: Glaceon\n|-damage|p1a: Glaceon|1/275\n|-damage|p2a: Rillaboom|86/288|[from] Recoil\n|move|p1a: Glaceon|Freeze-Dry|p2a: Rillaboom\n|-supereffective|p2a: Rillaboom\n|-damage|p2a: Rillaboom|0 fnt\n|faint|p2a: Rillaboom\n|\n|-heal|p1a: Glaceon|18/275|[from] Grassy Terrain\n|upkeep\n|\n|t:|1782736311\n|switch|p2a: Ribombee|Ribombee, L83, F|235/235\n|turn|27\n|\n|t:|1782736317\n|move|p2a: Ribombee|Moonblast|p1a: Glaceon\n|-damage|p1a: Glaceon|0 fnt\n|faint|p1a: Glaceon\n|\n|upkeep\n|\n|t:|1782736320\n|switch|p1a: Porygon2|Porygon2, L81|270/270\n|-damage|p1a: Porygon2|237/270|[from] Stealth Rock\n|-ability|p1a: Porygon2|Download|boost\n|-boost|p1a: Porygon2|atk|1\n|turn|28\n|\n|t:|1782736329\n|switch|p2a: Blissey|Blissey, L85, F|432/572\n|move|p1a: Porygon2|Thunder Wave|p2a: Blissey\n|-status|p2a: Blissey|par\n|\n|-heal|p1a: Porygon2|253/270|[from] Grassy Terrain\n|-heal|p2a: Blissey|467/572 par|[from] Grassy Terrain\n|-heal|p2a: Blissey|502/572 par|[from] item: Leftovers\n|upkeep\n|turn|29\n|\n|t:|1782736336\n|switch|p1a: Salazzle|Salazzle, L83, F|115/249\n|-damage|p1a: Salazzle|53/249|[from] Stealth Rock\n|move|p2a: Blissey|Thunder Wave|p1a: Salazzle\n|-status|p1a: Salazzle|par\n|\n|-heal|p1a: Salazzle|68/249 par|[from] Grassy Terrain\n|-heal|p1a: Salazzle|83/249 par|[from] item: Leftovers\n|-heal|p2a: Blissey|537/572 par|[from] Grassy Terrain\n|-heal|p2a: Blissey|572/572 par|[from] item: Leftovers\n|upkeep\n|turn|30\n|\n|t:|1782736341\n|move|p1a: Salazzle|Flamethrower|p2a: Blissey\n|-damage|p2a: Blissey|503/572 par\n|move|p2a: Blissey|Seismic Toss|p1a: Salazzle\n|-damage|p1a: Salazzle|0 fnt\n|faint|p1a: Salazzle\n|\n|-heal|p2a: Blissey|538/572 par|[from] Grassy Terrain\n|-heal|p2a: Blissey|572/572 par|[from] item: Leftovers\n|-fieldend|move: Grassy Terrain\n|upkeep\n|\n|t:|1782736344\n|switch|p1a: Lunala|Lunala, L70|308/308\n|-damage|p1a: Lunala|270/308|[from] Stealth Rock\n|turn|31\n|\n|t:|1782736354\n|move|p1a: Lunala|Calm Mind|p1a: Lunala\n|-boost|p1a: Lunala|spa|1\n|-boost|p1a: Lunala|spd|1\n|cant|p2a: Blissey|par\n|\n|-heal|p1a: Lunala|289/308|[from] item: Leftovers\n|upkeep\n|turn|32\n|\n|t:|1782736359\n|move|p1a: Lunala|Calm Mind|p1a: Lunala\n|-boost|p1a: Lunala|spa|1\n|-boost|p1a: Lunala|spd|1\n|move|p2a: Blissey|Thunder Wave|p1a: Lunala|[miss]\n|-miss|p2a: Blissey|p1a: Lunala\n|\n|-heal|p1a: Lunala|308/308|[from] item: Leftovers\n|upkeep\n|turn|33\n|\n|t:|1782736365\n|move|p1a: Lunala|Calm Mind|p1a: Lunala\n|-boost|p1a: Lunala|spa|1\n|-boost|p1a: Lunala|spd|1\n|move|p2a: Blissey|Thunder Wave|p1a: Lunala\n|-status|p1a: Lunala|par\n|\n|upkeep\n|turn|34\n|\n|t:|1782736372\n|-curestatus|p2a: Blissey|par|[from] ability: Natural Cure|[silent]\n|switch|p2a: Ribombee|Ribombee, L83, F|235/235\n|cant|p1a: Lunala|par\n|\n|upkeep\n|turn|35\n|\n|t:|1782736378\n|move|p2a: Ribombee|Quiver Dance|p2a: Ribombee\n|-boost|p2a: Ribombee|spa|1\n|-boost|p2a: Ribombee|spd|1\n|-boost|p2a: Ribombee|spe|1\n|move|p1a: Lunala|Moongeist Beam|p2a: Ribombee\n|-damage|p2a: Ribombee|34/235\n|\n|upkeep\n|turn|36\n|\n|t:|1782736392\n|move|p2a: Ribombee|Moonblast|p1a: Lunala\n|-damage|p1a: Lunala|280/308 par\n|-unboost|p1a: Lunala|spa|1\n|move|p1a: Lunala|Moongeist Beam|p2a: Ribombee\n|-damage|p2a: Ribombee|0 fnt\n|faint|p2a: Ribombee\n|\n|-heal|p1a: Lunala|299/308 par|[from] item: Leftovers\n|upkeep\n|\n|t:|1782736394\n|switch|p2a: Toxtricity|Toxtricity, L82, F|257/257\n|turn|37\n|\n|t:|1782736405\n|-terastallize|p2a: Toxtricity|Normal\n|move|p2a: Toxtricity|Shift Gear|p2a: Toxtricity\n|-boost|p2a: Toxtricity|spe|2\n|-boost|p2a: Toxtricity|atk|1\n|cant|p1a: Lunala|par\n|\n|-heal|p1a: Lunala|308/308 par|[from] item: Leftovers\n|upkeep\n|turn|38\n|\n|t:|1782736412\n|move|p2a: Toxtricity|Gunk Shot|p1a: Lunala\n|-resisted|p1a: Lunala\n|-damage|p1a: Lunala|257/308 par\n|cant|p1a: Lunala|par\n|\n|-heal|p1a: Lunala|276/308 par|[from] item: Leftovers\n|upkeep\n|turn|39\n|\n|t:|1782736417\n|move|p2a: Toxtricity|Gunk Shot|p1a: Lunala\n|-resisted|p1a: Lunala\n|-damage|p1a: Lunala|171/308 par\n|move|p1a: Lunala|Focus Blast|p2a: Toxtricity|[miss]\n|-miss|p1a: Lunala|p2a: Toxtricity\n|\n|-heal|p1a: Lunala|190/308 par|[from] item: Leftovers\n|upkeep\n|turn|40\n|\n|t:|1782736423\n|move|p2a: Toxtricity|Shift Gear|p2a: Toxtricity\n|-boost|p2a: Toxtricity|spe|2\n|-boost|p2a: Toxtricity|atk|1\n|move|p1a: Lunala|Focus Blast|p2a: Toxtricity\n|-supereffective|p2a: Toxtricity\n|-damage|p2a: Toxtricity|0 fnt\n|faint|p2a: Toxtricity\n|\n|-heal|p1a: Lunala|209/308 par|[from] item: Leftovers\n|upkeep\n|\n|t:|1782736426\n|switch|p2a: Blissey|Blissey, L85, F|572/572\n|turn|41\n|\n|t:|1782736431\n|move|p2a: Blissey|Seismic Toss|p1a: Lunala\n|-immune|p1a: Lunala\n|move|p1a: Lunala|Calm Mind|p1a: Lunala\n|-boost|p1a: Lunala|spa|1\n|-boost|p1a: Lunala|spd|1\n|\n|-heal|p1a: Lunala|228/308 par|[from] item: Leftovers\n|upkeep\n|turn|42\n|\n|t:|1782736433\n|move|p2a: Blissey|Seismic Toss|p1a: Lunala\n|-immune|p1a: Lunala\n|cant|p1a: Lunala|par\n|\n|-heal|p1a: Lunala|247/308 par|[from] item: Leftovers\n|upkeep\n|turn|43\n|-message|Yomy forfeited.\n|\n|win|FunkboyCharmander\n", "inputlog": ">version 3f8ef8cf60cebd2b18892af2794d10415e14a302\n>start {\"formatid\":\"gen9randombattle\",\"seed\":\"sodium,03c6bee2fa29cca0a91d3c36272d75d3\",\"rated\":\"Rated battle\"}\n>player p1 {\"name\":\"FunkboyCharmander\",\"avatar\":\"266\",\"rating\":2099,\"seed\":\"sodium,a6e17f92ce872867824b4dc8b86f689e\"}\n>player p2 {\"name\":\"Yomy\",\"avatar\":\"ingo\",\"rating\":2196,\"seed\":\"sodium,4826ee66a6dd039ed470d45ac89e2473\"}\n>p1 move liquidation\n>p2 move thunderwave\n>p1 move liquidation\n>p2 switch 5\n>p1 switch 5\n>p2 move woodhammer\n>p1 move drainpunch\n>p2 switch 4\n>p1 switch 3\n>p2 move precipiceblades\n>p1 move freezedry\n>p2 switch 3\n>p1 switch 5\n>p2 move seismictoss\n>p1 move liquidation\n>p2 switch 4\n>p1 move liquidation\n>p2 move highhorsepower\n>p1 move liquidation\n>p2 move highhorsepower\n>p1 switch 5\n>p2 move highhorsepower\n>p1 switch 3\n>p2 switch 4\n>p1 move bulkup\n>p2 switch 3\n>p1 move drainpunch\n>p2 move willowisp\n>p1 move knockoff\n>p2 move precipiceblades\n>p1 move drainpunch\n>p2 move precipiceblades\n>p1 switch 4\n>p1 move flamethrower\n>p2 move precipiceblades\n>p2 switch 3\n>p1 move substitute\n>p2 move seismictoss\n>p1 move toxic\n>p2 move seismictoss\n>p1 move protect\n>p2 move seismictoss\n>p1 move substitute\n>p2 move seismictoss\n>p1 move flamethrower\n>p2 switch 5\n>p1 switch 5\n>p2 move stealthrock\n>p1 move liquidation\n>p2 move bodypress\n>p1 switch 3\n>p1 move mudshot\n>p2 move bodypress\n>p2 switch 4\n>p1 move freezedry\n>p2 move woodhammer\n>p2 switch 6\n>p1 move freezedry\n>p2 move moonblast\n>p1 switch 6\n>p1 move thunderwave\n>p2 switch 5\n>p1 switch 5\n>p2 move thunderwave\n>p1 move flamethrower\n>p2 move seismictoss\n>p1 switch 2\n>p1 move calmmind\n>p2 move thunderwave\n>p1 move calmmind\n>p2 move thunderwave\n>p1 move calmmind\n>p2 move thunderwave\n>p1 move moongeistbeam\n>p2 switch 5\n>p1 move moongeistbeam\n>p2 move quiverdance\n>p1 move moongeistbeam\n>p2 move moonblast\n>p2 switch 2\n>p1 move moonlight\n>p2 move shiftgear terastallize\n>p1 move focusblast\n>p2 move gunkshot\n>p1 move focusblast\n>p2 move gunkshot\n>p1 move focusblast\n>p2 move shiftgear\n>p2 switch 5\n>p1 move calmmind\n>p2 move seismictoss\n>p1 move calmmind\n>p2 move seismictoss\n>forcelose p2", "uploadtime": 1782736066, "views": 4, "formatid": "gen9randombattle", "rating": null, "private": 0, "password": null, "player_dets": [{"name": "FunkboyCharmander", "avatar": "266", "rating": 2099, "seed": "sodium,a6e17f92ce872867824b4dc8b86f689e"}, {"name": "Yomy", "avatar": "ingo", "rating": 2196, "seed": "sodium,4826ee66a6dd039ed470d45ac89e2473"}], "teams_full": [{"Wugtrio": {"name": "Wugtrio", "species": "Wugtrio", "speciesId": "wugtrio", "gender": "M", "shiny": false, "level": 91, "moves": ["stompingtantrum", "aquajet", "throatchop", "liquidation"], "ability": "Gooey", "evs": {"hp": 85, "atk": 85, "def": 85, "spa": 85, "spd": 85, "spe": 85}, "ivs": {"hp": 31, "atk": 31, "def": 31, "spa": 31, "spd": 31, "spe": 31}, "item": "Choice Band", "teraType": "Dark", "role": "Fast Attacker", "bvs": {"hp": 35, "atk": 100, "def": 50, "spa": 50, "spd": 70, "spe": 120}, "stats": {"hp": 212, "atk": 234, "def": 143, "spa": 143, "spd": 179, "spe": 270}, "types": ["Water"]}, "Lunala": {"name": "Lunala", "species": "Lunala", "speciesId": "lunala", "gender": "N", "shiny": false, "level": 70, "moves": ["focusblast", "moonlight", "moongeistbeam", "calmmind"], "ability": "Shadow Shield", "evs": {"hp": 85, "atk": 0, "def": 85, "spa": 85, "spd": 85, "spe": 85}, "ivs": {"hp": 31, "atk": 0, "def": 31, "spa": 31, "spd": 31, "spe": 31}, "item": "Leftovers", "teraType": "Fighting", "role": "Bulky Setup", "bvs": {"hp": 137, "atk": 113, "def": 89, "spa": 137, "spd": 107, "spe": 97}, "stats": {"hp": 308, "atk": 163, "def": 166, "spa": 233, "spd": 191, "spe": 177}, "types": ["Psychic", "Ghost"]}, "Glaceon": {"name": "Glaceon", "species": "Glaceon", "speciesId": "glaceon", "gender": "F", "shiny": false, "level": 94, "moves": ["mudshot", "protect", "wish", "freezedry"], "ability": "Ice Body", "evs": {"hp": 85, "atk": 0, "def": 85, "spa": 85, "spd": 85, "spe": 85}, "ivs": {"hp": 31, "atk": 0, "def": 31, "spa": 31, "spd": 31, "spe": 31}, "item": "Heavy-Duty Boots", "teraType": "Ground", "role": "Bulky Attacker", "bvs": {"hp": 65, "atk": 60, "def": 110, "spa": 130, "spd": 95, "spe": 65}, "stats": {"hp": 275, "atk": 117, "def": 260, "spa": 298, "spd": 232, "spe": 176}, "types": ["Ice"]}, "Salazzle": {"name": "Salazzle", "species": "Salazzle", "speciesId": "salazzle", "gender": "F", "shiny": false, "level": 83, "moves": ["substitute", "toxic", "flamethrower", "protect"], "ability": "Corrosion", "evs": {"hp": 85, "atk": 0, "def": 85, "spa": 85, "spd": 85, "spe": 85}, "ivs": {"hp": 31, "atk": 0, "def": 31, "spa": 31, "spd": 31, "spe": 31}, "item": "Leftovers", "teraType": "Grass", "role": "Fast Support", "bvs": {"hp": 68, "atk": 64, "def": 60, "spa": 111, "spd": 60, "spe": 117}, "stats": {"hp": 249, "atk": 111, "def": 147, "spa": 232, "spd": 147, "spe": 242}, "types": ["Poison", "Fire"]}, "Okidogi": {"name": "Okidogi", "species": "Okidogi", "speciesId": "okidogi", "gender": "M", "shiny": false, "level": 77, "moves": ["bulkup", "drainpunch", "knockoff", "gunkshot"], "ability": "Toxic Chain", "evs": {"hp": 85, "atk": 85, "def": 85, "spa": 85, "spd": 85, "spe": 85}, "ivs": {"hp": 31, "atk": 31, "def": 31, "spa": 31, "spd": 31, "spe": 31}, "item": "Leftovers", "teraType": "Dark", "role": "Bulky Setup", "bvs": {"hp": 88, "atk": 128, "def": 115, "spa": 58, "spd": 86, "spe": 80}, "stats": {"hp": 262, "atk": 242, "def": 222, "spa": 134, "spd": 177, "spe": 168}, "types": ["Poison", "Fighting"]}, "Porygon2": {"name": "Porygon2", "species": "Porygon2", "speciesId": "porygon2", "gender": "N", "shiny": false, "level": 81, "moves": ["terablast", "recover", "thunderwave", "shadowball"], "ability": "Download", "evs": {"hp": 85, "atk": 85, "def": 85, "spa": 85, "spd": 85, "spe": 85}, "ivs": {"hp": 31, "atk": 31, "def": 31, "spa": 31, "spd": 31, "spe": 31}, "item": "Eviolite", "teraType": "Fighting", "role": "Tera Blast user", "bvs": {"hp": 85, "atk": 80, "def": 90, "spa": 105, "spd": 95, "spe": 60}, "stats": {"hp": 270, "atk": 176, "def": 192, "spa": 217, "spd": 201, "spe": 144}, "types": ["Normal"]}}, {"Regirock": {"name": "Regirock", "species": "Regirock", "speciesId": "regirock", "gender": "N", "shiny": false, "level": 83, "moves": ["bodypress", "stealthrock", "thunderwave", "stoneedge"], "ability": "Clear Body", "evs": {"hp": 85, "atk": 85, "def": 85, "spa": 85, "spd": 85, "spe": 85}, "ivs": {"hp": 31, "atk": 31, "def": 31, "spa": 31, "spd": 31, "spe": 31}, "item": "Leftovers", "teraType": "Fighting", "role": "Bulky Attacker", "bvs": {"hp": 80, "atk": 100, "def": 200, "spa": 50, "spd": 100, "spe": 50}, "stats": {"hp": 268, "atk": 214, "def": 380, "spa": 131, "spd": 214, "spe": 131}, "types": ["Rock"]}, "Toxtricity": {"name": "Toxtricity", "species": "Toxtricity", "speciesId": "toxtricity", "gender": "F", "shiny": false, "level": 82, "moves": ["gunkshot", "overdrive", "shiftgear", "boomburst"], "ability": "Punk Rock", "evs": {"hp": 85, "atk": 85, "def": 85, "spa": 85, "spd": 85, "spe": 85}, "ivs": {"hp": 31, "atk": 31, "def": 31, "spa": 31, "spd": 31, "spe": 31}, "item": "Throat Spray", "teraType": "Normal", "role": "Setup Sweeper", "bvs": {"hp": 75, "atk": 98, "def": 70, "spa": 114, "spd": 70, "spe": 75}, "stats": {"hp": 257, "atk": 208, "def": 162, "spa": 234, "spd": 162, "spe": 170}, "types": ["Electric", "Poison"]}, "Blissey": {"name": "Blissey", "species": "Blissey", "speciesId": "blissey", "gender": "F", "shiny": false, "level": 85, "moves": ["healbell", "softboiled", "seismictoss", "thunderwave"], "ability": "Natural Cure", "evs": {"hp": 85, "atk": 0, "def": 85, "spa": 85, "spd": 85, "spe": 85}, "ivs": {"hp": 31, "atk": 0, "def": 31, "spa": 31, "spd": 31, "spe": 31}, "item": "Leftovers", "teraType": "Ghost", "role": "Bulky Support", "bvs": {"hp": 255, "atk": 10, "def": 10, "spa": 75, "spd": 135, "spe": 55}, "stats": {"hp": 572, "atk": 22, "def": 66, "spa": 176, "spd": 278, "spe": 142}, "types": ["Normal"]}, "Groudon": {"name": "Groudon", "species": "Groudon", "speciesId": "groudon", "gender": "N", "shiny": false, "level": 72, "moves": ["heatcrash", "precipiceblades", "willowisp", "stoneedge"], "ability": "Drought", "evs": {"hp": 85, "atk": 85, "def": 85, "spa": 85, "spd": 85, "spe": 85}, "ivs": {"hp": 31, "atk": 31, "def": 31, "spa": 31, "spd": 31, "spe": 31}, "item": "Leftovers", "teraType": "Fire", "role": "Bulky Attacker", "bvs": {"hp": 100, "atk": 150, "def": 140, "spa": 100, "spd": 90, "spe": 90}, "stats": {"hp": 263, "atk": 258, "def": 244, "spa": 186, "spd": 172, "spe": 172}, "types": ["Ground"]}, "Rillaboom": {"name": "Rillaboom", "species": "Rillaboom", "speciesId": "rillaboom", "gender": "F", "shiny": false, "level": 79, "moves": ["woodhammer", "highhorsepower", "grassyglide", "uturn"], "ability": "Grassy Surge", "evs": {"hp": 85, "atk": 85, "def": 85, "spa": 85, "spd": 85, "spe": 85}, "ivs": {"hp": 31, "atk": 31, "def": 31, "spa": 31, "spd": 31, "spe": 31}, "item": "Choice Band", "teraType": "Grass", "role": "Fast Attacker", "bvs": {"hp": 100, "atk": 125, "def": 90, "spa": 60, "spd": 70, "spe": 85}, "stats": {"hp": 288, "atk": 243, "def": 188, "spa": 140, "spd": 156, "spe": 180}, "types": ["Grass"]}, "Ribombee": {"name": "Ribombee", "species": "Ribombee", "speciesId": "ribombee", "gender": "F", "shiny": false, "level": 83, "moves": ["moonblast", "terablast", "bugbuzz", "quiverdance"], "ability": "Shield Dust", "evs": {"hp": 85, "atk": 0, "def": 85, "spa": 85, "spd": 85, "spe": 85}, "ivs": {"hp": 31, "atk": 0, "def": 31, "spa": 31, "spd": 31, "spe": 31}, "item": "Heavy-Duty Boots", "teraType": "Ground", "role": "Tera Blast user", "bvs": {"hp": 60, "atk": 55, "def": 60, "spa": 95, "spd": 70, "spe": 124}, "stats": {"hp": 235, "atk": 96, "def": 147, "spa": 205, "spd": 164, "spe": 254}, "types": ["Bug", "Fairy"]}}]}