{"id": "gen9randombattle-2641152459", "format": "[Gen 9] Random Battle", "players": ["solvvibee", "ky8kvikf7c7"], "log": "|j|\u2606solvvibee\n|j|\u203dky8kvikf7c7\n|t:|1782746988\n|gametype|singles\n|player|p1|solvvibee|102|1107\n|player|p2|ky8kvikf7c7|265|1136\n|gen|9\n|tier|[Gen 9] Random Battle\n|rated|\n|rule|Species Clause: Limit one of each Pok\u00e9mon\n|rule|HP Percentage Mod: HP is shown in percentages\n|rule|Sleep Clause Mod: Limit one foe put to sleep\n|rule|Illusion Level Mod: Illusion disguises the Pok\u00e9mon's true level\n|\n|t:|1782746988\n|teamsize|p1|6\n|teamsize|p2|6\n|start\n|switch|p1a: Flutter Mane|Flutter Mane, L74|203/203\n|switch|p2a: Crabominable|Crabominable, L90, F|321/321\n|turn|1\n|inactive|Battle timer is ON: inactive players will automatically lose when time's up. (requested by solvvibee)\n|\n|t:|1782747020\n|switch|p2a: Scream Tail|Scream Tail, L84|330/330\n|move|p1a: Flutter Mane|Moonblast|p2a: Scream Tail\n|-damage|p2a: Scream Tail|200/330\n|\n|-heal|p2a: Scream Tail|220/330|[from] item: Leftovers\n|upkeep\n|turn|2\n|\n|t:|1782747042\n|-end|p1a: Flutter Mane|Protosynthesis|[silent]\n|switch|p1a: Lokix|Lokix, L82, F|251/251\n|move|p2a: Scream Tail|Wish|p2a: Scream Tail\n|\n|-heal|p2a: Scream Tail|240/330|[from] item: Leftovers\n|upkeep\n|turn|3\n|\n|t:|1782747051\n|move|p2a: Scream Tail|Protect|p2a: Scream Tail\n|-singleturn|p2a: Scream Tail|Protect\n|move|p1a: Lokix|Knock Off|p2a: Scream Tail\n|-activate|p2a: Scream Tail|move: Protect\n|\n|-heal|p2a: Scream Tail|330/330|[from] move: Wish|[wisher] Scream Tail\n|upkeep\n|turn|4\n|\n|t:|1782747066\n|move|p2a: Scream Tail|Play Rough|p1a: Lokix\n|-supereffective|p1a: Lokix\n|-damage|p1a: Lokix|87/251\n|move|p1a: Lokix|Knock Off|p2a: Scream Tail\n|-damage|p2a: Scream Tail|205/330\n|-enditem|p2a: Scream Tail|Leftovers|[from] move: Knock Off|[of] p1a: Lokix\n|-damage|p1a: Lokix|62/251|[from] item: Life Orb\n|\n|upkeep\n|turn|5\n|\n|t:|1782747083\n|move|p2a: Scream Tail|Protect|p2a: Scream Tail\n|-singleturn|p2a: Scream Tail|Protect\n|move|p1a: Lokix|First Impression||[still]\n|-hint|First Impression only works on your first turn out.\n|-fail|p1a: Lokix\n|\n|upkeep\n|turn|6\n|\n|t:|1782747097\n|switch|p1a: Garchomp|Garchomp, L74, M|282/282\n|move|p2a: Scream Tail|Encore||[still]\n|-fail|p2a: Scream Tail\n|\n|upkeep\n|turn|7\n|\n|t:|1782747108\n|-terastallize|p1a: Garchomp|Ground\n|move|p2a: Scream Tail|Protect|p2a: Scream Tail\n|-singleturn|p2a: Scream Tail|Protect\n|move|p1a: Garchomp|Stealth Rock|p2a: Scream Tail\n|-sidestart|p2: ky8kvikf7c7|move: Stealth Rock\n|\n|upkeep\n|turn|8\n|\n|t:|1782747117\n|move|p2a: Scream Tail|Encore|p1a: Garchomp\n|-start|p1a: Garchomp|Encore\n|move|p1a: Garchomp|Stealth Rock||[still]\n|-fail|p1a: Garchomp\n|\n|upkeep\n|turn|9\n|\n|t:|1782747123\n|switch|p1a: Arboliva|Arboliva, L91, F|288/288\n|move|p2a: Scream Tail|Wish|p2a: Scream Tail\n|\n|upkeep\n|turn|10\n|\n|t:|1782747134\n|move|p2a: Scream Tail|Play Rough|p1a: Arboliva\n|-damage|p1a: Arboliva|221/288\n|move|p1a: Arboliva|Substitute|p1a: Arboliva\n|-start|p1a: Arboliva|Substitute\n|-damage|p1a: Arboliva|149/288\n|\n|-heal|p2a: Scream Tail|330/330|[from] move: Wish|[wisher] Scream Tail\n|upkeep\n|turn|11\n|\n|t:|1782747157\n|move|p2a: Scream Tail|Play Rough|p1a: Arboliva\n|-activate|p1a: Arboliva|move: Substitute|[damage]\n|move|p1a: Arboliva|Leech Seed|p2a: Scream Tail\n|-start|p2a: Scream Tail|move: Leech Seed\n|\n|-damage|p2a: Scream Tail|289/330|[from] Leech Seed|[of] p1a: Arboliva\n|-heal|p1a: Arboliva|190/288|[silent]\n|upkeep\n|turn|12\n|\n|t:|1782747169\n|-end|p2a: Scream Tail|Protosynthesis|[silent]\n|switch|p2a: Gengar|Gengar, L81, M|230/230\n|-damage|p2a: Gengar|202/230|[from] Stealth Rock\n|move|p1a: Arboliva|Protect||[still]\n|-fail|p1a: Arboliva\n|\n|upkeep\n|turn|13\n|\n|t:|1782747178\n|move|p2a: Gengar|Encore|p1a: Arboliva\n|-start|p1a: Arboliva|Encore\n|move|p1a: Arboliva|Protect||[still]\n|-fail|p1a: Arboliva\n|\n|upkeep\n|turn|14\n|\n|t:|1782747191\n|move|p1a: Arboliva|Protect|p1a: Arboliva\n|-singleturn|p1a: Arboliva|Protect\n|move|p2a: Gengar|Sludge Wave|p1a: Arboliva\n|-activate|p1a: Arboliva|move: Protect\n|\n|upkeep\n|turn|15\n|\n|t:|1782747199\n|switch|p1a: Garchomp|Garchomp, L74, M, tera:Ground|282/282\n|move|p2a: Gengar|Sludge Wave|p1a: Garchomp\n|-resisted|p1a: Garchomp\n|-damage|p1a: Garchomp|199/282\n|-damage|p2a: Gengar|179/230|[from] item: Life Orb\n|\n|upkeep\n|turn|16\n|\n|t:|1782747210\n|switch|p2a: Wo-Chien|Wo-Chien, L83|277/277\n|-damage|p2a: Wo-Chien|243/277|[from] Stealth Rock\n|-ability|p2a: Wo-Chien|Tablets of Ruin\n|move|p1a: Garchomp|Spikes|p2a: Wo-Chien\n|-sidestart|p2: ky8kvikf7c7|Spikes\n|\n|-heal|p2a: Wo-Chien|260/277|[from] item: Leftovers\n|upkeep\n|turn|17\n|\n|t:|1782747226\n|switch|p1a: Duraludon|Duraludon, L82, F|249/249\n|move|p2a: Wo-Chien|Leech Seed|p1a: Duraludon\n|-start|p1a: Duraludon|move: Leech Seed\n|\n|-heal|p2a: Wo-Chien|277/277|[from] item: Leftovers\n|-damage|p1a: Duraludon|218/249|[from] Leech Seed|[of] p2a: Wo-Chien\n|upkeep\n|turn|18\n|\n|t:|1782747246\n|move|p2a: Wo-Chien|Protect|p2a: Wo-Chien\n|-singleturn|p2a: Wo-Chien|Protect\n|move|p1a: Duraludon|Body Press|p2a: Wo-Chien\n|-activate|p2a: Wo-Chien|move: Protect\n|\n|-damage|p1a: Duraludon|187/249|[from] Leech Seed|[of] p2a: Wo-Chien\n|upkeep\n|turn|19\n|\n|t:|1782747251\n|switch|p1a: Arboliva|Arboliva, L91, F|190/288\n|move|p2a: Wo-Chien|Knock Off|p1a: Arboliva\n|-damage|p1a: Arboliva|102/288\n|-enditem|p1a: Arboliva|Sitrus Berry|[from] move: Knock Off|[of] p2a: Wo-Chien\n|\n|upkeep\n|turn|20\n|\n|t:|1782747263\n|move|p2a: Wo-Chien|Protect|p2a: Wo-Chien\n|-singleturn|p2a: Wo-Chien|Protect\n|move|p1a: Arboliva|Leech Seed|p2a: Wo-Chien\n|-activate|p2a: Wo-Chien|move: Protect\n|\n|upkeep\n|turn|21\n|\n|t:|1782747269\n|move|p2a: Wo-Chien|Knock Off|p1a: Arboliva\n|-damage|p1a: Arboliva|48/288\n|move|p1a: Arboliva|Leech Seed|p2a: Wo-Chien\n|-immune|p2a: Wo-Chien\n|\n|upkeep\n|turn|22\n|\n|t:|1782747278\n|move|p2a: Wo-Chien|Knock Off|p1a: Arboliva\n|-damage|p1a: Arboliva|0 fnt\n|faint|p1a: Arboliva\n|\n|upkeep\n|\n|t:|1782747285\n|switch|p1a: Flutter Mane|Flutter Mane, L74|203/203\n|turn|23\n|\n|t:|1782747292\n|move|p2a: Wo-Chien|Protect|p2a: Wo-Chien\n|-singleturn|p2a: Wo-Chien|Protect\n|move|p1a: Flutter Mane|Mystical Fire|p2a: Wo-Chien\n|-activate|p2a: Wo-Chien|move: Protect\n|\n|upkeep\n|turn|24\n|\n|t:|1782747301\n|move|p1a: Flutter Mane|Mystical Fire|p2a: Wo-Chien\n|-supereffective|p2a: Wo-Chien\n|-damage|p2a: Wo-Chien|165/277\n|-unboost|p2a: Wo-Chien|spa|1\n|move|p2a: Wo-Chien|Leech Seed|p1a: Flutter Mane\n|-start|p1a: Flutter Mane|move: Leech Seed\n|\n|-heal|p2a: Wo-Chien|182/277|[from] item: Leftovers\n|-damage|p1a: Flutter Mane|178/203|[from] Leech Seed|[of] p2a: Wo-Chien\n|-heal|p2a: Wo-Chien|207/277|[silent]\n|upkeep\n|turn|25\n|\n|t:|1782747312\n|move|p2a: Wo-Chien|Protect|p2a: Wo-Chien\n|-singleturn|p2a: Wo-Chien|Protect\n|move|p1a: Flutter Mane|Mystical Fire|p2a: Wo-Chien\n|-activate|p2a: Wo-Chien|move: Protect\n|\n|-heal|p2a: Wo-Chien|224/277|[from] item: Leftovers\n|-damage|p1a: Flutter Mane|153/203|[from] Leech Seed|[of] p2a: Wo-Chien\n|-heal|p2a: Wo-Chien|249/277|[silent]\n|upkeep\n|turn|26\n|\n|t:|1782747321\n|-end|p1a: Flutter Mane|Protosynthesis|[silent]\n|switch|p1a: Duraludon|Duraludon, L82, F|187/249\n|move|p2a: Wo-Chien|Knock Off|p1a: Duraludon\n|-damage|p1a: Duraludon|138/249\n|-enditem|p1a: Duraludon|Eviolite|[from] move: Knock Off|[of] p2a: Wo-Chien\n|\n|-heal|p2a: Wo-Chien|266/277|[from] item: Leftovers\n|upkeep\n|turn|27\n|\n|t:|1782747330\n|move|p2a: Wo-Chien|Protect|p2a: Wo-Chien\n|-singleturn|p2a: Wo-Chien|Protect\n|move|p1a: Duraludon|Iron Defense|p1a: Duraludon\n|-boost|p1a: Duraludon|def|2\n|\n|-heal|p2a: Wo-Chien|277/277|[from] item: Leftovers\n|upkeep\n|turn|28\n|\n|t:|1782747340\n|switch|p2a: Scream Tail|Scream Tail, L84|289/330\n|-damage|p2a: Scream Tail|248/330|[from] Stealth Rock\n|-damage|p2a: Scream Tail|207/330|[from] Spikes\n|move|p1a: Duraludon|Body Press|p2a: Scream Tail\n|-resisted|p2a: Scream Tail\n|-damage|p2a: Scream Tail|178/330\n|\n|upkeep\n|turn|29\n|\n|t:|1782747357\n|move|p2a: Scream Tail|Encore|p1a: Duraludon\n|-start|p1a: Duraludon|Encore\n|move|p1a: Duraludon|Body Press|p2a: Scream Tail\n|-resisted|p2a: Scream Tail\n|-damage|p2a: Scream Tail|150/330\n|\n|upkeep\n|turn|30\n|\n|t:|1782747372\n|switch|p1a: Garchomp|Garchomp, L74, M, tera:Ground|199/282\n|move|p2a: Scream Tail|Wish|p2a: Scream Tail\n|\n|upkeep\n|turn|31\n|\n|t:|1782747380\n|move|p2a: Scream Tail|Play Rough|p1a: Garchomp|[miss]\n|-miss|p2a: Scream Tail|p1a: Garchomp\n|move|p1a: Garchomp|Spikes|p2a: Scream Tail\n|-sidestart|p2: ky8kvikf7c7|Spikes\n|\n|-heal|p2a: Scream Tail|315/330|[from] move: Wish|[wisher] Scream Tail\n|upkeep\n|turn|32\n|\n|t:|1782747393\n|switch|p1a: Flutter Mane|Flutter Mane, L74|153/203\n|move|p2a: Scream Tail|Encore||[still]\n|-fail|p2a: Scream Tail\n|\n|upkeep\n|turn|33\n|\n|t:|1782747402\n|move|p2a: Scream Tail|Protect|p2a: Scream Tail\n|-singleturn|p2a: Scream Tail|Protect\n|move|p1a: Flutter Mane|Shadow Ball|p2a: Scream Tail\n|-activate|p2a: Scream Tail|move: Protect\n|\n|upkeep\n|turn|34\n|\n|t:|1782747409\n|-end|p2a: Scream Tail|Protosynthesis|[silent]\n|switch|p2a: Wo-Chien|Wo-Chien, L83|277/277\n|-damage|p2a: Wo-Chien|243/277|[from] Stealth Rock\n|-damage|p2a: Wo-Chien|197/277|[from] Spikes\n|-ability|p2a: Wo-Chien|Tablets of Ruin\n|move|p1a: Flutter Mane|Shadow Ball|p2a: Wo-Chien\n|-resisted|p2a: Wo-Chien\n|-damage|p2a: Wo-Chien|149/277\n|-unboost|p2a: Wo-Chien|spd|1\n|\n|-heal|p2a: Wo-Chien|166/277|[from] item: Leftovers\n|upkeep\n|turn|35\n|\n|t:|1782747422\n|-end|p1a: Flutter Mane|Protosynthesis|[silent]\n|switch|p1a: Garchomp|Garchomp, L74, M, tera:Ground|199/282\n|move|p2a: Wo-Chien|Leech Seed|p1a: Garchomp\n|-start|p1a: Garchomp|move: Leech Seed\n|\n|-heal|p2a: Wo-Chien|183/277|[from] item: Leftovers\n|-damage|p1a: Garchomp|164/282|[from] Leech Seed|[of] p2a: Wo-Chien\n|-heal|p2a: Wo-Chien|218/277|[silent]\n|upkeep\n|turn|36\n|\n|t:|1782747433\n|move|p1a: Garchomp|Spikes|p2a: Wo-Chien\n|-sidestart|p2: ky8kvikf7c7|Spikes\n|move|p2a: Wo-Chien|Giga Drain|p1a: Garchomp\n|-supereffective|p1a: Garchomp\n|-damage|p1a: Garchomp|0 fnt\n|-heal|p2a: Wo-Chien|277/277|[from] drain|[of] p1a: Garchomp\n|faint|p1a: Garchomp\n|\n|upkeep\n|\n|t:|1782747444\n|switch|p1a: Flutter Mane|Flutter Mane, L74|153/203\n|turn|37\n|\n|t:|1782747452\n|move|p2a: Wo-Chien|Protect|p2a: Wo-Chien\n|-singleturn|p2a: Wo-Chien|Protect\n|move|p1a: Flutter Mane|Moonblast|p2a: Wo-Chien\n|-activate|p2a: Wo-Chien|move: Protect\n|\n|upkeep\n|turn|38\n|\n|t:|1782747458\n|switch|p2a: Scream Tail|Scream Tail, L84|315/330\n|-damage|p2a: Scream Tail|274/330|[from] Stealth Rock\n|-damage|p2a: Scream Tail|192/330|[from] Spikes\n|move|p1a: Flutter Mane|Moonblast|p2a: Scream Tail\n|-damage|p2a: Scream Tail|71/330\n|\n|upkeep\n|turn|39\n|\n|t:|1782747471\n|move|p2a: Scream Tail|Protect|p2a: Scream Tail\n|-singleturn|p2a: Scream Tail|Protect\n|move|p1a: Flutter Mane|Moonblast|p2a: Scream Tail\n|-activate|p2a: Scream Tail|move: Protect\n|\n|upkeep\n|turn|40\n|\n|t:|1782747475\n|move|p1a: Flutter Mane|Moonblast|p2a: Scream Tail\n|-damage|p2a: Scream Tail|0 fnt\n|faint|p2a: Scream Tail\n|-end|p2a: Scream Tail|Protosynthesis|[silent]\n|\n|upkeep\n|\n|t:|1782747479\n|switch|p2a: Wo-Chien|Wo-Chien, L83|277/277\n|-damage|p2a: Wo-Chien|243/277|[from] Stealth Rock\n|-damage|p2a: Wo-Chien|174/277|[from] Spikes\n|-ability|p2a: Wo-Chien|Tablets of Ruin\n|turn|41\n|\n|t:|1782747486\n|-terastallize|p2a: Wo-Chien|Poison\n|move|p1a: Flutter Mane|Moonblast|p2a: Wo-Chien\n|-resisted|p2a: Wo-Chien\n|-damage|p2a: Wo-Chien|118/277\n|move|p2a: Wo-Chien|Knock Off|p1a: Flutter Mane\n|-damage|p1a: Flutter Mane|0 fnt\n|-enditem|p1a: Flutter Mane|Choice Specs|[from] move: Knock Off|[of] p2a: Wo-Chien\n|faint|p1a: Flutter Mane\n|-end|p1a: Flutter Mane|Protosynthesis|[silent]\n|\n|-heal|p2a: Wo-Chien|135/277|[from] item: Leftovers\n|upkeep\n|\n|t:|1782747499\n|switch|p1a: Duraludon|Duraludon, L82, F|138/249\n|turn|42\n|\n|t:|1782747512\n|move|p1a: Duraludon|Iron Defense|p1a: Duraludon\n|-boost|p1a: Duraludon|def|2\n|move|p2a: Wo-Chien|Leech Seed|p1a: Duraludon|[miss]\n|-miss|p2a: Wo-Chien|p1a: Duraludon\n|\n|-heal|p2a: Wo-Chien|152/277|[from] item: Leftovers\n|upkeep\n|turn|43\n|\n|t:|1782747524\n|move|p1a: Duraludon|Flash Cannon|p2a: Wo-Chien\n|-damage|p2a: Wo-Chien|77/277\n|move|p2a: Wo-Chien|Leech Seed|p1a: Duraludon\n|-start|p1a: Duraludon|move: Leech Seed\n|\n|-heal|p2a: Wo-Chien|94/277|[from] item: Leftovers\n|-damage|p1a: Duraludon|107/249|[from] Leech Seed|[of] p2a: Wo-Chien\n|-heal|p2a: Wo-Chien|125/277|[silent]\n|upkeep\n|turn|44\n|\n|t:|1782747532\n|move|p2a: Wo-Chien|Protect|p2a: Wo-Chien\n|-singleturn|p2a: Wo-Chien|Protect\n|move|p1a: Duraludon|Flash Cannon|p2a: Wo-Chien\n|-activate|p2a: Wo-Chien|move: Protect\n|\n|-heal|p2a: Wo-Chien|142/277|[from] item: Leftovers\n|-damage|p1a: Duraludon|76/249|[from] Leech Seed|[of] p2a: Wo-Chien\n|-heal|p2a: Wo-Chien|173/277|[silent]\n|upkeep\n|turn|45\n|\n|t:|1782747536\n|move|p1a: Duraludon|Flash Cannon|p2a: Wo-Chien\n|-damage|p2a: Wo-Chien|100/277\n|move|p2a: Wo-Chien|Giga Drain|p1a: Duraludon\n|-resisted|p1a: Duraludon\n|-damage|p1a: Duraludon|49/249\n|-heal|p2a: Wo-Chien|114/277|[from] drain|[of] p1a: Duraludon\n|\n|-heal|p2a: Wo-Chien|131/277|[from] item: Leftovers\n|-damage|p1a: Duraludon|18/249|[from] Leech Seed|[of] p2a: Wo-Chien\n|-heal|p2a: Wo-Chien|162/277|[silent]\n|upkeep\n|turn|46\n|\n|t:|1782747547\n|move|p2a: Wo-Chien|Protect|p2a: Wo-Chien\n|-singleturn|p2a: Wo-Chien|Protect\n|move|p1a: Duraludon|Draco Meteor|p2a: Wo-Chien\n|-activate|p2a: Wo-Chien|move: Protect\n|\n|-heal|p2a: Wo-Chien|179/277|[from] item: Leftovers\n|-damage|p1a: Duraludon|0 fnt|[from] Leech Seed|[of] p2a: Wo-Chien\n|-heal|p2a: Wo-Chien|197/277|[silent]\n|faint|p1a: Duraludon\n|upkeep\n|\n|t:|1782747551\n|switch|p1a: Lokix|Lokix, L82, F|62/251\n|turn|47\n|\n|t:|1782747558\n|move|p1a: Lokix|Knock Off|p2a: Wo-Chien\n|-damage|p2a: Wo-Chien|111/277\n|-enditem|p2a: Wo-Chien|Leftovers|[from] move: Knock Off|[of] p1a: Lokix\n|-damage|p1a: Lokix|37/251|[from] item: Life Orb\n|move|p2a: Wo-Chien|Leech Seed|p1a: Lokix\n|-start|p1a: Lokix|move: Leech Seed\n|\n|-damage|p1a: Lokix|6/251|[from] Leech Seed|[of] p2a: Wo-Chien\n|-heal|p2a: Wo-Chien|142/277|[silent]\n|upkeep\n|turn|48\n|\n|t:|1782747569\n|switch|p1a: Klawf|Klawf, L90, M|272/272\n|move|p2a: Wo-Chien|Protect||[still]\n|-fail|p2a: Wo-Chien\n|\n|upkeep\n|turn|49\n|\n|t:|1782747579\n|move|p1a: Klawf|High Horsepower|p2a: Wo-Chien\n|-supereffective|p2a: Wo-Chien\n|-damage|p2a: Wo-Chien|0 fnt\n|faint|p2a: Wo-Chien\n|\n|upkeep\n|\n|t:|1782747594\n|switch|p2a: Heracross|Heracross, L80, F|259/259\n|-damage|p2a: Heracross|227/259|[from] Stealth Rock\n|-damage|p2a: Heracross|163/259|[from] Spikes\n|turn|50\n|\n|t:|1782747602\n|switch|p1a: Lokix|Lokix, L82, F|6/251\n|move|p2a: Heracross|Close Combat|p1a: Lokix\n|-damage|p1a: Lokix|0 fnt\n|-unboost|p2a: Heracross|def|1\n|-unboost|p2a: Heracross|spd|1\n|faint|p1a: Lokix\n|-ability|p2a: Heracross|Moxie|boost\n|-boost|p2a: Heracross|atk|1\n|\n|upkeep\n|\n|t:|1782747612\n|switch|p1a: Klawf|Klawf, L90, M|272/272\n|turn|51\n|\n|t:|1782747621\n|move|p1a: Klawf|Stone Edge|p2a: Heracross\n|-damage|p2a: Heracross|0 fnt\n|faint|p2a: Heracross\n|\n|upkeep\n|\n|t:|1782747627\n|switch|p2a: Gengar|Gengar, L81, M|179/230\n|-damage|p2a: Gengar|151/230|[from] Stealth Rock\n|-damage|p2a: Gengar|94/230|[from] Spikes\n|turn|52\n|\n|t:|1782747633\n|move|p2a: Gengar|Focus Blast|p1a: Klawf\n|-supereffective|p1a: Klawf\n|-damage|p1a: Klawf|0 fnt\n|faint|p1a: Klawf\n|-damage|p2a: Gengar|71/230|[from] item: Life Orb\n|\n|win|ky8kvikf7c7\n|raw|solvvibee's rating: 1107 &rarr; <strong>1084</strong><br />(-23 for losing)\n|raw|ky8kvikf7c7's rating: 1136 &rarr; <strong>1159</strong><br />(+23 for winning)\n|l|\u2606solvvibee\n|player|p1|\n", "inputlog": ">version f8ac14003a5f27e1bdc8d8c59608a773c1cb96e5\n>start {\"formatid\":\"gen9randombattle\",\"seed\":\"sodium,440997c41b8c0e3702b7f5184f28628a\",\"rated\":\"Rated battle\"}\n>player p1 {\"name\":\"solvvibee\",\"avatar\":\"102\",\"rating\":1107,\"seed\":\"sodium,87d777e0e3feed6cc59f10781284cdd3\"}\n>player p2 {\"name\":\"ky8kvikf7c7\",\"avatar\":\"265\",\"rating\":1136,\"seed\":\"sodium,17246e03a8e210f29bf2e66ae36bed67\"}\n>p1 move moonblast\n>p2 switch 6\n>p1 switch 2\n>p2 move wish\n>p1 move knockoff\n>p2 move protect\n>p1 move knockoff\n>p2 move playrough\n>p1 move firstimpression\n>p2 move protect\n>p1 switch 3\n>p2 move encore\n>p1 move stealthrock terastallize\n>p2 move protect\n>p1 move earthquake\n>p2 move encore\n>p1 switch 4\n>p2 move wish\n>p1 move substitute\n>p2 move playrough\n>p1 move leechseed\n>p2 move playrough\n>p1 move protect\n>p2 switch 5\n>p1 move leechseed\n>p2 move encore\n>p1 move protect\n>p2 move sludgewave\n>p1 switch 4\n>p2 move sludgewave\n>p1 move spikes\n>p2 switch 4\n>p1 switch 6\n>p2 move leechseed\n>p1 move bodypress\n>p2 move protect\n>p1 switch 4\n>p2 move knockoff\n>p1 move leechseed\n>p2 move protect\n>p1 move leechseed\n>p2 move knockoff\n>p1 move hypervoice\n>p2 move knockoff\n>p1 switch 2\n>p1 move mysticalfire\n>p2 move protect\n>p1 move mysticalfire\n>p2 move leechseed\n>p1 move mysticalfire\n>p2 move protect\n>p1 switch 4\n>p2 move knockoff\n>p1 move irondefense\n>p2 move protect\n>p1 move bodypress\n>p2 switch 5\n>p1 move flashcannon\n>p2 move encore\n>p1 switch 6\n>p2 move wish\n>p1 move spikes\n>p2 move playrough\n>p1 switch 4\n>p2 move encore\n>p1 move shadowball\n>p2 move protect\n>p1 move shadowball\n>p2 switch 5\n>p1 switch 4\n>p2 move leechseed\n>p1 move spikes\n>p2 move gigadrain\n>p1 switch 4\n>p1 move moonblast\n>p2 move protect\n>p1 move moonblast\n>p2 switch 5\n>p1 move moonblast\n>p2 move protect\n>p1 move moonblast\n>p2 move wish\n>p2 switch 5\n>p1 move moonblast\n>p2 move knockoff terastallize\n>p1 switch 6\n>p1 move irondefense\n>p2 move leechseed\n>p1 move flashcannon\n>p2 move leechseed\n>p1 move flashcannon\n>p2 move protect\n>p1 move flashcannon\n>p2 move gigadrain\n>p1 move dracometeor\n>p2 move protect\n>p1 switch 3\n>p1 move knockoff\n>p2 move leechseed\n>p1 switch 5\n>p2 move protect\n>p1 move highhorsepower\n>p2 move leechseed\n>p2 switch 3\n>p1 switch 5\n>p2 move closecombat\n>p1 switch 5\n>p1 move stoneedge\n>p2 move closecombat\n>p2 switch 4\n>p1 move stoneedge\n>p2 move focusblast", "uploadtime": 1782747636, "views": 7, "formatid": "gen9randombattle", "rating": 1084, "private": 0, "password": null, "player_dets": [{"name": "solvvibee", "avatar": "102", "rating": 1107, "seed": "sodium,87d777e0e3feed6cc59f10781284cdd3"}, {"name": "ky8kvikf7c7", "avatar": "265", "rating": 1136, "seed": "sodium,17246e03a8e210f29bf2e66ae36bed67"}], "teams_full": [{"Flutter Mane": {"name": "Flutter Mane", "species": "Flutter Mane", "speciesId": "fluttermane", "gender": "N", "shiny": false, "level": 74, "moves": ["moonblast", "psyshock", "shadowball", "mysticalfire"], "ability": "Protosynthesis", "evs": {"hp": 85, "atk": 0, "def": 85, "spa": 85, "spd": 85, "spe": 85}, "ivs": {"hp": 31, "atk": 0, "def": 31, "spa": 31, "spd": 31, "spe": 31}, "item": "Choice Specs", "teraType": "Fairy", "role": "Wallbreaker", "bvs": {"hp": 55, "atk": 55, "def": 55, "spa": 135, "spd": 135, "spe": 135}, "stats": {"hp": 203, "atk": 86, "def": 124, "spa": 243, "spd": 243, "spe": 243}, "types": ["Ghost", "Fairy"]}, "Lokix": {"name": "Lokix", "species": "Lokix", "speciesId": "lokix", "gender": "F", "shiny": false, "level": 82, "moves": ["suckerpunch", "firstimpression", "leechlife", "knockoff"], "ability": "Tinted Lens", "evs": {"hp": 85, "atk": 85, "def": 85, "spa": 85, "spd": 85, "spe": 85}, "ivs": {"hp": 31, "atk": 31, "def": 31, "spa": 31, "spd": 31, "spe": 31}, "item": "Life Orb", "teraType": "Bug", "role": "Wallbreaker", "bvs": {"hp": 71, "atk": 102, "def": 78, "spa": 52, "spd": 55, "spe": 92}, "stats": {"hp": 251, "atk": 214, "def": 175, "spa": 132, "spd": 137, "spe": 198}, "types": ["Bug", "Dark"]}, "Garchomp": {"name": "Garchomp", "species": "Garchomp", "speciesId": "garchomp", "gender": "M", "shiny": false, "level": 74, "moves": ["stealthrock", "outrage", "earthquake", "spikes"], "ability": "Rough Skin", "evs": {"hp": 85, "atk": 85, "def": 85, "spa": 85, "spd": 85, "spe": 85}, "ivs": {"hp": 31, "atk": 31, "def": 31, "spa": 31, "spd": 31, "spe": 31}, "item": "Rocky Helmet", "teraType": "Ground", "role": "Fast Support", "bvs": {"hp": 108, "atk": 130, "def": 95, "spa": 80, "spd": 85, "spe": 102}, "stats": {"hp": 282, "atk": 235, "def": 184, "spa": 161, "spd": 169, "spe": 194}, "types": ["Dragon", "Ground"]}, "Arboliva": {"name": "Arboliva", "species": "Arboliva", "speciesId": "arboliva", "gender": "F", "shiny": false, "level": 91, "moves": ["substitute", "protect", "leechseed", "hypervoice"], "ability": "Harvest", "evs": {"hp": 77, "atk": 0, "def": 85, "spa": 85, "spd": 85, "spe": 85}, "ivs": {"hp": 31, "atk": 0, "def": 31, "spa": 31, "spd": 31, "spe": 31}, "item": "Sitrus Berry", "teraType": "Water", "role": "Bulky Support", "bvs": {"hp": 78, "atk": 69, "def": 90, "spa": 125, "spd": 109, "spe": 39}, "stats": {"hp": 288, "atk": 130, "def": 216, "spa": 279, "spd": 250, "spe": 123}, "types": ["Grass", "Normal"]}, "Klawf": {"name": "Klawf", "species": "Klawf", "speciesId": "klawf", "gender": "M", "shiny": false, "level": 90, "moves": ["stoneedge", "highhorsepower", "knockoff", "crabhammer"], "ability": "Regenerator", "evs": {"hp": 85, "atk": 85, "def": 85, "spa": 85, "spd": 85, "spe": 85}, "ivs": {"hp": 31, "atk": 31, "def": 31, "spa": 31, "spd": 31, "spe": 31}, "item": "Choice Band", "teraType": "Ground", "role": "Fast Attacker", "bvs": {"hp": 70, "atk": 100, "def": 115, "spa": 35, "spd": 55, "spe": 75}, "stats": {"hp": 272, "atk": 231, "def": 258, "spa": 114, "spd": 150, "spe": 186}, "types": ["Rock"]}, "Duraludon": {"name": "Duraludon", "species": "Duraludon", "speciesId": "duraludon", "gender": "F", "shiny": false, "level": 82, "moves": ["irondefense", "flashcannon", "bodypress", "dracometeor"], "ability": "Light Metal", "evs": {"hp": 85, "atk": 0, "def": 85, "spa": 85, "spd": 85, "spe": 85}, "ivs": {"hp": 31, "atk": 0, "def": 31, "spa": 31, "spd": 31, "spe": 31}, "item": "Eviolite", "teraType": "Fighting", "role": "Bulky Attacker", "bvs": {"hp": 70, "atk": 95, "def": 115, "spa": 120, "spd": 50, "spe": 85}, "stats": {"hp": 249, "atk": 160, "def": 236, "spa": 244, "spd": 129, "spe": 187}, "types": ["Steel", "Dragon"]}}, {"Crabominable": {"name": "Crabominable", "species": "Crabominable", "speciesId": "crabominable", "gender": "F", "shiny": false, "level": 90, "moves": ["gunkshot", "closecombat", "icehammer", "earthquake"], "ability": "Iron Fist", "evs": {"hp": 85, "atk": 85, "def": 85, "spa": 85, "spd": 85, "spe": 85}, "ivs": {"hp": 31, "atk": 31, "def": 31, "spa": 31, "spd": 31, "spe": 31}, "item": "Choice Band", "teraType": "Ground", "role": "Wallbreaker", "bvs": {"hp": 97, "atk": 132, "def": 77, "spa": 62, "spd": 67, "spe": 43}, "stats": {"hp": 321, "atk": 289, "def": 190, "spa": 163, "spd": 172, "spe": 129}, "types": ["Fighting", "Ice"]}, "Veluza": {"name": "Veluza", "species": "Veluza", "speciesId": "veluza", "gender": "M", "shiny": false, "level": 85, "moves": ["psychocut", "nightslash", "filletaway", "aquacutter"], "ability": "Sharpness", "evs": {"hp": 85, "atk": 85, "def": 85, "spa": 85, "spd": 85, "spe": 85}, "ivs": {"hp": 31, "atk": 31, "def": 31, "spa": 31, "spd": 31, "spe": 31}, "item": "Sitrus Berry", "teraType": "Water", "role": "Setup Sweeper", "bvs": {"hp": 90, "atk": 102, "def": 73, "spa": 78, "spd": 65, "spe": 70}, "stats": {"hp": 292, "atk": 222, "def": 173, "spa": 181, "spd": 159, "spe": 168}, "types": ["Water", "Psychic"]}, "Heracross": {"name": "Heracross", "species": "Heracross", "speciesId": "heracross", "gender": "F", "shiny": false, "level": 80, "moves": ["megahorn", "knockoff", "stoneedge", "closecombat"], "ability": "Moxie", "evs": {"hp": 85, "atk": 85, "def": 85, "spa": 85, "spd": 85, "spe": 85}, "ivs": {"hp": 31, "atk": 31, "def": 31, "spa": 31, "spd": 31, "spe": 31}, "item": "Choice Band", "teraType": "Bug", "role": "Fast Attacker", "bvs": {"hp": 80, "atk": 125, "def": 75, "spa": 40, "spd": 95, "spe": 85}, "stats": {"hp": 259, "atk": 246, "def": 166, "spa": 110, "spd": 198, "spe": 182}, "types": ["Bug", "Fighting"]}, "Wo-Chien": {"name": "Wo-Chien", "species": "Wo-Chien", "speciesId": "wochien", "gender": "N", "shiny": false, "level": 83, "moves": ["knockoff", "gigadrain", "protect", "leechseed"], "ability": "Tablets of Ruin", "evs": {"hp": 85, "atk": 85, "def": 85, "spa": 85, "spd": 85, "spe": 85}, "ivs": {"hp": 31, "atk": 31, "def": 31, "spa": 31, "spd": 31, "spe": 31}, "item": "Leftovers", "teraType": "Poison", "role": "Bulky Support", "bvs": {"hp": 85, "atk": 85, "def": 100, "spa": 95, "spd": 135, "spe": 70}, "stats": {"hp": 277, "atk": 189, "def": 214, "spa": 205, "spd": 272, "spe": 164}, "types": ["Dark", "Grass"]}, "Gengar": {"name": "Gengar", "species": "Gengar", "speciesId": "gengar", "gender": "M", "shiny": false, "level": 81, "moves": ["sludgewave", "focusblast", "encore", "shadowball"], "ability": "Cursed Body", "evs": {"hp": 85, "atk": 0, "def": 85, "spa": 85, "spd": 85, "spe": 85}, "ivs": {"hp": 31, "atk": 0, "def": 31, "spa": 31, "spd": 31, "spe": 31}, "item": "Life Orb", "teraType": "Ghost", "role": "Fast Attacker", "bvs": {"hp": 60, "atk": 65, "def": 60, "spa": 130, "spd": 75, "spe": 110}, "stats": {"hp": 230, "atk": 110, "def": 144, "spa": 257, "spd": 168, "spe": 225}, "types": ["Ghost", "Poison"]}, "Scream Tail": {"name": "Scream Tail", "species": "Scream Tail", "speciesId": "screamtail", "gender": "N", "shiny": false, "level": 84, "moves": ["wish", "encore", "playrough", "protect"], "ability": "Protosynthesis", "evs": {"hp": 85, "atk": 85, "def": 85, "spa": 85, "spd": 85, "spe": 85}, "ivs": {"hp": 31, "atk": 31, "def": 31, "spa": 31, "spd": 31, "spe": 31}, "item": "Leftovers", "teraType": "Poison", "role": "Bulky Support", "bvs": {"hp": 115, "atk": 65, "def": 99, "spa": 65, "spd": 115, "spe": 111}, "stats": {"hp": 330, "atk": 157, "def": 215, "spa": 157, "spd": 241, "spe": 235}, "types": ["Fairy", "Psychic"]}}]}